|j|☆PhyroxFurry
|j|☆kurt_d2
|t:|1760769427
|gametype|singles
|player|p1|PhyroxFurry|n|1191
|player|p2|kurt_d2|265|1185
|gen|9
|tier|[Gen 9] OU
|rated|
|rule|HP Percentage Mod: HP is shown in percentages
|rule|Endless Battle Clause: Forcing endless battles is banned
|rule|Species Clause: Limit one of each Pokémon
|rule|OHKO Clause: OHKO moves are banned
|rule|Evasion Items Clause: Evasion items are banned
|rule|Evasion Moves Clause: Evasion moves are banned
|rule|Evasion Abilities Clause: Evasion abilities are banned
|rule|Sleep Moves Clause: Sleep-inducing moves are banned
|clearpoke
|poke|p1|Zoroark-Hisui, F|
|poke|p1|Iron Treads|
|poke|p1|Enamorus, F|
|poke|p1|Toxapex, F|
|poke|p1|Umbreon, M|
|poke|p1|Walking Wake|
|poke|p2|Dudunsparce-*, F|
|poke|p2|Serperior, F|
|poke|p2|Gyarados, M|
|poke|p2|Lokix, M|
|poke|p2|Electivire, F|
|poke|p2|Ninetales-Alola, F|
|teampreview
|inactive|Battle timer is ON: inactive players will automatically lose when time's up. (requested by kurt_d2)
|c|☆PhyroxFurry|good luck nwn
|
|t:|1760769457
|teamsize|p1|6
|teamsize|p2|6
|start
|switch|p1a: Iron Treads|Iron Treads|100/100
|switch|p2a: Dudunsparce|Dudunsparce-Three-Segment, F|100/100
|turn|1
|
|t:|1760769463
|move|p1a: Iron Treads|Focus Blast|p2a: Dudunsparce
|-supereffective|p2a: Dudunsparce
|-damage|p2a: Dudunsparce|0 fnt
|faint|p2a: Dudunsparce
|
|upkeep
|
|t:|1760769470
|switch|p2a: Serperior|Serperior, F|100/100
|turn|2
|
|t:|1760769477
|switch|p1a: Enamorus|Enamorus, F|100/100
|move|p2a: Serperior|Substitute|p2a: Serperior
|-start|p2a: Serperior|Substitute
|-damage|p2a: Serperior|76/100
|
|-heal|p2a: Serperior|82/100|[from] item: Leftovers
|upkeep
|turn|3
|
|t:|1760769486
|move|p2a: Serperior|Leaf Storm|p1a: Enamorus
|-resisted|p1a: Enamorus
|-damage|p1a: Enamorus|64/100
|-boost|p2a: Serperior|spa|2
|move|p1a: Enamorus|Superpower|p2a: Serperior
|-end|p2a: Serperior|Substitute
|-boost|p1a: Enamorus|atk|1
|-boost|p1a: Enamorus|def|1
|-damage|p1a: Enamorus|54/100|[from] item: Life Orb
|
|-heal|p2a: Serperior|88/100|[from] item: Leftovers
|upkeep
|turn|4
|
|t:|1760769502
|move|p2a: Serperior|Leaf Storm|p1a: Enamorus
|-resisted|p1a: Enamorus
|-damage|p1a: Enamorus|0 fnt
|-boost|p2a: Serperior|spa|2
|faint|p1a: Enamorus
|
|-heal|p2a: Serperior|94/100|[from] item: Leftovers
|upkeep
|
|t:|1760769515
|switch|p1a: Walking Wake|Walking Wake|100/100
|turn|5
|
|t:|1760769526
|move|p1a: Walking Wake|Flamethrower|p2a: Serperior
|-supereffective|p2a: Serperior
|-damage|p2a: Serperior|8/100
|move|p2a: Serperior|Leaf Storm|p1a: Walking Wake
|-damage|p1a: Walking Wake|0 fnt
|-boost|p2a: Serperior|spa|2
|faint|p1a: Walking Wake
|-end|p1a: Walking Wake|Protosynthesis|[silent]
|
|-heal|p2a: Serperior|14/100|[from] item: Leftovers
|upkeep
|
|t:|1760769536
|switch|p1a: Iron Treads|Iron Treads|100/100
|turn|6
|
|t:|1760769547
|-terastallize|p2a: Serperior|Water
|move|p2a: Serperior|Tera Blast|p1a: Iron Treads|[anim] Tera Blast Water
|-damage|p1a: Iron Treads|0 fnt
|replace|p1a: Akari~Kitsuki ♥w♥|Zoroark-Hisui, F, shiny
|-end|p1a: Akari~Kitsuki ♥w♥|Illusion
|faint|p1a: Akari~Kitsuki ♥w♥
|
|-heal|p2a: Serperior|20/100|[from] item: Leftovers
|upkeep
|
|t:|1760769557
|switch|p1a: Toxapex|Toxapex, F, shiny|100/100
|turn|7
|
|t:|1760769562
|move|p2a: Serperior|Leaf Storm|p1a: Toxapex
|-damage|p1a: Toxapex|0 fnt
|faint|p1a: Toxapex
|
|-heal|p2a: Serperior|26/100|[from] item: Leftovers
|upkeep
|c|☆PhyroxFurry|gg
|
|t:|1760769569
|switch|p1a: Yugata~Hoshi♥|Umbreon, M|100/100
|turn|8
|
|t:|1760769577
|move|p2a: Serperior|Tera Blast|p1a: Yugata~Hoshi♥|[anim] Tera Blast Water
|-damage|p1a: Yugata~Hoshi♥|28/100
|move|p1a: Yugata~Hoshi♥|Foul Play|p2a: Serperior
|-crit|p2a: Serperior
|-damage|p2a: Serperior|0 fnt
|faint|p2a: Serperior
|
|-heal|p1a: Yugata~Hoshi♥|34/100|[from] item: Leftovers
|upkeep
|
|t:|1760769588
|switch|p2a: Electivire|Electivire, F|100/100
|turn|9
|
|t:|1760769594
|-terastallize|p1a: Yugata~Hoshi♥|Ghost
|move|p2a: Electivire|Brick Break|p1a: Yugata~Hoshi♥
|-immune|p1a: Yugata~Hoshi♥
|move|p1a: Yugata~Hoshi♥|Wish|p1a: Yugata~Hoshi♥
|
|-heal|p1a: Yugata~Hoshi♥|40/100|[from] item: Leftovers
|upkeep
|turn|10
|
|t:|1760769604
|move|p1a: Yugata~Hoshi♥|Protect|p1a: Yugata~Hoshi♥
|-singleturn|p1a: Yugata~Hoshi♥|Protect
|move|p2a: Electivire|Thunder Punch|p1a: Yugata~Hoshi♥
|-activate|p1a: Yugata~Hoshi♥|move: Protect
|
|-heal|p1a: Yugata~Hoshi♥|90/100|[from] move: Wish|[wisher] Yugata~Hoshi♥
|-heal|p1a: Yugata~Hoshi♥|96/100|[from] item: Leftovers
|upkeep
|turn|11
|
|t:|1760769614
|move|p2a: Electivire|Thunder Punch|p1a: Yugata~Hoshi♥
|-damage|p1a: Yugata~Hoshi♥|61/100
|-damage|p2a: Electivire|91/100|[from] item: Life Orb
|move|p1a: Yugata~Hoshi♥|Wish|p1a: Yugata~Hoshi♥
|
|-heal|p1a: Yugata~Hoshi♥|67/100|[from] item: Leftovers
|upkeep
|turn|12
|
|t:|1760769623
|switch|p2a: Gyarados|Gyarados, M|100/100
|-ability|p2a: Gyarados|Intimidate|boost
|-unboost|p1a: Yugata~Hoshi♥|atk|1
|move|p1a: Yugata~Hoshi♥|Foul Play|p2a: Gyarados
|-damage|p2a: Gyarados|39/100
|
|-heal|p1a: Yugata~Hoshi♥|100/100|[from] move: Wish|[wisher] Yugata~Hoshi♥
|-heal|p2a: Gyarados|45/100|[from] item: Leftovers
|upkeep
|turn|13
|
|t:|1760769636
|move|p2a: Gyarados|Waterfall|p1a: Yugata~Hoshi♥
|-damage|p1a: Yugata~Hoshi♥|73/100
|cant|p1a: Yugata~Hoshi♥|flinch
|
|-heal|p2a: Gyarados|51/100|[from] item: Leftovers
|-heal|p1a: Yugata~Hoshi♥|79/100|[from] item: Leftovers
|upkeep
|turn|14
|
|t:|1760769644
|move|p2a: Gyarados|Waterfall|p1a: Yugata~Hoshi♥
|-damage|p1a: Yugata~Hoshi♥|52/100
|move|p1a: Yugata~Hoshi♥|Foul Play|p2a: Gyarados
|-damage|p2a: Gyarados|0 fnt
|faint|p2a: Gyarados
|
|-heal|p1a: Yugata~Hoshi♥|58/100|[from] item: Leftovers
|upkeep
|
|t:|1760769654
|switch|p2a: Lokix|Lokix, M|100/100
|turn|15
|
|t:|1760769658
|move|p2a: Lokix|Knock Off|p1a: Yugata~Hoshi♥
|-supereffective|p1a: Yugata~Hoshi♥
|-damage|p1a: Yugata~Hoshi♥|0 fnt
|-enditem|p1a: Yugata~Hoshi♥|Leftovers|[from] move: Knock Off|[of] p2a: Lokix
|faint|p1a: Yugata~Hoshi♥
|-damage|p2a: Lokix|91/100|[from] item: Life Orb
|
|upkeep
|
|t:|1760769664
|switch|p1a: Iron Treads|Iron Treads|100/100
|turn|16
|
|t:|1760769668
|move|p1a: Iron Treads|Rapid Spin|p2a: Lokix
|-damage|p2a: Lokix|68/100
|-boost|p1a: Iron Treads|spe|1
|move|p2a: Lokix|Knock Off|p1a: Iron Treads
|-damage|p1a: Iron Treads|49/100
|-enditem|p1a: Iron Treads|Assault Vest|[from] move: Knock Off|[of] p2a: Lokix
|-damage|p2a: Lokix|58/100|[from] item: Life Orb
|
|upkeep
|turn|17
|
|t:|1760769680
|move|p1a: Iron Treads|Earthquake|p2a: Lokix
|-resisted|p2a: Lokix
|-damage|p2a: Lokix|28/100
|move|p2a: Lokix|Leech Life|p1a: Iron Treads
|-resisted|p1a: Iron Treads
|-damage|p1a: Iron Treads|8/100
|-heal|p2a: Lokix|52/100|[from] drain|[of] p1a: Iron Treads
|-damage|p2a: Lokix|42/100|[from] item: Life Orb
|
|upkeep
|turn|18
|
|t:|1760769691
|switch|p2a: Electivire|Electivire, F|91/100
|move|p1a: Iron Treads|Earthquake|p2a: Electivire
|-supereffective|p2a: Electivire
|-damage|p2a: Electivire|0 fnt
|faint|p2a: Electivire
|
|upkeep
|
|t:|1760769699
|switch|p2a: Lokix|Lokix, M|42/100
|turn|19
|
|t:|1760769703
|move|p2a: Lokix|First Impression|p1a: Iron Treads
|-resisted|p1a: Iron Treads
|-damage|p1a: Iron Treads|0 fnt
|faint|p1a: Iron Treads
|-end|p1a: Iron Treads|Quark Drive|[silent]
|-damage|p2a: Lokix|32/100|[from] item: Life Orb
|
|win|kurt_d2
|raw|PhyroxFurry's rating: 1191 &rarr; <strong>1166</strong><br />(-25 for losing)
|raw|kurt_d2's rating: 1185 &rarr; <strong>1210</strong><br />(+25 for winning)
|l|☆PhyroxFurry
|player|p1|
|l|☆kurt_d2
|player|p2|
