|j|☆nmx123
|j|☆Box2DaLeft
|t:|1760757047
|gametype|singles
|player|p1|nmx123|265|1662
|player|p2|Box2DaLeft|pokefanf-gen4|1636
|gen|9
|tier|[Gen 9] OU
|rated|
|rule|HP Percentage Mod: HP is shown in percentages
|rule|Endless Battle Clause: Forcing endless battles is banned
|rule|Species Clause: Limit one of each Pokémon
|rule|OHKO Clause: OHKO moves are banned
|rule|Evasion Items Clause: Evasion items are banned
|rule|Evasion Moves Clause: Evasion moves are banned
|rule|Evasion Abilities Clause: Evasion abilities are banned
|rule|Sleep Moves Clause: Sleep-inducing moves are banned
|clearpoke
|poke|p1|Dragonite, M|
|poke|p1|Zamazenta-*|
|poke|p1|Gholdengo|
|poke|p1|Raging Bolt|
|poke|p1|Great Tusk|
|poke|p1|Alomomola, F|
|poke|p2|Great Tusk|
|poke|p2|Zapdos|
|poke|p2|Munkidori, M|
|poke|p2|Cinderace, F|
|poke|p2|Scizor, F|
|poke|p2|Ogerpon-Wellspring, F|
|teampreview
|inactive|Battle timer is ON: inactive players will automatically lose when time's up. (requested by nmx123)
|
|t:|1760757064
|teamsize|p1|6
|teamsize|p2|6
|start
|switch|p1a: Raging Bolt|Raging Bolt|100/100
|switch|p2a: Agent Monkee|Munkidori, M|100/100
|turn|1
|
|t:|1760757078
|move|p2a: Agent Monkee|U-turn|p1a: Raging Bolt
|-damage|p1a: Raging Bolt|91/100
|-status|p1a: Raging Bolt|tox|[from] ability: Toxic Chain|[of] p2a: Agent Monkee
|
|t:|1760757083
|switch|p2a: Zapdos|Zapdos|100/100|[from] U-turn
|move|p1a: Raging Bolt|Thunderbolt|p2a: Zapdos
|-damage|p2a: Zapdos|56/100
|-damage|p1a: Raging Bolt|81/100 tox|[from] item: Life Orb
|
|-damage|p1a: Raging Bolt|75/100 tox|[from] psn
|upkeep
|turn|2
|
|t:|1760757091
|move|p2a: Zapdos|Roost|p2a: Zapdos
|-heal|p2a: Zapdos|100/100
|-singleturn|p2a: Zapdos|move: Roost
|move|p1a: Raging Bolt|Draco Meteor|p2a: Zapdos
|-damage|p2a: Zapdos|33/100
|-unboost|p1a: Raging Bolt|spa|2
|-damage|p1a: Raging Bolt|65/100 tox|[from] item: Life Orb
|
|-damage|p1a: Raging Bolt|52/100 tox|[from] psn
|upkeep
|turn|3
|
|t:|1760757098
|-end|p1a: Raging Bolt|Protosynthesis|[silent]
|switch|p1a: Gholdengo|Gholdengo|100/100
|move|p2a: Zapdos|Roost|p2a: Zapdos
|-heal|p2a: Zapdos|83/100
|-singleturn|p2a: Zapdos|move: Roost
|
|upkeep
|turn|4
|
|t:|1760757108
|move|p1a: Gholdengo|Trick|p2a: Zapdos
|-activate|p1a: Gholdengo|move: Trick|[of] p2a: Zapdos
|-item|p2a: Zapdos|Choice Scarf|[from] move: Trick
|-item|p1a: Gholdengo|Heavy-Duty Boots|[from] move: Trick
|move|p2a: Zapdos|Volt Switch|p1a: Gholdengo
|-damage|p1a: Gholdengo|65/100
|
|t:|1760757118
|switch|p2a: Agent Monkee|Munkidori, M|100/100|[from] Volt Switch
|
|upkeep
|turn|5
|
|t:|1760757123
|move|p2a: Agent Monkee|Shadow Ball|p1a: Gholdengo
|-supereffective|p1a: Gholdengo
|-damage|p1a: Gholdengo|0 fnt
|faint|p1a: Gholdengo
|
|upkeep
|
|t:|1760757131
|switch|p1a: Dragonite|Dragonite, M|100/100
|turn|6
|
|t:|1760757138
|move|p2a: Agent Monkee|Shadow Ball|p1a: Dragonite
|-damage|p1a: Dragonite|82/100
|move|p1a: Dragonite|Earthquake|p2a: Agent Monkee
|-supereffective|p2a: Agent Monkee
|-damage|p2a: Agent Monkee|0 fnt
|faint|p2a: Agent Monkee
|
|upkeep
|
|t:|1760757147
|switch|p2a: Great Tusk|Great Tusk|100/100
|turn|7
|
|t:|1760757153
|switch|p1a: Zamazenta|Zamazenta|100/100
|-ability|p1a: Zamazenta|Dauntless Shield|boost
|-boost|p1a: Zamazenta|def|1
|move|p2a: Great Tusk|Ice Spinner|p1a: Zamazenta
|-damage|p1a: Zamazenta|89/100
|
|-heal|p1a: Zamazenta|95/100|[from] item: Leftovers
|upkeep
|turn|8
|
|t:|1760757161
|-end|p2a: Great Tusk|Protosynthesis|[silent]
|switch|p2a: Zapdos|Zapdos|83/100
|move|p1a: Zamazenta|Body Press|p2a: Zapdos
|-resisted|p2a: Zapdos
|-damage|p2a: Zapdos|54/100
|
|-heal|p1a: Zamazenta|100/100|[from] item: Leftovers
|upkeep
|turn|9
|
|t:|1760757172
|switch|p1a: Great Tusk|Great Tusk|100/100
|move|p2a: Zapdos|Hurricane|p1a: Great Tusk
|-supereffective|p1a: Great Tusk
|-damage|p1a: Great Tusk|23/100
|
|upkeep
|turn|10
|
|t:|1760757177
|-end|p1a: Great Tusk|Protosynthesis|[silent]
|switch|p1a: Alomomola|Alomomola, F|100/100
|move|p2a: Zapdos|Hurricane|p1a: Alomomola
|-damage|p1a: Alomomola|68/100
|
|upkeep
|turn|11
|
|t:|1760757184
|switch|p2a: Auska|Ogerpon-Wellspring, F|100/100
|move|p1a: Alomomola|Wish|p1a: Alomomola
|
|upkeep
|turn|12
|j| Ctannn
|
|t:|1760757193
|switch|p1a: Dragonite|Dragonite, M|82/100
|move|p2a: Auska|U-turn|p1a: Dragonite
|-resisted|p1a: Dragonite
|-damage|p1a: Dragonite|68/100
|inactive|Box2DaLeft has 120 seconds left.
|
|t:|1760757237
|switch|p2a: Great Tusk|Great Tusk|100/100|[from] U-turn
|
|-heal|p1a: Dragonite|100/100|[from] move: Wish|[wisher] Alomomola
|upkeep
|turn|13
|inactive|nmx123 has 120 seconds left.
|
|t:|1760757271
|-end|p2a: Great Tusk|Protosynthesis|[silent]
|switch|p2a: Zapdos|Zapdos|54/100
|switch|p1a: Zamazenta|Zamazenta|100/100
|
|upkeep
|turn|14
|inactive|Box2DaLeft has 120 seconds left.
|
|t:|1760757281
|switch|p1a: Raging Bolt|Raging Bolt|52/100 tox
|move|p2a: Zapdos|Volt Switch|p1a: Raging Bolt
|-resisted|p1a: Raging Bolt
|-damage|p1a: Raging Bolt|47/100 tox
|
|t:|1760757300
|switch|p2a: Cinderace|Cinderace, F|100/100|[from] Volt Switch
|
|-damage|p1a: Raging Bolt|41/100 tox|[from] psn
|upkeep
|turn|15
|
|t:|1760757304
|move|p2a: Cinderace|U-turn|p1a: Raging Bolt
|-start|p2a: Cinderace|typechange|Bug|[from] ability: Libero
|-damage|p1a: Raging Bolt|19/100 tox
|
|t:|1760757308
|switch|p2a: Scizor|Scizor, F, shiny|100/100|[from] U-turn
|move|p1a: Raging Bolt|Draco Meteor|p2a: Scizor
|-resisted|p2a: Scizor
|-damage|p2a: Scizor|23/100
|-unboost|p1a: Raging Bolt|spa|2
|-damage|p1a: Raging Bolt|9/100 tox|[from] item: Life Orb
|
|-damage|p1a: Raging Bolt|0 fnt|[from] psn
|faint|p1a: Raging Bolt
|-end|p1a: Raging Bolt|Protosynthesis|[silent]
|upkeep
|
|t:|1760757317
|switch|p1a: Alomomola|Alomomola, F|100/100
|turn|16
|
|t:|1760757322
|switch|p2a: Auska|Ogerpon-Wellspring, F|100/100
|move|p1a: Alomomola|Wish|p1a: Alomomola
|
|upkeep
|turn|17
|
|t:|1760757326
|switch|p1a: Dragonite|Dragonite, M|100/100
|move|p2a: Auska|Ivy Cudgel|p1a: Dragonite|[anim] Ivy Cudgel Water
|-resisted|p1a: Dragonite
|-damage|p1a: Dragonite|86/100
|
|-heal|p1a: Dragonite|100/100|[from] move: Wish|[wisher] Alomomola
|upkeep
|turn|18
|
|t:|1760757333
|-terastallize|p1a: Dragonite|Normal
|move|p1a: Dragonite|Extreme Speed|p2a: Auska
|-damage|p2a: Auska|10/100
|move|p2a: Auska|U-turn|p1a: Dragonite
|-damage|p1a: Dragonite|87/100
|
|t:|1760757350
|switch|p2a: Great Tusk|Great Tusk|100/100|[from] U-turn
|
|upkeep
|turn|19
|
|t:|1760757359
|switch|p1a: Zamazenta|Zamazenta|100/100
|move|p2a: Great Tusk|Bulk Up|p2a: Great Tusk
|-boost|p2a: Great Tusk|atk|1
|-boost|p2a: Great Tusk|def|1
|
|upkeep
|turn|20
|
|t:|1760757363
|-end|p2a: Great Tusk|Protosynthesis|[silent]
|switch|p2a: Zapdos|Zapdos|54/100
|move|p1a: Zamazenta|Iron Defense|p1a: Zamazenta
|-boost|p1a: Zamazenta|def|2
|
|upkeep
|turn|21
|
|t:|1760757368
|switch|p1a: Alomomola|Alomomola, F|100/100
|move|p2a: Zapdos|Hurricane|p1a: Alomomola
|-damage|p1a: Alomomola|66/100
|
|upkeep
|turn|22
|
|t:|1760757394
|move|p2a: Zapdos|Hurricane|p1a: Alomomola|[miss]
|-miss|p2a: Zapdos|p1a: Alomomola
|move|p1a: Alomomola|Wish|p1a: Alomomola
|
|upkeep
|turn|23
|
|t:|1760757400
|switch|p2a: Auska|Ogerpon-Wellspring, F|10/100
|switch|p1a: Dragonite|Dragonite, M, tera:Normal|87/100
|
|-heal|p1a: Dragonite|100/100|[from] move: Wish|[wisher] Alomomola
|upkeep
|turn|24
|
|t:|1760757405
|switch|p2a: Great Tusk|Great Tusk|100/100
|move|p1a: Dragonite|Extreme Speed|p2a: Great Tusk
|-damage|p2a: Great Tusk|66/100
|
|-heal|p2a: Great Tusk|72/100|[from] item: Leftovers
|upkeep
|turn|25
|
|t:|1760757415
|switch|p1a: Great Tusk|Great Tusk|23/100
|move|p2a: Great Tusk|Earthquake|p1a: Great Tusk
|-damage|p1a: Great Tusk|0 fnt
|faint|p1a: Great Tusk
|-end|p1a: Great Tusk|Protosynthesis|[silent]
|
|-heal|p2a: Great Tusk|78/100|[from] item: Leftovers
|upkeep
|
|t:|1760757420
|switch|p1a: Zamazenta|Zamazenta|100/100
|turn|26
|
|t:|1760757424
|-end|p2a: Great Tusk|Protosynthesis|[silent]
|switch|p2a: Zapdos|Zapdos|54/100
|move|p1a: Zamazenta|Body Press|p2a: Zapdos
|-resisted|p2a: Zapdos
|-damage|p2a: Zapdos|34/100
|
|upkeep
|turn|27
|
|t:|1760757434
|move|p1a: Zamazenta|Substitute|p1a: Zamazenta
|-start|p1a: Zamazenta|Substitute
|-damage|p1a: Zamazenta|76/100
|move|p2a: Zapdos|Roost|p2a: Zapdos
|-heal|p2a: Zapdos|84/100
|-singleturn|p2a: Zapdos|move: Roost
|
|-heal|p1a: Zamazenta|82/100|[from] item: Leftovers
|upkeep
|turn|28
|
|t:|1760757439
|switch|p2a: Great Tusk|Great Tusk|78/100
|move|p1a: Zamazenta|Iron Defense|p1a: Zamazenta
|-boost|p1a: Zamazenta|def|2
|
|-heal|p1a: Zamazenta|88/100|[from] item: Leftovers
|-heal|p2a: Great Tusk|85/100|[from] item: Leftovers
|upkeep
|turn|29
|
|t:|1760757446
|-end|p2a: Great Tusk|Protosynthesis|[silent]
|switch|p2a: Zapdos|Zapdos|84/100
|move|p1a: Zamazenta|Iron Defense|p1a: Zamazenta
|-boost|p1a: Zamazenta|def|2
|
|-heal|p1a: Zamazenta|94/100|[from] item: Leftovers
|upkeep
|turn|30
|
|t:|1760757461
|move|p1a: Zamazenta|Body Press|p2a: Zapdos
|-resisted|p2a: Zapdos
|-damage|p2a: Zapdos|23/100
|move|p2a: Zapdos|Hurricane|p1a: Zamazenta|[miss]
|-miss|p2a: Zapdos|p1a: Zamazenta
|
|-heal|p1a: Zamazenta|99/100|[from] item: Leftovers
|upkeep
|turn|31
|
|t:|1760757466
|move|p1a: Zamazenta|Body Press|p2a: Zapdos
|-resisted|p2a: Zapdos
|-damage|p2a: Zapdos|0 fnt
|-status|p1a: Zamazenta|par|[from] ability: Static|[of] p2a: Zapdos
|faint|p2a: Zapdos
|
|-heal|p1a: Zamazenta|100/100 par|[from] item: Leftovers
|upkeep
|
|t:|1760757482
|switch|p2a: Great Tusk|Great Tusk|85/100
|turn|32
|
|t:|1760757484
|move|p2a: Great Tusk|Bulk Up|p2a: Great Tusk
|-boost|p2a: Great Tusk|atk|1
|-boost|p2a: Great Tusk|def|1
|move|p1a: Zamazenta|Body Press|p2a: Great Tusk
|-damage|p2a: Great Tusk|48/100
|
|-heal|p2a: Great Tusk|55/100|[from] item: Leftovers
|upkeep
|turn|33
|
|t:|1760757491
|move|p2a: Great Tusk|Bulk Up|p2a: Great Tusk
|-boost|p2a: Great Tusk|atk|1
|-boost|p2a: Great Tusk|def|1
|cant|p1a: Zamazenta|par
|
|-heal|p2a: Great Tusk|61/100|[from] item: Leftovers
|upkeep
|turn|34
|
|t:|1760757506
|move|p2a: Great Tusk|Bulk Up|p2a: Great Tusk
|-boost|p2a: Great Tusk|atk|1
|-boost|p2a: Great Tusk|def|1
|move|p1a: Zamazenta|Body Press|p2a: Great Tusk
|-damage|p2a: Great Tusk|40/100
|
|-heal|p2a: Great Tusk|46/100|[from] item: Leftovers
|upkeep
|turn|35
|
|t:|1760757514
|move|p2a: Great Tusk|Bulk Up|p2a: Great Tusk
|-boost|p2a: Great Tusk|atk|1
|-boost|p2a: Great Tusk|def|1
|move|p1a: Zamazenta|Iron Defense|p1a: Zamazenta
|-boost|p1a: Zamazenta|def|2
|
|-heal|p2a: Great Tusk|52/100|[from] item: Leftovers
|upkeep
|turn|36
|
|t:|1760757516
|move|p2a: Great Tusk|Bulk Up|p2a: Great Tusk
|-boost|p2a: Great Tusk|atk|1
|-boost|p2a: Great Tusk|def|1
|move|p1a: Zamazenta|Body Press|p2a: Great Tusk
|-crit|p2a: Great Tusk
|-damage|p2a: Great Tusk|0 fnt
|faint|p2a: Great Tusk
|-end|p2a: Great Tusk|Protosynthesis|[silent]
|
|upkeep
|-message|Box2DaLeft forfeited.
|
|win|nmx123
|raw|nmx123's rating: 1662 &rarr; <strong>1680</strong><br />(+18 for winning)
|raw|Box2DaLeft's rating: 1629 &rarr; <strong>1611</strong><br />(-18 for losing)
|l|☆Box2DaLeft
|player|p2|
|l|☆nmx123
|player|p1|
