|j|☆p0lt
|j|☆Ho3nConfirm3d
|t:|1760825881
|gametype|singles
|player|p1|p0lt|#agplivlionsden|1825
|player|p2|Ho3nConfirm3d|#scl5shoguns|1769
|gen|9
|tier|[Gen 9] OU
|rated|
|rule|HP Percentage Mod: HP is shown in percentages
|rule|Endless Battle Clause: Forcing endless battles is banned
|rule|Species Clause: Limit one of each Pokémon
|rule|OHKO Clause: OHKO moves are banned
|rule|Evasion Items Clause: Evasion items are banned
|rule|Evasion Moves Clause: Evasion moves are banned
|rule|Evasion Abilities Clause: Evasion abilities are banned
|rule|Sleep Moves Clause: Sleep-inducing moves are banned
|clearpoke
|poke|p1|Gholdengo|
|poke|p1|Zamazenta-*|
|poke|p1|Ting-Lu|
|poke|p1|Clefable, F|
|poke|p1|Dragonite, M|
|poke|p1|Deoxys-Speed|
|poke|p2|Iron Boulder|
|poke|p2|Iron Valiant|
|poke|p2|Gholdengo|
|poke|p2|Ninetales-Alola, M|
|poke|p2|Glimmora, M|
|poke|p2|Dragonite, F|
|teampreview
|inactive|Battle timer is ON: inactive players will automatically lose when time's up. (requested by p0lt)
|c|☆p0lt|hf
|j| parabola22
|
|t:|1760825911
|teamsize|p1|6
|teamsize|p2|6
|start
|switch|p1a: Gholdengo|Gholdengo|100/100
|switch|p2a: Iron Valiant|Iron Valiant|100/100
|-enditem|p2a: Iron Valiant|Booster Energy
|-activate|p2a: Iron Valiant|ability: Quark Drive|[fromitem]
|-start|p2a: Iron Valiant|quarkdrivespe
|turn|1
|
|t:|1760825933
|move|p2a: Iron Valiant|Knock Off|p1a: Gholdengo
|-supereffective|p1a: Gholdengo
|-damage|p1a: Gholdengo|53/100
|-enditem|p1a: Gholdengo|Heavy-Duty Boots|[from] move: Knock Off|[of] p2a: Iron Valiant
|move|p1a: Gholdengo|Make It Rain|p2a: Iron Valiant
|-supereffective|p2a: Iron Valiant
|-damage|p2a: Iron Valiant|0 fnt
|-unboost|p1a: Gholdengo|spa|1
|faint|p2a: Iron Valiant
|-end|p2a: Iron Valiant|Quark Drive|[silent]
|
|upkeep
|j| kinhojoker
|
|t:|1760825949
|switch|p2a: Glimmora|Glimmora, M|100/100
|turn|2
|
|t:|1760825953
|switch|p1a: Ting-Lu|Ting-Lu|100/100
|-ability|p1a: Ting-Lu|Vessel of Ruin
|move|p2a: Glimmora|Earth Power|p1a: Ting-Lu
|-damage|p1a: Ting-Lu|88/100
|
|-heal|p1a: Ting-Lu|94/100|[from] item: Leftovers
|upkeep
|turn|3
|
|t:|1760825956
|switch|p2a: Ninetales|Ninetales-Alola, M|100/100
|-weather|Snowscape|[from] ability: Snow Warning|[of] p2a: Ninetales
|move|p1a: Ting-Lu|Earthquake|p2a: Ninetales
|-damage|p2a: Ninetales|69/100
|
|-weather|Snowscape|[upkeep]
|-heal|p1a: Ting-Lu|100/100|[from] item: Leftovers
|upkeep
|turn|4
|
|t:|1760825961
|move|p2a: Ninetales|Aurora Veil|p2a: Ninetales
|-sidestart|p2: Ho3nConfirm3d|move: Aurora Veil
|move|p1a: Ting-Lu|Spikes|p2a: Ninetales
|-sidestart|p2: Ho3nConfirm3d|Spikes
|
|-weather|Snowscape|[upkeep]
|upkeep
|turn|5
|
|t:|1760825963
|switch|p2a: Glimmora|Glimmora, M|100/100
|-damage|p2a: Glimmora|88/100|[from] Spikes
|switch|p1a: Gholdengo|Gholdengo|53/100
|
|-weather|Snowscape|[upkeep]
|upkeep
|turn|6
|
|t:|1760825968
|switch|p1a: Ting-Lu|Ting-Lu|100/100
|-ability|p1a: Ting-Lu|Vessel of Ruin
|move|p2a: Glimmora|Meteor Beam||[still]
|-prepare|p2a: Glimmora|Meteor Beam
|-boost|p2a: Glimmora|spa|1
|-enditem|p2a: Glimmora|Power Herb
|-anim|p2a: Glimmora|Meteor Beam|p1a: Ting-Lu
|-resisted|p1a: Ting-Lu
|-damage|p1a: Ting-Lu|81/100
|
|-weather|Snowscape|[upkeep]
|-heal|p1a: Ting-Lu|87/100|[from] item: Leftovers
|upkeep
|turn|7
|j| tabata toxapex
|
|t:|1760825975
|move|p2a: Glimmora|Mortal Spin|p1a: Ting-Lu
|-resisted|p1a: Ting-Lu
|-damage|p1a: Ting-Lu|85/100
|-status|p1a: Ting-Lu|psn
|-sideend|p2: Ho3nConfirm3d|Spikes|[from] move: Mortal Spin|[of] p2a: Glimmora
|move|p1a: Ting-Lu|Earthquake|p2a: Glimmora
|-supereffective|p2a: Glimmora
|-damage|p2a: Glimmora|4/100
|-activate|p2a: Glimmora|ability: Toxic Debris
|-sidestart|p1: p0lt|move: Toxic Spikes
|
|-weather|none
|-heal|p1a: Ting-Lu|92/100 psn|[from] item: Leftovers
|-damage|p1a: Ting-Lu|79/100 psn|[from] psn
|upkeep
|turn|8
|
|t:|1760825977
|move|p2a: Glimmora|Stealth Rock|p1a: Ting-Lu
|-sidestart|p1: p0lt|move: Stealth Rock
|move|p1a: Ting-Lu|Spikes|p2a: Glimmora
|-sidestart|p2: Ho3nConfirm3d|Spikes
|
|-heal|p1a: Ting-Lu|85/100 psn|[from] item: Leftovers
|-damage|p1a: Ting-Lu|73/100 psn|[from] psn
|upkeep
|turn|9
|
|t:|1760825981
|switch|p1a: Clefable|Clefable, F|100/100
|-status|p1a: Clefable|psn
|move|p2a: Glimmora|Mortal Spin|p1a: Clefable
|-supereffective|p1a: Clefable
|-damage|p1a: Clefable|91/100 psn
|-damage|p2a: Glimmora|0 fnt|[from] item: Rocky Helmet|[of] p1a: Clefable
|faint|p2a: Glimmora
|
|upkeep
|
|t:|1760825984
|switch|p2a: Gholdengo|Gholdengo|100/100
|-damage|p2a: Gholdengo|88/100|[from] Spikes
|turn|10
|
|t:|1760825991
|move|p2a: Gholdengo|Nasty Plot|p2a: Gholdengo
|-boost|p2a: Gholdengo|spa|2
|move|p1a: Clefable|Knock Off|p2a: Gholdengo
|-supereffective|p2a: Gholdengo
|-damage|p2a: Gholdengo|73/100
|-enditem|p2a: Gholdengo|Metal Coat|[from] move: Knock Off|[of] p1a: Clefable
|
|upkeep
|turn|11
|
|t:|1760825994
|switch|p1a: Ting-Lu|Ting-Lu|73/100 psn
|-damage|p1a: Ting-Lu|67/100 psn|[from] Stealth Rock
|-ability|p1a: Ting-Lu|Vessel of Ruin
|move|p2a: Gholdengo|Make It Rain|p1a: Ting-Lu
|-damage|p1a: Ting-Lu|6/100 psn
|-unboost|p2a: Gholdengo|spa|1
|
|-heal|p1a: Ting-Lu|12/100 psn|[from] item: Leftovers
|-damage|p1a: Ting-Lu|0 fnt|[from] psn
|faint|p1a: Ting-Lu
|-sideend|p2: Ho3nConfirm3d|move: Aurora Veil
|upkeep
|
|t:|1760826012
|switch|p1a: Zamazenta|Zamazenta|100/100
|-ability|p1a: Zamazenta|Dauntless Shield|boost
|-boost|p1a: Zamazenta|def|1
|turn|12
|
|t:|1760826014
|move|p1a: Zamazenta|Crunch|p2a: Gholdengo
|-supereffective|p2a: Gholdengo
|-damage|p2a: Gholdengo|19/100
|-unboost|p2a: Gholdengo|def|1
|move|p2a: Gholdengo|Make It Rain|p1a: Zamazenta
|-damage|p1a: Zamazenta|8/100
|-unboost|p2a: Gholdengo|spa|1
|
|upkeep
|turn|13
|
|t:|1760826017
|move|p1a: Zamazenta|Crunch|p2a: Gholdengo
|-supereffective|p2a: Gholdengo
|-damage|p2a: Gholdengo|0 fnt
|faint|p2a: Gholdengo
|
|upkeep
|
|t:|1760826018
|switch|p2a: Dragonite|Dragonite, F|100/100
|turn|14
|
|t:|1760826021
|switch|p1a: Clefable|Clefable, F|91/100 psn
|move|p2a: Dragonite|Extreme Speed|p1a: Clefable
|-damage|p1a: Clefable|71/100 psn
|-damage|p2a: Dragonite|84/100|[from] item: Rocky Helmet|[of] p1a: Clefable
|
|upkeep
|turn|15
|
|t:|1760826025
|switch|p2a: Ninetales|Ninetales-Alola, M|69/100
|-damage|p2a: Ninetales|56/100|[from] Spikes
|-weather|Snowscape|[from] ability: Snow Warning|[of] p2a: Ninetales
|move|p1a: Clefable|Moonblast|p2a: Ninetales
|-crit|p2a: Ninetales
|-damage|p2a: Ninetales|13/100
|
|-weather|Snowscape|[upkeep]
|upkeep
|turn|16
|
|t:|1760826027
|move|p2a: Ninetales|Aurora Veil|p2a: Ninetales
|-sidestart|p2: Ho3nConfirm3d|move: Aurora Veil
|move|p1a: Clefable|Stealth Rock|p2a: Ninetales
|-sidestart|p2: Ho3nConfirm3d|move: Stealth Rock
|
|-weather|Snowscape|[upkeep]
|upkeep
|turn|17
|
|t:|1760826031
|switch|p1a: Gholdengo|Gholdengo|53/100
|-damage|p1a: Gholdengo|47/100|[from] Stealth Rock
|move|p2a: Ninetales|Encore|p1a: Gholdengo
|-immune|p1a: Gholdengo|[from] ability: Good as Gold
|
|-weather|Snowscape|[upkeep]
|upkeep
|turn|18
|
|t:|1760826034
|switch|p2a: Dragonite|Dragonite, F|84/100
|move|p1a: Gholdengo|Nasty Plot|p1a: Gholdengo
|-boost|p1a: Gholdengo|spa|2
|
|-weather|Snowscape|[upkeep]
|upkeep
|turn|19
|
|t:|1760826043
|switch|p1a: Dragonite|Dragonite, M|100/100
|move|p2a: Dragonite|Fire Punch|p1a: Dragonite
|-resisted|p1a: Dragonite
|-damage|p1a: Dragonite|95/100
|
|-weather|none
|upkeep
|turn|20
|
|t:|1760826047
|switch|p2a: Ninetales|Ninetales-Alola, M|13/100
|-damage|p2a: Ninetales|1/100|[from] Spikes
|-damage|p2a: Ninetales|0 fnt|[from] Stealth Rock
|faint|p2a: Ninetales
|move|p1a: Dragonite|Dragon Tail|p2: Ninetales|[notarget]
|-fail|p1a: Dragonite
|
|upkeep
|
|t:|1760826048
|switch|p2a: Iron Boulder|Iron Boulder|100/100
|-damage|p2a: Iron Boulder|88/100|[from] Spikes
|-damage|p2a: Iron Boulder|76/100|[from] Stealth Rock
|-enditem|p2a: Iron Boulder|Booster Energy
|-activate|p2a: Iron Boulder|ability: Quark Drive|[fromitem]
|-start|p2a: Iron Boulder|quarkdrivespe
|turn|21
|
|t:|1760826052
|-terastallize|p1a: Dragonite|Normal
|move|p2a: Iron Boulder|Mighty Cleave|p1a: Dragonite
|-damage|p1a: Dragonite|49/100
|move|p1a: Dragonite|Dragon Tail|p2a: Iron Boulder
|-damage|p2a: Iron Boulder|54/100
|-end|p2a: Iron Boulder|Quark Drive|[silent]
|drag|p2a: Dragonite|Dragonite, F|84/100
|
|upkeep
|turn|22
|
|t:|1760826057
|move|p2a: Dragonite|Dragon Dance|p2a: Dragonite
|-boost|p2a: Dragonite|atk|1
|-boost|p2a: Dragonite|spe|1
|move|p1a: Dragonite|Dragon Tail|p2a: Dragonite
|-supereffective|p2a: Dragonite
|-damage|p2a: Dragonite|42/100
|drag|p2a: Iron Boulder|Iron Boulder|54/100
|-damage|p2a: Iron Boulder|42/100|[from] Spikes
|-damage|p2a: Iron Boulder|29/100|[from] Stealth Rock
|
|upkeep
|turn|23
|
|t:|1760826064
|move|p2a: Iron Boulder|Close Combat|p1a: Dragonite
|-supereffective|p1a: Dragonite
|-damage|p1a: Dragonite|0 fnt
|-unboost|p2a: Iron Boulder|def|1
|-unboost|p2a: Iron Boulder|spd|1
|faint|p1a: Dragonite
|
|-sideend|p2: Ho3nConfirm3d|move: Aurora Veil
|upkeep
|
|t:|1760826069
|switch|p1a: Deoxys|Deoxys-Speed|100/100
|-ability|p1a: Deoxys|Pressure
|turn|24
|
|t:|1760826072
|move|p1a: Deoxys|Thunderbolt|p2a: Iron Boulder
|-damage|p2a: Iron Boulder|0 fnt
|faint|p2a: Iron Boulder
|-end|p2a: Iron Boulder|Quark Drive|[silent]
|
|upkeep
|
|t:|1760826073
|switch|p2a: Dragonite|Dragonite, F|42/100
|turn|25
|
|t:|1760826077
|-terastallize|p2a: Dragonite|Fire
|move|p1a: Deoxys|Thunderbolt|p2a: Dragonite
|-damage|p2a: Dragonite|14/100
|-status|p2a: Dragonite|par
|move|p2a: Dragonite|Dragon Dance|p2a: Dragonite
|-boost|p2a: Dragonite|atk|1
|-boost|p2a: Dragonite|spe|1
|
|upkeep
|turn|26
|
|t:|1760826079
|move|p2a: Dragonite|Extreme Speed|p1a: Deoxys
|-damage|p1a: Deoxys|37/100
|move|p1a: Deoxys|Thunderbolt|p2a: Dragonite
|-damage|p2a: Dragonite|0 fnt
|faint|p2a: Dragonite
|
|win|p0lt
|raw|p0lt's rating: 1825 &rarr; <strong>1842</strong><br />(+17 for winning)
|raw|Ho3nConfirm3d's rating: 1769 &rarr; <strong>1752</strong><br />(-17 for losing)
|c|☆p0lt|gg
|l|☆Ho3nConfirm3d
|player|p2|
|l|☆p0lt
|player|p1|
