|j|☆Ac_30
|j|☆hilopogoman
|t:|1760722918
|gametype|singles
|player|p1|Ac_30|dancer|1417
|player|p2|hilopogoman|2|1375
|gen|9
|tier|[Gen 9] OU
|rated|
|rule|HP Percentage Mod: HP is shown in percentages
|rule|Endless Battle Clause: Forcing endless battles is banned
|rule|Species Clause: Limit one of each Pokémon
|rule|OHKO Clause: OHKO moves are banned
|rule|Evasion Items Clause: Evasion items are banned
|rule|Evasion Moves Clause: Evasion moves are banned
|rule|Evasion Abilities Clause: Evasion abilities are banned
|rule|Sleep Moves Clause: Sleep-inducing moves are banned
|clearpoke
|poke|p1|Scizor, M|
|poke|p1|Sinistcha|
|poke|p1|Araquanid, M|
|poke|p1|Chansey, F|
|poke|p1|Garganacl, M|
|poke|p1|Iron Hands|
|poke|p2|Walking Wake|
|poke|p2|Zapdos|
|poke|p2|Great Tusk|
|poke|p2|Diancie|
|poke|p2|Zarude-Dada|
|poke|p2|Heatran, F|
|teampreview
|
|t:|1760722950
|teamsize|p1|6
|teamsize|p2|6
|start
|switch|p1a: Charlotte|Araquanid, M, shiny|100/100
|switch|p2a: Zapdos|Zapdos|100/100
|turn|1
|
|t:|1760722954
|switch|p1a: Shang tsung|Chansey, F|100/100
|move|p2a: Zapdos|Hurricane|p1a: Shang tsung
|-damage|p1a: Shang tsung|85/100
|
|upkeep
|turn|2
|
|t:|1760722962
|move|p2a: Zapdos|Volt Switch|p1a: Shang tsung
|-damage|p1a: Shang tsung|76/100
|
|t:|1760722964
|switch|p2a: Zarude|Zarude-Dada|100/100|[from] Volt Switch
|move|p1a: Shang tsung|Seismic Toss|p2a: Zarude
|-damage|p2a: Zarude|72/100
|
|upkeep
|turn|3
|
|t:|1760722981
|move|p2a: Zarude|U-turn|p1a: Shang tsung
|-damage|p1a: Shang tsung|59/100
|
|t:|1760722985
|switch|p2a: Diancie|Diancie|100/100|[from] U-turn
|move|p1a: Shang tsung|Thunder Wave|p2a: Diancie
|-status|p2a: Diancie|par
|
|upkeep
|turn|4
|
|t:|1760722995
|switch|p1a: Scyfer|Scizor, M|100/100
|move|p2a: Diancie|Diamond Storm|p1a: Scyfer
|-damage|p1a: Scyfer|64/100
|-boost|p2a: Diancie|def|2
|
|upkeep
|turn|5
|
|t:|1760723006
|-terastallize|p2a: Diancie|Grass
|move|p1a: Scyfer|U-turn|p2a: Diancie
|-supereffective|p2a: Diancie
|-damage|p2a: Diancie|69/100 par
|
|t:|1760723021
|switch|p1a: Shang tsung|Chansey, F|59/100|[from] U-turn
|move|p2a: Diancie|Diamond Storm|p1a: Shang tsung
|-damage|p1a: Shang tsung|35/100
|
|-heal|p2a: Diancie|75/100 par|[from] item: Leftovers
|upkeep
|turn|6
|
|t:|1760723028
|move|p1a: Shang tsung|Soft-Boiled|p1a: Shang tsung
|-heal|p1a: Shang tsung|85/100
|move|p2a: Diancie|Diamond Storm|p1a: Shang tsung
|-damage|p1a: Shang tsung|61/100
|
|-heal|p2a: Diancie|81/100 par|[from] item: Leftovers
|upkeep
|turn|7
|
|t:|1760723034
|move|p1a: Shang tsung|Seismic Toss|p2a: Diancie
|-damage|p2a: Diancie|49/100 par
|move|p2a: Diancie|Diamond Storm|p1a: Shang tsung|[miss]
|-miss|p2a: Diancie|p1a: Shang tsung
|
|-heal|p2a: Diancie|55/100 par|[from] item: Leftovers
|upkeep
|turn|8
|inactive|Battle timer is ON: inactive players will automatically lose when time's up. (requested by Ac_30)
|
|t:|1760723040
|move|p1a: Shang tsung|Seismic Toss|p2a: Diancie
|-damage|p2a: Diancie|22/100 par
|cant|p2a: Diancie|par
|
|-heal|p2a: Diancie|28/100 par|[from] item: Leftovers
|upkeep
|turn|9
|
|t:|1760723047
|move|p1a: Shang tsung|Seismic Toss|p2a: Diancie
|-damage|p2a: Diancie|0 fnt
|faint|p2a: Diancie
|
|upkeep
|-message|hilopogoman forfeited.
|
|win|Ac_30
|raw|Ac_30's rating: 1417 &rarr; <strong>1435</strong><br />(+18 for winning)
|raw|hilopogoman's rating: 1375 &rarr; <strong>1357</strong><br />(-18 for losing)
|l|☆hilopogoman
|player|p2|
|l|☆Ac_30
|player|p1|
