|j|☆Fusionhype1
|j|☆Vampire army8378
|t:|1760725076
|gametype|singles
|player|p1|Fusionhype1|169|1208
|player|p2|Vampire army8378|ninjaboy|1204
|gen|9
|tier|[Gen 9] OU
|rated|
|rule|HP Percentage Mod: HP is shown in percentages
|rule|Endless Battle Clause: Forcing endless battles is banned
|rule|Species Clause: Limit one of each Pokémon
|rule|OHKO Clause: OHKO moves are banned
|rule|Evasion Items Clause: Evasion items are banned
|rule|Evasion Moves Clause: Evasion moves are banned
|rule|Evasion Abilities Clause: Evasion abilities are banned
|rule|Sleep Moves Clause: Sleep-inducing moves are banned
|clearpoke
|poke|p1|Ampharos, M|
|poke|p1|Araquanid, F|
|poke|p1|Hoopa-Unbound|
|poke|p1|Ceruledge, M|
|poke|p1|Great Tusk|
|poke|p1|Maushold|
|poke|p2|Mimikyu, F|
|poke|p2|Hitmontop, M|
|poke|p2|Zarude|
|poke|p2|Kommo-o, M|
|poke|p2|Pawmot, F|
|poke|p2|Goodra-Hisui, M|
|teampreview
|inactive|Battle timer is ON: inactive players will automatically lose when time's up. (requested by Fusionhype1)
|
|t:|1760725087
|teamsize|p1|6
|teamsize|p2|6
|start
|switch|p1a: Araquanid|Araquanid, F|100/100
|switch|p2a: Eddy(tekken)|Hitmontop, M|100/100
|turn|1
|c|☆Vampire army8378|Im on a 10 game streak
|c|☆Vampire army8378|You go make it 11
|
|t:|1760725104
|move|p2a: Eddy(tekken)|Bulk Up|p2a: Eddy(tekken)
|-boost|p2a: Eddy(tekken)|atk|1
|-boost|p2a: Eddy(tekken)|def|1
|move|p1a: Araquanid|Sticky Web|p2a: Eddy(tekken)
|-sidestart|p2: Vampire army8378|move: Sticky Web
|
|upkeep
|turn|2
|
|t:|1760725114
|move|p2a: Eddy(tekken)|Rapid Spin|p1a: Araquanid
|-damage|p1a: Araquanid|65/100
|-boost|p2a: Eddy(tekken)|spe|1
|-sideend|p2: Vampire army8378|Sticky Web|[from] move: Rapid Spin|[of] p2a: Eddy(tekken)
|-enditem|p1a: Araquanid|Red Card|[of] p2a: Eddy(tekken)
|drag|p2a: Pikachu but died|Mimikyu, F|100/100
|move|p1a: Araquanid|Liquidation|p2a: Pikachu but died
|-activate|p2a: Pikachu but died|ability: Disguise
|-damage|p2a: Pikachu but died|100/100
|detailschange|p2a: Pikachu but died|Mimikyu-Busted, F
|-damage|p2a: Pikachu but died|88/100|[from] pokemon: Mimikyu-Busted
|-enditem|p2a: Pikachu but died|Red Card|[of] p1a: Araquanid
|drag|p1a: Hoopa|Hoopa-Unbound|100/100
|
|upkeep
|turn|3
|
|t:|1760725134
|switch|p1a: Araquanid|Araquanid, F|65/100
|move|p2a: Pikachu but died|Play Rough|p1a: Araquanid
|-damage|p1a: Araquanid|28/100
|
|upkeep
|turn|4
|
|t:|1760725143
|-terastallize|p1a: Araquanid|Poison
|move|p2a: Pikachu but died|Play Rough|p1a: Araquanid
|-resisted|p1a: Araquanid
|-damage|p1a: Araquanid|7/100
|move|p1a: Araquanid|Sticky Web|p2a: Pikachu but died
|-sidestart|p2: Vampire army8378|move: Sticky Web
|
|upkeep
|turn|5
|c|☆Vampire army8378|You relying heavy on that sticky
|
|t:|1760725170
|move|p2a: Pikachu but died|Play Rough|p1a: Araquanid
|-resisted|p1a: Araquanid
|-damage|p1a: Araquanid|0 fnt
|faint|p1a: Araquanid
|
|upkeep
|c|☆Fusionhype1|not rlly#
|inactive|Fusionhype1 has 120 seconds left.
|c|☆Fusionhype1|pretty sure i can just whatever i want in this mode
|
|t:|1760725204
|switch|p1a: Ampharos|Ampharos, M|100/100
|turn|6
|
|t:|1760725212
|switch|p2a: Eddy(tekken)|Hitmontop, M|100/100
|-activate|p2a: Eddy(tekken)|move: Sticky Web
|-unboost|p2a: Eddy(tekken)|spe|1
|move|p1a: Ampharos|Agility|p1a: Ampharos
|-boost|p1a: Ampharos|spe|2
|
|upkeep
|turn|7
|
|t:|1760725217
|move|p1a: Ampharos|Charge Beam|p2a: Eddy(tekken)
|-damage|p2a: Eddy(tekken)|69/100
|-boost|p1a: Ampharos|spa|1
|-enditem|p2a: Eddy(tekken)|Red Card|[of] p1a: Ampharos
|drag|p1a: Ceruledge|Ceruledge, M|100/100
|move|p2a: Eddy(tekken)|Rapid Spin|p1a: Ceruledge
|-immune|p1a: Ceruledge
|
|upkeep
|turn|8
|
|t:|1760725224
|move|p1a: Ceruledge|Swords Dance|p1a: Ceruledge
|-boost|p1a: Ceruledge|atk|2
|move|p2a: Eddy(tekken)|Triple Axel|p1a: Ceruledge
|-resisted|p1a: Ceruledge
|-damage|p1a: Ceruledge|94/100
|-ability|p1a: Ceruledge|Weak Armor|boost
|-unboost|p1a: Ceruledge|def|1
|-boost|p1a: Ceruledge|spe|2
|-resisted|p1a: Ceruledge
|-damage|p1a: Ceruledge|74/100
|-ability|p1a: Ceruledge|Weak Armor|boost
|-unboost|p1a: Ceruledge|def|1
|-boost|p1a: Ceruledge|spe|2
|-resisted|p1a: Ceruledge
|-damage|p1a: Ceruledge|35/100
|-ability|p1a: Ceruledge|Weak Armor|boost
|-unboost|p1a: Ceruledge|def|1
|-boost|p1a: Ceruledge|spe|2
|-hitcount|p1a: Ceruledge|3
|
|upkeep
|turn|9
|
|t:|1760725238
|move|p1a: Ceruledge|Shadow Sneak|p2a: Eddy(tekken)
|-damage|p2a: Eddy(tekken)|14/100
|move|p2a: Eddy(tekken)|Triple Axel|p1a: Ceruledge|[miss]
|-miss|p2a: Eddy(tekken)|p1a: Ceruledge
|
|upkeep
|turn|10
|
|t:|1760725242
|move|p1a: Ceruledge|Shadow Sneak|p2a: Eddy(tekken)
|-damage|p2a: Eddy(tekken)|0 fnt
|faint|p2a: Eddy(tekken)
|
|upkeep
|
|t:|1760725244
|switch|p2a: Pikachu but died|Mimikyu-Busted, F|88/100
|-activate|p2a: Pikachu but died|move: Sticky Web
|-unboost|p2a: Pikachu but died|spe|1
|turn|11
|
|t:|1760725247
|move|p1a: Ceruledge|Shadow Sneak|p2a: Pikachu but died
|-supereffective|p2a: Pikachu but died
|-damage|p2a: Pikachu but died|0 fnt
|faint|p2a: Pikachu but died
|
|upkeep
|c|☆Fusionhype1|gg
|
|t:|1760725256
|switch|p2a: Gary(spongebob)|Goodra-Hisui, M, shiny|100/100
|-activate|p2a: Gary(spongebob)|move: Sticky Web
|-unboost|p2a: Gary(spongebob)|spe|1
|turn|12
|c|☆Fusionhype1|unless sash users
|
|t:|1760725264
|move|p1a: Ceruledge|Close Combat|p2a: Gary(spongebob)
|-supereffective|p2a: Gary(spongebob)
|-damage|p2a: Gary(spongebob)|0 fnt
|-unboost|p1a: Ceruledge|def|1
|-unboost|p1a: Ceruledge|spd|1
|-ability|p2a: Gary(spongebob)|Gooey
|-unboost|p1a: Ceruledge|spe|1
|faint|p2a: Gary(spongebob)
|
|upkeep
|
|t:|1760725269
|switch|p2a: Shenron(dbz)|Pawmot, F|100/100
|-activate|p2a: Shenron(dbz)|move: Sticky Web
|-unboost|p2a: Shenron(dbz)|spe|1
|turn|13
|
|t:|1760725275
|move|p1a: Ceruledge|Bitter Blade|p2a: Shenron(dbz)
|-damage|p2a: Shenron(dbz)|0 fnt
|-heal|p1a: Ceruledge|94/100|[from] drain|[of] p2a: Shenron(dbz)
|faint|p2a: Shenron(dbz)
|
|upkeep
|
|t:|1760725281
|switch|p2a: APE TOGETHER STRON|Zarude|100/100
|-activate|p2a: APE TOGETHER STRON|move: Sticky Web
|-unboost|p2a: APE TOGETHER STRON|spe|1
|turn|14
|
|t:|1760725284
|move|p1a: Ceruledge|Bitter Blade|p2a: APE TOGETHER STRON
|-supereffective|p2a: APE TOGETHER STRON
|-damage|p2a: APE TOGETHER STRON|0 fnt
|-heal|p1a: Ceruledge|100/100|[from] drain|[of] p2a: APE TOGETHER STRON
|faint|p2a: APE TOGETHER STRON
|
|upkeep
|
|t:|1760725287
|switch|p2a: Broly(DBZ)|Kommo-o, M|100/100
|-activate|p2a: Broly(DBZ)|move: Sticky Web
|-unboost|p2a: Broly(DBZ)|spe|1
|turn|15
|
|t:|1760725292
|move|p1a: Ceruledge|Close Combat|p2a: Broly(DBZ)
|-damage|p2a: Broly(DBZ)|24/100
|-unboost|p1a: Ceruledge|def|1
|-unboost|p1a: Ceruledge|spd|1
|move|p2a: Broly(DBZ)|Clanging Scales|p1a: Ceruledge
|-damage|p1a: Ceruledge|11/100
|-unboost|p2a: Broly(DBZ)|def|1
|-enditem|p2a: Broly(DBZ)|Throat Spray
|-boost|p2a: Broly(DBZ)|spa|1|[from] item: Throat Spray
|
|upkeep
|turn|16
|
|t:|1760725299
|move|p1a: Ceruledge|Shadow Sneak|p2a: Broly(DBZ)
|-damage|p2a: Broly(DBZ)|0 fnt
|faint|p2a: Broly(DBZ)
|
|win|Fusionhype1
|raw|Fusionhype1's rating: 1208 &rarr; <strong>1233</strong><br />(+25 for winning)
|raw|Vampire army8378's rating: 1204 &rarr; <strong>1179</strong><br />(-25 for losing)
|l|☆Fusionhype1
|player|p1|
|l|☆Vampire army8378
|player|p2|
