|j|☆kennguyen21
|j|☆AC/DC1994
|t:|1760738530
|gametype|singles
|player|p1|kennguyen21|2|1177
|player|p2|AC/DC1994|fisherman-gen4|1127
|gen|9
|tier|[Gen 9] OU
|rated|
|rule|HP Percentage Mod: HP is shown in percentages
|rule|Endless Battle Clause: Forcing endless battles is banned
|rule|Species Clause: Limit one of each Pokémon
|rule|OHKO Clause: OHKO moves are banned
|rule|Evasion Items Clause: Evasion items are banned
|rule|Evasion Moves Clause: Evasion moves are banned
|rule|Evasion Abilities Clause: Evasion abilities are banned
|rule|Sleep Moves Clause: Sleep-inducing moves are banned
|clearpoke
|poke|p1|Ribombee, F|
|poke|p1|Pecharunt|
|poke|p1|Glimmora, M|
|poke|p1|Gliscor, M|
|poke|p1|Iron Moth|
|poke|p1|Darkrai|
|poke|p2|Kleavor, M|
|poke|p2|Charizard, M|
|poke|p2|Oranguru, M|
|poke|p2|Muk-Alola, M|
|poke|p2|Granbull, M|
|poke|p2|Ampharos, F|
|teampreview
|
|t:|1760738544
|teamsize|p1|6
|teamsize|p2|6
|start
|switch|p1a: Glimmora|Glimmora, M|100/100
|switch|p2a: Otto|Kleavor, M|100/100
|turn|1
|inactive|Battle timer is ON: inactive players will automatically lose when time's up. (requested by kennguyen21)
|
|t:|1760738551
|-terastallize|p2a: Otto|Fighting
|move|p1a: Glimmora|Meteor Beam||[still]
|-prepare|p1a: Glimmora|Meteor Beam
|-boost|p1a: Glimmora|spa|1
|-enditem|p1a: Glimmora|Power Herb
|-anim|p1a: Glimmora|Meteor Beam|p2a: Otto|[miss]
|-miss|p1a: Glimmora|p2a: Otto
|move|p2a: Otto|Swords Dance|p2a: Otto
|-boost|p2a: Otto|atk|2
|
|upkeep
|turn|2
|
|t:|1760738563
|move|p1a: Glimmora|Mortal Spin|p2a: Otto
|-damage|p2a: Otto|94/100
|-status|p2a: Otto|psn
|move|p2a: Otto|Stone Axe|p1a: Glimmora
|-damage|p1a: Glimmora|0 fnt
|-activate|p1a: Glimmora|ability: Toxic Debris
|-sidestart|p2: AC/DC1994|move: Toxic Spikes
|-sidestart|p1: kennguyen21|move: Stealth Rock
|faint|p1a: Glimmora
|-damage|p2a: Otto|84/100 psn|[from] item: Life Orb
|
|-damage|p2a: Otto|72/100 psn|[from] psn
|upkeep
|
|t:|1760738581
|switch|p1a: Iron Moth|Iron Moth|100/100
|-damage|p1a: Iron Moth|76/100|[from] Stealth Rock
|-enditem|p1a: Iron Moth|Booster Energy
|-activate|p1a: Iron Moth|ability: Quark Drive|[fromitem]
|-start|p1a: Iron Moth|quarkdrivespe
|turn|3
|
|t:|1760738590
|move|p1a: Iron Moth|Sludge Wave|p2a: Otto
|-damage|p2a: Otto|12/100 psn
|move|p2a: Otto|Stone Axe|p1a: Iron Moth|[miss]
|-miss|p2a: Otto|p1a: Iron Moth
|
|-damage|p2a: Otto|0 fnt|[from] psn
|faint|p2a: Otto
|upkeep
|
|t:|1760738600
|switch|p2a: Moko|Muk-Alola, M, shiny|100/100
|-sideend|p2: AC/DC1994|move: Toxic Spikes|[of] p2a: Moko
|turn|4
|
|t:|1760738608
|move|p1a: Iron Moth|Fiery Dance|p2a: Moko
|-damage|p2a: Moko|66/100
|-boost|p1a: Iron Moth|spa|1
|move|p2a: Moko|Crunch|p1a: Iron Moth
|-damage|p1a: Iron Moth|20/100
|-unboost|p1a: Iron Moth|def|1
|
|-heal|p2a: Moko|72/100|[from] item: Leftovers
|upkeep
|turn|5
|
|t:|1760738618
|move|p1a: Iron Moth|Fiery Dance|p2a: Moko
|-damage|p2a: Moko|25/100
|move|p2a: Moko|Knock Off|p1a: Iron Moth
|-damage|p1a: Iron Moth|0 fnt
|faint|p1a: Iron Moth
|-end|p1a: Iron Moth|Quark Drive|[silent]
|
|-heal|p2a: Moko|31/100|[from] item: Leftovers
|upkeep
|
|t:|1760738629
|switch|p1a: Ribombee|Ribombee, F|100/100
|-damage|p1a: Ribombee|76/100|[from] Stealth Rock
|turn|6
|
|t:|1760738634
|move|p1a: Ribombee|Moonblast|p2a: Moko
|-damage|p2a: Moko|0 fnt
|faint|p2a: Moko
|
|upkeep
|
|t:|1760738655
|switch|p2a: Margaret|Ampharos, F|100/100
|turn|7
|
|t:|1760738658
|move|p1a: Ribombee|Sticky Web|p2a: Margaret
|-sidestart|p2: AC/DC1994|move: Sticky Web
|move|p2a: Margaret|Power Gem|p1a: Ribombee
|-supereffective|p1a: Ribombee
|-crit|p1a: Ribombee
|-damage|p1a: Ribombee|0 fnt
|faint|p1a: Ribombee
|
|upkeep
|
|t:|1760738667
|switch|p1a: Gliscor|Gliscor, M|100/100
|-damage|p1a: Gliscor|88/100|[from] Stealth Rock
|turn|8
|
|t:|1760738675
|-terastallize|p1a: Gliscor|Normal
|move|p1a: Gliscor|Swords Dance|p1a: Gliscor
|-boost|p1a: Gliscor|atk|2
|move|p2a: Margaret|Cotton Guard|p2a: Margaret
|-boost|p2a: Margaret|def|3
|
|-status|p1a: Gliscor|tox|[from] item: Toxic Orb
|upkeep
|turn|9
|
|t:|1760738689
|move|p1a: Gliscor|Earthquake|p2a: Margaret
|-supereffective|p2a: Margaret
|-damage|p2a: Margaret|47/100
|move|p2a: Margaret|Thunderbolt|p1a: Gliscor
|-damage|p1a: Gliscor|42/100 tox
|
|-heal|p1a: Gliscor|54/100 tox|[from] ability: Poison Heal
|upkeep
|turn|10
|
|t:|1760738700
|move|p1a: Gliscor|Earthquake|p2a: Margaret
|-supereffective|p2a: Margaret
|-damage|p2a: Margaret|0 fnt
|faint|p2a: Margaret
|
|-heal|p1a: Gliscor|67/100 tox|[from] ability: Poison Heal
|upkeep
|
|t:|1760738711
|switch|p2a: JuanFe|Charizard, M|100/100
|turn|11
|
|t:|1760738717
|move|p2a: JuanFe|Fire Blast|p1a: Gliscor
|-damage|p1a: Gliscor|10/100 tox
|move|p1a: Gliscor|Facade|p2a: JuanFe
|-damage|p2a: JuanFe|0 fnt
|faint|p2a: JuanFe
|
|-heal|p1a: Gliscor|23/100 tox|[from] ability: Poison Heal
|upkeep
|
|t:|1760738728
|switch|p2a: Oranguru|Oranguru, M|100/100
|-activate|p2a: Oranguru|move: Sticky Web
|-unboost|p2a: Oranguru|spe|1
|turn|12
|
|t:|1760738734
|move|p1a: Gliscor|Facade|p2a: Oranguru
|-damage|p2a: Oranguru|12/100
|move|p2a: Oranguru|Psychic|p1a: Gliscor
|-damage|p1a: Gliscor|0 fnt
|faint|p1a: Gliscor
|
|upkeep
|
|t:|1760738749
|switch|p1a: Pecharunt|Pecharunt|100/100
|-damage|p1a: Pecharunt|88/100|[from] Stealth Rock
|-item|p1a: Pecharunt|Air Balloon
|turn|13
|
|t:|1760738761
|move|p1a: Pecharunt|Malignant Chain|p2a: Oranguru
|-damage|p2a: Oranguru|0 fnt
|faint|p2a: Oranguru
|
|upkeep
|
|t:|1760738766
|switch|p2a: Agustín|Granbull, M|100/100
|-activate|p2a: Agustín|move: Sticky Web
|-unboost|p2a: Agustín|spe|1
|-ability|p2a: Agustín|Intimidate|boost
|-unboost|p1a: Pecharunt|atk|1
|turn|14
|
|t:|1760738772
|move|p1a: Pecharunt|Malignant Chain|p2a: Agustín
|-supereffective|p2a: Agustín
|-damage|p2a: Agustín|12/100
|-status|p2a: Agustín|tox
|-start|p2a: Agustín|confusion|[from] ability: Poison Puppeteer|[of] p1a: Pecharunt
|-activate|p2a: Agustín|confusion
|move|p2a: Agustín|Stone Edge|p1a: Pecharunt
|-damage|p1a: Pecharunt|69/100
|-enditem|p1a: Pecharunt|Air Balloon
|
|-damage|p2a: Agustín|5/100 tox|[from] psn
|upkeep
|turn|15
|-enditem|p2a: Agustín|Custap Berry|[eat]
|-activate|p2a: Agustín|item: Custap Berry|[consumed]
|
|t:|1760738785
|-activate|p2a: Agustín|confusion
|-damage|p2a: Agustín|0 fnt|[from] confusion
|faint|p2a: Agustín
|
|win|kennguyen21
|raw|kennguyen21's rating: 1177 &rarr; <strong>1198</strong><br />(+21 for winning)
|raw|AC&#x2f;DC1994's rating: 1127 &rarr; <strong>1106</strong><br />(-21 for losing)
|l|☆kennguyen21
|player|p1|
|l|☆AC/DC1994
|player|p2|
