|j|☆Grindset mindset
|j|☆mansonabuluting
|t:|1760738598
|gametype|singles
|player|p1|Grindset mindset|skyla|1732
|player|p2|mansonabuluting|bellelba|1772
|gen|9
|tier|[Gen 9] OU
|rated|
|rule|HP Percentage Mod: HP is shown in percentages
|rule|Endless Battle Clause: Forcing endless battles is banned
|rule|Species Clause: Limit one of each Pokémon
|rule|OHKO Clause: OHKO moves are banned
|rule|Evasion Items Clause: Evasion items are banned
|rule|Evasion Moves Clause: Evasion moves are banned
|rule|Evasion Abilities Clause: Evasion abilities are banned
|rule|Sleep Moves Clause: Sleep-inducing moves are banned
|clearpoke
|poke|p1|Ogerpon-Cornerstone, F|
|poke|p1|Primarina, F|
|poke|p1|Armarouge, F|
|poke|p1|Raging Bolt|
|poke|p1|Great Tusk|
|poke|p1|Zapdos-Galar|
|poke|p2|Rillaboom, M|
|poke|p2|Hawlucha, M|
|poke|p2|Thundurus-Therian, M|
|poke|p2|Great Tusk|
|poke|p2|Volcanion|
|poke|p2|Goodra-Hisui, F|
|teampreview
|inactive|Battle timer is ON: inactive players will automatically lose when time's up. (requested by Grindset mindset)
|
|t:|1760738613
|teamsize|p1|6
|teamsize|p2|6
|start
|switch|p1a: Ogerpon|Ogerpon-Cornerstone, F|100/100
|switch|p2a: Goodra|Goodra-Hisui, F|100/100
|turn|1
|
|t:|1760738630
|switch|p2a: Rillaboom|Rillaboom, M|100/100
|-fieldstart|move: Grassy Terrain|[from] ability: Grassy Surge|[of] p2a: Rillaboom
|move|p1a: Ogerpon|Low Kick|p2a: Rillaboom
|-damage|p2a: Rillaboom|72/100
|
|-heal|p2a: Rillaboom|78/100|[from] Grassy Terrain
|upkeep
|turn|2
|
|t:|1760738638
|move|p1a: Ogerpon|Ivy Cudgel|p2a: Rillaboom|[anim] Ivy Cudgel Rock
|-damage|p2a: Rillaboom|25/100
|move|p2a: Rillaboom|Wood Hammer|p1a: Ogerpon
|-ability|p1a: Ogerpon|Sturdy
|-damage|p1a: Ogerpon|1/100
|-damage|p2a: Rillaboom|0 fnt|[from] Recoil
|faint|p2a: Rillaboom
|
|-heal|p1a: Ogerpon|7/100|[from] Grassy Terrain
|upkeep
|
|t:|1760738657
|switch|p2a: Hawlucha|Hawlucha, M|100/100
|-enditem|p2a: Hawlucha|Grassy Seed
|-boost|p2a: Hawlucha|def|1|[from] item: Grassy Seed
|turn|3
|
|t:|1760738661
|switch|p1a: Armarouge|Armarouge, F|100/100
|move|p2a: Hawlucha|Acrobatics|p1a: Armarouge
|-damage|p1a: Armarouge|48/100
|-ability|p1a: Armarouge|Weak Armor|boost
|-unboost|p1a: Armarouge|def|1
|-boost|p1a: Armarouge|spe|2
|
|-heal|p1a: Armarouge|54/100|[from] Grassy Terrain
|upkeep
|turn|4
|
|t:|1760738668
|move|p1a: Armarouge|Endure|p1a: Armarouge
|-singleturn|p1a: Armarouge|move: Endure
|move|p2a: Hawlucha|Acrobatics|p1a: Armarouge
|-activate|p1a: Armarouge|move: Endure
|-damage|p1a: Armarouge|1/100
|-ability|p1a: Armarouge|Weak Armor|boost
|-unboost|p1a: Armarouge|def|1
|-boost|p1a: Armarouge|spe|2
|
|-heal|p1a: Armarouge|7/100|[from] Grassy Terrain
|upkeep
|turn|5
|
|t:|1760738677
|move|p1a: Armarouge|Stored Power|p2a: Hawlucha
|-supereffective|p2a: Hawlucha
|-damage|p2a: Hawlucha|0 fnt
|faint|p2a: Hawlucha
|
|-heal|p1a: Armarouge|13/100|[from] Grassy Terrain
|-fieldend|move: Grassy Terrain
|upkeep
|
|t:|1760738681
|switch|p2a: Goodra|Goodra-Hisui, F|100/100
|turn|6
|
|t:|1760738684
|move|p1a: Armarouge|Armor Cannon|p2a: Goodra
|-damage|p2a: Goodra|75/100
|-unboost|p1a: Armarouge|def|1
|-unboost|p1a: Armarouge|spd|1
|move|p2a: Goodra|Flash Cannon|p1a: Armarouge
|-resisted|p1a: Armarouge
|-damage|p1a: Armarouge|0 fnt
|faint|p1a: Armarouge
|
|upkeep
|
|t:|1760738691
|switch|p1a: Ogerpon|Ogerpon-Cornerstone, F|7/100
|turn|7
|
|t:|1760738703
|switch|p2a: Great Tusk|Great Tusk|100/100
|move|p1a: Ogerpon|Ivy Cudgel|p2a: Great Tusk|[anim] Ivy Cudgel Rock
|-resisted|p2a: Great Tusk
|-damage|p2a: Great Tusk|94/100
|
|upkeep
|turn|8
|j| Chococroc
|
|t:|1760738714
|move|p1a: Ogerpon|Power Whip|p2a: Great Tusk|[miss]
|-miss|p1a: Ogerpon|p2a: Great Tusk
|move|p2a: Great Tusk|Stealth Rock|p1a: Ogerpon
|-sidestart|p1: Grindset mindset|move: Stealth Rock
|
|upkeep
|turn|9
|
|t:|1760738719
|-end|p2a: Great Tusk|Protosynthesis|[silent]
|switch|p2a: Thundurus|Thundurus-Therian, M|100/100
|move|p1a: Ogerpon|Power Whip|p2a: Thundurus|[miss]
|-miss|p1a: Ogerpon|p2a: Thundurus
|
|upkeep
|turn|10
|
|t:|1760738724
|move|p2a: Thundurus|Grass Knot|p1a: Ogerpon
|-damage|p1a: Ogerpon|0 fnt
|faint|p1a: Ogerpon
|
|upkeep
|
|t:|1760738728
|switch|p1a: Raging Bolt|Raging Bolt|100/100
|-damage|p1a: Raging Bolt|88/100|[from] Stealth Rock
|turn|11
|
|t:|1760738752
|switch|p2a: Goodra|Goodra-Hisui, F|75/100
|move|p1a: Raging Bolt|Ancient Power|p2a: Goodra
|-resisted|p2a: Goodra
|-damage|p2a: Goodra|70/100
|
|-heal|p1a: Raging Bolt|94/100|[from] item: Leftovers
|upkeep
|turn|12
|
|t:|1760738760
|-end|p1a: Raging Bolt|Protosynthesis|[silent]
|switch|p1a: Great Tusk|Great Tusk|100/100
|-damage|p1a: Great Tusk|98/100|[from] Stealth Rock
|-enditem|p1a: Great Tusk|Booster Energy
|-activate|p1a: Great Tusk|ability: Protosynthesis|[fromitem]
|-start|p1a: Great Tusk|protosynthesisatk
|move|p2a: Goodra|Draco Meteor|p1a: Great Tusk
|-damage|p1a: Great Tusk|0 fnt
|-unboost|p2a: Goodra|spa|2
|faint|p1a: Great Tusk
|-end|p1a: Great Tusk|Protosynthesis|[silent]
|
|upkeep
|
|t:|1760738763
|switch|p1a: Zapdos|Zapdos-Galar|100/100
|-damage|p1a: Zapdos|88/100|[from] Stealth Rock
|turn|13
|
|t:|1760738776
|switch|p2a: Great Tusk|Great Tusk|94/100
|move|p1a: Zapdos|Close Combat|p2a: Great Tusk
|-damage|p2a: Great Tusk|49/100
|-unboost|p1a: Zapdos|def|1
|-unboost|p1a: Zapdos|spd|1
|-damage|p1a: Zapdos|72/100|[from] item: Rocky Helmet|[of] p2a: Great Tusk
|
|upkeep
|turn|14
|
|t:|1760738786
|move|p1a: Zapdos|Close Combat|p2a: Great Tusk
|-damage|p2a: Great Tusk|8/100
|-unboost|p1a: Zapdos|def|1
|-unboost|p1a: Zapdos|spd|1
|-damage|p1a: Zapdos|55/100|[from] item: Rocky Helmet|[of] p2a: Great Tusk
|move|p2a: Great Tusk|Ice Spinner|p1a: Zapdos
|-supereffective|p1a: Zapdos
|-damage|p1a: Zapdos|0 fnt
|faint|p1a: Zapdos
|
|upkeep
|
|t:|1760738790
|switch|p1a: Primarina|Primarina, F|100/100
|-damage|p1a: Primarina|88/100|[from] Stealth Rock
|turn|15
|
|t:|1760738797
|move|p2a: Great Tusk|Headlong Rush|p1a: Primarina
|-damage|p1a: Primarina|29/100
|-unboost|p2a: Great Tusk|def|1
|-unboost|p2a: Great Tusk|spd|1
|move|p1a: Primarina|Flip Turn|p2a: Great Tusk
|-supereffective|p2a: Great Tusk
|-damage|p2a: Great Tusk|0 fnt
|-damage|p1a: Primarina|12/100|[from] item: Rocky Helmet|[of] p2a: Great Tusk
|faint|p2a: Great Tusk
|-end|p2a: Great Tusk|Protosynthesis|[silent]
|
|t:|1760738799
|switch|p1a: Raging Bolt|Raging Bolt|94/100|[from] Flip Turn
|-damage|p1a: Raging Bolt|82/100|[from] Stealth Rock
|
|-heal|p1a: Raging Bolt|88/100|[from] item: Leftovers
|upkeep
|
|t:|1760738807
|switch|p2a: Goodra|Goodra-Hisui, F|70/100
|turn|16
|
|t:|1760738812
|move|p1a: Raging Bolt|Ancient Power|p2a: Goodra
|-resisted|p2a: Goodra
|-damage|p2a: Goodra|66/100
|move|p2a: Goodra|Draco Meteor|p1a: Raging Bolt
|-supereffective|p1a: Raging Bolt
|-damage|p1a: Raging Bolt|0 fnt
|-unboost|p2a: Goodra|spa|2
|faint|p1a: Raging Bolt
|-end|p1a: Raging Bolt|Protosynthesis|[silent]
|
|upkeep
|-message|Grindset mindset forfeited.
|
|win|mansonabuluting
|raw|Grindset mindset's rating: 1732 &rarr; <strong>1714</strong><br />(-18 for losing)
|raw|mansonabuluting's rating: 1772 &rarr; <strong>1790</strong><br />(+18 for winning)
|l|☆Grindset mindset
|player|p1|
|l|☆mansonabuluting
|player|p2|
