|j|☆flaresun3
|j|☆key2saucyy
|t:|1760886943
|gametype|singles
|player|p1|flaresun3|shadowtriad|1120
|player|p2|key2saucyy|lucian|1071
|gen|9
|tier|[Gen 9] OU
|rated|
|rule|HP Percentage Mod: HP is shown in percentages
|rule|Endless Battle Clause: Forcing endless battles is banned
|rule|Species Clause: Limit one of each Pokémon
|rule|OHKO Clause: OHKO moves are banned
|rule|Evasion Items Clause: Evasion items are banned
|rule|Evasion Moves Clause: Evasion moves are banned
|rule|Evasion Abilities Clause: Evasion abilities are banned
|rule|Sleep Moves Clause: Sleep-inducing moves are banned
|clearpoke
|poke|p1|Milotic, M|
|poke|p1|Flygon, F|
|poke|p1|Snorlax, F|
|poke|p1|Infernape, M|
|poke|p1|Ogerpon, F|
|poke|p1|Rotom-Wash|
|poke|p2|Ampharos, M|
|poke|p2|Hypno, M|
|poke|p2|Vigoroth, M|
|poke|p2|Shiftry, M|
|poke|p2|Klefki, M|
|poke|p2|Oricorio-Sensu, M|
|teampreview
|inactive|Battle timer is ON: inactive players will automatically lose when time's up. (requested by flaresun3)
|
|t:|1760886952
|teamsize|p1|6
|teamsize|p2|6
|start
|switch|p1a: Infernape|Infernape, M|100/100
|switch|p2a: Klefki|Klefki, M, shiny|100/100
|turn|1
|
|t:|1760886973
|switch|p2a: Vigoroth|Vigoroth, M, shiny|100/100
|move|p1a: Infernape|Flamethrower|p2a: Vigoroth
|-damage|p2a: Vigoroth|80/100
|
|upkeep
|turn|2
|
|t:|1760886986
|move|p1a: Infernape|Drain Punch|p2a: Vigoroth
|-supereffective|p2a: Vigoroth
|-damage|p2a: Vigoroth|30/100
|move|p2a: Vigoroth|Encore|p1a: Infernape
|-start|p1a: Infernape|Encore
|
|upkeep
|turn|3
|
|t:|1760887001
|switch|p2a: Klefki|Klefki, M, shiny|100/100
|move|p1a: Infernape|Drain Punch|p2a: Klefki
|-damage|p2a: Klefki|64/100
|
|upkeep
|turn|4
|
|t:|1760887011
|switch|p1a: Flygon|Flygon, F|100/100
|move|p2a: Klefki|Switcheroo|p1a: Flygon
|-activate|p2a: Klefki|move: Trick|[of] p1a: Flygon
|-item|p1a: Flygon|Choice Specs|[from] move: Switcheroo
|-item|p2a: Klefki|Sitrus Berry|[from] move: Switcheroo
|
|upkeep
|turn|5
|
|t:|1760887020
|move|p2a: Klefki|Spikes|p1a: Flygon
|-sidestart|p1: flaresun3|Spikes
|move|p1a: Flygon|Earthquake|p2a: Klefki
|-supereffective|p2a: Klefki
|-damage|p2a: Klefki|0 fnt
|faint|p2a: Klefki
|
|upkeep
|
|t:|1760887040
|switch|p2a: Shiftry|Shiftry, M, shiny|100/100
|turn|6
|
|t:|1760887045
|switch|p1a: Infernape|Infernape, M|100/100
|-damage|p1a: Infernape|88/100|[from] Spikes
|move|p2a: Shiftry|Tailwind|p2a: Shiftry
|-sidestart|p2: key2saucyy|move: Tailwind
|-ability|p2a: Shiftry|Wind Rider|boost
|-boost|p2a: Shiftry|atk|1
|
|upkeep
|turn|7
|
|t:|1760887063
|switch|p2a: Ampharos|Ampharos, M, shiny|100/100
|move|p1a: Infernape|Drain Punch|p2a: Ampharos
|-damage|p2a: Ampharos|79/100
|-heal|p1a: Infernape|99/100|[from] drain|[of] p2a: Ampharos
|
|upkeep
|turn|8
|
|t:|1760887073
|move|p2a: Ampharos|Thunderbolt|p1a: Infernape
|-damage|p1a: Infernape|57/100
|move|p1a: Infernape|Knock Off|p2a: Ampharos
|-damage|p2a: Ampharos|63/100
|-enditem|p2a: Ampharos|Choice Specs|[from] move: Knock Off|[of] p1a: Infernape
|
|upkeep
|turn|9
|
|t:|1760887083
|move|p2a: Ampharos|Thunderbolt|p1a: Infernape
|-damage|p1a: Infernape|26/100
|move|p1a: Infernape|Drain Punch|p2a: Ampharos
|-damage|p2a: Ampharos|38/100
|-heal|p1a: Infernape|39/100|[from] drain|[of] p2a: Ampharos
|
|-sideend|p2: key2saucyy|move: Tailwind
|upkeep
|turn|10
|
|t:|1760887100
|-terastallize|p2a: Ampharos|Electric
|move|p1a: Infernape|Drain Punch|p2a: Ampharos
|-damage|p2a: Ampharos|14/100
|-heal|p1a: Infernape|52/100|[from] drain|[of] p2a: Ampharos
|-status|p1a: Infernape|par|[from] ability: Static|[of] p2a: Ampharos
|move|p2a: Ampharos|Thunderbolt|p1a: Infernape
|-damage|p1a: Infernape|11/100 par
|
|upkeep
|turn|11
|
|t:|1760887115
|switch|p1a: Flygon|Flygon, F|100/100
|move|p2a: Ampharos|Volt Switch|p1a: Flygon
|-immune|p1a: Flygon
|
|upkeep
|turn|12
|
|t:|1760887125
|switch|p2a: Oricorio|Oricorio-Sensu, M, shiny|100/100
|move|p1a: Flygon|Dragon Claw|p2a: Oricorio
|-damage|p2a: Oricorio|70/100
|
|upkeep
|turn|13
|
|t:|1760887133
|move|p1a: Flygon|Dragon Claw|p2a: Oricorio
|-damage|p2a: Oricorio|36/100
|move|p2a: Oricorio|Icy Wind|p1a: Flygon
|-supereffective|p1a: Flygon
|-damage|p1a: Flygon|33/100
|-unboost|p1a: Flygon|spe|1
|
|upkeep
|turn|14
|
|t:|1760887148
|switch|p1a: Infernape|Infernape, M|11/100 par
|-damage|p1a: Infernape|0 fnt|[from] Spikes
|faint|p1a: Infernape
|move|p2a: Oricorio|Hurricane|p1: Infernape|[notarget]
|-fail|p2a: Oricorio
|
|upkeep
|
|t:|1760887164
|switch|p1a: Snorlax|Snorlax, F|100/100
|-damage|p1a: Snorlax|88/100|[from] Spikes
|turn|15
|
|t:|1760887171
|move|p2a: Oricorio|U-turn|p1a: Snorlax
|-damage|p1a: Snorlax|78/100
|
|t:|1760887178
|switch|p2a: Shiftry|Shiftry, M, shiny|100/100|[from] U-turn
|move|p1a: Snorlax|Iron Head|p2a: Shiftry
|-damage|p2a: Shiftry|66/100
|
|upkeep
|turn|16
|
|t:|1760887185
|move|p2a: Shiftry|Tailwind|p2a: Shiftry
|-sidestart|p2: key2saucyy|move: Tailwind
|-ability|p2a: Shiftry|Wind Rider|boost
|-boost|p2a: Shiftry|atk|1
|move|p1a: Snorlax|Body Slam|p2a: Shiftry
|-damage|p2a: Shiftry|6/100
|
|upkeep
|turn|17
|
|t:|1760887204
|move|p2a: Shiftry|Toxic Spikes|p1a: Snorlax
|-sidestart|p1: flaresun3|move: Toxic Spikes
|move|p1a: Snorlax|Iron Head|p2a: Shiftry
|-damage|p2a: Shiftry|0 fnt
|faint|p2a: Shiftry
|
|upkeep
|
|t:|1760887217
|switch|p2a: Ampharos|Ampharos, M, shiny, tera:Electric|14/100
|turn|18
|
|t:|1760887221
|move|p2a: Ampharos|Thunderbolt|p1a: Snorlax
|-damage|p1a: Snorlax|52/100
|move|p1a: Snorlax|Body Slam|p2a: Ampharos
|-damage|p2a: Ampharos|0 fnt
|faint|p2a: Ampharos
|
|upkeep
|
|t:|1760887233
|switch|p2a: Vigoroth|Vigoroth, M, shiny|30/100
|turn|19
|
|t:|1760887236
|move|p2a: Vigoroth|Slack Off|p2a: Vigoroth
|-heal|p2a: Vigoroth|80/100
|move|p1a: Snorlax|Body Slam|p2a: Vigoroth
|-damage|p2a: Vigoroth|48/100
|
|-sideend|p2: key2saucyy|move: Tailwind
|upkeep
|turn|20
|
|t:|1760887244
|move|p2a: Vigoroth|Bulk Up|p2a: Vigoroth
|-boost|p2a: Vigoroth|atk|1
|-boost|p2a: Vigoroth|def|1
|move|p1a: Snorlax|Rest|p1a: Snorlax
|-status|p1a: Snorlax|slp|[from] move: Rest
|-heal|p1a: Snorlax|100/100 slp|[silent]
|-enditem|p1a: Snorlax|Chesto Berry|[eat]
|-curestatus|p1a: Snorlax|slp|[msg]
|
|upkeep
|turn|21
|
|t:|1760887261
|move|p2a: Vigoroth|Encore|p1a: Snorlax
|-start|p1a: Snorlax|Encore
|move|p1a: Snorlax|Rest|p1a: Snorlax
|-fail|p1a: Snorlax|heal
|
|upkeep
|turn|22
|
|t:|1760887273
|switch|p1a: Rotom|Rotom-Wash|100/100
|move|p2a: Vigoroth|Facade|p1a: Rotom
|-damage|p1a: Rotom|76/100
|
|upkeep
|turn|23
|
|t:|1760887283
|switch|p2a: Hypno|Hypno, M, shiny|100/100
|-activate|p2a: Hypno|ability: Forewarn|Hydro Pump|[of] p1a: Rotom
|move|p1a: Rotom|Discharge|p2a: Hypno
|-damage|p2a: Hypno|79/100
|
|-heal|p2a: Hypno|86/100|[from] item: Leftovers
|upkeep
|turn|24
|
|t:|1760887301
|move|p1a: Rotom|Shadow Ball|p2a: Hypno
|-supereffective|p2a: Hypno
|-damage|p2a: Hypno|57/100
|move|p2a: Hypno|Taunt|p1a: Rotom
|-start|p1a: Rotom|move: Taunt
|
|-heal|p2a: Hypno|63/100|[from] item: Leftovers
|upkeep
|turn|25
|
|t:|1760887310
|move|p2a: Hypno|Protect|p2a: Hypno
|-singleturn|p2a: Hypno|Protect
|move|p1a: Rotom|Shadow Ball|p2a: Hypno
|-activate|p2a: Hypno|move: Protect
|
|-heal|p2a: Hypno|69/100|[from] item: Leftovers
|upkeep
|turn|26
|
|t:|1760887320
|switch|p2a: Vigoroth|Vigoroth, M, shiny|48/100
|-terastallize|p1a: Rotom|Ghost
|move|p1a: Rotom|Shadow Ball|p2a: Vigoroth
|-immune|p2a: Vigoroth
|
|upkeep
|turn|27
|
|t:|1760887332
|move|p2a: Vigoroth|Encore|p1a: Rotom
|-start|p1a: Rotom|Encore
|move|p1a: Rotom|Shadow Ball|p2a: Vigoroth
|-immune|p2a: Vigoroth
|
|-end|p1a: Rotom|move: Taunt
|upkeep
|turn|28
|
|t:|1760887340
|move|p2a: Vigoroth|Slack Off|p2a: Vigoroth
|-heal|p2a: Vigoroth|98/100
|move|p1a: Rotom|Shadow Ball|p2a: Vigoroth
|-immune|p2a: Vigoroth
|
|upkeep
|turn|29
|
|t:|1760887357
|switch|p2a: Hypno|Hypno, M, shiny|69/100
|-activate|p2a: Hypno|ability: Forewarn|Hydro Pump|[of] p1a: Rotom
|move|p1a: Rotom|Shadow Ball|p2a: Hypno
|-supereffective|p2a: Hypno
|-damage|p2a: Hypno|30/100
|
|-heal|p2a: Hypno|36/100|[from] item: Leftovers
|-end|p1a: Rotom|Encore
|upkeep
|turn|30
|
|t:|1760887373
|move|p1a: Rotom|Discharge|p2a: Hypno
|-damage|p2a: Hypno|16/100
|move|p2a: Hypno|Psychic|p1a: Rotom
|-damage|p1a: Rotom|59/100
|
|-heal|p2a: Hypno|22/100|[from] item: Leftovers
|upkeep
|turn|31
|
|t:|1760887383
|move|p2a: Hypno|Protect|p2a: Hypno
|-singleturn|p2a: Hypno|Protect
|move|p1a: Rotom|Shadow Ball|p2a: Hypno
|-activate|p2a: Hypno|move: Protect
|
|-heal|p2a: Hypno|28/100|[from] item: Leftovers
|upkeep
|turn|32
|
|t:|1760887392
|move|p1a: Rotom|Shadow Ball|p2a: Hypno
|-supereffective|p2a: Hypno
|-damage|p2a: Hypno|0 fnt
|faint|p2a: Hypno
|
|upkeep
|
|t:|1760887399
|switch|p2a: Oricorio|Oricorio-Sensu, M, shiny|36/100
|turn|33
|
|t:|1760887402
|move|p2a: Oricorio|Revelation Dance|p1a: Rotom
|-supereffective|p1a: Rotom
|-damage|p1a: Rotom|17/100
|move|p1a: Rotom|Shadow Ball|p2a: Oricorio
|-supereffective|p2a: Oricorio
|-damage|p2a: Oricorio|0 fnt
|faint|p2a: Oricorio
|
|upkeep
|
|t:|1760887424
|switch|p2a: Vigoroth|Vigoroth, M, shiny|98/100
|turn|34
|-message|key2saucyy forfeited.
|
|win|flaresun3
|raw|flaresun3's rating: 1120 &rarr; <strong>1141</strong><br />(+21 for winning)
|raw|key2saucyy's rating: 1071 &rarr; <strong>1053</strong><br />(-18 for losing)
|l|☆key2saucyy
|player|p2|
|l|☆flaresun3
|player|p1|
