|j|☆MrLegilimens
|j|☆jacob416
|t:|1760750735
|gametype|singles
|player|p1|MrLegilimens|101|1376
|player|p2|jacob416|265|1395
|gen|9
|tier|[Gen 9] OU
|rated|
|rule|HP Percentage Mod: HP is shown in percentages
|rule|Endless Battle Clause: Forcing endless battles is banned
|rule|Species Clause: Limit one of each Pokémon
|rule|OHKO Clause: OHKO moves are banned
|rule|Evasion Items Clause: Evasion items are banned
|rule|Evasion Moves Clause: Evasion moves are banned
|rule|Evasion Abilities Clause: Evasion abilities are banned
|rule|Sleep Moves Clause: Sleep-inducing moves are banned
|clearpoke
|poke|p1|Hoopa-Unbound|
|poke|p1|Hydrapple, F|
|poke|p1|Gliscor, M|
|poke|p1|Cinderace, F|
|poke|p1|Alomomola, M|
|poke|p1|Gholdengo|
|poke|p2|Lokix, M|
|poke|p2|Cinderace, F|
|poke|p2|Great Tusk|
|poke|p2|Alomomola, M|
|poke|p2|Enamorus, F|
|poke|p2|Iron Crown|
|teampreview
|inactive|Battle timer is ON: inactive players will automatically lose when time's up. (requested by MrLegilimens)
|
|t:|1760750761
|teamsize|p1|6
|teamsize|p2|6
|start
|switch|p1a: Gliscor|Gliscor, M|100/100
|switch|p2a: Iron Crown|Iron Crown|100/100
|turn|1
|
|t:|1760750776
|-terastallize|p2a: Iron Crown|Fighting
|move|p2a: Iron Crown|Future Sight|p1a: Gliscor
|-start|p2a: Iron Crown|move: Future Sight
|move|p1a: Gliscor|Earthquake|p2a: Iron Crown
|-damage|p2a: Iron Crown|65/100
|
|-status|p1a: Gliscor|tox|[from] item: Toxic Orb
|upkeep
|turn|2
|
|t:|1760750786
|move|p2a: Iron Crown|Tachyon Cutter|p1a: Gliscor
|-damage|p1a: Gliscor|79/100 tox
|-damage|p1a: Gliscor|58/100 tox
|-hitcount|p1a: Gliscor|2
|move|p1a: Gliscor|Toxic|p2a: Iron Crown
|-status|p2a: Iron Crown|tox
|
|-damage|p2a: Iron Crown|59/100 tox|[from] psn
|-heal|p1a: Gliscor|70/100 tox|[from] ability: Poison Heal
|upkeep
|turn|3
|
|t:|1760750803
|-end|p2a: Iron Crown|Quark Drive|[silent]
|switch|p2a: Lokix|Lokix, M|100/100
|move|p1a: Gliscor|Protect||[still]
|-fail|p1a: Gliscor
|
|-end|p1a: Gliscor|move: Future Sight
|-damage|p1a: Gliscor|19/100 tox
|-heal|p1a: Gliscor|31/100 tox|[from] ability: Poison Heal
|upkeep
|turn|4
|
|t:|1760750817
|switch|p1a: Alomomola|Alomomola, M|100/100
|move|p2a: Lokix|First Impression|p1a: Alomomola
|-crit|p1a: Alomomola
|-damage|p1a: Alomomola|50/100
|
|upkeep
|turn|5
|
|t:|1760750826
|move|p2a: Lokix|U-turn|p1a: Alomomola
|-damage|p1a: Alomomola|26/100
|
|t:|1760750834
|switch|p2a: Enamorus|Enamorus, F|100/100|[from] U-turn
|move|p1a: Alomomola|Flip Turn|p2a: Enamorus
|-damage|p2a: Enamorus|74/100
|inactive|MrLegilimens has 120 seconds left.
|
|t:|1760750872
|switch|p1a: Gholdengo|Gholdengo|100/100|[from] Flip Turn
|-item|p1a: Gholdengo|Air Balloon
|
|upkeep
|turn|6
|inactive|MrLegilimens has 120 seconds left.
|
|t:|1760750885
|switch|p2a: Alomomola|Alomomola, M|100/100
|move|p1a: Gholdengo|Make It Rain|p2a: Alomomola
|-resisted|p2a: Alomomola
|-damage|p2a: Alomomola|87/100
|-unboost|p1a: Gholdengo|spa|1
|
|upkeep
|turn|7
|inactive|MrLegilimens has 120 seconds left.
|
|t:|1760750897
|move|p1a: Gholdengo|Thunder Wave|p2a: Alomomola
|-status|p2a: Alomomola|par
|move|p2a: Alomomola|Flip Turn|p1a: Gholdengo
|-damage|p1a: Gholdengo|88/100
|-enditem|p1a: Gholdengo|Air Balloon
|
|t:|1760750925
|switch|p2a: Iron Crown|Iron Crown, tera:Fighting|59/100 tox|[from] Flip Turn
|
|-damage|p2a: Iron Crown|53/100 tox|[from] psn
|upkeep
|turn|8
|
|t:|1760750936
|move|p2a: Iron Crown|Future Sight|p1a: Gholdengo
|-start|p2a: Iron Crown|move: Future Sight
|move|p1a: Gholdengo|Hex|p2a: Iron Crown
|-damage|p2a: Iron Crown|27/100 tox
|
|-damage|p2a: Iron Crown|15/100 tox|[from] psn
|upkeep
|turn|9
|inactive|MrLegilimens has 120 seconds left.
|
|t:|1760750956
|move|p2a: Iron Crown|Volt Switch|p1a: Gholdengo
|-damage|p1a: Gholdengo|66/100
|
|t:|1760750960
|-end|p2a: Iron Crown|Quark Drive|[silent]
|switch|p2a: Alomomola|Alomomola, M|100/100 par|[from] Volt Switch
|move|p1a: Gholdengo|Recover|p1a: Gholdengo
|-heal|p1a: Gholdengo|100/100
|
|upkeep
|turn|10
|
|t:|1760750970
|move|p1a: Gholdengo|Hex|p2a: Alomomola
|-damage|p2a: Alomomola|81/100 par
|move|p2a: Alomomola|Flip Turn|p1a: Gholdengo
|-damage|p1a: Gholdengo|88/100
|
|t:|1760750980
|switch|p2a: Cinderace|Cinderace, F|100/100|[from] Flip Turn
|
|-end|p1a: Gholdengo|move: Future Sight
|-resisted|p1a: Gholdengo
|-damage|p1a: Gholdengo|57/100
|upkeep
|turn|11
|
|t:|1760750988
|switch|p1a: Alomomola|Alomomola, M|59/100
|move|p2a: Cinderace|Pyro Ball|p1a: Alomomola
|-resisted|p1a: Alomomola
|-damage|p1a: Alomomola|41/100
|
|upkeep
|turn|12
|
|t:|1760750997
|move|p2a: Cinderace|Will-O-Wisp|p1a: Alomomola
|-status|p1a: Alomomola|brn
|move|p1a: Alomomola|Flip Turn|p2a: Cinderace
|-supereffective|p2a: Cinderace
|-damage|p2a: Cinderace|80/100
|
|t:|1760751002
|switch|p1a: Gliscor|Gliscor, M|31/100 tox|[from] Flip Turn
|
|-heal|p1a: Gliscor|44/100 tox|[from] ability: Poison Heal
|upkeep
|turn|13
|
|t:|1760751017
|move|p2a: Cinderace|U-turn|p1a: Gliscor
|-resisted|p1a: Gliscor
|-damage|p1a: Gliscor|37/100 tox
|
|t:|1760751025
|switch|p2a: Great Tusk|Great Tusk|100/100|[from] U-turn
|move|p1a: Gliscor|Toxic|p2a: Great Tusk|[miss]
|-miss|p1a: Gliscor|p2a: Great Tusk
|
|-heal|p1a: Gliscor|49/100 tox|[from] ability: Poison Heal
|upkeep
|turn|14
|
|t:|1760751039
|-end|p2a: Great Tusk|Protosynthesis|[silent]
|switch|p2a: Alomomola|Alomomola, M|100/100 par
|move|p1a: Gliscor|Protect||[still]
|-fail|p1a: Gliscor
|
|-heal|p1a: Gliscor|62/100 tox|[from] ability: Poison Heal
|upkeep
|turn|15
|
|t:|1760751046
|move|p1a: Gliscor|Protect|p1a: Gliscor
|-singleturn|p1a: Gliscor|Protect
|cant|p2a: Alomomola|par
|
|-heal|p1a: Gliscor|74/100 tox|[from] ability: Poison Heal
|upkeep
|turn|16
|
|t:|1760751053
|move|p1a: Gliscor|Spikes|p2a: Alomomola
|-sidestart|p2: jacob416|Spikes
|move|p2a: Alomomola|Flip Turn|p1a: Gliscor
|-supereffective|p1a: Gliscor
|-damage|p1a: Gliscor|50/100 tox
|
|t:|1760751076
|switch|p2a: Enamorus|Enamorus, F|74/100|[from] Flip Turn
|
|-heal|p1a: Gliscor|62/100 tox|[from] ability: Poison Heal
|upkeep
|turn|17
|
|t:|1760751083
|move|p2a: Enamorus|Moonblast|p1a: Gliscor
|-damage|p1a: Gliscor|10/100 tox
|move|p1a: Gliscor|Toxic|p2a: Enamorus|[miss]
|-miss|p1a: Gliscor|p2a: Enamorus
|
|-heal|p1a: Gliscor|22/100 tox|[from] ability: Poison Heal
|upkeep
|turn|18
|
|t:|1760751090
|move|p1a: Gliscor|Protect|p1a: Gliscor
|-singleturn|p1a: Gliscor|Protect
|move|p2a: Enamorus|Moonblast|p1a: Gliscor
|-activate|p1a: Gliscor|move: Protect
|
|-heal|p1a: Gliscor|35/100 tox|[from] ability: Poison Heal
|upkeep
|turn|19
|
|t:|1760751098
|switch|p1a: Alomomola|Alomomola, M|74/100 brn
|move|p2a: Enamorus|Moonblast|p1a: Alomomola
|-damage|p1a: Alomomola|48/100 brn
|
|-damage|p1a: Alomomola|42/100 brn|[from] brn
|upkeep
|turn|20
|
|t:|1760751113
|switch|p2a: Cinderace|Cinderace, F|80/100
|move|p1a: Alomomola|Mirror Coat||[still]
|-fail|p1a: Alomomola
|
|-damage|p1a: Alomomola|36/100 brn|[from] brn
|upkeep
|turn|21
|
|t:|1760751125
|move|p2a: Cinderace|U-turn|p1a: Alomomola
|-damage|p1a: Alomomola|22/100 brn
|
|t:|1760751133
|switch|p2a: Alomomola|Alomomola, M|100/100 par|[from] U-turn
|-damage|p2a: Alomomola|88/100 par|[from] Spikes
|move|p1a: Alomomola|Flip Turn|p2a: Alomomola
|-resisted|p2a: Alomomola
|-damage|p2a: Alomomola|85/100 par
|
|t:|1760751156
|switch|p1a: Gliscor|Gliscor, M|35/100 tox|[from] Flip Turn
|
|-heal|p1a: Gliscor|47/100 tox|[from] ability: Poison Heal
|upkeep
|turn|22
|
|t:|1760751172
|switch|p2a: Enamorus|Enamorus, F|74/100
|move|p1a: Gliscor|Protect||[still]
|-fail|p1a: Gliscor
|
|-heal|p1a: Gliscor|60/100 tox|[from] ability: Poison Heal
|upkeep
|turn|23
|
|t:|1760751187
|move|p2a: Enamorus|Moonblast|p1a: Gliscor
|-damage|p1a: Gliscor|11/100 tox
|move|p1a: Gliscor|Toxic|p2a: Enamorus
|-status|p2a: Enamorus|tox
|
|-damage|p2a: Enamorus|67/100 tox|[from] psn
|-heal|p1a: Gliscor|23/100 tox|[from] ability: Poison Heal
|upkeep
|turn|24
|
|t:|1760751195
|move|p1a: Gliscor|Protect|p1a: Gliscor
|-singleturn|p1a: Gliscor|Protect
|move|p2a: Enamorus|Moonblast|p1a: Gliscor
|-activate|p1a: Gliscor|move: Protect
|
|-damage|p2a: Enamorus|55/100 tox|[from] psn
|-heal|p1a: Gliscor|36/100 tox|[from] ability: Poison Heal
|upkeep
|turn|25
|
|t:|1760751207
|switch|p1a: Alomomola|Alomomola, M|55/100 brn
|move|p2a: Enamorus|Moonblast|p1a: Alomomola
|-damage|p1a: Alomomola|28/100 brn
|-unboost|p1a: Alomomola|spa|1
|
|-damage|p2a: Enamorus|36/100 tox|[from] psn
|-damage|p1a: Alomomola|22/100 brn|[from] brn
|upkeep
|turn|26
|
|t:|1760751230
|switch|p1a: Gholdengo|Gholdengo|57/100
|move|p2a: Enamorus|Moonblast|p1a: Gholdengo
|-resisted|p1a: Gholdengo
|-damage|p1a: Gholdengo|29/100
|-unboost|p1a: Gholdengo|spa|1
|
|-damage|p2a: Enamorus|11/100 tox|[from] psn
|upkeep
|turn|27
|
|t:|1760751245
|switch|p2a: Alomomola|Alomomola, M|100/100 par
|-damage|p2a: Alomomola|88/100 par|[from] Spikes
|move|p1a: Gholdengo|Recover|p1a: Gholdengo
|-heal|p1a: Gholdengo|79/100
|
|upkeep
|turn|28
|
|t:|1760751263
|switch|p1a: Alomomola|Alomomola, M|56/100 brn
|cant|p2a: Alomomola|par
|
|-damage|p1a: Alomomola|49/100 brn|[from] brn
|upkeep
|turn|29
|
|t:|1760751273
|move|p1a: Alomomola|Body Slam|p2a: Alomomola
|-damage|p2a: Alomomola|82/100 par
|move|p2a: Alomomola|Flip Turn|p1a: Alomomola
|-resisted|p1a: Alomomola
|-damage|p1a: Alomomola|43/100 brn
|inactive|jacob416 has 120 seconds left.
|
|t:|1760751302
|switch|p2a: Enamorus|Enamorus, F|11/100 tox|[from] Flip Turn
|
|-damage|p2a: Enamorus|5/100 tox|[from] psn
|-damage|p1a: Alomomola|37/100 brn|[from] brn
|upkeep
|turn|30
|
|t:|1760751309
|move|p2a: Enamorus|Healing Wish|p2a: Enamorus
|faint|p2a: Enamorus
|move|p1a: Alomomola|Flip Turn|p2: Enamorus|[notarget]
|-fail|p1a: Alomomola
|
|-damage|p1a: Alomomola|30/100 brn|[from] brn
|upkeep
|
|t:|1760751316
|switch|p2a: Iron Crown|Iron Crown, tera:Fighting|15/100 tox
|-heal|p2a: Iron Crown|100/100|[from] move: Healing Wish
|-damage|p2a: Iron Crown|88/100|[from] Spikes
|turn|31
|inactive|jacob416 has 120 seconds left.
|
|t:|1760751337
|switch|p1a: Gholdengo|Gholdengo|79/100
|move|p2a: Iron Crown|Future Sight|p1a: Gholdengo
|-start|p2a: Iron Crown|move: Future Sight
|
|upkeep
|turn|32
|inactive|jacob416 has 120 seconds left.
|
|t:|1760751347
|-end|p2a: Iron Crown|Quark Drive|[silent]
|switch|p2a: Alomomola|Alomomola, M|100/100 par
|-damage|p2a: Alomomola|88/100 par|[from] Spikes
|move|p1a: Gholdengo|Thunder Wave|p2a: Alomomola
|-fail|p2a: Alomomola|par
|
|upkeep
|turn|33
|inactive|jacob416 has 120 seconds left.
|
|t:|1760751360
|switch|p1a: Hoopa|Hoopa-Unbound|100/100
|move|p2a: Alomomola|Mirror Coat||[still]
|-fail|p2a: Alomomola
|
|-end|p1a: Hoopa|move: Future Sight
|-immune|p1a: Hoopa
|upkeep
|turn|34
|
|t:|1760751378
|move|p1a: Hoopa|Gunk Shot|p2a: Alomomola
|-damage|p2a: Alomomola|51/100 par
|cant|p2a: Alomomola|par
|
|upkeep
|turn|35
|
|t:|1760751387
|move|p1a: Hoopa|Gunk Shot|p2a: Alomomola
|-damage|p2a: Alomomola|17/100 par
|move|p2a: Alomomola|Flip Turn|p1a: Hoopa
|-damage|p1a: Hoopa|67/100
|inactive|jacob416 has 120 seconds left.
|
|t:|1760751409
|switch|p2a: Cinderace|Cinderace, F|80/100|[from] Flip Turn
|
|upkeep
|turn|36
|inactive|jacob416 has 120 seconds left.
|
|t:|1760751428
|switch|p1a: Hydrapple|Hydrapple, F, shiny|100/100
|move|p2a: Cinderace|U-turn|p1a: Hydrapple
|-supereffective|p1a: Hydrapple
|-damage|p1a: Hydrapple|77/100
|-damage|p2a: Cinderace|63/100|[from] item: Rocky Helmet|[of] p1a: Hydrapple
|inactive|jacob416 has 120 seconds left.
|
|t:|1760751458
|switch|p2a: Lokix|Lokix, M|100/100|[from] U-turn
|
|upkeep
|turn|37
|
|t:|1760751475
|move|p2a: Lokix|U-turn|p1a: Hydrapple
|-supereffective|p1a: Hydrapple
|-damage|p1a: Hydrapple|33/100
|-damage|p2a: Lokix|84/100|[from] item: Rocky Helmet|[of] p1a: Hydrapple
|
|t:|1760751489
|switch|p2a: Alomomola|Alomomola, M|50/100 par|[from] U-turn
|-damage|p2a: Alomomola|38/100 par|[from] Spikes
|move|p1a: Hydrapple|Fickle Beam|p2a: Alomomola
|-damage|p2a: Alomomola|18/100 par
|
|upkeep
|turn|38
|
|t:|1760751503
|switch|p2a: Cinderace|Cinderace, F|63/100
|move|p1a: Hydrapple|Fickle Beam|p2a: Cinderace
|-damage|p2a: Cinderace|17/100
|
|upkeep
|turn|39
|
|t:|1760751509
|switch|p1a: Alomomola|Alomomola, M|64/100 brn
|move|p2a: Cinderace|Pyro Ball|p1a: Alomomola
|-resisted|p1a: Alomomola
|-damage|p1a: Alomomola|34/100 brn
|
|-damage|p1a: Alomomola|28/100 brn|[from] brn
|upkeep
|turn|40
|inactive|jacob416 has 90 seconds left.
|
|t:|1760751536
|switch|p2a: Lokix|Lokix, M|84/100
|move|p1a: Alomomola|Flip Turn|p2a: Lokix
|-damage|p2a: Lokix|73/100
|
|t:|1760751551
|switch|p1a: Gliscor|Gliscor, M|36/100 tox|[from] Flip Turn
|
|-heal|p1a: Gliscor|48/100 tox|[from] ability: Poison Heal
|upkeep
|turn|41
|inactive|jacob416 has 90 seconds left.
|
|t:|1760751567
|move|p1a: Gliscor|Protect|p1a: Gliscor
|-singleturn|p1a: Gliscor|Protect
|move|p2a: Lokix|Knock Off|p1a: Gliscor
|-activate|p1a: Gliscor|move: Protect
|
|-heal|p1a: Gliscor|61/100 tox|[from] ability: Poison Heal
|upkeep
|turn|42
|inactive|jacob416 has 90 seconds left.
|
|t:|1760751574
|move|p2a: Lokix|Leech Life|p1a: Gliscor
|-resisted|p1a: Gliscor
|-damage|p1a: Gliscor|29/100 tox
|-heal|p2a: Lokix|92/100|[from] drain|[of] p1a: Gliscor
|move|p1a: Gliscor|Spikes|p2a: Lokix
|-sidestart|p2: jacob416|Spikes
|
|-heal|p1a: Gliscor|41/100 tox|[from] ability: Poison Heal
|upkeep
|turn|43
|
|t:|1760751583
|move|p1a: Gliscor|Protect|p1a: Gliscor
|-singleturn|p1a: Gliscor|Protect
|move|p2a: Lokix|Leech Life|p1a: Gliscor
|-activate|p1a: Gliscor|move: Protect
|
|-heal|p1a: Gliscor|54/100 tox|[from] ability: Poison Heal
|upkeep
|turn|44
|
|t:|1760751591
|move|p2a: Lokix|Leech Life|p1a: Gliscor
|-resisted|p1a: Gliscor
|-damage|p1a: Gliscor|22/100 tox
|-heal|p2a: Lokix|100/100|[from] drain|[of] p1a: Gliscor
|move|p1a: Gliscor|Toxic|p2a: Lokix
|-status|p2a: Lokix|tox
|
|-damage|p2a: Lokix|94/100 tox|[from] psn
|-heal|p1a: Gliscor|34/100 tox|[from] ability: Poison Heal
|upkeep
|turn|45
|
|t:|1760751608
|move|p1a: Gliscor|Protect|p1a: Gliscor
|-singleturn|p1a: Gliscor|Protect
|move|p2a: Lokix|Leech Life|p1a: Gliscor
|-activate|p1a: Gliscor|move: Protect
|
|-damage|p2a: Lokix|82/100 tox|[from] psn
|-heal|p1a: Gliscor|47/100 tox|[from] ability: Poison Heal
|upkeep
|turn|46
|
|t:|1760751618
|move|p2a: Lokix|Leech Life|p1a: Gliscor
|-resisted|p1a: Gliscor
|-damage|p1a: Gliscor|18/100 tox
|-heal|p2a: Lokix|99/100 tox|[from] drain|[of] p1a: Gliscor
|move|p1a: Gliscor|Spikes|p2a: Lokix
|-sidestart|p2: jacob416|Spikes
|
|-damage|p2a: Lokix|81/100 tox|[from] psn
|-heal|p1a: Gliscor|30/100 tox|[from] ability: Poison Heal
|upkeep
|turn|47
|
|t:|1760751634
|switch|p2a: Cinderace|Cinderace, F|17/100
|move|p1a: Gliscor|Protect||[still]
|-fail|p1a: Gliscor
|
|-heal|p1a: Gliscor|43/100 tox|[from] ability: Poison Heal
|upkeep
|turn|48
|
|t:|1760751646
|move|p2a: Cinderace|Pyro Ball|p1a: Gliscor
|-crit|p1a: Gliscor
|-damage|p1a: Gliscor|0 fnt
|faint|p1a: Gliscor
|
|upkeep
|
|t:|1760751651
|switch|p1a: Hoopa|Hoopa-Unbound|67/100
|turn|49
|inactive|jacob416 has 90 seconds left.
|inactive|MrLegilimens has 120 seconds left.
|
|t:|1760751701
|move|p1a: Hoopa|Knock Off|p2a: Cinderace
|-damage|p2a: Cinderace|0 fnt
|-enditem|p2a: Cinderace|Heavy-Duty Boots|[from] move: Knock Off|[of] p1a: Hoopa
|faint|p2a: Cinderace
|
|upkeep
|
|t:|1760751713
|switch|p2a: Great Tusk|Great Tusk|100/100
|-damage|p2a: Great Tusk|76/100|[from] Spikes
|turn|50
|
|t:|1760751718
|switch|p1a: Gholdengo|Gholdengo|79/100
|move|p2a: Great Tusk|Rapid Spin|p1a: Gholdengo
|-immune|p1a: Gholdengo
|
|-heal|p2a: Great Tusk|82/100|[from] item: Leftovers
|upkeep
|turn|51
|inactive|MrLegilimens has 120 seconds left.
|
|t:|1760751747
|-terastallize|p1a: Gholdengo|Fairy
|move|p2a: Great Tusk|Earthquake|p1a: Gholdengo
|-damage|p1a: Gholdengo|49/100
|move|p1a: Gholdengo|Make It Rain|p2a: Great Tusk
|-damage|p2a: Great Tusk|15/100
|-unboost|p1a: Gholdengo|spa|1
|
|-heal|p2a: Great Tusk|21/100|[from] item: Leftovers
|upkeep
|turn|52
|inactive|jacob416 has 60 seconds left.
|
|t:|1760751762
|switch|p1a: Hydrapple|Hydrapple, F, shiny|66/100
|move|p2a: Great Tusk|Earthquake|p1a: Hydrapple
|-resisted|p1a: Hydrapple
|-damage|p1a: Hydrapple|51/100
|
|-heal|p2a: Great Tusk|27/100|[from] item: Leftovers
|upkeep
|turn|53
|inactive|jacob416 has 60 seconds left.
|
|t:|1760751773
|move|p2a: Great Tusk|Rapid Spin|p1a: Hydrapple
|-crit|p1a: Hydrapple
|-damage|p1a: Hydrapple|37/100
|-boost|p2a: Great Tusk|spe|1
|-damage|p2a: Great Tusk|11/100|[from] item: Rocky Helmet|[of] p1a: Hydrapple
|-sideend|p2: jacob416|Spikes|[from] move: Rapid Spin|[of] p2a: Great Tusk
|move|p1a: Hydrapple|Giga Drain|p2a: Great Tusk
|-supereffective|p2a: Great Tusk
|-damage|p2a: Great Tusk|0 fnt
|-heal|p1a: Hydrapple|42/100|[from] drain|[of] p2a: Great Tusk
|faint|p2a: Great Tusk
|-end|p2a: Great Tusk|Protosynthesis|[silent]
|
|upkeep
|inactive|jacob416 has 60 seconds left.
|
|t:|1760751791
|switch|p2a: Lokix|Lokix, M|81/100 tox
|turn|54
|
|t:|1760751800
|switch|p1a: Cinderace|Cinderace, F|100/100
|move|p2a: Lokix|First Impression|p1a: Cinderace
|-resisted|p1a: Cinderace
|-damage|p1a: Cinderace|43/100
|
|-damage|p2a: Lokix|75/100 tox|[from] psn
|upkeep
|turn|55
|inactive|jacob416 has 60 seconds left.
|
|t:|1760751811
|switch|p2a: Alomomola|Alomomola, M|52/100 par
|move|p1a: Cinderace|Pyro Ball|p2a: Alomomola
|-resisted|p2a: Alomomola
|-crit|p2a: Alomomola
|-damage|p2a: Alomomola|22/100 par
|
|upkeep
|turn|56
|inactive|jacob416 has 60 seconds left.
|inactive|jacob416 has 30 seconds left.
|
|t:|1760751854
|switch|p2a: Iron Crown|Iron Crown, tera:Fighting|88/100
|move|p1a: Cinderace|U-turn|p2a: Iron Crown
|-resisted|p2a: Iron Crown
|-damage|p2a: Iron Crown|78/100
|inactive|MrLegilimens has 120 seconds left.
|
|t:|1760751913
|switch|p1a: Hoopa|Hoopa-Unbound|67/100|[from] U-turn
|
|upkeep
|turn|57
|inactive|jacob416 has 30 seconds left.
|
|t:|1760751932
|move|p1a: Hoopa|Gunk Shot|p2a: Iron Crown|[miss]
|-miss|p1a: Hoopa|p2a: Iron Crown
|move|p2a: Iron Crown|Volt Switch|p1a: Hoopa
|-damage|p1a: Hoopa|47/100
|inactive|jacob416 has 30 seconds left this turn.
|
|t:|1760751941
|-end|p2a: Iron Crown|Quark Drive|[silent]
|switch|p2a: Lokix|Lokix, M|75/100 tox|[from] Volt Switch
|
|-damage|p2a: Lokix|69/100 tox|[from] psn
|upkeep
|turn|58
|inactive|jacob416 has 30 seconds left.
|c|☆MrLegilimens|that was huge
|
|t:|1760751952
|switch|p1a: Alomomola|Alomomola, M|61/100 brn
|move|p2a: Lokix|U-turn|p1a: Alomomola
|-damage|p1a: Alomomola|33/100 brn
|inactive|jacob416 has 30 seconds left this turn.
|
|t:|1760751958
|switch|p2a: Alomomola|Alomomola, M|55/100 par|[from] U-turn
|
|-damage|p1a: Alomomola|27/100 brn|[from] brn
|upkeep
|turn|59
|inactive|jacob416 has 30 seconds left.
|
|t:|1760751972
|switch|p1a: Hydrapple|Hydrapple, F, shiny|76/100
|move|p2a: Alomomola|Flip Turn|p1a: Hydrapple
|-resisted|p1a: Hydrapple
|-damage|p1a: Hydrapple|73/100
|-damage|p2a: Alomomola|39/100 par|[from] item: Rocky Helmet|[of] p1a: Hydrapple
|inactive|jacob416 has 30 seconds left.
|inactive|jacob416 has 20 seconds left.
|inactive|jacob416 has 15 seconds left.
|
|t:|1760751996
|switch|p2a: Lokix|Lokix, M|69/100 tox|[from] Flip Turn
|
|-damage|p2a: Lokix|63/100 tox|[from] psn
|upkeep
|turn|60
|inactive|jacob416 has 25 seconds left this turn.
|inactive|MrLegilimens has 120 seconds left.
|inactive|jacob416 has 20 seconds left.
|inactive|jacob416 has 15 seconds left.
|
|t:|1760752007
|move|p2a: Lokix|U-turn|p1a: Hydrapple
|-supereffective|p1a: Hydrapple
|-damage|p1a: Hydrapple|31/100
|-damage|p2a: Lokix|46/100 tox|[from] item: Rocky Helmet|[of] p1a: Hydrapple
|inactive|jacob416 has 20 seconds left this turn.
|inactive|jacob416 has 15 seconds left.
|
|t:|1760752013
|switch|p2a: Alomomola|Alomomola, M|72/100 par|[from] U-turn
|move|p1a: Hydrapple|Fickle Beam|p2a: Alomomola
|-crit|p2a: Alomomola
|-damage|p2a: Alomomola|44/100 par
|
|upkeep
|turn|61
|inactive|jacob416 has 25 seconds left this turn.
|inactive|jacob416 has 20 seconds left.
|
|t:|1760752023
|move|p1a: Hydrapple|Giga Drain|p2a: Alomomola
|-supereffective|p2a: Alomomola
|-damage|p2a: Alomomola|10/100 par
|-heal|p1a: Hydrapple|53/100|[from] drain|[of] p2a: Alomomola
|move|p2a: Alomomola|Mirror Coat|p1a: Hydrapple
|-damage|p1a: Hydrapple|0 fnt
|faint|p1a: Hydrapple
|
|upkeep
|inactive|MrLegilimens has 120 seconds left.
|
|t:|1760752045
|switch|p1a: Hoopa|Hoopa-Unbound|47/100
|turn|62
|inactive|jacob416 has 30 seconds left.
|inactive|MrLegilimens has 120 seconds left.
|
|t:|1760752056
|switch|p2a: Iron Crown|Iron Crown, tera:Fighting|78/100
|move|p1a: Hoopa|Knock Off|p2a: Iron Crown
|-resisted|p2a: Iron Crown
|-damage|p2a: Iron Crown|49/100
|-enditem|p2a: Iron Crown|Assault Vest|[from] move: Knock Off|[of] p1a: Hoopa
|
|upkeep
|turn|63
|inactive|jacob416 has 30 seconds left.
|
|t:|1760752068
|switch|p1a: Alomomola|Alomomola, M|60/100 brn
|move|p2a: Iron Crown|Focus Blast|p1a: Alomomola|[miss]
|-miss|p2a: Iron Crown|p1a: Alomomola
|
|-damage|p1a: Alomomola|54/100 brn|[from] brn
|upkeep
|turn|64
|
|t:|1760752086
|move|p2a: Iron Crown|Volt Switch|p1a: Alomomola
|-supereffective|p1a: Alomomola
|-damage|p1a: Alomomola|30/100 brn
|
|t:|1760752091
|-end|p2a: Iron Crown|Quark Drive|[silent]
|switch|p2a: Alomomola|Alomomola, M|43/100 par|[from] Volt Switch
|move|p1a: Alomomola|Flip Turn|p2a: Alomomola
|-resisted|p2a: Alomomola
|-damage|p2a: Alomomola|40/100 par
|
|t:|1760752100
|switch|p1a: Gholdengo|Gholdengo, tera:Fairy|49/100|[from] Flip Turn
|
|upkeep
|turn|65
|
|t:|1760752110
|move|p1a: Gholdengo|Recover|p1a: Gholdengo
|-heal|p1a: Gholdengo|99/100
|move|p2a: Alomomola|Flip Turn|p1a: Gholdengo
|-damage|p1a: Gholdengo|86/100
|
|t:|1760752120
|switch|p2a: Iron Crown|Iron Crown, tera:Fighting|49/100|[from] Flip Turn
|
|upkeep
|turn|66
|
|t:|1760752128
|switch|p1a: Alomomola|Alomomola, M|63/100 brn
|move|p2a: Iron Crown|Tachyon Cutter|p1a: Alomomola
|-resisted|p1a: Alomomola
|-damage|p1a: Alomomola|57/100 brn
|-resisted|p1a: Alomomola
|-damage|p1a: Alomomola|50/100 brn
|-hitcount|p1a: Alomomola|2
|
|-damage|p1a: Alomomola|44/100 brn|[from] brn
|upkeep
|turn|67
|
|t:|1760752148
|move|p2a: Iron Crown|Volt Switch|p1a: Alomomola
|-supereffective|p1a: Alomomola
|-damage|p1a: Alomomola|21/100 brn
|
|t:|1760752152
|-end|p2a: Iron Crown|Quark Drive|[silent]
|switch|p2a: Alomomola|Alomomola, M|73/100 par|[from] Volt Switch
|move|p1a: Alomomola|Scald|p2a: Alomomola
|-resisted|p2a: Alomomola
|-damage|p2a: Alomomola|70/100 par
|
|-damage|p1a: Alomomola|15/100 brn|[from] brn
|upkeep
|turn|68
|
|t:|1760752161
|move|p1a: Alomomola|Flip Turn|p2a: Alomomola
|-resisted|p2a: Alomomola
|-damage|p2a: Alomomola|67/100 par
|
|t:|1760752174
|switch|p1a: Gholdengo|Gholdengo, tera:Fairy|86/100|[from] Flip Turn
|move|p2a: Alomomola|Flip Turn|p1a: Gholdengo
|-damage|p1a: Gholdengo|75/100
|
|t:|1760752181
|switch|p2a: Iron Crown|Iron Crown, tera:Fighting|49/100|[from] Flip Turn
|
|upkeep
|turn|69
|
|t:|1760752188
|switch|p1a: Alomomola|Alomomola, M|48/100 brn
|move|p2a: Iron Crown|Tachyon Cutter|p1a: Alomomola
|-resisted|p1a: Alomomola
|-damage|p1a: Alomomola|42/100 brn
|-resisted|p1a: Alomomola
|-damage|p1a: Alomomola|35/100 brn
|-hitcount|p1a: Alomomola|2
|
|-damage|p1a: Alomomola|29/100 brn|[from] brn
|upkeep
|turn|70
|
|t:|1760752203
|move|p2a: Iron Crown|Focus Blast|p1a: Alomomola
|-damage|p1a: Alomomola|0 fnt
|faint|p1a: Alomomola
|
|upkeep
|inactive|MrLegilimens has 120 seconds left.
|
|t:|1760752255
|switch|p1a: Hoopa|Hoopa-Unbound|47/100
|turn|71
|
|t:|1760752279
|move|p1a: Hoopa|Psychic Noise|p2a: Iron Crown
|-supereffective|p2a: Iron Crown
|-damage|p2a: Iron Crown|0 fnt
|faint|p2a: Iron Crown
|-end|p2a: Iron Crown|Quark Drive|[silent]
|
|upkeep
|
|t:|1760752287
|switch|p2a: Lokix|Lokix, M|46/100 tox
|turn|72
|
|t:|1760752298
|switch|p1a: Gholdengo|Gholdengo, tera:Fairy|75/100
|move|p2a: Lokix|U-turn|p1a: Gholdengo
|-resisted|p1a: Gholdengo
|-damage|p1a: Gholdengo|49/100
|
|t:|1760752306
|switch|p2a: Alomomola|Alomomola, M|99/100 par|[from] U-turn
|
|upkeep
|turn|73
|
|t:|1760752314
|move|p1a: Gholdengo|Recover|p1a: Gholdengo
|-heal|p1a: Gholdengo|99/100
|move|p2a: Alomomola|Flip Turn|p1a: Gholdengo
|-damage|p1a: Gholdengo|87/100
|
|t:|1760752319
|switch|p2a: Lokix|Lokix, M|46/100 tox|[from] Flip Turn
|
|-damage|p2a: Lokix|40/100 tox|[from] psn
|upkeep
|turn|74
|
|t:|1760752332
|move|p2a: Lokix|Leech Life|p1a: Gholdengo
|-resisted|p1a: Gholdengo
|-damage|p1a: Gholdengo|59/100
|-heal|p2a: Lokix|59/100 tox|[from] drain|[of] p1a: Gholdengo
|move|p1a: Gholdengo|Make It Rain|p2a: Lokix
|-damage|p2a: Lokix|0 fnt
|-unboost|p1a: Gholdengo|spa|1
|faint|p2a: Lokix
|
|upkeep
|c|☆MrLegilimens|gg damn
|c|☆jacob416|yah what a game
|c|☆jacob416|gg
|
|t:|1760752350
|switch|p2a: Alomomola|Alomomola, M|100/100 par
|turn|75
|
|t:|1760752359
|move|p1a: Gholdengo|Hex|p2a: Alomomola
|-damage|p2a: Alomomola|81/100 par
|move|p2a: Alomomola|Mirror Coat|p1a: Gholdengo
|-damage|p1a: Gholdengo|4/100
|
|upkeep
|turn|76
|
|t:|1760752369
|move|p2a: Alomomola|Aqua Jet|p1a: Gholdengo
|-damage|p1a: Gholdengo|0 fnt
|faint|p1a: Gholdengo
|
|upkeep
|
|t:|1760752382
|switch|p1a: Cinderace|Cinderace, F|43/100
|turn|77
|
|t:|1760752389
|move|p1a: Cinderace|Pyro Ball|p2a: Alomomola
|-resisted|p2a: Alomomola
|-damage|p2a: Alomomola|62/100 par
|move|p2a: Alomomola|Flip Turn|p1a: Cinderace
|-supereffective|p1a: Cinderace
|-damage|p1a: Cinderace|1/100
|
|upkeep
|turn|78
|
|t:|1760752395
|move|p2a: Alomomola|Aqua Jet|p1a: Cinderace
|-supereffective|p1a: Cinderace
|-damage|p1a: Cinderace|0 fnt
|faint|p1a: Cinderace
|
|upkeep
|
|t:|1760752397
|switch|p1a: Hoopa|Hoopa-Unbound|47/100
|turn|79
|inactive|jacob416 has 90 seconds left.
|
|t:|1760752426
|move|p1a: Hoopa|Psychic Noise|p2a: Alomomola
|-damage|p2a: Alomomola|42/100 par
|-start|p2a: Alomomola|move: Heal Block
|move|p2a: Alomomola|Body Slam|p1a: Hoopa
|-crit|p1a: Hoopa
|-damage|p1a: Hoopa|1/100
|
|upkeep
|turn|80
|inactive|jacob416 has 90 seconds left.
|
|t:|1760752435
|move|p2a: Alomomola|Aqua Jet|p1a: Hoopa
|-damage|p1a: Hoopa|0 fnt
|faint|p1a: Hoopa
|
|win|jacob416
|raw|MrLegilimens's rating: 1376 &rarr; <strong>1357</strong><br />(-19 for losing)
|raw|jacob416's rating: 1395 &rarr; <strong>1414</strong><br />(+19 for winning)
