|j|☆qmszw
|j|☆Shiyere
|t:|1760784900
|gametype|singles
|player|p1|qmszw|rosa|1313
|player|p2|Shiyere|1|1390
|gen|9
|tier|[Gen 9] OU
|rated|
|rule|HP Percentage Mod: HP is shown in percentages
|rule|Endless Battle Clause: Forcing endless battles is banned
|rule|Species Clause: Limit one of each Pokémon
|rule|OHKO Clause: OHKO moves are banned
|rule|Evasion Items Clause: Evasion items are banned
|rule|Evasion Moves Clause: Evasion moves are banned
|rule|Evasion Abilities Clause: Evasion abilities are banned
|rule|Sleep Moves Clause: Sleep-inducing moves are banned
|clearpoke
|poke|p1|Skeledirge, F|
|poke|p1|Ogerpon-Wellspring, F|
|poke|p1|Dragapult, M|
|poke|p1|Weezing-Galar, F|
|poke|p1|Ting-Lu|
|poke|p1|Corviknight, M|
|poke|p2|Gliscor, F|
|poke|p2|Tinkaton, F|
|poke|p2|Clodsire, F|
|poke|p2|Slowbro, F|
|poke|p2|Diancie|
|poke|p2|Tsareena, F|
|teampreview
|inactive|Battle timer is ON: inactive players will automatically lose when time's up. (requested by Shiyere)
|j| Krris
|l| Krris
|inactive|Shiyere has 120 seconds left.
|
|t:|1760784939
|teamsize|p1|6
|teamsize|p2|6
|start
|switch|p1a: Ogerpon|Ogerpon-Wellspring, F|100/100
|switch|p2a: Diancie|Diancie|100/100
|turn|1
|
|t:|1760784963
|move|p1a: Ogerpon|Knock Off|p2a: Diancie
|-resisted|p2a: Diancie
|-damage|p2a: Diancie|87/100
|-enditem|p2a: Diancie|Power Herb|[from] move: Knock Off|[of] p1a: Ogerpon
|move|p2a: Diancie|Meteor Beam||[still]
|-prepare|p2a: Diancie|Meteor Beam
|-boost|p2a: Diancie|spa|1
|
|upkeep
|turn|2
|
|t:|1760784976
|move|p1a: Ogerpon|Ivy Cudgel|p2a: Diancie|[anim] Ivy Cudgel Water
|-supereffective|p2a: Diancie
|-damage|p2a: Diancie|1/100
|move|p2a: Diancie|Meteor Beam|p1a: Ogerpon|[from] lockedmove
|-damage|p1a: Ogerpon|22/100
|
|upkeep
|turn|3
|
|t:|1760784984
|move|p1a: Ogerpon|Synthesis|p1a: Ogerpon
|-heal|p1a: Ogerpon|72/100
|move|p2a: Diancie|Moonblast|p1a: Ogerpon
|-damage|p1a: Ogerpon|8/100
|
|upkeep
|turn|4
|
|t:|1760785004
|move|p1a: Ogerpon|Knock Off|p2a: Diancie
|-resisted|p2a: Diancie
|-damage|p2a: Diancie|0 fnt
|faint|p2a: Diancie
|
|upkeep
|inactive|Shiyere has 120 seconds left.
|
|t:|1760785031
|switch|p2a: Tsareena|Tsareena, F|100/100
|turn|5
|
|t:|1760785036
|move|p1a: Ogerpon|Synthesis|p1a: Ogerpon
|-heal|p1a: Ogerpon|58/100
|move|p2a: Tsareena|Rapid Spin|p1a: Ogerpon
|-damage|p1a: Ogerpon|38/100
|-boost|p2a: Tsareena|spe|1
|
|upkeep
|turn|6
|
|t:|1760785046
|switch|p1a: Skeledirge|Skeledirge, F|100/100
|move|p2a: Tsareena|High Jump Kick|p1a: Skeledirge
|-immune|p1a: Skeledirge
|-damage|p2a: Tsareena|50/100|[from] highjumpkick
|
|upkeep
|turn|7
|
|t:|1760785055
|move|p2a: Tsareena|Knock Off|p1a: Skeledirge
|-supereffective|p1a: Skeledirge
|-damage|p1a: Skeledirge|46/100
|-enditem|p1a: Skeledirge|Heavy-Duty Boots|[from] move: Knock Off|[of] p2a: Tsareena
|move|p1a: Skeledirge|Will-O-Wisp|p2a: Tsareena
|-status|p2a: Tsareena|brn
|
|-damage|p2a: Tsareena|44/100 brn|[from] brn
|upkeep
|turn|8
|
|t:|1760785075
|move|p2a: Tsareena|Knock Off|p1a: Skeledirge
|-supereffective|p1a: Skeledirge
|-damage|p1a: Skeledirge|29/100
|move|p1a: Skeledirge|Slack Off|p1a: Skeledirge
|-heal|p1a: Skeledirge|79/100
|
|-damage|p2a: Tsareena|38/100 brn|[from] brn
|upkeep
|turn|9
|inactive|Shiyere has 120 seconds left.
|
|t:|1760785107
|move|p2a: Tsareena|Knock Off|p1a: Skeledirge
|-supereffective|p1a: Skeledirge
|-damage|p1a: Skeledirge|61/100
|move|p1a: Skeledirge|Slack Off|p1a: Skeledirge
|-heal|p1a: Skeledirge|100/100
|
|-damage|p2a: Tsareena|32/100 brn|[from] brn
|upkeep
|turn|10
|inactive|Shiyere has 120 seconds left.
|
|t:|1760785128
|move|p2a: Tsareena|Knock Off|p1a: Skeledirge
|-supereffective|p1a: Skeledirge
|-damage|p1a: Skeledirge|82/100
|move|p1a: Skeledirge|Torch Song|p2a: Tsareena
|-supereffective|p2a: Tsareena
|-damage|p2a: Tsareena|0 fnt
|-boost|p1a: Skeledirge|spa|1
|faint|p2a: Tsareena
|
|upkeep
|inactive|Shiyere has 90 seconds left.
|
|t:|1760785160
|switch|p2a: Clodsire|Clodsire, F|100/100
|turn|11
|
|t:|1760785173
|move|p1a: Skeledirge|Will-O-Wisp|p2a: Clodsire
|-status|p2a: Clodsire|brn
|move|p2a: Clodsire|Earthquake|p1a: Skeledirge
|-supereffective|p1a: Skeledirge
|-damage|p1a: Skeledirge|34/100
|
|-damage|p2a: Clodsire|94/100 brn|[from] brn
|upkeep
|turn|12
|inactive|Shiyere has 90 seconds left.
|
|t:|1760785194
|switch|p1a: Ting-Lu|Ting-Lu, shiny|100/100
|-ability|p1a: Ting-Lu|Vessel of Ruin
|move|p2a: Clodsire|Earthquake|p1a: Ting-Lu
|-crit|p1a: Ting-Lu
|-damage|p1a: Ting-Lu|76/100
|
|-heal|p1a: Ting-Lu|82/100|[from] item: Leftovers
|-damage|p2a: Clodsire|88/100 brn|[from] brn
|upkeep
|turn|13
|
|t:|1760785206
|switch|p2a: Gliscor|Gliscor, F|100/100
|move|p1a: Ting-Lu|Stealth Rock|p2a: Gliscor
|-sidestart|p2: Shiyere|move: Stealth Rock
|
|-heal|p1a: Ting-Lu|88/100|[from] item: Leftovers
|-status|p2a: Gliscor|tox|[from] item: Toxic Orb
|upkeep
|turn|14
|inactive|Shiyere has 90 seconds left.
|
|t:|1760785221
|switch|p1a: Weezing|Weezing-Galar, F|100/100
|-ability|p1a: Weezing|Neutralizing Gas
|move|p2a: Gliscor|Knock Off|p1a: Weezing
|-resisted|p1a: Weezing
|-damage|p1a: Weezing|89/100
|-enditem|p1a: Weezing|Heavy-Duty Boots|[from] move: Knock Off|[of] p2a: Gliscor
|
|-damage|p2a: Gliscor|94/100 tox|[from] psn
|upkeep
|turn|15
|inactive|qmszw has 120 seconds left.
|
|t:|1760785256
|-terastallize|p1a: Weezing|Grass
|move|p2a: Gliscor|Earthquake|p1a: Weezing
|-resisted|p1a: Weezing
|-damage|p1a: Weezing|72/100
|move|p1a: Weezing|Sludge Bomb|p2a: Gliscor
|-resisted|p2a: Gliscor
|-damage|p2a: Gliscor|73/100 tox
|
|-damage|p2a: Gliscor|61/100 tox|[from] psn
|upkeep
|turn|16
|inactive|qmszw has 120 seconds left.
|inactive|Shiyere has 90 seconds left.
|
|t:|1760785272
|move|p2a: Gliscor|Dual Wingbeat|p1a: Weezing
|-supereffective|p1a: Weezing
|-damage|p1a: Weezing|45/100
|-supereffective|p1a: Weezing
|-damage|p1a: Weezing|19/100
|-hitcount|p1a: Weezing|2
|move|p1a: Weezing|Sludge Bomb|p2a: Gliscor
|-resisted|p2a: Gliscor
|-damage|p2a: Gliscor|39/100 tox
|
|-damage|p2a: Gliscor|21/100 tox|[from] psn
|upkeep
|turn|17
|inactive|qmszw has 120 seconds left.
|inactive|Shiyere has 90 seconds left.
|
|t:|1760785304
|-end|p1a: Weezing|ability: Neutralizing Gas
|switch|p1a: Corviknight|Corviknight, M|100/100
|-ability|p1a: Corviknight|Pressure
|move|p2a: Gliscor|Facade|p1a: Corviknight
|-resisted|p1a: Corviknight
|-damage|p1a: Corviknight|88/100
|-damage|p2a: Gliscor|4/100 tox|[from] item: Rocky Helmet|[of] p1a: Corviknight
|
|-heal|p2a: Gliscor|17/100 tox|[from] ability: Poison Heal
|upkeep
|turn|18
|inactive|Shiyere has 90 seconds left.
|
|t:|1760785319
|move|p2a: Gliscor|Knock Off|p1a: Corviknight
|-damage|p1a: Corviknight|72/100
|-damage|p2a: Gliscor|0 fnt|[from] item: Rocky Helmet|[of] p1a: Corviknight
|faint|p2a: Gliscor
|move|p1a: Corviknight|U-turn|p2: Gliscor|[notarget]
|-fail|p1a: Corviknight
|
|upkeep
|inactive|Shiyere has 90 seconds left.
|inactive|Shiyere has 60 seconds left.
|
|t:|1760785380
|switch|p2a: Slowbro|Slowbro, F|100/100
|-damage|p2a: Slowbro|88/100|[from] Stealth Rock
|turn|19
|
|t:|1760785390
|move|p1a: Corviknight|U-turn|p2a: Slowbro
|-supereffective|p2a: Slowbro
|-damage|p2a: Slowbro|65/100
|
|t:|1760785400
|switch|p1a: Dragapult|Dragapult, M|100/100|[from] U-turn
|move|p2a: Slowbro|Flamethrower|p1a: Dragapult
|-resisted|p1a: Dragapult
|-damage|p1a: Dragapult|72/100
|
|upkeep
|turn|20
|
|t:|1760785410
|switch|p2a: Clodsire|Clodsire, F|88/100 brn
|-damage|p2a: Clodsire|82/100 brn|[from] Stealth Rock
|move|p1a: Dragapult|Shadow Ball|p2a: Clodsire
|-damage|p2a: Clodsire|43/100 brn
|
|-damage|p2a: Clodsire|37/100 brn|[from] brn
|upkeep
|turn|21
|inactive|Shiyere has 60 seconds left.
|inactive|Shiyere has 30 seconds left.
|inactive|Shiyere has 20 seconds left.
|inactive|Shiyere has 15 seconds left.
|
|t:|1760785460
|move|p1a: Dragapult|Shadow Ball|p2a: Clodsire
|-damage|p2a: Clodsire|0 fnt
|faint|p2a: Clodsire
|
|upkeep
|inactive|Shiyere has 20 seconds left this turn.
|
|t:|1760785464
|switch|p2a: Tinkaton|Tinkaton, F|100/100
|-damage|p2a: Tinkaton|94/100|[from] Stealth Rock
|-ability|p2a: Tinkaton|Mold Breaker
|turn|22
|inactive|Shiyere has 30 seconds left this turn.
|
|t:|1760785474
|switch|p1a: Corviknight|Corviknight, M|72/100
|-ability|p1a: Corviknight|Pressure
|-terastallize|p2a: Tinkaton|Steel
|move|p2a: Tinkaton|Gigaton Hammer|p1a: Corviknight
|-resisted|p1a: Corviknight
|-damage|p1a: Corviknight|32/100
|
|upkeep
|turn|23
|inactive|qmszw has 120 seconds left.
|inactive|Shiyere has 30 seconds left.
|
|t:|1760785484
|switch|p2a: Slowbro|Slowbro, F|98/100
|-damage|p2a: Slowbro|86/100|[from] Stealth Rock
|move|p1a: Corviknight|Roost|p1a: Corviknight
|-heal|p1a: Corviknight|82/100
|-singleturn|p1a: Corviknight|move: Roost
|
|upkeep
|turn|24
|inactive|qmszw has 120 seconds left.
|inactive|Shiyere has 30 seconds left.
|
|t:|1760785496
|move|p1a: Corviknight|U-turn|p2a: Slowbro
|-supereffective|p2a: Slowbro
|-damage|p2a: Slowbro|61/100
|
|t:|1760785506
|switch|p1a: Ting-Lu|Ting-Lu, shiny|88/100|[from] U-turn
|-ability|p1a: Ting-Lu|Vessel of Ruin
|move|p2a: Slowbro|Ice Beam|p1a: Ting-Lu
|-supereffective|p1a: Ting-Lu
|-damage|p1a: Ting-Lu|54/100
|
|-heal|p1a: Ting-Lu|60/100|[from] item: Leftovers
|upkeep
|turn|25
|
|t:|1760785519
|move|p1a: Ting-Lu|Throat Chop|p2a: Slowbro
|-supereffective|p2a: Slowbro
|-damage|p2a: Slowbro|10/100
|-start|p2a: Slowbro|Throat Chop|[silent]
|move|p2a: Slowbro|Ice Beam|p1a: Ting-Lu
|-supereffective|p1a: Ting-Lu
|-damage|p1a: Ting-Lu|26/100
|
|-heal|p1a: Ting-Lu|32/100|[from] item: Leftovers
|upkeep
|turn|26
|
|t:|1760785528
|move|p1a: Ting-Lu|Earthquake|p2a: Slowbro
|-damage|p2a: Slowbro|0 fnt
|faint|p2a: Slowbro
|
|-heal|p1a: Ting-Lu|39/100|[from] item: Leftovers
|upkeep
|l|☆Shiyere
|inactive|Shiyere disconnected and has a minute to reconnect!
|player|p2|
|inactive|Shiyere has 30 seconds left.
|inactive|Shiyere has 20 seconds left.
|inactive|Shiyere has 15 seconds left.
|inactive|Shiyere has 10 seconds left.
|inactive|Shiyere has 5 seconds left.
|-message|Shiyere lost due to inactivity.
|
|win|qmszw
|raw|qmszw's rating: 1313 &rarr; <strong>1338</strong><br />(+25 for winning)
|raw|Shiyere's rating: 1406 &rarr; <strong>1381</strong><br />(-25 for losing)
