|j|☆Minytank
|j|☆16xaya
|t:|1760849499
|gametype|singles
|player|p1|Minytank|101|1325
|player|p2|16xaya|cynthia-masters|1303
|gen|9
|tier|[Gen 9] OU
|rated|
|rule|HP Percentage Mod: HP is shown in percentages
|rule|Endless Battle Clause: Forcing endless battles is banned
|rule|Species Clause: Limit one of each Pokémon
|rule|OHKO Clause: OHKO moves are banned
|rule|Evasion Items Clause: Evasion items are banned
|rule|Evasion Moves Clause: Evasion moves are banned
|rule|Evasion Abilities Clause: Evasion abilities are banned
|rule|Sleep Moves Clause: Sleep-inducing moves are banned
|clearpoke
|poke|p1|Alomomola, M|
|poke|p1|Garganacl, M|
|poke|p1|Goodra-Hisui, M|
|poke|p1|Landorus-Therian, M|
|poke|p1|Great Tusk|
|poke|p1|Wo-Chien|
|poke|p2|Hydrapple, M|
|poke|p2|Skarmory, F|
|poke|p2|Tyranitar, F|
|poke|p2|Alomomola, M|
|poke|p2|Clodsire, M|
|poke|p2|Clefable, M|
|teampreview
|inactive|Battle timer is ON: inactive players will automatically lose when time's up. (requested by Minytank)
|
|t:|1760849508
|teamsize|p1|6
|teamsize|p2|6
|start
|switch|p1a: Landorus|Landorus-Therian, M|100/100
|switch|p2a: Clefable|Clefable, M|100/100
|-ability|p1a: Landorus|Intimidate|boost
|-unboost|p2a: Clefable|atk|1
|turn|1
|
|t:|1760849513
|move|p1a: Landorus|Earthquake|p2a: Clefable
|-damage|p2a: Clefable|41/100
|move|p2a: Clefable|Knock Off|p1a: Landorus
|-damage|p1a: Landorus|88/100
|-enditem|p1a: Landorus|Choice Band|[from] move: Knock Off|[of] p2a: Clefable
|
|upkeep
|turn|2
|
|t:|1760849516
|move|p2a: Clefable|Protect|p2a: Clefable
|-singleturn|p2a: Clefable|Protect
|move|p1a: Landorus|Earthquake|p2a: Clefable
|-activate|p2a: Clefable|move: Protect
|
|upkeep
|turn|3
|
|t:|1760849518
|switch|p2a: Skarmory|Skarmory, F|100/100
|move|p1a: Landorus|Earthquake|p2a: Skarmory
|-immune|p2a: Skarmory
|
|upkeep
|turn|4
|
|t:|1760849525
|switch|p1a: Alomomola|Alomomola, M|100/100
|move|p2a: Skarmory|Spikes|p1a: Alomomola
|-sidestart|p1: Minytank|Spikes
|
|upkeep
|turn|5
|
|t:|1760849529
|switch|p2a: Clefable|Clefable, M|41/100
|move|p1a: Alomomola|Scald|p2a: Clefable
|-damage|p2a: Clefable|29/100
|
|upkeep
|turn|6
|
|t:|1760849533
|move|p2a: Clefable|Wish|p2a: Clefable
|move|p1a: Alomomola|Flip Turn|p2a: Clefable
|-damage|p2a: Clefable|16/100
|
|t:|1760849538
|switch|p1a: Goodra|Goodra-Hisui, M|100/100|[from] Flip Turn
|-damage|p1a: Goodra|88/100|[from] Spikes
|
|upkeep
|turn|7
|
|t:|1760849542
|move|p2a: Clefable|Protect|p2a: Clefable
|-singleturn|p2a: Clefable|Protect
|move|p1a: Goodra|Knock Off|p2a: Clefable
|-activate|p2a: Clefable|move: Protect
|
|-heal|p2a: Clefable|66/100|[from] move: Wish|[wisher] Clefable
|upkeep
|turn|8
|
|t:|1760849559
|switch|p2a: Tyranitar|Tyranitar, F|100/100
|-weather|Sandstorm|[from] ability: Sand Stream|[of] p2a: Tyranitar
|move|p1a: Goodra|Heavy Slam|p2a: Tyranitar
|-supereffective|p2a: Tyranitar
|-damage|p2a: Tyranitar|80/100
|
|-weather|Sandstorm|[upkeep]
|upkeep
|turn|9
|
|t:|1760849566
|switch|p1a: Great Tusk|Great Tusk|100/100
|-damage|p1a: Great Tusk|88/100|[from] Spikes
|move|p2a: Tyranitar|Knock Off|p1a: Great Tusk
|-resisted|p1a: Great Tusk
|-damage|p1a: Great Tusk|78/100
|-enditem|p1a: Great Tusk|Leftovers|[from] move: Knock Off|[of] p2a: Tyranitar
|
|-weather|Sandstorm|[upkeep]
|upkeep
|turn|10
|
|t:|1760849579
|move|p1a: Great Tusk|Rapid Spin|p2a: Tyranitar
|-resisted|p2a: Tyranitar
|-damage|p2a: Tyranitar|74/100
|-boost|p1a: Great Tusk|spe|1
|-sideend|p1: Minytank|Spikes|[from] move: Rapid Spin|[of] p1a: Great Tusk
|move|p2a: Tyranitar|Ice Beam|p1a: Great Tusk
|-supereffective|p1a: Great Tusk
|-damage|p1a: Great Tusk|25/100
|
|-weather|Sandstorm|[upkeep]
|upkeep
|turn|11
|
|t:|1760849589
|-end|p1a: Great Tusk|Protosynthesis|[silent]
|switch|p1a: Garganacl|Garganacl, M|100/100
|switch|p2a: Skarmory|Skarmory, F|100/100
|
|-weather|Sandstorm|[upkeep]
|upkeep
|turn|12
|
|t:|1760849597
|switch|p2a: Clefable|Clefable, M|66/100
|move|p1a: Garganacl|Salt Cure|p2a: Clefable
|-damage|p2a: Clefable|56/100
|-start|p2a: Clefable|Salt Cure
|
|-weather|none
|upkeep
|turn|13
|
|t:|1760849604
|switch|p1a: Landorus|Landorus-Therian, M|88/100
|-ability|p1a: Landorus|Intimidate|boost
|-unboost|p2a: Clefable|atk|1
|move|p2a: Clefable|Knock Off|p1a: Landorus
|-damage|p1a: Landorus|80/100
|
|upkeep
|turn|14
|
|t:|1760849610
|switch|p2a: Alomomola|Alomomola, M, shiny|100/100
|move|p1a: Landorus|Earthquake|p2a: Alomomola
|-damage|p2a: Alomomola|66/100
|
|upkeep
|turn|15
|
|t:|1760849616
|move|p1a: Landorus|U-turn|p2a: Alomomola
|-damage|p2a: Alomomola|51/100
|
|t:|1760849618
|switch|p1a: Wo-Chien|Wo-Chien|100/100|[from] U-turn
|-ability|p1a: Wo-Chien|Tablets of Ruin
|move|p2a: Alomomola|Flip Turn|p1a: Wo-Chien
|-resisted|p1a: Wo-Chien
|-damage|p1a: Wo-Chien|95/100
|
|t:|1760849636
|switch|p2a: Hydrapple|Hydrapple, M|100/100|[from] Flip Turn
|
|-heal|p1a: Wo-Chien|100/100|[from] item: Leftovers
|upkeep
|turn|16
|
|t:|1760849643
|move|p1a: Wo-Chien|Knock Off|p2a: Hydrapple
|-damage|p2a: Hydrapple|82/100
|-enditem|p2a: Hydrapple|Heavy-Duty Boots|[from] move: Knock Off|[of] p1a: Wo-Chien
|move|p2a: Hydrapple|Fickle Beam|p1a: Wo-Chien
|-damage|p1a: Wo-Chien|80/100
|
|-heal|p1a: Wo-Chien|86/100|[from] item: Leftovers
|upkeep
|turn|17
|
|t:|1760849649
|switch|p1a: Goodra|Goodra-Hisui, M|88/100
|move|p2a: Hydrapple|Nasty Plot|p2a: Hydrapple
|-boost|p2a: Hydrapple|spa|2
|
|upkeep
|turn|18
|
|t:|1760849659
|switch|p2a: Alomomola|Alomomola, M, shiny|84/100
|move|p1a: Goodra|Dragon Tail|p2a: Alomomola
|-damage|p2a: Alomomola|71/100
|drag|p2a: Clodsire|Clodsire, M|100/100
|
|upkeep
|turn|19
|
|t:|1760849666
|switch|p1a: Landorus|Landorus-Therian, M|80/100
|-ability|p1a: Landorus|Intimidate|boost
|-unboost|p2a: Clodsire|atk|1
|move|p2a: Clodsire|Earthquake|p1a: Landorus
|-immune|p1a: Landorus
|
|upkeep
|turn|20
|
|t:|1760849669
|switch|p2a: Skarmory|Skarmory, F|100/100
|move|p1a: Landorus|Earthquake|p2a: Skarmory
|-immune|p2a: Skarmory
|
|upkeep
|turn|21
|
|t:|1760849675
|switch|p1a: Alomomola|Alomomola, M|100/100
|move|p2a: Skarmory|Spikes|p1a: Alomomola
|-sidestart|p1: Minytank|Spikes
|
|upkeep
|turn|22
|
|t:|1760849682
|switch|p2a: Clefable|Clefable, M|56/100
|move|p1a: Alomomola|Wish|p1a: Alomomola
|
|upkeep
|turn|23
|
|t:|1760849684
|move|p2a: Clefable|Wish|p2a: Clefable
|move|p1a: Alomomola|Flip Turn|p2a: Clefable
|-damage|p2a: Clefable|43/100
|
|t:|1760849686
|switch|p1a: Great Tusk|Great Tusk|25/100|[from] Flip Turn
|-damage|p1a: Great Tusk|13/100|[from] Spikes
|
|-heal|p1a: Great Tusk|74/100|[from] move: Wish|[wisher] Alomomola
|upkeep
|turn|24
|
|t:|1760849692
|-end|p1a: Great Tusk|Protosynthesis|[silent]
|switch|p1a: Goodra|Goodra-Hisui, M|88/100
|-damage|p1a: Goodra|76/100|[from] Spikes
|move|p2a: Clefable|Protect||[still]
|-fail|p2a: Clefable
|
|-heal|p2a: Clefable|93/100|[from] move: Wish|[wisher] Clefable
|upkeep
|turn|25
|
|t:|1760849704
|switch|p2a: Tyranitar|Tyranitar, F|74/100
|-weather|Sandstorm|[from] ability: Sand Stream|[of] p2a: Tyranitar
|move|p1a: Goodra|Heavy Slam|p2a: Tyranitar
|-supereffective|p2a: Tyranitar
|-damage|p2a: Tyranitar|51/100
|
|-weather|Sandstorm|[upkeep]
|upkeep
|turn|26
|
|t:|1760849712
|switch|p1a: Garganacl|Garganacl, M|100/100
|-damage|p1a: Garganacl|88/100|[from] Spikes
|move|p2a: Tyranitar|Knock Off|p1a: Garganacl
|-damage|p1a: Garganacl|65/100
|-enditem|p1a: Garganacl|Leftovers|[from] move: Knock Off|[of] p2a: Tyranitar
|
|-weather|Sandstorm|[upkeep]
|upkeep
|turn|27
|
|t:|1760849719
|switch|p2a: Clefable|Clefable, M|93/100
|move|p1a: Garganacl|Salt Cure|p2a: Clefable
|-damage|p2a: Clefable|81/100
|-start|p2a: Clefable|Salt Cure
|
|-weather|Sandstorm|[upkeep]
|upkeep
|turn|28
|
|t:|1760849730
|move|p2a: Clefable|Knock Off|p1a: Garganacl
|-damage|p1a: Garganacl|60/100
|move|p1a: Garganacl|Earthquake|p2a: Clefable
|-damage|p2a: Clefable|63/100
|
|-weather|Sandstorm|[upkeep]
|upkeep
|turn|29
|
|t:|1760849736
|move|p2a: Clefable|Wish|p2a: Clefable
|move|p1a: Garganacl|Earthquake|p2a: Clefable
|-damage|p2a: Clefable|46/100
|
|-weather|none
|upkeep
|turn|30
|
|t:|1760849743
|switch|p1a: Landorus|Landorus-Therian, M|80/100
|-ability|p1a: Landorus|Intimidate|boost
|-unboost|p2a: Clefable|atk|1
|move|p2a: Clefable|Moonblast|p1a: Landorus
|-damage|p1a: Landorus|36/100
|
|-heal|p2a: Clefable|96/100|[from] move: Wish|[wisher] Clefable
|upkeep
|turn|31
|
|t:|1760849751
|move|p2a: Clefable|Protect|p2a: Clefable
|-singleturn|p2a: Clefable|Protect
|move|p1a: Landorus|U-turn|p2a: Clefable
|-activate|p2a: Clefable|move: Protect
|
|upkeep
|turn|32
|
|t:|1760849757
|move|p1a: Landorus|U-turn|p2a: Clefable
|-resisted|p2a: Clefable
|-damage|p2a: Clefable|86/100
|
|t:|1760849760
|switch|p1a: Alomomola|Alomomola, M|100/100|[from] U-turn
|-damage|p1a: Alomomola|88/100|[from] Spikes
|move|p2a: Clefable|Moonblast|p1a: Alomomola
|-damage|p1a: Alomomola|51/100
|
|-heal|p1a: Alomomola|58/100|[from] item: Leftovers
|upkeep
|turn|33
|
|t:|1760849772
|move|p2a: Clefable|Knock Off|p1a: Alomomola
|-damage|p1a: Alomomola|52/100
|-enditem|p1a: Alomomola|Leftovers|[from] move: Knock Off|[of] p2a: Clefable
|move|p1a: Alomomola|Wish|p1a: Alomomola
|
|upkeep
|turn|34
|
|t:|1760849780
|switch|p2a: Hydrapple|Hydrapple, M|100/100
|move|p1a: Alomomola|Flip Turn|p2a: Hydrapple
|-resisted|p2a: Hydrapple
|-damage|p2a: Hydrapple|98/100
|
|t:|1760849785
|switch|p1a: Landorus|Landorus-Therian, M|36/100|[from] Flip Turn
|-ability|p1a: Landorus|Intimidate|boost
|-unboost|p2a: Hydrapple|atk|1
|
|-heal|p1a: Landorus|100/100|[from] move: Wish|[wisher] Alomomola
|-damage|p1a: Landorus|88/100|[from] item: Sticky Barb
|upkeep
|turn|35
|
|t:|1760849790
|move|p1a: Landorus|U-turn|p2a: Hydrapple
|-supereffective|p2a: Hydrapple
|-damage|p2a: Hydrapple|69/100
|
|t:|1760849796
|switch|p1a: Goodra|Goodra-Hisui, M|76/100|[from] U-turn
|-damage|p1a: Goodra|63/100|[from] Spikes
|move|p2a: Hydrapple|Fickle Beam|p1a: Goodra|[anim] Fickle Beam All Out
|-activate|p2a: Hydrapple|move: Fickle Beam
|-damage|p1a: Goodra|42/100
|
|upkeep
|turn|36
|
|t:|1760849812
|switch|p2a: Alomomola|Alomomola, M, shiny|100/100
|move|p1a: Goodra|Draco Meteor|p2a: Alomomola
|-damage|p2a: Alomomola|56/100
|-unboost|p1a: Goodra|spa|2
|
|upkeep
|turn|37
|
|t:|1760849819
|move|p1a: Goodra|Knock Off|p2a: Alomomola
|-damage|p2a: Alomomola|43/100
|-enditem|p2a: Alomomola|Heavy-Duty Boots|[from] move: Knock Off|[of] p1a: Goodra
|move|p2a: Alomomola|Flip Turn|p1a: Goodra
|-resisted|p1a: Goodra
|-damage|p1a: Goodra|34/100
|
|t:|1760849833
|switch|p2a: Skarmory|Skarmory, F|100/100|[from] Flip Turn
|
|upkeep
|turn|38
|
|t:|1760849840
|switch|p1a: Alomomola|Alomomola, M|86/100
|-damage|p1a: Alomomola|73/100|[from] Spikes
|move|p2a: Skarmory|Body Press|p1a: Alomomola
|-damage|p1a: Alomomola|57/100
|
|upkeep
|turn|39
|
|t:|1760849844
|move|p2a: Skarmory|Spikes|p1a: Alomomola
|-sidestart|p1: Minytank|Spikes
|move|p1a: Alomomola|Wish|p1a: Alomomola
|
|upkeep
|turn|40
|
|t:|1760849851
|move|p2a: Skarmory|Iron Defense|p2a: Skarmory
|-boost|p2a: Skarmory|def|2
|move|p1a: Alomomola|Flip Turn|p2a: Skarmory
|-damage|p2a: Skarmory|95/100
|
|t:|1760849856
|switch|p1a: Great Tusk|Great Tusk|74/100|[from] Flip Turn
|-damage|p1a: Great Tusk|58/100|[from] Spikes
|
|-heal|p1a: Great Tusk|100/100|[from] move: Wish|[wisher] Alomomola
|upkeep
|turn|41
|
|t:|1760849860
|move|p1a: Great Tusk|Rapid Spin|p2a: Skarmory
|-resisted|p2a: Skarmory
|-damage|p2a: Skarmory|93/100
|-boost|p1a: Great Tusk|spe|1
|-sideend|p1: Minytank|Spikes|[from] move: Rapid Spin|[of] p1a: Great Tusk
|move|p2a: Skarmory|Body Press|p1a: Great Tusk
|-damage|p1a: Great Tusk|72/100
|
|upkeep
|turn|42
|
|t:|1760849867
|move|p1a: Great Tusk|Stealth Rock|p2a: Skarmory
|-sidestart|p2: 16xaya|move: Stealth Rock
|move|p2a: Skarmory|Body Press|p1a: Great Tusk
|-damage|p1a: Great Tusk|44/100
|
|upkeep
|turn|43
|
|t:|1760849869
|-end|p1a: Great Tusk|Protosynthesis|[silent]
|switch|p1a: Alomomola|Alomomola, M|91/100
|move|p2a: Skarmory|Body Press|p1a: Alomomola
|-damage|p1a: Alomomola|58/100
|
|upkeep
|turn|44
|
|t:|1760849871
|move|p2a: Skarmory|Body Press|p1a: Alomomola
|-damage|p1a: Alomomola|28/100
|move|p1a: Alomomola|Wish|p1a: Alomomola
|
|upkeep
|turn|45
|
|t:|1760849875
|switch|p1a: Great Tusk|Great Tusk|44/100
|move|p2a: Skarmory|Body Press|p1a: Great Tusk
|-damage|p1a: Great Tusk|13/100
|
|-heal|p1a: Great Tusk|74/100|[from] move: Wish|[wisher] Alomomola
|upkeep
|turn|46
|
|t:|1760849881
|-end|p1a: Great Tusk|Protosynthesis|[silent]
|switch|p1a: Landorus|Landorus-Therian, M|88/100
|-ability|p1a: Landorus|Intimidate|boost
|-unboost|p2a: Skarmory|atk|1
|move|p2a: Skarmory|Iron Defense|p2a: Skarmory
|-boost|p2a: Skarmory|def|2
|
|-damage|p1a: Landorus|75/100|[from] item: Sticky Barb
|upkeep
|turn|47
|
|t:|1760849884
|move|p1a: Landorus|U-turn|p2a: Skarmory
|-resisted|p2a: Skarmory
|-damage|p2a: Skarmory|91/100
|
|t:|1760849887
|switch|p1a: Alomomola|Alomomola, M|61/100|[from] U-turn
|move|p2a: Skarmory|Spikes|p1a: Alomomola
|-sidestart|p1: Minytank|Spikes
|
|upkeep
|turn|48
|
|t:|1760849891
|move|p2a: Skarmory|Body Press|p1a: Alomomola
|-damage|p1a: Alomomola|10/100
|move|p1a: Alomomola|Scald|p2a: Skarmory
|-crit|p2a: Skarmory
|-damage|p2a: Skarmory|62/100
|-status|p2a: Skarmory|brn
|
|-damage|p2a: Skarmory|56/100 brn|[from] brn
|upkeep
|turn|49
|
|t:|1760849896
|switch|p1a: Great Tusk|Great Tusk|74/100
|-damage|p1a: Great Tusk|62/100|[from] Spikes
|move|p2a: Skarmory|Body Press|p1a: Great Tusk
|-damage|p1a: Great Tusk|41/100
|
|-damage|p2a: Skarmory|50/100 brn|[from] brn
|upkeep
|turn|50
|
|t:|1760849902
|move|p1a: Great Tusk|Rapid Spin|p2a: Skarmory
|-resisted|p2a: Skarmory
|-damage|p2a: Skarmory|48/100 brn
|-boost|p1a: Great Tusk|spe|1
|-sideend|p1: Minytank|Spikes|[from] move: Rapid Spin|[of] p1a: Great Tusk
|move|p2a: Skarmory|Roost|p2a: Skarmory
|-heal|p2a: Skarmory|98/100 brn
|-singleturn|p2a: Skarmory|move: Roost
|
|-damage|p2a: Skarmory|92/100 brn|[from] brn
|upkeep
|turn|51
|
|t:|1760849905
|-end|p1a: Great Tusk|Protosynthesis|[silent]
|switch|p1a: Landorus|Landorus-Therian, M|75/100
|-ability|p1a: Landorus|Intimidate|boost
|-unboost|p2a: Skarmory|atk|1
|move|p2a: Skarmory|Spikes|p1a: Landorus
|-sidestart|p1: Minytank|Spikes
|
|-damage|p2a: Skarmory|86/100 brn|[from] brn
|-damage|p1a: Landorus|63/100|[from] item: Sticky Barb
|upkeep
|turn|52
|
|t:|1760849907
|move|p1a: Landorus|U-turn|p2a: Skarmory
|-resisted|p2a: Skarmory
|-damage|p2a: Skarmory|85/100 brn
|
|t:|1760849913
|switch|p1a: Alomomola|Alomomola, M|44/100|[from] U-turn
|-damage|p1a: Alomomola|31/100|[from] Spikes
|move|p2a: Skarmory|Spikes|p1a: Alomomola
|-sidestart|p1: Minytank|Spikes
|
|-damage|p2a: Skarmory|79/100 brn|[from] brn
|upkeep
|turn|53
|
|t:|1760849918
|move|p2a: Skarmory|Body Press|p1a: Alomomola
|-damage|p1a: Alomomola|7/100
|move|p1a: Alomomola|Wish|p1a: Alomomola
|
|-damage|p2a: Skarmory|73/100 brn|[from] brn
|upkeep
|turn|54
|
|t:|1760849923
|move|p1a: Alomomola|Protect|p1a: Alomomola
|-singleturn|p1a: Alomomola|Protect
|move|p2a: Skarmory|Iron Defense|p2a: Skarmory
|-boost|p2a: Skarmory|def|2
|
|-heal|p1a: Alomomola|57/100|[from] move: Wish|[wisher] Alomomola
|-damage|p2a: Skarmory|67/100 brn|[from] brn
|upkeep
|turn|55
|
|t:|1760849927
|move|p2a: Skarmory|Body Press|p1a: Alomomola
|-damage|p1a: Alomomola|24/100
|move|p1a: Alomomola|Wish|p1a: Alomomola
|
|-damage|p2a: Skarmory|61/100 brn|[from] brn
|upkeep
|turn|56
|
|t:|1760849933
|move|p1a: Alomomola|Protect|p1a: Alomomola
|-singleturn|p1a: Alomomola|Protect
|move|p2a: Skarmory|Spikes|p1a: Alomomola
|-sidestart|p1: Minytank|Spikes
|
|-heal|p1a: Alomomola|74/100|[from] move: Wish|[wisher] Alomomola
|-damage|p2a: Skarmory|55/100 brn|[from] brn
|upkeep
|turn|57
|
|t:|1760849940
|switch|p2a: Hydrapple|Hydrapple, M|100/100
|-damage|p2a: Hydrapple|88/100|[from] Stealth Rock
|move|p1a: Alomomola|Wish|p1a: Alomomola
|
|upkeep
|turn|58
|
|t:|1760849945
|switch|p1a: Goodra|Goodra-Hisui, M|34/100
|-damage|p1a: Goodra|9/100|[from] Spikes
|move|p2a: Hydrapple|Nasty Plot|p2a: Hydrapple
|-boost|p2a: Hydrapple|spa|2
|
|-heal|p1a: Goodra|83/100|[from] move: Wish|[wisher] Alomomola
|upkeep
|turn|59
|
|t:|1760849953
|move|p2a: Hydrapple|Earth Power|p1a: Goodra
|-supereffective|p1a: Goodra
|-damage|p1a: Goodra|44/100
|move|p1a: Goodra|Dragon Tail|p2a: Hydrapple
|-supereffective|p2a: Hydrapple
|-damage|p2a: Hydrapple|63/100
|drag|p2a: Skarmory|Skarmory, F|55/100 brn
|
|-damage|p2a: Skarmory|49/100 brn|[from] brn
|upkeep
|turn|60
|
|t:|1760849959
|move|p2a: Skarmory|Body Press|p1a: Goodra
|-supereffective|p1a: Goodra
|-damage|p1a: Goodra|14/100
|move|p1a: Goodra|Knock Off|p2a: Skarmory
|-damage|p2a: Skarmory|35/100 brn
|-enditem|p2a: Skarmory|Heavy-Duty Boots|[from] move: Knock Off|[of] p1a: Goodra
|
|-damage|p2a: Skarmory|29/100 brn|[from] brn
|upkeep
|turn|61
|
|t:|1760849964
|switch|p1a: Alomomola|Alomomola, M|100/100
|-damage|p1a: Alomomola|76/100|[from] Spikes
|move|p2a: Skarmory|Body Press|p1a: Alomomola
|-damage|p1a: Alomomola|68/100
|
|-damage|p2a: Skarmory|23/100 brn|[from] brn
|upkeep
|turn|62
|
|t:|1760849970
|move|p2a: Skarmory|Roost|p2a: Skarmory
|-heal|p2a: Skarmory|73/100 brn
|-singleturn|p2a: Skarmory|move: Roost
|move|p1a: Alomomola|Wish|p1a: Alomomola
|
|-damage|p2a: Skarmory|67/100 brn|[from] brn
|upkeep
|turn|63
|
|t:|1760849977
|switch|p2a: Hydrapple|Hydrapple, M|96/100
|-damage|p2a: Hydrapple|84/100|[from] Stealth Rock
|move|p1a: Alomomola|Flip Turn|p2a: Hydrapple
|-resisted|p2a: Hydrapple
|-damage|p2a: Hydrapple|82/100
|
|t:|1760849982
|switch|p1a: Great Tusk|Great Tusk|41/100|[from] Flip Turn
|-damage|p1a: Great Tusk|16/100|[from] Spikes
|
|-heal|p1a: Great Tusk|78/100|[from] move: Wish|[wisher] Alomomola
|upkeep
|turn|64
|
|t:|1760849987
|move|p1a: Great Tusk|Rapid Spin|p2a: Hydrapple
|-damage|p2a: Hydrapple|73/100
|-boost|p1a: Great Tusk|spe|1
|-sideend|p1: Minytank|Spikes|[from] move: Rapid Spin|[of] p1a: Great Tusk
|move|p2a: Hydrapple|Giga Drain|p1a: Great Tusk
|-supereffective|p1a: Great Tusk
|-damage|p1a: Great Tusk|0 fnt
|-heal|p2a: Hydrapple|100/100|[from] drain|[of] p1a: Great Tusk
|faint|p1a: Great Tusk
|-end|p1a: Great Tusk|Protosynthesis|[silent]
|
|upkeep
|
|t:|1760849992
|switch|p1a: Landorus|Landorus-Therian, M|63/100
|-ability|p1a: Landorus|Intimidate|boost
|-unboost|p2a: Hydrapple|atk|1
|turn|65
|
|t:|1760850006
|move|p1a: Landorus|U-turn|p2a: Hydrapple
|-supereffective|p2a: Hydrapple
|-damage|p2a: Hydrapple|67/100
|
|t:|1760850009
|switch|p1a: Wo-Chien|Wo-Chien|86/100|[from] U-turn
|-ability|p1a: Wo-Chien|Tablets of Ruin
|move|p2a: Hydrapple|Giga Drain|p1a: Wo-Chien
|-resisted|p1a: Wo-Chien
|-damage|p1a: Wo-Chien|78/100
|-heal|p2a: Hydrapple|71/100|[from] drain|[of] p1a: Wo-Chien
|
|-heal|p1a: Wo-Chien|84/100|[from] item: Leftovers
|upkeep
|turn|66
|
|t:|1760850019
|switch|p1a: Landorus|Landorus-Therian, M|63/100
|-ability|p1a: Landorus|Intimidate|boost
|-unboost|p2a: Hydrapple|atk|1
|switch|p2a: Clefable|Clefable, M|86/100
|
|-damage|p1a: Landorus|50/100|[from] item: Sticky Barb
|upkeep
|turn|67
|
|t:|1760850024
|move|p1a: Landorus|U-turn|p2a: Clefable
|-resisted|p2a: Clefable
|-damage|p2a: Clefable|76/100
|
|t:|1760850026
|switch|p1a: Alomomola|Alomomola, M|100/100|[from] U-turn
|move|p2a: Clefable|Moonblast|p1a: Alomomola
|-crit|p1a: Alomomola
|-damage|p1a: Alomomola|42/100
|
|upkeep
|turn|68
|
|t:|1760850031
|move|p2a: Clefable|Moonblast|p1a: Alomomola
|-damage|p1a: Alomomola|3/100
|-unboost|p1a: Alomomola|spa|1
|move|p1a: Alomomola|Wish|p1a: Alomomola
|
|upkeep
|turn|69
|
|t:|1760850045
|switch|p2a: Hydrapple|Hydrapple, M|100/100
|-damage|p2a: Hydrapple|88/100|[from] Stealth Rock
|switch|p1a: Garganacl|Garganacl, M|60/100
|
|-heal|p1a: Garganacl|100/100|[from] move: Wish|[wisher] Alomomola
|upkeep
|turn|70
|
|t:|1760850054
|switch|p1a: Wo-Chien|Wo-Chien|84/100
|-ability|p1a: Wo-Chien|Tablets of Ruin
|move|p2a: Hydrapple|Giga Drain|p1a: Wo-Chien
|-resisted|p1a: Wo-Chien
|-damage|p1a: Wo-Chien|75/100
|-heal|p2a: Hydrapple|92/100|[from] drain|[of] p1a: Wo-Chien
|
|-heal|p1a: Wo-Chien|81/100|[from] item: Leftovers
|upkeep
|turn|71
|
|t:|1760850058
|move|p1a: Wo-Chien|Seed Bomb|p2a: Hydrapple
|-resisted|p2a: Hydrapple
|-damage|p2a: Hydrapple|89/100
|move|p2a: Hydrapple|Nasty Plot|p2a: Hydrapple
|-boost|p2a: Hydrapple|spa|2
|
|-heal|p1a: Wo-Chien|87/100|[from] item: Leftovers
|upkeep
|turn|72
|
|t:|1760850062
|switch|p1a: Landorus|Landorus-Therian, M|50/100
|-ability|p1a: Landorus|Intimidate|boost
|-unboost|p2a: Hydrapple|atk|1
|move|p2a: Hydrapple|Nasty Plot|p2a: Hydrapple
|-boost|p2a: Hydrapple|spa|2
|
|-damage|p1a: Landorus|38/100|[from] item: Sticky Barb
|upkeep
|turn|73
|
|t:|1760850065
|move|p1a: Landorus|U-turn|p2a: Hydrapple
|-supereffective|p2a: Hydrapple
|-damage|p2a: Hydrapple|55/100
|
|t:|1760850067
|switch|p1a: Wo-Chien|Wo-Chien|87/100|[from] U-turn
|-ability|p1a: Wo-Chien|Tablets of Ruin
|move|p2a: Hydrapple|Giga Drain|p1a: Wo-Chien
|-resisted|p1a: Wo-Chien
|-damage|p1a: Wo-Chien|62/100
|-heal|p2a: Hydrapple|66/100|[from] drain|[of] p1a: Wo-Chien
|
|-heal|p1a: Wo-Chien|68/100|[from] item: Leftovers
|upkeep
|turn|74
|
|t:|1760850071
|move|p1a: Wo-Chien|Seed Bomb|p2a: Hydrapple
|-resisted|p2a: Hydrapple
|-damage|p2a: Hydrapple|63/100
|move|p2a: Hydrapple|Fickle Beam|p1a: Wo-Chien|[anim] Fickle Beam All Out
|-activate|p2a: Hydrapple|move: Fickle Beam
|-damage|p1a: Wo-Chien|0 fnt
|faint|p1a: Wo-Chien
|
|upkeep
|
|t:|1760850076
|switch|p1a: Landorus|Landorus-Therian, M|38/100
|-ability|p1a: Landorus|Intimidate|boost
|-unboost|p2a: Hydrapple|atk|1
|turn|75
|
|t:|1760850078
|move|p1a: Landorus|U-turn|p2a: Hydrapple
|-supereffective|p2a: Hydrapple
|-damage|p2a: Hydrapple|32/100
|
|t:|1760850080
|switch|p1a: Goodra|Goodra-Hisui, M|14/100|[from] U-turn
|move|p2a: Hydrapple|Giga Drain|p1a: Goodra
|-ability|p1a: Goodra|Sap Sipper|boost
|-boost|p1a: Goodra|atk|1
|
|upkeep
|turn|76
|
|t:|1760850086
|move|p1a: Goodra|Heavy Slam|p2a: Hydrapple
|-damage|p2a: Hydrapple|6/100
|move|p2a: Hydrapple|Earth Power|p1a: Goodra
|-supereffective|p1a: Goodra
|-damage|p1a: Goodra|0 fnt
|faint|p1a: Goodra
|
|upkeep
|
|t:|1760850089
|switch|p1a: Landorus|Landorus-Therian, M|38/100
|-ability|p1a: Landorus|Intimidate|boost
|-unboost|p2a: Hydrapple|atk|1
|turn|77
|
|t:|1760850095
|switch|p2a: Skarmory|Skarmory, F|67/100 brn
|-damage|p2a: Skarmory|55/100 brn|[from] Stealth Rock
|move|p1a: Landorus|U-turn|p2a: Skarmory
|-resisted|p2a: Skarmory
|-damage|p2a: Skarmory|51/100 brn
|
|t:|1760850100
|switch|p1a: Garganacl|Garganacl, M|100/100|[from] U-turn
|
|-damage|p2a: Skarmory|45/100 brn|[from] brn
|upkeep
|turn|78
|
|t:|1760850103
|move|p2a: Skarmory|Body Press|p1a: Garganacl
|-supereffective|p1a: Garganacl
|-damage|p1a: Garganacl|86/100
|move|p1a: Garganacl|Salt Cure|p2a: Skarmory
|-damage|p2a: Skarmory|36/100 brn
|-start|p2a: Skarmory|Salt Cure
|
|-damage|p2a: Skarmory|30/100 brn|[from] brn
|-damage|p2a: Skarmory|5/100 brn|[from] Salt Cure
|upkeep
|turn|79
|
|t:|1760850105
|switch|p1a: Alomomola|Alomomola, M|36/100
|move|p2a: Skarmory|Spikes|p1a: Alomomola
|-sidestart|p1: Minytank|Spikes
|
|-damage|p2a: Skarmory|0 fnt|[from] brn
|faint|p2a: Skarmory
|upkeep
|
|t:|1760850110
|switch|p2a: Tyranitar|Tyranitar, F|51/100
|-weather|Sandstorm|[from] ability: Sand Stream|[of] p2a: Tyranitar
|turn|80
|
|t:|1760850116
|move|p1a: Alomomola|Protect|p1a: Alomomola
|-singleturn|p1a: Alomomola|Protect
|move|p2a: Tyranitar|Stealth Rock|p1a: Alomomola
|-sidestart|p1: Minytank|move: Stealth Rock
|
|-weather|Sandstorm|[upkeep]
|-damage|p1a: Alomomola|30/100|[from] Sandstorm
|upkeep
|turn|81
|
|t:|1760850120
|move|p1a: Alomomola|Wish|p1a: Alomomola
|move|p2a: Tyranitar|Roar|p1a: Alomomola
|drag|p1a: Garganacl|Garganacl, M|86/100
|-damage|p1a: Garganacl|74/100|[from] Spikes
|-damage|p1a: Garganacl|61/100|[from] Stealth Rock
|
|-weather|Sandstorm|[upkeep]
|upkeep
|turn|82
|
|t:|1760850131
|move|p1a: Garganacl|Salt Cure|p2a: Tyranitar
|-damage|p2a: Tyranitar|40/100
|-start|p2a: Tyranitar|Salt Cure
|move|p2a: Tyranitar|Roar|p1a: Garganacl
|drag|p1a: Landorus|Landorus-Therian, M|38/100
|-damage|p1a: Landorus|25/100|[from] Stealth Rock
|-ability|p1a: Landorus|Intimidate|boost
|-unboost|p2a: Tyranitar|atk|1
|
|-weather|Sandstorm|[upkeep]
|-heal|p1a: Landorus|100/100|[from] move: Wish|[wisher] Alomomola
|-damage|p2a: Tyranitar|27/100|[from] Salt Cure
|-damage|p1a: Landorus|88/100|[from] item: Sticky Barb
|upkeep
|turn|83
|
|t:|1760850134
|move|p1a: Landorus|U-turn|p2a: Tyranitar
|-supereffective|p2a: Tyranitar
|-damage|p2a: Tyranitar|0 fnt
|faint|p2a: Tyranitar
|
|t:|1760850136
|switch|p1a: Alomomola|Alomomola, M|63/100|[from] U-turn
|-damage|p1a: Alomomola|51/100|[from] Spikes
|-damage|p1a: Alomomola|39/100|[from] Stealth Rock
|
|-weather|Sandstorm|[upkeep]
|-damage|p1a: Alomomola|33/100|[from] Sandstorm
|upkeep
|
|t:|1760850142
|switch|p2a: Hydrapple|Hydrapple, M|40/100
|-damage|p2a: Hydrapple|27/100|[from] Stealth Rock
|turn|84
|
|t:|1760850145
|switch|p2a: Clefable|Clefable, M|76/100
|move|p1a: Alomomola|Flip Turn|p2a: Clefable
|-damage|p2a: Clefable|64/100
|
|t:|1760850149
|switch|p1a: Landorus|Landorus-Therian, M|88/100|[from] Flip Turn
|-damage|p1a: Landorus|75/100|[from] Stealth Rock
|-ability|p1a: Landorus|Intimidate|boost
|-unboost|p2a: Clefable|atk|1
|
|-weather|none
|-damage|p1a: Landorus|63/100|[from] item: Sticky Barb
|upkeep
|turn|85
|
|t:|1760850156
|move|p2a: Clefable|Protect|p2a: Clefable
|-singleturn|p2a: Clefable|Protect
|move|p1a: Landorus|Earthquake|p2a: Clefable
|-activate|p2a: Clefable|move: Protect
|
|-damage|p1a: Landorus|50/100|[from] item: Sticky Barb
|upkeep
|turn|86
|
|t:|1760850167
|move|p1a: Landorus|Earthquake|p2a: Clefable
|-damage|p2a: Clefable|25/100
|move|p2a: Clefable|Wish|p2a: Clefable
|
|-damage|p1a: Landorus|38/100|[from] item: Sticky Barb
|upkeep
|turn|87
|
|t:|1760850170
|switch|p1a: Alomomola|Alomomola, M|66/100
|-damage|p1a: Alomomola|53/100|[from] Spikes
|-damage|p1a: Alomomola|41/100|[from] Stealth Rock
|move|p2a: Clefable|Protect||[still]
|-fail|p2a: Clefable
|
|-heal|p2a: Clefable|75/100|[from] move: Wish|[wisher] Clefable
|upkeep
|turn|88
|
|t:|1760850177
|move|p2a: Clefable|Moonblast|p1a: Alomomola
|-damage|p1a: Alomomola|7/100
|move|p1a: Alomomola|Wish|p1a: Alomomola
|
|upkeep
|turn|89
|
|t:|1760850182
|switch|p1a: Landorus|Landorus-Therian, M|38/100
|-damage|p1a: Landorus|25/100|[from] Stealth Rock
|-ability|p1a: Landorus|Intimidate|boost
|-unboost|p2a: Clefable|atk|1
|move|p2a: Clefable|Knock Off|p1a: Landorus
|-damage|p1a: Landorus|17/100
|
|-heal|p1a: Landorus|100/100|[from] move: Wish|[wisher] Alomomola
|upkeep
|turn|90
|
|t:|1760850189
|move|p1a: Landorus|Earthquake|p2a: Clefable
|-damage|p2a: Clefable|35/100
|move|p2a: Clefable|Wish|p2a: Clefable
|
|upkeep
|turn|91
|
|t:|1760850196
|move|p2a: Clefable|Protect|p2a: Clefable
|-singleturn|p2a: Clefable|Protect
|move|p1a: Landorus|Crunch|p2a: Clefable
|-activate|p2a: Clefable|move: Protect
|
|-heal|p2a: Clefable|85/100|[from] move: Wish|[wisher] Clefable
|upkeep
|turn|92
|
|t:|1760850203
|move|p1a: Landorus|Crunch|p2a: Clefable
|-resisted|p2a: Clefable
|-damage|p2a: Clefable|74/100
|move|p2a: Clefable|Moonblast|p1a: Landorus
|-damage|p1a: Landorus|58/100
|-unboost|p1a: Landorus|spa|1
|
|-damage|p1a: Landorus|45/100|[from] item: Sticky Barb
|upkeep
|turn|93
|-message|Minytank forfeited.
|
|win|16xaya
|raw|Minytank's rating: 1325 &rarr; <strong>1304</strong><br />(-21 for losing)
|raw|16xaya's rating: 1303 &rarr; <strong>1324</strong><br />(+21 for winning)
|l|☆Minytank
|player|p1|
|l|☆16xaya
|player|p2|
