|j|☆seethemalldie
|j|☆mmerda
|t:|1760891287
|gametype|singles
|player|p1|seethemalldie|aaron|1356
|player|p2|mmerda|pokekid|1395
|gen|9
|tier|[Gen 9] OU
|rated|
|rule|HP Percentage Mod: HP is shown in percentages
|rule|Endless Battle Clause: Forcing endless battles is banned
|rule|Species Clause: Limit one of each Pokémon
|rule|OHKO Clause: OHKO moves are banned
|rule|Evasion Items Clause: Evasion items are banned
|rule|Evasion Moves Clause: Evasion moves are banned
|rule|Evasion Abilities Clause: Evasion abilities are banned
|rule|Sleep Moves Clause: Sleep-inducing moves are banned
|clearpoke
|poke|p1|Scizor, F|
|poke|p1|Toxtricity-Low-Key, F|
|poke|p1|Hydreigon, F|
|poke|p1|Iron Valiant|
|poke|p1|Ogerpon-Wellspring, F|
|poke|p1|Arcanine-Hisui, M|
|poke|p2|Kingambit, F|
|poke|p2|Dragapult, F|
|poke|p2|Gliscor, F|
|poke|p2|Hatterene, F|
|poke|p2|Rillaboom, F|
|poke|p2|Garganacl, M|
|teampreview
|inactive|Battle timer is ON: inactive players will automatically lose when time's up. (requested by seethemalldie)
|
|t:|1760891301
|teamsize|p1|6
|teamsize|p2|6
|start
|switch|p1a: Berry|Ogerpon-Wellspring, F|100/100
|switch|p2a: NOT Geodude|Garganacl, M|100/100
|turn|1
|
|t:|1760891309
|move|p1a: Berry|Ivy Cudgel|p2a: NOT Geodude|[anim] Ivy Cudgel Water
|-supereffective|p2a: NOT Geodude
|-damage|p2a: NOT Geodude|25/100
|move|p2a: NOT Geodude|Salt Cure|p1a: Berry
|-damage|p1a: Berry|83/100
|-start|p1a: Berry|Salt Cure
|
|-heal|p2a: NOT Geodude|31/100|[from] item: Leftovers
|-damage|p1a: Berry|58/100|[from] Salt Cure
|upkeep
|turn|2
|
|t:|1760891320
|switch|p2a: NOT Mime Jr|Hatterene, F|100/100
|move|p1a: Berry|Ivy Cudgel|p2a: NOT Mime Jr|[anim] Ivy Cudgel Water
|-damage|p2a: NOT Mime Jr|49/100
|
|-damage|p1a: Berry|33/100|[from] Salt Cure
|upkeep
|turn|3
|
|t:|1760891332
|switch|p1a: Solid|Scizor, F|100/100
|move|p2a: NOT Mime Jr|Draining Kiss|p1a: Solid
|-resisted|p1a: Solid
|-damage|p1a: Solid|91/100
|-heal|p2a: NOT Mime Jr|57/100|[from] drain|[of] p1a: Solid
|
|upkeep
|turn|4
|
|t:|1760891341
|switch|p2a: NOT Noibat|Gliscor, F|100/100
|move|p1a: Solid|Swords Dance|p1a: Solid
|-boost|p1a: Solid|atk|2
|
|-status|p2a: NOT Noibat|tox|[from] item: Toxic Orb
|upkeep
|turn|5
|
|t:|1760891354
|move|p1a: Solid|Bullet Punch|p2a: NOT Noibat
|-damage|p2a: NOT Noibat|66/100 tox
|move|p2a: NOT Noibat|U-turn|p1a: Solid
|-resisted|p1a: Solid
|-damage|p1a: Solid|85/100
|
|t:|1760891358
|switch|p2a: NOT Dratini|Dragapult, F|100/100|[from] U-turn
|
|upkeep
|turn|6
|
|t:|1760891377
|-terastallize|p1a: Solid|Water
|move|p2a: NOT Dratini|Will-O-Wisp|p1a: Solid|[miss]
|-miss|p2a: NOT Dratini|p1a: Solid
|move|p1a: Solid|Knock Off|p2a: NOT Dratini
|-supereffective|p2a: NOT Dratini
|-damage|p2a: NOT Dratini|0 fnt
|-enditem|p2a: NOT Dratini|Heavy-Duty Boots|[from] move: Knock Off|[of] p1a: Solid
|faint|p2a: NOT Dratini
|
|upkeep
|
|t:|1760891388
|switch|p2a: NOT Noibat|Gliscor, F|66/100 tox
|turn|7
|
|t:|1760891399
|move|p2a: NOT Noibat|Toxic|p1a: Solid
|-status|p1a: Solid|tox
|move|p1a: Solid|U-turn|p2a: NOT Noibat
|-resisted|p2a: NOT Noibat
|-damage|p2a: NOT Noibat|49/100 tox
|
|t:|1760891405
|switch|p1a: Berry|Ogerpon-Wellspring, F|33/100|[from] U-turn
|
|-heal|p2a: NOT Noibat|61/100 tox|[from] ability: Poison Heal
|upkeep
|turn|8
|
|t:|1760891410
|switch|p2a: NOT Aipom|Rillaboom, F|100/100
|-fieldstart|move: Grassy Terrain|[from] ability: Grassy Surge|[of] p2a: NOT Aipom
|move|p1a: Berry|Ivy Cudgel|p2a: NOT Aipom|[anim] Ivy Cudgel Water
|-resisted|p2a: NOT Aipom
|-damage|p2a: NOT Aipom|69/100
|
|-heal|p1a: Berry|39/100|[from] Grassy Terrain
|-heal|p2a: NOT Aipom|75/100|[from] Grassy Terrain
|upkeep
|turn|9
|
|t:|1760891423
|switch|p1a: Trip|Hydreigon, F, shiny|100/100
|move|p2a: NOT Aipom|Knock Off|p1a: Trip
|-resisted|p1a: Trip
|-damage|p1a: Trip|80/100
|-enditem|p1a: Trip|Eject Pack|[from] move: Knock Off|[of] p2a: NOT Aipom
|
|-heal|p2a: NOT Aipom|81/100|[from] Grassy Terrain
|upkeep
|turn|10
|
|t:|1760891436
|move|p1a: Trip|Tailwind|p1a: Trip
|-sidestart|p1: seethemalldie|move: Tailwind
|move|p2a: NOT Aipom|U-turn|p1a: Trip
|-supereffective|p1a: Trip
|-damage|p1a: Trip|25/100
|
|t:|1760891440
|switch|p2a: NOT Geodude|Garganacl, M|31/100|[from] U-turn
|
|-heal|p2a: NOT Geodude|37/100|[from] Grassy Terrain
|-heal|p2a: NOT Geodude|43/100|[from] item: Leftovers
|upkeep
|turn|11
|
|t:|1760891447
|switch|p2a: NOT Aipom|Rillaboom, F|81/100
|move|p1a: Trip|Draco Meteor|p2a: NOT Aipom
|-damage|p2a: NOT Aipom|37/100
|-unboost|p1a: Trip|spa|2
|
|-heal|p2a: NOT Aipom|43/100|[from] Grassy Terrain
|upkeep
|turn|12
|
|t:|1760891468
|switch|p1a: Archie|Arcanine-Hisui, M|100/100
|move|p2a: NOT Aipom|U-turn|p1a: Archie
|-resisted|p1a: Archie
|-damage|p1a: Archie|84/100
|
|t:|1760891471
|switch|p2a: NOT Geodude|Garganacl, M|43/100|[from] U-turn
|
|-heal|p1a: Archie|91/100|[from] Grassy Terrain
|-heal|p2a: NOT Geodude|50/100|[from] Grassy Terrain
|-heal|p2a: NOT Geodude|56/100|[from] item: Leftovers
|-fieldend|move: Grassy Terrain
|upkeep
|turn|13
|
|t:|1760891481
|move|p1a: Archie|Head Smash|p2a: NOT Geodude
|-damage|p2a: NOT Geodude|0 fnt
|faint|p2a: NOT Geodude
|
|-sideend|p1: seethemalldie|move: Tailwind
|upkeep
|
|t:|1760891487
|switch|p2a: NOT Noibat|Gliscor, F|61/100 tox
|turn|14
|
|t:|1760891496
|switch|p1a: Trip|Hydreigon, F, shiny|25/100
|move|p2a: NOT Noibat|Toxic|p1a: Trip
|-status|p1a: Trip|tox
|
|-damage|p1a: Trip|19/100 tox|[from] psn
|-heal|p2a: NOT Noibat|74/100 tox|[from] ability: Poison Heal
|upkeep
|turn|15
|
|t:|1760891507
|move|p2a: NOT Noibat|Protect|p2a: NOT Noibat
|-singleturn|p2a: NOT Noibat|Protect
|move|p1a: Trip|Tailwind|p1a: Trip
|-sidestart|p1: seethemalldie|move: Tailwind
|
|-damage|p1a: Trip|7/100 tox|[from] psn
|-heal|p2a: NOT Noibat|86/100 tox|[from] ability: Poison Heal
|upkeep
|turn|16
|
|t:|1760891519
|switch|p2a: NOT Honedge|Kingambit, F|100/100
|move|p1a: Trip|Earth Power|p2a: NOT Honedge
|-supereffective|p2a: NOT Honedge
|-damage|p2a: NOT Honedge|44/100
|
|-heal|p2a: NOT Honedge|50/100|[from] item: Leftovers
|-damage|p1a: Trip|0 fnt|[from] psn
|faint|p1a: Trip
|upkeep
|
|t:|1760891536
|switch|p1a: Chili|Toxtricity-Low-Key, F|100/100
|turn|17
|
|t:|1760891547
|switch|p2a: NOT Noibat|Gliscor, F|86/100 tox
|move|p1a: Chili|Boomburst|p2a: NOT Noibat
|-damage|p2a: NOT Noibat|0 fnt
|faint|p2a: NOT Noibat
|
|upkeep
|
|t:|1760891551
|switch|p2a: NOT Aipom|Rillaboom, F|43/100
|-fieldstart|move: Grassy Terrain|[from] ability: Grassy Surge|[of] p2a: NOT Aipom
|turn|18
|
|t:|1760891557
|switch|p2a: NOT Honedge|Kingambit, F|50/100
|move|p1a: Chili|Boomburst|p2a: NOT Honedge
|-resisted|p2a: NOT Honedge
|-damage|p2a: NOT Honedge|4/100
|
|-heal|p2a: NOT Honedge|10/100|[from] Grassy Terrain
|-heal|p2a: NOT Honedge|16/100|[from] item: Leftovers
|-sideend|p1: seethemalldie|move: Tailwind
|upkeep
|turn|19
|
|t:|1760891566
|move|p2a: NOT Honedge|Sucker Punch|p1a: Chili
|-damage|p1a: Chili|32/100
|move|p1a: Chili|Boomburst|p2a: NOT Honedge
|-resisted|p2a: NOT Honedge
|-damage|p2a: NOT Honedge|0 fnt
|faint|p2a: NOT Honedge
|
|-heal|p1a: Chili|38/100|[from] Grassy Terrain
|upkeep
|
|t:|1760891572
|switch|p2a: NOT Aipom|Rillaboom, F|43/100
|turn|20
|
|t:|1760891583
|switch|p1a: Solid|Scizor, F, tera:Water|85/100 tox
|move|p2a: NOT Aipom|High Horsepower|p1a: Solid
|-damage|p1a: Solid|57/100 tox
|
|-heal|p2a: NOT Aipom|49/100|[from] Grassy Terrain
|-heal|p1a: Solid|63/100 tox|[from] Grassy Terrain
|-damage|p1a: Solid|57/100 tox|[from] psn
|upkeep
|turn|21
|
|t:|1760891592
|move|p2a: NOT Aipom|Grassy Glide|p1a: Solid
|-supereffective|p1a: Solid
|-damage|p1a: Solid|0 fnt
|faint|p1a: Solid
|
|-heal|p2a: NOT Aipom|55/100|[from] Grassy Terrain
|upkeep
|
|t:|1760891604
|switch|p1a: Archie|Arcanine-Hisui, M|91/100
|turn|22
|
|t:|1760891619
|-terastallize|p2a: NOT Aipom|Fire
|move|p2a: NOT Aipom|Grassy Glide|p1a: Archie
|-damage|p1a: Archie|42/100
|move|p1a: Archie|Double-Edge|p2a: NOT Aipom
|-crit|p2a: NOT Aipom
|-damage|p2a: NOT Aipom|0 fnt
|faint|p2a: NOT Aipom
|
|-heal|p1a: Archie|48/100|[from] Grassy Terrain
|-fieldend|move: Grassy Terrain
|upkeep
|-message|mmerda forfeited.
|
|win|seethemalldie
|raw|seethemalldie's rating: 1356 &rarr; <strong>1378</strong><br />(+22 for winning)
|raw|mmerda's rating: 1395 &rarr; <strong>1373</strong><br />(-22 for losing)
|l|☆mmerda
|player|p2|
|l|☆seethemalldie
|player|p1|
