|j|☆HZRzc
|j|☆iyufg98g809og
|t:|1760768379
|gametype|singles
|player|p1|HZRzc|cynthia|1100
|player|p2|iyufg98g809og|101|1108
|gen|9
|tier|[Gen 9] OU
|rated|
|rule|HP Percentage Mod: HP is shown in percentages
|rule|Endless Battle Clause: Forcing endless battles is banned
|rule|Species Clause: Limit one of each Pokémon
|rule|OHKO Clause: OHKO moves are banned
|rule|Evasion Items Clause: Evasion items are banned
|rule|Evasion Moves Clause: Evasion moves are banned
|rule|Evasion Abilities Clause: Evasion abilities are banned
|rule|Sleep Moves Clause: Sleep-inducing moves are banned
|clearpoke
|poke|p1|Maushold-Four|
|poke|p1|Garchomp, M|
|poke|p1|Dragapult, M|
|poke|p1|Incineroar, F|
|poke|p1|Tyranitar, F|
|poke|p1|Great Tusk|
|poke|p2|Sableye, M|
|poke|p2|Frosmoth, M|
|poke|p2|Moltres|
|poke|p2|Toxapex, M|
|poke|p2|Meowscarada, F|
|poke|p2|Metagross|
|teampreview
|inactive|Battle timer is ON: inactive players will automatically lose when time's up. (requested by HZRzc)
|
|t:|1760768397
|teamsize|p1|6
|teamsize|p2|6
|start
|switch|p1a: 宇宙第一咆哮虎|Incineroar, F|100/100
|switch|p2a: Meowscarada|Meowscarada, F|100/100
|-ability|p1a: 宇宙第一咆哮虎|Intimidate|boost
|-unboost|p2a: Meowscarada|atk|1
|turn|1
|
|t:|1760768407
|move|p1a: 宇宙第一咆哮虎|Fake Out|p2a: Meowscarada
|-damage|p2a: Meowscarada|82/100
|cant|p2a: Meowscarada|flinch
|
|upkeep
|turn|2
|
|t:|1760768416
|move|p2a: Meowscarada|U-turn|p1a: 宇宙第一咆哮虎
|-start|p2a: Meowscarada|typechange|Bug|[from] ability: Protean
|-damage|p1a: 宇宙第一咆哮虎|80/100
|
|t:|1760768421
|switch|p2a: Moltres|Moltres|100/100|[from] U-turn
|move|p1a: 宇宙第一咆哮虎|Parting Shot|p2a: Moltres
|-unboost|p2a: Moltres|atk|1
|-unboost|p2a: Moltres|spa|1
|
|t:|1760768437
|switch|p1a: 嘎子|Dragapult, M, shiny|100/100|[from] Parting Shot
|
|upkeep
|turn|3
|
|t:|1760768447
|switch|p2a: Toxapex|Toxapex, M|100/100
|move|p1a: 嘎子|Dragon Dance|p1a: 嘎子
|-boost|p1a: 嘎子|atk|1
|-boost|p1a: 嘎子|spe|1
|
|upkeep
|turn|4
|
|t:|1760768455
|move|p1a: 嘎子|Psychic Fangs|p2a: Toxapex
|-supereffective|p2a: Toxapex
|-damage|p2a: Toxapex|17/100
|-damage|p1a: 嘎子|91/100|[from] item: Life Orb
|move|p2a: Toxapex|Ice Beam|p1a: 嘎子
|-supereffective|p1a: 嘎子
|-damage|p1a: 嘎子|35/100
|
|upkeep
|turn|5
|
|t:|1760768464
|move|p1a: 嘎子|Psychic Fangs|p2a: Toxapex
|-supereffective|p2a: Toxapex
|-damage|p2a: Toxapex|0 fnt
|faint|p2a: Toxapex
|-damage|p1a: 嘎子|25/100|[from] item: Life Orb
|
|upkeep
|
|t:|1760768476
|switch|p2a: Metagross|Metagross|100/100
|turn|6
|
|t:|1760768482
|move|p1a: 嘎子|U-turn|p2a: Metagross
|-damage|p2a: Metagross|60/100
|-damage|p1a: 嘎子|15/100|[from] item: Life Orb
|
|t:|1760768487
|switch|p1a: 宇宙第一咆哮虎|Incineroar, F|80/100|[from] U-turn
|-ability|p1a: 宇宙第一咆哮虎|Intimidate|boost
|-fail|p2a: Metagross|unboost|[from] ability: Clear Body|[of] p2a: Metagross
|move|p2a: Metagross|Earthquake|p1a: 宇宙第一咆哮虎
|-supereffective|p1a: 宇宙第一咆哮虎
|-damage|p1a: 宇宙第一咆哮虎|0 fnt
|faint|p1a: 宇宙第一咆哮虎
|
|upkeep
|
|t:|1760768501
|switch|p1a: 我是竹兰小姐的狗！|Garchomp, M, shiny|100/100
|turn|7
|
|t:|1760768507
|switch|p2a: Moltres|Moltres|100/100
|move|p1a: 我是竹兰小姐的狗！|Swords Dance|p1a: 我是竹兰小姐的狗！
|-boost|p1a: 我是竹兰小姐的狗！|atk|2
|
|upkeep
|turn|8
|
|t:|1760768514
|move|p1a: 我是竹兰小姐的狗！|Scale Shot|p2a: Moltres|[miss]
|-miss|p1a: 我是竹兰小姐的狗！|p2a: Moltres
|move|p2a: Moltres|U-turn|p1a: 我是竹兰小姐的狗！
|-damage|p1a: 我是竹兰小姐的狗！|85/100
|-damage|p2a: Moltres|88/100|[from] ability: Rough Skin|[of] p1a: 我是竹兰小姐的狗！
|
|t:|1760768520
|switch|p2a: Meowscarada|Meowscarada, F|82/100|[from] U-turn
|
|upkeep
|turn|9
|
|t:|1760768526
|-terastallize|p1a: 我是竹兰小姐的狗！|Steel
|move|p2a: Meowscarada|Triple Axel|p1a: 我是竹兰小姐的狗！
|-start|p2a: Meowscarada|typechange|Ice|[from] ability: Protean
|-resisted|p1a: 我是竹兰小姐的狗！
|-damage|p1a: 我是竹兰小姐的狗！|80/100
|-damage|p2a: Meowscarada|70/100|[from] ability: Rough Skin|[of] p1a: 我是竹兰小姐的狗！
|-resisted|p1a: 我是竹兰小姐的狗！
|-damage|p1a: 我是竹兰小姐的狗！|70/100
|-damage|p2a: Meowscarada|58/100|[from] ability: Rough Skin|[of] p1a: 我是竹兰小姐的狗！
|-resisted|p1a: 我是竹兰小姐的狗！
|-damage|p1a: 我是竹兰小姐的狗！|55/100
|-damage|p2a: Meowscarada|46/100|[from] ability: Rough Skin|[of] p1a: 我是竹兰小姐的狗！
|-hitcount|p1a: 我是竹兰小姐的狗！|3
|move|p1a: 我是竹兰小姐的狗！|Scale Shot|p2a: Meowscarada
|-damage|p2a: Meowscarada|7/100
|-damage|p2a: Meowscarada|0 fnt
|faint|p2a: Meowscarada
|-hitcount|p2: Meowscarada|2
|-unboost|p1a: 我是竹兰小姐的狗！|def|1
|-boost|p1a: 我是竹兰小姐的狗！|spe|1
|
|upkeep
|
|t:|1760768547
|switch|p2a: Sableye|Sableye, M|100/100
|turn|10
|
|t:|1760768552
|move|p2a: Sableye|Disable|p1a: 我是竹兰小姐的狗！
|-start|p1a: 我是竹兰小姐的狗！|Disable|Scale Shot
|move|p1a: 我是竹兰小姐的狗！|Iron Head|p2a: Sableye
|-damage|p2a: Sableye|22/100
|
|-heal|p2a: Sableye|28/100|[from] item: Leftovers
|upkeep
|turn|11
|
|t:|1760768561
|move|p2a: Sableye|Encore|p1a: 我是竹兰小姐的狗！
|-start|p1a: 我是竹兰小姐的狗！|Encore
|move|p1a: 我是竹兰小姐的狗！|Iron Head|p2a: Sableye
|-damage|p2a: Sableye|0 fnt
|faint|p2a: Sableye
|
|upkeep
|
|t:|1760768567
|switch|p2a: Moltres|Moltres|88/100
|turn|12
|
|t:|1760768574
|switch|p1a: 班！|Tyranitar, F|100/100
|-weather|Sandstorm|[from] ability: Sand Stream|[of] p1a: 班！
|move|p2a: Moltres|U-turn|p1a: 班！
|-supereffective|p1a: 班！
|-damage|p1a: 班！|79/100
|
|t:|1760768586
|switch|p2a: Metagross|Metagross|60/100|[from] U-turn
|
|-weather|Sandstorm|[upkeep]
|upkeep
|turn|13
|
|t:|1760768599
|move|p2a: Metagross|Bullet Punch|p1a: 班！
|-supereffective|p1a: 班！
|-damage|p1a: 班！|27/100
|move|p1a: 班！|Earthquake|p2a: Metagross
|-supereffective|p2a: Metagross
|-damage|p2a: Metagross|0 fnt
|faint|p2a: Metagross
|
|-weather|Sandstorm|[upkeep]
|upkeep
|
|t:|1760768609
|switch|p2a: Moltres|Moltres|88/100
|turn|14
|
|t:|1760768614
|switch|p1a: 嘎子|Dragapult, M, shiny|15/100
|move|p2a: Moltres|U-turn|p1a: 嘎子
|-resisted|p1a: 嘎子
|-crit|p1a: 嘎子
|-damage|p1a: 嘎子|1/100
|
|t:|1760768621
|switch|p2a: Frosmoth|Frosmoth, M|100/100|[from] U-turn
|
|-weather|Sandstorm|[upkeep]
|-damage|p1a: 嘎子|0 fnt|[from] Sandstorm
|-damage|p2a: Frosmoth|94/100|[from] Sandstorm
|faint|p1a: 嘎子
|upkeep
|
|t:|1760768627
|switch|p1a: 我是竹兰小姐的狗！|Garchomp, M, shiny, tera:Steel|55/100
|turn|15
|
|t:|1760768637
|-terastallize|p2a: Frosmoth|Ground
|move|p1a: 我是竹兰小姐的狗！|Scale Shot|p2a: Frosmoth
|-damage|p2a: Frosmoth|70/100
|-damage|p2a: Frosmoth|48/100
|-damage|p2a: Frosmoth|23/100
|-damage|p2a: Frosmoth|0 fnt
|faint|p2a: Frosmoth
|-hitcount|p2: Frosmoth|4
|-unboost|p1a: 我是竹兰小姐的狗！|def|1
|-boost|p1a: 我是竹兰小姐的狗！|spe|1
|
|-weather|Sandstorm|[upkeep]
|upkeep
|-message|iyufg98g809og forfeited.
|
|win|HZRzc
|raw|HZRzc's rating: 1100 &rarr; <strong>1126</strong><br />(+26 for winning)
|raw|iyufg98g809og's rating: 1108 &rarr; <strong>1082</strong><br />(-26 for losing)
|l|☆iyufg98g809og
|player|p2|
|l|☆HZRzc
|player|p1|
