|j|☆FreguesMidnight
|j|☆ThatFroot
|t:|1760809876
|gametype|singles
|player|p1|FreguesMidnight|burglar|1110
|player|p2|ThatFroot|red|1070
|gen|9
|tier|[Gen 9] OU
|rated|
|rule|HP Percentage Mod: HP is shown in percentages
|rule|Endless Battle Clause: Forcing endless battles is banned
|rule|Species Clause: Limit one of each Pokémon
|rule|OHKO Clause: OHKO moves are banned
|rule|Evasion Items Clause: Evasion items are banned
|rule|Evasion Moves Clause: Evasion moves are banned
|rule|Evasion Abilities Clause: Evasion abilities are banned
|rule|Sleep Moves Clause: Sleep-inducing moves are banned
|clearpoke
|poke|p1|Hatterene, F|
|poke|p1|Dragonite, M|
|poke|p1|Pelipper, M|
|poke|p1|Inteleon, F|
|poke|p1|Lanturn, M|
|poke|p1|Comfey, F|
|poke|p2|Greninja-*, M|
|poke|p2|Salamence, M|
|poke|p2|Excadrill, F|
|poke|p2|Galvantula, F|
|poke|p2|Grimmsnarl, M|
|poke|p2|Magmortar, F|
|teampreview
|
|t:|1760809886
|teamsize|p1|6
|teamsize|p2|6
|start
|switch|p1a: Hatterene|Hatterene, F|100/100
|switch|p2a: Galvantula|Galvantula, F|100/100
|turn|1
|inactive|Battle timer is ON: inactive players will automatically lose when time's up. (requested by FreguesMidnight)
|
|t:|1760809894
|move|p2a: Galvantula|Volt Switch|p1a: Hatterene
|-damage|p1a: Hatterene|75/100
|
|t:|1760809898
|switch|p2a: Greninja|Greninja, M|100/100|[from] Volt Switch
|move|p1a: Hatterene|Mystical Fire|p2a: Greninja
|-resisted|p2a: Greninja
|-damage|p2a: Greninja|82/100
|-unboost|p2a: Greninja|spa|1
|
|upkeep
|turn|2
|
|t:|1760809906
|move|p2a: Greninja|Sludge Wave|p1a: Hatterene
|-supereffective|p1a: Hatterene
|-damage|p1a: Hatterene|36/100
|-enditem|p1a: Hatterene|Sitrus Berry|[eat]
|-heal|p1a: Hatterene|61/100|[from] item: Sitrus Berry
|-damage|p2a: Greninja|72/100|[from] item: Life Orb
|move|p1a: Hatterene|Giga Drain|p2a: Greninja
|-supereffective|p2a: Greninja
|-damage|p2a: Greninja|0 fnt
|-heal|p1a: Hatterene|93/100|[from] drain|[of] p2a: Greninja
|faint|p2a: Greninja
|
|upkeep
|
|t:|1760809918
|switch|p2a: Excadrill|Excadrill, F|100/100
|-ability|p2a: Excadrill|Mold Breaker
|-item|p2a: Excadrill|Air Balloon
|turn|3
|
|t:|1760809926
|switch|p1a: Pelipper|Pelipper, M|100/100
|-weather|RainDance|[from] ability: Drizzle|[of] p1a: Pelipper
|move|p2a: Excadrill|Iron Head|p1a: Pelipper
|-resisted|p1a: Pelipper
|-damage|p1a: Pelipper|80/100
|
|-weather|RainDance|[upkeep]
|upkeep
|turn|4
|
|t:|1760809934
|move|p2a: Excadrill|Rock Slide|p1a: Pelipper
|-supereffective|p1a: Pelipper
|-damage|p1a: Pelipper|26/100
|move|p1a: Pelipper|U-turn|p2a: Excadrill
|-resisted|p2a: Excadrill
|-damage|p2a: Excadrill|95/100
|-enditem|p2a: Excadrill|Air Balloon
|
|t:|1760809939
|switch|p1a: Inteleon|Inteleon, F|100/100|[from] U-turn
|
|-weather|RainDance|[upkeep]
|upkeep
|turn|5
|
|t:|1760809947
|move|p1a: Inteleon|Snipe Shot|p2a: Excadrill
|-supereffective|p2a: Excadrill
|-damage|p2a: Excadrill|0 fnt
|faint|p2a: Excadrill
|
|-weather|RainDance|[upkeep]
|upkeep
|
|t:|1760809953
|switch|p2a: Galvantula|Galvantula, F|100/100
|turn|6
|l|☆FreguesMidnight
|inactive|FreguesMidnight disconnected and has a minute to reconnect!
|player|p1|
|inactive|FreguesMidnight has 30 seconds to reconnect!
|j|☆FreguesMidnight
|inactive|FreguesMidnight reconnected and has 100 seconds left.
|player|p1|FreguesMidnight|burglar|
|
|t:|1760810009
|switch|p1a: Hatterene|Hatterene, F|93/100
|move|p2a: Galvantula|Thunder|p1a: Hatterene
|-damage|p1a: Hatterene|52/100
|
|-weather|RainDance|[upkeep]
|upkeep
|turn|7
|
|t:|1760810017
|move|p2a: Galvantula|Bug Buzz|p1a: Hatterene
|-damage|p1a: Hatterene|21/100
|move|p1a: Hatterene|Mystical Fire|p2a: Galvantula
|-supereffective|p2a: Galvantula
|-damage|p2a: Galvantula|63/100
|-unboost|p2a: Galvantula|spa|1
|
|-weather|RainDance|[upkeep]
|upkeep
|turn|8
|
|t:|1760810024
|switch|p1a: Inteleon|Inteleon, F|100/100
|move|p2a: Galvantula|Volt Switch|p1a: Inteleon
|-supereffective|p1a: Inteleon
|-damage|p1a: Inteleon|28/100
|
|t:|1760810030
|switch|p2a: Salamence|Salamence, M|100/100|[from] Volt Switch
|-ability|p2a: Salamence|Intimidate|boost
|-unboost|p1a: Inteleon|atk|1
|
|-weather|RainDance|[upkeep]
|upkeep
|turn|9
|
|t:|1760810037
|-terastallize|p2a: Salamence|Water
|move|p1a: Inteleon|Ice Beam|p2a: Salamence
|-resisted|p2a: Salamence
|-damage|p2a: Salamence|81/100
|move|p2a: Salamence|Roar|p1a: Inteleon
|-enditem|p2a: Salamence|Throat Spray
|-boost|p2a: Salamence|spa|1|[from] item: Throat Spray
|drag|p1a: Pelipper|Pelipper, M|26/100
|
|-weather|RainDance|[upkeep]
|upkeep
|turn|10
|
|t:|1760810046
|move|p2a: Salamence|Air Slash|p1a: Pelipper
|-damage|p1a: Pelipper|0 fnt
|faint|p1a: Pelipper
|
|-weather|none
|upkeep
|
|t:|1760810057
|switch|p1a: Comfey|Comfey, F|100/100
|turn|11
|
|t:|1760810060
|move|p1a: Comfey|Calm Mind|p1a: Comfey
|-boost|p1a: Comfey|spa|1
|-boost|p1a: Comfey|spd|1
|move|p2a: Salamence|Air Slash|p1a: Comfey
|-damage|p1a: Comfey|54/100
|
|upkeep
|turn|12
|
|t:|1760810069
|move|p2a: Salamence|Hydro Pump|p1a: Comfey
|-damage|p1a: Comfey|0 fnt
|faint|p1a: Comfey
|
|upkeep
|
|t:|1760810072
|switch|p1a: Dragonite|Dragonite, M|100/100
|turn|13
|
|t:|1760810076
|-terastallize|p1a: Dragonite|Water
|move|p2a: Salamence|Dragon Pulse|p1a: Dragonite
|-damage|p1a: Dragonite|67/100
|move|p1a: Dragonite|Dragon Dance|p1a: Dragonite
|-boost|p1a: Dragonite|atk|1
|-boost|p1a: Dragonite|spe|1
|
|upkeep
|turn|14
|
|t:|1760810085
|move|p1a: Dragonite|Earthquake|p2a: Salamence
|-damage|p2a: Salamence|9/100
|move|p2a: Salamence|Air Slash|p1a: Dragonite
|-damage|p1a: Dragonite|9/100
|
|upkeep
|turn|15
|
|t:|1760810091
|move|p1a: Dragonite|Extreme Speed|p2a: Salamence
|-damage|p2a: Salamence|0 fnt
|faint|p2a: Salamence
|
|upkeep
|
|t:|1760810099
|switch|p2a: Grimmsnarl|Grimmsnarl, M|100/100
|turn|16
|
|t:|1760810105
|move|p2a: Grimmsnarl|Reflect|p2a: Grimmsnarl
|-sidestart|p2: ThatFroot|Reflect
|move|p1a: Dragonite|Waterfall|p2a: Grimmsnarl
|-damage|p2a: Grimmsnarl|71/100
|
|upkeep
|turn|17
|
|t:|1760810117
|switch|p1a: Dondozo counter|Lanturn, M|100/100
|move|p2a: Grimmsnarl|Light Screen|p2a: Grimmsnarl
|-sidestart|p2: ThatFroot|move: Light Screen
|
|upkeep
|turn|18
|
|t:|1760810124
|switch|p2a: Magmortar|Magmortar, F|100/100
|move|p1a: Dondozo counter|Thunderbolt|p2a: Magmortar
|-damage|p2a: Magmortar|77/100
|
|upkeep
|turn|19
|
|t:|1760810130
|move|p2a: Magmortar|Solar Beam||[still]
|-prepare|p2a: Magmortar|Solar Beam
|-enditem|p2a: Magmortar|Power Herb
|-anim|p2a: Magmortar|Solar Beam|p1a: Dondozo counter
|-supereffective|p1a: Dondozo counter
|-damage|p1a: Dondozo counter|4/100
|move|p1a: Dondozo counter|Scald|p2a: Magmortar
|-supereffective|p2a: Magmortar
|-damage|p2a: Magmortar|35/100
|
|-heal|p1a: Dondozo counter|10/100|[from] item: Leftovers
|upkeep
|turn|20
|
|t:|1760810140
|move|p2a: Magmortar|Psychic|p1a: Dondozo counter
|-damage|p1a: Dondozo counter|0 fnt
|faint|p1a: Dondozo counter
|
|upkeep
|
|t:|1760810148
|switch|p1a: Dragonite|Dragonite, M, tera:Water|9/100
|turn|21
|
|t:|1760810151
|move|p1a: Dragonite|Extreme Speed|p2a: Magmortar
|-damage|p2a: Magmortar|11/100
|-status|p1a: Dragonite|brn|[from] ability: Flame Body|[of] p2a: Magmortar
|move|p2a: Magmortar|Thunderbolt|p1a: Dragonite
|-supereffective|p1a: Dragonite
|-damage|p1a: Dragonite|0 fnt
|faint|p1a: Dragonite
|
|upkeep
|
|t:|1760810154
|switch|p1a: Hatterene|Hatterene, F|21/100
|turn|22
|
|t:|1760810162
|move|p2a: Magmortar|Flamethrower|p1a: Hatterene
|-damage|p1a: Hatterene|0 fnt
|faint|p1a: Hatterene
|
|upkeep
|
|t:|1760810164
|switch|p1a: Inteleon|Inteleon, F|28/100
|turn|23
|
|t:|1760810169
|move|p1a: Inteleon|Snipe Shot|p2a: Magmortar
|-supereffective|p2a: Magmortar
|-damage|p2a: Magmortar|0 fnt
|faint|p2a: Magmortar
|
|-sideend|p2: ThatFroot|Reflect
|upkeep
|
|t:|1760810175
|switch|p2a: Grimmsnarl|Grimmsnarl, M|71/100
|turn|24
|
|t:|1760810178
|move|p2a: Grimmsnarl|Reflect|p2a: Grimmsnarl
|-sidestart|p2: ThatFroot|Reflect
|move|p1a: Inteleon|Snipe Shot|p2a: Grimmsnarl
|-damage|p2a: Grimmsnarl|49/100
|
|-sideend|p2: ThatFroot|move: Light Screen
|upkeep
|turn|25
|
|t:|1760810183
|move|p2a: Grimmsnarl|Light Screen|p2a: Grimmsnarl
|-sidestart|p2: ThatFroot|move: Light Screen
|move|p1a: Inteleon|Snipe Shot|p2a: Grimmsnarl
|-damage|p2a: Grimmsnarl|25/100
|
|upkeep
|turn|26
|
|t:|1760810189
|move|p2a: Grimmsnarl|Sucker Punch|p1a: Inteleon
|-damage|p1a: Inteleon|0 fnt
|faint|p1a: Inteleon
|
|win|ThatFroot
|raw|FreguesMidnight's rating: 1110 &rarr; <strong>1082</strong><br />(-28 for losing)
|raw|ThatFroot's rating: 1070 &rarr; <strong>1103</strong><br />(+33 for winning)
|l|☆FreguesMidnight
|player|p1|
|l|☆ThatFroot
|player|p2|
