|j|☆go b3yond
|j|☆CyborgParrot127
|t:|1760882510
|gametype|singles
|player|p1|go b3yond|waiter-gen4dp|1620
|player|p2|CyborgParrot127|266|1598
|gen|9
|tier|[Gen 9] OU
|rated|
|rule|HP Percentage Mod: HP is shown in percentages
|rule|Endless Battle Clause: Forcing endless battles is banned
|rule|Species Clause: Limit one of each Pokémon
|rule|OHKO Clause: OHKO moves are banned
|rule|Evasion Items Clause: Evasion items are banned
|rule|Evasion Moves Clause: Evasion moves are banned
|rule|Evasion Abilities Clause: Evasion abilities are banned
|rule|Sleep Moves Clause: Sleep-inducing moves are banned
|clearpoke
|poke|p1|Torkoal, F|
|poke|p1|Brute Bonnet|
|poke|p1|Hatterene, F|
|poke|p1|Walking Wake|
|poke|p1|Thundurus-Therian, M|
|poke|p1|Ceruledge, M|
|poke|p2|Tyranitar, M|
|poke|p2|Excadrill, F|
|poke|p2|Hydrapple, F|
|poke|p2|Tornadus-Therian, M|
|poke|p2|Iron Valiant|
|poke|p2|Arcanine-Hisui, F|
|teampreview
|inactive|Battle timer is ON: inactive players will automatically lose when time's up. (requested by go b3yond)
|
|t:|1760882519
|teamsize|p1|6
|teamsize|p2|6
|start
|switch|p1a: GREAT Bait|Torkoal, F, shiny|100/100
|switch|p2a: Tornadus|Tornadus-Therian, M|100/100
|-weather|SunnyDay|[from] ability: Drought|[of] p1a: GREAT Bait
|turn|1
|
|t:|1760882523
|switch|p1a: Hatterene|Hatterene, F|100/100
|move|p2a: Tornadus|U-turn|p1a: Hatterene
|-damage|p1a: Hatterene|88/100
|-enditem|p1a: Hatterene|Eject Button
|
|t:|1760882533
|switch|p1a: Ceruledge|Ceruledge, M|100/100
|
|-weather|SunnyDay|[upkeep]
|upkeep
|turn|2
|
|t:|1760882539
|switch|p2a: Tyranitar|Tyranitar, M|100/100
|-weather|Sandstorm|[from] ability: Sand Stream|[of] p2a: Tyranitar
|move|p1a: Ceruledge|Swords Dance|p1a: Ceruledge
|-boost|p1a: Ceruledge|atk|2
|
|-weather|Sandstorm|[upkeep]
|-damage|p1a: Ceruledge|94/100|[from] Sandstorm
|upkeep
|turn|3
|
|t:|1760882548
|switch|p2a: Hydrapple|Hydrapple, F|100/100
|move|p1a: Ceruledge|Close Combat|p2a: Hydrapple
|-damage|p2a: Hydrapple|55/100
|-unboost|p1a: Ceruledge|def|1
|-unboost|p1a: Ceruledge|spd|1
|
|-weather|Sandstorm|[upkeep]
|-damage|p1a: Ceruledge|88/100|[from] Sandstorm
|-damage|p2a: Hydrapple|49/100|[from] Sandstorm
|upkeep
|turn|4
|
|t:|1760882562
|switch|p2a: Tyranitar|Tyranitar, M|100/100
|move|p1a: Ceruledge|Bitter Blade|p2a: Tyranitar
|-resisted|p2a: Tyranitar
|-damage|p2a: Tyranitar|68/100
|-heal|p1a: Ceruledge|100/100|[from] drain|[of] p2a: Tyranitar
|
|-weather|Sandstorm|[upkeep]
|-damage|p1a: Ceruledge|94/100|[from] Sandstorm
|-heal|p2a: Tyranitar|74/100|[from] item: Leftovers
|upkeep
|turn|5
|
|t:|1760882572
|-terastallize|p2a: Tyranitar|Flying
|move|p1a: Ceruledge|Close Combat|p2a: Tyranitar
|-resisted|p2a: Tyranitar
|-crit|p2a: Tyranitar
|-damage|p2a: Tyranitar|24/100
|-unboost|p1a: Ceruledge|def|1
|-unboost|p1a: Ceruledge|spd|1
|move|p2a: Tyranitar|Knock Off|p1a: Ceruledge
|-supereffective|p1a: Ceruledge
|-damage|p1a: Ceruledge|0 fnt
|-enditem|p1a: Ceruledge|Focus Sash|[from] move: Knock Off|[of] p2a: Tyranitar
|faint|p1a: Ceruledge
|
|-weather|Sandstorm|[upkeep]
|-damage|p2a: Tyranitar|17/100|[from] Sandstorm
|-heal|p2a: Tyranitar|24/100|[from] item: Leftovers
|upkeep
|
|t:|1760882581
|switch|p1a: Thundurus|Thundurus-Therian, M|100/100
|turn|6
|
|t:|1760882587
|switch|p2a: Arcanine|Arcanine-Hisui, F|100/100
|move|p1a: Thundurus|Weather Ball|p2a: Arcanine
|-supereffective|p2a: Arcanine
|-damage|p2a: Arcanine|4/100
|
|-weather|none
|upkeep
|turn|7
|
|t:|1760882595
|switch|p2a: Tornadus|Tornadus-Therian, M|100/100
|move|p1a: Thundurus|Weather Ball|p2a: Tornadus
|-damage|p2a: Tornadus|82/100
|
|upkeep
|turn|8
|
|t:|1760882602
|switch|p1a: Hatterene|Hatterene, F|88/100
|move|p2a: Tornadus|Bleakwind Storm|p1a: Hatterene
|-damage|p1a: Hatterene|48/100
|
|upkeep
|turn|9
|
|t:|1760882609
|move|p2a: Tornadus|U-turn|p1a: Hatterene
|-damage|p1a: Hatterene|35/100
|
|t:|1760882611
|switch|p2a: Hydrapple|Hydrapple, F|82/100|[from] U-turn
|move|p1a: Hatterene|Nuzzle|p2a: Hydrapple
|-resisted|p2a: Hydrapple
|-damage|p2a: Hydrapple|81/100
|-status|p2a: Hydrapple|par
|
|upkeep
|turn|10
|
|t:|1760882617
|switch|p2a: Excadrill|Excadrill, F|100/100
|-item|p2a: Excadrill|Air Balloon
|move|p1a: Hatterene|Healing Wish|p1a: Hatterene
|faint|p1a: Hatterene
|
|upkeep
|
|t:|1760882626
|switch|p1a: Walking Wake|Walking Wake|100/100
|turn|11
|
|t:|1760882632
|switch|p2a: Tornadus|Tornadus-Therian, M|100/100
|move|p1a: Walking Wake|Hydro Steam|p2a: Tornadus
|-damage|p2a: Tornadus|70/100
|
|upkeep
|turn|12
|
|t:|1760882636
|move|p2a: Tornadus|Knock Off|p1a: Walking Wake
|-damage|p1a: Walking Wake|78/100
|-enditem|p1a: Walking Wake|Assault Vest|[from] move: Knock Off|[of] p2a: Tornadus
|move|p1a: Walking Wake|Flip Turn|p2a: Tornadus
|-damage|p2a: Tornadus|52/100
|
|t:|1760882638
|-end|p1a: Walking Wake|Protosynthesis|[silent]
|switch|p1a: GREAT Bait|Torkoal, F, shiny|100/100|[from] Flip Turn
|-weather|SunnyDay|[from] ability: Drought|[of] p1a: GREAT Bait
|
|-weather|SunnyDay|[upkeep]
|upkeep
|turn|13
|
|t:|1760882643
|move|p2a: Tornadus|U-turn|p1a: GREAT Bait
|-resisted|p1a: GREAT Bait
|-damage|p1a: GREAT Bait|94/100
|
|t:|1760882645
|switch|p2a: Tyranitar|Tyranitar, M, tera:Flying|24/100|[from] U-turn
|-weather|Sandstorm|[from] ability: Sand Stream|[of] p2a: Tyranitar
|move|p1a: GREAT Bait|Eruption|p2a: Tyranitar
|-damage|p2a: Tyranitar|0 fnt
|faint|p2a: Tyranitar
|
|-weather|Sandstorm|[upkeep]
|-damage|p1a: GREAT Bait|88/100|[from] Sandstorm
|upkeep
|
|t:|1760882653
|switch|p2a: Arcanine|Arcanine-Hisui, F|4/100
|turn|14
|
|t:|1760882662
|switch|p1a: Thundurus|Thundurus-Therian, M|100/100
|move|p2a: Arcanine|Head Smash|p1a: Thundurus
|-supereffective|p1a: Thundurus
|-damage|p1a: Thundurus|0 fnt
|faint|p1a: Thundurus
|
|-weather|Sandstorm|[upkeep]
|upkeep
|
|t:|1760882667
|switch|p1a: Walking Wake|Walking Wake|78/100
|-heal|p1a: Walking Wake|100/100|[from] move: Healing Wish
|turn|15
|
|t:|1760882677
|switch|p2a: Tornadus|Tornadus-Therian, M|85/100
|move|p1a: Walking Wake|Flip Turn|p2a: Tornadus
|-damage|p2a: Tornadus|68/100
|
|t:|1760882680
|-end|p1a: Walking Wake|Protosynthesis|[silent]
|switch|p1a: GREAT Bait|Torkoal, F, shiny|88/100|[from] Flip Turn
|-weather|SunnyDay|[from] ability: Drought|[of] p1a: GREAT Bait
|
|-weather|SunnyDay|[upkeep]
|upkeep
|turn|16
|
|t:|1760882685
|move|p2a: Tornadus|Bleakwind Storm|p1a: GREAT Bait
|-damage|p1a: GREAT Bait|39/100
|move|p1a: GREAT Bait|Eruption|p2a: Tornadus
|-damage|p2a: Tornadus|43/100
|
|-weather|SunnyDay|[upkeep]
|upkeep
|turn|17
|
|t:|1760882689
|move|p2a: Tornadus|Knock Off|p1a: GREAT Bait
|-damage|p1a: GREAT Bait|24/100
|-enditem|p1a: GREAT Bait|Heat Rock|[from] move: Knock Off|[of] p2a: Tornadus
|move|p1a: GREAT Bait|Overheat|p2a: Tornadus
|-damage|p2a: Tornadus|0 fnt
|-unboost|p1a: GREAT Bait|spa|2
|faint|p2a: Tornadus
|
|-weather|SunnyDay|[upkeep]
|upkeep
|
|t:|1760882705
|switch|p2a: Hydrapple|Hydrapple, F|100/100 par
|turn|18
|
|t:|1760882711
|move|p2a: Hydrapple|Earth Power|p1a: GREAT Bait
|-supereffective|p1a: GREAT Bait
|-damage|p1a: GREAT Bait|0 fnt
|faint|p1a: GREAT Bait
|
|-weather|SunnyDay|[upkeep]
|upkeep
|
|t:|1760882714
|switch|p1a: Brute Bonnet|Brute Bonnet|100/100
|-activate|p1a: Brute Bonnet|ability: Protosynthesis
|-start|p1a: Brute Bonnet|protosynthesisatk
|turn|19
|
|t:|1760882719
|move|p1a: Brute Bonnet|Growth|p1a: Brute Bonnet
|-boost|p1a: Brute Bonnet|atk|2
|-boost|p1a: Brute Bonnet|spa|2
|move|p2a: Hydrapple|Nasty Plot|p2a: Hydrapple
|-boost|p2a: Hydrapple|spa|2
|
|-weather|SunnyDay|[upkeep]
|upkeep
|turn|20
|
|t:|1760882734
|-terastallize|p1a: Brute Bonnet|Fire
|move|p1a: Brute Bonnet|Tera Blast|p2a: Hydrapple|[anim] Tera Blast Fire
|-damage|p2a: Hydrapple|0 fnt
|faint|p2a: Hydrapple
|
|-weather|SunnyDay|[upkeep]
|upkeep
|
|t:|1760882746
|switch|p2a: Iron Valiant|Iron Valiant|100/100
|-enditem|p2a: Iron Valiant|Booster Energy
|-activate|p2a: Iron Valiant|ability: Quark Drive|[fromitem]
|-start|p2a: Iron Valiant|quarkdrivespe
|turn|21
|
|t:|1760882749
|move|p2a: Iron Valiant|Encore|p1a: Brute Bonnet
|-start|p1a: Brute Bonnet|Encore
|move|p1a: Brute Bonnet|Tera Blast|p2a: Iron Valiant|[anim] Tera Blast Fire
|-damage|p2a: Iron Valiant|0 fnt
|faint|p2a: Iron Valiant
|-end|p2a: Iron Valiant|Quark Drive|[silent]
|
|-weather|SunnyDay|[upkeep]
|upkeep
|
|t:|1760882751
|switch|p2a: Arcanine|Arcanine-Hisui, F|4/100
|turn|22
|
|t:|1760882756
|move|p2a: Arcanine|Head Smash|p1a: Brute Bonnet
|-supereffective|p1a: Brute Bonnet
|-damage|p1a: Brute Bonnet|0 fnt
|faint|p1a: Brute Bonnet
|-end|p1a: Brute Bonnet|Protosynthesis|[silent]
|
|-weather|none
|upkeep
|
|t:|1760882759
|switch|p1a: Walking Wake|Walking Wake|100/100
|turn|23
|
|t:|1760882761
|move|p1a: Walking Wake|Hydro Steam|p2a: Arcanine
|-supereffective|p2a: Arcanine
|-damage|p2a: Arcanine|0 fnt
|faint|p2a: Arcanine
|
|upkeep
|
|t:|1760882763
|switch|p2a: Excadrill|Excadrill, F|100/100
|-item|p2a: Excadrill|Air Balloon
|turn|24
|
|t:|1760882765
|move|p1a: Walking Wake|Hydro Steam|p2a: Excadrill
|-supereffective|p2a: Excadrill
|-damage|p2a: Excadrill|0 fnt
|-enditem|p2a: Excadrill|Air Balloon
|faint|p2a: Excadrill
|
|win|go b3yond
|raw|go b3yond's rating: 1620 &rarr; <strong>1639</strong><br />(+19 for winning)
|raw|CyborgParrot127's rating: 1598 &rarr; <strong>1579</strong><br />(-19 for losing)
|l|☆CyborgParrot127
|player|p2|
|l|☆go b3yond
|player|p1|
