|j|☆irubic
|j|☆Free6lackpanther
|t:|1760846526
|gametype|singles
|player|p1|irubic|ethan|1132
|player|p2|Free6lackpanther|2|1190
|gen|9
|tier|[Gen 9] OU
|rated|
|rule|HP Percentage Mod: HP is shown in percentages
|rule|Endless Battle Clause: Forcing endless battles is banned
|rule|Species Clause: Limit one of each Pokémon
|rule|OHKO Clause: OHKO moves are banned
|rule|Evasion Items Clause: Evasion items are banned
|rule|Evasion Moves Clause: Evasion moves are banned
|rule|Evasion Abilities Clause: Evasion abilities are banned
|rule|Sleep Moves Clause: Sleep-inducing moves are banned
|clearpoke
|poke|p1|Gliscor, M|
|poke|p1|Zapdos|
|poke|p1|Iron Valiant|
|poke|p1|Kyurem|
|poke|p1|Darkrai|
|poke|p1|Iron Treads|
|poke|p2|Ogerpon-Wellspring, F|
|poke|p2|Rotom-Wash|
|poke|p2|Scizor, F|
|poke|p2|Zapdos|
|poke|p2|Tyranitar, F|
|poke|p2|Ninetales-Alola, M|
|teampreview
|inactive|Battle timer is ON: inactive players will automatically lose when time's up. (requested by Free6lackpanther)
|
|t:|1760846531
|teamsize|p1|6
|teamsize|p2|6
|start
|switch|p1a: Darkrai|Darkrai|100/100
|switch|p2a: Tyranitar|Tyranitar, F|100/100
|-weather|Sandstorm|[from] ability: Sand Stream|[of] p2a: Tyranitar
|turn|1
|
|t:|1760846546
|move|p1a: Darkrai|Focus Blast|p2a: Tyranitar
|-supereffective|p2a: Tyranitar
|-damage|p2a: Tyranitar|0 fnt
|faint|p2a: Tyranitar
|
|-weather|Sandstorm|[upkeep]
|-damage|p1a: Darkrai|94/100|[from] Sandstorm
|upkeep
|
|t:|1760846561
|switch|p2a: Scizor|Scizor, F|100/100
|turn|2
|
|t:|1760846569
|move|p1a: Darkrai|Focus Blast|p2a: Scizor
|-damage|p2a: Scizor|40/100
|move|p2a: Scizor|Knock Off|p1a: Darkrai
|-resisted|p1a: Darkrai
|-damage|p1a: Darkrai|69/100
|-enditem|p1a: Darkrai|Choice Scarf|[from] move: Knock Off|[of] p2a: Scizor
|
|-weather|Sandstorm|[upkeep]
|-damage|p1a: Darkrai|63/100|[from] Sandstorm
|-heal|p2a: Scizor|46/100|[from] item: Leftovers
|upkeep
|turn|3
|
|t:|1760846582
|move|p2a: Scizor|Bullet Punch|p1a: Darkrai
|-damage|p1a: Darkrai|19/100
|move|p1a: Darkrai|Focus Blast|p2a: Scizor|[miss]
|-miss|p1a: Darkrai|p2a: Scizor
|
|-weather|Sandstorm|[upkeep]
|-damage|p1a: Darkrai|13/100|[from] Sandstorm
|-heal|p2a: Scizor|52/100|[from] item: Leftovers
|upkeep
|turn|4
|
|t:|1760846594
|switch|p1a: Zapdos|Zapdos|100/100
|move|p2a: Scizor|Bullet Punch|p1a: Zapdos
|-resisted|p1a: Zapdos
|-damage|p1a: Zapdos|81/100
|-status|p2a: Scizor|par|[from] ability: Static|[of] p1a: Zapdos
|
|-weather|Sandstorm|[upkeep]
|-damage|p1a: Zapdos|75/100|[from] Sandstorm
|-heal|p2a: Scizor|58/100 par|[from] item: Leftovers
|upkeep
|turn|5
|
|t:|1760846606
|switch|p2a: Ninetales|Ninetales-Alola, M|100/100
|-weather|Snowscape|[from] ability: Snow Warning|[of] p2a: Ninetales
|move|p1a: Zapdos|Heat Wave|p2a: Ninetales
|-supereffective|p2a: Ninetales
|-damage|p2a: Ninetales|22/100
|
|-weather|Snowscape|[upkeep]
|upkeep
|turn|6
|
|t:|1760846615
|move|p2a: Ninetales|Aurora Veil|p2a: Ninetales
|-sidestart|p2: Free6lackpanther|move: Aurora Veil
|move|p1a: Zapdos|Heat Wave|p2a: Ninetales
|-supereffective|p2a: Ninetales
|-damage|p2a: Ninetales|0 fnt
|faint|p2a: Ninetales
|
|-weather|Snowscape|[upkeep]
|upkeep
|
|t:|1760846625
|switch|p2a: Zapdos|Zapdos|100/100
|turn|7
|
|t:|1760846641
|move|p1a: Zapdos|Discharge|p2a: Zapdos
|-damage|p2a: Zapdos|80/100
|move|p2a: Zapdos|Volt Switch|p1a: Zapdos
|-damage|p1a: Zapdos|26/100
|
|t:|1760846651
|switch|p2a: Ogerpon|Ogerpon-Wellspring, F|100/100|[from] Volt Switch
|
|-weather|Snowscape|[upkeep]
|upkeep
|turn|8
|inactive|irubic has 120 seconds left.
|
|t:|1760846681
|-terastallize|p2a: Ogerpon|Water
|detailschange|p2a: Ogerpon|Ogerpon-Wellspring-Tera, F, tera:Water
|-ability|p2a: Ogerpon|Embody Aspect (Wellspring)|boost
|-boost|p2a: Ogerpon|spd|1
|move|p2a: Ogerpon|Ivy Cudgel|p1a: Zapdos|[anim] Ivy Cudgel Water
|-damage|p1a: Zapdos|0 fnt
|faint|p1a: Zapdos
|
|-weather|Snowscape|[upkeep]
|upkeep
|inactive|irubic has 120 seconds left.
|
|t:|1760846693
|switch|p1a: Iron Valiant|Iron Valiant|100/100
|-enditem|p1a: Iron Valiant|Booster Energy
|-activate|p1a: Iron Valiant|ability: Quark Drive|[fromitem]
|-start|p1a: Iron Valiant|quarkdrivespe
|turn|9
|inactive|irubic has 120 seconds left.
|
|t:|1760846702
|switch|p2a: Rotom|Rotom-Wash|100/100
|move|p1a: Iron Valiant|Thunderbolt|p2a: Rotom
|-damage|p2a: Rotom|86/100
|
|-weather|none
|-heal|p2a: Rotom|92/100|[from] item: Leftovers
|upkeep
|turn|10
|inactive|irubic has 120 seconds left.
|
|t:|1760846713
|move|p1a: Iron Valiant|Calm Mind|p1a: Iron Valiant
|-boost|p1a: Iron Valiant|spa|1
|-boost|p1a: Iron Valiant|spd|1
|move|p2a: Rotom|Volt Switch|p1a: Iron Valiant
|-damage|p1a: Iron Valiant|71/100
|
|t:|1760846719
|switch|p2a: Scizor|Scizor, F|58/100 par|[from] Volt Switch
|
|-heal|p2a: Scizor|64/100 par|[from] item: Leftovers
|upkeep
|turn|11
|
|t:|1760846731
|cant|p2a: Scizor|par
|move|p1a: Iron Valiant|Thunderbolt|p2a: Scizor
|-damage|p2a: Scizor|39/100 par
|
|-heal|p2a: Scizor|46/100 par|[from] item: Leftovers
|upkeep
|turn|12
|inactive|irubic has 120 seconds left.
|
|t:|1760846747
|cant|p2a: Scizor|par
|move|p1a: Iron Valiant|Thunderbolt|p2a: Scizor
|-damage|p2a: Scizor|20/100 par
|
|-heal|p2a: Scizor|26/100 par|[from] item: Leftovers
|upkeep
|turn|13
|inactive|irubic has 120 seconds left.
|
|t:|1760846780
|-terastallize|p1a: Iron Valiant|Ghost
|move|p2a: Scizor|Bullet Punch|p1a: Iron Valiant
|-damage|p1a: Iron Valiant|25/100
|move|p1a: Iron Valiant|Thunderbolt|p2a: Scizor
|-damage|p2a: Scizor|0 fnt
|faint|p2a: Scizor
|
|-sideend|p2: Free6lackpanther|move: Aurora Veil
|upkeep
|
|t:|1760846800
|switch|p2a: Zapdos|Zapdos|80/100
|turn|14
|
|t:|1760846808
|move|p1a: Iron Valiant|Thunderbolt|p2a: Zapdos
|-damage|p2a: Zapdos|40/100
|move|p2a: Zapdos|Volt Switch|p1a: Iron Valiant
|-crit|p1a: Iron Valiant
|-damage|p1a: Iron Valiant|0 fnt
|faint|p1a: Iron Valiant
|-end|p1a: Iron Valiant|Quark Drive|[silent]
|
|t:|1760846815
|switch|p2a: Rotom|Rotom-Wash|92/100|[from] Volt Switch
|
|-heal|p2a: Rotom|98/100|[from] item: Leftovers
|upkeep
|inactive|irubic has 120 seconds left.
|
|t:|1760846823
|switch|p1a: Iron Treads|Iron Treads|100/100
|-enditem|p1a: Iron Treads|Booster Energy
|-activate|p1a: Iron Treads|ability: Quark Drive|[fromitem]
|-start|p1a: Iron Treads|quarkdrivespe
|turn|15
|
|t:|1760846831
|move|p1a: Iron Treads|Stealth Rock|p2a: Rotom
|-sidestart|p2: Free6lackpanther|move: Stealth Rock
|move|p2a: Rotom|Will-O-Wisp|p1a: Iron Treads
|-status|p1a: Iron Treads|brn
|
|-heal|p2a: Rotom|100/100|[from] item: Leftovers
|-damage|p1a: Iron Treads|94/100 brn|[from] brn
|upkeep
|turn|16
|
|t:|1760846844
|move|p1a: Iron Treads|Volt Switch|p2a: Rotom
|-damage|p2a: Rotom|81/100
|
|t:|1760846850
|-end|p1a: Iron Treads|Quark Drive|[silent]
|switch|p1a: Gliscor|Gliscor, M|100/100|[from] Volt Switch
|move|p2a: Rotom|Hydro Pump|p1a: Gliscor
|-supereffective|p1a: Gliscor
|-damage|p1a: Gliscor|34/100
|
|-heal|p2a: Rotom|88/100|[from] item: Leftovers
|-status|p1a: Gliscor|tox|[from] item: Toxic Orb
|upkeep
|turn|17
|
|t:|1760846864
|move|p1a: Gliscor|Protect|p1a: Gliscor
|-singleturn|p1a: Gliscor|Protect
|move|p2a: Rotom|Hydro Pump|p1a: Gliscor
|-activate|p1a: Gliscor|move: Protect
|
|-heal|p2a: Rotom|94/100|[from] item: Leftovers
|-heal|p1a: Gliscor|47/100 tox|[from] ability: Poison Heal
|upkeep
|turn|18
|
|t:|1760846873
|move|p1a: Gliscor|Toxic|p2a: Rotom
|-status|p2a: Rotom|tox
|move|p2a: Rotom|Hydro Pump|p1a: Gliscor
|-supereffective|p1a: Gliscor
|-damage|p1a: Gliscor|0 fnt
|faint|p1a: Gliscor
|
|-heal|p2a: Rotom|99/100 tox|[from] item: Leftovers
|-damage|p2a: Rotom|94/100 tox|[from] psn
|upkeep
|inactive|irubic has 120 seconds left.
|
|t:|1760846897
|switch|p1a: Iron Treads|Iron Treads|94/100 brn
|turn|19
|inactive|irubic has 120 seconds left.
|
|t:|1760846908
|move|p1a: Iron Treads|Rapid Spin|p2a: Rotom
|-damage|p2a: Rotom|90/100 tox
|-boost|p1a: Iron Treads|spe|1
|move|p2a: Rotom|Hydro Pump|p1a: Iron Treads
|-supereffective|p1a: Iron Treads
|-damage|p1a: Iron Treads|0 fnt
|faint|p1a: Iron Treads
|-end|p1a: Iron Treads|Quark Drive|[silent]
|
|-heal|p2a: Rotom|96/100 tox|[from] item: Leftovers
|-damage|p2a: Rotom|83/100 tox|[from] psn
|upkeep
|
|t:|1760846920
|switch|p1a: Kyurem|Kyurem|100/100
|-ability|p1a: Kyurem|Pressure
|turn|20
|
|t:|1760846926
|move|p1a: Kyurem|Dragon Dance|p1a: Kyurem
|-boost|p1a: Kyurem|atk|1
|-boost|p1a: Kyurem|spe|1
|move|p2a: Rotom|Will-O-Wisp|p1a: Kyurem
|-status|p1a: Kyurem|brn
|
|-heal|p2a: Rotom|90/100 tox|[from] item: Leftovers
|-damage|p2a: Rotom|71/100 tox|[from] psn
|-damage|p1a: Kyurem|94/100 brn|[from] brn
|upkeep
|turn|21
|inactive|irubic has 120 seconds left.
|
|t:|1760846947
|move|p1a: Kyurem|Dragon Dance|p1a: Kyurem
|-boost|p1a: Kyurem|atk|1
|-boost|p1a: Kyurem|spe|1
|move|p2a: Rotom|Volt Switch|p1a: Kyurem
|-resisted|p1a: Kyurem
|-damage|p1a: Kyurem|83/100 brn
|
|t:|1760846954
|switch|p2a: Zapdos|Zapdos|40/100|[from] Volt Switch
|-damage|p2a: Zapdos|15/100|[from] Stealth Rock
|
|-heal|p2a: Zapdos|21/100|[from] item: Leftovers
|-damage|p1a: Kyurem|77/100 brn|[from] brn
|upkeep
|turn|22
|inactive|irubic has 120 seconds left.
|
|t:|1760846966
|move|p1a: Kyurem|Icicle Spear|p2a: Zapdos
|-supereffective|p2a: Zapdos
|-damage|p2a: Zapdos|0 fnt
|faint|p2a: Zapdos
|-hitcount|p2: Zapdos|1
|
|-damage|p1a: Kyurem|71/100 brn|[from] brn
|upkeep
|inactive|Free6lackpanther has 120 seconds left.
|
|t:|1760846987
|switch|p2a: Ogerpon|Ogerpon-Wellspring-Tera, F, tera:Water|100/100
|-damage|p2a: Ogerpon|88/100|[from] Stealth Rock
|-ability|p2a: Ogerpon|Embody Aspect (Wellspring)|boost
|-boost|p2a: Ogerpon|spd|1
|turn|23
|inactive|Free6lackpanther has 120 seconds left.
|inactive|irubic has 120 seconds left.
|
|t:|1760847015
|move|p1a: Kyurem|Scale Shot|p2a: Ogerpon
|-damage|p2a: Ogerpon|72/100
|-crit|p2a: Ogerpon
|-damage|p2a: Ogerpon|48/100
|-damage|p2a: Ogerpon|31/100
|-damage|p2a: Ogerpon|14/100
|-hitcount|p2a: Ogerpon|4
|-unboost|p1a: Kyurem|def|1
|-boost|p1a: Kyurem|spe|1
|move|p2a: Ogerpon|Ivy Cudgel|p1a: Kyurem|[anim] Ivy Cudgel Water
|-resisted|p1a: Kyurem
|-damage|p1a: Kyurem|17/100 brn
|
|-damage|p1a: Kyurem|11/100 brn|[from] brn
|upkeep
|turn|24
|inactive|Free6lackpanther has 120 seconds left.
|-message|Free6lackpanther forfeited.
|
|win|irubic
|raw|irubic's rating: 1132 &rarr; <strong>1161</strong><br />(+29 for winning)
|raw|Free6lackpanther's rating: 1190 &rarr; <strong>1161</strong><br />(-29 for losing)
|l|☆Free6lackpanther
|player|p2|
|l|☆irubic
|player|p1|
