|j|☆Deathfrogie
|j|☆karakel
|t:|1760823906
|gametype|singles
|player|p1|Deathfrogie|101|1558
|player|p2|karakel|cowgirl|1553
|gen|9
|tier|[Gen 9] OU
|rated|
|rule|HP Percentage Mod: HP is shown in percentages
|rule|Endless Battle Clause: Forcing endless battles is banned
|rule|Species Clause: Limit one of each Pokémon
|rule|OHKO Clause: OHKO moves are banned
|rule|Evasion Items Clause: Evasion items are banned
|rule|Evasion Moves Clause: Evasion moves are banned
|rule|Evasion Abilities Clause: Evasion abilities are banned
|rule|Sleep Moves Clause: Sleep-inducing moves are banned
|clearpoke
|poke|p1|Pelipper, F|
|poke|p1|Toxicroak, M|
|poke|p1|Iron Treads|
|poke|p1|Hatterene, F|
|poke|p1|Zapdos|
|poke|p1|Barraskewda, M|
|poke|p2|Lilligant-Hisui, F|
|poke|p2|Ninetales, M|
|poke|p2|Great Tusk|
|poke|p2|Walking Wake|
|poke|p2|Cresselia, F|
|poke|p2|Cinderace, M|
|teampreview
|inactive|Battle timer is ON: inactive players will automatically lose when time's up. (requested by Deathfrogie)
|
|t:|1760823932
|teamsize|p1|6
|teamsize|p2|6
|start
|switch|p1a: Barraskewda|Barraskewda, M|100/100
|switch|p2a: Ninetales|Ninetales, M|100/100
|-weather|SunnyDay|[from] ability: Drought|[of] p2a: Ninetales
|turn|1
|
|t:|1760823940
|switch|p2a: Cresselia|Cresselia, F|100/100
|-terastallize|p1a: Barraskewda|Water
|move|p1a: Barraskewda|Flip Turn|p2a: Cresselia
|-damage|p2a: Cresselia|82/100
|-enditem|p2a: Cresselia|Eject Button
|
|t:|1760823946
|switch|p2a: Lilligant|Lilligant-Hisui, F|100/100
|
|-weather|SunnyDay|[upkeep]
|upkeep
|turn|2
|
|t:|1760823962
|switch|p1a: Toxicroak|Toxicroak, M|100/100
|move|p2a: Lilligant|Victory Dance|p2a: Lilligant
|-boost|p2a: Lilligant|atk|1
|-boost|p2a: Lilligant|def|1
|-boost|p2a: Lilligant|spe|1
|
|-weather|SunnyDay|[upkeep]
|-damage|p1a: Toxicroak|88/100|[from] ability: Dry Skin|[of] p1a: Toxicroak
|upkeep
|turn|3
|
|t:|1760823981
|switch|p2a: Great Tusk|Great Tusk|100/100
|-activate|p2a: Great Tusk|ability: Protosynthesis
|-start|p2a: Great Tusk|protosynthesisspe
|move|p1a: Toxicroak|Encore||[still]
|-fail|p1a: Toxicroak
|
|-weather|SunnyDay|[upkeep]
|-damage|p1a: Toxicroak|76/100|[from] ability: Dry Skin|[of] p1a: Toxicroak
|upkeep
|turn|4
|
|t:|1760823991
|switch|p1a: Hatterene|Hatterene, F|100/100
|move|p2a: Great Tusk|Close Combat|p1a: Hatterene
|-resisted|p1a: Hatterene
|-damage|p1a: Hatterene|89/100
|-unboost|p2a: Great Tusk|def|1
|-unboost|p2a: Great Tusk|spd|1
|-enditem|p1a: Hatterene|Eject Button
|
|t:|1760823994
|switch|p1a: Pelipper|Pelipper, F|100/100
|-weather|RainDance|[from] ability: Drizzle|[of] p1a: Pelipper
|-end|p2a: Great Tusk|Protosynthesis
|-enditem|p2a: Great Tusk|Eject Pack
|
|t:|1760823998
|-end|p2a: Great Tusk|Protosynthesis|[silent]
|switch|p2a: Ninetales|Ninetales, M|100/100
|-weather|SunnyDay|[from] ability: Drought|[of] p2a: Ninetales
|
|-weather|SunnyDay|[upkeep]
|upkeep
|turn|5
|
|t:|1760824016
|switch|p2a: Walking Wake|Walking Wake|100/100
|-activate|p2a: Walking Wake|ability: Protosynthesis
|-start|p2a: Walking Wake|protosynthesisspa
|move|p1a: Pelipper|U-turn|p2a: Walking Wake
|-damage|p2a: Walking Wake|90/100
|
|t:|1760824033
|switch|p1a: Hatterene|Hatterene, F|89/100|[from] U-turn
|
|-weather|SunnyDay|[upkeep]
|upkeep
|turn|6
|
|t:|1760824039
|-terastallize|p2a: Walking Wake|Water
|move|p2a: Walking Wake|Hydro Steam|p1a: Hatterene
|-damage|p1a: Hatterene|0 fnt
|faint|p1a: Hatterene
|
|-weather|SunnyDay|[upkeep]
|upkeep
|inactive|Deathfrogie has 120 seconds left.
|
|t:|1760824069
|switch|p1a: Barraskewda|Barraskewda, M, tera:Water|100/100
|turn|7
|
|t:|1760824085
|-end|p2a: Walking Wake|Protosynthesis|[silent]
|switch|p2a: Cresselia|Cresselia, F|82/100
|move|p1a: Barraskewda|Flip Turn|p2a: Cresselia
|-crit|p2a: Cresselia
|-damage|p2a: Cresselia|51/100
|inactive|Deathfrogie has 120 seconds left.
|
|t:|1760824096
|switch|p1a: Pelipper|Pelipper, F|100/100|[from] Flip Turn
|-weather|RainDance|[from] ability: Drizzle|[of] p1a: Pelipper
|
|-weather|RainDance|[upkeep]
|upkeep
|turn|8
|
|t:|1760824100
|move|p2a: Cresselia|Thunder Wave|p1a: Pelipper
|-status|p1a: Pelipper|par
|cant|p1a: Pelipper|par
|
|-weather|RainDance|[upkeep]
|upkeep
|turn|9
|
|t:|1760824110
|move|p2a: Cresselia|Lunar Dance|p2a: Cresselia
|faint|p2a: Cresselia
|cant|p1a: Pelipper|par
|
|-weather|RainDance|[upkeep]
|upkeep
|
|t:|1760824115
|switch|p2a: Ninetales|Ninetales, M|100/100
|-weather|SunnyDay|[from] ability: Drought|[of] p2a: Ninetales
|turn|10
|
|t:|1760824125
|switch|p2a: Walking Wake|Walking Wake, tera:Water|90/100
|-heal|p2a: Walking Wake|100/100|[from] move: Lunar Dance
|-activate|p2a: Walking Wake|ability: Protosynthesis
|-start|p2a: Walking Wake|protosynthesisspa
|cant|p1a: Pelipper|par
|
|-weather|SunnyDay|[upkeep]
|upkeep
|turn|11
|
|t:|1760824137
|move|p2a: Walking Wake|Weather Ball|p1a: Pelipper
|-resisted|p1a: Pelipper
|-damage|p1a: Pelipper|46/100 par
|cant|p1a: Pelipper|par
|
|-weather|SunnyDay|[upkeep]
|upkeep
|turn|12
|c|☆karakel|oop
|
|t:|1760824145
|move|p2a: Walking Wake|Weather Ball|p1a: Pelipper
|-resisted|p1a: Pelipper
|-damage|p1a: Pelipper|0 fnt
|faint|p1a: Pelipper
|
|-weather|SunnyDay|[upkeep]
|upkeep
|
|t:|1760824160
|switch|p1a: Barraskewda|Barraskewda, M, tera:Water|100/100
|turn|13
|
|t:|1760824168
|-end|p2a: Walking Wake|Protosynthesis|[silent]
|switch|p2a: Cinderace|Cinderace, M|100/100
|move|p1a: Barraskewda|Flip Turn|p2a: Cinderace
|-supereffective|p2a: Cinderace
|-damage|p2a: Cinderace|13/100
|
|t:|1760824176
|switch|p1a: Toxicroak|Toxicroak, M|76/100|[from] Flip Turn
|
|-weather|SunnyDay|[upkeep]
|-damage|p1a: Toxicroak|63/100|[from] ability: Dry Skin|[of] p1a: Toxicroak
|upkeep
|turn|14
|
|t:|1760824181
|move|p2a: Cinderace|Pyro Ball|p1a: Toxicroak
|-damage|p1a: Toxicroak|0 fnt
|faint|p1a: Toxicroak
|
|-weather|SunnyDay|[upkeep]
|upkeep
|
|t:|1760824184
|switch|p1a: Barraskewda|Barraskewda, M, tera:Water|100/100
|turn|15
|
|t:|1760824189
|move|p2a: Cinderace|Pyro Ball|p1a: Barraskewda
|-resisted|p1a: Barraskewda
|-damage|p1a: Barraskewda|12/100
|move|p1a: Barraskewda|Flip Turn|p2a: Cinderace
|-supereffective|p2a: Cinderace
|-damage|p2a: Cinderace|0 fnt
|faint|p2a: Cinderace
|
|t:|1760824194
|switch|p1a: Zapdos|Zapdos|100/100|[from] Flip Turn
|
|-weather|SunnyDay|[upkeep]
|upkeep
|
|t:|1760824198
|switch|p2a: Walking Wake|Walking Wake, tera:Water|100/100
|-activate|p2a: Walking Wake|ability: Protosynthesis
|-start|p2a: Walking Wake|protosynthesisspa
|turn|16
|
|t:|1760824206
|move|p1a: Zapdos|Volt Switch|p2a: Walking Wake
|-supereffective|p2a: Walking Wake
|-damage|p2a: Walking Wake|0 fnt
|faint|p2a: Walking Wake
|-end|p2a: Walking Wake|Protosynthesis|[silent]
|
|t:|1760824212
|switch|p1a: Barraskewda|Barraskewda, M, tera:Water|12/100|[from] Volt Switch
|
|-weather|SunnyDay|[upkeep]
|upkeep
|
|t:|1760824216
|switch|p2a: Lilligant|Lilligant-Hisui, F|100/100
|turn|17
|c|☆Deathfrogie|modest walking wake is crazy
|c|☆karakel|it 2hkos blissey
|
|t:|1760824241
|switch|p1a: Iron Treads|Iron Treads|100/100
|move|p2a: Lilligant|Solar Blade||[still]
|-prepare|p2a: Lilligant|Solar Blade
|-anim|p2a: Lilligant|Solar Blade|p1a: Iron Treads
|-damage|p1a: Iron Treads|51/100
|
|-weather|none
|-heal|p1a: Iron Treads|57/100|[from] item: Leftovers
|upkeep
|turn|18
|c|☆karakel|i kinda forgot zapdos is fast
|inactive|Deathfrogie has 120 seconds left.
|c|☆Deathfrogie|I let 3 of my mons die cause I thought it was fast
|
|t:|1760824273
|switch|p2a: Great Tusk|Great Tusk|100/100
|move|p1a: Iron Treads|Volt Switch|p2a: Great Tusk
|-immune|p2a: Great Tusk
|
|-heal|p1a: Iron Treads|63/100|[from] item: Leftovers
|upkeep
|turn|19
|c|☆karakel|it be like that
|inactive|karakel has 120 seconds left.
|
|t:|1760824308
|-end|p1a: Iron Treads|Quark Drive|[silent]
|switch|p1a: Zapdos|Zapdos|100/100
|move|p2a: Great Tusk|Close Combat|p1a: Zapdos
|-resisted|p1a: Zapdos
|-damage|p1a: Zapdos|67/100
|-unboost|p2a: Great Tusk|def|1
|-unboost|p2a: Great Tusk|spd|1
|-status|p2a: Great Tusk|par|[from] ability: Static|[of] p1a: Zapdos
|
|upkeep
|turn|20
|inactive|Deathfrogie has 120 seconds left.
|
|t:|1760824315
|-end|p2a: Great Tusk|Protosynthesis|[silent]
|switch|p2a: Ninetales|Ninetales, M|100/100
|-weather|SunnyDay|[from] ability: Drought|[of] p2a: Ninetales
|move|p1a: Zapdos|Hurricane|p2a: Ninetales|[miss]
|-miss|p1a: Zapdos|p2a: Ninetales
|
|-weather|SunnyDay|[upkeep]
|upkeep
|turn|21
|
|t:|1760824323
|move|p1a: Zapdos|Hurricane|p2a: Ninetales|[miss]
|-miss|p1a: Zapdos|p2a: Ninetales
|move|p2a: Ninetales|Overheat|p1a: Zapdos|[miss]
|-miss|p2a: Ninetales|p1a: Zapdos
|
|-weather|SunnyDay|[upkeep]
|upkeep
|turn|22
|
|t:|1760824329
|switch|p2a: Great Tusk|Great Tusk|100/100 par
|-activate|p2a: Great Tusk|ability: Protosynthesis
|-start|p2a: Great Tusk|protosynthesisspe
|move|p1a: Zapdos|Hurricane|p2a: Great Tusk|[miss]
|-miss|p1a: Zapdos|p2a: Great Tusk
|
|-weather|SunnyDay|[upkeep]
|upkeep
|turn|23
|
|t:|1760824339
|move|p1a: Zapdos|Hurricane|p2a: Great Tusk|[miss]
|-miss|p1a: Zapdos|p2a: Great Tusk
|move|p2a: Great Tusk|Ice Spinner|p1a: Zapdos
|-supereffective|p1a: Zapdos
|-damage|p1a: Zapdos|13/100
|
|-weather|SunnyDay|[upkeep]
|upkeep
|turn|24
|c|☆karakel|bruh
|c|☆Deathfrogie|it is what it is
|
|t:|1760824352
|move|p1a: Zapdos|Hurricane|p2a: Great Tusk
|-supereffective|p2a: Great Tusk
|-damage|p2a: Great Tusk|0 fnt
|faint|p2a: Great Tusk
|-end|p2a: Great Tusk|Protosynthesis|[silent]
|
|-weather|SunnyDay|[upkeep]
|upkeep
|
|t:|1760824355
|switch|p2a: Lilligant|Lilligant-Hisui, F|100/100
|turn|25
|
|t:|1760824363
|move|p2a: Lilligant|Solar Blade||[still]
|-prepare|p2a: Lilligant|Solar Blade
|-anim|p2a: Lilligant|Solar Blade|p1a: Zapdos
|-resisted|p1a: Zapdos
|-damage|p1a: Zapdos|0 fnt
|faint|p1a: Zapdos
|
|-weather|SunnyDay|[upkeep]
|upkeep
|c|☆karakel|luck wise this game has not been in ur favor
|
|t:|1760824377
|switch|p1a: Iron Treads|Iron Treads|63/100
|turn|26
|
|t:|1760824384
|move|p2a: Lilligant|Close Combat|p1a: Iron Treads
|-supereffective|p1a: Iron Treads
|-damage|p1a: Iron Treads|0 fnt
|-unboost|p2a: Lilligant|def|1
|-unboost|p2a: Lilligant|spd|1
|faint|p1a: Iron Treads
|-end|p1a: Iron Treads|Quark Drive|[silent]
|
|-weather|SunnyDay|[upkeep]
|upkeep
|
|t:|1760824385
|switch|p1a: Barraskewda|Barraskewda, M, tera:Water|12/100
|turn|27
|
|t:|1760824387
|move|p1a: Barraskewda|Aqua Jet|p2a: Lilligant
|-resisted|p2a: Lilligant
|-damage|p2a: Lilligant|80/100
|move|p2a: Lilligant|Solar Blade||[still]
|-prepare|p2a: Lilligant|Solar Blade
|-anim|p2a: Lilligant|Solar Blade|p1a: Barraskewda
|-supereffective|p1a: Barraskewda
|-damage|p1a: Barraskewda|0 fnt
|faint|p1a: Barraskewda
|
|win|karakel
|raw|Deathfrogie's rating: 1558 &rarr; <strong>1538</strong><br />(-20 for losing)
|raw|karakel's rating: 1553 &rarr; <strong>1573</strong><br />(+20 for winning)
|c|☆karakel|gg
|c|☆Deathfrogie|gg
|l|☆karakel
|player|p2|
