|j|☆epic man 4433436
|j|☆ztrzwrez
|t:|1760802789
|gametype|singles
|player|p1|epic man 4433436|cynthia-gen4|1129
|player|p2|ztrzwrez|265|1046
|gen|9
|tier|[Gen 9] OU
|rated|
|rule|HP Percentage Mod: HP is shown in percentages
|rule|Endless Battle Clause: Forcing endless battles is banned
|rule|Species Clause: Limit one of each Pokémon
|rule|OHKO Clause: OHKO moves are banned
|rule|Evasion Items Clause: Evasion items are banned
|rule|Evasion Moves Clause: Evasion moves are banned
|rule|Evasion Abilities Clause: Evasion abilities are banned
|rule|Sleep Moves Clause: Sleep-inducing moves are banned
|clearpoke
|poke|p1|Lokix, M|
|poke|p1|Slowking-Galar, M|
|poke|p1|Great Tusk|
|poke|p1|Kingambit, F|
|poke|p1|Walking Wake|
|poke|p1|Torkoal, F|
|poke|p2|Mew|
|poke|p2|Alomomola, F|
|poke|p2|Cinderace, M|
|poke|p2|Primarina, M|
|poke|p2|Persian-Alola, F|
|poke|p2|Kyurem|
|teampreview
|inactive|Battle timer is ON: inactive players will automatically lose when time's up. (requested by epic man 4433436)
|
|t:|1760802798
|teamsize|p1|6
|teamsize|p2|6
|start
|switch|p1a: Torkoal|Torkoal, F|100/100
|switch|p2a: Persian|Persian-Alola, F|100/100
|-weather|SunnyDay|[from] ability: Drought|[of] p1a: Torkoal
|turn|1
|
|t:|1760802812
|move|p2a: Persian|Switcheroo|p1a: Torkoal
|-activate|p2a: Persian|move: Trick|[of] p1a: Torkoal
|-item|p1a: Torkoal|Choice Scarf|[from] move: Switcheroo
|-item|p2a: Persian|Heat Rock|[from] move: Switcheroo
|move|p1a: Torkoal|Will-O-Wisp|p2a: Persian
|-status|p2a: Persian|brn
|
|-weather|SunnyDay|[upkeep]
|-damage|p2a: Persian|95/100 brn|[from] brn
|upkeep
|turn|2
|
|t:|1760802824
|switch|p1a: Great Tusk|Great Tusk|100/100
|-activate|p1a: Great Tusk|ability: Protosynthesis
|-start|p1a: Great Tusk|protosynthesisdef
|move|p2a: Persian|Thunder Wave|p1a: Great Tusk
|-immune|p1a: Great Tusk
|
|-weather|SunnyDay|[upkeep]
|-damage|p2a: Persian|89/100 brn|[from] brn
|upkeep
|turn|3
|
|t:|1760802839
|move|p2a: Persian|Parting Shot|p1a: Great Tusk
|-unboost|p1a: Great Tusk|atk|1
|-unboost|p1a: Great Tusk|spa|1
|
|t:|1760802851
|switch|p2a: Mew|Mew|100/100|[from] Parting Shot
|move|p1a: Great Tusk|Stealth Rock|p2a: Mew
|-sidestart|p2: ztrzwrez|move: Stealth Rock
|
|-weather|SunnyDay|[upkeep]
|upkeep
|turn|4
|
|t:|1760802862
|-end|p1a: Great Tusk|Protosynthesis|[silent]
|switch|p1a: Walking Wake|Walking Wake|100/100
|-activate|p1a: Walking Wake|ability: Protosynthesis
|-start|p1a: Walking Wake|protosynthesisspe
|move|p2a: Mew|Agility|p2a: Mew
|-boost|p2a: Mew|spe|2
|
|-weather|SunnyDay|[upkeep]
|upkeep
|turn|5
|
|t:|1760802888
|switch|p2a: Primarina|Primarina, M|100/100
|-damage|p2a: Primarina|88/100|[from] Stealth Rock
|move|p1a: Walking Wake|Hydro Steam|p2a: Primarina
|-resisted|p2a: Primarina
|-damage|p2a: Primarina|59/100
|
|-weather|SunnyDay|[upkeep]
|upkeep
|turn|6
|
|t:|1760802903
|-end|p1a: Walking Wake|Protosynthesis|[silent]
|switch|p1a: Slowking|Slowking-Galar, M|100/100
|move|p2a: Primarina|Moonblast|p1a: Slowking
|-resisted|p1a: Slowking
|-damage|p1a: Slowking|81/100
|
|-weather|SunnyDay|[upkeep]
|upkeep
|turn|7
|
|t:|1760802910
|move|p2a: Primarina|Psychic Noise|p1a: Slowking
|-damage|p1a: Slowking|58/100
|-start|p1a: Slowking|move: Heal Block
|move|p1a: Slowking|Thunder Wave|p2a: Primarina
|-status|p2a: Primarina|par
|
|-weather|SunnyDay|[upkeep]
|upkeep
|turn|8
|
|t:|1760802920
|move|p2a: Primarina|Flip Turn|p1a: Slowking
|-damage|p1a: Slowking|52/100
|
|t:|1760802924
|switch|p2a: Persian|Persian-Alola, F|89/100 brn|[from] Flip Turn
|-damage|p2a: Persian|76/100 brn|[from] Stealth Rock
|move|p1a: Slowking|Sludge Bomb|p2a: Persian
|-damage|p2a: Persian|15/100 brn
|
|-weather|none
|-damage|p2a: Persian|9/100 brn|[from] brn
|-end|p1a: Slowking|move: Heal Block
|upkeep
|turn|9
|
|t:|1760802942
|switch|p1a: Torkoal|Torkoal, F|100/100
|-weather|SunnyDay|[from] ability: Drought|[of] p1a: Torkoal
|move|p2a: Persian|Parting Shot|p1a: Torkoal
|-unboost|p1a: Torkoal|atk|1
|-unboost|p1a: Torkoal|spa|1
|
|t:|1760802945
|switch|p2a: Cinderace|Cinderace, M|100/100|[from] Parting Shot
|
|-weather|SunnyDay|[upkeep]
|upkeep
|turn|10
|
|t:|1760802955
|switch|p1a: Great Tusk|Great Tusk|100/100
|-activate|p1a: Great Tusk|ability: Protosynthesis
|-start|p1a: Great Tusk|protosynthesisdef
|move|p2a: Cinderace|Court Change|p2a: Cinderace
|-start|p2a: Cinderace|typechange|Normal|[from] ability: Libero
|-swapsideconditions
|-activate|p2a: Cinderace|move: Court Change
|
|-weather|SunnyDay|[upkeep]
|upkeep
|turn|11
|
|t:|1760802985
|move|p2a: Cinderace|Pyro Ball|p1a: Great Tusk
|-damage|p1a: Great Tusk|78/100
|move|p1a: Great Tusk|Rapid Spin|p2a: Cinderace
|-damage|p2a: Cinderace|77/100
|-boost|p1a: Great Tusk|spe|1
|-sideend|p1: epic man 4433436|Stealth Rock|[from] move: Rapid Spin|[of] p1a: Great Tusk
|
|-weather|SunnyDay|[upkeep]
|upkeep
|turn|12
|
|t:|1760802994
|switch|p2a: Alomomola|Alomomola, F|100/100
|move|p1a: Great Tusk|Headlong Rush|p2a: Alomomola
|-damage|p2a: Alomomola|67/100
|-unboost|p1a: Great Tusk|def|1
|-unboost|p1a: Great Tusk|spd|1
|
|-weather|SunnyDay|[upkeep]
|upkeep
|turn|13
|
|t:|1760803005
|-end|p1a: Great Tusk|Protosynthesis|[silent]
|switch|p1a: Walking Wake|Walking Wake|100/100
|-activate|p1a: Walking Wake|ability: Protosynthesis
|-start|p1a: Walking Wake|protosynthesisspe
|move|p2a: Alomomola|Wish|p2a: Alomomola
|
|-weather|none
|-end|p1a: Walking Wake|Protosynthesis
|upkeep
|turn|14
|
|t:|1760803024
|switch|p2a: Primarina|Primarina, M|59/100 par
|move|p1a: Walking Wake|Draco Meteor|p2a: Primarina
|-immune|p2a: Primarina
|
|-heal|p2a: Primarina|100/100 par|[from] move: Wish|[wisher] Alomomola
|upkeep
|turn|15
|
|t:|1760803032
|-end|p1a: Walking Wake|Protosynthesis|[silent]
|switch|p1a: Torkoal|Torkoal, F|100/100
|-weather|SunnyDay|[from] ability: Drought|[of] p1a: Torkoal
|move|p2a: Primarina|Flip Turn|p1a: Torkoal
|-supereffective|p1a: Torkoal
|-damage|p1a: Torkoal|88/100
|
|t:|1760803041
|switch|p2a: Kyurem|Kyurem|100/100|[from] Flip Turn
|-ability|p2a: Kyurem|Pressure
|
|-weather|SunnyDay|[upkeep]
|upkeep
|turn|16
|
|t:|1760803055
|move|p2a: Kyurem|Substitute|p2a: Kyurem
|-start|p2a: Kyurem|Substitute
|-damage|p2a: Kyurem|76/100
|move|p1a: Torkoal|Lava Plume|p2a: Kyurem
|-end|p2a: Kyurem|Substitute
|
|-weather|SunnyDay|[upkeep]
|-heal|p2a: Kyurem|82/100|[from] item: Leftovers
|upkeep
|turn|17
|
|t:|1760803062
|move|p2a: Kyurem|Protect|p2a: Kyurem
|-singleturn|p2a: Kyurem|Protect
|move|p1a: Torkoal|Lava Plume|p2a: Kyurem
|-activate|p2a: Kyurem|move: Protect
|
|-weather|SunnyDay|[upkeep]
|-heal|p2a: Kyurem|88/100|[from] item: Leftovers
|upkeep
|turn|18
|
|t:|1760803078
|switch|p2a: Primarina|Primarina, M|100/100 par
|move|p1a: Torkoal|Lava Plume|p2a: Primarina
|-resisted|p2a: Primarina
|-damage|p2a: Primarina|89/100 par
|
|-weather|SunnyDay|[upkeep]
|upkeep
|turn|19
|
|t:|1760803085
|switch|p1a: Slowking|Slowking-Galar, M|85/100
|move|p2a: Primarina|Flip Turn|p1a: Slowking
|-damage|p1a: Slowking|77/100
|
|t:|1760803092
|switch|p2a: Cinderace|Cinderace, M|77/100|[from] Flip Turn
|
|-weather|none
|upkeep
|turn|20
|
|t:|1760803098
|move|p2a: Cinderace|U-turn|p1a: Slowking
|-start|p2a: Cinderace|typechange|Bug|[from] ability: Libero
|-damage|p1a: Slowking|42/100
|
|t:|1760803108
|switch|p2a: Persian|Persian-Alola, F|9/100 brn|[from] U-turn
|move|p1a: Slowking|Thunder Wave||[still]
|-fail|p1a: Slowking
|
|-damage|p2a: Persian|3/100 brn|[from] brn
|upkeep
|turn|21
|
|t:|1760803123
|switch|p1a: Torkoal|Torkoal, F|88/100
|-weather|SunnyDay|[from] ability: Drought|[of] p1a: Torkoal
|move|p2a: Persian|Switcheroo|p1a: Torkoal
|-activate|p2a: Persian|move: Trick|[of] p1a: Torkoal
|-item|p1a: Torkoal|Heat Rock|[from] move: Switcheroo
|-item|p2a: Persian|Choice Scarf|[from] move: Switcheroo
|
|-weather|SunnyDay|[upkeep]
|-damage|p2a: Persian|0 fnt|[from] brn
|faint|p2a: Persian
|upkeep
|
|t:|1760803132
|switch|p2a: Primarina|Primarina, M|89/100 par
|turn|22
|c|☆epic man 4433436|thank you kind sir
|
|t:|1760803142
|switch|p1a: Slowking|Slowking-Galar, M|75/100
|cant|p2a: Primarina|par
|
|-weather|SunnyDay|[upkeep]
|upkeep
|turn|23
|
|t:|1760803153
|move|p2a: Primarina|Psychic Noise|p1a: Slowking
|-damage|p1a: Slowking|52/100
|-start|p1a: Slowking|move: Heal Block
|move|p1a: Slowking|Future Sight|p2a: Primarina
|-start|p1a: Slowking|move: Future Sight
|
|-weather|SunnyDay|[upkeep]
|upkeep
|turn|24
|
|t:|1760803164
|move|p2a: Primarina|Psychic Noise|p1a: Slowking
|-damage|p1a: Slowking|31/100
|move|p1a: Slowking|Sludge Bomb|p2a: Primarina
|-supereffective|p2a: Primarina
|-damage|p2a: Primarina|27/100 par
|
|-weather|SunnyDay|[upkeep]
|-end|p1a: Slowking|move: Heal Block
|upkeep
|turn|25
|
|t:|1760803180
|switch|p2a: Alomomola|Alomomola, F|99/100
|switch|p1a: Torkoal|Torkoal, F|88/100
|
|-weather|none
|-end|p2a: Alomomola|move: Future Sight
|-damage|p2a: Alomomola|24/100
|upkeep
|turn|26
|
|t:|1760803186
|switch|p1a: Slowking|Slowking-Galar, M|64/100
|move|p2a: Alomomola|Wish|p2a: Alomomola
|
|upkeep
|turn|27
|
|t:|1760803194
|move|p2a: Alomomola|Protect|p2a: Alomomola
|-singleturn|p2a: Alomomola|Protect
|move|p1a: Slowking|Sludge Bomb|p2a: Alomomola
|-activate|p2a: Alomomola|move: Protect
|
|-heal|p2a: Alomomola|74/100|[from] move: Wish|[wisher] Alomomola
|upkeep
|turn|28
|
|t:|1760803208
|move|p2a: Alomomola|Wish|p2a: Alomomola
|move|p1a: Slowking|Sludge Bomb|p2a: Alomomola
|-damage|p2a: Alomomola|19/100
|
|upkeep
|turn|29
|
|t:|1760803219
|move|p2a: Alomomola|Flip Turn|p1a: Slowking
|-damage|p1a: Slowking|46/100
|
|t:|1760803221
|switch|p2a: Primarina|Primarina, M|27/100 par|[from] Flip Turn
|move|p1a: Slowking|Sludge Bomb|p2a: Primarina
|-supereffective|p2a: Primarina
|-damage|p2a: Primarina|0 fnt
|faint|p2a: Primarina
|
|upkeep
|
|t:|1760803232
|switch|p2a: Kyurem|Kyurem|88/100
|-ability|p2a: Kyurem|Pressure
|turn|30
|
|t:|1760803238
|move|p2a: Kyurem|Substitute|p2a: Kyurem
|-start|p2a: Kyurem|Substitute
|-damage|p2a: Kyurem|63/100
|move|p1a: Slowking|Sludge Bomb|p2a: Kyurem
|-end|p2a: Kyurem|Substitute
|
|-heal|p2a: Kyurem|69/100|[from] item: Leftovers
|upkeep
|turn|31
|
|t:|1760803246
|move|p2a: Kyurem|Protect|p2a: Kyurem
|-singleturn|p2a: Kyurem|Protect
|move|p1a: Slowking|Sludge Bomb|p2a: Kyurem
|-activate|p2a: Kyurem|move: Protect
|
|-heal|p2a: Kyurem|75/100|[from] item: Leftovers
|upkeep
|turn|32
|
|t:|1760803250
|move|p2a: Kyurem|Dragon Dance|p2a: Kyurem
|-boost|p2a: Kyurem|atk|1
|-boost|p2a: Kyurem|spe|1
|move|p1a: Slowking|Sludge Bomb|p2a: Kyurem
|-damage|p2a: Kyurem|35/100
|
|-heal|p2a: Kyurem|41/100|[from] item: Leftovers
|upkeep
|turn|33
|
|t:|1760803259
|switch|p1a: Torkoal|Torkoal, F|88/100
|-weather|SunnyDay|[from] ability: Drought|[of] p1a: Torkoal
|move|p2a: Kyurem|Protect||[still]
|-fail|p2a: Kyurem
|
|-weather|SunnyDay|[upkeep]
|-heal|p2a: Kyurem|47/100|[from] item: Leftovers
|upkeep
|turn|34
|
|t:|1760803268
|move|p2a: Kyurem|Protect|p2a: Kyurem
|-singleturn|p2a: Kyurem|Protect
|move|p1a: Torkoal|Lava Plume|p2a: Kyurem
|-activate|p2a: Kyurem|move: Protect
|
|-weather|SunnyDay|[upkeep]
|-heal|p2a: Kyurem|54/100|[from] item: Leftovers
|upkeep
|turn|35
|
|t:|1760803274
|move|p2a: Kyurem|Substitute|p2a: Kyurem
|-start|p2a: Kyurem|Substitute
|-damage|p2a: Kyurem|29/100
|move|p1a: Torkoal|Lava Plume|p2a: Kyurem
|-end|p2a: Kyurem|Substitute
|
|-weather|SunnyDay|[upkeep]
|-heal|p2a: Kyurem|35/100|[from] item: Leftovers
|upkeep
|turn|36
|
|t:|1760803280
|move|p2a: Kyurem|Protect|p2a: Kyurem
|-singleturn|p2a: Kyurem|Protect
|move|p1a: Torkoal|Lava Plume|p2a: Kyurem
|-activate|p2a: Kyurem|move: Protect
|
|-weather|SunnyDay|[upkeep]
|-heal|p2a: Kyurem|41/100|[from] item: Leftovers
|upkeep
|turn|37
|
|t:|1760803286
|move|p2a: Kyurem|Dragon Dance|p2a: Kyurem
|-boost|p2a: Kyurem|atk|1
|-boost|p2a: Kyurem|spe|1
|move|p1a: Torkoal|Lava Plume|p2a: Kyurem
|-damage|p2a: Kyurem|11/100
|
|-weather|SunnyDay|[upkeep]
|-heal|p2a: Kyurem|17/100|[from] item: Leftovers
|upkeep
|turn|38
|
|t:|1760803292
|move|p2a: Kyurem|Protect|p2a: Kyurem
|-singleturn|p2a: Kyurem|Protect
|move|p1a: Torkoal|Lava Plume|p2a: Kyurem
|-activate|p2a: Kyurem|move: Protect
|
|-weather|SunnyDay|[upkeep]
|-heal|p2a: Kyurem|24/100|[from] item: Leftovers
|upkeep
|turn|39
|-message|ztrzwrez forfeited.
|
|win|epic man 4433436
|raw|epic man 4433436's rating: 1129 &rarr; <strong>1148</strong><br />(+19 for winning)
|raw|ztrzwrez's rating: 1046 &rarr; <strong>1033</strong><br />(-13 for losing)
|l|☆ztrzwrez
|player|p2|
|c|☆epic man 4433436|hey i have first impressions
