|j|☆sol invicta
|j|☆njfkln
|t:|1760849669
|gametype|singles
|player|p1|sol invicta|ethan|1223
|player|p2|njfkln|170|1262
|gen|9
|tier|[Gen 9] OU
|rated|
|rule|HP Percentage Mod: HP is shown in percentages
|rule|Endless Battle Clause: Forcing endless battles is banned
|rule|Species Clause: Limit one of each Pokémon
|rule|OHKO Clause: OHKO moves are banned
|rule|Evasion Items Clause: Evasion items are banned
|rule|Evasion Moves Clause: Evasion moves are banned
|rule|Evasion Abilities Clause: Evasion abilities are banned
|rule|Sleep Moves Clause: Sleep-inducing moves are banned
|clearpoke
|poke|p1|Dragapult, M|
|poke|p1|Kyurem|
|poke|p1|Cinderace, M|
|poke|p1|Rillaboom, F|
|poke|p1|Iron Moth|
|poke|p1|Kingambit, M|
|poke|p2|Iron Treads|
|poke|p2|Iron Moth|
|poke|p2|Pincurchin, F|
|poke|p2|Iron Hands|
|poke|p2|Rotom-Wash|
|poke|p2|Iron Boulder|
|teampreview
|
|t:|1760849684
|teamsize|p1|6
|teamsize|p2|6
|start
|switch|p1a: Mojo Jojo|Rillaboom, F, shiny|100/100
|switch|p2a: Pincurchin|Pincurchin, F, shiny|100/100
|-fieldstart|move: Grassy Terrain|[from] ability: Grassy Surge|[of] p1a: Mojo Jojo
|-fieldstart|move: Electric Terrain|[from] ability: Electric Surge|[of] p2a: Pincurchin
|turn|1
|inactive|Battle timer is ON: inactive players will automatically lose when time's up. (requested by njfkln)
|
|t:|1760849695
|switch|p2a: Iron Boulder|Iron Boulder|100/100
|-activate|p2a: Iron Boulder|ability: Quark Drive
|-start|p2a: Iron Boulder|quarkdrivespe
|move|p1a: Mojo Jojo|Wood Hammer|p2a: Iron Boulder
|-supereffective|p2a: Iron Boulder
|-damage|p2a: Iron Boulder|0 fnt
|faint|p2a: Iron Boulder
|-end|p2a: Iron Boulder|Quark Drive|[silent]
|-damage|p1a: Mojo Jojo|69/100|[from] Recoil
|
|upkeep
|
|t:|1760849703
|switch|p2a: Iron Moth|Iron Moth, shiny|100/100
|-activate|p2a: Iron Moth|ability: Quark Drive
|-start|p2a: Iron Moth|quarkdrivespa
|turn|2
|
|t:|1760849715
|switch|p1a: Hyōrinmaru|Kyurem, shiny|100/100
|-ability|p1a: Hyōrinmaru|Pressure
|move|p2a: Iron Moth|Sludge Wave|p1a: Hyōrinmaru
|-damage|p1a: Hyōrinmaru|37/100
|
|upkeep
|turn|3
|
|t:|1760849728
|switch|p1a: Mojo Jojo|Rillaboom, F, shiny|69/100
|-fieldstart|move: Grassy Terrain|[from] ability: Grassy Surge|[of] p1a: Mojo Jojo
|-end|p2a: Iron Moth|Quark Drive
|move|p2a: Iron Moth|Sludge Wave|p1a: Mojo Jojo
|-supereffective|p1a: Mojo Jojo
|-damage|p1a: Mojo Jojo|0 fnt
|faint|p1a: Mojo Jojo
|
|upkeep
|
|t:|1760849737
|switch|p1a: Ghost Rider|Dragapult, M|100/100
|turn|4
|
|t:|1760849752
|-end|p2a: Iron Moth|Quark Drive|[silent]
|switch|p2a: Pincurchin|Pincurchin, F, shiny|100/100
|-fieldstart|move: Electric Terrain|[from] ability: Electric Surge|[of] p2a: Pincurchin
|move|p1a: Ghost Rider|Will-O-Wisp|p2a: Pincurchin
|-status|p2a: Pincurchin|brn
|
|-damage|p2a: Pincurchin|94/100 brn|[from] brn
|upkeep
|turn|5
|
|t:|1760849767
|move|p1a: Ghost Rider|Will-O-Wisp|p2a: Pincurchin
|-fail|p2a: Pincurchin|brn
|move|p2a: Pincurchin|Spikes|p1a: Ghost Rider
|-sidestart|p1: sol invicta|Spikes
|
|-damage|p2a: Pincurchin|88/100 brn|[from] brn
|upkeep
|turn|6
|
|t:|1760849775
|move|p1a: Ghost Rider|Hex|p2a: Pincurchin
|-damage|p2a: Pincurchin|12/100 brn
|move|p2a: Pincurchin|Thunder Wave|p1a: Ghost Rider|[miss]
|-miss|p2a: Pincurchin|p1a: Ghost Rider
|
|-damage|p2a: Pincurchin|6/100 brn|[from] brn
|upkeep
|turn|7
|
|t:|1760849789
|switch|p2a: Iron Moth|Iron Moth, shiny|100/100
|-activate|p2a: Iron Moth|ability: Quark Drive
|-start|p2a: Iron Moth|quarkdrivespa
|move|p1a: Ghost Rider|Hex|p2a: Iron Moth
|-damage|p2a: Iron Moth|72/100
|
|upkeep
|turn|8
|
|t:|1760849797
|-terastallize|p2a: Iron Moth|Ice
|move|p2a: Iron Moth|Tera Blast|p1a: Ghost Rider|[anim] Tera Blast Ice
|-supereffective|p1a: Ghost Rider
|-crit|p1a: Ghost Rider
|-damage|p1a: Ghost Rider|0 fnt
|faint|p1a: Ghost Rider
|
|upkeep
|
|t:|1760849804
|switch|p1a: Blitzfeuer|Cinderace, M, shiny|100/100
|turn|9
|
|t:|1760849822
|-end|p2a: Iron Moth|Quark Drive|[silent]
|switch|p2a: Iron Treads|Iron Treads, shiny|100/100
|-enditem|p2a: Iron Treads|Electric Seed
|-boost|p2a: Iron Treads|def|1|[from] item: Electric Seed
|-activate|p2a: Iron Treads|ability: Quark Drive
|-start|p2a: Iron Treads|quarkdrivedef
|move|p1a: Blitzfeuer|Pyro Ball|p2a: Iron Treads
|-supereffective|p2a: Iron Treads
|-damage|p2a: Iron Treads|42/100
|
|upkeep
|turn|10
|
|t:|1760849833
|move|p1a: Blitzfeuer|Pyro Ball|p2a: Iron Treads
|-supereffective|p2a: Iron Treads
|-damage|p2a: Iron Treads|0 fnt
|faint|p2a: Iron Treads
|-end|p2a: Iron Treads|Quark Drive|[silent]
|
|upkeep
|
|t:|1760849847
|switch|p2a: Rotom|Rotom-Wash|100/100
|turn|11
|
|t:|1760849856
|move|p1a: Blitzfeuer|High Jump Kick|p2a: Rotom
|-start|p1a: Blitzfeuer|typechange|Fighting|[from] ability: Libero
|-crit|p2a: Rotom
|-damage|p2a: Rotom|9/100
|move|p2a: Rotom|Volt Switch|p1a: Blitzfeuer
|-damage|p1a: Blitzfeuer|63/100
|
|t:|1760849865
|switch|p2a: Iron Hands|Iron Hands, shiny|100/100|[from] Volt Switch
|-activate|p2a: Iron Hands|ability: Quark Drive
|-start|p2a: Iron Hands|quarkdriveatk
|
|-fieldend|move: Electric Terrain
|-end|p2a: Iron Hands|Quark Drive
|upkeep
|turn|12
|
|t:|1760849877
|move|p1a: Blitzfeuer|High Jump Kick|p2a: Iron Hands
|-damage|p2a: Iron Hands|59/100
|move|p2a: Iron Hands|Drain Punch|p1a: Blitzfeuer
|-damage|p1a: Blitzfeuer|1/100
|-heal|p2a: Iron Hands|77/100|[from] drain|[of] p1a: Blitzfeuer
|
|upkeep
|turn|13
|
|t:|1760849888
|move|p1a: Blitzfeuer|High Jump Kick|p2a: Iron Hands
|-crit|p2a: Iron Hands
|-damage|p2a: Iron Hands|21/100
|move|p2a: Iron Hands|Drain Punch|p1a: Blitzfeuer
|-damage|p1a: Blitzfeuer|0 fnt
|-heal|p2a: Iron Hands|21/100|[from] drain|[of] p1a: Blitzfeuer
|faint|p1a: Blitzfeuer
|
|upkeep
|
|t:|1760849906
|switch|p1a: Hyōrinmaru|Kyurem, shiny|37/100
|-ability|p1a: Hyōrinmaru|Pressure
|turn|14
|-enditem|p2a: Iron Hands|Custap Berry|[eat]
|-activate|p2a: Iron Hands|item: Custap Berry|[consumed]
|
|t:|1760849936
|move|p2a: Iron Hands|Drain Punch|p1a: Hyōrinmaru
|-supereffective|p1a: Hyōrinmaru
|-damage|p1a: Hyōrinmaru|0 fnt
|-heal|p2a: Iron Hands|36/100|[from] drain|[of] p1a: Hyōrinmaru
|faint|p1a: Hyōrinmaru
|
|upkeep
|
|t:|1760849952
|switch|p1a: D4C|Iron Moth, shiny|100/100
|-damage|p1a: D4C|88/100|[from] Spikes
|-enditem|p1a: D4C|Booster Energy
|-activate|p1a: D4C|ability: Quark Drive|[fromitem]
|-start|p1a: D4C|quarkdrivespa
|turn|15
|
|t:|1760849965
|-end|p2a: Iron Hands|Quark Drive|[silent]
|switch|p2a: Pincurchin|Pincurchin, F, shiny|6/100 brn
|-fieldstart|move: Electric Terrain|[from] ability: Electric Surge|[of] p2a: Pincurchin
|move|p1a: D4C|Fiery Dance|p2a: Pincurchin
|-damage|p2a: Pincurchin|0 fnt
|faint|p2a: Pincurchin
|
|upkeep
|inactive|njfkln has 120 seconds left.
|
|t:|1760849988
|switch|p2a: Iron Moth|Iron Moth, shiny, tera:Ice|72/100
|-activate|p2a: Iron Moth|ability: Quark Drive
|-start|p2a: Iron Moth|quarkdrivespa
|turn|16
|
|t:|1760849996
|move|p2a: Iron Moth|Discharge|p1a: D4C
|-crit|p1a: D4C
|-damage|p1a: D4C|8/100
|move|p1a: D4C|Fiery Dance|p2a: Iron Moth
|-supereffective|p2a: Iron Moth
|-damage|p2a: Iron Moth|0 fnt
|faint|p2a: Iron Moth
|-end|p2a: Iron Moth|Quark Drive|[silent]
|
|upkeep
|
|t:|1760850002
|switch|p2a: Iron Hands|Iron Hands, shiny|36/100
|-activate|p2a: Iron Hands|ability: Quark Drive
|-start|p2a: Iron Hands|quarkdriveatk
|turn|17
|
|t:|1760850021
|move|p1a: D4C|Fiery Dance|p2a: Iron Hands
|-damage|p2a: Iron Hands|0 fnt
|faint|p2a: Iron Hands
|-end|p2a: Iron Hands|Quark Drive|[silent]
|
|upkeep
|-message|njfkln forfeited.
|
|win|sol invicta
|raw|sol invicta's rating: 1223 &rarr; <strong>1251</strong><br />(+28 for winning)
|raw|njfkln's rating: 1262 &rarr; <strong>1234</strong><br />(-28 for losing)
|l|☆sol invicta
|player|p1|
