|j|☆LX1987
|j|☆interesting小小露003
|t:|1760800172
|gametype|singles
|player|p1|LX1987|169|1371
|player|p2|interesting小小露003|miku-water|1353
|gen|9
|tier|[Gen 9] OU
|rated|
|rule|HP Percentage Mod: HP is shown in percentages
|rule|Endless Battle Clause: Forcing endless battles is banned
|rule|Species Clause: Limit one of each Pokémon
|rule|OHKO Clause: OHKO moves are banned
|rule|Evasion Items Clause: Evasion items are banned
|rule|Evasion Moves Clause: Evasion moves are banned
|rule|Evasion Abilities Clause: Evasion abilities are banned
|rule|Sleep Moves Clause: Sleep-inducing moves are banned
|clearpoke
|poke|p1|Chesnaught, M|
|poke|p1|Entei|
|poke|p1|Weezing-Galar, M|
|poke|p1|Dragapult, F|
|poke|p1|Swampert, F|
|poke|p1|Infernape, F|
|poke|p2|Serperior, M|
|poke|p2|Great Tusk|
|poke|p2|Landorus-Therian, M|
|poke|p2|Zamazenta-*|
|poke|p2|Dragapult, M|
|poke|p2|Armarouge, M|
|teampreview
|inactive|Battle timer is ON: inactive players will automatically lose when time's up. (requested by LX1987)
|
|t:|1760800178
|teamsize|p1|6
|teamsize|p2|6
|start
|switch|p1a: Infernape|Infernape, F|100/100
|switch|p2a: Serperior|Serperior, M|100/100
|turn|1
|
|t:|1760800189
|move|p2a: Serperior|Substitute|p2a: Serperior
|-start|p2a: Serperior|Substitute
|-damage|p2a: Serperior|76/100
|move|p1a: Infernape|Flare Blitz|p2a: Serperior
|-supereffective|p2a: Serperior
|-end|p2a: Serperior|Substitute
|-damage|p1a: Infernape|91/100|[from] Recoil|[of] p2a: Serperior
|
|-heal|p2a: Serperior|82/100|[from] item: Leftovers
|upkeep
|turn|2
|
|t:|1760800200
|switch|p2a: Dragapult|Dragapult, M, shiny|100/100
|move|p1a: Infernape|Flare Blitz|p2a: Dragapult
|-resisted|p2a: Dragapult
|-damage|p2a: Dragapult|50/100
|-enditem|p2a: Dragapult|Sitrus Berry|[eat]
|-heal|p2a: Dragapult|75/100|[from] item: Sitrus Berry
|-damage|p1a: Infernape|73/100|[from] Recoil
|
|upkeep
|turn|3
|
|t:|1760800211
|switch|p1a: Weezing|Weezing-Galar, M|100/100
|-ability|p1a: Weezing|Neutralizing Gas
|move|p2a: Dragapult|Thunder Wave|p1a: Weezing|[miss]
|-miss|p2a: Dragapult|p1a: Weezing
|
|upkeep
|turn|4
|
|t:|1760800224
|switch|p2a: Landorus|Landorus-Therian, M, shiny|100/100
|move|p1a: Weezing|Strange Steam|p2a: Landorus
|-damage|p2a: Landorus|75/100
|
|upkeep
|turn|5
|
|t:|1760800234
|-end|p1a: Weezing|ability: Neutralizing Gas
|-ability|p2a: Landorus|Intimidate|boost
|-unboost|p1a: Weezing|atk|1
|switch|p1a: Chesnaught|Chesnaught, M|100/100
|move|p2a: Landorus|Stealth Rock|p1a: Chesnaught
|-sidestart|p1: LX1987|move: Stealth Rock
|
|upkeep
|turn|6
|
|t:|1760800243
|move|p2a: Landorus|U-turn|p1a: Chesnaught
|-damage|p1a: Chesnaught|86/100
|-damage|p2a: Landorus|58/100|[from] item: Rocky Helmet|[of] p1a: Chesnaught
|
|t:|1760800261
|switch|p2a: Great Tusk|Great Tusk, shiny|100/100|[from] U-turn
|move|p1a: Chesnaught|Knock Off|p2a: Great Tusk
|-resisted|p2a: Great Tusk
|-damage|p2a: Great Tusk|92/100
|-enditem|p2a: Great Tusk|Assault Vest|[from] move: Knock Off|[of] p1a: Chesnaught
|
|upkeep
|turn|7
|
|t:|1760800282
|move|p2a: Great Tusk|Ice Spinner|p1a: Chesnaught
|-supereffective|p1a: Chesnaught
|-damage|p1a: Chesnaught|50/100
|-damage|p2a: Great Tusk|76/100|[from] item: Rocky Helmet|[of] p1a: Chesnaught
|move|p1a: Chesnaught|Leech Seed|p2a: Great Tusk
|-start|p2a: Great Tusk|move: Leech Seed
|
|-damage|p2a: Great Tusk|63/100|[from] Leech Seed|[of] p1a: Chesnaught
|-heal|p1a: Chesnaught|65/100|[silent]
|upkeep
|turn|8
|
|t:|1760800296
|-end|p2a: Great Tusk|Protosynthesis|[silent]
|switch|p2a: Serperior|Serperior, M|82/100
|switch|p1a: Weezing|Weezing-Galar, M|100/100
|-ability|p1a: Weezing|Neutralizing Gas
|-damage|p1a: Weezing|88/100|[from] Stealth Rock
|
|-heal|p2a: Serperior|88/100|[from] item: Leftovers
|-heal|p1a: Weezing|94/100|[from] item: Black Sludge
|upkeep
|turn|9
|
|t:|1760800307
|move|p2a: Serperior|Substitute|p2a: Serperior
|-start|p2a: Serperior|Substitute
|-damage|p2a: Serperior|63/100
|move|p1a: Weezing|Strange Steam|p2a: Serperior
|-end|p2a: Serperior|Substitute
|
|-heal|p2a: Serperior|69/100|[from] item: Leftovers
|-heal|p1a: Weezing|99/100|[from] item: Black Sludge
|upkeep
|turn|10
|
|t:|1760800319
|move|p2a: Serperior|Leech Seed|p1a: Weezing
|-start|p1a: Weezing|move: Leech Seed
|move|p1a: Weezing|Defog|p2a: Serperior
|-unboost|p2a: Serperior|evasion|1
|-sideend|p1: LX1987|Stealth Rock|[from] move: Defog|[of] p1a: Weezing
|
|-heal|p2a: Serperior|76/100|[from] item: Leftovers
|-heal|p1a: Weezing|100/100|[from] item: Black Sludge
|-damage|p1a: Weezing|88/100|[from] Leech Seed|[of] p2a: Serperior
|-heal|p2a: Serperior|87/100|[silent]
|upkeep
|turn|11
|
|t:|1760800330
|-end|p1a: Weezing|ability: Neutralizing Gas
|switch|p1a: Chesnaught|Chesnaught, M|65/100
|move|p2a: Serperior|Leaf Storm|p1a: Chesnaught
|-resisted|p1a: Chesnaught
|-damage|p1a: Chesnaught|45/100
|-boost|p2a: Serperior|spa|2
|
|-heal|p2a: Serperior|93/100|[from] item: Leftovers
|upkeep
|turn|12
|
|t:|1760800342
|move|p2a: Serperior|Leaf Storm|p1a: Chesnaught
|-resisted|p1a: Chesnaught
|-damage|p1a: Chesnaught|4/100
|-boost|p2a: Serperior|spa|2
|move|p1a: Chesnaught|Knock Off|p2a: Serperior
|-damage|p2a: Serperior|71/100
|-enditem|p2a: Serperior|Leftovers|[from] move: Knock Off|[of] p1a: Chesnaught
|
|upkeep
|turn|13
|
|t:|1760800352
|move|p2a: Serperior|Leaf Storm|p1a: Chesnaught
|-resisted|p1a: Chesnaught
|-damage|p1a: Chesnaught|0 fnt
|-boost|p2a: Serperior|spa|2
|faint|p1a: Chesnaught
|
|upkeep
|
|t:|1760800361
|switch|p1a: Infernape|Infernape, F|73/100
|turn|14
|
|t:|1760800367
|move|p2a: Serperior|Leaf Storm|p1a: Infernape
|-resisted|p1a: Infernape
|-damage|p1a: Infernape|0 fnt
|faint|p1a: Infernape
|
|upkeep
|
|t:|1760800376
|switch|p1a: Entei|Entei|100/100
|-ability|p1a: Entei|Pressure
|turn|15
|
|t:|1760800381
|-terastallize|p1a: Entei|Normal
|move|p1a: Entei|Extreme Speed|p2a: Serperior
|-damage|p2a: Serperior|30/100
|move|p2a: Serperior|Leaf Storm|p1a: Entei
|-damage|p1a: Entei|0 fnt
|faint|p1a: Entei
|
|upkeep
|
|t:|1760800391
|switch|p1a: Dragapult|Dragapult, F|100/100
|turn|16
|
|t:|1760800396
|move|p1a: Dragapult|Draco Meteor|p2a: Serperior
|-damage|p2a: Serperior|0 fnt
|-unboost|p1a: Dragapult|spa|2
|faint|p2a: Serperior
|-damage|p1a: Dragapult|91/100|[from] item: Life Orb
|
|upkeep
|
|t:|1760800405
|switch|p2a: Dragapult|Dragapult, M, shiny|75/100
|turn|17
|
|t:|1760800410
|move|p2a: Dragapult|Draco Meteor|p1a: Dragapult
|-supereffective|p1a: Dragapult
|-damage|p1a: Dragapult|0 fnt
|-unboost|p2a: Dragapult|spa|2
|faint|p1a: Dragapult
|
|upkeep
|
|t:|1760800417
|switch|p1a: Swampert|Swampert, F|100/100
|turn|18
|
|t:|1760800425
|switch|p2a: Landorus|Landorus-Therian, M, shiny|58/100
|-ability|p2a: Landorus|Intimidate|boost
|-unboost|p1a: Swampert|atk|1
|move|p1a: Swampert|Avalanche|p2a: Landorus
|-supereffective|p2a: Landorus
|-damage|p2a: Landorus|12/100
|-damage|p1a: Swampert|84/100|[from] item: Rocky Helmet|[of] p2a: Landorus
|
|upkeep
|turn|19
|
|t:|1760800435
|move|p2a: Landorus|Earthquake|p1a: Swampert
|-damage|p1a: Swampert|36/100
|move|p1a: Swampert|Knock Off|p2a: Landorus
|-damage|p2a: Landorus|0 fnt
|-damage|p1a: Swampert|19/100|[from] item: Rocky Helmet|[of] p2a: Landorus
|-enditem|p2a: Landorus|Rocky Helmet|[from] move: Knock Off|[of] p1a: Swampert
|faint|p2a: Landorus
|
|upkeep
|
|t:|1760800444
|switch|p2a: Great Tusk|Great Tusk, shiny|63/100
|turn|20
|
|t:|1760800451
|move|p2a: Great Tusk|Rapid Spin|p1a: Swampert
|-damage|p1a: Swampert|0 fnt
|-boost|p2a: Great Tusk|spe|1
|faint|p1a: Swampert
|
|upkeep
|
|t:|1760800457
|switch|p1a: Weezing|Weezing-Galar, M|88/100
|-ability|p1a: Weezing|Neutralizing Gas
|turn|21
|
|t:|1760800462
|move|p2a: Great Tusk|Earthquake|p1a: Weezing
|-supereffective|p1a: Weezing
|-damage|p1a: Weezing|16/100
|move|p1a: Weezing|Strange Steam|p2a: Great Tusk
|-supereffective|p2a: Great Tusk
|-damage|p2a: Great Tusk|0 fnt
|faint|p2a: Great Tusk
|-end|p2a: Great Tusk|Protosynthesis|[silent]
|
|-heal|p1a: Weezing|22/100|[from] item: Black Sludge
|upkeep
|
|t:|1760800466
|switch|p2a: Dragapult|Dragapult, M, shiny|75/100
|turn|22
|
|t:|1760800475
|move|p2a: Dragapult|Hex|p1a: Weezing
|-damage|p1a: Weezing|0 fnt
|faint|p1a: Weezing
|-end|p1a: Weezing|ability: Neutralizing Gas
|
|win|interesting小小露003
|raw|LX1987's rating: 1371 &rarr; <strong>1350</strong><br />(-21 for losing)
|raw|interesting小小露003's rating: 1353 &rarr; <strong>1374</strong><br />(+21 for winning)
|l|☆interesting小小露003
|player|p2|
|l|☆LX1987
|player|p1|
