|j|☆ProboZap
|j|☆diggem
|t:|1760759952
|gametype|singles
|player|p1|ProboZap|thorton|1305
|player|p2|diggem|170|1357
|gen|9
|tier|[Gen 9] OU
|rated|
|rule|HP Percentage Mod: HP is shown in percentages
|rule|Endless Battle Clause: Forcing endless battles is banned
|rule|Species Clause: Limit one of each Pokémon
|rule|OHKO Clause: OHKO moves are banned
|rule|Evasion Items Clause: Evasion items are banned
|rule|Evasion Moves Clause: Evasion moves are banned
|rule|Evasion Abilities Clause: Evasion abilities are banned
|rule|Sleep Moves Clause: Sleep-inducing moves are banned
|clearpoke
|poke|p1|Magnezone|
|poke|p1|Hydreigon, F|
|poke|p1|Ditto|
|poke|p1|Cinderace, M|
|poke|p1|Landorus-Therian, M|
|poke|p1|Necrozma|
|poke|p2|Kingambit, M|
|poke|p2|Torkoal, F|
|poke|p2|Walking Wake|
|poke|p2|Raging Bolt|
|poke|p2|Venusaur, F|
|poke|p2|Araquanid, M|
|teampreview
|inactive|Battle timer is ON: inactive players will automatically lose when time's up. (requested by diggem)
|
|t:|1760759964
|teamsize|p1|6
|teamsize|p2|6
|start
|switch|p1a: Magnezone|Magnezone|100/100
|switch|p2a: Araquanid|Araquanid, M|100/100
|turn|1
|
|t:|1760759971
|move|p1a: Magnezone|Discharge|p2a: Araquanid
|-supereffective|p2a: Araquanid
|-damage|p2a: Araquanid|47/100
|move|p2a: Araquanid|Sticky Web|p1a: Magnezone
|-sidestart|p1: ProboZap|move: Sticky Web
|
|upkeep
|turn|2
|
|t:|1760759979
|move|p2a: Araquanid|Endure|p2a: Araquanid
|-singleturn|p2a: Araquanid|move: Endure
|move|p1a: Magnezone|Volt Switch|p2a: Araquanid
|-supereffective|p2a: Araquanid
|-damage|p2a: Araquanid|3/100
|
|t:|1760759984
|switch|p1a: Necrozma|Necrozma|100/100|[from] Volt Switch
|-activate|p1a: Necrozma|move: Sticky Web
|-unboost|p1a: Necrozma|spe|1
|
|upkeep
|turn|3
|-enditem|p2a: Araquanid|Custap Berry|[eat]
|-activate|p2a: Araquanid|item: Custap Berry|[consumed]
|
|t:|1760759991
|move|p2a: Araquanid|Endeavor|p1a: Necrozma
|-damage|p1a: Necrozma|2/100
|move|p1a: Necrozma|Trick Room|p1a: Necrozma
|-fieldstart|move: Trick Room|[of] p1a: Necrozma
|
|upkeep
|turn|4
|
|t:|1760760000
|move|p1a: Necrozma|Earth Power|p2a: Araquanid
|-resisted|p2a: Araquanid
|-damage|p2a: Araquanid|0 fnt
|faint|p2a: Araquanid
|
|upkeep
|
|t:|1760760006
|switch|p2a: Torkoal|Torkoal, F, shiny|100/100
|-weather|SunnyDay|[from] ability: Drought|[of] p2a: Torkoal
|turn|5
|
|t:|1760760013
|move|p2a: Torkoal|Rapid Spin|p1a: Necrozma
|-damage|p1a: Necrozma|0 fnt
|-boost|p2a: Torkoal|spe|1
|faint|p1a: Necrozma
|
|-weather|SunnyDay|[upkeep]
|upkeep
|
|t:|1760760034
|switch|p1a: De Blob|Ditto|100/100
|-activate|p1a: De Blob|move: Sticky Web
|-unboost|p1a: De Blob|spe|1
|-transform|p1a: De Blob|p2a: Torkoal|[from] ability: Imposter
|turn|6
|
|t:|1760760044
|switch|p2a: Walking Wake|Walking Wake|100/100
|-activate|p2a: Walking Wake|ability: Protosynthesis
|-start|p2a: Walking Wake|protosynthesisspa
|move|p1a: De Blob|Stealth Rock|p2a: Walking Wake
|-sidestart|p2: diggem|move: Stealth Rock
|
|-weather|SunnyDay|[upkeep]
|upkeep
|turn|7
|inactive|ProboZap has 120 seconds left.
|
|t:|1760760072
|switch|p1a: Hydreigon|Hydreigon, F|100/100
|move|p2a: Walking Wake|Hydro Steam|p1a: Hydreigon
|-resisted|p1a: Hydreigon
|-damage|p1a: Hydreigon|52/100
|
|-weather|SunnyDay|[upkeep]
|-fieldend|move: Trick Room
|upkeep
|turn|8
|inactive|ProboZap has 120 seconds left.
|
|t:|1760760087
|-terastallize|p2a: Walking Wake|Steel
|move|p1a: Hydreigon|Dark Pulse|p2a: Walking Wake
|-damage|p2a: Walking Wake|50/100
|move|p2a: Walking Wake|Dragon Pulse|p1a: Hydreigon
|-supereffective|p1a: Hydreigon
|-damage|p1a: Hydreigon|0 fnt
|faint|p1a: Hydreigon
|
|-weather|SunnyDay|[upkeep]
|-heal|p2a: Walking Wake|56/100|[from] item: Leftovers
|upkeep
|inactive|ProboZap has 120 seconds left.
|
|t:|1760760096
|switch|p1a: Cinderace|Cinderace, M|100/100
|turn|9
|
|t:|1760760104
|-end|p2a: Walking Wake|Protosynthesis|[silent]
|switch|p2a: Raging Bolt|Raging Bolt|100/100
|-damage|p2a: Raging Bolt|88/100|[from] Stealth Rock
|-activate|p2a: Raging Bolt|ability: Protosynthesis
|-start|p2a: Raging Bolt|protosynthesisspa
|move|p1a: Cinderace|Pyro Ball|p2a: Raging Bolt
|-resisted|p2a: Raging Bolt
|-damage|p2a: Raging Bolt|52/100
|
|-weather|SunnyDay|[upkeep]
|upkeep
|turn|10
|
|t:|1760760121
|switch|p1a: Landorus|Landorus-Therian, M|100/100
|-ability|p1a: Landorus|Intimidate|boost
|-unboost|p2a: Raging Bolt|atk|1
|move|p2a: Raging Bolt|Thunderbolt|p1a: Landorus
|-immune|p1a: Landorus
|
|-weather|SunnyDay|[upkeep]
|upkeep
|turn|11
|
|t:|1760760134
|move|p1a: Landorus|Earthquake|p2a: Raging Bolt
|-supereffective|p2a: Raging Bolt
|-enditem|p2a: Raging Bolt|Shuca Berry|[eat]
|-enditem|p2a: Raging Bolt|Shuca Berry|[weaken]
|-damage|p2a: Raging Bolt|6/100
|move|p2a: Raging Bolt|Weather Ball|p1a: Landorus
|-damage|p1a: Landorus|0 fnt
|faint|p1a: Landorus
|
|-weather|SunnyDay|[upkeep]
|upkeep
|inactive|ProboZap has 120 seconds left.
|
|t:|1760760152
|switch|p1a: Cinderace|Cinderace, M|100/100
|turn|12
|inactive|ProboZap has 120 seconds left.
|
|t:|1760760159
|move|p1a: Cinderace|Sucker Punch|p2a: Raging Bolt
|-start|p1a: Cinderace|typechange|Dark|[from] ability: Libero
|-damage|p2a: Raging Bolt|0 fnt
|faint|p2a: Raging Bolt
|-end|p2a: Raging Bolt|Protosynthesis|[silent]
|
|-weather|none
|upkeep
|
|t:|1760760165
|switch|p2a: Torkoal|Torkoal, F, shiny|100/100
|-damage|p2a: Torkoal|76/100|[from] Stealth Rock
|-weather|SunnyDay|[from] ability: Drought|[of] p2a: Torkoal
|turn|13
|
|t:|1760760171
|switch|p1a: De Blob|Ditto|100/100
|-activate|p1a: De Blob|move: Sticky Web
|-unboost|p1a: De Blob|spe|1
|-transform|p1a: De Blob|p2a: Torkoal|[from] ability: Imposter
|move|p2a: Torkoal|Rapid Spin|p1a: De Blob
|-damage|p1a: De Blob|92/100
|-boost|p2a: Torkoal|spe|1
|-damage|p2a: Torkoal|59/100|[from] item: Rocky Helmet|[of] p1a: De Blob
|-sideend|p2: diggem|Stealth Rock|[from] move: Rapid Spin|[of] p2a: Torkoal
|
|-weather|SunnyDay|[upkeep]
|upkeep
|turn|14
|
|t:|1760760188
|switch|p2a: Walking Wake|Walking Wake, tera:Steel|56/100
|-activate|p2a: Walking Wake|ability: Protosynthesis
|-start|p2a: Walking Wake|protosynthesisspa
|move|p1a: De Blob|Stealth Rock|p2a: Walking Wake
|-sidestart|p2: diggem|move: Stealth Rock
|
|-weather|SunnyDay|[upkeep]
|-heal|p2a: Walking Wake|62/100|[from] item: Leftovers
|upkeep
|turn|15
|
|t:|1760760205
|move|p2a: Walking Wake|Hydro Steam|p1a: De Blob
|-supereffective|p1a: De Blob
|-damage|p1a: De Blob|0 fnt
|faint|p1a: De Blob
|
|-weather|SunnyDay|[upkeep]
|-heal|p2a: Walking Wake|68/100|[from] item: Leftovers
|upkeep
|
|t:|1760760213
|switch|p1a: Magnezone|Magnezone|100/100
|-activate|p1a: Magnezone|move: Sticky Web
|-unboost|p1a: Magnezone|spe|1
|turn|16
|
|t:|1760760226
|move|p2a: Walking Wake|Flamethrower|p1a: Magnezone
|-supereffective|p1a: Magnezone
|-damage|p1a: Magnezone|3/100
|move|p1a: Magnezone|Mirror Coat|p2a: Walking Wake
|-damage|p2a: Walking Wake|0 fnt
|faint|p2a: Walking Wake
|-end|p2a: Walking Wake|Protosynthesis|[silent]
|
|-weather|SunnyDay|[upkeep]
|upkeep
|
|t:|1760760241
|switch|p2a: Venusaur|Venusaur, F|100/100
|-damage|p2a: Venusaur|88/100|[from] Stealth Rock
|turn|17
|
|t:|1760760248
|move|p2a: Venusaur|Growth|p2a: Venusaur
|-boost|p2a: Venusaur|atk|2
|-boost|p2a: Venusaur|spa|2
|move|p1a: Magnezone|Discharge|p2a: Venusaur
|-resisted|p2a: Venusaur
|-damage|p2a: Venusaur|61/100
|
|-weather|SunnyDay|[upkeep]
|-heal|p2a: Venusaur|67/100|[from] item: Leftovers
|upkeep
|turn|18
|
|t:|1760760259
|move|p2a: Venusaur|Growth|p2a: Venusaur
|-boost|p2a: Venusaur|atk|2
|-boost|p2a: Venusaur|spa|2
|move|p1a: Magnezone|Discharge|p2a: Venusaur
|-resisted|p2a: Venusaur
|-damage|p2a: Venusaur|41/100
|
|-weather|SunnyDay|[upkeep]
|-heal|p2a: Venusaur|47/100|[from] item: Leftovers
|upkeep
|turn|19
|
|t:|1760760267
|move|p2a: Venusaur|Solar Beam||[still]
|-prepare|p2a: Venusaur|Solar Beam
|-anim|p2a: Venusaur|Solar Beam|p1a: Magnezone
|-resisted|p1a: Magnezone
|-damage|p1a: Magnezone|0 fnt
|faint|p1a: Magnezone
|
|-weather|SunnyDay|[upkeep]
|-heal|p2a: Venusaur|53/100|[from] item: Leftovers
|upkeep
|
|t:|1760760270
|switch|p1a: Cinderace|Cinderace, M|100/100
|turn|20
|
|t:|1760760291
|-terastallize|p1a: Cinderace|Dark
|move|p1a: Cinderace|Sucker Punch|p2a: Venusaur
|-damage|p2a: Venusaur|5/100
|move|p2a: Venusaur|Sludge Bomb|p1a: Cinderace
|-damage|p1a: Cinderace|0 fnt
|faint|p1a: Cinderace
|
|win|diggem
|raw|ProboZap's rating: 1305 &rarr; <strong>1288</strong><br />(-17 for losing)
|raw|diggem's rating: 1357 &rarr; <strong>1374</strong><br />(+17 for winning)
|l|☆ProboZap
|player|p1|
|l|☆diggem
|player|p2|
