|j|☆ProfSheen
|j|☆REX_1A91S
|t:|1760768281
|gametype|singles
|player|p1|ProfSheen|marshal|1605
|player|p2|REX_1A91S|riley|1626
|gen|9
|tier|[Gen 9] OU
|rated|
|rule|HP Percentage Mod: HP is shown in percentages
|rule|Endless Battle Clause: Forcing endless battles is banned
|rule|Species Clause: Limit one of each Pokémon
|rule|OHKO Clause: OHKO moves are banned
|rule|Evasion Items Clause: Evasion items are banned
|rule|Evasion Moves Clause: Evasion moves are banned
|rule|Evasion Abilities Clause: Evasion abilities are banned
|rule|Sleep Moves Clause: Sleep-inducing moves are banned
|clearpoke
|poke|p1|Ursaluna, M|
|poke|p1|Cresselia, F|
|poke|p1|Grimmsnarl, M|
|poke|p1|Zamazenta-*|
|poke|p1|Sinistcha-Masterpiece|
|poke|p1|Tentacruel, F|
|poke|p2|Corviknight, F|
|poke|p2|Slowking-Galar, M|
|poke|p2|Pecharunt|
|poke|p2|Ogerpon-Wellspring, F|
|poke|p2|Great Tusk|
|poke|p2|Darkrai|
|teampreview
|
|t:|1760768295
|teamsize|p1|6
|teamsize|p2|6
|start
|switch|p1a: Grimmsnarl|Grimmsnarl, M, shiny|100/100
|switch|p2a: Darkrai|Darkrai|100/100
|turn|1
|
|t:|1760768300
|move|p2a: Darkrai|Trick|p1a: Grimmsnarl
|-activate|p2a: Darkrai|move: Trick|[of] p1a: Grimmsnarl
|-item|p1a: Grimmsnarl|Choice Scarf|[from] move: Trick
|-item|p2a: Darkrai|Lagging Tail|[from] move: Trick
|move|p1a: Grimmsnarl|Play Rough|p2a: Darkrai
|-supereffective|p2a: Darkrai
|-damage|p2a: Darkrai|0 fnt
|faint|p2a: Darkrai
|
|upkeep
|
|t:|1760768308
|switch|p2a: Slowking|Slowking-Galar, M|100/100
|turn|2
|
|t:|1760768313
|switch|p1a: Ursaluna|Ursaluna, M, shiny|100/100
|-prepare|p2a: Slowking|Chilly Reception|[premajor]
|move|p2a: Slowking|Chilly Reception|p2a: Slowking
|-weather|Snowscape
|
|t:|1760768318
|switch|p2a: Ogerpon|Ogerpon-Wellspring, F|100/100|[from] Chilly Reception
|
|-weather|Snowscape|[upkeep]
|-status|p1a: Ursaluna|brn|[from] item: Flame Orb
|upkeep
|turn|3
|
|t:|1760768327
|switch|p1a: Sinistcha|Sinistcha-Masterpiece, shiny|100/100
|-terastallize|p2a: Ogerpon|Water
|detailschange|p2a: Ogerpon|Ogerpon-Wellspring-Tera, F, tera:Water
|-ability|p2a: Ogerpon|Embody Aspect (Wellspring)|boost
|-boost|p2a: Ogerpon|spd|1
|move|p2a: Ogerpon|Ivy Cudgel|p1a: Sinistcha|[anim] Ivy Cudgel Water
|-resisted|p1a: Sinistcha
|-crit|p1a: Sinistcha
|-damage|p1a: Sinistcha|59/100
|
|-weather|Snowscape|[upkeep]
|upkeep
|turn|4
|
|t:|1760768340
|switch|p2a: Corviknight|Corviknight, F|100/100
|-ability|p2a: Corviknight|Pressure
|move|p1a: Sinistcha|Shadow Ball|p2a: Corviknight
|-damage|p2a: Corviknight|69/100
|
|-weather|Snowscape|[upkeep]
|upkeep
|turn|5
|
|t:|1760768351
|switch|p1a: Grimmsnarl|Grimmsnarl, M, shiny|100/100
|move|p2a: Corviknight|U-turn|p1a: Grimmsnarl
|-damage|p1a: Grimmsnarl|83/100
|
|t:|1760768359
|switch|p2a: Pecharunt|Pecharunt|100/100|[from] U-turn
|
|-weather|Snowscape|[upkeep]
|upkeep
|turn|6
|
|t:|1760768364
|move|p1a: Grimmsnarl|Parting Shot|p2a: Pecharunt
|-unboost|p2a: Pecharunt|atk|1
|-unboost|p2a: Pecharunt|spa|1
|
|t:|1760768367
|switch|p1a: Ursaluna|Ursaluna, M, shiny|100/100 brn|[from] Parting Shot
|move|p2a: Pecharunt|Parting Shot|p1a: Ursaluna
|-unboost|p1a: Ursaluna|atk|1
|-unboost|p1a: Ursaluna|spa|1
|
|t:|1760768390
|switch|p2a: Ogerpon|Ogerpon-Wellspring-Tera, F, tera:Water|100/100|[from] Parting Shot
|-ability|p2a: Ogerpon|Embody Aspect (Wellspring)|boost
|-boost|p2a: Ogerpon|spd|1
|
|-weather|none
|-damage|p1a: Ursaluna|94/100 brn|[from] brn
|upkeep
|turn|7
|
|t:|1760768397
|switch|p1a: Sinistcha|Sinistcha-Masterpiece, shiny|59/100
|move|p2a: Ogerpon|Swords Dance|p2a: Ogerpon
|-boost|p2a: Ogerpon|atk|2
|
|upkeep
|turn|8
|
|t:|1760768403
|move|p2a: Ogerpon|Ivy Cudgel|p1a: Sinistcha|[anim] Ivy Cudgel Water
|-resisted|p1a: Sinistcha
|-damage|p1a: Sinistcha|1/100
|move|p1a: Sinistcha|Strength Sap|p2a: Ogerpon
|-unboost|p2a: Ogerpon|atk|1
|-heal|p1a: Sinistcha|100/100
|
|upkeep
|turn|9
|
|t:|1760768430
|switch|p1a: Zamazenta|Zamazenta, shiny|100/100
|-ability|p1a: Zamazenta|Dauntless Shield|boost
|-boost|p1a: Zamazenta|def|1
|move|p2a: Ogerpon|Encore||[still]
|-fail|p2a: Ogerpon
|
|upkeep
|turn|10
|
|t:|1760768439
|switch|p2a: Pecharunt|Pecharunt|100/100
|move|p1a: Zamazenta|Iron Defense|p1a: Zamazenta
|-boost|p1a: Zamazenta|def|2
|
|upkeep
|turn|11
|
|t:|1760768445
|-terastallize|p1a: Zamazenta|Steel
|move|p1a: Zamazenta|Iron Head|p2a: Pecharunt
|-damage|p2a: Pecharunt|85/100
|move|p2a: Pecharunt|Parting Shot|p1a: Zamazenta
|-unboost|p1a: Zamazenta|atk|1
|-unboost|p1a: Zamazenta|spa|1
|inactive|Battle timer is ON: inactive players will automatically lose when time's up. (requested by ProfSheen)
|
|t:|1760768459
|switch|p2a: Great Tusk|Great Tusk|100/100|[from] Parting Shot
|-enditem|p2a: Great Tusk|Booster Energy
|-activate|p2a: Great Tusk|ability: Protosynthesis|[fromitem]
|-start|p2a: Great Tusk|protosynthesisspe
|
|upkeep
|turn|12
|
|t:|1760768465
|move|p2a: Great Tusk|Bulk Up|p2a: Great Tusk
|-boost|p2a: Great Tusk|atk|1
|-boost|p2a: Great Tusk|def|1
|move|p1a: Zamazenta|Iron Defense|p1a: Zamazenta
|-boost|p1a: Zamazenta|def|2
|
|upkeep
|turn|13
|
|t:|1760768472
|move|p2a: Great Tusk|Bulk Up|p2a: Great Tusk
|-boost|p2a: Great Tusk|atk|1
|-boost|p2a: Great Tusk|def|1
|move|p1a: Zamazenta|Body Press|p2a: Great Tusk
|-crit|p2a: Great Tusk
|-damage|p2a: Great Tusk|7/100
|
|upkeep
|turn|14
|
|t:|1760768478
|move|p2a: Great Tusk|Headlong Rush|p1a: Zamazenta
|-supereffective|p1a: Zamazenta
|-damage|p1a: Zamazenta|51/100
|-unboost|p2a: Great Tusk|def|1
|-unboost|p2a: Great Tusk|spd|1
|move|p1a: Zamazenta|Body Press|p2a: Great Tusk
|-damage|p2a: Great Tusk|0 fnt
|faint|p2a: Great Tusk
|-end|p2a: Great Tusk|Protosynthesis|[silent]
|
|-heal|p1a: Zamazenta|57/100|[from] item: Leftovers
|upkeep
|
|t:|1760768489
|switch|p2a: Pecharunt|Pecharunt|85/100
|turn|15
|inactive|REX_1A91S has 120 seconds left.
|inactive|REX_1A91S has 90 seconds left.
|inactive|REX_1A91S has 60 seconds left.
|j| xiaopangsonsong
|l| xiaopangsonsong
|inactive|REX_1A91S has 30 seconds left.
|inactive|REX_1A91S has 20 seconds left.
|inactive|REX_1A91S has 15 seconds left.
|inactive|REX_1A91S has 10 seconds left.
|inactive|REX_1A91S has 5 seconds left.
|-message|REX_1A91S lost due to inactivity.
|
|win|ProfSheen
|raw|ProfSheen's rating: 1605 &rarr; <strong>1626</strong><br />(+21 for winning)
|raw|REX_1A91S's rating: 1626 &rarr; <strong>1605</strong><br />(-21 for losing)
|l|☆ProfSheen
|player|p1|
|j|☆ProfSheen
|player|p1|ProfSheen|marshal|
|l|☆ProfSheen
|player|p1|
