|j|☆boletus totatus
|j|☆meatrub
|t:|1760870402
|gametype|singles
|player|p1|boletus totatus|ethan|1465
|player|p2|meatrub|swimmer-gen4dp|1424
|gen|9
|tier|[Gen 9] OU
|rated|
|rule|HP Percentage Mod: HP is shown in percentages
|rule|Endless Battle Clause: Forcing endless battles is banned
|rule|Species Clause: Limit one of each Pokémon
|rule|OHKO Clause: OHKO moves are banned
|rule|Evasion Items Clause: Evasion items are banned
|rule|Evasion Moves Clause: Evasion moves are banned
|rule|Evasion Abilities Clause: Evasion abilities are banned
|rule|Sleep Moves Clause: Sleep-inducing moves are banned
|clearpoke
|poke|p1|Scizor, F|
|poke|p1|Regidrago|
|poke|p1|Alomomola, F|
|poke|p1|Ribombee, M|
|poke|p1|Indeedee, M|
|poke|p1|Cinderace, F|
|poke|p2|Kommo-o, F|
|poke|p2|Iron Moth|
|poke|p2|Ninetales-Alola, M|
|poke|p2|Great Tusk|
|poke|p2|Ogerpon-Wellspring, F|
|poke|p2|Kingambit, M|
|teampreview
|inactive|Battle timer is ON: inactive players will automatically lose when time's up. (requested by meatrub)
|
|t:|1760870408
|teamsize|p1|6
|teamsize|p2|6
|start
|switch|p1a: Scizor|Scizor, F|100/100
|switch|p2a: Ninetales|Ninetales-Alola, M|100/100
|-weather|Snowscape|[from] ability: Snow Warning|[of] p2a: Ninetales
|turn|1
|
|t:|1760870417
|move|p2a: Ninetales|Aurora Veil|p2a: Ninetales
|-sidestart|p2: meatrub|move: Aurora Veil
|move|p1a: Scizor|Knock Off|p2a: Ninetales
|-resisted|p2a: Ninetales
|-damage|p2a: Ninetales|89/100
|-enditem|p2a: Ninetales|Light Clay|[from] move: Knock Off|[of] p1a: Scizor
|
|-weather|Snowscape|[upkeep]
|upkeep
|turn|2
|
|t:|1760870428
|switch|p2a: Iron Moth|Iron Moth|100/100
|-enditem|p2a: Iron Moth|Booster Energy
|-activate|p2a: Iron Moth|ability: Quark Drive|[fromitem]
|-start|p2a: Iron Moth|quarkdrivespe
|switch|p1a: Alomomola|Alomomola, F|100/100
|
|-weather|Snowscape|[upkeep]
|upkeep
|turn|3
|
|t:|1760870438
|move|p2a: Iron Moth|Toxic Spikes|p1a: Alomomola
|-sidestart|p1: boletus totatus|move: Toxic Spikes
|move|p1a: Alomomola|Flip Turn|p2a: Iron Moth
|-supereffective|p2a: Iron Moth
|-damage|p2a: Iron Moth|79/100
|
|t:|1760870441
|switch|p1a: Cinderace|Cinderace, F|100/100|[from] Flip Turn
|
|-weather|Snowscape|[upkeep]
|upkeep
|turn|4
|
|t:|1760870457
|move|p2a: Iron Moth|Sludge Wave|p1a: Cinderace
|-damage|p1a: Cinderace|26/100
|move|p1a: Cinderace|Court Change|p1a: Cinderace
|-start|p1a: Cinderace|typechange|Normal|[from] ability: Libero
|-swapsideconditions
|-activate|p1a: Cinderace|move: Court Change
|
|-weather|Snowscape|[upkeep]
|upkeep
|turn|5
|
|t:|1760870471
|switch|p1a: Indeedee|Indeedee, M|100/100
|-fieldstart|move: Psychic Terrain|[from] ability: Psychic Surge|[of] p1a: Indeedee
|move|p2a: Iron Moth|Toxic Spikes|p1a: Indeedee
|-sidestart|p1: boletus totatus|move: Toxic Spikes
|
|-weather|none
|upkeep
|turn|6
|
|t:|1760870485
|move|p2a: Iron Moth|Toxic Spikes|p1a: Indeedee
|-sidestart|p1: boletus totatus|move: Toxic Spikes
|move|p1a: Indeedee|Expanding Force|p2a: Iron Moth
|-supereffective|p2a: Iron Moth
|-damage|p2a: Iron Moth|0 fnt
|faint|p2a: Iron Moth
|-end|p2a: Iron Moth|Quark Drive|[silent]
|
|upkeep
|
|t:|1760870492
|switch|p2a: Kingambit|Kingambit, M|100/100
|-activate|p2a: Kingambit|ability: Supreme Overlord
|-start|p2a: Kingambit|fallen1|[silent]
|turn|7
|
|t:|1760870521
|switch|p1a: Ribombee|Ribombee, M|100/100
|-status|p1a: Ribombee|tox
|move|p2a: Kingambit|Swords Dance|p2a: Kingambit
|-boost|p2a: Kingambit|atk|2
|
|-damage|p1a: Ribombee|94/100 tox|[from] psn
|upkeep
|turn|8
|
|t:|1760870531
|move|p1a: Ribombee|Sticky Web|p2a: Kingambit
|-sidestart|p2: meatrub|move: Sticky Web
|move|p2a: Kingambit|Iron Head|p1a: Ribombee
|-supereffective|p1a: Ribombee
|-damage|p1a: Ribombee|0 fnt
|faint|p1a: Ribombee
|
|-sideend|p1: boletus totatus|move: Aurora Veil
|upkeep
|
|t:|1760870537
|switch|p1a: Regidrago|Regidrago|100/100
|-status|p1a: Regidrago|tox
|turn|9
|
|t:|1760870542
|move|p2a: Kingambit|Sucker Punch|p1a: Regidrago
|-activate|p1a: Regidrago|move: Psychic Terrain
|move|p1a: Regidrago|Earth Power|p2a: Kingambit
|-supereffective|p2a: Kingambit
|-damage|p2a: Kingambit|0 fnt
|faint|p2a: Kingambit
|-end|p2a: Kingambit|fallen1|[silent]
|
|-damage|p1a: Regidrago|94/100 tox|[from] psn
|-fieldend|move: Psychic Terrain
|upkeep
|
|t:|1760870565
|switch|p2a: Great Tusk|Great Tusk|100/100
|-status|p2a: Great Tusk|psn
|-activate|p2a: Great Tusk|move: Sticky Web
|-unboost|p2a: Great Tusk|spe|1
|-enditem|p2a: Great Tusk|Booster Energy
|-activate|p2a: Great Tusk|ability: Protosynthesis|[fromitem]
|-start|p2a: Great Tusk|protosynthesisatk
|turn|10
|
|t:|1760870575
|move|p1a: Regidrago|Earth Power|p2a: Great Tusk
|-damage|p2a: Great Tusk|45/100 psn
|move|p2a: Great Tusk|Rapid Spin|p1a: Regidrago
|-damage|p1a: Regidrago|73/100 tox
|-boost|p2a: Great Tusk|spe|1
|-sideend|p2: meatrub|Toxic Spikes|[from] move: Rapid Spin|[of] p2a: Great Tusk
|-sideend|p2: meatrub|Sticky Web|[from] move: Rapid Spin|[of] p2a: Great Tusk
|
|-damage|p2a: Great Tusk|33/100 psn|[from] psn
|-damage|p1a: Regidrago|60/100 tox|[from] psn
|upkeep
|turn|11
|
|t:|1760870602
|switch|p1a: Scizor|Scizor, F|100/100
|move|p2a: Great Tusk|Headlong Rush|p1a: Scizor
|-damage|p1a: Scizor|17/100
|-unboost|p2a: Great Tusk|def|1
|-unboost|p2a: Great Tusk|spd|1
|
|-damage|p2a: Great Tusk|20/100 psn|[from] psn
|upkeep
|turn|12
|
|t:|1760870613
|move|p1a: Scizor|Bullet Punch|p2a: Great Tusk
|-damage|p2a: Great Tusk|0 fnt
|faint|p2a: Great Tusk
|-end|p2a: Great Tusk|Protosynthesis|[silent]
|
|upkeep
|
|t:|1760870619
|switch|p2a: Kommo-o|Kommo-o, F|100/100
|turn|13
|
|t:|1760870623
|move|p1a: Scizor|Bullet Punch|p2a: Kommo-o
|-damage|p2a: Kommo-o|46/100
|move|p2a: Kommo-o|Clangorous Soul|p2a: Kommo-o
|-boost|p2a: Kommo-o|atk|1
|-boost|p2a: Kommo-o|def|1
|-boost|p2a: Kommo-o|spa|1
|-boost|p2a: Kommo-o|spd|1
|-boost|p2a: Kommo-o|spe|1
|-damage|p2a: Kommo-o|13/100
|-enditem|p2a: Kommo-o|Throat Spray
|-boost|p2a: Kommo-o|spa|1|[from] item: Throat Spray
|
|upkeep
|turn|14
|
|t:|1760870636
|move|p1a: Scizor|Bullet Punch|p2a: Kommo-o
|-damage|p2a: Kommo-o|0 fnt
|faint|p2a: Kommo-o
|
|upkeep
|-message|meatrub forfeited.
|
|win|boletus totatus
|raw|boletus totatus's rating: 1465 &rarr; <strong>1483</strong><br />(+18 for winning)
|raw|meatrub's rating: 1424 &rarr; <strong>1406</strong><br />(-18 for losing)
|l|☆meatrub
|player|p2|
|l|☆boletus totatus
|player|p1|
