|j|☆berryjuicejoy
|j|☆potatosforfree
|t:|1760815805
|gametype|singles
|player|p1|berryjuicejoy|karen-gen2|1332
|player|p2|potatosforfree|lucas|1391
|gen|9
|tier|[Gen 9] OU
|rated|
|rule|HP Percentage Mod: HP is shown in percentages
|rule|Endless Battle Clause: Forcing endless battles is banned
|rule|Species Clause: Limit one of each Pokémon
|rule|OHKO Clause: OHKO moves are banned
|rule|Evasion Items Clause: Evasion items are banned
|rule|Evasion Moves Clause: Evasion moves are banned
|rule|Evasion Abilities Clause: Evasion abilities are banned
|rule|Sleep Moves Clause: Sleep-inducing moves are banned
|clearpoke
|poke|p1|Darkrai|
|poke|p1|Kyurem|
|poke|p1|Enamorus-Therian, F|
|poke|p1|Slowking-Galar, F|
|poke|p1|Cinderace, M|
|poke|p1|Tentacruel, M|
|poke|p2|Slowking-Galar, F|
|poke|p2|Great Tusk|
|poke|p2|Arcanine-Hisui, F|
|poke|p2|Corviknight, M|
|poke|p2|Dragapult, F|
|poke|p2|Kingambit, F|
|teampreview
|inactive|Battle timer is ON: inactive players will automatically lose when time's up. (requested by potatosforfree)
|j| 5tuck up 5teve
|
|t:|1760815832
|teamsize|p1|6
|teamsize|p2|6
|start
|switch|p1a: Kyurem|Kyurem|100/100
|switch|p2a: Dragapult|Dragapult, F|100/100
|-ability|p1a: Kyurem|Pressure
|turn|1
|
|t:|1760815841
|move|p1a: Kyurem|Ice Beam|p2a: Dragapult
|-supereffective|p2a: Dragapult
|-damage|p2a: Dragapult|0 fnt
|faint|p2a: Dragapult
|
|upkeep
|
|t:|1760815845
|switch|p2a: Arcanine|Arcanine-Hisui, F|100/100
|turn|2
|
|t:|1760815860
|switch|p1a: Tentacruel|Tentacruel, M|100/100
|move|p2a: Arcanine|Head Smash|p1a: Tentacruel
|-crit|p1a: Tentacruel
|-damage|p1a: Tentacruel|0 fnt
|faint|p1a: Tentacruel
|
|upkeep
|
|t:|1760815875
|switch|p1a: Enamorus|Enamorus-Therian, F|100/100
|turn|3
|
|t:|1760815886
|switch|p2a: Corviknight|Corviknight, M|100/100
|-ability|p2a: Corviknight|Pressure
|-terastallize|p1a: Enamorus|Ground
|move|p1a: Enamorus|Tera Blast|p2a: Corviknight|[anim] Tera Blast Ground
|-immune|p2a: Corviknight
|
|upkeep
|turn|4
|
|t:|1760815900
|move|p2a: Corviknight|U-turn|p1a: Enamorus
|-damage|p1a: Enamorus|88/100
|
|t:|1760815907
|switch|p2a: Great Tusk|Great Tusk|100/100|[from] U-turn
|move|p1a: Enamorus|Mystical Fire|p2a: Great Tusk
|-damage|p2a: Great Tusk|54/100
|-unboost|p2a: Great Tusk|spa|1
|
|upkeep
|turn|5
|
|t:|1760815936
|switch|p1a: Cinderace|Cinderace, M|100/100
|move|p2a: Great Tusk|Stealth Rock|p1a: Cinderace
|-sidestart|p1: berryjuicejoy|move: Stealth Rock
|
|upkeep
|turn|6
|
|t:|1760815941
|move|p1a: Cinderace|Court Change|p1a: Cinderace
|-start|p1a: Cinderace|typechange|Normal|[from] ability: Libero
|-swapsideconditions
|-activate|p1a: Cinderace|move: Court Change
|move|p2a: Great Tusk|Headlong Rush|p1a: Cinderace
|-damage|p1a: Cinderace|10/100
|-unboost|p2a: Great Tusk|def|1
|-unboost|p2a: Great Tusk|spd|1
|
|upkeep
|turn|7
|
|t:|1760815948
|move|p1a: Cinderace|Pyro Ball|p2a: Great Tusk
|-damage|p2a: Great Tusk|16/100
|move|p2a: Great Tusk|Rapid Spin|p1a: Cinderace
|-damage|p1a: Cinderace|0 fnt
|-boost|p2a: Great Tusk|spe|1
|-sideend|p2: potatosforfree|Stealth Rock|[from] move: Rapid Spin|[of] p2a: Great Tusk
|faint|p1a: Cinderace
|
|upkeep
|
|t:|1760815956
|switch|p1a: Kyurem|Kyurem|100/100
|-ability|p1a: Kyurem|Pressure
|turn|8
|
|t:|1760815961
|move|p1a: Kyurem|Earth Power|p2a: Great Tusk
|-damage|p2a: Great Tusk|0 fnt
|faint|p2a: Great Tusk
|-end|p2a: Great Tusk|Protosynthesis|[silent]
|
|upkeep
|
|t:|1760815965
|switch|p2a: Corviknight|Corviknight, M|100/100
|-ability|p2a: Corviknight|Pressure
|turn|9
|
|t:|1760815971
|switch|p1a: Slowking|Slowking-Galar, F|100/100
|move|p2a: Corviknight|U-turn|p1a: Slowking
|-damage|p1a: Slowking|84/100
|
|t:|1760815973
|switch|p2a: Arcanine|Arcanine-Hisui, F|100/100|[from] U-turn
|
|upkeep
|turn|10
|
|t:|1760815980
|move|p2a: Arcanine|Flare Blitz|p1a: Slowking
|-damage|p1a: Slowking|0 fnt
|faint|p1a: Slowking
|
|upkeep
|
|t:|1760815985
|switch|p1a: Enamorus|Enamorus-Therian, F, tera:Ground|88/100
|turn|11
|l| 5tuck up 5teve
|
|t:|1760815988
|move|p2a: Arcanine|Flare Blitz|p1a: Enamorus
|-damage|p1a: Enamorus|7/100
|move|p1a: Enamorus|Tera Blast|p2a: Arcanine|[anim] Tera Blast Ground
|-supereffective|p2a: Arcanine
|-damage|p2a: Arcanine|0 fnt
|faint|p2a: Arcanine
|
|upkeep
|
|t:|1760815992
|switch|p2a: Corviknight|Corviknight, M|100/100
|-ability|p2a: Corviknight|Pressure
|turn|12
|
|t:|1760815999
|move|p2a: Corviknight|Body Press|p1a: Enamorus
|-damage|p1a: Enamorus|0 fnt
|faint|p1a: Enamorus
|
|upkeep
|
|t:|1760816014
|switch|p1a: Darkrai|Darkrai|100/100
|turn|13
|
|t:|1760816021
|move|p1a: Darkrai|Dark Pulse|p2a: Corviknight
|-damage|p2a: Corviknight|50/100
|-damage|p1a: Darkrai|91/100|[from] item: Life Orb
|move|p2a: Corviknight|Body Press|p1a: Darkrai
|-supereffective|p1a: Darkrai
|-damage|p1a: Darkrai|16/100
|
|upkeep
|turn|14
|
|t:|1760816027
|move|p1a: Darkrai|Dark Pulse|p2a: Corviknight
|-damage|p2a: Corviknight|0 fnt
|faint|p2a: Corviknight
|-damage|p1a: Darkrai|6/100|[from] item: Life Orb
|
|upkeep
|
|t:|1760816032
|switch|p2a: Slowking|Slowking-Galar, F|100/100
|turn|15
|
|t:|1760816037
|move|p1a: Darkrai|Dark Pulse|p2a: Slowking
|-supereffective|p2a: Slowking
|-damage|p2a: Slowking|35/100
|-damage|p1a: Darkrai|0 fnt|[from] item: Life Orb
|faint|p1a: Darkrai
|-prepare|p2a: Slowking|Chilly Reception|[premajor]
|move|p2a: Slowking|Chilly Reception|p2a: Slowking
|-weather|Snowscape
|
|t:|1760816040
|switch|p2a: Kingambit|Kingambit, F|100/100|[from] Chilly Reception
|-activate|p2a: Kingambit|ability: Supreme Overlord
|-start|p2a: Kingambit|fallen4|[silent]
|
|-weather|Snowscape|[upkeep]
|upkeep
|
|t:|1760816042
|switch|p1a: Kyurem|Kyurem|100/100
|-ability|p1a: Kyurem|Pressure
|turn|16
|
|t:|1760816044
|-terastallize|p2a: Kingambit|Ghost
|move|p1a: Kyurem|Earth Power|p2a: Kingambit
|-damage|p2a: Kingambit|72/100
|move|p2a: Kingambit|Iron Head|p1a: Kyurem
|-supereffective|p1a: Kyurem
|-crit|p1a: Kyurem
|-damage|p1a: Kyurem|0 fnt
|faint|p1a: Kyurem
|
|win|potatosforfree
|raw|berryjuicejoy's rating: 1332 &rarr; <strong>1315</strong><br />(-17 for losing)
|raw|potatosforfree's rating: 1391 &rarr; <strong>1408</strong><br />(+17 for winning)
|l|☆berryjuicejoy
|player|p1|
