|badge|p2|bronze|gen9ou|100-7
|uhtml|medal-msg|<div class="broadcast-blue">Curious what those medals under the avatar are? PS now has Ladder Seasons! For more information, check out the <a href="https://www.smogon.com/forums/threads/3740067/">thread on Smogon.</a></div>
|j|☆Mr Tpen
|j|☆ouww miguel o hara
|t:|1760880160
|gametype|singles
|player|p1|Mr Tpen|101|1764
|player|p2|ouww miguel o hara|giovanni|1873
|gen|9
|tier|[Gen 9] OU
|rated|
|rule|HP Percentage Mod: HP is shown in percentages
|rule|Endless Battle Clause: Forcing endless battles is banned
|rule|Species Clause: Limit one of each Pokémon
|rule|OHKO Clause: OHKO moves are banned
|rule|Evasion Items Clause: Evasion items are banned
|rule|Evasion Moves Clause: Evasion moves are banned
|rule|Evasion Abilities Clause: Evasion abilities are banned
|rule|Sleep Moves Clause: Sleep-inducing moves are banned
|clearpoke
|poke|p1|Enamorus, F|
|poke|p1|Kyurem|
|poke|p1|Landorus-Therian, M|
|poke|p1|Kingambit, F|
|poke|p1|Ogerpon-Wellspring, F|
|poke|p1|Glimmora, F|
|poke|p2|Zamazenta-*|
|poke|p2|Iron Moth|
|poke|p2|Gliscor, M|
|poke|p2|Clefable, M|
|poke|p2|Blissey, F|
|poke|p2|Dragapult, M|
|teampreview
|inactive|Battle timer is ON: inactive players will automatically lose when time's up. (requested by Mr Tpen)
|j| nsdede
|
|t:|1760880178
|teamsize|p1|6
|teamsize|p2|6
|start
|switch|p1a: Kyurem|Kyurem|100/100
|switch|p2a: Blissey|Blissey, F|100/100
|-ability|p1a: Kyurem|Pressure
|turn|1
|
|t:|1760880181
|switch|p1a: Landorus|Landorus-Therian, M|100/100
|-ability|p1a: Landorus|Intimidate|boost
|-unboost|p2a: Blissey|atk|1
|move|p2a: Blissey|Stealth Rock|p1a: Landorus
|-sidestart|p1: Mr Tpen|move: Stealth Rock
|
|upkeep
|turn|2
|
|t:|1760880183
|move|p1a: Landorus|Stealth Rock|p2a: Blissey
|-sidestart|p2: ouww miguel o hara|move: Stealth Rock
|move|p2a: Blissey|Ice Beam|p1a: Landorus
|-supereffective|p1a: Landorus
|-damage|p1a: Landorus|30/100
|
|upkeep
|turn|3
|
|t:|1760880190
|move|p1a: Landorus|Earthquake|p2a: Blissey
|-damage|p2a: Blissey|58/100
|move|p2a: Blissey|Ice Beam|p1a: Landorus
|-supereffective|p1a: Landorus
|-damage|p1a: Landorus|0 fnt
|faint|p1a: Landorus
|
|upkeep
|
|t:|1760880192
|switch|p1a: Ogerpon|Ogerpon-Wellspring, F|100/100
|-damage|p1a: Ogerpon|88/100|[from] Stealth Rock
|turn|4
|
|t:|1760880195
|switch|p2a: Zamazenta|Zamazenta|100/100
|-damage|p2a: Zamazenta|94/100|[from] Stealth Rock
|-ability|p2a: Zamazenta|Dauntless Shield|boost
|-boost|p2a: Zamazenta|def|1
|move|p1a: Ogerpon|Knock Off|p2a: Zamazenta
|-resisted|p2a: Zamazenta
|-damage|p2a: Zamazenta|86/100
|-enditem|p2a: Zamazenta|Leftovers|[from] move: Knock Off|[of] p1a: Ogerpon
|
|upkeep
|turn|5
|j| chemfruit
|
|t:|1760880199
|move|p2a: Zamazenta|Body Press|p1a: Ogerpon
|-damage|p1a: Ogerpon|5/100
|move|p1a: Ogerpon|U-turn|p2a: Zamazenta
|-resisted|p2a: Zamazenta
|-damage|p2a: Zamazenta|80/100
|
|t:|1760880202
|switch|p1a: Enamorus|Enamorus, F|100/100|[from] U-turn
|
|upkeep
|turn|6
|
|t:|1760880207
|switch|p2a: Blissey|Blissey, F|58/100
|move|p1a: Enamorus|Moonblast|p2a: Blissey
|-damage|p2a: Blissey|38/100
|-unboost|p2a: Blissey|spa|1
|
|upkeep
|turn|7
|
|t:|1760880211
|move|p1a: Enamorus|Superpower|p2a: Blissey
|-supereffective|p2a: Blissey
|-damage|p2a: Blissey|0 fnt
|-boost|p1a: Enamorus|atk|1
|-boost|p1a: Enamorus|def|1
|faint|p2a: Blissey
|
|upkeep
|l| chemfruit
|
|t:|1760880215
|switch|p2a: Iron Moth|Iron Moth|100/100
|turn|8
|
|t:|1760880220
|switch|p1a: Ogerpon|Ogerpon-Wellspring, F|5/100
|-damage|p1a: Ogerpon|0 fnt|[from] Stealth Rock
|faint|p1a: Ogerpon
|move|p2a: Iron Moth|Sludge Wave|p1: Ogerpon|[notarget]
|-fail|p2a: Iron Moth
|
|upkeep
|
|t:|1760880221
|switch|p1a: Glimmora|Glimmora, F|100/100
|-damage|p1a: Glimmora|88/100|[from] Stealth Rock
|turn|9
|
|t:|1760880234
|-end|p2a: Iron Moth|Quark Drive|[silent]
|switch|p2a: Gliscor|Gliscor, M|100/100
|-damage|p2a: Gliscor|88/100|[from] Stealth Rock
|move|p1a: Glimmora|Mortal Spin|p2a: Gliscor
|-resisted|p2a: Gliscor
|-damage|p2a: Gliscor|86/100
|-status|p2a: Gliscor|psn
|-sideend|p1: Mr Tpen|Stealth Rock|[from] move: Mortal Spin|[of] p1a: Glimmora
|
|-heal|p2a: Gliscor|98/100 psn|[from] ability: Poison Heal
|upkeep
|turn|10
|
|t:|1760880240
|switch|p1a: Kyurem|Kyurem|100/100
|-ability|p1a: Kyurem|Pressure
|move|p2a: Gliscor|Toxic|p1a: Kyurem
|-status|p1a: Kyurem|tox
|
|-damage|p1a: Kyurem|94/100 tox|[from] psn
|-heal|p2a: Gliscor|100/100 psn|[from] ability: Poison Heal
|upkeep
|turn|11
|
|t:|1760880246
|move|p2a: Gliscor|Protect|p2a: Gliscor
|-singleturn|p2a: Gliscor|Protect
|move|p1a: Kyurem|Ice Beam|p2a: Gliscor
|-activate|p2a: Gliscor|move: Protect
|
|-damage|p1a: Kyurem|82/100 tox|[from] psn
|upkeep
|turn|12
|
|t:|1760880251
|switch|p2a: Iron Moth|Iron Moth|100/100
|move|p1a: Kyurem|Ice Beam|p2a: Iron Moth
|-resisted|p2a: Iron Moth
|-damage|p2a: Iron Moth|74/100
|
|-damage|p1a: Kyurem|64/100 tox|[from] psn
|upkeep
|turn|13
|
|t:|1760880257
|switch|p1a: Glimmora|Glimmora, F|88/100
|move|p2a: Iron Moth|Fiery Dance|p1a: Glimmora
|-resisted|p1a: Glimmora
|-damage|p1a: Glimmora|64/100
|-boost|p2a: Iron Moth|spa|1
|-enditem|p1a: Glimmora|Red Card|[of] p2a: Iron Moth
|-end|p2a: Iron Moth|Quark Drive|[silent]
|drag|p2a: Clefable|Clefable, M|100/100
|
|upkeep
|turn|14
|
|t:|1760880264
|switch|p2a: Gliscor|Gliscor, M|100/100 psn
|-damage|p2a: Gliscor|88/100 psn|[from] Stealth Rock
|move|p1a: Glimmora|Spikes|p2a: Gliscor
|-sidestart|p2: ouww miguel o hara|Spikes
|
|-heal|p2a: Gliscor|100/100 psn|[from] ability: Poison Heal
|upkeep
|turn|15
|
|t:|1760880269
|move|p2a: Gliscor|Knock Off|p1a: Glimmora
|-damage|p1a: Glimmora|53/100
|-activate|p1a: Glimmora|ability: Toxic Debris
|-sidestart|p2: ouww miguel o hara|move: Toxic Spikes
|move|p1a: Glimmora|Spikes|p2a: Gliscor
|-sidestart|p2: ouww miguel o hara|Spikes
|
|upkeep
|turn|16
|
|t:|1760880272
|move|p2a: Gliscor|Knock Off|p1a: Glimmora
|-damage|p1a: Glimmora|41/100
|-activate|p1a: Glimmora|ability: Toxic Debris
|-sidestart|p2: ouww miguel o hara|move: Toxic Spikes
|move|p1a: Glimmora|Spikes|p2a: Gliscor
|-sidestart|p2: ouww miguel o hara|Spikes
|
|upkeep
|turn|17
|
|t:|1760880276
|move|p2a: Gliscor|Knock Off|p1a: Glimmora
|-damage|p1a: Glimmora|31/100
|move|p1a: Glimmora|Power Gem|p2a: Gliscor
|-damage|p2a: Gliscor|69/100 psn
|
|-heal|p2a: Gliscor|82/100 psn|[from] ability: Poison Heal
|upkeep
|turn|18
|
|t:|1760880279
|move|p2a: Gliscor|Protect|p2a: Gliscor
|-singleturn|p2a: Gliscor|Protect
|move|p1a: Glimmora|Power Gem|p2a: Gliscor
|-activate|p2a: Gliscor|move: Protect
|
|-heal|p2a: Gliscor|94/100 psn|[from] ability: Poison Heal
|upkeep
|turn|19
|
|t:|1760880284
|switch|p1a: Kyurem|Kyurem|64/100 tox
|-ability|p1a: Kyurem|Pressure
|move|p2a: Gliscor|Earthquake|p1a: Kyurem
|-damage|p1a: Kyurem|34/100 tox
|
|-damage|p1a: Kyurem|28/100 tox|[from] psn
|-heal|p2a: Gliscor|100/100 psn|[from] ability: Poison Heal
|upkeep
|turn|20
|
|t:|1760880288
|move|p2a: Gliscor|Protect|p2a: Gliscor
|-singleturn|p2a: Gliscor|Protect
|move|p1a: Kyurem|Ice Beam|p2a: Gliscor
|-activate|p2a: Gliscor|move: Protect
|
|-damage|p1a: Kyurem|15/100 tox|[from] psn
|upkeep
|turn|21
|
|t:|1760880293
|switch|p2a: Iron Moth|Iron Moth|74/100
|-sideend|p2: ouww miguel o hara|move: Toxic Spikes|[of] p2a: Iron Moth
|move|p1a: Kyurem|Ice Beam|p2a: Iron Moth
|-resisted|p2a: Iron Moth
|-damage|p2a: Iron Moth|48/100
|
|-damage|p1a: Kyurem|0 fnt|[from] psn
|faint|p1a: Kyurem
|upkeep
|
|t:|1760880296
|switch|p1a: Glimmora|Glimmora, F|31/100
|turn|22
|
|t:|1760880299
|-end|p2a: Iron Moth|Quark Drive|[silent]
|switch|p2a: Gliscor|Gliscor, M|100/100 psn
|-damage|p2a: Gliscor|88/100 psn|[from] Stealth Rock
|move|p1a: Glimmora|Earth Power|p2a: Gliscor
|-immune|p2a: Gliscor
|
|-heal|p2a: Gliscor|100/100 psn|[from] ability: Poison Heal
|upkeep
|turn|23
|
|t:|1760880302
|move|p2a: Gliscor|Earthquake|p1a: Glimmora
|-supereffective|p1a: Glimmora
|-damage|p1a: Glimmora|0 fnt
|-activate|p1a: Glimmora|ability: Toxic Debris
|-sidestart|p2: ouww miguel o hara|move: Toxic Spikes
|faint|p1a: Glimmora
|
|upkeep
|
|t:|1760880303
|switch|p1a: Kingambit|Kingambit, F|100/100
|-activate|p1a: Kingambit|ability: Supreme Overlord
|-start|p1a: Kingambit|fallen4|[silent]
|-item|p1a: Kingambit|Air Balloon
|turn|24
|
|t:|1760880308
|move|p2a: Gliscor|Knock Off|p1a: Kingambit
|-resisted|p1a: Kingambit
|-damage|p1a: Kingambit|91/100
|-enditem|p1a: Kingambit|Air Balloon
|move|p1a: Kingambit|Swords Dance|p1a: Kingambit
|-boost|p1a: Kingambit|atk|2
|
|upkeep
|turn|25
|
|t:|1760880313
|move|p1a: Kingambit|Sucker Punch|p2a: Gliscor
|-damage|p2a: Gliscor|25/100 psn
|move|p2a: Gliscor|Earthquake|p1a: Kingambit
|-supereffective|p1a: Kingambit
|-damage|p1a: Kingambit|31/100
|
|-heal|p2a: Gliscor|38/100 psn|[from] ability: Poison Heal
|upkeep
|turn|26
|
|t:|1760880325
|move|p2a: Gliscor|Earthquake|p1a: Kingambit
|-supereffective|p1a: Kingambit
|-damage|p1a: Kingambit|0 fnt
|faint|p1a: Kingambit
|-end|p1a: Kingambit|fallen4|[silent]
|
|-heal|p2a: Gliscor|50/100 psn|[from] ability: Poison Heal
|upkeep
|
|t:|1760880326
|switch|p1a: Enamorus|Enamorus, F|100/100
|turn|27
|
|t:|1760880328
|-terastallize|p1a: Enamorus|Stellar
|move|p1a: Enamorus|Tera Blast|p2a: Gliscor|[anim] Tera Blast Stellar
|-damage|p2a: Gliscor|16/100 psn
|-boost|p1a: Enamorus|atk|1
|-boost|p1a: Enamorus|spa|1
|move|p2a: Gliscor|Toxic|p1a: Enamorus|[miss]
|-miss|p2a: Gliscor|p1a: Enamorus
|
|-heal|p2a: Gliscor|28/100 psn|[from] ability: Poison Heal
|upkeep
|turn|28
|
|t:|1760880338
|move|p1a: Enamorus|Tera Blast|p2a: Gliscor|[anim] Tera Blast Stellar
|-damage|p2a: Gliscor|0 fnt
|-boost|p1a: Enamorus|atk|1
|-boost|p1a: Enamorus|spa|1
|faint|p2a: Gliscor
|
|upkeep
|
|t:|1760880340
|switch|p2a: Iron Moth|Iron Moth|48/100
|-sideend|p2: ouww miguel o hara|move: Toxic Spikes|[of] p2a: Iron Moth
|turn|29
|
|t:|1760880344
|move|p1a: Enamorus|Earth Power|p2a: Iron Moth
|-supereffective|p2a: Iron Moth
|-damage|p2a: Iron Moth|0 fnt
|faint|p2a: Iron Moth
|-end|p2a: Iron Moth|Quark Drive|[silent]
|
|upkeep
|
|t:|1760880348
|switch|p2a: Clefable|Clefable, M|100/100
|turn|30
|
|t:|1760880352
|move|p1a: Enamorus|Moonblast|p2a: Clefable
|-damage|p2a: Clefable|36/100
|move|p2a: Clefable|Cosmic Power|p2a: Clefable
|-boost|p2a: Clefable|def|1
|-boost|p2a: Clefable|spd|1
|
|upkeep
|turn|31
|
|t:|1760880382
|-terastallize|p2a: Clefable|Steel
|move|p1a: Enamorus|Moonblast|p2a: Clefable
|-resisted|p2a: Clefable
|-damage|p2a: Clefable|19/100
|-unboost|p2a: Clefable|spa|1
|move|p2a: Clefable|Moonlight|p2a: Clefable
|-heal|p2a: Clefable|69/100
|
|upkeep
|turn|32
|
|t:|1760880386
|move|p1a: Enamorus|Superpower|p2a: Clefable
|-supereffective|p2a: Clefable
|-damage|p2a: Clefable|27/100
|-boost|p1a: Enamorus|atk|1
|-boost|p1a: Enamorus|def|1
|move|p2a: Clefable|Moonlight|p2a: Clefable
|-heal|p2a: Clefable|77/100
|
|upkeep
|turn|33
|
|t:|1760880389
|move|p1a: Enamorus|Earth Power|p2a: Clefable
|-supereffective|p2a: Clefable
|-damage|p2a: Clefable|35/100
|move|p2a: Clefable|Cosmic Power|p2a: Clefable
|-boost|p2a: Clefable|def|1
|-boost|p2a: Clefable|spd|1
|
|upkeep
|turn|34
|
|t:|1760880396
|move|p1a: Enamorus|Superpower|p2a: Clefable
|-supereffective|p2a: Clefable
|-damage|p2a: Clefable|9/100
|-boost|p1a: Enamorus|atk|1
|-boost|p1a: Enamorus|def|1
|move|p2a: Clefable|Moonlight|p2a: Clefable
|-heal|p2a: Clefable|59/100
|
|upkeep
|turn|35
|
|t:|1760880399
|move|p1a: Enamorus|Superpower|p2a: Clefable
|-supereffective|p2a: Clefable
|-damage|p2a: Clefable|32/100
|-boost|p1a: Enamorus|atk|1
|-boost|p1a: Enamorus|def|1
|move|p2a: Clefable|Moonlight|p2a: Clefable
|-heal|p2a: Clefable|82/100
|
|upkeep
|turn|36
|
|t:|1760880402
|move|p1a: Enamorus|Tera Blast|p2a: Clefable|[anim] Tera Blast Stellar
|-supereffective|p2a: Clefable
|-damage|p2a: Clefable|64/100
|-boost|p1a: Enamorus|atk|1
|-boost|p1a: Enamorus|spa|1
|move|p2a: Clefable|Cosmic Power|p2a: Clefable
|-boost|p2a: Clefable|def|1
|-boost|p2a: Clefable|spd|1
|
|upkeep
|turn|37
|
|t:|1760880408
|move|p1a: Enamorus|Superpower|p2a: Clefable
|-supereffective|p2a: Clefable
|-damage|p2a: Clefable|44/100
|-boost|p1a: Enamorus|def|1
|move|p2a: Clefable|Moonlight|p2a: Clefable
|-heal|p2a: Clefable|94/100
|
|upkeep
|turn|38
|
|t:|1760880411
|move|p1a: Enamorus|Superpower|p2a: Clefable
|-supereffective|p2a: Clefable
|-damage|p2a: Clefable|74/100
|-boost|p1a: Enamorus|def|1
|move|p2a: Clefable|Cosmic Power|p2a: Clefable
|-boost|p2a: Clefable|def|1
|-boost|p2a: Clefable|spd|1
|
|upkeep
|turn|39
|j| timothy333333
|
|t:|1760880414
|move|p1a: Enamorus|Superpower|p2a: Clefable
|-supereffective|p2a: Clefable
|-damage|p2a: Clefable|57/100
|-boost|p1a: Enamorus|def|1
|move|p2a: Clefable|Moonlight|p2a: Clefable
|-heal|p2a: Clefable|100/100
|
|upkeep
|turn|40
|
|t:|1760880416
|move|p1a: Enamorus|Superpower|p2a: Clefable
|-supereffective|p2a: Clefable
|-damage|p2a: Clefable|84/100
|move|p2a: Clefable|Moonblast|p1a: Enamorus
|-damage|p1a: Enamorus|68/100
|
|upkeep
|turn|41
|
|t:|1760880422
|move|p1a: Enamorus|Earth Power|p2a: Clefable
|-supereffective|p2a: Clefable
|-damage|p2a: Clefable|63/100
|move|p2a: Clefable|Moonblast|p1a: Enamorus
|-damage|p1a: Enamorus|35/100
|
|upkeep
|turn|42
|
|t:|1760880427
|move|p1a: Enamorus|Tera Blast|p2a: Clefable|[anim] Tera Blast Stellar
|-supereffective|p2a: Clefable
|-damage|p2a: Clefable|51/100
|-boost|p1a: Enamorus|spa|1
|move|p2a: Clefable|Moonlight|p2a: Clefable
|-heal|p2a: Clefable|100/100
|
|upkeep
|turn|43
|
|t:|1760880430
|move|p1a: Enamorus|Earth Power|p2a: Clefable
|-supereffective|p2a: Clefable
|-damage|p2a: Clefable|78/100
|move|p2a: Clefable|Moonblast|p1a: Enamorus
|-damage|p1a: Enamorus|1/100
|
|upkeep
|turn|44
|
|t:|1760880433
|move|p1a: Enamorus|Earth Power|p2a: Clefable
|-supereffective|p2a: Clefable
|-damage|p2a: Clefable|57/100
|move|p2a: Clefable|Moonblast|p1a: Enamorus
|-damage|p1a: Enamorus|0 fnt
|faint|p1a: Enamorus
|
|win|ouww miguel o hara
|raw|Mr Tpen's rating: 1764 &rarr; <strong>1750</strong><br />(-14 for losing)
|raw|ouww miguel o hara's rating: 1873 &rarr; <strong>1887</strong><br />(+14 for winning)
|l|☆Mr Tpen
|player|p1|
|l|☆ouww miguel o hara
|player|p2|
|l| nsdede
|l| timothy333333
