|j|☆Underquill
|j|☆Frostflame54321
|t:|1760886357
|gametype|singles
|player|p1|Underquill|2|1243
|player|p2|Frostflame54321|iris-gen5bw2|1186
|gen|9
|tier|[Gen 9] OU
|rated|
|rule|HP Percentage Mod: HP is shown in percentages
|rule|Endless Battle Clause: Forcing endless battles is banned
|rule|Species Clause: Limit one of each Pokémon
|rule|OHKO Clause: OHKO moves are banned
|rule|Evasion Items Clause: Evasion items are banned
|rule|Evasion Moves Clause: Evasion moves are banned
|rule|Evasion Abilities Clause: Evasion abilities are banned
|rule|Sleep Moves Clause: Sleep-inducing moves are banned
|clearpoke
|poke|p1|Hoopa|
|poke|p1|Zamazenta-*|
|poke|p1|Gholdengo|
|poke|p1|Zapdos|
|poke|p1|Garchomp, M|
|poke|p1|Iron Treads|
|poke|p2|Slowking-Galar, M|
|poke|p2|Moltres|
|poke|p2|Basculegion, M|
|poke|p2|Garganacl, M|
|poke|p2|Raging Bolt|
|poke|p2|Ting-Lu|
|teampreview
|inactive|Battle timer is ON: inactive players will automatically lose when time's up. (requested by Underquill)
|
|t:|1760886374
|teamsize|p1|6
|teamsize|p2|6
|start
|switch|p1a: Garchomp|Garchomp, M|100/100
|switch|p2a: Ting-Lu|Ting-Lu|100/100
|-ability|p2a: Ting-Lu|Vessel of Ruin
|turn|1
|
|t:|1760886377
|move|p1a: Garchomp|Stealth Rock|p2a: Ting-Lu
|-sidestart|p2: Frostflame54321|move: Stealth Rock
|move|p2a: Ting-Lu|Stealth Rock|p1a: Garchomp
|-sidestart|p1: Underquill|move: Stealth Rock
|
|upkeep
|turn|2
|
|t:|1760886381
|move|p1a: Garchomp|Spikes|p2a: Ting-Lu
|-sidestart|p2: Frostflame54321|Spikes
|move|p2a: Ting-Lu|Whirlwind|p1a: Garchomp
|drag|p1a: Zamazenta|Zamazenta|100/100
|-ability|p1a: Zamazenta|Dauntless Shield|boost
|-boost|p1a: Zamazenta|def|1
|
|upkeep
|turn|3
|
|t:|1760886401
|switch|p2a: Moltres|Moltres|100/100
|move|p1a: Zamazenta|Roar|p2a: Moltres
|drag|p2a: Basculegion|Basculegion, M|100/100
|-damage|p2a: Basculegion|88/100|[from] Stealth Rock
|-damage|p2a: Basculegion|76/100|[from] Spikes
|
|upkeep
|turn|4
|
|t:|1760886411
|move|p2a: Basculegion|Psychic Fangs|p1a: Zamazenta
|-supereffective|p1a: Zamazenta
|-damage|p1a: Zamazenta|67/100
|move|p1a: Zamazenta|Roar|p2a: Basculegion
|drag|p2a: Garganacl|Garganacl, M|100/100
|-damage|p2a: Garganacl|88/100|[from] Stealth Rock
|-damage|p2a: Garganacl|76/100|[from] Spikes
|
|-heal|p2a: Garganacl|82/100|[from] item: Leftovers
|upkeep
|turn|5
|
|t:|1760886420
|move|p1a: Zamazenta|Body Press|p2a: Garganacl
|-supereffective|p2a: Garganacl
|-damage|p2a: Garganacl|22/100
|move|p2a: Garganacl|Salt Cure|p1a: Zamazenta
|-resisted|p1a: Zamazenta
|-damage|p1a: Zamazenta|63/100
|-start|p1a: Zamazenta|Salt Cure
|
|-heal|p2a: Garganacl|28/100|[from] item: Leftovers
|-damage|p1a: Zamazenta|51/100|[from] Salt Cure
|upkeep
|turn|6
|
|t:|1760886426
|switch|p2a: Moltres|Moltres|100/100
|move|p1a: Zamazenta|Roar|p2a: Moltres
|drag|p2a: Garganacl|Garganacl, M|28/100
|-damage|p2a: Garganacl|16/100|[from] Stealth Rock
|-damage|p2a: Garganacl|3/100|[from] Spikes
|
|-heal|p2a: Garganacl|10/100|[from] item: Leftovers
|-damage|p1a: Zamazenta|38/100|[from] Salt Cure
|upkeep
|turn|7
|
|t:|1760886431
|switch|p2a: Moltres|Moltres|100/100
|move|p1a: Zamazenta|Roar|p2a: Moltres
|drag|p2a: Garganacl|Garganacl, M|10/100
|-damage|p2a: Garganacl|0 fnt|[from] Stealth Rock
|faint|p2a: Garganacl
|
|-damage|p1a: Zamazenta|26/100|[from] Salt Cure
|upkeep
|
|t:|1760886447
|switch|p2a: Basculegion|Basculegion, M|76/100
|-damage|p2a: Basculegion|63/100|[from] Stealth Rock
|-damage|p2a: Basculegion|51/100|[from] Spikes
|turn|8
|
|t:|1760886454
|switch|p1a: Iron Treads|Iron Treads|100/100
|-damage|p1a: Iron Treads|97/100|[from] Stealth Rock
|move|p2a: Basculegion|Wave Crash|p1a: Iron Treads
|-supereffective|p1a: Iron Treads
|-damage|p1a: Iron Treads|0 fnt
|faint|p1a: Iron Treads
|-end|p1a: Iron Treads|Quark Drive|[silent]
|-damage|p2a: Basculegion|24/100|[from] Recoil
|
|upkeep
|
|t:|1760886461
|switch|p1a: Garchomp|Garchomp, M|100/100
|-damage|p1a: Garchomp|94/100|[from] Stealth Rock
|turn|9
|
|t:|1760886467
|move|p2a: Basculegion|Wave Crash|p1a: Garchomp
|-damage|p1a: Garchomp|30/100
|-damage|p2a: Basculegion|12/100|[from] ability: Rough Skin|[of] p1a: Garchomp
|-damage|p2a: Basculegion|0 fnt|[from] item: Rocky Helmet|[of] p1a: Garchomp
|faint|p2a: Basculegion
|move|p1a: Garchomp|Spikes|p2: Basculegion
|-sidestart|p2: Frostflame54321|Spikes
|
|upkeep
|
|t:|1760886474
|switch|p2a: Moltres|Moltres|100/100
|turn|10
|
|t:|1760886482
|move|p2a: Moltres|Will-O-Wisp|p1a: Garchomp
|-status|p1a: Garchomp|brn
|move|p1a: Garchomp|Dragon Tail|p2a: Moltres
|-damage|p2a: Moltres|92/100
|drag|p2a: Ting-Lu|Ting-Lu|100/100
|-damage|p2a: Ting-Lu|94/100|[from] Stealth Rock
|-damage|p2a: Ting-Lu|78/100|[from] Spikes
|-ability|p2a: Ting-Lu|Vessel of Ruin
|
|-heal|p2a: Ting-Lu|84/100|[from] item: Leftovers
|-damage|p1a: Garchomp|24/100 brn|[from] brn
|upkeep
|turn|11
|
|t:|1760886487
|move|p2a: Ting-Lu|Earthquake|p1a: Garchomp
|-damage|p1a: Garchomp|1/100 brn
|move|p1a: Garchomp|Dragon Tail|p2a: Ting-Lu
|-damage|p2a: Ting-Lu|77/100
|drag|p2a: Raging Bolt|Raging Bolt|100/100
|-damage|p2a: Raging Bolt|88/100|[from] Stealth Rock
|-damage|p2a: Raging Bolt|72/100|[from] Spikes
|-enditem|p2a: Raging Bolt|Booster Energy
|-activate|p2a: Raging Bolt|ability: Protosynthesis|[fromitem]
|-start|p2a: Raging Bolt|protosynthesisspa
|
|-damage|p1a: Garchomp|0 fnt|[from] brn
|faint|p1a: Garchomp
|upkeep
|
|t:|1760886499
|switch|p1a: Gholdengo|Gholdengo|100/100
|-damage|p1a: Gholdengo|94/100|[from] Stealth Rock
|turn|12
|
|t:|1760886504
|move|p1a: Gholdengo|Dazzling Gleam|p2a: Raging Bolt
|-supereffective|p2a: Raging Bolt
|-damage|p2a: Raging Bolt|12/100
|move|p2a: Raging Bolt|Calm Mind|p2a: Raging Bolt
|-boost|p2a: Raging Bolt|spa|1
|-boost|p2a: Raging Bolt|spd|1
|
|upkeep
|turn|13
|
|t:|1760886509
|move|p2a: Raging Bolt|Thunderclap|p1a: Gholdengo
|-damage|p1a: Gholdengo|4/100
|move|p1a: Gholdengo|Dazzling Gleam|p2a: Raging Bolt
|-supereffective|p2a: Raging Bolt
|-damage|p2a: Raging Bolt|0 fnt
|faint|p2a: Raging Bolt
|-end|p2a: Raging Bolt|Protosynthesis|[silent]
|
|upkeep
|
|t:|1760886514
|switch|p2a: Ting-Lu|Ting-Lu|77/100
|-damage|p2a: Ting-Lu|71/100|[from] Stealth Rock
|-damage|p2a: Ting-Lu|54/100|[from] Spikes
|-ability|p2a: Ting-Lu|Vessel of Ruin
|turn|14
|
|t:|1760886517
|move|p1a: Gholdengo|Dazzling Gleam|p2a: Ting-Lu
|-supereffective|p2a: Ting-Lu
|-damage|p2a: Ting-Lu|31/100
|move|p2a: Ting-Lu|Earthquake|p1a: Gholdengo
|-supereffective|p1a: Gholdengo
|-damage|p1a: Gholdengo|0 fnt
|faint|p1a: Gholdengo
|
|-heal|p2a: Ting-Lu|37/100|[from] item: Leftovers
|upkeep
|
|t:|1760886524
|switch|p1a: Hoopa|Hoopa|100/100
|turn|15
|
|t:|1760886528
|move|p1a: Hoopa|Energy Ball|p2a: Ting-Lu
|-supereffective|p2a: Ting-Lu
|-damage|p2a: Ting-Lu|3/100
|move|p2a: Ting-Lu|Ruination|p1a: Hoopa
|-damage|p1a: Hoopa|50/100
|
|-heal|p2a: Ting-Lu|9/100|[from] item: Leftovers
|upkeep
|turn|16
|
|t:|1760886532
|move|p1a: Hoopa|Energy Ball|p2a: Ting-Lu
|-supereffective|p2a: Ting-Lu
|-crit|p2a: Ting-Lu
|-damage|p2a: Ting-Lu|0 fnt
|faint|p2a: Ting-Lu
|
|upkeep
|
|t:|1760886536
|switch|p2a: Moltres|Moltres|92/100
|turn|17
|
|t:|1760886545
|-terastallize|p1a: Hoopa|Psychic
|move|p2a: Moltres|Flamethrower|p1a: Hoopa
|-damage|p1a: Hoopa|24/100
|move|p1a: Hoopa|Psychic|p2a: Moltres
|-damage|p2a: Moltres|18/100
|
|upkeep
|turn|18
|
|t:|1760886551
|move|p2a: Moltres|Flamethrower|p1a: Hoopa
|-damage|p1a: Hoopa|0 fnt
|faint|p1a: Hoopa
|
|upkeep
|
|t:|1760886554
|switch|p1a: Zapdos|Zapdos|100/100
|-damage|p1a: Zapdos|76/100|[from] Stealth Rock
|-ability|p1a: Zapdos|Pressure
|turn|19
|
|t:|1760886557
|move|p1a: Zapdos|Thunderbolt|p2a: Moltres
|-supereffective|p2a: Moltres
|-damage|p2a: Moltres|0 fnt
|faint|p2a: Moltres
|
|upkeep
|
|t:|1760886558
|switch|p2a: Slowking|Slowking-Galar, M|100/100
|-damage|p2a: Slowking|88/100|[from] Stealth Rock
|-damage|p2a: Slowking|72/100|[from] Spikes
|turn|20
|
|t:|1760886563
|move|p1a: Zapdos|Thunderbolt|p2a: Slowking
|-damage|p2a: Slowking|39/100
|move|p2a: Slowking|Ice Beam|p1a: Zapdos
|-supereffective|p1a: Zapdos
|-damage|p1a: Zapdos|16/100
|
|upkeep
|turn|21
|
|t:|1760886567
|move|p1a: Zapdos|Thunderbolt|p2a: Slowking
|-damage|p2a: Slowking|3/100
|move|p2a: Slowking|Ice Beam|p1a: Zapdos
|-supereffective|p1a: Zapdos
|-damage|p1a: Zapdos|0 fnt
|faint|p1a: Zapdos
|
|upkeep
|
|t:|1760886571
|switch|p1a: Zamazenta|Zamazenta|26/100
|turn|22
|
|t:|1760886575
|move|p1a: Zamazenta|Crunch|p2a: Slowking
|-supereffective|p2a: Slowking
|-damage|p2a: Slowking|0 fnt
|faint|p2a: Slowking
|
|win|Underquill
|raw|Underquill's rating: 1243 &rarr; <strong>1264</strong><br />(+21 for winning)
|raw|Frostflame54321's rating: 1186 &rarr; <strong>1165</strong><br />(-21 for losing)
|l|☆Frostflame54321
|player|p2|
|c|☆Underquill|gg
|l|☆Underquill
|player|p1|
