|j|☆kenjakuken
|j|☆GussyHam
|t:|1760726995
|gametype|singles
|player|p1|kenjakuken|li|1068
|player|p2|GussyHam|102|1053
|gen|9
|tier|[Gen 9] OU
|rated|
|rule|HP Percentage Mod: HP is shown in percentages
|rule|Endless Battle Clause: Forcing endless battles is banned
|rule|Species Clause: Limit one of each Pokémon
|rule|OHKO Clause: OHKO moves are banned
|rule|Evasion Items Clause: Evasion items are banned
|rule|Evasion Moves Clause: Evasion moves are banned
|rule|Evasion Abilities Clause: Evasion abilities are banned
|rule|Sleep Moves Clause: Sleep-inducing moves are banned
|clearpoke
|poke|p1|Mimikyu, M|
|poke|p1|Cramorant, M|
|poke|p1|Scrafty, M|
|poke|p1|Dudunsparce-*, M|
|poke|p1|Gliscor, M|
|poke|p1|Kingambit, M|
|poke|p2|Minior-Blue|
|poke|p2|Venusaur, M|
|poke|p2|Snorlax, M|
|poke|p2|Haxorus, M|
|poke|p2|Vaporeon, M|
|poke|p2|Dragonite, M|
|teampreview
|
|t:|1760727016
|teamsize|p1|6
|teamsize|p2|6
|start
|switch|p1a: Pepi lokalniq|Scrafty, M|100/100
|switch|p2a: Minior|Minior-Blue|100/100
|-formechange|p2a: Minior|Minior-Meteor||[from] ability: Shields Down
|turn|1
|inactive|Battle timer is ON: inactive players will automatically lose when time's up. (requested by kenjakuken)
|
|t:|1760727025
|-terastallize|p1a: Pepi lokalniq|Poison
|move|p2a: Minior|Shell Smash|p2a: Minior
|-unboost|p2a: Minior|def|1
|-unboost|p2a: Minior|spd|1
|-boost|p2a: Minior|atk|2
|-boost|p2a: Minior|spa|2
|-boost|p2a: Minior|spe|2
|-enditem|p2a: Minior|White Herb
|-clearnegativeboost|p2a: Minior|[silent]
|move|p1a: Pepi lokalniq|Bulk Up|p1a: Pepi lokalniq
|-boost|p1a: Pepi lokalniq|atk|1
|-boost|p1a: Pepi lokalniq|def|1
|
|upkeep
|turn|2
|
|t:|1760727038
|move|p2a: Minior|Stealth Rock|p1a: Pepi lokalniq
|-sidestart|p1: kenjakuken|move: Stealth Rock
|move|p1a: Pepi lokalniq|Dragon Dance|p1a: Pepi lokalniq
|-boost|p1a: Pepi lokalniq|atk|1
|-boost|p1a: Pepi lokalniq|spe|1
|
|upkeep
|turn|3
|
|t:|1760727044
|move|p2a: Minior|Rock Slide|p1a: Pepi lokalniq
|-crit|p1a: Pepi lokalniq
|-damage|p1a: Pepi lokalniq|22/100
|move|p1a: Pepi lokalniq|Bulk Up|p1a: Pepi lokalniq
|-boost|p1a: Pepi lokalniq|atk|1
|-boost|p1a: Pepi lokalniq|def|1
|
|-heal|p1a: Pepi lokalniq|28/100|[from] item: Leftovers
|upkeep
|turn|4
|
|t:|1760727055
|move|p2a: Minior|Acrobatics|p1a: Pepi lokalniq
|-damage|p1a: Pepi lokalniq|0 fnt
|faint|p1a: Pepi lokalniq
|
|upkeep
|
|t:|1760727062
|switch|p1a: Dudunsparce|Dudunsparce, M|100/100
|-damage|p1a: Dudunsparce|88/100|[from] Stealth Rock
|turn|5
|
|t:|1760727071
|move|p2a: Minior|Rock Slide|p1a: Dudunsparce
|-damage|p1a: Dudunsparce|38/100
|move|p1a: Dudunsparce|Boomburst|p2a: Minior
|-resisted|p2a: Minior
|-damage|p2a: Minior|63/100
|
|upkeep
|turn|6
|
|t:|1760727084
|move|p1a: Dudunsparce|Protect|p1a: Dudunsparce
|-singleturn|p1a: Dudunsparce|Protect
|move|p2a: Minior|Acrobatics|p1a: Dudunsparce
|-activate|p1a: Dudunsparce|move: Protect
|
|upkeep
|turn|7
|
|t:|1760727094
|move|p2a: Minior|Acrobatics|p1a: Dudunsparce
|-damage|p1a: Dudunsparce|0 fnt
|faint|p1a: Dudunsparce
|
|upkeep
|
|t:|1760727100
|switch|p1a: V1|Cramorant, M|100/100
|-damage|p1a: V1|76/100|[from] Stealth Rock
|turn|8
|
|t:|1760727105
|move|p2a: Minior|Rock Slide|p1a: V1
|-supereffective|p1a: V1
|-damage|p1a: V1|0 fnt
|faint|p1a: V1
|
|upkeep
|
|t:|1760727111
|switch|p1a: Mimi|Mimikyu, M|100/100
|-damage|p1a: Mimi|88/100|[from] Stealth Rock
|turn|9
|
|t:|1760727117
|move|p1a: Mimi|Shadow Sneak|p2a: Minior
|-damage|p2a: Minior|36/100
|move|p2a: Minior|Acrobatics|p1a: Mimi
|-activate|p1a: Mimi|ability: Disguise
|-damage|p1a: Mimi|88/100
|detailschange|p1a: Mimi|Mimikyu-Busted, M
|-damage|p1a: Mimi|76/100|[from] pokemon: Mimikyu-Busted
|
|-formechange|p2a: Minior|Minior-Blue||[from] ability: Shields Down
|upkeep
|turn|10
|
|t:|1760727128
|move|p1a: Mimi|Shadow Sneak|p2a: Minior
|-damage|p2a: Minior|0 fnt
|faint|p2a: Minior
|
|upkeep
|
|t:|1760727143
|switch|p2a: Vaporeon|Vaporeon, M|100/100
|turn|11
|
|t:|1760727148
|move|p1a: Mimi|Play Rough|p2a: Vaporeon
|-damage|p2a: Vaporeon|57/100
|move|p2a: Vaporeon|Shadow Ball|p1a: Mimi
|-supereffective|p1a: Mimi
|-damage|p1a: Mimi|19/100
|
|-heal|p2a: Vaporeon|63/100|[from] item: Leftovers
|upkeep
|turn|12
|
|t:|1760727158
|move|p1a: Mimi|Play Rough|p2a: Vaporeon
|-damage|p2a: Vaporeon|18/100
|move|p2a: Vaporeon|Muddy Water|p1a: Mimi
|-damage|p1a: Mimi|0 fnt
|faint|p1a: Mimi
|
|-heal|p2a: Vaporeon|24/100|[from] item: Leftovers
|upkeep
|
|t:|1760727168
|switch|p1a: The honoured one|Gliscor, M, shiny|100/100
|-damage|p1a: The honoured one|88/100|[from] Stealth Rock
|turn|13
|
|t:|1760727176
|move|p1a: The honoured one|Earthquake|p2a: Vaporeon
|-damage|p2a: Vaporeon|0 fnt
|faint|p2a: Vaporeon
|
|-status|p1a: The honoured one|tox|[from] item: Toxic Orb
|upkeep
|
|t:|1760727192
|switch|p2a: Haxorus|Haxorus, M|100/100
|-ability|p2a: Haxorus|Mold Breaker
|turn|14
|
|t:|1760727214
|move|p1a: The honoured one|Earthquake|p2a: Haxorus
|-damage|p2a: Haxorus|60/100
|move|p2a: Haxorus|Dragon Tail|p1a: The honoured one
|-damage|p1a: The honoured one|61/100 tox
|drag|p1a: Sukuna|Kingambit, M|100/100
|-damage|p1a: Sukuna|94/100|[from] Stealth Rock
|-activate|p1a: Sukuna|ability: Supreme Overlord
|-start|p1a: Sukuna|fallen4|[silent]
|
|upkeep
|turn|15
|
|t:|1760727225
|-end|p1a: Sukuna|fallen4|[silent]
|switch|p1a: The honoured one|Gliscor, M, shiny|61/100 tox
|-damage|p1a: The honoured one|49/100 tox|[from] Stealth Rock
|move|p2a: Haxorus|Close Combat|p1a: The honoured one
|-resisted|p1a: The honoured one
|-damage|p1a: The honoured one|31/100 tox
|-unboost|p2a: Haxorus|def|1
|-unboost|p2a: Haxorus|spd|1
|
|-heal|p1a: The honoured one|44/100 tox|[from] ability: Poison Heal
|upkeep
|turn|16
|
|t:|1760727240
|move|p1a: The honoured one|Knock Off|p2a: Haxorus
|-damage|p2a: Haxorus|21/100
|-enditem|p2a: Haxorus|Focus Sash|[from] move: Knock Off|[of] p1a: The honoured one
|move|p2a: Haxorus|Dragon Tail|p1a: The honoured one
|-damage|p1a: The honoured one|19/100 tox
|drag|p1a: Sukuna|Kingambit, M|94/100
|-damage|p1a: Sukuna|88/100|[from] Stealth Rock
|-activate|p1a: Sukuna|ability: Supreme Overlord
|-start|p1a: Sukuna|fallen4|[silent]
|
|upkeep
|turn|17
|
|t:|1760727252
|-end|p1a: Sukuna|fallen4|[silent]
|switch|p1a: The honoured one|Gliscor, M, shiny|19/100 tox
|-damage|p1a: The honoured one|6/100 tox|[from] Stealth Rock
|move|p2a: Haxorus|Dragon Tail|p1a: The honoured one
|-damage|p1a: The honoured one|0 fnt
|faint|p1a: The honoured one
|
|upkeep
|
|t:|1760727261
|switch|p1a: Sukuna|Kingambit, M|88/100
|-damage|p1a: Sukuna|82/100|[from] Stealth Rock
|-activate|p1a: Sukuna|ability: Supreme Overlord
|-start|p1a: Sukuna|fallen5|[silent]
|turn|18
|
|t:|1760727268
|move|p1a: Sukuna|Sucker Punch|p2a: Haxorus
|-damage|p2a: Haxorus|0 fnt
|faint|p2a: Haxorus
|
|upkeep
|
|t:|1760727273
|switch|p2a: Snorlax|Snorlax, M|100/100
|turn|19
|
|t:|1760727276
|move|p1a: Sukuna|Kowtow Cleave|p2a: Snorlax
|-damage|p2a: Snorlax|49/100
|move|p2a: Snorlax|Defense Curl|p2a: Snorlax
|-boost|p2a: Snorlax|def|1
|
|-heal|p2a: Snorlax|55/100|[from] item: Leftovers
|upkeep
|turn|20
|
|t:|1760727285
|move|p1a: Sukuna|Kowtow Cleave|p2a: Snorlax
|-damage|p2a: Snorlax|15/100
|move|p2a: Snorlax|Body Press|p1a: Sukuna
|-supereffective|p1a: Sukuna
|-damage|p1a: Sukuna|0 fnt
|faint|p1a: Sukuna
|-end|p1a: Sukuna|fallen5|[silent]
|
|win|GussyHam
|raw|kenjakuken's rating: 1068 &rarr; <strong>1047</strong><br />(-21 for losing)
|raw|GussyHam's rating: 1053 &rarr; <strong>1086</strong><br />(+33 for winning)
|l|☆GussyHam
|player|p2|
|l|☆kenjakuken
|player|p1|
