|j|☆SuperBigStarmie
|j|☆Xv innnnn
|t:|1760852204
|gametype|singles
|player|p1|SuperBigStarmie|roxie|1081
|player|p2|Xv innnnn|rosa|1099
|gen|9
|tier|[Gen 9] OU
|rated|
|rule|HP Percentage Mod: HP is shown in percentages
|rule|Endless Battle Clause: Forcing endless battles is banned
|rule|Species Clause: Limit one of each Pokémon
|rule|OHKO Clause: OHKO moves are banned
|rule|Evasion Items Clause: Evasion items are banned
|rule|Evasion Moves Clause: Evasion moves are banned
|rule|Evasion Abilities Clause: Evasion abilities are banned
|rule|Sleep Moves Clause: Sleep-inducing moves are banned
|clearpoke
|poke|p1|Pelipper, F|
|poke|p1|Hatterene, F|
|poke|p1|Iron Treads|
|poke|p1|Toxicroak, F|
|poke|p1|Barraskewda, F|
|poke|p1|Zapdos|
|poke|p2|Pelipper, M|
|poke|p2|Barraskewda, F|
|poke|p2|Hatterene, F|
|poke|p2|Raging Bolt|
|poke|p2|Hoopa-Unbound|
|poke|p2|Landorus-Therian, M|
|teampreview
|
|t:|1760852224
|teamsize|p1|6
|teamsize|p2|6
|start
|switch|p1a: Toxicroak|Toxicroak, F|100/100
|switch|p2a: Hoopa|Hoopa-Unbound|100/100
|turn|1
|
|t:|1760852242
|switch|p2a: Landorus|Landorus-Therian, M|100/100
|-ability|p2a: Landorus|Intimidate|boost
|-unboost|p1a: Toxicroak|atk|1
|move|p1a: Toxicroak|Protect||[still]
|-fail|p1a: Toxicroak
|
|upkeep
|turn|2
|
|t:|1760852253
|switch|p1a: Pelipper|Pelipper, F|100/100
|-weather|RainDance|[from] ability: Drizzle|[of] p1a: Pelipper
|move|p2a: Landorus|Sandsear Storm|p1a: Pelipper
|-immune|p1a: Pelipper
|
|-weather|RainDance|[upkeep]
|upkeep
|turn|3
|
|t:|1760852270
|switch|p2a: Hatterene|Hatterene, F|100/100
|move|p1a: Pelipper|U-turn|p2a: Hatterene
|-damage|p2a: Hatterene|92/100
|-enditem|p2a: Hatterene|Eject Button
|
|t:|1760852282
|switch|p2a: Barraskewda|Barraskewda, F|100/100
|
|-weather|RainDance|[upkeep]
|upkeep
|turn|4
|
|t:|1760852314
|switch|p2a: Raging Bolt|Raging Bolt|100/100
|-enditem|p2a: Raging Bolt|Booster Energy
|-activate|p2a: Raging Bolt|ability: Protosynthesis|[fromitem]
|-start|p2a: Raging Bolt|protosynthesisspa
|move|p1a: Pelipper|Hurricane|p2a: Raging Bolt
|-resisted|p2a: Raging Bolt
|-damage|p2a: Raging Bolt|85/100
|
|-weather|RainDance|[upkeep]
|upkeep
|turn|5
|
|t:|1760852326
|switch|p1a: Iron Treads|Iron Treads|100/100
|move|p2a: Raging Bolt|Thunderclap||[still]
|-fail|p2a: Raging Bolt
|
|-weather|RainDance|[upkeep]
|upkeep
|turn|6
|
|t:|1760852339
|move|p1a: Iron Treads|Stealth Rock|p2a: Raging Bolt
|-sidestart|p2: Xv innnnn|move: Stealth Rock
|move|p2a: Raging Bolt|Weather Ball|p1a: Iron Treads
|-supereffective|p1a: Iron Treads
|-damage|p1a: Iron Treads|0 fnt
|faint|p1a: Iron Treads
|-end|p1a: Iron Treads|Quark Drive|[silent]
|
|-weather|RainDance|[upkeep]
|upkeep
|inactive|Battle timer is ON: inactive players will automatically lose when time's up. (requested by Xv innnnn)
|
|t:|1760852390
|switch|p1a: Toxicroak|Toxicroak, F|100/100
|turn|7
|
|t:|1760852400
|-end|p2a: Raging Bolt|Protosynthesis|[silent]
|switch|p2a: Landorus|Landorus-Therian, M|100/100
|-damage|p2a: Landorus|88/100|[from] Stealth Rock
|-ability|p2a: Landorus|Intimidate|boost
|-unboost|p1a: Toxicroak|atk|1
|move|p1a: Toxicroak|Toxic|p2a: Landorus
|-status|p2a: Landorus|tox
|
|-weather|RainDance|[upkeep]
|-damage|p2a: Landorus|82/100 tox|[from] psn
|upkeep
|turn|8
|
|t:|1760852416
|switch|p1a: Zapdos|Zapdos|100/100
|move|p2a: Landorus|Sandsear Storm|p1a: Zapdos
|-immune|p1a: Zapdos
|
|-weather|RainDance|[upkeep]
|-damage|p2a: Landorus|70/100 tox|[from] psn
|upkeep
|turn|9
|
|t:|1760852438
|switch|p2a: Hatterene|Hatterene, F|92/100
|-damage|p2a: Hatterene|80/100|[from] Stealth Rock
|move|p1a: Zapdos|Weather Ball|p2a: Hatterene
|-damage|p2a: Hatterene|1/100
|
|-weather|none
|upkeep
|turn|10
|inactive|Xv innnnn has 120 seconds left.
|
|t:|1760852454
|move|p1a: Zapdos|Weather Ball|p2a: Hatterene
|-damage|p2a: Hatterene|0 fnt
|faint|p2a: Hatterene
|
|upkeep
|inactive|Xv innnnn has 120 seconds left.
|
|t:|1760852463
|switch|p2a: Pelipper|Pelipper, M|100/100
|-damage|p2a: Pelipper|76/100|[from] Stealth Rock
|-weather|RainDance|[from] ability: Drizzle|[of] p2a: Pelipper
|turn|11
|inactive|Xv innnnn has 120 seconds left.
|inactive|SuperBigStarmie has 120 seconds left.
|
|t:|1760852493
|switch|p1a: Hatterene|Hatterene, F|100/100
|-terastallize|p2a: Pelipper|Ground
|move|p2a: Pelipper|U-turn|p1a: Hatterene
|-damage|p1a: Hatterene|93/100
|-enditem|p1a: Hatterene|Eject Button
|inactive|SuperBigStarmie has 120 seconds left.
|
|t:|1760852500
|switch|p1a: Zapdos|Zapdos|100/100
|
|-weather|RainDance|[upkeep]
|upkeep
|turn|12
|inactive|SuperBigStarmie has 120 seconds left.
|inactive|Xv innnnn has 120 seconds left.
|
|t:|1760852515
|switch|p2a: Barraskewda|Barraskewda, F|100/100
|-damage|p2a: Barraskewda|88/100|[from] Stealth Rock
|move|p1a: Zapdos|Weather Ball|p2a: Barraskewda
|-resisted|p2a: Barraskewda
|-damage|p2a: Barraskewda|0 fnt
|faint|p2a: Barraskewda
|
|-weather|RainDance|[upkeep]
|upkeep
|inactive|Xv innnnn has 120 seconds left.
|
|t:|1760852527
|switch|p2a: Hoopa|Hoopa-Unbound|100/100
|-damage|p2a: Hoopa|88/100|[from] Stealth Rock
|turn|13
|inactive|Xv innnnn has 120 seconds left.
|inactive|SuperBigStarmie has 120 seconds left.
|
|t:|1760852548
|switch|p1a: Toxicroak|Toxicroak, F|100/100
|move|p2a: Hoopa|Hyperspace Fury|p1a: Toxicroak
|-resisted|p1a: Toxicroak
|-damage|p1a: Toxicroak|58/100
|-unboost|p2a: Hoopa|def|1
|
|-weather|RainDance|[upkeep]
|-heal|p1a: Toxicroak|71/100|[from] ability: Dry Skin
|-heal|p1a: Toxicroak|77/100|[from] item: Leftovers
|upkeep
|turn|14
|inactive|SuperBigStarmie has 120 seconds left.
|inactive|Xv innnnn has 120 seconds left.
|
|t:|1760852567
|switch|p2a: Landorus|Landorus-Therian, M|70/100 tox
|-damage|p2a: Landorus|58/100 tox|[from] Stealth Rock
|-ability|p2a: Landorus|Intimidate|boost
|-unboost|p1a: Toxicroak|atk|1
|move|p1a: Toxicroak|Protect||[still]
|-fail|p1a: Toxicroak
|
|-weather|RainDance|[upkeep]
|-heal|p1a: Toxicroak|89/100|[from] ability: Dry Skin
|-heal|p1a: Toxicroak|96/100|[from] item: Leftovers
|-damage|p2a: Landorus|52/100 tox|[from] psn
|upkeep
|turn|15
|inactive|SuperBigStarmie has 120 seconds left.
|inactive|Xv innnnn has 120 seconds left.
|
|t:|1760852583
|move|p1a: Toxicroak|Protect|p1a: Toxicroak
|-singleturn|p1a: Toxicroak|Protect
|move|p2a: Landorus|Weather Ball|p1a: Toxicroak
|-activate|p1a: Toxicroak|move: Protect
|
|-weather|RainDance|[upkeep]
|-heal|p1a: Toxicroak|100/100|[from] ability: Dry Skin
|-damage|p2a: Landorus|40/100 tox|[from] psn
|upkeep
|turn|16
|inactive|SuperBigStarmie has 120 seconds left.
|
|t:|1760852617
|switch|p2a: Raging Bolt|Raging Bolt|85/100
|-damage|p2a: Raging Bolt|73/100|[from] Stealth Rock
|-terastallize|p1a: Toxicroak|Ghost
|move|p1a: Toxicroak|Drain Punch|p2a: Raging Bolt
|-damage|p2a: Raging Bolt|56/100
|
|-weather|RainDance|[upkeep]
|upkeep
|turn|17
|inactive|SuperBigStarmie has 90 seconds left.
|
|t:|1760852641
|move|p1a: Toxicroak|Gunk Shot|p2a: Raging Bolt|[miss]
|-miss|p1a: Toxicroak|p2a: Raging Bolt
|move|p2a: Raging Bolt|Thunder|p1a: Toxicroak
|-damage|p1a: Toxicroak|14/100
|
|-weather|RainDance|[upkeep]
|-heal|p1a: Toxicroak|27/100|[from] ability: Dry Skin
|-heal|p1a: Toxicroak|33/100|[from] item: Leftovers
|upkeep
|turn|18
|inactive|SuperBigStarmie has 90 seconds left.
|
|t:|1760852656
|move|p1a: Toxicroak|Protect|p1a: Toxicroak
|-singleturn|p1a: Toxicroak|Protect
|move|p2a: Raging Bolt|Weather Ball|p1a: Toxicroak
|-activate|p1a: Toxicroak|move: Protect
|
|-weather|none
|-heal|p1a: Toxicroak|39/100|[from] item: Leftovers
|upkeep
|turn|19
|inactive|SuperBigStarmie has 90 seconds left.
|
|t:|1760852669
|switch|p1a: Hatterene|Hatterene, F|93/100
|move|p2a: Raging Bolt|Thunderclap||[still]
|-fail|p2a: Raging Bolt
|
|upkeep
|turn|20
|inactive|SuperBigStarmie has 90 seconds left.
|
|t:|1760852687
|move|p2a: Raging Bolt|Thunder|p1a: Hatterene
|-damage|p1a: Hatterene|24/100
|move|p1a: Hatterene|Draining Kiss|p2a: Raging Bolt
|-supereffective|p2a: Raging Bolt
|-damage|p2a: Raging Bolt|16/100
|-heal|p1a: Hatterene|63/100|[from] drain|[of] p2a: Raging Bolt
|
|upkeep
|turn|21
|inactive|SuperBigStarmie has 90 seconds left.
|
|t:|1760852697
|move|p2a: Raging Bolt|Thunder|p1a: Hatterene
|-damage|p1a: Hatterene|0 fnt
|faint|p1a: Hatterene
|
|upkeep
|inactive|SuperBigStarmie has 90 seconds left.
|
|t:|1760852708
|switch|p1a: Zapdos|Zapdos|100/100
|turn|22
|inactive|SuperBigStarmie has 90 seconds left.
|
|t:|1760852732
|-end|p2a: Raging Bolt|Protosynthesis|[silent]
|switch|p2a: Hoopa|Hoopa-Unbound|88/100
|-damage|p2a: Hoopa|75/100|[from] Stealth Rock
|move|p1a: Zapdos|Weather Ball|p2a: Hoopa
|-damage|p2a: Hoopa|55/100
|
|upkeep
|turn|23
|inactive|Xv innnnn has 120 seconds left.
|
|t:|1760852749
|switch|p1a: Pelipper|Pelipper, F|100/100
|-weather|RainDance|[from] ability: Drizzle|[of] p1a: Pelipper
|move|p2a: Hoopa|Ice Punch|p1a: Pelipper
|-damage|p1a: Pelipper|47/100
|
|-weather|RainDance|[upkeep]
|upkeep
|turn|24
|
|t:|1760852760
|move|p2a: Hoopa|Ice Punch|p1a: Pelipper
|-damage|p1a: Pelipper|0 fnt
|faint|p1a: Pelipper
|
|-weather|RainDance|[upkeep]
|upkeep
|
|t:|1760852765
|switch|p1a: Barraskewda|Barraskewda, F|100/100
|turn|25
|
|t:|1760852773
|switch|p2a: Pelipper|Pelipper, M, tera:Ground|76/100
|-damage|p2a: Pelipper|70/100|[from] Stealth Rock
|move|p1a: Barraskewda|Liquidation|p2a: Pelipper
|-supereffective|p2a: Pelipper
|-damage|p2a: Pelipper|0 fnt
|faint|p2a: Pelipper
|
|-weather|RainDance|[upkeep]
|upkeep
|
|t:|1760852785
|switch|p2a: Raging Bolt|Raging Bolt|16/100
|-damage|p2a: Raging Bolt|3/100|[from] Stealth Rock
|turn|26
|
|t:|1760852790
|move|p2a: Raging Bolt|Thunderclap|p1a: Barraskewda
|-supereffective|p1a: Barraskewda
|-damage|p1a: Barraskewda|0 fnt
|faint|p1a: Barraskewda
|
|-weather|RainDance|[upkeep]
|upkeep
|
|t:|1760852796
|switch|p1a: Zapdos|Zapdos|100/100
|turn|27
|
|t:|1760852803
|move|p2a: Raging Bolt|Thunderclap|p1a: Zapdos
|-damage|p1a: Zapdos|49/100
|move|p1a: Zapdos|Weather Ball|p2a: Raging Bolt
|-resisted|p2a: Raging Bolt
|-damage|p2a: Raging Bolt|0 fnt
|faint|p2a: Raging Bolt
|-end|p2a: Raging Bolt|Protosynthesis|[silent]
|
|-weather|RainDance|[upkeep]
|upkeep
|
|t:|1760852814
|switch|p2a: Hoopa|Hoopa-Unbound|55/100
|-damage|p2a: Hoopa|42/100|[from] Stealth Rock
|turn|28
|
|t:|1760852820
|move|p1a: Zapdos|Weather Ball|p2a: Hoopa
|-damage|p2a: Hoopa|0 fnt
|faint|p2a: Hoopa
|
|-weather|RainDance|[upkeep]
|upkeep
|
|t:|1760852827
|switch|p2a: Landorus|Landorus-Therian, M|40/100 tox
|-damage|p2a: Landorus|28/100 tox|[from] Stealth Rock
|-ability|p2a: Landorus|Intimidate|boost
|-unboost|p1a: Zapdos|atk|1
|turn|29
|inactive|SuperBigStarmie has 120 seconds left.
|
|t:|1760852834
|move|p2a: Landorus|Weather Ball|p1a: Zapdos
|-damage|p1a: Zapdos|0 fnt
|faint|p1a: Zapdos
|
|-weather|RainDance|[upkeep]
|-damage|p2a: Landorus|22/100 tox|[from] psn
|upkeep
|inactive|SuperBigStarmie has 120 seconds left.
|
|t:|1760852840
|switch|p1a: Toxicroak|Toxicroak, F, tera:Ghost|39/100
|turn|30
|inactive|SuperBigStarmie has 120 seconds left.
|
|t:|1760852862
|move|p1a: Toxicroak|Protect|p1a: Toxicroak
|-singleturn|p1a: Toxicroak|Protect
|move|p2a: Landorus|Weather Ball|p1a: Toxicroak
|-activate|p1a: Toxicroak|move: Protect
|
|-weather|none
|-heal|p1a: Toxicroak|45/100|[from] item: Leftovers
|-damage|p2a: Landorus|10/100 tox|[from] psn
|upkeep
|turn|31
|
|t:|1760852885
|move|p2a: Landorus|Weather Ball|p1a: Toxicroak
|-immune|p1a: Toxicroak
|move|p1a: Toxicroak|Gunk Shot|p2a: Landorus|[miss]
|-miss|p1a: Toxicroak|p2a: Landorus
|
|-heal|p1a: Toxicroak|51/100|[from] item: Leftovers
|-damage|p2a: Landorus|0 fnt|[from] psn
|faint|p2a: Landorus
|
|win|SuperBigStarmie
|raw|SuperBigStarmie's rating: 1081 &rarr; <strong>1110</strong><br />(+29 for winning)
|raw|Xv innnnn's rating: 1099 &rarr; <strong>1073</strong><br />(-26 for losing)
|l|☆Xv innnnn
|player|p2|
