|j|☆KV959vv
|j|☆BomBomOU
|t:|1760764053
|gametype|singles
|player|p1|KV959vv|wallace|1553
|player|p2|BomBomOU|2|1497
|gen|9
|tier|[Gen 9] OU
|rated|
|rule|HP Percentage Mod: HP is shown in percentages
|rule|Endless Battle Clause: Forcing endless battles is banned
|rule|Species Clause: Limit one of each Pokémon
|rule|OHKO Clause: OHKO moves are banned
|rule|Evasion Items Clause: Evasion items are banned
|rule|Evasion Moves Clause: Evasion moves are banned
|rule|Evasion Abilities Clause: Evasion abilities are banned
|rule|Sleep Moves Clause: Sleep-inducing moves are banned
|clearpoke
|poke|p1|Serperior, F|
|poke|p1|Samurott-Hisui, M|
|poke|p1|Iron Treads|
|poke|p1|Gholdengo|
|poke|p1|Moltres|
|poke|p1|Salamence, M|
|poke|p2|Pawmot, M|
|poke|p2|Sinistcha|
|poke|p2|Iron Crown|
|poke|p2|Scream Tail|
|poke|p2|Zamazenta-*|
|poke|p2|Samurott-Hisui, F|
|teampreview
|inactive|Battle timer is ON: inactive players will automatically lose when time's up. (requested by KV959vv)
|
|t:|1760764060
|teamsize|p1|6
|teamsize|p2|6
|start
|switch|p1a: Samurott|Samurott-Hisui, M, shiny|100/100
|switch|p2a: Scream Tail|Scream Tail|100/100
|turn|1
|
|t:|1760764066
|move|p2a: Scream Tail|Dazzling Gleam|p1a: Samurott
|-supereffective|p1a: Samurott
|-damage|p1a: Samurott|51/100
|move|p1a: Samurott|Ceaseless Edge|p2a: Scream Tail
|-damage|p2a: Scream Tail|60/100
|-sidestart|p2: BomBomOU|Spikes
|
|upkeep
|turn|2
|
|t:|1760764071
|move|p2a: Scream Tail|Dazzling Gleam|p1a: Samurott
|-supereffective|p1a: Samurott
|-damage|p1a: Samurott|0 fnt
|faint|p1a: Samurott
|
|upkeep
|
|t:|1760764083
|switch|p1a: Iron Treads|Iron Treads|100/100
|-item|p1a: Iron Treads|Air Balloon
|turn|3
|
|t:|1760764088
|move|p2a: Scream Tail|Stealth Rock|p1a: Iron Treads
|-sidestart|p1: KV959vv|move: Stealth Rock
|move|p1a: Iron Treads|Stealth Rock|p2a: Scream Tail
|-sidestart|p2: BomBomOU|move: Stealth Rock
|
|upkeep
|turn|4
|
|t:|1760764101
|move|p2a: Scream Tail|Encore|p1a: Iron Treads
|-start|p1a: Iron Treads|Encore
|move|p1a: Iron Treads|Stealth Rock||[still]
|-fail|p1a: Iron Treads
|
|upkeep
|turn|5
|
|t:|1760764109
|-end|p2a: Scream Tail|Protosynthesis|[silent]
|switch|p2a: Samurott|Samurott-Hisui, F|100/100
|-end|p1a: Iron Treads|Quark Drive|[silent]
|switch|p1a: Gholdengo|Gholdengo, shiny|100/100
|-damage|p1a: Gholdengo|94/100|[from] Stealth Rock
|-item|p1a: Gholdengo|Air Balloon
|
|upkeep
|turn|6
|
|t:|1760764123
|move|p2a: Samurott|Knock Off|p1a: Gholdengo
|-supereffective|p1a: Gholdengo
|-damage|p1a: Gholdengo|29/100
|-enditem|p1a: Gholdengo|Air Balloon
|move|p1a: Gholdengo|Thunder Wave|p2a: Samurott
|-status|p2a: Samurott|par
|
|upkeep
|turn|7
|
|t:|1760764129
|move|p1a: Gholdengo|Recover|p1a: Gholdengo
|-heal|p1a: Gholdengo|79/100
|move|p2a: Samurott|Ceaseless Edge|p1a: Gholdengo
|-supereffective|p1a: Gholdengo
|-damage|p1a: Gholdengo|17/100
|-sidestart|p1: KV959vv|Spikes
|
|upkeep
|turn|8
|
|t:|1760764135
|cant|p2a: Samurott|par
|move|p1a: Gholdengo|Recover|p1a: Gholdengo
|-heal|p1a: Gholdengo|67/100
|
|upkeep
|turn|9
|
|t:|1760764142
|switch|p1a: Iron Treads|Iron Treads|100/100
|-damage|p1a: Iron Treads|97/100|[from] Stealth Rock
|-item|p1a: Iron Treads|Air Balloon
|move|p2a: Samurott|Ceaseless Edge|p1a: Iron Treads
|-damage|p1a: Iron Treads|58/100
|-enditem|p1a: Iron Treads|Air Balloon
|-sidestart|p1: KV959vv|Spikes
|
|upkeep
|turn|10
|
|t:|1760764146
|switch|p2a: Sinistcha|Sinistcha|100/100
|-damage|p2a: Sinistcha|88/100|[from] Spikes
|-damage|p2a: Sinistcha|76/100|[from] Stealth Rock
|move|p1a: Iron Treads|Ice Spinner|p2a: Sinistcha
|-supereffective|p2a: Sinistcha
|-damage|p2a: Sinistcha|43/100
|
|-heal|p2a: Sinistcha|49/100|[from] item: Leftovers
|upkeep
|turn|11
|
|t:|1760764158
|-end|p1a: Iron Treads|Quark Drive|[silent]
|switch|p1a: Moltres|Moltres, shiny|100/100
|move|p2a: Sinistcha|Strength Sap|p1a: Moltres
|-unboost|p1a: Moltres|atk|1
|-heal|p2a: Sinistcha|100/100
|
|upkeep
|turn|12
|
|t:|1760764165
|move|p1a: Moltres|Hurricane|p2a: Sinistcha
|-supereffective|p2a: Sinistcha
|-damage|p2a: Sinistcha|0 fnt
|faint|p2a: Sinistcha
|
|upkeep
|inactive|BomBomOU has 120 seconds left.
|inactive|BomBomOU has 90 seconds left.
|
|t:|1760764231
|switch|p2a: Pawmot|Pawmot, M|100/100
|-damage|p2a: Pawmot|88/100|[from] Spikes
|-damage|p2a: Pawmot|82/100|[from] Stealth Rock
|turn|13
|
|t:|1760764240
|move|p2a: Pawmot|Close Combat|p1a: Moltres
|-resisted|p1a: Moltres
|-damage|p1a: Moltres|74/100
|-unboost|p2a: Pawmot|def|1
|-unboost|p2a: Pawmot|spd|1
|-status|p2a: Pawmot|brn|[from] ability: Flame Body|[of] p1a: Moltres
|-damage|p2a: Pawmot|72/100 brn|[from] item: Life Orb
|move|p1a: Moltres|Will-O-Wisp|p2a: Pawmot|[miss]
|-miss|p1a: Moltres|p2a: Pawmot
|
|-damage|p2a: Pawmot|66/100 brn|[from] brn
|upkeep
|turn|14
|
|t:|1760764252
|move|p2a: Pawmot|Close Combat|p1a: Moltres
|-resisted|p1a: Moltres
|-damage|p1a: Moltres|59/100
|-unboost|p2a: Pawmot|def|1
|-unboost|p2a: Pawmot|spd|1
|-damage|p2a: Pawmot|56/100 brn|[from] item: Life Orb
|move|p1a: Moltres|Flamethrower|p2a: Pawmot
|-damage|p2a: Pawmot|0 fnt
|faint|p2a: Pawmot
|
|upkeep
|
|t:|1760764255
|switch|p2a: Iron Crown|Iron Crown|100/100
|-damage|p2a: Iron Crown|88/100|[from] Spikes
|-damage|p2a: Iron Crown|82/100|[from] Stealth Rock
|turn|15
|
|t:|1760764262
|switch|p1a: Iron Treads|Iron Treads|58/100
|-damage|p1a: Iron Treads|55/100|[from] Stealth Rock
|-damage|p1a: Iron Treads|39/100|[from] Spikes
|move|p2a: Iron Crown|Psychic Noise|p1a: Iron Treads
|-resisted|p1a: Iron Treads
|-damage|p1a: Iron Treads|14/100
|-start|p1a: Iron Treads|move: Heal Block
|
|upkeep
|turn|16
|inactive|BomBomOU has 120 seconds left.
|
|t:|1760764302
|-end|p2a: Iron Crown|Quark Drive|[silent]
|switch|p2a: Scream Tail|Scream Tail|60/100
|move|p1a: Iron Treads|Rapid Spin|p2a: Scream Tail
|-damage|p2a: Scream Tail|48/100
|-boost|p1a: Iron Treads|spe|1
|-sideend|p1: KV959vv|Spikes|[from] move: Rapid Spin|[of] p1a: Iron Treads
|-sideend|p1: KV959vv|Stealth Rock|[from] move: Rapid Spin|[of] p1a: Iron Treads
|
|-end|p1a: Iron Treads|move: Heal Block
|upkeep
|turn|17
|inactive|KV959vv has 120 seconds left.
|inactive|KV959vv has 90 seconds left.
|
|t:|1760764373
|move|p1a: Iron Treads|Earthquake|p2a: Scream Tail
|-damage|p2a: Scream Tail|10/100
|move|p2a: Scream Tail|Stealth Rock|p1a: Iron Treads
|-sidestart|p1: KV959vv|move: Stealth Rock
|
|upkeep
|turn|18
|
|t:|1760764380
|move|p1a: Iron Treads|Rapid Spin|p2a: Scream Tail
|-damage|p2a: Scream Tail|0 fnt
|-boost|p1a: Iron Treads|spe|1
|-sideend|p1: KV959vv|Stealth Rock|[from] move: Rapid Spin|[of] p1a: Iron Treads
|faint|p2a: Scream Tail
|-end|p2a: Scream Tail|Protosynthesis|[silent]
|
|upkeep
|
|t:|1760764384
|switch|p2a: Zamazenta|Zamazenta|100/100
|-damage|p2a: Zamazenta|88/100|[from] Spikes
|-damage|p2a: Zamazenta|82/100|[from] Stealth Rock
|-ability|p2a: Zamazenta|Dauntless Shield|boost
|-boost|p2a: Zamazenta|def|1
|turn|19
|
|t:|1760764393
|-end|p1a: Iron Treads|Quark Drive|[silent]
|switch|p1a: Moltres|Moltres, shiny|59/100
|move|p2a: Zamazenta|Substitute|p2a: Zamazenta
|-start|p2a: Zamazenta|Substitute
|-damage|p2a: Zamazenta|57/100
|
|-heal|p2a: Zamazenta|63/100|[from] item: Leftovers
|upkeep
|turn|20
|inactive|BomBomOU has 120 seconds left.
|
|t:|1760764406
|move|p2a: Zamazenta|Iron Defense|p2a: Zamazenta
|-boost|p2a: Zamazenta|def|2
|move|p1a: Moltres|Hurricane|p2a: Zamazenta|[miss]
|-miss|p1a: Moltres|p2a: Zamazenta
|
|-heal|p2a: Zamazenta|69/100|[from] item: Leftovers
|upkeep
|turn|21
|inactive|BomBomOU has 120 seconds left.
|
|t:|1760764421
|move|p2a: Zamazenta|Iron Defense|p2a: Zamazenta
|-boost|p2a: Zamazenta|def|2
|move|p1a: Moltres|Hurricane|p2a: Zamazenta|[miss]
|-miss|p1a: Moltres|p2a: Zamazenta
|
|-heal|p2a: Zamazenta|75/100|[from] item: Leftovers
|upkeep
|turn|22
|
|t:|1760764430
|-terastallize|p2a: Zamazenta|Fire
|move|p2a: Zamazenta|Body Press|p1a: Moltres
|-resisted|p1a: Moltres
|-damage|p1a: Moltres|19/100
|move|p1a: Moltres|Hurricane|p2a: Zamazenta
|-end|p2a: Zamazenta|Substitute
|
|-heal|p2a: Zamazenta|82/100|[from] item: Leftovers
|upkeep
|turn|23
|
|t:|1760764443
|move|p2a: Zamazenta|Body Press|p1a: Moltres
|-resisted|p1a: Moltres
|-damage|p1a: Moltres|0 fnt
|faint|p1a: Moltres
|
|-heal|p2a: Zamazenta|88/100|[from] item: Leftovers
|upkeep
|
|t:|1760764453
|switch|p1a: Serperior|Serperior, F, shiny|100/100
|turn|24
|
|t:|1760764463
|-terastallize|p1a: Serperior|Ghost
|move|p2a: Zamazenta|Body Press|p1a: Serperior
|-immune|p1a: Serperior
|move|p1a: Serperior|Glare|p2a: Zamazenta
|-status|p2a: Zamazenta|par
|
|-heal|p2a: Zamazenta|94/100 par|[from] item: Leftovers
|upkeep
|turn|25
|
|t:|1760764471
|move|p1a: Serperior|Substitute|p1a: Serperior
|-start|p1a: Serperior|Substitute
|-damage|p1a: Serperior|76/100
|move|p2a: Zamazenta|Crunch|p1a: Serperior
|-supereffective|p1a: Serperior
|-end|p1a: Serperior|Substitute
|
|-heal|p1a: Serperior|82/100|[from] item: Leftovers
|-heal|p2a: Zamazenta|99/100 par|[from] item: Leftovers
|upkeep
|turn|26
|
|t:|1760764475
|move|p1a: Serperior|Substitute|p1a: Serperior
|-start|p1a: Serperior|Substitute
|-damage|p1a: Serperior|57/100
|move|p2a: Zamazenta|Crunch|p1a: Serperior
|-supereffective|p1a: Serperior
|-end|p1a: Serperior|Substitute
|
|-heal|p1a: Serperior|63/100|[from] item: Leftovers
|-heal|p2a: Zamazenta|100/100 par|[from] item: Leftovers
|upkeep
|turn|27
|
|t:|1760764477
|move|p1a: Serperior|Substitute|p1a: Serperior
|-start|p1a: Serperior|Substitute
|-damage|p1a: Serperior|38/100
|move|p2a: Zamazenta|Crunch|p1a: Serperior
|-supereffective|p1a: Serperior
|-end|p1a: Serperior|Substitute
|
|-heal|p1a: Serperior|44/100|[from] item: Leftovers
|upkeep
|turn|28
|
|t:|1760764482
|move|p1a: Serperior|Substitute|p1a: Serperior
|-start|p1a: Serperior|Substitute
|-damage|p1a: Serperior|20/100
|cant|p2a: Zamazenta|par
|
|-heal|p1a: Serperior|26/100|[from] item: Leftovers
|upkeep
|turn|29
|
|t:|1760764509
|move|p1a: Serperior|Leech Seed|p2a: Zamazenta
|-start|p2a: Zamazenta|move: Leech Seed
|move|p2a: Zamazenta|Crunch|p1a: Serperior
|-supereffective|p1a: Serperior
|-end|p1a: Serperior|Substitute
|
|-heal|p1a: Serperior|32/100|[from] item: Leftovers
|-damage|p2a: Zamazenta|88/100 par|[from] Leech Seed|[of] p1a: Serperior
|-heal|p1a: Serperior|47/100|[silent]
|upkeep
|turn|30
|
|t:|1760764517
|switch|p2a: Iron Crown|Iron Crown|82/100
|-damage|p2a: Iron Crown|69/100|[from] Spikes
|-damage|p2a: Iron Crown|63/100|[from] Stealth Rock
|move|p1a: Serperior|Substitute|p1a: Serperior
|-start|p1a: Serperior|Substitute
|-damage|p1a: Serperior|22/100
|
|-heal|p1a: Serperior|28/100|[from] item: Leftovers
|upkeep
|turn|31
|
|t:|1760764538
|move|p1a: Serperior|Glare|p2a: Iron Crown
|-status|p2a: Iron Crown|par
|move|p2a: Iron Crown|Psychic Noise|p1a: Serperior
|-damage|p1a: Serperior|0 fnt
|faint|p1a: Serperior
|
|upkeep
|
|t:|1760764548
|switch|p1a: Salamence|Salamence, M|100/100
|turn|32
|inactive|KV959vv has 120 seconds left.
|
|t:|1760764579
|move|p1a: Salamence|Earthquake|p2a: Iron Crown
|-supereffective|p2a: Iron Crown
|-damage|p2a: Iron Crown|0 fnt
|faint|p2a: Iron Crown
|-end|p2a: Iron Crown|Quark Drive|[silent]
|-ability|p1a: Salamence|Moxie|boost
|-boost|p1a: Salamence|atk|1
|
|upkeep
|-message|BomBomOU forfeited.
|
|win|KV959vv
|raw|KV959vv's rating: 1553 &rarr; <strong>1570</strong><br />(+17 for winning)
|raw|BomBomOU's rating: 1497 &rarr; <strong>1480</strong><br />(-17 for losing)
|l|☆BomBomOU
|player|p2|
|l|☆KV959vv
|player|p1|
