|j|☆luca1996
|j|‽poloniumew
|t:|1760722131
|gametype|singles
|player|p1|luca1996|boarder|1302
|player|p2|poloniumew|serena-masters3|1332
|gen|9
|tier|[Gen 9] OU
|rated|
|rule|HP Percentage Mod: HP is shown in percentages
|rule|Endless Battle Clause: Forcing endless battles is banned
|rule|Species Clause: Limit one of each Pokémon
|rule|OHKO Clause: OHKO moves are banned
|rule|Evasion Items Clause: Evasion items are banned
|rule|Evasion Moves Clause: Evasion moves are banned
|rule|Evasion Abilities Clause: Evasion abilities are banned
|rule|Sleep Moves Clause: Sleep-inducing moves are banned
|clearpoke
|poke|p1|Regirock|
|poke|p1|Gurdurr, F|
|poke|p1|Revavroom, F|
|poke|p1|Araquanid, F|
|poke|p1|Moltres-Galar|
|poke|p1|Entei|
|poke|p2|Glimmora, M|
|poke|p2|Rillaboom, F|
|poke|p2|Hawlucha, M|
|poke|p2|Dragapult, M|
|poke|p2|Slowking-Galar, F|
|poke|p2|Great Tusk|
|teampreview
|inactive|Battle timer is ON: inactive players will automatically lose when time's up. (requested by poloniumew)
|inactive|poloniumew has 120 seconds left.
|
|t:|1760722168
|teamsize|p1|6
|teamsize|p2|6
|start
|switch|p1a: Araquanid|Araquanid, F|100/100
|switch|p2a: Glimmora|Glimmora, M|100/100
|turn|1
|
|t:|1760722183
|move|p2a: Glimmora|Stealth Rock|p1a: Araquanid
|-sidestart|p1: luca1996|move: Stealth Rock
|move|p1a: Araquanid|Liquidation|p2a: Glimmora
|-supereffective|p2a: Glimmora
|-enditem|p2a: Glimmora|Focus Sash
|-damage|p2a: Glimmora|1/100
|-activate|p2a: Glimmora|ability: Toxic Debris
|-sidestart|p1: luca1996|move: Toxic Spikes
|
|upkeep
|turn|2
|
|t:|1760722191
|move|p2a: Glimmora|Power Gem|p1a: Araquanid
|-supereffective|p1a: Araquanid
|-damage|p1a: Araquanid|31/100
|move|p1a: Araquanid|Liquidation|p2a: Glimmora
|-supereffective|p2a: Glimmora
|-damage|p2a: Glimmora|0 fnt
|-activate|p2a: Glimmora|ability: Toxic Debris
|-sidestart|p1: luca1996|move: Toxic Spikes
|faint|p2a: Glimmora
|
|upkeep
|
|t:|1760722201
|switch|p2a: Dragapult|Dragapult, M|100/100
|turn|3
|
|t:|1760722213
|move|p2a: Dragapult|Dragon Darts|p1a: Araquanid
|-crit|p1a: Araquanid
|-damage|p1a: Araquanid|0 fnt
|faint|p1a: Araquanid
|
|upkeep
|
|t:|1760722218
|switch|p1a: Regirock|Regirock|100/100
|-damage|p1a: Regirock|88/100|[from] Stealth Rock
|-status|p1a: Regirock|tox
|turn|4
|
|t:|1760722223
|move|p2a: Dragapult|Hex|p1a: Regirock
|-damage|p1a: Regirock|41/100 tox
|move|p1a: Regirock|Thunder Wave|p2a: Dragapult
|-status|p2a: Dragapult|par
|
|-heal|p1a: Regirock|47/100 tox|[from] item: Leftovers
|-damage|p1a: Regirock|41/100 tox|[from] psn
|upkeep
|turn|5
|
|t:|1760722228
|move|p2a: Dragapult|Hex|p1a: Regirock
|-damage|p1a: Regirock|0 fnt
|faint|p1a: Regirock
|
|upkeep
|
|t:|1760722231
|switch|p1a: Moltres|Moltres-Galar|100/100
|turn|6
|
|t:|1760722260
|switch|p2a: Rillaboom|Rillaboom, F|100/100
|-fieldstart|move: Grassy Terrain|[from] ability: Grassy Surge|[of] p2a: Rillaboom
|move|p1a: Moltres|Fiery Wrath|p2a: Rillaboom
|-damage|p2a: Rillaboom|38/100
|
|-heal|p2a: Rillaboom|44/100|[from] Grassy Terrain
|upkeep
|turn|7
|
|t:|1760722264
|move|p2a: Rillaboom|U-turn|p1a: Moltres
|-damage|p1a: Moltres|61/100
|
|t:|1760722266
|switch|p2a: Hawlucha|Hawlucha, M|100/100|[from] U-turn
|-enditem|p2a: Hawlucha|Grassy Seed
|-boost|p2a: Hawlucha|def|1|[from] item: Grassy Seed
|move|p1a: Moltres|Agility|p1a: Moltres
|-boost|p1a: Moltres|spe|2
|
|upkeep
|turn|8
|
|t:|1760722269
|move|p2a: Hawlucha|Encore|p1a: Moltres
|-start|p1a: Moltres|Encore
|move|p1a: Moltres|Agility|p1a: Moltres
|-boost|p1a: Moltres|spe|2
|
|upkeep
|turn|9
|
|t:|1760722273
|switch|p1a: Revavroom|Revavroom, F|100/100
|-damage|p1a: Revavroom|95/100|[from] Stealth Rock
|-sideend|p1: luca1996|move: Toxic Spikes|[of] p1a: Revavroom
|move|p2a: Hawlucha|Swords Dance|p2a: Hawlucha
|-boost|p2a: Hawlucha|atk|2
|
|-heal|p1a: Revavroom|100/100|[from] Grassy Terrain
|upkeep
|turn|10
|
|t:|1760722285
|move|p2a: Hawlucha|Swords Dance|p2a: Hawlucha
|-boost|p2a: Hawlucha|atk|2
|move|p1a: Revavroom|Gunk Shot|p2a: Hawlucha
|-damage|p2a: Hawlucha|23/100
|-status|p2a: Hawlucha|psn
|-damage|p1a: Revavroom|91/100|[from] item: Life Orb
|
|-heal|p1a: Revavroom|97/100|[from] Grassy Terrain
|-damage|p2a: Hawlucha|11/100 psn|[from] psn
|-fieldend|move: Grassy Terrain
|upkeep
|turn|11
|
|t:|1760722292
|move|p2a: Hawlucha|Close Combat|p1a: Revavroom
|-damage|p1a: Revavroom|0 fnt
|-unboost|p2a: Hawlucha|def|1
|-unboost|p2a: Hawlucha|spd|1
|faint|p1a: Revavroom
|
|-damage|p2a: Hawlucha|0 fnt|[from] psn
|faint|p2a: Hawlucha
|upkeep
|
|t:|1760722298
|switch|p2a: Great Tusk|Great Tusk|100/100
|switch|p1a: Moltres|Moltres-Galar|61/100
|turn|12
|
|t:|1760722312
|move|p2a: Great Tusk|Ice Spinner|p1a: Moltres
|-supereffective|p1a: Moltres
|-damage|p1a: Moltres|0 fnt
|faint|p1a: Moltres
|
|upkeep
|
|t:|1760722315
|switch|p1a: Gurdurr|Gurdurr, F|100/100
|-damage|p1a: Gurdurr|94/100|[from] Stealth Rock
|turn|13
|
|t:|1760722321
|move|p2a: Great Tusk|Knock Off|p1a: Gurdurr
|-resisted|p1a: Gurdurr
|-damage|p1a: Gurdurr|83/100
|-enditem|p1a: Gurdurr|Eviolite|[from] move: Knock Off|[of] p2a: Great Tusk
|move|p1a: Gurdurr|Bulk Up|p1a: Gurdurr
|-boost|p1a: Gurdurr|atk|1
|-boost|p1a: Gurdurr|def|1
|
|upkeep
|turn|14
|
|t:|1760722330
|-end|p2a: Great Tusk|Protosynthesis|[silent]
|switch|p2a: Slowking|Slowking-Galar, F|100/100
|move|p1a: Gurdurr|Bulk Up|p1a: Gurdurr
|-boost|p1a: Gurdurr|atk|1
|-boost|p1a: Gurdurr|def|1
|
|upkeep
|turn|15
|
|t:|1760722336
|move|p1a: Gurdurr|Knock Off|p2a: Slowking
|-supereffective|p2a: Slowking
|-damage|p2a: Slowking|0 fnt
|-enditem|p2a: Slowking|Heavy-Duty Boots|[from] move: Knock Off|[of] p1a: Gurdurr
|faint|p2a: Slowking
|
|upkeep
|
|t:|1760722338
|switch|p2a: Dragapult|Dragapult, M|100/100 par
|turn|16
|
|t:|1760722341
|move|p2a: Dragapult|Will-O-Wisp|p1a: Gurdurr
|-status|p1a: Gurdurr|brn
|move|p1a: Gurdurr|Knock Off|p2a: Dragapult
|-supereffective|p2a: Dragapult
|-damage|p2a: Dragapult|0 fnt
|-enditem|p2a: Dragapult|Heavy-Duty Boots|[from] move: Knock Off|[of] p1a: Gurdurr
|faint|p2a: Dragapult
|
|-damage|p1a: Gurdurr|76/100 brn|[from] brn
|upkeep
|
|t:|1760722349
|switch|p2a: Rillaboom|Rillaboom, F|44/100
|-fieldstart|move: Grassy Terrain|[from] ability: Grassy Surge|[of] p2a: Rillaboom
|turn|17
|
|t:|1760722352
|move|p2a: Rillaboom|Wood Hammer|p1a: Gurdurr
|-damage|p1a: Gurdurr|19/100 brn
|-damage|p2a: Rillaboom|23/100|[from] Recoil
|move|p1a: Gurdurr|Drain Punch|p2a: Rillaboom
|-damage|p2a: Rillaboom|0 fnt
|-heal|p1a: Gurdurr|29/100 brn|[from] drain|[of] p2a: Rillaboom
|faint|p2a: Rillaboom
|
|-heal|p1a: Gurdurr|35/100 brn|[from] Grassy Terrain
|-damage|p1a: Gurdurr|29/100 brn|[from] brn
|upkeep
|
|t:|1760722367
|switch|p2a: Great Tusk|Great Tusk|100/100
|turn|18
|
|t:|1760722379
|move|p2a: Great Tusk|Rapid Spin|p1a: Gurdurr
|-damage|p1a: Gurdurr|19/100 brn
|-boost|p2a: Great Tusk|spe|1
|move|p1a: Gurdurr|Drain Punch|p2a: Great Tusk
|-damage|p2a: Great Tusk|66/100
|-heal|p1a: Gurdurr|36/100 brn|[from] drain|[of] p2a: Great Tusk
|
|-heal|p2a: Great Tusk|72/100|[from] Grassy Terrain
|-heal|p1a: Gurdurr|42/100 brn|[from] Grassy Terrain
|-damage|p1a: Gurdurr|36/100 brn|[from] brn
|upkeep
|turn|19
|
|t:|1760722390
|move|p2a: Great Tusk|Headlong Rush|p1a: Gurdurr
|-damage|p1a: Gurdurr|2/100 brn
|-unboost|p2a: Great Tusk|def|1
|-unboost|p2a: Great Tusk|spd|1
|move|p1a: Gurdurr|Drain Punch|p2a: Great Tusk
|-damage|p2a: Great Tusk|25/100
|-heal|p1a: Gurdurr|25/100 brn|[from] drain|[of] p2a: Great Tusk
|
|-heal|p2a: Great Tusk|31/100|[from] Grassy Terrain
|-heal|p1a: Gurdurr|31/100 brn|[from] Grassy Terrain
|-damage|p1a: Gurdurr|25/100 brn|[from] brn
|upkeep
|turn|20
|
|t:|1760722397
|move|p1a: Gurdurr|Mach Punch|p2a: Great Tusk
|-damage|p2a: Great Tusk|8/100
|move|p2a: Great Tusk|Headlong Rush|p1a: Gurdurr
|-damage|p1a: Gurdurr|0 fnt
|-unboost|p2a: Great Tusk|def|1
|-unboost|p2a: Great Tusk|spd|1
|faint|p1a: Gurdurr
|
|-heal|p2a: Great Tusk|14/100|[from] Grassy Terrain
|upkeep
|c|☆luca1996|gg
|
|t:|1760722400
|switch|p1a: Entei|Entei|100/100
|-damage|p1a: Entei|76/100|[from] Stealth Rock
|turn|21
|
|t:|1760722402
|-terastallize|p1a: Entei|Normal
|move|p1a: Entei|Extreme Speed|p2a: Great Tusk
|-damage|p2a: Great Tusk|0 fnt
|faint|p2a: Great Tusk
|-end|p2a: Great Tusk|Protosynthesis|[silent]
|
|win|luca1996
|raw|luca1996's rating: 1302 &rarr; <strong>1324</strong><br />(+22 for winning)
|raw|poloniumew's rating: 1332 &rarr; <strong>1310</strong><br />(-22 for losing)
|l|‽poloniumew
|player|p2|
|l|☆luca1996
|player|p1|
