|j|☆eeabdall
|j|☆espermadomal
|t:|1760763363
|gametype|singles
|player|p1|eeabdall|170|1075
|player|p2|espermadomal|schoolkid-gen4|1114
|gen|9
|tier|[Gen 9] OU
|rated|
|rule|HP Percentage Mod: HP is shown in percentages
|rule|Endless Battle Clause: Forcing endless battles is banned
|rule|Species Clause: Limit one of each Pokémon
|rule|OHKO Clause: OHKO moves are banned
|rule|Evasion Items Clause: Evasion items are banned
|rule|Evasion Moves Clause: Evasion moves are banned
|rule|Evasion Abilities Clause: Evasion abilities are banned
|rule|Sleep Moves Clause: Sleep-inducing moves are banned
|clearpoke
|poke|p1|Delphox, M|
|poke|p1|Arbok, F|
|poke|p1|Glaceon, F|
|poke|p1|Gastrodon, M|
|poke|p1|Whimsicott, F|
|poke|p1|Tentacruel, F|
|poke|p2|Ditto|
|poke|p2|Deoxys-Speed|
|poke|p2|Ceruledge, M|
|poke|p2|Zapdos|
|poke|p2|Meowscarada, M|
|poke|p2|Primarina, F|
|teampreview
|inactive|Battle timer is ON: inactive players will automatically lose when time's up. (requested by espermadomal)
|
|t:|1760763366
|teamsize|p1|6
|teamsize|p2|6
|start
|switch|p1a: Glaceon|Glaceon, F|100/100
|switch|p2a: Ditto|Ditto|100/100
|-transform|p2a: Ditto|p1a: Glaceon|[from] ability: Imposter
|turn|1
|
|t:|1760763380
|move|p1a: Glaceon|Shadow Ball|p2a: Ditto
|-damage|p2a: Ditto|65/100
|move|p2a: Ditto|Water Pulse|p1a: Glaceon
|-damage|p1a: Glaceon|71/100
|
|-heal|p2a: Ditto|71/100|[from] item: Leftovers
|upkeep
|turn|2
|
|t:|1760763389
|move|p2a: Ditto|Alluring Voice|p1a: Glaceon
|-damage|p1a: Glaceon|35/100
|move|p1a: Glaceon|Shadow Ball|p2a: Ditto
|-damage|p2a: Ditto|36/100
|
|-heal|p2a: Ditto|42/100|[from] item: Leftovers
|upkeep
|turn|3
|
|t:|1760763398
|move|p1a: Glaceon|Alluring Voice|p2a: Ditto
|-damage|p2a: Ditto|10/100
|move|p2a: Ditto|Alluring Voice|p1a: Glaceon
|-damage|p1a: Glaceon|0 fnt
|faint|p1a: Glaceon
|
|-heal|p2a: Ditto|16/100|[from] item: Leftovers
|upkeep
|
|t:|1760763406
|switch|p1a: Delphox|Delphox, M|100/100
|turn|4
|
|t:|1760763417
|move|p1a: Delphox|Shadow Ball|p2a: Ditto
|-damage|p2a: Ditto|0 fnt
|faint|p2a: Ditto
|
|upkeep
|
|t:|1760763423
|switch|p2a: Primarina|Primarina, F, shiny|100/100
|turn|5
|
|t:|1760763428
|switch|p1a: Whimsicott|Whimsicott, F|100/100
|move|p2a: Primarina|Liquidation|p1a: Whimsicott
|-resisted|p1a: Whimsicott
|-damage|p1a: Whimsicott|84/100
|
|upkeep
|turn|6
|
|t:|1760763441
|switch|p2a: Ceruledge|Ceruledge, M, shiny|100/100
|-item|p2a: Ceruledge|Air Balloon
|move|p1a: Whimsicott|Taunt|p2a: Ceruledge
|-start|p2a: Ceruledge|move: Taunt
|
|upkeep
|turn|7
|
|t:|1760763450
|switch|p1a: Arbok|Arbok, F|100/100
|-ability|p1a: Arbok|Intimidate|boost
|-unboost|p2a: Ceruledge|atk|1
|move|p2a: Ceruledge|Bitter Blade|p1a: Arbok
|-damage|p1a: Arbok|63/100
|
|-heal|p1a: Arbok|69/100|[from] item: Leftovers
|upkeep
|turn|8
|
|t:|1760763462
|switch|p2a: Deoxys|Deoxys-Speed, shiny|100/100
|-ability|p2a: Deoxys|Pressure
|move|p1a: Arbok|Coil|p1a: Arbok
|-boost|p1a: Arbok|atk|1
|-boost|p1a: Arbok|def|1
|-boost|p1a: Arbok|accuracy|1
|
|-heal|p1a: Arbok|75/100|[from] item: Leftovers
|upkeep
|turn|9
|
|t:|1760763474
|move|p2a: Deoxys|Future Sight|p1a: Arbok
|-start|p2a: Deoxys|move: Future Sight
|move|p1a: Arbok|Gunk Shot|p2a: Deoxys
|-damage|p2a: Deoxys|5/100
|
|-heal|p1a: Arbok|81/100|[from] item: Leftovers
|upkeep
|turn|10
|
|t:|1760763481
|move|p2a: Deoxys|Leer|p1a: Arbok
|-unboost|p1a: Arbok|def|1
|move|p1a: Arbok|Leech Life|p2a: Deoxys
|-supereffective|p2a: Deoxys
|-damage|p2a: Deoxys|0 fnt
|-heal|p1a: Arbok|83/100|[from] drain|[of] p2a: Deoxys
|faint|p2a: Deoxys
|
|-heal|p1a: Arbok|89/100|[from] item: Leftovers
|upkeep
|
|t:|1760763495
|switch|p2a: Primarina|Primarina, F, shiny|100/100
|turn|11
|
|t:|1760763500
|switch|p1a: Delphox|Delphox, M|100/100
|-terastallize|p2a: Primarina|Poison
|move|p2a: Primarina|Psychic|p1a: Delphox
|-resisted|p1a: Delphox
|-damage|p1a: Delphox|83/100
|
|-end|p1a: Delphox|move: Future Sight
|-resisted|p1a: Delphox
|-damage|p1a: Delphox|59/100
|upkeep
|turn|12
|
|t:|1760763515
|-terastallize|p1a: Delphox|Fire
|move|p1a: Delphox|Psychic Noise|p2a: Primarina
|-supereffective|p2a: Primarina
|-damage|p2a: Primarina|16/100
|-start|p2a: Primarina|move: Heal Block
|move|p2a: Primarina|Alluring Voice|p1a: Delphox
|-resisted|p1a: Delphox
|-damage|p1a: Delphox|28/100
|
|upkeep
|turn|13
|
|t:|1760763526
|move|p1a: Delphox|Psychic Noise|p2a: Primarina
|-supereffective|p2a: Primarina
|-damage|p2a: Primarina|0 fnt
|faint|p2a: Primarina
|
|upkeep
|
|t:|1760763533
|switch|p2a: Zapdos|Zapdos, shiny|100/100
|-ability|p2a: Zapdos|Pressure
|turn|14
|
|t:|1760763537
|move|p1a: Delphox|Psychic Noise|p2a: Zapdos
|-damage|p2a: Zapdos|42/100
|-start|p2a: Zapdos|move: Heal Block
|move|p2a: Zapdos|Brave Bird|p1a: Delphox
|-crit|p1a: Delphox
|-damage|p1a: Delphox|0 fnt
|faint|p1a: Delphox
|-damage|p2a: Zapdos|34/100|[from] Recoil
|
|upkeep
|
|t:|1760763548
|switch|p1a: Gastrodon|Gastrodon, M|100/100
|turn|15
|
|t:|1760763553
|move|p2a: Zapdos|Brave Bird|p1a: Gastrodon
|-damage|p1a: Gastrodon|58/100
|-damage|p2a: Zapdos|16/100|[from] Recoil
|move|p1a: Gastrodon|Ice Beam|p2a: Zapdos
|-supereffective|p2a: Zapdos
|-damage|p2a: Zapdos|0 fnt
|faint|p2a: Zapdos
|
|-heal|p1a: Gastrodon|64/100|[from] item: Leftovers
|upkeep
|
|t:|1760763565
|switch|p2a: Meowscarada|Meowscarada, M, shiny|100/100
|turn|16
|
|t:|1760763571
|move|p2a: Meowscarada|Grassy Glide|p1a: Gastrodon
|-supereffective|p1a: Gastrodon
|-damage|p1a: Gastrodon|0 fnt
|faint|p1a: Gastrodon
|
|upkeep
|
|t:|1760763578
|switch|p1a: Arbok|Arbok, F|89/100
|-ability|p1a: Arbok|Intimidate|boost
|-unboost|p2a: Meowscarada|atk|1
|turn|17
|
|t:|1760763589
|move|p2a: Meowscarada|Triple Axel|p1a: Arbok
|-damage|p1a: Arbok|84/100
|-damage|p1a: Arbok|74/100
|-damage|p1a: Arbok|59/100
|-hitcount|p1a: Arbok|3
|move|p1a: Arbok|Gunk Shot|p2a: Meowscarada
|-supereffective|p2a: Meowscarada
|-crit|p2a: Meowscarada
|-damage|p2a: Meowscarada|0 fnt
|faint|p2a: Meowscarada
|
|-heal|p1a: Arbok|65/100|[from] item: Leftovers
|upkeep
|
|t:|1760763603
|switch|p2a: Ceruledge|Ceruledge, M, shiny|100/100
|-item|p2a: Ceruledge|Air Balloon
|turn|18
|
|t:|1760763608
|move|p2a: Ceruledge|Bulk Up|p2a: Ceruledge
|-boost|p2a: Ceruledge|atk|1
|-boost|p2a: Ceruledge|def|1
|move|p1a: Arbok|Gunk Shot|p2a: Ceruledge
|-resisted|p2a: Ceruledge
|-damage|p2a: Ceruledge|80/100
|-enditem|p2a: Ceruledge|Air Balloon
|
|-heal|p1a: Arbok|71/100|[from] item: Leftovers
|upkeep
|turn|19
|
|t:|1760763620
|move|p2a: Ceruledge|Bulk Up|p2a: Ceruledge
|-boost|p2a: Ceruledge|atk|1
|-boost|p2a: Ceruledge|def|1
|move|p1a: Arbok|Earthquake|p2a: Ceruledge
|-supereffective|p2a: Ceruledge
|-damage|p2a: Ceruledge|43/100
|
|-heal|p1a: Arbok|77/100|[from] item: Leftovers
|upkeep
|turn|20
|
|t:|1760763629
|move|p2a: Ceruledge|Bitter Blade|p1a: Arbok
|-damage|p1a: Arbok|0 fnt
|-heal|p2a: Ceruledge|78/100|[from] drain|[of] p1a: Arbok
|faint|p1a: Arbok
|
|upkeep
|
|t:|1760763638
|switch|p1a: Whimsicott|Whimsicott, F|84/100
|turn|21
|
|t:|1760763643
|move|p1a: Whimsicott|Leech Seed|p2a: Ceruledge
|-start|p2a: Ceruledge|move: Leech Seed
|move|p2a: Ceruledge|Bitter Blade|p1a: Whimsicott
|-supereffective|p1a: Whimsicott
|-damage|p1a: Whimsicott|0 fnt
|-heal|p2a: Ceruledge|100/100|[from] drain|[of] p1a: Whimsicott
|faint|p1a: Whimsicott
|
|upkeep
|
|t:|1760763651
|switch|p1a: Tentacruel|Tentacruel, F|100/100
|-item|p1a: Tentacruel|Air Balloon
|turn|22
|
|t:|1760763656
|move|p2a: Ceruledge|Bitter Blade|p1a: Tentacruel
|-resisted|p1a: Tentacruel
|-damage|p1a: Tentacruel|52/100
|-damage|p2a: Ceruledge|75/100|[from] ability: Liquid Ooze|[of] p1a: Tentacruel
|-enditem|p1a: Tentacruel|Air Balloon
|move|p1a: Tentacruel|Haze|p1a: Tentacruel
|-clearallboost
|
|-damage|p2a: Ceruledge|63/100|[from] Leech Seed|[of] p1a: Tentacruel
|-heal|p1a: Tentacruel|64/100|[silent]
|upkeep
|turn|23
|
|t:|1760763668
|move|p2a: Ceruledge|Bitter Blade|p1a: Tentacruel
|-resisted|p1a: Tentacruel
|-damage|p1a: Tentacruel|39/100
|-damage|p2a: Ceruledge|50/100|[from] ability: Liquid Ooze|[of] p1a: Tentacruel
|move|p1a: Tentacruel|Sludge Bomb|p2a: Ceruledge
|-resisted|p2a: Ceruledge
|-damage|p2a: Ceruledge|33/100
|
|-damage|p2a: Ceruledge|20/100|[from] Leech Seed|[of] p1a: Tentacruel
|-heal|p1a: Tentacruel|51/100|[silent]
|upkeep
|turn|24
|
|t:|1760763682
|move|p2a: Ceruledge|Shadow Ball|p1a: Tentacruel
|-damage|p1a: Tentacruel|33/100
|move|p1a: Tentacruel|Sludge Bomb|p2a: Ceruledge
|-resisted|p2a: Ceruledge
|-damage|p2a: Ceruledge|4/100
|
|-damage|p2a: Ceruledge|0 fnt|[from] Leech Seed|[of] p1a: Tentacruel
|-heal|p1a: Tentacruel|36/100|[silent]
|faint|p2a: Ceruledge
|
|win|eeabdall
|raw|eeabdall's rating: 1075 &rarr; <strong>1107</strong><br />(+32 for winning)
|raw|espermadomal's rating: 1114 &rarr; <strong>1086</strong><br />(-28 for losing)
|l|☆espermadomal
|player|p2|
|c|☆eeabdall|gg
|l|☆eeabdall
|player|p1|
