|j|☆the_real_janine_17
|j|‽Saturmy
|t:|1760835636
|gametype|singles
|player|p1|the_real_janine_17|janine|1335
|player|p2|Saturmy|iris|1281
|gen|9
|tier|[Gen 9] OU
|rated|
|rule|HP Percentage Mod: HP is shown in percentages
|rule|Endless Battle Clause: Forcing endless battles is banned
|rule|Species Clause: Limit one of each Pokémon
|rule|OHKO Clause: OHKO moves are banned
|rule|Evasion Items Clause: Evasion items are banned
|rule|Evasion Moves Clause: Evasion moves are banned
|rule|Evasion Abilities Clause: Evasion abilities are banned
|rule|Sleep Moves Clause: Sleep-inducing moves are banned
|clearpoke
|poke|p1|Gliscor, F|
|poke|p1|Ogerpon-Cornerstone, F|
|poke|p1|Ribombee, F|
|poke|p1|Gholdengo|
|poke|p1|Greninja-*, M|
|poke|p1|Great Tusk|
|poke|p2|Ogerpon-Wellspring, F|
|poke|p2|Darkrai|
|poke|p2|Weavile, F|
|poke|p2|Cinderace, M|
|poke|p2|Froslass, F|
|poke|p2|Donphan, M|
|teampreview
|inactive|Battle timer is ON: inactive players will automatically lose when time's up. (requested by Saturmy)
|
|t:|1760835655
|teamsize|p1|6
|teamsize|p2|6
|start
|switch|p1a: Greninja|Greninja, M|100/100
|switch|p2a: Ogerpon|Ogerpon-Wellspring, F|100/100
|turn|1
|
|t:|1760835666
|switch|p1a: Ribombee|Ribombee, F|100/100
|move|p2a: Ogerpon|Horn Leech|p1a: Ribombee
|-resisted|p1a: Ribombee
|-damage|p1a: Ribombee|57/100
|
|upkeep
|turn|2
|
|t:|1760835676
|move|p1a: Ribombee|Bug Buzz|p2a: Ogerpon
|-supereffective|p2a: Ogerpon
|-damage|p2a: Ogerpon|17/100
|move|p2a: Ogerpon|Encore|p1a: Ribombee
|-start|p1a: Ribombee|Encore
|
|upkeep
|turn|3
|
|t:|1760835682
|switch|p2a: Cinderace|Cinderace, M|100/100
|move|p1a: Ribombee|Bug Buzz|p2a: Cinderace
|-resisted|p2a: Cinderace
|-damage|p2a: Cinderace|74/100
|
|upkeep
|turn|4
|
|t:|1760835686
|switch|p1a: Great Tusk|Great Tusk|100/100
|move|p2a: Cinderace|Pyro Ball|p1a: Great Tusk
|-damage|p1a: Great Tusk|47/100
|-damage|p2a: Cinderace|64/100|[from] item: Life Orb
|
|upkeep
|turn|5
|
|t:|1760835692
|move|p2a: Cinderace|Pyro Ball|p1a: Great Tusk
|-damage|p1a: Great Tusk|0 fnt
|faint|p1a: Great Tusk
|-end|p1a: Great Tusk|Protosynthesis|[silent]
|-damage|p2a: Cinderace|54/100|[from] item: Life Orb
|
|upkeep
|
|t:|1760835694
|switch|p1a: Greninja|Greninja, M|100/100
|turn|6
|
|t:|1760835699
|move|p2a: Cinderace|Sucker Punch|p1a: Greninja
|-start|p2a: Cinderace|typechange|Dark|[from] ability: Libero
|-resisted|p1a: Greninja
|-damage|p1a: Greninja|67/100
|-damage|p2a: Cinderace|44/100|[from] item: Life Orb
|move|p1a: Greninja|Dark Pulse|p2a: Cinderace
|-resisted|p2a: Cinderace
|-damage|p2a: Cinderace|3/100
|
|upkeep
|turn|7
|
|t:|1760835707
|move|p2a: Cinderace|Sucker Punch|p1a: Greninja
|-resisted|p1a: Greninja
|-damage|p1a: Greninja|31/100
|-damage|p2a: Cinderace|0 fnt|[from] item: Life Orb
|faint|p2a: Cinderace
|move|p1a: Greninja|Dark Pulse|p2: Cinderace|[notarget]
|-fail|p1a: Greninja
|
|upkeep
|
|t:|1760835714
|switch|p2a: Darkrai|Darkrai|100/100
|turn|8
|inactive|the_real_janine_17 has 120 seconds left.
|
|t:|1760835745
|switch|p1a: Gholdengo|Gholdengo|100/100
|move|p2a: Darkrai|Charge Beam|p1a: Gholdengo
|-damage|p1a: Gholdengo|74/100
|-damage|p2a: Darkrai|91/100|[from] item: Life Orb
|
|upkeep
|turn|9
|
|t:|1760835748
|move|p2a: Darkrai|Dark Pulse|p1a: Gholdengo
|-supereffective|p1a: Gholdengo
|-damage|p1a: Gholdengo|0 fnt
|faint|p1a: Gholdengo
|-damage|p2a: Darkrai|81/100|[from] item: Life Orb
|
|upkeep
|
|t:|1760835753
|switch|p1a: Ribombee|Ribombee, F|57/100
|turn|10
|
|t:|1760835764
|move|p2a: Darkrai|Ice Beam|p1a: Ribombee
|-damage|p1a: Ribombee|0 fnt
|faint|p1a: Ribombee
|-damage|p2a: Darkrai|71/100|[from] item: Life Orb
|
|upkeep
|
|t:|1760835773
|switch|p1a: Ogerpon|Ogerpon-Cornerstone, F|100/100
|turn|11
|
|t:|1760835777
|switch|p2a: Ogerpon|Ogerpon-Wellspring, F|17/100
|move|p1a: Ogerpon|Trailblaze|p2a: Ogerpon
|-damage|p2a: Ogerpon|0 fnt
|-boost|p1a: Ogerpon|spe|1
|faint|p2a: Ogerpon
|
|upkeep
|
|t:|1760835781
|switch|p2a: Froslass|Froslass, F|100/100
|turn|12
|
|t:|1760835788
|move|p1a: Ogerpon|Ivy Cudgel|p2a: Froslass|[anim] Ivy Cudgel Rock
|-supereffective|p2a: Froslass
|-enditem|p2a: Froslass|Focus Sash
|-damage|p2a: Froslass|1/100
|-start|p1a: Ogerpon|Disable|Ivy Cudgel|[from] ability: Cursed Body|[of] p2a: Froslass
|move|p2a: Froslass|Destiny Bond|p2a: Froslass
|-singlemove|p2a: Froslass|Destiny Bond
|
|upkeep
|turn|13
|
|t:|1760835795
|move|p1a: Ogerpon|Swords Dance|p1a: Ogerpon
|-boost|p1a: Ogerpon|atk|2
|move|p2a: Froslass|Ice Beam|p1a: Ogerpon
|-supereffective|p1a: Ogerpon
|-damage|p1a: Ogerpon|31/100
|-status|p1a: Ogerpon|frz
|
|upkeep
|turn|14
|
|t:|1760835803
|cant|p1a: Ogerpon|frz
|move|p2a: Froslass|Ice Beam|p1a: Ogerpon
|-supereffective|p1a: Ogerpon
|-damage|p1a: Ogerpon|0 fnt
|faint|p1a: Ogerpon
|
|upkeep
|
|t:|1760835809
|switch|p1a: Greninja|Greninja, M|31/100
|turn|15
|
|t:|1760835811
|-terastallize|p1a: Greninja|Water
|move|p1a: Greninja|Water Shuriken|p2a: Froslass
|-damage|p2a: Froslass|0 fnt
|faint|p2a: Froslass
|-ability|p1a: Greninja|Battle Bond|boost
|-boost|p1a: Greninja|atk|1
|-boost|p1a: Greninja|spa|1
|-boost|p1a: Greninja|spe|1
|-activate|p1a: Greninja|ability: Battle Bond
|-hitcount|p2: Froslass|1
|
|upkeep
|
|t:|1760835814
|switch|p2a: Donphan|Donphan, M|100/100
|turn|16
|
|t:|1760835818
|move|p1a: Greninja|Water Shuriken|p2a: Donphan
|-supereffective|p2a: Donphan
|-damage|p2a: Donphan|48/100
|-supereffective|p2a: Donphan
|-damage|p2a: Donphan|0 fnt
|faint|p2a: Donphan
|-hitcount|p2: Donphan|2
|
|upkeep
|
|t:|1760835830
|switch|p2a: Weavile|Weavile, F|100/100
|-ability|p2a: Weavile|Pressure
|turn|17
|
|t:|1760835832
|-terastallize|p2a: Weavile|Ice
|move|p1a: Greninja|Water Shuriken|p2a: Weavile
|-damage|p2a: Weavile|74/100
|-damage|p2a: Weavile|45/100
|-hitcount|p2a: Weavile|2
|move|p2a: Weavile|Ice Shard|p1a: Greninja
|-resisted|p1a: Greninja
|-damage|p1a: Greninja|1/100
|
|upkeep
|turn|18
|
|t:|1760835842
|move|p1a: Greninja|Water Shuriken|p2a: Weavile
|-damage|p2a: Weavile|19/100
|-damage|p2a: Weavile|0 fnt
|faint|p2a: Weavile
|-hitcount|p2: Weavile|2
|
|upkeep
|
|t:|1760835843
|switch|p2a: Darkrai|Darkrai|71/100
|turn|19
|
|t:|1760835847
|move|p1a: Greninja|Water Shuriken|p2a: Darkrai
|-damage|p2a: Darkrai|42/100
|-damage|p2a: Darkrai|14/100
|-hitcount|p2a: Darkrai|2
|move|p2a: Darkrai|Dark Pulse|p1a: Greninja
|-damage|p1a: Greninja|0 fnt
|faint|p1a: Greninja
|-damage|p2a: Darkrai|4/100|[from] item: Life Orb
|
|upkeep
|
|t:|1760835853
|switch|p1a: Gliscor|Gliscor, F|100/100
|turn|20
|
|t:|1760835857
|move|p2a: Darkrai|Ice Beam|p1a: Gliscor
|-supereffective|p1a: Gliscor
|-damage|p1a: Gliscor|0 fnt
|faint|p1a: Gliscor
|-damage|p2a: Darkrai|0 fnt|[from] item: Life Orb
|faint|p2a: Darkrai
|
|win|Saturmy
|raw|the_real_janine_17's rating: 1335 &rarr; <strong>1312</strong><br />(-23 for losing)
|raw|Saturmy's rating: 1281 &rarr; <strong>1310</strong><br />(+29 for winning)
|c|☆the_real_janine_17|gg
|l|☆the_real_janine_17
|player|p1|
