|badge|p1|bronze|gen9ou|100-7
|uhtml|medal-msg|<div class="broadcast-blue">Curious what those medals under the avatar are? PS now has Ladder Seasons! For more information, check out the <a href="https://www.smogon.com/forums/threads/3740067/">thread on Smogon.</a></div>
|j|☆MooFarmer
|j|☆Obito 2001
|t:|1760770155
|gametype|singles
|player|p1|MooFarmer|1|1801
|player|p2|Obito 2001|blue-gen3two|1778
|gen|9
|tier|[Gen 9] OU
|rated|
|rule|HP Percentage Mod: HP is shown in percentages
|rule|Endless Battle Clause: Forcing endless battles is banned
|rule|Species Clause: Limit one of each Pokémon
|rule|OHKO Clause: OHKO moves are banned
|rule|Evasion Items Clause: Evasion items are banned
|rule|Evasion Moves Clause: Evasion moves are banned
|rule|Evasion Abilities Clause: Evasion abilities are banned
|rule|Sleep Moves Clause: Sleep-inducing moves are banned
|clearpoke
|poke|p1|Kyurem|
|poke|p1|Corviknight, F|
|poke|p1|Ting-Lu|
|poke|p1|Dondozo, M|
|poke|p1|Slowking-Galar, L99, F|
|poke|p1|Cinderace, M|
|poke|p2|Maushold-Four|
|poke|p2|Comfey, F|
|poke|p2|Grimmsnarl, M|
|poke|p2|Iron Crown|
|poke|p2|Ogerpon-Wellspring, F|
|poke|p2|Great Tusk|
|teampreview
|inactive|Battle timer is ON: inactive players will automatically lose when time's up. (requested by Obito 2001)
|inactive|MooFarmer has 120 seconds left.
|
|t:|1760770202
|teamsize|p1|6
|teamsize|p2|6
|start
|switch|p1a: Cinderace|Cinderace, M|100/100
|switch|p2a: Mega Donphan|Great Tusk|100/100
|turn|1
|inactive|MooFarmer also wants the timer to be on.
|inactive|MooFarmer has 120 seconds left.
|
|t:|1760770247
|move|p1a: Cinderace|Will-O-Wisp|p2a: Mega Donphan
|-status|p2a: Mega Donphan|brn
|move|p2a: Mega Donphan|Headlong Rush|p1a: Cinderace
|-supereffective|p1a: Cinderace
|-damage|p1a: Cinderace|18/100
|-unboost|p2a: Mega Donphan|def|1
|-unboost|p2a: Mega Donphan|spd|1
|
|-damage|p2a: Mega Donphan|94/100 brn|[from] brn
|upkeep
|turn|2
|inactive|MooFarmer has 90 seconds left.
|
|t:|1760770292
|move|p1a: Cinderace|U-turn|p2a: Mega Donphan
|-resisted|p2a: Mega Donphan
|-damage|p2a: Mega Donphan|84/100 brn
|inactive|MooFarmer has 60 seconds left.
|j| yarcii
|
|t:|1760770337
|switch|p1a: Dondozo|Dondozo, M|100/100|[from] U-turn
|move|p2a: Mega Donphan|Headlong Rush|p1a: Dondozo
|-damage|p1a: Dondozo|87/100
|-unboost|p2a: Mega Donphan|def|1
|-unboost|p2a: Mega Donphan|spd|1
|
|-heal|p1a: Dondozo|94/100|[from] item: Leftovers
|-damage|p2a: Mega Donphan|77/100 brn|[from] brn
|upkeep
|turn|3
|
|t:|1760770345
|-end|p2a: Mega Donphan|Protosynthesis|[silent]
|switch|p2a: Zanpakuto🗡️|Iron Crown|100/100
|move|p1a: Dondozo|Curse|p1a: Dondozo
|-unboost|p1a: Dondozo|spe|1
|-boost|p1a: Dondozo|atk|1
|-boost|p1a: Dondozo|def|1
|
|-heal|p1a: Dondozo|99/100|[from] item: Leftovers
|upkeep
|turn|4
|
|t:|1760770354
|switch|p1a: Ting-Lu|Ting-Lu|100/100
|-ability|p1a: Ting-Lu|Vessel of Ruin
|move|p2a: Zanpakuto🗡️|Volt Switch|p1a: Ting-Lu
|-immune|p1a: Ting-Lu
|
|upkeep
|turn|5
|
|t:|1760770362
|-end|p2a: Zanpakuto🗡️|Quark Drive|[silent]
|switch|p2a: Mega Donphan|Great Tusk|77/100 brn
|move|p1a: Ting-Lu|Earthquake|p2a: Mega Donphan
|-damage|p2a: Mega Donphan|51/100 brn
|
|-damage|p2a: Mega Donphan|44/100 brn|[from] brn
|upkeep
|turn|6
|
|t:|1760770371
|switch|p1a: Corviknight|Corviknight, F|100/100
|-ability|p1a: Corviknight|Pressure
|move|p2a: Mega Donphan|Stealth Rock|p1a: Corviknight
|-sidestart|p1: MooFarmer|move: Stealth Rock
|
|-damage|p2a: Mega Donphan|38/100 brn|[from] brn
|upkeep
|turn|7
|inactive|MooFarmer has 60 seconds left.
|
|t:|1760770379
|-end|p2a: Mega Donphan|Protosynthesis|[silent]
|switch|p2a: Zanpakuto🗡️|Iron Crown|100/100
|move|p1a: Corviknight|Defog|p2a: Zanpakuto🗡️
|-unboost|p2a: Zanpakuto🗡️|evasion|1
|-sideend|p1: MooFarmer|Stealth Rock|[from] move: Defog|[of] p1a: Corviknight
|
|upkeep
|turn|8
|
|t:|1760770387
|switch|p1a: Ting-Lu|Ting-Lu|100/100
|-ability|p1a: Ting-Lu|Vessel of Ruin
|move|p2a: Zanpakuto🗡️|Focus Blast|p1a: Ting-Lu
|-supereffective|p1a: Ting-Lu
|-damage|p1a: Ting-Lu|49/100
|
|-heal|p1a: Ting-Lu|55/100|[from] item: Leftovers
|upkeep
|turn|9
|
|t:|1760770396
|-end|p2a: Zanpakuto🗡️|Quark Drive|[silent]
|switch|p2a: 🎭|Ogerpon-Wellspring, F|100/100
|move|p1a: Ting-Lu|Earthquake|p2a: 🎭
|-resisted|p2a: 🎭
|-damage|p2a: 🎭|77/100
|
|-heal|p1a: Ting-Lu|61/100|[from] item: Leftovers
|upkeep
|turn|10
|
|t:|1760770405
|switch|p1a: Kyurem|Kyurem|100/100
|-ability|p1a: Kyurem|Pressure
|move|p2a: 🎭|Swords Dance|p2a: 🎭
|-boost|p2a: 🎭|atk|2
|
|upkeep
|turn|11
|
|t:|1760770413
|move|p2a: 🎭|Play Rough|p1a: Kyurem
|-supereffective|p1a: Kyurem
|-damage|p1a: Kyurem|0 fnt
|faint|p1a: Kyurem
|
|upkeep
|
|t:|1760770421
|switch|p1a: Cinderace|Cinderace, M|18/100
|turn|12
|
|t:|1760770430
|switch|p2a: Mega Donphan|Great Tusk|38/100 brn
|move|p1a: Cinderace|Pyro Ball|p2a: Mega Donphan
|-damage|p2a: Mega Donphan|0 fnt
|faint|p2a: Mega Donphan
|-end|p2a: Mega Donphan|Protosynthesis|[silent]
|
|upkeep
|
|t:|1760770439
|switch|p2a: Screen Goblin|Grimmsnarl, M|100/100
|turn|13
|inactive|MooFarmer has 90 seconds left.
|inactive|MooFarmer has 60 seconds left.
|
|t:|1760770484
|move|p1a: Cinderace|Pyro Ball|p2a: Screen Goblin
|-damage|p2a: Screen Goblin|38/100
|move|p2a: Screen Goblin|Spirit Break|p1a: Cinderace
|-resisted|p1a: Cinderace
|-damage|p1a: Cinderace|0 fnt
|faint|p1a: Cinderace
|
|upkeep
|inactive|MooFarmer has 60 seconds left.
|inactive|MooFarmer has 30 seconds left.
|inactive|MooFarmer has 20 seconds left.
|
|t:|1760770530
|switch|p1a: Slowking|Slowking-Galar, L99, F|100/100
|turn|14
|inactive|MooFarmer has 30 seconds left this turn.
|
|t:|1760770538
|move|p2a: Screen Goblin|Parting Shot|p1a: Slowking
|-unboost|p1a: Slowking|atk|1
|-unboost|p1a: Slowking|spa|1
|
|t:|1760770542
|switch|p2a: Zanpakuto🗡️|Iron Crown|100/100|[from] Parting Shot
|move|p1a: Slowking|Sludge Bomb|p2a: Zanpakuto🗡️
|-immune|p2a: Zanpakuto🗡️
|
|upkeep
|turn|15
|
|t:|1760770554
|move|p2a: Zanpakuto🗡️|Psyshock|p1a: Slowking
|-damage|p1a: Slowking|33/100
|-prepare|p1a: Slowking|Chilly Reception|[premajor]
|move|p1a: Slowking|Chilly Reception|p1a: Slowking
|-weather|Snowscape
|
|t:|1760770563
|switch|p1a: Ting-Lu|Ting-Lu|61/100|[from] Chilly Reception
|-ability|p1a: Ting-Lu|Vessel of Ruin
|
|-weather|Snowscape|[upkeep]
|-heal|p1a: Ting-Lu|67/100|[from] item: Leftovers
|upkeep
|turn|16
|
|t:|1760770571
|-end|p2a: Zanpakuto🗡️|Quark Drive|[silent]
|switch|p2a: 🎭|Ogerpon-Wellspring, F|77/100
|move|p1a: Ting-Lu|Earthquake|p2a: 🎭
|-resisted|p2a: 🎭
|-damage|p2a: 🎭|50/100
|
|-weather|Snowscape|[upkeep]
|-heal|p1a: Ting-Lu|74/100|[from] item: Leftovers
|upkeep
|turn|17
|
|t:|1760770580
|switch|p1a: Corviknight|Corviknight, F|100/100
|-ability|p1a: Corviknight|Pressure
|move|p2a: 🎭|Swords Dance|p2a: 🎭
|-boost|p2a: 🎭|atk|2
|
|-weather|Snowscape|[upkeep]
|upkeep
|turn|18
|
|t:|1760770588
|switch|p1a: Dondozo|Dondozo, M|99/100
|move|p2a: 🎭|Ivy Cudgel|p1a: Dondozo|[anim] Ivy Cudgel Water
|-resisted|p1a: Dondozo
|-damage|p1a: Dondozo|85/100
|
|-weather|Snowscape|[upkeep]
|-heal|p1a: Dondozo|92/100|[from] item: Leftovers
|upkeep
|turn|19
|
|t:|1760770596
|switch|p2a: Zanpakuto🗡️|Iron Crown|100/100
|-terastallize|p1a: Dondozo|Dark
|move|p1a: Dondozo|Body Press|p2a: Zanpakuto🗡️
|-damage|p2a: Zanpakuto🗡️|72/100
|
|-weather|none
|-heal|p1a: Dondozo|98/100|[from] item: Leftovers
|upkeep
|turn|20
|inactive|MooFarmer has 60 seconds left.
|
|t:|1760770605
|switch|p1a: Slowking|Slowking-Galar, L99, F|66/100
|move|p2a: Zanpakuto🗡️|Volt Switch|p1a: Slowking
|-damage|p1a: Slowking|45/100
|
|t:|1760770609
|-end|p2a: Zanpakuto🗡️|Quark Drive|[silent]
|switch|p2a: 🎭|Ogerpon-Wellspring, F|50/100|[from] Volt Switch
|
|upkeep
|turn|21
|
|t:|1760770617
|switch|p1a: Dondozo|Dondozo, M, tera:Dark|98/100
|move|p2a: 🎭|Ivy Cudgel|p1a: Dondozo|[anim] Ivy Cudgel Water
|-damage|p1a: Dondozo|68/100
|
|-heal|p1a: Dondozo|75/100|[from] item: Leftovers
|upkeep
|turn|22
|
|t:|1760770631
|switch|p2a: Huh-Yunjin💋|Comfey, F|100/100
|move|p1a: Dondozo|Body Press|p2a: Huh-Yunjin💋
|-resisted|p2a: Huh-Yunjin💋
|-damage|p2a: Huh-Yunjin💋|84/100
|
|-heal|p1a: Dondozo|81/100|[from] item: Leftovers
|upkeep
|turn|23
|
|t:|1760770641
|switch|p2a: 🎭|Ogerpon-Wellspring, F|50/100
|switch|p1a: Slowking|Slowking-Galar, L99, F|79/100
|
|upkeep
|turn|24
|l| yarcii
|
|t:|1760770650
|switch|p1a: Dondozo|Dondozo, M, tera:Dark|81/100
|move|p2a: 🎭|Ivy Cudgel|p1a: Dondozo|[anim] Ivy Cudgel Water
|-damage|p1a: Dondozo|53/100
|
|-heal|p1a: Dondozo|59/100|[from] item: Leftovers
|upkeep
|turn|25
|
|t:|1760770660
|move|p2a: 🎭|Ivy Cudgel|p1a: Dondozo|[anim] Ivy Cudgel Water
|-damage|p1a: Dondozo|31/100
|move|p1a: Dondozo|Body Press|p2a: 🎭
|-damage|p2a: 🎭|10/100
|
|-heal|p1a: Dondozo|37/100|[from] item: Leftovers
|upkeep
|turn|26
|inactive|MooFarmer has 90 seconds left.
|
|t:|1760770668
|move|p2a: 🎭|Play Rough|p1a: Dondozo
|-supereffective|p1a: Dondozo
|-damage|p1a: Dondozo|3/100
|move|p1a: Dondozo|Body Press|p2a: 🎭
|-damage|p2a: 🎭|0 fnt
|faint|p2a: 🎭
|
|-heal|p1a: Dondozo|9/100|[from] item: Leftovers
|upkeep
|
|t:|1760770676
|switch|p2a: Zanpakuto🗡️|Iron Crown|72/100
|turn|27
|
|t:|1760770684
|switch|p1a: Ting-Lu|Ting-Lu|74/100
|-ability|p1a: Ting-Lu|Vessel of Ruin
|move|p2a: Zanpakuto🗡️|Tachyon Cutter|p1a: Ting-Lu
|-damage|p1a: Ting-Lu|58/100
|-damage|p1a: Ting-Lu|43/100
|-hitcount|p1a: Ting-Lu|2
|
|-heal|p1a: Ting-Lu|49/100|[from] item: Leftovers
|upkeep
|turn|28
|
|t:|1760770704
|-end|p2a: Zanpakuto🗡️|Quark Drive|[silent]
|switch|p2a: Gang bang|Maushold-Four|100/100
|move|p1a: Ting-Lu|Earthquake|p2a: Gang bang
|-damage|p2a: Gang bang|45/100
|
|-heal|p1a: Ting-Lu|55/100|[from] item: Leftovers
|upkeep
|turn|29
|inactive|MooFarmer has 90 seconds left.
|
|t:|1760770750
|move|p2a: Gang bang|Population Bomb|p1a: Ting-Lu
|-damage|p1a: Ting-Lu|49/100
|-damage|p1a: Ting-Lu|43/100
|-damage|p1a: Ting-Lu|37/100
|-damage|p1a: Ting-Lu|31/100
|-damage|p1a: Ting-Lu|25/100
|-damage|p1a: Ting-Lu|19/100
|-damage|p1a: Ting-Lu|13/100
|-damage|p1a: Ting-Lu|7/100
|-damage|p1a: Ting-Lu|1/100
|-damage|p1a: Ting-Lu|0 fnt
|faint|p1a: Ting-Lu
|-hitcount|p1: Ting-Lu|10
|
|upkeep
|inactive|MooFarmer has 60 seconds left.
|
|t:|1760770794
|switch|p1a: Corviknight|Corviknight, F|100/100
|-ability|p1a: Corviknight|Pressure
|turn|30
|
|t:|1760770802
|move|p2a: Gang bang|Bite|p1a: Corviknight
|-damage|p1a: Corviknight|86/100
|-damage|p2a: Gang bang|29/100|[from] item: Rocky Helmet|[of] p1a: Corviknight
|move|p1a: Corviknight|Brave Bird|p2a: Gang bang
|-damage|p2a: Gang bang|0 fnt
|faint|p2a: Gang bang
|-damage|p1a: Corviknight|80/100|[from] Recoil
|
|upkeep
|
|t:|1760770806
|switch|p2a: Zanpakuto🗡️|Iron Crown|72/100
|turn|31
|j| ilytrix
|
|t:|1760770814
|move|p2a: Zanpakuto🗡️|Volt Switch|p1a: Corviknight
|-supereffective|p1a: Corviknight
|-damage|p1a: Corviknight|15/100
|
|t:|1760770818
|-end|p2a: Zanpakuto🗡️|Quark Drive|[silent]
|switch|p2a: Screen Goblin|Grimmsnarl, M|38/100|[from] Volt Switch
|move|p1a: Corviknight|Roost|p1a: Corviknight
|-heal|p1a: Corviknight|65/100
|-singleturn|p1a: Corviknight|move: Roost
|
|upkeep
|turn|32
|inactive|MooFarmer has 60 seconds left.
|
|t:|1760770826
|move|p2a: Screen Goblin|Parting Shot|p1a: Corviknight
|-unboost|p1a: Corviknight|atk|1
|-unboost|p1a: Corviknight|spa|1
|
|t:|1760770828
|switch|p2a: Zanpakuto🗡️|Iron Crown|72/100|[from] Parting Shot
|move|p1a: Corviknight|Roost|p1a: Corviknight
|-heal|p1a: Corviknight|100/100
|-singleturn|p1a: Corviknight|move: Roost
|
|upkeep
|turn|33
|
|t:|1760770836
|move|p2a: Zanpakuto🗡️|Volt Switch|p1a: Corviknight
|-supereffective|p1a: Corviknight
|-damage|p1a: Corviknight|37/100
|
|t:|1760770840
|-end|p2a: Zanpakuto🗡️|Quark Drive|[silent]
|switch|p2a: Screen Goblin|Grimmsnarl, M|38/100|[from] Volt Switch
|move|p1a: Corviknight|Roost|p1a: Corviknight
|-heal|p1a: Corviknight|87/100
|-singleturn|p1a: Corviknight|move: Roost
|
|upkeep
|turn|34
|
|t:|1760770848
|move|p2a: Screen Goblin|Parting Shot|p1a: Corviknight
|-unboost|p1a: Corviknight|atk|1
|-unboost|p1a: Corviknight|spa|1
|
|t:|1760770851
|switch|p2a: Zanpakuto🗡️|Iron Crown|72/100|[from] Parting Shot
|move|p1a: Corviknight|Brave Bird|p2a: Zanpakuto🗡️
|-resisted|p2a: Zanpakuto🗡️
|-damage|p2a: Zanpakuto🗡️|63/100
|-damage|p1a: Corviknight|85/100|[from] Recoil
|
|upkeep
|turn|35
|inactive|MooFarmer has 90 seconds left.
|
|t:|1760770859
|move|p2a: Zanpakuto🗡️|Volt Switch|p1a: Corviknight
|-supereffective|p1a: Corviknight
|-damage|p1a: Corviknight|17/100
|
|t:|1760770864
|-end|p2a: Zanpakuto🗡️|Quark Drive|[silent]
|switch|p2a: Screen Goblin|Grimmsnarl, M|38/100|[from] Volt Switch
|move|p1a: Corviknight|Roost|p1a: Corviknight
|-heal|p1a: Corviknight|67/100
|-singleturn|p1a: Corviknight|move: Roost
|
|upkeep
|turn|36
|inactive|MooFarmer has 90 seconds left.
|
|t:|1760770908
|move|p2a: Screen Goblin|Parting Shot|p1a: Corviknight
|-unboost|p1a: Corviknight|atk|1
|-unboost|p1a: Corviknight|spa|1
|
|t:|1760770912
|switch|p2a: Zanpakuto🗡️|Iron Crown|63/100|[from] Parting Shot
|move|p1a: Corviknight|Roost|p1a: Corviknight
|-heal|p1a: Corviknight|100/100
|-singleturn|p1a: Corviknight|move: Roost
|
|upkeep
|turn|37
|
|t:|1760770920
|move|p2a: Zanpakuto🗡️|Volt Switch|p1a: Corviknight
|-supereffective|p1a: Corviknight
|-damage|p1a: Corviknight|36/100
|
|t:|1760770923
|-end|p2a: Zanpakuto🗡️|Quark Drive|[silent]
|switch|p2a: Screen Goblin|Grimmsnarl, M|38/100|[from] Volt Switch
|move|p1a: Corviknight|Roost|p1a: Corviknight
|-heal|p1a: Corviknight|86/100
|-singleturn|p1a: Corviknight|move: Roost
|
|upkeep
|turn|38
|
|t:|1760770931
|move|p2a: Screen Goblin|Parting Shot|p1a: Corviknight
|-unboost|p1a: Corviknight|atk|1
|-unboost|p1a: Corviknight|spa|1
|
|t:|1760770934
|switch|p2a: Zanpakuto🗡️|Iron Crown|63/100|[from] Parting Shot
|move|p1a: Corviknight|U-turn|p2a: Zanpakuto🗡️
|-damage|p2a: Zanpakuto🗡️|58/100
|inactive|MooFarmer has 90 seconds left.
|
|t:|1760770942
|switch|p1a: Slowking|Slowking-Galar, L99, F|100/100|[from] U-turn
|
|upkeep
|turn|39
|
|t:|1760770950
|move|p2a: Zanpakuto🗡️|Tachyon Cutter|p1a: Slowking
|-damage|p1a: Slowking|79/100
|-damage|p1a: Slowking|58/100
|-hitcount|p1a: Slowking|2
|-prepare|p1a: Slowking|Chilly Reception|[premajor]
|move|p1a: Slowking|Chilly Reception|p1a: Slowking
|-weather|Snowscape
|
|t:|1760770959
|switch|p1a: Corviknight|Corviknight, F|86/100|[from] Chilly Reception
|-ability|p1a: Corviknight|Pressure
|
|-weather|Snowscape|[upkeep]
|upkeep
|turn|40
|
|t:|1760770967
|move|p2a: Zanpakuto🗡️|Tachyon Cutter|p1a: Corviknight
|-resisted|p1a: Corviknight
|-damage|p1a: Corviknight|69/100
|-resisted|p1a: Corviknight
|-damage|p1a: Corviknight|51/100
|-hitcount|p1a: Corviknight|2
|move|p1a: Corviknight|Roost|p1a: Corviknight
|-heal|p1a: Corviknight|100/100
|-singleturn|p1a: Corviknight|move: Roost
|
|-weather|Snowscape|[upkeep]
|upkeep
|turn|41
|
|t:|1760770976
|move|p2a: Zanpakuto🗡️|Tachyon Cutter|p1a: Corviknight
|-resisted|p1a: Corviknight
|-damage|p1a: Corviknight|82/100
|-resisted|p1a: Corviknight
|-damage|p1a: Corviknight|65/100
|-hitcount|p1a: Corviknight|2
|move|p1a: Corviknight|U-turn|p2a: Zanpakuto🗡️
|-damage|p2a: Zanpakuto🗡️|42/100
|
|t:|1760770984
|switch|p1a: Slowking|Slowking-Galar, L99, F|91/100|[from] U-turn
|
|-weather|Snowscape|[upkeep]
|upkeep
|turn|42
|
|t:|1760770994
|move|p2a: Zanpakuto🗡️|Tachyon Cutter|p1a: Slowking
|-damage|p1a: Slowking|69/100
|-damage|p1a: Slowking|45/100
|-hitcount|p1a: Slowking|2
|-prepare|p1a: Slowking|Chilly Reception|[premajor]
|move|p1a: Slowking|Chilly Reception|p1a: Slowking
|
|t:|1760771002
|switch|p1a: Corviknight|Corviknight, F|65/100|[from] Chilly Reception
|-ability|p1a: Corviknight|Pressure
|
|-weather|Snowscape|[upkeep]
|upkeep
|turn|43
|
|t:|1760771010
|-end|p2a: Zanpakuto🗡️|Quark Drive|[silent]
|switch|p2a: Screen Goblin|Grimmsnarl, M|38/100
|move|p1a: Corviknight|Roost|p1a: Corviknight
|-heal|p1a: Corviknight|100/100
|-singleturn|p1a: Corviknight|move: Roost
|
|-weather|none
|upkeep
|turn|44
|inactive|MooFarmer has 120 seconds left.
|inactive|MooFarmer has 90 seconds left.
|
|t:|1760771053
|move|p2a: Screen Goblin|Parting Shot|p1a: Corviknight
|-unboost|p1a: Corviknight|atk|1
|-unboost|p1a: Corviknight|spa|1
|
|t:|1760771056
|switch|p2a: Zanpakuto🗡️|Iron Crown|42/100|[from] Parting Shot
|move|p1a: Corviknight|U-turn|p2a: Zanpakuto🗡️
|-damage|p2a: Zanpakuto🗡️|31/100
|inactive|MooFarmer has 90 seconds left.
|
|t:|1760771064
|switch|p1a: Slowking|Slowking-Galar, L99, F|78/100|[from] U-turn
|
|upkeep
|turn|45
|
|t:|1760771077
|move|p2a: Zanpakuto🗡️|Tachyon Cutter|p1a: Slowking
|-damage|p1a: Slowking|55/100
|-damage|p1a: Slowking|34/100
|-hitcount|p1a: Slowking|2
|move|p1a: Slowking|Future Sight|p2a: Zanpakuto🗡️
|-start|p1a: Slowking|move: Future Sight
|
|upkeep
|turn|46
|
|t:|1760771085
|switch|p1a: Dondozo|Dondozo, M, tera:Dark|9/100
|move|p2a: Zanpakuto🗡️|Tachyon Cutter|p1a: Dondozo
|-damage|p1a: Dondozo|0 fnt
|faint|p1a: Dondozo
|-hitcount|p1: Dondozo|1
|
|upkeep
|
|t:|1760771093
|switch|p1a: Corviknight|Corviknight, F|100/100
|-ability|p1a: Corviknight|Pressure
|turn|47
|
|t:|1760771102
|-end|p2a: Zanpakuto🗡️|Quark Drive|[silent]
|switch|p2a: Screen Goblin|Grimmsnarl, M|38/100
|move|p1a: Corviknight|Brave Bird|p2a: Screen Goblin
|-damage|p2a: Screen Goblin|7/100
|-damage|p1a: Corviknight|90/100|[from] Recoil
|
|-end|p2a: Screen Goblin|move: Future Sight
|-immune|p2a: Screen Goblin
|upkeep
|turn|48
|inactive|MooFarmer has 90 seconds left.
|
|t:|1760771145
|move|p2a: Screen Goblin|Parting Shot|p1a: Corviknight
|-unboost|p1a: Corviknight|atk|1
|-unboost|p1a: Corviknight|spa|1
|
|t:|1760771148
|switch|p2a: Zanpakuto🗡️|Iron Crown|31/100|[from] Parting Shot
|move|p1a: Corviknight|U-turn|p2a: Zanpakuto🗡️
|-damage|p2a: Zanpakuto🗡️|20/100
|
|t:|1760771156
|switch|p1a: Slowking|Slowking-Galar, L99, F|67/100|[from] U-turn
|
|upkeep
|turn|49
|
|t:|1760771173
|move|p2a: Zanpakuto🗡️|Volt Switch|p1a: Slowking
|-damage|p1a: Slowking|47/100
|
|t:|1760771175
|-end|p2a: Zanpakuto🗡️|Quark Drive|[silent]
|switch|p2a: Screen Goblin|Grimmsnarl, M|7/100|[from] Volt Switch
|move|p1a: Slowking|Future Sight|p2a: Screen Goblin
|-start|p1a: Slowking|move: Future Sight
|
|upkeep
|turn|50
|inactive|MooFarmer has 90 seconds left.
|inactive|MooFarmer has 60 seconds left.
|j| OUHF Foenem
|
|t:|1760771218
|switch|p1a: Corviknight|Corviknight, F|90/100
|-ability|p1a: Corviknight|Pressure
|move|p2a: Screen Goblin|Parting Shot|p1a: Corviknight
|-unboost|p1a: Corviknight|atk|1
|-unboost|p1a: Corviknight|spa|1
|
|t:|1760771222
|switch|p2a: Zanpakuto🗡️|Iron Crown|20/100|[from] Parting Shot
|
|upkeep
|turn|51
|
|t:|1760771229
|switch|p1a: Slowking|Slowking-Galar, L99, F|80/100
|move|p2a: Zanpakuto🗡️|Volt Switch|p1a: Slowking
|-damage|p1a: Slowking|58/100
|
|t:|1760771236
|-end|p2a: Zanpakuto🗡️|Quark Drive|[silent]
|switch|p2a: Huh-Yunjin💋|Comfey, F|84/100|[from] Volt Switch
|
|-end|p2a: Huh-Yunjin💋|move: Future Sight
|-damage|p2a: Huh-Yunjin💋|40/100
|upkeep
|turn|52
|
|t:|1760771244
|switch|p2a: Zanpakuto🗡️|Iron Crown|20/100
|switch|p1a: Corviknight|Corviknight, F|90/100
|-ability|p1a: Corviknight|Pressure
|
|upkeep
|turn|53
|
|t:|1760771252
|move|p2a: Zanpakuto🗡️|Volt Switch|p1a: Corviknight
|-supereffective|p1a: Corviknight
|-damage|p1a: Corviknight|19/100
|
|t:|1760771258
|-end|p2a: Zanpakuto🗡️|Quark Drive|[silent]
|switch|p2a: Screen Goblin|Grimmsnarl, M|7/100|[from] Volt Switch
|move|p1a: Corviknight|Brave Bird|p2a: Screen Goblin
|-damage|p2a: Screen Goblin|0 fnt
|faint|p2a: Screen Goblin
|-damage|p1a: Corviknight|17/100|[from] Recoil
|
|upkeep
|
|t:|1760771260
|switch|p2a: Zanpakuto🗡️|Iron Crown|20/100
|turn|54
|
|t:|1760771269
|switch|p1a: Slowking|Slowking-Galar, L99, F|92/100
|-terastallize|p2a: Zanpakuto🗡️|Steel
|move|p2a: Zanpakuto🗡️|Tachyon Cutter|p1a: Slowking
|-damage|p1a: Slowking|63/100
|-damage|p1a: Slowking|32/100
|-hitcount|p1a: Slowking|2
|
|upkeep
|turn|55
|j| Somoke
|
|t:|1760771276
|switch|p1a: Corviknight|Corviknight, F|17/100
|-ability|p1a: Corviknight|Pressure
|move|p2a: Zanpakuto🗡️|Tachyon Cutter|p1a: Corviknight
|-resisted|p1a: Corviknight
|-damage|p1a: Corviknight|0 fnt
|faint|p1a: Corviknight
|-hitcount|p1: Corviknight|1
|
|upkeep
|
|t:|1760771283
|switch|p1a: Slowking|Slowking-Galar, L99, F|65/100
|turn|56
|
|t:|1760771290
|move|p2a: Zanpakuto🗡️|Tachyon Cutter|p1a: Slowking
|-damage|p1a: Slowking|34/100
|-damage|p1a: Slowking|6/100
|-hitcount|p1a: Slowking|2
|move|p1a: Slowking|Toxic|p2a: Zanpakuto🗡️
|-immune|p2a: Zanpakuto🗡️
|
|upkeep
|turn|57
|
|t:|1760771294
|move|p2a: Zanpakuto🗡️|Tachyon Cutter|p1a: Slowking
|-damage|p1a: Slowking|0 fnt
|faint|p1a: Slowking
|-hitcount|p1: Slowking|1
|
|win|Obito 2001
|raw|MooFarmer's rating: 1801 &rarr; <strong>1780</strong><br />(-21 for losing)
|raw|Obito 2001's rating: 1778 &rarr; <strong>1799</strong><br />(+21 for winning)
|l|☆MooFarmer
|player|p1|
|l| ilytrix
|l|☆Obito 2001
|player|p2|
|l| Somoke
