|j|☆sus skibidi
|j|☆tza803
|t:|1760757392
|gametype|singles
|player|p1|sus skibidi|miku-ice|1482
|player|p2|tza803|265|1440
|gen|9
|tier|[Gen 9] OU
|rated|
|rule|HP Percentage Mod: HP is shown in percentages
|rule|Endless Battle Clause: Forcing endless battles is banned
|rule|Species Clause: Limit one of each Pokémon
|rule|OHKO Clause: OHKO moves are banned
|rule|Evasion Items Clause: Evasion items are banned
|rule|Evasion Moves Clause: Evasion moves are banned
|rule|Evasion Abilities Clause: Evasion abilities are banned
|rule|Sleep Moves Clause: Sleep-inducing moves are banned
|clearpoke
|poke|p1|Heatran, M|
|poke|p1|Ogerpon-Wellspring, F|
|poke|p1|Dragonite, M|
|poke|p1|Hatterene, F|
|poke|p1|Garganacl, M|
|poke|p1|Great Tusk|
|poke|p2|Zamazenta-*|
|poke|p2|Dragonite, F|
|poke|p2|Ogerpon-Wellspring, F|
|poke|p2|Walking Wake|
|poke|p2|Cinderace, F|
|poke|p2|Great Tusk|
|teampreview
|inactive|Battle timer is ON: inactive players will automatically lose when time's up. (requested by tza803)
|inactive|sus skibidi also wants the timer to be on.
|
|t:|1760757410
|teamsize|p1|6
|teamsize|p2|6
|start
|switch|p1a: Guanciale|Garganacl, M, shiny|100/100
|switch|p2a: Walking Wake|Walking Wake|100/100
|turn|1
|
|t:|1760757420
|move|p2a: Walking Wake|Draco Meteor|p1a: Guanciale
|-damage|p1a: Guanciale|52/100
|-unboost|p2a: Walking Wake|spa|2
|move|p1a: Guanciale|Salt Cure|p2a: Walking Wake
|-damage|p2a: Walking Wake|84/100
|-start|p2a: Walking Wake|Salt Cure
|
|-heal|p1a: Guanciale|58/100|[from] item: Leftovers
|-damage|p2a: Walking Wake|59/100|[from] Salt Cure
|upkeep
|turn|2
|
|t:|1760757439
|-end|p2a: Walking Wake|Protosynthesis|[silent]
|switch|p2a: Great Tusk|Great Tusk|100/100
|move|p1a: Guanciale|Recover|p1a: Guanciale
|-heal|p1a: Guanciale|100/100
|
|upkeep
|turn|3
|
|t:|1760757448
|-end|p2a: Great Tusk|Protosynthesis|[silent]
|switch|p2a: Walking Wake|Walking Wake|59/100
|switch|p1a: Forever More Quoth|Hatterene, F|100/100
|
|upkeep
|turn|4
|
|t:|1760757473
|move|p2a: Walking Wake|Hydro Pump|p1a: Forever More Quoth
|-damage|p1a: Forever More Quoth|41/100
|move|p1a: Forever More Quoth|Dazzling Gleam|p2a: Walking Wake
|-supereffective|p2a: Walking Wake
|-damage|p2a: Walking Wake|2/100
|
|upkeep
|turn|5
|
|t:|1760757484
|switch|p1a: Awel Sum|Ogerpon-Wellspring, F|100/100
|move|p2a: Walking Wake|Hydro Pump|p1a: Awel Sum
|-immune|p1a: Awel Sum|[from] ability: Water Absorb
|
|upkeep
|turn|6
|
|t:|1760757491
|move|p2a: Walking Wake|Draco Meteor|p1a: Awel Sum
|-damage|p1a: Awel Sum|27/100
|-unboost|p2a: Walking Wake|spa|2
|move|p1a: Awel Sum|Trailblaze|p2a: Walking Wake
|-damage|p2a: Walking Wake|0 fnt
|-boost|p1a: Awel Sum|spe|1
|faint|p2a: Walking Wake
|-end|p2a: Walking Wake|Protosynthesis|[silent]
|
|upkeep
|
|t:|1760757498
|switch|p2a: Dragonite|Dragonite, F|100/100
|turn|7
|
|t:|1760757500
|move|p2a: Dragonite|Extreme Speed|p1a: Awel Sum
|-damage|p1a: Awel Sum|0 fnt
|faint|p1a: Awel Sum
|
|upkeep
|
|t:|1760757515
|switch|p1a: Good Night gngy|Dragonite, M|100/100
|turn|8
|
|t:|1760757518
|move|p1a: Good Night gngy|Dragon Dance|p1a: Good Night gngy
|-boost|p1a: Good Night gngy|atk|1
|-boost|p1a: Good Night gngy|spe|1
|move|p2a: Dragonite|Dragon Tail|p1a: Good Night gngy
|-supereffective|p1a: Good Night gngy
|-damage|p1a: Good Night gngy|62/100
|drag|p1a: Forever More Quoth|Hatterene, F|41/100
|
|upkeep
|turn|9
|-message|sus skibidi forfeited.
|
|win|tza803
|raw|sus skibidi's rating: 1482 &rarr; <strong>1460</strong><br />(-22 for losing)
|raw|tza803's rating: 1440 &rarr; <strong>1462</strong><br />(+22 for winning)
|l|☆sus skibidi
|player|p1|
