|j|☆babajeje
|j|☆namerater1111
|t:|1760718740
|gametype|singles
|player|p1|babajeje|101|1288
|player|p2|namerater1111|1|1270
|gen|9
|tier|[Gen 9] OU
|rated|
|rule|HP Percentage Mod: HP is shown in percentages
|rule|Endless Battle Clause: Forcing endless battles is banned
|rule|Species Clause: Limit one of each Pokémon
|rule|OHKO Clause: OHKO moves are banned
|rule|Evasion Items Clause: Evasion items are banned
|rule|Evasion Moves Clause: Evasion moves are banned
|rule|Evasion Abilities Clause: Evasion abilities are banned
|rule|Sleep Moves Clause: Sleep-inducing moves are banned
|clearpoke
|poke|p1|Medicham, F|
|poke|p1|Kingambit, F|
|poke|p1|Zapdos|
|poke|p1|Girafarig, F|
|poke|p1|Ribombee, F|
|poke|p1|Ogerpon-Wellspring, F|
|poke|p2|Regirock|
|poke|p2|Registeel|
|poke|p2|Regice|
|poke|p2|Great Tusk|
|poke|p2|Cinderace, M|
|poke|p2|Azelf|
|teampreview
|inactive|Battle timer is ON: inactive players will automatically lose when time's up. (requested by namerater1111)
|c|☆babajeje|girafarig will have a feast
|
|t:|1760718765
|teamsize|p1|6
|teamsize|p2|6
|start
|switch|p1a: Ribombee|Ribombee, F|100/100
|switch|p2a: Azelf & the Regis|Azelf|100/100
|turn|1
|
|t:|1760718780
|move|p2a: Azelf & the Regis|Fire Blast|p1a: Ribombee|[miss]
|-miss|p2a: Azelf & the Regis|p1a: Ribombee
|move|p1a: Ribombee|Pounce|p2a: Azelf & the Regis
|-supereffective|p2a: Azelf & the Regis
|-damage|p2a: Azelf & the Regis|68/100
|-unboost|p2a: Azelf & the Regis|spe|1
|
|upkeep
|turn|2
|
|t:|1760718788
|move|p1a: Ribombee|Moonblast|p2a: Azelf & the Regis
|-damage|p2a: Azelf & the Regis|3/100
|move|p2a: Azelf & the Regis|Fire Blast|p1a: Ribombee|[miss]
|-miss|p2a: Azelf & the Regis|p1a: Ribombee
|
|upkeep
|turn|3
|c|☆babajeje|unfort
|
|t:|1760718794
|move|p1a: Ribombee|Moonblast|p2a: Azelf & the Regis
|-damage|p2a: Azelf & the Regis|0 fnt
|faint|p2a: Azelf & the Regis
|
|upkeep
|
|t:|1760718799
|switch|p2a: PWEWNEWNEW|Registeel|100/100
|turn|4
|
|t:|1760718813
|switch|p1a: Medicham|Medicham, F|100/100
|move|p2a: PWEWNEWNEW|Heavy Slam|p1a: Medicham
|-damage|p1a: Medicham|46/100
|
|upkeep
|turn|5
|
|t:|1760718825
|-terastallize|p2a: PWEWNEWNEW|Ghost
|move|p1a: Medicham|Close Combat|p2a: PWEWNEWNEW
|-immune|p2a: PWEWNEWNEW
|move|p2a: PWEWNEWNEW|Heavy Slam|p1a: Medicham
|-damage|p1a: Medicham|0 fnt
|faint|p1a: Medicham
|
|upkeep
|
|t:|1760718827
|switch|p1a: Kingambit|Kingambit, F|100/100
|-activate|p1a: Kingambit|ability: Supreme Overlord
|-start|p1a: Kingambit|fallen1|[silent]
|turn|6
|
|t:|1760718838
|-terastallize|p1a: Kingambit|Dark
|move|p2a: PWEWNEWNEW|Body Press|p1a: Kingambit
|-supereffective|p1a: Kingambit
|-damage|p1a: Kingambit|52/100
|move|p1a: Kingambit|Kowtow Cleave|p2a: PWEWNEWNEW
|-supereffective|p2a: PWEWNEWNEW
|-crit|p2a: PWEWNEWNEW
|-damage|p2a: PWEWNEWNEW|0 fnt
|faint|p2a: PWEWNEWNEW
|
|upkeep
|inactive|namerater1111 has 120 seconds left.
|
|t:|1760718885
|switch|p2a: EEEUUUUHHHH|Regice|100/100
|turn|7
|
|t:|1760718889
|move|p1a: Kingambit|Iron Head|p2a: EEEUUUUHHHH
|-supereffective|p2a: EEEUUUUHHHH
|-damage|p2a: EEEUUUUHHHH|6/100
|move|p2a: EEEUUUUHHHH|Ice Beam|p1a: Kingambit
|-damage|p1a: Kingambit|0 fnt
|faint|p1a: Kingambit
|-end|p1a: Kingambit|fallen1|[silent]
|
|upkeep
|
|t:|1760718902
|switch|p1a: Ogerpon|Ogerpon-Wellspring, F|100/100
|turn|8
|inactive|namerater1111 has 120 seconds left.
|
|t:|1760718910
|move|p1a: Ogerpon|Ivy Cudgel|p2a: EEEUUUUHHHH|[anim] Ivy Cudgel Water
|-damage|p2a: EEEUUUUHHHH|0 fnt
|faint|p2a: EEEUUUUHHHH
|
|upkeep
|inactive|namerater1111 has 120 seconds left.
|
|t:|1760718917
|switch|p2a: UNUNUNUNUN|Regirock|100/100
|turn|9
|
|t:|1760718919
|move|p1a: Ogerpon|Ivy Cudgel|p2a: UNUNUNUNUN|[anim] Ivy Cudgel Water
|-supereffective|p2a: UNUNUNUNUN
|-damage|p2a: UNUNUNUNUN|44/100
|move|p2a: UNUNUNUNUN|Explosion|p1a: Ogerpon
|-damage|p1a: Ogerpon|0 fnt
|faint|p2a: UNUNUNUNUN
|faint|p1a: Ogerpon
|
|upkeep
|
|t:|1760718928
|switch|p1a: Zapdos|Zapdos|100/100
|switch|p2a: Tusk|Great Tusk|100/100
|turn|10
|
|t:|1760718937
|move|p1a: Zapdos|Hurricane|p2a: Tusk
|-supereffective|p2a: Tusk
|-damage|p2a: Tusk|0 fnt
|faint|p2a: Tusk
|-end|p2a: Tusk|Protosynthesis|[silent]
|
|upkeep
|
|t:|1760718942
|switch|p2a: Unit-C1NDR|Cinderace, M|100/100
|turn|11
|
|t:|1760718948
|move|p2a: Unit-C1NDR|Pyro Ball|p1a: Zapdos
|-damage|p1a: Zapdos|25/100
|move|p1a: Zapdos|Hurricane|p2a: Unit-C1NDR
|-damage|p2a: Unit-C1NDR|20/100
|-start|p2a: Unit-C1NDR|confusion
|
|upkeep
|turn|12
|
|t:|1760718952
|-activate|p2a: Unit-C1NDR|confusion
|move|p2a: Unit-C1NDR|Pyro Ball|p1a: Zapdos
|-damage|p1a: Zapdos|0 fnt
|faint|p1a: Zapdos
|
|upkeep
|
|t:|1760718954
|switch|p1a: Girafarig|Girafarig, F|100/100
|turn|13
|
|t:|1760718961
|-activate|p2a: Unit-C1NDR|confusion
|move|p2a: Unit-C1NDR|Pyro Ball|p1a: Girafarig|[miss]
|-miss|p2a: Unit-C1NDR|p1a: Girafarig
|move|p1a: Girafarig|Twin Beam|p2a: Unit-C1NDR
|-damage|p2a: Unit-C1NDR|0 fnt
|faint|p2a: Unit-C1NDR
|-hitcount|p2: Unit-C1NDR|1
|
|win|babajeje
|raw|babajeje's rating: 1288 &rarr; <strong>1312</strong><br />(+24 for winning)
|raw|namerater1111's rating: 1270 &rarr; <strong>1246</strong><br />(-24 for losing)
|c|☆babajeje|gg
|c|☆namerater1111|gg
|l|☆namerater1111
|player|p2|
|l|☆babajeje
|player|p1|
