|j|‽juyyhu
|j|☆SobanNinja
|t:|1760816136
|gametype|singles
|player|p1|juyyhu|266|1408
|player|p2|SobanNinja|1|1431
|gen|9
|tier|[Gen 9] OU
|rated|
|rule|HP Percentage Mod: HP is shown in percentages
|rule|Endless Battle Clause: Forcing endless battles is banned
|rule|Species Clause: Limit one of each Pokémon
|rule|OHKO Clause: OHKO moves are banned
|rule|Evasion Items Clause: Evasion items are banned
|rule|Evasion Moves Clause: Evasion moves are banned
|rule|Evasion Abilities Clause: Evasion abilities are banned
|rule|Sleep Moves Clause: Sleep-inducing moves are banned
|clearpoke
|poke|p1|Dragonite, M|
|poke|p1|Gholdengo|
|poke|p1|Regidrago|
|poke|p1|Scizor, F|
|poke|p1|Ting-Lu|
|poke|p1|Weezing-Galar, F|
|poke|p2|Dragapult, F|
|poke|p2|Dragonite, F|
|poke|p2|Ting-Lu|
|poke|p2|Weezing-Galar, F|
|poke|p2|Iron Crown|
|poke|p2|Zapdos|
|teampreview
|inactive|Battle timer is ON: inactive players will automatically lose when time's up. (requested by juyyhu)
|
|t:|1760816157
|teamsize|p1|6
|teamsize|p2|6
|start
|switch|p1a: Scizor|Scizor, F|100/100
|switch|p2a: Iron Crown|Iron Crown|100/100
|turn|1
|l|☆SobanNinja
|inactive|SobanNinja disconnected and has a minute to reconnect!
|player|p2|
|
|t:|1760816171
|move|p2a: Iron Crown|Volt Switch|p1a: Scizor
|-damage|p1a: Scizor|56/100
|j|☆SobanNinja
|inactive|SobanNinja reconnected and has 150 seconds left.
|player|p2|SobanNinja|1|
|
|t:|1760816181
|-end|p2a: Iron Crown|Quark Drive|[silent]
|switch|p2a: Weezing|Weezing-Galar, F|100/100|[from] Volt Switch
|-ability|p2a: Weezing|Neutralizing Gas
|move|p1a: Scizor|Knock Off|p2a: Weezing
|-resisted|p2a: Weezing
|-damage|p2a: Weezing|83/100
|-enditem|p2a: Weezing|Heavy-Duty Boots|[from] move: Knock Off|[of] p1a: Scizor
|
|upkeep
|turn|2
|
|t:|1760816195
|switch|p1a: Gholdengo|Gholdengo|100/100
|move|p2a: Weezing|Will-O-Wisp|p1a: Gholdengo
|-status|p1a: Gholdengo|brn
|
|-damage|p1a: Gholdengo|94/100 brn|[from] brn
|upkeep
|turn|3
|
|t:|1760816212
|-end|p2a: Weezing|ability: Neutralizing Gas
|switch|p2a: Ting-Lu|Ting-Lu|100/100
|-ability|p2a: Ting-Lu|Vessel of Ruin
|move|p1a: Gholdengo|Make It Rain|p2a: Ting-Lu
|-damage|p2a: Ting-Lu|68/100
|-unboost|p1a: Gholdengo|spa|1
|
|-heal|p2a: Ting-Lu|74/100|[from] item: Leftovers
|-damage|p1a: Gholdengo|88/100 brn|[from] brn
|upkeep
|turn|4
|inactive|juyyhu has 120 seconds left.
|
|t:|1760816237
|switch|p1a: Scizor|Scizor, F|56/100
|move|p2a: Ting-Lu|Stealth Rock|p1a: Scizor
|-sidestart|p1: juyyhu|move: Stealth Rock
|
|-heal|p2a: Ting-Lu|80/100|[from] item: Leftovers
|upkeep
|turn|5
|inactive|juyyhu has 120 seconds left.
|
|t:|1760816248
|switch|p2a: Zapdos|Zapdos|100/100
|move|p1a: Scizor|U-turn|p2a: Zapdos
|-resisted|p2a: Zapdos
|-damage|p2a: Zapdos|68/100
|-status|p1a: Scizor|par|[from] ability: Static|[of] p2a: Zapdos
|inactive|juyyhu has 120 seconds left.
|
|t:|1760816258
|switch|p1a: Ting-Lu|Ting-Lu|100/100|[from] U-turn
|-damage|p1a: Ting-Lu|94/100|[from] Stealth Rock
|-ability|p1a: Ting-Lu|Vessel of Ruin
|
|-heal|p1a: Ting-Lu|100/100|[from] item: Leftovers
|upkeep
|turn|6
|inactive|juyyhu has 120 seconds left.
|
|t:|1760816271
|switch|p2a: Dragapult|Dragapult, F|100/100
|move|p1a: Ting-Lu|Ruination|p2a: Dragapult
|-damage|p2a: Dragapult|51/100
|
|upkeep
|turn|7
|inactive|juyyhu has 120 seconds left.
|
|t:|1760816278
|move|p2a: Dragapult|Will-O-Wisp|p1a: Ting-Lu
|-status|p1a: Ting-Lu|brn
|move|p1a: Ting-Lu|Earthquake|p2a: Dragapult
|-damage|p2a: Dragapult|25/100
|
|-damage|p1a: Ting-Lu|94/100 brn|[from] brn
|upkeep
|turn|8
|inactive|juyyhu has 120 seconds left.
|
|t:|1760816295
|move|p2a: Dragapult|U-turn|p1a: Ting-Lu
|-supereffective|p1a: Ting-Lu
|-damage|p1a: Ting-Lu|72/100 brn
|
|t:|1760816302
|switch|p2a: Zapdos|Zapdos|68/100|[from] U-turn
|move|p1a: Ting-Lu|Stealth Rock|p2a: Zapdos
|-sidestart|p2: SobanNinja|move: Stealth Rock
|
|-heal|p1a: Ting-Lu|78/100 brn|[from] item: Leftovers
|-damage|p1a: Ting-Lu|72/100 brn|[from] brn
|upkeep
|turn|9
|inactive|juyyhu has 120 seconds left.
|
|t:|1760816314
|move|p2a: Zapdos|Hurricane|p1a: Ting-Lu|[miss]
|-miss|p2a: Zapdos|p1a: Ting-Lu
|move|p1a: Ting-Lu|Ruination|p2a: Zapdos|[miss]
|-miss|p1a: Ting-Lu|p2a: Zapdos
|
|-heal|p1a: Ting-Lu|78/100 brn|[from] item: Leftovers
|-damage|p1a: Ting-Lu|72/100 brn|[from] brn
|upkeep
|turn|10
|
|t:|1760816325
|move|p2a: Zapdos|Roost|p2a: Zapdos
|-heal|p2a: Zapdos|100/100
|-singleturn|p2a: Zapdos|move: Roost
|move|p1a: Ting-Lu|Ruination|p2a: Zapdos
|-damage|p2a: Zapdos|51/100
|
|-heal|p1a: Ting-Lu|78/100 brn|[from] item: Leftovers
|-damage|p1a: Ting-Lu|72/100 brn|[from] brn
|upkeep
|turn|11
|
|t:|1760816336
|move|p2a: Zapdos|Hurricane|p1a: Ting-Lu|[miss]
|-miss|p2a: Zapdos|p1a: Ting-Lu
|move|p1a: Ting-Lu|Whirlwind|p2a: Zapdos
|drag|p2a: Iron Crown|Iron Crown|100/100
|-damage|p2a: Iron Crown|94/100|[from] Stealth Rock
|
|-heal|p1a: Ting-Lu|78/100 brn|[from] item: Leftovers
|-damage|p1a: Ting-Lu|72/100 brn|[from] brn
|upkeep
|turn|12
|
|t:|1760816348
|move|p2a: Iron Crown|Focus Blast|p1a: Ting-Lu|[miss]
|-miss|p2a: Iron Crown|p1a: Ting-Lu
|move|p1a: Ting-Lu|Ruination|p2a: Iron Crown
|-damage|p2a: Iron Crown|48/100
|
|-heal|p1a: Ting-Lu|78/100 brn|[from] item: Leftovers
|-damage|p1a: Ting-Lu|72/100 brn|[from] brn
|upkeep
|turn|13
|c|☆SobanNinja|Bro
|c|☆SobanNinja|that ting lu
|c|☆SobanNinja|is too goated
|
|t:|1760816368
|move|p2a: Iron Crown|Focus Blast|p1a: Ting-Lu|[miss]
|-miss|p2a: Iron Crown|p1a: Ting-Lu
|move|p1a: Ting-Lu|Earthquake|p2a: Iron Crown
|-supereffective|p2a: Iron Crown
|-damage|p2a: Iron Crown|5/100
|
|-heal|p1a: Ting-Lu|78/100 brn|[from] item: Leftovers
|-damage|p1a: Ting-Lu|72/100 brn|[from] brn
|upkeep
|turn|14
|c|☆SobanNinja|BRO
|
|t:|1760816379
|move|p2a: Iron Crown|Focus Blast|p1a: Ting-Lu
|-supereffective|p1a: Ting-Lu
|-damage|p1a: Ting-Lu|20/100 brn
|move|p1a: Ting-Lu|Whirlwind|p2a: Iron Crown
|-end|p2a: Iron Crown|Quark Drive|[silent]
|drag|p2a: Ting-Lu|Ting-Lu|80/100
|-damage|p2a: Ting-Lu|74/100|[from] Stealth Rock
|-ability|p2a: Ting-Lu|Vessel of Ruin
|
|-heal|p2a: Ting-Lu|80/100|[from] item: Leftovers
|-heal|p1a: Ting-Lu|26/100 brn|[from] item: Leftovers
|-damage|p1a: Ting-Lu|20/100 brn|[from] brn
|upkeep
|turn|15
|
|t:|1760816395
|move|p2a: Ting-Lu|Earthquake|p1a: Ting-Lu
|-damage|p1a: Ting-Lu|0 fnt
|faint|p1a: Ting-Lu
|
|-heal|p2a: Ting-Lu|86/100|[from] item: Leftovers
|upkeep
|inactive|juyyhu has 120 seconds left.
|
|t:|1760816417
|switch|p1a: Scizor|Scizor, F|56/100 par
|-damage|p1a: Scizor|44/100 par|[from] Stealth Rock
|turn|16
|
|t:|1760816427
|move|p1a: Scizor|Bullet Punch|p2a: Ting-Lu
|-damage|p2a: Ting-Lu|59/100
|move|p2a: Ting-Lu|Earthquake|p1a: Scizor
|-damage|p1a: Scizor|6/100 par
|
|-heal|p2a: Ting-Lu|65/100|[from] item: Leftovers
|upkeep
|turn|17
|
|t:|1760816435
|cant|p1a: Scizor|par
|move|p2a: Ting-Lu|Earthquake|p1a: Scizor
|-damage|p1a: Scizor|0 fnt
|faint|p1a: Scizor
|
|-heal|p2a: Ting-Lu|71/100|[from] item: Leftovers
|upkeep
|
|t:|1760816459
|switch|p1a: Dragonite|Dragonite, M|100/100
|turn|18
|
|t:|1760816465
|move|p1a: Dragonite|Dragon Dance|p1a: Dragonite
|-boost|p1a: Dragonite|atk|1
|-boost|p1a: Dragonite|spe|1
|move|p2a: Ting-Lu|Whirlwind|p1a: Dragonite
|drag|p1a: Weezing|Weezing-Galar, F|100/100
|-ability|p1a: Weezing|Neutralizing Gas
|
|-heal|p2a: Ting-Lu|77/100|[from] item: Leftovers
|upkeep
|turn|19
|
|t:|1760816477
|move|p1a: Weezing|Will-O-Wisp|p2a: Ting-Lu
|-status|p2a: Ting-Lu|brn
|move|p2a: Ting-Lu|Earthquake|p1a: Weezing
|-supereffective|p1a: Weezing
|-damage|p1a: Weezing|73/100
|
|-heal|p2a: Ting-Lu|84/100 brn|[from] item: Leftovers
|-damage|p2a: Ting-Lu|77/100 brn|[from] brn
|upkeep
|turn|20
|
|t:|1760816490
|switch|p2a: Weezing|Weezing-Galar, F|83/100
|-ability|p2a: Weezing|Neutralizing Gas
|-damage|p2a: Weezing|71/100|[from] Stealth Rock
|move|p1a: Weezing|Sludge Bomb|p2a: Weezing
|-damage|p2a: Weezing|32/100
|
|upkeep
|turn|21
|
|t:|1760816501
|move|p1a: Weezing|Sludge Bomb|p2a: Weezing
|-damage|p2a: Weezing|0 fnt
|faint|p2a: Weezing
|
|upkeep
|
|t:|1760816514
|switch|p2a: Zapdos|Zapdos|51/100
|turn|22
|inactive|juyyhu has 120 seconds left.
|
|t:|1760816525
|move|p2a: Zapdos|Hurricane|p1a: Weezing
|-damage|p1a: Weezing|0 fnt
|faint|p1a: Weezing
|-end|p1a: Weezing|ability: Neutralizing Gas
|
|upkeep
|
|t:|1760816535
|switch|p1a: Regidrago|Regidrago|100/100
|-damage|p1a: Regidrago|88/100|[from] Stealth Rock
|turn|23
|inactive|juyyhu has 120 seconds left.
|
|t:|1760816542
|move|p1a: Regidrago|Dragon Energy|p2a: Zapdos
|-damage|p2a: Zapdos|0 fnt
|faint|p2a: Zapdos
|
|upkeep
|inactive|SobanNinja has 120 seconds left.
|
|t:|1760816585
|switch|p2a: Dragonite|Dragonite, F|100/100
|turn|24
|inactive|SobanNinja has 120 seconds left.
|inactive|juyyhu has 120 seconds left.
|
|t:|1760816602
|switch|p1a: Gholdengo|Gholdengo|88/100 brn
|-damage|p1a: Gholdengo|82/100 brn|[from] Stealth Rock
|-terastallize|p2a: Dragonite|Normal
|move|p2a: Dragonite|Extreme Speed|p1a: Gholdengo
|-immune|p1a: Gholdengo
|
|-damage|p1a: Gholdengo|76/100 brn|[from] brn
|upkeep
|turn|25
|inactive|juyyhu has 120 seconds left.
|
|t:|1760816621
|switch|p2a: Iron Crown|Iron Crown|5/100
|-damage|p2a: Iron Crown|0 fnt|[from] Stealth Rock
|faint|p2a: Iron Crown
|-end|p2a: Iron Crown|Quark Drive|[silent]
|move|p1a: Gholdengo|Nasty Plot|p1a: Gholdengo
|-boost|p1a: Gholdengo|spa|2
|
|-damage|p1a: Gholdengo|70/100 brn|[from] brn
|upkeep
|
|t:|1760816631
|switch|p2a: Ting-Lu|Ting-Lu|77/100 brn
|-damage|p2a: Ting-Lu|71/100 brn|[from] Stealth Rock
|-ability|p2a: Ting-Lu|Vessel of Ruin
|turn|26
|inactive|juyyhu has 120 seconds left.
|
|t:|1760816644
|move|p1a: Gholdengo|Make It Rain|p2a: Ting-Lu
|-damage|p2a: Ting-Lu|4/100 brn
|-unboost|p1a: Gholdengo|spa|1
|move|p2a: Ting-Lu|Earthquake|p1a: Gholdengo
|-supereffective|p1a: Gholdengo
|-damage|p1a: Gholdengo|26/100 brn
|
|-heal|p2a: Ting-Lu|10/100 brn|[from] item: Leftovers
|-damage|p1a: Gholdengo|20/100 brn|[from] brn
|-damage|p2a: Ting-Lu|4/100 brn|[from] brn
|upkeep
|turn|27
|inactive|juyyhu has 120 seconds left.
|
|t:|1760816661
|move|p1a: Gholdengo|Make It Rain|p2a: Ting-Lu
|-damage|p2a: Ting-Lu|0 fnt
|-unboost|p1a: Gholdengo|spa|1
|faint|p2a: Ting-Lu
|
|-damage|p1a: Gholdengo|14/100 brn|[from] brn
|upkeep
|
|t:|1760816672
|switch|p2a: Dragapult|Dragapult, F|25/100
|turn|28
|
|t:|1760816679
|move|p2a: Dragapult|Hex|p1a: Gholdengo
|-supereffective|p1a: Gholdengo
|-damage|p1a: Gholdengo|0 fnt
|faint|p1a: Gholdengo
|
|upkeep
|
|t:|1760816687
|switch|p1a: Regidrago|Regidrago|88/100
|-damage|p1a: Regidrago|76/100|[from] Stealth Rock
|turn|29
|
|t:|1760816698
|move|p1a: Regidrago|Dragon Energy|p2a: Dragapult
|-supereffective|p2a: Dragapult
|-damage|p2a: Dragapult|0 fnt
|faint|p2a: Dragapult
|
|upkeep
|
|t:|1760816701
|switch|p2a: Dragonite|Dragonite, F, tera:Normal|100/100
|turn|30
|
|t:|1760816713
|move|p2a: Dragonite|Extreme Speed|p1a: Regidrago
|-damage|p1a: Regidrago|24/100
|move|p1a: Regidrago|Dragon Energy|p2a: Dragonite
|-damage|p2a: Dragonite|89/100
|
|upkeep
|turn|31
|
|t:|1760816721
|move|p1a: Regidrago|Dragon Energy|p2a: Dragonite
|-damage|p2a: Dragonite|66/100
|move|p2a: Dragonite|Dragon Dance|p2a: Dragonite
|-boost|p2a: Dragonite|atk|1
|-boost|p2a: Dragonite|spe|1
|
|upkeep
|turn|32
|
|t:|1760816728
|move|p1a: Regidrago|Dragon Energy|p2a: Dragonite
|-damage|p2a: Dragonite|46/100
|move|p2a: Dragonite|Dragon Dance|p2a: Dragonite
|-boost|p2a: Dragonite|atk|1
|-boost|p2a: Dragonite|spe|1
|
|upkeep
|turn|33
|
|t:|1760816742
|move|p2a: Dragonite|Roost|p2a: Dragonite
|-heal|p2a: Dragonite|96/100
|move|p1a: Regidrago|Dragon Energy|p2a: Dragonite
|-damage|p2a: Dragonite|74/100
|
|upkeep
|turn|34
|
|t:|1760816758
|move|p2a: Dragonite|Dragon Dance|p2a: Dragonite
|-boost|p2a: Dragonite|atk|1
|-boost|p2a: Dragonite|spe|1
|move|p1a: Regidrago|Dragon Energy|p2a: Dragonite
|-damage|p2a: Dragonite|51/100
|
|upkeep
|turn|35
|
|t:|1760816768
|move|p2a: Dragonite|Roost|p2a: Dragonite
|-heal|p2a: Dragonite|100/100
|move|p1a: Regidrago|Dragon Energy|p2a: Dragonite
|-crit|p2a: Dragonite
|-damage|p2a: Dragonite|84/100
|
|upkeep
|turn|36
|
|t:|1760816779
|switch|p1a: Dragonite|Dragonite, M|100/100
|move|p2a: Dragonite|Extreme Speed|p1a: Dragonite
|-damage|p1a: Dragonite|45/100
|
|upkeep
|turn|37
|
|t:|1760816791
|move|p2a: Dragonite|Extreme Speed|p1a: Dragonite
|-damage|p1a: Dragonite|0 fnt
|faint|p1a: Dragonite
|
|upkeep
|
|t:|1760816796
|switch|p1a: Regidrago|Regidrago|24/100
|-damage|p1a: Regidrago|11/100|[from] Stealth Rock
|turn|38
|
|t:|1760816806
|-terastallize|p1a: Regidrago|Steel
|move|p2a: Dragonite|Extreme Speed|p1a: Regidrago
|-resisted|p1a: Regidrago
|-damage|p1a: Regidrago|0 fnt
|faint|p1a: Regidrago
|
|win|SobanNinja
|raw|juyyhu's rating: 1408 &rarr; <strong>1389</strong><br />(-19 for losing)
|raw|SobanNinja's rating: 1431 &rarr; <strong>1450</strong><br />(+19 for winning)
|l|‽juyyhu
|player|p1|
