|j|☆xrr rewriting
|j|☆kills your
|t:|1760841141
|gametype|singles
|player|p1|xrr rewriting|1|1371
|player|p2|kills your|iono|1379
|gen|9
|tier|[Gen 9] OU
|rated|
|rule|HP Percentage Mod: HP is shown in percentages
|rule|Endless Battle Clause: Forcing endless battles is banned
|rule|Species Clause: Limit one of each Pokémon
|rule|OHKO Clause: OHKO moves are banned
|rule|Evasion Items Clause: Evasion items are banned
|rule|Evasion Moves Clause: Evasion moves are banned
|rule|Evasion Abilities Clause: Evasion abilities are banned
|rule|Sleep Moves Clause: Sleep-inducing moves are banned
|clearpoke
|poke|p1|Dragonite, M|
|poke|p1|Hatterene, F|
|poke|p1|Great Tusk|
|poke|p1|Ceruledge, F|
|poke|p1|Ting-Lu|
|poke|p1|Kyurem|
|poke|p2|Ninetales, F|
|poke|p2|Hatterene, F|
|poke|p2|Leafeon, F|
|poke|p2|Raging Bolt|
|poke|p2|Great Tusk|
|poke|p2|Walking Wake|
|teampreview
|inactive|Battle timer is ON: inactive players will automatically lose when time's up. (requested by xrr rewriting)
|inactive|xrr rewriting has 120 seconds left.
|
|t:|1760841183
|teamsize|p1|6
|teamsize|p2|6
|start
|switch|p1a: Hatterene|Hatterene, F|100/100
|switch|p2a: Ninetales|Ninetales, F|100/100
|-weather|SunnyDay|[from] ability: Drought|[of] p2a: Ninetales
|turn|1
|
|t:|1760841198
|switch|p2a: Leafeon|Leafeon, F|100/100
|move|p1a: Hatterene|Nuzzle|p2a: Leafeon
|-resisted|p2a: Leafeon
|-damage|p2a: Leafeon|98/100
|-status|p2a: Leafeon|par
|
|-weather|SunnyDay|[upkeep]
|upkeep
|turn|2
|
|t:|1760841209
|move|p2a: Leafeon|Swords Dance|p2a: Leafeon
|-boost|p2a: Leafeon|atk|2
|move|p1a: Hatterene|Mystical Fire|p2a: Leafeon
|-supereffective|p2a: Leafeon
|-damage|p2a: Leafeon|0 fnt
|faint|p2a: Leafeon
|
|-weather|SunnyDay|[upkeep]
|upkeep
|
|t:|1760841220
|switch|p2a: Walking Wake|Walking Wake|100/100
|-activate|p2a: Walking Wake|ability: Protosynthesis
|-start|p2a: Walking Wake|protosynthesisspe
|turn|3
|
|t:|1760841227
|-terastallize|p2a: Walking Wake|Water
|move|p2a: Walking Wake|Hydro Steam|p1a: Hatterene
|-damage|p1a: Hatterene|22/100
|move|p1a: Hatterene|Draining Kiss|p2a: Walking Wake
|-damage|p2a: Walking Wake|67/100
|-heal|p1a: Hatterene|48/100|[from] drain|[of] p2a: Walking Wake
|
|-weather|SunnyDay|[upkeep]
|upkeep
|turn|4
|
|t:|1760841237
|move|p2a: Walking Wake|Hydro Steam|p1a: Hatterene
|-damage|p1a: Hatterene|0 fnt
|faint|p1a: Hatterene
|
|-weather|SunnyDay|[upkeep]
|upkeep
|
|t:|1760841240
|switch|p1a: Dragonite|Dragonite, M|100/100
|turn|5
|
|t:|1760841243
|-end|p2a: Walking Wake|Protosynthesis|[silent]
|switch|p2a: Great Tusk|Great Tusk|100/100
|-activate|p2a: Great Tusk|ability: Protosynthesis
|-start|p2a: Great Tusk|protosynthesisatk
|-terastallize|p1a: Dragonite|Normal
|move|p1a: Dragonite|Extreme Speed|p2a: Great Tusk
|-damage|p2a: Great Tusk|53/100
|
|-weather|SunnyDay|[upkeep]
|upkeep
|turn|6
|
|t:|1760841252
|switch|p1a: Ceruledge|Ceruledge, F|100/100
|move|p2a: Great Tusk|Knock Off|p1a: Ceruledge
|-supereffective|p1a: Ceruledge
|-enditem|p1a: Ceruledge|Focus Sash
|-damage|p1a: Ceruledge|1/100
|-ability|p1a: Ceruledge|Weak Armor|boost
|-unboost|p1a: Ceruledge|def|1
|-boost|p1a: Ceruledge|spe|2
|
|-weather|SunnyDay|[upkeep]
|upkeep
|turn|7
|
|t:|1760841260
|move|p1a: Ceruledge|Bitter Blade|p2a: Great Tusk
|-damage|p2a: Great Tusk|8/100
|-heal|p1a: Ceruledge|34/100|[from] drain|[of] p2a: Great Tusk
|move|p2a: Great Tusk|Knock Off|p1a: Ceruledge
|-supereffective|p1a: Ceruledge
|-damage|p1a: Ceruledge|0 fnt
|faint|p1a: Ceruledge
|
|-weather|SunnyDay|[upkeep]
|upkeep
|
|t:|1760841272
|switch|p1a: Dragonite|Dragonite, M, tera:Normal|100/100
|turn|8
|
|t:|1760841275
|move|p1a: Dragonite|Extreme Speed|p2a: Great Tusk
|-damage|p2a: Great Tusk|0 fnt
|faint|p2a: Great Tusk
|-end|p2a: Great Tusk|Protosynthesis|[silent]
|
|-weather|none
|upkeep
|
|t:|1760841280
|switch|p2a: Ninetales|Ninetales, F|100/100
|-weather|SunnyDay|[from] ability: Drought|[of] p2a: Ninetales
|turn|9
|
|t:|1760841284
|move|p1a: Dragonite|Extreme Speed|p2a: Ninetales
|-damage|p2a: Ninetales|0 fnt
|faint|p2a: Ninetales
|
|-weather|SunnyDay|[upkeep]
|upkeep
|
|t:|1760841289
|switch|p2a: Hatterene|Hatterene, F|100/100
|turn|10
|
|t:|1760841294
|move|p1a: Dragonite|Extreme Speed|p2a: Hatterene
|-damage|p2a: Hatterene|38/100
|-enditem|p2a: Hatterene|Eject Button
|
|t:|1760841299
|switch|p2a: Raging Bolt|Raging Bolt|100/100
|-activate|p2a: Raging Bolt|ability: Protosynthesis
|-start|p2a: Raging Bolt|protosynthesisspa
|
|-weather|SunnyDay|[upkeep]
|upkeep
|turn|11
|
|t:|1760841304
|switch|p1a: Ting-Lu|Ting-Lu|100/100
|-ability|p1a: Ting-Lu|Vessel of Ruin
|move|p2a: Raging Bolt|Weather Ball|p1a: Ting-Lu
|-damage|p1a: Ting-Lu|66/100
|
|-weather|SunnyDay|[upkeep]
|-heal|p1a: Ting-Lu|72/100|[from] item: Leftovers
|upkeep
|turn|12
|
|t:|1760841312
|-end|p2a: Raging Bolt|Protosynthesis|[silent]
|switch|p2a: Walking Wake|Walking Wake, tera:Water|67/100
|-activate|p2a: Walking Wake|ability: Protosynthesis
|-start|p2a: Walking Wake|protosynthesisspe
|move|p1a: Ting-Lu|Earthquake|p2a: Walking Wake
|-damage|p2a: Walking Wake|28/100
|
|-weather|SunnyDay|[upkeep]
|-heal|p1a: Ting-Lu|78/100|[from] item: Leftovers
|upkeep
|turn|13
|
|t:|1760841320
|move|p2a: Walking Wake|Hydro Steam|p1a: Ting-Lu
|-supereffective|p1a: Ting-Lu
|-damage|p1a: Ting-Lu|0 fnt
|faint|p1a: Ting-Lu
|
|-weather|SunnyDay|[upkeep]
|upkeep
|
|t:|1760841322
|switch|p1a: Dragonite|Dragonite, M, tera:Normal|100/100
|turn|14
|
|t:|1760841326
|move|p1a: Dragonite|Extreme Speed|p2a: Walking Wake
|-damage|p2a: Walking Wake|0 fnt
|faint|p2a: Walking Wake
|-end|p2a: Walking Wake|Protosynthesis|[silent]
|
|-weather|SunnyDay|[upkeep]
|upkeep
|
|t:|1760841329
|switch|p2a: Raging Bolt|Raging Bolt|100/100
|-activate|p2a: Raging Bolt|ability: Protosynthesis
|-start|p2a: Raging Bolt|protosynthesisspa
|turn|15
|
|t:|1760841332
|move|p1a: Dragonite|Extreme Speed|p2a: Raging Bolt
|-damage|p2a: Raging Bolt|38/100
|move|p2a: Raging Bolt|Weather Ball|p1a: Dragonite
|-damage|p1a: Dragonite|59/100
|
|-weather|SunnyDay|[upkeep]
|upkeep
|turn|16
|
|t:|1760841336
|move|p1a: Dragonite|Extreme Speed|p2a: Raging Bolt
|-damage|p2a: Raging Bolt|0 fnt
|faint|p2a: Raging Bolt
|-end|p2a: Raging Bolt|Protosynthesis|[silent]
|
|-weather|none
|upkeep
|-message|kills your forfeited.
|
|win|xrr rewriting
|raw|xrr rewriting's rating: 1371 &rarr; <strong>1391</strong><br />(+20 for winning)
|raw|kills your's rating: 1379 &rarr; <strong>1359</strong><br />(-20 for losing)
|l|☆kills your
|player|p2|
|l|☆xrr rewriting
|player|p1|
|j|☆xrr rewriting
|player|p1|xrr rewriting|1|
|l|☆xrr rewriting
|player|p1|
