|j|‽Sacred Quill
|j|☆kennguyen21
|t:|1760740634
|gametype|singles
|player|p1|Sacred Quill|clerk|1308
|player|p2|kennguyen21|2|1252
|gen|9
|tier|[Gen 9] OU
|rated|
|rule|HP Percentage Mod: HP is shown in percentages
|rule|Endless Battle Clause: Forcing endless battles is banned
|rule|Species Clause: Limit one of each Pokémon
|rule|OHKO Clause: OHKO moves are banned
|rule|Evasion Items Clause: Evasion items are banned
|rule|Evasion Moves Clause: Evasion moves are banned
|rule|Evasion Abilities Clause: Evasion abilities are banned
|rule|Sleep Moves Clause: Sleep-inducing moves are banned
|clearpoke
|poke|p1|Araquanid, M|
|poke|p1|Weavile, F|
|poke|p1|Gliscor, F|
|poke|p1|Pecharunt|
|poke|p1|Rotom-Wash|
|poke|p1|Donphan, M|
|poke|p2|Ribombee, M|
|poke|p2|Pecharunt|
|poke|p2|Glimmora, F|
|poke|p2|Gliscor, F|
|poke|p2|Iron Moth|
|poke|p2|Darkrai|
|teampreview
|
|t:|1760740653
|teamsize|p1|6
|teamsize|p2|6
|start
|switch|p1a: Rotom|Rotom-Wash, shiny|100/100
|switch|p2a: Glimmora|Glimmora, F|100/100
|turn|1
|
|t:|1760740668
|switch|p2a: Ribombee|Ribombee, M|100/100
|move|p1a: Rotom|Hydro Pump|p2a: Ribombee
|-damage|p2a: Ribombee|35/100
|
|upkeep
|turn|2
|
|t:|1760740674
|move|p2a: Ribombee|Sticky Web|p1a: Rotom
|-sidestart|p1: Sacred Quill|move: Sticky Web
|move|p1a: Rotom|Hydro Pump|p2a: Ribombee|[miss]
|-miss|p1a: Rotom|p2a: Ribombee
|
|upkeep
|turn|3
|
|t:|1760740689
|move|p2a: Ribombee|Moonblast|p1a: Rotom
|-damage|p1a: Rotom|56/100
|move|p1a: Rotom|Hydro Pump|p2a: Ribombee
|-damage|p2a: Ribombee|0 fnt
|faint|p2a: Ribombee
|
|-heal|p1a: Rotom|62/100|[from] item: Leftovers
|upkeep
|
|t:|1760740697
|switch|p2a: Darkrai|Darkrai|100/100
|turn|4
|
|t:|1760740712
|move|p2a: Darkrai|Dark Pulse|p1a: Rotom
|-damage|p1a: Rotom|15/100
|move|p1a: Rotom|Hydro Pump|p2a: Darkrai
|-damage|p2a: Darkrai|61/100
|
|-heal|p1a: Rotom|21/100|[from] item: Leftovers
|upkeep
|turn|5
|inactive|Battle timer is ON: inactive players will automatically lose when time's up. (requested by kennguyen21)
|
|t:|1760740722
|switch|p1a: Gliscor|Gliscor, F|100/100
|move|p2a: Darkrai|Dark Pulse|p1a: Gliscor
|-damage|p1a: Gliscor|59/100
|
|-status|p1a: Gliscor|tox|[from] item: Toxic Orb
|upkeep
|turn|6
|
|t:|1760740736
|move|p2a: Darkrai|Dark Pulse|p1a: Gliscor
|-damage|p1a: Gliscor|16/100 tox
|move|p1a: Gliscor|Knock Off|p2a: Darkrai
|-resisted|p2a: Darkrai
|-damage|p2a: Darkrai|48/100
|-enditem|p2a: Darkrai|Choice Scarf|[from] move: Knock Off|[of] p1a: Gliscor
|
|-heal|p1a: Gliscor|29/100 tox|[from] ability: Poison Heal
|upkeep
|turn|7
|
|t:|1760740746
|move|p1a: Gliscor|Protect|p1a: Gliscor
|-singleturn|p1a: Gliscor|Protect
|move|p2a: Darkrai|Dark Pulse|p1a: Gliscor
|-activate|p1a: Gliscor|move: Protect
|
|-heal|p1a: Gliscor|41/100 tox|[from] ability: Poison Heal
|upkeep
|turn|8
|
|t:|1760740754
|move|p2a: Darkrai|Dark Pulse|p1a: Gliscor
|-damage|p1a: Gliscor|0 fnt
|faint|p1a: Gliscor
|
|upkeep
|
|t:|1760740757
|switch|p1a: Donphan|Donphan, M, shiny|100/100
|-activate|p1a: Donphan|move: Sticky Web
|-unboost|p1a: Donphan|spe|1
|turn|9
|
|t:|1760740766
|switch|p2a: Pecharunt|Pecharunt|100/100
|-item|p2a: Pecharunt|Air Balloon
|move|p1a: Donphan|Stealth Rock|p2a: Pecharunt
|-sidestart|p2: kennguyen21|move: Stealth Rock
|
|upkeep
|turn|10
|
|t:|1760740774
|move|p2a: Pecharunt|Malignant Chain|p1a: Donphan
|-resisted|p1a: Donphan
|-damage|p1a: Donphan|70/100
|move|p1a: Donphan|Earthquake|p2a: Pecharunt
|-immune|p2a: Pecharunt
|
|-heal|p1a: Donphan|76/100|[from] item: Leftovers
|upkeep
|turn|11
|
|t:|1760740782
|move|p2a: Pecharunt|Malignant Chain|p1a: Donphan
|-resisted|p1a: Donphan
|-damage|p1a: Donphan|46/100
|-status|p1a: Donphan|tox
|-start|p1a: Donphan|confusion|[from] ability: Poison Puppeteer|[of] p2a: Pecharunt
|-activate|p1a: Donphan|confusion
|-damage|p1a: Donphan|40/100 tox|[from] confusion
|
|-heal|p1a: Donphan|46/100 tox|[from] item: Leftovers
|-damage|p1a: Donphan|40/100 tox|[from] psn
|upkeep
|turn|12
|
|t:|1760740794
|move|p2a: Pecharunt|Nasty Plot|p2a: Pecharunt
|-boost|p2a: Pecharunt|spa|2
|-end|p1a: Donphan|confusion
|move|p1a: Donphan|Knock Off|p2a: Pecharunt
|-supereffective|p2a: Pecharunt
|-damage|p2a: Pecharunt|63/100
|-enditem|p2a: Pecharunt|Air Balloon
|
|-heal|p1a: Donphan|46/100 tox|[from] item: Leftovers
|-damage|p1a: Donphan|34/100 tox|[from] psn
|upkeep
|turn|13
|
|t:|1760740817
|switch|p1a: Rotom|Rotom-Wash, shiny|21/100
|move|p2a: Pecharunt|Hex|p1a: Rotom
|-damage|p1a: Rotom|0 fnt
|faint|p1a: Rotom
|
|upkeep
|
|t:|1760740821
|switch|p1a: Weavile|Weavile, F|100/100
|-ability|p1a: Weavile|Pressure
|turn|14
|
|t:|1760740834
|-terastallize|p1a: Weavile|Ice
|move|p1a: Weavile|Triple Axel|p2a: Pecharunt
|-damage|p2a: Pecharunt|54/100
|-damage|p2a: Pecharunt|36/100
|-damage|p2a: Pecharunt|10/100
|-hitcount|p2a: Pecharunt|3
|move|p2a: Pecharunt|Malignant Chain|p1a: Weavile
|-damage|p1a: Weavile|0 fnt
|faint|p1a: Weavile
|
|upkeep
|
|t:|1760740844
|switch|p1a: Araquanid|Araquanid, M|100/100
|-activate|p1a: Araquanid|move: Sticky Web
|-unboost|p1a: Araquanid|spe|1
|turn|15
|
|t:|1760740851
|move|p2a: Pecharunt|Hex|p1a: Araquanid
|-damage|p1a: Araquanid|58/100
|move|p1a: Araquanid|Surf|p2a: Pecharunt
|-damage|p2a: Pecharunt|0 fnt
|faint|p2a: Pecharunt
|
|upkeep
|
|t:|1760740857
|switch|p2a: Glimmora|Glimmora, F|100/100
|-damage|p2a: Glimmora|88/100|[from] Stealth Rock
|turn|16
|
|t:|1760740863
|move|p2a: Glimmora|Meteor Beam||[still]
|-prepare|p2a: Glimmora|Meteor Beam
|-boost|p2a: Glimmora|spa|1
|-enditem|p2a: Glimmora|Power Herb
|-anim|p2a: Glimmora|Meteor Beam|p1a: Araquanid|[miss]
|-miss|p2a: Glimmora|p1a: Araquanid
|move|p1a: Araquanid|Surf|p2a: Glimmora
|-supereffective|p2a: Glimmora
|-damage|p2a: Glimmora|0 fnt
|faint|p2a: Glimmora
|
|upkeep
|
|t:|1760740877
|switch|p2a: Iron Moth|Iron Moth|100/100
|-damage|p2a: Iron Moth|76/100|[from] Stealth Rock
|-enditem|p2a: Iron Moth|Booster Energy
|-activate|p2a: Iron Moth|ability: Quark Drive|[fromitem]
|-start|p2a: Iron Moth|quarkdrivespe
|turn|17
|
|t:|1760740895
|-terastallize|p2a: Iron Moth|Flying
|move|p2a: Iron Moth|Sludge Wave|p1a: Araquanid
|-damage|p1a: Araquanid|23/100
|move|p1a: Araquanid|Surf|p2a: Iron Moth
|-damage|p2a: Iron Moth|25/100
|
|upkeep
|turn|18
|-enditem|p1a: Araquanid|Custap Berry|[eat]
|-activate|p1a: Araquanid|item: Custap Berry|[consumed]
|
|t:|1760740904
|move|p1a: Araquanid|Surf|p2a: Iron Moth
|-damage|p2a: Iron Moth|0 fnt
|faint|p2a: Iron Moth
|-end|p2a: Iron Moth|Quark Drive|[silent]
|
|upkeep
|
|t:|1760740911
|switch|p2a: Darkrai|Darkrai|48/100
|-damage|p2a: Darkrai|36/100|[from] Stealth Rock
|turn|19
|
|t:|1760740919
|move|p2a: Darkrai|Ice Beam|p1a: Araquanid
|-resisted|p1a: Araquanid
|-damage|p1a: Araquanid|9/100
|move|p1a: Araquanid|Leech Life|p2a: Darkrai
|-supereffective|p2a: Darkrai
|-damage|p2a: Darkrai|0 fnt
|-heal|p1a: Araquanid|27/100|[from] drain|[of] p2a: Darkrai
|faint|p2a: Darkrai
|
|upkeep
|
|t:|1760740927
|switch|p2a: Gliscor|Gliscor, F|100/100
|-damage|p2a: Gliscor|88/100|[from] Stealth Rock
|turn|20
|
|t:|1760740936
|move|p2a: Gliscor|Substitute|p2a: Gliscor
|-start|p2a: Gliscor|Substitute
|-damage|p2a: Gliscor|63/100
|move|p1a: Araquanid|Endeavor|p2a: Gliscor
|-end|p2a: Gliscor|Substitute
|
|-status|p2a: Gliscor|tox|[from] item: Toxic Orb
|upkeep
|turn|21
|
|t:|1760740947
|move|p2a: Gliscor|Facade|p1a: Araquanid
|-damage|p1a: Araquanid|0 fnt
|faint|p1a: Araquanid
|
|-heal|p2a: Gliscor|76/100 tox|[from] ability: Poison Heal
|upkeep
|
|t:|1760740963
|switch|p1a: Pecharunt|Pecharunt|100/100
|turn|22
|
|t:|1760740974
|move|p1a: Pecharunt|Hex|p2a: Gliscor
|-damage|p2a: Gliscor|9/100 tox
|move|p2a: Gliscor|Earthquake|p1a: Pecharunt
|-supereffective|p1a: Pecharunt
|-damage|p1a: Pecharunt|49/100
|
|-heal|p2a: Gliscor|22/100 tox|[from] ability: Poison Heal
|upkeep
|turn|23
|
|t:|1760740982
|move|p1a: Pecharunt|Hex|p2a: Gliscor
|-damage|p2a: Gliscor|0 fnt
|faint|p2a: Gliscor
|
|win|Sacred Quill
|raw|Sacred Quill's rating: 1308 &rarr; <strong>1325</strong><br />(+17 for winning)
|raw|kennguyen21's rating: 1252 &rarr; <strong>1231</strong><br />(-21 for losing)
|l|☆kennguyen21
|player|p2|
