|j|☆theory76
|j|☆alovana0
|t:|1760846897
|gametype|singles
|player|p1|theory76|shadowtriad|1417
|player|p2|alovana0|pilot|1410
|gen|9
|tier|[Gen 9] OU
|rated|
|rule|HP Percentage Mod: HP is shown in percentages
|rule|Endless Battle Clause: Forcing endless battles is banned
|rule|Species Clause: Limit one of each Pokémon
|rule|OHKO Clause: OHKO moves are banned
|rule|Evasion Items Clause: Evasion items are banned
|rule|Evasion Moves Clause: Evasion moves are banned
|rule|Evasion Abilities Clause: Evasion abilities are banned
|rule|Sleep Moves Clause: Sleep-inducing moves are banned
|clearpoke
|poke|p1|Pelipper, M|
|poke|p1|Rillaboom, F|
|poke|p1|Walking Wake|
|poke|p1|Excadrill, F|
|poke|p1|Ogerpon-Wellspring, F|
|poke|p1|Kyurem|
|poke|p2|Ninetales, M|
|poke|p2|Dragonite, F|
|poke|p2|Cinderace, F|
|poke|p2|Walking Wake|
|poke|p2|Cresselia, F|
|poke|p2|Great Tusk|
|teampreview
|inactive|Battle timer is ON: inactive players will automatically lose when time's up. (requested by alovana0)
|inactive|theory76 also wants the timer to be on.
|
|t:|1760846906
|teamsize|p1|6
|teamsize|p2|6
|start
|switch|p1a: Pelipper|Pelipper, M|100/100
|switch|p2a: Ninetales|Ninetales, M|100/100
|-weather|SunnyDay|[from] ability: Drought|[of] p2a: Ninetales
|-weather|RainDance|[from] ability: Drizzle|[of] p1a: Pelipper
|turn|1
|
|t:|1760846917
|switch|p2a: Cresselia|Cresselia, F|100/100
|move|p1a: Pelipper|Hurricane|p2a: Cresselia
|-damage|p2a: Cresselia|82/100
|-start|p2a: Cresselia|confusion
|-enditem|p2a: Cresselia|Eject Button
|
|t:|1760846926
|switch|p2a: Walking Wake|Walking Wake|100/100
|
|-weather|RainDance|[upkeep]
|upkeep
|turn|2
|
|t:|1760846937
|move|p2a: Walking Wake|Draco Meteor|p1a: Pelipper
|-damage|p1a: Pelipper|0 fnt
|-unboost|p2a: Walking Wake|spa|2
|faint|p1a: Pelipper
|
|-weather|RainDance|[upkeep]
|upkeep
|
|t:|1760846943
|switch|p1a: Walking Wake|Walking Wake|100/100
|turn|3
|
|t:|1760846964
|-end|p2a: Walking Wake|Protosynthesis|[silent]
|switch|p2a: Cresselia|Cresselia, F|82/100
|move|p1a: Walking Wake|Hydro Steam|p2a: Cresselia
|-damage|p2a: Cresselia|52/100
|
|-weather|RainDance|[upkeep]
|upkeep
|turn|4
|
|t:|1760846973
|-terastallize|p1a: Walking Wake|Water
|move|p1a: Walking Wake|Hydro Steam|p2a: Cresselia
|-damage|p2a: Cresselia|10/100
|move|p2a: Cresselia|Thunder Wave|p1a: Walking Wake
|-status|p1a: Walking Wake|par
|
|-weather|RainDance|[upkeep]
|upkeep
|turn|5
|
|t:|1760846985
|move|p1a: Walking Wake|Hydro Steam|p2a: Cresselia
|-damage|p2a: Cresselia|0 fnt
|faint|p2a: Cresselia
|
|-weather|RainDance|[upkeep]
|upkeep
|
|t:|1760846990
|switch|p2a: Walking Wake|Walking Wake|100/100
|turn|6
|
|t:|1760846998
|move|p2a: Walking Wake|Dragon Pulse|p1a: Walking Wake
|-damage|p1a: Walking Wake|24/100 par
|move|p1a: Walking Wake|Hydro Steam|p2a: Walking Wake
|-resisted|p2a: Walking Wake
|-damage|p2a: Walking Wake|77/100
|
|-weather|RainDance|[upkeep]
|upkeep
|turn|7
|
|t:|1760847002
|move|p2a: Walking Wake|Dragon Pulse|p1a: Walking Wake
|-damage|p1a: Walking Wake|0 fnt
|faint|p1a: Walking Wake
|-end|p1a: Walking Wake|Protosynthesis|[silent]
|
|-weather|RainDance|[upkeep]
|upkeep
|
|t:|1760847004
|switch|p1a: Excadrill|Excadrill, F|100/100
|turn|8
|
|t:|1760847011
|-end|p2a: Walking Wake|Protosynthesis|[silent]
|switch|p2a: Great Tusk|Great Tusk|100/100
|move|p1a: Excadrill|Rapid Spin|p2a: Great Tusk
|-damage|p2a: Great Tusk|86/100
|-boost|p1a: Excadrill|spe|1
|
|-weather|none
|upkeep
|turn|9
|
|t:|1760847016
|switch|p1a: Big Rilla|Rillaboom, F|100/100
|-fieldstart|move: Grassy Terrain|[from] ability: Grassy Surge|[of] p1a: Big Rilla
|move|p2a: Great Tusk|Headlong Rush|p1a: Big Rilla
|-resisted|p1a: Big Rilla
|-damage|p1a: Big Rilla|71/100
|-unboost|p2a: Great Tusk|def|1
|-unboost|p2a: Great Tusk|spd|1
|-enditem|p2a: Great Tusk|Eject Pack
|
|t:|1760847019
|-end|p2a: Great Tusk|Protosynthesis|[silent]
|switch|p2a: Ninetales|Ninetales, M|100/100
|-weather|SunnyDay|[from] ability: Drought|[of] p2a: Ninetales
|
|-weather|SunnyDay|[upkeep]
|-heal|p1a: Big Rilla|77/100|[from] Grassy Terrain
|upkeep
|turn|10
|
|t:|1760847025
|move|p2a: Ninetales|Overheat|p1a: Big Rilla
|-supereffective|p1a: Big Rilla
|-damage|p1a: Big Rilla|0 fnt
|-unboost|p2a: Ninetales|spa|2
|faint|p1a: Big Rilla
|
|-weather|SunnyDay|[upkeep]
|upkeep
|
|t:|1760847030
|switch|p1a: Kyurem|Kyurem|100/100
|-ability|p1a: Kyurem|Pressure
|turn|11
|
|t:|1760847041
|switch|p2a: Cinderace|Cinderace, F|100/100
|move|p1a: Kyurem|Freeze-Dry|p2a: Cinderace
|-resisted|p2a: Cinderace
|-damage|p2a: Cinderace|64/100
|
|-weather|SunnyDay|[upkeep]
|-heal|p2a: Cinderace|70/100|[from] Grassy Terrain
|upkeep
|turn|12
|
|t:|1760847046
|switch|p1a: Ogerpon|Ogerpon-Wellspring, F|100/100
|move|p2a: Cinderace|Low Kick|p1a: Ogerpon
|-start|p2a: Cinderace|typechange|Fighting|[from] ability: Libero
|-damage|p1a: Ogerpon|60/100
|
|-weather|SunnyDay|[upkeep]
|-heal|p2a: Cinderace|76/100|[from] Grassy Terrain
|-heal|p1a: Ogerpon|66/100|[from] Grassy Terrain
|upkeep
|turn|13
|
|t:|1760847055
|switch|p2a: Walking Wake|Walking Wake|77/100
|-activate|p2a: Walking Wake|ability: Protosynthesis
|-start|p2a: Walking Wake|protosynthesisspa
|move|p1a: Ogerpon|Power Whip|p2a: Walking Wake
|-damage|p2a: Walking Wake|0 fnt
|faint|p2a: Walking Wake
|-end|p2a: Walking Wake|Protosynthesis|[silent]
|
|-weather|SunnyDay|[upkeep]
|-heal|p1a: Ogerpon|72/100|[from] Grassy Terrain
|-fieldend|move: Grassy Terrain
|upkeep
|
|t:|1760847068
|switch|p2a: Dragonite|Dragonite, F|100/100
|turn|14
|
|t:|1760847080
|move|p1a: Ogerpon|U-turn|p2a: Dragonite
|-resisted|p2a: Dragonite
|-damage|p2a: Dragonite|93/100
|
|t:|1760847089
|switch|p1a: Excadrill|Excadrill, F|100/100|[from] U-turn
|move|p2a: Dragonite|Dragon Dance|p2a: Dragonite
|-boost|p2a: Dragonite|atk|1
|-boost|p2a: Dragonite|spe|1
|
|-weather|SunnyDay|[upkeep]
|upkeep
|turn|15
|
|t:|1760847092
|move|p2a: Dragonite|Earthquake|p1a: Excadrill
|-supereffective|p1a: Excadrill
|-enditem|p1a: Excadrill|Focus Sash
|-damage|p1a: Excadrill|1/100
|move|p1a: Excadrill|Rock Slide|p2a: Dragonite|[miss]
|-miss|p1a: Excadrill|p2a: Dragonite
|
|-weather|SunnyDay|[upkeep]
|upkeep
|turn|16
|-message|theory76 forfeited.
|
|win|alovana0
|raw|theory76's rating: 1417 &rarr; <strong>1397</strong><br />(-20 for losing)
|raw|alovana0's rating: 1410 &rarr; <strong>1430</strong><br />(+20 for winning)
|l|☆theory76
|player|p1|
|l|☆alovana0
|player|p2|
