|j|☆crownwrld
|j|☆megakips228
|t:|1760763893
|gametype|singles
|player|p1|crownwrld|101|1103
|player|p2|megakips228|doubleteam|1091
|gen|9
|tier|[Gen 9] OU
|rated|
|rule|HP Percentage Mod: HP is shown in percentages
|rule|Endless Battle Clause: Forcing endless battles is banned
|rule|Species Clause: Limit one of each Pokémon
|rule|OHKO Clause: OHKO moves are banned
|rule|Evasion Items Clause: Evasion items are banned
|rule|Evasion Moves Clause: Evasion moves are banned
|rule|Evasion Abilities Clause: Evasion abilities are banned
|rule|Sleep Moves Clause: Sleep-inducing moves are banned
|clearpoke
|poke|p1|Sinistcha|
|poke|p1|Garganacl, F|
|poke|p1|Forretress, F|
|poke|p1|Deoxys-Speed|
|poke|p1|Mandibuzz, F|
|poke|p1|Typhlosion, F|
|poke|p2|Zapdos|
|poke|p2|Gliscor, F|
|poke|p2|Iron Moth|
|poke|p2|Enamorus, F|
|poke|p2|Alomomola, M|
|poke|p2|Glimmora, F|
|teampreview
|
|t:|1760763913
|teamsize|p1|6
|teamsize|p2|6
|start
|switch|p1a: Garganacl|Garganacl, F|100/100
|switch|p2a: Kanye Yitler|Zapdos, shiny|100/100
|turn|1
|
|t:|1760763918
|move|p2a: Kanye Yitler|U-turn|p1a: Garganacl
|-crit|p1a: Garganacl
|-damage|p1a: Garganacl|90/100
|
|t:|1760763924
|switch|p2a: Glimmora|Glimmora, F|100/100|[from] U-turn
|move|p1a: Garganacl|Salt Cure|p2a: Glimmora
|-damage|p2a: Glimmora|84/100
|-start|p2a: Glimmora|Salt Cure
|-activate|p2a: Glimmora|ability: Toxic Debris
|-sidestart|p1: crownwrld|move: Toxic Spikes
|-enditem|p2a: Glimmora|Red Card|[of] p1a: Garganacl
|drag|p1a: Mandibuzz|Mandibuzz, F|100/100
|
|-damage|p2a: Glimmora|71/100|[from] Salt Cure
|upkeep
|turn|2
|
|t:|1760763935
|move|p2a: Glimmora|Toxic|p1a: Mandibuzz
|-status|p1a: Mandibuzz|tox
|-enditem|p1a: Mandibuzz|Lum Berry|[eat]
|-curestatus|p1a: Mandibuzz|tox|[msg]
|move|p1a: Mandibuzz|Iron Defense|p1a: Mandibuzz
|-boost|p1a: Mandibuzz|def|2
|
|-damage|p2a: Glimmora|59/100|[from] Salt Cure
|upkeep
|turn|3
|
|t:|1760763946
|switch|p2a: Scorpion|Gliscor, F, shiny|100/100
|switch|p1a: Forretress|Forretress, F|100/100
|
|-status|p2a: Scorpion|tox|[from] item: Toxic Orb
|upkeep
|turn|4
|inactive|Battle timer is ON: inactive players will automatically lose when time's up. (requested by crownwrld)
|inactive|megakips228 has 120 seconds left.
|
|t:|1760764026
|move|p2a: Scorpion|Spikes|p1a: Forretress
|-sidestart|p1: crownwrld|Spikes
|move|p1a: Forretress|Stealth Rock|p2a: Scorpion
|-sidestart|p2: megakips228|move: Stealth Rock
|
|upkeep
|turn|5
|
|t:|1760764037
|switch|p2a: Kanye Yitler|Zapdos, shiny|100/100
|move|p1a: Forretress|Gyro Ball|p2a: Kanye Yitler
|-resisted|p2a: Kanye Yitler
|-damage|p2a: Kanye Yitler|87/100
|
|upkeep
|turn|6
|
|t:|1760764050
|switch|p1a: Garganacl|Garganacl, F|90/100
|-damage|p1a: Garganacl|77/100|[from] Spikes
|move|p2a: Kanye Yitler|Sunny Day|p2a: Kanye Yitler
|-weather|SunnyDay
|
|-weather|SunnyDay|[upkeep]
|upkeep
|turn|7
|inactive|megakips228 has 120 seconds left.
|
|t:|1760764092
|move|p2a: Kanye Yitler|Discharge|p1a: Garganacl
|-damage|p1a: Garganacl|45/100
|move|p1a: Garganacl|Salt Cure|p2a: Kanye Yitler
|-supereffective|p2a: Kanye Yitler
|-damage|p2a: Kanye Yitler|66/100
|-start|p2a: Kanye Yitler|Salt Cure
|
|-weather|SunnyDay|[upkeep]
|-damage|p2a: Kanye Yitler|54/100|[from] Salt Cure
|upkeep
|turn|8
|
|t:|1760764100
|move|p2a: Kanye Yitler|U-turn|p1a: Garganacl
|-damage|p1a: Garganacl|37/100
|
|t:|1760764104
|switch|p2a: Glimmora|Glimmora, F|59/100|[from] U-turn
|-damage|p2a: Glimmora|47/100|[from] Stealth Rock
|move|p1a: Garganacl|Recover|p1a: Garganacl
|-heal|p1a: Garganacl|87/100
|
|-weather|SunnyDay|[upkeep]
|upkeep
|turn|9
|
|t:|1760764113
|switch|p1a: Forretress|Forretress, F|100/100
|-damage|p1a: Forretress|88/100|[from] Spikes
|move|p2a: Glimmora|Earth Power|p1a: Forretress
|-damage|p1a: Forretress|41/100
|
|-weather|SunnyDay|[upkeep]
|upkeep
|turn|10
|
|t:|1760764124
|-terastallize|p1a: Forretress|Bug
|move|p2a: Glimmora|Earth Power|p1a: Forretress
|-resisted|p1a: Forretress
|-damage|p1a: Forretress|17/100
|move|p1a: Forretress|Gyro Ball|p2a: Glimmora
|-supereffective|p2a: Glimmora
|-damage|p2a: Glimmora|0 fnt
|-activate|p2a: Glimmora|ability: Toxic Debris
|-sidestart|p1: crownwrld|move: Toxic Spikes
|faint|p2a: Glimmora
|
|-weather|none
|upkeep
|
|t:|1760764133
|switch|p2a: Volkswagen|Iron Moth, shiny|100/100
|-damage|p2a: Volkswagen|76/100|[from] Stealth Rock
|-enditem|p2a: Volkswagen|Booster Energy
|-activate|p2a: Volkswagen|ability: Quark Drive|[fromitem]
|-start|p2a: Volkswagen|quarkdrivespe
|turn|11
|
|t:|1760764140
|move|p2a: Volkswagen|Substitute|p2a: Volkswagen
|-start|p2a: Volkswagen|Substitute
|-damage|p2a: Volkswagen|51/100
|move|p1a: Forretress|Spikes|p2a: Volkswagen
|-sidestart|p2: megakips228|Spikes
|
|upkeep
|turn|12
|inactive|megakips228 has 120 seconds left.
|
|t:|1760764181
|move|p2a: Volkswagen|Fiery Dance|p1a: Forretress
|-supereffective|p1a: Forretress
|-damage|p1a: Forretress|0 fnt
|-boost|p2a: Volkswagen|spa|1
|faint|p1a: Forretress
|
|upkeep
|
|t:|1760764192
|switch|p1a: Deoxys|Deoxys-Speed|100/100
|-status|p1a: Deoxys|tox
|-damage|p1a: Deoxys|88/100 tox|[from] Spikes
|-ability|p1a: Deoxys|Pressure
|turn|13
|inactive|megakips228 has 120 seconds left.
|inactive|megakips228 has 90 seconds left.
|
|t:|1760764227
|move|p2a: Volkswagen|Fiery Dance|p1a: Deoxys
|-damage|p1a: Deoxys|13/100 tox
|move|p1a: Deoxys|Night Shade|p2a: Volkswagen
|-end|p2a: Volkswagen|Substitute
|-damage|p1a: Deoxys|3/100 tox|[from] item: Life Orb
|
|-damage|p1a: Deoxys|0 fnt|[from] psn
|faint|p1a: Deoxys
|upkeep
|
|t:|1760764240
|switch|p1a: Garganacl|Garganacl, F|87/100
|-damage|p1a: Garganacl|75/100|[from] Spikes
|turn|14
|inactive|megakips228 has 90 seconds left.
|
|t:|1760764268
|move|p2a: Volkswagen|Substitute|p2a: Volkswagen
|-start|p2a: Volkswagen|Substitute
|-damage|p2a: Volkswagen|26/100
|move|p1a: Garganacl|Salt Cure|p2a: Volkswagen
|-supereffective|p2a: Volkswagen
|-end|p2a: Volkswagen|Substitute
|
|upkeep
|turn|15
|
|t:|1760764275
|-end|p2a: Volkswagen|Quark Drive|[silent]
|switch|p2a: Scorpion|Gliscor, F, shiny|100/100 tox
|-damage|p2a: Scorpion|88/100 tox|[from] Stealth Rock
|move|p1a: Garganacl|Salt Cure|p2a: Scorpion
|-damage|p2a: Scorpion|80/100 tox
|-start|p2a: Scorpion|Salt Cure
|
|-heal|p2a: Scorpion|93/100 tox|[from] ability: Poison Heal
|-damage|p2a: Scorpion|80/100 tox|[from] Salt Cure
|upkeep
|turn|16
|
|t:|1760764284
|move|p2a: Scorpion|Spikes|p1a: Garganacl
|-sidestart|p1: crownwrld|Spikes
|move|p1a: Garganacl|Curse|p1a: Garganacl
|-unboost|p1a: Garganacl|spe|1
|-boost|p1a: Garganacl|atk|1
|-boost|p1a: Garganacl|def|1
|
|-heal|p2a: Scorpion|93/100 tox|[from] ability: Poison Heal
|-damage|p2a: Scorpion|80/100 tox|[from] Salt Cure
|upkeep
|turn|17
|inactive|megakips228 has 90 seconds left.
|
|t:|1760764310
|switch|p2a: Cisgender|Enamorus, F, shiny|100/100
|-damage|p2a: Cisgender|76/100|[from] Stealth Rock
|move|p1a: Garganacl|Curse|p1a: Garganacl
|-unboost|p1a: Garganacl|spe|1
|-boost|p1a: Garganacl|atk|1
|-boost|p1a: Garganacl|def|1
|
|-heal|p2a: Cisgender|82/100|[from] item: Leftovers
|upkeep
|turn|18
|
|t:|1760764320
|-terastallize|p2a: Cisgender|Fighting
|move|p2a: Cisgender|Superpower|p1a: Garganacl
|-supereffective|p1a: Garganacl
|-damage|p1a: Garganacl|52/100
|-boost|p2a: Cisgender|atk|1
|-boost|p2a: Cisgender|def|1
|move|p1a: Garganacl|Salt Cure|p2a: Cisgender
|-resisted|p2a: Cisgender
|-damage|p2a: Cisgender|68/100
|-start|p2a: Cisgender|Salt Cure
|
|-heal|p2a: Cisgender|75/100|[from] item: Leftovers
|-damage|p2a: Cisgender|62/100|[from] Salt Cure
|upkeep
|turn|19
|
|t:|1760764331
|move|p2a: Cisgender|Superpower|p1a: Garganacl
|-supereffective|p1a: Garganacl
|-damage|p1a: Garganacl|18/100
|-boost|p2a: Cisgender|atk|1
|-boost|p2a: Cisgender|def|1
|-enditem|p1a: Garganacl|Aguav Berry|[eat]
|-heal|p1a: Garganacl|51/100|[from] item: Aguav Berry
|move|p1a: Garganacl|Salt Cure|p2a: Cisgender
|-resisted|p2a: Cisgender
|-damage|p2a: Cisgender|51/100
|
|-heal|p2a: Cisgender|57/100|[from] item: Leftovers
|-damage|p2a: Cisgender|45/100|[from] Salt Cure
|upkeep
|turn|20
|inactive|megakips228 has 90 seconds left.
|inactive|megakips228 has 60 seconds left.
|
|t:|1760764377
|move|p2a: Cisgender|Superpower|p1a: Garganacl
|-supereffective|p1a: Garganacl
|-damage|p1a: Garganacl|11/100
|-boost|p2a: Cisgender|atk|1
|-boost|p2a: Cisgender|def|1
|move|p1a: Garganacl|Recover|p1a: Garganacl
|-heal|p1a: Garganacl|61/100
|
|-heal|p2a: Cisgender|51/100|[from] item: Leftovers
|-damage|p2a: Cisgender|38/100|[from] Salt Cure
|upkeep
|turn|21
|
|t:|1760764388
|switch|p1a: Sinistcha|Sinistcha|100/100
|-status|p1a: Sinistcha|tox
|-damage|p1a: Sinistcha|84/100 tox|[from] Spikes
|move|p2a: Cisgender|Superpower|p1a: Sinistcha
|-immune|p1a: Sinistcha
|
|-heal|p2a: Cisgender|45/100|[from] item: Leftovers
|-damage|p1a: Sinistcha|78/100 tox|[from] psn
|-damage|p2a: Cisgender|32/100|[from] Salt Cure
|upkeep
|turn|22
|inactive|megakips228 has 60 seconds left.
|inactive|megakips228 has 30 seconds left.
|
|t:|1760764443
|move|p2a: Cisgender|Play Rough|p1a: Sinistcha
|-damage|p1a: Sinistcha|8/100 tox
|move|p1a: Sinistcha|Strength Sap|p2a: Cisgender
|-boost|p2a: Cisgender|atk|1
|-heal|p1a: Sinistcha|100/100 tox
|
|-heal|p2a: Cisgender|38/100|[from] item: Leftovers
|-damage|p1a: Sinistcha|88/100 tox|[from] psn
|-damage|p2a: Cisgender|26/100|[from] Salt Cure
|upkeep
|turn|23
|
|t:|1760764456
|move|p2a: Cisgender|Play Rough|p1a: Sinistcha
|-damage|p1a: Sinistcha|0 fnt
|faint|p1a: Sinistcha
|
|-heal|p2a: Cisgender|32/100|[from] item: Leftovers
|-damage|p2a: Cisgender|20/100|[from] Salt Cure
|upkeep
|
|t:|1760764479
|switch|p1a: Mandibuzz|Mandibuzz, F|100/100
|turn|24
|
|t:|1760764499
|move|p2a: Cisgender|Superpower|p1a: Mandibuzz
|-damage|p1a: Mandibuzz|8/100
|-boost|p2a: Cisgender|atk|1
|-boost|p2a: Cisgender|def|1
|move|p1a: Mandibuzz|Iron Defense|p1a: Mandibuzz
|-boost|p1a: Mandibuzz|def|2
|
|-heal|p2a: Cisgender|26/100|[from] item: Leftovers
|-damage|p2a: Cisgender|14/100|[from] Salt Cure
|upkeep
|turn|25
|
|t:|1760764509
|move|p2a: Cisgender|Superpower|p1a: Mandibuzz
|-damage|p1a: Mandibuzz|0 fnt
|-boost|p2a: Cisgender|atk|1
|-boost|p2a: Cisgender|def|1
|faint|p1a: Mandibuzz
|
|-heal|p2a: Cisgender|20/100|[from] item: Leftovers
|-damage|p2a: Cisgender|7/100|[from] Salt Cure
|upkeep
|
|t:|1760764519
|switch|p1a: Typhlosion|Typhlosion, F|100/100
|-status|p1a: Typhlosion|tox
|-damage|p1a: Typhlosion|84/100 tox|[from] Spikes
|turn|26
|inactive|megakips228 has 30 seconds left.
|inactive|megakips228 has 20 seconds left.
|inactive|megakips228 has 15 seconds left.
|inactive|megakips228 has 10 seconds left.
|inactive|megakips228 has 5 seconds left.
|
|t:|1760764575
|move|p1a: Typhlosion|Extrasensory|p2a: Cisgender
|-supereffective|p2a: Cisgender
|-damage|p2a: Cisgender|0 fnt
|faint|p2a: Cisgender
|
|-damage|p1a: Typhlosion|78/100 tox|[from] psn
|upkeep
|inactive|megakips228 has 10 seconds left this turn.
|inactive|megakips228 has 5 seconds left.
|
|t:|1760764581
|switch|p2a: Scorpion|Gliscor, F, shiny|80/100 tox
|-damage|p2a: Scorpion|68/100 tox|[from] Stealth Rock
|turn|27
|inactive|megakips228 has 15 seconds left this turn.
|inactive|megakips228 has 10 seconds left.
|
|t:|1760764602
|switch|p2a: Hawaiian Sushi|Alomomola, M, shiny|100/100
|-damage|p2a: Hawaiian Sushi|88/100|[from] Stealth Rock
|-damage|p2a: Hawaiian Sushi|76/100|[from] Spikes
|move|p1a: Typhlosion|Eruption|p2a: Hawaiian Sushi
|-resisted|p2a: Hawaiian Sushi
|-damage|p2a: Hawaiian Sushi|63/100
|
|-damage|p1a: Typhlosion|66/100 tox|[from] psn
|upkeep
|turn|28
|inactive|megakips228 has 20 seconds left this turn.
|
|t:|1760764612
|move|p1a: Typhlosion|Sunny Day|p1a: Typhlosion
|-weather|SunnyDay
|move|p2a: Hawaiian Sushi|Scald|p1a: Typhlosion
|-supereffective|p1a: Typhlosion
|-damage|p1a: Typhlosion|49/100 tox
|
|-weather|SunnyDay|[upkeep]
|-damage|p1a: Typhlosion|31/100 tox|[from] psn
|upkeep
|turn|29
|inactive|megakips228 has 30 seconds left this turn.
|inactive|megakips228 has 20 seconds left.
|inactive|megakips228 has 15 seconds left.
|inactive|megakips228 has 10 seconds left.
|inactive|megakips228 has 5 seconds left.
|-message|megakips228 lost due to inactivity.
|
|win|crownwrld
|raw|crownwrld's rating: 1103 &rarr; <strong>1127</strong><br />(+24 for winning)
|raw|megakips228's rating: 1091 &rarr; <strong>1068</strong><br />(-23 for losing)
|l|☆crownwrld
|player|p1|
|l|☆megakips228
|player|p2|
