|j|☆Denzsdh
|j|☆beebopstolemyname
|t:|1760781624
|gametype|singles
|player|p1|Denzsdh|170|1071
|player|p2|beebopstolemyname|unknown|1086
|gen|9
|tier|[Gen 9] OU
|rated|
|rule|HP Percentage Mod: HP is shown in percentages
|rule|Endless Battle Clause: Forcing endless battles is banned
|rule|Species Clause: Limit one of each Pokémon
|rule|OHKO Clause: OHKO moves are banned
|rule|Evasion Items Clause: Evasion items are banned
|rule|Evasion Moves Clause: Evasion moves are banned
|rule|Evasion Abilities Clause: Evasion abilities are banned
|rule|Sleep Moves Clause: Sleep-inducing moves are banned
|clearpoke
|poke|p1|Raging Bolt|
|poke|p1|Gholdengo|
|poke|p1|Great Tusk|
|poke|p1|Alomomola, F|
|poke|p1|Dragonite, M|
|poke|p1|Garganacl, F|
|poke|p2|Pikachu-Alola, M|
|poke|p2|Blaziken, M|
|poke|p2|Dragonite, F|
|poke|p2|Pelipper, F|
|poke|p2|Kingambit, F|
|poke|p2|Tinkaton, F|
|teampreview
|
|t:|1760781629
|teamsize|p1|6
|teamsize|p2|6
|start
|switch|p1a: Garganacl|Garganacl, F|100/100
|switch|p2a: Pelipper|Pelipper, F|100/100
|-weather|RainDance|[from] ability: Drizzle|[of] p2a: Pelipper
|turn|1
|
|t:|1760781643
|switch|p2a: Tinkaton|Tinkaton, F|100/100
|-ability|p2a: Tinkaton|Mold Breaker
|-terastallize|p1a: Garganacl|Fairy
|move|p1a: Garganacl|Stealth Rock|p2a: Tinkaton
|-sidestart|p2: beebopstolemyname|move: Stealth Rock
|
|-weather|RainDance|[upkeep]
|upkeep
|turn|2
|
|t:|1760781654
|move|p2a: Tinkaton|Gigaton Hammer|p1a: Garganacl
|-supereffective|p1a: Garganacl
|-damage|p1a: Garganacl|16/100
|move|p1a: Garganacl|Salt Cure|p2a: Tinkaton
|-resisted|p2a: Tinkaton
|-damage|p2a: Tinkaton|93/100
|-start|p2a: Tinkaton|Salt Cure
|
|-weather|RainDance|[upkeep]
|-heal|p2a: Tinkaton|99/100|[from] item: Leftovers
|-heal|p1a: Garganacl|22/100|[from] item: Leftovers
|-damage|p2a: Tinkaton|74/100|[from] Salt Cure
|upkeep
|turn|3
|inactive|Battle timer is ON: inactive players will automatically lose when time's up. (requested by beebopstolemyname)
|
|t:|1760781670
|move|p1a: Garganacl|Protect|p1a: Garganacl
|-singleturn|p1a: Garganacl|Protect
|move|p2a: Tinkaton|Bulldoze|p1a: Garganacl
|-activate|p1a: Garganacl|move: Protect
|
|-weather|RainDance|[upkeep]
|-heal|p2a: Tinkaton|80/100|[from] item: Leftovers
|-heal|p1a: Garganacl|28/100|[from] item: Leftovers
|-damage|p2a: Tinkaton|55/100|[from] Salt Cure
|upkeep
|turn|4
|
|t:|1760781680
|move|p1a: Garganacl|Protect||[still]
|-fail|p1a: Garganacl
|move|p2a: Tinkaton|Bulldoze|p1a: Garganacl
|-damage|p1a: Garganacl|17/100
|-unboost|p1a: Garganacl|spe|1
|
|-weather|RainDance|[upkeep]
|-heal|p2a: Tinkaton|62/100|[from] item: Leftovers
|-heal|p1a: Garganacl|23/100|[from] item: Leftovers
|-damage|p2a: Tinkaton|37/100|[from] Salt Cure
|upkeep
|turn|5
|
|t:|1760781690
|move|p2a: Tinkaton|Gigaton Hammer|p1a: Garganacl
|-supereffective|p1a: Garganacl
|-damage|p1a: Garganacl|0 fnt
|faint|p1a: Garganacl
|
|-weather|none
|-heal|p2a: Tinkaton|43/100|[from] item: Leftovers
|-damage|p2a: Tinkaton|18/100|[from] Salt Cure
|upkeep
|
|t:|1760781705
|switch|p1a: Dragonite|Dragonite, M|100/100
|turn|6
|
|t:|1760781717
|move|p1a: Dragonite|Extreme Speed|p2a: Tinkaton
|-resisted|p2a: Tinkaton
|-damage|p2a: Tinkaton|0 fnt
|faint|p2a: Tinkaton
|
|upkeep
|
|t:|1760781728
|switch|p2a: Pelipper|Pelipper, F|100/100
|-damage|p2a: Pelipper|76/100|[from] Stealth Rock
|-weather|RainDance|[from] ability: Drizzle|[of] p2a: Pelipper
|turn|7
|
|t:|1760781742
|move|p1a: Dragonite|Extreme Speed|p2a: Pelipper
|-damage|p2a: Pelipper|40/100
|move|p2a: Pelipper|Ice Beam|p1a: Dragonite
|-supereffective|p1a: Dragonite
|-damage|p1a: Dragonite|41/100
|
|-weather|RainDance|[upkeep]
|-heal|p2a: Pelipper|46/100|[from] item: Leftovers
|upkeep
|turn|8
|
|t:|1760781757
|switch|p1a: Alomomola|Alomomola, F|100/100
|move|p2a: Pelipper|Ice Beam|p1a: Alomomola
|-resisted|p1a: Alomomola
|-damage|p1a: Alomomola|88/100
|
|-weather|RainDance|[upkeep]
|-heal|p2a: Pelipper|52/100|[from] item: Leftovers
|upkeep
|turn|9
|
|t:|1760781777
|switch|p2a: Dragonite|Dragonite, F|100/100
|-damage|p2a: Dragonite|76/100|[from] Stealth Rock
|move|p1a: Alomomola|Tickle|p2a: Dragonite
|-unboost|p2a: Dragonite|atk|1
|-unboost|p2a: Dragonite|def|1
|
|-weather|RainDance|[upkeep]
|-heal|p2a: Dragonite|82/100|[from] item: Leftovers
|upkeep
|turn|10
|
|t:|1760781790
|move|p2a: Dragonite|Dragon Dance|p2a: Dragonite
|-boost|p2a: Dragonite|atk|1
|-boost|p2a: Dragonite|spe|1
|move|p1a: Alomomola|Wish|p1a: Alomomola
|
|-weather|RainDance|[upkeep]
|-heal|p2a: Dragonite|88/100|[from] item: Leftovers
|upkeep
|turn|11
|
|t:|1760781799
|move|p2a: Dragonite|Dragon Dance|p2a: Dragonite
|-boost|p2a: Dragonite|atk|1
|-boost|p2a: Dragonite|spe|1
|move|p1a: Alomomola|Flip Turn|p2a: Dragonite
|-resisted|p2a: Dragonite
|-damage|p2a: Dragonite|69/100
|
|t:|1760781805
|switch|p1a: Raging Bolt|Raging Bolt|100/100|[from] Flip Turn
|
|-weather|none
|-heal|p2a: Dragonite|75/100|[from] item: Leftovers
|upkeep
|turn|12
|
|t:|1760781817
|move|p2a: Dragonite|Outrage|p1a: Raging Bolt
|-supereffective|p1a: Raging Bolt
|-damage|p1a: Raging Bolt|0 fnt
|faint|p1a: Raging Bolt
|-end|p1a: Raging Bolt|Protosynthesis|[silent]
|
|-heal|p2a: Dragonite|81/100|[from] item: Leftovers
|upkeep
|
|t:|1760781825
|switch|p1a: Great Tusk|Great Tusk|100/100
|turn|13
|
|t:|1760781831
|move|p2a: Dragonite|Outrage|p1a: Great Tusk|[from] lockedmove
|-crit|p1a: Great Tusk
|-damage|p1a: Great Tusk|0 fnt
|faint|p1a: Great Tusk
|-end|p1a: Great Tusk|Protosynthesis|[silent]
|-start|p2a: Dragonite|confusion|[fatigue]
|
|-heal|p2a: Dragonite|87/100|[from] item: Leftovers
|upkeep
|
|t:|1760781840
|switch|p1a: Gholdengo|Gholdengo|100/100
|turn|14
|
|t:|1760781852
|-activate|p2a: Dragonite|confusion
|move|p2a: Dragonite|Outrage|p1a: Gholdengo
|-resisted|p1a: Gholdengo
|-damage|p1a: Gholdengo|45/100
|move|p1a: Gholdengo|Make It Rain|p2a: Dragonite
|-damage|p2a: Dragonite|18/100
|-unboost|p1a: Gholdengo|spa|1
|
|-heal|p2a: Dragonite|24/100|[from] item: Leftovers
|upkeep
|turn|15
|
|t:|1760781865
|switch|p1a: Alomomola|Alomomola, F|100/100
|-activate|p2a: Dragonite|confusion
|move|p2a: Dragonite|Outrage|p1a: Alomomola|[from] lockedmove
|-damage|p1a: Alomomola|48/100
|
|-heal|p2a: Dragonite|31/100|[from] item: Leftovers
|upkeep
|turn|16
|
|t:|1760781876
|move|p1a: Alomomola|Protect|p1a: Alomomola
|-singleturn|p1a: Alomomola|Protect
|-activate|p2a: Dragonite|confusion
|move|p2a: Dragonite|Outrage|p1a: Alomomola
|-activate|p1a: Alomomola|move: Protect
|
|-heal|p2a: Dragonite|37/100|[from] item: Leftovers
|upkeep
|turn|17
|
|t:|1760781886
|-activate|p2a: Dragonite|confusion
|-damage|p2a: Dragonite|3/100|[from] confusion
|move|p1a: Alomomola|Flip Turn|p2a: Dragonite
|-resisted|p2a: Dragonite
|-damage|p2a: Dragonite|0 fnt
|faint|p2a: Dragonite
|
|t:|1760781894
|switch|p1a: Gholdengo|Gholdengo|45/100|[from] Flip Turn
|
|upkeep
|
|t:|1760781900
|switch|p2a: Pelipper|Pelipper, F|52/100
|-damage|p2a: Pelipper|27/100|[from] Stealth Rock
|-weather|RainDance|[from] ability: Drizzle|[of] p2a: Pelipper
|turn|18
|
|t:|1760781910
|move|p1a: Gholdengo|Shadow Ball|p2a: Pelipper
|-damage|p2a: Pelipper|0 fnt
|faint|p2a: Pelipper
|
|-weather|RainDance|[upkeep]
|upkeep
|
|t:|1760781915
|switch|p2a: Pikachu|Pikachu-Alola, M|100/100
|-damage|p2a: Pikachu|88/100|[from] Stealth Rock
|turn|19
|
|t:|1760781925
|move|p1a: Gholdengo|Shadow Ball|p2a: Pikachu
|-damage|p2a: Pikachu|0 fnt
|faint|p2a: Pikachu
|
|-weather|RainDance|[upkeep]
|upkeep
|
|t:|1760781933
|switch|p2a: Blaziken|Blaziken, M|100/100
|-damage|p2a: Blaziken|88/100|[from] Stealth Rock
|turn|20
|
|t:|1760781943
|switch|p1a: Alomomola|Alomomola, F|81/100
|move|p2a: Blaziken|Flare Blitz|p1a: Alomomola
|-resisted|p1a: Alomomola
|-damage|p1a: Alomomola|71/100
|-damage|p2a: Blaziken|83/100|[from] Recoil
|
|-weather|RainDance|[upkeep]
|-ability|p2a: Blaziken|Speed Boost|boost
|-boost|p2a: Blaziken|spe|1
|upkeep
|turn|21
|
|t:|1760781955
|move|p2a: Blaziken|Flare Blitz|p1a: Alomomola
|-resisted|p1a: Alomomola
|-damage|p1a: Alomomola|61/100
|-damage|p2a: Blaziken|78/100|[from] Recoil
|move|p1a: Alomomola|Flip Turn|p2a: Blaziken
|-supereffective|p2a: Blaziken
|-damage|p2a: Blaziken|0 fnt
|faint|p2a: Blaziken
|
|t:|1760781965
|switch|p1a: Gholdengo|Gholdengo|45/100|[from] Flip Turn
|
|-weather|RainDance|[upkeep]
|upkeep
|
|t:|1760781968
|switch|p2a: Kingambit|Kingambit, F|100/100
|-damage|p2a: Kingambit|94/100|[from] Stealth Rock
|-activate|p2a: Kingambit|ability: Supreme Overlord
|-start|p2a: Kingambit|fallen5|[silent]
|turn|22
|
|t:|1760781975
|move|p2a: Kingambit|Sucker Punch|p1a: Gholdengo
|-supereffective|p1a: Gholdengo
|-damage|p1a: Gholdengo|0 fnt
|faint|p1a: Gholdengo
|-damage|p2a: Kingambit|84/100|[from] item: Life Orb
|
|-weather|none
|upkeep
|
|t:|1760781983
|switch|p1a: Alomomola|Alomomola, F|95/100
|turn|23
|
|t:|1760782005
|move|p2a: Kingambit|Sucker Punch||[still]
|-fail|p2a: Kingambit
|move|p1a: Alomomola|Wish|p1a: Alomomola
|
|upkeep
|turn|24
|
|t:|1760782010
|move|p2a: Kingambit|Sucker Punch|p1a: Alomomola
|-damage|p1a: Alomomola|44/100
|-damage|p2a: Kingambit|74/100|[from] item: Life Orb
|move|p1a: Alomomola|Flip Turn|p2a: Kingambit
|-damage|p2a: Kingambit|63/100
|
|t:|1760782016
|switch|p1a: Dragonite|Dragonite, M|41/100|[from] Flip Turn
|
|-heal|p1a: Dragonite|100/100|[from] move: Wish|[wisher] Alomomola
|upkeep
|turn|25
|
|t:|1760782023
|move|p1a: Dragonite|Earthquake|p2a: Kingambit
|-supereffective|p2a: Kingambit
|-damage|p2a: Kingambit|9/100
|move|p2a: Kingambit|Kowtow Cleave|p1a: Dragonite
|-damage|p1a: Dragonite|44/100
|-damage|p2a: Kingambit|0 fnt|[from] item: Life Orb
|faint|p2a: Kingambit
|-end|p2a: Kingambit|fallen5|[silent]
|
|win|Denzsdh
|raw|Denzsdh's rating: 1071 &rarr; <strong>1102</strong><br />(+31 for winning)
|raw|beebopstolemyname's rating: 1086 &rarr; <strong>1062</strong><br />(-24 for losing)
|l|☆beebopstolemyname
|player|p2|
|l|☆Denzsdh
|player|p1|
