|j|☆Kazuelasnt
|j|☆OP Earthquakes
|t:|1760761085
|gametype|singles
|player|p1|Kazuelasnt|cress|1469
|player|p2|OP Earthquakes|giovanni-masters|1445
|gen|9
|tier|[Gen 9] OU
|rated|
|rule|HP Percentage Mod: HP is shown in percentages
|rule|Endless Battle Clause: Forcing endless battles is banned
|rule|Species Clause: Limit one of each Pokémon
|rule|OHKO Clause: OHKO moves are banned
|rule|Evasion Items Clause: Evasion items are banned
|rule|Evasion Moves Clause: Evasion moves are banned
|rule|Evasion Abilities Clause: Evasion abilities are banned
|rule|Sleep Moves Clause: Sleep-inducing moves are banned
|clearpoke
|poke|p1|Enamorus, F|
|poke|p1|Ogerpon-Wellspring, F|
|poke|p1|Iron Crown|
|poke|p1|Iron Hands|
|poke|p1|Glimmora, M|
|poke|p1|Ursaluna, M|
|poke|p2|Excadrill, F|
|poke|p2|Hawlucha, M|
|poke|p2|Kyurem|
|poke|p2|Tyranitar, M|
|poke|p2|Pawmot, F|
|poke|p2|Thundurus-Therian, M|
|teampreview
|inactive|Battle timer is ON: inactive players will automatically lose when time's up. (requested by OP Earthquakes)
|c|☆OP Earthquakes|GLHF!
|
|t:|1760761097
|teamsize|p1|6
|teamsize|p2|6
|start
|switch|p1a: Mr JOEgerpon|Ogerpon-Wellspring, F|100/100
|switch|p2a: Thundurus|Thundurus-Therian, M|100/100
|turn|1
|
|t:|1760761102
|move|p2a: Thundurus|Volt Switch|p1a: Mr JOEgerpon
|-damage|p1a: Mr JOEgerpon|54/100
|
|t:|1760761107
|switch|p2a: Frieza|Kyurem, shiny|100/100|[from] Volt Switch
|-ability|p2a: Frieza|Pressure
|move|p1a: Mr JOEgerpon|U-turn|p2a: Frieza
|-damage|p2a: Frieza|73/100
|
|t:|1760761115
|switch|p1a: Hestia|Enamorus, F, shiny|100/100|[from] U-turn
|
|upkeep
|turn|2
|
|t:|1760761120
|-terastallize|p2a: Frieza|Ghost
|move|p1a: Hestia|Moonblast|p2a: Frieza
|-damage|p2a: Frieza|22/100
|move|p2a: Frieza|Freeze-Dry|p1a: Hestia
|-supereffective|p1a: Hestia
|-damage|p1a: Hestia|0 fnt
|faint|p1a: Hestia
|
|upkeep
|
|t:|1760761125
|switch|p1a: Mr JOEgerpon|Ogerpon-Wellspring, F|54/100
|turn|3
|
|t:|1760761135
|switch|p2a: Itachi|Hawlucha, M, shiny|100/100
|-ability|p2a: Itachi|Mold Breaker
|move|p1a: Mr JOEgerpon|Knock Off|p2a: Itachi
|-resisted|p2a: Itachi
|-damage|p2a: Itachi|71/100
|-enditem|p2a: Itachi|Red Card|[from] move: Knock Off|[of] p1a: Mr JOEgerpon
|
|upkeep
|turn|4
|
|t:|1760761141
|move|p2a: Itachi|Brave Bird|p1a: Mr JOEgerpon
|-supereffective|p1a: Mr JOEgerpon
|-damage|p1a: Mr JOEgerpon|0 fnt
|faint|p1a: Mr JOEgerpon
|-damage|p2a: Itachi|53/100|[from] Recoil
|
|upkeep
|
|t:|1760761143
|switch|p1a: Ferropalmas|Iron Hands, shiny|100/100
|-enditem|p1a: Ferropalmas|Booster Energy
|-activate|p1a: Ferropalmas|ability: Quark Drive|[fromitem]
|-start|p1a: Ferropalmas|quarkdriveatk
|turn|5
|
|t:|1760761155
|switch|p2a: Thundurus|Thundurus-Therian, M|100/100
|move|p1a: Ferropalmas|Ice Punch|p2a: Thundurus
|-supereffective|p2a: Thundurus
|-damage|p2a: Thundurus|0 fnt
|faint|p2a: Thundurus
|
|upkeep
|
|t:|1760761165
|switch|p2a: OP|Excadrill, F|100/100
|turn|6
|c|☆Kazuelasnt|Oh whoops. Sorry. Have fun too!
|
|t:|1760761184
|move|p2a: OP|Earthquake|p1a: Ferropalmas
|-supereffective|p1a: Ferropalmas
|-damage|p1a: Ferropalmas|0 fnt
|faint|p1a: Ferropalmas
|-end|p1a: Ferropalmas|Quark Drive|[silent]
|
|upkeep
|
|t:|1760761188
|switch|p1a: Big Paps|Ursaluna, M, shiny|100/100
|turn|7
|
|t:|1760761193
|switch|p2a: Frieza|Kyurem, shiny, tera:Ghost|22/100
|-ability|p2a: Frieza|Pressure
|move|p1a: Big Paps|Headlong Rush|p2a: Frieza
|-damage|p2a: Frieza|0 fnt
|-unboost|p1a: Big Paps|def|1
|-unboost|p1a: Big Paps|spd|1
|faint|p2a: Frieza
|
|upkeep
|
|t:|1760761201
|switch|p2a: Itachi|Hawlucha, M, shiny|53/100
|-ability|p2a: Itachi|Mold Breaker
|turn|8
|
|t:|1760761206
|switch|p1a: Roka|Glimmora, M, shiny|100/100
|move|p2a: Itachi|Encore||[still]
|-fail|p2a: Itachi
|
|upkeep
|turn|9
|
|t:|1760761212
|switch|p2a: Shukaku|Tyranitar, M, shiny|100/100
|-weather|Sandstorm|[from] ability: Sand Stream|[of] p2a: Shukaku
|move|p1a: Roka|Mortal Spin|p2a: Shukaku
|-resisted|p2a: Shukaku
|-damage|p2a: Shukaku|99/100
|-status|p2a: Shukaku|psn
|
|-weather|Sandstorm|[upkeep]
|-damage|p2a: Shukaku|86/100 psn|[from] psn
|upkeep
|turn|10
|
|t:|1760761220
|move|p1a: Roka|Earth Power|p2a: Shukaku
|-supereffective|p2a: Shukaku
|-damage|p2a: Shukaku|53/100 psn
|move|p2a: Shukaku|Ice Beam|p1a: Roka
|-damage|p1a: Roka|87/100
|-enditem|p1a: Roka|Red Card|[of] p2a: Shukaku
|drag|p2a: OP|Excadrill, F|100/100
|
|-weather|Sandstorm|[upkeep]
|upkeep
|turn|11
|
|t:|1760761236
|move|p2a: OP|Earthquake|p1a: Roka
|-supereffective|p1a: Roka
|-damage|p1a: Roka|0 fnt
|-activate|p1a: Roka|ability: Toxic Debris
|-sidestart|p2: OP Earthquakes|move: Toxic Spikes
|faint|p1a: Roka
|
|-weather|Sandstorm|[upkeep]
|upkeep
|
|t:|1760761238
|switch|p1a: Big Paps|Ursaluna, M, shiny|100/100
|turn|12
|
|t:|1760761243
|move|p2a: OP|Earthquake|p1a: Big Paps
|-damage|p1a: Big Paps|40/100
|move|p1a: Big Paps|Headlong Rush|p2a: OP
|-supereffective|p2a: OP
|-damage|p2a: OP|0 fnt
|-unboost|p1a: Big Paps|def|1
|-unboost|p1a: Big Paps|spd|1
|faint|p2a: OP
|
|-weather|Sandstorm|[upkeep]
|-heal|p1a: Big Paps|46/100|[from] item: Leftovers
|upkeep
|
|t:|1760761250
|switch|p2a: Porunga|Pawmot, F|100/100
|-status|p2a: Porunga|psn
|turn|13
|inactive|Kazuelasnt has 120 seconds left.
|
|t:|1760761284
|move|p2a: Porunga|Revival Blessing|p2a: Porunga
|-enditem|p2a: Porunga|Leppa Berry|[eat]
|-activate|p2a: Porunga|item: Leppa Berry|Revival Blessing|[consumed]
|
|t:|1760761290
|-heal|p2: OP|50/100|[from] move: Revival Blessing
|move|p1a: Big Paps|Headlong Rush|p2a: Porunga
|-supereffective|p2a: Porunga
|-crit|p2a: Porunga
|-damage|p2a: Porunga|0 fnt
|-unboost|p1a: Big Paps|def|1
|-unboost|p1a: Big Paps|spd|1
|faint|p2a: Porunga
|
|-weather|Sandstorm|[upkeep]
|-heal|p1a: Big Paps|52/100|[from] item: Leftovers
|upkeep
|
|t:|1760761294
|switch|p2a: OP|Excadrill, F|50/100
|turn|14
|
|t:|1760761313
|move|p2a: OP|Earthquake|p1a: Big Paps
|-damage|p1a: Big Paps|0 fnt
|faint|p1a: Big Paps
|
|-weather|Sandstorm|[upkeep]
|upkeep
|
|t:|1760761315
|switch|p1a: Ferrotesta|Iron Crown|100/100
|turn|15
|c|☆Kazuelasnt|Gg
|
|t:|1760761327
|-terastallize|p1a: Ferrotesta|Steel
|move|p2a: OP|Earthquake|p1a: Ferrotesta
|-supereffective|p1a: Ferrotesta
|-damage|p1a: Ferrotesta|0 fnt
|faint|p1a: Ferrotesta
|-end|p1a: Ferrotesta|Quark Drive|[silent]
|
|win|OP Earthquakes
|raw|Kazuelasnt's rating: 1469 &rarr; <strong>1448</strong><br />(-21 for losing)
|raw|OP Earthquakes's rating: 1445 &rarr; <strong>1466</strong><br />(+21 for winning)
|c|☆OP Earthquakes|GG
|l|☆OP Earthquakes
|player|p2|
|l|☆Kazuelasnt
|player|p1|
