|j|☆andrepug
|j|☆vybes
|t:|1760800558
|gametype|singles
|player|p1|andrepug|nate|1296
|player|p2|vybes|cynthia-masters|1294
|gen|9
|tier|[Gen 9] OU
|rated|
|rule|HP Percentage Mod: HP is shown in percentages
|rule|Endless Battle Clause: Forcing endless battles is banned
|rule|Species Clause: Limit one of each Pokémon
|rule|OHKO Clause: OHKO moves are banned
|rule|Evasion Items Clause: Evasion items are banned
|rule|Evasion Moves Clause: Evasion moves are banned
|rule|Evasion Abilities Clause: Evasion abilities are banned
|rule|Sleep Moves Clause: Sleep-inducing moves are banned
|clearpoke
|poke|p1|Clefable, F|
|poke|p1|Ninetales-Alola, M|
|poke|p1|Weezing-Galar, F|
|poke|p1|Garganacl, F|
|poke|p1|Gliscor, F|
|poke|p1|Dragonite, F|
|poke|p2|Dragonite, F|
|poke|p2|Deoxys-Speed|
|poke|p2|Pecharunt|
|poke|p2|Corviknight, F|
|poke|p2|Slither Wing|
|poke|p2|Darkrai|
|teampreview
|
|t:|1760800609
|teamsize|p1|6
|teamsize|p2|6
|start
|switch|p1a: Ninetales|Ninetales-Alola, M|100/100
|switch|p2a: Slither Wing|Slither Wing|100/100
|-weather|Snowscape|[from] ability: Snow Warning|[of] p1a: Ninetales
|turn|1
|inactive|Battle timer is ON: inactive players will automatically lose when time's up. (requested by vybes)
|
|t:|1760800623
|move|p1a: Ninetales|Aurora Veil|p1a: Ninetales
|-sidestart|p1: andrepug|move: Aurora Veil
|move|p2a: Slither Wing|U-turn|p1a: Ninetales
|-resisted|p1a: Ninetales
|-damage|p1a: Ninetales|92/100
|inactive|vybes has 120 seconds left.
|
|t:|1760800665
|-end|p2a: Slither Wing|Protosynthesis|[silent]
|switch|p2a: Deoxys|Deoxys-Speed|100/100|[from] U-turn
|-ability|p2a: Deoxys|Pressure
|
|-weather|Snowscape|[upkeep]
|upkeep
|turn|2
|
|t:|1760800674
|move|p2a: Deoxys|Knock Off|p1a: Ninetales
|-resisted|p1a: Ninetales
|-damage|p1a: Ninetales|87/100
|-enditem|p1a: Ninetales|Light Clay|[from] move: Knock Off|[of] p2a: Deoxys
|move|p1a: Ninetales|Moonblast|p2a: Deoxys
|-damage|p2a: Deoxys|52/100
|-unboost|p2a: Deoxys|spa|1
|
|-weather|Snowscape|[upkeep]
|upkeep
|turn|3
|
|t:|1760800686
|move|p2a: Deoxys|Stealth Rock|p1a: Ninetales
|-sidestart|p1: andrepug|move: Stealth Rock
|move|p1a: Ninetales|Encore|p2a: Deoxys
|-start|p2a: Deoxys|Encore
|
|-weather|Snowscape|[upkeep]
|upkeep
|turn|4
|
|t:|1760800700
|switch|p2a: Corviknight|Corviknight, F|100/100
|-ability|p2a: Corviknight|Pressure
|switch|p1a: Dragonite|Dragonite, F|100/100
|-damage|p1a: Dragonite|76/100|[from] Stealth Rock
|
|-weather|Snowscape|[upkeep]
|-heal|p1a: Dragonite|82/100|[from] item: Leftovers
|upkeep
|turn|5
|
|t:|1760800712
|move|p1a: Dragonite|Dragon Dance|p1a: Dragonite
|-boost|p1a: Dragonite|atk|1
|-boost|p1a: Dragonite|spe|1
|move|p2a: Corviknight|Iron Defense|p2a: Corviknight
|-boost|p2a: Corviknight|def|2
|
|-weather|none
|-heal|p1a: Dragonite|88/100|[from] item: Leftovers
|upkeep
|turn|6
|
|t:|1760800721
|move|p1a: Dragonite|Dragon Dance|p1a: Dragonite
|-boost|p1a: Dragonite|atk|1
|-boost|p1a: Dragonite|spe|1
|move|p2a: Corviknight|Iron Defense|p2a: Corviknight
|-boost|p2a: Corviknight|def|2
|
|-heal|p1a: Dragonite|94/100|[from] item: Leftovers
|upkeep
|turn|7
|
|t:|1760800730
|move|p1a: Dragonite|Dragon Dance|p1a: Dragonite
|-boost|p1a: Dragonite|atk|1
|-boost|p1a: Dragonite|spe|1
|move|p2a: Corviknight|Iron Defense|p2a: Corviknight
|-boost|p2a: Corviknight|def|2
|
|-heal|p1a: Dragonite|99/100|[from] item: Leftovers
|upkeep
|turn|8
|
|t:|1760800744
|move|p1a: Dragonite|Dragon Dance|p1a: Dragonite
|-boost|p1a: Dragonite|atk|1
|-boost|p1a: Dragonite|spe|1
|move|p2a: Corviknight|Body Press|p1a: Dragonite
|-resisted|p1a: Dragonite
|-damage|p1a: Dragonite|74/100
|
|-heal|p1a: Dragonite|80/100|[from] item: Leftovers
|-sideend|p1: andrepug|move: Aurora Veil
|upkeep
|turn|9
|
|t:|1760800755
|move|p1a: Dragonite|Dragon Claw|p2a: Corviknight
|-resisted|p2a: Corviknight
|-damage|p2a: Corviknight|90/100
|-damage|p1a: Dragonite|63/100|[from] item: Rocky Helmet|[of] p2a: Corviknight
|move|p2a: Corviknight|Body Press|p1a: Dragonite
|-resisted|p1a: Dragonite
|-damage|p1a: Dragonite|13/100
|
|-heal|p1a: Dragonite|19/100|[from] item: Leftovers
|upkeep
|turn|10
|
|t:|1760800775
|move|p1a: Dragonite|Dragon Claw|p2a: Corviknight
|-resisted|p2a: Corviknight
|-damage|p2a: Corviknight|79/100
|-damage|p1a: Dragonite|2/100|[from] item: Rocky Helmet|[of] p2a: Corviknight
|move|p2a: Corviknight|Body Press|p1a: Dragonite
|-resisted|p1a: Dragonite
|-damage|p1a: Dragonite|0 fnt
|faint|p1a: Dragonite
|
|upkeep
|
|t:|1760800787
|switch|p1a: Weezing|Weezing-Galar, F|100/100
|-ability|p1a: Weezing|Neutralizing Gas
|-damage|p1a: Weezing|88/100|[from] Stealth Rock
|turn|11
|
|t:|1760800798
|move|p2a: Corviknight|Body Press|p1a: Weezing
|-resisted|p1a: Weezing
|-damage|p1a: Weezing|66/100
|move|p1a: Weezing|Will-O-Wisp|p2a: Corviknight
|-status|p2a: Corviknight|brn
|
|-heal|p1a: Weezing|72/100|[from] item: Black Sludge
|-damage|p2a: Corviknight|73/100 brn|[from] brn
|upkeep
|turn|12
|
|t:|1760800811
|move|p2a: Corviknight|Roost|p2a: Corviknight
|-heal|p2a: Corviknight|100/100 brn
|-singleturn|p2a: Corviknight|move: Roost
|move|p1a: Weezing|Defog|p2a: Corviknight
|-unboost|p2a: Corviknight|evasion|1
|-sideend|p1: andrepug|Stealth Rock|[from] move: Defog|[of] p1a: Weezing
|
|-heal|p1a: Weezing|78/100|[from] item: Black Sludge
|-damage|p2a: Corviknight|94/100 brn|[from] brn
|upkeep
|turn|13
|
|t:|1760800823
|move|p2a: Corviknight|U-turn|p1a: Weezing
|-resisted|p1a: Weezing
|-damage|p1a: Weezing|77/100
|
|t:|1760800831
|switch|p2a: Deoxys|Deoxys-Speed|52/100|[from] U-turn
|move|p1a: Weezing|Pain Split|p2a: Deoxys
|-sethp|p2a: Deoxys|79/100|[from] move: Pain Split|[silent]
|-sethp|p1a: Weezing|57/100|[from] move: Pain Split
|
|-heal|p1a: Weezing|63/100|[from] item: Black Sludge
|upkeep
|turn|14
|
|t:|1760800845
|move|p2a: Deoxys|Knock Off|p1a: Weezing
|-resisted|p1a: Weezing
|-damage|p1a: Weezing|51/100
|-enditem|p1a: Weezing|Black Sludge|[from] move: Knock Off|[of] p2a: Deoxys
|move|p1a: Weezing|Will-O-Wisp|p2a: Deoxys
|-status|p2a: Deoxys|brn
|
|-damage|p2a: Deoxys|73/100 brn|[from] brn
|upkeep
|turn|15
|
|t:|1760800859
|move|p2a: Deoxys|Psycho Boost|p1a: Weezing|[miss]
|-miss|p2a: Deoxys|p1a: Weezing
|move|p1a: Weezing|Pain Split|p2a: Deoxys
|-sethp|p2a: Deoxys|71/100 brn|[from] move: Pain Split|[silent]
|-sethp|p1a: Weezing|52/100|[from] move: Pain Split
|
|-damage|p2a: Deoxys|65/100 brn|[from] brn
|upkeep
|turn|16
|
|t:|1760800873
|-end|p1a: Weezing|ability: Neutralizing Gas
|-ability|p2a: Deoxys|Pressure
|switch|p1a: Clefable|Clefable, F|100/100
|move|p2a: Deoxys|Knock Off|p1a: Clefable
|-resisted|p1a: Clefable
|-damage|p1a: Clefable|96/100
|-enditem|p1a: Clefable|Leftovers|[from] move: Knock Off|[of] p2a: Deoxys
|
|-damage|p2a: Deoxys|59/100 brn|[from] brn
|upkeep
|turn|17
|
|t:|1760800885
|move|p2a: Deoxys|Stealth Rock|p1a: Clefable
|-sidestart|p1: andrepug|move: Stealth Rock
|move|p1a: Clefable|Cosmic Power|p1a: Clefable
|-boost|p1a: Clefable|def|1
|-boost|p1a: Clefable|spd|1
|
|-damage|p2a: Deoxys|53/100 brn|[from] brn
|upkeep
|turn|18
|
|t:|1760800893
|switch|p2a: Pecharunt|Pecharunt|100/100
|move|p1a: Clefable|Calm Mind|p1a: Clefable
|-boost|p1a: Clefable|spa|1
|-boost|p1a: Clefable|spd|1
|
|upkeep
|turn|19
|
|t:|1760800903
|move|p2a: Pecharunt|Malignant Chain|p1a: Clefable
|-supereffective|p1a: Clefable
|-damage|p1a: Clefable|54/100
|-status|p1a: Clefable|tox
|-start|p1a: Clefable|confusion|[from] ability: Poison Puppeteer|[of] p2a: Pecharunt
|-activate|p1a: Clefable|confusion
|move|p1a: Clefable|Calm Mind|p1a: Clefable
|-boost|p1a: Clefable|spa|1
|-boost|p1a: Clefable|spd|1
|
|-damage|p1a: Clefable|48/100 tox|[from] psn
|upkeep
|turn|20
|
|t:|1760800918
|move|p2a: Pecharunt|Malignant Chain|p1a: Clefable
|-supereffective|p1a: Clefable
|-damage|p1a: Clefable|18/100 tox
|-end|p1a: Clefable|confusion
|move|p1a: Clefable|Stored Power|p2a: Pecharunt
|-supereffective|p2a: Pecharunt
|-damage|p2a: Pecharunt|0 fnt
|faint|p2a: Pecharunt
|
|-damage|p1a: Clefable|6/100 tox|[from] psn
|upkeep
|
|t:|1760800936
|switch|p2a: Dragonite|Dragonite, F|100/100
|turn|21
|
|t:|1760800940
|move|p2a: Dragonite|Dragon Dance|p2a: Dragonite
|-boost|p2a: Dragonite|atk|1
|-boost|p2a: Dragonite|spe|1
|move|p1a: Clefable|Draining Kiss|p2a: Dragonite
|-supereffective|p2a: Dragonite
|-damage|p2a: Dragonite|67/100
|-heal|p1a: Clefable|26/100 tox|[from] drain|[of] p2a: Dragonite
|
|-damage|p1a: Clefable|8/100 tox|[from] psn
|upkeep
|turn|22
|
|t:|1760800955
|move|p2a: Dragonite|Extreme Speed|p1a: Clefable
|-damage|p1a: Clefable|0 fnt
|faint|p1a: Clefable
|
|upkeep
|
|t:|1760800962
|switch|p1a: Weezing|Weezing-Galar, F|52/100
|-ability|p1a: Weezing|Neutralizing Gas
|-damage|p1a: Weezing|39/100|[from] Stealth Rock
|turn|23
|
|t:|1760800970
|move|p2a: Dragonite|Earthquake|p1a: Weezing
|-supereffective|p1a: Weezing
|-damage|p1a: Weezing|0 fnt
|faint|p1a: Weezing
|-end|p1a: Weezing|ability: Neutralizing Gas
|
|upkeep
|
|t:|1760800977
|switch|p1a: Gliscor|Gliscor, F|100/100
|-damage|p1a: Gliscor|88/100|[from] Stealth Rock
|turn|24
|
|t:|1760800985
|move|p2a: Dragonite|Ice Spinner|p1a: Gliscor
|-supereffective|p1a: Gliscor
|-damage|p1a: Gliscor|0 fnt
|faint|p1a: Gliscor
|
|upkeep
|
|t:|1760800991
|switch|p1a: Ninetales|Ninetales-Alola, M|87/100
|-damage|p1a: Ninetales|62/100|[from] Stealth Rock
|-weather|Snowscape|[from] ability: Snow Warning|[of] p1a: Ninetales
|turn|25
|
|t:|1760801001
|-terastallize|p2a: Dragonite|Normal
|move|p2a: Dragonite|Extreme Speed|p1a: Ninetales
|-damage|p1a: Ninetales|4/100
|move|p1a: Ninetales|Aurora Veil|p1a: Ninetales
|-sidestart|p1: andrepug|move: Aurora Veil
|
|-weather|Snowscape|[upkeep]
|upkeep
|turn|26
|
|t:|1760801013
|move|p2a: Dragonite|Extreme Speed|p1a: Ninetales
|-damage|p1a: Ninetales|0 fnt
|faint|p1a: Ninetales
|
|-weather|Snowscape|[upkeep]
|upkeep
|
|t:|1760801020
|switch|p1a: Garganacl|Garganacl, F|100/100
|-damage|p1a: Garganacl|88/100|[from] Stealth Rock
|turn|27
|
|t:|1760801027
|-terastallize|p1a: Garganacl|Ghost
|move|p2a: Dragonite|Earthquake|p1a: Garganacl
|-damage|p1a: Garganacl|69/100
|move|p1a: Garganacl|Iron Defense|p1a: Garganacl
|-boost|p1a: Garganacl|def|2
|
|-weather|Snowscape|[upkeep]
|-heal|p1a: Garganacl|75/100|[from] item: Leftovers
|upkeep
|turn|28
|
|t:|1760801037
|switch|p2a: Darkrai|Darkrai|100/100
|move|p1a: Garganacl|Iron Defense|p1a: Garganacl
|-boost|p1a: Garganacl|def|2
|
|-weather|Snowscape|[upkeep]
|-heal|p1a: Garganacl|82/100|[from] item: Leftovers
|upkeep
|turn|29
|
|t:|1760801046
|move|p2a: Darkrai|Trick|p1a: Garganacl
|-activate|p2a: Darkrai|move: Trick|[of] p1a: Garganacl
|-item|p1a: Garganacl|Choice Scarf|[from] move: Trick
|-item|p2a: Darkrai|Leftovers|[from] move: Trick
|move|p1a: Garganacl|Salt Cure|p2a: Darkrai
|-damage|p2a: Darkrai|82/100
|-start|p2a: Darkrai|Salt Cure
|
|-weather|none
|-heal|p2a: Darkrai|88/100|[from] item: Leftovers
|-damage|p2a: Darkrai|76/100|[from] Salt Cure
|-sideend|p1: andrepug|move: Aurora Veil
|upkeep
|turn|30
|
|t:|1760801057
|move|p2a: Darkrai|Dark Pulse|p1a: Garganacl
|-supereffective|p1a: Garganacl
|-damage|p1a: Garganacl|20/100
|move|p1a: Garganacl|Salt Cure|p2a: Darkrai
|-damage|p2a: Darkrai|59/100
|
|-heal|p2a: Darkrai|65/100|[from] item: Leftovers
|-damage|p2a: Darkrai|52/100|[from] Salt Cure
|upkeep
|turn|31
|-message|andrepug forfeited.
|
|win|vybes
|raw|andrepug's rating: 1296 &rarr; <strong>1271</strong><br />(-25 for losing)
|raw|vybes's rating: 1294 &rarr; <strong>1319</strong><br />(+25 for winning)
|l|☆andrepug
|player|p1|
|l|☆vybes
|player|p2|
|j|☆vybes
|player|p2|vybes|cynthia-masters|
