|j|☆Spashtm
|j|☆Rat Conjoe
|t:|1760759622
|gametype|singles
|player|p1|Spashtm|cress|1153
|player|p2|Rat Conjoe|dawn|1110
|gen|9
|tier|[Gen 9] OU
|rated|
|rule|HP Percentage Mod: HP is shown in percentages
|rule|Endless Battle Clause: Forcing endless battles is banned
|rule|Species Clause: Limit one of each Pokémon
|rule|OHKO Clause: OHKO moves are banned
|rule|Evasion Items Clause: Evasion items are banned
|rule|Evasion Moves Clause: Evasion moves are banned
|rule|Evasion Abilities Clause: Evasion abilities are banned
|rule|Sleep Moves Clause: Sleep-inducing moves are banned
|clearpoke
|poke|p1|Chandelure, M|
|poke|p1|Volcanion|
|poke|p1|Garchomp, M|
|poke|p1|Cryogonal|
|poke|p1|Tinkaton, F|
|poke|p1|Lokix, F|
|poke|p2|Flygon, M|
|poke|p2|Ceruledge, F|
|poke|p2|Umbreon, F|
|poke|p2|Eelektross, M|
|poke|p2|Scizor, M|
|poke|p2|Meowscarada, F|
|teampreview
|
|t:|1760759630
|teamsize|p1|6
|teamsize|p2|6
|start
|switch|p1a: Chandelure|Chandelure, M|100/100
|switch|p2a: Meowscarada|Meowscarada, F|100/100
|turn|1
|
|t:|1760759635
|move|p1a: Chandelure|Overheat|p2a: Meowscarada
|-supereffective|p2a: Meowscarada
|-damage|p2a: Meowscarada|0 fnt
|-unboost|p1a: Chandelure|spa|2
|faint|p2a: Meowscarada
|
|upkeep
|
|t:|1760759644
|switch|p2a: Ceruledge|Ceruledge, F|100/100
|turn|2
|
|t:|1760759650
|switch|p1a: Volcanion|Volcanion|100/100
|move|p2a: Ceruledge|Shadow Sneak|p1a: Volcanion
|-damage|p1a: Volcanion|85/100
|
|upkeep
|turn|3
|
|t:|1760759660
|switch|p2a: Eelektross|Eelektross, M|100/100
|move|p1a: Volcanion|Steam Eruption|p2a: Eelektross
|-damage|p2a: Eelektross|57/100
|
|upkeep
|turn|4
|
|t:|1760759668
|switch|p1a: Garchomp|Garchomp, M|100/100
|move|p2a: Eelektross|Volt Switch|p1a: Garchomp
|-immune|p1a: Garchomp
|
|upkeep
|turn|5
|
|t:|1760759676
|move|p1a: Garchomp|Spikes|p2a: Eelektross
|-sidestart|p2: Rat Conjoe|Spikes
|move|p2a: Eelektross|Giga Drain|p1a: Garchomp
|-damage|p1a: Garchomp|74/100
|-heal|p2a: Eelektross|70/100|[from] drain|[of] p1a: Garchomp
|
|upkeep
|turn|6
|
|t:|1760759686
|move|p1a: Garchomp|Spikes|p2a: Eelektross
|-sidestart|p2: Rat Conjoe|Spikes
|move|p2a: Eelektross|Knock Off|p1a: Garchomp
|-damage|p1a: Garchomp|57/100
|-damage|p2a: Eelektross|58/100|[from] ability: Rough Skin|[of] p1a: Garchomp
|-damage|p2a: Eelektross|41/100|[from] item: Rocky Helmet|[of] p1a: Garchomp
|-enditem|p1a: Garchomp|Rocky Helmet|[from] move: Knock Off|[of] p2a: Eelektross
|
|upkeep
|turn|7
|
|t:|1760759694
|move|p1a: Garchomp|Spikes|p2a: Eelektross
|-sidestart|p2: Rat Conjoe|Spikes
|move|p2a: Eelektross|Giga Drain|p1a: Garchomp
|-damage|p1a: Garchomp|30/100
|-heal|p2a: Eelektross|54/100|[from] drain|[of] p1a: Garchomp
|
|upkeep
|turn|8
|
|t:|1760759700
|switch|p1a: Chandelure|Chandelure, M|100/100
|move|p2a: Eelektross|Giga Drain|p1a: Chandelure
|-resisted|p1a: Chandelure
|-damage|p1a: Chandelure|82/100
|-heal|p2a: Eelektross|61/100|[from] drain|[of] p1a: Chandelure
|
|upkeep
|turn|9
|
|t:|1760759710
|move|p1a: Chandelure|Shadow Ball|p2a: Eelektross
|-damage|p2a: Eelektross|29/100
|-unboost|p2a: Eelektross|spd|1
|move|p2a: Eelektross|Knock Off|p1a: Chandelure
|-supereffective|p1a: Chandelure
|-damage|p1a: Chandelure|5/100
|-enditem|p1a: Chandelure|Choice Scarf|[from] move: Knock Off|[of] p2a: Eelektross
|
|upkeep
|turn|10
|
|t:|1760759721
|move|p1a: Chandelure|Shadow Ball|p2a: Eelektross
|-damage|p2a: Eelektross|0 fnt
|faint|p2a: Eelektross
|
|upkeep
|
|t:|1760759730
|switch|p2a: Umbreon|Umbreon, F, shiny|100/100
|turn|11
|
|t:|1760759753
|move|p1a: Chandelure|Overheat|p2a: Umbreon
|-damage|p2a: Umbreon|60/100
|-unboost|p1a: Chandelure|spa|2
|move|p2a: Umbreon|Wish|p2a: Umbreon
|
|upkeep
|turn|12
|
|t:|1760759762
|move|p1a: Chandelure|Memento|p2a: Umbreon
|-unboost|p2a: Umbreon|atk|2
|-unboost|p2a: Umbreon|spa|2
|faint|p1a: Chandelure
|move|p2a: Umbreon|Foul Play|p1: Chandelure|[notarget]
|-fail|p2a: Umbreon
|
|-heal|p2a: Umbreon|100/100|[from] move: Wish|[wisher] Umbreon
|upkeep
|
|t:|1760759779
|switch|p1a: Garchomp|Garchomp, M|30/100
|turn|13
|
|t:|1760759782
|move|p1a: Garchomp|Stealth Rock|p2a: Umbreon
|-sidestart|p2: Rat Conjoe|move: Stealth Rock
|move|p2a: Umbreon|Foul Play|p1a: Garchomp
|-damage|p1a: Garchomp|0 fnt
|-damage|p2a: Umbreon|88/100|[from] ability: Rough Skin|[of] p1a: Garchomp
|faint|p1a: Garchomp
|
|upkeep
|
|t:|1760759790
|switch|p1a: Lokix|Lokix, F|100/100
|turn|14
|
|t:|1760759796
|-terastallize|p2a: Umbreon|Poison
|move|p1a: Lokix|First Impression|p2a: Umbreon
|-resisted|p2a: Umbreon
|-damage|p2a: Umbreon|50/100
|-damage|p1a: Lokix|91/100|[from] item: Life Orb
|move|p2a: Umbreon|Toxic|p1a: Lokix
|-status|p1a: Lokix|tox
|
|-damage|p1a: Lokix|85/100 tox|[from] psn
|upkeep
|turn|15
|
|t:|1760759806
|move|p1a: Lokix|U-turn|p2a: Umbreon
|-resisted|p2a: Umbreon
|-damage|p2a: Umbreon|17/100
|-damage|p1a: Lokix|75/100 tox|[from] item: Life Orb
|
|t:|1760759811
|switch|p1a: Tinkaton|Tinkaton, F, shiny|100/100|[from] U-turn
|-ability|p1a: Tinkaton|Mold Breaker
|-item|p1a: Tinkaton|Air Balloon
|move|p2a: Umbreon|Wish|p2a: Umbreon
|
|upkeep
|turn|16
|
|t:|1760759829
|switch|p2a: Ceruledge|Ceruledge, F|100/100
|-damage|p2a: Ceruledge|76/100|[from] Spikes
|-damage|p2a: Ceruledge|51/100|[from] Stealth Rock
|move|p1a: Tinkaton|Knock Off|p2a: Ceruledge
|-supereffective|p2a: Ceruledge
|-damage|p2a: Ceruledge|0 fnt
|-enditem|p2a: Ceruledge|Focus Sash|[from] move: Knock Off|[of] p1a: Tinkaton
|faint|p2a: Ceruledge
|
|upkeep
|
|t:|1760759838
|switch|p2a: Flygon|Flygon, M|100/100
|-damage|p2a: Flygon|95/100|[from] Stealth Rock
|turn|17
|
|t:|1760759845
|move|p2a: Flygon|Earthquake|p1a: Tinkaton
|-immune|p1a: Tinkaton
|move|p1a: Tinkaton|Play Rough|p2a: Flygon|[miss]
|-miss|p1a: Tinkaton|p2a: Flygon
|
|upkeep
|turn|18
|
|t:|1760759852
|switch|p2a: Scizor|Scizor, M|100/100
|-damage|p2a: Scizor|76/100|[from] Spikes
|-damage|p2a: Scizor|63/100|[from] Stealth Rock
|move|p1a: Tinkaton|Encore||[still]
|-fail|p1a: Tinkaton
|
|upkeep
|turn|19
|
|t:|1760759867
|-terastallize|p1a: Tinkaton|Flying
|move|p1a: Tinkaton|Knock Off|p2a: Scizor
|-damage|p2a: Scizor|39/100
|-enditem|p2a: Scizor|Choice Band|[from] move: Knock Off|[of] p1a: Tinkaton
|move|p2a: Scizor|Close Combat|p1a: Tinkaton
|-resisted|p1a: Tinkaton
|-damage|p1a: Tinkaton|67/100
|-unboost|p2a: Scizor|def|1
|-unboost|p2a: Scizor|spd|1
|-enditem|p1a: Tinkaton|Air Balloon
|
|upkeep
|turn|20
|
|t:|1760759886
|move|p1a: Tinkaton|Gigaton Hammer|p2a: Scizor
|-resisted|p2a: Scizor
|-damage|p2a: Scizor|0 fnt
|faint|p2a: Scizor
|
|upkeep
|
|t:|1760759893
|switch|p2a: Flygon|Flygon, M|95/100
|-damage|p2a: Flygon|89/100|[from] Stealth Rock
|turn|21
|
|t:|1760759899
|move|p2a: Flygon|Stone Edge|p1a: Tinkaton|[miss]
|-miss|p2a: Flygon|p1a: Tinkaton
|move|p1a: Tinkaton|Play Rough|p2a: Flygon
|-supereffective|p2a: Flygon
|-damage|p2a: Flygon|0 fnt
|faint|p2a: Flygon
|
|upkeep
|c|☆Spashtm|ggs
|
|t:|1760759906
|switch|p2a: Umbreon|Umbreon, F, shiny, tera:Poison|17/100
|turn|22
|c|☆Rat Conjoe|GGs
|
|t:|1760759910
|move|p1a: Tinkaton|Play Rough|p2a: Umbreon
|-resisted|p2a: Umbreon
|-damage|p2a: Umbreon|5/100
|move|p2a: Umbreon|Foul Play|p1a: Tinkaton
|-damage|p1a: Tinkaton|23/100
|
|upkeep
|turn|23
|
|t:|1760759918
|move|p1a: Tinkaton|Gigaton Hammer|p2a: Umbreon
|-damage|p2a: Umbreon|0 fnt
|faint|p2a: Umbreon
|
|win|Spashtm
|raw|Spashtm's rating: 1153 &rarr; <strong>1175</strong><br />(+22 for winning)
|raw|Rat Conjoe's rating: 1110 &rarr; <strong>1088</strong><br />(-22 for losing)
|l|☆Rat Conjoe
|player|p2|
