|j|☆zxrkawa
|j|☆teraicescyther
|t:|1760870264
|gametype|singles
|player|p1|zxrkawa|elesa|1149
|player|p2|teraicescyther|colress|1193
|gen|9
|tier|[Gen 9] OU
|rated|
|rule|HP Percentage Mod: HP is shown in percentages
|rule|Endless Battle Clause: Forcing endless battles is banned
|rule|Species Clause: Limit one of each Pokémon
|rule|OHKO Clause: OHKO moves are banned
|rule|Evasion Items Clause: Evasion items are banned
|rule|Evasion Moves Clause: Evasion moves are banned
|rule|Evasion Abilities Clause: Evasion abilities are banned
|rule|Sleep Moves Clause: Sleep-inducing moves are banned
|clearpoke
|poke|p1|Walking Wake|
|poke|p1|Torkoal, F|
|poke|p1|Scovillain, F|
|poke|p1|Hatterene, F|
|poke|p1|Great Tusk|
|poke|p1|Clodsire, M|
|poke|p2|Clefable, F|
|poke|p2|Iron Treads|
|poke|p2|Heatran, F|
|poke|p2|Glimmora, F|
|poke|p2|Tornadus-Therian, M|
|poke|p2|Gholdengo|
|teampreview
|inactive|Battle timer is ON: inactive players will automatically lose when time's up. (requested by teraicescyther)
|inactive|zxrkawa also wants the timer to be on.
|
|t:|1760870274
|teamsize|p1|6
|teamsize|p2|6
|start
|switch|p1a: Great Tusk|Great Tusk|100/100
|switch|p2a: Gholdengo|Gholdengo|100/100
|turn|1
|
|t:|1760870280
|switch|p2a: Tornadus|Tornadus-Therian, M|100/100
|move|p1a: Great Tusk|Earthquake|p2a: Tornadus
|-immune|p2a: Tornadus
|
|upkeep
|turn|2
|
|t:|1760870284
|move|p2a: Tornadus|Knock Off|p1a: Great Tusk
|-resisted|p1a: Great Tusk
|-damage|p1a: Great Tusk|96/100
|-enditem|p1a: Great Tusk|Leftovers|[from] move: Knock Off|[of] p2a: Tornadus
|move|p1a: Great Tusk|Ice Spinner|p2a: Tornadus
|-supereffective|p2a: Tornadus
|-damage|p2a: Tornadus|45/100
|
|upkeep
|turn|3
|
|t:|1760870296
|move|p2a: Tornadus|U-turn|p1a: Great Tusk
|-resisted|p1a: Great Tusk
|-damage|p1a: Great Tusk|92/100
|
|t:|1760870305
|switch|p2a: Gholdengo|Gholdengo|100/100|[from] U-turn
|move|p1a: Great Tusk|Earthquake|p2a: Gholdengo
|-supereffective|p2a: Gholdengo
|-damage|p2a: Gholdengo|8/100
|
|upkeep
|turn|4
|
|t:|1760870317
|switch|p2a: Clefable|Clefable, F, shiny|100/100
|move|p1a: Great Tusk|Ice Spinner|p2a: Clefable
|-damage|p2a: Clefable|82/100
|
|-heal|p2a: Clefable|89/100|[from] item: Leftovers
|upkeep
|turn|5
|
|t:|1760870328
|-end|p1a: Great Tusk|Protosynthesis|[silent]
|switch|p1a: Hatterene|Hatterene, F|100/100
|move|p2a: Clefable|Moonblast|p1a: Hatterene
|-damage|p1a: Hatterene|66/100
|
|-heal|p2a: Clefable|95/100|[from] item: Leftovers
|-heal|p1a: Hatterene|72/100|[from] item: Leftovers
|upkeep
|turn|6
|
|t:|1760870336
|switch|p2a: Iron Treads|Iron Treads, shiny|100/100
|move|p1a: Hatterene|Nuzzle|p2a: Iron Treads
|-immune|p2a: Iron Treads
|
|-heal|p1a: Hatterene|78/100|[from] item: Leftovers
|upkeep
|turn|7
|
|t:|1760870351
|switch|p1a: Torkoal|Torkoal, F|100/100
|-weather|SunnyDay|[from] ability: Drought|[of] p1a: Torkoal
|move|p2a: Iron Treads|Knock Off|p1a: Torkoal
|-damage|p1a: Torkoal|83/100
|-enditem|p1a: Torkoal|Heat Rock|[from] move: Knock Off|[of] p2a: Iron Treads
|
|-weather|SunnyDay|[upkeep]
|upkeep
|turn|8
|
|t:|1760870363
|-end|p2a: Iron Treads|Quark Drive|[silent]
|switch|p2a: Heatran|Heatran, F|100/100
|-item|p2a: Heatran|Air Balloon
|move|p1a: Torkoal|Will-O-Wisp|p2a: Heatran
|-start|p2a: Heatran|ability: Flash Fire
|
|-weather|SunnyDay|[upkeep]
|upkeep
|turn|9
|
|t:|1760870371
|switch|p1a: Walking Wake|Walking Wake|100/100
|-activate|p1a: Walking Wake|ability: Protosynthesis
|-start|p1a: Walking Wake|protosynthesisspe
|move|p2a: Heatran|Earth Power|p1a: Walking Wake
|-damage|p1a: Walking Wake|68/100
|
|-weather|SunnyDay|[upkeep]
|upkeep
|turn|10
|inactive|teraicescyther has 120 seconds left.
|
|t:|1760870414
|-end|p2a: Heatran|ability: Flash Fire|[silent]
|switch|p2a: Clefable|Clefable, F, shiny|95/100
|-terastallize|p1a: Walking Wake|Water
|move|p1a: Walking Wake|Hydro Steam|p2a: Clefable
|-damage|p2a: Clefable|0 fnt
|faint|p2a: Clefable
|
|-weather|SunnyDay|[upkeep]
|upkeep
|
|t:|1760870419
|switch|p2a: Glimmora|Glimmora, F, shiny|100/100
|turn|11
|
|t:|1760870424
|move|p1a: Walking Wake|Hydro Steam|p2a: Glimmora
|-supereffective|p2a: Glimmora
|-enditem|p2a: Glimmora|Focus Sash
|-damage|p2a: Glimmora|1/100
|move|p2a: Glimmora|Mortal Spin|p1a: Walking Wake
|-damage|p1a: Walking Wake|62/100
|-status|p1a: Walking Wake|psn
|
|-weather|SunnyDay|[upkeep]
|-damage|p1a: Walking Wake|50/100 psn|[from] psn
|upkeep
|turn|12
|
|t:|1760870430
|move|p1a: Walking Wake|Hydro Steam|p2a: Glimmora
|-supereffective|p2a: Glimmora
|-damage|p2a: Glimmora|0 fnt
|faint|p2a: Glimmora
|
|-weather|SunnyDay|[upkeep]
|-damage|p1a: Walking Wake|37/100 psn|[from] psn
|upkeep
|inactive|teraicescyther has 120 seconds left.
|
|t:|1760870455
|switch|p2a: Iron Treads|Iron Treads, shiny|100/100
|turn|13
|
|t:|1760870458
|-terastallize|p2a: Iron Treads|Ice
|move|p1a: Walking Wake|Hydro Steam|p2a: Iron Treads
|-damage|p2a: Iron Treads|0 fnt
|faint|p2a: Iron Treads
|-end|p2a: Iron Treads|Quark Drive|[silent]
|
|-weather|SunnyDay|[upkeep]
|-damage|p1a: Walking Wake|25/100 psn|[from] psn
|upkeep
|inactive|teraicescyther has 120 seconds left.
|
|t:|1760870466
|switch|p2a: Gholdengo|Gholdengo|8/100
|turn|14
|
|t:|1760870469
|move|p1a: Walking Wake|Hydro Steam|p2a: Gholdengo
|-damage|p2a: Gholdengo|0 fnt
|faint|p2a: Gholdengo
|
|-weather|none
|-end|p1a: Walking Wake|Protosynthesis
|-damage|p1a: Walking Wake|13/100 psn|[from] psn
|upkeep
|
|t:|1760870478
|switch|p2a: Tornadus|Tornadus-Therian, M|78/100
|turn|15
|
|t:|1760870482
|-end|p1a: Walking Wake|Protosynthesis|[silent]
|switch|p1a: Great Tusk|Great Tusk|92/100
|move|p2a: Tornadus|Knock Off|p1a: Great Tusk
|-resisted|p1a: Great Tusk
|-damage|p1a: Great Tusk|88/100
|
|upkeep
|turn|16
|
|t:|1760870489
|move|p2a: Tornadus|Bleakwind Storm|p1a: Great Tusk
|-supereffective|p1a: Great Tusk
|-damage|p1a: Great Tusk|0 fnt
|faint|p1a: Great Tusk
|-end|p1a: Great Tusk|Protosynthesis|[silent]
|
|upkeep
|
|t:|1760870499
|switch|p1a: Hatterene|Hatterene, F|78/100
|turn|17
|
|t:|1760870505
|move|p2a: Tornadus|Knock Off|p1a: Hatterene
|-damage|p1a: Hatterene|58/100
|-enditem|p1a: Hatterene|Leftovers|[from] move: Knock Off|[of] p2a: Tornadus
|move|p1a: Hatterene|Psychic|p2a: Tornadus
|-damage|p2a: Tornadus|34/100
|
|upkeep
|turn|18
|
|t:|1760870511
|move|p2a: Tornadus|Bleakwind Storm|p1a: Hatterene
|-damage|p1a: Hatterene|18/100
|move|p1a: Hatterene|Healing Wish|p1a: Hatterene
|faint|p1a: Hatterene
|
|upkeep
|
|t:|1760870516
|switch|p1a: Walking Wake|Walking Wake, tera:Water|13/100 psn
|-heal|p1a: Walking Wake|100/100|[from] move: Healing Wish
|turn|19
|
|t:|1760870522
|-end|p1a: Walking Wake|Protosynthesis|[silent]
|switch|p1a: Torkoal|Torkoal, F|83/100
|-weather|SunnyDay|[from] ability: Drought|[of] p1a: Torkoal
|move|p2a: Tornadus|Bleakwind Storm|p1a: Torkoal
|-damage|p1a: Torkoal|41/100
|-unboost|p1a: Torkoal|spe|1
|
|-weather|SunnyDay|[upkeep]
|upkeep
|turn|20
|
|t:|1760870530
|switch|p1a: Clodsire|Clodsire, M|100/100
|move|p2a: Tornadus|Bleakwind Storm|p1a: Clodsire
|-damage|p1a: Clodsire|80/100
|
|-weather|SunnyDay|[upkeep]
|-heal|p1a: Clodsire|87/100|[from] item: Leftovers
|upkeep
|turn|21
|
|t:|1760870536
|move|p2a: Tornadus|Taunt|p1a: Clodsire
|-start|p1a: Clodsire|move: Taunt
|cant|p1a: Clodsire|move: Taunt|Toxic
|
|-weather|SunnyDay|[upkeep]
|-heal|p1a: Clodsire|93/100|[from] item: Leftovers
|upkeep
|turn|22
|
|t:|1760870540
|switch|p1a: Scovillain|Scovillain, F|100/100
|move|p2a: Tornadus|U-turn|p1a: Scovillain
|-damage|p1a: Scovillain|72/100
|
|t:|1760870543
|switch|p2a: Heatran|Heatran, F|100/100|[from] U-turn
|-item|p2a: Heatran|Air Balloon
|
|-weather|SunnyDay|[upkeep]
|upkeep
|turn|23
|
|t:|1760870550
|move|p1a: Scovillain|Giga Drain|p2a: Heatran
|-resisted|p2a: Heatran
|-damage|p2a: Heatran|91/100
|-heal|p1a: Scovillain|79/100|[from] drain|[of] p2a: Heatran
|-enditem|p2a: Heatran|Air Balloon
|-damage|p1a: Scovillain|70/100|[from] item: Life Orb
|move|p2a: Heatran|Magma Storm|p1a: Scovillain|[miss]
|-miss|p2a: Heatran|p1a: Scovillain
|
|-weather|none
|upkeep
|turn|24
|
|t:|1760870556
|switch|p1a: Torkoal|Torkoal, F|41/100
|-weather|SunnyDay|[from] ability: Drought|[of] p1a: Torkoal
|move|p2a: Heatran|Magma Storm|p1a: Torkoal|[miss]
|-miss|p2a: Heatran|p1a: Torkoal
|
|-weather|SunnyDay|[upkeep]
|upkeep
|turn|25
|
|t:|1760870571
|switch|p2a: Tornadus|Tornadus-Therian, M|68/100
|switch|p1a: Walking Wake|Walking Wake, tera:Water|100/100
|-activate|p1a: Walking Wake|ability: Protosynthesis
|-start|p1a: Walking Wake|protosynthesisspe
|
|-weather|SunnyDay|[upkeep]
|upkeep
|turn|26
|
|t:|1760870579
|move|p1a: Walking Wake|Hydro Steam|p2a: Tornadus
|-damage|p2a: Tornadus|0 fnt
|faint|p2a: Tornadus
|
|-weather|SunnyDay|[upkeep]
|upkeep
|-message|teraicescyther forfeited.
|
|win|zxrkawa
|raw|zxrkawa's rating: 1149 &rarr; <strong>1177</strong><br />(+28 for winning)
|raw|teraicescyther's rating: 1193 &rarr; <strong>1165</strong><br />(-28 for losing)
|l|☆zxrkawa
|player|p1|
