|j|☆abGodc
|j|☆swagataka
|t:|1760816148
|gametype|singles
|player|p1|abGodc|iris-gen5bw2|1543
|player|p2|swagataka|byron|1561
|gen|9
|tier|[Gen 9] OU
|rated|
|rule|HP Percentage Mod: HP is shown in percentages
|rule|Endless Battle Clause: Forcing endless battles is banned
|rule|Species Clause: Limit one of each Pokémon
|rule|OHKO Clause: OHKO moves are banned
|rule|Evasion Items Clause: Evasion items are banned
|rule|Evasion Moves Clause: Evasion moves are banned
|rule|Evasion Abilities Clause: Evasion abilities are banned
|rule|Sleep Moves Clause: Sleep-inducing moves are banned
|clearpoke
|poke|p1|Ting-Lu|
|poke|p1|Slowking-Galar, M|
|poke|p1|Corviknight, M|
|poke|p1|Cinderace, M|
|poke|p1|Ogerpon-Wellspring, F|
|poke|p1|Raging Bolt|
|poke|p2|Pecharunt|
|poke|p2|Great Tusk|
|poke|p2|Iron Crown|
|poke|p2|Lokix, F|
|poke|p2|Kingambit, M|
|poke|p2|Vespiquen, F|
|teampreview
|inactive|Battle timer is ON: inactive players will automatically lose when time's up. (requested by abGodc)
|
|t:|1760816159
|teamsize|p1|6
|teamsize|p2|6
|start
|switch|p1a: Raging Bolt|Raging Bolt|100/100
|switch|p2a: Vespiquen|Vespiquen, F, shiny|100/100
|-ability|p2a: Vespiquen|Pressure
|turn|1
|
|t:|1760816165
|switch|p2a: Iron Crown|Iron Crown|100/100
|move|p1a: Raging Bolt|Draco Meteor|p2a: Iron Crown
|-resisted|p2a: Iron Crown
|-damage|p2a: Iron Crown|40/100
|-unboost|p1a: Raging Bolt|spa|2
|
|upkeep
|turn|2
|
|t:|1760816176
|-end|p2a: Iron Crown|Quark Drive|[silent]
|switch|p2a: Kingambit|Kingambit, M|100/100
|-item|p2a: Kingambit|Air Balloon
|-end|p1a: Raging Bolt|Protosynthesis|[silent]
|switch|p1a: Ting-Lu|Ting-Lu|100/100
|-ability|p1a: Ting-Lu|Vessel of Ruin
|
|upkeep
|turn|3
|
|t:|1760816182
|switch|p1a: Corviknight|Corviknight, M|100/100
|-ability|p1a: Corviknight|Pressure
|move|p2a: Kingambit|Iron Head|p1a: Corviknight
|-resisted|p1a: Corviknight
|-damage|p1a: Corviknight|86/100
|-damage|p2a: Kingambit|84/100|[from] item: Rocky Helmet|[of] p1a: Corviknight
|
|upkeep
|turn|4
|
|t:|1760816186
|move|p2a: Kingambit|Thief|p1a: Corviknight
|-damage|p1a: Corviknight|64/100
|-damage|p2a: Kingambit|68/100|[from] item: Rocky Helmet|[of] p1a: Corviknight
|move|p1a: Corviknight|U-turn|p2a: Kingambit
|-damage|p2a: Kingambit|57/100
|-enditem|p2a: Kingambit|Air Balloon
|
|t:|1760816193
|switch|p1a: Raging Bolt|Raging Bolt|100/100|[from] U-turn
|
|upkeep
|turn|5
|
|t:|1760816199
|move|p1a: Raging Bolt|Draco Meteor|p2a: Kingambit
|-resisted|p2a: Kingambit
|-damage|p2a: Kingambit|0 fnt
|-unboost|p1a: Raging Bolt|spa|2
|faint|p2a: Kingambit
|
|upkeep
|
|t:|1760816220
|switch|p2a: Lokix|Lokix, F|100/100
|turn|6
|
|t:|1760816231
|move|p2a: Lokix|Swords Dance|p2a: Lokix
|-boost|p2a: Lokix|atk|2
|move|p1a: Raging Bolt|Draco Meteor|p2a: Lokix
|-damage|p2a: Lokix|0 fnt
|-unboost|p1a: Raging Bolt|spa|2
|faint|p2a: Lokix
|
|upkeep
|
|t:|1760816234
|switch|p2a: Vespiquen|Vespiquen, F, shiny|100/100
|-ability|p2a: Vespiquen|Pressure
|turn|7
|
|t:|1760816242
|-end|p1a: Raging Bolt|Protosynthesis|[silent]
|switch|p1a: Cinderace|Cinderace, M|100/100
|move|p2a: Vespiquen|Defend Order|p2a: Vespiquen
|-boost|p2a: Vespiquen|def|1
|-boost|p2a: Vespiquen|spd|1
|
|upkeep
|turn|8
|
|t:|1760816247
|-terastallize|p2a: Vespiquen|Poison
|move|p1a: Cinderace|Pyro Ball|p2a: Vespiquen
|-damage|p2a: Vespiquen|65/100
|move|p2a: Vespiquen|Toxic|p1a: Cinderace
|-status|p1a: Cinderace|tox
|
|-heal|p2a: Vespiquen|71/100|[from] item: Leftovers
|-damage|p1a: Cinderace|95/100 tox|[from] psn
|upkeep
|turn|9
|
|t:|1760816251
|move|p1a: Cinderace|U-turn|p2a: Vespiquen
|-start|p1a: Cinderace|typechange|Bug|[from] ability: Libero
|-resisted|p2a: Vespiquen
|-damage|p2a: Vespiquen|61/100
|
|t:|1760816253
|switch|p1a: Ogerpon|Ogerpon-Wellspring, F|100/100|[from] U-turn
|move|p2a: Vespiquen|Roost|p2a: Vespiquen
|-heal|p2a: Vespiquen|100/100
|
|upkeep
|turn|10
|
|t:|1760816255
|move|p1a: Ogerpon|Encore|p2a: Vespiquen
|-start|p2a: Vespiquen|Encore
|move|p2a: Vespiquen|Roost||[still]
|-fail|p2a: Vespiquen|heal
|
|upkeep
|turn|11
|
|t:|1760816258
|switch|p2a: Pecharunt|Pecharunt|100/100
|move|p1a: Ogerpon|Knock Off|p2a: Pecharunt
|-supereffective|p2a: Pecharunt
|-damage|p2a: Pecharunt|67/100
|-enditem|p2a: Pecharunt|Heavy-Duty Boots|[from] move: Knock Off|[of] p1a: Ogerpon
|
|upkeep
|turn|12
|
|t:|1760816261
|move|p1a: Ogerpon|U-turn|p2a: Pecharunt
|-resisted|p2a: Pecharunt
|-damage|p2a: Pecharunt|64/100
|
|t:|1760816262
|switch|p1a: Slowking|Slowking-Galar, M|100/100|[from] U-turn
|move|p2a: Pecharunt|Recover|p2a: Pecharunt
|-heal|p2a: Pecharunt|100/100
|
|upkeep
|turn|13
|
|t:|1760816265
|move|p2a: Pecharunt|Parting Shot|p1a: Slowking
|-unboost|p1a: Slowking|atk|1
|-unboost|p1a: Slowking|spa|1
|
|t:|1760816266
|switch|p2a: Vespiquen|Vespiquen, F, shiny, tera:Poison|100/100|[from] Parting Shot
|-ability|p2a: Vespiquen|Pressure
|move|p1a: Slowking|Psychic Noise|p2a: Vespiquen
|-supereffective|p2a: Vespiquen
|-damage|p2a: Vespiquen|71/100
|-start|p2a: Vespiquen|move: Heal Block
|
|upkeep
|turn|14
|
|t:|1760816270
|move|p2a: Vespiquen|Spikes|p1a: Slowking
|-sidestart|p1: abGodc|Spikes
|-prepare|p1a: Slowking|Chilly Reception|[premajor]
|move|p1a: Slowking|Chilly Reception|p1a: Slowking
|-weather|Snowscape
|
|t:|1760816273
|switch|p1a: Cinderace|Cinderace, M|95/100 tox|[from] Chilly Reception
|
|-weather|Snowscape|[upkeep]
|-damage|p1a: Cinderace|89/100 tox|[from] psn
|-end|p2a: Vespiquen|move: Heal Block
|upkeep
|turn|15
|
|t:|1760816276
|move|p1a: Cinderace|Court Change|p1a: Cinderace
|-start|p1a: Cinderace|typechange|Normal|[from] ability: Libero
|-swapsideconditions
|-activate|p1a: Cinderace|move: Court Change
|move|p2a: Vespiquen|Defend Order|p2a: Vespiquen
|-boost|p2a: Vespiquen|def|1
|-boost|p2a: Vespiquen|spd|1
|
|-weather|Snowscape|[upkeep]
|-heal|p2a: Vespiquen|77/100|[from] item: Leftovers
|-damage|p1a: Cinderace|77/100 tox|[from] psn
|upkeep
|turn|16
|
|t:|1760816278
|move|p1a: Cinderace|U-turn|p2a: Vespiquen
|-resisted|p2a: Vespiquen
|-damage|p2a: Vespiquen|70/100
|
|t:|1760816280
|switch|p1a: Slowking|Slowking-Galar, M|100/100|[from] U-turn
|move|p2a: Vespiquen|Toxic|p1a: Slowking
|-immune|p1a: Slowking
|
|-weather|Snowscape|[upkeep]
|-heal|p2a: Vespiquen|76/100|[from] item: Leftovers
|upkeep
|turn|17
|
|t:|1760816284
|move|p2a: Vespiquen|Spikes|p1a: Slowking
|-sidestart|p1: abGodc|Spikes
|move|p1a: Slowking|Psychic Noise|p2a: Vespiquen
|-supereffective|p2a: Vespiquen
|-damage|p2a: Vespiquen|48/100
|-start|p2a: Vespiquen|move: Heal Block
|
|-weather|Snowscape|[upkeep]
|upkeep
|turn|18
|
|t:|1760816286
|move|p2a: Vespiquen|Spikes|p1a: Slowking
|-sidestart|p1: abGodc|Spikes
|move|p1a: Slowking|Psychic Noise|p2a: Vespiquen
|-supereffective|p2a: Vespiquen
|-damage|p2a: Vespiquen|19/100
|
|-weather|none
|-end|p2a: Vespiquen|move: Heal Block
|upkeep
|turn|19
|
|t:|1760816289
|move|p2a: Vespiquen|Spikes|p1a: Slowking
|-sidestart|p1: abGodc|Spikes
|move|p1a: Slowking|Psychic Noise|p2a: Vespiquen
|-supereffective|p2a: Vespiquen
|-damage|p2a: Vespiquen|0 fnt
|faint|p2a: Vespiquen
|
|upkeep
|
|t:|1760816291
|switch|p2a: Great Tusk|Great Tusk|100/100
|turn|20
|
|t:|1760816294
|switch|p1a: Corviknight|Corviknight, M|64/100
|-ability|p1a: Corviknight|Pressure
|move|p2a: Great Tusk|Rapid Spin|p1a: Corviknight
|-resisted|p1a: Corviknight
|-damage|p1a: Corviknight|59/100
|-boost|p2a: Great Tusk|spe|1
|-damage|p2a: Great Tusk|84/100|[from] item: Rocky Helmet|[of] p1a: Corviknight
|-sideend|p2: swagataka|Spikes|[from] move: Rapid Spin|[of] p2a: Great Tusk
|
|upkeep
|turn|21
|
|t:|1760816298
|-end|p2a: Great Tusk|Protosynthesis|[silent]
|switch|p2a: Iron Crown|Iron Crown|40/100
|move|p1a: Corviknight|Defog|p2a: Iron Crown
|-unboost|p2a: Iron Crown|evasion|1
|-sideend|p1: abGodc|Spikes|[from] move: Defog|[of] p1a: Corviknight
|
|upkeep
|turn|22
|-message|swagataka forfeited.
|
|win|abGodc
|raw|abGodc's rating: 1543 &rarr; <strong>1564</strong><br />(+21 for winning)
|raw|swagataka's rating: 1561 &rarr; <strong>1540</strong><br />(-21 for losing)
|l|☆swagataka
|player|p2|
|l|☆abGodc
|player|p1|
