|j|☆AlmightyHD
|j|☆vghhjg
|t:|1760740623
|gametype|singles
|player|p1|AlmightyHD|acetrainerf-gen4dp|1514
|player|p2|vghhjg|2|1524
|gen|9
|tier|[Gen 9] OU
|rated|
|rule|HP Percentage Mod: HP is shown in percentages
|rule|Endless Battle Clause: Forcing endless battles is banned
|rule|Species Clause: Limit one of each Pokémon
|rule|OHKO Clause: OHKO moves are banned
|rule|Evasion Items Clause: Evasion items are banned
|rule|Evasion Moves Clause: Evasion moves are banned
|rule|Evasion Abilities Clause: Evasion abilities are banned
|rule|Sleep Moves Clause: Sleep-inducing moves are banned
|clearpoke
|poke|p1|Dragonite, F|
|poke|p1|Tyranitar, F|
|poke|p1|Excadrill, F|
|poke|p1|Ogerpon-Wellspring, F|
|poke|p1|Moltres|
|poke|p1|Uxie|
|poke|p2|Ribombee, M|
|poke|p2|Gholdengo|
|poke|p2|Dragonite, M|
|poke|p2|Sinistcha|
|poke|p2|Great Tusk|
|poke|p2|Enamorus, F|
|teampreview
|
|t:|1760740640
|teamsize|p1|6
|teamsize|p2|6
|start
|switch|p1a: Moltres|Moltres|100/100
|switch|p2a: Ribombee|Ribombee, M|100/100
|turn|1
|inactive|Battle timer is ON: inactive players will automatically lose when time's up. (requested by AlmightyHD)
|
|t:|1760740671
|move|p2a: Ribombee|Stun Spore|p1a: Moltres
|-status|p1a: Moltres|par
|move|p1a: Moltres|Flamethrower|p2a: Ribombee
|-supereffective|p2a: Ribombee
|-enditem|p2a: Ribombee|Focus Sash
|-damage|p2a: Ribombee|1/100
|
|upkeep
|turn|2
|
|t:|1760740698
|move|p2a: Ribombee|Sticky Web|p1a: Moltres
|-sidestart|p1: AlmightyHD|move: Sticky Web
|cant|p1a: Moltres|par
|
|upkeep
|turn|3
|inactive|vghhjg has 120 seconds left.
|
|t:|1760740737
|move|p2a: Ribombee|Psychic Noise|p1a: Moltres
|-damage|p1a: Moltres|84/100 par
|-start|p1a: Moltres|move: Heal Block
|move|p1a: Moltres|Flamethrower|p2a: Ribombee
|-supereffective|p2a: Ribombee
|-damage|p2a: Ribombee|0 fnt
|faint|p2a: Ribombee
|
|upkeep
|
|t:|1760740749
|switch|p2a: Great Tusk|Great Tusk|100/100
|turn|4
|
|t:|1760740752
|switch|p1a: Uxie|Uxie, shiny|100/100
|move|p2a: Great Tusk|Stealth Rock|p1a: Uxie
|-sidestart|p1: AlmightyHD|move: Stealth Rock
|
|upkeep
|turn|5
|
|t:|1760740767
|move|p2a: Great Tusk|Rapid Spin|p1a: Uxie
|-damage|p1a: Uxie|90/100
|-boost|p2a: Great Tusk|spe|1
|-damage|p2a: Great Tusk|84/100|[from] item: Rocky Helmet|[of] p1a: Uxie
|move|p1a: Uxie|Psychic Noise|p2a: Great Tusk
|-supereffective|p2a: Great Tusk
|-damage|p2a: Great Tusk|26/100
|-start|p2a: Great Tusk|move: Heal Block
|
|upkeep
|turn|6
|
|t:|1760740776
|move|p2a: Great Tusk|Ice Spinner|p1a: Uxie
|-damage|p1a: Uxie|73/100
|-damage|p2a: Great Tusk|9/100|[from] item: Rocky Helmet|[of] p1a: Uxie
|move|p1a: Uxie|Psychic Noise|p2a: Great Tusk
|-supereffective|p2a: Great Tusk
|-damage|p2a: Great Tusk|0 fnt
|faint|p2a: Great Tusk
|-end|p2a: Great Tusk|Protosynthesis|[silent]
|
|upkeep
|
|t:|1760740788
|switch|p2a: Enamorus|Enamorus, F|100/100
|turn|7
|
|t:|1760740794
|switch|p1a: Moltres|Moltres|84/100 par
|move|p2a: Enamorus|Moonblast|p1a: Moltres
|-resisted|p1a: Moltres
|-damage|p1a: Moltres|56/100 par
|-unboost|p1a: Moltres|spa|1
|
|upkeep
|turn|8
|inactive|vghhjg has 120 seconds left.
|
|t:|1760740805
|switch|p2a: Gholdengo|Gholdengo|100/100
|-item|p2a: Gholdengo|Air Balloon
|cant|p1a: Moltres|par
|
|upkeep
|turn|9
|
|t:|1760740817
|move|p2a: Gholdengo|Shadow Ball|p1a: Moltres
|-damage|p1a: Moltres|13/100 par
|move|p1a: Moltres|U-turn|p2a: Gholdengo
|-resisted|p2a: Gholdengo
|-damage|p2a: Gholdengo|96/100
|-enditem|p2a: Gholdengo|Air Balloon
|
|t:|1760740833
|switch|p1a: Dragonite|Dragonite, F|100/100|[from] U-turn
|-damage|p1a: Dragonite|76/100|[from] Stealth Rock
|
|upkeep
|turn|10
|inactive|vghhjg has 120 seconds left.
|inactive|vghhjg has 90 seconds left.
|c|☆vghhjg|oh i remember i got destroyed last game
|j| Nikator98
|c|☆vghhjg|never mind wrong name..
|
|t:|1760740909
|move|p2a: Gholdengo|Dazzling Gleam|p1a: Dragonite
|-supereffective|p1a: Dragonite
|-damage|p1a: Dragonite|20/100
|move|p1a: Dragonite|Fire Punch|p2a: Gholdengo
|-supereffective|p2a: Gholdengo
|-damage|p2a: Gholdengo|3/100
|
|upkeep
|turn|11
|
|t:|1760740920
|move|p2a: Gholdengo|Dazzling Gleam|p1a: Dragonite
|-supereffective|p1a: Dragonite
|-damage|p1a: Dragonite|0 fnt
|faint|p1a: Dragonite
|
|upkeep
|
|t:|1760740922
|switch|p1a: Ogerpon|Ogerpon-Wellspring, F|100/100
|-activate|p1a: Ogerpon|move: Sticky Web
|-unboost|p1a: Ogerpon|spe|1
|-damage|p1a: Ogerpon|88/100|[from] Stealth Rock
|turn|12
|
|t:|1760740929
|move|p2a: Gholdengo|Shadow Ball|p1a: Ogerpon
|-damage|p1a: Ogerpon|42/100
|move|p1a: Ogerpon|Ivy Cudgel|p2a: Gholdengo|[anim] Ivy Cudgel Water
|-damage|p2a: Gholdengo|0 fnt
|faint|p2a: Gholdengo
|
|upkeep
|
|t:|1760740938
|switch|p2a: Sinistcha|Sinistcha|100/100
|turn|13
|
|t:|1760740946
|switch|p1a: Uxie|Uxie, shiny|73/100
|-damage|p1a: Uxie|61/100|[from] Stealth Rock
|move|p2a: Sinistcha|Matcha Gotcha|p1a: Uxie
|-crit|p1a: Uxie
|-damage|p1a: Uxie|25/100
|
|upkeep
|turn|14
|
|t:|1760740950
|move|p1a: Uxie|Psychic Noise|p2a: Sinistcha
|-damage|p2a: Sinistcha|76/100
|-start|p2a: Sinistcha|move: Heal Block
|cant|p2a: Sinistcha|move: Heal Block|Matcha Gotcha
|
|upkeep
|turn|15
|
|t:|1760740962
|move|p1a: Uxie|Knock Off|p2a: Sinistcha
|-supereffective|p2a: Sinistcha
|-damage|p2a: Sinistcha|56/100
|-enditem|p2a: Sinistcha|Heavy-Duty Boots|[from] move: Knock Off|[of] p1a: Uxie
|move|p2a: Sinistcha|Shadow Ball|p1a: Uxie
|-supereffective|p1a: Uxie
|-damage|p1a: Uxie|0 fnt
|faint|p1a: Uxie
|
|-end|p2a: Sinistcha|move: Heal Block
|upkeep
|
|t:|1760740970
|switch|p1a: Tyranitar|Tyranitar, F, shiny|100/100
|-activate|p1a: Tyranitar|move: Sticky Web
|-unboost|p1a: Tyranitar|spe|1
|-damage|p1a: Tyranitar|88/100|[from] Stealth Rock
|-weather|Sandstorm|[from] ability: Sand Stream|[of] p1a: Tyranitar
|turn|16
|
|t:|1760740981
|-terastallize|p1a: Tyranitar|Flying
|move|p2a: Sinistcha|Strength Sap|p1a: Tyranitar
|-unboost|p1a: Tyranitar|atk|1
|-heal|p2a: Sinistcha|100/100
|move|p1a: Tyranitar|Ice Punch|p2a: Sinistcha
|-supereffective|p2a: Sinistcha
|-damage|p2a: Sinistcha|64/100
|
|-weather|Sandstorm|[upkeep]
|-damage|p2a: Sinistcha|57/100|[from] Sandstorm
|-damage|p1a: Tyranitar|82/100|[from] Sandstorm
|upkeep
|turn|17
|inactive|vghhjg has 120 seconds left.
|
|t:|1760740992
|move|p2a: Sinistcha|Strength Sap|p1a: Tyranitar
|-unboost|p1a: Tyranitar|atk|1
|-heal|p2a: Sinistcha|100/100
|move|p1a: Tyranitar|Ice Punch|p2a: Sinistcha
|-supereffective|p2a: Sinistcha
|-damage|p2a: Sinistcha|70/100
|
|-weather|Sandstorm|[upkeep]
|-damage|p2a: Sinistcha|64/100|[from] Sandstorm
|-damage|p1a: Tyranitar|76/100|[from] Sandstorm
|upkeep
|turn|18
|inactive|vghhjg has 120 seconds left.
|
|t:|1760741001
|move|p2a: Sinistcha|Strength Sap|p1a: Tyranitar
|-unboost|p1a: Tyranitar|atk|1
|-heal|p2a: Sinistcha|100/100
|move|p1a: Tyranitar|Ice Punch|p2a: Sinistcha
|-supereffective|p2a: Sinistcha
|-damage|p2a: Sinistcha|74/100
|
|-weather|Sandstorm|[upkeep]
|-damage|p2a: Sinistcha|68/100|[from] Sandstorm
|-damage|p1a: Tyranitar|70/100|[from] Sandstorm
|upkeep
|turn|19
|
|t:|1760741008
|move|p2a: Sinistcha|Strength Sap|p1a: Tyranitar
|-unboost|p1a: Tyranitar|atk|1
|-heal|p2a: Sinistcha|100/100
|move|p1a: Tyranitar|Ice Punch|p2a: Sinistcha
|-supereffective|p2a: Sinistcha
|-damage|p2a: Sinistcha|81/100
|
|-weather|Sandstorm|[upkeep]
|-damage|p2a: Sinistcha|75/100|[from] Sandstorm
|-damage|p1a: Tyranitar|64/100|[from] Sandstorm
|upkeep
|turn|20
|
|t:|1760741013
|move|p2a: Sinistcha|Matcha Gotcha|p1a: Tyranitar
|-resisted|p1a: Tyranitar
|-damage|p1a: Tyranitar|48/100
|-heal|p2a: Sinistcha|83/100|[from] drain|[of] p1a: Tyranitar
|move|p1a: Tyranitar|Ice Punch|p2a: Sinistcha
|-supereffective|p2a: Sinistcha
|-damage|p2a: Sinistcha|64/100
|
|-weather|none
|upkeep
|turn|21
|
|t:|1760741017
|switch|p1a: Ogerpon|Ogerpon-Wellspring, F|42/100
|-activate|p1a: Ogerpon|move: Sticky Web
|-unboost|p1a: Ogerpon|spe|1
|-damage|p1a: Ogerpon|30/100|[from] Stealth Rock
|move|p2a: Sinistcha|Strength Sap|p1a: Ogerpon
|-unboost|p1a: Ogerpon|atk|1
|-heal|p2a: Sinistcha|100/100
|
|upkeep
|turn|22
|
|t:|1760741021
|move|p1a: Ogerpon|Play Rough|p2a: Sinistcha
|-damage|p2a: Sinistcha|84/100
|move|p2a: Sinistcha|Matcha Gotcha|p1a: Ogerpon
|-damage|p1a: Ogerpon|0 fnt
|-heal|p2a: Sinistcha|97/100|[from] drain|[of] p1a: Ogerpon
|faint|p1a: Ogerpon
|
|upkeep
|
|t:|1760741024
|switch|p1a: Tyranitar|Tyranitar, F, shiny, tera:Flying|48/100
|-damage|p1a: Tyranitar|23/100|[from] Stealth Rock
|-weather|Sandstorm|[from] ability: Sand Stream|[of] p1a: Tyranitar
|turn|23
|
|t:|1760741034
|move|p1a: Tyranitar|Ice Punch|p2a: Sinistcha
|-supereffective|p2a: Sinistcha
|-damage|p2a: Sinistcha|40/100
|move|p2a: Sinistcha|Strength Sap|p1a: Tyranitar
|-unboost|p1a: Tyranitar|atk|1
|-heal|p2a: Sinistcha|100/100
|
|-weather|Sandstorm|[upkeep]
|-damage|p1a: Tyranitar|17/100|[from] Sandstorm
|-damage|p2a: Sinistcha|94/100|[from] Sandstorm
|upkeep
|turn|24
|
|t:|1760741039
|move|p1a: Tyranitar|Ice Punch|p2a: Sinistcha
|-supereffective|p2a: Sinistcha
|-damage|p2a: Sinistcha|52/100
|move|p2a: Sinistcha|Strength Sap|p1a: Tyranitar
|-unboost|p1a: Tyranitar|atk|1
|-heal|p2a: Sinistcha|100/100
|
|-weather|Sandstorm|[upkeep]
|-damage|p1a: Tyranitar|10/100|[from] Sandstorm
|-damage|p2a: Sinistcha|94/100|[from] Sandstorm
|upkeep
|turn|25
|
|t:|1760741042
|move|p1a: Tyranitar|Ice Punch|p2a: Sinistcha
|-supereffective|p2a: Sinistcha
|-damage|p2a: Sinistcha|64/100
|move|p2a: Sinistcha|Strength Sap|p1a: Tyranitar
|-unboost|p1a: Tyranitar|atk|1
|-heal|p2a: Sinistcha|100/100
|
|-weather|Sandstorm|[upkeep]
|-damage|p1a: Tyranitar|4/100|[from] Sandstorm
|-damage|p2a: Sinistcha|94/100|[from] Sandstorm
|upkeep
|turn|26
|
|t:|1760741047
|move|p1a: Tyranitar|Ice Punch|p2a: Sinistcha
|-supereffective|p2a: Sinistcha
|-damage|p2a: Sinistcha|69/100
|move|p2a: Sinistcha|Strength Sap|p1a: Tyranitar
|-unboost|p1a: Tyranitar|atk|1
|-heal|p2a: Sinistcha|100/100
|
|-weather|Sandstorm|[upkeep]
|-damage|p1a: Tyranitar|0 fnt|[from] Sandstorm
|-damage|p2a: Sinistcha|94/100|[from] Sandstorm
|faint|p1a: Tyranitar
|upkeep
|-message|AlmightyHD forfeited.
|
|win|vghhjg
|raw|AlmightyHD's rating: 1514 &rarr; <strong>1495</strong><br />(-19 for losing)
|raw|vghhjg's rating: 1524 &rarr; <strong>1543</strong><br />(+19 for winning)
|l|☆AlmightyHD
|player|p1|
|l|☆vghhjg
|player|p2|
