|j|☆charliereall
|j|☆stevstacks
|t:|1760726931
|gametype|singles
|player|p1|charliereall|teamrocket|1489
|player|p2|stevstacks|266|1596
|gen|9
|tier|[Gen 9] OU
|rated|
|rule|HP Percentage Mod: HP is shown in percentages
|rule|Endless Battle Clause: Forcing endless battles is banned
|rule|Species Clause: Limit one of each Pokémon
|rule|OHKO Clause: OHKO moves are banned
|rule|Evasion Items Clause: Evasion items are banned
|rule|Evasion Moves Clause: Evasion moves are banned
|rule|Evasion Abilities Clause: Evasion abilities are banned
|rule|Sleep Moves Clause: Sleep-inducing moves are banned
|clearpoke
|poke|p1|Reuniclus, M|
|poke|p1|Kingambit, F|
|poke|p1|Ogerpon-Wellspring, F|
|poke|p1|Landorus-Therian, M|
|poke|p1|Iron Valiant|
|poke|p1|Cinderace, M|
|poke|p2|Torkoal, M|
|poke|p2|Corviknight, F|
|poke|p2|Walking Wake|
|poke|p2|Raging Bolt|
|poke|p2|Great Tusk|
|poke|p2|Cinderace, M|
|teampreview
|inactive|Battle timer is ON: inactive players will automatically lose when time's up. (requested by stevstacks)
|inactive|charliereall also wants the timer to be on.
|
|t:|1760726956
|teamsize|p1|6
|teamsize|p2|6
|start
|switch|p1a: Terratomere|Ogerpon-Wellspring, F|100/100
|switch|p2a: hydrocodone|Walking Wake|100/100
|turn|1
|
|t:|1760726966
|move|p1a: Terratomere|Substitute|p1a: Terratomere
|-start|p1a: Terratomere|Substitute
|-damage|p1a: Terratomere|76/100
|move|p2a: hydrocodone|Draco Meteor|p1a: Terratomere
|-end|p1a: Terratomere|Substitute
|-unboost|p2a: hydrocodone|spa|2
|
|upkeep
|turn|2
|
|t:|1760726977
|-end|p2a: hydrocodone|Protosynthesis|[silent]
|switch|p2a: ’02 E46 330Ci|Torkoal, M, shiny|100/100
|-weather|SunnyDay|[from] ability: Drought|[of] p2a: ’02 E46 330Ci
|move|p1a: Terratomere|Substitute|p1a: Terratomere
|-start|p1a: Terratomere|Substitute
|-damage|p1a: Terratomere|51/100
|
|-weather|SunnyDay|[upkeep]
|upkeep
|turn|3
|
|t:|1760726984
|switch|p2a: bird allegiance|Corviknight, F|100/100
|-ability|p2a: bird allegiance|Pressure
|move|p1a: Terratomere|Swords Dance|p1a: Terratomere
|-boost|p1a: Terratomere|atk|2
|
|-weather|SunnyDay|[upkeep]
|upkeep
|turn|4
|
|t:|1760726994
|move|p1a: Terratomere|Ivy Cudgel|p2a: bird allegiance|[anim] Ivy Cudgel Water
|-damage|p2a: bird allegiance|52/100
|move|p2a: bird allegiance|U-turn|p1a: Terratomere
|-supereffective|p1a: Terratomere
|-end|p1a: Terratomere|Substitute
|
|t:|1760727011
|switch|p2a: Fake Swiper|Cinderace, M|100/100|[from] U-turn
|
|-weather|SunnyDay|[upkeep]
|upkeep
|turn|5
|
|t:|1760727024
|switch|p1a: Earth|Landorus-Therian, M|100/100
|-ability|p1a: Earth|Intimidate|boost
|-unboost|p2a: Fake Swiper|atk|1
|move|p2a: Fake Swiper|Pyro Ball|p1a: Earth
|-damage|p1a: Earth|44/100
|
|-weather|SunnyDay|[upkeep]
|upkeep
|turn|6
|
|t:|1760727033
|switch|p1a: Solar Flare|Cinderace, M|100/100
|move|p2a: Fake Swiper|Pyro Ball|p1a: Solar Flare
|-resisted|p1a: Solar Flare
|-damage|p1a: Solar Flare|62/100
|
|-weather|SunnyDay|[upkeep]
|upkeep
|turn|7
|
|t:|1760727041
|move|p2a: Fake Swiper|Pyro Ball|p1a: Solar Flare
|-resisted|p1a: Solar Flare
|-damage|p1a: Solar Flare|19/100
|move|p1a: Solar Flare|U-turn|p2a: Fake Swiper
|-start|p1a: Solar Flare|typechange|Bug|[from] ability: Libero
|-resisted|p2a: Fake Swiper
|-damage|p2a: Fake Swiper|74/100
|
|t:|1760727066
|switch|p1a: Earth|Landorus-Therian, M|44/100|[from] U-turn
|-ability|p1a: Earth|Intimidate|boost
|-unboost|p2a: Fake Swiper|atk|1
|
|-weather|SunnyDay|[upkeep]
|upkeep
|turn|8
|
|t:|1760727079
|switch|p2a: bird allegiance|Corviknight, F|52/100
|-ability|p2a: bird allegiance|Pressure
|move|p1a: Earth|Stealth Rock|p2a: bird allegiance
|-sidestart|p2: stevstacks|move: Stealth Rock
|
|-weather|SunnyDay|[upkeep]
|-heal|p2a: bird allegiance|58/100|[from] item: Leftovers
|upkeep
|turn|9
|
|t:|1760727086
|move|p1a: Earth|Taunt|p2a: bird allegiance
|-start|p2a: bird allegiance|move: Taunt
|cant|p2a: bird allegiance|move: Taunt|Defog
|
|-weather|none
|-heal|p2a: bird allegiance|64/100|[from] item: Leftovers
|upkeep
|turn|10
|
|t:|1760727096
|move|p1a: Earth|U-turn|p2a: bird allegiance
|-resisted|p2a: bird allegiance
|-damage|p2a: bird allegiance|60/100
|
|t:|1760727104
|switch|p1a: Metastasis|Reuniclus, M|100/100|[from] U-turn
|move|p2a: bird allegiance|U-turn|p1a: Metastasis
|-supereffective|p1a: Metastasis
|-damage|p1a: Metastasis|70/100
|
|t:|1760727114
|switch|p2a: ’02 E46 330Ci|Torkoal, M, shiny|100/100|[from] U-turn
|-damage|p2a: ’02 E46 330Ci|76/100|[from] Stealth Rock
|-weather|SunnyDay|[from] ability: Drought|[of] p2a: ’02 E46 330Ci
|
|-weather|SunnyDay|[upkeep]
|upkeep
|turn|11
|
|t:|1760727122
|switch|p2a: Fake Swiper|Cinderace, M|74/100
|-damage|p2a: Fake Swiper|49/100|[from] Stealth Rock
|move|p1a: Metastasis|Trick Room|p1a: Metastasis
|-fieldstart|move: Trick Room|[of] p1a: Metastasis
|
|-weather|SunnyDay|[upkeep]
|upkeep
|turn|12
|
|t:|1760727145
|switch|p2a: bird allegiance|Corviknight, F|60/100
|-damage|p2a: bird allegiance|48/100|[from] Stealth Rock
|-ability|p2a: bird allegiance|Pressure
|move|p1a: Metastasis|Psychic Noise|p2a: bird allegiance
|-resisted|p2a: bird allegiance
|-damage|p2a: bird allegiance|31/100
|-start|p2a: bird allegiance|move: Heal Block
|
|-weather|SunnyDay|[upkeep]
|upkeep
|turn|13
|
|t:|1760727153
|move|p1a: Metastasis|Shadow Ball|p2a: bird allegiance
|-damage|p2a: bird allegiance|5/100
|move|p2a: bird allegiance|Defog|p1a: Metastasis
|-unboost|p1a: Metastasis|evasion|1
|-sideend|p2: stevstacks|Stealth Rock|[from] move: Defog|[of] p2a: bird allegiance
|
|-weather|SunnyDay|[upkeep]
|-end|p2a: bird allegiance|move: Heal Block
|upkeep
|turn|14
|
|t:|1760727161
|move|p1a: Metastasis|Shadow Ball|p2a: bird allegiance
|-damage|p2a: bird allegiance|0 fnt
|faint|p2a: bird allegiance
|
|-weather|SunnyDay|[upkeep]
|upkeep
|
|t:|1760727171
|switch|p2a: 2hollis|Raging Bolt|100/100
|-activate|p2a: 2hollis|ability: Protosynthesis
|-start|p2a: 2hollis|protosynthesisspa
|turn|15
|
|t:|1760727183
|move|p1a: Metastasis|Psychic Noise|p2a: 2hollis
|-damage|p2a: 2hollis|55/100
|-start|p2a: 2hollis|move: Heal Block
|move|p2a: 2hollis|Calm Mind|p2a: 2hollis
|-boost|p2a: 2hollis|spa|1
|-boost|p2a: 2hollis|spd|1
|
|-weather|SunnyDay|[upkeep]
|-fieldend|move: Trick Room
|upkeep
|turn|16
|
|t:|1760727200
|switch|p1a: Solar Flare|Cinderace, M|19/100
|move|p2a: 2hollis|Thunderbolt|p1a: Solar Flare
|-damage|p1a: Solar Flare|0 fnt
|faint|p1a: Solar Flare
|
|-weather|SunnyDay|[upkeep]
|-end|p2a: 2hollis|move: Heal Block
|upkeep
|
|t:|1760727212
|switch|p1a: Earth|Landorus-Therian, M|44/100
|-ability|p1a: Earth|Intimidate|boost
|-unboost|p2a: 2hollis|atk|1
|turn|17
|
|t:|1760727221
|move|p1a: Earth|Earthquake|p2a: 2hollis
|-supereffective|p2a: 2hollis
|-damage|p2a: 2hollis|0 fnt
|faint|p2a: 2hollis
|-end|p2a: 2hollis|Protosynthesis|[silent]
|
|-weather|none
|upkeep
|
|t:|1760727229
|switch|p2a: ’02 E46 330Ci|Torkoal, M, shiny|76/100
|-weather|SunnyDay|[from] ability: Drought|[of] p2a: ’02 E46 330Ci
|turn|18
|
|t:|1760727243
|move|p1a: Earth|U-turn|p2a: ’02 E46 330Ci
|-resisted|p2a: ’02 E46 330Ci
|-damage|p2a: ’02 E46 330Ci|67/100
|
|t:|1760727264
|switch|p1a: Metastasis|Reuniclus, M|70/100|[from] U-turn
|move|p2a: ’02 E46 330Ci|Overheat|p1a: Metastasis
|-damage|p1a: Metastasis|14/100
|-unboost|p2a: ’02 E46 330Ci|spa|2
|
|-weather|SunnyDay|[upkeep]
|upkeep
|turn|19
|
|t:|1760727275
|move|p1a: Metastasis|Psychic Noise|p2a: ’02 E46 330Ci
|-damage|p2a: ’02 E46 330Ci|23/100
|-start|p2a: ’02 E46 330Ci|move: Heal Block
|move|p2a: ’02 E46 330Ci|Stealth Rock|p1a: Metastasis
|-sidestart|p1: charliereall|move: Stealth Rock
|
|-weather|SunnyDay|[upkeep]
|upkeep
|turn|20
|
|t:|1760727288
|switch|p2a: hydrocodone|Walking Wake|100/100
|-activate|p2a: hydrocodone|ability: Protosynthesis
|-start|p2a: hydrocodone|protosynthesisspe
|move|p1a: Metastasis|Trick Room|p1a: Metastasis
|-fieldstart|move: Trick Room|[of] p1a: Metastasis
|
|-weather|SunnyDay|[upkeep]
|upkeep
|turn|21
|
|t:|1760727297
|move|p1a: Metastasis|Psychic Noise|p2a: hydrocodone
|-damage|p2a: hydrocodone|35/100
|-start|p2a: hydrocodone|move: Heal Block
|move|p2a: hydrocodone|Hydro Steam|p1a: Metastasis
|-crit|p1a: Metastasis
|-damage|p1a: Metastasis|0 fnt
|faint|p1a: Metastasis
|
|-weather|SunnyDay|[upkeep]
|upkeep
|inactive|charliereall has 120 seconds left.
|
|t:|1760727314
|switch|p1a: Murasama|Kingambit, F|100/100
|-damage|p1a: Murasama|94/100|[from] Stealth Rock
|-activate|p1a: Murasama|ability: Supreme Overlord
|-start|p1a: Murasama|fallen2|[silent]
|turn|22
|inactive|charliereall has 120 seconds left.
|
|t:|1760727328
|-end|p2a: hydrocodone|Protosynthesis|[silent]
|switch|p2a: TuskMadeRevz|Great Tusk|100/100
|-activate|p2a: TuskMadeRevz|ability: Protosynthesis
|-start|p2a: TuskMadeRevz|protosynthesisatk
|-terastallize|p1a: Murasama|Fairy
|move|p1a: Murasama|Tera Blast|p2a: TuskMadeRevz|[anim] Tera Blast Fairy
|-supereffective|p2a: TuskMadeRevz
|-damage|p2a: TuskMadeRevz|17/100
|
|-weather|SunnyDay|[upkeep]
|-heal|p1a: Murasama|100/100|[from] item: Leftovers
|upkeep
|turn|23
|-message|stevstacks forfeited.
|
|win|charliereall
|raw|charliereall's rating: 1489 &rarr; <strong>1515</strong><br />(+26 for winning)
|raw|stevstacks's rating: 1596 &rarr; <strong>1570</strong><br />(-26 for losing)
|l|☆stevstacks
|player|p2|
|l|☆charliereall
|player|p1|
