|j|☆EDanker420
|j|‽falas
|t:|1760763401
|gametype|singles
|player|p1|EDanker420|gentleman-gen4|1113
|player|p2|falas|1|1185
|gen|9
|tier|[Gen 9] OU
|rated|
|rule|HP Percentage Mod: HP is shown in percentages
|rule|Endless Battle Clause: Forcing endless battles is banned
|rule|Species Clause: Limit one of each Pokémon
|rule|OHKO Clause: OHKO moves are banned
|rule|Evasion Items Clause: Evasion items are banned
|rule|Evasion Moves Clause: Evasion moves are banned
|rule|Evasion Abilities Clause: Evasion abilities are banned
|rule|Sleep Moves Clause: Sleep-inducing moves are banned
|clearpoke
|poke|p1|Great Tusk|
|poke|p1|Milotic, F|
|poke|p1|Skeledirge, F|
|poke|p1|Meowscarada, F|
|poke|p1|Metagross|
|poke|p1|Iron Valiant|
|poke|p2|Armarouge, M|
|poke|p2|Indeedee, M|
|poke|p2|Dondozo, M|
|poke|p2|Landorus-Therian, M|
|poke|p2|Sylveon, F|
|poke|p2|Corviknight, M|
|teampreview
|inactive|Battle timer is ON: inactive players will automatically lose when time's up. (requested by EDanker420)
|
|t:|1760763405
|teamsize|p1|6
|teamsize|p2|6
|start
|switch|p1a: Metagross|Metagross, shiny|100/100
|switch|p2a: Indeedee|Indeedee, M|100/100
|-fieldstart|move: Psychic Terrain|[from] ability: Psychic Surge|[of] p2a: Indeedee
|turn|1
|
|t:|1760763412
|switch|p2a: Armarouge|Armarouge, M|100/100
|move|p1a: Metagross|Meteor Mash|p2a: Armarouge
|-resisted|p2a: Armarouge
|-damage|p2a: Armarouge|75/100
|-ability|p2a: Armarouge|Weak Armor|boost
|-unboost|p2a: Armarouge|def|1
|-boost|p2a: Armarouge|spe|2
|
|upkeep
|turn|2
|
|t:|1760763422
|move|p2a: Armarouge|Armor Cannon|p1a: Metagross
|-supereffective|p1a: Metagross
|-damage|p1a: Metagross|15/100
|-unboost|p2a: Armarouge|def|1
|-unboost|p2a: Armarouge|spd|1
|move|p1a: Metagross|Earthquake|p2a: Armarouge
|-supereffective|p2a: Armarouge
|-damage|p2a: Armarouge|0 fnt
|faint|p2a: Armarouge
|
|upkeep
|
|t:|1760763434
|switch|p2a: Landorus|Landorus-Therian, M|100/100
|-ability|p2a: Landorus|Intimidate|boost
|-fail|p1a: Metagross|unboost|[from] ability: Clear Body|[of] p1a: Metagross
|turn|3
|c|☆EDanker420|rule of the day is metagross tanks
|
|t:|1760763440
|switch|p1a: Milotic|Milotic, F|100/100
|move|p2a: Landorus|Earthquake|p1a: Milotic
|-damage|p1a: Milotic|35/100
|
|-status|p1a: Milotic|brn|[from] item: Flame Orb
|upkeep
|turn|4
|
|t:|1760763452
|-terastallize|p1a: Milotic|Bug
|move|p2a: Landorus|Earthquake|p1a: Milotic
|-resisted|p1a: Milotic
|-damage|p1a: Milotic|13/100 brn
|move|p1a: Milotic|Recover|p1a: Milotic
|-heal|p1a: Milotic|64/100 brn
|
|-damage|p1a: Milotic|57/100 brn|[from] brn
|upkeep
|turn|5
|
|t:|1760763469
|switch|p2a: Sylveon|Sylveon, F|100/100
|move|p1a: Milotic|Ice Beam|p2a: Sylveon
|-damage|p2a: Sylveon|86/100
|
|-heal|p2a: Sylveon|92/100|[from] item: Leftovers
|-damage|p1a: Milotic|51/100 brn|[from] brn
|upkeep
|turn|6
|
|t:|1760763477
|switch|p1a: Metagross|Metagross, shiny|15/100
|move|p2a: Sylveon|Wish|p2a: Sylveon
|
|-heal|p2a: Sylveon|98/100|[from] item: Leftovers
|upkeep
|turn|7
|
|t:|1760763487
|switch|p2a: Landorus|Landorus-Therian, M|100/100
|-ability|p2a: Landorus|Intimidate|boost
|-fail|p1a: Metagross|unboost|[from] ability: Clear Body|[of] p1a: Metagross
|move|p1a: Metagross|Bullet Punch|p2a: Landorus
|-hint|Psychic Terrain doesn't affect Pokémon immune to Ground.
|-damage|p2a: Landorus|74/100
|
|-heal|p2a: Landorus|100/100|[from] move: Wish|[wisher] Sylveon
|upkeep
|turn|8
|
|t:|1760763501
|switch|p1a: Milotic|Milotic, F, tera:Bug|51/100 brn
|-terastallize|p2a: Landorus|Flying
|move|p2a: Landorus|Tera Blast|p1a: Milotic|[anim] Tera Blast Flying
|-supereffective|p1a: Milotic
|-damage|p1a: Milotic|0 fnt
|faint|p1a: Milotic
|
|-fieldend|move: Psychic Terrain
|upkeep
|
|t:|1760763514
|switch|p1a: Iron Valiant|Iron Valiant|100/100
|-enditem|p1a: Iron Valiant|Booster Energy
|-activate|p1a: Iron Valiant|ability: Quark Drive|[fromitem]
|-start|p1a: Iron Valiant|quarkdrivespe
|turn|9
|inactive|falas has 120 seconds left.
|
|t:|1760763548
|move|p1a: Iron Valiant|Thunderbolt|p2a: Landorus
|-supereffective|p2a: Landorus
|-damage|p2a: Landorus|30/100
|-status|p2a: Landorus|par
|move|p2a: Landorus|Tera Blast|p1a: Iron Valiant|[anim] Tera Blast Flying
|-supereffective|p1a: Iron Valiant
|-damage|p1a: Iron Valiant|0 fnt
|faint|p1a: Iron Valiant
|-end|p1a: Iron Valiant|Quark Drive|[silent]
|
|upkeep
|
|t:|1760763561
|switch|p1a: Skeledirge|Skeledirge, F, shiny|100/100
|turn|10
|
|t:|1760763568
|switch|p2a: Sylveon|Sylveon, F|98/100
|move|p1a: Skeledirge|Torch Song|p2a: Sylveon
|-damage|p2a: Sylveon|82/100
|-boost|p1a: Skeledirge|spa|1
|
|-heal|p2a: Sylveon|88/100|[from] item: Leftovers
|upkeep
|turn|11
|
|t:|1760763576
|move|p1a: Skeledirge|Will-O-Wisp|p2a: Sylveon
|-status|p2a: Sylveon|brn
|move|p2a: Sylveon|Calm Mind|p2a: Sylveon
|-boost|p2a: Sylveon|spa|1
|-boost|p2a: Sylveon|spd|1
|
|-heal|p2a: Sylveon|94/100 brn|[from] item: Leftovers
|-damage|p2a: Sylveon|88/100 brn|[from] brn
|upkeep
|turn|12
|
|t:|1760763584
|move|p1a: Skeledirge|Hex|p2a: Sylveon
|-damage|p2a: Sylveon|52/100 brn
|move|p2a: Sylveon|Calm Mind|p2a: Sylveon
|-boost|p2a: Sylveon|spa|1
|-boost|p2a: Sylveon|spd|1
|
|-heal|p2a: Sylveon|59/100 brn|[from] item: Leftovers
|-damage|p2a: Sylveon|52/100 brn|[from] brn
|upkeep
|turn|13
|
|t:|1760763592
|move|p1a: Skeledirge|Hex|p2a: Sylveon
|-damage|p2a: Sylveon|12/100 brn
|move|p2a: Sylveon|Wish|p2a: Sylveon
|
|-heal|p2a: Sylveon|18/100 brn|[from] item: Leftovers
|-damage|p2a: Sylveon|12/100 brn|[from] brn
|upkeep
|turn|14
|
|t:|1760763600
|move|p2a: Sylveon|Protect|p2a: Sylveon
|-singleturn|p2a: Sylveon|Protect
|move|p1a: Skeledirge|Torch Song|p2a: Sylveon
|-activate|p2a: Sylveon|move: Protect
|
|-heal|p2a: Sylveon|62/100 brn|[from] move: Wish|[wisher] Sylveon
|-heal|p2a: Sylveon|68/100 brn|[from] item: Leftovers
|-damage|p2a: Sylveon|62/100 brn|[from] brn
|upkeep
|turn|15
|
|t:|1760763609
|move|p1a: Skeledirge|Torch Song|p2a: Sylveon
|-damage|p2a: Sylveon|39/100 brn
|-boost|p1a: Skeledirge|spa|1
|move|p2a: Sylveon|Hyper Voice|p1a: Skeledirge
|-resisted|p1a: Skeledirge
|-damage|p1a: Skeledirge|78/100
|
|-heal|p1a: Skeledirge|84/100|[from] item: Leftovers
|-heal|p2a: Sylveon|45/100 brn|[from] item: Leftovers
|-damage|p2a: Sylveon|39/100 brn|[from] brn
|upkeep
|turn|16
|
|t:|1760763618
|move|p1a: Skeledirge|Hex|p2a: Sylveon
|-damage|p2a: Sylveon|0 fnt
|faint|p2a: Sylveon
|
|-heal|p1a: Skeledirge|90/100|[from] item: Leftovers
|upkeep
|
|t:|1760763621
|switch|p2a: Landorus|Landorus-Therian, M, tera:Flying|30/100 par
|-ability|p2a: Landorus|Intimidate|boost
|-unboost|p1a: Skeledirge|atk|1
|turn|17
|
|t:|1760763628
|move|p2a: Landorus|Earthquake|p1a: Skeledirge
|-supereffective|p1a: Skeledirge
|-damage|p1a: Skeledirge|19/100
|move|p1a: Skeledirge|Hex|p2a: Landorus
|-damage|p2a: Landorus|0 fnt
|faint|p2a: Landorus
|
|-heal|p1a: Skeledirge|25/100|[from] item: Leftovers
|upkeep
|
|t:|1760763631
|switch|p2a: Dondozo|Dondozo, M|100/100
|turn|18
|
|t:|1760763638
|move|p1a: Skeledirge|Will-O-Wisp|p2a: Dondozo|[miss]
|-miss|p1a: Skeledirge|p2a: Dondozo
|move|p2a: Dondozo|Curse|p2a: Dondozo
|-unboost|p2a: Dondozo|spe|1
|-boost|p2a: Dondozo|atk|1
|-boost|p2a: Dondozo|def|1
|
|-heal|p1a: Skeledirge|32/100|[from] item: Leftovers
|upkeep
|turn|19
|
|t:|1760763645
|move|p1a: Skeledirge|Slack Off|p1a: Skeledirge
|-heal|p1a: Skeledirge|82/100
|move|p2a: Dondozo|Curse|p2a: Dondozo
|-unboost|p2a: Dondozo|spe|1
|-boost|p2a: Dondozo|atk|1
|-boost|p2a: Dondozo|def|1
|
|-heal|p1a: Skeledirge|88/100|[from] item: Leftovers
|upkeep
|turn|20
|
|t:|1760763653
|move|p1a: Skeledirge|Will-O-Wisp|p2a: Dondozo
|-status|p2a: Dondozo|brn
|move|p2a: Dondozo|Curse|p2a: Dondozo
|-unboost|p2a: Dondozo|spe|1
|-boost|p2a: Dondozo|atk|1
|-boost|p2a: Dondozo|def|1
|
|-heal|p1a: Skeledirge|94/100|[from] item: Leftovers
|-damage|p2a: Dondozo|94/100 brn|[from] brn
|upkeep
|turn|21
|-message|falas forfeited.
|
|win|EDanker420
|raw|EDanker420's rating: 1113 &rarr; <strong>1143</strong><br />(+30 for winning)
|raw|falas's rating: 1185 &rarr; <strong>1155</strong><br />(-30 for losing)
|l|‽falas
|player|p2|
|l|☆EDanker420
|player|p1|
