|j|☆panzershock
|j|☆Monfernep
|t:|1760878187
|gametype|singles
|player|p1|panzershock|265|1172
|player|p2|Monfernep|skyla|1126
|gen|9
|tier|[Gen 9] OU
|rated|
|rule|HP Percentage Mod: HP is shown in percentages
|rule|Endless Battle Clause: Forcing endless battles is banned
|rule|Species Clause: Limit one of each Pokémon
|rule|OHKO Clause: OHKO moves are banned
|rule|Evasion Items Clause: Evasion items are banned
|rule|Evasion Moves Clause: Evasion moves are banned
|rule|Evasion Abilities Clause: Evasion abilities are banned
|rule|Sleep Moves Clause: Sleep-inducing moves are banned
|clearpoke
|poke|p1|Breloom, M|
|poke|p1|Avalugg-Hisui, M|
|poke|p1|Ursaluna, M|
|poke|p1|Ariados, M|
|poke|p1|Porygon-Z|
|poke|p1|Murkrow, M|
|poke|p2|Necrozma|
|poke|p2|Ribombee, M|
|poke|p2|Gholdengo|
|poke|p2|Ursaluna, F|
|poke|p2|Hoopa-Unbound|
|poke|p2|Avalugg, M|
|teampreview
|
|t:|1760878196
|teamsize|p1|6
|teamsize|p2|6
|start
|switch|p1a: Avalugg|Avalugg-Hisui, M|100/100
|switch|p2a: Ribombee|Ribombee, M|100/100
|turn|1
|
|t:|1760878200
|move|p2a: Ribombee|Energy Ball|p1a: Avalugg
|-supereffective|p1a: Avalugg
|-ability|p1a: Avalugg|Sturdy
|-damage|p1a: Avalugg|1/100
|move|p1a: Avalugg|Rock Blast|p2a: Ribombee
|-supereffective|p2a: Ribombee
|-damage|p2a: Ribombee|48/100
|-supereffective|p2a: Ribombee
|-damage|p2a: Ribombee|0 fnt
|faint|p2a: Ribombee
|-hitcount|p2: Ribombee|2
|
|upkeep
|
|t:|1760878209
|switch|p2a: Necrozma|Necrozma|100/100
|turn|2
|
|t:|1760878213
|move|p2a: Necrozma|Power Gem|p1a: Avalugg
|-supereffective|p1a: Avalugg
|-damage|p1a: Avalugg|0 fnt
|faint|p1a: Avalugg
|
|upkeep
|
|t:|1760878227
|switch|p1a: Ursaluna|Ursaluna, M|100/100
|turn|3
|
|t:|1760878234
|switch|p2a: Ursaluna|Ursaluna, F|100/100
|move|p1a: Ursaluna|Trailblaze|p2a: Ursaluna
|-supereffective|p2a: Ursaluna
|-damage|p2a: Ursaluna|71/100
|-boost|p1a: Ursaluna|spe|1
|
|-status|p2a: Ursaluna|brn|[from] item: Flame Orb
|upkeep
|turn|4
|
|t:|1760878255
|-terastallize|p2a: Ursaluna|Fighting
|move|p1a: Ursaluna|Earthquake|p2a: Ursaluna
|-damage|p2a: Ursaluna|30/100 brn
|move|p2a: Ursaluna|Drain Punch|p1a: Ursaluna
|-supereffective|p1a: Ursaluna
|-damage|p1a: Ursaluna|0 fnt
|-heal|p2a: Ursaluna|80/100 brn|[from] drain|[of] p1a: Ursaluna
|faint|p1a: Ursaluna
|
|-damage|p2a: Ursaluna|74/100 brn|[from] brn
|upkeep
|
|t:|1760878268
|switch|p1a: Porygon-Z|Porygon-Z|100/100
|-ability|p1a: Porygon-Z|Download|boost
|-boost|p1a: Porygon-Z|spa|1
|turn|5
|
|t:|1760878292
|move|p1a: Porygon-Z|Tera Blast|p2a: Ursaluna
|-damage|p2a: Ursaluna|25/100 brn
|move|p2a: Ursaluna|Facade|p1a: Porygon-Z
|-damage|p1a: Porygon-Z|0 fnt
|faint|p1a: Porygon-Z
|
|-damage|p2a: Ursaluna|18/100 brn|[from] brn
|upkeep
|
|t:|1760878300
|switch|p1a: Breloom|Breloom, M|100/100
|turn|6
|
|t:|1760878305
|move|p1a: Breloom|Bullet Seed|p2a: Ursaluna
|-damage|p2a: Ursaluna|0 fnt
|faint|p2a: Ursaluna
|-hitcount|p2: Ursaluna|1
|-damage|p1a: Breloom|91/100|[from] item: Life Orb
|
|upkeep
|
|t:|1760878313
|switch|p2a: Necrozma|Necrozma|100/100
|turn|7
|
|t:|1760878322
|-terastallize|p1a: Breloom|Grass
|move|p2a: Necrozma|Photon Geyser|p1a: Breloom
|-damage|p1a: Breloom|0 fnt
|faint|p1a: Breloom
|
|upkeep
|-message|panzershock forfeited.
|
|win|Monfernep
|raw|panzershock's rating: 1172 &rarr; <strong>1144</strong><br />(-28 for losing)
|raw|Monfernep's rating: 1126 &rarr; <strong>1154</strong><br />(+28 for winning)
|l|☆panzershock
|player|p1|
