|j|☆Ahzaeth
|j|☆Lin wen di
|t:|1760843805
|gametype|singles
|player|p1|Ahzaeth|fisherman-gen4|1147
|player|p2|Lin wen di|burgh|1169
|gen|9
|tier|[Gen 9] OU
|rated|
|rule|HP Percentage Mod: HP is shown in percentages
|rule|Endless Battle Clause: Forcing endless battles is banned
|rule|Species Clause: Limit one of each Pokémon
|rule|OHKO Clause: OHKO moves are banned
|rule|Evasion Items Clause: Evasion items are banned
|rule|Evasion Moves Clause: Evasion moves are banned
|rule|Evasion Abilities Clause: Evasion abilities are banned
|rule|Sleep Moves Clause: Sleep-inducing moves are banned
|clearpoke
|poke|p1|Abomasnow, F|
|poke|p1|Avalugg-Hisui, F|
|poke|p1|Slowking-Galar, F|
|poke|p1|Zoroark-Hisui, F|
|poke|p1|Krookodile, F|
|poke|p1|Goodra-Hisui, F|
|poke|p2|Slowbro, F|
|poke|p2|Chesnaught, F|
|poke|p2|Clodsire, M|
|poke|p2|Pelipper, M|
|poke|p2|Maushold|
|poke|p2|Goodra-Hisui, M|
|teampreview
|inactive|Battle timer is ON: inactive players will automatically lose when time's up. (requested by Lin wen di)
|
|t:|1760843831
|teamsize|p1|6
|teamsize|p2|6
|start
|switch|p1a: Slowking|Slowking-Galar, F|100/100
|switch|p2a: Clodsire|Clodsire, M|100/100
|turn|1
|
|t:|1760843841
|move|p1a: Slowking|Future Sight|p2a: Clodsire
|-start|p1a: Slowking|move: Future Sight
|move|p2a: Clodsire|Earthquake|p1a: Slowking
|-supereffective|p1a: Slowking
|-damage|p1a: Slowking|53/100
|
|upkeep
|turn|2
|
|t:|1760843861
|switch|p1a: Krookodile|Krookodile, F|100/100
|-ability|p1a: Krookodile|Intimidate|boost
|-unboost|p2a: Clodsire|atk|1
|move|p2a: Clodsire|Stealth Rock|p1a: Krookodile
|-sidestart|p1: Ahzaeth|move: Stealth Rock
|
|upkeep
|turn|3
|
|t:|1760843868
|move|p1a: Krookodile|Knock Off|p2a: Clodsire
|-damage|p2a: Clodsire|19/100
|-enditem|p2a: Clodsire|Black Sludge|[from] move: Knock Off|[of] p1a: Krookodile
|move|p2a: Clodsire|Toxic|p1a: Krookodile
|-status|p1a: Krookodile|tox
|
|-end|p2a: Clodsire|move: Future Sight
|-supereffective|p2a: Clodsire
|-damage|p2a: Clodsire|0 fnt
|faint|p2a: Clodsire
|-damage|p1a: Krookodile|94/100 tox|[from] psn
|upkeep
|
|t:|1760843877
|switch|p2a: Chesnaught|Chesnaught, F|100/100
|turn|4
|
|t:|1760843904
|-terastallize|p1a: Krookodile|Poison
|move|p1a: Krookodile|Knock Off|p2a: Chesnaught
|-resisted|p2a: Chesnaught
|-damage|p2a: Chesnaught|76/100
|-damage|p1a: Krookodile|78/100 tox|[from] item: Rocky Helmet|[of] p2a: Chesnaught
|-enditem|p2a: Chesnaught|Rocky Helmet|[from] move: Knock Off|[of] p1a: Krookodile
|move|p2a: Chesnaught|Leech Seed|p1a: Krookodile
|-start|p1a: Krookodile|move: Leech Seed
|
|-damage|p1a: Krookodile|65/100 tox|[from] Leech Seed|[of] p2a: Chesnaught
|-heal|p2a: Chesnaught|87/100|[silent]
|-damage|p1a: Krookodile|53/100 tox|[from] psn
|upkeep
|turn|5
|
|t:|1760843918
|switch|p1a: Goodra|Goodra-Hisui, F|100/100
|-damage|p1a: Goodra|95/100|[from] Stealth Rock
|move|p2a: Chesnaught|Drain Punch|p1a: Goodra
|-supereffective|p1a: Goodra
|-crit|p1a: Goodra
|-damage|p1a: Goodra|5/100
|-heal|p2a: Chesnaught|100/100|[from] drain|[of] p1a: Goodra
|-damage|p2a: Chesnaught|84/100|[from] item: Rocky Helmet|[of] p1a: Goodra
|-ability|p1a: Goodra|Gooey
|-unboost|p2a: Chesnaught|spe|1
|
|upkeep
|turn|6
|
|t:|1760843932
|move|p1a: Goodra|Draco Meteor|p2a: Chesnaught|[miss]
|-miss|p1a: Goodra|p2a: Chesnaught
|move|p2a: Chesnaught|Drain Punch|p1a: Goodra
|-supereffective|p1a: Goodra
|-damage|p1a: Goodra|0 fnt
|-heal|p2a: Chesnaught|86/100|[from] drain|[of] p1a: Goodra
|-damage|p2a: Chesnaught|69/100|[from] item: Rocky Helmet|[of] p1a: Goodra
|-ability|p1a: Goodra|Gooey
|-unboost|p2a: Chesnaught|spe|1
|faint|p1a: Goodra
|
|upkeep
|inactive|Ahzaeth has 120 seconds left.
|
|t:|1760843946
|switch|p1a: Abomasnow|Abomasnow, F|100/100
|-damage|p1a: Abomasnow|76/100|[from] Stealth Rock
|-weather|Snowscape|[from] ability: Snow Warning|[of] p1a: Abomasnow
|turn|7
|
|t:|1760843954
|-terastallize|p2a: Chesnaught|Fire
|move|p1a: Abomasnow|Aurora Veil|p1a: Abomasnow
|-sidestart|p1: Ahzaeth|move: Aurora Veil
|move|p2a: Chesnaught|Tera Blast|p1a: Abomasnow|[anim] Tera Blast Fire
|-supereffective|p1a: Abomasnow
|-damage|p1a: Abomasnow|18/100
|
|-weather|Snowscape|[upkeep]
|upkeep
|turn|8
|
|t:|1760843963
|move|p1a: Abomasnow|Leaf Storm|p2a: Chesnaught
|-resisted|p2a: Chesnaught
|-damage|p2a: Chesnaught|48/100
|-unboost|p1a: Abomasnow|spa|2
|-enditem|p1a: Abomasnow|Eject Pack
|
|t:|1760843968
|switch|p1a: Krookodile|Krookodile, F, tera:Poison|53/100 tox
|-damage|p1a: Krookodile|41/100 tox|[from] Stealth Rock
|-ability|p1a: Krookodile|Intimidate|boost
|-unboost|p2a: Chesnaught|atk|1
|move|p2a: Chesnaught|Drain Punch|p1a: Krookodile
|-resisted|p1a: Krookodile
|-damage|p1a: Krookodile|35/100 tox
|-heal|p2a: Chesnaught|51/100|[from] drain|[of] p1a: Krookodile
|
|-weather|Snowscape|[upkeep]
|-damage|p1a: Krookodile|29/100 tox|[from] psn
|upkeep
|turn|9
|
|t:|1760843984
|move|p2a: Chesnaught|Spiky Shield|p2a: Chesnaught
|-singleturn|p2a: Chesnaught|move: Protect
|move|p1a: Krookodile|Earthquake|p2a: Chesnaught
|-activate|p2a: Chesnaught|move: Protect
|
|-weather|Snowscape|[upkeep]
|-damage|p1a: Krookodile|17/100 tox|[from] psn
|upkeep
|turn|10
|
|t:|1760843994
|switch|p1a: Slowking|Slowking-Galar, F|86/100
|switch|p2a: Pelipper|Pelipper, M|100/100
|-weather|RainDance|[from] ability: Drizzle|[of] p2a: Pelipper
|
|-weather|RainDance|[upkeep]
|upkeep
|turn|11
|
|t:|1760844011
|move|p2a: Pelipper|Knock Off|p1a: Slowking
|-supereffective|p1a: Slowking
|-damage|p1a: Slowking|75/100
|-enditem|p1a: Slowking|Heavy-Duty Boots|[from] move: Knock Off|[of] p2a: Pelipper
|move|p1a: Slowking|Future Sight|p2a: Pelipper
|-start|p1a: Slowking|move: Future Sight
|
|-weather|RainDance|[upkeep]
|-sideend|p1: Ahzaeth|move: Aurora Veil
|upkeep
|turn|12
|
|t:|1760844018
|move|p2a: Pelipper|U-turn|p1a: Slowking
|-damage|p1a: Slowking|68/100
|
|t:|1760844022
|switch|p2a: Chesnaught|Chesnaught, F, tera:Fire|51/100|[from] U-turn
|-prepare|p1a: Slowking|Chilly Reception|[premajor]
|move|p1a: Slowking|Chilly Reception|p1a: Slowking
|-weather|Snowscape
|l|☆Lin wen di
|inactive|Lin wen di disconnected and has a minute to reconnect!
|player|p2|
|
|t:|1760844035
|switch|p1a: Krookodile|Krookodile, F, tera:Poison|17/100 tox|[from] Chilly Reception
|-damage|p1a: Krookodile|4/100 tox|[from] Stealth Rock
|-ability|p1a: Krookodile|Intimidate|boost
|-unboost|p2a: Chesnaught|atk|1
|
|-weather|Snowscape|[upkeep]
|-damage|p1a: Krookodile|0 fnt|[from] psn
|faint|p1a: Krookodile
|upkeep
|j|☆Lin wen di
|inactive|Lin wen di reconnected.
|player|p2|Lin wen di|burgh|
|inactive|Ahzaeth has 120 seconds left.
|
|t:|1760844052
|switch|p1a: Slowking|Slowking-Galar, F|100/100
|-damage|p1a: Slowking|88/100|[from] Stealth Rock
|turn|13
|
|t:|1760844070
|switch|p2a: Slowbro|Slowbro, F|100/100
|move|p1a: Slowking|Thunder Wave|p2a: Slowbro
|-status|p2a: Slowbro|par
|
|-weather|Snowscape|[upkeep]
|-end|p2a: Slowbro|move: Future Sight
|-resisted|p2a: Slowbro
|-damage|p2a: Slowbro|79/100 par
|upkeep
|turn|14
|
|t:|1760844084
|-prepare|p1a: Slowking|Chilly Reception|[premajor]
|move|p1a: Slowking|Chilly Reception|p1a: Slowking
|
|t:|1760844091
|switch|p1a: Avalugg|Avalugg-Hisui, F|100/100|[from] Chilly Reception
|move|p2a: Slowbro|Shadow Ball|p1a: Avalugg
|-damage|p1a: Avalugg|64/100
|
|-weather|Snowscape|[upkeep]
|-heal|p1a: Avalugg|71/100|[from] ability: Ice Body
|upkeep
|turn|15
|inactive|Lin wen di has 120 seconds left.
|
|t:|1760844144
|switch|p2a: Pelipper|Pelipper, M|100/100
|-weather|RainDance|[from] ability: Drizzle|[of] p2a: Pelipper
|move|p1a: Avalugg|Aurora Veil||[still]
|-fail|p1a: Avalugg
|
|-weather|RainDance|[upkeep]
|upkeep
|turn|16
|
|t:|1760844162
|switch|p1a: Slowking|Slowking-Galar, F|100/100
|-damage|p1a: Slowking|88/100|[from] Stealth Rock
|move|p2a: Pelipper|Hydro Pump|p1a: Slowking
|-damage|p1a: Slowking|34/100
|
|-weather|RainDance|[upkeep]
|upkeep
|turn|17
|inactive|Ahzaeth has 120 seconds left.
|-message|Ahzaeth forfeited.
|
|win|Lin wen di
|raw|Ahzaeth's rating: 1147 &rarr; <strong>1124</strong><br />(-23 for losing)
|raw|Lin wen di's rating: 1169 &rarr; <strong>1192</strong><br />(+23 for winning)
|l|☆Ahzaeth
|player|p1|
