|j|☆noob1877
|j|☆koroyev1
|t:|1760734180
|gametype|singles
|player|p1|noob1877|169|1772
|player|p2|koroyev1|roxanne|1655
|gen|9
|tier|[Gen 9] OU
|rated|
|rule|HP Percentage Mod: HP is shown in percentages
|rule|Endless Battle Clause: Forcing endless battles is banned
|rule|Species Clause: Limit one of each Pokémon
|rule|OHKO Clause: OHKO moves are banned
|rule|Evasion Items Clause: Evasion items are banned
|rule|Evasion Moves Clause: Evasion moves are banned
|rule|Evasion Abilities Clause: Evasion abilities are banned
|rule|Sleep Moves Clause: Sleep-inducing moves are banned
|clearpoke
|poke|p1|Araquanid, M|
|poke|p1|Manaphy|
|poke|p1|Gholdengo|
|poke|p1|Raging Bolt|
|poke|p1|Ogerpon-Wellspring, F|
|poke|p1|Great Tusk|
|poke|p2|Landorus-Therian, M|
|poke|p2|Corviknight, F|
|poke|p2|Zoroark-Hisui, F|
|poke|p2|Raging Bolt|
|poke|p2|Pecharunt|
|poke|p2|Samurott-Hisui, M|
|teampreview
|inactive|Battle timer is ON: inactive players will automatically lose when time's up. (requested by noob1877)
|
|t:|1760734206
|teamsize|p1|6
|teamsize|p2|6
|start
|switch|p1a: Araquanid|Araquanid, M|100/100
|switch|p2a: Corey Knight|Corviknight, F|100/100
|-ability|p2a: Corey Knight|Pressure
|turn|1
|
|t:|1760734209
|move|p2a: Corey Knight|Brave Bird|p1a: Araquanid
|-supereffective|p1a: Araquanid
|-damage|p1a: Araquanid|21/100
|-damage|p2a: Corey Knight|78/100|[from] Recoil
|move|p1a: Araquanid|Sticky Web|p2a: Corey Knight
|-sidestart|p2: koroyev1|move: Sticky Web
|
|upkeep
|turn|2
|
|t:|1760734213
|switch|p1a: Gholdengo|Gholdengo|100/100
|-item|p1a: Gholdengo|Air Balloon
|move|p2a: Corey Knight|Brave Bird|p1a: Gholdengo
|-resisted|p1a: Gholdengo
|-damage|p1a: Gholdengo|80/100
|-enditem|p1a: Gholdengo|Air Balloon
|-damage|p2a: Corey Knight|73/100|[from] Recoil
|
|upkeep
|turn|3
|
|t:|1760734217
|move|p1a: Gholdengo|Shadow Ball|p2a: Corey Knight
|-damage|p2a: Corey Knight|41/100
|move|p2a: Corey Knight|U-turn|p1a: Gholdengo
|-resisted|p1a: Gholdengo
|-damage|p1a: Gholdengo|77/100
|
|t:|1760734223
|switch|p2a: Sammy Rot|Samurott-Hisui, M|100/100|[from] U-turn
|-activate|p2a: Sammy Rot|move: Sticky Web
|-unboost|p2a: Sammy Rot|spe|1
|
|upkeep
|turn|4
|
|t:|1760734228
|switch|p1a: Great Tusk|Great Tusk|100/100
|-enditem|p1a: Great Tusk|Booster Energy
|-activate|p1a: Great Tusk|ability: Protosynthesis|[fromitem]
|-start|p1a: Great Tusk|protosynthesisspe
|move|p2a: Sammy Rot|Poltergeist||[still]
|-fail|p2a: Sammy Rot
|
|upkeep
|turn|5
|inactive|noob1877 has 120 seconds left.
|inactive|noob1877 has 90 seconds left.
|
|t:|1760734292
|switch|p2a: Corey Knight|Corviknight, F|41/100
|-ability|p2a: Corey Knight|Pressure
|move|p1a: Great Tusk|Bulk Up|p1a: Great Tusk
|-boost|p1a: Great Tusk|atk|1
|-boost|p1a: Great Tusk|def|1
|
|upkeep
|turn|6
|inactive|noob1877 has 90 seconds left.
|
|t:|1760734318
|-terastallize|p1a: Great Tusk|Ice
|move|p1a: Great Tusk|Ice Spinner|p2a: Corey Knight
|-damage|p2a: Corey Knight|2/100
|move|p2a: Corey Knight|Roost|p2a: Corey Knight
|-heal|p2a: Corey Knight|52/100
|-singleturn|p2a: Corey Knight|move: Roost
|
|upkeep
|turn|7
|
|t:|1760734324
|-end|p1a: Great Tusk|Protosynthesis|[silent]
|switch|p1a: Gholdengo|Gholdengo|77/100
|move|p2a: Corey Knight|Defog|p1a: Gholdengo
|-immune|p1a: Gholdengo|[from] ability: Good as Gold
|
|upkeep
|turn|8
|
|t:|1760734354
|move|p1a: Gholdengo|Nasty Plot|p1a: Gholdengo
|-boost|p1a: Gholdengo|spa|2
|move|p2a: Corey Knight|Roost|p2a: Corey Knight
|-heal|p2a: Corey Knight|100/100
|-singleturn|p2a: Corey Knight|move: Roost
|
|upkeep
|turn|9
|
|t:|1760734356
|move|p1a: Gholdengo|Shadow Ball|p2a: Corey Knight
|-damage|p2a: Corey Knight|46/100
|move|p2a: Corey Knight|U-turn|p1a: Gholdengo
|-resisted|p1a: Gholdengo
|-damage|p1a: Gholdengo|73/100
|
|t:|1760734359
|switch|p2a: Sammy Rot|Samurott-Hisui, M|100/100|[from] U-turn
|-activate|p2a: Sammy Rot|move: Sticky Web
|-unboost|p2a: Sammy Rot|spe|1
|
|upkeep
|turn|10
|
|t:|1760734376
|move|p1a: Gholdengo|Make It Rain|p2a: Sammy Rot
|-resisted|p2a: Sammy Rot
|-damage|p2a: Sammy Rot|41/100
|-unboost|p1a: Gholdengo|spa|1
|move|p2a: Sammy Rot|Ceaseless Edge|p1a: Gholdengo
|-supereffective|p1a: Gholdengo
|-damage|p1a: Gholdengo|0 fnt
|-sidestart|p1: noob1877|Spikes
|faint|p1a: Gholdengo
|
|upkeep
|inactive|noob1877 has 60 seconds left.
|
|t:|1760734406
|switch|p1a: Raging Bolt|Raging Bolt|100/100
|-damage|p1a: Raging Bolt|88/100|[from] Spikes
|-enditem|p1a: Raging Bolt|Booster Energy
|-activate|p1a: Raging Bolt|ability: Protosynthesis|[fromitem]
|-start|p1a: Raging Bolt|protosynthesisspa
|turn|11
|
|t:|1760734417
|move|p2a: Sammy Rot|Sucker Punch|p1a: Raging Bolt
|-crit|p1a: Raging Bolt
|-damage|p1a: Raging Bolt|35/100
|move|p1a: Raging Bolt|Thunderbolt|p2a: Sammy Rot
|-supereffective|p2a: Sammy Rot
|-damage|p2a: Sammy Rot|0 fnt
|faint|p2a: Sammy Rot
|
|upkeep
|
|t:|1760734422
|switch|p2a: Tony Solando|Landorus-Therian, M|100/100
|-ability|p2a: Tony Solando|Intimidate|boost
|-unboost|p1a: Raging Bolt|atk|1
|turn|12
|inactive|noob1877 has 60 seconds left.
|
|t:|1760734429
|move|p2a: Tony Solando|Earthquake|p1a: Raging Bolt
|-supereffective|p1a: Raging Bolt
|-damage|p1a: Raging Bolt|0 fnt
|faint|p1a: Raging Bolt
|-end|p1a: Raging Bolt|Protosynthesis|[silent]
|
|upkeep
|inactive|noob1877 has 60 seconds left.
|
|t:|1760734434
|switch|p1a: Ogerpon|Ogerpon-Wellspring, F|100/100
|-damage|p1a: Ogerpon|88/100|[from] Spikes
|turn|13
|
|t:|1760734437
|switch|p2a: Peter Runt|Pecharunt|100/100
|-activate|p2a: Peter Runt|move: Sticky Web
|-unboost|p2a: Peter Runt|spe|1
|move|p1a: Ogerpon|Swords Dance|p1a: Ogerpon
|-boost|p1a: Ogerpon|atk|2
|
|upkeep
|turn|14
|
|t:|1760734443
|move|p1a: Ogerpon|Ivy Cudgel|p2a: Peter Runt|[anim] Ivy Cudgel Water
|-damage|p2a: Peter Runt|50/100
|move|p2a: Peter Runt|Malignant Chain|p1a: Ogerpon
|-supereffective|p1a: Ogerpon
|-damage|p1a: Ogerpon|18/100
|-status|p1a: Ogerpon|tox
|-start|p1a: Ogerpon|confusion|[from] ability: Poison Puppeteer|[of] p2a: Peter Runt
|
|-damage|p1a: Ogerpon|12/100 tox|[from] psn
|upkeep
|turn|15
|
|t:|1760734446
|-activate|p1a: Ogerpon|confusion
|move|p1a: Ogerpon|Ivy Cudgel|p2a: Peter Runt|[anim] Ivy Cudgel Water
|-crit|p2a: Peter Runt
|-damage|p2a: Peter Runt|0 fnt
|faint|p2a: Peter Runt
|
|-damage|p1a: Ogerpon|0 fnt|[from] psn
|faint|p1a: Ogerpon
|upkeep
|inactive|noob1877 has 60 seconds left.
|
|t:|1760734497
|switch|p1a: Great Tusk|Great Tusk, tera:Ice|100/100
|switch|p2a: Randy Bolt|Raging Bolt|100/100
|-damage|p1a: Great Tusk|88/100|[from] Spikes
|-activate|p2a: Randy Bolt|move: Sticky Web
|-unboost|p2a: Randy Bolt|spe|1
|turn|16
|
|t:|1760734502
|move|p1a: Great Tusk|Headlong Rush|p2a: Randy Bolt
|-supereffective|p2a: Randy Bolt
|-damage|p2a: Randy Bolt|3/100
|-unboost|p1a: Great Tusk|def|1
|-unboost|p1a: Great Tusk|spd|1
|move|p2a: Randy Bolt|Draco Meteor|p1a: Great Tusk
|-damage|p1a: Great Tusk|0 fnt
|-unboost|p2a: Randy Bolt|spa|2
|faint|p1a: Great Tusk
|-end|p1a: Great Tusk|Protosynthesis|[silent]
|
|upkeep
|
|t:|1760734506
|switch|p1a: Manaphy|Manaphy|100/100
|-damage|p1a: Manaphy|88/100|[from] Spikes
|turn|17
|inactive|noob1877 has 60 seconds left.
|
|t:|1760734515
|move|p1a: Manaphy|Tail Glow|p1a: Manaphy
|-boost|p1a: Manaphy|spa|3
|move|p2a: Randy Bolt|Draco Meteor|p1a: Manaphy|[miss]
|-miss|p2a: Randy Bolt|p1a: Manaphy
|
|-heal|p1a: Manaphy|94/100|[from] item: Leftovers
|upkeep
|turn|18
|
|t:|1760734520
|move|p1a: Manaphy|Surf|p2a: Randy Bolt
|-resisted|p2a: Randy Bolt
|-damage|p2a: Randy Bolt|0 fnt
|faint|p2a: Randy Bolt
|-end|p2a: Randy Bolt|Protosynthesis|[silent]
|
|-heal|p1a: Manaphy|100/100|[from] item: Leftovers
|upkeep
|
|t:|1760734524
|switch|p2a: Corey Knight|Corviknight, F|100/100
|-activate|p2a: Corey Knight|move: Sticky Web
|-unboost|p2a: Corey Knight|spe|1
|turn|19
|
|t:|1760734528
|move|p1a: Manaphy|Surf|p2a: Corey Knight
|-enditem|p2a: Corey Knight|Focus Sash
|-damage|p2a: Corey Knight|1/100
|replace|p2a: Saddam|Zoroark-Hisui, F
|-end|p2a: Saddam|Illusion
|move|p2a: Saddam|Poltergeist|p1a: Manaphy
|-activate|p1a: Manaphy|move: Poltergeist|Leftovers
|-damage|p1a: Manaphy|52/100
|
|-heal|p1a: Manaphy|58/100|[from] item: Leftovers
|upkeep
|turn|20
|
|t:|1760734533
|move|p2a: Saddam|Shadow Sneak|p1a: Manaphy
|-damage|p1a: Manaphy|40/100
|move|p1a: Manaphy|Surf|p2a: Saddam
|-damage|p2a: Saddam|0 fnt
|faint|p2a: Saddam
|
|-heal|p1a: Manaphy|46/100|[from] item: Leftovers
|upkeep
|
|t:|1760734536
|switch|p2a: Tony Solando|Landorus-Therian, M|100/100
|-ability|p2a: Tony Solando|Intimidate|boost
|-unboost|p1a: Manaphy|atk|1
|turn|21
|
|t:|1760734539
|-terastallize|p2a: Tony Solando|Flying
|move|p2a: Tony Solando|Tera Blast|p1a: Manaphy|[anim] Tera Blast Flying
|-damage|p1a: Manaphy|0 fnt
|faint|p1a: Manaphy
|
|upkeep
|
|t:|1760734545
|switch|p1a: Araquanid|Araquanid, M|21/100
|-damage|p1a: Araquanid|9/100|[from] Spikes
|turn|22
|-enditem|p1a: Araquanid|Custap Berry|[eat]
|-activate|p1a: Araquanid|item: Custap Berry|[consumed]
|
|t:|1760734546
|move|p1a: Araquanid|Surf|p2a: Tony Solando
|-damage|p2a: Tony Solando|33/100
|move|p2a: Tony Solando|Tera Blast|p1a: Araquanid|[anim] Tera Blast Flying
|-supereffective|p1a: Araquanid
|-damage|p1a: Araquanid|0 fnt
|faint|p1a: Araquanid
|
|win|koroyev1
|raw|noob1877's rating: 1772 &rarr; <strong>1746</strong><br />(-26 for losing)
|raw|koroyev1's rating: 1655 &rarr; <strong>1681</strong><br />(+26 for winning)
|l|☆noob1877
|player|p1|
|l|☆koroyev1
|player|p2|
