|j|☆TrentMercer
|j|☆pikkledtmato
|t:|1760738710
|gametype|singles
|player|p1|TrentMercer|n|1619
|player|p2|pikkledtmato|2|1650
|gen|9
|tier|[Gen 9] OU
|rated|
|rule|HP Percentage Mod: HP is shown in percentages
|rule|Endless Battle Clause: Forcing endless battles is banned
|rule|Species Clause: Limit one of each Pokémon
|rule|OHKO Clause: OHKO moves are banned
|rule|Evasion Items Clause: Evasion items are banned
|rule|Evasion Moves Clause: Evasion moves are banned
|rule|Evasion Abilities Clause: Evasion abilities are banned
|rule|Sleep Moves Clause: Sleep-inducing moves are banned
|clearpoke
|poke|p1|Great Tusk|
|poke|p1|Slowking-Galar, F|
|poke|p1|Zapdos|
|poke|p1|Crawdaunt, F|
|poke|p1|Chandelure, M|
|poke|p1|Scizor, F|
|poke|p2|Snorlax, F|
|poke|p2|Iron Crown|
|poke|p2|Gholdengo|
|poke|p2|Kyurem|
|poke|p2|Kingambit, M|
|poke|p2|Sandy Shocks|
|teampreview
|inactive|Battle timer is ON: inactive players will automatically lose when time's up. (requested by pikkledtmato)
|
|t:|1760738717
|teamsize|p1|6
|teamsize|p2|6
|start
|switch|p1a: Crawdaunt|Crawdaunt, F|100/100
|switch|p2a: Sandy Shocks|Sandy Shocks|100/100
|turn|1
|
|t:|1760738722
|switch|p1a: Slowking|Slowking-Galar, F|100/100
|move|p2a: Sandy Shocks|Thunderbolt|p1a: Slowking
|-damage|p1a: Slowking|78/100
|
|upkeep
|turn|2
|
|t:|1760738724
|move|p2a: Sandy Shocks|Earth Power|p1a: Slowking
|-supereffective|p1a: Slowking
|-damage|p1a: Slowking|35/100
|move|p1a: Slowking|Ice Beam|p2a: Sandy Shocks
|-supereffective|p2a: Sandy Shocks
|-damage|p2a: Sandy Shocks|35/100
|
|upkeep
|turn|3
|
|t:|1760738741
|switch|p1a: Great Tusk|Great Tusk|100/100
|-enditem|p1a: Great Tusk|Booster Energy
|-activate|p1a: Great Tusk|ability: Protosynthesis|[fromitem]
|-start|p1a: Great Tusk|protosynthesisatk
|move|p2a: Sandy Shocks|Stealth Rock|p1a: Great Tusk
|-sidestart|p1: TrentMercer|move: Stealth Rock
|
|upkeep
|turn|4
|
|t:|1760738746
|-end|p2a: Sandy Shocks|Protosynthesis|[silent]
|switch|p2a: Gholdengo|Gholdengo|100/100
|-item|p2a: Gholdengo|Air Balloon
|move|p1a: Great Tusk|Ice Spinner|p2a: Gholdengo
|-resisted|p2a: Gholdengo
|-damage|p2a: Gholdengo|83/100
|-enditem|p2a: Gholdengo|Air Balloon
|
|upkeep
|turn|5
|
|t:|1760738750
|move|p1a: Great Tusk|Headlong Rush|p2a: Gholdengo
|-supereffective|p2a: Gholdengo
|-damage|p2a: Gholdengo|0 fnt
|-unboost|p1a: Great Tusk|def|1
|-unboost|p1a: Great Tusk|spd|1
|faint|p2a: Gholdengo
|
|upkeep
|j| donotperceiveme
|
|t:|1760738755
|switch|p2a: Iron Crown|Iron Crown|100/100
|-enditem|p2a: Iron Crown|Booster Energy
|-activate|p2a: Iron Crown|ability: Quark Drive|[fromitem]
|-start|p2a: Iron Crown|quarkdrivespa
|turn|6
|
|t:|1760738763
|-terastallize|p1a: Great Tusk|Steel
|move|p2a: Iron Crown|Psychic Noise|p1a: Great Tusk
|-resisted|p1a: Great Tusk
|-damage|p1a: Great Tusk|42/100
|-start|p1a: Great Tusk|move: Heal Block
|move|p1a: Great Tusk|Rapid Spin|p2a: Iron Crown
|-resisted|p2a: Iron Crown
|-damage|p2a: Iron Crown|88/100
|-boost|p1a: Great Tusk|spe|1
|-sideend|p1: TrentMercer|Stealth Rock|[from] move: Rapid Spin|[of] p1a: Great Tusk
|
|upkeep
|turn|7
|l| donotperceiveme
|
|t:|1760738773
|-end|p2a: Iron Crown|Quark Drive|[silent]
|switch|p2a: Sandy Shocks|Sandy Shocks|35/100
|move|p1a: Great Tusk|Headlong Rush|p2a: Sandy Shocks
|-supereffective|p2a: Sandy Shocks
|-damage|p2a: Sandy Shocks|0 fnt
|-unboost|p1a: Great Tusk|def|1
|-unboost|p1a: Great Tusk|spd|1
|faint|p2a: Sandy Shocks
|-end|p2a: Sandy Shocks|Protosynthesis|[silent]
|
|-end|p1a: Great Tusk|move: Heal Block
|upkeep
|
|t:|1760738775
|switch|p2a: Kingambit|Kingambit, M|100/100
|-activate|p2a: Kingambit|ability: Supreme Overlord
|-start|p2a: Kingambit|fallen2|[silent]
|turn|8
|
|t:|1760738784
|move|p2a: Kingambit|Sucker Punch||[still]
|-fail|p2a: Kingambit
|move|p1a: Great Tusk|Stealth Rock|p2a: Kingambit
|-sidestart|p2: pikkledtmato|move: Stealth Rock
|
|upkeep
|turn|9
|
|t:|1760738794
|move|p1a: Great Tusk|Headlong Rush|p2a: Kingambit
|-supereffective|p2a: Kingambit
|-damage|p2a: Kingambit|0 fnt
|-unboost|p1a: Great Tusk|def|1
|-unboost|p1a: Great Tusk|spd|1
|faint|p2a: Kingambit
|-end|p2a: Kingambit|fallen2|[silent]
|
|upkeep
|
|t:|1760738801
|switch|p2a: Snorlax|Snorlax, F|100/100
|-damage|p2a: Snorlax|88/100|[from] Stealth Rock
|turn|10
|
|t:|1760738806
|move|p1a: Great Tusk|Headlong Rush|p2a: Snorlax
|-damage|p2a: Snorlax|7/100
|-unboost|p1a: Great Tusk|def|1
|-unboost|p1a: Great Tusk|spd|1
|move|p2a: Snorlax|Earthquake|p1a: Great Tusk
|-supereffective|p1a: Great Tusk
|-damage|p1a: Great Tusk|0 fnt
|faint|p1a: Great Tusk
|-end|p1a: Great Tusk|Protosynthesis|[silent]
|
|upkeep
|
|t:|1760738810
|switch|p1a: Zapdos|Zapdos|100/100
|turn|11
|
|t:|1760738813
|move|p1a: Zapdos|Volt Switch|p2a: Snorlax
|-damage|p2a: Snorlax|0 fnt
|faint|p2a: Snorlax
|
|t:|1760738817
|switch|p1a: Slowking|Slowking-Galar, F|68/100|[from] Volt Switch
|
|upkeep
|
|t:|1760738820
|switch|p2a: Kyurem|Kyurem|100/100
|-damage|p2a: Kyurem|76/100|[from] Stealth Rock
|-ability|p2a: Kyurem|Pressure
|turn|12
|
|t:|1760738825
|move|p2a: Kyurem|Dragon Dance|p2a: Kyurem
|-boost|p2a: Kyurem|atk|1
|-boost|p2a: Kyurem|spe|1
|move|p1a: Slowking|Sludge Bomb|p2a: Kyurem
|-damage|p2a: Kyurem|34/100
|
|upkeep
|turn|13
|
|t:|1760738844
|switch|p1a: Zapdos|Zapdos|100/100
|move|p2a: Kyurem|Icicle Spear|p1a: Zapdos
|-supereffective|p1a: Zapdos
|-damage|p1a: Zapdos|70/100
|-supereffective|p1a: Zapdos
|-damage|p1a: Zapdos|37/100
|-supereffective|p1a: Zapdos
|-damage|p1a: Zapdos|5/100
|-supereffective|p1a: Zapdos
|-damage|p1a: Zapdos|0 fnt
|faint|p1a: Zapdos
|-hitcount|p1: Zapdos|4
|
|upkeep
|
|t:|1760738848
|switch|p1a: Scizor|Scizor, F|100/100
|turn|14
|
|t:|1760738851
|-terastallize|p2a: Kyurem|Electric
|move|p1a: Scizor|Bullet Punch|p2a: Kyurem
|-resisted|p2a: Kyurem
|-damage|p2a: Kyurem|13/100
|-damage|p1a: Scizor|91/100|[from] item: Life Orb
|move|p2a: Kyurem|Tera Blast|p1a: Scizor|[anim] Tera Blast Electric
|-damage|p1a: Scizor|11/100
|
|upkeep
|turn|15
|
|t:|1760738857
|move|p1a: Scizor|Bullet Punch|p2a: Kyurem
|-resisted|p2a: Kyurem
|-damage|p2a: Kyurem|0 fnt
|faint|p2a: Kyurem
|-damage|p1a: Scizor|1/100|[from] item: Life Orb
|
|upkeep
|
|t:|1760738858
|switch|p2a: Iron Crown|Iron Crown|88/100
|-damage|p2a: Iron Crown|81/100|[from] Stealth Rock
|turn|16
|
|t:|1760738860
|move|p2a: Iron Crown|Tachyon Cutter|p1a: Scizor
|-resisted|p1a: Scizor
|-damage|p1a: Scizor|0 fnt
|faint|p1a: Scizor
|-hitcount|p1: Scizor|1
|
|upkeep
|
|t:|1760738862
|switch|p1a: Chandelure|Chandelure, M, shiny|100/100
|turn|17
|
|t:|1760738864
|move|p1a: Chandelure|Shadow Ball|p2a: Iron Crown
|-supereffective|p2a: Iron Crown
|-damage|p2a: Iron Crown|0 fnt
|faint|p2a: Iron Crown
|-end|p2a: Iron Crown|Quark Drive|[silent]
|
|win|TrentMercer
|raw|TrentMercer's rating: 1619 &rarr; <strong>1641</strong><br />(+22 for winning)
|raw|pikkledtmato's rating: 1650 &rarr; <strong>1628</strong><br />(-22 for losing)
|l|☆pikkledtmato
|player|p2|
|l|☆TrentMercer
|player|p1|
