|j|☆Holton 23
|j|☆Nevitchen
|t:|1760885412
|gametype|singles
|player|p1|Holton 23|170|1015
|player|p2|Nevitchen|102|1094
|gen|9
|tier|[Gen 9] OU
|rated|
|rule|HP Percentage Mod: HP is shown in percentages
|rule|Endless Battle Clause: Forcing endless battles is banned
|rule|Species Clause: Limit one of each Pokémon
|rule|OHKO Clause: OHKO moves are banned
|rule|Evasion Items Clause: Evasion items are banned
|rule|Evasion Moves Clause: Evasion moves are banned
|rule|Evasion Abilities Clause: Evasion abilities are banned
|rule|Sleep Moves Clause: Sleep-inducing moves are banned
|clearpoke
|poke|p1|Ceruledge, F|
|poke|p1|Dragapult, M|
|poke|p1|Garganacl, M|
|poke|p1|Iron Treads|
|poke|p1|Lilligant-Hisui, F|
|poke|p1|Glaceon, F|
|poke|p2|Dragonite, F|
|poke|p2|Zamazenta-*|
|poke|p2|Landorus-Therian, M|
|poke|p2|Gholdengo|
|poke|p2|Darkrai|
|poke|p2|Hatterene, F|
|teampreview
|j| DarkOkto
|
|t:|1760885447
|teamsize|p1|6
|teamsize|p2|6
|start
|switch|p1a: Garganacl|Garganacl, M, shiny|100/100
|switch|p2a: Eine wolke|Landorus-Therian, M|100/100
|-ability|p2a: Eine wolke|Intimidate|boost
|-unboost|p1a: Garganacl|atk|1
|turn|1
|
|t:|1760885463
|move|p2a: Eine wolke|Taunt|p1a: Garganacl
|-start|p1a: Garganacl|move: Taunt
|cant|p1a: Garganacl|move: Taunt|Stealth Rock
|
|upkeep
|turn|2
|
|t:|1760885469
|move|p2a: Eine wolke|Stealth Rock|p1a: Garganacl
|-sidestart|p1: Holton 23|move: Stealth Rock
|move|p1a: Garganacl|Salt Cure|p2a: Eine wolke
|-damage|p2a: Eine wolke|88/100
|-start|p2a: Eine wolke|Salt Cure
|
|-damage|p2a: Eine wolke|76/100|[from] Salt Cure
|upkeep
|turn|3
|
|t:|1760885489
|switch|p1a: Iron Treads|Iron Treads, shiny|100/100
|-damage|p1a: Iron Treads|97/100|[from] Stealth Rock
|-enditem|p1a: Iron Treads|Booster Energy
|-activate|p1a: Iron Treads|ability: Quark Drive|[fromitem]
|-start|p1a: Iron Treads|quarkdrivespe
|move|p2a: Eine wolke|U-turn|p1a: Iron Treads
|-resisted|p1a: Iron Treads
|-damage|p1a: Iron Treads|86/100
|
|t:|1760885518
|switch|p2a: Wau Wau|Zamazenta|100/100|[from] U-turn
|-ability|p2a: Wau Wau|Dauntless Shield|boost
|-boost|p2a: Wau Wau|def|1
|
|upkeep
|turn|4
|
|t:|1760885547
|move|p1a: Iron Treads|Earth Power|p2a: Wau Wau
|-damage|p2a: Wau Wau|82/100
|move|p2a: Wau Wau|Body Press|p1a: Iron Treads
|-supereffective|p1a: Iron Treads
|-damage|p1a: Iron Treads|0 fnt
|faint|p1a: Iron Treads
|-end|p1a: Iron Treads|Quark Drive|[silent]
|
|-heal|p2a: Wau Wau|88/100|[from] item: Leftovers
|upkeep
|
|t:|1760885559
|switch|p1a: Ceruledge|Ceruledge, F|100/100
|-damage|p1a: Ceruledge|76/100|[from] Stealth Rock
|turn|5
|
|t:|1760885579
|move|p1a: Ceruledge|Psycho Cut|p2a: Wau Wau
|-supereffective|p2a: Wau Wau
|-damage|p2a: Wau Wau|62/100
|move|p2a: Wau Wau|Roar|p1a: Ceruledge
|drag|p1a: Glaceon|Glaceon, F|100/100
|-damage|p1a: Glaceon|76/100|[from] Stealth Rock
|
|-heal|p2a: Wau Wau|68/100|[from] item: Leftovers
|upkeep
|turn|6
|
|t:|1760885606
|switch|p1a: Dragapult|Dragapult, M|100/100
|-damage|p1a: Dragapult|88/100|[from] Stealth Rock
|move|p2a: Wau Wau|Body Press|p1a: Dragapult
|-immune|p1a: Dragapult
|
|-heal|p1a: Dragapult|94/100|[from] item: Leftovers
|-heal|p2a: Wau Wau|74/100|[from] item: Leftovers
|upkeep
|turn|7
|
|t:|1760885655
|switch|p2a: Ka was dass ist|Hatterene, F|100/100
|move|p1a: Dragapult|Phantom Force||[still]
|-prepare|p1a: Dragapult|Phantom Force
|
|-heal|p1a: Dragapult|99/100|[from] item: Leftovers
|upkeep
|turn|8
|
|t:|1760885699
|switch|p2a: Edgy guy|Darkrai|100/100
|move|p1a: Dragapult|Phantom Force|p2a: Edgy guy|[from] lockedmove
|-resisted|p2a: Edgy guy
|-damage|p2a: Edgy guy|77/100
|
|-heal|p1a: Dragapult|100/100|[from] item: Leftovers
|upkeep
|turn|9
|
|t:|1760885722
|move|p1a: Dragapult|Dragon Darts|p2a: Edgy guy
|-damage|p2a: Edgy guy|45/100
|-anim|p1a: Dragapult|Dragon Darts|p2a: Edgy guy
|-damage|p2a: Edgy guy|14/100
|move|p2a: Edgy guy|Will-O-Wisp|p1a: Dragapult
|-status|p1a: Dragapult|brn
|
|-damage|p1a: Dragapult|95/100 brn|[from] brn
|upkeep
|turn|10
|
|t:|1760885737
|move|p1a: Dragapult|Flamethrower|p2a: Edgy guy
|-damage|p2a: Edgy guy|0 fnt
|faint|p2a: Edgy guy
|
|-heal|p1a: Dragapult|100/100 brn|[from] item: Leftovers
|-damage|p1a: Dragapult|95/100 brn|[from] brn
|upkeep
|
|t:|1760885798
|switch|p2a: Eine wolke|Landorus-Therian, M|76/100
|-ability|p2a: Eine wolke|Intimidate|boost
|-unboost|p1a: Dragapult|atk|1
|turn|11
|
|t:|1760885807
|move|p1a: Dragapult|Phantom Force||[still]
|-prepare|p1a: Dragapult|Phantom Force
|move|p2a: Eine wolke|Earthquake|p1a: Dragapult|[miss]
|-miss|p2a: Eine wolke|p1a: Dragapult
|
|-heal|p1a: Dragapult|100/100 brn|[from] item: Leftovers
|-damage|p1a: Dragapult|95/100 brn|[from] brn
|upkeep
|turn|12
|
|t:|1760885829
|move|p1a: Dragapult|Phantom Force|p2a: Eine wolke|[from] lockedmove
|-damage|p2a: Eine wolke|63/100
|-damage|p1a: Dragapult|78/100 brn|[from] item: Rocky Helmet|[of] p2a: Eine wolke
|move|p2a: Eine wolke|Earthquake|p1a: Dragapult
|-damage|p1a: Dragapult|2/100 brn
|
|-heal|p1a: Dragapult|8/100 brn|[from] item: Leftovers
|-damage|p1a: Dragapult|2/100 brn|[from] brn
|upkeep
|turn|13
|
|t:|1760885839
|move|p1a: Dragapult|Dragon Darts|p2a: Eine wolke
|-crit|p2a: Eine wolke
|-damage|p2a: Eine wolke|45/100
|-anim|p1a: Dragapult|Dragon Darts|p2a: Eine wolke
|-damage|p2a: Eine wolke|38/100
|move|p2a: Eine wolke|Earthquake|p1a: Dragapult
|-damage|p1a: Dragapult|0 fnt
|faint|p1a: Dragapult
|
|upkeep
|
|t:|1760885852
|switch|p1a: Lilligant|Lilligant-Hisui, F, shiny|100/100
|-damage|p1a: Lilligant|94/100|[from] Stealth Rock
|turn|14
|
|t:|1760885909
|switch|p2a: Ka was dass ist|Hatterene, F|100/100
|move|p1a: Lilligant|Triple Axel|p2a: Ka was dass ist
|-damage|p2a: Ka was dass ist|93/100
|-damage|p2a: Ka was dass ist|79/100
|-damage|p2a: Ka was dass ist|57/100
|-hitcount|p2a: Ka was dass ist|3
|
|upkeep
|turn|15
|
|t:|1760885926
|move|p1a: Lilligant|Leaf Blade|p2a: Ka was dass ist
|-damage|p2a: Ka was dass ist|5/100
|move|p2a: Ka was dass ist|Draining Kiss|p1a: Lilligant
|-supereffective|p1a: Lilligant
|-damage|p1a: Lilligant|18/100
|-heal|p2a: Ka was dass ist|56/100|[from] drain|[of] p1a: Lilligant
|
|upkeep
|turn|16
|
|t:|1760885955
|move|p1a: Lilligant|Leaf Blade|p2a: Ka was dass ist
|-damage|p2a: Ka was dass ist|8/100
|move|p2a: Ka was dass ist|Draining Kiss|p1a: Lilligant
|-supereffective|p1a: Lilligant
|-damage|p1a: Lilligant|0 fnt
|-heal|p2a: Ka was dass ist|19/100|[from] drain|[of] p1a: Lilligant
|faint|p1a: Lilligant
|
|upkeep
|
|t:|1760885967
|switch|p1a: Garganacl|Garganacl, M, shiny|100/100
|turn|17
|
|t:|1760886000
|switch|p2a: Mirko|Gholdengo|100/100
|move|p1a: Garganacl|Salt Cure|p2a: Mirko
|-resisted|p2a: Mirko
|-damage|p2a: Mirko|91/100
|-start|p2a: Mirko|Salt Cure
|
|-damage|p2a: Mirko|66/100|[from] Salt Cure
|upkeep
|turn|18
|
|t:|1760886010
|-terastallize|p2a: Mirko|Steel
|move|p2a: Mirko|Make It Rain|p1a: Garganacl
|-supereffective|p1a: Garganacl
|-ability|p1a: Garganacl|Sturdy
|-damage|p1a: Garganacl|1/100
|-unboost|p2a: Mirko|spa|1
|move|p1a: Garganacl|Earthquake|p2a: Mirko
|-supereffective|p2a: Mirko
|-damage|p2a: Mirko|4/100
|
|-damage|p2a: Mirko|0 fnt|[from] Salt Cure
|faint|p2a: Mirko
|upkeep
|
|t:|1760886026
|switch|p2a: Lass mich carryn|Dragonite, F|100/100
|turn|19
|
|t:|1760886030
|move|p2a: Lass mich carryn|Extreme Speed|p1a: Garganacl
|-resisted|p1a: Garganacl
|-damage|p1a: Garganacl|0 fnt
|faint|p1a: Garganacl
|
|upkeep
|
|t:|1760886035
|switch|p1a: Glaceon|Glaceon, F|76/100
|-damage|p1a: Glaceon|51/100|[from] Stealth Rock
|turn|20
|
|t:|1760886060
|move|p2a: Lass mich carryn|Earthquake|p1a: Glaceon
|-damage|p1a: Glaceon|18/100
|move|p1a: Glaceon|Ice Beam|p2a: Lass mich carryn
|-supereffective|p2a: Lass mich carryn
|-damage|p2a: Lass mich carryn|0 fnt
|faint|p2a: Lass mich carryn
|
|upkeep
|
|t:|1760886073
|switch|p2a: Wau Wau|Zamazenta|74/100
|turn|21
|
|t:|1760886078
|move|p1a: Glaceon|Quick Attack|p2a: Wau Wau
|-damage|p2a: Wau Wau|69/100
|move|p2a: Wau Wau|Body Press|p1a: Glaceon
|-supereffective|p1a: Glaceon
|-crit|p1a: Glaceon
|-damage|p1a: Glaceon|0 fnt
|faint|p1a: Glaceon
|
|-heal|p2a: Wau Wau|75/100|[from] item: Leftovers
|upkeep
|
|t:|1760886086
|switch|p1a: Ceruledge|Ceruledge, F|76/100
|-damage|p1a: Ceruledge|51/100|[from] Stealth Rock
|turn|22
|
|t:|1760886099
|move|p2a: Wau Wau|Crunch|p1a: Ceruledge
|-supereffective|p1a: Ceruledge
|-crit|p1a: Ceruledge
|-damage|p1a: Ceruledge|0 fnt
|faint|p1a: Ceruledge
|
|win|Nevitchen
|raw|Holton 23's rating: 1015 &rarr; <strong>1005</strong><br />(-10 for losing)
|raw|Nevitchen's rating: 1094 &rarr; <strong>1114</strong><br />(+20 for winning)
|l|☆Holton 23
|player|p1|
