|j|☆RockyRangerYoutube
|j|☆HZBKAI4
|t:|1760836979
|gametype|singles
|player|p1|RockyRangerYoutube|pokemonranger-gen4|1158
|player|p2|HZBKAI4|169|1165
|gen|9
|tier|[Gen 9] OU
|rated|
|rule|HP Percentage Mod: HP is shown in percentages
|rule|Endless Battle Clause: Forcing endless battles is banned
|rule|Species Clause: Limit one of each Pokémon
|rule|OHKO Clause: OHKO moves are banned
|rule|Evasion Items Clause: Evasion items are banned
|rule|Evasion Moves Clause: Evasion moves are banned
|rule|Evasion Abilities Clause: Evasion abilities are banned
|rule|Sleep Moves Clause: Sleep-inducing moves are banned
|clearpoke
|poke|p1|Rotom-Mow|
|poke|p1|Garganacl, F|
|poke|p1|Gholdengo|
|poke|p1|Ditto|
|poke|p1|Jirachi|
|poke|p1|Primarina, F|
|poke|p2|Ninetales, F|
|poke|p2|Raging Bolt|
|poke|p2|Hatterene, F|
|poke|p2|Walking Wake|
|poke|p2|Great Tusk|
|poke|p2|Scizor, F|
|teampreview
|c|☆RockyRangerYoutube|Good luck have fun! :)
|c|☆RockyRangerYoutube|Btw, please sub!
|inactive|Battle timer is ON: inactive players will automatically lose when time's up. (requested by RockyRangerYoutube)
|inactive|RockyRangerYoutube has 120 seconds left.
|
|t:|1760837036
|teamsize|p1|6
|teamsize|p2|6
|start
|switch|p1a: Primarina|Primarina, F|100/100
|switch|p2a: Walking Wake|Walking Wake|100/100
|turn|1
|
|t:|1760837042
|move|p2a: Walking Wake|Hydro Steam|p1a: Primarina
|-resisted|p1a: Primarina
|-damage|p1a: Primarina|75/100
|move|p1a: Primarina|Draining Kiss|p2a: Walking Wake
|-supereffective|p2a: Walking Wake
|-damage|p2a: Walking Wake|40/100
|-heal|p1a: Primarina|100/100|[from] drain|[of] p2a: Walking Wake
|
|upkeep
|turn|2
|
|t:|1760837051
|move|p2a: Walking Wake|Hydro Steam|p1a: Primarina
|-resisted|p1a: Primarina
|-damage|p1a: Primarina|75/100
|move|p1a: Primarina|Draining Kiss|p2a: Walking Wake
|-supereffective|p2a: Walking Wake
|-damage|p2a: Walking Wake|0 fnt
|-heal|p1a: Primarina|100/100|[from] drain|[of] p2a: Walking Wake
|faint|p2a: Walking Wake
|-end|p2a: Walking Wake|Protosynthesis|[silent]
|
|upkeep
|
|t:|1760837051
|switch|p2a: Raging Bolt|Raging Bolt|100/100
|-enditem|p2a: Raging Bolt|Booster Energy
|-activate|p2a: Raging Bolt|ability: Protosynthesis|[fromitem]
|-start|p2a: Raging Bolt|protosynthesisspa
|turn|3
|
|t:|1760837067
|move|p2a: Raging Bolt|Thunderbolt|p1a: Primarina
|-supereffective|p1a: Primarina
|-damage|p1a: Primarina|0 fnt
|faint|p1a: Primarina
|
|upkeep
|inactive|RockyRangerYoutube has 120 seconds left.
|
|t:|1760837094
|switch|p1a: Gholdengo|Gholdengo|100/100
|turn|4
|
|t:|1760837097
|move|p1a: Gholdengo|Shadow Ball|p2a: Raging Bolt
|-damage|p2a: Raging Bolt|62/100
|-unboost|p2a: Raging Bolt|spd|1
|move|p2a: Raging Bolt|Thunderbolt|p1a: Gholdengo
|-damage|p1a: Gholdengo|13/100
|
|upkeep
|turn|5
|
|t:|1760837101
|move|p1a: Gholdengo|Shadow Ball|p2a: Raging Bolt
|-damage|p2a: Raging Bolt|3/100
|move|p2a: Raging Bolt|Thunderbolt|p1a: Gholdengo
|-damage|p1a: Gholdengo|0 fnt
|faint|p1a: Gholdengo
|
|upkeep
|
|t:|1760837105
|switch|p1a: Ditto|Ditto|100/100
|-transform|p1a: Ditto|p2a: Raging Bolt|[from] ability: Imposter
|turn|6
|
|t:|1760837117
|-terastallize|p2a: Raging Bolt|Fairy
|move|p1a: Ditto|Thunderbolt|p2a: Raging Bolt
|-damage|p2a: Raging Bolt|0 fnt
|faint|p2a: Raging Bolt
|-end|p2a: Raging Bolt|Protosynthesis|[silent]
|
|upkeep
|
|t:|1760837117
|switch|p2a: Great Tusk|Great Tusk, shiny|100/100
|turn|7
|
|t:|1760837128
|-end|p1a: Ditto|Protosynthesis|[silent]
|switch|p1a: Rotom|Rotom-Mow|100/100
|move|p2a: Great Tusk|Headlong Rush|p1a: Rotom
|-immune|p1a: Rotom|[from] ability: Levitate
|
|upkeep
|turn|8
|
|t:|1760837133
|move|p2a: Great Tusk|Headlong Rush|p1a: Rotom
|-immune|p1a: Rotom|[from] ability: Levitate
|move|p1a: Rotom|Will-O-Wisp|p2a: Great Tusk
|-status|p2a: Great Tusk|brn
|
|-damage|p2a: Great Tusk|94/100 brn|[from] brn
|upkeep
|turn|9
|
|t:|1760837143
|move|p2a: Great Tusk|Headlong Rush|p1a: Rotom
|-immune|p1a: Rotom|[from] ability: Levitate
|move|p1a: Rotom|Leaf Storm|p2a: Great Tusk
|-supereffective|p2a: Great Tusk
|-damage|p2a: Great Tusk|0 fnt
|-unboost|p1a: Rotom|spa|2
|faint|p2a: Great Tusk
|-end|p2a: Great Tusk|Protosynthesis|[silent]
|
|upkeep
|
|t:|1760837143
|switch|p2a: Scizor|Scizor, F|100/100
|turn|10
|
|t:|1760837149
|move|p1a: Rotom|Will-O-Wisp|p2a: Scizor
|-status|p2a: Scizor|brn
|move|p2a: Scizor|U-turn|p1a: Rotom
|-supereffective|p1a: Rotom
|-damage|p1a: Rotom|53/100
|
|t:|1760837149
|switch|p2a: Hatterene|Hatterene, F|100/100|[from] U-turn
|
|-heal|p1a: Rotom|59/100|[from] item: Leftovers
|upkeep
|turn|11
|
|t:|1760837161
|move|p1a: Rotom|Volt Switch|p2a: Hatterene
|-damage|p2a: Hatterene|87/100
|
|t:|1760837167
|switch|p1a: Jirachi|Jirachi|100/100|[from] Volt Switch
|move|p2a: Hatterene|Mystical Fire|p1a: Jirachi
|-supereffective|p1a: Jirachi
|-damage|p1a: Jirachi|55/100
|-unboost|p1a: Jirachi|spa|1
|
|upkeep
|turn|12
|
|t:|1760837175
|move|p1a: Jirachi|Iron Head|p2a: Hatterene
|-supereffective|p2a: Hatterene
|-damage|p2a: Hatterene|34/100
|move|p2a: Hatterene|Mystical Fire|p1a: Jirachi
|-supereffective|p1a: Jirachi
|-damage|p1a: Jirachi|9/100
|-unboost|p1a: Jirachi|spa|1
|
|upkeep
|turn|13
|
|t:|1760837179
|move|p1a: Jirachi|Iron Head|p2a: Hatterene
|-supereffective|p2a: Hatterene
|-damage|p2a: Hatterene|0 fnt
|faint|p2a: Hatterene
|
|upkeep
|
|t:|1760837179
|switch|p2a: Scizor|Scizor, F|100/100 brn
|turn|14
|
|t:|1760837182
|move|p1a: Jirachi|Iron Head|p2a: Scizor
|-resisted|p2a: Scizor
|-damage|p2a: Scizor|80/100 brn
|cant|p2a: Scizor|flinch
|
|-damage|p2a: Scizor|73/100 brn|[from] brn
|upkeep
|turn|15
|
|t:|1760837185
|move|p1a: Jirachi|Iron Head|p2a: Scizor
|-resisted|p2a: Scizor
|-damage|p2a: Scizor|53/100 brn
|move|p2a: Scizor|U-turn|p1a: Jirachi
|-damage|p1a: Jirachi|0 fnt
|faint|p1a: Jirachi
|
|t:|1760837185
|switch|p2a: Ninetales|Ninetales, F, shiny|100/100|[from] U-turn
|-weather|SunnyDay|[from] ability: Drought|[of] p2a: Ninetales
|
|-weather|SunnyDay|[upkeep]
|upkeep
|
|t:|1760837192
|switch|p1a: Garganacl|Garganacl, F|100/100
|turn|16
|
|t:|1760837201
|-terastallize|p1a: Garganacl|Ghost
|move|p2a: Ninetales|Will-O-Wisp|p1a: Garganacl
|-immune|p1a: Garganacl|[from] ability: Purifying Salt
|move|p1a: Garganacl|Salt Cure|p2a: Ninetales
|-supereffective|p2a: Ninetales
|-damage|p2a: Ninetales|64/100
|-start|p2a: Ninetales|Salt Cure
|
|-weather|SunnyDay|[upkeep]
|-damage|p2a: Ninetales|52/100|[from] Salt Cure
|upkeep
|turn|17
|
|t:|1760837210
|move|p2a: Ninetales|Will-O-Wisp|p1a: Garganacl
|-immune|p1a: Garganacl|[from] ability: Purifying Salt
|move|p1a: Garganacl|Recover||[still]
|-fail|p1a: Garganacl|heal
|
|-weather|SunnyDay|[upkeep]
|-damage|p2a: Ninetales|40/100|[from] Salt Cure
|upkeep
|turn|18
|
|t:|1760837214
|move|p2a: Ninetales|Will-O-Wisp|p1a: Garganacl
|-immune|p1a: Garganacl|[from] ability: Purifying Salt
|move|p1a: Garganacl|Salt Cure|p2a: Ninetales
|-supereffective|p2a: Ninetales
|-damage|p2a: Ninetales|7/100
|
|-weather|SunnyDay|[upkeep]
|-damage|p2a: Ninetales|0 fnt|[from] Salt Cure
|faint|p2a: Ninetales
|upkeep
|
|t:|1760837214
|switch|p2a: Scizor|Scizor, F|53/100 brn
|turn|19
|
|t:|1760837217
|move|p2a: Scizor|Bullet Punch|p1a: Garganacl
|-damage|p1a: Garganacl|87/100
|move|p1a: Garganacl|Salt Cure|p2a: Scizor
|-damage|p2a: Scizor|39/100 brn
|-start|p2a: Scizor|Salt Cure
|
|-weather|SunnyDay|[upkeep]
|-heal|p1a: Garganacl|93/100|[from] item: Leftovers
|-damage|p2a: Scizor|33/100 brn|[from] brn
|-damage|p2a: Scizor|8/100 brn|[from] Salt Cure
|upkeep
|turn|20
|
|t:|1760837220
|move|p2a: Scizor|Bullet Punch|p1a: Garganacl
|-damage|p1a: Garganacl|79/100
|move|p1a: Garganacl|Salt Cure|p2a: Scizor
|-crit|p2a: Scizor
|-damage|p2a: Scizor|0 fnt
|faint|p2a: Scizor
|
|win|RockyRangerYoutube
|raw|RockyRangerYoutube's rating: 1158 &rarr; <strong>1184</strong><br />(+26 for winning)
|raw|HZBKAI4's rating: 1165 &rarr; <strong>1139</strong><br />(-26 for losing)
|l|☆HZBKAI4
|player|p2|
|c|☆RockyRangerYoutube|gg
|l|☆RockyRangerYoutube
|player|p1|
