|j|☆braisedporkyy
|j|☆also.him
|t:|1760887150
|gametype|singles
|player|p1|braisedporkyy|265|1167
|player|p2|also.him|rosa|1137
|gen|9
|tier|[Gen 9] OU
|rated|
|rule|HP Percentage Mod: HP is shown in percentages
|rule|Endless Battle Clause: Forcing endless battles is banned
|rule|Species Clause: Limit one of each Pokémon
|rule|OHKO Clause: OHKO moves are banned
|rule|Evasion Items Clause: Evasion items are banned
|rule|Evasion Moves Clause: Evasion moves are banned
|rule|Evasion Abilities Clause: Evasion abilities are banned
|rule|Sleep Moves Clause: Sleep-inducing moves are banned
|clearpoke
|poke|p1|Scrafty, M|
|poke|p1|Vaporeon, F|
|poke|p1|Heatran, F|
|poke|p1|Tentacruel, M|
|poke|p1|Pecharunt|
|poke|p1|Hydreigon, M|
|poke|p2|Scizor, M|
|poke|p2|Corviknight, M|
|poke|p2|Landorus-Therian, M|
|poke|p2|Darkrai|
|poke|p2|Dragonite, F|
|poke|p2|Zamazenta-*|
|teampreview
|inactive|Battle timer is ON: inactive players will automatically lose when time's up. (requested by braisedporkyy)
|
|t:|1760887165
|teamsize|p1|6
|teamsize|p2|6
|start
|switch|p1a: Pecharunt|Pecharunt|100/100
|switch|p2a: Corviknight|Corviknight, M|100/100
|turn|1
|
|t:|1760887194
|move|p1a: Pecharunt|Recover||[still]
|-fail|p1a: Pecharunt|heal
|move|p2a: Corviknight|U-turn|p1a: Pecharunt
|-resisted|p1a: Pecharunt
|-damage|p1a: Pecharunt|99/100
|inactive|also.him has 120 seconds left.
|
|t:|1760887204
|switch|p2a: Landorus|Landorus-Therian, M|100/100|[from] U-turn
|-ability|p2a: Landorus|Intimidate|boost
|-unboost|p1a: Pecharunt|atk|1
|
|-heal|p1a: Pecharunt|100/100|[from] item: Leftovers
|upkeep
|turn|2
|inactive|also.him has 120 seconds left.
|
|t:|1760887235
|move|p2a: Landorus|Earthquake|p1a: Pecharunt
|-supereffective|p1a: Pecharunt
|-damage|p1a: Pecharunt|50/100
|move|p1a: Pecharunt|Parting Shot|p2a: Landorus
|-unboost|p2a: Landorus|atk|1
|-unboost|p2a: Landorus|spa|1
|
|t:|1760887242
|switch|p1a: Vaporeon|Vaporeon, F|100/100|[from] Parting Shot
|
|upkeep
|turn|3
|
|t:|1760887257
|move|p1a: Vaporeon|Protect|p1a: Vaporeon
|-singleturn|p1a: Vaporeon|Protect
|move|p2a: Landorus|U-turn|p1a: Vaporeon
|-activate|p1a: Vaporeon|move: Protect
|
|upkeep
|turn|4
|
|t:|1760887267
|move|p2a: Landorus|U-turn|p1a: Vaporeon
|-damage|p1a: Vaporeon|82/100
|
|t:|1760887283
|switch|p2a: Zamazenta|Zamazenta|100/100|[from] U-turn
|-ability|p2a: Zamazenta|Dauntless Shield|boost
|-boost|p2a: Zamazenta|def|1
|move|p1a: Vaporeon|Wish|p1a: Vaporeon
|
|upkeep
|turn|5
|
|t:|1760887305
|switch|p1a: Pecharunt|Pecharunt|50/100
|move|p2a: Zamazenta|Crunch|p1a: Pecharunt
|-supereffective|p1a: Pecharunt
|-damage|p1a: Pecharunt|25/100
|
|-heal|p1a: Pecharunt|86/100|[from] move: Wish|[wisher] Vaporeon
|-heal|p1a: Pecharunt|92/100|[from] item: Leftovers
|upkeep
|turn|6
|inactive|also.him has 90 seconds left.
|
|t:|1760887329
|move|p2a: Zamazenta|Crunch|p1a: Pecharunt
|-supereffective|p1a: Pecharunt
|-damage|p1a: Pecharunt|68/100
|move|p1a: Pecharunt|Malignant Chain|p2a: Zamazenta
|-damage|p2a: Zamazenta|78/100
|-status|p2a: Zamazenta|tox
|-start|p2a: Zamazenta|confusion|[from] ability: Poison Puppeteer|[of] p1a: Pecharunt
|
|-heal|p2a: Zamazenta|84/100 tox|[from] item: Leftovers
|-heal|p1a: Pecharunt|74/100|[from] item: Leftovers
|-damage|p2a: Zamazenta|78/100 tox|[from] psn
|upkeep
|turn|7
|inactive|also.him has 90 seconds left.
|
|t:|1760887348
|-activate|p2a: Zamazenta|confusion
|move|p2a: Zamazenta|Crunch|p1a: Pecharunt
|-supereffective|p1a: Pecharunt
|-damage|p1a: Pecharunt|51/100
|move|p1a: Pecharunt|Recover|p1a: Pecharunt
|-heal|p1a: Pecharunt|100/100
|
|-heal|p2a: Zamazenta|84/100 tox|[from] item: Leftovers
|-damage|p2a: Zamazenta|72/100 tox|[from] psn
|upkeep
|turn|8
|
|t:|1760887364
|switch|p2a: Landorus|Landorus-Therian, M|100/100
|-ability|p2a: Landorus|Intimidate|boost
|-unboost|p1a: Pecharunt|atk|1
|move|p1a: Pecharunt|Malignant Chain|p2a: Landorus
|-resisted|p2a: Landorus
|-damage|p2a: Landorus|85/100
|-status|p2a: Landorus|tox
|-start|p2a: Landorus|confusion|[from] ability: Poison Puppeteer|[of] p1a: Pecharunt
|
|-heal|p2a: Landorus|91/100 tox|[from] item: Leftovers
|-damage|p2a: Landorus|85/100 tox|[from] psn
|upkeep
|turn|9
|
|t:|1760887378
|switch|p1a: Hydreigon|Hydreigon, M|100/100
|-activate|p2a: Landorus|confusion
|move|p2a: Landorus|Earthquake|p1a: Hydreigon
|-immune|p1a: Hydreigon|[from] ability: Levitate
|
|-heal|p2a: Landorus|91/100 tox|[from] item: Leftovers
|-damage|p2a: Landorus|79/100 tox|[from] psn
|upkeep
|turn|10
|
|t:|1760887397
|switch|p2a: Corviknight|Corviknight, M|100/100
|move|p1a: Hydreigon|Draco Meteor|p2a: Corviknight
|-resisted|p2a: Corviknight
|-damage|p2a: Corviknight|74/100
|-unboost|p1a: Hydreigon|spa|2
|
|upkeep
|turn|11
|
|t:|1760887412
|switch|p1a: Tentacruel|Tentacruel, M|100/100
|move|p2a: Corviknight|Taunt|p1a: Tentacruel
|-start|p1a: Tentacruel|move: Taunt
|
|upkeep
|turn|12
|
|t:|1760887423
|move|p1a: Tentacruel|Knock Off|p2a: Corviknight
|-damage|p2a: Corviknight|62/100
|-damage|p1a: Tentacruel|84/100|[from] item: Rocky Helmet|[of] p2a: Corviknight
|-enditem|p2a: Corviknight|Rocky Helmet|[from] move: Knock Off|[of] p1a: Tentacruel
|move|p2a: Corviknight|Roost|p2a: Corviknight
|-heal|p2a: Corviknight|100/100
|-singleturn|p2a: Corviknight|move: Roost
|
|upkeep
|turn|13
|inactive|braisedporkyy has 120 seconds left.
|
|t:|1760887440
|move|p1a: Tentacruel|Flip Turn|p2a: Corviknight
|-damage|p2a: Corviknight|89/100
|
|t:|1760887445
|switch|p1a: Pecharunt|Pecharunt|100/100|[from] Flip Turn
|move|p2a: Corviknight|U-turn|p1a: Pecharunt
|-resisted|p1a: Pecharunt
|-damage|p1a: Pecharunt|99/100
|
|t:|1760887452
|switch|p2a: Darkrai|Darkrai|100/100|[from] U-turn
|
|-heal|p1a: Pecharunt|100/100|[from] item: Leftovers
|upkeep
|turn|14
|
|t:|1760887465
|switch|p1a: Scrafty|Scrafty, M|100/100
|move|p2a: Darkrai|Dark Pulse|p1a: Scrafty
|-resisted|p1a: Scrafty
|-damage|p1a: Scrafty|89/100
|
|-heal|p1a: Scrafty|95/100|[from] item: Leftovers
|upkeep
|turn|15
|
|t:|1760887487
|switch|p2a: Zamazenta|Zamazenta|72/100 tox
|move|p1a: Scrafty|Crunch|p2a: Zamazenta
|-resisted|p2a: Zamazenta
|-damage|p2a: Zamazenta|57/100 tox
|
|-heal|p2a: Zamazenta|63/100 tox|[from] item: Leftovers
|-heal|p1a: Scrafty|100/100|[from] item: Leftovers
|-damage|p2a: Zamazenta|57/100 tox|[from] psn
|upkeep
|turn|16
|
|t:|1760887501
|move|p2a: Zamazenta|Play Rough|p1a: Scrafty
|-supereffective|p1a: Scrafty
|-damage|p1a: Scrafty|2/100
|move|p1a: Scrafty|Bulk Up|p1a: Scrafty
|-boost|p1a: Scrafty|atk|1
|-boost|p1a: Scrafty|def|1
|
|-heal|p2a: Zamazenta|63/100 tox|[from] item: Leftovers
|-heal|p1a: Scrafty|8/100|[from] item: Leftovers
|-damage|p2a: Zamazenta|50/100 tox|[from] psn
|upkeep
|turn|17
|inactive|also.him has 60 seconds left.
|
|t:|1760887519
|switch|p2a: Scizor|Scizor, M|100/100
|switch|p1a: Pecharunt|Pecharunt|100/100
|
|upkeep
|turn|18
|
|t:|1760887527
|move|p1a: Pecharunt|Parting Shot|p2a: Scizor
|-unboost|p2a: Scizor|atk|1
|-unboost|p2a: Scizor|spa|1
|
|t:|1760887531
|switch|p1a: Vaporeon|Vaporeon, F|82/100|[from] Parting Shot
|move|p2a: Scizor|Knock Off|p1a: Vaporeon
|-damage|p1a: Vaporeon|54/100
|-enditem|p1a: Vaporeon|Sitrus Berry|[from] move: Knock Off|[of] p2a: Scizor
|
|upkeep
|turn|19
|
|t:|1760887540
|-terastallize|p2a: Scizor|Steel
|move|p2a: Scizor|Bullet Punch|p1a: Vaporeon
|-resisted|p1a: Vaporeon
|-damage|p1a: Vaporeon|35/100
|move|p1a: Vaporeon|Wish|p1a: Vaporeon
|
|upkeep
|turn|20
|
|t:|1760887554
|move|p1a: Vaporeon|Protect|p1a: Vaporeon
|-singleturn|p1a: Vaporeon|Protect
|move|p2a: Scizor|Bullet Punch|p1a: Vaporeon
|-activate|p1a: Vaporeon|move: Protect
|
|-heal|p1a: Vaporeon|85/100|[from] move: Wish|[wisher] Vaporeon
|upkeep
|turn|21
|
|t:|1760887567
|switch|p2a: Darkrai|Darkrai|100/100
|move|p1a: Vaporeon|Wish|p1a: Vaporeon
|
|upkeep
|turn|22
|
|t:|1760887578
|move|p2a: Darkrai|Sludge Bomb|p1a: Vaporeon
|-damage|p1a: Vaporeon|67/100
|move|p1a: Vaporeon|Ice Beam|p2a: Darkrai
|-damage|p2a: Darkrai|72/100
|
|-heal|p1a: Vaporeon|100/100|[from] move: Wish|[wisher] Vaporeon
|upkeep
|turn|23
|
|t:|1760887602
|switch|p2a: Dragonite|Dragonite, F|100/100
|move|p1a: Vaporeon|Wish|p1a: Vaporeon
|
|upkeep
|turn|24
|
|t:|1760887613
|switch|p2a: Scizor|Scizor, M, tera:Steel|100/100
|move|p1a: Vaporeon|Ice Beam|p2a: Scizor
|-resisted|p2a: Scizor
|-damage|p2a: Scizor|88/100
|
|upkeep
|turn|25
|
|t:|1760887626
|switch|p1a: Scrafty|Scrafty, M|8/100
|move|p2a: Scizor|Swords Dance|p2a: Scizor
|-boost|p2a: Scizor|atk|2
|
|-heal|p1a: Scrafty|13/100|[from] item: Leftovers
|upkeep
|turn|26
|inactive|braisedporkyy has 120 seconds left.
|
|t:|1760887659
|switch|p1a: Vaporeon|Vaporeon, F|100/100
|move|p2a: Scizor|Bullet Punch|p1a: Vaporeon
|-resisted|p1a: Vaporeon
|-damage|p1a: Vaporeon|43/100
|
|upkeep
|turn|27
|inactive|braisedporkyy has 120 seconds left.
|
|t:|1760887670
|move|p1a: Vaporeon|Protect|p1a: Vaporeon
|-singleturn|p1a: Vaporeon|Protect
|move|p2a: Scizor|Bullet Punch|p1a: Vaporeon
|-activate|p1a: Vaporeon|move: Protect
|
|upkeep
|turn|28
|
|t:|1760887677
|switch|p1a: Pecharunt|Pecharunt|100/100
|move|p2a: Scizor|Bullet Punch|p1a: Pecharunt
|-damage|p1a: Pecharunt|46/100
|
|-heal|p1a: Pecharunt|52/100|[from] item: Leftovers
|upkeep
|turn|29
|inactive|also.him has 90 seconds left.
|
|t:|1760887689
|move|p2a: Scizor|Bullet Punch|p1a: Pecharunt
|-crit|p1a: Pecharunt
|-damage|p1a: Pecharunt|0 fnt
|faint|p1a: Pecharunt
|
|upkeep
|inactive|braisedporkyy has 120 seconds left.
|
|t:|1760887700
|switch|p1a: Hydreigon|Hydreigon, M|100/100
|turn|30
|inactive|also.him has 90 seconds left.
|
|t:|1760887729
|switch|p2a: Zamazenta|Zamazenta|50/100 tox
|-terastallize|p1a: Hydreigon|Steel
|move|p1a: Hydreigon|Substitute|p1a: Hydreigon
|-start|p1a: Hydreigon|Substitute
|-damage|p1a: Hydreigon|76/100
|
|-heal|p2a: Zamazenta|57/100 tox|[from] item: Leftovers
|-heal|p1a: Hydreigon|82/100|[from] item: Leftovers
|-damage|p2a: Zamazenta|50/100 tox|[from] psn
|upkeep
|turn|31
|inactive|braisedporkyy has 120 seconds left.
|
|t:|1760887749
|move|p2a: Zamazenta|Close Combat|p1a: Hydreigon
|-supereffective|p1a: Hydreigon
|-end|p1a: Hydreigon|Substitute
|-unboost|p2a: Zamazenta|def|1
|-unboost|p2a: Zamazenta|spd|1
|move|p1a: Hydreigon|Nasty Plot|p1a: Hydreigon
|-boost|p1a: Hydreigon|spa|2
|
|-heal|p2a: Zamazenta|57/100 tox|[from] item: Leftovers
|-heal|p1a: Hydreigon|88/100|[from] item: Leftovers
|-damage|p2a: Zamazenta|44/100 tox|[from] psn
|upkeep
|turn|32
|inactive|braisedporkyy has 120 seconds left.
|
|t:|1760887768
|switch|p1a: Vaporeon|Vaporeon, F|43/100
|move|p2a: Zamazenta|Close Combat|p1a: Vaporeon
|-damage|p1a: Vaporeon|0 fnt
|-unboost|p2a: Zamazenta|def|1
|-unboost|p2a: Zamazenta|spd|1
|faint|p1a: Vaporeon
|
|-heal|p2a: Zamazenta|50/100 tox|[from] item: Leftovers
|-damage|p2a: Zamazenta|32/100 tox|[from] psn
|upkeep
|
|t:|1760887784
|switch|p1a: Scrafty|Scrafty, M|13/100
|turn|33
|inactive|also.him has 90 seconds left.
|
|t:|1760887792
|switch|p2a: Scizor|Scizor, M, tera:Steel|88/100
|move|p1a: Scrafty|Rest|p1a: Scrafty
|-status|p1a: Scrafty|slp|[from] move: Rest
|-heal|p1a: Scrafty|100/100 slp|[silent]
|
|-activate|p1a: Scrafty|ability: Shed Skin
|-curestatus|p1a: Scrafty|slp|[msg]
|upkeep
|turn|34
|inactive|also.him has 90 seconds left.
|
|t:|1760887818
|move|p2a: Scizor|Swords Dance|p2a: Scizor
|-boost|p2a: Scizor|atk|2
|move|p1a: Scrafty|Bulk Up|p1a: Scrafty
|-boost|p1a: Scrafty|atk|1
|-boost|p1a: Scrafty|def|1
|
|upkeep
|turn|35
|
|t:|1760887832
|move|p2a: Scizor|Bullet Punch|p1a: Scrafty
|-damage|p1a: Scrafty|30/100
|move|p1a: Scrafty|Bulk Up|p1a: Scrafty
|-boost|p1a: Scrafty|atk|1
|-boost|p1a: Scrafty|def|1
|
|-heal|p1a: Scrafty|36/100|[from] item: Leftovers
|upkeep
|turn|36
|
|t:|1760887843
|move|p2a: Scizor|Bullet Punch|p1a: Scrafty
|-damage|p1a: Scrafty|0 fnt
|faint|p1a: Scrafty
|
|upkeep
|-message|braisedporkyy forfeited.
|
|win|also.him
|raw|braisedporkyy's rating: 1167 &rarr; <strong>1140</strong><br />(-27 for losing)
|raw|also.him's rating: 1137 &rarr; <strong>1164</strong><br />(+27 for winning)
|l|☆braisedporkyy
|player|p1|
|l|☆also.him
|player|p2|
|j|☆also.him
|player|p2|also.him|rosa|
