|j|☆Rising Ursaring
|j|☆nezk025
|t:|1760788863
|gametype|singles
|player|p1|Rising Ursaring|burglar|1473
|player|p2|nezk025|nate|1444
|gen|9
|tier|[Gen 9] OU
|rated|
|rule|HP Percentage Mod: HP is shown in percentages
|rule|Endless Battle Clause: Forcing endless battles is banned
|rule|Species Clause: Limit one of each Pokémon
|rule|OHKO Clause: OHKO moves are banned
|rule|Evasion Items Clause: Evasion items are banned
|rule|Evasion Moves Clause: Evasion moves are banned
|rule|Evasion Abilities Clause: Evasion abilities are banned
|rule|Sleep Moves Clause: Sleep-inducing moves are banned
|clearpoke
|poke|p1|Ogerpon-Wellspring, F|
|poke|p1|Ting-Lu|
|poke|p1|Deoxys-Speed|
|poke|p1|Zapdos|
|poke|p1|Pecharunt|
|poke|p1|Dragonite, F|
|poke|p2|Ogerpon-Wellspring, F|
|poke|p2|Kingambit, F|
|poke|p2|Landorus-Therian, M|
|poke|p2|Glimmora, F|
|poke|p2|Dragapult, M|
|poke|p2|Iron Valiant|
|teampreview
|inactive|Battle timer is ON: inactive players will automatically lose when time's up. (requested by Rising Ursaring)
|
|t:|1760788890
|teamsize|p1|6
|teamsize|p2|6
|start
|switch|p1a: Deoxys|Deoxys-Speed|100/100
|switch|p2a: Ogerpon|Ogerpon-Wellspring, F|100/100
|-ability|p1a: Deoxys|Pressure
|turn|1
|
|t:|1760788920
|move|p1a: Deoxys|Psycho Boost|p2a: Ogerpon
|-damage|p2a: Ogerpon|27/100
|-unboost|p1a: Deoxys|spa|2
|move|p2a: Ogerpon|Taunt|p1a: Deoxys
|-start|p1a: Deoxys|move: Taunt
|
|upkeep
|turn|2
|
|t:|1760788934
|switch|p2a: Dragapult|Dragapult, M|100/100
|move|p1a: Deoxys|Superpower|p2a: Dragapult
|-immune|p2a: Dragapult
|
|upkeep
|turn|3
|
|t:|1760788940
|move|p1a: Deoxys|Knock Off|p2a: Dragapult
|-supereffective|p2a: Dragapult
|-damage|p2a: Dragapult|35/100
|-enditem|p2a: Dragapult|Choice Specs|[from] move: Knock Off|[of] p1a: Deoxys
|move|p2a: Dragapult|Shadow Ball|p1a: Deoxys
|-supereffective|p1a: Deoxys
|-damage|p1a: Deoxys|0 fnt
|faint|p1a: Deoxys
|
|upkeep
|inactive|Rising Ursaring has 120 seconds left.
|
|t:|1760788980
|switch|p1a: Ting-Lu|Ting-Lu|100/100
|-ability|p1a: Ting-Lu|Vessel of Ruin
|turn|4
|
|t:|1760789002
|move|p2a: Dragapult|U-turn|p1a: Ting-Lu
|-supereffective|p1a: Ting-Lu
|-damage|p1a: Ting-Lu|82/100
|
|t:|1760789007
|switch|p2a: Ogerpon|Ogerpon-Wellspring, F|27/100|[from] U-turn
|move|p1a: Ting-Lu|Stealth Rock|p2a: Ogerpon
|-sidestart|p2: nezk025|move: Stealth Rock
|
|-heal|p1a: Ting-Lu|88/100|[from] item: Leftovers
|upkeep
|turn|5
|inactive|Rising Ursaring has 120 seconds left.
|
|t:|1760789013
|move|p2a: Ogerpon|Horn Leech|p1a: Ting-Lu
|-supereffective|p1a: Ting-Lu
|-damage|p1a: Ting-Lu|38/100
|-heal|p2a: Ogerpon|70/100|[from] drain|[of] p1a: Ting-Lu
|move|p1a: Ting-Lu|Stealth Rock||[still]
|-fail|p1a: Ting-Lu
|
|-heal|p1a: Ting-Lu|44/100|[from] item: Leftovers
|upkeep
|turn|6
|
|t:|1760789019
|move|p2a: Ogerpon|Ivy Cudgel|p1a: Ting-Lu|[anim] Ivy Cudgel Water
|-supereffective|p1a: Ting-Lu
|-damage|p1a: Ting-Lu|0 fnt
|faint|p1a: Ting-Lu
|
|upkeep
|inactive|Rising Ursaring has 120 seconds left.
|
|t:|1760789046
|switch|p1a: Pecharunt|Pecharunt|100/100
|turn|7
|
|t:|1760789049
|switch|p2a: Kingambit|Kingambit, F|100/100
|-damage|p2a: Kingambit|94/100|[from] Stealth Rock
|move|p1a: Pecharunt|Malignant Chain|p2a: Kingambit
|-immune|p2a: Kingambit
|
|-heal|p2a: Kingambit|100/100|[from] item: Leftovers
|upkeep
|turn|8
|
|t:|1760789061
|move|p1a: Pecharunt|Parting Shot|p2a: Kingambit
|-unboost|p2a: Kingambit|atk|1
|-unboost|p2a: Kingambit|spa|1
|inactive|Rising Ursaring has 120 seconds left.
|
|t:|1760789077
|switch|p1a: Zapdos|Zapdos|100/100|[from] Parting Shot
|move|p2a: Kingambit|Kowtow Cleave|p1a: Zapdos
|-damage|p1a: Zapdos|59/100
|-status|p2a: Kingambit|par|[from] ability: Static|[of] p1a: Zapdos
|
|upkeep
|turn|9
|
|t:|1760789083
|move|p1a: Zapdos|Heat Wave|p2a: Kingambit
|-supereffective|p2a: Kingambit
|-damage|p2a: Kingambit|43/100 par
|cant|p2a: Kingambit|par
|
|-heal|p2a: Kingambit|49/100 par|[from] item: Leftovers
|upkeep
|turn|10
|
|t:|1760789094
|-end|p2a: Kingambit|fallenundefined|[silent]
|switch|p2a: Landorus|Landorus-Therian, M|100/100
|-damage|p2a: Landorus|88/100|[from] Stealth Rock
|-ability|p2a: Landorus|Intimidate|boost
|-unboost|p1a: Zapdos|atk|1
|move|p1a: Zapdos|Heat Wave|p2a: Landorus
|-damage|p2a: Landorus|52/100
|
|upkeep
|turn|11
|
|t:|1760789101
|move|p1a: Zapdos|Hurricane|p2a: Landorus
|-damage|p2a: Landorus|0 fnt
|faint|p2a: Landorus
|
|upkeep
|
|t:|1760789108
|switch|p2a: Ogerpon|Ogerpon-Wellspring, F|70/100
|-damage|p2a: Ogerpon|58/100|[from] Stealth Rock
|turn|12
|
|t:|1760789111
|-terastallize|p2a: Ogerpon|Water
|detailschange|p2a: Ogerpon|Ogerpon-Wellspring-Tera, F, tera:Water
|-ability|p2a: Ogerpon|Embody Aspect (Wellspring)|boost
|-boost|p2a: Ogerpon|spd|1
|move|p2a: Ogerpon|Ivy Cudgel|p1a: Zapdos|[anim] Ivy Cudgel Water
|-damage|p1a: Zapdos|0 fnt
|faint|p1a: Zapdos
|
|upkeep
|
|t:|1760789114
|switch|p1a: Ogerpon|Ogerpon-Wellspring, F|100/100
|turn|13
|
|t:|1760789122
|switch|p2a: Kingambit|Kingambit, F|49/100 par
|-damage|p2a: Kingambit|43/100 par|[from] Stealth Rock
|-activate|p2a: Kingambit|ability: Supreme Overlord
|-start|p2a: Kingambit|fallen1|[silent]
|move|p1a: Ogerpon|Horn Leech|p2a: Kingambit
|-resisted|p2a: Kingambit
|-damage|p2a: Kingambit|27/100 par
|
|-heal|p2a: Kingambit|34/100 par|[from] item: Leftovers
|upkeep
|turn|14
|
|t:|1760789136
|cant|p2a: Kingambit|par
|move|p1a: Ogerpon|Ivy Cudgel|p2a: Kingambit|[anim] Ivy Cudgel Water
|-crit|p2a: Kingambit
|-damage|p2a: Kingambit|0 fnt
|faint|p2a: Kingambit
|-end|p2a: Kingambit|fallen1|[silent]
|
|upkeep
|
|t:|1760789140
|switch|p2a: Dragapult|Dragapult, M|35/100
|-damage|p2a: Dragapult|23/100|[from] Stealth Rock
|turn|15
|inactive|Rising Ursaring has 120 seconds left.
|
|t:|1760789188
|move|p2a: Dragapult|Shadow Ball|p1a: Ogerpon
|-damage|p1a: Ogerpon|59/100
|move|p1a: Ogerpon|Ivy Cudgel|p2a: Dragapult|[anim] Ivy Cudgel Water
|-resisted|p2a: Dragapult
|-damage|p2a: Dragapult|0 fnt
|faint|p2a: Dragapult
|
|upkeep
|
|t:|1760789196
|switch|p2a: Iron Valiant|Iron Valiant|100/100
|-damage|p2a: Iron Valiant|94/100|[from] Stealth Rock
|-enditem|p2a: Iron Valiant|Booster Energy
|-activate|p2a: Iron Valiant|ability: Quark Drive|[fromitem]
|-start|p2a: Iron Valiant|quarkdrivespe
|turn|16
|
|t:|1760789204
|move|p2a: Iron Valiant|Swords Dance|p2a: Iron Valiant
|-boost|p2a: Iron Valiant|atk|2
|move|p1a: Ogerpon|Play Rough|p2a: Iron Valiant
|-supereffective|p2a: Iron Valiant
|-damage|p2a: Iron Valiant|5/100
|-unboost|p2a: Iron Valiant|atk|1
|
|upkeep
|turn|17
|inactive|Rising Ursaring has 120 seconds left.
|
|t:|1760789215
|move|p2a: Iron Valiant|Spirit Break|p1a: Ogerpon
|-damage|p1a: Ogerpon|0 fnt
|faint|p1a: Ogerpon
|
|upkeep
|
|t:|1760789217
|switch|p1a: Dragonite|Dragonite, F|100/100
|turn|18
|
|t:|1760789223
|move|p1a: Dragonite|Extreme Speed|p2a: Iron Valiant
|-damage|p2a: Iron Valiant|0 fnt
|faint|p2a: Iron Valiant
|-end|p2a: Iron Valiant|Quark Drive|[silent]
|
|upkeep
|
|t:|1760789230
|switch|p2a: Glimmora|Glimmora, F|100/100
|-damage|p2a: Glimmora|88/100|[from] Stealth Rock
|turn|19
|
|t:|1760789234
|move|p2a: Glimmora|Meteor Beam||[still]
|-prepare|p2a: Glimmora|Meteor Beam
|-boost|p2a: Glimmora|spa|1
|-enditem|p2a: Glimmora|Power Herb
|-anim|p2a: Glimmora|Meteor Beam|p1a: Dragonite
|-supereffective|p1a: Dragonite
|-damage|p1a: Dragonite|0 fnt
|faint|p1a: Dragonite
|
|upkeep
|
|t:|1760789239
|switch|p1a: Pecharunt|Pecharunt|100/100
|turn|20
|
|t:|1760789250
|move|p1a: Pecharunt|Parting Shot|p2a: Glimmora
|-unboost|p2a: Glimmora|atk|1
|-unboost|p2a: Glimmora|spa|1
|move|p2a: Glimmora|Earth Power|p1a: Pecharunt
|-supereffective|p1a: Pecharunt
|-damage|p1a: Pecharunt|33/100
|
|upkeep
|turn|21
|
|t:|1760789256
|-terastallize|p1a: Pecharunt|Dark
|move|p1a: Pecharunt|Recover|p1a: Pecharunt
|-heal|p1a: Pecharunt|83/100
|move|p2a: Glimmora|Earth Power|p1a: Pecharunt
|-damage|p1a: Pecharunt|49/100
|
|upkeep
|turn|22
|c|☆nezk025|ggwp
|
|t:|1760789262
|move|p1a: Pecharunt|Recover|p1a: Pecharunt
|-heal|p1a: Pecharunt|99/100
|move|p2a: Glimmora|Meteor Beam||[still]
|-prepare|p2a: Glimmora|Meteor Beam
|-boost|p2a: Glimmora|spa|1
|
|upkeep
|turn|23
|
|t:|1760789267
|move|p1a: Pecharunt|Parting Shot|p2a: Glimmora
|-unboost|p2a: Glimmora|atk|1
|-unboost|p2a: Glimmora|spa|1
|move|p2a: Glimmora|Meteor Beam|p1a: Pecharunt|[from] lockedmove
|-damage|p1a: Pecharunt|35/100
|
|upkeep
|turn|24
|
|t:|1760789273
|move|p1a: Pecharunt|Parting Shot|p2a: Glimmora
|-unboost|p2a: Glimmora|atk|1
|-unboost|p2a: Glimmora|spa|1
|move|p2a: Glimmora|Mortal Spin|p1a: Pecharunt
|-damage|p1a: Pecharunt|33/100
|-status|p1a: Pecharunt|psn
|-sideend|p2: nezk025|Stealth Rock|[from] move: Mortal Spin|[of] p2a: Glimmora
|
|-damage|p1a: Pecharunt|21/100 psn|[from] psn
|upkeep
|turn|25
|
|t:|1760789278
|move|p1a: Pecharunt|Shadow Ball|p2a: Glimmora
|-damage|p2a: Glimmora|57/100
|move|p2a: Glimmora|Earth Power|p1a: Pecharunt
|-damage|p1a: Pecharunt|0 fnt
|faint|p1a: Pecharunt
|
|win|nezk025
|raw|Rising Ursaring's rating: 1473 &rarr; <strong>1451</strong><br />(-22 for losing)
|raw|nezk025's rating: 1444 &rarr; <strong>1466</strong><br />(+22 for winning)
|l|☆Rising Ursaring
|player|p1|
