|j|☆thevicpec
|j|☆vallic
|t:|1760733218
|gametype|singles
|player|p1|thevicpec|hoopster|1464
|player|p2|vallic|266|1424
|gen|9
|tier|[Gen 9] OU
|rated|
|rule|HP Percentage Mod: HP is shown in percentages
|rule|Endless Battle Clause: Forcing endless battles is banned
|rule|Species Clause: Limit one of each Pokémon
|rule|OHKO Clause: OHKO moves are banned
|rule|Evasion Items Clause: Evasion items are banned
|rule|Evasion Moves Clause: Evasion moves are banned
|rule|Evasion Abilities Clause: Evasion abilities are banned
|rule|Sleep Moves Clause: Sleep-inducing moves are banned
|clearpoke
|poke|p1|Tyranitar, M|
|poke|p1|Gholdengo|
|poke|p1|Zamazenta-*|
|poke|p1|Rillaboom, F|
|poke|p1|Garchomp, F|
|poke|p1|Zapdos|
|poke|p2|Carbink, L1|
|poke|p2|Braviary-Hisui, M|
|poke|p2|Ursaluna, M|
|poke|p2|Kingambit, F|
|poke|p2|Iron Hands|
|poke|p2|Hatterene, F|
|teampreview
|inactive|Battle timer is ON: inactive players will automatically lose when time's up. (requested by thevicpec)
|
|t:|1760733237
|teamsize|p1|6
|teamsize|p2|6
|start
|switch|p1a: Rillaboom|Rillaboom, F|100/100
|switch|p2a: Carbink|Carbink, L1, shiny|100/100
|-fieldstart|move: Grassy Terrain|[from] ability: Grassy Surge|[of] p1a: Rillaboom
|turn|1
|
|t:|1760733240
|move|p1a: Rillaboom|Wood Hammer|p2a: Carbink
|-supereffective|p2a: Carbink
|-ability|p2a: Carbink|Sturdy
|-damage|p2a: Carbink|9/100
|-damage|p1a: Rillaboom|99/100|[from] Recoil
|move|p2a: Carbink|Trick Room|p2a: Carbink
|-fieldstart|move: Trick Room|[of] p2a: Carbink
|
|-heal|p2a: Carbink|17/100|[from] Grassy Terrain
|-damage|p2a: Carbink|9/100|[from] item: Black Sludge
|-heal|p1a: Rillaboom|100/100|[from] Grassy Terrain
|upkeep
|turn|2
|
|t:|1760733246
|move|p1a: Rillaboom|Grassy Glide|p2a: Carbink
|-supereffective|p2a: Carbink
|-damage|p2a: Carbink|0 fnt
|faint|p2a: Carbink
|
|upkeep
|
|t:|1760733251
|switch|p2a: Braviary|Braviary-Hisui, M, shiny|100/100
|turn|3
|
|t:|1760733254
|switch|p1a: Tyranitar|Tyranitar, M|100/100
|-weather|Sandstorm|[from] ability: Sand Stream|[of] p1a: Tyranitar
|move|p2a: Braviary|Hurricane|p1a: Tyranitar|[miss]
|-miss|p2a: Braviary|p1a: Tyranitar
|
|-weather|Sandstorm|[upkeep]
|-damage|p2a: Braviary|94/100|[from] Sandstorm
|upkeep
|turn|4
|
|t:|1760733260
|switch|p2a: Iron Hands|Iron Hands|100/100
|-enditem|p2a: Iron Hands|Booster Energy
|-activate|p2a: Iron Hands|ability: Quark Drive|[fromitem]
|-start|p2a: Iron Hands|quarkdriveatk
|move|p1a: Tyranitar|Knock Off|p2a: Iron Hands
|-resisted|p2a: Iron Hands
|-damage|p2a: Iron Hands|89/100
|
|-weather|Sandstorm|[upkeep]
|-damage|p2a: Iron Hands|83/100|[from] Sandstorm
|-heal|p2a: Iron Hands|89/100|[from] Grassy Terrain
|upkeep
|turn|5
|
|t:|1760733268
|switch|p1a: Garchomp|Garchomp, F|100/100
|move|p2a: Iron Hands|Drain Punch|p1a: Garchomp
|-damage|p1a: Garchomp|67/100
|-heal|p2a: Iron Hands|100/100|[from] drain|[of] p1a: Garchomp
|-damage|p2a: Iron Hands|88/100|[from] ability: Rough Skin|[of] p1a: Garchomp
|-damage|p2a: Iron Hands|71/100|[from] item: Rocky Helmet|[of] p1a: Garchomp
|
|-weather|Sandstorm|[upkeep]
|-damage|p2a: Iron Hands|65/100|[from] Sandstorm
|-heal|p2a: Iron Hands|71/100|[from] Grassy Terrain
|-heal|p1a: Garchomp|73/100|[from] Grassy Terrain
|-fieldend|move: Trick Room
|-fieldend|move: Grassy Terrain
|upkeep
|turn|6
|
|t:|1760733276
|move|p1a: Garchomp|Earthquake|p2a: Iron Hands
|-supereffective|p2a: Iron Hands
|-damage|p2a: Iron Hands|10/100
|move|p2a: Iron Hands|Ice Punch|p1a: Garchomp
|-supereffective|p1a: Garchomp
|-damage|p1a: Garchomp|0 fnt
|-damage|p2a: Iron Hands|0 fnt|[from] ability: Rough Skin|[of] p1a: Garchomp
|faint|p1a: Garchomp
|faint|p2a: Iron Hands
|-end|p2a: Iron Hands|Quark Drive|[silent]
|
|-weather|Sandstorm|[upkeep]
|upkeep
|
|t:|1760733284
|switch|p1a: Rillaboom|Rillaboom, F|100/100
|switch|p2a: Hatterene|Hatterene, F|100/100
|-fieldstart|move: Grassy Terrain|[from] ability: Grassy Surge|[of] p1a: Rillaboom
|turn|7
|
|t:|1760733295
|move|p1a: Rillaboom|Wood Hammer|p2a: Hatterene
|-crit|p2a: Hatterene
|-enditem|p2a: Hatterene|Focus Sash
|-damage|p2a: Hatterene|1/100
|-damage|p1a: Rillaboom|70/100|[from] Recoil
|move|p2a: Hatterene|Trick Room|p2a: Hatterene
|-fieldstart|move: Trick Room|[of] p2a: Hatterene
|
|-weather|none
|-heal|p2a: Hatterene|7/100|[from] Grassy Terrain
|-heal|p1a: Rillaboom|76/100|[from] Grassy Terrain
|upkeep
|turn|8
|
|t:|1760733306
|move|p1a: Rillaboom|Grassy Glide|p2a: Hatterene
|-damage|p2a: Hatterene|0 fnt
|faint|p2a: Hatterene
|
|-heal|p1a: Rillaboom|82/100|[from] Grassy Terrain
|upkeep
|
|t:|1760733309
|switch|p2a: Ursaluna|Ursaluna, M|100/100
|turn|9
|
|t:|1760733321
|switch|p1a: Gholdengo|Gholdengo|100/100
|-item|p1a: Gholdengo|Air Balloon
|-terastallize|p2a: Ursaluna|Normal
|move|p2a: Ursaluna|Facade|p1a: Gholdengo
|-immune|p1a: Gholdengo
|
|-status|p2a: Ursaluna|brn|[from] item: Flame Orb
|upkeep
|turn|10
|
|t:|1760733329
|move|p2a: Ursaluna|Crunch|p1a: Gholdengo
|-supereffective|p1a: Gholdengo
|-damage|p1a: Gholdengo|37/100
|-enditem|p1a: Gholdengo|Air Balloon
|move|p1a: Gholdengo|Make It Rain|p2a: Ursaluna
|-damage|p2a: Ursaluna|52/100 brn
|-unboost|p1a: Gholdengo|spa|1
|
|-heal|p2a: Ursaluna|58/100 brn|[from] Grassy Terrain
|-heal|p1a: Gholdengo|43/100|[from] Grassy Terrain
|-damage|p2a: Ursaluna|52/100 brn|[from] brn
|upkeep
|turn|11
|
|t:|1760733334
|move|p2a: Ursaluna|Crunch|p1a: Gholdengo
|-supereffective|p1a: Gholdengo
|-damage|p1a: Gholdengo|0 fnt
|faint|p1a: Gholdengo
|
|-heal|p2a: Ursaluna|58/100 brn|[from] Grassy Terrain
|-damage|p2a: Ursaluna|52/100 brn|[from] brn
|-fieldend|move: Trick Room
|-fieldend|move: Grassy Terrain
|upkeep
|
|t:|1760733349
|switch|p1a: Tyranitar|Tyranitar, M|100/100
|-weather|Sandstorm|[from] ability: Sand Stream|[of] p1a: Tyranitar
|turn|12
|
|t:|1760733352
|move|p1a: Tyranitar|Low Kick|p2a: Ursaluna
|-supereffective|p2a: Ursaluna
|-damage|p2a: Ursaluna|0 fnt
|faint|p2a: Ursaluna
|
|-weather|Sandstorm|[upkeep]
|upkeep
|
|t:|1760733356
|switch|p2a: Kingambit|Kingambit, F|100/100
|-activate|p2a: Kingambit|ability: Supreme Overlord
|-start|p2a: Kingambit|fallen4|[silent]
|turn|13
|
|t:|1760733359
|move|p1a: Tyranitar|Low Kick|p2a: Kingambit
|-supereffective|p2a: Kingambit
|-damage|p2a: Kingambit|6/100
|move|p2a: Kingambit|Iron Head|p1a: Tyranitar
|-supereffective|p1a: Tyranitar
|-damage|p1a: Tyranitar|0 fnt
|faint|p1a: Tyranitar
|
|-weather|Sandstorm|[upkeep]
|upkeep
|
|t:|1760733373
|switch|p1a: Zamazenta|Zamazenta|100/100
|-ability|p1a: Zamazenta|Dauntless Shield|boost
|-boost|p1a: Zamazenta|def|1
|turn|14
|
|t:|1760733379
|move|p1a: Zamazenta|Crunch|p2a: Kingambit
|-resisted|p2a: Kingambit
|-damage|p2a: Kingambit|0 fnt
|faint|p2a: Kingambit
|-end|p2a: Kingambit|fallen4|[silent]
|
|-weather|Sandstorm|[upkeep]
|-damage|p1a: Zamazenta|94/100|[from] Sandstorm
|upkeep
|
|t:|1760733382
|switch|p2a: Braviary|Braviary-Hisui, M, shiny|94/100
|turn|15
|
|t:|1760733386
|-terastallize|p1a: Zamazenta|Ghost
|move|p1a: Zamazenta|Crunch|p2a: Braviary
|-supereffective|p2a: Braviary
|-damage|p2a: Braviary|38/100
|move|p2a: Braviary|Psychic|p1a: Zamazenta
|-damage|p1a: Zamazenta|19/100
|
|-weather|Sandstorm|[upkeep]
|-damage|p1a: Zamazenta|12/100|[from] Sandstorm
|-damage|p2a: Braviary|31/100|[from] Sandstorm
|upkeep
|turn|16
|
|t:|1760733392
|move|p1a: Zamazenta|Crunch|p2a: Braviary
|-supereffective|p2a: Braviary
|-damage|p2a: Braviary|0 fnt
|faint|p2a: Braviary
|
|win|thevicpec
|raw|thevicpec's rating: 1464 &rarr; <strong>1482</strong><br />(+18 for winning)
|raw|vallic's rating: 1424 &rarr; <strong>1406</strong><br />(-18 for losing)
|l|☆vallic
|player|p2|
|l|☆thevicpec
|player|p1|
