|j|☆player jack
|j|☆Rbtnk
|t:|1760784953
|gametype|singles
|player|p1|player jack|roxie|1211
|player|p2|Rbtnk|scientistf|1219
|gen|9
|tier|[Gen 9] OU
|rated|
|rule|HP Percentage Mod: HP is shown in percentages
|rule|Endless Battle Clause: Forcing endless battles is banned
|rule|Species Clause: Limit one of each Pokémon
|rule|OHKO Clause: OHKO moves are banned
|rule|Evasion Items Clause: Evasion items are banned
|rule|Evasion Moves Clause: Evasion moves are banned
|rule|Evasion Abilities Clause: Evasion abilities are banned
|rule|Sleep Moves Clause: Sleep-inducing moves are banned
|clearpoke
|poke|p1|Sandy Shocks|
|poke|p1|Scizor, F|
|poke|p1|Lycanroc-Dusk, F|
|poke|p1|Greninja-*, M|
|poke|p1|Haunter, F|
|poke|p1|Alomomola, F|
|poke|p2|Primarina, F|
|poke|p2|Glimmora, M|
|poke|p2|Houndoom, M|
|poke|p2|Pecharunt|
|poke|p2|Tyranitar, M|
|poke|p2|Kilowattrel, M|
|teampreview
|inactive|Battle timer is ON: inactive players will automatically lose when time's up. (requested by Rbtnk)
|
|t:|1760784968
|teamsize|p1|6
|teamsize|p2|6
|start
|switch|p1a: Sandy Shocks|Sandy Shocks, shiny|100/100
|switch|p2a: Pecharunt|Pecharunt|100/100
|-enditem|p1a: Sandy Shocks|Booster Energy
|-activate|p1a: Sandy Shocks|ability: Protosynthesis|[fromitem]
|-start|p1a: Sandy Shocks|protosynthesisspe
|turn|1
|
|t:|1760784975
|move|p1a: Sandy Shocks|Stealth Rock|p2a: Pecharunt
|-sidestart|p2: Rbtnk|move: Stealth Rock
|move|p2a: Pecharunt|Malignant Chain|p1a: Sandy Shocks
|-resisted|p1a: Sandy Shocks
|-damage|p1a: Sandy Shocks|76/100
|
|upkeep
|turn|2
|
|t:|1760784984
|-end|p1a: Sandy Shocks|Protosynthesis|[silent]
|switch|p1a: Scizor|Scizor, F, shiny|100/100
|move|p2a: Pecharunt|Malignant Chain|p1a: Scizor
|-immune|p1a: Scizor
|
|upkeep
|turn|3
|
|t:|1760784991
|switch|p2a: Kilowattrel|Kilowattrel, M|100/100
|-damage|p2a: Kilowattrel|76/100|[from] Stealth Rock
|move|p1a: Scizor|U-turn|p2a: Kilowattrel
|-resisted|p2a: Kilowattrel
|-damage|p2a: Kilowattrel|24/100
|
|t:|1760784999
|switch|p1a: Lycanroc|Lycanroc-Dusk, F, shiny|100/100|[from] U-turn
|
|upkeep
|turn|4
|
|t:|1760785005
|move|p1a: Lycanroc|Accelerock|p2a: Kilowattrel
|-supereffective|p2a: Kilowattrel
|-damage|p2a: Kilowattrel|0 fnt
|faint|p2a: Kilowattrel
|
|upkeep
|
|t:|1760785008
|switch|p2a: Glimmora|Glimmora, M|100/100
|-damage|p2a: Glimmora|88/100|[from] Stealth Rock
|turn|5
|
|t:|1760785015
|switch|p1a: Greninja|Greninja, M|100/100
|move|p2a: Glimmora|Mortal Spin|p1a: Greninja
|-damage|p1a: Greninja|90/100
|-status|p1a: Greninja|psn
|-sideend|p2: Rbtnk|Stealth Rock|[from] move: Mortal Spin|[of] p2a: Glimmora
|
|-damage|p1a: Greninja|77/100 psn|[from] psn
|upkeep
|turn|6
|
|t:|1760785026
|switch|p2a: Tyranitar|Tyranitar, M|100/100
|-weather|Sandstorm|[from] ability: Sand Stream|[of] p2a: Tyranitar
|move|p1a: Greninja|Surf|p2a: Tyranitar
|-supereffective|p2a: Tyranitar
|-damage|p2a: Tyranitar|27/100
|-damage|p1a: Greninja|68/100 psn|[from] item: Life Orb
|
|-weather|Sandstorm|[upkeep]
|-damage|p1a: Greninja|62/100 psn|[from] Sandstorm
|-heal|p2a: Tyranitar|33/100|[from] item: Leftovers
|-damage|p1a: Greninja|49/100 psn|[from] psn
|upkeep
|turn|7
|
|t:|1760785037
|switch|p2a: Primarina|Primarina, F|100/100
|move|p1a: Greninja|Surf|p2a: Primarina
|-resisted|p2a: Primarina
|-damage|p2a: Primarina|78/100
|-damage|p1a: Greninja|40/100 psn|[from] item: Life Orb
|
|-weather|Sandstorm|[upkeep]
|-damage|p1a: Greninja|34/100 psn|[from] Sandstorm
|-damage|p2a: Primarina|72/100|[from] Sandstorm
|-damage|p1a: Greninja|21/100 psn|[from] psn
|upkeep
|turn|8
|
|t:|1760785059
|move|p1a: Greninja|Sludge Wave|p2a: Primarina
|-supereffective|p2a: Primarina
|-damage|p2a: Primarina|10/100
|-damage|p1a: Greninja|12/100 psn|[from] item: Life Orb
|move|p2a: Primarina|Psychic Noise|p1a: Greninja
|-resisted|p1a: Greninja
|-damage|p1a: Greninja|0 fnt
|faint|p1a: Greninja
|
|-weather|Sandstorm|[upkeep]
|-damage|p2a: Primarina|4/100|[from] Sandstorm
|upkeep
|
|t:|1760785072
|switch|p1a: Lycanroc|Lycanroc-Dusk, F, shiny|100/100
|turn|9
|
|t:|1760785076
|move|p1a: Lycanroc|Accelerock|p2a: Primarina
|-damage|p2a: Primarina|0 fnt
|faint|p2a: Primarina
|
|-weather|Sandstorm|[upkeep]
|upkeep
|
|t:|1760785079
|switch|p2a: Glimmora|Glimmora, M|88/100
|turn|10
|
|t:|1760785083
|switch|p1a: Sandy Shocks|Sandy Shocks, shiny|76/100
|move|p2a: Glimmora|Earth Power|p1a: Sandy Shocks
|-supereffective|p1a: Sandy Shocks
|-damage|p1a: Sandy Shocks|6/100
|
|-weather|none
|upkeep
|turn|11
|
|t:|1760785089
|move|p1a: Sandy Shocks|Earth Power|p2a: Glimmora
|-supereffective|p2a: Glimmora
|-damage|p2a: Glimmora|0 fnt
|faint|p2a: Glimmora
|
|upkeep
|-message|Rbtnk forfeited.
|
|win|player jack
|raw|player jack's rating: 1211 &rarr; <strong>1237</strong><br />(+26 for winning)
|raw|Rbtnk's rating: 1219 &rarr; <strong>1193</strong><br />(-26 for losing)
|l|☆Rbtnk
|player|p2|
|l|☆player jack
|player|p1|
