|badge|p2|bronze|gen9ou|100-7
|uhtml|medal-msg|<div class="broadcast-blue">Curious what those medals under the avatar are? PS now has Ladder Seasons! For more information, check out the <a href="https://www.smogon.com/forums/threads/3740067/">thread on Smogon.</a></div>
|j|☆texett
|j|☆kshuaib734
|t:|1760875569
|gametype|singles
|player|p1|texett|lady|1616
|player|p2|kshuaib734|steven|1875
|gen|9
|tier|[Gen 9] OU
|rated|
|rule|HP Percentage Mod: HP is shown in percentages
|rule|Endless Battle Clause: Forcing endless battles is banned
|rule|Species Clause: Limit one of each Pokémon
|rule|OHKO Clause: OHKO moves are banned
|rule|Evasion Items Clause: Evasion items are banned
|rule|Evasion Moves Clause: Evasion moves are banned
|rule|Evasion Abilities Clause: Evasion abilities are banned
|rule|Sleep Moves Clause: Sleep-inducing moves are banned
|clearpoke
|poke|p1|Great Tusk|
|poke|p1|Raikou|
|poke|p1|Alomomola, F|
|poke|p1|Hydrapple, M|
|poke|p1|Sandaconda, M|
|poke|p1|Dragonite, M|
|poke|p2|Tyranitar, M|
|poke|p2|Overqwil, F|
|poke|p2|Pelipper, F|
|poke|p2|Quaquaval, F|
|poke|p2|Kingdra, M|
|poke|p2|Excadrill, M|
|teampreview
|inactive|Battle timer is ON: inactive players will automatically lose when time's up. (requested by kshuaib734)
|inactive|texett also wants the timer to be on.
|
|t:|1760875579
|teamsize|p1|6
|teamsize|p2|6
|start
|switch|p1a: Raikou|Raikou, shiny|100/100
|switch|p2a: King Tyrant|Tyranitar, M|100/100
|-ability|p1a: Raikou|Pressure
|-weather|Sandstorm|[from] ability: Sand Stream|[of] p2a: King Tyrant
|turn|1
|
|t:|1760875590
|move|p1a: Raikou|Volt Switch|p2a: King Tyrant
|-damage|p2a: King Tyrant|72/100
|
|t:|1760875594
|switch|p1a: Sandaconda|Sandaconda, M, shiny|100/100|[from] Volt Switch
|move|p2a: King Tyrant|Ice Beam|p1a: Sandaconda
|-supereffective|p1a: Sandaconda
|-damage|p1a: Sandaconda|40/100
|-status|p1a: Sandaconda|frz
|
|-weather|Sandstorm|[upkeep]
|-activate|p1a: Sandaconda|ability: Shed Skin
|-curestatus|p1a: Sandaconda|frz|[msg]
|-heal|p1a: Sandaconda|46/100|[from] item: Leftovers
|upkeep
|turn|2
|c|☆kshuaib734|sorry
|c|☆kshuaib734|oh
|c|☆kshuaib734|lol
|
|t:|1760875608
|move|p1a: Sandaconda|Stealth Rock|p2a: King Tyrant
|-sidestart|p2: kshuaib734|move: Stealth Rock
|move|p2a: King Tyrant|Ice Beam|p1a: Sandaconda
|-supereffective|p1a: Sandaconda
|-damage|p1a: Sandaconda|0 fnt
|faint|p1a: Sandaconda
|
|-weather|Sandstorm|[upkeep]
|upkeep
|
|t:|1760875614
|switch|p1a: Great Tusk|Great Tusk, shiny|100/100
|turn|3
|
|t:|1760875617
|move|p1a: Great Tusk|Knock Off|p2a: King Tyrant
|-resisted|p2a: King Tyrant
|-damage|p2a: King Tyrant|62/100
|-enditem|p2a: King Tyrant|Weakness Policy|[from] move: Knock Off|[of] p1a: Great Tusk
|move|p2a: King Tyrant|Ice Beam|p1a: Great Tusk
|-supereffective|p1a: Great Tusk
|-damage|p1a: Great Tusk|72/100
|
|-weather|Sandstorm|[upkeep]
|upkeep
|turn|4
|
|t:|1760875628
|switch|p2a: Tyrant's Downpour|Pelipper, F|100/100
|-damage|p2a: Tyrant's Downpour|75/100|[from] Stealth Rock
|-weather|RainDance|[from] ability: Drizzle|[of] p2a: Tyrant's Downpour
|move|p1a: Great Tusk|Earthquake|p2a: Tyrant's Downpour
|-immune|p2a: Tyrant's Downpour
|
|-weather|RainDance|[upkeep]
|upkeep
|turn|5
|
|t:|1760875637
|move|p1a: Great Tusk|Knock Off|p2a: Tyrant's Downpour
|-damage|p2a: Tyrant's Downpour|55/100
|-enditem|p2a: Tyrant's Downpour|Damp Rock|[from] move: Knock Off|[of] p1a: Great Tusk
|move|p2a: Tyrant's Downpour|Knock Off|p1a: Great Tusk
|-resisted|p1a: Great Tusk
|-damage|p1a: Great Tusk|68/100
|-enditem|p1a: Great Tusk|Assault Vest|[from] move: Knock Off|[of] p2a: Tyrant's Downpour
|
|-weather|RainDance|[upkeep]
|upkeep
|turn|6
|
|t:|1760875647
|-end|p1a: Great Tusk|Protosynthesis|[silent]
|switch|p1a: Alomomola|Alomomola, F, shiny|100/100
|move|p2a: Tyrant's Downpour|Weather Ball|p1a: Alomomola
|-resisted|p1a: Alomomola
|-damage|p1a: Alomomola|72/100
|
|-weather|RainDance|[upkeep]
|upkeep
|turn|7
|
|t:|1760875654
|move|p1a: Alomomola|Flip Turn|p2a: Tyrant's Downpour
|-resisted|p2a: Tyrant's Downpour
|-damage|p2a: Tyrant's Downpour|46/100
|
|t:|1760875658
|switch|p1a: Hydrapple|Hydrapple, M, shiny|100/100|[from] Flip Turn
|move|p2a: Tyrant's Downpour|Knock Off|p1a: Hydrapple
|-damage|p1a: Hydrapple|93/100
|-enditem|p1a: Hydrapple|Heavy-Duty Boots|[from] move: Knock Off|[of] p2a: Tyrant's Downpour
|
|-weather|RainDance|[upkeep]
|upkeep
|turn|8
|
|t:|1760875665
|switch|p1a: Alomomola|Alomomola, F, shiny|100/100
|move|p2a: Tyrant's Downpour|Hurricane|p1a: Alomomola
|-damage|p1a: Alomomola|55/100
|
|-weather|RainDance|[upkeep]
|upkeep
|turn|9
|
|t:|1760875672
|move|p1a: Alomomola|Wish|p1a: Alomomola
|move|p2a: Tyrant's Downpour|U-turn|p1a: Alomomola
|-damage|p1a: Alomomola|50/100
|
|t:|1760875680
|switch|p2a: Tyrant's Legacy|Excadrill, M|100/100|[from] U-turn
|-damage|p2a: Tyrant's Legacy|97/100|[from] Stealth Rock
|
|-weather|RainDance|[upkeep]
|upkeep
|turn|10
|
|t:|1760875685
|move|p2a: Tyrant's Legacy|Stealth Rock|p1a: Alomomola
|-sidestart|p1: texett|move: Stealth Rock
|move|p1a: Alomomola|Flip Turn|p2a: Tyrant's Legacy
|-supereffective|p2a: Tyrant's Legacy
|-damage|p2a: Tyrant's Legacy|34/100
|
|t:|1760875688
|switch|p1a: Great Tusk|Great Tusk, shiny|68/100|[from] Flip Turn
|-damage|p1a: Great Tusk|65/100|[from] Stealth Rock
|
|-weather|RainDance|[upkeep]
|-heal|p1a: Great Tusk|100/100|[from] move: Wish|[wisher] Alomomola
|upkeep
|turn|11
|
|t:|1760875698
|move|p2a: Tyrant's Legacy|Rapid Spin|p1a: Great Tusk
|-damage|p1a: Great Tusk|85/100
|-boost|p2a: Tyrant's Legacy|spe|1
|-sideend|p2: kshuaib734|Stealth Rock|[from] move: Rapid Spin|[of] p2a: Tyrant's Legacy
|-damage|p2a: Tyrant's Legacy|24/100|[from] item: Life Orb
|move|p1a: Great Tusk|Rapid Spin|p2a: Tyrant's Legacy
|-resisted|p2a: Tyrant's Legacy
|-crit|p2a: Tyrant's Legacy
|-damage|p2a: Tyrant's Legacy|7/100
|-boost|p1a: Great Tusk|spe|1
|-sideend|p1: texett|Stealth Rock|[from] move: Rapid Spin|[of] p1a: Great Tusk
|
|-weather|none
|upkeep
|turn|12
|
|t:|1760875709
|move|p2a: Tyrant's Legacy|Earthquake|p1a: Great Tusk
|-damage|p1a: Great Tusk|41/100
|-damage|p2a: Tyrant's Legacy|0 fnt|[from] item: Life Orb
|faint|p2a: Tyrant's Legacy
|move|p1a: Great Tusk|Rapid Spin|p2: Tyrant's Legacy|[notarget]
|-fail|p1a: Great Tusk
|
|upkeep
|
|t:|1760875725
|switch|p2a: Tyrant's Downpour|Pelipper, F|46/100
|-weather|RainDance|[from] ability: Drizzle|[of] p2a: Tyrant's Downpour
|turn|13
|
|t:|1760875734
|-end|p1a: Great Tusk|Protosynthesis|[silent]
|switch|p1a: Raikou|Raikou, shiny|100/100
|-ability|p1a: Raikou|Pressure
|move|p2a: Tyrant's Downpour|Hurricane|p1a: Raikou
|-resisted|p1a: Raikou
|-damage|p1a: Raikou|81/100
|
|-weather|RainDance|[upkeep]
|upkeep
|turn|14
|
|t:|1760875749
|switch|p2a: King Tyrant|Tyranitar, M|62/100
|-weather|Sandstorm|[from] ability: Sand Stream|[of] p2a: King Tyrant
|move|p1a: Raikou|Volt Switch|p2a: King Tyrant
|-damage|p2a: King Tyrant|33/100
|
|t:|1760875754
|switch|p1a: Great Tusk|Great Tusk, shiny|41/100|[from] Volt Switch
|
|-weather|Sandstorm|[upkeep]
|upkeep
|turn|15
|
|t:|1760875761
|move|p1a: Great Tusk|Earthquake|p2a: King Tyrant
|-supereffective|p2a: King Tyrant
|-damage|p2a: King Tyrant|0 fnt
|faint|p2a: King Tyrant
|
|-weather|Sandstorm|[upkeep]
|upkeep
|
|t:|1760875770
|switch|p2a: Tyrant's Downpour|Pelipper, F|46/100
|-weather|RainDance|[from] ability: Drizzle|[of] p2a: Tyrant's Downpour
|turn|16
|
|t:|1760875774
|-end|p1a: Great Tusk|Protosynthesis|[silent]
|switch|p1a: Alomomola|Alomomola, F, shiny|84/100
|move|p2a: Tyrant's Downpour|U-turn|p1a: Alomomola
|-damage|p1a: Alomomola|79/100
|
|t:|1760875789
|switch|p2a: Tyrant's Vengeance|Kingdra, M|100/100|[from] U-turn
|
|-weather|RainDance|[upkeep]
|upkeep
|turn|17
|
|t:|1760875796
|move|p1a: Alomomola|Protect|p1a: Alomomola
|-singleturn|p1a: Alomomola|Protect
|move|p2a: Tyrant's Vengeance|Hurricane|p1a: Alomomola
|-activate|p1a: Alomomola|move: Protect
|
|-weather|RainDance|[upkeep]
|upkeep
|turn|18
|
|t:|1760875803
|move|p2a: Tyrant's Vengeance|Hurricane|p1a: Alomomola
|-damage|p1a: Alomomola|18/100
|move|p1a: Alomomola|Flip Turn|p2a: Tyrant's Vengeance
|-resisted|p2a: Tyrant's Vengeance
|-damage|p2a: Tyrant's Vengeance|94/100
|
|t:|1760875809
|switch|p1a: Raikou|Raikou, shiny|81/100|[from] Flip Turn
|-ability|p1a: Raikou|Pressure
|
|-weather|RainDance|[upkeep]
|upkeep
|turn|19
|
|t:|1760875815
|move|p2a: Tyrant's Vengeance|Hurricane|p1a: Raikou
|-resisted|p1a: Raikou
|-damage|p1a: Raikou|54/100
|move|p1a: Raikou|Thunderbolt|p2a: Tyrant's Vengeance
|-damage|p2a: Tyrant's Vengeance|21/100
|
|-weather|RainDance|[upkeep]
|upkeep
|turn|20
|
|t:|1760875826
|switch|p2a: Tyrant's Downpour|Pelipper, F|46/100
|move|p1a: Raikou|Thunderbolt|p2a: Tyrant's Downpour
|-supereffective|p2a: Tyrant's Downpour
|-damage|p2a: Tyrant's Downpour|0 fnt
|faint|p2a: Tyrant's Downpour
|
|-weather|none
|upkeep
|
|t:|1760875836
|switch|p2a: Tyrant's Enforcer|Overqwil, F|100/100
|turn|21
|
|t:|1760875842
|move|p1a: Raikou|Thunderbolt|p2a: Tyrant's Enforcer
|-damage|p2a: Tyrant's Enforcer|9/100
|move|p2a: Tyrant's Enforcer|Spikes|p1a: Raikou
|-sidestart|p1: texett|Spikes
|
|upkeep
|turn|22
|
|t:|1760875856
|switch|p2a: Tyrant's Vengeance|Kingdra, M|21/100
|move|p1a: Raikou|Thunderbolt|p2a: Tyrant's Vengeance
|-damage|p2a: Tyrant's Vengeance|0 fnt
|faint|p2a: Tyrant's Vengeance
|
|upkeep
|
|t:|1760875863
|switch|p2a: Tyrant's Endgame|Quaquaval, F|100/100
|turn|23
|
|t:|1760875866
|-terastallize|p2a: Tyrant's Endgame|Water
|move|p2a: Tyrant's Endgame|Aqua Jet|p1a: Raikou
|-damage|p1a: Raikou|10/100
|move|p1a: Raikou|Thunderbolt|p2a: Tyrant's Endgame
|-supereffective|p2a: Tyrant's Endgame
|-damage|p2a: Tyrant's Endgame|0 fnt
|faint|p2a: Tyrant's Endgame
|
|upkeep
|-message|kshuaib734 forfeited.
|
|win|texett
|raw|texett's rating: 1616 &rarr; <strong>1649</strong><br />(+33 for winning)
|raw|kshuaib734's rating: 1875 &rarr; <strong>1842</strong><br />(-33 for losing)
|l|☆kshuaib734
|player|p2|
|l|☆texett
|player|p1|
