|j|☆monkeling
|j|☆Shubway
|t:|1760846313
|gametype|singles
|player|p1|monkeling|ash|1478
|player|p2|Shubway|169|1421
|gen|9
|tier|[Gen 9] OU
|rated|
|rule|HP Percentage Mod: HP is shown in percentages
|rule|Endless Battle Clause: Forcing endless battles is banned
|rule|Species Clause: Limit one of each Pokémon
|rule|OHKO Clause: OHKO moves are banned
|rule|Evasion Items Clause: Evasion items are banned
|rule|Evasion Moves Clause: Evasion moves are banned
|rule|Evasion Abilities Clause: Evasion abilities are banned
|rule|Sleep Moves Clause: Sleep-inducing moves are banned
|clearpoke
|poke|p1|Ting-Lu|
|poke|p1|Dondozo, M|
|poke|p1|Corviknight, F|
|poke|p1|Great Tusk|
|poke|p1|Dragonite, F|
|poke|p1|Slowking-Galar, M|
|poke|p2|Ceruledge, F|
|poke|p2|Araquanid, M|
|poke|p2|Serperior, M|
|poke|p2|Tinkaton, F|
|poke|p2|Raging Bolt|
|poke|p2|Iron Valiant|
|teampreview
|inactive|Battle timer is ON: inactive players will automatically lose when time's up. (requested by Shubway)
|
|t:|1760846325
|teamsize|p1|6
|teamsize|p2|6
|start
|switch|p1a: Great Tusk|Great Tusk|100/100
|switch|p2a: Iron Valiant|Iron Valiant|100/100
|-enditem|p2a: Iron Valiant|Booster Energy
|-activate|p2a: Iron Valiant|ability: Quark Drive|[fromitem]
|-start|p2a: Iron Valiant|quarkdrivespe
|turn|1
|
|t:|1760846337
|-end|p1a: Great Tusk|Protosynthesis|[silent]
|switch|p1a: Slowking|Slowking-Galar, M|100/100
|move|p2a: Iron Valiant|Calm Mind|p2a: Iron Valiant
|-boost|p2a: Iron Valiant|spa|1
|-boost|p2a: Iron Valiant|spd|1
|
|upkeep
|turn|2
|inactive|Shubway has 120 seconds left.
|inactive|Shubway has 90 seconds left.
|inactive|Shubway has 60 seconds left.
|
|t:|1760846435
|-terastallize|p2a: Iron Valiant|Steel
|move|p2a: Iron Valiant|Calm Mind|p2a: Iron Valiant
|-boost|p2a: Iron Valiant|spa|1
|-boost|p2a: Iron Valiant|spd|1
|move|p1a: Slowking|Toxic|p2a: Iron Valiant
|-immune|p2a: Iron Valiant
|
|upkeep
|turn|3
|
|t:|1760846445
|move|p2a: Iron Valiant|Psyshock|p1a: Slowking
|-damage|p1a: Slowking|44/100
|-prepare|p1a: Slowking|Chilly Reception|[premajor]
|move|p1a: Slowking|Chilly Reception|p1a: Slowking
|-weather|Snowscape
|
|t:|1760846464
|switch|p1a: Ting-Lu|Ting-Lu|100/100|[from] Chilly Reception
|-ability|p1a: Ting-Lu|Vessel of Ruin
|
|-weather|Snowscape|[upkeep]
|upkeep
|turn|4
|
|t:|1760846467
|move|p2a: Iron Valiant|Moonblast|p1a: Ting-Lu
|-supereffective|p1a: Ting-Lu
|-damage|p1a: Ting-Lu|27/100
|move|p1a: Ting-Lu|Earthquake|p2a: Iron Valiant
|-supereffective|p2a: Iron Valiant
|-damage|p2a: Iron Valiant|6/100
|
|-weather|Snowscape|[upkeep]
|upkeep
|turn|5
|
|t:|1760846492
|switch|p1a: Great Tusk|Great Tusk|100/100
|move|p2a: Iron Valiant|Moonblast|p1a: Great Tusk
|-supereffective|p1a: Great Tusk
|-damage|p1a: Great Tusk|0 fnt
|faint|p1a: Great Tusk
|-end|p1a: Great Tusk|Protosynthesis|[silent]
|
|-weather|Snowscape|[upkeep]
|upkeep
|
|t:|1760846502
|switch|p1a: Dondozo|Dondozo, M|100/100
|turn|6
|inactive|Shubway has 90 seconds left.
|
|t:|1760846527
|move|p2a: Iron Valiant|Moonblast|p1a: Dondozo
|-damage|p1a: Dondozo|59/100
|-unboost|p1a: Dondozo|spa|1
|move|p1a: Dondozo|Body Press|p2a: Iron Valiant
|-supereffective|p2a: Iron Valiant
|-damage|p2a: Iron Valiant|0 fnt
|faint|p2a: Iron Valiant
|-end|p2a: Iron Valiant|Quark Drive|[silent]
|
|-weather|Snowscape|[upkeep]
|upkeep
|
|t:|1760846532
|switch|p2a: Raging Bolt|Raging Bolt|100/100
|turn|7
|
|t:|1760846538
|switch|p1a: Slowking|Slowking-Galar, M|77/100
|move|p2a: Raging Bolt|Calm Mind|p2a: Raging Bolt
|-boost|p2a: Raging Bolt|spa|1
|-boost|p2a: Raging Bolt|spd|1
|
|-weather|none
|upkeep
|turn|8
|
|t:|1760846543
|-end|p2a: Raging Bolt|Protosynthesis|[silent]
|switch|p2a: Tinkaton|Tinkaton, F|100/100
|-ability|p2a: Tinkaton|Mold Breaker
|-item|p2a: Tinkaton|Air Balloon
|move|p1a: Slowking|Toxic|p2a: Tinkaton
|-immune|p2a: Tinkaton
|
|upkeep
|turn|9
|
|t:|1760846551
|move|p2a: Tinkaton|Knock Off|p1a: Slowking
|-supereffective|p1a: Slowking
|-damage|p1a: Slowking|28/100
|-enditem|p1a: Slowking|Heavy-Duty Boots|[from] move: Knock Off|[of] p2a: Tinkaton
|move|p1a: Slowking|Future Sight|p2a: Tinkaton
|-start|p1a: Slowking|move: Future Sight
|
|upkeep
|turn|10
|
|t:|1760846557
|switch|p1a: Dondozo|Dondozo, M|59/100
|move|p2a: Tinkaton|Stealth Rock|p1a: Dondozo
|-sidestart|p1: monkeling|move: Stealth Rock
|
|upkeep
|turn|11
|
|t:|1760846564
|move|p2a: Tinkaton|Knock Off|p1a: Dondozo
|-crit|p1a: Dondozo
|-damage|p1a: Dondozo|44/100
|-enditem|p1a: Dondozo|Heavy-Duty Boots|[from] move: Knock Off|[of] p2a: Tinkaton
|move|p1a: Dondozo|Rest|p1a: Dondozo
|-status|p1a: Dondozo|slp|[from] move: Rest
|-heal|p1a: Dondozo|100/100 slp|[silent]
|
|-end|p2a: Tinkaton|move: Future Sight
|-resisted|p2a: Tinkaton
|-damage|p2a: Tinkaton|78/100
|-enditem|p2a: Tinkaton|Air Balloon
|upkeep
|turn|12
|
|t:|1760846576
|switch|p1a: Ting-Lu|Ting-Lu|27/100
|-ability|p1a: Ting-Lu|Vessel of Ruin
|move|p2a: Tinkaton|Encore||[still]
|-fail|p2a: Tinkaton
|
|upkeep
|turn|13
|
|t:|1760846583
|move|p2a: Tinkaton|Gigaton Hammer|p1a: Ting-Lu
|-damage|p1a: Ting-Lu|0 fnt
|faint|p1a: Ting-Lu
|
|upkeep
|
|t:|1760846587
|switch|p1a: Dragonite|Dragonite, F|100/100
|turn|14
|
|t:|1760846590
|move|p2a: Tinkaton|Knock Off|p1a: Dragonite
|-damage|p1a: Dragonite|78/100
|-enditem|p1a: Dragonite|Heavy-Duty Boots|[from] move: Knock Off|[of] p2a: Tinkaton
|move|p1a: Dragonite|Dragon Dance|p1a: Dragonite
|-boost|p1a: Dragonite|atk|1
|-boost|p1a: Dragonite|spe|1
|
|upkeep
|turn|15
|
|t:|1760846595
|move|p2a: Tinkaton|Encore|p1a: Dragonite
|-start|p1a: Dragonite|Encore
|move|p1a: Dragonite|Dragon Dance|p1a: Dragonite
|-boost|p1a: Dragonite|atk|1
|-boost|p1a: Dragonite|spe|1
|
|upkeep
|turn|16
|
|t:|1760846599
|switch|p2a: Raging Bolt|Raging Bolt|100/100
|move|p1a: Dragonite|Dragon Dance|p1a: Dragonite
|-boost|p1a: Dragonite|atk|1
|-boost|p1a: Dragonite|spe|1
|
|upkeep
|turn|17
|
|t:|1760846603
|-terastallize|p1a: Dragonite|Fairy
|move|p1a: Dragonite|Dragon Dance|p1a: Dragonite
|-boost|p1a: Dragonite|atk|1
|-boost|p1a: Dragonite|spe|1
|move|p2a: Raging Bolt|Dragon Pulse|p1a: Dragonite
|-immune|p1a: Dragonite
|
|-end|p1a: Dragonite|Encore
|upkeep
|turn|18
|
|t:|1760846610
|move|p1a: Dragonite|Tera Blast|p2a: Raging Bolt|[anim] Tera Blast Fairy
|-supereffective|p2a: Raging Bolt
|-damage|p2a: Raging Bolt|0 fnt
|faint|p2a: Raging Bolt
|-end|p2a: Raging Bolt|Protosynthesis|[silent]
|
|upkeep
|
|t:|1760846614
|switch|p2a: Araquanid|Araquanid, M, shiny|100/100
|turn|19
|
|t:|1760846617
|move|p1a: Dragonite|Roost|p1a: Dragonite
|-heal|p1a: Dragonite|100/100
|move|p2a: Araquanid|Liquidation|p1a: Dragonite
|-damage|p1a: Dragonite|73/100
|
|upkeep
|turn|20
|
|t:|1760846620
|move|p1a: Dragonite|Tera Blast|p2a: Araquanid|[anim] Tera Blast Fairy
|-damage|p2a: Araquanid|0 fnt
|faint|p2a: Araquanid
|
|upkeep
|
|t:|1760846624
|switch|p2a: Ceruledge|Ceruledge, F|100/100
|turn|21
|
|t:|1760846627
|move|p1a: Dragonite|Earthquake|p2a: Ceruledge
|-supereffective|p2a: Ceruledge
|-damage|p2a: Ceruledge|0 fnt
|faint|p2a: Ceruledge
|
|upkeep
|
|t:|1760846631
|switch|p2a: Serperior|Serperior, M|100/100
|turn|22
|
|t:|1760846634
|move|p1a: Dragonite|Tera Blast|p2a: Serperior|[anim] Tera Blast Fairy
|-damage|p2a: Serperior|0 fnt
|faint|p2a: Serperior
|
|upkeep
|inactive|Shubway has 120 seconds left.
|inactive|Shubway has 90 seconds left.
|
|t:|1760846723
|switch|p2a: Tinkaton|Tinkaton, F|78/100
|-ability|p2a: Tinkaton|Mold Breaker
|turn|23
|
|t:|1760846726
|move|p1a: Dragonite|Earthquake|p2a: Tinkaton
|-supereffective|p2a: Tinkaton
|-damage|p2a: Tinkaton|0 fnt
|faint|p2a: Tinkaton
|
|win|monkeling
|raw|monkeling's rating: 1478 &rarr; <strong>1495</strong><br />(+17 for winning)
|raw|Shubway's rating: 1421 &rarr; <strong>1404</strong><br />(-17 for losing)
|l|☆monkeling
|player|p1|
|l|☆Shubway
|player|p2|
