|j|☆jojonotsuck
|j|☆SpongeGar & Patar
|t:|1760718668
|gametype|singles
|player|p1|jojonotsuck|skullgrunt|1678
|player|p2|SpongeGar & Patar|101|1713
|gen|9
|tier|[Gen 9] OU
|rated|
|rule|HP Percentage Mod: HP is shown in percentages
|rule|Endless Battle Clause: Forcing endless battles is banned
|rule|Species Clause: Limit one of each Pokémon
|rule|OHKO Clause: OHKO moves are banned
|rule|Evasion Items Clause: Evasion items are banned
|rule|Evasion Moves Clause: Evasion moves are banned
|rule|Evasion Abilities Clause: Evasion abilities are banned
|rule|Sleep Moves Clause: Sleep-inducing moves are banned
|clearpoke
|poke|p1|Lokix, F|
|poke|p1|Iron Crown|
|poke|p1|Gliscor, M|
|poke|p1|Garganacl, M|
|poke|p1|Pecharunt|
|poke|p1|Cinderace, F|
|poke|p2|Kyurem|
|poke|p2|Corviknight, F|
|poke|p2|Ting-Lu|
|poke|p2|Dondozo, F|
|poke|p2|Slowking-Galar, L99, M|
|poke|p2|Cinderace, F|
|teampreview
|
|t:|1760718717
|teamsize|p1|6
|teamsize|p2|6
|start
|switch|p1a: Garganacl|Garganacl, M|100/100
|switch|p2a: Kyurem|Kyurem|100/100
|-ability|p2a: Kyurem|Pressure
|turn|1
|inactive|Battle timer is ON: inactive players will automatically lose when time's up. (requested by SpongeGar & Patar)
|inactive|SpongeGar & Patar has 120 seconds left.
|j| iamfrhaan007
|
|t:|1760718765
|-terastallize|p2a: Kyurem|Ground
|move|p1a: Garganacl|Protect|p1a: Garganacl
|-singleturn|p1a: Garganacl|Protect
|move|p2a: Kyurem|Earth Power|p1a: Garganacl
|-activate|p1a: Garganacl|move: Protect
|
|upkeep
|turn|2
|l| iamfrhaan007
|inactive|SpongeGar & Patar has 120 seconds left.
|
|t:|1760718813
|switch|p1a: Gliscor|Gliscor, M|100/100
|move|p2a: Kyurem|Earth Power|p1a: Gliscor
|-immune|p1a: Gliscor
|
|-status|p1a: Gliscor|tox|[from] item: Toxic Orb
|upkeep
|turn|3
|inactive|jojonotsuck has 120 seconds left.
|inactive|SpongeGar & Patar has 90 seconds left.
|
|t:|1760718861
|switch|p1a: Iron Crown|Iron Crown|100/100
|move|p2a: Kyurem|Freeze-Dry|p1a: Iron Crown
|-resisted|p1a: Iron Crown
|-damage|p1a: Iron Crown|84/100
|
|upkeep
|turn|4
|inactive|jojonotsuck has 120 seconds left.
|inactive|SpongeGar & Patar has 60 seconds left.
|
|t:|1760718909
|move|p1a: Iron Crown|Tachyon Cutter|p2a: Kyurem
|-damage|p2a: Kyurem|68/100
|-damage|p2a: Kyurem|30/100
|-hitcount|p2a: Kyurem|2
|move|p2a: Kyurem|Earth Power|p1a: Iron Crown
|-supereffective|p1a: Iron Crown
|-damage|p1a: Iron Crown|0 fnt
|faint|p1a: Iron Crown
|-end|p1a: Iron Crown|Quark Drive|[silent]
|
|-heal|p2a: Kyurem|36/100|[from] item: Leftovers
|upkeep
|
|t:|1760718921
|switch|p1a: Lokix|Lokix, F|100/100
|turn|5
|
|t:|1760718931
|move|p2a: Kyurem|Protect|p2a: Kyurem
|-singleturn|p2a: Kyurem|Protect
|move|p1a: Lokix|First Impression|p2a: Kyurem
|-activate|p2a: Kyurem|move: Protect
|
|-heal|p2a: Kyurem|43/100|[from] item: Leftovers
|upkeep
|turn|6
|
|t:|1760718940
|move|p2a: Kyurem|Freeze-Dry|p1a: Lokix
|-damage|p1a: Lokix|30/100
|move|p1a: Lokix|Knock Off|p2a: Kyurem
|-crit|p2a: Kyurem
|-damage|p2a: Kyurem|0 fnt
|-enditem|p2a: Kyurem|Leftovers|[from] move: Knock Off|[of] p1a: Lokix
|faint|p2a: Kyurem
|
|upkeep
|
|t:|1760718951
|switch|p2a: Dondozo|Dondozo, F|100/100
|turn|7
|inactive|jojonotsuck has 120 seconds left.
|
|t:|1760718960
|move|p1a: Lokix|U-turn|p2a: Dondozo
|-damage|p2a: Dondozo|83/100
|inactive|jojonotsuck has 120 seconds left.
|
|t:|1760718968
|switch|p1a: Garganacl|Garganacl, M|100/100|[from] U-turn
|move|p2a: Dondozo|Waterfall|p1a: Garganacl
|-supereffective|p1a: Garganacl
|-damage|p1a: Garganacl|61/100
|
|-heal|p2a: Dondozo|89/100|[from] item: Leftovers
|-heal|p1a: Garganacl|68/100|[from] item: Leftovers
|upkeep
|turn|8
|inactive|SpongeGar & Patar has 60 seconds left.
|inactive|jojonotsuck has 120 seconds left.
|
|t:|1760718980
|move|p2a: Dondozo|Waterfall|p1a: Garganacl
|-supereffective|p1a: Garganacl
|-damage|p1a: Garganacl|31/100
|move|p1a: Garganacl|Recover|p1a: Garganacl
|-heal|p1a: Garganacl|81/100
|
|-heal|p2a: Dondozo|95/100|[from] item: Leftovers
|-heal|p1a: Garganacl|88/100|[from] item: Leftovers
|upkeep
|turn|9
|inactive|SpongeGar & Patar has 60 seconds left.
|
|t:|1760718990
|move|p1a: Garganacl|Salt Cure|p2a: Dondozo
|-damage|p2a: Dondozo|89/100
|-start|p2a: Dondozo|Salt Cure
|move|p2a: Dondozo|Waterfall|p1a: Garganacl
|-supereffective|p1a: Garganacl
|-crit|p1a: Garganacl
|-damage|p1a: Garganacl|35/100
|
|-heal|p2a: Dondozo|95/100|[from] item: Leftovers
|-heal|p1a: Garganacl|41/100|[from] item: Leftovers
|-damage|p2a: Dondozo|70/100|[from] Salt Cure
|upkeep
|turn|10
|inactive|SpongeGar & Patar has 60 seconds left.
|
|t:|1760719002
|switch|p2a: Ting-Lu|Ting-Lu|100/100
|-ability|p2a: Ting-Lu|Vessel of Ruin
|move|p1a: Garganacl|Recover|p1a: Garganacl
|-heal|p1a: Garganacl|91/100
|
|-heal|p1a: Garganacl|98/100|[from] item: Leftovers
|upkeep
|turn|11
|inactive|SpongeGar & Patar has 60 seconds left.
|
|t:|1760719011
|move|p2a: Ting-Lu|Earthquake|p1a: Garganacl
|-supereffective|p1a: Garganacl
|-damage|p1a: Garganacl|48/100
|move|p1a: Garganacl|Salt Cure|p2a: Ting-Lu
|-resisted|p2a: Ting-Lu
|-damage|p2a: Ting-Lu|97/100
|-start|p2a: Ting-Lu|Salt Cure
|
|-heal|p2a: Ting-Lu|100/100|[from] item: Leftovers
|-heal|p1a: Garganacl|54/100|[from] item: Leftovers
|-damage|p2a: Ting-Lu|88/100|[from] Salt Cure
|upkeep
|turn|12
|inactive|SpongeGar & Patar has 60 seconds left.
|
|t:|1760719026
|switch|p1a: Gliscor|Gliscor, M|100/100 tox
|move|p2a: Ting-Lu|Earthquake|p1a: Gliscor
|-immune|p1a: Gliscor
|
|-heal|p2a: Ting-Lu|94/100|[from] item: Leftovers
|-damage|p2a: Ting-Lu|82/100|[from] Salt Cure
|upkeep
|turn|13
|j| LT123VB 87
|
|t:|1760719042
|switch|p2a: Dondozo|Dondozo, F|70/100
|move|p1a: Gliscor|Swords Dance|p1a: Gliscor
|-boost|p1a: Gliscor|atk|2
|
|-heal|p2a: Dondozo|76/100|[from] item: Leftovers
|upkeep
|turn|14
|
|t:|1760719051
|switch|p1a: Pecharunt|Pecharunt|100/100
|move|p2a: Dondozo|Curse|p2a: Dondozo
|-unboost|p2a: Dondozo|spe|1
|-boost|p2a: Dondozo|atk|1
|-boost|p2a: Dondozo|def|1
|
|-heal|p2a: Dondozo|82/100|[from] item: Leftovers
|upkeep
|turn|15
|
|t:|1760719060
|switch|p2a: Slowking|Slowking-Galar, L99, M|100/100
|move|p1a: Pecharunt|Malignant Chain|p2a: Slowking
|-resisted|p2a: Slowking
|-damage|p2a: Slowking|92/100
|
|upkeep
|turn|16
|
|t:|1760719070
|move|p1a: Pecharunt|Foul Play|p2a: Slowking
|-supereffective|p2a: Slowking
|-damage|p2a: Slowking|67/100
|-prepare|p2a: Slowking|Chilly Reception|[premajor]
|move|p2a: Slowking|Chilly Reception|p2a: Slowking
|-weather|Snowscape
|
|t:|1760719079
|switch|p2a: Corviknight|Corviknight, F|100/100|[from] Chilly Reception
|-ability|p2a: Corviknight|Pressure
|
|-weather|Snowscape|[upkeep]
|upkeep
|turn|17
|
|t:|1760719096
|switch|p1a: Gliscor|Gliscor, M|100/100 tox
|move|p2a: Corviknight|U-turn|p1a: Gliscor
|-resisted|p1a: Gliscor
|-damage|p1a: Gliscor|94/100 tox
|
|t:|1760719106
|switch|p2a: Dondozo|Dondozo, F|82/100|[from] U-turn
|
|-weather|Snowscape|[upkeep]
|-heal|p2a: Dondozo|89/100|[from] item: Leftovers
|-heal|p1a: Gliscor|100/100 tox|[from] ability: Poison Heal
|upkeep
|turn|18
|
|t:|1760719115
|switch|p1a: Pecharunt|Pecharunt|100/100
|move|p2a: Dondozo|Waterfall|p1a: Pecharunt
|-damage|p1a: Pecharunt|88/100
|
|-weather|Snowscape|[upkeep]
|-heal|p2a: Dondozo|95/100|[from] item: Leftovers
|upkeep
|turn|19
|inactive|SpongeGar & Patar has 90 seconds left.
|j| Ggtggg
|
|t:|1760719125
|move|p1a: Pecharunt|Parting Shot|p2a: Dondozo
|-unboost|p2a: Dondozo|atk|1
|-unboost|p2a: Dondozo|spa|1
|
|t:|1760719129
|switch|p1a: Garganacl|Garganacl, M|54/100|[from] Parting Shot
|move|p2a: Dondozo|Curse|p2a: Dondozo
|-unboost|p2a: Dondozo|spe|1
|-boost|p2a: Dondozo|atk|1
|-boost|p2a: Dondozo|def|1
|
|-weather|Snowscape|[upkeep]
|-heal|p1a: Garganacl|60/100|[from] item: Leftovers
|-heal|p2a: Dondozo|100/100|[from] item: Leftovers
|upkeep
|turn|20
|
|t:|1760719143
|-terastallize|p1a: Garganacl|Water
|move|p1a: Garganacl|Salt Cure|p2a: Dondozo
|-damage|p2a: Dondozo|96/100
|-start|p2a: Dondozo|Salt Cure
|move|p2a: Dondozo|Body Press|p1a: Garganacl
|-crit|p1a: Garganacl
|-damage|p1a: Garganacl|23/100
|
|-weather|none
|-heal|p1a: Garganacl|29/100|[from] item: Leftovers
|-heal|p2a: Dondozo|100/100|[from] item: Leftovers
|-damage|p2a: Dondozo|76/100|[from] Salt Cure
|upkeep
|turn|21
|
|t:|1760719154
|switch|p2a: Slowking|Slowking-Galar, L99, M|100/100
|move|p1a: Garganacl|Recover|p1a: Garganacl
|-heal|p1a: Garganacl|79/100
|
|-heal|p1a: Garganacl|85/100|[from] item: Leftovers
|upkeep
|turn|22
|
|t:|1760719163
|move|p1a: Garganacl|Stealth Rock|p2a: Slowking
|-sidestart|p2: SpongeGar & Patar|move: Stealth Rock
|move|p2a: Slowking|Sludge Bomb|p1a: Garganacl
|-damage|p1a: Garganacl|62/100
|
|-heal|p1a: Garganacl|68/100|[from] item: Leftovers
|upkeep
|turn|23
|
|t:|1760719174
|move|p1a: Garganacl|Protect|p1a: Garganacl
|-singleturn|p1a: Garganacl|Protect
|move|p2a: Slowking|Future Sight|p1a: Garganacl
|-start|p2a: Slowking|move: Future Sight
|
|-heal|p1a: Garganacl|75/100|[from] item: Leftovers
|upkeep
|turn|24
|
|t:|1760719192
|move|p1a: Garganacl|Salt Cure|p2a: Slowking
|-damage|p2a: Slowking|85/100
|-start|p2a: Slowking|Salt Cure
|-prepare|p2a: Slowking|Chilly Reception|[premajor]
|move|p2a: Slowking|Chilly Reception|p2a: Slowking
|-weather|Snowscape
|
|t:|1760719202
|switch|p2a: Cinderace|Cinderace, F|100/100|[from] Chilly Reception
|
|-weather|Snowscape|[upkeep]
|-heal|p1a: Garganacl|81/100|[from] item: Leftovers
|upkeep
|turn|25
|
|t:|1760719211
|move|p2a: Cinderace|Court Change|p2a: Cinderace
|-swapsideconditions
|-activate|p2a: Cinderace|move: Court Change
|move|p1a: Garganacl|Salt Cure|p2a: Cinderace
|-supereffective|p2a: Cinderace
|-damage|p2a: Cinderace|65/100
|-start|p2a: Cinderace|Salt Cure
|
|-weather|Snowscape|[upkeep]
|-end|p1a: Garganacl|move: Future Sight
|-crit|p1a: Garganacl
|-damage|p1a: Garganacl|37/100
|-heal|p1a: Garganacl|44/100|[from] item: Leftovers
|-damage|p2a: Cinderace|53/100|[from] Salt Cure
|upkeep
|turn|26
|
|t:|1760719222
|move|p2a: Cinderace|U-turn|p1a: Garganacl
|-damage|p1a: Garganacl|32/100
|
|t:|1760719232
|switch|p2a: Slowking|Slowking-Galar, L99, M|100/100|[from] U-turn
|move|p1a: Garganacl|Recover|p1a: Garganacl
|-heal|p1a: Garganacl|82/100
|
|-weather|Snowscape|[upkeep]
|-heal|p1a: Garganacl|88/100|[from] item: Leftovers
|upkeep
|turn|27
|
|t:|1760719241
|switch|p1a: Gliscor|Gliscor, M|100/100 tox
|-damage|p1a: Gliscor|88/100 tox|[from] Stealth Rock
|move|p2a: Slowking|Sludge Bomb|p1a: Gliscor
|-resisted|p1a: Gliscor
|-damage|p1a: Gliscor|67/100 tox
|
|-weather|Snowscape|[upkeep]
|-heal|p1a: Gliscor|80/100 tox|[from] ability: Poison Heal
|upkeep
|turn|28
|j| wgw2333
|j| Swagboss123456789
|l| Swagboss123456789
|inactive|SpongeGar & Patar has 90 seconds left.
|
|t:|1760719290
|switch|p1a: Cinderace|Cinderace, F|100/100
|switch|p2a: Dondozo|Dondozo, F|76/100
|
|-weather|none
|-heal|p2a: Dondozo|82/100|[from] item: Leftovers
|upkeep
|turn|29
|inactive|SpongeGar & Patar has 60 seconds left.
|
|t:|1760719337
|move|p1a: Cinderace|Will-O-Wisp|p2a: Dondozo
|-status|p2a: Dondozo|brn
|move|p2a: Dondozo|Waterfall|p1a: Cinderace
|-supereffective|p1a: Cinderace
|-damage|p1a: Cinderace|61/100
|
|-heal|p2a: Dondozo|88/100 brn|[from] item: Leftovers
|-damage|p2a: Dondozo|82/100 brn|[from] brn
|upkeep
|turn|30
|
|t:|1760719347
|move|p1a: Cinderace|Court Change|p1a: Cinderace
|-start|p1a: Cinderace|typechange|Normal|[from] ability: Libero
|-swapsideconditions
|-activate|p1a: Cinderace|move: Court Change
|move|p2a: Dondozo|Body Press|p1a: Cinderace
|-supereffective|p1a: Cinderace
|-damage|p1a: Cinderace|22/100
|
|-heal|p2a: Dondozo|88/100 brn|[from] item: Leftovers
|-damage|p2a: Dondozo|82/100 brn|[from] brn
|upkeep
|turn|31
|
|t:|1760719358
|move|p1a: Cinderace|U-turn|p2a: Dondozo
|-damage|p2a: Dondozo|72/100 brn
|
|t:|1760719361
|switch|p1a: Garganacl|Garganacl, M, tera:Water|88/100|[from] U-turn
|move|p2a: Dondozo|Rest|p2a: Dondozo
|-status|p2a: Dondozo|slp|[from] move: Rest
|-heal|p2a: Dondozo|100/100 slp|[silent]
|
|-heal|p1a: Garganacl|95/100|[from] item: Leftovers
|upkeep
|turn|32
|
|t:|1760719370
|switch|p2a: Slowking|Slowking-Galar, L99, M|100/100
|move|p1a: Garganacl|Salt Cure|p2a: Slowking
|-damage|p2a: Slowking|85/100
|-start|p2a: Slowking|Salt Cure
|
|-heal|p1a: Garganacl|100/100|[from] item: Leftovers
|-damage|p2a: Slowking|73/100|[from] Salt Cure
|upkeep
|turn|33
|
|t:|1760719380
|switch|p1a: Lokix|Lokix, F|30/100
|-prepare|p2a: Slowking|Chilly Reception|[premajor]
|move|p2a: Slowking|Chilly Reception|p2a: Slowking
|-weather|Snowscape
|j| IM AT MY LIMIT
|
|t:|1760719389
|switch|p2a: Cinderace|Cinderace, F|53/100|[from] Chilly Reception
|
|-weather|Snowscape|[upkeep]
|upkeep
|turn|34
|
|t:|1760719398
|switch|p2a: Corviknight|Corviknight, F|100/100
|-damage|p2a: Corviknight|88/100|[from] Stealth Rock
|-ability|p2a: Corviknight|Pressure
|move|p1a: Lokix|Knock Off|p2a: Corviknight
|-damage|p2a: Corviknight|59/100
|-damage|p1a: Lokix|14/100|[from] item: Rocky Helmet|[of] p2a: Corviknight
|-enditem|p2a: Corviknight|Rocky Helmet|[from] move: Knock Off|[of] p1a: Lokix
|
|-weather|Snowscape|[upkeep]
|upkeep
|turn|35
|inactive|SpongeGar & Patar has 60 seconds left.
|
|t:|1760719408
|move|p1a: Lokix|U-turn|p2a: Corviknight
|-resisted|p2a: Corviknight
|-damage|p2a: Corviknight|47/100
|
|t:|1760719417
|switch|p1a: Garganacl|Garganacl, M, tera:Water|100/100|[from] U-turn
|move|p2a: Corviknight|Roost|p2a: Corviknight
|-heal|p2a: Corviknight|97/100
|-singleturn|p2a: Corviknight|move: Roost
|
|-weather|Snowscape|[upkeep]
|upkeep
|turn|36
|
|t:|1760719426
|move|p2a: Corviknight|U-turn|p1a: Garganacl
|-damage|p1a: Garganacl|92/100
|
|t:|1760719436
|switch|p2a: Slowking|Slowking-Galar, L99, M|100/100|[from] U-turn
|move|p1a: Garganacl|Salt Cure|p2a: Slowking
|-damage|p2a: Slowking|86/100
|-start|p2a: Slowking|Salt Cure
|
|-weather|Snowscape|[upkeep]
|-heal|p1a: Garganacl|98/100|[from] item: Leftovers
|-damage|p2a: Slowking|74/100|[from] Salt Cure
|upkeep
|turn|37
|l| IM AT MY LIMIT
|
|t:|1760719458
|switch|p1a: Gliscor|Gliscor, M|80/100 tox
|-prepare|p2a: Slowking|Chilly Reception|[premajor]
|move|p2a: Slowking|Chilly Reception|p2a: Slowking
|
|t:|1760719468
|switch|p2a: Dondozo|Dondozo, F|100/100 slp|[from] Chilly Reception
|-damage|p2a: Dondozo|88/100 slp|[from] Stealth Rock
|
|-weather|none
|-heal|p2a: Dondozo|94/100 slp|[from] item: Leftovers
|-heal|p1a: Gliscor|92/100 tox|[from] ability: Poison Heal
|upkeep
|turn|38
|
|t:|1760719477
|switch|p1a: Garganacl|Garganacl, M, tera:Water|98/100
|cant|p2a: Dondozo|slp
|
|-heal|p2a: Dondozo|100/100 slp|[from] item: Leftovers
|-heal|p1a: Garganacl|100/100|[from] item: Leftovers
|upkeep
|turn|39
|
|t:|1760719486
|switch|p1a: Lokix|Lokix, F|14/100
|switch|p2a: Slowking|Slowking-Galar, L99, M|100/100
|
|upkeep
|turn|40
|
|t:|1760719498
|switch|p2a: Corviknight|Corviknight, F|97/100
|-damage|p2a: Corviknight|85/100|[from] Stealth Rock
|-ability|p2a: Corviknight|Pressure
|move|p1a: Lokix|U-turn|p2a: Corviknight
|-resisted|p2a: Corviknight
|-damage|p2a: Corviknight|73/100
|
|t:|1760719521
|switch|p1a: Cinderace|Cinderace, F|22/100|[from] U-turn
|
|upkeep
|turn|41
|inactive|SpongeGar & Patar has 90 seconds left.
|
|t:|1760719530
|switch|p2a: Dondozo|Dondozo, F|100/100 slp
|-damage|p2a: Dondozo|88/100 slp|[from] Stealth Rock
|move|p1a: Cinderace|Pyro Ball|p2a: Dondozo
|-resisted|p2a: Dondozo
|-damage|p2a: Dondozo|75/100 slp
|
|-heal|p2a: Dondozo|81/100 slp|[from] item: Leftovers
|upkeep
|turn|42
|inactive|SpongeGar & Patar has 90 seconds left.
|
|t:|1760719540
|move|p1a: Cinderace|U-turn|p2a: Dondozo
|-start|p1a: Cinderace|typechange|Bug|[from] ability: Libero
|-damage|p2a: Dondozo|66/100 slp
|
|t:|1760719543
|switch|p1a: Garganacl|Garganacl, M, tera:Water|100/100|[from] U-turn
|cant|p2a: Dondozo|slp
|
|-heal|p2a: Dondozo|72/100 slp|[from] item: Leftovers
|upkeep
|turn|43
|
|t:|1760719553
|-curestatus|p2a: Dondozo|slp|[msg]
|move|p2a: Dondozo|Body Press|p1a: Garganacl
|-damage|p1a: Garganacl|83/100
|move|p1a: Garganacl|Salt Cure|p2a: Dondozo
|-damage|p2a: Dondozo|65/100
|-start|p2a: Dondozo|Salt Cure
|
|-heal|p2a: Dondozo|71/100|[from] item: Leftovers
|-heal|p1a: Garganacl|89/100|[from] item: Leftovers
|-damage|p2a: Dondozo|47/100|[from] Salt Cure
|upkeep
|turn|44
|
|t:|1760719579
|switch|p2a: Slowking|Slowking-Galar, L99, M|100/100
|switch|p1a: Pecharunt|Pecharunt|88/100
|
|upkeep
|turn|45
|
|t:|1760719592
|move|p1a: Pecharunt|Parting Shot|p2a: Slowking
|-unboost|p2a: Slowking|atk|1
|-unboost|p2a: Slowking|spa|1
|
|t:|1760719596
|switch|p1a: Garganacl|Garganacl, M, tera:Water|89/100|[from] Parting Shot
|move|p2a: Slowking|Future Sight|p1a: Garganacl
|-start|p2a: Slowking|move: Future Sight
|
|-heal|p1a: Garganacl|95/100|[from] item: Leftovers
|upkeep
|turn|46
|
|t:|1760719609
|move|p1a: Garganacl|Salt Cure|p2a: Slowking
|-damage|p2a: Slowking|86/100
|-start|p2a: Slowking|Salt Cure
|-prepare|p2a: Slowking|Chilly Reception|[premajor]
|move|p2a: Slowking|Chilly Reception|p2a: Slowking
|-weather|Snowscape
|
|t:|1760719619
|switch|p2a: Cinderace|Cinderace, F|53/100|[from] Chilly Reception
|
|-weather|Snowscape|[upkeep]
|-heal|p1a: Garganacl|100/100|[from] item: Leftovers
|upkeep
|turn|47
|
|t:|1760719628
|move|p2a: Cinderace|U-turn|p1a: Garganacl
|-damage|p1a: Garganacl|88/100
|
|t:|1760719638
|switch|p2a: Slowking|Slowking-Galar, L99, M|100/100|[from] U-turn
|move|p1a: Garganacl|Salt Cure|p2a: Slowking
|-damage|p2a: Slowking|86/100
|-start|p2a: Slowking|Salt Cure
|
|-weather|Snowscape|[upkeep]
|-end|p1a: Garganacl|move: Future Sight
|-damage|p1a: Garganacl|59/100
|-heal|p1a: Garganacl|65/100|[from] item: Leftovers
|-damage|p2a: Slowking|74/100|[from] Salt Cure
|upkeep
|turn|48
|l| wgw2333
|
|t:|1760719658
|switch|p1a: Gliscor|Gliscor, M|92/100 tox
|-prepare|p2a: Slowking|Chilly Reception|[premajor]
|move|p2a: Slowking|Chilly Reception|p2a: Slowking
|inactive|SpongeGar & Patar has 90 seconds left.
|
|t:|1760719706
|switch|p2a: Corviknight|Corviknight, F|73/100|[from] Chilly Reception
|-damage|p2a: Corviknight|61/100|[from] Stealth Rock
|-ability|p2a: Corviknight|Pressure
|
|-weather|Snowscape|[upkeep]
|-heal|p1a: Gliscor|100/100 tox|[from] ability: Poison Heal
|upkeep
|turn|49
|inactive|SpongeGar & Patar has 60 seconds left.
|
|t:|1760719753
|move|p1a: Gliscor|Swords Dance|p1a: Gliscor
|-boost|p1a: Gliscor|atk|2
|move|p2a: Corviknight|Roost|p2a: Corviknight
|-heal|p2a: Corviknight|100/100
|-singleturn|p2a: Corviknight|move: Roost
|
|-weather|Snowscape|[upkeep]
|upkeep
|turn|50
|
|t:|1760719766
|move|p1a: Gliscor|Facade|p2a: Corviknight
|-resisted|p2a: Corviknight
|-damage|p2a: Corviknight|80/100
|move|p2a: Corviknight|Defog|p1a: Gliscor
|-unboost|p1a: Gliscor|evasion|1
|-sideend|p2: SpongeGar & Patar|Stealth Rock|[from] move: Defog|[of] p2a: Corviknight
|
|-weather|none
|upkeep
|turn|51
|
|t:|1760719780
|move|p1a: Gliscor|Facade|p2a: Corviknight
|-resisted|p2a: Corviknight
|-damage|p2a: Corviknight|59/100
|move|p2a: Corviknight|Roost|p2a: Corviknight
|-heal|p2a: Corviknight|100/100
|-singleturn|p2a: Corviknight|move: Roost
|
|upkeep
|turn|52
|
|t:|1760719790
|switch|p2a: Dondozo|Dondozo, F|47/100
|move|p1a: Gliscor|Facade|p2a: Dondozo
|-damage|p2a: Dondozo|32/100
|
|-heal|p2a: Dondozo|38/100|[from] item: Leftovers
|upkeep
|turn|53
|
|t:|1760719800
|switch|p1a: Garganacl|Garganacl, M, tera:Water|65/100
|move|p2a: Dondozo|Rest|p2a: Dondozo
|-status|p2a: Dondozo|slp|[from] move: Rest
|-heal|p2a: Dondozo|100/100 slp|[silent]
|
|-heal|p1a: Garganacl|72/100|[from] item: Leftovers
|upkeep
|turn|54
|
|t:|1760719809
|switch|p2a: Slowking|Slowking-Galar, L99, M|100/100
|move|p1a: Garganacl|Stealth Rock|p2a: Slowking
|-sidestart|p2: SpongeGar & Patar|move: Stealth Rock
|
|-heal|p1a: Garganacl|78/100|[from] item: Leftovers
|upkeep
|turn|55
|inactive|SpongeGar & Patar has 60 seconds left.
|
|t:|1760719818
|switch|p1a: Lokix|Lokix, F|14/100
|-prepare|p2a: Slowking|Chilly Reception|[premajor]
|move|p2a: Slowking|Chilly Reception|p2a: Slowking
|-weather|Snowscape
|inactive|SpongeGar & Patar has 60 seconds left.
|
|t:|1760719828
|switch|p2a: Corviknight|Corviknight, F|100/100|[from] Chilly Reception
|-damage|p2a: Corviknight|88/100|[from] Stealth Rock
|-ability|p2a: Corviknight|Pressure
|
|-weather|Snowscape|[upkeep]
|upkeep
|turn|56
|
|t:|1760719837
|move|p1a: Lokix|U-turn|p2a: Corviknight
|-resisted|p2a: Corviknight
|-damage|p2a: Corviknight|76/100
|
|t:|1760719846
|switch|p1a: Cinderace|Cinderace, F|22/100|[from] U-turn
|move|p2a: Corviknight|Defog|p1a: Cinderace
|-unboost|p1a: Cinderace|evasion|1
|-sideend|p2: SpongeGar & Patar|Stealth Rock|[from] move: Defog|[of] p2a: Corviknight
|
|-weather|Snowscape|[upkeep]
|upkeep
|turn|57
|
|t:|1760719855
|switch|p2a: Dondozo|Dondozo, F|100/100 slp
|move|p1a: Cinderace|U-turn|p2a: Dondozo
|-start|p1a: Cinderace|typechange|Bug|[from] ability: Libero
|-damage|p2a: Dondozo|87/100 slp
|
|t:|1760719868
|switch|p1a: Garganacl|Garganacl, M, tera:Water|78/100|[from] U-turn
|
|-weather|Snowscape|[upkeep]
|-heal|p1a: Garganacl|84/100|[from] item: Leftovers
|-heal|p2a: Dondozo|93/100 slp|[from] item: Leftovers
|upkeep
|turn|58
|
|t:|1760719877
|switch|p2a: Slowking|Slowking-Galar, L99, M|100/100
|move|p1a: Garganacl|Stealth Rock|p2a: Slowking
|-sidestart|p2: SpongeGar & Patar|move: Stealth Rock
|
|-weather|Snowscape|[upkeep]
|-heal|p1a: Garganacl|90/100|[from] item: Leftovers
|upkeep
|turn|59
|inactive|SpongeGar & Patar has 90 seconds left.
|
|t:|1760719886
|switch|p1a: Cinderace|Cinderace, F|22/100
|move|p2a: Slowking|Future Sight|p1a: Cinderace
|-start|p2a: Slowking|move: Future Sight
|
|-weather|none
|upkeep
|turn|60
|
|t:|1760719896
|move|p1a: Cinderace|U-turn|p2a: Slowking
|-start|p1a: Cinderace|typechange|Bug|[from] ability: Libero
|-crit|p2a: Slowking
|-damage|p2a: Slowking|44/100
|
|t:|1760719902
|switch|p1a: Garganacl|Garganacl, M, tera:Water|90/100|[from] U-turn
|-prepare|p2a: Slowking|Chilly Reception|[premajor]
|move|p2a: Slowking|Chilly Reception|p2a: Slowking
|-weather|Snowscape
|
|t:|1760719911
|switch|p2a: Cinderace|Cinderace, F|53/100|[from] Chilly Reception
|
|-weather|Snowscape|[upkeep]
|-heal|p1a: Garganacl|96/100|[from] item: Leftovers
|upkeep
|turn|61
|
|t:|1760719921
|move|p2a: Cinderace|U-turn|p1a: Garganacl
|-damage|p1a: Garganacl|84/100
|
|t:|1760719931
|switch|p2a: Slowking|Slowking-Galar, L99, M|77/100|[from] U-turn
|move|p1a: Garganacl|Salt Cure|p2a: Slowking
|-damage|p2a: Slowking|63/100
|-start|p2a: Slowking|Salt Cure
|
|-weather|Snowscape|[upkeep]
|-end|p1a: Garganacl|move: Future Sight
|-crit|p1a: Garganacl
|-damage|p1a: Garganacl|43/100
|-heal|p1a: Garganacl|50/100|[from] item: Leftovers
|-damage|p2a: Slowking|50/100|[from] Salt Cure
|upkeep
|turn|62
|
|t:|1760719941
|move|p1a: Garganacl|Salt Cure|p2a: Slowking
|-damage|p2a: Slowking|35/100
|-prepare|p2a: Slowking|Chilly Reception|[premajor]
|move|p2a: Slowking|Chilly Reception|p2a: Slowking
|
|t:|1760719951
|switch|p2a: Cinderace|Cinderace, F|53/100|[from] Chilly Reception
|
|-weather|Snowscape|[upkeep]
|-heal|p1a: Garganacl|56/100|[from] item: Leftovers
|upkeep
|turn|63
|
|t:|1760719961
|move|p2a: Cinderace|Court Change|p2a: Cinderace
|-swapsideconditions
|-activate|p2a: Cinderace|move: Court Change
|move|p1a: Garganacl|Salt Cure|p2a: Cinderace
|-supereffective|p2a: Cinderace
|-damage|p2a: Cinderace|21/100
|-start|p2a: Cinderace|Salt Cure
|
|-weather|Snowscape|[upkeep]
|-heal|p1a: Garganacl|62/100|[from] item: Leftovers
|-damage|p2a: Cinderace|9/100|[from] Salt Cure
|upkeep
|turn|64
|
|t:|1760719971
|move|p2a: Cinderace|U-turn|p1a: Garganacl
|-damage|p1a: Garganacl|50/100
|
|t:|1760719981
|switch|p2a: Slowking|Slowking-Galar, L99, M|68/100|[from] U-turn
|move|p1a: Garganacl|Salt Cure|p2a: Slowking
|-damage|p2a: Slowking|53/100
|-start|p2a: Slowking|Salt Cure
|
|-weather|none
|-heal|p1a: Garganacl|56/100|[from] item: Leftovers
|-damage|p2a: Slowking|40/100|[from] Salt Cure
|upkeep
|turn|65
|
|t:|1760719998
|switch|p2a: Ting-Lu|Ting-Lu|82/100
|-ability|p2a: Ting-Lu|Vessel of Ruin
|move|p1a: Garganacl|Stealth Rock|p2a: Ting-Lu
|-sidestart|p2: SpongeGar & Patar|move: Stealth Rock
|
|-heal|p2a: Ting-Lu|88/100|[from] item: Leftovers
|-heal|p1a: Garganacl|62/100|[from] item: Leftovers
|upkeep
|turn|66
|
|t:|1760720007
|move|p2a: Ting-Lu|Earthquake|p1a: Garganacl
|-damage|p1a: Garganacl|37/100
|move|p1a: Garganacl|Salt Cure|p2a: Ting-Lu
|-resisted|p2a: Ting-Lu
|-damage|p2a: Ting-Lu|84/100
|-start|p2a: Ting-Lu|Salt Cure
|
|-heal|p2a: Ting-Lu|91/100|[from] item: Leftovers
|-heal|p1a: Garganacl|43/100|[from] item: Leftovers
|-damage|p2a: Ting-Lu|78/100|[from] Salt Cure
|upkeep
|turn|67
|
|t:|1760720018
|switch|p2a: Slowking|Slowking-Galar, L99, M|74/100
|move|p1a: Garganacl|Recover|p1a: Garganacl
|-heal|p1a: Garganacl|93/100
|
|-heal|p1a: Garganacl|99/100|[from] item: Leftovers
|upkeep
|turn|68
|
|t:|1760720033
|switch|p1a: Cinderace|Cinderace, F|22/100
|-prepare|p2a: Slowking|Chilly Reception|[premajor]
|move|p2a: Slowking|Chilly Reception|p2a: Slowking
|-weather|Snowscape
|
|t:|1760720042
|switch|p2a: Dondozo|Dondozo, F|93/100 slp|[from] Chilly Reception
|-damage|p2a: Dondozo|80/100 slp|[from] Stealth Rock
|
|-weather|Snowscape|[upkeep]
|-heal|p2a: Dondozo|87/100 slp|[from] item: Leftovers
|upkeep
|turn|69
|
|t:|1760720051
|move|p1a: Cinderace|U-turn|p2a: Dondozo
|-start|p1a: Cinderace|typechange|Bug|[from] ability: Libero
|-damage|p2a: Dondozo|72/100 slp
|
|t:|1760720060
|switch|p1a: Garganacl|Garganacl, M, tera:Water|99/100|[from] U-turn
|-damage|p1a: Garganacl|87/100|[from] Stealth Rock
|cant|p2a: Dondozo|slp
|
|-weather|Snowscape|[upkeep]
|-heal|p2a: Dondozo|78/100 slp|[from] item: Leftovers
|-heal|p1a: Garganacl|93/100|[from] item: Leftovers
|upkeep
|turn|70
|inactive|SpongeGar & Patar has 120 seconds left.
|
|t:|1760720071
|switch|p1a: Cinderace|Cinderace, F|22/100
|switch|p2a: Slowking|Slowking-Galar, L99, M|100/100
|
|-weather|Snowscape|[upkeep]
|upkeep
|turn|71
|
|t:|1760720080
|move|p1a: Cinderace|U-turn|p2a: Slowking
|-start|p1a: Cinderace|typechange|Bug|[from] ability: Libero
|-damage|p2a: Slowking|63/100
|
|t:|1760720087
|switch|p1a: Garganacl|Garganacl, M, tera:Water|93/100|[from] U-turn
|-damage|p1a: Garganacl|80/100|[from] Stealth Rock
|-prepare|p2a: Slowking|Chilly Reception|[premajor]
|move|p2a: Slowking|Chilly Reception|p2a: Slowking
|
|t:|1760720096
|switch|p2a: Ting-Lu|Ting-Lu|78/100|[from] Chilly Reception
|-damage|p2a: Ting-Lu|72/100|[from] Stealth Rock
|-ability|p2a: Ting-Lu|Vessel of Ruin
|
|-weather|Snowscape|[upkeep]
|-heal|p2a: Ting-Lu|78/100|[from] item: Leftovers
|-heal|p1a: Garganacl|87/100|[from] item: Leftovers
|upkeep
|turn|72
|
|t:|1760720105
|move|p2a: Ting-Lu|Earthquake|p1a: Garganacl
|-damage|p1a: Garganacl|63/100
|move|p1a: Garganacl|Salt Cure|p2a: Ting-Lu
|-resisted|p2a: Ting-Lu
|-damage|p2a: Ting-Lu|74/100
|-start|p2a: Ting-Lu|Salt Cure
|
|-weather|none
|-heal|p2a: Ting-Lu|80/100|[from] item: Leftovers
|-heal|p1a: Garganacl|70/100|[from] item: Leftovers
|-damage|p2a: Ting-Lu|68/100|[from] Salt Cure
|upkeep
|turn|73
|
|t:|1760720116
|switch|p2a: Slowking|Slowking-Galar, L99, M|96/100
|move|p1a: Garganacl|Protect||[still]
|-fail|p1a: Garganacl
|
|-heal|p1a: Garganacl|76/100|[from] item: Leftovers
|upkeep
|turn|74
|
|t:|1760720126
|switch|p1a: Gliscor|Gliscor, M|100/100 tox
|-damage|p1a: Gliscor|88/100 tox|[from] Stealth Rock
|move|p2a: Slowking|Future Sight|p1a: Gliscor
|-start|p2a: Slowking|move: Future Sight
|
|-heal|p1a: Gliscor|100/100 tox|[from] ability: Poison Heal
|upkeep
|turn|75
|inactive|SpongeGar & Patar has 120 seconds left.
|
|t:|1760720173
|switch|p2a: Dondozo|Dondozo, F|78/100 slp
|-damage|p2a: Dondozo|66/100 slp|[from] Stealth Rock
|move|p1a: Gliscor|Earthquake|p2a: Dondozo
|-damage|p2a: Dondozo|50/100 slp
|
|-heal|p2a: Dondozo|56/100 slp|[from] item: Leftovers
|upkeep
|turn|76
|
|t:|1760720185
|switch|p1a: Lokix|Lokix, F|14/100
|-damage|p1a: Lokix|0 fnt|[from] Stealth Rock
|faint|p1a: Lokix
|cant|p2a: Dondozo|slp
|
|-hint|Future Sight did not hit because the target is fainted.
|-heal|p2a: Dondozo|62/100 slp|[from] item: Leftovers
|upkeep
|
|t:|1760720200
|switch|p1a: Garganacl|Garganacl, M, tera:Water|76/100
|-damage|p1a: Garganacl|63/100|[from] Stealth Rock
|turn|77
|inactive|SpongeGar & Patar has 120 seconds left.
|
|t:|1760720209
|move|p1a: Garganacl|Salt Cure|p2a: Dondozo
|-damage|p2a: Dondozo|56/100 slp
|-start|p2a: Dondozo|Salt Cure
|-curestatus|p2a: Dondozo|slp|[msg]
|move|p2a: Dondozo|Rest|p2a: Dondozo
|-status|p2a: Dondozo|slp|[from] move: Rest
|-heal|p2a: Dondozo|100/100 slp|[silent]
|
|-heal|p1a: Garganacl|70/100|[from] item: Leftovers
|-damage|p2a: Dondozo|76/100 slp|[from] Salt Cure
|upkeep
|turn|78
|inactive|SpongeGar & Patar has 120 seconds left.
|
|t:|1760720219
|switch|p1a: Cinderace|Cinderace, F|22/100
|switch|p2a: Slowking|Slowking-Galar, L99, M|100/100
|
|upkeep
|turn|79
|
|t:|1760720228
|move|p1a: Cinderace|Pyro Ball|p2a: Slowking
|-damage|p2a: Slowking|39/100
|-prepare|p2a: Slowking|Chilly Reception|[premajor]
|move|p2a: Slowking|Chilly Reception|p2a: Slowking
|-weather|Snowscape
|inactive|SpongeGar & Patar has 120 seconds left.
|
|t:|1760720238
|switch|p2a: Cinderace|Cinderace, F|9/100|[from] Chilly Reception
|
|-weather|Snowscape|[upkeep]
|upkeep
|turn|80
|
|t:|1760720248
|switch|p1a: Pecharunt|Pecharunt|88/100
|move|p2a: Cinderace|Pyro Ball|p1a: Pecharunt
|-damage|p1a: Pecharunt|53/100
|
|-weather|Snowscape|[upkeep]
|upkeep
|turn|81
|
|t:|1760720257
|move|p2a: Cinderace|Pyro Ball|p1a: Pecharunt
|-damage|p1a: Pecharunt|18/100
|move|p1a: Pecharunt|Recover|p1a: Pecharunt
|-heal|p1a: Pecharunt|68/100
|
|-weather|Snowscape|[upkeep]
|upkeep
|turn|82
|
|t:|1760720266
|move|p2a: Cinderace|Pyro Ball|p1a: Pecharunt
|-damage|p1a: Pecharunt|36/100
|move|p1a: Pecharunt|Foul Play|p2a: Cinderace
|-damage|p2a: Cinderace|0 fnt
|faint|p2a: Cinderace
|
|-weather|Snowscape|[upkeep]
|upkeep
|
|t:|1760720276
|switch|p2a: Slowking|Slowking-Galar, L99, M|73/100
|turn|83
|
|t:|1760720285
|move|p1a: Pecharunt|Foul Play|p2a: Slowking
|-supereffective|p2a: Slowking
|-damage|p2a: Slowking|47/100
|move|p2a: Slowking|Future Sight|p1a: Pecharunt
|-start|p2a: Slowking|move: Future Sight
|
|-weather|none
|upkeep
|turn|84
|
|t:|1760720300
|move|p1a: Pecharunt|Parting Shot|p2a: Slowking
|-unboost|p2a: Slowking|atk|1
|-unboost|p2a: Slowking|spa|1
|
|t:|1760720301
|switch|p1a: Gliscor|Gliscor, M|100/100 tox|[from] Parting Shot
|-damage|p1a: Gliscor|88/100 tox|[from] Stealth Rock
|move|p2a: Slowking|Sludge Bomb|p1a: Gliscor
|-resisted|p1a: Gliscor
|-damage|p1a: Gliscor|75/100 tox
|
|-heal|p1a: Gliscor|87/100 tox|[from] ability: Poison Heal
|upkeep
|turn|85
|
|t:|1760720311
|switch|p2a: Dondozo|Dondozo, F|76/100 slp
|-damage|p2a: Dondozo|63/100 slp|[from] Stealth Rock
|move|p1a: Gliscor|Protect||[still]
|-fail|p1a: Gliscor
|
|-end|p1a: Gliscor|move: Future Sight
|-damage|p1a: Gliscor|31/100 tox
|-heal|p2a: Dondozo|69/100 slp|[from] item: Leftovers
|-heal|p1a: Gliscor|44/100 tox|[from] ability: Poison Heal
|upkeep
|turn|86
|
|t:|1760720325
|switch|p1a: Garganacl|Garganacl, M, tera:Water|70/100
|-damage|p1a: Garganacl|57/100|[from] Stealth Rock
|cant|p2a: Dondozo|slp
|
|-heal|p1a: Garganacl|63/100|[from] item: Leftovers
|-heal|p2a: Dondozo|76/100 slp|[from] item: Leftovers
|upkeep
|turn|87
|
|t:|1760720334
|switch|p2a: Slowking|Slowking-Galar, L99, M|80/100
|move|p1a: Garganacl|Salt Cure|p2a: Slowking
|-damage|p2a: Slowking|66/100
|-start|p2a: Slowking|Salt Cure
|
|-heal|p1a: Garganacl|70/100|[from] item: Leftovers
|-damage|p2a: Slowking|54/100|[from] Salt Cure
|upkeep
|turn|88
|
|t:|1760720344
|switch|p1a: Cinderace|Cinderace, F|22/100
|-prepare|p2a: Slowking|Chilly Reception|[premajor]
|move|p2a: Slowking|Chilly Reception|p2a: Slowking
|-weather|Snowscape
|
|t:|1760720353
|switch|p2a: Dondozo|Dondozo, F|76/100 slp|[from] Chilly Reception
|-damage|p2a: Dondozo|63/100 slp|[from] Stealth Rock
|
|-weather|Snowscape|[upkeep]
|-heal|p2a: Dondozo|69/100 slp|[from] item: Leftovers
|upkeep
|turn|89
|
|t:|1760720363
|move|p1a: Cinderace|U-turn|p2a: Dondozo
|-start|p1a: Cinderace|typechange|Bug|[from] ability: Libero
|-damage|p2a: Dondozo|53/100 slp
|
|t:|1760720365
|switch|p1a: Garganacl|Garganacl, M, tera:Water|70/100|[from] U-turn
|-damage|p1a: Garganacl|57/100|[from] Stealth Rock
|cant|p2a: Dondozo|slp
|
|-weather|Snowscape|[upkeep]
|-heal|p1a: Garganacl|63/100|[from] item: Leftovers
|-heal|p2a: Dondozo|59/100 slp|[from] item: Leftovers
|upkeep
|turn|90
|
|t:|1760720378
|-curestatus|p2a: Dondozo|slp|[msg]
|move|p2a: Dondozo|Waterfall|p1a: Garganacl
|-resisted|p1a: Garganacl
|-damage|p1a: Garganacl|55/100
|move|p1a: Garganacl|Salt Cure|p2a: Dondozo
|-damage|p2a: Dondozo|53/100
|-start|p2a: Dondozo|Salt Cure
|
|-weather|Snowscape|[upkeep]
|-heal|p1a: Garganacl|61/100|[from] item: Leftovers
|-heal|p2a: Dondozo|60/100|[from] item: Leftovers
|-damage|p2a: Dondozo|35/100|[from] Salt Cure
|upkeep
|turn|91
|
|t:|1760720391
|switch|p1a: Pecharunt|Pecharunt|36/100
|switch|p2a: Slowking|Slowking-Galar, L99, M|87/100
|
|-weather|Snowscape|[upkeep]
|upkeep
|turn|92
|
|t:|1760720403
|move|p1a: Pecharunt|Foul Play|p2a: Slowking
|-supereffective|p2a: Slowking
|-damage|p2a: Slowking|60/100
|move|p2a: Slowking|Future Sight|p1a: Pecharunt
|-start|p2a: Slowking|move: Future Sight
|
|-weather|none
|upkeep
|turn|93
|
|t:|1760720412
|switch|p2a: Dondozo|Dondozo, F|35/100
|-damage|p2a: Dondozo|22/100|[from] Stealth Rock
|move|p1a: Pecharunt|Recover|p1a: Pecharunt
|-heal|p1a: Pecharunt|86/100
|
|-heal|p2a: Dondozo|29/100|[from] item: Leftovers
|upkeep
|turn|94
|
|t:|1760720421
|move|p1a: Pecharunt|Parting Shot|p2a: Dondozo
|-unboost|p2a: Dondozo|atk|1
|-unboost|p2a: Dondozo|spa|1
|
|t:|1760720423
|switch|p1a: Garganacl|Garganacl, M, tera:Water|61/100|[from] Parting Shot
|-damage|p1a: Garganacl|49/100|[from] Stealth Rock
|move|p2a: Dondozo|Body Press|p1a: Garganacl
|-damage|p1a: Garganacl|30/100
|
|-end|p1a: Garganacl|move: Future Sight
|-damage|p1a: Garganacl|2/100
|-heal|p2a: Dondozo|35/100|[from] item: Leftovers
|-heal|p1a: Garganacl|8/100|[from] item: Leftovers
|upkeep
|turn|95
|
|t:|1760720433
|move|p1a: Garganacl|Protect|p1a: Garganacl
|-singleturn|p1a: Garganacl|Protect
|move|p2a: Dondozo|Body Press|p1a: Garganacl
|-activate|p1a: Garganacl|move: Protect
|
|-heal|p1a: Garganacl|14/100|[from] item: Leftovers
|-heal|p2a: Dondozo|41/100|[from] item: Leftovers
|upkeep
|turn|96
|
|t:|1760720443
|switch|p1a: Pecharunt|Pecharunt|86/100
|move|p2a: Dondozo|Body Press|p1a: Pecharunt
|-immune|p1a: Pecharunt
|
|-heal|p2a: Dondozo|47/100|[from] item: Leftovers
|upkeep
|turn|97
|
|t:|1760720451
|switch|p2a: Ting-Lu|Ting-Lu|68/100
|-damage|p2a: Ting-Lu|62/100|[from] Stealth Rock
|-ability|p2a: Ting-Lu|Vessel of Ruin
|move|p1a: Pecharunt|Parting Shot|p2a: Ting-Lu
|-unboost|p2a: Ting-Lu|atk|1
|-unboost|p2a: Ting-Lu|spa|1
|
|t:|1760720455
|switch|p1a: Cinderace|Cinderace, F|22/100|[from] Parting Shot
|
|-heal|p2a: Ting-Lu|68/100|[from] item: Leftovers
|upkeep
|turn|98
|
|t:|1760720464
|move|p1a: Cinderace|U-turn|p2a: Ting-Lu
|-start|p1a: Cinderace|typechange|Bug|[from] ability: Libero
|-supereffective|p2a: Ting-Lu
|-damage|p2a: Ting-Lu|30/100
|
|t:|1760720468
|switch|p1a: Gliscor|Gliscor, M|44/100 tox|[from] U-turn
|-damage|p1a: Gliscor|31/100 tox|[from] Stealth Rock
|move|p2a: Ting-Lu|Rest|p2a: Ting-Lu
|-status|p2a: Ting-Lu|slp|[from] move: Rest
|-heal|p2a: Ting-Lu|100/100 slp|[silent]
|
|-heal|p1a: Gliscor|44/100 tox|[from] ability: Poison Heal
|upkeep
|turn|99
|
|t:|1760720482
|switch|p2a: Dondozo|Dondozo, F|47/100
|-damage|p2a: Dondozo|35/100|[from] Stealth Rock
|move|p1a: Gliscor|Swords Dance|p1a: Gliscor
|-boost|p1a: Gliscor|atk|2
|
|-heal|p2a: Dondozo|41/100|[from] item: Leftovers
|-heal|p1a: Gliscor|56/100 tox|[from] ability: Poison Heal
|upkeep
|turn|100
|
|t:|1760720491
|switch|p1a: Pecharunt|Pecharunt|86/100
|move|p2a: Dondozo|Waterfall|p1a: Pecharunt
|-damage|p1a: Pecharunt|74/100
|
|-heal|p2a: Dondozo|47/100|[from] item: Leftovers
|upkeep
|turn|101
|
|t:|1760720500
|move|p1a: Pecharunt|Foul Play|p2a: Dondozo
|-damage|p2a: Dondozo|37/100
|move|p2a: Dondozo|Waterfall|p1a: Pecharunt
|-damage|p1a: Pecharunt|62/100
|
|-heal|p2a: Dondozo|43/100|[from] item: Leftovers
|upkeep
|turn|102
|
|t:|1760720510
|move|p1a: Pecharunt|Malignant Chain|p2a: Dondozo
|-damage|p2a: Dondozo|12/100
|move|p2a: Dondozo|Waterfall|p1a: Pecharunt
|-damage|p1a: Pecharunt|47/100
|
|-heal|p2a: Dondozo|19/100|[from] item: Leftovers
|upkeep
|turn|103
|
|t:|1760720519
|move|p1a: Pecharunt|Malignant Chain|p2a: Dondozo
|-damage|p2a: Dondozo|0 fnt
|faint|p2a: Dondozo
|
|upkeep
|
|t:|1760720529
|switch|p2a: Slowking|Slowking-Galar, L99, M|94/100
|turn|104
|
|t:|1760720543
|move|p1a: Pecharunt|Parting Shot|p2a: Slowking
|-unboost|p2a: Slowking|atk|1
|-unboost|p2a: Slowking|spa|1
|
|t:|1760720545
|switch|p1a: Garganacl|Garganacl, M, tera:Water|14/100|[from] Parting Shot
|-damage|p1a: Garganacl|2/100|[from] Stealth Rock
|move|p2a: Slowking|Future Sight|p1a: Garganacl
|-start|p2a: Slowking|move: Future Sight
|
|-heal|p1a: Garganacl|8/100|[from] item: Leftovers
|upkeep
|turn|105
|
|t:|1760720554
|move|p1a: Garganacl|Recover|p1a: Garganacl
|-heal|p1a: Garganacl|58/100
|move|p2a: Slowking|Toxic|p1a: Garganacl
|-immune|p1a: Garganacl|[from] ability: Purifying Salt
|
|-heal|p1a: Garganacl|64/100|[from] item: Leftovers
|upkeep
|turn|106
|
|t:|1760720563
|move|p1a: Garganacl|Protect|p1a: Garganacl
|-singleturn|p1a: Garganacl|Protect
|move|p2a: Slowking|Sludge Bomb|p1a: Garganacl
|-activate|p1a: Garganacl|move: Protect
|
|-end|p1a: Garganacl|move: Future Sight
|-damage|p1a: Garganacl|44/100
|-heal|p1a: Garganacl|50/100|[from] item: Leftovers
|upkeep
|turn|107
|
|t:|1760720572
|move|p1a: Garganacl|Salt Cure|p2a: Slowking
|-damage|p2a: Slowking|79/100
|-start|p2a: Slowking|Salt Cure
|move|p2a: Slowking|Future Sight|p1a: Garganacl
|-start|p2a: Slowking|move: Future Sight
|
|-heal|p1a: Garganacl|57/100|[from] item: Leftovers
|-damage|p2a: Slowking|67/100|[from] Salt Cure
|upkeep
|turn|108
|
|t:|1760720583
|switch|p1a: Cinderace|Cinderace, F|22/100
|-prepare|p2a: Slowking|Chilly Reception|[premajor]
|move|p2a: Slowking|Chilly Reception|p2a: Slowking
|-weather|Snowscape
|
|t:|1760720592
|switch|p2a: Ting-Lu|Ting-Lu|100/100 slp|[from] Chilly Reception
|-damage|p2a: Ting-Lu|94/100 slp|[from] Stealth Rock
|-ability|p2a: Ting-Lu|Vessel of Ruin
|
|-weather|Snowscape|[upkeep]
|-heal|p2a: Ting-Lu|100/100 slp|[from] item: Leftovers
|upkeep
|turn|109
|
|t:|1760720601
|move|p1a: Cinderace|U-turn|p2a: Ting-Lu
|-start|p1a: Cinderace|typechange|Bug|[from] ability: Libero
|-supereffective|p2a: Ting-Lu
|-damage|p2a: Ting-Lu|62/100 slp
|
|t:|1760720611
|switch|p1a: Garganacl|Garganacl, M, tera:Water|57/100|[from] U-turn
|-damage|p1a: Garganacl|44/100|[from] Stealth Rock
|cant|p2a: Ting-Lu|slp
|move|p2a: Ting-Lu|Sleep Talk|p2a: Ting-Lu
|move|p2a: Ting-Lu|Earthquake|p1a: Garganacl|[from] move: Sleep Talk
|-damage|p1a: Garganacl|18/100
|
|-weather|Snowscape|[upkeep]
|-end|p1a: Garganacl|move: Future Sight
|-damage|p1a: Garganacl|0 fnt
|faint|p1a: Garganacl
|-heal|p2a: Ting-Lu|68/100 slp|[from] item: Leftovers
|upkeep
|
|t:|1760720619
|switch|p1a: Gliscor|Gliscor, M|56/100 tox
|-damage|p1a: Gliscor|44/100 tox|[from] Stealth Rock
|turn|110
|
|t:|1760720628
|move|p1a: Gliscor|Swords Dance|p1a: Gliscor
|-boost|p1a: Gliscor|atk|2
|cant|p2a: Ting-Lu|slp
|move|p2a: Ting-Lu|Sleep Talk|p2a: Ting-Lu
|move|p2a: Ting-Lu|Earthquake|p1a: Gliscor|[from] move: Sleep Talk
|-immune|p1a: Gliscor
|
|-weather|Snowscape|[upkeep]
|-heal|p2a: Ting-Lu|74/100 slp|[from] item: Leftovers
|-heal|p1a: Gliscor|56/100 tox|[from] ability: Poison Heal
|upkeep
|turn|111
|
|t:|1760720637
|move|p1a: Gliscor|Swords Dance|p1a: Gliscor
|-boost|p1a: Gliscor|atk|2
|-curestatus|p2a: Ting-Lu|slp|[msg]
|move|p2a: Ting-Lu|Rest|p2a: Ting-Lu
|-status|p2a: Ting-Lu|slp|[from] move: Rest
|-heal|p2a: Ting-Lu|100/100 slp|[silent]
|
|-weather|Snowscape|[upkeep]
|-heal|p1a: Gliscor|69/100 tox|[from] ability: Poison Heal
|upkeep
|turn|112
|
|t:|1760720646
|switch|p2a: Corviknight|Corviknight, F|76/100
|-damage|p2a: Corviknight|63/100|[from] Stealth Rock
|-ability|p2a: Corviknight|Pressure
|move|p1a: Gliscor|Swords Dance|p1a: Gliscor
|-boost|p1a: Gliscor|atk|2
|
|-weather|none
|-heal|p1a: Gliscor|81/100 tox|[from] ability: Poison Heal
|upkeep
|turn|113
|
|t:|1760720655
|move|p1a: Gliscor|Facade|p2a: Corviknight
|-resisted|p2a: Corviknight
|-damage|p2a: Corviknight|21/100
|move|p2a: Corviknight|Roost|p2a: Corviknight
|-heal|p2a: Corviknight|71/100
|-singleturn|p2a: Corviknight|move: Roost
|
|-heal|p1a: Gliscor|94/100 tox|[from] ability: Poison Heal
|upkeep
|turn|114
|
|t:|1760720665
|move|p1a: Gliscor|Facade|p2a: Corviknight
|-resisted|p2a: Corviknight
|-damage|p2a: Corviknight|28/100
|move|p2a: Corviknight|Roost|p2a: Corviknight
|-heal|p2a: Corviknight|78/100
|-singleturn|p2a: Corviknight|move: Roost
|
|-heal|p1a: Gliscor|100/100 tox|[from] ability: Poison Heal
|upkeep
|turn|115
|
|t:|1760720674
|move|p1a: Gliscor|Facade|p2a: Corviknight
|-resisted|p2a: Corviknight
|-damage|p2a: Corviknight|36/100
|move|p2a: Corviknight|Roost|p2a: Corviknight
|-heal|p2a: Corviknight|86/100
|-singleturn|p2a: Corviknight|move: Roost
|
|upkeep
|turn|116
|
|t:|1760720683
|move|p1a: Gliscor|Facade|p2a: Corviknight
|-resisted|p2a: Corviknight
|-damage|p2a: Corviknight|45/100
|move|p2a: Corviknight|Roost|p2a: Corviknight
|-heal|p2a: Corviknight|95/100
|-singleturn|p2a: Corviknight|move: Roost
|
|upkeep
|turn|117
|
|t:|1760720692
|move|p1a: Gliscor|Facade|p2a: Corviknight
|-resisted|p2a: Corviknight
|-damage|p2a: Corviknight|55/100
|move|p2a: Corviknight|Roost|p2a: Corviknight
|-heal|p2a: Corviknight|100/100
|-singleturn|p2a: Corviknight|move: Roost
|
|upkeep
|turn|118
|
|t:|1760720702
|move|p1a: Gliscor|Facade|p2a: Corviknight
|-resisted|p2a: Corviknight
|-damage|p2a: Corviknight|56/100
|move|p2a: Corviknight|U-turn|p1a: Gliscor
|-resisted|p1a: Gliscor
|-damage|p1a: Gliscor|95/100 tox
|j| Lario
|
|t:|1760720711
|switch|p2a: Ting-Lu|Ting-Lu|100/100 slp|[from] U-turn
|-damage|p2a: Ting-Lu|94/100 slp|[from] Stealth Rock
|-ability|p2a: Ting-Lu|Vessel of Ruin
|
|-heal|p2a: Ting-Lu|100/100 slp|[from] item: Leftovers
|-heal|p1a: Gliscor|100/100 tox|[from] ability: Poison Heal
|upkeep
|turn|119
|
|t:|1760720720
|move|p1a: Gliscor|Earthquake|p2a: Ting-Lu
|-damage|p2a: Ting-Lu|22/100 slp
|cant|p2a: Ting-Lu|slp
|move|p2a: Ting-Lu|Sleep Talk|p2a: Ting-Lu
|move|p2a: Ting-Lu|Earthquake|p1a: Gliscor|[from] move: Sleep Talk
|-immune|p1a: Gliscor
|
|-heal|p2a: Ting-Lu|28/100 slp|[from] item: Leftovers
|upkeep
|turn|120
|
|t:|1760720728
|switch|p2a: Corviknight|Corviknight, F|56/100
|-damage|p2a: Corviknight|44/100|[from] Stealth Rock
|-ability|p2a: Corviknight|Pressure
|move|p1a: Gliscor|Facade|p2a: Corviknight
|-resisted|p2a: Corviknight
|-damage|p2a: Corviknight|5/100
|
|upkeep
|turn|121
|
|t:|1760720736
|move|p1a: Gliscor|Facade|p2a: Corviknight
|-resisted|p2a: Corviknight
|-damage|p2a: Corviknight|0 fnt
|faint|p2a: Corviknight
|
|upkeep
|
|t:|1760720743
|switch|p2a: Ting-Lu|Ting-Lu|28/100 slp
|-damage|p2a: Ting-Lu|22/100 slp|[from] Stealth Rock
|-ability|p2a: Ting-Lu|Vessel of Ruin
|turn|122
|
|t:|1760720750
|switch|p2a: Slowking|Slowking-Galar, L99, M|99/100
|move|p1a: Gliscor|Earthquake|p2a: Slowking
|-supereffective|p2a: Slowking
|-damage|p2a: Slowking|0 fnt
|faint|p2a: Slowking
|
|upkeep
|
|t:|1760720756
|switch|p2a: Ting-Lu|Ting-Lu|22/100 slp
|-damage|p2a: Ting-Lu|15/100 slp|[from] Stealth Rock
|-ability|p2a: Ting-Lu|Vessel of Ruin
|turn|123
|
|t:|1760720760
|move|p1a: Gliscor|Earthquake|p2a: Ting-Lu
|-damage|p2a: Ting-Lu|0 fnt
|faint|p2a: Ting-Lu
|
|win|jojonotsuck
|raw|jojonotsuck's rating: 1678 &rarr; <strong>1700</strong><br />(+22 for winning)
|raw|SpongeGar &amp; Patar's rating: 1713 &rarr; <strong>1691</strong><br />(-22 for losing)
|l|☆SpongeGar & Patar
|player|p2|
|c|☆jojonotsuck|GLISCOOOR
|l|☆jojonotsuck
|player|p1|
|l| LT123VB 87
|l| Ggtggg
