|j|☆G1 Forever
|j|☆Crocodile E
|t:|1760867310
|gametype|singles
|player|p1|G1 Forever|unknown|1641
|player|p2|Crocodile E|boarder|1649
|gen|9
|tier|[Gen 9] OU
|rated|
|rule|HP Percentage Mod: HP is shown in percentages
|rule|Endless Battle Clause: Forcing endless battles is banned
|rule|Species Clause: Limit one of each Pokémon
|rule|OHKO Clause: OHKO moves are banned
|rule|Evasion Items Clause: Evasion items are banned
|rule|Evasion Moves Clause: Evasion moves are banned
|rule|Evasion Abilities Clause: Evasion abilities are banned
|rule|Sleep Moves Clause: Sleep-inducing moves are banned
|clearpoke
|poke|p1|Darkrai|
|poke|p1|Ogerpon-Wellspring, F|
|poke|p1|Garchomp, M|
|poke|p1|Clefable, M|
|poke|p1|Pecharunt|
|poke|p1|Iron Crown|
|poke|p2|Deoxys-Speed|
|poke|p2|Gholdengo|
|poke|p2|Ting-Lu|
|poke|p2|Ogerpon-Wellspring, F|
|poke|p2|Kingambit, M|
|poke|p2|Raging Bolt|
|teampreview
|inactive|Battle timer is ON: inactive players will automatically lose when time's up. (requested by Crocodile E)
|
|t:|1760867314
|teamsize|p1|6
|teamsize|p2|6
|start
|switch|p1a: Iron Crown|Iron Crown|100/100
|switch|p2a: Deoxys|Deoxys-Speed|100/100
|-ability|p2a: Deoxys|Pressure
|turn|1
|
|t:|1760867320
|move|p1a: Iron Crown|Tachyon Cutter|p2a: Deoxys
|-damage|p2a: Deoxys|59/100
|-damage|p2a: Deoxys|15/100
|-hitcount|p2a: Deoxys|2
|move|p2a: Deoxys|Knock Off|p1a: Iron Crown
|-supereffective|p1a: Iron Crown
|-damage|p1a: Iron Crown|36/100
|-enditem|p1a: Iron Crown|Choice Scarf|[from] move: Knock Off|[of] p2a: Deoxys
|
|upkeep
|turn|2
|
|t:|1760867327
|move|p2a: Deoxys|Knock Off|p1a: Iron Crown
|-supereffective|p1a: Iron Crown
|-damage|p1a: Iron Crown|0 fnt
|faint|p1a: Iron Crown
|-end|p1a: Iron Crown|Quark Drive|[silent]
|
|upkeep
|
|t:|1760867332
|switch|p1a: Darkrai|Darkrai|100/100
|turn|3
|
|t:|1760867335
|move|p2a: Deoxys|Superpower|p1a: Darkrai
|-supereffective|p1a: Darkrai
|-damage|p1a: Darkrai|19/100
|-unboost|p2a: Deoxys|atk|1
|-unboost|p2a: Deoxys|def|1
|move|p1a: Darkrai|Dark Pulse|p2a: Deoxys
|-supereffective|p2a: Deoxys
|-damage|p2a: Deoxys|0 fnt
|faint|p2a: Deoxys
|
|-heal|p1a: Darkrai|26/100|[from] item: Leftovers
|upkeep
|
|t:|1760867342
|switch|p2a: Ting-Lu|Ting-Lu|100/100
|-ability|p2a: Ting-Lu|Vessel of Ruin
|turn|4
|
|t:|1760867349
|move|p1a: Darkrai|Taunt|p2a: Ting-Lu
|-start|p2a: Ting-Lu|move: Taunt
|cant|p2a: Ting-Lu|move: Taunt|Stealth Rock
|
|-heal|p1a: Darkrai|32/100|[from] item: Leftovers
|upkeep
|turn|5
|
|t:|1760867355
|switch|p1a: Ogerpon|Ogerpon-Wellspring, F|100/100
|move|p2a: Ting-Lu|Earthquake|p1a: Ogerpon
|-resisted|p1a: Ogerpon
|-damage|p1a: Ogerpon|76/100
|
|upkeep
|turn|6
|
|t:|1760867361
|switch|p2a: Ogerpon|Ogerpon-Wellspring, F|100/100
|move|p1a: Ogerpon|Knock Off|p2a: Ogerpon
|-damage|p2a: Ogerpon|64/100
|
|upkeep
|turn|7
|
|t:|1760867367
|move|p2a: Ogerpon|Horn Leech|p1a: Ogerpon
|-damage|p1a: Ogerpon|17/100
|-heal|p2a: Ogerpon|94/100|[from] drain|[of] p1a: Ogerpon
|move|p1a: Ogerpon|Horn Leech|p2a: Ogerpon
|-damage|p2a: Ogerpon|34/100
|-heal|p1a: Ogerpon|47/100|[from] drain|[of] p2a: Ogerpon
|
|upkeep
|turn|8
|
|t:|1760867375
|switch|p1a: Garchomp|Garchomp, M|100/100
|move|p2a: Ogerpon|Horn Leech|p1a: Garchomp
|-damage|p1a: Garchomp|68/100
|-heal|p2a: Ogerpon|56/100|[from] drain|[of] p1a: Garchomp
|-damage|p2a: Ogerpon|44/100|[from] ability: Rough Skin|[of] p1a: Garchomp
|-damage|p2a: Ogerpon|27/100|[from] item: Rocky Helmet|[of] p1a: Garchomp
|
|upkeep
|turn|9
|
|t:|1760867387
|switch|p1a: Pecharunt|Pecharunt|100/100
|-item|p1a: Pecharunt|Air Balloon
|move|p2a: Ogerpon|Ivy Cudgel|p1a: Pecharunt|[anim] Ivy Cudgel Water
|-damage|p1a: Pecharunt|73/100
|-enditem|p1a: Pecharunt|Air Balloon
|
|upkeep
|turn|10
|
|t:|1760867395
|switch|p2a: Ting-Lu|Ting-Lu|100/100
|-ability|p2a: Ting-Lu|Vessel of Ruin
|move|p1a: Pecharunt|Parting Shot|p2a: Ting-Lu
|-unboost|p2a: Ting-Lu|atk|1
|-unboost|p2a: Ting-Lu|spa|1
|
|t:|1760867401
|switch|p1a: Ogerpon|Ogerpon-Wellspring, F|47/100|[from] Parting Shot
|
|upkeep
|turn|11
|
|t:|1760867407
|switch|p2a: Gholdengo|Gholdengo|100/100
|-item|p2a: Gholdengo|Air Balloon
|move|p1a: Ogerpon|Horn Leech|p2a: Gholdengo
|-resisted|p2a: Gholdengo
|-damage|p2a: Gholdengo|85/100
|-heal|p1a: Ogerpon|57/100|[from] drain|[of] p2a: Gholdengo
|-enditem|p2a: Gholdengo|Air Balloon
|
|upkeep
|turn|12
|
|t:|1760867418
|move|p1a: Ogerpon|Ivy Cudgel|p2a: Gholdengo|[anim] Ivy Cudgel Water
|-damage|p2a: Gholdengo|39/100
|move|p2a: Gholdengo|Shadow Ball|p1a: Ogerpon
|-damage|p1a: Ogerpon|16/100
|
|upkeep
|turn|13
|
|t:|1760867425
|move|p1a: Ogerpon|Knock Off|p2a: Gholdengo
|-supereffective|p2a: Gholdengo
|-damage|p2a: Gholdengo|1/100
|move|p2a: Gholdengo|Recover|p2a: Gholdengo
|-heal|p2a: Gholdengo|51/100
|
|upkeep
|turn|14
|
|t:|1760867436
|move|p1a: Ogerpon|U-turn|p2a: Gholdengo
|-resisted|p2a: Gholdengo
|-damage|p2a: Gholdengo|46/100
|
|t:|1760867444
|switch|p1a: Darkrai|Darkrai|32/100|[from] U-turn
|move|p2a: Gholdengo|Recover|p2a: Gholdengo
|-heal|p2a: Gholdengo|96/100
|
|-heal|p1a: Darkrai|38/100|[from] item: Leftovers
|upkeep
|turn|15
|
|t:|1760867454
|switch|p2a: Ting-Lu|Ting-Lu|100/100
|-ability|p2a: Ting-Lu|Vessel of Ruin
|move|p1a: Darkrai|Dark Pulse|p2a: Ting-Lu
|-resisted|p2a: Ting-Lu
|-damage|p2a: Ting-Lu|92/100
|
|-heal|p1a: Darkrai|44/100|[from] item: Leftovers
|-heal|p2a: Ting-Lu|99/100|[from] item: Leftovers
|upkeep
|turn|16
|
|t:|1760867463
|switch|p1a: Ogerpon|Ogerpon-Wellspring, F|16/100
|move|p2a: Ting-Lu|Earthquake|p1a: Ogerpon
|-resisted|p1a: Ogerpon
|-damage|p1a: Ogerpon|0 fnt
|faint|p1a: Ogerpon
|
|-heal|p2a: Ting-Lu|100/100|[from] item: Leftovers
|upkeep
|
|t:|1760867471
|switch|p1a: Pecharunt|Pecharunt|73/100
|turn|17
|
|t:|1760867473
|move|p1a: Pecharunt|Malignant Chain|p2a: Ting-Lu
|-resisted|p2a: Ting-Lu
|-damage|p2a: Ting-Lu|94/100
|-status|p2a: Ting-Lu|tox
|-start|p2a: Ting-Lu|confusion|[from] ability: Poison Puppeteer|[of] p1a: Pecharunt
|-activate|p2a: Ting-Lu|confusion
|move|p2a: Ting-Lu|Stealth Rock|p1a: Pecharunt
|-sidestart|p1: G1 Forever|move: Stealth Rock
|
|-heal|p2a: Ting-Lu|99/100 tox|[from] item: Leftovers
|-damage|p2a: Ting-Lu|94/100 tox|[from] psn
|upkeep
|turn|18
|
|t:|1760867484
|switch|p2a: Gholdengo|Gholdengo|96/100
|move|p1a: Pecharunt|Parting Shot|p2a: Gholdengo
|-immune|p2a: Gholdengo|[from] ability: Good as Gold
|
|upkeep
|turn|19
|
|t:|1760867493
|move|p2a: Gholdengo|Make It Rain|p1a: Pecharunt
|-damage|p1a: Pecharunt|19/100
|-unboost|p2a: Gholdengo|spa|1
|move|p1a: Pecharunt|Hex|p2a: Gholdengo
|-supereffective|p2a: Gholdengo
|-damage|p2a: Gholdengo|54/100
|
|upkeep
|turn|20
|
|t:|1760867503
|switch|p1a: Darkrai|Darkrai|44/100
|-damage|p1a: Darkrai|32/100|[from] Stealth Rock
|move|p2a: Gholdengo|Make It Rain|p1a: Darkrai
|-damage|p1a: Darkrai|0 fnt
|-unboost|p2a: Gholdengo|spa|1
|faint|p1a: Darkrai
|
|upkeep
|
|t:|1760867512
|switch|p1a: Garchomp|Garchomp, M|68/100
|-damage|p1a: Garchomp|62/100|[from] Stealth Rock
|turn|21
|
|t:|1760867516
|switch|p2a: Ting-Lu|Ting-Lu|94/100 tox
|-ability|p2a: Ting-Lu|Vessel of Ruin
|move|p1a: Garchomp|Stealth Rock|p2a: Ting-Lu
|-sidestart|p2: Crocodile E|move: Stealth Rock
|
|-heal|p2a: Ting-Lu|99/100 tox|[from] item: Leftovers
|-damage|p2a: Ting-Lu|94/100 tox|[from] psn
|upkeep
|turn|22
|j| iamfrhaan007
|
|t:|1760867524
|move|p1a: Garchomp|Spikes|p2a: Ting-Lu
|-sidestart|p2: Crocodile E|Spikes
|move|p2a: Ting-Lu|Whirlwind|p1a: Garchomp
|drag|p1a: Clefable|Clefable, M|100/100
|-damage|p1a: Clefable|88/100|[from] Stealth Rock
|
|-heal|p1a: Clefable|94/100|[from] item: Leftovers
|-heal|p2a: Ting-Lu|99/100 tox|[from] item: Leftovers
|-damage|p2a: Ting-Lu|88/100 tox|[from] psn
|upkeep
|turn|23
|
|t:|1760867532
|move|p1a: Clefable|Moonblast|p2a: Ting-Lu
|-supereffective|p2a: Ting-Lu
|-damage|p2a: Ting-Lu|61/100 tox
|move|p2a: Ting-Lu|Ruination|p1a: Clefable
|-damage|p1a: Clefable|47/100
|
|-heal|p1a: Clefable|54/100|[from] item: Leftovers
|-heal|p2a: Ting-Lu|67/100 tox|[from] item: Leftovers
|-damage|p2a: Ting-Lu|48/100 tox|[from] psn
|upkeep
|turn|24
|
|t:|1760867541
|switch|p2a: Gholdengo|Gholdengo|54/100
|-damage|p2a: Gholdengo|48/100|[from] Stealth Rock
|-damage|p2a: Gholdengo|36/100|[from] Spikes
|move|p1a: Clefable|Moonlight|p1a: Clefable
|-heal|p1a: Clefable|100/100
|
|upkeep
|turn|25
|
|t:|1760867548
|switch|p1a: Pecharunt|Pecharunt|19/100
|-damage|p1a: Pecharunt|7/100|[from] Stealth Rock
|move|p2a: Gholdengo|Recover|p2a: Gholdengo
|-heal|p2a: Gholdengo|86/100
|
|upkeep
|turn|26
|
|t:|1760867555
|move|p2a: Gholdengo|Shadow Ball|p1a: Pecharunt
|-supereffective|p1a: Pecharunt
|-damage|p1a: Pecharunt|0 fnt
|faint|p1a: Pecharunt
|
|upkeep
|
|t:|1760867559
|switch|p1a: Garchomp|Garchomp, M|62/100
|-damage|p1a: Garchomp|56/100|[from] Stealth Rock
|turn|27
|l| iamfrhaan007
|
|t:|1760867564
|-terastallize|p2a: Gholdengo|Fairy
|move|p1a: Garchomp|Earthquake|p2a: Gholdengo
|-damage|p2a: Gholdengo|55/100
|move|p2a: Gholdengo|Make It Rain|p1a: Garchomp
|-damage|p1a: Garchomp|5/100
|-unboost|p2a: Gholdengo|spa|1
|
|upkeep
|turn|28
|j| iamfrhaan007
|
|t:|1760867580
|move|p1a: Garchomp|Earthquake|p2a: Gholdengo
|-damage|p2a: Gholdengo|21/100
|move|p2a: Gholdengo|Recover|p2a: Gholdengo
|-heal|p2a: Gholdengo|71/100
|
|upkeep
|turn|29
|
|t:|1760867586
|move|p1a: Garchomp|Spikes|p2a: Gholdengo
|-sidestart|p2: Crocodile E|Spikes
|move|p2a: Gholdengo|Shadow Ball|p1a: Garchomp
|-damage|p1a: Garchomp|0 fnt
|faint|p1a: Garchomp
|
|upkeep
|
|t:|1760867592
|switch|p1a: Clefable|Clefable, M|100/100
|-damage|p1a: Clefable|88/100|[from] Stealth Rock
|turn|30
|
|t:|1760867600
|-terastallize|p1a: Clefable|Fire
|move|p2a: Gholdengo|Make It Rain|p1a: Clefable
|-resisted|p1a: Clefable
|-damage|p1a: Clefable|65/100
|-unboost|p2a: Gholdengo|spa|1
|move|p1a: Clefable|Calm Mind|p1a: Clefable
|-boost|p1a: Clefable|spa|1
|-boost|p1a: Clefable|spd|1
|
|-heal|p1a: Clefable|71/100|[from] item: Leftovers
|upkeep
|turn|31
|l| iamfrhaan007
|
|t:|1760867610
|switch|p2a: Ogerpon|Ogerpon-Wellspring, F|27/100
|-damage|p2a: Ogerpon|15/100|[from] Stealth Rock
|-damage|p2a: Ogerpon|0 fnt|[from] Spikes
|faint|p2a: Ogerpon
|move|p1a: Clefable|Calm Mind|p1a: Clefable
|-boost|p1a: Clefable|spa|1
|-boost|p1a: Clefable|spd|1
|
|-heal|p1a: Clefable|77/100|[from] item: Leftovers
|upkeep
|
|t:|1760867615
|switch|p2a: Ting-Lu|Ting-Lu|48/100 tox
|-damage|p2a: Ting-Lu|42/100 tox|[from] Stealth Rock
|-damage|p2a: Ting-Lu|25/100 tox|[from] Spikes
|-ability|p2a: Ting-Lu|Vessel of Ruin
|turn|32
|
|t:|1760867624
|move|p1a: Clefable|Moonblast|p2a: Ting-Lu
|-supereffective|p2a: Ting-Lu
|-damage|p2a: Ting-Lu|0 fnt
|faint|p2a: Ting-Lu
|
|-heal|p1a: Clefable|83/100|[from] item: Leftovers
|upkeep
|
|t:|1760867626
|switch|p2a: Kingambit|Kingambit, M|100/100
|-damage|p2a: Kingambit|94/100|[from] Stealth Rock
|-damage|p2a: Kingambit|78/100|[from] Spikes
|-activate|p2a: Kingambit|ability: Supreme Overlord
|-start|p2a: Kingambit|fallen3|[silent]
|turn|33
|
|t:|1760867634
|move|p2a: Kingambit|Kowtow Cleave|p1a: Clefable
|-damage|p1a: Clefable|34/100
|move|p1a: Clefable|Flamethrower|p2a: Kingambit
|-supereffective|p2a: Kingambit
|-damage|p2a: Kingambit|0 fnt
|faint|p2a: Kingambit
|-end|p2a: Kingambit|fallen3|[silent]
|
|-heal|p1a: Clefable|40/100|[from] item: Leftovers
|upkeep
|
|t:|1760867638
|switch|p2a: Raging Bolt|Raging Bolt|100/100
|-damage|p2a: Raging Bolt|88/100|[from] Stealth Rock
|-damage|p2a: Raging Bolt|72/100|[from] Spikes
|turn|34
|
|t:|1760867647
|move|p2a: Raging Bolt|Draco Meteor|p1a: Clefable
|-damage|p1a: Clefable|4/100
|-unboost|p2a: Raging Bolt|spa|2
|move|p1a: Clefable|Moonlight|p1a: Clefable
|-heal|p1a: Clefable|54/100
|
|-heal|p2a: Raging Bolt|78/100|[from] item: Leftovers
|-heal|p1a: Clefable|60/100|[from] item: Leftovers
|upkeep
|turn|35
|
|t:|1760867656
|move|p2a: Raging Bolt|Draco Meteor|p1a: Clefable
|-damage|p1a: Clefable|21/100
|-unboost|p2a: Raging Bolt|spa|2
|move|p1a: Clefable|Moonlight|p1a: Clefable
|-heal|p1a: Clefable|71/100
|
|-heal|p2a: Raging Bolt|84/100|[from] item: Leftovers
|-heal|p1a: Clefable|77/100|[from] item: Leftovers
|upkeep
|turn|36
|
|t:|1760867664
|move|p2a: Raging Bolt|Draco Meteor|p1a: Clefable
|-damage|p1a: Clefable|40/100
|-unboost|p2a: Raging Bolt|spa|2
|move|p1a: Clefable|Moonlight|p1a: Clefable
|-heal|p1a: Clefable|90/100
|
|-heal|p2a: Raging Bolt|90/100|[from] item: Leftovers
|-heal|p1a: Clefable|96/100|[from] item: Leftovers
|upkeep
|turn|37
|
|t:|1760867673
|move|p2a: Raging Bolt|Draco Meteor|p1a: Clefable|[miss]
|-miss|p2a: Raging Bolt|p1a: Clefable
|move|p1a: Clefable|Moonlight|p1a: Clefable
|-heal|p1a: Clefable|100/100
|
|-heal|p2a: Raging Bolt|97/100|[from] item: Leftovers
|upkeep
|turn|38
|
|t:|1760867679
|move|p2a: Raging Bolt|Draco Meteor|p1a: Clefable
|-damage|p1a: Clefable|61/100
|move|p1a: Clefable|Moonblast|p2a: Raging Bolt
|-supereffective|p2a: Raging Bolt
|-damage|p2a: Raging Bolt|0 fnt
|faint|p2a: Raging Bolt
|-end|p2a: Raging Bolt|Protosynthesis|[silent]
|
|-heal|p1a: Clefable|67/100|[from] item: Leftovers
|upkeep
|
|t:|1760867683
|switch|p2a: Gholdengo|Gholdengo, tera:Fairy|71/100
|-damage|p2a: Gholdengo|59/100|[from] Stealth Rock
|-damage|p2a: Gholdengo|42/100|[from] Spikes
|turn|39
|
|t:|1760867691
|move|p2a: Gholdengo|Shadow Ball|p1a: Clefable
|-damage|p1a: Clefable|51/100
|-unboost|p1a: Clefable|spd|1
|move|p1a: Clefable|Flamethrower|p2a: Gholdengo
|-damage|p2a: Gholdengo|0 fnt
|faint|p2a: Gholdengo
|
|win|G1 Forever
|raw|G1 Forever's rating: 1641 &rarr; <strong>1661</strong><br />(+20 for winning)
|raw|Crocodile E's rating: 1649 &rarr; <strong>1629</strong><br />(-20 for losing)
|l|☆Crocodile E
|player|p2|
|l|☆G1 Forever
|player|p1|
