|j|☆Tsoxatsat
|j|☆kills your
|t:|1760841987
|gametype|singles
|player|p1|Tsoxatsat|170|1407
|player|p2|kills your|iono|1380
|gen|9
|tier|[Gen 9] OU
|rated|
|rule|HP Percentage Mod: HP is shown in percentages
|rule|Endless Battle Clause: Forcing endless battles is banned
|rule|Species Clause: Limit one of each Pokémon
|rule|OHKO Clause: OHKO moves are banned
|rule|Evasion Items Clause: Evasion items are banned
|rule|Evasion Moves Clause: Evasion moves are banned
|rule|Evasion Abilities Clause: Evasion abilities are banned
|rule|Sleep Moves Clause: Sleep-inducing moves are banned
|clearpoke
|poke|p1|Hatterene, F|
|poke|p1|Iron Treads|
|poke|p1|Dragonite, M|
|poke|p1|Iron Valiant|
|poke|p1|Ogerpon-Wellspring, F|
|poke|p1|Weavile, F|
|poke|p2|Ninetales, M|
|poke|p2|Hatterene, F|
|poke|p2|Leafeon, M|
|poke|p2|Raging Bolt|
|poke|p2|Great Tusk|
|poke|p2|Walking Wake|
|teampreview
|inactive|Battle timer is ON: inactive players will automatically lose when time's up. (requested by Tsoxatsat)
|
|t:|1760841994
|teamsize|p1|6
|teamsize|p2|6
|start
|switch|p1a: Dragonite|Dragonite, M|100/100
|switch|p2a: Ninetales|Ninetales, M|100/100
|-weather|SunnyDay|[from] ability: Drought|[of] p2a: Ninetales
|turn|1
|
|t:|1760841997
|move|p2a: Ninetales|Will-O-Wisp|p1a: Dragonite
|-status|p1a: Dragonite|brn
|move|p1a: Dragonite|Draco Meteor|p2a: Ninetales
|-damage|p2a: Ninetales|0 fnt
|-unboost|p1a: Dragonite|spa|2
|faint|p2a: Ninetales
|
|-weather|SunnyDay|[upkeep]
|-damage|p1a: Dragonite|94/100 brn|[from] brn
|upkeep
|
|t:|1760842006
|switch|p2a: Leafeon|Leafeon, M|100/100
|turn|2
|
|t:|1760842008
|move|p2a: Leafeon|Swords Dance|p2a: Leafeon
|-boost|p2a: Leafeon|atk|2
|move|p1a: Dragonite|Draco Meteor|p2a: Leafeon
|-damage|p2a: Leafeon|25/100
|-unboost|p1a: Dragonite|spa|2
|
|-weather|SunnyDay|[upkeep]
|-damage|p1a: Dragonite|88/100 brn|[from] brn
|upkeep
|turn|3
|
|t:|1760842013
|move|p2a: Leafeon|Synthesis|p2a: Leafeon
|-heal|p2a: Leafeon|92/100
|move|p1a: Dragonite|Draco Meteor|p2a: Leafeon
|-damage|p2a: Leafeon|32/100
|-unboost|p1a: Dragonite|spa|2
|
|-weather|SunnyDay|[upkeep]
|-damage|p1a: Dragonite|82/100 brn|[from] brn
|upkeep
|turn|4
|
|t:|1760842018
|switch|p1a: Hatterene|Hatterene, F|100/100
|move|p2a: Leafeon|Synthesis|p2a: Leafeon
|-heal|p2a: Leafeon|99/100
|
|-weather|SunnyDay|[upkeep]
|upkeep
|turn|5
|
|t:|1760842032
|move|p2a: Leafeon|Solar Blade||[still]
|-prepare|p2a: Leafeon|Solar Blade
|-anim|p2a: Leafeon|Solar Blade|p1a: Hatterene
|-damage|p1a: Hatterene|0 fnt
|-damage|p2a: Leafeon|82/100|[from] item: Rocky Helmet|[of] p1a: Hatterene
|faint|p1a: Hatterene
|-damage|p2a: Leafeon|72/100|[from] item: Life Orb
|
|-weather|SunnyDay|[upkeep]
|upkeep
|
|t:|1760842036
|switch|p1a: Dragonite|Dragonite, M|82/100 brn
|turn|6
|
|t:|1760842043
|switch|p2a: Hatterene|Hatterene, F|100/100
|move|p1a: Dragonite|Fire Blast|p2a: Hatterene
|-damage|p2a: Hatterene|20/100
|-enditem|p2a: Hatterene|Eject Button
|
|t:|1760842047
|switch|p2a: Raging Bolt|Raging Bolt|100/100
|-activate|p2a: Raging Bolt|ability: Protosynthesis
|-start|p2a: Raging Bolt|protosynthesisspa
|
|-weather|SunnyDay|[upkeep]
|-damage|p1a: Dragonite|76/100 brn|[from] brn
|upkeep
|turn|7
|
|t:|1760842052
|switch|p1a: Iron Treads|Iron Treads|100/100
|move|p2a: Raging Bolt|Weather Ball|p1a: Iron Treads
|-supereffective|p1a: Iron Treads
|-damage|p1a: Iron Treads|0 fnt
|faint|p1a: Iron Treads
|-end|p1a: Iron Treads|Quark Drive|[silent]
|
|-weather|SunnyDay|[upkeep]
|upkeep
|
|t:|1760842057
|switch|p1a: Weavile|Weavile, F|100/100
|-ability|p1a: Weavile|Pressure
|turn|8
|
|t:|1760842082
|-terastallize|p2a: Raging Bolt|Fairy
|move|p1a: Weavile|Triple Axel|p2a: Raging Bolt
|-damage|p2a: Raging Bolt|86/100
|-hitcount|p2a: Raging Bolt|1
|move|p2a: Raging Bolt|Weather Ball|p1a: Weavile
|-supereffective|p1a: Weavile
|-damage|p1a: Weavile|0 fnt
|faint|p1a: Weavile
|
|-weather|none
|-end|p2a: Raging Bolt|Protosynthesis
|upkeep
|
|t:|1760842092
|switch|p1a: Iron Valiant|Iron Valiant|100/100
|-enditem|p1a: Iron Valiant|Booster Energy
|-activate|p1a: Iron Valiant|ability: Quark Drive|[fromitem]
|-start|p1a: Iron Valiant|quarkdrivespe
|turn|9
|
|t:|1760842097
|move|p1a: Iron Valiant|Calm Mind|p1a: Iron Valiant
|-boost|p1a: Iron Valiant|spa|1
|-boost|p1a: Iron Valiant|spd|1
|move|p2a: Raging Bolt|Volt Switch|p1a: Iron Valiant
|-damage|p1a: Iron Valiant|53/100
|
|t:|1760842112
|-end|p2a: Raging Bolt|Protosynthesis|[silent]
|switch|p2a: Leafeon|Leafeon, M|72/100|[from] Volt Switch
|
|upkeep
|turn|10
|
|t:|1760842123
|switch|p2a: Hatterene|Hatterene, F|20/100
|move|p1a: Iron Valiant|Moonblast|p2a: Hatterene
|-damage|p2a: Hatterene|0 fnt
|faint|p2a: Hatterene
|
|upkeep
|
|t:|1760842125
|switch|p2a: Raging Bolt|Raging Bolt, tera:Fairy|86/100
|turn|11
|
|t:|1760842131
|move|p1a: Iron Valiant|Moonblast|p2a: Raging Bolt
|-damage|p2a: Raging Bolt|37/100
|move|p2a: Raging Bolt|Weather Ball|p1a: Iron Valiant
|-damage|p1a: Iron Valiant|27/100
|
|upkeep
|turn|12
|
|t:|1760842136
|move|p1a: Iron Valiant|Moonblast|p2a: Raging Bolt
|-damage|p2a: Raging Bolt|0 fnt
|faint|p2a: Raging Bolt
|-end|p2a: Raging Bolt|Protosynthesis|[silent]
|
|upkeep
|-message|kills your forfeited.
|
|win|Tsoxatsat
|raw|Tsoxatsat's rating: 1407 &rarr; <strong>1425</strong><br />(+18 for winning)
|raw|kills your's rating: 1380 &rarr; <strong>1362</strong><br />(-18 for losing)
|l|☆kills your
|player|p2|
|l|☆Tsoxatsat
|player|p1|
