|j|☆Broadsword115
|j|☆Eat uranium
|t:|1760738729
|gametype|singles
|player|p1|Broadsword115|2|1155
|player|p2|Eat uranium|101|1134
|gen|9
|tier|[Gen 9] OU
|rated|
|rule|HP Percentage Mod: HP is shown in percentages
|rule|Endless Battle Clause: Forcing endless battles is banned
|rule|Species Clause: Limit one of each Pokémon
|rule|OHKO Clause: OHKO moves are banned
|rule|Evasion Items Clause: Evasion items are banned
|rule|Evasion Moves Clause: Evasion moves are banned
|rule|Evasion Abilities Clause: Evasion abilities are banned
|rule|Sleep Moves Clause: Sleep-inducing moves are banned
|clearpoke
|poke|p1|Staraptor, F|
|poke|p1|Hoopa-Unbound|
|poke|p1|Rotom-Wash|
|poke|p1|Dipplin, M|
|poke|p1|Forretress, M|
|poke|p1|Infernape, F|
|poke|p2|Pelipper, F|
|poke|p2|Hatterene, F|
|poke|p2|Iron Treads|
|poke|p2|Toxicroak, F|
|poke|p2|Barraskewda, F|
|poke|p2|Zapdos|
|teampreview
|inactive|Battle timer is ON: inactive players will automatically lose when time's up. (requested by Eat uranium)
|
|t:|1760738751
|teamsize|p1|6
|teamsize|p2|6
|start
|switch|p1a: Forretress|Forretress, M, shiny|100/100
|switch|p2a: Pelipper|Pelipper, F|100/100
|-weather|RainDance|[from] ability: Drizzle|[of] p2a: Pelipper
|turn|1
|
|t:|1760738771
|move|p2a: Pelipper|Hurricane|p1a: Forretress
|-damage|p1a: Forretress|48/100
|-start|p1a: Forretress|confusion
|-enditem|p1a: Forretress|Red Card|[of] p2a: Pelipper
|drag|p2a: Iron Treads|Iron Treads|100/100
|-activate|p1a: Forretress|confusion
|move|p1a: Forretress|Stealth Rock|p2a: Iron Treads
|-sidestart|p2: Eat uranium|move: Stealth Rock
|
|-weather|RainDance|[upkeep]
|upkeep
|turn|2
|
|t:|1760738783
|switch|p1a: Hoopa|Hoopa-Unbound|100/100
|move|p2a: Iron Treads|Stealth Rock|p1a: Hoopa
|-sidestart|p1: Broadsword115|move: Stealth Rock
|
|-weather|RainDance|[upkeep]
|upkeep
|turn|3
|
|t:|1760738812
|move|p1a: Hoopa|Drain Punch|p2a: Iron Treads
|-supereffective|p2a: Iron Treads
|-damage|p2a: Iron Treads|53/100
|move|p2a: Iron Treads|Earthquake|p1a: Hoopa
|-damage|p1a: Hoopa|40/100
|
|-weather|RainDance|[upkeep]
|-heal|p2a: Iron Treads|59/100|[from] item: Leftovers
|upkeep
|turn|4
|
|t:|1760738838
|move|p1a: Hoopa|Drain Punch|p2a: Iron Treads
|-supereffective|p2a: Iron Treads
|-damage|p2a: Iron Treads|15/100
|-heal|p1a: Hoopa|68/100|[from] drain|[of] p2a: Iron Treads
|move|p2a: Iron Treads|Rapid Spin|p1a: Hoopa
|-damage|p1a: Hoopa|45/100
|-boost|p2a: Iron Treads|spe|1
|-sideend|p2: Eat uranium|Stealth Rock|[from] move: Rapid Spin|[of] p2a: Iron Treads
|
|-weather|RainDance|[upkeep]
|-heal|p2a: Iron Treads|21/100|[from] item: Leftovers
|upkeep
|turn|5
|
|t:|1760738846
|move|p2a: Iron Treads|Earthquake|p1a: Hoopa
|-damage|p1a: Hoopa|0 fnt
|faint|p1a: Hoopa
|
|-weather|RainDance|[upkeep]
|-heal|p2a: Iron Treads|27/100|[from] item: Leftovers
|upkeep
|inactive|Broadsword115 has 120 seconds left.
|
|t:|1760738886
|switch|p1a: Infernape|Infernape, F|100/100
|-damage|p1a: Infernape|88/100|[from] Stealth Rock
|turn|6
|
|t:|1760738892
|-terastallize|p1a: Infernape|Flying
|move|p2a: Iron Treads|Earthquake|p1a: Infernape
|-immune|p1a: Infernape
|move|p1a: Infernape|Swords Dance|p1a: Infernape
|-boost|p1a: Infernape|atk|2
|
|-weather|RainDance|[upkeep]
|-heal|p2a: Iron Treads|33/100|[from] item: Leftovers
|upkeep
|turn|7
|
|t:|1760738897
|move|p2a: Iron Treads|Volt Switch|p1a: Infernape
|-supereffective|p1a: Infernape
|-damage|p1a: Infernape|53/100
|
|t:|1760738903
|-end|p2a: Iron Treads|Quark Drive|[silent]
|switch|p2a: Toxicroak|Toxicroak, F|100/100|[from] Volt Switch
|move|p1a: Infernape|Raging Fury|p2a: Toxicroak
|-damage|p2a: Toxicroak|36/100
|
|-weather|RainDance|[upkeep]
|-heal|p2a: Toxicroak|49/100|[from] ability: Dry Skin
|upkeep
|turn|8
|inactive|Eat uranium has 120 seconds left.
|
|t:|1760738943
|switch|p2a: Barraskewda|Barraskewda, F|100/100
|move|p1a: Infernape|Raging Fury|p2a: Barraskewda|[from] lockedmove
|-resisted|p2a: Barraskewda
|-damage|p2a: Barraskewda|50/100
|
|-weather|none
|upkeep
|turn|9
|
|t:|1760738952
|move|p2a: Barraskewda|Liquidation|p1a: Infernape
|-damage|p1a: Infernape|0 fnt
|faint|p1a: Infernape
|
|upkeep
|
|t:|1760738961
|switch|p1a: Staraptor|Staraptor, F|100/100
|-damage|p1a: Staraptor|76/100|[from] Stealth Rock
|turn|10
|
|t:|1760738969
|switch|p2a: Pelipper|Pelipper, F|100/100
|-weather|RainDance|[from] ability: Drizzle|[of] p2a: Pelipper
|move|p1a: Staraptor|Brave Bird|p2a: Pelipper
|-damage|p2a: Pelipper|29/100
|-damage|p1a: Staraptor|51/100|[from] Recoil
|
|-weather|RainDance|[upkeep]
|upkeep
|turn|11
|
|t:|1760738978
|switch|p2a: Zapdos|Zapdos|100/100
|move|p1a: Staraptor|Brave Bird|p2a: Zapdos
|-resisted|p2a: Zapdos
|-damage|p2a: Zapdos|54/100
|-damage|p1a: Staraptor|35/100|[from] Recoil
|
|-weather|RainDance|[upkeep]
|upkeep
|turn|12
|
|t:|1760738985
|switch|p1a: Dipplin|Dipplin, M, shiny|100/100
|-damage|p1a: Dipplin|88/100|[from] Stealth Rock
|move|p2a: Zapdos|Volt Switch|p1a: Dipplin
|-resisted|p1a: Dipplin
|-damage|p1a: Dipplin|78/100
|
|t:|1760739000
|switch|p2a: Toxicroak|Toxicroak, F|49/100|[from] Volt Switch
|
|-weather|RainDance|[upkeep]
|-heal|p2a: Toxicroak|61/100|[from] ability: Dry Skin
|upkeep
|turn|13
|
|t:|1760739006
|move|p2a: Toxicroak|Toxic|p1a: Dipplin
|-status|p1a: Dipplin|tox
|move|p1a: Dipplin|Dragon Tail|p2a: Toxicroak
|-damage|p2a: Toxicroak|44/100
|-damage|p1a: Dipplin|62/100 tox|[from] item: Rocky Helmet|[of] p2a: Toxicroak
|drag|p2a: Hatterene|Hatterene, F|100/100
|
|-weather|RainDance|[upkeep]
|-damage|p1a: Dipplin|56/100 tox|[from] psn
|upkeep
|turn|14
|
|t:|1760739016
|switch|p1a: Forretress|Forretress, M, shiny|48/100
|-damage|p1a: Forretress|35/100|[from] Stealth Rock
|move|p2a: Hatterene|Draining Kiss|p1a: Forretress
|-resisted|p1a: Forretress
|-damage|p1a: Forretress|19/100
|
|-weather|RainDance|[upkeep]
|upkeep
|turn|15
|
|t:|1760739022
|move|p2a: Hatterene|Draining Kiss|p1a: Forretress
|-resisted|p1a: Forretress
|-damage|p1a: Forretress|2/100
|move|p1a: Forretress|Rapid Spin|p2a: Hatterene
|-damage|p2a: Hatterene|91/100
|-boost|p1a: Forretress|spe|1
|-sideend|p1: Broadsword115|Stealth Rock|[from] move: Rapid Spin|[of] p1a: Forretress
|-enditem|p2a: Hatterene|Eject Button
|
|t:|1760739034
|switch|p2a: Barraskewda|Barraskewda, F|50/100
|
|-weather|RainDance|[upkeep]
|upkeep
|turn|16
|
|t:|1760739038
|move|p2a: Barraskewda|Liquidation|p1a: Forretress
|-damage|p1a: Forretress|0 fnt
|faint|p1a: Forretress
|
|-weather|RainDance|[upkeep]
|upkeep
|
|t:|1760739041
|switch|p1a: Staraptor|Staraptor, F|35/100
|turn|17
|
|t:|1760739045
|move|p2a: Barraskewda|Liquidation|p1a: Staraptor
|-damage|p1a: Staraptor|0 fnt
|faint|p1a: Staraptor
|
|-weather|none
|upkeep
|-message|Broadsword115 forfeited.
|
|win|Eat uranium
|raw|Broadsword115's rating: 1155 &rarr; <strong>1128</strong><br />(-27 for losing)
|raw|Eat uranium's rating: 1134 &rarr; <strong>1161</strong><br />(+27 for winning)
|l|☆Broadsword115
|player|p1|
|l|☆Eat uranium
|player|p2|
