|j|☆wangischangis
|j|☆satyajiitdey
|t:|1760847084
|gametype|singles
|player|p1|wangischangis|170|1137
|player|p2|satyajiitdey|cynthia-gen4|1088
|gen|9
|tier|[Gen 9] OU
|rated|
|rule|HP Percentage Mod: HP is shown in percentages
|rule|Endless Battle Clause: Forcing endless battles is banned
|rule|Species Clause: Limit one of each Pokémon
|rule|OHKO Clause: OHKO moves are banned
|rule|Evasion Items Clause: Evasion items are banned
|rule|Evasion Moves Clause: Evasion moves are banned
|rule|Evasion Abilities Clause: Evasion abilities are banned
|rule|Sleep Moves Clause: Sleep-inducing moves are banned
|clearpoke
|poke|p1|Alomomola, F|
|poke|p1|Scizor, M|
|poke|p1|Incineroar, M|
|poke|p1|Porygon2|
|poke|p1|Glimmora, M|
|poke|p1|Gliscor, F|
|poke|p2|Gliscor, F|
|poke|p2|Brambleghast, M|
|poke|p2|Kilowattrel, M|
|poke|p2|Toxapex, F|
|poke|p2|Metagross|
|poke|p2|Walking Wake|
|teampreview
|inactive|Battle timer is ON: inactive players will automatically lose when time's up. (requested by satyajiitdey)
|
|t:|1760847097
|teamsize|p1|6
|teamsize|p2|6
|start
|switch|p1a: Gliscor|Gliscor, F|100/100
|switch|p2a: Kilowattrel|Kilowattrel, M|100/100
|turn|1
|
|t:|1760847104
|move|p2a: Kilowattrel|Air Slash|p1a: Gliscor
|-damage|p1a: Gliscor|67/100
|move|p1a: Gliscor|Stealth Rock|p2a: Kilowattrel
|-sidestart|p2: satyajiitdey|move: Stealth Rock
|
|-status|p1a: Gliscor|tox|[from] item: Toxic Orb
|upkeep
|turn|2
|
|t:|1760847109
|move|p2a: Kilowattrel|Air Slash|p1a: Gliscor
|-damage|p1a: Gliscor|28/100 tox
|move|p1a: Gliscor|Poison Jab|p2a: Kilowattrel
|-damage|p2a: Kilowattrel|63/100
|
|-heal|p1a: Gliscor|41/100 tox|[from] ability: Poison Heal
|upkeep
|turn|3
|
|t:|1760847114
|move|p1a: Gliscor|Protect|p1a: Gliscor
|-singleturn|p1a: Gliscor|Protect
|move|p2a: Kilowattrel|Air Slash|p1a: Gliscor
|-activate|p1a: Gliscor|move: Protect
|
|-heal|p1a: Gliscor|53/100 tox|[from] ability: Poison Heal
|upkeep
|turn|4
|
|t:|1760847122
|move|p2a: Kilowattrel|Air Slash|p1a: Gliscor
|-damage|p1a: Gliscor|19/100 tox
|move|p1a: Gliscor|Poison Jab|p2a: Kilowattrel
|-damage|p2a: Kilowattrel|28/100
|
|-heal|p1a: Gliscor|32/100 tox|[from] ability: Poison Heal
|upkeep
|turn|5
|
|t:|1760847127
|move|p1a: Gliscor|Protect|p1a: Gliscor
|-singleturn|p1a: Gliscor|Protect
|move|p2a: Kilowattrel|Tailwind|p2a: Kilowattrel
|-sidestart|p2: satyajiitdey|move: Tailwind
|
|-heal|p1a: Gliscor|44/100 tox|[from] ability: Poison Heal
|upkeep
|turn|6
|
|t:|1760847137
|switch|p1a: Incineroar|Incineroar, M|100/100
|-ability|p1a: Incineroar|Intimidate|boost
|-unboost|p2a: Kilowattrel|atk|1
|-ability|p2a: Kilowattrel|Competitive|boost
|-boost|p2a: Kilowattrel|spa|2
|move|p2a: Kilowattrel|Air Slash|p1a: Incineroar
|-damage|p1a: Incineroar|39/100
|
|-heal|p1a: Incineroar|46/100|[from] item: Leftovers
|upkeep
|turn|7
|
|t:|1760847145
|move|p1a: Incineroar|Fake Out|p2a: Kilowattrel
|-damage|p2a: Kilowattrel|1/100
|cant|p2a: Kilowattrel|flinch
|
|-heal|p1a: Incineroar|52/100|[from] item: Leftovers
|upkeep
|turn|8
|
|t:|1760847154
|switch|p1a: Alomomola|Alomomola, F|100/100
|move|p2a: Kilowattrel|Air Slash|p1a: Alomomola
|-damage|p1a: Alomomola|36/100
|-enditem|p1a: Alomomola|Eject Button
|
|t:|1760847157
|switch|p1a: Incineroar|Incineroar, M|52/100
|-ability|p1a: Incineroar|Intimidate|boost
|-unboost|p2a: Kilowattrel|atk|1
|-ability|p2a: Kilowattrel|Competitive|boost
|-boost|p2a: Kilowattrel|spa|2
|
|-heal|p1a: Incineroar|58/100|[from] item: Leftovers
|-sideend|p2: satyajiitdey|move: Tailwind
|upkeep
|turn|9
|
|t:|1760847165
|switch|p2a: Brambleghast|Brambleghast, M|100/100
|-damage|p2a: Brambleghast|88/100|[from] Stealth Rock
|move|p1a: Incineroar|Fake Out|p2a: Brambleghast
|-immune|p2a: Brambleghast
|
|-heal|p1a: Incineroar|64/100|[from] item: Leftovers
|upkeep
|turn|10
|
|t:|1760847171
|move|p2a: Brambleghast|Rapid Spin|p1a: Incineroar
|-damage|p1a: Incineroar|49/100
|-boost|p2a: Brambleghast|spe|1
|-sideend|p2: satyajiitdey|Stealth Rock|[from] move: Rapid Spin|[of] p2a: Brambleghast
|move|p1a: Incineroar|Flare Blitz|p2a: Brambleghast
|-supereffective|p2a: Brambleghast
|-damage|p2a: Brambleghast|0 fnt
|faint|p2a: Brambleghast
|-damage|p1a: Incineroar|30/100|[from] Recoil
|
|-heal|p1a: Incineroar|36/100|[from] item: Leftovers
|upkeep
|
|t:|1760847181
|switch|p2a: Kilowattrel|Kilowattrel, M|1/100
|turn|11
|
|t:|1760847186
|switch|p1a: Alomomola|Alomomola, F|69/100
|move|p2a: Kilowattrel|Air Slash|p1a: Alomomola
|-damage|p1a: Alomomola|40/100
|
|upkeep
|turn|12
|
|t:|1760847192
|move|p2a: Kilowattrel|Air Slash|p1a: Alomomola
|-damage|p1a: Alomomola|9/100
|move|p1a: Alomomola|Wish|p1a: Alomomola
|
|upkeep
|turn|13
|
|t:|1760847204
|switch|p2a: Walking Wake|Walking Wake|100/100
|-enditem|p2a: Walking Wake|Booster Energy
|-activate|p2a: Walking Wake|ability: Protosynthesis|[fromitem]
|-start|p2a: Walking Wake|protosynthesisspa
|switch|p1a: Gliscor|Gliscor, F|44/100 tox
|
|-heal|p1a: Gliscor|100/100 tox|[from] move: Wish|[wisher] Alomomola
|upkeep
|turn|14
|
|t:|1760847215
|move|p1a: Gliscor|Protect|p1a: Gliscor
|-singleturn|p1a: Gliscor|Protect
|move|p2a: Walking Wake|Hydro Steam|p1a: Gliscor
|-activate|p1a: Gliscor|move: Protect
|
|upkeep
|turn|15
|
|t:|1760847226
|move|p2a: Walking Wake|Hydro Steam|p1a: Gliscor
|-supereffective|p1a: Gliscor
|-damage|p1a: Gliscor|0 fnt
|faint|p1a: Gliscor
|
|upkeep
|
|t:|1760847229
|switch|p1a: Alomomola|Alomomola, F|42/100
|turn|16
|
|t:|1760847234
|move|p2a: Walking Wake|Draco Meteor|p1a: Alomomola
|-damage|p1a: Alomomola|0 fnt
|-unboost|p2a: Walking Wake|spa|2
|faint|p1a: Alomomola
|
|upkeep
|
|t:|1760847238
|switch|p1a: Scizor|Scizor, M|100/100
|turn|17
|
|t:|1760847240
|move|p2a: Walking Wake|Flamethrower|p1a: Scizor
|-supereffective|p1a: Scizor
|-crit|p1a: Scizor
|-damage|p1a: Scizor|0 fnt
|faint|p1a: Scizor
|
|upkeep
|
|t:|1760847244
|switch|p1a: Porygon2|Porygon2|100/100
|-ability|p1a: Porygon2|Download|boost
|-boost|p1a: Porygon2|spa|1
|turn|18
|
|t:|1760847251
|-end|p2a: Walking Wake|Protosynthesis|[silent]
|switch|p2a: Metagross|Metagross|100/100
|move|p1a: Porygon2|Tera Blast|p2a: Metagross
|-resisted|p2a: Metagross
|-damage|p2a: Metagross|70/100
|
|upkeep
|turn|19
|
|t:|1760847258
|move|p2a: Metagross|Bullet Punch|p1a: Porygon2
|-damage|p1a: Porygon2|79/100
|move|p1a: Porygon2|Trick Room|p1a: Porygon2
|-fieldstart|move: Trick Room|[of] p1a: Porygon2
|
|upkeep
|turn|20
|
|t:|1760847263
|-terastallize|p1a: Porygon2|Ground
|move|p2a: Metagross|Bullet Punch|p1a: Porygon2
|-damage|p1a: Porygon2|58/100
|move|p1a: Porygon2|Tera Blast|p2a: Metagross|[anim] Tera Blast Ground
|-supereffective|p2a: Metagross
|-damage|p2a: Metagross|0 fnt
|faint|p2a: Metagross
|
|upkeep
|
|t:|1760847271
|switch|p2a: Toxapex|Toxapex, F|100/100
|turn|21
|
|t:|1760847294
|move|p2a: Toxapex|Toxic|p1a: Porygon2
|-status|p1a: Porygon2|tox
|move|p1a: Porygon2|Tera Blast|p2a: Toxapex|[anim] Tera Blast Ground
|-supereffective|p2a: Toxapex
|-damage|p2a: Toxapex|20/100
|
|-heal|p2a: Toxapex|26/100|[from] item: Black Sludge
|-damage|p1a: Porygon2|51/100 tox|[from] psn
|upkeep
|turn|22
|
|t:|1760847300
|move|p2a: Toxapex|Baneful Bunker|p2a: Toxapex
|-singleturn|p2a: Toxapex|move: Protect
|move|p1a: Porygon2|Tera Blast|p2a: Toxapex|[anim] Tera Blast Ground
|-activate|p2a: Toxapex|move: Protect
|
|-heal|p2a: Toxapex|32/100|[from] item: Black Sludge
|-damage|p1a: Porygon2|39/100 tox|[from] psn
|upkeep
|turn|23
|
|t:|1760847305
|switch|p2a: Kilowattrel|Kilowattrel, M|1/100
|move|p1a: Porygon2|Thunderbolt|p2a: Kilowattrel
|-damage|p2a: Kilowattrel|0 fnt
|faint|p2a: Kilowattrel
|
|-damage|p1a: Porygon2|21/100 tox|[from] psn
|-fieldend|move: Trick Room
|upkeep
|
|t:|1760847311
|switch|p2a: Toxapex|Toxapex, F|66/100
|turn|24
|
|t:|1760847315
|switch|p2a: Gliscor|Gliscor, F|100/100
|move|p1a: Porygon2|Tera Blast|p2a: Gliscor|[anim] Tera Blast Ground
|-immune|p2a: Gliscor
|
|-damage|p1a: Porygon2|0 fnt|[from] psn
|faint|p1a: Porygon2
|-status|p2a: Gliscor|tox|[from] item: Toxic Orb
|upkeep
|
|t:|1760847319
|switch|p1a: Incineroar|Incineroar, M|36/100
|-ability|p1a: Incineroar|Intimidate|boost
|-unboost|p2a: Gliscor|atk|1
|turn|25
|
|t:|1760847323
|move|p1a: Incineroar|Fake Out|p2a: Gliscor
|-damage|p2a: Gliscor|91/100 tox
|cant|p2a: Gliscor|flinch
|
|-heal|p1a: Incineroar|42/100|[from] item: Leftovers
|-heal|p2a: Gliscor|100/100 tox|[from] ability: Poison Heal
|upkeep
|turn|26
|
|t:|1760847336
|move|p2a: Gliscor|Toxic|p1a: Incineroar
|-status|p1a: Incineroar|tox
|move|p1a: Incineroar|Knock Off|p2a: Gliscor
|-damage|p2a: Gliscor|72/100 tox
|-enditem|p2a: Gliscor|Toxic Orb|[from] move: Knock Off|[of] p1a: Incineroar
|
|-heal|p1a: Incineroar|49/100 tox|[from] item: Leftovers
|-heal|p2a: Gliscor|84/100 tox|[from] ability: Poison Heal
|-damage|p1a: Incineroar|42/100 tox|[from] psn
|upkeep
|turn|27
|
|t:|1760847342
|move|p2a: Gliscor|Knock Off|p1a: Incineroar
|-resisted|p1a: Incineroar
|-damage|p1a: Incineroar|36/100 tox
|-enditem|p1a: Incineroar|Leftovers|[from] move: Knock Off|[of] p2a: Gliscor
|move|p1a: Incineroar|Flare Blitz|p2a: Gliscor
|-damage|p2a: Gliscor|43/100 tox
|-damage|p1a: Incineroar|23/100 tox|[from] Recoil
|
|-heal|p2a: Gliscor|56/100 tox|[from] ability: Poison Heal
|-damage|p1a: Incineroar|11/100 tox|[from] psn
|upkeep
|turn|28
|
|t:|1760847366
|move|p2a: Gliscor|Protect|p2a: Gliscor
|-singleturn|p2a: Gliscor|Protect
|move|p1a: Incineroar|Flare Blitz|p2a: Gliscor
|-activate|p2a: Gliscor|move: Protect
|
|-heal|p2a: Gliscor|68/100 tox|[from] ability: Poison Heal
|-damage|p1a: Incineroar|0 fnt|[from] psn
|faint|p1a: Incineroar
|upkeep
|
|t:|1760847369
|switch|p1a: Glimmora|Glimmora, M|100/100
|turn|29
|
|t:|1760847383
|move|p2a: Gliscor|Knock Off|p1a: Glimmora
|-damage|p1a: Glimmora|85/100
|-activate|p1a: Glimmora|ability: Toxic Debris
|-sidestart|p2: satyajiitdey|move: Toxic Spikes
|-enditem|p1a: Glimmora|Power Herb|[from] move: Knock Off|[of] p2a: Gliscor
|move|p1a: Glimmora|Meteor Beam||[still]
|-prepare|p1a: Glimmora|Meteor Beam
|-boost|p1a: Glimmora|spa|1
|
|-heal|p2a: Gliscor|80/100 tox|[from] ability: Poison Heal
|upkeep
|turn|30
|
|t:|1760847394
|move|p2a: Gliscor|Protect|p2a: Gliscor
|-singleturn|p2a: Gliscor|Protect
|move|p1a: Glimmora|Meteor Beam|p2a: Gliscor|[from] lockedmove
|-activate|p2a: Gliscor|move: Protect
|
|-heal|p2a: Gliscor|93/100 tox|[from] ability: Poison Heal
|upkeep
|turn|31
|
|t:|1760847402
|move|p2a: Gliscor|Knock Off|p1a: Glimmora
|-damage|p1a: Glimmora|76/100
|-activate|p1a: Glimmora|ability: Toxic Debris
|-sidestart|p2: satyajiitdey|move: Toxic Spikes
|move|p1a: Glimmora|Meteor Beam||[still]
|-prepare|p1a: Glimmora|Meteor Beam
|-boost|p1a: Glimmora|spa|1
|
|-heal|p2a: Gliscor|100/100 tox|[from] ability: Poison Heal
|upkeep
|turn|32
|
|t:|1760847409
|move|p2a: Gliscor|Protect|p2a: Gliscor
|-singleturn|p2a: Gliscor|Protect
|move|p1a: Glimmora|Meteor Beam|p2a: Gliscor|[from] lockedmove
|-activate|p2a: Gliscor|move: Protect
|
|upkeep
|turn|33
|
|t:|1760847415
|move|p2a: Gliscor|Knock Off|p1a: Glimmora
|-damage|p1a: Glimmora|66/100
|move|p1a: Glimmora|Flash Cannon|p2a: Gliscor
|-damage|p2a: Gliscor|32/100 tox
|
|-heal|p2a: Gliscor|44/100 tox|[from] ability: Poison Heal
|upkeep
|turn|34
|
|t:|1760847426
|move|p2a: Gliscor|Knock Off|p1a: Glimmora
|-damage|p1a: Glimmora|56/100
|move|p1a: Glimmora|Meteor Beam||[still]
|-prepare|p1a: Glimmora|Meteor Beam
|-boost|p1a: Glimmora|spa|1
|
|-heal|p2a: Gliscor|56/100 tox|[from] ability: Poison Heal
|upkeep
|turn|35
|
|t:|1760847430
|move|p2a: Gliscor|Protect|p2a: Gliscor
|-singleturn|p2a: Gliscor|Protect
|move|p1a: Glimmora|Meteor Beam|p2a: Gliscor|[from] lockedmove
|-activate|p2a: Gliscor|move: Protect
|
|-heal|p2a: Gliscor|69/100 tox|[from] ability: Poison Heal
|upkeep
|turn|36
|
|t:|1760847438
|move|p2a: Gliscor|Knock Off|p1a: Glimmora
|-damage|p1a: Glimmora|47/100
|move|p1a: Glimmora|Flash Cannon|p2a: Gliscor
|-damage|p2a: Gliscor|0 fnt
|faint|p2a: Gliscor
|
|upkeep
|
|t:|1760847445
|switch|p2a: Toxapex|Toxapex, F|99/100
|-sideend|p2: satyajiitdey|move: Toxic Spikes|[of] p2a: Toxapex
|turn|37
|
|t:|1760847448
|move|p1a: Glimmora|Earth Power|p2a: Toxapex
|-supereffective|p2a: Toxapex
|-crit|p2a: Toxapex
|-damage|p2a: Toxapex|0 fnt
|faint|p2a: Toxapex
|
|upkeep
|
|t:|1760847451
|switch|p2a: Walking Wake|Walking Wake|100/100
|turn|38
|
|t:|1760847460
|move|p2a: Walking Wake|Hydro Steam|p1a: Glimmora
|-supereffective|p1a: Glimmora
|-damage|p1a: Glimmora|0 fnt
|faint|p1a: Glimmora
|
|win|satyajiitdey
|raw|wangischangis's rating: 1137 &rarr; <strong>1108</strong><br />(-29 for losing)
|raw|satyajiitdey's rating: 1088 &rarr; <strong>1119</strong><br />(+31 for winning)
|l|☆wangischangis
|player|p1|
|l|☆satyajiitdey
|player|p2|
