|j|☆A2R_#22
|j|☆Geb123
|t:|1760727958
|gametype|singles
|player|p1|A2R_#22|volkner|1092
|player|p2|Geb123|170|1096
|gen|9
|tier|[Gen 9] OU
|rated|
|rule|HP Percentage Mod: HP is shown in percentages
|rule|Endless Battle Clause: Forcing endless battles is banned
|rule|Species Clause: Limit one of each Pokémon
|rule|OHKO Clause: OHKO moves are banned
|rule|Evasion Items Clause: Evasion items are banned
|rule|Evasion Moves Clause: Evasion moves are banned
|rule|Evasion Abilities Clause: Evasion abilities are banned
|rule|Sleep Moves Clause: Sleep-inducing moves are banned
|clearpoke
|poke|p1|Kingambit, M|
|poke|p1|Iron Valiant|
|poke|p1|Gliscor, M|
|poke|p1|Cinderace, M|
|poke|p1|Dragapult, M|
|poke|p1|Iron Moth|
|poke|p2|Weezing-Galar, F|
|poke|p2|Ribombee, F|
|poke|p2|Azumarill, M|
|poke|p2|Iron Boulder|
|poke|p2|Torterra, F|
|poke|p2|Sableye, M|
|teampreview
|
|t:|1760727973
|teamsize|p1|6
|teamsize|p2|6
|start
|switch|p1a: buzz FN|Iron Moth, shiny|100/100
|switch|p2a: Ribombee|Ribombee, F|100/100
|-enditem|p1a: buzz FN|Booster Energy
|-activate|p1a: buzz FN|ability: Quark Drive|[fromitem]
|-start|p1a: buzz FN|quarkdrivespe
|turn|1
|
|t:|1760727986
|move|p1a: buzz FN|Fiery Dance|p2a: Ribombee
|-supereffective|p2a: Ribombee
|-damage|p2a: Ribombee|0 fnt
|-boost|p1a: buzz FN|spa|1
|faint|p2a: Ribombee
|
|upkeep
|
|t:|1760727992
|switch|p2a: Iron Boulder|Iron Boulder|100/100
|-enditem|p2a: Iron Boulder|Booster Energy
|-activate|p2a: Iron Boulder|ability: Quark Drive|[fromitem]
|-start|p2a: Iron Boulder|quarkdrivespe
|turn|2
|
|t:|1760727998
|move|p2a: Iron Boulder|Earthquake|p1a: buzz FN
|-supereffective|p1a: buzz FN
|-damage|p1a: buzz FN|0 fnt
|faint|p1a: buzz FN
|-end|p1a: buzz FN|Quark Drive|[silent]
|
|upkeep
|
|t:|1760728007
|switch|p1a: ghost draco|Dragapult, M|100/100
|turn|3
|
|t:|1760728016
|move|p2a: Iron Boulder|Mighty Cleave|p1a: ghost draco
|-damage|p1a: ghost draco|26/100
|move|p1a: ghost draco|Dragon Darts|p2a: Iron Boulder
|-damage|p2a: Iron Boulder|46/100
|-anim|p1a: ghost draco|Dragon Darts|p2a: Iron Boulder
|-damage|p2a: Iron Boulder|0 fnt
|faint|p2a: Iron Boulder
|-end|p2a: Iron Boulder|Quark Drive|[silent]
|
|upkeep
|
|t:|1760728032
|switch|p2a: Azumarill|Azumarill, M|100/100
|turn|4
|
|t:|1760728037
|move|p1a: ghost draco|Dragon Darts|p2a: Azumarill
|-immune|p2a: Azumarill
|move|p2a: Azumarill|Belly Drum|p2a: Azumarill
|-damage|p2a: Azumarill|50/100
|-setboost|p2a: Azumarill|atk|6|[from] move: Belly Drum
|-enditem|p2a: Azumarill|Sitrus Berry|[eat]
|-heal|p2a: Azumarill|75/100|[from] item: Sitrus Berry
|
|upkeep
|turn|5
|c|☆A2R_#22|what is this bro cmon your better then this
|c|☆A2R_#22|what are we doin here
|
|t:|1760728085
|switch|p1a: robot shawty|Iron Valiant, shiny|100/100
|-enditem|p1a: robot shawty|Booster Energy
|-activate|p1a: robot shawty|ability: Quark Drive|[fromitem]
|-start|p1a: robot shawty|quarkdrivespe
|move|p2a: Azumarill|Trailblaze|p1a: robot shawty
|-damage|p1a: robot shawty|0 fnt
|-boost|p2a: Azumarill|spe|1
|faint|p1a: robot shawty
|-end|p1a: robot shawty|Quark Drive|[silent]
|
|upkeep
|
|t:|1760728096
|switch|p1a: Glissy|Gliscor, M, shiny|100/100
|turn|6
|
|t:|1760728122
|move|p1a: Glissy|Gunk Shot|p2a: Azumarill
|-supereffective|p2a: Azumarill
|-damage|p2a: Azumarill|7/100
|move|p2a: Azumarill|Trailblaze|p1a: Glissy
|-damage|p1a: Glissy|16/100
|-boost|p2a: Azumarill|spe|1
|
|-heal|p1a: Glissy|22/100|[from] item: Leftovers
|upkeep
|turn|7
|
|t:|1760728138
|move|p2a: Azumarill|Aqua Jet|p1a: Glissy
|-supereffective|p1a: Glissy
|-damage|p1a: Glissy|0 fnt
|faint|p1a: Glissy
|
|upkeep
|
|t:|1760728143
|switch|p1a: Ronaldo|Cinderace, M, shiny|100/100
|turn|8
|
|t:|1760728167
|move|p2a: Azumarill|Aqua Jet|p1a: Ronaldo
|-supereffective|p1a: Ronaldo
|-damage|p1a: Ronaldo|0 fnt
|faint|p1a: Ronaldo
|
|upkeep
|
|t:|1760728174
|switch|p1a: ghost draco|Dragapult, M|26/100
|turn|9
|
|t:|1760728180
|move|p1a: ghost draco|Sucker Punch|p2a: Azumarill
|-resisted|p2a: Azumarill
|-damage|p2a: Azumarill|0 fnt
|faint|p2a: Azumarill
|
|upkeep
|
|t:|1760728210
|switch|p2a: Torterra|Torterra, F|100/100
|turn|10
|
|t:|1760728219
|move|p1a: ghost draco|Sucker Punch||[still]
|-fail|p1a: ghost draco
|move|p2a: Torterra|Shell Smash|p2a: Torterra
|-unboost|p2a: Torterra|def|1
|-unboost|p2a: Torterra|spd|1
|-boost|p2a: Torterra|atk|2
|-boost|p2a: Torterra|spa|2
|-boost|p2a: Torterra|spe|2
|-enditem|p2a: Torterra|White Herb
|-clearnegativeboost|p2a: Torterra|[silent]
|
|upkeep
|turn|11
|
|t:|1760728232
|move|p1a: ghost draco|Sucker Punch|p2a: Torterra
|-damage|p2a: Torterra|60/100
|move|p2a: Torterra|Earthquake|p1a: ghost draco
|-damage|p1a: ghost draco|0 fnt
|faint|p1a: ghost draco
|
|upkeep
|
|t:|1760728238
|switch|p1a: combat king|Kingambit, M, shiny|100/100
|-activate|p1a: combat king|ability: Supreme Overlord
|-start|p1a: combat king|fallen5|[silent]
|turn|12
|
|t:|1760728250
|-terastallize|p1a: combat king|Fairy
|move|p2a: Torterra|Earthquake|p1a: combat king
|-damage|p1a: combat king|30/100
|move|p1a: combat king|Kowtow Cleave|p2a: Torterra
|-damage|p2a: Torterra|0 fnt
|faint|p2a: Torterra
|-damage|p1a: combat king|20/100|[from] item: Life Orb
|
|upkeep
|
|t:|1760728260
|switch|p2a: Sableye|Sableye, M|100/100
|turn|13
|
|t:|1760728264
|move|p2a: Sableye|Will-O-Wisp|p1a: combat king
|-status|p1a: combat king|brn
|move|p1a: combat king|Sucker Punch||[still]
|-fail|p1a: combat king
|
|-damage|p1a: combat king|14/100 brn|[from] brn
|upkeep
|turn|14
|
|t:|1760728280
|-terastallize|p2a: Sableye|Dark
|move|p1a: combat king|Sucker Punch|p2a: Sableye
|-resisted|p2a: Sableye
|-damage|p2a: Sableye|73/100
|-damage|p1a: combat king|4/100 brn|[from] item: Life Orb
|move|p2a: Sableye|Shadow Ball|p1a: combat king
|-damage|p1a: combat king|0 fnt
|faint|p1a: combat king
|-end|p1a: combat king|fallen5|[silent]
|
|win|Geb123
|raw|A2R_#22's rating: 1092 &rarr; <strong>1068</strong><br />(-24 for losing)
|raw|Geb123's rating: 1096 &rarr; <strong>1121</strong><br />(+25 for winning)
|l|☆A2R_#22
|player|p1|
|c|☆Geb123|Gg
