|badge|p2|bronze|gen9ou|100-7
|uhtml|medal-msg|<div class="broadcast-blue">Curious what those medals under the avatar are? PS now has Ladder Seasons! For more information, check out the <a href="https://www.smogon.com/forums/threads/3740067/">thread on Smogon.</a></div>
|j|☆SpongeGar & Patar
|j|☆Sanesa8724
|t:|1760785726
|gametype|singles
|player|p1|SpongeGar & Patar|101|1810
|player|p2|Sanesa8724|265|1868
|gen|9
|tier|[Gen 9] OU
|rated|
|rule|HP Percentage Mod: HP is shown in percentages
|rule|Endless Battle Clause: Forcing endless battles is banned
|rule|Species Clause: Limit one of each Pokémon
|rule|OHKO Clause: OHKO moves are banned
|rule|Evasion Items Clause: Evasion items are banned
|rule|Evasion Moves Clause: Evasion moves are banned
|rule|Evasion Abilities Clause: Evasion abilities are banned
|rule|Sleep Moves Clause: Sleep-inducing moves are banned
|clearpoke
|poke|p1|Kyurem|
|poke|p1|Corviknight, M|
|poke|p1|Ting-Lu|
|poke|p1|Dondozo, F|
|poke|p1|Slowking-Galar, L99, F|
|poke|p1|Cinderace, M|
|poke|p2|Rillaboom, F|
|poke|p2|Zamazenta-*|
|poke|p2|Ogerpon, F|
|poke|p2|Moltres|
|poke|p2|Iron Treads|
|poke|p2|Gholdengo|
|teampreview
|inactive|Battle timer is ON: inactive players will automatically lose when time's up. (requested by Sanesa8724)
|
|t:|1760785777
|teamsize|p1|6
|teamsize|p2|6
|start
|switch|p1a: Slowking|Slowking-Galar, L99, F|100/100
|switch|p2a: Iron Treads|Iron Treads|100/100
|turn|1
|inactive|SpongeGar & Patar also wants the timer to be on.
|inactive|SpongeGar & Patar has 120 seconds left.
|j| lolwhatyes
|
|t:|1760785826
|switch|p1a: Kyurem|Kyurem|100/100
|-ability|p1a: Kyurem|Pressure
|move|p2a: Iron Treads|Stealth Rock|p1a: Kyurem
|-sidestart|p1: SpongeGar & Patar|move: Stealth Rock
|
|upkeep
|turn|2
|inactive|SpongeGar & Patar has 90 seconds left.
|
|t:|1760785875
|-end|p2a: Iron Treads|Quark Drive|[silent]
|switch|p2a: Moltres|Moltres|100/100
|move|p1a: Kyurem|Freeze-Dry|p2a: Moltres
|-damage|p2a: Moltres|73/100
|
|upkeep
|turn|3
|inactive|SpongeGar & Patar has 60 seconds left.
|inactive|SpongeGar & Patar has 30 seconds left.
|
|t:|1760785925
|switch|p1a: Cinderace|Cinderace, M|100/100
|move|p2a: Moltres|Roar|p1a: Cinderace
|drag|p1a: Ting-Lu|Ting-Lu|100/100
|-damage|p1a: Ting-Lu|94/100|[from] Stealth Rock
|-ability|p1a: Ting-Lu|Vessel of Ruin
|
|-heal|p1a: Ting-Lu|100/100|[from] item: Leftovers
|upkeep
|turn|4
|
|t:|1760785934
|switch|p1a: Cinderace|Cinderace, M|100/100
|move|p2a: Moltres|U-turn|p1a: Cinderace
|-resisted|p1a: Cinderace
|-damage|p1a: Cinderace|92/100
|j| ty-tyui↻
|
|t:|1760785947
|switch|p2a: Iron Treads|Iron Treads|100/100|[from] U-turn
|
|upkeep
|turn|5
|
|t:|1760785957
|move|p1a: Cinderace|Will-O-Wisp|p2a: Iron Treads|[miss]
|-miss|p1a: Cinderace|p2a: Iron Treads
|move|p2a: Iron Treads|Knock Off|p1a: Cinderace
|-damage|p1a: Cinderace|61/100
|-enditem|p1a: Cinderace|Heavy-Duty Boots|[from] move: Knock Off|[of] p2a: Iron Treads
|
|upkeep
|turn|6
|
|t:|1760785967
|move|p1a: Cinderace|Will-O-Wisp|p2a: Iron Treads|[miss]
|-miss|p1a: Cinderace|p2a: Iron Treads
|move|p2a: Iron Treads|High Horsepower|p1a: Cinderace
|-supereffective|p1a: Cinderace
|-damage|p1a: Cinderace|0 fnt
|faint|p1a: Cinderace
|
|upkeep
|
|t:|1760785977
|switch|p1a: Dondozo|Dondozo, F|100/100
|-damage|p1a: Dondozo|88/100|[from] Stealth Rock
|turn|7
|
|t:|1760785988
|move|p2a: Iron Treads|Knock Off|p1a: Dondozo
|-damage|p1a: Dondozo|77/100
|-enditem|p1a: Dondozo|Leftovers|[from] move: Knock Off|[of] p2a: Iron Treads
|move|p1a: Dondozo|Waterfall|p2a: Iron Treads
|-supereffective|p2a: Iron Treads
|-damage|p2a: Iron Treads|59/100
|
|-heal|p2a: Iron Treads|66/100|[from] item: Leftovers
|upkeep
|turn|8
|
|t:|1760785998
|-end|p2a: Iron Treads|Quark Drive|[silent]
|switch|p2a: Rillaboom|Rillaboom, F|100/100
|-fieldstart|move: Grassy Terrain|[from] ability: Grassy Surge|[of] p2a: Rillaboom
|move|p1a: Dondozo|Waterfall|p2a: Rillaboom
|-resisted|p2a: Rillaboom
|-damage|p2a: Rillaboom|87/100
|
|-heal|p2a: Rillaboom|93/100|[from] Grassy Terrain
|-heal|p1a: Dondozo|83/100|[from] Grassy Terrain
|upkeep
|turn|9
|
|t:|1760786008
|switch|p1a: Corviknight|Corviknight, M|100/100
|-damage|p1a: Corviknight|88/100|[from] Stealth Rock
|-ability|p1a: Corviknight|Pressure
|move|p2a: Rillaboom|U-turn|p1a: Corviknight
|-resisted|p1a: Corviknight
|-damage|p1a: Corviknight|84/100
|-damage|p2a: Rillaboom|76/100|[from] item: Rocky Helmet|[of] p1a: Corviknight
|
|t:|1760786010
|switch|p2a: Moltres|Moltres|73/100|[from] U-turn
|
|upkeep
|turn|10
|inactive|SpongeGar & Patar has 60 seconds left.
|j| Crogenius2
|
|t:|1760786020
|switch|p1a: Slowking|Slowking-Galar, L99, F|100/100
|move|p2a: Moltres|U-turn|p1a: Slowking
|-damage|p1a: Slowking|86/100
|
|t:|1760786031
|switch|p2a: Ogerpon|Ogerpon, F|100/100|[from] U-turn
|
|-heal|p1a: Slowking|92/100|[from] Grassy Terrain
|upkeep
|turn|11
|
|t:|1760786040
|switch|p2a: Moltres|Moltres|73/100
|move|p1a: Slowking|Future Sight|p2a: Moltres
|-start|p1a: Slowking|move: Future Sight
|
|-heal|p1a: Slowking|98/100|[from] Grassy Terrain
|upkeep
|turn|12
|
|t:|1760786051
|switch|p1a: Corviknight|Corviknight, M|84/100
|-damage|p1a: Corviknight|72/100|[from] Stealth Rock
|-ability|p1a: Corviknight|Pressure
|move|p2a: Moltres|Roar|p1a: Corviknight
|drag|p1a: Ting-Lu|Ting-Lu|100/100
|-damage|p1a: Ting-Lu|94/100|[from] Stealth Rock
|-ability|p1a: Ting-Lu|Vessel of Ruin
|
|-heal|p1a: Ting-Lu|100/100|[from] Grassy Terrain
|upkeep
|turn|13
|
|t:|1760786061
|switch|p1a: Slowking|Slowking-Galar, L99, F|100/100
|move|p2a: Moltres|Roar|p1a: Slowking
|drag|p1a: Corviknight|Corviknight, M|72/100
|-damage|p1a: Corviknight|60/100|[from] Stealth Rock
|-ability|p1a: Corviknight|Pressure
|
|-end|p2a: Moltres|move: Future Sight
|-damage|p2a: Moltres|41/100
|upkeep
|turn|14
|
|t:|1760786070
|-terastallize|p1a: Corviknight|Dragon
|move|p2a: Moltres|Roost|p2a: Moltres
|-heal|p2a: Moltres|92/100
|-singleturn|p2a: Moltres|move: Roost
|move|p1a: Corviknight|Defog|p2a: Moltres
|-unboost|p2a: Moltres|evasion|1
|-sideend|p1: SpongeGar & Patar|Stealth Rock|[from] move: Defog|[of] p1a: Corviknight
|-fieldend|move: Grassy Terrain
|
|upkeep
|turn|15
|inactive|SpongeGar & Patar has 90 seconds left.
|
|t:|1760786080
|move|p2a: Moltres|Flamethrower|p1a: Corviknight
|-resisted|p1a: Corviknight
|-damage|p1a: Corviknight|43/100
|move|p1a: Corviknight|Roost|p1a: Corviknight
|-heal|p1a: Corviknight|93/100
|
|upkeep
|turn|16
|
|t:|1760786090
|move|p2a: Moltres|Flamethrower|p1a: Corviknight
|-resisted|p1a: Corviknight
|-damage|p1a: Corviknight|74/100
|move|p1a: Corviknight|Roost|p1a: Corviknight
|-heal|p1a: Corviknight|100/100
|
|upkeep
|turn|17
|
|t:|1760786100
|switch|p1a: Dondozo|Dondozo, F|83/100
|move|p2a: Moltres|Flamethrower|p1a: Dondozo
|-resisted|p1a: Dondozo
|-damage|p1a: Dondozo|64/100
|
|upkeep
|turn|18
|
|t:|1760786109
|move|p2a: Moltres|U-turn|p1a: Dondozo
|-damage|p1a: Dondozo|58/100
|
|t:|1760786111
|switch|p2a: Rillaboom|Rillaboom, F|76/100|[from] U-turn
|-fieldstart|move: Grassy Terrain|[from] ability: Grassy Surge|[of] p2a: Rillaboom
|move|p1a: Dondozo|Waterfall|p2a: Rillaboom
|-resisted|p2a: Rillaboom
|-crit|p2a: Rillaboom
|-damage|p2a: Rillaboom|57/100
|
|-heal|p2a: Rillaboom|63/100|[from] Grassy Terrain
|-heal|p1a: Dondozo|64/100|[from] Grassy Terrain
|upkeep
|turn|19
|j| 0WithdrawalSyndrom
|inactive|SpongeGar & Patar has 90 seconds left.
|
|t:|1760786161
|switch|p2a: Iron Treads|Iron Treads|66/100
|switch|p1a: Kyurem|Kyurem|100/100
|-ability|p1a: Kyurem|Pressure
|
|-heal|p2a: Iron Treads|72/100|[from] Grassy Terrain
|-heal|p2a: Iron Treads|78/100|[from] item: Leftovers
|upkeep
|turn|20
|
|t:|1760786171
|move|p1a: Kyurem|Earth Power|p2a: Iron Treads
|-supereffective|p2a: Iron Treads
|-damage|p2a: Iron Treads|17/100
|move|p2a: Iron Treads|Knock Off|p1a: Kyurem
|-damage|p1a: Kyurem|79/100
|-enditem|p1a: Kyurem|Leftovers|[from] move: Knock Off|[of] p2a: Iron Treads
|
|-heal|p1a: Kyurem|85/100|[from] Grassy Terrain
|-heal|p2a: Iron Treads|23/100|[from] Grassy Terrain
|-heal|p2a: Iron Treads|30/100|[from] item: Leftovers
|upkeep
|turn|21
|j| kasalijie
|
|t:|1760786181
|-end|p2a: Iron Treads|Quark Drive|[silent]
|switch|p2a: Moltres|Moltres|92/100
|move|p1a: Kyurem|Freeze-Dry|p2a: Moltres
|-damage|p2a: Moltres|67/100
|
|-heal|p1a: Kyurem|92/100|[from] Grassy Terrain
|upkeep
|turn|22
|inactive|SpongeGar & Patar has 90 seconds left.
|
|t:|1760786191
|move|p1a: Kyurem|Freeze-Dry|p2a: Moltres
|-damage|p2a: Moltres|40/100
|move|p2a: Moltres|Roar|p1a: Kyurem
|drag|p1a: Corviknight|Corviknight, M, tera:Dragon|100/100
|-ability|p1a: Corviknight|Pressure
|
|upkeep
|turn|23
|
|t:|1760786201
|switch|p1a: Kyurem|Kyurem|92/100
|-ability|p1a: Kyurem|Pressure
|move|p2a: Moltres|Roost|p2a: Moltres
|-heal|p2a: Moltres|90/100
|-singleturn|p2a: Moltres|move: Roost
|
|-heal|p1a: Kyurem|98/100|[from] Grassy Terrain
|-heal|p2a: Moltres|96/100|[from] Grassy Terrain
|upkeep
|turn|24
|
|t:|1760786212
|switch|p2a: Zamazenta|Zamazenta|100/100
|-ability|p2a: Zamazenta|Dauntless Shield|boost
|-boost|p2a: Zamazenta|def|1
|move|p1a: Kyurem|Freeze-Dry|p2a: Zamazenta
|-damage|p2a: Zamazenta|69/100
|
|-heal|p2a: Zamazenta|75/100|[from] Grassy Terrain
|-heal|p2a: Zamazenta|81/100|[from] item: Leftovers
|-heal|p1a: Kyurem|100/100|[from] Grassy Terrain
|upkeep
|turn|25
|inactive|SpongeGar & Patar has 90 seconds left.
|l| Crogenius2
|
|t:|1760786262
|switch|p1a: Dondozo|Dondozo, F|64/100
|move|p2a: Zamazenta|Iron Defense|p2a: Zamazenta
|-boost|p2a: Zamazenta|def|2
|
|-heal|p2a: Zamazenta|87/100|[from] Grassy Terrain
|-heal|p2a: Zamazenta|93/100|[from] item: Leftovers
|-heal|p1a: Dondozo|70/100|[from] Grassy Terrain
|-fieldend|move: Grassy Terrain
|upkeep
|turn|26
|inactive|SpongeGar & Patar has 60 seconds left.
|inactive|SpongeGar & Patar has 30 seconds left.
|
|t:|1760786310
|move|p2a: Zamazenta|Crunch|p1a: Dondozo
|-damage|p1a: Dondozo|60/100
|move|p1a: Dondozo|Waterfall|p2a: Zamazenta
|-damage|p2a: Zamazenta|74/100
|
|-heal|p2a: Zamazenta|80/100|[from] item: Leftovers
|upkeep
|turn|27
|inactive|SpongeGar & Patar has 30 seconds left.
|
|t:|1760786325
|move|p2a: Zamazenta|Crunch|p1a: Dondozo
|-damage|p1a: Dondozo|51/100
|move|p1a: Dondozo|Waterfall|p2a: Zamazenta
|-damage|p2a: Zamazenta|60/100
|
|-heal|p2a: Zamazenta|66/100|[from] item: Leftovers
|upkeep
|turn|28
|inactive|SpongeGar & Patar has 30 seconds left.
|
|t:|1760786335
|move|p2a: Zamazenta|Crunch|p1a: Dondozo
|-damage|p1a: Dondozo|41/100
|-unboost|p1a: Dondozo|def|1
|move|p1a: Dondozo|Waterfall|p2a: Zamazenta
|-damage|p2a: Zamazenta|46/100
|
|-heal|p2a: Zamazenta|53/100|[from] item: Leftovers
|upkeep
|turn|29
|
|t:|1760786346
|move|p2a: Zamazenta|Crunch|p1a: Dondozo
|-crit|p1a: Dondozo
|-damage|p1a: Dondozo|20/100
|move|p1a: Dondozo|Curse|p1a: Dondozo
|-unboost|p1a: Dondozo|spe|1
|-boost|p1a: Dondozo|atk|1
|-boost|p1a: Dondozo|def|1
|
|-heal|p2a: Zamazenta|59/100|[from] item: Leftovers
|upkeep
|turn|30
|
|t:|1760786356
|move|p2a: Zamazenta|Body Press|p1a: Dondozo
|-damage|p1a: Dondozo|4/100
|move|p1a: Dondozo|Rest|p1a: Dondozo
|-status|p1a: Dondozo|slp|[from] move: Rest
|-heal|p1a: Dondozo|100/100 slp|[silent]
|
|-heal|p2a: Zamazenta|65/100|[from] item: Leftovers
|upkeep
|turn|31
|
|t:|1760786366
|switch|p2a: Rillaboom|Rillaboom, F|63/100
|-fieldstart|move: Grassy Terrain|[from] ability: Grassy Surge|[of] p2a: Rillaboom
|cant|p1a: Dondozo|slp
|
|-heal|p2a: Rillaboom|70/100|[from] Grassy Terrain
|upkeep
|turn|32
|
|t:|1760786375
|switch|p1a: Corviknight|Corviknight, M, tera:Dragon|100/100
|-ability|p1a: Corviknight|Pressure
|move|p2a: Rillaboom|U-turn|p1a: Corviknight
|-damage|p1a: Corviknight|85/100
|-damage|p2a: Rillaboom|53/100|[from] item: Rocky Helmet|[of] p1a: Corviknight
|
|t:|1760786378
|switch|p2a: Iron Treads|Iron Treads|30/100|[from] U-turn
|
|-heal|p2a: Iron Treads|36/100|[from] Grassy Terrain
|-heal|p2a: Iron Treads|42/100|[from] item: Leftovers
|-heal|p1a: Corviknight|91/100|[from] Grassy Terrain
|upkeep
|turn|33
|inactive|SpongeGar & Patar has 60 seconds left.
|
|t:|1760786388
|move|p2a: Iron Treads|Stealth Rock|p1a: Corviknight
|-sidestart|p1: SpongeGar & Patar|move: Stealth Rock
|move|p1a: Corviknight|Defog|p2a: Iron Treads
|-unboost|p2a: Iron Treads|evasion|1
|-sideend|p1: SpongeGar & Patar|Stealth Rock|[from] move: Defog|[of] p1a: Corviknight
|-fieldend|move: Grassy Terrain
|
|-heal|p2a: Iron Treads|48/100|[from] item: Leftovers
|upkeep
|turn|34
|
|t:|1760786397
|move|p2a: Iron Treads|Stealth Rock|p1a: Corviknight
|-sidestart|p1: SpongeGar & Patar|move: Stealth Rock
|move|p1a: Corviknight|Brave Bird|p2a: Iron Treads
|-resisted|p2a: Iron Treads
|-damage|p2a: Iron Treads|33/100
|-damage|p1a: Corviknight|86/100|[from] Recoil
|
|-heal|p2a: Iron Treads|40/100|[from] item: Leftovers
|upkeep
|turn|35
|
|t:|1760786406
|move|p2a: Iron Treads|Knock Off|p1a: Corviknight
|-damage|p1a: Corviknight|72/100
|-damage|p2a: Iron Treads|23/100|[from] item: Rocky Helmet|[of] p1a: Corviknight
|-enditem|p1a: Corviknight|Rocky Helmet|[from] move: Knock Off|[of] p2a: Iron Treads
|move|p1a: Corviknight|Brave Bird|p2a: Iron Treads
|-resisted|p2a: Iron Treads
|-damage|p2a: Iron Treads|10/100
|-damage|p1a: Corviknight|67/100|[from] Recoil
|
|-heal|p2a: Iron Treads|16/100|[from] item: Leftovers
|upkeep
|turn|36
|
|t:|1760786416
|-end|p2a: Iron Treads|Quark Drive|[silent]
|switch|p2a: Gholdengo|Gholdengo|100/100
|move|p1a: Corviknight|Roost|p1a: Corviknight
|-heal|p1a: Corviknight|100/100
|
|upkeep
|turn|37
|
|t:|1760786425
|switch|p2a: Rillaboom|Rillaboom, F|53/100
|-fieldstart|move: Grassy Terrain|[from] ability: Grassy Surge|[of] p2a: Rillaboom
|switch|p1a: Ting-Lu|Ting-Lu|100/100
|-damage|p1a: Ting-Lu|94/100|[from] Stealth Rock
|-ability|p1a: Ting-Lu|Vessel of Ruin
|
|-heal|p2a: Rillaboom|59/100|[from] Grassy Terrain
|-heal|p1a: Ting-Lu|100/100|[from] Grassy Terrain
|upkeep
|turn|38
|
|t:|1760786435
|switch|p1a: Corviknight|Corviknight, M, tera:Dragon|100/100
|-damage|p1a: Corviknight|88/100|[from] Stealth Rock
|-ability|p1a: Corviknight|Pressure
|move|p2a: Rillaboom|U-turn|p1a: Corviknight
|-damage|p1a: Corviknight|72/100
|
|t:|1760786442
|switch|p2a: Gholdengo|Gholdengo|100/100|[from] U-turn
|-enditem|p2a: Gholdengo|Grassy Seed
|-boost|p2a: Gholdengo|def|1|[from] item: Grassy Seed
|
|-heal|p1a: Corviknight|78/100|[from] Grassy Terrain
|upkeep
|turn|39
|
|t:|1760786453
|switch|p2a: Rillaboom|Rillaboom, F|59/100
|move|p1a: Corviknight|Roost|p1a: Corviknight
|-heal|p1a: Corviknight|100/100
|
|-heal|p2a: Rillaboom|65/100|[from] Grassy Terrain
|upkeep
|turn|40
|inactive|SpongeGar & Patar has 90 seconds left.
|inactive|SpongeGar & Patar has 60 seconds left.
|
|t:|1760786501
|move|p2a: Rillaboom|U-turn|p1a: Corviknight
|-damage|p1a: Corviknight|85/100
|
|t:|1760786504
|switch|p2a: Gholdengo|Gholdengo|100/100|[from] U-turn
|move|p1a: Corviknight|U-turn|p2a: Gholdengo
|-resisted|p2a: Gholdengo
|-damage|p2a: Gholdengo|97/100
|inactive|SpongeGar & Patar has 60 seconds left.
|inactive|SpongeGar & Patar has 30 seconds left.
|inactive|SpongeGar & Patar has 20 seconds left.
|
|t:|1760786554
|switch|p1a: Kyurem|Kyurem|100/100|[from] U-turn
|-damage|p1a: Kyurem|75/100|[from] Stealth Rock
|-ability|p1a: Kyurem|Pressure
|
|-heal|p1a: Kyurem|82/100|[from] Grassy Terrain
|-heal|p2a: Gholdengo|100/100|[from] Grassy Terrain
|upkeep
|turn|41
|inactive|SpongeGar & Patar has 30 seconds left this turn.
|
|t:|1760786574
|move|p1a: Kyurem|Freeze-Dry|p2a: Gholdengo
|-resisted|p2a: Gholdengo
|-damage|p2a: Gholdengo|83/100
|-status|p2a: Gholdengo|frz
|cant|p2a: Gholdengo|frz
|
|-heal|p1a: Kyurem|88/100|[from] Grassy Terrain
|-heal|p2a: Gholdengo|89/100 frz|[from] Grassy Terrain
|upkeep
|turn|42
|inactive|SpongeGar & Patar has 30 seconds left.
|
|t:|1760786584
|switch|p2a: Moltres|Moltres|96/100
|move|p1a: Kyurem|Freeze-Dry|p2a: Moltres
|-damage|p2a: Moltres|68/100
|
|-heal|p1a: Kyurem|94/100|[from] Grassy Terrain
|upkeep
|turn|43
|inactive|SpongeGar & Patar has 30 seconds left.
|
|t:|1760786594
|move|p1a: Kyurem|Freeze-Dry|p2a: Moltres
|-damage|p2a: Moltres|45/100
|move|p2a: Moltres|Roar|p1a: Kyurem
|drag|p1a: Corviknight|Corviknight, M, tera:Dragon|85/100
|-damage|p1a: Corviknight|73/100|[from] Stealth Rock
|-ability|p1a: Corviknight|Pressure
|
|-heal|p1a: Corviknight|79/100|[from] Grassy Terrain
|upkeep
|turn|44
|
|t:|1760786604
|move|p2a: Moltres|Roost|p2a: Moltres
|-heal|p2a: Moltres|95/100
|-singleturn|p2a: Moltres|move: Roost
|move|p1a: Corviknight|Defog|p2a: Moltres
|-unboost|p2a: Moltres|evasion|1
|-sideend|p1: SpongeGar & Patar|Stealth Rock|[from] move: Defog|[of] p1a: Corviknight
|-fieldend|move: Grassy Terrain
|
|upkeep
|turn|45
|
|t:|1760786613
|move|p1a: Corviknight|Roost|p1a: Corviknight
|-heal|p1a: Corviknight|100/100
|move|p2a: Moltres|Roar|p1a: Corviknight
|drag|p1a: Ting-Lu|Ting-Lu|100/100
|-ability|p1a: Ting-Lu|Vessel of Ruin
|
|upkeep
|turn|46
|
|t:|1760786623
|switch|p1a: Dondozo|Dondozo, F|100/100 slp
|move|p2a: Moltres|U-turn|p1a: Dondozo
|-damage|p1a: Dondozo|94/100 slp
|
|t:|1760786635
|switch|p2a: Rillaboom|Rillaboom, F|65/100|[from] U-turn
|-fieldstart|move: Grassy Terrain|[from] ability: Grassy Surge|[of] p2a: Rillaboom
|
|-heal|p2a: Rillaboom|71/100|[from] Grassy Terrain
|-heal|p1a: Dondozo|99/100 slp|[from] Grassy Terrain
|upkeep
|turn|47
|
|t:|1760786645
|switch|p1a: Corviknight|Corviknight, M, tera:Dragon|100/100
|-ability|p1a: Corviknight|Pressure
|move|p2a: Rillaboom|U-turn|p1a: Corviknight
|-damage|p1a: Corviknight|86/100
|
|t:|1760786647
|switch|p2a: Gholdengo|Gholdengo|89/100 frz|[from] U-turn
|
|-heal|p2a: Gholdengo|95/100 frz|[from] Grassy Terrain
|-heal|p1a: Corviknight|92/100|[from] Grassy Terrain
|upkeep
|turn|48
|
|t:|1760786657
|cant|p2a: Gholdengo|frz
|move|p1a: Corviknight|Brave Bird|p2a: Gholdengo
|-resisted|p2a: Gholdengo
|-damage|p2a: Gholdengo|76/100 frz
|-damage|p1a: Corviknight|87/100|[from] Recoil
|
|-heal|p2a: Gholdengo|83/100 frz|[from] Grassy Terrain
|-heal|p1a: Corviknight|93/100|[from] Grassy Terrain
|upkeep
|turn|49
|l| 0WithdrawalSyndrom
|
|t:|1760786669
|cant|p2a: Gholdengo|frz
|move|p1a: Corviknight|Brave Bird|p2a: Gholdengo
|-resisted|p2a: Gholdengo
|-damage|p2a: Gholdengo|66/100 frz
|-damage|p1a: Corviknight|88/100|[from] Recoil
|
|-heal|p2a: Gholdengo|72/100 frz|[from] Grassy Terrain
|-heal|p1a: Corviknight|94/100|[from] Grassy Terrain
|upkeep
|turn|50
|
|t:|1760786679
|cant|p2a: Gholdengo|frz
|move|p1a: Corviknight|Brave Bird|p2a: Gholdengo
|-resisted|p2a: Gholdengo
|-damage|p2a: Gholdengo|54/100 frz
|-damage|p1a: Corviknight|89/100|[from] Recoil
|
|-heal|p2a: Gholdengo|61/100 frz|[from] Grassy Terrain
|-heal|p1a: Corviknight|95/100|[from] Grassy Terrain
|upkeep
|turn|51
|j| Dragonlatios1
|
|t:|1760786689
|cant|p2a: Gholdengo|frz
|move|p1a: Corviknight|Brave Bird|p2a: Gholdengo
|-resisted|p2a: Gholdengo
|-damage|p2a: Gholdengo|43/100 frz
|-damage|p1a: Corviknight|89/100|[from] Recoil
|
|-heal|p2a: Gholdengo|49/100 frz|[from] Grassy Terrain
|-heal|p1a: Corviknight|95/100|[from] Grassy Terrain
|upkeep
|turn|52
|j| ADM02
|
|t:|1760786699
|cant|p2a: Gholdengo|frz
|move|p1a: Corviknight|U-turn|p2a: Gholdengo
|-resisted|p2a: Gholdengo
|-damage|p2a: Gholdengo|45/100 frz
|
|t:|1760786709
|switch|p1a: Kyurem|Kyurem|94/100|[from] U-turn
|-ability|p1a: Kyurem|Pressure
|
|-heal|p1a: Kyurem|99/100|[from] Grassy Terrain
|-heal|p2a: Gholdengo|52/100 frz|[from] Grassy Terrain
|upkeep
|turn|53
|
|t:|1760786719
|switch|p2a: Zamazenta|Zamazenta|65/100
|move|p1a: Kyurem|Freeze-Dry|p2a: Zamazenta
|-damage|p2a: Zamazenta|33/100
|-status|p2a: Zamazenta|frz
|
|-heal|p2a: Zamazenta|39/100 frz|[from] Grassy Terrain
|-heal|p2a: Zamazenta|45/100 frz|[from] item: Leftovers
|-heal|p1a: Kyurem|100/100|[from] Grassy Terrain
|-fieldend|move: Grassy Terrain
|upkeep
|turn|54
|inactive|SpongeGar & Patar has 90 seconds left.
|
|t:|1760786729
|cant|p2a: Zamazenta|frz
|move|p1a: Kyurem|Freeze-Dry|p2a: Zamazenta
|-damage|p2a: Zamazenta|17/100 frz
|
|-heal|p2a: Zamazenta|23/100 frz|[from] item: Leftovers
|upkeep
|turn|55
|
|t:|1760786739
|switch|p2a: Moltres|Moltres|95/100
|move|p1a: Kyurem|Freeze-Dry|p2a: Moltres
|-damage|p2a: Moltres|67/100
|
|upkeep
|turn|56
|c| kasalijie|天恩酋雷姆来的
|
|t:|1760786749
|move|p1a: Kyurem|Freeze-Dry|p2a: Moltres
|-damage|p2a: Moltres|41/100
|move|p2a: Moltres|Roar|p1a: Kyurem
|drag|p1a: Dondozo|Dondozo, F|99/100 slp
|
|upkeep
|turn|57
|
|t:|1760786759
|move|p2a: Moltres|Roost|p2a: Moltres
|-heal|p2a: Moltres|91/100
|-singleturn|p2a: Moltres|move: Roost
|cant|p1a: Dondozo|slp
|
|upkeep
|turn|58
|j| Raining Drawing
|
|t:|1760786768
|move|p2a: Moltres|U-turn|p1a: Dondozo
|-damage|p1a: Dondozo|93/100 slp
|
|t:|1760786770
|switch|p2a: Rillaboom|Rillaboom, F|71/100|[from] U-turn
|-fieldstart|move: Grassy Terrain|[from] ability: Grassy Surge|[of] p2a: Rillaboom
|-curestatus|p1a: Dondozo|slp|[msg]
|move|p1a: Dondozo|Waterfall|p2a: Rillaboom
|-resisted|p2a: Rillaboom
|-damage|p2a: Rillaboom|59/100
|
|-heal|p2a: Rillaboom|65/100|[from] Grassy Terrain
|-heal|p1a: Dondozo|99/100|[from] Grassy Terrain
|upkeep
|turn|59
|inactive|SpongeGar & Patar has 120 seconds left.
|l| ty-tyui↻
|inactive|SpongeGar & Patar has 90 seconds left.
|l| Raining Drawing
|
|t:|1760786820
|move|p2a: Rillaboom|U-turn|p1a: Dondozo
|-damage|p1a: Dondozo|87/100
|
|t:|1760786824
|switch|p2a: Gholdengo|Gholdengo|52/100 frz|[from] U-turn
|move|p1a: Dondozo|Waterfall|p2a: Gholdengo
|-damage|p2a: Gholdengo|24/100 frz
|
|-heal|p2a: Gholdengo|30/100 frz|[from] Grassy Terrain
|-heal|p1a: Dondozo|93/100|[from] Grassy Terrain
|upkeep
|turn|60
|inactive|SpongeGar & Patar has 60 seconds left.
|
|t:|1760786874
|switch|p1a: Kyurem|Kyurem|100/100
|-ability|p1a: Kyurem|Pressure
|cant|p2a: Gholdengo|frz
|
|-heal|p2a: Gholdengo|36/100 frz|[from] Grassy Terrain
|upkeep
|turn|61
|
|t:|1760786883
|move|p1a: Kyurem|Freeze-Dry|p2a: Gholdengo
|-resisted|p2a: Gholdengo
|-damage|p2a: Gholdengo|18/100 frz
|cant|p2a: Gholdengo|frz
|
|-heal|p2a: Gholdengo|24/100 frz|[from] Grassy Terrain
|upkeep
|turn|62
|
|t:|1760786893
|switch|p2a: Zamazenta|Zamazenta|23/100 frz
|move|p1a: Kyurem|Freeze-Dry|p2a: Zamazenta
|-damage|p2a: Zamazenta|0 fnt
|faint|p2a: Zamazenta
|
|upkeep
|
|t:|1760786905
|switch|p2a: Moltres|Moltres|91/100
|turn|63
|
|t:|1760786915
|move|p1a: Kyurem|Freeze-Dry|p2a: Moltres
|-damage|p2a: Moltres|64/100
|move|p2a: Moltres|Roar|p1a: Kyurem
|drag|p1a: Dondozo|Dondozo, F|93/100
|
|-heal|p1a: Dondozo|99/100|[from] Grassy Terrain
|upkeep
|turn|64
|
|t:|1760786924
|move|p2a: Moltres|U-turn|p1a: Dondozo
|-damage|p1a: Dondozo|93/100
|
|t:|1760786929
|switch|p2a: Ogerpon|Ogerpon, F|100/100|[from] U-turn
|move|p1a: Dondozo|Waterfall|p2a: Ogerpon
|-resisted|p2a: Ogerpon
|-damage|p2a: Ogerpon|82/100
|
|-heal|p2a: Ogerpon|88/100|[from] Grassy Terrain
|-heal|p1a: Dondozo|99/100|[from] Grassy Terrain
|upkeep
|turn|65
|
|t:|1760786939
|switch|p2a: Gholdengo|Gholdengo|24/100 frz
|switch|p1a: Corviknight|Corviknight, M, tera:Dragon|95/100
|-ability|p1a: Corviknight|Pressure
|
|-heal|p2a: Gholdengo|31/100 frz|[from] Grassy Terrain
|-heal|p1a: Corviknight|100/100|[from] Grassy Terrain
|-fieldend|move: Grassy Terrain
|upkeep
|turn|66
|
|t:|1760786948
|switch|p1a: Kyurem|Kyurem|100/100
|-ability|p1a: Kyurem|Pressure
|cant|p2a: Gholdengo|frz
|
|upkeep
|turn|67
|inactive|SpongeGar & Patar has 90 seconds left.
|
|t:|1760786958
|move|p1a: Kyurem|Freeze-Dry|p2a: Gholdengo
|-resisted|p2a: Gholdengo
|-crit|p2a: Gholdengo
|-damage|p2a: Gholdengo|2/100 frz
|cant|p2a: Gholdengo|frz
|
|upkeep
|turn|68
|c|☆Sanesa8724|Ok wow
|c|☆Sanesa8724|2 frewzes
|inactive|SpongeGar & Patar has 90 seconds left.
|c|☆Sanesa8724|no unfreeze in 12 turns
|inactive|SpongeGar & Patar has 60 seconds left.
|
|t:|1760787007
|switch|p2a: Iron Treads|Iron Treads|16/100
|move|p1a: Kyurem|Freeze-Dry|p2a: Iron Treads
|-damage|p2a: Iron Treads|0 fnt
|faint|p2a: Iron Treads
|-end|p2a: Iron Treads|Quark Drive|[silent]
|
|upkeep
|inactive|Sanesa8724 has 120 seconds left.
|
|t:|1760787026
|switch|p2a: Moltres|Moltres|64/100
|turn|69
|
|t:|1760787035
|move|p1a: Kyurem|Freeze-Dry|p2a: Moltres
|-damage|p2a: Moltres|37/100
|move|p2a: Moltres|Roar|p1a: Kyurem
|drag|p1a: Slowking|Slowking-Galar, L99, F|100/100
|
|upkeep
|turn|70
|
|t:|1760787045
|move|p2a: Moltres|Roost|p2a: Moltres
|-heal|p2a: Moltres|88/100
|-singleturn|p2a: Moltres|move: Roost
|move|p1a: Slowking|Toxic|p2a: Moltres
|-status|p2a: Moltres|tox
|
|-damage|p2a: Moltres|82/100 tox|[from] psn
|upkeep
|turn|71
|
|t:|1760787054
|switch|p1a: Corviknight|Corviknight, M, tera:Dragon|100/100
|-ability|p1a: Corviknight|Pressure
|move|p2a: Moltres|U-turn|p1a: Corviknight
|-damage|p1a: Corviknight|91/100
|
|t:|1760787061
|switch|p2a: Gholdengo|Gholdengo|2/100 frz|[from] U-turn
|
|upkeep
|turn|72
|l| ADM02
|
|t:|1760787070
|cant|p2a: Gholdengo|frz
|move|p1a: Corviknight|Brave Bird|p2a: Gholdengo
|-resisted|p2a: Gholdengo
|-damage|p2a: Gholdengo|0 fnt
|faint|p2a: Gholdengo
|-damage|p1a: Corviknight|91/100|[from] Recoil
|
|upkeep
|
|t:|1760787088
|switch|p2a: Moltres|Moltres|82/100 tox
|turn|73
|
|t:|1760787098
|move|p2a: Moltres|U-turn|p1a: Corviknight
|-damage|p1a: Corviknight|82/100
|
|t:|1760787101
|switch|p2a: Rillaboom|Rillaboom, F|65/100|[from] U-turn
|-fieldstart|move: Grassy Terrain|[from] ability: Grassy Surge|[of] p2a: Rillaboom
|move|p1a: Corviknight|Roost|p1a: Corviknight
|-heal|p1a: Corviknight|100/100
|
|-heal|p2a: Rillaboom|71/100|[from] Grassy Terrain
|upkeep
|turn|74
|inactive|SpongeGar & Patar has 90 seconds left.
|
|t:|1760787149
|move|p2a: Rillaboom|U-turn|p1a: Corviknight
|-damage|p1a: Corviknight|84/100
|c|☆Sanesa8724|On the Dengo freeze turn i klicked mir btw
|
|t:|1760787160
|switch|p2a: Moltres|Moltres|82/100 tox|[from] U-turn
|move|p1a: Corviknight|Brave Bird|p2a: Moltres
|-crit|p2a: Moltres
|-damage|p2a: Moltres|27/100 tox
|-status|p1a: Corviknight|brn|[from] ability: Flame Body|[of] p2a: Moltres
|-damage|p1a: Corviknight|66/100 brn|[from] Recoil
|
|-heal|p1a: Corviknight|72/100 brn|[from] Grassy Terrain
|-damage|p2a: Moltres|21/100 tox|[from] psn
|-damage|p1a: Corviknight|66/100 brn|[from] brn
|upkeep
|turn|75
|
|t:|1760787169
|move|p2a: Moltres|Roost|p2a: Moltres
|-heal|p2a: Moltres|71/100 tox
|-singleturn|p2a: Moltres|move: Roost
|move|p1a: Corviknight|Roost|p1a: Corviknight
|-heal|p1a: Corviknight|100/100 brn
|
|-heal|p2a: Moltres|77/100 tox|[from] Grassy Terrain
|-damage|p2a: Moltres|65/100 tox|[from] psn
|-damage|p1a: Corviknight|94/100 brn|[from] brn
|upkeep
|turn|76
|j| cooldudeman12
|
|t:|1760787188
|move|p2a: Moltres|Roost|p2a: Moltres
|-heal|p2a: Moltres|100/100 tox
|-singleturn|p2a: Moltres|move: Roost
|move|p1a: Corviknight|Brave Bird|p2a: Moltres
|-damage|p2a: Moltres|83/100 tox
|-damage|p1a: Corviknight|89/100 brn|[from] Recoil
|
|-heal|p2a: Moltres|89/100 tox|[from] Grassy Terrain
|-heal|p1a: Corviknight|95/100 brn|[from] Grassy Terrain
|-damage|p2a: Moltres|70/100 tox|[from] psn
|-damage|p1a: Corviknight|89/100 brn|[from] brn
|upkeep
|turn|77
|
|t:|1760787197
|move|p2a: Moltres|Flamethrower|p1a: Corviknight
|-resisted|p1a: Corviknight
|-damage|p1a: Corviknight|71/100 brn
|move|p1a: Corviknight|Brave Bird|p2a: Moltres
|-damage|p2a: Moltres|51/100 tox
|-damage|p1a: Corviknight|65/100 brn|[from] Recoil
|
|-heal|p1a: Corviknight|71/100 brn|[from] Grassy Terrain
|-damage|p2a: Moltres|26/100 tox|[from] psn
|-damage|p1a: Corviknight|65/100 brn|[from] brn
|upkeep
|turn|78
|inactive|SpongeGar & Patar has 90 seconds left.
|
|t:|1760787207
|move|p2a: Moltres|Roost|p2a: Moltres
|-heal|p2a: Moltres|76/100 tox
|-singleturn|p2a: Moltres|move: Roost
|move|p1a: Corviknight|Brave Bird|p2a: Moltres
|-damage|p2a: Moltres|58/100 tox
|-damage|p1a: Corviknight|59/100 brn|[from] Recoil
|
|-heal|p2a: Moltres|64/100 tox|[from] Grassy Terrain
|-heal|p1a: Corviknight|65/100 brn|[from] Grassy Terrain
|-damage|p2a: Moltres|34/100 tox|[from] psn
|-damage|p1a: Corviknight|59/100 brn|[from] brn
|upkeep
|turn|79
|
|t:|1760787231
|move|p2a: Moltres|U-turn|p1a: Corviknight
|-damage|p1a: Corviknight|51/100 brn
|
|t:|1760787232
|switch|p2a: Rillaboom|Rillaboom, F|71/100|[from] U-turn
|move|p1a: Corviknight|Roost|p1a: Corviknight
|-heal|p1a: Corviknight|100/100 brn
|
|-heal|p2a: Rillaboom|77/100|[from] Grassy Terrain
|-damage|p1a: Corviknight|94/100 brn|[from] brn
|upkeep
|turn|80
|inactive|SpongeGar & Patar has 90 seconds left.
|l| Dragonlatios1
|
|t:|1760787280
|move|p2a: Rillaboom|U-turn|p1a: Corviknight
|-damage|p1a: Corviknight|80/100 brn
|
|t:|1760787292
|switch|p2a: Moltres|Moltres|34/100 tox|[from] U-turn
|move|p1a: Corviknight|U-turn|p2a: Moltres
|-resisted|p2a: Moltres
|-damage|p2a: Moltres|32/100 tox
|
|t:|1760787301
|switch|p1a: Kyurem|Kyurem|100/100|[from] U-turn
|-ability|p1a: Kyurem|Pressure
|
|-damage|p2a: Moltres|26/100 tox|[from] psn
|-fieldend|move: Grassy Terrain
|upkeep
|turn|81
|
|t:|1760787311
|move|p1a: Kyurem|Freeze-Dry|p2a: Moltres
|-damage|p2a: Moltres|0 fnt
|faint|p2a: Moltres
|
|upkeep
|l| kasalijie
|inactive|Sanesa8724 has 120 seconds left.
|
|t:|1760787343
|switch|p2a: Rillaboom|Rillaboom, F|77/100
|-fieldstart|move: Grassy Terrain|[from] ability: Grassy Surge|[of] p2a: Rillaboom
|turn|82
|
|t:|1760787352
|-terastallize|p2a: Rillaboom|Fire
|move|p1a: Kyurem|Freeze-Dry|p2a: Rillaboom
|-resisted|p2a: Rillaboom
|-damage|p2a: Rillaboom|55/100
|move|p2a: Rillaboom|Low Kick|p1a: Kyurem
|-supereffective|p1a: Kyurem
|-damage|p1a: Kyurem|24/100
|
|-heal|p1a: Kyurem|30/100|[from] Grassy Terrain
|-heal|p2a: Rillaboom|61/100|[from] Grassy Terrain
|upkeep
|turn|83
|inactive|SpongeGar & Patar has 90 seconds left.
|
|t:|1760787362
|switch|p2a: Ogerpon|Ogerpon, F|88/100
|move|p1a: Kyurem|Earth Power|p2a: Ogerpon
|-resisted|p2a: Ogerpon
|-damage|p2a: Ogerpon|70/100
|
|-heal|p2a: Ogerpon|76/100|[from] Grassy Terrain
|-heal|p1a: Kyurem|37/100|[from] Grassy Terrain
|upkeep
|turn|84
|inactive|SpongeGar & Patar has 90 seconds left.
|inactive|SpongeGar & Patar has 60 seconds left.
|j| Dragonlatios1
|
|t:|1760787408
|move|p2a: Ogerpon|Rock Tomb|p1a: Kyurem
|-supereffective|p1a: Kyurem
|-damage|p1a: Kyurem|0 fnt
|faint|p1a: Kyurem
|-damage|p2a: Ogerpon|66/100|[from] item: Life Orb
|
|-heal|p2a: Ogerpon|72/100|[from] Grassy Terrain
|upkeep
|inactive|SpongeGar & Patar has 30 seconds left.
|inactive|SpongeGar & Patar has 20 seconds left.
|inactive|SpongeGar & Patar has 15 seconds left.
|
|t:|1760787450
|switch|p1a: Slowking|Slowking-Galar, L99, F|100/100
|turn|85
|inactive|SpongeGar & Patar has 25 seconds left this turn.
|inactive|SpongeGar & Patar has 20 seconds left.
|
|t:|1760787462
|switch|p2a: Rillaboom|Rillaboom, F, tera:Fire|61/100
|move|p1a: Slowking|Sludge Bomb|p2a: Rillaboom
|-damage|p2a: Rillaboom|24/100
|
|-heal|p2a: Rillaboom|30/100|[from] Grassy Terrain
|upkeep
|turn|86
|inactive|SpongeGar & Patar has 30 seconds left this turn.
|l| Dragonlatios1
|
|t:|1760787471
|move|p2a: Rillaboom|Knock Off|p1a: Slowking
|-supereffective|p1a: Slowking
|-damage|p1a: Slowking|23/100
|-enditem|p1a: Slowking|Heavy-Duty Boots|[from] move: Knock Off|[of] p2a: Rillaboom
|move|p1a: Slowking|Sludge Bomb|p2a: Rillaboom
|-damage|p2a: Rillaboom|0 fnt
|faint|p2a: Rillaboom
|
|-heal|p1a: Slowking|29/100|[from] Grassy Terrain
|upkeep
|
|t:|1760787474
|switch|p2a: Ogerpon|Ogerpon, F|72/100
|turn|87
|
|t:|1760787482
|move|p2a: Ogerpon|Ivy Cudgel|p1a: Slowking
|-resisted|p1a: Slowking
|-damage|p1a: Slowking|0 fnt
|faint|p1a: Slowking
|-damage|p2a: Ogerpon|62/100|[from] item: Life Orb
|
|-heal|p2a: Ogerpon|68/100|[from] Grassy Terrain
|upkeep
|
|t:|1760787489
|switch|p1a: Corviknight|Corviknight, M, tera:Dragon|80/100 brn
|-ability|p1a: Corviknight|Pressure
|turn|88
|j| Dragonlatios1
|
|t:|1760787497
|move|p2a: Ogerpon|Swords Dance|p2a: Ogerpon
|-boost|p2a: Ogerpon|atk|2
|move|p1a: Corviknight|Brave Bird|p2a: Ogerpon
|-supereffective|p2a: Ogerpon
|-damage|p2a: Ogerpon|21/100
|-damage|p1a: Corviknight|68/100 brn|[from] Recoil
|
|-heal|p2a: Ogerpon|27/100|[from] Grassy Terrain
|-heal|p1a: Corviknight|74/100 brn|[from] Grassy Terrain
|-damage|p1a: Corviknight|68/100 brn|[from] brn
|upkeep
|turn|89
|
|t:|1760787525
|move|p2a: Ogerpon|Ivy Cudgel|p1a: Corviknight
|-resisted|p1a: Corviknight
|-damage|p1a: Corviknight|17/100 brn
|-damage|p2a: Ogerpon|17/100|[from] item: Life Orb
|move|p1a: Corviknight|Brave Bird|p2a: Ogerpon
|-supereffective|p2a: Ogerpon
|-damage|p2a: Ogerpon|0 fnt
|faint|p2a: Ogerpon
|-damage|p1a: Corviknight|13/100 brn|[from] Recoil
|
|win|SpongeGar & Patar
|raw|SpongeGar &amp; Patar's rating: 1810 &rarr; <strong>1833</strong><br />(+23 for winning)
|raw|Sanesa8724's rating: 1868 &rarr; <strong>1845</strong><br />(-23 for losing)
|l|☆SpongeGar & Patar
|player|p1|
|l| Dragonlatios1
|l|☆Sanesa8724
|player|p2|
|c| cooldudeman12|ggs
|l| cooldudeman12
