|j|☆LastGREATEST
|j|☆jojosworld
|t:|1760840485
|gametype|singles
|player|p1|LastGREATEST|blue-gen7|1467
|player|p2|jojosworld|cynthia|1482
|gen|9
|tier|[Gen 9] OU
|rated|
|rule|HP Percentage Mod: HP is shown in percentages
|rule|Endless Battle Clause: Forcing endless battles is banned
|rule|Species Clause: Limit one of each Pokémon
|rule|OHKO Clause: OHKO moves are banned
|rule|Evasion Items Clause: Evasion items are banned
|rule|Evasion Moves Clause: Evasion moves are banned
|rule|Evasion Abilities Clause: Evasion abilities are banned
|rule|Sleep Moves Clause: Sleep-inducing moves are banned
|clearpoke
|poke|p1|Slowking-Galar, M|
|poke|p1|Kingambit, M|
|poke|p1|Mimikyu, F|
|poke|p1|Ursaluna, M|
|poke|p1|Azumarill, M|
|poke|p1|Rabsca, M|
|poke|p2|Dragapult, F|
|poke|p2|Alomomola, F|
|poke|p2|Clodsire, F|
|poke|p2|Corviknight, F|
|poke|p2|Fezandipiti, M|
|poke|p2|Slowking-Galar, F|
|teampreview
|inactive|Battle timer is ON: inactive players will automatically lose when time's up. (requested by jojosworld)
|
|t:|1760840494
|teamsize|p1|6
|teamsize|p2|6
|start
|switch|p1a: COCAINE|Ursaluna, M|100/100
|switch|p2a: Fezandipiti|Fezandipiti, M|100/100
|turn|1
|
|t:|1760840505
|move|p2a: Fezandipiti|U-turn|p1a: COCAINE
|-damage|p1a: COCAINE|89/100
|
|t:|1760840507
|switch|p2a: Corviknight|Corviknight, F, shiny|100/100|[from] U-turn
|-ability|p2a: Corviknight|Pressure
|move|p1a: COCAINE|Swords Dance|p1a: COCAINE
|-boost|p1a: COCAINE|atk|2
|
|-status|p1a: COCAINE|brn|[from] item: Flame Orb
|upkeep
|turn|2
|
|t:|1760840511
|-terastallize|p1a: COCAINE|Normal
|move|p2a: Corviknight|Body Press|p1a: COCAINE
|-supereffective|p1a: COCAINE
|-damage|p1a: COCAINE|54/100 brn
|move|p1a: COCAINE|Facade|p2a: Corviknight
|-resisted|p2a: Corviknight
|-damage|p2a: Corviknight|8/100
|-damage|p1a: COCAINE|37/100 brn|[from] item: Rocky Helmet|[of] p2a: Corviknight
|
|-damage|p1a: COCAINE|31/100 brn|[from] brn
|upkeep
|turn|3
|
|t:|1760840522
|switch|p1a: DARTH SLO|Slowking-Galar, M|100/100
|move|p2a: Corviknight|Roost|p2a: Corviknight
|-heal|p2a: Corviknight|58/100
|-singleturn|p2a: Corviknight|move: Roost
|
|upkeep
|turn|4
|
|t:|1760840528
|move|p2a: Corviknight|Roost|p2a: Corviknight
|-heal|p2a: Corviknight|100/100
|-singleturn|p2a: Corviknight|move: Roost
|move|p1a: DARTH SLO|Trick Room|p1a: DARTH SLO
|-fieldstart|move: Trick Room|[of] p1a: DARTH SLO
|
|upkeep
|turn|5
|
|t:|1760840530
|move|p1a: DARTH SLO|Fire Blast|p2a: Corviknight
|-supereffective|p2a: Corviknight
|-damage|p2a: Corviknight|5/100
|-damage|p1a: DARTH SLO|91/100|[from] item: Life Orb
|move|p2a: Corviknight|U-turn|p1a: DARTH SLO
|-damage|p1a: DARTH SLO|75/100
|
|t:|1760840534
|switch|p2a: Slowking|Slowking-Galar, F, shiny|100/100|[from] U-turn
|
|upkeep
|turn|6
|
|t:|1760840548
|switch|p1a: COCAINE|Ursaluna, M, tera:Normal|31/100 brn
|move|p2a: Slowking|Future Sight|p1a: COCAINE
|-start|p2a: Slowking|move: Future Sight
|
|-damage|p1a: COCAINE|25/100 brn|[from] brn
|upkeep
|turn|7
|
|t:|1760840555
|move|p2a: Slowking|Sludge Bomb|p1a: COCAINE
|-damage|p1a: COCAINE|0 fnt
|faint|p1a: COCAINE
|
|upkeep
|
|t:|1760840561
|switch|p1a: PIKABLUU|Azumarill, M|100/100
|turn|8
|
|t:|1760840564
|move|p2a: Slowking|Sludge Bomb|p1a: PIKABLUU
|-supereffective|p1a: PIKABLUU
|-damage|p1a: PIKABLUU|55/100
|move|p1a: PIKABLUU|Knock Off|p2a: Slowking
|-supereffective|p2a: Slowking
|-damage|p2a: Slowking|40/100
|-enditem|p2a: Slowking|Heavy-Duty Boots|[from] move: Knock Off|[of] p1a: PIKABLUU
|
|-end|p1a: PIKABLUU|move: Future Sight
|-damage|p1a: PIKABLUU|24/100
|-fieldend|move: Trick Room
|upkeep
|turn|9
|
|t:|1760840572
|switch|p2a: Alomomola|Alomomola, F, shiny|100/100
|move|p1a: PIKABLUU|Liquidation|p2a: Alomomola
|-resisted|p2a: Alomomola
|-damage|p2a: Alomomola|87/100
|
|upkeep
|turn|10
|
|t:|1760840575
|move|p1a: PIKABLUU|Knock Off|p2a: Alomomola
|-damage|p2a: Alomomola|65/100
|-enditem|p2a: Alomomola|Heavy-Duty Boots|[from] move: Knock Off|[of] p1a: PIKABLUU
|move|p2a: Alomomola|Wish|p2a: Alomomola
|
|upkeep
|turn|11
|
|t:|1760840579
|move|p1a: PIKABLUU|Play Rough|p2a: Alomomola
|-damage|p2a: Alomomola|33/100
|move|p2a: Alomomola|Flip Turn|p1a: PIKABLUU
|-resisted|p1a: PIKABLUU
|-damage|p1a: PIKABLUU|17/100
|
|t:|1760840581
|switch|p2a: Corviknight|Corviknight, F, shiny|5/100|[from] Flip Turn
|-ability|p2a: Corviknight|Pressure
|
|-heal|p2a: Corviknight|72/100|[from] move: Wish|[wisher] Alomomola
|upkeep
|turn|12
|
|t:|1760840586
|switch|p2a: Alomomola|Alomomola, F, shiny|66/100
|switch|p1a: DARTH SLO|Slowking-Galar, M|100/100
|
|upkeep
|turn|13
|
|t:|1760840599
|move|p2a: Alomomola|Flip Turn|p1a: DARTH SLO
|-damage|p1a: DARTH SLO|82/100
|
|t:|1760840601
|switch|p2a: Slowking|Slowking-Galar, F, shiny|73/100|[from] Flip Turn
|move|p1a: DARTH SLO|Trick Room|p1a: DARTH SLO
|-fieldstart|move: Trick Room|[of] p1a: DARTH SLO
|
|upkeep
|turn|14
|
|t:|1760840610
|move|p2a: Slowking|Future Sight|p1a: DARTH SLO
|-start|p2a: Slowking|move: Future Sight
|move|p1a: DARTH SLO|Fire Blast|p2a: Slowking
|-damage|p2a: Slowking|32/100
|-damage|p1a: DARTH SLO|72/100|[from] item: Life Orb
|
|upkeep
|turn|15
|
|t:|1760840617
|switch|p2a: Fezandipiti|Fezandipiti, M|100/100
|move|p1a: DARTH SLO|Sludge Wave|p2a: Fezandipiti
|-damage|p2a: Fezandipiti|57/100
|-damage|p1a: DARTH SLO|62/100|[from] item: Life Orb
|
|upkeep
|turn|16
|
|t:|1760840628
|switch|p2a: Slowking|Slowking-Galar, F, shiny|66/100
|move|p1a: DARTH SLO|Fire Blast|p2a: Slowking
|-damage|p2a: Slowking|27/100
|-damage|p1a: DARTH SLO|53/100|[from] item: Life Orb
|
|-end|p1a: DARTH SLO|move: Future Sight
|-damage|p1a: DARTH SLO|14/100
|upkeep
|turn|17
|
|t:|1760840638
|switch|p2a: Alomomola|Alomomola, F, shiny|99/100
|move|p1a: DARTH SLO|Fire Blast|p2a: Alomomola
|-resisted|p2a: Alomomola
|-damage|p2a: Alomomola|69/100
|-damage|p1a: DARTH SLO|4/100|[from] item: Life Orb
|
|-fieldend|move: Trick Room
|upkeep
|turn|18
|
|t:|1760840646
|switch|p1a: PIKABLUU|Azumarill, M|17/100
|move|p2a: Alomomola|Flip Turn|p1a: PIKABLUU
|-resisted|p1a: PIKABLUU
|-damage|p1a: PIKABLUU|9/100
|
|t:|1760840662
|switch|p2a: Corviknight|Corviknight, F, shiny|72/100|[from] Flip Turn
|-ability|p2a: Corviknight|Pressure
|
|upkeep
|turn|19
|
|t:|1760840675
|switch|p1a: DARTH SLO|Slowking-Galar, M|37/100
|move|p2a: Corviknight|Roost|p2a: Corviknight
|-heal|p2a: Corviknight|100/100
|-singleturn|p2a: Corviknight|move: Roost
|
|upkeep
|turn|20
|
|t:|1760840680
|move|p2a: Corviknight|U-turn|p1a: DARTH SLO
|-damage|p1a: DARTH SLO|22/100
|
|t:|1760840684
|switch|p2a: Slowking|Slowking-Galar, F, shiny|60/100|[from] U-turn
|move|p1a: DARTH SLO|Fire Blast|p2a: Slowking
|-damage|p2a: Slowking|24/100
|-damage|p1a: DARTH SLO|12/100|[from] item: Life Orb
|
|upkeep
|turn|21
|
|t:|1760840691
|switch|p2a: Fezandipiti|Fezandipiti, M|57/100
|move|p1a: DARTH SLO|Trick Room|p1a: DARTH SLO
|-fieldstart|move: Trick Room|[of] p1a: DARTH SLO
|
|upkeep
|turn|22
|
|t:|1760840697
|move|p1a: DARTH SLO|Fire Blast|p2a: Fezandipiti
|-damage|p2a: Fezandipiti|24/100
|-damage|p1a: DARTH SLO|3/100|[from] item: Life Orb
|move|p2a: Fezandipiti|Roost|p2a: Fezandipiti
|-heal|p2a: Fezandipiti|74/100
|-singleturn|p2a: Fezandipiti|move: Roost
|
|upkeep
|turn|23
|
|t:|1760840704
|switch|p1a: PIKABLUU|Azumarill, M|9/100
|move|p2a: Fezandipiti|Roost|p2a: Fezandipiti
|-heal|p2a: Fezandipiti|100/100
|-singleturn|p2a: Fezandipiti|move: Roost
|
|upkeep
|turn|24
|
|t:|1760840707
|switch|p2a: Alomomola|Alomomola, F, shiny|100/100
|move|p1a: PIKABLUU|Liquidation|p2a: Alomomola
|-resisted|p2a: Alomomola
|-damage|p2a: Alomomola|87/100
|
|upkeep
|turn|25
|
|t:|1760840710
|move|p2a: Alomomola|Flip Turn|p1a: PIKABLUU
|-resisted|p1a: PIKABLUU
|-damage|p1a: PIKABLUU|1/100
|
|t:|1760840713
|switch|p2a: Slowking|Slowking-Galar, F, shiny|57/100|[from] Flip Turn
|move|p1a: PIKABLUU|Play Rough|p2a: Slowking
|-resisted|p2a: Slowking
|-damage|p2a: Slowking|36/100
|
|-fieldend|move: Trick Room
|upkeep
|turn|26
|
|t:|1760840721
|switch|p2a: Alomomola|Alomomola, F, shiny|100/100
|move|p1a: PIKABLUU|Liquidation|p2a: Alomomola
|-resisted|p2a: Alomomola
|-crit|p2a: Alomomola
|-damage|p2a: Alomomola|77/100
|
|upkeep
|turn|27
|
|t:|1760840727
|move|p1a: PIKABLUU|Play Rough|p2a: Alomomola
|-damage|p2a: Alomomola|49/100
|move|p2a: Alomomola|Flip Turn|p1a: PIKABLUU
|-resisted|p1a: PIKABLUU
|-damage|p1a: PIKABLUU|0 fnt
|faint|p1a: PIKABLUU
|
|t:|1760840737
|switch|p2a: Slowking|Slowking-Galar, F, shiny|69/100|[from] Flip Turn
|
|upkeep
|
|t:|1760840742
|switch|p1a: SMART A$$|Rabsca, M, shiny|100/100
|turn|28
|
|t:|1760840747
|move|p1a: SMART A$$|Future Sight|p2a: Slowking
|-start|p1a: SMART A$$|move: Future Sight
|move|p2a: Slowking|Thunder Wave|p1a: SMART A$$
|-status|p1a: SMART A$$|par
|-activate|p1a: SMART A$$|ability: Synchronize
|-status|p2a: Slowking|par
|
|upkeep
|turn|29
|
|t:|1760840760
|switch|p2a: Corviknight|Corviknight, F, shiny|100/100
|-ability|p2a: Corviknight|Pressure
|move|p1a: SMART A$$|Revival Blessing|p1a: SMART A$$
|
|t:|1760840763
|-heal|p1: COCAINE|50/100|[from] move: Revival Blessing
|
|upkeep
|turn|30
|
|t:|1760840768
|move|p2a: Corviknight|U-turn|p1a: SMART A$$
|-supereffective|p1a: SMART A$$
|-damage|p1a: SMART A$$|76/100 par
|
|t:|1760840771
|switch|p2a: Slowking|Slowking-Galar, F, shiny|100/100 par|[from] U-turn
|move|p1a: SMART A$$|Trick Room|p1a: SMART A$$
|-fieldstart|move: Trick Room|[of] p1a: SMART A$$
|
|-end|p2a: Slowking|move: Future Sight
|-damage|p2a: Slowking|61/100 par
|upkeep
|turn|31
|
|t:|1760840777
|move|p2a: Slowking|Future Sight|p1a: SMART A$$
|-start|p2a: Slowking|move: Future Sight
|move|p1a: SMART A$$|Memento|p2a: Slowking
|-unboost|p2a: Slowking|atk|2
|-unboost|p2a: Slowking|spa|2
|faint|p1a: SMART A$$
|
|upkeep
|
|t:|1760840781
|switch|p1a: COCAINE|Ursaluna, M|50/100
|turn|32
|
|t:|1760840794
|switch|p2a: Alomomola|Alomomola, F, shiny|83/100
|move|p1a: COCAINE|Swords Dance|p1a: COCAINE
|-boost|p1a: COCAINE|atk|2
|
|-status|p1a: COCAINE|brn|[from] item: Flame Orb
|upkeep
|turn|33
|
|t:|1760840804
|move|p2a: Alomomola|Flip Turn|p1a: COCAINE
|-supereffective|p1a: COCAINE
|-damage|p1a: COCAINE|27/100 brn
|
|t:|1760840806
|switch|p2a: Corviknight|Corviknight, F, shiny|100/100|[from] Flip Turn
|-ability|p2a: Corviknight|Pressure
|move|p1a: COCAINE|Facade|p2a: Corviknight
|-resisted|p2a: Corviknight
|-damage|p2a: Corviknight|26/100
|-damage|p1a: COCAINE|10/100 brn|[from] item: Rocky Helmet|[of] p2a: Corviknight
|
|-end|p1a: COCAINE|move: Future Sight
|-damage|p1a: COCAINE|0 fnt
|faint|p1a: COCAINE
|upkeep
|
|t:|1760840812
|switch|p1a: DARTH SLO|Slowking-Galar, M|36/100
|turn|34
|
|t:|1760840823
|switch|p2a: Clodsire|Clodsire, F, shiny|100/100
|move|p1a: DARTH SLO|Fire Blast|p2a: Clodsire
|-damage|p2a: Clodsire|82/100
|-damage|p1a: DARTH SLO|26/100|[from] item: Life Orb
|
|-fieldend|move: Trick Room
|upkeep
|turn|35
|
|t:|1760840830
|switch|p2a: Alomomola|Alomomola, F, shiny|100/100
|move|p1a: DARTH SLO|Ice Beam|p2a: Alomomola
|-resisted|p2a: Alomomola
|-damage|p2a: Alomomola|77/100
|-damage|p1a: DARTH SLO|16/100|[from] item: Life Orb
|
|upkeep
|turn|36
|
|t:|1760840833
|move|p2a: Alomomola|Wish|p2a: Alomomola
|move|p1a: DARTH SLO|Trick Room|p1a: DARTH SLO
|-fieldstart|move: Trick Room|[of] p1a: DARTH SLO
|
|upkeep
|turn|37
|
|t:|1760840842
|move|p1a: DARTH SLO|Sludge Wave|p2a: Alomomola
|-damage|p2a: Alomomola|9/100
|-damage|p1a: DARTH SLO|6/100|[from] item: Life Orb
|move|p2a: Alomomola|Flip Turn|p1a: DARTH SLO
|-damage|p1a: DARTH SLO|0 fnt
|faint|p1a: DARTH SLO
|
|t:|1760840844
|switch|p2a: Corviknight|Corviknight, F, shiny|26/100|[from] Flip Turn
|-ability|p2a: Corviknight|Pressure
|
|-heal|p2a: Corviknight|92/100|[from] move: Wish|[wisher] Alomomola
|upkeep
|
|t:|1760840847
|switch|p1a: PIKABOO|Mimikyu, F|100/100
|turn|38
|
|t:|1760840854
|move|p1a: PIKABOO|Shadow Sneak|p2a: Corviknight
|-damage|p2a: Corviknight|82/100
|-damage|p1a: PIKABOO|84/100|[from] item: Rocky Helmet|[of] p2a: Corviknight
|move|p2a: Corviknight|U-turn|p1a: PIKABOO
|-activate|p1a: PIKABOO|ability: Disguise
|-damage|p1a: PIKABOO|84/100
|detailschange|p1a: PIKABOO|Mimikyu-Busted, F
|-damage|p1a: PIKABOO|71/100|[from] pokemon: Mimikyu-Busted
|
|t:|1760840859
|switch|p2a: Fezandipiti|Fezandipiti, M|100/100|[from] U-turn
|
|upkeep
|turn|39
|
|t:|1760840865
|move|p1a: PIKABOO|Destiny Bond|p1a: PIKABOO
|-singlemove|p1a: PIKABOO|Destiny Bond
|move|p2a: Fezandipiti|Play Rough|p1a: PIKABOO
|-damage|p1a: PIKABOO|30/100
|
|upkeep
|turn|40
|
|t:|1760840877
|move|p1a: PIKABOO|Curse|p2a: Fezandipiti
|-start|p2a: Fezandipiti|Curse|[of] p1a: PIKABOO
|-damage|p1a: PIKABOO|0 fnt
|faint|p1a: PIKABOO
|move|p2a: Fezandipiti|Play Rough|p1: PIKABOO|[notarget]
|-fail|p2a: Fezandipiti
|
|-damage|p2a: Fezandipiti|76/100|[from] Curse
|-fieldend|move: Trick Room
|upkeep
|
|t:|1760840883
|switch|p1a: CHECKMATE|Kingambit, M, shiny|100/100
|-activate|p1a: CHECKMATE|ability: Supreme Overlord
|-start|p1a: CHECKMATE|fallen5|[silent]
|turn|41
|
|t:|1760840887
|move|p2a: Fezandipiti|U-turn|p1a: CHECKMATE
|-damage|p1a: CHECKMATE|87/100
|
|t:|1760840889
|switch|p2a: Corviknight|Corviknight, F, shiny|82/100|[from] U-turn
|-ability|p2a: Corviknight|Pressure
|move|p1a: CHECKMATE|Swords Dance|p1a: CHECKMATE
|-boost|p1a: CHECKMATE|atk|2
|
|upkeep
|turn|42
|
|t:|1760840894
|move|p1a: CHECKMATE|Sucker Punch|p2a: Corviknight
|-damage|p2a: Corviknight|0 fnt
|-damage|p1a: CHECKMATE|70/100|[from] item: Rocky Helmet|[of] p2a: Corviknight
|faint|p2a: Corviknight
|
|upkeep
|
|t:|1760840902
|switch|p2a: Fezandipiti|Fezandipiti, M|76/100
|turn|43
|
|t:|1760840906
|move|p2a: Fezandipiti|Play Rough|p1a: CHECKMATE
|-damage|p1a: CHECKMATE|48/100
|move|p1a: CHECKMATE|Kowtow Cleave|p2a: Fezandipiti
|-resisted|p2a: Fezandipiti
|-damage|p2a: Fezandipiti|0 fnt
|faint|p2a: Fezandipiti
|
|upkeep
|
|t:|1760840917
|switch|p2a: Dragapult|Dragapult, F, shiny|100/100
|turn|44
|
|t:|1760840921
|move|p2a: Dragapult|Dragon Darts|p1a: CHECKMATE
|-resisted|p1a: CHECKMATE
|-damage|p1a: CHECKMATE|33/100
|-anim|p2a: Dragapult|Dragon Darts|p1a: CHECKMATE
|-resisted|p1a: CHECKMATE
|-damage|p1a: CHECKMATE|18/100
|move|p1a: CHECKMATE|Kowtow Cleave|p2a: Dragapult
|-supereffective|p2a: Dragapult
|-damage|p2a: Dragapult|0 fnt
|faint|p2a: Dragapult
|
|upkeep
|
|t:|1760840948
|switch|p2a: Alomomola|Alomomola, F, shiny|42/100
|turn|45
|
|t:|1760840956
|switch|p2a: Slowking|Slowking-Galar, F, shiny|95/100 par
|move|p1a: CHECKMATE|Kowtow Cleave|p2a: Slowking
|-supereffective|p2a: Slowking
|-damage|p2a: Slowking|0 fnt
|faint|p2a: Slowking
|
|upkeep
|inactive|jojosworld has 120 seconds left.
|inactive|jojosworld has 90 seconds left.
|
|t:|1760841016
|switch|p2a: Alomomola|Alomomola, F, shiny|75/100
|turn|46
|
|t:|1760841022
|switch|p2a: Clodsire|Clodsire, F, shiny|82/100
|move|p1a: CHECKMATE|Kowtow Cleave|p2a: Clodsire
|-damage|p2a: Clodsire|0 fnt
|faint|p2a: Clodsire
|
|upkeep
|
|t:|1760841023
|switch|p2a: Alomomola|Alomomola, F, shiny|100/100
|turn|47
|
|t:|1760841026
|move|p1a: CHECKMATE|Kowtow Cleave|p2a: Alomomola
|-damage|p2a: Alomomola|9/100
|move|p2a: Alomomola|Scald|p1a: CHECKMATE
|-damage|p1a: CHECKMATE|4/100
|-status|p1a: CHECKMATE|brn
|
|-damage|p1a: CHECKMATE|0 fnt|[from] brn
|faint|p1a: CHECKMATE
|-end|p1a: CHECKMATE|fallen5|[silent]
|
|win|jojosworld
|raw|LastGREATEST's rating: 1467 &rarr; <strong>1448</strong><br />(-19 for losing)
|raw|jojosworld's rating: 1482 &rarr; <strong>1501</strong><br />(+19 for winning)
|c|☆LastGREATEST|gg
|c|☆jojosworld|gg
|l|☆LastGREATEST
|player|p1|
|l|☆jojosworld
|player|p2|
