|j|☆DiamondFury205
|j|‽Kadoooooow
|t:|1760738911
|gametype|singles
|player|p1|DiamondFury205|1|1496
|player|p2|Kadoooooow|266|1454
|gen|9
|tier|[Gen 9] OU
|rated|
|rule|HP Percentage Mod: HP is shown in percentages
|rule|Endless Battle Clause: Forcing endless battles is banned
|rule|Species Clause: Limit one of each Pokémon
|rule|OHKO Clause: OHKO moves are banned
|rule|Evasion Items Clause: Evasion items are banned
|rule|Evasion Moves Clause: Evasion moves are banned
|rule|Evasion Abilities Clause: Evasion abilities are banned
|rule|Sleep Moves Clause: Sleep-inducing moves are banned
|clearpoke
|poke|p1|Dragapult, M|
|poke|p1|Regidrago|
|poke|p1|Hydreigon, M|
|poke|p1|Magnezone|
|poke|p1|Fezandipiti, M|
|poke|p1|Great Tusk|
|poke|p2|Cinderace, F|
|poke|p2|Kyurem|
|poke|p2|Enamorus, F|
|poke|p2|Rillaboom, F|
|poke|p2|Zapdos|
|poke|p2|Lokix, F|
|teampreview
|inactive|Battle timer is ON: inactive players will automatically lose when time's up. (requested by DiamondFury205)
|
|t:|1760738917
|teamsize|p1|6
|teamsize|p2|6
|start
|switch|p1a: Dragapult|Dragapult, M|100/100
|switch|p2a: Lokix|Lokix, F|100/100
|turn|1
|
|t:|1760738924
|move|p2a: Lokix|First Impression|p1a: Dragapult
|-resisted|p1a: Dragapult
|-damage|p1a: Dragapult|6/100
|move|p1a: Dragapult|Dragon Darts|p2a: Lokix
|-crit|p2a: Lokix
|-damage|p2a: Lokix|21/100
|-anim|p1a: Dragapult|Dragon Darts|p2a: Lokix
|-damage|p2a: Lokix|0 fnt
|faint|p2a: Lokix
|
|upkeep
|
|t:|1760738928
|switch|p2a: Rillaboom|Rillaboom, F|100/100
|-fieldstart|move: Grassy Terrain|[from] ability: Grassy Surge|[of] p2a: Rillaboom
|turn|2
|
|t:|1760738932
|move|p2a: Rillaboom|Grassy Glide|p1a: Dragapult
|-resisted|p1a: Dragapult
|-damage|p1a: Dragapult|0 fnt
|faint|p1a: Dragapult
|
|upkeep
|
|t:|1760738941
|switch|p1a: Fezandipiti|Fezandipiti, M|100/100
|turn|3
|
|t:|1760738946
|switch|p2a: Cinderace|Cinderace, F|100/100
|move|p1a: Fezandipiti|Calm Mind|p1a: Fezandipiti
|-boost|p1a: Fezandipiti|spa|1
|-boost|p1a: Fezandipiti|spd|1
|
|upkeep
|turn|4
|
|t:|1760738950
|move|p2a: Cinderace|Pyro Ball|p1a: Fezandipiti
|-damage|p1a: Fezandipiti|59/100
|move|p1a: Fezandipiti|Acid Spray|p2a: Cinderace
|-damage|p2a: Cinderace|78/100
|-unboost|p2a: Cinderace|spd|2
|
|-heal|p2a: Cinderace|84/100|[from] Grassy Terrain
|-heal|p1a: Fezandipiti|65/100|[from] Grassy Terrain
|-heal|p1a: Fezandipiti|72/100|[from] item: Leftovers
|upkeep
|turn|5
|
|t:|1760738958
|-terastallize|p2a: Cinderace|Fire
|move|p2a: Cinderace|Pyro Ball|p1a: Fezandipiti
|-damage|p1a: Fezandipiti|18/100
|move|p1a: Fezandipiti|Roost|p1a: Fezandipiti
|-heal|p1a: Fezandipiti|68/100
|-singleturn|p1a: Fezandipiti|move: Roost
|
|-heal|p2a: Cinderace|90/100|[from] Grassy Terrain
|-heal|p1a: Fezandipiti|74/100|[from] Grassy Terrain
|-heal|p1a: Fezandipiti|80/100|[from] item: Leftovers
|upkeep
|turn|6
|
|t:|1760738964
|move|p2a: Cinderace|Pyro Ball|p1a: Fezandipiti
|-damage|p1a: Fezandipiti|24/100
|move|p1a: Fezandipiti|Roost|p1a: Fezandipiti
|-heal|p1a: Fezandipiti|74/100
|-singleturn|p1a: Fezandipiti|move: Roost
|
|-heal|p2a: Cinderace|96/100|[from] Grassy Terrain
|-heal|p1a: Fezandipiti|80/100|[from] Grassy Terrain
|-heal|p1a: Fezandipiti|86/100|[from] item: Leftovers
|-fieldend|move: Grassy Terrain
|upkeep
|turn|7
|
|t:|1760738970
|move|p2a: Cinderace|Pyro Ball|p1a: Fezandipiti
|-damage|p1a: Fezandipiti|29/100
|move|p1a: Fezandipiti|Roost|p1a: Fezandipiti
|-heal|p1a: Fezandipiti|79/100
|-singleturn|p1a: Fezandipiti|move: Roost
|
|-heal|p1a: Fezandipiti|85/100|[from] item: Leftovers
|upkeep
|turn|8
|
|t:|1760738972
|move|p2a: Cinderace|Pyro Ball|p1a: Fezandipiti
|-damage|p1a: Fezandipiti|28/100
|move|p1a: Fezandipiti|Roost|p1a: Fezandipiti
|-heal|p1a: Fezandipiti|78/100
|-singleturn|p1a: Fezandipiti|move: Roost
|
|-heal|p1a: Fezandipiti|84/100|[from] item: Leftovers
|upkeep
|turn|9
|
|t:|1760738975
|move|p2a: Cinderace|Pyro Ball|p1a: Fezandipiti
|-damage|p1a: Fezandipiti|30/100
|-status|p1a: Fezandipiti|brn
|move|p1a: Fezandipiti|Roost|p1a: Fezandipiti
|-heal|p1a: Fezandipiti|80/100 brn
|-singleturn|p1a: Fezandipiti|move: Roost
|
|-heal|p1a: Fezandipiti|87/100 brn|[from] item: Leftovers
|-damage|p1a: Fezandipiti|80/100 brn|[from] brn
|upkeep
|turn|10
|
|t:|1760738978
|move|p2a: Cinderace|Pyro Ball|p1a: Fezandipiti
|-damage|p1a: Fezandipiti|26/100 brn
|move|p1a: Fezandipiti|Roost|p1a: Fezandipiti
|-heal|p1a: Fezandipiti|76/100 brn
|-singleturn|p1a: Fezandipiti|move: Roost
|
|-heal|p1a: Fezandipiti|82/100 brn|[from] item: Leftovers
|-damage|p1a: Fezandipiti|76/100 brn|[from] brn
|upkeep
|turn|11
|
|t:|1760738984
|move|p2a: Cinderace|U-turn|p1a: Fezandipiti
|-resisted|p1a: Fezandipiti
|-damage|p1a: Fezandipiti|72/100 brn
|
|t:|1760738988
|switch|p2a: Zapdos|Zapdos|100/100|[from] U-turn
|move|p1a: Fezandipiti|Roost|p1a: Fezandipiti
|-heal|p1a: Fezandipiti|100/100 brn
|-singleturn|p1a: Fezandipiti|move: Roost
|
|-damage|p1a: Fezandipiti|94/100 brn|[from] brn
|upkeep
|turn|12
|
|t:|1760738992
|move|p2a: Zapdos|Volt Switch|p1a: Fezandipiti
|-damage|p1a: Fezandipiti|69/100 brn
|
|t:|1760738996
|switch|p2a: Rillaboom|Rillaboom, F|100/100|[from] Volt Switch
|-fieldstart|move: Grassy Terrain|[from] ability: Grassy Surge|[of] p2a: Rillaboom
|move|p1a: Fezandipiti|Calm Mind|p1a: Fezandipiti
|-boost|p1a: Fezandipiti|spa|1
|-boost|p1a: Fezandipiti|spd|1
|
|-heal|p1a: Fezandipiti|75/100 brn|[from] Grassy Terrain
|-heal|p1a: Fezandipiti|81/100 brn|[from] item: Leftovers
|-damage|p1a: Fezandipiti|75/100 brn|[from] brn
|upkeep
|turn|13
|
|t:|1760739002
|move|p2a: Rillaboom|Wood Hammer|p1a: Fezandipiti
|-resisted|p1a: Fezandipiti
|-damage|p1a: Fezandipiti|31/100 brn
|-damage|p2a: Rillaboom|84/100|[from] Recoil
|move|p1a: Fezandipiti|Roost|p1a: Fezandipiti
|-heal|p1a: Fezandipiti|81/100 brn
|-singleturn|p1a: Fezandipiti|move: Roost
|
|-heal|p2a: Rillaboom|91/100|[from] Grassy Terrain
|-heal|p1a: Fezandipiti|87/100 brn|[from] Grassy Terrain
|-heal|p1a: Fezandipiti|93/100 brn|[from] item: Leftovers
|-damage|p1a: Fezandipiti|87/100 brn|[from] brn
|upkeep
|turn|14
|
|t:|1760739005
|move|p2a: Rillaboom|Wood Hammer|p1a: Fezandipiti
|-resisted|p1a: Fezandipiti
|-damage|p1a: Fezandipiti|43/100 brn
|-damage|p2a: Rillaboom|74/100|[from] Recoil
|move|p1a: Fezandipiti|Acid Spray|p2a: Rillaboom
|-supereffective|p2a: Rillaboom
|-damage|p2a: Rillaboom|14/100
|-unboost|p2a: Rillaboom|spd|2
|-status|p2a: Rillaboom|tox|[from] ability: Toxic Chain|[of] p1a: Fezandipiti
|
|-heal|p2a: Rillaboom|20/100 tox|[from] Grassy Terrain
|-heal|p1a: Fezandipiti|49/100 brn|[from] Grassy Terrain
|-heal|p1a: Fezandipiti|55/100 brn|[from] item: Leftovers
|-damage|p2a: Rillaboom|14/100 tox|[from] psn
|-damage|p1a: Fezandipiti|49/100 brn|[from] brn
|upkeep
|turn|15
|
|t:|1760739010
|move|p2a: Rillaboom|Wood Hammer|p1a: Fezandipiti
|-resisted|p1a: Fezandipiti
|-damage|p1a: Fezandipiti|4/100 brn
|-damage|p2a: Rillaboom|0 fnt|[from] Recoil
|faint|p2a: Rillaboom
|move|p1a: Fezandipiti|Acid Spray|p2: Rillaboom|[notarget]
|-fail|p1a: Fezandipiti
|
|-heal|p1a: Fezandipiti|10/100 brn|[from] Grassy Terrain
|-heal|p1a: Fezandipiti|16/100 brn|[from] item: Leftovers
|-damage|p1a: Fezandipiti|10/100 brn|[from] brn
|upkeep
|
|t:|1760739016
|switch|p2a: Enamorus|Enamorus, F|100/100
|turn|16
|
|t:|1760739018
|move|p2a: Enamorus|Moonblast|p1a: Fezandipiti
|-resisted|p1a: Fezandipiti
|-damage|p1a: Fezandipiti|0 fnt
|faint|p1a: Fezandipiti
|
|-fieldend|move: Grassy Terrain
|upkeep
|
|t:|1760739023
|switch|p1a: Magnezone|Magnezone, shiny|100/100
|turn|17
|
|t:|1760739028
|switch|p2a: Zapdos|Zapdos|100/100
|move|p1a: Magnezone|Flash Cannon|p2a: Zapdos
|-resisted|p2a: Zapdos
|-damage|p2a: Zapdos|74/100
|
|upkeep
|turn|18
|
|t:|1760739032
|move|p2a: Zapdos|Heat Wave|p1a: Magnezone
|-supereffective|p1a: Magnezone
|-damage|p1a: Magnezone|28/100
|-status|p1a: Magnezone|brn
|move|p1a: Magnezone|Volt Switch|p2a: Zapdos
|-damage|p2a: Zapdos|28/100
|
|t:|1760739040
|switch|p1a: Regidrago|Regidrago|100/100|[from] Volt Switch
|
|upkeep
|turn|19
|
|t:|1760739044
|move|p1a: Regidrago|Dragon Energy|p2a: Zapdos
|-damage|p2a: Zapdos|0 fnt
|faint|p2a: Zapdos
|
|upkeep
|
|t:|1760739046
|switch|p2a: Enamorus|Enamorus, F|100/100
|turn|20
|
|t:|1760739048
|switch|p1a: Magnezone|Magnezone, shiny|28/100 brn
|move|p2a: Enamorus|Moonblast|p1a: Magnezone
|-resisted|p1a: Magnezone
|-damage|p1a: Magnezone|7/100 brn
|-unboost|p1a: Magnezone|spa|1
|
|-damage|p1a: Magnezone|1/100 brn|[from] brn
|upkeep
|turn|21
|
|t:|1760739051
|move|p2a: Enamorus|Moonblast|p1a: Magnezone
|-resisted|p1a: Magnezone
|-damage|p1a: Magnezone|0 fnt
|faint|p1a: Magnezone
|
|upkeep
|
|t:|1760739063
|switch|p1a: Great Tusk|Great Tusk, shiny|100/100
|-enditem|p1a: Great Tusk|Booster Energy
|-activate|p1a: Great Tusk|ability: Protosynthesis|[fromitem]
|-start|p1a: Great Tusk|protosynthesisatk
|turn|22
|
|t:|1760739067
|-terastallize|p1a: Great Tusk|Steel
|move|p2a: Enamorus|Moonblast|p1a: Great Tusk
|-resisted|p1a: Great Tusk
|-damage|p1a: Great Tusk|59/100
|move|p1a: Great Tusk|Ice Spinner|p2a: Enamorus
|-supereffective|p2a: Enamorus
|-damage|p2a: Enamorus|0 fnt
|faint|p2a: Enamorus
|
|upkeep
|
|t:|1760739069
|switch|p2a: Cinderace|Cinderace, F, tera:Fire|96/100
|turn|23
|
|t:|1760739073
|move|p2a: Cinderace|Pyro Ball|p1a: Great Tusk
|-supereffective|p1a: Great Tusk
|-damage|p1a: Great Tusk|0 fnt
|faint|p1a: Great Tusk
|-end|p1a: Great Tusk|Protosynthesis|[silent]
|
|upkeep
|
|t:|1760739075
|switch|p1a: Regidrago|Regidrago|100/100
|turn|24
|
|t:|1760739077
|move|p2a: Cinderace|Sucker Punch|p1a: Regidrago
|-damage|p1a: Regidrago|74/100
|move|p1a: Regidrago|Dragon Energy|p2a: Cinderace
|-damage|p2a: Cinderace|1/100
|
|upkeep
|turn|25
|
|t:|1760739081
|move|p2a: Cinderace|Sucker Punch|p1a: Regidrago
|-damage|p1a: Regidrago|51/100
|move|p1a: Regidrago|Dragon Energy|p2a: Cinderace
|-damage|p2a: Cinderace|0 fnt
|faint|p2a: Cinderace
|
|upkeep
|
|t:|1760739084
|switch|p2a: Kyurem|Kyurem|100/100
|-ability|p2a: Kyurem|Pressure
|turn|26
|
|t:|1760739086
|move|p1a: Regidrago|Dragon Energy|p2a: Kyurem
|-supereffective|p2a: Kyurem
|-damage|p2a: Kyurem|13/100
|move|p2a: Kyurem|Ice Beam|p1a: Regidrago
|-supereffective|p1a: Regidrago
|-damage|p1a: Regidrago|0 fnt
|faint|p1a: Regidrago
|
|upkeep
|
|t:|1760739088
|switch|p1a: Hydreigon|Hydreigon, M, shiny|100/100
|turn|27
|
|t:|1760739090
|move|p1a: Hydreigon|Dark Pulse|p2a: Kyurem
|-damage|p2a: Kyurem|0 fnt
|faint|p2a: Kyurem
|
|win|DiamondFury205
|raw|DiamondFury205's rating: 1496 &rarr; <strong>1514</strong><br />(+18 for winning)
|raw|Kadoooooow's rating: 1454 &rarr; <strong>1436</strong><br />(-18 for losing)
|l|‽Kadoooooow
|player|p2|
|l|☆DiamondFury205
|player|p1|
