|j|☆Rbtnk
|j|☆G.BREND
|t:|1760788944
|gametype|singles
|player|p1|Rbtnk|scientistf|1115
|player|p2|G.BREND|youngcouple-gen4dp|1154
|gen|9
|tier|[Gen 9] OU
|rated|
|rule|HP Percentage Mod: HP is shown in percentages
|rule|Endless Battle Clause: Forcing endless battles is banned
|rule|Species Clause: Limit one of each Pokémon
|rule|OHKO Clause: OHKO moves are banned
|rule|Evasion Items Clause: Evasion items are banned
|rule|Evasion Moves Clause: Evasion moves are banned
|rule|Evasion Abilities Clause: Evasion abilities are banned
|rule|Sleep Moves Clause: Sleep-inducing moves are banned
|clearpoke
|poke|p1|Primarina, F|
|poke|p1|Glimmora, M|
|poke|p1|Houndoom, M|
|poke|p1|Pecharunt|
|poke|p1|Kyurem|
|poke|p1|Kilowattrel, M|
|poke|p2|Pikachu, F|
|poke|p2|Mimikyu, M|
|poke|p2|Gallade, M|
|poke|p2|Gardevoir, F|
|poke|p2|Gyarados, M|
|poke|p2|Milotic, F|
|teampreview
|inactive|Battle timer is ON: inactive players will automatically lose when time's up. (requested by Rbtnk)
|
|t:|1760788961
|teamsize|p1|6
|teamsize|p2|6
|start
|switch|p1a: Glimmora|Glimmora, M|100/100
|switch|p2a: Pikachu|Pikachu, F|100/100
|turn|1
|
|t:|1760788970
|move|p2a: Pikachu|Surf|p1a: Glimmora
|-supereffective|p1a: Glimmora
|-enditem|p1a: Glimmora|Focus Sash
|-damage|p1a: Glimmora|1/100
|move|p1a: Glimmora|Stealth Rock|p2a: Pikachu
|-sidestart|p2: G.BREND|move: Stealth Rock
|
|upkeep
|turn|2
|
|t:|1760788981
|switch|p1a: Primarina|Primarina, F|100/100
|move|p2a: Pikachu|Surf|p1a: Primarina
|-resisted|p1a: Primarina
|-damage|p1a: Primarina|87/100
|
|upkeep
|turn|3
|
|t:|1760788992
|switch|p1a: Kilowattrel|Kilowattrel, M|100/100
|move|p2a: Pikachu|Thunder|p1a: Kilowattrel
|-immune|p1a: Kilowattrel|[from] ability: Volt Absorb
|
|upkeep
|turn|4
|
|t:|1760789001
|move|p1a: Kilowattrel|Charge|p1a: Kilowattrel
|-boost|p1a: Kilowattrel|spd|1
|-start|p1a: Kilowattrel|Charge
|move|p2a: Pikachu|Light Screen|p2a: Pikachu
|-sidestart|p2: G.BREND|move: Light Screen
|
|upkeep
|turn|5
|
|t:|1760789009
|move|p1a: Kilowattrel|Charge|p1a: Kilowattrel
|-boost|p1a: Kilowattrel|spd|1
|-start|p1a: Kilowattrel|Charge
|move|p2a: Pikachu|Surf|p1a: Kilowattrel
|-damage|p1a: Kilowattrel|71/100
|
|upkeep
|turn|6
|
|t:|1760789015
|move|p1a: Kilowattrel|Charge|p1a: Kilowattrel
|-boost|p1a: Kilowattrel|spd|1
|-start|p1a: Kilowattrel|Charge
|move|p2a: Pikachu|Surf|p1a: Kilowattrel
|-damage|p1a: Kilowattrel|49/100
|
|upkeep
|turn|7
|
|t:|1760789024
|move|p1a: Kilowattrel|Charge|p1a: Kilowattrel
|-boost|p1a: Kilowattrel|spd|1
|-start|p1a: Kilowattrel|Charge
|move|p2a: Pikachu|Surf|p1a: Kilowattrel
|-damage|p1a: Kilowattrel|28/100
|
|upkeep
|turn|8
|
|t:|1760789033
|move|p1a: Kilowattrel|Roost|p1a: Kilowattrel
|-heal|p1a: Kilowattrel|78/100
|-singleturn|p1a: Kilowattrel|move: Roost
|move|p2a: Pikachu|Surf|p1a: Kilowattrel
|-damage|p1a: Kilowattrel|58/100
|
|-sideend|p2: G.BREND|move: Light Screen
|upkeep
|turn|9
|
|t:|1760789037
|move|p1a: Kilowattrel|Charge|p1a: Kilowattrel
|-boost|p1a: Kilowattrel|spd|1
|-start|p1a: Kilowattrel|Charge
|move|p2a: Pikachu|Light Screen|p2a: Pikachu
|-sidestart|p2: G.BREND|move: Light Screen
|
|upkeep
|turn|10
|
|t:|1760789043
|move|p1a: Kilowattrel|Charge|p1a: Kilowattrel
|-boost|p1a: Kilowattrel|spd|1
|-start|p1a: Kilowattrel|Charge
|move|p2a: Pikachu|Surf|p1a: Kilowattrel
|-damage|p1a: Kilowattrel|44/100
|
|upkeep
|turn|11
|
|t:|1760789053
|move|p1a: Kilowattrel|Roost|p1a: Kilowattrel
|-heal|p1a: Kilowattrel|94/100
|-singleturn|p1a: Kilowattrel|move: Roost
|move|p2a: Pikachu|Surf|p1a: Kilowattrel
|-damage|p1a: Kilowattrel|79/100
|
|upkeep
|turn|12
|
|t:|1760789061
|switch|p2a: Gyarados|Gyarados, M|100/100
|-damage|p2a: Gyarados|76/100|[from] Stealth Rock
|move|p1a: Kilowattrel|Discharge|p2a: Gyarados
|-supereffective|p2a: Gyarados
|-damage|p2a: Gyarados|0 fnt
|faint|p2a: Gyarados
|-end|p1a: Kilowattrel|Charge|[silent]
|
|upkeep
|
|t:|1760789069
|switch|p2a: Milotic|Milotic, F|100/100
|-damage|p2a: Milotic|88/100|[from] Stealth Rock
|turn|13
|
|t:|1760789073
|switch|p2a: Pikachu|Pikachu, F|100/100
|-damage|p2a: Pikachu|88/100|[from] Stealth Rock
|move|p1a: Kilowattrel|Discharge|p2a: Pikachu
|-ability|p2a: Pikachu|Lightning Rod|boost
|-boost|p2a: Pikachu|spa|1
|
|-sideend|p2: G.BREND|move: Light Screen
|upkeep
|turn|14
|
|t:|1760789082
|move|p1a: Kilowattrel|Air Slash|p2a: Pikachu
|-resisted|p2a: Pikachu
|-damage|p2a: Pikachu|48/100
|cant|p2a: Pikachu|flinch
|
|upkeep
|turn|15
|
|t:|1760789084
|move|p1a: Kilowattrel|Air Slash|p2a: Pikachu
|-resisted|p2a: Pikachu
|-damage|p2a: Pikachu|5/100
|move|p2a: Pikachu|Light Screen|p2a: Pikachu
|-sidestart|p2: G.BREND|move: Light Screen
|
|upkeep
|turn|16
|
|t:|1760789090
|move|p1a: Kilowattrel|Air Slash|p2a: Pikachu
|-resisted|p2a: Pikachu
|-damage|p2a: Pikachu|0 fnt
|faint|p2a: Pikachu
|
|upkeep
|
|t:|1760789093
|switch|p2a: Gardevoir|Gardevoir, F|100/100
|-damage|p2a: Gardevoir|88/100|[from] Stealth Rock
|-ability|p2a: Gardevoir|Volt Absorb|Trace|[from] ability: Trace|[of] p1a: Kilowattrel
|turn|17
|
|t:|1760789102
|move|p1a: Kilowattrel|Charge|p1a: Kilowattrel
|-boost|p1a: Kilowattrel|spd|0
|-start|p1a: Kilowattrel|Charge
|move|p2a: Gardevoir|Mystical Fire|p1a: Kilowattrel
|-damage|p1a: Kilowattrel|69/100
|-unboost|p1a: Kilowattrel|spa|1
|
|-heal|p2a: Gardevoir|94/100|[from] item: Leftovers
|upkeep
|turn|18
|
|t:|1760789110
|move|p1a: Kilowattrel|Discharge|p2a: Gardevoir
|-heal|p2a: Gardevoir|100/100|[from] ability: Volt Absorb|[of] p1a: Kilowattrel
|-end|p1a: Kilowattrel|Charge|[silent]
|move|p2a: Gardevoir|Calm Mind|p2a: Gardevoir
|-boost|p2a: Gardevoir|spa|1
|-boost|p2a: Gardevoir|spd|1
|
|upkeep
|turn|19
|
|t:|1760789120
|move|p1a: Kilowattrel|Air Slash|p2a: Gardevoir
|-damage|p2a: Gardevoir|93/100
|move|p2a: Gardevoir|Calm Mind|p2a: Gardevoir
|-boost|p2a: Gardevoir|spa|1
|-boost|p2a: Gardevoir|spd|1
|
|-heal|p2a: Gardevoir|99/100|[from] item: Leftovers
|-sideend|p2: G.BREND|move: Light Screen
|upkeep
|turn|20
|
|t:|1760789132
|switch|p1a: Glimmora|Glimmora, M|1/100
|move|p2a: Gardevoir|Mystical Fire|p1a: Glimmora
|-resisted|p1a: Glimmora
|-damage|p1a: Glimmora|0 fnt
|faint|p1a: Glimmora
|
|-heal|p2a: Gardevoir|100/100|[from] item: Leftovers
|upkeep
|
|t:|1760789143
|switch|p1a: Kyurem|Kyurem|100/100
|-ability|p1a: Kyurem|Pressure
|turn|21
|
|t:|1760789149
|-terastallize|p1a: Kyurem|Fire
|move|p1a: Kyurem|Dragon Dance|p1a: Kyurem
|-boost|p1a: Kyurem|atk|1
|-boost|p1a: Kyurem|spe|1
|move|p2a: Gardevoir|Moonblast|p1a: Kyurem
|-resisted|p1a: Kyurem
|-damage|p1a: Kyurem|58/100
|
|upkeep
|turn|22
|
|t:|1760789161
|move|p1a: Kyurem|Tera Blast|p2a: Gardevoir|[anim] Tera Blast Fire
|-damage|p2a: Gardevoir|20/100
|move|p2a: Gardevoir|Psychic|p1a: Kyurem
|-damage|p1a: Kyurem|0 fnt
|faint|p1a: Kyurem
|
|-heal|p2a: Gardevoir|27/100|[from] item: Leftovers
|upkeep
|
|t:|1760789169
|switch|p1a: Pecharunt|Pecharunt|100/100
|turn|23
|
|t:|1760789174
|move|p1a: Pecharunt|Malignant Chain|p2a: Gardevoir
|-supereffective|p2a: Gardevoir
|-damage|p2a: Gardevoir|0 fnt
|faint|p2a: Gardevoir
|
|upkeep
|
|t:|1760789178
|switch|p2a: Gallade|Gallade, M|100/100
|-damage|p2a: Gallade|94/100|[from] Stealth Rock
|turn|24
|
|t:|1760789184
|move|p2a: Gallade|Psycho Cut|p1a: Pecharunt
|-supereffective|p1a: Pecharunt
|-damage|p1a: Pecharunt|29/100
|move|p1a: Pecharunt|Malignant Chain|p2a: Gallade
|-damage|p2a: Gallade|51/100
|
|upkeep
|turn|25
|
|t:|1760789192
|move|p2a: Gallade|Psycho Cut|p1a: Pecharunt
|-supereffective|p1a: Pecharunt
|-damage|p1a: Pecharunt|0 fnt
|faint|p1a: Pecharunt
|
|upkeep
|
|t:|1760789195
|switch|p1a: Houndoom|Houndoom, M|100/100
|turn|26
|
|t:|1760789201
|switch|p2a: Milotic|Milotic, F|88/100
|-damage|p2a: Milotic|76/100|[from] Stealth Rock
|move|p1a: Houndoom|Heat Wave|p2a: Milotic
|-resisted|p2a: Milotic
|-damage|p2a: Milotic|60/100
|-status|p2a: Milotic|brn
|
|-damage|p2a: Milotic|54/100 brn|[from] brn
|upkeep
|turn|27
|
|t:|1760789211
|move|p1a: Houndoom|Nasty Plot|p1a: Houndoom
|-boost|p1a: Houndoom|spa|2
|move|p2a: Milotic|Scald|p1a: Houndoom
|-supereffective|p1a: Houndoom
|-damage|p1a: Houndoom|7/100
|
|-damage|p2a: Milotic|48/100 brn|[from] brn
|upkeep
|turn|28
|
|t:|1760789221
|move|p1a: Houndoom|Dark Pulse|p2a: Milotic
|-damage|p2a: Milotic|0 fnt
|faint|p2a: Milotic
|
|upkeep
|
|t:|1760789224
|switch|p2a: Gallade|Gallade, M|51/100
|-damage|p2a: Gallade|45/100|[from] Stealth Rock
|turn|29
|
|t:|1760789229
|move|p2a: Gallade|Sacred Sword|p1a: Houndoom
|-supereffective|p1a: Houndoom
|-damage|p1a: Houndoom|0 fnt
|faint|p1a: Houndoom
|
|upkeep
|
|t:|1760789232
|switch|p1a: Kilowattrel|Kilowattrel, M|69/100
|turn|30
|
|t:|1760789242
|switch|p2a: Mimikyu|Mimikyu, M|100/100
|-damage|p2a: Mimikyu|88/100|[from] Stealth Rock
|move|p1a: Kilowattrel|Air Slash|p2a: Mimikyu
|-activate|p2a: Mimikyu|ability: Disguise
|-damage|p2a: Mimikyu|88/100
|detailschange|p2a: Mimikyu|Mimikyu-Busted, M
|-damage|p2a: Mimikyu|76/100|[from] pokemon: Mimikyu-Busted
|
|upkeep
|turn|31
|
|t:|1760789248
|move|p1a: Kilowattrel|Discharge|p2a: Mimikyu
|-damage|p2a: Mimikyu|32/100
|move|p2a: Mimikyu|Bulk Up|p2a: Mimikyu
|-boost|p2a: Mimikyu|atk|1
|-boost|p2a: Mimikyu|def|1
|
|upkeep
|turn|32
|
|t:|1760789253
|move|p1a: Kilowattrel|Discharge|p2a: Mimikyu
|-damage|p2a: Mimikyu|0 fnt
|faint|p2a: Mimikyu
|
|upkeep
|
|t:|1760789255
|switch|p2a: Gallade|Gallade, M|45/100
|-damage|p2a: Gallade|39/100|[from] Stealth Rock
|turn|33
|
|t:|1760789263
|-terastallize|p2a: Gallade|Psychic
|move|p2a: Gallade|Psycho Cut|p1a: Kilowattrel
|-damage|p1a: Kilowattrel|0 fnt
|faint|p1a: Kilowattrel
|
|upkeep
|
|t:|1760789267
|switch|p1a: Primarina|Primarina, F|87/100
|turn|34
|
|t:|1760789272
|move|p2a: Gallade|Psycho Cut|p1a: Primarina
|-damage|p1a: Primarina|0 fnt
|faint|p1a: Primarina
|
|win|G.BREND
|raw|Rbtnk's rating: 1115 &rarr; <strong>1093</strong><br />(-22 for losing)
|raw|G.BREND's rating: 1154 &rarr; <strong>1176</strong><br />(+22 for winning)
|l|☆Rbtnk
|player|p1|
|l|☆G.BREND
|player|p2|
