|j|☆Mondeydoo
|j|☆HZBKAI7
|t:|1760849007
|gametype|singles
|player|p1|Mondeydoo|hoopster|1098
|player|p2|HZBKAI7|2|1119
|gen|9
|tier|[Gen 9] OU
|rated|
|rule|HP Percentage Mod: HP is shown in percentages
|rule|Endless Battle Clause: Forcing endless battles is banned
|rule|Species Clause: Limit one of each Pokémon
|rule|OHKO Clause: OHKO moves are banned
|rule|Evasion Items Clause: Evasion items are banned
|rule|Evasion Moves Clause: Evasion moves are banned
|rule|Evasion Abilities Clause: Evasion abilities are banned
|rule|Sleep Moves Clause: Sleep-inducing moves are banned
|clearpoke
|poke|p1|Dragonite, M|
|poke|p1|Deoxys-Speed|
|poke|p1|Rhydon, M|
|poke|p1|Tornadus-Therian, M|
|poke|p1|Muk, F|
|poke|p1|Heatran, F|
|poke|p2|Kingambit, F|
|poke|p2|Iron Treads|
|poke|p2|Necrozma|
|poke|p2|Pecharunt|
|poke|p2|Enamorus, F|
|poke|p2|Samurott-Hisui, F|
|teampreview
|
|t:|1760849010
|teamsize|p1|6
|teamsize|p2|6
|start
|switch|p1a: Heatran|Heatran, F, shiny|100/100
|switch|p2a: Enamorus|Enamorus, F, shiny|100/100
|turn|1
|
|t:|1760849018
|move|p2a: Enamorus|Earth Power|p1a: Heatran
|-supereffective|p1a: Heatran
|-damage|p1a: Heatran|13/100
|move|p1a: Heatran|Magma Storm|p2a: Enamorus
|-damage|p2a: Enamorus|36/100
|-activate|p2a: Enamorus|move: Magma Storm|[of] p1a: Heatran
|
|-heal|p1a: Heatran|20/100|[from] item: Leftovers
|-damage|p2a: Enamorus|24/100|[from] move: Magma Storm|[partiallytrapped]
|upkeep
|turn|2
|
|t:|1760849029
|-terastallize|p2a: Enamorus|Stellar
|move|p1a: Heatran|Protect|p1a: Heatran
|-singleturn|p1a: Heatran|Protect
|move|p2a: Enamorus|Earth Power|p1a: Heatran
|-activate|p1a: Heatran|move: Protect
|
|-heal|p1a: Heatran|26/100|[from] item: Leftovers
|-damage|p2a: Enamorus|11/100|[from] move: Magma Storm|[partiallytrapped]
|upkeep
|turn|3
|
|t:|1760849041
|move|p1a: Heatran|Protect||[still]
|-fail|p1a: Heatran
|move|p2a: Enamorus|Earth Power|p1a: Heatran
|-supereffective|p1a: Heatran
|-damage|p1a: Heatran|0 fnt
|faint|p1a: Heatran
|
|-end|p2a: Enamorus|Magma Storm|[partiallytrapped]|[silent]
|upkeep
|
|t:|1760849050
|switch|p1a: Deoxys|Deoxys-Speed, shiny|100/100
|-ability|p1a: Deoxys|Pressure
|turn|4
|
|t:|1760849058
|move|p2a: Enamorus|Earth Power|p1a: Deoxys
|-damage|p1a: Deoxys|44/100
|move|p1a: Deoxys|Psybeam|p2a: Enamorus
|-damage|p2a: Enamorus|0 fnt
|faint|p2a: Enamorus
|
|upkeep
|
|t:|1760849059
|switch|p2a: Kingambit|Kingambit, F, shiny|100/100
|-activate|p2a: Kingambit|ability: Supreme Overlord
|-start|p2a: Kingambit|fallen1|[silent]
|turn|5
|
|t:|1760849070
|move|p1a: Deoxys|Zap Cannon|p2a: Kingambit|[miss]
|-miss|p1a: Deoxys|p2a: Kingambit
|move|p2a: Kingambit|Kowtow Cleave|p1a: Deoxys
|-supereffective|p1a: Deoxys
|-damage|p1a: Deoxys|0 fnt
|faint|p1a: Deoxys
|
|upkeep
|
|t:|1760849083
|switch|p1a: Tornadus|Tornadus-Therian, M, shiny|100/100
|turn|6
|
|t:|1760849087
|move|p1a: Tornadus|Focus Blast|p2a: Kingambit
|-supereffective|p2a: Kingambit
|-damage|p2a: Kingambit|0 fnt
|faint|p2a: Kingambit
|-end|p2a: Kingambit|fallen1|[silent]
|
|upkeep
|
|t:|1760849087
|switch|p2a: Iron Treads|Iron Treads|100/100
|turn|7
|
|t:|1760849095
|move|p1a: Tornadus|Focus Blast|p2a: Iron Treads
|-supereffective|p2a: Iron Treads
|-damage|p2a: Iron Treads|0 fnt
|faint|p2a: Iron Treads
|-end|p2a: Iron Treads|Quark Drive|[silent]
|
|upkeep
|
|t:|1760849095
|switch|p2a: Necrozma|Necrozma, shiny|100/100
|turn|8
|
|t:|1760849106
|switch|p1a: Muk|Muk, F, shiny|100/100
|move|p2a: Necrozma|Photon Geyser|p1a: Muk
|-supereffective|p1a: Muk
|-damage|p1a: Muk|15/100
|
|-heal|p1a: Muk|21/100|[from] item: Black Sludge
|upkeep
|turn|9
|
|t:|1760849117
|move|p2a: Necrozma|Photon Geyser|p1a: Muk
|-supereffective|p1a: Muk
|-damage|p1a: Muk|0 fnt
|faint|p1a: Muk
|
|upkeep
|
|t:|1760849130
|switch|p1a: Dragonite|Dragonite, M, shiny|100/100
|turn|10
|
|t:|1760849134
|move|p1a: Dragonite|Dragon Dance|p1a: Dragonite
|-boost|p1a: Dragonite|atk|1
|-boost|p1a: Dragonite|spe|1
|move|p2a: Necrozma|Photon Geyser|p1a: Dragonite
|-damage|p1a: Dragonite|46/100
|
|upkeep
|turn|11
|
|t:|1760849145
|move|p1a: Dragonite|Rest|p1a: Dragonite
|-status|p1a: Dragonite|slp|[from] move: Rest
|-heal|p1a: Dragonite|100/100 slp|[silent]
|-enditem|p1a: Dragonite|Chesto Berry|[eat]
|-curestatus|p1a: Dragonite|slp|[msg]
|move|p2a: Necrozma|Photon Geyser|p1a: Dragonite
|-damage|p1a: Dragonite|43/100
|
|upkeep
|turn|12
|
|t:|1760849161
|move|p1a: Dragonite|Dragon Claw|p2a: Necrozma
|-damage|p2a: Necrozma|41/100
|move|p2a: Necrozma|Photon Geyser|p1a: Dragonite
|-damage|p1a: Dragonite|0 fnt
|faint|p1a: Dragonite
|
|upkeep
|
|t:|1760849171
|switch|p1a: Tornadus|Tornadus-Therian, M, shiny|100/100
|turn|13
|
|t:|1760849180
|move|p1a: Tornadus|Dark Pulse|p2a: Necrozma
|-supereffective|p2a: Necrozma
|-enditem|p2a: Necrozma|Colbur Berry|[eat]
|-enditem|p2a: Necrozma|Colbur Berry|[weaken]
|-damage|p2a: Necrozma|16/100
|move|p2a: Necrozma|Photon Geyser|p1a: Tornadus
|-damage|p1a: Tornadus|29/100
|
|upkeep
|turn|14
|
|t:|1760849191
|move|p1a: Tornadus|Dark Pulse|p2a: Necrozma
|-supereffective|p2a: Necrozma
|-damage|p2a: Necrozma|0 fnt
|faint|p2a: Necrozma
|
|upkeep
|
|t:|1760849191
|switch|p2a: Pecharunt|Pecharunt|100/100
|-item|p2a: Pecharunt|Air Balloon
|turn|15
|
|t:|1760849201
|switch|p1a: Rhydon|Rhydon, M, shiny|100/100
|move|p2a: Pecharunt|Malignant Chain|p1a: Rhydon
|-resisted|p1a: Rhydon
|-damage|p1a: Rhydon|95/100
|
|upkeep
|turn|16
|
|t:|1760849210
|move|p2a: Pecharunt|Shadow Ball|p1a: Rhydon
|-damage|p1a: Rhydon|79/100
|move|p1a: Rhydon|Rest|p1a: Rhydon
|-status|p1a: Rhydon|slp|[from] move: Rest
|-heal|p1a: Rhydon|100/100 slp|[silent]
|
|upkeep
|turn|17
|
|t:|1760849219
|move|p2a: Pecharunt|Shadow Ball|p1a: Rhydon
|-damage|p1a: Rhydon|83/100 slp
|cant|p1a: Rhydon|slp
|move|p1a: Rhydon|Sleep Talk|p1a: Rhydon
|move|p1a: Rhydon|Stone Edge|p2a: Pecharunt|[from] move: Sleep Talk
|-damage|p2a: Pecharunt|75/100
|-enditem|p2a: Pecharunt|Air Balloon
|
|upkeep
|turn|18
|
|t:|1760849230
|move|p2a: Pecharunt|Shadow Ball|p1a: Rhydon
|-crit|p1a: Rhydon
|-damage|p1a: Rhydon|59/100 slp
|cant|p1a: Rhydon|slp
|move|p1a: Rhydon|Sleep Talk|p1a: Rhydon
|move|p1a: Rhydon|Stone Edge|p2a: Pecharunt|[from] move: Sleep Talk
|-damage|p2a: Pecharunt|47/100
|
|upkeep
|turn|19
|
|t:|1760849242
|move|p2a: Pecharunt|Shadow Ball|p1a: Rhydon
|-damage|p1a: Rhydon|41/100 slp
|-curestatus|p1a: Rhydon|slp|[msg]
|move|p1a: Rhydon|Curse|p1a: Rhydon
|-unboost|p1a: Rhydon|spe|1
|-boost|p1a: Rhydon|atk|1
|-boost|p1a: Rhydon|def|1
|
|upkeep
|turn|20
|
|t:|1760849254
|move|p2a: Pecharunt|Shadow Ball|p1a: Rhydon
|-damage|p1a: Rhydon|24/100
|move|p1a: Rhydon|Rest|p1a: Rhydon
|-status|p1a: Rhydon|slp|[from] move: Rest
|-heal|p1a: Rhydon|100/100 slp|[silent]
|
|upkeep
|turn|21
|
|t:|1760849263
|move|p2a: Pecharunt|Shadow Ball|p1a: Rhydon
|-crit|p1a: Rhydon
|-damage|p1a: Rhydon|77/100 slp
|cant|p1a: Rhydon|slp
|move|p1a: Rhydon|Sleep Talk|p1a: Rhydon
|move|p1a: Rhydon|Curse|p1a: Rhydon|[from] move: Sleep Talk
|-unboost|p1a: Rhydon|spe|1
|-boost|p1a: Rhydon|atk|1
|-boost|p1a: Rhydon|def|1
|
|upkeep
|turn|22
|
|t:|1760849276
|move|p2a: Pecharunt|Shadow Ball|p1a: Rhydon
|-damage|p1a: Rhydon|61/100 slp
|-unboost|p1a: Rhydon|spd|1
|cant|p1a: Rhydon|slp
|move|p1a: Rhydon|Sleep Talk|p1a: Rhydon
|move|p1a: Rhydon|Curse|p1a: Rhydon|[from] move: Sleep Talk
|-unboost|p1a: Rhydon|spe|1
|-boost|p1a: Rhydon|atk|1
|-boost|p1a: Rhydon|def|1
|
|upkeep
|turn|23
|
|t:|1760849288
|move|p2a: Pecharunt|Shadow Ball|p1a: Rhydon
|-damage|p1a: Rhydon|36/100 slp
|-curestatus|p1a: Rhydon|slp|[msg]
|move|p1a: Rhydon|Stone Edge|p2a: Pecharunt
|-damage|p2a: Pecharunt|0 fnt
|faint|p2a: Pecharunt
|
|upkeep
|
|t:|1760849288
|switch|p2a: Samurott|Samurott-Hisui, F, shiny|100/100
|turn|24
|
|t:|1760849301
|move|p2a: Samurott|Razor Shell|p1a: Rhydon
|-supereffective|p1a: Rhydon
|-damage|p1a: Rhydon|0 fnt
|faint|p1a: Rhydon
|
|upkeep
|
|t:|1760849309
|switch|p1a: Tornadus|Tornadus-Therian, M, shiny|63/100
|turn|25
|
|t:|1760849315
|-terastallize|p1a: Tornadus|Flying
|move|p1a: Tornadus|Focus Blast|p2a: Samurott|[miss]
|-miss|p1a: Tornadus|p2a: Samurott
|move|p2a: Samurott|Razor Shell|p1a: Tornadus
|-damage|p1a: Tornadus|0 fnt
|faint|p1a: Tornadus
|
|win|HZBKAI7
|raw|Mondeydoo's rating: 1098 &rarr; <strong>1075</strong><br />(-23 for losing)
|raw|HZBKAI7's rating: 1119 &rarr; <strong>1142</strong><br />(+23 for winning)
|l|☆HZBKAI7
|player|p2|
|l|☆Mondeydoo
|player|p1|
