|j|☆killingnath
|j|☆boardchairman
|t:|1760850474
|gametype|singles
|player|p1|killingnath|170|1110
|player|p2|boardchairman|hilbert-wonderlauncher|1136
|gen|9
|tier|[Gen 9] OU
|rated|
|rule|HP Percentage Mod: HP is shown in percentages
|rule|Endless Battle Clause: Forcing endless battles is banned
|rule|Species Clause: Limit one of each Pokémon
|rule|OHKO Clause: OHKO moves are banned
|rule|Evasion Items Clause: Evasion items are banned
|rule|Evasion Moves Clause: Evasion moves are banned
|rule|Evasion Abilities Clause: Evasion abilities are banned
|rule|Sleep Moves Clause: Sleep-inducing moves are banned
|clearpoke
|poke|p1|Noivern, F|
|poke|p1|Heatran, M|
|poke|p1|Chandelure, M|
|poke|p1|Dragapult, F|
|poke|p1|Ogerpon-Wellspring, F|
|poke|p1|Zamazenta-*|
|poke|p2|Venomoth, F|
|poke|p2|Leavanny, F|
|poke|p2|Vivillon-Fancy, F|
|poke|p2|Vikavolt, F|
|poke|p2|Lokix, M|
|poke|p2|Ariados, M|
|teampreview
|inactive|Battle timer is ON: inactive players will automatically lose when time's up. (requested by killingnath)
|
|t:|1760850479
|teamsize|p1|6
|teamsize|p2|6
|start
|switch|p1a: Heatran|Heatran, M|100/100
|switch|p2a: Ariados|Ariados, M|100/100
|turn|1
|
|t:|1760850491
|move|p1a: Heatran|Taunt|p2a: Ariados
|-start|p2a: Ariados|move: Taunt
|cant|p2a: Ariados|move: Taunt|Sticky Web
|
|upkeep
|turn|2
|
|t:|1760850497
|move|p1a: Heatran|Stealth Rock|p2a: Ariados
|-sidestart|p2: boardchairman|move: Stealth Rock
|move|p2a: Ariados|Knock Off|p1a: Heatran
|-damage|p1a: Heatran|74/100
|-enditem|p1a: Heatran|Leftovers|[from] move: Knock Off|[of] p2a: Ariados
|
|upkeep
|turn|3
|
|t:|1760850507
|move|p1a: Heatran|Magma Storm|p2a: Ariados|[miss]
|-miss|p1a: Heatran|p2a: Ariados
|move|p2a: Ariados|Knock Off|p1a: Heatran
|-damage|p1a: Heatran|55/100
|
|-end|p2a: Ariados|move: Taunt
|upkeep
|turn|4
|
|t:|1760850516
|move|p1a: Heatran|Magma Storm|p2a: Ariados
|-supereffective|p2a: Ariados
|-damage|p2a: Ariados|0 fnt
|faint|p2a: Ariados
|
|upkeep
|
|t:|1760850526
|switch|p2a: Lokix|Lokix, M|100/100
|-damage|p2a: Lokix|76/100|[from] Stealth Rock
|turn|5
|
|t:|1760850539
|move|p1a: Heatran|Magma Storm|p2a: Lokix
|-supereffective|p2a: Lokix
|-damage|p2a: Lokix|0 fnt
|faint|p2a: Lokix
|
|upkeep
|
|t:|1760850544
|switch|p2a: Vivillon|Vivillon-Fancy, F|100/100
|-damage|p2a: Vivillon|51/100|[from] Stealth Rock
|turn|6
|
|t:|1760850549
|move|p2a: Vivillon|Light Screen|p2a: Vivillon
|-sidestart|p2: boardchairman|move: Light Screen
|move|p1a: Heatran|Magma Storm|p2a: Vivillon
|-supereffective|p2a: Vivillon
|-damage|p2a: Vivillon|0 fnt
|faint|p2a: Vivillon
|
|upkeep
|
|t:|1760850561
|switch|p2a: Vikavolt|Vikavolt, F|100/100
|-damage|p2a: Vikavolt|76/100|[from] Stealth Rock
|turn|7
|
|t:|1760850569
|move|p1a: Heatran|Magma Storm|p2a: Vikavolt
|-supereffective|p2a: Vikavolt
|-crit|p2a: Vikavolt
|-damage|p2a: Vikavolt|0 fnt
|faint|p2a: Vikavolt
|
|upkeep
|
|t:|1760850575
|switch|p2a: Leavanny|Leavanny, F|100/100
|-damage|p2a: Leavanny|76/100|[from] Stealth Rock
|turn|8
|
|t:|1760850581
|move|p1a: Heatran|Magma Storm|p2a: Leavanny
|-supereffective|p2a: Leavanny
|-damage|p2a: Leavanny|0 fnt
|faint|p2a: Leavanny
|
|upkeep
|
|t:|1760850587
|switch|p2a: Venomoth|Venomoth, F|100/100
|-damage|p2a: Venomoth|76/100|[from] Stealth Rock
|turn|9
|
|t:|1760850592
|move|p2a: Venomoth|Energy Ball|p1a: Heatran
|-resisted|p1a: Heatran
|-damage|p1a: Heatran|42/100
|move|p1a: Heatran|Magma Storm|p2a: Venomoth|[miss]
|-miss|p1a: Heatran|p2a: Venomoth
|
|upkeep
|turn|10
|-message|boardchairman forfeited.
|
|win|killingnath
|raw|killingnath's rating: 1110 &rarr; <strong>1137</strong><br />(+27 for winning)
|raw|boardchairman's rating: 1136 &rarr; <strong>1109</strong><br />(-27 for losing)
|l|☆boardchairman
|player|p2|
|l|☆killingnath
|player|p1|
