|j|☆ezor_t
|j|☆robopup27
|t:|1760866306
|gametype|singles
|player|p1|ezor_t|gambler|1328
|player|p2|robopup27|265|1359
|gen|9
|tier|[Gen 9] OU
|rated|
|rule|HP Percentage Mod: HP is shown in percentages
|rule|Endless Battle Clause: Forcing endless battles is banned
|rule|Species Clause: Limit one of each Pokémon
|rule|OHKO Clause: OHKO moves are banned
|rule|Evasion Items Clause: Evasion items are banned
|rule|Evasion Moves Clause: Evasion moves are banned
|rule|Evasion Abilities Clause: Evasion abilities are banned
|rule|Sleep Moves Clause: Sleep-inducing moves are banned
|clearpoke
|poke|p1|Wo-Chien|
|poke|p1|Cinderace, F|
|poke|p1|Hatterene, F|
|poke|p1|Dragonite, F|
|poke|p1|Deoxys-Speed|
|poke|p1|Ogerpon-Wellspring, F|
|poke|p2|Kyurem|
|poke|p2|Corviknight, F|
|poke|p2|Ting-Lu|
|poke|p2|Dondozo, M|
|poke|p2|Slowking-Galar, L99, F|
|poke|p2|Cinderace, F|
|teampreview
|inactive|Battle timer is ON: inactive players will automatically lose when time's up. (requested by ezor_t)
|inactive|ezor_t has 120 seconds left.
|
|t:|1760866352
|teamsize|p1|6
|teamsize|p2|6
|start
|switch|p1a: Cinderace|Cinderace, F|100/100
|switch|p2a: Corviknight|Corviknight, F|100/100
|-ability|p2a: Corviknight|Pressure
|turn|1
|
|t:|1760866359
|switch|p2a: Dondozo|Dondozo, M|100/100
|move|p1a: Cinderace|U-turn|p2a: Dondozo
|-start|p1a: Cinderace|typechange|Bug|[from] ability: Libero
|-damage|p2a: Dondozo|86/100
|
|t:|1760866365
|switch|p1a: Wo-Chien|Wo-Chien, shiny|100/100|[from] U-turn
|-ability|p1a: Wo-Chien|Tablets of Ruin
|
|-heal|p2a: Dondozo|92/100|[from] item: Leftovers
|upkeep
|turn|2
|
|t:|1760866375
|switch|p2a: Corviknight|Corviknight, F|100/100
|-ability|p2a: Corviknight|Pressure
|move|p1a: Wo-Chien|Leech Seed|p2a: Corviknight
|-start|p2a: Corviknight|move: Leech Seed
|
|-damage|p2a: Corviknight|88/100|[from] Leech Seed|[of] p1a: Wo-Chien
|upkeep
|turn|3
|
|t:|1760866385
|move|p2a: Corviknight|U-turn|p1a: Wo-Chien
|-supereffective|p1a: Wo-Chien
|-damage|p1a: Wo-Chien|67/100
|
|t:|1760866387
|switch|p2a: Cinderace|Cinderace, F|100/100|[from] U-turn
|move|p1a: Wo-Chien|Knock Off|p2a: Cinderace
|-damage|p2a: Cinderace|62/100
|-enditem|p2a: Cinderace|Heavy-Duty Boots|[from] move: Knock Off|[of] p1a: Wo-Chien
|
|-heal|p1a: Wo-Chien|73/100|[from] item: Leftovers
|upkeep
|turn|4
|
|t:|1760866398
|switch|p1a: Cinderace|Cinderace, F|100/100
|move|p2a: Cinderace|Will-O-Wisp|p1a: Cinderace
|-immune|p1a: Cinderace
|
|upkeep
|turn|5
|
|t:|1760866407
|move|p1a: Cinderace|U-turn|p2a: Cinderace
|-start|p1a: Cinderace|typechange|Bug|[from] ability: Libero
|-resisted|p2a: Cinderace
|-damage|p2a: Cinderace|42/100
|
|t:|1760866415
|switch|p1a: Hatterene|Hatterene, F, shiny|100/100|[from] U-turn
|move|p2a: Cinderace|U-turn|p1a: Hatterene
|-damage|p1a: Hatterene|84/100
|-enditem|p1a: Hatterene|Eject Button
|
|t:|1760866424
|switch|p1a: Deoxys|Deoxys-Speed|100/100
|-ability|p1a: Deoxys|Pressure
|
|upkeep
|turn|6
|
|t:|1760866435
|switch|p2a: Corviknight|Corviknight, F|88/100
|-ability|p2a: Corviknight|Pressure
|move|p1a: Deoxys|Stealth Rock|p2a: Corviknight
|-sidestart|p2: robopup27|move: Stealth Rock
|
|upkeep
|turn|7
|
|t:|1760866442
|move|p1a: Deoxys|Nasty Plot|p1a: Deoxys
|-boost|p1a: Deoxys|spa|2
|move|p2a: Corviknight|U-turn|p1a: Deoxys
|-supereffective|p1a: Deoxys
|-damage|p1a: Deoxys|52/100
|
|t:|1760866446
|switch|p2a: Slowking|Slowking-Galar, L99, F|100/100|[from] U-turn
|
|upkeep
|turn|8
|
|t:|1760866450
|move|p1a: Deoxys|Psycho Boost|p2a: Slowking
|-damage|p2a: Slowking|14/100
|-unboost|p1a: Deoxys|spa|2
|-damage|p1a: Deoxys|42/100|[from] item: Life Orb
|move|p2a: Slowking|Toxic|p1a: Deoxys
|-status|p1a: Deoxys|tox
|
|-damage|p1a: Deoxys|36/100 tox|[from] psn
|upkeep
|turn|9
|
|t:|1760866461
|switch|p2a: Corviknight|Corviknight, F|88/100
|-damage|p2a: Corviknight|76/100|[from] Stealth Rock
|-ability|p2a: Corviknight|Pressure
|move|p1a: Deoxys|Ice Beam|p2a: Corviknight
|-crit|p2a: Corviknight
|-damage|p2a: Corviknight|28/100
|-status|p2a: Corviknight|frz
|-damage|p1a: Deoxys|26/100 tox|[from] item: Life Orb
|
|-damage|p1a: Deoxys|14/100 tox|[from] psn
|upkeep
|turn|10
|c|☆robopup27|awesome
|
|t:|1760866475
|move|p1a: Deoxys|Psycho Boost|p2a: Corviknight
|-resisted|p2a: Corviknight
|-damage|p2a: Corviknight|0 fnt
|-unboost|p1a: Deoxys|spa|2
|faint|p2a: Corviknight
|-damage|p1a: Deoxys|4/100 tox|[from] item: Life Orb
|
|-damage|p1a: Deoxys|0 fnt|[from] psn
|faint|p1a: Deoxys
|upkeep
|
|t:|1760866493
|switch|p1a: Dragonite|Dragonite, F|100/100
|switch|p2a: Slowking|Slowking-Galar, L99, F|47/100
|turn|11
|
|t:|1760866502
|switch|p2a: Dondozo|Dondozo, M|92/100
|-damage|p2a: Dondozo|80/100|[from] Stealth Rock
|move|p1a: Dragonite|Earthquake|p2a: Dondozo
|-damage|p2a: Dondozo|63/100
|
|-heal|p2a: Dondozo|69/100|[from] item: Leftovers
|upkeep
|turn|12
|
|t:|1760866512
|switch|p1a: Wo-Chien|Wo-Chien, shiny|73/100
|-ability|p1a: Wo-Chien|Tablets of Ruin
|move|p2a: Dondozo|Body Press|p1a: Wo-Chien
|-supereffective|p1a: Wo-Chien
|-damage|p1a: Wo-Chien|42/100
|
|-heal|p1a: Wo-Chien|48/100|[from] item: Leftovers
|-heal|p2a: Dondozo|75/100|[from] item: Leftovers
|upkeep
|turn|13
|
|t:|1760866521
|switch|p2a: Slowking|Slowking-Galar, L99, F|80/100
|move|p1a: Wo-Chien|Leech Seed|p2a: Slowking
|-start|p2a: Slowking|move: Leech Seed
|
|-heal|p1a: Wo-Chien|54/100|[from] item: Leftovers
|-damage|p2a: Slowking|68/100|[from] Leech Seed|[of] p1a: Wo-Chien
|-heal|p1a: Wo-Chien|67/100|[silent]
|upkeep
|turn|14
|
|t:|1760866529
|switch|p1a: Hatterene|Hatterene, F, shiny|84/100
|-prepare|p2a: Slowking|Chilly Reception|[premajor]
|move|p2a: Slowking|Chilly Reception|p2a: Slowking
|-weather|Snowscape
|
|t:|1760866532
|switch|p2a: Cinderace|Cinderace, F|42/100|[from] Chilly Reception
|-damage|p2a: Cinderace|17/100|[from] Stealth Rock
|
|-weather|Snowscape|[upkeep]
|upkeep
|turn|15
|
|t:|1760866550
|move|p2a: Cinderace|Court Change|p2a: Cinderace
|-swapsideconditions
|-activate|p2a: Cinderace|move: Court Change
|move|p1a: Hatterene|Nuzzle|p2a: Cinderace
|-damage|p2a: Cinderace|12/100
|-status|p2a: Cinderace|par
|
|-weather|Snowscape|[upkeep]
|upkeep
|turn|16
|
|t:|1760866563
|move|p2a: Cinderace|Pyro Ball|p1a: Hatterene
|-damage|p1a: Hatterene|27/100
|move|p1a: Hatterene|Psychic Noise|p2a: Cinderace
|-damage|p2a: Cinderace|0 fnt
|faint|p2a: Cinderace
|
|-weather|Snowscape|[upkeep]
|upkeep
|
|t:|1760866568
|switch|p2a: Kyurem|Kyurem|100/100
|-ability|p2a: Kyurem|Pressure
|turn|17
|
|t:|1760866573
|move|p2a: Kyurem|Freeze-Dry|p1a: Hatterene
|-damage|p1a: Hatterene|0 fnt
|faint|p1a: Hatterene
|
|-weather|Snowscape|[upkeep]
|upkeep
|
|t:|1760866579
|switch|p1a: Cinderace|Cinderace, F|100/100
|turn|18
|
|t:|1760866583
|move|p2a: Kyurem|Protect|p2a: Kyurem
|-singleturn|p2a: Kyurem|Protect
|move|p1a: Cinderace|Low Kick|p2a: Kyurem
|-start|p1a: Cinderace|typechange|Fighting|[from] ability: Libero
|-activate|p2a: Kyurem|move: Protect
|
|-weather|none
|upkeep
|turn|19
|
|t:|1760866591
|switch|p2a: Slowking|Slowking-Galar, L99, F|100/100
|move|p1a: Cinderace|U-turn|p2a: Slowking
|-damage|p2a: Slowking|75/100
|
|t:|1760866601
|switch|p1a: Dragonite|Dragonite, F|100/100|[from] U-turn
|
|upkeep
|turn|20
|
|t:|1760866607
|move|p1a: Dragonite|Earthquake|p2a: Slowking
|-supereffective|p2a: Slowking
|-damage|p2a: Slowking|0 fnt
|faint|p2a: Slowking
|
|upkeep
|
|t:|1760866610
|switch|p2a: Kyurem|Kyurem|100/100
|-ability|p2a: Kyurem|Pressure
|turn|21
|
|t:|1760866618
|-terastallize|p1a: Dragonite|Fire
|move|p2a: Kyurem|Substitute|p2a: Kyurem
|-start|p2a: Kyurem|Substitute
|-damage|p2a: Kyurem|76/100
|move|p1a: Dragonite|Dragon Dance|p1a: Dragonite
|-boost|p1a: Dragonite|atk|1
|-boost|p1a: Dragonite|spe|1
|
|-heal|p2a: Kyurem|82/100|[from] item: Leftovers
|upkeep
|turn|22
|
|t:|1760866628
|move|p1a: Dragonite|Extreme Speed|p2a: Kyurem
|-end|p2a: Kyurem|Substitute
|move|p2a: Kyurem|Earth Power|p1a: Dragonite
|-supereffective|p1a: Dragonite
|-damage|p1a: Dragonite|66/100
|
|-heal|p2a: Kyurem|88/100|[from] item: Leftovers
|upkeep
|turn|23
|
|t:|1760866639
|switch|p2a: Dondozo|Dondozo, M|75/100
|move|p1a: Dragonite|Earthquake|p2a: Dondozo
|-damage|p2a: Dondozo|58/100
|
|-heal|p2a: Dondozo|65/100|[from] item: Leftovers
|upkeep
|turn|24
|
|t:|1760866647
|move|p1a: Dragonite|Roost|p1a: Dragonite
|-heal|p1a: Dragonite|100/100
|move|p2a: Dondozo|Body Press|p1a: Dragonite
|-damage|p1a: Dragonite|84/100
|
|-heal|p2a: Dondozo|71/100|[from] item: Leftovers
|upkeep
|turn|25
|
|t:|1760866655
|switch|p1a: Wo-Chien|Wo-Chien, shiny|67/100
|-damage|p1a: Wo-Chien|55/100|[from] Stealth Rock
|-ability|p1a: Wo-Chien|Tablets of Ruin
|move|p2a: Dondozo|Body Press|p1a: Wo-Chien
|-supereffective|p1a: Wo-Chien
|-damage|p1a: Wo-Chien|21/100
|
|-heal|p1a: Wo-Chien|28/100|[from] item: Leftovers
|-heal|p2a: Dondozo|77/100|[from] item: Leftovers
|upkeep
|turn|26
|
|t:|1760866665
|move|p1a: Wo-Chien|Giga Drain|p2a: Dondozo
|-supereffective|p2a: Dondozo
|-damage|p2a: Dondozo|26/100
|-heal|p1a: Wo-Chien|62/100|[from] drain|[of] p2a: Dondozo
|move|p2a: Dondozo|Body Press|p1a: Wo-Chien
|-supereffective|p1a: Wo-Chien
|-damage|p1a: Wo-Chien|29/100
|
|-heal|p1a: Wo-Chien|35/100|[from] item: Leftovers
|-heal|p2a: Dondozo|32/100|[from] item: Leftovers
|upkeep
|turn|27
|
|t:|1760866678
|switch|p2a: Kyurem|Kyurem|88/100
|-ability|p2a: Kyurem|Pressure
|move|p1a: Wo-Chien|Knock Off|p2a: Kyurem
|-damage|p2a: Kyurem|60/100
|-enditem|p2a: Kyurem|Leftovers|[from] move: Knock Off|[of] p1a: Wo-Chien
|
|-heal|p1a: Wo-Chien|41/100|[from] item: Leftovers
|upkeep
|turn|28
|
|t:|1760866691
|switch|p1a: Cinderace|Cinderace, F|100/100
|move|p2a: Kyurem|Freeze-Dry|p1a: Cinderace
|-resisted|p1a: Cinderace
|-damage|p1a: Cinderace|75/100
|
|upkeep
|turn|29
|
|t:|1760866703
|move|p2a: Kyurem|Protect|p2a: Kyurem
|-singleturn|p2a: Kyurem|Protect
|move|p1a: Cinderace|Low Kick|p2a: Kyurem
|-start|p1a: Cinderace|typechange|Fighting|[from] ability: Libero
|-activate|p2a: Kyurem|move: Protect
|
|upkeep
|turn|30
|
|t:|1760866709
|switch|p2a: Ting-Lu|Ting-Lu|100/100
|-ability|p2a: Ting-Lu|Vessel of Ruin
|move|p1a: Cinderace|Low Kick|p2a: Ting-Lu
|-supereffective|p2a: Ting-Lu
|-damage|p2a: Ting-Lu|39/100
|
|-heal|p2a: Ting-Lu|45/100|[from] item: Leftovers
|upkeep
|turn|31
|
|t:|1760866717
|move|p1a: Cinderace|Low Kick|p2a: Ting-Lu
|-supereffective|p2a: Ting-Lu
|-damage|p2a: Ting-Lu|0 fnt
|faint|p2a: Ting-Lu
|
|upkeep
|
|t:|1760866719
|switch|p2a: Dondozo|Dondozo, M|32/100
|turn|32
|
|t:|1760866723
|move|p1a: Cinderace|Low Kick|p2a: Dondozo
|-damage|p2a: Dondozo|6/100
|move|p2a: Dondozo|Rest|p2a: Dondozo
|-status|p2a: Dondozo|slp|[from] move: Rest
|-heal|p2a: Dondozo|100/100 slp|[silent]
|
|upkeep
|turn|33
|
|t:|1760866731
|move|p1a: Cinderace|Court Change|p1a: Cinderace
|-swapsideconditions
|-activate|p1a: Cinderace|move: Court Change
|cant|p2a: Dondozo|slp
|
|upkeep
|turn|34
|
|t:|1760866737
|move|p1a: Cinderace|U-turn|p2a: Dondozo
|-damage|p2a: Dondozo|90/100 slp
|
|t:|1760866739
|switch|p1a: Wo-Chien|Wo-Chien, shiny|41/100|[from] U-turn
|-ability|p1a: Wo-Chien|Tablets of Ruin
|cant|p2a: Dondozo|slp
|
|-heal|p1a: Wo-Chien|47/100|[from] item: Leftovers
|-heal|p2a: Dondozo|97/100 slp|[from] item: Leftovers
|upkeep
|turn|35
|
|t:|1760866749
|-terastallize|p2a: Dondozo|Dark
|move|p1a: Wo-Chien|Leech Seed|p2a: Dondozo
|-start|p2a: Dondozo|move: Leech Seed
|-curestatus|p2a: Dondozo|slp|[msg]
|move|p2a: Dondozo|Body Press|p1a: Wo-Chien
|-supereffective|p1a: Wo-Chien
|-damage|p1a: Wo-Chien|16/100
|
|-heal|p1a: Wo-Chien|22/100|[from] item: Leftovers
|-heal|p2a: Dondozo|100/100|[from] item: Leftovers
|-damage|p2a: Dondozo|88/100|[from] Leech Seed|[of] p1a: Wo-Chien
|-heal|p1a: Wo-Chien|39/100|[silent]
|upkeep
|turn|36
|-message|robopup27 forfeited.
|
|win|ezor_t
|raw|ezor_t's rating: 1328 &rarr; <strong>1350</strong><br />(+22 for winning)
|raw|robopup27's rating: 1359 &rarr; <strong>1337</strong><br />(-22 for losing)
|l|☆robopup27
|player|p2|
|l|☆ezor_t
|player|p1|
