|j|☆rebelson
|j|☆charjabugzealot
|t:|1760841352
|gametype|singles
|player|p1|rebelson|swimmerf|1108
|player|p2|charjabugzealot|artist-gen4|1066
|gen|9
|tier|[Gen 9] OU
|rated|
|rule|HP Percentage Mod: HP is shown in percentages
|rule|Endless Battle Clause: Forcing endless battles is banned
|rule|Species Clause: Limit one of each Pokémon
|rule|OHKO Clause: OHKO moves are banned
|rule|Evasion Items Clause: Evasion items are banned
|rule|Evasion Moves Clause: Evasion moves are banned
|rule|Evasion Abilities Clause: Evasion abilities are banned
|rule|Sleep Moves Clause: Sleep-inducing moves are banned
|clearpoke
|poke|p1|Dragapult, M|
|poke|p1|Clefairy, M|
|poke|p1|Slowbro, M|
|poke|p1|Zapdos-Galar|
|poke|p1|Goodra-Hisui, M|
|poke|p1|Necrozma|
|poke|p2|Lokix, M|
|poke|p2|Great Tusk|
|poke|p2|Alomomola, M|
|poke|p2|Enamorus, F|
|poke|p2|Slowking-Galar, M|
|poke|p2|Emboar, M|
|teampreview
|
|t:|1760841363
|teamsize|p1|6
|teamsize|p2|6
|start
|switch|p1a: Goodra|Goodra-Hisui, M|100/100
|switch|p2a: Lokix|Lokix, M|100/100
|turn|1
|
|t:|1760841369
|move|p2a: Lokix|Knock Off|p1a: Goodra
|-damage|p1a: Goodra|20/100
|-ability|p1a: Goodra|Gooey
|-unboost|p2a: Lokix|spe|1
|-enditem|p1a: Goodra|Assault Vest|[from] move: Knock Off|[of] p2a: Lokix
|move|p1a: Goodra|Flamethrower|p2a: Lokix
|-supereffective|p2a: Lokix
|-damage|p2a: Lokix|0 fnt
|faint|p2a: Lokix
|
|upkeep
|
|t:|1760841379
|switch|p2a: Great Tusk|Great Tusk|100/100
|turn|2
|
|t:|1760841388
|switch|p1a: Necrozma|Necrozma, shiny|100/100
|move|p2a: Great Tusk|Earthquake|p1a: Necrozma
|-damage|p1a: Necrozma|58/100
|
|upkeep
|turn|3
|
|t:|1760841398
|-end|p2a: Great Tusk|Protosynthesis|[silent]
|switch|p2a: Alomomola|Alomomola, M|100/100
|move|p1a: Necrozma|Reflect|p1a: Necrozma
|-sidestart|p1: rebelson|Reflect
|
|upkeep
|turn|4
|
|t:|1760841404
|move|p1a: Necrozma|Light Screen|p1a: Necrozma
|-sidestart|p1: rebelson|move: Light Screen
|move|p2a: Alomomola|Body Slam|p1a: Necrozma
|-damage|p1a: Necrozma|50/100
|-damage|p2a: Alomomola|84/100|[from] item: Rocky Helmet|[of] p1a: Necrozma
|
|upkeep
|turn|5
|
|t:|1760841409
|move|p1a: Necrozma|Photon Geyser|p2a: Alomomola
|-damage|p2a: Alomomola|57/100
|move|p2a: Alomomola|Flip Turn|p1a: Necrozma
|-damage|p1a: Necrozma|42/100
|-damage|p2a: Alomomola|41/100|[from] item: Rocky Helmet|[of] p1a: Necrozma
|
|t:|1760841419
|switch|p2a: Slowking|Slowking-Galar, M|100/100|[from] Flip Turn
|
|upkeep
|turn|6
|
|t:|1760841424
|move|p1a: Necrozma|Photon Geyser|p2a: Slowking
|-damage|p2a: Slowking|57/100
|move|p2a: Slowking|Future Sight|p1a: Necrozma
|-start|p2a: Slowking|move: Future Sight
|
|upkeep
|turn|7
|
|t:|1760841429
|move|p1a: Necrozma|Moonlight|p1a: Necrozma
|-heal|p1a: Necrozma|92/100
|-prepare|p2a: Slowking|Chilly Reception|[premajor]
|move|p2a: Slowking|Chilly Reception|p2a: Slowking
|-weather|Snowscape
|
|t:|1760841436
|switch|p2a: Alomomola|Alomomola, M|74/100|[from] Chilly Reception
|
|-weather|Snowscape|[upkeep]
|-sideend|p1: rebelson|Reflect
|upkeep
|turn|8
|
|t:|1760841444
|move|p1a: Necrozma|Reflect|p1a: Necrozma
|-sidestart|p1: rebelson|Reflect
|move|p2a: Alomomola|Mirror Coat||[still]
|-fail|p2a: Alomomola
|
|-weather|Snowscape|[upkeep]
|-end|p1a: Necrozma|move: Future Sight
|-resisted|p1a: Necrozma
|-damage|p1a: Necrozma|83/100
|-sideend|p1: rebelson|move: Light Screen
|upkeep
|turn|9
|
|t:|1760841451
|move|p1a: Necrozma|Light Screen|p1a: Necrozma
|-sidestart|p1: rebelson|move: Light Screen
|move|p2a: Alomomola|Body Slam|p1a: Necrozma
|-damage|p1a: Necrozma|75/100
|-damage|p2a: Alomomola|57/100|[from] item: Rocky Helmet|[of] p1a: Necrozma
|
|-weather|Snowscape|[upkeep]
|upkeep
|turn|10
|
|t:|1760841462
|switch|p1a: Dragapult|Dragapult, M, shiny|100/100
|move|p2a: Alomomola|Flip Turn|p1a: Dragapult
|-resisted|p1a: Dragapult
|-damage|p1a: Dragapult|95/100
|
|t:|1760841476
|switch|p2a: Enamorus|Enamorus, F|100/100|[from] Flip Turn
|
|-weather|Snowscape|[upkeep]
|upkeep
|turn|11
|
|t:|1760841483
|move|p2a: Enamorus|Moonblast|p1a: Dragapult
|-supereffective|p1a: Dragapult
|-damage|p1a: Dragapult|25/100
|-unboost|p1a: Dragapult|spa|1
|move|p1a: Dragapult|Phantom Force||[still]
|-prepare|p1a: Dragapult|Phantom Force
|
|-weather|none
|upkeep
|turn|12
|
|t:|1760841496
|switch|p2a: Great Tusk|Great Tusk|100/100
|move|p1a: Dragapult|Phantom Force|p2a: Great Tusk|[from] lockedmove
|-damage|p2a: Great Tusk|76/100
|
|-heal|p2a: Great Tusk|82/100|[from] item: Leftovers
|-sideend|p1: rebelson|Reflect
|upkeep
|turn|13
|
|t:|1760841508
|-end|p2a: Great Tusk|Protosynthesis|[silent]
|switch|p2a: Slowking|Slowking-Galar, M|90/100
|move|p1a: Dragapult|U-turn|p2a: Slowking
|-damage|p2a: Slowking|71/100
|
|t:|1760841516
|switch|p1a: Clefairy|Clefairy, M|100/100|[from] U-turn
|
|-sideend|p1: rebelson|move: Light Screen
|upkeep
|turn|14
|
|t:|1760841519
|move|p1a: Clefairy|Meteor Beam||[still]
|-prepare|p1a: Clefairy|Meteor Beam
|-boost|p1a: Clefairy|spa|1
|move|p2a: Slowking|Sludge Bomb|p1a: Clefairy
|-supereffective|p1a: Clefairy
|-damage|p1a: Clefairy|58/100
|-status|p1a: Clefairy|psn
|
|upkeep
|turn|15
|
|t:|1760841525
|switch|p2a: Alomomola|Alomomola, M|91/100
|move|p1a: Clefairy|Meteor Beam|p2a: Alomomola|[from] lockedmove
|-damage|p2a: Alomomola|77/100
|
|upkeep
|turn|16
|
|t:|1760841535
|move|p2a: Alomomola|Flip Turn|p1a: Clefairy
|-damage|p1a: Clefairy|40/100 psn
|
|t:|1760841541
|switch|p2a: Slowking|Slowking-Galar, M|100/100|[from] Flip Turn
|move|p1a: Clefairy|Draining Kiss|p2a: Slowking
|-resisted|p2a: Slowking
|-damage|p2a: Slowking|94/100
|-heal|p1a: Clefairy|45/100 psn|[from] drain|[of] p2a: Slowking
|
|upkeep
|turn|17
|
|t:|1760841554
|switch|p1a: Slowbro|Slowbro, M|100/100
|move|p2a: Slowking|Sludge Bomb|p1a: Slowbro
|-damage|p1a: Slowbro|64/100
|-status|p1a: Slowbro|psn
|
|-damage|p1a: Slowbro|52/100 psn|[from] psn
|upkeep
|turn|18
|
|t:|1760841561
|move|p1a: Slowbro|Iron Defense|p1a: Slowbro
|-boost|p1a: Slowbro|def|2
|-prepare|p2a: Slowking|Chilly Reception|[premajor]
|move|p2a: Slowking|Chilly Reception|p2a: Slowking
|-weather|Snowscape
|
|t:|1760841565
|switch|p2a: Emboar|Emboar, M|100/100|[from] Chilly Reception
|
|-weather|Snowscape|[upkeep]
|-damage|p1a: Slowbro|40/100 psn|[from] psn
|upkeep
|-enditem|p1a: Slowbro|Sitrus Berry|[eat]
|-heal|p1a: Slowbro|64/100 psn|[from] item: Sitrus Berry
|turn|19
|
|t:|1760841572
|move|p2a: Emboar|Grass Knot|p1a: Slowbro
|-supereffective|p1a: Slowbro
|-damage|p1a: Slowbro|0 fnt
|faint|p1a: Slowbro
|-damage|p2a: Emboar|91/100|[from] item: Life Orb
|
|-weather|Snowscape|[upkeep]
|upkeep
|
|t:|1760841583
|switch|p1a: Zapdos|Zapdos-Galar, shiny|100/100
|turn|20
|
|t:|1760841589
|switch|p2a: Slowking|Slowking-Galar, M|100/100
|move|p1a: Zapdos|Brave Bird|p2a: Slowking
|-damage|p2a: Slowking|42/100
|-damage|p1a: Zapdos|77/100|[from] Recoil
|-damage|p1a: Zapdos|67/100|[from] item: Life Orb
|
|-weather|Snowscape|[upkeep]
|upkeep
|turn|21
|
|t:|1760841603
|switch|p2a: Emboar|Emboar, M|91/100
|move|p1a: Zapdos|Knock Off|p2a: Emboar
|-resisted|p2a: Emboar
|-damage|p2a: Emboar|64/100
|-enditem|p2a: Emboar|Life Orb|[from] move: Knock Off|[of] p1a: Zapdos
|-damage|p1a: Zapdos|57/100|[from] item: Life Orb
|
|-weather|Snowscape|[upkeep]
|upkeep
|turn|22
|
|t:|1760841611
|move|p1a: Zapdos|Brave Bird|p2a: Emboar
|-supereffective|p2a: Emboar
|-damage|p2a: Emboar|0 fnt
|faint|p2a: Emboar
|-damage|p1a: Zapdos|33/100|[from] Recoil
|-damage|p1a: Zapdos|23/100|[from] item: Life Orb
|
|-weather|none
|upkeep
|
|t:|1760841618
|switch|p2a: Enamorus|Enamorus, F|100/100
|turn|23
|
|t:|1760841625
|switch|p1a: Necrozma|Necrozma, shiny|75/100
|-terastallize|p2a: Enamorus|Stellar
|move|p2a: Enamorus|Tera Blast|p1a: Necrozma|[anim] Tera Blast Stellar
|-damage|p1a: Necrozma|36/100
|-boost|p2a: Enamorus|atk|1
|-boost|p2a: Enamorus|spa|1
|
|upkeep
|turn|24
|
|t:|1760841640
|move|p2a: Enamorus|Tera Blast|p1a: Necrozma|[anim] Tera Blast Stellar
|-damage|p1a: Necrozma|0 fnt
|-boost|p2a: Enamorus|atk|1
|-boost|p2a: Enamorus|spa|1
|faint|p1a: Necrozma
|
|upkeep
|
|t:|1760841647
|switch|p1a: Goodra|Goodra-Hisui, M|20/100
|turn|25
|
|t:|1760841651
|move|p2a: Enamorus|Tera Blast|p1a: Goodra|[anim] Tera Blast Stellar
|-damage|p1a: Goodra|0 fnt
|-boost|p2a: Enamorus|atk|1
|-boost|p2a: Enamorus|spa|1
|faint|p1a: Goodra
|
|upkeep
|
|t:|1760841653
|switch|p1a: Clefairy|Clefairy, M|45/100 psn
|turn|26
|
|t:|1760841658
|move|p2a: Enamorus|Tera Blast|p1a: Clefairy|[anim] Tera Blast Stellar
|-damage|p1a: Clefairy|0 fnt
|-boost|p2a: Enamorus|atk|1
|-boost|p2a: Enamorus|spa|1
|faint|p1a: Clefairy
|
|upkeep
|
|t:|1760841660
|switch|p1a: Zapdos|Zapdos-Galar, shiny|23/100
|turn|27
|
|t:|1760841665
|move|p2a: Enamorus|Tera Blast|p1a: Zapdos|[anim] Tera Blast Stellar
|-damage|p1a: Zapdos|0 fnt
|-boost|p2a: Enamorus|atk|1
|-boost|p2a: Enamorus|spa|1
|faint|p1a: Zapdos
|
|upkeep
|
|t:|1760841667
|switch|p1a: Dragapult|Dragapult, M, shiny|25/100
|turn|28
|
|t:|1760841672
|-terastallize|p1a: Dragapult|Ghost
|move|p2a: Enamorus|Tera Blast|p1a: Dragapult|[anim] Tera Blast Stellar
|-supereffective|p1a: Dragapult
|-damage|p1a: Dragapult|0 fnt
|-boost|p2a: Enamorus|atk|1
|-boost|p2a: Enamorus|spa|1
|faint|p1a: Dragapult
|
|win|charjabugzealot
|raw|rebelson's rating: 1108 &rarr; <strong>1080</strong><br />(-28 for losing)
|raw|charjabugzealot's rating: 1066 &rarr; <strong>1100</strong><br />(+34 for winning)
|l|☆rebelson
|player|p1|
|l|☆charjabugzealot
|player|p2|
