|j|☆leonsalinasf
|j|☆player jack
|t:|1760754226
|gametype|singles
|player|p1|leonsalinasf|265|1154
|player|p2|player jack|roxie|1166
|gen|9
|tier|[Gen 9] OU
|rated|
|rule|HP Percentage Mod: HP is shown in percentages
|rule|Endless Battle Clause: Forcing endless battles is banned
|rule|Species Clause: Limit one of each Pokémon
|rule|OHKO Clause: OHKO moves are banned
|rule|Evasion Items Clause: Evasion items are banned
|rule|Evasion Moves Clause: Evasion moves are banned
|rule|Evasion Abilities Clause: Evasion abilities are banned
|rule|Sleep Moves Clause: Sleep-inducing moves are banned
|clearpoke
|poke|p1|Greninja-*, M|
|poke|p1|Blaziken, M|
|poke|p1|Gengar, F|
|poke|p1|Garchomp, F|
|poke|p1|Rotom-Frost|
|poke|p1|Metagross|
|poke|p2|Greninja-*, F|
|poke|p2|Garchomp, F|
|poke|p2|Weezing-Galar, F|
|poke|p2|Rillaboom, F|
|poke|p2|Terrakion|
|poke|p2|Heatran, F|
|teampreview
|inactive|Battle timer is ON: inactive players will automatically lose when time's up. (requested by player jack)
|
|t:|1760754234
|teamsize|p1|6
|teamsize|p2|6
|start
|switch|p1a: Greninja|Greninja, M|100/100
|switch|p2a: Greninja|Greninja, F, shiny|100/100
|turn|1
|c|☆player jack|GRENINJA
|c|☆leonsalinasf|uwu
|
|t:|1760754256
|switch|p2a: Weezing|Weezing-Galar, F, shiny|100/100
|move|p1a: Greninja|Toxic Spikes|p2a: Weezing
|-sidestart|p2: player jack|move: Toxic Spikes
|
|upkeep
|turn|2
|
|t:|1760754276
|switch|p1a: Metagross|Metagross|100/100
|-item|p1a: Metagross|Air Balloon
|move|p2a: Weezing|Strange Steam|p1a: Metagross
|-resisted|p1a: Metagross
|-damage|p1a: Metagross|87/100
|-enditem|p1a: Metagross|Air Balloon
|
|upkeep
|turn|3
|
|t:|1760754290
|move|p1a: Metagross|Meteor Mash|p2a: Weezing
|-supereffective|p2a: Weezing
|-damage|p2a: Weezing|29/100
|move|p2a: Weezing|Will-O-Wisp|p1a: Metagross
|-status|p1a: Metagross|brn
|
|-heal|p2a: Weezing|35/100|[from] item: Leftovers
|-damage|p1a: Metagross|81/100 brn|[from] brn
|upkeep
|turn|4
|
|t:|1760754299
|switch|p2a: Garchomp|Garchomp, F, shiny|100/100
|-status|p2a: Garchomp|psn
|move|p1a: Metagross|Meteor Mash|p2a: Garchomp
|-damage|p2a: Garchomp|79/100 psn
|-damage|p1a: Metagross|69/100 brn|[from] ability: Rough Skin|[of] p2a: Garchomp
|-damage|p1a: Metagross|52/100 brn|[from] item: Rocky Helmet|[of] p2a: Garchomp
|
|-damage|p2a: Garchomp|67/100 psn|[from] psn
|-damage|p1a: Metagross|47/100 brn|[from] brn
|upkeep
|turn|5
|
|t:|1760754320
|switch|p1a: Rotom|Rotom-Frost|100/100
|move|p2a: Garchomp|Stealth Rock|p1a: Rotom
|-sidestart|p1: leonsalinasf|move: Stealth Rock
|
|-damage|p2a: Garchomp|55/100 psn|[from] psn
|upkeep
|turn|6
|
|t:|1760754328
|move|p2a: Garchomp|Fire Blast|p1a: Rotom|[miss]
|-miss|p2a: Garchomp|p1a: Rotom
|move|p1a: Rotom|Blizzard|p2a: Garchomp
|-supereffective|p2a: Garchomp
|-damage|p2a: Garchomp|0 fnt
|faint|p2a: Garchomp
|
|upkeep
|
|t:|1760754341
|switch|p2a: Heatran|Heatran, F, shiny|100/100
|turn|7
|
|t:|1760754354
|switch|p2a: Rillaboom|Rillaboom, F, shiny|100/100
|-status|p2a: Rillaboom|psn
|-fieldstart|move: Grassy Terrain|[from] ability: Grassy Surge|[of] p2a: Rillaboom
|switch|p1a: Garchomp|Garchomp, F|100/100
|-damage|p1a: Garchomp|94/100|[from] Stealth Rock
|
|-heal|p1a: Garchomp|100/100|[from] Grassy Terrain
|-damage|p2a: Rillaboom|88/100 psn|[from] psn
|upkeep
|turn|8
|
|t:|1760754368
|-terastallize|p1a: Garchomp|Dragon
|move|p1a: Garchomp|Swords Dance|p1a: Garchomp
|-boost|p1a: Garchomp|atk|2
|move|p2a: Rillaboom|U-turn|p1a: Garchomp
|-damage|p1a: Garchomp|83/100
|-damage|p2a: Rillaboom|76/100 psn|[from] ability: Rough Skin|[of] p1a: Garchomp
|
|t:|1760754381
|switch|p2a: Greninja|Greninja, F, shiny|100/100|[from] U-turn
|-status|p2a: Greninja|psn
|
|-heal|p1a: Garchomp|89/100|[from] Grassy Terrain
|-damage|p2a: Greninja|88/100 psn|[from] psn
|upkeep
|turn|9
|
|t:|1760754391
|move|p2a: Greninja|Sludge Wave|p1a: Garchomp
|-start|p2a: Greninja|typechange|Poison|[from] ability: Protean
|-damage|p1a: Garchomp|26/100
|move|p1a: Garchomp|Dragon Claw|p2a: Greninja
|-damage|p2a: Greninja|0 fnt
|faint|p2a: Greninja
|-damage|p1a: Garchomp|16/100|[from] item: Life Orb
|
|-heal|p1a: Garchomp|22/100|[from] Grassy Terrain
|upkeep
|
|t:|1760754399
|switch|p2a: Terrakion|Terrakion, shiny|100/100
|-status|p2a: Terrakion|psn
|turn|10
|
|t:|1760754413
|move|p2a: Terrakion|High Horsepower|p1a: Garchomp
|-damage|p1a: Garchomp|0 fnt
|-damage|p2a: Terrakion|88/100 psn|[from] ability: Rough Skin|[of] p1a: Garchomp
|faint|p1a: Garchomp
|
|-heal|p2a: Terrakion|94/100 psn|[from] Grassy Terrain
|-damage|p2a: Terrakion|82/100 psn|[from] psn
|upkeep
|
|t:|1760754424
|switch|p1a: Metagross|Metagross|47/100 brn
|-damage|p1a: Metagross|41/100 brn|[from] Stealth Rock
|turn|11
|
|t:|1760754435
|-terastallize|p2a: Terrakion|Steel
|move|p2a: Terrakion|High Horsepower|p1a: Metagross
|-supereffective|p1a: Metagross
|-damage|p1a: Metagross|0 fnt
|faint|p1a: Metagross
|
|-heal|p2a: Terrakion|88/100 psn|[from] Grassy Terrain
|-damage|p2a: Terrakion|76/100 psn|[from] psn
|upkeep
|
|t:|1760754448
|switch|p1a: Blaziken|Blaziken, M, shiny|100/100
|-damage|p1a: Blaziken|88/100|[from] Stealth Rock
|turn|12
|
|t:|1760754455
|switch|p2a: Weezing|Weezing-Galar, F, shiny|35/100
|move|p1a: Blaziken|Blaze Kick|p2a: Weezing
|-crit|p2a: Weezing
|-damage|p2a: Weezing|0 fnt
|faint|p2a: Weezing
|
|-heal|p1a: Blaziken|94/100|[from] Grassy Terrain
|-heal|p1a: Blaziken|99/100|[from] item: Leftovers
|-ability|p1a: Blaziken|Speed Boost|boost
|-boost|p1a: Blaziken|spe|1
|upkeep
|
|t:|1760754462
|switch|p2a: Heatran|Heatran, F, shiny|100/100
|turn|13
|
|t:|1760754472
|move|p1a: Blaziken|Brick Break|p2a: Heatran
|-supereffective|p2a: Heatran
|-damage|p2a: Heatran|29/100
|move|p2a: Heatran|Magma Storm|p1a: Blaziken
|-resisted|p1a: Blaziken
|-damage|p1a: Blaziken|60/100
|-activate|p1a: Blaziken|move: Magma Storm|[of] p2a: Heatran
|-damage|p2a: Heatran|19/100|[from] item: Life Orb
|
|-heal|p1a: Blaziken|66/100|[from] Grassy Terrain
|-heal|p1a: Blaziken|72/100|[from] item: Leftovers
|-heal|p2a: Heatran|25/100|[from] Grassy Terrain
|-damage|p1a: Blaziken|60/100|[from] move: Magma Storm|[partiallytrapped]
|-ability|p1a: Blaziken|Speed Boost|boost
|-boost|p1a: Blaziken|spe|1
|upkeep
|turn|14
|
|t:|1760754486
|move|p2a: Heatran|Protect|p2a: Heatran
|-singleturn|p2a: Heatran|Protect
|move|p1a: Blaziken|Brick Break|p2a: Heatran
|-activate|p2a: Heatran|move: Protect
|
|-heal|p1a: Blaziken|66/100|[from] Grassy Terrain
|-heal|p1a: Blaziken|72/100|[from] item: Leftovers
|-heal|p2a: Heatran|31/100|[from] Grassy Terrain
|-damage|p1a: Blaziken|59/100|[from] move: Magma Storm|[partiallytrapped]
|-fieldend|move: Grassy Terrain
|-ability|p1a: Blaziken|Speed Boost|boost
|-boost|p1a: Blaziken|spe|1
|upkeep
|turn|15
|c|☆player jack|gg
|-message|player jack forfeited.
|
|win|leonsalinasf
|raw|leonsalinasf's rating: 1154 &rarr; <strong>1180</strong><br />(+26 for winning)
|raw|player jack's rating: 1166 &rarr; <strong>1140</strong><br />(-26 for losing)
|l|☆player jack
|player|p2|
|l|☆leonsalinasf
|player|p1|
