|j|☆julianpan
|j|☆sp240sx
|t:|1760760364
|gametype|singles
|player|p1|julianpan|266|1207
|player|p2|sp240sx|blackbelt-gen4dp|1205
|gen|9
|tier|[Gen 9] OU
|rated|
|rule|HP Percentage Mod: HP is shown in percentages
|rule|Endless Battle Clause: Forcing endless battles is banned
|rule|Species Clause: Limit one of each Pokémon
|rule|OHKO Clause: OHKO moves are banned
|rule|Evasion Items Clause: Evasion items are banned
|rule|Evasion Moves Clause: Evasion moves are banned
|rule|Evasion Abilities Clause: Evasion abilities are banned
|rule|Sleep Moves Clause: Sleep-inducing moves are banned
|clearpoke
|poke|p1|Hoopa-Unbound|
|poke|p1|Ogerpon-Wellspring, F|
|poke|p1|Rotom-Wash|
|poke|p1|Great Tusk|
|poke|p1|Gholdengo|
|poke|p1|Tyranitar, M|
|poke|p2|Glimmora, F|
|poke|p2|Ceruledge, M|
|poke|p2|Hatterene, F|
|poke|p2|Kingambit, M|
|poke|p2|Zamazenta-*|
|poke|p2|Dragonite, F|
|teampreview
|inactive|Battle timer is ON: inactive players will automatically lose when time's up. (requested by sp240sx)
|inactive|julianpan has 120 seconds left.
|
|t:|1760760406
|teamsize|p1|6
|teamsize|p2|6
|start
|switch|p1a: Hoopa|Hoopa-Unbound|100/100
|switch|p2a: Glimmora|Glimmora, F|100/100
|turn|1
|
|t:|1760760420
|move|p1a: Hoopa|Zen Headbutt|p2a: Glimmora
|-supereffective|p2a: Glimmora
|-damage|p2a: Glimmora|0 fnt
|-activate|p2a: Glimmora|ability: Toxic Debris
|-sidestart|p1: julianpan|move: Toxic Spikes
|faint|p2a: Glimmora
|
|upkeep
|
|t:|1760760428
|switch|p2a: Hatterene|Hatterene, F, shiny|100/100
|turn|2
|
|t:|1760760441
|switch|p1a: Gholdengo|Gholdengo|100/100
|move|p2a: Hatterene|Nuzzle|p1a: Gholdengo
|-damage|p1a: Gholdengo|95/100
|-status|p1a: Gholdengo|par
|
|upkeep
|turn|3
|
|t:|1760760457
|cant|p1a: Gholdengo|par
|move|p2a: Hatterene|Mystical Fire|p1a: Gholdengo
|-supereffective|p1a: Gholdengo
|-damage|p1a: Gholdengo|20/100 par
|-unboost|p1a: Gholdengo|spa|1
|
|upkeep
|turn|4
|
|t:|1760760476
|switch|p2a: Kingambit|Kingambit, M|100/100
|cant|p1a: Gholdengo|par
|
|upkeep
|turn|5
|
|t:|1760760483
|move|p1a: Gholdengo|Trick|p2a: Kingambit
|-activate|p1a: Gholdengo|move: Trick|[of] p2a: Kingambit
|-item|p2a: Kingambit|Choice Scarf|[from] move: Trick
|-item|p1a: Gholdengo|Black Glasses|[from] move: Trick
|move|p2a: Kingambit|Swords Dance|p2a: Kingambit
|-boost|p2a: Kingambit|atk|2
|
|upkeep
|turn|6
|
|t:|1760760499
|switch|p2a: Zamazenta|Zamazenta|100/100
|-ability|p2a: Zamazenta|Dauntless Shield|boost
|-boost|p2a: Zamazenta|def|1
|switch|p1a: Rotom|Rotom-Wash|100/100
|
|upkeep
|turn|7
|
|t:|1760760514
|move|p2a: Zamazenta|Body Press|p1a: Rotom
|-damage|p1a: Rotom|45/100
|move|p1a: Rotom|Will-O-Wisp|p2a: Zamazenta
|-status|p2a: Zamazenta|brn
|
|-damage|p2a: Zamazenta|94/100 brn|[from] brn
|upkeep
|turn|8
|
|t:|1760760527
|move|p1a: Rotom|Protect|p1a: Rotom
|-singleturn|p1a: Rotom|Protect
|move|p2a: Zamazenta|Body Press|p1a: Rotom
|-activate|p1a: Rotom|move: Protect
|
|-heal|p2a: Zamazenta|100/100 brn|[from] item: Leftovers
|-damage|p2a: Zamazenta|94/100 brn|[from] brn
|upkeep
|turn|9
|
|t:|1760760550
|switch|p1a: Great Tusk|Great Tusk|100/100
|-status|p1a: Great Tusk|psn
|move|p2a: Zamazenta|Body Press|p1a: Great Tusk
|-damage|p1a: Great Tusk|87/100 psn
|-damage|p2a: Zamazenta|78/100 brn|[from] item: Rocky Helmet|[of] p1a: Great Tusk
|
|-heal|p2a: Zamazenta|84/100 brn|[from] item: Leftovers
|-damage|p1a: Great Tusk|74/100 psn|[from] psn
|-damage|p2a: Zamazenta|78/100 brn|[from] brn
|upkeep
|turn|10
|
|t:|1760760564
|switch|p2a: Dragonite|Dragonite, F|100/100
|move|p1a: Great Tusk|Knock Off|p2a: Dragonite
|-damage|p2a: Dragonite|89/100
|-enditem|p2a: Dragonite|Expert Belt|[from] move: Knock Off|[of] p1a: Great Tusk
|
|-damage|p1a: Great Tusk|62/100 psn|[from] psn
|upkeep
|turn|11
|
|t:|1760760576
|move|p1a: Great Tusk|Rapid Spin|p2a: Dragonite
|-damage|p2a: Dragonite|75/100
|-boost|p1a: Great Tusk|spe|1
|-sideend|p1: julianpan|Toxic Spikes|[from] move: Rapid Spin|[of] p1a: Great Tusk
|move|p2a: Dragonite|Ice Spinner|p1a: Great Tusk
|-supereffective|p1a: Great Tusk
|-damage|p1a: Great Tusk|35/100 psn
|-damage|p2a: Dragonite|58/100|[from] item: Rocky Helmet|[of] p1a: Great Tusk
|
|-damage|p1a: Great Tusk|22/100 psn|[from] psn
|upkeep
|turn|12
|
|t:|1760760593
|move|p1a: Great Tusk|Ice Spinner|p2a: Dragonite
|-supereffective|p2a: Dragonite
|-damage|p2a: Dragonite|0 fnt
|faint|p2a: Dragonite
|
|-damage|p1a: Great Tusk|10/100 psn|[from] psn
|upkeep
|
|t:|1760760600
|switch|p2a: Ceruledge|Ceruledge, M|100/100
|-item|p2a: Ceruledge|Air Balloon
|turn|13
|
|t:|1760760608
|move|p2a: Ceruledge|Shadow Sneak|p1a: Great Tusk
|-damage|p1a: Great Tusk|0 fnt
|-damage|p2a: Ceruledge|84/100|[from] item: Rocky Helmet|[of] p1a: Great Tusk
|faint|p1a: Great Tusk
|-end|p1a: Great Tusk|Protosynthesis|[silent]
|
|upkeep
|
|t:|1760760617
|switch|p1a: Ogerpon|Ogerpon-Wellspring, F|100/100
|turn|14
|
|t:|1760760628
|-terastallize|p2a: Ceruledge|Flying
|move|p1a: Ogerpon|Ivy Cudgel|p2a: Ceruledge|[anim] Ivy Cudgel Water
|-damage|p2a: Ceruledge|0 fnt
|-enditem|p2a: Ceruledge|Air Balloon
|faint|p2a: Ceruledge
|
|upkeep
|inactive|sp240sx has 120 seconds left.
|
|t:|1760760657
|switch|p2a: Hatterene|Hatterene, F, shiny|100/100
|turn|15
|inactive|julianpan has 120 seconds left.
|
|t:|1760760689
|-terastallize|p1a: Ogerpon|Water
|detailschange|p1a: Ogerpon|Ogerpon-Wellspring-Tera, F, tera:Water
|-ability|p1a: Ogerpon|Embody Aspect (Wellspring)|boost
|-boost|p1a: Ogerpon|spd|1
|move|p1a: Ogerpon|Ivy Cudgel|p2a: Hatterene|[anim] Ivy Cudgel Water
|-damage|p2a: Hatterene|11/100
|move|p2a: Hatterene|Future Sight|p1a: Ogerpon
|-start|p2a: Hatterene|move: Future Sight
|
|upkeep
|turn|16
|inactive|julianpan has 120 seconds left.
|
|t:|1760760711
|switch|p1a: Gholdengo|Gholdengo|20/100 par
|move|p2a: Hatterene|Draining Kiss|p1a: Gholdengo
|-resisted|p1a: Gholdengo
|-damage|p1a: Gholdengo|2/100 par
|-heal|p2a: Hatterene|25/100|[from] drain|[of] p1a: Gholdengo
|
|upkeep
|turn|17
|
|t:|1760760726
|switch|p2a: Zamazenta|Zamazenta|78/100 brn
|move|p1a: Gholdengo|Make It Rain|p2a: Zamazenta
|-damage|p2a: Zamazenta|31/100 brn
|-unboost|p1a: Gholdengo|spa|1
|
|-end|p1a: Gholdengo|move: Future Sight
|-resisted|p1a: Gholdengo
|-damage|p1a: Gholdengo|0 fnt
|faint|p1a: Gholdengo
|-heal|p2a: Zamazenta|37/100 brn|[from] item: Leftovers
|-damage|p2a: Zamazenta|31/100 brn|[from] brn
|upkeep
|
|t:|1760760741
|switch|p1a: Rotom|Rotom-Wash|45/100
|turn|18
|inactive|sp240sx has 120 seconds left.
|
|t:|1760760781
|move|p2a: Zamazenta|Body Press|p1a: Rotom
|-damage|p1a: Rotom|28/100
|move|p1a: Rotom|Hydro Pump|p2a: Zamazenta
|-damage|p2a: Zamazenta|2/100 brn
|
|-heal|p2a: Zamazenta|8/100 brn|[from] item: Leftovers
|-damage|p2a: Zamazenta|2/100 brn|[from] brn
|upkeep
|turn|19
|inactive|julianpan has 90 seconds left.
|
|t:|1760760803
|move|p1a: Rotom|Protect|p1a: Rotom
|-singleturn|p1a: Rotom|Protect
|move|p2a: Zamazenta|Body Press|p1a: Rotom
|-activate|p1a: Rotom|move: Protect
|
|-heal|p2a: Zamazenta|8/100 brn|[from] item: Leftovers
|-damage|p2a: Zamazenta|2/100 brn|[from] brn
|upkeep
|turn|20
|inactive|julianpan has 90 seconds left.
|
|t:|1760760813
|move|p2a: Zamazenta|Body Press|p1a: Rotom
|-crit|p1a: Rotom
|-damage|p1a: Rotom|3/100
|move|p1a: Rotom|Volt Switch|p2a: Zamazenta
|-damage|p2a: Zamazenta|0 fnt
|faint|p2a: Zamazenta
|
|t:|1760760837
|switch|p1a: Ogerpon|Ogerpon-Wellspring-Tera, F, tera:Water|100/100|[from] Volt Switch
|-ability|p1a: Ogerpon|Embody Aspect (Wellspring)|boost
|-boost|p1a: Ogerpon|spd|1
|
|upkeep
|inactive|sp240sx has 120 seconds left.
|
|t:|1760760859
|switch|p2a: Kingambit|Kingambit, M|100/100
|turn|21
|
|t:|1760760864
|move|p1a: Ogerpon|Ivy Cudgel|p2a: Kingambit|[anim] Ivy Cudgel Water
|-damage|p2a: Kingambit|45/100
|move|p2a: Kingambit|Swords Dance|p2a: Kingambit
|-boost|p2a: Kingambit|atk|2
|
|upkeep
|turn|22
|inactive|julianpan has 90 seconds left.
|
|t:|1760760873
|switch|p2a: Hatterene|Hatterene, F, shiny|25/100
|move|p1a: Ogerpon|Ivy Cudgel|p2a: Hatterene|[anim] Ivy Cudgel Water
|-crit|p2a: Hatterene
|-damage|p2a: Hatterene|0 fnt
|faint|p2a: Hatterene
|
|upkeep
|
|t:|1760760882
|switch|p2a: Kingambit|Kingambit, M|45/100
|turn|23
|c|☆julianpan|what are you thinking brochacho'
|
|t:|1760760887
|move|p2a: Kingambit|Sucker Punch|p1a: Ogerpon
|-damage|p1a: Ogerpon|44/100
|move|p1a: Ogerpon|Ivy Cudgel|p2a: Kingambit|[anim] Ivy Cudgel Water
|-damage|p2a: Kingambit|0 fnt
|faint|p2a: Kingambit
|
|win|julianpan
|raw|julianpan's rating: 1207 &rarr; <strong>1232</strong><br />(+25 for winning)
|raw|sp240sx's rating: 1205 &rarr; <strong>1180</strong><br />(-25 for losing)
|l|☆sp240sx
|player|p2|
|l|☆julianpan
|player|p1|
