|j|☆err_tato
|j|☆reylly
|t:|1760883822
|gametype|singles
|player|p1|err_tato|li|1120
|player|p2|reylly|clair|1140
|gen|9
|tier|[Gen 9] OU
|rated|
|rule|HP Percentage Mod: HP is shown in percentages
|rule|Endless Battle Clause: Forcing endless battles is banned
|rule|Species Clause: Limit one of each Pokémon
|rule|OHKO Clause: OHKO moves are banned
|rule|Evasion Items Clause: Evasion items are banned
|rule|Evasion Moves Clause: Evasion moves are banned
|rule|Evasion Abilities Clause: Evasion abilities are banned
|rule|Sleep Moves Clause: Sleep-inducing moves are banned
|clearpoke
|poke|p1|Regidrago|
|poke|p1|Gliscor, M|
|poke|p1|Rotom-Wash|
|poke|p1|Glimmora, F|
|poke|p1|Pecharunt|
|poke|p1|Ceruledge, F|
|poke|p2|Glimmora, M|
|poke|p2|Minior|
|poke|p2|Ceruledge, F|
|poke|p2|Iron Crown|
|poke|p2|Kingambit, F|
|poke|p2|Scizor, M|
|teampreview
|
|t:|1760883834
|teamsize|p1|6
|teamsize|p2|6
|start
|switch|p1a: Ceruledge|Ceruledge, F|100/100
|switch|p2a: Minior|Minior, shiny|100/100
|-formechange|p2a: Minior|Minior-Meteor||[from] ability: Shields Down
|turn|1
|inactive|Battle timer is ON: inactive players will automatically lose when time's up. (requested by err_tato)
|c|☆reylly|Huh
|c|☆reylly|Regidrago?
|c|☆reylly|Aint seen that before
|
|t:|1760883855
|move|p1a: Ceruledge|Swords Dance|p1a: Ceruledge
|-boost|p1a: Ceruledge|atk|2
|move|p2a: Minior|Substitute|p2a: Minior
|-start|p2a: Minior|Substitute
|-damage|p2a: Minior|75/100
|
|upkeep
|turn|2
|
|t:|1760883877
|move|p1a: Ceruledge|Shadow Claw|p2a: Minior
|-end|p2a: Minior|Substitute
|-damage|p1a: Ceruledge|91/100|[from] item: Life Orb
|move|p2a: Minior|Shell Smash|p2a: Minior
|-unboost|p2a: Minior|def|1
|-unboost|p2a: Minior|spd|1
|-boost|p2a: Minior|atk|2
|-boost|p2a: Minior|spa|2
|-boost|p2a: Minior|spe|2
|-enditem|p2a: Minior|White Herb
|-clearnegativeboost|p2a: Minior|[silent]
|
|upkeep
|turn|3
|
|t:|1760883902
|move|p2a: Minior|Earthquake|p1a: Ceruledge
|-supereffective|p1a: Ceruledge
|-damage|p1a: Ceruledge|0 fnt
|faint|p1a: Ceruledge
|
|upkeep
|
|t:|1760883909
|switch|p1a: Gliscor|Gliscor, M|100/100
|turn|4
|
|t:|1760883920
|move|p1a: Gliscor|Protect|p1a: Gliscor
|-singleturn|p1a: Gliscor|Protect
|move|p2a: Minior|Substitute|p2a: Minior
|-start|p2a: Minior|Substitute
|-damage|p2a: Minior|50/100
|
|-status|p1a: Gliscor|tox|[from] item: Toxic Orb
|-formechange|p2a: Minior|Minior||[from] ability: Shields Down
|upkeep
|turn|5
|
|t:|1760883929
|move|p2a: Minior|Shell Smash|p2a: Minior
|-unboost|p2a: Minior|def|1
|-unboost|p2a: Minior|spd|1
|-boost|p2a: Minior|atk|2
|-boost|p2a: Minior|spa|2
|-boost|p2a: Minior|spe|2
|move|p1a: Gliscor|Dual Wingbeat|p2a: Minior
|-resisted|p2a: Minior
|-end|p2a: Minior|Substitute
|-resisted|p2a: Minior
|-damage|p2a: Minior|25/100
|-hitcount|p2a: Minior|2
|
|upkeep
|turn|6
|
|t:|1760883943
|move|p2a: Minior|Acrobatics|p1a: Gliscor
|-damage|p1a: Gliscor|0 fnt
|faint|p1a: Gliscor
|
|upkeep
|
|t:|1760883952
|switch|p1a: Pecharunt|Pecharunt|100/100
|turn|7
|
|t:|1760883956
|move|p2a: Minior|Substitute|p2a: Minior
|-fail|p2a: Minior|move: Substitute|[weak]
|move|p1a: Pecharunt|Toxic|p2a: Minior
|-status|p2a: Minior|tox
|-start|p2a: Minior|confusion|[from] ability: Poison Puppeteer|[of] p1a: Pecharunt
|
|-damage|p2a: Minior|19/100 tox|[from] psn
|upkeep
|turn|8
|
|t:|1760883965
|switch|p1a: Glimmora|Glimmora, F|100/100
|-item|p1a: Glimmora|Air Balloon
|-activate|p2a: Minior|confusion
|move|p2a: Minior|Acrobatics|p1a: Glimmora
|-resisted|p1a: Glimmora
|-damage|p1a: Glimmora|17/100
|-activate|p1a: Glimmora|ability: Toxic Debris
|-sidestart|p2: reylly|move: Toxic Spikes
|-enditem|p1a: Glimmora|Air Balloon
|
|-damage|p2a: Minior|7/100 tox|[from] psn
|upkeep
|turn|9
|
|t:|1760883979
|-end|p2a: Minior|confusion
|move|p2a: Minior|Acrobatics|p1a: Glimmora
|-resisted|p1a: Glimmora
|-damage|p1a: Glimmora|0 fnt
|-activate|p1a: Glimmora|ability: Toxic Debris
|-sidestart|p2: reylly|move: Toxic Spikes
|faint|p1a: Glimmora
|
|-damage|p2a: Minior|0 fnt|[from] psn
|faint|p2a: Minior
|upkeep
|
|t:|1760883994
|switch|p2a: Scizor|Scizor, M|100/100
|switch|p1a: Rotom|Rotom-Wash|100/100
|turn|10
|c|☆reylly|Lmaooo
|c|☆reylly|Half your team swept by a rock
|
|t:|1760884007
|move|p1a: Rotom|Will-O-Wisp|p2a: Scizor
|-status|p2a: Scizor|brn
|move|p2a: Scizor|Defog|p1a: Rotom
|-unboost|p1a: Rotom|evasion|1
|-sideend|p2: reylly|Toxic Spikes|[from] move: Defog|[of] p2a: Scizor
|
|-damage|p2a: Scizor|94/100 brn|[from] brn
|upkeep
|turn|11
|c|☆err_tato|I know men
|
|t:|1760884024
|move|p1a: Rotom|Volt Switch|p2a: Scizor
|-damage|p2a: Scizor|60/100 brn
|
|t:|1760884029
|switch|p1a: Pecharunt|Pecharunt|100/100|[from] Volt Switch
|move|p2a: Scizor|Knock Off|p1a: Pecharunt
|-supereffective|p1a: Pecharunt
|-damage|p1a: Pecharunt|85/100
|-enditem|p1a: Pecharunt|Leftovers|[from] move: Knock Off|[of] p2a: Scizor
|
|-damage|p2a: Scizor|54/100 brn|[from] brn
|upkeep
|turn|12
|
|t:|1760884042
|move|p2a: Scizor|Bullet Punch|p1a: Pecharunt
|-damage|p1a: Pecharunt|77/100
|move|p1a: Pecharunt|Hex|p2a: Scizor
|-damage|p2a: Scizor|2/100 brn
|-enditem|p2a: Scizor|Sitrus Berry|[eat]
|-heal|p2a: Scizor|27/100 brn|[from] item: Sitrus Berry
|
|-damage|p2a: Scizor|21/100 brn|[from] brn
|upkeep
|turn|13
|
|t:|1760884057
|move|p1a: Pecharunt|Protect|p1a: Pecharunt
|-singleturn|p1a: Pecharunt|Protect
|move|p2a: Scizor|Bullet Punch|p1a: Pecharunt
|-activate|p1a: Pecharunt|move: Protect
|
|-damage|p2a: Scizor|15/100 brn|[from] brn
|upkeep
|turn|14
|
|t:|1760884067
|move|p2a: Scizor|Bullet Punch|p1a: Pecharunt
|-damage|p1a: Pecharunt|69/100
|move|p1a: Pecharunt|Hex|p2a: Scizor
|-damage|p2a: Scizor|0 fnt
|faint|p2a: Scizor
|
|upkeep
|
|t:|1760884073
|switch|p2a: Iron Crown|Iron Crown|100/100
|turn|15
|
|t:|1760884080
|switch|p1a: Rotom|Rotom-Wash|100/100
|move|p2a: Iron Crown|Psyshock|p1a: Rotom
|-damage|p1a: Rotom|27/100
|
|-heal|p1a: Rotom|33/100|[from] item: Leftovers
|upkeep
|turn|16
|
|t:|1760884092
|move|p2a: Iron Crown|Psyshock|p1a: Rotom
|-damage|p1a: Rotom|0 fnt
|faint|p1a: Rotom
|
|upkeep
|
|t:|1760884094
|switch|p1a: Regidrago|Regidrago|100/100
|turn|17
|
|t:|1760884097
|-terastallize|p1a: Regidrago|Dragon
|move|p1a: Regidrago|Dragon Energy|p2a: Iron Crown
|-resisted|p2a: Iron Crown
|-damage|p2a: Iron Crown|28/100
|move|p2a: Iron Crown|Psyshock|p1a: Regidrago
|-damage|p1a: Regidrago|34/100
|
|upkeep
|turn|18
|
|t:|1760884104
|move|p1a: Regidrago|Dragon Energy|p2a: Iron Crown
|-resisted|p2a: Iron Crown
|-damage|p2a: Iron Crown|3/100
|move|p2a: Iron Crown|Psyshock|p1a: Regidrago
|-damage|p1a: Regidrago|0 fnt
|faint|p1a: Regidrago
|
|upkeep
|
|t:|1760884107
|switch|p1a: Pecharunt|Pecharunt|69/100
|turn|19
|
|t:|1760884111
|move|p2a: Iron Crown|Psyshock|p1a: Pecharunt
|-supereffective|p1a: Pecharunt
|-damage|p1a: Pecharunt|15/100
|move|p1a: Pecharunt|Hex|p2a: Iron Crown
|-supereffective|p2a: Iron Crown
|-damage|p2a: Iron Crown|0 fnt
|faint|p2a: Iron Crown
|-end|p2a: Iron Crown|Quark Drive|[silent]
|
|upkeep
|
|t:|1760884115
|switch|p2a: Ceruledge|Ceruledge, F, shiny|100/100
|turn|20
|c|☆err_tato|GG
|
|t:|1760884127
|move|p2a: Ceruledge|Shadow Sneak|p1a: Pecharunt
|-supereffective|p1a: Pecharunt
|-damage|p1a: Pecharunt|0 fnt
|faint|p1a: Pecharunt
|
|win|reylly
|raw|err_tato's rating: 1120 &rarr; <strong>1096</strong><br />(-24 for losing)
|raw|reylly's rating: 1140 &rarr; <strong>1164</strong><br />(+24 for winning)
|c|☆reylly|Gg
|l|☆reylly
|player|p2|
|l|☆err_tato
|player|p1|
