|j|☆Scaaltt
|j|☆ineverhaxed
|t:|1760794722
|gametype|singles
|player|p1|Scaaltt|102|1303
|player|p2|ineverhaxed|101|1311
|gen|9
|tier|[Gen 9] OU
|rated|
|rule|HP Percentage Mod: HP is shown in percentages
|rule|Endless Battle Clause: Forcing endless battles is banned
|rule|Species Clause: Limit one of each Pokémon
|rule|OHKO Clause: OHKO moves are banned
|rule|Evasion Items Clause: Evasion items are banned
|rule|Evasion Moves Clause: Evasion moves are banned
|rule|Evasion Abilities Clause: Evasion abilities are banned
|rule|Sleep Moves Clause: Sleep-inducing moves are banned
|clearpoke
|poke|p1|Iron Moth|
|poke|p1|Garchomp, M|
|poke|p1|Walking Wake|
|poke|p1|Dondozo, M|
|poke|p1|Chansey, F|
|poke|p1|Forretress, F|
|poke|p2|Illumise, F|
|poke|p2|Cloyster, M|
|poke|p2|Blissey, F|
|poke|p2|Darkrai|
|poke|p2|Cinderace, F|
|poke|p2|Lokix, F|
|teampreview
|
|t:|1760794730
|teamsize|p1|6
|teamsize|p2|6
|start
|switch|p1a: Garchomp|Garchomp, M, shiny|100/100
|switch|p2a: Blissey|Blissey, F|100/100
|turn|1
|
|t:|1760794736
|move|p1a: Garchomp|Swords Dance|p1a: Garchomp
|-boost|p1a: Garchomp|atk|2
|move|p2a: Blissey|Ice Beam|p1a: Garchomp
|-supereffective|p1a: Garchomp
|-damage|p1a: Garchomp|10/100
|
|upkeep
|turn|2
|
|t:|1760794743
|move|p1a: Garchomp|Scale Shot|p2a: Blissey
|-damage|p2a: Blissey|76/100
|-damage|p2a: Blissey|50/100
|-damage|p2a: Blissey|24/100
|-damage|p2a: Blissey|1/100
|-damage|p2a: Blissey|0 fnt
|faint|p2a: Blissey
|-hitcount|p2: Blissey|5
|-unboost|p1a: Garchomp|def|1
|-boost|p1a: Garchomp|spe|1
|
|upkeep
|
|t:|1760794747
|switch|p2a: Darkrai|Darkrai|100/100
|turn|3
|
|t:|1760794757
|move|p2a: Darkrai|Dark Pulse|p1a: Garchomp
|-damage|p1a: Garchomp|0 fnt
|faint|p1a: Garchomp
|
|upkeep
|
|t:|1760794765
|switch|p1a: Chansey|Chansey, F, shiny|100/100
|turn|4
|
|t:|1760794770
|switch|p2a: Illumise|Illumise, F|100/100
|move|p1a: Chansey|Stealth Rock|p2a: Illumise
|-sidestart|p2: ineverhaxed|move: Stealth Rock
|
|upkeep
|turn|5
|
|t:|1760794780
|move|p2a: Illumise|Infestation|p1a: Chansey
|-damage|p1a: Chansey|99/100
|-activate|p1a: Chansey|move: Infestation|[of] p2a: Illumise
|move|p1a: Chansey|Thunder Wave|p2a: Illumise
|-status|p2a: Illumise|par
|
|-damage|p1a: Chansey|87/100|[from] move: Infestation|[partiallytrapped]
|upkeep
|turn|6
|
|t:|1760794787
|cant|p2a: Illumise|par
|move|p1a: Chansey|Seismic Toss|p2a: Illumise
|-damage|p2a: Illumise|70/100 par
|
|-heal|p2a: Illumise|76/100 par|[from] item: Leftovers
|-damage|p1a: Chansey|74/100|[from] move: Infestation|[partiallytrapped]
|upkeep
|turn|7
|
|t:|1760794794
|move|p1a: Chansey|Seismic Toss|p2a: Illumise
|-damage|p2a: Illumise|46/100 par
|move|p2a: Illumise|Mud-Slap|p1a: Chansey
|-damage|p1a: Chansey|73/100
|-unboost|p1a: Chansey|accuracy|1
|
|-heal|p2a: Illumise|52/100 par|[from] item: Leftovers
|-damage|p1a: Chansey|61/100|[from] move: Infestation|[partiallytrapped]
|upkeep
|turn|8
|
|t:|1760794806
|move|p1a: Chansey|Soft-Boiled|p1a: Chansey
|-heal|p1a: Chansey|100/100
|cant|p2a: Illumise|par
|
|-heal|p2a: Illumise|58/100 par|[from] item: Leftovers
|-damage|p1a: Chansey|88/100|[from] move: Infestation|[partiallytrapped]
|upkeep
|turn|9
|
|t:|1760794813
|cant|p2a: Illumise|par
|move|p1a: Chansey|Seismic Toss|p2a: Illumise
|-damage|p2a: Illumise|28/100 par
|
|-heal|p2a: Illumise|34/100 par|[from] item: Leftovers
|-end|p1a: Chansey|Infestation|[partiallytrapped]
|upkeep
|turn|10
|
|t:|1760794820
|move|p1a: Chansey|Seismic Toss|p2a: Illumise
|-damage|p2a: Illumise|3/100 par
|move|p2a: Illumise|Mud-Slap|p1a: Chansey
|-damage|p1a: Chansey|87/100
|-unboost|p1a: Chansey|accuracy|1
|
|-heal|p2a: Illumise|9/100 par|[from] item: Leftovers
|upkeep
|turn|11
|
|t:|1760794828
|cant|p2a: Illumise|par
|move|p1a: Chansey|Seismic Toss|p2a: Illumise|[miss]
|-miss|p1a: Chansey|p2a: Illumise
|
|-heal|p2a: Illumise|15/100 par|[from] item: Leftovers
|upkeep
|turn|12
|
|t:|1760794834
|cant|p2a: Illumise|par
|move|p1a: Chansey|Seismic Toss|p2a: Illumise
|-damage|p2a: Illumise|0 fnt
|faint|p2a: Illumise
|
|upkeep
|
|t:|1760794838
|switch|p2a: Cinderace|Cinderace, F|100/100
|-damage|p2a: Cinderace|76/100|[from] Stealth Rock
|turn|13
|
|t:|1760794847
|switch|p1a: Dondozo|Dondozo, M, shiny|100/100
|move|p2a: Cinderace|Court Change|p2a: Cinderace
|-start|p2a: Cinderace|typechange|Normal|[from] ability: Libero
|-swapsideconditions
|-activate|p2a: Cinderace|move: Court Change
|
|upkeep
|turn|14
|
|t:|1760794854
|move|p2a: Cinderace|Will-O-Wisp|p1a: Dondozo|[miss]
|-miss|p2a: Cinderace|p1a: Dondozo
|move|p1a: Dondozo|Waterfall|p2a: Cinderace
|-damage|p2a: Cinderace|40/100
|-enditem|p2a: Cinderace|Red Card|[of] p1a: Dondozo
|drag|p1a: Chansey|Chansey, F, shiny|87/100
|-damage|p1a: Chansey|75/100|[from] Stealth Rock
|
|upkeep
|turn|15
|-message|ineverhaxed forfeited.
|
|win|Scaaltt
|raw|Scaaltt's rating: 1303 &rarr; <strong>1323</strong><br />(+20 for winning)
|raw|ineverhaxed's rating: 1311 &rarr; <strong>1291</strong><br />(-20 for losing)
|l|☆ineverhaxed
|player|p2|
|l|☆Scaaltt
|player|p1|
