|j|☆Walking Waste
|j|‽mantikarp2.0
|t:|1760746722
|gametype|singles
|player|p1|Walking Waste|burglar-gen2|1652
|player|p2|mantikarp2.0|medium|1753
|gen|9
|tier|[Gen 9] OU
|rated|
|rule|HP Percentage Mod: HP is shown in percentages
|rule|Endless Battle Clause: Forcing endless battles is banned
|rule|Species Clause: Limit one of each Pokémon
|rule|OHKO Clause: OHKO moves are banned
|rule|Evasion Items Clause: Evasion items are banned
|rule|Evasion Moves Clause: Evasion moves are banned
|rule|Evasion Abilities Clause: Evasion abilities are banned
|rule|Sleep Moves Clause: Sleep-inducing moves are banned
|clearpoke
|poke|p1|Frosmoth, F|
|poke|p1|Cinccino, F|
|poke|p1|Incineroar, F|
|poke|p1|Weezing-Galar, M|
|poke|p1|Sinistcha|
|poke|p1|Alomomola, M|
|poke|p2|Ribombee, M|
|poke|p2|Gholdengo|
|poke|p2|Great Tusk|
|poke|p2|Raging Bolt|
|poke|p2|Ogerpon-Cornerstone, F|
|poke|p2|Ceruledge, F|
|teampreview
|inactive|Battle timer is ON: inactive players will automatically lose when time's up. (requested by Walking Waste)
|inactive|mantikarp2.0 has 120 seconds left.
|inactive|mantikarp2.0 has 90 seconds left.
|inactive|mantikarp2.0 has 60 seconds left.
|
|t:|1760746816
|teamsize|p1|6
|teamsize|p2|6
|start
|switch|p1a: Cinccino|Cinccino, F|100/100
|switch|p2a: Raging Bolt|Raging Bolt|100/100
|-enditem|p2a: Raging Bolt|Booster Energy
|-activate|p2a: Raging Bolt|ability: Protosynthesis|[fromitem]
|-start|p2a: Raging Bolt|protosynthesisspa
|turn|1
|
|t:|1760746828
|switch|p1a: Frosmoth|Frosmoth, F|100/100
|move|p2a: Raging Bolt|Thunderbolt|p1a: Frosmoth
|-damage|p1a: Frosmoth|73/100
|
|-heal|p1a: Frosmoth|79/100|[from] item: Leftovers
|upkeep
|turn|2
|
|t:|1760746833
|move|p2a: Raging Bolt|Calm Mind|p2a: Raging Bolt
|-boost|p2a: Raging Bolt|spa|1
|-boost|p2a: Raging Bolt|spd|1
|move|p1a: Frosmoth|Ice Beam|p2a: Raging Bolt
|-supereffective|p2a: Raging Bolt
|-damage|p2a: Raging Bolt|54/100
|
|-heal|p1a: Frosmoth|85/100|[from] item: Leftovers
|upkeep
|turn|3
|
|t:|1760746838
|move|p2a: Raging Bolt|Thunderbolt|p1a: Frosmoth
|-damage|p1a: Frosmoth|46/100
|move|p1a: Frosmoth|Quiver Dance|p1a: Frosmoth
|-boost|p1a: Frosmoth|spa|1
|-boost|p1a: Frosmoth|spd|1
|-boost|p1a: Frosmoth|spe|1
|
|-heal|p1a: Frosmoth|52/100|[from] item: Leftovers
|upkeep
|turn|4
|
|t:|1760746849
|-terastallize|p2a: Raging Bolt|Bug
|move|p1a: Frosmoth|Quiver Dance|p1a: Frosmoth
|-boost|p1a: Frosmoth|spa|1
|-boost|p1a: Frosmoth|spd|1
|-boost|p1a: Frosmoth|spe|1
|move|p2a: Raging Bolt|Thunderbolt|p1a: Frosmoth
|-damage|p1a: Frosmoth|32/100
|
|-heal|p1a: Frosmoth|38/100|[from] item: Leftovers
|upkeep
|turn|5
|
|t:|1760746856
|move|p1a: Frosmoth|Ice Beam|p2a: Raging Bolt
|-damage|p2a: Raging Bolt|6/100
|move|p2a: Raging Bolt|Thunderbolt|p1a: Frosmoth
|-damage|p1a: Frosmoth|17/100
|
|-heal|p1a: Frosmoth|23/100|[from] item: Leftovers
|upkeep
|turn|6
|
|t:|1760746860
|move|p1a: Frosmoth|Ice Beam|p2a: Raging Bolt
|-damage|p2a: Raging Bolt|0 fnt
|faint|p2a: Raging Bolt
|-end|p2a: Raging Bolt|Protosynthesis|[silent]
|
|-heal|p1a: Frosmoth|29/100|[from] item: Leftovers
|upkeep
|
|t:|1760746862
|switch|p2a: Ogerpon|Ogerpon-Cornerstone, F|100/100
|turn|7
|
|t:|1760746872
|switch|p1a: Weezing|Weezing-Galar, M|100/100
|-ability|p1a: Weezing|Neutralizing Gas
|move|p2a: Ogerpon|Ivy Cudgel|p1a: Weezing|[anim] Ivy Cudgel Rock
|-damage|p1a: Weezing|55/100
|
|upkeep
|turn|8
|
|t:|1760746880
|move|p2a: Ogerpon|Ivy Cudgel|p1a: Weezing|[anim] Ivy Cudgel Rock
|-damage|p1a: Weezing|11/100
|move|p1a: Weezing|Toxic|p2a: Ogerpon
|-status|p2a: Ogerpon|tox
|
|-damage|p2a: Ogerpon|95/100 tox|[from] psn
|upkeep
|turn|9
|
|t:|1760746884
|-end|p1a: Weezing|ability: Neutralizing Gas
|switch|p1a: Alomomola|Alomomola, M|100/100
|move|p2a: Ogerpon|Ivy Cudgel|p1a: Alomomola|[anim] Ivy Cudgel Rock
|-damage|p1a: Alomomola|58/100
|
|-damage|p2a: Ogerpon|83/100 tox|[from] psn
|upkeep
|turn|10
|
|t:|1760746891
|switch|p1a: Sinistcha|Sinistcha|100/100
|move|p2a: Ogerpon|Ivy Cudgel|p1a: Sinistcha|[anim] Ivy Cudgel Rock
|-damage|p1a: Sinistcha|53/100
|
|-damage|p2a: Ogerpon|65/100 tox|[from] psn
|upkeep
|turn|11
|
|t:|1760746898
|switch|p2a: Ribombee|Ribombee, M, shiny|100/100
|switch|p1a: Alomomola|Alomomola, M|91/100
|
|upkeep
|turn|12
|
|t:|1760746903
|switch|p1a: Cinccino|Cinccino, F|100/100
|move|p2a: Ribombee|Sticky Web|p1a: Cinccino
|-sidestart|p1: Walking Waste|move: Sticky Web
|
|upkeep
|turn|13
|
|t:|1760746908
|move|p2a: Ribombee|Skill Swap|p1a: Cinccino
|-activate|p2a: Ribombee|move: Skill Swap|Technician|Shield Dust|[of] p1a: Cinccino
|move|p1a: Cinccino|Tidy Up|p1a: Cinccino
|-sideend|p1: Walking Waste|Sticky Web
|-activate|p1a: Cinccino|move: Tidy Up
|-boost|p1a: Cinccino|atk|1
|-boost|p1a: Cinccino|spe|1
|
|upkeep
|turn|14
|
|t:|1760746914
|move|p1a: Cinccino|Tail Slap|p2a: Ribombee
|-damage|p2a: Ribombee|69/100
|-damage|p2a: Ribombee|36/100
|-damage|p2a: Ribombee|6/100
|-damage|p2a: Ribombee|0 fnt
|faint|p2a: Ribombee
|-hitcount|p2: Ribombee|4
|
|upkeep
|
|t:|1760746920
|switch|p2a: Ceruledge|Ceruledge, F, shiny|100/100
|turn|15
|
|t:|1760746926
|move|p1a: Cinccino|Tidy Up|p1a: Cinccino
|-boost|p1a: Cinccino|atk|1
|-boost|p1a: Cinccino|spe|1
|move|p2a: Ceruledge|Swords Dance|p2a: Ceruledge
|-boost|p2a: Ceruledge|atk|2
|
|upkeep
|turn|16
|
|t:|1760746930
|move|p1a: Cinccino|Encore|p2a: Ceruledge
|-start|p2a: Ceruledge|Encore
|move|p2a: Ceruledge|Swords Dance|p2a: Ceruledge
|-boost|p2a: Ceruledge|atk|2
|
|upkeep
|turn|17
|l|‽mantikarp2.0
|inactive|mantikarp2.0 disconnected and has a minute to reconnect!
|player|p2|
|inactive|mantikarp2.0 has 30 seconds to reconnect!
|inactive|mantikarp2.0 has 20 seconds to reconnect!
|inactive|mantikarp2.0 has 15 seconds to reconnect!
|inactive|mantikarp2.0 has 10 seconds to reconnect!
|inactive|mantikarp2.0 has 5 seconds to reconnect!
|-message|mantikarp2.0 lost due to inactivity.
|
|win|Walking Waste
|raw|Walking Waste's rating: 1652 &rarr; <strong>1678</strong><br />(+26 for winning)
|raw|mantikarp2.0's rating: 1753 &rarr; <strong>1727</strong><br />(-26 for losing)
|l|☆Walking Waste
|player|p1|
