|j|☆gus2007
|j|☆Rinorrudo
|t:|1760790861
|gametype|singles
|player|p1|gus2007|102|1221
|player|p2|Rinorrudo|flint|1215
|gen|9
|tier|[Gen 9] OU
|rated|
|rule|HP Percentage Mod: HP is shown in percentages
|rule|Endless Battle Clause: Forcing endless battles is banned
|rule|Species Clause: Limit one of each Pokémon
|rule|OHKO Clause: OHKO moves are banned
|rule|Evasion Items Clause: Evasion items are banned
|rule|Evasion Moves Clause: Evasion moves are banned
|rule|Evasion Abilities Clause: Evasion abilities are banned
|rule|Sleep Moves Clause: Sleep-inducing moves are banned
|clearpoke
|poke|p1|Regidrago|
|poke|p1|Galvantula, F|
|poke|p1|Lokix, M|
|poke|p1|Iron Crown|
|poke|p1|Gholdengo|
|poke|p1|Dragonite, F|
|poke|p2|Ninetales, M|
|poke|p2|Walking Wake|
|poke|p2|Great Tusk|
|poke|p2|Gliscor, F|
|poke|p2|Blissey, F|
|poke|p2|Weezing-Galar, M|
|teampreview
|inactive|Battle timer is ON: inactive players will automatically lose when time's up. (requested by Rinorrudo)
|
|t:|1760790873
|teamsize|p1|6
|teamsize|p2|6
|start
|switch|p1a: Regidrago|Regidrago|100/100
|switch|p2a: Ninetales|Ninetales, M|100/100
|-weather|SunnyDay|[from] ability: Drought|[of] p2a: Ninetales
|turn|1
|
|t:|1760790880
|move|p1a: Regidrago|Dragon Energy|p2a: Ninetales
|-damage|p2a: Ninetales|0 fnt
|faint|p2a: Ninetales
|
|-weather|SunnyDay|[upkeep]
|upkeep
|
|t:|1760790887
|switch|p2a: Walking Wake|Walking Wake|100/100
|-activate|p2a: Walking Wake|ability: Protosynthesis
|-start|p2a: Walking Wake|protosynthesisspe
|turn|2
|
|t:|1760790895
|switch|p1a: Iron Crown|Iron Crown|100/100
|move|p2a: Walking Wake|Dragon Pulse|p1a: Iron Crown
|-resisted|p1a: Iron Crown
|-damage|p1a: Iron Crown|70/100
|-damage|p2a: Walking Wake|91/100|[from] item: Life Orb
|
|-weather|SunnyDay|[upkeep]
|upkeep
|turn|3
|
|t:|1760790898
|move|p2a: Walking Wake|Weather Ball|p1a: Iron Crown
|-supereffective|p1a: Iron Crown
|-damage|p1a: Iron Crown|0 fnt
|faint|p1a: Iron Crown
|-end|p1a: Iron Crown|Quark Drive|[silent]
|-damage|p2a: Walking Wake|81/100|[from] item: Life Orb
|
|-weather|SunnyDay|[upkeep]
|upkeep
|
|t:|1760790903
|switch|p1a: Dragonite|Dragonite, F|100/100
|turn|4
|
|t:|1760790911
|move|p2a: Walking Wake|Dragon Pulse|p1a: Dragonite
|-supereffective|p1a: Dragonite
|-damage|p1a: Dragonite|44/100
|-enditem|p1a: Dragonite|Weakness Policy
|-boost|p1a: Dragonite|atk|2|[from] item: Weakness Policy
|-boost|p1a: Dragonite|spa|2|[from] item: Weakness Policy
|-damage|p2a: Walking Wake|71/100|[from] item: Life Orb
|move|p1a: Dragonite|Dragon Dance|p1a: Dragonite
|-boost|p1a: Dragonite|atk|1
|-boost|p1a: Dragonite|spe|1
|
|-weather|SunnyDay|[upkeep]
|upkeep
|turn|5
|
|t:|1760790916
|-terastallize|p1a: Dragonite|Normal
|move|p1a: Dragonite|Extreme Speed|p2a: Walking Wake
|-damage|p2a: Walking Wake|0 fnt
|faint|p2a: Walking Wake
|-end|p2a: Walking Wake|Protosynthesis|[silent]
|
|-weather|SunnyDay|[upkeep]
|upkeep
|
|t:|1760790924
|switch|p2a: Weezing|Weezing-Galar, M|100/100
|-ability|p2a: Weezing|Neutralizing Gas
|turn|6
|
|t:|1760790938
|move|p1a: Dragonite|Iron Head|p2a: Weezing
|-supereffective|p2a: Weezing
|-damage|p2a: Weezing|0 fnt
|-damage|p1a: Dragonite|27/100|[from] item: Rocky Helmet|[of] p2a: Weezing
|faint|p2a: Weezing
|-end|p2a: Weezing|ability: Neutralizing Gas
|
|-weather|SunnyDay|[upkeep]
|upkeep
|
|t:|1760790947
|switch|p2a: Gliscor|Gliscor, F|100/100
|turn|7
|
|t:|1760790955
|-terastallize|p2a: Gliscor|Steel
|move|p1a: Dragonite|Extreme Speed|p2a: Gliscor
|-resisted|p2a: Gliscor
|-damage|p2a: Gliscor|62/100
|move|p2a: Gliscor|Earthquake|p1a: Dragonite
|-damage|p1a: Dragonite|0 fnt
|faint|p1a: Dragonite
|
|-weather|SunnyDay|[upkeep]
|upkeep
|
|t:|1760790967
|switch|p1a: Galvantula|Galvantula, F|100/100
|turn|8
|
|t:|1760790972
|move|p1a: Galvantula|Thunder Wave|p2a: Gliscor
|-status|p2a: Gliscor|par
|move|p2a: Gliscor|Toxic|p1a: Galvantula|[miss]
|-miss|p2a: Gliscor|p1a: Galvantula
|
|-weather|none
|upkeep
|turn|9
|
|t:|1760790979
|switch|p2a: Blissey|Blissey, F|100/100
|move|p1a: Galvantula|Sticky Web|p2a: Blissey
|-sidestart|p2: Rinorrudo|move: Sticky Web
|
|upkeep
|turn|10
|
|t:|1760790984
|move|p1a: Galvantula|Volt Switch|p2a: Blissey
|-damage|p2a: Blissey|92/100
|
|t:|1760790988
|switch|p1a: Lokix|Lokix, M|100/100|[from] Volt Switch
|move|p2a: Blissey|Stealth Rock|p1a: Lokix
|-sidestart|p1: gus2007|move: Stealth Rock
|
|-heal|p2a: Blissey|98/100|[from] item: Leftovers
|upkeep
|turn|11
|
|t:|1760790994
|switch|p2a: Great Tusk|Great Tusk|100/100
|-activate|p2a: Great Tusk|move: Sticky Web
|-unboost|p2a: Great Tusk|spe|1
|move|p1a: Lokix|First Impression|p2a: Great Tusk
|-resisted|p2a: Great Tusk
|-damage|p2a: Great Tusk|67/100
|
|upkeep
|turn|12
|
|t:|1760790997
|-end|p2a: Great Tusk|Protosynthesis|[silent]
|switch|p2a: Gliscor|Gliscor, F, tera:Steel|62/100 par
|-activate|p2a: Gliscor|move: Sticky Web
|-unboost|p2a: Gliscor|spe|1
|move|p1a: Lokix|Swords Dance|p1a: Lokix
|-boost|p1a: Lokix|atk|2
|
|upkeep
|turn|13
|
|t:|1760791004
|move|p1a: Lokix|Low Kick|p2a: Gliscor
|-supereffective|p2a: Gliscor
|-damage|p2a: Gliscor|15/100 par
|cant|p2a: Gliscor|par
|
|upkeep
|turn|14
|-message|Rinorrudo forfeited.
|
|win|gus2007
|raw|gus2007's rating: 1221 &rarr; <strong>1246</strong><br />(+25 for winning)
|raw|Rinorrudo's rating: 1215 &rarr; <strong>1190</strong><br />(-25 for losing)
|l|☆Rinorrudo
|player|p2|
|l|☆gus2007
|player|p1|
