|j|☆vghhjg
|j|☆pankake69
|t:|1760786319
|gametype|singles
|player|p1|vghhjg|265|1563
|player|p2|pankake69|hiker-gen4|1570
|gen|9
|tier|[Gen 9] OU
|rated|
|rule|HP Percentage Mod: HP is shown in percentages
|rule|Endless Battle Clause: Forcing endless battles is banned
|rule|Species Clause: Limit one of each Pokémon
|rule|OHKO Clause: OHKO moves are banned
|rule|Evasion Items Clause: Evasion items are banned
|rule|Evasion Moves Clause: Evasion moves are banned
|rule|Evasion Abilities Clause: Evasion abilities are banned
|rule|Sleep Moves Clause: Sleep-inducing moves are banned
|clearpoke
|poke|p1|Ribombee, M|
|poke|p1|Gholdengo|
|poke|p1|Dragonite, M|
|poke|p1|Great Tusk|
|poke|p1|Pecharunt|
|poke|p1|Kingambit, F|
|poke|p2|Rillaboom, M|
|poke|p2|Heatran, M|
|poke|p2|Gholdengo|
|poke|p2|Tornadus-Therian, M|
|poke|p2|Primarina, F|
|poke|p2|Ting-Lu|
|teampreview
|inactive|Battle timer is ON: inactive players will automatically lose when time's up. (requested by pankake69)
|inactive|vghhjg has 120 seconds left.
|inactive|pankake69 has 120 seconds left.
|inactive|vghhjg has 90 seconds left.
|
|t:|1760786395
|teamsize|p1|6
|teamsize|p2|6
|start
|switch|p1a: Ribombee|Ribombee, M|100/100
|switch|p2a: Heatran|Heatran, M|100/100
|turn|1
|
|t:|1760786407
|move|p1a: Ribombee|Sticky Web|p2a: Heatran
|-sidestart|p2: pankake69|move: Sticky Web
|move|p2a: Heatran|Magma Storm|p1a: Ribombee|[miss]
|-miss|p2a: Heatran|p1a: Ribombee
|
|upkeep
|turn|2
|
|t:|1760786412
|move|p1a: Ribombee|Stun Spore|p2a: Heatran
|-status|p2a: Heatran|par
|move|p2a: Heatran|Stealth Rock|p1a: Ribombee
|-sidestart|p1: vghhjg|move: Stealth Rock
|
|upkeep
|turn|3
|
|t:|1760786417
|move|p1a: Ribombee|Skill Swap|p2a: Heatran
|-activate|p1a: Ribombee|move: Skill Swap|Flash Fire|Shield Dust|[of] p2a: Heatran
|move|p2a: Heatran|Magma Storm|p1a: Ribombee
|-start|p1a: Ribombee|ability: Flash Fire
|
|upkeep
|turn|4
|
|t:|1760786425
|switch|p2a: Gholdengo|Gholdengo|100/100
|-activate|p2a: Gholdengo|move: Sticky Web
|-unboost|p2a: Gholdengo|spe|1
|move|p1a: Ribombee|Psychic Noise|p2a: Gholdengo
|-resisted|p2a: Gholdengo
|-damage|p2a: Gholdengo|91/100
|-start|p2a: Gholdengo|move: Heal Block
|
|upkeep
|turn|5
|
|t:|1760786431
|move|p1a: Ribombee|Psychic Noise|p2a: Gholdengo
|-resisted|p2a: Gholdengo
|-damage|p2a: Gholdengo|80/100
|move|p2a: Gholdengo|Shadow Ball|p1a: Ribombee
|-damage|p1a: Ribombee|37/100
|-unboost|p1a: Ribombee|spd|1
|
|-end|p2a: Gholdengo|move: Heal Block
|upkeep
|turn|6
|
|t:|1760786441
|move|p1a: Ribombee|Psychic Noise|p2a: Gholdengo
|-resisted|p2a: Gholdengo
|-damage|p2a: Gholdengo|71/100
|-start|p2a: Gholdengo|move: Heal Block
|move|p2a: Gholdengo|Shadow Ball|p1a: Ribombee
|-damage|p1a: Ribombee|0 fnt
|faint|p1a: Ribombee
|
|upkeep
|
|t:|1760786450
|switch|p1a: Great Tusk|Great Tusk|100/100
|turn|7
|
|t:|1760786468
|switch|p2a: Tornadus|Tornadus-Therian, M|100/100
|move|p1a: Great Tusk|Stealth Rock|p2a: Tornadus
|-sidestart|p2: pankake69|move: Stealth Rock
|
|upkeep
|turn|8
|j| 0WithdrawalSyndrom
|inactive|vghhjg has 120 seconds left.
|
|t:|1760786500
|-end|p1a: Great Tusk|Protosynthesis|[silent]
|switch|p1a: Kingambit|Kingambit, F|100/100
|-damage|p1a: Kingambit|94/100|[from] Stealth Rock
|-activate|p1a: Kingambit|ability: Supreme Overlord
|-start|p1a: Kingambit|fallen1|[silent]
|move|p2a: Tornadus|Bleakwind Storm|p1a: Kingambit
|-resisted|p1a: Kingambit
|-damage|p1a: Kingambit|73/100
|
|-heal|p1a: Kingambit|79/100|[from] item: Leftovers
|upkeep
|turn|9
|inactive|vghhjg has 120 seconds left.
|
|t:|1760786510
|move|p2a: Tornadus|Heat Wave|p1a: Kingambit
|-supereffective|p1a: Kingambit
|-damage|p1a: Kingambit|27/100
|move|p1a: Kingambit|Swords Dance|p1a: Kingambit
|-boost|p1a: Kingambit|atk|2
|
|-heal|p1a: Kingambit|33/100|[from] item: Leftovers
|upkeep
|turn|10
|inactive|pankake69 has 120 seconds left.
|
|t:|1760786569
|switch|p2a: Rillaboom|Rillaboom, M|100/100
|-activate|p2a: Rillaboom|move: Sticky Web
|-unboost|p2a: Rillaboom|spe|1
|-damage|p2a: Rillaboom|88/100|[from] Stealth Rock
|-fieldstart|move: Grassy Terrain|[from] ability: Grassy Surge|[of] p2a: Rillaboom
|move|p1a: Kingambit|Sucker Punch||[still]
|-fail|p1a: Kingambit
|
|-heal|p1a: Kingambit|39/100|[from] Grassy Terrain
|-heal|p1a: Kingambit|45/100|[from] item: Leftovers
|-heal|p2a: Rillaboom|94/100|[from] Grassy Terrain
|upkeep
|turn|11
|
|t:|1760786588
|move|p1a: Kingambit|Sucker Punch|p2a: Rillaboom
|-damage|p2a: Rillaboom|13/100
|move|p2a: Rillaboom|Grassy Glide|p1a: Kingambit
|-resisted|p1a: Kingambit
|-damage|p1a: Kingambit|28/100
|
|-heal|p1a: Kingambit|34/100|[from] Grassy Terrain
|-heal|p1a: Kingambit|40/100|[from] item: Leftovers
|-heal|p2a: Rillaboom|19/100|[from] Grassy Terrain
|upkeep
|turn|12
|
|t:|1760786601
|move|p1a: Kingambit|Sucker Punch|p2a: Rillaboom
|-damage|p2a: Rillaboom|0 fnt
|faint|p2a: Rillaboom
|
|-heal|p1a: Kingambit|47/100|[from] Grassy Terrain
|-heal|p1a: Kingambit|53/100|[from] item: Leftovers
|upkeep
|
|t:|1760786605
|switch|p2a: Heatran|Heatran, M|100/100 par
|-activate|p2a: Heatran|move: Sticky Web
|-unboost|p2a: Heatran|spe|1
|-damage|p2a: Heatran|88/100 par|[from] Stealth Rock
|turn|13
|inactive|vghhjg has 120 seconds left.
|l| 0WithdrawalSyndrom
|
|t:|1760786659
|-terastallize|p1a: Kingambit|Ghost
|move|p1a: Kingambit|Swords Dance|p1a: Kingambit
|-boost|p1a: Kingambit|atk|2
|move|p2a: Heatran|Magma Storm|p1a: Kingambit
|-damage|p1a: Kingambit|2/100
|-activate|p1a: Kingambit|move: Magma Storm|[of] p2a: Heatran
|
|-heal|p1a: Kingambit|8/100|[from] Grassy Terrain
|-heal|p1a: Kingambit|15/100|[from] item: Leftovers
|-heal|p2a: Heatran|94/100 par|[from] Grassy Terrain
|-heal|p2a: Heatran|100/100 par|[from] item: Leftovers
|-damage|p1a: Kingambit|2/100|[from] move: Magma Storm|[partiallytrapped]
|upkeep
|turn|14
|inactive|pankake69 has 120 seconds left.
|
|t:|1760786680
|move|p1a: Kingambit|Kowtow Cleave|p2a: Heatran
|-damage|p2a: Heatran|0 fnt
|faint|p2a: Heatran
|
|-heal|p1a: Kingambit|8/100|[from] Grassy Terrain
|-heal|p1a: Kingambit|15/100|[from] item: Leftovers
|-end|p1a: Kingambit|Magma Storm|[partiallytrapped]|[silent]
|upkeep
|
|t:|1760786684
|switch|p2a: Tornadus|Tornadus-Therian, M|100/100
|turn|15
|
|t:|1760786689
|move|p1a: Kingambit|Sucker Punch|p2a: Tornadus
|-damage|p2a: Tornadus|0 fnt
|faint|p2a: Tornadus
|
|-heal|p1a: Kingambit|21/100|[from] Grassy Terrain
|-heal|p1a: Kingambit|27/100|[from] item: Leftovers
|upkeep
|
|t:|1760786693
|switch|p2a: Gholdengo|Gholdengo|71/100
|-activate|p2a: Gholdengo|move: Sticky Web
|-unboost|p2a: Gholdengo|spe|1
|-damage|p2a: Gholdengo|65/100|[from] Stealth Rock
|turn|16
|inactive|vghhjg has 120 seconds left.
|
|t:|1760786699
|move|p2a: Gholdengo|Make It Rain|p1a: Kingambit
|-damage|p1a: Kingambit|0 fnt
|-unboost|p2a: Gholdengo|spa|1
|faint|p1a: Kingambit
|-end|p1a: Kingambit|fallen1|[silent]
|
|-heal|p2a: Gholdengo|71/100|[from] Grassy Terrain
|upkeep
|inactive|vghhjg has 120 seconds left.
|
|t:|1760786711
|switch|p1a: Pecharunt|Pecharunt|100/100
|turn|17
|
|t:|1760786730
|switch|p2a: Ting-Lu|Ting-Lu|100/100
|-activate|p2a: Ting-Lu|move: Sticky Web
|-unboost|p2a: Ting-Lu|spe|1
|-damage|p2a: Ting-Lu|94/100|[from] Stealth Rock
|-ability|p2a: Ting-Lu|Vessel of Ruin
|move|p1a: Pecharunt|Nasty Plot|p1a: Pecharunt
|-boost|p1a: Pecharunt|spa|2
|
|-heal|p2a: Ting-Lu|100/100|[from] Grassy Terrain
|-fieldend|move: Grassy Terrain
|upkeep
|turn|18
|
|t:|1760786741
|move|p1a: Pecharunt|Malignant Chain|p2a: Ting-Lu
|-resisted|p2a: Ting-Lu
|-damage|p2a: Ting-Lu|83/100
|-status|p2a: Ting-Lu|tox
|-start|p2a: Ting-Lu|confusion|[from] ability: Poison Puppeteer|[of] p1a: Pecharunt
|-activate|p2a: Ting-Lu|confusion
|move|p2a: Ting-Lu|Whirlwind|p1a: Pecharunt
|drag|p1a: Dragonite|Dragonite, M|100/100
|-damage|p1a: Dragonite|75/100|[from] Stealth Rock
|
|-heal|p1a: Dragonite|82/100|[from] item: Leftovers
|-heal|p2a: Ting-Lu|89/100 tox|[from] item: Leftovers
|-damage|p2a: Ting-Lu|83/100 tox|[from] psn
|upkeep
|turn|19
|
|t:|1760786754
|move|p1a: Dragonite|Roost|p1a: Dragonite
|-heal|p1a: Dragonite|100/100
|-singleturn|p1a: Dragonite|move: Roost
|-activate|p2a: Ting-Lu|confusion
|move|p2a: Ting-Lu|Whirlwind|p1a: Dragonite
|drag|p1a: Gholdengo|Gholdengo|100/100
|-damage|p1a: Gholdengo|94/100|[from] Stealth Rock
|-item|p1a: Gholdengo|Air Balloon
|
|-heal|p2a: Ting-Lu|89/100 tox|[from] item: Leftovers
|-damage|p2a: Ting-Lu|77/100 tox|[from] psn
|upkeep
|turn|20
|
|t:|1760786784
|move|p1a: Gholdengo|Nasty Plot|p1a: Gholdengo
|-boost|p1a: Gholdengo|spa|2
|-activate|p2a: Ting-Lu|confusion
|move|p2a: Ting-Lu|Ruination|p1a: Gholdengo
|-damage|p1a: Gholdengo|47/100
|-enditem|p1a: Gholdengo|Air Balloon
|
|-heal|p2a: Ting-Lu|83/100 tox|[from] item: Leftovers
|-damage|p2a: Ting-Lu|64/100 tox|[from] psn
|upkeep
|turn|21
|
|t:|1760786789
|move|p1a: Gholdengo|Dazzling Gleam|p2a: Ting-Lu
|-supereffective|p2a: Ting-Lu
|-damage|p2a: Ting-Lu|19/100 tox
|-activate|p2a: Ting-Lu|confusion
|-damage|p2a: Ting-Lu|14/100 tox|[from] confusion
|
|-heal|p2a: Ting-Lu|20/100 tox|[from] item: Leftovers
|-damage|p2a: Ting-Lu|0 fnt|[from] psn
|faint|p2a: Ting-Lu
|upkeep
|
|t:|1760786794
|switch|p2a: Gholdengo|Gholdengo|71/100
|-activate|p2a: Gholdengo|move: Sticky Web
|-unboost|p2a: Gholdengo|spe|1
|-damage|p2a: Gholdengo|65/100|[from] Stealth Rock
|turn|22
|
|t:|1760786799
|move|p1a: Gholdengo|Shadow Ball|p2a: Gholdengo
|-supereffective|p2a: Gholdengo
|-damage|p2a: Gholdengo|0 fnt
|faint|p2a: Gholdengo
|
|upkeep
|
|t:|1760786801
|switch|p2a: Primarina|Primarina, F|100/100
|-activate|p2a: Primarina|move: Sticky Web
|-unboost|p2a: Primarina|spe|1
|-damage|p2a: Primarina|88/100|[from] Stealth Rock
|turn|23
|
|t:|1760786808
|-terastallize|p2a: Primarina|Steel
|move|p1a: Gholdengo|Psyshock|p2a: Primarina
|-resisted|p2a: Primarina
|-damage|p2a: Primarina|48/100
|move|p2a: Primarina|Calm Mind|p2a: Primarina
|-boost|p2a: Primarina|spa|1
|-boost|p2a: Primarina|spd|1
|
|-heal|p2a: Primarina|54/100|[from] item: Leftovers
|upkeep
|turn|24
|
|t:|1760786810
|move|p1a: Gholdengo|Shadow Ball|p2a: Primarina
|-damage|p2a: Primarina|5/100
|move|p2a: Primarina|Calm Mind|p2a: Primarina
|-boost|p2a: Primarina|spa|1
|-boost|p2a: Primarina|spd|1
|
|-heal|p2a: Primarina|12/100|[from] item: Leftovers
|upkeep
|turn|25
|
|t:|1760786814
|move|p1a: Gholdengo|Shadow Ball|p2a: Primarina
|-damage|p2a: Primarina|0 fnt
|faint|p2a: Primarina
|
|win|vghhjg
|raw|vghhjg's rating: 1563 &rarr; <strong>1582</strong><br />(+19 for winning)
|raw|pankake69's rating: 1547 &rarr; <strong>1528</strong><br />(-19 for losing)
|l|☆vghhjg
|player|p1|
|l|☆pankake69
|player|p2|
