|j|☆poli_7127_Q
|j|☆gabbagoul
|t:|1760753312
|gametype|singles
|player|p1|poli_7127_Q|lady-gen4|1105
|player|p2|gabbagoul|rocketgrunt|1155
|gen|9
|tier|[Gen 9] OU
|rated|
|rule|HP Percentage Mod: HP is shown in percentages
|rule|Endless Battle Clause: Forcing endless battles is banned
|rule|Species Clause: Limit one of each Pokémon
|rule|OHKO Clause: OHKO moves are banned
|rule|Evasion Items Clause: Evasion items are banned
|rule|Evasion Moves Clause: Evasion moves are banned
|rule|Evasion Abilities Clause: Evasion abilities are banned
|rule|Sleep Moves Clause: Sleep-inducing moves are banned
|clearpoke
|poke|p1|Moltres-Galar|
|poke|p1|Goodra-Hisui, F|
|poke|p1|Glimmora, M|
|poke|p1|Dragonite, M|
|poke|p1|Slowpoke-Galar, F|
|poke|p1|Pawmot, F|
|poke|p2|Milotic, F|
|poke|p2|Comfey, F|
|poke|p2|Deoxys-Defense|
|poke|p2|Clawitzer, M|
|poke|p2|Golurk|
|poke|p2|Noivern, M|
|teampreview
|inactive|Battle timer is ON: inactive players will automatically lose when time's up. (requested by gabbagoul)
|
|t:|1760753329
|teamsize|p1|6
|teamsize|p2|6
|start
|switch|p1a: キラフロル|Glimmora, M, shiny|100/100
|switch|p2a: Golurk|Golurk|100/100
|turn|1
|
|t:|1760753337
|move|p1a: キラフロル|Stealth Rock|p2a: Golurk
|-sidestart|p2: gabbagoul|move: Stealth Rock
|move|p2a: Golurk|Earthquake|p1a: キラフロル
|-supereffective|p1a: キラフロル
|-enditem|p1a: キラフロル|Focus Sash
|-damage|p1a: キラフロル|1/100
|-activate|p1a: キラフロル|ability: Toxic Debris
|-sidestart|p2: gabbagoul|move: Toxic Spikes
|
|upkeep
|turn|2
|
|t:|1760753354
|move|p1a: キラフロル|Mud Shot|p2a: Golurk
|-damage|p2a: Golurk|80/100
|-unboost|p2a: Golurk|spe|1
|move|p2a: Golurk|Earthquake|p1a: キラフロル
|-supereffective|p1a: キラフロル
|-damage|p1a: キラフロル|0 fnt
|-activate|p1a: キラフロル|ability: Toxic Debris
|-sidestart|p2: gabbagoul|move: Toxic Spikes
|faint|p1a: キラフロル
|
|upkeep
|
|t:|1760753364
|switch|p1a: ガラルファイヤー|Moltres-Galar|100/100
|turn|3
|
|t:|1760753370
|-terastallize|p1a: ガラルファイヤー|Dark
|-terastallize|p2a: Golurk|Fighting
|move|p1a: ガラルファイヤー|Fiery Wrath|p2a: Golurk
|-resisted|p2a: Golurk
|-damage|p2a: Golurk|50/100
|move|p2a: Golurk|Dynamic Punch|p1a: ガラルファイヤー
|-supereffective|p1a: ガラルファイヤー
|-damage|p1a: ガラルファイヤー|0 fnt
|faint|p1a: ガラルファイヤー
|
|upkeep
|
|t:|1760753387
|switch|p1a: ヒスイヌメルゴン|Goodra-Hisui, F|100/100
|turn|4
|
|t:|1760753400
|move|p1a: ヒスイヌメルゴン|Earthquake|p2a: Golurk
|-damage|p2a: Golurk|22/100
|move|p2a: Golurk|Dynamic Punch|p1a: ヒスイヌメルゴン
|-supereffective|p1a: ヒスイヌメルゴン
|-damage|p1a: ヒスイヌメルゴン|0 fnt
|faint|p1a: ヒスイヌメルゴン
|
|upkeep
|
|t:|1760753407
|switch|p1a: カイリュー|Dragonite, M|100/100
|turn|5
|
|t:|1760753415
|move|p1a: カイリュー|Extreme Speed|p2a: Golurk
|-damage|p2a: Golurk|0 fnt
|-damage|p1a: カイリュー|84/100|[from] item: Rocky Helmet|[of] p2a: Golurk
|faint|p2a: Golurk
|
|upkeep
|
|t:|1760753420
|switch|p2a: Noivern|Noivern, M|100/100
|-damage|p2a: Noivern|76/100|[from] Stealth Rock
|turn|6
|
|t:|1760753425
|move|p1a: カイリュー|Extreme Speed|p2a: Noivern
|-damage|p2a: Noivern|18/100
|move|p2a: Noivern|Defog|p1a: カイリュー
|-unboost|p1a: カイリュー|evasion|1
|-sideend|p2: gabbagoul|Toxic Spikes|[from] move: Defog|[of] p2a: Noivern
|-sideend|p2: gabbagoul|Stealth Rock|[from] move: Defog|[of] p2a: Noivern
|
|upkeep
|turn|7
|
|t:|1760753431
|move|p1a: カイリュー|Extreme Speed|p2a: Noivern
|-damage|p2a: Noivern|0 fnt
|faint|p2a: Noivern
|
|upkeep
|
|t:|1760753433
|switch|p2a: Deoxys|Deoxys-Defense|100/100
|-ability|p2a: Deoxys|Pressure
|turn|8
|
|t:|1760753439
|move|p1a: カイリュー|Extreme Speed|p2a: Deoxys
|-damage|p2a: Deoxys|62/100
|move|p2a: Deoxys|Zen Headbutt|p1a: カイリュー
|-damage|p1a: カイリュー|51/100
|
|upkeep
|turn|9
|
|t:|1760753445
|move|p1a: カイリュー|Extreme Speed|p2a: Deoxys
|-crit|p2a: Deoxys
|-damage|p2a: Deoxys|10/100
|move|p2a: Deoxys|Zen Headbutt|p1a: カイリュー
|-damage|p1a: カイリュー|19/100
|
|upkeep
|turn|10
|
|t:|1760753451
|move|p1a: カイリュー|Extreme Speed|p2a: Deoxys
|-damage|p2a: Deoxys|0 fnt
|faint|p2a: Deoxys
|
|upkeep
|
|t:|1760753455
|switch|p2a: Comfey|Comfey, F|100/100
|turn|11
|
|t:|1760753462
|move|p2a: Comfey|Draining Kiss|p1a: カイリュー
|-supereffective|p1a: カイリュー
|-damage|p1a: カイリュー|0 fnt
|faint|p1a: カイリュー
|
|upkeep
|
|t:|1760753468
|switch|p1a: パーモット|Pawmot, F, shiny|100/100
|turn|12
|
|t:|1760753472
|move|p2a: Comfey|Draining Kiss|p1a: パーモット
|-supereffective|p1a: パーモット
|-damage|p1a: パーモット|22/100
|move|p1a: パーモット|Double Shock|p2a: Comfey
|-damage|p2a: Comfey|36/100
|-start|p1a: パーモット|typechange|???/Fighting|[from] move: Double Shock
|
|upkeep
|turn|13
|
|t:|1760753479
|switch|p1a: ガラルヤドン|Slowpoke-Galar, F|100/100
|move|p2a: Comfey|Draining Kiss|p1a: ガラルヤドン
|-damage|p1a: ガラルヤドン|79/100
|-heal|p2a: Comfey|61/100|[from] drain|[of] p1a: ガラルヤドン
|
|upkeep
|turn|14
|
|t:|1760753489
|move|p2a: Comfey|Calm Mind|p2a: Comfey
|-boost|p2a: Comfey|spa|1
|-boost|p2a: Comfey|spd|1
|move|p1a: ガラルヤドン|Curse|p1a: ガラルヤドン
|-unboost|p1a: ガラルヤドン|spe|1
|-boost|p1a: ガラルヤドン|atk|1
|-boost|p1a: ガラルヤドン|def|1
|
|upkeep
|turn|15
|
|t:|1760753496
|move|p2a: Comfey|Draining Kiss|p1a: ガラルヤドン
|-damage|p1a: ガラルヤドン|48/100
|-heal|p2a: Comfey|99/100|[from] drain|[of] p1a: ガラルヤドン
|move|p1a: ガラルヤドン|Amnesia|p1a: ガラルヤドン
|-boost|p1a: ガラルヤドン|spd|2
|
|upkeep
|turn|16
|
|t:|1760753505
|move|p2a: Comfey|Draining Kiss|p1a: ガラルヤドン
|-damage|p1a: ガラルヤドン|32/100
|-heal|p2a: Comfey|100/100|[from] drain|[of] p1a: ガラルヤドン
|move|p1a: ガラルヤドン|Slack Off|p1a: ガラルヤドン
|-heal|p1a: ガラルヤドン|82/100
|
|upkeep
|turn|17
|
|t:|1760753511
|move|p2a: Comfey|Calm Mind|p2a: Comfey
|-boost|p2a: Comfey|spa|1
|-boost|p2a: Comfey|spd|1
|move|p1a: ガラルヤドン|Waterfall|p2a: Comfey
|-damage|p2a: Comfey|78/100
|
|upkeep
|turn|18
|
|t:|1760753518
|move|p2a: Comfey|Calm Mind|p2a: Comfey
|-boost|p2a: Comfey|spa|1
|-boost|p2a: Comfey|spd|1
|move|p1a: ガラルヤドン|Waterfall|p2a: Comfey
|-damage|p2a: Comfey|58/100
|
|upkeep
|turn|19
|
|t:|1760753525
|move|p2a: Comfey|Calm Mind|p2a: Comfey
|-boost|p2a: Comfey|spa|1
|-boost|p2a: Comfey|spd|1
|move|p1a: ガラルヤドン|Waterfall|p2a: Comfey
|-damage|p2a: Comfey|35/100
|
|upkeep
|turn|20
|
|t:|1760753531
|move|p2a: Comfey|Calm Mind|p2a: Comfey
|-boost|p2a: Comfey|spa|1
|-boost|p2a: Comfey|spd|1
|move|p1a: ガラルヤドン|Waterfall|p2a: Comfey
|-damage|p2a: Comfey|14/100
|
|upkeep
|turn|21
|
|t:|1760753537
|move|p2a: Comfey|Draining Kiss|p1a: ガラルヤドン
|-damage|p1a: ガラルヤドン|42/100
|-heal|p2a: Comfey|61/100|[from] drain|[of] p1a: ガラルヤドン
|move|p1a: ガラルヤドン|Slack Off|p1a: ガラルヤドン
|-heal|p1a: ガラルヤドン|92/100
|
|upkeep
|turn|22
|
|t:|1760753545
|move|p2a: Comfey|Calm Mind|p2a: Comfey
|-boost|p2a: Comfey|spa|1
|-boost|p2a: Comfey|spd|1
|move|p1a: ガラルヤドン|Amnesia|p1a: ガラルヤドン
|-boost|p1a: ガラルヤドン|spd|2
|
|upkeep
|turn|23
|
|t:|1760753554
|move|p2a: Comfey|Draining Kiss|p1a: ガラルヤドン
|-damage|p1a: ガラルヤドン|61/100
|-heal|p2a: Comfey|99/100|[from] drain|[of] p1a: ガラルヤドン
|move|p1a: ガラルヤドン|Amnesia|p1a: ガラルヤドン
|-boost|p1a: ガラルヤドン|spd|2
|
|upkeep
|turn|24
|
|t:|1760753562
|move|p2a: Comfey|Draining Kiss|p1a: ガラルヤドン
|-damage|p1a: ガラルヤドン|38/100
|-heal|p2a: Comfey|100/100|[from] drain|[of] p1a: ガラルヤドン
|move|p1a: ガラルヤドン|Waterfall|p2a: Comfey
|-damage|p2a: Comfey|79/100
|
|upkeep
|turn|25
|
|t:|1760753570
|move|p2a: Comfey|Draining Kiss|p1a: ガラルヤドン
|-damage|p1a: ガラルヤドン|15/100
|-heal|p2a: Comfey|100/100|[from] drain|[of] p1a: ガラルヤドン
|move|p1a: ガラルヤドン|Slack Off|p1a: ガラルヤドン
|-heal|p1a: ガラルヤドン|65/100
|
|upkeep
|turn|26
|
|t:|1760753579
|move|p2a: Comfey|Tera Blast|p1a: ガラルヤドン
|-damage|p1a: ガラルヤドン|41/100
|move|p1a: ガラルヤドン|Waterfall|p2a: Comfey
|-damage|p2a: Comfey|80/100
|
|upkeep
|turn|27
|
|t:|1760753585
|move|p2a: Comfey|Tera Blast|p1a: ガラルヤドン
|-damage|p1a: ガラルヤドン|17/100
|move|p1a: ガラルヤドン|Slack Off|p1a: ガラルヤドン
|-heal|p1a: ガラルヤドン|67/100
|
|upkeep
|turn|28
|
|t:|1760753592
|move|p2a: Comfey|Tera Blast|p1a: ガラルヤドン
|-damage|p1a: ガラルヤドン|42/100
|move|p1a: ガラルヤドン|Amnesia|p1a: ガラルヤドン
|-boost|p1a: ガラルヤドン|spd|0
|
|upkeep
|turn|29
|
|t:|1760753599
|move|p2a: Comfey|Tera Blast|p1a: ガラルヤドン
|-damage|p1a: ガラルヤドン|19/100
|move|p1a: ガラルヤドン|Slack Off|p1a: ガラルヤドン
|-heal|p1a: ガラルヤドン|69/100
|
|upkeep
|turn|30
|
|t:|1760753605
|move|p2a: Comfey|Tera Blast|p1a: ガラルヤドン
|-damage|p1a: ガラルヤドン|45/100
|move|p1a: ガラルヤドン|Waterfall|p2a: Comfey
|-damage|p2a: Comfey|60/100
|
|upkeep
|turn|31
|
|t:|1760753612
|move|p2a: Comfey|Tera Blast|p1a: ガラルヤドン
|-damage|p1a: ガラルヤドン|21/100
|move|p1a: ガラルヤドン|Waterfall|p2a: Comfey
|-damage|p2a: Comfey|40/100
|
|upkeep
|turn|32
|
|t:|1760753618
|move|p2a: Comfey|Tera Blast|p1a: ガラルヤドン
|-damage|p1a: ガラルヤドン|0 fnt
|faint|p1a: ガラルヤドン
|
|upkeep
|
|t:|1760753623
|switch|p1a: パーモット|Pawmot, F, shiny|22/100
|turn|33
|
|t:|1760753626
|move|p2a: Comfey|Draining Kiss|p1a: パーモット
|-supereffective|p1a: パーモット
|-damage|p1a: パーモット|0 fnt
|-heal|p2a: Comfey|60/100|[from] drain|[of] p1a: パーモット
|faint|p1a: パーモット
|
|win|gabbagoul
|raw|poli_7127_Q's rating: 1105 &rarr; <strong>1084</strong><br />(-21 for losing)
|raw|gabbagoul's rating: 1155 &rarr; <strong>1176</strong><br />(+21 for winning)
|l|☆gabbagoul
|player|p2|
|l|☆poli_7127_Q
|player|p1|
