|j|☆jkkkjj
|j|☆Borry VACUS
|t:|1760796049
|gametype|singles
|player|p1|jkkkjj|backersf|1299
|player|p2|Borry VACUS|101|1296
|gen|9
|tier|[Gen 9] OU
|rated|
|rule|HP Percentage Mod: HP is shown in percentages
|rule|Endless Battle Clause: Forcing endless battles is banned
|rule|Species Clause: Limit one of each Pokémon
|rule|OHKO Clause: OHKO moves are banned
|rule|Evasion Items Clause: Evasion items are banned
|rule|Evasion Moves Clause: Evasion moves are banned
|rule|Evasion Abilities Clause: Evasion abilities are banned
|rule|Sleep Moves Clause: Sleep-inducing moves are banned
|clearpoke
|poke|p1|Zamazenta-*|
|poke|p1|Gholdengo|
|poke|p1|Ogerpon-Cornerstone, F|
|poke|p1|Samurott-Hisui, F|
|poke|p1|Polteageist|
|poke|p1|Iron Treads|
|poke|p2|Exeggutor, M|
|poke|p2|Walking Wake|
|poke|p2|Charizard, M|
|poke|p2|Raging Bolt|
|poke|p2|Weezing-Galar, M|
|poke|p2|Torkoal, F|
|teampreview
|inactive|Battle timer is ON: inactive players will automatically lose when time's up. (requested by jkkkjj)
|
|t:|1760796076
|teamsize|p1|6
|teamsize|p2|6
|start
|switch|p1a: Zamazenta|Zamazenta|100/100
|switch|p2a: Gwo zizi|Torkoal, F|100/100
|-ability|p1a: Zamazenta|Dauntless Shield|boost
|-boost|p1a: Zamazenta|def|1
|-weather|SunnyDay|[from] ability: Drought|[of] p2a: Gwo zizi
|turn|1
|
|t:|1760796083
|move|p1a: Zamazenta|Substitute|p1a: Zamazenta
|-start|p1a: Zamazenta|Substitute
|-damage|p1a: Zamazenta|76/100
|move|p2a: Gwo zizi|Lava Plume|p1a: Zamazenta
|-end|p1a: Zamazenta|Substitute
|
|-weather|SunnyDay|[upkeep]
|-heal|p1a: Zamazenta|82/100|[from] item: Leftovers
|upkeep
|turn|2
|
|t:|1760796091
|switch|p1a: Samurott|Samurott-Hisui, F|100/100
|move|p2a: Gwo zizi|Lava Plume|p1a: Samurott
|-resisted|p1a: Samurott
|-damage|p1a: Samurott|77/100
|
|-weather|SunnyDay|[upkeep]
|upkeep
|turn|3
|
|t:|1760796098
|move|p1a: Samurott|Ceaseless Edge|p2a: Gwo zizi
|-damage|p2a: Gwo zizi|73/100
|-sidestart|p2: Borry VACUS|Spikes
|move|p2a: Gwo zizi|Lava Plume|p1a: Samurott
|-resisted|p1a: Samurott
|-damage|p1a: Samurott|52/100
|
|-weather|SunnyDay|[upkeep]
|upkeep
|turn|4
|
|t:|1760796104
|move|p1a: Samurott|Ceaseless Edge|p2a: Gwo zizi
|-damage|p2a: Gwo zizi|45/100
|-sidestart|p2: Borry VACUS|Spikes
|move|p2a: Gwo zizi|Rapid Spin|p1a: Samurott
|-damage|p1a: Samurott|43/100
|-boost|p2a: Gwo zizi|spe|1
|-sideend|p2: Borry VACUS|Spikes|[from] move: Rapid Spin|[of] p2a: Gwo zizi
|-enditem|p1a: Samurott|Sitrus Berry|[eat]
|-heal|p1a: Samurott|67/100|[from] item: Sitrus Berry
|
|-weather|SunnyDay|[upkeep]
|upkeep
|turn|5
|
|t:|1760796110
|switch|p2a: Exeggutor|Exeggutor, M|100/100
|move|p1a: Samurott|Ceaseless Edge|p2a: Exeggutor
|-supereffective|p2a: Exeggutor
|-damage|p2a: Exeggutor|0 fnt
|-sidestart|p2: Borry VACUS|Spikes
|faint|p2a: Exeggutor
|
|-weather|SunnyDay|[upkeep]
|upkeep
|-message|Borry VACUS forfeited.
|
|win|jkkkjj
|raw|jkkkjj's rating: 1299 &rarr; <strong>1324</strong><br />(+25 for winning)
|raw|Borry VACUS's rating: 1296 &rarr; <strong>1271</strong><br />(-25 for losing)
|l|☆Borry VACUS
|player|p2|
|l|☆jkkkjj
|player|p1|
