|j|☆Crsiu
|j|☆qaqkiller
|t:|1760757272
|gametype|singles
|player|p1|Crsiu|n|1681
|player|p2|qaqkiller|maid|1568
|gen|9
|tier|[Gen 9] OU
|rated|
|rule|HP Percentage Mod: HP is shown in percentages
|rule|Endless Battle Clause: Forcing endless battles is banned
|rule|Species Clause: Limit one of each Pokémon
|rule|OHKO Clause: OHKO moves are banned
|rule|Evasion Items Clause: Evasion items are banned
|rule|Evasion Moves Clause: Evasion moves are banned
|rule|Evasion Abilities Clause: Evasion abilities are banned
|rule|Sleep Moves Clause: Sleep-inducing moves are banned
|clearpoke
|poke|p1|Blaziken, F|
|poke|p1|Indeedee, M|
|poke|p1|Ninetales-Alola, F|
|poke|p1|Iron Treads|
|poke|p1|Raging Bolt|
|poke|p1|Ursaluna, F|
|poke|p2|Zamazenta-*|
|poke|p2|Iron Valiant|
|poke|p2|Sinistcha-Masterpiece|
|poke|p2|Gholdengo|
|poke|p2|Samurott-Hisui, M|
|poke|p2|Landorus-Therian, M|
|teampreview
|inactive|Battle timer is ON: inactive players will automatically lose when time's up. (requested by Crsiu)
|inactive|qaqkiller also wants the timer to be on.
|
|t:|1760757291
|teamsize|p1|6
|teamsize|p2|6
|start
|switch|p1a: Iron Treads|Iron Treads, shiny|100/100
|switch|p2a: Samurott|Samurott-Hisui, M, shiny|100/100
|turn|1
|
|t:|1760757306
|move|p1a: Iron Treads|Stealth Rock|p2a: Samurott
|-sidestart|p2: qaqkiller|move: Stealth Rock
|move|p2a: Samurott|Razor Shell|p1a: Iron Treads
|-supereffective|p1a: Iron Treads
|-damage|p1a: Iron Treads|9/100
|-unboost|p1a: Iron Treads|def|1
|
|upkeep
|turn|2
|
|t:|1760757312
|-end|p1a: Iron Treads|Quark Drive|[silent]
|switch|p1a: Raging Bolt|Raging Bolt|100/100
|move|p2a: Samurott|Ceaseless Edge|p1a: Raging Bolt
|-damage|p1a: Raging Bolt|67/100
|-sidestart|p1: Crsiu|Spikes
|
|upkeep
|turn|3
|
|t:|1760757320
|-terastallize|p2a: Samurott|Poison
|move|p2a: Samurott|Ceaseless Edge|p1a: Raging Bolt
|-damage|p1a: Raging Bolt|31/100
|-sidestart|p1: Crsiu|Spikes
|move|p1a: Raging Bolt|Volt Switch|p2a: Samurott
|-damage|p2a: Samurott|59/100
|
|t:|1760757330
|-end|p1a: Raging Bolt|Protosynthesis|[silent]
|switch|p1a: Iron Treads|Iron Treads, shiny|9/100|[from] Volt Switch
|-damage|p1a: Iron Treads|0 fnt|[from] Spikes
|faint|p1a: Iron Treads
|-end|p1a: Iron Treads|Quark Drive|[silent]
|
|upkeep
|
|t:|1760757337
|switch|p1a: Indeedee|Indeedee, M|100/100
|-damage|p1a: Indeedee|84/100|[from] Spikes
|-fieldstart|move: Psychic Terrain|[from] ability: Psychic Surge|[of] p1a: Indeedee
|turn|4
|inactive|qaqkiller has 120 seconds left.
|
|t:|1760757373
|move|p1a: Indeedee|Expanding Force|p2a: Samurott
|-supereffective|p2a: Samurott
|-damage|p2a: Samurott|0 fnt
|faint|p2a: Samurott
|
|upkeep
|inactive|qaqkiller has 120 seconds left.
|inactive|qaqkiller has 90 seconds left.
|
|t:|1760757418
|switch|p2a: Zamazenta|Zamazenta, shiny|100/100
|-ability|p2a: Zamazenta|Dauntless Shield|boost
|-boost|p2a: Zamazenta|def|1
|turn|5
|
|t:|1760757425
|-terastallize|p1a: Indeedee|Psychic
|move|p1a: Indeedee|Expanding Force|p2a: Zamazenta
|-supereffective|p2a: Zamazenta
|-damage|p2a: Zamazenta|0 fnt
|faint|p2a: Zamazenta
|
|upkeep
|
|t:|1760757431
|switch|p2a: Gholdengo|Gholdengo, shiny|100/100
|-damage|p2a: Gholdengo|94/100|[from] Stealth Rock
|-item|p2a: Gholdengo|Air Balloon
|turn|6
|
|t:|1760757435
|switch|p1a: Raging Bolt|Raging Bolt|31/100
|-damage|p1a: Raging Bolt|15/100|[from] Spikes
|move|p2a: Gholdengo|Shadow Ball|p1a: Raging Bolt
|-damage|p1a: Raging Bolt|0 fnt
|faint|p1a: Raging Bolt
|-end|p1a: Raging Bolt|Protosynthesis|[silent]
|
|upkeep
|
|t:|1760757448
|switch|p1a: Ursaluna|Ursaluna, F, shiny|100/100
|-damage|p1a: Ursaluna|84/100|[from] Spikes
|turn|7
|
|t:|1760757454
|switch|p2a: Sinistcha|Sinistcha-Masterpiece, shiny|100/100
|move|p1a: Ursaluna|Fire Punch|p2a: Sinistcha
|-supereffective|p2a: Sinistcha
|-damage|p2a: Sinistcha|79/100
|
|-status|p1a: Ursaluna|brn|[from] item: Flame Orb
|upkeep
|turn|8
|inactive|qaqkiller has 120 seconds left.
|
|t:|1760757462
|switch|p1a: Ninetales|Ninetales-Alola, F, shiny|100/100
|-damage|p1a: Ninetales|84/100|[from] Spikes
|-weather|Snowscape|[from] ability: Snow Warning|[of] p1a: Ninetales
|move|p2a: Sinistcha|Strength Sap|p1a: Ninetales
|-unboost|p1a: Ninetales|atk|1
|-heal|p2a: Sinistcha|100/100
|
|-weather|Snowscape|[upkeep]
|-fieldend|move: Psychic Terrain
|upkeep
|turn|9
|
|t:|1760757469
|switch|p2a: Gholdengo|Gholdengo, shiny|94/100
|-damage|p2a: Gholdengo|88/100|[from] Stealth Rock
|-item|p2a: Gholdengo|Air Balloon
|move|p1a: Ninetales|Aurora Veil|p1a: Ninetales
|-sidestart|p1: Crsiu|move: Aurora Veil
|
|-weather|Snowscape|[upkeep]
|upkeep
|turn|10
|
|t:|1760757481
|switch|p1a: Ursaluna|Ursaluna, F, shiny|84/100 brn
|-damage|p1a: Ursaluna|67/100 brn|[from] Spikes
|move|p2a: Gholdengo|Nasty Plot|p2a: Gholdengo
|-boost|p2a: Gholdengo|spa|2
|
|-weather|Snowscape|[upkeep]
|-damage|p1a: Ursaluna|61/100 brn|[from] brn
|upkeep
|turn|11
|
|t:|1760757487
|switch|p2a: Sinistcha|Sinistcha-Masterpiece, shiny|100/100
|move|p1a: Ursaluna|Fire Punch|p2a: Sinistcha
|-supereffective|p2a: Sinistcha
|-damage|p2a: Sinistcha|66/100
|
|-weather|Snowscape|[upkeep]
|-damage|p1a: Ursaluna|55/100 brn|[from] brn
|upkeep
|turn|12
|
|t:|1760757494
|switch|p1a: Indeedee|Indeedee, M, tera:Psychic|84/100
|-damage|p1a: Indeedee|68/100|[from] Spikes
|-fieldstart|move: Psychic Terrain|[from] ability: Psychic Surge|[of] p1a: Indeedee
|move|p2a: Sinistcha|Strength Sap|p1a: Indeedee
|-unboost|p1a: Indeedee|atk|1
|-heal|p2a: Sinistcha|100/100
|
|-weather|none
|upkeep
|turn|13
|
|t:|1760757511
|switch|p2a: Gholdengo|Gholdengo, shiny|88/100
|-damage|p2a: Gholdengo|82/100|[from] Stealth Rock
|-item|p2a: Gholdengo|Air Balloon
|move|p1a: Indeedee|Expanding Force|p2a: Gholdengo
|-resisted|p2a: Gholdengo
|-damage|p2a: Gholdengo|32/100
|-enditem|p2a: Gholdengo|Air Balloon
|
|upkeep
|turn|14
|
|t:|1760757522
|move|p1a: Indeedee|Expanding Force|p2a: Gholdengo
|-resisted|p2a: Gholdengo
|-damage|p2a: Gholdengo|0 fnt
|faint|p2a: Gholdengo
|
|upkeep
|
|t:|1760757551
|switch|p2a: Landorus|Landorus-Therian, M, shiny|100/100
|-damage|p2a: Landorus|88/100|[from] Stealth Rock
|-ability|p2a: Landorus|Intimidate|boost
|-unboost|p1a: Indeedee|atk|1
|turn|15
|
|t:|1760757558
|move|p1a: Indeedee|Expanding Force|p2a: Landorus
|-damage|p2a: Landorus|0 fnt
|faint|p2a: Landorus
|
|upkeep
|
|t:|1760757560
|switch|p2a: Iron Valiant|Iron Valiant, shiny|100/100
|-damage|p2a: Iron Valiant|94/100|[from] Stealth Rock
|-enditem|p2a: Iron Valiant|Booster Energy
|-activate|p2a: Iron Valiant|ability: Quark Drive|[fromitem]
|-start|p2a: Iron Valiant|quarkdrivespe
|turn|16
|
|t:|1760757564
|move|p2a: Iron Valiant|Shadow Ball|p1a: Indeedee
|-supereffective|p1a: Indeedee
|-damage|p1a: Indeedee|34/100
|move|p1a: Indeedee|Expanding Force|p2a: Iron Valiant
|-supereffective|p2a: Iron Valiant
|-damage|p2a: Iron Valiant|0 fnt
|faint|p2a: Iron Valiant
|-end|p2a: Iron Valiant|Quark Drive|[silent]
|
|-sideend|p1: Crsiu|move: Aurora Veil
|-fieldend|move: Psychic Terrain
|upkeep
|j| dogof1v1
|
|t:|1760757567
|switch|p2a: Sinistcha|Sinistcha-Masterpiece, shiny|100/100
|turn|17
|l| dogof1v1
|
|t:|1760757576
|switch|p1a: Ninetales|Ninetales-Alola, F, shiny|84/100
|-damage|p1a: Ninetales|67/100|[from] Spikes
|-weather|Snowscape|[from] ability: Snow Warning|[of] p1a: Ninetales
|move|p2a: Sinistcha|Shadow Ball|p1a: Ninetales
|-damage|p1a: Ninetales|36/100
|
|-weather|Snowscape|[upkeep]
|upkeep
|turn|18
|
|t:|1760757585
|move|p1a: Ninetales|Aurora Veil|p1a: Ninetales
|-sidestart|p1: Crsiu|move: Aurora Veil
|move|p2a: Sinistcha|Shadow Ball|p1a: Ninetales
|-damage|p1a: Ninetales|21/100
|
|-weather|Snowscape|[upkeep]
|upkeep
|turn|19
|
|t:|1760757590
|move|p1a: Ninetales|Encore|p2a: Sinistcha
|-start|p2a: Sinistcha|Encore
|move|p2a: Sinistcha|Shadow Ball|p1a: Ninetales
|-damage|p1a: Ninetales|5/100
|
|-weather|Snowscape|[upkeep]
|upkeep
|turn|20
|
|t:|1760757593
|switch|p1a: Ursaluna|Ursaluna, F, shiny|55/100 brn
|-damage|p1a: Ursaluna|38/100 brn|[from] Spikes
|move|p2a: Sinistcha|Shadow Ball|p1a: Ursaluna
|-immune|p1a: Ursaluna
|
|-weather|Snowscape|[upkeep]
|-damage|p1a: Ursaluna|32/100 brn|[from] brn
|upkeep
|turn|21
|
|t:|1760757597
|move|p2a: Sinistcha|Shadow Ball|p1a: Ursaluna
|-immune|p1a: Ursaluna
|move|p1a: Ursaluna|Headlong Rush|p2a: Sinistcha
|-resisted|p2a: Sinistcha
|-damage|p2a: Sinistcha|60/100
|-unboost|p1a: Ursaluna|def|1
|-unboost|p1a: Ursaluna|spd|1
|
|-weather|none
|-damage|p1a: Ursaluna|26/100 brn|[from] brn
|-end|p2a: Sinistcha|Encore
|upkeep
|turn|22
|
|t:|1760757603
|move|p2a: Sinistcha|Calm Mind|p2a: Sinistcha
|-boost|p2a: Sinistcha|spa|1
|-boost|p2a: Sinistcha|spd|1
|move|p1a: Ursaluna|Fire Punch|p2a: Sinistcha
|-supereffective|p2a: Sinistcha
|-damage|p2a: Sinistcha|23/100
|
|-damage|p1a: Ursaluna|19/100 brn|[from] brn
|upkeep
|turn|23
|
|t:|1760757607
|switch|p1a: Ninetales|Ninetales-Alola, F, shiny|5/100
|-damage|p1a: Ninetales|0 fnt|[from] Spikes
|faint|p1a: Ninetales
|move|p2a: Sinistcha|Strength Sap|p1: Ninetales|[notarget]
|-fail|p2a: Sinistcha
|
|upkeep
|
|t:|1760757614
|switch|p1a: Indeedee|Indeedee, M, tera:Psychic|34/100
|-damage|p1a: Indeedee|18/100|[from] Spikes
|-fieldstart|move: Psychic Terrain|[from] ability: Psychic Surge|[of] p1a: Indeedee
|turn|24
|
|t:|1760757617
|move|p1a: Indeedee|Expanding Force|p2a: Sinistcha
|-damage|p2a: Sinistcha|0 fnt
|faint|p2a: Sinistcha
|
|win|Crsiu
|raw|Crsiu's rating: 1681 &rarr; <strong>1695</strong><br />(+14 for winning)
|raw|qaqkiller's rating: 1568 &rarr; <strong>1554</strong><br />(-14 for losing)
|l|☆qaqkiller
|player|p2|
