|j|☆Sr.Potenkinbuster
|j|☆testacc2435
|t:|1760765706
|gametype|singles
|player|p1|Sr.Potenkinbuster|palmer|1224
|player|p2|testacc2435|petrel|1155
|gen|9
|tier|[Gen 9] OU
|rated|
|rule|HP Percentage Mod: HP is shown in percentages
|rule|Endless Battle Clause: Forcing endless battles is banned
|rule|Species Clause: Limit one of each Pokémon
|rule|OHKO Clause: OHKO moves are banned
|rule|Evasion Items Clause: Evasion items are banned
|rule|Evasion Moves Clause: Evasion moves are banned
|rule|Evasion Abilities Clause: Evasion abilities are banned
|rule|Sleep Moves Clause: Sleep-inducing moves are banned
|clearpoke
|poke|p1|Pelipper, F|
|poke|p1|Blissey, F|
|poke|p1|Ogerpon-Wellspring, F|
|poke|p1|Kingambit, M|
|poke|p1|Kingdra, F|
|poke|p1|Raging Bolt|
|poke|p2|Meowscarada, M|
|poke|p2|Great Tusk|
|poke|p2|Ting-Lu|
|poke|p2|Iron Crown|
|poke|p2|Pecharunt|
|poke|p2|Ogerpon-Wellspring, F|
|teampreview
|inactive|Battle timer is ON: inactive players will automatically lose when time's up. (requested by testacc2435)
|
|t:|1760765717
|teamsize|p1|6
|teamsize|p2|6
|start
|switch|p1a: Raging Bolt|Raging Bolt|100/100
|switch|p2a: Iron Crown|Iron Crown|100/100
|turn|1
|
|t:|1760765731
|move|p2a: Iron Crown|Volt Switch|p1a: Raging Bolt
|-resisted|p1a: Raging Bolt
|-damage|p1a: Raging Bolt|94/100
|
|t:|1760765739
|-end|p2a: Iron Crown|Quark Drive|[silent]
|switch|p2a: Ting-Lu|Ting-Lu|100/100|[from] Volt Switch
|-ability|p2a: Ting-Lu|Vessel of Ruin
|move|p1a: Raging Bolt|Volt Switch|p2a: Ting-Lu
|-immune|p2a: Ting-Lu
|
|upkeep
|turn|2
|
|t:|1760765748
|move|p1a: Raging Bolt|Taunt|p2a: Ting-Lu
|-start|p2a: Ting-Lu|move: Taunt
|cant|p2a: Ting-Lu|move: Taunt|Spikes
|
|upkeep
|turn|3
|
|t:|1760765764
|-end|p1a: Raging Bolt|Protosynthesis|[silent]
|switch|p1a: Pelipper|Pelipper, F|100/100
|-weather|RainDance|[from] ability: Drizzle|[of] p1a: Pelipper
|switch|p2a: Meowscarada|Meowscarada, M|100/100
|
|-weather|RainDance|[upkeep]
|upkeep
|turn|4
|
|t:|1760765773
|move|p2a: Meowscarada|U-turn|p1a: Pelipper
|-start|p2a: Meowscarada|typechange|Bug|[from] ability: Protean
|-resisted|p1a: Pelipper
|-damage|p1a: Pelipper|86/100
|
|t:|1760765778
|switch|p2a: Ting-Lu|Ting-Lu|100/100|[from] U-turn
|-ability|p2a: Ting-Lu|Vessel of Ruin
|move|p1a: Pelipper|Hurricane|p2a: Ting-Lu
|-damage|p2a: Ting-Lu|84/100
|
|-weather|RainDance|[upkeep]
|-heal|p2a: Ting-Lu|90/100|[from] item: Leftovers
|upkeep
|turn|5
|
|t:|1760765792
|move|p1a: Pelipper|Surf|p2a: Ting-Lu
|-supereffective|p2a: Ting-Lu
|-damage|p2a: Ting-Lu|52/100
|move|p2a: Ting-Lu|Spikes|p1a: Pelipper
|-sidestart|p1: Sr.Potenkinbuster|Spikes
|
|-weather|RainDance|[upkeep]
|-heal|p2a: Ting-Lu|58/100|[from] item: Leftovers
|upkeep
|turn|6
|
|t:|1760765801
|switch|p2a: Ogerpon|Ogerpon-Wellspring, F|100/100
|move|p1a: Pelipper|Surf|p2a: Ogerpon
|-immune|p2a: Ogerpon|[from] ability: Water Absorb
|
|-weather|RainDance|[upkeep]
|upkeep
|turn|7
|
|t:|1760765813
|move|p2a: Ogerpon|Swords Dance|p2a: Ogerpon
|-boost|p2a: Ogerpon|atk|2
|move|p1a: Pelipper|Hurricane|p2a: Ogerpon
|-supereffective|p2a: Ogerpon
|-crit|p2a: Ogerpon
|-damage|p2a: Ogerpon|0 fnt
|faint|p2a: Ogerpon
|
|-weather|RainDance|[upkeep]
|upkeep
|-message|testacc2435 forfeited.
|
|win|Sr.Potenkinbuster
|raw|Sr.Potenkinbuster's rating: 1224 &rarr; <strong>1244</strong><br />(+20 for winning)
|raw|testacc2435's rating: 1155 &rarr; <strong>1135</strong><br />(-20 for losing)
|l|☆testacc2435
|player|p2|
