|j|☆106abd
|j|☆Squallskip
|t:|1760731565
|gametype|singles
|player|p1|106abd|hilbert-wonderlauncher|1431
|player|p2|Squallskip|brycen|1436
|gen|9
|tier|[Gen 9] OU
|rated|
|rule|HP Percentage Mod: HP is shown in percentages
|rule|Endless Battle Clause: Forcing endless battles is banned
|rule|Species Clause: Limit one of each Pokémon
|rule|OHKO Clause: OHKO moves are banned
|rule|Evasion Items Clause: Evasion items are banned
|rule|Evasion Moves Clause: Evasion moves are banned
|rule|Evasion Abilities Clause: Evasion abilities are banned
|rule|Sleep Moves Clause: Sleep-inducing moves are banned
|clearpoke
|poke|p1|Whimsicott, M|
|poke|p1|Garganacl, M|
|poke|p1|Dragapult, M|
|poke|p1|Talonflame, M|
|poke|p1|Kingambit, M|
|poke|p1|Greninja-*, M|
|poke|p2|Dragapult, M|
|poke|p2|Dragonite, F|
|poke|p2|Samurott-Hisui, F|
|poke|p2|Iron Moth|
|poke|p2|Iron Treads|
|poke|p2|Iron Valiant|
|teampreview
|inactive|Battle timer is ON: inactive players will automatically lose when time's up. (requested by Squallskip)
|inactive|Squallskip has 120 seconds left.
|inactive|Squallskip has 90 seconds left.
|
|t:|1760731642
|teamsize|p1|6
|teamsize|p2|6
|start
|switch|p1a: Dragapult|Dragapult, M|100/100
|switch|p2a: Calm Craggy Area|Iron Treads|100/100
|turn|1
|
|t:|1760731655
|move|p1a: Dragapult|U-turn|p2a: Calm Craggy Area
|-resisted|p2a: Calm Craggy Area
|-damage|p2a: Calm Craggy Area|92/100
|
|t:|1760731674
|switch|p1a: Greninja|Greninja, M, shiny|100/100|[from] U-turn
|move|p2a: Calm Craggy Area|Stealth Rock|p1a: Greninja
|-sidestart|p1: 106abd|move: Stealth Rock
|
|-heal|p2a: Calm Craggy Area|98/100|[from] item: Leftovers
|upkeep
|turn|2
|inactive|Squallskip has 120 seconds left.
|
|t:|1760731707
|-end|p2a: Calm Craggy Area|Quark Drive|[silent]
|switch|p2a: Hidden Land|Dragonite, F|100/100
|move|p1a: Greninja|Surf|p2a: Hidden Land
|-start|p1a: Greninja|typechange|Water|[from] ability: Protean
|-resisted|p2a: Hidden Land
|-damage|p2a: Hidden Land|85/100
|-damage|p1a: Greninja|91/100|[from] item: Life Orb
|
|upkeep
|turn|3
|inactive|Squallskip has 120 seconds left.
|
|t:|1760731720
|move|p1a: Greninja|Ice Beam|p2a: Hidden Land
|-supereffective|p2a: Hidden Land
|-damage|p2a: Hidden Land|0 fnt
|faint|p2a: Hidden Land
|-damage|p1a: Greninja|81/100|[from] item: Life Orb
|
|upkeep
|inactive|Squallskip has 120 seconds left.
|
|t:|1760731752
|switch|p2a: Miracle Sea|Samurott-Hisui, F|100/100
|turn|4
|
|t:|1760731758
|switch|p1a: Whimsicott|Whimsicott, M|100/100
|-damage|p1a: Whimsicott|88/100|[from] Stealth Rock
|move|p2a: Miracle Sea|Knock Off|p1a: Whimsicott
|-resisted|p1a: Whimsicott
|-damage|p1a: Whimsicott|53/100
|-enditem|p1a: Whimsicott|Choice Specs|[from] move: Knock Off|[of] p2a: Miracle Sea
|
|upkeep
|turn|5
|
|t:|1760731772
|switch|p2a: Magma Cavern|Iron Moth|100/100
|move|p1a: Whimsicott|Switcheroo|p2a: Magma Cavern
|-activate|p1a: Whimsicott|move: Trick|[of] p2a: Magma Cavern
|-enditem|p2a: Magma Cavern|Heavy-Duty Boots|[silent]|[from] move: Switcheroo
|-item|p1a: Whimsicott|Heavy-Duty Boots|[from] move: Switcheroo
|
|upkeep
|turn|6
|inactive|Squallskip has 90 seconds left.
|
|t:|1760731803
|switch|p1a: Garganacl|Garganacl, M|100/100
|-damage|p1a: Garganacl|88/100|[from] Stealth Rock
|move|p2a: Magma Cavern|Toxic Spikes|p1a: Garganacl
|-sidestart|p1: 106abd|move: Toxic Spikes
|
|-heal|p1a: Garganacl|94/100|[from] item: Leftovers
|upkeep
|turn|7
|
|t:|1760731821
|-end|p2a: Magma Cavern|Quark Drive|[silent]
|switch|p2a: Valiant Heart|Iron Valiant|100/100
|move|p1a: Garganacl|Salt Cure|p2a: Valiant Heart
|-resisted|p2a: Valiant Heart
|-damage|p2a: Valiant Heart|91/100
|-start|p2a: Valiant Heart|Salt Cure
|
|-heal|p1a: Garganacl|100/100|[from] item: Leftovers
|-damage|p2a: Valiant Heart|78/100|[from] Salt Cure
|upkeep
|turn|8
|
|t:|1760731837
|switch|p1a: Talonflame|Talonflame, M|100/100
|move|p2a: Valiant Heart|Knock Off|p1a: Talonflame
|-damage|p1a: Talonflame|69/100
|-enditem|p1a: Talonflame|Heavy-Duty Boots|[from] move: Knock Off|[of] p2a: Valiant Heart
|
|-damage|p2a: Valiant Heart|66/100|[from] Salt Cure
|upkeep
|turn|9
|
|t:|1760731849
|-terastallize|p2a: Valiant Heart|Electric
|move|p2a: Valiant Heart|Thunderbolt|p1a: Talonflame
|-supereffective|p1a: Talonflame
|-damage|p1a: Talonflame|0 fnt
|faint|p1a: Talonflame
|
|-damage|p2a: Valiant Heart|53/100|[from] Salt Cure
|upkeep
|
|t:|1760731855
|switch|p1a: Kingambit|Kingambit, M|100/100
|-damage|p1a: Kingambit|94/100|[from] Stealth Rock
|-activate|p1a: Kingambit|ability: Supreme Overlord
|-start|p1a: Kingambit|fallen1|[silent]
|turn|10
|inactive|Squallskip has 60 seconds left.
|
|t:|1760731886
|-end|p2a: Valiant Heart|Quark Drive|[silent]
|switch|p2a: Miracle Sea|Samurott-Hisui, F|100/100
|move|p1a: Kingambit|Sucker Punch||[still]
|-fail|p1a: Kingambit
|
|-heal|p1a: Kingambit|100/100|[from] item: Leftovers
|upkeep
|turn|11
|inactive|Squallskip has 60 seconds left.
|
|t:|1760731901
|-end|p1a: Kingambit|fallen1|[silent]
|switch|p1a: Whimsicott|Whimsicott, M|53/100
|move|p2a: Miracle Sea|Knock Off|p1a: Whimsicott
|-resisted|p1a: Whimsicott
|-damage|p1a: Whimsicott|21/100
|-enditem|p1a: Whimsicott|Heavy-Duty Boots|[from] move: Knock Off|[of] p2a: Miracle Sea
|
|upkeep
|turn|12
|inactive|Squallskip has 60 seconds left.
|inactive|Squallskip has 30 seconds left.
|inactive|Squallskip has 20 seconds left.
|
|t:|1760731952
|switch|p2a: Ancient Barrow|Dragapult, M|100/100
|move|p1a: Whimsicott|Giga Drain|p2a: Ancient Barrow
|-resisted|p2a: Ancient Barrow
|-damage|p2a: Ancient Barrow|82/100
|-heal|p1a: Whimsicott|31/100|[from] drain|[of] p2a: Ancient Barrow
|
|upkeep
|turn|13
|inactive|Squallskip has 30 seconds left this turn.
|
|t:|1760731958
|move|p2a: Ancient Barrow|Hex|p1a: Whimsicott
|-damage|p1a: Whimsicott|0 fnt
|faint|p1a: Whimsicott
|
|upkeep
|
|t:|1760731963
|switch|p1a: Dragapult|Dragapult, M|100/100
|-damage|p1a: Dragapult|88/100|[from] Stealth Rock
|-status|p1a: Dragapult|psn
|turn|14
|
|t:|1760731971
|move|p1a: Dragapult|U-turn|p2a: Ancient Barrow
|-resisted|p2a: Ancient Barrow
|-damage|p2a: Ancient Barrow|64/100
|
|t:|1760731973
|switch|p1a: Garganacl|Garganacl, M|100/100|[from] U-turn
|-damage|p1a: Garganacl|88/100|[from] Stealth Rock
|move|p2a: Ancient Barrow|Hex|p1a: Garganacl
|-damage|p1a: Garganacl|79/100
|
|-heal|p1a: Garganacl|85/100|[from] item: Leftovers
|upkeep
|turn|15
|inactive|Squallskip has 30 seconds left.
|inactive|Squallskip has 20 seconds left.
|inactive|Squallskip has 15 seconds left.
|inactive|Squallskip has 10 seconds left.
|
|t:|1760732014
|move|p2a: Ancient Barrow|Dragon Darts|p1a: Garganacl
|-damage|p1a: Garganacl|73/100
|-anim|p2a: Ancient Barrow|Dragon Darts|p1a: Garganacl
|-damage|p1a: Garganacl|58/100
|move|p1a: Garganacl|Salt Cure|p2a: Ancient Barrow
|-damage|p2a: Ancient Barrow|44/100
|-start|p2a: Ancient Barrow|Salt Cure
|
|-heal|p1a: Garganacl|64/100|[from] item: Leftovers
|-damage|p2a: Ancient Barrow|31/100|[from] Salt Cure
|upkeep
|turn|16
|inactive|Squallskip has 20 seconds left this turn.
|
|t:|1760732026
|move|p2a: Ancient Barrow|U-turn|p1a: Garganacl
|-damage|p1a: Garganacl|52/100
|inactive|Squallskip has 25 seconds left this turn.
|
|t:|1760732029
|switch|p2a: Valiant Heart|Iron Valiant, tera:Electric|53/100|[from] U-turn
|move|p1a: Garganacl|Recover|p1a: Garganacl
|-heal|p1a: Garganacl|100/100
|
|upkeep
|turn|17
|inactive|Squallskip has 30 seconds left.
|
|t:|1760732038
|move|p2a: Valiant Heart|Knock Off|p1a: Garganacl
|-damage|p1a: Garganacl|78/100
|-enditem|p1a: Garganacl|Leftovers|[from] move: Knock Off|[of] p2a: Valiant Heart
|move|p1a: Garganacl|Salt Cure|p2a: Valiant Heart
|-damage|p2a: Valiant Heart|35/100
|-start|p2a: Valiant Heart|Salt Cure
|
|-damage|p2a: Valiant Heart|23/100|[from] Salt Cure
|upkeep
|turn|18
|
|t:|1760732042
|move|p2a: Valiant Heart|Close Combat|p1a: Garganacl
|-supereffective|p1a: Garganacl
|-damage|p1a: Garganacl|0 fnt
|-unboost|p2a: Valiant Heart|def|1
|-unboost|p2a: Valiant Heart|spd|1
|faint|p1a: Garganacl
|
|-damage|p2a: Valiant Heart|11/100|[from] Salt Cure
|upkeep
|
|t:|1760732045
|switch|p1a: Kingambit|Kingambit, M|100/100
|-damage|p1a: Kingambit|94/100|[from] Stealth Rock
|-activate|p1a: Kingambit|ability: Supreme Overlord
|-start|p1a: Kingambit|fallen3|[silent]
|turn|19
|
|t:|1760732054
|move|p2a: Valiant Heart|Knock Off|p1a: Kingambit
|-resisted|p1a: Kingambit
|-damage|p1a: Kingambit|81/100
|-enditem|p1a: Kingambit|Leftovers|[from] move: Knock Off|[of] p2a: Valiant Heart
|move|p1a: Kingambit|Swords Dance|p1a: Kingambit
|-boost|p1a: Kingambit|atk|2
|
|-damage|p2a: Valiant Heart|0 fnt|[from] Salt Cure
|faint|p2a: Valiant Heart
|-end|p2a: Valiant Heart|Quark Drive|[silent]
|upkeep
|inactive|Squallskip has 30 seconds left.
|inactive|Squallskip has 20 seconds left.
|inactive|Squallskip has 15 seconds left.
|
|t:|1760732097
|switch|p2a: Calm Craggy Area|Iron Treads|98/100
|turn|20
|inactive|Squallskip has 25 seconds left this turn.
|
|t:|1760732105
|-terastallize|p1a: Kingambit|Fairy
|move|p2a: Calm Craggy Area|Earthquake|p1a: Kingambit
|-damage|p1a: Kingambit|54/100
|move|p1a: Kingambit|Kowtow Cleave|p2a: Calm Craggy Area
|-damage|p2a: Calm Craggy Area|5/100
|
|-heal|p2a: Calm Craggy Area|11/100|[from] item: Leftovers
|upkeep
|turn|21
|inactive|Squallskip has 30 seconds left.
|
|t:|1760732117
|move|p1a: Kingambit|Sucker Punch|p2a: Calm Craggy Area
|-damage|p2a: Calm Craggy Area|0 fnt
|faint|p2a: Calm Craggy Area
|-end|p2a: Calm Craggy Area|Quark Drive|[silent]
|
|upkeep
|inactive|Squallskip has 30 seconds left this turn.
|
|t:|1760732119
|switch|p2a: Magma Cavern|Iron Moth|100/100
|turn|22
|
|t:|1760732125
|move|p1a: Kingambit|Sucker Punch||[still]
|-fail|p1a: Kingambit
|move|p2a: Magma Cavern|Toxic Spikes|p1a: Kingambit
|-sidestart|p1: 106abd|move: Toxic Spikes
|
|upkeep
|turn|23
|
|t:|1760732131
|move|p1a: Kingambit|Sucker Punch|p2a: Magma Cavern
|-damage|p2a: Magma Cavern|0 fnt
|faint|p2a: Magma Cavern
|-end|p2a: Magma Cavern|Quark Drive|[silent]
|
|upkeep
|
|t:|1760732137
|switch|p2a: Ancient Barrow|Dragapult, M|31/100
|turn|24
|
|t:|1760732148
|move|p2a: Ancient Barrow|Will-O-Wisp|p1a: Kingambit|[miss]
|-miss|p2a: Ancient Barrow|p1a: Kingambit
|move|p1a: Kingambit|Kowtow Cleave|p2a: Ancient Barrow
|-supereffective|p2a: Ancient Barrow
|-crit|p2a: Ancient Barrow
|-damage|p2a: Ancient Barrow|0 fnt
|faint|p2a: Ancient Barrow
|
|upkeep
|
|t:|1760732153
|switch|p2a: Miracle Sea|Samurott-Hisui, F|100/100
|turn|25
|
|t:|1760732157
|move|p2a: Miracle Sea|Aqua Jet|p1a: Kingambit
|-damage|p1a: Kingambit|39/100
|move|p1a: Kingambit|Kowtow Cleave|p2a: Miracle Sea
|-resisted|p2a: Miracle Sea
|-damage|p2a: Miracle Sea|32/100
|-damage|p1a: Kingambit|23/100|[from] item: Rocky Helmet|[of] p2a: Miracle Sea
|
|upkeep
|turn|26
|
|t:|1760732161
|move|p1a: Kingambit|Sucker Punch|p2a: Miracle Sea
|-resisted|p2a: Miracle Sea
|-damage|p2a: Miracle Sea|0 fnt
|-damage|p1a: Kingambit|6/100|[from] item: Rocky Helmet|[of] p2a: Miracle Sea
|faint|p2a: Miracle Sea
|
|win|106abd
|raw|106abd's rating: 1431 &rarr; <strong>1451</strong><br />(+20 for winning)
|raw|Squallskip's rating: 1436 &rarr; <strong>1416</strong><br />(-20 for losing)
|c|☆Squallskip|GG
|c|☆106abd|Gg
|c|☆Squallskip|My Dragonite was Weakness Policy BTW
|c|☆106abd|My Dragapult was scarfed
|c|☆Squallskip|My Pult is one point higher than no jolly pult
|c|☆Squallskip|So you won
|c|☆106abd|Ye good battle though
|l|☆106abd
|player|p1|
|c|☆Squallskip|I will say offense teams are hard
|l|☆Squallskip
|player|p2|
