|j|☆Darkness918
|j|☆DAVISBUTT
|t:|1760827179
|gametype|singles
|player|p1|Darkness918|grimsley|1157
|player|p2|DAVISBUTT|rocketgrunt|1127
|gen|9
|tier|[Gen 9] OU
|rated|
|rule|HP Percentage Mod: HP is shown in percentages
|rule|Endless Battle Clause: Forcing endless battles is banned
|rule|Species Clause: Limit one of each Pokémon
|rule|OHKO Clause: OHKO moves are banned
|rule|Evasion Items Clause: Evasion items are banned
|rule|Evasion Moves Clause: Evasion moves are banned
|rule|Evasion Abilities Clause: Evasion abilities are banned
|rule|Sleep Moves Clause: Sleep-inducing moves are banned
|clearpoke
|poke|p1|Garganacl, M|
|poke|p1|Dragapult, M|
|poke|p1|Kingambit, M|
|poke|p1|Glimmora, M|
|poke|p1|Iron Treads|
|poke|p1|Primarina, F|
|poke|p2|Primarina, M|
|poke|p2|Noivern, M|
|poke|p2|Typhlosion-Hisui, M|
|poke|p2|Rillaboom, M|
|poke|p2|Cloyster, F|
|poke|p2|Toedscruel, F|
|teampreview
|
|t:|1760827204
|teamsize|p1|6
|teamsize|p2|6
|start
|switch|p1a: Glimmora|Glimmora, M|100/100
|switch|p2a: Toedscruel|Toedscruel, F, shiny|100/100
|turn|1
|inactive|Battle timer is ON: inactive players will automatically lose when time's up. (requested by Darkness918)
|
|t:|1760827218
|move|p2a: Toedscruel|Earth Power|p1a: Glimmora
|-supereffective|p1a: Glimmora
|-enditem|p1a: Glimmora|Focus Sash
|-damage|p1a: Glimmora|1/100
|move|p1a: Glimmora|Stealth Rock|p2a: Toedscruel
|-sidestart|p2: DAVISBUTT|move: Stealth Rock
|
|upkeep
|turn|2
|
|t:|1760827224
|switch|p1a: Dragapult|Dragapult, M|100/100
|move|p2a: Toedscruel|Rapid Spin|p1a: Dragapult
|-immune|p1a: Dragapult
|
|upkeep
|turn|3
|
|t:|1760827235
|move|p1a: Dragapult|Dragon Darts|p2a: Toedscruel
|-damage|p2a: Toedscruel|55/100
|-anim|p1a: Dragapult|Dragon Darts|p2a: Toedscruel
|-damage|p2a: Toedscruel|4/100
|move|p2a: Toedscruel|Giga Drain|p1a: Dragapult
|-resisted|p1a: Dragapult
|-damage|p1a: Dragapult|85/100
|-heal|p2a: Toedscruel|10/100|[from] drain|[of] p1a: Dragapult
|
|-heal|p2a: Toedscruel|16/100|[from] item: Leftovers
|upkeep
|turn|4
|
|t:|1760827256
|move|p2a: Toedscruel|Protect|p2a: Toedscruel
|-singleturn|p2a: Toedscruel|Protect
|move|p1a: Dragapult|Dragon Darts|p2a: Toedscruel
|-activate|p2a: Toedscruel|move: Protect
|
|-heal|p2a: Toedscruel|22/100|[from] item: Leftovers
|upkeep
|turn|5
|
|t:|1760827263
|move|p1a: Dragapult|Dragon Darts|p2a: Toedscruel
|-damage|p2a: Toedscruel|0 fnt
|faint|p2a: Toedscruel
|
|upkeep
|inactive|DAVISBUTT has 120 seconds left.
|
|t:|1760827292
|switch|p2a: Primarina|Primarina, M, shiny|100/100
|-damage|p2a: Primarina|88/100|[from] Stealth Rock
|turn|6
|
|t:|1760827311
|switch|p1a: Primarina|Primarina, F|100/100
|move|p2a: Primarina|Moonblast|p1a: Primarina
|-crit|p1a: Primarina
|-damage|p1a: Primarina|46/100
|-damage|p2a: Primarina|78/100|[from] item: Life Orb
|
|upkeep
|turn|7
|inactive|DAVISBUTT has 120 seconds left.
|
|t:|1760827328
|move|p2a: Primarina|Energy Ball|p1a: Primarina
|-supereffective|p1a: Primarina
|-damage|p1a: Primarina|0 fnt
|faint|p1a: Primarina
|-damage|p2a: Primarina|68/100|[from] item: Life Orb
|
|upkeep
|inactive|Darkness918 has 120 seconds left.
|
|t:|1760827355
|switch|p1a: Glimmora|Glimmora, M|1/100
|turn|8
|
|t:|1760827361
|move|p1a: Glimmora|Sludge Wave|p2a: Primarina
|-supereffective|p2a: Primarina
|-damage|p2a: Primarina|0 fnt
|faint|p2a: Primarina
|
|upkeep
|inactive|DAVISBUTT has 120 seconds left.
|
|t:|1760827384
|switch|p2a: Rillaboom|Rillaboom, M, shiny|100/100
|-damage|p2a: Rillaboom|88/100|[from] Stealth Rock
|-fieldstart|move: Grassy Terrain|[from] ability: Grassy Surge|[of] p2a: Rillaboom
|turn|9
|
|t:|1760827389
|move|p2a: Rillaboom|Grassy Glide|p1a: Glimmora
|-damage|p1a: Glimmora|0 fnt
|-activate|p1a: Glimmora|ability: Toxic Debris
|-sidestart|p2: DAVISBUTT|move: Toxic Spikes
|faint|p1a: Glimmora
|
|-heal|p2a: Rillaboom|94/100|[from] Grassy Terrain
|upkeep
|
|t:|1760827394
|switch|p1a: Garganacl|Garganacl, M|100/100
|turn|10
|
|t:|1760827410
|-terastallize|p1a: Garganacl|Ghost
|move|p2a: Rillaboom|Grassy Glide|p1a: Garganacl
|-damage|p1a: Garganacl|60/100
|move|p1a: Garganacl|Iron Defense|p1a: Garganacl
|-boost|p1a: Garganacl|def|2
|
|-heal|p2a: Rillaboom|100/100|[from] Grassy Terrain
|-heal|p1a: Garganacl|67/100|[from] Grassy Terrain
|-heal|p1a: Garganacl|73/100|[from] item: Leftovers
|upkeep
|turn|11
|inactive|DAVISBUTT has 120 seconds left.
|
|t:|1760827426
|move|p2a: Rillaboom|Grassy Glide|p1a: Garganacl
|-damage|p1a: Garganacl|53/100
|move|p1a: Garganacl|Recover|p1a: Garganacl
|-heal|p1a: Garganacl|100/100
|
|upkeep
|turn|12
|inactive|DAVISBUTT has 120 seconds left.
|
|t:|1760827437
|switch|p2a: Typhlosion|Typhlosion-Hisui, M, shiny|100/100
|-damage|p2a: Typhlosion|75/100|[from] Stealth Rock
|-status|p2a: Typhlosion|psn
|-item|p1a: Garganacl|Leftovers|[from] ability: Frisk|[of] p2a: Typhlosion
|move|p1a: Garganacl|Iron Defense|p1a: Garganacl
|-boost|p1a: Garganacl|def|2
|
|-heal|p2a: Typhlosion|82/100 psn|[from] Grassy Terrain
|-damage|p2a: Typhlosion|69/100 psn|[from] psn
|upkeep
|turn|13
|inactive|DAVISBUTT has 120 seconds left.
|
|t:|1760827448
|move|p2a: Typhlosion|Shadow Ball|p1a: Garganacl
|-supereffective|p1a: Garganacl
|-crit|p1a: Garganacl
|-damage|p1a: Garganacl|65/100
|move|p1a: Garganacl|Salt Cure|p2a: Typhlosion
|-supereffective|p2a: Typhlosion
|-damage|p2a: Typhlosion|27/100 psn
|-start|p2a: Typhlosion|Salt Cure
|
|-heal|p2a: Typhlosion|33/100 psn|[from] Grassy Terrain
|-heal|p1a: Garganacl|71/100|[from] Grassy Terrain
|-heal|p1a: Garganacl|77/100|[from] item: Leftovers
|-damage|p2a: Typhlosion|21/100 psn|[from] psn
|-damage|p2a: Typhlosion|8/100 psn|[from] Salt Cure
|-fieldend|move: Grassy Terrain
|upkeep
|turn|14
|inactive|DAVISBUTT has 120 seconds left.
|
|t:|1760827461
|move|p2a: Typhlosion|Shadow Ball|p1a: Garganacl
|-supereffective|p1a: Garganacl
|-damage|p1a: Garganacl|53/100
|move|p1a: Garganacl|Recover|p1a: Garganacl
|-heal|p1a: Garganacl|100/100
|
|-damage|p2a: Typhlosion|0 fnt|[from] psn
|faint|p2a: Typhlosion
|upkeep
|inactive|DAVISBUTT has 120 seconds left.
|
|t:|1760827485
|switch|p2a: Rillaboom|Rillaboom, M, shiny|100/100
|-damage|p2a: Rillaboom|88/100|[from] Stealth Rock
|-status|p2a: Rillaboom|psn
|-fieldstart|move: Grassy Terrain|[from] ability: Grassy Surge|[of] p2a: Rillaboom
|turn|15
|
|t:|1760827492
|move|p2a: Rillaboom|High Horsepower|p1a: Garganacl
|-damage|p1a: Garganacl|88/100
|move|p1a: Garganacl|Body Press|p2a: Rillaboom
|-damage|p2a: Rillaboom|18/100 psn
|
|-heal|p2a: Rillaboom|25/100 psn|[from] Grassy Terrain
|-heal|p1a: Garganacl|94/100|[from] Grassy Terrain
|-heal|p1a: Garganacl|99/100|[from] item: Leftovers
|-damage|p2a: Rillaboom|12/100 psn|[from] psn
|upkeep
|turn|16
|
|t:|1760827503
|move|p2a: Rillaboom|High Horsepower|p1a: Garganacl
|-damage|p1a: Garganacl|89/100
|move|p1a: Garganacl|Iron Defense|p1a: Garganacl
|-boost|p1a: Garganacl|def|2
|
|-heal|p2a: Rillaboom|18/100 psn|[from] Grassy Terrain
|-heal|p1a: Garganacl|95/100|[from] Grassy Terrain
|-heal|p1a: Garganacl|100/100|[from] item: Leftovers
|-damage|p2a: Rillaboom|6/100 psn|[from] psn
|upkeep
|turn|17
|
|t:|1760827524
|move|p2a: Rillaboom|High Horsepower|p1a: Garganacl
|-damage|p1a: Garganacl|91/100
|move|p1a: Garganacl|Salt Cure|p2a: Rillaboom
|-damage|p2a: Rillaboom|0 fnt
|faint|p2a: Rillaboom
|
|-heal|p1a: Garganacl|97/100|[from] Grassy Terrain
|-heal|p1a: Garganacl|100/100|[from] item: Leftovers
|upkeep
|inactive|DAVISBUTT has 90 seconds left.
|inactive|DAVISBUTT has 60 seconds left.
|
|t:|1760827584
|switch|p2a: Cloyster|Cloyster, F, shiny|100/100
|-damage|p2a: Cloyster|76/100|[from] Stealth Rock
|-status|p2a: Cloyster|psn
|turn|18
|
|t:|1760827598
|move|p2a: Cloyster|Icicle Spear|p1a: Garganacl
|-damage|p1a: Garganacl|98/100
|-damage|p1a: Garganacl|96/100
|-damage|p1a: Garganacl|94/100
|-damage|p1a: Garganacl|92/100
|-damage|p1a: Garganacl|89/100
|-hitcount|p1a: Garganacl|5
|move|p1a: Garganacl|Body Press|p2a: Cloyster
|-supereffective|p2a: Cloyster
|-damage|p2a: Cloyster|0 fnt
|faint|p2a: Cloyster
|
|-heal|p1a: Garganacl|96/100|[from] Grassy Terrain
|-heal|p1a: Garganacl|100/100|[from] item: Leftovers
|upkeep
|-message|DAVISBUTT forfeited.
|
|win|Darkness918
|raw|Darkness918's rating: 1157 &rarr; <strong>1180</strong><br />(+23 for winning)
|raw|DAVISBUTT's rating: 1127 &rarr; <strong>1104</strong><br />(-23 for losing)
|l|☆DAVISBUTT
|player|p2|
|l|☆Darkness918
|player|p1|
