|j|☆JapYap
|j|☆jingming
|t:|1760856355
|gametype|singles
|player|p1|JapYap|169|1189
|player|p2|jingming|169|1231
|gen|9
|tier|[Gen 9] OU
|rated|
|rule|HP Percentage Mod: HP is shown in percentages
|rule|Endless Battle Clause: Forcing endless battles is banned
|rule|Species Clause: Limit one of each Pokémon
|rule|OHKO Clause: OHKO moves are banned
|rule|Evasion Items Clause: Evasion items are banned
|rule|Evasion Moves Clause: Evasion moves are banned
|rule|Evasion Abilities Clause: Evasion abilities are banned
|rule|Sleep Moves Clause: Sleep-inducing moves are banned
|clearpoke
|poke|p1|Sceptile, F|
|poke|p1|Charizard, F|
|poke|p1|Dragalge, F|
|poke|p1|Weezing, M|
|poke|p1|Tentacruel, M|
|poke|p1|Hoopa-Unbound|
|poke|p2|Garchomp, F|
|poke|p2|Tyranitar, F|
|poke|p2|Alomomola, M|
|poke|p2|Ogerpon-Wellspring, F|
|poke|p2|Gholdengo|
|poke|p2|Gliscor, F|
|teampreview
|inactive|Battle timer is ON: inactive players will automatically lose when time's up. (requested by jingming)
|
|t:|1760856368
|teamsize|p1|6
|teamsize|p2|6
|start
|switch|p1a: Charizard|Charizard, F|100/100
|switch|p2a: Gliscor|Gliscor, F|100/100
|turn|1
|
|t:|1760856374
|move|p1a: Charizard|Hurricane|p2a: Gliscor
|-damage|p2a: Gliscor|55/100
|move|p2a: Gliscor|Toxic|p1a: Charizard
|-status|p1a: Charizard|tox
|
|-damage|p1a: Charizard|94/100 tox|[from] psn
|-status|p2a: Gliscor|tox|[from] item: Toxic Orb
|upkeep
|turn|2
|
|t:|1760856386
|switch|p1a: Weezing|Weezing, M|100/100
|move|p2a: Gliscor|Spikes|p1a: Weezing
|-sidestart|p1: JapYap|Spikes
|
|-heal|p2a: Gliscor|68/100 tox|[from] ability: Poison Heal
|upkeep
|turn|3
|
|t:|1760856393
|move|p2a: Gliscor|Knock Off|p1a: Weezing
|-damage|p1a: Weezing|86/100
|-enditem|p1a: Weezing|Heavy-Duty Boots|[from] move: Knock Off|[of] p2a: Gliscor
|move|p1a: Weezing|Toxic Spikes|p2a: Gliscor
|-sidestart|p2: jingming|move: Toxic Spikes
|
|-heal|p2a: Gliscor|80/100 tox|[from] ability: Poison Heal
|upkeep
|turn|4
|
|t:|1760856402
|move|p2a: Gliscor|Spikes|p1a: Weezing
|-sidestart|p1: JapYap|Spikes
|move|p1a: Weezing|Toxic Spikes|p2a: Gliscor
|-sidestart|p2: jingming|move: Toxic Spikes
|
|-heal|p2a: Gliscor|93/100 tox|[from] ability: Poison Heal
|upkeep
|turn|5
|
|t:|1760856414
|switch|p1a: Tentacruel|Tentacruel, M|100/100
|-item|p1a: Tentacruel|Air Balloon
|move|p2a: Gliscor|Knock Off|p1a: Tentacruel
|-damage|p1a: Tentacruel|73/100
|-enditem|p1a: Tentacruel|Air Balloon
|
|-heal|p2a: Gliscor|100/100 tox|[from] ability: Poison Heal
|upkeep
|turn|6
|
|t:|1760856437
|switch|p2a: Alomomola|Alomomola, M|100/100
|move|p1a: Tentacruel|Rapid Spin|p2a: Alomomola
|-damage|p2a: Alomomola|96/100
|-boost|p1a: Tentacruel|spe|1
|-sideend|p1: JapYap|Spikes|[from] move: Rapid Spin|[of] p1a: Tentacruel
|
|upkeep
|turn|7
|
|t:|1760856444
|move|p1a: Tentacruel|Giga Drain|p2a: Alomomola
|-supereffective|p2a: Alomomola
|-damage|p2a: Alomomola|62/100
|-heal|p1a: Tentacruel|98/100|[from] drain|[of] p2a: Alomomola
|move|p2a: Alomomola|Flip Turn|p1a: Tentacruel
|-resisted|p1a: Tentacruel
|-damage|p1a: Tentacruel|87/100
|
|t:|1760856463
|switch|p2a: Gholdengo|Gholdengo|100/100|[from] Flip Turn
|-item|p2a: Gholdengo|Air Balloon
|
|upkeep
|turn|8
|
|t:|1760856469
|move|p1a: Tentacruel|Knock Off|p2a: Gholdengo
|-supereffective|p2a: Gholdengo
|-damage|p2a: Gholdengo|69/100
|-enditem|p2a: Gholdengo|Air Balloon
|move|p2a: Gholdengo|Make It Rain|p1a: Tentacruel
|-resisted|p1a: Tentacruel
|-damage|p1a: Tentacruel|59/100
|-unboost|p2a: Gholdengo|spa|1
|
|upkeep
|turn|9
|
|t:|1760856479
|switch|p2a: Gliscor|Gliscor, F|100/100 tox
|move|p1a: Tentacruel|Chilling Water|p2a: Gliscor
|-supereffective|p2a: Gliscor
|-damage|p2a: Gliscor|77/100 tox
|-unboost|p2a: Gliscor|atk|1
|
|-heal|p2a: Gliscor|89/100 tox|[from] ability: Poison Heal
|upkeep
|turn|10
|
|t:|1760856490
|move|p2a: Gliscor|Protect|p2a: Gliscor
|-singleturn|p2a: Gliscor|Protect
|move|p1a: Tentacruel|Chilling Water|p2a: Gliscor
|-activate|p2a: Gliscor|move: Protect
|
|-heal|p2a: Gliscor|100/100 tox|[from] ability: Poison Heal
|upkeep
|turn|11
|
|t:|1760856500
|switch|p2a: Alomomola|Alomomola, M|96/100
|move|p1a: Tentacruel|Chilling Water|p2a: Alomomola
|-resisted|p2a: Alomomola
|-damage|p2a: Alomomola|87/100
|-unboost|p2a: Alomomola|atk|1
|
|upkeep
|turn|12
|inactive|jingming has 120 seconds left.
|
|t:|1760856521
|move|p1a: Tentacruel|Knock Off|p2a: Alomomola
|-damage|p2a: Alomomola|79/100
|-enditem|p2a: Alomomola|Heavy-Duty Boots|[from] move: Knock Off|[of] p1a: Tentacruel
|move|p2a: Alomomola|Flip Turn|p1a: Tentacruel
|-resisted|p1a: Tentacruel
|-damage|p1a: Tentacruel|52/100
|inactive|jingming has 120 seconds left.
|
|t:|1760856527
|switch|p2a: Garchomp|Garchomp, F|100/100|[from] Flip Turn
|-status|p2a: Garchomp|tox
|
|-damage|p2a: Garchomp|94/100 tox|[from] psn
|upkeep
|turn|13
|
|t:|1760856535
|switch|p1a: Weezing|Weezing, M|86/100
|move|p2a: Garchomp|Earthquake|p1a: Weezing
|-immune|p1a: Weezing|[from] ability: Levitate
|
|-damage|p2a: Garchomp|82/100 tox|[from] psn
|upkeep
|turn|14
|
|t:|1760856542
|switch|p2a: Gholdengo|Gholdengo|69/100
|move|p1a: Weezing|Clear Smog|p2a: Gholdengo
|-immune|p2a: Gholdengo
|
|upkeep
|turn|15
|
|t:|1760856550
|switch|p1a: Dragalge|Dragalge, F|100/100
|move|p2a: Gholdengo|Nasty Plot|p2a: Gholdengo
|-boost|p2a: Gholdengo|spa|2
|
|upkeep
|turn|16
|
|t:|1760856557
|move|p2a: Gholdengo|Make It Rain|p1a: Dragalge
|-damage|p1a: Dragalge|30/100
|-unboost|p2a: Gholdengo|spa|1
|move|p1a: Dragalge|Shadow Ball|p2a: Gholdengo
|-supereffective|p2a: Gholdengo
|-damage|p2a: Gholdengo|24/100
|-unboost|p2a: Gholdengo|spd|1
|
|upkeep
|turn|17
|
|t:|1760856566
|move|p2a: Gholdengo|Make It Rain|p1a: Dragalge
|-damage|p1a: Dragalge|0 fnt
|-unboost|p2a: Gholdengo|spa|1
|faint|p1a: Dragalge
|
|upkeep
|
|t:|1760856578
|switch|p1a: Hoopa|Hoopa-Unbound|100/100
|turn|18
|
|t:|1760856586
|move|p1a: Hoopa|Hyperspace Fury|p2a: Gholdengo
|-supereffective|p2a: Gholdengo
|-damage|p2a: Gholdengo|0 fnt
|-unboost|p1a: Hoopa|def|1
|faint|p2a: Gholdengo
|
|upkeep
|
|t:|1760856597
|switch|p2a: Tyranitar|Tyranitar, F|100/100
|-status|p2a: Tyranitar|tox
|-weather|Sandstorm|[from] ability: Sand Stream|[of] p2a: Tyranitar
|turn|19
|
|t:|1760856603
|switch|p1a: Weezing|Weezing, M|86/100
|move|p2a: Tyranitar|Stone Edge|p1a: Weezing
|-damage|p1a: Weezing|30/100
|
|-weather|Sandstorm|[upkeep]
|-damage|p1a: Weezing|24/100|[from] Sandstorm
|-damage|p2a: Tyranitar|94/100 tox|[from] psn
|upkeep
|turn|20
|
|t:|1760856614
|move|p2a: Tyranitar|Stone Edge|p1a: Weezing
|-damage|p1a: Weezing|0 fnt
|faint|p1a: Weezing
|
|-weather|Sandstorm|[upkeep]
|-damage|p2a: Tyranitar|82/100 tox|[from] psn
|upkeep
|
|t:|1760856629
|switch|p1a: Charizard|Charizard, F|94/100 tox
|turn|21
|
|t:|1760856634
|-terastallize|p1a: Charizard|Fighting
|move|p1a: Charizard|Focus Blast|p2a: Tyranitar
|-supereffective|p2a: Tyranitar
|-damage|p2a: Tyranitar|0 fnt
|faint|p2a: Tyranitar
|
|-weather|Sandstorm|[upkeep]
|-damage|p1a: Charizard|88/100 tox|[from] Sandstorm
|-damage|p1a: Charizard|82/100 tox|[from] psn
|upkeep
|
|t:|1760856650
|switch|p2a: Ogerpon|Ogerpon-Wellspring, F|100/100
|-status|p2a: Ogerpon|tox
|turn|22
|
|t:|1760856656
|move|p2a: Ogerpon|Ivy Cudgel|p1a: Charizard|[anim] Ivy Cudgel Water
|-damage|p1a: Charizard|0 fnt
|faint|p1a: Charizard
|
|-weather|Sandstorm|[upkeep]
|-damage|p2a: Ogerpon|95/100 tox|[from] Sandstorm
|-damage|p2a: Ogerpon|89/100 tox|[from] psn
|upkeep
|
|t:|1760856659
|switch|p1a: Sceptile|Sceptile, F|100/100
|turn|23
|
|t:|1760856664
|switch|p2a: Gliscor|Gliscor, F|100/100 tox
|move|p1a: Sceptile|Leech Seed|p2a: Gliscor
|-start|p2a: Gliscor|move: Leech Seed
|
|-weather|none
|-damage|p2a: Gliscor|88/100 tox|[from] Leech Seed|[of] p1a: Sceptile
|-heal|p2a: Gliscor|100/100 tox|[from] ability: Poison Heal
|upkeep
|turn|24
|
|t:|1760856671
|switch|p1a: Tentacruel|Tentacruel, M|52/100
|move|p2a: Gliscor|Toxic|p1a: Tentacruel
|-immune|p1a: Tentacruel
|
|-damage|p2a: Gliscor|88/100 tox|[from] Leech Seed|[of] p1a: Tentacruel
|-heal|p1a: Tentacruel|64/100|[silent]
|-heal|p2a: Gliscor|100/100 tox|[from] ability: Poison Heal
|upkeep
|turn|25
|
|t:|1760856676
|switch|p2a: Alomomola|Alomomola, M|100/100
|-status|p2a: Alomomola|tox
|move|p1a: Tentacruel|Chilling Water|p2a: Alomomola
|-resisted|p2a: Alomomola
|-damage|p2a: Alomomola|92/100 tox
|-unboost|p2a: Alomomola|atk|1
|
|-damage|p2a: Alomomola|86/100 tox|[from] psn
|upkeep
|turn|26
|
|t:|1760856684
|move|p1a: Tentacruel|Giga Drain|p2a: Alomomola
|-supereffective|p2a: Alomomola
|-damage|p2a: Alomomola|49/100 tox
|-heal|p1a: Tentacruel|92/100|[from] drain|[of] p2a: Alomomola
|move|p2a: Alomomola|Wish|p2a: Alomomola
|
|-damage|p2a: Alomomola|36/100 tox|[from] psn
|upkeep
|turn|27
|
|t:|1760856692
|switch|p2a: Garchomp|Garchomp, F|82/100 tox
|move|p1a: Tentacruel|Giga Drain|p2a: Garchomp
|-crit|p2a: Garchomp
|-damage|p2a: Garchomp|59/100 tox
|-heal|p1a: Tentacruel|100/100|[from] drain|[of] p2a: Garchomp
|
|-heal|p2a: Garchomp|100/100 tox|[from] move: Wish|[wisher] Alomomola
|-damage|p2a: Garchomp|94/100 tox|[from] psn
|upkeep
|turn|28
|
|t:|1760856704
|switch|p1a: Sceptile|Sceptile, F|100/100
|move|p2a: Garchomp|Poison Jab|p1a: Sceptile
|-supereffective|p1a: Sceptile
|-damage|p1a: Sceptile|24/100
|-enditem|p1a: Sceptile|Sitrus Berry|[eat]
|-heal|p1a: Sceptile|49/100|[from] item: Sitrus Berry
|
|-damage|p2a: Garchomp|82/100 tox|[from] psn
|upkeep
|turn|29
|
|t:|1760856713
|move|p1a: Sceptile|Giga Drain|p2a: Garchomp
|-damage|p2a: Garchomp|42/100 tox
|-heal|p1a: Sceptile|69/100|[from] drain|[of] p2a: Garchomp
|move|p2a: Garchomp|Poison Jab|p1a: Sceptile
|-supereffective|p1a: Sceptile
|-damage|p1a: Sceptile|0 fnt
|faint|p1a: Sceptile
|
|-damage|p2a: Garchomp|24/100 tox|[from] psn
|upkeep
|
|t:|1760856722
|switch|p1a: Hoopa|Hoopa-Unbound|100/100
|turn|30
|
|t:|1760856731
|switch|p2a: Gliscor|Gliscor, F|100/100 tox
|move|p1a: Hoopa|Hyperspace Fury|p2a: Gliscor
|-damage|p2a: Gliscor|59/100 tox
|-unboost|p1a: Hoopa|def|1
|
|-heal|p2a: Gliscor|71/100 tox|[from] ability: Poison Heal
|upkeep
|turn|31
|
|t:|1760856744
|move|p1a: Hoopa|Hyperspace Fury|p2a: Gliscor
|-damage|p2a: Gliscor|27/100 tox
|-unboost|p1a: Hoopa|def|1
|move|p2a: Gliscor|Knock Off|p1a: Hoopa
|-damage|p1a: Hoopa|15/100
|-enditem|p1a: Hoopa|Choice Scarf|[from] move: Knock Off|[of] p2a: Gliscor
|
|-heal|p2a: Gliscor|40/100 tox|[from] ability: Poison Heal
|upkeep
|turn|32
|
|t:|1760856754
|move|p2a: Gliscor|Protect|p2a: Gliscor
|-singleturn|p2a: Gliscor|Protect
|move|p1a: Hoopa|Hyperspace Fury|p2a: Gliscor
|-activate|p2a: Gliscor|move: Hyperspace Fury|[broken]
|-damage|p2a: Gliscor|0 fnt
|-unboost|p1a: Hoopa|def|1
|faint|p2a: Gliscor
|-item|p1a: Hoopa|Toxic Orb|[from] ability: Magician|[of] p2: Gliscor
|
|-status|p1a: Hoopa|tox|[from] item: Toxic Orb
|upkeep
|
|t:|1760856766
|switch|p2a: Alomomola|Alomomola, M|70/100 tox
|turn|33
|
|t:|1760856771
|move|p1a: Hoopa|Hyperspace Fury|p2a: Alomomola
|-damage|p2a: Alomomola|40/100 tox
|-unboost|p1a: Hoopa|def|1
|move|p2a: Alomomola|Wish|p2a: Alomomola
|
|-damage|p1a: Hoopa|9/100 tox|[from] psn
|-damage|p2a: Alomomola|34/100 tox|[from] psn
|upkeep
|turn|34
|
|t:|1760856778
|move|p1a: Hoopa|Hyperspace Fury|p2a: Alomomola
|-damage|p2a: Alomomola|3/100 tox
|-unboost|p1a: Hoopa|def|1
|move|p2a: Alomomola|Flip Turn|p1a: Hoopa
|-damage|p1a: Hoopa|0 fnt
|faint|p1a: Hoopa
|
|t:|1760856785
|switch|p2a: Garchomp|Garchomp, F|24/100 tox|[from] Flip Turn
|
|-heal|p2a: Garchomp|99/100 tox|[from] move: Wish|[wisher] Alomomola
|-damage|p2a: Garchomp|92/100 tox|[from] psn
|upkeep
|
|t:|1760856787
|switch|p1a: Tentacruel|Tentacruel, M|100/100
|turn|35
|
|t:|1760856795
|-terastallize|p2a: Garchomp|Ghost
|move|p2a: Garchomp|Earthquake|p1a: Tentacruel
|-supereffective|p1a: Tentacruel
|-damage|p1a: Tentacruel|0 fnt
|faint|p1a: Tentacruel
|
|win|jingming
|raw|JapYap's rating: 1189 &rarr; <strong>1167</strong><br />(-22 for losing)
|raw|jingming's rating: 1231 &rarr; <strong>1253</strong><br />(+22 for winning)
|l|☆JapYap
|player|p1|
|l|☆jingming
|player|p2|
