|j|☆GEM0816
|j|☆arpansar
|t:|1760871053
|gametype|singles
|player|p1|GEM0816|lady|1217
|player|p2|arpansar|idol|1288
|gen|9
|tier|[Gen 9] OU
|rated|
|rule|HP Percentage Mod: HP is shown in percentages
|rule|Endless Battle Clause: Forcing endless battles is banned
|rule|Species Clause: Limit one of each Pokémon
|rule|OHKO Clause: OHKO moves are banned
|rule|Evasion Items Clause: Evasion items are banned
|rule|Evasion Moves Clause: Evasion moves are banned
|rule|Evasion Abilities Clause: Evasion abilities are banned
|rule|Sleep Moves Clause: Sleep-inducing moves are banned
|clearpoke
|poke|p1|Gallade, M|
|poke|p1|Zoroark-Hisui, F|
|poke|p1|Corviknight, M|
|poke|p1|Clodsire, F|
|poke|p1|Arcanine, F|
|poke|p1|Dachsbun, M|
|poke|p2|Brambleghast, M|
|poke|p2|Golem, F|
|poke|p2|Bronzong|
|poke|p2|Tentacruel, F|
|poke|p2|Incineroar, F|
|poke|p2|Galvantula, F|
|teampreview
|inactive|Battle timer is ON: inactive players will automatically lose when time's up. (requested by arpansar)
|inactive|GEM0816 also wants the timer to be on.
|
|t:|1760871061
|teamsize|p1|6
|teamsize|p2|6
|start
|switch|p1a: 艾路雷朵|Gallade, M|100/100
|switch|p2a: Galvantula|Galvantula, F|100/100
|turn|1
|
|t:|1760871068
|move|p2a: Galvantula|Sticky Web|p1a: 艾路雷朵
|-sidestart|p1: GEM0816|move: Sticky Web
|move|p1a: 艾路雷朵|Triple Axel|p2a: Galvantula
|-damage|p2a: Galvantula|81/100
|-damage|p2a: Galvantula|40/100
|-damage|p2a: Galvantula|0 fnt
|faint|p2a: Galvantula
|-hitcount|p2: Galvantula|3
|
|upkeep
|
|t:|1760871081
|switch|p2a: Brambleghast|Brambleghast, M|100/100
|turn|2
|
|t:|1760871084
|move|p2a: Brambleghast|Substitute|p2a: Brambleghast
|-start|p2a: Brambleghast|Substitute
|-damage|p2a: Brambleghast|76/100
|move|p1a: 艾路雷朵|Triple Axel|p2a: Brambleghast
|-supereffective|p2a: Brambleghast
|-end|p2a: Brambleghast|Substitute
|-hitcount|p2a: Brambleghast|1
|
|-heal|p2a: Brambleghast|82/100|[from] item: Leftovers
|upkeep
|turn|3
|
|t:|1760871092
|move|p2a: Brambleghast|Poltergeist|p1a: 艾路雷朵
|-activate|p1a: 艾路雷朵|move: Poltergeist|Choice Band
|-supereffective|p1a: 艾路雷朵
|-damage|p1a: 艾路雷朵|0 fnt
|faint|p1a: 艾路雷朵
|
|-heal|p2a: Brambleghast|88/100|[from] item: Leftovers
|upkeep
|
|t:|1760871098
|switch|p1a: 土王|Clodsire, F|100/100
|-activate|p1a: 土王|move: Sticky Web
|-unboost|p1a: 土王|spe|1
|turn|4
|
|t:|1760871102
|move|p2a: Brambleghast|Poltergeist|p1a: 土王
|-activate|p1a: 土王|move: Poltergeist|Black Sludge
|-crit|p1a: 土王
|-damage|p1a: 土王|30/100
|move|p1a: 土王|Toxic|p2a: Brambleghast
|-status|p2a: Brambleghast|tox
|
|-heal|p2a: Brambleghast|94/100 tox|[from] item: Leftovers
|-heal|p1a: 土王|36/100|[from] item: Black Sludge
|-damage|p2a: Brambleghast|88/100 tox|[from] psn
|upkeep
|turn|5
|
|t:|1760871113
|move|p1a: 土王|Protect|p1a: 土王
|-singleturn|p1a: 土王|Protect
|move|p2a: Brambleghast|Poltergeist|p1a: 土王
|-activate|p1a: 土王|move: Protect
|
|-heal|p2a: Brambleghast|94/100 tox|[from] item: Leftovers
|-heal|p1a: 土王|43/100|[from] item: Black Sludge
|-damage|p2a: Brambleghast|82/100 tox|[from] psn
|upkeep
|turn|6
|
|t:|1760871124
|switch|p1a: 麻花犬|Dachsbun, M|100/100
|-activate|p1a: 麻花犬|move: Sticky Web
|-unboost|p1a: 麻花犬|spe|1
|move|p2a: Brambleghast|Leech Seed|p1a: 麻花犬|[miss]
|-miss|p2a: Brambleghast|p1a: 麻花犬
|
|-heal|p2a: Brambleghast|88/100 tox|[from] item: Leftovers
|-damage|p2a: Brambleghast|70/100 tox|[from] psn
|upkeep
|turn|7
|
|t:|1760871135
|switch|p2a: Bronzong|Bronzong|100/100
|move|p1a: 麻花犬|Trick|p2a: Bronzong
|-activate|p1a: 麻花犬|move: Trick|[of] p2a: Bronzong
|-item|p2a: Bronzong|Choice Scarf|[from] move: Trick
|-item|p1a: 麻花犬|Leftovers|[from] move: Trick
|
|upkeep
|turn|8
|
|t:|1760871152
|switch|p2a: Incineroar|Incineroar, F|100/100
|-ability|p2a: Incineroar|Intimidate|boost
|-unboost|p1a: 麻花犬|atk|1
|move|p1a: 麻花犬|Bitter Malice|p2a: Incineroar
|-resisted|p2a: Incineroar
|-damage|p2a: Incineroar|88/100
|-unboost|p2a: Incineroar|atk|1
|
|upkeep
|turn|9
|
|t:|1760871171
|switch|p1a: 疯狗|Arcanine, F|100/100
|-activate|p1a: 疯狗|move: Sticky Web
|-unboost|p1a: 疯狗|spe|1
|-ability|p1a: 疯狗|Intimidate|boost
|-unboost|p2a: Incineroar|atk|1
|move|p2a: Incineroar|Knock Off|p1a: 疯狗
|-damage|p1a: 疯狗|87/100
|-damage|p2a: Incineroar|71/100|[from] item: Rocky Helmet|[of] p1a: 疯狗
|-enditem|p1a: 疯狗|Rocky Helmet|[from] move: Knock Off|[of] p2a: Incineroar
|
|upkeep
|turn|10
|
|t:|1760871181
|move|p2a: Incineroar|Parting Shot|p1a: 疯狗
|-unboost|p1a: 疯狗|atk|1
|-unboost|p1a: 疯狗|spa|1
|
|t:|1760871194
|switch|p2a: Golem|Golem, F|100/100|[from] Parting Shot
|move|p1a: 疯狗|Scorching Sands|p2a: Golem
|-supereffective|p2a: Golem
|-damage|p2a: Golem|71/100
|
|upkeep
|turn|11
|
|t:|1760871202
|switch|p1a: 钢铠鸦|Corviknight, M|100/100
|move|p2a: Golem|Earthquake|p1a: 钢铠鸦
|-immune|p1a: 钢铠鸦
|
|upkeep
|turn|12
|
|t:|1760871209
|switch|p2a: Incineroar|Incineroar, F|71/100
|-ability|p2a: Incineroar|Intimidate|boost
|-ability|p1a: 钢铠鸦|Mirror Armor
|-unboost|p2a: Incineroar|atk|1
|move|p1a: 钢铠鸦|Defog|p2a: Incineroar
|-unboost|p2a: Incineroar|evasion|1
|-sideend|p1: GEM0816|Sticky Web|[from] move: Defog|[of] p1a: 钢铠鸦
|
|upkeep
|turn|13
|
|t:|1760871220
|switch|p1a: 疯狗|Arcanine, F|87/100
|-ability|p1a: 疯狗|Intimidate|boost
|-unboost|p2a: Incineroar|atk|1
|move|p2a: Incineroar|Will-O-Wisp|p1a: 疯狗
|-immune|p1a: 疯狗
|
|upkeep
|turn|14
|
|t:|1760871231
|move|p1a: 疯狗|Scorching Sands|p2a: Incineroar
|-supereffective|p2a: Incineroar
|-damage|p2a: Incineroar|48/100
|move|p2a: Incineroar|Parting Shot|p1a: 疯狗
|-unboost|p1a: 疯狗|atk|1
|-unboost|p1a: 疯狗|spa|1
|
|t:|1760871238
|switch|p2a: Golem|Golem, F|71/100|[from] Parting Shot
|
|upkeep
|turn|15
|
|t:|1760871244
|switch|p1a: 钢铠鸦|Corviknight, M|100/100
|move|p2a: Golem|Stealth Rock|p1a: 钢铠鸦
|-sidestart|p1: GEM0816|move: Stealth Rock
|
|upkeep
|turn|16
|
|t:|1760871257
|switch|p2a: Brambleghast|Brambleghast, M|70/100 tox
|move|p1a: 钢铠鸦|Body Press|p2a: Brambleghast
|-immune|p2a: Brambleghast
|
|-heal|p2a: Brambleghast|76/100 tox|[from] item: Leftovers
|-damage|p2a: Brambleghast|70/100 tox|[from] psn
|upkeep
|turn|17
|
|t:|1760871264
|move|p2a: Brambleghast|Leech Seed|p1a: 钢铠鸦
|-start|p1a: 钢铠鸦|move: Leech Seed
|move|p1a: 钢铠鸦|Defog|p2a: Brambleghast
|-unboost|p2a: Brambleghast|evasion|1
|-sideend|p1: GEM0816|Stealth Rock|[from] move: Defog|[of] p1a: 钢铠鸦
|
|-heal|p2a: Brambleghast|76/100 tox|[from] item: Leftovers
|-damage|p1a: 钢铠鸦|88/100|[from] Leech Seed|[of] p2a: Brambleghast
|-heal|p2a: Brambleghast|92/100 tox|[silent]
|-damage|p2a: Brambleghast|79/100 tox|[from] psn
|upkeep
|turn|18
|
|t:|1760871275
|switch|p1a: 疯狗|Arcanine, F|87/100
|-ability|p1a: 疯狗|Intimidate|boost
|-unboost|p2a: Brambleghast|atk|1
|move|p2a: Brambleghast|Poltergeist||[still]
|-fail|p2a: Brambleghast
|
|-heal|p2a: Brambleghast|86/100 tox|[from] item: Leftovers
|-damage|p2a: Brambleghast|67/100 tox|[from] psn
|upkeep
|turn|19
|
|t:|1760871285
|switch|p2a: Incineroar|Incineroar, F|48/100
|-ability|p2a: Incineroar|Intimidate|boost
|-unboost|p1a: 疯狗|atk|1
|move|p1a: 疯狗|Flare Blitz|p2a: Incineroar
|-resisted|p2a: Incineroar
|-damage|p2a: Incineroar|33/100
|-damage|p1a: 疯狗|82/100|[from] Recoil
|
|upkeep
|turn|20
|
|t:|1760871304
|move|p1a: 疯狗|Scorching Sands|p2a: Incineroar
|-supereffective|p2a: Incineroar
|-damage|p2a: Incineroar|12/100
|move|p2a: Incineroar|Knock Off|p1a: 疯狗
|-damage|p1a: 疯狗|61/100
|
|upkeep
|turn|21
|
|t:|1760871315
|move|p1a: 疯狗|Scorching Sands|p2a: Incineroar
|-supereffective|p2a: Incineroar
|-damage|p2a: Incineroar|0 fnt
|faint|p2a: Incineroar
|
|upkeep
|
|t:|1760871319
|switch|p2a: Golem|Golem, F|71/100
|turn|22
|
|t:|1760871323
|switch|p1a: 钢铠鸦|Corviknight, M|88/100
|move|p2a: Golem|Stealth Rock|p1a: 钢铠鸦
|-sidestart|p1: GEM0816|move: Stealth Rock
|
|-heal|p1a: 钢铠鸦|94/100|[from] item: Leftovers
|upkeep
|turn|23
|
|t:|1760871330
|switch|p2a: Tentacruel|Tentacruel, F|100/100
|move|p1a: 钢铠鸦|Defog|p2a: Tentacruel
|-fail|p2a: Tentacruel|unboost|[from] ability: Clear Body|[of] p2a: Tentacruel
|-sideend|p1: GEM0816|Stealth Rock|[from] move: Defog|[of] p1a: 钢铠鸦
|
|-heal|p1a: 钢铠鸦|100/100|[from] item: Leftovers
|upkeep
|turn|24
|
|t:|1760871338
|switch|p1a: 土王|Clodsire, F|43/100
|move|p2a: Tentacruel|Knock Off|p1a: 土王
|-damage|p1a: 土王|22/100
|-enditem|p1a: 土王|Black Sludge|[from] move: Knock Off|[of] p2a: Tentacruel
|
|upkeep
|turn|25
|
|t:|1760871349
|switch|p2a: Golem|Golem, F|71/100
|move|p1a: 土王|Earthquake|p2a: Golem
|-supereffective|p2a: Golem
|-damage|p2a: Golem|28/100
|
|upkeep
|turn|26
|
|t:|1760871358
|switch|p1a: 钢铠鸦|Corviknight, M|100/100
|move|p2a: Golem|Earthquake|p1a: 钢铠鸦
|-immune|p1a: 钢铠鸦
|
|upkeep
|turn|27
|
|t:|1760871363
|move|p1a: 钢铠鸦|Iron Defense|p1a: 钢铠鸦
|-boost|p1a: 钢铠鸦|def|2
|move|p2a: Golem|Stealth Rock|p1a: 钢铠鸦
|-sidestart|p1: GEM0816|move: Stealth Rock
|
|upkeep
|turn|28
|
|t:|1760871370
|switch|p2a: Brambleghast|Brambleghast, M|67/100 tox
|move|p1a: 钢铠鸦|Defog|p2a: Brambleghast
|-unboost|p2a: Brambleghast|evasion|1
|-sideend|p1: GEM0816|Stealth Rock|[from] move: Defog|[of] p1a: 钢铠鸦
|
|-heal|p2a: Brambleghast|73/100 tox|[from] item: Leftovers
|-damage|p2a: Brambleghast|67/100 tox|[from] psn
|upkeep
|turn|29
|
|t:|1760871379
|switch|p1a: 麻花犬|Dachsbun, M|100/100
|move|p2a: Brambleghast|Leech Seed|p1a: 麻花犬
|-start|p1a: 麻花犬|move: Leech Seed
|
|-heal|p2a: Brambleghast|73/100 tox|[from] item: Leftovers
|-damage|p1a: 麻花犬|88/100|[from] Leech Seed|[of] p2a: Brambleghast
|-heal|p2a: Brambleghast|83/100 tox|[silent]
|-damage|p2a: Brambleghast|71/100 tox|[from] psn
|upkeep
|turn|30
|
|t:|1760871388
|switch|p2a: Tentacruel|Tentacruel, F|100/100
|move|p1a: 麻花犬|Bitter Malice|p2a: Tentacruel
|-damage|p2a: Tentacruel|83/100
|
|-heal|p1a: 麻花犬|94/100|[from] item: Leftovers
|-damage|p1a: 麻花犬|82/100|[from] Leech Seed|[of] p2a: Tentacruel
|-heal|p2a: Tentacruel|92/100|[silent]
|upkeep
|turn|31
|
|t:|1760871400
|switch|p1a: 土王|Clodsire, F|22/100
|move|p2a: Tentacruel|Knock Off|p1a: 土王
|-damage|p1a: 土王|8/100
|
|upkeep
|turn|32
|
|t:|1760871408
|switch|p1a: 疯狗|Arcanine, F|61/100
|-ability|p1a: 疯狗|Intimidate|boost
|-fail|p2a: Tentacruel|unboost|[from] ability: Clear Body|[of] p2a: Tentacruel
|move|p2a: Tentacruel|Knock Off|p1a: 疯狗
|-damage|p1a: 疯狗|52/100
|
|upkeep
|turn|33
|
|t:|1760871417
|move|p2a: Tentacruel|Flip Turn|p1a: 疯狗
|-supereffective|p1a: 疯狗
|-crit|p1a: 疯狗
|-damage|p1a: 疯狗|11/100
|
|t:|1760871422
|switch|p2a: Bronzong|Bronzong|100/100|[from] Flip Turn
|move|p1a: 疯狗|Morning Sun|p1a: 疯狗
|-heal|p1a: 疯狗|61/100
|
|upkeep
|turn|34
|
|t:|1760871433
|switch|p2a: Golem|Golem, F|28/100
|move|p1a: 疯狗|Morning Sun|p1a: 疯狗
|-heal|p1a: 疯狗|100/100
|
|upkeep
|turn|35
|
|t:|1760871442
|move|p2a: Golem|Endure|p2a: Golem
|-singleturn|p2a: Golem|move: Endure
|move|p1a: 疯狗|Scorching Sands|p2a: Golem
|-supereffective|p2a: Golem
|-activate|p2a: Golem|move: Endure
|-damage|p2a: Golem|1/100
|
|upkeep
|turn|36
|-enditem|p2a: Golem|Custap Berry|[eat]
|-activate|p2a: Golem|item: Custap Berry|[consumed]
|
|t:|1760871449
|move|p1a: 疯狗|Extreme Speed|p2a: Golem
|-resisted|p2a: Golem
|-damage|p2a: Golem|0 fnt
|faint|p2a: Golem
|
|upkeep
|-message|arpansar forfeited.
|
|win|GEM0816
|raw|GEM0816's rating: 1217 &rarr; <strong>1247</strong><br />(+30 for winning)
|raw|arpansar's rating: 1288 &rarr; <strong>1258</strong><br />(-30 for losing)
|l|☆arpansar
|player|p2|
|l|☆GEM0816
|player|p1|
