|j|☆minhbeossss
|j|☆YinToYang
|t:|1760762434
|gametype|singles
|player|p1|minhbeossss|102|1189
|player|p2|YinToYang|n|1219
|gen|9
|tier|[Gen 9] OU
|rated|
|rule|HP Percentage Mod: HP is shown in percentages
|rule|Endless Battle Clause: Forcing endless battles is banned
|rule|Species Clause: Limit one of each Pokémon
|rule|OHKO Clause: OHKO moves are banned
|rule|Evasion Items Clause: Evasion items are banned
|rule|Evasion Moves Clause: Evasion moves are banned
|rule|Evasion Abilities Clause: Evasion abilities are banned
|rule|Sleep Moves Clause: Sleep-inducing moves are banned
|clearpoke
|poke|p1|Ninetales, M|
|poke|p1|Walking Wake|
|poke|p1|Venusaur, M|
|poke|p1|Slither Wing|
|poke|p1|Hatterene, F|
|poke|p1|Great Tusk|
|poke|p2|Torkoal, M|
|poke|p2|Slither Wing|
|poke|p2|Raging Bolt|
|poke|p2|Walking Wake|
|poke|p2|Lilligant-Hisui, F|
|poke|p2|Great Tusk|
|teampreview
|inactive|Battle timer is ON: inactive players will automatically lose when time's up. (requested by minhbeossss)
|
|t:|1760762452
|teamsize|p1|6
|teamsize|p2|6
|start
|switch|p1a: Great Tusk|Great Tusk|100/100
|switch|p2a: Torkoal|Torkoal, M|100/100
|-weather|SunnyDay|[from] ability: Drought|[of] p2a: Torkoal
|-activate|p1a: Great Tusk|ability: Protosynthesis
|-start|p1a: Great Tusk|protosynthesisatk
|turn|1
|
|t:|1760762459
|switch|p2a: Walking Wake|Walking Wake|100/100
|-activate|p2a: Walking Wake|ability: Protosynthesis
|-start|p2a: Walking Wake|protosynthesisspa
|move|p1a: Great Tusk|Close Combat|p2a: Walking Wake
|-damage|p2a: Walking Wake|12/100
|-unboost|p1a: Great Tusk|def|1
|-unboost|p1a: Great Tusk|spd|1
|
|-weather|SunnyDay|[upkeep]
|upkeep
|turn|2
|
|t:|1760762469
|-end|p1a: Great Tusk|Protosynthesis|[silent]
|switch|p1a: Walking Wake|Walking Wake|100/100
|-activate|p1a: Walking Wake|ability: Protosynthesis
|-start|p1a: Walking Wake|protosynthesisspe
|move|p2a: Walking Wake|Draco Meteor|p1a: Walking Wake
|-supereffective|p1a: Walking Wake
|-damage|p1a: Walking Wake|0 fnt
|-unboost|p2a: Walking Wake|spa|2
|faint|p1a: Walking Wake
|-end|p1a: Walking Wake|Protosynthesis|[silent]
|
|-weather|SunnyDay|[upkeep]
|upkeep
|
|t:|1760762474
|switch|p1a: Venusaur|Venusaur, M|100/100
|turn|3
|
|t:|1760762481
|-end|p2a: Walking Wake|Protosynthesis|[silent]
|switch|p2a: Torkoal|Torkoal, M|100/100
|move|p1a: Venusaur|Growth|p1a: Venusaur
|-boost|p1a: Venusaur|atk|2
|-boost|p1a: Venusaur|spa|2
|
|-weather|SunnyDay|[upkeep]
|upkeep
|turn|4
|
|t:|1760762486
|move|p1a: Venusaur|Earth Power|p2a: Torkoal
|-supereffective|p2a: Torkoal
|-damage|p2a: Torkoal|0 fnt
|faint|p2a: Torkoal
|-damage|p1a: Venusaur|91/100|[from] item: Life Orb
|
|-weather|SunnyDay|[upkeep]
|upkeep
|
|t:|1760762492
|switch|p2a: Lilligant|Lilligant-Hisui, F|100/100
|turn|5
|
|t:|1760762496
|move|p2a: Lilligant|Swords Dance|p2a: Lilligant
|-boost|p2a: Lilligant|atk|2
|move|p1a: Venusaur|Weather Ball|p2a: Lilligant
|-supereffective|p2a: Lilligant
|-enditem|p2a: Lilligant|Focus Sash
|-damage|p2a: Lilligant|1/100
|-damage|p1a: Venusaur|81/100|[from] item: Life Orb
|
|-weather|SunnyDay|[upkeep]
|upkeep
|turn|6
|
|t:|1760762501
|switch|p1a: Hatterene|Hatterene, F|100/100
|move|p2a: Lilligant|Acrobatics|p1a: Hatterene
|-damage|p1a: Hatterene|33/100
|-enditem|p1a: Hatterene|Eject Button
|
|t:|1760762503
|switch|p1a: Slither Wing|Slither Wing|100/100
|-activate|p1a: Slither Wing|ability: Protosynthesis
|-start|p1a: Slither Wing|protosynthesisatk
|
|-weather|SunnyDay|[upkeep]
|upkeep
|turn|7
|
|t:|1760762508
|move|p2a: Lilligant|Acrobatics|p1a: Slither Wing
|-supereffective|p1a: Slither Wing
|-damage|p1a: Slither Wing|0 fnt
|faint|p1a: Slither Wing
|-end|p1a: Slither Wing|Protosynthesis|[silent]
|
|-weather|SunnyDay|[upkeep]
|upkeep
|-message|minhbeossss forfeited.
|
|win|YinToYang
|raw|minhbeossss's rating: 1189 &rarr; <strong>1166</strong><br />(-23 for losing)
|raw|YinToYang's rating: 1219 &rarr; <strong>1242</strong><br />(+23 for winning)
|l|☆minhbeossss
|player|p1|
|l|☆YinToYang
|player|p2|
