|j|☆kainbhf
|j|☆ayaan0121
|t:|1760860708
|gametype|singles
|player|p1|kainbhf|ethan|1094
|player|p2|ayaan0121|lucas|1102
|gen|9
|tier|[Gen 9] OU
|rated|
|rule|HP Percentage Mod: HP is shown in percentages
|rule|Endless Battle Clause: Forcing endless battles is banned
|rule|Species Clause: Limit one of each Pokémon
|rule|OHKO Clause: OHKO moves are banned
|rule|Evasion Items Clause: Evasion items are banned
|rule|Evasion Moves Clause: Evasion moves are banned
|rule|Evasion Abilities Clause: Evasion abilities are banned
|rule|Sleep Moves Clause: Sleep-inducing moves are banned
|clearpoke
|poke|p1|Weezing-Galar, M|
|poke|p1|Scizor, F|
|poke|p1|Ceruledge, F|
|poke|p1|Zapdos|
|poke|p1|Tyranitar, M|
|poke|p1|Kingambit, F|
|poke|p2|Pikachu-Partner, M|
|poke|p2|Charizard, M|
|poke|p2|Greninja-*, M|
|poke|p2|Decidueye, M|
|poke|p2|Goodra, F|
|poke|p2|Lycanroc-Dusk, M|
|teampreview
|
|t:|1760860714
|teamsize|p1|6
|teamsize|p2|6
|start
|switch|p1a: Scizor|Scizor, F|100/100
|switch|p2a: Lycanroc|Lycanroc-Dusk, M|100/100
|turn|1
|
|t:|1760860725
|-terastallize|p2a: Lycanroc|Steel
|move|p2a: Lycanroc|Stealth Rock|p1a: Scizor
|-sidestart|p1: kainbhf|move: Stealth Rock
|move|p1a: Scizor|Trailblaze|p2a: Lycanroc
|-resisted|p2a: Lycanroc
|-damage|p2a: Lycanroc|88/100
|-boost|p1a: Scizor|spe|1
|
|upkeep
|turn|2
|
|t:|1760860740
|move|p1a: Scizor|Bullet Punch|p2a: Lycanroc
|-resisted|p2a: Lycanroc
|-damage|p2a: Lycanroc|71/100
|move|p2a: Lycanroc|Close Combat|p1a: Scizor
|-damage|p1a: Scizor|52/100
|-unboost|p2a: Lycanroc|def|1
|-unboost|p2a: Lycanroc|spd|1
|
|upkeep
|turn|3
|
|t:|1760860750
|move|p2a: Lycanroc|Close Combat|p1a: Scizor
|-damage|p1a: Scizor|0 fnt
|-unboost|p2a: Lycanroc|def|1
|-unboost|p2a: Lycanroc|spd|1
|faint|p1a: Scizor
|
|upkeep
|
|t:|1760860759
|switch|p1a: Ceruledge|Ceruledge, F|100/100
|turn|4
|
|t:|1760860767
|move|p1a: Ceruledge|Flame Charge|p2a: Lycanroc
|-supereffective|p2a: Lycanroc
|-damage|p2a: Lycanroc|0 fnt
|-boost|p1a: Ceruledge|spe|1
|faint|p2a: Lycanroc
|
|upkeep
|
|t:|1760860773
|switch|p2a: Greninja|Greninja, M|100/100
|turn|5
|
|t:|1760860777
|move|p1a: Ceruledge|Destiny Bond|p1a: Ceruledge
|-singlemove|p1a: Ceruledge|Destiny Bond
|move|p2a: Greninja|Hydro Pump|p1a: Ceruledge|[miss]
|-miss|p2a: Greninja|p1a: Ceruledge
|
|upkeep
|turn|6
|
|t:|1760860784
|move|p1a: Ceruledge|Poltergeist|p2a: Greninja
|-activate|p2a: Greninja|move: Poltergeist|Life Orb
|-resisted|p2a: Greninja
|-damage|p2a: Greninja|55/100
|move|p2a: Greninja|Hydro Pump|p1a: Ceruledge
|-supereffective|p1a: Ceruledge
|-damage|p1a: Ceruledge|0 fnt
|faint|p1a: Ceruledge
|-ability|p2a: Greninja|Battle Bond|boost
|-boost|p2a: Greninja|atk|1
|-boost|p2a: Greninja|spa|1
|-boost|p2a: Greninja|spe|1
|-activate|p2a: Greninja|ability: Battle Bond
|-damage|p2a: Greninja|46/100|[from] item: Life Orb
|
|upkeep
|
|t:|1760860806
|switch|p1a: Zapdos|Zapdos|100/100
|-damage|p1a: Zapdos|76/100|[from] Stealth Rock
|turn|7
|
|t:|1760860829
|move|p2a: Greninja|U-turn|p1a: Zapdos
|-resisted|p1a: Zapdos
|-damage|p1a: Zapdos|59/100
|-damage|p2a: Greninja|29/100|[from] item: Rocky Helmet|[of] p1a: Zapdos
|-damage|p2a: Greninja|19/100|[from] item: Life Orb
|
|t:|1760860836
|switch|p2a: Goodra|Goodra, F|100/100|[from] U-turn
|move|p1a: Zapdos|Thunderbolt|p2a: Goodra
|-resisted|p2a: Goodra
|-damage|p2a: Goodra|95/100
|
|upkeep
|turn|8
|
|t:|1760860845
|move|p1a: Zapdos|Protect|p1a: Zapdos
|-singleturn|p1a: Zapdos|Protect
|move|p2a: Goodra|Draco Meteor|p1a: Zapdos
|-activate|p1a: Zapdos|move: Protect
|
|upkeep
|turn|9
|
|t:|1760860853
|move|p1a: Zapdos|Heat Wave|p2a: Goodra
|-resisted|p2a: Goodra
|-damage|p2a: Goodra|90/100
|move|p2a: Goodra|Draco Meteor|p1a: Zapdos
|-damage|p1a: Zapdos|23/100
|-unboost|p2a: Goodra|spa|2
|
|upkeep
|turn|10
|
|t:|1760860861
|move|p1a: Zapdos|Protect|p1a: Zapdos
|-singleturn|p1a: Zapdos|Protect
|move|p2a: Goodra|Draco Meteor|p1a: Zapdos
|-activate|p1a: Zapdos|move: Protect
|
|upkeep
|turn|11
|
|t:|1760860868
|move|p1a: Zapdos|Brave Bird|p2a: Goodra
|-damage|p2a: Goodra|48/100
|-damage|p1a: Zapdos|9/100|[from] Recoil
|move|p2a: Goodra|Draco Meteor|p1a: Zapdos
|-damage|p1a: Zapdos|0 fnt
|-unboost|p2a: Goodra|spa|2
|faint|p1a: Zapdos
|
|upkeep
|
|t:|1760860879
|switch|p1a: Tyranitar|Tyranitar, M|100/100
|-damage|p1a: Tyranitar|88/100|[from] Stealth Rock
|-weather|Sandstorm|[from] ability: Sand Stream|[of] p1a: Tyranitar
|turn|12
|
|t:|1760860890
|move|p2a: Goodra|Sludge Bomb|p1a: Tyranitar
|-resisted|p1a: Tyranitar
|-damage|p1a: Tyranitar|86/100
|-status|p1a: Tyranitar|psn
|move|p1a: Tyranitar|Knock Off|p2a: Goodra
|-damage|p2a: Goodra|0 fnt
|-enditem|p2a: Goodra|Assault Vest|[from] move: Knock Off|[of] p1a: Tyranitar
|faint|p2a: Goodra
|
|-weather|Sandstorm|[upkeep]
|-damage|p1a: Tyranitar|74/100 psn|[from] psn
|upkeep
|
|t:|1760860900
|switch|p2a: Greninja|Greninja, M|19/100
|turn|13
|
|t:|1760860905
|move|p2a: Greninja|Hydro Pump|p1a: Tyranitar
|-supereffective|p1a: Tyranitar
|-crit|p1a: Tyranitar
|-damage|p1a: Tyranitar|0 fnt
|faint|p1a: Tyranitar
|-damage|p2a: Greninja|10/100|[from] item: Life Orb
|
|-weather|Sandstorm|[upkeep]
|-damage|p2a: Greninja|4/100|[from] Sandstorm
|upkeep
|
|t:|1760860914
|switch|p1a: Weezing|Weezing-Galar, M|100/100
|-damage|p1a: Weezing|88/100|[from] Stealth Rock
|turn|14
|
|t:|1760860922
|move|p1a: Weezing|Protect|p1a: Weezing
|-singleturn|p1a: Weezing|Protect
|move|p2a: Greninja|Ice Beam|p1a: Weezing
|-activate|p1a: Weezing|move: Protect
|
|-weather|Sandstorm|[upkeep]
|-damage|p2a: Greninja|0 fnt|[from] Sandstorm
|-damage|p1a: Weezing|82/100|[from] Sandstorm
|faint|p2a: Greninja
|upkeep
|
|t:|1760860931
|switch|p2a: Charizard|Charizard, M|100/100
|turn|15
|
|t:|1760860937
|move|p2a: Charizard|Fire Blast|p1a: Weezing
|-damage|p1a: Weezing|16/100
|move|p1a: Weezing|Gunk Shot|p2a: Charizard
|-damage|p2a: Charizard|47/100
|
|-weather|Sandstorm|[upkeep]
|-damage|p2a: Charizard|41/100|[from] Sandstorm
|-damage|p1a: Weezing|10/100|[from] Sandstorm
|upkeep
|turn|16
|
|t:|1760860946
|move|p1a: Weezing|Protect|p1a: Weezing
|-singleturn|p1a: Weezing|Protect
|move|p2a: Charizard|Fire Blast|p1a: Weezing
|-activate|p1a: Weezing|move: Protect
|
|-weather|none
|upkeep
|turn|17
|
|t:|1760860959
|move|p2a: Charizard|Fire Blast|p1a: Weezing
|-damage|p1a: Weezing|0 fnt
|faint|p1a: Weezing
|
|upkeep
|
|t:|1760860965
|switch|p1a: Kingambit|Kingambit, F|100/100
|-damage|p1a: Kingambit|94/100|[from] Stealth Rock
|-activate|p1a: Kingambit|ability: Supreme Overlord
|-start|p1a: Kingambit|fallen5|[silent]
|turn|18
|
|t:|1760860973
|-terastallize|p1a: Kingambit|Dark
|move|p1a: Kingambit|Sucker Punch|p2a: Charizard
|-damage|p2a: Charizard|0 fnt
|faint|p2a: Charizard
|
|upkeep
|
|t:|1760860978
|switch|p2a: Decidueye|Decidueye, M|100/100
|turn|19
|
|t:|1760860990
|move|p2a: Decidueye|U-turn|p1a: Kingambit
|-supereffective|p1a: Kingambit
|-damage|p1a: Kingambit|63/100
|
|t:|1760860993
|switch|p2a: Pikachu|Pikachu-Partner, M|100/100|[from] U-turn
|move|p1a: Kingambit|Poison Jab|p2a: Pikachu
|-damage|p2a: Pikachu|0 fnt
|-status|p1a: Kingambit|par|[from] ability: Static|[of] p2a: Pikachu
|faint|p2a: Pikachu
|
|upkeep
|
|t:|1760861002
|switch|p2a: Decidueye|Decidueye, M|100/100
|turn|20
|
|t:|1760861005
|move|p2a: Decidueye|U-turn|p1a: Kingambit
|-supereffective|p1a: Kingambit
|-damage|p1a: Kingambit|31/100 par
|move|p1a: Kingambit|Poison Jab|p2a: Decidueye
|-damage|p2a: Decidueye|33/100
|-status|p2a: Decidueye|psn
|
|-heal|p2a: Decidueye|39/100 psn|[from] item: Leftovers
|-damage|p2a: Decidueye|27/100 psn|[from] psn
|upkeep
|turn|21
|
|t:|1760861016
|move|p2a: Decidueye|U-turn|p1a: Kingambit
|-supereffective|p1a: Kingambit
|-damage|p1a: Kingambit|2/100 par
|move|p1a: Kingambit|Rest|p1a: Kingambit
|-status|p1a: Kingambit|slp|[from] move: Rest
|-heal|p1a: Kingambit|100/100 slp|[silent]
|
|-heal|p2a: Decidueye|33/100 psn|[from] item: Leftovers
|-damage|p2a: Decidueye|20/100 psn|[from] psn
|upkeep
|turn|22
|
|t:|1760861029
|cant|p1a: Kingambit|slp
|move|p2a: Decidueye|Roost|p2a: Decidueye
|-heal|p2a: Decidueye|70/100 psn
|-singleturn|p2a: Decidueye|move: Roost
|
|-heal|p2a: Decidueye|76/100 psn|[from] item: Leftovers
|-damage|p2a: Decidueye|64/100 psn|[from] psn
|upkeep
|turn|23
|
|t:|1760861038
|cant|p1a: Kingambit|slp
|move|p2a: Decidueye|Roost|p2a: Decidueye
|-heal|p2a: Decidueye|100/100 psn
|-singleturn|p2a: Decidueye|move: Roost
|
|-damage|p2a: Decidueye|88/100 psn|[from] psn
|upkeep
|turn|24
|
|t:|1760861048
|move|p2a: Decidueye|U-turn|p1a: Kingambit
|-supereffective|p1a: Kingambit
|-damage|p1a: Kingambit|69/100 slp
|-curestatus|p1a: Kingambit|slp|[msg]
|move|p1a: Kingambit|Poison Jab|p2a: Decidueye
|-damage|p2a: Decidueye|23/100 psn
|
|-heal|p2a: Decidueye|29/100 psn|[from] item: Leftovers
|-damage|p2a: Decidueye|17/100 psn|[from] psn
|upkeep
|turn|25
|
|t:|1760861059
|move|p1a: Kingambit|Sucker Punch|p2a: Decidueye
|-supereffective|p2a: Decidueye
|-damage|p2a: Decidueye|0 fnt
|faint|p2a: Decidueye
|
|win|kainbhf
|raw|kainbhf's rating: 1094 &rarr; <strong>1120</strong><br />(+26 for winning)
|raw|ayaan0121's rating: 1102 &rarr; <strong>1076</strong><br />(-26 for losing)
|c|☆ayaan0121|ggs
|c|☆kainbhf|Gg
|l|☆ayaan0121
|player|p2|
