|j|☆GhostFire Bird
|j|☆constartus
|t:|1760880450
|gametype|singles
|player|p1|GhostFire Bird|cheren-gen5bw2|1307
|player|p2|constartus|az|1224
|gen|9
|tier|[Gen 9] OU
|rated|
|rule|HP Percentage Mod: HP is shown in percentages
|rule|Endless Battle Clause: Forcing endless battles is banned
|rule|Species Clause: Limit one of each Pokémon
|rule|OHKO Clause: OHKO moves are banned
|rule|Evasion Items Clause: Evasion items are banned
|rule|Evasion Moves Clause: Evasion moves are banned
|rule|Evasion Abilities Clause: Evasion abilities are banned
|rule|Sleep Moves Clause: Sleep-inducing moves are banned
|clearpoke
|poke|p1|Ogerpon-Wellspring, F|
|poke|p1|Kingambit, M|
|poke|p1|Landorus-Therian, M|
|poke|p1|Glimmora, F|
|poke|p1|Dragapult, F|
|poke|p1|Iron Valiant|
|poke|p2|Ribombee, F|
|poke|p2|Empoleon, F|
|poke|p2|Ogerpon, F|
|poke|p2|Kingambit, M|
|poke|p2|Gothitelle, M|
|poke|p2|Smeargle, M|
|teampreview
|inactive|Battle timer is ON: inactive players will automatically lose when time's up. (requested by constartus)
|
|t:|1760880463
|teamsize|p1|6
|teamsize|p2|6
|start
|switch|p1a: Landorus|Landorus-Therian, M|100/100
|switch|p2a: Ribombee|Ribombee, F, shiny|100/100
|-ability|p1a: Landorus|Intimidate|boost
|-unboost|p2a: Ribombee|atk|1
|turn|1
|
|t:|1760880467
|move|p2a: Ribombee|Sticky Web|p1a: Landorus
|-sidestart|p1: GhostFire Bird|move: Sticky Web
|move|p1a: Landorus|Taunt|p2a: Ribombee
|-start|p2a: Ribombee|move: Taunt
|
|upkeep
|turn|2
|
|t:|1760880480
|switch|p2a: Smeargle|Smeargle, M|100/100
|move|p1a: Landorus|Stealth Rock|p2a: Smeargle
|-sidestart|p2: constartus|move: Stealth Rock
|
|upkeep
|turn|3
|
|t:|1760880490
|move|p2a: Smeargle|Silk Trap|p2a: Smeargle
|-singleturn|p2a: Smeargle|Protect
|move|p1a: Landorus|Taunt|p2a: Smeargle
|-start|p2a: Smeargle|move: Taunt
|
|upkeep
|turn|4
|
|t:|1760880499
|switch|p2a: Ribombee|Ribombee, F, shiny|100/100
|-damage|p2a: Ribombee|75/100|[from] Stealth Rock
|move|p1a: Landorus|U-turn|p2a: Ribombee
|-resisted|p2a: Ribombee
|-damage|p2a: Ribombee|57/100
|
|t:|1760880509
|switch|p1a: Dragapult|Dragapult, F|100/100|[from] U-turn
|-activate|p1a: Dragapult|move: Sticky Web
|-fail|p1a: Dragapult|unboost|[from] ability: Clear Body|[of] p1a: Dragapult
|
|upkeep
|turn|5
|
|t:|1760880514
|move|p1a: Dragapult|Flamethrower|p2a: Ribombee
|-supereffective|p2a: Ribombee
|-damage|p2a: Ribombee|0 fnt
|faint|p2a: Ribombee
|
|upkeep
|
|t:|1760880518
|switch|p2a: TC Nick 4|Empoleon, F|100/100
|-damage|p2a: TC Nick 4|94/100|[from] Stealth Rock
|turn|6
|
|t:|1760880523
|switch|p1a: Ogerpon|Ogerpon-Wellspring, F|100/100
|-activate|p1a: Ogerpon|move: Sticky Web
|-unboost|p1a: Ogerpon|spe|1
|move|p2a: TC Nick 4|Ice Beam|p1a: Ogerpon
|-damage|p1a: Ogerpon|52/100
|-damage|p2a: TC Nick 4|85/100|[from] item: Life Orb
|
|upkeep
|turn|7
|
|t:|1760880532
|move|p1a: Ogerpon|Horn Leech|p2a: TC Nick 4
|-damage|p2a: TC Nick 4|36/100
|-heal|p1a: Ogerpon|80/100|[from] drain|[of] p2a: TC Nick 4
|move|p2a: TC Nick 4|Ice Beam|p1a: Ogerpon
|-damage|p1a: Ogerpon|37/100
|-damage|p2a: TC Nick 4|26/100|[from] item: Life Orb
|
|upkeep
|turn|8
|
|t:|1760880544
|move|p1a: Ogerpon|Horn Leech|p2a: TC Nick 4
|-damage|p2a: TC Nick 4|0 fnt
|-heal|p1a: Ogerpon|51/100|[from] drain|[of] p2a: TC Nick 4
|faint|p2a: TC Nick 4
|
|upkeep
|
|t:|1760880546
|switch|p2a: Smeargle|Smeargle, M|100/100
|-damage|p2a: Smeargle|88/100|[from] Stealth Rock
|turn|9
|
|t:|1760880555
|move|p2a: Smeargle|Silk Trap|p2a: Smeargle
|-singleturn|p2a: Smeargle|Protect
|move|p1a: Ogerpon|Taunt|p2a: Smeargle
|-start|p2a: Smeargle|move: Taunt
|
|upkeep
|turn|10
|
|t:|1760880578
|switch|p2a: Ogerpon|Ogerpon, F|100/100
|-damage|p2a: Ogerpon|88/100|[from] Stealth Rock
|move|p1a: Ogerpon|Horn Leech|p2a: Ogerpon
|-resisted|p2a: Ogerpon
|-damage|p2a: Ogerpon|57/100
|-heal|p1a: Ogerpon|67/100|[from] drain|[of] p2a: Ogerpon
|
|upkeep
|turn|11
|
|t:|1760880591
|switch|p1a: Landorus|Landorus-Therian, M|100/100
|-ability|p1a: Landorus|Intimidate|boost
|-unboost|p2a: Ogerpon|atk|1
|-ability|p2a: Ogerpon|Defiant|boost
|-boost|p2a: Ogerpon|atk|2
|move|p2a: Ogerpon|Trailblaze|p1a: Landorus
|-crit|p1a: Landorus
|-damage|p1a: Landorus|51/100
|-boost|p2a: Ogerpon|spe|1
|-damage|p2a: Ogerpon|41/100|[from] item: Rocky Helmet|[of] p1a: Landorus
|
|upkeep
|turn|12
|
|t:|1760880601
|move|p2a: Ogerpon|Trailblaze|p1a: Landorus
|-damage|p1a: Landorus|13/100
|-boost|p2a: Ogerpon|spe|1
|-damage|p2a: Ogerpon|24/100|[from] item: Rocky Helmet|[of] p1a: Landorus
|move|p1a: Landorus|U-turn|p2a: Ogerpon
|-supereffective|p2a: Ogerpon
|-damage|p2a: Ogerpon|0 fnt
|faint|p2a: Ogerpon
|
|t:|1760880612
|switch|p1a: Ogerpon|Ogerpon-Wellspring, F|67/100|[from] U-turn
|-activate|p1a: Ogerpon|move: Sticky Web
|-unboost|p1a: Ogerpon|spe|1
|
|upkeep
|
|t:|1760880622
|switch|p2a: Gothitelle|Gothitelle, M|100/100
|-damage|p2a: Gothitelle|88/100|[from] Stealth Rock
|turn|13
|l|☆GhostFire Bird
|inactive|GhostFire Bird disconnected and has a minute to reconnect!
|player|p1|
|j|☆GhostFire Bird
|inactive|GhostFire Bird reconnected and has 125 seconds left.
|player|p1|GhostFire Bird|cheren-gen5bw2|
|inactive|GhostFire Bird has 120 seconds left.
|
|t:|1760880666
|move|p1a: Ogerpon|Ivy Cudgel|p2a: Gothitelle|[anim] Ivy Cudgel Water
|-crit|p2a: Gothitelle
|-damage|p2a: Gothitelle|0 fnt
|faint|p2a: Gothitelle
|
|upkeep
|
|t:|1760880676
|switch|p2a: Smeargle|Smeargle, M|88/100
|-damage|p2a: Smeargle|76/100|[from] Stealth Rock
|turn|14
|
|t:|1760880681
|move|p2a: Smeargle|Court Change|p2a: Smeargle
|-swapsideconditions
|-activate|p2a: Smeargle|move: Court Change
|move|p1a: Ogerpon|Taunt|p2a: Smeargle
|-start|p2a: Smeargle|move: Taunt
|
|upkeep
|turn|15
|
|t:|1760880689
|-activate|p2a: Smeargle|move: Struggle
|move|p2a: Smeargle|Struggle|p1a: Ogerpon
|-damage|p1a: Ogerpon|64/100
|-damage|p2a: Smeargle|50/100|[from] recoil
|move|p1a: Ogerpon|Horn Leech|p2a: Smeargle
|-damage|p2a: Smeargle|0 fnt
|-heal|p1a: Ogerpon|90/100|[from] drain|[of] p2a: Smeargle
|faint|p2a: Smeargle
|
|upkeep
|
|t:|1760880692
|switch|p2a: Kingambit|Kingambit, M|100/100
|-activate|p2a: Kingambit|move: Sticky Web
|-unboost|p2a: Kingambit|spe|1
|-ability|p2a: Kingambit|Defiant|boost
|-boost|p2a: Kingambit|atk|2
|turn|16
|
|t:|1760880698
|move|p2a: Kingambit|Sucker Punch|p1a: Ogerpon
|-damage|p1a: Ogerpon|0 fnt
|faint|p1a: Ogerpon
|
|upkeep
|
|t:|1760880704
|switch|p1a: Iron Valiant|Iron Valiant|100/100
|-damage|p1a: Iron Valiant|94/100|[from] Stealth Rock
|-enditem|p1a: Iron Valiant|Booster Energy
|-activate|p1a: Iron Valiant|ability: Quark Drive|[fromitem]
|-start|p1a: Iron Valiant|quarkdrivespe
|turn|17
|
|t:|1760880718
|-terastallize|p2a: Kingambit|Ghost
|move|p2a: Kingambit|Sucker Punch||[still]
|-fail|p2a: Kingambit
|move|p1a: Iron Valiant|Encore|p2a: Kingambit
|-start|p2a: Kingambit|Encore
|
|upkeep
|turn|18
|-message|constartus forfeited.
|
|win|GhostFire Bird
|raw|GhostFire Bird's rating: 1307 &rarr; <strong>1322</strong><br />(+15 for winning)
|raw|constartus's rating: 1224 &rarr; <strong>1205</strong><br />(-19 for losing)
|l|☆constartus
|player|p2|
|l|☆GhostFire Bird
|player|p1|
