|badge|p2|bronze|gen9randombattle|100-7
|uhtml|medal-msg|<div class="broadcast-blue">Curious what those medals under the avatar are? PS now has Ladder Seasons! For more information, check out the <a href="https://www.smogon.com/forums/threads/3740067/">thread on Smogon.</a></div>
|j|☆Zipmania
|j|☆Happyisuwu
|t:|1760886136
|gametype|singles
|player|p1|Zipmania|2|1113
|player|p2|Happyisuwu|2|1152
|gen|9
|tier|[Gen 9] OU
|rated|
|rule|HP Percentage Mod: HP is shown in percentages
|rule|Endless Battle Clause: Forcing endless battles is banned
|rule|Species Clause: Limit one of each Pokémon
|rule|OHKO Clause: OHKO moves are banned
|rule|Evasion Items Clause: Evasion items are banned
|rule|Evasion Moves Clause: Evasion moves are banned
|rule|Evasion Abilities Clause: Evasion abilities are banned
|rule|Sleep Moves Clause: Sleep-inducing moves are banned
|clearpoke
|poke|p1|Gliscor, F|
|poke|p1|Walking Wake|
|poke|p1|Slowking-Galar, M|
|poke|p1|Zamazenta-*|
|poke|p1|Ting-Lu|
|poke|p1|Kingambit, M|
|poke|p2|Kingambit, F|
|poke|p2|Ting-Lu|
|poke|p2|Gholdengo|
|poke|p2|Dragapult, M|
|poke|p2|Tornadus-Therian, M|
|poke|p2|Iron Valiant|
|teampreview
|inactive|Battle timer is ON: inactive players will automatically lose when time's up. (requested by Happyisuwu)
|inactive|Zipmania has 120 seconds left.
|
|t:|1760886179
|teamsize|p1|6
|teamsize|p2|6
|start
|switch|p1a: Slowking|Slowking-Galar, M|100/100
|switch|p2a: Tornadus|Tornadus-Therian, M|100/100
|turn|1
|inactive|Zipmania has 120 seconds left.
|
|t:|1760886225
|move|p2a: Tornadus|Knock Off|p1a: Slowking
|-supereffective|p1a: Slowking
|-damage|p1a: Slowking|57/100
|-enditem|p1a: Slowking|Heavy-Duty Boots|[from] move: Knock Off|[of] p2a: Tornadus
|-prepare|p1a: Slowking|Chilly Reception|[premajor]
|move|p1a: Slowking|Chilly Reception|p1a: Slowking
|-weather|Snowscape
|inactive|Zipmania has 90 seconds left.
|
|t:|1760886264
|switch|p1a: Gliscor|Gliscor, F|100/100|[from] Chilly Reception
|
|-weather|Snowscape|[upkeep]
|-status|p1a: Gliscor|tox|[from] item: Toxic Orb
|upkeep
|turn|2
|
|t:|1760886272
|move|p2a: Tornadus|U-turn|p1a: Gliscor
|-resisted|p1a: Gliscor
|-damage|p1a: Gliscor|95/100 tox
|
|t:|1760886274
|switch|p2a: Gholdengo|Gholdengo|100/100|[from] U-turn
|-item|p2a: Gholdengo|Air Balloon
|move|p1a: Gliscor|Ice Fang|p2a: Gholdengo
|-resisted|p2a: Gholdengo
|-damage|p2a: Gholdengo|92/100
|-enditem|p2a: Gholdengo|Air Balloon
|
|-weather|Snowscape|[upkeep]
|-heal|p1a: Gliscor|100/100 tox|[from] ability: Poison Heal
|upkeep
|turn|3
|inactive|Zipmania has 90 seconds left.
|inactive|Zipmania has 60 seconds left.
|
|t:|1760886319
|move|p2a: Gholdengo|Shadow Ball|p1a: Gliscor
|-damage|p1a: Gliscor|52/100 tox
|move|p1a: Gliscor|Earthquake|p2a: Gholdengo
|-supereffective|p2a: Gholdengo
|-damage|p2a: Gholdengo|15/100
|
|-weather|Snowscape|[upkeep]
|-heal|p1a: Gliscor|64/100 tox|[from] ability: Poison Heal
|upkeep
|turn|4
|
|t:|1760886344
|move|p2a: Gholdengo|Make It Rain|p1a: Gliscor
|-damage|p1a: Gliscor|0 fnt
|-unboost|p2a: Gholdengo|spa|1
|faint|p1a: Gliscor
|
|-weather|Snowscape|[upkeep]
|upkeep
|inactive|Zipmania has 30 seconds left.
|inactive|Zipmania has 20 seconds left.
|
|t:|1760886369
|switch|p1a: Ting-Lu|Ting-Lu|100/100
|-ability|p1a: Ting-Lu|Vessel of Ruin
|turn|5
|inactive|Zipmania has 30 seconds left this turn.
|
|t:|1760886383
|switch|p2a: Tornadus|Tornadus-Therian, M|100/100
|move|p1a: Ting-Lu|Earthquake|p2a: Tornadus
|-immune|p2a: Tornadus
|
|-weather|none
|upkeep
|turn|6
|inactive|Zipmania has 30 seconds left.
|
|t:|1760886391
|move|p2a: Tornadus|Knock Off|p1a: Ting-Lu
|-resisted|p1a: Ting-Lu
|-damage|p1a: Ting-Lu|95/100
|-enditem|p1a: Ting-Lu|Leftovers|[from] move: Knock Off|[of] p2a: Tornadus
|move|p1a: Ting-Lu|Ruination|p2a: Tornadus
|-damage|p2a: Tornadus|51/100
|
|upkeep
|turn|7
|inactive|Zipmania has 30 seconds left.
|inactive|Zipmania has 20 seconds left.
|inactive|Zipmania has 15 seconds left.
|
|t:|1760886421
|switch|p1a: Slowking|Slowking-Galar, M|91/100
|move|p2a: Tornadus|U-turn|p1a: Slowking
|-damage|p1a: Slowking|76/100
|
|t:|1760886433
|switch|p2a: Ting-Lu|Ting-Lu|100/100|[from] U-turn
|-ability|p2a: Ting-Lu|Vessel of Ruin
|
|upkeep
|turn|8
|inactive|Zipmania has 30 seconds left this turn.
|inactive|Zipmania has 20 seconds left.
|
|t:|1760886446
|move|p2a: Ting-Lu|Spikes|p1a: Slowking
|-sidestart|p1: Zipmania|Spikes
|move|p1a: Slowking|Future Sight|p2a: Ting-Lu
|-start|p1a: Slowking|move: Future Sight
|
|upkeep
|turn|9
|inactive|Zipmania has 30 seconds left this turn.
|
|t:|1760886456
|move|p2a: Ting-Lu|Throat Chop|p1a: Slowking
|-supereffective|p1a: Slowking
|-damage|p1a: Slowking|15/100
|-start|p1a: Slowking|Throat Chop|[silent]
|-prepare|p1a: Slowking|Chilly Reception|[premajor]
|move|p1a: Slowking|Chilly Reception|p1a: Slowking
|-weather|Snowscape
|inactive|Zipmania has 30 seconds left this turn.
|inactive|Zipmania has 20 seconds left.
|inactive|Zipmania has 15 seconds left.
|
|t:|1760886472
|switch|p1a: Walking Wake|Walking Wake|100/100|[from] Chilly Reception
|
|-weather|Snowscape|[upkeep]
|upkeep
|turn|10
|inactive|Zipmania has 25 seconds left this turn.
|inactive|Zipmania has 20 seconds left.
|
|t:|1760886481
|switch|p2a: Tornadus|Tornadus-Therian, M|84/100
|move|p1a: Walking Wake|Scald|p2a: Tornadus
|-damage|p2a: Tornadus|54/100
|
|-weather|Snowscape|[upkeep]
|-end|p2a: Tornadus|move: Future Sight
|-damage|p2a: Tornadus|19/100
|upkeep
|turn|11
|inactive|Zipmania has 30 seconds left this turn.
|inactive|Zipmania has 20 seconds left.
|inactive|Zipmania has 15 seconds left.
|
|t:|1760886498
|move|p2a: Tornadus|U-turn|p1a: Walking Wake
|-damage|p1a: Walking Wake|85/100
|
|t:|1760886510
|switch|p2a: Gholdengo|Gholdengo|15/100|[from] U-turn
|move|p1a: Walking Wake|Scald|p2a: Gholdengo
|-damage|p2a: Gholdengo|0 fnt
|faint|p2a: Gholdengo
|
|-weather|Snowscape|[upkeep]
|upkeep
|
|t:|1760886516
|switch|p2a: Tornadus|Tornadus-Therian, M|52/100
|turn|12
|inactive|Zipmania has 30 seconds left.
|inactive|Zipmania has 20 seconds left.
|inactive|Zipmania has 15 seconds left.
|
|t:|1760886537
|move|p2a: Tornadus|Knock Off|p1a: Walking Wake
|-damage|p1a: Walking Wake|62/100
|-enditem|p1a: Walking Wake|Heavy-Duty Boots|[from] move: Knock Off|[of] p2a: Tornadus
|move|p1a: Walking Wake|Draco Meteor|p2a: Tornadus
|-damage|p2a: Tornadus|6/100
|-unboost|p1a: Walking Wake|spa|2
|
|-weather|Snowscape|[upkeep]
|upkeep
|turn|13
|inactive|Zipmania has 25 seconds left this turn.
|inactive|Zipmania has 20 seconds left.
|inactive|Zipmania has 15 seconds left.
|
|t:|1760886554
|move|p2a: Tornadus|U-turn|p1a: Walking Wake
|-damage|p1a: Walking Wake|46/100
|
|t:|1760886561
|switch|p2a: Ting-Lu|Ting-Lu|100/100|[from] U-turn
|-ability|p2a: Ting-Lu|Vessel of Ruin
|move|p1a: Walking Wake|Knock Off|p2a: Ting-Lu
|-resisted|p2a: Ting-Lu
|-damage|p2a: Ting-Lu|97/100
|-enditem|p2a: Ting-Lu|Leftovers|[from] move: Knock Off|[of] p1a: Walking Wake
|
|-weather|none
|upkeep
|turn|14
|inactive|Zipmania has 30 seconds left this turn.
|
|t:|1760886570
|-end|p1a: Walking Wake|Protosynthesis|[silent]
|switch|p1a: Zamazenta|Zamazenta|100/100
|-ability|p1a: Zamazenta|Dauntless Shield|boost
|-boost|p1a: Zamazenta|def|1
|switch|p2a: Tornadus|Tornadus-Therian, M|39/100
|
|upkeep
|turn|15
|inactive|Zipmania has 30 seconds left.
|
|t:|1760886582
|move|p1a: Zamazenta|Stone Edge|p2a: Tornadus
|-supereffective|p2a: Tornadus
|-damage|p2a: Tornadus|0 fnt
|faint|p2a: Tornadus
|
|upkeep
|
|t:|1760886584
|switch|p2a: Ting-Lu|Ting-Lu|97/100
|-ability|p2a: Ting-Lu|Vessel of Ruin
|turn|16
|
|t:|1760886593
|move|p1a: Zamazenta|Close Combat|p2a: Ting-Lu
|-supereffective|p2a: Ting-Lu
|-damage|p2a: Ting-Lu|47/100
|-unboost|p1a: Zamazenta|def|1
|-unboost|p1a: Zamazenta|spd|1
|move|p2a: Ting-Lu|Whirlwind|p1a: Zamazenta
|drag|p1a: Ting-Lu|Ting-Lu|95/100
|-damage|p1a: Ting-Lu|83/100|[from] Spikes
|-ability|p1a: Ting-Lu|Vessel of Ruin
|
|upkeep
|turn|17
|
|t:|1760886612
|move|p1a: Ting-Lu|Stealth Rock|p2a: Ting-Lu
|-sidestart|p2: Happyisuwu|move: Stealth Rock
|move|p2a: Ting-Lu|Spikes|p1a: Ting-Lu
|-sidestart|p1: Zipmania|Spikes
|
|upkeep
|turn|18
|
|t:|1760886623
|move|p1a: Ting-Lu|Earthquake|p2a: Ting-Lu
|-damage|p2a: Ting-Lu|29/100
|move|p2a: Ting-Lu|Spikes|p1a: Ting-Lu
|-sidestart|p1: Zipmania|Spikes
|
|upkeep
|turn|19
|
|t:|1760886629
|move|p1a: Ting-Lu|Earthquake|p2a: Ting-Lu
|-damage|p2a: Ting-Lu|12/100
|move|p2a: Ting-Lu|Whirlwind|p1a: Ting-Lu
|drag|p1a: Zamazenta|Zamazenta|100/100
|
|upkeep
|turn|20
|
|t:|1760886646
|move|p1a: Zamazenta|Heavy Slam|p2a: Ting-Lu
|-damage|p2a: Ting-Lu|7/100
|move|p2a: Ting-Lu|Whirlwind|p1a: Zamazenta
|drag|p1a: Walking Wake|Walking Wake|46/100
|-damage|p1a: Walking Wake|21/100|[from] Spikes
|
|upkeep
|turn|21
|
|t:|1760886653
|move|p1a: Walking Wake|Scald|p2a: Ting-Lu
|-supereffective|p2a: Ting-Lu
|-damage|p2a: Ting-Lu|0 fnt
|faint|p2a: Ting-Lu
|
|upkeep
|
|t:|1760886658
|switch|p2a: Dragapult|Dragapult, M|100/100
|turn|22
|
|t:|1760886666
|move|p2a: Dragapult|Dragon Darts|p1a: Walking Wake
|-supereffective|p1a: Walking Wake
|-damage|p1a: Walking Wake|0 fnt
|faint|p1a: Walking Wake
|-end|p1a: Walking Wake|Protosynthesis|[silent]
|
|upkeep
|
|t:|1760886687
|switch|p1a: Ting-Lu|Ting-Lu|83/100
|-damage|p1a: Ting-Lu|58/100|[from] Spikes
|-ability|p1a: Ting-Lu|Vessel of Ruin
|turn|23
|
|t:|1760886692
|move|p2a: Dragapult|U-turn|p1a: Ting-Lu
|-supereffective|p1a: Ting-Lu
|-damage|p1a: Ting-Lu|33/100
|
|t:|1760886694
|switch|p2a: Kingambit|Kingambit, F|100/100|[from] U-turn
|-damage|p2a: Kingambit|94/100|[from] Stealth Rock
|-activate|p2a: Kingambit|ability: Supreme Overlord
|-start|p2a: Kingambit|fallen3|[silent]
|move|p1a: Ting-Lu|Ruination|p2a: Kingambit
|-damage|p2a: Kingambit|48/100
|
|-heal|p2a: Kingambit|54/100|[from] item: Leftovers
|upkeep
|turn|24
|
|t:|1760886713
|move|p2a: Kingambit|Iron Head|p1a: Ting-Lu
|-damage|p1a: Ting-Lu|5/100
|cant|p1a: Ting-Lu|flinch
|
|-heal|p2a: Kingambit|60/100|[from] item: Leftovers
|upkeep
|turn|25
|
|t:|1760886723
|move|p2a: Kingambit|Iron Head|p1a: Ting-Lu
|-damage|p1a: Ting-Lu|0 fnt
|faint|p1a: Ting-Lu
|
|-heal|p2a: Kingambit|66/100|[from] item: Leftovers
|upkeep
|
|t:|1760886731
|switch|p1a: Zamazenta|Zamazenta|100/100
|turn|26
|
|t:|1760886736
|move|p1a: Zamazenta|Close Combat|p2a: Kingambit
|-supereffective|p2a: Kingambit
|-damage|p2a: Kingambit|0 fnt
|-unboost|p1a: Zamazenta|def|1
|-unboost|p1a: Zamazenta|spd|1
|faint|p2a: Kingambit
|-end|p2a: Kingambit|fallen3|[silent]
|
|upkeep
|
|t:|1760886739
|switch|p2a: Dragapult|Dragapult, M|100/100
|turn|27
|inactive|Zipmania has 60 seconds left.
|
|t:|1760886757
|switch|p1a: Slowking|Slowking-Galar, M|48/100
|-damage|p1a: Slowking|23/100|[from] Spikes
|move|p2a: Dragapult|Dragon Dance|p2a: Dragapult
|-boost|p2a: Dragapult|atk|1
|-boost|p2a: Dragapult|spe|1
|
|upkeep
|turn|28
|inactive|Zipmania has 60 seconds left.
|
|t:|1760886773
|move|p2a: Dragapult|Dragon Darts|p1a: Slowking
|-damage|p1a: Slowking|0 fnt
|faint|p1a: Slowking
|
|upkeep
|
|t:|1760886778
|switch|p1a: Kingambit|Kingambit, M|100/100
|-damage|p1a: Kingambit|76/100|[from] Spikes
|-activate|p1a: Kingambit|ability: Supreme Overlord
|-start|p1a: Kingambit|fallen4|[silent]
|turn|29
|
|t:|1760886783
|-terastallize|p2a: Dragapult|Fire
|move|p1a: Kingambit|Sucker Punch|p2a: Dragapult
|-damage|p2a: Dragapult|5/100
|move|p2a: Dragapult|Tera Blast|p1a: Kingambit|[anim] Tera Blast Fire
|-supereffective|p1a: Kingambit
|-crit|p1a: Kingambit
|-damage|p1a: Kingambit|0 fnt
|faint|p1a: Kingambit
|-end|p1a: Kingambit|fallen4|[silent]
|
|upkeep
|inactive|Zipmania has 60 seconds left.
|
|t:|1760886792
|switch|p1a: Zamazenta|Zamazenta|100/100
|turn|30
|c|☆Happyisuwu|Is that banded
|inactive|Zipmania has 60 seconds left.
|
|t:|1760886807
|move|p2a: Dragapult|Dragon Darts|p1a: Zamazenta
|-damage|p1a: Zamazenta|67/100
|-anim|p2a: Dragapult|Dragon Darts|p1a: Zamazenta
|-damage|p1a: Zamazenta|32/100
|move|p1a: Zamazenta|Crunch|p2a: Dragapult
|-damage|p2a: Dragapult|0 fnt
|faint|p2a: Dragapult
|
|upkeep
|c|☆Happyisuwu|The kingambit
|
|t:|1760886810
|switch|p2a: Iron Valiant|Iron Valiant|100/100
|-damage|p2a: Iron Valiant|94/100|[from] Stealth Rock
|turn|31
|inactive|Zipmania has 60 seconds left.
|
|t:|1760886826
|-terastallize|p1a: Zamazenta|Steel
|move|p1a: Zamazenta|Heavy Slam|p2a: Iron Valiant
|-supereffective|p2a: Iron Valiant
|-damage|p2a: Iron Valiant|0 fnt
|faint|p2a: Iron Valiant
|-end|p2a: Iron Valiant|Quark Drive|[silent]
|
|win|Zipmania
|raw|Zipmania's rating: 1113 &rarr; <strong>1141</strong><br />(+28 for winning)
|raw|Happyisuwu's rating: 1152 &rarr; <strong>1124</strong><br />(-28 for losing)
|l|☆Happyisuwu
|player|p2|
