|j|☆Berryjuicejoy
|j|☆Dktl
|t:|1760772290
|gametype|singles
|player|p1|Berryjuicejoy|karen-gen2|1284
|player|p2|Dktl|juan|1345
|gen|9
|tier|[Gen 9] OU
|rated|
|rule|HP Percentage Mod: HP is shown in percentages
|rule|Endless Battle Clause: Forcing endless battles is banned
|rule|Species Clause: Limit one of each Pokémon
|rule|OHKO Clause: OHKO moves are banned
|rule|Evasion Items Clause: Evasion items are banned
|rule|Evasion Moves Clause: Evasion moves are banned
|rule|Evasion Abilities Clause: Evasion abilities are banned
|rule|Sleep Moves Clause: Sleep-inducing moves are banned
|clearpoke
|poke|p1|Slowking-Galar, F|
|poke|p1|Serperior, M|
|poke|p1|Enamorus-Therian, F|
|poke|p1|Bisharp, M|
|poke|p1|Volcanion|
|poke|p1|Zapdos|
|poke|p2|Sandy Shocks|
|poke|p2|Torkoal, M|
|poke|p2|Hatterene, F|
|poke|p2|Venusaur, M|
|poke|p2|Lilligant-Hisui, F|
|poke|p2|Walking Wake|
|teampreview
|
|t:|1760772332
|teamsize|p1|6
|teamsize|p2|6
|start
|switch|p1a: Slowking|Slowking-Galar, F|100/100
|switch|p2a: 河内恭介|Torkoal, M|100/100
|-weather|SunnyDay|[from] ability: Drought|[of] p2a: 河内恭介
|turn|1
|inactive|Battle timer is ON: inactive players will automatically lose when time's up. (requested by Berryjuicejoy)
|
|t:|1760772338
|move|p2a: 河内恭介|Stealth Rock|p1a: Slowking
|-sidestart|p1: Berryjuicejoy|move: Stealth Rock
|move|p1a: Slowking|Future Sight|p2a: 河内恭介
|-start|p1a: Slowking|move: Future Sight
|
|-weather|SunnyDay|[upkeep]
|upkeep
|turn|2
|
|t:|1760772357
|switch|p2a: Sandy Shocks|Sandy Shocks|100/100
|-activate|p2a: Sandy Shocks|ability: Protosynthesis
|-start|p2a: Sandy Shocks|protosynthesisspa
|-prepare|p1a: Slowking|Chilly Reception|[premajor]
|move|p1a: Slowking|Chilly Reception|p1a: Slowking
|-weather|Snowscape
|-end|p2a: Sandy Shocks|Protosynthesis
|
|t:|1760772363
|switch|p1a: Serperior|Serperior, M|100/100|[from] Chilly Reception
|-damage|p1a: Serperior|88/100|[from] Stealth Rock
|
|-weather|Snowscape|[upkeep]
|upkeep
|turn|3
|
|t:|1760772369
|move|p2a: Sandy Shocks|Volt Switch|p1a: Serperior
|-resisted|p1a: Serperior
|-damage|p1a: Serperior|72/100
|
|t:|1760772373
|-end|p2a: Sandy Shocks|Protosynthesis|[silent]
|switch|p2a: 河内恭介|Torkoal, M|100/100|[from] Volt Switch
|-weather|SunnyDay|[from] ability: Drought|[of] p2a: 河内恭介
|move|p1a: Serperior|Leaf Storm|p2a: 河内恭介|[miss]
|-miss|p1a: Serperior|p2a: 河内恭介
|
|-weather|SunnyDay|[upkeep]
|-end|p2a: 河内恭介|move: Future Sight
|-damage|p2a: 河内恭介|17/100
|upkeep
|turn|4
|
|t:|1760772388
|switch|p2a: Venusaur|Venusaur, M|100/100
|move|p1a: Serperior|Dragon Pulse|p2a: Venusaur
|-damage|p2a: Venusaur|79/100
|
|-weather|SunnyDay|[upkeep]
|upkeep
|turn|5
|
|t:|1760772397
|-terastallize|p1a: Serperior|Fire
|move|p2a: Venusaur|Growth|p2a: Venusaur
|-boost|p2a: Venusaur|atk|2
|-boost|p2a: Venusaur|spa|2
|move|p1a: Serperior|Tera Blast|p2a: Venusaur|[anim] Tera Blast Fire
|-supereffective|p2a: Venusaur
|-damage|p2a: Venusaur|0 fnt
|faint|p2a: Venusaur
|
|-weather|SunnyDay|[upkeep]
|upkeep
|
|t:|1760772402
|switch|p2a: 冠茂|Walking Wake|100/100
|-activate|p2a: 冠茂|ability: Protosynthesis
|-start|p2a: 冠茂|protosynthesisspe
|turn|6
|
|t:|1760772412
|switch|p1a: Volcanion|Volcanion|100/100
|move|p2a: 冠茂|Hydro Steam|p1a: Volcanion
|-immune|p1a: Volcanion|[from] ability: Water Absorb
|
|-weather|SunnyDay|[upkeep]
|upkeep
|turn|7
|
|t:|1760772419
|-end|p2a: 冠茂|Protosynthesis|[silent]
|switch|p2a: 诹访原戒|Lilligant-Hisui, F|100/100
|move|p1a: Volcanion|Body Press|p2a: 诹访原戒
|-damage|p2a: 诹访原戒|61/100
|
|-weather|SunnyDay|[upkeep]
|upkeep
|turn|8
|
|t:|1760772424
|move|p2a: 诹访原戒|Solar Blade||[still]
|-prepare|p2a: 诹访原戒|Solar Blade
|-anim|p2a: 诹访原戒|Solar Blade|p1a: Volcanion
|-damage|p1a: Volcanion|48/100
|-damage|p2a: 诹访原戒|51/100|[from] item: Life Orb
|move|p1a: Volcanion|Flamethrower|p2a: 诹访原戒
|-supereffective|p2a: 诹访原戒
|-damage|p2a: 诹访原戒|0 fnt
|faint|p2a: 诹访原戒
|
|-weather|SunnyDay|[upkeep]
|upkeep
|
|t:|1760772429
|switch|p2a: 冠茂|Walking Wake|100/100
|-activate|p2a: 冠茂|ability: Protosynthesis
|-start|p2a: 冠茂|protosynthesisspe
|turn|9
|
|t:|1760772434
|move|p2a: 冠茂|Dragon Pulse|p1a: Volcanion
|-damage|p1a: Volcanion|0 fnt
|faint|p1a: Volcanion
|
|-weather|SunnyDay|[upkeep]
|upkeep
|
|t:|1760772457
|switch|p1a: Enamorus|Enamorus-Therian, F|100/100
|-damage|p1a: Enamorus|76/100|[from] Stealth Rock
|turn|10
|
|t:|1760772469
|-end|p2a: 冠茂|Protosynthesis|[silent]
|switch|p2a: Sandy Shocks|Sandy Shocks|100/100
|-activate|p2a: Sandy Shocks|ability: Protosynthesis
|-start|p2a: Sandy Shocks|protosynthesisspa
|move|p1a: Enamorus|Moonblast|p2a: Sandy Shocks
|-damage|p2a: Sandy Shocks|27/100
|-unboost|p2a: Sandy Shocks|spa|1
|
|-weather|none
|-end|p2a: Sandy Shocks|Protosynthesis
|upkeep
|turn|11
|
|t:|1760772485
|switch|p1a: Zapdos|Zapdos|100/100
|move|p2a: Sandy Shocks|Power Gem|p1a: Zapdos
|-supereffective|p1a: Zapdos
|-damage|p1a: Zapdos|53/100
|
|upkeep
|turn|12
|
|t:|1760772494
|move|p2a: Sandy Shocks|Power Gem|p1a: Zapdos
|-supereffective|p1a: Zapdos
|-damage|p1a: Zapdos|4/100
|move|p1a: Zapdos|Hurricane|p2a: Sandy Shocks
|-resisted|p2a: Sandy Shocks
|-damage|p2a: Sandy Shocks|0 fnt
|faint|p2a: Sandy Shocks
|-end|p2a: Sandy Shocks|Protosynthesis|[silent]
|
|upkeep
|
|t:|1760772500
|switch|p2a: 河内恭介|Torkoal, M|17/100
|-weather|SunnyDay|[from] ability: Drought|[of] p2a: 河内恭介
|turn|13
|
|t:|1760772505
|switch|p2a: 梓川月乃|Hatterene, F|100/100
|move|p1a: Zapdos|Volt Switch|p2a: 梓川月乃
|-damage|p2a: 梓川月乃|67/100
|-enditem|p2a: 梓川月乃|Eject Button
|
|t:|1760772508
|switch|p2a: 冠茂|Walking Wake|100/100
|-activate|p2a: 冠茂|ability: Protosynthesis
|-start|p2a: 冠茂|protosynthesisspe
|
|-weather|SunnyDay|[upkeep]
|upkeep
|turn|14
|
|t:|1760772512
|-terastallize|p2a: 冠茂|Water
|move|p2a: 冠茂|Hydro Steam|p1a: Zapdos
|-damage|p1a: Zapdos|0 fnt
|faint|p1a: Zapdos
|
|-weather|SunnyDay|[upkeep]
|upkeep
|
|t:|1760772519
|switch|p1a: Enamorus|Enamorus-Therian, F|76/100
|-damage|p1a: Enamorus|51/100|[from] Stealth Rock
|turn|15
|
|t:|1760772523
|move|p2a: 冠茂|Hydro Steam|p1a: Enamorus
|-damage|p1a: Enamorus|0 fnt
|faint|p1a: Enamorus
|
|-weather|SunnyDay|[upkeep]
|upkeep
|
|t:|1760772526
|switch|p1a: Slowking|Slowking-Galar, F|100/100
|-damage|p1a: Slowking|88/100|[from] Stealth Rock
|turn|16
|
|t:|1760772535
|move|p2a: 冠茂|Hydro Steam|p1a: Slowking
|-damage|p1a: Slowking|0 fnt
|faint|p1a: Slowking
|
|-weather|SunnyDay|[upkeep]
|upkeep
|
|t:|1760772539
|switch|p1a: Bisharp|Bisharp, M|100/100
|-damage|p1a: Bisharp|95/100|[from] Stealth Rock
|turn|17
|
|t:|1760772548
|move|p1a: Bisharp|Sucker Punch|p2a: 冠茂
|-damage|p2a: 冠茂|61/100
|move|p2a: 冠茂|Hydro Steam|p1a: Bisharp
|-damage|p1a: Bisharp|0 fnt
|faint|p1a: Bisharp
|
|-weather|SunnyDay|[upkeep]
|upkeep
|
|t:|1760772552
|switch|p1a: Serperior|Serperior, M, tera:Fire|72/100
|-damage|p1a: Serperior|47/100|[from] Stealth Rock
|turn|18
|
|t:|1760772556
|move|p2a: 冠茂|Hydro Steam|p1a: Serperior
|-supereffective|p1a: Serperior
|-damage|p1a: Serperior|0 fnt
|faint|p1a: Serperior
|
|win|Dktl
|raw|Berryjuicejoy's rating: 1284 &rarr; <strong>1263</strong><br />(-21 for losing)
|raw|Dktl's rating: 1345 &rarr; <strong>1362</strong><br />(+17 for winning)
|l|☆Berryjuicejoy
|player|p1|
|l|☆Dktl
|player|p2|
