|j|☆TotoLeCuisto
|j|☆Blaziken666
|t:|1760780353
|gametype|singles
|player|p1|TotoLeCuisto|steven|1470
|player|p2|Blaziken666|101|1357
|gen|9
|tier|[Gen 9] OU
|rated|
|rule|HP Percentage Mod: HP is shown in percentages
|rule|Endless Battle Clause: Forcing endless battles is banned
|rule|Species Clause: Limit one of each Pokémon
|rule|OHKO Clause: OHKO moves are banned
|rule|Evasion Items Clause: Evasion items are banned
|rule|Evasion Moves Clause: Evasion moves are banned
|rule|Evasion Abilities Clause: Evasion abilities are banned
|rule|Sleep Moves Clause: Sleep-inducing moves are banned
|clearpoke
|poke|p1|Pelipper, M|
|poke|p1|Basculegion-F, F|
|poke|p1|Samurott-Hisui, M|
|poke|p1|Keldeo-Resolute|
|poke|p1|Swampert, F|
|poke|p1|Toxapex, F|
|poke|p2|Landorus-Therian, M|
|poke|p2|Raging Bolt|
|poke|p2|Samurott-Hisui, F|
|poke|p2|Scizor, F|
|poke|p2|Kleavor, M|
|poke|p2|Latios, M|
|teampreview
|inactive|Battle timer is ON: inactive players will automatically lose when time's up. (requested by TotoLeCuisto)
|
|t:|1760780362
|teamsize|p1|6
|teamsize|p2|6
|start
|switch|p1a: LaMouilleDeCécé|Pelipper, M|100/100
|switch|p2a: Kleavor|Kleavor, M|100/100
|-weather|RainDance|[from] ability: Drizzle|[of] p1a: LaMouilleDeCécé
|turn|1
|
|t:|1760780377
|move|p2a: Kleavor|Stone Axe|p1a: LaMouilleDeCécé
|-supereffective|p1a: LaMouilleDeCécé
|-damage|p1a: LaMouilleDeCécé|24/100
|-sidestart|p1: TotoLeCuisto|move: Stealth Rock
|move|p1a: LaMouilleDeCécé|U-turn|p2a: Kleavor
|-damage|p2a: Kleavor|91/100
|
|t:|1760780392
|switch|p1a: Suppositoire|Basculegion-F, F|100/100|[from] U-turn
|-damage|p1a: Suppositoire|88/100|[from] Stealth Rock
|
|-weather|RainDance|[upkeep]
|upkeep
|turn|2
|
|t:|1760780403
|move|p1a: Suppositoire|Hydro Pump|p2a: Kleavor
|-supereffective|p2a: Kleavor
|-damage|p2a: Kleavor|0 fnt
|faint|p2a: Kleavor
|
|-weather|RainDance|[upkeep]
|upkeep
|
|t:|1760780416
|switch|p2a: Samurott|Samurott-Hisui, F|100/100
|turn|3
|
|t:|1760780419
|move|p1a: Suppositoire|Hydro Pump|p2a: Samurott
|-resisted|p2a: Samurott
|-damage|p2a: Samurott|19/100
|move|p2a: Samurott|Razor Shell|p1a: Suppositoire
|-resisted|p1a: Suppositoire
|-damage|p1a: Suppositoire|19/100
|
|-weather|RainDance|[upkeep]
|upkeep
|turn|4
|
|t:|1760780426
|switch|p2a: Latios|Latios, M|100/100
|move|p1a: Suppositoire|Hydro Pump|p2a: Latios
|-resisted|p2a: Latios
|-damage|p2a: Latios|38/100
|
|-weather|RainDance|[upkeep]
|upkeep
|turn|5
|
|t:|1760780433
|move|p1a: Suppositoire|Hydro Pump|p2a: Latios|[miss]
|-miss|p1a: Suppositoire|p2a: Latios
|move|p2a: Latios|Aura Sphere|p1a: Suppositoire
|-immune|p1a: Suppositoire
|
|-weather|RainDance|[upkeep]
|upkeep
|turn|6
|
|t:|1760780440
|move|p1a: Suppositoire|Hydro Pump|p2a: Latios
|-resisted|p2a: Latios
|-damage|p2a: Latios|0 fnt
|faint|p2a: Latios
|
|-weather|RainDance|[upkeep]
|upkeep
|
|t:|1760780442
|switch|p2a: Scizor|Scizor, F|100/100
|turn|7
|
|t:|1760780446
|move|p1a: Suppositoire|Hydro Pump|p2a: Scizor
|-damage|p2a: Scizor|0 fnt
|faint|p2a: Scizor
|
|-weather|RainDance|[upkeep]
|upkeep
|
|t:|1760780449
|switch|p2a: Raging Bolt|Raging Bolt|100/100
|turn|8
|
|t:|1760780454
|switch|p1a: Démenageur Bulgare|Swampert, F|100/100
|move|p2a: Raging Bolt|Volt Switch|p1a: Démenageur Bulgare
|-immune|p1a: Démenageur Bulgare
|
|-weather|none
|upkeep
|turn|9
|
|t:|1760780458
|-end|p2a: Raging Bolt|Protosynthesis|[silent]
|switch|p2a: Samurott|Samurott-Hisui, F|19/100
|move|p1a: Démenageur Bulgare|Stealth Rock|p2a: Samurott
|-sidestart|p2: Blaziken666|move: Stealth Rock
|
|upkeep
|turn|10
|
|t:|1760780470
|move|p2a: Samurott|Ceaseless Edge|p1a: Démenageur Bulgare
|-damage|p1a: Démenageur Bulgare|37/100
|-sidestart|p1: TotoLeCuisto|Spikes
|move|p1a: Démenageur Bulgare|Earthquake|p2a: Samurott
|-damage|p2a: Samurott|0 fnt
|faint|p2a: Samurott
|
|upkeep
|
|t:|1760780480
|switch|p2a: Landorus|Landorus-Therian, M|100/100
|-damage|p2a: Landorus|88/100|[from] Stealth Rock
|-ability|p2a: Landorus|Intimidate|boost
|-unboost|p1a: Démenageur Bulgare|atk|1
|turn|11
|
|t:|1760780490
|-terastallize|p2a: Landorus|Flying
|move|p2a: Landorus|Tera Blast|p1a: Démenageur Bulgare|[anim] Tera Blast Flying
|-damage|p1a: Démenageur Bulgare|0 fnt
|faint|p1a: Démenageur Bulgare
|
|upkeep
|
|t:|1760780496
|switch|p1a: LaMouilleDeCécé|Pelipper, M|24/100
|-damage|p1a: LaMouilleDeCécé|0 fnt|[from] Stealth Rock
|faint|p1a: LaMouilleDeCécé
|
|t:|1760780502
|switch|p1a: Gode Tranchant|Samurott-Hisui, M, shiny|100/100
|-damage|p1a: Gode Tranchant|88/100|[from] Stealth Rock
|-damage|p1a: Gode Tranchant|76/100|[from] Spikes
|turn|12
|
|t:|1760780510
|move|p2a: Landorus|Tera Blast|p1a: Gode Tranchant|[anim] Tera Blast Flying
|-damage|p1a: Gode Tranchant|0 fnt
|faint|p1a: Gode Tranchant
|
|upkeep
|
|t:|1760780514
|switch|p1a: Plug Piquant|Toxapex, F|100/100
|-damage|p1a: Plug Piquant|88/100|[from] Stealth Rock
|-damage|p1a: Plug Piquant|76/100|[from] Spikes
|turn|13
|
|t:|1760780520
|switch|p2a: Raging Bolt|Raging Bolt|100/100
|-damage|p2a: Raging Bolt|88/100|[from] Stealth Rock
|move|p1a: Plug Piquant|Toxic|p2a: Raging Bolt
|-status|p2a: Raging Bolt|tox
|
|-damage|p2a: Raging Bolt|82/100 tox|[from] psn
|upkeep
|turn|14
|
|t:|1760780525
|move|p2a: Raging Bolt|Thunderbolt|p1a: Plug Piquant
|-supereffective|p1a: Plug Piquant
|-damage|p1a: Plug Piquant|0 fnt
|faint|p1a: Plug Piquant
|
|-damage|p2a: Raging Bolt|70/100 tox|[from] psn
|upkeep
|
|t:|1760780530
|switch|p1a: Suppositoire|Basculegion-F, F|19/100
|-damage|p1a: Suppositoire|7/100|[from] Stealth Rock
|-damage|p1a: Suppositoire|0 fnt|[from] Spikes
|faint|p1a: Suppositoire
|
|t:|1760780532
|switch|p1a: MyLittlePoneyDick|Keldeo-Resolute|100/100
|turn|15
|
|t:|1760780538
|-terastallize|p1a: MyLittlePoneyDick|Water
|move|p1a: MyLittlePoneyDick|Surf|p2a: Raging Bolt
|-resisted|p2a: Raging Bolt
|-damage|p2a: Raging Bolt|41/100 tox
|move|p2a: Raging Bolt|Thunderbolt|p1a: MyLittlePoneyDick
|-supereffective|p1a: MyLittlePoneyDick
|-damage|p1a: MyLittlePoneyDick|0 fnt
|faint|p1a: MyLittlePoneyDick
|
|win|Blaziken666
|raw|TotoLeCuisto's rating: 1470 &rarr; <strong>1444</strong><br />(-26 for losing)
|raw|Blaziken666's rating: 1357 &rarr; <strong>1383</strong><br />(+26 for winning)
|l|☆TotoLeCuisto
|player|p1|
|l|☆Blaziken666
|player|p2|
