|j|☆mimi666kyu
|j|☆zjy20140321
|t:|1760843925
|gametype|singles
|player|p1|mimi666kyu|pokekid|1000
|player|p2|zjy20140321|steven|1050
|gen|9
|tier|[Gen 9] OU
|rated|
|rule|HP Percentage Mod: HP is shown in percentages
|rule|Endless Battle Clause: Forcing endless battles is banned
|rule|Species Clause: Limit one of each Pokémon
|rule|OHKO Clause: OHKO moves are banned
|rule|Evasion Items Clause: Evasion items are banned
|rule|Evasion Moves Clause: Evasion moves are banned
|rule|Evasion Abilities Clause: Evasion abilities are banned
|rule|Sleep Moves Clause: Sleep-inducing moves are banned
|clearpoke
|poke|p1|Mudsdale, M|
|poke|p1|Torkoal, M|
|poke|p1|Delphox, F|
|poke|p1|Dedenne, F|
|poke|p1|Pelipper, M|
|poke|p1|Corviknight, M|
|poke|p2|Dragonite, F|
|poke|p2|Hatterene, F|
|poke|p2|Great Tusk|
|poke|p2|Ceruledge, M|
|poke|p2|Ting-Lu|
|poke|p2|Kyurem|
|teampreview
|inactive|Battle timer is ON: inactive players will automatically lose when time's up. (requested by mimi666kyu)
|
|t:|1760843941
|teamsize|p1|6
|teamsize|p2|6
|start
|switch|p1a: Pelipper|Pelipper, M, shiny|100/100
|switch|p2a: Dragonite|Dragonite, F|100/100
|-weather|RainDance|[from] ability: Drizzle|[of] p1a: Pelipper
|turn|1
|
|t:|1760843949
|move|p2a: Dragonite|Dragon Dance|p2a: Dragonite
|-boost|p2a: Dragonite|atk|1
|-boost|p2a: Dragonite|spe|1
|move|p1a: Pelipper|U-turn|p2a: Dragonite
|-resisted|p2a: Dragonite
|-damage|p2a: Dragonite|98/100
|
|t:|1760843954
|switch|p1a: Corviknight|Corviknight, M, shiny|100/100|[from] U-turn
|
|-weather|RainDance|[upkeep]
|-heal|p2a: Dragonite|100/100|[from] item: Leftovers
|upkeep
|turn|2
|
|t:|1760843974
|move|p2a: Dragonite|Tera Blast|p1a: Corviknight
|-resisted|p1a: Corviknight
|-damage|p1a: Corviknight|92/100
|move|p1a: Corviknight|Nasty Plot|p1a: Corviknight
|-boost|p1a: Corviknight|spa|2
|
|-weather|RainDance|[upkeep]
|upkeep
|turn|3
|
|t:|1760843996
|switch|p2a: Hatterene|Hatterene, F|100/100
|move|p1a: Corviknight|Nasty Plot|p1a: Corviknight
|-boost|p1a: Corviknight|spa|2
|
|-weather|RainDance|[upkeep]
|upkeep
|turn|4
|inactive|zjy20140321 has 120 seconds left.
|
|t:|1760844016
|move|p1a: Corviknight|Nasty Plot|p1a: Corviknight
|-boost|p1a: Corviknight|spa|2
|move|p2a: Hatterene|Nuzzle|p1a: Corviknight
|-supereffective|p1a: Corviknight
|-damage|p1a: Corviknight|85/100
|-status|p1a: Corviknight|par
|
|-weather|RainDance|[upkeep]
|upkeep
|turn|5
|
|t:|1760844024
|switch|p2a: Ting-Lu|Ting-Lu|100/100
|-ability|p2a: Ting-Lu|Vessel of Ruin
|move|p1a: Corviknight|Flash Cannon|p2a: Ting-Lu
|-damage|p2a: Ting-Lu|52/100
|
|-weather|RainDance|[upkeep]
|-heal|p2a: Ting-Lu|58/100|[from] item: Leftovers
|upkeep
|turn|6
|
|t:|1760844035
|move|p1a: Corviknight|Hurricane|p2a: Ting-Lu
|-damage|p2a: Ting-Lu|0 fnt
|faint|p2a: Ting-Lu
|
|-weather|RainDance|[upkeep]
|upkeep
|
|t:|1760844042
|switch|p2a: Ceruledge|Ceruledge, M|100/100
|turn|7
|
|t:|1760844047
|-terastallize|p1a: Corviknight|Water
|move|p2a: Ceruledge|Bitter Blade|p1a: Corviknight
|-resisted|p1a: Corviknight
|-crit|p1a: Corviknight
|-damage|p1a: Corviknight|70/100 par
|cant|p1a: Corviknight|par
|
|-weather|RainDance|[upkeep]
|upkeep
|turn|8
|
|t:|1760844060
|move|p2a: Ceruledge|Swords Dance|p2a: Ceruledge
|-boost|p2a: Ceruledge|atk|2
|move|p1a: Corviknight|Tera Blast|p2a: Ceruledge|[anim] Tera Blast Water
|-supereffective|p2a: Ceruledge
|-enditem|p2a: Ceruledge|Focus Sash
|-damage|p2a: Ceruledge|1/100
|
|-weather|none
|upkeep
|turn|9
|
|t:|1760844076
|move|p2a: Ceruledge|Close Combat|p1a: Corviknight
|-damage|p1a: Corviknight|1/100 par
|-unboost|p2a: Ceruledge|def|1
|-unboost|p2a: Ceruledge|spd|1
|-enditem|p1a: Corviknight|Salac Berry|[eat]
|-boost|p1a: Corviknight|spe|1|[from] item: Salac Berry
|move|p1a: Corviknight|Flash Cannon|p2a: Ceruledge
|-resisted|p2a: Ceruledge
|-damage|p2a: Ceruledge|0 fnt
|faint|p2a: Ceruledge
|
|upkeep
|inactive|zjy20140321 has 120 seconds left.
|
|t:|1760844108
|switch|p2a: Kyurem|Kyurem|100/100
|-ability|p2a: Kyurem|Pressure
|turn|10
|
|t:|1760844119
|move|p2a: Kyurem|Freeze-Dry|p1a: Corviknight
|-supereffective|p1a: Corviknight
|-damage|p1a: Corviknight|0 fnt
|faint|p1a: Corviknight
|
|upkeep
|
|t:|1760844124
|switch|p1a: Torkoal|Torkoal, M, shiny|100/100
|-weather|SunnyDay|[from] ability: Drought|[of] p1a: Torkoal
|turn|11
|
|t:|1760844136
|switch|p2a: Great Tusk|Great Tusk|100/100
|-activate|p2a: Great Tusk|ability: Protosynthesis
|-start|p2a: Great Tusk|protosynthesisdef
|move|p1a: Torkoal|Shell Smash|p1a: Torkoal
|-unboost|p1a: Torkoal|def|1
|-unboost|p1a: Torkoal|spd|1
|-boost|p1a: Torkoal|atk|2
|-boost|p1a: Torkoal|spa|2
|-boost|p1a: Torkoal|spe|2
|-enditem|p1a: Torkoal|Eject Pack
|
|t:|1760844145
|switch|p1a: Delphox|Delphox, F, shiny|100/100
|
|-weather|SunnyDay|[upkeep]
|upkeep
|turn|12
|inactive|zjy20140321 has 120 seconds left.
|
|t:|1760844161
|move|p1a: Delphox|Copycat|p1a: Delphox
|move|p1a: Delphox|Shell Smash|p1a: Delphox|[from] move: Copycat
|-unboost|p1a: Delphox|def|1
|-unboost|p1a: Delphox|spd|1
|-boost|p1a: Delphox|atk|2
|-boost|p1a: Delphox|spa|2
|-boost|p1a: Delphox|spe|2
|-enditem|p1a: Delphox|White Herb
|-clearnegativeboost|p1a: Delphox|[silent]
|move|p2a: Great Tusk|Knock Off|p1a: Delphox
|-supereffective|p1a: Delphox
|-damage|p1a: Delphox|44/100
|
|-weather|SunnyDay|[upkeep]
|upkeep
|turn|13
|inactive|zjy20140321 has 120 seconds left.
|
|t:|1760844174
|move|p1a: Delphox|Dazzling Gleam|p2a: Great Tusk
|-supereffective|p2a: Great Tusk
|-damage|p2a: Great Tusk|0 fnt
|faint|p2a: Great Tusk
|-end|p2a: Great Tusk|Protosynthesis|[silent]
|-item|p1a: Delphox|Leftovers|[from] ability: Magician|[of] p2: Great Tusk
|
|-weather|SunnyDay|[upkeep]
|-heal|p1a: Delphox|50/100|[from] item: Leftovers
|upkeep
|
|t:|1760844190
|switch|p2a: Kyurem|Kyurem|100/100
|-ability|p2a: Kyurem|Pressure
|turn|14
|
|t:|1760844199
|move|p1a: Delphox|Dazzling Gleam|p2a: Kyurem
|-supereffective|p2a: Kyurem
|-damage|p2a: Kyurem|1/100
|move|p2a: Kyurem|Earth Power|p1a: Delphox
|-supereffective|p1a: Delphox
|-damage|p1a: Delphox|0 fnt
|faint|p1a: Delphox
|
|-weather|SunnyDay|[upkeep]
|upkeep
|
|t:|1760844207
|switch|p1a: Mudsdale|Mudsdale, M, shiny|100/100
|turn|15
|
|t:|1760844211
|move|p2a: Kyurem|Earth Power|p1a: Mudsdale
|-crit|p1a: Mudsdale
|-damage|p1a: Mudsdale|29/100
|-ability|p1a: Mudsdale|Stamina|boost
|-boost|p1a: Mudsdale|def|1
|move|p1a: Mudsdale|Stealth Rock|p2a: Kyurem
|-sidestart|p2: zjy20140321|move: Stealth Rock
|
|-weather|none
|upkeep
|turn|16
|
|t:|1760844219
|move|p2a: Kyurem|Earth Power|p1a: Mudsdale
|-damage|p1a: Mudsdale|0 fnt
|faint|p1a: Mudsdale
|
|upkeep
|
|t:|1760844224
|switch|p1a: Pelipper|Pelipper, M, shiny|100/100
|-weather|RainDance|[from] ability: Drizzle|[of] p1a: Pelipper
|turn|17
|
|t:|1760844234
|switch|p2a: Dragonite|Dragonite, F|100/100
|-damage|p2a: Dragonite|76/100|[from] Stealth Rock
|move|p1a: Pelipper|U-turn|p2a: Dragonite
|-resisted|p2a: Dragonite
|-damage|p2a: Dragonite|71/100
|
|t:|1760844240
|switch|p1a: Dedenne|Dedenne, F, shiny|100/100|[from] U-turn
|
|-weather|RainDance|[upkeep]
|-heal|p2a: Dragonite|77/100|[from] item: Leftovers
|upkeep
|turn|18
|
|t:|1760844256
|move|p1a: Dedenne|Charge Beam|p2a: Dragonite
|-damage|p2a: Dragonite|59/100
|-boost|p1a: Dedenne|spa|1
|move|p2a: Dragonite|Earthquake|p1a: Dedenne
|-supereffective|p1a: Dedenne
|-damage|p1a: Dedenne|0 fnt
|faint|p1a: Dedenne
|
|-weather|RainDance|[upkeep]
|-heal|p2a: Dragonite|65/100|[from] item: Leftovers
|upkeep
|-message|mimi666kyu forfeited.
|
|win|zjy20140321
|raw|mimi666kyu's rating: 1000 &rarr; <strong>1000</strong><br />(+0 for losing)
|raw|zjy20140321's rating: 1050 &rarr; <strong>1078</strong><br />(+28 for winning)
|l|☆mimi666kyu
|player|p1|
