|j|☆Cocobreezy
|j|☆reudige Gurke
|t:|1760825385
|gametype|singles
|player|p1|Cocobreezy|yellow|1410
|player|p2|reudige Gurke|265|1388
|gen|9
|tier|[Gen 9] OU
|rated|
|rule|HP Percentage Mod: HP is shown in percentages
|rule|Endless Battle Clause: Forcing endless battles is banned
|rule|Species Clause: Limit one of each Pokémon
|rule|OHKO Clause: OHKO moves are banned
|rule|Evasion Items Clause: Evasion items are banned
|rule|Evasion Moves Clause: Evasion moves are banned
|rule|Evasion Abilities Clause: Evasion abilities are banned
|rule|Sleep Moves Clause: Sleep-inducing moves are banned
|clearpoke
|poke|p1|Kingdra, M|
|poke|p1|Pelipper, M|
|poke|p1|Keldeo-Resolute|
|poke|p1|Greninja-*, M|
|poke|p1|Raging Bolt|
|poke|p1|Meowscarada, M|
|poke|p2|Mew|
|poke|p2|Alomomola, F|
|poke|p2|Cinderace, M|
|poke|p2|Primarina, M|
|poke|p2|Persian-Alola, M|
|poke|p2|Kyurem|
|teampreview
|inactive|Battle timer is ON: inactive players will automatically lose when time's up. (requested by Cocobreezy)
|inactive|Cocobreezy has 120 seconds left.
|
|t:|1760825418
|teamsize|p1|6
|teamsize|p2|6
|start
|switch|p1a: Meowscarada|Meowscarada, M|100/100
|switch|p2a: Persian|Persian-Alola, M|100/100
|turn|1
|
|t:|1760825426
|move|p1a: Meowscarada|U-turn|p2a: Persian
|-start|p1a: Meowscarada|typechange|Bug|[from] ability: Protean
|-supereffective|p2a: Persian
|-damage|p2a: Persian|48/100
|
|t:|1760825440
|switch|p1a: Pelipper|Pelipper, M|100/100|[from] U-turn
|-weather|RainDance|[from] ability: Drizzle|[of] p1a: Pelipper
|move|p2a: Persian|Thunder Wave|p1a: Pelipper
|-status|p1a: Pelipper|par
|
|-weather|RainDance|[upkeep]
|upkeep
|turn|2
|
|t:|1760825448
|switch|p2a: Alomomola|Alomomola, F|100/100
|cant|p1a: Pelipper|par
|
|-weather|RainDance|[upkeep]
|upkeep
|turn|3
|
|t:|1760825453
|move|p2a: Alomomola|Wish|p2a: Alomomola
|cant|p1a: Pelipper|par
|
|-weather|RainDance|[upkeep]
|upkeep
|turn|4
|
|t:|1760825458
|move|p2a: Alomomola|Flip Turn|p1a: Pelipper
|-resisted|p1a: Pelipper
|-damage|p1a: Pelipper|88/100 par
|
|t:|1760825459
|switch|p2a: Persian|Persian-Alola, M|48/100|[from] Flip Turn
|move|p1a: Pelipper|U-turn|p2a: Persian
|-supereffective|p2a: Persian
|-damage|p2a: Persian|33/100
|
|t:|1760825466
|switch|p1a: Meowscarada|Meowscarada, M|100/100|[from] U-turn
|
|-weather|RainDance|[upkeep]
|-heal|p2a: Persian|100/100|[from] move: Wish|[wisher] Alomomola
|upkeep
|turn|5
|
|t:|1760825476
|move|p1a: Meowscarada|U-turn|p2a: Persian
|-start|p1a: Meowscarada|typechange|Bug|[from] ability: Protean
|-supereffective|p2a: Persian
|-damage|p2a: Persian|54/100
|
|t:|1760825481
|switch|p1a: Pelipper|Pelipper, M|88/100 par|[from] U-turn
|move|p2a: Persian|Parting Shot|p1a: Pelipper
|-unboost|p1a: Pelipper|atk|1
|-unboost|p1a: Pelipper|spa|1
|
|t:|1760825486
|switch|p2a: Mew|Mew|100/100|[from] Parting Shot
|
|-weather|RainDance|[upkeep]
|upkeep
|turn|6
|
|t:|1760825491
|move|p2a: Mew|Agility|p2a: Mew
|-boost|p2a: Mew|spe|2
|cant|p1a: Pelipper|par
|
|-weather|RainDance|[upkeep]
|upkeep
|turn|7
|
|t:|1760825496
|move|p2a: Mew|Calm Mind|p2a: Mew
|-boost|p2a: Mew|spa|1
|-boost|p2a: Mew|spd|1
|cant|p1a: Pelipper|par
|
|-weather|RainDance|[upkeep]
|upkeep
|turn|8
|c|☆Cocobreezy|You're very lucky
|
|t:|1760825507
|move|p2a: Mew|Calm Mind|p2a: Mew
|-boost|p2a: Mew|spa|1
|-boost|p2a: Mew|spd|1
|move|p1a: Pelipper|U-turn|p2a: Mew
|-supereffective|p2a: Mew
|-damage|p2a: Mew|92/100
|-enditem|p2a: Mew|Weakness Policy
|-boost|p2a: Mew|atk|2|[from] item: Weakness Policy
|-boost|p2a: Mew|spa|2|[from] item: Weakness Policy
|
|t:|1760825513
|switch|p1a: Meowscarada|Meowscarada, M|100/100|[from] U-turn
|
|-weather|none
|upkeep
|turn|9
|
|t:|1760825518
|-terastallize|p2a: Mew|Fairy
|move|p1a: Meowscarada|Knock Off|p2a: Mew
|-start|p1a: Meowscarada|typechange|Dark|[from] ability: Protean
|-resisted|p2a: Mew
|-damage|p2a: Mew|83/100
|move|p2a: Mew|Draining Kiss|p1a: Meowscarada
|-supereffective|p1a: Meowscarada
|-damage|p1a: Meowscarada|0 fnt
|-heal|p2a: Mew|100/100|[from] drain|[of] p1a: Meowscarada
|faint|p1a: Meowscarada
|
|upkeep
|
|t:|1760825529
|switch|p1a: Pelipper|Pelipper, M|88/100 par
|-weather|RainDance|[from] ability: Drizzle|[of] p1a: Pelipper
|turn|10
|c|☆reudige Gurke|never let mew start mewing
|
|t:|1760825544
|move|p2a: Mew|Stored Power|p1a: Pelipper
|-crit|p1a: Pelipper
|-damage|p1a: Pelipper|0 fnt
|faint|p1a: Pelipper
|
|-weather|RainDance|[upkeep]
|upkeep
|
|t:|1760825548
|switch|p1a: Kingdra|Kingdra, M|100/100
|turn|11
|
|t:|1760825554
|-terastallize|p1a: Kingdra|Steel
|move|p1a: Kingdra|Flash Cannon|p2a: Mew
|-supereffective|p2a: Mew
|-damage|p2a: Mew|54/100
|move|p2a: Mew|Stored Power|p1a: Kingdra
|-resisted|p1a: Kingdra
|-damage|p1a: Kingdra|0 fnt
|faint|p1a: Kingdra
|
|-weather|RainDance|[upkeep]
|upkeep
|
|t:|1760825566
|switch|p1a: Greninja|Greninja, M|100/100
|turn|12
|c|☆reudige Gurke|now he got jawline from hell
|
|t:|1760825570
|move|p1a: Greninja|Water Shuriken|p2a: Mew
|-damage|p2a: Mew|49/100
|-damage|p2a: Mew|45/100
|-damage|p2a: Mew|40/100
|-damage|p2a: Mew|35/100
|-hitcount|p2a: Mew|4
|move|p2a: Mew|Draining Kiss|p1a: Greninja
|-supereffective|p1a: Greninja
|-damage|p1a: Greninja|0 fnt
|-heal|p2a: Mew|88/100|[from] drain|[of] p1a: Greninja
|faint|p1a: Greninja
|
|-weather|RainDance|[upkeep]
|upkeep
|-message|Cocobreezy forfeited.
|
|win|reudige Gurke
|raw|Cocobreezy's rating: 1410 &rarr; <strong>1389</strong><br />(-21 for losing)
|raw|reudige Gurke's rating: 1388 &rarr; <strong>1409</strong><br />(+21 for winning)
|l|☆Cocobreezy
|player|p1|
|l|☆reudige Gurke
|player|p2|
