|j|☆JhojanSt
|j|☆poorwubo
|t:|1760883930
|gametype|singles
|player|p1|JhojanSt|hugh|1212
|player|p2|poorwubo|psychic-gen4|1207
|gen|9
|tier|[Gen 9] OU
|rated|
|rule|HP Percentage Mod: HP is shown in percentages
|rule|Endless Battle Clause: Forcing endless battles is banned
|rule|Species Clause: Limit one of each Pokémon
|rule|OHKO Clause: OHKO moves are banned
|rule|Evasion Items Clause: Evasion items are banned
|rule|Evasion Moves Clause: Evasion moves are banned
|rule|Evasion Abilities Clause: Evasion abilities are banned
|rule|Sleep Moves Clause: Sleep-inducing moves are banned
|clearpoke
|poke|p1|Dragonite, F|
|poke|p1|Gengar, M|
|poke|p1|Incineroar, M|
|poke|p1|Greninja-*, M|
|poke|p1|Donphan, F|
|poke|p1|Lapras, F|
|poke|p2|Dragonite, F|
|poke|p2|Ursaluna, M|
|poke|p2|Kingambit, M|
|poke|p2|Slowking-Galar, M|
|poke|p2|Hatterene, F|
|poke|p2|Mimikyu, M|
|teampreview
|
|t:|1760883937
|teamsize|p1|6
|teamsize|p2|6
|start
|switch|p1a: Incineroar|Incineroar, M|100/100
|switch|p2a: Mimikyu|Mimikyu, M|100/100
|-ability|p1a: Incineroar|Intimidate|boost
|-unboost|p2a: Mimikyu|atk|1
|turn|1
|inactive|Battle timer is ON: inactive players will automatically lose when time's up. (requested by poorwubo)
|
|t:|1760883945
|move|p1a: Incineroar|Knock Off|p2a: Mimikyu
|-activate|p2a: Mimikyu|ability: Disguise
|-damage|p2a: Mimikyu|100/100
|-enditem|p2a: Mimikyu|Life Orb|[from] move: Knock Off|[of] p1a: Incineroar
|detailschange|p2a: Mimikyu|Mimikyu-Busted, M
|-damage|p2a: Mimikyu|88/100|[from] pokemon: Mimikyu-Busted
|move|p2a: Mimikyu|Trick Room|p2a: Mimikyu
|-fieldstart|move: Trick Room|[of] p2a: Mimikyu
|
|upkeep
|turn|2
|
|t:|1760883957
|move|p1a: Incineroar|U-turn|p2a: Mimikyu
|-resisted|p2a: Mimikyu
|-damage|p2a: Mimikyu|80/100
|
|t:|1760883960
|switch|p1a: Donphan|Donphan, F|100/100|[from] U-turn
|move|p2a: Mimikyu|Curse|p1a: Donphan
|-start|p1a: Donphan|Curse|[of] p2a: Mimikyu
|-damage|p2a: Mimikyu|30/100
|
|-damage|p1a: Donphan|75/100|[from] Curse
|upkeep
|turn|3
|
|t:|1760883972
|move|p1a: Donphan|Knock Off|p2a: Mimikyu
|-damage|p2a: Mimikyu|8/100
|move|p2a: Mimikyu|Curse||[still]
|-fail|p2a: Mimikyu
|
|-heal|p1a: Donphan|82/100|[from] item: Leftovers
|-damage|p1a: Donphan|57/100|[from] Curse
|upkeep
|turn|4
|
|t:|1760883981
|move|p1a: Donphan|Knock Off|p2a: Mimikyu
|-damage|p2a: Mimikyu|0 fnt
|faint|p2a: Mimikyu
|
|-heal|p1a: Donphan|63/100|[from] item: Leftovers
|-damage|p1a: Donphan|38/100|[from] Curse
|upkeep
|
|t:|1760883987
|switch|p2a: Ursaluna|Ursaluna, M|100/100
|turn|5
|
|t:|1760883998
|move|p2a: Ursaluna|Facade|p1a: Donphan
|-damage|p1a: Donphan|14/100
|move|p1a: Donphan|Knock Off|p2a: Ursaluna
|-damage|p2a: Ursaluna|81/100
|-enditem|p2a: Ursaluna|Flame Orb|[from] move: Knock Off|[of] p1a: Donphan
|
|-heal|p1a: Donphan|20/100|[from] item: Leftovers
|-damage|p1a: Donphan|0 fnt|[from] Curse
|faint|p1a: Donphan
|-fieldend|move: Trick Room
|upkeep
|
|t:|1760884010
|switch|p1a: Greninja|Greninja, M|100/100
|turn|6
|
|t:|1760884018
|move|p1a: Greninja|Surf|p2a: Ursaluna
|-start|p1a: Greninja|typechange|Water|[from] ability: Protean
|-supereffective|p2a: Ursaluna
|-damage|p2a: Ursaluna|15/100
|move|p2a: Ursaluna|Drain Punch|p1a: Greninja
|-damage|p1a: Greninja|48/100
|-heal|p2a: Ursaluna|31/100|[from] drain|[of] p1a: Greninja
|
|upkeep
|turn|7
|
|t:|1760884026
|move|p1a: Greninja|Surf|p2a: Ursaluna
|-supereffective|p2a: Ursaluna
|-damage|p2a: Ursaluna|0 fnt
|faint|p2a: Ursaluna
|
|upkeep
|
|t:|1760884028
|switch|p2a: Slowking|Slowking-Galar, M|100/100
|turn|8
|
|t:|1760884033
|switch|p1a: Lapras|Lapras, F|100/100
|move|p2a: Slowking|Trick Room|p2a: Slowking
|-fieldstart|move: Trick Room|[of] p2a: Slowking
|
|upkeep
|turn|9
|
|t:|1760884040
|switch|p2a: Kingambit|Kingambit, M|100/100
|-activate|p2a: Kingambit|ability: Supreme Overlord
|-start|p2a: Kingambit|fallen2|[silent]
|move|p1a: Lapras|Perish Song|p1a: Lapras
|-start|p1a: Lapras|perish3|[silent]
|-start|p2a: Kingambit|perish3|[silent]
|-fieldactivate|move: Perish Song
|
|-start|p2a: Kingambit|perish3
|-start|p1a: Lapras|perish3
|upkeep
|turn|10
|
|t:|1760884050
|move|p2a: Kingambit|Iron Head|p1a: Lapras
|-damage|p1a: Lapras|51/100
|cant|p1a: Lapras|flinch
|
|-heal|p1a: Lapras|58/100|[from] item: Leftovers
|-start|p2a: Kingambit|perish2
|-start|p1a: Lapras|perish2
|upkeep
|turn|11
|
|t:|1760884059
|move|p2a: Kingambit|Iron Head|p1a: Lapras
|-crit|p1a: Lapras
|-damage|p1a: Lapras|0 fnt
|faint|p1a: Lapras
|
|-start|p2a: Kingambit|perish1
|upkeep
|
|t:|1760884064
|switch|p1a: Incineroar|Incineroar, M|100/100
|-ability|p1a: Incineroar|Intimidate|boost
|-unboost|p2a: Kingambit|atk|1
|turn|12
|
|t:|1760884071
|-end|p2a: Kingambit|fallen2|[silent]
|switch|p2a: Slowking|Slowking-Galar, M|100/100
|move|p1a: Incineroar|Knock Off|p2a: Slowking
|-supereffective|p2a: Slowking
|-damage|p2a: Slowking|0 fnt
|-enditem|p2a: Slowking|Leftovers|[from] move: Knock Off|[of] p1a: Incineroar
|faint|p2a: Slowking
|
|-fieldend|move: Trick Room
|upkeep
|
|t:|1760884078
|switch|p2a: Dragonite|Dragonite, F|100/100
|turn|13
|
|t:|1760884085
|switch|p1a: Gengar|Gengar, M|100/100
|move|p2a: Dragonite|Dragon Dance|p2a: Dragonite
|-boost|p2a: Dragonite|atk|1
|-boost|p2a: Dragonite|spe|1
|
|upkeep
|turn|14
|
|t:|1760884094
|move|p2a: Dragonite|Scale Shot|p1a: Gengar
|-damage|p1a: Gengar|53/100
|-damage|p1a: Gengar|8/100
|-start|p2a: Dragonite|Disable|Scale Shot|[from] ability: Cursed Body|[of] p1a: Gengar
|-crit|p1a: Gengar
|-damage|p1a: Gengar|0 fnt
|faint|p1a: Gengar
|-hitcount|p1: Gengar|3
|-unboost|p2a: Dragonite|def|1
|-boost|p2a: Dragonite|spe|1
|
|upkeep
|
|t:|1760884101
|switch|p1a: Incineroar|Incineroar, M|100/100
|-ability|p1a: Incineroar|Intimidate|boost
|-fail|p2a: Dragonite|unboost|Attack|[from] ability: Inner Focus|[of] p2a: Dragonite
|turn|15
|
|t:|1760884119
|move|p1a: Incineroar|Fake Out|p2a: Dragonite
|-damage|p2a: Dragonite|77/100
|move|p2a: Dragonite|Thunder Wave|p1a: Incineroar
|-status|p1a: Incineroar|par
|
|upkeep
|turn|16
|
|t:|1760884127
|move|p2a: Dragonite|Extreme Speed|p1a: Incineroar
|-damage|p1a: Incineroar|57/100 par
|cant|p1a: Incineroar|par
|
|upkeep
|turn|17
|
|t:|1760884131
|move|p2a: Dragonite|Extreme Speed|p1a: Incineroar
|-damage|p1a: Incineroar|13/100 par
|cant|p1a: Incineroar|par
|
|-end|p2a: Dragonite|Disable
|upkeep
|turn|18
|
|t:|1760884136
|move|p2a: Dragonite|Extreme Speed|p1a: Incineroar
|-damage|p1a: Incineroar|0 fnt
|faint|p1a: Incineroar
|
|upkeep
|
|t:|1760884138
|switch|p1a: Greninja|Greninja, M|48/100
|turn|19
|
|t:|1760884143
|move|p2a: Dragonite|Extreme Speed|p1a: Greninja
|-damage|p1a: Greninja|0 fnt
|faint|p1a: Greninja
|
|upkeep
|
|t:|1760884146
|switch|p1a: Dragonite|Dragonite, F|100/100
|turn|20
|
|t:|1760884152
|move|p2a: Dragonite|Scale Shot|p1a: Dragonite
|-supereffective|p1a: Dragonite
|-damage|p1a: Dragonite|74/100
|-supereffective|p1a: Dragonite
|-damage|p1a: Dragonite|27/100
|-supereffective|p1a: Dragonite
|-damage|p1a: Dragonite|0 fnt
|faint|p1a: Dragonite
|-hitcount|p1: Dragonite|3
|
|win|poorwubo
|raw|JhojanSt's rating: 1212 &rarr; <strong>1187</strong><br />(-25 for losing)
|raw|poorwubo's rating: 1207 &rarr; <strong>1232</strong><br />(+25 for winning)
|l|☆JhojanSt
|player|p1|
|l|☆poorwubo
|player|p2|
