|j|☆zhuangmou
|j|☆pcklee
|t:|1760760046
|gametype|singles
|player|p1|zhuangmou|red|1460
|player|p2|pcklee|101|1471
|gen|9
|tier|[Gen 9] OU
|rated|
|rule|HP Percentage Mod: HP is shown in percentages
|rule|Endless Battle Clause: Forcing endless battles is banned
|rule|Species Clause: Limit one of each Pokémon
|rule|OHKO Clause: OHKO moves are banned
|rule|Evasion Items Clause: Evasion items are banned
|rule|Evasion Moves Clause: Evasion moves are banned
|rule|Evasion Abilities Clause: Evasion abilities are banned
|rule|Sleep Moves Clause: Sleep-inducing moves are banned
|clearpoke
|poke|p1|Kyurem|
|poke|p1|Great Tusk|
|poke|p1|Landorus-Therian, M|
|poke|p1|Dragapult, M|
|poke|p1|Heatran, M|
|poke|p1|Slowking, F|
|poke|p2|Zamazenta-*|
|poke|p2|Dragonite, F|
|poke|p2|Alomomola, M|
|poke|p2|Weezing-Galar, M|
|poke|p2|Gholdengo|
|poke|p2|Ting-Lu|
|teampreview
|inactive|Battle timer is ON: inactive players will automatically lose when time's up. (requested by zhuangmou)
|inactive|zhuangmou has 120 seconds left.
|
|t:|1760760091
|teamsize|p1|6
|teamsize|p2|6
|start
|switch|p1a: Slowking|Slowking, F|100/100
|switch|p2a: Zamazenta|Zamazenta|100/100
|-ability|p2a: Zamazenta|Dauntless Shield|boost
|-boost|p2a: Zamazenta|def|1
|turn|1
|
|t:|1760760110
|move|p2a: Zamazenta|Crunch|p1a: Slowking
|-supereffective|p1a: Slowking
|-damage|p1a: Slowking|27/100
|-damage|p2a: Zamazenta|91/100|[from] item: Life Orb
|-prepare|p1a: Slowking|Chilly Reception|[premajor]
|move|p1a: Slowking|Chilly Reception|p1a: Slowking
|-weather|Snowscape
|inactive|zhuangmou has 120 seconds left.
|
|t:|1760760132
|switch|p1a: Landorus|Landorus-Therian, M|100/100|[from] Chilly Reception
|-ability|p1a: Landorus|Intimidate|boost
|-unboost|p2a: Zamazenta|atk|1
|
|-weather|Snowscape|[upkeep]
|upkeep
|turn|2
|
|t:|1760760143
|switch|p2a: Weezing|Weezing-Galar, M|100/100
|-ability|p2a: Weezing|Neutralizing Gas
|move|p1a: Landorus|Psychic|p2a: Weezing
|-supereffective|p2a: Weezing
|-damage|p2a: Weezing|34/100
|
|-weather|Snowscape|[upkeep]
|upkeep
|turn|3
|
|t:|1760760162
|-end|p2a: Weezing|ability: Neutralizing Gas
|-ability|p1a: Landorus|Intimidate|boost
|-unboost|p2a: Weezing|atk|1
|switch|p2a: Ting-Lu|Ting-Lu|100/100
|-ability|p2a: Ting-Lu|Vessel of Ruin
|move|p1a: Landorus|Stealth Rock|p2a: Ting-Lu
|-sidestart|p2: pcklee|move: Stealth Rock
|
|-weather|Snowscape|[upkeep]
|upkeep
|turn|4
|
|t:|1760760172
|move|p1a: Landorus|U-turn|p2a: Ting-Lu
|-supereffective|p2a: Ting-Lu
|-damage|p2a: Ting-Lu|76/100
|
|t:|1760760176
|switch|p1a: Slowking|Slowking, F|60/100|[from] U-turn
|move|p2a: Ting-Lu|Stealth Rock|p1a: Slowking
|-sidestart|p1: zhuangmou|move: Stealth Rock
|
|-weather|Snowscape|[upkeep]
|-heal|p2a: Ting-Lu|82/100|[from] item: Leftovers
|upkeep
|turn|5
|
|t:|1760760191
|move|p1a: Slowking|Scald|p2a: Ting-Lu
|-supereffective|p2a: Ting-Lu
|-damage|p2a: Ting-Lu|57/100
|move|p2a: Ting-Lu|Whirlwind|p1a: Slowking
|drag|p1a: Great Tusk|Great Tusk|100/100
|-damage|p1a: Great Tusk|98/100|[from] Stealth Rock
|-enditem|p1a: Great Tusk|Booster Energy
|-activate|p1a: Great Tusk|ability: Protosynthesis|[fromitem]
|-start|p1a: Great Tusk|protosynthesisspe
|
|-weather|none
|-heal|p2a: Ting-Lu|63/100|[from] item: Leftovers
|upkeep
|turn|6
|
|t:|1760760206
|move|p1a: Great Tusk|Close Combat|p2a: Ting-Lu
|-supereffective|p2a: Ting-Lu
|-damage|p2a: Ting-Lu|3/100
|-unboost|p1a: Great Tusk|def|1
|-unboost|p1a: Great Tusk|spd|1
|move|p2a: Ting-Lu|Ruination|p1a: Great Tusk
|-damage|p1a: Great Tusk|49/100
|
|-heal|p2a: Ting-Lu|9/100|[from] item: Leftovers
|upkeep
|turn|7
|
|t:|1760760225
|switch|p2a: Alomomola|Alomomola, M|100/100
|move|p1a: Great Tusk|Ice Spinner|p2a: Alomomola
|-resisted|p2a: Alomomola
|-damage|p2a: Alomomola|94/100
|
|upkeep
|turn|8
|
|t:|1760760234
|-end|p1a: Great Tusk|Protosynthesis|[silent]
|switch|p1a: Slowking|Slowking, F|94/100
|-damage|p1a: Slowking|81/100|[from] Stealth Rock
|move|p2a: Alomomola|Wish|p2a: Alomomola
|
|upkeep
|turn|9
|inactive|pcklee has 120 seconds left.
|
|t:|1760760270
|move|p2a: Alomomola|Flip Turn|p1a: Slowking
|-resisted|p1a: Slowking
|-damage|p1a: Slowking|72/100
|
|t:|1760760274
|switch|p2a: Gholdengo|Gholdengo|100/100|[from] Flip Turn
|-damage|p2a: Gholdengo|94/100|[from] Stealth Rock
|move|p1a: Slowking|Scald|p2a: Gholdengo
|-damage|p2a: Gholdengo|61/100
|-status|p2a: Gholdengo|brn
|
|-heal|p2a: Gholdengo|100/100 brn|[from] move: Wish|[wisher] Alomomola
|-damage|p2a: Gholdengo|94/100 brn|[from] brn
|upkeep
|turn|10
|inactive|pcklee has 120 seconds left.
|
|t:|1760760296
|switch|p1a: Heatran|Heatran, M|100/100
|-damage|p1a: Heatran|88/100|[from] Stealth Rock
|move|p2a: Gholdengo|Shadow Ball|p1a: Heatran
|-damage|p1a: Heatran|53/100
|
|-heal|p1a: Heatran|60/100|[from] item: Leftovers
|-damage|p2a: Gholdengo|88/100 brn|[from] brn
|upkeep
|turn|11
|inactive|pcklee has 90 seconds left.
|
|t:|1760760323
|switch|p2a: Ting-Lu|Ting-Lu|9/100
|-damage|p2a: Ting-Lu|3/100|[from] Stealth Rock
|-ability|p2a: Ting-Lu|Vessel of Ruin
|move|p1a: Heatran|Magma Storm|p2a: Ting-Lu
|-damage|p2a: Ting-Lu|0 fnt
|faint|p2a: Ting-Lu
|
|-heal|p1a: Heatran|66/100|[from] item: Leftovers
|upkeep
|inactive|pcklee has 90 seconds left.
|
|t:|1760760334
|switch|p2a: Alomomola|Alomomola, M|100/100
|turn|12
|
|t:|1760760350
|-terastallize|p1a: Heatran|Grass
|move|p1a: Heatran|Tera Blast|p2a: Alomomola|[anim] Tera Blast Grass
|-supereffective|p2a: Alomomola
|-damage|p2a: Alomomola|21/100
|move|p2a: Alomomola|Wish|p2a: Alomomola
|
|-heal|p1a: Heatran|72/100|[from] item: Leftovers
|upkeep
|turn|13
|inactive|zhuangmou has 120 seconds left.
|
|t:|1760760378
|move|p2a: Alomomola|Protect|p2a: Alomomola
|-singleturn|p2a: Alomomola|Protect
|move|p1a: Heatran|Earth Power|p2a: Alomomola
|-activate|p2a: Alomomola|move: Protect
|
|-heal|p2a: Alomomola|71/100|[from] move: Wish|[wisher] Alomomola
|-heal|p1a: Heatran|78/100|[from] item: Leftovers
|upkeep
|turn|14
|
|t:|1760760393
|switch|p2a: Weezing|Weezing-Galar, M|34/100
|-ability|p2a: Weezing|Neutralizing Gas
|move|p1a: Heatran|Magma Storm|p2a: Weezing|[miss]
|-miss|p1a: Heatran|p2a: Weezing
|
|-heal|p1a: Heatran|84/100|[from] item: Leftovers
|upkeep
|turn|15
|
|t:|1760760401
|move|p1a: Heatran|Earth Power|p2a: Weezing
|-supereffective|p2a: Weezing
|-damage|p2a: Weezing|0 fnt
|faint|p2a: Weezing
|-end|p2a: Weezing|ability: Neutralizing Gas
|
|-heal|p1a: Heatran|90/100|[from] item: Leftovers
|upkeep
|
|t:|1760760414
|switch|p2a: Zamazenta|Zamazenta|91/100
|-damage|p2a: Zamazenta|85/100|[from] Stealth Rock
|turn|16
|
|t:|1760760423
|move|p1a: Heatran|Protect|p1a: Heatran
|-singleturn|p1a: Heatran|Protect
|move|p2a: Zamazenta|Crunch|p1a: Heatran
|-activate|p1a: Heatran|move: Protect
|
|-heal|p1a: Heatran|96/100|[from] item: Leftovers
|upkeep
|turn|17
|inactive|pcklee has 90 seconds left.
|
|t:|1760760449
|switch|p1a: Landorus|Landorus-Therian, M|100/100
|-damage|p1a: Landorus|88/100|[from] Stealth Rock
|-ability|p1a: Landorus|Intimidate|boost
|-unboost|p2a: Zamazenta|atk|1
|move|p2a: Zamazenta|Stone Edge|p1a: Landorus
|-damage|p1a: Landorus|67/100
|-damage|p2a: Zamazenta|75/100|[from] item: Life Orb
|
|upkeep
|turn|18
|inactive|pcklee has 90 seconds left.
|
|t:|1760760460
|switch|p2a: Alomomola|Alomomola, M|100/100
|move|p1a: Landorus|Psychic|p2a: Alomomola
|-damage|p2a: Alomomola|79/100
|
|upkeep
|turn|19
|
|t:|1760760469
|move|p1a: Landorus|U-turn|p2a: Alomomola
|-damage|p2a: Alomomola|66/100
|
|t:|1760760473
|switch|p1a: Slowking|Slowking, F|100/100|[from] U-turn
|-damage|p1a: Slowking|88/100|[from] Stealth Rock
|move|p2a: Alomomola|Flip Turn|p1a: Slowking
|-resisted|p1a: Slowking
|-damage|p1a: Slowking|80/100
|
|t:|1760760483
|switch|p2a: Dragonite|Dragonite, F|100/100|[from] Flip Turn
|
|upkeep
|turn|20
|
|t:|1760760504
|move|p2a: Dragonite|Dragon Dance|p2a: Dragonite
|-boost|p2a: Dragonite|atk|1
|-boost|p2a: Dragonite|spe|1
|-prepare|p1a: Slowking|Chilly Reception|[premajor]
|move|p1a: Slowking|Chilly Reception|p1a: Slowking
|-weather|Snowscape
|
|t:|1760760507
|switch|p1a: Kyurem|Kyurem|100/100|[from] Chilly Reception
|-ability|p1a: Kyurem|Pressure
|
|-weather|Snowscape|[upkeep]
|upkeep
|turn|21
|inactive|pcklee has 120 seconds left.
|inactive|pcklee has 90 seconds left.
|
|t:|1760760545
|-terastallize|p2a: Dragonite|Normal
|move|p2a: Dragonite|Dragon Dance|p2a: Dragonite
|-boost|p2a: Dragonite|atk|1
|-boost|p2a: Dragonite|spe|1
|move|p1a: Kyurem|Blizzard|p2a: Dragonite
|-damage|p2a: Dragonite|73/100
|
|-weather|Snowscape|[upkeep]
|upkeep
|turn|22
|inactive|pcklee has 90 seconds left.
|
|t:|1760760570
|move|p2a: Dragonite|Roost|p2a: Dragonite
|-heal|p2a: Dragonite|100/100
|move|p1a: Kyurem|Blizzard|p2a: Dragonite
|-damage|p2a: Dragonite|73/100
|
|-weather|Snowscape|[upkeep]
|upkeep
|turn|23
|
|t:|1760760578
|switch|p1a: Landorus|Landorus-Therian, M|67/100
|-damage|p1a: Landorus|55/100|[from] Stealth Rock
|-ability|p1a: Landorus|Intimidate|boost
|-unboost|p2a: Dragonite|atk|1
|move|p2a: Dragonite|Roost|p2a: Dragonite
|-heal|p2a: Dragonite|100/100
|
|-weather|Snowscape|[upkeep]
|upkeep
|turn|24
|inactive|pcklee has 90 seconds left.
|
|t:|1760760591
|move|p2a: Dragonite|Dragon Dance|p2a: Dragonite
|-boost|p2a: Dragonite|atk|1
|-boost|p2a: Dragonite|spe|1
|move|p1a: Landorus|U-turn|p2a: Dragonite
|-damage|p2a: Dragonite|90/100
|
|t:|1760760598
|switch|p1a: Great Tusk|Great Tusk|49/100|[from] U-turn
|-damage|p1a: Great Tusk|46/100|[from] Stealth Rock
|
|-weather|none
|upkeep
|turn|25
|
|t:|1760760609
|move|p2a: Dragonite|Extreme Speed|p1a: Great Tusk
|-crit|p1a: Great Tusk
|-damage|p1a: Great Tusk|0 fnt
|faint|p1a: Great Tusk
|-end|p1a: Great Tusk|Protosynthesis|[silent]
|
|upkeep
|
|t:|1760760613
|switch|p1a: Landorus|Landorus-Therian, M|55/100
|-damage|p1a: Landorus|43/100|[from] Stealth Rock
|-ability|p1a: Landorus|Intimidate|boost
|-unboost|p2a: Dragonite|atk|1
|turn|26
|
|t:|1760760619
|move|p2a: Dragonite|Dragon Dance|p2a: Dragonite
|-boost|p2a: Dragonite|atk|1
|-boost|p2a: Dragonite|spe|1
|move|p1a: Landorus|Earthquake|p2a: Dragonite
|-crit|p2a: Dragonite
|-damage|p2a: Dragonite|19/100
|
|upkeep
|turn|27
|
|t:|1760760625
|move|p2a: Dragonite|Roost|p2a: Dragonite
|-heal|p2a: Dragonite|69/100
|move|p1a: Landorus|Earthquake|p2a: Dragonite
|-damage|p2a: Dragonite|22/100
|
|upkeep
|turn|28
|
|t:|1760760637
|move|p2a: Dragonite|Extreme Speed|p1a: Landorus
|-damage|p1a: Landorus|0 fnt
|-damage|p2a: Dragonite|5/100|[from] item: Rocky Helmet|[of] p1a: Landorus
|faint|p1a: Landorus
|
|upkeep
|inactive|zhuangmou has 120 seconds left.
|inactive|zhuangmou has 90 seconds left.
|
|t:|1760760693
|switch|p1a: Kyurem|Kyurem|100/100
|-ability|p1a: Kyurem|Pressure
|turn|29
|inactive|pcklee has 120 seconds left.
|
|t:|1760760711
|move|p2a: Dragonite|Extreme Speed|p1a: Kyurem
|-damage|p1a: Kyurem|4/100
|move|p1a: Kyurem|Freeze-Dry|p2a: Dragonite
|-damage|p2a: Dragonite|0 fnt
|faint|p2a: Dragonite
|
|upkeep
|
|t:|1760760728
|switch|p2a: Zamazenta|Zamazenta|75/100
|-damage|p2a: Zamazenta|69/100|[from] Stealth Rock
|turn|30
|inactive|zhuangmou has 90 seconds left.
|
|t:|1760760758
|move|p2a: Zamazenta|Crunch|p1a: Kyurem
|-damage|p1a: Kyurem|0 fnt
|faint|p1a: Kyurem
|-damage|p2a: Zamazenta|59/100|[from] item: Life Orb
|
|upkeep
|
|t:|1760760771
|switch|p1a: Heatran|Heatran, M, tera:Grass|96/100
|-damage|p1a: Heatran|84/100|[from] Stealth Rock
|turn|31
|inactive|pcklee has 120 seconds left.
|
|t:|1760760791
|move|p1a: Heatran|Protect|p1a: Heatran
|-singleturn|p1a: Heatran|Protect
|move|p2a: Zamazenta|Close Combat|p1a: Heatran
|-activate|p1a: Heatran|move: Protect
|
|-heal|p1a: Heatran|90/100|[from] item: Leftovers
|upkeep
|turn|32
|
|t:|1760760799
|switch|p1a: Slowking|Slowking, F|100/100
|-damage|p1a: Slowking|88/100|[from] Stealth Rock
|move|p2a: Zamazenta|Close Combat|p1a: Slowking
|-resisted|p1a: Slowking
|-damage|p1a: Slowking|49/100
|-unboost|p2a: Zamazenta|def|1
|-unboost|p2a: Zamazenta|spd|1
|-damage|p2a: Zamazenta|49/100|[from] item: Life Orb
|
|upkeep
|turn|33
|inactive|pcklee has 120 seconds left.
|
|t:|1760760816
|move|p2a: Zamazenta|Crunch|p1a: Slowking
|-supereffective|p1a: Slowking
|-damage|p1a: Slowking|0 fnt
|faint|p1a: Slowking
|-damage|p2a: Zamazenta|39/100|[from] item: Life Orb
|
|upkeep
|
|t:|1760760823
|switch|p1a: Dragapult|Dragapult, M|100/100
|-damage|p1a: Dragapult|88/100|[from] Stealth Rock
|turn|34
|
|t:|1760760833
|switch|p2a: Alomomola|Alomomola, M|99/100
|move|p1a: Dragapult|Dragon Darts|p2a: Alomomola
|-damage|p2a: Alomomola|79/100
|-anim|p1a: Dragapult|Dragon Darts|p2a: Alomomola
|-damage|p2a: Alomomola|56/100
|
|upkeep
|turn|35
|inactive|pcklee has 120 seconds left.
|
|t:|1760760850
|switch|p1a: Heatran|Heatran, M, tera:Grass|90/100
|-damage|p1a: Heatran|77/100|[from] Stealth Rock
|move|p2a: Alomomola|Flip Turn|p1a: Heatran
|-resisted|p1a: Heatran
|-crit|p1a: Heatran
|-damage|p1a: Heatran|66/100
|inactive|pcklee has 120 seconds left.
|
|t:|1760760869
|switch|p2a: Zamazenta|Zamazenta|39/100|[from] Flip Turn
|-damage|p2a: Zamazenta|33/100|[from] Stealth Rock
|
|-heal|p1a: Heatran|72/100|[from] item: Leftovers
|upkeep
|turn|36
|inactive|zhuangmou has 90 seconds left.
|
|t:|1760760881
|move|p1a: Heatran|Protect|p1a: Heatran
|-singleturn|p1a: Heatran|Protect
|move|p2a: Zamazenta|Crunch|p1a: Heatran
|-activate|p1a: Heatran|move: Protect
|
|-heal|p1a: Heatran|78/100|[from] item: Leftovers
|upkeep
|turn|37
|
|t:|1760760888
|move|p2a: Zamazenta|Close Combat|p1a: Heatran
|-damage|p1a: Heatran|14/100
|-unboost|p2a: Zamazenta|def|1
|-unboost|p2a: Zamazenta|spd|1
|-damage|p2a: Zamazenta|23/100|[from] item: Life Orb
|move|p1a: Heatran|Tera Blast|p2a: Zamazenta|[anim] Tera Blast Grass
|-damage|p2a: Zamazenta|0 fnt
|faint|p2a: Zamazenta
|
|-heal|p1a: Heatran|20/100|[from] item: Leftovers
|upkeep
|
|t:|1760760898
|switch|p2a: Gholdengo|Gholdengo|88/100 brn
|-damage|p2a: Gholdengo|82/100 brn|[from] Stealth Rock
|turn|38
|inactive|zhuangmou has 90 seconds left.
|
|t:|1760760939
|move|p2a: Gholdengo|Shadow Ball|p1a: Heatran
|-damage|p1a: Heatran|0 fnt
|faint|p1a: Heatran
|
|-damage|p2a: Gholdengo|76/100 brn|[from] brn
|upkeep
|
|t:|1760760940
|switch|p1a: Dragapult|Dragapult, M|88/100
|-damage|p1a: Dragapult|76/100|[from] Stealth Rock
|turn|39
|
|t:|1760760947
|move|p1a: Dragapult|Sucker Punch|p2a: Gholdengo
|-supereffective|p2a: Gholdengo
|-damage|p2a: Gholdengo|0 fnt
|faint|p2a: Gholdengo
|
|upkeep
|
|t:|1760760956
|switch|p2a: Alomomola|Alomomola, M|89/100
|turn|40
|
|t:|1760760959
|move|p1a: Dragapult|Sucker Punch||[still]
|-fail|p1a: Dragapult
|move|p2a: Alomomola|Wish|p2a: Alomomola
|
|upkeep
|turn|41
|
|t:|1760760966
|move|p1a: Dragapult|Sucker Punch||[still]
|-fail|p1a: Dragapult
|move|p2a: Alomomola|Tickle|p1a: Dragapult
|-fail|p1a: Dragapult|unboost|[from] ability: Clear Body|[of] p1a: Dragapult
|
|-heal|p2a: Alomomola|100/100|[from] move: Wish|[wisher] Alomomola
|upkeep
|turn|42
|
|t:|1760760974
|move|p1a: Dragapult|Sucker Punch||[still]
|-fail|p1a: Dragapult
|move|p2a: Alomomola|Wish|p2a: Alomomola
|
|upkeep
|turn|43
|c|☆zhuangmou|gg
|
|t:|1760760979
|move|p2a: Alomomola|Protect|p2a: Alomomola
|-singleturn|p2a: Alomomola|Protect
|move|p1a: Dragapult|Sucker Punch||[still]
|-fail|p1a: Dragapult
|
|upkeep
|turn|44
|
|t:|1760760985
|move|p1a: Dragapult|Sucker Punch||[still]
|-fail|p1a: Dragapult
|move|p2a: Alomomola|Wish|p2a: Alomomola
|
|upkeep
|turn|45
|
|t:|1760760989
|move|p2a: Alomomola|Protect|p2a: Alomomola
|-singleturn|p2a: Alomomola|Protect
|move|p1a: Dragapult|Sucker Punch||[still]
|-fail|p1a: Dragapult
|
|upkeep
|turn|46
|c|☆pcklee|gg
|
|t:|1760760995
|move|p1a: Dragapult|Sucker Punch||[still]
|-fail|p1a: Dragapult
|move|p2a: Alomomola|Wish|p2a: Alomomola
|
|upkeep
|turn|47
|
|t:|1760760999
|move|p2a: Alomomola|Protect|p2a: Alomomola
|-singleturn|p2a: Alomomola|Protect
|-activate|p1a: Dragapult|move: Struggle
|move|p1a: Dragapult|Struggle|p2a: Alomomola
|-activate|p2a: Alomomola|move: Protect
|
|upkeep
|turn|48
|
|t:|1760761005
|-activate|p1a: Dragapult|move: Struggle
|move|p1a: Dragapult|Struggle|p2a: Alomomola
|-damage|p2a: Alomomola|86/100
|-damage|p1a: Dragapult|51/100|[from] recoil
|move|p2a: Alomomola|Wish|p2a: Alomomola
|
|upkeep
|turn|49
|
|t:|1760761010
|-activate|p1a: Dragapult|move: Struggle
|move|p1a: Dragapult|Struggle|p2a: Alomomola
|-damage|p2a: Alomomola|71/100
|-damage|p1a: Dragapult|26/100|[from] recoil
|move|p2a: Alomomola|Flip Turn|p1a: Dragapult
|-resisted|p1a: Dragapult
|-damage|p1a: Dragapult|15/100
|
|-heal|p2a: Alomomola|100/100|[from] move: Wish|[wisher] Alomomola
|upkeep
|turn|50
|
|t:|1760761020
|-activate|p1a: Dragapult|move: Struggle
|move|p1a: Dragapult|Struggle|p2a: Alomomola
|-damage|p2a: Alomomola|85/100
|-damage|p1a: Dragapult|0 fnt|[from] recoil
|faint|p1a: Dragapult
|
|win|pcklee
|raw|zhuangmou's rating: 1460 &rarr; <strong>1441</strong><br />(-19 for losing)
|raw|pcklee's rating: 1471 &rarr; <strong>1490</strong><br />(+19 for winning)
|c|☆pcklee|gg wp
|l|☆pcklee
|player|p2|
|l|☆zhuangmou
|player|p1|
