|j|☆deep value
|j|☆Infinite Priority
|t:|1760838828
|gametype|singles
|player|p1|deep value|yellow|1391
|player|p2|Infinite Priority|ryuki|1427
|gen|9
|tier|[Gen 9] OU
|rated|
|rule|HP Percentage Mod: HP is shown in percentages
|rule|Endless Battle Clause: Forcing endless battles is banned
|rule|Species Clause: Limit one of each Pokémon
|rule|OHKO Clause: OHKO moves are banned
|rule|Evasion Items Clause: Evasion items are banned
|rule|Evasion Moves Clause: Evasion moves are banned
|rule|Evasion Abilities Clause: Evasion abilities are banned
|rule|Sleep Moves Clause: Sleep-inducing moves are banned
|clearpoke
|poke|p1|Ogerpon, F|
|poke|p1|Weavile, F|
|poke|p1|Great Tusk|
|poke|p1|Heatran, F|
|poke|p1|Primarina, F|
|poke|p1|Pecharunt|
|poke|p2|Latias, F|
|poke|p2|Ogerpon-Wellspring, F|
|poke|p2|Glimmora, F|
|poke|p2|Gholdengo|
|poke|p2|Ting-Lu|
|poke|p2|Cinderace, F|
|teampreview
|
|t:|1760838848
|teamsize|p1|6
|teamsize|p2|6
|start
|switch|p1a: Weavile|Weavile, F|100/100
|switch|p2a: Cinderace|Cinderace, F|100/100
|-ability|p1a: Weavile|Pressure
|turn|1
|inactive|Battle timer is ON: inactive players will automatically lose when time's up. (requested by Infinite Priority)
|
|t:|1760838856
|switch|p1a: Pecharunt|Pecharunt|100/100
|move|p2a: Cinderace|U-turn|p1a: Pecharunt
|-resisted|p1a: Pecharunt
|-damage|p1a: Pecharunt|98/100
|-damage|p2a: Cinderace|84/100|[from] item: Rocky Helmet|[of] p1a: Pecharunt
|
|t:|1760838873
|switch|p2a: Glimmora|Glimmora, F|100/100|[from] U-turn
|
|upkeep
|turn|2
|
|t:|1760838882
|switch|p1a: Primarina|Primarina, F|100/100
|move|p2a: Glimmora|Meteor Beam||[still]
|-prepare|p2a: Glimmora|Meteor Beam
|-boost|p2a: Glimmora|spa|1
|-enditem|p2a: Glimmora|Power Herb
|-anim|p2a: Glimmora|Meteor Beam|p1a: Primarina
|-damage|p1a: Primarina|55/100
|
|upkeep
|turn|3
|
|t:|1760838899
|switch|p2a: Ogerpon|Ogerpon-Wellspring, F|100/100
|move|p1a: Primarina|Psychic Noise|p2a: Ogerpon
|-immune|p2a: Ogerpon|[from] ability: Water Absorb
|
|upkeep
|turn|4
|j| blabab
|
|t:|1760838911
|switch|p1a: Pecharunt|Pecharunt|98/100
|move|p2a: Ogerpon|Encore||[still]
|-fail|p2a: Ogerpon
|
|upkeep
|turn|5
|inactive|Infinite Priority has 120 seconds left.
|
|t:|1760838941
|switch|p2a: Gholdengo|Gholdengo|100/100
|-item|p2a: Gholdengo|Air Balloon
|move|p1a: Pecharunt|Parting Shot|p2a: Gholdengo
|-immune|p2a: Gholdengo|[from] ability: Good as Gold
|
|upkeep
|turn|6
|inactive|Infinite Priority has 120 seconds left.
|
|t:|1760838954
|switch|p1a: Weavile|Weavile, F|100/100
|-ability|p1a: Weavile|Pressure
|move|p2a: Gholdengo|Shadow Ball|p1a: Weavile
|-resisted|p1a: Weavile
|-damage|p1a: Weavile|72/100
|
|upkeep
|turn|7
|inactive|Infinite Priority has 120 seconds left.
|
|t:|1760838970
|switch|p2a: Glimmora|Glimmora, F|100/100
|move|p1a: Weavile|Knock Off|p2a: Glimmora
|-damage|p2a: Glimmora|43/100
|-activate|p2a: Glimmora|ability: Toxic Debris
|-sidestart|p1: deep value|move: Toxic Spikes
|
|upkeep
|turn|8
|inactive|Infinite Priority has 120 seconds left.
|
|t:|1760838980
|switch|p2a: Ting-Lu|Ting-Lu|100/100
|-ability|p2a: Ting-Lu|Vessel of Ruin
|move|p1a: Weavile|Knock Off|p2a: Ting-Lu
|-resisted|p2a: Ting-Lu
|-damage|p2a: Ting-Lu|82/100
|-enditem|p2a: Ting-Lu|Leftovers|[from] move: Knock Off|[of] p1a: Weavile
|
|upkeep
|turn|9
|
|t:|1760838986
|switch|p1a: Pecharunt|Pecharunt|98/100
|-sideend|p1: deep value|move: Toxic Spikes|[of] p1a: Pecharunt
|move|p2a: Ting-Lu|Stealth Rock|p1a: Pecharunt
|-sidestart|p1: deep value|move: Stealth Rock
|
|upkeep
|turn|10
|
|t:|1760838995
|switch|p2a: Gholdengo|Gholdengo|100/100
|-item|p2a: Gholdengo|Air Balloon
|move|p1a: Pecharunt|Shadow Ball|p2a: Gholdengo
|-supereffective|p2a: Gholdengo
|-damage|p2a: Gholdengo|38/100
|-enditem|p2a: Gholdengo|Air Balloon
|
|upkeep
|turn|11
|
|t:|1760839005
|switch|p2a: Ting-Lu|Ting-Lu|82/100
|-ability|p2a: Ting-Lu|Vessel of Ruin
|switch|p1a: Heatran|Heatran, F|100/100
|-damage|p1a: Heatran|88/100|[from] Stealth Rock
|-item|p1a: Heatran|Air Balloon
|
|upkeep
|turn|12
|
|t:|1760839022
|move|p1a: Heatran|Magma Storm|p2a: Ting-Lu
|-damage|p2a: Ting-Lu|60/100
|-activate|p2a: Ting-Lu|move: Magma Storm|[of] p1a: Heatran
|move|p2a: Ting-Lu|Ruination|p1a: Heatran|[miss]
|-miss|p2a: Ting-Lu|p1a: Heatran
|
|-damage|p2a: Ting-Lu|48/100|[from] move: Magma Storm|[partiallytrapped]
|upkeep
|turn|13
|
|t:|1760839029
|move|p1a: Heatran|Stealth Rock|p2a: Ting-Lu
|-sidestart|p2: Infinite Priority|move: Stealth Rock
|move|p2a: Ting-Lu|Ruination|p1a: Heatran
|-damage|p1a: Heatran|44/100
|-enditem|p1a: Heatran|Air Balloon
|
|-damage|p2a: Ting-Lu|35/100|[from] move: Magma Storm|[partiallytrapped]
|upkeep
|turn|14
|
|t:|1760839039
|move|p1a: Heatran|Earth Power|p2a: Ting-Lu
|-damage|p2a: Ting-Lu|22/100
|move|p2a: Ting-Lu|Earthquake|p1a: Heatran
|-supereffective|p1a: Heatran
|-damage|p1a: Heatran|0 fnt
|faint|p1a: Heatran
|
|-end|p2a: Ting-Lu|Magma Storm|[partiallytrapped]|[silent]
|upkeep
|
|t:|1760839047
|switch|p1a: Great Tusk|Great Tusk|100/100
|turn|15
|
|t:|1760839069
|-terastallize|p2a: Ting-Lu|Ghost
|move|p1a: Great Tusk|Rapid Spin|p2a: Ting-Lu
|-immune|p2a: Ting-Lu
|move|p2a: Ting-Lu|Ruination|p1a: Great Tusk
|-damage|p1a: Great Tusk|51/100
|
|upkeep
|turn|16
|
|t:|1760839079
|move|p1a: Great Tusk|Headlong Rush|p2a: Ting-Lu
|-damage|p2a: Ting-Lu|0 fnt
|-unboost|p1a: Great Tusk|def|1
|-unboost|p1a: Great Tusk|spd|1
|faint|p2a: Ting-Lu
|
|upkeep
|
|t:|1760839083
|switch|p2a: Latias|Latias, F|100/100
|-damage|p2a: Latias|88/100|[from] Stealth Rock
|turn|17
|
|t:|1760839093
|move|p1a: Great Tusk|Rapid Spin|p2a: Latias
|-damage|p2a: Latias|74/100
|-boost|p1a: Great Tusk|spe|1
|-sideend|p1: deep value|Stealth Rock|[from] move: Rapid Spin|[of] p1a: Great Tusk
|move|p2a: Latias|Agility|p2a: Latias
|-boost|p2a: Latias|spe|2
|
|upkeep
|turn|18
|
|t:|1760839106
|move|p2a: Latias|Calm Mind|p2a: Latias
|-boost|p2a: Latias|spa|1
|-boost|p2a: Latias|spd|1
|move|p1a: Great Tusk|Ice Spinner|p2a: Latias
|-supereffective|p2a: Latias
|-damage|p2a: Latias|31/100
|-enditem|p2a: Latias|Weakness Policy
|-boost|p2a: Latias|atk|2|[from] item: Weakness Policy
|-boost|p2a: Latias|spa|2|[from] item: Weakness Policy
|
|upkeep
|turn|19
|
|t:|1760839112
|move|p2a: Latias|Stored Power|p1a: Great Tusk
|-supereffective|p1a: Great Tusk
|-damage|p1a: Great Tusk|0 fnt
|faint|p1a: Great Tusk
|-end|p1a: Great Tusk|Protosynthesis|[silent]
|
|upkeep
|
|t:|1760839139
|switch|p1a: Weavile|Weavile, F|72/100
|-ability|p1a: Weavile|Pressure
|turn|20
|
|t:|1760839144
|move|p1a: Weavile|Ice Shard|p2a: Latias
|-supereffective|p2a: Latias
|-damage|p2a: Latias|0 fnt
|faint|p2a: Latias
|
|upkeep
|
|t:|1760839150
|switch|p2a: Glimmora|Glimmora, F|43/100
|-damage|p2a: Glimmora|30/100|[from] Stealth Rock
|turn|21
|
|t:|1760839166
|move|p1a: Weavile|Ice Shard|p2a: Glimmora
|-damage|p2a: Glimmora|0 fnt
|-activate|p2a: Glimmora|ability: Toxic Debris
|-sidestart|p1: deep value|move: Toxic Spikes
|faint|p2a: Glimmora
|
|upkeep
|
|t:|1760839171
|switch|p2a: Cinderace|Cinderace, F|84/100
|turn|22
|
|t:|1760839181
|switch|p1a: Primarina|Primarina, F|55/100
|-status|p1a: Primarina|psn
|move|p2a: Cinderace|Will-O-Wisp||[still]
|-fail|p2a: Cinderace
|
|-damage|p1a: Primarina|42/100 psn|[from] psn
|upkeep
|turn|23
|
|t:|1760839190
|switch|p2a: Ogerpon|Ogerpon-Wellspring, F|100/100
|-damage|p2a: Ogerpon|88/100|[from] Stealth Rock
|move|p1a: Primarina|Moonblast|p2a: Ogerpon
|-damage|p2a: Ogerpon|30/100
|
|-damage|p1a: Primarina|30/100 psn|[from] psn
|upkeep
|turn|24
|
|t:|1760839197
|switch|p1a: Pecharunt|Pecharunt|98/100
|-sideend|p1: deep value|move: Toxic Spikes|[of] p1a: Pecharunt
|move|p2a: Ogerpon|U-turn|p1a: Pecharunt
|-resisted|p1a: Pecharunt
|-damage|p1a: Pecharunt|95/100
|-damage|p2a: Ogerpon|14/100|[from] item: Rocky Helmet|[of] p1a: Pecharunt
|
|t:|1760839205
|switch|p2a: Gholdengo|Gholdengo|38/100|[from] U-turn
|-damage|p2a: Gholdengo|32/100|[from] Stealth Rock
|
|upkeep
|turn|25
|
|t:|1760839212
|move|p2a: Gholdengo|Recover|p2a: Gholdengo
|-heal|p2a: Gholdengo|82/100
|move|p1a: Pecharunt|Shadow Ball|p2a: Gholdengo
|-supereffective|p2a: Gholdengo
|-damage|p2a: Gholdengo|23/100
|-unboost|p2a: Gholdengo|spd|1
|
|upkeep
|turn|26
|
|t:|1760839217
|switch|p1a: Primarina|Primarina, F|30/100 psn
|move|p2a: Gholdengo|Shadow Ball|p1a: Primarina
|-damage|p1a: Primarina|7/100 psn
|
|-damage|p1a: Primarina|0 fnt|[from] psn
|faint|p1a: Primarina
|upkeep
|
|t:|1760839246
|switch|p1a: Ogerpon|Ogerpon, F|100/100
|turn|27
|
|t:|1760839257
|switch|p2a: Ogerpon|Ogerpon-Wellspring, F|14/100
|-damage|p2a: Ogerpon|1/100|[from] Stealth Rock
|-terastallize|p1a: Ogerpon|Grass
|detailschange|p1a: Ogerpon|Ogerpon-Teal-Tera, F, tera:Grass
|-ability|p1a: Ogerpon|Embody Aspect (Teal)|boost
|-boost|p1a: Ogerpon|spe|1
|move|p1a: Ogerpon|Ivy Cudgel|p2a: Ogerpon
|-damage|p2a: Ogerpon|0 fnt
|faint|p2a: Ogerpon
|
|upkeep
|
|t:|1760839262
|switch|p2a: Cinderace|Cinderace, F|84/100
|turn|28
|
|t:|1760839268
|move|p1a: Ogerpon|Ivy Cudgel|p2a: Cinderace
|-resisted|p2a: Cinderace
|-damage|p2a: Cinderace|19/100
|move|p2a: Cinderace|Pyro Ball|p1a: Ogerpon
|-supereffective|p1a: Ogerpon
|-damage|p1a: Ogerpon|0 fnt
|faint|p1a: Ogerpon
|detailschange|p1: Ogerpon|Ogerpon, F|[silent]
|
|upkeep
|
|t:|1760839270
|switch|p1a: Weavile|Weavile, F|72/100
|-ability|p1a: Weavile|Pressure
|turn|29
|
|t:|1760839279
|move|p1a: Weavile|Knock Off|p2a: Cinderace
|-damage|p2a: Cinderace|0 fnt
|-enditem|p2a: Cinderace|Heavy-Duty Boots|[from] move: Knock Off|[of] p1a: Weavile
|faint|p2a: Cinderace
|
|upkeep
|c|☆Infinite Priority|gg
|c|☆deep value|gg
|-message|Infinite Priority forfeited.
|
|win|deep value
|raw|deep value's rating: 1391 &rarr; <strong>1413</strong><br />(+22 for winning)
|raw|Infinite Priority's rating: 1427 &rarr; <strong>1405</strong><br />(-22 for losing)
|l|☆Infinite Priority
|player|p2|
