|j|☆Linnotoooo
|j|☆Dolost
|t:|1760861803
|gametype|singles
|player|p1|Linnotoooo|dancer|1111
|player|p2|Dolost|gentleman-gen4dp|1067
|gen|9
|tier|[Gen 9] OU
|rated|
|rule|HP Percentage Mod: HP is shown in percentages
|rule|Endless Battle Clause: Forcing endless battles is banned
|rule|Species Clause: Limit one of each Pokémon
|rule|OHKO Clause: OHKO moves are banned
|rule|Evasion Items Clause: Evasion items are banned
|rule|Evasion Moves Clause: Evasion moves are banned
|rule|Evasion Abilities Clause: Evasion abilities are banned
|rule|Sleep Moves Clause: Sleep-inducing moves are banned
|clearpoke
|poke|p1|Tyranitar, M|
|poke|p1|Excadrill, F|
|poke|p1|Ogerpon-Cornerstone, F|
|poke|p1|Dragapult, M|
|poke|p1|Moltres|
|poke|p1|Corviknight, M|
|poke|p2|Porygon-Z|
|poke|p2|Wo-Chien|
|poke|p2|Ursaluna, F|
|poke|p2|Sylveon, M|
|poke|p2|Scizor, M|
|poke|p2|Trevenant, F|
|teampreview
|
|t:|1760861818
|teamsize|p1|6
|teamsize|p2|6
|start
|switch|p1a: Tyranitar|Tyranitar, M|100/100
|switch|p2a: Porygon-Z|Porygon-Z|100/100
|-weather|Sandstorm|[from] ability: Sand Stream|[of] p1a: Tyranitar
|turn|1
|
|t:|1760861832
|switch|p1a: Ogerpon|Ogerpon-Cornerstone, F|100/100
|-terastallize|p2a: Porygon-Z|Ground
|move|p2a: Porygon-Z|Tera Blast|p1a: Ogerpon|[anim] Tera Blast Ground
|-damage|p1a: Ogerpon|54/100
|
|-weather|Sandstorm|[upkeep]
|upkeep
|turn|2
|
|t:|1760861843
|switch|p1a: Corviknight|Corviknight, M|100/100
|-ability|p1a: Corviknight|Pressure
|move|p2a: Porygon-Z|Ice Beam|p1a: Corviknight
|-damage|p1a: Corviknight|76/100
|
|-weather|Sandstorm|[upkeep]
|-heal|p1a: Corviknight|82/100|[from] item: Leftovers
|upkeep
|turn|3
|
|t:|1760861859
|move|p2a: Porygon-Z|Thunderbolt|p1a: Corviknight
|-supereffective|p1a: Corviknight
|-damage|p1a: Corviknight|35/100
|move|p1a: Corviknight|Brave Bird|p2a: Porygon-Z
|-damage|p2a: Porygon-Z|45/100
|-damage|p1a: Corviknight|20/100|[from] Recoil
|
|-weather|Sandstorm|[upkeep]
|-heal|p1a: Corviknight|26/100|[from] item: Leftovers
|upkeep
|turn|4
|
|t:|1760861876
|switch|p1a: Dragapult|Dragapult, M|100/100
|move|p2a: Porygon-Z|Thunderbolt|p1a: Dragapult
|-resisted|p1a: Dragapult
|-damage|p1a: Dragapult|77/100
|
|-weather|Sandstorm|[upkeep]
|-damage|p1a: Dragapult|71/100|[from] Sandstorm
|upkeep
|turn|5
|
|t:|1760861886
|move|p1a: Dragapult|Shadow Ball|p2a: Porygon-Z
|-damage|p2a: Porygon-Z|0 fnt
|faint|p2a: Porygon-Z
|
|-weather|Sandstorm|[upkeep]
|-damage|p1a: Dragapult|65/100|[from] Sandstorm
|upkeep
|
|t:|1760861894
|switch|p2a: Sylveon|Sylveon, M|100/100
|turn|6
|
|t:|1760861904
|switch|p1a: Corviknight|Corviknight, M|26/100
|-ability|p1a: Corviknight|Pressure
|move|p2a: Sylveon|Moonblast|p1a: Corviknight
|-resisted|p1a: Corviknight
|-damage|p1a: Corviknight|7/100
|
|-weather|Sandstorm|[upkeep]
|-damage|p2a: Sylveon|94/100|[from] Sandstorm
|-heal|p1a: Corviknight|13/100|[from] item: Leftovers
|upkeep
|turn|7
|
|t:|1760861916
|switch|p1a: Moltres|Moltres|100/100
|move|p2a: Sylveon|Substitute|p2a: Sylveon
|-start|p2a: Sylveon|Substitute
|-damage|p2a: Sylveon|70/100
|
|-weather|Sandstorm|[upkeep]
|-damage|p1a: Moltres|94/100|[from] Sandstorm
|-damage|p2a: Sylveon|63/100|[from] Sandstorm
|upkeep
|turn|8
|
|t:|1760861926
|move|p1a: Moltres|Flamethrower|p2a: Sylveon
|-end|p2a: Sylveon|Substitute
|move|p2a: Sylveon|Calm Mind|p2a: Sylveon
|-boost|p2a: Sylveon|spa|1
|-boost|p2a: Sylveon|spd|1
|
|-weather|none
|upkeep
|turn|9
|
|t:|1760861934
|move|p1a: Moltres|Flamethrower|p2a: Sylveon
|-damage|p2a: Sylveon|44/100
|move|p2a: Sylveon|Moonblast|p1a: Moltres
|-resisted|p1a: Moltres
|-damage|p1a: Moltres|51/100
|
|upkeep
|turn|10
|
|t:|1760861943
|move|p2a: Sylveon|Moonblast|p1a: Moltres
|-resisted|p1a: Moltres
|-damage|p1a: Moltres|5/100
|move|p1a: Moltres|Roar|p2a: Sylveon
|drag|p2a: Wo-Chien|Wo-Chien|100/100
|-ability|p2a: Wo-Chien|Tablets of Ruin
|
|upkeep
|turn|11
|
|t:|1760861958
|switch|p1a: Tyranitar|Tyranitar, M|100/100
|-weather|Sandstorm|[from] ability: Sand Stream|[of] p1a: Tyranitar
|switch|p2a: Ursaluna|Ursaluna, F|100/100
|
|-weather|Sandstorm|[upkeep]
|-status|p2a: Ursaluna|brn|[from] item: Flame Orb
|upkeep
|turn|12
|
|t:|1760861976
|switch|p1a: Moltres|Moltres|5/100
|move|p2a: Ursaluna|Swords Dance|p2a: Ursaluna
|-boost|p2a: Ursaluna|atk|2
|
|-weather|Sandstorm|[upkeep]
|-damage|p1a: Moltres|0 fnt|[from] Sandstorm
|faint|p1a: Moltres
|-damage|p2a: Ursaluna|94/100 brn|[from] brn
|upkeep
|
|t:|1760861983
|switch|p1a: Corviknight|Corviknight, M|13/100
|-ability|p1a: Corviknight|Pressure
|turn|13
|
|t:|1760861990
|move|p2a: Ursaluna|Fire Punch|p1a: Corviknight
|-supereffective|p1a: Corviknight
|-damage|p1a: Corviknight|0 fnt
|faint|p1a: Corviknight
|
|-weather|Sandstorm|[upkeep]
|-damage|p2a: Ursaluna|88/100 brn|[from] brn
|upkeep
|
|t:|1760862001
|switch|p1a: Ogerpon|Ogerpon-Cornerstone, F|54/100
|turn|14
|
|t:|1760862015
|move|p1a: Ogerpon|Power Whip|p2a: Ursaluna
|-supereffective|p2a: Ursaluna
|-damage|p2a: Ursaluna|0 fnt
|faint|p2a: Ursaluna
|
|-weather|Sandstorm|[upkeep]
|upkeep
|
|t:|1760862024
|switch|p2a: Scizor|Scizor, M|100/100
|turn|15
|
|t:|1760862041
|switch|p1a: Excadrill|Excadrill, F|100/100
|move|p2a: Scizor|Bullet Punch|p1a: Excadrill
|-resisted|p1a: Excadrill
|-damage|p1a: Excadrill|78/100
|
|-weather|Sandstorm|[upkeep]
|upkeep
|turn|16
|
|t:|1760862059
|move|p1a: Excadrill|Earthquake|p2a: Scizor
|-damage|p2a: Scizor|16/100
|-damage|p1a: Excadrill|68/100|[from] item: Life Orb
|move|p2a: Scizor|U-turn|p1a: Excadrill
|-resisted|p1a: Excadrill
|-damage|p1a: Excadrill|37/100
|
|t:|1760862069
|switch|p2a: Trevenant|Trevenant, F|100/100|[from] U-turn
|
|-weather|Sandstorm|[upkeep]
|-damage|p2a: Trevenant|94/100|[from] Sandstorm
|upkeep
|turn|17
|
|t:|1760862086
|move|p1a: Excadrill|Tera Blast|p2a: Trevenant
|-immune|p2a: Trevenant
|move|p2a: Trevenant|Poltergeist|p1a: Excadrill
|-activate|p1a: Excadrill|move: Poltergeist|Life Orb
|-damage|p1a: Excadrill|0 fnt
|faint|p1a: Excadrill
|-damage|p2a: Trevenant|84/100|[from] item: Life Orb
|
|-weather|Sandstorm|[upkeep]
|-damage|p2a: Trevenant|78/100|[from] Sandstorm
|upkeep
|
|t:|1760862093
|switch|p1a: Dragapult|Dragapult, M|65/100
|turn|18
|
|t:|1760862108
|move|p1a: Dragapult|Flamethrower|p2a: Trevenant
|-supereffective|p2a: Trevenant
|-damage|p2a: Trevenant|0 fnt
|faint|p2a: Trevenant
|
|-weather|none
|upkeep
|
|t:|1760862118
|switch|p2a: Sylveon|Sylveon, M|44/100
|turn|19
|
|t:|1760862138
|move|p1a: Dragapult|Flamethrower|p2a: Sylveon
|-damage|p2a: Sylveon|13/100
|move|p2a: Sylveon|Moonblast|p1a: Dragapult
|-supereffective|p1a: Dragapult
|-crit|p1a: Dragapult
|-damage|p1a: Dragapult|0 fnt
|faint|p1a: Dragapult
|
|upkeep
|
|t:|1760862144
|switch|p1a: Tyranitar|Tyranitar, M|100/100
|-weather|Sandstorm|[from] ability: Sand Stream|[of] p1a: Tyranitar
|turn|20
|
|t:|1760862158
|move|p1a: Tyranitar|Earthquake|p2a: Sylveon
|-damage|p2a: Sylveon|0 fnt
|faint|p2a: Sylveon
|
|-weather|Sandstorm|[upkeep]
|upkeep
|
|t:|1760862168
|switch|p2a: Wo-Chien|Wo-Chien|100/100
|-ability|p2a: Wo-Chien|Tablets of Ruin
|turn|21
|inactive|Battle timer is ON: inactive players will automatically lose when time's up. (requested by Dolost)
|
|t:|1760862184
|move|p2a: Wo-Chien|Leech Seed|p1a: Tyranitar
|-start|p1a: Tyranitar|move: Leech Seed
|move|p1a: Tyranitar|Knock Off|p2a: Wo-Chien
|-resisted|p2a: Wo-Chien
|-damage|p2a: Wo-Chien|91/100
|-enditem|p2a: Wo-Chien|Leftovers|[from] move: Knock Off|[of] p1a: Tyranitar
|
|-weather|Sandstorm|[upkeep]
|-damage|p2a: Wo-Chien|84/100|[from] Sandstorm
|-damage|p1a: Tyranitar|88/100|[from] Leech Seed|[of] p2a: Wo-Chien
|-heal|p2a: Wo-Chien|98/100|[silent]
|upkeep
|turn|22
|
|t:|1760862208
|switch|p1a: Ogerpon|Ogerpon-Cornerstone, F|54/100
|move|p2a: Wo-Chien|Knock Off|p1a: Ogerpon
|-crit|p1a: Ogerpon
|-damage|p1a: Ogerpon|18/100
|
|-weather|Sandstorm|[upkeep]
|-damage|p2a: Wo-Chien|92/100|[from] Sandstorm
|upkeep
|turn|23
|
|t:|1760862229
|move|p1a: Ogerpon|Encore|p2a: Wo-Chien
|-start|p2a: Wo-Chien|Encore
|move|p2a: Wo-Chien|Knock Off|p1a: Ogerpon
|-damage|p1a: Ogerpon|0 fnt
|faint|p1a: Ogerpon
|
|-weather|Sandstorm|[upkeep]
|-damage|p2a: Wo-Chien|86/100|[from] Sandstorm
|upkeep
|
|t:|1760862236
|switch|p1a: Tyranitar|Tyranitar, M|88/100
|turn|24
|
|t:|1760862242
|move|p2a: Wo-Chien|Knock Off|p1a: Tyranitar
|-resisted|p1a: Tyranitar
|-damage|p1a: Tyranitar|78/100
|-enditem|p1a: Tyranitar|Smooth Rock|[from] move: Knock Off|[of] p2a: Wo-Chien
|move|p1a: Tyranitar|Earthquake|p2a: Wo-Chien
|-resisted|p2a: Wo-Chien
|-damage|p2a: Wo-Chien|79/100
|
|-weather|Sandstorm|[upkeep]
|-damage|p2a: Wo-Chien|72/100|[from] Sandstorm
|upkeep
|turn|25
|-message|Linnotoooo forfeited.
|
|win|Dolost
|raw|Linnotoooo's rating: 1111 &rarr; <strong>1083</strong><br />(-28 for losing)
|raw|Dolost's rating: 1067 &rarr; <strong>1101</strong><br />(+34 for winning)
|l|☆Linnotoooo
|player|p1|
|l|☆Dolost
|player|p2|
