|j|☆ohlookarock3
|j|☆henry151th
|t:|1760858673
|gametype|singles
|player|p1|ohlookarock3|geeta|1593
|player|p2|henry151th|wallace|1604
|gen|9
|tier|[Gen 9] OU
|rated|
|rule|HP Percentage Mod: HP is shown in percentages
|rule|Endless Battle Clause: Forcing endless battles is banned
|rule|Species Clause: Limit one of each Pokémon
|rule|OHKO Clause: OHKO moves are banned
|rule|Evasion Items Clause: Evasion items are banned
|rule|Evasion Moves Clause: Evasion moves are banned
|rule|Evasion Abilities Clause: Evasion abilities are banned
|rule|Sleep Moves Clause: Sleep-inducing moves are banned
|clearpoke
|poke|p1|Great Tusk|
|poke|p1|Raging Bolt|
|poke|p1|Iron Valiant|
|poke|p1|Dudunsparce-*, F|
|poke|p1|Latios, M|
|poke|p1|Gholdengo|
|poke|p2|Dragapult, M|
|poke|p2|Glimmora, M|
|poke|p2|Comfey, M|
|poke|p2|Kingambit, M|
|poke|p2|Ogerpon-Wellspring, F|
|poke|p2|Blaziken, M|
|teampreview
|inactive|Battle timer is ON: inactive players will automatically lose when time's up. (requested by ohlookarock3)
|
|t:|1760858686
|teamsize|p1|6
|teamsize|p2|6
|start
|switch|p1a: Dudunsparce|Dudunsparce-Three-Segment, F|100/100
|switch|p2a: Blaziken|Blaziken, M, shiny|100/100
|turn|1
|
|t:|1760858693
|move|p2a: Blaziken|Knock Off|p1a: Dudunsparce
|-damage|p1a: Dudunsparce|59/100
|-ability|p1a: Dudunsparce|Rattled|boost
|-boost|p1a: Dudunsparce|spe|1
|-enditem|p1a: Dudunsparce|Leftovers|[from] move: Knock Off|[of] p2a: Blaziken
|-damage|p2a: Blaziken|91/100|[from] item: Life Orb
|move|p1a: Dudunsparce|Glare|p2a: Blaziken
|-status|p2a: Blaziken|par
|
|-ability|p2a: Blaziken|Speed Boost|boost
|-boost|p2a: Blaziken|spe|1
|upkeep
|turn|2
|
|t:|1760858700
|switch|p2a: Dragapult|Dragapult, M, shiny|100/100
|move|p1a: Dudunsparce|Stealth Rock|p2a: Dragapult
|-sidestart|p2: henry151th|move: Stealth Rock
|
|upkeep
|turn|3
|
|t:|1760858705
|move|p2a: Dragapult|Dragon Darts|p1a: Dudunsparce
|-damage|p1a: Dudunsparce|35/100
|-anim|p2a: Dragapult|Dragon Darts|p1a: Dudunsparce
|-damage|p1a: Dudunsparce|10/100
|-damage|p2a: Dragapult|91/100|[from] item: Life Orb
|move|p1a: Dudunsparce|Glare|p2a: Dragapult
|-status|p2a: Dragapult|par
|
|upkeep
|turn|4
|
|t:|1760858710
|move|p1a: Dudunsparce|Earth Power|p2a: Dragapult
|-damage|p2a: Dragapult|53/100 par
|move|p2a: Dragapult|Dragon Darts|p1a: Dudunsparce
|-damage|p1a: Dudunsparce|0 fnt
|faint|p1a: Dudunsparce
|-damage|p2a: Dragapult|44/100 par|[from] item: Life Orb
|
|upkeep
|
|t:|1760858726
|switch|p1a: Great Tusk|Great Tusk|100/100
|-enditem|p1a: Great Tusk|Booster Energy
|-activate|p1a: Great Tusk|ability: Protosynthesis|[fromitem]
|-start|p1a: Great Tusk|protosynthesisspe
|turn|5
|
|t:|1760858748
|move|p1a: Great Tusk|Ice Spinner|p2a: Dragapult
|-supereffective|p2a: Dragapult
|-damage|p2a: Dragapult|0 fnt
|faint|p2a: Dragapult
|
|upkeep
|
|t:|1760858751
|switch|p2a: Ogerpon|Ogerpon-Wellspring, F|100/100
|-damage|p2a: Ogerpon|88/100|[from] Stealth Rock
|turn|6
|
|t:|1760858761
|move|p1a: Great Tusk|Bulk Up|p1a: Great Tusk
|-boost|p1a: Great Tusk|atk|1
|-boost|p1a: Great Tusk|def|1
|move|p2a: Ogerpon|Ivy Cudgel|p1a: Great Tusk|[anim] Ivy Cudgel Water
|-supereffective|p1a: Great Tusk
|-damage|p1a: Great Tusk|46/100
|
|upkeep
|turn|7
|
|t:|1760858766
|move|p1a: Great Tusk|Bulk Up|p1a: Great Tusk
|-boost|p1a: Great Tusk|atk|1
|-boost|p1a: Great Tusk|def|1
|move|p2a: Ogerpon|Ivy Cudgel|p1a: Great Tusk|[anim] Ivy Cudgel Water
|-supereffective|p1a: Great Tusk
|-damage|p1a: Great Tusk|11/100
|
|upkeep
|turn|8
|
|t:|1760858770
|move|p1a: Great Tusk|Ice Spinner|p2a: Ogerpon
|-damage|p2a: Ogerpon|32/100
|move|p2a: Ogerpon|Ivy Cudgel|p1a: Great Tusk|[anim] Ivy Cudgel Water
|-supereffective|p1a: Great Tusk
|-damage|p1a: Great Tusk|0 fnt
|faint|p1a: Great Tusk
|-end|p1a: Great Tusk|Protosynthesis|[silent]
|
|upkeep
|
|t:|1760858775
|switch|p1a: Iron Valiant|Iron Valiant|100/100
|-enditem|p1a: Iron Valiant|Booster Energy
|-activate|p1a: Iron Valiant|ability: Quark Drive|[fromitem]
|-start|p1a: Iron Valiant|quarkdrivespe
|turn|9
|
|t:|1760858788
|move|p1a: Iron Valiant|Moonblast|p2a: Ogerpon
|-damage|p2a: Ogerpon|0 fnt
|faint|p2a: Ogerpon
|
|upkeep
|
|t:|1760858791
|switch|p2a: Glimmora|Glimmora, M, shiny|100/100
|-damage|p2a: Glimmora|88/100|[from] Stealth Rock
|turn|10
|
|t:|1760858796
|move|p1a: Iron Valiant|Moonblast|p2a: Glimmora
|-resisted|p2a: Glimmora
|-crit|p2a: Glimmora
|-damage|p2a: Glimmora|50/100
|-unboost|p2a: Glimmora|spa|1
|-enditem|p2a: Glimmora|Red Card|[of] p1a: Iron Valiant
|-end|p1a: Iron Valiant|Quark Drive|[silent]
|drag|p1a: Raging Bolt|Raging Bolt|100/100
|-enditem|p1a: Raging Bolt|Booster Energy
|-activate|p1a: Raging Bolt|ability: Protosynthesis|[fromitem]
|-start|p1a: Raging Bolt|protosynthesisspa
|move|p2a: Glimmora|Earth Power|p1a: Raging Bolt
|-supereffective|p1a: Raging Bolt
|-damage|p1a: Raging Bolt|69/100
|
|upkeep
|turn|11
|
|t:|1760858807
|move|p1a: Raging Bolt|Calm Mind|p1a: Raging Bolt
|-boost|p1a: Raging Bolt|spa|1
|-boost|p1a: Raging Bolt|spd|1
|move|p2a: Glimmora|Mortal Spin|p1a: Raging Bolt
|-damage|p1a: Raging Bolt|63/100
|-status|p1a: Raging Bolt|psn
|-sideend|p2: henry151th|Stealth Rock|[from] move: Mortal Spin|[of] p2a: Glimmora
|
|-damage|p1a: Raging Bolt|51/100 psn|[from] psn
|upkeep
|turn|12
|
|t:|1760858812
|switch|p2a: Blaziken|Blaziken, M, shiny|91/100 par
|move|p1a: Raging Bolt|Thunderbolt|p2a: Blaziken
|-damage|p2a: Blaziken|0 fnt
|faint|p2a: Blaziken
|
|-damage|p1a: Raging Bolt|39/100 psn|[from] psn
|upkeep
|
|t:|1760858815
|switch|p2a: Kingambit|Kingambit, M, shiny|100/100
|-activate|p2a: Kingambit|ability: Supreme Overlord
|-start|p2a: Kingambit|fallen3|[silent]
|turn|13
|
|t:|1760858818
|move|p1a: Raging Bolt|Thunderclap||[still]
|-fail|p1a: Raging Bolt
|move|p2a: Kingambit|Swords Dance|p2a: Kingambit
|-boost|p2a: Kingambit|atk|2
|
|-damage|p1a: Raging Bolt|26/100 psn|[from] psn
|upkeep
|turn|14
|
|t:|1760858822
|move|p1a: Raging Bolt|Thunderclap|p2a: Kingambit
|-damage|p2a: Kingambit|19/100
|move|p2a: Kingambit|Sucker Punch||[still]
|-fail|p2a: Kingambit
|
|-heal|p2a: Kingambit|26/100|[from] item: Leftovers
|-damage|p1a: Raging Bolt|14/100 psn|[from] psn
|upkeep
|turn|15
|
|t:|1760858827
|move|p1a: Raging Bolt|Thunderbolt|p2a: Kingambit
|-damage|p2a: Kingambit|0 fnt
|faint|p2a: Kingambit
|-end|p2a: Kingambit|fallen3|[silent]
|
|-damage|p1a: Raging Bolt|2/100 psn|[from] psn
|upkeep
|
|t:|1760858829
|switch|p2a: Comfey|Comfey, M, shiny|100/100
|turn|16
|
|t:|1760858835
|-terastallize|p2a: Comfey|Ground
|move|p1a: Raging Bolt|Thunderclap||[still]
|-fail|p1a: Raging Bolt
|move|p2a: Comfey|Calm Mind|p2a: Comfey
|-boost|p2a: Comfey|spa|1
|-boost|p2a: Comfey|spd|1
|
|-damage|p1a: Raging Bolt|0 fnt|[from] psn
|faint|p1a: Raging Bolt
|-end|p1a: Raging Bolt|Protosynthesis|[silent]
|upkeep
|
|t:|1760858842
|switch|p1a: Gholdengo|Gholdengo|100/100
|turn|17
|
|t:|1760858847
|-terastallize|p1a: Gholdengo|Steel
|move|p1a: Gholdengo|Make It Rain|p2a: Comfey
|-damage|p2a: Comfey|19/100
|-unboost|p1a: Gholdengo|spa|1
|move|p2a: Comfey|Tera Blast|p1a: Gholdengo|[anim] Tera Blast Ground
|-supereffective|p1a: Gholdengo
|-damage|p1a: Gholdengo|0 fnt
|faint|p1a: Gholdengo
|-damage|p2a: Comfey|9/100|[from] item: Life Orb
|
|upkeep
|
|t:|1760858860
|switch|p1a: Latios|Latios, M|100/100
|turn|18
|
|t:|1760858864
|move|p2a: Comfey|Draining Kiss|p1a: Latios
|-supereffective|p1a: Latios
|-damage|p1a: Latios|17/100
|-heal|p2a: Comfey|71/100|[from] drain|[of] p1a: Latios
|-damage|p2a: Comfey|61/100|[from] item: Life Orb
|move|p1a: Latios|Psychic Noise|p2a: Comfey
|-damage|p2a: Comfey|28/100
|-start|p2a: Comfey|move: Heal Block
|
|upkeep
|turn|19
|
|t:|1760858873
|switch|p2a: Glimmora|Glimmora, M, shiny|50/100
|move|p1a: Latios|Draco Meteor|p2a: Glimmora
|-damage|p2a: Glimmora|0 fnt
|-unboost|p1a: Latios|spa|2
|faint|p2a: Glimmora
|
|upkeep
|
|t:|1760858875
|switch|p2a: Comfey|Comfey, M, shiny, tera:Ground|28/100
|turn|20
|
|t:|1760858878
|move|p2a: Comfey|Draining Kiss|p1a: Latios
|-supereffective|p1a: Latios
|-damage|p1a: Latios|0 fnt
|-heal|p2a: Comfey|40/100|[from] drain|[of] p1a: Latios
|faint|p1a: Latios
|-damage|p2a: Comfey|30/100|[from] item: Life Orb
|
|upkeep
|
|t:|1760858880
|switch|p1a: Iron Valiant|Iron Valiant|100/100
|turn|21
|
|t:|1760858883
|move|p2a: Comfey|Draining Kiss|p1a: Iron Valiant
|-supereffective|p1a: Iron Valiant
|-damage|p1a: Iron Valiant|0 fnt
|-heal|p2a: Comfey|100/100|[from] drain|[of] p1a: Iron Valiant
|faint|p1a: Iron Valiant
|-end|p1a: Iron Valiant|Quark Drive|[silent]
|-damage|p2a: Comfey|91/100|[from] item: Life Orb
|
|win|henry151th
|raw|ohlookarock3's rating: 1593 &rarr; <strong>1574</strong><br />(-19 for losing)
|raw|henry151th's rating: 1604 &rarr; <strong>1623</strong><br />(+19 for winning)
|l|☆henry151th
|player|p2|
|l|☆ohlookarock3
|player|p1|
