|j|☆Crsiu
|j|☆misanga
|t:|1760762668
|gametype|singles
|player|p1|Crsiu|n|1682
|player|p2|misanga|liko|1700
|gen|9
|tier|[Gen 9] OU
|rated|
|rule|HP Percentage Mod: HP is shown in percentages
|rule|Endless Battle Clause: Forcing endless battles is banned
|rule|Species Clause: Limit one of each Pokémon
|rule|OHKO Clause: OHKO moves are banned
|rule|Evasion Items Clause: Evasion items are banned
|rule|Evasion Moves Clause: Evasion moves are banned
|rule|Evasion Abilities Clause: Evasion abilities are banned
|rule|Sleep Moves Clause: Sleep-inducing moves are banned
|clearpoke
|poke|p1|Blaziken, M|
|poke|p1|Indeedee, M|
|poke|p1|Ninetales-Alola, M|
|poke|p1|Iron Treads|
|poke|p1|Raging Bolt|
|poke|p1|Ursaluna, M|
|poke|p2|Slowking-Galar, M|
|poke|p2|Cinderace, F|
|poke|p2|Landorus-Therian, M|
|poke|p2|Iron Valiant|
|poke|p2|Kyurem|
|poke|p2|Kingambit, F|
|teampreview
|inactive|Battle timer is ON: inactive players will automatically lose when time's up. (requested by misanga)
|
|t:|1760762680
|teamsize|p1|6
|teamsize|p2|6
|start
|switch|p1a: Raging Bolt|Raging Bolt|100/100
|switch|p2a: Phoenix|Cinderace, F|100/100
|turn|1
|
|t:|1760762685
|move|p2a: Phoenix|U-turn|p1a: Raging Bolt
|-damage|p1a: Raging Bolt|86/100
|
|t:|1760762689
|switch|p2a: Strange Weather|Slowking-Galar, M|100/100|[from] U-turn
|move|p1a: Raging Bolt|Volt Switch|p2a: Strange Weather
|-damage|p2a: Strange Weather|64/100
|
|t:|1760762692
|-end|p1a: Raging Bolt|Protosynthesis|[silent]
|switch|p1a: Ursaluna|Ursaluna, M, shiny|100/100|[from] Volt Switch
|
|-status|p1a: Ursaluna|brn|[from] item: Flame Orb
|upkeep
|turn|2
|
|t:|1760762697
|switch|p2a: Float Away|Landorus-Therian, M|100/100
|-ability|p2a: Float Away|Intimidate|boost
|-unboost|p1a: Ursaluna|atk|1
|move|p1a: Ursaluna|Facade|p2a: Float Away
|-damage|p2a: Float Away|18/100
|-damage|p1a: Ursaluna|84/100 brn|[from] item: Rocky Helmet|[of] p2a: Float Away
|
|-damage|p1a: Ursaluna|78/100 brn|[from] brn
|upkeep
|turn|3
|
|t:|1760762712
|move|p2a: Float Away|Earthquake|p1a: Ursaluna
|-damage|p1a: Ursaluna|43/100 brn
|move|p1a: Ursaluna|Facade|p2a: Float Away
|-damage|p2a: Float Away|0 fnt
|-damage|p1a: Ursaluna|26/100 brn|[from] item: Rocky Helmet|[of] p2a: Float Away
|faint|p2a: Float Away
|
|-damage|p1a: Ursaluna|20/100 brn|[from] brn
|upkeep
|j| Kyurem
|
|t:|1760762718
|switch|p2a: Acolyte|Kyurem|100/100
|-ability|p2a: Acolyte|Pressure
|turn|4
|
|t:|1760762721
|switch|p1a: Ninetales|Ninetales-Alola, M, shiny|100/100
|-weather|Snowscape|[from] ability: Snow Warning|[of] p1a: Ninetales
|move|p2a: Acolyte|Substitute|p2a: Acolyte
|-start|p2a: Acolyte|Substitute
|-damage|p2a: Acolyte|76/100
|
|-weather|Snowscape|[upkeep]
|-heal|p2a: Acolyte|82/100|[from] item: Leftovers
|upkeep
|turn|5
|j| Champion reko
|
|t:|1760762737
|move|p1a: Ninetales|Encore|p2a: Acolyte
|-start|p2a: Acolyte|Encore
|move|p2a: Acolyte|Substitute|p2a: Acolyte
|-fail|p2a: Acolyte|move: Substitute
|
|-weather|Snowscape|[upkeep]
|-heal|p2a: Acolyte|88/100|[from] item: Leftovers
|upkeep
|turn|6
|
|t:|1760762744
|switch|p2a: Black Oak|Kingambit, F|100/100
|-activate|p2a: Black Oak|ability: Supreme Overlord
|-start|p2a: Black Oak|fallen1|[silent]
|move|p1a: Ninetales|Aurora Veil|p1a: Ninetales
|-sidestart|p1: Crsiu|move: Aurora Veil
|
|-weather|Snowscape|[upkeep]
|upkeep
|turn|7
|
|t:|1760762751
|switch|p1a: Raging Bolt|Raging Bolt|86/100
|-end|p2a: Black Oak|fallen1|[silent]
|switch|p2a: Strange Weather|Slowking-Galar, M|97/100
|
|-weather|Snowscape|[upkeep]
|upkeep
|turn|8
|
|t:|1760762757
|move|p1a: Raging Bolt|Volt Switch|p2a: Strange Weather
|-damage|p2a: Strange Weather|60/100
|
|t:|1760762761
|-end|p1a: Raging Bolt|Protosynthesis|[silent]
|switch|p1a: Iron Treads|Iron Treads, shiny|100/100|[from] Volt Switch
|move|p2a: Strange Weather|Psychic Noise|p1a: Iron Treads
|-resisted|p1a: Iron Treads
|-damage|p1a: Iron Treads|90/100
|-start|p1a: Iron Treads|move: Heal Block
|
|-weather|none
|upkeep
|turn|9
|
|t:|1760762770
|switch|p2a: Acolyte|Kyurem|88/100
|-ability|p2a: Acolyte|Pressure
|move|p1a: Iron Treads|Knock Off|p2a: Acolyte
|-damage|p2a: Acolyte|60/100
|-enditem|p2a: Acolyte|Leftovers|[from] move: Knock Off|[of] p1a: Iron Treads
|
|-end|p1a: Iron Treads|move: Heal Block
|upkeep
|turn|10
|
|t:|1760762775
|move|p2a: Acolyte|Protect|p2a: Acolyte
|-singleturn|p2a: Acolyte|Protect
|move|p1a: Iron Treads|Stealth Rock|p2a: Acolyte
|-sidestart|p2: misanga|move: Stealth Rock
|
|upkeep
|turn|11
|
|t:|1760762785
|-end|p1a: Iron Treads|Quark Drive|[silent]
|switch|p1a: Indeedee|Indeedee, M|100/100
|-fieldstart|move: Psychic Terrain|[from] ability: Psychic Surge|[of] p1a: Indeedee
|move|p2a: Acolyte|Earth Power|p1a: Indeedee
|-damage|p1a: Indeedee|82/100
|-unboost|p1a: Indeedee|spd|1
|
|upkeep
|turn|12
|j| Ctannn
|
|t:|1760762795
|move|p2a: Acolyte|Protect|p2a: Acolyte
|-singleturn|p2a: Acolyte|Protect
|move|p1a: Indeedee|Expanding Force|p2a: Acolyte
|-activate|p2a: Acolyte|move: Protect
|
|upkeep
|turn|13
|l| Champion reko
|
|t:|1760762801
|switch|p1a: Raging Bolt|Raging Bolt|86/100
|switch|p2a: Black Oak|Kingambit, F|100/100
|-damage|p2a: Black Oak|94/100|[from] Stealth Rock
|-activate|p2a: Black Oak|ability: Supreme Overlord
|-start|p2a: Black Oak|fallen1|[silent]
|
|-heal|p2a: Black Oak|100/100|[from] item: Leftovers
|-sideend|p1: Crsiu|move: Aurora Veil
|upkeep
|turn|14
|
|t:|1760762806
|move|p1a: Raging Bolt|Volt Switch|p2a: Black Oak
|-damage|p2a: Black Oak|36/100
|
|t:|1760762810
|-end|p1a: Raging Bolt|Protosynthesis|[silent]
|switch|p1a: Iron Treads|Iron Treads, shiny|90/100|[from] Volt Switch
|move|p2a: Black Oak|Kowtow Cleave|p1a: Iron Treads
|-damage|p1a: Iron Treads|37/100
|
|-heal|p2a: Black Oak|42/100|[from] item: Leftovers
|upkeep
|turn|15
|
|t:|1760762822
|-terastallize|p2a: Black Oak|Flying
|move|p1a: Iron Treads|Knock Off|p2a: Black Oak
|-damage|p2a: Black Oak|18/100
|-enditem|p2a: Black Oak|Leftovers|[from] move: Knock Off|[of] p1a: Iron Treads
|move|p2a: Black Oak|Kowtow Cleave|p1a: Iron Treads
|-damage|p1a: Iron Treads|0 fnt
|faint|p1a: Iron Treads
|-end|p1a: Iron Treads|Quark Drive|[silent]
|
|-fieldend|move: Psychic Terrain
|upkeep
|
|t:|1760762833
|switch|p1a: Indeedee|Indeedee, M|82/100
|-fieldstart|move: Psychic Terrain|[from] ability: Psychic Surge|[of] p1a: Indeedee
|turn|16
|
|t:|1760762836
|move|p1a: Indeedee|Expanding Force|p2a: Black Oak
|-damage|p2a: Black Oak|0 fnt
|faint|p2a: Black Oak
|-end|p2a: Black Oak|fallen1|[silent]
|
|upkeep
|
|t:|1760762837
|switch|p2a: Phoenix|Cinderace, F|100/100
|turn|17
|
|t:|1760762842
|-terastallize|p1a: Indeedee|Psychic
|move|p1a: Indeedee|Expanding Force|p2a: Phoenix
|-damage|p2a: Phoenix|0 fnt
|faint|p2a: Phoenix
|
|upkeep
|-message|misanga forfeited.
|
|win|Crsiu
|raw|Crsiu's rating: 1682 &rarr; <strong>1703</strong><br />(+21 for winning)
|raw|misanga's rating: 1700 &rarr; <strong>1679</strong><br />(-21 for losing)
|j| wgw2333
|l|☆misanga
|player|p2|
|l| Kyurem
|l|☆Crsiu
|player|p1|
|l| wgw2333
