|j|☆jadhe
|j|☆Mouu'd
|t:|1760722140
|gametype|singles
|player|p1|jadhe|266|1311
|player|p2|Mouu'd|1|1300
|gen|9
|tier|[Gen 9] OU
|rated|
|rule|HP Percentage Mod: HP is shown in percentages
|rule|Endless Battle Clause: Forcing endless battles is banned
|rule|Species Clause: Limit one of each Pokémon
|rule|OHKO Clause: OHKO moves are banned
|rule|Evasion Items Clause: Evasion items are banned
|rule|Evasion Moves Clause: Evasion moves are banned
|rule|Evasion Abilities Clause: Evasion abilities are banned
|rule|Sleep Moves Clause: Sleep-inducing moves are banned
|clearpoke
|poke|p1|Gliscor, F|
|poke|p1|Tropius, F|
|poke|p1|Blaziken, F|
|poke|p1|Indeedee, M|
|poke|p1|Iron Treads|
|poke|p1|Latios, M|
|poke|p2|Slowbro, F|
|poke|p2|Diancie|
|poke|p2|Glastrier|
|poke|p2|Ursaluna, M|
|poke|p2|Exeggutor-Alola, M|
|poke|p2|Conkeldurr, F|
|teampreview
|inactive|Battle timer is ON: inactive players will automatically lose when time's up. (requested by jadhe)
|
|t:|1760722153
|teamsize|p1|6
|teamsize|p2|6
|start
|switch|p1a: Tropius|Tropius, F|100/100
|switch|p2a: Jinbei|Slowbro, F, shiny|100/100
|turn|1
|
|t:|1760722174
|switch|p2a: Sodom|Exeggutor-Alola, M, shiny|100/100
|move|p1a: Tropius|Substitute|p1a: Tropius
|-start|p1a: Tropius|Substitute
|-damage|p1a: Tropius|76/100
|
|upkeep
|turn|2
|
|t:|1760722182
|switch|p2a: Robin|Diancie|100/100
|move|p1a: Tropius|Air Slash|p2a: Robin
|-resisted|p2a: Robin
|-damage|p2a: Robin|89/100
|
|upkeep
|turn|3
|
|t:|1760722189
|-terastallize|p2a: Robin|Fairy
|move|p1a: Tropius|Leech Seed|p2a: Robin
|-start|p2a: Robin|move: Leech Seed
|move|p2a: Robin|Trick Room|p2a: Robin
|-fieldstart|move: Trick Room|[of] p2a: Robin
|
|-damage|p2a: Robin|77/100|[from] Leech Seed|[of] p1a: Tropius
|-heal|p1a: Tropius|85/100|[silent]
|upkeep
|turn|4
|
|t:|1760722200
|move|p1a: Tropius|Protect|p1a: Tropius
|-singleturn|p1a: Tropius|Protect
|move|p2a: Robin|Stealth Rock|p1a: Tropius
|-sidestart|p1: jadhe|move: Stealth Rock
|
|-damage|p2a: Robin|64/100|[from] Leech Seed|[of] p1a: Tropius
|-heal|p1a: Tropius|95/100|[silent]
|upkeep
|turn|5
|
|t:|1760722213
|switch|p2a: Luffy gear 4th|Conkeldurr, F|100/100
|move|p1a: Tropius|Air Slash|p2a: Luffy gear 4th
|-supereffective|p2a: Luffy gear 4th
|-damage|p2a: Luffy gear 4th|38/100
|
|-status|p2a: Luffy gear 4th|brn|[from] item: Flame Orb
|upkeep
|turn|6
|
|t:|1760722226
|switch|p2a: Stronger|Glastrier|100/100
|move|p1a: Tropius|Leech Seed|p2a: Stronger
|-start|p2a: Stronger|move: Leech Seed
|
|-damage|p2a: Stronger|88/100|[from] Leech Seed|[of] p1a: Tropius
|-heal|p1a: Tropius|100/100|[silent]
|upkeep
|turn|7
|
|t:|1760722234
|move|p1a: Tropius|Protect|p1a: Tropius
|-singleturn|p1a: Tropius|Protect
|move|p2a: Stronger|Icicle Crash|p1a: Tropius
|-activate|p1a: Tropius|move: Protect
|
|-damage|p2a: Stronger|76/100|[from] Leech Seed|[of] p1a: Tropius
|-fieldend|move: Trick Room
|upkeep
|turn|8
|
|t:|1760722241
|move|p1a: Tropius|Air Slash|p2a: Stronger
|-damage|p2a: Stronger|61/100
|move|p2a: Stronger|Icicle Crash|p1a: Tropius
|-supereffective|p1a: Tropius
|-end|p1a: Tropius|Substitute
|
|-damage|p2a: Stronger|48/100|[from] Leech Seed|[of] p1a: Tropius
|upkeep
|turn|9
|
|t:|1760722255
|move|p1a: Tropius|Substitute|p1a: Tropius
|-start|p1a: Tropius|Substitute
|-damage|p1a: Tropius|76/100
|move|p2a: Stronger|Icicle Crash|p1a: Tropius
|-supereffective|p1a: Tropius
|-end|p1a: Tropius|Substitute
|
|-damage|p2a: Stronger|36/100|[from] Leech Seed|[of] p1a: Tropius
|-heal|p1a: Tropius|88/100|[silent]
|upkeep
|turn|10
|
|t:|1760722263
|switch|p2a: Robin|Diancie, tera:Fairy|64/100
|move|p1a: Tropius|Substitute|p1a: Tropius
|-start|p1a: Tropius|Substitute
|-damage|p1a: Tropius|63/100
|
|upkeep
|turn|11
|
|t:|1760722271
|move|p1a: Tropius|Leech Seed|p2a: Robin
|-start|p2a: Robin|move: Leech Seed
|move|p2a: Robin|Trick Room|p2a: Robin
|-fieldstart|move: Trick Room|[of] p2a: Robin
|
|-damage|p2a: Robin|52/100|[from] Leech Seed|[of] p1a: Tropius
|-heal|p1a: Tropius|73/100|[silent]
|upkeep
|turn|12
|
|t:|1760722278
|move|p1a: Tropius|Protect|p1a: Tropius
|-singleturn|p1a: Tropius|Protect
|move|p2a: Robin|Moonblast|p1a: Tropius
|-activate|p1a: Tropius|move: Protect
|
|-damage|p2a: Robin|39/100|[from] Leech Seed|[of] p1a: Tropius
|-heal|p1a: Tropius|82/100|[silent]
|upkeep
|turn|13
|
|t:|1760722283
|move|p2a: Robin|Moonblast|p1a: Tropius
|-end|p1a: Tropius|Substitute
|move|p1a: Tropius|Substitute|p1a: Tropius
|-start|p1a: Tropius|Substitute
|-damage|p1a: Tropius|57/100
|
|-damage|p2a: Robin|27/100|[from] Leech Seed|[of] p1a: Tropius
|-heal|p1a: Tropius|67/100|[silent]
|upkeep
|turn|14
|
|t:|1760722289
|move|p1a: Tropius|Protect|p1a: Tropius
|-singleturn|p1a: Tropius|Protect
|move|p2a: Robin|Moonblast|p1a: Tropius
|-activate|p1a: Tropius|move: Protect
|
|-damage|p2a: Robin|14/100|[from] Leech Seed|[of] p1a: Tropius
|-heal|p1a: Tropius|76/100|[silent]
|upkeep
|turn|15
|
|t:|1760722294
|move|p2a: Robin|Moonblast|p1a: Tropius
|-end|p1a: Tropius|Substitute
|move|p1a: Tropius|Substitute|p1a: Tropius
|-start|p1a: Tropius|Substitute
|-damage|p1a: Tropius|51/100
|
|-damage|p2a: Robin|2/100|[from] Leech Seed|[of] p1a: Tropius
|-heal|p1a: Tropius|61/100|[silent]
|-fieldend|move: Trick Room
|upkeep
|turn|16
|
|t:|1760722302
|move|p1a: Tropius|Protect|p1a: Tropius
|-singleturn|p1a: Tropius|Protect
|move|p2a: Robin|Trick Room|p2a: Robin
|-fieldstart|move: Trick Room|[of] p2a: Robin
|
|-damage|p2a: Robin|0 fnt|[from] Leech Seed|[of] p1a: Tropius
|-heal|p1a: Tropius|62/100|[silent]
|faint|p2a: Robin
|upkeep
|
|t:|1760722311
|switch|p2a: Chopper|Ursaluna, M|100/100
|turn|17
|
|t:|1760722319
|move|p1a: Tropius|Protect||[still]
|-fail|p1a: Tropius
|move|p2a: Chopper|Thunder Punch|p1a: Tropius
|-end|p1a: Tropius|Substitute
|
|-status|p2a: Chopper|brn|[from] item: Flame Orb
|upkeep
|turn|18
|
|t:|1760722332
|move|p1a: Tropius|Protect|p1a: Tropius
|-singleturn|p1a: Tropius|Protect
|move|p2a: Chopper|Facade|p1a: Tropius
|-activate|p1a: Tropius|move: Protect
|
|-damage|p2a: Chopper|94/100 brn|[from] brn
|upkeep
|turn|19
|
|t:|1760722344
|switch|p1a: Gliscor|Gliscor, F|100/100
|-damage|p1a: Gliscor|88/100|[from] Stealth Rock
|move|p2a: Chopper|Facade|p1a: Gliscor
|-damage|p1a: Gliscor|5/100
|
|-damage|p2a: Chopper|88/100 brn|[from] brn
|-status|p1a: Gliscor|tox|[from] item: Toxic Orb
|upkeep
|turn|20
|
|t:|1760722355
|move|p1a: Gliscor|Protect|p1a: Gliscor
|-singleturn|p1a: Gliscor|Protect
|move|p2a: Chopper|Facade|p1a: Gliscor
|-activate|p1a: Gliscor|move: Protect
|
|-heal|p1a: Gliscor|17/100 tox|[from] ability: Poison Heal
|-damage|p2a: Chopper|82/100 brn|[from] brn
|-fieldend|move: Trick Room
|upkeep
|turn|21
|
|t:|1760722363
|move|p1a: Gliscor|Earthquake|p2a: Chopper
|-damage|p2a: Chopper|58/100 brn
|move|p2a: Chopper|Facade|p1a: Gliscor
|-damage|p1a: Gliscor|0 fnt
|faint|p1a: Gliscor
|
|-damage|p2a: Chopper|52/100 brn|[from] brn
|upkeep
|
|t:|1760722368
|switch|p1a: Blaziken|Blaziken, F|100/100
|-damage|p1a: Blaziken|88/100|[from] Stealth Rock
|turn|22
|
|t:|1760722386
|switch|p2a: Stronger|Glastrier|36/100
|move|p1a: Blaziken|Close Combat|p2a: Stronger
|-supereffective|p2a: Stronger
|-damage|p2a: Stronger|0 fnt
|-unboost|p1a: Blaziken|def|1
|-unboost|p1a: Blaziken|spd|1
|faint|p2a: Stronger
|-damage|p1a: Blaziken|78/100|[from] item: Life Orb
|
|-ability|p1a: Blaziken|Speed Boost|boost
|-boost|p1a: Blaziken|spe|1
|upkeep
|
|t:|1760722394
|switch|p2a: Jinbei|Slowbro, F, shiny|100/100
|turn|23
|
|t:|1760722397
|switch|p1a: Indeedee|Indeedee, M|100/100
|-damage|p1a: Indeedee|88/100|[from] Stealth Rock
|-fieldstart|move: Psychic Terrain|[from] ability: Psychic Surge|[of] p1a: Indeedee
|move|p2a: Jinbei|Trick Room|p2a: Jinbei
|-fieldstart|move: Trick Room|[of] p2a: Jinbei
|
|upkeep
|turn|24
|
|t:|1760722413
|-terastallize|p1a: Indeedee|Dark
|move|p2a: Jinbei|Scald|p1a: Indeedee
|-damage|p1a: Indeedee|47/100
|move|p1a: Indeedee|Shadow Ball|p2a: Jinbei
|-supereffective|p2a: Jinbei
|-damage|p2a: Jinbei|41/100
|
|upkeep
|turn|25
|
|t:|1760722429
|move|p2a: Jinbei|Scald|p1a: Indeedee
|-damage|p1a: Indeedee|7/100
|-status|p1a: Indeedee|brn
|move|p1a: Indeedee|Shadow Ball|p2a: Jinbei
|-supereffective|p2a: Jinbei
|-damage|p2a: Jinbei|0 fnt
|faint|p2a: Jinbei
|
|-damage|p1a: Indeedee|1/100 brn|[from] brn
|upkeep
|inactive|Mouu'd has 120 seconds left.
|
|t:|1760722447
|switch|p2a: Luffy gear 4th|Conkeldurr, F|38/100 brn
|turn|26
|
|t:|1760722453
|move|p2a: Luffy gear 4th|Drain Punch|p1a: Indeedee
|-supereffective|p1a: Indeedee
|-damage|p1a: Indeedee|0 fnt
|-heal|p2a: Luffy gear 4th|38/100 brn|[from] drain|[of] p1a: Indeedee
|faint|p1a: Indeedee
|
|-damage|p2a: Luffy gear 4th|32/100 brn|[from] brn
|upkeep
|
|t:|1760722458
|switch|p1a: Blaziken|Blaziken, F|78/100
|-damage|p1a: Blaziken|66/100|[from] Stealth Rock
|turn|27
|
|t:|1760722468
|move|p1a: Blaziken|Protect|p1a: Blaziken
|-singleturn|p1a: Blaziken|Protect
|move|p2a: Luffy gear 4th|Drain Punch|p1a: Blaziken
|-activate|p1a: Blaziken|move: Protect
|
|-damage|p2a: Luffy gear 4th|26/100 brn|[from] brn
|-fieldend|move: Trick Room
|-fieldend|move: Psychic Terrain
|-ability|p1a: Blaziken|Speed Boost|boost
|-boost|p1a: Blaziken|spe|1
|upkeep
|turn|28
|
|t:|1760722474
|move|p2a: Luffy gear 4th|Mach Punch|p1a: Blaziken
|-damage|p1a: Blaziken|15/100
|move|p1a: Blaziken|Brave Bird|p2a: Luffy gear 4th
|-supereffective|p2a: Luffy gear 4th
|-damage|p2a: Luffy gear 4th|0 fnt
|faint|p2a: Luffy gear 4th
|-damage|p1a: Blaziken|3/100|[from] Recoil
|-damage|p1a: Blaziken|0 fnt|[from] item: Life Orb
|faint|p1a: Blaziken
|
|upkeep
|
|t:|1760722490
|switch|p1a: Latios|Latios, M, shiny|100/100
|switch|p2a: Sodom|Exeggutor-Alola, M, shiny|100/100
|-damage|p1a: Latios|88/100|[from] Stealth Rock
|turn|29
|
|t:|1760722498
|move|p1a: Latios|Ice Beam|p2a: Sodom
|-supereffective|p2a: Sodom
|-damage|p2a: Sodom|0 fnt
|faint|p2a: Sodom
|
|upkeep
|
|t:|1760722504
|switch|p2a: Chopper|Ursaluna, M|52/100 brn
|turn|30
|
|t:|1760722509
|move|p1a: Latios|Ice Beam|p2a: Chopper
|-supereffective|p2a: Chopper
|-damage|p2a: Chopper|0 fnt
|faint|p2a: Chopper
|
|win|jadhe
|raw|jadhe's rating: 1311 &rarr; <strong>1330</strong><br />(+19 for winning)
|raw|Mouu&apos;d's rating: 1300 &rarr; <strong>1276</strong><br />(-24 for losing)
|l|☆Mouu'd
|player|p2|
