|j|☆HighRol
|j|☆Serpxriorz
|t:|1760875737
|gametype|singles
|player|p1|HighRol|ltsurge|1097
|player|p2|Serpxriorz|pokemaniac|1061
|gen|9
|tier|[Gen 9] OU
|rated|
|rule|HP Percentage Mod: HP is shown in percentages
|rule|Endless Battle Clause: Forcing endless battles is banned
|rule|Species Clause: Limit one of each Pokémon
|rule|OHKO Clause: OHKO moves are banned
|rule|Evasion Items Clause: Evasion items are banned
|rule|Evasion Moves Clause: Evasion moves are banned
|rule|Evasion Abilities Clause: Evasion abilities are banned
|rule|Sleep Moves Clause: Sleep-inducing moves are banned
|clearpoke
|poke|p1|Zoroark-Hisui, M|
|poke|p1|Haxorus, M|
|poke|p1|Toxtricity, M|
|poke|p1|Cinderace, M|
|poke|p1|Corviknight, M|
|poke|p1|Gastrodon, M|
|poke|p2|Serperior, F|
|poke|p2|Alomomola, F|
|poke|p2|Ting-Lu|
|poke|p2|Dragonite, F|
|poke|p2|Great Tusk|
|poke|p2|Heatran, F|
|teampreview
|inactive|Battle timer is ON: inactive players will automatically lose when time's up. (requested by Serpxriorz)
|inactive|HighRol has 120 seconds left.
|
|t:|1760875809
|teamsize|p1|6
|teamsize|p2|6
|start
|switch|p1a: Toxtricity|Toxtricity, M, shiny|100/100
|switch|p2a: Serperior|Serperior, F|100/100
|turn|1
|
|t:|1760875821
|switch|p2a: Ting-Lu|Ting-Lu|100/100
|-ability|p2a: Ting-Lu|Vessel of Ruin
|move|p1a: Toxtricity|Sludge Bomb|p2a: Ting-Lu
|-resisted|p2a: Ting-Lu
|-damage|p2a: Ting-Lu|91/100
|-status|p2a: Ting-Lu|psn
|
|-heal|p2a: Ting-Lu|97/100 psn|[from] item: Leftovers
|-damage|p2a: Ting-Lu|85/100 psn|[from] psn
|upkeep
|turn|2
|
|t:|1760875837
|move|p1a: Toxtricity|Volt Switch|p2a: Ting-Lu
|-immune|p2a: Ting-Lu
|move|p2a: Ting-Lu|Stealth Rock|p1a: Toxtricity
|-sidestart|p1: HighRol|move: Stealth Rock
|
|-heal|p2a: Ting-Lu|91/100 psn|[from] item: Leftovers
|-damage|p2a: Ting-Lu|79/100 psn|[from] psn
|upkeep
|turn|3
|
|t:|1760875853
|switch|p1a: Corviknight|Corviknight, M, shiny|100/100
|-damage|p1a: Corviknight|88/100|[from] Stealth Rock
|move|p2a: Ting-Lu|Ruination|p1a: Corviknight
|-damage|p1a: Corviknight|44/100
|
|-heal|p1a: Corviknight|50/100|[from] item: Leftovers
|-heal|p2a: Ting-Lu|85/100 psn|[from] item: Leftovers
|-damage|p2a: Ting-Lu|72/100 psn|[from] psn
|upkeep
|turn|4
|
|t:|1760875871
|move|p1a: Corviknight|Roost|p1a: Corviknight
|-heal|p1a: Corviknight|100/100
|-singleturn|p1a: Corviknight|move: Roost
|move|p2a: Ting-Lu|Whirlwind|p1a: Corviknight
|drag|p1a: Gastrodon|Gastrodon, M, shiny|100/100
|-damage|p1a: Gastrodon|94/100|[from] Stealth Rock
|
|-heal|p2a: Ting-Lu|79/100 psn|[from] item: Leftovers
|-heal|p1a: Gastrodon|100/100|[from] item: Leftovers
|-damage|p2a: Ting-Lu|66/100 psn|[from] psn
|upkeep
|turn|5
|
|t:|1760875886
|switch|p2a: Serperior|Serperior, F|100/100
|move|p1a: Gastrodon|Ice Beam|p2a: Serperior
|-supereffective|p2a: Serperior
|-damage|p2a: Serperior|60/100
|
|-heal|p2a: Serperior|66/100|[from] item: Leftovers
|upkeep
|turn|6
|
|t:|1760875896
|move|p2a: Serperior|Leaf Storm|p1a: Gastrodon
|-supereffective|p1a: Gastrodon
|-damage|p1a: Gastrodon|15/100
|-boost|p2a: Serperior|spa|2
|move|p1a: Gastrodon|Ice Beam|p2a: Serperior
|-supereffective|p2a: Serperior
|-damage|p2a: Serperior|29/100
|
|-heal|p2a: Serperior|35/100|[from] item: Leftovers
|-heal|p1a: Gastrodon|21/100|[from] item: Leftovers
|upkeep
|turn|7
|inactive|HighRol has 120 seconds left.
|
|t:|1760875912
|switch|p1a: Corviknight|Corviknight, M, shiny|100/100
|-damage|p1a: Corviknight|88/100|[from] Stealth Rock
|move|p2a: Serperior|Leaf Storm|p1a: Corviknight
|-resisted|p1a: Corviknight
|-damage|p1a: Corviknight|73/100
|-boost|p2a: Serperior|spa|2
|
|-heal|p2a: Serperior|41/100|[from] item: Leftovers
|-heal|p1a: Corviknight|79/100|[from] item: Leftovers
|upkeep
|turn|8
|inactive|HighRol has 120 seconds left.
|
|t:|1760875925
|move|p2a: Serperior|Substitute|p2a: Serperior
|-start|p2a: Serperior|Substitute
|-damage|p2a: Serperior|16/100
|move|p1a: Corviknight|Brave Bird|p2a: Serperior
|-supereffective|p2a: Serperior
|-end|p2a: Serperior|Substitute
|-damage|p1a: Corviknight|72/100|[from] Recoil|[of] p2a: Serperior
|
|-heal|p2a: Serperior|23/100|[from] item: Leftovers
|-heal|p1a: Corviknight|78/100|[from] item: Leftovers
|upkeep
|turn|9
|inactive|HighRol has 120 seconds left.
|
|t:|1760875936
|switch|p2a: Alomomola|Alomomola, F|100/100
|move|p1a: Corviknight|Brave Bird|p2a: Alomomola
|-damage|p2a: Alomomola|82/100
|-damage|p1a: Corviknight|70/100|[from] Recoil
|
|-heal|p1a: Corviknight|76/100|[from] item: Leftovers
|upkeep
|turn|10
|inactive|HighRol has 120 seconds left.
|
|t:|1760875954
|move|p1a: Corviknight|U-turn|p2a: Alomomola
|-damage|p2a: Alomomola|74/100
|
|t:|1760875957
|switch|p1a: Toxtricity|Toxtricity, M, shiny|100/100|[from] U-turn
|-damage|p1a: Toxtricity|88/100|[from] Stealth Rock
|move|p2a: Alomomola|Wish|p2a: Alomomola
|
|upkeep
|turn|11
|
|t:|1760875968
|move|p1a: Toxtricity|Overdrive|p2a: Alomomola
|-supereffective|p2a: Alomomola
|-damage|p2a: Alomomola|0 fnt
|faint|p2a: Alomomola
|-enditem|p1a: Toxtricity|Throat Spray
|-boost|p1a: Toxtricity|spa|1|[from] item: Throat Spray
|
|upkeep
|
|t:|1760875972
|switch|p2a: Serperior|Serperior, F|23/100
|turn|12
|
|t:|1760875981
|switch|p2a: Ting-Lu|Ting-Lu|66/100 psn
|-ability|p2a: Ting-Lu|Vessel of Ruin
|move|p1a: Toxtricity|Sludge Bomb|p2a: Ting-Lu
|-resisted|p2a: Ting-Lu
|-damage|p2a: Ting-Lu|51/100 psn
|
|-heal|p2a: Ting-Lu|57/100 psn|[from] item: Leftovers
|-damage|p2a: Ting-Lu|45/100 psn|[from] psn
|upkeep
|turn|13
|
|t:|1760875993
|move|p1a: Toxtricity|Boomburst|p2a: Ting-Lu
|-damage|p2a: Ting-Lu|8/100 psn
|move|p2a: Ting-Lu|Whirlwind|p1a: Toxtricity
|drag|p1a: Gastrodon|Gastrodon, M, shiny|100/100
|-damage|p1a: Gastrodon|88/100|[from] Stealth Rock
|
|-heal|p2a: Ting-Lu|15/100 psn|[from] item: Leftovers
|-damage|p2a: Ting-Lu|2/100 psn|[from] psn
|upkeep
|turn|14
|
|t:|1760876007
|move|p1a: Gastrodon|Hyper Voice|p2a: Ting-Lu
|-damage|p2a: Ting-Lu|0 fnt
|faint|p2a: Ting-Lu
|
|upkeep
|
|t:|1760876021
|switch|p2a: Great Tusk|Great Tusk|100/100
|turn|15
|
|t:|1760876033
|-terastallize|p2a: Great Tusk|Steel
|move|p1a: Gastrodon|U-turn|p2a: Great Tusk
|-resisted|p2a: Great Tusk
|-damage|p2a: Great Tusk|96/100
|
|t:|1760876038
|switch|p1a: Cinderace|Cinderace, M, shiny|100/100|[from] U-turn
|-damage|p1a: Cinderace|76/100|[from] Stealth Rock
|move|p2a: Great Tusk|Rapid Spin|p1a: Cinderace
|-damage|p1a: Cinderace|49/100
|-boost|p2a: Great Tusk|spe|1
|
|upkeep
|turn|16
|
|t:|1760876050
|move|p2a: Great Tusk|Headlong Rush|p1a: Cinderace
|-supereffective|p1a: Cinderace
|-damage|p1a: Cinderace|0 fnt
|-unboost|p2a: Great Tusk|def|1
|-unboost|p2a: Great Tusk|spd|1
|faint|p1a: Cinderace
|
|upkeep
|inactive|HighRol has 120 seconds left.
|
|t:|1760876095
|switch|p1a: Gastrodon|Gastrodon, M, shiny|21/100
|-damage|p1a: Gastrodon|15/100|[from] Stealth Rock
|turn|17
|
|t:|1760876104
|move|p2a: Great Tusk|Ice Spinner|p1a: Gastrodon
|-damage|p1a: Gastrodon|0 fnt
|faint|p1a: Gastrodon
|
|upkeep
|
|t:|1760876116
|switch|p1a: Corviknight|Corviknight, M, shiny|88/100
|-damage|p1a: Corviknight|76/100|[from] Stealth Rock
|turn|18
|
|t:|1760876126
|-end|p2a: Great Tusk|Protosynthesis|[silent]
|switch|p2a: Heatran|Heatran, F|100/100
|move|p1a: Corviknight|Flamethrower|p2a: Heatran
|-start|p2a: Heatran|ability: Flash Fire
|
|upkeep
|turn|19
|
|t:|1760876144
|move|p1a: Corviknight|Shadow Ball|p2a: Heatran
|-damage|p2a: Heatran|59/100
|move|p2a: Heatran|Magma Storm|p1a: Corviknight
|-damage|p1a: Corviknight|0 fnt
|replace|p1a: Zoroark|Zoroark-Hisui, M, shiny
|-end|p1a: Zoroark|Illusion
|faint|p1a: Zoroark
|
|-heal|p2a: Heatran|65/100|[from] item: Leftovers
|upkeep
|inactive|HighRol has 90 seconds left.
|inactive|HighRol has 60 seconds left.
|
|t:|1760876196
|switch|p1a: Haxorus|Haxorus, M, shiny|100/100
|-damage|p1a: Haxorus|88/100|[from] Stealth Rock
|-ability|p1a: Haxorus|Mold Breaker
|turn|20
|
|t:|1760876211
|-end|p2a: Heatran|ability: Flash Fire|[silent]
|switch|p2a: Serperior|Serperior, F|23/100
|-terastallize|p1a: Haxorus|Steel
|move|p1a: Haxorus|Earthquake|p2a: Serperior
|-resisted|p2a: Serperior
|-damage|p2a: Serperior|3/100
|
|-heal|p2a: Serperior|10/100|[from] item: Leftovers
|upkeep
|turn|21
|
|t:|1760876225
|move|p2a: Serperior|Glare|p1a: Haxorus
|-status|p1a: Haxorus|par
|-enditem|p1a: Haxorus|Lum Berry|[eat]
|-curestatus|p1a: Haxorus|par|[msg]
|move|p1a: Haxorus|Dragon Dance|p1a: Haxorus
|-boost|p1a: Haxorus|atk|1
|-boost|p1a: Haxorus|spe|1
|
|-heal|p2a: Serperior|16/100|[from] item: Leftovers
|upkeep
|turn|22
|
|t:|1760876238
|move|p1a: Haxorus|Earthquake|p2a: Serperior
|-resisted|p2a: Serperior
|-damage|p2a: Serperior|0 fnt
|faint|p2a: Serperior
|
|upkeep
|
|t:|1760876242
|switch|p2a: Dragonite|Dragonite, F|100/100
|turn|23
|inactive|HighRol has 60 seconds left.
|
|t:|1760876278
|move|p1a: Haxorus|Outrage|p2a: Dragonite
|-supereffective|p2a: Dragonite
|-damage|p2a: Dragonite|0 fnt
|faint|p2a: Dragonite
|
|upkeep
|inactive|Serpxriorz has 120 seconds left.
|
|t:|1760876297
|switch|p2a: Great Tusk|Great Tusk, tera:Steel|96/100
|turn|24
|
|t:|1760876302
|move|p1a: Haxorus|Outrage|p2a: Great Tusk|[from] lockedmove
|-resisted|p2a: Great Tusk
|-damage|p2a: Great Tusk|60/100
|move|p2a: Great Tusk|Ice Spinner|p1a: Haxorus
|-resisted|p1a: Haxorus
|-damage|p1a: Haxorus|71/100
|
|upkeep
|turn|25
|inactive|HighRol has 60 seconds left.
|
|t:|1760876312
|move|p1a: Haxorus|Outrage|p2a: Great Tusk|[from] lockedmove
|-resisted|p2a: Great Tusk
|-damage|p2a: Great Tusk|23/100
|-start|p1a: Haxorus|confusion|[fatigue]
|move|p2a: Great Tusk|Headlong Rush|p1a: Haxorus
|-supereffective|p1a: Haxorus
|-damage|p1a: Haxorus|0 fnt
|-unboost|p2a: Great Tusk|def|1
|-unboost|p2a: Great Tusk|spd|1
|faint|p1a: Haxorus
|
|upkeep
|inactive|HighRol has 60 seconds left.
|
|t:|1760876335
|switch|p1a: Corviknight|Corviknight, M, shiny|76/100
|-damage|p1a: Corviknight|64/100|[from] Stealth Rock
|turn|26
|
|t:|1760876346
|move|p2a: Great Tusk|Ice Spinner|p1a: Corviknight
|-damage|p1a: Corviknight|45/100
|move|p1a: Corviknight|Brave Bird|p2a: Great Tusk
|-resisted|p2a: Great Tusk
|-damage|p2a: Great Tusk|3/100
|-damage|p1a: Corviknight|39/100|[from] Recoil
|
|-heal|p1a: Corviknight|45/100|[from] item: Leftovers
|upkeep
|turn|27
|inactive|HighRol has 60 seconds left.
|
|t:|1760876358
|move|p2a: Great Tusk|Ice Spinner|p1a: Corviknight
|-damage|p1a: Corviknight|26/100
|move|p1a: Corviknight|U-turn|p2a: Great Tusk
|-resisted|p2a: Great Tusk
|-damage|p2a: Great Tusk|0 fnt
|faint|p2a: Great Tusk
|-end|p2a: Great Tusk|Protosynthesis|[silent]
|
|t:|1760876366
|switch|p1a: Toxtricity|Toxtricity, M, shiny|88/100|[from] U-turn
|-damage|p1a: Toxtricity|76/100|[from] Stealth Rock
|
|upkeep
|
|t:|1760876368
|switch|p2a: Heatran|Heatran, F|65/100
|turn|28
|inactive|HighRol has 60 seconds left.
|
|t:|1760876385
|move|p2a: Heatran|Earth Power|p1a: Toxtricity
|-supereffective|p1a: Toxtricity
|-damage|p1a: Toxtricity|0 fnt
|faint|p1a: Toxtricity
|
|-heal|p2a: Heatran|71/100|[from] item: Leftovers
|upkeep
|
|t:|1760876393
|switch|p1a: Corviknight|Corviknight, M, shiny|26/100
|-damage|p1a: Corviknight|13/100|[from] Stealth Rock
|turn|29
|inactive|HighRol has 60 seconds left.
|
|t:|1760876402
|move|p2a: Heatran|Magma Storm|p1a: Corviknight
|-supereffective|p1a: Corviknight
|-damage|p1a: Corviknight|0 fnt
|faint|p1a: Corviknight
|
|win|Serpxriorz
|raw|HighRol's rating: 1097 &rarr; <strong>1070</strong><br />(-27 for losing)
|raw|Serpxriorz's rating: 1061 &rarr; <strong>1095</strong><br />(+34 for winning)
|l|☆Serpxriorz
|player|p2|
|l|☆HighRol
|player|p1|
