|j|☆Drakolithe
|j|☆itsyumiiiii
|t:|1760878185
|gametype|singles
|player|p1|Drakolithe|265|1338
|player|p2|itsyumiiiii|iris|1352
|gen|9
|tier|[Gen 9] OU
|rated|
|rule|HP Percentage Mod: HP is shown in percentages
|rule|Endless Battle Clause: Forcing endless battles is banned
|rule|Species Clause: Limit one of each Pokémon
|rule|OHKO Clause: OHKO moves are banned
|rule|Evasion Items Clause: Evasion items are banned
|rule|Evasion Moves Clause: Evasion moves are banned
|rule|Evasion Abilities Clause: Evasion abilities are banned
|rule|Sleep Moves Clause: Sleep-inducing moves are banned
|clearpoke
|poke|p1|Glimmora, M|
|poke|p1|Zamazenta-*|
|poke|p1|Latias, F|
|poke|p1|Gholdengo|
|poke|p1|Dragonite, F|
|poke|p1|Iron Valiant|
|poke|p2|Heatran, M|
|poke|p2|Tyranitar, M|
|poke|p2|Gholdengo|
|poke|p2|Enamorus-Therian, F|
|poke|p2|Quaquaval, M|
|poke|p2|Weezing-Galar, M|
|teampreview
|inactive|Battle timer is ON: inactive players will automatically lose when time's up. (requested by itsyumiiiii)
|inactive|Drakolithe also wants the timer to be on.
|
|t:|1760878193
|teamsize|p1|6
|teamsize|p2|6
|start
|switch|p1a: Glimmora|Glimmora, M|100/100
|switch|p2a: Quaquaval|Quaquaval, M, shiny|100/100
|turn|1
|
|t:|1760878197
|move|p2a: Quaquaval|Aqua Step|p1a: Glimmora
|-supereffective|p1a: Glimmora
|-damage|p1a: Glimmora|24/100
|-boost|p2a: Quaquaval|spe|1
|-activate|p1a: Glimmora|ability: Toxic Debris
|-sidestart|p2: itsyumiiiii|move: Toxic Spikes
|-enditem|p1a: Glimmora|Red Card|[of] p2a: Quaquaval
|drag|p2a: Heatran|Heatran, M|100/100
|move|p1a: Glimmora|Stealth Rock|p2a: Heatran
|-sidestart|p2: itsyumiiiii|move: Stealth Rock
|
|upkeep
|turn|2
|
|t:|1760878211
|move|p1a: Glimmora|Earth Power|p2a: Heatran
|-supereffective|p2a: Heatran
|-damage|p2a: Heatran|36/100
|move|p2a: Heatran|Earth Power|p1a: Glimmora
|-supereffective|p1a: Glimmora
|-damage|p1a: Glimmora|0 fnt
|faint|p1a: Glimmora
|
|-heal|p2a: Heatran|42/100|[from] item: Leftovers
|upkeep
|
|t:|1760878236
|switch|p1a: Zamazenta|Zamazenta|100/100
|-ability|p1a: Zamazenta|Dauntless Shield|boost
|-boost|p1a: Zamazenta|def|1
|turn|3
|
|t:|1760878243
|switch|p2a: Weezing|Weezing-Galar, M|100/100
|-ability|p2a: Weezing|Neutralizing Gas
|-sideend|p2: itsyumiiiii|move: Toxic Spikes|[of] p2a: Weezing
|move|p1a: Zamazenta|Substitute|p1a: Zamazenta
|-start|p1a: Zamazenta|Substitute
|-damage|p1a: Zamazenta|76/100
|
|-heal|p1a: Zamazenta|82/100|[from] item: Leftovers
|upkeep
|turn|4
|
|t:|1760878264
|move|p1a: Zamazenta|Iron Defense|p1a: Zamazenta
|-boost|p1a: Zamazenta|def|2
|move|p2a: Weezing|Sludge Bomb|p1a: Zamazenta
|-activate|p1a: Zamazenta|move: Substitute|[damage]
|
|-heal|p1a: Zamazenta|88/100|[from] item: Leftovers
|upkeep
|turn|5
|
|t:|1760878275
|move|p1a: Zamazenta|Body Press|p2a: Weezing
|-resisted|p2a: Weezing
|-damage|p2a: Weezing|87/100
|move|p2a: Weezing|Sludge Bomb|p1a: Zamazenta
|-end|p1a: Zamazenta|Substitute
|
|-heal|p1a: Zamazenta|94/100|[from] item: Leftovers
|upkeep
|turn|6
|
|t:|1760878278
|move|p1a: Zamazenta|Substitute|p1a: Zamazenta
|-start|p1a: Zamazenta|Substitute
|-damage|p1a: Zamazenta|69/100
|move|p2a: Weezing|Sludge Bomb|p1a: Zamazenta
|-activate|p1a: Zamazenta|move: Substitute|[damage]
|
|-heal|p1a: Zamazenta|76/100|[from] item: Leftovers
|upkeep
|turn|7
|
|t:|1760878284
|move|p1a: Zamazenta|Iron Defense|p1a: Zamazenta
|-boost|p1a: Zamazenta|def|2
|move|p2a: Weezing|Sludge Bomb|p1a: Zamazenta
|-end|p1a: Zamazenta|Substitute
|
|-heal|p1a: Zamazenta|82/100|[from] item: Leftovers
|upkeep
|turn|8
|
|t:|1760878287
|move|p1a: Zamazenta|Substitute|p1a: Zamazenta
|-start|p1a: Zamazenta|Substitute
|-damage|p1a: Zamazenta|57/100
|move|p2a: Weezing|Sludge Bomb|p1a: Zamazenta
|-crit|p1a: Zamazenta
|-end|p1a: Zamazenta|Substitute
|
|-heal|p1a: Zamazenta|63/100|[from] item: Leftovers
|upkeep
|turn|9
|
|t:|1760878293
|move|p1a: Zamazenta|Substitute|p1a: Zamazenta
|-start|p1a: Zamazenta|Substitute
|-damage|p1a: Zamazenta|38/100
|move|p2a: Weezing|Sludge Bomb|p1a: Zamazenta
|-activate|p1a: Zamazenta|move: Substitute|[damage]
|
|-heal|p1a: Zamazenta|44/100|[from] item: Leftovers
|upkeep
|turn|10
|
|t:|1760878295
|move|p1a: Zamazenta|Body Press|p2a: Weezing
|-resisted|p2a: Weezing
|-damage|p2a: Weezing|67/100
|move|p2a: Weezing|Sludge Bomb|p1a: Zamazenta
|-end|p1a: Zamazenta|Substitute
|
|-heal|p1a: Zamazenta|51/100|[from] item: Leftovers
|upkeep
|turn|11
|
|t:|1760878302
|move|p1a: Zamazenta|Substitute|p1a: Zamazenta
|-start|p1a: Zamazenta|Substitute
|-damage|p1a: Zamazenta|26/100
|move|p2a: Weezing|Sludge Bomb|p1a: Zamazenta
|-activate|p1a: Zamazenta|move: Substitute|[damage]
|
|-heal|p1a: Zamazenta|32/100|[from] item: Leftovers
|upkeep
|turn|12
|
|t:|1760878304
|move|p1a: Zamazenta|Body Press|p2a: Weezing
|-resisted|p2a: Weezing
|-damage|p2a: Weezing|50/100
|move|p2a: Weezing|Sludge Bomb|p1a: Zamazenta
|-end|p1a: Zamazenta|Substitute
|
|-heal|p1a: Zamazenta|38/100|[from] item: Leftovers
|upkeep
|turn|13
|
|t:|1760878308
|move|p1a: Zamazenta|Substitute|p1a: Zamazenta
|-start|p1a: Zamazenta|Substitute
|-damage|p1a: Zamazenta|13/100
|move|p2a: Weezing|Sludge Bomb|p1a: Zamazenta
|-activate|p1a: Zamazenta|move: Substitute|[damage]
|
|-heal|p1a: Zamazenta|19/100|[from] item: Leftovers
|upkeep
|turn|14
|
|t:|1760878310
|move|p1a: Zamazenta|Body Press|p2a: Weezing
|-resisted|p2a: Weezing
|-damage|p2a: Weezing|32/100
|move|p2a: Weezing|Sludge Bomb|p1a: Zamazenta
|-end|p1a: Zamazenta|Substitute
|
|-heal|p1a: Zamazenta|26/100|[from] item: Leftovers
|upkeep
|turn|15
|
|t:|1760878321
|move|p1a: Zamazenta|Crunch|p2a: Weezing
|-resisted|p2a: Weezing
|-damage|p2a: Weezing|25/100
|move|p2a: Weezing|Sludge Bomb|p1a: Zamazenta
|-damage|p1a: Zamazenta|4/100
|
|-heal|p1a: Zamazenta|10/100|[from] item: Leftovers
|upkeep
|turn|16
|
|t:|1760878326
|move|p1a: Zamazenta|Body Press|p2a: Weezing
|-resisted|p2a: Weezing
|-damage|p2a: Weezing|6/100
|move|p2a: Weezing|Toxic Spikes|p1a: Zamazenta
|-sidestart|p1: Drakolithe|move: Toxic Spikes
|
|-heal|p1a: Zamazenta|17/100|[from] item: Leftovers
|upkeep
|turn|17
|
|t:|1760878328
|move|p1a: Zamazenta|Body Press|p2a: Weezing
|-resisted|p2a: Weezing
|-damage|p2a: Weezing|0 fnt
|faint|p2a: Weezing
|-end|p2a: Weezing|ability: Neutralizing Gas
|
|-heal|p1a: Zamazenta|23/100|[from] item: Leftovers
|upkeep
|
|t:|1760878337
|switch|p2a: Enamorus|Enamorus-Therian, F|100/100
|-damage|p2a: Enamorus|76/100|[from] Stealth Rock
|turn|18
|
|t:|1760878341
|move|p1a: Zamazenta|Body Press|p2a: Enamorus
|-resisted|p2a: Enamorus
|-damage|p2a: Enamorus|51/100
|move|p2a: Enamorus|Iron Defense|p2a: Enamorus
|-boost|p2a: Enamorus|def|2
|
|-heal|p1a: Zamazenta|29/100|[from] item: Leftovers
|-heal|p2a: Enamorus|57/100|[from] item: Leftovers
|upkeep
|turn|19
|
|t:|1760878348
|switch|p1a: Gholdengo|Gholdengo|100/100
|move|p2a: Enamorus|Draining Kiss|p1a: Gholdengo
|-resisted|p1a: Gholdengo
|-damage|p1a: Gholdengo|86/100
|-heal|p2a: Enamorus|68/100|[from] drain|[of] p1a: Gholdengo
|
|-heal|p2a: Enamorus|74/100|[from] item: Leftovers
|upkeep
|turn|20
|
|t:|1760878362
|-terastallize|p2a: Enamorus|Poison
|move|p1a: Gholdengo|Nasty Plot|p1a: Gholdengo
|-boost|p1a: Gholdengo|spa|2
|move|p2a: Enamorus|Calm Mind|p2a: Enamorus
|-boost|p2a: Enamorus|spa|1
|-boost|p2a: Enamorus|spd|1
|
|-heal|p2a: Enamorus|80/100|[from] item: Leftovers
|upkeep
|turn|21
|
|t:|1760878367
|move|p1a: Gholdengo|Shadow Ball|p2a: Enamorus
|-damage|p2a: Enamorus|24/100
|-unboost|p2a: Enamorus|spd|1
|move|p2a: Enamorus|Earth Power|p1a: Gholdengo
|-supereffective|p1a: Gholdengo
|-damage|p1a: Gholdengo|0 fnt
|faint|p1a: Gholdengo
|
|-heal|p2a: Enamorus|30/100|[from] item: Leftovers
|upkeep
|
|t:|1760878396
|switch|p1a: Zamazenta|Zamazenta|29/100
|-status|p1a: Zamazenta|psn
|turn|22
|
|t:|1760878402
|move|p1a: Zamazenta|Crunch|p2a: Enamorus
|-damage|p2a: Enamorus|20/100
|move|p2a: Enamorus|Draining Kiss|p1a: Zamazenta
|-supereffective|p1a: Zamazenta
|-damage|p1a: Zamazenta|0 fnt
|-heal|p2a: Enamorus|42/100|[from] drain|[of] p1a: Zamazenta
|faint|p1a: Zamazenta
|
|-heal|p2a: Enamorus|48/100|[from] item: Leftovers
|upkeep
|
|t:|1760878415
|switch|p1a: Latias|Latias, F|100/100
|turn|23
|
|t:|1760878424
|-terastallize|p1a: Latias|Fairy
|move|p1a: Latias|Calm Mind|p1a: Latias
|-boost|p1a: Latias|spa|1
|-boost|p1a: Latias|spd|1
|move|p2a: Enamorus|Draining Kiss|p1a: Latias
|-damage|p1a: Latias|79/100
|-heal|p2a: Enamorus|64/100|[from] drain|[of] p1a: Latias
|
|-heal|p1a: Latias|85/100|[from] item: Leftovers
|-heal|p2a: Enamorus|70/100|[from] item: Leftovers
|upkeep
|turn|24
|
|t:|1760878429
|move|p1a: Latias|Calm Mind|p1a: Latias
|-boost|p1a: Latias|spa|1
|-boost|p1a: Latias|spd|1
|move|p2a: Enamorus|Calm Mind|p2a: Enamorus
|-boost|p2a: Enamorus|spa|1
|-boost|p2a: Enamorus|spd|1
|
|-heal|p1a: Latias|92/100|[from] item: Leftovers
|-heal|p2a: Enamorus|76/100|[from] item: Leftovers
|upkeep
|turn|25
|
|t:|1760878432
|move|p1a: Latias|Calm Mind|p1a: Latias
|-boost|p1a: Latias|spa|1
|-boost|p1a: Latias|spd|1
|move|p2a: Enamorus|Calm Mind|p2a: Enamorus
|-boost|p2a: Enamorus|spa|1
|-boost|p2a: Enamorus|spd|1
|
|-heal|p1a: Latias|98/100|[from] item: Leftovers
|-heal|p2a: Enamorus|82/100|[from] item: Leftovers
|upkeep
|turn|26
|
|t:|1760878434
|move|p1a: Latias|Calm Mind|p1a: Latias
|-boost|p1a: Latias|spa|1
|-boost|p1a: Latias|spd|1
|move|p2a: Enamorus|Calm Mind|p2a: Enamorus
|-boost|p2a: Enamorus|spa|1
|-boost|p2a: Enamorus|spd|1
|
|-heal|p1a: Latias|100/100|[from] item: Leftovers
|-heal|p2a: Enamorus|88/100|[from] item: Leftovers
|upkeep
|turn|27
|
|t:|1760878437
|move|p1a: Latias|Calm Mind|p1a: Latias
|-boost|p1a: Latias|spa|1
|-boost|p1a: Latias|spd|1
|move|p2a: Enamorus|Draining Kiss|p1a: Latias
|-damage|p1a: Latias|81/100
|-heal|p2a: Enamorus|100/100|[from] drain|[of] p1a: Latias
|
|-heal|p1a: Latias|87/100|[from] item: Leftovers
|upkeep
|turn|28
|
|t:|1760878445
|move|p1a: Latias|Calm Mind|p1a: Latias
|-boost|p1a: Latias|spa|1
|-boost|p1a: Latias|spd|1
|move|p2a: Enamorus|Draining Kiss|p1a: Latias
|-damage|p1a: Latias|71/100
|
|-heal|p1a: Latias|77/100|[from] item: Leftovers
|upkeep
|turn|29
|
|t:|1760878448
|move|p1a: Latias|Stored Power|p2a: Enamorus
|-supereffective|p2a: Enamorus
|-damage|p2a: Enamorus|0 fnt
|faint|p2a: Enamorus
|
|-heal|p1a: Latias|83/100|[from] item: Leftovers
|upkeep
|
|t:|1760878451
|switch|p2a: Gholdengo|Gholdengo|100/100
|-damage|p2a: Gholdengo|94/100|[from] Stealth Rock
|-item|p2a: Gholdengo|Air Balloon
|turn|30
|
|t:|1760878456
|move|p1a: Latias|Stored Power|p2a: Gholdengo
|-resisted|p2a: Gholdengo
|-damage|p2a: Gholdengo|0 fnt
|-enditem|p2a: Gholdengo|Air Balloon
|faint|p2a: Gholdengo
|
|-heal|p1a: Latias|89/100|[from] item: Leftovers
|upkeep
|-message|itsyumiiiii forfeited.
|
|win|Drakolithe
|raw|Drakolithe's rating: 1338 &rarr; <strong>1359</strong><br />(+21 for winning)
|raw|itsyumiiiii's rating: 1352 &rarr; <strong>1331</strong><br />(-21 for losing)
|l|☆itsyumiiiii
|player|p2|
