|j|☆LouisTrainerO
|j|☆mr.creep69
|t:|1760798311
|gametype|singles
|player|p1|LouisTrainerO|2|1077
|player|p2|mr.creep69|cynthia|1056
|gen|9
|tier|[Gen 9] OU
|rated|
|rule|HP Percentage Mod: HP is shown in percentages
|rule|Endless Battle Clause: Forcing endless battles is banned
|rule|Species Clause: Limit one of each Pokémon
|rule|OHKO Clause: OHKO moves are banned
|rule|Evasion Items Clause: Evasion items are banned
|rule|Evasion Moves Clause: Evasion moves are banned
|rule|Evasion Abilities Clause: Evasion abilities are banned
|rule|Sleep Moves Clause: Sleep-inducing moves are banned
|clearpoke
|poke|p1|Forretress, M|
|poke|p1|Fezandipiti, M|
|poke|p1|Primarina, F|
|poke|p1|Meganium, F|
|poke|p1|Froslass, F|
|poke|p1|Pyroar, M|
|poke|p2|Scizor, F|
|poke|p2|Blaziken, M|
|poke|p2|Zapdos|
|poke|p2|Manaphy|
|poke|p2|Dragapult, F|
|poke|p2|Great Tusk|
|teampreview
|inactive|Battle timer is ON: inactive players will automatically lose when time's up. (requested by mr.creep69)
|
|t:|1760798321
|teamsize|p1|6
|teamsize|p2|6
|start
|switch|p1a: Fezandipiti|Fezandipiti, M|100/100
|switch|p2a: Stupid bird|Zapdos, shiny|100/100
|turn|1
|
|t:|1760798332
|move|p2a: Stupid bird|Tailwind|p2a: Stupid bird
|-sidestart|p2: mr.creep69|move: Tailwind
|move|p1a: Fezandipiti|Dual Wingbeat|p2a: Stupid bird
|-resisted|p2a: Stupid bird
|-damage|p2a: Stupid bird|95/100
|-status|p1a: Fezandipiti|par|[from] ability: Static|[of] p2a: Stupid bird
|-resisted|p2a: Stupid bird
|-damage|p2a: Stupid bird|90/100
|-hitcount|p2a: Stupid bird|2
|
|upkeep
|turn|2
|
|t:|1760798347
|switch|p2a: Bluefacebaby|Manaphy, shiny|100/100
|move|p1a: Fezandipiti|U-turn|p2a: Bluefacebaby
|-damage|p2a: Bluefacebaby|86/100
|
|t:|1760798353
|switch|p1a: Froslass|Froslass, F|100/100|[from] U-turn
|
|upkeep
|turn|3
|
|t:|1760798357
|move|p2a: Bluefacebaby|Tail Glow|p2a: Bluefacebaby
|-boost|p2a: Bluefacebaby|spa|3
|move|p1a: Froslass|Taunt|p2a: Bluefacebaby
|-start|p2a: Bluefacebaby|move: Taunt
|
|upkeep
|turn|4
|
|t:|1760798367
|switch|p2a: Great Tusk|Great Tusk|100/100
|-enditem|p2a: Great Tusk|Booster Energy
|-activate|p2a: Great Tusk|ability: Protosynthesis|[fromitem]
|-start|p2a: Great Tusk|protosynthesisatk
|move|p1a: Froslass|Will-O-Wisp|p2a: Great Tusk
|-status|p2a: Great Tusk|brn
|
|-damage|p2a: Great Tusk|94/100 brn|[from] brn
|-sideend|p2: mr.creep69|move: Tailwind
|upkeep
|turn|5
|
|t:|1760798386
|move|p1a: Froslass|Frost Breath|p2a: Great Tusk
|-supereffective|p2a: Great Tusk
|-crit|p2a: Great Tusk
|-damage|p2a: Great Tusk|0 fnt
|faint|p2a: Great Tusk
|-end|p2a: Great Tusk|Protosynthesis|[silent]
|
|upkeep
|
|t:|1760798396
|switch|p2a: Skibidi|Dragapult, F, shiny|100/100
|turn|6
|
|t:|1760798402
|move|p2a: Skibidi|Endure|p2a: Skibidi
|-singleturn|p2a: Skibidi|move: Endure
|move|p1a: Froslass|Will-O-Wisp|p2a: Skibidi
|-status|p2a: Skibidi|brn
|
|-damage|p2a: Skibidi|95/100 brn|[from] brn
|upkeep
|turn|7
|
|t:|1760798412
|switch|p2a: Penile snipper|Scizor, F, shiny|100/100
|move|p1a: Froslass|Frost Breath|p2a: Penile snipper
|-resisted|p2a: Penile snipper
|-crit|p2a: Penile snipper
|-damage|p2a: Penile snipper|78/100
|
|upkeep
|turn|8
|
|t:|1760798422
|switch|p1a: Forretress|Forretress, M|100/100
|move|p2a: Penile snipper|Bullet Punch|p1a: Forretress
|-resisted|p1a: Forretress
|-damage|p1a: Forretress|88/100
|-damage|p2a: Penile snipper|61/100|[from] item: Rocky Helmet|[of] p1a: Forretress
|-damage|p2a: Penile snipper|51/100|[from] item: Life Orb
|
|upkeep
|turn|9
|
|t:|1760798437
|switch|p2a: Chciken|Blaziken, M, shiny|100/100
|move|p1a: Forretress|Stealth Rock|p2a: Chciken
|-sidestart|p2: mr.creep69|move: Stealth Rock
|
|upkeep
|turn|10
|
|t:|1760798454
|move|p2a: Chciken|Swords Dance|p2a: Chciken
|-boost|p2a: Chciken|atk|2
|move|p1a: Forretress|Volt Switch|p2a: Chciken
|-damage|p2a: Chciken|86/100
|
|t:|1760798459
|switch|p1a: Froslass|Froslass, F|100/100|[from] Volt Switch
|
|-ability|p2a: Chciken|Speed Boost|boost
|-boost|p2a: Chciken|spe|1
|upkeep
|turn|11
|
|t:|1760798471
|move|p2a: Chciken|Earthquake|p1a: Froslass
|-enditem|p1a: Froslass|Focus Sash
|-damage|p1a: Froslass|1/100
|-start|p2a: Chciken|Disable|Earthquake|[from] ability: Cursed Body|[of] p1a: Froslass
|move|p1a: Froslass|Shadow Ball|p2a: Chciken
|-damage|p2a: Chciken|37/100
|
|-ability|p2a: Chciken|Speed Boost|boost
|-boost|p2a: Chciken|spe|1
|upkeep
|turn|12
|
|t:|1760798486
|switch|p2a: Stupid bird|Zapdos, shiny|90/100
|move|p1a: Froslass|Shadow Ball|p2a: Stupid bird
|-damage|p2a: Stupid bird|56/100
|
|upkeep
|turn|13
|
|t:|1760798493
|move|p1a: Froslass|Frost Breath|p2a: Stupid bird
|-supereffective|p2a: Stupid bird
|-crit|p2a: Stupid bird
|-damage|p2a: Stupid bird|0 fnt
|faint|p2a: Stupid bird
|
|upkeep
|
|t:|1760798503
|switch|p2a: Penile snipper|Scizor, F, shiny|51/100
|-damage|p2a: Penile snipper|39/100|[from] Stealth Rock
|turn|14
|
|t:|1760798511
|switch|p1a: Forretress|Forretress, M|88/100
|move|p2a: Penile snipper|Swords Dance|p2a: Penile snipper
|-boost|p2a: Penile snipper|atk|2
|
|upkeep
|turn|15
|
|t:|1760798520
|move|p2a: Penile snipper|Bullet Punch|p1a: Forretress
|-resisted|p1a: Forretress
|-damage|p1a: Forretress|66/100
|-damage|p2a: Penile snipper|22/100|[from] item: Rocky Helmet|[of] p1a: Forretress
|-damage|p2a: Penile snipper|12/100|[from] item: Life Orb
|move|p1a: Forretress|Body Press|p2a: Penile snipper
|-damage|p2a: Penile snipper|0 fnt
|faint|p2a: Penile snipper
|
|upkeep
|
|t:|1760798535
|switch|p2a: Skibidi|Dragapult, F, shiny|95/100 brn
|-damage|p2a: Skibidi|82/100 brn|[from] Stealth Rock
|turn|16
|
|t:|1760798543
|move|p2a: Skibidi|Dragon Dance|p2a: Skibidi
|-boost|p2a: Skibidi|atk|1
|-boost|p2a: Skibidi|spe|1
|move|p1a: Forretress|Volt Switch|p2a: Skibidi
|-resisted|p2a: Skibidi
|-damage|p2a: Skibidi|76/100 brn
|
|t:|1760798548
|switch|p1a: Pyroar|Pyroar, M|100/100|[from] Volt Switch
|-ability|p1a: Pyroar|Unnerve
|
|-damage|p2a: Skibidi|70/100 brn|[from] brn
|upkeep
|turn|17
|
|t:|1760798561
|-terastallize|p2a: Skibidi|Normal
|move|p2a: Skibidi|Endure|p2a: Skibidi
|-singleturn|p2a: Skibidi|move: Endure
|move|p1a: Pyroar|Dark Pulse|p2a: Skibidi
|-damage|p2a: Skibidi|39/100 brn
|
|-damage|p2a: Skibidi|33/100 brn|[from] brn
|upkeep
|turn|18
|
|t:|1760798571
|switch|p1a: Forretress|Forretress, M|66/100
|move|p2a: Skibidi|Dragon Darts|p1a: Forretress
|-resisted|p1a: Forretress
|-damage|p1a: Forretress|62/100
|-anim|p2a: Skibidi|Dragon Darts|p1a: Forretress
|-resisted|p1a: Forretress
|-damage|p1a: Forretress|57/100
|
|-damage|p2a: Skibidi|27/100 brn|[from] brn
|upkeep
|turn|19
|
|t:|1760798582
|move|p2a: Skibidi|Acrobatics|p1a: Forretress
|-damage|p1a: Forretress|50/100
|-damage|p2a: Skibidi|10/100 brn|[from] item: Rocky Helmet|[of] p1a: Forretress
|move|p1a: Forretress|Body Press|p2a: Skibidi
|-supereffective|p2a: Skibidi
|-damage|p2a: Skibidi|0 fnt
|faint|p2a: Skibidi
|
|upkeep
|
|t:|1760798592
|switch|p2a: Bluefacebaby|Manaphy, shiny|86/100
|-damage|p2a: Bluefacebaby|74/100|[from] Stealth Rock
|turn|20
|
|t:|1760798597
|move|p2a: Bluefacebaby|Tail Glow|p2a: Bluefacebaby
|-boost|p2a: Bluefacebaby|spa|3
|move|p1a: Forretress|Volt Switch|p2a: Bluefacebaby
|-supereffective|p2a: Bluefacebaby
|-damage|p2a: Bluefacebaby|57/100
|
|t:|1760798601
|switch|p1a: Primarina|Primarina, F|100/100|[from] Volt Switch
|
|upkeep
|turn|21
|
|t:|1760798607
|move|p2a: Bluefacebaby|Ice Beam|p1a: Primarina
|-resisted|p1a: Primarina
|-damage|p1a: Primarina|83/100
|-status|p1a: Primarina|frz
|cant|p1a: Primarina|frz
|
|upkeep
|turn|22
|
|t:|1760798616
|move|p2a: Bluefacebaby|Tail Glow|p2a: Bluefacebaby
|-boost|p2a: Bluefacebaby|spa|3
|cant|p1a: Primarina|frz
|
|upkeep
|turn|23
|
|t:|1760798622
|move|p2a: Bluefacebaby|Surf|p1a: Primarina
|-resisted|p1a: Primarina
|-damage|p1a: Primarina|38/100 frz
|-curestatus|p1a: Primarina|frz|[msg]
|move|p1a: Primarina|Energy Ball|p2a: Bluefacebaby
|-supereffective|p2a: Bluefacebaby
|-damage|p2a: Bluefacebaby|0 fnt
|faint|p2a: Bluefacebaby
|
|upkeep
|
|t:|1760798632
|switch|p2a: Chciken|Blaziken, M, shiny|37/100
|-damage|p2a: Chciken|25/100|[from] Stealth Rock
|turn|24
|
|t:|1760798637
|move|p2a: Chciken|Endure|p2a: Chciken
|-singleturn|p2a: Chciken|move: Endure
|move|p1a: Primarina|Sparkling Aria|p2a: Chciken
|-supereffective|p2a: Chciken
|-activate|p2a: Chciken|move: Endure
|-damage|p2a: Chciken|1/100
|-enditem|p2a: Chciken|Weakness Policy
|-boost|p2a: Chciken|atk|2|[from] item: Weakness Policy
|-boost|p2a: Chciken|spa|2|[from] item: Weakness Policy
|
|-ability|p2a: Chciken|Speed Boost|boost
|-boost|p2a: Chciken|spe|1
|upkeep
|turn|25
|
|t:|1760798649
|move|p2a: Chciken|Earthquake|p1a: Primarina
|-damage|p1a: Primarina|0 fnt
|faint|p1a: Primarina
|
|-ability|p2a: Chciken|Speed Boost|boost
|-boost|p2a: Chciken|spe|1
|upkeep
|
|t:|1760798652
|switch|p1a: Meganium|Meganium, F|100/100
|turn|26
|
|t:|1760798659
|-terastallize|p1a: Meganium|Water
|move|p2a: Chciken|Close Combat|p1a: Meganium
|-damage|p1a: Meganium|0 fnt
|-unboost|p2a: Chciken|def|1
|-unboost|p2a: Chciken|spd|1
|faint|p1a: Meganium
|
|-ability|p2a: Chciken|Speed Boost|boost
|-boost|p2a: Chciken|spe|1
|upkeep
|
|t:|1760798668
|switch|p1a: Fezandipiti|Fezandipiti, M|100/100 par
|turn|27
|
|t:|1760798672
|move|p2a: Chciken|Earthquake|p1a: Fezandipiti
|-supereffective|p1a: Fezandipiti
|-damage|p1a: Fezandipiti|0 fnt
|faint|p1a: Fezandipiti
|
|-ability|p2a: Chciken|Speed Boost|boost
|-boost|p2a: Chciken|spe|1
|upkeep
|
|t:|1760798678
|switch|p1a: Pyroar|Pyroar, M|100/100
|-ability|p1a: Pyroar|Unnerve
|turn|28
|c|☆mr.creep69|Cmon chicken
|
|t:|1760798686
|switch|p1a: Forretress|Forretress, M|50/100
|move|p2a: Chciken|Earthquake|p1a: Forretress
|-damage|p1a: Forretress|11/100
|
|-ability|p2a: Chciken|Speed Boost|boost
|-boost|p2a: Chciken|spe|1
|upkeep
|turn|29
|
|t:|1760798695
|switch|p1a: Froslass|Froslass, F|1/100
|move|p2a: Chciken|Close Combat|p1a: Froslass
|-immune|p1a: Froslass
|
|-ability|p2a: Chciken|Speed Boost|boost
|-boost|p2a: Chciken|spe|1
|upkeep
|turn|30
|
|t:|1760798704
|move|p2a: Chciken|Earthquake|p1a: Froslass
|-damage|p1a: Froslass|0 fnt
|faint|p1a: Froslass
|
|upkeep
|
|t:|1760798707
|switch|p1a: Pyroar|Pyroar, M|100/100
|-ability|p1a: Pyroar|Unnerve
|turn|31
|
|t:|1760798712
|switch|p1a: Forretress|Forretress, M|11/100
|move|p2a: Chciken|Earthquake|p1a: Forretress
|-damage|p1a: Forretress|0 fnt
|faint|p1a: Forretress
|
|upkeep
|
|t:|1760798714
|switch|p1a: Pyroar|Pyroar, M|100/100
|-ability|p1a: Pyroar|Unnerve
|turn|32
|-message|LouisTrainerO forfeited.
|
|win|mr.creep69
|raw|LouisTrainerO's rating: 1077 &rarr; <strong>1054</strong><br />(-23 for losing)
|raw|mr.creep69's rating: 1056 &rarr; <strong>1090</strong><br />(+34 for winning)
|l|☆LouisTrainerO
|player|p1|
|c|☆mr.creep69|CHICKEM
|c|☆mr.creep69|YOU DID IT
