|j|☆Mfavela42
|j|☆susumu808
|t:|1760770179
|gametype|singles
|player|p1|Mfavela42|byron|1148
|player|p2|susumu808|1|1209
|gen|9
|tier|[Gen 9] OU
|rated|
|rule|HP Percentage Mod: HP is shown in percentages
|rule|Endless Battle Clause: Forcing endless battles is banned
|rule|Species Clause: Limit one of each Pokémon
|rule|OHKO Clause: OHKO moves are banned
|rule|Evasion Items Clause: Evasion items are banned
|rule|Evasion Moves Clause: Evasion moves are banned
|rule|Evasion Abilities Clause: Evasion abilities are banned
|rule|Sleep Moves Clause: Sleep-inducing moves are banned
|clearpoke
|poke|p1|Conkeldurr, F|
|poke|p1|Excadrill, M|
|poke|p1|Blastoise, M|
|poke|p1|Clodsire, M|
|poke|p1|Weezing, F|
|poke|p1|Rotom-Frost|
|poke|p2|Staraptor, M|
|poke|p2|Darkrai|
|poke|p2|Dragonite, M|
|poke|p2|Latios, M|
|poke|p2|Kommo-o, F|
|poke|p2|Blaziken, M|
|teampreview
|
|t:|1760770207
|teamsize|p1|6
|teamsize|p2|6
|start
|switch|p1a: Weezing|Weezing, F|100/100
|switch|p2a: Staraptor|Staraptor, M, shiny|100/100
|turn|1
|
|t:|1760770228
|move|p2a: Staraptor|Brave Bird|p1a: Weezing
|-damage|p1a: Weezing|48/100
|-damage|p2a: Staraptor|84/100|[from] item: Rocky Helmet|[of] p1a: Weezing
|-damage|p2a: Staraptor|66/100|[from] Recoil
|move|p1a: Weezing|Toxic Spikes|p2a: Staraptor
|-sidestart|p2: susumu808|move: Toxic Spikes
|
|upkeep
|turn|2
|
|t:|1760770239
|move|p2a: Staraptor|Brave Bird|p1a: Weezing
|-damage|p1a: Weezing|0 fnt
|-damage|p2a: Staraptor|49/100|[from] item: Rocky Helmet|[of] p1a: Weezing
|faint|p1a: Weezing
|-damage|p2a: Staraptor|32/100|[from] Recoil
|
|upkeep
|
|t:|1760770251
|switch|p1a: Clodsire|Clodsire, M|100/100
|turn|3
|
|t:|1760770257
|move|p2a: Staraptor|Brave Bird|p1a: Clodsire
|-damage|p1a: Clodsire|12/100
|-damage|p2a: Staraptor|15/100|[from] item: Rocky Helmet|[of] p1a: Clodsire
|-damage|p2a: Staraptor|0 fnt|[from] Recoil
|faint|p2a: Staraptor
|move|p1a: Clodsire|Curse|p1a: Clodsire
|-unboost|p1a: Clodsire|spe|1
|-boost|p1a: Clodsire|atk|1
|-boost|p1a: Clodsire|def|1
|
|upkeep
|
|t:|1760770266
|switch|p2a: Latios|Latios, M, shiny|100/100
|turn|4
|
|t:|1760770270
|move|p2a: Latios|Luster Purge|p1a: Clodsire
|-supereffective|p1a: Clodsire
|-damage|p1a: Clodsire|0 fnt
|faint|p1a: Clodsire
|
|upkeep
|
|t:|1760770275
|switch|p1a: Excadrill|Excadrill, M|100/100
|-ability|p1a: Excadrill|Mold Breaker
|turn|5
|
|t:|1760770282
|move|p2a: Latios|Luster Purge|p1a: Excadrill
|-resisted|p1a: Excadrill
|-crit|p1a: Excadrill
|-damage|p1a: Excadrill|45/100
|move|p1a: Excadrill|X-Scissor|p2a: Latios
|-supereffective|p2a: Latios
|-damage|p2a: Latios|0 fnt
|faint|p2a: Latios
|-damage|p1a: Excadrill|35/100|[from] item: Life Orb
|
|upkeep
|
|t:|1760770297
|switch|p2a: Kommo-o|Kommo-o, F, shiny|100/100
|-status|p2a: Kommo-o|psn
|turn|6
|
|t:|1760770313
|move|p1a: Excadrill|Earthquake|p2a: Kommo-o
|-damage|p2a: Kommo-o|32/100 psn
|-damage|p1a: Excadrill|25/100|[from] item: Life Orb
|move|p2a: Kommo-o|Drain Punch|p1a: Excadrill
|-supereffective|p1a: Excadrill
|-damage|p1a: Excadrill|0 fnt
|-heal|p2a: Kommo-o|48/100 psn|[from] drain|[of] p1a: Excadrill
|faint|p1a: Excadrill
|
|-damage|p2a: Kommo-o|35/100 psn|[from] psn
|upkeep
|
|t:|1760770321
|switch|p1a: Conkeldurr|Conkeldurr, F|100/100
|turn|7
|
|t:|1760770328
|move|p2a: Kommo-o|Drain Punch|p1a: Conkeldurr
|-damage|p1a: Conkeldurr|70/100
|-heal|p2a: Kommo-o|57/100 psn|[from] drain|[of] p1a: Conkeldurr
|move|p1a: Conkeldurr|Drain Punch|p2a: Kommo-o
|-damage|p2a: Kommo-o|15/100 psn
|-heal|p1a: Conkeldurr|85/100|[from] drain|[of] p2a: Kommo-o
|-enditem|p2a: Kommo-o|Aguav Berry|[eat]
|-heal|p2a: Kommo-o|48/100 psn|[from] item: Aguav Berry
|
|-heal|p1a: Conkeldurr|91/100|[from] item: Leftovers
|-damage|p2a: Kommo-o|36/100 psn|[from] psn
|upkeep
|turn|8
|
|t:|1760770335
|move|p2a: Kommo-o|Drain Punch|p1a: Conkeldurr
|-damage|p1a: Conkeldurr|63/100
|-heal|p2a: Kommo-o|55/100 psn|[from] drain|[of] p1a: Conkeldurr
|move|p1a: Conkeldurr|Rest|p1a: Conkeldurr
|-status|p1a: Conkeldurr|slp|[from] move: Rest
|-heal|p1a: Conkeldurr|100/100 slp|[silent]
|
|-damage|p2a: Kommo-o|43/100 psn|[from] psn
|upkeep
|turn|9
|
|t:|1760770345
|move|p2a: Kommo-o|Drain Punch|p1a: Conkeldurr
|-damage|p1a: Conkeldurr|73/100 slp
|-heal|p2a: Kommo-o|62/100 psn|[from] drain|[of] p1a: Conkeldurr
|cant|p1a: Conkeldurr|slp
|move|p1a: Conkeldurr|Sleep Talk|p1a: Conkeldurr
|move|p1a: Conkeldurr|Rest||[from] move: Sleep Talk|[still]
|-fail|p1a: Conkeldurr
|
|-heal|p1a: Conkeldurr|79/100 slp|[from] item: Leftovers
|-damage|p2a: Kommo-o|50/100 psn|[from] psn
|upkeep
|turn|10
|
|t:|1760770355
|move|p2a: Kommo-o|Clangorous Soul|p2a: Kommo-o
|-boost|p2a: Kommo-o|atk|1
|-boost|p2a: Kommo-o|def|1
|-boost|p2a: Kommo-o|spa|1
|-boost|p2a: Kommo-o|spd|1
|-boost|p2a: Kommo-o|spe|1
|-damage|p2a: Kommo-o|17/100 psn
|cant|p1a: Conkeldurr|slp
|move|p1a: Conkeldurr|Sleep Talk|p1a: Conkeldurr
|move|p1a: Conkeldurr|Rest||[from] move: Sleep Talk|[still]
|-fail|p1a: Conkeldurr
|
|-heal|p1a: Conkeldurr|85/100 slp|[from] item: Leftovers
|-damage|p2a: Kommo-o|5/100 psn|[from] psn
|upkeep
|turn|11
|
|t:|1760770370
|move|p2a: Kommo-o|Drain Punch|p1a: Conkeldurr
|-damage|p1a: Conkeldurr|42/100 slp
|-heal|p2a: Kommo-o|35/100 psn|[from] drain|[of] p1a: Conkeldurr
|-curestatus|p1a: Conkeldurr|slp|[msg]
|move|p1a: Conkeldurr|Rest|p1a: Conkeldurr
|-status|p1a: Conkeldurr|slp|[from] move: Rest
|-heal|p1a: Conkeldurr|100/100 slp|[silent]
|
|-damage|p2a: Kommo-o|23/100 psn|[from] psn
|upkeep
|turn|12
|
|t:|1760770377
|move|p2a: Kommo-o|Drain Punch|p1a: Conkeldurr
|-crit|p1a: Conkeldurr
|-damage|p1a: Conkeldurr|42/100 slp
|-heal|p2a: Kommo-o|65/100 psn|[from] drain|[of] p1a: Conkeldurr
|cant|p1a: Conkeldurr|slp
|move|p1a: Conkeldurr|Sleep Talk|p1a: Conkeldurr
|move|p1a: Conkeldurr|Rest||[from] move: Sleep Talk|[still]
|-fail|p1a: Conkeldurr
|
|-heal|p1a: Conkeldurr|48/100 slp|[from] item: Leftovers
|-damage|p2a: Kommo-o|52/100 psn|[from] psn
|upkeep
|turn|13
|
|t:|1760770390
|move|p2a: Kommo-o|Drain Punch|p1a: Conkeldurr
|-damage|p1a: Conkeldurr|5/100 slp
|-heal|p2a: Kommo-o|83/100 psn|[from] drain|[of] p1a: Conkeldurr
|cant|p1a: Conkeldurr|slp
|move|p1a: Conkeldurr|Sleep Talk|p1a: Conkeldurr
|move|p1a: Conkeldurr|Drain Punch|p2a: Kommo-o|[from] move: Sleep Talk
|-damage|p2a: Kommo-o|39/100 psn
|-heal|p1a: Conkeldurr|20/100 slp|[from] drain|[of] p2a: Kommo-o
|
|-heal|p1a: Conkeldurr|26/100 slp|[from] item: Leftovers
|-damage|p2a: Kommo-o|27/100 psn|[from] psn
|upkeep
|turn|14
|
|t:|1760770404
|move|p2a: Kommo-o|Drain Punch|p1a: Conkeldurr
|-damage|p1a: Conkeldurr|0 fnt
|-heal|p2a: Kommo-o|45/100 psn|[from] drain|[of] p1a: Conkeldurr
|faint|p1a: Conkeldurr
|
|-damage|p2a: Kommo-o|33/100 psn|[from] psn
|upkeep
|
|t:|1760770410
|switch|p1a: Rotom|Rotom-Frost|100/100
|turn|15
|
|t:|1760770419
|move|p1a: Rotom|Blizzard|p2a: Kommo-o
|-supereffective|p2a: Kommo-o
|-damage|p2a: Kommo-o|0 fnt
|faint|p2a: Kommo-o
|
|upkeep
|
|t:|1760770422
|switch|p2a: Blaziken|Blaziken, M, shiny|100/100
|-status|p2a: Blaziken|psn
|turn|16
|
|t:|1760770431
|move|p1a: Rotom|Blizzard|p2a: Blaziken
|-resisted|p2a: Blaziken
|-damage|p2a: Blaziken|61/100 psn
|move|p2a: Blaziken|Blaze Kick|p1a: Rotom
|-supereffective|p1a: Rotom
|-damage|p1a: Rotom|0 fnt
|faint|p1a: Rotom
|
|-damage|p2a: Blaziken|49/100 psn|[from] psn
|-ability|p2a: Blaziken|Speed Boost|boost
|-boost|p2a: Blaziken|spe|1
|upkeep
|
|t:|1760770434
|switch|p1a: Blastoise|Blastoise, M|100/100
|turn|17
|
|t:|1760770440
|move|p2a: Blaziken|Earthquake|p1a: Blastoise
|-damage|p1a: Blastoise|57/100
|move|p1a: Blastoise|Shell Smash|p1a: Blastoise
|-unboost|p1a: Blastoise|def|1
|-unboost|p1a: Blastoise|spd|1
|-boost|p1a: Blastoise|atk|2
|-boost|p1a: Blastoise|spa|2
|-boost|p1a: Blastoise|spe|2
|-enditem|p1a: Blastoise|White Herb
|-clearnegativeboost|p1a: Blastoise|[silent]
|
|-damage|p2a: Blaziken|37/100 psn|[from] psn
|-ability|p2a: Blaziken|Speed Boost|boost
|-boost|p2a: Blaziken|spe|1
|upkeep
|turn|18
|
|t:|1760770446
|move|p2a: Blaziken|Earthquake|p1a: Blastoise
|-damage|p1a: Blastoise|16/100
|move|p1a: Blastoise|Surf|p2a: Blaziken
|-supereffective|p2a: Blaziken
|-damage|p2a: Blaziken|0 fnt
|faint|p2a: Blaziken
|
|upkeep
|
|t:|1760770450
|switch|p2a: Dragonite|Dragonite, M, shiny|100/100
|turn|19
|
|t:|1760770457
|-terastallize|p1a: Blastoise|Electric
|-terastallize|p2a: Dragonite|Normal
|move|p2a: Dragonite|Extreme Speed|p1a: Blastoise
|-damage|p1a: Blastoise|0 fnt
|faint|p1a: Blastoise
|
|win|susumu808
|raw|Mfavela42's rating: 1148 &rarr; <strong>1127</strong><br />(-21 for losing)
|raw|susumu808's rating: 1209 &rarr; <strong>1230</strong><br />(+21 for winning)
|l|☆Mfavela42
|player|p1|
|l|☆susumu808
|player|p2|
