|j|☆beentheredonepat
|j|☆Sweeper Zay
|t:|1760877942
|gametype|singles
|player|p1|beentheredonepat|ethan|1231
|player|p2|Sweeper Zay|linebacker|1222
|gen|9
|tier|[Gen 9] OU
|rated|
|rule|HP Percentage Mod: HP is shown in percentages
|rule|Endless Battle Clause: Forcing endless battles is banned
|rule|Species Clause: Limit one of each Pokémon
|rule|OHKO Clause: OHKO moves are banned
|rule|Evasion Items Clause: Evasion items are banned
|rule|Evasion Moves Clause: Evasion moves are banned
|rule|Evasion Abilities Clause: Evasion abilities are banned
|rule|Sleep Moves Clause: Sleep-inducing moves are banned
|clearpoke
|poke|p1|Typhlosion, M|
|poke|p1|Ninetales, F|
|poke|p1|Shiftry, M|
|poke|p1|Ursaluna, F|
|poke|p1|Torkoal, M|
|poke|p1|Hatterene, F|
|poke|p2|Enamorus, F|
|poke|p2|Great Tusk|
|poke|p2|Iron Crown|
|poke|p2|Lokix, M|
|poke|p2|Alomomola, M|
|poke|p2|Pecharunt|
|teampreview
|inactive|Battle timer is ON: inactive players will automatically lose when time's up. (requested by beentheredonepat)
|
|t:|1760877950
|teamsize|p1|6
|teamsize|p2|6
|start
|switch|p1a: Tollomot|Ninetales, F|100/100
|switch|p2a: Behemoth|Great Tusk, shiny|100/100
|-weather|SunnyDay|[from] ability: Drought|[of] p1a: Tollomot
|-activate|p2a: Behemoth|ability: Protosynthesis
|-start|p2a: Behemoth|protosynthesisatk
|turn|1
|
|t:|1760877971
|move|p2a: Behemoth|Headlong Rush|p1a: Tollomot
|-supereffective|p1a: Tollomot
|-damage|p1a: Tollomot|0 fnt
|-unboost|p2a: Behemoth|def|1
|-unboost|p2a: Behemoth|spd|1
|faint|p1a: Tollomot
|
|-weather|SunnyDay|[upkeep]
|upkeep
|
|t:|1760877975
|switch|p1a: Charlie|Typhlosion, M|100/100
|turn|2
|
|t:|1760877984
|-end|p2a: Behemoth|Protosynthesis|[silent]
|switch|p2a: Pisces|Alomomola, M, shiny|100/100
|-terastallize|p1a: Charlie|Fire
|move|p1a: Charlie|Eruption|p2a: Pisces
|-resisted|p2a: Pisces
|-damage|p2a: Pisces|57/100
|
|-weather|SunnyDay|[upkeep]
|upkeep
|turn|3
|
|t:|1760877995
|switch|p1a: Shinobi|Shiftry, M|100/100
|move|p2a: Pisces|Mirror Coat||[still]
|-fail|p2a: Pisces
|
|-weather|SunnyDay|[upkeep]
|upkeep
|turn|4
|
|t:|1760878009
|switch|p2a: Edgar|Lokix, M, shiny|100/100
|move|p1a: Shinobi|Tailwind|p1a: Shinobi
|-sidestart|p1: beentheredonepat|move: Tailwind
|-ability|p1a: Shinobi|Wind Rider|boost
|-boost|p1a: Shinobi|atk|1
|
|-weather|SunnyDay|[upkeep]
|upkeep
|turn|5
|
|t:|1760878026
|move|p1a: Shinobi|Rock Slide|p2a: Edgar
|-supereffective|p2a: Edgar
|-damage|p2a: Edgar|0 fnt
|faint|p2a: Edgar
|
|-weather|none
|upkeep
|
|t:|1760878051
|switch|p2a: Behemoth|Great Tusk, shiny|100/100
|turn|6
|
|t:|1760878055
|move|p1a: Shinobi|Leaf Blade|p2a: Behemoth
|-supereffective|p2a: Behemoth
|-damage|p2a: Behemoth|8/100
|move|p2a: Behemoth|Ice Spinner|p1a: Shinobi
|-supereffective|p1a: Shinobi
|-enditem|p1a: Shinobi|Focus Sash
|-damage|p1a: Shinobi|1/100
|
|upkeep
|turn|7
|
|t:|1760878063
|-end|p2a: Behemoth|Protosynthesis|[silent]
|switch|p2a: Gin|Enamorus, F, shiny|100/100
|move|p1a: Shinobi|Leaf Blade|p2a: Gin
|-resisted|p2a: Gin
|-damage|p2a: Gin|46/100
|
|-sideend|p1: beentheredonepat|move: Tailwind
|upkeep
|turn|8
|
|t:|1760878068
|move|p2a: Gin|Moonblast|p1a: Shinobi
|-supereffective|p1a: Shinobi
|-damage|p1a: Shinobi|0 fnt
|faint|p1a: Shinobi
|
|upkeep
|
|t:|1760878075
|switch|p1a: Sol|Torkoal, M|100/100
|-weather|SunnyDay|[from] ability: Drought|[of] p1a: Sol
|turn|9
|
|t:|1760878079
|switch|p2a: Behemoth|Great Tusk, shiny|8/100
|-activate|p2a: Behemoth|ability: Protosynthesis
|-start|p2a: Behemoth|protosynthesisatk
|move|p1a: Sol|Eruption|p2a: Behemoth
|-damage|p2a: Behemoth|0 fnt
|faint|p2a: Behemoth
|-end|p2a: Behemoth|Protosynthesis|[silent]
|
|-weather|SunnyDay|[upkeep]
|upkeep
|
|t:|1760878088
|switch|p2a: Overseer|Pecharunt|100/100
|turn|10
|
|t:|1760878094
|move|p2a: Overseer|Malignant Chain|p1a: Sol
|-damage|p1a: Sol|52/100
|-status|p1a: Sol|tox
|-start|p1a: Sol|confusion|[from] ability: Poison Puppeteer|[of] p2a: Overseer
|-activate|p1a: Sol|confusion
|move|p1a: Sol|Stealth Rock|p2a: Overseer
|-sidestart|p2: Sweeper Zay|move: Stealth Rock
|
|-weather|SunnyDay|[upkeep]
|-damage|p1a: Sol|46/100 tox|[from] psn
|upkeep
|turn|11
|
|t:|1760878103
|move|p2a: Overseer|Malignant Chain|p1a: Sol
|-damage|p1a: Sol|0 fnt
|faint|p1a: Sol
|
|-weather|SunnyDay|[upkeep]
|upkeep
|
|t:|1760878106
|switch|p1a: Charlie|Typhlosion, M, tera:Fire|100/100
|turn|12
|
|t:|1760878111
|switch|p2a: Pisces|Alomomola, M, shiny|90/100
|-damage|p2a: Pisces|78/100|[from] Stealth Rock
|move|p1a: Charlie|Eruption|p2a: Pisces
|-resisted|p2a: Pisces
|-damage|p2a: Pisces|40/100
|
|-weather|SunnyDay|[upkeep]
|upkeep
|turn|13
|
|t:|1760878125
|switch|p1a: Nymph|Hatterene, F|100/100
|move|p2a: Pisces|Mirror Coat||[still]
|-fail|p2a: Pisces
|
|-weather|SunnyDay|[upkeep]
|upkeep
|turn|14
|
|t:|1760878134
|move|p2a: Pisces|Flip Turn|p1a: Nymph
|-damage|p1a: Nymph|91/100
|
|t:|1760878138
|switch|p2a: Braveheart|Iron Crown|100/100|[from] Flip Turn
|-damage|p2a: Braveheart|94/100|[from] Stealth Rock
|move|p1a: Nymph|Trick Room|p1a: Nymph
|-fieldstart|move: Trick Room|[of] p1a: Nymph
|
|-weather|SunnyDay|[upkeep]
|-heal|p1a: Nymph|97/100|[from] item: Leftovers
|upkeep
|turn|15
|
|t:|1760878161
|move|p1a: Nymph|Healing Wish|p1a: Nymph
|faint|p1a: Nymph
|move|p2a: Braveheart|Tachyon Cutter|p1: Nymph|[notarget]
|-fail|p2a: Braveheart
|
|-weather|SunnyDay|[upkeep]
|upkeep
|
|t:|1760878165
|switch|p1a: Mama Bear|Ursaluna, F|100/100
|turn|16
|
|t:|1760878172
|-end|p2a: Braveheart|Quark Drive|[silent]
|switch|p2a: Pisces|Alomomola, M, shiny|73/100
|-damage|p2a: Pisces|61/100|[from] Stealth Rock
|move|p1a: Mama Bear|Headlong Rush|p2a: Pisces
|-damage|p2a: Pisces|11/100
|-unboost|p1a: Mama Bear|def|1
|-unboost|p1a: Mama Bear|spd|1
|
|-weather|none
|-status|p1a: Mama Bear|brn|[from] item: Flame Orb
|upkeep
|turn|17
|
|t:|1760878179
|move|p2a: Pisces|Scald|p1a: Mama Bear
|-supereffective|p1a: Mama Bear
|-crit|p1a: Mama Bear
|-damage|p1a: Mama Bear|56/100 brn
|move|p1a: Mama Bear|Headlong Rush|p2a: Pisces
|-damage|p2a: Pisces|0 fnt
|-unboost|p1a: Mama Bear|def|1
|-unboost|p1a: Mama Bear|spd|1
|faint|p2a: Pisces
|
|-damage|p1a: Mama Bear|50/100 brn|[from] brn
|upkeep
|-message|Sweeper Zay forfeited.
|
|win|beentheredonepat
|raw|beentheredonepat's rating: 1231 &rarr; <strong>1255</strong><br />(+24 for winning)
|raw|Sweeper Zay's rating: 1222 &rarr; <strong>1198</strong><br />(-24 for losing)
|l|☆Sweeper Zay
|player|p2|
|j|☆Sweeper Zay
|player|p2|Sweeper Zay|linebacker|
|l|☆Sweeper Zay
|player|p2|
