|j|☆dnnddndnnr
|j|☆Vickvolta侠
|t:|1760848003
|gametype|singles
|player|p1|dnnddndnnr|102|1146
|player|p2|Vickvolta侠|bugcatcher-gen4dp|1177
|gen|9
|tier|[Gen 9] OU
|rated|
|rule|HP Percentage Mod: HP is shown in percentages
|rule|Endless Battle Clause: Forcing endless battles is banned
|rule|Species Clause: Limit one of each Pokémon
|rule|OHKO Clause: OHKO moves are banned
|rule|Evasion Items Clause: Evasion items are banned
|rule|Evasion Moves Clause: Evasion moves are banned
|rule|Evasion Abilities Clause: Evasion abilities are banned
|rule|Sleep Moves Clause: Sleep-inducing moves are banned
|clearpoke
|poke|p1|Walking Wake|
|poke|p1|Scizor, F|
|poke|p1|Corviknight, F|
|poke|p1|Clodsire, F|
|poke|p1|Zamazenta-*|
|poke|p1|Gliscor, M|
|poke|p2|Metagross|
|poke|p2|Forretress, M|
|poke|p2|Staraptor, F|
|poke|p2|Talonflame, F|
|poke|p2|Galvantula, F|
|poke|p2|Tyranitar, M|
|teampreview
|inactive|Battle timer is ON: inactive players will automatically lose when time's up. (requested by dnnddndnnr)
|
|t:|1760848010
|teamsize|p1|6
|teamsize|p2|6
|start
|switch|p1a: Corviknight|Corviknight, F|100/100
|switch|p2a: Galvantula|Galvantula, F|100/100
|turn|1
|
|t:|1760848017
|switch|p1a: Gliscor|Gliscor, M|100/100
|move|p2a: Galvantula|Thunderbolt|p1a: Gliscor
|-immune|p1a: Gliscor
|
|-status|p1a: Gliscor|tox|[from] item: Toxic Orb
|upkeep
|turn|2
|
|t:|1760848026
|move|p2a: Galvantula|Sticky Web|p1a: Gliscor
|-sidestart|p1: dnnddndnnr|move: Sticky Web
|move|p1a: Gliscor|Knock Off|p2a: Galvantula
|-damage|p2a: Galvantula|61/100
|-enditem|p2a: Galvantula|Focus Sash|[from] move: Knock Off|[of] p1a: Gliscor
|
|upkeep
|turn|3
|
|t:|1760848039
|switch|p2a: Staraptor|Staraptor, F|100/100
|move|p1a: Gliscor|Earthquake|p2a: Staraptor
|-immune|p2a: Staraptor
|
|upkeep
|turn|4
|
|t:|1760848046
|-terastallize|p2a: Staraptor|Flying
|move|p2a: Staraptor|Brave Bird|p1a: Gliscor
|-damage|p1a: Gliscor|4/100 tox
|-damage|p2a: Staraptor|65/100|[from] Recoil
|move|p1a: Gliscor|Toxic|p2a: Staraptor
|-status|p2a: Staraptor|tox
|
|-damage|p2a: Staraptor|59/100 tox|[from] psn
|-heal|p1a: Gliscor|17/100 tox|[from] ability: Poison Heal
|upkeep
|turn|5
|
|t:|1760848059
|switch|p2a: Talonflame|Talonflame, F|100/100
|switch|p1a: Corviknight|Corviknight, F|100/100
|
|upkeep
|turn|6
|
|t:|1760848073
|move|p2a: Talonflame|Flare Blitz|p1a: Corviknight
|-supereffective|p1a: Corviknight
|-damage|p1a: Corviknight|15/100
|-damage|p2a: Talonflame|84/100|[from] item: Rocky Helmet|[of] p1a: Corviknight
|-damage|p2a: Talonflame|46/100|[from] Recoil
|move|p1a: Corviknight|Defog|p2a: Talonflame
|-unboost|p2a: Talonflame|evasion|1
|-sideend|p1: dnnddndnnr|Sticky Web|[from] move: Defog|[of] p1a: Corviknight
|
|upkeep
|turn|7
|
|t:|1760848083
|switch|p1a: Gliscor|Gliscor, M|17/100 tox
|move|p2a: Talonflame|Flare Blitz|p1a: Gliscor
|-damage|p1a: Gliscor|0 fnt
|faint|p1a: Gliscor
|-damage|p2a: Talonflame|40/100|[from] Recoil
|
|upkeep
|
|t:|1760848096
|switch|p1a: Walking Wake|Walking Wake|100/100
|turn|8
|
|t:|1760848098
|move|p1a: Walking Wake|Hydro Steam|p2a: Talonflame
|-supereffective|p2a: Talonflame
|-damage|p2a: Talonflame|0 fnt
|faint|p2a: Talonflame
|
|upkeep
|
|t:|1760848104
|switch|p2a: Tyranitar|Tyranitar, M|100/100
|-weather|Sandstorm|[from] ability: Sand Stream|[of] p2a: Tyranitar
|turn|9
|
|t:|1760848117
|-end|p1a: Walking Wake|Protosynthesis|[silent]
|switch|p1a: Corviknight|Corviknight, F|15/100
|move|p2a: Tyranitar|Earthquake|p1a: Corviknight
|-immune|p1a: Corviknight
|
|-weather|Sandstorm|[upkeep]
|upkeep
|turn|10
|
|t:|1760848126
|switch|p2a: Galvantula|Galvantula, F|61/100
|move|p1a: Corviknight|Roost|p1a: Corviknight
|-heal|p1a: Corviknight|65/100
|-singleturn|p1a: Corviknight|move: Roost
|
|-weather|Sandstorm|[upkeep]
|-damage|p2a: Galvantula|55/100|[from] Sandstorm
|upkeep
|turn|11
|
|t:|1760848136
|switch|p1a: Clodsire|Clodsire, F|100/100
|move|p2a: Galvantula|Sticky Web|p1a: Clodsire
|-sidestart|p1: dnnddndnnr|move: Sticky Web
|
|-weather|Sandstorm|[upkeep]
|-damage|p2a: Galvantula|49/100|[from] Sandstorm
|upkeep
|turn|12
|
|t:|1760848144
|switch|p2a: Forretress|Forretress, M|100/100
|move|p1a: Clodsire|Earthquake|p2a: Forretress
|-damage|p2a: Forretress|82/100
|
|-weather|Sandstorm|[upkeep]
|upkeep
|turn|13
|
|t:|1760848152
|switch|p1a: Corviknight|Corviknight, F|65/100
|move|p2a: Forretress|Ice Spinner|p1a: Corviknight
|-damage|p1a: Corviknight|51/100
|-damage|p2a: Forretress|65/100|[from] item: Rocky Helmet|[of] p1a: Corviknight
|
|-weather|none
|upkeep
|turn|14
|
|t:|1760848163
|move|p1a: Corviknight|Taunt|p2a: Forretress
|-start|p2a: Forretress|move: Taunt
|move|p2a: Forretress|Explosion|p1a: Corviknight
|-resisted|p1a: Corviknight
|-damage|p1a: Corviknight|29/100
|faint|p2a: Forretress
|
|upkeep
|
|t:|1760848171
|switch|p2a: Staraptor|Staraptor, F, tera:Flying|59/100 tox
|turn|15
|
|t:|1760848183
|move|p2a: Staraptor|Brave Bird|p1a: Corviknight
|-resisted|p1a: Corviknight
|-damage|p1a: Corviknight|0 fnt
|-damage|p2a: Staraptor|42/100 tox|[from] item: Rocky Helmet|[of] p1a: Corviknight
|faint|p1a: Corviknight
|-damage|p2a: Staraptor|30/100 tox|[from] Recoil
|
|-damage|p2a: Staraptor|24/100 tox|[from] psn
|upkeep
|
|t:|1760848188
|switch|p1a: Scizor|Scizor, F|100/100
|-activate|p1a: Scizor|move: Sticky Web
|-unboost|p1a: Scizor|spe|1
|turn|16
|
|t:|1760848196
|move|p1a: Scizor|Bullet Punch|p2a: Staraptor
|-damage|p2a: Staraptor|0 fnt
|faint|p2a: Staraptor
|
|upkeep
|
|t:|1760848202
|switch|p2a: Metagross|Metagross|100/100
|turn|17
|
|t:|1760848207
|switch|p1a: Zamazenta|Zamazenta|100/100
|-activate|p1a: Zamazenta|move: Sticky Web
|-unboost|p1a: Zamazenta|spe|1
|-ability|p1a: Zamazenta|Dauntless Shield|boost
|-boost|p1a: Zamazenta|def|1
|move|p2a: Metagross|Earthquake|p1a: Zamazenta
|-damage|p1a: Zamazenta|82/100
|-damage|p2a: Metagross|91/100|[from] item: Life Orb
|
|-heal|p1a: Zamazenta|88/100|[from] item: Leftovers
|upkeep
|turn|18
|
|t:|1760848222
|move|p1a: Zamazenta|Iron Defense|p1a: Zamazenta
|-boost|p1a: Zamazenta|def|2
|move|p2a: Metagross|Earthquake|p1a: Zamazenta
|-damage|p1a: Zamazenta|75/100
|-damage|p2a: Metagross|81/100|[from] item: Life Orb
|
|-heal|p1a: Zamazenta|81/100|[from] item: Leftovers
|upkeep
|turn|19
|-message|Vickvolta侠 forfeited.
|
|win|dnnddndnnr
|raw|dnnddndnnr's rating: 1169 &rarr; <strong>1195</strong><br />(+26 for winning)
|raw|Vickvolta侠's rating: 1177 &rarr; <strong>1151</strong><br />(-26 for losing)
|l|☆Vickvolta侠
|player|p2|
|l|☆dnnddndnnr
|player|p1|
