|j|☆WDMYJM
|j|☆RadiantSol
|t:|1760775636
|gametype|singles
|player|p1|WDMYJM|170|1254
|player|p2|RadiantSol|flint|1197
|gen|9
|tier|[Gen 9] OU
|rated|
|rule|HP Percentage Mod: HP is shown in percentages
|rule|Endless Battle Clause: Forcing endless battles is banned
|rule|Species Clause: Limit one of each Pokémon
|rule|OHKO Clause: OHKO moves are banned
|rule|Evasion Items Clause: Evasion items are banned
|rule|Evasion Moves Clause: Evasion moves are banned
|rule|Evasion Abilities Clause: Evasion abilities are banned
|rule|Sleep Moves Clause: Sleep-inducing moves are banned
|clearpoke
|poke|p1|Hatterene, F|
|poke|p1|Cinderace, M|
|poke|p1|Venusaur, F|
|poke|p1|Iron Valiant|
|poke|p1|Gardevoir, F|
|poke|p1|Lapras, M|
|poke|p2|Ninetales, F|
|poke|p2|Garchomp, F|
|poke|p2|Gengar, F|
|poke|p2|Leafeon, F|
|poke|p2|Espeon, F|
|poke|p2|Quaquaval, F|
|teampreview
|l|☆WDMYJM
|player|p1|
|j|☆WDMYJM
|player|p1|WDMYJM|170|
|
|t:|1760775647
|teamsize|p1|6
|teamsize|p2|6
|start
|switch|p1a: Lapras|Lapras, M|100/100
|switch|p2a: Ninetales|Ninetales, F|100/100
|-weather|SunnyDay|[from] ability: Drought|[of] p2a: Ninetales
|turn|1
|
|t:|1760775668
|switch|p2a: Espeon|Espeon, F|100/100
|move|p1a: Lapras|Whirlpool|p2a: Espeon
|-crit|p2a: Espeon
|-damage|p2a: Espeon|90/100
|-activate|p2a: Espeon|move: Whirlpool|[of] p1a: Lapras
|
|-weather|SunnyDay|[upkeep]
|-damage|p2a: Espeon|78/100|[from] move: Whirlpool|[partiallytrapped]
|upkeep
|turn|2
|
|t:|1760775676
|move|p2a: Espeon|Psychic|p1a: Lapras
|-damage|p1a: Lapras|70/100
|move|p1a: Lapras|Perish Song|p1a: Lapras
|-start|p1a: Lapras|perish3|[silent]
|-start|p2a: Espeon|perish3|[silent]
|-fieldactivate|move: Perish Song
|
|-weather|SunnyDay|[upkeep]
|-heal|p1a: Lapras|76/100|[from] item: Leftovers
|-damage|p2a: Espeon|66/100|[from] move: Whirlpool|[partiallytrapped]
|-start|p2a: Espeon|perish3
|-start|p1a: Lapras|perish3
|upkeep
|turn|3
|
|t:|1760775685
|move|p2a: Espeon|Psychic|p1a: Lapras
|-damage|p1a: Lapras|43/100
|move|p1a: Lapras|Rain Dance|p1a: Lapras
|-weather|RainDance
|
|-weather|RainDance|[upkeep]
|-heal|p1a: Lapras|49/100|[from] item: Leftovers
|-damage|p2a: Espeon|54/100|[from] move: Whirlpool|[partiallytrapped]
|-start|p2a: Espeon|perish2
|-start|p1a: Lapras|perish2
|upkeep
|turn|4
|
|t:|1760775696
|move|p2a: Espeon|Psychic|p1a: Lapras
|-damage|p1a: Lapras|14/100
|move|p1a: Lapras|Rest|p1a: Lapras
|-status|p1a: Lapras|slp|[from] move: Rest
|-heal|p1a: Lapras|100/100 slp|[silent]
|
|-weather|RainDance|[upkeep]
|-activate|p1a: Lapras|ability: Hydration
|-curestatus|p1a: Lapras|slp|[msg]
|-damage|p2a: Espeon|41/100|[from] move: Whirlpool|[partiallytrapped]
|-start|p2a: Espeon|perish1
|-start|p1a: Lapras|perish1
|upkeep
|turn|5
|
|t:|1760775714
|switch|p1a: Hatterene|Hatterene, F|100/100
|move|p2a: Espeon|Psychic Terrain|p2a: Espeon
|-fieldstart|move: Psychic Terrain
|-enditem|p2a: Espeon|Psychic Seed
|-boost|p2a: Espeon|spd|1|[from] item: Psychic Seed
|
|-weather|RainDance|[upkeep]
|-end|p2a: Espeon|Whirlpool|[partiallytrapped]
|-start|p2a: Espeon|perish0
|faint|p2a: Espeon
|upkeep
|
|t:|1760775725
|switch|p2a: Gengar|Gengar, F|100/100
|turn|6
|
|t:|1760775730
|move|p2a: Gengar|Sludge Bomb|p1a: Hatterene
|-supereffective|p1a: Hatterene
|-damage|p1a: Hatterene|0 fnt
|faint|p1a: Hatterene
|
|-weather|RainDance|[upkeep]
|upkeep
|
|t:|1760775733
|switch|p1a: Gardevoir|Gardevoir, F|100/100
|-ability|p1a: Gardevoir|Cursed Body|Trace|[from] ability: Trace|[of] p2a: Gengar
|turn|7
|
|t:|1760775736
|-terastallize|p1a: Gardevoir|Psychic
|move|p2a: Gengar|Sludge Bomb|p1a: Gardevoir
|-damage|p1a: Gardevoir|47/100
|move|p1a: Gardevoir|Expanding Force|p2a: Gengar
|-supereffective|p2a: Gengar
|-damage|p2a: Gengar|0 fnt
|faint|p2a: Gengar
|
|-weather|none
|upkeep
|
|t:|1760775744
|switch|p2a: Ninetales|Ninetales, F|100/100
|-weather|SunnyDay|[from] ability: Drought|[of] p2a: Ninetales
|turn|8
|
|t:|1760775758
|-terastallize|p2a: Ninetales|Dark
|move|p1a: Gardevoir|Expanding Force|p2a: Ninetales
|-immune|p2a: Ninetales
|move|p2a: Ninetales|Encore|p1a: Gardevoir
|-start|p1a: Gardevoir|Encore
|
|-weather|SunnyDay|[upkeep]
|upkeep
|turn|9
|
|t:|1760775768
|switch|p1a: Lapras|Lapras, M|100/100
|move|p2a: Ninetales|Fire Blast|p1a: Lapras
|-damage|p1a: Lapras|65/100
|-status|p1a: Lapras|brn
|
|-weather|SunnyDay|[upkeep]
|-heal|p1a: Lapras|72/100 brn|[from] item: Leftovers
|-damage|p1a: Lapras|65/100 brn|[from] brn
|-fieldend|move: Psychic Terrain
|upkeep
|turn|10
|
|t:|1760775824
|switch|p2a: Leafeon|Leafeon, F|100/100
|move|p1a: Lapras|Rain Dance|p1a: Lapras
|-weather|RainDance
|
|-weather|RainDance|[upkeep]
|-activate|p1a: Lapras|ability: Hydration
|-curestatus|p1a: Lapras|brn|[msg]
|-heal|p1a: Lapras|72/100|[from] item: Leftovers
|upkeep
|turn|11
|
|t:|1760775846
|switch|p1a: Venusaur|Venusaur, F|100/100
|move|p2a: Leafeon|Sunny Day|p2a: Leafeon
|-weather|SunnyDay
|
|-weather|SunnyDay|[upkeep]
|upkeep
|turn|12
|
|t:|1760775858
|switch|p2a: Garchomp|Garchomp, F|100/100
|switch|p1a: Gardevoir|Gardevoir, F, tera:Psychic|47/100
|-ability|p1a: Gardevoir|Rough Skin|Trace|[from] ability: Trace|[of] p2a: Garchomp
|
|-weather|SunnyDay|[upkeep]
|upkeep
|turn|13
|
|t:|1760775868
|move|p2a: Garchomp|Protect|p2a: Garchomp
|-singleturn|p2a: Garchomp|Protect
|move|p1a: Gardevoir|Moonblast|p2a: Garchomp
|-activate|p2a: Garchomp|move: Protect
|
|-weather|SunnyDay|[upkeep]
|upkeep
|turn|14
|
|t:|1760775941
|switch|p2a: Quaquaval|Quaquaval, F|100/100
|move|p1a: Gardevoir|Moonblast|p2a: Quaquaval
|-supereffective|p2a: Quaquaval
|-damage|p2a: Quaquaval|0 fnt
|faint|p2a: Quaquaval
|
|-weather|SunnyDay|[upkeep]
|upkeep
|
|t:|1760775953
|switch|p2a: Leafeon|Leafeon, F|100/100
|turn|15
|
|t:|1760775994
|move|p2a: Leafeon|Knock Off|p1a: Gardevoir
|-supereffective|p1a: Gardevoir
|-damage|p1a: Gardevoir|0 fnt
|-damage|p2a: Leafeon|88/100|[from] ability: Rough Skin|[of] p1a: Gardevoir
|-enditem|p1a: Gardevoir|Choice Scarf|[from] move: Knock Off|[of] p2a: Leafeon
|faint|p1a: Gardevoir
|-damage|p2a: Leafeon|78/100|[from] item: Life Orb
|
|-weather|none
|upkeep
|
|t:|1760775997
|switch|p1a: Cinderace|Cinderace, M|100/100
|turn|16
|
|t:|1760776001
|switch|p2a: Garchomp|Garchomp, F|100/100
|move|p1a: Cinderace|High Jump Kick|p2a: Garchomp
|-start|p1a: Cinderace|typechange|Fighting|[from] ability: Libero
|-damage|p2a: Garchomp|61/100
|-damage|p1a: Cinderace|88/100|[from] ability: Rough Skin|[of] p2a: Garchomp
|
|-heal|p2a: Garchomp|67/100|[from] item: Leftovers
|upkeep
|turn|17
|
|t:|1760776010
|switch|p1a: Lapras|Lapras, M|72/100
|move|p2a: Garchomp|Stealth Rock|p1a: Lapras
|-sidestart|p1: WDMYJM|move: Stealth Rock
|
|-heal|p2a: Garchomp|73/100|[from] item: Leftovers
|-heal|p1a: Lapras|78/100|[from] item: Leftovers
|upkeep
|turn|18
|
|t:|1760776044
|move|p1a: Lapras|Whirlpool|p2a: Garchomp
|-damage|p2a: Garchomp|64/100
|-activate|p2a: Garchomp|move: Whirlpool|[of] p1a: Lapras
|move|p2a: Garchomp|Dragon Tail|p1a: Lapras
|-damage|p1a: Lapras|60/100
|drag|p1a: Iron Valiant|Iron Valiant|100/100
|-damage|p1a: Iron Valiant|94/100|[from] Stealth Rock
|-enditem|p1a: Iron Valiant|Booster Energy
|-activate|p1a: Iron Valiant|ability: Quark Drive|[fromitem]
|-start|p1a: Iron Valiant|quarkdrivespe
|
|-heal|p2a: Garchomp|70/100|[from] item: Leftovers
|-end|p2a: Garchomp|Whirlpool|[partiallytrapped]|[silent]
|upkeep
|turn|19
|
|t:|1760776055
|switch|p2a: Ninetales|Ninetales, F, tera:Dark|100/100
|-weather|SunnyDay|[from] ability: Drought|[of] p2a: Ninetales
|move|p1a: Iron Valiant|Moonblast|p2a: Ninetales
|-supereffective|p2a: Ninetales
|-damage|p2a: Ninetales|15/100
|
|-weather|SunnyDay|[upkeep]
|upkeep
|turn|20
|
|t:|1760776072
|move|p1a: Iron Valiant|Moonblast|p2a: Ninetales
|-supereffective|p2a: Ninetales
|-damage|p2a: Ninetales|0 fnt
|faint|p2a: Ninetales
|
|-weather|SunnyDay|[upkeep]
|upkeep
|
|t:|1760776074
|switch|p2a: Leafeon|Leafeon, F|78/100
|turn|21
|
|t:|1760776079
|move|p2a: Leafeon|Solar Blade||[still]
|-prepare|p2a: Leafeon|Solar Blade
|-anim|p2a: Leafeon|Solar Blade|p1a: Iron Valiant
|-damage|p1a: Iron Valiant|0 fnt
|faint|p1a: Iron Valiant
|-end|p1a: Iron Valiant|Quark Drive|[silent]
|-damage|p2a: Leafeon|68/100|[from] item: Life Orb
|
|-weather|SunnyDay|[upkeep]
|upkeep
|
|t:|1760776090
|switch|p1a: Cinderace|Cinderace, M|88/100
|turn|22
|
|t:|1760776095
|switch|p2a: Garchomp|Garchomp, F|70/100
|move|p1a: Cinderace|Sucker Punch||[still]
|-fail|p1a: Cinderace
|
|-weather|SunnyDay|[upkeep]
|-heal|p2a: Garchomp|76/100|[from] item: Leftovers
|upkeep
|turn|23
|
|t:|1760776132
|move|p1a: Cinderace|High Jump Kick|p2a: Garchomp|[miss]
|-start|p1a: Cinderace|typechange|Fighting|[from] ability: Libero
|-miss|p1a: Cinderace|p2a: Garchomp
|-damage|p1a: Cinderace|38/100|[from] highjumpkick
|move|p2a: Garchomp|Earthquake|p1a: Cinderace
|-damage|p1a: Cinderace|0 fnt
|faint|p1a: Cinderace
|
|-weather|SunnyDay|[upkeep]
|-heal|p2a: Garchomp|82/100|[from] item: Leftovers
|upkeep
|
|t:|1760776137
|switch|p1a: Venusaur|Venusaur, F|100/100
|-damage|p1a: Venusaur|88/100|[from] Stealth Rock
|turn|24
|
|t:|1760776143
|move|p1a: Venusaur|Leech Seed|p2a: Garchomp
|-start|p2a: Garchomp|move: Leech Seed
|move|p2a: Garchomp|Dragon Tail|p1a: Venusaur
|-damage|p1a: Venusaur|66/100
|drag|p1a: Lapras|Lapras, M|60/100
|-damage|p1a: Lapras|35/100|[from] Stealth Rock
|
|-weather|SunnyDay|[upkeep]
|-heal|p2a: Garchomp|89/100|[from] item: Leftovers
|-heal|p1a: Lapras|42/100|[from] item: Leftovers
|-damage|p2a: Garchomp|76/100|[from] Leech Seed|[of] p1a: Lapras
|-heal|p1a: Lapras|53/100|[silent]
|upkeep
|turn|25
|
|t:|1760776151
|switch|p2a: Leafeon|Leafeon, F|68/100
|move|p1a: Lapras|Rain Dance|p1a: Lapras
|-weather|RainDance
|
|-weather|RainDance|[upkeep]
|-heal|p1a: Lapras|59/100|[from] item: Leftovers
|upkeep
|turn|26
|
|t:|1760776161
|move|p2a: Leafeon|Sunny Day|p2a: Leafeon
|-weather|SunnyDay
|move|p1a: Lapras|Whirlpool|p2a: Leafeon
|-resisted|p2a: Leafeon
|-damage|p2a: Leafeon|64/100
|-activate|p2a: Leafeon|move: Whirlpool|[of] p1a: Lapras
|
|-weather|SunnyDay|[upkeep]
|-heal|p1a: Lapras|65/100|[from] item: Leftovers
|-damage|p2a: Leafeon|51/100|[from] move: Whirlpool|[partiallytrapped]
|upkeep
|turn|27
|
|t:|1760776166
|switch|p1a: Venusaur|Venusaur, F|66/100
|-damage|p1a: Venusaur|53/100|[from] Stealth Rock
|move|p2a: Leafeon|Solar Blade||[still]
|-prepare|p2a: Leafeon|Solar Blade
|-anim|p2a: Leafeon|Solar Blade|p1a: Venusaur
|-resisted|p1a: Venusaur
|-damage|p1a: Venusaur|35/100
|-damage|p2a: Leafeon|41/100|[from] item: Life Orb
|
|-weather|SunnyDay|[upkeep]
|-heal|p1a: Venusaur|41/100|[from] item: Leftovers
|-end|p2a: Leafeon|Whirlpool|[partiallytrapped]|[silent]
|upkeep
|turn|28
|
|t:|1760776205
|move|p2a: Leafeon|Knock Off|p1a: Venusaur
|-damage|p1a: Venusaur|4/100
|-enditem|p1a: Venusaur|Leftovers|[from] move: Knock Off|[of] p2a: Leafeon
|-damage|p2a: Leafeon|31/100|[from] item: Life Orb
|move|p1a: Venusaur|Synthesis|p1a: Venusaur
|-heal|p1a: Venusaur|71/100
|
|-weather|SunnyDay|[upkeep]
|upkeep
|turn|29
|
|t:|1760776216
|switch|p2a: Garchomp|Garchomp, F|76/100
|move|p1a: Venusaur|Leech Seed|p2a: Garchomp
|-start|p2a: Garchomp|move: Leech Seed
|
|-weather|SunnyDay|[upkeep]
|-heal|p2a: Garchomp|82/100|[from] item: Leftovers
|-damage|p2a: Garchomp|70/100|[from] Leech Seed|[of] p1a: Venusaur
|-heal|p1a: Venusaur|85/100|[silent]
|upkeep
|turn|30
|
|t:|1760776222
|move|p1a: Venusaur|Toxic|p2a: Garchomp
|-status|p2a: Garchomp|tox
|move|p2a: Garchomp|Dragon Tail|p1a: Venusaur
|-damage|p1a: Venusaur|65/100
|drag|p1a: Lapras|Lapras, M|65/100
|-damage|p1a: Lapras|40/100|[from] Stealth Rock
|
|-weather|none
|-heal|p2a: Garchomp|76/100 tox|[from] item: Leftovers
|-heal|p1a: Lapras|47/100|[from] item: Leftovers
|-damage|p2a: Garchomp|64/100 tox|[from] Leech Seed|[of] p1a: Lapras
|-heal|p1a: Lapras|58/100|[silent]
|-damage|p2a: Garchomp|58/100 tox|[from] psn
|upkeep
|turn|31
|
|t:|1760776233
|move|p1a: Lapras|Whirlpool|p2a: Garchomp|[miss]
|-miss|p1a: Lapras|p2a: Garchomp
|move|p2a: Garchomp|Dragon Tail|p1a: Lapras
|-damage|p1a: Lapras|41/100
|drag|p1a: Venusaur|Venusaur, F|65/100
|-damage|p1a: Venusaur|52/100|[from] Stealth Rock
|
|-heal|p2a: Garchomp|64/100 tox|[from] item: Leftovers
|-damage|p2a: Garchomp|51/100 tox|[from] Leech Seed|[of] p1a: Venusaur
|-heal|p1a: Venusaur|66/100|[silent]
|-damage|p2a: Garchomp|39/100 tox|[from] psn
|upkeep
|turn|32
|
|t:|1760776244
|move|p1a: Venusaur|Knock Off|p2a: Garchomp
|-damage|p2a: Garchomp|27/100 tox
|-damage|p1a: Venusaur|54/100|[from] ability: Rough Skin|[of] p2a: Garchomp
|-enditem|p2a: Garchomp|Leftovers|[from] move: Knock Off|[of] p1a: Venusaur
|move|p2a: Garchomp|Dragon Tail|p1a: Venusaur|[miss]
|-miss|p2a: Garchomp|p1a: Venusaur
|
|-damage|p2a: Garchomp|14/100 tox|[from] Leech Seed|[of] p1a: Venusaur
|-heal|p1a: Venusaur|68/100|[silent]
|-damage|p2a: Garchomp|0 fnt|[from] psn
|faint|p2a: Garchomp
|upkeep
|
|t:|1760776251
|switch|p2a: Leafeon|Leafeon, F|31/100
|turn|33
|
|t:|1760776258
|move|p2a: Leafeon|Knock Off|p1a: Venusaur
|-damage|p1a: Venusaur|42/100
|-damage|p2a: Leafeon|22/100|[from] item: Life Orb
|move|p1a: Venusaur|Leech Seed|p2a: Leafeon
|-immune|p2a: Leafeon
|
|upkeep
|turn|34
|-message|RadiantSol forfeited.
|
|win|WDMYJM
|raw|WDMYJM's rating: 1230 &rarr; <strong>1253</strong><br />(+23 for winning)
|raw|RadiantSol's rating: 1197 &rarr; <strong>1174</strong><br />(-23 for losing)
|l|☆RadiantSol
|player|p2|
|l|☆WDMYJM
|player|p1|
