|j|☆Davinda
|j|☆ghostboydillon
|t:|1760829469
|gametype|singles
|player|p1|Davinda|ghetsis|1050
|player|p2|ghostboydillon|169|1036
|gen|9
|tier|[Gen 9] OU
|rated|
|rule|HP Percentage Mod: HP is shown in percentages
|rule|Endless Battle Clause: Forcing endless battles is banned
|rule|Species Clause: Limit one of each Pokémon
|rule|OHKO Clause: OHKO moves are banned
|rule|Evasion Items Clause: Evasion items are banned
|rule|Evasion Moves Clause: Evasion moves are banned
|rule|Evasion Abilities Clause: Evasion abilities are banned
|rule|Sleep Moves Clause: Sleep-inducing moves are banned
|clearpoke
|poke|p1|Dragonite, F|
|poke|p1|Dragapult, F|
|poke|p1|Landorus-Therian, M|
|poke|p1|Sableye, M|
|poke|p1|Gengar, F|
|poke|p1|Hatterene, F|
|poke|p2|Rampardos, M|
|poke|p2|Froslass, F|
|poke|p2|Mandibuzz, F|
|poke|p2|Scrafty, F|
|poke|p2|Dusclops, F|
|poke|p2|Lycanroc-Midnight, M|
|teampreview
|
|t:|1760829475
|teamsize|p1|6
|teamsize|p2|6
|start
|switch|p1a: Sableye|Sableye, M|100/100
|switch|p2a: Froslass|Froslass, F|100/100
|turn|1
|
|t:|1760829501
|move|p1a: Sableye|Trick|p2a: Froslass
|-activate|p1a: Sableye|move: Trick|[of] p2a: Froslass
|-item|p2a: Froslass|Power Weight|[from] move: Trick
|-item|p1a: Sableye|Life Orb|[from] move: Trick
|move|p2a: Froslass|Ice Beam|p1a: Sableye
|-damage|p1a: Sableye|49/100
|
|upkeep
|turn|2
|
|t:|1760829512
|move|p2a: Froslass|Ice Beam|p1a: Sableye
|-damage|p1a: Sableye|0 fnt
|faint|p1a: Sableye
|
|upkeep
|inactive|Battle timer is ON: inactive players will automatically lose when time's up. (requested by ghostboydillon)
|
|t:|1760829528
|switch|p1a: Gengar|Gengar, F|100/100
|turn|3
|
|t:|1760829538
|-terastallize|p2a: Froslass|Ice
|move|p1a: Gengar|Shadow Ball|p2a: Froslass
|-damage|p2a: Froslass|33/100
|move|p2a: Froslass|Shadow Ball|p1a: Gengar
|-supereffective|p1a: Gengar
|-damage|p1a: Gengar|8/100
|-start|p2a: Froslass|Disable|Shadow Ball|[from] ability: Cursed Body|[of] p1a: Gengar
|
|upkeep
|turn|4
|
|t:|1760829558
|move|p1a: Gengar|Shadow Ball|p2a: Froslass
|-damage|p2a: Froslass|0 fnt
|-start|p1a: Gengar|Disable|Shadow Ball|[from] ability: Cursed Body|[of] p2a: Froslass
|faint|p2a: Froslass
|
|upkeep
|
|t:|1760829566
|switch|p2a: Dusclops|Dusclops, F, shiny|100/100
|-ability|p2a: Dusclops|Pressure
|turn|5
|
|t:|1760829577
|switch|p1a: Dragapult|Dragapult, F|100/100
|move|p2a: Dusclops|Night Shade|p1a: Dragapult
|-damage|p1a: Dragapult|69/100
|
|upkeep
|turn|6
|
|t:|1760829588
|move|p1a: Dragapult|Dragon Dance|p1a: Dragapult
|-boost|p1a: Dragapult|atk|1
|-boost|p1a: Dragapult|spe|1
|move|p2a: Dusclops|Will-O-Wisp|p1a: Dragapult
|-status|p1a: Dragapult|brn
|
|-damage|p1a: Dragapult|63/100 brn|[from] brn
|upkeep
|turn|7
|
|t:|1760829599
|switch|p2a: Mandibuzz|Mandibuzz, F|100/100
|move|p1a: Dragapult|Thunder Wave|p2a: Mandibuzz
|-status|p2a: Mandibuzz|par
|
|-damage|p1a: Dragapult|57/100 brn|[from] brn
|upkeep
|turn|8
|
|t:|1760829609
|move|p1a: Dragapult|Dragon Darts|p2a: Mandibuzz
|-damage|p2a: Mandibuzz|89/100 par
|-anim|p1a: Dragapult|Dragon Darts|p2a: Mandibuzz
|-damage|p2a: Mandibuzz|76/100 par
|move|p2a: Mandibuzz|Defog||[still]
|-fail|p1a: Dragapult|unboost|[from] ability: Clear Body|[of] p1a: Dragapult
|-fail|p2a: Mandibuzz
|
|-damage|p1a: Dragapult|51/100 brn|[from] brn
|upkeep
|turn|9
|
|t:|1760829627
|switch|p1a: Hatterene|Hatterene, F|100/100
|move|p2a: Mandibuzz|Foul Play|p1a: Hatterene
|-damage|p1a: Hatterene|72/100
|
|upkeep
|turn|10
|
|t:|1760829637
|move|p1a: Hatterene|Draining Kiss|p2a: Mandibuzz
|-supereffective|p2a: Mandibuzz
|-damage|p2a: Mandibuzz|28/100 par
|-heal|p1a: Hatterene|100/100|[from] drain|[of] p2a: Mandibuzz
|move|p2a: Mandibuzz|U-turn|p1a: Hatterene
|-crit|p1a: Hatterene
|-damage|p1a: Hatterene|80/100
|
|t:|1760829646
|switch|p2a: Rampardos|Rampardos, M|100/100|[from] U-turn
|
|upkeep
|turn|11
|
|t:|1760829655
|move|p2a: Rampardos|Crunch|p1a: Hatterene
|-damage|p1a: Hatterene|27/100
|move|p1a: Hatterene|Nuzzle|p2a: Rampardos
|-damage|p2a: Rampardos|95/100
|-status|p2a: Rampardos|par
|
|upkeep
|turn|12
|
|t:|1760829668
|switch|p1a: Landorus|Landorus-Therian, M|100/100
|-ability|p1a: Landorus|Intimidate|boost
|-unboost|p2a: Rampardos|atk|1
|move|p2a: Rampardos|Crunch|p1a: Landorus
|-damage|p1a: Landorus|73/100
|-damage|p2a: Rampardos|79/100 par|[from] item: Rocky Helmet|[of] p1a: Landorus
|
|upkeep
|turn|13
|
|t:|1760829681
|switch|p2a: Mandibuzz|Mandibuzz, F|28/100 par
|move|p1a: Landorus|Earthquake|p2a: Mandibuzz
|-immune|p2a: Mandibuzz
|
|upkeep
|turn|14
|
|t:|1760829692
|move|p1a: Landorus|U-turn|p2a: Mandibuzz
|-damage|p2a: Mandibuzz|12/100 par
|
|t:|1760829695
|switch|p1a: Dragonite|Dragonite, F|100/100|[from] U-turn
|move|p2a: Mandibuzz|Roost|p2a: Mandibuzz
|-heal|p2a: Mandibuzz|62/100 par
|-singleturn|p2a: Mandibuzz|move: Roost
|
|upkeep
|turn|15
|
|t:|1760829705
|move|p1a: Dragonite|Extreme Speed|p2a: Mandibuzz
|-damage|p2a: Mandibuzz|40/100 par
|cant|p2a: Mandibuzz|par
|
|upkeep
|turn|16
|
|t:|1760829715
|move|p1a: Dragonite|Dragon Dance|p1a: Dragonite
|-boost|p1a: Dragonite|atk|1
|-boost|p1a: Dragonite|spe|1
|cant|p2a: Mandibuzz|par
|
|upkeep
|turn|17
|
|t:|1760829721
|move|p1a: Dragonite|Extreme Speed|p2a: Mandibuzz
|-damage|p2a: Mandibuzz|7/100 par
|move|p2a: Mandibuzz|Foul Play|p1a: Dragonite
|-damage|p1a: Dragonite|60/100
|
|upkeep
|turn|18
|
|t:|1760829729
|move|p1a: Dragonite|Extreme Speed|p2a: Mandibuzz
|-damage|p2a: Mandibuzz|0 fnt
|faint|p2a: Mandibuzz
|
|upkeep
|
|t:|1760829740
|switch|p2a: Dusclops|Dusclops, F, shiny|100/100
|-ability|p2a: Dusclops|Pressure
|turn|19
|
|t:|1760829746
|move|p1a: Dragonite|Earthquake|p2a: Dusclops
|-damage|p2a: Dusclops|68/100
|move|p2a: Dusclops|Will-O-Wisp|p1a: Dragonite
|-status|p1a: Dragonite|brn
|-enditem|p1a: Dragonite|Lum Berry|[eat]
|-curestatus|p1a: Dragonite|brn|[msg]
|
|upkeep
|turn|20
|
|t:|1760829762
|move|p1a: Dragonite|Draco Meteor|p2a: Dusclops
|-damage|p2a: Dusclops|46/100
|-unboost|p1a: Dragonite|spa|2
|move|p2a: Dusclops|Will-O-Wisp|p1a: Dragonite|[miss]
|-miss|p2a: Dusclops|p1a: Dragonite
|
|upkeep
|turn|21
|c|☆ghostboydillon|are you kidding me
|
|t:|1760829777
|move|p1a: Dragonite|Dragon Dance|p1a: Dragonite
|-boost|p1a: Dragonite|atk|1
|-boost|p1a: Dragonite|spe|1
|move|p2a: Dusclops|Pain Split|p1a: Dragonite
|-sethp|p1a: Dragonite|50/100|[from] move: Pain Split|[silent]
|-sethp|p2a: Dusclops|57/100|[from] move: Pain Split
|
|upkeep
|turn|22
|
|t:|1760829785
|move|p1a: Dragonite|Earthquake|p2a: Dusclops
|-damage|p2a: Dusclops|10/100
|move|p2a: Dusclops|Will-O-Wisp|p1a: Dragonite
|-status|p1a: Dragonite|brn
|
|-damage|p1a: Dragonite|44/100 brn|[from] brn
|upkeep
|turn|23
|
|t:|1760829799
|move|p1a: Dragonite|Earthquake|p2a: Dusclops
|-damage|p2a: Dusclops|0 fnt
|faint|p2a: Dusclops
|
|-damage|p1a: Dragonite|38/100 brn|[from] brn
|upkeep
|
|t:|1760829807
|switch|p2a: Lycanroc|Lycanroc-Midnight, M|100/100
|turn|24
|
|t:|1760829815
|switch|p2a: Rampardos|Rampardos, M|79/100 par
|move|p1a: Dragonite|Earthquake|p2a: Rampardos
|-supereffective|p2a: Rampardos
|-damage|p2a: Rampardos|0 fnt
|faint|p2a: Rampardos
|
|-damage|p1a: Dragonite|31/100 brn|[from] brn
|upkeep
|
|t:|1760829824
|switch|p2a: Scrafty|Scrafty, F|100/100
|-ability|p2a: Scrafty|Intimidate|boost
|-unboost|p1a: Dragonite|atk|1
|turn|25
|
|t:|1760829839
|move|p1a: Dragonite|Draco Meteor|p2a: Scrafty
|-damage|p2a: Scrafty|83/100
|-unboost|p1a: Dragonite|spa|2
|move|p2a: Scrafty|Dragon Dance|p2a: Scrafty
|-boost|p2a: Scrafty|atk|1
|-boost|p2a: Scrafty|spe|1
|
|-damage|p1a: Dragonite|25/100 brn|[from] brn
|upkeep
|turn|26
|inactive|ghostboydillon has 120 seconds left.
|inactive|ghostboydillon has 90 seconds left.
|inactive|ghostboydillon has 60 seconds left.
|inactive|ghostboydillon has 30 seconds left.
|inactive|ghostboydillon has 20 seconds left.
|inactive|ghostboydillon has 15 seconds left.
|inactive|ghostboydillon has 10 seconds left.
|inactive|ghostboydillon has 5 seconds left.
|-message|ghostboydillon lost due to inactivity.
|
|win|Davinda
|raw|Davinda's rating: 1050 &rarr; <strong>1081</strong><br />(+31 for winning)
|raw|ghostboydillon's rating: 1036 &rarr; <strong>1021</strong><br />(-15 for losing)
|l|☆Davinda
|player|p1|
