|j|☆lumpii1812
|j|☆Blissfell
|t:|1760858238
|gametype|singles
|player|p1|lumpii1812|102|1183
|player|p2|Blissfell|265|1137
|gen|9
|tier|[Gen 9] OU
|rated|
|rule|HP Percentage Mod: HP is shown in percentages
|rule|Endless Battle Clause: Forcing endless battles is banned
|rule|Species Clause: Limit one of each Pokémon
|rule|OHKO Clause: OHKO moves are banned
|rule|Evasion Items Clause: Evasion items are banned
|rule|Evasion Moves Clause: Evasion moves are banned
|rule|Evasion Abilities Clause: Evasion abilities are banned
|rule|Sleep Moves Clause: Sleep-inducing moves are banned
|clearpoke
|poke|p1|Gliscor, M|
|poke|p1|Ting-Lu|
|poke|p1|Garganacl, M|
|poke|p1|Alomomola, M|
|poke|p1|Tropius, M|
|poke|p1|Corviknight, M|
|poke|p2|Bisharp, F|
|poke|p2|Pelipper, F|
|poke|p2|Kingdra, M|
|poke|p2|Weezing-Galar, F|
|poke|p2|Great Tusk|
|poke|p2|Walking Wake|
|teampreview
|inactive|Battle timer is ON: inactive players will automatically lose when time's up. (requested by lumpii1812)
|
|t:|1760858250
|teamsize|p1|6
|teamsize|p2|6
|start
|switch|p1a: Tropius|Tropius, M|100/100
|switch|p2a: Pelipper|Pelipper, F|100/100
|-weather|RainDance|[from] ability: Drizzle|[of] p2a: Pelipper
|turn|1
|inactive|Blissfell has 120 seconds left.
|
|t:|1760858296
|move|p2a: Pelipper|Hurricane|p1a: Tropius
|-supereffective|p1a: Tropius
|-damage|p1a: Tropius|23/100
|-enditem|p1a: Tropius|Sitrus Berry|[eat]
|-heal|p1a: Tropius|48/100|[from] item: Sitrus Berry
|move|p1a: Tropius|Leech Seed|p2a: Pelipper
|-start|p2a: Pelipper|move: Leech Seed
|
|-weather|RainDance|[upkeep]
|-damage|p2a: Pelipper|88/100|[from] Leech Seed|[of] p1a: Tropius
|-heal|p1a: Tropius|58/100|[silent]
|-item|p1a: Tropius|Sitrus Berry|[from] ability: Harvest
|upkeep
|turn|2
|
|t:|1760858310
|switch|p2a: Kingdra|Kingdra, M|100/100
|move|p1a: Tropius|Protect||[still]
|-fail|p1a: Tropius
|
|-weather|RainDance|[upkeep]
|upkeep
|turn|3
|
|t:|1760858327
|-terastallize|p1a: Tropius|Fairy
|move|p2a: Kingdra|Hurricane|p1a: Tropius
|-damage|p1a: Tropius|9/100
|-start|p1a: Tropius|confusion
|-enditem|p1a: Tropius|Sitrus Berry|[eat]
|-heal|p1a: Tropius|34/100|[from] item: Sitrus Berry
|-activate|p1a: Tropius|confusion
|move|p1a: Tropius|Leech Seed|p2a: Kingdra
|-start|p2a: Kingdra|move: Leech Seed
|
|-weather|RainDance|[upkeep]
|-damage|p2a: Kingdra|88/100|[from] Leech Seed|[of] p1a: Tropius
|-heal|p1a: Tropius|43/100|[silent]
|upkeep
|turn|4
|inactive|Blissfell has 120 seconds left.
|
|t:|1760858341
|switch|p2a: Pelipper|Pelipper, F|88/100
|-activate|p1a: Tropius|confusion
|move|p1a: Tropius|Protect||[still]
|-fail|p1a: Tropius
|
|-weather|RainDance|[upkeep]
|upkeep
|turn|5
|inactive|Blissfell has 120 seconds left.
|
|t:|1760858352
|-end|p1a: Tropius|confusion
|move|p1a: Tropius|Protect|p1a: Tropius
|-singleturn|p1a: Tropius|Protect
|move|p2a: Pelipper|Hurricane|p1a: Tropius
|-activate|p1a: Tropius|move: Protect
|
|-weather|none
|-item|p1a: Tropius|Sitrus Berry|[from] ability: Harvest
|upkeep
|-enditem|p1a: Tropius|Sitrus Berry|[eat]
|-heal|p1a: Tropius|68/100|[from] item: Sitrus Berry
|turn|6
|inactive|Blissfell has 120 seconds left.
|
|t:|1760858373
|switch|p2a: Kingdra|Kingdra, M|88/100
|move|p1a: Tropius|Leech Seed|p2a: Kingdra
|-start|p2a: Kingdra|move: Leech Seed
|
|-damage|p2a: Kingdra|76/100|[from] Leech Seed|[of] p1a: Tropius
|-heal|p1a: Tropius|77/100|[silent]
|upkeep
|turn|7
|
|t:|1760858382
|switch|p2a: Pelipper|Pelipper, F|88/100
|-weather|RainDance|[from] ability: Drizzle|[of] p2a: Pelipper
|move|p1a: Tropius|Substitute|p1a: Tropius
|-start|p1a: Tropius|Substitute
|-damage|p1a: Tropius|52/100
|
|-weather|RainDance|[upkeep]
|upkeep
|turn|8
|inactive|Blissfell has 120 seconds left.
|inactive|Blissfell has 90 seconds left.
|
|t:|1760858432
|move|p2a: Pelipper|Hurricane|p1a: Tropius
|-crit|p1a: Tropius
|-end|p1a: Tropius|Substitute
|move|p1a: Tropius|Leech Seed|p2a: Pelipper|[miss]
|-miss|p1a: Tropius|p2a: Pelipper
|
|-weather|RainDance|[upkeep]
|upkeep
|turn|9
|inactive|lumpii1812 has 120 seconds left.
|
|t:|1760858457
|switch|p1a: Corviknight|Corviknight, M|100/100
|-ability|p1a: Corviknight|Pressure
|move|p2a: Pelipper|Tailwind|p2a: Pelipper
|-sidestart|p2: Blissfell|move: Tailwind
|
|-weather|RainDance|[upkeep]
|upkeep
|turn|10
|inactive|Blissfell has 90 seconds left.
|
|t:|1760858471
|switch|p2a: Bisharp|Bisharp, F, shiny|100/100
|move|p1a: Corviknight|U-turn|p2a: Bisharp
|-damage|p2a: Bisharp|91/100
|
|t:|1760858481
|switch|p1a: Tropius|Tropius, M, tera:Fairy|52/100|[from] U-turn
|
|-weather|RainDance|[upkeep]
|-item|p1a: Tropius|Sitrus Berry|[from] ability: Harvest
|upkeep
|turn|11
|
|t:|1760858487
|move|p2a: Bisharp|Iron Head|p1a: Tropius
|-supereffective|p1a: Tropius
|-damage|p1a: Tropius|0 fnt
|faint|p1a: Tropius
|
|-weather|none
|upkeep
|
|t:|1760858495
|switch|p1a: Ting-Lu|Ting-Lu|100/100
|-ability|p1a: Ting-Lu|Vessel of Ruin
|turn|12
|inactive|Blissfell has 90 seconds left.
|
|t:|1760858517
|switch|p2a: Pelipper|Pelipper, F|88/100
|-weather|RainDance|[from] ability: Drizzle|[of] p2a: Pelipper
|move|p1a: Ting-Lu|Earthquake|p2a: Pelipper
|-immune|p2a: Pelipper
|
|-weather|RainDance|[upkeep]
|-sideend|p2: Blissfell|move: Tailwind
|upkeep
|turn|13
|
|t:|1760858524
|move|p2a: Pelipper|Tailwind|p2a: Pelipper
|-sidestart|p2: Blissfell|move: Tailwind
|move|p1a: Ting-Lu|Ruination|p2a: Pelipper
|-damage|p2a: Pelipper|44/100
|
|-weather|RainDance|[upkeep]
|upkeep
|turn|14
|
|t:|1760858529
|move|p2a: Pelipper|U-turn|p1a: Ting-Lu
|-supereffective|p1a: Ting-Lu
|-damage|p1a: Ting-Lu|90/100
|
|t:|1760858533
|switch|p2a: Kingdra|Kingdra, M|76/100|[from] U-turn
|move|p1a: Ting-Lu|Ruination|p2a: Kingdra
|-damage|p2a: Kingdra|38/100
|
|-weather|RainDance|[upkeep]
|-heal|p1a: Ting-Lu|96/100|[from] item: Leftovers
|upkeep
|turn|15
|
|t:|1760858545
|move|p2a: Kingdra|Hydro Pump|p1a: Ting-Lu
|-supereffective|p1a: Ting-Lu
|-damage|p1a: Ting-Lu|0 fnt
|faint|p1a: Ting-Lu
|
|-weather|RainDance|[upkeep]
|upkeep
|
|t:|1760858551
|switch|p1a: Corviknight|Corviknight, M|100/100
|-ability|p1a: Corviknight|Pressure
|turn|16
|inactive|Blissfell has 120 seconds left.
|
|t:|1760858557
|move|p2a: Kingdra|Hydro Pump|p1a: Corviknight
|-damage|p1a: Corviknight|6/100
|move|p1a: Corviknight|Brave Bird|p2a: Kingdra
|-damage|p2a: Kingdra|0 fnt
|faint|p2a: Kingdra
|-damage|p1a: Corviknight|0 fnt|[from] Recoil
|faint|p1a: Corviknight
|
|-weather|none
|-sideend|p2: Blissfell|move: Tailwind
|upkeep
|inactive|Blissfell has 120 seconds left.
|
|t:|1760858567
|switch|p2a: Pelipper|Pelipper, F|44/100
|switch|p1a: Gliscor|Gliscor, M|100/100
|-weather|RainDance|[from] ability: Drizzle|[of] p2a: Pelipper
|turn|17
|
|t:|1760858575
|move|p1a: Gliscor|Stealth Rock|p2a: Pelipper
|-sidestart|p2: Blissfell|move: Stealth Rock
|move|p2a: Pelipper|Tailwind|p2a: Pelipper
|-sidestart|p2: Blissfell|move: Tailwind
|
|-weather|RainDance|[upkeep]
|-status|p1a: Gliscor|tox|[from] item: Toxic Orb
|upkeep
|turn|18
|
|t:|1760858580
|move|p2a: Pelipper|Hydro Pump|p1a: Gliscor
|-supereffective|p1a: Gliscor
|-damage|p1a: Gliscor|0 fnt
|faint|p1a: Gliscor
|
|-weather|RainDance|[upkeep]
|upkeep
|
|t:|1760858584
|switch|p1a: Alomomola|Alomomola, M|100/100
|turn|19
|
|t:|1760858598
|move|p2a: Pelipper|Hurricane|p1a: Alomomola
|-damage|p1a: Alomomola|54/100
|move|p1a: Alomomola|Scald|p2a: Pelipper
|-resisted|p2a: Pelipper
|-damage|p2a: Pelipper|30/100
|-status|p2a: Pelipper|brn
|
|-weather|RainDance|[upkeep]
|-heal|p1a: Alomomola|60/100|[from] item: Leftovers
|-damage|p2a: Pelipper|24/100 brn|[from] brn
|upkeep
|turn|20
|
|t:|1760858608
|move|p2a: Pelipper|Tailwind||[still]
|-fail|p2a: Pelipper
|move|p1a: Alomomola|Wish|p1a: Alomomola
|
|-weather|RainDance|[upkeep]
|-heal|p1a: Alomomola|66/100|[from] item: Leftovers
|-damage|p2a: Pelipper|17/100 brn|[from] brn
|-sideend|p2: Blissfell|move: Tailwind
|upkeep
|turn|21
|
|t:|1760858616
|move|p1a: Alomomola|Scald|p2a: Pelipper
|-resisted|p2a: Pelipper
|-crit|p2a: Pelipper
|-damage|p2a: Pelipper|0 fnt
|faint|p2a: Pelipper
|
|-weather|none
|-heal|p1a: Alomomola|100/100|[from] move: Wish|[wisher] Alomomola
|upkeep
|
|t:|1760858623
|switch|p2a: Great Tusk|Great Tusk|100/100
|-damage|p2a: Great Tusk|98/100|[from] Stealth Rock
|turn|22
|
|t:|1760858627
|move|p2a: Great Tusk|Rapid Spin|p1a: Alomomola
|-damage|p1a: Alomomola|91/100
|-boost|p2a: Great Tusk|spe|1
|-sideend|p2: Blissfell|Stealth Rock|[from] move: Rapid Spin|[of] p2a: Great Tusk
|move|p1a: Alomomola|Scald|p2a: Great Tusk
|-supereffective|p2a: Great Tusk
|-damage|p2a: Great Tusk|60/100
|
|-heal|p2a: Great Tusk|66/100|[from] item: Leftovers
|-heal|p1a: Alomomola|97/100|[from] item: Leftovers
|upkeep
|turn|23
|
|t:|1760858642
|-end|p2a: Great Tusk|Protosynthesis|[silent]
|switch|p2a: Walking Wake|Walking Wake|100/100
|-enditem|p2a: Walking Wake|Booster Energy
|-activate|p2a: Walking Wake|ability: Protosynthesis|[fromitem]
|-start|p2a: Walking Wake|protosynthesisspa
|move|p1a: Alomomola|Scald|p2a: Walking Wake
|-resisted|p2a: Walking Wake
|-damage|p2a: Walking Wake|96/100
|
|-heal|p1a: Alomomola|100/100|[from] item: Leftovers
|upkeep
|turn|24
|
|t:|1760858660
|-terastallize|p2a: Walking Wake|Fairy
|move|p2a: Walking Wake|Tera Blast|p1a: Alomomola|[anim] Tera Blast Fairy
|-damage|p1a: Alomomola|33/100
|move|p1a: Alomomola|Pain Split|p2a: Walking Wake
|-sethp|p2a: Walking Wake|74/100|[from] move: Pain Split|[silent]
|-sethp|p1a: Alomomola|47/100|[from] move: Pain Split
|
|-heal|p1a: Alomomola|53/100|[from] item: Leftovers
|upkeep
|turn|25
|
|t:|1760858669
|move|p2a: Walking Wake|Tera Blast|p1a: Alomomola|[anim] Tera Blast Fairy
|-damage|p1a: Alomomola|0 fnt
|faint|p1a: Alomomola
|
|upkeep
|
|t:|1760858672
|switch|p1a: Garganacl|Garganacl, M|100/100
|turn|26
|
|t:|1760858681
|move|p2a: Walking Wake|Hydro Steam|p1a: Garganacl
|-supereffective|p1a: Garganacl
|-damage|p1a: Garganacl|21/100
|move|p1a: Garganacl|Curse|p1a: Garganacl
|-unboost|p1a: Garganacl|spe|1
|-boost|p1a: Garganacl|atk|1
|-boost|p1a: Garganacl|def|1
|
|-heal|p1a: Garganacl|27/100|[from] item: Leftovers
|upkeep
|turn|27
|
|t:|1760858693
|move|p2a: Walking Wake|Hydro Steam|p1a: Garganacl
|-supereffective|p1a: Garganacl
|-damage|p1a: Garganacl|0 fnt
|faint|p1a: Garganacl
|
|win|Blissfell
|raw|lumpii1812's rating: 1183 &rarr; <strong>1155</strong><br />(-28 for losing)
|raw|Blissfell's rating: 1137 &rarr; <strong>1165</strong><br />(+28 for winning)
|l|☆Blissfell
|player|p2|
|l|☆lumpii1812
|player|p1|
