|j|☆strangerdanger55
|j|☆Exiowf
|t:|1760760693
|gametype|singles
|player|p1|strangerdanger55|unknown|1163
|player|p2|Exiowf|dawn|1189
|gen|9
|tier|[Gen 9] OU
|rated|
|rule|HP Percentage Mod: HP is shown in percentages
|rule|Endless Battle Clause: Forcing endless battles is banned
|rule|Species Clause: Limit one of each Pokémon
|rule|OHKO Clause: OHKO moves are banned
|rule|Evasion Items Clause: Evasion items are banned
|rule|Evasion Moves Clause: Evasion moves are banned
|rule|Evasion Abilities Clause: Evasion abilities are banned
|rule|Sleep Moves Clause: Sleep-inducing moves are banned
|clearpoke
|poke|p1|Torkoal, M|
|poke|p1|Typhlosion-Hisui, F|
|poke|p1|Venusaur, F|
|poke|p1|Great Tusk|
|poke|p1|Hatterene, F|
|poke|p1|Bellossom, F|
|poke|p2|Slowking-Galar, M|
|poke|p2|Primarina, M|
|poke|p2|Corviknight, M|
|poke|p2|Ceruledge, F|
|poke|p2|Great Tusk|
|poke|p2|Ninetales-Alola, F|
|teampreview
|inactive|Battle timer is ON: inactive players will automatically lose when time's up. (requested by Exiowf)
|
|t:|1760760705
|teamsize|p1|6
|teamsize|p2|6
|start
|switch|p1a: Hatterene|Hatterene, F|100/100
|switch|p2a: Great Tusk|Great Tusk|100/100
|turn|1
|
|t:|1760760713
|-end|p2a: Great Tusk|Protosynthesis|[silent]
|switch|p2a: Slowking|Slowking-Galar, M|100/100
|move|p1a: Hatterene|Reflect|p1a: Hatterene
|-sidestart|p1: strangerdanger55|Reflect
|
|upkeep
|turn|2
|
|t:|1760760717
|move|p1a: Hatterene|Light Screen|p1a: Hatterene
|-sidestart|p1: strangerdanger55|move: Light Screen
|move|p2a: Slowking|Sludge Wave|p1a: Hatterene
|-supereffective|p1a: Hatterene
|-damage|p1a: Hatterene|69/100
|-status|p1a: Hatterene|psn
|
|-damage|p1a: Hatterene|57/100 psn|[from] psn
|upkeep
|turn|3
|
|t:|1760760730
|switch|p1a: Torkoal|Torkoal, M|100/100
|-weather|SunnyDay|[from] ability: Drought|[of] p1a: Torkoal
|move|p2a: Slowking|Future Sight|p1a: Torkoal
|-start|p2a: Slowking|move: Future Sight
|
|-weather|SunnyDay|[upkeep]
|upkeep
|turn|4
|
|t:|1760760738
|move|p1a: Torkoal|Stealth Rock|p2a: Slowking
|-sidestart|p2: Exiowf|move: Stealth Rock
|-prepare|p2a: Slowking|Chilly Reception|[premajor]
|move|p2a: Slowking|Chilly Reception|p2a: Slowking
|-weather|Snowscape
|
|t:|1760760741
|switch|p2a: Great Tusk|Great Tusk|100/100|[from] Chilly Reception
|-damage|p2a: Great Tusk|98/100|[from] Stealth Rock
|
|-weather|Snowscape|[upkeep]
|-heal|p2a: Great Tusk|100/100|[from] item: Leftovers
|upkeep
|turn|5
|
|t:|1760760749
|switch|p1a: Great Tusk|Great Tusk|100/100
|move|p2a: Great Tusk|Rapid Spin|p1a: Great Tusk
|-damage|p1a: Great Tusk|95/100
|-boost|p2a: Great Tusk|spe|1
|-sideend|p2: Exiowf|Stealth Rock|[from] move: Rapid Spin|[of] p2a: Great Tusk
|
|-weather|Snowscape|[upkeep]
|-end|p1a: Great Tusk|move: Future Sight
|-supereffective|p1a: Great Tusk
|-damage|p1a: Great Tusk|56/100
|upkeep
|turn|6
|
|t:|1760760759
|move|p2a: Great Tusk|Knock Off|p1a: Great Tusk
|-resisted|p1a: Great Tusk
|-damage|p1a: Great Tusk|50/100
|-enditem|p1a: Great Tusk|Assault Vest|[from] move: Knock Off|[of] p2a: Great Tusk
|move|p1a: Great Tusk|Ice Spinner|p2a: Great Tusk
|-supereffective|p2a: Great Tusk
|-damage|p2a: Great Tusk|67/100
|
|-weather|Snowscape|[upkeep]
|-heal|p2a: Great Tusk|73/100|[from] item: Leftovers
|upkeep
|turn|7
|
|t:|1760760769
|move|p2a: Great Tusk|Stealth Rock|p1a: Great Tusk
|-sidestart|p1: strangerdanger55|move: Stealth Rock
|move|p1a: Great Tusk|Ice Spinner|p2a: Great Tusk
|-supereffective|p2a: Great Tusk
|-crit|p2a: Great Tusk
|-damage|p2a: Great Tusk|26/100
|
|-weather|Snowscape|[upkeep]
|-heal|p2a: Great Tusk|32/100|[from] item: Leftovers
|upkeep
|turn|8
|
|t:|1760760781
|-end|p2a: Great Tusk|Protosynthesis|[silent]
|switch|p2a: Corviknight|Corviknight, M, shiny|100/100
|-ability|p2a: Corviknight|Pressure
|move|p1a: Great Tusk|Rapid Spin|p2a: Corviknight
|-resisted|p2a: Corviknight
|-damage|p2a: Corviknight|96/100
|-boost|p1a: Great Tusk|spe|1
|-damage|p1a: Great Tusk|34/100|[from] item: Rocky Helmet|[of] p2a: Corviknight
|-sideend|p1: strangerdanger55|Stealth Rock|[from] move: Rapid Spin|[of] p1a: Great Tusk
|
|-weather|none
|-sideend|p1: strangerdanger55|Reflect
|upkeep
|turn|9
|
|t:|1760760791
|move|p1a: Great Tusk|Head Smash|p2a: Corviknight
|-damage|p2a: Corviknight|65/100
|-damage|p1a: Great Tusk|17/100|[from] item: Rocky Helmet|[of] p2a: Corviknight
|-damage|p1a: Great Tusk|3/100|[from] Recoil
|move|p2a: Corviknight|U-turn|p1a: Great Tusk
|-resisted|p1a: Great Tusk
|-damage|p1a: Great Tusk|0 fnt
|faint|p1a: Great Tusk
|-end|p1a: Great Tusk|Protosynthesis|[silent]
|
|t:|1760760799
|switch|p2a: Slowking|Slowking-Galar, M|100/100|[from] U-turn
|
|-sideend|p1: strangerdanger55|move: Light Screen
|upkeep
|
|t:|1760760803
|switch|p1a: Typhlosion|Typhlosion-Hisui, F|100/100
|turn|10
|
|t:|1760760812
|move|p1a: Typhlosion|Shadow Ball|p2a: Slowking
|-supereffective|p2a: Slowking
|-damage|p2a: Slowking|45/100
|move|p2a: Slowking|Future Sight|p1a: Typhlosion
|-start|p2a: Slowking|move: Future Sight
|
|upkeep
|turn|11
|
|t:|1760760819
|switch|p2a: Primarina|Primarina, M|100/100
|move|p1a: Typhlosion|Shadow Ball|p2a: Primarina
|-damage|p2a: Primarina|79/100
|-unboost|p2a: Primarina|spd|1
|
|upkeep
|turn|12
|
|t:|1760760825
|switch|p1a: Torkoal|Torkoal, M|100/100
|-weather|SunnyDay|[from] ability: Drought|[of] p1a: Torkoal
|move|p2a: Primarina|Flip Turn|p1a: Torkoal
|-supereffective|p1a: Torkoal
|-damage|p1a: Torkoal|91/100
|
|t:|1760760829
|switch|p2a: Slowking|Slowking-Galar, M|78/100|[from] Flip Turn
|
|-weather|SunnyDay|[upkeep]
|-end|p1a: Torkoal|move: Future Sight
|-damage|p1a: Torkoal|35/100
|upkeep
|turn|13
|
|t:|1760760835
|move|p1a: Torkoal|Stealth Rock|p2a: Slowking
|-sidestart|p2: Exiowf|move: Stealth Rock
|move|p2a: Slowking|Future Sight|p1a: Torkoal
|-start|p2a: Slowking|move: Future Sight
|
|-weather|SunnyDay|[upkeep]
|upkeep
|turn|14
|inactive|strangerdanger55 has 120 seconds left.
|inactive|Exiowf has 120 seconds left.
|
|t:|1760760881
|switch|p1a: Bellossom|Bellossom, F|100/100
|-prepare|p2a: Slowking|Chilly Reception|[premajor]
|move|p2a: Slowking|Chilly Reception|p2a: Slowking
|-weather|Snowscape
|
|t:|1760760886
|switch|p2a: Great Tusk|Great Tusk|32/100|[from] Chilly Reception
|-damage|p2a: Great Tusk|29/100|[from] Stealth Rock
|
|-weather|Snowscape|[upkeep]
|-heal|p2a: Great Tusk|35/100|[from] item: Leftovers
|upkeep
|turn|15
|
|t:|1760760892
|move|p2a: Great Tusk|Stealth Rock|p1a: Bellossom
|-sidestart|p1: strangerdanger55|move: Stealth Rock
|move|p1a: Bellossom|Sunny Day|p1a: Bellossom
|-weather|SunnyDay
|-activate|p2a: Great Tusk|ability: Protosynthesis
|-start|p2a: Great Tusk|protosynthesisatk
|
|-weather|SunnyDay|[upkeep]
|-end|p1a: Bellossom|move: Future Sight
|-damage|p1a: Bellossom|46/100
|-heal|p1a: Bellossom|52/100|[from] item: Leftovers
|-heal|p2a: Great Tusk|41/100|[from] item: Leftovers
|upkeep
|turn|16
|
|t:|1760760899
|move|p1a: Bellossom|Giga Drain|p2a: Great Tusk
|-supereffective|p2a: Great Tusk
|-damage|p2a: Great Tusk|0 fnt
|-heal|p1a: Bellossom|81/100|[from] drain|[of] p2a: Great Tusk
|faint|p2a: Great Tusk
|-end|p2a: Great Tusk|Protosynthesis|[silent]
|
|-weather|SunnyDay|[upkeep]
|-heal|p1a: Bellossom|87/100|[from] item: Leftovers
|upkeep
|
|t:|1760760904
|switch|p2a: Ninetales|Ninetales-Alola, F|100/100
|-damage|p2a: Ninetales|76/100|[from] Stealth Rock
|-weather|Snowscape|[from] ability: Snow Warning|[of] p2a: Ninetales
|turn|17
|
|t:|1760760915
|move|p2a: Ninetales|Aurora Veil|p2a: Ninetales
|-sidestart|p2: Exiowf|move: Aurora Veil
|move|p1a: Bellossom|Sunny Day|p1a: Bellossom
|-weather|SunnyDay
|
|-weather|SunnyDay|[upkeep]
|-heal|p1a: Bellossom|93/100|[from] item: Leftovers
|upkeep
|turn|18
|
|t:|1760760925
|switch|p2a: Slowking|Slowking-Galar, M|100/100
|move|p1a: Bellossom|Quiver Dance|p1a: Bellossom
|-boost|p1a: Bellossom|spa|1
|-boost|p1a: Bellossom|spd|1
|-boost|p1a: Bellossom|spe|1
|
|-weather|SunnyDay|[upkeep]
|-heal|p1a: Bellossom|99/100|[from] item: Leftovers
|upkeep
|turn|19
|
|t:|1760760928
|move|p1a: Bellossom|Quiver Dance|p1a: Bellossom
|-boost|p1a: Bellossom|spa|1
|-boost|p1a: Bellossom|spd|1
|-boost|p1a: Bellossom|spe|1
|move|p2a: Slowking|Thunder Wave|p1a: Bellossom|[miss]
|-miss|p2a: Slowking|p1a: Bellossom
|
|-weather|SunnyDay|[upkeep]
|-heal|p1a: Bellossom|100/100|[from] item: Leftovers
|upkeep
|turn|20
|
|t:|1760760948
|-terastallize|p1a: Bellossom|Rock
|move|p1a: Bellossom|Tera Blast|p2a: Slowking|[anim] Tera Blast Rock
|-damage|p2a: Slowking|74/100
|move|p2a: Slowking|Thunder Wave|p1a: Bellossom
|-status|p1a: Bellossom|par
|
|-weather|SunnyDay|[upkeep]
|upkeep
|turn|21
|
|t:|1760760955
|move|p1a: Bellossom|Tera Blast|p2a: Slowking|[anim] Tera Blast Rock
|-damage|p2a: Slowking|48/100
|move|p2a: Slowking|Future Sight|p1a: Bellossom
|-start|p2a: Slowking|move: Future Sight
|
|-weather|none
|upkeep
|turn|22
|
|t:|1760760960
|move|p1a: Bellossom|Tera Blast|p2a: Slowking|[anim] Tera Blast Rock
|-damage|p2a: Slowking|23/100
|-prepare|p2a: Slowking|Chilly Reception|[premajor]
|move|p2a: Slowking|Chilly Reception|p2a: Slowking
|-weather|Snowscape
|
|t:|1760760980
|switch|p2a: Primarina|Primarina, M|79/100|[from] Chilly Reception
|-damage|p2a: Primarina|66/100|[from] Stealth Rock
|
|-weather|Snowscape|[upkeep]
|upkeep
|turn|23
|
|t:|1760760982
|move|p1a: Bellossom|Giga Drain|p2a: Primarina
|-supereffective|p2a: Primarina
|-damage|p2a: Primarina|27/100
|move|p2a: Primarina|Sparkling Aria|p1a: Bellossom
|-supereffective|p1a: Bellossom
|-damage|p1a: Bellossom|16/100 par
|
|-weather|Snowscape|[upkeep]
|-end|p1a: Bellossom|move: Future Sight
|-damage|p1a: Bellossom|0 fnt
|faint|p1a: Bellossom
|upkeep
|
|t:|1760760992
|switch|p1a: Torkoal|Torkoal, M|35/100
|-damage|p1a: Torkoal|10/100|[from] Stealth Rock
|-weather|SunnyDay|[from] ability: Drought|[of] p1a: Torkoal
|turn|24
|
|t:|1760760997
|move|p2a: Primarina|Flip Turn|p1a: Torkoal
|-supereffective|p1a: Torkoal
|-damage|p1a: Torkoal|0 fnt
|faint|p1a: Torkoal
|
|t:|1760761005
|switch|p2a: Ninetales|Ninetales-Alola, F|76/100|[from] Flip Turn
|-damage|p2a: Ninetales|51/100|[from] Stealth Rock
|-weather|Snowscape|[from] ability: Snow Warning|[of] p2a: Ninetales
|
|-weather|Snowscape|[upkeep]
|-sideend|p2: Exiowf|move: Aurora Veil
|upkeep
|
|t:|1760761013
|switch|p1a: Hatterene|Hatterene, F|57/100 psn
|-damage|p1a: Hatterene|45/100 psn|[from] Stealth Rock
|turn|25
|
|t:|1760761024
|move|p2a: Ninetales|Aurora Veil|p2a: Ninetales
|-sidestart|p2: Exiowf|move: Aurora Veil
|move|p1a: Hatterene|Light Screen|p1a: Hatterene
|-sidestart|p1: strangerdanger55|move: Light Screen
|
|-weather|Snowscape|[upkeep]
|-damage|p1a: Hatterene|33/100 psn|[from] psn
|upkeep
|turn|26
|
|t:|1760761026
|move|p2a: Ninetales|Blizzard|p1a: Hatterene
|-damage|p1a: Hatterene|14/100 psn
|move|p1a: Hatterene|Reflect|p1a: Hatterene
|-sidestart|p1: strangerdanger55|Reflect
|
|-weather|Snowscape|[upkeep]
|-damage|p1a: Hatterene|2/100 psn|[from] psn
|upkeep
|turn|27
|
|t:|1760761035
|switch|p2a: Slowking|Slowking-Galar, M|56/100
|move|p1a: Hatterene|Healing Wish|p1a: Hatterene
|faint|p1a: Hatterene
|
|-weather|Snowscape|[upkeep]
|upkeep
|
|t:|1760761045
|switch|p1a: Typhlosion|Typhlosion-Hisui, F|100/100
|-damage|p1a: Typhlosion|76/100|[from] Stealth Rock
|turn|28
|
|t:|1760761048
|move|p1a: Typhlosion|Shadow Ball|p2a: Slowking
|-supereffective|p2a: Slowking
|-damage|p2a: Slowking|28/100
|move|p2a: Slowking|Future Sight|p1a: Typhlosion
|-start|p2a: Slowking|move: Future Sight
|
|-weather|none
|upkeep
|turn|29
|
|t:|1760761066
|switch|p2a: Corviknight|Corviknight, M, shiny|65/100
|-damage|p2a: Corviknight|53/100|[from] Stealth Rock
|-ability|p2a: Corviknight|Pressure
|move|p1a: Typhlosion|Shadow Ball|p2a: Corviknight
|-damage|p2a: Corviknight|34/100
|
|upkeep
|turn|30
|
|t:|1760761073
|move|p1a: Typhlosion|Shadow Ball|p2a: Corviknight
|-damage|p2a: Corviknight|15/100
|move|p2a: Corviknight|U-turn|p1a: Typhlosion
|-resisted|p1a: Typhlosion
|-damage|p1a: Typhlosion|73/100
|
|t:|1760761077
|switch|p2a: Ceruledge|Ceruledge, F|100/100|[from] U-turn
|-damage|p2a: Ceruledge|75/100|[from] Stealth Rock
|
|-end|p1a: Typhlosion|move: Future Sight
|-damage|p1a: Typhlosion|38/100
|upkeep
|turn|31
|
|t:|1760761083
|move|p2a: Ceruledge|Shadow Sneak|p1a: Typhlosion
|-supereffective|p1a: Typhlosion
|-damage|p1a: Typhlosion|10/100
|move|p1a: Typhlosion|Shadow Ball|p2a: Ceruledge
|-supereffective|p2a: Ceruledge
|-damage|p2a: Ceruledge|29/100
|-unboost|p2a: Ceruledge|spd|1
|
|upkeep
|turn|32
|
|t:|1760761090
|move|p2a: Ceruledge|Shadow Sneak|p1a: Typhlosion
|-supereffective|p1a: Typhlosion
|-damage|p1a: Typhlosion|0 fnt
|faint|p1a: Typhlosion
|
|-sideend|p1: strangerdanger55|move: Light Screen
|-sideend|p2: Exiowf|move: Aurora Veil
|upkeep
|
|t:|1760761092
|switch|p1a: Venusaur|Venusaur, F|100/100
|-damage|p1a: Venusaur|88/100|[from] Stealth Rock
|turn|33
|
|t:|1760761098
|move|p2a: Ceruledge|Bitter Blade|p1a: Venusaur
|-supereffective|p1a: Venusaur
|-damage|p1a: Venusaur|48/100
|-heal|p2a: Ceruledge|54/100|[from] drain|[of] p1a: Venusaur
|-enditem|p1a: Venusaur|Weakness Policy
|-boost|p1a: Venusaur|atk|2|[from] item: Weakness Policy
|-boost|p1a: Venusaur|spa|2|[from] item: Weakness Policy
|move|p1a: Venusaur|Sludge Bomb|p2a: Ceruledge
|-resisted|p2a: Ceruledge
|-damage|p2a: Ceruledge|0 fnt
|faint|p2a: Ceruledge
|
|-sideend|p1: strangerdanger55|Reflect
|upkeep
|
|t:|1760761110
|switch|p2a: Slowking|Slowking-Galar, M|62/100
|turn|34
|
|t:|1760761114
|move|p1a: Venusaur|Growth|p1a: Venusaur
|-boost|p1a: Venusaur|atk|1
|-boost|p1a: Venusaur|spa|1
|move|p2a: Slowking|Future Sight|p1a: Venusaur
|-start|p2a: Slowking|move: Future Sight
|
|upkeep
|turn|35
|
|t:|1760761123
|move|p1a: Venusaur|Sludge Bomb|p2a: Slowking
|-resisted|p2a: Slowking
|-damage|p2a: Slowking|35/100
|move|p2a: Slowking|Thunder Wave|p1a: Venusaur
|-status|p1a: Venusaur|par
|
|upkeep
|turn|36
|
|t:|1760761128
|move|p1a: Venusaur|Sludge Bomb|p2a: Slowking
|-resisted|p2a: Slowking
|-damage|p2a: Slowking|7/100
|-prepare|p2a: Slowking|Chilly Reception|[premajor]
|move|p2a: Slowking|Chilly Reception|p2a: Slowking
|-weather|Snowscape
|
|t:|1760761136
|switch|p2a: Ninetales|Ninetales-Alola, F|51/100|[from] Chilly Reception
|-damage|p2a: Ninetales|26/100|[from] Stealth Rock
|
|-weather|Snowscape|[upkeep]
|-end|p1a: Venusaur|move: Future Sight
|-supereffective|p1a: Venusaur
|-damage|p1a: Venusaur|0 fnt
|faint|p1a: Venusaur
|
|win|Exiowf
|raw|strangerdanger55's rating: 1163 &rarr; <strong>1140</strong><br />(-23 for losing)
|raw|Exiowf's rating: 1189 &rarr; <strong>1212</strong><br />(+23 for winning)
|l|☆strangerdanger55
|player|p1|
|l|☆Exiowf
|player|p2|
