|j|☆luxor0545
|j|☆ILoveAdaWong22
|t:|1760721828
|gametype|singles
|player|p1|luxor0545|1|1325
|player|p2|ILoveAdaWong22|volkner|1226
|gen|9
|tier|[Gen 9] OU
|rated|
|rule|HP Percentage Mod: HP is shown in percentages
|rule|Endless Battle Clause: Forcing endless battles is banned
|rule|Species Clause: Limit one of each Pokémon
|rule|OHKO Clause: OHKO moves are banned
|rule|Evasion Items Clause: Evasion items are banned
|rule|Evasion Moves Clause: Evasion moves are banned
|rule|Evasion Abilities Clause: Evasion abilities are banned
|rule|Sleep Moves Clause: Sleep-inducing moves are banned
|clearpoke
|poke|p1|Samurott-Hisui, M|
|poke|p1|Hydreigon, F|
|poke|p1|Ceruledge, F|
|poke|p1|Gholdengo|
|poke|p1|Dragapult, F|
|poke|p1|Kingambit, F|
|poke|p2|Glaceon, F|
|poke|p2|Ninetales-Alola, M|
|poke|p2|Landorus-Therian, M|
|poke|p2|Iron Crown|
|poke|p2|Dondozo, M|
|poke|p2|Heatran, M|
|teampreview
|inactive|Battle timer is ON: inactive players will automatically lose when time's up. (requested by ILoveAdaWong22)
|
|t:|1760721842
|teamsize|p1|6
|teamsize|p2|6
|start
|switch|p1a: Dragapult|Dragapult, F|100/100
|switch|p2a: Landorus|Landorus-Therian, M|100/100
|-ability|p2a: Landorus|Intimidate|boost
|-unboost|p1a: Dragapult|atk|1
|turn|1
|
|t:|1760721850
|move|p1a: Dragapult|Will-O-Wisp|p2a: Landorus
|-status|p2a: Landorus|brn
|move|p2a: Landorus|Stealth Rock|p1a: Dragapult
|-sidestart|p1: luxor0545|move: Stealth Rock
|
|-damage|p2a: Landorus|95/100 brn|[from] brn
|upkeep
|turn|2
|
|t:|1760721858
|move|p1a: Dragapult|Hex|p2a: Landorus
|-damage|p2a: Landorus|24/100 brn
|move|p2a: Landorus|U-turn|p1a: Dragapult
|-resisted|p1a: Dragapult
|-damage|p1a: Dragapult|89/100
|-damage|p2a: Landorus|14/100 brn|[from] item: Life Orb
|
|t:|1760721862
|switch|p2a: Ninetales|Ninetales-Alola, M|100/100|[from] U-turn
|-weather|Snowscape|[from] ability: Snow Warning|[of] p2a: Ninetales
|
|-weather|Snowscape|[upkeep]
|upkeep
|turn|3
|
|t:|1760721871
|switch|p1a: Gholdengo|Gholdengo|100/100
|-damage|p1a: Gholdengo|94/100|[from] Stealth Rock
|move|p2a: Ninetales|Aurora Veil|p2a: Ninetales
|-sidestart|p2: ILoveAdaWong22|move: Aurora Veil
|
|-weather|Snowscape|[upkeep]
|upkeep
|turn|4
|
|t:|1760721884
|switch|p2a: Landorus|Landorus-Therian, M|14/100 brn
|-ability|p2a: Landorus|Intimidate|boost
|-unboost|p1a: Gholdengo|atk|1
|move|p1a: Gholdengo|Thunder Wave|p2a: Landorus
|-immune|p2a: Landorus
|
|-weather|Snowscape|[upkeep]
|-damage|p2a: Landorus|8/100 brn|[from] brn
|upkeep
|turn|5
|
|t:|1760721894
|switch|p1a: Hydreigon|Hydreigon, F|100/100
|-damage|p1a: Hydreigon|88/100|[from] Stealth Rock
|move|p2a: Landorus|Taunt|p1a: Hydreigon
|-start|p1a: Hydreigon|move: Taunt
|
|-weather|Snowscape|[upkeep]
|-heal|p1a: Hydreigon|94/100|[from] item: Leftovers
|-damage|p2a: Landorus|2/100 brn|[from] brn
|upkeep
|turn|6
|
|t:|1760721905
|move|p1a: Hydreigon|Flash Cannon|p2a: Landorus
|-damage|p2a: Landorus|0 fnt
|faint|p2a: Landorus
|
|-weather|none
|-heal|p1a: Hydreigon|100/100|[from] item: Leftovers
|upkeep
|
|t:|1760721913
|switch|p2a: Ninetales|Ninetales-Alola, M|100/100
|-weather|Snowscape|[from] ability: Snow Warning|[of] p2a: Ninetales
|turn|7
|
|t:|1760721918
|switch|p2a: Heatran|Heatran, M|100/100
|switch|p1a: Gholdengo|Gholdengo|94/100
|-damage|p1a: Gholdengo|88/100|[from] Stealth Rock
|
|-weather|Snowscape|[upkeep]
|upkeep
|turn|8
|
|t:|1760721927
|switch|p1a: Samurott|Samurott-Hisui, M|100/100
|-damage|p1a: Samurott|88/100|[from] Stealth Rock
|move|p2a: Heatran|Fire Blast|p1a: Samurott
|-resisted|p1a: Samurott
|-damage|p1a: Samurott|40/100
|
|-weather|Snowscape|[upkeep]
|upkeep
|turn|9
|
|t:|1760721945
|switch|p2a: Dondozo|Dondozo, M|100/100
|move|p1a: Samurott|Ceaseless Edge|p2a: Dondozo
|-damage|p2a: Dondozo|86/100
|-sidestart|p2: ILoveAdaWong22|Spikes
|
|-weather|Snowscape|[upkeep]
|upkeep
|turn|10
|
|t:|1760721954
|move|p1a: Samurott|Ceaseless Edge|p2a: Dondozo
|-damage|p2a: Dondozo|71/100
|-sidestart|p2: ILoveAdaWong22|Spikes
|move|p2a: Dondozo|Earthquake|p1a: Samurott
|-damage|p1a: Samurott|1/100
|
|-weather|Snowscape|[upkeep]
|-sideend|p2: ILoveAdaWong22|move: Aurora Veil
|upkeep
|turn|11
|
|t:|1760721962
|move|p1a: Samurott|Ceaseless Edge|p2a: Dondozo
|-damage|p2a: Dondozo|46/100
|-sidestart|p2: ILoveAdaWong22|Spikes
|move|p2a: Dondozo|Earthquake|p1a: Samurott
|-damage|p1a: Samurott|0 fnt
|faint|p1a: Samurott
|
|-weather|none
|upkeep
|
|t:|1760721981
|switch|p1a: Hydreigon|Hydreigon, F|100/100
|-damage|p1a: Hydreigon|88/100|[from] Stealth Rock
|turn|12
|
|t:|1760721987
|move|p1a: Hydreigon|Dark Pulse|p2a: Dondozo
|-damage|p2a: Dondozo|23/100
|move|p2a: Dondozo|Avalanche|p1a: Hydreigon
|-supereffective|p1a: Hydreigon
|-damage|p1a: Hydreigon|4/100
|
|-heal|p1a: Hydreigon|11/100|[from] item: Leftovers
|upkeep
|turn|13
|
|t:|1760721996
|move|p1a: Hydreigon|Draco Meteor|p2a: Dondozo
|-damage|p2a: Dondozo|0 fnt
|-unboost|p1a: Hydreigon|spa|2
|faint|p2a: Dondozo
|
|-heal|p1a: Hydreigon|17/100|[from] item: Leftovers
|upkeep
|
|t:|1760722001
|switch|p2a: Ninetales|Ninetales-Alola, M|100/100
|-damage|p2a: Ninetales|76/100|[from] Spikes
|-weather|Snowscape|[from] ability: Snow Warning|[of] p2a: Ninetales
|turn|14
|
|t:|1760722009
|move|p2a: Ninetales|Aurora Veil|p2a: Ninetales
|-sidestart|p2: ILoveAdaWong22|move: Aurora Veil
|move|p1a: Hydreigon|Flash Cannon|p2a: Ninetales
|-supereffective|p2a: Ninetales
|-damage|p2a: Ninetales|44/100
|
|-weather|Snowscape|[upkeep]
|-heal|p1a: Hydreigon|23/100|[from] item: Leftovers
|upkeep
|turn|15
|
|t:|1760722027
|switch|p1a: Gholdengo|Gholdengo|88/100
|-damage|p1a: Gholdengo|82/100|[from] Stealth Rock
|move|p2a: Ninetales|Blizzard|p1a: Gholdengo
|-resisted|p1a: Gholdengo
|-damage|p1a: Gholdengo|66/100
|
|-weather|Snowscape|[upkeep]
|upkeep
|turn|16
|
|t:|1760722036
|move|p2a: Ninetales|Protect|p2a: Ninetales
|-singleturn|p2a: Ninetales|Protect
|move|p1a: Gholdengo|Thunder Wave|p2a: Ninetales
|-activate|p2a: Ninetales|move: Protect
|
|-weather|Snowscape|[upkeep]
|upkeep
|turn|17
|
|t:|1760722045
|switch|p2a: Heatran|Heatran, M|100/100
|-damage|p2a: Heatran|76/100|[from] Spikes
|move|p1a: Gholdengo|Thunder Wave|p2a: Heatran
|-status|p2a: Heatran|par
|
|-weather|Snowscape|[upkeep]
|upkeep
|turn|18
|
|t:|1760722054
|switch|p1a: Ceruledge|Ceruledge, F|100/100
|move|p2a: Heatran|Fire Blast|p1a: Ceruledge
|-start|p1a: Ceruledge|ability: Flash Fire
|
|-weather|none
|upkeep
|turn|19
|
|t:|1760722066
|-end|p1a: Ceruledge|ability: Flash Fire|[silent]
|switch|p1a: Hydreigon|Hydreigon, F|23/100
|-damage|p1a: Hydreigon|11/100|[from] Stealth Rock
|cant|p2a: Heatran|par
|
|-heal|p1a: Hydreigon|17/100|[from] item: Leftovers
|upkeep
|turn|20
|
|t:|1760722074
|move|p1a: Hydreigon|Dark Pulse|p2a: Heatran
|-damage|p2a: Heatran|64/100 par
|move|p2a: Heatran|Flash Cannon|p1a: Hydreigon
|-damage|p1a: Hydreigon|0 fnt
|faint|p1a: Hydreigon
|
|upkeep
|
|t:|1760722086
|switch|p1a: Dragapult|Dragapult, F|89/100
|turn|21
|
|t:|1760722099
|move|p1a: Dragapult|Surf|p2a: Heatran
|-supereffective|p2a: Heatran
|-damage|p2a: Heatran|35/100 par
|move|p2a: Heatran|Flash Cannon|p1a: Dragapult
|-damage|p1a: Dragapult|31/100
|
|-sideend|p2: ILoveAdaWong22|move: Aurora Veil
|upkeep
|turn|22
|
|t:|1760722113
|switch|p2a: Iron Crown|Iron Crown|100/100
|-damage|p2a: Iron Crown|75/100|[from] Spikes
|-enditem|p2a: Iron Crown|Booster Energy
|-activate|p2a: Iron Crown|ability: Quark Drive|[fromitem]
|-start|p2a: Iron Crown|quarkdrivespd
|move|p1a: Dragapult|Surf|p2a: Iron Crown
|-damage|p2a: Iron Crown|62/100
|
|upkeep
|turn|23
|
|t:|1760722122
|move|p1a: Dragapult|Will-O-Wisp|p2a: Iron Crown
|-status|p2a: Iron Crown|brn
|move|p2a: Iron Crown|Tachyon Cutter|p1a: Dragapult
|-damage|p1a: Dragapult|1/100
|-damage|p1a: Dragapult|0 fnt
|faint|p1a: Dragapult
|-hitcount|p1: Dragapult|2
|
|-damage|p2a: Iron Crown|55/100 brn|[from] brn
|upkeep
|
|t:|1760722135
|switch|p1a: Gholdengo|Gholdengo|66/100
|-damage|p1a: Gholdengo|60/100|[from] Stealth Rock
|turn|24
|inactive|ILoveAdaWong22 has 120 seconds left.
|
|t:|1760722166
|move|p2a: Iron Crown|Focus Blast|p1a: Gholdengo
|-immune|p1a: Gholdengo
|move|p1a: Gholdengo|Recover|p1a: Gholdengo
|-heal|p1a: Gholdengo|100/100
|
|-damage|p2a: Iron Crown|49/100 brn|[from] brn
|upkeep
|turn|25
|
|t:|1760722175
|move|p2a: Iron Crown|Calm Mind|p2a: Iron Crown
|-boost|p2a: Iron Crown|spa|1
|-boost|p2a: Iron Crown|spd|1
|move|p1a: Gholdengo|Hex|p2a: Iron Crown
|-supereffective|p2a: Iron Crown
|-damage|p2a: Iron Crown|6/100 brn
|
|-damage|p2a: Iron Crown|0 fnt|[from] brn
|faint|p2a: Iron Crown
|-end|p2a: Iron Crown|Quark Drive|[silent]
|upkeep
|
|t:|1760722182
|switch|p2a: Heatran|Heatran, M|35/100 par
|-damage|p2a: Heatran|10/100 par|[from] Spikes
|turn|26
|
|t:|1760722188
|move|p1a: Gholdengo|Hex|p2a: Heatran
|-damage|p2a: Heatran|0 fnt
|faint|p2a: Heatran
|
|upkeep
|
|t:|1760722191
|switch|p2a: Ninetales|Ninetales-Alola, M|44/100
|-damage|p2a: Ninetales|20/100|[from] Spikes
|-weather|Snowscape|[from] ability: Snow Warning|[of] p2a: Ninetales
|turn|27
|
|t:|1760722198
|move|p2a: Ninetales|Aurora Veil|p2a: Ninetales
|-sidestart|p2: ILoveAdaWong22|move: Aurora Veil
|move|p1a: Gholdengo|Thunder Wave|p2a: Ninetales
|-status|p2a: Ninetales|par
|
|-weather|Snowscape|[upkeep]
|upkeep
|turn|28
|
|t:|1760722204
|move|p1a: Gholdengo|Hex|p2a: Ninetales
|-damage|p2a: Ninetales|0 fnt
|faint|p2a: Ninetales
|
|-weather|Snowscape|[upkeep]
|upkeep
|
|t:|1760722206
|switch|p2a: Glaceon|Glaceon, F|100/100
|-damage|p2a: Glaceon|76/100|[from] Spikes
|turn|29
|
|t:|1760722214
|-terastallize|p2a: Glaceon|Ground
|move|p1a: Gholdengo|Thunder Wave|p2a: Glaceon
|-immune|p2a: Glaceon
|move|p2a: Glaceon|Mud Shot|p1a: Gholdengo
|-supereffective|p1a: Gholdengo
|-damage|p1a: Gholdengo|48/100
|-unboost|p1a: Gholdengo|spe|1
|
|-weather|Snowscape|[upkeep]
|-heal|p2a: Glaceon|82/100|[from] ability: Ice Body
|-heal|p2a: Glaceon|88/100|[from] item: Leftovers
|upkeep
|turn|30
|
|t:|1760722230
|move|p2a: Glaceon|Wish|p2a: Glaceon
|move|p1a: Gholdengo|Hex|p2a: Glaceon
|-damage|p2a: Glaceon|77/100
|
|-weather|Snowscape|[upkeep]
|-heal|p2a: Glaceon|83/100|[from] ability: Ice Body
|-heal|p2a: Glaceon|89/100|[from] item: Leftovers
|upkeep
|turn|31
|
|t:|1760722238
|move|p2a: Glaceon|Mud Shot|p1a: Gholdengo
|-supereffective|p1a: Gholdengo
|-damage|p1a: Gholdengo|2/100
|-unboost|p1a: Gholdengo|spe|1
|move|p1a: Gholdengo|Recover|p1a: Gholdengo
|-heal|p1a: Gholdengo|52/100
|
|-weather|none
|-heal|p2a: Glaceon|100/100|[from] move: Wish|[wisher] Glaceon
|upkeep
|turn|32
|
|t:|1760722249
|move|p2a: Glaceon|Mud Shot|p1a: Gholdengo
|-supereffective|p1a: Gholdengo
|-damage|p1a: Gholdengo|4/100
|-unboost|p1a: Gholdengo|spe|1
|move|p1a: Gholdengo|Recover|p1a: Gholdengo
|-heal|p1a: Gholdengo|54/100
|
|upkeep
|turn|33
|
|t:|1760722257
|move|p2a: Glaceon|Mud Shot|p1a: Gholdengo
|-supereffective|p1a: Gholdengo
|-damage|p1a: Gholdengo|0 fnt
|faint|p1a: Gholdengo
|
|upkeep
|
|t:|1760722265
|switch|p1a: Ceruledge|Ceruledge, F|100/100
|turn|34
|
|t:|1760722272
|-terastallize|p1a: Ceruledge|Flying
|move|p1a: Ceruledge|Bulk Up|p1a: Ceruledge
|-boost|p1a: Ceruledge|atk|1
|-boost|p1a: Ceruledge|def|1
|move|p2a: Glaceon|Mud Shot|p1a: Ceruledge
|-immune|p1a: Ceruledge
|
|-sideend|p2: ILoveAdaWong22|move: Aurora Veil
|upkeep
|turn|35
|
|t:|1760722285
|move|p1a: Ceruledge|Poltergeist|p2a: Glaceon|[miss]
|-miss|p1a: Ceruledge|p2a: Glaceon
|move|p2a: Glaceon|Freeze-Dry|p1a: Ceruledge
|-supereffective|p1a: Ceruledge
|-damage|p1a: Ceruledge|26/100
|
|upkeep
|turn|36
|
|t:|1760722294
|move|p2a: Glaceon|Protect|p2a: Glaceon
|-singleturn|p2a: Glaceon|Protect
|move|p1a: Ceruledge|Poltergeist|p2a: Glaceon
|-activate|p2a: Glaceon|move: Protect
|
|upkeep
|turn|37
|
|t:|1760722301
|move|p1a: Ceruledge|Poltergeist|p2a: Glaceon
|-activate|p2a: Glaceon|move: Poltergeist|Leftovers
|-damage|p2a: Glaceon|16/100
|move|p2a: Glaceon|Wish|p2a: Glaceon
|
|-heal|p2a: Glaceon|22/100|[from] item: Leftovers
|upkeep
|turn|38
|
|t:|1760722310
|move|p1a: Ceruledge|Bulk Up|p1a: Ceruledge
|-boost|p1a: Ceruledge|atk|1
|-boost|p1a: Ceruledge|def|1
|move|p2a: Glaceon|Freeze-Dry|p1a: Ceruledge
|-supereffective|p1a: Ceruledge
|-damage|p1a: Ceruledge|0 fnt
|faint|p1a: Ceruledge
|
|-heal|p2a: Glaceon|72/100|[from] move: Wish|[wisher] Glaceon
|-heal|p2a: Glaceon|78/100|[from] item: Leftovers
|upkeep
|
|t:|1760722322
|switch|p1a: Kingambit|Kingambit, F|100/100
|-damage|p1a: Kingambit|94/100|[from] Stealth Rock
|-activate|p1a: Kingambit|ability: Supreme Overlord
|-start|p1a: Kingambit|fallen5|[silent]
|turn|39
|
|t:|1760722329
|move|p2a: Glaceon|Wish|p2a: Glaceon
|move|p1a: Kingambit|Kowtow Cleave|p2a: Glaceon
|-damage|p2a: Glaceon|12/100
|
|-heal|p2a: Glaceon|18/100|[from] item: Leftovers
|-heal|p1a: Kingambit|100/100|[from] item: Leftovers
|upkeep
|turn|40
|
|t:|1760722337
|move|p2a: Glaceon|Protect|p2a: Glaceon
|-singleturn|p2a: Glaceon|Protect
|move|p1a: Kingambit|Kowtow Cleave|p2a: Glaceon
|-activate|p2a: Glaceon|move: Protect
|
|-heal|p2a: Glaceon|68/100|[from] move: Wish|[wisher] Glaceon
|-heal|p2a: Glaceon|74/100|[from] item: Leftovers
|upkeep
|turn|41
|
|t:|1760722347
|move|p2a: Glaceon|Mud Shot|p1a: Kingambit
|-supereffective|p1a: Kingambit
|-damage|p1a: Kingambit|48/100
|-unboost|p1a: Kingambit|spe|1
|move|p1a: Kingambit|Kowtow Cleave|p2a: Glaceon
|-damage|p2a: Glaceon|9/100
|
|-heal|p2a: Glaceon|15/100|[from] item: Leftovers
|-heal|p1a: Kingambit|54/100|[from] item: Leftovers
|upkeep
|turn|42
|
|t:|1760722357
|move|p2a: Glaceon|Protect|p2a: Glaceon
|-singleturn|p2a: Glaceon|Protect
|move|p1a: Kingambit|Kowtow Cleave|p2a: Glaceon
|-activate|p2a: Glaceon|move: Protect
|
|-heal|p2a: Glaceon|21/100|[from] item: Leftovers
|-heal|p1a: Kingambit|60/100|[from] item: Leftovers
|upkeep
|turn|43
|
|t:|1760722366
|move|p2a: Glaceon|Mud Shot|p1a: Kingambit
|-supereffective|p1a: Kingambit
|-damage|p1a: Kingambit|10/100
|-unboost|p1a: Kingambit|spe|1
|move|p1a: Kingambit|Kowtow Cleave|p2a: Glaceon
|-damage|p2a: Glaceon|0 fnt
|faint|p2a: Glaceon
|
|win|luxor0545
|raw|luxor0545's rating: 1325 &rarr; <strong>1339</strong><br />(+14 for winning)
|raw|ILoveAdaWong22's rating: 1226 &rarr; <strong>1208</strong><br />(-18 for losing)
|l|☆ILoveAdaWong22
|player|p2|
|l|☆luxor0545
|player|p1|
