|j|☆tboc13
|j|☆Grindset mindset
|t:|1760718618
|gametype|singles
|player|p1|tboc13|dawn|1540
|player|p2|Grindset mindset|skyla|1531
|gen|9
|tier|[Gen 9] OU
|rated|
|rule|HP Percentage Mod: HP is shown in percentages
|rule|Endless Battle Clause: Forcing endless battles is banned
|rule|Species Clause: Limit one of each Pokémon
|rule|OHKO Clause: OHKO moves are banned
|rule|Evasion Items Clause: Evasion items are banned
|rule|Evasion Moves Clause: Evasion moves are banned
|rule|Evasion Abilities Clause: Evasion abilities are banned
|rule|Sleep Moves Clause: Sleep-inducing moves are banned
|clearpoke
|poke|p1|Rillaboom, F|
|poke|p1|Dragapult, F|
|poke|p1|Samurott-Hisui, F|
|poke|p1|Great Tusk|
|poke|p1|Slowking-Galar, F|
|poke|p1|Skarmory, F|
|poke|p2|Ogerpon-Cornerstone, F|
|poke|p2|Primarina, M|
|poke|p2|Armarouge, M|
|poke|p2|Raging Bolt|
|poke|p2|Tornadus-Therian, M|
|poke|p2|Great Tusk|
|teampreview
|inactive|Battle timer is ON: inactive players will automatically lose when time's up. (requested by Grindset mindset)
|inactive|tboc13 also wants the timer to be on.
|inactive|tboc13 has 120 seconds left.
|inactive|tboc13 has 90 seconds left.
|inactive|tboc13 has 60 seconds left.
|inactive|tboc13 has 30 seconds left.
|
|t:|1760718747
|teamsize|p1|6
|teamsize|p2|6
|start
|switch|p1a: Slowking|Slowking-Galar, F|100/100
|switch|p2a: Raging Bolt|Raging Bolt|100/100
|turn|1
|
|t:|1760718750
|move|p2a: Raging Bolt|Ancient Power|p1a: Slowking
|-damage|p1a: Slowking|87/100
|move|p1a: Slowking|Toxic|p2a: Raging Bolt
|-status|p2a: Raging Bolt|tox
|
|-damage|p2a: Raging Bolt|94/100 tox|[from] psn
|upkeep
|turn|2
|
|t:|1760718756
|move|p2a: Raging Bolt|Ancient Power|p1a: Slowking
|-damage|p1a: Slowking|73/100
|-prepare|p1a: Slowking|Chilly Reception|[premajor]
|move|p1a: Slowking|Chilly Reception|p1a: Slowking
|-weather|Snowscape
|
|t:|1760718760
|switch|p1a: Great Tusk|Great Tusk|100/100|[from] Chilly Reception
|
|-weather|Snowscape|[upkeep]
|-heal|p2a: Raging Bolt|100/100 tox|[from] item: Leftovers
|-damage|p2a: Raging Bolt|88/100 tox|[from] psn
|upkeep
|turn|3
|
|t:|1760718763
|-end|p1a: Great Tusk|Protosynthesis|[silent]
|switch|p1a: Slowking|Slowking-Galar, F|100/100
|move|p2a: Raging Bolt|Dragon Pulse|p1a: Slowking
|-damage|p1a: Slowking|69/100
|
|-weather|Snowscape|[upkeep]
|-heal|p2a: Raging Bolt|94/100 tox|[from] item: Leftovers
|-damage|p2a: Raging Bolt|76/100 tox|[from] psn
|upkeep
|turn|4
|
|t:|1760718766
|move|p2a: Raging Bolt|Dragon Pulse|p1a: Slowking
|-damage|p1a: Slowking|38/100
|-prepare|p1a: Slowking|Chilly Reception|[premajor]
|move|p1a: Slowking|Chilly Reception|p1a: Slowking
|
|t:|1760718768
|switch|p1a: Great Tusk|Great Tusk|100/100|[from] Chilly Reception
|
|-weather|Snowscape|[upkeep]
|-heal|p2a: Raging Bolt|82/100 tox|[from] item: Leftovers
|-damage|p2a: Raging Bolt|57/100 tox|[from] psn
|upkeep
|turn|5
|
|t:|1760718771
|move|p1a: Great Tusk|Headlong Rush|p2a: Raging Bolt
|-supereffective|p2a: Raging Bolt
|-damage|p2a: Raging Bolt|0 fnt
|-unboost|p1a: Great Tusk|def|1
|-unboost|p1a: Great Tusk|spd|1
|faint|p2a: Raging Bolt
|-end|p2a: Raging Bolt|Protosynthesis|[silent]
|
|-weather|Snowscape|[upkeep]
|upkeep
|
|t:|1760718773
|switch|p2a: Tornadus|Tornadus-Therian, M|100/100
|turn|6
|
|t:|1760718777
|-end|p1a: Great Tusk|Protosynthesis|[silent]
|switch|p1a: Slowking|Slowking-Galar, F|71/100
|move|p2a: Tornadus|Bleakwind Storm|p1a: Slowking
|-damage|p1a: Slowking|46/100
|-unboost|p1a: Slowking|spe|1
|
|-weather|none
|upkeep
|turn|7
|
|t:|1760718782
|switch|p1a: Skarmory|Skarmory, F|100/100
|move|p2a: Tornadus|Knock Off|p1a: Skarmory
|-damage|p1a: Skarmory|88/100
|-damage|p2a: Tornadus|84/100|[from] item: Rocky Helmet|[of] p1a: Skarmory
|-enditem|p1a: Skarmory|Rocky Helmet|[from] move: Knock Off|[of] p2a: Tornadus
|
|upkeep
|turn|8
|
|t:|1760718787
|switch|p1a: Dragapult|Dragapult, F|100/100
|move|p2a: Tornadus|Heat Wave|p1a: Dragapult
|-resisted|p1a: Dragapult
|-damage|p1a: Dragapult|83/100
|
|upkeep
|turn|9
|
|t:|1760718793
|move|p1a: Dragapult|Will-O-Wisp|p2a: Tornadus
|-status|p2a: Tornadus|brn
|move|p2a: Tornadus|Knock Off|p1a: Dragapult
|-supereffective|p1a: Dragapult
|-damage|p1a: Dragapult|58/100
|-enditem|p1a: Dragapult|Heavy-Duty Boots|[from] move: Knock Off|[of] p2a: Tornadus
|
|-damage|p2a: Tornadus|78/100 brn|[from] brn
|upkeep
|turn|10
|
|t:|1760718797
|move|p1a: Dragapult|Hex|p2a: Tornadus
|-damage|p2a: Tornadus|18/100 brn
|move|p2a: Tornadus|Bleakwind Storm|p1a: Dragapult
|-damage|p1a: Dragapult|4/100
|
|-damage|p2a: Tornadus|12/100 brn|[from] brn
|upkeep
|turn|11
|
|t:|1760718805
|switch|p2a: Primarina|Primarina, M|100/100
|move|p1a: Dragapult|Hex|p2a: Primarina
|-damage|p2a: Primarina|75/100
|
|upkeep
|turn|12
|
|t:|1760718809
|switch|p1a: Slowking|Slowking-Galar, F|80/100
|move|p2a: Primarina|Hyper Voice|p1a: Slowking
|-damage|p1a: Slowking|32/100
|
|upkeep
|turn|13
|
|t:|1760718826
|switch|p1a: Rillaboom|Rillaboom, F|100/100
|-fieldstart|move: Grassy Terrain|[from] ability: Grassy Surge|[of] p1a: Rillaboom
|move|p2a: Primarina|Hyper Voice|p1a: Rillaboom
|-resisted|p1a: Rillaboom
|-damage|p1a: Rillaboom|50/100
|
|-heal|p1a: Rillaboom|56/100|[from] Grassy Terrain
|-heal|p2a: Primarina|82/100|[from] Grassy Terrain
|upkeep
|turn|14
|
|t:|1760718831
|switch|p2a: Tornadus|Tornadus-Therian, M|45/100 brn
|move|p1a: Rillaboom|U-turn|p2a: Tornadus
|-resisted|p2a: Tornadus
|-damage|p2a: Tornadus|21/100 brn
|
|t:|1760718835
|switch|p1a: Samurott|Samurott-Hisui, F|100/100|[from] U-turn
|
|-damage|p2a: Tornadus|15/100 brn|[from] brn
|upkeep
|turn|15
|
|t:|1760718837
|move|p1a: Samurott|Ceaseless Edge|p2a: Tornadus
|-crit|p2a: Tornadus
|-damage|p2a: Tornadus|0 fnt
|-sidestart|p2: Grindset mindset|Spikes
|faint|p2a: Tornadus
|
|upkeep
|
|t:|1760718839
|switch|p2a: Great Tusk|Great Tusk|100/100
|-damage|p2a: Great Tusk|88/100|[from] Spikes
|-enditem|p2a: Great Tusk|Booster Energy
|-activate|p2a: Great Tusk|ability: Protosynthesis|[fromitem]
|-start|p2a: Great Tusk|protosynthesisatk
|turn|16
|
|t:|1760718842
|switch|p1a: Skarmory|Skarmory, F|88/100
|move|p2a: Great Tusk|Rapid Spin|p1a: Skarmory
|-resisted|p1a: Skarmory
|-damage|p1a: Skarmory|79/100
|-boost|p2a: Great Tusk|spe|1
|-sideend|p2: Grindset mindset|Spikes|[from] move: Rapid Spin|[of] p2a: Great Tusk
|
|-heal|p2a: Great Tusk|94/100|[from] Grassy Terrain
|upkeep
|turn|17
|
|t:|1760718844
|move|p2a: Great Tusk|Close Combat|p1a: Skarmory
|-damage|p1a: Skarmory|24/100
|-unboost|p2a: Great Tusk|def|1
|-unboost|p2a: Great Tusk|spd|1
|move|p1a: Skarmory|Whirlwind|p2a: Great Tusk
|-end|p2a: Great Tusk|Protosynthesis|[silent]
|drag|p2a: Armarouge|Armarouge, M|100/100
|
|-fieldend|move: Grassy Terrain
|upkeep
|turn|18
|
|t:|1760718849
|switch|p1a: Samurott|Samurott-Hisui, F|100/100
|move|p2a: Armarouge|Armor Cannon|p1a: Samurott
|-resisted|p1a: Samurott
|-damage|p1a: Samurott|53/100
|-unboost|p2a: Armarouge|def|1
|-unboost|p2a: Armarouge|spd|1
|
|upkeep
|turn|19
|
|t:|1760718852
|switch|p2a: Great Tusk|Great Tusk|94/100
|move|p1a: Samurott|Flip Turn|p2a: Great Tusk
|-supereffective|p2a: Great Tusk
|-damage|p2a: Great Tusk|55/100
|
|t:|1760718859
|switch|p1a: Rillaboom|Rillaboom, F|56/100|[from] Flip Turn
|-fieldstart|move: Grassy Terrain|[from] ability: Grassy Surge|[of] p1a: Rillaboom
|
|-heal|p2a: Great Tusk|61/100|[from] Grassy Terrain
|-heal|p1a: Rillaboom|62/100|[from] Grassy Terrain
|upkeep
|turn|20
|
|t:|1760718861
|-terastallize|p1a: Rillaboom|Grass
|move|p1a: Rillaboom|Grassy Glide|p2a: Great Tusk
|-supereffective|p2a: Great Tusk
|-damage|p2a: Great Tusk|0 fnt
|faint|p2a: Great Tusk
|-end|p2a: Great Tusk|Protosynthesis|[silent]
|
|-heal|p1a: Rillaboom|69/100|[from] Grassy Terrain
|upkeep
|
|t:|1760718864
|switch|p2a: Armarouge|Armarouge, M|100/100
|turn|21
|
|t:|1760718868
|switch|p1a: Skarmory|Skarmory, F|24/100
|move|p2a: Armarouge|Armor Cannon|p1a: Skarmory
|-supereffective|p1a: Skarmory
|-damage|p1a: Skarmory|0 fnt
|-unboost|p2a: Armarouge|def|1
|-unboost|p2a: Armarouge|spd|1
|faint|p1a: Skarmory
|
|upkeep
|
|t:|1760718869
|switch|p1a: Great Tusk|Great Tusk|100/100
|turn|22
|
|t:|1760718872
|move|p2a: Armarouge|Endure|p2a: Armarouge
|-singleturn|p2a: Armarouge|move: Endure
|move|p1a: Great Tusk|Headlong Rush|p2a: Armarouge
|-supereffective|p2a: Armarouge
|-activate|p2a: Armarouge|move: Endure
|-damage|p2a: Armarouge|1/100
|-unboost|p1a: Great Tusk|def|1
|-unboost|p1a: Great Tusk|spd|1
|-ability|p2a: Armarouge|Weak Armor|boost
|-unboost|p2a: Armarouge|def|1
|-boost|p2a: Armarouge|spe|2
|-enditem|p2a: Armarouge|Weakness Policy
|-boost|p2a: Armarouge|atk|2|[from] item: Weakness Policy
|-boost|p2a: Armarouge|spa|2|[from] item: Weakness Policy
|
|-heal|p2a: Armarouge|7/100|[from] Grassy Terrain
|upkeep
|turn|23
|
|t:|1760718874
|move|p2a: Armarouge|Stored Power|p1a: Great Tusk
|-supereffective|p1a: Great Tusk
|-damage|p1a: Great Tusk|0 fnt
|faint|p1a: Great Tusk
|-end|p1a: Great Tusk|Protosynthesis|[silent]
|
|-heal|p2a: Armarouge|13/100|[from] Grassy Terrain
|-fieldend|move: Grassy Terrain
|upkeep
|
|t:|1760718876
|switch|p1a: Rillaboom|Rillaboom, F, tera:Grass|69/100
|-fieldstart|move: Grassy Terrain|[from] ability: Grassy Surge|[of] p1a: Rillaboom
|turn|24
|
|t:|1760718878
|move|p1a: Rillaboom|Grassy Glide|p2a: Armarouge
|-resisted|p2a: Armarouge
|-damage|p2a: Armarouge|0 fnt
|faint|p2a: Armarouge
|
|-heal|p1a: Rillaboom|75/100|[from] Grassy Terrain
|upkeep
|
|t:|1760718881
|switch|p2a: Ogerpon|Ogerpon-Cornerstone, F|100/100
|turn|25
|
|t:|1760718885
|switch|p1a: Slowking|Slowking-Galar, F|66/100
|move|p2a: Ogerpon|Ivy Cudgel|p1a: Slowking|[anim] Ivy Cudgel Rock
|-damage|p1a: Slowking|0 fnt
|faint|p1a: Slowking
|
|upkeep
|
|t:|1760718886
|switch|p1a: Dragapult|Dragapult, F|4/100
|turn|26
|
|t:|1760718890
|switch|p2a: Primarina|Primarina, M|82/100
|move|p1a: Dragapult|Hex|p2a: Primarina
|-damage|p2a: Primarina|57/100
|
|-heal|p1a: Dragapult|10/100|[from] Grassy Terrain
|-heal|p2a: Primarina|63/100|[from] Grassy Terrain
|upkeep
|turn|27
|
|t:|1760718897
|move|p1a: Dragapult|U-turn|p2a: Primarina
|-resisted|p2a: Primarina
|-damage|p2a: Primarina|52/100
|
|t:|1760718899
|switch|p1a: Samurott|Samurott-Hisui, F|53/100|[from] U-turn
|move|p2a: Primarina|Moonblast|p1a: Samurott
|-supereffective|p1a: Samurott
|-damage|p1a: Samurott|0 fnt
|faint|p1a: Samurott
|
|-heal|p2a: Primarina|58/100|[from] Grassy Terrain
|upkeep
|
|t:|1760718900
|switch|p1a: Rillaboom|Rillaboom, F, tera:Grass|75/100
|turn|28
|
|t:|1760718902
|move|p1a: Rillaboom|Grassy Glide|p2a: Primarina
|-supereffective|p2a: Primarina
|-damage|p2a: Primarina|0 fnt
|faint|p2a: Primarina
|
|-heal|p1a: Rillaboom|81/100|[from] Grassy Terrain
|-fieldend|move: Grassy Terrain
|upkeep
|
|t:|1760718903
|switch|p2a: Ogerpon|Ogerpon-Cornerstone, F|100/100
|turn|29
|
|t:|1760718907
|-terastallize|p2a: Ogerpon|Rock
|detailschange|p2a: Ogerpon|Ogerpon-Cornerstone-Tera, F, tera:Rock
|-ability|p2a: Ogerpon|Embody Aspect (Cornerstone)|boost
|-boost|p2a: Ogerpon|def|1
|move|p2a: Ogerpon|Ivy Cudgel|p1a: Rillaboom|[anim] Ivy Cudgel Rock
|-damage|p1a: Rillaboom|0 fnt
|faint|p1a: Rillaboom
|
|upkeep
|
|t:|1760718916
|switch|p1a: Dragapult|Dragapult, F|10/100
|turn|30
|
|t:|1760718919
|move|p1a: Dragapult|Draco Meteor|p2a: Ogerpon|[miss]
|-miss|p1a: Dragapult|p2a: Ogerpon
|move|p2a: Ogerpon|Ivy Cudgel|p1a: Dragapult|[anim] Ivy Cudgel Rock
|-damage|p1a: Dragapult|0 fnt
|faint|p1a: Dragapult
|
|win|Grindset mindset
|raw|tboc13's rating: 1540 &rarr; <strong>1519</strong><br />(-21 for losing)
|raw|Grindset mindset's rating: 1531 &rarr; <strong>1552</strong><br />(+21 for winning)
|l|☆Grindset mindset
|player|p2|
|l|☆tboc13
|player|p1|
