|j|☆arj.uno
|j|☆Dranzerzx
|t:|1760790457
|gametype|singles
|player|p1|arj.uno|doctor|1151
|player|p2|Dranzerzx|marshal|1162
|gen|9
|tier|[Gen 9] OU
|rated|
|rule|HP Percentage Mod: HP is shown in percentages
|rule|Endless Battle Clause: Forcing endless battles is banned
|rule|Species Clause: Limit one of each Pokémon
|rule|OHKO Clause: OHKO moves are banned
|rule|Evasion Items Clause: Evasion items are banned
|rule|Evasion Moves Clause: Evasion moves are banned
|rule|Evasion Abilities Clause: Evasion abilities are banned
|rule|Sleep Moves Clause: Sleep-inducing moves are banned
|clearpoke
|poke|p1|Shiftry, F|
|poke|p1|Ninetales, F|
|poke|p1|Exeggutor-Alola, F|
|poke|p1|Grimmsnarl, M|
|poke|p1|Metagross|
|poke|p1|Cinderace, F|
|poke|p2|Samurott-Hisui, F|
|poke|p2|Dragapult, M|
|poke|p2|Ogerpon-Wellspring, F|
|poke|p2|Hoopa-Unbound|
|poke|p2|Iron Moth|
|poke|p2|Iron Treads|
|teampreview
|inactive|Battle timer is ON: inactive players will automatically lose when time's up. (requested by arj.uno)
|
|t:|1760790479
|teamsize|p1|6
|teamsize|p2|6
|start
|switch|p1a: Ninetales|Ninetales, F|100/100
|switch|p2a: Samurott|Samurott-Hisui, F, shiny|100/100
|-weather|SunnyDay|[from] ability: Drought|[of] p1a: Ninetales
|turn|1
|
|t:|1760790484
|switch|p1a: Exeggutor|Exeggutor-Alola, F|100/100
|move|p2a: Samurott|Ceaseless Edge|p1a: Exeggutor
|-damage|p1a: Exeggutor|53/100
|-sidestart|p1: arj.uno|Spikes
|
|-weather|SunnyDay|[upkeep]
|upkeep
|turn|2
|
|t:|1760790491
|move|p2a: Samurott|Ceaseless Edge|p1a: Exeggutor
|-damage|p1a: Exeggutor|7/100
|-sidestart|p1: arj.uno|Spikes
|-enditem|p1a: Exeggutor|Starf Berry|[eat]
|-boost|p1a: Exeggutor|spd|2|[from] item: Starf Berry
|move|p1a: Exeggutor|Substitute|p1a: Exeggutor
|-fail|p1a: Exeggutor|move: Substitute|[weak]
|
|-weather|SunnyDay|[upkeep]
|-item|p1a: Exeggutor|Starf Berry|[from] ability: Harvest
|upkeep
|-enditem|p1a: Exeggutor|Starf Berry|[eat]
|-boost|p1a: Exeggutor|spe|2|[from] item: Starf Berry
|turn|3
|
|t:|1760790499
|move|p2a: Samurott|Sucker Punch|p1a: Exeggutor
|-damage|p1a: Exeggutor|0 fnt
|faint|p1a: Exeggutor
|
|-weather|SunnyDay|[upkeep]
|upkeep
|
|t:|1760790506
|switch|p1a: Shiftry|Shiftry, F|100/100
|-damage|p1a: Shiftry|84/100|[from] Spikes
|turn|4
|
|t:|1760790513
|move|p1a: Shiftry|Growth|p1a: Shiftry
|-boost|p1a: Shiftry|atk|2
|-boost|p1a: Shiftry|spa|2
|move|p2a: Samurott|Ceaseless Edge|p1a: Shiftry
|-resisted|p1a: Shiftry
|-damage|p1a: Shiftry|48/100
|-sidestart|p1: arj.uno|Spikes
|
|-weather|SunnyDay|[upkeep]
|upkeep
|turn|5
|
|t:|1760790521
|move|p1a: Shiftry|Giga Drain|p2a: Samurott
|-supereffective|p2a: Samurott
|-enditem|p2a: Samurott|Focus Sash
|-damage|p2a: Samurott|1/100
|-heal|p1a: Shiftry|97/100|[from] drain|[of] p2a: Samurott
|move|p2a: Samurott|Aqua Cutter|p1a: Shiftry
|-resisted|p1a: Shiftry
|-damage|p1a: Shiftry|75/100
|
|-weather|SunnyDay|[upkeep]
|upkeep
|turn|6
|
|t:|1760790525
|move|p1a: Shiftry|Giga Drain|p2a: Samurott
|-supereffective|p2a: Samurott
|-damage|p2a: Samurott|0 fnt
|-heal|p1a: Shiftry|75/100|[from] drain|[of] p2a: Samurott
|faint|p2a: Samurott
|
|-weather|SunnyDay|[upkeep]
|upkeep
|
|t:|1760790537
|switch|p2a: Iron Moth|Iron Moth, shiny|100/100
|-enditem|p2a: Iron Moth|Booster Energy
|-activate|p2a: Iron Moth|ability: Quark Drive|[fromitem]
|-start|p2a: Iron Moth|quarkdrivespe
|turn|7
|
|t:|1760790541
|move|p2a: Iron Moth|Fiery Dance|p1a: Shiftry
|-supereffective|p1a: Shiftry
|-damage|p1a: Shiftry|0 fnt
|-boost|p2a: Iron Moth|spa|1
|faint|p1a: Shiftry
|
|-weather|SunnyDay|[upkeep]
|upkeep
|
|t:|1760790546
|switch|p1a: Grimmsnarl|Grimmsnarl, M|100/100
|-damage|p1a: Grimmsnarl|76/100|[from] Spikes
|turn|8
|
|t:|1760790549
|move|p1a: Grimmsnarl|Light Screen|p1a: Grimmsnarl
|-sidestart|p1: arj.uno|move: Light Screen
|move|p2a: Iron Moth|Sludge Wave|p1a: Grimmsnarl
|-supereffective|p1a: Grimmsnarl
|-damage|p1a: Grimmsnarl|24/100
|
|-weather|none
|upkeep
|turn|9
|
|t:|1760790552
|move|p1a: Grimmsnarl|Reflect|p1a: Grimmsnarl
|-sidestart|p1: arj.uno|Reflect
|move|p2a: Iron Moth|Toxic Spikes|p1a: Grimmsnarl
|-sidestart|p1: arj.uno|move: Toxic Spikes
|
|upkeep
|turn|10
|
|t:|1760790556
|move|p1a: Grimmsnarl|Misty Terrain|p1a: Grimmsnarl
|-fieldstart|move: Misty Terrain
|move|p2a: Iron Moth|Toxic Spikes|p1a: Grimmsnarl
|-sidestart|p1: arj.uno|move: Toxic Spikes
|
|upkeep
|turn|11
|
|t:|1760790562
|move|p2a: Iron Moth|Fiery Dance|p1a: Grimmsnarl
|-damage|p1a: Grimmsnarl|0 fnt
|-boost|p2a: Iron Moth|spa|1
|faint|p1a: Grimmsnarl
|
|upkeep
|
|t:|1760790569
|switch|p1a: Cinderace|Cinderace, F|100/100
|turn|12
|
|t:|1760790573
|move|p2a: Iron Moth|Sludge Wave|p1a: Cinderace
|-damage|p1a: Cinderace|47/100
|move|p1a: Cinderace|Court Change|p1a: Cinderace
|-start|p1a: Cinderace|typechange|Normal|[from] ability: Libero
|-swapsideconditions
|-activate|p1a: Cinderace|move: Court Change
|
|upkeep
|turn|13
|
|t:|1760790582
|switch|p1a: Metagross|Metagross|100/100
|move|p2a: Iron Moth|Sludge Wave|p1a: Metagross
|-immune|p1a: Metagross
|
|upkeep
|turn|14
|
|t:|1760790586
|move|p2a: Iron Moth|Fiery Dance|p1a: Metagross
|-supereffective|p1a: Metagross
|-damage|p1a: Metagross|0 fnt
|-boost|p2a: Iron Moth|spa|1
|faint|p1a: Metagross
|
|-fieldend|Misty Terrain
|upkeep
|
|t:|1760790590
|switch|p1a: Cinderace|Cinderace, F|47/100
|turn|15
|c|☆Dranzerzx|ty
|
|t:|1760790593
|move|p2a: Iron Moth|Sludge Wave|p1a: Cinderace
|-damage|p1a: Cinderace|0 fnt
|faint|p1a: Cinderace
|
|-sideend|p2: Dranzerzx|move: Light Screen
|upkeep
|
|t:|1760790594
|switch|p1a: Ninetales|Ninetales, F|100/100
|-weather|SunnyDay|[from] ability: Drought|[of] p1a: Ninetales
|turn|16
|c|☆Dranzerzx|gg
|
|t:|1760790599
|move|p2a: Iron Moth|Sludge Wave|p1a: Ninetales
|-damage|p1a: Ninetales|0 fnt
|faint|p1a: Ninetales
|
|win|Dranzerzx
|raw|arj.uno's rating: 1151 &rarr; <strong>1127</strong><br />(-24 for losing)
|raw|Dranzerzx's rating: 1162 &rarr; <strong>1186</strong><br />(+24 for winning)
|l|☆Dranzerzx
|player|p2|
|l|☆arj.uno
|player|p1|
