|j|☆Chaume
|j|☆a5888
|t:|1760861560
|gametype|singles
|player|p1|Chaume|aaron|1139
|player|p2|a5888|cynthia-gen4|1141
|gen|9
|tier|[Gen 9] OU
|rated|
|rule|HP Percentage Mod: HP is shown in percentages
|rule|Endless Battle Clause: Forcing endless battles is banned
|rule|Species Clause: Limit one of each Pokémon
|rule|OHKO Clause: OHKO moves are banned
|rule|Evasion Items Clause: Evasion items are banned
|rule|Evasion Moves Clause: Evasion moves are banned
|rule|Evasion Abilities Clause: Evasion abilities are banned
|rule|Sleep Moves Clause: Sleep-inducing moves are banned
|clearpoke
|poke|p1|Hippowdon, F|
|poke|p1|Toxicroak, M|
|poke|p1|Staraptor, F|
|poke|p1|Magnezone|
|poke|p1|Drifblim, M|
|poke|p1|Infernape, M|
|poke|p2|Lilligant-Hisui, F|
|poke|p2|Dragapult, M|
|poke|p2|Charizard, M|
|poke|p2|Incineroar, M|
|poke|p2|Garchomp, F|
|poke|p2|Ninetales, M|
|teampreview
|
|t:|1760861567
|teamsize|p1|6
|teamsize|p2|6
|start
|switch|p1a: Kamikaze|Staraptor, F, shiny|100/100
|switch|p2a: Incineroar|Incineroar, M|100/100
|-ability|p2a: Incineroar|Intimidate|boost
|-unboost|p1a: Kamikaze|atk|1
|turn|1
|inactive|Battle timer is ON: inactive players will automatically lose when time's up. (requested by Chaume)
|
|t:|1760861577
|switch|p1a: Hyppoh|Hippowdon, F|100/100
|-weather|Sandstorm|[from] ability: Sand Stream|[of] p1a: Hyppoh
|move|p2a: Incineroar|Fake Out|p1a: Hyppoh
|-damage|p1a: Hyppoh|92/100
|
|-weather|Sandstorm|[upkeep]
|-damage|p2a: Incineroar|94/100|[from] Sandstorm
|-heal|p1a: Hyppoh|98/100|[from] item: Leftovers
|upkeep
|turn|2
|
|t:|1760861589
|move|p2a: Incineroar|Knock Off|p1a: Hyppoh
|-damage|p1a: Hyppoh|70/100
|-enditem|p1a: Hyppoh|Leftovers|[from] move: Knock Off|[of] p2a: Incineroar
|move|p1a: Hyppoh|Stealth Rock|p2a: Incineroar
|-sidestart|p2: a5888|move: Stealth Rock
|
|-weather|Sandstorm|[upkeep]
|-damage|p2a: Incineroar|88/100|[from] Sandstorm
|upkeep
|turn|3
|
|t:|1760861600
|switch|p2a: Lilligant|Lilligant-Hisui, F|100/100
|move|p1a: Hyppoh|Earthquake|p2a: Lilligant
|-resisted|p2a: Lilligant
|-damage|p2a: Lilligant|71/100
|
|-weather|Sandstorm|[upkeep]
|-damage|p2a: Lilligant|65/100|[from] Sandstorm
|upkeep
|turn|4
|
|t:|1760861610
|switch|p1a: The Hanging Ballon|Drifblim, M|100/100
|move|p2a: Lilligant|Petal Blizzard|p1a: The Hanging Ballon
|-resisted|p1a: The Hanging Ballon
|-damage|p1a: The Hanging Ballon|76/100
|-enditem|p1a: The Hanging Ballon|Red Card|[of] p2a: Lilligant
|drag|p2a: Ninetales|Ninetales, M|100/100
|-damage|p2a: Ninetales|75/100|[from] Stealth Rock
|-weather|SunnyDay|[from] ability: Drought|[of] p2a: Ninetales
|
|-weather|SunnyDay|[upkeep]
|upkeep
|turn|5
|
|t:|1760861624
|move|p1a: The Hanging Ballon|Thunder Wave|p2a: Ninetales
|-status|p2a: Ninetales|par
|cant|p2a: Ninetales|par
|
|-weather|SunnyDay|[upkeep]
|upkeep
|turn|6
|
|t:|1760861632
|move|p1a: The Hanging Ballon|Knock Off|p2a: Ninetales
|-damage|p2a: Ninetales|50/100 par
|-enditem|p2a: Ninetales|Heat Rock|[from] move: Knock Off|[of] p1a: The Hanging Ballon
|move|p2a: Ninetales|Flamethrower|p1a: The Hanging Ballon
|-damage|p1a: The Hanging Ballon|39/100
|
|-weather|SunnyDay|[upkeep]
|upkeep
|turn|7
|
|t:|1760861642
|move|p1a: The Hanging Ballon|Strength Sap|p2a: Ninetales
|-unboost|p2a: Ninetales|atk|1
|-heal|p1a: The Hanging Ballon|72/100
|move|p2a: Ninetales|Flamethrower|p1a: The Hanging Ballon
|-damage|p1a: The Hanging Ballon|33/100
|
|-weather|SunnyDay|[upkeep]
|upkeep
|turn|8
|
|t:|1760861652
|move|p1a: The Hanging Ballon|Strength Sap|p2a: Ninetales
|-unboost|p2a: Ninetales|atk|1
|-heal|p1a: The Hanging Ballon|55/100
|cant|p2a: Ninetales|par
|
|-weather|SunnyDay|[upkeep]
|upkeep
|turn|9
|
|t:|1760861662
|move|p1a: The Hanging Ballon|Knock Off|p2a: Ninetales
|-damage|p2a: Ninetales|30/100 par
|move|p2a: Ninetales|Flamethrower|p1a: The Hanging Ballon
|-damage|p1a: The Hanging Ballon|18/100
|
|-weather|SunnyDay|[upkeep]
|upkeep
|turn|10
|
|t:|1760861675
|switch|p2a: Lilligant|Lilligant-Hisui, F|65/100
|move|p1a: The Hanging Ballon|Knock Off|p2a: Lilligant
|-resisted|p2a: Lilligant
|-damage|p2a: Lilligant|52/100
|-enditem|p2a: Lilligant|Heavy-Duty Boots|[from] move: Knock Off|[of] p1a: The Hanging Ballon
|
|-weather|SunnyDay|[upkeep]
|upkeep
|turn|11
|
|t:|1760861687
|move|p2a: Lilligant|Ice Spinner|p1a: The Hanging Ballon
|-supereffective|p1a: The Hanging Ballon
|-damage|p1a: The Hanging Ballon|0 fnt
|faint|p1a: The Hanging Ballon
|
|-weather|none
|upkeep
|
|t:|1760861694
|switch|p1a: Kamikaze|Staraptor, F, shiny|100/100
|turn|12
|
|t:|1760861701
|move|p1a: Kamikaze|Close Combat|p2a: Lilligant
|-damage|p2a: Lilligant|0 fnt
|-unboost|p1a: Kamikaze|def|1
|-unboost|p1a: Kamikaze|spd|1
|faint|p2a: Lilligant
|
|upkeep
|
|t:|1760861717
|switch|p2a: Incineroar|Incineroar, M|88/100
|-damage|p2a: Incineroar|63/100|[from] Stealth Rock
|-ability|p2a: Incineroar|Intimidate|boost
|-unboost|p1a: Kamikaze|atk|1
|turn|13
|
|t:|1760861724
|switch|p1a: Hyppoh|Hippowdon, F|70/100
|-weather|Sandstorm|[from] ability: Sand Stream|[of] p1a: Hyppoh
|move|p2a: Incineroar|Fake Out|p1a: Hyppoh
|-damage|p1a: Hyppoh|62/100
|
|-weather|Sandstorm|[upkeep]
|-damage|p2a: Incineroar|57/100|[from] Sandstorm
|upkeep
|turn|14
|
|t:|1760861735
|move|p2a: Incineroar|Parting Shot|p1a: Hyppoh
|-unboost|p1a: Hyppoh|atk|1
|-unboost|p1a: Hyppoh|spa|1
|
|t:|1760861745
|switch|p2a: Garchomp|Garchomp, F|100/100|[from] Parting Shot
|-damage|p2a: Garchomp|94/100|[from] Stealth Rock
|move|p1a: Hyppoh|Slack Off|p1a: Hyppoh
|-heal|p1a: Hyppoh|100/100
|
|-weather|Sandstorm|[upkeep]
|upkeep
|turn|15
|
|t:|1760861768
|move|p2a: Garchomp|Scale Shot|p1a: Hyppoh
|-damage|p1a: Hyppoh|92/100
|-damage|p1a: Hyppoh|83/100
|-damage|p1a: Hyppoh|75/100
|-damage|p1a: Hyppoh|67/100
|-damage|p1a: Hyppoh|58/100
|-hitcount|p1a: Hyppoh|5
|-unboost|p2a: Garchomp|def|1
|-boost|p2a: Garchomp|spe|1
|move|p1a: Hyppoh|Curse|p1a: Hyppoh
|-unboost|p1a: Hyppoh|spe|1
|-boost|p1a: Hyppoh|atk|1
|-boost|p1a: Hyppoh|def|1
|
|-weather|Sandstorm|[upkeep]
|upkeep
|turn|16
|
|t:|1760861786
|move|p2a: Garchomp|Outrage|p1a: Hyppoh
|-damage|p1a: Hyppoh|32/100
|move|p1a: Hyppoh|Curse|p1a: Hyppoh
|-unboost|p1a: Hyppoh|spe|1
|-boost|p1a: Hyppoh|atk|1
|-boost|p1a: Hyppoh|def|1
|
|-weather|Sandstorm|[upkeep]
|upkeep
|turn|17
|
|t:|1760861797
|move|p2a: Garchomp|Outrage|p1a: Hyppoh|[from] lockedmove
|-crit|p1a: Hyppoh
|-damage|p1a: Hyppoh|0 fnt
|faint|p1a: Hyppoh
|-start|p2a: Garchomp|confusion|[fatigue]
|
|-weather|none
|upkeep
|
|t:|1760861807
|switch|p1a: Mazinger-Z|Magnezone, shiny|100/100
|turn|18
|
|t:|1760861814
|-terastallize|p1a: Mazinger-Z|Flying
|-activate|p2a: Garchomp|confusion
|-damage|p2a: Garchomp|72/100|[from] confusion
|move|p1a: Mazinger-Z|Flash Cannon|p2a: Garchomp
|-damage|p2a: Garchomp|25/100
|
|upkeep
|turn|19
|
|t:|1760861824
|-activate|p2a: Garchomp|confusion
|move|p2a: Garchomp|Outrage|p1a: Mazinger-Z
|-damage|p1a: Mazinger-Z|46/100
|move|p1a: Mazinger-Z|Flash Cannon|p2a: Garchomp
|-damage|p2a: Garchomp|0 fnt
|faint|p2a: Garchomp
|
|upkeep
|
|t:|1760861838
|switch|p2a: Dragapult|Dragapult, M|100/100
|-damage|p2a: Dragapult|88/100|[from] Stealth Rock
|turn|20
|
|t:|1760861843
|move|p2a: Dragapult|Dragon Darts|p1a: Mazinger-Z
|-damage|p1a: Mazinger-Z|24/100
|-anim|p2a: Dragapult|Dragon Darts|p1a: Mazinger-Z
|-damage|p1a: Mazinger-Z|0 fnt
|faint|p1a: Mazinger-Z
|
|upkeep
|
|t:|1760861847
|switch|p1a: Kamikaze|Staraptor, F, shiny|100/100
|turn|21
|
|t:|1760861854
|move|p1a: Kamikaze|Brave Bird|p2a: Dragapult
|-damage|p2a: Dragapult|0 fnt
|faint|p2a: Dragapult
|-damage|p1a: Kamikaze|70/100|[from] Recoil
|
|upkeep
|
|t:|1760861864
|switch|p2a: Incineroar|Incineroar, M|57/100
|-damage|p2a: Incineroar|32/100|[from] Stealth Rock
|-ability|p2a: Incineroar|Intimidate|boost
|-unboost|p1a: Kamikaze|atk|1
|turn|22
|
|t:|1760861871
|switch|p1a: Infernape|Infernape, M, shiny|100/100
|move|p2a: Incineroar|Parting Shot|p1a: Infernape
|-unboost|p1a: Infernape|atk|1
|-unboost|p1a: Infernape|spa|1
|
|t:|1760861878
|switch|p2a: Charizard|Charizard, M|100/100|[from] Parting Shot
|-damage|p2a: Charizard|50/100|[from] Stealth Rock
|
|upkeep
|turn|23
|
|t:|1760861890
|switch|p1a: Kamikaze|Staraptor, F, shiny|70/100
|-terastallize|p2a: Charizard|Ground
|move|p2a: Charizard|Tera Blast|p1a: Kamikaze|[anim] Tera Blast Ground
|-immune|p1a: Kamikaze
|
|upkeep
|turn|24
|-message|a5888 forfeited.
|
|win|Chaume
|raw|Chaume's rating: 1139 &rarr; <strong>1164</strong><br />(+25 for winning)
|raw|a5888's rating: 1141 &rarr; <strong>1116</strong><br />(-25 for losing)
|l|☆a5888
|player|p2|
|l|☆Chaume
|player|p1|
