|j|☆HBKiD
|j|☆MetalThunder
|t:|1760875725
|gametype|singles
|player|p1|HBKiD|ethan|1055
|player|p2|MetalThunder|proton|1102
|gen|9
|tier|[Gen 9] OU
|rated|
|rule|HP Percentage Mod: HP is shown in percentages
|rule|Endless Battle Clause: Forcing endless battles is banned
|rule|Species Clause: Limit one of each Pokémon
|rule|OHKO Clause: OHKO moves are banned
|rule|Evasion Items Clause: Evasion items are banned
|rule|Evasion Moves Clause: Evasion moves are banned
|rule|Evasion Abilities Clause: Evasion abilities are banned
|rule|Sleep Moves Clause: Sleep-inducing moves are banned
|clearpoke
|poke|p1|Toxapex, F|
|poke|p1|Great Tusk|
|poke|p1|Ting-Lu|
|poke|p1|Ogerpon-Wellspring, F|
|poke|p1|Gholdengo|
|poke|p1|Dragapult, F|
|poke|p2|Mew|
|poke|p2|Malamar, F|
|poke|p2|Fezandipiti, M|
|poke|p2|Abomasnow, F|
|poke|p2|Skeledirge, M|
|poke|p2|Braviary-Hisui, M|
|teampreview
|c|☆MetalThunder|hi glhf
|
|t:|1760875734
|teamsize|p1|6
|teamsize|p2|6
|start
|switch|p1a: Ting-Lu|Ting-Lu|100/100
|switch|p2a: Abomasnow|Abomasnow, F|100/100
|-weather|Snowscape|[from] ability: Snow Warning|[of] p2a: Abomasnow
|-ability|p1a: Ting-Lu|Vessel of Ruin
|turn|1
|
|t:|1760875744
|move|p2a: Abomasnow|Blizzard|p1a: Ting-Lu
|-supereffective|p1a: Ting-Lu
|-damage|p1a: Ting-Lu|44/100
|-status|p1a: Ting-Lu|frz
|-curestatus|p1a: Ting-Lu|frz|[msg]
|move|p1a: Ting-Lu|Stealth Rock|p2a: Abomasnow
|-sidestart|p2: MetalThunder|move: Stealth Rock
|
|-weather|Snowscape|[upkeep]
|upkeep
|turn|2
|
|t:|1760875756
|switch|p1a: Toxapex|Toxapex, F|100/100
|move|p2a: Abomasnow|Blizzard|p1a: Toxapex
|-resisted|p1a: Toxapex
|-damage|p1a: Toxapex|82/100
|
|-weather|Snowscape|[upkeep]
|upkeep
|turn|3
|
|t:|1760875767
|move|p2a: Abomasnow|Earthquake|p1a: Toxapex
|-supereffective|p1a: Toxapex
|-damage|p1a: Toxapex|52/100
|move|p1a: Toxapex|Toxic|p2a: Abomasnow
|-status|p2a: Abomasnow|tox
|
|-weather|Snowscape|[upkeep]
|-damage|p2a: Abomasnow|94/100 tox|[from] psn
|upkeep
|turn|4
|
|t:|1760875776
|move|p2a: Abomasnow|Earthquake|p1a: Toxapex
|-supereffective|p1a: Toxapex
|-damage|p1a: Toxapex|21/100
|move|p1a: Toxapex|Recover|p1a: Toxapex
|-heal|p1a: Toxapex|71/100
|
|-weather|Snowscape|[upkeep]
|-damage|p2a: Abomasnow|82/100 tox|[from] psn
|upkeep
|turn|5
|
|t:|1760875785
|move|p2a: Abomasnow|Aurora Veil|p2a: Abomasnow
|-sidestart|p2: MetalThunder|move: Aurora Veil
|move|p1a: Toxapex|Recover|p1a: Toxapex
|-heal|p1a: Toxapex|100/100
|
|-weather|none
|-damage|p2a: Abomasnow|63/100 tox|[from] psn
|upkeep
|turn|6
|
|t:|1760875810
|move|p2a: Abomasnow|Earthquake|p1a: Toxapex
|-supereffective|p1a: Toxapex
|-damage|p1a: Toxapex|71/100
|move|p1a: Toxapex|Chilling Water|p2a: Abomasnow
|-resisted|p2a: Abomasnow
|-damage|p2a: Abomasnow|60/100 tox
|-unboost|p2a: Abomasnow|atk|1
|
|-damage|p2a: Abomasnow|35/100 tox|[from] psn
|upkeep
|turn|7
|
|t:|1760875821
|move|p2a: Abomasnow|Leaf Storm|p1a: Toxapex
|-damage|p1a: Toxapex|23/100
|-unboost|p2a: Abomasnow|spa|2
|move|p1a: Toxapex|Recover|p1a: Toxapex
|-heal|p1a: Toxapex|73/100
|
|-damage|p2a: Abomasnow|4/100 tox|[from] psn
|upkeep
|turn|8
|
|t:|1760875830
|move|p2a: Abomasnow|Blizzard|p1a: Toxapex
|-resisted|p1a: Toxapex
|-damage|p1a: Toxapex|63/100
|move|p1a: Toxapex|Recover|p1a: Toxapex
|-heal|p1a: Toxapex|100/100
|
|-damage|p2a: Abomasnow|0 fnt|[from] psn
|faint|p2a: Abomasnow
|upkeep
|
|t:|1760875833
|switch|p2a: Braviary|Braviary-Hisui, M, shiny|100/100
|-damage|p2a: Braviary|76/100|[from] Stealth Rock
|turn|9
|
|t:|1760875855
|switch|p1a: Ting-Lu|Ting-Lu|44/100
|-ability|p1a: Ting-Lu|Vessel of Ruin
|move|p2a: Braviary|Defog|p1a: Ting-Lu
|-unboost|p1a: Ting-Lu|evasion|1
|-sideend|p2: MetalThunder|Stealth Rock|[from] move: Defog|[of] p2a: Braviary
|
|-sideend|p2: MetalThunder|move: Aurora Veil
|upkeep
|turn|10
|
|t:|1760875868
|move|p2a: Braviary|Hurricane|p1a: Ting-Lu
|-damage|p1a: Ting-Lu|13/100
|move|p1a: Ting-Lu|Ruination|p2a: Braviary
|-damage|p2a: Braviary|38/100
|
|upkeep
|turn|11
|
|t:|1760875879
|switch|p1a: Great Tusk|Great Tusk|100/100
|move|p2a: Braviary|Hurricane|p1a: Great Tusk
|-supereffective|p1a: Great Tusk
|-damage|p1a: Great Tusk|0 fnt
|faint|p1a: Great Tusk
|-end|p1a: Great Tusk|Protosynthesis|[silent]
|
|upkeep
|
|t:|1760875887
|switch|p1a: Dragapult|Dragapult, F|100/100
|turn|12
|
|t:|1760875899
|switch|p2a: Malamar|Malamar, F|100/100
|move|p1a: Dragapult|Shadow Ball|p2a: Malamar
|-damage|p2a: Malamar|31/100
|
|upkeep
|turn|13
|
|t:|1760875906
|-terastallize|p2a: Malamar|Fighting
|move|p1a: Dragapult|Shadow Ball|p2a: Malamar
|-damage|p2a: Malamar|0 fnt
|faint|p2a: Malamar
|
|upkeep
|
|t:|1760875914
|switch|p2a: Skeledirge|Skeledirge, M|100/100
|turn|14
|
|t:|1760875917
|move|p1a: Dragapult|Shadow Ball|p2a: Skeledirge
|-supereffective|p2a: Skeledirge
|-damage|p2a: Skeledirge|0 fnt
|faint|p2a: Skeledirge
|
|upkeep
|
|t:|1760875922
|switch|p2a: Fezandipiti|Fezandipiti, M|100/100
|turn|15
|
|t:|1760875930
|switch|p1a: Toxapex|Toxapex, F|100/100
|move|p2a: Fezandipiti|Play Rough|p1a: Toxapex
|-resisted|p1a: Toxapex
|-damage|p1a: Toxapex|89/100
|-damage|p2a: Fezandipiti|84/100|[from] item: Rocky Helmet|[of] p1a: Toxapex
|
|upkeep
|turn|16
|
|t:|1760875939
|switch|p2a: Braviary|Braviary-Hisui, M, shiny|38/100
|move|p1a: Toxapex|Toxic|p2a: Braviary
|-status|p2a: Braviary|tox
|
|-damage|p2a: Braviary|32/100 tox|[from] psn
|upkeep
|turn|17
|
|t:|1760875949
|move|p2a: Braviary|Esper Wing|p1a: Toxapex
|-supereffective|p1a: Toxapex
|-damage|p1a: Toxapex|13/100
|-boost|p2a: Braviary|spe|1
|move|p1a: Toxapex|Recover|p1a: Toxapex
|-heal|p1a: Toxapex|63/100
|
|-damage|p2a: Braviary|20/100 tox|[from] psn
|upkeep
|turn|18
|
|t:|1760875961
|switch|p1a: Ting-Lu|Ting-Lu|13/100
|-ability|p1a: Ting-Lu|Vessel of Ruin
|move|p2a: Braviary|Esper Wing|p1a: Ting-Lu
|-immune|p1a: Ting-Lu
|
|-damage|p2a: Braviary|2/100 tox|[from] psn
|upkeep
|turn|19
|
|t:|1760875971
|move|p2a: Braviary|Heat Wave|p1a: Ting-Lu
|-damage|p1a: Ting-Lu|0 fnt
|faint|p1a: Ting-Lu
|
|-damage|p2a: Braviary|0 fnt|[from] psn
|faint|p2a: Braviary
|upkeep
|
|t:|1760875983
|switch|p2a: Mew|Mew|100/100
|switch|p1a: Gholdengo|Gholdengo|100/100
|turn|20
|
|t:|1760875990
|move|p1a: Gholdengo|Shadow Ball|p2a: Mew
|-supereffective|p2a: Mew
|-damage|p2a: Mew|15/100
|move|p2a: Mew|Imprison|p2a: Mew
|-start|p2a: Mew|move: Imprison
|
|upkeep
|turn|21
|-message|MetalThunder forfeited.
|
|win|HBKiD
|raw|HBKiD's rating: 1055 &rarr; <strong>1091</strong><br />(+36 for winning)
|raw|MetalThunder's rating: 1102 &rarr; <strong>1074</strong><br />(-28 for losing)
|l|☆MetalThunder
|player|p2|
|l|☆HBKiD
|player|p1|
