|j|☆rivnarrex
|j|☆MicrowaveHeart
|t:|1760723065
|gametype|singles
|player|p1|rivnarrex|benga|1685
|player|p2|MicrowaveHeart|workerice|1718
|gen|9
|tier|[Gen 9] OU
|rated|
|rule|HP Percentage Mod: HP is shown in percentages
|rule|Endless Battle Clause: Forcing endless battles is banned
|rule|Species Clause: Limit one of each Pokémon
|rule|OHKO Clause: OHKO moves are banned
|rule|Evasion Items Clause: Evasion items are banned
|rule|Evasion Moves Clause: Evasion moves are banned
|rule|Evasion Abilities Clause: Evasion abilities are banned
|rule|Sleep Moves Clause: Sleep-inducing moves are banned
|clearpoke
|poke|p1|Samurott-Hisui, F|
|poke|p1|Gholdengo|
|poke|p1|Iron Treads|
|poke|p1|Moltres|
|poke|p1|Sinistcha|
|poke|p1|Ting-Lu|
|poke|p2|Gholdengo|
|poke|p2|Incineroar, M|
|poke|p2|Ogerpon-Wellspring, F|
|poke|p2|Iron Treads|
|poke|p2|Tornadus-Therian, M|
|poke|p2|Mamoswine, F|
|teampreview
|
|t:|1760723075
|teamsize|p1|6
|teamsize|p2|6
|start
|switch|p1a: Samurott|Samurott-Hisui, F|100/100
|switch|p2a: Tornadus|Tornadus-Therian, M|100/100
|turn|1
|
|t:|1760723082
|move|p1a: Samurott|Flip Turn|p2a: Tornadus
|-damage|p2a: Tornadus|65/100
|
|t:|1760723086
|switch|p1a: Moltres|Moltres|100/100|[from] Flip Turn
|move|p2a: Tornadus|Knock Off|p1a: Moltres
|-damage|p1a: Moltres|86/100
|-enditem|p1a: Moltres|Heavy-Duty Boots|[from] move: Knock Off|[of] p2a: Tornadus
|
|upkeep
|turn|2
|
|t:|1760723093
|switch|p2a: Incineroar|Incineroar, M|100/100
|-ability|p2a: Incineroar|Intimidate|boost
|-unboost|p1a: Moltres|atk|1
|move|p1a: Moltres|U-turn|p2a: Incineroar
|-damage|p2a: Incineroar|93/100
|j| D3ath_bnnnny
|
|t:|1760723097
|switch|p1a: Samurott|Samurott-Hisui, F|100/100|[from] U-turn
|
|upkeep
|turn|3
|
|t:|1760723101
|move|p1a: Samurott|Ceaseless Edge|p2a: Incineroar
|-resisted|p2a: Incineroar
|-damage|p2a: Incineroar|80/100
|-sidestart|p2: MicrowaveHeart|Spikes
|move|p2a: Incineroar|Will-O-Wisp|p1a: Samurott
|-status|p1a: Samurott|brn
|
|-damage|p1a: Samurott|94/100 brn|[from] brn
|upkeep
|turn|4
|
|t:|1760723107
|move|p1a: Samurott|Ceaseless Edge|p2a: Incineroar
|-resisted|p2a: Incineroar
|-damage|p2a: Incineroar|73/100
|-sidestart|p2: MicrowaveHeart|Spikes
|move|p2a: Incineroar|Parting Shot|p1a: Samurott
|-unboost|p1a: Samurott|atk|1
|-unboost|p1a: Samurott|spa|1
|
|t:|1760723110
|switch|p2a: Iron Treads|Iron Treads|100/100|[from] Parting Shot
|-damage|p2a: Iron Treads|84/100|[from] Spikes
|
|-heal|p2a: Iron Treads|90/100|[from] item: Leftovers
|-damage|p1a: Samurott|88/100 brn|[from] brn
|upkeep
|turn|5
|
|t:|1760723113
|switch|p1a: Sinistcha|Sinistcha|100/100
|move|p2a: Iron Treads|Stealth Rock|p1a: Sinistcha
|-sidestart|p1: rivnarrex|move: Stealth Rock
|
|-heal|p2a: Iron Treads|96/100|[from] item: Leftovers
|upkeep
|turn|6
|
|t:|1760723116
|move|p2a: Iron Treads|Knock Off|p1a: Sinistcha
|-supereffective|p1a: Sinistcha
|-damage|p1a: Sinistcha|67/100
|-enditem|p1a: Sinistcha|Heavy-Duty Boots|[from] move: Knock Off|[of] p2a: Iron Treads
|move|p1a: Sinistcha|Shadow Ball|p2a: Iron Treads
|-damage|p2a: Iron Treads|68/100
|
|-heal|p2a: Iron Treads|74/100|[from] item: Leftovers
|upkeep
|turn|7
|
|t:|1760723123
|-end|p2a: Iron Treads|Quark Drive|[silent]
|switch|p2a: Tornadus|Tornadus-Therian, M|99/100
|move|p1a: Sinistcha|Strength Sap|p2a: Tornadus
|-unboost|p2a: Tornadus|atk|1
|-heal|p1a: Sinistcha|100/100
|
|upkeep
|turn|8
|
|t:|1760723126
|switch|p1a: Ting-Lu|Ting-Lu|100/100
|-damage|p1a: Ting-Lu|94/100|[from] Stealth Rock
|-ability|p1a: Ting-Lu|Vessel of Ruin
|move|p2a: Tornadus|Bleakwind Storm|p1a: Ting-Lu
|-damage|p1a: Ting-Lu|80/100
|
|-heal|p1a: Ting-Lu|86/100|[from] item: Leftovers
|upkeep
|turn|9
|
|t:|1760723130
|move|p2a: Tornadus|Knock Off|p1a: Ting-Lu
|-resisted|p1a: Ting-Lu
|-damage|p1a: Ting-Lu|83/100
|-enditem|p1a: Ting-Lu|Leftovers|[from] move: Knock Off|[of] p2a: Tornadus
|move|p1a: Ting-Lu|Stealth Rock|p2a: Tornadus
|-sidestart|p2: MicrowaveHeart|move: Stealth Rock
|
|upkeep
|turn|10
|
|t:|1760723135
|move|p2a: Tornadus|U-turn|p1a: Ting-Lu
|-supereffective|p1a: Ting-Lu
|-damage|p1a: Ting-Lu|72/100
|
|t:|1760723138
|switch|p2a: Mamoswine|Mamoswine, F, shiny|100/100|[from] U-turn
|-damage|p2a: Mamoswine|84/100|[from] Spikes
|-damage|p2a: Mamoswine|71/100|[from] Stealth Rock
|move|p1a: Ting-Lu|Ruination|p2a: Mamoswine
|-damage|p2a: Mamoswine|36/100
|
|upkeep
|turn|11
|
|t:|1760723149
|switch|p1a: Iron Treads|Iron Treads|100/100
|-damage|p1a: Iron Treads|97/100|[from] Stealth Rock
|move|p2a: Mamoswine|Icicle Crash|p1a: Iron Treads
|-damage|p1a: Iron Treads|57/100
|
|upkeep
|turn|12
|
|t:|1760723156
|move|p1a: Iron Treads|Earthquake|p2a: Mamoswine
|-damage|p2a: Mamoswine|0 fnt
|faint|p2a: Mamoswine
|
|upkeep
|n| No_Safe_Prayer|d3athbnnnny
|
|t:|1760723161
|switch|p2a: Iron Treads|Iron Treads|74/100
|-damage|p2a: Iron Treads|58/100|[from] Spikes
|-damage|p2a: Iron Treads|54/100|[from] Stealth Rock
|turn|13
|
|t:|1760723167
|-end|p1a: Iron Treads|Quark Drive|[silent]
|switch|p1a: Sinistcha|Sinistcha|100/100
|-damage|p1a: Sinistcha|88/100|[from] Stealth Rock
|move|p2a: Iron Treads|Rapid Spin|p1a: Sinistcha
|-immune|p1a: Sinistcha
|
|-heal|p2a: Iron Treads|61/100|[from] item: Leftovers
|upkeep
|turn|14
|
|t:|1760723171
|-end|p2a: Iron Treads|Quark Drive|[silent]
|switch|p2a: Tornadus|Tornadus-Therian, M|100/100
|-damage|p2a: Tornadus|75/100|[from] Stealth Rock
|move|p1a: Sinistcha|Shadow Ball|p2a: Tornadus
|-damage|p2a: Tornadus|56/100
|
|upkeep
|turn|15
|
|t:|1760723180
|switch|p1a: Ting-Lu|Ting-Lu|72/100
|-damage|p1a: Ting-Lu|66/100|[from] Stealth Rock
|-ability|p1a: Ting-Lu|Vessel of Ruin
|move|p2a: Tornadus|Bleakwind Storm|p1a: Ting-Lu
|-damage|p1a: Ting-Lu|51/100
|
|upkeep
|turn|16
|
|t:|1760723188
|move|p2a: Tornadus|U-turn|p1a: Ting-Lu
|-supereffective|p1a: Ting-Lu
|-damage|p1a: Ting-Lu|35/100
|
|t:|1760723191
|switch|p2a: Ogerpon|Ogerpon-Wellspring, F|100/100|[from] U-turn
|-damage|p2a: Ogerpon|84/100|[from] Spikes
|-damage|p2a: Ogerpon|72/100|[from] Stealth Rock
|move|p1a: Ting-Lu|Whirlwind|p2a: Ogerpon
|drag|p2a: Gholdengo|Gholdengo|100/100
|-damage|p2a: Gholdengo|84/100|[from] Spikes
|-damage|p2a: Gholdengo|78/100|[from] Stealth Rock
|
|-heal|p2a: Gholdengo|84/100|[from] item: Leftovers
|upkeep
|turn|17
|
|t:|1760723205
|switch|p1a: Samurott|Samurott-Hisui, F|88/100 brn
|-damage|p1a: Samurott|76/100 brn|[from] Stealth Rock
|move|p2a: Gholdengo|Make It Rain|p1a: Samurott
|-resisted|p1a: Samurott
|-damage|p1a: Samurott|35/100 brn
|-unboost|p2a: Gholdengo|spa|1
|
|-heal|p2a: Gholdengo|90/100|[from] item: Leftovers
|-damage|p1a: Samurott|29/100 brn|[from] brn
|upkeep
|turn|18
|
|t:|1760723213
|move|p1a: Samurott|Knock Off|p2a: Gholdengo
|-supereffective|p2a: Gholdengo
|-damage|p2a: Gholdengo|60/100
|-enditem|p2a: Gholdengo|Leftovers|[from] move: Knock Off|[of] p1a: Samurott
|move|p2a: Gholdengo|Hex|p1a: Samurott
|-resisted|p1a: Samurott
|-damage|p1a: Samurott|0 fnt
|faint|p1a: Samurott
|
|upkeep
|
|t:|1760723223
|switch|p1a: Iron Treads|Iron Treads|57/100
|-damage|p1a: Iron Treads|54/100|[from] Stealth Rock
|turn|19
|
|t:|1760723228
|move|p1a: Iron Treads|Earthquake|p2a: Gholdengo
|-supereffective|p2a: Gholdengo
|-damage|p2a: Gholdengo|0 fnt
|faint|p2a: Gholdengo
|
|upkeep
|
|t:|1760723232
|switch|p2a: Ogerpon|Ogerpon-Wellspring, F|72/100
|-damage|p2a: Ogerpon|55/100|[from] Spikes
|-damage|p2a: Ogerpon|43/100|[from] Stealth Rock
|turn|20
|
|t:|1760723238
|-end|p1a: Iron Treads|Quark Drive|[silent]
|switch|p1a: Sinistcha|Sinistcha|88/100
|-damage|p1a: Sinistcha|76/100|[from] Stealth Rock
|move|p2a: Ogerpon|Swords Dance|p2a: Ogerpon
|-boost|p2a: Ogerpon|atk|2
|
|upkeep
|turn|21
|
|t:|1760723248
|-terastallize|p2a: Ogerpon|Water
|detailschange|p2a: Ogerpon|Ogerpon-Wellspring-Tera, F, tera:Water
|-ability|p2a: Ogerpon|Embody Aspect (Wellspring)|boost
|-boost|p2a: Ogerpon|spd|1
|move|p2a: Ogerpon|Ivy Cudgel|p1a: Sinistcha|[anim] Ivy Cudgel Water
|-resisted|p1a: Sinistcha
|-damage|p1a: Sinistcha|17/100
|move|p1a: Sinistcha|Strength Sap|p2a: Ogerpon
|-unboost|p2a: Ogerpon|atk|1
|-heal|p1a: Sinistcha|100/100
|
|upkeep
|turn|22
|
|t:|1760723258
|move|p2a: Ogerpon|Swords Dance|p2a: Ogerpon
|-boost|p2a: Ogerpon|atk|2
|move|p1a: Sinistcha|Matcha Gotcha|p2a: Ogerpon
|-supereffective|p2a: Ogerpon
|-damage|p2a: Ogerpon|0 fnt
|faint|p2a: Ogerpon
|detailschange|p2: Ogerpon|Ogerpon-Wellspring, F|[silent]
|
|upkeep
|
|t:|1760723260
|switch|p2a: Tornadus|Tornadus-Therian, M|89/100
|-damage|p2a: Tornadus|64/100|[from] Stealth Rock
|turn|23
|-message|MicrowaveHeart forfeited.
|
|win|rivnarrex
|raw|rivnarrex's rating: 1685 &rarr; <strong>1707</strong><br />(+22 for winning)
|raw|MicrowaveHeart's rating: 1718 &rarr; <strong>1696</strong><br />(-22 for losing)
|l|☆MicrowaveHeart
|player|p2|
|l|☆rivnarrex
|player|p1|
