|j|☆mitob1
|j|☆Sebsazz
|t:|1760804580
|gametype|singles
|player|p1|mitob1|hugh|1225
|player|p2|Sebsazz|102|1249
|gen|9
|tier|[Gen 9] OU
|rated|
|rule|HP Percentage Mod: HP is shown in percentages
|rule|Endless Battle Clause: Forcing endless battles is banned
|rule|Species Clause: Limit one of each Pokémon
|rule|OHKO Clause: OHKO moves are banned
|rule|Evasion Items Clause: Evasion items are banned
|rule|Evasion Moves Clause: Evasion moves are banned
|rule|Evasion Abilities Clause: Evasion abilities are banned
|rule|Sleep Moves Clause: Sleep-inducing moves are banned
|clearpoke
|poke|p1|Garganacl, F|
|poke|p1|Ribombee, F|
|poke|p1|Corviknight, M|
|poke|p1|Arcanine-Hisui, F|
|poke|p1|Weavile, F|
|poke|p1|Mimikyu, F|
|poke|p2|Kingambit, M|
|poke|p2|Gliscor, M|
|poke|p2|Volcanion|
|poke|p2|Bellibolt, F|
|poke|p2|Ursaluna, F|
|poke|p2|Grimmsnarl, M|
|teampreview
|
|t:|1760804585
|teamsize|p1|6
|teamsize|p2|6
|start
|switch|p1a: Ribombee|Ribombee, F|100/100
|switch|p2a: Grimmsnarl|Grimmsnarl, M|100/100
|turn|1
|
|t:|1760804598
|move|p2a: Grimmsnarl|Light Screen|p2a: Grimmsnarl
|-sidestart|p2: Sebsazz|move: Light Screen
|move|p1a: Ribombee|Moonblast|p2a: Grimmsnarl
|-supereffective|p2a: Grimmsnarl
|-damage|p2a: Grimmsnarl|62/100
|
|upkeep
|turn|2
|
|t:|1760804612
|move|p2a: Grimmsnarl|Reflect|p2a: Grimmsnarl
|-sidestart|p2: Sebsazz|Reflect
|move|p1a: Ribombee|Moonblast|p2a: Grimmsnarl
|-supereffective|p2a: Grimmsnarl
|-damage|p2a: Grimmsnarl|18/100
|
|upkeep
|turn|3
|
|t:|1760804627
|switch|p2a: Bellibolt|Bellibolt, F|100/100
|move|p1a: Ribombee|Moonblast|p2a: Bellibolt
|-damage|p2a: Bellibolt|81/100
|-start|p2a: Bellibolt|Charge|Moonblast|[from] ability: Electromorphosis
|
|upkeep
|turn|4
|
|t:|1760804635
|move|p1a: Ribombee|Sticky Web|p2a: Bellibolt
|-sidestart|p2: Sebsazz|move: Sticky Web
|move|p2a: Bellibolt|Parabolic Charge|p1a: Ribombee
|-enditem|p1a: Ribombee|Focus Sash
|-damage|p1a: Ribombee|1/100
|-heal|p2a: Bellibolt|100/100|[from] drain|[of] p1a: Ribombee
|-end|p2a: Bellibolt|Charge|[silent]
|
|upkeep
|turn|5
|
|t:|1760804642
|move|p1a: Ribombee|Switcheroo|p2a: Bellibolt
|-activate|p1a: Ribombee|move: Trick|[of] p2a: Bellibolt
|-enditem|p2a: Bellibolt|Heavy-Duty Boots|[silent]|[from] move: Switcheroo
|-item|p1a: Ribombee|Heavy-Duty Boots|[from] move: Switcheroo
|move|p2a: Bellibolt|Parabolic Charge|p1a: Ribombee
|-damage|p1a: Ribombee|0 fnt
|faint|p1a: Ribombee
|
|upkeep
|
|t:|1760804659
|switch|p1a: Arcanine|Arcanine-Hisui, F|100/100
|turn|6
|
|t:|1760804664
|move|p1a: Arcanine|Head Smash|p2a: Bellibolt
|-damage|p2a: Bellibolt|52/100
|-start|p2a: Bellibolt|Charge|Head Smash|[from] ability: Electromorphosis
|move|p2a: Bellibolt|Soak|p1a: Arcanine
|-start|p1a: Arcanine|typechange|Water
|
|upkeep
|turn|7
|
|t:|1760804679
|move|p1a: Arcanine|Head Smash|p2a: Bellibolt|[miss]
|-miss|p1a: Arcanine|p2a: Bellibolt
|move|p2a: Bellibolt|Parabolic Charge|p1a: Arcanine
|-supereffective|p1a: Arcanine
|-damage|p1a: Arcanine|0 fnt
|-heal|p2a: Bellibolt|92/100|[from] drain|[of] p1a: Arcanine
|faint|p1a: Arcanine
|-end|p2a: Bellibolt|Charge|[silent]
|
|upkeep
|
|t:|1760804700
|switch|p1a: Mimikyu|Mimikyu, F|100/100
|turn|8
|
|t:|1760804704
|move|p1a: Mimikyu|Swords Dance|p1a: Mimikyu
|-boost|p1a: Mimikyu|atk|2
|move|p2a: Bellibolt|Soak|p1a: Mimikyu
|-start|p1a: Mimikyu|typechange|Water
|
|-sideend|p2: Sebsazz|move: Light Screen
|upkeep
|turn|9
|
|t:|1760804719
|move|p1a: Mimikyu|Swords Dance|p1a: Mimikyu
|-boost|p1a: Mimikyu|atk|2
|move|p2a: Bellibolt|Parabolic Charge|p1a: Mimikyu
|-activate|p1a: Mimikyu|ability: Disguise
|-damage|p1a: Mimikyu|100/100
|detailschange|p1a: Mimikyu|Mimikyu-Busted, F
|-damage|p1a: Mimikyu|88/100|[from] pokemon: Mimikyu-Busted
|
|-sideend|p2: Sebsazz|Reflect
|upkeep
|turn|10
|
|t:|1760804729
|move|p1a: Mimikyu|Play Rough|p2a: Bellibolt
|-damage|p2a: Bellibolt|0 fnt
|faint|p2a: Bellibolt
|
|upkeep
|
|t:|1760804734
|switch|p2a: Grimmsnarl|Grimmsnarl, M|18/100
|-activate|p2a: Grimmsnarl|move: Sticky Web
|-unboost|p2a: Grimmsnarl|spe|1
|turn|11
|
|t:|1760804740
|move|p1a: Mimikyu|Shadow Sneak|p2a: Grimmsnarl
|-resisted|p2a: Grimmsnarl
|-damage|p2a: Grimmsnarl|0 fnt
|faint|p2a: Grimmsnarl
|
|upkeep
|
|t:|1760804764
|switch|p2a: Kingambit|Kingambit, M|100/100
|-activate|p2a: Kingambit|move: Sticky Web
|-unboost|p2a: Kingambit|spe|1
|-activate|p2a: Kingambit|ability: Supreme Overlord
|-start|p2a: Kingambit|fallen2|[silent]
|turn|12
|
|t:|1760804770
|move|p1a: Mimikyu|Play Rough|p2a: Kingambit
|-crit|p2a: Kingambit
|-damage|p2a: Kingambit|0 fnt
|-damage|p1a: Mimikyu|72/100|[from] item: Rocky Helmet|[of] p2a: Kingambit
|faint|p2a: Kingambit
|-end|p2a: Kingambit|fallen2|[silent]
|
|upkeep
|
|t:|1760804779
|switch|p2a: Ursaluna|Ursaluna, F|100/100
|-activate|p2a: Ursaluna|move: Sticky Web
|-unboost|p2a: Ursaluna|spe|1
|turn|13
|
|t:|1760804793
|move|p1a: Mimikyu|Play Rough|p2a: Ursaluna
|-damage|p2a: Ursaluna|21/100
|move|p2a: Ursaluna|Earthquake|p1a: Mimikyu
|-damage|p1a: Mimikyu|0 fnt
|faint|p1a: Mimikyu
|
|-status|p2a: Ursaluna|brn|[from] item: Flame Orb
|upkeep
|
|t:|1760804803
|switch|p1a: Weavile|Weavile, F|100/100
|turn|14
|
|t:|1760804809
|switch|p2a: Volcanion|Volcanion|100/100
|-activate|p2a: Volcanion|move: Sticky Web
|-unboost|p2a: Volcanion|spe|1
|move|p1a: Weavile|Knock Off|p2a: Volcanion
|-damage|p2a: Volcanion|44/100
|-enditem|p2a: Volcanion|Assault Vest|[from] move: Knock Off|[of] p1a: Weavile
|-damage|p1a: Weavile|91/100|[from] item: Life Orb
|
|upkeep
|turn|15
|
|t:|1760804822
|switch|p1a: Garganacl|Garganacl, F, shiny|100/100
|move|p2a: Volcanion|Steam Eruption|p1a: Garganacl
|-supereffective|p1a: Garganacl
|-damage|p1a: Garganacl|0 fnt
|faint|p1a: Garganacl
|
|upkeep
|
|t:|1760804830
|switch|p1a: Corviknight|Corviknight, M, shiny|100/100
|turn|16
|
|t:|1760804839
|-terastallize|p1a: Corviknight|Ground
|move|p1a: Corviknight|Brave Bird|p2a: Volcanion
|-damage|p2a: Volcanion|14/100
|-damage|p1a: Corviknight|91/100|[from] Recoil
|move|p2a: Volcanion|Heat Wave|p1a: Corviknight
|-damage|p1a: Corviknight|48/100
|-status|p1a: Corviknight|brn
|
|-damage|p1a: Corviknight|42/100 brn|[from] brn
|upkeep
|turn|17
|
|t:|1760804858
|move|p1a: Corviknight|Brave Bird|p2a: Volcanion
|-damage|p2a: Volcanion|0 fnt
|faint|p2a: Volcanion
|-damage|p1a: Corviknight|38/100 brn|[from] Recoil
|
|-damage|p1a: Corviknight|32/100 brn|[from] brn
|upkeep
|
|t:|1760804866
|switch|p2a: Ursaluna|Ursaluna, F|21/100 brn
|-activate|p2a: Ursaluna|move: Sticky Web
|-unboost|p2a: Ursaluna|spe|1
|turn|18
|
|t:|1760804872
|move|p1a: Corviknight|Body Press|p2a: Ursaluna
|-supereffective|p2a: Ursaluna
|-crit|p2a: Ursaluna
|-damage|p2a: Ursaluna|0 fnt
|faint|p2a: Ursaluna
|
|-damage|p1a: Corviknight|26/100 brn|[from] brn
|upkeep
|
|t:|1760804879
|switch|p2a: Gliscor|Gliscor, M|100/100
|turn|19
|
|t:|1760804891
|move|p2a: Gliscor|Swords Dance|p2a: Gliscor
|-boost|p2a: Gliscor|atk|2
|move|p1a: Corviknight|Brave Bird|p2a: Gliscor
|-damage|p2a: Gliscor|89/100
|-damage|p1a: Corviknight|22/100 brn|[from] Recoil
|
|-damage|p1a: Corviknight|16/100 brn|[from] brn
|-status|p2a: Gliscor|tox|[from] item: Toxic Orb
|upkeep
|turn|20
|
|t:|1760804903
|move|p2a: Gliscor|Swords Dance|p2a: Gliscor
|-boost|p2a: Gliscor|atk|2
|move|p1a: Corviknight|Brave Bird|p2a: Gliscor
|-damage|p2a: Gliscor|78/100 tox
|-damage|p1a: Corviknight|13/100 brn|[from] Recoil
|
|-heal|p2a: Gliscor|91/100 tox|[from] ability: Poison Heal
|-damage|p1a: Corviknight|7/100 brn|[from] brn
|upkeep
|turn|21
|
|t:|1760804914
|move|p2a: Gliscor|Protect|p2a: Gliscor
|-singleturn|p2a: Gliscor|Protect
|move|p1a: Corviknight|Brave Bird|p2a: Gliscor
|-activate|p2a: Gliscor|move: Protect
|
|-heal|p2a: Gliscor|100/100 tox|[from] ability: Poison Heal
|-damage|p1a: Corviknight|0 fnt|[from] brn
|faint|p1a: Corviknight
|upkeep
|
|t:|1760804923
|switch|p1a: Weavile|Weavile, F|91/100
|turn|22
|
|t:|1760804929
|-terastallize|p2a: Gliscor|Ground
|move|p1a: Weavile|Triple Axel|p2a: Gliscor
|-supereffective|p2a: Gliscor
|-damage|p2a: Gliscor|81/100 tox
|-supereffective|p2a: Gliscor
|-damage|p2a: Gliscor|47/100 tox
|-supereffective|p2a: Gliscor
|-damage|p2a: Gliscor|0 fnt
|faint|p2a: Gliscor
|-hitcount|p2: Gliscor|3
|-damage|p1a: Weavile|81/100|[from] item: Life Orb
|
|win|mitob1
|raw|mitob1's rating: 1225 &rarr; <strong>1252</strong><br />(+27 for winning)
|raw|Sebsazz's rating: 1249 &rarr; <strong>1222</strong><br />(-27 for losing)
|l|☆Sebsazz
|player|p2|
|l|☆mitob1
|player|p1|
