|j|☆C_est_Zar
|j|☆ultracentrifuge
|t:|1760803431
|gametype|singles
|player|p1|C_est_Zar|hilbert|1328
|player|p2|ultracentrifuge|hilda-masters3|1365
|gen|9
|tier|[Gen 9] OU
|rated|
|rule|HP Percentage Mod: HP is shown in percentages
|rule|Endless Battle Clause: Forcing endless battles is banned
|rule|Species Clause: Limit one of each Pokémon
|rule|OHKO Clause: OHKO moves are banned
|rule|Evasion Items Clause: Evasion items are banned
|rule|Evasion Moves Clause: Evasion moves are banned
|rule|Evasion Abilities Clause: Evasion abilities are banned
|rule|Sleep Moves Clause: Sleep-inducing moves are banned
|clearpoke
|poke|p1|Darkrai|
|poke|p1|Garganacl, F|
|poke|p1|Clodsire, M|
|poke|p1|Corviknight, M|
|poke|p1|Zamazenta-*|
|poke|p1|Gholdengo|
|poke|p2|Pelipper, F|
|poke|p2|Inteleon, M|
|poke|p2|Barraskewda, F|
|poke|p2|Zapdos|
|poke|p2|Iron Treads|
|poke|p2|Scizor, F|
|teampreview
|
|t:|1760803476
|teamsize|p1|6
|teamsize|p2|6
|start
|switch|p1a: Clodsire|Clodsire, M|100/100
|switch|p2a: Pelipper|Pelipper, F|100/100
|-weather|RainDance|[from] ability: Drizzle|[of] p2a: Pelipper
|turn|1
|
|t:|1760803484
|move|p2a: Pelipper|Knock Off|p1a: Clodsire
|-damage|p1a: Clodsire|85/100
|-enditem|p1a: Clodsire|Black Sludge|[from] move: Knock Off|[of] p2a: Pelipper
|move|p1a: Clodsire|Toxic|p2a: Pelipper
|-status|p2a: Pelipper|tox
|
|-weather|RainDance|[upkeep]
|-damage|p2a: Pelipper|94/100 tox|[from] psn
|upkeep
|turn|2
|
|t:|1760803499
|move|p2a: Pelipper|U-turn|p1a: Clodsire
|-resisted|p1a: Clodsire
|-damage|p1a: Clodsire|80/100
|
|t:|1760803504
|switch|p2a: Scizor|Scizor, F|100/100|[from] U-turn
|move|p1a: Clodsire|Earthquake|p2a: Scizor
|-damage|p2a: Scizor|73/100
|
|-weather|RainDance|[upkeep]
|upkeep
|turn|3
|
|t:|1760803513
|switch|p1a: Garganacl|Garganacl, F, shiny|100/100
|move|p2a: Scizor|U-turn|p1a: Garganacl
|-damage|p1a: Garganacl|71/100
|
|t:|1760803518
|switch|p2a: Barraskewda|Barraskewda, F|100/100|[from] U-turn
|
|-weather|RainDance|[upkeep]
|-heal|p1a: Garganacl|77/100|[from] item: Leftovers
|upkeep
|turn|4
|
|t:|1760803529
|switch|p1a: Clodsire|Clodsire, M|80/100
|move|p2a: Barraskewda|Flip Turn|p1a: Clodsire
|-heal|p1a: Clodsire|100/100|[from] ability: Water Absorb|[of] p2a: Barraskewda
|
|-weather|RainDance|[upkeep]
|upkeep
|turn|5
|
|t:|1760803538
|switch|p2a: Iron Treads|Iron Treads|100/100
|-enditem|p2a: Iron Treads|Booster Energy
|-activate|p2a: Iron Treads|ability: Quark Drive|[fromitem]
|-start|p2a: Iron Treads|quarkdrivespe
|move|p1a: Clodsire|Toxic|p2a: Iron Treads
|-immune|p2a: Iron Treads
|
|-weather|RainDance|[upkeep]
|upkeep
|turn|6
|
|t:|1760803548
|switch|p1a: Garganacl|Garganacl, F, shiny|77/100
|move|p2a: Iron Treads|Stealth Rock|p1a: Garganacl
|-sidestart|p1: C_est_Zar|move: Stealth Rock
|
|-weather|RainDance|[upkeep]
|-heal|p1a: Garganacl|83/100|[from] item: Leftovers
|upkeep
|turn|7
|
|t:|1760803558
|switch|p1a: Corviknight|Corviknight, M|100/100
|-damage|p1a: Corviknight|88/100|[from] Stealth Rock
|-ability|p1a: Corviknight|Pressure
|move|p2a: Iron Treads|Steel Beam|p1a: Corviknight
|-resisted|p1a: Corviknight
|-damage|p1a: Corviknight|68/100
|-damage|p2a: Iron Treads|50/100|[from] steelbeam
|
|-weather|RainDance|[upkeep]
|-heal|p1a: Corviknight|74/100|[from] item: Leftovers
|upkeep
|turn|8
|
|t:|1760803576
|move|p2a: Iron Treads|Steel Beam|p1a: Corviknight
|-resisted|p1a: Corviknight
|-damage|p1a: Corviknight|55/100
|-damage|p2a: Iron Treads|0 fnt|[from] steelbeam
|faint|p2a: Iron Treads
|-end|p2a: Iron Treads|Quark Drive|[silent]
|move|p1a: Corviknight|Defog|p2: Iron Treads|[notarget]
|-fail|p1a: Corviknight
|
|-weather|none
|-heal|p1a: Corviknight|61/100|[from] item: Leftovers
|upkeep
|
|t:|1760803583
|switch|p2a: Zapdos|Zapdos|100/100
|turn|9
|
|t:|1760803589
|switch|p1a: Clodsire|Clodsire, M|100/100
|-damage|p1a: Clodsire|94/100|[from] Stealth Rock
|move|p2a: Zapdos|Volt Switch|p1a: Clodsire
|-immune|p1a: Clodsire
|
|upkeep
|turn|10
|
|t:|1760803598
|switch|p2a: Pelipper|Pelipper, F|94/100 tox
|-weather|RainDance|[from] ability: Drizzle|[of] p2a: Pelipper
|switch|p1a: Garganacl|Garganacl, F, shiny|83/100
|-damage|p1a: Garganacl|71/100|[from] Stealth Rock
|
|-weather|RainDance|[upkeep]
|-heal|p1a: Garganacl|77/100|[from] item: Leftovers
|-damage|p2a: Pelipper|88/100 tox|[from] psn
|upkeep
|turn|11
|
|t:|1760803614
|move|p1a: Garganacl|Protect|p1a: Garganacl
|-singleturn|p1a: Garganacl|Protect
|move|p2a: Pelipper|U-turn|p1a: Garganacl
|-activate|p1a: Garganacl|move: Protect
|
|-weather|RainDance|[upkeep]
|-heal|p1a: Garganacl|83/100|[from] item: Leftovers
|-damage|p2a: Pelipper|76/100 tox|[from] psn
|upkeep
|turn|12
|
|t:|1760803625
|switch|p1a: Clodsire|Clodsire, M|94/100
|-damage|p1a: Clodsire|88/100|[from] Stealth Rock
|move|p2a: Pelipper|Knock Off|p1a: Clodsire
|-damage|p1a: Clodsire|79/100
|
|-weather|RainDance|[upkeep]
|-damage|p2a: Pelipper|57/100 tox|[from] psn
|upkeep
|turn|13
|
|t:|1760803635
|move|p2a: Pelipper|Roost|p2a: Pelipper
|-heal|p2a: Pelipper|100/100 tox
|-singleturn|p2a: Pelipper|move: Roost
|move|p1a: Clodsire|Recover|p1a: Clodsire
|-heal|p1a: Clodsire|100/100
|
|-weather|RainDance|[upkeep]
|-damage|p2a: Pelipper|76/100 tox|[from] psn
|upkeep
|turn|14
|
|t:|1760803647
|move|p2a: Pelipper|U-turn|p1a: Clodsire
|-resisted|p1a: Clodsire
|-damage|p1a: Clodsire|96/100
|
|t:|1760803650
|switch|p2a: Scizor|Scizor, F|73/100|[from] U-turn
|move|p1a: Clodsire|Earthquake|p2a: Scizor
|-damage|p2a: Scizor|44/100
|
|-weather|RainDance|[upkeep]
|upkeep
|turn|15
|
|t:|1760803659
|move|p2a: Scizor|U-turn|p1a: Clodsire
|-resisted|p1a: Clodsire
|-damage|p1a: Clodsire|62/100
|
|t:|1760803666
|switch|p2a: Zapdos|Zapdos|100/100|[from] U-turn
|move|p1a: Clodsire|Earthquake|p2a: Zapdos
|-immune|p2a: Zapdos
|
|-weather|RainDance|[upkeep]
|upkeep
|turn|16
|
|t:|1760803674
|move|p2a: Zapdos|Hurricane|p1a: Clodsire
|-damage|p1a: Clodsire|17/100
|move|p1a: Clodsire|Toxic|p2a: Zapdos
|-status|p2a: Zapdos|tox
|
|-weather|RainDance|[upkeep]
|-damage|p2a: Zapdos|94/100 tox|[from] psn
|upkeep
|turn|17
|
|t:|1760803693
|switch|p2a: Inteleon|Inteleon, M|100/100
|switch|p1a: Garganacl|Garganacl, F, shiny|83/100
|-damage|p1a: Garganacl|71/100|[from] Stealth Rock
|
|-weather|none
|-heal|p1a: Garganacl|77/100|[from] item: Leftovers
|upkeep
|turn|18
|
|t:|1760803710
|move|p1a: Garganacl|Protect|p1a: Garganacl
|-singleturn|p1a: Garganacl|Protect
|move|p2a: Inteleon|U-turn|p1a: Garganacl
|-activate|p1a: Garganacl|move: Protect
|
|-heal|p1a: Garganacl|83/100|[from] item: Leftovers
|upkeep
|turn|19
|
|t:|1760803717
|move|p2a: Inteleon|U-turn|p1a: Garganacl
|-crit|p1a: Garganacl
|-damage|p1a: Garganacl|69/100
|
|t:|1760803720
|switch|p2a: Pelipper|Pelipper, F|76/100 tox|[from] U-turn
|-weather|RainDance|[from] ability: Drizzle|[of] p2a: Pelipper
|move|p1a: Garganacl|Salt Cure|p2a: Pelipper
|-supereffective|p2a: Pelipper
|-crit|p2a: Pelipper
|-damage|p2a: Pelipper|44/100 tox
|-start|p2a: Pelipper|Salt Cure
|
|-weather|RainDance|[upkeep]
|-heal|p1a: Garganacl|75/100|[from] item: Leftovers
|-damage|p2a: Pelipper|37/100 tox|[from] psn
|-damage|p2a: Pelipper|13/100 tox|[from] Salt Cure
|upkeep
|turn|20
|
|t:|1760803743
|switch|p2a: Scizor|Scizor, F|44/100
|move|p1a: Garganacl|Salt Cure|p2a: Scizor
|-damage|p2a: Scizor|28/100
|-start|p2a: Scizor|Salt Cure
|
|-weather|RainDance|[upkeep]
|-heal|p1a: Garganacl|81/100|[from] item: Leftovers
|-damage|p2a: Scizor|3/100|[from] Salt Cure
|upkeep
|turn|21
|
|t:|1760803760
|move|p1a: Garganacl|Protect|p1a: Garganacl
|-singleturn|p1a: Garganacl|Protect
|move|p2a: Scizor|Knock Off|p1a: Garganacl
|-activate|p1a: Garganacl|move: Protect
|
|-weather|RainDance|[upkeep]
|-heal|p1a: Garganacl|87/100|[from] item: Leftovers
|-damage|p2a: Scizor|0 fnt|[from] Salt Cure
|faint|p2a: Scizor
|upkeep
|
|t:|1760803763
|switch|p2a: Inteleon|Inteleon, M|100/100
|turn|22
|
|t:|1760803782
|switch|p1a: Clodsire|Clodsire, M|17/100
|-damage|p1a: Clodsire|10/100|[from] Stealth Rock
|move|p2a: Inteleon|Dark Pulse|p1a: Clodsire
|-crit|p1a: Clodsire
|-damage|p1a: Clodsire|0 fnt
|faint|p1a: Clodsire
|
|-weather|RainDance|[upkeep]
|upkeep
|
|t:|1760803801
|switch|p1a: Zamazenta|Zamazenta|100/100
|-damage|p1a: Zamazenta|94/100|[from] Stealth Rock
|-ability|p1a: Zamazenta|Dauntless Shield|boost
|-boost|p1a: Zamazenta|def|1
|turn|23
|
|t:|1760803809
|move|p1a: Zamazenta|Close Combat|p2a: Inteleon
|-damage|p2a: Inteleon|0 fnt
|-unboost|p1a: Zamazenta|def|1
|-unboost|p1a: Zamazenta|spd|1
|faint|p2a: Inteleon
|
|-weather|RainDance|[upkeep]
|upkeep
|
|t:|1760803817
|switch|p2a: Zapdos|Zapdos|94/100 tox
|turn|24
|
|t:|1760803832
|switch|p1a: Garganacl|Garganacl, F, shiny|87/100
|-damage|p1a: Garganacl|75/100|[from] Stealth Rock
|-terastallize|p2a: Zapdos|Electric
|move|p2a: Zapdos|Volt Switch|p1a: Garganacl
|-damage|p1a: Garganacl|8/100
|
|t:|1760803836
|switch|p2a: Barraskewda|Barraskewda, F|100/100|[from] Volt Switch
|
|-weather|RainDance|[upkeep]
|-heal|p1a: Garganacl|15/100|[from] item: Leftovers
|upkeep
|turn|25
|
|t:|1760803846
|move|p1a: Garganacl|Protect|p1a: Garganacl
|-singleturn|p1a: Garganacl|Protect
|move|p2a: Barraskewda|Flip Turn|p1a: Garganacl
|-activate|p1a: Garganacl|move: Protect
|
|-weather|RainDance|[upkeep]
|-heal|p1a: Garganacl|21/100|[from] item: Leftovers
|upkeep
|turn|26
|
|t:|1760803874
|move|p2a: Barraskewda|Flip Turn|p1a: Garganacl
|-supereffective|p1a: Garganacl
|-damage|p1a: Garganacl|0 fnt
|faint|p1a: Garganacl
|
|t:|1760803878
|switch|p2a: Zapdos|Zapdos, tera:Electric|94/100 tox|[from] Flip Turn
|
|-weather|none
|-damage|p2a: Zapdos|88/100 tox|[from] psn
|upkeep
|
|t:|1760803896
|switch|p1a: Zamazenta|Zamazenta|94/100
|-damage|p1a: Zamazenta|88/100|[from] Stealth Rock
|turn|27
|
|t:|1760803903
|switch|p2a: Pelipper|Pelipper, F|13/100 tox
|-weather|RainDance|[from] ability: Drizzle|[of] p2a: Pelipper
|move|p1a: Zamazenta|Close Combat|p2a: Pelipper
|-resisted|p2a: Pelipper
|-damage|p2a: Pelipper|0 fnt
|-unboost|p1a: Zamazenta|def|1
|-unboost|p1a: Zamazenta|spd|1
|faint|p2a: Pelipper
|
|-weather|RainDance|[upkeep]
|upkeep
|
|t:|1760803906
|switch|p2a: Barraskewda|Barraskewda, F|100/100
|turn|28
|
|t:|1760803919
|switch|p1a: Corviknight|Corviknight, M|61/100
|-damage|p1a: Corviknight|48/100|[from] Stealth Rock
|-ability|p1a: Corviknight|Pressure
|move|p2a: Barraskewda|Liquidation|p1a: Corviknight
|-damage|p1a: Corviknight|0 fnt
|faint|p1a: Corviknight
|
|-weather|RainDance|[upkeep]
|upkeep
|
|t:|1760803950
|switch|p1a: Gholdengo|Gholdengo|100/100
|-damage|p1a: Gholdengo|94/100|[from] Stealth Rock
|-item|p1a: Gholdengo|Air Balloon
|turn|29
|
|t:|1760803967
|switch|p2a: Zapdos|Zapdos, tera:Electric|88/100 tox
|move|p1a: Gholdengo|Shadow Ball|p2a: Zapdos
|-damage|p2a: Zapdos|35/100 tox
|
|-weather|RainDance|[upkeep]
|-damage|p2a: Zapdos|29/100 tox|[from] psn
|upkeep
|turn|30
|
|t:|1760803981
|move|p2a: Zapdos|Volt Switch|p1a: Gholdengo
|-damage|p1a: Gholdengo|10/100
|-enditem|p1a: Gholdengo|Air Balloon
|
|t:|1760803986
|switch|p2a: Barraskewda|Barraskewda, F|100/100|[from] Volt Switch
|move|p1a: Gholdengo|Shadow Ball|p2a: Barraskewda
|-damage|p2a: Barraskewda|0 fnt
|faint|p2a: Barraskewda
|
|-weather|RainDance|[upkeep]
|upkeep
|
|t:|1760803988
|switch|p2a: Zapdos|Zapdos, tera:Electric|29/100 tox
|turn|31
|c|☆ultracentrifuge|wait why didnt i thunder
|c|☆ultracentrifuge|oh nahh
|
|t:|1760803999
|move|p2a: Zapdos|Thunder|p1a: Gholdengo
|-damage|p1a: Gholdengo|0 fnt
|faint|p1a: Gholdengo
|
|-weather|RainDance|[upkeep]
|-damage|p2a: Zapdos|23/100 tox|[from] psn
|upkeep
|c|☆ultracentrifuge|i threw gg
|c|☆ultracentrifuge|broooo
|c|☆ultracentrifuge|im fkin dumb
|-message|ultracentrifuge forfeited.
|
|win|C_est_Zar
|raw|C_est_Zar's rating: 1328 &rarr; <strong>1350</strong><br />(+22 for winning)
|raw|ultracentrifuge's rating: 1365 &rarr; <strong>1343</strong><br />(-22 for losing)
|l|☆ultracentrifuge
|player|p2|
|l|☆C_est_Zar
|player|p1|
