|j|☆rakhenmanoa
|j|☆Arcadia Dominus
|t:|1760860367
|gametype|singles
|player|p1|rakhenmanoa|1|1359
|player|p2|Arcadia Dominus|red-masters2|1473
|gen|9
|tier|[Gen 9] OU
|rated|
|rule|HP Percentage Mod: HP is shown in percentages
|rule|Endless Battle Clause: Forcing endless battles is banned
|rule|Species Clause: Limit one of each Pokémon
|rule|OHKO Clause: OHKO moves are banned
|rule|Evasion Items Clause: Evasion items are banned
|rule|Evasion Moves Clause: Evasion moves are banned
|rule|Evasion Abilities Clause: Evasion abilities are banned
|rule|Sleep Moves Clause: Sleep-inducing moves are banned
|clearpoke
|poke|p1|Zamazenta-*|
|poke|p1|Gliscor, M|
|poke|p1|Toxapex, M|
|poke|p1|Blissey, F|
|poke|p1|Iron Moth|
|poke|p1|Iron Treads|
|poke|p2|Iron Hands|
|poke|p2|Garchomp, M|
|poke|p2|Kingambit, F|
|poke|p2|Iron Treads|
|poke|p2|Sinistcha|
|poke|p2|Enamorus, F|
|teampreview
|inactive|Battle timer is ON: inactive players will automatically lose when time's up. (requested by rakhenmanoa)
|inactive|Arcadia Dominus also wants the timer to be on.
|c|☆Arcadia Dominus|Hf
|
|t:|1760860384
|teamsize|p1|6
|teamsize|p2|6
|start
|switch|p1a: Gliscor|Gliscor, M|100/100
|switch|p2a: Iron Hands|Iron Hands|100/100
|turn|1
|
|t:|1760860392
|-end|p2a: Iron Hands|Quark Drive|[silent]
|switch|p2a: Sinistcha|Sinistcha|100/100
|move|p1a: Gliscor|Swords Dance|p1a: Gliscor
|-boost|p1a: Gliscor|atk|2
|
|-status|p1a: Gliscor|tox|[from] item: Toxic Orb
|upkeep
|turn|2
|
|t:|1760860402
|move|p1a: Gliscor|Swords Dance|p1a: Gliscor
|-boost|p1a: Gliscor|atk|2
|move|p2a: Sinistcha|Strength Sap|p1a: Gliscor
|-unboost|p1a: Gliscor|atk|1
|
|upkeep
|turn|3
|
|t:|1760860421
|switch|p2a: Iron Hands|Iron Hands|100/100
|move|p1a: Gliscor|Knock Off|p2a: Iron Hands
|-resisted|p2a: Iron Hands
|-damage|p2a: Iron Hands|79/100
|-enditem|p2a: Iron Hands|Assault Vest|[from] move: Knock Off|[of] p1a: Gliscor
|
|upkeep
|turn|4
|
|t:|1760860429
|move|p1a: Gliscor|Protect|p1a: Gliscor
|-singleturn|p1a: Gliscor|Protect
|move|p2a: Iron Hands|Ice Punch|p1a: Gliscor
|-activate|p1a: Gliscor|move: Protect
|
|upkeep
|turn|5
|
|t:|1760860436
|-terastallize|p1a: Gliscor|Normal
|move|p1a: Gliscor|Facade|p2a: Iron Hands
|-damage|p2a: Iron Hands|0 fnt
|faint|p2a: Iron Hands
|-end|p2a: Iron Hands|Quark Drive|[silent]
|
|upkeep
|
|t:|1760860447
|switch|p2a: Garchomp|Garchomp, M|100/100
|turn|6
|
|t:|1760860456
|move|p2a: Garchomp|Earthquake|p1a: Gliscor
|-damage|p1a: Gliscor|56/100 tox
|move|p1a: Gliscor|Facade|p2a: Garchomp
|-damage|p2a: Garchomp|0 fnt
|-damage|p1a: Gliscor|44/100 tox|[from] ability: Rough Skin|[of] p2a: Garchomp
|faint|p2a: Garchomp
|
|-heal|p1a: Gliscor|56/100 tox|[from] ability: Poison Heal
|upkeep
|
|t:|1760860471
|switch|p2a: Enamorus|Enamorus, F|100/100
|turn|7
|
|t:|1760860474
|-terastallize|p2a: Enamorus|Stellar
|move|p1a: Gliscor|Protect|p1a: Gliscor
|-singleturn|p1a: Gliscor|Protect
|move|p2a: Enamorus|Tera Blast|p1a: Gliscor|[anim] Tera Blast Stellar
|-activate|p1a: Gliscor|move: Protect
|
|-heal|p1a: Gliscor|69/100 tox|[from] ability: Poison Heal
|upkeep
|turn|8
|
|t:|1760860485
|switch|p1a: Toxapex|Toxapex, M|100/100
|move|p2a: Enamorus|Tera Blast|p1a: Toxapex|[anim] Tera Blast Stellar
|-damage|p1a: Toxapex|60/100
|-boost|p2a: Enamorus|atk|1
|-boost|p2a: Enamorus|spa|1
|
|-heal|p1a: Toxapex|67/100|[from] item: Leftovers
|upkeep
|turn|9
|
|t:|1760860495
|move|p2a: Enamorus|Tera Blast|p1a: Toxapex|[anim] Tera Blast Stellar
|-crit|p1a: Toxapex
|-damage|p1a: Toxapex|0 fnt
|-boost|p2a: Enamorus|atk|1
|-boost|p2a: Enamorus|spa|1
|faint|p1a: Toxapex
|
|upkeep
|-message|rakhenmanoa forfeited.
|
|win|Arcadia Dominus
|raw|rakhenmanoa's rating: 1359 &rarr; <strong>1345</strong><br />(-14 for losing)
|raw|Arcadia Dominus's rating: 1473 &rarr; <strong>1487</strong><br />(+14 for winning)
|l|☆rakhenmanoa
|player|p1|
