|j|☆IguanaKing12
|j|☆player jack
|t:|1760762138
|gametype|singles
|player|p1|IguanaKing12|1|1167
|player|p2|player jack|roxie|1160
|gen|9
|tier|[Gen 9] OU
|rated|
|rule|HP Percentage Mod: HP is shown in percentages
|rule|Endless Battle Clause: Forcing endless battles is banned
|rule|Species Clause: Limit one of each Pokémon
|rule|OHKO Clause: OHKO moves are banned
|rule|Evasion Items Clause: Evasion items are banned
|rule|Evasion Moves Clause: Evasion moves are banned
|rule|Evasion Abilities Clause: Evasion abilities are banned
|rule|Sleep Moves Clause: Sleep-inducing moves are banned
|clearpoke
|poke|p1|Ludicolo, F|
|poke|p1|Jirachi|
|poke|p1|Zamazenta-*|
|poke|p1|Goodra, M|
|poke|p1|Overqwil, F|
|poke|p1|Thundurus, M|
|poke|p2|Sandy Shocks|
|poke|p2|Scizor, F|
|poke|p2|Lycanroc-Dusk, F|
|poke|p2|Greninja-*, M|
|poke|p2|Haunter, F|
|poke|p2|Alomomola, F|
|teampreview
|inactive|Battle timer is ON: inactive players will automatically lose when time's up. (requested by player jack)
|
|t:|1760762148
|teamsize|p1|6
|teamsize|p2|6
|start
|switch|p1a: Thundurus|Thundurus, M|100/100
|switch|p2a: Lycanroc|Lycanroc-Dusk, F, shiny|100/100
|turn|1
|
|t:|1760762153
|move|p2a: Lycanroc|Accelerock|p1a: Thundurus
|-supereffective|p1a: Thundurus
|-damage|p1a: Thundurus|40/100
|move|p1a: Thundurus|Thunder Wave|p2a: Lycanroc
|-status|p2a: Lycanroc|par
|
|upkeep
|turn|2
|
|t:|1760762164
|move|p1a: Thundurus|Rain Dance|p1a: Thundurus
|-weather|RainDance
|move|p2a: Lycanroc|Stealth Rock|p1a: Thundurus
|-sidestart|p1: IguanaKing12|move: Stealth Rock
|
|-weather|RainDance|[upkeep]
|upkeep
|turn|3
|
|t:|1760762183
|switch|p1a: Zamazenta|Zamazenta|100/100
|-damage|p1a: Zamazenta|94/100|[from] Stealth Rock
|-ability|p1a: Zamazenta|Dauntless Shield|boost
|-boost|p1a: Zamazenta|def|1
|move|p2a: Lycanroc|Accelerock|p1a: Zamazenta
|-resisted|p1a: Zamazenta
|-damage|p1a: Zamazenta|86/100
|
|-weather|RainDance|[upkeep]
|upkeep
|turn|4
|
|t:|1760762190
|move|p1a: Zamazenta|Reflect|p1a: Zamazenta
|-sidestart|p1: IguanaKing12|Reflect
|cant|p2a: Lycanroc|par
|
|-weather|RainDance|[upkeep]
|upkeep
|turn|5
|
|t:|1760762199
|switch|p2a: Haunter|Haunter, F, shiny|100/100
|move|p1a: Zamazenta|Close Combat|p2a: Haunter
|-immune|p2a: Haunter
|
|-weather|RainDance|[upkeep]
|upkeep
|turn|6
|
|t:|1760762204
|move|p2a: Haunter|Dazzling Gleam|p1a: Zamazenta
|-supereffective|p1a: Zamazenta
|-damage|p1a: Zamazenta|34/100
|move|p1a: Zamazenta|Crunch|p2a: Haunter
|-supereffective|p2a: Haunter
|-damage|p2a: Haunter|0 fnt
|faint|p2a: Haunter
|
|-weather|RainDance|[upkeep]
|upkeep
|
|t:|1760762212
|switch|p2a: Greninja|Greninja, M|100/100
|turn|7
|
|t:|1760762218
|move|p2a: Greninja|Surf|p1a: Zamazenta
|-damage|p1a: Zamazenta|0 fnt
|faint|p1a: Zamazenta
|-ability|p2a: Greninja|Battle Bond|boost
|-boost|p2a: Greninja|atk|1
|-boost|p2a: Greninja|spa|1
|-boost|p2a: Greninja|spe|1
|-activate|p2a: Greninja|ability: Battle Bond
|-damage|p2a: Greninja|91/100|[from] item: Life Orb
|
|-weather|RainDance|[upkeep]
|upkeep
|
|t:|1760762227
|switch|p1a: Goodra|Goodra, M|100/100
|-damage|p1a: Goodra|88/100|[from] Stealth Rock
|turn|8
|
|t:|1760762232
|-terastallize|p2a: Greninja|Poison
|move|p2a: Greninja|Ice Beam|p1a: Goodra
|-supereffective|p1a: Goodra
|-damage|p1a: Goodra|17/100
|-damage|p2a: Greninja|81/100|[from] item: Life Orb
|move|p1a: Goodra|Thunder|p2a: Greninja
|-damage|p2a: Greninja|7/100
|
|-weather|RainDance|[upkeep]
|upkeep
|turn|9
|
|t:|1760762245
|move|p2a: Greninja|Dark Pulse|p1a: Goodra
|-damage|p1a: Goodra|0 fnt
|faint|p1a: Goodra
|-damage|p2a: Greninja|0 fnt|[from] item: Life Orb
|faint|p2a: Greninja
|
|-weather|none
|upkeep
|
|t:|1760762254
|switch|p2a: Lycanroc|Lycanroc-Dusk, F, shiny|100/100 par
|switch|p1a: Thundurus|Thundurus, M|40/100
|-damage|p1a: Thundurus|15/100|[from] Stealth Rock
|turn|10
|
|t:|1760762259
|move|p1a: Thundurus|Rain Dance|p1a: Thundurus
|-weather|RainDance
|move|p2a: Lycanroc|Accelerock|p1a: Thundurus
|-supereffective|p1a: Thundurus
|-damage|p1a: Thundurus|0 fnt
|faint|p1a: Thundurus
|
|-weather|RainDance|[upkeep]
|upkeep
|
|t:|1760762263
|switch|p1a: Ludicolo|Ludicolo, F|100/100
|-damage|p1a: Ludicolo|88/100|[from] Stealth Rock
|turn|11
|
|t:|1760762271
|-terastallize|p1a: Ludicolo|Water
|move|p1a: Ludicolo|Weather Ball|p2a: Lycanroc
|-supereffective|p2a: Lycanroc
|-enditem|p2a: Lycanroc|Focus Sash
|-damage|p2a: Lycanroc|1/100 par
|cant|p2a: Lycanroc|par
|
|-weather|RainDance|[upkeep]
|-sideend|p1: IguanaKing12|Reflect
|upkeep
|turn|12
|
|t:|1760762277
|move|p2a: Lycanroc|Accelerock|p1a: Ludicolo
|-damage|p1a: Ludicolo|53/100
|move|p1a: Ludicolo|Weather Ball|p2a: Lycanroc
|-supereffective|p2a: Lycanroc
|-crit|p2a: Lycanroc
|-damage|p2a: Lycanroc|0 fnt
|faint|p2a: Lycanroc
|
|-weather|RainDance|[upkeep]
|upkeep
|
|t:|1760762284
|switch|p2a: Alomomola|Alomomola, F, shiny|100/100
|turn|13
|
|t:|1760762287
|move|p2a: Alomomola|Protect|p2a: Alomomola
|-singleturn|p2a: Alomomola|Protect
|move|p1a: Ludicolo|Energy Ball|p2a: Alomomola
|-activate|p2a: Alomomola|move: Protect
|
|-weather|RainDance|[upkeep]
|upkeep
|turn|14
|
|t:|1760762296
|move|p1a: Ludicolo|Energy Ball|p2a: Alomomola
|-supereffective|p2a: Alomomola
|-crit|p2a: Alomomola
|-damage|p2a: Alomomola|15/100
|move|p2a: Alomomola|Wish|p2a: Alomomola
|
|-weather|RainDance|[upkeep]
|upkeep
|turn|15
|
|t:|1760762305
|switch|p1a: Jirachi|Jirachi|100/100
|-damage|p1a: Jirachi|94/100|[from] Stealth Rock
|move|p2a: Alomomola|Protect||[still]
|-fail|p2a: Alomomola
|
|-weather|RainDance|[upkeep]
|-heal|p2a: Alomomola|65/100|[from] move: Wish|[wisher] Alomomola
|upkeep
|turn|16
|
|t:|1760762312
|move|p2a: Alomomola|Protect|p2a: Alomomola
|-singleturn|p2a: Alomomola|Protect
|move|p1a: Jirachi|Cosmic Power|p1a: Jirachi
|-boost|p1a: Jirachi|def|1
|-boost|p1a: Jirachi|spd|1
|
|-weather|RainDance|[upkeep]
|upkeep
|turn|17
|
|t:|1760762316
|move|p1a: Jirachi|Cosmic Power|p1a: Jirachi
|-boost|p1a: Jirachi|def|1
|-boost|p1a: Jirachi|spd|1
|move|p2a: Alomomola|Flip Turn|p1a: Jirachi
|-damage|p1a: Jirachi|83/100
|
|t:|1760762318
|switch|p2a: Sandy Shocks|Sandy Shocks, shiny|100/100|[from] Flip Turn
|-enditem|p2a: Sandy Shocks|Booster Energy
|-activate|p2a: Sandy Shocks|ability: Protosynthesis|[fromitem]
|-start|p2a: Sandy Shocks|protosynthesisspe
|
|-weather|none
|upkeep
|turn|18
|
|t:|1760762321
|move|p2a: Sandy Shocks|Earth Power|p1a: Jirachi
|-supereffective|p1a: Jirachi
|-damage|p1a: Jirachi|40/100
|-enditem|p1a: Jirachi|Weakness Policy
|-boost|p1a: Jirachi|atk|2|[from] item: Weakness Policy
|-boost|p1a: Jirachi|spa|2|[from] item: Weakness Policy
|move|p1a: Jirachi|Cosmic Power|p1a: Jirachi
|-boost|p1a: Jirachi|def|1
|-boost|p1a: Jirachi|spd|1
|
|upkeep
|turn|19
|
|t:|1760762328
|move|p2a: Sandy Shocks|Earth Power|p1a: Jirachi
|-supereffective|p1a: Jirachi
|-damage|p1a: Jirachi|9/100
|move|p1a: Jirachi|Stored Power|p2a: Sandy Shocks
|-damage|p2a: Sandy Shocks|0 fnt
|faint|p2a: Sandy Shocks
|-end|p2a: Sandy Shocks|Protosynthesis|[silent]
|
|upkeep
|
|t:|1760762333
|switch|p2a: Scizor|Scizor, F, shiny|100/100
|turn|20
|
|t:|1760762347
|move|p2a: Scizor|Bullet Punch|p1a: Jirachi
|-resisted|p1a: Jirachi
|-crit|p1a: Jirachi
|-damage|p1a: Jirachi|0 fnt
|faint|p1a: Jirachi
|
|upkeep
|
|t:|1760762356
|switch|p1a: Ludicolo|Ludicolo, F, tera:Water|53/100
|-damage|p1a: Ludicolo|41/100|[from] Stealth Rock
|-enditem|p1a: Ludicolo|Sitrus Berry|[eat]
|-heal|p1a: Ludicolo|66/100|[from] item: Sitrus Berry
|turn|21
|
|t:|1760762361
|move|p2a: Scizor|Bullet Punch|p1a: Ludicolo
|-resisted|p1a: Ludicolo
|-damage|p1a: Ludicolo|33/100
|move|p1a: Ludicolo|Rain Dance|p1a: Ludicolo
|-weather|RainDance
|
|-weather|RainDance|[upkeep]
|upkeep
|turn|22
|
|t:|1760762365
|move|p2a: Scizor|Bullet Punch|p1a: Ludicolo
|-resisted|p1a: Ludicolo
|-damage|p1a: Ludicolo|0 fnt
|faint|p1a: Ludicolo
|
|-weather|RainDance|[upkeep]
|upkeep
|
|t:|1760762368
|switch|p1a: Overqwil|Overqwil, F|100/100
|-damage|p1a: Overqwil|88/100|[from] Stealth Rock
|turn|23
|
|t:|1760762375
|move|p2a: Scizor|Bullet Punch|p1a: Overqwil
|-damage|p1a: Overqwil|29/100
|move|p1a: Overqwil|Swords Dance|p1a: Overqwil
|-boost|p1a: Overqwil|atk|2
|
|-weather|RainDance|[upkeep]
|upkeep
|turn|24
|
|t:|1760762378
|move|p2a: Scizor|Bullet Punch|p1a: Overqwil
|-damage|p1a: Overqwil|0 fnt
|faint|p1a: Overqwil
|
|win|player jack
|raw|IguanaKing12's rating: 1167 &rarr; <strong>1141</strong><br />(-26 for losing)
|raw|player jack's rating: 1160 &rarr; <strong>1186</strong><br />(+26 for winning)
|l|☆IguanaKing12
|player|p1|
|l|☆player jack
|player|p2|
