|j|☆wizardrex
|j|☆mozzohman
|t:|1760846879
|gametype|singles
|player|p1|wizardrex|169|1333
|player|p2|mozzohman|red|1329
|gen|9
|tier|[Gen 9] OU
|rated|
|rule|HP Percentage Mod: HP is shown in percentages
|rule|Endless Battle Clause: Forcing endless battles is banned
|rule|Species Clause: Limit one of each Pokémon
|rule|OHKO Clause: OHKO moves are banned
|rule|Evasion Items Clause: Evasion items are banned
|rule|Evasion Moves Clause: Evasion moves are banned
|rule|Evasion Abilities Clause: Evasion abilities are banned
|rule|Sleep Moves Clause: Sleep-inducing moves are banned
|clearpoke
|poke|p1|Iron Moth|
|poke|p1|Sinistcha|
|poke|p1|Primarina, F|
|poke|p1|Raging Bolt|
|poke|p1|Kingambit, M|
|poke|p1|Great Tusk|
|poke|p2|Serperior, F|
|poke|p2|Dragonite, M|
|poke|p2|Kingambit, M|
|poke|p2|Iron Moth|
|poke|p2|Iron Treads|
|poke|p2|Zamazenta-*|
|teampreview
|
|t:|1760846902
|teamsize|p1|6
|teamsize|p2|6
|start
|switch|p1a: Great Tusk|Great Tusk|100/100
|switch|p2a: Bob the Digger 3.0|Iron Treads|100/100
|-enditem|p2a: Bob the Digger 3.0|Booster Energy
|-activate|p2a: Bob the Digger 3.0|ability: Quark Drive|[fromitem]
|-start|p2a: Bob the Digger 3.0|quarkdrivespe
|-enditem|p1a: Great Tusk|Booster Energy
|-activate|p1a: Great Tusk|ability: Protosynthesis|[fromitem]
|-start|p1a: Great Tusk|protosynthesisspe
|turn|1
|
|t:|1760846911
|move|p2a: Bob the Digger 3.0|Stealth Rock|p1a: Great Tusk
|-sidestart|p1: wizardrex|move: Stealth Rock
|move|p1a: Great Tusk|Earthquake|p2a: Bob the Digger 3.0
|-supereffective|p2a: Bob the Digger 3.0
|-damage|p2a: Bob the Digger 3.0|24/100
|
|upkeep
|turn|2
|
|t:|1760846917
|move|p2a: Bob the Digger 3.0|Steel Beam|p1a: Great Tusk
|-damage|p1a: Great Tusk|35/100
|-damage|p2a: Bob the Digger 3.0|0 fnt|[from] steelbeam
|faint|p2a: Bob the Digger 3.0
|-end|p2a: Bob the Digger 3.0|Quark Drive|[silent]
|move|p1a: Great Tusk|Earthquake|p2: Bob the Digger 3.0|[notarget]
|-fail|p1a: Great Tusk
|
|upkeep
|
|t:|1760846952
|switch|p2a: Medeucea|Serperior, F|100/100
|turn|3
|
|t:|1760846955
|move|p1a: Great Tusk|Rapid Spin|p2a: Medeucea
|-damage|p2a: Medeucea|83/100
|-boost|p1a: Great Tusk|spe|1
|-damage|p1a: Great Tusk|18/100|[from] item: Rocky Helmet|[of] p2a: Medeucea
|-sideend|p1: wizardrex|Stealth Rock|[from] move: Rapid Spin|[of] p1a: Great Tusk
|move|p2a: Medeucea|Leaf Storm|p1a: Great Tusk
|-supereffective|p1a: Great Tusk
|-damage|p1a: Great Tusk|0 fnt
|-boost|p2a: Medeucea|spa|2
|faint|p1a: Great Tusk
|-end|p1a: Great Tusk|Protosynthesis|[silent]
|
|upkeep
|
|t:|1760846961
|switch|p1a: Iron Moth|Iron Moth|100/100
|-enditem|p1a: Iron Moth|Booster Energy
|-activate|p1a: Iron Moth|ability: Quark Drive|[fromitem]
|-start|p1a: Iron Moth|quarkdrivespe
|turn|4
|
|t:|1760846987
|switch|p2a: Zamazenta|Zamazenta|100/100
|-ability|p2a: Zamazenta|Dauntless Shield|boost
|-boost|p2a: Zamazenta|def|1
|move|p1a: Iron Moth|Fiery Dance|p2a: Zamazenta
|-damage|p2a: Zamazenta|67/100
|-boost|p1a: Iron Moth|spa|1
|
|-heal|p2a: Zamazenta|73/100|[from] item: Leftovers
|upkeep
|turn|5
|
|t:|1760847001
|move|p1a: Iron Moth|Dazzling Gleam|p2a: Zamazenta
|-supereffective|p2a: Zamazenta
|-damage|p2a: Zamazenta|5/100
|move|p2a: Zamazenta|Iron Defense|p2a: Zamazenta
|-boost|p2a: Zamazenta|def|2
|
|-heal|p2a: Zamazenta|12/100|[from] item: Leftovers
|upkeep
|turn|6
|
|t:|1760847022
|move|p1a: Iron Moth|Fiery Dance|p2a: Zamazenta
|-damage|p2a: Zamazenta|0 fnt
|faint|p2a: Zamazenta
|
|upkeep
|
|t:|1760847026
|switch|p2a: Bad Dragon 2|Dragonite, M|100/100
|turn|7
|
|t:|1760847033
|move|p1a: Iron Moth|Dazzling Gleam|p2a: Bad Dragon 2
|-supereffective|p2a: Bad Dragon 2
|-damage|p2a: Bad Dragon 2|60/100
|move|p2a: Bad Dragon 2|Dragon Dance|p2a: Bad Dragon 2
|-boost|p2a: Bad Dragon 2|atk|1
|-boost|p2a: Bad Dragon 2|spe|1
|
|upkeep
|turn|8
|
|t:|1760847044
|move|p2a: Bad Dragon 2|Extreme Speed|p1a: Iron Moth
|-damage|p1a: Iron Moth|30/100
|move|p1a: Iron Moth|Dazzling Gleam|p2a: Bad Dragon 2
|-supereffective|p2a: Bad Dragon 2
|-damage|p2a: Bad Dragon 2|0 fnt
|faint|p2a: Bad Dragon 2
|
|upkeep
|
|t:|1760847053
|switch|p2a: Spitroast|Iron Moth|100/100
|-enditem|p2a: Spitroast|Booster Energy
|-activate|p2a: Spitroast|ability: Quark Drive|[fromitem]
|-start|p2a: Spitroast|quarkdrivespe
|turn|9
|
|t:|1760847068
|move|p1a: Iron Moth|Fiery Dance|p2a: Spitroast
|-resisted|p2a: Spitroast
|-damage|p2a: Spitroast|68/100
|-boost|p1a: Iron Moth|spa|1
|move|p2a: Spitroast|Fiery Dance|p1a: Iron Moth
|-resisted|p1a: Iron Moth
|-damage|p1a: Iron Moth|11/100
|
|upkeep
|turn|10
|
|t:|1760847085
|move|p1a: Iron Moth|Sludge Wave|p2a: Spitroast
|-resisted|p2a: Spitroast
|-damage|p2a: Spitroast|18/100
|move|p2a: Spitroast|Fiery Dance|p1a: Iron Moth
|-resisted|p1a: Iron Moth
|-damage|p1a: Iron Moth|0 fnt
|-boost|p2a: Spitroast|spa|1
|faint|p1a: Iron Moth
|-end|p1a: Iron Moth|Quark Drive|[silent]
|
|upkeep
|
|t:|1760847091
|switch|p1a: Primarina|Primarina, F|100/100
|turn|11
|
|t:|1760847101
|-terastallize|p1a: Primarina|Steel
|move|p2a: Spitroast|Sludge Wave|p1a: Primarina
|-immune|p1a: Primarina
|move|p1a: Primarina|Surf|p2a: Spitroast
|-supereffective|p2a: Spitroast
|-damage|p2a: Spitroast|0 fnt
|faint|p2a: Spitroast
|-end|p2a: Spitroast|Quark Drive|[silent]
|
|upkeep
|
|t:|1760847108
|switch|p2a: Medeucea|Serperior, F|83/100
|turn|12
|
|t:|1760847111
|move|p2a: Medeucea|Leaf Storm|p1a: Primarina
|-resisted|p1a: Primarina
|-damage|p1a: Primarina|89/100
|-boost|p2a: Medeucea|spa|2
|move|p1a: Primarina|Moonblast|p2a: Medeucea
|-damage|p2a: Medeucea|16/100
|-boost|p2a: Medeucea|spa|1
|
|upkeep
|turn|13
|
|t:|1760847121
|move|p2a: Medeucea|Tera Blast|p1a: Primarina
|-resisted|p1a: Primarina
|-damage|p1a: Primarina|75/100
|move|p1a: Primarina|Moonblast|p2a: Medeucea
|-damage|p2a: Medeucea|0 fnt
|faint|p2a: Medeucea
|
|upkeep
|
|t:|1760847129
|switch|p2a: King Von|Kingambit, M|100/100
|-activate|p2a: King Von|ability: Supreme Overlord
|-start|p2a: King Von|fallen5|[silent]
|turn|14
|
|t:|1760847140
|move|p2a: King Von|Swords Dance|p2a: King Von
|-boost|p2a: King Von|atk|2
|move|p1a: Primarina|Surf|p2a: King Von
|-crit|p2a: King Von
|-damage|p2a: King Von|17/100
|
|-heal|p2a: King Von|23/100|[from] item: Leftovers
|upkeep
|turn|15
|
|t:|1760847147
|move|p2a: King Von|Sucker Punch|p1a: Primarina
|-damage|p1a: Primarina|0 fnt
|faint|p1a: Primarina
|
|-heal|p2a: King Von|29/100|[from] item: Leftovers
|upkeep
|
|t:|1760847151
|switch|p1a: Raging Bolt|Raging Bolt|100/100
|-enditem|p1a: Raging Bolt|Booster Energy
|-activate|p1a: Raging Bolt|ability: Protosynthesis|[fromitem]
|-start|p1a: Raging Bolt|protosynthesisspa
|turn|16
|
|t:|1760847160
|move|p1a: Raging Bolt|Thunderclap||[still]
|-fail|p1a: Raging Bolt
|move|p2a: King Von|Swords Dance|p2a: King Von
|-boost|p2a: King Von|atk|2
|
|-heal|p2a: King Von|35/100|[from] item: Leftovers
|upkeep
|turn|17
|inactive|Battle timer is ON: inactive players will automatically lose when time's up. (requested by wizardrex)
|
|t:|1760847185
|move|p2a: King Von|Sucker Punch|p1a: Raging Bolt
|-damage|p1a: Raging Bolt|0 fnt
|faint|p1a: Raging Bolt
|-end|p1a: Raging Bolt|Protosynthesis|[silent]
|
|-heal|p2a: King Von|42/100|[from] item: Leftovers
|upkeep
|
|t:|1760847189
|switch|p1a: Kingambit|Kingambit, M|100/100
|-activate|p1a: Kingambit|ability: Supreme Overlord
|-start|p1a: Kingambit|fallen4|[silent]
|turn|18
|
|t:|1760847212
|move|p2a: King Von|Kowtow Cleave|p1a: Kingambit
|-resisted|p1a: Kingambit
|-damage|p1a: Kingambit|19/100
|move|p1a: Kingambit|Iron Head|p2a: King Von
|-resisted|p2a: King Von
|-damage|p2a: King Von|12/100
|
|-heal|p2a: King Von|18/100|[from] item: Leftovers
|upkeep
|turn|19
|
|t:|1760847223
|move|p2a: King Von|Sucker Punch|p1a: Kingambit
|-resisted|p1a: Kingambit
|-damage|p1a: Kingambit|0 fnt
|faint|p1a: Kingambit
|-end|p1a: Kingambit|fallen4|[silent]
|
|-heal|p2a: King Von|24/100|[from] item: Leftovers
|upkeep
|
|t:|1760847226
|switch|p1a: Sinistcha|Sinistcha|100/100
|turn|20
|
|t:|1760847255
|move|p2a: King Von|Kowtow Cleave|p1a: Sinistcha
|-supereffective|p1a: Sinistcha
|-damage|p1a: Sinistcha|0 fnt
|faint|p1a: Sinistcha
|
|win|mozzohman
|raw|wizardrex's rating: 1353 &rarr; <strong>1332</strong><br />(-21 for losing)
|raw|mozzohman's rating: 1329 &rarr; <strong>1350</strong><br />(+21 for winning)
|l|☆wizardrex
|player|p1|
