|j|☆99steps_stuts
|j|☆flygonisdragon
|t:|1760761406
|gametype|singles
|player|p1|99steps_stuts|brycenman|1524
|player|p2|flygonisdragon|serena-masters|1648
|gen|9
|tier|[Gen 9] OU
|rated|
|rule|HP Percentage Mod: HP is shown in percentages
|rule|Endless Battle Clause: Forcing endless battles is banned
|rule|Species Clause: Limit one of each Pokémon
|rule|OHKO Clause: OHKO moves are banned
|rule|Evasion Items Clause: Evasion items are banned
|rule|Evasion Moves Clause: Evasion moves are banned
|rule|Evasion Abilities Clause: Evasion abilities are banned
|rule|Sleep Moves Clause: Sleep-inducing moves are banned
|clearpoke
|poke|p1|Clefable, F|
|poke|p1|Incineroar, M|
|poke|p1|Clodsire, F|
|poke|p1|Zapdos-Galar|
|poke|p1|Gholdengo|
|poke|p1|Dragapult, M|
|poke|p2|Heatran, M|
|poke|p2|Corviknight, M|
|poke|p2|Ursaluna, F|
|poke|p2|Clefable, M|
|poke|p2|Dragapult, M|
|poke|p2|Zamazenta-*|
|teampreview
|inactive|Battle timer is ON: inactive players will automatically lose when time's up. (requested by 99steps_stuts)
|
|t:|1760761423
|teamsize|p1|6
|teamsize|p2|6
|start
|switch|p1a: Gholdengo|Gholdengo, shiny|100/100
|switch|p2a: Heatran|Heatran, M|100/100
|-item|p1a: Gholdengo|Air Balloon
|turn|1
|
|t:|1760761431
|move|p1a: Gholdengo|Focus Blast|p2a: Heatran
|-supereffective|p2a: Heatran
|-damage|p2a: Heatran|39/100
|move|p2a: Heatran|Stealth Rock|p1a: Gholdengo
|-sidestart|p1: 99steps_stuts|move: Stealth Rock
|
|-heal|p2a: Heatran|45/100|[from] item: Leftovers
|upkeep
|turn|2
|
|t:|1760761435
|move|p1a: Gholdengo|Focus Blast|p2a: Heatran
|-supereffective|p2a: Heatran
|-damage|p2a: Heatran|0 fnt
|faint|p2a: Heatran
|
|upkeep
|
|t:|1760761440
|switch|p2a: Dragapult|Dragapult, M|100/100
|turn|3
|
|t:|1760761443
|move|p2a: Dragapult|U-turn|p1a: Gholdengo
|-resisted|p1a: Gholdengo
|-damage|p1a: Gholdengo|96/100
|-enditem|p1a: Gholdengo|Air Balloon
|inactive|flygonisdragon has 120 seconds left.
|
|t:|1760761477
|switch|p2a: Ursaluna|Ursaluna, F|100/100|[from] U-turn
|move|p1a: Gholdengo|Shadow Ball|p2a: Ursaluna
|-immune|p2a: Ursaluna|[from] ability: Bulletproof
|
|upkeep
|turn|4
|
|t:|1760761490
|move|p1a: Gholdengo|Make It Rain|p2a: Ursaluna
|-damage|p2a: Ursaluna|58/100
|-unboost|p1a: Gholdengo|spa|1
|move|p2a: Ursaluna|Headlong Rush|p1a: Gholdengo
|-supereffective|p1a: Gholdengo
|-damage|p1a: Gholdengo|0 fnt
|-unboost|p2a: Ursaluna|def|1
|-unboost|p2a: Ursaluna|spd|1
|faint|p1a: Gholdengo
|
|upkeep
|
|t:|1760761494
|switch|p1a: Zapdos|Zapdos-Galar, shiny|100/100
|-damage|p1a: Zapdos|88/100|[from] Stealth Rock
|turn|5
|
|t:|1760761503
|switch|p2a: Corviknight|Corviknight, M|100/100
|-ability|p2a: Corviknight|Pressure
|move|p1a: Zapdos|Bulk Up|p1a: Zapdos
|-boost|p1a: Zapdos|atk|1
|-boost|p1a: Zapdos|def|1
|
|upkeep
|turn|6
|
|t:|1760761508
|move|p1a: Zapdos|Thunderous Kick|p2a: Corviknight
|-damage|p2a: Corviknight|62/100
|-unboost|p2a: Corviknight|def|1
|-damage|p1a: Zapdos|72/100|[from] item: Rocky Helmet|[of] p2a: Corviknight
|move|p2a: Corviknight|Brave Bird|p1a: Zapdos
|-supereffective|p1a: Zapdos
|-damage|p1a: Zapdos|15/100
|-damage|p2a: Corviknight|47/100|[from] Recoil
|
|upkeep
|turn|7
|
|t:|1760761520
|switch|p2a: Dragapult|Dragapult, M|100/100
|move|p1a: Zapdos|Thunderous Kick|p2a: Dragapult
|-immune|p2a: Dragapult
|
|upkeep
|turn|8
|
|t:|1760761525
|switch|p1a: Incineroar|Incineroar, M, shiny|100/100
|-ability|p1a: Incineroar|Intimidate|boost
|-unboost|p2a: Dragapult|atk|1
|move|p2a: Dragapult|Shadow Ball|p1a: Incineroar
|-resisted|p1a: Incineroar
|-damage|p1a: Incineroar|76/100
|
|upkeep
|turn|9
|
|t:|1760761540
|switch|p2a: Corviknight|Corviknight, M|47/100
|-ability|p2a: Corviknight|Pressure
|move|p1a: Incineroar|Flare Blitz|p2a: Corviknight
|-supereffective|p2a: Corviknight
|-damage|p2a: Corviknight|0 fnt
|-damage|p1a: Incineroar|59/100|[from] item: Rocky Helmet|[of] p2a: Corviknight
|faint|p2a: Corviknight
|-damage|p1a: Incineroar|44/100|[from] Recoil
|
|upkeep
|
|t:|1760761545
|switch|p2a: Dragapult|Dragapult, M|100/100
|turn|10
|
|t:|1760761549
|switch|p1a: Quaqsire|Clodsire, F, shiny|100/100
|-damage|p1a: Quaqsire|94/100|[from] Stealth Rock
|move|p2a: Dragapult|U-turn|p1a: Quaqsire
|-resisted|p1a: Quaqsire
|-crit|p1a: Quaqsire
|-damage|p1a: Quaqsire|81/100
|
|t:|1760761552
|switch|p2a: Ursaluna|Ursaluna, F|58/100|[from] U-turn
|
|-heal|p1a: Quaqsire|87/100|[from] item: Black Sludge
|upkeep
|turn|11
|
|t:|1760761558
|move|p2a: Ursaluna|Ice Punch|p1a: Quaqsire
|-supereffective|p1a: Quaqsire
|-damage|p1a: Quaqsire|22/100
|move|p1a: Quaqsire|Stealth Rock|p2a: Ursaluna
|-sidestart|p2: flygonisdragon|move: Stealth Rock
|
|-heal|p1a: Quaqsire|28/100|[from] item: Black Sludge
|upkeep
|turn|12
|
|t:|1760761565
|switch|p1a: Incineroar|Incineroar, M, shiny|44/100
|-ability|p1a: Incineroar|Intimidate|boost
|-unboost|p2a: Ursaluna|atk|1
|move|p2a: Ursaluna|Ice Punch|p1a: Incineroar
|-resisted|p1a: Incineroar
|-damage|p1a: Incineroar|34/100
|
|upkeep
|turn|13
|
|t:|1760761588
|switch|p2a: Dragapult|Dragapult, M|100/100
|-damage|p2a: Dragapult|88/100|[from] Stealth Rock
|move|p1a: Incineroar|Knock Off|p2a: Dragapult
|-supereffective|p2a: Dragapult
|-damage|p2a: Dragapult|0 fnt
|-enditem|p2a: Dragapult|Choice Specs|[from] move: Knock Off|[of] p1a: Incineroar
|faint|p2a: Dragapult
|
|upkeep
|
|t:|1760761593
|switch|p2a: Ursaluna|Ursaluna, F|58/100
|-damage|p2a: Ursaluna|51/100|[from] Stealth Rock
|turn|14
|
|t:|1760761607
|move|p1a: Incineroar|Knock Off|p2a: Ursaluna
|-damage|p2a: Ursaluna|14/100
|-enditem|p2a: Ursaluna|Assault Vest|[from] move: Knock Off|[of] p1a: Incineroar
|move|p2a: Ursaluna|Supercell Slam|p1a: Incineroar
|-damage|p1a: Incineroar|0 fnt
|faint|p1a: Incineroar
|
|upkeep
|
|t:|1760761617
|switch|p1a: Dragapult|Dragapult, M|100/100
|turn|15
|
|t:|1760761628
|move|p1a: Dragapult|Dragon Darts|p2a: Ursaluna
|-crit|p2a: Ursaluna
|-damage|p2a: Ursaluna|0 fnt
|faint|p2a: Ursaluna
|
|upkeep
|
|t:|1760761639
|switch|p2a: Clefable|Clefable, M|100/100
|turn|16
|
|t:|1760761643
|move|p1a: Dragapult|U-turn|p2a: Clefable
|-resisted|p2a: Clefable
|-damage|p2a: Clefable|91/100
|
|t:|1760761645
|switch|p1a: Quaqsire|Clodsire, F, shiny|28/100|[from] U-turn
|-damage|p1a: Quaqsire|22/100|[from] Stealth Rock
|move|p2a: Clefable|Moonblast|p1a: Quaqsire
|-resisted|p1a: Quaqsire
|-damage|p1a: Quaqsire|13/100
|
|-heal|p1a: Quaqsire|19/100|[from] item: Black Sludge
|upkeep
|turn|17
|
|t:|1760761651
|move|p2a: Clefable|Moonblast|p1a: Quaqsire
|-resisted|p1a: Quaqsire
|-damage|p1a: Quaqsire|10/100
|-unboost|p1a: Quaqsire|spa|1
|move|p1a: Quaqsire|Recover|p1a: Quaqsire
|-heal|p1a: Quaqsire|60/100
|
|-heal|p1a: Quaqsire|66/100|[from] item: Black Sludge
|upkeep
|turn|18
|
|t:|1760761657
|move|p2a: Clefable|Calm Mind|p2a: Clefable
|-boost|p2a: Clefable|spa|1
|-boost|p2a: Clefable|spd|1
|move|p1a: Quaqsire|Gunk Shot|p2a: Clefable
|-supereffective|p2a: Clefable
|-damage|p2a: Clefable|43/100
|
|-heal|p1a: Quaqsire|72/100|[from] item: Black Sludge
|upkeep
|turn|19
|
|t:|1760761664
|move|p2a: Clefable|Moonlight|p2a: Clefable
|-heal|p2a: Clefable|93/100
|move|p1a: Quaqsire|Gunk Shot|p2a: Clefable
|-supereffective|p2a: Clefable
|-damage|p2a: Clefable|44/100
|
|-heal|p1a: Quaqsire|78/100|[from] item: Black Sludge
|upkeep
|turn|20
|
|t:|1760761672
|move|p2a: Clefable|Moonlight|p2a: Clefable
|-heal|p2a: Clefable|94/100
|move|p1a: Quaqsire|Gunk Shot|p2a: Clefable
|-supereffective|p2a: Clefable
|-damage|p2a: Clefable|42/100
|
|-heal|p1a: Quaqsire|84/100|[from] item: Black Sludge
|upkeep
|turn|21
|
|t:|1760761675
|move|p2a: Clefable|Moonlight|p2a: Clefable
|-heal|p2a: Clefable|92/100
|move|p1a: Quaqsire|Gunk Shot|p2a: Clefable
|-supereffective|p2a: Clefable
|-damage|p2a: Clefable|45/100
|
|-heal|p1a: Quaqsire|90/100|[from] item: Black Sludge
|upkeep
|turn|22
|
|t:|1760761680
|move|p2a: Clefable|Moonlight|p2a: Clefable
|-heal|p2a: Clefable|95/100
|move|p1a: Quaqsire|Gunk Shot|p2a: Clefable
|-supereffective|p2a: Clefable
|-crit|p2a: Clefable
|-damage|p2a: Clefable|17/100
|
|-heal|p1a: Quaqsire|96/100|[from] item: Black Sludge
|upkeep
|turn|23
|c|☆99steps_stuts|no poison
|
|t:|1760761689
|move|p2a: Clefable|Moonlight|p2a: Clefable
|-heal|p2a: Clefable|67/100
|move|p1a: Quaqsire|Gunk Shot|p2a: Clefable
|-supereffective|p2a: Clefable
|-damage|p2a: Clefable|15/100
|
|-heal|p1a: Quaqsire|100/100|[from] item: Black Sludge
|upkeep
|turn|24
|
|t:|1760761694
|move|p2a: Clefable|Moonlight|p2a: Clefable
|-heal|p2a: Clefable|65/100
|move|p1a: Quaqsire|Gunk Shot|p2a: Clefable
|-supereffective|p2a: Clefable
|-damage|p2a: Clefable|14/100
|
|upkeep
|turn|25
|
|t:|1760761696
|move|p2a: Clefable|Moonlight|p2a: Clefable
|-heal|p2a: Clefable|64/100
|move|p1a: Quaqsire|Gunk Shot|p2a: Clefable
|-supereffective|p2a: Clefable
|-damage|p2a: Clefable|14/100
|-status|p2a: Clefable|psn
|
|-damage|p2a: Clefable|2/100 psn|[from] psn
|upkeep
|turn|26
|
|t:|1760761710
|move|p2a: Clefable|Thunder Wave|p1a: Quaqsire
|-immune|p1a: Quaqsire
|move|p1a: Quaqsire|Earthquake|p2a: Clefable
|-damage|p2a: Clefable|0 fnt
|faint|p2a: Clefable
|
|upkeep
|
|t:|1760761712
|switch|p2a: Zamazenta|Zamazenta|100/100
|-damage|p2a: Zamazenta|94/100|[from] Stealth Rock
|-ability|p2a: Zamazenta|Dauntless Shield|boost
|-boost|p2a: Zamazenta|def|1
|turn|27
|
|t:|1760761717
|switch|p1a: Dragapult|Dragapult, M|100/100
|move|p2a: Zamazenta|Substitute|p2a: Zamazenta
|-start|p2a: Zamazenta|Substitute
|-damage|p2a: Zamazenta|69/100
|
|-heal|p2a: Zamazenta|75/100|[from] item: Leftovers
|upkeep
|turn|28
|
|t:|1760761720
|move|p1a: Dragapult|Will-O-Wisp|p2a: Zamazenta
|-status|p2a: Zamazenta|brn
|move|p2a: Zamazenta|Crunch|p1a: Dragapult
|-supereffective|p1a: Dragapult
|-damage|p1a: Dragapult|73/100
|
|-heal|p2a: Zamazenta|82/100 brn|[from] item: Leftovers
|-damage|p2a: Zamazenta|75/100 brn|[from] brn
|upkeep
|turn|29
|
|t:|1760761723
|move|p1a: Dragapult|Hex|p2a: Zamazenta
|-crit|p2a: Zamazenta
|-damage|p2a: Zamazenta|23/100 brn
|move|p2a: Zamazenta|Crunch|p1a: Dragapult
|-supereffective|p1a: Dragapult
|-crit|p1a: Dragapult
|-damage|p1a: Dragapult|27/100
|
|-heal|p2a: Zamazenta|29/100 brn|[from] item: Leftovers
|-damage|p2a: Zamazenta|23/100 brn|[from] brn
|upkeep
|turn|30
|
|t:|1760761725
|move|p1a: Dragapult|Hex|p2a: Zamazenta
|-damage|p2a: Zamazenta|0 fnt
|faint|p2a: Zamazenta
|
|win|99steps_stuts
|raw|99steps_stuts's rating: 1524 &rarr; <strong>1551</strong><br />(+27 for winning)
|raw|flygonisdragon's rating: 1648 &rarr; <strong>1621</strong><br />(-27 for losing)
|l|☆99steps_stuts
|player|p1|
|l|☆flygonisdragon
|player|p2|
