|j|☆synergies
|j|☆solstic3
|t:|1760725869
|gametype|singles
|player|p1|synergies|dancer|1715
|player|p2|solstic3|170|1620
|gen|9
|tier|[Gen 9] OU
|rated|
|rule|HP Percentage Mod: HP is shown in percentages
|rule|Endless Battle Clause: Forcing endless battles is banned
|rule|Species Clause: Limit one of each Pokémon
|rule|OHKO Clause: OHKO moves are banned
|rule|Evasion Items Clause: Evasion items are banned
|rule|Evasion Moves Clause: Evasion moves are banned
|rule|Evasion Abilities Clause: Evasion abilities are banned
|rule|Sleep Moves Clause: Sleep-inducing moves are banned
|clearpoke
|poke|p1|Rillaboom, M|
|poke|p1|Ninetales, M|
|poke|p1|Heatran, F|
|poke|p1|Walking Wake|
|poke|p1|Great Tusk|
|poke|p1|Venusaur, F|
|poke|p2|Tornadus-Therian, M|
|poke|p2|Slowking-Galar, M|
|poke|p2|Great Tusk|
|poke|p2|Kyurem|
|poke|p2|Darkrai|
|poke|p2|Corviknight, M|
|teampreview
|inactive|Battle timer is ON: inactive players will automatically lose when time's up. (requested by solstic3)
|
|t:|1760725880
|teamsize|p1|6
|teamsize|p2|6
|start
|switch|p1a: Rillaboom|Rillaboom, M|100/100
|switch|p2a: Slowking|Slowking-Galar, M|100/100
|-fieldstart|move: Grassy Terrain|[from] ability: Grassy Surge|[of] p1a: Rillaboom
|turn|1
|
|t:|1760725884
|switch|p2a: Corviknight|Corviknight, M|100/100
|-ability|p2a: Corviknight|Pressure
|move|p1a: Rillaboom|Knock Off|p2a: Corviknight
|-damage|p2a: Corviknight|78/100
|-damage|p1a: Rillaboom|84/100|[from] item: Rocky Helmet|[of] p2a: Corviknight
|-enditem|p2a: Corviknight|Rocky Helmet|[from] move: Knock Off|[of] p1a: Rillaboom
|
|-heal|p1a: Rillaboom|90/100|[from] Grassy Terrain
|upkeep
|turn|2
|
|t:|1760725888
|move|p1a: Rillaboom|U-turn|p2a: Corviknight
|-resisted|p2a: Corviknight
|-damage|p2a: Corviknight|74/100
|
|t:|1760725890
|switch|p1a: Ninetales|Ninetales, M|100/100|[from] U-turn
|-weather|SunnyDay|[from] ability: Drought|[of] p1a: Ninetales
|move|p2a: Corviknight|U-turn|p1a: Ninetales
|-resisted|p1a: Ninetales
|-damage|p1a: Ninetales|91/100
|
|t:|1760725892
|switch|p2a: Slowking|Slowking-Galar, M|100/100|[from] U-turn
|
|-weather|SunnyDay|[upkeep]
|-heal|p1a: Ninetales|97/100|[from] Grassy Terrain
|upkeep
|turn|3
|
|t:|1760725902
|switch|p1a: Rillaboom|Rillaboom, M|90/100
|-prepare|p2a: Slowking|Chilly Reception|[premajor]
|move|p2a: Slowking|Chilly Reception|p2a: Slowking
|-weather|Snowscape
|
|t:|1760725905
|switch|p2a: Kyurem|Kyurem|100/100|[from] Chilly Reception
|-ability|p2a: Kyurem|Pressure
|
|-weather|Snowscape|[upkeep]
|-heal|p1a: Rillaboom|96/100|[from] Grassy Terrain
|upkeep
|turn|4
|
|t:|1760725911
|switch|p1a: Heatran|Heatran, F|100/100
|move|p2a: Kyurem|Protect||[still]
|-fail|p2a: Kyurem
|
|-weather|Snowscape|[upkeep]
|upkeep
|turn|5
|
|t:|1760725925
|switch|p1a: Ninetales|Ninetales, M|97/100
|-weather|SunnyDay|[from] ability: Drought|[of] p1a: Ninetales
|move|p2a: Kyurem|Substitute|p2a: Kyurem
|-start|p2a: Kyurem|Substitute
|-damage|p2a: Kyurem|76/100
|
|-weather|SunnyDay|[upkeep]
|-heal|p1a: Ninetales|100/100|[from] Grassy Terrain
|-heal|p2a: Kyurem|82/100|[from] Grassy Terrain
|-heal|p2a: Kyurem|88/100|[from] item: Leftovers
|upkeep
|turn|6
|
|t:|1760725933
|move|p2a: Kyurem|Protect|p2a: Kyurem
|-singleturn|p2a: Kyurem|Protect
|move|p1a: Ninetales|Encore|p2a: Kyurem
|-activate|p2a: Kyurem|move: Protect
|
|-weather|SunnyDay|[upkeep]
|-heal|p2a: Kyurem|94/100|[from] Grassy Terrain
|-heal|p2a: Kyurem|99/100|[from] item: Leftovers
|upkeep
|turn|7
|
|t:|1760725938
|move|p2a: Kyurem|Protect||[still]
|-fail|p2a: Kyurem
|move|p1a: Ninetales|Encore|p2a: Kyurem
|-start|p2a: Kyurem|Encore
|
|-weather|SunnyDay|[upkeep]
|-heal|p2a: Kyurem|100/100|[from] Grassy Terrain
|upkeep
|turn|8
|
|t:|1760725959
|switch|p1a: Venusaur|Venusaur, F|100/100
|switch|p2a: Slowking|Slowking-Galar, M|100/100
|
|-weather|SunnyDay|[upkeep]
|-fieldend|move: Grassy Terrain
|upkeep
|turn|9
|
|t:|1760725973
|switch|p1a: Heatran|Heatran, F|100/100
|-prepare|p2a: Slowking|Chilly Reception|[premajor]
|move|p2a: Slowking|Chilly Reception|p2a: Slowking
|-weather|Snowscape
|
|t:|1760725976
|switch|p2a: Kyurem|Kyurem|100/100|[from] Chilly Reception
|-ability|p2a: Kyurem|Pressure
|
|-weather|Snowscape|[upkeep]
|upkeep
|turn|10
|
|t:|1760725988
|switch|p1a: Ninetales|Ninetales, M|100/100
|-weather|SunnyDay|[from] ability: Drought|[of] p1a: Ninetales
|move|p2a: Kyurem|Substitute|p2a: Kyurem
|-start|p2a: Kyurem|Substitute
|-damage|p2a: Kyurem|76/100
|
|-weather|SunnyDay|[upkeep]
|-heal|p2a: Kyurem|82/100|[from] item: Leftovers
|upkeep
|turn|11
|
|t:|1760725995
|move|p2a: Kyurem|Protect|p2a: Kyurem
|-singleturn|p2a: Kyurem|Protect
|move|p1a: Ninetales|Encore|p2a: Kyurem
|-activate|p2a: Kyurem|move: Protect
|
|-weather|SunnyDay|[upkeep]
|-heal|p2a: Kyurem|88/100|[from] item: Leftovers
|upkeep
|turn|12
|
|t:|1760726001
|move|p1a: Ninetales|Encore|p2a: Kyurem
|-start|p2a: Kyurem|Encore
|move|p2a: Kyurem|Protect||[still]
|-fail|p2a: Kyurem
|
|-weather|SunnyDay|[upkeep]
|-heal|p2a: Kyurem|94/100|[from] item: Leftovers
|upkeep
|turn|13
|
|t:|1760726006
|switch|p1a: Heatran|Heatran, F|100/100
|switch|p2a: Slowking|Slowking-Galar, M|100/100
|
|-weather|SunnyDay|[upkeep]
|upkeep
|turn|14
|
|t:|1760726010
|move|p1a: Heatran|Taunt|p2a: Slowking
|-start|p2a: Slowking|move: Taunt
|-prepare|p2a: Slowking|Chilly Reception|[premajor]
|cant|p2a: Slowking|move: Taunt|Chilly Reception
|
|-weather|SunnyDay|[upkeep]
|upkeep
|turn|15
|
|t:|1760726018
|switch|p2a: Kyurem|Kyurem|94/100
|-ability|p2a: Kyurem|Pressure
|move|p1a: Heatran|Overheat|p2a: Kyurem
|-damage|p2a: Kyurem|0 fnt
|-unboost|p1a: Heatran|spa|2
|faint|p2a: Kyurem
|-enditem|p1a: Heatran|Eject Pack
|
|t:|1760726026
|switch|p1a: Walking Wake|Walking Wake|100/100
|-activate|p1a: Walking Wake|ability: Protosynthesis
|-start|p1a: Walking Wake|protosynthesisspe
|
|-weather|SunnyDay|[upkeep]
|upkeep
|
|t:|1760726030
|switch|p2a: Slowking|Slowking-Galar, M|100/100
|turn|16
|
|t:|1760726037
|move|p1a: Walking Wake|Flip Turn|p2a: Slowking
|-damage|p2a: Slowking|92/100
|
|t:|1760726040
|-end|p1a: Walking Wake|Protosynthesis|[silent]
|switch|p1a: Heatran|Heatran, F|100/100|[from] Flip Turn
|move|p2a: Slowking|Trick|p1a: Heatran
|-activate|p2a: Slowking|move: Trick|[of] p1a: Heatran
|-item|p1a: Heatran|Black Sludge|[from] move: Trick
|-enditem|p2a: Slowking|Black Sludge|[silent]|[from] move: Trick
|
|-weather|SunnyDay|[upkeep]
|-damage|p1a: Heatran|88/100|[from] item: Black Sludge
|upkeep
|turn|17
|
|t:|1760726048
|switch|p2a: Great Tusk|Great Tusk|100/100
|-activate|p2a: Great Tusk|ability: Protosynthesis
|-start|p2a: Great Tusk|protosynthesisatk
|move|p1a: Heatran|Taunt|p2a: Great Tusk
|-start|p2a: Great Tusk|move: Taunt
|
|-weather|none
|-end|p2a: Great Tusk|Protosynthesis
|-damage|p1a: Heatran|76/100|[from] item: Black Sludge
|upkeep
|turn|18
|
|t:|1760726056
|switch|p1a: Rillaboom|Rillaboom, M|96/100
|-fieldstart|move: Grassy Terrain|[from] ability: Grassy Surge|[of] p1a: Rillaboom
|move|p2a: Great Tusk|Ice Spinner|p1a: Rillaboom
|-supereffective|p1a: Rillaboom
|-damage|p1a: Rillaboom|39/100
|-fieldend|move: Grassy Terrain
|
|upkeep
|turn|19
|
|t:|1760726072
|-end|p2a: Great Tusk|Protosynthesis|[silent]
|switch|p2a: Slowking|Slowking-Galar, M|100/100
|switch|p1a: Great Tusk|Great Tusk|100/100
|
|upkeep
|turn|20
|
|t:|1760726079
|switch|p2a: Tornadus|Tornadus-Therian, M|100/100
|move|p1a: Great Tusk|Headlong Rush|p2a: Tornadus
|-immune|p2a: Tornadus
|
|upkeep
|turn|21
|
|t:|1760726085
|-end|p1a: Great Tusk|Protosynthesis|[silent]
|switch|p1a: Ninetales|Ninetales, M|100/100
|-weather|SunnyDay|[from] ability: Drought|[of] p1a: Ninetales
|move|p2a: Tornadus|Nasty Plot|p2a: Tornadus
|-boost|p2a: Tornadus|spa|2
|
|-weather|SunnyDay|[upkeep]
|upkeep
|turn|22
|j| Aldan.EX
|
|t:|1760726106
|switch|p1a: Heatran|Heatran, F|76/100
|move|p2a: Tornadus|Bleakwind Storm|p1a: Heatran
|-resisted|p1a: Heatran
|-damage|p1a: Heatran|16/100
|-damage|p2a: Tornadus|91/100|[from] item: Life Orb
|
|-weather|SunnyDay|[upkeep]
|-damage|p1a: Heatran|4/100|[from] item: Black Sludge
|upkeep
|turn|23
|
|t:|1760726115
|move|p2a: Tornadus|Dark Pulse|p1a: Heatran
|-damage|p1a: Heatran|0 fnt
|faint|p1a: Heatran
|-damage|p2a: Tornadus|81/100|[from] item: Life Orb
|
|-weather|SunnyDay|[upkeep]
|upkeep
|
|t:|1760726118
|switch|p1a: Walking Wake|Walking Wake|100/100
|-activate|p1a: Walking Wake|ability: Protosynthesis
|-start|p1a: Walking Wake|protosynthesisspe
|turn|24
|
|t:|1760726124
|switch|p2a: Slowking|Slowking-Galar, M|100/100
|-terastallize|p1a: Walking Wake|Water
|move|p1a: Walking Wake|Hydro Steam|p2a: Slowking
|-damage|p2a: Slowking|28/100
|
|-weather|SunnyDay|[upkeep]
|upkeep
|turn|25
|
|t:|1760726141
|switch|p2a: Corviknight|Corviknight, M|74/100
|-ability|p2a: Corviknight|Pressure
|move|p1a: Walking Wake|Hydro Steam|p2a: Corviknight
|-damage|p2a: Corviknight|0 fnt
|faint|p2a: Corviknight
|
|-weather|SunnyDay|[upkeep]
|upkeep
|
|t:|1760726149
|switch|p2a: Slowking|Slowking-Galar, M|61/100
|turn|26
|
|t:|1760726153
|-terastallize|p2a: Slowking|Water
|move|p1a: Walking Wake|Hydro Steam|p2a: Slowking
|-resisted|p2a: Slowking
|-damage|p2a: Slowking|28/100
|-prepare|p2a: Slowking|Chilly Reception|[premajor]
|move|p2a: Slowking|Chilly Reception|p2a: Slowking
|-weather|Snowscape
|-end|p1a: Walking Wake|Protosynthesis
|
|t:|1760726156
|switch|p2a: Darkrai|Darkrai|100/100|[from] Chilly Reception
|
|-weather|Snowscape|[upkeep]
|upkeep
|turn|27
|
|t:|1760726174
|switch|p2a: Slowking|Slowking-Galar, M, tera:Water|62/100
|-end|p1a: Walking Wake|Protosynthesis|[silent]
|switch|p1a: Ninetales|Ninetales, M|100/100
|-weather|SunnyDay|[from] ability: Drought|[of] p1a: Ninetales
|
|-weather|SunnyDay|[upkeep]
|upkeep
|turn|28
|
|t:|1760726181
|switch|p1a: Rillaboom|Rillaboom, M|39/100
|-fieldstart|move: Grassy Terrain|[from] ability: Grassy Surge|[of] p1a: Rillaboom
|-prepare|p2a: Slowking|Chilly Reception|[premajor]
|move|p2a: Slowking|Chilly Reception|p2a: Slowking
|-weather|Snowscape
|
|t:|1760726194
|switch|p2a: Tornadus|Tornadus-Therian, M|100/100|[from] Chilly Reception
|
|-weather|Snowscape|[upkeep]
|-heal|p1a: Rillaboom|46/100|[from] Grassy Terrain
|upkeep
|turn|29
|
|t:|1760726207
|switch|p1a: Ninetales|Ninetales, M|100/100
|-weather|SunnyDay|[from] ability: Drought|[of] p1a: Ninetales
|move|p2a: Tornadus|Bleakwind Storm|p1a: Ninetales
|-damage|p1a: Ninetales|40/100
|-damage|p2a: Tornadus|91/100|[from] item: Life Orb
|
|-weather|SunnyDay|[upkeep]
|-heal|p1a: Ninetales|46/100|[from] Grassy Terrain
|upkeep
|turn|30
|
|t:|1760726218
|switch|p1a: Walking Wake|Walking Wake, tera:Water|100/100
|-activate|p1a: Walking Wake|ability: Protosynthesis
|-start|p1a: Walking Wake|protosynthesisspe
|move|p2a: Tornadus|Bleakwind Storm|p1a: Walking Wake
|-damage|p1a: Walking Wake|34/100
|-damage|p2a: Tornadus|81/100|[from] item: Life Orb
|
|-weather|SunnyDay|[upkeep]
|-heal|p1a: Walking Wake|41/100|[from] Grassy Terrain
|upkeep
|turn|31
|
|t:|1760726229
|switch|p2a: Slowking|Slowking-Galar, M, tera:Water|95/100
|move|p1a: Walking Wake|Flip Turn|p2a: Slowking
|-resisted|p2a: Slowking
|-damage|p2a: Slowking|90/100
|
|t:|1760726234
|-end|p1a: Walking Wake|Protosynthesis|[silent]
|switch|p1a: Venusaur|Venusaur, F|100/100|[from] Flip Turn
|
|-weather|SunnyDay|[upkeep]
|-heal|p2a: Slowking|96/100|[from] Grassy Terrain
|upkeep
|turn|32
|
|t:|1760726242
|move|p1a: Venusaur|Solar Beam||[still]
|-prepare|p1a: Venusaur|Solar Beam
|-anim|p1a: Venusaur|Solar Beam|p2a: Slowking
|-supereffective|p2a: Slowking
|-damage|p2a: Slowking|0 fnt
|faint|p2a: Slowking
|-damage|p1a: Venusaur|91/100|[from] item: Life Orb
|
|-weather|SunnyDay|[upkeep]
|-heal|p1a: Venusaur|97/100|[from] Grassy Terrain
|upkeep
|
|t:|1760726250
|switch|p2a: Tornadus|Tornadus-Therian, M|100/100
|turn|33
|
|t:|1760726264
|switch|p1a: Rillaboom|Rillaboom, M|46/100
|move|p2a: Tornadus|Bleakwind Storm|p1a: Rillaboom
|-supereffective|p1a: Rillaboom
|-damage|p1a: Rillaboom|0 fnt
|faint|p1a: Rillaboom
|-damage|p2a: Tornadus|91/100|[from] item: Life Orb
|
|-weather|SunnyDay|[upkeep]
|upkeep
|
|t:|1760726266
|switch|p1a: Walking Wake|Walking Wake, tera:Water|41/100
|-activate|p1a: Walking Wake|ability: Protosynthesis
|-start|p1a: Walking Wake|protosynthesisspe
|turn|34
|
|t:|1760726278
|move|p1a: Walking Wake|Hydro Steam|p2a: Tornadus
|-damage|p2a: Tornadus|0 fnt
|faint|p2a: Tornadus
|
|-weather|SunnyDay|[upkeep]
|-heal|p1a: Walking Wake|47/100|[from] Grassy Terrain
|upkeep
|
|t:|1760726280
|switch|p2a: Darkrai|Darkrai|100/100
|turn|35
|
|t:|1760726283
|move|p2a: Darkrai|Sucker Punch|p1a: Walking Wake
|-damage|p1a: Walking Wake|14/100
|move|p1a: Walking Wake|Hydro Steam|p2a: Darkrai
|-damage|p2a: Darkrai|0 fnt
|faint|p2a: Darkrai
|
|-weather|SunnyDay|[upkeep]
|-heal|p1a: Walking Wake|20/100|[from] Grassy Terrain
|-fieldend|move: Grassy Terrain
|upkeep
|-message|solstic3 forfeited.
|
|win|synergies
|raw|synergies's rating: 1715 &rarr; <strong>1730</strong><br />(+15 for winning)
|raw|solstic3's rating: 1620 &rarr; <strong>1605</strong><br />(-15 for losing)
|l|☆solstic3
|player|p2|
|l|☆synergies
|player|p1|
