|j|☆kabutopzboy
|j|☆lesulie
|t:|1760765415
|gametype|singles
|player|p1|kabutopzboy|acetrainer-gen4|1189
|player|p2|lesulie|rosa|1112
|gen|9
|tier|[Gen 9] OU
|rated|
|rule|HP Percentage Mod: HP is shown in percentages
|rule|Endless Battle Clause: Forcing endless battles is banned
|rule|Species Clause: Limit one of each Pokémon
|rule|OHKO Clause: OHKO moves are banned
|rule|Evasion Items Clause: Evasion items are banned
|rule|Evasion Moves Clause: Evasion moves are banned
|rule|Evasion Abilities Clause: Evasion abilities are banned
|rule|Sleep Moves Clause: Sleep-inducing moves are banned
|clearpoke
|poke|p1|Dragapult, F|
|poke|p1|Great Tusk|
|poke|p1|Zangoose, M|
|poke|p1|Cinderace, M|
|poke|p1|Zapdos|
|poke|p1|Clodsire, M|
|poke|p2|Landorus-Therian, M|
|poke|p2|Sinistcha|
|poke|p2|Tinkaton, F|
|poke|p2|Moltres|
|poke|p2|Samurott-Hisui, M|
|poke|p2|Hydreigon, M|
|teampreview
|
|t:|1760765431
|teamsize|p1|6
|teamsize|p2|6
|start
|switch|p1a: Great Tusk|Great Tusk|100/100
|switch|p2a: Smile.exe|Tinkaton, F, shiny|100/100
|-item|p2a: Smile.exe|Air Balloon
|-enditem|p1a: Great Tusk|Booster Energy
|-activate|p1a: Great Tusk|ability: Protosynthesis|[fromitem]
|-start|p1a: Great Tusk|protosynthesisspe
|turn|1
|
|t:|1760765443
|move|p1a: Great Tusk|Bulk Up|p1a: Great Tusk
|-boost|p1a: Great Tusk|atk|1
|-boost|p1a: Great Tusk|def|1
|move|p2a: Smile.exe|Stealth Rock|p1a: Great Tusk
|-sidestart|p1: kabutopzboy|move: Stealth Rock
|
|upkeep
|turn|2
|
|t:|1760765457
|-terastallize|p2a: Smile.exe|Ice
|move|p1a: Great Tusk|Rapid Spin|p2a: Smile.exe
|-damage|p2a: Smile.exe|71/100
|-boost|p1a: Great Tusk|spe|1
|-enditem|p2a: Smile.exe|Air Balloon
|-sideend|p1: kabutopzboy|Stealth Rock|[from] move: Rapid Spin|[of] p1a: Great Tusk
|move|p2a: Smile.exe|Ice Hammer|p1a: Great Tusk
|-supereffective|p1a: Great Tusk
|-damage|p1a: Great Tusk|73/100
|-unboost|p2a: Smile.exe|spe|1
|
|upkeep
|turn|3
|
|t:|1760765472
|move|p1a: Great Tusk|Headlong Rush|p2a: Smile.exe
|-damage|p2a: Smile.exe|0 fnt
|-unboost|p1a: Great Tusk|def|1
|-unboost|p1a: Great Tusk|spd|1
|faint|p2a: Smile.exe
|
|upkeep
|
|t:|1760765489
|switch|p2a: Sagittarius|Sinistcha, shiny|100/100
|turn|4
|
|t:|1760765496
|-terastallize|p1a: Great Tusk|Ice
|move|p1a: Great Tusk|Ice Spinner|p2a: Sagittarius
|-supereffective|p2a: Sagittarius
|-damage|p2a: Sagittarius|29/100
|move|p2a: Sagittarius|Calm Mind|p2a: Sagittarius
|-boost|p2a: Sagittarius|spa|1
|-boost|p2a: Sagittarius|spd|1
|
|upkeep
|turn|5
|
|t:|1760765505
|switch|p2a: Jack Sparrow|Samurott-Hisui, M, shiny|100/100
|move|p1a: Great Tusk|Ice Spinner|p2a: Jack Sparrow
|-resisted|p2a: Jack Sparrow
|-damage|p2a: Jack Sparrow|68/100
|
|upkeep
|turn|6
|
|t:|1760765514
|move|p1a: Great Tusk|Headlong Rush|p2a: Jack Sparrow
|-damage|p2a: Jack Sparrow|0 fnt
|-unboost|p1a: Great Tusk|def|1
|-unboost|p1a: Great Tusk|spd|1
|faint|p2a: Jack Sparrow
|
|upkeep
|
|t:|1760765522
|switch|p2a: Phoenix|Moltres, shiny|100/100
|turn|7
|
|t:|1760765536
|move|p1a: Great Tusk|Ice Spinner|p2a: Phoenix
|-damage|p2a: Phoenix|58/100
|move|p2a: Phoenix|Flamethrower|p1a: Great Tusk
|-supereffective|p1a: Great Tusk
|-damage|p1a: Great Tusk|0 fnt
|faint|p1a: Great Tusk
|-end|p1a: Great Tusk|Protosynthesis|[silent]
|
|upkeep
|
|t:|1760765543
|switch|p1a: Zangoose|Zangoose, M, shiny|100/100
|turn|8
|
|t:|1760765548
|move|p1a: Zangoose|Protect|p1a: Zangoose
|-singleturn|p1a: Zangoose|Protect
|move|p2a: Phoenix|U-turn|p1a: Zangoose
|-activate|p1a: Zangoose|move: Protect
|
|-status|p1a: Zangoose|tox|[from] item: Toxic Orb
|upkeep
|turn|9
|
|t:|1760765556
|move|p1a: Zangoose|Facade|p2a: Phoenix
|-damage|p2a: Phoenix|0 fnt
|faint|p2a: Phoenix
|
|-damage|p1a: Zangoose|95/100 tox|[from] psn
|upkeep
|
|t:|1760765562
|switch|p2a: Sagittarius|Sinistcha, shiny|29/100
|turn|10
|
|t:|1760765565
|move|p1a: Zangoose|Knock Off|p2a: Sagittarius
|-supereffective|p2a: Sagittarius
|-damage|p2a: Sagittarius|0 fnt
|-enditem|p2a: Sagittarius|Heavy-Duty Boots|[from] move: Knock Off|[of] p1a: Zangoose
|faint|p2a: Sagittarius
|
|-damage|p1a: Zangoose|83/100 tox|[from] psn
|upkeep
|-message|lesulie forfeited.
|
|win|kabutopzboy
|raw|kabutopzboy's rating: 1189 &rarr; <strong>1209</strong><br />(+20 for winning)
|raw|lesulie's rating: 1112 &rarr; <strong>1092</strong><br />(-20 for losing)
|l|☆lesulie
|player|p2|
|l|☆kabutopzboy
|player|p1|
