|j|☆Sakuya2024
|j|☆Dansiger
|t:|1760766585
|gametype|singles
|player|p1|Sakuya2024|102|1248
|player|p2|Dansiger|palmer|1141
|gen|9
|tier|[Gen 9] OU
|rated|
|rule|HP Percentage Mod: HP is shown in percentages
|rule|Endless Battle Clause: Forcing endless battles is banned
|rule|Species Clause: Limit one of each Pokémon
|rule|OHKO Clause: OHKO moves are banned
|rule|Evasion Items Clause: Evasion items are banned
|rule|Evasion Moves Clause: Evasion moves are banned
|rule|Evasion Abilities Clause: Evasion abilities are banned
|rule|Sleep Moves Clause: Sleep-inducing moves are banned
|clearpoke
|poke|p1|Kingambit, M|
|poke|p1|Deoxys-Speed|
|poke|p1|Great Tusk|
|poke|p1|Dragonite, M|
|poke|p1|Iron Moth|
|poke|p1|Primarina, M|
|poke|p2|Arcanine, M|
|poke|p2|Blastoise, F|
|poke|p2|Raichu, F|
|poke|p2|Vileplume, M|
|poke|p2|Heracross, F|
|poke|p2|Umbreon, F|
|teampreview
|inactive|Battle timer is ON: inactive players will automatically lose when time's up. (requested by Dansiger)
|
|t:|1760766601
|teamsize|p1|6
|teamsize|p2|6
|start
|switch|p1a: Anomаly|Iron Moth|100/100
|switch|p2a: Heracross|Heracross, F|100/100
|-enditem|p1a: Anomаly|Booster Energy
|-activate|p1a: Anomаly|ability: Quark Drive|[fromitem]
|-start|p1a: Anomаly|quarkdrivespe
|turn|1
|
|t:|1760766619
|-terastallize|p2a: Heracross|Dark
|move|p1a: Anomаly|Fiery Dance|p2a: Heracross
|-damage|p2a: Heracross|51/100
|move|p2a: Heracross|Earthquake|p1a: Anomаly
|-supereffective|p1a: Anomаly
|-damage|p1a: Anomаly|0 fnt
|faint|p1a: Anomаly
|-end|p1a: Anomаly|Quark Drive|[silent]
|-ability|p2a: Heracross|Moxie|boost
|-boost|p2a: Heracross|atk|1
|
|upkeep
|
|t:|1760766629
|switch|p1a: Moebius|Deoxys-Speed|100/100
|-ability|p1a: Moebius|Pressure
|turn|2
|
|t:|1760766645
|move|p1a: Moebius|Focus Blast|p2a: Heracross|[miss]
|-miss|p1a: Moebius|p2a: Heracross
|move|p2a: Heracross|Earthquake|p1a: Moebius
|-damage|p1a: Moebius|18/100
|
|upkeep
|turn|3
|
|t:|1760766655
|move|p2a: Heracross|Vacuum Wave|p1a: Moebius
|-resisted|p1a: Moebius
|-crit|p1a: Moebius
|-damage|p1a: Moebius|9/100
|move|p1a: Moebius|Focus Blast|p2a: Heracross
|-supereffective|p2a: Heracross
|-damage|p2a: Heracross|0 fnt
|faint|p2a: Heracross
|
|upkeep
|
|t:|1760766665
|switch|p2a: Arcanine|Arcanine, M|100/100
|-ability|p2a: Arcanine|Intimidate|boost
|-unboost|p1a: Moebius|atk|1
|turn|4
|
|t:|1760766670
|move|p2a: Arcanine|Extreme Speed|p1a: Moebius
|-damage|p1a: Moebius|0 fnt
|faint|p1a: Moebius
|
|upkeep
|
|t:|1760766675
|switch|p1a: Yoshi|Dragonite, M, shiny|100/100
|turn|5
|
|t:|1760766695
|move|p2a: Arcanine|Flare Blitz|p1a: Yoshi
|-resisted|p1a: Yoshi
|-damage|p1a: Yoshi|88/100
|-damage|p2a: Arcanine|96/100|[from] Recoil
|move|p1a: Yoshi|Dragon Dance|p1a: Yoshi
|-boost|p1a: Yoshi|atk|1
|-boost|p1a: Yoshi|spe|1
|
|-heal|p1a: Yoshi|94/100|[from] item: Leftovers
|upkeep
|turn|6
|
|t:|1760766706
|move|p2a: Arcanine|Extreme Speed|p1a: Yoshi
|-damage|p1a: Yoshi|73/100
|move|p1a: Yoshi|Dragon Dance|p1a: Yoshi
|-boost|p1a: Yoshi|atk|1
|-boost|p1a: Yoshi|spe|1
|
|-heal|p1a: Yoshi|79/100|[from] item: Leftovers
|upkeep
|turn|7
|
|t:|1760766715
|move|p2a: Arcanine|Extreme Speed|p1a: Yoshi
|-damage|p1a: Yoshi|55/100
|move|p1a: Yoshi|Dragon Dance|p1a: Yoshi
|-boost|p1a: Yoshi|atk|1
|-boost|p1a: Yoshi|spe|1
|
|-heal|p1a: Yoshi|61/100|[from] item: Leftovers
|upkeep
|turn|8
|
|t:|1760766727
|-terastallize|p1a: Yoshi|Normal
|move|p1a: Yoshi|Extreme Speed|p2a: Arcanine
|-damage|p2a: Arcanine|0 fnt
|faint|p2a: Arcanine
|
|-heal|p1a: Yoshi|67/100|[from] item: Leftovers
|upkeep
|
|t:|1760766736
|switch|p2a: Umbreon|Umbreon, F|100/100
|turn|9
|
|t:|1760766740
|move|p1a: Yoshi|Extreme Speed|p2a: Umbreon
|-damage|p2a: Umbreon|5/100
|move|p2a: Umbreon|Foul Play|p1a: Yoshi
|-damage|p1a: Yoshi|0 fnt
|faint|p1a: Yoshi
|
|-heal|p2a: Umbreon|11/100|[from] item: Leftovers
|upkeep
|
|t:|1760766756
|switch|p1a: Anomaly|Great Tusk|100/100
|-enditem|p1a: Anomaly|Booster Energy
|-activate|p1a: Anomaly|ability: Protosynthesis|[fromitem]
|-start|p1a: Anomaly|protosynthesisatk
|turn|10
|
|t:|1760766764
|move|p1a: Anomaly|Ice Spinner|p2a: Umbreon
|-damage|p2a: Umbreon|0 fnt
|faint|p2a: Umbreon
|
|upkeep
|
|t:|1760766773
|switch|p2a: Blastoise|Blastoise, F|100/100
|turn|11
|
|t:|1760766777
|move|p1a: Anomaly|Close Combat|p2a: Blastoise
|-damage|p2a: Blastoise|5/100
|-unboost|p1a: Anomaly|def|1
|-unboost|p1a: Anomaly|spd|1
|move|p2a: Blastoise|Shell Smash|p2a: Blastoise
|-unboost|p2a: Blastoise|def|1
|-unboost|p2a: Blastoise|spd|1
|-boost|p2a: Blastoise|atk|2
|-boost|p2a: Blastoise|spa|2
|-boost|p2a: Blastoise|spe|2
|-enditem|p2a: Blastoise|White Herb
|-clearnegativeboost|p2a: Blastoise|[silent]
|
|upkeep
|turn|12
|
|t:|1760766790
|move|p2a: Blastoise|Surf|p1a: Anomaly
|-supereffective|p1a: Anomaly
|-damage|p1a: Anomaly|0 fnt
|faint|p1a: Anomaly
|-end|p1a: Anomaly|Protosynthesis|[silent]
|
|upkeep
|
|t:|1760766794
|switch|p1a: Meruem|Kingambit, M|100/100
|-activate|p1a: Meruem|ability: Supreme Overlord
|-start|p1a: Meruem|fallen4|[silent]
|turn|13
|
|t:|1760766799
|move|p1a: Meruem|Sucker Punch|p2a: Blastoise
|-damage|p2a: Blastoise|0 fnt
|faint|p2a: Blastoise
|
|upkeep
|
|t:|1760766809
|switch|p2a: Raichu|Raichu, F|100/100
|turn|14
|
|t:|1760766817
|move|p2a: Raichu|Knock Off|p1a: Meruem
|-resisted|p1a: Meruem
|-damage|p1a: Meruem|92/100
|-enditem|p1a: Meruem|Black Glasses|[from] move: Knock Off|[of] p2a: Raichu
|move|p1a: Meruem|Swords Dance|p1a: Meruem
|-boost|p1a: Meruem|atk|2
|
|upkeep
|turn|15
|
|t:|1760766827
|move|p1a: Meruem|Sucker Punch|p2a: Raichu
|-crit|p2a: Raichu
|-damage|p2a: Raichu|0 fnt
|-status|p1a: Meruem|par|[from] ability: Static|[of] p2a: Raichu
|faint|p2a: Raichu
|
|upkeep
|
|t:|1760766833
|switch|p2a: Vileplume|Vileplume, M|100/100
|turn|16
|
|t:|1760766842
|move|p2a: Vileplume|Strength Sap|p1a: Meruem
|-unboost|p1a: Meruem|atk|1
|move|p1a: Meruem|Kowtow Cleave|p2a: Vileplume
|-damage|p2a: Vileplume|0 fnt
|faint|p2a: Vileplume
|
|win|Sakuya2024
|raw|Sakuya2024's rating: 1248 &rarr; <strong>1266</strong><br />(+18 for winning)
|raw|Dansiger's rating: 1141 &rarr; <strong>1123</strong><br />(-18 for losing)
|l|☆Sakuya2024
|player|p1|
|l|☆Dansiger
|player|p2|
