|j|☆I will eat another
|j|☆abhi007xu
|t:|1760876797
|gametype|singles
|player|p1|I will eat another|plasmagrunt|1358
|player|p2|abhi007xu|nate|1323
|gen|9
|tier|[Gen 9] OU
|rated|
|rule|HP Percentage Mod: HP is shown in percentages
|rule|Endless Battle Clause: Forcing endless battles is banned
|rule|Species Clause: Limit one of each Pokémon
|rule|OHKO Clause: OHKO moves are banned
|rule|Evasion Items Clause: Evasion items are banned
|rule|Evasion Moves Clause: Evasion moves are banned
|rule|Evasion Abilities Clause: Evasion abilities are banned
|rule|Sleep Moves Clause: Sleep-inducing moves are banned
|clearpoke
|poke|p1|Breloom, M|
|poke|p1|Swinub, M|
|poke|p1|Iron Crown|
|poke|p1|Glimmora, M|
|poke|p1|Talonflame, F|
|poke|p1|Greninja-*, F|
|poke|p2|Dragonite, F|
|poke|p2|Zamazenta-*|
|poke|p2|Landorus-Therian, M|
|poke|p2|Gholdengo|
|poke|p2|Darkrai|
|poke|p2|Hatterene, F|
|teampreview
|inactive|Battle timer is ON: inactive players will automatically lose when time's up. (requested by I will eat another)
|
|t:|1760876803
|teamsize|p1|6
|teamsize|p2|6
|start
|switch|p1a: Quajutsu|Greninja, F|100/100
|switch|p2a: Landorus|Landorus-Therian, M, shiny|100/100
|-ability|p2a: Landorus|Intimidate|boost
|-unboost|p1a: Quajutsu|atk|1
|turn|1
|
|t:|1760876810
|switch|p1a: Lumiflora|Glimmora, M|100/100
|switch|p2a: Hatterene|Hatterene, F, shiny|100/100
|
|upkeep
|turn|2
|
|t:|1760876816
|move|p1a: Lumiflora|Meteor Beam||[still]
|-prepare|p1a: Lumiflora|Meteor Beam
|-boost|p1a: Lumiflora|spa|1
|-enditem|p1a: Lumiflora|Power Herb
|-anim|p1a: Lumiflora|Meteor Beam|p2a: Hatterene
|-damage|p2a: Hatterene|43/100
|move|p2a: Hatterene|Psychic Noise|p1a: Lumiflora
|-supereffective|p1a: Lumiflora
|-damage|p1a: Lumiflora|0 fnt
|faint|p1a: Lumiflora
|
|upkeep
|
|t:|1760876830
|switch|p1a: Eisenkrone|Iron Crown|100/100
|-enditem|p1a: Eisenkrone|Booster Energy
|-activate|p1a: Eisenkrone|ability: Quark Drive|[fromitem]
|-start|p1a: Eisenkrone|quarkdrivespe
|turn|3
|
|t:|1760876835
|move|p1a: Eisenkrone|Tachyon Cutter|p2a: Hatterene
|-supereffective|p2a: Hatterene
|-damage|p2a: Hatterene|14/100
|-supereffective|p2a: Hatterene
|-damage|p2a: Hatterene|0 fnt
|faint|p2a: Hatterene
|-hitcount|p2: Hatterene|2
|
|upkeep
|
|t:|1760876838
|switch|p2a: Landorus|Landorus-Therian, M, shiny|100/100
|-ability|p2a: Landorus|Intimidate|boost
|-unboost|p1a: Eisenkrone|atk|1
|turn|4
|
|t:|1760876845
|-terastallize|p1a: Eisenkrone|Fighting
|move|p1a: Eisenkrone|Calm Mind|p1a: Eisenkrone
|-boost|p1a: Eisenkrone|spa|1
|-boost|p1a: Eisenkrone|spd|1
|move|p2a: Landorus|Stealth Rock|p1a: Eisenkrone
|-sidestart|p1: I will eat another|move: Stealth Rock
|
|upkeep
|turn|5
|
|t:|1760876851
|move|p1a: Eisenkrone|Calm Mind|p1a: Eisenkrone
|-boost|p1a: Eisenkrone|spa|1
|-boost|p1a: Eisenkrone|spd|1
|move|p2a: Landorus|Taunt|p1a: Eisenkrone
|-start|p1a: Eisenkrone|move: Taunt
|
|upkeep
|turn|6
|
|t:|1760876857
|move|p1a: Eisenkrone|Tachyon Cutter|p2a: Landorus
|-damage|p2a: Landorus|61/100
|-crit|p2a: Landorus
|-damage|p2a: Landorus|0 fnt
|faint|p2a: Landorus
|-hitcount|p2: Landorus|2
|
|upkeep
|
|t:|1760876866
|switch|p2a: Zamazenta|Zamazenta|100/100
|-ability|p2a: Zamazenta|Dauntless Shield|boost
|-boost|p2a: Zamazenta|def|1
|turn|7
|
|t:|1760876871
|move|p1a: Eisenkrone|Psyshock|p2a: Zamazenta
|-supereffective|p2a: Zamazenta
|-damage|p2a: Zamazenta|25/100
|move|p2a: Zamazenta|Roar|p1a: Eisenkrone
|-end|p1a: Eisenkrone|Quark Drive|[silent]
|drag|p1a: Kapilz|Breloom, M|100/100
|-damage|p1a: Kapilz|94/100|[from] Stealth Rock
|
|-heal|p2a: Zamazenta|31/100|[from] item: Leftovers
|upkeep
|turn|8
|
|t:|1760876879
|move|p2a: Zamazenta|Body Press|p1a: Kapilz
|-damage|p1a: Kapilz|8/100
|move|p1a: Kapilz|Zen Headbutt|p2a: Zamazenta
|-supereffective|p2a: Zamazenta
|-damage|p2a: Zamazenta|0 fnt
|faint|p2a: Zamazenta
|-damage|p1a: Kapilz|0 fnt|[from] item: Life Orb
|faint|p1a: Kapilz
|
|upkeep
|
|t:|1760876891
|switch|p2a: Darkrai|Darkrai, shiny|100/100
|switch|p1a: Fiaro|Talonflame, F|100/100
|turn|9
|
|t:|1760876897
|move|p2a: Darkrai|Dark Pulse|p1a: Fiaro
|-damage|p1a: Fiaro|53/100
|move|p1a: Fiaro|Defog|p2a: Darkrai
|-unboost|p2a: Darkrai|evasion|1
|-sideend|p1: I will eat another|Stealth Rock|[from] move: Defog|[of] p1a: Fiaro
|
|upkeep
|turn|10
|
|t:|1760876903
|move|p2a: Darkrai|Dark Pulse|p1a: Fiaro
|-damage|p1a: Fiaro|2/100
|cant|p1a: Fiaro|flinch
|
|upkeep
|turn|11
|
|t:|1760876908
|move|p2a: Darkrai|Ice Beam|p1a: Fiaro
|-damage|p1a: Fiaro|0 fnt
|faint|p1a: Fiaro
|
|upkeep
|
|t:|1760876914
|switch|p1a: Eisenkrone|Iron Crown, tera:Fighting|100/100
|turn|12
|
|t:|1760876921
|move|p2a: Darkrai|Taunt|p1a: Eisenkrone
|-start|p1a: Eisenkrone|move: Taunt
|cant|p1a: Eisenkrone|move: Taunt|Calm Mind
|
|upkeep
|turn|13
|
|t:|1760876925
|switch|p2a: Gholdengo|Gholdengo, shiny|100/100
|move|p1a: Eisenkrone|Focus Blast|p2a: Gholdengo
|-immune|p2a: Gholdengo
|
|upkeep
|turn|14
|
|t:|1760876933
|-end|p1a: Eisenkrone|Quark Drive|[silent]
|switch|p1a: Quajutsu|Greninja, F|100/100
|move|p2a: Gholdengo|Nasty Plot|p2a: Gholdengo
|-boost|p2a: Gholdengo|spa|2
|
|upkeep
|turn|15
|
|t:|1760876938
|-terastallize|p2a: Gholdengo|Steel
|move|p1a: Quajutsu|Dark Pulse|p2a: Gholdengo
|-start|p1a: Quajutsu|typechange|Dark|[from] ability: Protean
|-damage|p2a: Gholdengo|47/100
|move|p2a: Gholdengo|Thunderbolt|p1a: Quajutsu
|-damage|p1a: Quajutsu|3/100
|
|upkeep
|turn|16
|
|t:|1760876956
|move|p1a: Quajutsu|Dark Pulse|p2a: Gholdengo
|-damage|p2a: Gholdengo|0 fnt
|faint|p2a: Gholdengo
|
|upkeep
|
|t:|1760876958
|switch|p2a: Dragonite|Dragonite, F, shiny|100/100
|turn|17
|
|t:|1760876967
|move|p1a: Quajutsu|Dark Pulse|p2a: Dragonite
|-damage|p2a: Dragonite|74/100
|move|p2a: Dragonite|Dragon Dance|p2a: Dragonite
|-boost|p2a: Dragonite|atk|1
|-boost|p2a: Dragonite|spe|1
|
|upkeep
|turn|18
|
|t:|1760876973
|move|p2a: Dragonite|Tera Blast|p1a: Quajutsu
|-damage|p1a: Quajutsu|0 fnt
|faint|p1a: Quajutsu
|
|upkeep
|
|t:|1760876979
|switch|p1a: Quiekel|Swinub, M|100/100
|turn|19
|
|t:|1760876984
|move|p2a: Dragonite|Earthquake|p1a: Quiekel
|-enditem|p1a: Quiekel|Focus Sash
|-damage|p1a: Quiekel|1/100
|move|p1a: Quiekel|Endeavor|p2a: Dragonite
|-damage|p2a: Dragonite|1/100
|
|upkeep
|turn|20
|inactive|abhi007xu has 120 seconds left.
|
|t:|1760877015
|move|p1a: Quiekel|Ice Shard|p2a: Dragonite
|-supereffective|p2a: Dragonite
|-damage|p2a: Dragonite|0 fnt
|faint|p2a: Dragonite
|
|upkeep
|
|t:|1760877016
|switch|p2a: Darkrai|Darkrai, shiny|100/100
|turn|21
|
|t:|1760877024
|move|p1a: Quiekel|Ice Shard|p2a: Darkrai
|-damage|p2a: Darkrai|84/100
|move|p2a: Darkrai|Ice Beam|p1a: Quiekel
|-damage|p1a: Quiekel|0 fnt
|faint|p1a: Quiekel
|
|upkeep
|
|t:|1760877030
|switch|p1a: Eisenkrone|Iron Crown, tera:Fighting|100/100
|turn|22
|
|t:|1760877033
|move|p2a: Darkrai|Dark Pulse|p1a: Eisenkrone
|-resisted|p1a: Eisenkrone
|-crit|p1a: Eisenkrone
|-damage|p1a: Eisenkrone|75/100
|move|p1a: Eisenkrone|Focus Blast|p2a: Darkrai
|-supereffective|p2a: Darkrai
|-damage|p2a: Darkrai|0 fnt
|faint|p2a: Darkrai
|
|win|I will eat another
|raw|I will eat another's rating: 1358 &rarr; <strong>1376</strong><br />(+18 for winning)
|raw|abhi007xu's rating: 1323 &rarr; <strong>1305</strong><br />(-18 for losing)
|l|☆abhi007xu
|player|p2|
|l|☆I will eat another
|player|p1|
