|j|☆turquoiselink
|j|☆Supa Dupa Hoopa
|t:|1760719200
|gametype|singles
|player|p1|turquoiselink|1|1494
|player|p2|Supa Dupa Hoopa|265|1453
|gen|9
|tier|[Gen 9] OU
|rated|
|rule|HP Percentage Mod: HP is shown in percentages
|rule|Endless Battle Clause: Forcing endless battles is banned
|rule|Species Clause: Limit one of each Pokémon
|rule|OHKO Clause: OHKO moves are banned
|rule|Evasion Items Clause: Evasion items are banned
|rule|Evasion Moves Clause: Evasion moves are banned
|rule|Evasion Abilities Clause: Evasion abilities are banned
|rule|Sleep Moves Clause: Sleep-inducing moves are banned
|clearpoke
|poke|p1|Raging Bolt|
|poke|p1|Pelipper, M|
|poke|p1|Samurott-Hisui, F|
|poke|p1|Weezing-Galar, M|
|poke|p1|Zamazenta-*|
|poke|p1|Ting-Lu|
|poke|p2|Samurott-Hisui, F|
|poke|p2|Dragapult, M|
|poke|p2|Corviknight, F|
|poke|p2|Clodsire, F|
|poke|p2|Meowscarada, M|
|poke|p2|Toxtricity-Low-Key, F|
|teampreview
|
|t:|1760719233
|teamsize|p1|6
|teamsize|p2|6
|start
|switch|p1a: Raging Bolt|Raging Bolt|100/100
|switch|p2a: Toxtricity|Toxtricity-Low-Key, F|100/100
|turn|1
|inactive|Battle timer is ON: inactive players will automatically lose when time's up. (requested by turquoiselink)
|
|t:|1760719238
|switch|p2a: Clodsire|Clodsire, F|100/100
|move|p1a: Raging Bolt|Dragon Pulse|p2a: Clodsire
|-damage|p2a: Clodsire|75/100
|
|-heal|p2a: Clodsire|81/100|[from] item: Leftovers
|upkeep
|turn|2
|inactive|Supa Dupa Hoopa has 120 seconds left.
|
|t:|1760719269
|-end|p1a: Raging Bolt|Protosynthesis|[silent]
|switch|p1a: Weezing|Weezing-Galar, M|100/100
|-ability|p1a: Weezing|Neutralizing Gas
|move|p2a: Clodsire|Stealth Rock|p1a: Weezing
|-sidestart|p1: turquoiselink|move: Stealth Rock
|
|-heal|p2a: Clodsire|88/100|[from] item: Leftovers
|upkeep
|turn|3
|
|t:|1760719279
|switch|p2a: Toxtricity|Toxtricity-Low-Key, F|100/100
|move|p1a: Weezing|Will-O-Wisp|p2a: Toxtricity
|-status|p2a: Toxtricity|brn
|
|-damage|p2a: Toxtricity|94/100 brn|[from] brn
|upkeep
|turn|4
|
|t:|1760719291
|-end|p1a: Weezing|ability: Neutralizing Gas
|switch|p1a: Ting-Lu|Ting-Lu|100/100
|-damage|p1a: Ting-Lu|94/100|[from] Stealth Rock
|-ability|p1a: Ting-Lu|Vessel of Ruin
|move|p2a: Toxtricity|Boomburst|p1a: Ting-Lu
|-damage|p1a: Ting-Lu|58/100
|
|-heal|p1a: Ting-Lu|64/100|[from] item: Leftovers
|-damage|p2a: Toxtricity|88/100 brn|[from] brn
|upkeep
|turn|5
|
|t:|1760719304
|switch|p2a: Samurott|Samurott-Hisui, F|100/100
|move|p1a: Ting-Lu|Ruination|p2a: Samurott
|-damage|p2a: Samurott|51/100
|
|-heal|p1a: Ting-Lu|70/100|[from] item: Leftovers
|upkeep
|turn|6
|
|t:|1760719311
|switch|p1a: Weezing|Weezing-Galar, M|100/100
|-ability|p1a: Weezing|Neutralizing Gas
|move|p2a: Samurott|Flip Turn|p1a: Weezing
|-damage|p1a: Weezing|82/100
|
|t:|1760719318
|switch|p2a: Toxtricity|Toxtricity-Low-Key, F|88/100 brn|[from] Flip Turn
|
|-damage|p2a: Toxtricity|82/100 brn|[from] brn
|upkeep
|turn|7
|
|t:|1760719325
|-end|p1a: Weezing|ability: Neutralizing Gas
|switch|p1a: Ting-Lu|Ting-Lu|70/100
|-damage|p1a: Ting-Lu|64/100|[from] Stealth Rock
|-ability|p1a: Ting-Lu|Vessel of Ruin
|move|p2a: Toxtricity|Boomburst|p1a: Ting-Lu
|-damage|p1a: Ting-Lu|28/100
|
|-heal|p1a: Ting-Lu|34/100|[from] item: Leftovers
|-damage|p2a: Toxtricity|76/100 brn|[from] brn
|upkeep
|turn|8
|
|t:|1760719337
|switch|p2a: Samurott|Samurott-Hisui, F|51/100
|move|p1a: Ting-Lu|Earthquake|p2a: Samurott
|-damage|p2a: Samurott|6/100
|
|-heal|p1a: Ting-Lu|40/100|[from] item: Leftovers
|upkeep
|turn|9
|
|t:|1760719348
|move|p2a: Samurott|Flip Turn|p1a: Ting-Lu
|-supereffective|p1a: Ting-Lu
|-damage|p1a: Ting-Lu|2/100
|
|t:|1760719352
|switch|p2a: Meowscarada|Meowscarada, M|100/100|[from] Flip Turn
|move|p1a: Ting-Lu|Earthquake|p2a: Meowscarada
|-resisted|p2a: Meowscarada
|-damage|p2a: Meowscarada|71/100
|
|-heal|p1a: Ting-Lu|9/100|[from] item: Leftovers
|upkeep
|turn|10
|
|t:|1760719360
|move|p2a: Meowscarada|U-turn|p1a: Ting-Lu
|-start|p2a: Meowscarada|typechange|Bug|[from] ability: Protean
|-supereffective|p1a: Ting-Lu
|-damage|p1a: Ting-Lu|0 fnt
|faint|p1a: Ting-Lu
|
|t:|1760719366
|switch|p2a: Samurott|Samurott-Hisui, F|6/100|[from] U-turn
|
|upkeep
|
|t:|1760719370
|switch|p1a: Weezing|Weezing-Galar, M|82/100
|-ability|p1a: Weezing|Neutralizing Gas
|turn|11
|
|t:|1760719377
|switch|p2a: Toxtricity|Toxtricity-Low-Key, F|76/100 brn
|move|p1a: Weezing|Defog|p2a: Toxtricity
|-unboost|p2a: Toxtricity|evasion|1
|-sideend|p1: turquoiselink|Stealth Rock|[from] move: Defog|[of] p1a: Weezing
|
|-damage|p2a: Toxtricity|70/100 brn|[from] brn
|upkeep
|turn|12
|
|t:|1760719387
|-end|p1a: Weezing|ability: Neutralizing Gas
|switch|p1a: Raging Bolt|Raging Bolt|100/100
|move|p2a: Toxtricity|Boomburst|p1a: Raging Bolt
|-damage|p1a: Raging Bolt|53/100
|
|-damage|p2a: Toxtricity|63/100 brn|[from] brn
|upkeep
|turn|13
|
|t:|1760719396
|switch|p2a: Clodsire|Clodsire, F|88/100
|move|p1a: Raging Bolt|Dragon Pulse|p2a: Clodsire
|-damage|p2a: Clodsire|61/100
|
|-heal|p2a: Clodsire|68/100|[from] item: Leftovers
|upkeep
|turn|14
|
|t:|1760719412
|-end|p1a: Raging Bolt|Protosynthesis|[silent]
|switch|p1a: Weezing|Weezing-Galar, M|82/100
|-ability|p1a: Weezing|Neutralizing Gas
|move|p2a: Clodsire|Toxic|p1a: Weezing
|-immune|p1a: Weezing
|
|-heal|p2a: Clodsire|74/100|[from] item: Leftovers
|upkeep
|turn|15
|
|t:|1760719420
|move|p1a: Weezing|Will-O-Wisp|p2a: Clodsire
|-status|p2a: Clodsire|brn
|move|p2a: Clodsire|Stealth Rock|p1a: Weezing
|-sidestart|p1: turquoiselink|move: Stealth Rock
|
|-heal|p2a: Clodsire|80/100 brn|[from] item: Leftovers
|-damage|p2a: Clodsire|74/100 brn|[from] brn
|upkeep
|turn|16
|
|t:|1760719430
|switch|p2a: Toxtricity|Toxtricity-Low-Key, F|63/100 brn
|move|p1a: Weezing|Defog|p2a: Toxtricity
|-unboost|p2a: Toxtricity|evasion|1
|-sideend|p1: turquoiselink|Stealth Rock|[from] move: Defog|[of] p1a: Weezing
|
|-damage|p2a: Toxtricity|57/100 brn|[from] brn
|upkeep
|turn|17
|
|t:|1760719439
|move|p2a: Toxtricity|Boomburst|p1a: Weezing
|-damage|p1a: Weezing|0 fnt
|faint|p1a: Weezing
|-end|p1a: Weezing|ability: Neutralizing Gas
|
|-damage|p2a: Toxtricity|51/100 brn|[from] brn
|upkeep
|
|t:|1760719453
|switch|p1a: Pelipper|Pelipper, M|100/100
|-weather|RainDance|[from] ability: Drizzle|[of] p1a: Pelipper
|turn|18
|
|t:|1760719472
|move|p2a: Toxtricity|Boomburst|p1a: Pelipper
|-damage|p1a: Pelipper|0 fnt
|faint|p1a: Pelipper
|
|-weather|RainDance|[upkeep]
|-damage|p2a: Toxtricity|45/100 brn|[from] brn
|upkeep
|
|t:|1760719476
|switch|p1a: Samurott|Samurott-Hisui, F|100/100
|turn|19
|
|t:|1760719484
|switch|p2a: Samurott|Samurott-Hisui, F|6/100
|move|p1a: Samurott|Aqua Cutter|p2a: Samurott
|-resisted|p2a: Samurott
|-crit|p2a: Samurott
|-damage|p2a: Samurott|0 fnt
|faint|p2a: Samurott
|
|-weather|RainDance|[upkeep]
|upkeep
|
|t:|1760719493
|switch|p2a: Meowscarada|Meowscarada, M|71/100
|turn|20
|
|t:|1760719518
|switch|p1a: Raging Bolt|Raging Bolt|53/100
|move|p2a: Meowscarada|U-turn|p1a: Raging Bolt
|-start|p2a: Meowscarada|typechange|Bug|[from] ability: Protean
|-damage|p1a: Raging Bolt|20/100
|
|t:|1760719535
|switch|p2a: Toxtricity|Toxtricity-Low-Key, F|45/100 brn|[from] U-turn
|
|-weather|RainDance|[upkeep]
|-damage|p2a: Toxtricity|39/100 brn|[from] brn
|upkeep
|turn|21
|
|t:|1760719542
|move|p1a: Raging Bolt|Thunderclap|p2a: Toxtricity
|-resisted|p2a: Toxtricity
|-damage|p2a: Toxtricity|5/100 brn
|move|p2a: Toxtricity|Boomburst|p1a: Raging Bolt
|-damage|p1a: Raging Bolt|0 fnt
|faint|p1a: Raging Bolt
|-end|p1a: Raging Bolt|Protosynthesis|[silent]
|
|-weather|RainDance|[upkeep]
|-damage|p2a: Toxtricity|0 fnt|[from] brn
|faint|p2a: Toxtricity
|upkeep
|
|t:|1760719555
|switch|p2a: Meowscarada|Meowscarada, M|71/100
|switch|p1a: Zamazenta|Zamazenta|100/100
|-ability|p1a: Zamazenta|Dauntless Shield|boost
|-boost|p1a: Zamazenta|def|1
|turn|22
|inactive|turquoiselink has 120 seconds left.
|
|t:|1760719575
|switch|p1a: Samurott|Samurott-Hisui, F|100/100
|move|p2a: Meowscarada|Trick|p1a: Samurott
|-start|p2a: Meowscarada|typechange|Psychic|[from] ability: Protean
|-activate|p2a: Meowscarada|move: Trick|[of] p1a: Samurott
|-item|p1a: Samurott|Choice Scarf|[from] move: Trick
|-item|p2a: Meowscarada|Choice Band|[from] move: Trick
|
|-weather|none
|upkeep
|turn|23
|
|t:|1760719592
|switch|p2a: Corviknight|Corviknight, F|100/100
|-ability|p2a: Corviknight|Pressure
|move|p1a: Samurott|Ceaseless Edge|p2a: Corviknight
|-damage|p2a: Corviknight|76/100
|-sidestart|p2: Supa Dupa Hoopa|Spikes
|
|-heal|p2a: Corviknight|82/100|[from] item: Leftovers
|upkeep
|turn|24
|inactive|turquoiselink has 120 seconds left.
|
|t:|1760719611
|move|p1a: Samurott|Ceaseless Edge|p2a: Corviknight
|-damage|p2a: Corviknight|54/100
|-sidestart|p2: Supa Dupa Hoopa|Spikes
|move|p2a: Corviknight|Bulk Up|p2a: Corviknight
|-boost|p2a: Corviknight|atk|1
|-boost|p2a: Corviknight|def|1
|
|-heal|p2a: Corviknight|60/100|[from] item: Leftovers
|upkeep
|turn|25
|inactive|turquoiselink has 120 seconds left.
|
|t:|1760719625
|switch|p1a: Zamazenta|Zamazenta|100/100
|move|p2a: Corviknight|Body Press|p1a: Zamazenta
|-damage|p1a: Zamazenta|76/100
|
|-heal|p1a: Zamazenta|82/100|[from] item: Leftovers
|-heal|p2a: Corviknight|67/100|[from] item: Leftovers
|upkeep
|turn|26
|inactive|turquoiselink has 120 seconds left.
|
|t:|1760719640
|move|p1a: Zamazenta|Iron Defense|p1a: Zamazenta
|-boost|p1a: Zamazenta|def|2
|move|p2a: Corviknight|Bulk Up|p2a: Corviknight
|-boost|p2a: Corviknight|atk|1
|-boost|p2a: Corviknight|def|1
|
|-heal|p1a: Zamazenta|88/100|[from] item: Leftovers
|-heal|p2a: Corviknight|73/100|[from] item: Leftovers
|upkeep
|turn|27
|
|t:|1760719647
|move|p1a: Zamazenta|Iron Defense|p1a: Zamazenta
|-boost|p1a: Zamazenta|def|2
|move|p2a: Corviknight|Bulk Up|p2a: Corviknight
|-boost|p2a: Corviknight|atk|1
|-boost|p2a: Corviknight|def|1
|
|-heal|p1a: Zamazenta|94/100|[from] item: Leftovers
|-heal|p2a: Corviknight|79/100|[from] item: Leftovers
|upkeep
|turn|28
|
|t:|1760719654
|move|p1a: Zamazenta|Iron Defense|p1a: Zamazenta
|-boost|p1a: Zamazenta|def|2
|move|p2a: Corviknight|Bulk Up|p2a: Corviknight
|-boost|p2a: Corviknight|atk|1
|-boost|p2a: Corviknight|def|1
|
|-heal|p1a: Zamazenta|99/100|[from] item: Leftovers
|-heal|p2a: Corviknight|85/100|[from] item: Leftovers
|upkeep
|turn|29
|
|t:|1760719661
|move|p1a: Zamazenta|Body Press|p2a: Corviknight
|-damage|p2a: Corviknight|54/100
|move|p2a: Corviknight|Bulk Up|p2a: Corviknight
|-boost|p2a: Corviknight|atk|1
|-boost|p2a: Corviknight|def|1
|
|-heal|p1a: Zamazenta|100/100|[from] item: Leftovers
|-heal|p2a: Corviknight|60/100|[from] item: Leftovers
|upkeep
|turn|30
|
|t:|1760719669
|move|p2a: Corviknight|Bulk Up|p2a: Corviknight
|-boost|p2a: Corviknight|atk|1
|-boost|p2a: Corviknight|def|1
|move|p1a: Zamazenta|Roar|p2a: Corviknight
|drag|p2a: Dragapult|Dragapult, M|100/100
|-damage|p2a: Dragapult|84/100|[from] Spikes
|
|upkeep
|turn|31
|
|t:|1760719678
|-terastallize|p1a: Zamazenta|Dark
|move|p2a: Dragapult|Will-O-Wisp|p1a: Zamazenta
|-status|p1a: Zamazenta|brn
|move|p1a: Zamazenta|Crunch|p2a: Dragapult
|-supereffective|p2a: Dragapult
|-damage|p2a: Dragapult|38/100
|
|-damage|p1a: Zamazenta|94/100 brn|[from] brn
|upkeep
|turn|32
|
|t:|1760719701
|switch|p2a: Clodsire|Clodsire, F|74/100 brn
|-damage|p2a: Clodsire|57/100 brn|[from] Spikes
|move|p1a: Zamazenta|Crunch|p2a: Clodsire
|-damage|p2a: Clodsire|41/100 brn
|
|-heal|p1a: Zamazenta|100/100 brn|[from] item: Leftovers
|-heal|p2a: Clodsire|47/100 brn|[from] item: Leftovers
|-damage|p1a: Zamazenta|94/100 brn|[from] brn
|-damage|p2a: Clodsire|41/100 brn|[from] brn
|upkeep
|turn|33
|
|t:|1760719712
|move|p1a: Zamazenta|Body Press|p2a: Clodsire
|-resisted|p2a: Clodsire
|-damage|p2a: Clodsire|0 fnt
|faint|p2a: Clodsire
|
|-heal|p1a: Zamazenta|100/100 brn|[from] item: Leftovers
|-damage|p1a: Zamazenta|94/100 brn|[from] brn
|upkeep
|
|t:|1760719721
|switch|p2a: Corviknight|Corviknight, F|60/100
|-ability|p2a: Corviknight|Pressure
|turn|34
|
|t:|1760719727
|switch|p2a: Dragapult|Dragapult, M|38/100
|-damage|p2a: Dragapult|21/100|[from] Spikes
|move|p1a: Zamazenta|Body Press|p2a: Dragapult
|-immune|p2a: Dragapult
|
|-heal|p1a: Zamazenta|100/100 brn|[from] item: Leftovers
|-damage|p1a: Zamazenta|94/100 brn|[from] brn
|upkeep
|turn|35
|
|t:|1760719739
|-terastallize|p2a: Dragapult|Dragon
|move|p2a: Dragapult|Draco Meteor|p1a: Zamazenta
|-damage|p1a: Zamazenta|0 fnt
|-unboost|p2a: Dragapult|spa|2
|faint|p1a: Zamazenta
|
|upkeep
|
|t:|1760719743
|switch|p1a: Samurott|Samurott-Hisui, F|100/100
|turn|36
|
|t:|1760719767
|move|p1a: Samurott|Sacred Sword|p2a: Dragapult
|-damage|p2a: Dragapult|0 fnt
|faint|p2a: Dragapult
|
|upkeep
|
|t:|1760719791
|switch|p2a: Corviknight|Corviknight, F|60/100
|-ability|p2a: Corviknight|Pressure
|turn|37
|
|t:|1760719795
|move|p1a: Samurott|Sacred Sword|p2a: Corviknight
|-damage|p2a: Corviknight|34/100
|move|p2a: Corviknight|Roost|p2a: Corviknight
|-heal|p2a: Corviknight|84/100
|-singleturn|p2a: Corviknight|move: Roost
|
|-heal|p2a: Corviknight|91/100|[from] item: Leftovers
|upkeep
|turn|38
|
|t:|1760719803
|move|p1a: Samurott|Sacred Sword|p2a: Corviknight
|-damage|p2a: Corviknight|68/100
|move|p2a: Corviknight|Bulk Up|p2a: Corviknight
|-boost|p2a: Corviknight|atk|1
|-boost|p2a: Corviknight|def|1
|
|-heal|p2a: Corviknight|74/100|[from] item: Leftovers
|upkeep
|turn|39
|
|t:|1760719811
|move|p1a: Samurott|Sacred Sword|p2a: Corviknight
|-damage|p2a: Corviknight|48/100
|move|p2a: Corviknight|Body Press|p1a: Samurott
|-supereffective|p1a: Samurott
|-crit|p1a: Samurott
|-damage|p1a: Samurott|0 fnt
|faint|p1a: Samurott
|
|win|Supa Dupa Hoopa
|raw|turquoiselink's rating: 1494 &rarr; <strong>1472</strong><br />(-22 for losing)
|raw|Supa Dupa Hoopa's rating: 1453 &rarr; <strong>1475</strong><br />(+22 for winning)
|l|☆turquoiselink
|player|p1|
