|j|☆PepsiEnby
|j|☆SunStar090
|t:|1760799736
|gametype|singles
|player|p1|PepsiEnby|lady-gen4|1679
|player|p2|SunStar090|169|1660
|gen|9
|tier|[Gen 9] OU
|rated|
|rule|HP Percentage Mod: HP is shown in percentages
|rule|Endless Battle Clause: Forcing endless battles is banned
|rule|Species Clause: Limit one of each Pokémon
|rule|OHKO Clause: OHKO moves are banned
|rule|Evasion Items Clause: Evasion items are banned
|rule|Evasion Moves Clause: Evasion moves are banned
|rule|Evasion Abilities Clause: Evasion abilities are banned
|rule|Sleep Moves Clause: Sleep-inducing moves are banned
|clearpoke
|poke|p1|Alomomola, F|
|poke|p1|Slowking-Galar, M|
|poke|p1|Cinderace, M|
|poke|p1|Regice|
|poke|p1|Ting-Lu|
|poke|p1|Salamence, F|
|poke|p2|Rillaboom, M|
|poke|p2|Ogerpon, F|
|poke|p2|Moltres|
|poke|p2|Zamazenta-*|
|poke|p2|Iron Treads|
|poke|p2|Gholdengo|
|teampreview
|inactive|Battle timer is ON: inactive players will automatically lose when time's up. (requested by PepsiEnby)
|
|t:|1760799751
|teamsize|p1|6
|teamsize|p2|6
|start
|switch|p1a: Slowking|Slowking-Galar, M|100/100
|switch|p2a: Rillaboom|Rillaboom, M|100/100
|-fieldstart|move: Grassy Terrain|[from] ability: Grassy Surge|[of] p2a: Rillaboom
|turn|1
|
|t:|1760799762
|move|p2a: Rillaboom|U-turn|p1a: Slowking
|-damage|p1a: Slowking|81/100
|
|t:|1760799769
|switch|p2a: Iron Treads|Iron Treads|100/100|[from] U-turn
|move|p1a: Slowking|Toxic|p2a: Iron Treads
|-immune|p2a: Iron Treads
|
|-heal|p1a: Slowking|88/100|[from] Grassy Terrain
|-heal|p1a: Slowking|94/100|[from] item: Black Sludge
|upkeep
|turn|2
|
|t:|1760799781
|move|p2a: Iron Treads|Stealth Rock|p1a: Slowking
|-sidestart|p1: PepsiEnby|move: Stealth Rock
|move|p1a: Slowking|Trick|p2a: Iron Treads
|-activate|p1a: Slowking|move: Trick|[of] p2a: Iron Treads
|-item|p2a: Iron Treads|Black Sludge|[from] move: Trick
|-item|p1a: Slowking|Leftovers|[from] move: Trick
|
|-damage|p2a: Iron Treads|88/100|[from] item: Black Sludge
|-heal|p1a: Slowking|99/100|[from] Grassy Terrain
|-heal|p1a: Slowking|100/100|[from] item: Leftovers
|upkeep
|turn|3
|
|t:|1760799792
|move|p2a: Iron Treads|High Horsepower|p1a: Slowking
|-supereffective|p1a: Slowking
|-damage|p1a: Slowking|30/100
|-prepare|p1a: Slowking|Chilly Reception|[premajor]
|move|p1a: Slowking|Chilly Reception|p1a: Slowking
|-weather|Snowscape
|
|t:|1760799797
|switch|p1a: Cinderace|Cinderace, M|100/100|[from] Chilly Reception
|
|-weather|Snowscape|[upkeep]
|-heal|p2a: Iron Treads|94/100|[from] Grassy Terrain
|-damage|p2a: Iron Treads|82/100|[from] item: Black Sludge
|upkeep
|turn|4
|
|t:|1760799815
|-end|p2a: Iron Treads|Quark Drive|[silent]
|switch|p2a: Zamazenta|Zamazenta|100/100
|-ability|p2a: Zamazenta|Dauntless Shield|boost
|-boost|p2a: Zamazenta|def|1
|move|p1a: Cinderace|U-turn|p2a: Zamazenta
|-resisted|p2a: Zamazenta
|-damage|p2a: Zamazenta|96/100
|
|t:|1760799819
|switch|p1a: Salamence|Salamence, F|100/100|[from] U-turn
|-ability|p1a: Salamence|Intimidate|boost
|-unboost|p2a: Zamazenta|atk|1
|
|-weather|Snowscape|[upkeep]
|-heal|p2a: Zamazenta|100/100|[from] Grassy Terrain
|upkeep
|turn|5
|
|t:|1760799831
|switch|p2a: Iron Treads|Iron Treads|82/100
|switch|p1a: Slowking|Slowking-Galar, M|64/100
|-damage|p1a: Slowking|51/100|[from] Stealth Rock
|
|-weather|Snowscape|[upkeep]
|-heal|p2a: Iron Treads|88/100|[from] Grassy Terrain
|-damage|p2a: Iron Treads|76/100|[from] item: Black Sludge
|-heal|p1a: Slowking|57/100|[from] Grassy Terrain
|-heal|p1a: Slowking|63/100|[from] item: Leftovers
|upkeep
|turn|6
|
|t:|1760799851
|-end|p2a: Iron Treads|Quark Drive|[silent]
|switch|p2a: Ogerpon|Ogerpon, F|100/100
|switch|p1a: Salamence|Salamence, F|100/100
|-ability|p1a: Salamence|Intimidate|boost
|-unboost|p2a: Ogerpon|atk|1
|-ability|p2a: Ogerpon|Defiant|boost
|-boost|p2a: Ogerpon|atk|2
|
|-weather|Snowscape|[upkeep]
|upkeep
|turn|7
|inactive|SunStar090 has 120 seconds left.
|
|t:|1760799877
|move|p2a: Ogerpon|Swords Dance|p2a: Ogerpon
|-boost|p2a: Ogerpon|atk|2
|move|p1a: Salamence|Dragon Dance|p1a: Salamence
|-boost|p1a: Salamence|atk|1
|-boost|p1a: Salamence|spe|1
|
|-weather|none
|upkeep
|turn|8
|inactive|SunStar090 has 120 seconds left.
|
|t:|1760799889
|-terastallize|p1a: Salamence|Steel
|-terastallize|p2a: Ogerpon|Grass
|detailschange|p2a: Ogerpon|Ogerpon-Teal-Tera, F, tera:Grass
|-ability|p2a: Ogerpon|Embody Aspect (Teal)|boost
|-boost|p2a: Ogerpon|spe|1
|move|p2a: Ogerpon|Rock Tomb|p1a: Salamence
|-resisted|p1a: Salamence
|-damage|p1a: Salamence|77/100
|-unboost|p1a: Salamence|spe|1
|-damage|p2a: Ogerpon|91/100|[from] item: Life Orb
|move|p1a: Salamence|Dragon Claw|p2a: Ogerpon
|-damage|p2a: Ogerpon|24/100
|
|-heal|p2a: Ogerpon|30/100|[from] Grassy Terrain
|-heal|p1a: Salamence|83/100|[from] Grassy Terrain
|-fieldend|move: Grassy Terrain
|upkeep
|turn|9
|inactive|SunStar090 has 120 seconds left.
|
|t:|1760799907
|move|p2a: Ogerpon|Ivy Cudgel|p1a: Salamence
|-resisted|p1a: Salamence
|-damage|p1a: Salamence|0 fnt
|faint|p1a: Salamence
|-damage|p2a: Ogerpon|20/100|[from] item: Life Orb
|
|upkeep
|
|t:|1760799926
|switch|p1a: Slowking|Slowking-Galar, M|97/100
|-damage|p1a: Slowking|84/100|[from] Stealth Rock
|turn|10
|
|t:|1760799932
|switch|p1a: Regice|Regice|100/100
|move|p2a: Ogerpon|Knock Off|p1a: Regice
|-damage|p1a: Regice|8/100
|-enditem|p1a: Regice|Heavy-Duty Boots|[from] move: Knock Off|[of] p2a: Ogerpon
|-damage|p2a: Ogerpon|10/100|[from] item: Life Orb
|
|upkeep
|turn|11
|
|t:|1760799943
|move|p2a: Ogerpon|Knock Off|p1a: Regice
|-damage|p1a: Regice|0 fnt
|faint|p1a: Regice
|-damage|p2a: Ogerpon|0 fnt|[from] item: Life Orb
|faint|p2a: Ogerpon
|detailschange|p2: Ogerpon|Ogerpon, F|[silent]
|
|upkeep
|inactive|SunStar090 has 120 seconds left.
|
|t:|1760799964
|switch|p2a: Rillaboom|Rillaboom, M|100/100
|switch|p1a: Cinderace|Cinderace, M|100/100
|-fieldstart|move: Grassy Terrain|[from] ability: Grassy Surge|[of] p2a: Rillaboom
|turn|12
|
|t:|1760799979
|switch|p2a: Moltres|Moltres|100/100
|move|p1a: Cinderace|Court Change|p1a: Cinderace
|-swapsideconditions
|-activate|p1a: Cinderace|move: Court Change
|
|upkeep
|turn|13
|
|t:|1760799987
|move|p1a: Cinderace|U-turn|p2a: Moltres
|-resisted|p2a: Moltres
|-damage|p2a: Moltres|98/100
|
|t:|1760799989
|switch|p1a: Slowking|Slowking-Galar, M|100/100|[from] U-turn
|move|p2a: Moltres|U-turn|p1a: Slowking
|-damage|p1a: Slowking|89/100
|inactive|SunStar090 has 120 seconds left.
|
|t:|1760799996
|switch|p2a: Iron Treads|Iron Treads|76/100|[from] U-turn
|-damage|p2a: Iron Treads|72/100|[from] Stealth Rock
|
|-heal|p2a: Iron Treads|79/100|[from] Grassy Terrain
|-damage|p2a: Iron Treads|66/100|[from] item: Black Sludge
|-heal|p1a: Slowking|95/100|[from] Grassy Terrain
|-heal|p1a: Slowking|100/100|[from] item: Leftovers
|upkeep
|turn|14
|inactive|SunStar090 has 120 seconds left.
|
|t:|1760800009
|move|p2a: Iron Treads|Stealth Rock|p1a: Slowking
|-sidestart|p1: PepsiEnby|move: Stealth Rock
|-prepare|p1a: Slowking|Chilly Reception|[premajor]
|move|p1a: Slowking|Chilly Reception|p1a: Slowking
|-weather|Snowscape
|
|t:|1760800013
|switch|p1a: Alomomola|Alomomola, F|100/100|[from] Chilly Reception
|-damage|p1a: Alomomola|88/100|[from] Stealth Rock
|
|-weather|Snowscape|[upkeep]
|-heal|p2a: Iron Treads|72/100|[from] Grassy Terrain
|-damage|p2a: Iron Treads|60/100|[from] item: Black Sludge
|-heal|p1a: Alomomola|94/100|[from] Grassy Terrain
|upkeep
|turn|15
|inactive|SunStar090 has 120 seconds left.
|
|t:|1760800039
|-end|p2a: Iron Treads|Quark Drive|[silent]
|switch|p2a: Rillaboom|Rillaboom, M|100/100
|-damage|p2a: Rillaboom|88/100|[from] Stealth Rock
|move|p1a: Alomomola|Flip Turn|p2a: Rillaboom
|-resisted|p2a: Rillaboom
|-damage|p2a: Rillaboom|78/100
|
|t:|1760800043
|switch|p1a: Slowking|Slowking-Galar, M|100/100|[from] Flip Turn
|-damage|p1a: Slowking|88/100|[from] Stealth Rock
|
|-weather|Snowscape|[upkeep]
|-heal|p2a: Rillaboom|84/100|[from] Grassy Terrain
|-heal|p1a: Slowking|94/100|[from] Grassy Terrain
|-heal|p1a: Slowking|99/100|[from] item: Leftovers
|upkeep
|turn|16
|inactive|SunStar090 has 120 seconds left.
|
|t:|1760800060
|move|p2a: Rillaboom|U-turn|p1a: Slowking
|-damage|p1a: Slowking|80/100
|
|t:|1760800069
|switch|p2a: Iron Treads|Iron Treads|60/100|[from] U-turn
|-damage|p2a: Iron Treads|57/100|[from] Stealth Rock
|-prepare|p1a: Slowking|Chilly Reception|[premajor]
|move|p1a: Slowking|Chilly Reception|p1a: Slowking
|l|☆PepsiEnby
|inactive|PepsiEnby disconnected and has a minute to reconnect!
|player|p1|
|inactive|PepsiEnby has 30 seconds to reconnect!
|inactive|PepsiEnby has 20 seconds to reconnect!
|j|☆PepsiEnby
|inactive|PepsiEnby reconnected and has 85 seconds left.
|player|p1|PepsiEnby|lady-gen4|
|
|t:|1760800141
|switch|p1a: Alomomola|Alomomola, F|100/100|[from] Chilly Reception
|-damage|p1a: Alomomola|88/100|[from] Stealth Rock
|
|-weather|Snowscape|[upkeep]
|-heal|p2a: Iron Treads|63/100|[from] Grassy Terrain
|-damage|p2a: Iron Treads|51/100|[from] item: Black Sludge
|-heal|p1a: Alomomola|94/100|[from] Grassy Terrain
|upkeep
|turn|17
|inactive|SunStar090 has 120 seconds left.
|
|t:|1760800161
|-end|p2a: Iron Treads|Quark Drive|[silent]
|switch|p2a: Rillaboom|Rillaboom, M|84/100
|-damage|p2a: Rillaboom|71/100|[from] Stealth Rock
|move|p1a: Alomomola|Flip Turn|p2a: Rillaboom
|-resisted|p2a: Rillaboom
|-damage|p2a: Rillaboom|59/100
|inactive|PepsiEnby has 90 seconds left.
|
|t:|1760800197
|switch|p1a: Cinderace|Cinderace, M|100/100|[from] Flip Turn
|
|-weather|Snowscape|[upkeep]
|-heal|p2a: Rillaboom|65/100|[from] Grassy Terrain
|upkeep
|turn|18
|inactive|SunStar090 has 120 seconds left.
|
|t:|1760800206
|switch|p2a: Moltres|Moltres|98/100
|move|p1a: Cinderace|U-turn|p2a: Moltres
|-resisted|p2a: Moltres
|-damage|p2a: Moltres|94/100
|
|t:|1760800209
|switch|p1a: Slowking|Slowking-Galar, M|100/100|[from] U-turn
|-damage|p1a: Slowking|88/100|[from] Stealth Rock
|
|-weather|none
|-heal|p1a: Slowking|94/100|[from] Grassy Terrain
|-heal|p1a: Slowking|99/100|[from] item: Leftovers
|upkeep
|turn|19
|inactive|PepsiEnby has 90 seconds left.
|
|t:|1760800220
|move|p2a: Moltres|U-turn|p1a: Slowking
|-damage|p1a: Slowking|90/100
|
|t:|1760800223
|switch|p2a: Iron Treads|Iron Treads|51/100|[from] U-turn
|-damage|p2a: Iron Treads|48/100|[from] Stealth Rock
|-prepare|p1a: Slowking|Chilly Reception|[premajor]
|move|p1a: Slowking|Chilly Reception|p1a: Slowking
|-weather|Snowscape
|
|t:|1760800228
|switch|p1a: Alomomola|Alomomola, F|100/100|[from] Chilly Reception
|-damage|p1a: Alomomola|88/100|[from] Stealth Rock
|
|-weather|Snowscape|[upkeep]
|-heal|p2a: Iron Treads|54/100|[from] Grassy Terrain
|-damage|p2a: Iron Treads|41/100|[from] item: Black Sludge
|-heal|p1a: Alomomola|94/100|[from] Grassy Terrain
|-fieldend|move: Grassy Terrain
|upkeep
|turn|20
|
|t:|1760800243
|-end|p2a: Iron Treads|Quark Drive|[silent]
|switch|p2a: Rillaboom|Rillaboom, M|65/100
|-damage|p2a: Rillaboom|53/100|[from] Stealth Rock
|-fieldstart|move: Grassy Terrain|[from] ability: Grassy Surge|[of] p2a: Rillaboom
|move|p1a: Alomomola|Flip Turn|p2a: Rillaboom
|-resisted|p2a: Rillaboom
|-damage|p2a: Rillaboom|41/100
|
|t:|1760800248
|switch|p1a: Cinderace|Cinderace, M|100/100|[from] Flip Turn
|
|-weather|Snowscape|[upkeep]
|-heal|p2a: Rillaboom|47/100|[from] Grassy Terrain
|upkeep
|turn|21
|
|t:|1760800252
|switch|p2a: Moltres|Moltres|94/100
|move|p1a: Cinderace|U-turn|p2a: Moltres
|-resisted|p2a: Moltres
|-damage|p2a: Moltres|91/100
|
|t:|1760800255
|switch|p1a: Slowking|Slowking-Galar, M|100/100|[from] U-turn
|-damage|p1a: Slowking|88/100|[from] Stealth Rock
|
|-weather|Snowscape|[upkeep]
|-heal|p1a: Slowking|94/100|[from] Grassy Terrain
|-heal|p1a: Slowking|99/100|[from] item: Leftovers
|upkeep
|turn|22
|
|t:|1760800260
|switch|p2a: Iron Treads|Iron Treads|41/100
|-damage|p2a: Iron Treads|38/100|[from] Stealth Rock
|-prepare|p1a: Slowking|Chilly Reception|[premajor]
|move|p1a: Slowking|Chilly Reception|p1a: Slowking
|
|t:|1760800263
|switch|p1a: Alomomola|Alomomola, F|100/100|[from] Chilly Reception
|-damage|p1a: Alomomola|88/100|[from] Stealth Rock
|
|-weather|Snowscape|[upkeep]
|-heal|p2a: Iron Treads|44/100|[from] Grassy Terrain
|-damage|p2a: Iron Treads|32/100|[from] item: Black Sludge
|-heal|p1a: Alomomola|94/100|[from] Grassy Terrain
|upkeep
|turn|23
|
|t:|1760800267
|-end|p2a: Iron Treads|Quark Drive|[silent]
|switch|p2a: Zamazenta|Zamazenta|100/100
|-damage|p2a: Zamazenta|94/100|[from] Stealth Rock
|move|p1a: Alomomola|Flip Turn|p2a: Zamazenta
|-damage|p2a: Zamazenta|76/100
|
|t:|1760800273
|switch|p1a: Slowking|Slowking-Galar, M|100/100|[from] Flip Turn
|-damage|p1a: Slowking|88/100|[from] Stealth Rock
|
|-weather|none
|-heal|p2a: Zamazenta|82/100|[from] Grassy Terrain
|-heal|p2a: Zamazenta|88/100|[from] item: Leftovers
|-heal|p1a: Slowking|94/100|[from] Grassy Terrain
|-heal|p1a: Slowking|99/100|[from] item: Leftovers
|upkeep
|turn|24
|
|t:|1760800279
|move|p2a: Zamazenta|Substitute|p2a: Zamazenta
|-start|p2a: Zamazenta|Substitute
|-damage|p2a: Zamazenta|63/100
|move|p1a: Slowking|Toxic||[still]
|-fail|p1a: Slowking
|
|-heal|p2a: Zamazenta|69/100|[from] Grassy Terrain
|-heal|p2a: Zamazenta|75/100|[from] item: Leftovers
|-heal|p1a: Slowking|100/100|[from] Grassy Terrain
|upkeep
|turn|25
|
|t:|1760800303
|move|p2a: Zamazenta|Crunch|p1a: Slowking
|-supereffective|p1a: Slowking
|-damage|p1a: Slowking|71/100
|move|p1a: Slowking|Ice Beam|p2a: Zamazenta
|-activate|p2a: Zamazenta|move: Substitute|[damage]
|
|-heal|p2a: Zamazenta|82/100|[from] Grassy Terrain
|-heal|p2a: Zamazenta|88/100|[from] item: Leftovers
|-heal|p1a: Slowking|77/100|[from] Grassy Terrain
|-heal|p1a: Slowking|83/100|[from] item: Leftovers
|upkeep
|turn|26
|
|t:|1760800312
|move|p2a: Zamazenta|Iron Defense|p2a: Zamazenta
|-boost|p2a: Zamazenta|def|2
|move|p1a: Slowking|Ice Beam|p2a: Zamazenta
|-end|p2a: Zamazenta|Substitute
|
|-heal|p2a: Zamazenta|94/100|[from] Grassy Terrain
|-heal|p2a: Zamazenta|99/100|[from] item: Leftovers
|-heal|p1a: Slowking|89/100|[from] Grassy Terrain
|-heal|p1a: Slowking|95/100|[from] item: Leftovers
|upkeep
|turn|27
|
|t:|1760800323
|switch|p1a: Alomomola|Alomomola, F|100/100
|-damage|p1a: Alomomola|88/100|[from] Stealth Rock
|move|p2a: Zamazenta|Substitute|p2a: Zamazenta
|-start|p2a: Zamazenta|Substitute
|-damage|p2a: Zamazenta|75/100
|
|-heal|p2a: Zamazenta|81/100|[from] Grassy Terrain
|-heal|p2a: Zamazenta|88/100|[from] item: Leftovers
|-heal|p1a: Alomomola|94/100|[from] Grassy Terrain
|-fieldend|move: Grassy Terrain
|upkeep
|turn|28
|
|t:|1760800327
|switch|p1a: Slowking|Slowking-Galar, M|100/100
|-damage|p1a: Slowking|88/100|[from] Stealth Rock
|move|p2a: Zamazenta|Iron Defense|p2a: Zamazenta
|-boost|p2a: Zamazenta|def|2
|
|-heal|p2a: Zamazenta|94/100|[from] item: Leftovers
|-heal|p1a: Slowking|94/100|[from] item: Leftovers
|upkeep
|turn|29
|
|t:|1760800339
|move|p2a: Zamazenta|Crunch|p1a: Slowking
|-supereffective|p1a: Slowking
|-damage|p1a: Slowking|65/100
|move|p1a: Slowking|Ice Beam|p2a: Zamazenta
|-activate|p2a: Zamazenta|move: Substitute|[damage]
|
|-heal|p2a: Zamazenta|99/100|[from] item: Leftovers
|-heal|p1a: Slowking|71/100|[from] item: Leftovers
|upkeep
|turn|30
|
|t:|1760800346
|move|p2a: Zamazenta|Crunch|p1a: Slowking
|-supereffective|p1a: Slowking
|-damage|p1a: Slowking|39/100
|move|p1a: Slowking|Ice Beam|p2a: Zamazenta
|-end|p2a: Zamazenta|Substitute
|
|-heal|p2a: Zamazenta|100/100|[from] item: Leftovers
|-heal|p1a: Slowking|45/100|[from] item: Leftovers
|upkeep
|turn|31
|c|☆SunStar090|interesting gking set
|
|t:|1760800357
|switch|p1a: Alomomola|Alomomola, F|100/100
|-damage|p1a: Alomomola|88/100|[from] Stealth Rock
|move|p2a: Zamazenta|Substitute|p2a: Zamazenta
|-start|p2a: Zamazenta|Substitute
|-damage|p2a: Zamazenta|75/100
|
|-heal|p2a: Zamazenta|82/100|[from] item: Leftovers
|upkeep
|turn|32
|
|t:|1760800362
|switch|p1a: Slowking|Slowking-Galar, M|79/100
|-damage|p1a: Slowking|66/100|[from] Stealth Rock
|move|p2a: Zamazenta|Iron Defense|p2a: Zamazenta
|-boost|p2a: Zamazenta|def|2
|
|-heal|p2a: Zamazenta|88/100|[from] item: Leftovers
|-heal|p1a: Slowking|72/100|[from] item: Leftovers
|upkeep
|turn|33
|
|t:|1760800368
|switch|p1a: Alomomola|Alomomola, F|100/100
|-damage|p1a: Alomomola|88/100|[from] Stealth Rock
|move|p2a: Zamazenta|Crunch|p1a: Alomomola
|-damage|p1a: Alomomola|71/100
|-unboost|p1a: Alomomola|def|1
|
|-heal|p2a: Zamazenta|94/100|[from] item: Leftovers
|upkeep
|turn|34
|
|t:|1760800374
|switch|p1a: Slowking|Slowking-Galar, M|100/100
|-damage|p1a: Slowking|88/100|[from] Stealth Rock
|move|p2a: Zamazenta|Body Press|p1a: Slowking
|-resisted|p1a: Slowking
|-damage|p1a: Slowking|62/100
|
|-heal|p2a: Zamazenta|99/100|[from] item: Leftovers
|-heal|p1a: Slowking|68/100|[from] item: Leftovers
|upkeep
|turn|35
|
|t:|1760800382
|move|p2a: Zamazenta|Body Press|p1a: Slowking
|-resisted|p1a: Slowking
|-damage|p1a: Slowking|45/100
|-prepare|p1a: Slowking|Chilly Reception|[premajor]
|move|p1a: Slowking|Chilly Reception|p1a: Slowking
|-weather|Snowscape
|
|t:|1760800385
|switch|p1a: Alomomola|Alomomola, F|100/100|[from] Chilly Reception
|-damage|p1a: Alomomola|88/100|[from] Stealth Rock
|
|-weather|Snowscape|[upkeep]
|-heal|p2a: Zamazenta|100/100|[from] item: Leftovers
|upkeep
|turn|36
|
|t:|1760800389
|switch|p1a: Slowking|Slowking-Galar, M|78/100
|-damage|p1a: Slowking|65/100|[from] Stealth Rock
|move|p2a: Zamazenta|Body Press|p1a: Slowking
|-resisted|p1a: Slowking
|-damage|p1a: Slowking|42/100
|
|-weather|Snowscape|[upkeep]
|-heal|p1a: Slowking|48/100|[from] item: Leftovers
|upkeep
|turn|37
|
|t:|1760800393
|switch|p1a: Alomomola|Alomomola, F|100/100
|-damage|p1a: Alomomola|88/100|[from] Stealth Rock
|move|p2a: Zamazenta|Crunch|p1a: Alomomola
|-crit|p1a: Alomomola
|-damage|p1a: Alomomola|62/100
|
|-weather|Snowscape|[upkeep]
|upkeep
|turn|38
|
|t:|1760800397
|switch|p1a: Slowking|Slowking-Galar, M|82/100
|-damage|p1a: Slowking|69/100|[from] Stealth Rock
|move|p2a: Zamazenta|Crunch|p1a: Slowking
|-supereffective|p1a: Slowking
|-damage|p1a: Slowking|39/100
|
|-weather|Snowscape|[upkeep]
|-heal|p1a: Slowking|45/100|[from] item: Leftovers
|upkeep
|turn|39
|
|t:|1760800404
|move|p2a: Zamazenta|Body Press|p1a: Slowking
|-resisted|p1a: Slowking
|-damage|p1a: Slowking|19/100
|-prepare|p1a: Slowking|Chilly Reception|[premajor]
|move|p1a: Slowking|Chilly Reception|p1a: Slowking
|
|t:|1760800406
|switch|p1a: Alomomola|Alomomola, F|95/100|[from] Chilly Reception
|-damage|p1a: Alomomola|83/100|[from] Stealth Rock
|
|-weather|none
|upkeep
|turn|40
|
|t:|1760800411
|move|p2a: Zamazenta|Crunch|p1a: Alomomola
|-damage|p1a: Alomomola|64/100
|move|p1a: Alomomola|Flip Turn|p2a: Zamazenta
|-activate|p2a: Zamazenta|move: Substitute|[damage]
|
|t:|1760800414
|switch|p1a: Slowking|Slowking-Galar, M|52/100|[from] Flip Turn
|-damage|p1a: Slowking|40/100|[from] Stealth Rock
|
|-heal|p1a: Slowking|46/100|[from] item: Leftovers
|upkeep
|turn|41
|
|t:|1760800418
|switch|p1a: Alomomola|Alomomola, F|98/100
|-damage|p1a: Alomomola|85/100|[from] Stealth Rock
|move|p2a: Zamazenta|Crunch|p1a: Alomomola
|-damage|p1a: Alomomola|68/100
|
|upkeep
|turn|42
|
|t:|1760800422
|switch|p1a: Slowking|Slowking-Galar, M|79/100
|-damage|p1a: Slowking|66/100|[from] Stealth Rock
|move|p2a: Zamazenta|Body Press|p1a: Slowking
|-resisted|p1a: Slowking
|-damage|p1a: Slowking|44/100
|
|-heal|p1a: Slowking|50/100|[from] item: Leftovers
|upkeep
|turn|43
|
|t:|1760800425
|move|p2a: Zamazenta|Crunch|p1a: Slowking
|-supereffective|p1a: Slowking
|-damage|p1a: Slowking|21/100
|-prepare|p1a: Slowking|Chilly Reception|[premajor]
|move|p1a: Slowking|Chilly Reception|p1a: Slowking
|-weather|Snowscape
|
|t:|1760800427
|switch|p1a: Alomomola|Alomomola, F|100/100|[from] Chilly Reception
|-damage|p1a: Alomomola|88/100|[from] Stealth Rock
|
|-weather|Snowscape|[upkeep]
|upkeep
|turn|44
|
|t:|1760800432
|switch|p1a: Slowking|Slowking-Galar, M|55/100
|-damage|p1a: Slowking|42/100|[from] Stealth Rock
|move|p2a: Zamazenta|Crunch|p1a: Slowking
|-supereffective|p1a: Slowking
|-damage|p1a: Slowking|13/100
|
|-weather|Snowscape|[upkeep]
|-heal|p1a: Slowking|19/100|[from] item: Leftovers
|upkeep
|turn|45
|
|t:|1760800441
|switch|p1a: Alomomola|Alomomola, F|100/100
|-damage|p1a: Alomomola|88/100|[from] Stealth Rock
|move|p2a: Zamazenta|Body Press|p1a: Alomomola
|-damage|p1a: Alomomola|0 fnt
|faint|p1a: Alomomola
|
|-weather|Snowscape|[upkeep]
|upkeep
|-message|PepsiEnby forfeited.
|
|win|SunStar090
|raw|PepsiEnby's rating: 1679 &rarr; <strong>1658</strong><br />(-21 for losing)
|raw|SunStar090's rating: 1660 &rarr; <strong>1681</strong><br />(+21 for winning)
|l|☆PepsiEnby
|player|p1|
