|j|☆skiing in sudan
|j|☆pcklee
|t:|1760733728
|gametype|singles
|player|p1|skiing in sudan|iris-gen5bw2|1528
|player|p2|pcklee|2|1564
|gen|9
|tier|[Gen 9] OU
|rated|
|rule|HP Percentage Mod: HP is shown in percentages
|rule|Endless Battle Clause: Forcing endless battles is banned
|rule|Species Clause: Limit one of each Pokémon
|rule|OHKO Clause: OHKO moves are banned
|rule|Evasion Items Clause: Evasion items are banned
|rule|Evasion Moves Clause: Evasion moves are banned
|rule|Evasion Abilities Clause: Evasion abilities are banned
|rule|Sleep Moves Clause: Sleep-inducing moves are banned
|clearpoke
|poke|p1|Moltres|
|poke|p1|Wo-Chien|
|poke|p1|Dragapult, M|
|poke|p1|Great Tusk|
|poke|p1|Ogerpon-Wellspring, F|
|poke|p1|Kingambit, F|
|poke|p2|Gliscor, F|
|poke|p2|Clodsire, F|
|poke|p2|Blissey, F|
|poke|p2|Dondozo, M|
|poke|p2|Alomomola, F|
|poke|p2|Clefable, F|
|teampreview
|c|☆skiing in sudan|hf
|c|☆pcklee|you too
|
|t:|1760733744
|teamsize|p1|6
|teamsize|p2|6
|start
|switch|p1a: The King 👑|Wo-Chien, shiny|100/100
|switch|p2a: Dondozo|Dondozo, M|100/100
|-ability|p1a: The King 👑|Tablets of Ruin
|turn|1
|
|t:|1760733767
|switch|p2a: Clefable|Clefable, F|100/100
|move|p1a: The King 👑|Knock Off|p2a: Clefable
|-resisted|p2a: Clefable
|-damage|p2a: Clefable|90/100
|-enditem|p2a: Clefable|Leftovers|[from] move: Knock Off|[of] p1a: The King 👑
|
|upkeep
|turn|2
|inactive|Battle timer is ON: inactive players will automatically lose when time's up. (requested by skiing in sudan)
|
|t:|1760733774
|switch|p1a: Kingambit|Kingambit, F|100/100
|move|p2a: Clefable|Cosmic Power|p2a: Clefable
|-boost|p2a: Clefable|def|1
|-boost|p2a: Clefable|spd|1
|
|upkeep
|turn|3
|
|t:|1760733790
|-terastallize|p2a: Clefable|Steel
|move|p2a: Clefable|Cosmic Power|p2a: Clefable
|-boost|p2a: Clefable|def|1
|-boost|p2a: Clefable|spd|1
|move|p1a: Kingambit|Iron Head|p2a: Clefable
|-resisted|p2a: Clefable
|-damage|p2a: Clefable|80/100
|
|upkeep
|turn|4
|
|t:|1760733800
|-end|p1a: Kingambit|fallenundefined|[silent]
|switch|p1a: Moltres|Moltres|100/100
|move|p2a: Clefable|Cosmic Power|p2a: Clefable
|-boost|p2a: Clefable|def|1
|-boost|p2a: Clefable|spd|1
|
|upkeep
|turn|5
|
|t:|1760733806
|move|p2a: Clefable|Cosmic Power|p2a: Clefable
|-boost|p2a: Clefable|def|1
|-boost|p2a: Clefable|spd|1
|move|p1a: Moltres|Roar|p2a: Clefable
|drag|p2a: Clodsire|Clodsire, F|100/100
|
|upkeep
|turn|6
|
|t:|1760733815
|move|p1a: Moltres|U-turn|p2a: Clodsire
|-resisted|p2a: Clodsire
|-damage|p2a: Clodsire|93/100
|
|t:|1760733824
|switch|p1a: Kingambit|Kingambit, F|100/100|[from] U-turn
|move|p2a: Clodsire|Stealth Rock|p1a: Kingambit
|-sidestart|p1: skiing in sudan|move: Stealth Rock
|
|-heal|p2a: Clodsire|99/100|[from] item: Leftovers
|upkeep
|turn|7
|
|t:|1760733833
|-end|p1a: Kingambit|fallenundefined|[silent]
|switch|p1a: Great Tusk|Great Tusk|100/100
|switch|p2a: Gliscor|Gliscor, F|100/100
|
|-status|p2a: Gliscor|tox|[from] item: Toxic Orb
|upkeep
|turn|8
|
|t:|1760733843
|switch|p2a: Alomomola|Alomomola, F|100/100
|move|p1a: Great Tusk|Rapid Spin|p2a: Alomomola
|-damage|p2a: Alomomola|90/100
|-boost|p1a: Great Tusk|spe|1
|-damage|p1a: Great Tusk|84/100|[from] item: Rocky Helmet|[of] p2a: Alomomola
|-sideend|p1: skiing in sudan|Stealth Rock|[from] move: Rapid Spin|[of] p1a: Great Tusk
|
|upkeep
|turn|9
|
|t:|1760733853
|-end|p1a: Great Tusk|Protosynthesis|[silent]
|switch|p1a: Ogerpon|Ogerpon-Wellspring, F|100/100
|move|p2a: Alomomola|Wish|p2a: Alomomola
|
|upkeep
|turn|10
|c|☆pcklee|ggs i think
|c|☆pcklee|well played
|inactive|pcklee has 120 seconds left.
|-message|pcklee forfeited.
|
|win|skiing in sudan
|raw|skiing in sudan's rating: 1528 &rarr; <strong>1550</strong><br />(+22 for winning)
|raw|pcklee's rating: 1564 &rarr; <strong>1542</strong><br />(-22 for losing)
|l|☆pcklee
|player|p2|
|l|☆skiing in sudan
|player|p1|
