|j|☆imprisonpaulgeorge
|j|☆Dark_Havocll
|t:|1760742485
|gametype|singles
|player|p1|imprisonpaulgeorge|101|1397
|player|p2|Dark_Havocll|hiker-gen4|1423
|gen|9
|tier|[Gen 9] OU
|rated|
|rule|HP Percentage Mod: HP is shown in percentages
|rule|Endless Battle Clause: Forcing endless battles is banned
|rule|Species Clause: Limit one of each Pokémon
|rule|OHKO Clause: OHKO moves are banned
|rule|Evasion Items Clause: Evasion items are banned
|rule|Evasion Moves Clause: Evasion moves are banned
|rule|Evasion Abilities Clause: Evasion abilities are banned
|rule|Sleep Moves Clause: Sleep-inducing moves are banned
|clearpoke
|poke|p1|Great Tusk|
|poke|p1|Cinderace, F|
|poke|p1|Alomomola, M|
|poke|p1|Zapdos|
|poke|p1|Slowking-Galar, F|
|poke|p1|Iron Valiant|
|poke|p2|Dragonite, M|
|poke|p2|Greninja-*, M|
|poke|p2|Great Tusk|
|poke|p2|Kingambit, F|
|poke|p2|Pecharunt|
|poke|p2|Regice|
|teampreview
|j| ulisesdiogenes
|inactive|Battle timer is ON: inactive players will automatically lose when time's up. (requested by imprisonpaulgeorge)
|
|t:|1760742498
|teamsize|p1|6
|teamsize|p2|6
|start
|switch|p1a: Slowking|Slowking-Galar, F|100/100
|switch|p2a: Greninja|Greninja, M|100/100
|turn|1
|
|t:|1760742504
|switch|p1a: Alomomola|Alomomola, M|100/100
|move|p2a: Greninja|Dark Pulse|p1a: Alomomola
|-start|p2a: Greninja|typechange|Dark|[from] ability: Protean
|-damage|p1a: Alomomola|83/100
|
|upkeep
|turn|2
|
|t:|1760742511
|switch|p2a: Kingambit|Kingambit, F|100/100
|move|p1a: Alomomola|Flip Turn|p2a: Kingambit
|-damage|p2a: Kingambit|92/100
|
|t:|1760742514
|switch|p1a: Cinderace|Cinderace, F|100/100|[from] Flip Turn
|
|-heal|p2a: Kingambit|98/100|[from] item: Leftovers
|upkeep
|turn|3
|
|t:|1760742519
|move|p1a: Cinderace|Will-O-Wisp|p2a: Kingambit
|-status|p2a: Kingambit|brn
|move|p2a: Kingambit|Thunder Wave|p1a: Cinderace|[miss]
|-miss|p2a: Kingambit|p1a: Cinderace
|
|-heal|p2a: Kingambit|100/100 brn|[from] item: Leftovers
|-damage|p2a: Kingambit|94/100 brn|[from] brn
|upkeep
|turn|4
|
|t:|1760742525
|move|p1a: Cinderace|Pyro Ball|p2a: Kingambit
|-supereffective|p2a: Kingambit
|-damage|p2a: Kingambit|46/100 brn
|move|p2a: Kingambit|Stealth Rock|p1a: Cinderace
|-sidestart|p1: imprisonpaulgeorge|move: Stealth Rock
|
|-heal|p2a: Kingambit|52/100 brn|[from] item: Leftovers
|-damage|p2a: Kingambit|46/100 brn|[from] brn
|upkeep
|turn|5
|
|t:|1760742536
|-end|p2a: Kingambit|fallenundefined|[silent]
|switch|p2a: Pecharunt|Pecharunt|100/100
|move|p1a: Cinderace|Pyro Ball|p2a: Pecharunt
|-damage|p2a: Pecharunt|70/100
|
|upkeep
|turn|6
|
|t:|1760742543
|move|p1a: Cinderace|Will-O-Wisp|p2a: Pecharunt
|-status|p2a: Pecharunt|brn
|move|p2a: Pecharunt|Malignant Chain|p1a: Cinderace
|-damage|p1a: Cinderace|65/100
|-status|p1a: Cinderace|tox
|-start|p1a: Cinderace|confusion|[from] ability: Poison Puppeteer|[of] p2a: Pecharunt
|
|-damage|p1a: Cinderace|59/100 tox|[from] psn
|-damage|p2a: Pecharunt|64/100 brn|[from] brn
|upkeep
|turn|7
|
|t:|1760742546
|switch|p1a: Slowking|Slowking-Galar, F|100/100
|-damage|p1a: Slowking|88/100|[from] Stealth Rock
|move|p2a: Pecharunt|Recover|p2a: Pecharunt
|-heal|p2a: Pecharunt|100/100 brn
|
|-damage|p2a: Pecharunt|94/100 brn|[from] brn
|upkeep
|turn|8
|
|t:|1760742552
|switch|p2a: Kingambit|Kingambit, F|46/100 brn
|-prepare|p1a: Slowking|Chilly Reception|[premajor]
|move|p1a: Slowking|Chilly Reception|p1a: Slowking
|-weather|Snowscape
|
|t:|1760742554
|switch|p1a: Cinderace|Cinderace, F|59/100 tox|[from] Chilly Reception
|
|-weather|Snowscape|[upkeep]
|-heal|p2a: Kingambit|52/100 brn|[from] item: Leftovers
|-damage|p1a: Cinderace|53/100 tox|[from] psn
|-damage|p2a: Kingambit|46/100 brn|[from] brn
|upkeep
|turn|9
|
|t:|1760742559
|move|p1a: Cinderace|Court Change|p1a: Cinderace
|-start|p1a: Cinderace|typechange|Normal|[from] ability: Libero
|-swapsideconditions
|-activate|p1a: Cinderace|move: Court Change
|move|p2a: Kingambit|Stealth Rock|p1a: Cinderace
|-sidestart|p1: imprisonpaulgeorge|move: Stealth Rock
|
|-weather|Snowscape|[upkeep]
|-heal|p2a: Kingambit|52/100 brn|[from] item: Leftovers
|-damage|p1a: Cinderace|41/100 tox|[from] psn
|-damage|p2a: Kingambit|46/100 brn|[from] brn
|upkeep
|turn|10
|
|t:|1760742565
|move|p2a: Kingambit|Sucker Punch|p1a: Cinderace
|-damage|p1a: Cinderace|22/100 tox
|move|p1a: Cinderace|U-turn|p2a: Kingambit
|-damage|p2a: Kingambit|36/100 brn
|
|t:|1760742568
|switch|p1a: Great Tusk|Great Tusk|100/100|[from] U-turn
|-damage|p1a: Great Tusk|98/100|[from] Stealth Rock
|
|-weather|Snowscape|[upkeep]
|-heal|p2a: Kingambit|43/100 brn|[from] item: Leftovers
|-damage|p2a: Kingambit|36/100 brn|[from] brn
|upkeep
|turn|11
|
|t:|1760742574
|-end|p2a: Kingambit|fallenundefined|[silent]
|switch|p2a: Pecharunt|Pecharunt|94/100 brn
|move|p1a: Great Tusk|Headlong Rush|p2a: Pecharunt
|-supereffective|p2a: Pecharunt
|-damage|p2a: Pecharunt|15/100 brn
|-unboost|p1a: Great Tusk|def|1
|-unboost|p1a: Great Tusk|spd|1
|
|-weather|Snowscape|[upkeep]
|-damage|p2a: Pecharunt|9/100 brn|[from] brn
|upkeep
|turn|12
|
|t:|1760742581
|move|p1a: Great Tusk|Headlong Rush|p2a: Pecharunt
|-supereffective|p2a: Pecharunt
|-damage|p2a: Pecharunt|0 fnt
|-unboost|p1a: Great Tusk|def|1
|-unboost|p1a: Great Tusk|spd|1
|faint|p2a: Pecharunt
|
|-weather|none
|upkeep
|
|t:|1760742585
|switch|p2a: Great Tusk|Great Tusk|100/100
|-damage|p2a: Great Tusk|98/100|[from] Stealth Rock
|turn|13
|
|t:|1760742597
|-end|p1a: Great Tusk|Protosynthesis|[silent]
|switch|p1a: Zapdos|Zapdos|100/100
|-damage|p1a: Zapdos|75/100|[from] Stealth Rock
|move|p2a: Great Tusk|Rapid Spin|p1a: Zapdos
|-crit|p1a: Zapdos
|-damage|p1a: Zapdos|61/100
|-boost|p2a: Great Tusk|spe|1
|-damage|p2a: Great Tusk|81/100|[from] item: Rocky Helmet|[of] p1a: Zapdos
|-status|p2a: Great Tusk|par|[from] ability: Static|[of] p1a: Zapdos
|-sideend|p2: Dark_Havocll|Stealth Rock|[from] move: Rapid Spin|[of] p2a: Great Tusk
|
|-heal|p2a: Great Tusk|87/100 par|[from] item: Leftovers
|upkeep
|turn|14
|
|t:|1760742610
|move|p1a: Zapdos|Roost|p1a: Zapdos
|-heal|p1a: Zapdos|100/100
|-singleturn|p1a: Zapdos|move: Roost
|move|p2a: Great Tusk|Knock Off|p1a: Zapdos
|-damage|p1a: Zapdos|79/100
|-damage|p2a: Great Tusk|71/100 par|[from] item: Rocky Helmet|[of] p1a: Zapdos
|-enditem|p1a: Zapdos|Rocky Helmet|[from] move: Knock Off|[of] p2a: Great Tusk
|
|-heal|p2a: Great Tusk|77/100 par|[from] item: Leftovers
|upkeep
|turn|15
|
|t:|1760742622
|-end|p2a: Great Tusk|Protosynthesis|[silent]
|switch|p2a: Regice|Regice|100/100
|move|p1a: Zapdos|Hurricane|p2a: Regice
|-damage|p2a: Regice|82/100
|
|upkeep
|turn|16
|
|t:|1760742628
|switch|p1a: Alomomola|Alomomola, M|100/100
|-damage|p1a: Alomomola|88/100|[from] Stealth Rock
|move|p2a: Regice|Ice Beam|p1a: Alomomola
|-resisted|p1a: Alomomola
|-damage|p1a: Alomomola|80/100
|
|upkeep
|turn|17
|
|t:|1760742631
|move|p2a: Regice|Thunder Wave|p1a: Alomomola
|-status|p1a: Alomomola|par
|move|p1a: Alomomola|Flip Turn|p2a: Regice
|-damage|p2a: Regice|67/100
|
|t:|1760742634
|switch|p1a: Cinderace|Cinderace, F|22/100 tox|[from] Flip Turn
|
|-damage|p1a: Cinderace|16/100 tox|[from] psn
|upkeep
|turn|18
|
|t:|1760742637
|switch|p2a: Kingambit|Kingambit, F|36/100 brn
|-activate|p2a: Kingambit|ability: Supreme Overlord
|-start|p2a: Kingambit|fallen1|[silent]
|move|p1a: Cinderace|Court Change|p1a: Cinderace
|-start|p1a: Cinderace|typechange|Normal|[from] ability: Libero
|-swapsideconditions
|-activate|p1a: Cinderace|move: Court Change
|
|-heal|p2a: Kingambit|43/100 brn|[from] item: Leftovers
|-damage|p1a: Cinderace|4/100 tox|[from] psn
|-damage|p2a: Kingambit|36/100 brn|[from] brn
|upkeep
|turn|19
|
|t:|1760742641
|move|p1a: Cinderace|Pyro Ball|p2a: Kingambit
|-supereffective|p2a: Kingambit
|-damage|p2a: Kingambit|0 fnt
|faint|p2a: Kingambit
|-end|p2a: Kingambit|fallen1|[silent]
|
|-damage|p1a: Cinderace|0 fnt|[from] psn
|faint|p1a: Cinderace
|upkeep
|
|t:|1760742651
|switch|p1a: Iron Valiant|Iron Valiant|100/100
|switch|p2a: Regice|Regice|67/100
|turn|20
|
|t:|1760742655
|move|p1a: Iron Valiant|Close Combat|p2a: Regice
|-supereffective|p2a: Regice
|-damage|p2a: Regice|0 fnt
|-unboost|p1a: Iron Valiant|def|1
|-unboost|p1a: Iron Valiant|spd|1
|faint|p2a: Regice
|
|upkeep
|
|t:|1760742660
|switch|p2a: Dragonite|Dragonite, M|100/100
|turn|21
|
|t:|1760742663
|-end|p1a: Iron Valiant|Quark Drive|[silent]
|switch|p1a: Zapdos|Zapdos|79/100
|move|p2a: Dragonite|Dragon Dance|p2a: Dragonite
|-boost|p2a: Dragonite|atk|1
|-boost|p2a: Dragonite|spe|1
|
|upkeep
|turn|22
|
|t:|1760742666
|-terastallize|p2a: Dragonite|Electric
|move|p2a: Dragonite|Dragon Dance|p2a: Dragonite
|-boost|p2a: Dragonite|atk|1
|-boost|p2a: Dragonite|spe|1
|move|p1a: Zapdos|Discharge|p2a: Dragonite
|-resisted|p2a: Dragonite
|-damage|p2a: Dragonite|92/100
|
|upkeep
|turn|23
|
|t:|1760742669
|switch|p1a: Great Tusk|Great Tusk|98/100
|move|p2a: Dragonite|Dragon Dance|p2a: Dragonite
|-boost|p2a: Dragonite|atk|1
|-boost|p2a: Dragonite|spe|1
|
|upkeep
|turn|24
|
|t:|1760742674
|move|p2a: Dragonite|Roost|p2a: Dragonite
|-heal|p2a: Dragonite|100/100
|move|p1a: Great Tusk|Headlong Rush|p2a: Dragonite
|-supereffective|p2a: Dragonite
|-damage|p2a: Dragonite|26/100
|-unboost|p1a: Great Tusk|def|1
|-unboost|p1a: Great Tusk|spd|1
|
|upkeep
|turn|25
|
|t:|1760742683
|move|p2a: Dragonite|Earthquake|p1a: Great Tusk
|-damage|p1a: Great Tusk|0 fnt
|faint|p1a: Great Tusk
|-end|p1a: Great Tusk|Protosynthesis|[silent]
|
|upkeep
|
|t:|1760742685
|switch|p1a: Iron Valiant|Iron Valiant|100/100
|turn|26
|
|t:|1760742687
|-terastallize|p1a: Iron Valiant|Ghost
|move|p1a: Iron Valiant|Shadow Sneak|p2a: Dragonite
|-damage|p2a: Dragonite|0 fnt
|faint|p2a: Dragonite
|
|upkeep
|
|t:|1760742690
|switch|p2a: Greninja|Greninja, M|100/100
|-damage|p2a: Greninja|88/100|[from] Stealth Rock
|turn|27
|
|t:|1760742694
|-end|p1a: Iron Valiant|Quark Drive|[silent]
|switch|p1a: Alomomola|Alomomola, M|100/100 par
|move|p2a: Greninja|Dark Pulse|p1a: Alomomola
|-start|p2a: Greninja|typechange|Dark|[from] ability: Protean
|-damage|p1a: Alomomola|85/100 par
|
|upkeep
|turn|28
|
|t:|1760742697
|switch|p2a: Great Tusk|Great Tusk|77/100 par
|-damage|p2a: Great Tusk|74/100 par|[from] Stealth Rock
|cant|p1a: Alomomola|par
|
|-heal|p2a: Great Tusk|80/100 par|[from] item: Leftovers
|upkeep
|turn|29
|
|t:|1760742701
|switch|p1a: Zapdos|Zapdos|79/100
|cant|p2a: Great Tusk|par
|
|-heal|p2a: Great Tusk|86/100 par|[from] item: Leftovers
|upkeep
|turn|30
|
|t:|1760742703
|move|p1a: Zapdos|Hurricane|p2a: Great Tusk
|-supereffective|p2a: Great Tusk
|-damage|p2a: Great Tusk|0 fnt
|faint|p2a: Great Tusk
|-end|p2a: Great Tusk|Protosynthesis|[silent]
|
|upkeep
|
|t:|1760742705
|switch|p2a: Greninja|Greninja, M|88/100
|-damage|p2a: Greninja|76/100|[from] Stealth Rock
|turn|31
|
|t:|1760742707
|move|p2a: Greninja|Surf|p1a: Zapdos
|-start|p2a: Greninja|typechange|Water|[from] ability: Protean
|-damage|p1a: Zapdos|43/100
|move|p1a: Zapdos|Discharge|p2a: Greninja
|-supereffective|p2a: Greninja
|-damage|p2a: Greninja|0 fnt
|faint|p2a: Greninja
|
|win|imprisonpaulgeorge
|raw|imprisonpaulgeorge's rating: 1397 &rarr; <strong>1418</strong><br />(+21 for winning)
|raw|Dark_Havocll's rating: 1423 &rarr; <strong>1402</strong><br />(-21 for losing)
|l|☆Dark_Havocll
|player|p2|
|l|☆imprisonpaulgeorge
|player|p1|
