|badge|p1|bronze|gen9ou|100-7
|uhtml|medal-msg|<div class="broadcast-blue">Curious what those medals under the avatar are? PS now has Ladder Seasons! For more information, check out the <a href="https://www.smogon.com/forums/threads/3740067/">thread on Smogon.</a></div>
|j|☆SpongeGar & Patar
|j|☆kshuaib734
|t:|1760804369
|gametype|singles
|player|p1|SpongeGar & Patar|101|1862
|player|p2|kshuaib734|steven|1825
|gen|9
|tier|[Gen 9] OU
|rated|
|rule|HP Percentage Mod: HP is shown in percentages
|rule|Endless Battle Clause: Forcing endless battles is banned
|rule|Species Clause: Limit one of each Pokémon
|rule|OHKO Clause: OHKO moves are banned
|rule|Evasion Items Clause: Evasion items are banned
|rule|Evasion Moves Clause: Evasion moves are banned
|rule|Evasion Abilities Clause: Evasion abilities are banned
|rule|Sleep Moves Clause: Sleep-inducing moves are banned
|clearpoke
|poke|p1|Kyurem|
|poke|p1|Corviknight, M|
|poke|p1|Ting-Lu|
|poke|p1|Dondozo, M|
|poke|p1|Slowking-Galar, L99, M|
|poke|p1|Cinderace, M|
|poke|p2|Tyranitar, F|
|poke|p2|Overqwil, F|
|poke|p2|Pelipper, M|
|poke|p2|Quaquaval, F|
|poke|p2|Kingdra, M|
|poke|p2|Excadrill, F|
|teampreview
|inactive|Battle timer is ON: inactive players will automatically lose when time's up. (requested by kshuaib734)
|j| Fifo drummer
|inactive|SpongeGar & Patar has 120 seconds left.
|
|t:|1760804419
|teamsize|p1|6
|teamsize|p2|6
|start
|switch|p1a: Kyurem|Kyurem|100/100
|switch|p2a: King Tyrant|Tyranitar, F|100/100
|-ability|p1a: Kyurem|Pressure
|-weather|Sandstorm|[from] ability: Sand Stream|[of] p2a: King Tyrant
|turn|1
|inactive|SpongeGar & Patar also wants the timer to be on.
|c| Fifo drummer|Is this a round 2?
|inactive|SpongeGar & Patar has 120 seconds left.
|j| corynet
|
|t:|1760804467
|-terastallize|p1a: Kyurem|Ground
|move|p1a: Kyurem|Earth Power|p2a: King Tyrant
|-supereffective|p2a: King Tyrant
|-damage|p2a: King Tyrant|51/100
|-enditem|p2a: King Tyrant|Weakness Policy
|-boost|p2a: King Tyrant|atk|2|[from] item: Weakness Policy
|-boost|p2a: King Tyrant|spa|2|[from] item: Weakness Policy
|move|p2a: King Tyrant|Knock Off|p1a: Kyurem
|-damage|p1a: Kyurem|21/100
|-enditem|p1a: Kyurem|Leftovers|[from] move: Knock Off|[of] p2a: King Tyrant
|
|-weather|Sandstorm|[upkeep]
|upkeep
|turn|2
|c|☆kshuaib734|unfortunately yes
|c|☆kshuaib734|and he tera'd again
|l| corynet
|c| Fifo drummer|I played against that tyrant team a couple times before
|inactive|SpongeGar & Patar has 90 seconds left.
|c| Fifo drummer|Its a sick team
|c| Fifo drummer|Not gonna lie
|c|☆kshuaib734|ty
|c|☆kshuaib734|been using it for 10 years
|c|☆kshuaib734|15k games
|
|t:|1760804517
|move|p1a: Kyurem|Earth Power|p2a: King Tyrant
|-supereffective|p2a: King Tyrant
|-damage|p2a: King Tyrant|3/100
|move|p2a: King Tyrant|Knock Off|p1a: Kyurem
|-damage|p1a: Kyurem|0 fnt
|faint|p1a: Kyurem
|
|-weather|Sandstorm|[upkeep]
|upkeep
|inactive|SpongeGar & Patar has 60 seconds left.
|c| Fifo drummer|We were pretty low rating when we played
|inactive|SpongeGar & Patar has 30 seconds left.
|c| Fifo drummer|I mean a little lower than here
|c| Fifo drummer|About 1500 or 1600
|
|t:|1760804566
|switch|p1a: Cinderace|Cinderace, M|100/100
|turn|3
|inactive|SpongeGar & Patar has 30 seconds left.
|l|☆kshuaib734
|inactive|kshuaib734 disconnected and has a minute to reconnect!
|player|p2|
|c| Fifo drummer|Also love the nicknames :)
|inactive|kshuaib734 has 30 seconds to reconnect!
|j|☆kshuaib734
|inactive|kshuaib734 reconnected and has 100 seconds left.
|player|p2|kshuaib734|steven|
|inactive|kshuaib734 has 90 seconds left.
|c|☆kshuaib734|sorry pc crashed
|
|t:|1760804631
|switch|p2a: Tyrant's Enforcer|Overqwil, F|100/100
|move|p1a: Cinderace|U-turn|p2a: Tyrant's Enforcer
|-damage|p2a: Tyrant's Enforcer|81/100
|-damage|p1a: Cinderace|84/100|[from] item: Rocky Helmet|[of] p2a: Tyrant's Enforcer
|inactive|SpongeGar & Patar has 30 seconds left.
|
|t:|1760804642
|switch|p1a: Dondozo|Dondozo, M|100/100|[from] U-turn
|
|-weather|Sandstorm|[upkeep]
|-damage|p2a: Tyrant's Enforcer|75/100|[from] Sandstorm
|-damage|p1a: Dondozo|94/100|[from] Sandstorm
|-heal|p1a: Dondozo|100/100|[from] item: Leftovers
|upkeep
|turn|4
|inactive|SpongeGar & Patar has 30 seconds left.
|
|t:|1760804652
|move|p2a: Tyrant's Enforcer|Taunt|p1a: Dondozo
|-start|p1a: Dondozo|move: Taunt
|move|p1a: Dondozo|Body Press|p2a: Tyrant's Enforcer
|-damage|p2a: Tyrant's Enforcer|47/100
|-damage|p1a: Dondozo|84/100|[from] item: Rocky Helmet|[of] p2a: Tyrant's Enforcer
|
|-weather|Sandstorm|[upkeep]
|-damage|p2a: Tyrant's Enforcer|41/100|[from] Sandstorm
|-damage|p1a: Dondozo|78/100|[from] Sandstorm
|-heal|p1a: Dondozo|84/100|[from] item: Leftovers
|upkeep
|turn|5
|j| weigh666
|inactive|SpongeGar & Patar has 30 seconds left.
|
|t:|1760804663
|switch|p2a: Tyrant's Downpour|Pelipper, M|100/100
|-weather|RainDance|[from] ability: Drizzle|[of] p2a: Tyrant's Downpour
|switch|p1a: Corviknight|Corviknight, M|100/100
|-ability|p1a: Corviknight|Pressure
|
|-weather|RainDance|[upkeep]
|upkeep
|turn|6
|
|t:|1760804674
|move|p1a: Corviknight|U-turn|p2a: Tyrant's Downpour
|-resisted|p2a: Tyrant's Downpour
|-damage|p2a: Tyrant's Downpour|95/100
|inactive|SpongeGar & Patar has 30 seconds left.
|
|t:|1760804685
|switch|p1a: Slowking|Slowking-Galar, L99, M|100/100|[from] U-turn
|move|p2a: Tyrant's Downpour|Knock Off|p1a: Slowking
|-supereffective|p1a: Slowking
|-damage|p1a: Slowking|73/100
|-enditem|p1a: Slowking|Heavy-Duty Boots|[from] move: Knock Off|[of] p2a: Tyrant's Downpour
|
|-weather|RainDance|[upkeep]
|upkeep
|turn|7
|inactive|SpongeGar & Patar has 30 seconds left.
|
|t:|1760804697
|move|p2a: Tyrant's Downpour|Weather Ball|p1a: Slowking
|-damage|p1a: Slowking|45/100
|move|p1a: Slowking|Sludge Bomb|p2a: Tyrant's Downpour
|-damage|p2a: Tyrant's Downpour|46/100
|
|-weather|RainDance|[upkeep]
|upkeep
|turn|8
|inactive|SpongeGar & Patar has 30 seconds left.
|
|t:|1760804707
|move|p2a: Tyrant's Downpour|U-turn|p1a: Slowking
|-damage|p1a: Slowking|36/100
|
|t:|1760804713
|switch|p2a: King Tyrant|Tyranitar, F|3/100|[from] U-turn
|-weather|Sandstorm|[from] ability: Sand Stream|[of] p2a: King Tyrant
|move|p1a: Slowking|Sludge Bomb|p2a: King Tyrant
|-resisted|p2a: King Tyrant
|-damage|p2a: King Tyrant|0 fnt
|faint|p2a: King Tyrant
|
|-weather|Sandstorm|[upkeep]
|-damage|p1a: Slowking|30/100|[from] Sandstorm
|upkeep
|
|t:|1760804729
|switch|p2a: Tyrant's Legacy|Excadrill, F|100/100
|turn|9
|
|t:|1760804738
|switch|p1a: Corviknight|Corviknight, M|100/100
|-ability|p1a: Corviknight|Pressure
|move|p2a: Tyrant's Legacy|Stealth Rock|p1a: Corviknight
|-sidestart|p1: SpongeGar & Patar|move: Stealth Rock
|
|-weather|Sandstorm|[upkeep]
|upkeep
|turn|10
|
|t:|1760804748
|switch|p2a: Tyrant's Downpour|Pelipper, M|46/100
|-weather|RainDance|[from] ability: Drizzle|[of] p2a: Tyrant's Downpour
|move|p1a: Corviknight|U-turn|p2a: Tyrant's Downpour
|-resisted|p2a: Tyrant's Downpour
|-damage|p2a: Tyrant's Downpour|41/100
|
|t:|1760804757
|switch|p1a: Slowking|Slowking-Galar, L99, M|63/100|[from] U-turn
|-damage|p1a: Slowking|51/100|[from] Stealth Rock
|
|-weather|RainDance|[upkeep]
|upkeep
|turn|11
|
|t:|1760804766
|move|p2a: Tyrant's Downpour|U-turn|p1a: Slowking
|-damage|p1a: Slowking|40/100
|
|t:|1760804772
|switch|p2a: Tyrant's Vengeance|Kingdra, M|100/100|[from] U-turn
|-prepare|p1a: Slowking|Chilly Reception|[premajor]
|move|p1a: Slowking|Chilly Reception|p1a: Slowking
|-weather|Snowscape
|inactive|SpongeGar & Patar has 60 seconds left.
|l| weigh666
|
|t:|1760804782
|switch|p1a: Cinderace|Cinderace, M|84/100|[from] Chilly Reception
|
|-weather|Snowscape|[upkeep]
|upkeep
|turn|12
|
|t:|1760804791
|move|p1a: Cinderace|Court Change|p1a: Cinderace
|-swapsideconditions
|-activate|p1a: Cinderace|move: Court Change
|move|p2a: Tyrant's Vengeance|Flip Turn|p1a: Cinderace
|-supereffective|p1a: Cinderace
|-damage|p1a: Cinderace|43/100
|
|t:|1760804801
|switch|p2a: Tyrant's Downpour|Pelipper, M|41/100|[from] Flip Turn
|-damage|p2a: Tyrant's Downpour|16/100|[from] Stealth Rock
|-weather|RainDance|[from] ability: Drizzle|[of] p2a: Tyrant's Downpour
|
|-weather|RainDance|[upkeep]
|upkeep
|turn|13
|
|t:|1760804811
|move|p1a: Cinderace|U-turn|p2a: Tyrant's Downpour
|-resisted|p2a: Tyrant's Downpour
|-damage|p2a: Tyrant's Downpour|8/100
|
|t:|1760804821
|switch|p1a: Slowking|Slowking-Galar, L99, M|74/100|[from] U-turn
|move|p2a: Tyrant's Downpour|Weather Ball|p1a: Slowking
|-damage|p1a: Slowking|44/100
|
|-weather|RainDance|[upkeep]
|upkeep
|turn|14
|
|t:|1760804830
|move|p2a: Tyrant's Downpour|U-turn|p1a: Slowking
|-damage|p1a: Slowking|34/100
|
|t:|1760804836
|switch|p2a: Tyrant's Enforcer|Overqwil, F|41/100|[from] U-turn
|-damage|p2a: Tyrant's Enforcer|28/100|[from] Stealth Rock
|-prepare|p1a: Slowking|Chilly Reception|[premajor]
|move|p1a: Slowking|Chilly Reception|p1a: Slowking
|-weather|Snowscape
|
|t:|1760804845
|switch|p1a: Dondozo|Dondozo, M|84/100|[from] Chilly Reception
|
|-weather|Snowscape|[upkeep]
|-heal|p1a: Dondozo|90/100|[from] item: Leftovers
|upkeep
|turn|15
|inactive|SpongeGar & Patar has 90 seconds left.
|
|t:|1760804854
|move|p2a: Tyrant's Enforcer|Crunch|p1a: Dondozo
|-damage|p1a: Dondozo|72/100
|-unboost|p1a: Dondozo|def|1
|move|p1a: Dondozo|Curse|p1a: Dondozo
|-unboost|p1a: Dondozo|spe|1
|-boost|p1a: Dondozo|atk|1
|-boost|p1a: Dondozo|def|1
|
|-weather|Snowscape|[upkeep]
|-heal|p1a: Dondozo|78/100|[from] item: Leftovers
|upkeep
|turn|16
|inactive|SpongeGar & Patar has 90 seconds left.
|inactive|SpongeGar & Patar has 60 seconds left.
|
|t:|1760804904
|move|p2a: Tyrant's Enforcer|Taunt|p1a: Dondozo
|-start|p1a: Dondozo|move: Taunt
|cant|p1a: Dondozo|move: Taunt|Curse
|
|-weather|Snowscape|[upkeep]
|-heal|p1a: Dondozo|85/100|[from] item: Leftovers
|upkeep
|turn|17
|j| No_Safe_Prayer
|inactive|SpongeGar & Patar has 60 seconds left.
|l| Fifo drummer
|inactive|SpongeGar & Patar has 30 seconds left.
|l| No_Safe_Prayer
|inactive|SpongeGar & Patar has 20 seconds left.
|
|t:|1760804953
|switch|p1a: Corviknight|Corviknight, M|100/100
|-ability|p1a: Corviknight|Pressure
|move|p2a: Tyrant's Enforcer|Crunch|p1a: Corviknight
|-damage|p1a: Corviknight|76/100
|-damage|p2a: Tyrant's Enforcer|12/100|[from] item: Rocky Helmet|[of] p1a: Corviknight
|
|-weather|Snowscape|[upkeep]
|upkeep
|turn|18
|inactive|SpongeGar & Patar has 30 seconds left this turn.
|inactive|SpongeGar & Patar has 20 seconds left.
|
|t:|1760804963
|move|p2a: Tyrant's Enforcer|Taunt|p1a: Corviknight
|-start|p1a: Corviknight|move: Taunt
|cant|p1a: Corviknight|move: Taunt|Roost
|
|-weather|none
|upkeep
|turn|19
|inactive|SpongeGar & Patar has 30 seconds left this turn.
|
|t:|1760804973
|switch|p1a: Ting-Lu|Ting-Lu|100/100
|-ability|p1a: Ting-Lu|Vessel of Ruin
|move|p2a: Tyrant's Enforcer|Taunt|p1a: Ting-Lu
|-start|p1a: Ting-Lu|move: Taunt
|
|upkeep
|turn|20
|inactive|SpongeGar & Patar has 30 seconds left.
|
|t:|1760804982
|switch|p1a: Dondozo|Dondozo, M|85/100
|move|p2a: Tyrant's Enforcer|Liquidation|p1a: Dondozo
|-resisted|p1a: Dondozo
|-damage|p1a: Dondozo|78/100
|
|-heal|p1a: Dondozo|84/100|[from] item: Leftovers
|upkeep
|turn|21
|inactive|SpongeGar & Patar has 30 seconds left.
|
|t:|1760804993
|move|p2a: Tyrant's Enforcer|Crunch|p1a: Dondozo
|-damage|p1a: Dondozo|66/100
|move|p1a: Dondozo|Curse|p1a: Dondozo
|-unboost|p1a: Dondozo|spe|1
|-boost|p1a: Dondozo|atk|1
|-boost|p1a: Dondozo|def|1
|
|-heal|p1a: Dondozo|72/100|[from] item: Leftovers
|upkeep
|turn|22
|inactive|SpongeGar & Patar has 30 seconds left.
|
|t:|1760805003
|move|p2a: Tyrant's Enforcer|Taunt|p1a: Dondozo
|-start|p1a: Dondozo|move: Taunt
|cant|p1a: Dondozo|move: Taunt|Curse
|
|-heal|p1a: Dondozo|78/100|[from] item: Leftovers
|upkeep
|turn|23
|
|t:|1760805013
|switch|p1a: Ting-Lu|Ting-Lu|100/100
|-ability|p1a: Ting-Lu|Vessel of Ruin
|move|p2a: Tyrant's Enforcer|Crunch|p1a: Ting-Lu
|-resisted|p1a: Ting-Lu
|-damage|p1a: Ting-Lu|89/100
|-unboost|p1a: Ting-Lu|def|1
|
|-heal|p1a: Ting-Lu|96/100|[from] item: Leftovers
|upkeep
|turn|24
|
|t:|1760805023
|switch|p1a: Dondozo|Dondozo, M|78/100
|move|p2a: Tyrant's Enforcer|Liquidation|p1a: Dondozo
|-resisted|p1a: Dondozo
|-damage|p1a: Dondozo|72/100
|
|-heal|p1a: Dondozo|78/100|[from] item: Leftovers
|upkeep
|turn|25
|
|t:|1760805033
|move|p2a: Tyrant's Enforcer|Taunt|p1a: Dondozo
|-start|p1a: Dondozo|move: Taunt
|cant|p1a: Dondozo|move: Taunt|Curse
|
|-heal|p1a: Dondozo|84/100|[from] item: Leftovers
|upkeep
|turn|26
|
|t:|1760805043
|switch|p1a: Ting-Lu|Ting-Lu|96/100
|-ability|p1a: Ting-Lu|Vessel of Ruin
|move|p2a: Tyrant's Enforcer|Crunch|p1a: Ting-Lu
|-resisted|p1a: Ting-Lu
|-damage|p1a: Ting-Lu|85/100
|
|-heal|p1a: Ting-Lu|91/100|[from] item: Leftovers
|upkeep
|turn|27
|
|t:|1760805053
|switch|p1a: Dondozo|Dondozo, M|84/100
|move|p2a: Tyrant's Enforcer|Liquidation|p1a: Dondozo
|-resisted|p1a: Dondozo
|-damage|p1a: Dondozo|78/100
|-unboost|p1a: Dondozo|def|1
|
|-heal|p1a: Dondozo|84/100|[from] item: Leftovers
|upkeep
|turn|28
|
|t:|1760805064
|switch|p1a: Ting-Lu|Ting-Lu|91/100
|-ability|p1a: Ting-Lu|Vessel of Ruin
|move|p2a: Tyrant's Enforcer|Crunch|p1a: Ting-Lu
|-resisted|p1a: Ting-Lu
|-damage|p1a: Ting-Lu|80/100
|
|-heal|p1a: Ting-Lu|86/100|[from] item: Leftovers
|upkeep
|turn|29
|
|t:|1760805074
|switch|p1a: Dondozo|Dondozo, M|84/100
|move|p2a: Tyrant's Enforcer|Taunt|p1a: Dondozo
|-start|p1a: Dondozo|move: Taunt
|
|-heal|p1a: Dondozo|90/100|[from] item: Leftovers
|upkeep
|turn|30
|
|t:|1760805083
|switch|p1a: Ting-Lu|Ting-Lu|86/100
|-ability|p1a: Ting-Lu|Vessel of Ruin
|move|p2a: Tyrant's Enforcer|Crunch|p1a: Ting-Lu
|-resisted|p1a: Ting-Lu
|-damage|p1a: Ting-Lu|75/100
|
|-heal|p1a: Ting-Lu|81/100|[from] item: Leftovers
|upkeep
|turn|31
|
|t:|1760805094
|switch|p1a: Dondozo|Dondozo, M|90/100
|move|p2a: Tyrant's Enforcer|Taunt|p1a: Dondozo
|-start|p1a: Dondozo|move: Taunt
|
|-heal|p1a: Dondozo|97/100|[from] item: Leftovers
|upkeep
|turn|32
|
|t:|1760805103
|switch|p1a: Ting-Lu|Ting-Lu|81/100
|-ability|p1a: Ting-Lu|Vessel of Ruin
|move|p2a: Tyrant's Enforcer|Liquidation|p1a: Ting-Lu
|-supereffective|p1a: Ting-Lu
|-damage|p1a: Ting-Lu|49/100
|
|-heal|p1a: Ting-Lu|56/100|[from] item: Leftovers
|upkeep
|turn|33
|
|t:|1760805113
|move|p2a: Tyrant's Enforcer|Taunt|p1a: Ting-Lu
|-start|p1a: Ting-Lu|move: Taunt
|cant|p1a: Ting-Lu|move: Taunt|Rest
|
|-heal|p1a: Ting-Lu|62/100|[from] item: Leftovers
|upkeep
|turn|34
|
|t:|1760805123
|switch|p1a: Dondozo|Dondozo, M|97/100
|move|p2a: Tyrant's Enforcer|Liquidation|p1a: Dondozo
|-resisted|p1a: Dondozo
|-damage|p1a: Dondozo|90/100
|
|-heal|p1a: Dondozo|96/100|[from] item: Leftovers
|upkeep
|turn|35
|inactive|SpongeGar & Patar has 60 seconds left.
|
|t:|1760805133
|move|p2a: Tyrant's Enforcer|Taunt|p1a: Dondozo
|-start|p1a: Dondozo|move: Taunt
|cant|p1a: Dondozo|move: Taunt|Curse
|
|-heal|p1a: Dondozo|100/100|[from] item: Leftovers
|upkeep
|turn|36
|inactive|SpongeGar & Patar has 60 seconds left.
|
|t:|1760805142
|switch|p1a: Ting-Lu|Ting-Lu|62/100
|-ability|p1a: Ting-Lu|Vessel of Ruin
|move|p2a: Tyrant's Enforcer|Liquidation|p1a: Ting-Lu
|-supereffective|p1a: Ting-Lu
|-damage|p1a: Ting-Lu|28/100
|
|-heal|p1a: Ting-Lu|34/100|[from] item: Leftovers
|upkeep
|turn|37
|inactive|SpongeGar & Patar has 60 seconds left.
|
|t:|1760805152
|move|p2a: Tyrant's Enforcer|Taunt|p1a: Ting-Lu
|-start|p1a: Ting-Lu|move: Taunt
|cant|p1a: Ting-Lu|move: Taunt|Rest
|
|-heal|p1a: Ting-Lu|40/100|[from] item: Leftovers
|upkeep
|turn|38
|
|t:|1760805162
|switch|p1a: Dondozo|Dondozo, M|100/100
|move|p2a: Tyrant's Enforcer|Crunch|p1a: Dondozo
|-damage|p1a: Dondozo|81/100
|
|-heal|p1a: Dondozo|87/100|[from] item: Leftovers
|upkeep
|turn|39
|
|t:|1760805172
|move|p2a: Tyrant's Enforcer|Taunt|p1a: Dondozo
|-start|p1a: Dondozo|move: Taunt
|cant|p1a: Dondozo|move: Taunt|Curse
|
|-heal|p1a: Dondozo|93/100|[from] item: Leftovers
|upkeep
|turn|40
|
|t:|1760805181
|switch|p1a: Ting-Lu|Ting-Lu|40/100
|-ability|p1a: Ting-Lu|Vessel of Ruin
|move|p2a: Tyrant's Enforcer|Liquidation|p1a: Ting-Lu
|-supereffective|p1a: Ting-Lu
|-damage|p1a: Ting-Lu|8/100
|
|-heal|p1a: Ting-Lu|14/100|[from] item: Leftovers
|upkeep
|turn|41
|
|t:|1760805193
|switch|p1a: Dondozo|Dondozo, M|93/100
|move|p2a: Tyrant's Enforcer|Crunch|p1a: Dondozo
|-damage|p1a: Dondozo|73/100
|
|-heal|p1a: Dondozo|79/100|[from] item: Leftovers
|upkeep
|turn|42
|
|t:|1760805204
|move|p2a: Tyrant's Enforcer|Taunt|p1a: Dondozo
|-start|p1a: Dondozo|move: Taunt
|cant|p1a: Dondozo|move: Taunt|Curse
|
|-heal|p1a: Dondozo|86/100|[from] item: Leftovers
|upkeep
|turn|43
|
|t:|1760805213
|switch|p1a: Ting-Lu|Ting-Lu|14/100
|-ability|p1a: Ting-Lu|Vessel of Ruin
|move|p2a: Tyrant's Enforcer|Crunch|p1a: Ting-Lu
|-resisted|p1a: Ting-Lu
|-damage|p1a: Ting-Lu|3/100
|
|-heal|p1a: Ting-Lu|10/100|[from] item: Leftovers
|upkeep
|turn|44
|
|t:|1760805223
|switch|p1a: Dondozo|Dondozo, M|86/100
|move|p2a: Tyrant's Enforcer|Fell Stinger|p1a: Dondozo
|-damage|p1a: Dondozo|77/100
|
|-heal|p1a: Dondozo|84/100|[from] item: Leftovers
|upkeep
|turn|45
|
|t:|1760805233
|move|p2a: Tyrant's Enforcer|Taunt|p1a: Dondozo
|-start|p1a: Dondozo|move: Taunt
|cant|p1a: Dondozo|move: Taunt|Curse
|
|-heal|p1a: Dondozo|90/100|[from] item: Leftovers
|upkeep
|turn|46
|
|t:|1760805242
|move|p2a: Tyrant's Enforcer|Crunch|p1a: Dondozo
|-damage|p1a: Dondozo|69/100
|move|p1a: Dondozo|Body Press|p2a: Tyrant's Enforcer
|-damage|p2a: Tyrant's Enforcer|0 fnt
|-damage|p1a: Dondozo|53/100|[from] item: Rocky Helmet|[of] p2a: Tyrant's Enforcer
|faint|p2a: Tyrant's Enforcer
|
|-heal|p1a: Dondozo|59/100|[from] item: Leftovers
|upkeep
|
|t:|1760805253
|switch|p2a: Tyrant's Legacy|Excadrill, F|100/100
|-damage|p2a: Tyrant's Legacy|97/100|[from] Stealth Rock
|turn|47
|inactive|SpongeGar & Patar has 90 seconds left.
|
|t:|1760805262
|move|p2a: Tyrant's Legacy|Rapid Spin|p1a: Dondozo
|-damage|p1a: Dondozo|48/100
|-boost|p2a: Tyrant's Legacy|spe|1
|-sideend|p2: kshuaib734|Stealth Rock|[from] move: Rapid Spin|[of] p2a: Tyrant's Legacy
|-damage|p2a: Tyrant's Legacy|88/100|[from] item: Life Orb
|move|p1a: Dondozo|Body Press|p2a: Tyrant's Legacy
|-supereffective|p2a: Tyrant's Legacy
|-damage|p2a: Tyrant's Legacy|9/100
|
|-heal|p1a: Dondozo|54/100|[from] item: Leftovers
|-end|p1a: Dondozo|move: Taunt
|upkeep
|turn|48
|inactive|SpongeGar & Patar has 90 seconds left.
|inactive|SpongeGar & Patar has 60 seconds left.
|
|t:|1760805312
|switch|p1a: Slowking|Slowking-Galar, L99, M|68/100
|move|p2a: Tyrant's Legacy|Stealth Rock|p1a: Slowking
|-sidestart|p1: SpongeGar & Patar|move: Stealth Rock
|
|upkeep
|turn|49
|inactive|SpongeGar & Patar has 30 seconds left.
|inactive|SpongeGar & Patar has 20 seconds left.
|inactive|SpongeGar & Patar has 15 seconds left.
|
|t:|1760805360
|switch|p1a: Ting-Lu|Ting-Lu|10/100
|-damage|p1a: Ting-Lu|3/100|[from] Stealth Rock
|-ability|p1a: Ting-Lu|Vessel of Ruin
|move|p2a: Tyrant's Legacy|Iron Head|p1a: Ting-Lu
|-damage|p1a: Ting-Lu|0 fnt
|faint|p1a: Ting-Lu
|-damage|p2a: Tyrant's Legacy|0 fnt|[from] item: Life Orb
|faint|p2a: Tyrant's Legacy
|
|upkeep
|inactive|SpongeGar & Patar has 20 seconds left this turn.
|inactive|SpongeGar & Patar has 15 seconds left.
|
|t:|1760805374
|switch|p2a: Tyrant's Downpour|Pelipper, M|8/100
|switch|p1a: Slowking|Slowking-Galar, L99, M|100/100
|-weather|RainDance|[from] ability: Drizzle|[of] p2a: Tyrant's Downpour
|-damage|p1a: Slowking|88/100|[from] Stealth Rock
|turn|50
|inactive|SpongeGar & Patar has 25 seconds left this turn.
|inactive|SpongeGar & Patar has 20 seconds left.
|
|t:|1760805383
|move|p2a: Tyrant's Downpour|U-turn|p1a: Slowking
|-damage|p1a: Slowking|79/100
|
|t:|1760805391
|switch|p2a: Tyrant's Vengeance|Kingdra, M|100/100|[from] U-turn
|-prepare|p1a: Slowking|Chilly Reception|[premajor]
|move|p1a: Slowking|Chilly Reception|p1a: Slowking
|-weather|Snowscape
|inactive|SpongeGar & Patar has 30 seconds left this turn.
|
|t:|1760805400
|switch|p1a: Cinderace|Cinderace, M|43/100|[from] Chilly Reception
|
|-weather|Snowscape|[upkeep]
|upkeep
|turn|51
|inactive|SpongeGar & Patar has 30 seconds left.
|
|t:|1760805409
|switch|p2a: Tyrant's Downpour|Pelipper, M|8/100
|-weather|RainDance|[from] ability: Drizzle|[of] p2a: Tyrant's Downpour
|move|p1a: Cinderace|Court Change|p1a: Cinderace
|-swapsideconditions
|-activate|p1a: Cinderace|move: Court Change
|
|-weather|RainDance|[upkeep]
|upkeep
|turn|52
|
|t:|1760805418
|move|p1a: Cinderace|U-turn|p2a: Tyrant's Downpour
|-resisted|p2a: Tyrant's Downpour
|-damage|p2a: Tyrant's Downpour|0 fnt
|faint|p2a: Tyrant's Downpour
|
|t:|1760805427
|switch|p1a: Slowking|Slowking-Galar, L99, M|100/100|[from] U-turn
|
|-weather|RainDance|[upkeep]
|upkeep
|
|t:|1760805439
|switch|p2a: Tyrant's Endgame|Quaquaval, F|100/100
|-damage|p2a: Tyrant's Endgame|94/100|[from] Stealth Rock
|turn|53
|
|t:|1760805448
|move|p2a: Tyrant's Endgame|Wave Crash|p1a: Slowking
|-damage|p1a: Slowking|0 fnt
|faint|p1a: Slowking
|-ability|p2a: Tyrant's Endgame|Moxie|boost
|-boost|p2a: Tyrant's Endgame|atk|1
|-damage|p2a: Tyrant's Endgame|53/100|[from] Recoil
|
|-weather|RainDance|[upkeep]
|upkeep
|
|t:|1760805459
|switch|p1a: Dondozo|Dondozo, M|54/100
|turn|54
|j| don sax 22
|
|t:|1760805468
|switch|p2a: Tyrant's Vengeance|Kingdra, M|100/100
|-damage|p2a: Tyrant's Vengeance|88/100|[from] Stealth Rock
|move|p1a: Dondozo|Body Press|p2a: Tyrant's Vengeance
|-damage|p2a: Tyrant's Vengeance|53/100
|
|-weather|RainDance|[upkeep]
|-heal|p1a: Dondozo|60/100|[from] item: Leftovers
|upkeep
|turn|55
|
|t:|1760805478
|-terastallize|p2a: Tyrant's Vengeance|Water
|move|p2a: Tyrant's Vengeance|Weather Ball|p1a: Dondozo
|-resisted|p1a: Dondozo
|-damage|p1a: Dondozo|0 fnt
|faint|p1a: Dondozo
|
|-weather|RainDance|[upkeep]
|upkeep
|
|t:|1760805487
|switch|p1a: Corviknight|Corviknight, M|76/100
|-ability|p1a: Corviknight|Pressure
|turn|56
|j| weigh666
|
|t:|1760805494
|move|p2a: Tyrant's Vengeance|Weather Ball|p1a: Corviknight
|-damage|p1a: Corviknight|0 fnt
|faint|p1a: Corviknight
|
|-weather|RainDance|[upkeep]
|upkeep
|
|t:|1760805500
|switch|p1a: Cinderace|Cinderace, M|43/100
|turn|57
|
|t:|1760805504
|move|p2a: Tyrant's Vengeance|Weather Ball|p1a: Cinderace
|-supereffective|p1a: Cinderace
|-damage|p1a: Cinderace|0 fnt
|faint|p1a: Cinderace
|
|win|kshuaib734
|raw|SpongeGar &amp; Patar's rating: 1862 &rarr; <strong>1840</strong><br />(-22 for losing)
|raw|kshuaib734's rating: 1825 &rarr; <strong>1847</strong><br />(+22 for winning)
|l|☆SpongeGar & Patar
|player|p1|
|l|☆kshuaib734
|player|p2|
|l| don sax 22
