|j|☆Legionarwar
|j|☆yyyyp
|t:|1760857112
|gametype|singles
|player|p1|Legionarwar|marlon|1151
|player|p2|yyyyp|bugsy|1118
|gen|9
|tier|[Gen 9] OU
|rated|
|rule|HP Percentage Mod: HP is shown in percentages
|rule|Endless Battle Clause: Forcing endless battles is banned
|rule|Species Clause: Limit one of each Pokémon
|rule|OHKO Clause: OHKO moves are banned
|rule|Evasion Items Clause: Evasion items are banned
|rule|Evasion Moves Clause: Evasion moves are banned
|rule|Evasion Abilities Clause: Evasion abilities are banned
|rule|Sleep Moves Clause: Sleep-inducing moves are banned
|clearpoke
|poke|p1|Iron Treads|
|poke|p1|Torterra, F|
|poke|p1|Galvantula, F|
|poke|p1|Cinderace, M|
|poke|p1|Inteleon, F|
|poke|p1|Kilowattrel, M|
|poke|p2|Cinderace, F|
|poke|p2|Deoxys-Speed|
|poke|p2|Dragapult, M|
|poke|p2|Enamorus, F|
|poke|p2|Hoopa|
|poke|p2|Ogerpon-Wellspring, F|
|teampreview
|inactive|Battle timer is ON: inactive players will automatically lose when time's up. (requested by yyyyp)
|inactive|Legionarwar also wants the timer to be on.
|
|t:|1760857123
|teamsize|p1|6
|teamsize|p2|6
|start
|switch|p1a: Galvantula|Galvantula, F|100/100
|switch|p2a: Enamorus|Enamorus, F|100/100
|turn|1
|
|t:|1760857130
|move|p1a: Galvantula|Thunder Wave|p2a: Enamorus
|-status|p2a: Enamorus|par
|move|p2a: Enamorus|Superpower|p1a: Galvantula
|-resisted|p1a: Galvantula
|-damage|p1a: Galvantula|52/100
|-boost|p2a: Enamorus|atk|1
|-boost|p2a: Enamorus|def|1
|-damage|p2a: Enamorus|91/100 par|[from] item: Life Orb
|
|upkeep
|turn|2
|
|t:|1760857138
|move|p1a: Galvantula|Thunder|p2a: Enamorus|[miss]
|-miss|p1a: Galvantula|p2a: Enamorus
|move|p2a: Enamorus|Superpower|p1a: Galvantula
|-resisted|p1a: Galvantula
|-damage|p1a: Galvantula|0 fnt
|-boost|p2a: Enamorus|atk|1
|-boost|p2a: Enamorus|def|1
|faint|p1a: Galvantula
|-damage|p2a: Enamorus|81/100 par|[from] item: Life Orb
|
|upkeep
|
|t:|1760857142
|switch|p1a: Kilowattrel|Kilowattrel, M|100/100
|turn|3
|
|t:|1760857148
|move|p1a: Kilowattrel|Thunderbolt|p2a: Enamorus
|-supereffective|p2a: Enamorus
|-damage|p2a: Enamorus|0 fnt
|faint|p2a: Enamorus
|
|upkeep
|
|t:|1760857155
|switch|p2a: Hoopa|Hoopa|100/100
|turn|4
|
|t:|1760857160
|move|p1a: Kilowattrel|Thunderbolt|p2a: Hoopa
|-damage|p2a: Hoopa|66/100
|move|p2a: Hoopa|Psychic Terrain|p2a: Hoopa
|-fieldstart|move: Psychic Terrain
|
|upkeep
|turn|5
|
|t:|1760857165
|move|p1a: Kilowattrel|Thunderbolt|p2a: Hoopa
|-damage|p2a: Hoopa|26/100
|move|p2a: Hoopa|Knock Off|p1a: Kilowattrel
|-damage|p1a: Kilowattrel|39/100
|-enditem|p1a: Kilowattrel|Heavy-Duty Boots|[from] move: Knock Off|[of] p2a: Hoopa
|-damage|p2a: Hoopa|16/100|[from] item: Life Orb
|
|upkeep
|turn|6
|
|t:|1760857168
|move|p1a: Kilowattrel|Thunderbolt|p2a: Hoopa
|-damage|p2a: Hoopa|0 fnt
|faint|p2a: Hoopa
|
|upkeep
|
|t:|1760857170
|switch|p2a: Deoxys|Deoxys-Speed, shiny|100/100
|-ability|p2a: Deoxys|Pressure
|turn|7
|
|t:|1760857174
|move|p2a: Deoxys|Expanding Force|p1a: Kilowattrel
|-damage|p1a: Kilowattrel|0 fnt
|faint|p1a: Kilowattrel
|
|upkeep
|
|t:|1760857178
|switch|p1a: Iron Treads|Iron Treads|100/100
|-enditem|p1a: Iron Treads|Booster Energy
|-activate|p1a: Iron Treads|ability: Quark Drive|[fromitem]
|-start|p1a: Iron Treads|quarkdriveatk
|turn|8
|
|t:|1760857185
|-terastallize|p2a: Deoxys|Psychic
|move|p2a: Deoxys|Expanding Force|p1a: Iron Treads
|-resisted|p1a: Iron Treads
|-damage|p1a: Iron Treads|0 fnt
|faint|p1a: Iron Treads
|-end|p1a: Iron Treads|Quark Drive|[silent]
|
|-fieldend|move: Psychic Terrain
|upkeep
|
|t:|1760857193
|switch|p1a: Cinderace|Cinderace, M|100/100
|turn|9
|
|t:|1760857197
|move|p1a: Cinderace|Sucker Punch|p2a: Deoxys
|-start|p1a: Cinderace|typechange|Dark|[from] ability: Libero
|-supereffective|p2a: Deoxys
|-damage|p2a: Deoxys|0 fnt
|faint|p2a: Deoxys
|-damage|p1a: Cinderace|91/100|[from] item: Life Orb
|
|upkeep
|
|t:|1760857203
|switch|p2a: Cinderace|Cinderace, F|100/100
|turn|10
|
|t:|1760857212
|move|p1a: Cinderace|Gunk Shot|p2a: Cinderace
|-damage|p2a: Cinderace|26/100
|-damage|p1a: Cinderace|81/100|[from] item: Life Orb
|move|p2a: Cinderace|High Jump Kick|p1a: Cinderace
|-start|p2a: Cinderace|typechange|Fighting|[from] ability: Libero
|-supereffective|p1a: Cinderace
|-damage|p1a: Cinderace|0 fnt
|faint|p1a: Cinderace
|
|upkeep
|
|t:|1760857222
|switch|p1a: Rerra|Torterra, F|100/100
|turn|11
|
|t:|1760857226
|move|p2a: Cinderace|High Jump Kick|p1a: Rerra|[miss]
|-miss|p2a: Cinderace|p1a: Rerra
|-damage|p2a: Cinderace|0 fnt|[from] highjumpkick
|faint|p2a: Cinderace
|move|p1a: Rerra|Shell Smash|p1a: Rerra
|-unboost|p1a: Rerra|def|1
|-unboost|p1a: Rerra|spd|1
|-boost|p1a: Rerra|atk|2
|-boost|p1a: Rerra|spa|2
|-boost|p1a: Rerra|spe|2
|
|upkeep
|
|t:|1760857229
|switch|p2a: Ogerpon|Ogerpon-Wellspring, F|100/100
|turn|12
|
|t:|1760857249
|-terastallize|p1a: Rerra|Grass
|move|p1a: Rerra|Bullet Seed|p2a: Ogerpon
|-damage|p2a: Ogerpon|61/100
|-damage|p2a: Ogerpon|25/100
|-damage|p2a: Ogerpon|0 fnt
|faint|p2a: Ogerpon
|-hitcount|p2: Ogerpon|3
|
|upkeep
|
|t:|1760857255
|switch|p2a: Dragapult|Dragapult, M|100/100
|turn|13
|
|t:|1760857260
|move|p2a: Dragapult|Dragon Darts|p1a: Rerra
|-damage|p1a: Rerra|50/100
|-anim|p2a: Dragapult|Dragon Darts|p1a: Rerra
|-damage|p1a: Rerra|3/100
|move|p1a: Rerra|Rock Blast|p2a: Dragapult
|-damage|p2a: Dragapult|76/100
|-damage|p2a: Dragapult|53/100
|-damage|p2a: Dragapult|28/100
|-damage|p2a: Dragapult|5/100
|-hitcount|p2a: Dragapult|4
|
|upkeep
|turn|14
|
|t:|1760857264
|move|p2a: Dragapult|Dragon Darts|p1a: Rerra
|-damage|p1a: Rerra|0 fnt
|faint|p1a: Rerra
|
|upkeep
|
|t:|1760857266
|switch|p1a: Inteleon|Inteleon, F|100/100
|turn|15
|
|t:|1760857269
|move|p2a: Dragapult|Dragon Darts|p1a: Inteleon
|-damage|p1a: Inteleon|34/100
|-anim|p2a: Dragapult|Dragon Darts|p1a: Inteleon
|-damage|p1a: Inteleon|0 fnt
|faint|p1a: Inteleon
|
|win|yyyyp
|raw|Legionarwar's rating: 1151 &rarr; <strong>1124</strong><br />(-27 for losing)
|raw|yyyyp's rating: 1118 &rarr; <strong>1145</strong><br />(+27 for winning)
|l|☆yyyyp
|player|p2|
|l|☆Legionarwar
|player|p1|
|j|☆yyyyp
|player|p2|yyyyp|bugsy|
|l|☆yyyyp
|player|p2|
