|j|☆TrentMercer
|j|☆Swankentora
|t:|1760728467
|gametype|singles
|player|p1|TrentMercer|n|1670
|player|p2|Swankentora|n|1626
|gen|9
|tier|[Gen 9] OU
|rated|
|rule|HP Percentage Mod: HP is shown in percentages
|rule|Endless Battle Clause: Forcing endless battles is banned
|rule|Species Clause: Limit one of each Pokémon
|rule|OHKO Clause: OHKO moves are banned
|rule|Evasion Items Clause: Evasion items are banned
|rule|Evasion Moves Clause: Evasion moves are banned
|rule|Evasion Abilities Clause: Evasion abilities are banned
|rule|Sleep Moves Clause: Sleep-inducing moves are banned
|clearpoke
|poke|p1|Great Tusk|
|poke|p1|Slowking-Galar, M|
|poke|p1|Zapdos|
|poke|p1|Crawdaunt, M|
|poke|p1|Chandelure, M|
|poke|p1|Scizor, M|
|poke|p2|Samurott-Hisui, F|
|poke|p2|Heatran, M|
|poke|p2|Latios, M|
|poke|p2|Iron Valiant|
|poke|p2|Iron Treads|
|poke|p2|Dragapult, M|
|teampreview
|
|t:|1760728471
|teamsize|p1|6
|teamsize|p2|6
|start
|switch|p1a: Zapdos|Zapdos|100/100
|switch|p2a: Dragapult|Dragapult, M|100/100
|turn|1
|
|t:|1760728483
|switch|p2a: Iron Treads|Iron Treads|100/100
|move|p1a: Zapdos|Thunder Wave|p2a: Iron Treads
|-immune|p2a: Iron Treads
|
|upkeep
|turn|2
|inactive|Battle timer is ON: inactive players will automatically lose when time's up. (requested by TrentMercer)
|
|t:|1760728490
|switch|p1a: Great Tusk|Great Tusk|100/100
|-enditem|p1a: Great Tusk|Booster Energy
|-activate|p1a: Great Tusk|ability: Protosynthesis|[fromitem]
|-start|p1a: Great Tusk|protosynthesisatk
|move|p2a: Iron Treads|Ice Spinner|p1a: Great Tusk
|-supereffective|p1a: Great Tusk
|-damage|p1a: Great Tusk|70/100
|
|upkeep
|turn|3
|
|t:|1760728498
|-end|p2a: Iron Treads|Quark Drive|[silent]
|switch|p2a: Latios|Latios, M|100/100
|move|p1a: Great Tusk|Stealth Rock|p2a: Latios
|-sidestart|p2: Swankentora|move: Stealth Rock
|
|upkeep
|turn|4
|
|t:|1760728504
|-end|p1a: Great Tusk|Protosynthesis|[silent]
|switch|p1a: Slowking|Slowking-Galar, M|100/100
|move|p2a: Latios|Luster Purge|p1a: Slowking
|-damage|p1a: Slowking|75/100
|
|upkeep
|turn|5
|
|t:|1760728509
|switch|p2a: Samurott|Samurott-Hisui, F|100/100
|-damage|p2a: Samurott|88/100|[from] Stealth Rock
|move|p1a: Slowking|Ice Beam|p2a: Samurott
|-resisted|p2a: Samurott
|-damage|p2a: Samurott|78/100
|
|upkeep
|turn|6
|
|t:|1760728516
|switch|p1a: Zapdos|Zapdos|100/100
|move|p2a: Samurott|Knock Off|p1a: Zapdos
|-damage|p1a: Zapdos|72/100
|-status|p2a: Samurott|par|[from] ability: Static|[of] p1a: Zapdos
|-enditem|p1a: Zapdos|Heavy-Duty Boots|[from] move: Knock Off|[of] p2a: Samurott
|
|upkeep
|turn|7
|
|t:|1760728524
|move|p1a: Zapdos|Hurricane|p2a: Samurott
|-damage|p2a: Samurott|45/100 par
|move|p2a: Samurott|Ceaseless Edge|p1a: Zapdos
|-damage|p1a: Zapdos|41/100
|-sidestart|p1: TrentMercer|Spikes
|
|upkeep
|turn|8
|
|t:|1760728535
|move|p1a: Zapdos|Volt Switch|p2a: Samurott
|-supereffective|p2a: Samurott
|-damage|p2a: Samurott|0 fnt
|faint|p2a: Samurott
|
|t:|1760728541
|switch|p1a: Scizor|Scizor, M|100/100|[from] Volt Switch
|-damage|p1a: Scizor|88/100|[from] Spikes
|
|upkeep
|
|t:|1760728546
|switch|p2a: Heatran|Heatran, M|100/100
|-damage|p2a: Heatran|88/100|[from] Stealth Rock
|turn|9
|
|t:|1760728552
|-terastallize|p1a: Scizor|Fire
|move|p1a: Scizor|Close Combat|p2a: Heatran
|-supereffective|p2a: Heatran
|-damage|p2a: Heatran|14/100
|-unboost|p1a: Scizor|def|1
|-unboost|p1a: Scizor|spd|1
|-damage|p1a: Scizor|72/100|[from] item: Rocky Helmet|[of] p2a: Heatran
|-damage|p1a: Scizor|62/100|[from] item: Life Orb
|move|p2a: Heatran|Earth Power|p1a: Scizor
|-supereffective|p1a: Scizor
|-damage|p1a: Scizor|0 fnt
|faint|p1a: Scizor
|
|upkeep
|
|t:|1760728559
|switch|p1a: Zapdos|Zapdos|41/100
|turn|10
|
|t:|1760728566
|switch|p2a: Iron Treads|Iron Treads|100/100
|-damage|p2a: Iron Treads|98/100|[from] Stealth Rock
|move|p1a: Zapdos|Volt Switch|p2a: Iron Treads
|-immune|p2a: Iron Treads
|
|-heal|p2a: Iron Treads|100/100|[from] item: Leftovers
|upkeep
|turn|11
|
|t:|1760728571
|move|p2a: Iron Treads|Ice Spinner|p1a: Zapdos
|-supereffective|p1a: Zapdos
|-damage|p1a: Zapdos|11/100
|move|p1a: Zapdos|Roost|p1a: Zapdos
|-heal|p1a: Zapdos|61/100
|-singleturn|p1a: Zapdos|move: Roost
|
|upkeep
|turn|12
|
|t:|1760728581
|-end|p2a: Iron Treads|Quark Drive|[silent]
|switch|p2a: Iron Valiant|Iron Valiant|100/100
|-damage|p2a: Iron Valiant|94/100|[from] Stealth Rock
|switch|p1a: Great Tusk|Great Tusk|70/100
|-damage|p1a: Great Tusk|57/100|[from] Spikes
|
|upkeep
|turn|13
|
|t:|1760728589
|-end|p1a: Great Tusk|Protosynthesis|[silent]
|switch|p1a: Zapdos|Zapdos|61/100
|move|p2a: Iron Valiant|Shadow Ball|p1a: Zapdos
|-damage|p1a: Zapdos|20/100
|
|upkeep
|turn|14
|
|t:|1760728595
|move|p2a: Iron Valiant|Shadow Ball|p1a: Zapdos
|-damage|p1a: Zapdos|0 fnt
|faint|p1a: Zapdos
|
|upkeep
|
|t:|1760728599
|switch|p1a: Crawdaunt|Crawdaunt, M|100/100
|-damage|p1a: Crawdaunt|88/100|[from] Spikes
|turn|15
|
|t:|1760728604
|-end|p2a: Iron Valiant|Quark Drive|[silent]
|switch|p2a: Heatran|Heatran, M|14/100
|-damage|p2a: Heatran|1/100|[from] Stealth Rock
|move|p1a: Crawdaunt|Crabhammer|p2a: Heatran
|-supereffective|p2a: Heatran
|-damage|p2a: Heatran|0 fnt
|-damage|p1a: Crawdaunt|72/100|[from] item: Rocky Helmet|[of] p2a: Heatran
|-status|p1a: Crawdaunt|brn|[from] ability: Flame Body|[of] p2a: Heatran
|faint|p2a: Heatran
|
|-damage|p1a: Crawdaunt|66/100 brn|[from] brn
|upkeep
|
|t:|1760728613
|switch|p2a: Dragapult|Dragapult, M|100/100
|-damage|p2a: Dragapult|88/100|[from] Stealth Rock
|turn|16
|
|t:|1760728618
|move|p2a: Dragapult|U-turn|p1a: Crawdaunt
|-supereffective|p1a: Crawdaunt
|-damage|p1a: Crawdaunt|0 fnt
|faint|p1a: Crawdaunt
|
|t:|1760728623
|switch|p2a: Iron Valiant|Iron Valiant|94/100|[from] U-turn
|-damage|p2a: Iron Valiant|88/100|[from] Stealth Rock
|
|upkeep
|
|t:|1760728628
|switch|p1a: Slowking|Slowking-Galar, M|100/100
|-damage|p1a: Slowking|88/100|[from] Spikes
|turn|17
|
|t:|1760728633
|-end|p2a: Iron Valiant|Quark Drive|[silent]
|switch|p2a: Iron Treads|Iron Treads|100/100
|-damage|p2a: Iron Treads|98/100|[from] Stealth Rock
|move|p1a: Slowking|Psyshock|p2a: Iron Treads
|-resisted|p2a: Iron Treads
|-damage|p2a: Iron Treads|84/100
|
|-heal|p2a: Iron Treads|90/100|[from] item: Leftovers
|upkeep
|turn|18
|
|t:|1760728641
|switch|p1a: Great Tusk|Great Tusk|57/100
|-damage|p1a: Great Tusk|45/100|[from] Spikes
|move|p2a: Iron Treads|Earthquake|p1a: Great Tusk
|-damage|p1a: Great Tusk|17/100
|
|-heal|p2a: Iron Treads|96/100|[from] item: Leftovers
|upkeep
|turn|19
|
|t:|1760728653
|-end|p2a: Iron Treads|Quark Drive|[silent]
|switch|p2a: Latios|Latios, M|100/100
|-damage|p2a: Latios|88/100|[from] Stealth Rock
|move|p1a: Great Tusk|Rapid Spin|p2a: Latios
|-damage|p2a: Latios|66/100
|-boost|p1a: Great Tusk|spe|1
|-sideend|p1: TrentMercer|Spikes|[from] move: Rapid Spin|[of] p1a: Great Tusk
|
|upkeep
|turn|20
|
|t:|1760728663
|move|p2a: Latios|Luster Purge|p1a: Great Tusk
|-supereffective|p1a: Great Tusk
|-damage|p1a: Great Tusk|0 fnt
|faint|p1a: Great Tusk
|-end|p1a: Great Tusk|Protosynthesis|[silent]
|
|upkeep
|
|t:|1760728670
|switch|p1a: Chandelure|Chandelure, M, shiny|100/100
|turn|21
|
|t:|1760728676
|switch|p2a: Dragapult|Dragapult, M|88/100
|-damage|p2a: Dragapult|76/100|[from] Stealth Rock
|move|p1a: Chandelure|Shadow Ball|p2a: Dragapult
|-supereffective|p2a: Dragapult
|-damage|p2a: Dragapult|0 fnt
|faint|p2a: Dragapult
|
|upkeep
|
|t:|1760728679
|switch|p2a: Iron Valiant|Iron Valiant|88/100
|-damage|p2a: Iron Valiant|82/100|[from] Stealth Rock
|turn|22
|inactive|TrentMercer has 120 seconds left.
|
|t:|1760728720
|move|p1a: Chandelure|Shadow Ball|p2a: Iron Valiant
|-damage|p2a: Iron Valiant|0 fnt
|faint|p2a: Iron Valiant
|-end|p2a: Iron Valiant|Quark Drive|[silent]
|
|upkeep
|
|t:|1760728730
|switch|p2a: Latios|Latios, M|66/100
|-damage|p2a: Latios|54/100|[from] Stealth Rock
|turn|23
|
|t:|1760728734
|switch|p1a: Slowking|Slowking-Galar, M|100/100
|move|p2a: Latios|Draco Meteor|p1a: Slowking
|-damage|p1a: Slowking|62/100
|-unboost|p2a: Latios|spa|2
|
|upkeep
|turn|24
|
|t:|1760728740
|switch|p2a: Iron Treads|Iron Treads|96/100
|-damage|p2a: Iron Treads|93/100|[from] Stealth Rock
|move|p1a: Slowking|Flamethrower|p2a: Iron Treads
|-supereffective|p2a: Iron Treads
|-damage|p2a: Iron Treads|44/100
|
|-heal|p2a: Iron Treads|50/100|[from] item: Leftovers
|upkeep
|turn|25
|
|t:|1760728752
|move|p2a: Iron Treads|Earthquake|p1a: Slowking
|-supereffective|p1a: Slowking
|-damage|p1a: Slowking|0 fnt
|faint|p1a: Slowking
|
|-heal|p2a: Iron Treads|56/100|[from] item: Leftovers
|upkeep
|
|t:|1760728755
|switch|p1a: Chandelure|Chandelure, M, shiny|100/100
|turn|26
|
|t:|1760728775
|move|p1a: Chandelure|Shadow Ball|p2a: Iron Treads
|-damage|p2a: Iron Treads|21/100
|move|p2a: Iron Treads|Earthquake|p1a: Chandelure
|-supereffective|p1a: Chandelure
|-damage|p1a: Chandelure|0 fnt
|faint|p1a: Chandelure
|
|win|Swankentora
|raw|TrentMercer's rating: 1670 &rarr; <strong>1647</strong><br />(-23 for losing)
|raw|Swankentora's rating: 1626 &rarr; <strong>1649</strong><br />(+23 for winning)
|c|☆Swankentora|gg
|c|☆TrentMercer|gg
|l|☆TrentMercer
|player|p1|
|l|☆Swankentora
|player|p2|
