|j|☆PokeMasterEN
|j|☆Truffle buddah
|t:|1760846634
|gametype|singles
|player|p1|PokeMasterEN|firebreather|1362
|player|p2|Truffle buddah|li|1402
|gen|9
|tier|[Gen 9] OU
|rated|
|rule|HP Percentage Mod: HP is shown in percentages
|rule|Endless Battle Clause: Forcing endless battles is banned
|rule|Species Clause: Limit one of each Pokémon
|rule|OHKO Clause: OHKO moves are banned
|rule|Evasion Items Clause: Evasion items are banned
|rule|Evasion Moves Clause: Evasion moves are banned
|rule|Evasion Abilities Clause: Evasion abilities are banned
|rule|Sleep Moves Clause: Sleep-inducing moves are banned
|clearpoke
|poke|p1|Lokix, F|
|poke|p1|Cinderace, F|
|poke|p1|Great Tusk|
|poke|p1|Alomomola, M|
|poke|p1|Enamorus, F|
|poke|p1|Slowking-Galar, F|
|poke|p2|Iron Hands|
|poke|p2|Mimikyu, M|
|poke|p2|Diancie|
|poke|p2|Ursaluna, F|
|poke|p2|Hatterene, F|
|poke|p2|Sinistcha|
|teampreview
|inactive|Battle timer is ON: inactive players will automatically lose when time's up. (requested by PokeMasterEN)
|inactive|Truffle buddah has 120 seconds left.
|
|t:|1760846683
|teamsize|p1|6
|teamsize|p2|6
|start
|switch|p1a: Lokix|Lokix, F, shiny|100/100
|switch|p2a: Diancie|Diancie|100/100
|turn|1
|
|t:|1760846698
|move|p1a: Lokix|Knock Off|p2a: Diancie
|-resisted|p2a: Diancie
|-damage|p2a: Diancie|47/100
|-enditem|p2a: Diancie|Power Herb|[from] move: Knock Off|[of] p1a: Lokix
|move|p2a: Diancie|Stealth Rock|p1a: Lokix
|-sidestart|p1: PokeMasterEN|move: Stealth Rock
|
|upkeep
|turn|2
|
|t:|1760846713
|switch|p1a: Cinderace|Cinderace, F, shiny|100/100
|move|p2a: Diancie|Trick Room|p2a: Diancie
|-fieldstart|move: Trick Room|[of] p2a: Diancie
|
|upkeep
|turn|3
|
|t:|1760846729
|switch|p1a: Slowking|Slowking-Galar, F|100/100
|-damage|p1a: Slowking|88/100|[from] Stealth Rock
|move|p2a: Diancie|Meteor Beam||[still]
|-prepare|p2a: Diancie|Meteor Beam
|-boost|p2a: Diancie|spa|1
|
|upkeep
|turn|4
|
|t:|1760846745
|move|p1a: Slowking|Sludge Bomb|p2a: Diancie
|-damage|p2a: Diancie|21/100
|move|p2a: Diancie|Meteor Beam|p1a: Slowking|[from] lockedmove
|-damage|p1a: Slowking|25/100
|
|upkeep
|turn|5
|
|t:|1760846768
|move|p1a: Slowking|Sludge Bomb|p2a: Diancie
|-damage|p2a: Diancie|0 fnt
|faint|p2a: Diancie
|
|upkeep
|
|t:|1760846770
|switch|p2a: Ursaluna|Ursaluna, F|100/100
|turn|6
|
|t:|1760846780
|switch|p1a: Enamorus|Enamorus, F|100/100
|-damage|p1a: Enamorus|76/100|[from] Stealth Rock
|move|p2a: Ursaluna|Facade|p1a: Enamorus
|-damage|p1a: Enamorus|6/100
|
|-fieldend|move: Trick Room
|-status|p2a: Ursaluna|brn|[from] item: Flame Orb
|upkeep
|turn|7
|
|t:|1760846802
|switch|p1a: Alomomola|Alomomola, M|100/100
|-damage|p1a: Alomomola|88/100|[from] Stealth Rock
|move|p2a: Ursaluna|Facade|p1a: Alomomola
|-damage|p1a: Alomomola|0 fnt
|-damage|p2a: Ursaluna|84/100 brn|[from] item: Rocky Helmet|[of] p1a: Alomomola
|faint|p1a: Alomomola
|
|-damage|p2a: Ursaluna|78/100 brn|[from] brn
|upkeep
|inactive|PokeMasterEN has 120 seconds left.
|
|t:|1760846825
|switch|p1a: Great Tusk|Great Tusk|100/100
|-damage|p1a: Great Tusk|98/100|[from] Stealth Rock
|turn|8
|inactive|PokeMasterEN has 120 seconds left.
|
|t:|1760846838
|switch|p2a: Sinistcha|Sinistcha|100/100
|move|p1a: Great Tusk|Knock Off|p2a: Sinistcha
|-supereffective|p2a: Sinistcha
|-damage|p2a: Sinistcha|56/100
|-enditem|p2a: Sinistcha|Heavy-Duty Boots|[from] move: Knock Off|[of] p1a: Great Tusk
|
|-heal|p1a: Great Tusk|100/100|[from] item: Leftovers
|upkeep
|turn|9
|inactive|PokeMasterEN has 120 seconds left.
|
|t:|1760846850
|-end|p1a: Great Tusk|Protosynthesis|[silent]
|switch|p1a: Cinderace|Cinderace, F, shiny|100/100
|move|p2a: Sinistcha|Strength Sap|p1a: Cinderace
|-unboost|p1a: Cinderace|atk|1
|-heal|p2a: Sinistcha|100/100
|
|upkeep
|turn|10
|inactive|PokeMasterEN has 120 seconds left.
|
|t:|1760846857
|move|p1a: Cinderace|Court Change|p1a: Cinderace
|-swapsideconditions
|-activate|p1a: Cinderace|move: Court Change
|move|p2a: Sinistcha|Trick Room|p2a: Sinistcha
|-fieldstart|move: Trick Room|[of] p2a: Sinistcha
|
|upkeep
|turn|11
|
|t:|1760846865
|move|p2a: Sinistcha|Shadow Ball|p1a: Cinderace
|-damage|p1a: Cinderace|57/100
|-unboost|p1a: Cinderace|spd|1
|move|p1a: Cinderace|Pyro Ball|p2a: Sinistcha
|-supereffective|p2a: Sinistcha
|-damage|p2a: Sinistcha|76/100
|
|upkeep
|turn|12
|
|t:|1760846873
|switch|p1a: Lokix|Lokix, F, shiny|100/100
|move|p2a: Sinistcha|Shadow Ball|p1a: Lokix
|-resisted|p1a: Lokix
|-damage|p1a: Lokix|64/100
|
|upkeep
|turn|13
|
|t:|1760846893
|move|p2a: Sinistcha|Matcha Gotcha|p1a: Lokix
|-resisted|p1a: Lokix
|-damage|p1a: Lokix|33/100
|-heal|p2a: Sinistcha|89/100|[from] drain|[of] p1a: Lokix
|move|p1a: Lokix|Leech Life|p2a: Sinistcha
|-damage|p2a: Sinistcha|47/100
|-heal|p1a: Lokix|58/100|[from] drain|[of] p2a: Sinistcha
|
|upkeep
|turn|14
|
|t:|1760846907
|move|p2a: Sinistcha|Strength Sap|p1a: Lokix
|-unboost|p1a: Lokix|atk|1
|-heal|p2a: Sinistcha|100/100
|move|p1a: Lokix|Leech Life|p2a: Sinistcha
|-damage|p2a: Sinistcha|69/100
|-heal|p1a: Lokix|77/100|[from] drain|[of] p2a: Sinistcha
|
|-fieldend|move: Trick Room
|upkeep
|turn|15
|
|t:|1760846916
|move|p1a: Lokix|Leech Life|p2a: Sinistcha
|-damage|p2a: Sinistcha|40/100
|-heal|p1a: Lokix|94/100|[from] drain|[of] p2a: Sinistcha
|move|p2a: Sinistcha|Trick Room|p2a: Sinistcha
|-fieldstart|move: Trick Room|[of] p2a: Sinistcha
|
|upkeep
|turn|16
|
|t:|1760846919
|move|p2a: Sinistcha|Strength Sap|p1a: Lokix
|-unboost|p1a: Lokix|atk|1
|-heal|p2a: Sinistcha|100/100
|move|p1a: Lokix|Leech Life|p2a: Sinistcha
|-damage|p2a: Sinistcha|78/100
|-heal|p1a: Lokix|100/100|[from] drain|[of] p2a: Sinistcha
|
|upkeep
|turn|17
|
|t:|1760846934
|move|p2a: Sinistcha|Matcha Gotcha|p1a: Lokix
|-resisted|p1a: Lokix
|-damage|p1a: Lokix|68/100
|-heal|p2a: Sinistcha|92/100|[from] drain|[of] p1a: Lokix
|move|p1a: Lokix|Leech Life|p2a: Sinistcha
|-damage|p2a: Sinistcha|70/100
|-heal|p1a: Lokix|81/100|[from] drain|[of] p2a: Sinistcha
|
|upkeep
|turn|18
|
|t:|1760846943
|move|p2a: Sinistcha|Matcha Gotcha|p1a: Lokix
|-resisted|p1a: Lokix
|-damage|p1a: Lokix|49/100
|-heal|p2a: Sinistcha|83/100|[from] drain|[of] p1a: Lokix
|move|p1a: Lokix|Leech Life|p2a: Sinistcha
|-crit|p2a: Sinistcha
|-damage|p2a: Sinistcha|14/100
|-heal|p1a: Lokix|90/100|[from] drain|[of] p2a: Sinistcha
|
|upkeep
|turn|19
|
|t:|1760846965
|switch|p1a: Slowking|Slowking-Galar, F|58/100
|move|p2a: Sinistcha|Strength Sap|p1a: Slowking
|-unboost|p1a: Slowking|atk|1
|-heal|p2a: Sinistcha|53/100
|
|-fieldend|move: Trick Room
|upkeep
|turn|20
|
|t:|1760846974
|move|p2a: Sinistcha|Shadow Ball|p1a: Slowking
|-supereffective|p1a: Slowking
|-damage|p1a: Slowking|1/100
|move|p1a: Slowking|Sludge Bomb|p2a: Sinistcha
|-damage|p2a: Sinistcha|11/100
|
|upkeep
|turn|21
|
|t:|1760846985
|switch|p1a: Lokix|Lokix, F, shiny|90/100
|move|p2a: Sinistcha|Shadow Ball|p1a: Lokix
|-resisted|p1a: Lokix
|-damage|p1a: Lokix|54/100
|
|upkeep
|turn|22
|
|t:|1760846996
|move|p1a: Lokix|First Impression|p2a: Sinistcha
|-damage|p2a: Sinistcha|0 fnt
|faint|p2a: Sinistcha
|
|upkeep
|
|t:|1760846998
|switch|p2a: Mimikyu|Mimikyu, M|100/100
|-damage|p2a: Mimikyu|88/100|[from] Stealth Rock
|turn|23
|
|t:|1760847006
|switch|p1a: Slowking|Slowking-Galar, F|34/100
|move|p2a: Mimikyu|Trick Room|p2a: Mimikyu
|-fieldstart|move: Trick Room|[of] p2a: Mimikyu
|
|upkeep
|turn|24
|
|t:|1760847012
|move|p2a: Mimikyu|Shadow Sneak|p1a: Slowking
|-supereffective|p1a: Slowking
|-damage|p1a: Slowking|7/100
|move|p1a: Slowking|Sludge Bomb|p2a: Mimikyu
|-activate|p2a: Mimikyu|ability: Disguise
|-damage|p2a: Mimikyu|88/100
|detailschange|p2a: Mimikyu|Mimikyu-Busted, M
|-damage|p2a: Mimikyu|76/100|[from] pokemon: Mimikyu-Busted
|-enditem|p2a: Mimikyu|Red Card|[of] p1a: Slowking
|drag|p1a: Enamorus|Enamorus, F|6/100
|
|upkeep
|turn|25
|
|t:|1760847030
|switch|p1a: Lokix|Lokix, F, shiny|54/100
|move|p2a: Mimikyu|Shadow Sneak|p1a: Lokix
|-resisted|p1a: Lokix
|-damage|p1a: Lokix|40/100
|
|upkeep
|turn|26
|
|t:|1760847040
|move|p1a: Lokix|First Impression|p2a: Mimikyu
|-resisted|p2a: Mimikyu
|-damage|p2a: Mimikyu|34/100
|move|p2a: Mimikyu|Play Rough|p1a: Lokix
|-supereffective|p1a: Lokix
|-damage|p1a: Lokix|0 fnt
|faint|p1a: Lokix
|
|upkeep
|
|t:|1760847046
|switch|p1a: Slowking|Slowking-Galar, F|40/100
|turn|27
|
|t:|1760847053
|move|p2a: Mimikyu|Shadow Sneak|p1a: Slowking
|-supereffective|p1a: Slowking
|-damage|p1a: Slowking|14/100
|move|p1a: Slowking|Sludge Bomb|p2a: Mimikyu
|-damage|p2a: Mimikyu|0 fnt
|faint|p2a: Mimikyu
|
|-fieldend|move: Trick Room
|upkeep
|
|t:|1760847057
|switch|p2a: Hatterene|Hatterene, F|100/100
|-damage|p2a: Hatterene|88/100|[from] Stealth Rock
|turn|28
|
|t:|1760847076
|move|p1a: Slowking|Sludge Bomb|p2a: Hatterene
|-supereffective|p2a: Hatterene
|-damage|p2a: Hatterene|14/100
|-status|p2a: Hatterene|psn
|move|p2a: Hatterene|Trick Room|p2a: Hatterene
|-fieldstart|move: Trick Room|[of] p2a: Hatterene
|
|-damage|p2a: Hatterene|2/100 psn|[from] psn
|upkeep
|turn|29
|
|t:|1760847086
|move|p2a: Hatterene|Psyshock|p1a: Slowking
|-damage|p1a: Slowking|0 fnt
|faint|p1a: Slowking
|-damage|p2a: Hatterene|0 fnt|[from] item: Life Orb
|faint|p2a: Hatterene
|
|upkeep
|
|t:|1760847096
|switch|p2a: Ursaluna|Ursaluna, F|78/100 brn
|switch|p1a: Enamorus|Enamorus, F|6/100
|-damage|p2a: Ursaluna|71/100 brn|[from] Stealth Rock
|turn|30
|
|t:|1760847105
|move|p2a: Ursaluna|Facade|p1a: Enamorus
|-damage|p1a: Enamorus|0 fnt
|faint|p1a: Enamorus
|
|-damage|p2a: Ursaluna|65/100 brn|[from] brn
|upkeep
|
|t:|1760847109
|switch|p1a: Cinderace|Cinderace, F, shiny|57/100
|turn|31
|
|t:|1760847113
|-terastallize|p1a: Cinderace|Ghost
|move|p2a: Ursaluna|Facade|p1a: Cinderace
|-immune|p1a: Cinderace
|move|p1a: Cinderace|Pyro Ball|p2a: Ursaluna
|-damage|p2a: Ursaluna|32/100 brn
|
|-damage|p2a: Ursaluna|26/100 brn|[from] brn
|upkeep
|turn|32
|
|t:|1760847120
|move|p2a: Ursaluna|Headlong Rush|p1a: Cinderace
|-damage|p1a: Cinderace|0 fnt
|-unboost|p2a: Ursaluna|def|1
|-unboost|p2a: Ursaluna|spd|1
|faint|p1a: Cinderace
|
|-damage|p2a: Ursaluna|20/100 brn|[from] brn
|-fieldend|move: Trick Room
|upkeep
|
|t:|1760847124
|switch|p1a: Great Tusk|Great Tusk|100/100
|turn|33
|
|t:|1760847128
|move|p1a: Great Tusk|Earthquake|p2a: Ursaluna
|-damage|p2a: Ursaluna|0 fnt
|faint|p2a: Ursaluna
|
|upkeep
|
|t:|1760847130
|switch|p2a: Iron Hands|Iron Hands, shiny|100/100
|-damage|p2a: Iron Hands|94/100|[from] Stealth Rock
|-enditem|p2a: Iron Hands|Booster Energy
|-activate|p2a: Iron Hands|ability: Quark Drive|[fromitem]
|-start|p2a: Iron Hands|quarkdriveatk
|turn|34
|
|t:|1760847134
|move|p1a: Great Tusk|Earthquake|p2a: Iron Hands
|-supereffective|p2a: Iron Hands
|-damage|p2a: Iron Hands|39/100
|move|p2a: Iron Hands|Close Combat|p1a: Great Tusk
|-damage|p1a: Great Tusk|49/100
|-unboost|p2a: Iron Hands|def|1
|-unboost|p2a: Iron Hands|spd|1
|
|-heal|p1a: Great Tusk|55/100|[from] item: Leftovers
|upkeep
|turn|35
|
|t:|1760847141
|move|p1a: Great Tusk|Earthquake|p2a: Iron Hands
|-supereffective|p2a: Iron Hands
|-damage|p2a: Iron Hands|0 fnt
|faint|p2a: Iron Hands
|-end|p2a: Iron Hands|Quark Drive|[silent]
|
|win|PokeMasterEN
|raw|PokeMasterEN's rating: 1362 &rarr; <strong>1384</strong><br />(+22 for winning)
|raw|Truffle buddah's rating: 1402 &rarr; <strong>1380</strong><br />(-22 for losing)
|l|☆Truffle buddah
|player|p2|
|l|☆PokeMasterEN
|player|p1|
