|j|☆dinkydonkey
|j|☆Johnny tots
|t:|1760718505
|gametype|singles
|player|p1|dinkydonkey|102|1721
|player|p2|Johnny tots|266|1743
|gen|9
|tier|[Gen 9] OU
|rated|
|rule|HP Percentage Mod: HP is shown in percentages
|rule|Endless Battle Clause: Forcing endless battles is banned
|rule|Species Clause: Limit one of each Pokémon
|rule|OHKO Clause: OHKO moves are banned
|rule|Evasion Items Clause: Evasion items are banned
|rule|Evasion Moves Clause: Evasion moves are banned
|rule|Evasion Abilities Clause: Evasion abilities are banned
|rule|Sleep Moves Clause: Sleep-inducing moves are banned
|clearpoke
|poke|p1|Enamorus, F|
|poke|p1|Kyurem|
|poke|p1|Primarina, M|
|poke|p1|Dragapult, F|
|poke|p1|Iron Treads|
|poke|p1|Kingambit, F|
|poke|p2|Rillaboom, M|
|poke|p2|Klefki, M|
|poke|p2|Manaphy|
|poke|p2|Ogerpon-Wellspring, F|
|poke|p2|Maushold-Four|
|poke|p2|Clefable, M|
|teampreview
|inactive|Battle timer is ON: inactive players will automatically lose when time's up. (requested by Johnny tots)
|
|t:|1760718533
|teamsize|p1|6
|teamsize|p2|6
|start
|switch|p1a: PRISSY💋BITCH|Enamorus, F|100/100
|switch|p2a: Klefki|Klefki, M|100/100
|turn|1
|
|t:|1760718540
|move|p2a: Klefki|Light Screen|p2a: Klefki
|-sidestart|p2: Johnny tots|move: Light Screen
|move|p1a: PRISSY💋BITCH|Earth Power|p2a: Klefki
|-supereffective|p2a: Klefki
|-damage|p2a: Klefki|46/100
|-damage|p1a: PRISSY💋BITCH|91/100|[from] item: Life Orb
|
|upkeep
|turn|2
|
|t:|1760718548
|switch|p2a: Rillaboom|Rillaboom, M|100/100
|-fieldstart|move: Grassy Terrain|[from] ability: Grassy Surge|[of] p2a: Rillaboom
|move|p1a: PRISSY💋BITCH|Earth Power|p2a: Rillaboom
|-resisted|p2a: Rillaboom
|-damage|p2a: Rillaboom|86/100
|-unboost|p2a: Rillaboom|spd|1
|-damage|p1a: PRISSY💋BITCH|81/100|[from] item: Life Orb
|
|-heal|p2a: Rillaboom|92/100|[from] Grassy Terrain
|upkeep
|turn|3
|
|t:|1760718563
|switch|p2a: Ogerpon|Ogerpon-Wellspring, F|100/100
|move|p1a: PRISSY💋BITCH|Mystical Fire|p2a: Ogerpon
|-damage|p2a: Ogerpon|78/100
|-unboost|p2a: Ogerpon|spa|1
|-damage|p1a: PRISSY💋BITCH|71/100|[from] item: Life Orb
|
|-heal|p2a: Ogerpon|84/100|[from] Grassy Terrain
|upkeep
|turn|4
|
|t:|1760718571
|move|p2a: Ogerpon|Play Rough|p1a: PRISSY💋BITCH
|-damage|p1a: PRISSY💋BITCH|19/100
|move|p1a: PRISSY💋BITCH|Moonblast|p2a: Ogerpon
|-damage|p2a: Ogerpon|39/100
|-damage|p1a: PRISSY💋BITCH|9/100|[from] item: Life Orb
|
|-heal|p2a: Ogerpon|45/100|[from] Grassy Terrain
|upkeep
|turn|5
|
|t:|1760718575
|move|p2a: Ogerpon|Ivy Cudgel|p1a: PRISSY💋BITCH|[anim] Ivy Cudgel Water
|-damage|p1a: PRISSY💋BITCH|0 fnt
|faint|p1a: PRISSY💋BITCH
|
|-heal|p2a: Ogerpon|51/100|[from] Grassy Terrain
|upkeep
|
|t:|1760718599
|switch|p1a: SUPERHYPERFANGED|Dragapult, F|100/100
|turn|6
|
|t:|1760718612
|switch|p2a: Clefable|Clefable, M|100/100
|move|p1a: SUPERHYPERFANGED|Will-O-Wisp|p2a: Clefable
|-status|p2a: Clefable|brn
|
|upkeep
|turn|7
|
|t:|1760718619
|switch|p1a: BRICK 🧱 OWENS|Iron Treads|100/100
|-enditem|p1a: BRICK 🧱 OWENS|Booster Energy
|-activate|p1a: BRICK 🧱 OWENS|ability: Quark Drive|[fromitem]
|-start|p1a: BRICK 🧱 OWENS|quarkdrivespe
|move|p2a: Clefable|Calm Mind|p2a: Clefable
|-boost|p2a: Clefable|spa|1
|-boost|p2a: Clefable|spd|1
|
|upkeep
|turn|8
|j| Capitaine Tenace
|
|t:|1760718624
|move|p1a: BRICK 🧱 OWENS|Stealth Rock|p2a: Clefable
|-sidestart|p2: Johnny tots|move: Stealth Rock
|move|p2a: Clefable|Fire Blast|p1a: BRICK 🧱 OWENS
|-supereffective|p1a: BRICK 🧱 OWENS
|-damage|p1a: BRICK 🧱 OWENS|0 fnt
|faint|p1a: BRICK 🧱 OWENS
|-end|p1a: BRICK 🧱 OWENS|Quark Drive|[silent]
|
|-sideend|p2: Johnny tots|move: Light Screen
|upkeep
|c| Capitaine Tenace|come on johnny
|
|t:|1760718641
|switch|p1a: MUGGING HOES🔫🔫|Primarina, M|100/100
|turn|9
|c|☆Johnny tots|One time
|
|t:|1760718646
|move|p1a: MUGGING HOES🔫🔫|Moonblast|p2a: Clefable
|-damage|p2a: Clefable|64/100 brn
|move|p2a: Clefable|Moonblast|p1a: MUGGING HOES🔫🔫
|-damage|p1a: MUGGING HOES🔫🔫|45/100
|
|-heal|p1a: MUGGING HOES🔫🔫|51/100|[from] Grassy Terrain
|-heal|p1a: MUGGING HOES🔫🔫|57/100|[from] item: Leftovers
|-heal|p2a: Clefable|70/100 brn|[from] Grassy Terrain
|-heal|p2a: Clefable|76/100 brn|[from] item: Leftovers
|-fieldend|move: Grassy Terrain
|upkeep
|turn|10
|
|t:|1760718653
|move|p1a: MUGGING HOES🔫🔫|Psychic Noise|p2a: Clefable
|-damage|p2a: Clefable|51/100 brn
|-start|p2a: Clefable|move: Heal Block
|move|p2a: Clefable|Moonblast|p1a: MUGGING HOES🔫🔫
|-crit|p1a: MUGGING HOES🔫🔫
|-damage|p1a: MUGGING HOES🔫🔫|0 fnt
|faint|p1a: MUGGING HOES🔫🔫
|
|upkeep
|j| PIDGEY GORDITO
|
|t:|1760718671
|switch|p1a: ICED CHAIN LINKS|Kyurem|100/100
|-ability|p1a: ICED CHAIN LINKS|Pressure
|turn|11
|
|t:|1760718688
|-terastallize|p1a: ICED CHAIN LINKS|Stellar
|move|p1a: ICED CHAIN LINKS|Icicle Spear|p2a: Clefable
|-damage|p2a: Clefable|35/100 brn
|-damage|p2a: Clefable|18/100 brn
|-damage|p2a: Clefable|2/100 brn
|-damage|p2a: Clefable|0 fnt
|faint|p2a: Clefable
|-hitcount|p2: Clefable|4
|
|upkeep
|
|t:|1760718695
|switch|p2a: Klefki|Klefki, M|46/100
|-damage|p2a: Klefki|40/100|[from] Stealth Rock
|turn|12
|
|t:|1760718703
|move|p2a: Klefki|Thunder Wave|p1a: ICED CHAIN LINKS|[miss]
|-miss|p2a: Klefki|p1a: ICED CHAIN LINKS
|move|p1a: ICED CHAIN LINKS|Substitute|p1a: ICED CHAIN LINKS
|-start|p1a: ICED CHAIN LINKS|Substitute
|-damage|p1a: ICED CHAIN LINKS|76/100
|
|upkeep
|turn|13
|
|t:|1760718712
|move|p2a: Klefki|Reflect|p2a: Klefki
|-sidestart|p2: Johnny tots|Reflect
|move|p1a: ICED CHAIN LINKS|Dragon Dance|p1a: ICED CHAIN LINKS
|-boost|p1a: ICED CHAIN LINKS|atk|1
|-boost|p1a: ICED CHAIN LINKS|spe|1
|
|upkeep
|turn|14
|
|t:|1760718722
|switch|p2a: Ogerpon|Ogerpon-Wellspring, F|51/100
|-damage|p2a: Ogerpon|39/100|[from] Stealth Rock
|move|p1a: ICED CHAIN LINKS|Dragon Dance|p1a: ICED CHAIN LINKS
|-boost|p1a: ICED CHAIN LINKS|atk|1
|-boost|p1a: ICED CHAIN LINKS|spe|1
|
|upkeep
|turn|15
|
|t:|1760718727
|move|p1a: ICED CHAIN LINKS|Icicle Spear|p2a: Ogerpon
|-damage|p2a: Ogerpon|20/100
|-damage|p2a: Ogerpon|3/100
|-crit|p2a: Ogerpon
|-damage|p2a: Ogerpon|0 fnt
|faint|p2a: Ogerpon
|-hitcount|p2: Ogerpon|3
|
|upkeep
|
|t:|1760718731
|switch|p2a: Manaphy|Manaphy|100/100
|-damage|p2a: Manaphy|88/100|[from] Stealth Rock
|turn|16
|
|t:|1760718734
|move|p1a: ICED CHAIN LINKS|Scale Shot|p2a: Manaphy
|-damage|p2a: Manaphy|72/100
|-damage|p2a: Manaphy|58/100
|-damage|p2a: Manaphy|43/100
|-crit|p2a: Manaphy
|-damage|p2a: Manaphy|0 fnt
|faint|p2a: Manaphy
|-hitcount|p2: Manaphy|4
|-unboost|p1a: ICED CHAIN LINKS|def|1
|-boost|p1a: ICED CHAIN LINKS|spe|1
|
|upkeep
|c|☆Johnny tots|Insane
|j| iamfrhaan007
|
|t:|1760718750
|switch|p2a: Maushold|Maushold-Four|100/100
|-damage|p2a: Maushold|88/100|[from] Stealth Rock
|turn|17
|
|t:|1760718758
|move|p1a: ICED CHAIN LINKS|Icicle Spear|p2a: Maushold
|-crit|p2a: Maushold
|-damage|p2a: Maushold|32/100
|-damage|p2a: Maushold|13/100
|-damage|p2a: Maushold|0 fnt
|faint|p2a: Maushold
|-hitcount|p2: Maushold|3
|
|upkeep
|c|☆Johnny tots|Happy bday
|-message|Johnny tots forfeited.
|
|win|dinkydonkey
|raw|dinkydonkey's rating: 1721 &rarr; <strong>1742</strong><br />(+21 for winning)
|raw|Johnny tots's rating: 1743 &rarr; <strong>1722</strong><br />(-21 for losing)
|l|☆Johnny tots
|player|p2|
|c|☆dinkydonkey|live by the cheese
|c|☆dinkydonkey|die by the cheese
|l|☆dinkydonkey
|player|p1|
|l| iamfrhaan007
