|j|☆Paaklok2
|j|☆Bleud29
|t:|1760875203
|gametype|singles
|player|p1|Paaklok2|265|1056
|player|p2|Bleud29|2|1085
|gen|9
|tier|[Gen 9] OU
|rated|
|rule|HP Percentage Mod: HP is shown in percentages
|rule|Endless Battle Clause: Forcing endless battles is banned
|rule|Species Clause: Limit one of each Pokémon
|rule|OHKO Clause: OHKO moves are banned
|rule|Evasion Items Clause: Evasion items are banned
|rule|Evasion Moves Clause: Evasion moves are banned
|rule|Evasion Abilities Clause: Evasion abilities are banned
|rule|Sleep Moves Clause: Sleep-inducing moves are banned
|clearpoke
|poke|p1|Porygon2|
|poke|p1|Registeel|
|poke|p1|Garganacl, M|
|poke|p1|Magnezone|
|poke|p1|Hydrapple, M|
|poke|p1|Regigigas|
|poke|p2|Kingdra, M|
|poke|p2|Vileplume, F|
|poke|p2|Charjabug, F|
|poke|p2|Thundurus, M|
|poke|p2|Toucannon, F|
|poke|p2|Tsareena, F|
|teampreview
|
|t:|1760875231
|teamsize|p1|6
|teamsize|p2|6
|start
|switch|p1a: Lotte World Tower|Porygon2, shiny|100/100
|switch|p2a: Charjabug|Charjabug, F|100/100
|-ability|p1a: Lotte World Tower|Download|boost
|-boost|p1a: Lotte World Tower|spa|1
|turn|1
|
|t:|1760875239
|move|p2a: Charjabug|Struggle Bug|p1a: Lotte World Tower
|-damage|p1a: Lotte World Tower|85/100
|-unboost|p1a: Lotte World Tower|spa|1
|move|p1a: Lotte World Tower|Trick Room|p1a: Lotte World Tower
|-fieldstart|move: Trick Room|[of] p1a: Lotte World Tower
|
|upkeep
|turn|2
|
|t:|1760875252
|move|p2a: Charjabug|Thunder Wave|p1a: Lotte World Tower
|-status|p1a: Lotte World Tower|par
|move|p1a: Lotte World Tower|Blizzard|p2a: Charjabug
|-damage|p2a: Charjabug|74/100
|
|upkeep
|turn|3
|
|t:|1760875262
|move|p1a: Lotte World Tower|Tri Attack|p2a: Charjabug
|-damage|p2a: Charjabug|44/100
|-status|p2a: Charjabug|brn
|move|p2a: Charjabug|Sticky Web|p1a: Lotte World Tower
|-sidestart|p1: Paaklok2|move: Sticky Web
|
|-damage|p2a: Charjabug|38/100 brn|[from] brn
|upkeep
|turn|4
|
|t:|1760875274
|cant|p1a: Lotte World Tower|par
|move|p2a: Charjabug|Volt Switch|p1a: Lotte World Tower
|-damage|p1a: Lotte World Tower|62/100 par
|
|t:|1760875283
|switch|p2a: Kingdra|Kingdra, M|100/100|[from] Volt Switch
|
|upkeep
|turn|5
|
|t:|1760875292
|move|p1a: Lotte World Tower|Blizzard|p2a: Kingdra
|-damage|p2a: Kingdra|65/100
|move|p2a: Kingdra|Focus Energy|p2a: Kingdra
|-start|p2a: Kingdra|move: Focus Energy
|
|-fieldend|move: Trick Room
|upkeep
|turn|6
|
|t:|1760875303
|move|p2a: Kingdra|Scale Shot|p1a: Lotte World Tower
|-crit|p1a: Lotte World Tower
|-damage|p1a: Lotte World Tower|45/100 par
|-crit|p1a: Lotte World Tower
|-damage|p1a: Lotte World Tower|30/100 par
|-crit|p1a: Lotte World Tower
|-damage|p1a: Lotte World Tower|14/100 par
|-crit|p1a: Lotte World Tower
|-damage|p1a: Lotte World Tower|0 fnt
|faint|p1a: Lotte World Tower
|-hitcount|p1: Lotte World Tower|4
|-unboost|p2a: Kingdra|def|1
|-boost|p2a: Kingdra|spe|1
|
|upkeep
|
|t:|1760875315
|switch|p1a: Ping An Center|Registeel|100/100
|-item|p1a: Ping An Center|Air Balloon
|turn|7
|
|t:|1760875324
|move|p2a: Kingdra|Liquidation|p1a: Ping An Center
|-damage|p1a: Ping An Center|73/100
|-enditem|p1a: Ping An Center|Air Balloon
|move|p1a: Ping An Center|Iron Defense|p1a: Ping An Center
|-boost|p1a: Ping An Center|def|2
|
|upkeep
|turn|8
|
|t:|1760875333
|-singleturn|p1a: Ping An Center|move: Focus Punch
|move|p2a: Kingdra|Scale Shot|p1a: Ping An Center
|-resisted|p1a: Ping An Center
|-crit|p1a: Ping An Center
|-damage|p1a: Ping An Center|67/100
|-resisted|p1a: Ping An Center
|-crit|p1a: Ping An Center
|-damage|p1a: Ping An Center|61/100
|-resisted|p1a: Ping An Center
|-damage|p1a: Ping An Center|58/100
|-resisted|p1a: Ping An Center
|-damage|p1a: Ping An Center|56/100
|-hitcount|p1a: Ping An Center|4
|-unboost|p2a: Kingdra|def|1
|-boost|p2a: Kingdra|spe|1
|cant|p1a: Ping An Center|Focus Punch|Focus Punch
|
|upkeep
|turn|9
|
|t:|1760875353
|move|p2a: Kingdra|Liquidation|p1a: Ping An Center
|-crit|p1a: Ping An Center
|-damage|p1a: Ping An Center|14/100
|move|p1a: Ping An Center|Iron Defense|p1a: Ping An Center
|-boost|p1a: Ping An Center|def|2
|
|upkeep
|turn|10
|
|t:|1760875361
|move|p2a: Kingdra|Scale Shot|p1a: Ping An Center
|-resisted|p1a: Ping An Center
|-damage|p1a: Ping An Center|12/100
|-resisted|p1a: Ping An Center
|-crit|p1a: Ping An Center
|-damage|p1a: Ping An Center|5/100
|-resisted|p1a: Ping An Center
|-damage|p1a: Ping An Center|4/100
|-resisted|p1a: Ping An Center
|-crit|p1a: Ping An Center
|-damage|p1a: Ping An Center|0 fnt
|faint|p1a: Ping An Center
|-hitcount|p1: Ping An Center|4
|-unboost|p2a: Kingdra|def|1
|-boost|p2a: Kingdra|spe|1
|
|upkeep
|
|t:|1760875373
|switch|p1a: Abraj Al bait|Garganacl, M|100/100
|-activate|p1a: Abraj Al bait|move: Sticky Web
|-unboost|p1a: Abraj Al bait|spe|1
|turn|11
|
|t:|1760875380
|move|p2a: Kingdra|Liquidation|p1a: Abraj Al bait
|-supereffective|p1a: Abraj Al bait
|-damage|p1a: Abraj Al bait|56/100
|-unboost|p1a: Abraj Al bait|def|1
|move|p1a: Abraj Al bait|Salt Cure|p2a: Kingdra
|-damage|p2a: Kingdra|20/100
|-start|p2a: Kingdra|Salt Cure
|
|-damage|p2a: Kingdra|0 fnt|[from] Salt Cure
|faint|p2a: Kingdra
|upkeep
|
|t:|1760875402
|switch|p2a: Toucannon|Toucannon, F|100/100
|turn|12
|
|t:|1760875409
|move|p2a: Toucannon|Bullet Seed|p1a: Abraj Al bait
|-supereffective|p1a: Abraj Al bait
|-damage|p1a: Abraj Al bait|39/100
|-supereffective|p1a: Abraj Al bait
|-damage|p1a: Abraj Al bait|23/100
|-supereffective|p1a: Abraj Al bait
|-damage|p1a: Abraj Al bait|9/100
|-supereffective|p1a: Abraj Al bait
|-damage|p1a: Abraj Al bait|0 fnt
|faint|p1a: Abraj Al bait
|-hitcount|p1: Abraj Al bait|4
|
|upkeep
|
|t:|1760875418
|switch|p1a: Shanghai Tower|Magnezone|100/100
|-item|p1a: Shanghai Tower|Air Balloon
|turn|13
|
|t:|1760875425
|move|p2a: Toucannon|Flame Charge|p1a: Shanghai Tower
|-supereffective|p1a: Shanghai Tower
|-damage|p1a: Shanghai Tower|64/100
|-boost|p2a: Toucannon|spe|1
|-enditem|p1a: Shanghai Tower|Air Balloon
|move|p1a: Shanghai Tower|Discharge|p2a: Toucannon
|-supereffective|p2a: Toucannon
|-damage|p2a: Toucannon|26/100
|-status|p2a: Toucannon|par
|
|upkeep
|turn|14
|
|t:|1760875437
|move|p1a: Shanghai Tower|Light Screen|p1a: Shanghai Tower
|-sidestart|p1: Paaklok2|move: Light Screen
|move|p2a: Toucannon|Flame Charge|p1a: Shanghai Tower
|-supereffective|p1a: Shanghai Tower
|-damage|p1a: Shanghai Tower|27/100
|-boost|p2a: Toucannon|spe|1
|
|upkeep
|turn|15
|
|t:|1760875447
|move|p2a: Toucannon|Flame Charge|p1a: Shanghai Tower
|-supereffective|p1a: Shanghai Tower
|-damage|p1a: Shanghai Tower|0 fnt
|-boost|p2a: Toucannon|spe|1
|faint|p1a: Shanghai Tower
|
|upkeep
|
|t:|1760875453
|switch|p1a: Merdeka 118|Hydrapple, M|100/100
|-activate|p1a: Merdeka 118|move: Sticky Web
|-unboost|p1a: Merdeka 118|spe|1
|-ability|p1a: Merdeka 118|Supersweet Syrup
|-unboost|p2a: Toucannon|evasion|1
|turn|16
|inactive|Battle timer is ON: inactive players will automatically lose when time's up. (requested by Paaklok2)
|
|t:|1760875468
|move|p2a: Toucannon|Flame Charge|p1a: Merdeka 118
|-damage|p1a: Merdeka 118|87/100
|-boost|p2a: Toucannon|spe|1
|-damage|p2a: Toucannon|9/100 par|[from] item: Rocky Helmet|[of] p1a: Merdeka 118
|move|p1a: Merdeka 118|Hydro Pump|p2a: Toucannon
|-damage|p2a: Toucannon|0 fnt
|faint|p2a: Toucannon
|
|upkeep
|
|t:|1760875479
|switch|p2a: Tsareena|Tsareena, F|100/100
|turn|17
|
|t:|1760875484
|move|p2a: Tsareena|Triple Axel|p1a: Merdeka 118
|-supereffective|p1a: Merdeka 118
|-damage|p1a: Merdeka 118|46/100
|-damage|p2a: Tsareena|84/100|[from] item: Rocky Helmet|[of] p1a: Merdeka 118
|-supereffective|p1a: Merdeka 118
|-damage|p1a: Merdeka 118|0 fnt
|-damage|p2a: Tsareena|67/100|[from] item: Rocky Helmet|[of] p1a: Merdeka 118
|faint|p1a: Merdeka 118
|-hitcount|p1: Merdeka 118|2
|
|upkeep
|
|t:|1760875493
|switch|p1a: Burj Khalifa|Regigigas|100/100
|-start|p1a: Burj Khalifa|ability: Slow Start
|-item|p1a: Burj Khalifa|Air Balloon
|turn|18
|
|t:|1760875509
|switch|p2a: Charjabug|Charjabug, F|38/100 brn
|-terastallize|p1a: Burj Khalifa|Normal
|move|p1a: Burj Khalifa|Ice Punch|p2a: Charjabug
|-damage|p2a: Charjabug|26/100 brn
|
|-damage|p2a: Charjabug|20/100 brn|[from] brn
|-sideend|p1: Paaklok2|move: Light Screen
|upkeep
|turn|19
|
|t:|1760875520
|move|p2a: Charjabug|Thunder Wave|p1a: Burj Khalifa
|-status|p1a: Burj Khalifa|par
|move|p1a: Burj Khalifa|Avalanche|p2a: Charjabug
|-damage|p2a: Charjabug|11/100 brn
|
|-damage|p2a: Charjabug|5/100 brn|[from] brn
|upkeep
|turn|20
|
|t:|1760875532
|move|p2a: Charjabug|Struggle Bug|p1a: Burj Khalifa
|-damage|p1a: Burj Khalifa|88/100 par
|-unboost|p1a: Burj Khalifa|spa|1
|-enditem|p1a: Burj Khalifa|Air Balloon
|move|p1a: Burj Khalifa|Brick Break|p2a: Charjabug
|-resisted|p2a: Charjabug
|-damage|p2a: Charjabug|0 fnt
|faint|p2a: Charjabug
|
|upkeep
|
|t:|1760875543
|switch|p2a: Vileplume|Vileplume, F|100/100
|turn|21
|
|t:|1760875548
|move|p2a: Vileplume|Strength Sap|p1a: Burj Khalifa
|-unboost|p1a: Burj Khalifa|atk|1
|move|p1a: Burj Khalifa|Substitute|p1a: Burj Khalifa
|-start|p1a: Burj Khalifa|Substitute
|-damage|p1a: Burj Khalifa|63/100 par
|
|upkeep
|turn|22
|
|t:|1760875560
|switch|p2a: Tsareena|Tsareena, F|67/100
|cant|p1a: Burj Khalifa|par
|
|-end|p1a: Burj Khalifa|Slow Start
|upkeep
|turn|23
|
|t:|1760875573
|move|p2a: Tsareena|U-turn|p1a: Burj Khalifa
|-end|p1a: Burj Khalifa|Substitute
|
|t:|1760875576
|switch|p2a: Vileplume|Vileplume, F|100/100|[from] U-turn
|cant|p1a: Burj Khalifa|par
|
|upkeep
|turn|24
|
|t:|1760875583
|move|p2a: Vileplume|Leech Seed|p1a: Burj Khalifa
|-start|p1a: Burj Khalifa|move: Leech Seed
|move|p1a: Burj Khalifa|Ice Punch|p2a: Vileplume
|-supereffective|p2a: Vileplume
|-damage|p2a: Vileplume|55/100
|
|-heal|p2a: Vileplume|61/100|[from] item: Black Sludge
|-damage|p1a: Burj Khalifa|51/100 par|[from] Leech Seed|[of] p2a: Vileplume
|-heal|p2a: Vileplume|75/100|[silent]
|upkeep
|turn|25
|
|t:|1760875593
|move|p2a: Vileplume|Strength Sap|p1a: Burj Khalifa
|-unboost|p1a: Burj Khalifa|atk|1
|-heal|p2a: Vileplume|100/100
|move|p1a: Burj Khalifa|Substitute|p1a: Burj Khalifa
|-start|p1a: Burj Khalifa|Substitute
|-damage|p1a: Burj Khalifa|26/100 par
|
|-damage|p1a: Burj Khalifa|13/100 par|[from] Leech Seed|[of] p2a: Vileplume
|upkeep
|turn|26
|
|t:|1760875603
|move|p2a: Vileplume|Protect|p2a: Vileplume
|-singleturn|p2a: Vileplume|Protect
|move|p1a: Burj Khalifa|Ice Punch|p2a: Vileplume
|-activate|p2a: Vileplume|move: Protect
|
|-damage|p1a: Burj Khalifa|1/100 par|[from] Leech Seed|[of] p2a: Vileplume
|upkeep
|turn|27
|
|t:|1760875629
|switch|p2a: Thundurus|Thundurus, M|100/100
|move|p1a: Burj Khalifa|Ice Punch|p2a: Thundurus
|-supereffective|p2a: Thundurus
|-damage|p2a: Thundurus|56/100
|
|-damage|p1a: Burj Khalifa|0 fnt|[from] Leech Seed|[of] p2a: Thundurus
|-heal|p2a: Thundurus|56/100|[silent]
|faint|p1a: Burj Khalifa
|
|win|Bleud29
|raw|Paaklok2's rating: 1056 &rarr; <strong>1039</strong><br />(-17 for losing)
|raw|Bleud29's rating: 1085 &rarr; <strong>1110</strong><br />(+25 for winning)
|l|☆Bleud29
|player|p2|
|l|☆Paaklok2
|player|p1|
