|j|☆825y
|j|☆HZBKAI7
|t:|1760851566
|gametype|singles
|player|p1|825y|lance|1189
|player|p2|HZBKAI7|2|1137
|gen|9
|tier|[Gen 9] OU
|rated|
|rule|HP Percentage Mod: HP is shown in percentages
|rule|Endless Battle Clause: Forcing endless battles is banned
|rule|Species Clause: Limit one of each Pokémon
|rule|OHKO Clause: OHKO moves are banned
|rule|Evasion Items Clause: Evasion items are banned
|rule|Evasion Moves Clause: Evasion moves are banned
|rule|Evasion Abilities Clause: Evasion abilities are banned
|rule|Sleep Moves Clause: Sleep-inducing moves are banned
|clearpoke
|poke|p1|Sceptile, F|
|poke|p1|Cinderace, M|
|poke|p1|Ceruledge, M|
|poke|p1|Dragapult, M|
|poke|p1|Gliscor, F|
|poke|p1|Rillaboom, M|
|poke|p2|Kingambit, F|
|poke|p2|Iron Treads|
|poke|p2|Necrozma|
|poke|p2|Pecharunt|
|poke|p2|Enamorus, F|
|poke|p2|Samurott-Hisui, F|
|teampreview
|
|t:|1760851572
|teamsize|p1|6
|teamsize|p2|6
|start
|switch|p1a: Gliscor|Gliscor, F, shiny|100/100
|switch|p2a: Samurott|Samurott-Hisui, F, shiny|100/100
|turn|1
|
|t:|1760851582
|move|p1a: Gliscor|Swords Dance|p1a: Gliscor
|-boost|p1a: Gliscor|atk|2
|move|p2a: Samurott|Razor Shell|p1a: Gliscor
|-supereffective|p1a: Gliscor
|-damage|p1a: Gliscor|0 fnt
|faint|p1a: Gliscor
|
|upkeep
|
|t:|1760851590
|switch|p1a: Sceptile|Sceptile, F, shiny|100/100
|-item|p1a: Sceptile|Air Balloon
|turn|2
|
|t:|1760851592
|move|p1a: Sceptile|Swords Dance|p1a: Sceptile
|-boost|p1a: Sceptile|atk|2
|move|p2a: Samurott|Razor Shell|p1a: Sceptile
|-resisted|p1a: Sceptile
|-damage|p1a: Sceptile|32/100
|-enditem|p1a: Sceptile|Air Balloon
|
|upkeep
|turn|3
|
|t:|1760851598
|move|p1a: Sceptile|Drain Punch|p2a: Samurott
|-supereffective|p2a: Samurott
|-damage|p2a: Samurott|0 fnt
|-heal|p1a: Sceptile|89/100|[from] drain|[of] p2a: Samurott
|faint|p2a: Samurott
|
|upkeep
|
|t:|1760851599
|switch|p2a: Pecharunt|Pecharunt|100/100
|-item|p2a: Pecharunt|Air Balloon
|turn|4
|
|t:|1760851606
|move|p1a: Sceptile|Earthquake|p2a: Pecharunt
|-immune|p2a: Pecharunt
|move|p2a: Pecharunt|Malignant Chain|p1a: Sceptile
|-supereffective|p1a: Sceptile
|-damage|p1a: Sceptile|2/100
|
|upkeep
|turn|5
|
|t:|1760851609
|move|p1a: Sceptile|Crunch|p2a: Pecharunt
|-supereffective|p2a: Pecharunt
|-damage|p2a: Pecharunt|40/100
|-unboost|p2a: Pecharunt|def|1
|-enditem|p2a: Pecharunt|Air Balloon
|move|p2a: Pecharunt|Malignant Chain|p1a: Sceptile
|-supereffective|p1a: Sceptile
|-damage|p1a: Sceptile|0 fnt
|faint|p1a: Sceptile
|
|upkeep
|
|t:|1760851613
|switch|p1a: Ceruledge|Ceruledge, M, shiny|100/100
|turn|6
|
|t:|1760851616
|move|p2a: Pecharunt|Shadow Ball|p1a: Ceruledge
|-supereffective|p1a: Ceruledge
|-damage|p1a: Ceruledge|35/100
|move|p1a: Ceruledge|Bitter Blade|p2a: Pecharunt
|-damage|p2a: Pecharunt|0 fnt
|-heal|p1a: Ceruledge|60/100|[from] drain|[of] p2a: Pecharunt
|faint|p2a: Pecharunt
|-damage|p1a: Ceruledge|50/100|[from] item: Life Orb
|
|upkeep
|
|t:|1760851616
|switch|p2a: Iron Treads|Iron Treads|100/100
|turn|7
|
|t:|1760851630
|move|p2a: Iron Treads|Earthquake|p1a: Ceruledge
|-supereffective|p1a: Ceruledge
|-damage|p1a: Ceruledge|0 fnt
|faint|p1a: Ceruledge
|
|upkeep
|
|t:|1760851633
|switch|p1a: Rillaboom|Rillaboom, M, shiny|100/100
|-fieldstart|move: Grassy Terrain|[from] ability: Grassy Surge|[of] p1a: Rillaboom
|turn|8
|
|t:|1760851636
|move|p1a: Rillaboom|Fake Out|p2a: Iron Treads
|-resisted|p2a: Iron Treads
|-damage|p2a: Iron Treads|94/100
|cant|p2a: Iron Treads|flinch
|
|-heal|p2a: Iron Treads|100/100|[from] Grassy Terrain
|upkeep
|turn|9
|
|t:|1760851645
|move|p1a: Rillaboom|Grassy Glide|p2a: Iron Treads
|-crit|p2a: Iron Treads
|-damage|p2a: Iron Treads|46/100
|move|p2a: Iron Treads|Ice Spinner|p1a: Rillaboom
|-supereffective|p1a: Rillaboom
|-damage|p1a: Rillaboom|45/100
|-fieldend|move: Grassy Terrain
|
|upkeep
|turn|10
|
|t:|1760851649
|move|p2a: Iron Treads|Ice Spinner|p1a: Rillaboom
|-supereffective|p1a: Rillaboom
|-damage|p1a: Rillaboom|0 fnt
|faint|p1a: Rillaboom
|
|upkeep
|
|t:|1760851651
|switch|p1a: Cinderace|Cinderace, M, shiny|100/100
|turn|11
|
|t:|1760851653
|move|p1a: Cinderace|Pyro Ball|p2a: Iron Treads
|-supereffective|p2a: Iron Treads
|-damage|p2a: Iron Treads|0 fnt
|faint|p2a: Iron Treads
|-end|p2a: Iron Treads|Quark Drive|[silent]
|-damage|p1a: Cinderace|91/100|[from] item: Life Orb
|
|upkeep
|
|t:|1760851653
|switch|p2a: Enamorus|Enamorus, F, shiny|100/100
|turn|12
|
|t:|1760851658
|move|p2a: Enamorus|Earth Power|p1a: Cinderace
|-supereffective|p1a: Cinderace
|-damage|p1a: Cinderace|0 fnt
|faint|p1a: Cinderace
|
|upkeep
|
|t:|1760851661
|switch|p1a: Dragapult|Dragapult, M, shiny|100/100
|turn|13
|
|t:|1760851672
|-terastallize|p1a: Dragapult|Ground
|move|p2a: Enamorus|Earth Power|p1a: Dragapult
|-damage|p1a: Dragapult|54/100
|move|p1a: Dragapult|Flamethrower|p2a: Enamorus
|-damage|p2a: Enamorus|47/100
|
|upkeep
|turn|14
|
|t:|1760851680
|move|p2a: Enamorus|Earth Power|p1a: Dragapult
|-damage|p1a: Dragapult|10/100
|move|p1a: Dragapult|Flamethrower|p2a: Enamorus
|-damage|p2a: Enamorus|0 fnt
|faint|p2a: Enamorus
|
|upkeep
|
|t:|1760851680
|switch|p2a: Necrozma|Necrozma, shiny|100/100
|turn|15
|
|t:|1760851685
|move|p1a: Dragapult|Flamethrower|p2a: Necrozma
|-damage|p2a: Necrozma|66/100
|-status|p2a: Necrozma|brn
|move|p2a: Necrozma|Photon Geyser|p1a: Dragapult
|-damage|p1a: Dragapult|0 fnt
|faint|p1a: Dragapult
|
|win|HZBKAI7
|raw|825y's rating: 1189 &rarr; <strong>1160</strong><br />(-29 for losing)
|raw|HZBKAI7's rating: 1137 &rarr; <strong>1166</strong><br />(+29 for winning)
|l|☆HZBKAI7
|player|p2|
|l|☆825y
|player|p1|
