|j|☆MrRandomHuman
|j|☆DAVISBUTT
|t:|1760824036
|gametype|singles
|player|p1|MrRandomHuman|gambler|1118
|player|p2|DAVISBUTT|rocketgrunt|1101
|gen|9
|tier|[Gen 9] OU
|rated|
|rule|HP Percentage Mod: HP is shown in percentages
|rule|Endless Battle Clause: Forcing endless battles is banned
|rule|Species Clause: Limit one of each Pokémon
|rule|OHKO Clause: OHKO moves are banned
|rule|Evasion Items Clause: Evasion items are banned
|rule|Evasion Moves Clause: Evasion moves are banned
|rule|Evasion Abilities Clause: Evasion abilities are banned
|rule|Sleep Moves Clause: Sleep-inducing moves are banned
|clearpoke
|poke|p1|Metagross|
|poke|p1|Ceruledge, M|
|poke|p1|Latias, F|
|poke|p1|Maushold-Four|
|poke|p1|Gliscor, M|
|poke|p1|Hatterene, F|
|poke|p2|Primarina, F|
|poke|p2|Noivern, M|
|poke|p2|Typhlosion-Hisui, F|
|poke|p2|Rillaboom, M|
|poke|p2|Cloyster, M|
|poke|p2|Toedscruel, M|
|teampreview
|
|t:|1760824039
|teamsize|p1|6
|teamsize|p2|6
|start
|switch|p1a: Gliscor|Gliscor, M, shiny|100/100
|switch|p2a: Toedscruel|Toedscruel, M, shiny|100/100
|turn|1
|
|t:|1760824070
|move|p2a: Toedscruel|Giga Drain|p1a: Gliscor
|-damage|p1a: Gliscor|65/100
|move|p1a: Gliscor|Stealth Rock|p2a: Toedscruel
|-sidestart|p2: DAVISBUTT|move: Stealth Rock
|
|-status|p1a: Gliscor|tox|[from] item: Toxic Orb
|upkeep
|turn|2
|
|t:|1760824079
|move|p2a: Toedscruel|Rapid Spin|p1a: Gliscor
|-damage|p1a: Gliscor|58/100 tox
|-boost|p2a: Toedscruel|spe|1
|-sideend|p2: DAVISBUTT|Stealth Rock|[from] move: Rapid Spin|[of] p2a: Toedscruel
|move|p1a: Gliscor|Crunch|p2a: Toedscruel
|-damage|p2a: Toedscruel|78/100
|-unboost|p2a: Toedscruel|def|1
|
|-heal|p2a: Toedscruel|84/100|[from] item: Leftovers
|-heal|p1a: Gliscor|70/100 tox|[from] ability: Poison Heal
|upkeep
|turn|3
|
|t:|1760824091
|switch|p1a: Latias|Latias, F|100/100
|move|p2a: Toedscruel|Giga Drain|p1a: Latias
|-resisted|p1a: Latias
|-damage|p1a: Latias|91/100
|-heal|p2a: Toedscruel|88/100|[from] drain|[of] p1a: Latias
|
|-heal|p2a: Toedscruel|94/100|[from] item: Leftovers
|upkeep
|turn|4
|
|t:|1760824123
|move|p2a: Toedscruel|Protect|p2a: Toedscruel
|-singleturn|p2a: Toedscruel|Protect
|move|p1a: Latias|Dragon Pulse|p2a: Toedscruel
|-activate|p2a: Toedscruel|move: Protect
|
|-heal|p2a: Toedscruel|99/100|[from] item: Leftovers
|upkeep
|turn|5
|
|t:|1760824138
|switch|p2a: Cloyster|Cloyster, M, shiny|100/100
|move|p1a: Latias|Dragon Pulse|p2a: Cloyster
|-enditem|p2a: Cloyster|Focus Sash
|-damage|p2a: Cloyster|1/100
|
|upkeep
|turn|6
|
|t:|1760824153
|switch|p1a: Maushold|Maushold-Four, shiny|100/100
|move|p2a: Cloyster|Icicle Spear|p1a: Maushold
|-damage|p1a: Maushold|86/100
|-damage|p1a: Maushold|73/100
|-damage|p1a: Maushold|59/100
|-damage|p1a: Maushold|46/100
|-damage|p1a: Maushold|33/100
|-hitcount|p1a: Maushold|5
|
|upkeep
|turn|7
|
|t:|1760824164
|move|p2a: Cloyster|Icicle Spear|p1a: Maushold
|-damage|p1a: Maushold|18/100
|-damage|p1a: Maushold|4/100
|-damage|p1a: Maushold|0 fnt
|faint|p1a: Maushold
|-hitcount|p1: Maushold|3
|
|upkeep
|
|t:|1760824171
|switch|p1a: Erebus|Ceruledge, M|100/100
|turn|8
|
|t:|1760824184
|move|p1a: Erebus|Shadow Claw|p2a: Cloyster
|-crit|p2a: Cloyster
|-damage|p2a: Cloyster|0 fnt
|faint|p2a: Cloyster
|
|upkeep
|
|t:|1760824221
|switch|p2a: Rillaboom|Rillaboom, M, shiny|100/100
|-fieldstart|move: Grassy Terrain|[from] ability: Grassy Surge|[of] p2a: Rillaboom
|turn|9
|
|t:|1760824226
|move|p1a: Erebus|Bitter Blade|p2a: Rillaboom
|-supereffective|p2a: Rillaboom
|-damage|p2a: Rillaboom|0 fnt
|faint|p2a: Rillaboom
|
|upkeep
|
|t:|1760824237
|switch|p2a: Toedscruel|Toedscruel, M, shiny|99/100
|turn|10
|
|t:|1760824240
|move|p2a: Toedscruel|Earth Power|p1a: Erebus
|-supereffective|p1a: Erebus
|-damage|p1a: Erebus|34/100
|move|p1a: Erebus|Swords Dance|p1a: Erebus
|-boost|p1a: Erebus|atk|2
|
|-heal|p2a: Toedscruel|100/100|[from] Grassy Terrain
|-heal|p1a: Erebus|40/100|[from] Grassy Terrain
|upkeep
|turn|11
|
|t:|1760824254
|switch|p1a: Latias|Latias, F|91/100
|move|p2a: Toedscruel|Earth Power|p1a: Latias
|-immune|p1a: Latias|[from] ability: Levitate
|
|upkeep
|turn|12
|
|t:|1760824281
|move|p1a: Latias|Ice Beam|p2a: Toedscruel
|-supereffective|p2a: Toedscruel
|-damage|p2a: Toedscruel|0 fnt
|faint|p2a: Toedscruel
|
|upkeep
|
|t:|1760824291
|switch|p2a: Primarina|Primarina, F, shiny|100/100
|turn|13
|
|t:|1760824297
|move|p1a: Latias|Ice Beam|p2a: Primarina
|-resisted|p2a: Primarina
|-damage|p2a: Primarina|81/100
|move|p2a: Primarina|Moonblast|p1a: Latias
|-supereffective|p1a: Latias
|-damage|p1a: Latias|0 fnt
|faint|p1a: Latias
|-damage|p2a: Primarina|71/100|[from] item: Life Orb
|
|-heal|p2a: Primarina|77/100|[from] Grassy Terrain
|-fieldend|move: Grassy Terrain
|upkeep
|
|t:|1760824305
|switch|p1a: Gliscor|Gliscor, M, shiny|70/100 tox
|turn|14
|
|t:|1760824315
|move|p1a: Gliscor|Crunch|p2a: Primarina
|-resisted|p2a: Primarina
|-damage|p2a: Primarina|64/100
|move|p2a: Primarina|Hyper Voice|p1a: Gliscor
|-supereffective|p1a: Gliscor
|-damage|p1a: Gliscor|0 fnt
|faint|p1a: Gliscor
|-damage|p2a: Primarina|54/100|[from] item: Life Orb
|
|upkeep
|
|t:|1760824323
|switch|p1a: Metagross|Metagross, shiny|100/100
|turn|15
|
|t:|1760824333
|move|p2a: Primarina|Shadow Ball|p1a: Metagross
|-supereffective|p1a: Metagross
|-damage|p1a: Metagross|14/100
|-damage|p2a: Primarina|45/100|[from] item: Life Orb
|move|p1a: Metagross|Flash Cannon|p2a: Primarina
|-damage|p2a: Primarina|17/100
|
|-heal|p1a: Metagross|20/100|[from] item: Leftovers
|upkeep
|turn|16
|
|t:|1760824346
|move|p2a: Primarina|Shadow Ball|p1a: Metagross
|-supereffective|p1a: Metagross
|-damage|p1a: Metagross|0 fnt
|faint|p1a: Metagross
|-damage|p2a: Primarina|7/100|[from] item: Life Orb
|
|upkeep
|
|t:|1760824350
|switch|p1a: Erebus|Ceruledge, M|40/100
|turn|17
|
|t:|1760824364
|move|p1a: Erebus|Shadow Claw|p2a: Primarina
|-damage|p2a: Primarina|0 fnt
|faint|p2a: Primarina
|
|upkeep
|
|t:|1760824390
|switch|p2a: Noivern|Noivern, M, shiny|100/100
|turn|18
|
|t:|1760824398
|switch|p1a: Hatterene|Hatterene, F, shiny|100/100
|move|p2a: Noivern|Air Slash|p1a: Hatterene
|-damage|p1a: Hatterene|49/100
|
|upkeep
|turn|19
|
|t:|1760824403
|move|p2a: Noivern|Air Slash|p1a: Hatterene
|-damage|p1a: Hatterene|0 fnt
|faint|p1a: Hatterene
|
|upkeep
|
|t:|1760824406
|switch|p1a: Erebus|Ceruledge, M|40/100
|turn|20
|
|t:|1760824411
|-terastallize|p1a: Erebus|Psychic
|move|p2a: Noivern|Air Slash|p1a: Erebus
|-damage|p1a: Erebus|0 fnt
|faint|p1a: Erebus
|
|win|DAVISBUTT
|raw|MrRandomHuman's rating: 1118 &rarr; <strong>1092</strong><br />(-26 for losing)
|raw|DAVISBUTT's rating: 1101 &rarr; <strong>1127</strong><br />(+26 for winning)
|l|☆MrRandomHuman
|player|p1|
|l|☆DAVISBUTT
|player|p2|
