|j|☆ori456
|j|☆teto mono
|t:|1760785679
|gametype|singles
|player|p1|ori456|1|1310
|player|p2|teto mono|lady-gen4|1342
|gen|9
|tier|[Gen 9] OU
|rated|
|rule|HP Percentage Mod: HP is shown in percentages
|rule|Endless Battle Clause: Forcing endless battles is banned
|rule|Species Clause: Limit one of each Pokémon
|rule|OHKO Clause: OHKO moves are banned
|rule|Evasion Items Clause: Evasion items are banned
|rule|Evasion Moves Clause: Evasion moves are banned
|rule|Evasion Abilities Clause: Evasion abilities are banned
|rule|Sleep Moves Clause: Sleep-inducing moves are banned
|clearpoke
|poke|p1|Samurott-Hisui, F|
|poke|p1|Ting-Lu|
|poke|p1|Torkoal, F|
|poke|p1|Walking Wake|
|poke|p1|Dragapult, F|
|poke|p1|Kingambit, M|
|poke|p2|Clefable, F|
|poke|p2|Landorus-Therian, M|
|poke|p2|Ogerpon-Wellspring, F|
|poke|p2|Gholdengo|
|poke|p2|Dragonite, M|
|poke|p2|Morpeko, M|
|teampreview
|inactive|Battle timer is ON: inactive players will automatically lose when time's up. (requested by teto mono)
|
|t:|1760785685
|teamsize|p1|6
|teamsize|p2|6
|start
|switch|p1a: Ting-Lu|Ting-Lu|100/100
|switch|p2a: Morpeko|Morpeko, M|100/100
|-ability|p1a: Ting-Lu|Vessel of Ruin
|turn|1
|
|t:|1760785693
|move|p2a: Morpeko|Knock Off|p1a: Ting-Lu
|-resisted|p1a: Ting-Lu
|-damage|p1a: Ting-Lu|92/100
|-enditem|p1a: Ting-Lu|Leftovers|[from] move: Knock Off|[of] p2a: Morpeko
|move|p1a: Ting-Lu|Earthquake|p2a: Morpeko
|-supereffective|p2a: Morpeko
|-enditem|p2a: Morpeko|Focus Sash
|-damage|p2a: Morpeko|1/100
|
|-formechange|p2a: Morpeko|Morpeko-Hangry||[from] ability: Hunger Switch
|upkeep
|turn|2
|
|t:|1760785708
|move|p2a: Morpeko|Parting Shot|p1a: Ting-Lu
|-unboost|p1a: Ting-Lu|atk|1
|-unboost|p1a: Ting-Lu|spa|1
|
|t:|1760785712
|switch|p2a: Ogerpon|Ogerpon-Wellspring, F|100/100|[from] Parting Shot
|move|p1a: Ting-Lu|Stealth Rock|p2a: Ogerpon
|-sidestart|p2: teto mono|move: Stealth Rock
|
|upkeep
|turn|3
|
|t:|1760785723
|switch|p1a: Torkoal|Torkoal, F|100/100
|-weather|SunnyDay|[from] ability: Drought|[of] p1a: Torkoal
|move|p2a: Ogerpon|Trailblaze|p1a: Torkoal
|-resisted|p1a: Torkoal
|-damage|p1a: Torkoal|92/100
|-boost|p2a: Ogerpon|spe|1
|
|-weather|SunnyDay|[upkeep]
|upkeep
|turn|4
|
|t:|1760785735
|move|p2a: Ogerpon|Swords Dance|p2a: Ogerpon
|-boost|p2a: Ogerpon|atk|2
|move|p1a: Torkoal|Clear Smog|p2a: Ogerpon
|-supereffective|p2a: Ogerpon
|-damage|p2a: Ogerpon|79/100
|-clearboost|p2a: Ogerpon
|
|-weather|SunnyDay|[upkeep]
|upkeep
|turn|5
|
|t:|1760785744
|switch|p1a: Walking Wake|Walking Wake|100/100
|-activate|p1a: Walking Wake|ability: Protosynthesis
|-start|p1a: Walking Wake|protosynthesisspa
|move|p2a: Ogerpon|Ivy Cudgel|p1a: Walking Wake|[anim] Ivy Cudgel Water
|-resisted|p1a: Walking Wake
|-damage|p1a: Walking Wake|92/100
|
|-weather|SunnyDay|[upkeep]
|upkeep
|turn|6
|
|t:|1760785761
|move|p1a: Walking Wake|Weather Ball|p2a: Ogerpon
|-damage|p2a: Ogerpon|0 fnt
|faint|p2a: Ogerpon
|
|-weather|SunnyDay|[upkeep]
|upkeep
|
|t:|1760785776
|switch|p2a: Morpeko|Morpeko, M|1/100
|-damage|p2a: Morpeko|0 fnt|[from] Stealth Rock
|faint|p2a: Morpeko
|
|t:|1760785782
|switch|p2a: Dragonite|Dragonite, M|100/100
|-damage|p2a: Dragonite|75/100|[from] Stealth Rock
|turn|7
|
|t:|1760785798
|-end|p1a: Walking Wake|Protosynthesis|[silent]
|switch|p1a: Ting-Lu|Ting-Lu|92/100
|-ability|p1a: Ting-Lu|Vessel of Ruin
|move|p2a: Dragonite|Scale Shot|p1a: Ting-Lu
|-damage|p1a: Ting-Lu|86/100
|-damage|p1a: Ting-Lu|79/100
|-damage|p1a: Ting-Lu|72/100
|-damage|p1a: Ting-Lu|66/100
|-damage|p1a: Ting-Lu|59/100
|-hitcount|p1a: Ting-Lu|5
|-unboost|p2a: Dragonite|def|1
|-boost|p2a: Dragonite|spe|1
|
|-weather|none
|upkeep
|turn|8
|inactive|teto mono has 120 seconds left.
|
|t:|1760785823
|move|p2a: Dragonite|Dragon Dance|p2a: Dragonite
|-boost|p2a: Dragonite|atk|1
|-boost|p2a: Dragonite|spe|1
|move|p1a: Ting-Lu|Heavy Slam|p2a: Dragonite
|-crit|p2a: Dragonite
|-damage|p2a: Dragonite|24/100
|
|upkeep
|turn|9
|inactive|teto mono has 120 seconds left.
|
|t:|1760785834
|move|p2a: Dragonite|Scale Shot|p1a: Ting-Lu
|-damage|p1a: Ting-Lu|49/100
|-damage|p1a: Ting-Lu|39/100
|-damage|p1a: Ting-Lu|29/100
|-damage|p1a: Ting-Lu|18/100
|-damage|p1a: Ting-Lu|8/100
|-hitcount|p1a: Ting-Lu|5
|-unboost|p2a: Dragonite|def|1
|-boost|p2a: Dragonite|spe|1
|move|p1a: Ting-Lu|Heavy Slam|p2a: Dragonite
|-damage|p2a: Dragonite|0 fnt
|faint|p2a: Dragonite
|
|upkeep
|inactive|teto mono has 120 seconds left.
|
|t:|1760785840
|switch|p2a: Landorus|Landorus-Therian, M|100/100
|-damage|p2a: Landorus|88/100|[from] Stealth Rock
|-ability|p2a: Landorus|Intimidate|boost
|-unboost|p1a: Ting-Lu|atk|1
|turn|10
|-message|teto mono forfeited.
|
|win|ori456
|raw|ori456's rating: 1310 &rarr; <strong>1332</strong><br />(+22 for winning)
|raw|teto mono's rating: 1342 &rarr; <strong>1320</strong><br />(-22 for losing)
|l|☆teto mono
|player|p2|
|l|☆ori456
|player|p1|
