|j|☆teatrero mugroso
|j|☆jfkkkkf
|t:|1760818464
|gametype|singles
|player|p1|teatrero mugroso|blue|1333
|player|p2|jfkkkkf|265|1410
|gen|9
|tier|[Gen 9] OU
|rated|
|rule|HP Percentage Mod: HP is shown in percentages
|rule|Endless Battle Clause: Forcing endless battles is banned
|rule|Species Clause: Limit one of each Pokémon
|rule|OHKO Clause: OHKO moves are banned
|rule|Evasion Items Clause: Evasion items are banned
|rule|Evasion Moves Clause: Evasion moves are banned
|rule|Evasion Abilities Clause: Evasion abilities are banned
|rule|Sleep Moves Clause: Sleep-inducing moves are banned
|clearpoke
|poke|p1|Clefable, M|
|poke|p1|Blastoise, M|
|poke|p1|Gengar, F|
|poke|p1|Magneton|
|poke|p1|Dragonite, F|
|poke|p1|Moltres|
|poke|p2|Samurott-Hisui, F|
|poke|p2|Great Tusk|
|poke|p2|Sinistcha|
|poke|p2|Chansey, F|
|poke|p2|Hatterene, F|
|poke|p2|Ogerpon-Wellspring, F|
|teampreview
|inactive|Battle timer is ON: inactive players will automatically lose when time's up. (requested by teatrero mugroso)
|
|t:|1760818479
|teamsize|p1|6
|teamsize|p2|6
|start
|switch|p1a: Blastoise|Blastoise, M|100/100
|switch|p2a: Samurott|Samurott-Hisui, F|100/100
|turn|1
|
|t:|1760818498
|move|p2a: Samurott|Knock Off|p1a: Blastoise
|-damage|p1a: Blastoise|69/100
|-enditem|p1a: Blastoise|Leftovers|[from] move: Knock Off|[of] p2a: Samurott
|move|p1a: Blastoise|Body Press|p2a: Samurott
|-supereffective|p2a: Samurott
|-damage|p2a: Samurott|38/100
|
|upkeep
|turn|2
|
|t:|1760818508
|move|p2a: Samurott|Flip Turn|p1a: Blastoise
|-resisted|p1a: Blastoise
|-damage|p1a: Blastoise|59/100
|
|t:|1760818512
|switch|p2a: Sinistcha|Sinistcha|100/100|[from] Flip Turn
|move|p1a: Blastoise|Rapid Spin|p2a: Sinistcha
|-immune|p2a: Sinistcha
|
|upkeep
|turn|3
|
|t:|1760818533
|switch|p1a: Clefable|Clefable, M|100/100
|move|p2a: Sinistcha|Matcha Gotcha|p1a: Clefable
|-damage|p1a: Clefable|77/100
|
|-heal|p1a: Clefable|83/100|[from] item: Leftovers
|upkeep
|turn|4
|
|t:|1760818552
|switch|p2a: Hatterene|Hatterene, F|100/100
|move|p1a: Clefable|Stealth Rock|p2a: Hatterene
|move|p2a: Hatterene|Stealth Rock|p1a: Clefable|[from] ability: Magic Bounce
|-sidestart|p1: teatrero mugroso|move: Stealth Rock
|
|-heal|p1a: Clefable|89/100|[from] item: Leftovers
|upkeep
|turn|5
|
|t:|1760818563
|switch|p1a: Magneton|Magneton|100/100
|-damage|p1a: Magneton|94/100|[from] Stealth Rock
|move|p2a: Hatterene|Nuzzle|p1a: Magneton
|-resisted|p1a: Magneton
|-damage|p1a: Magneton|91/100
|
|upkeep
|turn|6
|
|t:|1760818574
|switch|p2a: Great Tusk|Great Tusk|100/100
|move|p1a: Magneton|Flash Cannon|p2a: Great Tusk
|-damage|p2a: Great Tusk|45/100
|
|upkeep
|turn|7
|
|t:|1760818585
|switch|p1a: Moltres|Moltres|100/100
|move|p2a: Great Tusk|Headlong Rush|p1a: Moltres
|-immune|p1a: Moltres
|
|upkeep
|turn|8
|
|t:|1760818594
|move|p1a: Moltres|Will-O-Wisp|p2a: Great Tusk
|-status|p2a: Great Tusk|brn
|move|p2a: Great Tusk|Knock Off|p1a: Moltres
|-damage|p1a: Moltres|83/100
|-enditem|p1a: Moltres|Heavy-Duty Boots|[from] move: Knock Off|[of] p2a: Great Tusk
|
|-damage|p2a: Great Tusk|39/100 brn|[from] brn
|upkeep
|turn|9
|
|t:|1760818607
|-end|p2a: Great Tusk|Protosynthesis|[silent]
|switch|p2a: Chansey|Chansey, F|100/100
|move|p1a: Moltres|Air Slash|p2a: Chansey
|-damage|p2a: Chansey|90/100
|
|upkeep
|turn|10
|
|t:|1760818615
|switch|p1a: Blastoise|Blastoise, M|59/100
|-damage|p1a: Blastoise|47/100|[from] Stealth Rock
|move|p2a: Chansey|Heal Bell|p2a: Chansey
|-activate|p2a: Chansey|move: Heal Bell
|-curestatus|p2: Great Tusk|brn|[msg]
|
|upkeep
|turn|11
|
|t:|1760818625
|switch|p2a: Sinistcha|Sinistcha|100/100
|move|p1a: Blastoise|Flip Turn|p2a: Sinistcha
|-resisted|p2a: Sinistcha
|-damage|p2a: Sinistcha|94/100
|
|t:|1760818638
|switch|p1a: Moltres|Moltres|83/100|[from] Flip Turn
|-damage|p1a: Moltres|33/100|[from] Stealth Rock
|
|-heal|p2a: Sinistcha|99/100|[from] item: Leftovers
|upkeep
|turn|12
|-message|teatrero mugroso forfeited.
|
|win|jfkkkkf
|raw|teatrero mugroso's rating: 1333 &rarr; <strong>1317</strong><br />(-16 for losing)
|raw|jfkkkkf's rating: 1410 &rarr; <strong>1426</strong><br />(+16 for winning)
|l|☆teatrero mugroso
|player|p1|
|l|☆jfkkkkf
|player|p2|
