|j|☆thevicpec
|j|☆qaqkiller
|t:|1760796114
|gametype|singles
|player|p1|thevicpec|hoopster|1538
|player|p2|qaqkiller|maid|1547
|gen|9
|tier|[Gen 9] OU
|rated|
|rule|HP Percentage Mod: HP is shown in percentages
|rule|Endless Battle Clause: Forcing endless battles is banned
|rule|Species Clause: Limit one of each Pokémon
|rule|OHKO Clause: OHKO moves are banned
|rule|Evasion Items Clause: Evasion items are banned
|rule|Evasion Moves Clause: Evasion moves are banned
|rule|Evasion Abilities Clause: Evasion abilities are banned
|rule|Sleep Moves Clause: Sleep-inducing moves are banned
|clearpoke
|poke|p1|Tyranitar, F|
|poke|p1|Gholdengo|
|poke|p1|Zamazenta-*|
|poke|p1|Rillaboom, M|
|poke|p1|Garchomp, M|
|poke|p1|Zapdos|
|poke|p2|Zamazenta-*|
|poke|p2|Iron Valiant|
|poke|p2|Sinistcha-Masterpiece|
|poke|p2|Gholdengo|
|poke|p2|Samurott-Hisui, M|
|poke|p2|Landorus-Therian, M|
|teampreview
|inactive|Battle timer is ON: inactive players will automatically lose when time's up. (requested by qaqkiller)
|
|t:|1760796152
|teamsize|p1|6
|teamsize|p2|6
|start
|switch|p1a: Garchomp|Garchomp, M|100/100
|switch|p2a: Samurott|Samurott-Hisui, M, shiny|100/100
|turn|1
|
|t:|1760796157
|move|p1a: Garchomp|Stealth Rock|p2a: Samurott
|-sidestart|p2: qaqkiller|move: Stealth Rock
|move|p2a: Samurott|Knock Off|p1a: Garchomp
|-damage|p1a: Garchomp|75/100
|-damage|p2a: Samurott|88/100|[from] ability: Rough Skin|[of] p1a: Garchomp
|-damage|p2a: Samurott|72/100|[from] item: Rocky Helmet|[of] p1a: Garchomp
|-enditem|p1a: Garchomp|Rocky Helmet|[from] move: Knock Off|[of] p2a: Samurott
|
|upkeep
|turn|2
|
|t:|1760796163
|move|p1a: Garchomp|Spikes|p2a: Samurott
|-sidestart|p2: qaqkiller|Spikes
|move|p2a: Samurott|Ceaseless Edge|p1a: Garchomp
|-damage|p1a: Garchomp|50/100
|-damage|p2a: Samurott|60/100|[from] ability: Rough Skin|[of] p1a: Garchomp
|-sidestart|p1: thevicpec|Spikes
|
|upkeep
|turn|3
|
|t:|1760796168
|move|p1a: Garchomp|Spikes|p2a: Samurott
|-sidestart|p2: qaqkiller|Spikes
|move|p2a: Samurott|Ceaseless Edge|p1a: Garchomp
|-damage|p1a: Garchomp|24/100
|-damage|p2a: Samurott|47/100|[from] ability: Rough Skin|[of] p1a: Garchomp
|-sidestart|p1: thevicpec|Spikes
|
|upkeep
|turn|4
|
|t:|1760796178
|move|p1a: Garchomp|Earthquake|p2a: Samurott
|-damage|p2a: Samurott|0 fnt
|faint|p2a: Samurott
|
|upkeep
|
|t:|1760796182
|switch|p2a: Landorus|Landorus-Therian, M, shiny|100/100
|-damage|p2a: Landorus|88/100|[from] Stealth Rock
|-ability|p2a: Landorus|Intimidate|boost
|-unboost|p1a: Garchomp|atk|1
|turn|5
|
|t:|1760796187
|switch|p1a: Zapdos|Zapdos|100/100
|move|p2a: Landorus|Stealth Rock|p1a: Zapdos
|-sidestart|p1: thevicpec|move: Stealth Rock
|
|upkeep
|turn|6
|
|t:|1760796191
|move|p1a: Zapdos|Hurricane|p2a: Landorus
|-damage|p2a: Landorus|30/100
|move|p2a: Landorus|U-turn|p1a: Zapdos
|-resisted|p1a: Zapdos
|-damage|p1a: Zapdos|88/100
|
|t:|1760796199
|switch|p2a: Gholdengo|Gholdengo, shiny|100/100|[from] U-turn
|-damage|p2a: Gholdengo|94/100|[from] Stealth Rock
|-item|p2a: Gholdengo|Air Balloon
|
|upkeep
|turn|7
|
|t:|1760796203
|move|p1a: Zapdos|Heat Wave|p2a: Gholdengo
|-supereffective|p2a: Gholdengo
|-damage|p2a: Gholdengo|19/100
|-enditem|p2a: Gholdengo|Air Balloon
|move|p2a: Gholdengo|Shadow Ball|p1a: Zapdos
|-damage|p1a: Zapdos|42/100
|
|upkeep
|turn|8
|
|t:|1760796211
|move|p1a: Zapdos|Volt Switch|p2a: Gholdengo
|-damage|p2a: Gholdengo|0 fnt
|faint|p2a: Gholdengo
|
|t:|1760796221
|switch|p1a: Rillaboom|Rillaboom, M|100/100|[from] Volt Switch
|-fieldstart|move: Grassy Terrain|[from] ability: Grassy Surge|[of] p1a: Rillaboom
|
|upkeep
|
|t:|1760796225
|switch|p2a: Sinistcha|Sinistcha-Masterpiece, shiny|100/100
|turn|9
|
|t:|1760796233
|move|p1a: Rillaboom|U-turn|p2a: Sinistcha
|-damage|p2a: Sinistcha|81/100
|
|t:|1760796237
|switch|p1a: Zapdos|Zapdos|42/100|[from] U-turn
|move|p2a: Sinistcha|Calm Mind|p2a: Sinistcha
|-boost|p2a: Sinistcha|spa|1
|-boost|p2a: Sinistcha|spd|1
|
|-heal|p2a: Sinistcha|87/100|[from] Grassy Terrain
|upkeep
|turn|10
|
|t:|1760796248
|-terastallize|p2a: Sinistcha|Poison
|move|p1a: Zapdos|Hurricane|p2a: Sinistcha
|-damage|p2a: Sinistcha|45/100
|-start|p2a: Sinistcha|confusion
|-activate|p2a: Sinistcha|confusion
|-damage|p2a: Sinistcha|42/100|[from] confusion
|
|-heal|p2a: Sinistcha|48/100|[from] Grassy Terrain
|upkeep
|turn|11
|
|t:|1760796261
|move|p1a: Zapdos|Volt Switch|p2a: Sinistcha
|-damage|p2a: Sinistcha|18/100
|
|t:|1760796264
|switch|p1a: Gholdengo|Gholdengo|100/100|[from] Volt Switch
|-damage|p1a: Gholdengo|94/100|[from] Stealth Rock
|-item|p1a: Gholdengo|Air Balloon
|-activate|p2a: Sinistcha|confusion
|move|p2a: Sinistcha|Strength Sap|p1a: Gholdengo
|-immune|p1a: Gholdengo|[from] ability: Good as Gold
|
|-heal|p2a: Sinistcha|24/100|[from] Grassy Terrain
|upkeep
|turn|12
|-message|qaqkiller forfeited.
|
|win|thevicpec
|raw|thevicpec's rating: 1538 &rarr; <strong>1559</strong><br />(+21 for winning)
|raw|qaqkiller's rating: 1547 &rarr; <strong>1526</strong><br />(-21 for losing)
|l|☆qaqkiller
|player|p2|
|l|☆thevicpec
|player|p1|
