|j|☆TotallySkilled
|j|☆receptus
|t:|1760718333
|gametype|singles
|player|p1|TotallySkilled|guzma|1599
|player|p2|receptus|yellow|1549
|gen|9
|tier|[Gen 9] OU
|rated|
|rule|HP Percentage Mod: HP is shown in percentages
|rule|Endless Battle Clause: Forcing endless battles is banned
|rule|Species Clause: Limit one of each Pokémon
|rule|OHKO Clause: OHKO moves are banned
|rule|Evasion Items Clause: Evasion items are banned
|rule|Evasion Moves Clause: Evasion moves are banned
|rule|Evasion Abilities Clause: Evasion abilities are banned
|rule|Sleep Moves Clause: Sleep-inducing moves are banned
|clearpoke
|poke|p1|Deoxys-Speed|
|poke|p1|Blaziken, F|
|poke|p1|Zamazenta-*|
|poke|p1|Gholdengo|
|poke|p1|Moltres-Galar|
|poke|p1|Kingambit, M|
|poke|p2|Kyurem|
|poke|p2|Alomomola, F|
|poke|p2|Goodra-Hisui, F|
|poke|p2|Cinderace, F|
|poke|p2|Dragapult, F|
|poke|p2|Landorus-Therian, M|
|teampreview
|
|t:|1760718357
|teamsize|p1|6
|teamsize|p2|6
|start
|switch|p1a: Deoxys|Deoxys-Speed|100/100
|switch|p2a: Dragapult|Dragapult, F|100/100
|-ability|p1a: Deoxys|Pressure
|turn|1
|
|t:|1760718364
|switch|p1a: Kingambit|Kingambit, M|100/100
|move|p2a: Dragapult|U-turn|p1a: Kingambit
|-damage|p1a: Kingambit|87/100
|
|t:|1760718370
|switch|p2a: Landorus|Landorus-Therian, M|100/100|[from] U-turn
|-ability|p2a: Landorus|Intimidate|boost
|-unboost|p1a: Kingambit|atk|1
|
|-heal|p1a: Kingambit|93/100|[from] item: Leftovers
|upkeep
|turn|2
|
|t:|1760718378
|-end|p1a: Kingambit|fallenundefined|[silent]
|switch|p1a: Deoxys|Deoxys-Speed|100/100
|-ability|p1a: Deoxys|Pressure
|move|p2a: Landorus|U-turn|p1a: Deoxys
|-supereffective|p1a: Deoxys
|-damage|p1a: Deoxys|34/100
|
|t:|1760718403
|switch|p2a: Dragapult|Dragapult, F|100/100|[from] U-turn
|
|upkeep
|turn|3
|
|t:|1760718408
|move|p1a: Deoxys|Reflect|p1a: Deoxys
|-sidestart|p1: TotallySkilled|Reflect
|move|p2a: Dragapult|U-turn|p1a: Deoxys
|-supereffective|p1a: Deoxys
|-damage|p1a: Deoxys|0 fnt
|faint|p1a: Deoxys
|
|t:|1760718415
|switch|p2a: Goodra|Goodra-Hisui, F|100/100|[from] U-turn
|
|upkeep
|
|t:|1760718418
|switch|p1a: Blaziken|Blaziken, F|100/100
|turn|4
|
|t:|1760718431
|move|p1a: Blaziken|Swords Dance|p1a: Blaziken
|-boost|p1a: Blaziken|atk|2
|move|p2a: Goodra|Dragon Tail|p1a: Blaziken
|-damage|p1a: Blaziken|87/100
|drag|p1a: Gholdengo|Gholdengo|100/100
|
|upkeep
|turn|5
|
|t:|1760718442
|switch|p1a: Blaziken|Blaziken, F|87/100
|move|p2a: Goodra|Flamethrower|p1a: Blaziken
|-resisted|p1a: Blaziken
|-damage|p1a: Blaziken|63/100
|
|upkeep
|turn|6
|
|t:|1760718456
|move|p1a: Blaziken|Close Combat|p2a: Goodra
|-supereffective|p2a: Goodra
|-damage|p2a: Goodra|0 fnt
|-unboost|p1a: Blaziken|def|1
|-unboost|p1a: Blaziken|spd|1
|faint|p2a: Goodra
|-damage|p1a: Blaziken|53/100|[from] item: Life Orb
|
|-ability|p1a: Blaziken|Speed Boost|boost
|-boost|p1a: Blaziken|spe|1
|upkeep
|
|t:|1760718463
|switch|p2a: Landorus|Landorus-Therian, M|100/100
|-ability|p2a: Landorus|Intimidate|boost
|-unboost|p1a: Blaziken|atk|1
|turn|7
|
|t:|1760718468
|move|p2a: Landorus|Earthquake|p1a: Blaziken
|-supereffective|p1a: Blaziken
|-damage|p1a: Blaziken|0 fnt
|faint|p1a: Blaziken
|
|upkeep
|
|t:|1760718472
|switch|p1a: Moltres|Moltres-Galar|100/100
|turn|8
|
|t:|1760718480
|switch|p2a: Dragapult|Dragapult, F|100/100
|move|p1a: Moltres|Nasty Plot|p1a: Moltres
|-boost|p1a: Moltres|spa|2
|
|upkeep
|turn|9
|
|t:|1760718486
|move|p2a: Dragapult|Dragon Darts|p1a: Moltres
|-crit|p1a: Moltres
|-damage|p1a: Moltres|63/100
|-anim|p2a: Dragapult|Dragon Darts|p1a: Moltres
|-damage|p1a: Moltres|41/100
|-enditem|p1a: Moltres|Sitrus Berry|[eat]
|-heal|p1a: Moltres|66/100|[from] item: Sitrus Berry
|move|p1a: Moltres|Agility|p1a: Moltres
|-boost|p1a: Moltres|spe|2
|
|upkeep
|turn|10
|
|t:|1760718494
|switch|p2a: Alomomola|Alomomola, F|100/100
|move|p1a: Moltres|Fiery Wrath|p2a: Alomomola
|-damage|p2a: Alomomola|12/100
|
|-sideend|p1: TotallySkilled|Reflect
|upkeep
|turn|11
|
|t:|1760718497
|move|p1a: Moltres|Fiery Wrath|p2a: Alomomola
|-damage|p2a: Alomomola|0 fnt
|faint|p2a: Alomomola
|
|upkeep
|
|t:|1760718504
|switch|p2a: Dragapult|Dragapult, F|100/100
|turn|12
|
|t:|1760718507
|-terastallize|p2a: Dragapult|Fairy
|move|p1a: Moltres|Fiery Wrath|p2a: Dragapult
|-resisted|p2a: Dragapult
|-damage|p2a: Dragapult|46/100
|move|p2a: Dragapult|Dragon Darts|p1a: Moltres
|-damage|p1a: Moltres|40/100
|-anim|p2a: Dragapult|Dragon Darts|p1a: Moltres
|-damage|p1a: Moltres|15/100
|-ability|p1a: Moltres|Berserk|boost
|-boost|p1a: Moltres|spa|1
|
|upkeep
|turn|13
|
|t:|1760718517
|switch|p2a: Landorus|Landorus-Therian, M|100/100
|-ability|p2a: Landorus|Intimidate|boost
|-unboost|p1a: Moltres|atk|1
|move|p1a: Moltres|Fiery Wrath|p2a: Landorus
|-damage|p2a: Landorus|0 fnt
|faint|p2a: Landorus
|
|upkeep
|
|t:|1760718518
|switch|p2a: Cinderace|Cinderace, F|100/100
|turn|14
|
|t:|1760718530
|move|p2a: Cinderace|Sucker Punch|p1a: Moltres
|-start|p2a: Cinderace|typechange|Dark|[from] ability: Libero
|-resisted|p1a: Moltres
|-crit|p1a: Moltres
|-damage|p1a: Moltres|0 fnt
|faint|p1a: Moltres
|
|upkeep
|
|t:|1760718537
|switch|p1a: Zamazenta|Zamazenta|100/100
|-ability|p1a: Zamazenta|Dauntless Shield|boost
|-boost|p1a: Zamazenta|def|1
|turn|15
|
|t:|1760718547
|move|p1a: Zamazenta|Iron Defense|p1a: Zamazenta
|-boost|p1a: Zamazenta|def|2
|move|p2a: Cinderace|U-turn|p1a: Zamazenta
|-resisted|p1a: Zamazenta
|-damage|p1a: Zamazenta|97/100
|
|t:|1760718551
|switch|p2a: Dragapult|Dragapult, F, tera:Fairy|46/100|[from] U-turn
|
|upkeep
|turn|16
|
|t:|1760718556
|move|p2a: Dragapult|Will-O-Wisp|p1a: Zamazenta
|-status|p1a: Zamazenta|brn
|move|p1a: Zamazenta|Body Press|p2a: Dragapult
|-resisted|p2a: Dragapult
|-damage|p2a: Dragapult|16/100
|
|-damage|p1a: Zamazenta|91/100 brn|[from] brn
|upkeep
|turn|17
|
|t:|1760718560
|move|p2a: Dragapult|Hex|p1a: Zamazenta
|-damage|p1a: Zamazenta|51/100 brn
|move|p1a: Zamazenta|Rest|p1a: Zamazenta
|-status|p1a: Zamazenta|slp|[from] move: Rest
|-heal|p1a: Zamazenta|100/100 slp|[silent]
|-enditem|p1a: Zamazenta|Chesto Berry|[eat]
|-curestatus|p1a: Zamazenta|slp|[msg]
|
|upkeep
|turn|18
|
|t:|1760718564
|-terastallize|p1a: Zamazenta|Fire
|move|p2a: Dragapult|Will-O-Wisp|p1a: Zamazenta
|-immune|p1a: Zamazenta
|move|p1a: Zamazenta|Body Press|p2a: Dragapult
|-resisted|p2a: Dragapult
|-damage|p2a: Dragapult|0 fnt
|faint|p2a: Dragapult
|
|upkeep
|-message|receptus forfeited.
|
|win|TotallySkilled
|raw|TotallySkilled's rating: 1599 &rarr; <strong>1616</strong><br />(+17 for winning)
|raw|receptus's rating: 1549 &rarr; <strong>1532</strong><br />(-17 for losing)
|l|☆receptus
|player|p2|
|l|☆TotallySkilled
|player|p1|
