|j|☆NOOKOK
|j|☆teto mono
|t:|1760768293
|gametype|singles
|player|p1|NOOKOK|nate|1180
|player|p2|teto mono|lady-gen4|1227
|gen|9
|tier|[Gen 9] OU
|rated|
|rule|HP Percentage Mod: HP is shown in percentages
|rule|Endless Battle Clause: Forcing endless battles is banned
|rule|Species Clause: Limit one of each Pokémon
|rule|OHKO Clause: OHKO moves are banned
|rule|Evasion Items Clause: Evasion items are banned
|rule|Evasion Moves Clause: Evasion moves are banned
|rule|Evasion Abilities Clause: Evasion abilities are banned
|rule|Sleep Moves Clause: Sleep-inducing moves are banned
|clearpoke
|poke|p1|Polteageist|
|poke|p1|Ceruledge, M|
|poke|p1|Glimmora, M|
|poke|p1|Great Tusk|
|poke|p1|Samurott-Hisui, F|
|poke|p1|Iron Valiant|
|poke|p2|Clefable, F|
|poke|p2|Landorus-Therian, M|
|poke|p2|Ogerpon-Wellspring, F|
|poke|p2|Gholdengo|
|poke|p2|Dragonite, M|
|poke|p2|Morpeko, M|
|teampreview
|inactive|Battle timer is ON: inactive players will automatically lose when time's up. (requested by teto mono)
|
|t:|1760768299
|teamsize|p1|6
|teamsize|p2|6
|start
|switch|p1a: Glimmora|Glimmora, M|100/100
|switch|p2a: Morpeko|Morpeko, M|100/100
|turn|1
|
|t:|1760768307
|move|p2a: Morpeko|Knock Off|p1a: Glimmora
|-damage|p1a: Glimmora|49/100
|-activate|p1a: Glimmora|ability: Toxic Debris
|-sidestart|p2: teto mono|move: Toxic Spikes
|-enditem|p1a: Glimmora|Focus Sash|[from] move: Knock Off|[of] p2a: Morpeko
|move|p1a: Glimmora|Stealth Rock|p2a: Morpeko
|-sidestart|p2: teto mono|move: Stealth Rock
|
|-formechange|p2a: Morpeko|Morpeko-Hangry||[from] ability: Hunger Switch
|upkeep
|turn|2
|
|t:|1760768313
|move|p2a: Morpeko|Aura Wheel|p1a: Glimmora
|-damage|p1a: Glimmora|0 fnt
|-boost|p2a: Morpeko|spe|1
|-activate|p1a: Glimmora|ability: Toxic Debris
|-sidestart|p2: teto mono|move: Toxic Spikes
|faint|p1a: Glimmora
|
|-formechange|p2a: Morpeko|Morpeko||[from] ability: Hunger Switch
|upkeep
|
|t:|1760768323
|switch|p1a: Iron Valiant|Iron Valiant|100/100
|-enditem|p1a: Iron Valiant|Booster Energy
|-activate|p1a: Iron Valiant|ability: Quark Drive|[fromitem]
|-start|p1a: Iron Valiant|quarkdrivespe
|turn|3
|
|t:|1760768327
|move|p1a: Iron Valiant|Close Combat|p2a: Morpeko
|-supereffective|p2a: Morpeko
|-enditem|p2a: Morpeko|Focus Sash
|-damage|p2a: Morpeko|1/100
|-unboost|p1a: Iron Valiant|def|1
|-unboost|p1a: Iron Valiant|spd|1
|move|p2a: Morpeko|Rapid Spin|p1a: Iron Valiant
|-damage|p1a: Iron Valiant|74/100
|-boost|p2a: Morpeko|spe|1
|-sideend|p2: teto mono|Toxic Spikes|[from] move: Rapid Spin|[of] p2a: Morpeko
|-sideend|p2: teto mono|Stealth Rock|[from] move: Rapid Spin|[of] p2a: Morpeko
|
|-formechange|p2a: Morpeko|Morpeko-Hangry||[from] ability: Hunger Switch
|upkeep
|turn|4
|
|t:|1760768354
|move|p2a: Morpeko|Aura Wheel|p1a: Iron Valiant
|-resisted|p1a: Iron Valiant
|-damage|p1a: Iron Valiant|53/100
|-boost|p2a: Morpeko|spe|1
|move|p1a: Iron Valiant|Knock Off|p2a: Morpeko
|-resisted|p2a: Morpeko
|-damage|p2a: Morpeko|0 fnt
|faint|p2a: Morpeko
|
|upkeep
|
|t:|1760768356
|switch|p2a: Landorus|Landorus-Therian, M|100/100
|-ability|p2a: Landorus|Intimidate|boost
|-unboost|p1a: Iron Valiant|atk|1
|turn|5
|
|t:|1760768363
|-end|p1a: Iron Valiant|Quark Drive|[silent]
|switch|p1a: Samurott|Samurott-Hisui, F|100/100
|move|p2a: Landorus|Earthquake|p1a: Samurott
|-damage|p1a: Samurott|34/100
|
|upkeep
|turn|6
|
|t:|1760768368
|switch|p2a: Ogerpon|Ogerpon-Wellspring, F|100/100
|move|p1a: Samurott|Ceaseless Edge|p2a: Ogerpon
|-damage|p2a: Ogerpon|47/100
|-sidestart|p2: teto mono|Spikes
|
|upkeep
|turn|7
|
|t:|1760768374
|move|p2a: Ogerpon|Trailblaze|p1a: Samurott
|-supereffective|p1a: Samurott
|-damage|p1a: Samurott|0 fnt
|-boost|p2a: Ogerpon|spe|1
|faint|p1a: Samurott
|
|upkeep
|
|t:|1760768380
|switch|p1a: Ceruledge|Ceruledge, M|100/100
|turn|8
|
|t:|1760768386
|move|p2a: Ogerpon|Ivy Cudgel|p1a: Ceruledge|[anim] Ivy Cudgel Water
|-supereffective|p1a: Ceruledge
|-enditem|p1a: Ceruledge|Focus Sash
|-damage|p1a: Ceruledge|1/100
|-ability|p1a: Ceruledge|Weak Armor|boost
|-unboost|p1a: Ceruledge|def|1
|-boost|p1a: Ceruledge|spe|2
|move|p1a: Ceruledge|Swords Dance|p1a: Ceruledge
|-boost|p1a: Ceruledge|atk|2
|
|upkeep
|turn|9
|
|t:|1760768393
|move|p1a: Ceruledge|Bitter Blade|p2a: Ogerpon
|-damage|p2a: Ogerpon|0 fnt
|-heal|p1a: Ceruledge|25/100|[from] drain|[of] p2a: Ogerpon
|faint|p2a: Ogerpon
|
|upkeep
|
|t:|1760768402
|switch|p2a: Landorus|Landorus-Therian, M|100/100
|-ability|p2a: Landorus|Intimidate|boost
|-unboost|p1a: Ceruledge|atk|1
|turn|10
|
|t:|1760768406
|move|p1a: Ceruledge|Poltergeist|p2a: Landorus
|-activate|p2a: Landorus|move: Poltergeist|Rocky Helmet
|-damage|p2a: Landorus|0 fnt
|faint|p2a: Landorus
|
|upkeep
|
|t:|1760768416
|switch|p2a: Dragonite|Dragonite, M|100/100
|turn|11
|
|t:|1760768425
|move|p1a: Ceruledge|Poltergeist|p2a: Dragonite
|-activate|p2a: Dragonite|move: Poltergeist|Loaded Dice
|-damage|p2a: Dragonite|54/100
|move|p2a: Dragonite|Scale Shot|p1a: Ceruledge
|-damage|p1a: Ceruledge|0 fnt
|faint|p1a: Ceruledge
|-hitcount|p1: Ceruledge|1
|-unboost|p2a: Dragonite|def|1
|-boost|p2a: Dragonite|spe|1
|
|upkeep
|
|t:|1760768432
|switch|p1a: Iron Valiant|Iron Valiant|53/100
|turn|12
|
|t:|1760768454
|-terastallize|p2a: Dragonite|Fire
|move|p2a: Dragonite|Fire Punch|p1a: Iron Valiant
|-damage|p1a: Iron Valiant|0 fnt
|faint|p1a: Iron Valiant
|-end|p1a: Iron Valiant|Quark Drive|[silent]
|
|upkeep
|
|t:|1760768459
|switch|p1a: Polteageist|Polteageist, shiny|100/100
|turn|13
|
|t:|1760768463
|move|p2a: Dragonite|Scale Shot|p1a: Polteageist
|-damage|p1a: Polteageist|75/100
|-ability|p1a: Polteageist|Weak Armor|boost
|-unboost|p1a: Polteageist|def|1
|-boost|p1a: Polteageist|spe|2
|-damage|p1a: Polteageist|37/100
|-ability|p1a: Polteageist|Weak Armor|boost
|-unboost|p1a: Polteageist|def|1
|-boost|p1a: Polteageist|spe|2
|-damage|p1a: Polteageist|0 fnt
|faint|p1a: Polteageist
|-hitcount|p1: Polteageist|3
|-unboost|p2a: Dragonite|def|1
|-boost|p2a: Dragonite|spe|1
|
|upkeep
|
|t:|1760768467
|switch|p1a: Great Tusk|Great Tusk|100/100
|turn|14
|
|t:|1760768472
|move|p2a: Dragonite|Scale Shot|p1a: Great Tusk
|-damage|p1a: Great Tusk|89/100
|-damage|p1a: Great Tusk|77/100
|-damage|p1a: Great Tusk|66/100
|-damage|p1a: Great Tusk|55/100
|-hitcount|p1a: Great Tusk|4
|-unboost|p2a: Dragonite|def|1
|-boost|p2a: Dragonite|spe|1
|move|p1a: Great Tusk|Headlong Rush|p2a: Dragonite
|-supereffective|p2a: Dragonite
|-damage|p2a: Dragonite|0 fnt
|-unboost|p1a: Great Tusk|def|1
|-unboost|p1a: Great Tusk|spd|1
|faint|p2a: Dragonite
|
|upkeep
|
|t:|1760768480
|switch|p2a: Gholdengo|Gholdengo|100/100
|-item|p2a: Gholdengo|Air Balloon
|turn|15
|
|t:|1760768484
|-terastallize|p1a: Great Tusk|Steel
|move|p1a: Great Tusk|Rapid Spin|p2a: Gholdengo
|-immune|p2a: Gholdengo
|move|p2a: Gholdengo|Shadow Ball|p1a: Great Tusk
|-damage|p1a: Great Tusk|0 fnt
|faint|p1a: Great Tusk
|-end|p1a: Great Tusk|Protosynthesis|[silent]
|
|win|teto mono
|raw|NOOKOK's rating: 1180 &rarr; <strong>1158</strong><br />(-22 for losing)
|raw|teto mono's rating: 1227 &rarr; <strong>1249</strong><br />(+22 for winning)
|l|☆NOOKOK
|player|p1|
|l|☆teto mono
|player|p2|
