|j|‽Morthill
|j|☆tejgr8forev29
|t:|1760785462
|gametype|singles
|player|p1|Morthill|101|1360
|player|p2|tejgr8forev29|lance|1334
|gen|9
|tier|[Gen 9] OU
|rated|
|rule|HP Percentage Mod: HP is shown in percentages
|rule|Endless Battle Clause: Forcing endless battles is banned
|rule|Species Clause: Limit one of each Pokémon
|rule|OHKO Clause: OHKO moves are banned
|rule|Evasion Items Clause: Evasion items are banned
|rule|Evasion Moves Clause: Evasion moves are banned
|rule|Evasion Abilities Clause: Evasion abilities are banned
|rule|Sleep Moves Clause: Sleep-inducing moves are banned
|clearpoke
|poke|p1|Avalugg, M|
|poke|p1|Cetitan, M|
|poke|p1|Ninetales-Alola, F|
|poke|p1|Kyurem|
|poke|p1|Slowking-Galar, M|
|poke|p1|Frosmoth, M|
|poke|p2|Zamazenta-*|
|poke|p2|Raging Bolt|
|poke|p2|Ogerpon-Wellspring, F|
|poke|p2|Kingambit, F|
|poke|p2|Hatterene, F|
|poke|p2|Landorus-Therian, M|
|teampreview
|inactive|Battle timer is ON: inactive players will automatically lose when time's up. (requested by Morthill)
|
|t:|1760785473
|teamsize|p1|6
|teamsize|p2|6
|start
|switch|p1a: Ninetales|Ninetales-Alola, F|100/100
|switch|p2a: Hatterene|Hatterene, F|100/100
|-weather|Snowscape|[from] ability: Snow Warning|[of] p1a: Ninetales
|turn|1
|
|t:|1760785480
|move|p1a: Ninetales|Aurora Veil|p1a: Ninetales
|-sidestart|p1: Morthill|move: Aurora Veil
|move|p2a: Hatterene|Nuzzle|p1a: Ninetales
|-damage|p1a: Ninetales|99/100
|-status|p1a: Ninetales|par
|
|-weather|Snowscape|[upkeep]
|upkeep
|turn|2
|
|t:|1760785492
|cant|p1a: Ninetales|par
|move|p2a: Hatterene|Mystical Fire|p1a: Ninetales
|-supereffective|p1a: Ninetales
|-damage|p1a: Ninetales|65/100 par
|-unboost|p1a: Ninetales|spa|1
|
|-weather|Snowscape|[upkeep]
|upkeep
|turn|3
|
|t:|1760785499
|switch|p1a: Slowking|Slowking-Galar, M|100/100
|move|p2a: Hatterene|Psyshock|p1a: Slowking
|-damage|p1a: Slowking|71/100
|
|-weather|Snowscape|[upkeep]
|upkeep
|turn|4
|
|t:|1760785510
|switch|p2a: Landorus|Landorus-Therian, M|100/100
|-ability|p2a: Landorus|Intimidate|boost
|-unboost|p1a: Slowking|atk|1
|move|p1a: Slowking|Flamethrower|p2a: Landorus
|-crit|p2a: Landorus
|-damage|p2a: Landorus|48/100
|-status|p2a: Landorus|brn
|
|-weather|Snowscape|[upkeep]
|-damage|p2a: Landorus|42/100 brn|[from] brn
|upkeep
|turn|5
|
|t:|1760785522
|move|p2a: Landorus|Stealth Rock|p1a: Slowking
|-sidestart|p1: Morthill|move: Stealth Rock
|move|p1a: Slowking|Sludge Bomb|p2a: Landorus
|-resisted|p2a: Landorus
|-damage|p2a: Landorus|18/100 brn
|
|-weather|Snowscape|[upkeep]
|-damage|p2a: Landorus|11/100 brn|[from] brn
|-sideend|p1: Morthill|move: Aurora Veil
|upkeep
|turn|6
|
|t:|1760785539
|switch|p1a: Avalugg|Avalugg, M|100/100
|-damage|p1a: Avalugg|76/100|[from] Stealth Rock
|move|p2a: Landorus|Taunt|p1a: Avalugg
|-start|p1a: Avalugg|move: Taunt
|
|-weather|Snowscape|[upkeep]
|-heal|p1a: Avalugg|82/100|[from] ability: Ice Body
|-damage|p2a: Landorus|5/100 brn|[from] brn
|upkeep
|turn|7
|
|t:|1760785550
|move|p2a: Landorus|Earthquake|p1a: Avalugg
|-damage|p1a: Avalugg|75/100
|move|p1a: Avalugg|Rapid Spin|p2a: Landorus
|-damage|p2a: Landorus|0 fnt
|-boost|p1a: Avalugg|spe|1
|-damage|p1a: Avalugg|59/100|[from] item: Rocky Helmet|[of] p2a: Landorus
|-sideend|p1: Morthill|Stealth Rock|[from] move: Rapid Spin|[of] p1a: Avalugg
|faint|p2a: Landorus
|
|-weather|Snowscape|[upkeep]
|-heal|p1a: Avalugg|65/100|[from] ability: Ice Body
|upkeep
|
|t:|1760785567
|switch|p2a: Raging Bolt|Raging Bolt|100/100
|turn|8
|
|t:|1760785581
|switch|p1a: Frosmoth|Frosmoth, M, shiny|100/100
|move|p2a: Raging Bolt|Volt Switch|p1a: Frosmoth
|-damage|p1a: Frosmoth|68/100
|
|t:|1760785589
|-end|p2a: Raging Bolt|Protosynthesis|[silent]
|switch|p2a: Hatterene|Hatterene, F|100/100|[from] Volt Switch
|
|-weather|none
|upkeep
|turn|9
|
|t:|1760785595
|switch|p1a: Ninetales|Ninetales-Alola, F|65/100 par
|-weather|Snowscape|[from] ability: Snow Warning|[of] p1a: Ninetales
|move|p2a: Hatterene|Mystical Fire|p1a: Ninetales
|-supereffective|p1a: Ninetales
|-damage|p1a: Ninetales|0 fnt
|faint|p1a: Ninetales
|
|-weather|Snowscape|[upkeep]
|upkeep
|
|t:|1760785601
|switch|p1a: Frosmoth|Frosmoth, M, shiny|68/100
|turn|10
|
|t:|1760785605
|-terastallize|p1a: Frosmoth|Ground
|move|p1a: Frosmoth|Quiver Dance|p1a: Frosmoth
|-boost|p1a: Frosmoth|spa|1
|-boost|p1a: Frosmoth|spd|1
|-boost|p1a: Frosmoth|spe|1
|move|p2a: Hatterene|Nuzzle|p1a: Frosmoth
|-immune|p1a: Frosmoth
|
|-weather|Snowscape|[upkeep]
|upkeep
|turn|11
|
|t:|1760785619
|move|p1a: Frosmoth|Tera Blast|p2a: Hatterene|[anim] Tera Blast Ground
|-damage|p2a: Hatterene|57/100
|move|p2a: Hatterene|Psyshock|p1a: Frosmoth
|-damage|p1a: Frosmoth|25/100
|
|-weather|Snowscape|[upkeep]
|upkeep
|turn|12
|
|t:|1760785628
|move|p1a: Frosmoth|Giga Drain|p2a: Hatterene
|-damage|p2a: Hatterene|32/100
|-heal|p1a: Frosmoth|39/100|[from] drain|[of] p2a: Hatterene
|move|p2a: Hatterene|Psyshock|p1a: Frosmoth
|-damage|p1a: Frosmoth|0 fnt
|faint|p1a: Frosmoth
|
|-weather|Snowscape|[upkeep]
|upkeep
|
|t:|1760785633
|switch|p1a: Cetitan|Cetitan, M|100/100
|turn|13
|
|t:|1760785642
|move|p1a: Cetitan|Earthquake|p2a: Hatterene
|-damage|p2a: Hatterene|0 fnt
|faint|p2a: Hatterene
|
|-weather|Snowscape|[upkeep]
|upkeep
|
|t:|1760785651
|switch|p2a: Zamazenta|Zamazenta|100/100
|-ability|p2a: Zamazenta|Dauntless Shield|boost
|-boost|p2a: Zamazenta|def|1
|turn|14
|
|t:|1760785663
|switch|p1a: Slowking|Slowking-Galar, M|100/100
|move|p2a: Zamazenta|Body Press|p1a: Slowking
|-resisted|p1a: Slowking
|-damage|p1a: Slowking|85/100
|
|-weather|Snowscape|[upkeep]
|upkeep
|turn|15
|
|t:|1760785670
|switch|p2a: Kingambit|Kingambit, F|100/100
|-activate|p2a: Kingambit|ability: Supreme Overlord
|-start|p2a: Kingambit|fallen2|[silent]
|move|p1a: Slowking|Psychic|p2a: Kingambit
|-immune|p2a: Kingambit
|
|-weather|Snowscape|[upkeep]
|upkeep
|turn|16
|
|t:|1760785683
|switch|p1a: Avalugg|Avalugg, M|65/100
|move|p2a: Kingambit|Swords Dance|p2a: Kingambit
|-boost|p2a: Kingambit|atk|2
|
|-weather|none
|upkeep
|turn|17
|
|t:|1760785692
|move|p2a: Kingambit|Swords Dance|p2a: Kingambit
|-boost|p2a: Kingambit|atk|2
|move|p1a: Avalugg|Body Press|p2a: Kingambit
|-supereffective|p2a: Kingambit
|-damage|p2a: Kingambit|0 fnt
|faint|p2a: Kingambit
|-end|p2a: Kingambit|fallen2|[silent]
|
|upkeep
|
|t:|1760785703
|switch|p2a: Raging Bolt|Raging Bolt|100/100
|turn|18
|
|t:|1760785714
|switch|p1a: Kyurem|Kyurem, shiny|100/100
|-ability|p1a: Kyurem|Pressure
|move|p2a: Raging Bolt|Thunderbolt|p1a: Kyurem
|-resisted|p1a: Kyurem
|-damage|p1a: Kyurem|73/100
|
|upkeep
|turn|19
|
|t:|1760785724
|-end|p2a: Raging Bolt|Protosynthesis|[silent]
|switch|p2a: Ogerpon|Ogerpon-Wellspring, F|100/100
|move|p1a: Kyurem|Ice Beam|p2a: Ogerpon
|-damage|p2a: Ogerpon|45/100
|
|upkeep
|turn|20
|
|t:|1760785735
|switch|p1a: Avalugg|Avalugg, M|65/100
|move|p2a: Ogerpon|U-turn|p1a: Avalugg
|-crit|p1a: Avalugg
|-damage|p1a: Avalugg|48/100
|-damage|p2a: Ogerpon|28/100|[from] item: Rocky Helmet|[of] p1a: Avalugg
|
|t:|1760785742
|switch|p2a: Raging Bolt|Raging Bolt|100/100|[from] U-turn
|
|upkeep
|turn|21
|
|t:|1760785749
|switch|p1a: Slowking|Slowking-Galar, M|100/100
|move|p2a: Raging Bolt|Draco Meteor|p1a: Slowking
|-crit|p1a: Slowking
|-damage|p1a: Slowking|0 fnt
|-unboost|p2a: Raging Bolt|spa|2
|faint|p1a: Slowking
|
|upkeep
|
|t:|1760785768
|switch|p1a: Cetitan|Cetitan, M|100/100
|turn|22
|
|t:|1760785772
|-end|p2a: Raging Bolt|Protosynthesis|[silent]
|switch|p2a: Ogerpon|Ogerpon-Wellspring, F|28/100
|move|p1a: Cetitan|Belly Drum|p1a: Cetitan
|-damage|p1a: Cetitan|50/100
|-setboost|p1a: Cetitan|atk|6|[from] move: Belly Drum
|-enditem|p1a: Cetitan|Sitrus Berry|[eat]
|-heal|p1a: Cetitan|75/100|[from] item: Sitrus Berry
|
|upkeep
|turn|23
|
|t:|1760785784
|move|p1a: Cetitan|Ice Shard|p2a: Ogerpon
|-damage|p2a: Ogerpon|0 fnt
|faint|p2a: Ogerpon
|
|upkeep
|
|t:|1760785789
|switch|p2a: Zamazenta|Zamazenta|100/100
|turn|24
|
|t:|1760785796
|move|p1a: Cetitan|Earthquake|p2a: Zamazenta
|-damage|p2a: Zamazenta|15/100
|move|p2a: Zamazenta|Roar|p1a: Cetitan
|drag|p1a: Avalugg|Avalugg, M|48/100
|
|-heal|p2a: Zamazenta|21/100|[from] item: Leftovers
|upkeep
|turn|25
|
|t:|1760785804
|move|p2a: Zamazenta|Body Press|p1a: Avalugg
|-supereffective|p1a: Avalugg
|-damage|p1a: Avalugg|21/100
|-damage|p2a: Zamazenta|5/100|[from] item: Rocky Helmet|[of] p1a: Avalugg
|move|p1a: Avalugg|Body Press|p2a: Zamazenta
|-damage|p2a: Zamazenta|0 fnt
|faint|p2a: Zamazenta
|
|upkeep
|
|t:|1760785812
|switch|p2a: Raging Bolt|Raging Bolt|100/100
|turn|26
|
|t:|1760785825
|move|p2a: Raging Bolt|Thunderbolt|p1a: Avalugg
|-damage|p1a: Avalugg|0 fnt
|faint|p1a: Avalugg
|
|upkeep
|
|t:|1760785828
|switch|p1a: Kyurem|Kyurem, shiny|73/100
|-ability|p1a: Kyurem|Pressure
|turn|27
|
|t:|1760785833
|-terastallize|p2a: Raging Bolt|Fairy
|move|p1a: Kyurem|Ice Beam|p2a: Raging Bolt
|-damage|p2a: Raging Bolt|53/100
|move|p2a: Raging Bolt|Thunderbolt|p1a: Kyurem
|-resisted|p1a: Kyurem
|-damage|p1a: Kyurem|49/100
|
|upkeep
|turn|28
|
|t:|1760785840
|move|p1a: Kyurem|Flash Cannon|p2a: Raging Bolt
|-supereffective|p2a: Raging Bolt
|-damage|p2a: Raging Bolt|0 fnt
|faint|p2a: Raging Bolt
|-end|p2a: Raging Bolt|Protosynthesis|[silent]
|
|win|Morthill
|raw|Morthill's rating: 1360 &rarr; <strong>1379</strong><br />(+19 for winning)
|raw|tejgr8forev29's rating: 1334 &rarr; <strong>1315</strong><br />(-19 for losing)
|c|☆tejgr8forev29|Gg
|l|☆tejgr8forev29
|player|p2|
|l|‽Morthill
|player|p1|
