|j|☆Jacob14203
|j|☆AlmightyHD
|t:|1760879141
|gametype|singles
|player|p1|Jacob14203|169|1479
|player|p2|AlmightyHD|acetrainerf-gen4dp|1478
|gen|9
|tier|[Gen 9] OU
|rated|
|rule|HP Percentage Mod: HP is shown in percentages
|rule|Endless Battle Clause: Forcing endless battles is banned
|rule|Species Clause: Limit one of each Pokémon
|rule|OHKO Clause: OHKO moves are banned
|rule|Evasion Items Clause: Evasion items are banned
|rule|Evasion Moves Clause: Evasion moves are banned
|rule|Evasion Abilities Clause: Evasion abilities are banned
|rule|Sleep Moves Clause: Sleep-inducing moves are banned
|clearpoke
|poke|p1|Samurott-Hisui, F|
|poke|p1|Tornadus-Therian, M|
|poke|p1|Pecharunt|
|poke|p1|Great Tusk|
|poke|p1|Clefable, F|
|poke|p1|Zamazenta-*|
|poke|p2|Latios, M|
|poke|p2|Tyranitar, F|
|poke|p2|Excadrill, M|
|poke|p2|Ogerpon-Wellspring, F|
|poke|p2|Moltres|
|poke|p2|Uxie|
|teampreview
|inactive|Battle timer is ON: inactive players will automatically lose when time's up. (requested by Jacob14203)
|inactive|AlmightyHD has 120 seconds left.
|
|t:|1760879174
|teamsize|p1|6
|teamsize|p2|6
|start
|switch|p1a: Samurott|Samurott-Hisui, F|100/100
|switch|p2a: Latios|Latios, M|100/100
|turn|1
|inactive|AlmightyHD has 120 seconds left.
|
|t:|1760879214
|switch|p2a: Uxie|Uxie, shiny|100/100
|move|p1a: Samurott|Ceaseless Edge|p2a: Uxie
|-supereffective|p2a: Uxie
|-crit|p2a: Uxie
|-damage|p2a: Uxie|17/100
|-damage|p1a: Samurott|84/100|[from] item: Rocky Helmet|[of] p2a: Uxie
|-sidestart|p2: AlmightyHD|Spikes
|
|upkeep
|turn|2
|inactive|AlmightyHD has 120 seconds left.
|
|t:|1760879225
|move|p1a: Samurott|Ceaseless Edge|p2a: Uxie
|-supereffective|p2a: Uxie
|-damage|p2a: Uxie|0 fnt
|-damage|p1a: Samurott|67/100|[from] item: Rocky Helmet|[of] p2a: Uxie
|-sidestart|p2: AlmightyHD|Spikes
|faint|p2a: Uxie
|
|upkeep
|
|t:|1760879231
|switch|p2a: Ogerpon|Ogerpon-Wellspring, F|100/100
|-damage|p2a: Ogerpon|84/100|[from] Spikes
|turn|3
|inactive|AlmightyHD has 120 seconds left.
|
|t:|1760879241
|switch|p2a: Latios|Latios, M|100/100
|switch|p1a: Pecharunt|Pecharunt|100/100
|
|upkeep
|turn|4
|
|t:|1760879249
|switch|p1a: Samurott|Samurott-Hisui, F|67/100
|move|p2a: Latios|Trick|p1a: Samurott
|-activate|p2a: Latios|move: Trick|[of] p1a: Samurott
|-item|p1a: Samurott|Choice Scarf|[from] move: Trick
|-item|p2a: Latios|Assault Vest|[from] move: Trick
|
|upkeep
|turn|5
|inactive|AlmightyHD has 120 seconds left.
|
|t:|1760879266
|-terastallize|p2a: Latios|Dragon
|move|p1a: Samurott|Ceaseless Edge|p2a: Latios
|-damage|p2a: Latios|44/100
|-sidestart|p2: AlmightyHD|Spikes
|move|p2a: Latios|Draco Meteor|p1a: Samurott
|-damage|p1a: Samurott|0 fnt
|-unboost|p2a: Latios|spa|2
|faint|p1a: Samurott
|
|upkeep
|inactive|Jacob14203 has 120 seconds left.
|
|t:|1760879297
|switch|p1a: Tornadus|Tornadus-Therian, M|100/100
|turn|6
|
|t:|1760879305
|move|p1a: Tornadus|Grass Knot|p2a: Latios
|-resisted|p2a: Latios
|-damage|p2a: Latios|33/100
|-damage|p1a: Tornadus|91/100|[from] item: Life Orb
|move|p2a: Latios|Ice Beam|p1a: Tornadus
|-supereffective|p1a: Tornadus
|-damage|p1a: Tornadus|54/100
|
|upkeep
|turn|7
|
|t:|1760879311
|move|p1a: Tornadus|Bleakwind Storm|p2a: Latios
|-damage|p2a: Latios|0 fnt
|faint|p2a: Latios
|-damage|p1a: Tornadus|44/100|[from] item: Life Orb
|
|upkeep
|
|t:|1760879317
|switch|p2a: Tyranitar|Tyranitar, F, shiny|100/100
|-damage|p2a: Tyranitar|76/100|[from] Spikes
|-weather|Sandstorm|[from] ability: Sand Stream|[of] p2a: Tyranitar
|turn|8
|
|t:|1760879324
|move|p1a: Tornadus|Grass Knot|p2a: Tyranitar
|-supereffective|p2a: Tyranitar
|-damage|p2a: Tyranitar|12/100
|-damage|p1a: Tornadus|35/100|[from] item: Life Orb
|move|p2a: Tyranitar|Knock Off|p1a: Tornadus
|-damage|p1a: Tornadus|0 fnt
|-enditem|p1a: Tornadus|Life Orb|[from] move: Knock Off|[of] p2a: Tyranitar
|faint|p1a: Tornadus
|
|-weather|Sandstorm|[upkeep]
|upkeep
|
|t:|1760879333
|switch|p1a: Great Tusk|Great Tusk|100/100
|turn|9
|-message|AlmightyHD forfeited.
|
|win|Jacob14203
|raw|Jacob14203's rating: 1479 &rarr; <strong>1499</strong><br />(+20 for winning)
|raw|AlmightyHD's rating: 1478 &rarr; <strong>1458</strong><br />(-20 for losing)
|l|☆AlmightyHD
|player|p2|
|l|☆Jacob14203
|player|p1|
