|j|☆Buddy1004
|j|☆lakagota
|t:|1760846237
|gametype|singles
|player|p1|Buddy1004|n|1242
|player|p2|lakagota|101|1250
|gen|9
|tier|[Gen 9] OU
|rated|
|rule|HP Percentage Mod: HP is shown in percentages
|rule|Endless Battle Clause: Forcing endless battles is banned
|rule|Species Clause: Limit one of each Pokémon
|rule|OHKO Clause: OHKO moves are banned
|rule|Evasion Items Clause: Evasion items are banned
|rule|Evasion Moves Clause: Evasion moves are banned
|rule|Evasion Abilities Clause: Evasion abilities are banned
|rule|Sleep Moves Clause: Sleep-inducing moves are banned
|clearpoke
|poke|p1|Galvantula, F|
|poke|p1|Samurott-Hisui, F|
|poke|p1|Cobalion|
|poke|p1|Scizor, F|
|poke|p1|Iron Moth|
|poke|p1|Latias, F|
|poke|p2|Iron Moth|
|poke|p2|Raging Bolt|
|poke|p2|Arcanine-Hisui, M|
|poke|p2|Torkoal, M|
|poke|p2|Ninetales, F|
|poke|p2|Great Tusk|
|teampreview
|inactive|Battle timer is ON: inactive players will automatically lose when time's up. (requested by Buddy1004)
|inactive|lakagota has 120 seconds left.
|
|t:|1760846271
|teamsize|p1|6
|teamsize|p2|6
|start
|switch|p1a: Galvantula|Galvantula, F|100/100
|switch|p2a: Great Tusk|Great Tusk|100/100
|turn|1
|
|t:|1760846282
|move|p1a: Galvantula|Pounce|p2a: Great Tusk
|-resisted|p2a: Great Tusk
|-damage|p2a: Great Tusk|98/100
|-unboost|p2a: Great Tusk|spe|1
|-damage|p1a: Galvantula|84/100|[from] item: Rocky Helmet|[of] p2a: Great Tusk
|move|p2a: Great Tusk|Rapid Spin|p1a: Galvantula
|-damage|p1a: Galvantula|66/100
|-boost|p2a: Great Tusk|spe|1
|
|upkeep
|turn|2
|
|t:|1760846296
|move|p1a: Galvantula|Bug Buzz|p2a: Great Tusk
|-resisted|p2a: Great Tusk
|-damage|p2a: Great Tusk|71/100
|-unboost|p2a: Great Tusk|spd|1
|move|p2a: Great Tusk|Rapid Spin|p1a: Galvantula
|-damage|p1a: Galvantula|48/100
|-boost|p2a: Great Tusk|spe|1
|
|upkeep
|turn|3
|
|t:|1760846318
|move|p2a: Great Tusk|Rapid Spin|p1a: Galvantula
|-damage|p1a: Galvantula|27/100
|-boost|p2a: Great Tusk|spe|1
|move|p1a: Galvantula|Bug Buzz|p2a: Great Tusk
|-resisted|p2a: Great Tusk
|-damage|p2a: Great Tusk|30/100
|
|upkeep
|turn|4
|
|t:|1760846337
|move|p2a: Great Tusk|Ice Spinner|p1a: Galvantula
|-damage|p1a: Galvantula|0 fnt
|faint|p1a: Galvantula
|
|upkeep
|
|t:|1760846341
|switch|p1a: Scizor|Scizor, F|100/100
|turn|5
|
|t:|1760846361
|-end|p2a: Great Tusk|Protosynthesis|[silent]
|switch|p2a: Ninetales|Ninetales, F|100/100
|-weather|SunnyDay|[from] ability: Drought|[of] p2a: Ninetales
|move|p1a: Scizor|Swords Dance|p1a: Scizor
|-boost|p1a: Scizor|atk|2
|
|-weather|SunnyDay|[upkeep]
|upkeep
|turn|6
|
|t:|1760846371
|move|p2a: Ninetales|Fire Blast|p1a: Scizor
|-supereffective|p1a: Scizor
|-enditem|p1a: Scizor|Focus Sash
|-damage|p1a: Scizor|1/100
|move|p1a: Scizor|Dual Wingbeat|p2a: Ninetales
|-crit|p2a: Ninetales
|-damage|p2a: Ninetales|0 fnt
|faint|p2a: Ninetales
|-hitcount|p2: Ninetales|1
|
|-weather|SunnyDay|[upkeep]
|upkeep
|inactive|lakagota has 120 seconds left.
|
|t:|1760846396
|switch|p2a: Arcanine|Arcanine-Hisui, M|100/100
|turn|7
|
|t:|1760846400
|move|p2a: Arcanine|Extreme Speed|p1a: Scizor
|-resisted|p1a: Scizor
|-damage|p1a: Scizor|0 fnt
|faint|p1a: Scizor
|
|-weather|SunnyDay|[upkeep]
|upkeep
|
|t:|1760846408
|switch|p1a: Samurott|Samurott-Hisui, F|100/100
|turn|8
|
|t:|1760846422
|move|p1a: Samurott|Ceaseless Edge|p2a: Arcanine|[miss]
|-miss|p1a: Samurott|p2a: Arcanine
|move|p2a: Arcanine|Head Smash|p1a: Samurott
|-damage|p1a: Samurott|0 fnt
|faint|p1a: Samurott
|
|-weather|SunnyDay|[upkeep]
|upkeep
|
|t:|1760846439
|switch|p1a: Cobalion|Cobalion|100/100
|turn|9
|
|t:|1760846448
|move|p2a: Arcanine|Flare Blitz|p1a: Cobalion
|-supereffective|p1a: Cobalion
|-damage|p1a: Cobalion|0 fnt
|faint|p1a: Cobalion
|
|-weather|SunnyDay|[upkeep]
|upkeep
|-message|Buddy1004 forfeited.
|
|win|lakagota
|raw|Buddy1004's rating: 1242 &rarr; <strong>1218</strong><br />(-24 for losing)
|raw|lakagota's rating: 1250 &rarr; <strong>1274</strong><br />(+24 for winning)
|l|☆Buddy1004
|player|p1|
