|j|☆pr.iyanshu768500
|j|☆hexonicgd
|t:|1760867333
|gametype|singles
|player|p1|pr.iyanshu768500|steven|1370
|player|p2|hexonicgd|caitlin|1324
|gen|9
|tier|[Gen 9] OU
|rated|
|rule|HP Percentage Mod: HP is shown in percentages
|rule|Endless Battle Clause: Forcing endless battles is banned
|rule|Species Clause: Limit one of each Pokémon
|rule|OHKO Clause: OHKO moves are banned
|rule|Evasion Items Clause: Evasion items are banned
|rule|Evasion Moves Clause: Evasion moves are banned
|rule|Evasion Abilities Clause: Evasion abilities are banned
|rule|Sleep Moves Clause: Sleep-inducing moves are banned
|clearpoke
|poke|p1|Deoxys-Speed|
|poke|p1|Dragapult, M|
|poke|p1|Meowscarada, M|
|poke|p1|Dragonite, F|
|poke|p1|Darkrai|
|poke|p1|Great Tusk|
|poke|p2|Dragonite, M|
|poke|p2|Sandy Shocks|
|poke|p2|Iron Moth|
|poke|p2|Iron Boulder|
|poke|p2|Iron Crown|
|poke|p2|Brute Bonnet|
|teampreview
|
|t:|1760867338
|teamsize|p1|6
|teamsize|p2|6
|start
|switch|p1a: Deoxys|Deoxys-Speed|100/100
|switch|p2a: Sandy Shocks|Sandy Shocks|100/100
|-ability|p1a: Deoxys|Pressure
|-enditem|p2a: Sandy Shocks|Booster Energy
|-activate|p2a: Sandy Shocks|ability: Protosynthesis|[fromitem]
|-start|p2a: Sandy Shocks|protosynthesisspe
|turn|1
|
|t:|1760867344
|move|p1a: Deoxys|Stealth Rock|p2a: Sandy Shocks
|-sidestart|p2: hexonicgd|move: Stealth Rock
|move|p2a: Sandy Shocks|Thunderbolt|p1a: Deoxys
|-damage|p1a: Deoxys|37/100
|
|upkeep
|turn|2
|
|t:|1760867352
|move|p1a: Deoxys|Psycho Boost|p2a: Sandy Shocks
|-damage|p2a: Sandy Shocks|29/100
|-unboost|p1a: Deoxys|spa|2
|move|p2a: Sandy Shocks|Stealth Rock|p1a: Deoxys
|-sidestart|p1: pr.iyanshu768500|move: Stealth Rock
|
|upkeep
|turn|3
|
|t:|1760867374
|switch|p1a: Great Tusk|Great Tusk|100/100
|-damage|p1a: Great Tusk|98/100|[from] Stealth Rock
|-enditem|p1a: Great Tusk|Booster Energy
|-activate|p1a: Great Tusk|ability: Protosynthesis|[fromitem]
|-start|p1a: Great Tusk|protosynthesisatk
|-end|p2a: Sandy Shocks|Protosynthesis|[silent]
|switch|p2a: Brute Bonnet|Brute Bonnet|100/100
|-damage|p2a: Brute Bonnet|88/100|[from] Stealth Rock
|
|-heal|p2a: Brute Bonnet|94/100|[from] item: Leftovers
|upkeep
|turn|4
|
|t:|1760867386
|move|p1a: Great Tusk|Rapid Spin|p2a: Brute Bonnet
|-damage|p2a: Brute Bonnet|73/100
|-boost|p1a: Great Tusk|spe|1
|-sideend|p1: pr.iyanshu768500|Stealth Rock|[from] move: Rapid Spin|[of] p1a: Great Tusk
|move|p2a: Brute Bonnet|Seed Bomb|p1a: Great Tusk
|-supereffective|p1a: Great Tusk
|-damage|p1a: Great Tusk|34/100
|
|-heal|p2a: Brute Bonnet|79/100|[from] item: Leftovers
|upkeep
|turn|5
|
|t:|1760867392
|move|p1a: Great Tusk|Close Combat|p2a: Brute Bonnet
|-supereffective|p2a: Brute Bonnet
|-crit|p2a: Brute Bonnet
|-damage|p2a: Brute Bonnet|0 fnt
|-unboost|p1a: Great Tusk|def|1
|-unboost|p1a: Great Tusk|spd|1
|faint|p2a: Brute Bonnet
|-end|p2a: Brute Bonnet|Protosynthesis|[silent]
|
|upkeep
|
|t:|1760867405
|switch|p2a: Iron Boulder|Iron Boulder|100/100
|-damage|p2a: Iron Boulder|88/100|[from] Stealth Rock
|-enditem|p2a: Iron Boulder|Booster Energy
|-activate|p2a: Iron Boulder|ability: Quark Drive|[fromitem]
|-start|p2a: Iron Boulder|quarkdrivespe
|turn|6
|
|t:|1760867414
|move|p2a: Iron Boulder|Mighty Cleave|p1a: Great Tusk
|-resisted|p1a: Great Tusk
|-damage|p1a: Great Tusk|22/100
|move|p1a: Great Tusk|Headlong Rush|p2a: Iron Boulder
|-supereffective|p2a: Iron Boulder
|-damage|p2a: Iron Boulder|0 fnt
|-unboost|p1a: Great Tusk|def|1
|-unboost|p1a: Great Tusk|spd|1
|faint|p2a: Iron Boulder
|-end|p2a: Iron Boulder|Quark Drive|[silent]
|
|upkeep
|
|t:|1760867429
|switch|p2a: Dragonite|Dragonite, M|100/100
|turn|7
|
|t:|1760867437
|move|p1a: Great Tusk|Rapid Spin|p2a: Dragonite
|-damage|p2a: Dragonite|87/100
|-boost|p1a: Great Tusk|spe|1
|move|p2a: Dragonite|Dragon Dance|p2a: Dragonite
|-boost|p2a: Dragonite|atk|1
|-boost|p2a: Dragonite|spe|1
|
|upkeep
|turn|8
|
|t:|1760867443
|-terastallize|p2a: Dragonite|Normal
|move|p2a: Dragonite|Extreme Speed|p1a: Great Tusk
|-damage|p1a: Great Tusk|0 fnt
|faint|p1a: Great Tusk
|-end|p1a: Great Tusk|Protosynthesis|[silent]
|
|upkeep
|
|t:|1760867453
|switch|p1a: Deoxys|Deoxys-Speed|37/100
|-ability|p1a: Deoxys|Pressure
|turn|9
|
|t:|1760867464
|move|p1a: Deoxys|Thunder Wave|p2a: Dragonite|[miss]
|-miss|p1a: Deoxys|p2a: Dragonite
|move|p2a: Dragonite|Dragon Dance|p2a: Dragonite
|-boost|p2a: Dragonite|atk|1
|-boost|p2a: Dragonite|spe|1
|
|upkeep
|turn|10
|
|t:|1760867469
|-terastallize|p1a: Deoxys|Ghost
|move|p2a: Dragonite|Extreme Speed|p1a: Deoxys
|-immune|p1a: Deoxys
|move|p1a: Deoxys|Thunder Wave|p2a: Dragonite
|-status|p2a: Dragonite|par
|
|upkeep
|turn|11
|
|t:|1760867478
|move|p1a: Deoxys|Psycho Boost|p2a: Dragonite
|-damage|p2a: Dragonite|26/100 par
|-unboost|p1a: Deoxys|spa|2
|move|p2a: Dragonite|Dragon Dance|p2a: Dragonite
|-boost|p2a: Dragonite|atk|1
|-boost|p2a: Dragonite|spe|1
|
|upkeep
|turn|12
|
|t:|1760867485
|move|p1a: Deoxys|Taunt|p2a: Dragonite
|-start|p2a: Dragonite|move: Taunt
|move|p2a: Dragonite|Earthquake|p1a: Deoxys
|-damage|p1a: Deoxys|0 fnt
|faint|p1a: Deoxys
|
|upkeep
|
|t:|1760867496
|switch|p1a: Meowscarada|Meowscarada, M|100/100
|turn|13
|
|t:|1760867505
|cant|p2a: Dragonite|par
|move|p1a: Meowscarada|Knock Off|p2a: Dragonite
|-start|p1a: Meowscarada|typechange|Dark|[from] ability: Protean
|-damage|p2a: Dragonite|0 fnt
|-enditem|p2a: Dragonite|Heavy-Duty Boots|[from] move: Knock Off|[of] p1a: Meowscarada
|faint|p2a: Dragonite
|
|upkeep
|
|t:|1760867511
|switch|p2a: Iron Moth|Iron Moth|100/100
|-damage|p2a: Iron Moth|76/100|[from] Stealth Rock
|-enditem|p2a: Iron Moth|Booster Energy
|-activate|p2a: Iron Moth|ability: Quark Drive|[fromitem]
|-start|p2a: Iron Moth|quarkdrivespe
|turn|14
|
|t:|1760867524
|move|p2a: Iron Moth|Substitute|p2a: Iron Moth
|-start|p2a: Iron Moth|Substitute
|-damage|p2a: Iron Moth|51/100
|move|p1a: Meowscarada|Knock Off|p2a: Iron Moth
|-end|p2a: Iron Moth|Substitute
|
|upkeep
|turn|15
|
|t:|1760867534
|move|p2a: Iron Moth|Fiery Dance|p1a: Meowscarada
|-damage|p1a: Meowscarada|38/100
|-boost|p2a: Iron Moth|spa|1
|move|p1a: Meowscarada|Knock Off|p2a: Iron Moth
|-damage|p2a: Iron Moth|0 fnt
|faint|p2a: Iron Moth
|-end|p2a: Iron Moth|Quark Drive|[silent]
|
|upkeep
|-message|hexonicgd forfeited.
|
|win|pr.iyanshu768500
|raw|pr.iyanshu768500's rating: 1370 &rarr; <strong>1388</strong><br />(+18 for winning)
|raw|hexonicgd's rating: 1342 &rarr; <strong>1324</strong><br />(-18 for losing)
|l|☆hexonicgd
|player|p2|
|l|☆pr.iyanshu768500
|player|p1|
