|j|☆GlassGator75
|j|☆Raichu2107
|t:|1760817577
|gametype|singles
|player|p1|GlassGator75|2|1330
|player|p2|Raichu2107|nate|1364
|gen|9
|tier|[Gen 9] OU
|rated|
|rule|HP Percentage Mod: HP is shown in percentages
|rule|Endless Battle Clause: Forcing endless battles is banned
|rule|Species Clause: Limit one of each Pokémon
|rule|OHKO Clause: OHKO moves are banned
|rule|Evasion Items Clause: Evasion items are banned
|rule|Evasion Moves Clause: Evasion moves are banned
|rule|Evasion Abilities Clause: Evasion abilities are banned
|rule|Sleep Moves Clause: Sleep-inducing moves are banned
|clearpoke
|poke|p1|Gholdengo|
|poke|p1|Great Tusk|
|poke|p1|Rillaboom, M|
|poke|p1|Heatran, M|
|poke|p1|Dragapult, M|
|poke|p1|Garganacl, F|
|poke|p2|Raichu, M|
|poke|p2|Glimmora, F|
|poke|p2|Corviknight, M|
|poke|p2|Rotom-Wash|
|poke|p2|Gholdengo|
|poke|p2|Dragapult, F|
|teampreview
|
|t:|1760817602
|teamsize|p1|6
|teamsize|p2|6
|start
|switch|p1a: Great Tusk|Great Tusk|100/100
|switch|p2a: Gholdengo|Gholdengo|100/100
|turn|1
|
|t:|1760817623
|switch|p2a: Corviknight|Corviknight, M|100/100
|-ability|p2a: Corviknight|Pressure
|move|p1a: Great Tusk|Knock Off|p2a: Corviknight
|-damage|p2a: Corviknight|83/100
|-damage|p1a: Great Tusk|84/100|[from] item: Rocky Helmet|[of] p2a: Corviknight
|-enditem|p2a: Corviknight|Rocky Helmet|[from] move: Knock Off|[of] p1a: Great Tusk
|
|upkeep
|turn|2
|inactive|Battle timer is ON: inactive players will automatically lose when time's up. (requested by GlassGator75)
|
|t:|1760817655
|-end|p1a: Great Tusk|Protosynthesis|[silent]
|switch|p1a: Gholdengo|Gholdengo|100/100
|move|p2a: Corviknight|U-turn|p1a: Gholdengo
|-resisted|p1a: Gholdengo
|-damage|p1a: Gholdengo|97/100
|
|t:|1760817676
|switch|p2a: Rotom|Rotom-Wash|100/100|[from] U-turn
|
|-heal|p1a: Gholdengo|100/100|[from] item: Leftovers
|upkeep
|turn|3
|
|t:|1760817694
|switch|p1a: Rillaboom|Rillaboom, M|100/100
|-fieldstart|move: Grassy Terrain|[from] ability: Grassy Surge|[of] p1a: Rillaboom
|move|p2a: Rotom|Volt Switch|p1a: Rillaboom
|-resisted|p1a: Rillaboom
|-damage|p1a: Rillaboom|84/100
|
|t:|1760817700
|switch|p2a: Corviknight|Corviknight, M|83/100|[from] Volt Switch
|-ability|p2a: Corviknight|Pressure
|
|-heal|p1a: Rillaboom|90/100|[from] Grassy Terrain
|upkeep
|turn|4
|
|t:|1760817717
|move|p1a: Rillaboom|U-turn|p2a: Corviknight
|-resisted|p2a: Corviknight
|-damage|p2a: Corviknight|76/100
|
|t:|1760817726
|switch|p1a: Great Tusk|Great Tusk|84/100|[from] U-turn
|move|p2a: Corviknight|U-turn|p1a: Great Tusk
|-resisted|p1a: Great Tusk
|-damage|p1a: Great Tusk|80/100
|
|t:|1760817734
|switch|p2a: Rotom|Rotom-Wash|100/100|[from] U-turn
|
|-heal|p1a: Great Tusk|87/100|[from] Grassy Terrain
|upkeep
|turn|5
|
|t:|1760817748
|-end|p1a: Great Tusk|Protosynthesis|[silent]
|switch|p1a: Rillaboom|Rillaboom, M|90/100
|move|p2a: Rotom|Will-O-Wisp|p1a: Rillaboom|[miss]
|-miss|p2a: Rotom|p1a: Rillaboom
|
|-heal|p1a: Rillaboom|96/100|[from] Grassy Terrain
|upkeep
|turn|6
|
|t:|1760817755
|switch|p2a: Corviknight|Corviknight, M|76/100
|-ability|p2a: Corviknight|Pressure
|move|p1a: Rillaboom|U-turn|p2a: Corviknight
|-resisted|p2a: Corviknight
|-damage|p2a: Corviknight|71/100
|
|t:|1760817762
|switch|p1a: Great Tusk|Great Tusk|87/100|[from] U-turn
|
|-heal|p1a: Great Tusk|93/100|[from] Grassy Terrain
|upkeep
|turn|7
|
|t:|1760817768
|move|p1a: Great Tusk|Stealth Rock|p2a: Corviknight
|-sidestart|p2: Raichu2107|move: Stealth Rock
|move|p2a: Corviknight|U-turn|p1a: Great Tusk
|-resisted|p1a: Great Tusk
|-damage|p1a: Great Tusk|90/100
|
|t:|1760817774
|switch|p2a: Rotom|Rotom-Wash|100/100|[from] U-turn
|-damage|p2a: Rotom|88/100|[from] Stealth Rock
|
|-heal|p2a: Rotom|94/100|[from] item: Leftovers
|-heal|p1a: Great Tusk|96/100|[from] Grassy Terrain
|-fieldend|move: Grassy Terrain
|upkeep
|turn|8
|
|t:|1760817790
|-end|p1a: Great Tusk|Protosynthesis|[silent]
|switch|p1a: Gholdengo|Gholdengo|100/100
|move|p2a: Rotom|Hydro Pump|p1a: Gholdengo
|-crit|p1a: Gholdengo
|-damage|p1a: Gholdengo|30/100
|
|-heal|p1a: Gholdengo|36/100|[from] item: Leftovers
|-heal|p2a: Rotom|99/100|[from] item: Leftovers
|upkeep
|turn|9
|
|t:|1760817799
|move|p1a: Gholdengo|Recover|p1a: Gholdengo
|-heal|p1a: Gholdengo|86/100
|move|p2a: Rotom|Will-O-Wisp|p1a: Gholdengo
|-immune|p1a: Gholdengo|[from] ability: Good as Gold
|
|-heal|p1a: Gholdengo|92/100|[from] item: Leftovers
|-heal|p2a: Rotom|100/100|[from] item: Leftovers
|upkeep
|turn|10
|
|t:|1760817808
|move|p1a: Gholdengo|Shadow Ball|p2a: Rotom
|-damage|p2a: Rotom|59/100
|move|p2a: Rotom|Volt Switch|p1a: Gholdengo
|-damage|p1a: Gholdengo|62/100
|
|t:|1760817823
|switch|p2a: Dragapult|Dragapult, F|100/100|[from] Volt Switch
|-damage|p2a: Dragapult|88/100|[from] Stealth Rock
|
|-heal|p1a: Gholdengo|68/100|[from] item: Leftovers
|upkeep
|turn|11
|
|t:|1760817832
|switch|p1a: Garganacl|Garganacl, F|100/100
|move|p2a: Dragapult|U-turn|p1a: Garganacl
|-damage|p1a: Garganacl|77/100
|
|t:|1760817837
|switch|p2a: Corviknight|Corviknight, M|71/100|[from] U-turn
|-damage|p2a: Corviknight|58/100|[from] Stealth Rock
|-ability|p2a: Corviknight|Pressure
|
|-heal|p1a: Garganacl|83/100|[from] item: Leftovers
|upkeep
|turn|12
|
|t:|1760817846
|move|p2a: Corviknight|Roost|p2a: Corviknight
|-heal|p2a: Corviknight|100/100
|-singleturn|p2a: Corviknight|move: Roost
|move|p1a: Garganacl|Salt Cure|p2a: Corviknight
|-resisted|p2a: Corviknight
|-damage|p2a: Corviknight|96/100
|-start|p2a: Corviknight|Salt Cure
|
|-heal|p1a: Garganacl|89/100|[from] item: Leftovers
|-damage|p2a: Corviknight|71/100|[from] Salt Cure
|upkeep
|turn|13
|
|t:|1760817858
|switch|p1a: Gholdengo|Gholdengo|68/100
|move|p2a: Corviknight|Defog|p1a: Gholdengo
|-immune|p1a: Gholdengo|[from] ability: Good as Gold
|
|-heal|p1a: Gholdengo|74/100|[from] item: Leftovers
|-damage|p2a: Corviknight|46/100|[from] Salt Cure
|upkeep
|turn|14
|inactive|Raichu2107 has 120 seconds left.
|
|t:|1760817893
|move|p1a: Gholdengo|Shadow Ball|p2a: Corviknight
|-damage|p2a: Corviknight|7/100
|move|p2a: Corviknight|U-turn|p1a: Gholdengo
|-resisted|p1a: Gholdengo
|-damage|p1a: Gholdengo|70/100
|inactive|Raichu2107 has 120 seconds left.
|
|t:|1760817899
|switch|p2a: Gholdengo|Gholdengo|100/100|[from] U-turn
|-damage|p2a: Gholdengo|94/100|[from] Stealth Rock
|
|-heal|p1a: Gholdengo|76/100|[from] item: Leftovers
|upkeep
|turn|15
|
|t:|1760817921
|switch|p1a: Heatran|Heatran, M|100/100
|move|p2a: Gholdengo|Shadow Ball|p1a: Heatran
|-damage|p1a: Heatran|75/100
|
|-heal|p1a: Heatran|82/100|[from] item: Leftovers
|upkeep
|turn|16
|
|t:|1760817933
|switch|p2a: Rotom|Rotom-Wash|59/100
|-damage|p2a: Rotom|46/100|[from] Stealth Rock
|move|p1a: Heatran|Earth Power|p2a: Rotom
|-immune|p2a: Rotom|[from] ability: Levitate
|
|-heal|p2a: Rotom|52/100|[from] item: Leftovers
|-heal|p1a: Heatran|88/100|[from] item: Leftovers
|upkeep
|turn|17
|
|t:|1760817946
|move|p1a: Heatran|Protect|p1a: Heatran
|-singleturn|p1a: Heatran|Protect
|move|p2a: Rotom|Will-O-Wisp|p1a: Heatran
|-activate|p1a: Heatran|move: Protect
|
|-heal|p2a: Rotom|58/100|[from] item: Leftovers
|-heal|p1a: Heatran|94/100|[from] item: Leftovers
|upkeep
|turn|18
|
|t:|1760817961
|switch|p1a: Gholdengo|Gholdengo|76/100
|move|p2a: Rotom|Will-O-Wisp|p1a: Gholdengo
|-immune|p1a: Gholdengo|[from] ability: Good as Gold
|
|-heal|p1a: Gholdengo|82/100|[from] item: Leftovers
|-heal|p2a: Rotom|64/100|[from] item: Leftovers
|upkeep
|turn|19
|
|t:|1760817973
|move|p1a: Gholdengo|Shadow Ball|p2a: Rotom
|-damage|p2a: Rotom|19/100
|move|p2a: Rotom|Volt Switch|p1a: Gholdengo
|-damage|p1a: Gholdengo|50/100
|
|t:|1760817983
|switch|p2a: Raichu|Raichu, M|100/100|[from] Volt Switch
|-damage|p2a: Raichu|88/100|[from] Stealth Rock
|
|-heal|p1a: Gholdengo|56/100|[from] item: Leftovers
|upkeep
|turn|20
|
|t:|1760817999
|switch|p1a: Rillaboom|Rillaboom, M|96/100
|-fieldstart|move: Grassy Terrain|[from] ability: Grassy Surge|[of] p1a: Rillaboom
|move|p2a: Raichu|Nasty Plot|p2a: Raichu
|-boost|p2a: Raichu|spa|2
|
|-heal|p2a: Raichu|94/100|[from] Grassy Terrain
|-heal|p1a: Rillaboom|100/100|[from] Grassy Terrain
|upkeep
|turn|21
|
|t:|1760818015
|switch|p2a: Corviknight|Corviknight, M|7/100
|-damage|p2a: Corviknight|0 fnt|[from] Stealth Rock
|faint|p2a: Corviknight
|move|p1a: Rillaboom|Grassy Glide|p2: Corviknight|[notarget]
|-fail|p1a: Rillaboom
|
|upkeep
|
|t:|1760818030
|switch|p2a: Dragapult|Dragapult, F|88/100
|-damage|p2a: Dragapult|76/100|[from] Stealth Rock
|turn|22
|
|t:|1760818043
|switch|p1a: Garganacl|Garganacl, F|89/100
|move|p2a: Dragapult|U-turn|p1a: Garganacl
|-damage|p1a: Garganacl|65/100
|
|t:|1760818049
|switch|p2a: Glimmora|Glimmora, F|100/100|[from] U-turn
|-damage|p2a: Glimmora|88/100|[from] Stealth Rock
|
|-heal|p2a: Glimmora|94/100|[from] Grassy Terrain
|-heal|p1a: Garganacl|71/100|[from] Grassy Terrain
|-heal|p1a: Garganacl|77/100|[from] item: Leftovers
|upkeep
|turn|23
|
|t:|1760818066
|switch|p1a: Great Tusk|Great Tusk|96/100
|move|p2a: Glimmora|Stealth Rock|p1a: Great Tusk
|-sidestart|p1: GlassGator75|move: Stealth Rock
|
|-heal|p2a: Glimmora|100/100|[from] Grassy Terrain
|-heal|p1a: Great Tusk|100/100|[from] Grassy Terrain
|upkeep
|turn|24
|
|t:|1760818078
|move|p2a: Glimmora|Mortal Spin|p1a: Great Tusk
|-resisted|p1a: Great Tusk
|-damage|p1a: Great Tusk|99/100
|-status|p1a: Great Tusk|psn
|-sideend|p2: Raichu2107|Stealth Rock|[from] move: Mortal Spin|[of] p2a: Glimmora
|move|p1a: Great Tusk|Headlong Rush|p2a: Glimmora
|-supereffective|p2a: Glimmora
|-enditem|p2a: Glimmora|Focus Sash
|-damage|p2a: Glimmora|1/100
|-unboost|p1a: Great Tusk|def|1
|-unboost|p1a: Great Tusk|spd|1
|-activate|p2a: Glimmora|ability: Toxic Debris
|-sidestart|p1: GlassGator75|move: Toxic Spikes
|
|-heal|p2a: Glimmora|7/100|[from] Grassy Terrain
|-heal|p1a: Great Tusk|100/100 psn|[from] Grassy Terrain
|-damage|p1a: Great Tusk|88/100 psn|[from] psn
|-fieldend|move: Grassy Terrain
|upkeep
|turn|25
|
|t:|1760818103
|switch|p2a: Gholdengo|Gholdengo|94/100
|move|p1a: Great Tusk|Rapid Spin|p2a: Gholdengo
|-immune|p2a: Gholdengo
|
|-damage|p1a: Great Tusk|76/100 psn|[from] psn
|upkeep
|turn|26
|
|t:|1760818123
|-end|p1a: Great Tusk|Protosynthesis|[silent]
|switch|p1a: Heatran|Heatran, M|94/100
|-damage|p1a: Heatran|82/100|[from] Stealth Rock
|-terastallize|p2a: Gholdengo|Fairy
|move|p2a: Gholdengo|Dazzling Gleam|p1a: Heatran
|-resisted|p1a: Heatran
|-damage|p1a: Heatran|75/100
|
|-heal|p1a: Heatran|81/100|[from] item: Leftovers
|upkeep
|turn|27
|
|t:|1760818139
|switch|p2a: Glimmora|Glimmora, F|7/100
|move|p1a: Heatran|Magma Storm|p2a: Glimmora
|-resisted|p2a: Glimmora
|-damage|p2a: Glimmora|0 fnt
|faint|p2a: Glimmora
|
|-heal|p1a: Heatran|88/100|[from] item: Leftovers
|upkeep
|
|t:|1760818147
|switch|p2a: Rotom|Rotom-Wash|19/100
|turn|28
|inactive|GlassGator75 has 120 seconds left.
|
|t:|1760818177
|switch|p1a: Rillaboom|Rillaboom, M|100/100
|-damage|p1a: Rillaboom|88/100|[from] Stealth Rock
|-status|p1a: Rillaboom|psn
|-fieldstart|move: Grassy Terrain|[from] ability: Grassy Surge|[of] p1a: Rillaboom
|move|p2a: Rotom|Pain Split|p1a: Rillaboom
|-sethp|p1a: Rillaboom|53/100 psn|[from] move: Pain Split|[silent]
|-sethp|p2a: Rotom|59/100|[from] move: Pain Split
|
|-heal|p1a: Rillaboom|59/100 psn|[from] Grassy Terrain
|-heal|p2a: Rotom|65/100|[from] item: Leftovers
|-damage|p1a: Rillaboom|47/100 psn|[from] psn
|upkeep
|turn|29
|inactive|GlassGator75 has 120 seconds left.
|
|t:|1760818201
|switch|p2a: Gholdengo|Gholdengo, tera:Fairy|94/100
|move|p1a: Rillaboom|Knock Off|p2a: Gholdengo
|-resisted|p2a: Gholdengo
|-crit|p2a: Gholdengo
|-damage|p2a: Gholdengo|47/100
|-enditem|p2a: Gholdengo|Choice Scarf|[from] move: Knock Off|[of] p1a: Rillaboom
|
|-heal|p2a: Gholdengo|53/100|[from] Grassy Terrain
|-heal|p1a: Rillaboom|53/100 psn|[from] Grassy Terrain
|-damage|p1a: Rillaboom|40/100 psn|[from] psn
|upkeep
|turn|30
|
|t:|1760818225
|switch|p1a: Heatran|Heatran, M|88/100
|-damage|p1a: Heatran|75/100|[from] Stealth Rock
|move|p2a: Gholdengo|Shadow Ball|p1a: Heatran
|-damage|p1a: Heatran|49/100
|-unboost|p1a: Heatran|spd|1
|
|-heal|p2a: Gholdengo|59/100|[from] Grassy Terrain
|-heal|p1a: Heatran|56/100|[from] Grassy Terrain
|-heal|p1a: Heatran|62/100|[from] item: Leftovers
|upkeep
|turn|31
|
|t:|1760818240
|switch|p2a: Rotom|Rotom-Wash|65/100
|move|p1a: Heatran|Magma Storm|p2a: Rotom|[miss]
|-miss|p1a: Heatran|p2a: Rotom
|
|-heal|p2a: Rotom|71/100|[from] item: Leftovers
|-heal|p1a: Heatran|68/100|[from] Grassy Terrain
|-heal|p1a: Heatran|74/100|[from] item: Leftovers
|upkeep
|turn|32
|
|t:|1760818254
|move|p2a: Rotom|Volt Switch|p1a: Heatran
|-damage|p1a: Heatran|51/100
|
|t:|1760818262
|switch|p2a: Dragapult|Dragapult, F|76/100|[from] Volt Switch
|move|p1a: Heatran|Magma Storm|p2a: Dragapult
|-resisted|p2a: Dragapult
|-damage|p2a: Dragapult|44/100
|-activate|p2a: Dragapult|move: Magma Storm|[of] p1a: Heatran
|
|-heal|p2a: Dragapult|50/100|[from] Grassy Terrain
|-heal|p1a: Heatran|57/100|[from] Grassy Terrain
|-heal|p1a: Heatran|63/100|[from] item: Leftovers
|-damage|p2a: Dragapult|38/100|[from] move: Magma Storm|[partiallytrapped]
|-fieldend|move: Grassy Terrain
|upkeep
|turn|33
|
|t:|1760818273
|move|p1a: Heatran|Protect|p1a: Heatran
|-singleturn|p1a: Heatran|Protect
|move|p2a: Dragapult|U-turn|p1a: Heatran
|-activate|p1a: Heatran|move: Protect
|
|-heal|p1a: Heatran|70/100|[from] item: Leftovers
|-damage|p2a: Dragapult|25/100|[from] move: Magma Storm|[partiallytrapped]
|upkeep
|turn|34
|
|t:|1760818286
|move|p2a: Dragapult|U-turn|p1a: Heatran
|-resisted|p1a: Heatran
|-damage|p1a: Heatran|62/100
|
|t:|1760818289
|switch|p2a: Rotom|Rotom-Wash|71/100|[from] U-turn
|move|p1a: Heatran|Magma Storm|p2a: Rotom|[miss]
|-miss|p1a: Heatran|p2a: Rotom
|
|-heal|p2a: Rotom|77/100|[from] item: Leftovers
|-heal|p1a: Heatran|68/100|[from] item: Leftovers
|upkeep
|turn|35
|
|t:|1760818300
|switch|p1a: Rillaboom|Rillaboom, M|40/100 psn
|-damage|p1a: Rillaboom|28/100 psn|[from] Stealth Rock
|-fieldstart|move: Grassy Terrain|[from] ability: Grassy Surge|[of] p1a: Rillaboom
|move|p2a: Rotom|Volt Switch|p1a: Rillaboom
|-resisted|p1a: Rillaboom
|-damage|p1a: Rillaboom|11/100 psn
|
|t:|1760818309
|switch|p2a: Gholdengo|Gholdengo, tera:Fairy|59/100|[from] Volt Switch
|
|-heal|p2a: Gholdengo|65/100|[from] Grassy Terrain
|-heal|p1a: Rillaboom|17/100 psn|[from] Grassy Terrain
|-damage|p1a: Rillaboom|5/100 psn|[from] psn
|upkeep
|turn|36
|
|t:|1760818321
|move|p1a: Rillaboom|Grassy Glide|p2a: Gholdengo
|-damage|p2a: Gholdengo|1/100
|move|p2a: Gholdengo|Shadow Ball|p1a: Rillaboom
|-damage|p1a: Rillaboom|0 fnt
|faint|p1a: Rillaboom
|
|-heal|p2a: Gholdengo|7/100|[from] Grassy Terrain
|upkeep
|
|t:|1760818344
|switch|p1a: Great Tusk|Great Tusk|76/100 psn
|turn|37
|
|t:|1760818353
|switch|p2a: Dragapult|Dragapult, F|25/100
|-terastallize|p1a: Great Tusk|Water
|move|p1a: Great Tusk|Rapid Spin|p2a: Dragapult
|-immune|p2a: Dragapult
|
|-heal|p2a: Dragapult|31/100|[from] Grassy Terrain
|-heal|p1a: Great Tusk|82/100 psn|[from] Grassy Terrain
|-damage|p1a: Great Tusk|69/100 psn|[from] psn
|upkeep
|turn|38
|
|t:|1760818367
|move|p2a: Dragapult|U-turn|p1a: Great Tusk
|-damage|p1a: Great Tusk|54/100 psn
|
|t:|1760818370
|switch|p2a: Raichu|Raichu, M|94/100|[from] U-turn
|move|p1a: Great Tusk|Knock Off|p2a: Raichu
|-damage|p2a: Raichu|34/100
|-enditem|p2a: Raichu|Life Orb|[from] move: Knock Off|[of] p1a: Great Tusk
|
|-heal|p2a: Raichu|40/100|[from] Grassy Terrain
|-heal|p1a: Great Tusk|60/100 psn|[from] Grassy Terrain
|-damage|p1a: Great Tusk|48/100 psn|[from] psn
|upkeep
|turn|39
|
|t:|1760818384
|-end|p1a: Great Tusk|Protosynthesis|[silent]
|switch|p1a: Garganacl|Garganacl, F|77/100
|-damage|p1a: Garganacl|65/100|[from] Stealth Rock
|move|p2a: Raichu|Thunderbolt|p1a: Garganacl
|-damage|p1a: Garganacl|40/100
|
|-heal|p2a: Raichu|46/100|[from] Grassy Terrain
|-heal|p1a: Garganacl|46/100|[from] Grassy Terrain
|-heal|p1a: Garganacl|52/100|[from] item: Leftovers
|-fieldend|move: Grassy Terrain
|upkeep
|turn|40
|
|t:|1760818395
|move|p2a: Raichu|Grass Knot|p1a: Garganacl
|-supereffective|p1a: Garganacl
|-damage|p1a: Garganacl|10/100
|move|p1a: Garganacl|Salt Cure|p2a: Raichu
|-damage|p2a: Raichu|18/100
|-start|p2a: Raichu|Salt Cure
|
|-heal|p1a: Garganacl|16/100|[from] item: Leftovers
|-damage|p2a: Raichu|6/100|[from] Salt Cure
|upkeep
|turn|41
|
|t:|1760818421
|switch|p2a: Rotom|Rotom-Wash|77/100
|move|p1a: Garganacl|Recover|p1a: Garganacl
|-heal|p1a: Garganacl|66/100
|
|-heal|p2a: Rotom|83/100|[from] item: Leftovers
|-heal|p1a: Garganacl|73/100|[from] item: Leftovers
|upkeep
|turn|42
|
|t:|1760818432
|move|p2a: Rotom|Hydro Pump|p1a: Garganacl
|-supereffective|p1a: Garganacl
|-damage|p1a: Garganacl|20/100
|move|p1a: Garganacl|Salt Cure|p2a: Rotom
|-damage|p2a: Rotom|70/100
|-start|p2a: Rotom|Salt Cure
|
|-heal|p2a: Rotom|76/100|[from] item: Leftovers
|-heal|p1a: Garganacl|26/100|[from] item: Leftovers
|-damage|p2a: Rotom|51/100|[from] Salt Cure
|upkeep
|turn|43
|
|t:|1760818443
|move|p2a: Rotom|Hydro Pump|p1a: Garganacl
|-supereffective|p1a: Garganacl
|-damage|p1a: Garganacl|0 fnt
|faint|p1a: Garganacl
|
|-heal|p2a: Rotom|57/100|[from] item: Leftovers
|-damage|p2a: Rotom|32/100|[from] Salt Cure
|upkeep
|
|t:|1760818452
|switch|p1a: Dragapult|Dragapult, M|100/100
|-damage|p1a: Dragapult|88/100|[from] Stealth Rock
|-status|p1a: Dragapult|psn
|turn|44
|
|t:|1760818459
|switch|p2a: Gholdengo|Gholdengo, tera:Fairy|7/100
|move|p1a: Dragapult|Shadow Ball|p2a: Gholdengo
|-damage|p2a: Gholdengo|0 fnt
|faint|p2a: Gholdengo
|
|-damage|p1a: Dragapult|76/100 psn|[from] psn
|upkeep
|
|t:|1760818467
|switch|p2a: Dragapult|Dragapult, F|31/100
|turn|45
|inactive|GlassGator75 has 90 seconds left.
|
|t:|1760818496
|switch|p1a: Great Tusk|Great Tusk, tera:Water|48/100 psn
|move|p2a: Dragapult|Sucker Punch||[still]
|-fail|p2a: Dragapult
|
|-damage|p1a: Great Tusk|35/100 psn|[from] psn
|upkeep
|turn|46
|inactive|GlassGator75 has 90 seconds left.
|
|t:|1760818513
|move|p2a: Dragapult|Sucker Punch|p1a: Great Tusk
|-damage|p1a: Great Tusk|19/100 psn
|move|p1a: Great Tusk|Knock Off|p2a: Dragapult
|-supereffective|p2a: Dragapult
|-damage|p2a: Dragapult|0 fnt
|-enditem|p2a: Dragapult|Choice Band|[from] move: Knock Off|[of] p1a: Great Tusk
|faint|p2a: Dragapult
|
|-damage|p1a: Great Tusk|6/100 psn|[from] psn
|upkeep
|
|t:|1760818522
|switch|p2a: Raichu|Raichu, M|6/100
|turn|47
|
|t:|1760818525
|move|p2a: Raichu|Thunderbolt|p1a: Great Tusk
|-supereffective|p1a: Great Tusk
|-damage|p1a: Great Tusk|0 fnt
|faint|p1a: Great Tusk
|-end|p1a: Great Tusk|Protosynthesis|[silent]
|
|upkeep
|
|t:|1760818530
|switch|p1a: Dragapult|Dragapult, M|76/100 psn
|-damage|p1a: Dragapult|64/100 psn|[from] Stealth Rock
|turn|48
|
|t:|1760818534
|move|p1a: Dragapult|Shadow Ball|p2a: Raichu
|-damage|p2a: Raichu|0 fnt
|faint|p2a: Raichu
|
|-damage|p1a: Dragapult|51/100 psn|[from] psn
|upkeep
|c|☆Raichu2107|gg
|
|t:|1760818540
|switch|p2a: Rotom|Rotom-Wash|32/100
|turn|49
|
|t:|1760818543
|move|p1a: Dragapult|Shadow Ball|p2a: Rotom
|-damage|p2a: Rotom|0 fnt
|faint|p2a: Rotom
|
|win|GlassGator75
|raw|GlassGator75's rating: 1330 &rarr; <strong>1352</strong><br />(+22 for winning)
|raw|Raichu2107's rating: 1364 &rarr; <strong>1342</strong><br />(-22 for losing)
|l|☆Raichu2107
|player|p2|
