|j|☆Semelene3
|j|☆qaqkiller
|t:|1760783267
|gametype|singles
|player|p1|Semelene3|pokemonrangerf-gen4|1614
|player|p2|qaqkiller|maid|1559
|gen|9
|tier|[Gen 9] OU
|rated|
|rule|HP Percentage Mod: HP is shown in percentages
|rule|Endless Battle Clause: Forcing endless battles is banned
|rule|Species Clause: Limit one of each Pokémon
|rule|OHKO Clause: OHKO moves are banned
|rule|Evasion Items Clause: Evasion items are banned
|rule|Evasion Moves Clause: Evasion moves are banned
|rule|Evasion Abilities Clause: Evasion abilities are banned
|rule|Sleep Moves Clause: Sleep-inducing moves are banned
|clearpoke
|poke|p1|Pelipper, F|
|poke|p1|Barraskewda, M|
|poke|p1|Zapdos|
|poke|p1|Corviknight, M|
|poke|p1|Clodsire, M|
|poke|p1|Incineroar, F|
|poke|p2|Zamazenta-*|
|poke|p2|Iron Valiant|
|poke|p2|Sinistcha-Masterpiece|
|poke|p2|Gholdengo|
|poke|p2|Samurott-Hisui, M|
|poke|p2|Landorus-Therian, M|
|teampreview
|inactive|Battle timer is ON: inactive players will automatically lose when time's up. (requested by Semelene3)
|inactive|qaqkiller also wants the timer to be on.
|
|t:|1760783279
|teamsize|p1|6
|teamsize|p2|6
|start
|switch|p1a: Zapdos|Zapdos, shiny|100/100
|switch|p2a: Samurott|Samurott-Hisui, M, shiny|100/100
|turn|1
|
|t:|1760783285
|-terastallize|p2a: Samurott|Poison
|move|p1a: Zapdos|Volt Switch|p2a: Samurott
|-damage|p2a: Samurott|73/100
|
|t:|1760783292
|switch|p1a: Incineroar|Incineroar, F, shiny|100/100|[from] Volt Switch
|-ability|p1a: Incineroar|Intimidate|boost
|-unboost|p2a: Samurott|atk|1
|move|p2a: Samurott|Knock Off|p1a: Incineroar
|-resisted|p1a: Incineroar
|-damage|p1a: Incineroar|90/100
|-enditem|p1a: Incineroar|Heavy-Duty Boots|[from] move: Knock Off|[of] p2a: Samurott
|
|upkeep
|turn|2
|
|t:|1760783301
|switch|p2a: Landorus|Landorus-Therian, M, shiny|100/100
|-ability|p2a: Landorus|Intimidate|boost
|-unboost|p1a: Incineroar|atk|1
|move|p1a: Incineroar|Will-O-Wisp|p2a: Landorus|[miss]
|-miss|p1a: Incineroar|p2a: Landorus
|
|upkeep
|turn|3
|
|t:|1760783314
|switch|p1a: Corviknight|Corviknight, M, shiny|100/100
|-ability|p1a: Corviknight|Pressure
|move|p2a: Landorus|Stone Edge|p1a: Corviknight
|-damage|p1a: Corviknight|77/100
|
|upkeep
|turn|4
|
|t:|1760783320
|switch|p2a: Gholdengo|Gholdengo, shiny|100/100
|-item|p2a: Gholdengo|Air Balloon
|move|p1a: Corviknight|U-turn|p2a: Gholdengo
|-resisted|p2a: Gholdengo
|-damage|p2a: Gholdengo|96/100
|-enditem|p2a: Gholdengo|Air Balloon
|
|t:|1760783327
|switch|p1a: Barraskewda|Barraskewda, M|100/100|[from] U-turn
|
|upkeep
|turn|5
|
|t:|1760783337
|switch|p2a: Sinistcha|Sinistcha-Masterpiece, shiny|100/100
|move|p1a: Barraskewda|Flip Turn|p2a: Sinistcha
|-resisted|p2a: Sinistcha
|-crit|p2a: Sinistcha
|-damage|p2a: Sinistcha|73/100
|
|t:|1760783339
|switch|p1a: Pelipper|Pelipper, F|100/100|[from] Flip Turn
|-weather|RainDance|[from] ability: Drizzle|[of] p1a: Pelipper
|
|-weather|RainDance|[upkeep]
|upkeep
|turn|6
|
|t:|1760783345
|switch|p2a: Gholdengo|Gholdengo, shiny|96/100
|move|p1a: Pelipper|U-turn|p2a: Gholdengo
|-resisted|p2a: Gholdengo
|-damage|p2a: Gholdengo|94/100
|
|t:|1760783347
|switch|p1a: Barraskewda|Barraskewda, M|100/100|[from] U-turn
|
|-weather|RainDance|[upkeep]
|upkeep
|turn|7
|
|t:|1760783357
|switch|p2a: Sinistcha|Sinistcha-Masterpiece, shiny|73/100
|-terastallize|p1a: Barraskewda|Water
|move|p1a: Barraskewda|Liquidation|p2a: Sinistcha
|-resisted|p2a: Sinistcha
|-damage|p2a: Sinistcha|24/100
|-unboost|p2a: Sinistcha|def|1
|
|-weather|RainDance|[upkeep]
|upkeep
|turn|8
|
|t:|1760783372
|move|p1a: Barraskewda|Liquidation|p2a: Sinistcha
|-resisted|p2a: Sinistcha
|-damage|p2a: Sinistcha|0 fnt
|faint|p2a: Sinistcha
|
|-weather|RainDance|[upkeep]
|upkeep
|
|t:|1760783387
|switch|p2a: Zamazenta|Zamazenta, shiny|100/100
|-ability|p2a: Zamazenta|Dauntless Shield|boost
|-boost|p2a: Zamazenta|def|1
|turn|9
|
|t:|1760783393
|switch|p1a: Pelipper|Pelipper, F|100/100
|move|p2a: Zamazenta|Stone Edge|p1a: Pelipper
|-supereffective|p1a: Pelipper
|-damage|p1a: Pelipper|53/100
|
|-weather|RainDance|[upkeep]
|upkeep
|turn|10
|
|t:|1760783401
|switch|p2a: Samurott|Samurott-Hisui, M, shiny, tera:Poison|73/100
|move|p1a: Pelipper|Hurricane|p2a: Samurott
|-damage|p2a: Samurott|44/100
|-start|p2a: Samurott|confusion
|
|-weather|RainDance|[upkeep]
|upkeep
|turn|11
|
|t:|1760783407
|switch|p1a: Incineroar|Incineroar, F, shiny|90/100
|-ability|p1a: Incineroar|Intimidate|boost
|-unboost|p2a: Samurott|atk|1
|-activate|p2a: Samurott|confusion
|-damage|p2a: Samurott|36/100|[from] confusion
|
|-weather|RainDance|[upkeep]
|upkeep
|turn|12
|
|t:|1760783414
|-activate|p2a: Samurott|confusion
|move|p2a: Samurott|Razor Shell|p1a: Incineroar
|-supereffective|p1a: Incineroar
|-damage|p1a: Incineroar|28/100
|move|p1a: Incineroar|Knock Off|p2a: Samurott
|-damage|p2a: Samurott|0 fnt
|-enditem|p2a: Samurott|Assault Vest|[from] move: Knock Off|[of] p1a: Incineroar
|faint|p2a: Samurott
|
|-weather|none
|upkeep
|
|t:|1760783424
|switch|p2a: Zamazenta|Zamazenta, shiny|100/100
|turn|13
|
|t:|1760783427
|move|p2a: Zamazenta|Stone Edge|p1a: Incineroar
|-supereffective|p1a: Incineroar
|-damage|p1a: Incineroar|0 fnt
|faint|p1a: Incineroar
|
|upkeep
|
|t:|1760783430
|switch|p1a: Pelipper|Pelipper, F|53/100
|-weather|RainDance|[from] ability: Drizzle|[of] p1a: Pelipper
|turn|14
|
|t:|1760783436
|move|p2a: Zamazenta|Stone Edge|p1a: Pelipper
|-supereffective|p1a: Pelipper
|-damage|p1a: Pelipper|3/100
|move|p1a: Pelipper|U-turn|p2a: Zamazenta
|-resisted|p2a: Zamazenta
|-damage|p2a: Zamazenta|96/100
|
|t:|1760783442
|switch|p1a: Barraskewda|Barraskewda, M, tera:Water|100/100|[from] U-turn
|
|-weather|RainDance|[upkeep]
|upkeep
|turn|15
|
|t:|1760783445
|move|p1a: Barraskewda|Flip Turn|p2a: Zamazenta
|-damage|p2a: Zamazenta|0 fnt
|faint|p2a: Zamazenta
|
|t:|1760783451
|switch|p1a: Zapdos|Zapdos, shiny|100/100|[from] Flip Turn
|
|-weather|RainDance|[upkeep]
|upkeep
|
|t:|1760783457
|switch|p2a: Gholdengo|Gholdengo, shiny|94/100
|turn|16
|-message|qaqkiller forfeited.
|
|win|Semelene3
|raw|Semelene3's rating: 1614 &rarr; <strong>1631</strong><br />(+17 for winning)
|raw|qaqkiller's rating: 1559 &rarr; <strong>1542</strong><br />(-17 for losing)
|l|☆qaqkiller
|player|p2|
|l|☆Semelene3
|player|p1|
