|j|☆cowboy magpie
|j|☆Crovet 7
|t:|1760867266
|gametype|singles
|player|p1|cowboy magpie|clair|1325
|player|p2|Crovet 7|scientist|1355
|gen|9
|tier|[Gen 9] OU
|rated|
|rule|HP Percentage Mod: HP is shown in percentages
|rule|Endless Battle Clause: Forcing endless battles is banned
|rule|Species Clause: Limit one of each Pokémon
|rule|OHKO Clause: OHKO moves are banned
|rule|Evasion Items Clause: Evasion items are banned
|rule|Evasion Moves Clause: Evasion moves are banned
|rule|Evasion Abilities Clause: Evasion abilities are banned
|rule|Sleep Moves Clause: Sleep-inducing moves are banned
|clearpoke
|poke|p1|Murkrow, F|
|poke|p1|Salazzle, F|
|poke|p1|Lucario, F|
|poke|p1|Armarouge, F|
|poke|p1|Yanmega, M|
|poke|p1|Garchomp, M|
|poke|p2|Torterra, M|
|poke|p2|Grimmsnarl, M|
|poke|p2|Pecharunt|
|poke|p2|Great Tusk|
|poke|p2|Raging Bolt|
|poke|p2|Scizor, M|
|teampreview
|
|t:|1760867272
|teamsize|p1|6
|teamsize|p2|6
|start
|switch|p1a: Salazzle|Salazzle, F|100/100
|switch|p2a: Grimmsnarl|Grimmsnarl, M|100/100
|-item|p1a: Salazzle|Air Balloon
|turn|1
|
|t:|1760867286
|move|p2a: Grimmsnarl|Light Screen|p2a: Grimmsnarl
|-sidestart|p2: Crovet 7|move: Light Screen
|move|p1a: Salazzle|Sludge Bomb|p2a: Grimmsnarl
|-supereffective|p2a: Grimmsnarl
|-damage|p2a: Grimmsnarl|70/100
|-status|p2a: Grimmsnarl|psn
|
|-damage|p2a: Grimmsnarl|57/100 psn|[from] psn
|upkeep
|turn|2
|
|t:|1760867293
|move|p2a: Grimmsnarl|Reflect|p2a: Grimmsnarl
|-sidestart|p2: Crovet 7|Reflect
|move|p1a: Salazzle|Encore|p2a: Grimmsnarl
|-start|p2a: Grimmsnarl|Encore
|
|-damage|p2a: Grimmsnarl|45/100 psn|[from] psn
|upkeep
|turn|3
|
|t:|1760867307
|switch|p2a: Great Tusk|Great Tusk|100/100
|-enditem|p2a: Great Tusk|Booster Energy
|-activate|p2a: Great Tusk|ability: Protosynthesis|[fromitem]
|-start|p2a: Great Tusk|protosynthesisspe
|move|p1a: Salazzle|Toxic|p2a: Great Tusk
|-status|p2a: Great Tusk|tox
|
|-damage|p2a: Great Tusk|94/100 tox|[from] psn
|upkeep
|turn|4
|
|t:|1760867316
|move|p2a: Great Tusk|Ice Spinner|p1a: Salazzle
|-resisted|p1a: Salazzle
|-damage|p1a: Salazzle|79/100
|-enditem|p1a: Salazzle|Air Balloon
|move|p1a: Salazzle|Flamethrower|p2a: Great Tusk
|-damage|p2a: Great Tusk|66/100 tox
|
|-damage|p2a: Great Tusk|54/100 tox|[from] psn
|upkeep
|turn|5
|
|t:|1760867325
|move|p2a: Great Tusk|Headlong Rush|p1a: Salazzle
|-supereffective|p1a: Salazzle
|-damage|p1a: Salazzle|0 fnt
|-unboost|p2a: Great Tusk|def|1
|-unboost|p2a: Great Tusk|spd|1
|faint|p1a: Salazzle
|
|-damage|p2a: Great Tusk|35/100 tox|[from] psn
|upkeep
|
|t:|1760867339
|switch|p1a: Yanmega|Yanmega, M|100/100
|turn|6
|
|t:|1760867342
|move|p1a: Yanmega|Detect|p1a: Yanmega
|-singleturn|p1a: Yanmega|Protect
|move|p2a: Great Tusk|Stealth Rock|p1a: Yanmega
|-sidestart|p1: cowboy magpie|move: Stealth Rock
|
|-damage|p2a: Great Tusk|10/100 tox|[from] psn
|-ability|p1a: Yanmega|Speed Boost|boost
|-boost|p1a: Yanmega|spe|1
|upkeep
|turn|7
|
|t:|1760867350
|move|p2a: Great Tusk|Ice Spinner|p1a: Yanmega
|-supereffective|p1a: Yanmega
|-damage|p1a: Yanmega|43/100
|move|p1a: Yanmega|Bug Buzz|p2a: Great Tusk
|-resisted|p2a: Great Tusk
|-damage|p2a: Great Tusk|0 fnt
|faint|p2a: Great Tusk
|-end|p2a: Great Tusk|Protosynthesis|[silent]
|-enditem|p1a: Yanmega|Throat Spray
|-boost|p1a: Yanmega|spa|1|[from] item: Throat Spray
|
|-ability|p1a: Yanmega|Speed Boost|boost
|-boost|p1a: Yanmega|spe|1
|upkeep
|
|t:|1760867360
|switch|p2a: Raging Bolt|Raging Bolt|100/100
|-enditem|p2a: Raging Bolt|Booster Energy
|-activate|p2a: Raging Bolt|ability: Protosynthesis|[fromitem]
|-start|p2a: Raging Bolt|protosynthesisspa
|turn|8
|
|t:|1760867364
|move|p1a: Yanmega|Detect|p1a: Yanmega
|-singleturn|p1a: Yanmega|Protect
|move|p2a: Raging Bolt|Thunderbolt|p1a: Yanmega
|-activate|p1a: Yanmega|move: Protect
|
|-sideend|p2: Crovet 7|move: Light Screen
|-ability|p1a: Yanmega|Speed Boost|boost
|-boost|p1a: Yanmega|spe|1
|upkeep
|turn|9
|
|t:|1760867372
|move|p2a: Raging Bolt|Thunderclap|p1a: Yanmega
|-supereffective|p1a: Yanmega
|-damage|p1a: Yanmega|0 fnt
|faint|p1a: Yanmega
|
|-sideend|p2: Crovet 7|Reflect
|upkeep
|
|t:|1760867378
|switch|p1a: Garchomp|Garchomp, M|100/100
|-damage|p1a: Garchomp|94/100|[from] Stealth Rock
|turn|10
|
|t:|1760867382
|move|p1a: Garchomp|Earthquake|p2a: Raging Bolt
|-supereffective|p2a: Raging Bolt
|-damage|p2a: Raging Bolt|12/100
|move|p2a: Raging Bolt|Dragon Pulse|p1a: Garchomp
|-supereffective|p1a: Garchomp
|-damage|p1a: Garchomp|0 fnt
|faint|p1a: Garchomp
|
|upkeep
|
|t:|1760867387
|switch|p1a: Lucario|Lucario, F|100/100
|-damage|p1a: Lucario|98/100|[from] Stealth Rock
|turn|11
|
|t:|1760867391
|move|p1a: Lucario|Extreme Speed|p2a: Raging Bolt
|-damage|p2a: Raging Bolt|0 fnt
|faint|p2a: Raging Bolt
|-end|p2a: Raging Bolt|Protosynthesis|[silent]
|
|-heal|p1a: Lucario|100/100|[from] item: Leftovers
|upkeep
|
|t:|1760867395
|switch|p2a: Grimmsnarl|Grimmsnarl, M|45/100 psn
|turn|12
|
|t:|1760867407
|move|p2a: Grimmsnarl|Reflect|p2a: Grimmsnarl
|-sidestart|p2: Crovet 7|Reflect
|move|p1a: Lucario|Swords Dance|p1a: Lucario
|-boost|p1a: Lucario|atk|2
|
|-damage|p2a: Grimmsnarl|32/100 psn|[from] psn
|upkeep
|turn|13
|
|t:|1760867413
|move|p2a: Grimmsnarl|Parting Shot|p1a: Lucario
|-unboost|p1a: Lucario|atk|1
|-unboost|p1a: Lucario|spa|1
|
|t:|1760867418
|switch|p2a: Pecharunt|Pecharunt|100/100|[from] Parting Shot
|-item|p2a: Pecharunt|Air Balloon
|move|p1a: Lucario|Swords Dance|p1a: Lucario
|-boost|p1a: Lucario|atk|2
|
|upkeep
|turn|14
|
|t:|1760867425
|move|p2a: Pecharunt|Shadow Ball|p1a: Lucario
|-crit|p1a: Lucario
|-damage|p1a: Lucario|35/100
|move|p1a: Lucario|Crunch|p2a: Pecharunt
|-supereffective|p2a: Pecharunt
|-damage|p2a: Pecharunt|59/100
|-enditem|p2a: Pecharunt|Air Balloon
|
|-heal|p1a: Lucario|41/100|[from] item: Leftovers
|upkeep
|turn|15
|
|t:|1760867442
|switch|p1a: Armarouge|Armarouge, F, shiny|100/100
|-damage|p1a: Armarouge|76/100|[from] Stealth Rock
|move|p2a: Pecharunt|Shadow Ball|p1a: Armarouge
|-supereffective|p1a: Armarouge
|-damage|p1a: Armarouge|10/100
|-enditem|p1a: Armarouge|Weakness Policy
|-boost|p1a: Armarouge|atk|2|[from] item: Weakness Policy
|-boost|p1a: Armarouge|spa|2|[from] item: Weakness Policy
|
|upkeep
|turn|16
|
|t:|1760867454
|move|p2a: Pecharunt|Shadow Ball|p1a: Armarouge
|-supereffective|p1a: Armarouge
|-damage|p1a: Armarouge|0 fnt
|faint|p1a: Armarouge
|
|upkeep
|
|t:|1760867457
|switch|p1a: Murkrow|Murkrow, F|100/100
|-damage|p1a: Murkrow|75/100|[from] Stealth Rock
|turn|17
|
|t:|1760867462
|move|p1a: Murkrow|Thunder Wave|p2a: Pecharunt
|-status|p2a: Pecharunt|par
|move|p2a: Pecharunt|Malignant Chain|p1a: Murkrow
|-damage|p1a: Murkrow|13/100
|-status|p1a: Murkrow|tox
|-start|p1a: Murkrow|confusion|[from] ability: Poison Puppeteer|[of] p2a: Pecharunt
|
|-damage|p1a: Murkrow|7/100 tox|[from] psn
|upkeep
|turn|18
|
|t:|1760867472
|-activate|p1a: Murkrow|confusion
|move|p1a: Murkrow|Foul Play|p2a: Pecharunt
|-supereffective|p2a: Pecharunt
|-damage|p2a: Pecharunt|46/100 par
|cant|p2a: Pecharunt|par
|
|-damage|p1a: Murkrow|0 fnt|[from] psn
|faint|p1a: Murkrow
|upkeep
|
|t:|1760867480
|switch|p1a: Lucario|Lucario, F|41/100
|-damage|p1a: Lucario|39/100|[from] Stealth Rock
|turn|19
|
|t:|1760867488
|-terastallize|p1a: Lucario|Normal
|move|p1a: Lucario|Swords Dance|p1a: Lucario
|-boost|p1a: Lucario|atk|2
|move|p2a: Pecharunt|Shadow Ball|p1a: Lucario
|-immune|p1a: Lucario
|
|-heal|p1a: Lucario|45/100|[from] item: Leftovers
|-sideend|p2: Crovet 7|Reflect
|upkeep
|turn|20
|
|t:|1760867500
|move|p1a: Lucario|Crunch|p2a: Pecharunt
|-supereffective|p2a: Pecharunt
|-damage|p2a: Pecharunt|0 fnt
|faint|p2a: Pecharunt
|
|-heal|p1a: Lucario|51/100|[from] item: Leftovers
|upkeep
|
|t:|1760867503
|switch|p2a: Scizor|Scizor, M|100/100
|turn|21
|
|t:|1760867510
|move|p1a: Lucario|Drain Punch|p2a: Scizor
|-crit|p2a: Scizor
|-damage|p2a: Scizor|0 fnt
|-heal|p1a: Lucario|100/100|[from] drain|[of] p2a: Scizor
|faint|p2a: Scizor
|
|upkeep
|
|t:|1760867514
|switch|p2a: Grimmsnarl|Grimmsnarl, M|32/100 psn
|turn|22
|
|t:|1760867517
|move|p1a: Lucario|Extreme Speed|p2a: Grimmsnarl
|-damage|p2a: Grimmsnarl|0 fnt
|faint|p2a: Grimmsnarl
|
|upkeep
|
|t:|1760867520
|switch|p2a: Torterra|Torterra, M|100/100
|turn|23
|
|t:|1760867525
|move|p1a: Lucario|Extreme Speed|p2a: Torterra
|-damage|p2a: Torterra|26/100
|move|p2a: Torterra|Bullet Seed|p1a: Lucario
|-damage|p1a: Lucario|72/100
|-damage|p1a: Lucario|46/100
|-damage|p1a: Lucario|19/100
|-damage|p1a: Lucario|0 fnt
|faint|p1a: Lucario
|-hitcount|p1: Lucario|4
|
|win|Crovet 7
|raw|cowboy magpie's rating: 1325 &rarr; <strong>1307</strong><br />(-18 for losing)
|raw|Crovet 7's rating: 1355 &rarr; <strong>1373</strong><br />(+18 for winning)
|l|☆Crovet 7
|player|p2|
|l|☆cowboy magpie
|player|p1|
