|j|☆KuroNoTamashi
|j|☆samothy
|t:|1760721217
|gametype|singles
|player|p1|KuroNoTamashi|101|1302
|player|p2|samothy|265|1292
|gen|9
|tier|[Gen 9] OU
|rated|
|rule|HP Percentage Mod: HP is shown in percentages
|rule|Endless Battle Clause: Forcing endless battles is banned
|rule|Species Clause: Limit one of each Pokémon
|rule|OHKO Clause: OHKO moves are banned
|rule|Evasion Items Clause: Evasion items are banned
|rule|Evasion Moves Clause: Evasion moves are banned
|rule|Evasion Abilities Clause: Evasion abilities are banned
|rule|Sleep Moves Clause: Sleep-inducing moves are banned
|clearpoke
|poke|p1|Ursaluna, F|
|poke|p1|Mimikyu, M|
|poke|p1|Hatterene, F|
|poke|p1|Copperajah, M|
|poke|p1|Crawdaunt, M|
|poke|p1|Hoopa|
|poke|p2|Landorus-Therian, M|
|poke|p2|Skeledirge, M|
|poke|p2|Skarmory, M|
|poke|p2|Hydrapple, M|
|poke|p2|Samurott-Hisui, M|
|poke|p2|Fezandipiti, M|
|teampreview
|inactive|Battle timer is ON: inactive players will automatically lose when time's up. (requested by samothy)
|l|☆KuroNoTamashi
|inactive|KuroNoTamashi disconnected and has a minute to reconnect!
|player|p1|
|inactive|samothy has 120 seconds left.
|
|t:|1760721250
|teamsize|p1|6
|teamsize|p2|6
|start
|switch|p1a: Hatterene|Hatterene, F|100/100
|switch|p2a: Leviatan|Hydrapple, M, shiny|100/100
|turn|1
|j|☆KuroNoTamashi
|inactive|KuroNoTamashi reconnected and has 140 seconds left.
|player|p1|KuroNoTamashi|101|
|
|t:|1760721262
|switch|p2a: Fezandipiti|Fezandipiti, M|100/100
|move|p1a: Hatterene|Trick Room|p1a: Hatterene
|-fieldstart|move: Trick Room|[of] p1a: Hatterene
|
|upkeep
|turn|2
|
|t:|1760721269
|move|p1a: Hatterene|Future Sight|p2a: Fezandipiti
|-start|p1a: Hatterene|move: Future Sight
|move|p2a: Fezandipiti|Sludge Bomb|p1a: Hatterene
|-supereffective|p1a: Hatterene
|-damage|p1a: Hatterene|55/100
|-status|p1a: Hatterene|psn
|
|-damage|p1a: Hatterene|42/100 psn|[from] psn
|upkeep
|turn|3
|
|t:|1760721279
|move|p1a: Hatterene|Misty Explosion|p2a: Fezandipiti
|-resisted|p2a: Fezandipiti
|-damage|p2a: Fezandipiti|82/100
|faint|p1a: Hatterene
|move|p2a: Fezandipiti|Sludge Bomb|p1: Hatterene|[notarget]
|-fail|p2a: Fezandipiti
|
|upkeep
|
|t:|1760721285
|switch|p1a: Ursaluna|Ursaluna, F, shiny|100/100
|turn|4
|
|t:|1760721289
|switch|p2a: Skarmory|Skarmory, M, shiny|100/100
|move|p1a: Ursaluna|Headlong Rush|p2a: Skarmory
|-immune|p2a: Skarmory
|
|-end|p2a: Skarmory|move: Future Sight
|-resisted|p2a: Skarmory
|-damage|p2a: Skarmory|52/100
|-status|p1a: Ursaluna|brn|[from] item: Flame Orb
|upkeep
|turn|5
|
|t:|1760721303
|switch|p2a: Landorus|Landorus-Therian, M, shiny|100/100
|-ability|p2a: Landorus|Intimidate|boost
|-unboost|p1a: Ursaluna|atk|1
|move|p1a: Ursaluna|Fire Punch|p2a: Landorus
|-damage|p2a: Landorus|66/100
|-status|p2a: Landorus|brn
|
|-damage|p1a: Ursaluna|94/100 brn|[from] brn
|-damage|p2a: Landorus|60/100 brn|[from] brn
|-fieldend|move: Trick Room
|upkeep
|turn|6
|
|t:|1760721313
|switch|p1a: Crawdaunt|Crawdaunt, M|100/100
|move|p2a: Landorus|Grass Knot|p1a: Crawdaunt
|-supereffective|p1a: Crawdaunt
|-damage|p1a: Crawdaunt|55/100
|
|-damage|p2a: Landorus|54/100 brn|[from] brn
|upkeep
|turn|7
|
|t:|1760721323
|switch|p2a: Skarmory|Skarmory, M, shiny|52/100
|move|p1a: Crawdaunt|Knock Off|p2a: Skarmory
|-damage|p2a: Skarmory|0 fnt
|-damage|p1a: Crawdaunt|38/100|[from] item: Rocky Helmet|[of] p2a: Skarmory
|-enditem|p2a: Skarmory|Rocky Helmet|[from] move: Knock Off|[of] p1a: Crawdaunt
|faint|p2a: Skarmory
|
|upkeep
|
|t:|1760721335
|switch|p2a: Landorus|Landorus-Therian, M, shiny|54/100 brn
|-ability|p2a: Landorus|Intimidate|boost
|-unboost|p1a: Crawdaunt|atk|1
|turn|8
|
|t:|1760721340
|move|p2a: Landorus|U-turn|p1a: Crawdaunt
|-supereffective|p1a: Crawdaunt
|-damage|p1a: Crawdaunt|9/100
|
|t:|1760721351
|switch|p2a: Samurott|Samurott-Hisui, M, shiny|100/100|[from] U-turn
|move|p1a: Crawdaunt|Knock Off|p2a: Samurott
|-resisted|p2a: Samurott
|-damage|p2a: Samurott|56/100
|-enditem|p2a: Samurott|Heavy-Duty Boots|[from] move: Knock Off|[of] p1a: Crawdaunt
|
|upkeep
|turn|9
|
|t:|1760721358
|move|p2a: Samurott|Ceaseless Edge|p1a: Crawdaunt
|-resisted|p1a: Crawdaunt
|-damage|p1a: Crawdaunt|0 fnt
|-sidestart|p1: KuroNoTamashi|Spikes
|faint|p1a: Crawdaunt
|
|upkeep
|
|t:|1760721361
|switch|p1a: Copperajah|Copperajah, M, shiny|100/100
|-damage|p1a: Copperajah|88/100|[from] Spikes
|turn|10
|
|t:|1760721369
|move|p2a: Samurott|Ceaseless Edge|p1a: Copperajah
|-damage|p1a: Copperajah|38/100
|-sidestart|p1: KuroNoTamashi|Spikes
|move|p1a: Copperajah|Play Rough|p2a: Samurott
|-supereffective|p2a: Samurott
|-damage|p2a: Samurott|0 fnt
|faint|p2a: Samurott
|
|upkeep
|
|t:|1760721384
|switch|p2a: Skeledirge|Skeledirge, M, shiny|100/100
|turn|11
|
|t:|1760721387
|move|p2a: Skeledirge|Torch Song|p1a: Copperajah
|-supereffective|p1a: Copperajah
|-damage|p1a: Copperajah|0 fnt
|-boost|p2a: Skeledirge|spa|1
|faint|p1a: Copperajah
|
|upkeep
|
|t:|1760721390
|switch|p1a: Mimikyu|Mimikyu, M|100/100
|-damage|p1a: Mimikyu|84/100|[from] Spikes
|turn|12
|
|t:|1760721398
|-terastallize|p2a: Skeledirge|Fairy
|move|p2a: Skeledirge|Torch Song|p1a: Mimikyu
|-activate|p1a: Mimikyu|ability: Disguise
|-damage|p1a: Mimikyu|84/100
|-boost|p2a: Skeledirge|spa|1
|detailschange|p1a: Mimikyu|Mimikyu-Busted, M
|-damage|p1a: Mimikyu|72/100|[from] pokemon: Mimikyu-Busted
|move|p1a: Mimikyu|Trick Room|p1a: Mimikyu
|-fieldstart|move: Trick Room|[of] p1a: Mimikyu
|
|upkeep
|turn|13
|
|t:|1760721409
|move|p2a: Skeledirge|Torch Song|p1a: Mimikyu
|-damage|p1a: Mimikyu|12/100
|-boost|p2a: Skeledirge|spa|1
|move|p1a: Mimikyu|Curse|p2a: Skeledirge
|-start|p2a: Skeledirge|Curse|[of] p1a: Mimikyu
|-damage|p1a: Mimikyu|0 fnt
|faint|p1a: Mimikyu
|
|-damage|p2a: Skeledirge|76/100|[from] Curse
|upkeep
|
|t:|1760721412
|switch|p1a: Ursaluna|Ursaluna, F, shiny|94/100 brn
|-damage|p1a: Ursaluna|78/100 brn|[from] Spikes
|turn|14
|
|t:|1760721421
|-terastallize|p1a: Ursaluna|Normal
|move|p1a: Ursaluna|Facade|p2a: Skeledirge
|-damage|p2a: Skeledirge|0 fnt
|faint|p2a: Skeledirge
|
|-damage|p1a: Ursaluna|71/100 brn|[from] brn
|upkeep
|
|t:|1760721435
|switch|p2a: Landorus|Landorus-Therian, M, shiny|54/100 brn
|-ability|p2a: Landorus|Intimidate|boost
|-unboost|p1a: Ursaluna|atk|1
|turn|15
|
|t:|1760721441
|move|p1a: Ursaluna|Facade|p2a: Landorus
|-damage|p2a: Landorus|0 fnt
|faint|p2a: Landorus
|
|-damage|p1a: Ursaluna|65/100 brn|[from] brn
|upkeep
|
|t:|1760721446
|switch|p2a: Leviatan|Hydrapple, M, shiny|100/100
|turn|16
|
|t:|1760721456
|move|p1a: Ursaluna|Ice Punch|p2a: Leviatan
|-supereffective|p2a: Leviatan
|-damage|p2a: Leviatan|13/100
|move|p2a: Leviatan|Giga Drain|p1a: Ursaluna
|-damage|p1a: Ursaluna|31/100 brn
|-heal|p2a: Leviatan|32/100|[from] drain|[of] p1a: Ursaluna
|
|-damage|p1a: Ursaluna|25/100 brn|[from] brn
|-fieldend|move: Trick Room
|upkeep
|turn|17
|
|t:|1760721464
|switch|p1a: Hoopa|Hoopa|100/100
|-damage|p1a: Hoopa|84/100|[from] Spikes
|move|p2a: Leviatan|Giga Drain|p1a: Hoopa
|-damage|p1a: Hoopa|54/100
|-heal|p2a: Leviatan|46/100|[from] drain|[of] p1a: Hoopa
|
|upkeep
|turn|18
|
|t:|1760721473
|move|p2a: Leviatan|Fickle Beam|p1a: Hoopa
|-damage|p1a: Hoopa|21/100
|move|p1a: Hoopa|Trick Room|p1a: Hoopa
|-fieldstart|move: Trick Room|[of] p1a: Hoopa
|
|upkeep
|turn|19
|
|t:|1760721480
|move|p2a: Leviatan|Giga Drain|p1a: Hoopa
|-damage|p1a: Hoopa|0 fnt
|-heal|p2a: Leviatan|54/100|[from] drain|[of] p1a: Hoopa
|faint|p1a: Hoopa
|
|upkeep
|
|t:|1760721483
|switch|p1a: Ursaluna|Ursaluna, F, shiny, tera:Normal|25/100 brn
|-damage|p1a: Ursaluna|8/100 brn|[from] Spikes
|turn|20
|
|t:|1760721488
|switch|p2a: Fezandipiti|Fezandipiti, M|82/100
|move|p1a: Ursaluna|Facade|p2a: Fezandipiti
|-damage|p2a: Fezandipiti|0 fnt
|faint|p2a: Fezandipiti
|
|-damage|p1a: Ursaluna|2/100 brn|[from] brn
|upkeep
|
|t:|1760721495
|switch|p2a: Leviatan|Hydrapple, M, shiny|88/100
|turn|21
|
|t:|1760721498
|move|p1a: Ursaluna|Facade|p2a: Leviatan
|-damage|p2a: Leviatan|0 fnt
|faint|p2a: Leviatan
|
|win|KuroNoTamashi
|raw|KuroNoTamashi's rating: 1302 &rarr; <strong>1321</strong><br />(+19 for winning)
|raw|samothy's rating: 1292 &rarr; <strong>1268</strong><br />(-24 for losing)
|l|☆samothy
|player|p2|
|l|☆KuroNoTamashi
|player|p1|
|j|☆KuroNoTamashi
|player|p1|KuroNoTamashi|101|
|l|☆KuroNoTamashi
|player|p1|
