|j|☆abu fanous
|j|☆Nevitchen
|t:|1760830009
|gametype|singles
|player|p1|abu fanous|1|1085
|player|p2|Nevitchen|2|1085
|gen|9
|tier|[Gen 9] OU
|rated|
|rule|HP Percentage Mod: HP is shown in percentages
|rule|Endless Battle Clause: Forcing endless battles is banned
|rule|Species Clause: Limit one of each Pokémon
|rule|OHKO Clause: OHKO moves are banned
|rule|Evasion Items Clause: Evasion items are banned
|rule|Evasion Moves Clause: Evasion moves are banned
|rule|Evasion Abilities Clause: Evasion abilities are banned
|rule|Sleep Moves Clause: Sleep-inducing moves are banned
|clearpoke
|poke|p1|Torkoal, M|
|poke|p1|Corviknight, M|
|poke|p1|Venusaur, M|
|poke|p1|Great Tusk|
|poke|p1|Typhlosion-Hisui, M|
|poke|p1|Walking Wake|
|poke|p2|Dragonite, F|
|poke|p2|Zamazenta-*|
|poke|p2|Landorus-Therian, M|
|poke|p2|Gholdengo|
|poke|p2|Darkrai|
|poke|p2|Hatterene, F|
|teampreview
|j| DarkOkto
|
|t:|1760830035
|teamsize|p1|6
|teamsize|p2|6
|start
|switch|p1a: T= r*Fsin(theta)|Torkoal, M|100/100
|switch|p2a: Eine wolke|Landorus-Therian, M|100/100
|-ability|p2a: Eine wolke|Intimidate|boost
|-unboost|p1a: T= r*Fsin(theta)|atk|1
|-weather|SunnyDay|[from] ability: Drought|[of] p1a: T= r*Fsin(theta)
|turn|1
|j| oilocean
|
|t:|1760830057
|move|p2a: Eine wolke|Stealth Rock|p1a: T= r*Fsin(theta)
|-sidestart|p1: abu fanous|move: Stealth Rock
|move|p1a: T= r*Fsin(theta)|Stealth Rock|p2a: Eine wolke
|-sidestart|p2: Nevitchen|move: Stealth Rock
|
|-weather|SunnyDay|[upkeep]
|upkeep
|turn|2
|
|t:|1760830066
|move|p2a: Eine wolke|Earthquake|p1a: T= r*Fsin(theta)
|-supereffective|p1a: T= r*Fsin(theta)
|-damage|p1a: T= r*Fsin(theta)|33/100
|move|p1a: T= r*Fsin(theta)|Lava Plume|p2a: Eine wolke
|-damage|p2a: Eine wolke|69/100
|
|-weather|SunnyDay|[upkeep]
|upkeep
|turn|3
|
|t:|1760830073
|switch|p1a: Corvfefe|Corviknight, M|100/100
|-damage|p1a: Corvfefe|88/100|[from] Stealth Rock
|-ability|p1a: Corvfefe|Pressure
|move|p2a: Eine wolke|Earthquake|p1a: Corvfefe
|-immune|p1a: Corvfefe
|
|-weather|SunnyDay|[upkeep]
|upkeep
|turn|4
|
|t:|1760830089
|move|p2a: Eine wolke|U-turn|p1a: Corvfefe
|-resisted|p1a: Corvfefe
|-damage|p1a: Corvfefe|85/100
|-damage|p2a: Eine wolke|52/100|[from] item: Rocky Helmet|[of] p1a: Corvfefe
|
|t:|1760830119
|switch|p2a: Edgy guy|Darkrai|100/100|[from] U-turn
|move|p1a: Corvfefe|Brave Bird|p2a: Edgy guy
|-damage|p2a: Edgy guy|58/100
|-damage|p1a: Corvfefe|74/100|[from] Recoil
|
|-weather|SunnyDay|[upkeep]
|upkeep
|turn|5
|
|t:|1760830151
|move|p2a: Edgy guy|Will-O-Wisp|p1a: Corvfefe
|-status|p1a: Corvfefe|brn
|move|p1a: Corvfefe|Brave Bird|p2a: Edgy guy
|-damage|p2a: Edgy guy|36/100
|-damage|p1a: Corvfefe|68/100 brn|[from] Recoil
|
|-weather|SunnyDay|[upkeep]
|-damage|p1a: Corvfefe|62/100 brn|[from] brn
|upkeep
|turn|6
|
|t:|1760830161
|move|p2a: Edgy guy|Dark Pulse|p1a: Corvfefe
|-damage|p1a: Corvfefe|24/100 brn
|move|p1a: Corvfefe|U-turn|p2a: Edgy guy
|-supereffective|p2a: Edgy guy
|-damage|p2a: Edgy guy|18/100
|
|t:|1760830171
|switch|p1a: VVS Diamonds|Venusaur, M|100/100|[from] U-turn
|-damage|p1a: VVS Diamonds|88/100|[from] Stealth Rock
|
|-weather|SunnyDay|[upkeep]
|upkeep
|turn|7
|
|t:|1760830209
|move|p1a: VVS Diamonds|Growth|p1a: VVS Diamonds
|-boost|p1a: VVS Diamonds|atk|2
|-boost|p1a: VVS Diamonds|spa|2
|move|p2a: Edgy guy|Taunt|p1a: VVS Diamonds
|-start|p1a: VVS Diamonds|move: Taunt
|
|-weather|SunnyDay|[upkeep]
|upkeep
|turn|8
|
|t:|1760830225
|move|p1a: VVS Diamonds|Giga Drain|p2a: Edgy guy
|-damage|p2a: Edgy guy|0 fnt
|-heal|p1a: VVS Diamonds|98/100|[from] drain|[of] p2a: Edgy guy
|faint|p2a: Edgy guy
|-damage|p1a: VVS Diamonds|88/100|[from] item: Life Orb
|
|-weather|none
|upkeep
|
|t:|1760830240
|switch|p2a: Ka was dass ist|Hatterene, F|100/100
|-damage|p2a: Ka was dass ist|88/100|[from] Stealth Rock
|turn|9
|
|t:|1760830248
|-terastallize|p1a: VVS Diamonds|Ground
|move|p1a: VVS Diamonds|Sludge Bomb|p2a: Ka was dass ist
|-supereffective|p2a: Ka was dass ist
|-damage|p2a: Ka was dass ist|0 fnt
|faint|p2a: Ka was dass ist
|-damage|p1a: VVS Diamonds|78/100|[from] item: Life Orb
|
|upkeep
|
|t:|1760830255
|switch|p2a: Wau Wau|Zamazenta|100/100
|-damage|p2a: Wau Wau|94/100|[from] Stealth Rock
|-ability|p2a: Wau Wau|Dauntless Shield|boost
|-boost|p2a: Wau Wau|def|1
|turn|10
|
|t:|1760830265
|move|p2a: Wau Wau|Body Press|p1a: VVS Diamonds
|-damage|p1a: VVS Diamonds|8/100
|move|p1a: VVS Diamonds|Giga Drain|p2a: Wau Wau
|-damage|p2a: Wau Wau|8/100
|-heal|p1a: VVS Diamonds|55/100|[from] drain|[of] p2a: Wau Wau
|-damage|p1a: VVS Diamonds|45/100|[from] item: Life Orb
|
|-heal|p2a: Wau Wau|14/100|[from] item: Leftovers
|-end|p1a: VVS Diamonds|move: Taunt
|upkeep
|turn|11
|
|t:|1760830271
|move|p2a: Wau Wau|Body Press|p1a: VVS Diamonds
|-damage|p1a: VVS Diamonds|0 fnt
|faint|p1a: VVS Diamonds
|
|-heal|p2a: Wau Wau|20/100|[from] item: Leftovers
|upkeep
|
|t:|1760830277
|switch|p1a: T= r*Fsin(theta)|Torkoal, M|33/100
|-damage|p1a: T= r*Fsin(theta)|9/100|[from] Stealth Rock
|-weather|SunnyDay|[from] ability: Drought|[of] p1a: T= r*Fsin(theta)
|turn|12
|
|t:|1760830289
|move|p2a: Wau Wau|Body Press|p1a: T= r*Fsin(theta)
|-damage|p1a: T= r*Fsin(theta)|0 fnt
|faint|p1a: T= r*Fsin(theta)
|
|-weather|SunnyDay|[upkeep]
|-heal|p2a: Wau Wau|27/100|[from] item: Leftovers
|upkeep
|
|t:|1760830300
|switch|p1a: Ty Collar Sign|Typhlosion-Hisui, M|100/100
|-damage|p1a: Ty Collar Sign|76/100|[from] Stealth Rock
|turn|13
|
|t:|1760830333
|move|p1a: Ty Collar Sign|Eruption|p2a: Wau Wau
|-damage|p2a: Wau Wau|0 fnt
|faint|p2a: Wau Wau
|
|-weather|SunnyDay|[upkeep]
|upkeep
|
|t:|1760830384
|switch|p2a: Eine wolke|Landorus-Therian, M|52/100
|-damage|p2a: Eine wolke|40/100|[from] Stealth Rock
|-ability|p2a: Eine wolke|Intimidate|boost
|-unboost|p1a: Ty Collar Sign|atk|1
|turn|14
|
|t:|1760830447
|move|p1a: Ty Collar Sign|Eruption|p2a: Eine wolke
|-damage|p2a: Eine wolke|0 fnt
|faint|p2a: Eine wolke
|
|-weather|SunnyDay|[upkeep]
|upkeep
|
|t:|1760830450
|switch|p2a: Lass mich carryn|Dragonite, F|100/100
|-damage|p2a: Lass mich carryn|76/100|[from] Stealth Rock
|turn|15
|
|t:|1760830460
|move|p1a: Ty Collar Sign|Eruption|p2a: Lass mich carryn
|-resisted|p2a: Lass mich carryn
|-damage|p2a: Lass mich carryn|35/100
|move|p2a: Lass mich carryn|Earthquake|p1a: Ty Collar Sign
|-supereffective|p1a: Ty Collar Sign
|-damage|p1a: Ty Collar Sign|0 fnt
|faint|p1a: Ty Collar Sign
|
|-weather|SunnyDay|[upkeep]
|upkeep
|
|t:|1760830497
|switch|p1a: Dubya|Walking Wake|100/100
|-damage|p1a: Dubya|88/100|[from] Stealth Rock
|-activate|p1a: Dubya|ability: Protosynthesis
|-start|p1a: Dubya|protosynthesisspe
|turn|16
|
|t:|1760830512
|-terastallize|p2a: Lass mich carryn|Flying
|move|p1a: Dubya|Dragon Pulse|p2a: Lass mich carryn
|-damage|p2a: Lass mich carryn|0 fnt
|faint|p2a: Lass mich carryn
|
|-weather|SunnyDay|[upkeep]
|upkeep
|
|t:|1760830518
|switch|p2a: Mirko|Gholdengo|100/100
|-damage|p2a: Mirko|94/100|[from] Stealth Rock
|turn|17
|
|t:|1760830534
|-end|p1a: Dubya|Protosynthesis|[silent]
|switch|p1a: Corvfefe|Corviknight, M|24/100 brn
|-damage|p1a: Corvfefe|11/100 brn|[from] Stealth Rock
|-ability|p1a: Corvfefe|Pressure
|move|p2a: Mirko|Make It Rain|p1a: Corvfefe
|-resisted|p1a: Corvfefe
|-damage|p1a: Corvfefe|0 fnt
|-unboost|p2a: Mirko|spa|1
|faint|p1a: Corvfefe
|
|-weather|SunnyDay|[upkeep]
|upkeep
|
|t:|1760830543
|switch|p1a: I Serve The Face|Great Tusk|100/100
|-damage|p1a: I Serve The Face|98/100|[from] Stealth Rock
|-activate|p1a: I Serve The Face|ability: Protosynthesis
|-start|p1a: I Serve The Face|protosynthesisatk
|turn|18
|
|t:|1760830556
|move|p1a: I Serve The Face|Headlong Rush|p2a: Mirko
|-supereffective|p2a: Mirko
|-damage|p2a: Mirko|0 fnt
|-unboost|p1a: I Serve The Face|def|1
|-unboost|p1a: I Serve The Face|spd|1
|faint|p2a: Mirko
|-enditem|p1a: I Serve The Face|Eject Pack
|
|win|abu fanous
|raw|abu fanous's rating: 1085 &rarr; <strong>1112</strong><br />(+27 for winning)
|raw|Nevitchen's rating: 1085 &rarr; <strong>1062</strong><br />(-23 for losing)
|l|☆abu fanous
|player|p1|
|l|☆Nevitchen
|player|p2|
|l| oilocean
|j|☆Nevitchen
|player|p2|Nevitchen|2|
