|j|☆Mfavela42
|j|☆front22601
|t:|1760770471
|gametype|singles
|player|p1|Mfavela42|byron|1127
|player|p2|front22601|1|1100
|gen|9
|tier|[Gen 9] OU
|rated|
|rule|HP Percentage Mod: HP is shown in percentages
|rule|Endless Battle Clause: Forcing endless battles is banned
|rule|Species Clause: Limit one of each Pokémon
|rule|OHKO Clause: OHKO moves are banned
|rule|Evasion Items Clause: Evasion items are banned
|rule|Evasion Moves Clause: Evasion moves are banned
|rule|Evasion Abilities Clause: Evasion abilities are banned
|rule|Sleep Moves Clause: Sleep-inducing moves are banned
|clearpoke
|poke|p1|Conkeldurr, M|
|poke|p1|Excadrill, F|
|poke|p1|Blastoise, M|
|poke|p1|Clodsire, F|
|poke|p1|Weezing, F|
|poke|p1|Rotom-Frost|
|poke|p2|Dragonite, F|
|poke|p2|Gengar, F|
|poke|p2|Ogerpon-Wellspring, F|
|poke|p2|Glimmora, F|
|poke|p2|Zapdos|
|poke|p2|Great Tusk|
|teampreview
|
|t:|1760770488
|teamsize|p1|6
|teamsize|p2|6
|start
|switch|p1a: Weezing|Weezing, F|100/100
|switch|p2a: Dragonite|Dragonite, F|100/100
|turn|1
|
|t:|1760770511
|switch|p2a: Zapdos|Zapdos|100/100
|-ability|p2a: Zapdos|Pressure
|move|p1a: Weezing|Toxic Spikes|p2a: Zapdos
|-sidestart|p2: front22601|move: Toxic Spikes
|
|upkeep
|turn|2
|
|t:|1760770534
|move|p2a: Zapdos|Thunder Wave|p1a: Weezing
|-status|p1a: Weezing|par
|cant|p1a: Weezing|par
|
|upkeep
|turn|3
|
|t:|1760770541
|move|p2a: Zapdos|Volt Switch|p1a: Weezing
|-damage|p1a: Weezing|66/100 par
|
|t:|1760770547
|switch|p2a: Gengar|Gengar, F|100/100|[from] Volt Switch
|-sideend|p2: front22601|move: Toxic Spikes|[of] p2a: Gengar
|move|p1a: Weezing|Toxic Spikes|p2a: Gengar
|-sidestart|p2: front22601|move: Toxic Spikes
|
|upkeep
|turn|4
|
|t:|1760770553
|move|p2a: Gengar|Hex|p1a: Weezing
|-damage|p1a: Weezing|0 fnt
|faint|p1a: Weezing
|-damage|p2a: Gengar|91/100|[from] item: Life Orb
|
|upkeep
|
|t:|1760770560
|switch|p1a: Excadrill|Excadrill, F|100/100
|-ability|p1a: Excadrill|Mold Breaker
|turn|5
|
|t:|1760770571
|switch|p2a: Zapdos|Zapdos|100/100
|-ability|p2a: Zapdos|Pressure
|move|p1a: Excadrill|Earthquake|p2a: Zapdos
|-immune|p2a: Zapdos
|
|upkeep
|turn|6
|
|t:|1760770590
|switch|p2a: Glimmora|Glimmora, F|100/100
|-sideend|p2: front22601|move: Toxic Spikes|[of] p2a: Glimmora
|move|p1a: Excadrill|Iron Head|p2a: Glimmora
|-supereffective|p2a: Glimmora
|-damage|p2a: Glimmora|0 fnt
|-activate|p2a: Glimmora|ability: Toxic Debris
|-sidestart|p1: Mfavela42|move: Toxic Spikes
|faint|p2a: Glimmora
|-damage|p1a: Excadrill|91/100|[from] item: Life Orb
|
|upkeep
|
|t:|1760770597
|switch|p2a: Ogerpon|Ogerpon-Wellspring, F|100/100
|turn|7
|
|t:|1760770612
|move|p2a: Ogerpon|Horn Leech|p1a: Excadrill
|-damage|p1a: Excadrill|27/100
|move|p1a: Excadrill|X-Scissor|p2a: Ogerpon
|-supereffective|p2a: Ogerpon
|-damage|p2a: Ogerpon|0 fnt
|faint|p2a: Ogerpon
|-damage|p1a: Excadrill|17/100|[from] item: Life Orb
|
|upkeep
|
|t:|1760770627
|switch|p2a: Gengar|Gengar, F|91/100
|turn|8
|
|t:|1760770630
|move|p2a: Gengar|Shadow Ball|p1a: Excadrill
|-damage|p1a: Excadrill|0 fnt
|faint|p1a: Excadrill
|-damage|p2a: Gengar|81/100|[from] item: Life Orb
|
|upkeep
|
|t:|1760770633
|switch|p1a: Clodsire|Clodsire, F|100/100
|-sideend|p1: Mfavela42|move: Toxic Spikes|[of] p1a: Clodsire
|turn|9
|
|t:|1760770647
|switch|p2a: Great Tusk|Great Tusk|100/100
|move|p1a: Clodsire|Earthquake|p2a: Great Tusk
|-crit|p2a: Great Tusk
|-damage|p2a: Great Tusk|70/100
|
|upkeep
|turn|10
|
|t:|1760770666
|switch|p1a: Conkeldurr|Conkeldurr, M|100/100
|move|p2a: Great Tusk|Rapid Spin|p1a: Conkeldurr
|-damage|p1a: Conkeldurr|85/100
|-boost|p2a: Great Tusk|spe|1
|
|-heal|p1a: Conkeldurr|91/100|[from] item: Leftovers
|upkeep
|turn|11
|
|t:|1760770675
|move|p2a: Great Tusk|Close Combat|p1a: Conkeldurr
|-damage|p1a: Conkeldurr|36/100
|-unboost|p2a: Great Tusk|def|1
|-unboost|p2a: Great Tusk|spd|1
|move|p1a: Conkeldurr|Drain Punch|p2a: Great Tusk
|-crit|p2a: Great Tusk
|-damage|p2a: Great Tusk|3/100
|-heal|p1a: Conkeldurr|66/100|[from] drain|[of] p2a: Great Tusk
|
|-heal|p1a: Conkeldurr|72/100|[from] item: Leftovers
|upkeep
|turn|12
|
|t:|1760770684
|-end|p2a: Great Tusk|Protosynthesis|[silent]
|switch|p2a: Gengar|Gengar, F|81/100
|move|p1a: Conkeldurr|Drain Punch|p2a: Gengar
|-immune|p2a: Gengar
|
|-heal|p1a: Conkeldurr|78/100|[from] item: Leftovers
|upkeep
|turn|13
|
|t:|1760770697
|move|p2a: Gengar|Encore|p1a: Conkeldurr
|-start|p1a: Conkeldurr|Encore
|move|p1a: Conkeldurr|Drain Punch|p2a: Gengar
|-immune|p2a: Gengar
|
|-heal|p1a: Conkeldurr|84/100|[from] item: Leftovers
|upkeep
|turn|14
|
|t:|1760770710
|switch|p2a: Great Tusk|Great Tusk|3/100
|switch|p1a: Clodsire|Clodsire, F|100/100
|
|upkeep
|turn|15
|
|t:|1760770717
|move|p2a: Great Tusk|Close Combat|p1a: Clodsire
|-resisted|p1a: Clodsire
|-damage|p1a: Clodsire|64/100
|-unboost|p2a: Great Tusk|def|1
|-unboost|p2a: Great Tusk|spd|1
|-damage|p2a: Great Tusk|0 fnt|[from] item: Rocky Helmet|[of] p1a: Clodsire
|faint|p2a: Great Tusk
|-end|p2a: Great Tusk|Protosynthesis|[silent]
|move|p1a: Clodsire|Earthquake|p2: Great Tusk|[notarget]
|-fail|p1a: Clodsire
|
|upkeep
|
|t:|1760770724
|switch|p2a: Dragonite|Dragonite, F|100/100
|turn|16
|
|t:|1760770735
|move|p2a: Dragonite|Outrage|p1a: Clodsire
|-damage|p1a: Clodsire|0 fnt
|-damage|p2a: Dragonite|84/100|[from] item: Rocky Helmet|[of] p1a: Clodsire
|faint|p1a: Clodsire
|
|upkeep
|
|t:|1760770743
|switch|p1a: Rotom|Rotom-Frost|100/100
|turn|17
|
|t:|1760770745
|move|p1a: Rotom|Blizzard|p2a: Dragonite|[miss]
|-miss|p1a: Rotom|p2a: Dragonite
|move|p2a: Dragonite|Outrage|p1a: Rotom|[from] lockedmove
|-damage|p1a: Rotom|0 fnt
|faint|p1a: Rotom
|-start|p2a: Dragonite|confusion|[fatigue]
|
|upkeep
|
|t:|1760770748
|switch|p1a: Conkeldurr|Conkeldurr, M|84/100
|turn|18
|
|t:|1760770754
|-activate|p2a: Dragonite|confusion
|-damage|p2a: Dragonite|66/100|[from] confusion
|move|p1a: Conkeldurr|Knock Off|p2a: Dragonite
|-damage|p2a: Dragonite|21/100
|-enditem|p2a: Dragonite|Choice Band|[from] move: Knock Off|[of] p1a: Conkeldurr
|
|-heal|p1a: Conkeldurr|90/100|[from] item: Leftovers
|upkeep
|turn|19
|
|t:|1760770765
|-activate|p2a: Dragonite|confusion
|-damage|p2a: Dragonite|3/100|[from] confusion
|move|p1a: Conkeldurr|Drain Punch|p2a: Dragonite
|-resisted|p2a: Dragonite
|-damage|p2a: Dragonite|0 fnt
|-heal|p1a: Conkeldurr|91/100|[from] drain|[of] p2a: Dragonite
|faint|p2a: Dragonite
|
|-heal|p1a: Conkeldurr|97/100|[from] item: Leftovers
|upkeep
|
|t:|1760770768
|switch|p2a: Zapdos|Zapdos|100/100
|-ability|p2a: Zapdos|Pressure
|turn|20
|
|t:|1760770772
|move|p2a: Zapdos|Thunder Wave|p1a: Conkeldurr
|-status|p1a: Conkeldurr|par
|cant|p1a: Conkeldurr|par
|
|-heal|p1a: Conkeldurr|100/100 par|[from] item: Leftovers
|upkeep
|turn|21
|
|t:|1760770781
|move|p2a: Zapdos|Volt Switch|p1a: Conkeldurr
|-damage|p1a: Conkeldurr|68/100 par
|
|t:|1760770784
|switch|p2a: Gengar|Gengar, F|81/100|[from] Volt Switch
|move|p1a: Conkeldurr|Drain Punch|p2a: Gengar
|-immune|p2a: Gengar
|
|-heal|p1a: Conkeldurr|74/100 par|[from] item: Leftovers
|upkeep
|turn|22
|
|t:|1760770787
|move|p2a: Gengar|Hex|p1a: Conkeldurr
|-damage|p1a: Conkeldurr|0 fnt
|faint|p1a: Conkeldurr
|-damage|p2a: Gengar|71/100|[from] item: Life Orb
|
|upkeep
|
|t:|1760770790
|switch|p1a: Blastoise|Blastoise, M|100/100
|turn|23
|
|t:|1760770797
|switch|p2a: Zapdos|Zapdos|100/100
|-ability|p2a: Zapdos|Pressure
|move|p1a: Blastoise|Shell Smash|p1a: Blastoise
|-unboost|p1a: Blastoise|def|1
|-unboost|p1a: Blastoise|spd|1
|-boost|p1a: Blastoise|atk|2
|-boost|p1a: Blastoise|spa|2
|-boost|p1a: Blastoise|spe|2
|-enditem|p1a: Blastoise|White Herb
|-clearnegativeboost|p1a: Blastoise|[silent]
|
|upkeep
|turn|24
|
|t:|1760770805
|-terastallize|p1a: Blastoise|Electric
|move|p1a: Blastoise|Ice Beam|p2a: Zapdos
|-supereffective|p2a: Zapdos
|-damage|p2a: Zapdos|6/100
|move|p2a: Zapdos|Thunder Wave|p1a: Blastoise
|-immune|p1a: Blastoise
|
|upkeep
|turn|25
|
|t:|1760770813
|move|p1a: Blastoise|Ice Beam|p2a: Zapdos
|-supereffective|p2a: Zapdos
|-damage|p2a: Zapdos|0 fnt
|faint|p2a: Zapdos
|
|upkeep
|
|t:|1760770816
|switch|p2a: Gengar|Gengar, F|71/100
|turn|26
|
|t:|1760770821
|move|p1a: Blastoise|Tera Blast|p2a: Gengar|[anim] Tera Blast Electric
|-damage|p2a: Gengar|0 fnt
|-start|p1a: Blastoise|Disable|Tera Blast|[from] ability: Cursed Body|[of] p2a: Gengar
|faint|p2a: Gengar
|
|win|Mfavela42
|raw|Mfavela42's rating: 1127 &rarr; <strong>1150</strong><br />(+23 for winning)
|raw|front22601's rating: 1100 &rarr; <strong>1077</strong><br />(-23 for losing)
|l|☆Mfavela42
|player|p1|
|l|☆front22601
|player|p2|
