|j|☆ONNEEDX
|j|☆alexxledain
|t:|1760781966
|gametype|singles
|player|p1|ONNEEDX|backersf|1109
|player|p2|alexxledain|swimmer|1135
|gen|9
|tier|[Gen 9] OU
|rated|
|rule|HP Percentage Mod: HP is shown in percentages
|rule|Endless Battle Clause: Forcing endless battles is banned
|rule|Species Clause: Limit one of each Pokémon
|rule|OHKO Clause: OHKO moves are banned
|rule|Evasion Items Clause: Evasion items are banned
|rule|Evasion Moves Clause: Evasion moves are banned
|rule|Evasion Abilities Clause: Evasion abilities are banned
|rule|Sleep Moves Clause: Sleep-inducing moves are banned
|clearpoke
|poke|p1|Hydrapple, F|
|poke|p1|Gliscor, M|
|poke|p1|Cinderace, M|
|poke|p1|Hoopa-Unbound|
|poke|p1|Alomomola, F|
|poke|p1|Gholdengo|
|poke|p2|Pelipper, M|
|poke|p2|Barraskewda, F|
|poke|p2|Thundurus, M|
|poke|p2|Goodra-Hisui, F|
|poke|p2|Dondozo, M|
|poke|p2|Forretress, M|
|teampreview
|inactive|Battle timer is ON: inactive players will automatically lose when time's up. (requested by ONNEEDX)
|
|t:|1760781979
|teamsize|p1|6
|teamsize|p2|6
|start
|switch|p1a: Gliscor|Gliscor, M|100/100
|switch|p2a: Terence|Pelipper, M|100/100
|-weather|RainDance|[from] ability: Drizzle|[of] p2a: Terence
|turn|1
|
|t:|1760781990
|move|p1a: Gliscor|Protect|p1a: Gliscor
|-singleturn|p1a: Gliscor|Protect
|move|p2a: Terence|Weather Ball|p1a: Gliscor
|-activate|p1a: Gliscor|move: Protect
|
|-weather|RainDance|[upkeep]
|-status|p1a: Gliscor|tox|[from] item: Toxic Orb
|upkeep
|turn|2
|
|t:|1760781999
|switch|p1a: Alomomola|Alomomola, F|100/100
|move|p2a: Terence|Weather Ball|p1a: Alomomola
|-resisted|p1a: Alomomola
|-damage|p1a: Alomomola|86/100
|
|-weather|RainDance|[upkeep]
|upkeep
|turn|3
|
|t:|1760782008
|move|p2a: Terence|Hurricane|p1a: Alomomola
|-damage|p1a: Alomomola|68/100
|-start|p1a: Alomomola|confusion
|-activate|p1a: Alomomola|confusion
|move|p1a: Alomomola|Flip Turn|p2a: Terence
|-resisted|p2a: Terence
|-damage|p2a: Terence|90/100
|
|t:|1760782019
|switch|p1a: Cinderace|Cinderace, M|100/100|[from] Flip Turn
|
|-weather|RainDance|[upkeep]
|upkeep
|turn|4
|
|t:|1760782027
|move|p1a: Cinderace|U-turn|p2a: Terence
|-resisted|p2a: Terence
|-damage|p2a: Terence|83/100
|
|t:|1760782031
|switch|p1a: Alomomola|Alomomola, F|100/100|[from] U-turn
|move|p2a: Terence|U-turn|p1a: Alomomola
|-damage|p1a: Alomomola|95/100
|
|t:|1760782041
|switch|p2a: Leg day|Thundurus, M|100/100|[from] U-turn
|
|-weather|RainDance|[upkeep]
|upkeep
|turn|5
|
|t:|1760782051
|move|p2a: Leg day|Thunder Wave|p1a: Alomomola
|-status|p1a: Alomomola|par
|move|p1a: Alomomola|Mirror Coat||[still]
|-fail|p1a: Alomomola
|
|-weather|RainDance|[upkeep]
|upkeep
|turn|6
|
|t:|1760782058
|move|p2a: Leg day|U-turn|p1a: Alomomola
|-damage|p1a: Alomomola|82/100 par
|
|t:|1760782067
|switch|p2a: Pimp BALL|Forretress, M, shiny|100/100|[from] U-turn
|cant|p1a: Alomomola|par
|
|-weather|RainDance|[upkeep]
|upkeep
|turn|7
|
|t:|1760782075
|move|p2a: Pimp BALL|Volt Switch|p1a: Alomomola
|-supereffective|p1a: Alomomola
|-damage|p1a: Alomomola|72/100 par
|
|t:|1760782081
|switch|p2a: Leg day|Thundurus, M|100/100|[from] Volt Switch
|move|p1a: Alomomola|Flip Turn|p2a: Leg day
|-damage|p2a: Leg day|61/100
|
|t:|1760782086
|switch|p1a: Gliscor|Gliscor, M|100/100 tox|[from] Flip Turn
|
|-weather|RainDance|[upkeep]
|upkeep
|turn|8
|
|t:|1760782094
|move|p1a: Gliscor|Protect|p1a: Gliscor
|-singleturn|p1a: Gliscor|Protect
|move|p2a: Leg day|Taunt|p1a: Gliscor
|-activate|p1a: Gliscor|move: Protect
|
|-weather|none
|upkeep
|turn|9
|
|t:|1760782105
|switch|p1a: Alomomola|Alomomola, F|100/100 par
|move|p2a: Leg day|Taunt|p1a: Alomomola
|-start|p1a: Alomomola|move: Taunt
|
|upkeep
|turn|10
|
|t:|1760782113
|move|p2a: Leg day|Thunder|p1a: Alomomola
|-supereffective|p1a: Alomomola
|-damage|p1a: Alomomola|50/100 par
|move|p1a: Alomomola|Flip Turn|p2a: Leg day
|-crit|p2a: Leg day
|-damage|p2a: Leg day|25/100
|
|t:|1760782119
|switch|p1a: Gliscor|Gliscor, M|100/100 tox|[from] Flip Turn
|
|upkeep
|turn|11
|
|t:|1760782125
|switch|p2a: Terence|Pelipper, M|83/100
|-weather|RainDance|[from] ability: Drizzle|[of] p2a: Terence
|switch|p1a: Alomomola|Alomomola, F|83/100 par
|
|-weather|RainDance|[upkeep]
|upkeep
|turn|12
|
|t:|1760782134
|move|p2a: Terence|U-turn|p1a: Alomomola
|-damage|p1a: Alomomola|77/100 par
|
|t:|1760782140
|switch|p2a: Joie|Goodra-Hisui, F|100/100|[from] U-turn
|cant|p1a: Alomomola|par
|
|-weather|RainDance|[upkeep]
|upkeep
|turn|13
|
|t:|1760782148
|switch|p1a: Gliscor|Gliscor, M|100/100 tox
|move|p2a: Joie|Dragon Tail|p1a: Gliscor
|-damage|p1a: Gliscor|85/100 tox
|drag|p1a: Gholdengo|Gholdengo|100/100
|-item|p1a: Gholdengo|Air Balloon
|
|-weather|RainDance|[upkeep]
|upkeep
|turn|14
|
|t:|1760782160
|switch|p1a: Gliscor|Gliscor, M|85/100 tox
|move|p2a: Joie|Dragon Tail|p1a: Gliscor
|-damage|p1a: Gliscor|70/100 tox
|drag|p1a: Hydrapple|Hydrapple, F, shiny|100/100
|
|-weather|RainDance|[upkeep]
|upkeep
|turn|15
|
|t:|1760782169
|move|p2a: Joie|Draco Meteor|p1a: Hydrapple
|-supereffective|p1a: Hydrapple
|-damage|p1a: Hydrapple|0 fnt
|-unboost|p2a: Joie|spa|2
|faint|p1a: Hydrapple
|
|-weather|RainDance|[upkeep]
|upkeep
|
|t:|1760782184
|switch|p1a: Gliscor|Gliscor, M|70/100 tox
|turn|16
|
|t:|1760782189
|move|p1a: Gliscor|Spikes|p2a: Joie
|-sidestart|p2: alexxledain|Spikes
|move|p2a: Joie|Ice Beam|p1a: Gliscor
|-supereffective|p1a: Gliscor
|-damage|p1a: Gliscor|20/100 tox
|
|-weather|RainDance|[upkeep]
|-heal|p1a: Gliscor|32/100 tox|[from] ability: Poison Heal
|upkeep
|turn|17
|
|t:|1760782198
|switch|p2a: Pimp BALL|Forretress, M, shiny|100/100
|move|p1a: Gliscor|Protect||[still]
|-fail|p1a: Gliscor
|
|-weather|RainDance|[upkeep]
|-heal|p1a: Gliscor|45/100 tox|[from] ability: Poison Heal
|upkeep
|turn|18
|
|t:|1760782208
|move|p1a: Gliscor|Protect|p1a: Gliscor
|-singleturn|p1a: Gliscor|Protect
|move|p2a: Pimp BALL|Rapid Spin|p1a: Gliscor
|-activate|p1a: Gliscor|move: Protect
|
|-weather|none
|-heal|p1a: Gliscor|57/100 tox|[from] ability: Poison Heal
|upkeep
|turn|19
|
|t:|1760782220
|switch|p1a: Gholdengo|Gholdengo|100/100
|-item|p1a: Gholdengo|Air Balloon
|switch|p2a: Terence|Pelipper, M|83/100
|-weather|RainDance|[from] ability: Drizzle|[of] p2a: Terence
|
|-weather|RainDance|[upkeep]
|upkeep
|turn|20
|
|t:|1760782239
|switch|p1a: Alomomola|Alomomola, F|100/100 par
|-terastallize|p2a: Terence|Ground
|move|p2a: Terence|Weather Ball|p1a: Alomomola
|-resisted|p1a: Alomomola
|-damage|p1a: Alomomola|87/100 par
|
|-weather|RainDance|[upkeep]
|upkeep
|turn|21
|l|☆ONNEEDX
|inactive|ONNEEDX disconnected and has a minute to reconnect!
|player|p1|
|inactive|ONNEEDX has 30 seconds to reconnect!
|inactive|ONNEEDX has 20 seconds to reconnect!
|inactive|ONNEEDX has 15 seconds to reconnect!
|inactive|ONNEEDX has 10 seconds to reconnect!
|inactive|ONNEEDX has 5 seconds to reconnect!
|-message|ONNEEDX lost due to inactivity.
|
|win|alexxledain
|raw|ONNEEDX's rating: 1109 &rarr; <strong>1086</strong><br />(-23 for losing)
|raw|alexxledain's rating: 1135 &rarr; <strong>1158</strong><br />(+23 for winning)
|l|☆alexxledain
|player|p2|
