|j|☆Maesclo
|j|☆kingprobs
|t:|1760743730
|gametype|singles
|player|p1|Maesclo|ninjaboy|1316
|player|p2|kingprobs|170|1317
|gen|9
|tier|[Gen 9] OU
|rated|
|rule|HP Percentage Mod: HP is shown in percentages
|rule|Endless Battle Clause: Forcing endless battles is banned
|rule|Species Clause: Limit one of each Pokémon
|rule|OHKO Clause: OHKO moves are banned
|rule|Evasion Items Clause: Evasion items are banned
|rule|Evasion Moves Clause: Evasion moves are banned
|rule|Evasion Abilities Clause: Evasion abilities are banned
|rule|Sleep Moves Clause: Sleep-inducing moves are banned
|clearpoke
|poke|p1|Medicham, F|
|poke|p1|Slowking-Galar, F|
|poke|p1|Zapdos|
|poke|p1|Ting-Lu|
|poke|p1|Ogerpon-Wellspring, F|
|poke|p1|Great Tusk|
|poke|p2|Corviknight, F|
|poke|p2|Dragapult, F|
|poke|p2|Great Tusk|
|poke|p2|Greninja-*, F|
|poke|p2|Dragonite, M|
|poke|p2|Slowking-Galar, M|
|teampreview
|inactive|Battle timer is ON: inactive players will automatically lose when time's up. (requested by kingprobs)
|
|t:|1760743748
|teamsize|p1|6
|teamsize|p2|6
|start
|switch|p1a: Medicham|Medicham, F|100/100
|switch|p2a: Greninja|Greninja, F|100/100
|turn|1
|
|t:|1760743756
|-terastallize|p1a: Medicham|Steel
|move|p2a: Greninja|U-turn|p1a: Medicham
|-start|p2a: Greninja|typechange|Bug|[from] ability: Protean
|-resisted|p1a: Medicham
|-damage|p1a: Medicham|83/100
|
|t:|1760743763
|switch|p2a: Corviknight|Corviknight, F|100/100|[from] U-turn
|-ability|p2a: Corviknight|Pressure
|move|p1a: Medicham|Close Combat|p2a: Corviknight
|-damage|p2a: Corviknight|19/100
|-unboost|p1a: Medicham|def|1
|-unboost|p1a: Medicham|spd|1
|-damage|p1a: Medicham|67/100|[from] item: Rocky Helmet|[of] p2a: Corviknight
|
|upkeep
|turn|2
|
|t:|1760743776
|move|p1a: Medicham|Close Combat|p2a: Corviknight
|-damage|p2a: Corviknight|0 fnt
|-unboost|p1a: Medicham|def|1
|-unboost|p1a: Medicham|spd|1
|-damage|p1a: Medicham|50/100|[from] item: Rocky Helmet|[of] p2a: Corviknight
|faint|p2a: Corviknight
|
|upkeep
|
|t:|1760743778
|switch|p2a: Dragapult|Dragapult, F|100/100
|turn|3
|
|t:|1760743781
|switch|p1a: Ting-Lu|Ting-Lu|100/100
|-ability|p1a: Ting-Lu|Vessel of Ruin
|move|p2a: Dragapult|Flamethrower|p1a: Ting-Lu
|-damage|p1a: Ting-Lu|87/100
|-damage|p2a: Dragapult|91/100|[from] item: Life Orb
|
|upkeep
|turn|4
|
|t:|1760743789
|move|p2a: Dragapult|U-turn|p1a: Ting-Lu
|-supereffective|p1a: Ting-Lu
|-damage|p1a: Ting-Lu|62/100
|-damage|p2a: Dragapult|74/100|[from] item: Rocky Helmet|[of] p1a: Ting-Lu
|-damage|p2a: Dragapult|65/100|[from] item: Life Orb
|
|t:|1760743795
|switch|p2a: Greninja|Greninja, F|100/100|[from] U-turn
|move|p1a: Ting-Lu|Payback|p2a: Greninja
|-resisted|p2a: Greninja
|-damage|p2a: Greninja|86/100
|
|upkeep
|turn|5
|
|t:|1760743799
|switch|p1a: Zapdos|Zapdos|100/100
|move|p2a: Greninja|U-turn|p1a: Zapdos
|-start|p2a: Greninja|typechange|Bug|[from] ability: Protean
|-resisted|p1a: Zapdos
|-damage|p1a: Zapdos|93/100
|
|t:|1760743809
|switch|p2a: Great Tusk|Great Tusk|100/100|[from] U-turn
|
|upkeep
|turn|6
|
|t:|1760743814
|move|p2a: Great Tusk|Rapid Spin|p1a: Zapdos
|-damage|p1a: Zapdos|80/100
|-boost|p2a: Great Tusk|spe|1
|move|p1a: Zapdos|Hurricane|p2a: Great Tusk
|-supereffective|p2a: Great Tusk
|-damage|p2a: Great Tusk|12/100
|
|upkeep
|turn|7
|
|t:|1760743834
|move|p2a: Great Tusk|Ice Spinner|p1a: Zapdos
|-supereffective|p1a: Zapdos
|-damage|p1a: Zapdos|38/100
|-status|p2a: Great Tusk|par|[from] ability: Static|[of] p1a: Zapdos
|move|p1a: Zapdos|U-turn|p2a: Great Tusk
|-resisted|p2a: Great Tusk
|-damage|p2a: Great Tusk|7/100 par
|
|t:|1760743846
|switch|p1a: Great Tusk|Great Tusk|100/100|[from] U-turn
|
|upkeep
|turn|8
|
|t:|1760743863
|move|p1a: Great Tusk|Stealth Rock|p2a: Great Tusk
|-sidestart|p2: kingprobs|move: Stealth Rock
|move|p2a: Great Tusk|Ice Spinner|p1a: Great Tusk
|-supereffective|p1a: Great Tusk
|-damage|p1a: Great Tusk|61/100
|
|upkeep
|turn|9
|
|t:|1760743875
|move|p1a: Great Tusk|Rapid Spin|p2a: Great Tusk
|-damage|p2a: Great Tusk|0 fnt
|-boost|p1a: Great Tusk|spe|1
|faint|p2a: Great Tusk
|-end|p2a: Great Tusk|Protosynthesis|[silent]
|
|upkeep
|
|t:|1760743882
|switch|p2a: Timmy|Dragonite, M, shiny|100/100
|-damage|p2a: Timmy|76/100|[from] Stealth Rock
|turn|10
|
|t:|1760743886
|move|p1a: Great Tusk|Ice Spinner|p2a: Timmy
|-supereffective|p2a: Timmy
|-damage|p2a: Timmy|0 fnt
|faint|p2a: Timmy
|
|upkeep
|-message|kingprobs forfeited.
|
|win|Maesclo
|raw|Maesclo's rating: 1316 &rarr; <strong>1336</strong><br />(+20 for winning)
|raw|kingprobs's rating: 1317 &rarr; <strong>1297</strong><br />(-20 for losing)
|l|☆kingprobs
|player|p2|
|l|☆Maesclo
|player|p1|
|j|☆Maesclo
|player|p1|Maesclo|ninjaboy|
