|j|☆Kroodos
|j|☆tidbits of info
|t:|1760877111
|gametype|singles
|player|p1|Kroodos|265|1338
|player|p2|tidbits of info|169|1326
|gen|9
|tier|[Gen 9] OU
|rated|
|rule|HP Percentage Mod: HP is shown in percentages
|rule|Endless Battle Clause: Forcing endless battles is banned
|rule|Species Clause: Limit one of each Pokémon
|rule|OHKO Clause: OHKO moves are banned
|rule|Evasion Items Clause: Evasion items are banned
|rule|Evasion Moves Clause: Evasion moves are banned
|rule|Evasion Abilities Clause: Evasion abilities are banned
|rule|Sleep Moves Clause: Sleep-inducing moves are banned
|clearpoke
|poke|p1|Kingambit, M|
|poke|p1|Iron Moth|
|poke|p1|Samurott-Hisui, M|
|poke|p1|Zapdos|
|poke|p1|Kyurem|
|poke|p1|Golurk|
|poke|p2|Ogerpon, F|
|poke|p2|Glimmora, F|
|poke|p2|Zapdos|
|poke|p2|Tornadus-Therian, M|
|poke|p2|Primarina, F|
|poke|p2|Garchomp, F|
|teampreview
|inactive|Battle timer is ON: inactive players will automatically lose when time's up. (requested by Kroodos)
|
|t:|1760877120
|teamsize|p1|6
|teamsize|p2|6
|start
|switch|p1a: Samurott|Samurott-Hisui, M|100/100
|switch|p2a: Ogerpon|Ogerpon, F|100/100
|turn|1
|
|t:|1760877132
|-terastallize|p2a: Ogerpon|Grass
|detailschange|p2a: Ogerpon|Ogerpon-Teal-Tera, F, tera:Grass
|-ability|p2a: Ogerpon|Embody Aspect (Teal)|boost
|-boost|p2a: Ogerpon|spe|1
|move|p2a: Ogerpon|Ivy Cudgel|p1a: Samurott
|-supereffective|p1a: Samurott
|-enditem|p1a: Samurott|Focus Sash
|-damage|p1a: Samurott|1/100
|move|p1a: Samurott|Ceaseless Edge|p2a: Ogerpon
|-crit|p2a: Ogerpon
|-damage|p2a: Ogerpon|14/100
|-sidestart|p2: tidbits of info|Spikes
|
|upkeep
|turn|2
|
|t:|1760877146
|move|p1a: Samurott|Aqua Jet|p2a: Ogerpon
|-resisted|p2a: Ogerpon
|-damage|p2a: Ogerpon|1/100
|move|p2a: Ogerpon|Ivy Cudgel|p1a: Samurott
|-supereffective|p1a: Samurott
|-damage|p1a: Samurott|0 fnt
|faint|p1a: Samurott
|
|upkeep
|
|t:|1760877161
|switch|p1a: Zapdos|Zapdos|100/100
|turn|3
|
|t:|1760877171
|switch|p2a: Garchomp|Garchomp, F|100/100
|-damage|p2a: Garchomp|88/100|[from] Spikes
|move|p1a: Zapdos|Volt Switch|p2a: Garchomp
|-immune|p2a: Garchomp
|
|upkeep
|turn|4
|
|t:|1760877179
|switch|p1a: Golurk|Golurk|100/100
|move|p2a: Garchomp|Stealth Rock|p1a: Golurk
|-sidestart|p1: Kroodos|move: Stealth Rock
|
|upkeep
|turn|5
|
|t:|1760877188
|move|p2a: Garchomp|Earthquake|p1a: Golurk
|-damage|p1a: Golurk|45/100
|-damage|p2a: Garchomp|78/100|[from] item: Life Orb
|move|p1a: Golurk|Poltergeist|p2a: Garchomp
|-activate|p2a: Garchomp|move: Poltergeist|Life Orb
|-damage|p2a: Garchomp|0 fnt
|faint|p2a: Garchomp
|
|upkeep
|
|t:|1760877197
|switch|p2a: Tornadus|Tornadus-Therian, M|100/100
|turn|6
|
|t:|1760877203
|switch|p1a: Zapdos|Zapdos|100/100
|move|p2a: Tornadus|Dark Pulse|p1a: Zapdos
|-damage|p1a: Zapdos|70/100
|-damage|p2a: Tornadus|91/100|[from] item: Life Orb
|
|upkeep
|turn|7
|
|t:|1760877228
|move|p2a: Tornadus|Dark Pulse|p1a: Zapdos
|-damage|p1a: Zapdos|35/100
|-damage|p2a: Tornadus|81/100|[from] item: Life Orb
|move|p1a: Zapdos|Thunder Wave|p2a: Tornadus
|-status|p2a: Tornadus|par
|
|upkeep
|turn|8
|
|t:|1760877241
|move|p1a: Zapdos|Roost|p1a: Zapdos
|-heal|p1a: Zapdos|86/100
|-singleturn|p1a: Zapdos|move: Roost
|move|p2a: Tornadus|Dark Pulse|p1a: Zapdos
|-damage|p1a: Zapdos|54/100
|-damage|p2a: Tornadus|71/100 par|[from] item: Life Orb
|
|upkeep
|turn|9
|
|t:|1760877248
|switch|p2a: Glimmora|Glimmora, F|100/100
|-damage|p2a: Glimmora|88/100|[from] Spikes
|move|p1a: Zapdos|Roost|p1a: Zapdos
|-heal|p1a: Zapdos|100/100
|-singleturn|p1a: Zapdos|move: Roost
|
|upkeep
|turn|10
|
|t:|1760877254
|move|p2a: Glimmora|Power Gem|p1a: Zapdos
|-supereffective|p1a: Zapdos
|-damage|p1a: Zapdos|24/100
|move|p1a: Zapdos|Volt Switch|p2a: Glimmora
|-damage|p2a: Glimmora|53/100
|
|t:|1760877257
|switch|p1a: Golurk|Golurk|45/100|[from] Volt Switch
|-damage|p1a: Golurk|39/100|[from] Stealth Rock
|
|upkeep
|turn|11
|
|t:|1760877264
|switch|p2a: Tornadus|Tornadus-Therian, M|100/100 par
|move|p1a: Golurk|Poltergeist|p2a: Tornadus
|-activate|p2a: Tornadus|move: Poltergeist|Life Orb
|-damage|p2a: Tornadus|0 fnt
|faint|p2a: Tornadus
|
|upkeep
|
|t:|1760877272
|switch|p2a: Primarina|Primarina, F|100/100
|-damage|p2a: Primarina|88/100|[from] Spikes
|turn|12
|
|t:|1760877297
|move|p2a: Primarina|Surf|p1a: Golurk
|-supereffective|p1a: Golurk
|-damage|p1a: Golurk|0 fnt
|faint|p1a: Golurk
|
|upkeep
|
|t:|1760877305
|switch|p1a: Zapdos|Zapdos|24/100
|turn|13
|
|t:|1760877312
|move|p1a: Zapdos|Volt Switch|p2a: Primarina
|-supereffective|p2a: Primarina
|-crit|p2a: Primarina
|-damage|p2a: Primarina|26/100
|
|t:|1760877319
|switch|p1a: Kyurem|Kyurem|100/100|[from] Volt Switch
|-damage|p1a: Kyurem|76/100|[from] Stealth Rock
|-ability|p1a: Kyurem|Pressure
|move|p2a: Primarina|Surf|p1a: Kyurem
|-resisted|p1a: Kyurem
|-damage|p1a: Kyurem|40/100
|
|upkeep
|turn|14
|
|t:|1760877326
|move|p1a: Kyurem|Icicle Spear|p2a: Primarina
|-resisted|p2a: Primarina
|-damage|p2a: Primarina|18/100
|-resisted|p2a: Primarina
|-damage|p2a: Primarina|10/100
|-resisted|p2a: Primarina
|-damage|p2a: Primarina|1/100
|-resisted|p2a: Primarina
|-damage|p2a: Primarina|0 fnt
|faint|p2a: Primarina
|-hitcount|p2: Primarina|4
|
|upkeep
|
|t:|1760877332
|switch|p2a: Zapdos|Zapdos|100/100
|turn|15
|
|t:|1760877357
|move|p2a: Zapdos|Hurricane|p1a: Kyurem|[miss]
|-miss|p2a: Zapdos|p1a: Kyurem
|move|p1a: Kyurem|Icicle Spear|p2a: Zapdos
|-supereffective|p2a: Zapdos
|-damage|p2a: Zapdos|69/100
|-supereffective|p2a: Zapdos
|-damage|p2a: Zapdos|33/100
|-supereffective|p2a: Zapdos
|-damage|p2a: Zapdos|1/100
|-supereffective|p2a: Zapdos
|-damage|p2a: Zapdos|0 fnt
|faint|p2a: Zapdos
|-hitcount|p2: Zapdos|4
|
|upkeep
|-message|tidbits of info forfeited.
|
|win|Kroodos
|raw|Kroodos's rating: 1338 &rarr; <strong>1357</strong><br />(+19 for winning)
|raw|tidbits of info's rating: 1326 &rarr; <strong>1307</strong><br />(-19 for losing)
|l|☆tidbits of info
|player|p2|
|l|☆Kroodos
|player|p1|
