|j|☆charletteweb
|j|☆Teddy31
|t:|1760778504
|gametype|singles
|player|p1|charletteweb|parasollady|1266
|player|p2|Teddy31|2|1221
|gen|9
|tier|[Gen 9] OU
|rated|
|rule|HP Percentage Mod: HP is shown in percentages
|rule|Endless Battle Clause: Forcing endless battles is banned
|rule|Species Clause: Limit one of each Pokémon
|rule|OHKO Clause: OHKO moves are banned
|rule|Evasion Items Clause: Evasion items are banned
|rule|Evasion Moves Clause: Evasion moves are banned
|rule|Evasion Abilities Clause: Evasion abilities are banned
|rule|Sleep Moves Clause: Sleep-inducing moves are banned
|clearpoke
|poke|p1|Lanturn, M|
|poke|p1|Great Tusk|
|poke|p1|Iron Valiant|
|poke|p1|Kingambit, F|
|poke|p1|Moltres|
|poke|p1|Tornadus-Therian, M|
|poke|p2|Slowking-Galar, M|
|poke|p2|Great Tusk|
|poke|p2|Corviknight, M|
|poke|p2|Ogerpon-Wellspring, F|
|poke|p2|Iron Moth|
|poke|p2|Tyranitar, F|
|teampreview
|inactive|Battle timer is ON: inactive players will automatically lose when time's up. (requested by charletteweb)
|
|t:|1760778519
|teamsize|p1|6
|teamsize|p2|6
|start
|switch|p1a: Tornadus|Tornadus-Therian, M, shiny|100/100
|switch|p2a: Great Tusk|Great Tusk|100/100
|turn|1
|
|t:|1760778528
|move|p1a: Tornadus|Bleakwind Storm|p2a: Great Tusk
|-supereffective|p2a: Great Tusk
|-damage|p2a: Great Tusk|23/100
|-unboost|p2a: Great Tusk|spe|1
|move|p2a: Great Tusk|Knock Off|p1a: Tornadus
|-damage|p1a: Tornadus|59/100
|-enditem|p1a: Tornadus|Heavy-Duty Boots|[from] move: Knock Off|[of] p2a: Great Tusk
|
|upkeep
|turn|2
|
|t:|1760778543
|-end|p2a: Great Tusk|Protosynthesis|[silent]
|switch|p2a: Slowking|Slowking-Galar, M|100/100
|move|p1a: Tornadus|Bleakwind Storm|p2a: Slowking
|-damage|p2a: Slowking|71/100
|
|upkeep
|turn|3
|
|t:|1760778551
|move|p1a: Tornadus|U-turn|p2a: Slowking
|-damage|p2a: Slowking|56/100
|
|t:|1760778554
|switch|p1a: Kingambit|Kingambit, F|100/100|[from] U-turn
|move|p2a: Slowking|Sludge Bomb|p1a: Kingambit
|-immune|p1a: Kingambit
|
|upkeep
|turn|4
|
|t:|1760778563
|switch|p2a: Great Tusk|Great Tusk|23/100
|move|p1a: Kingambit|Kowtow Cleave|p2a: Great Tusk
|-resisted|p2a: Great Tusk
|-damage|p2a: Great Tusk|11/100
|
|upkeep
|turn|5
|
|t:|1760778571
|move|p1a: Kingambit|Sucker Punch|p2a: Great Tusk
|-resisted|p2a: Great Tusk
|-damage|p2a: Great Tusk|1/100
|move|p2a: Great Tusk|Earthquake|p1a: Kingambit
|-supereffective|p1a: Kingambit
|-damage|p1a: Kingambit|35/100
|-enditem|p1a: Kingambit|Eject Button
|
|t:|1760778578
|-end|p1a: Kingambit|fallenundefined|[silent]
|switch|p1a: Tornadus|Tornadus-Therian, M, shiny|92/100
|
|upkeep
|turn|6
|
|t:|1760778585
|move|p1a: Tornadus|U-turn|p2a: Great Tusk
|-resisted|p2a: Great Tusk
|-damage|p2a: Great Tusk|0 fnt
|faint|p2a: Great Tusk
|-end|p2a: Great Tusk|Protosynthesis|[silent]
|
|t:|1760778603
|switch|p1a: Moltres|Moltres, shiny|100/100|[from] U-turn
|
|upkeep
|
|t:|1760778611
|switch|p2a: Tyranitar|Tyranitar, F|100/100
|-weather|Sandstorm|[from] ability: Sand Stream|[of] p2a: Tyranitar
|turn|7
|
|t:|1760778616
|switch|p1a: Kingambit|Kingambit, F|35/100
|move|p2a: Tyranitar|Stealth Rock|p1a: Kingambit
|-sidestart|p1: charletteweb|move: Stealth Rock
|
|-weather|Sandstorm|[upkeep]
|upkeep
|turn|8
|
|t:|1760778623
|move|p1a: Kingambit|Iron Head|p2a: Tyranitar
|-supereffective|p2a: Tyranitar
|-damage|p2a: Tyranitar|30/100
|move|p2a: Tyranitar|Stone Edge|p1a: Kingambit
|-resisted|p1a: Kingambit
|-damage|p1a: Kingambit|14/100
|
|-weather|Sandstorm|[upkeep]
|-heal|p2a: Tyranitar|36/100|[from] item: Leftovers
|upkeep
|turn|9
|
|t:|1760778634
|move|p1a: Kingambit|Iron Head|p2a: Tyranitar
|-supereffective|p2a: Tyranitar
|-damage|p2a: Tyranitar|0 fnt
|faint|p2a: Tyranitar
|
|-weather|Sandstorm|[upkeep]
|upkeep
|
|t:|1760778648
|switch|p2a: Ogerpon|Ogerpon-Wellspring, F|100/100
|turn|10
|
|t:|1760778659
|-end|p1a: Kingambit|fallenundefined|[silent]
|switch|p1a: Moltres|Moltres, shiny|100/100
|move|p2a: Ogerpon|Substitute|p2a: Ogerpon
|-start|p2a: Ogerpon|Substitute
|-damage|p2a: Ogerpon|76/100
|
|-weather|Sandstorm|[upkeep]
|-damage|p2a: Ogerpon|70/100|[from] Sandstorm
|-damage|p1a: Moltres|94/100|[from] Sandstorm
|upkeep
|turn|11
|inactive|Teddy31 has 120 seconds left.
|
|t:|1760778712
|-terastallize|p2a: Ogerpon|Water
|detailschange|p2a: Ogerpon|Ogerpon-Wellspring-Tera, F, tera:Water
|-ability|p2a: Ogerpon|Embody Aspect (Wellspring)|boost
|-boost|p2a: Ogerpon|spd|1
|-terastallize|p1a: Moltres|Water
|move|p2a: Ogerpon|Swords Dance|p2a: Ogerpon
|-boost|p2a: Ogerpon|atk|2
|move|p1a: Moltres|Roar|p2a: Ogerpon
|drag|p2a: Iron Moth|Iron Moth|100/100
|-enditem|p2a: Iron Moth|Booster Energy
|-activate|p2a: Iron Moth|ability: Quark Drive|[fromitem]
|-start|p2a: Iron Moth|quarkdrivespe
|
|-weather|none
|upkeep
|turn|12
|
|t:|1760778731
|move|p2a: Iron Moth|Sludge Wave|p1a: Moltres
|-damage|p1a: Moltres|49/100
|move|p1a: Moltres|Roar|p2a: Iron Moth
|-end|p2a: Iron Moth|Quark Drive|[silent]
|drag|p2a: Ogerpon|Ogerpon-Wellspring-Tera, F, tera:Water|70/100
|-ability|p2a: Ogerpon|Embody Aspect (Wellspring)|boost
|-boost|p2a: Ogerpon|spd|1
|
|upkeep
|turn|13
|
|t:|1760778739
|move|p2a: Ogerpon|Horn Leech|p1a: Moltres
|-supereffective|p1a: Moltres
|-damage|p1a: Moltres|0 fnt
|-heal|p2a: Ogerpon|100/100|[from] drain|[of] p1a: Moltres
|faint|p1a: Moltres
|
|upkeep
|
|t:|1760778756
|switch|p1a: Tornadus|Tornadus-Therian, M, shiny|100/100
|-damage|p1a: Tornadus|76/100|[from] Stealth Rock
|turn|14
|inactive|charletteweb has 120 seconds left.
|j| Jinghan Yu
|l| Jinghan Yu
|inactive|charletteweb has 90 seconds left.
|
|t:|1760778812
|switch|p2a: Corviknight|Corviknight, M|100/100
|move|p1a: Tornadus|U-turn|p2a: Corviknight
|-resisted|p2a: Corviknight
|-damage|p2a: Corviknight|98/100
|-damage|p1a: Tornadus|59/100|[from] item: Rocky Helmet|[of] p2a: Corviknight
|
|t:|1760778815
|switch|p1a: Lanturn|Lanturn, M, shiny|100/100|[from] U-turn
|-damage|p1a: Lanturn|88/100|[from] Stealth Rock
|
|-heal|p1a: Lanturn|94/100|[from] item: Leftovers
|upkeep
|turn|15
|
|t:|1760778825
|switch|p2a: Slowking|Slowking-Galar, M|90/100
|move|p1a: Lanturn|Thunder Wave|p2a: Slowking|[miss]
|-miss|p1a: Lanturn|p2a: Slowking
|
|-heal|p1a: Lanturn|100/100|[from] item: Leftovers
|upkeep
|turn|16
|
|t:|1760778835
|move|p1a: Lanturn|Thunder Wave|p2a: Slowking
|-status|p2a: Slowking|par
|move|p2a: Slowking|Sludge Bomb|p1a: Lanturn
|-damage|p1a: Lanturn|80/100
|
|-heal|p1a: Lanturn|87/100|[from] item: Leftovers
|upkeep
|turn|17
|inactive|Teddy31 has 120 seconds left.
|
|t:|1760778844
|move|p1a: Lanturn|Scald|p2a: Slowking
|-damage|p2a: Slowking|76/100 par
|move|p2a: Slowking|Flamethrower|p1a: Lanturn
|-resisted|p1a: Lanturn
|-damage|p1a: Lanturn|79/100
|
|-heal|p1a: Lanturn|85/100|[from] item: Leftovers
|upkeep
|turn|18
|inactive|charletteweb has 120 seconds left.
|
|t:|1760778854
|move|p1a: Lanturn|Volt Switch|p2a: Slowking
|-damage|p2a: Slowking|64/100 par
|
|t:|1760778857
|switch|p1a: Great Tusk|Great Tusk|100/100|[from] Volt Switch
|-damage|p1a: Great Tusk|98/100|[from] Stealth Rock
|move|p2a: Slowking|Sludge Bomb|p1a: Great Tusk
|-resisted|p1a: Great Tusk
|-damage|p1a: Great Tusk|74/100
|
|upkeep
|turn|19
|inactive|Teddy31 has 120 seconds left.
|
|t:|1760778878
|move|p1a: Great Tusk|Supercell Slam|p2a: Slowking
|-damage|p2a: Slowking|24/100 par
|cant|p2a: Slowking|par
|
|upkeep
|turn|20
|
|t:|1760778884
|switch|p2a: Corviknight|Corviknight, M|98/100
|move|p1a: Great Tusk|Rapid Spin|p2a: Corviknight
|-resisted|p2a: Corviknight
|-damage|p2a: Corviknight|92/100
|-boost|p1a: Great Tusk|spe|1
|-damage|p1a: Great Tusk|58/100|[from] item: Rocky Helmet|[of] p2a: Corviknight
|-sideend|p1: charletteweb|Stealth Rock|[from] move: Rapid Spin|[of] p1a: Great Tusk
|
|upkeep
|turn|21
|
|t:|1760778895
|move|p1a: Great Tusk|Supercell Slam|p2a: Corviknight
|-supereffective|p2a: Corviknight
|-damage|p2a: Corviknight|37/100
|-damage|p1a: Great Tusk|41/100|[from] item: Rocky Helmet|[of] p2a: Corviknight
|move|p2a: Corviknight|Taunt|p1a: Great Tusk
|-start|p1a: Great Tusk|move: Taunt
|
|upkeep
|turn|22
|
|t:|1760778905
|switch|p2a: Slowking|Slowking-Galar, M|58/100 par
|move|p1a: Great Tusk|Supercell Slam|p2a: Slowking
|-damage|p2a: Slowking|21/100 par
|
|upkeep
|turn|23
|
|t:|1760778914
|move|p1a: Great Tusk|Ice Spinner|p2a: Slowking
|-damage|p2a: Slowking|0 fnt
|faint|p2a: Slowking
|
|upkeep
|
|t:|1760778919
|switch|p2a: Ogerpon|Ogerpon-Wellspring-Tera, F, tera:Water|100/100
|-ability|p2a: Ogerpon|Embody Aspect (Wellspring)|boost
|-boost|p2a: Ogerpon|spd|1
|turn|24
|
|t:|1760778925
|move|p1a: Great Tusk|Supercell Slam|p2a: Ogerpon
|-supereffective|p2a: Ogerpon
|-damage|p2a: Ogerpon|14/100
|move|p2a: Ogerpon|Horn Leech|p1a: Great Tusk
|-supereffective|p1a: Great Tusk
|-damage|p1a: Great Tusk|0 fnt
|-heal|p2a: Ogerpon|39/100|[from] drain|[of] p1a: Great Tusk
|-damage|p2a: Ogerpon|23/100|[from] item: Rocky Helmet|[of] p1a: Great Tusk
|faint|p1a: Great Tusk
|-end|p1a: Great Tusk|Protosynthesis|[silent]
|
|upkeep
|
|t:|1760778945
|switch|p1a: Tornadus|Tornadus-Therian, M, shiny|92/100
|turn|25
|
|t:|1760778949
|switch|p2a: Corviknight|Corviknight, M|37/100
|move|p1a: Tornadus|Bleakwind Storm|p2a: Corviknight
|-resisted|p2a: Corviknight
|-damage|p2a: Corviknight|19/100
|-ability|p2a: Corviknight|Mirror Armor
|-unboost|p1a: Tornadus|spe|1
|
|upkeep
|turn|26
|
|t:|1760778959
|move|p1a: Tornadus|U-turn|p2a: Corviknight
|-resisted|p2a: Corviknight
|-damage|p2a: Corviknight|16/100
|-damage|p1a: Tornadus|76/100|[from] item: Rocky Helmet|[of] p2a: Corviknight
|
|t:|1760778963
|switch|p1a: Lanturn|Lanturn, M, shiny|85/100|[from] U-turn
|move|p2a: Corviknight|Roost|p2a: Corviknight
|-heal|p2a: Corviknight|66/100
|-singleturn|p2a: Corviknight|move: Roost
|
|-heal|p1a: Lanturn|92/100|[from] item: Leftovers
|upkeep
|turn|27
|
|t:|1760778974
|move|p2a: Corviknight|Taunt|p1a: Lanturn
|-start|p1a: Lanturn|move: Taunt
|cant|p1a: Lanturn|move: Taunt|Thunder Wave
|
|-heal|p1a: Lanturn|98/100|[from] item: Leftovers
|upkeep
|turn|28
|
|t:|1760778981
|switch|p2a: Ogerpon|Ogerpon-Wellspring-Tera, F, tera:Water|23/100
|-ability|p2a: Ogerpon|Embody Aspect (Wellspring)|boost
|-boost|p2a: Ogerpon|spd|1
|move|p1a: Lanturn|Volt Switch|p2a: Ogerpon
|-supereffective|p2a: Ogerpon
|-damage|p2a: Ogerpon|0 fnt
|faint|p2a: Ogerpon
|detailschange|p2: Ogerpon|Ogerpon-Wellspring, F|[silent]
|
|t:|1760778994
|switch|p1a: Tornadus|Tornadus-Therian, M, shiny|100/100|[from] Volt Switch
|
|upkeep
|
|t:|1760778999
|switch|p2a: Iron Moth|Iron Moth|100/100
|turn|29
|
|t:|1760779003
|move|p1a: Tornadus|Bleakwind Storm|p2a: Iron Moth
|-damage|p2a: Iron Moth|58/100
|move|p2a: Iron Moth|Fiery Dance|p1a: Tornadus
|-damage|p1a: Tornadus|57/100
|
|upkeep
|turn|30
|-message|Teddy31 forfeited.
|
|win|charletteweb
|raw|charletteweb's rating: 1266 &rarr; <strong>1288</strong><br />(+22 for winning)
|raw|Teddy31's rating: 1221 &rarr; <strong>1199</strong><br />(-22 for losing)
|l|☆Teddy31
|player|p2|
|l|☆charletteweb
|player|p1|
