|j|☆Deku100%6
|j|☆den of hay
|t:|1760745905
|gametype|singles
|player|p1|Deku100%6|101|1128
|player|p2|den of hay|bruno|1136
|gen|9
|tier|[Gen 9] OU
|rated|
|rule|HP Percentage Mod: HP is shown in percentages
|rule|Endless Battle Clause: Forcing endless battles is banned
|rule|Species Clause: Limit one of each Pokémon
|rule|OHKO Clause: OHKO moves are banned
|rule|Evasion Items Clause: Evasion items are banned
|rule|Evasion Moves Clause: Evasion moves are banned
|rule|Evasion Abilities Clause: Evasion abilities are banned
|rule|Sleep Moves Clause: Sleep-inducing moves are banned
|clearpoke
|poke|p1|Klawf, F|
|poke|p1|Bombirdier, F|
|poke|p1|Orthworm, M|
|poke|p1|Great Tusk|
|poke|p1|Tatsugiri, M|
|poke|p1|Iron Treads|
|poke|p2|Meowscarada, F|
|poke|p2|Corviknight, M|
|poke|p2|Dragonite, M|
|poke|p2|Gliscor, F|
|poke|p2|Sandy Shocks|
|poke|p2|Dragalge, M|
|teampreview
|inactive|Battle timer is ON: inactive players will automatically lose when time's up. (requested by den of hay)
|
|t:|1760745932
|teamsize|p1|6
|teamsize|p2|6
|start
|switch|p1a: Orthworm|Orthworm, M|100/100
|switch|p2a: Sandy Shocks|Sandy Shocks|100/100
|-enditem|p2a: Sandy Shocks|Booster Energy
|-activate|p2a: Sandy Shocks|ability: Protosynthesis|[fromitem]
|-start|p2a: Sandy Shocks|protosynthesisspe
|turn|1
|
|t:|1760745955
|move|p2a: Sandy Shocks|Thunderbolt|p1a: Orthworm
|-damage|p1a: Orthworm|34/100
|move|p1a: Orthworm|Metal Burst|p2a: Sandy Shocks
|-damage|p2a: Sandy Shocks|0 fnt
|faint|p2a: Sandy Shocks
|-end|p2a: Sandy Shocks|Protosynthesis|[silent]
|-damage|p1a: Orthworm|24/100|[from] item: Life Orb
|
|upkeep
|
|t:|1760745974
|switch|p2a: Gliscor|Gliscor, F|100/100
|turn|2
|
|t:|1760745982
|move|p2a: Gliscor|Protect|p2a: Gliscor
|-singleturn|p2a: Gliscor|Protect
|move|p1a: Orthworm|Body Slam|p2a: Gliscor
|-activate|p2a: Gliscor|move: Protect
|
|-status|p2a: Gliscor|tox|[from] item: Toxic Orb
|upkeep
|turn|3
|
|t:|1760745992
|switch|p2a: Dragonite|Dragonite, M|100/100
|move|p1a: Orthworm|Iron Head|p2a: Dragonite
|-damage|p2a: Dragonite|76/100
|-damage|p1a: Orthworm|14/100|[from] item: Life Orb
|
|upkeep
|turn|4
|
|t:|1760746005
|move|p2a: Dragonite|Agility|p2a: Dragonite
|-boost|p2a: Dragonite|spe|2
|move|p1a: Orthworm|Body Slam|p2a: Dragonite
|-damage|p2a: Dragonite|42/100
|-damage|p1a: Orthworm|4/100|[from] item: Life Orb
|
|upkeep
|turn|5
|
|t:|1760746012
|move|p2a: Dragonite|Flamethrower|p1a: Orthworm
|-supereffective|p1a: Orthworm
|-damage|p1a: Orthworm|0 fnt
|faint|p1a: Orthworm
|
|upkeep
|
|t:|1760746020
|switch|p1a: Tatsugiri|Tatsugiri, M|100/100
|turn|6
|
|t:|1760746028
|move|p2a: Dragonite|Air Slash|p1a: Tatsugiri
|-damage|p1a: Tatsugiri|58/100
|cant|p1a: Tatsugiri|flinch
|
|upkeep
|turn|7
|
|t:|1760746034
|move|p2a: Dragonite|Draco Meteor|p1a: Tatsugiri
|-supereffective|p1a: Tatsugiri
|-damage|p1a: Tatsugiri|0 fnt
|-unboost|p2a: Dragonite|spa|2
|faint|p1a: Tatsugiri
|
|upkeep
|
|t:|1760746047
|switch|p1a: Great Tusk|Great Tusk|100/100
|-enditem|p1a: Great Tusk|Booster Energy
|-activate|p1a: Great Tusk|ability: Protosynthesis|[fromitem]
|-start|p1a: Great Tusk|protosynthesisatk
|turn|8
|
|t:|1760746064
|switch|p2a: Gliscor|Gliscor, F|100/100 tox
|move|p1a: Great Tusk|Ice Spinner|p2a: Gliscor
|-supereffective|p2a: Gliscor
|-damage|p2a: Gliscor|13/100 tox
|
|-heal|p2a: Gliscor|26/100 tox|[from] ability: Poison Heal
|upkeep
|turn|9
|
|t:|1760746078
|move|p2a: Gliscor|Protect|p2a: Gliscor
|-singleturn|p2a: Gliscor|Protect
|move|p1a: Great Tusk|Ice Spinner|p2a: Gliscor
|-activate|p2a: Gliscor|move: Protect
|
|-heal|p2a: Gliscor|38/100 tox|[from] ability: Poison Heal
|upkeep
|turn|10
|inactive|den of hay has 120 seconds left.
|
|t:|1760746106
|switch|p2a: Corviknight|Corviknight, M|100/100
|move|p1a: Great Tusk|Ice Spinner|p2a: Corviknight
|-damage|p2a: Corviknight|78/100
|-damage|p1a: Great Tusk|84/100|[from] item: Rocky Helmet|[of] p2a: Corviknight
|
|upkeep
|turn|11
|inactive|den of hay has 120 seconds left.
|
|t:|1760746121
|move|p1a: Great Tusk|Close Combat|p2a: Corviknight
|-damage|p2a: Corviknight|26/100
|-unboost|p1a: Great Tusk|def|1
|-unboost|p1a: Great Tusk|spd|1
|-damage|p1a: Great Tusk|68/100|[from] item: Rocky Helmet|[of] p2a: Corviknight
|move|p2a: Corviknight|Body Press|p1a: Great Tusk
|-damage|p1a: Great Tusk|38/100
|
|upkeep
|turn|12
|inactive|den of hay has 120 seconds left.
|
|t:|1760746139
|switch|p2a: Dragonite|Dragonite, M|42/100
|move|p1a: Great Tusk|Close Combat|p2a: Dragonite
|-resisted|p2a: Dragonite
|-damage|p2a: Dragonite|0 fnt
|-unboost|p1a: Great Tusk|def|1
|-unboost|p1a: Great Tusk|spd|1
|faint|p2a: Dragonite
|
|upkeep
|
|t:|1760746150
|switch|p2a: Meowscarada|Meowscarada, F|100/100
|turn|13
|
|t:|1760746165
|move|p2a: Meowscarada|Flower Trick|p1a: Great Tusk
|-start|p2a: Meowscarada|typechange|Grass|[from] ability: Protean
|-supereffective|p1a: Great Tusk
|-crit|p1a: Great Tusk
|-damage|p1a: Great Tusk|0 fnt
|faint|p1a: Great Tusk
|-end|p1a: Great Tusk|Protosynthesis|[silent]
|
|upkeep
|
|t:|1760746177
|switch|p1a: Bombirdier|Bombirdier, F|100/100
|turn|14
|
|t:|1760746188
|switch|p2a: Corviknight|Corviknight, M|26/100
|-terastallize|p1a: Bombirdier|Flying
|move|p1a: Bombirdier|Acrobatics|p2a: Corviknight
|-resisted|p2a: Corviknight
|-damage|p2a: Corviknight|9/100
|-damage|p1a: Bombirdier|84/100|[from] item: Rocky Helmet|[of] p2a: Corviknight
|
|upkeep
|turn|15
|inactive|den of hay has 120 seconds left.
|
|t:|1760746200
|move|p1a: Bombirdier|Acrobatics|p2a: Corviknight
|-resisted|p2a: Corviknight
|-damage|p2a: Corviknight|0 fnt
|-damage|p1a: Bombirdier|68/100|[from] item: Rocky Helmet|[of] p2a: Corviknight
|faint|p2a: Corviknight
|
|upkeep
|
|t:|1760746204
|switch|p2a: Gliscor|Gliscor, F|38/100 tox
|turn|16
|
|t:|1760746211
|move|p2a: Gliscor|Protect|p2a: Gliscor
|-singleturn|p2a: Gliscor|Protect
|move|p1a: Bombirdier|Acrobatics|p2a: Gliscor
|-activate|p2a: Gliscor|move: Protect
|
|-heal|p2a: Gliscor|51/100 tox|[from] ability: Poison Heal
|upkeep
|turn|17
|
|t:|1760746227
|move|p1a: Bombirdier|Acrobatics|p2a: Gliscor
|-damage|p2a: Gliscor|17/100 tox
|move|p2a: Gliscor|Toxic|p1a: Bombirdier
|-status|p1a: Bombirdier|tox
|
|-damage|p1a: Bombirdier|62/100 tox|[from] psn
|-heal|p2a: Gliscor|30/100 tox|[from] ability: Poison Heal
|upkeep
|turn|18
|
|t:|1760746237
|move|p2a: Gliscor|Protect|p2a: Gliscor
|-singleturn|p2a: Gliscor|Protect
|move|p1a: Bombirdier|Acrobatics|p2a: Gliscor
|-activate|p2a: Gliscor|move: Protect
|
|-damage|p1a: Bombirdier|50/100 tox|[from] psn
|-heal|p2a: Gliscor|42/100 tox|[from] ability: Poison Heal
|upkeep
|turn|19
|
|t:|1760746257
|switch|p1a: Klawf|Klawf, F|100/100
|move|p2a: Gliscor|Substitute|p2a: Gliscor
|-start|p2a: Gliscor|Substitute
|-damage|p2a: Gliscor|17/100 tox
|
|-heal|p2a: Gliscor|30/100 tox|[from] ability: Poison Heal
|upkeep
|turn|20
|
|t:|1760746265
|move|p2a: Gliscor|Toxic|p1a: Klawf
|-status|p1a: Klawf|tox
|move|p1a: Klawf|Crabhammer|p2a: Gliscor
|-supereffective|p2a: Gliscor
|-end|p2a: Gliscor|Substitute
|
|-heal|p2a: Gliscor|42/100 tox|[from] ability: Poison Heal
|-damage|p1a: Klawf|94/100 tox|[from] psn
|upkeep
|turn|21
|
|t:|1760746277
|move|p2a: Gliscor|Protect|p2a: Gliscor
|-singleturn|p2a: Gliscor|Protect
|move|p1a: Klawf|Brick Break|p2a: Gliscor
|-activate|p2a: Gliscor|move: Protect
|
|-heal|p2a: Gliscor|55/100 tox|[from] ability: Poison Heal
|-damage|p1a: Klawf|82/100 tox|[from] psn
|upkeep
|turn|22
|
|t:|1760746291
|move|p2a: Gliscor|Substitute|p2a: Gliscor
|-start|p2a: Gliscor|Substitute
|-damage|p2a: Gliscor|30/100 tox
|move|p1a: Klawf|Crabhammer|p2a: Gliscor
|-supereffective|p2a: Gliscor
|-end|p2a: Gliscor|Substitute
|
|-heal|p2a: Gliscor|42/100 tox|[from] ability: Poison Heal
|-damage|p1a: Klawf|64/100 tox|[from] psn
|upkeep
|turn|23
|
|t:|1760746302
|move|p2a: Gliscor|Protect|p2a: Gliscor
|-singleturn|p2a: Gliscor|Protect
|move|p1a: Klawf|Ancient Power|p2a: Gliscor
|-activate|p2a: Gliscor|move: Protect
|
|-heal|p2a: Gliscor|55/100 tox|[from] ability: Poison Heal
|-damage|p1a: Klawf|39/100 tox|[from] psn
|upkeep
|turn|24
|inactive|den of hay has 120 seconds left.
|
|t:|1760746334
|move|p2a: Gliscor|Earthquake|p1a: Klawf
|-supereffective|p1a: Klawf
|-damage|p1a: Klawf|0 fnt
|faint|p1a: Klawf
|
|-heal|p2a: Gliscor|67/100 tox|[from] ability: Poison Heal
|upkeep
|
|t:|1760746347
|switch|p1a: Bombirdier|Bombirdier, F, tera:Flying|50/100 tox
|turn|25
|
|t:|1760746360
|move|p2a: Gliscor|Protect|p2a: Gliscor
|-singleturn|p2a: Gliscor|Protect
|move|p1a: Bombirdier|Rock Slide|p2a: Gliscor
|-activate|p2a: Gliscor|move: Protect
|
|-damage|p1a: Bombirdier|44/100 tox|[from] psn
|-heal|p2a: Gliscor|80/100 tox|[from] ability: Poison Heal
|upkeep
|turn|26
|
|t:|1760746369
|move|p1a: Bombirdier|Rock Slide|p2a: Gliscor
|-damage|p2a: Gliscor|50/100 tox
|move|p2a: Gliscor|Substitute|p2a: Gliscor
|-start|p2a: Gliscor|Substitute
|-damage|p2a: Gliscor|25/100 tox
|
|-damage|p1a: Bombirdier|31/100 tox|[from] psn
|-heal|p2a: Gliscor|37/100 tox|[from] ability: Poison Heal
|upkeep
|turn|27
|
|t:|1760746378
|move|p2a: Gliscor|Protect|p2a: Gliscor
|-singleturn|p2a: Gliscor|Protect
|move|p1a: Bombirdier|Rock Slide|p2a: Gliscor
|-activate|p2a: Gliscor|move: Protect
|
|-damage|p1a: Bombirdier|13/100 tox|[from] psn
|-heal|p2a: Gliscor|50/100 tox|[from] ability: Poison Heal
|upkeep
|turn|28
|
|t:|1760746393
|move|p1a: Bombirdier|Rock Slide|p2a: Gliscor
|-end|p2a: Gliscor|Substitute
|move|p2a: Gliscor|Substitute|p2a: Gliscor
|-start|p2a: Gliscor|Substitute
|-damage|p2a: Gliscor|25/100 tox
|
|-damage|p1a: Bombirdier|0 fnt|[from] psn
|faint|p1a: Bombirdier
|-heal|p2a: Gliscor|37/100 tox|[from] ability: Poison Heal
|upkeep
|
|t:|1760746416
|switch|p1a: Iron Treads|Iron Treads|100/100
|-enditem|p1a: Iron Treads|Booster Energy
|-activate|p1a: Iron Treads|ability: Quark Drive|[fromitem]
|-start|p1a: Iron Treads|quarkdrivespe
|turn|29
|
|t:|1760746426
|move|p1a: Iron Treads|Ice Spinner|p2a: Gliscor
|-supereffective|p2a: Gliscor
|-end|p2a: Gliscor|Substitute
|move|p2a: Gliscor|Earthquake|p1a: Iron Treads
|-supereffective|p1a: Iron Treads
|-damage|p1a: Iron Treads|44/100
|
|-heal|p2a: Gliscor|50/100 tox|[from] ability: Poison Heal
|upkeep
|turn|30
|inactive|den of hay has 120 seconds left.
|
|t:|1760746473
|move|p2a: Gliscor|Protect|p2a: Gliscor
|-singleturn|p2a: Gliscor|Protect
|move|p1a: Iron Treads|Ice Spinner|p2a: Gliscor
|-activate|p2a: Gliscor|move: Protect
|
|-heal|p2a: Gliscor|62/100 tox|[from] ability: Poison Heal
|upkeep
|turn|31
|
|t:|1760746486
|-terastallize|p2a: Gliscor|Fairy
|move|p1a: Iron Treads|Ice Spinner|p2a: Gliscor
|-damage|p2a: Gliscor|46/100 tox
|move|p2a: Gliscor|Earthquake|p1a: Iron Treads
|-supereffective|p1a: Iron Treads
|-damage|p1a: Iron Treads|0 fnt
|faint|p1a: Iron Treads
|-end|p1a: Iron Treads|Quark Drive|[silent]
|
|win|den of hay
|raw|Deku100%6's rating: 1128 &rarr; <strong>1104</strong><br />(-24 for losing)
|raw|den of hay's rating: 1136 &rarr; <strong>1160</strong><br />(+24 for winning)
|l|☆den of hay
|player|p2|
|l|☆Deku100%6
|player|p1|
