|j|☆monotyrant
|j|☆FearedStriker
|t:|1760740121
|gametype|singles
|player|p1|monotyrant|102|1220
|player|p2|FearedStriker|alder|1206
|gen|9
|tier|[Gen 9] OU
|rated|
|rule|HP Percentage Mod: HP is shown in percentages
|rule|Endless Battle Clause: Forcing endless battles is banned
|rule|Species Clause: Limit one of each Pokémon
|rule|OHKO Clause: OHKO moves are banned
|rule|Evasion Items Clause: Evasion items are banned
|rule|Evasion Moves Clause: Evasion moves are banned
|rule|Evasion Abilities Clause: Evasion abilities are banned
|rule|Sleep Moves Clause: Sleep-inducing moves are banned
|clearpoke
|poke|p1|Salamence, M|
|poke|p1|Goodra-Hisui, M|
|poke|p1|Vileplume, M|
|poke|p1|Falinks|
|poke|p1|Flamigo, M|
|poke|p1|Qwilfish, F|
|poke|p2|Grimmsnarl, M|
|poke|p2|Pecharunt|
|poke|p2|Blaziken, M|
|poke|p2|Inteleon, M|
|poke|p2|Zapdos|
|poke|p2|Dragapult, M|
|teampreview
|inactive|Battle timer is ON: inactive players will automatically lose when time's up. (requested by FearedStriker)
|inactive|FearedStriker has 120 seconds left.
|
|t:|1760740167
|teamsize|p1|6
|teamsize|p2|6
|start
|switch|p1a: Qwilfish|Qwilfish, F, shiny|100/100
|switch|p2a: Inteleon|Inteleon, M|100/100
|-ability|p1a: Qwilfish|Intimidate|boost
|-unboost|p2a: Inteleon|atk|1
|turn|1
|-activate|p1a: Qwilfish|item: Quick Claw
|
|t:|1760740178
|move|p1a: Qwilfish|Thunder Wave|p2a: Inteleon
|-status|p2a: Inteleon|par
|cant|p2a: Inteleon|par
|
|upkeep
|turn|2
|
|t:|1760740185
|switch|p2a: Zapdos|Zapdos|100/100
|move|p1a: Qwilfish|Flip Turn|p2a: Zapdos
|-damage|p2a: Zapdos|67/100
|
|t:|1760740191
|switch|p1a: Goodra|Goodra-Hisui, M, shiny|100/100|[from] Flip Turn
|
|upkeep
|turn|3
|inactive|FearedStriker has 120 seconds left.
|inactive|FearedStriker has 90 seconds left.
|inactive|FearedStriker has 60 seconds left.
|
|t:|1760740309
|switch|p2a: Inteleon|Inteleon, M|100/100 par
|move|p1a: Goodra|Gyro Ball|p2a: Inteleon
|-resisted|p2a: Inteleon
|-damage|p2a: Inteleon|83/100 par
|
|upkeep
|turn|4
|
|t:|1760740316
|move|p2a: Inteleon|Vacuum Wave|p1a: Goodra
|-supereffective|p1a: Goodra
|-damage|p1a: Goodra|83/100
|-damage|p2a: Inteleon|74/100 par|[from] item: Life Orb
|move|p1a: Goodra|Skitter Smack|p2a: Inteleon
|-damage|p2a: Inteleon|35/100 par
|-unboost|p2a: Inteleon|spa|1
|
|upkeep
|turn|5
|
|t:|1760740327
|move|p2a: Inteleon|Vacuum Wave|p1a: Goodra
|-supereffective|p1a: Goodra
|-damage|p1a: Goodra|70/100
|-damage|p2a: Inteleon|25/100 par|[from] item: Life Orb
|move|p1a: Goodra|Skitter Smack|p2a: Inteleon
|-damage|p2a: Inteleon|0 fnt
|faint|p2a: Inteleon
|
|upkeep
|
|t:|1760740335
|switch|p2a: Blaziken|Blaziken, M, shiny|100/100
|turn|6
|
|t:|1760740340
|switch|p1a: Salamence|Salamence, M, shiny|100/100
|-ability|p1a: Salamence|Intimidate|boost
|-unboost|p2a: Blaziken|atk|1
|move|p2a: Blaziken|Swords Dance|p2a: Blaziken
|-boost|p2a: Blaziken|atk|2
|
|-ability|p2a: Blaziken|Speed Boost|boost
|-boost|p2a: Blaziken|spe|1
|upkeep
|turn|7
|
|t:|1760740351
|switch|p2a: Zapdos|Zapdos|67/100
|switch|p1a: Qwilfish|Qwilfish, F, shiny|100/100
|-ability|p1a: Qwilfish|Intimidate|boost
|-unboost|p2a: Zapdos|atk|1
|
|upkeep
|turn|8
|
|t:|1760740358
|switch|p1a: Goodra|Goodra-Hisui, M, shiny|70/100
|move|p2a: Zapdos|Thunderbolt|p1a: Goodra
|-resisted|p1a: Goodra
|-damage|p1a: Goodra|60/100
|
|upkeep
|turn|9
|inactive|FearedStriker has 60 seconds left.
|
|t:|1760740368
|move|p2a: Zapdos|Heat Wave|p1a: Goodra
|-damage|p1a: Goodra|44/100
|move|p1a: Goodra|Gyro Ball|p2a: Zapdos
|-resisted|p2a: Zapdos
|-damage|p2a: Zapdos|44/100
|-status|p1a: Goodra|par|[from] ability: Static|[of] p2a: Zapdos
|
|upkeep
|turn|10
|inactive|FearedStriker has 60 seconds left.
|
|t:|1760740378
|switch|p2a: Pecharunt|Pecharunt|100/100
|move|p1a: Goodra|Stomping Tantrum|p2a: Pecharunt
|-supereffective|p2a: Pecharunt
|-damage|p2a: Pecharunt|63/100
|
|-heal|p2a: Pecharunt|69/100|[from] item: Leftovers
|upkeep
|turn|11
|
|t:|1760740397
|move|p2a: Pecharunt|Hex|p1a: Goodra
|-damage|p1a: Goodra|21/100 par
|move|p1a: Goodra|Stomping Tantrum|p2a: Pecharunt
|-supereffective|p2a: Pecharunt
|-damage|p2a: Pecharunt|37/100
|
|-heal|p2a: Pecharunt|43/100|[from] item: Leftovers
|upkeep
|turn|12
|inactive|FearedStriker has 60 seconds left.
|
|t:|1760740420
|switch|p1a: Falinks|Falinks, shiny|100/100
|move|p2a: Pecharunt|Hex|p1a: Falinks
|-damage|p1a: Falinks|51/100
|
|-heal|p2a: Pecharunt|49/100|[from] item: Leftovers
|upkeep
|turn|13
|inactive|FearedStriker has 60 seconds left.
|
|t:|1760740429
|move|p2a: Pecharunt|Hex|p1a: Falinks
|-damage|p1a: Falinks|1/100
|move|p1a: Falinks|Knock Off|p2a: Pecharunt
|-supereffective|p2a: Pecharunt
|-damage|p2a: Pecharunt|0 fnt
|-enditem|p2a: Pecharunt|Leftovers|[from] move: Knock Off|[of] p1a: Falinks
|faint|p2a: Pecharunt
|
|upkeep
|inactive|FearedStriker has 60 seconds left.
|
|t:|1760740438
|switch|p2a: Blaziken|Blaziken, M, shiny|100/100
|turn|14
|
|t:|1760740442
|switch|p1a: Qwilfish|Qwilfish, F, shiny|100/100
|-ability|p1a: Qwilfish|Intimidate|boost
|-unboost|p2a: Blaziken|atk|1
|move|p2a: Blaziken|Swords Dance|p2a: Blaziken
|-boost|p2a: Blaziken|atk|2
|
|-ability|p2a: Blaziken|Speed Boost|boost
|-boost|p2a: Blaziken|spe|1
|upkeep
|turn|15
|
|t:|1760740448
|switch|p1a: Salamence|Salamence, M, shiny|100/100
|-ability|p1a: Salamence|Intimidate|boost
|-unboost|p2a: Blaziken|atk|1
|-terastallize|p2a: Blaziken|Steel
|move|p2a: Blaziken|Swords Dance|p2a: Blaziken
|-boost|p2a: Blaziken|atk|2
|
|-ability|p2a: Blaziken|Speed Boost|boost
|-boost|p2a: Blaziken|spe|1
|upkeep
|turn|16
|
|t:|1760740461
|switch|p1a: Vileplume|Vileplume, M, shiny|100/100
|move|p2a: Blaziken|Endure||[still]
|-fail|p2a: Blaziken
|
|-ability|p2a: Blaziken|Speed Boost|boost
|-boost|p2a: Blaziken|spe|1
|upkeep
|turn|17
|
|t:|1760740471
|switch|p1a: Salamence|Salamence, M, shiny|100/100
|-ability|p1a: Salamence|Intimidate|boost
|-unboost|p2a: Blaziken|atk|1
|move|p2a: Blaziken|Temper Flare|p1a: Salamence
|-resisted|p1a: Salamence
|-damage|p1a: Salamence|52/100
|
|-ability|p2a: Blaziken|Speed Boost|boost
|-boost|p2a: Blaziken|spe|1
|upkeep
|turn|18
|inactive|FearedStriker has 90 seconds left.
|
|t:|1760740479
|move|p2a: Blaziken|Temper Flare|p1a: Salamence
|-resisted|p1a: Salamence
|-damage|p1a: Salamence|28/100
|move|p1a: Salamence|Roost|p1a: Salamence
|-heal|p1a: Salamence|79/100
|-singleturn|p1a: Salamence|move: Roost
|
|-ability|p2a: Blaziken|Speed Boost|boost
|-boost|p2a: Blaziken|spe|1
|upkeep
|turn|19
|
|t:|1760740486
|move|p2a: Blaziken|Swords Dance|p2a: Blaziken
|-boost|p2a: Blaziken|atk|2
|move|p1a: Salamence|Dragon Breath|p2a: Blaziken
|-resisted|p2a: Blaziken
|-damage|p2a: Blaziken|81/100
|-status|p2a: Blaziken|par
|
|-ability|p2a: Blaziken|Speed Boost|boost
|-boost|p2a: Blaziken|spe|1
|upkeep
|turn|20
|
|t:|1760740500
|switch|p1a: Qwilfish|Qwilfish, F, shiny|100/100
|-ability|p1a: Qwilfish|Intimidate|boost
|-unboost|p2a: Blaziken|atk|1
|cant|p2a: Blaziken|par
|
|upkeep
|turn|21
|
|t:|1760740506
|switch|p1a: Salamence|Salamence, M, shiny|79/100
|-ability|p1a: Salamence|Intimidate|boost
|-unboost|p2a: Blaziken|atk|1
|move|p2a: Blaziken|Temper Flare|p1a: Salamence
|-resisted|p1a: Salamence
|-damage|p1a: Salamence|33/100
|
|upkeep
|turn|22
|
|t:|1760740515
|switch|p1a: Qwilfish|Qwilfish, F, shiny|100/100
|-ability|p1a: Qwilfish|Intimidate|boost
|-unboost|p2a: Blaziken|atk|1
|move|p2a: Blaziken|Swords Dance|p2a: Blaziken
|-boost|p2a: Blaziken|atk|2
|
|upkeep
|turn|23
|-activate|p1a: Qwilfish|item: Quick Claw
|
|t:|1760740522
|move|p1a: Qwilfish|Destiny Bond|p1a: Qwilfish
|-singlemove|p1a: Qwilfish|Destiny Bond
|move|p2a: Blaziken|Swords Dance|p2a: Blaziken
|-boost|p2a: Blaziken|atk|2
|
|upkeep
|turn|24
|-activate|p1a: Qwilfish|item: Quick Claw
|
|t:|1760740531
|move|p1a: Qwilfish|Flip Turn|p2a: Blaziken
|-damage|p2a: Blaziken|42/100 par
|
|t:|1760740538
|switch|p1a: Falinks|Falinks, shiny|1/100|[from] Flip Turn
|move|p2a: Blaziken|Temper Flare|p1a: Falinks
|-damage|p1a: Falinks|0 fnt
|faint|p1a: Falinks
|
|upkeep
|
|t:|1760740554
|switch|p1a: Salamence|Salamence, M, shiny|33/100
|-ability|p1a: Salamence|Intimidate|boost
|-unboost|p2a: Blaziken|atk|1
|turn|25
|
|t:|1760740562
|switch|p1a: Qwilfish|Qwilfish, F, shiny|100/100
|-ability|p1a: Qwilfish|Intimidate|boost
|-unboost|p2a: Blaziken|atk|1
|move|p2a: Blaziken|Temper Flare|p1a: Qwilfish
|-resisted|p1a: Qwilfish
|-damage|p1a: Qwilfish|62/100
|
|upkeep
|turn|26
|
|t:|1760740572
|move|p2a: Blaziken|Swords Dance|p2a: Blaziken
|-boost|p2a: Blaziken|atk|2
|move|p1a: Qwilfish|Destiny Bond|p1a: Qwilfish
|-singlemove|p1a: Qwilfish|Destiny Bond
|
|upkeep
|turn|27
|
|t:|1760740578
|cant|p2a: Blaziken|par
|move|p1a: Qwilfish|Flip Turn|p2a: Blaziken
|-damage|p2a: Blaziken|6/100 par
|
|t:|1760740582
|switch|p1a: Salamence|Salamence, M, shiny|33/100|[from] Flip Turn
|-ability|p1a: Salamence|Intimidate|boost
|-unboost|p2a: Blaziken|atk|1
|
|upkeep
|turn|28
|
|t:|1760740587
|switch|p1a: Qwilfish|Qwilfish, F, shiny|62/100
|-ability|p1a: Qwilfish|Intimidate|boost
|-unboost|p2a: Blaziken|atk|1
|move|p2a: Blaziken|Temper Flare|p1a: Qwilfish
|-resisted|p1a: Qwilfish
|-damage|p1a: Qwilfish|0 fnt
|faint|p1a: Qwilfish
|
|upkeep
|
|t:|1760740594
|switch|p1a: Salamence|Salamence, M, shiny|33/100
|-ability|p1a: Salamence|Intimidate|boost
|-unboost|p2a: Blaziken|atk|1
|turn|29
|
|t:|1760740598
|move|p2a: Blaziken|Temper Flare|p1a: Salamence
|-resisted|p1a: Salamence
|-damage|p1a: Salamence|12/100
|move|p1a: Salamence|Roost|p1a: Salamence
|-heal|p1a: Salamence|62/100
|-singleturn|p1a: Salamence|move: Roost
|
|upkeep
|turn|30
|
|t:|1760740605
|cant|p2a: Blaziken|par
|move|p1a: Salamence|Dragon Breath|p2a: Blaziken
|-resisted|p2a: Blaziken
|-damage|p2a: Blaziken|0 fnt
|faint|p2a: Blaziken
|
|upkeep
|
|t:|1760740610
|switch|p2a: Grimmsnarl|Grimmsnarl, M, shiny|100/100
|turn|31
|
|t:|1760740617
|switch|p1a: Vileplume|Vileplume, M, shiny|100/100
|move|p2a: Grimmsnarl|Light Screen|p2a: Grimmsnarl
|-sidestart|p2: FearedStriker|move: Light Screen
|
|upkeep
|turn|32
|
|t:|1760740625
|move|p2a: Grimmsnarl|Parting Shot|p1a: Vileplume
|-unboost|p1a: Vileplume|atk|1
|-unboost|p1a: Vileplume|spa|1
|
|t:|1760740628
|switch|p2a: Zapdos|Zapdos|44/100|[from] Parting Shot
|move|p1a: Vileplume|Sludge Bomb|p2a: Zapdos
|-damage|p2a: Zapdos|30/100
|-status|p2a: Zapdos|psn
|
|-damage|p2a: Zapdos|17/100 psn|[from] psn
|upkeep
|turn|33
|
|t:|1760740634
|move|p2a: Zapdos|Heat Wave|p1a: Vileplume|[miss]
|-miss|p2a: Zapdos|p1a: Vileplume
|move|p1a: Vileplume|Leech Seed|p2a: Zapdos
|-start|p2a: Zapdos|move: Leech Seed
|
|-damage|p2a: Zapdos|5/100 psn|[from] Leech Seed|[of] p1a: Vileplume
|-damage|p2a: Zapdos|0 fnt|[from] psn
|faint|p2a: Zapdos
|upkeep
|
|t:|1760740637
|switch|p2a: Dragapult|Dragapult, M|100/100
|turn|34
|
|t:|1760740647
|move|p2a: Dragapult|Will-O-Wisp|p1a: Vileplume
|-status|p1a: Vileplume|brn
|move|p1a: Vileplume|Leech Seed|p2a: Dragapult
|-start|p2a: Dragapult|move: Leech Seed
|
|-damage|p2a: Dragapult|88/100|[from] Leech Seed|[of] p1a: Vileplume
|-damage|p1a: Vileplume|94/100 brn|[from] brn
|upkeep
|turn|35
|
|t:|1760740659
|switch|p1a: Goodra|Goodra-Hisui, M, shiny|21/100 par
|move|p2a: Dragapult|Hex|p1a: Goodra
|-damage|p1a: Goodra|0 fnt
|faint|p1a: Goodra
|
|upkeep
|
|t:|1760740667
|switch|p1a: Flamigo|Flamigo, M, shiny|100/100
|turn|36
|
|t:|1760740674
|move|p1a: Flamigo|Close Combat|p2a: Dragapult
|-damage|p2a: Dragapult|4/100
|-unboost|p1a: Flamigo|def|1
|-unboost|p1a: Flamigo|spd|1
|move|p2a: Dragapult|Will-O-Wisp|p1a: Flamigo|[miss]
|-miss|p2a: Dragapult|p1a: Flamigo
|
|-damage|p2a: Dragapult|0 fnt|[from] Leech Seed|[of] p1a: Flamigo
|faint|p2a: Dragapult
|upkeep
|
|t:|1760740681
|switch|p2a: Grimmsnarl|Grimmsnarl, M, shiny|100/100
|turn|37
|
|t:|1760740685
|switch|p1a: Vileplume|Vileplume, M, shiny|94/100 brn
|move|p2a: Grimmsnarl|Reflect|p2a: Grimmsnarl
|-sidestart|p2: FearedStriker|Reflect
|
|-damage|p1a: Vileplume|88/100 brn|[from] brn
|upkeep
|turn|38
|
|t:|1760740690
|move|p2a: Grimmsnarl|Spirit Break|p1a: Vileplume
|-resisted|p1a: Vileplume
|-damage|p1a: Vileplume|74/100 brn
|-unboost|p1a: Vileplume|spa|1
|-damage|p2a: Grimmsnarl|84/100|[from] item: Rocky Helmet|[of] p1a: Vileplume
|move|p1a: Vileplume|Leech Seed|p2a: Grimmsnarl
|-start|p2a: Grimmsnarl|move: Leech Seed
|
|-damage|p2a: Grimmsnarl|72/100|[from] Leech Seed|[of] p1a: Vileplume
|-heal|p1a: Vileplume|86/100 brn|[silent]
|-damage|p1a: Vileplume|80/100 brn|[from] brn
|-sideend|p2: FearedStriker|move: Light Screen
|upkeep
|turn|39
|-message|FearedStriker forfeited.
|
|win|monotyrant
|raw|monotyrant's rating: 1220 &rarr; <strong>1244</strong><br />(+24 for winning)
|raw|FearedStriker's rating: 1206 &rarr; <strong>1182</strong><br />(-24 for losing)
|l|☆FearedStriker
|player|p2|
