|j|☆IguanaKing12
|j|☆Narichi537
|t:|1760761572
|gametype|singles
|player|p1|IguanaKing12|1|1172
|player|p2|Narichi537|swimmer-gen4dp|1155
|gen|9
|tier|[Gen 9] OU
|rated|
|rule|HP Percentage Mod: HP is shown in percentages
|rule|Endless Battle Clause: Forcing endless battles is banned
|rule|Species Clause: Limit one of each Pokémon
|rule|OHKO Clause: OHKO moves are banned
|rule|Evasion Items Clause: Evasion items are banned
|rule|Evasion Moves Clause: Evasion moves are banned
|rule|Evasion Abilities Clause: Evasion abilities are banned
|rule|Sleep Moves Clause: Sleep-inducing moves are banned
|clearpoke
|poke|p1|Ludicolo, M|
|poke|p1|Jirachi|
|poke|p1|Zamazenta-*|
|poke|p1|Goodra, F|
|poke|p1|Overqwil, M|
|poke|p1|Thundurus, M|
|poke|p2|Iron Treads|
|poke|p2|Darkrai|
|poke|p2|Sylveon, M|
|poke|p2|Slowking, M|
|poke|p2|Meowscarada, F|
|poke|p2|Garchomp, M|
|teampreview
|
|t:|1760761600
|teamsize|p1|6
|teamsize|p2|6
|start
|switch|p1a: Zamazenta|Zamazenta|100/100
|switch|p2a: Garchomp|Garchomp, M|100/100
|-ability|p1a: Zamazenta|Dauntless Shield|boost
|-boost|p1a: Zamazenta|def|1
|turn|1
|
|t:|1760761614
|move|p1a: Zamazenta|Reflect|p1a: Zamazenta
|-sidestart|p1: IguanaKing12|Reflect
|move|p2a: Garchomp|Stealth Rock|p1a: Zamazenta
|-sidestart|p1: IguanaKing12|move: Stealth Rock
|
|upkeep
|turn|2
|
|t:|1760761655
|switch|p1a: Thundurus|Thundurus, M|100/100
|-damage|p1a: Thundurus|76/100|[from] Stealth Rock
|move|p2a: Garchomp|Spikes|p1a: Thundurus
|-sidestart|p1: IguanaKing12|Spikes
|
|upkeep
|turn|3
|
|t:|1760761666
|move|p1a: Thundurus|Rain Dance|p1a: Thundurus
|-weather|RainDance
|move|p2a: Garchomp|Dragon Tail|p1a: Thundurus
|-damage|p1a: Thundurus|59/100
|drag|p1a: Jirachi|Jirachi|100/100
|-damage|p1a: Jirachi|94/100|[from] Stealth Rock
|-damage|p1a: Jirachi|82/100|[from] Spikes
|
|-weather|RainDance|[upkeep]
|upkeep
|turn|4
|
|t:|1760761681
|switch|p1a: Ludicolo|Ludicolo, M|100/100
|-damage|p1a: Ludicolo|88/100|[from] Stealth Rock
|-damage|p1a: Ludicolo|76/100|[from] Spikes
|move|p2a: Garchomp|Spikes|p1a: Ludicolo
|-sidestart|p1: IguanaKing12|Spikes
|
|-weather|RainDance|[upkeep]
|upkeep
|turn|5
|
|t:|1760761690
|switch|p2a: Slowking|Slowking, M|100/100
|move|p1a: Ludicolo|Ice Beam|p2a: Slowking
|-resisted|p2a: Slowking
|-damage|p2a: Slowking|93/100
|
|-weather|RainDance|[upkeep]
|upkeep
|turn|6
|
|t:|1760761711
|-terastallize|p1a: Ludicolo|Water
|move|p1a: Ludicolo|Weather Ball|p2a: Slowking
|-resisted|p2a: Slowking
|-damage|p2a: Slowking|63/100
|-prepare|p2a: Slowking|Chilly Reception|[premajor]
|move|p2a: Slowking|Chilly Reception|p2a: Slowking
|-weather|Snowscape
|
|t:|1760761732
|switch|p2a: Sylveon|Sylveon, M|100/100|[from] Chilly Reception
|
|-weather|Snowscape|[upkeep]
|upkeep
|turn|7
|
|t:|1760761742
|move|p1a: Ludicolo|Rain Dance|p1a: Ludicolo
|-weather|RainDance
|move|p2a: Sylveon|Hyper Voice|p1a: Ludicolo
|-damage|p1a: Ludicolo|37/100
|-enditem|p1a: Ludicolo|Sitrus Berry|[eat]
|-heal|p1a: Ludicolo|62/100|[from] item: Sitrus Berry
|
|-weather|RainDance|[upkeep]
|upkeep
|turn|8
|
|t:|1760761749
|move|p2a: Sylveon|Protect|p2a: Sylveon
|-singleturn|p2a: Sylveon|Protect
|move|p1a: Ludicolo|Weather Ball|p2a: Sylveon
|-activate|p2a: Sylveon|move: Protect
|
|-weather|RainDance|[upkeep]
|-sideend|p1: IguanaKing12|Reflect
|upkeep
|turn|9
|
|t:|1760761756
|move|p1a: Ludicolo|Weather Ball|p2a: Sylveon
|-damage|p2a: Sylveon|43/100
|move|p2a: Sylveon|Hyper Voice|p1a: Ludicolo
|-damage|p1a: Ludicolo|23/100
|
|-weather|RainDance|[upkeep]
|-heal|p2a: Sylveon|49/100|[from] item: Leftovers
|upkeep
|turn|10
|
|t:|1760761776
|move|p2a: Sylveon|Protect|p2a: Sylveon
|-singleturn|p2a: Sylveon|Protect
|move|p1a: Ludicolo|Weather Ball|p2a: Sylveon
|-activate|p2a: Sylveon|move: Protect
|
|-weather|RainDance|[upkeep]
|-heal|p2a: Sylveon|55/100|[from] item: Leftovers
|upkeep
|turn|11
|
|t:|1760761797
|switch|p2a: Meowscarada|Meowscarada, F|100/100
|move|p1a: Ludicolo|Weather Ball|p2a: Meowscarada
|-resisted|p2a: Meowscarada
|-damage|p2a: Meowscarada|33/100
|
|-weather|none
|upkeep
|turn|12
|
|t:|1760761804
|switch|p2a: Iron Treads|Iron Treads|100/100
|-item|p2a: Iron Treads|Air Balloon
|move|p1a: Ludicolo|Ice Beam|p2a: Iron Treads
|-damage|p2a: Iron Treads|65/100
|-enditem|p2a: Iron Treads|Air Balloon
|
|upkeep
|turn|13
|
|t:|1760761812
|move|p2a: Iron Treads|Knock Off|p1a: Ludicolo
|-damage|p1a: Ludicolo|0 fnt
|faint|p1a: Ludicolo
|
|upkeep
|
|t:|1760761819
|switch|p1a: Zamazenta|Zamazenta|100/100
|-damage|p1a: Zamazenta|94/100|[from] Stealth Rock
|-damage|p1a: Zamazenta|78/100|[from] Spikes
|turn|14
|c|☆Narichi537|misclicked the switch xD
|
|t:|1760761825
|move|p1a: Zamazenta|Close Combat|p2a: Iron Treads
|-supereffective|p2a: Iron Treads
|-damage|p2a: Iron Treads|0 fnt
|-unboost|p1a: Zamazenta|def|1
|-unboost|p1a: Zamazenta|spd|1
|faint|p2a: Iron Treads
|-end|p2a: Iron Treads|Quark Drive|[silent]
|
|upkeep
|
|t:|1760761833
|switch|p2a: Garchomp|Garchomp, M|100/100
|turn|15
|
|t:|1760761839
|move|p1a: Zamazenta|Reflect|p1a: Zamazenta
|-sidestart|p1: IguanaKing12|Reflect
|move|p2a: Garchomp|Spikes|p1a: Zamazenta
|-sidestart|p1: IguanaKing12|Spikes
|
|upkeep
|turn|16
|
|t:|1760761844
|move|p1a: Zamazenta|Light Screen|p1a: Zamazenta
|-sidestart|p1: IguanaKing12|move: Light Screen
|move|p2a: Garchomp|Dragon Tail|p1a: Zamazenta
|-crit|p1a: Zamazenta
|-damage|p1a: Zamazenta|27/100
|drag|p1a: Overqwil|Overqwil, M|100/100
|-damage|p1a: Overqwil|88/100|[from] Stealth Rock
|-damage|p1a: Overqwil|64/100|[from] Spikes
|
|upkeep
|turn|17
|
|t:|1760761860
|move|p1a: Overqwil|Swords Dance|p1a: Overqwil
|-boost|p1a: Overqwil|atk|2
|move|p2a: Garchomp|Dragon Tail|p1a: Overqwil
|-damage|p1a: Overqwil|49/100
|drag|p1a: Thundurus|Thundurus, M|59/100
|-damage|p1a: Thundurus|34/100|[from] Stealth Rock
|
|upkeep
|turn|18
|
|t:|1760761868
|move|p1a: Thundurus|Rain Dance|p1a: Thundurus
|-weather|RainDance
|move|p2a: Garchomp|Dragon Tail|p1a: Thundurus
|-damage|p1a: Thundurus|19/100
|drag|p1a: Zamazenta|Zamazenta|27/100
|-damage|p1a: Zamazenta|21/100|[from] Stealth Rock
|-damage|p1a: Zamazenta|0 fnt|[from] Spikes
|faint|p1a: Zamazenta
|
|-weather|RainDance|[upkeep]
|upkeep
|
|t:|1760761889
|switch|p1a: Overqwil|Overqwil, M|49/100
|-damage|p1a: Overqwil|37/100|[from] Stealth Rock
|-damage|p1a: Overqwil|12/100|[from] Spikes
|turn|19
|
|t:|1760761899
|move|p1a: Overqwil|Liquidation|p2a: Garchomp
|-damage|p2a: Garchomp|71/100
|-damage|p1a: Overqwil|0 fnt|[from] ability: Rough Skin|[of] p2a: Garchomp
|faint|p1a: Overqwil
|move|p2a: Garchomp|Dragon Tail|p1: Overqwil|[notarget]
|-fail|p2a: Garchomp
|
|-weather|RainDance|[upkeep]
|upkeep
|
|t:|1760761907
|switch|p1a: Goodra|Goodra, F|100/100
|-damage|p1a: Goodra|88/100|[from] Stealth Rock
|-damage|p1a: Goodra|63/100|[from] Spikes
|turn|20
|
|t:|1760761912
|move|p1a: Goodra|Draco Meteor|p2a: Garchomp
|-supereffective|p2a: Garchomp
|-damage|p2a: Garchomp|0 fnt
|-unboost|p1a: Goodra|spa|2
|faint|p2a: Garchomp
|
|-weather|RainDance|[upkeep]
|upkeep
|
|t:|1760761918
|switch|p2a: Sylveon|Sylveon, M|55/100
|turn|21
|
|t:|1760761924
|switch|p1a: Thundurus|Thundurus, M|19/100
|-damage|p1a: Thundurus|0 fnt|[from] Stealth Rock
|faint|p1a: Thundurus
|move|p2a: Sylveon|Wish|p2a: Sylveon
|
|-weather|RainDance|[upkeep]
|-heal|p2a: Sylveon|61/100|[from] item: Leftovers
|upkeep
|
|t:|1760761928
|switch|p1a: Jirachi|Jirachi|82/100
|-damage|p1a: Jirachi|76/100|[from] Stealth Rock
|-damage|p1a: Jirachi|51/100|[from] Spikes
|turn|22
|
|t:|1760761941
|move|p2a: Sylveon|Protect|p2a: Sylveon
|-singleturn|p2a: Sylveon|Protect
|move|p1a: Jirachi|Wish|p1a: Jirachi
|
|-weather|RainDance|[upkeep]
|-heal|p2a: Sylveon|100/100|[from] move: Wish|[wisher] Sylveon
|-sideend|p1: IguanaKing12|Reflect
|upkeep
|turn|23
|
|t:|1760761951
|switch|p2a: Meowscarada|Meowscarada, F|33/100
|move|p1a: Jirachi|Cosmic Power|p1a: Jirachi
|-boost|p1a: Jirachi|def|1
|-boost|p1a: Jirachi|spd|1
|
|-weather|RainDance|[upkeep]
|-heal|p1a: Jirachi|100/100|[from] move: Wish|[wisher] Jirachi
|-sideend|p1: IguanaKing12|move: Light Screen
|upkeep
|turn|24
|
|t:|1760761962
|move|p2a: Meowscarada|Knock Off|p1a: Jirachi
|-start|p2a: Meowscarada|typechange|Dark|[from] ability: Protean
|-supereffective|p1a: Jirachi
|-damage|p1a: Jirachi|19/100
|-enditem|p1a: Jirachi|Weakness Policy
|-boost|p1a: Jirachi|atk|2|[from] item: Weakness Policy
|-boost|p1a: Jirachi|spa|2|[from] item: Weakness Policy
|move|p1a: Jirachi|Iron Head|p2a: Meowscarada
|-damage|p2a: Meowscarada|0 fnt
|faint|p2a: Meowscarada
|
|-weather|RainDance|[upkeep]
|upkeep
|
|t:|1760761972
|switch|p2a: Darkrai|Darkrai|100/100
|turn|25
|
|t:|1760761975
|move|p2a: Darkrai|Dark Pulse|p1a: Jirachi
|-supereffective|p1a: Jirachi
|-damage|p1a: Jirachi|0 fnt
|faint|p1a: Jirachi
|
|-weather|none
|upkeep
|
|t:|1760761978
|switch|p1a: Goodra|Goodra, F|63/100
|-damage|p1a: Goodra|51/100|[from] Stealth Rock
|-damage|p1a: Goodra|26/100|[from] Spikes
|turn|26
|
|t:|1760761989
|move|p2a: Darkrai|Dark Pulse|p1a: Goodra
|-damage|p1a: Goodra|0 fnt
|faint|p1a: Goodra
|
|win|Narichi537
|raw|IguanaKing12's rating: 1172 &rarr; <strong>1146</strong><br />(-26 for losing)
|raw|Narichi537's rating: 1155 &rarr; <strong>1181</strong><br />(+26 for winning)
|l|☆IguanaKing12
|player|p1|
|l|☆Narichi537
|player|p2|
