|badge|p1|bronze|gen9ou|100-7
|uhtml|medal-msg|<div class="broadcast-blue">Curious what those medals under the avatar are? PS now has Ladder Seasons! For more information, check out the <a href="https://www.smogon.com/forums/threads/3740067/">thread on Smogon.</a></div>
|j|☆icebeamprodigy
|j|☆Trainer #39
|t:|1760804948
|gametype|singles
|player|p1|icebeamprodigy|266|1863
|player|p2|Trainer #39|bugsy|1800
|gen|9
|tier|[Gen 9] OU
|rated|
|rule|HP Percentage Mod: HP is shown in percentages
|rule|Endless Battle Clause: Forcing endless battles is banned
|rule|Species Clause: Limit one of each Pokémon
|rule|OHKO Clause: OHKO moves are banned
|rule|Evasion Items Clause: Evasion items are banned
|rule|Evasion Moves Clause: Evasion moves are banned
|rule|Evasion Abilities Clause: Evasion abilities are banned
|rule|Sleep Moves Clause: Sleep-inducing moves are banned
|clearpoke
|poke|p1|Pelipper, M|
|poke|p1|Barraskewda, M|
|poke|p1|Zapdos|
|poke|p1|Iron Treads|
|poke|p1|Ogerpon-Wellspring, F|
|poke|p1|Keldeo|
|poke|p2|Blissey, F|
|poke|p2|Corviknight, M|
|poke|p2|Dondozo, M|
|poke|p2|Gliscor, M|
|poke|p2|Clefable, M|
|poke|p2|Slowking-Galar, M|
|teampreview
|
|t:|1760804979
|teamsize|p1|6
|teamsize|p2|6
|start
|switch|p1a: Zapdos|Zapdos|100/100
|switch|p2a: 🇮🇱=stop genocide|Gliscor, M|100/100
|turn|1
|
|t:|1760804983
|-terastallize|p1a: Zapdos|Flying
|move|p2a: 🇮🇱=stop genocide|Protect|p2a: 🇮🇱=stop genocide
|-singleturn|p2a: 🇮🇱=stop genocide|Protect
|move|p1a: Zapdos|Hurricane|p2a: 🇮🇱=stop genocide
|-activate|p2a: 🇮🇱=stop genocide|move: Protect
|
|-status|p2a: 🇮🇱=stop genocide|tox|[from] item: Toxic Orb
|upkeep
|turn|2
|
|t:|1760804990
|switch|p1a: Pelipper|Pelipper, M|100/100
|-weather|RainDance|[from] ability: Drizzle|[of] p1a: Pelipper
|switch|p2a: LeJ/ovni/la lettre|Slowking-Galar, M|100/100
|
|-weather|RainDance|[upkeep]
|upkeep
|turn|3
|
|t:|1760804995
|move|p2a: LeJ/ovni/la lettre|Trick|p1a: Pelipper
|-activate|p2a: LeJ/ovni/la lettre|move: Trick|[of] p1a: Pelipper
|-item|p1a: Pelipper|Choice Scarf|[from] move: Trick
|-item|p2a: LeJ/ovni/la lettre|Damp Rock|[from] move: Trick
|move|p1a: Pelipper|U-turn|p2a: LeJ/ovni/la lettre
|-damage|p2a: LeJ/ovni/la lettre|90/100
|
|t:|1760805000
|switch|p1a: Ogerpon|Ogerpon-Wellspring, F|100/100|[from] U-turn
|
|-weather|RainDance|[upkeep]
|upkeep
|turn|4
|
|t:|1760805005
|switch|p2a: 808 and curses|Dondozo, M|100/100
|move|p1a: Ogerpon|Ivy Cudgel|p2a: 808 and curses|[anim] Ivy Cudgel Water
|-resisted|p2a: 808 and curses
|-damage|p2a: 808 and curses|80/100
|
|-weather|RainDance|[upkeep]
|-heal|p2a: 808 and curses|86/100|[from] item: Leftovers
|upkeep
|turn|5
|
|t:|1760805007
|switch|p2a: Charlie Kirk: idc|Corviknight, M|100/100
|-ability|p2a: Charlie Kirk: idc|Pressure
|move|p1a: Ogerpon|Power Whip|p2a: Charlie Kirk: idc
|-resisted|p2a: Charlie Kirk: idc
|-damage|p2a: Charlie Kirk: idc|90/100
|-damage|p1a: Ogerpon|84/100|[from] item: Rocky Helmet|[of] p2a: Charlie Kirk: idc
|
|-weather|RainDance|[upkeep]
|upkeep
|turn|6
|
|t:|1760805011
|move|p1a: Ogerpon|Ivy Cudgel|p2a: Charlie Kirk: idc|[anim] Ivy Cudgel Water
|-damage|p2a: Charlie Kirk: idc|35/100
|move|p2a: Charlie Kirk: idc|Brave Bird|p1a: Ogerpon
|-supereffective|p1a: Ogerpon
|-damage|p1a: Ogerpon|0 fnt
|faint|p1a: Ogerpon
|-damage|p2a: Charlie Kirk: idc|15/100|[from] Recoil
|
|-weather|RainDance|[upkeep]
|upkeep
|
|t:|1760805018
|switch|p1a: Zapdos|Zapdos, tera:Flying|100/100
|turn|7
|
|t:|1760805022
|switch|p2a: LeJ/ovni/la lettre|Slowking-Galar, M|100/100
|move|p1a: Zapdos|Volt Switch|p2a: LeJ/ovni/la lettre
|-damage|p2a: LeJ/ovni/la lettre|59/100
|
|t:|1760805025
|switch|p1a: Keldeo|Keldeo|100/100|[from] Volt Switch
|
|-weather|RainDance|[upkeep]
|upkeep
|turn|8
|
|t:|1760805028
|switch|p2a: Charli xcx|Clefable, M|100/100
|move|p1a: Keldeo|Surf|p2a: Charli xcx
|-damage|p2a: Charli xcx|33/100
|
|-weather|RainDance|[upkeep]
|upkeep
|turn|9
|
|t:|1760805031
|move|p2a: Charli xcx|Protect|p2a: Charli xcx
|-singleturn|p2a: Charli xcx|Protect
|move|p1a: Keldeo|Surf|p2a: Charli xcx
|-activate|p2a: Charli xcx|move: Protect
|
|-weather|none
|upkeep
|turn|10
|
|t:|1760805036
|switch|p1a: Pelipper|Pelipper, M|100/100
|-weather|RainDance|[from] ability: Drizzle|[of] p1a: Pelipper
|switch|p2a: LeJ/ovni/la lettre|Slowking-Galar, M|92/100
|
|-weather|RainDance|[upkeep]
|upkeep
|turn|11
|
|t:|1760805041
|move|p1a: Pelipper|U-turn|p2a: LeJ/ovni/la lettre
|-damage|p2a: LeJ/ovni/la lettre|82/100
|
|t:|1760805044
|switch|p1a: Iron Treads|Iron Treads|100/100|[from] U-turn
|move|p2a: LeJ/ovni/la lettre|Trick|p1a: Iron Treads
|-activate|p2a: LeJ/ovni/la lettre|move: Trick|[of] p1a: Iron Treads
|-item|p1a: Iron Treads|Damp Rock|[from] move: Trick
|-item|p2a: LeJ/ovni/la lettre|Eject Button|[from] move: Trick
|
|-weather|RainDance|[upkeep]
|upkeep
|turn|12
|
|t:|1760805051
|switch|p2a: Charlie Kirk: idc|Corviknight, M|15/100
|-ability|p2a: Charlie Kirk: idc|Pressure
|move|p1a: Iron Treads|Knock Off|p2a: Charlie Kirk: idc
|-damage|p2a: Charlie Kirk: idc|1/100
|-damage|p1a: Iron Treads|84/100|[from] item: Rocky Helmet|[of] p2a: Charlie Kirk: idc
|-enditem|p2a: Charlie Kirk: idc|Rocky Helmet|[from] move: Knock Off|[of] p1a: Iron Treads
|
|-weather|RainDance|[upkeep]
|upkeep
|turn|13
|
|t:|1760805054
|move|p1a: Iron Treads|Knock Off|p2a: Charlie Kirk: idc
|-damage|p2a: Charlie Kirk: idc|0 fnt
|faint|p2a: Charlie Kirk: idc
|
|-weather|RainDance|[upkeep]
|upkeep
|
|t:|1760805056
|switch|p2a: 🇮🇱=stop genocide|Gliscor, M|100/100 tox
|turn|14
|
|t:|1760805059
|move|p1a: Iron Treads|Stealth Rock|p2a: 🇮🇱=stop genocide
|-sidestart|p2: Trainer #39|move: Stealth Rock
|move|p2a: 🇮🇱=stop genocide|Earthquake|p1a: Iron Treads
|-supereffective|p1a: Iron Treads
|-damage|p1a: Iron Treads|38/100
|
|-weather|none
|upkeep
|turn|15
|
|t:|1760805065
|-end|p1a: Iron Treads|Quark Drive|[silent]
|switch|p1a: Pelipper|Pelipper, M|100/100
|-weather|RainDance|[from] ability: Drizzle|[of] p1a: Pelipper
|move|p2a: 🇮🇱=stop genocide|Substitute|p2a: 🇮🇱=stop genocide
|-start|p2a: 🇮🇱=stop genocide|Substitute
|-damage|p2a: 🇮🇱=stop genocide|76/100 tox
|
|-weather|RainDance|[upkeep]
|-heal|p2a: 🇮🇱=stop genocide|88/100 tox|[from] ability: Poison Heal
|upkeep
|turn|16
|
|t:|1760805074
|switch|p1a: Barraskewda|Barraskewda, M|100/100
|move|p2a: 🇮🇱=stop genocide|Toxic|p1a: Barraskewda|[miss]
|-miss|p2a: 🇮🇱=stop genocide|p1a: Barraskewda
|
|-weather|RainDance|[upkeep]
|-heal|p2a: 🇮🇱=stop genocide|100/100 tox|[from] ability: Poison Heal
|upkeep
|turn|17
|
|t:|1760805079
|move|p2a: 🇮🇱=stop genocide|Protect|p2a: 🇮🇱=stop genocide
|-singleturn|p2a: 🇮🇱=stop genocide|Protect
|move|p1a: Barraskewda|Flip Turn|p2a: 🇮🇱=stop genocide
|-activate|p2a: 🇮🇱=stop genocide|move: Protect
|
|-weather|RainDance|[upkeep]
|upkeep
|turn|18
|
|t:|1760805083
|move|p1a: Barraskewda|Flip Turn|p2a: 🇮🇱=stop genocide
|-supereffective|p2a: 🇮🇱=stop genocide
|-crit|p2a: 🇮🇱=stop genocide
|-end|p2a: 🇮🇱=stop genocide|Substitute
|
|t:|1760805086
|switch|p1a: Keldeo|Keldeo|100/100|[from] Flip Turn
|move|p2a: 🇮🇱=stop genocide|Substitute|p2a: 🇮🇱=stop genocide
|-start|p2a: 🇮🇱=stop genocide|Substitute
|-damage|p2a: 🇮🇱=stop genocide|76/100 tox
|
|-weather|RainDance|[upkeep]
|-heal|p2a: 🇮🇱=stop genocide|88/100 tox|[from] ability: Poison Heal
|upkeep
|turn|19
|
|t:|1760805089
|move|p1a: Keldeo|Flip Turn|p2a: 🇮🇱=stop genocide
|-supereffective|p2a: 🇮🇱=stop genocide
|-end|p2a: 🇮🇱=stop genocide|Substitute
|
|t:|1760805095
|switch|p1a: Iron Treads|Iron Treads|38/100|[from] Flip Turn
|move|p2a: 🇮🇱=stop genocide|Toxic|p1a: Iron Treads
|-immune|p1a: Iron Treads
|
|-weather|none
|-heal|p2a: 🇮🇱=stop genocide|100/100 tox|[from] ability: Poison Heal
|upkeep
|turn|20
|
|t:|1760805101
|-end|p1a: Iron Treads|Quark Drive|[silent]
|switch|p1a: Pelipper|Pelipper, M|100/100
|-weather|RainDance|[from] ability: Drizzle|[of] p1a: Pelipper
|move|p2a: 🇮🇱=stop genocide|Substitute|p2a: 🇮🇱=stop genocide
|-start|p2a: 🇮🇱=stop genocide|Substitute
|-damage|p2a: 🇮🇱=stop genocide|76/100 tox
|
|-weather|RainDance|[upkeep]
|-heal|p2a: 🇮🇱=stop genocide|88/100 tox|[from] ability: Poison Heal
|upkeep
|turn|21
|
|t:|1760805111
|switch|p1a: Iron Treads|Iron Treads|38/100
|move|p2a: 🇮🇱=stop genocide|Toxic|p1a: Iron Treads
|-immune|p1a: Iron Treads
|
|-weather|RainDance|[upkeep]
|-heal|p2a: 🇮🇱=stop genocide|100/100 tox|[from] ability: Poison Heal
|upkeep
|turn|22
|inactive|Battle timer is ON: inactive players will automatically lose when time's up. (requested by Trainer #39)
|
|t:|1760805116
|-end|p1a: Iron Treads|Quark Drive|[silent]
|switch|p1a: Pelipper|Pelipper, M|100/100
|move|p2a: 🇮🇱=stop genocide|Earthquake|p1a: Pelipper
|-immune|p1a: Pelipper
|
|-weather|RainDance|[upkeep]
|upkeep
|turn|23
|
|t:|1760805124
|move|p2a: 🇮🇱=stop genocide|Toxic|p1a: Pelipper|[miss]
|-miss|p2a: 🇮🇱=stop genocide|p1a: Pelipper
|move|p1a: Pelipper|U-turn|p2a: 🇮🇱=stop genocide
|-resisted|p2a: 🇮🇱=stop genocide
|-activate|p2a: 🇮🇱=stop genocide|move: Substitute|[damage]
|
|t:|1760805126
|switch|p1a: Barraskewda|Barraskewda, M|100/100|[from] U-turn
|
|-weather|RainDance|[upkeep]
|upkeep
|turn|24
|
|t:|1760805130
|move|p2a: 🇮🇱=stop genocide|Protect|p2a: 🇮🇱=stop genocide
|-singleturn|p2a: 🇮🇱=stop genocide|Protect
|move|p1a: Barraskewda|Liquidation|p2a: 🇮🇱=stop genocide
|-activate|p2a: 🇮🇱=stop genocide|move: Protect
|
|-weather|none
|upkeep
|turn|25
|
|t:|1760805134
|move|p1a: Barraskewda|Liquidation|p2a: 🇮🇱=stop genocide
|-supereffective|p2a: 🇮🇱=stop genocide
|-end|p2a: 🇮🇱=stop genocide|Substitute
|move|p2a: 🇮🇱=stop genocide|Toxic|p1a: Barraskewda
|-status|p1a: Barraskewda|tox
|
|-damage|p1a: Barraskewda|94/100 tox|[from] psn
|upkeep
|turn|26
|
|t:|1760805139
|move|p2a: 🇮🇱=stop genocide|Protect|p2a: 🇮🇱=stop genocide
|-singleturn|p2a: 🇮🇱=stop genocide|Protect
|move|p1a: Barraskewda|Liquidation|p2a: 🇮🇱=stop genocide
|-activate|p2a: 🇮🇱=stop genocide|move: Protect
|
|-damage|p1a: Barraskewda|82/100 tox|[from] psn
|upkeep
|turn|27
|
|t:|1760805141
|switch|p2a: 808 and curses|Dondozo, M|86/100
|-damage|p2a: 808 and curses|74/100|[from] Stealth Rock
|move|p1a: Barraskewda|Flip Turn|p2a: 808 and curses
|-resisted|p2a: 808 and curses
|-damage|p2a: 808 and curses|66/100
|
|t:|1760805143
|switch|p1a: Zapdos|Zapdos, tera:Flying|100/100|[from] Flip Turn
|
|-heal|p2a: 808 and curses|73/100|[from] item: Leftovers
|upkeep
|turn|28
|
|t:|1760805149
|switch|p2a: LeJ/ovni/la lettre|Slowking-Galar, M|100/100
|-damage|p2a: LeJ/ovni/la lettre|88/100|[from] Stealth Rock
|move|p1a: Zapdos|Volt Switch|p2a: LeJ/ovni/la lettre
|-damage|p2a: LeJ/ovni/la lettre|52/100
|-enditem|p2a: LeJ/ovni/la lettre|Eject Button
|
|t:|1760805157
|switch|p2a: brat|Blissey, F|100/100
|
|upkeep
|turn|29
|
|t:|1760805160
|move|p1a: Zapdos|Volt Switch|p2a: brat
|-damage|p2a: brat|84/100
|
|t:|1760805166
|switch|p1a: Keldeo|Keldeo|100/100|[from] Volt Switch
|move|p2a: brat|Stealth Rock|p1a: Keldeo
|-sidestart|p1: icebeamprodigy|move: Stealth Rock
|
|upkeep
|turn|30
|
|t:|1760805174
|switch|p2a: LeJ/ovni/la lettre|Slowking-Galar, M|85/100
|-damage|p2a: LeJ/ovni/la lettre|72/100|[from] Stealth Rock
|move|p1a: Keldeo|Surf|p2a: LeJ/ovni/la lettre
|-damage|p2a: LeJ/ovni/la lettre|16/100
|
|upkeep
|turn|31
|
|t:|1760805180
|switch|p1a: Iron Treads|Iron Treads|38/100
|-damage|p1a: Iron Treads|35/100|[from] Stealth Rock
|switch|p2a: Charli xcx|Clefable, M|33/100
|
|upkeep
|turn|32
|
|t:|1760805186
|switch|p2a: 🇮🇱=stop genocide|Gliscor, M|100/100 tox
|-damage|p2a: 🇮🇱=stop genocide|88/100 tox|[from] Stealth Rock
|move|p1a: Iron Treads|Earthquake|p2a: 🇮🇱=stop genocide
|-immune|p2a: 🇮🇱=stop genocide
|
|-heal|p2a: 🇮🇱=stop genocide|100/100 tox|[from] ability: Poison Heal
|upkeep
|turn|33
|
|t:|1760805193
|-end|p1a: Iron Treads|Quark Drive|[silent]
|switch|p1a: Keldeo|Keldeo|100/100
|-damage|p1a: Keldeo|94/100|[from] Stealth Rock
|move|p2a: 🇮🇱=stop genocide|Earthquake|p1a: Keldeo
|-damage|p1a: Keldeo|62/100
|
|upkeep
|turn|34
|
|t:|1760805197
|move|p2a: 🇮🇱=stop genocide|Protect|p2a: 🇮🇱=stop genocide
|-singleturn|p2a: 🇮🇱=stop genocide|Protect
|move|p1a: Keldeo|Surf|p2a: 🇮🇱=stop genocide
|-activate|p2a: 🇮🇱=stop genocide|move: Protect
|
|upkeep
|turn|35
|
|t:|1760805201
|switch|p2a: Charli xcx|Clefable, M|33/100
|move|p1a: Keldeo|Surf|p2a: Charli xcx
|-damage|p2a: Charli xcx|0 fnt
|faint|p2a: Charli xcx
|
|upkeep
|
|t:|1760805202
|switch|p2a: brat|Blissey, F|84/100
|turn|36
|
|t:|1760805207
|switch|p1a: Iron Treads|Iron Treads|35/100
|-damage|p1a: Iron Treads|32/100|[from] Stealth Rock
|move|p2a: brat|Shadow Ball|p1a: Iron Treads
|-damage|p1a: Iron Treads|18/100
|
|upkeep
|turn|37
|
|t:|1760805210
|switch|p2a: 🇮🇱=stop genocide|Gliscor, M|100/100 tox
|-damage|p2a: 🇮🇱=stop genocide|88/100 tox|[from] Stealth Rock
|move|p1a: Iron Treads|Rapid Spin|p2a: 🇮🇱=stop genocide
|-damage|p2a: 🇮🇱=stop genocide|80/100 tox
|-boost|p1a: Iron Treads|spe|1
|-sideend|p1: icebeamprodigy|Stealth Rock|[from] move: Rapid Spin|[of] p1a: Iron Treads
|
|-heal|p2a: 🇮🇱=stop genocide|92/100 tox|[from] ability: Poison Heal
|upkeep
|turn|38
|
|t:|1760805215
|-end|p1a: Iron Treads|Quark Drive|[silent]
|switch|p1a: Pelipper|Pelipper, M|100/100
|-weather|RainDance|[from] ability: Drizzle|[of] p1a: Pelipper
|move|p2a: 🇮🇱=stop genocide|Substitute|p2a: 🇮🇱=stop genocide
|-start|p2a: 🇮🇱=stop genocide|Substitute
|-damage|p2a: 🇮🇱=stop genocide|67/100 tox
|
|-weather|RainDance|[upkeep]
|-heal|p2a: 🇮🇱=stop genocide|80/100 tox|[from] ability: Poison Heal
|upkeep
|turn|39
|
|t:|1760805220
|move|p2a: 🇮🇱=stop genocide|Toxic|p1a: Pelipper
|-status|p1a: Pelipper|tox
|move|p1a: Pelipper|U-turn|p2a: 🇮🇱=stop genocide
|-resisted|p2a: 🇮🇱=stop genocide
|-activate|p2a: 🇮🇱=stop genocide|move: Substitute|[damage]
|
|t:|1760805222
|switch|p1a: Barraskewda|Barraskewda, M|82/100 tox|[from] U-turn
|
|-weather|RainDance|[upkeep]
|-damage|p1a: Barraskewda|76/100 tox|[from] psn
|-heal|p2a: 🇮🇱=stop genocide|92/100 tox|[from] ability: Poison Heal
|upkeep
|turn|40
|j| skip the drip
|
|t:|1760805225
|move|p2a: 🇮🇱=stop genocide|Protect|p2a: 🇮🇱=stop genocide
|-singleturn|p2a: 🇮🇱=stop genocide|Protect
|move|p1a: Barraskewda|Liquidation|p2a: 🇮🇱=stop genocide
|-activate|p2a: 🇮🇱=stop genocide|move: Protect
|
|-weather|RainDance|[upkeep]
|-damage|p1a: Barraskewda|64/100 tox|[from] psn
|-heal|p2a: 🇮🇱=stop genocide|100/100 tox|[from] ability: Poison Heal
|upkeep
|turn|41
|
|t:|1760805228
|move|p1a: Barraskewda|Flip Turn|p2a: 🇮🇱=stop genocide
|-supereffective|p2a: 🇮🇱=stop genocide
|-end|p2a: 🇮🇱=stop genocide|Substitute
|
|t:|1760805230
|switch|p1a: Pelipper|Pelipper, M|100/100 tox|[from] Flip Turn
|move|p2a: 🇮🇱=stop genocide|Substitute|p2a: 🇮🇱=stop genocide
|-start|p2a: 🇮🇱=stop genocide|Substitute
|-damage|p2a: 🇮🇱=stop genocide|76/100 tox
|
|-weather|RainDance|[upkeep]
|-heal|p2a: 🇮🇱=stop genocide|88/100 tox|[from] ability: Poison Heal
|-damage|p1a: Pelipper|94/100 tox|[from] psn
|upkeep
|turn|42
|
|t:|1760805234
|move|p2a: 🇮🇱=stop genocide|Protect|p2a: 🇮🇱=stop genocide
|-singleturn|p2a: 🇮🇱=stop genocide|Protect
|move|p1a: Pelipper|Hurricane|p2a: 🇮🇱=stop genocide
|-activate|p2a: 🇮🇱=stop genocide|move: Protect
|
|-weather|none
|-heal|p2a: 🇮🇱=stop genocide|100/100 tox|[from] ability: Poison Heal
|-damage|p1a: Pelipper|82/100 tox|[from] psn
|upkeep
|turn|43
|
|t:|1760805239
|move|p2a: 🇮🇱=stop genocide|Substitute|p2a: 🇮🇱=stop genocide
|-fail|p2a: 🇮🇱=stop genocide|move: Substitute
|move|p1a: Pelipper|Hurricane|p2a: 🇮🇱=stop genocide
|-end|p2a: 🇮🇱=stop genocide|Substitute
|
|-damage|p1a: Pelipper|63/100 tox|[from] psn
|upkeep
|turn|44
|
|t:|1760805246
|switch|p1a: Iron Treads|Iron Treads|18/100
|move|p2a: 🇮🇱=stop genocide|Substitute|p2a: 🇮🇱=stop genocide
|-start|p2a: 🇮🇱=stop genocide|Substitute
|-damage|p2a: 🇮🇱=stop genocide|76/100 tox
|
|-heal|p2a: 🇮🇱=stop genocide|88/100 tox|[from] ability: Poison Heal
|upkeep
|turn|45
|
|t:|1760805248
|-end|p1a: Iron Treads|Quark Drive|[silent]
|switch|p1a: Pelipper|Pelipper, M|63/100 tox
|-weather|RainDance|[from] ability: Drizzle|[of] p1a: Pelipper
|move|p2a: 🇮🇱=stop genocide|Earthquake|p1a: Pelipper
|-immune|p1a: Pelipper
|
|-weather|RainDance|[upkeep]
|-heal|p2a: 🇮🇱=stop genocide|100/100 tox|[from] ability: Poison Heal
|-damage|p1a: Pelipper|57/100 tox|[from] psn
|upkeep
|turn|46
|
|t:|1760805254
|move|p2a: 🇮🇱=stop genocide|Protect|p2a: 🇮🇱=stop genocide
|-singleturn|p2a: 🇮🇱=stop genocide|Protect
|move|p1a: Pelipper|Roost|p1a: Pelipper
|-heal|p1a: Pelipper|100/100 tox
|-singleturn|p1a: Pelipper|move: Roost
|
|-weather|RainDance|[upkeep]
|-damage|p1a: Pelipper|88/100 tox|[from] psn
|upkeep
|turn|47
|
|t:|1760805261
|switch|p1a: Zapdos|Zapdos, tera:Flying|100/100
|move|p2a: 🇮🇱=stop genocide|Toxic|p1a: Zapdos
|-status|p1a: Zapdos|tox
|
|-weather|RainDance|[upkeep]
|-damage|p1a: Zapdos|94/100 tox|[from] psn
|upkeep
|turn|48
|
|t:|1760805268
|switch|p1a: Barraskewda|Barraskewda, M|64/100 tox
|move|p2a: 🇮🇱=stop genocide|Protect||[still]
|-fail|p2a: 🇮🇱=stop genocide
|
|-weather|RainDance|[upkeep]
|-damage|p1a: Barraskewda|58/100 tox|[from] psn
|upkeep
|turn|49
|
|t:|1760805272
|move|p1a: Barraskewda|Liquidation|p2a: 🇮🇱=stop genocide
|-supereffective|p2a: 🇮🇱=stop genocide
|-end|p2a: 🇮🇱=stop genocide|Substitute
|move|p2a: 🇮🇱=stop genocide|Substitute|p2a: 🇮🇱=stop genocide
|-start|p2a: 🇮🇱=stop genocide|Substitute
|-damage|p2a: 🇮🇱=stop genocide|76/100 tox
|
|-weather|none
|-damage|p1a: Barraskewda|46/100 tox|[from] psn
|-heal|p2a: 🇮🇱=stop genocide|88/100 tox|[from] ability: Poison Heal
|upkeep
|turn|50
|
|t:|1760805278
|move|p1a: Barraskewda|Liquidation|p2a: 🇮🇱=stop genocide
|-supereffective|p2a: 🇮🇱=stop genocide
|-end|p2a: 🇮🇱=stop genocide|Substitute
|move|p2a: 🇮🇱=stop genocide|Earthquake|p1a: Barraskewda
|-damage|p1a: Barraskewda|0 fnt
|faint|p1a: Barraskewda
|
|-heal|p2a: 🇮🇱=stop genocide|100/100 tox|[from] ability: Poison Heal
|upkeep
|
|t:|1760805286
|switch|p1a: Keldeo|Keldeo|62/100
|turn|51
|
|t:|1760805290
|move|p2a: 🇮🇱=stop genocide|Protect|p2a: 🇮🇱=stop genocide
|-singleturn|p2a: 🇮🇱=stop genocide|Protect
|move|p1a: Keldeo|Surf|p2a: 🇮🇱=stop genocide
|-activate|p2a: 🇮🇱=stop genocide|move: Protect
|
|upkeep
|turn|52
|
|t:|1760805294
|switch|p2a: brat|Blissey, F|84/100
|move|p1a: Keldeo|Surf|p2a: brat
|-damage|p2a: brat|60/100
|
|upkeep
|turn|53
|
|t:|1760805304
|move|p1a: Keldeo|Surf|p2a: brat
|-damage|p2a: brat|38/100
|move|p2a: brat|Stealth Rock|p1a: Keldeo
|-sidestart|p1: icebeamprodigy|move: Stealth Rock
|
|upkeep
|turn|54
|
|t:|1760805308
|move|p1a: Keldeo|Surf|p2a: brat
|-damage|p2a: brat|15/100
|move|p2a: brat|Soft-Boiled|p2a: brat
|-heal|p2a: brat|65/100
|
|upkeep
|turn|55
|
|t:|1760805313
|switch|p1a: Iron Treads|Iron Treads|18/100
|-damage|p1a: Iron Treads|15/100|[from] Stealth Rock
|move|p2a: brat|Soft-Boiled|p2a: brat
|-heal|p2a: brat|100/100
|
|upkeep
|turn|56
|
|t:|1760805318
|-end|p1a: Iron Treads|Quark Drive|[silent]
|switch|p1a: Keldeo|Keldeo|62/100
|-damage|p1a: Keldeo|56/100|[from] Stealth Rock
|move|p2a: brat|Shadow Ball|p1a: Keldeo
|-damage|p1a: Keldeo|40/100
|
|upkeep
|turn|57
|
|t:|1760805324
|switch|p2a: LeJ/ovni/la lettre|Slowking-Galar, M|49/100
|-damage|p2a: LeJ/ovni/la lettre|37/100|[from] Stealth Rock
|move|p1a: Keldeo|Surf|p2a: LeJ/ovni/la lettre
|-damage|p2a: LeJ/ovni/la lettre|0 fnt
|faint|p2a: LeJ/ovni/la lettre
|
|upkeep
|l| skip the drip
|
|t:|1760805326
|switch|p2a: brat|Blissey, F|100/100
|turn|58
|
|t:|1760805334
|switch|p1a: Pelipper|Pelipper, M|88/100 tox
|-damage|p1a: Pelipper|63/100 tox|[from] Stealth Rock
|-weather|RainDance|[from] ability: Drizzle|[of] p1a: Pelipper
|move|p2a: brat|Calm Mind|p2a: brat
|-boost|p2a: brat|spa|1
|-boost|p2a: brat|spd|1
|
|-weather|RainDance|[upkeep]
|-damage|p1a: Pelipper|57/100 tox|[from] psn
|upkeep
|turn|59
|
|t:|1760805338
|move|p1a: Pelipper|U-turn|p2a: brat
|-damage|p2a: brat|91/100
|
|t:|1760805339
|switch|p1a: Iron Treads|Iron Treads|15/100|[from] U-turn
|-damage|p1a: Iron Treads|12/100|[from] Stealth Rock
|move|p2a: brat|Shadow Ball|p1a: Iron Treads
|-damage|p1a: Iron Treads|0 fnt
|faint|p1a: Iron Treads
|-end|p1a: Iron Treads|Quark Drive|[silent]
|
|-weather|RainDance|[upkeep]
|upkeep
|
|t:|1760805341
|switch|p1a: Keldeo|Keldeo|40/100
|-damage|p1a: Keldeo|34/100|[from] Stealth Rock
|turn|60
|
|t:|1760805345
|-terastallize|p2a: brat|Fairy
|move|p1a: Keldeo|Surf|p2a: brat
|-damage|p2a: brat|66/100
|move|p2a: brat|Calm Mind|p2a: brat
|-boost|p2a: brat|spa|1
|-boost|p2a: brat|spd|1
|
|-weather|RainDance|[upkeep]
|upkeep
|turn|61
|
|t:|1760805350
|move|p1a: Keldeo|Surf|p2a: brat
|-damage|p2a: brat|50/100
|move|p2a: brat|Soft-Boiled|p2a: brat
|-heal|p2a: brat|99/100
|
|-weather|RainDance|[upkeep]
|upkeep
|turn|62
|
|t:|1760805353
|move|p1a: Keldeo|Surf|p2a: brat
|-damage|p2a: brat|81/100
|move|p2a: brat|Shadow Ball|p1a: Keldeo
|-damage|p1a: Keldeo|0 fnt
|faint|p1a: Keldeo
|
|-weather|none
|upkeep
|
|t:|1760805356
|switch|p1a: Zapdos|Zapdos, tera:Flying|94/100 tox
|-damage|p1a: Zapdos|69/100 tox|[from] Stealth Rock
|turn|63
|
|t:|1760805358
|move|p1a: Zapdos|Hurricane|p2a: brat|[miss]
|-miss|p1a: Zapdos|p2a: brat
|move|p2a: brat|Shadow Ball|p1a: Zapdos
|-damage|p1a: Zapdos|37/100 tox
|-unboost|p1a: Zapdos|spd|1
|
|-damage|p1a: Zapdos|31/100 tox|[from] psn
|upkeep
|turn|64
|
|t:|1760805361
|move|p1a: Zapdos|Hurricane|p2a: brat
|-damage|p2a: brat|62/100
|-start|p2a: brat|confusion
|-activate|p2a: brat|confusion
|-damage|p2a: brat|61/100|[from] confusion
|
|-damage|p1a: Zapdos|19/100 tox|[from] psn
|upkeep
|turn|65
|
|t:|1760805366
|move|p1a: Zapdos|Hurricane|p2a: brat
|-damage|p2a: brat|42/100
|-activate|p2a: brat|confusion
|-damage|p2a: brat|41/100|[from] confusion
|
|-damage|p1a: Zapdos|0 fnt|[from] psn
|faint|p1a: Zapdos
|upkeep
|-message|icebeamprodigy forfeited.
|
|win|Trainer #39
|raw|icebeamprodigy's rating: 1863 &rarr; <strong>1839</strong><br />(-24 for losing)
|raw|Trainer #39's rating: 1800 &rarr; <strong>1824</strong><br />(+24 for winning)
|l|☆icebeamprodigy
|player|p1|
|l|☆Trainer #39
|player|p2|
