|j|☆tusk act 984
|j|☆Larmaster
|t:|1760846952
|gametype|singles
|player|p1|tusk act 984|ghetsis-gen5bw|1442
|player|p2|Larmaster|hilbert-wonderlauncher|1429
|gen|9
|tier|[Gen 9] OU
|rated|
|rule|HP Percentage Mod: HP is shown in percentages
|rule|Endless Battle Clause: Forcing endless battles is banned
|rule|Species Clause: Limit one of each Pokémon
|rule|OHKO Clause: OHKO moves are banned
|rule|Evasion Items Clause: Evasion items are banned
|rule|Evasion Moves Clause: Evasion moves are banned
|rule|Evasion Abilities Clause: Evasion abilities are banned
|rule|Sleep Moves Clause: Sleep-inducing moves are banned
|clearpoke
|poke|p1|Zamazenta-*|
|poke|p1|Dragapult, M|
|poke|p1|Zapdos|
|poke|p1|Slowking-Galar, F|
|poke|p1|Iron Treads|
|poke|p1|Meowscarada, F|
|poke|p2|Primarina, F|
|poke|p2|Gliscor, F|
|poke|p2|Dragonite, M|
|poke|p2|Cinderace, F|
|poke|p2|Darkrai|
|poke|p2|Zamazenta-*|
|teampreview
|inactive|Battle timer is ON: inactive players will automatically lose when time's up. (requested by tusk act 984)
|c|☆tusk act 984|gl hf
|
|t:|1760846969
|teamsize|p1|6
|teamsize|p2|6
|start
|switch|p1a: Meowscarada|Meowscarada, F|100/100
|switch|p2a: Darkrai|Darkrai|100/100
|turn|1
|
|t:|1760846982
|move|p2a: Darkrai|Ice Beam|p1a: Meowscarada
|-supereffective|p1a: Meowscarada
|-damage|p1a: Meowscarada|3/100
|move|p1a: Meowscarada|U-turn|p2a: Darkrai
|-start|p1a: Meowscarada|typechange|Bug|[from] ability: Protean
|-supereffective|p2a: Darkrai
|-damage|p2a: Darkrai|12/100
|
|t:|1760846991
|switch|p1a: Slowking|Slowking-Galar, F|100/100|[from] U-turn
|
|upkeep
|turn|2
|
|t:|1760847002
|switch|p2a: Gliscor|Gliscor, F|100/100
|move|p1a: Slowking|Sludge Bomb|p2a: Gliscor
|-resisted|p2a: Gliscor
|-damage|p2a: Gliscor|79/100
|
|-status|p2a: Gliscor|tox|[from] item: Toxic Orb
|upkeep
|turn|3
|
|t:|1760847031
|move|p2a: Gliscor|Spikes|p1a: Slowking
|-sidestart|p1: tusk act 984|Spikes
|move|p1a: Slowking|Psychic Noise|p2a: Gliscor
|-damage|p2a: Gliscor|45/100 tox
|-start|p2a: Gliscor|move: Heal Block
|
|upkeep
|turn|4
|
|t:|1760847052
|switch|p1a: Zapdos|Zapdos|100/100
|move|p2a: Gliscor|Earthquake|p1a: Zapdos
|-immune|p1a: Zapdos
|
|-end|p2a: Gliscor|move: Heal Block
|upkeep
|turn|5
|
|t:|1760847058
|move|p2a: Gliscor|Protect|p2a: Gliscor
|-singleturn|p2a: Gliscor|Protect
|move|p1a: Zapdos|Hurricane|p2a: Gliscor
|-activate|p2a: Gliscor|move: Protect
|
|-heal|p2a: Gliscor|57/100 tox|[from] ability: Poison Heal
|upkeep
|turn|6
|
|t:|1760847061
|move|p1a: Zapdos|U-turn|p2a: Gliscor
|-resisted|p2a: Gliscor
|-damage|p2a: Gliscor|54/100 tox
|
|t:|1760847068
|switch|p1a: Slowking|Slowking-Galar, F|100/100|[from] U-turn
|-damage|p1a: Slowking|88/100|[from] Spikes
|move|p2a: Gliscor|Toxic|p1a: Slowking
|-immune|p1a: Slowking
|
|-heal|p2a: Gliscor|66/100 tox|[from] ability: Poison Heal
|upkeep
|turn|7
|
|t:|1760847081
|move|p2a: Gliscor|Earthquake|p1a: Slowking
|-supereffective|p1a: Slowking
|-crit|p1a: Slowking
|-damage|p1a: Slowking|0 fnt
|faint|p1a: Slowking
|
|-heal|p2a: Gliscor|79/100 tox|[from] ability: Poison Heal
|upkeep
|
|t:|1760847089
|switch|p1a: Iron Treads|Iron Treads|100/100
|turn|8
|
|t:|1760847101
|switch|p2a: Zamazenta|Zamazenta|100/100
|-ability|p2a: Zamazenta|Dauntless Shield|boost
|-boost|p2a: Zamazenta|def|1
|move|p1a: Iron Treads|Rapid Spin|p2a: Zamazenta
|-damage|p2a: Zamazenta|89/100
|-boost|p1a: Iron Treads|spe|1
|-sideend|p1: tusk act 984|Spikes|[from] move: Rapid Spin|[of] p1a: Iron Treads
|
|upkeep
|turn|9
|
|t:|1760847105
|-end|p1a: Iron Treads|Quark Drive|[silent]
|switch|p1a: Zapdos|Zapdos|100/100
|move|p2a: Zamazenta|Stone Edge|p1a: Zapdos
|-supereffective|p1a: Zapdos
|-damage|p1a: Zapdos|34/100
|-damage|p2a: Zamazenta|79/100|[from] item: Life Orb
|
|upkeep
|turn|10
|
|t:|1760847121
|move|p2a: Zamazenta|Stone Edge|p1a: Zapdos
|-supereffective|p1a: Zapdos
|-damage|p1a: Zapdos|0 fnt
|faint|p1a: Zapdos
|-damage|p2a: Zamazenta|69/100|[from] item: Life Orb
|
|upkeep
|
|t:|1760847127
|switch|p1a: Dragapult|Dragapult, M|100/100
|turn|11
|
|t:|1760847142
|-terastallize|p1a: Dragapult|Fairy
|move|p1a: Dragapult|Tera Blast|p2a: Zamazenta|[anim] Tera Blast Fairy
|-supereffective|p2a: Zamazenta
|-damage|p2a: Zamazenta|0 fnt
|faint|p2a: Zamazenta
|
|upkeep
|
|t:|1760847158
|switch|p2a: Cinderace|Cinderace, F|100/100
|turn|12
|
|t:|1760847164
|switch|p1a: Zamazenta|Zamazenta|100/100
|-ability|p1a: Zamazenta|Dauntless Shield|boost
|-boost|p1a: Zamazenta|def|1
|move|p2a: Cinderace|Gunk Shot|p1a: Zamazenta
|-start|p2a: Cinderace|typechange|Poison|[from] ability: Libero
|-crit|p1a: Zamazenta
|-damage|p1a: Zamazenta|16/100
|-status|p1a: Zamazenta|psn
|
|-heal|p1a: Zamazenta|22/100 psn|[from] item: Leftovers
|-damage|p1a: Zamazenta|10/100 psn|[from] psn
|upkeep
|turn|13
|
|t:|1760847180
|move|p1a: Zamazenta|Crunch|p2a: Cinderace
|-damage|p2a: Cinderace|64/100
|-unboost|p2a: Cinderace|def|1
|move|p2a: Cinderace|Pyro Ball|p1a: Zamazenta
|-damage|p1a: Zamazenta|0 fnt
|faint|p1a: Zamazenta
|
|upkeep
|
|t:|1760847187
|switch|p1a: Dragapult|Dragapult, M, tera:Fairy|100/100
|turn|14
|
|t:|1760847194
|switch|p2a: Gliscor|Gliscor, F|79/100 tox
|move|p1a: Dragapult|Shadow Ball|p2a: Gliscor
|-damage|p2a: Gliscor|20/100 tox
|
|-heal|p2a: Gliscor|32/100 tox|[from] ability: Poison Heal
|upkeep
|turn|15
|
|t:|1760847200
|move|p1a: Dragapult|Shadow Ball|p2a: Gliscor
|-damage|p2a: Gliscor|0 fnt
|faint|p2a: Gliscor
|
|upkeep
|
|t:|1760847204
|switch|p2a: Primarina|Primarina, F|100/100
|turn|16
|
|t:|1760847209
|move|p1a: Dragapult|Shadow Ball|p2a: Primarina
|-damage|p2a: Primarina|80/100
|-unboost|p2a: Primarina|spd|1
|move|p2a: Primarina|Surf|p1a: Dragapult
|-damage|p1a: Dragapult|50/100
|
|upkeep
|turn|17
|
|t:|1760847216
|move|p1a: Dragapult|Shadow Ball|p2a: Primarina
|-damage|p2a: Primarina|47/100
|-unboost|p2a: Primarina|spd|1
|move|p2a: Primarina|Surf|p1a: Dragapult
|-damage|p1a: Dragapult|0 fnt
|faint|p1a: Dragapult
|
|upkeep
|
|t:|1760847223
|switch|p1a: Meowscarada|Meowscarada, F|3/100
|turn|18
|
|t:|1760847241
|move|p1a: Meowscarada|Flower Trick|p2a: Primarina
|-start|p1a: Meowscarada|typechange|Grass|[from] ability: Protean
|-supereffective|p2a: Primarina
|-crit|p2a: Primarina
|-damage|p2a: Primarina|0 fnt
|faint|p2a: Primarina
|
|upkeep
|
|t:|1760847257
|switch|p2a: Dragonite|Dragonite, M|100/100
|turn|19
|
|t:|1760847261
|move|p2a: Dragonite|Extreme Speed|p1a: Meowscarada
|-damage|p1a: Meowscarada|0 fnt
|faint|p1a: Meowscarada
|
|upkeep
|
|t:|1760847264
|switch|p1a: Iron Treads|Iron Treads|100/100
|turn|20
|
|t:|1760847266
|move|p1a: Iron Treads|Rapid Spin|p2a: Dragonite
|-damage|p2a: Dragonite|93/100
|-boost|p1a: Iron Treads|spe|1
|move|p2a: Dragonite|Earthquake|p1a: Iron Treads
|-supereffective|p1a: Iron Treads
|-damage|p1a: Iron Treads|24/100
|
|upkeep
|turn|21
|
|t:|1760847270
|move|p1a: Iron Treads|Iron Head|p2a: Dragonite
|-damage|p2a: Dragonite|52/100
|move|p2a: Dragonite|Earthquake|p1a: Iron Treads
|-supereffective|p1a: Iron Treads
|-damage|p1a: Iron Treads|0 fnt
|faint|p1a: Iron Treads
|-end|p1a: Iron Treads|Quark Drive|[silent]
|
|win|Larmaster
|raw|tusk act 984's rating: 1442 &rarr; <strong>1421</strong><br />(-21 for losing)
|raw|Larmaster's rating: 1429 &rarr; <strong>1450</strong><br />(+21 for winning)
|l|☆Larmaster
|player|p2|
|c|☆tusk act 984|gg wp
|l|☆tusk act 984
|player|p1|
