|j|☆DDanMurp
|j|☆tomatoparis
|t:|1760803942
|gametype|singles
|player|p1|DDanMurp|1|1455
|player|p2|tomatoparis|101|1488
|gen|9
|tier|[Gen 9] OU
|rated|
|rule|HP Percentage Mod: HP is shown in percentages
|rule|Endless Battle Clause: Forcing endless battles is banned
|rule|Species Clause: Limit one of each Pokémon
|rule|OHKO Clause: OHKO moves are banned
|rule|Evasion Items Clause: Evasion items are banned
|rule|Evasion Moves Clause: Evasion moves are banned
|rule|Evasion Abilities Clause: Evasion abilities are banned
|rule|Sleep Moves Clause: Sleep-inducing moves are banned
|clearpoke
|poke|p1|Thundurus, M|
|poke|p1|Iron Valiant|
|poke|p1|Iron Treads|
|poke|p1|Raging Bolt|
|poke|p1|Iron Hands|
|poke|p1|Iron Leaves|
|poke|p2|Pelipper, F|
|poke|p2|Garchomp, F|
|poke|p2|Kingdra, M|
|poke|p2|Barraskewda, M|
|poke|p2|Dondozo, F|
|poke|p2|Iron Hands|
|teampreview
|
|t:|1760803978
|teamsize|p1|6
|teamsize|p2|6
|start
|switch|p1a: HeHeHeHa!|Thundurus, M|100/100
|switch|p2a: Garchomp|Garchomp, F|100/100
|turn|1
|
|t:|1760803993
|move|p1a: HeHeHeHa!|Electric Terrain|p1a: HeHeHeHa!
|-fieldstart|move: Electric Terrain
|move|p2a: Garchomp|Spikes|p1a: HeHeHeHa!
|-sidestart|p1: DDanMurp|Spikes
|
|upkeep
|turn|2
|
|t:|1760804032
|switch|p1a: Iron Valiant|Iron Valiant|100/100
|-damage|p1a: Iron Valiant|88/100|[from] Spikes
|-activate|p1a: Iron Valiant|ability: Quark Drive
|-start|p1a: Iron Valiant|quarkdrivespe
|move|p2a: Garchomp|Spikes|p1a: Iron Valiant
|-sidestart|p1: DDanMurp|Spikes
|
|upkeep
|turn|3
|
|t:|1760804042
|switch|p2a: Iron Hands|Iron Hands|100/100
|-activate|p2a: Iron Hands|ability: Quark Drive
|-start|p2a: Iron Hands|quarkdriveatk
|move|p1a: Iron Valiant|Moonblast|p2a: Iron Hands
|-supereffective|p2a: Iron Hands
|-crit|p2a: Iron Hands
|-damage|p2a: Iron Hands|21/100
|
|upkeep
|turn|4
|
|t:|1760804052
|move|p1a: Iron Valiant|Moonblast|p2a: Iron Hands
|-supereffective|p2a: Iron Hands
|-damage|p2a: Iron Hands|0 fnt
|faint|p2a: Iron Hands
|-end|p2a: Iron Hands|Quark Drive|[silent]
|
|upkeep
|
|t:|1760804054
|switch|p2a: Pelipper|Pelipper, F|100/100
|-weather|RainDance|[from] ability: Drizzle|[of] p2a: Pelipper
|turn|5
|
|t:|1760804062
|-end|p1a: Iron Valiant|Quark Drive|[silent]
|switch|p1a: Raging Bolt|Raging Bolt|100/100
|-damage|p1a: Raging Bolt|84/100|[from] Spikes
|switch|p2a: Garchomp|Garchomp, F|100/100
|
|-weather|RainDance|[upkeep]
|upkeep
|turn|6
|
|t:|1760804070
|-end|p1a: Raging Bolt|Protosynthesis|[silent]
|switch|p1a: Iron Leaves|Iron Leaves|100/100
|-damage|p1a: Iron Leaves|84/100|[from] Spikes
|-activate|p1a: Iron Leaves|ability: Quark Drive
|-start|p1a: Iron Leaves|quarkdrivespe
|move|p2a: Garchomp|Earthquake|p1a: Iron Leaves
|-resisted|p1a: Iron Leaves
|-damage|p1a: Iron Leaves|53/100
|
|-weather|RainDance|[upkeep]
|upkeep
|turn|7
|
|t:|1760804077
|move|p1a: Iron Leaves|Psyblade|p2a: Garchomp
|-damage|p2a: Garchomp|39/100
|-damage|p1a: Iron Leaves|41/100|[from] ability: Rough Skin|[of] p2a: Garchomp
|-damage|p1a: Iron Leaves|24/100|[from] item: Rocky Helmet|[of] p2a: Garchomp
|move|p2a: Garchomp|Fire Fang|p1a: Iron Leaves
|-supereffective|p1a: Iron Leaves
|-damage|p1a: Iron Leaves|0 fnt
|faint|p1a: Iron Leaves
|-end|p1a: Iron Leaves|Quark Drive|[silent]
|
|-weather|RainDance|[upkeep]
|upkeep
|
|t:|1760804094
|switch|p1a: Iron Treads|Iron Treads|100/100
|-damage|p1a: Iron Treads|84/100|[from] Spikes
|-activate|p1a: Iron Treads|ability: Quark Drive
|-start|p1a: Iron Treads|quarkdrivespe
|turn|8
|
|t:|1760804101
|-terastallize|p1a: Iron Treads|Water
|move|p1a: Iron Treads|Earthquake|p2a: Garchomp
|-damage|p2a: Garchomp|0 fnt
|faint|p2a: Garchomp
|
|-weather|RainDance|[upkeep]
|-heal|p1a: Iron Treads|90/100|[from] item: Leftovers
|-fieldend|move: Electric Terrain
|-end|p1a: Iron Treads|Quark Drive
|upkeep
|
|t:|1760804108
|switch|p2a: Barraskewda|Barraskewda, M|100/100
|turn|9
|
|t:|1760804122
|move|p2a: Barraskewda|Close Combat|p1a: Iron Treads
|-damage|p1a: Iron Treads|38/100
|-unboost|p2a: Barraskewda|def|1
|-unboost|p2a: Barraskewda|spd|1
|move|p1a: Iron Treads|Rapid Spin|p2a: Barraskewda
|-damage|p2a: Barraskewda|54/100
|-boost|p1a: Iron Treads|spe|1
|-sideend|p1: DDanMurp|Spikes|[from] move: Rapid Spin|[of] p1a: Iron Treads
|
|-weather|RainDance|[upkeep]
|-heal|p1a: Iron Treads|44/100|[from] item: Leftovers
|upkeep
|turn|10
|
|t:|1760804147
|-end|p1a: Iron Treads|Quark Drive|[silent]
|switch|p1a: HeHeHeHa!|Thundurus, M|100/100
|move|p2a: Barraskewda|Close Combat|p1a: HeHeHeHa!
|-resisted|p1a: HeHeHeHa!
|-damage|p1a: HeHeHeHa!|52/100
|-unboost|p2a: Barraskewda|def|1
|-unboost|p2a: Barraskewda|spd|1
|
|-weather|RainDance|[upkeep]
|upkeep
|turn|11
|
|t:|1760804159
|switch|p2a: Kingdra|Kingdra, M|100/100
|move|p1a: HeHeHeHa!|Electric Terrain|p1a: HeHeHeHa!
|-fieldstart|move: Electric Terrain
|
|-weather|RainDance|[upkeep]
|upkeep
|turn|12
|
|t:|1760804166
|move|p2a: Kingdra|Surf|p1a: HeHeHeHa!
|-damage|p1a: HeHeHeHa!|0 fnt
|faint|p1a: HeHeHeHa!
|-damage|p2a: Kingdra|91/100|[from] item: Life Orb
|
|-weather|none
|upkeep
|
|t:|1760804174
|switch|p1a: Iron Valiant|Iron Valiant|88/100
|-activate|p1a: Iron Valiant|ability: Quark Drive
|-start|p1a: Iron Valiant|quarkdrivespe
|turn|13
|
|t:|1760804177
|switch|p2a: Pelipper|Pelipper, F|100/100
|-weather|RainDance|[from] ability: Drizzle|[of] p2a: Pelipper
|move|p1a: Iron Valiant|Moonblast|p2a: Pelipper
|-damage|p2a: Pelipper|0 fnt
|faint|p2a: Pelipper
|
|-weather|RainDance|[upkeep]
|upkeep
|
|t:|1760804180
|switch|p2a: Barraskewda|Barraskewda, M|54/100
|turn|14
|
|t:|1760804192
|-end|p1a: Iron Valiant|Quark Drive|[silent]
|switch|p1a: Raging Bolt|Raging Bolt|84/100
|move|p2a: Barraskewda|Waterfall|p1a: Raging Bolt
|-resisted|p1a: Raging Bolt
|-damage|p1a: Raging Bolt|41/100
|
|-weather|RainDance|[upkeep]
|upkeep
|turn|15
|
|t:|1760804199
|-terastallize|p2a: Barraskewda|Ground
|move|p1a: Raging Bolt|Thunderclap|p2a: Barraskewda
|-immune|p2a: Barraskewda
|move|p2a: Barraskewda|Waterfall|p1a: Raging Bolt
|-resisted|p1a: Raging Bolt
|-damage|p1a: Raging Bolt|0 fnt
|faint|p1a: Raging Bolt
|-end|p1a: Raging Bolt|Protosynthesis|[silent]
|
|-weather|RainDance|[upkeep]
|upkeep
|
|t:|1760804205
|switch|p1a: Iron Hands|Iron Hands|100/100
|-activate|p1a: Iron Hands|ability: Quark Drive
|-start|p1a: Iron Hands|quarkdriveatk
|turn|16
|
|t:|1760804208
|switch|p2a: Dondozo|Dondozo, F|100/100
|move|p1a: Iron Hands|Drain Punch|p2a: Dondozo
|-damage|p2a: Dondozo|74/100
|-damage|p1a: Iron Hands|84/100|[from] item: Rocky Helmet|[of] p2a: Dondozo
|
|-weather|RainDance|[upkeep]
|upkeep
|turn|17
|
|t:|1760804218
|-end|p1a: Iron Hands|Quark Drive|[silent]
|switch|p1a: Iron Valiant|Iron Valiant|88/100
|-activate|p1a: Iron Valiant|ability: Quark Drive
|-start|p1a: Iron Valiant|quarkdrivespe
|move|p2a: Dondozo|Wave Crash|p1a: Iron Valiant
|-damage|p1a: Iron Valiant|3/100
|-damage|p2a: Dondozo|58/100|[from] Recoil
|
|-weather|RainDance|[upkeep]
|upkeep
|turn|18
|
|t:|1760804224
|move|p1a: Iron Valiant|Thunderbolt|p2a: Dondozo
|-supereffective|p2a: Dondozo
|-damage|p2a: Dondozo|0 fnt
|faint|p2a: Dondozo
|
|-weather|RainDance|[upkeep]
|-fieldend|move: Electric Terrain
|-end|p1a: Iron Valiant|Quark Drive
|upkeep
|
|t:|1760804227
|switch|p2a: Kingdra|Kingdra, M|91/100
|turn|19
|
|t:|1760804255
|-end|p1a: Iron Valiant|Quark Drive|[silent]
|switch|p1a: Iron Hands|Iron Hands|84/100
|move|p2a: Kingdra|Surf|p1a: Iron Hands
|-damage|p1a: Iron Hands|2/100
|-damage|p2a: Kingdra|81/100|[from] item: Life Orb
|
|-weather|RainDance|[upkeep]
|upkeep
|turn|20
|
|t:|1760804261
|move|p2a: Kingdra|Surf|p1a: Iron Hands
|-damage|p1a: Iron Hands|0 fnt
|faint|p1a: Iron Hands
|-end|p1a: Iron Hands|Quark Drive|[silent]
|-damage|p2a: Kingdra|71/100|[from] item: Life Orb
|
|-weather|none
|upkeep
|
|t:|1760804263
|switch|p1a: Iron Valiant|Iron Valiant|3/100
|turn|21
|
|t:|1760804266
|move|p1a: Iron Valiant|Moonblast|p2a: Kingdra
|-supereffective|p2a: Kingdra
|-damage|p2a: Kingdra|0 fnt
|faint|p2a: Kingdra
|
|upkeep
|
|t:|1760804287
|switch|p2a: Barraskewda|Barraskewda, M, tera:Ground|54/100
|turn|22
|
|t:|1760804291
|move|p2a: Barraskewda|Close Combat|p1a: Iron Valiant
|-resisted|p1a: Iron Valiant
|-damage|p1a: Iron Valiant|0 fnt
|-unboost|p2a: Barraskewda|def|1
|-unboost|p2a: Barraskewda|spd|1
|faint|p1a: Iron Valiant
|-end|p1a: Iron Valiant|Quark Drive|[silent]
|
|upkeep
|
|t:|1760804293
|switch|p1a: Iron Treads|Iron Treads, tera:Water|44/100
|turn|23
|
|t:|1760804297
|move|p2a: Barraskewda|Close Combat|p1a: Iron Treads
|-damage|p1a: Iron Treads|0 fnt
|-unboost|p2a: Barraskewda|def|1
|-unboost|p2a: Barraskewda|spd|1
|faint|p1a: Iron Treads
|-end|p1a: Iron Treads|Quark Drive|[silent]
|
|win|tomatoparis
|raw|DDanMurp's rating: 1455 &rarr; <strong>1437</strong><br />(-18 for losing)
|raw|tomatoparis's rating: 1488 &rarr; <strong>1506</strong><br />(+18 for winning)
|l|☆DDanMurp
|player|p1|
|l|☆tomatoparis
|player|p2|
