|j|☆OP Earthquakes
|j|☆kenjihibiki
|t:|1760760368
|gametype|singles
|player|p1|OP Earthquakes|giovanni-masters|1450
|player|p2|kenjihibiki|hilbert|1440
|gen|9
|tier|[Gen 9] OU
|rated|
|rule|HP Percentage Mod: HP is shown in percentages
|rule|Endless Battle Clause: Forcing endless battles is banned
|rule|Species Clause: Limit one of each Pokémon
|rule|OHKO Clause: OHKO moves are banned
|rule|Evasion Items Clause: Evasion items are banned
|rule|Evasion Moves Clause: Evasion moves are banned
|rule|Evasion Abilities Clause: Evasion abilities are banned
|rule|Sleep Moves Clause: Sleep-inducing moves are banned
|clearpoke
|poke|p1|Excadrill, F|
|poke|p1|Hawlucha, M|
|poke|p1|Kyurem|
|poke|p1|Tyranitar, F|
|poke|p1|Pawmot, F|
|poke|p1|Thundurus-Therian, M|
|poke|p2|Torkoal, M|
|poke|p2|Venusaur, M|
|poke|p2|Ceruledge, M|
|poke|p2|Garchomp, M|
|poke|p2|Mandibuzz, F|
|poke|p2|Alomomola, F|
|teampreview
|inactive|Battle timer is ON: inactive players will automatically lose when time's up. (requested by OP Earthquakes)
|
|t:|1760760378
|teamsize|p1|6
|teamsize|p2|6
|start
|switch|p1a: Frieza|Kyurem, shiny|100/100
|switch|p2a: Garchomp|Garchomp, M|100/100
|-ability|p1a: Frieza|Pressure
|turn|1
|c|☆OP Earthquakes|GLHF!
|
|t:|1760760385
|-terastallize|p2a: Garchomp|Steel
|move|p2a: Garchomp|Scale Shot|p1a: Frieza
|-supereffective|p1a: Frieza
|-damage|p1a: Frieza|75/100
|-supereffective|p1a: Frieza
|-damage|p1a: Frieza|49/100
|-supereffective|p1a: Frieza
|-damage|p1a: Frieza|26/100
|-supereffective|p1a: Frieza
|-damage|p1a: Frieza|0 fnt
|faint|p1a: Frieza
|-hitcount|p1: Frieza|4
|-unboost|p2a: Garchomp|def|1
|-boost|p2a: Garchomp|spe|1
|
|upkeep
|
|t:|1760760398
|switch|p1a: Shukaku|Tyranitar, F, shiny|100/100
|-weather|Sandstorm|[from] ability: Sand Stream|[of] p1a: Shukaku
|turn|2
|
|t:|1760760404
|switch|p2a: Torkoal|Torkoal, M|100/100
|-weather|SunnyDay|[from] ability: Drought|[of] p2a: Torkoal
|-terastallize|p1a: Shukaku|Ghost
|move|p1a: Shukaku|Stealth Rock|p2a: Torkoal
|-sidestart|p2: kenjihibiki|move: Stealth Rock
|
|-weather|SunnyDay|[upkeep]
|upkeep
|turn|3
|
|t:|1760760416
|move|p1a: Shukaku|Thunder Wave|p2a: Torkoal
|-status|p2a: Torkoal|par
|move|p2a: Torkoal|Lava Plume|p1a: Shukaku
|-damage|p1a: Shukaku|64/100
|
|-weather|SunnyDay|[upkeep]
|upkeep
|turn|4
|
|t:|1760760423
|move|p2a: Torkoal|Lava Plume|p1a: Shukaku
|-damage|p1a: Shukaku|28/100
|move|p1a: Shukaku|Roar|p2a: Torkoal
|drag|p2a: Venusaur|Venusaur, M|100/100
|-damage|p2a: Venusaur|88/100|[from] Stealth Rock
|
|-weather|SunnyDay|[upkeep]
|upkeep
|turn|5
|
|t:|1760760435
|switch|p1a: Thundurus|Thundurus-Therian, M|100/100
|move|p2a: Venusaur|Weather Ball|p1a: Thundurus
|-damage|p1a: Thundurus|13/100
|-damage|p2a: Venusaur|78/100|[from] item: Life Orb
|
|-weather|SunnyDay|[upkeep]
|upkeep
|turn|6
|
|t:|1760760443
|switch|p1a: Shukaku|Tyranitar, F, shiny, tera:Ghost|28/100
|-weather|Sandstorm|[from] ability: Sand Stream|[of] p1a: Shukaku
|move|p2a: Venusaur|Giga Drain|p1a: Shukaku
|-damage|p1a: Shukaku|0 fnt
|-heal|p2a: Venusaur|93/100|[from] drain|[of] p1a: Shukaku
|faint|p1a: Shukaku
|-damage|p2a: Venusaur|83/100|[from] item: Life Orb
|
|-weather|Sandstorm|[upkeep]
|-damage|p2a: Venusaur|77/100|[from] Sandstorm
|upkeep
|
|t:|1760760449
|switch|p1a: Porunga|Pawmot, F|100/100
|turn|7
|
|t:|1760760456
|move|p1a: Porunga|Revival Blessing|p1a: Porunga
|-enditem|p1a: Porunga|Leppa Berry|[eat]
|-activate|p1a: Porunga|item: Leppa Berry|Revival Blessing|[consumed]
|
|t:|1760760459
|-heal|p1: Shukaku|50/100|[from] move: Revival Blessing
|move|p2a: Venusaur|Earth Power|p1a: Porunga
|-supereffective|p1a: Porunga
|-crit|p1a: Porunga
|-damage|p1a: Porunga|0 fnt
|faint|p1a: Porunga
|-damage|p2a: Venusaur|67/100|[from] item: Life Orb
|
|-weather|Sandstorm|[upkeep]
|-damage|p2a: Venusaur|61/100|[from] Sandstorm
|upkeep
|
|t:|1760760462
|switch|p1a: OP|Excadrill, F|100/100
|turn|8
|
|t:|1760760472
|switch|p2a: Mandibuzz|Mandibuzz, F|100/100
|-damage|p2a: Mandibuzz|75/100|[from] Stealth Rock
|move|p1a: OP|Iron Head|p2a: Mandibuzz
|-damage|p2a: Mandibuzz|37/100
|-damage|p1a: OP|84/100|[from] item: Rocky Helmet|[of] p2a: Mandibuzz
|
|-weather|Sandstorm|[upkeep]
|upkeep
|turn|9
|
|t:|1760760482
|move|p1a: OP|Iron Head|p2a: Mandibuzz
|-damage|p2a: Mandibuzz|0 fnt
|-damage|p1a: OP|67/100|[from] item: Rocky Helmet|[of] p2a: Mandibuzz
|faint|p2a: Mandibuzz
|
|-weather|Sandstorm|[upkeep]
|upkeep
|
|t:|1760760489
|switch|p2a: Torkoal|Torkoal, M|100/100 par
|-damage|p2a: Torkoal|75/100 par|[from] Stealth Rock
|-weather|SunnyDay|[from] ability: Drought|[of] p2a: Torkoal
|turn|10
|
|t:|1760760503
|switch|p1a: Shukaku|Tyranitar, F, shiny|50/100
|-weather|Sandstorm|[from] ability: Sand Stream|[of] p1a: Shukaku
|cant|p2a: Torkoal|par
|
|-weather|Sandstorm|[upkeep]
|-damage|p2a: Torkoal|69/100 par|[from] Sandstorm
|upkeep
|turn|11
|
|t:|1760760514
|switch|p1a: Thundurus|Thundurus-Therian, M|13/100
|move|p2a: Torkoal|Stealth Rock|p1a: Thundurus
|-sidestart|p1: OP Earthquakes|move: Stealth Rock
|
|-weather|Sandstorm|[upkeep]
|-damage|p1a: Thundurus|7/100|[from] Sandstorm
|-damage|p2a: Torkoal|63/100 par|[from] Sandstorm
|upkeep
|turn|12
|
|t:|1760760524
|move|p1a: Thundurus|Weather Ball|p2a: Torkoal
|-supereffective|p2a: Torkoal
|-damage|p2a: Torkoal|0 fnt
|faint|p2a: Torkoal
|
|-weather|Sandstorm|[upkeep]
|-damage|p1a: Thundurus|0 fnt|[from] Sandstorm
|faint|p1a: Thundurus
|upkeep
|
|t:|1760760533
|switch|p1a: OP|Excadrill, F|67/100
|switch|p2a: Alomomola|Alomomola, F|100/100
|-damage|p1a: OP|64/100|[from] Stealth Rock
|-damage|p2a: Alomomola|88/100|[from] Stealth Rock
|turn|13
|
|t:|1760760540
|move|p1a: OP|Earthquake|p2a: Alomomola
|-damage|p2a: Alomomola|28/100
|move|p2a: Alomomola|Flip Turn|p1a: OP
|-supereffective|p1a: OP
|-damage|p1a: OP|15/100
|
|t:|1760760546
|switch|p2a: Ceruledge|Ceruledge, M|100/100|[from] Flip Turn
|-damage|p2a: Ceruledge|76/100|[from] Stealth Rock
|
|-weather|Sandstorm|[upkeep]
|-damage|p2a: Ceruledge|70/100|[from] Sandstorm
|upkeep
|turn|14
|
|t:|1760760561
|switch|p1a: Itachi|Hawlucha, M, shiny|100/100
|-damage|p1a: Itachi|88/100|[from] Stealth Rock
|-ability|p1a: Itachi|Mold Breaker
|move|p2a: Ceruledge|Shadow Sneak|p1a: Itachi
|-damage|p1a: Itachi|54/100
|-enditem|p1a: Itachi|Red Card|[of] p2a: Ceruledge
|drag|p2a: Venusaur|Venusaur, M|61/100
|-damage|p2a: Venusaur|49/100|[from] Stealth Rock
|
|-weather|Sandstorm|[upkeep]
|-damage|p1a: Itachi|48/100|[from] Sandstorm
|-damage|p2a: Venusaur|43/100|[from] Sandstorm
|upkeep
|turn|15
|
|t:|1760760574
|move|p1a: Itachi|Brave Bird|p2a: Venusaur
|-supereffective|p2a: Venusaur
|-damage|p2a: Venusaur|0 fnt
|faint|p2a: Venusaur
|-damage|p1a: Itachi|33/100|[from] Recoil
|
|-weather|Sandstorm|[upkeep]
|-damage|p1a: Itachi|27/100|[from] Sandstorm
|upkeep
|
|t:|1760760581
|switch|p2a: Alomomola|Alomomola, F|61/100
|-damage|p2a: Alomomola|49/100|[from] Stealth Rock
|turn|16
|
|t:|1760760596
|move|p2a: Alomomola|Protect|p2a: Alomomola
|-singleturn|p2a: Alomomola|Protect
|move|p1a: Itachi|Defog|p2a: Alomomola
|-activate|p2a: Alomomola|move: Protect
|
|-weather|Sandstorm|[upkeep]
|-damage|p1a: Itachi|21/100|[from] Sandstorm
|-damage|p2a: Alomomola|43/100|[from] Sandstorm
|-heal|p2a: Alomomola|49/100|[from] item: Leftovers
|upkeep
|turn|17
|
|t:|1760760613
|move|p1a: Itachi|Encore|p2a: Alomomola
|-start|p2a: Alomomola|Encore
|move|p2a: Alomomola|Protect||[still]
|-fail|p2a: Alomomola
|
|-weather|none
|-heal|p2a: Alomomola|55/100|[from] item: Leftovers
|upkeep
|turn|18
|
|t:|1760760623
|move|p2a: Alomomola|Protect|p2a: Alomomola
|-singleturn|p2a: Alomomola|Protect
|move|p1a: Itachi|Brave Bird|p2a: Alomomola
|-activate|p2a: Alomomola|move: Protect
|
|-heal|p2a: Alomomola|61/100|[from] item: Leftovers
|upkeep
|turn|19
|
|t:|1760760630
|move|p2a: Alomomola|Protect||[still]
|-fail|p2a: Alomomola
|move|p1a: Itachi|Swords Dance|p1a: Itachi
|-boost|p1a: Itachi|atk|2
|
|-heal|p2a: Alomomola|67/100|[from] item: Leftovers
|-end|p2a: Alomomola|Encore
|upkeep
|turn|20
|
|t:|1760760641
|switch|p2a: Ceruledge|Ceruledge, M|70/100
|-damage|p2a: Ceruledge|45/100|[from] Stealth Rock
|move|p1a: Itachi|Encore||[still]
|-fail|p1a: Itachi
|
|upkeep
|turn|21
|
|t:|1760760647
|switch|p1a: Shukaku|Tyranitar, F, shiny|50/100
|-damage|p1a: Shukaku|38/100|[from] Stealth Rock
|-weather|Sandstorm|[from] ability: Sand Stream|[of] p1a: Shukaku
|move|p2a: Ceruledge|Shadow Sneak|p1a: Shukaku
|-resisted|p1a: Shukaku
|-damage|p1a: Shukaku|30/100
|
|-weather|Sandstorm|[upkeep]
|-damage|p2a: Ceruledge|39/100|[from] Sandstorm
|upkeep
|turn|22
|
|t:|1760760662
|switch|p2a: Alomomola|Alomomola, F|100/100
|-damage|p2a: Alomomola|88/100|[from] Stealth Rock
|move|p1a: Shukaku|Thunder Wave|p2a: Alomomola|[miss]
|-miss|p1a: Shukaku|p2a: Alomomola
|
|-weather|Sandstorm|[upkeep]
|-damage|p2a: Alomomola|82/100|[from] Sandstorm
|-heal|p2a: Alomomola|88/100|[from] item: Leftovers
|upkeep
|turn|23
|
|t:|1760760672
|move|p2a: Alomomola|Flip Turn|p1a: Shukaku
|-supereffective|p1a: Shukaku
|-damage|p1a: Shukaku|9/100
|
|t:|1760760676
|switch|p2a: Garchomp|Garchomp, M, tera:Steel|100/100|[from] Flip Turn
|-damage|p2a: Garchomp|94/100|[from] Stealth Rock
|move|p1a: Shukaku|Roar|p2a: Garchomp
|drag|p2a: Alomomola|Alomomola, F|100/100
|-damage|p2a: Alomomola|88/100|[from] Stealth Rock
|
|-weather|Sandstorm|[upkeep]
|-damage|p2a: Alomomola|82/100|[from] Sandstorm
|-heal|p2a: Alomomola|88/100|[from] item: Leftovers
|upkeep
|turn|24
|c|☆OP Earthquakes|ofc
|-message|OP Earthquakes forfeited.
|
|win|kenjihibiki
|raw|OP Earthquakes's rating: 1450 &rarr; <strong>1429</strong><br />(-21 for losing)
|raw|kenjihibiki's rating: 1440 &rarr; <strong>1461</strong><br />(+21 for winning)
|l|☆OP Earthquakes
|player|p1|
|l|☆kenjihibiki
|player|p2|
