|j|☆Yoknowjoegay
|j|☆ay cheu
|t:|1760748727
|gametype|singles
|player|p1|Yoknowjoegay|266|1407
|player|p2|ay cheu|riley|1485
|gen|9
|tier|[Gen 9] OU
|rated|
|rule|HP Percentage Mod: HP is shown in percentages
|rule|Endless Battle Clause: Forcing endless battles is banned
|rule|Species Clause: Limit one of each Pokémon
|rule|OHKO Clause: OHKO moves are banned
|rule|Evasion Items Clause: Evasion items are banned
|rule|Evasion Moves Clause: Evasion moves are banned
|rule|Evasion Abilities Clause: Evasion abilities are banned
|rule|Sleep Moves Clause: Sleep-inducing moves are banned
|clearpoke
|poke|p1|Great Tusk|
|poke|p1|Ting-Lu|
|poke|p1|Tornadus-Therian, M|
|poke|p1|Greninja-*, F|
|poke|p1|Cinderace, F|
|poke|p1|Gholdengo|
|poke|p2|Arcanine, M|
|poke|p2|Hatterene, F|
|poke|p2|Mamoswine, M|
|poke|p2|Greninja-*, M|
|poke|p2|Altaria, F|
|poke|p2|Magnezone|
|teampreview
|inactive|Battle timer is ON: inactive players will automatically lose when time's up. (requested by Yoknowjoegay)
|
|t:|1760748732
|teamsize|p1|6
|teamsize|p2|6
|start
|switch|p1a: Cinderace|Cinderace, F|100/100
|switch|p2a: Greninja|Greninja, M|100/100
|turn|1
|
|t:|1760748758
|switch|p1a: Tornadus|Tornadus-Therian, M|100/100
|move|p2a: Greninja|U-turn|p1a: Tornadus
|-start|p2a: Greninja|typechange|Bug|[from] ability: Protean
|-resisted|p1a: Tornadus
|-damage|p1a: Tornadus|87/100
|
|t:|1760748766
|switch|p2a: Mamoswine|Mamoswine, M|100/100|[from] U-turn
|
|upkeep
|turn|2
|
|t:|1760748777
|move|p1a: Tornadus|U-turn|p2a: Mamoswine
|-damage|p2a: Mamoswine|82/100
|
|t:|1760748789
|switch|p1a: Cinderace|Cinderace, F|100/100|[from] U-turn
|move|p2a: Mamoswine|Icicle Spear|p1a: Cinderace
|-resisted|p1a: Cinderace
|-crit|p1a: Cinderace
|-damage|p1a: Cinderace|87/100
|-resisted|p1a: Cinderace
|-damage|p1a: Cinderace|78/100
|-resisted|p1a: Cinderace
|-damage|p1a: Cinderace|68/100
|-resisted|p1a: Cinderace
|-damage|p1a: Cinderace|59/100
|-hitcount|p1a: Cinderace|4
|
|upkeep
|turn|3
|
|t:|1760748799
|switch|p2a: Altaria|Altaria, F|100/100
|-ability|p2a: Altaria|Cloud Nine
|move|p1a: Cinderace|Pyro Ball|p2a: Altaria
|-resisted|p2a: Altaria
|-damage|p2a: Altaria|80/100
|
|upkeep
|turn|4
|
|t:|1760748806
|move|p1a: Cinderace|U-turn|p2a: Altaria
|-start|p1a: Cinderace|typechange|Bug|[from] ability: Libero
|-resisted|p2a: Altaria
|-damage|p2a: Altaria|68/100
|
|t:|1760748816
|switch|p1a: Greninja|Greninja, F, shiny|100/100|[from] U-turn
|move|p2a: Altaria|Roost|p2a: Altaria
|-heal|p2a: Altaria|100/100
|-singleturn|p2a: Altaria|move: Roost
|
|upkeep
|turn|5
|
|t:|1760748826
|switch|p2a: Greninja|Greninja, M|100/100
|move|p1a: Greninja|U-turn|p2a: Greninja
|-start|p1a: Greninja|typechange|Bug|[from] ability: Protean
|-supereffective|p2a: Greninja
|-damage|p2a: Greninja|37/100
|
|t:|1760748831
|switch|p1a: Tornadus|Tornadus-Therian, M|100/100|[from] U-turn
|
|upkeep
|turn|6
|
|t:|1760748834
|move|p2a: Greninja|Ice Beam|p1a: Tornadus
|-start|p2a: Greninja|typechange|Ice|[from] ability: Protean
|-supereffective|p1a: Tornadus
|-damage|p1a: Tornadus|36/100
|move|p1a: Tornadus|U-turn|p2a: Greninja
|-damage|p2a: Greninja|11/100
|
|t:|1760748839
|switch|p1a: Greninja|Greninja, F, shiny|100/100|[from] U-turn
|
|upkeep
|turn|7
|
|t:|1760748847
|switch|p2a: Hatterene|Hatterene, F|100/100
|move|p1a: Greninja|U-turn|p2a: Hatterene
|-start|p1a: Greninja|typechange|Bug|[from] ability: Protean
|-damage|p2a: Hatterene|83/100
|
|t:|1760748850
|switch|p1a: Tornadus|Tornadus-Therian, M|69/100|[from] U-turn
|
|-heal|p2a: Hatterene|89/100|[from] item: Leftovers
|upkeep
|turn|8
|
|t:|1760748859
|switch|p2a: Arcanine|Arcanine, M|100/100
|-ability|p2a: Arcanine|Intimidate|boost
|-unboost|p1a: Tornadus|atk|1
|move|p1a: Tornadus|Bleakwind Storm|p2a: Arcanine
|-damage|p2a: Arcanine|54/100
|
|upkeep
|turn|9
|
|t:|1760748866
|move|p1a: Tornadus|U-turn|p2a: Arcanine
|-resisted|p2a: Arcanine
|-damage|p2a: Arcanine|50/100
|-damage|p1a: Tornadus|52/100|[from] item: Rocky Helmet|[of] p2a: Arcanine
|
|t:|1760748871
|switch|p1a: Great Tusk|Great Tusk|100/100|[from] U-turn
|move|p2a: Arcanine|Morning Sun|p2a: Arcanine
|-heal|p2a: Arcanine|99/100
|
|upkeep
|turn|10
|
|t:|1760748878
|switch|p2a: Altaria|Altaria, F|100/100
|-ability|p2a: Altaria|Cloud Nine
|move|p1a: Great Tusk|Knock Off|p2a: Altaria
|-damage|p2a: Altaria|81/100
|-enditem|p2a: Altaria|Heavy-Duty Boots|[from] move: Knock Off|[of] p1a: Great Tusk
|
|upkeep
|turn|11
|
|t:|1760748886
|-end|p1a: Great Tusk|Protosynthesis|[silent]
|switch|p1a: Ting-Lu|Ting-Lu|100/100
|-ability|p1a: Ting-Lu|Vessel of Ruin
|switch|p2a: Hatterene|Hatterene, F|89/100
|
|-heal|p2a: Hatterene|95/100|[from] item: Leftovers
|upkeep
|turn|12
|
|t:|1760748893
|move|p1a: Ting-Lu|Ruination|p2a: Hatterene
|-damage|p2a: Hatterene|48/100
|move|p2a: Hatterene|Calm Mind|p2a: Hatterene
|-boost|p2a: Hatterene|spa|1
|-boost|p2a: Hatterene|spd|1
|
|-heal|p2a: Hatterene|54/100|[from] item: Leftovers
|upkeep
|turn|13
|
|t:|1760748900
|move|p1a: Ting-Lu|Earthquake|p2a: Hatterene
|-damage|p2a: Hatterene|21/100
|move|p2a: Hatterene|Draining Kiss|p1a: Ting-Lu
|-supereffective|p1a: Ting-Lu
|-damage|p1a: Ting-Lu|69/100
|-heal|p2a: Hatterene|59/100|[from] drain|[of] p1a: Ting-Lu
|
|-heal|p1a: Ting-Lu|75/100|[from] item: Leftovers
|-heal|p2a: Hatterene|65/100|[from] item: Leftovers
|upkeep
|turn|14
|
|t:|1760748908
|switch|p1a: Cinderace|Cinderace, F|59/100
|move|p2a: Hatterene|Draining Kiss|p1a: Cinderace
|-resisted|p1a: Cinderace
|-damage|p1a: Cinderace|32/100
|-heal|p2a: Hatterene|84/100|[from] drain|[of] p1a: Cinderace
|
|-heal|p2a: Hatterene|90/100|[from] item: Leftovers
|upkeep
|turn|15
|
|t:|1760748914
|switch|p2a: Arcanine|Arcanine, M|99/100
|-ability|p2a: Arcanine|Intimidate|boost
|-unboost|p1a: Cinderace|atk|1
|move|p1a: Cinderace|Pyro Ball|p2a: Arcanine
|-resisted|p2a: Arcanine
|-damage|p2a: Arcanine|85/100
|
|upkeep
|turn|16
|
|t:|1760748923
|switch|p1a: Great Tusk|Great Tusk|100/100
|move|p2a: Arcanine|Will-O-Wisp|p1a: Great Tusk
|-status|p1a: Great Tusk|brn
|
|-damage|p1a: Great Tusk|94/100 brn|[from] brn
|upkeep
|turn|17
|
|t:|1760748928
|switch|p2a: Hatterene|Hatterene, F|90/100
|move|p1a: Great Tusk|Knock Off|p2a: Hatterene
|-damage|p2a: Hatterene|78/100
|-enditem|p2a: Hatterene|Leftovers|[from] move: Knock Off|[of] p1a: Great Tusk
|
|-heal|p1a: Great Tusk|100/100 brn|[from] item: Leftovers
|-damage|p1a: Great Tusk|94/100 brn|[from] brn
|upkeep
|turn|18
|
|t:|1760748934
|-end|p1a: Great Tusk|Protosynthesis|[silent]
|switch|p1a: Gholdengo|Gholdengo|100/100
|move|p2a: Hatterene|Mystical Fire|p1a: Gholdengo
|-supereffective|p1a: Gholdengo
|-damage|p1a: Gholdengo|53/100
|
|upkeep
|turn|19
|
|t:|1760748943
|switch|p2a: Magnezone|Magnezone|100/100
|move|p1a: Gholdengo|Recover|p1a: Gholdengo
|-heal|p1a: Gholdengo|100/100
|
|upkeep
|turn|20
|
|t:|1760748958
|switch|p1a: Great Tusk|Great Tusk|94/100 brn
|move|p2a: Magnezone|Volt Switch|p1a: Great Tusk
|-immune|p1a: Great Tusk
|
|-heal|p1a: Great Tusk|100/100 brn|[from] item: Leftovers
|-damage|p1a: Great Tusk|94/100 brn|[from] brn
|upkeep
|turn|21
|
|t:|1760748963
|-end|p1a: Great Tusk|Protosynthesis|[silent]
|switch|p1a: Cinderace|Cinderace, F|32/100
|switch|p2a: Hatterene|Hatterene, F|78/100
|
|upkeep
|turn|22
|
|t:|1760748967
|switch|p2a: Arcanine|Arcanine, M|85/100
|-ability|p2a: Arcanine|Intimidate|boost
|-unboost|p1a: Cinderace|atk|1
|move|p1a: Cinderace|Pyro Ball|p2a: Arcanine|[miss]
|-miss|p1a: Cinderace|p2a: Arcanine
|
|upkeep
|turn|23
|
|t:|1760748975
|switch|p1a: Great Tusk|Great Tusk|94/100 brn
|switch|p2a: Mamoswine|Mamoswine, M|82/100
|
|-heal|p1a: Great Tusk|100/100 brn|[from] item: Leftovers
|-damage|p1a: Great Tusk|94/100 brn|[from] brn
|upkeep
|turn|24
|
|t:|1760748979
|move|p2a: Mamoswine|Icicle Spear|p1a: Great Tusk
|-supereffective|p1a: Great Tusk
|-damage|p1a: Great Tusk|82/100 brn
|-supereffective|p1a: Great Tusk
|-damage|p1a: Great Tusk|69/100 brn
|-supereffective|p1a: Great Tusk
|-damage|p1a: Great Tusk|57/100 brn
|-supereffective|p1a: Great Tusk
|-damage|p1a: Great Tusk|45/100 brn
|-hitcount|p1a: Great Tusk|4
|move|p1a: Great Tusk|Body Press|p2a: Mamoswine
|-supereffective|p2a: Mamoswine
|-damage|p2a: Mamoswine|32/100
|
|-heal|p1a: Great Tusk|51/100 brn|[from] item: Leftovers
|-damage|p1a: Great Tusk|45/100 brn|[from] brn
|upkeep
|turn|25
|
|t:|1760748985
|move|p2a: Mamoswine|Icicle Spear|p1a: Great Tusk
|-supereffective|p1a: Great Tusk
|-damage|p1a: Great Tusk|33/100 brn
|-supereffective|p1a: Great Tusk
|-damage|p1a: Great Tusk|20/100 brn
|-supereffective|p1a: Great Tusk
|-damage|p1a: Great Tusk|8/100 brn
|-supereffective|p1a: Great Tusk
|-damage|p1a: Great Tusk|0 fnt
|faint|p1a: Great Tusk
|-end|p1a: Great Tusk|Protosynthesis|[silent]
|-hitcount|p1: Great Tusk|4
|
|upkeep
|
|t:|1760748994
|switch|p1a: Cinderace|Cinderace, F|32/100
|turn|26
|
|t:|1760748998
|switch|p2a: Arcanine|Arcanine, M|85/100
|-ability|p2a: Arcanine|Intimidate|boost
|-unboost|p1a: Cinderace|atk|1
|move|p1a: Cinderace|Pyro Ball|p2a: Arcanine
|-resisted|p2a: Arcanine
|-damage|p2a: Arcanine|70/100
|
|upkeep
|turn|27
|
|t:|1760749005
|switch|p1a: Ting-Lu|Ting-Lu|75/100
|-ability|p1a: Ting-Lu|Vessel of Ruin
|move|p2a: Arcanine|Morning Sun|p2a: Arcanine
|-heal|p2a: Arcanine|100/100
|
|-heal|p1a: Ting-Lu|81/100|[from] item: Leftovers
|upkeep
|turn|28
|
|t:|1760749010
|move|p2a: Arcanine|Will-O-Wisp|p1a: Ting-Lu|[miss]
|-miss|p2a: Arcanine|p1a: Ting-Lu
|move|p1a: Ting-Lu|Earthquake|p2a: Arcanine
|-supereffective|p2a: Arcanine
|-damage|p2a: Arcanine|43/100
|
|-heal|p1a: Ting-Lu|88/100|[from] item: Leftovers
|upkeep
|turn|29
|
|t:|1760749015
|switch|p2a: Hatterene|Hatterene, F|78/100
|switch|p1a: Gholdengo|Gholdengo|100/100
|
|upkeep
|turn|30
|
|t:|1760749019
|switch|p2a: Magnezone|Magnezone|100/100
|move|p1a: Gholdengo|Make It Rain|p2a: Magnezone
|-resisted|p2a: Magnezone
|-damage|p2a: Magnezone|87/100
|-unboost|p1a: Gholdengo|spa|1
|
|upkeep
|turn|31
|
|t:|1760749030
|switch|p1a: Ting-Lu|Ting-Lu|88/100
|-ability|p1a: Ting-Lu|Vessel of Ruin
|switch|p2a: Mamoswine|Mamoswine, M|32/100
|
|-heal|p1a: Ting-Lu|94/100|[from] item: Leftovers
|upkeep
|turn|32
|
|t:|1760749038
|switch|p1a: Greninja|Greninja, F, shiny|100/100
|move|p2a: Mamoswine|Icicle Spear|p1a: Greninja
|-resisted|p1a: Greninja
|-damage|p1a: Greninja|90/100
|-resisted|p1a: Greninja
|-damage|p1a: Greninja|79/100
|-resisted|p1a: Greninja
|-damage|p1a: Greninja|68/100
|-resisted|p1a: Greninja
|-damage|p1a: Greninja|56/100
|-hitcount|p1a: Greninja|4
|
|upkeep
|turn|33
|
|t:|1760749051
|switch|p2a: Altaria|Altaria, F|81/100
|-ability|p2a: Altaria|Cloud Nine
|move|p1a: Greninja|Dark Pulse|p2a: Altaria
|-start|p1a: Greninja|typechange|Dark|[from] ability: Protean
|-damage|p2a: Altaria|29/100
|
|upkeep
|turn|34
|
|t:|1760749064
|move|p1a: Greninja|Dark Pulse|p2a: Altaria
|-damage|p2a: Altaria|0 fnt
|faint|p2a: Altaria
|
|upkeep
|
|t:|1760749065
|switch|p2a: Greninja|Greninja, M|11/100
|turn|35
|
|t:|1760749071
|move|p2a: Greninja|U-turn|p1a: Greninja
|-start|p2a: Greninja|typechange|Bug|[from] ability: Protean
|-supereffective|p1a: Greninja
|-damage|p1a: Greninja|0 fnt
|faint|p1a: Greninja
|
|t:|1760749081
|switch|p2a: Arcanine|Arcanine, M|43/100|[from] U-turn
|
|upkeep
|c|☆Yoknowjoegay|That’s harsh
|
|t:|1760749091
|switch|p1a: Ting-Lu|Ting-Lu|94/100
|-ability|p1a: Ting-Lu|Vessel of Ruin
|turn|36
|
|t:|1760749099
|move|p2a: Arcanine|Will-O-Wisp|p1a: Ting-Lu
|-status|p1a: Ting-Lu|brn
|move|p1a: Ting-Lu|Earthquake|p2a: Arcanine
|-supereffective|p2a: Arcanine
|-damage|p2a: Arcanine|13/100
|
|-heal|p1a: Ting-Lu|99/100 brn|[from] item: Leftovers
|-damage|p1a: Ting-Lu|94/100 brn|[from] brn
|upkeep
|turn|37
|
|t:|1760749106
|move|p2a: Arcanine|Morning Sun|p2a: Arcanine
|-heal|p2a: Arcanine|63/100
|move|p1a: Ting-Lu|Ruination|p2a: Arcanine
|-damage|p2a: Arcanine|32/100
|
|-heal|p1a: Ting-Lu|99/100 brn|[from] item: Leftovers
|-damage|p1a: Ting-Lu|94/100 brn|[from] brn
|upkeep
|turn|38
|
|t:|1760749113
|switch|p2a: Hatterene|Hatterene, F|78/100
|move|p1a: Ting-Lu|Earthquake|p2a: Hatterene
|-damage|p2a: Hatterene|63/100
|
|-heal|p1a: Ting-Lu|99/100 brn|[from] item: Leftovers
|-damage|p1a: Ting-Lu|94/100 brn|[from] brn
|upkeep
|turn|39
|
|t:|1760749120
|switch|p2a: Mamoswine|Mamoswine, M|32/100
|move|p1a: Ting-Lu|Ruination|p2a: Mamoswine
|-damage|p2a: Mamoswine|17/100
|
|-heal|p1a: Ting-Lu|99/100 brn|[from] item: Leftovers
|-damage|p1a: Ting-Lu|94/100 brn|[from] brn
|upkeep
|turn|40
|
|t:|1760749128
|move|p2a: Mamoswine|Icicle Spear|p1a: Ting-Lu
|-supereffective|p1a: Ting-Lu
|-damage|p1a: Ting-Lu|78/100 brn
|-supereffective|p1a: Ting-Lu
|-damage|p1a: Ting-Lu|64/100 brn
|-supereffective|p1a: Ting-Lu
|-damage|p1a: Ting-Lu|49/100 brn
|-supereffective|p1a: Ting-Lu
|-damage|p1a: Ting-Lu|34/100 brn
|-hitcount|p1a: Ting-Lu|4
|move|p1a: Ting-Lu|Earthquake|p2a: Mamoswine
|-damage|p2a: Mamoswine|0 fnt
|faint|p2a: Mamoswine
|
|-heal|p1a: Ting-Lu|40/100 brn|[from] item: Leftovers
|-damage|p1a: Ting-Lu|34/100 brn|[from] brn
|upkeep
|
|t:|1760749139
|switch|p2a: Greninja|Greninja, M|11/100
|turn|41
|
|t:|1760749147
|-terastallize|p2a: Greninja|Water
|move|p2a: Greninja|Hydro Pump|p1a: Ting-Lu
|-supereffective|p1a: Ting-Lu
|-damage|p1a: Ting-Lu|0 fnt
|faint|p1a: Ting-Lu
|
|upkeep
|
|t:|1760749154
|switch|p1a: Gholdengo|Gholdengo|100/100
|turn|42
|
|t:|1760749157
|switch|p2a: Magnezone|Magnezone|87/100
|-terastallize|p1a: Gholdengo|Water
|move|p1a: Gholdengo|Hex|p2a: Magnezone
|-damage|p2a: Magnezone|53/100
|
|upkeep
|turn|43
|
|t:|1760749166
|switch|p1a: Tornadus|Tornadus-Therian, M|85/100
|move|p2a: Magnezone|Discharge|p1a: Tornadus
|-supereffective|p1a: Tornadus
|-crit|p1a: Tornadus
|-damage|p1a: Tornadus|0 fnt
|faint|p1a: Tornadus
|
|upkeep
|
|t:|1760749169
|switch|p1a: Cinderace|Cinderace, F|32/100
|turn|44
|
|t:|1760749174
|switch|p1a: Gholdengo|Gholdengo, tera:Water|100/100
|switch|p2a: Arcanine|Arcanine, M|32/100
|-ability|p2a: Arcanine|Intimidate|boost
|-unboost|p1a: Gholdengo|atk|1
|
|upkeep
|turn|45
|
|t:|1760749177
|move|p2a: Arcanine|Morning Sun|p2a: Arcanine
|-heal|p2a: Arcanine|82/100
|move|p1a: Gholdengo|Hex|p2a: Arcanine
|-damage|p2a: Arcanine|50/100
|
|upkeep
|turn|46
|
|t:|1760749182
|move|p2a: Arcanine|Morning Sun|p2a: Arcanine
|-heal|p2a: Arcanine|100/100
|move|p1a: Gholdengo|Thunder Wave|p2a: Arcanine
|-status|p2a: Arcanine|par
|
|upkeep
|turn|47
|
|t:|1760749189
|switch|p2a: Hatterene|Hatterene, F|63/100
|move|p1a: Gholdengo|Hex|p2a: Hatterene
|-supereffective|p2a: Hatterene
|-damage|p2a: Hatterene|0 fnt
|faint|p2a: Hatterene
|
|upkeep
|
|t:|1760749194
|switch|p2a: Magnezone|Magnezone|53/100
|turn|48
|
|t:|1760749198
|move|p1a: Gholdengo|Hex|p2a: Magnezone
|-damage|p2a: Magnezone|19/100
|move|p2a: Magnezone|Discharge|p1a: Gholdengo
|-supereffective|p1a: Gholdengo
|-damage|p1a: Gholdengo|0 fnt
|faint|p1a: Gholdengo
|
|upkeep
|
|t:|1760749204
|switch|p1a: Cinderace|Cinderace, F|32/100
|turn|49
|
|t:|1760749206
|switch|p2a: Arcanine|Arcanine, M|100/100 par
|-ability|p2a: Arcanine|Intimidate|boost
|-unboost|p1a: Cinderace|atk|1
|move|p1a: Cinderace|High Jump Kick|p2a: Arcanine
|-start|p1a: Cinderace|typechange|Fighting|[from] ability: Libero
|-damage|p2a: Arcanine|72/100 par
|-damage|p1a: Cinderace|15/100|[from] item: Rocky Helmet|[of] p2a: Arcanine
|
|upkeep
|turn|50
|c|☆Yoknowjoegay|Well played my brotha
|c|☆Yoknowjoegay|ggs
|-message|Yoknowjoegay forfeited.
|
|win|ay cheu
|raw|Yoknowjoegay's rating: 1407 &rarr; <strong>1391</strong><br />(-16 for losing)
|raw|ay cheu's rating: 1485 &rarr; <strong>1501</strong><br />(+16 for winning)
|l|☆Yoknowjoegay
|player|p1|
|l|☆ay cheu
|player|p2|
