|j|☆0429Roxy
|j|☆Chuolv
|t:|1760861653
|gametype|singles
|player|p1|0429Roxy|265|1137
|player|p2|Chuolv|silver|1224
|gen|9
|tier|[Gen 9] OU
|rated|
|rule|HP Percentage Mod: HP is shown in percentages
|rule|Endless Battle Clause: Forcing endless battles is banned
|rule|Species Clause: Limit one of each Pokémon
|rule|OHKO Clause: OHKO moves are banned
|rule|Evasion Items Clause: Evasion items are banned
|rule|Evasion Moves Clause: Evasion moves are banned
|rule|Evasion Abilities Clause: Evasion abilities are banned
|rule|Sleep Moves Clause: Sleep-inducing moves are banned
|clearpoke
|poke|p1|Great Tusk|
|poke|p1|Moltres|
|poke|p1|Gholdengo|
|poke|p1|Okidogi, M|
|poke|p1|Meowscarada, F|
|poke|p1|Alomomola, F|
|poke|p2|Serperior, M|
|poke|p2|Arboliva, F|
|poke|p2|Ambipom, F|
|poke|p2|Talonflame, F|
|poke|p2|Lapras, M|
|poke|p2|Hawlucha, M|
|teampreview
|inactive|Battle timer is ON: inactive players will automatically lose when time's up. (requested by 0429Roxy)
|
|t:|1760861665
|teamsize|p1|6
|teamsize|p2|6
|start
|switch|p1a: Moltres|Moltres|100/100
|switch|p2a: Ambipom|Ambipom, F, shiny|100/100
|turn|1
|
|t:|1760861674
|move|p2a: Ambipom|Thunder Wave|p1a: Moltres
|-status|p1a: Moltres|par
|cant|p1a: Moltres|par
|
|upkeep
|turn|2
|
|t:|1760861682
|move|p2a: Ambipom|Triple Axel|p1a: Moltres
|-damage|p1a: Moltres|90/100 par
|-damage|p1a: Moltres|71/100 par
|-damage|p1a: Moltres|39/100 par
|-hitcount|p1a: Moltres|3
|move|p1a: Moltres|Heat Wave|p2a: Ambipom
|-damage|p2a: Ambipom|16/100
|
|upkeep
|turn|3
|
|t:|1760861697
|switch|p1a: Alomomola|Alomomola, F, shiny|100/100
|move|p2a: Ambipom|Triple Axel|p1a: Alomomola
|-resisted|p1a: Alomomola
|-damage|p1a: Alomomola|98/100
|-resisted|p1a: Alomomola
|-damage|p1a: Alomomola|92/100
|-resisted|p1a: Alomomola
|-damage|p1a: Alomomola|84/100
|-hitcount|p1a: Alomomola|3
|
|-heal|p1a: Alomomola|90/100|[from] item: Leftovers
|upkeep
|turn|4
|
|t:|1760861709
|move|p2a: Ambipom|Thunder Wave|p1a: Alomomola
|-status|p1a: Alomomola|par
|cant|p1a: Alomomola|par
|
|-heal|p1a: Alomomola|96/100 par|[from] item: Leftovers
|upkeep
|turn|5
|
|t:|1760861718
|move|p2a: Ambipom|Mud-Slap|p1a: Alomomola
|-damage|p1a: Alomomola|90/100 par
|-unboost|p1a: Alomomola|accuracy|1
|move|p1a: Alomomola|Scald|p2a: Ambipom
|-damage|p2a: Ambipom|0 fnt
|faint|p2a: Ambipom
|
|-heal|p1a: Alomomola|96/100 par|[from] item: Leftovers
|upkeep
|
|t:|1760861729
|switch|p2a: Serperior|Serperior, M|100/100
|turn|6
|
|t:|1760861736
|move|p2a: Serperior|Substitute|p2a: Serperior
|-start|p2a: Serperior|Substitute
|-damage|p2a: Serperior|75/100
|cant|p1a: Alomomola|par
|
|-heal|p2a: Serperior|82/100|[from] item: Leftovers
|-heal|p1a: Alomomola|100/100 par|[from] item: Leftovers
|upkeep
|turn|7
|
|t:|1760861744
|move|p2a: Serperior|Leaf Storm|p1a: Alomomola
|-supereffective|p1a: Alomomola
|-damage|p1a: Alomomola|0 fnt
|-boost|p2a: Serperior|spa|2
|faint|p1a: Alomomola
|
|-heal|p2a: Serperior|88/100|[from] item: Leftovers
|upkeep
|
|t:|1760861754
|switch|p1a: Meowscarada|Meowscarada, F|100/100
|turn|8
|
|t:|1760861757
|move|p1a: Meowscarada|Triple Axel|p2a: Serperior
|-start|p1a: Meowscarada|typechange|Ice|[from] ability: Protean
|-supereffective|p2a: Serperior
|-activate|p2a: Serperior|move: Substitute|[damage]
|-supereffective|p2a: Serperior
|-end|p2a: Serperior|Substitute
|-supereffective|p2a: Serperior
|-damage|p2a: Serperior|24/100
|-hitcount|p2a: Serperior|3
|move|p2a: Serperior|Glare|p1a: Meowscarada
|-status|p1a: Meowscarada|par
|
|-heal|p2a: Serperior|30/100|[from] item: Leftovers
|upkeep
|turn|9
|
|t:|1760861772
|move|p2a: Serperior|Leaf Storm|p1a: Meowscarada
|-damage|p1a: Meowscarada|0 fnt
|-boost|p2a: Serperior|spa|2
|faint|p1a: Meowscarada
|
|-heal|p2a: Serperior|36/100|[from] item: Leftovers
|upkeep
|
|t:|1760861778
|switch|p1a: Moltres|Moltres|39/100 par
|turn|10
|
|t:|1760861785
|move|p2a: Serperior|Substitute|p2a: Serperior
|-start|p2a: Serperior|Substitute
|-damage|p2a: Serperior|11/100
|cant|p1a: Moltres|par
|
|-heal|p2a: Serperior|18/100|[from] item: Leftovers
|upkeep
|turn|11
|
|t:|1760861793
|move|p2a: Serperior|Leaf Storm|p1a: Moltres|[miss]
|-miss|p2a: Serperior|p1a: Moltres
|move|p1a: Moltres|Heat Wave|p2a: Serperior
|-supereffective|p2a: Serperior
|-end|p2a: Serperior|Substitute
|
|-heal|p2a: Serperior|24/100|[from] item: Leftovers
|upkeep
|turn|12
|
|t:|1760861802
|move|p2a: Serperior|Leaf Storm|p1a: Moltres|[miss]
|-miss|p2a: Serperior|p1a: Moltres
|move|p1a: Moltres|Heat Wave|p2a: Serperior
|-supereffective|p2a: Serperior
|-damage|p2a: Serperior|0 fnt
|faint|p2a: Serperior
|
|upkeep
|
|t:|1760861817
|switch|p2a: Talonflame|Talonflame, F|100/100
|turn|13
|
|t:|1760861822
|move|p2a: Talonflame|Brave Bird|p1a: Moltres
|-damage|p1a: Moltres|0 fnt
|faint|p1a: Moltres
|-damage|p2a: Talonflame|87/100|[from] Recoil
|
|upkeep
|
|t:|1760861828
|switch|p1a: Great Tusk|Great Tusk, shiny|100/100
|-enditem|p1a: Great Tusk|Booster Energy
|-activate|p1a: Great Tusk|ability: Protosynthesis|[fromitem]
|-start|p1a: Great Tusk|protosynthesisatk
|turn|14
|
|t:|1760861833
|move|p2a: Talonflame|Will-O-Wisp|p1a: Great Tusk
|-status|p1a: Great Tusk|brn
|move|p1a: Great Tusk|Stealth Rock|p2a: Talonflame
|-sidestart|p2: Chuolv|move: Stealth Rock
|
|-damage|p1a: Great Tusk|94/100 brn|[from] brn
|upkeep
|turn|15
|
|t:|1760861847
|move|p2a: Talonflame|Defog|p1a: Great Tusk
|-unboost|p1a: Great Tusk|evasion|1
|-sideend|p2: Chuolv|Stealth Rock|[from] move: Defog|[of] p2a: Talonflame
|move|p1a: Great Tusk|Ice Spinner|p2a: Talonflame
|-damage|p2a: Talonflame|60/100
|
|-damage|p1a: Great Tusk|88/100 brn|[from] brn
|upkeep
|turn|16
|
|t:|1760861857
|move|p2a: Talonflame|Flare Blitz|p1a: Great Tusk
|-damage|p1a: Great Tusk|53/100 brn
|-damage|p2a: Talonflame|46/100|[from] Recoil
|move|p1a: Great Tusk|Ice Spinner|p2a: Talonflame
|-damage|p2a: Talonflame|16/100
|
|-damage|p1a: Great Tusk|47/100 brn|[from] brn
|upkeep
|turn|17
|
|t:|1760861867
|move|p2a: Talonflame|Brave Bird|p1a: Great Tusk
|-supereffective|p1a: Great Tusk
|-damage|p1a: Great Tusk|0 fnt
|faint|p1a: Great Tusk
|-end|p1a: Great Tusk|Protosynthesis|[silent]
|-damage|p2a: Talonflame|0 fnt|[from] Recoil
|faint|p2a: Talonflame
|
|upkeep
|
|t:|1760861878
|switch|p2a: Arboliva|Arboliva, F|100/100
|switch|p1a: Okidogi|Okidogi, M|100/100
|turn|18
|
|t:|1760861883
|move|p1a: Okidogi|Bulk Up|p1a: Okidogi
|-boost|p1a: Okidogi|atk|1
|-boost|p1a: Okidogi|def|1
|move|p2a: Arboliva|Reflect|p2a: Arboliva
|-sidestart|p2: Chuolv|Reflect
|
|upkeep
|turn|19
|
|t:|1760861892
|move|p1a: Okidogi|Bulk Up|p1a: Okidogi
|-boost|p1a: Okidogi|atk|1
|-boost|p1a: Okidogi|def|1
|move|p2a: Arboliva|Light Screen|p2a: Arboliva
|-sidestart|p2: Chuolv|move: Light Screen
|
|upkeep
|turn|20
|
|t:|1760861898
|move|p1a: Okidogi|Bulk Up|p1a: Okidogi
|-boost|p1a: Okidogi|atk|1
|-boost|p1a: Okidogi|def|1
|move|p2a: Arboliva|Memento|p1a: Okidogi
|-unboost|p1a: Okidogi|atk|2
|-unboost|p1a: Okidogi|spa|2
|faint|p2a: Arboliva
|
|upkeep
|
|t:|1760861911
|switch|p2a: Hawlucha|Hawlucha, M|100/100
|turn|21
|
|t:|1760861921
|-terastallize|p1a: Okidogi|Flying
|move|p2a: Hawlucha|Swords Dance|p2a: Hawlucha
|-boost|p2a: Hawlucha|atk|2
|move|p1a: Okidogi|Bulk Up|p1a: Okidogi
|-boost|p1a: Okidogi|atk|1
|-boost|p1a: Okidogi|def|1
|
|upkeep
|turn|22
|
|t:|1760861930
|move|p2a: Hawlucha|Acrobatics|p1a: Okidogi
|-damage|p1a: Okidogi|89/100
|move|p1a: Okidogi|Thunder Punch|p2a: Hawlucha
|-supereffective|p2a: Hawlucha
|-damage|p2a: Hawlucha|31/100
|-status|p2a: Hawlucha|tox|[from] ability: Toxic Chain|[of] p1a: Okidogi
|
|-heal|p1a: Okidogi|95/100|[from] item: Leftovers
|-damage|p2a: Hawlucha|25/100 tox|[from] psn
|upkeep
|turn|23
|
|t:|1760861941
|move|p2a: Hawlucha|Acrobatics|p1a: Okidogi
|-damage|p1a: Okidogi|83/100
|move|p1a: Okidogi|Bulk Up|p1a: Okidogi
|-boost|p1a: Okidogi|atk|1
|-boost|p1a: Okidogi|def|1
|
|-heal|p1a: Okidogi|89/100|[from] item: Leftovers
|-damage|p2a: Hawlucha|13/100 tox|[from] psn
|upkeep
|turn|24
|
|t:|1760861952
|move|p2a: Hawlucha|Swords Dance|p2a: Hawlucha
|-boost|p2a: Hawlucha|atk|2
|move|p1a: Okidogi|Bulk Up|p1a: Okidogi
|-boost|p1a: Okidogi|atk|1
|-boost|p1a: Okidogi|def|1
|
|-heal|p1a: Okidogi|96/100|[from] item: Leftovers
|-damage|p2a: Hawlucha|0 fnt|[from] psn
|faint|p2a: Hawlucha
|upkeep
|
|t:|1760861962
|switch|p2a: Lapras|Lapras, M|100/100
|turn|25
|
|t:|1760861966
|move|p2a: Lapras|Dragon Dance|p2a: Lapras
|-boost|p2a: Lapras|atk|1
|-boost|p2a: Lapras|spe|1
|move|p1a: Okidogi|Drain Punch|p2a: Lapras
|-supereffective|p2a: Lapras
|-damage|p2a: Lapras|0 fnt
|-heal|p1a: Okidogi|100/100|[from] drain|[of] p2a: Lapras
|faint|p2a: Lapras
|
|win|0429Roxy
|raw|0429Roxy's rating: 1137 &rarr; <strong>1168</strong><br />(+31 for winning)
|raw|Chuolv's rating: 1224 &rarr; <strong>1193</strong><br />(-31 for losing)
|l|☆Chuolv
|player|p2|
|l|☆0429Roxy
|player|p1|
