|j|☆lafrappedu13
|j|☆Fhantazy
|t:|1760770767
|gametype|singles
|player|p1|lafrappedu13|ethan|1335
|player|p2|Fhantazy|morty-masters|1400
|gen|9
|tier|[Gen 9] OU
|rated|
|rule|HP Percentage Mod: HP is shown in percentages
|rule|Endless Battle Clause: Forcing endless battles is banned
|rule|Species Clause: Limit one of each Pokémon
|rule|OHKO Clause: OHKO moves are banned
|rule|Evasion Items Clause: Evasion items are banned
|rule|Evasion Moves Clause: Evasion moves are banned
|rule|Evasion Abilities Clause: Evasion abilities are banned
|rule|Sleep Moves Clause: Sleep-inducing moves are banned
|clearpoke
|poke|p1|Great Tusk|
|poke|p1|Dragonite, F|
|poke|p1|Ogerpon-Wellspring, F|
|poke|p1|Iron Moth|
|poke|p1|Iron Valiant|
|poke|p1|Kingambit, M|
|poke|p2|Grafaiai, F|
|poke|p2|Rillaboom, M|
|poke|p2|Grimmsnarl, M|
|poke|p2|Deoxys-Speed|
|poke|p2|Gholdengo|
|poke|p2|Meowscarada, F|
|teampreview
|
|t:|1760770776
|teamsize|p1|6
|teamsize|p2|6
|start
|switch|p1a: Jean-Marie Bigard|Great Tusk|100/100
|switch|p2a: Deoxys|Deoxys-Speed|100/100
|-ability|p2a: Deoxys|Pressure
|turn|1
|
|t:|1760770782
|-end|p1a: Jean-Marie Bigard|Protosynthesis|[silent]
|switch|p1a: goat|Kingambit, M|100/100
|move|p2a: Deoxys|Psycho Boost|p1a: goat
|-immune|p1a: goat
|
|upkeep
|turn|2
|
|t:|1760770790
|move|p2a: Deoxys|Stealth Rock|p1a: goat
|-sidestart|p1: lafrappedu13|move: Stealth Rock
|move|p1a: goat|Iron Head|p2a: Deoxys
|-damage|p2a: Deoxys|36/100
|
|upkeep
|turn|3
|
|t:|1760770796
|move|p1a: goat|Sucker Punch||[still]
|-fail|p1a: goat
|move|p2a: Deoxys|Spikes|p1a: goat
|-sidestart|p1: lafrappedu13|Spikes
|
|upkeep
|turn|4
|
|t:|1760770803
|move|p2a: Deoxys|Spikes|p1a: goat
|-sidestart|p1: lafrappedu13|Spikes
|move|p1a: goat|Kowtow Cleave|p2a: Deoxys
|-supereffective|p2a: Deoxys
|-damage|p2a: Deoxys|0 fnt
|faint|p2a: Deoxys
|
|upkeep
|
|t:|1760770812
|switch|p2a: Grafaiai|Grafaiai, F|100/100
|turn|5
|
|t:|1760770822
|move|p2a: Grafaiai|Low Kick|p1a: goat
|-supereffective|p1a: goat
|-damage|p1a: goat|0 fnt
|faint|p1a: goat
|-end|p1a: goat|fallenundefined|[silent]
|
|upkeep
|
|t:|1760770829
|switch|p1a: Joséphine Ange-G.|Dragonite, F|100/100
|turn|6
|
|t:|1760770836
|move|p2a: Grafaiai|Gunk Shot|p1a: Joséphine Ange-G.
|-damage|p1a: Joséphine Ange-G.|68/100
|move|p1a: Joséphine Ange-G.|Dragon Dance|p1a: Joséphine Ange-G.
|-boost|p1a: Joséphine Ange-G.|atk|1
|-boost|p1a: Joséphine Ange-G.|spe|1
|
|upkeep
|turn|7
|
|t:|1760770843
|switch|p2a: Rillaboom|Rillaboom, M|100/100
|-fieldstart|move: Grassy Terrain|[from] ability: Grassy Surge|[of] p2a: Rillaboom
|move|p1a: Joséphine Ange-G.|Earthquake|p2a: Rillaboom
|-resisted|p2a: Rillaboom
|-damage|p2a: Rillaboom|85/100
|
|-heal|p2a: Rillaboom|91/100|[from] Grassy Terrain
|upkeep
|turn|8
|
|t:|1760770854
|move|p1a: Joséphine Ange-G.|Ice Spinner|p2a: Rillaboom
|-supereffective|p2a: Rillaboom
|-damage|p2a: Rillaboom|0 fnt
|-fieldend|move: Grassy Terrain
|faint|p2a: Rillaboom
|
|upkeep
|
|t:|1760770865
|switch|p2a: Grimmsnarl|Grimmsnarl, M|100/100
|turn|9
|
|t:|1760770868
|move|p1a: Joséphine Ange-G.|Earthquake|p2a: Grimmsnarl
|-damage|p2a: Grimmsnarl|52/100
|move|p2a: Grimmsnarl|Spirit Break|p1a: Joséphine Ange-G.
|-supereffective|p1a: Joséphine Ange-G.
|-crit|p1a: Joséphine Ange-G.
|-damage|p1a: Joséphine Ange-G.|0 fnt
|faint|p1a: Joséphine Ange-G.
|
|upkeep
|
|t:|1760770877
|switch|p1a: Jean-Marie Bigard|Great Tusk|100/100
|-damage|p1a: Jean-Marie Bigard|98/100|[from] Stealth Rock
|-damage|p1a: Jean-Marie Bigard|81/100|[from] Spikes
|turn|10
|
|t:|1760770883
|switch|p2a: Gholdengo|Gholdengo|100/100
|-item|p2a: Gholdengo|Air Balloon
|move|p1a: Jean-Marie Bigard|Stealth Rock|p2a: Gholdengo
|-sidestart|p2: Fhantazy|move: Stealth Rock
|
|upkeep
|turn|11
|
|t:|1760770895
|-end|p1a: Jean-Marie Bigard|Protosynthesis|[silent]
|switch|p1a: Scarlett|Ogerpon-Wellspring, F|100/100
|-damage|p1a: Scarlett|88/100|[from] Stealth Rock
|-damage|p1a: Scarlett|72/100|[from] Spikes
|move|p2a: Gholdengo|Make It Rain|p1a: Scarlett
|-resisted|p1a: Scarlett
|-damage|p1a: Scarlett|33/100
|-unboost|p2a: Gholdengo|spa|1
|
|upkeep
|turn|12
|
|t:|1760770906
|switch|p2a: Grimmsnarl|Grimmsnarl, M|52/100
|-damage|p2a: Grimmsnarl|40/100|[from] Stealth Rock
|move|p1a: Scarlett|Ivy Cudgel|p2a: Grimmsnarl|[anim] Ivy Cudgel Water
|-damage|p2a: Grimmsnarl|0 fnt
|faint|p2a: Grimmsnarl
|
|upkeep
|
|t:|1760770910
|switch|p2a: Meowscarada|Meowscarada, F|100/100
|-damage|p2a: Meowscarada|88/100|[from] Stealth Rock
|turn|13
|
|t:|1760770921
|move|p2a: Meowscarada|Flower Trick|p1a: Scarlett
|-start|p2a: Meowscarada|typechange|Grass|[from] ability: Protean
|-crit|p1a: Scarlett
|-damage|p1a: Scarlett|0 fnt
|faint|p1a: Scarlett
|
|upkeep
|
|t:|1760770928
|switch|p1a: Jean-Marie Bigard|Great Tusk|81/100
|-damage|p1a: Jean-Marie Bigard|78/100|[from] Stealth Rock
|-damage|p1a: Jean-Marie Bigard|62/100|[from] Spikes
|turn|14
|
|t:|1760770934
|switch|p2a: Gholdengo|Gholdengo|100/100
|-damage|p2a: Gholdengo|94/100|[from] Stealth Rock
|-item|p2a: Gholdengo|Air Balloon
|move|p1a: Jean-Marie Bigard|Rapid Spin|p2a: Gholdengo
|-immune|p2a: Gholdengo
|
|upkeep
|turn|15
|
|t:|1760770942
|move|p1a: Jean-Marie Bigard|Ice Spinner|p2a: Gholdengo
|-resisted|p2a: Gholdengo
|-damage|p2a: Gholdengo|82/100
|-enditem|p2a: Gholdengo|Air Balloon
|move|p2a: Gholdengo|Shadow Ball|p1a: Jean-Marie Bigard
|-damage|p1a: Jean-Marie Bigard|0 fnt
|faint|p1a: Jean-Marie Bigard
|-end|p1a: Jean-Marie Bigard|Protosynthesis|[silent]
|
|upkeep
|
|t:|1760770951
|switch|p1a: Maya l'Abeille|Iron Moth|100/100
|-damage|p1a: Maya l'Abeille|76/100|[from] Stealth Rock
|-damage|p1a: Maya l'Abeille|59/100|[from] Spikes
|turn|16
|
|t:|1760770956
|move|p1a: Maya l'Abeille|Fiery Dance|p2a: Gholdengo
|-supereffective|p2a: Gholdengo
|-damage|p2a: Gholdengo|0 fnt
|faint|p2a: Gholdengo
|
|upkeep
|
|t:|1760770958
|switch|p2a: Grafaiai|Grafaiai, F|100/100
|-damage|p2a: Grafaiai|88/100|[from] Stealth Rock
|turn|17
|
|t:|1760770967
|move|p1a: Maya l'Abeille|Fiery Dance|p2a: Grafaiai
|-damage|p2a: Grafaiai|15/100
|move|p2a: Grafaiai|Gunk Shot|p1a: Maya l'Abeille
|-resisted|p1a: Maya l'Abeille
|-damage|p1a: Maya l'Abeille|9/100
|
|upkeep
|turn|18
|
|t:|1760770973
|move|p1a: Maya l'Abeille|Fiery Dance|p2a: Grafaiai
|-damage|p2a: Grafaiai|0 fnt
|-boost|p1a: Maya l'Abeille|spa|1
|faint|p2a: Grafaiai
|
|upkeep
|
|t:|1760770974
|switch|p2a: Meowscarada|Meowscarada, F|88/100
|-damage|p2a: Meowscarada|76/100|[from] Stealth Rock
|turn|19
|c|☆lafrappedu13|gg
|
|t:|1760770980
|move|p1a: Maya l'Abeille|Fiery Dance|p2a: Meowscarada
|-supereffective|p2a: Meowscarada
|-damage|p2a: Meowscarada|0 fnt
|-boost|p1a: Maya l'Abeille|spa|1
|faint|p2a: Meowscarada
|
|win|lafrappedu13
|raw|lafrappedu13's rating: 1335 &rarr; <strong>1359</strong><br />(+24 for winning)
|raw|Fhantazy's rating: 1400 &rarr; <strong>1376</strong><br />(-24 for losing)
|l|☆Fhantazy
|player|p2|
|l|☆lafrappedu13
|player|p1|
