|j|☆Dankest of Rai
|j|☆Fredolangas
|t:|1760846423
|gametype|singles
|player|p1|Dankest of Rai|caitlin|1307
|player|p2|Fredolangas|1|1298
|gen|9
|tier|[Gen 9] OU
|rated|
|rule|HP Percentage Mod: HP is shown in percentages
|rule|Endless Battle Clause: Forcing endless battles is banned
|rule|Species Clause: Limit one of each Pokémon
|rule|OHKO Clause: OHKO moves are banned
|rule|Evasion Items Clause: Evasion items are banned
|rule|Evasion Moves Clause: Evasion moves are banned
|rule|Evasion Abilities Clause: Evasion abilities are banned
|rule|Sleep Moves Clause: Sleep-inducing moves are banned
|clearpoke
|poke|p1|Darkrai|
|poke|p1|Great Tusk|
|poke|p1|Scizor, F|
|poke|p1|Raging Bolt|
|poke|p1|Gholdengo|
|poke|p1|Iron Moth|
|poke|p2|Kingambit, F|
|poke|p2|Hydreigon, M|
|poke|p2|Chansey, F|
|poke|p2|Araquanid, M|
|poke|p2|Glimmora, F|
|poke|p2|Gliscor, M|
|teampreview
|
|t:|1760846436
|teamsize|p1|6
|teamsize|p2|6
|start
|switch|p1a: Iron Moth|Iron Moth|100/100
|switch|p2a: Araquanid|Araquanid, M|100/100
|-enditem|p1a: Iron Moth|Booster Energy
|-activate|p1a: Iron Moth|ability: Quark Drive|[fromitem]
|-start|p1a: Iron Moth|quarkdrivespa
|turn|1
|
|t:|1760846471
|-end|p1a: Iron Moth|Quark Drive|[silent]
|switch|p1a: Raging Bolt|Raging Bolt|100/100
|move|p2a: Araquanid|Sticky Web|p1a: Raging Bolt
|-sidestart|p1: Dankest of Rai|move: Sticky Web
|
|upkeep
|turn|2
|
|t:|1760846476
|switch|p2a: Gliscor|Gliscor, M|100/100
|move|p1a: Raging Bolt|Volt Switch|p2a: Gliscor
|-immune|p2a: Gliscor
|
|-status|p2a: Gliscor|tox|[from] item: Toxic Orb
|upkeep
|turn|3
|
|t:|1760846480
|move|p1a: Raging Bolt|Dragon Pulse|p2a: Gliscor
|-damage|p2a: Gliscor|47/100 tox
|move|p2a: Gliscor|Knock Off|p1a: Raging Bolt
|-damage|p1a: Raging Bolt|79/100
|-enditem|p1a: Raging Bolt|Heavy-Duty Boots|[from] move: Knock Off|[of] p2a: Gliscor
|
|-heal|p2a: Gliscor|59/100 tox|[from] ability: Poison Heal
|upkeep
|turn|4
|
|t:|1760846499
|move|p2a: Gliscor|Protect|p2a: Gliscor
|-singleturn|p2a: Gliscor|Protect
|move|p1a: Raging Bolt|Dragon Pulse|p2a: Gliscor
|-activate|p2a: Gliscor|move: Protect
|
|-heal|p2a: Gliscor|72/100 tox|[from] ability: Poison Heal
|upkeep
|turn|5
|
|t:|1760846518
|-end|p1a: Raging Bolt|Protosynthesis|[silent]
|switch|p1a: Gholdengo|Gholdengo|100/100
|-item|p1a: Gholdengo|Air Balloon
|move|p2a: Gliscor|Earthquake|p1a: Gholdengo
|-immune|p1a: Gholdengo
|
|-heal|p2a: Gliscor|84/100 tox|[from] ability: Poison Heal
|upkeep
|turn|6
|
|t:|1760846532
|move|p2a: Gliscor|Knock Off|p1a: Gholdengo
|-supereffective|p1a: Gholdengo
|-damage|p1a: Gholdengo|71/100
|-enditem|p1a: Gholdengo|Air Balloon
|move|p1a: Gholdengo|Make It Rain|p2a: Gliscor
|-damage|p2a: Gliscor|19/100 tox
|-unboost|p1a: Gholdengo|spa|1
|
|-heal|p2a: Gliscor|32/100 tox|[from] ability: Poison Heal
|upkeep
|turn|7
|
|t:|1760846543
|move|p2a: Gliscor|Earthquake|p1a: Gholdengo
|-supereffective|p1a: Gholdengo
|-damage|p1a: Gholdengo|21/100
|move|p1a: Gholdengo|Shadow Ball|p2a: Gliscor
|-damage|p2a: Gliscor|2/100 tox
|
|-heal|p2a: Gliscor|14/100 tox|[from] ability: Poison Heal
|upkeep
|turn|8
|
|t:|1760846561
|move|p2a: Gliscor|Protect|p2a: Gliscor
|-singleturn|p2a: Gliscor|Protect
|move|p1a: Gholdengo|Recover|p1a: Gholdengo
|-heal|p1a: Gholdengo|71/100
|
|-heal|p2a: Gliscor|27/100 tox|[from] ability: Poison Heal
|upkeep
|turn|9
|
|t:|1760846570
|switch|p2a: Chansey|Chansey, F|100/100
|move|p1a: Gholdengo|Make It Rain|p2a: Chansey
|-damage|p2a: Chansey|93/100
|-unboost|p1a: Gholdengo|spa|1
|
|upkeep
|turn|10
|
|t:|1760846592
|switch|p1a: Great Tusk|Great Tusk|100/100
|-activate|p1a: Great Tusk|move: Sticky Web
|-unboost|p1a: Great Tusk|spe|1
|move|p2a: Chansey|Stealth Rock|p1a: Great Tusk
|-sidestart|p1: Dankest of Rai|move: Stealth Rock
|
|upkeep
|turn|11
|
|t:|1760846603
|switch|p2a: Araquanid|Araquanid, M|100/100
|move|p1a: Great Tusk|Rapid Spin|p2a: Araquanid
|-damage|p2a: Araquanid|84/100
|-boost|p1a: Great Tusk|spe|1
|-sideend|p1: Dankest of Rai|Stealth Rock|[from] move: Rapid Spin|[of] p1a: Great Tusk
|-sideend|p1: Dankest of Rai|Sticky Web|[from] move: Rapid Spin|[of] p1a: Great Tusk
|
|-heal|p2a: Araquanid|90/100|[from] item: Leftovers
|upkeep
|turn|12
|
|t:|1760846627
|-end|p1a: Great Tusk|Protosynthesis|[silent]
|switch|p1a: Raging Bolt|Raging Bolt|79/100
|move|p2a: Araquanid|Liquidation|p1a: Raging Bolt
|-resisted|p1a: Raging Bolt
|-damage|p1a: Raging Bolt|56/100
|
|-heal|p2a: Araquanid|96/100|[from] item: Leftovers
|upkeep
|turn|13
|
|t:|1760846656
|switch|p2a: Gliscor|Gliscor, M|27/100 tox
|move|p1a: Raging Bolt|Dragon Pulse|p2a: Gliscor
|-damage|p2a: Gliscor|0 fnt
|faint|p2a: Gliscor
|
|upkeep
|
|t:|1760846661
|switch|p2a: Chansey|Chansey, F|93/100
|turn|14
|
|t:|1760846679
|move|p1a: Raging Bolt|Volt Switch|p2a: Chansey
|-damage|p2a: Chansey|84/100
|
|t:|1760846684
|-end|p1a: Raging Bolt|Protosynthesis|[silent]
|switch|p1a: Great Tusk|Great Tusk|100/100|[from] Volt Switch
|move|p2a: Chansey|Stealth Rock|p1a: Great Tusk
|-sidestart|p1: Dankest of Rai|move: Stealth Rock
|
|upkeep
|turn|15
|
|t:|1760846693
|switch|p2a: Araquanid|Araquanid, M|96/100
|move|p1a: Great Tusk|Stealth Rock|p2a: Araquanid
|-sidestart|p2: Fredolangas|move: Stealth Rock
|
|-heal|p2a: Araquanid|100/100|[from] item: Leftovers
|upkeep
|turn|16
|
|t:|1760846726
|-end|p1a: Great Tusk|Protosynthesis|[silent]
|switch|p1a: Raging Bolt|Raging Bolt|56/100
|-damage|p1a: Raging Bolt|44/100|[from] Stealth Rock
|move|p2a: Araquanid|Liquidation|p1a: Raging Bolt
|-resisted|p1a: Raging Bolt
|-damage|p1a: Raging Bolt|21/100
|
|upkeep
|turn|17
|
|t:|1760846750
|move|p1a: Raging Bolt|Volt Switch|p2a: Araquanid
|-supereffective|p2a: Araquanid
|-damage|p2a: Araquanid|48/100
|
|t:|1760846758
|-end|p1a: Raging Bolt|Protosynthesis|[silent]
|switch|p1a: Gholdengo|Gholdengo|71/100|[from] Volt Switch
|-damage|p1a: Gholdengo|65/100|[from] Stealth Rock
|move|p2a: Araquanid|Ice Beam|p1a: Gholdengo
|-resisted|p1a: Gholdengo
|-damage|p1a: Gholdengo|59/100
|
|-heal|p2a: Araquanid|54/100|[from] item: Leftovers
|upkeep
|turn|18
|
|t:|1760846762
|move|p1a: Gholdengo|Recover|p1a: Gholdengo
|-heal|p1a: Gholdengo|100/100
|move|p2a: Araquanid|Sticky Web|p1a: Gholdengo
|-sidestart|p1: Dankest of Rai|move: Sticky Web
|
|-heal|p2a: Araquanid|60/100|[from] item: Leftovers
|upkeep
|turn|19
|
|t:|1760846766
|move|p1a: Gholdengo|Shadow Ball|p2a: Araquanid
|-damage|p2a: Araquanid|35/100
|-unboost|p2a: Araquanid|spd|1
|move|p2a: Araquanid|Liquidation|p1a: Gholdengo
|-damage|p1a: Gholdengo|70/100
|
|-heal|p2a: Araquanid|41/100|[from] item: Leftovers
|upkeep
|turn|20
|
|t:|1760846773
|switch|p2a: Chansey|Chansey, F|84/100
|-damage|p2a: Chansey|72/100|[from] Stealth Rock
|move|p1a: Gholdengo|Shadow Ball|p2a: Chansey
|-immune|p2a: Chansey
|
|upkeep
|turn|21
|
|t:|1760846779
|switch|p1a: Great Tusk|Great Tusk|100/100
|-damage|p1a: Great Tusk|98/100|[from] Stealth Rock
|-activate|p1a: Great Tusk|move: Sticky Web
|-unboost|p1a: Great Tusk|spe|1
|move|p2a: Chansey|Seismic Toss|p1a: Great Tusk
|-damage|p1a: Great Tusk|71/100
|
|-heal|p1a: Great Tusk|77/100|[from] item: Leftovers
|upkeep
|turn|22
|
|t:|1760846788
|switch|p2a: Araquanid|Araquanid, M|41/100
|-damage|p2a: Araquanid|16/100|[from] Stealth Rock
|move|p1a: Great Tusk|Rapid Spin|p2a: Araquanid
|-damage|p2a: Araquanid|2/100
|-boost|p1a: Great Tusk|spe|1
|-sideend|p1: Dankest of Rai|Stealth Rock|[from] move: Rapid Spin|[of] p1a: Great Tusk
|-sideend|p1: Dankest of Rai|Sticky Web|[from] move: Rapid Spin|[of] p1a: Great Tusk
|
|-heal|p1a: Great Tusk|83/100|[from] item: Leftovers
|-heal|p2a: Araquanid|8/100|[from] item: Leftovers
|upkeep
|turn|23
|
|t:|1760846794
|move|p1a: Great Tusk|Rapid Spin|p2a: Araquanid
|-damage|p2a: Araquanid|0 fnt
|-boost|p1a: Great Tusk|spe|1
|faint|p2a: Araquanid
|
|-heal|p1a: Great Tusk|89/100|[from] item: Leftovers
|upkeep
|
|t:|1760846797
|switch|p2a: Glimmora|Glimmora, F|100/100
|-damage|p2a: Glimmora|88/100|[from] Stealth Rock
|turn|24
|
|t:|1760846806
|move|p2a: Glimmora|Protect|p2a: Glimmora
|-singleturn|p2a: Glimmora|Protect
|move|p1a: Great Tusk|Close Combat|p2a: Glimmora
|-activate|p2a: Glimmora|move: Protect
|
|-heal|p1a: Great Tusk|95/100|[from] item: Leftovers
|upkeep
|turn|25
|
|t:|1760846814
|move|p1a: Great Tusk|Close Combat|p2a: Glimmora
|-damage|p2a: Glimmora|6/100
|-unboost|p1a: Great Tusk|def|1
|-unboost|p1a: Great Tusk|spd|1
|-activate|p2a: Glimmora|ability: Toxic Debris
|-sidestart|p1: Dankest of Rai|move: Toxic Spikes
|move|p2a: Glimmora|Mortal Spin|p1a: Great Tusk
|-resisted|p1a: Great Tusk
|-damage|p1a: Great Tusk|92/100
|-status|p1a: Great Tusk|psn
|-sideend|p2: Fredolangas|Stealth Rock|[from] move: Mortal Spin|[of] p2a: Glimmora
|
|-heal|p1a: Great Tusk|98/100 psn|[from] item: Leftovers
|-damage|p1a: Great Tusk|86/100 psn|[from] psn
|upkeep
|turn|26
|
|t:|1760846827
|move|p2a: Glimmora|Protect|p2a: Glimmora
|-singleturn|p2a: Glimmora|Protect
|move|p1a: Great Tusk|Stealth Rock|p2a: Glimmora
|-sidestart|p2: Fredolangas|move: Stealth Rock
|
|-heal|p1a: Great Tusk|92/100 psn|[from] item: Leftovers
|-damage|p1a: Great Tusk|80/100 psn|[from] psn
|upkeep
|turn|27
|
|t:|1760846835
|move|p1a: Great Tusk|Rapid Spin|p2a: Glimmora
|-resisted|p2a: Glimmora
|-damage|p2a: Glimmora|0 fnt
|-boost|p1a: Great Tusk|spe|1
|-activate|p2a: Glimmora|ability: Toxic Debris
|-sidestart|p1: Dankest of Rai|move: Toxic Spikes
|-sideend|p1: Dankest of Rai|Toxic Spikes|[from] move: Rapid Spin|[of] p1a: Great Tusk
|faint|p2a: Glimmora
|
|-heal|p1a: Great Tusk|86/100 psn|[from] item: Leftovers
|-damage|p1a: Great Tusk|74/100 psn|[from] psn
|upkeep
|
|t:|1760846844
|switch|p2a: Kingambit|Kingambit, F|100/100
|-damage|p2a: Kingambit|94/100|[from] Stealth Rock
|-activate|p2a: Kingambit|ability: Supreme Overlord
|-start|p2a: Kingambit|fallen3|[silent]
|turn|28
|
|t:|1760846848
|-terastallize|p2a: Kingambit|Ghost
|move|p1a: Great Tusk|Close Combat|p2a: Kingambit
|-immune|p2a: Kingambit
|move|p2a: Kingambit|Iron Head|p1a: Great Tusk
|-damage|p1a: Great Tusk|12/100 psn
|
|-heal|p1a: Great Tusk|18/100 psn|[from] item: Leftovers
|-damage|p1a: Great Tusk|6/100 psn|[from] psn
|upkeep
|turn|29
|
|t:|1760846856
|move|p1a: Great Tusk|Knock Off|p2a: Kingambit
|-supereffective|p2a: Kingambit
|-damage|p2a: Kingambit|49/100
|-enditem|p2a: Kingambit|Assault Vest|[from] move: Knock Off|[of] p1a: Great Tusk
|move|p2a: Kingambit|Iron Head|p1a: Great Tusk
|-damage|p1a: Great Tusk|0 fnt
|faint|p1a: Great Tusk
|-end|p1a: Great Tusk|Protosynthesis|[silent]
|
|upkeep
|
|t:|1760846862
|switch|p1a: Scizor|Scizor, F|100/100
|turn|30
|
|t:|1760846868
|-terastallize|p1a: Scizor|Steel
|move|p1a: Scizor|Bullet Punch|p2a: Kingambit
|-damage|p2a: Kingambit|10/100
|move|p2a: Kingambit|Iron Head|p1a: Scizor
|-resisted|p1a: Scizor
|-damage|p1a: Scizor|74/100
|
|upkeep
|turn|31
|
|t:|1760846873
|move|p1a: Scizor|Bullet Punch|p2a: Kingambit
|-damage|p2a: Kingambit|0 fnt
|faint|p2a: Kingambit
|-end|p2a: Kingambit|fallen3|[silent]
|
|upkeep
|
|t:|1760846876
|switch|p2a: Hydreigon|Hydreigon, M|100/100
|-damage|p2a: Hydreigon|88/100|[from] Stealth Rock
|turn|32
|
|t:|1760846881
|move|p1a: Scizor|Bullet Punch|p2a: Hydreigon
|-damage|p2a: Hydreigon|9/100
|move|p2a: Hydreigon|Heat Wave|p1a: Scizor
|-supereffective|p1a: Scizor
|-damage|p1a: Scizor|0 fnt
|faint|p1a: Scizor
|
|upkeep
|
|t:|1760846901
|switch|p1a: Raging Bolt|Raging Bolt|21/100
|turn|33
|
|t:|1760846905
|move|p1a: Raging Bolt|Thunderclap|p2a: Hydreigon
|-resisted|p2a: Hydreigon
|-damage|p2a: Hydreigon|0 fnt
|faint|p2a: Hydreigon
|
|upkeep
|
|t:|1760846908
|switch|p2a: Chansey|Chansey, F|72/100
|-damage|p2a: Chansey|60/100|[from] Stealth Rock
|turn|34
|
|t:|1760846926
|move|p1a: Raging Bolt|Thunderbolt|p2a: Chansey
|-damage|p2a: Chansey|48/100
|-status|p2a: Chansey|par
|move|p2a: Chansey|Stealth Rock|p1a: Raging Bolt
|-sidestart|p1: Dankest of Rai|move: Stealth Rock
|
|upkeep
|turn|35
|
|t:|1760846954
|move|p1a: Raging Bolt|Dragon Pulse|p2a: Chansey
|-damage|p2a: Chansey|36/100 par
|move|p2a: Chansey|Soft-Boiled|p2a: Chansey
|-heal|p2a: Chansey|86/100 par
|
|upkeep
|turn|36
|c|☆Dankest of Rai|I prob can't beat the Chansey
|
|t:|1760846981
|move|p1a: Raging Bolt|Volt Switch|p2a: Chansey
|-damage|p2a: Chansey|78/100 par
|
|t:|1760847000
|-end|p1a: Raging Bolt|Protosynthesis|[silent]
|switch|p1a: Darkrai|Darkrai|100/100|[from] Volt Switch
|cant|p2a: Chansey|par
|
|upkeep
|turn|37
|
|t:|1760847005
|move|p1a: Darkrai|Nasty Plot|p1a: Darkrai
|-boost|p1a: Darkrai|spa|2
|move|p2a: Chansey|Thunder Wave|p1a: Darkrai
|-status|p1a: Darkrai|par
|
|upkeep
|turn|38
|
|t:|1760847013
|move|p1a: Darkrai|Nasty Plot|p1a: Darkrai
|-boost|p1a: Darkrai|spa|2
|move|p2a: Chansey|Seismic Toss|p1a: Darkrai
|-damage|p1a: Darkrai|65/100 par
|
|upkeep
|turn|39
|
|t:|1760847019
|move|p1a: Darkrai|Nasty Plot|p1a: Darkrai
|-boost|p1a: Darkrai|spa|2
|cant|p2a: Chansey|par
|
|upkeep
|turn|40
|
|t:|1760847026
|move|p1a: Darkrai|Dark Pulse|p2a: Chansey
|-damage|p2a: Chansey|37/100 par
|move|p2a: Chansey|Seismic Toss|p1a: Darkrai
|-damage|p1a: Darkrai|29/100 par
|
|upkeep
|turn|41
|
|t:|1760847032
|cant|p1a: Darkrai|par
|move|p2a: Chansey|Seismic Toss|p1a: Darkrai
|-damage|p1a: Darkrai|0 fnt
|faint|p1a: Darkrai
|
|upkeep
|
|t:|1760847036
|switch|p1a: Iron Moth|Iron Moth|100/100
|-damage|p1a: Iron Moth|76/100|[from] Stealth Rock
|turn|42
|
|t:|1760847040
|move|p1a: Iron Moth|Fiery Dance|p2a: Chansey
|-damage|p2a: Chansey|27/100 par
|cant|p2a: Chansey|par
|
|upkeep
|turn|43
|
|t:|1760847044
|move|p1a: Iron Moth|Fiery Dance|p2a: Chansey
|-damage|p2a: Chansey|16/100 par
|-boost|p1a: Iron Moth|spa|1
|move|p2a: Chansey|Soft-Boiled|p2a: Chansey
|-heal|p2a: Chansey|66/100 par
|
|upkeep
|turn|44
|
|t:|1760847049
|move|p1a: Iron Moth|Fiery Dance|p2a: Chansey
|-damage|p2a: Chansey|51/100 par
|-boost|p1a: Iron Moth|spa|1
|move|p2a: Chansey|Thunder Wave|p1a: Iron Moth
|-status|p1a: Iron Moth|par
|
|upkeep
|turn|45
|
|t:|1760847059
|move|p1a: Iron Moth|Fiery Dance|p2a: Chansey
|-damage|p2a: Chansey|32/100 par
|move|p2a: Chansey|Soft-Boiled|p2a: Chansey
|-heal|p2a: Chansey|82/100 par
|
|upkeep
|turn|46
|
|t:|1760847064
|move|p1a: Iron Moth|Fiery Dance|p2a: Chansey
|-damage|p2a: Chansey|62/100 par
|-boost|p1a: Iron Moth|spa|1
|move|p2a: Chansey|Seismic Toss|p1a: Iron Moth
|-damage|p1a: Iron Moth|42/100 par
|
|upkeep
|turn|47
|
|t:|1760847072
|move|p1a: Iron Moth|Fiery Dance|p2a: Chansey
|-damage|p2a: Chansey|39/100 par
|-boost|p1a: Iron Moth|spa|1
|move|p2a: Chansey|Seismic Toss|p1a: Iron Moth
|-damage|p1a: Iron Moth|9/100 par
|
|upkeep
|turn|48
|
|t:|1760847079
|move|p1a: Iron Moth|Fiery Dance|p2a: Chansey
|-damage|p2a: Chansey|8/100 par
|-boost|p1a: Iron Moth|spa|1
|cant|p2a: Chansey|par
|
|upkeep
|turn|49
|
|t:|1760847084
|cant|p1a: Iron Moth|par
|move|p2a: Chansey|Seismic Toss|p1a: Iron Moth
|-damage|p1a: Iron Moth|0 fnt
|faint|p1a: Iron Moth
|-end|p1a: Iron Moth|Quark Drive|[silent]
|
|upkeep
|
|t:|1760847091
|switch|p1a: Raging Bolt|Raging Bolt|21/100
|-damage|p1a: Raging Bolt|9/100|[from] Stealth Rock
|turn|50
|
|t:|1760847095
|move|p1a: Raging Bolt|Thunderbolt|p2a: Chansey
|-damage|p2a: Chansey|0 fnt
|faint|p2a: Chansey
|
|win|Dankest of Rai
|raw|Dankest of Rai's rating: 1307 &rarr; <strong>1326</strong><br />(+19 for winning)
|raw|Fredolangas's rating: 1298 &rarr; <strong>1274</strong><br />(-24 for losing)
|c|☆Fredolangas|gg
|l|☆Fredolangas
|player|p2|
|c|☆Dankest of Rai|gg
|l|☆Dankest of Rai
|player|p1|
