|j|☆greenlolcom
|j|☆last disrespect
|t:|1760780901
|gametype|singles
|player|p1|greenlolcom|hilbert-wonderlauncher|1209
|player|p2|last disrespect|102|1308
|gen|9
|tier|[Gen 9] OU
|rated|
|rule|HP Percentage Mod: HP is shown in percentages
|rule|Endless Battle Clause: Forcing endless battles is banned
|rule|Species Clause: Limit one of each Pokémon
|rule|OHKO Clause: OHKO moves are banned
|rule|Evasion Items Clause: Evasion items are banned
|rule|Evasion Moves Clause: Evasion moves are banned
|rule|Evasion Abilities Clause: Evasion abilities are banned
|rule|Sleep Moves Clause: Sleep-inducing moves are banned
|clearpoke
|poke|p1|Gallade, M|
|poke|p1|Grumpig, F|
|poke|p1|Torkoal, F|
|poke|p1|Grimmsnarl, M|
|poke|p1|Incineroar, F|
|poke|p1|Cinderace, F|
|poke|p2|Landorus-Therian, M|
|poke|p2|Samurott-Hisui, M|
|poke|p2|Pecharunt|
|poke|p2|Scizor, M|
|poke|p2|Latios, M|
|poke|p2|Zamazenta-*|
|teampreview
|inactive|Battle timer is ON: inactive players will automatically lose when time's up. (requested by last disrespect)
|inactive|greenlolcom also wants the timer to be on.
|
|t:|1760780917
|teamsize|p1|6
|teamsize|p2|6
|start
|switch|p1a: Grimmsnarl|Grimmsnarl, M, shiny|100/100
|switch|p2a: Landorus|Landorus-Therian, M|100/100
|-ability|p2a: Landorus|Intimidate|boost
|-unboost|p1a: Grimmsnarl|atk|1
|turn|1
|
|t:|1760780927
|move|p1a: Grimmsnarl|Parting Shot|p2a: Landorus
|-unboost|p2a: Landorus|atk|1
|-unboost|p2a: Landorus|spa|1
|
|t:|1760780931
|switch|p1a: Incineroar|Incineroar, F, shiny|100/100|[from] Parting Shot
|-ability|p1a: Incineroar|Intimidate|boost
|-unboost|p2a: Landorus|atk|1
|move|p2a: Landorus|Stealth Rock|p1a: Incineroar
|-sidestart|p1: greenlolcom|move: Stealth Rock
|
|upkeep
|turn|2
|
|t:|1760780941
|move|p2a: Landorus|U-turn|p1a: Incineroar
|-damage|p1a: Incineroar|87/100
|
|t:|1760780944
|switch|p2a: Samurott|Samurott-Hisui, M|100/100|[from] U-turn
|move|p1a: Incineroar|Flame Charge|p2a: Samurott
|-resisted|p2a: Samurott
|-damage|p2a: Samurott|85/100
|-boost|p1a: Incineroar|spe|1
|
|upkeep
|turn|3
|
|t:|1760780956
|move|p1a: Incineroar|Bulk Up|p1a: Incineroar
|-boost|p1a: Incineroar|atk|1
|-boost|p1a: Incineroar|def|1
|move|p2a: Samurott|Ceaseless Edge|p1a: Incineroar
|-resisted|p1a: Incineroar
|-damage|p1a: Incineroar|69/100
|-sidestart|p1: greenlolcom|Spikes
|
|upkeep
|turn|4
|
|t:|1760780966
|move|p1a: Incineroar|Bulk Up|p1a: Incineroar
|-boost|p1a: Incineroar|atk|1
|-boost|p1a: Incineroar|def|1
|move|p2a: Samurott|Razor Shell|p1a: Incineroar
|-supereffective|p1a: Incineroar
|-damage|p1a: Incineroar|10/100
|-unboost|p1a: Incineroar|def|1
|-enditem|p1a: Incineroar|Weakness Policy
|-boost|p1a: Incineroar|atk|2|[from] item: Weakness Policy
|-boost|p1a: Incineroar|spa|2|[from] item: Weakness Policy
|
|upkeep
|turn|5
|
|t:|1760780981
|move|p2a: Samurott|Aqua Jet|p1a: Incineroar
|-supereffective|p1a: Incineroar
|-damage|p1a: Incineroar|0 fnt
|faint|p1a: Incineroar
|
|upkeep
|
|t:|1760780987
|switch|p1a: Cinderace|Cinderace, F, shiny|100/100
|-damage|p1a: Cinderace|76/100|[from] Stealth Rock
|-damage|p1a: Cinderace|63/100|[from] Spikes
|turn|6
|
|t:|1760781003
|move|p1a: Cinderace|High Jump Kick|p2a: Samurott
|-start|p1a: Cinderace|typechange|Fighting|[from] ability: Libero
|-supereffective|p2a: Samurott
|-damage|p2a: Samurott|0 fnt
|faint|p2a: Samurott
|
|upkeep
|
|t:|1760781010
|switch|p2a: Pecharunt|Pecharunt|100/100
|turn|7
|
|t:|1760781014
|move|p1a: Cinderace|Court Change|p1a: Cinderace
|-swapsideconditions
|-activate|p1a: Cinderace|move: Court Change
|move|p2a: Pecharunt|Parting Shot|p1a: Cinderace
|-unboost|p1a: Cinderace|atk|1
|-unboost|p1a: Cinderace|spa|1
|
|t:|1760781019
|switch|p2a: Latios|Latios, M|100/100|[from] Parting Shot
|-damage|p2a: Latios|88/100|[from] Stealth Rock
|
|upkeep
|turn|8
|
|t:|1760781028
|switch|p1a: Grimmsnarl|Grimmsnarl, M, shiny|100/100
|switch|p2a: Scizor|Scizor, M|100/100
|
|upkeep
|turn|9
|
|t:|1760781038
|move|p1a: Grimmsnarl|Reflect|p1a: Grimmsnarl
|-sidestart|p1: greenlolcom|Reflect
|move|p2a: Scizor|Swords Dance|p2a: Scizor
|-boost|p2a: Scizor|atk|2
|
|upkeep
|turn|10
|
|t:|1760781044
|move|p1a: Grimmsnarl|Parting Shot|p2a: Scizor
|-unboost|p2a: Scizor|atk|1
|-unboost|p2a: Scizor|spa|1
|
|t:|1760781048
|switch|p1a: Cinderace|Cinderace, F, shiny|63/100|[from] Parting Shot
|move|p2a: Scizor|Swords Dance|p2a: Scizor
|-boost|p2a: Scizor|atk|2
|
|upkeep
|turn|11
|
|t:|1760781057
|-terastallize|p2a: Scizor|Electric
|move|p1a: Cinderace|Pyro Ball|p2a: Scizor
|-damage|p2a: Scizor|34/100
|move|p2a: Scizor|Knock Off|p1a: Cinderace
|-damage|p1a: Cinderace|0 fnt
|-enditem|p1a: Cinderace|Focus Sash|[from] move: Knock Off|[of] p2a: Scizor
|faint|p1a: Cinderace
|
|upkeep
|
|t:|1760781070
|switch|p1a: Torkoal|Torkoal, F, shiny|100/100
|-weather|SunnyDay|[from] ability: Drought|[of] p1a: Torkoal
|turn|12
|
|t:|1760781076
|move|p2a: Scizor|Knock Off|p1a: Torkoal
|-damage|p1a: Torkoal|63/100
|-enditem|p1a: Torkoal|Leftovers|[from] move: Knock Off|[of] p2a: Scizor
|move|p1a: Torkoal|Lava Plume|p2a: Scizor
|-damage|p2a: Scizor|0 fnt
|faint|p2a: Scizor
|
|-weather|SunnyDay|[upkeep]
|upkeep
|
|t:|1760781082
|switch|p2a: Landorus|Landorus-Therian, M|100/100
|-damage|p2a: Landorus|88/100|[from] Stealth Rock
|-ability|p2a: Landorus|Intimidate|boost
|-unboost|p1a: Torkoal|atk|1
|turn|13
|
|t:|1760781094
|move|p2a: Landorus|Earthquake|p1a: Torkoal
|-supereffective|p1a: Torkoal
|-damage|p1a: Torkoal|29/100
|move|p1a: Torkoal|Lava Plume|p2a: Landorus
|-damage|p2a: Landorus|34/100
|
|-weather|SunnyDay|[upkeep]
|upkeep
|turn|14
|
|t:|1760781104
|move|p2a: Landorus|Earthquake|p1a: Torkoal
|-supereffective|p1a: Torkoal
|-damage|p1a: Torkoal|0 fnt
|faint|p1a: Torkoal
|
|-weather|SunnyDay|[upkeep]
|upkeep
|
|t:|1760781112
|switch|p1a: Grimmsnarl|Grimmsnarl, M, shiny|100/100
|turn|15
|
|t:|1760781118
|move|p1a: Grimmsnarl|Parting Shot|p2a: Landorus
|-unboost|p2a: Landorus|atk|1
|-unboost|p2a: Landorus|spa|1
|
|t:|1760781122
|switch|p1a: Grumpig|Grumpig, F, shiny|100/100|[from] Parting Shot
|move|p2a: Landorus|U-turn|p1a: Grumpig
|-supereffective|p1a: Grumpig
|-damage|p1a: Grumpig|78/100
|
|t:|1760781127
|switch|p2a: Pecharunt|Pecharunt|100/100|[from] U-turn
|
|-weather|SunnyDay|[upkeep]
|upkeep
|turn|16
|
|t:|1760781134
|move|p2a: Pecharunt|Parting Shot|p1a: Grumpig
|-unboost|p1a: Grumpig|atk|1
|-unboost|p1a: Grumpig|spa|1
|
|t:|1760781136
|switch|p2a: Latios|Latios, M|88/100|[from] Parting Shot
|-damage|p2a: Latios|76/100|[from] Stealth Rock
|move|p1a: Grumpig|Nasty Plot|p1a: Grumpig
|-boost|p1a: Grumpig|spa|2
|
|-weather|none
|-sideend|p1: greenlolcom|Reflect
|upkeep
|turn|17
|
|t:|1760781150
|move|p2a: Latios|Draco Meteor|p1a: Grumpig
|-damage|p1a: Grumpig|0 fnt
|-unboost|p2a: Latios|spa|2
|faint|p1a: Grumpig
|
|upkeep
|
|t:|1760781158
|switch|p1a: Grimmsnarl|Grimmsnarl, M, shiny|100/100
|turn|18
|
|t:|1760781162
|switch|p2a: Landorus|Landorus-Therian, M|34/100
|-damage|p2a: Landorus|21/100|[from] Stealth Rock
|-ability|p2a: Landorus|Intimidate|boost
|-unboost|p1a: Grimmsnarl|atk|1
|move|p1a: Grimmsnarl|Reflect|p1a: Grimmsnarl
|-sidestart|p1: greenlolcom|Reflect
|
|upkeep
|turn|19
|
|t:|1760781171
|move|p1a: Grimmsnarl|Light Screen|p1a: Grimmsnarl
|-sidestart|p1: greenlolcom|move: Light Screen
|move|p2a: Landorus|Earthquake|p1a: Grimmsnarl
|-damage|p1a: Grimmsnarl|74/100
|
|upkeep
|turn|20
|
|t:|1760781178
|move|p1a: Grimmsnarl|Sucker Punch|p2a: Landorus
|-damage|p2a: Landorus|0 fnt
|-damage|p1a: Grimmsnarl|57/100|[from] item: Rocky Helmet|[of] p2a: Landorus
|faint|p2a: Landorus
|
|upkeep
|
|t:|1760781185
|switch|p2a: Zamazenta|Zamazenta|100/100
|-damage|p2a: Zamazenta|94/100|[from] Stealth Rock
|-damage|p2a: Zamazenta|82/100|[from] Spikes
|-ability|p2a: Zamazenta|Dauntless Shield|boost
|-boost|p2a: Zamazenta|def|1
|turn|21
|
|t:|1760781193
|move|p1a: Grimmsnarl|Parting Shot|p2a: Zamazenta
|-unboost|p2a: Zamazenta|atk|1
|-unboost|p2a: Zamazenta|spa|1
|
|t:|1760781197
|switch|p1a: Gallade|Gallade, M, shiny|100/100|[from] Parting Shot
|move|p2a: Zamazenta|Iron Defense|p2a: Zamazenta
|-boost|p2a: Zamazenta|def|2
|
|-heal|p2a: Zamazenta|88/100|[from] item: Leftovers
|upkeep
|turn|22
|
|t:|1760781213
|move|p1a: Gallade|Sacred Sword|p2a: Zamazenta
|-damage|p2a: Zamazenta|34/100
|move|p2a: Zamazenta|Roar|p1a: Gallade
|drag|p1a: Grimmsnarl|Grimmsnarl, M, shiny|57/100
|
|-heal|p2a: Zamazenta|40/100|[from] item: Leftovers
|upkeep
|turn|23
|
|t:|1760781227
|move|p1a: Grimmsnarl|Parting Shot|p2a: Zamazenta
|-unboost|p2a: Zamazenta|atk|1
|-unboost|p2a: Zamazenta|spa|1
|
|t:|1760781231
|switch|p1a: Gallade|Gallade, M, shiny|100/100|[from] Parting Shot
|move|p2a: Zamazenta|Body Press|p1a: Gallade
|-resisted|p1a: Gallade
|-damage|p1a: Gallade|58/100
|
|-heal|p2a: Zamazenta|46/100|[from] item: Leftovers
|upkeep
|turn|24
|
|t:|1760781242
|move|p2a: Zamazenta|Body Press|p1a: Gallade
|-resisted|p1a: Gallade
|-damage|p1a: Gallade|18/100
|move|p1a: Gallade|Sacred Sword|p2a: Zamazenta
|-damage|p2a: Zamazenta|0 fnt
|faint|p2a: Zamazenta
|
|upkeep
|
|t:|1760781246
|switch|p2a: Pecharunt|Pecharunt|100/100
|turn|25
|
|t:|1760781254
|switch|p1a: Grimmsnarl|Grimmsnarl, M, shiny|57/100
|move|p2a: Pecharunt|Malignant Chain|p1a: Grimmsnarl
|-supereffective|p1a: Grimmsnarl
|-damage|p1a: Grimmsnarl|26/100
|
|-sideend|p1: greenlolcom|Reflect
|upkeep
|turn|26
|
|t:|1760781266
|move|p1a: Grimmsnarl|Parting Shot|p2a: Pecharunt
|-unboost|p2a: Pecharunt|atk|1
|-unboost|p2a: Pecharunt|spa|1
|
|t:|1760781270
|switch|p1a: Gallade|Gallade, M, shiny|18/100|[from] Parting Shot
|move|p2a: Pecharunt|Malignant Chain|p1a: Gallade
|-damage|p1a: Gallade|6/100
|
|-sideend|p1: greenlolcom|move: Light Screen
|upkeep
|turn|27
|
|t:|1760781280
|move|p1a: Gallade|Psycho Cut|p2a: Pecharunt
|-supereffective|p2a: Pecharunt
|-damage|p2a: Pecharunt|27/100
|move|p2a: Pecharunt|Malignant Chain|p1a: Gallade
|-damage|p1a: Gallade|0 fnt
|faint|p1a: Gallade
|
|upkeep
|
|t:|1760781289
|switch|p1a: Grimmsnarl|Grimmsnarl, M, shiny|26/100
|turn|28
|
|t:|1760781294
|move|p1a: Grimmsnarl|Sucker Punch||[still]
|-fail|p1a: Grimmsnarl
|move|p2a: Pecharunt|Recover|p2a: Pecharunt
|-heal|p2a: Pecharunt|77/100
|
|upkeep
|turn|29
|
|t:|1760781303
|-terastallize|p1a: Grimmsnarl|Dark
|move|p1a: Grimmsnarl|Sucker Punch||[still]
|-fail|p1a: Grimmsnarl
|move|p2a: Pecharunt|Parting Shot|p1a: Grimmsnarl
|-unboost|p1a: Grimmsnarl|atk|1
|-unboost|p1a: Grimmsnarl|spa|1
|
|t:|1760781308
|switch|p2a: Latios|Latios, M|76/100|[from] Parting Shot
|-damage|p2a: Latios|64/100|[from] Stealth Rock
|
|upkeep
|turn|30
|
|t:|1760781321
|move|p1a: Grimmsnarl|Sucker Punch||[still]
|-fail|p1a: Grimmsnarl
|move|p2a: Latios|Calm Mind|p2a: Latios
|-boost|p2a: Latios|spa|1
|-boost|p2a: Latios|spd|1
|
|upkeep
|turn|31
|
|t:|1760781329
|move|p1a: Grimmsnarl|Light Screen|p1a: Grimmsnarl
|-sidestart|p1: greenlolcom|move: Light Screen
|move|p2a: Latios|Calm Mind|p2a: Latios
|-boost|p2a: Latios|spa|1
|-boost|p2a: Latios|spd|1
|
|upkeep
|turn|32
|
|t:|1760781336
|move|p1a: Grimmsnarl|Sucker Punch||[still]
|-fail|p1a: Grimmsnarl
|move|p2a: Latios|Calm Mind|p2a: Latios
|-boost|p2a: Latios|spa|1
|-boost|p2a: Latios|spd|1
|
|upkeep
|turn|33
|
|t:|1760781343
|move|p1a: Grimmsnarl|Parting Shot|p2a: Latios
|-unboost|p2a: Latios|atk|1
|-unboost|p2a: Latios|spa|1
|move|p2a: Latios|Calm Mind|p2a: Latios
|-boost|p2a: Latios|spa|1
|-boost|p2a: Latios|spd|1
|
|upkeep
|turn|34
|-message|greenlolcom forfeited.
|
|win|last disrespect
|raw|greenlolcom's rating: 1209 &rarr; <strong>1191</strong><br />(-18 for losing)
|raw|last disrespect's rating: 1308 &rarr; <strong>1322</strong><br />(+14 for winning)
|l|☆greenlolcom
|player|p1|
|l|☆last disrespect
|player|p2|
