|j|☆I'm evil and spicy
|j|☆prakshep
|t:|1760866173
|gametype|singles
|player|p1|I'm evil and spicy|elesa|1525
|player|p2|prakshep|nate|1510
|gen|9
|tier|[Gen 9] OU
|rated|
|rule|HP Percentage Mod: HP is shown in percentages
|rule|Endless Battle Clause: Forcing endless battles is banned
|rule|Species Clause: Limit one of each Pokémon
|rule|OHKO Clause: OHKO moves are banned
|rule|Evasion Items Clause: Evasion items are banned
|rule|Evasion Moves Clause: Evasion moves are banned
|rule|Evasion Abilities Clause: Evasion abilities are banned
|rule|Sleep Moves Clause: Sleep-inducing moves are banned
|clearpoke
|poke|p1|Talonflame, F|
|poke|p1|Hatterene, F|
|poke|p1|Alomomola, M|
|poke|p1|Ogerpon-Wellspring, F|
|poke|p1|Great Tusk|
|poke|p1|Raging Bolt|
|poke|p2|Ursaluna, M|
|poke|p2|Iron Boulder|
|poke|p2|Iron Moth|
|poke|p2|Raging Bolt|
|poke|p2|Quaquaval, M|
|poke|p2|Iron Jugulis|
|teampreview
|inactive|Battle timer is ON: inactive players will automatically lose when time's up. (requested by prakshep)
|j| mmvi
|l| mmvi
|
|t:|1760866204
|teamsize|p1|6
|teamsize|p2|6
|start
|switch|p1a: Alomomola|Alomomola, M|100/100
|switch|p2a: Iron Jugulis|Iron Jugulis|100/100
|-enditem|p2a: Iron Jugulis|Booster Energy
|-activate|p2a: Iron Jugulis|ability: Quark Drive|[fromitem]
|-start|p2a: Iron Jugulis|quarkdrivespe
|turn|1
|
|t:|1760866208
|move|p2a: Iron Jugulis|Hurricane|p1a: Alomomola|[miss]
|-miss|p2a: Iron Jugulis|p1a: Alomomola
|move|p1a: Alomomola|Flip Turn|p2a: Iron Jugulis
|-damage|p2a: Iron Jugulis|82/100
|
|t:|1760866226
|switch|p1a: Raging Bolt|Raging Bolt|100/100|[from] Flip Turn
|
|upkeep
|turn|2
|
|t:|1760866230
|move|p2a: Iron Jugulis|Dragon Pulse|p1a: Raging Bolt
|-supereffective|p1a: Raging Bolt
|-damage|p1a: Raging Bolt|53/100
|move|p1a: Raging Bolt|Draco Meteor|p2a: Iron Jugulis
|-damage|p2a: Iron Jugulis|0 fnt
|-unboost|p1a: Raging Bolt|spa|2
|faint|p2a: Iron Jugulis
|-end|p2a: Iron Jugulis|Quark Drive|[silent]
|
|upkeep
|
|t:|1760866241
|switch|p2a: Ursaluna|Ursaluna, M|100/100
|turn|3
|
|t:|1760866254
|-end|p1a: Raging Bolt|Protosynthesis|[silent]
|switch|p1a: Alomomola|Alomomola, M|100/100
|move|p2a: Ursaluna|Swords Dance|p2a: Ursaluna
|-boost|p2a: Ursaluna|atk|2
|
|-status|p2a: Ursaluna|brn|[from] item: Flame Orb
|upkeep
|turn|4
|j| EmpyreanGX
|l| EmpyreanGX
|inactive|I'm evil and spicy has 120 seconds left.
|
|t:|1760866293
|switch|p1a: Raging Bolt|Raging Bolt|53/100
|move|p2a: Ursaluna|Facade|p1a: Raging Bolt
|-damage|p1a: Raging Bolt|0 fnt
|faint|p1a: Raging Bolt
|-end|p1a: Raging Bolt|Protosynthesis|[silent]
|
|-damage|p2a: Ursaluna|94/100 brn|[from] brn
|upkeep
|
|t:|1760866298
|switch|p1a: Ogerpon|Ogerpon-Wellspring, F|100/100
|turn|5
|
|t:|1760866306
|-terastallize|p2a: Ursaluna|Fighting
|move|p1a: Ogerpon|U-turn|p2a: Ursaluna
|-resisted|p2a: Ursaluna
|-damage|p2a: Ursaluna|85/100 brn
|
|t:|1760866310
|switch|p1a: Alomomola|Alomomola, M|100/100|[from] U-turn
|move|p2a: Ursaluna|Drain Punch|p1a: Alomomola
|-damage|p1a: Alomomola|12/100
|-heal|p2a: Ursaluna|100/100 brn|[from] drain|[of] p1a: Alomomola
|-enditem|p1a: Alomomola|Eject Button
|
|t:|1760866314
|switch|p1a: Talonflame|Talonflame, F|100/100
|
|-damage|p2a: Ursaluna|94/100 brn|[from] brn
|upkeep
|turn|6
|
|t:|1760866326
|switch|p2a: Iron Boulder|Iron Boulder|100/100
|-enditem|p2a: Iron Boulder|Booster Energy
|-activate|p2a: Iron Boulder|ability: Quark Drive|[fromitem]
|-start|p2a: Iron Boulder|quarkdrivespe
|move|p1a: Talonflame|U-turn|p2a: Iron Boulder
|-supereffective|p2a: Iron Boulder
|-damage|p2a: Iron Boulder|28/100
|inactive|I'm evil and spicy has 120 seconds left.
|
|t:|1760866346
|switch|p1a: Ogerpon|Ogerpon-Wellspring, F|100/100|[from] U-turn
|
|upkeep
|turn|7
|
|t:|1760866353
|move|p2a: Iron Boulder|Mighty Cleave|p1a: Ogerpon
|-damage|p1a: Ogerpon|43/100
|move|p1a: Ogerpon|Knock Off|p2a: Iron Boulder
|-supereffective|p2a: Iron Boulder
|-damage|p2a: Iron Boulder|0 fnt
|faint|p2a: Iron Boulder
|-end|p2a: Iron Boulder|Quark Drive|[silent]
|
|upkeep
|
|t:|1760866359
|switch|p2a: Iron Moth|Iron Moth|100/100
|-enditem|p2a: Iron Moth|Booster Energy
|-activate|p2a: Iron Moth|ability: Quark Drive|[fromitem]
|-start|p2a: Iron Moth|quarkdrivespe
|turn|8
|
|t:|1760866372
|move|p2a: Iron Moth|Sludge Wave|p1a: Ogerpon
|-supereffective|p1a: Ogerpon
|-damage|p1a: Ogerpon|0 fnt
|faint|p1a: Ogerpon
|
|upkeep
|
|t:|1760866375
|switch|p1a: Hatterene|Hatterene, F|100/100
|turn|9
|
|t:|1760866377
|move|p2a: Iron Moth|Fiery Dance|p1a: Hatterene
|-damage|p1a: Hatterene|74/100
|move|p1a: Hatterene|Psyshock|p2a: Iron Moth
|-supereffective|p2a: Iron Moth
|-damage|p2a: Iron Moth|0 fnt
|faint|p2a: Iron Moth
|-end|p2a: Iron Moth|Quark Drive|[silent]
|
|upkeep
|
|t:|1760866382
|switch|p2a: Ursaluna|Ursaluna, M, tera:Fighting|94/100 brn
|turn|10
|
|t:|1760866388
|move|p2a: Ursaluna|Facade|p1a: Hatterene
|-damage|p1a: Hatterene|0 fnt
|faint|p1a: Hatterene
|
|-damage|p2a: Ursaluna|88/100 brn|[from] brn
|upkeep
|
|t:|1760866397
|switch|p1a: Talonflame|Talonflame, F|100/100
|turn|11
|
|t:|1760866400
|move|p1a: Talonflame|Brave Bird|p2a: Ursaluna
|-supereffective|p2a: Ursaluna
|-damage|p2a: Ursaluna|0 fnt
|faint|p2a: Ursaluna
|-damage|p1a: Talonflame|61/100|[from] Recoil
|
|upkeep
|
|t:|1760866404
|switch|p2a: Raging Bolt|Raging Bolt|100/100
|-enditem|p2a: Raging Bolt|Booster Energy
|-activate|p2a: Raging Bolt|ability: Protosynthesis|[fromitem]
|-start|p2a: Raging Bolt|protosynthesisspa
|turn|12
|
|t:|1760866411
|switch|p1a: Alomomola|Alomomola, M|45/100
|move|p2a: Raging Bolt|Dragon Pulse|p1a: Alomomola
|-damage|p1a: Alomomola|0 fnt
|faint|p1a: Alomomola
|
|upkeep
|
|t:|1760866414
|switch|p1a: Great Tusk|Great Tusk|100/100
|turn|13
|
|t:|1760866420
|-end|p2a: Raging Bolt|Protosynthesis|[silent]
|switch|p2a: Quaquaval|Quaquaval, M|100/100
|move|p1a: Great Tusk|Headlong Rush|p2a: Quaquaval
|-damage|p2a: Quaquaval|17/100
|-unboost|p1a: Great Tusk|def|1
|-unboost|p1a: Great Tusk|spd|1
|
|upkeep
|turn|14
|
|t:|1760866427
|move|p1a: Great Tusk|Rapid Spin|p2a: Quaquaval
|-damage|p2a: Quaquaval|0 fnt
|-boost|p1a: Great Tusk|spe|1
|faint|p2a: Quaquaval
|
|upkeep
|
|t:|1760866430
|switch|p2a: Raging Bolt|Raging Bolt|100/100
|turn|15
|
|t:|1760866433
|move|p1a: Great Tusk|Headlong Rush|p2a: Raging Bolt
|-supereffective|p2a: Raging Bolt
|-damage|p2a: Raging Bolt|0 fnt
|-unboost|p1a: Great Tusk|def|1
|-unboost|p1a: Great Tusk|spd|1
|faint|p2a: Raging Bolt
|-end|p2a: Raging Bolt|Protosynthesis|[silent]
|
|win|I'm evil and spicy
|raw|I&apos;m evil and spicy's rating: 1525 &rarr; <strong>1544</strong><br />(+19 for winning)
|raw|prakshep's rating: 1510 &rarr; <strong>1491</strong><br />(-19 for losing)
|l|☆prakshep
|player|p2|
|l|☆I'm evil and spicy
|player|p1|
|j|☆I'm evil and spicy
|player|p1|I'm evil and spicy|elesa|
|l|☆I'm evil and spicy
|player|p1|
