|j|☆levi6969
|j|☆constartus
|t:|1760761590
|gametype|singles
|player|p1|levi6969|266|1327
|player|p2|constartus|az|1326
|gen|9
|tier|[Gen 9] OU
|rated|
|rule|HP Percentage Mod: HP is shown in percentages
|rule|Endless Battle Clause: Forcing endless battles is banned
|rule|Species Clause: Limit one of each Pokémon
|rule|OHKO Clause: OHKO moves are banned
|rule|Evasion Items Clause: Evasion items are banned
|rule|Evasion Moves Clause: Evasion moves are banned
|rule|Evasion Abilities Clause: Evasion abilities are banned
|rule|Sleep Moves Clause: Sleep-inducing moves are banned
|clearpoke
|poke|p1|Torterra, M|
|poke|p1|Ninetales-Alola, F|
|poke|p1|Azelf|
|poke|p1|Haxorus, M|
|poke|p1|Quaquaval, M|
|poke|p1|Ceruledge, F|
|poke|p2|Ribombee, M|
|poke|p2|Cinderace, M|
|poke|p2|Empoleon, F|
|poke|p2|Ogerpon, F|
|poke|p2|Kingambit, F|
|poke|p2|Gothitelle, F|
|teampreview
|inactive|Battle timer is ON: inactive players will automatically lose when time's up. (requested by constartus)
|c|☆constartus|Azelf?
|inactive|levi6969 has 120 seconds left.
|
|t:|1760761640
|teamsize|p1|6
|teamsize|p2|6
|start
|switch|p1a: Quaquaval|Quaquaval, M|100/100
|switch|p2a: Ribombee|Ribombee, M, shiny|100/100
|turn|1
|
|t:|1760761648
|-terastallize|p1a: Quaquaval|Poison
|move|p2a: Ribombee|Sticky Web|p1a: Quaquaval
|-sidestart|p1: levi6969|move: Sticky Web
|move|p1a: Quaquaval|Aqua Step|p2a: Ribombee
|-damage|p2a: Ribombee|43/100
|-boost|p1a: Quaquaval|spe|1
|
|upkeep
|turn|2
|
|t:|1760761657
|move|p2a: Ribombee|Stun Spore|p1a: Quaquaval
|-status|p1a: Quaquaval|par
|move|p1a: Quaquaval|Aqua Step|p2a: Ribombee
|-damage|p2a: Ribombee|0 fnt
|-boost|p1a: Quaquaval|spe|1
|faint|p2a: Ribombee
|-ability|p1a: Quaquaval|Moxie|boost
|-boost|p1a: Quaquaval|atk|1
|
|upkeep
|
|t:|1760761665
|switch|p2a: Cinderace|Cinderace, M|100/100
|turn|3
|
|t:|1760761675
|move|p2a: Cinderace|Court Change|p2a: Cinderace
|-start|p2a: Cinderace|typechange|Normal|[from] ability: Libero
|-swapsideconditions
|-activate|p2a: Cinderace|move: Court Change
|move|p1a: Quaquaval|Aqua Step|p2a: Cinderace
|-damage|p2a: Cinderace|18/100
|-boost|p1a: Quaquaval|spe|1
|
|upkeep
|turn|4
|
|t:|1760761684
|move|p2a: Cinderace|High Jump Kick|p1a: Quaquaval
|-resisted|p1a: Quaquaval
|-damage|p1a: Quaquaval|79/100 par
|cant|p1a: Quaquaval|par
|
|upkeep
|turn|5
|
|t:|1760761688
|move|p2a: Cinderace|Taunt|p1a: Quaquaval
|-start|p1a: Quaquaval|move: Taunt
|move|p1a: Quaquaval|Aqua Step|p2a: Cinderace
|-damage|p2a: Cinderace|0 fnt
|-boost|p1a: Quaquaval|spe|1
|faint|p2a: Cinderace
|-ability|p1a: Quaquaval|Moxie|boost
|-boost|p1a: Quaquaval|atk|1
|
|upkeep
|
|t:|1760761693
|switch|p2a: TC Nick 4|Empoleon, F|100/100
|-activate|p2a: TC Nick 4|move: Sticky Web
|-unboost|p2a: TC Nick 4|spe|1
|-ability|p2a: TC Nick 4|Competitive|boost
|-boost|p2a: TC Nick 4|spa|2
|turn|6
|
|t:|1760761697
|cant|p1a: Quaquaval|par
|move|p2a: TC Nick 4|Surf|p1a: Quaquaval
|-damage|p1a: Quaquaval|2/100 par
|-damage|p2a: TC Nick 4|91/100|[from] item: Life Orb
|
|upkeep
|turn|7
|
|t:|1760761701
|move|p1a: Quaquaval|Close Combat|p2a: TC Nick 4
|-supereffective|p2a: TC Nick 4
|-damage|p2a: TC Nick 4|0 fnt
|-unboost|p1a: Quaquaval|def|1
|-unboost|p1a: Quaquaval|spd|1
|faint|p2a: TC Nick 4
|-ability|p1a: Quaquaval|Moxie|boost
|-boost|p1a: Quaquaval|atk|1
|
|-end|p1a: Quaquaval|move: Taunt
|upkeep
|
|t:|1760761706
|switch|p2a: Gothitelle|Gothitelle, F|100/100
|-activate|p2a: Gothitelle|move: Sticky Web
|-unboost|p2a: Gothitelle|spe|1
|-ability|p2a: Gothitelle|Competitive|boost
|-boost|p2a: Gothitelle|spa|2
|turn|8
|
|t:|1760761709
|move|p1a: Quaquaval|Aqua Step|p2a: Gothitelle
|-damage|p2a: Gothitelle|2/100
|-boost|p1a: Quaquaval|spe|1
|-enditem|p2a: Gothitelle|Sitrus Berry|[eat]
|-heal|p2a: Gothitelle|27/100|[from] item: Sitrus Berry
|move|p2a: Gothitelle|Trick Room|p2a: Gothitelle
|-fieldstart|move: Trick Room|[of] p2a: Gothitelle
|
|upkeep
|turn|9
|
|t:|1760761726
|move|p2a: Gothitelle|Psychic|p1a: Quaquaval
|-supereffective|p1a: Quaquaval
|-damage|p1a: Quaquaval|0 fnt
|faint|p1a: Quaquaval
|
|upkeep
|
|t:|1760761736
|switch|p1a: Ninetales|Ninetales-Alola, F, shiny|100/100
|-weather|Snowscape|[from] ability: Snow Warning|[of] p1a: Ninetales
|turn|10
|
|t:|1760761739
|move|p2a: Gothitelle|Psychic|p1a: Ninetales
|-damage|p1a: Ninetales|22/100
|move|p1a: Ninetales|Aurora Veil|p1a: Ninetales
|-sidestart|p1: levi6969|move: Aurora Veil
|
|-weather|Snowscape|[upkeep]
|upkeep
|turn|11
|
|t:|1760761747
|move|p2a: Gothitelle|Psychic|p1a: Ninetales
|-damage|p1a: Ninetales|0 fnt
|faint|p1a: Ninetales
|
|-weather|Snowscape|[upkeep]
|upkeep
|
|t:|1760761754
|switch|p1a: Ceruledge|Ceruledge, F|100/100
|turn|12
|
|t:|1760761758
|move|p1a: Ceruledge|Shadow Sneak|p2a: Gothitelle
|-supereffective|p2a: Gothitelle
|-damage|p2a: Gothitelle|0 fnt
|faint|p2a: Gothitelle
|
|-weather|Snowscape|[upkeep]
|-fieldend|move: Trick Room
|upkeep
|
|t:|1760761771
|switch|p2a: Ogerpon|Ogerpon, F|100/100
|-activate|p2a: Ogerpon|move: Sticky Web
|-unboost|p2a: Ogerpon|spe|1
|-ability|p2a: Ogerpon|Defiant|boost
|-boost|p2a: Ogerpon|atk|2
|turn|13
|
|t:|1760761796
|move|p1a: Ceruledge|Bitter Blade|p2a: Ogerpon
|-supereffective|p2a: Ogerpon
|-crit|p2a: Ogerpon
|-damage|p2a: Ogerpon|0 fnt
|faint|p2a: Ogerpon
|
|-weather|Snowscape|[upkeep]
|upkeep
|
|t:|1760761800
|switch|p2a: Kingambit|Kingambit, F|100/100
|-activate|p2a: Kingambit|move: Sticky Web
|-unboost|p2a: Kingambit|spe|1
|-ability|p2a: Kingambit|Defiant|boost
|-boost|p2a: Kingambit|atk|2
|turn|14
|
|t:|1760761808
|-terastallize|p2a: Kingambit|Ghost
|move|p2a: Kingambit|Sucker Punch|p1a: Ceruledge
|-supereffective|p1a: Ceruledge
|-enditem|p1a: Ceruledge|Focus Sash
|-damage|p1a: Ceruledge|1/100
|-ability|p1a: Ceruledge|Weak Armor|boost
|-unboost|p1a: Ceruledge|def|1
|-boost|p1a: Ceruledge|spe|2
|move|p1a: Ceruledge|Bitter Blade|p2a: Kingambit
|-damage|p2a: Kingambit|63/100
|-heal|p1a: Ceruledge|27/100|[from] drain|[of] p2a: Kingambit
|
|-weather|none
|upkeep
|turn|15
|
|t:|1760761816
|move|p1a: Ceruledge|Shadow Sneak|p2a: Kingambit
|-supereffective|p2a: Kingambit
|-damage|p2a: Kingambit|30/100
|move|p2a: Kingambit|Sucker Punch||[still]
|-fail|p2a: Kingambit
|
|upkeep
|turn|16
|
|t:|1760761820
|move|p1a: Ceruledge|Shadow Sneak|p2a: Kingambit
|-supereffective|p2a: Kingambit
|-damage|p2a: Kingambit|0 fnt
|faint|p2a: Kingambit
|
|win|levi6969
|raw|levi6969's rating: 1327 &rarr; <strong>1347</strong><br />(+20 for winning)
|raw|constartus's rating: 1326 &rarr; <strong>1306</strong><br />(-20 for losing)
|l|☆constartus
|player|p2|
|l|☆levi6969
|player|p1|
