|badge|p1|bronze|gen9ou|100-7
|uhtml|medal-msg|<div class="broadcast-blue">Curious what those medals under the avatar are? PS now has Ladder Seasons! For more information, check out the <a href="https://www.smogon.com/forums/threads/3740067/">thread on Smogon.</a></div>
|j|☆eros maniac
|j|☆kshuaib734
|t:|1760806334
|gametype|singles
|player|p1|eros maniac|hilbert-wonderlauncher|1797
|player|p2|kshuaib734|steven|1858
|gen|9
|tier|[Gen 9] OU
|rated|
|rule|HP Percentage Mod: HP is shown in percentages
|rule|Endless Battle Clause: Forcing endless battles is banned
|rule|Species Clause: Limit one of each Pokémon
|rule|OHKO Clause: OHKO moves are banned
|rule|Evasion Items Clause: Evasion items are banned
|rule|Evasion Moves Clause: Evasion moves are banned
|rule|Evasion Abilities Clause: Evasion abilities are banned
|rule|Sleep Moves Clause: Sleep-inducing moves are banned
|clearpoke
|poke|p1|Frosmoth, F|
|poke|p1|Maushold-Four|
|poke|p1|Krookodile, F|
|poke|p1|Sinistcha|
|poke|p1|Alomomola, M|
|poke|p1|Weezing-Galar, F|
|poke|p2|Tyranitar, F|
|poke|p2|Overqwil, F|
|poke|p2|Pelipper, F|
|poke|p2|Quaquaval, M|
|poke|p2|Kingdra, F|
|poke|p2|Excadrill, F|
|teampreview
|inactive|Battle timer is ON: inactive players will automatically lose when time's up. (requested by kshuaib734)
|
|t:|1760806361
|teamsize|p1|6
|teamsize|p2|6
|start
|switch|p1a: Krookodile|Krookodile, F|100/100
|switch|p2a: King Tyrant|Tyranitar, F|100/100
|-ability|p1a: Krookodile|Intimidate|boost
|-unboost|p2a: King Tyrant|atk|1
|-weather|Sandstorm|[from] ability: Sand Stream|[of] p2a: King Tyrant
|turn|1
|c|☆eros maniac|Some teams deserve to have nightmares about
|c|☆kshuaib734|!!
|
|t:|1760806374
|move|p1a: Krookodile|Close Combat|p2a: King Tyrant
|-supereffective|p2a: King Tyrant
|-damage|p2a: King Tyrant|0 fnt
|-unboost|p1a: Krookodile|def|1
|-unboost|p1a: Krookodile|spd|1
|faint|p2a: King Tyrant
|
|-weather|Sandstorm|[upkeep]
|upkeep
|c|☆kshuaib734|:'(
|
|t:|1760806384
|switch|p2a: Tyrant's Downpour|Pelipper, F|100/100
|-weather|RainDance|[from] ability: Drizzle|[of] p2a: Tyrant's Downpour
|turn|2
|c|☆eros maniac|Heh
|
|t:|1760806388
|switch|p1a: Alomomola|Alomomola, M, shiny|100/100
|move|p2a: Tyrant's Downpour|U-turn|p1a: Alomomola
|-damage|p1a: Alomomola|94/100
|-damage|p2a: Tyrant's Downpour|84/100|[from] item: Rocky Helmet|[of] p1a: Alomomola
|
|t:|1760806398
|switch|p2a: Tyrant's Legacy|Excadrill, F|100/100|[from] U-turn
|
|-weather|RainDance|[upkeep]
|upkeep
|turn|3
|
|t:|1760806403
|move|p2a: Tyrant's Legacy|Stealth Rock|p1a: Alomomola
|-sidestart|p1: eros maniac|move: Stealth Rock
|move|p1a: Alomomola|Flip Turn|p2a: Tyrant's Legacy
|-supereffective|p2a: Tyrant's Legacy
|-damage|p2a: Tyrant's Legacy|29/100
|
|t:|1760806407
|switch|p1a: Maushold|Maushold-Four|100/100|[from] Flip Turn
|-damage|p1a: Maushold|88/100|[from] Stealth Rock
|
|-weather|RainDance|[upkeep]
|upkeep
|turn|4
|j| UnovaIsTheBestGen
|
|t:|1760806422
|switch|p2a: Tyrant's Enforcer|Overqwil, F|100/100
|move|p1a: Maushold|Tidy Up|p1a: Maushold
|-sideend|p1: eros maniac|Stealth Rock
|-activate|p1a: Maushold|move: Tidy Up
|-boost|p1a: Maushold|atk|1
|-boost|p1a: Maushold|spe|1
|
|-weather|RainDance|[upkeep]
|upkeep
|turn|5
|l| UnovaIsTheBestGen
|
|t:|1760806430
|move|p1a: Maushold|Population Bomb|p2a: Tyrant's Enforcer
|-crit|p2a: Tyrant's Enforcer
|-damage|p2a: Tyrant's Enforcer|78/100
|-damage|p1a: Maushold|72/100|[from] item: Rocky Helmet|[of] p2a: Tyrant's Enforcer
|-damage|p2a: Tyrant's Enforcer|63/100
|-damage|p1a: Maushold|55/100|[from] item: Rocky Helmet|[of] p2a: Tyrant's Enforcer
|-damage|p2a: Tyrant's Enforcer|46/100
|-damage|p1a: Maushold|39/100|[from] item: Rocky Helmet|[of] p2a: Tyrant's Enforcer
|-damage|p2a: Tyrant's Enforcer|30/100
|-damage|p1a: Maushold|22/100|[from] item: Rocky Helmet|[of] p2a: Tyrant's Enforcer
|-damage|p2a: Tyrant's Enforcer|15/100
|-damage|p1a: Maushold|6/100|[from] item: Rocky Helmet|[of] p2a: Tyrant's Enforcer
|-damage|p2a: Tyrant's Enforcer|0 fnt
|-damage|p1a: Maushold|0 fnt|[from] item: Rocky Helmet|[of] p2a: Tyrant's Enforcer
|faint|p2a: Tyrant's Enforcer
|faint|p1a: Maushold
|-hitcount|p2: Tyrant's Enforcer|6
|
|-weather|RainDance|[upkeep]
|upkeep
|
|t:|1760806449
|switch|p1a: Alomomola|Alomomola, M, shiny|100/100
|switch|p2a: Tyrant's Vengeance|Kingdra, F|100/100
|turn|6
|
|t:|1760806455
|-terastallize|p2a: Tyrant's Vengeance|Water
|move|p2a: Tyrant's Vengeance|Weather Ball|p1a: Alomomola
|-resisted|p1a: Alomomola
|-damage|p1a: Alomomola|33/100
|move|p1a: Alomomola|Flip Turn|p2a: Tyrant's Vengeance
|-resisted|p2a: Tyrant's Vengeance
|-damage|p2a: Tyrant's Vengeance|86/100
|
|t:|1760806462
|switch|p1a: Frosmoth|Frosmoth, F, shiny|100/100|[from] Flip Turn
|
|-weather|RainDance|[upkeep]
|upkeep
|turn|7
|
|t:|1760806466
|move|p2a: Tyrant's Vengeance|Weather Ball|p1a: Frosmoth
|-damage|p1a: Frosmoth|51/100
|move|p1a: Frosmoth|Quiver Dance|p1a: Frosmoth
|-boost|p1a: Frosmoth|spa|1
|-boost|p1a: Frosmoth|spd|1
|-boost|p1a: Frosmoth|spe|1
|
|-weather|RainDance|[upkeep]
|-heal|p1a: Frosmoth|57/100|[from] item: Leftovers
|upkeep
|turn|8
|
|t:|1760806475
|-terastallize|p1a: Frosmoth|Electric
|move|p2a: Tyrant's Vengeance|Weather Ball|p1a: Frosmoth
|-damage|p1a: Frosmoth|19/100
|move|p1a: Frosmoth|Tera Blast|p2a: Tyrant's Vengeance|[anim] Tera Blast Electric
|-supereffective|p2a: Tyrant's Vengeance
|-crit|p2a: Tyrant's Vengeance
|-damage|p2a: Tyrant's Vengeance|0 fnt
|faint|p2a: Tyrant's Vengeance
|
|-weather|RainDance|[upkeep]
|-heal|p1a: Frosmoth|25/100|[from] item: Leftovers
|upkeep
|
|t:|1760806488
|switch|p2a: Tyrant's Endgame|Quaquaval, M|100/100
|turn|9
|
|t:|1760806493
|switch|p1a: Alomomola|Alomomola, M, shiny|67/100
|move|p2a: Tyrant's Endgame|Aqua Jet|p1a: Alomomola
|-resisted|p1a: Alomomola
|-damage|p1a: Alomomola|53/100
|-damage|p2a: Tyrant's Endgame|84/100|[from] item: Rocky Helmet|[of] p1a: Alomomola
|
|-weather|none
|upkeep
|turn|10
|
|t:|1760806504
|move|p2a: Tyrant's Endgame|Close Combat|p1a: Alomomola
|-damage|p1a: Alomomola|13/100
|-unboost|p2a: Tyrant's Endgame|def|1
|-unboost|p2a: Tyrant's Endgame|spd|1
|-damage|p2a: Tyrant's Endgame|67/100|[from] item: Rocky Helmet|[of] p1a: Alomomola
|move|p1a: Alomomola|Flip Turn|p2a: Tyrant's Endgame
|-resisted|p2a: Tyrant's Endgame
|-damage|p2a: Tyrant's Endgame|51/100
|
|t:|1760806508
|switch|p1a: Weezing|Weezing-Galar, F|100/100|[from] Flip Turn
|-ability|p1a: Weezing|Neutralizing Gas
|
|upkeep
|turn|11
|
|t:|1760806516
|switch|p2a: Tyrant's Legacy|Excadrill, F|29/100
|move|p1a: Weezing|Strange Steam|p2a: Tyrant's Legacy|[miss]
|-miss|p1a: Weezing|p2a: Tyrant's Legacy
|
|upkeep
|turn|12
|
|t:|1760806529
|move|p2a: Tyrant's Legacy|Earthquake|p1a: Weezing
|-supereffective|p1a: Weezing
|-enditem|p1a: Weezing|Shuca Berry|[eat]
|-enditem|p1a: Weezing|Shuca Berry|[weaken]
|-damage|p1a: Weezing|51/100
|-damage|p2a: Tyrant's Legacy|19/100|[from] item: Life Orb
|move|p1a: Weezing|Strange Steam|p2a: Tyrant's Legacy
|-resisted|p2a: Tyrant's Legacy
|-damage|p2a: Tyrant's Legacy|2/100
|
|upkeep
|turn|13
|
|t:|1760806538
|move|p2a: Tyrant's Legacy|Stealth Rock|p1a: Weezing
|-sidestart|p1: eros maniac|move: Stealth Rock
|move|p1a: Weezing|Strange Steam|p2a: Tyrant's Legacy
|-resisted|p2a: Tyrant's Legacy
|-damage|p2a: Tyrant's Legacy|0 fnt
|faint|p2a: Tyrant's Legacy
|
|upkeep
|
|t:|1760806545
|switch|p2a: Tyrant's Endgame|Quaquaval, M|51/100
|turn|14
|
|t:|1760806550
|move|p2a: Tyrant's Endgame|Wave Crash|p1a: Weezing
|-damage|p1a: Weezing|0 fnt
|faint|p1a: Weezing
|-end|p1a: Weezing|ability: Neutralizing Gas
|-ability|p2a: Tyrant's Endgame|Moxie|boost
|-boost|p2a: Tyrant's Endgame|atk|1
|-damage|p2a: Tyrant's Endgame|33/100|[from] Recoil
|
|upkeep
|
|t:|1760806554
|switch|p1a: Sinistcha|Sinistcha, shiny|100/100
|-damage|p1a: Sinistcha|88/100|[from] Stealth Rock
|turn|15
|
|t:|1760806559
|switch|p2a: Tyrant's Downpour|Pelipper, F|84/100
|-weather|RainDance|[from] ability: Drizzle|[of] p2a: Tyrant's Downpour
|move|p1a: Sinistcha|Shadow Ball|p2a: Tyrant's Downpour
|-damage|p2a: Tyrant's Downpour|38/100
|
|-weather|RainDance|[upkeep]
|upkeep
|turn|16
|
|t:|1760806567
|switch|p1a: Krookodile|Krookodile, F|100/100
|-damage|p1a: Krookodile|94/100|[from] Stealth Rock
|-ability|p1a: Krookodile|Intimidate|boost
|-unboost|p2a: Tyrant's Downpour|atk|1
|move|p2a: Tyrant's Downpour|Hurricane|p1a: Krookodile
|-damage|p1a: Krookodile|52/100
|
|-weather|RainDance|[upkeep]
|upkeep
|turn|17
|
|t:|1760806576
|move|p1a: Krookodile|Knock Off|p2a: Tyrant's Downpour
|-damage|p2a: Tyrant's Downpour|0 fnt
|-enditem|p2a: Tyrant's Downpour|Damp Rock|[from] move: Knock Off|[of] p1a: Krookodile
|faint|p2a: Tyrant's Downpour
|
|-weather|RainDance|[upkeep]
|upkeep
|
|t:|1760806581
|switch|p2a: Tyrant's Endgame|Quaquaval, M|33/100
|turn|18
|
|t:|1760806592
|switch|p1a: Alomomola|Alomomola, M, shiny|46/100
|-damage|p1a: Alomomola|34/100|[from] Stealth Rock
|move|p2a: Tyrant's Endgame|Aqua Jet|p1a: Alomomola
|-resisted|p1a: Alomomola
|-damage|p1a: Alomomola|21/100
|-damage|p2a: Tyrant's Endgame|16/100|[from] item: Rocky Helmet|[of] p1a: Alomomola
|
|-weather|RainDance|[upkeep]
|upkeep
|turn|19
|
|t:|1760806604
|move|p2a: Tyrant's Endgame|Aqua Step|p1a: Alomomola
|-resisted|p1a: Alomomola
|-damage|p1a: Alomomola|0 fnt
|-boost|p2a: Tyrant's Endgame|spe|1
|-damage|p2a: Tyrant's Endgame|0 fnt|[from] item: Rocky Helmet|[of] p1a: Alomomola
|faint|p1a: Alomomola
|faint|p2a: Tyrant's Endgame
|
|win|eros maniac
|raw|eros maniac's rating: 1797 &rarr; <strong>1820</strong><br />(+23 for winning)
|raw|kshuaib734's rating: 1858 &rarr; <strong>1835</strong><br />(-23 for losing)
|c|☆kshuaib734|gg
|c|☆eros maniac|Gh
|l|☆kshuaib734
|player|p2|
|l|☆eros maniac
|player|p1|
