|j|☆Varen21
|j|☆literxlly
|t:|1760765069
|gametype|singles
|player|p1|Varen21|101|1336
|player|p2|literxlly|clerkf|1406
|gen|9
|tier|[Gen 9] OU
|rated|
|rule|HP Percentage Mod: HP is shown in percentages
|rule|Endless Battle Clause: Forcing endless battles is banned
|rule|Species Clause: Limit one of each Pokémon
|rule|OHKO Clause: OHKO moves are banned
|rule|Evasion Items Clause: Evasion items are banned
|rule|Evasion Moves Clause: Evasion moves are banned
|rule|Evasion Abilities Clause: Evasion abilities are banned
|rule|Sleep Moves Clause: Sleep-inducing moves are banned
|clearpoke
|poke|p1|Kyurem|
|poke|p1|Slowking, F|
|poke|p1|Ursaluna, M|
|poke|p1|Excadrill, M|
|poke|p1|Kingambit, F|
|poke|p1|Zapdos|
|poke|p2|Ogerpon-Wellspring, F|
|poke|p2|Alomomola, M|
|poke|p2|Hatterene, F|
|poke|p2|Garganacl, M|
|poke|p2|Great Tusk|
|poke|p2|Dragonite, M|
|teampreview
|
|t:|1760765092
|teamsize|p1|6
|teamsize|p2|6
|start
|switch|p1a: Slowking|Slowking, F|100/100
|switch|p2a: Garganacl|Garganacl, M|100/100
|turn|1
|
|t:|1760765098
|move|p2a: Garganacl|Salt Cure|p1a: Slowking
|-damage|p1a: Slowking|90/100
|-start|p1a: Slowking|Salt Cure
|move|p1a: Slowking|Scald|p2a: Garganacl
|-supereffective|p2a: Garganacl
|-damage|p2a: Garganacl|62/100
|
|-heal|p2a: Garganacl|68/100|[from] item: Leftovers
|-damage|p1a: Slowking|65/100|[from] Salt Cure
|upkeep
|turn|2
|
|t:|1760765107
|move|p2a: Garganacl|Stealth Rock|p1a: Slowking
|-sidestart|p1: Varen21|move: Stealth Rock
|move|p1a: Slowking|Trick Room|p1a: Slowking
|-fieldstart|move: Trick Room|[of] p1a: Slowking
|
|-heal|p2a: Garganacl|74/100|[from] item: Leftovers
|-damage|p1a: Slowking|40/100|[from] Salt Cure
|upkeep
|turn|3
|
|t:|1760765114
|-prepare|p1a: Slowking|Chilly Reception|[premajor]
|move|p1a: Slowking|Chilly Reception|p1a: Slowking
|-weather|Snowscape
|
|t:|1760765118
|switch|p1a: Kingambit|Kingambit, F|100/100|[from] Chilly Reception
|-damage|p1a: Kingambit|94/100|[from] Stealth Rock
|move|p2a: Garganacl|Recover|p2a: Garganacl
|-heal|p2a: Garganacl|100/100
|
|-weather|Snowscape|[upkeep]
|-heal|p1a: Kingambit|100/100|[from] item: Leftovers
|upkeep
|turn|4
|
|t:|1760765121
|move|p2a: Garganacl|Salt Cure|p1a: Kingambit
|-resisted|p1a: Kingambit
|-damage|p1a: Kingambit|96/100
|-start|p1a: Kingambit|Salt Cure
|move|p1a: Kingambit|Swords Dance|p1a: Kingambit
|-boost|p1a: Kingambit|atk|2
|
|-weather|Snowscape|[upkeep]
|-heal|p1a: Kingambit|100/100|[from] item: Leftovers
|-damage|p1a: Kingambit|75/100|[from] Salt Cure
|upkeep
|turn|5
|
|t:|1760765128
|move|p2a: Garganacl|Protect|p2a: Garganacl
|-singleturn|p2a: Garganacl|Protect
|move|p1a: Kingambit|Iron Head|p2a: Garganacl
|-activate|p2a: Garganacl|move: Protect
|
|-weather|Snowscape|[upkeep]
|-heal|p1a: Kingambit|82/100|[from] item: Leftovers
|-damage|p1a: Kingambit|57/100|[from] Salt Cure
|upkeep
|turn|6
|
|t:|1760765161
|switch|p2a: Alomomola|Alomomola, M|100/100
|move|p1a: Kingambit|Iron Head|p2a: Alomomola
|-resisted|p2a: Alomomola
|-damage|p2a: Alomomola|70/100
|
|-weather|Snowscape|[upkeep]
|-heal|p1a: Kingambit|63/100|[from] item: Leftovers
|-damage|p1a: Kingambit|38/100|[from] Salt Cure
|-fieldend|move: Trick Room
|upkeep
|turn|7
|
|t:|1760765171
|switch|p2a: Garganacl|Garganacl, M|100/100
|move|p1a: Kingambit|Kowtow Cleave|p2a: Garganacl
|-damage|p2a: Garganacl|40/100
|
|-weather|Snowscape|[upkeep]
|-heal|p1a: Kingambit|44/100|[from] item: Leftovers
|-heal|p2a: Garganacl|46/100|[from] item: Leftovers
|-damage|p1a: Kingambit|19/100|[from] Salt Cure
|upkeep
|turn|8
|
|t:|1760765175
|move|p2a: Garganacl|Protect|p2a: Garganacl
|-singleturn|p2a: Garganacl|Protect
|move|p1a: Kingambit|Kowtow Cleave|p2a: Garganacl
|-activate|p2a: Garganacl|move: Protect
|
|-weather|Snowscape|[upkeep]
|-heal|p1a: Kingambit|25/100|[from] item: Leftovers
|-heal|p2a: Garganacl|52/100|[from] item: Leftovers
|-damage|p1a: Kingambit|0 fnt|[from] Salt Cure
|faint|p1a: Kingambit
|-end|p1a: Kingambit|fallenundefined|[silent]
|upkeep
|
|t:|1760765181
|switch|p1a: Excadrill|Excadrill, M|100/100
|-damage|p1a: Excadrill|97/100|[from] Stealth Rock
|-ability|p1a: Excadrill|Mold Breaker
|turn|9
|
|t:|1760765184
|move|p1a: Excadrill|Earthquake|p2a: Garganacl
|-supereffective|p2a: Garganacl
|-damage|p2a: Garganacl|0 fnt
|faint|p2a: Garganacl
|
|-weather|Snowscape|[upkeep]
|upkeep
|
|t:|1760765189
|switch|p2a: Ogerpon|Ogerpon-Wellspring, F|100/100
|turn|10
|
|t:|1760765192
|-terastallize|p2a: Ogerpon|Water
|detailschange|p2a: Ogerpon|Ogerpon-Wellspring-Tera, F, tera:Water
|-ability|p2a: Ogerpon|Embody Aspect (Wellspring)|boost
|-boost|p2a: Ogerpon|spd|1
|move|p2a: Ogerpon|Ivy Cudgel|p1a: Excadrill|[anim] Ivy Cudgel Water
|-supereffective|p1a: Excadrill
|-damage|p1a: Excadrill|0 fnt
|faint|p1a: Excadrill
|
|-weather|none
|upkeep
|
|t:|1760765195
|switch|p1a: Zapdos|Zapdos|100/100
|-damage|p1a: Zapdos|75/100|[from] Stealth Rock
|turn|11
|
|t:|1760765208
|switch|p2a: Great Tusk|Great Tusk|100/100
|move|p1a: Zapdos|Thunderbolt|p2a: Great Tusk
|-immune|p2a: Great Tusk
|
|-heal|p1a: Zapdos|82/100|[from] item: Leftovers
|upkeep
|turn|12
|
|t:|1760765217
|-end|p2a: Great Tusk|Protosynthesis|[silent]
|switch|p2a: Alomomola|Alomomola, M|100/100
|move|p1a: Zapdos|Hurricane|p2a: Alomomola|[miss]
|-miss|p1a: Zapdos|p2a: Alomomola
|
|-heal|p1a: Zapdos|88/100|[from] item: Leftovers
|upkeep
|turn|13
|
|t:|1760765222
|move|p1a: Zapdos|Thunderbolt|p2a: Alomomola
|-supereffective|p2a: Alomomola
|-damage|p2a: Alomomola|57/100
|move|p2a: Alomomola|Mirror Coat|p1a: Zapdos
|-damage|p1a: Zapdos|0 fnt
|faint|p1a: Zapdos
|
|upkeep
|
|t:|1760765228
|switch|p1a: Slowking|Slowking, F|73/100
|-damage|p1a: Slowking|61/100|[from] Stealth Rock
|turn|14
|inactive|Battle timer is ON: inactive players will automatically lose when time's up. (requested by Varen21)
|
|t:|1760765263
|move|p2a: Alomomola|Flip Turn|p1a: Slowking
|-resisted|p1a: Slowking
|-damage|p1a: Slowking|55/100
|
|t:|1760765271
|switch|p2a: Dragonite|Dragonite, M|100/100|[from] Flip Turn
|move|p1a: Slowking|Trick Room|p1a: Slowking
|-fieldstart|move: Trick Room|[of] p1a: Slowking
|
|upkeep
|turn|15
|
|t:|1760765278
|-prepare|p1a: Slowking|Chilly Reception|[premajor]
|move|p1a: Slowking|Chilly Reception|p1a: Slowking
|-weather|Snowscape
|
|t:|1760765280
|switch|p1a: Kyurem|Kyurem|100/100|[from] Chilly Reception
|-damage|p1a: Kyurem|76/100|[from] Stealth Rock
|-ability|p1a: Kyurem|Pressure
|move|p2a: Dragonite|Dragon Tail|p1a: Kyurem
|-supereffective|p1a: Kyurem
|-damage|p1a: Kyurem|37/100
|drag|p1a: Ursaluna|Ursaluna, M|100/100
|-damage|p1a: Ursaluna|94/100|[from] Stealth Rock
|
|-weather|Snowscape|[upkeep]
|-status|p1a: Ursaluna|brn|[from] item: Flame Orb
|upkeep
|turn|16
|
|t:|1760765299
|move|p1a: Ursaluna|Facade|p2a: Dragonite
|-damage|p2a: Dragonite|45/100
|-damage|p1a: Ursaluna|78/100 brn|[from] item: Rocky Helmet|[of] p2a: Dragonite
|move|p2a: Dragonite|Roost|p2a: Dragonite
|-heal|p2a: Dragonite|95/100
|-singleturn|p2a: Dragonite|move: Roost
|
|-weather|Snowscape|[upkeep]
|-damage|p1a: Ursaluna|71/100 brn|[from] brn
|upkeep
|turn|17
|
|t:|1760765313
|move|p2a: Dragonite|Extreme Speed|p1a: Ursaluna
|-damage|p1a: Ursaluna|47/100 brn
|move|p1a: Ursaluna|Facade|p2a: Dragonite
|-damage|p2a: Dragonite|0 fnt
|-damage|p1a: Ursaluna|31/100 brn|[from] item: Rocky Helmet|[of] p2a: Dragonite
|faint|p2a: Dragonite
|
|-weather|Snowscape|[upkeep]
|-damage|p1a: Ursaluna|25/100 brn|[from] brn
|upkeep
|inactive|literxlly has 120 seconds left.
|
|t:|1760765335
|switch|p2a: Great Tusk|Great Tusk|100/100
|turn|18
|
|t:|1760765344
|move|p1a: Ursaluna|Facade|p2a: Great Tusk
|-damage|p2a: Great Tusk|11/100
|move|p2a: Great Tusk|Rapid Spin|p1a: Ursaluna
|-damage|p1a: Ursaluna|11/100 brn
|-boost|p2a: Great Tusk|spe|1
|
|-weather|Snowscape|[upkeep]
|-damage|p1a: Ursaluna|5/100 brn|[from] brn
|-fieldend|move: Trick Room
|upkeep
|turn|19
|
|t:|1760765352
|move|p2a: Great Tusk|Rapid Spin|p1a: Ursaluna
|-damage|p1a: Ursaluna|0 fnt
|-boost|p2a: Great Tusk|spe|1
|faint|p1a: Ursaluna
|
|-weather|Snowscape|[upkeep]
|upkeep
|
|t:|1760765354
|switch|p1a: Slowking|Slowking, F|88/100
|-damage|p1a: Slowking|76/100|[from] Stealth Rock
|turn|20
|
|t:|1760765357
|move|p2a: Great Tusk|Headlong Rush|p1a: Slowking
|-damage|p1a: Slowking|23/100
|-unboost|p2a: Great Tusk|def|1
|-unboost|p2a: Great Tusk|spd|1
|move|p1a: Slowking|Trick Room|p1a: Slowking
|-fieldstart|move: Trick Room|[of] p1a: Slowking
|
|-weather|Snowscape|[upkeep]
|upkeep
|turn|21
|
|t:|1760765363
|move|p1a: Slowking|Scald|p2a: Great Tusk
|-supereffective|p2a: Great Tusk
|-damage|p2a: Great Tusk|0 fnt
|faint|p2a: Great Tusk
|-end|p2a: Great Tusk|Protosynthesis|[silent]
|
|-weather|Snowscape|[upkeep]
|upkeep
|
|t:|1760765377
|switch|p2a: Hatterene|Hatterene, F|100/100
|turn|22
|
|t:|1760765382
|move|p1a: Slowking|Scald|p2a: Hatterene
|-crit|p2a: Hatterene
|-damage|p2a: Hatterene|59/100
|-status|p2a: Hatterene|brn
|move|p2a: Hatterene|Draining Kiss|p1a: Slowking
|-damage|p1a: Slowking|7/100
|-heal|p2a: Hatterene|74/100 brn|[from] drain|[of] p1a: Slowking
|
|-weather|none
|-heal|p2a: Hatterene|80/100 brn|[from] item: Leftovers
|-damage|p2a: Hatterene|74/100 brn|[from] brn
|upkeep
|turn|23
|
|t:|1760765385
|-prepare|p1a: Slowking|Chilly Reception|[premajor]
|move|p1a: Slowking|Chilly Reception|p1a: Slowking
|-weather|Snowscape
|
|t:|1760765389
|switch|p1a: Kyurem|Kyurem|37/100|[from] Chilly Reception
|-damage|p1a: Kyurem|12/100|[from] Stealth Rock
|-ability|p1a: Kyurem|Pressure
|move|p2a: Hatterene|Draining Kiss|p1a: Kyurem
|-supereffective|p1a: Kyurem
|-damage|p1a: Kyurem|0 fnt
|-heal|p2a: Hatterene|87/100 brn|[from] drain|[of] p1a: Kyurem
|faint|p1a: Kyurem
|
|-weather|Snowscape|[upkeep]
|-heal|p2a: Hatterene|93/100 brn|[from] item: Leftovers
|-damage|p2a: Hatterene|87/100 brn|[from] brn
|upkeep
|
|t:|1760765390
|switch|p1a: Slowking|Slowking, F|40/100
|-damage|p1a: Slowking|28/100|[from] Stealth Rock
|turn|24
|
|t:|1760765393
|move|p1a: Slowking|Flamethrower|p2a: Hatterene
|-damage|p2a: Hatterene|67/100 brn
|move|p2a: Hatterene|Nuzzle|p1a: Slowking
|-supereffective|p1a: Slowking
|-damage|p1a: Slowking|25/100
|-status|p1a: Slowking|par
|
|-weather|Snowscape|[upkeep]
|-heal|p2a: Hatterene|73/100 brn|[from] item: Leftovers
|-damage|p2a: Hatterene|67/100 brn|[from] brn
|-fieldend|move: Trick Room
|upkeep
|turn|25
|-message|Varen21 forfeited.
|
|win|literxlly
|raw|Varen21's rating: 1336 &rarr; <strong>1320</strong><br />(-16 for losing)
|raw|literxlly's rating: 1406 &rarr; <strong>1422</strong><br />(+16 for winning)
|l|☆Varen21
|player|p1|
