|j|☆greendude44
|j|☆Chuck2025
|t:|1760764837
|gametype|singles
|player|p1|greendude44|janitor|1361
|player|p2|Chuck2025|dawn|1396
|gen|9
|tier|[Gen 9] OU
|rated|
|rule|HP Percentage Mod: HP is shown in percentages
|rule|Endless Battle Clause: Forcing endless battles is banned
|rule|Species Clause: Limit one of each Pokémon
|rule|OHKO Clause: OHKO moves are banned
|rule|Evasion Items Clause: Evasion items are banned
|rule|Evasion Moves Clause: Evasion moves are banned
|rule|Evasion Abilities Clause: Evasion abilities are banned
|rule|Sleep Moves Clause: Sleep-inducing moves are banned
|clearpoke
|poke|p1|Samurott-Hisui, M|
|poke|p1|Landorus-Therian, M|
|poke|p1|Slowking-Galar, M|
|poke|p1|Gholdengo|
|poke|p1|Great Tusk|
|poke|p1|Lokix, F|
|poke|p2|Dragonite, F|
|poke|p2|Volcanion|
|poke|p2|Zamazenta-*|
|poke|p2|Meloetta|
|poke|p2|Iron Hands|
|poke|p2|Ogerpon-Wellspring, F|
|teampreview
|
|t:|1760764840
|teamsize|p1|6
|teamsize|p2|6
|start
|switch|p1a: Lokix|Lokix, F|100/100
|switch|p2a: Iron Hands|Iron Hands, shiny|100/100
|turn|1
|
|t:|1760764847
|move|p1a: Lokix|U-turn|p2a: Iron Hands
|-resisted|p2a: Iron Hands
|-damage|p2a: Iron Hands|74/100
|-damage|p1a: Lokix|84/100|[from] item: Rocky Helmet|[of] p2a: Iron Hands
|-damage|p1a: Lokix|74/100|[from] item: Life Orb
|inactive|Battle timer is ON: inactive players will automatically lose when time's up. (requested by Chuck2025)
|
|t:|1760764851
|switch|p1a: Landorus|Landorus-Therian, M|100/100|[from] U-turn
|-ability|p1a: Landorus|Intimidate|boost
|-unboost|p2a: Iron Hands|atk|1
|move|p2a: Iron Hands|Drain Punch|p1a: Landorus
|-resisted|p1a: Landorus
|-damage|p1a: Landorus|90/100
|-heal|p2a: Iron Hands|78/100|[from] drain|[of] p1a: Landorus
|-damage|p2a: Iron Hands|62/100|[from] item: Rocky Helmet|[of] p1a: Landorus
|
|upkeep
|turn|2
|
|t:|1760764863
|move|p1a: Landorus|Stealth Rock|p2a: Iron Hands
|-sidestart|p2: Chuck2025|move: Stealth Rock
|move|p2a: Iron Hands|Ice Punch|p1a: Landorus
|-supereffective|p1a: Landorus
|-damage|p1a: Landorus|33/100
|-damage|p2a: Iron Hands|45/100|[from] item: Rocky Helmet|[of] p1a: Landorus
|
|upkeep
|turn|3
|
|t:|1760764872
|move|p1a: Landorus|Earth Power|p2a: Iron Hands
|-supereffective|p2a: Iron Hands
|-damage|p2a: Iron Hands|0 fnt
|faint|p2a: Iron Hands
|-end|p2a: Iron Hands|Quark Drive|[silent]
|
|upkeep
|
|t:|1760764878
|switch|p2a: Dragonite|Dragonite, F|100/100
|turn|4
|
|t:|1760764883
|move|p1a: Landorus|U-turn|p2a: Dragonite
|-resisted|p2a: Dragonite
|-damage|p2a: Dragonite|96/100
|
|t:|1760764886
|switch|p1a: Samurott|Samurott-Hisui, M|100/100|[from] U-turn
|move|p2a: Dragonite|Ice Punch|p1a: Samurott
|-resisted|p1a: Samurott
|-damage|p1a: Samurott|83/100
|
|upkeep
|turn|5
|
|t:|1760764893
|switch|p2a: Ogerpon|Ogerpon-Wellspring, F|100/100
|-damage|p2a: Ogerpon|88/100|[from] Stealth Rock
|move|p1a: Samurott|Ceaseless Edge|p2a: Ogerpon
|-damage|p2a: Ogerpon|33/100
|-sidestart|p2: Chuck2025|Spikes
|
|upkeep
|turn|6
|
|t:|1760764901
|switch|p1a: Landorus|Landorus-Therian, M|33/100
|-ability|p1a: Landorus|Intimidate|boost
|-unboost|p2a: Ogerpon|atk|1
|move|p2a: Ogerpon|Horn Leech|p1a: Landorus
|-damage|p1a: Landorus|11/100
|-heal|p2a: Ogerpon|47/100|[from] drain|[of] p1a: Landorus
|-damage|p2a: Ogerpon|30/100|[from] item: Rocky Helmet|[of] p1a: Landorus
|
|upkeep
|turn|7
|
|t:|1760764925
|move|p2a: Ogerpon|Knock Off|p1a: Landorus
|-damage|p1a: Landorus|0 fnt
|-damage|p2a: Ogerpon|13/100|[from] item: Rocky Helmet|[of] p1a: Landorus
|-enditem|p1a: Landorus|Rocky Helmet|[from] move: Knock Off|[of] p2a: Ogerpon
|faint|p1a: Landorus
|
|upkeep
|
|t:|1760764939
|switch|p1a: Great Tusk|Great Tusk|100/100
|-enditem|p1a: Great Tusk|Booster Energy
|-activate|p1a: Great Tusk|ability: Protosynthesis|[fromitem]
|-start|p1a: Great Tusk|protosynthesisspe
|turn|8
|
|t:|1760764952
|move|p1a: Great Tusk|Ice Spinner|p2a: Ogerpon
|-damage|p2a: Ogerpon|0 fnt
|faint|p2a: Ogerpon
|
|upkeep
|
|t:|1760764958
|switch|p2a: Meloetta|Meloetta|100/100
|turn|9
|
|t:|1760764963
|-terastallize|p1a: Great Tusk|Ice
|move|p1a: Great Tusk|Bulk Up|p1a: Great Tusk
|-boost|p1a: Great Tusk|atk|1
|-boost|p1a: Great Tusk|def|1
|move|p2a: Meloetta|Psychic|p1a: Great Tusk
|-damage|p1a: Great Tusk|39/100
|
|upkeep
|turn|10
|
|t:|1760764974
|move|p1a: Great Tusk|Headlong Rush|p2a: Meloetta
|-damage|p2a: Meloetta|7/100
|-unboost|p1a: Great Tusk|def|1
|-unboost|p1a: Great Tusk|spd|1
|move|p2a: Meloetta|Psychic|p1a: Great Tusk
|-damage|p1a: Great Tusk|0 fnt
|faint|p1a: Great Tusk
|-end|p1a: Great Tusk|Protosynthesis|[silent]
|
|upkeep
|
|t:|1760764977
|switch|p1a: Samurott|Samurott-Hisui, M|83/100
|turn|11
|
|t:|1760764985
|move|p1a: Samurott|Aqua Jet|p2a: Meloetta
|-damage|p2a: Meloetta|0 fnt
|faint|p2a: Meloetta
|
|upkeep
|
|t:|1760764995
|switch|p2a: Zamazenta|Zamazenta|100/100
|-damage|p2a: Zamazenta|94/100|[from] Stealth Rock
|-damage|p2a: Zamazenta|82/100|[from] Spikes
|-ability|p2a: Zamazenta|Dauntless Shield|boost
|-boost|p2a: Zamazenta|def|1
|turn|12
|
|t:|1760765003
|switch|p1a: Slowking|Slowking-Galar, M|100/100
|move|p2a: Zamazenta|Body Press|p1a: Slowking
|-resisted|p1a: Slowking
|-damage|p1a: Slowking|89/100
|
|upkeep
|turn|13
|
|t:|1760765010
|move|p2a: Zamazenta|Crunch|p1a: Slowking
|-supereffective|p1a: Slowking
|-damage|p1a: Slowking|29/100
|move|p1a: Slowking|Future Sight|p2a: Zamazenta
|-start|p1a: Slowking|move: Future Sight
|
|upkeep
|turn|14
|
|t:|1760765016
|switch|p1a: Samurott|Samurott-Hisui, M|83/100
|move|p2a: Zamazenta|Crunch|p1a: Samurott
|-resisted|p1a: Samurott
|-damage|p1a: Samurott|64/100
|
|upkeep
|turn|15
|
|t:|1760765032
|-terastallize|p2a: Zamazenta|Flying
|move|p2a: Zamazenta|Body Press|p1a: Samurott
|-supereffective|p1a: Samurott
|-damage|p1a: Samurott|0 fnt
|faint|p1a: Samurott
|
|-end|p2a: Zamazenta|move: Future Sight
|-damage|p2a: Zamazenta|60/100
|upkeep
|
|t:|1760765037
|switch|p1a: Gholdengo|Gholdengo|100/100
|turn|16
|
|t:|1760765043
|move|p2a: Zamazenta|Crunch|p1a: Gholdengo
|-supereffective|p1a: Gholdengo
|-damage|p1a: Gholdengo|40/100
|move|p1a: Gholdengo|Thunderbolt|p2a: Zamazenta
|-supereffective|p2a: Zamazenta
|-damage|p2a: Zamazenta|8/100
|
|upkeep
|turn|17
|
|t:|1760765050
|move|p2a: Zamazenta|Crunch|p1a: Gholdengo
|-supereffective|p1a: Gholdengo
|-damage|p1a: Gholdengo|0 fnt
|faint|p1a: Gholdengo
|
|upkeep
|
|t:|1760765052
|switch|p1a: Lokix|Lokix, F|74/100
|turn|18
|
|t:|1760765058
|move|p1a: Lokix|First Impression|p2a: Zamazenta
|-resisted|p2a: Zamazenta
|-damage|p2a: Zamazenta|0 fnt
|faint|p2a: Zamazenta
|-damage|p1a: Lokix|64/100|[from] item: Life Orb
|
|upkeep
|
|t:|1760765065
|switch|p2a: Volcanion|Volcanion|100/100
|turn|19
|
|t:|1760765068
|move|p1a: Lokix|U-turn|p2a: Volcanion
|-resisted|p2a: Volcanion
|-damage|p2a: Volcanion|66/100
|-damage|p1a: Lokix|54/100|[from] item: Life Orb
|
|t:|1760765070
|switch|p1a: Slowking|Slowking-Galar, M|62/100|[from] U-turn
|move|p2a: Volcanion|Flamethrower|p1a: Slowking
|-damage|p1a: Slowking|32/100
|
|upkeep
|turn|20
|
|t:|1760765078
|move|p2a: Volcanion|Steam Eruption|p1a: Slowking
|-damage|p1a: Slowking|0 fnt
|faint|p1a: Slowking
|
|upkeep
|
|t:|1760765081
|switch|p1a: Lokix|Lokix, F|54/100
|turn|21
|
|t:|1760765086
|move|p1a: Lokix|Leech Life|p2a: Volcanion
|-resisted|p2a: Volcanion
|-damage|p2a: Volcanion|29/100
|-heal|p1a: Lokix|78/100|[from] drain|[of] p2a: Volcanion
|-damage|p1a: Lokix|68/100|[from] item: Life Orb
|move|p2a: Volcanion|Flamethrower|p1a: Lokix
|-supereffective|p1a: Lokix
|-damage|p1a: Lokix|0 fnt
|faint|p1a: Lokix
|
|win|Chuck2025
|raw|greendude44's rating: 1361 &rarr; <strong>1343</strong><br />(-18 for losing)
|raw|Chuck2025's rating: 1396 &rarr; <strong>1414</strong><br />(+18 for winning)
|l|☆greendude44
|player|p1|
|l|☆Chuck2025
|player|p2|
