|j|☆ogbepis
|j|☆asterclan
|inactive|Battle timer is ON: inactive players will automatically lose when time's up.
|t:|1760844852
|gametype|singles
|player|p1|ogbepis|101|
|player|p2|asterclan|brycen|
|gen|9
|tier|[Gen 9] OU
|rated|Tournament battle
|rule|HP Percentage Mod: HP is shown in percentages
|rule|Endless Battle Clause: Forcing endless battles is banned
|rule|Species Clause: Limit one of each Pokémon
|rule|OHKO Clause: OHKO moves are banned
|rule|Evasion Items Clause: Evasion items are banned
|rule|Evasion Moves Clause: Evasion moves are banned
|rule|Evasion Abilities Clause: Evasion abilities are banned
|rule|Sleep Moves Clause: Sleep-inducing moves are banned
|raw|<div class="infobox"><details class="readmore" open><summary><strong>1 custom rule:</strong></summary> -wobbuffet</details></div>
|clearpoke
|poke|p1|Golurk|
|poke|p1|Magmar, M|
|poke|p1|Venonat, M|
|poke|p2|Toedscruel, M|
|poke|p2|Luxio, F|
|poke|p2|Skiploom, M|
|teampreview
|j|*Lady Monita ☀
|
|t:|1760844859
|teamsize|p1|3
|teamsize|p2|3
|start
|switch|p1a: Venonat|Venonat, M|100/100
|switch|p2a: Skiploom|Skiploom, M|100/100
|turn|1
|inactive|ogbepis has 120 seconds left.
|
|t:|1760844890
|move|p1a: Venonat|Stun Spore|p2a: Skiploom
|-immune|p2a: Skiploom
|move|p2a: Skiploom|Light Screen|p2a: Skiploom
|-sidestart|p2: asterclan|move: Light Screen
|
|upkeep
|turn|2
|
|t:|1760844899
|move|p1a: Venonat|Toxic|p2a: Skiploom
|-status|p2a: Skiploom|tox
|move|p2a: Skiploom|Strength Sap|p1a: Venonat
|-unboost|p1a: Venonat|atk|1
|
|-damage|p2a: Skiploom|94/100 tox|[from] psn
|upkeep
|turn|3
|
|t:|1760844907
|move|p1a: Venonat|Night Shade|p2a: Skiploom
|-damage|p2a: Skiploom|63/100 tox
|move|p2a: Skiploom|Lunge|p1a: Venonat
|-resisted|p1a: Venonat
|-damage|p1a: Venonat|92/100
|-unboost|p1a: Venonat|atk|1
|
|-damage|p2a: Skiploom|50/100 tox|[from] psn
|upkeep
|turn|4
|
|t:|1760844919
|move|p1a: Venonat|Night Shade|p2a: Skiploom
|-damage|p2a: Skiploom|19/100 tox
|move|p2a: Skiploom|Tailwind|p2a: Skiploom
|-sidestart|p2: asterclan|move: Tailwind
|
|-damage|p2a: Skiploom|0 fnt|[from] psn
|faint|p2a: Skiploom
|upkeep
|
|t:|1760844931
|switch|p2a: Toedscruel|Toedscruel, M|100/100
|turn|5
|
|t:|1760844948
|move|p2a: Toedscruel|Earth Power|p1a: Venonat
|-damage|p1a: Venonat|42/100
|move|p1a: Venonat|Toxic|p2a: Toedscruel
|-status|p2a: Toedscruel|tox
|
|-damage|p2a: Toedscruel|94/100 tox|[from] psn
|-sideend|p2: asterclan|move: Light Screen
|upkeep
|turn|6
|
|t:|1760844955
|move|p1a: Venonat|Night Shade|p2a: Toedscruel
|-damage|p2a: Toedscruel|66/100 tox
|move|p2a: Toedscruel|Leech Seed|p1a: Venonat
|-start|p1a: Venonat|move: Leech Seed
|
|-damage|p1a: Venonat|29/100|[from] Leech Seed|[of] p2a: Toedscruel
|-heal|p2a: Toedscruel|81/100 tox|[silent]
|-damage|p2a: Toedscruel|69/100 tox|[from] psn
|upkeep
|turn|7
|
|t:|1760844961
|move|p2a: Toedscruel|Giga Drain|p1a: Venonat
|-resisted|p1a: Venonat
|-damage|p1a: Venonat|18/100
|-heal|p2a: Toedscruel|75/100 tox|[from] drain|[of] p1a: Venonat
|move|p1a: Venonat|Endeavor|p2a: Toedscruel
|-damage|p2a: Toedscruel|17/100 tox
|
|-damage|p1a: Venonat|6/100|[from] Leech Seed|[of] p2a: Toedscruel
|-heal|p2a: Toedscruel|32/100 tox|[silent]
|-damage|p2a: Toedscruel|14/100 tox|[from] psn
|-sideend|p2: asterclan|move: Tailwind
|upkeep
|turn|8
|
|t:|1760844970
|move|p2a: Toedscruel|Giga Drain|p1a: Venonat
|-resisted|p1a: Venonat
|-damage|p1a: Venonat|0 fnt
|-heal|p2a: Toedscruel|17/100 tox|[from] drain|[of] p1a: Venonat
|faint|p1a: Venonat
|
|-damage|p2a: Toedscruel|0 fnt|[from] psn
|faint|p2a: Toedscruel
|upkeep
|
|t:|1760844977
|switch|p2a: Luxio|Luxio, F|100/100
|switch|p1a: Golurk|Golurk|100/100
|turn|9
|j| Rubber Deccy
|
|t:|1760844985
|-terastallize|p2a: Luxio|Normal
|move|p2a: Luxio|Trailblaze|p1a: Golurk
|-supereffective|p1a: Golurk
|-damage|p1a: Golurk|67/100
|-boost|p2a: Luxio|spe|1
|move|p1a: Golurk|Poltergeist|p2a: Luxio
|-immune|p2a: Luxio
|
|-status|p2a: Luxio|brn|[from] item: Flame Orb
|upkeep
|turn|10
|
|t:|1760844996
|switch|p1a: Magmar|Magmar, M|100/100
|move|p2a: Luxio|Trailblaze|p1a: Magmar
|-resisted|p1a: Magmar
|-damage|p1a: Magmar|88/100
|-boost|p2a: Luxio|spe|1
|
|-damage|p2a: Luxio|94/100 brn|[from] brn
|upkeep
|turn|11
|
|t:|1760845003
|move|p2a: Luxio|Facade|p1a: Magmar
|-damage|p1a: Magmar|0 fnt
|faint|p1a: Magmar
|
|-damage|p2a: Luxio|88/100 brn|[from] brn
|upkeep
|
|t:|1760845005
|switch|p1a: Golurk|Golurk|67/100
|turn|12
|
|t:|1760845009
|move|p2a: Luxio|Trailblaze|p1a: Golurk
|-supereffective|p1a: Golurk
|-damage|p1a: Golurk|24/100
|-boost|p2a: Luxio|spe|1
|move|p1a: Golurk|Dynamic Punch|p2a: Luxio
|-supereffective|p2a: Luxio
|-damage|p2a: Luxio|0 fnt
|faint|p2a: Luxio
|
|win|ogbepis
|n|☆ogbepis|ogbepis
|n|☆asterclan|asterclan
|n|*Lady Monita ☀|ladymonita
|n| Rubber Deccy|rubberdeccy
