|j|☆Loser I will lose
|j|☆kayoepic
|t:|1760752459
|gametype|singles
|player|p1|Loser I will lose|drayden|
|player|p2|kayoepic|veteran|
|gen|9
|tier|[Gen 9] OU
|rule|HP Percentage Mod: HP is shown in percentages
|rule|Endless Battle Clause: Forcing endless battles is banned
|rule|Species Clause: Limit one of each Pokémon
|rule|OHKO Clause: OHKO moves are banned
|rule|Evasion Items Clause: Evasion items are banned
|rule|Evasion Moves Clause: Evasion moves are banned
|rule|Evasion Abilities Clause: Evasion abilities are banned
|rule|Sleep Moves Clause: Sleep-inducing moves are banned
|clearpoke
|poke|p1|Ribombee, F|
|poke|p1|Alomomola, F|
|poke|p1|Excadrill, F|
|poke|p1|Glaceon, M|
|poke|p1|Rotom-Heat|
|poke|p1|Cyclizar, M|
|poke|p2|Ceruledge, M|
|poke|p2|Aipom, F|
|poke|p2|Corviknight, F|
|poke|p2|Garganacl, M|
|poke|p2|Haxorus, F|
|poke|p2|Swampert, F|
|teampreview
|
|t:|1760752470
|teamsize|p1|6
|teamsize|p2|6
|start
|switch|p1a: 150|Alomomola, F|100/100
|switch|p2a: Mason Troy adams|Haxorus, F|100/100
|-ability|p2a: Mason Troy adams|Mold Breaker
|turn|1
|
|t:|1760752480
|move|p2a: Mason Troy adams|Poison Jab|p1a: 150
|-damage|p1a: 150|83/100
|-damage|p2a: Mason Troy adams|84/100|[from] item: Rocky Helmet|[of] p1a: 150
|move|p1a: 150|Tickle|p2a: Mason Troy adams
|-unboost|p2a: Mason Troy adams|atk|1
|-unboost|p2a: Mason Troy adams|def|1
|
|upkeep
|turn|2
|
|t:|1760752493
|switch|p1a: 150 (But ugly)|Excadrill, F|100/100
|-ability|p1a: 150 (But ugly)|Mold Breaker
|move|p2a: Mason Troy adams|Poison Jab|p1a: 150 (But ugly)
|-immune|p1a: 150 (But ugly)
|
|upkeep
|turn|3
|
|t:|1760752506
|switch|p2a: Mattias Jackson|Aipom, F|100/100
|move|p1a: 150 (But ugly)|Swords Dance|p1a: 150 (But ugly)
|-boost|p1a: 150 (But ugly)|atk|2
|
|upkeep
|turn|4
|
|t:|1760752515
|move|p2a: Mattias Jackson|Fake Out|p1a: 150 (But ugly)
|-resisted|p1a: 150 (But ugly)
|-crit|p1a: 150 (But ugly)
|-damage|p1a: 150 (But ugly)|87/100
|cant|p1a: 150 (But ugly)|flinch
|
|-heal|p1a: 150 (But ugly)|93/100|[from] item: Leftovers
|upkeep
|turn|5
|
|t:|1760752521
|move|p1a: 150 (But ugly)|Earthquake|p2a: Mattias Jackson
|-damage|p2a: Mattias Jackson|0 fnt
|faint|p2a: Mattias Jackson
|
|-heal|p1a: 150 (But ugly)|99/100|[from] item: Leftovers
|upkeep
|
|t:|1760752535
|switch|p2a: Gripper|Swampert, F|100/100
|turn|6
|
|t:|1760752566
|switch|p1a: 150 (But yellow)|Ribombee, F|100/100
|move|p2a: Gripper|Flip Turn|p1a: 150 (But yellow)
|-crit|p1a: 150 (But yellow)
|-damage|p1a: 150 (But yellow)|2/100
|
|t:|1760752574
|switch|p2a: Ichigo|Ceruledge, M|100/100|[from] Flip Turn
|
|upkeep
|turn|7
|
|t:|1760752579
|move|p2a: Ichigo|Shadow Sneak|p1a: 150 (But yellow)
|-damage|p1a: 150 (But yellow)|0 fnt
|faint|p1a: 150 (But yellow)
|
|upkeep
|
|t:|1760752587
|switch|p1a: 150|Alomomola, F|100/100
|turn|8
|
|t:|1760752596
|-terastallize|p2a: Ichigo|Grass
|move|p2a: Ichigo|Swords Dance|p2a: Ichigo
|-boost|p2a: Ichigo|atk|2
|move|p1a: 150|Tickle|p2a: Ichigo
|-unboost|p2a: Ichigo|atk|1
|-unboost|p2a: Ichigo|def|1
|
|upkeep
|turn|9
|
|t:|1760752616
|switch|p1a: 150 (But red)|Rotom-Heat|100/100
|move|p2a: Ichigo|Swords Dance|p2a: Ichigo
|-boost|p2a: Ichigo|atk|2
|
|upkeep
|turn|10
|
|t:|1760752634
|move|p1a: 150 (But red)|Overheat|p2a: Ichigo
|-start|p2a: Ichigo|ability: Flash Fire
|move|p2a: Ichigo|Close Combat|p1a: 150 (But red)
|-damage|p1a: 150 (But red)|0 fnt
|-unboost|p2a: Ichigo|def|1
|-unboost|p2a: Ichigo|spd|1
|faint|p1a: 150 (But red)
|
|upkeep
|
|t:|1760752644
|switch|p1a: 150 (But ugly)|Excadrill, F|99/100
|-ability|p1a: 150 (But ugly)|Mold Breaker
|turn|11
|
|t:|1760752688
|move|p1a: 150 (But ugly)|Iron Head|p2a: Ichigo
|-damage|p2a: Ichigo|0 fnt
|faint|p2a: Ichigo
|
|-heal|p1a: 150 (But ugly)|100/100|[from] item: Leftovers
|upkeep
|c|☆kayoepic|!weak excadrill
|c| kayoepic|/raw <div class="infobox">Excadrill (ignoring abilities):<br /><span class="message-effect-weak">Weaknesses</span>: Fighting, Fire, Ground, Water<br /><span class="message-effect-resist">Resistances</span>: Bug, Dragon, Fairy, Flying, Normal, Psychic, <b>Rock</b>, Steel<br /><span class="message-effect-immune">Immunities</span>: Electric, Poison, Sandstorm damage, Toxic</div>
|
|t:|1760752716
|switch|p2a: Gripper|Swampert, F|100/100
|turn|12
|
|t:|1760752720
|switch|p1a: 150|Alomomola, F|100/100
|move|p2a: Gripper|Earthquake|p1a: 150
|-damage|p1a: 150|71/100
|
|upkeep
|turn|13
|
|t:|1760752729
|move|p1a: 150|Tickle|p2a: Gripper
|-unboost|p2a: Gripper|atk|1
|-unboost|p2a: Gripper|def|1
|move|p2a: Gripper|Earthquake|p1a: 150
|-damage|p1a: 150|53/100
|
|upkeep
|turn|14
|
|t:|1760752734
|move|p1a: 150|Wish|p1a: 150
|move|p2a: Gripper|Stealth Rock|p1a: 150
|-sidestart|p1: Loser I will lose|move: Stealth Rock
|
|upkeep
|turn|15
|
|t:|1760752743
|switch|p1a: 100|Glaceon, M|100/100
|-damage|p1a: 100|76/100|[from] Stealth Rock
|switch|p2a: Big Black Starly|Corviknight, F|100/100
|-ability|p2a: Big Black Starly|Pressure
|
|-heal|p1a: 100|100/100|[from] move: Wish|[wisher] 150
|upkeep
|turn|16
|
|t:|1760752764
|switch|p1a: 150|Alomomola, F|87/100
|-damage|p1a: 150|74/100|[from] Stealth Rock
|move|p2a: Big Black Starly|Brave Bird|p1a: 150
|-damage|p1a: 150|56/100
|-damage|p2a: Big Black Starly|84/100|[from] item: Rocky Helmet|[of] p1a: 150
|-damage|p2a: Big Black Starly|76/100|[from] Recoil
|
|-heal|p2a: Big Black Starly|82/100|[from] item: Leftovers
|upkeep
|turn|17
|
|t:|1760752774
|move|p2a: Big Black Starly|Brave Bird|p1a: 150
|-damage|p1a: 150|36/100
|-damage|p2a: Big Black Starly|66/100|[from] item: Rocky Helmet|[of] p1a: 150
|-damage|p2a: Big Black Starly|57/100|[from] Recoil
|move|p1a: 150|Wish|p1a: 150
|
|-heal|p2a: Big Black Starly|63/100|[from] item: Leftovers
|upkeep
|turn|18
|
|t:|1760752783
|move|p2a: Big Black Starly|Roost|p2a: Big Black Starly
|-heal|p2a: Big Black Starly|100/100
|-singleturn|p2a: Big Black Starly|move: Roost
|move|p1a: 150|Tickle|p2a: Big Black Starly
|-unboost|p2a: Big Black Starly|atk|1
|-unboost|p2a: Big Black Starly|def|1
|
|-heal|p1a: 150|86/100|[from] move: Wish|[wisher] 150
|upkeep
|turn|19
|
|t:|1760752793
|switch|p2a: Mason Troy adams|Haxorus, F|84/100
|-ability|p2a: Mason Troy adams|Mold Breaker
|move|p1a: 150|Tickle|p2a: Mason Troy adams
|-unboost|p2a: Mason Troy adams|atk|1
|-unboost|p2a: Mason Troy adams|def|1
|
|upkeep
|turn|20
|
|t:|1760752802
|switch|p2a: Gripper|Swampert, F|100/100
|move|p1a: 150|Tickle|p2a: Gripper
|-unboost|p2a: Gripper|atk|1
|-unboost|p2a: Gripper|def|1
|
|upkeep
|turn|21
|
|t:|1760752832
|move|p1a: 150|Tickle|p2a: Gripper
|-unboost|p2a: Gripper|atk|1
|-unboost|p2a: Gripper|def|1
|move|p2a: Gripper|Ice Beam|p1a: 150
|-resisted|p1a: 150
|-damage|p1a: 150|75/100
|
|upkeep
|turn|22
|
|t:|1760752842
|switch|p2a: Mason Troy adams|Haxorus, F|84/100
|-ability|p2a: Mason Troy adams|Mold Breaker
|move|p1a: 150|Wish|p1a: 150
|
|upkeep
|turn|23
|
|t:|1760752852
|move|p1a: 150|Protect|p1a: 150
|-singleturn|p1a: 150|Protect
|move|p2a: Mason Troy adams|Poison Jab|p1a: 150
|-activate|p1a: 150|move: Protect
|
|-heal|p1a: 150|100/100|[from] move: Wish|[wisher] 150
|upkeep
|turn|24
|
|t:|1760752860
|switch|p2a: Gripper|Swampert, F|100/100
|move|p1a: 150|Tickle|p2a: Gripper
|-unboost|p2a: Gripper|atk|1
|-unboost|p2a: Gripper|def|1
|
|upkeep
|turn|25
|
|t:|1760752869
|switch|p2a: Big Black Starly|Corviknight, F|100/100
|-ability|p2a: Big Black Starly|Pressure
|move|p1a: 150|Flip Turn|p2a: Big Black Starly
|-damage|p2a: Big Black Starly|90/100
|
|t:|1760752881
|switch|p1a: 50|Cyclizar, M|100/100|[from] Flip Turn
|-damage|p1a: 50|88/100|[from] Stealth Rock
|
|-heal|p2a: Big Black Starly|96/100|[from] item: Leftovers
|upkeep
|turn|26
|
|t:|1760752901
|move|p1a: 50|Rapid Spin|p2a: Big Black Starly
|-resisted|p2a: Big Black Starly
|-damage|p2a: Big Black Starly|91/100
|-boost|p1a: 50|spe|1
|-sideend|p1: Loser I will lose|Stealth Rock|[from] move: Rapid Spin|[of] p1a: 50
|move|p2a: Big Black Starly|Brave Bird|p1a: 50
|-damage|p1a: 50|45/100
|-damage|p2a: Big Black Starly|80/100|[from] Recoil
|
|-heal|p2a: Big Black Starly|86/100|[from] item: Leftovers
|upkeep
|turn|27
|
|t:|1760752917
|move|p1a: 50|Draco Meteor|p2a: Big Black Starly
|-resisted|p2a: Big Black Starly
|-damage|p2a: Big Black Starly|68/100
|-unboost|p1a: 50|spa|2
|move|p2a: Big Black Starly|U-turn|p1a: 50
|-damage|p1a: 50|27/100
|
|t:|1760752925
|switch|p2a: Mason Troy adams|Haxorus, F|84/100|[from] U-turn
|-ability|p2a: Mason Troy adams|Mold Breaker
|
|upkeep
|turn|28
|
|t:|1760752931
|switch|p1a: 150|Alomomola, F|100/100
|move|p2a: Mason Troy adams|Outrage|p1a: 150
|-damage|p1a: 150|66/100
|-damage|p2a: Mason Troy adams|68/100|[from] item: Rocky Helmet|[of] p1a: 150
|
|upkeep
|turn|29
|
|t:|1760752938
|move|p2a: Mason Troy adams|Outrage|p1a: 150|[from] lockedmove
|-damage|p1a: 150|31/100
|-damage|p2a: Mason Troy adams|51/100|[from] item: Rocky Helmet|[of] p1a: 150
|move|p1a: 150|Wish|p1a: 150
|
|upkeep
|turn|30
|
|t:|1760752945
|move|p1a: 150|Protect|p1a: 150
|-singleturn|p1a: 150|Protect
|move|p2a: Mason Troy adams|Outrage|p1a: 150|[from] lockedmove
|-activate|p1a: 150|move: Protect
|-start|p2a: Mason Troy adams|confusion|[fatigue]
|
|-heal|p1a: 150|81/100|[from] move: Wish|[wisher] 150
|upkeep
|turn|31
|
|t:|1760752953
|-activate|p2a: Mason Troy adams|confusion
|-damage|p2a: Mason Troy adams|32/100|[from] confusion
|move|p1a: 150|Tickle|p2a: Mason Troy adams
|-unboost|p2a: Mason Troy adams|atk|1
|-unboost|p2a: Mason Troy adams|def|1
|
|upkeep
|turn|32
|
|t:|1760752964
|switch|p2a: Jessecore|Garganacl, M|100/100
|switch|p1a: 150 (But ugly)|Excadrill, F|100/100
|-ability|p1a: 150 (But ugly)|Mold Breaker
|
|upkeep
|turn|33
|
|t:|1760752973
|move|p1a: 150 (But ugly)|Swords Dance|p1a: 150 (But ugly)
|-boost|p1a: 150 (But ugly)|atk|2
|move|p2a: Jessecore|Salt Cure|p1a: 150 (But ugly)
|-resisted|p1a: 150 (But ugly)
|-damage|p1a: 150 (But ugly)|96/100
|-start|p1a: 150 (But ugly)|Salt Cure
|
|-heal|p1a: 150 (But ugly)|100/100|[from] item: Leftovers
|-damage|p1a: 150 (But ugly)|76/100|[from] Salt Cure
|upkeep
|turn|34
|
|t:|1760752992
|move|p1a: 150 (But ugly)|Earthquake|p2a: Jessecore
|-supereffective|p2a: Jessecore
|-damage|p2a: Jessecore|0 fnt
|faint|p2a: Jessecore
|
|-heal|p1a: 150 (But ugly)|82/100|[from] item: Leftovers
|-damage|p1a: 150 (But ugly)|57/100|[from] Salt Cure
|upkeep
|
|t:|1760752998
|switch|p2a: Gripper|Swampert, F|100/100
|turn|35
|
|t:|1760753002
|switch|p1a: 150|Alomomola, F|100/100
|move|p2a: Gripper|Stealth Rock|p1a: 150
|-sidestart|p1: Loser I will lose|move: Stealth Rock
|
|upkeep
|turn|36
|
|t:|1760753016
|move|p1a: 150|Tickle|p2a: Gripper
|-unboost|p2a: Gripper|atk|1
|-unboost|p2a: Gripper|def|1
|move|p2a: Gripper|Earthquake|p1a: 150
|-damage|p1a: 150|82/100
|
|upkeep
|turn|37
|
|t:|1760753027
|move|p1a: 150|Flip Turn|p2a: Gripper
|-damage|p2a: Gripper|78/100
|-damage|p1a: 150|65/100|[from] item: Rocky Helmet|[of] p2a: Gripper
|
|t:|1760753040
|switch|p1a: 100|Glaceon, M|100/100|[from] Flip Turn
|-damage|p1a: 100|76/100|[from] Stealth Rock
|move|p2a: Gripper|Flip Turn|p1a: 100
|-damage|p1a: 100|53/100
|
|t:|1760753048
|switch|p2a: Mason Troy adams|Haxorus, F|32/100|[from] Flip Turn
|-ability|p2a: Mason Troy adams|Mold Breaker
|
|upkeep
|turn|38
|
|t:|1760753056
|switch|p1a: 150|Alomomola, F|98/100
|-damage|p1a: 150|86/100|[from] Stealth Rock
|move|p2a: Mason Troy adams|Outrage|p1a: 150
|-damage|p1a: 150|51/100
|-damage|p2a: Mason Troy adams|16/100|[from] item: Rocky Helmet|[of] p1a: 150
|
|upkeep
|turn|39
|
|t:|1760753066
|move|p2a: Mason Troy adams|Outrage|p1a: 150|[from] lockedmove
|-damage|p1a: 150|12/100
|-damage|p2a: Mason Troy adams|0 fnt|[from] item: Rocky Helmet|[of] p1a: 150
|faint|p2a: Mason Troy adams
|move|p1a: 150|Wish|p1a: 150
|
|upkeep
|
|t:|1760753073
|switch|p2a: Big Black Starly|Corviknight, F|68/100
|-ability|p2a: Big Black Starly|Pressure
|turn|40
|
|t:|1760753079
|move|p1a: 150|Protect|p1a: 150
|-singleturn|p1a: 150|Protect
|move|p2a: Big Black Starly|Brave Bird|p1a: 150
|-activate|p1a: 150|move: Protect
|
|-heal|p1a: 150|62/100|[from] move: Wish|[wisher] 150
|-heal|p2a: Big Black Starly|74/100|[from] item: Leftovers
|upkeep
|turn|41
|
|t:|1760753089
|move|p2a: Big Black Starly|Brave Bird|p1a: 150
|-damage|p1a: 150|41/100
|-damage|p2a: Big Black Starly|58/100|[from] item: Rocky Helmet|[of] p1a: 150
|-damage|p2a: Big Black Starly|48/100|[from] Recoil
|move|p1a: 150|Wish|p1a: 150
|
|-heal|p2a: Big Black Starly|55/100|[from] item: Leftovers
|upkeep
|turn|42
|
|t:|1760753100
|switch|p1a: 100|Glaceon, M|53/100
|-damage|p1a: 100|28/100|[from] Stealth Rock
|move|p2a: Big Black Starly|Brave Bird|p1a: 100
|-damage|p1a: 100|0 fnt
|faint|p1a: 100
|-damage|p2a: Big Black Starly|49/100|[from] Recoil
|
|-heal|p2a: Big Black Starly|55/100|[from] item: Leftovers
|upkeep
|
|t:|1760753112
|switch|p1a: 50|Cyclizar, M|60/100
|-damage|p1a: 50|47/100|[from] Stealth Rock
|turn|43
|
|t:|1760753161
|move|p1a: 50|Rapid Spin|p2a: Big Black Starly
|-resisted|p2a: Big Black Starly
|-damage|p2a: Big Black Starly|49/100
|-boost|p1a: 50|spe|1
|-sideend|p1: Loser I will lose|Stealth Rock|[from] move: Rapid Spin|[of] p1a: 50
|move|p2a: Big Black Starly|Roost|p2a: Big Black Starly
|-heal|p2a: Big Black Starly|99/100
|-singleturn|p2a: Big Black Starly|move: Roost
|
|-heal|p2a: Big Black Starly|100/100|[from] item: Leftovers
|upkeep
|turn|44
|
|t:|1760753173
|move|p1a: 50|U-turn|p2a: Big Black Starly
|-resisted|p2a: Big Black Starly
|-damage|p2a: Big Black Starly|98/100
|
|t:|1760753176
|switch|p1a: 150|Alomomola, F|74/100|[from] U-turn
|move|p2a: Big Black Starly|Brave Bird|p1a: 150
|-damage|p1a: 150|54/100
|-damage|p2a: Big Black Starly|82/100|[from] item: Rocky Helmet|[of] p1a: 150
|-damage|p2a: Big Black Starly|73/100|[from] Recoil
|
|-heal|p2a: Big Black Starly|79/100|[from] item: Leftovers
|upkeep
|turn|45
|
|t:|1760753188
|move|p2a: Big Black Starly|U-turn|p1a: 150
|-damage|p1a: 150|47/100
|-damage|p2a: Big Black Starly|62/100|[from] item: Rocky Helmet|[of] p1a: 150
|
|t:|1760753193
|switch|p2a: Gripper|Swampert, F|78/100|[from] U-turn
|move|p1a: 150|Tickle|p2a: Gripper
|-unboost|p2a: Gripper|atk|1
|-unboost|p2a: Gripper|def|1
|
|upkeep
|turn|46
|
|t:|1760753200
|move|p1a: 150|Wish|p1a: 150
|move|p2a: Gripper|Ice Beam|p1a: 150
|-resisted|p1a: 150
|-damage|p1a: 150|35/100
|
|upkeep
|turn|47
|
|t:|1760753208
|move|p1a: 150|Protect|p1a: 150
|-singleturn|p1a: 150|Protect
|move|p2a: Gripper|Stealth Rock|p1a: 150
|-sidestart|p1: Loser I will lose|move: Stealth Rock
|
|-heal|p1a: 150|85/100|[from] move: Wish|[wisher] 150
|upkeep
|turn|48
|
|t:|1760753215
|move|p1a: 150|Tickle|p2a: Gripper
|-unboost|p2a: Gripper|atk|1
|-unboost|p2a: Gripper|def|1
|move|p2a: Gripper|Ice Beam|p1a: 150
|-resisted|p1a: 150
|-damage|p1a: 150|75/100
|
|upkeep
|turn|49
|
|t:|1760753228
|switch|p2a: Big Black Starly|Corviknight, F|62/100
|-ability|p2a: Big Black Starly|Pressure
|move|p1a: 150|Tickle|p2a: Big Black Starly
|-unboost|p2a: Big Black Starly|atk|1
|-unboost|p2a: Big Black Starly|def|1
|
|-heal|p2a: Big Black Starly|69/100|[from] item: Leftovers
|upkeep
|turn|50
|
|t:|1760753266
|move|p2a: Big Black Starly|Brave Bird|p1a: 150
|-damage|p1a: 150|62/100
|-damage|p2a: Big Black Starly|52/100|[from] item: Rocky Helmet|[of] p1a: 150
|-damage|p2a: Big Black Starly|47/100|[from] Recoil
|move|p1a: 150|Wish|p1a: 150
|
|-heal|p2a: Big Black Starly|53/100|[from] item: Leftovers
|upkeep
|turn|51
|
|t:|1760753274
|switch|p1a: 150 (But ugly)|Excadrill, F|57/100
|-damage|p1a: 150 (But ugly)|54/100|[from] Stealth Rock
|-ability|p1a: 150 (But ugly)|Mold Breaker
|move|p2a: Big Black Starly|Roost|p2a: Big Black Starly
|-heal|p2a: Big Black Starly|100/100
|-singleturn|p2a: Big Black Starly|move: Roost
|
|-heal|p1a: 150 (But ugly)|100/100|[from] move: Wish|[wisher] 150
|upkeep
|turn|52
|
|t:|1760753286
|switch|p2a: Gripper|Swampert, F|78/100
|move|p1a: 150 (But ugly)|Swords Dance|p1a: 150 (But ugly)
|-boost|p1a: 150 (But ugly)|atk|2
|
|upkeep
|turn|53
|
|t:|1760753309
|-terastallize|p1a: 150 (But ugly)|Dragon
|move|p1a: 150 (But ugly)|Iron Head|p2a: Gripper
|-resisted|p2a: Gripper
|-damage|p2a: Gripper|36/100
|-damage|p1a: 150 (But ugly)|84/100|[from] item: Rocky Helmet|[of] p2a: Gripper
|move|p2a: Gripper|Earthquake|p1a: 150 (But ugly)
|-damage|p1a: 150 (But ugly)|15/100
|
|-heal|p1a: 150 (But ugly)|21/100|[from] item: Leftovers
|upkeep
|turn|54
|
|t:|1760753325
|move|p1a: 150 (But ugly)|Iron Head|p2a: Gripper
|-resisted|p2a: Gripper
|-damage|p2a: Gripper|0 fnt
|-damage|p1a: 150 (But ugly)|4/100|[from] item: Rocky Helmet|[of] p2a: Gripper
|faint|p2a: Gripper
|
|-heal|p1a: 150 (But ugly)|10/100|[from] item: Leftovers
|upkeep
|
|t:|1760753328
|switch|p2a: Big Black Starly|Corviknight, F|100/100
|-ability|p2a: Big Black Starly|Pressure
|turn|55
|
|t:|1760753335
|move|p1a: 150 (But ugly)|Rapid Spin|p2a: Big Black Starly
|-resisted|p2a: Big Black Starly
|-crit|p2a: Big Black Starly
|-damage|p2a: Big Black Starly|85/100
|-boost|p1a: 150 (But ugly)|spe|1
|-sideend|p1: Loser I will lose|Stealth Rock|[from] move: Rapid Spin|[of] p1a: 150 (But ugly)
|move|p2a: Big Black Starly|Brave Bird|p1a: 150 (But ugly)
|-damage|p1a: 150 (But ugly)|0 fnt
|faint|p1a: 150 (But ugly)
|-damage|p2a: Big Black Starly|82/100|[from] Recoil
|
|-heal|p2a: Big Black Starly|88/100|[from] item: Leftovers
|upkeep
|
|t:|1760753349
|switch|p1a: 50|Cyclizar, M|81/100
|turn|56
|
|t:|1760753362
|switch|p1a: 150|Alomomola, F|96/100
|move|p2a: Big Black Starly|Brave Bird|p1a: 150
|-damage|p1a: 150|75/100
|-damage|p2a: Big Black Starly|72/100|[from] item: Rocky Helmet|[of] p1a: 150
|-damage|p2a: Big Black Starly|63/100|[from] Recoil
|
|-heal|p2a: Big Black Starly|69/100|[from] item: Leftovers
|upkeep
|turn|57
|
|t:|1760753374
|move|p2a: Big Black Starly|U-turn|p1a: 150
|-damage|p1a: 150|68/100
|-damage|p2a: Big Black Starly|52/100|[from] item: Rocky Helmet|[of] p1a: 150
|move|p1a: 150|Tickle|p2a: Big Black Starly
|-unboost|p2a: Big Black Starly|atk|1
|-unboost|p2a: Big Black Starly|def|1
|
|-heal|p2a: Big Black Starly|59/100|[from] item: Leftovers
|upkeep
|turn|58
|
|t:|1760753382
|move|p2a: Big Black Starly|Roost|p2a: Big Black Starly
|-heal|p2a: Big Black Starly|100/100
|-singleturn|p2a: Big Black Starly|move: Roost
|move|p1a: 150|Tickle|p2a: Big Black Starly
|-unboost|p2a: Big Black Starly|atk|1
|-unboost|p2a: Big Black Starly|def|1
|
|upkeep
|turn|59
|
|t:|1760753390
|move|p2a: Big Black Starly|Defog|p1a: 150
|-unboost|p1a: 150|evasion|1
|move|p1a: 150|Tickle|p2a: Big Black Starly
|-unboost|p2a: Big Black Starly|atk|1
|-unboost|p2a: Big Black Starly|def|1
|
|upkeep
|turn|60
|
|t:|1760753396
|move|p2a: Big Black Starly|Defog|p1a: 150
|-unboost|p1a: 150|evasion|1
|move|p1a: 150|Tickle|p2a: Big Black Starly
|-unboost|p2a: Big Black Starly|atk|1
|-unboost|p2a: Big Black Starly|def|1
|
|upkeep
|turn|61
|
|t:|1760753402
|move|p2a: Big Black Starly|Defog|p1a: 150
|-unboost|p1a: 150|evasion|1
|move|p1a: 150|Tickle|p2a: Big Black Starly
|-unboost|p2a: Big Black Starly|atk|1
|-unboost|p2a: Big Black Starly|def|1
|
|upkeep
|turn|62
|
|t:|1760753409
|move|p2a: Big Black Starly|U-turn|p1a: 150
|-damage|p1a: 150|66/100
|-damage|p2a: Big Black Starly|84/100|[from] item: Rocky Helmet|[of] p1a: 150
|move|p1a: 150|Tickle|p2a: Big Black Starly
|-unboost|p2a: Big Black Starly|atk|1
|-unboost|p2a: Big Black Starly|def|1
|
|-heal|p2a: Big Black Starly|90/100|[from] item: Leftovers
|upkeep
|turn|63
|
|t:|1760753417
|move|p2a: Big Black Starly|Defog|p1a: 150
|-unboost|p1a: 150|evasion|1
|move|p1a: 150|Tickle|p2a: Big Black Starly
|-unboost|p2a: Big Black Starly|atk|0
|-unboost|p2a: Big Black Starly|def|0
|
|-heal|p2a: Big Black Starly|96/100|[from] item: Leftovers
|upkeep
|turn|64
|
|t:|1760753427
|move|p2a: Big Black Starly|Brave Bird|p1a: 150
|-damage|p1a: 150|61/100
|-damage|p2a: Big Black Starly|80/100|[from] item: Rocky Helmet|[of] p1a: 150
|-damage|p2a: Big Black Starly|78/100|[from] Recoil
|move|p1a: 150|Wish|p1a: 150
|
|-heal|p2a: Big Black Starly|84/100|[from] item: Leftovers
|upkeep
|turn|65
|
|t:|1760753435
|move|p1a: 150|Protect|p1a: 150
|-singleturn|p1a: 150|Protect
|move|p2a: Big Black Starly|Brave Bird|p1a: 150
|-activate|p1a: 150|move: Protect
|
|-heal|p1a: 150|100/100|[from] move: Wish|[wisher] 150
|-heal|p2a: Big Black Starly|90/100|[from] item: Leftovers
|upkeep
|turn|66
|
|t:|1760753446
|move|p2a: Big Black Starly|Brave Bird|p1a: 150
|-damage|p1a: 150|96/100
|-damage|p2a: Big Black Starly|74/100|[from] item: Rocky Helmet|[of] p1a: 150
|-damage|p2a: Big Black Starly|72/100|[from] Recoil
|move|p1a: 150|Flip Turn|p2a: Big Black Starly
|-damage|p2a: Big Black Starly|32/100
|
|t:|1760753454
|switch|p1a: 50|Cyclizar, M|100/100|[from] Flip Turn
|
|-heal|p2a: Big Black Starly|38/100|[from] item: Leftovers
|upkeep
|turn|67
|
|t:|1760753459
|move|p1a: 50|Knock Off|p2a: Big Black Starly
|-damage|p2a: Big Black Starly|0 fnt
|-enditem|p2a: Big Black Starly|Leftovers|[from] move: Knock Off|[of] p1a: 50
|faint|p2a: Big Black Starly
|
|win|Loser I will lose
|l|☆kayoepic
|player|p2|
