|j|☆Rabzzz
|j|☆eros maniac
|t:|1760757868
|gametype|singles
|player|p1|Rabzzz|#mwpvimurkrows|1808
|player|p2|eros maniac|hilbert-wonderlauncher|1841
|gen|9
|tier|[Gen 9] OU
|rated|
|rule|HP Percentage Mod: HP is shown in percentages
|rule|Endless Battle Clause: Forcing endless battles is banned
|rule|Species Clause: Limit one of each Pokémon
|rule|OHKO Clause: OHKO moves are banned
|rule|Evasion Items Clause: Evasion items are banned
|rule|Evasion Moves Clause: Evasion moves are banned
|rule|Evasion Abilities Clause: Evasion abilities are banned
|rule|Sleep Moves Clause: Sleep-inducing moves are banned
|clearpoke
|poke|p1|Iron Boulder|
|poke|p1|Ting-Lu|
|poke|p1|Great Tusk|
|poke|p1|Enamorus, F|
|poke|p1|Gholdengo|
|poke|p1|Rotom-Wash|
|poke|p2|Frosmoth, F|
|poke|p2|Maushold-Four|
|poke|p2|Krookodile, F|
|poke|p2|Sinistcha|
|poke|p2|Alomomola, M|
|poke|p2|Weezing-Galar, M|
|teampreview
|inactive|Battle timer is ON: inactive players will automatically lose when time's up. (requested by eros maniac)
|inactive|Rabzzz has 120 seconds left.
|
|t:|1760757909
|teamsize|p1|6
|teamsize|p2|6
|start
|switch|p1a: Ting-Lu|Ting-Lu|100/100
|switch|p2a: Alomomola|Alomomola, M, shiny|100/100
|-ability|p1a: Ting-Lu|Vessel of Ruin
|turn|1
|
|t:|1760757913
|move|p1a: Ting-Lu|Spikes|p2a: Alomomola
|-sidestart|p2: eros maniac|Spikes
|move|p2a: Alomomola|Flip Turn|p1a: Ting-Lu
|-supereffective|p1a: Ting-Lu
|-damage|p1a: Ting-Lu|82/100
|
|t:|1760757921
|switch|p2a: Weezing|Weezing-Galar, M|100/100|[from] Flip Turn
|-ability|p2a: Weezing|Neutralizing Gas
|-damage|p2a: Weezing|88/100|[from] Spikes
|
|-heal|p1a: Ting-Lu|88/100|[from] item: Leftovers
|upkeep
|turn|2
|
|t:|1760757947
|move|p2a: Weezing|Defog|p1a: Ting-Lu
|-unboost|p1a: Ting-Lu|evasion|1
|-sideend|p2: eros maniac|Spikes|[from] move: Defog|[of] p2a: Weezing
|move|p1a: Ting-Lu|Ruination|p2a: Weezing
|-damage|p2a: Weezing|45/100
|
|-heal|p1a: Ting-Lu|94/100|[from] item: Leftovers
|upkeep
|turn|3
|
|t:|1760757952
|switch|p1a: Rotom|Rotom-Wash|100/100
|move|p2a: Weezing|Toxic|p1a: Rotom
|-status|p1a: Rotom|tox
|
|-damage|p1a: Rotom|95/100 tox|[from] psn
|upkeep
|turn|4
|
|t:|1760757958
|move|p1a: Rotom|Volt Switch|p2a: Weezing
|-damage|p2a: Weezing|11/100
|
|t:|1760757967
|switch|p1a: Enamorus|Enamorus, F|100/100|[from] Volt Switch
|move|p2a: Weezing|Pain Split|p1a: Enamorus
|-sethp|p1a: Enamorus|57/100|[from] move: Pain Split|[silent]
|-sethp|p2a: Weezing|49/100|[from] move: Pain Split
|
|upkeep
|turn|5
|
|t:|1760757973
|-end|p2a: Weezing|ability: Neutralizing Gas
|switch|p2a: Frosmoth|Frosmoth, F, shiny|100/100
|move|p1a: Enamorus|Moonblast|p2a: Frosmoth
|-damage|p2a: Frosmoth|73/100
|
|-heal|p2a: Frosmoth|79/100|[from] item: Leftovers
|upkeep
|turn|6
|inactive|Rabzzz has 120 seconds left.
|inactive|Rabzzz has 90 seconds left.
|
|t:|1760758034
|switch|p1a: Ting-Lu|Ting-Lu|94/100
|-ability|p1a: Ting-Lu|Vessel of Ruin
|move|p2a: Frosmoth|Ice Beam|p1a: Ting-Lu
|-supereffective|p1a: Ting-Lu
|-damage|p1a: Ting-Lu|65/100
|-status|p1a: Ting-Lu|frz
|
|-heal|p2a: Frosmoth|85/100|[from] item: Leftovers
|-heal|p1a: Ting-Lu|71/100 frz|[from] item: Leftovers
|upkeep
|turn|7
|inactive|Rabzzz has 90 seconds left.
|
|t:|1760758044
|switch|p1a: Gholdengo|Gholdengo|100/100
|move|p2a: Frosmoth|Ice Beam|p1a: Gholdengo
|-resisted|p1a: Gholdengo
|-damage|p1a: Gholdengo|81/100
|-status|p1a: Gholdengo|frz
|
|-heal|p1a: Gholdengo|87/100 frz|[from] item: Leftovers
|-heal|p2a: Frosmoth|91/100|[from] item: Leftovers
|upkeep
|turn|8
|
|t:|1760758054
|cant|p1a: Gholdengo|frz
|move|p2a: Frosmoth|Substitute|p2a: Frosmoth
|-start|p2a: Frosmoth|Substitute
|-damage|p2a: Frosmoth|66/100
|
|-heal|p1a: Gholdengo|93/100 frz|[from] item: Leftovers
|-heal|p2a: Frosmoth|72/100|[from] item: Leftovers
|upkeep
|turn|9
|
|t:|1760758062
|switch|p1a: Enamorus|Enamorus, F|57/100
|move|p2a: Frosmoth|Quiver Dance|p2a: Frosmoth
|-boost|p2a: Frosmoth|spa|1
|-boost|p2a: Frosmoth|spd|1
|-boost|p2a: Frosmoth|spe|1
|
|-heal|p2a: Frosmoth|78/100|[from] item: Leftovers
|upkeep
|turn|10
|
|t:|1760758067
|-terastallize|p2a: Frosmoth|Electric
|move|p1a: Enamorus|Mystical Fire|p2a: Frosmoth
|-activate|p2a: Frosmoth|move: Substitute|[damage]
|move|p2a: Frosmoth|Quiver Dance|p2a: Frosmoth
|-boost|p2a: Frosmoth|spa|1
|-boost|p2a: Frosmoth|spd|1
|-boost|p2a: Frosmoth|spe|1
|
|-heal|p2a: Frosmoth|84/100|[from] item: Leftovers
|upkeep
|turn|11
|
|t:|1760758073
|move|p1a: Enamorus|Mystical Fire|p2a: Frosmoth
|-activate|p2a: Frosmoth|move: Substitute|[damage]
|move|p2a: Frosmoth|Quiver Dance|p2a: Frosmoth
|-boost|p2a: Frosmoth|spa|1
|-boost|p2a: Frosmoth|spd|1
|-boost|p2a: Frosmoth|spe|1
|
|-heal|p2a: Frosmoth|90/100|[from] item: Leftovers
|upkeep
|turn|12
|inactive|Rabzzz has 120 seconds left.
|
|t:|1760758080
|move|p2a: Frosmoth|Quiver Dance|p2a: Frosmoth
|-boost|p2a: Frosmoth|spa|1
|-boost|p2a: Frosmoth|spd|1
|-boost|p2a: Frosmoth|spe|1
|move|p1a: Enamorus|Mystical Fire|p2a: Frosmoth
|-activate|p2a: Frosmoth|move: Substitute|[damage]
|
|-heal|p2a: Frosmoth|96/100|[from] item: Leftovers
|upkeep
|turn|13
|
|t:|1760758085
|switch|p1a: Rotom|Rotom-Wash|95/100 tox
|move|p2a: Frosmoth|Quiver Dance|p2a: Frosmoth
|-boost|p2a: Frosmoth|spa|1
|-boost|p2a: Frosmoth|spd|1
|-boost|p2a: Frosmoth|spe|1
|
|-heal|p2a: Frosmoth|100/100|[from] item: Leftovers
|-damage|p1a: Rotom|89/100 tox|[from] psn
|upkeep
|turn|14
|
|t:|1760758088
|move|p2a: Frosmoth|Quiver Dance|p2a: Frosmoth
|-boost|p2a: Frosmoth|spa|1
|-boost|p2a: Frosmoth|spd|1
|-boost|p2a: Frosmoth|spe|1
|move|p1a: Rotom|Volt Switch|p2a: Frosmoth
|-resisted|p2a: Frosmoth
|-crit|p2a: Frosmoth
|-end|p2a: Frosmoth|Substitute
|
|t:|1760758099
|switch|p1a: Great Tusk|Great Tusk|100/100|[from] Volt Switch
|
|upkeep
|turn|15
|
|t:|1760758101
|-terastallize|p1a: Great Tusk|Steel
|move|p2a: Frosmoth|Ice Beam|p1a: Great Tusk
|-resisted|p1a: Great Tusk
|-damage|p1a: Great Tusk|0 fnt
|faint|p1a: Great Tusk
|-end|p1a: Great Tusk|Protosynthesis|[silent]
|
|upkeep
|-message|Rabzzz forfeited.
|
|win|eros maniac
|raw|Rabzzz's rating: 1808 &rarr; <strong>1790</strong><br />(-18 for losing)
|raw|eros maniac's rating: 1841 &rarr; <strong>1859</strong><br />(+18 for winning)
|l|☆Rabzzz
|player|p1|
|l|☆eros maniac
|player|p2|
