|j|☆SmallKuza1888
|j|☆Mr Tpen
|t:|1760820801
|gametype|singles
|player|p1|SmallKuza1888|cyclist-gen4|1681
|player|p2|Mr Tpen|1|1692
|gen|9
|tier|[Gen 9] OU
|rated|
|rule|HP Percentage Mod: HP is shown in percentages
|rule|Endless Battle Clause: Forcing endless battles is banned
|rule|Species Clause: Limit one of each Pokémon
|rule|OHKO Clause: OHKO moves are banned
|rule|Evasion Items Clause: Evasion items are banned
|rule|Evasion Moves Clause: Evasion moves are banned
|rule|Evasion Abilities Clause: Evasion abilities are banned
|rule|Sleep Moves Clause: Sleep-inducing moves are banned
|clearpoke
|poke|p1|Tyranitar, M|
|poke|p1|Excadrill, M|
|poke|p1|Sinistcha|
|poke|p1|Tinkaton, F|
|poke|p1|Toxapex, M|
|poke|p1|Tornadus-Therian, M|
|poke|p2|Enamorus, F|
|poke|p2|Kyurem|
|poke|p2|Landorus-Therian, M|
|poke|p2|Kingambit, F|
|poke|p2|Ogerpon-Wellspring, F|
|poke|p2|Glimmora, F|
|teampreview
|
|t:|1760820817
|teamsize|p1|6
|teamsize|p2|6
|start
|switch|p1a: Tinkaton|Tinkaton, F|100/100
|switch|p2a: Ogerpon|Ogerpon-Wellspring, F|100/100
|-ability|p1a: Tinkaton|Mold Breaker
|-item|p1a: Tinkaton|Air Balloon
|turn|1
|
|t:|1760820822
|switch|p1a: Toxapex|Toxapex, M|100/100
|move|p2a: Ogerpon|Taunt|p1a: Toxapex
|-start|p1a: Toxapex|move: Taunt
|
|upkeep
|turn|2
|
|t:|1760820825
|switch|p1a: Sinistcha|Sinistcha|100/100
|move|p2a: Ogerpon|Knock Off|p1a: Sinistcha
|-supereffective|p1a: Sinistcha
|-damage|p1a: Sinistcha|50/100
|-enditem|p1a: Sinistcha|Leftovers|[from] move: Knock Off|[of] p2a: Ogerpon
|
|upkeep
|turn|3
|
|t:|1760820831
|move|p2a: Ogerpon|Taunt|p1a: Sinistcha
|-start|p1a: Sinistcha|move: Taunt
|move|p1a: Sinistcha|Matcha Gotcha|p2a: Ogerpon
|-damage|p2a: Ogerpon|61/100
|-heal|p1a: Sinistcha|67/100|[from] drain|[of] p2a: Ogerpon
|
|upkeep
|turn|4
|
|t:|1760820834
|move|p2a: Ogerpon|U-turn|p1a: Sinistcha
|-damage|p1a: Sinistcha|47/100
|
|t:|1760820841
|switch|p2a: Landorus|Landorus-Therian, M|100/100|[from] U-turn
|-ability|p2a: Landorus|Intimidate|boost
|-unboost|p1a: Sinistcha|atk|1
|move|p1a: Sinistcha|Matcha Gotcha|p2a: Landorus
|-damage|p2a: Landorus|67/100
|-heal|p1a: Sinistcha|66/100|[from] drain|[of] p2a: Landorus
|
|upkeep
|turn|5
|
|t:|1760820846
|move|p2a: Landorus|Stealth Rock|p1a: Sinistcha
|-sidestart|p1: SmallKuza1888|move: Stealth Rock
|move|p1a: Sinistcha|Matcha Gotcha|p2a: Landorus
|-damage|p2a: Landorus|32/100
|-heal|p1a: Sinistcha|85/100|[from] drain|[of] p2a: Landorus
|
|-end|p1a: Sinistcha|move: Taunt
|upkeep
|turn|6
|
|t:|1760820853
|switch|p2a: Kyurem|Kyurem|100/100
|-ability|p2a: Kyurem|Pressure
|move|p1a: Sinistcha|Matcha Gotcha|p2a: Kyurem
|-resisted|p2a: Kyurem
|-damage|p2a: Kyurem|86/100
|-heal|p1a: Sinistcha|93/100|[from] drain|[of] p2a: Kyurem
|
|upkeep
|turn|7
|
|t:|1760820857
|switch|p1a: Tinkaton|Tinkaton, F|100/100
|-damage|p1a: Tinkaton|94/100|[from] Stealth Rock
|-ability|p1a: Tinkaton|Mold Breaker
|-item|p1a: Tinkaton|Air Balloon
|move|p2a: Kyurem|Ice Beam|p1a: Tinkaton
|-resisted|p1a: Tinkaton
|-damage|p1a: Tinkaton|70/100
|-enditem|p1a: Tinkaton|Air Balloon
|
|upkeep
|turn|8
|
|t:|1760820865
|switch|p2a: Landorus|Landorus-Therian, M|32/100
|-ability|p2a: Landorus|Intimidate|boost
|-unboost|p1a: Tinkaton|atk|1
|move|p1a: Tinkaton|Stealth Rock|p2a: Landorus
|-sidestart|p2: Mr Tpen|move: Stealth Rock
|
|upkeep
|turn|9
|inactive|Battle timer is ON: inactive players will automatically lose when time's up. (requested by SmallKuza1888)
|
|t:|1760820872
|switch|p2a: Glimmora|Glimmora, F|100/100
|-damage|p2a: Glimmora|88/100|[from] Stealth Rock
|move|p1a: Tinkaton|Gigaton Hammer|p2a: Glimmora
|-supereffective|p2a: Glimmora
|-damage|p2a: Glimmora|42/100
|-activate|p2a: Glimmora|ability: Toxic Debris
|-sidestart|p1: SmallKuza1888|move: Toxic Spikes
|-enditem|p2a: Glimmora|Red Card|[of] p1a: Tinkaton
|drag|p1a: Tyranitar|Tyranitar, M|100/100
|-damage|p1a: Tyranitar|88/100|[from] Stealth Rock
|-status|p1a: Tyranitar|psn
|-weather|Sandstorm|[from] ability: Sand Stream|[of] p1a: Tyranitar
|
|-weather|Sandstorm|[upkeep]
|-damage|p1a: Tyranitar|76/100 psn|[from] psn
|upkeep
|turn|10
|
|t:|1760820878
|switch|p1a: Toxapex|Toxapex, M|100/100
|-damage|p1a: Toxapex|88/100|[from] Stealth Rock
|-sideend|p1: SmallKuza1888|move: Toxic Spikes|[of] p1a: Toxapex
|move|p2a: Glimmora|Mortal Spin|p1a: Toxapex
|-resisted|p1a: Toxapex
|-damage|p1a: Toxapex|86/100
|-sideend|p2: Mr Tpen|Stealth Rock|[from] move: Mortal Spin|[of] p2a: Glimmora
|-enditem|p1a: Toxapex|Eject Button
|
|t:|1760820882
|switch|p1a: Tinkaton|Tinkaton, F|70/100
|-damage|p1a: Tinkaton|64/100|[from] Stealth Rock
|-ability|p1a: Tinkaton|Mold Breaker
|
|-weather|Sandstorm|[upkeep]
|upkeep
|turn|11
|
|t:|1760820886
|move|p1a: Tinkaton|Encore|p2a: Glimmora
|-start|p2a: Glimmora|Encore
|move|p2a: Glimmora|Mortal Spin|p1a: Tinkaton
|-immune|p1a: Tinkaton
|
|-weather|Sandstorm|[upkeep]
|upkeep
|turn|12
|
|t:|1760820892
|switch|p2a: Ogerpon|Ogerpon-Wellspring, F|61/100
|move|p1a: Tinkaton|Stealth Rock|p2a: Ogerpon
|-sidestart|p2: Mr Tpen|move: Stealth Rock
|
|-weather|Sandstorm|[upkeep]
|-damage|p2a: Ogerpon|55/100|[from] Sandstorm
|upkeep
|turn|13
|
|t:|1760820896
|switch|p1a: Toxapex|Toxapex, M|100/100
|-damage|p1a: Toxapex|88/100|[from] Stealth Rock
|move|p2a: Ogerpon|U-turn|p1a: Toxapex
|-resisted|p1a: Toxapex
|-damage|p1a: Toxapex|77/100
|
|t:|1760820899
|switch|p2a: Landorus|Landorus-Therian, M|32/100|[from] U-turn
|-damage|p2a: Landorus|19/100|[from] Stealth Rock
|-ability|p2a: Landorus|Intimidate|boost
|-unboost|p1a: Toxapex|atk|1
|
|-weather|none
|upkeep
|turn|14
|
|t:|1760820906
|switch|p1a: Sinistcha|Sinistcha|93/100
|-damage|p1a: Sinistcha|81/100|[from] Stealth Rock
|move|p2a: Landorus|Earthquake|p1a: Sinistcha
|-resisted|p1a: Sinistcha
|-damage|p1a: Sinistcha|66/100
|
|upkeep
|turn|15
|
|t:|1760820909
|move|p2a: Landorus|Taunt|p1a: Sinistcha
|-start|p1a: Sinistcha|move: Taunt
|move|p1a: Sinistcha|Matcha Gotcha|p2a: Landorus
|-damage|p2a: Landorus|0 fnt
|-heal|p1a: Sinistcha|76/100|[from] drain|[of] p2a: Landorus
|faint|p2a: Landorus
|
|upkeep
|
|t:|1760820912
|switch|p2a: Glimmora|Glimmora, F|42/100
|-damage|p2a: Glimmora|29/100|[from] Stealth Rock
|turn|16
|
|t:|1760820917
|switch|p1a: Tinkaton|Tinkaton, F|64/100
|-damage|p1a: Tinkaton|58/100|[from] Stealth Rock
|-ability|p1a: Tinkaton|Mold Breaker
|move|p2a: Glimmora|Spikes|p1a: Tinkaton
|-sidestart|p1: SmallKuza1888|Spikes
|
|upkeep
|turn|17
|
|t:|1760820922
|move|p1a: Tinkaton|Gigaton Hammer|p2a: Glimmora
|-supereffective|p2a: Glimmora
|-damage|p2a: Glimmora|0 fnt
|-activate|p2a: Glimmora|ability: Toxic Debris
|-sidestart|p1: SmallKuza1888|move: Toxic Spikes
|faint|p2a: Glimmora
|
|upkeep
|
|t:|1760820928
|switch|p2a: Enamorus|Enamorus, F|100/100
|turn|18
|
|t:|1760820935
|switch|p1a: Toxapex|Toxapex, M|100/100
|-damage|p1a: Toxapex|88/100|[from] Stealth Rock
|-damage|p1a: Toxapex|76/100|[from] Spikes
|-sideend|p1: SmallKuza1888|move: Toxic Spikes|[of] p1a: Toxapex
|-terastallize|p2a: Enamorus|Stellar
|move|p2a: Enamorus|Tera Blast|p1a: Toxapex|[anim] Tera Blast Stellar
|-damage|p1a: Toxapex|49/100
|-boost|p2a: Enamorus|atk|1
|-boost|p2a: Enamorus|spa|1
|
|upkeep
|turn|19
|
|t:|1760820942
|move|p2a: Enamorus|Earth Power|p1a: Toxapex
|-supereffective|p1a: Toxapex
|-damage|p1a: Toxapex|0 fnt
|faint|p1a: Toxapex
|
|upkeep
|
|t:|1760820952
|switch|p1a: Tornadus|Tornadus-Therian, M|100/100
|-damage|p1a: Tornadus|76/100|[from] Stealth Rock
|turn|20
|
|t:|1760820955
|move|p1a: Tornadus|Bleakwind Storm|p2a: Enamorus|[miss]
|-miss|p1a: Tornadus|p2a: Enamorus
|move|p2a: Enamorus|Tera Blast|p1a: Tornadus|[anim] Tera Blast Stellar
|-damage|p1a: Tornadus|9/100
|-boost|p2a: Enamorus|atk|1
|-boost|p2a: Enamorus|spa|1
|
|upkeep
|turn|21
|
|t:|1760820958
|move|p1a: Tornadus|Bleakwind Storm|p2a: Enamorus
|-damage|p2a: Enamorus|0 fnt
|faint|p2a: Enamorus
|
|upkeep
|
|t:|1760820962
|switch|p2a: Kyurem|Kyurem|86/100
|-damage|p2a: Kyurem|61/100|[from] Stealth Rock
|-ability|p2a: Kyurem|Pressure
|turn|22
|
|t:|1760820965
|move|p2a: Kyurem|Ice Beam|p1a: Tornadus
|-supereffective|p1a: Tornadus
|-damage|p1a: Tornadus|0 fnt
|faint|p1a: Tornadus
|
|upkeep
|
|t:|1760820967
|switch|p1a: Tyranitar|Tyranitar, M|76/100 psn
|-damage|p1a: Tyranitar|64/100 psn|[from] Stealth Rock
|-damage|p1a: Tyranitar|51/100 psn|[from] Spikes
|-weather|Sandstorm|[from] ability: Sand Stream|[of] p1a: Tyranitar
|turn|23
|
|t:|1760820971
|move|p2a: Kyurem|Ice Beam|p1a: Tyranitar
|-damage|p1a: Tyranitar|14/100 psn
|move|p1a: Tyranitar|Low Kick|p2a: Kyurem
|-supereffective|p2a: Kyurem
|-damage|p2a: Kyurem|0 fnt
|faint|p2a: Kyurem
|
|-weather|Sandstorm|[upkeep]
|-damage|p1a: Tyranitar|2/100 psn|[from] psn
|upkeep
|
|t:|1760820977
|switch|p2a: Ogerpon|Ogerpon-Wellspring, F|55/100
|-damage|p2a: Ogerpon|43/100|[from] Stealth Rock
|turn|24
|
|t:|1760820980
|move|p2a: Ogerpon|Ivy Cudgel|p1a: Tyranitar|[anim] Ivy Cudgel Water
|-supereffective|p1a: Tyranitar
|-damage|p1a: Tyranitar|0 fnt
|faint|p1a: Tyranitar
|
|-weather|Sandstorm|[upkeep]
|-damage|p2a: Ogerpon|37/100|[from] Sandstorm
|upkeep
|
|t:|1760820983
|switch|p1a: Excadrill|Excadrill, M|100/100
|-damage|p1a: Excadrill|97/100|[from] Stealth Rock
|-damage|p1a: Excadrill|85/100|[from] Spikes
|turn|25
|
|t:|1760820986
|move|p1a: Excadrill|Rock Blast|p2a: Ogerpon
|-damage|p2a: Ogerpon|23/100
|-damage|p2a: Ogerpon|10/100
|-damage|p2a: Ogerpon|0 fnt
|faint|p2a: Ogerpon
|-hitcount|p2: Ogerpon|3
|
|-weather|Sandstorm|[upkeep]
|upkeep
|
|t:|1760820988
|switch|p2a: Kingambit|Kingambit, F|100/100
|-damage|p2a: Kingambit|94/100|[from] Stealth Rock
|-activate|p2a: Kingambit|ability: Supreme Overlord
|-start|p2a: Kingambit|fallen5|[silent]
|-item|p2a: Kingambit|Air Balloon
|turn|26
|
|t:|1760820993
|move|p1a: Excadrill|Rapid Spin|p2a: Kingambit
|-resisted|p2a: Kingambit
|-damage|p2a: Kingambit|86/100
|-boost|p1a: Excadrill|spe|1
|-enditem|p2a: Kingambit|Air Balloon
|-sideend|p1: SmallKuza1888|Spikes|[from] move: Rapid Spin|[of] p1a: Excadrill
|-sideend|p1: SmallKuza1888|Stealth Rock|[from] move: Rapid Spin|[of] p1a: Excadrill
|move|p2a: Kingambit|Low Kick|p1a: Excadrill
|-supereffective|p1a: Excadrill
|-damage|p1a: Excadrill|0 fnt
|faint|p1a: Excadrill
|
|-weather|Sandstorm|[upkeep]
|upkeep
|
|t:|1760820996
|switch|p1a: Sinistcha|Sinistcha|76/100
|turn|27
|
|t:|1760821000
|-terastallize|p1a: Sinistcha|Poison
|move|p2a: Kingambit|Swords Dance|p2a: Kingambit
|-boost|p2a: Kingambit|atk|2
|move|p1a: Sinistcha|Matcha Gotcha|p2a: Kingambit
|-resisted|p2a: Kingambit
|-damage|p2a: Kingambit|66/100
|-heal|p1a: Sinistcha|86/100|[from] drain|[of] p2a: Kingambit
|
|-weather|none
|upkeep
|turn|28
|
|t:|1760821005
|move|p2a: Kingambit|Iron Head|p1a: Sinistcha
|-damage|p1a: Sinistcha|0 fnt
|faint|p1a: Sinistcha
|
|upkeep
|
|t:|1760821007
|switch|p1a: Tinkaton|Tinkaton, F|58/100
|-ability|p1a: Tinkaton|Mold Breaker
|turn|29
|-message|SmallKuza1888 forfeited.
|
|win|Mr Tpen
|raw|SmallKuza1888's rating: 1681 &rarr; <strong>1662</strong><br />(-19 for losing)
|raw|Mr Tpen's rating: 1692 &rarr; <strong>1711</strong><br />(+19 for winning)
|l|☆SmallKuza1888
|player|p1|
|l|☆Mr Tpen
|player|p2|
