|j|☆D-World
|j|☆i am patrat
|t:|1760734135
|gametype|singles
|player|p1|D-World|102|1297
|player|p2|i am patrat|hilbert|1307
|gen|9
|tier|[Gen 9] OU
|rated|
|rule|HP Percentage Mod: HP is shown in percentages
|rule|Endless Battle Clause: Forcing endless battles is banned
|rule|Species Clause: Limit one of each Pokémon
|rule|OHKO Clause: OHKO moves are banned
|rule|Evasion Items Clause: Evasion items are banned
|rule|Evasion Moves Clause: Evasion moves are banned
|rule|Evasion Abilities Clause: Evasion abilities are banned
|rule|Sleep Moves Clause: Sleep-inducing moves are banned
|clearpoke
|poke|p1|Corviknight, M|
|poke|p1|Heatran, F|
|poke|p1|Pecharunt|
|poke|p1|Ogerpon-Wellspring, F|
|poke|p1|Samurott-Hisui, M|
|poke|p1|Gliscor, M|
|poke|p2|Pelipper, F|
|poke|p2|Inteleon, M|
|poke|p2|Walking Wake|
|poke|p2|Basculegion, M|
|poke|p2|Azumarill, F|
|poke|p2|Landorus-Therian, M|
|teampreview
|inactive|Battle timer is ON: inactive players will automatically lose when time's up. (requested by D-World)
|
|t:|1760734164
|teamsize|p1|6
|teamsize|p2|6
|start
|switch|p1a: Samurott|Samurott-Hisui, M|100/100
|switch|p2a: Pelipper|Pelipper, F|100/100
|-weather|RainDance|[from] ability: Drizzle|[of] p2a: Pelipper
|turn|1
|
|t:|1760734179
|move|p1a: Samurott|Ceaseless Edge|p2a: Pelipper
|-damage|p2a: Pelipper|43/100
|-sidestart|p2: i am patrat|Spikes
|move|p2a: Pelipper|U-turn|p1a: Samurott
|-supereffective|p1a: Samurott
|-damage|p1a: Samurott|81/100
|
|t:|1760734192
|switch|p2a: Azumarill|Azumarill, F|100/100|[from] U-turn
|-damage|p2a: Azumarill|88/100|[from] Spikes
|
|-weather|RainDance|[upkeep]
|upkeep
|turn|2
|
|t:|1760734201
|switch|p1a: Heatran|Heatran, F|100/100
|-item|p1a: Heatran|Air Balloon
|move|p2a: Azumarill|Liquidation|p1a: Heatran
|-supereffective|p1a: Heatran
|-damage|p1a: Heatran|0 fnt
|-enditem|p1a: Heatran|Air Balloon
|faint|p1a: Heatran
|
|-weather|RainDance|[upkeep]
|upkeep
|
|t:|1760734205
|switch|p1a: Ogerpon|Ogerpon-Wellspring, F|100/100
|turn|3
|
|t:|1760734219
|switch|p2a: Landorus|Landorus-Therian, M|100/100
|-ability|p2a: Landorus|Intimidate|boost
|-unboost|p1a: Ogerpon|atk|1
|move|p1a: Ogerpon|Horn Leech|p2a: Landorus
|-damage|p2a: Landorus|65/100
|
|-weather|RainDance|[upkeep]
|upkeep
|turn|4
|
|t:|1760734229
|move|p1a: Ogerpon|Ivy Cudgel|p2a: Landorus|[anim] Ivy Cudgel Water
|-supereffective|p2a: Landorus
|-damage|p2a: Landorus|0 fnt
|faint|p2a: Landorus
|
|-weather|RainDance|[upkeep]
|upkeep
|
|t:|1760734236
|switch|p2a: Walking Wake|Walking Wake|100/100
|-damage|p2a: Walking Wake|88/100|[from] Spikes
|turn|5
|
|t:|1760734241
|switch|p1a: Corviknight|Corviknight, M|100/100
|-ability|p1a: Corviknight|Pressure
|move|p2a: Walking Wake|Hurricane|p1a: Corviknight
|-resisted|p1a: Corviknight
|-damage|p1a: Corviknight|81/100
|
|-weather|RainDance|[upkeep]
|upkeep
|turn|6
|
|t:|1760734254
|-end|p2a: Walking Wake|Protosynthesis|[silent]
|switch|p2a: Inteleon|Inteleon, M|100/100
|-damage|p2a: Inteleon|88/100|[from] Spikes
|move|p1a: Corviknight|Brave Bird|p2a: Inteleon
|-damage|p2a: Inteleon|27/100
|-damage|p1a: Corviknight|67/100|[from] Recoil
|
|-weather|RainDance|[upkeep]
|upkeep
|turn|7
|
|t:|1760734268
|switch|p1a: Samurott|Samurott-Hisui, M|81/100
|move|p2a: Inteleon|Snipe Shot|p1a: Samurott
|-resisted|p1a: Samurott
|-crit|p1a: Samurott
|-damage|p1a: Samurott|0 fnt
|faint|p1a: Samurott
|
|-weather|RainDance|[upkeep]
|upkeep
|
|t:|1760734276
|switch|p1a: Gliscor|Gliscor, M|100/100
|turn|8
|
|t:|1760734279
|move|p1a: Gliscor|Protect|p1a: Gliscor
|-singleturn|p1a: Gliscor|Protect
|move|p2a: Inteleon|Snipe Shot|p1a: Gliscor
|-activate|p1a: Gliscor|move: Protect
|
|-weather|none
|-status|p1a: Gliscor|tox|[from] item: Toxic Orb
|upkeep
|turn|9
|
|t:|1760734287
|-terastallize|p1a: Gliscor|Fairy
|move|p2a: Inteleon|Ice Beam|p1a: Gliscor
|-damage|p1a: Gliscor|61/100 tox
|move|p1a: Gliscor|Earthquake|p2a: Inteleon
|-crit|p2a: Inteleon
|-damage|p2a: Inteleon|0 fnt
|faint|p2a: Inteleon
|
|-heal|p1a: Gliscor|73/100 tox|[from] ability: Poison Heal
|upkeep
|
|t:|1760734296
|switch|p2a: Pelipper|Pelipper, F|43/100
|-weather|RainDance|[from] ability: Drizzle|[of] p2a: Pelipper
|turn|10
|
|t:|1760734304
|switch|p2a: Basculegion|Basculegion, M|100/100
|-damage|p2a: Basculegion|88/100|[from] Spikes
|move|p1a: Gliscor|Protect||[still]
|-fail|p1a: Gliscor
|
|-weather|RainDance|[upkeep]
|-heal|p1a: Gliscor|86/100 tox|[from] ability: Poison Heal
|upkeep
|turn|11
|
|t:|1760734317
|move|p1a: Gliscor|Protect|p1a: Gliscor
|-singleturn|p1a: Gliscor|Protect
|move|p2a: Basculegion|Crunch|p1a: Gliscor
|-activate|p1a: Gliscor|move: Protect
|
|-weather|RainDance|[upkeep]
|-heal|p1a: Gliscor|98/100 tox|[from] ability: Poison Heal
|upkeep
|turn|12
|
|t:|1760734326
|switch|p2a: Azumarill|Azumarill, F|88/100
|-damage|p2a: Azumarill|76/100|[from] Spikes
|move|p1a: Gliscor|Knock Off|p2a: Azumarill
|-resisted|p2a: Azumarill
|-damage|p2a: Azumarill|62/100
|-enditem|p2a: Azumarill|Choice Band|[from] move: Knock Off|[of] p1a: Gliscor
|
|-weather|RainDance|[upkeep]
|-heal|p1a: Gliscor|100/100 tox|[from] ability: Poison Heal
|upkeep
|turn|13
|
|t:|1760734338
|move|p1a: Gliscor|Protect|p1a: Gliscor
|-singleturn|p1a: Gliscor|Protect
|move|p2a: Azumarill|Play Rough|p1a: Gliscor
|-activate|p1a: Gliscor|move: Protect
|
|-weather|RainDance|[upkeep]
|upkeep
|turn|14
|
|t:|1760734345
|switch|p1a: Corviknight|Corviknight, M|67/100
|-ability|p1a: Corviknight|Pressure
|move|p2a: Azumarill|Liquidation|p1a: Corviknight
|-damage|p1a: Corviknight|22/100
|
|-weather|RainDance|[upkeep]
|upkeep
|turn|15
|
|t:|1760734353
|move|p1a: Corviknight|U-turn|p2a: Azumarill
|-resisted|p2a: Azumarill
|-damage|p2a: Azumarill|55/100
|
|t:|1760734361
|switch|p1a: Ogerpon|Ogerpon-Wellspring, F|100/100|[from] U-turn
|move|p2a: Azumarill|Liquidation|p1a: Ogerpon
|-immune|p1a: Ogerpon|[from] ability: Water Absorb
|
|-weather|RainDance|[upkeep]
|upkeep
|turn|16
|
|t:|1760734370
|move|p1a: Ogerpon|Horn Leech|p2a: Azumarill
|-supereffective|p2a: Azumarill
|-damage|p2a: Azumarill|0 fnt
|faint|p2a: Azumarill
|
|-weather|RainDance|[upkeep]
|upkeep
|
|t:|1760734378
|switch|p2a: Walking Wake|Walking Wake|88/100
|-damage|p2a: Walking Wake|76/100|[from] Spikes
|turn|17
|
|t:|1760734384
|switch|p1a: Corviknight|Corviknight, M|22/100
|-ability|p1a: Corviknight|Pressure
|move|p2a: Walking Wake|Hurricane|p1a: Corviknight
|-resisted|p1a: Corviknight
|-damage|p1a: Corviknight|0 fnt
|faint|p1a: Corviknight
|
|-weather|none
|upkeep
|
|t:|1760734395
|switch|p1a: Gliscor|Gliscor, M, tera:Fairy|100/100 tox
|turn|18
|
|t:|1760734403
|-end|p2a: Walking Wake|Protosynthesis|[silent]
|switch|p2a: Pelipper|Pelipper, F|43/100
|-weather|RainDance|[from] ability: Drizzle|[of] p2a: Pelipper
|move|p1a: Gliscor|Swords Dance|p1a: Gliscor
|-boost|p1a: Gliscor|atk|2
|
|-weather|RainDance|[upkeep]
|upkeep
|turn|19
|
|t:|1760734412
|move|p1a: Gliscor|Knock Off|p2a: Pelipper
|-damage|p2a: Pelipper|0 fnt
|-enditem|p2a: Pelipper|Damp Rock|[from] move: Knock Off|[of] p1a: Gliscor
|faint|p2a: Pelipper
|
|-weather|RainDance|[upkeep]
|upkeep
|
|t:|1760734421
|switch|p2a: Basculegion|Basculegion, M|88/100
|-damage|p2a: Basculegion|76/100|[from] Spikes
|turn|20
|
|t:|1760734425
|move|p1a: Gliscor|Protect|p1a: Gliscor
|-singleturn|p1a: Gliscor|Protect
|move|p2a: Basculegion|Wave Crash|p1a: Gliscor
|-activate|p1a: Gliscor|move: Protect
|
|-weather|RainDance|[upkeep]
|upkeep
|turn|21
|
|t:|1760734431
|switch|p2a: Walking Wake|Walking Wake|76/100
|-damage|p2a: Walking Wake|63/100|[from] Spikes
|switch|p1a: Ogerpon|Ogerpon-Wellspring, F|100/100
|
|-weather|RainDance|[upkeep]
|upkeep
|turn|22
|
|t:|1760734444
|switch|p1a: Pecharunt|Pecharunt|100/100
|move|p2a: Walking Wake|Hurricane|p1a: Pecharunt
|-damage|p1a: Pecharunt|68/100
|
|-weather|RainDance|[upkeep]
|-heal|p1a: Pecharunt|74/100|[from] item: Leftovers
|upkeep
|turn|23
|
|t:|1760734451
|move|p2a: Walking Wake|Hurricane|p1a: Pecharunt
|-damage|p1a: Pecharunt|38/100
|move|p1a: Pecharunt|Parting Shot|p2a: Walking Wake
|-unboost|p2a: Walking Wake|atk|1
|-unboost|p2a: Walking Wake|spa|1
|
|t:|1760734457
|switch|p1a: Gliscor|Gliscor, M, tera:Fairy|100/100 tox|[from] Parting Shot
|
|-weather|RainDance|[upkeep]
|upkeep
|turn|24
|
|t:|1760734463
|move|p2a: Walking Wake|Hurricane|p1a: Gliscor
|-damage|p1a: Gliscor|62/100 tox
|move|p1a: Gliscor|Knock Off|p2a: Walking Wake
|-damage|p2a: Walking Wake|35/100
|-enditem|p2a: Walking Wake|Choice Scarf|[from] move: Knock Off|[of] p1a: Gliscor
|
|-weather|RainDance|[upkeep]
|-heal|p1a: Gliscor|74/100 tox|[from] ability: Poison Heal
|upkeep
|turn|25
|
|t:|1760734473
|move|p1a: Gliscor|Protect|p1a: Gliscor
|-singleturn|p1a: Gliscor|Protect
|move|p2a: Walking Wake|Hydro Steam|p1a: Gliscor
|-activate|p1a: Gliscor|move: Protect
|
|-weather|none
|-heal|p1a: Gliscor|86/100 tox|[from] ability: Poison Heal
|upkeep
|turn|26
|
|t:|1760734484
|move|p2a: Walking Wake|Hurricane|p1a: Gliscor
|-damage|p1a: Gliscor|46/100 tox
|move|p1a: Gliscor|Swords Dance|p1a: Gliscor
|-boost|p1a: Gliscor|atk|2
|
|-heal|p1a: Gliscor|58/100 tox|[from] ability: Poison Heal
|upkeep
|turn|27
|
|t:|1760734496
|move|p1a: Gliscor|Protect|p1a: Gliscor
|-singleturn|p1a: Gliscor|Protect
|move|p2a: Walking Wake|Hydro Steam|p1a: Gliscor
|-activate|p1a: Gliscor|move: Protect
|
|-heal|p1a: Gliscor|70/100 tox|[from] ability: Poison Heal
|upkeep
|turn|28
|
|t:|1760734504
|move|p2a: Walking Wake|Hydro Steam|p1a: Gliscor
|-damage|p1a: Gliscor|29/100 tox
|move|p1a: Gliscor|Earthquake|p2a: Walking Wake
|-damage|p2a: Walking Wake|0 fnt
|faint|p2a: Walking Wake
|-end|p2a: Walking Wake|Protosynthesis|[silent]
|
|-heal|p1a: Gliscor|42/100 tox|[from] ability: Poison Heal
|upkeep
|
|t:|1760734512
|switch|p2a: Basculegion|Basculegion, M|76/100
|-damage|p2a: Basculegion|63/100|[from] Spikes
|turn|29
|
|t:|1760734519
|move|p1a: Gliscor|Knock Off|p2a: Basculegion
|-supereffective|p2a: Basculegion
|-damage|p2a: Basculegion|0 fnt
|-enditem|p2a: Basculegion|Choice Band|[from] move: Knock Off|[of] p1a: Gliscor
|faint|p2a: Basculegion
|
|win|D-World
|raw|D-World's rating: 1297 &rarr; <strong>1323</strong><br />(+26 for winning)
|raw|i am patrat's rating: 1307 &rarr; <strong>1286</strong><br />(-21 for losing)
|l|☆i am patrat
|player|p2|
|l|☆D-World
|player|p1|
