|j|☆lalololole
|j|☆Tavmor
|t:|1760764217
|gametype|singles
|player|p1|lalololole|unknownf|1093
|player|p2|Tavmor|1|1118
|gen|9
|tier|[Gen 9] OU
|rated|
|rule|HP Percentage Mod: HP is shown in percentages
|rule|Endless Battle Clause: Forcing endless battles is banned
|rule|Species Clause: Limit one of each Pokémon
|rule|OHKO Clause: OHKO moves are banned
|rule|Evasion Items Clause: Evasion items are banned
|rule|Evasion Moves Clause: Evasion moves are banned
|rule|Evasion Abilities Clause: Evasion abilities are banned
|rule|Sleep Moves Clause: Sleep-inducing moves are banned
|clearpoke
|poke|p1|Clefable, M|
|poke|p1|Garchomp, F|
|poke|p1|Ceruledge, M|
|poke|p1|Empoleon, F|
|poke|p1|Froslass, F|
|poke|p1|Fezandipiti, M|
|poke|p2|Alomomola, F|
|poke|p2|Great Tusk|
|poke|p2|Hydrapple, F|
|poke|p2|Moltres|
|poke|p2|Kingambit, M|
|poke|p2|Dragapult, F|
|teampreview
|inactive|Battle timer is ON: inactive players will automatically lose when time's up. (requested by Tavmor)
|
|t:|1760764283
|teamsize|p1|6
|teamsize|p2|6
|start
|switch|p1a: Empoleon|Empoleon, F|100/100
|switch|p2a: Dragapult|Dragapult, F|100/100
|-item|p1a: Empoleon|Air Balloon
|turn|1
|
|t:|1760764290
|-terastallize|p2a: Dragapult|Dragon
|move|p2a: Dragapult|Dragon Darts|p1a: Empoleon
|-resisted|p1a: Empoleon
|-crit|p1a: Empoleon
|-damage|p1a: Empoleon|63/100
|-enditem|p1a: Empoleon|Air Balloon
|-anim|p2a: Dragapult|Dragon Darts|p1a: Empoleon
|-resisted|p1a: Empoleon
|-damage|p1a: Empoleon|38/100
|move|p1a: Empoleon|Ice Beam|p2a: Dragapult
|-supereffective|p2a: Dragapult
|-damage|p2a: Dragapult|19/100
|
|upkeep
|turn|2
|
|t:|1760764304
|switch|p1a: Clefable|Clefable, M|100/100
|move|p2a: Dragapult|Dragon Darts|p1a: Clefable
|-immune|p1a: Clefable
|
|upkeep
|turn|3
|
|t:|1760764321
|switch|p2a: Alomomola|Alomomola, F|100/100
|switch|p1a: Ceruledge|Ceruledge, M|100/100
|
|upkeep
|turn|4
|inactive|lalololole has 120 seconds left.
|
|t:|1760764351
|switch|p1a: Empoleon|Empoleon, F|38/100
|move|p2a: Alomomola|Wish|p2a: Alomomola
|
|upkeep
|turn|5
|inactive|lalololole has 120 seconds left.
|
|t:|1760764363
|move|p1a: Empoleon|Ice Beam|p2a: Alomomola
|-resisted|p2a: Alomomola
|-damage|p2a: Alomomola|87/100
|move|p2a: Alomomola|Flip Turn|p1a: Empoleon
|-resisted|p1a: Empoleon
|-damage|p1a: Empoleon|30/100
|
|t:|1760764370
|switch|p2a: Dragapult|Dragapult, F, tera:Dragon|19/100|[from] Flip Turn
|
|-heal|p2a: Dragapult|93/100|[from] move: Wish|[wisher] Alomomola
|upkeep
|turn|6
|
|t:|1760764379
|move|p2a: Dragapult|U-turn|p1a: Empoleon
|-resisted|p1a: Empoleon
|-damage|p1a: Empoleon|12/100
|
|t:|1760764382
|switch|p2a: Alomomola|Alomomola, F|100/100|[from] U-turn
|move|p1a: Empoleon|Ice Beam|p2a: Alomomola
|-resisted|p2a: Alomomola
|-damage|p2a: Alomomola|88/100
|
|upkeep
|turn|7
|
|t:|1760764397
|move|p1a: Empoleon|Air Slash|p2a: Alomomola
|-damage|p2a: Alomomola|65/100
|move|p2a: Alomomola|Flip Turn|p1a: Empoleon
|-resisted|p1a: Empoleon
|-damage|p1a: Empoleon|3/100
|
|t:|1760764405
|switch|p2a: Hydrapple|Hydrapple, F, shiny|100/100|[from] Flip Turn
|
|upkeep
|turn|8
|
|t:|1760764411
|switch|p2a: Alomomola|Alomomola, F|99/100
|move|p1a: Empoleon|Air Slash|p2a: Alomomola
|-damage|p2a: Alomomola|77/100
|
|upkeep
|turn|9
|
|t:|1760764424
|move|p1a: Empoleon|Air Slash|p2a: Alomomola
|-damage|p2a: Alomomola|53/100
|move|p2a: Alomomola|Flip Turn|p1a: Empoleon
|-resisted|p1a: Empoleon
|-damage|p1a: Empoleon|0 fnt
|faint|p1a: Empoleon
|
|t:|1760764431
|switch|p2a: Dragapult|Dragapult, F, tera:Dragon|93/100|[from] Flip Turn
|
|upkeep
|
|t:|1760764442
|switch|p1a: Froslass|Froslass, F|100/100
|turn|10
|
|t:|1760764448
|move|p2a: Dragapult|Dragon Darts|p1a: Froslass
|-damage|p1a: Froslass|19/100
|-anim|p2a: Dragapult|Dragon Darts|p1a: Froslass
|-damage|p1a: Froslass|0 fnt
|faint|p1a: Froslass
|
|upkeep
|
|t:|1760764471
|switch|p1a: Fezandipiti|Fezandipiti, M|100/100
|turn|11
|
|t:|1760764484
|switch|p2a: Moltres|Moltres|100/100
|move|p1a: Fezandipiti|Substitute|p1a: Fezandipiti
|-start|p1a: Fezandipiti|Substitute
|-damage|p1a: Fezandipiti|76/100
|
|upkeep
|turn|12
|
|t:|1760764506
|move|p1a: Fezandipiti|Poison Tail|p2a: Moltres
|-damage|p2a: Moltres|73/100
|move|p2a: Moltres|Flamethrower|p1a: Fezandipiti
|-end|p1a: Fezandipiti|Substitute
|
|upkeep
|turn|13
|
|t:|1760764518
|move|p1a: Fezandipiti|Dual Wingbeat|p2a: Moltres
|-damage|p2a: Moltres|58/100
|-damage|p2a: Moltres|43/100
|-status|p1a: Fezandipiti|brn|[from] ability: Flame Body|[of] p2a: Moltres
|-hitcount|p2a: Moltres|2
|move|p2a: Moltres|Flamethrower|p1a: Fezandipiti
|-damage|p1a: Fezandipiti|44/100 brn
|-enditem|p1a: Fezandipiti|Red Card|[of] p2a: Moltres
|drag|p2a: Alomomola|Alomomola, F|86/100
|
|-damage|p1a: Fezandipiti|38/100 brn|[from] brn
|upkeep
|turn|14
|
|t:|1760764536
|move|p1a: Fezandipiti|Poison Tail|p2a: Alomomola
|-damage|p2a: Alomomola|78/100
|-damage|p1a: Fezandipiti|22/100 brn|[from] item: Rocky Helmet|[of] p2a: Alomomola
|move|p2a: Alomomola|Wish|p2a: Alomomola
|
|-damage|p1a: Fezandipiti|16/100 brn|[from] brn
|upkeep
|turn|15
|
|t:|1760764545
|move|p1a: Fezandipiti|Poison Tail|p2a: Alomomola
|-damage|p2a: Alomomola|68/100
|-damage|p1a: Fezandipiti|0 fnt|[from] item: Rocky Helmet|[of] p2a: Alomomola
|faint|p1a: Fezandipiti
|move|p2a: Alomomola|Flip Turn|p1: Fezandipiti|[notarget]
|-fail|p2a: Alomomola
|
|-heal|p2a: Alomomola|100/100|[from] move: Wish|[wisher] Alomomola
|upkeep
|-message|lalololole forfeited.
|
|win|Tavmor
|raw|lalololole's rating: 1093 &rarr; <strong>1071</strong><br />(-22 for losing)
|raw|Tavmor's rating: 1118 &rarr; <strong>1141</strong><br />(+23 for winning)
|l|☆lalololole
|player|p1|
|l|☆Tavmor
|player|p2|
