|j|☆RATTTATAAA MASTER
|j|☆popozao
|t:|1760868096
|gametype|singles
|player|p1|RATTTATAAA MASTER|lance|1207
|player|p2|popozao|lenora|1229
|gen|9
|tier|[Gen 9] OU
|rated|
|rule|HP Percentage Mod: HP is shown in percentages
|rule|Endless Battle Clause: Forcing endless battles is banned
|rule|Species Clause: Limit one of each Pokémon
|rule|OHKO Clause: OHKO moves are banned
|rule|Evasion Items Clause: Evasion items are banned
|rule|Evasion Moves Clause: Evasion moves are banned
|rule|Evasion Abilities Clause: Evasion abilities are banned
|rule|Sleep Moves Clause: Sleep-inducing moves are banned
|clearpoke
|poke|p1|Entei|
|poke|p1|Torkoal, F|
|poke|p1|Walking Wake|
|poke|p1|Great Tusk|
|poke|p1|Gholdengo|
|poke|p1|Ceruledge, M|
|poke|p2|Scizor, F|
|poke|p2|Garganacl, F|
|poke|p2|Clefable, M|
|poke|p2|Rotom-Wash|
|poke|p2|Dragonite, M|
|poke|p2|Weavile, F|
|teampreview
|inactive|Battle timer is ON: inactive players will automatically lose when time's up. (requested by RATTTATAAA MASTER)
|
|t:|1760868113
|teamsize|p1|6
|teamsize|p2|6
|start
|switch|p1a: Walking Wake|Walking Wake|100/100
|switch|p2a: Rotom|Rotom-Wash|100/100
|turn|1
|
|t:|1760868123
|move|p1a: Walking Wake|Draco Meteor|p2a: Rotom
|-damage|p2a: Rotom|26/100
|-unboost|p1a: Walking Wake|spa|2
|-damage|p1a: Walking Wake|91/100|[from] item: Life Orb
|move|p2a: Rotom|Thunder Wave|p1a: Walking Wake
|-status|p1a: Walking Wake|par
|
|-heal|p2a: Rotom|32/100|[from] item: Leftovers
|upkeep
|turn|2
|
|t:|1760868129
|move|p2a: Rotom|Protect|p2a: Rotom
|-singleturn|p2a: Rotom|Protect
|move|p1a: Walking Wake|Flip Turn|p2a: Rotom
|-activate|p2a: Rotom|move: Protect
|
|-heal|p2a: Rotom|38/100|[from] item: Leftovers
|upkeep
|turn|3
|
|t:|1760868134
|move|p2a: Rotom|Volt Switch|p1a: Walking Wake
|-damage|p1a: Walking Wake|62/100 par
|
|t:|1760868137
|switch|p2a: Scizor|Scizor, F|100/100|[from] Volt Switch
|move|p1a: Walking Wake|Flip Turn|p2a: Scizor
|-damage|p2a: Scizor|83/100
|-damage|p1a: Walking Wake|46/100 par|[from] item: Rocky Helmet|[of] p2a: Scizor
|-damage|p1a: Walking Wake|36/100 par|[from] item: Life Orb
|
|t:|1760868145
|-end|p1a: Walking Wake|Protosynthesis|[silent]
|switch|p1a: Ceruledge|Ceruledge, M|100/100|[from] Flip Turn
|
|upkeep
|turn|4
|
|t:|1760868152
|-terastallize|p2a: Scizor|Water
|move|p1a: Ceruledge|Bitter Blade|p2a: Scizor
|-resisted|p2a: Scizor
|-damage|p2a: Scizor|63/100
|-damage|p1a: Ceruledge|84/100|[from] item: Rocky Helmet|[of] p2a: Scizor
|move|p2a: Scizor|Knock Off|p1a: Ceruledge
|-supereffective|p1a: Ceruledge
|-damage|p1a: Ceruledge|0 fnt
|-enditem|p1a: Ceruledge|Focus Sash|[from] move: Knock Off|[of] p2a: Scizor
|faint|p1a: Ceruledge
|
|upkeep
|
|t:|1760868177
|switch|p1a: Gholdengo|Gholdengo|100/100
|-item|p1a: Gholdengo|Air Balloon
|turn|5
|
|t:|1760868185
|move|p1a: Gholdengo|Thunderbolt|p2a: Scizor
|-supereffective|p2a: Scizor
|-damage|p2a: Scizor|0 fnt
|faint|p2a: Scizor
|
|upkeep
|
|t:|1760868189
|switch|p2a: Weavile|Weavile, F|100/100
|-ability|p2a: Weavile|Pressure
|turn|6
|
|t:|1760868197
|switch|p1a: Torkoal|Torkoal, F|100/100
|-weather|SunnyDay|[from] ability: Drought|[of] p1a: Torkoal
|move|p2a: Weavile|Knock Off|p1a: Torkoal
|-damage|p1a: Torkoal|61/100
|-enditem|p1a: Torkoal|Heat Rock|[from] move: Knock Off|[of] p2a: Weavile
|
|-weather|SunnyDay|[upkeep]
|upkeep
|turn|7
|
|t:|1760868205
|switch|p2a: Garganacl|Garganacl, F|100/100
|move|p1a: Torkoal|Stealth Rock|p2a: Garganacl
|-sidestart|p2: popozao|move: Stealth Rock
|
|-weather|SunnyDay|[upkeep]
|upkeep
|turn|8
|
|t:|1760868210
|move|p2a: Garganacl|Stealth Rock|p1a: Torkoal
|-sidestart|p1: RATTTATAAA MASTER|move: Stealth Rock
|move|p1a: Torkoal|Scorching Sands|p2a: Garganacl
|-supereffective|p2a: Garganacl
|-damage|p2a: Garganacl|80/100
|
|-weather|SunnyDay|[upkeep]
|-heal|p2a: Garganacl|86/100|[from] item: Leftovers
|upkeep
|turn|9
|
|t:|1760868216
|move|p2a: Garganacl|Salt Cure|p1a: Torkoal
|-supereffective|p1a: Torkoal
|-damage|p1a: Torkoal|43/100
|-start|p1a: Torkoal|Salt Cure
|move|p1a: Torkoal|Rapid Spin|p2a: Garganacl
|-resisted|p2a: Garganacl
|-damage|p2a: Garganacl|83/100
|-boost|p1a: Torkoal|spe|1
|-sideend|p1: RATTTATAAA MASTER|Stealth Rock|[from] move: Rapid Spin|[of] p1a: Torkoal
|
|-weather|SunnyDay|[upkeep]
|-heal|p2a: Garganacl|89/100|[from] item: Leftovers
|-damage|p1a: Torkoal|31/100|[from] Salt Cure
|upkeep
|turn|10
|
|t:|1760868224
|switch|p1a: Gholdengo|Gholdengo|100/100
|-item|p1a: Gholdengo|Air Balloon
|move|p2a: Garganacl|Stealth Rock|p1a: Gholdengo
|-sidestart|p1: RATTTATAAA MASTER|move: Stealth Rock
|
|-weather|SunnyDay|[upkeep]
|-heal|p2a: Garganacl|96/100|[from] item: Leftovers
|upkeep
|turn|11
|
|t:|1760868233
|move|p1a: Gholdengo|Make It Rain|p2a: Garganacl
|-supereffective|p2a: Garganacl
|-damage|p2a: Garganacl|3/100
|-unboost|p1a: Gholdengo|spa|1
|move|p2a: Garganacl|Salt Cure|p1a: Gholdengo
|-resisted|p1a: Gholdengo
|-damage|p1a: Gholdengo|93/100
|-start|p1a: Gholdengo|Salt Cure
|-enditem|p1a: Gholdengo|Air Balloon
|
|-weather|SunnyDay|[upkeep]
|-heal|p2a: Garganacl|10/100|[from] item: Leftovers
|-damage|p1a: Gholdengo|68/100|[from] Salt Cure
|upkeep
|turn|12
|
|t:|1760868238
|move|p2a: Garganacl|Protect|p2a: Garganacl
|-singleturn|p2a: Garganacl|Protect
|move|p1a: Gholdengo|Shadow Ball|p2a: Garganacl
|-activate|p2a: Garganacl|move: Protect
|
|-weather|SunnyDay|[upkeep]
|-heal|p2a: Garganacl|16/100|[from] item: Leftovers
|-damage|p1a: Gholdengo|44/100|[from] Salt Cure
|upkeep
|turn|13
|
|t:|1760868256
|switch|p2a: Rotom|Rotom-Wash|38/100
|-damage|p2a: Rotom|26/100|[from] Stealth Rock
|move|p1a: Gholdengo|Make It Rain|p2a: Rotom
|-resisted|p2a: Rotom
|-damage|p2a: Rotom|17/100
|-unboost|p1a: Gholdengo|spa|1
|
|-weather|none
|-heal|p2a: Rotom|23/100|[from] item: Leftovers
|-damage|p1a: Gholdengo|19/100|[from] Salt Cure
|upkeep
|turn|14
|
|t:|1760868265
|switch|p1a: Torkoal|Torkoal, F|31/100
|-damage|p1a: Torkoal|6/100|[from] Stealth Rock
|-weather|SunnyDay|[from] ability: Drought|[of] p1a: Torkoal
|move|p2a: Rotom|Volt Switch|p1a: Torkoal
|-damage|p1a: Torkoal|0 fnt
|faint|p1a: Torkoal
|
|t:|1760868269
|switch|p2a: Garganacl|Garganacl, F|16/100|[from] Volt Switch
|-damage|p2a: Garganacl|3/100|[from] Stealth Rock
|
|-weather|SunnyDay|[upkeep]
|-heal|p2a: Garganacl|10/100|[from] item: Leftovers
|upkeep
|
|t:|1760868278
|switch|p1a: Entei|Entei|100/100
|-damage|p1a: Entei|76/100|[from] Stealth Rock
|-ability|p1a: Entei|Pressure
|turn|15
|
|t:|1760868282
|move|p2a: Garganacl|Protect|p2a: Garganacl
|-singleturn|p2a: Garganacl|Protect
|move|p1a: Entei|Trailblaze|p2a: Garganacl
|-activate|p2a: Garganacl|move: Protect
|
|-weather|SunnyDay|[upkeep]
|-heal|p2a: Garganacl|16/100|[from] item: Leftovers
|upkeep
|turn|16
|
|t:|1760868299
|move|p1a: Entei|Trailblaze|p2a: Garganacl
|-supereffective|p2a: Garganacl
|-damage|p2a: Garganacl|0 fnt
|-boost|p1a: Entei|spe|1
|faint|p2a: Garganacl
|
|-weather|SunnyDay|[upkeep]
|upkeep
|
|t:|1760868304
|switch|p2a: Dragonite|Dragonite, M|100/100
|turn|17
|
|t:|1760868312
|move|p1a: Entei|Sacred Fire|p2a: Dragonite|[miss]
|-miss|p1a: Entei|p2a: Dragonite
|move|p2a: Dragonite|Dragon Tail|p1a: Entei
|-damage|p1a: Entei|39/100
|drag|p1a: Gholdengo|Gholdengo|19/100
|-damage|p1a: Gholdengo|13/100|[from] Stealth Rock
|
|-weather|SunnyDay|[upkeep]
|upkeep
|turn|18
|
|t:|1760868318
|move|p1a: Gholdengo|Make It Rain|p2a: Dragonite
|-damage|p2a: Dragonite|72/100
|-unboost|p1a: Gholdengo|spa|1
|move|p2a: Dragonite|Roost|p2a: Dragonite
|-heal|p2a: Dragonite|100/100
|-singleturn|p2a: Dragonite|move: Roost
|
|-weather|none
|upkeep
|turn|19
|
|t:|1760868326
|move|p1a: Gholdengo|Shadow Ball|p2a: Dragonite
|-damage|p2a: Dragonite|89/100
|-unboost|p2a: Dragonite|spd|1
|move|p2a: Dragonite|Dragon Tail|p1a: Gholdengo
|-resisted|p1a: Gholdengo
|-damage|p1a: Gholdengo|0 fnt
|faint|p1a: Gholdengo
|
|upkeep
|
|t:|1760868343
|switch|p1a: Great Tusk|Great Tusk|100/100
|-damage|p1a: Great Tusk|97/100|[from] Stealth Rock
|turn|20
|
|t:|1760868347
|move|p1a: Great Tusk|Ice Spinner|p2a: Dragonite
|-supereffective|p2a: Dragonite
|-damage|p2a: Dragonite|0 fnt
|faint|p2a: Dragonite
|
|-heal|p1a: Great Tusk|100/100|[from] item: Leftovers
|upkeep
|
|t:|1760868351
|switch|p2a: Clefable|Clefable, M|100/100
|-damage|p2a: Clefable|88/100|[from] Stealth Rock
|turn|21
|
|t:|1760868357
|-terastallize|p1a: Great Tusk|Steel
|move|p1a: Great Tusk|Headlong Rush|p2a: Clefable
|-damage|p2a: Clefable|38/100
|-unboost|p1a: Great Tusk|def|1
|-unboost|p1a: Great Tusk|spd|1
|move|p2a: Clefable|Calm Mind|p2a: Clefable
|-boost|p2a: Clefable|spa|1
|-boost|p2a: Clefable|spd|1
|
|-heal|p2a: Clefable|44/100|[from] item: Leftovers
|upkeep
|turn|22
|
|t:|1760868363
|move|p1a: Great Tusk|Headlong Rush|p2a: Clefable
|-damage|p2a: Clefable|0 fnt
|-unboost|p1a: Great Tusk|def|1
|-unboost|p1a: Great Tusk|spd|1
|faint|p2a: Clefable
|
|upkeep
|
|t:|1760868370
|switch|p2a: Weavile|Weavile, F|100/100
|-damage|p2a: Weavile|76/100|[from] Stealth Rock
|-ability|p2a: Weavile|Pressure
|turn|23
|
|t:|1760868377
|-end|p1a: Great Tusk|Protosynthesis|[silent]
|switch|p1a: Walking Wake|Walking Wake|36/100 par
|-damage|p1a: Walking Wake|24/100 par|[from] Stealth Rock
|move|p2a: Weavile|Low Kick|p1a: Walking Wake
|-damage|p1a: Walking Wake|0 fnt
|faint|p1a: Walking Wake
|-end|p1a: Walking Wake|Protosynthesis|[silent]
|
|upkeep
|
|t:|1760868387
|switch|p1a: Great Tusk|Great Tusk, tera:Steel|100/100
|-damage|p1a: Great Tusk|94/100|[from] Stealth Rock
|turn|24
|
|t:|1760868394
|switch|p2a: Rotom|Rotom-Wash|23/100
|-damage|p2a: Rotom|11/100|[from] Stealth Rock
|move|p1a: Great Tusk|Headlong Rush|p2a: Rotom
|-immune|p2a: Rotom|[from] ability: Levitate
|
|-heal|p1a: Great Tusk|100/100|[from] item: Leftovers
|-heal|p2a: Rotom|17/100|[from] item: Leftovers
|upkeep
|turn|25
|
|t:|1760868405
|move|p2a: Rotom|Protect|p2a: Rotom
|-singleturn|p2a: Rotom|Protect
|move|p1a: Great Tusk|Rapid Spin|p2a: Rotom
|-activate|p2a: Rotom|move: Protect
|
|-heal|p2a: Rotom|23/100|[from] item: Leftovers
|upkeep
|turn|26
|
|t:|1760868411
|move|p1a: Great Tusk|Rapid Spin|p2a: Rotom
|-damage|p2a: Rotom|7/100
|-boost|p1a: Great Tusk|spe|1
|-sideend|p1: RATTTATAAA MASTER|Stealth Rock|[from] move: Rapid Spin|[of] p1a: Great Tusk
|move|p2a: Rotom|Thunder Wave|p1a: Great Tusk
|-status|p1a: Great Tusk|par
|
|-heal|p2a: Rotom|13/100|[from] item: Leftovers
|upkeep
|turn|27
|
|t:|1760868417
|move|p2a: Rotom|Protect|p2a: Rotom
|-singleturn|p2a: Rotom|Protect
|cant|p1a: Great Tusk|par
|
|-heal|p2a: Rotom|20/100|[from] item: Leftovers
|upkeep
|turn|28
|
|t:|1760868421
|move|p2a: Rotom|Hydro Pump|p1a: Great Tusk
|-damage|p1a: Great Tusk|45/100 par
|move|p1a: Great Tusk|Rapid Spin|p2a: Rotom
|-damage|p2a: Rotom|5/100
|-boost|p1a: Great Tusk|spe|1
|
|-heal|p1a: Great Tusk|51/100 par|[from] item: Leftovers
|-heal|p2a: Rotom|11/100|[from] item: Leftovers
|upkeep
|turn|29
|
|t:|1760868426
|move|p1a: Great Tusk|Bulk Up|p1a: Great Tusk
|-boost|p1a: Great Tusk|atk|1
|-boost|p1a: Great Tusk|def|1
|move|p2a: Rotom|Hydro Pump|p1a: Great Tusk
|-damage|p1a: Great Tusk|0 fnt
|faint|p1a: Great Tusk
|-end|p1a: Great Tusk|Protosynthesis|[silent]
|
|-heal|p2a: Rotom|17/100|[from] item: Leftovers
|upkeep
|
|t:|1760868428
|switch|p1a: Entei|Entei|39/100
|-ability|p1a: Entei|Pressure
|turn|30
|
|t:|1760868435
|move|p2a: Rotom|Protect|p2a: Rotom
|-singleturn|p2a: Rotom|Protect
|move|p1a: Entei|Trailblaze|p2a: Rotom
|-activate|p2a: Rotom|move: Protect
|
|-heal|p2a: Rotom|24/100|[from] item: Leftovers
|upkeep
|turn|31
|
|t:|1760868448
|move|p1a: Entei|Trailblaze|p2a: Rotom
|-supereffective|p2a: Rotom
|-damage|p2a: Rotom|0 fnt
|-boost|p1a: Entei|spe|1
|faint|p2a: Rotom
|
|upkeep
|
|t:|1760868450
|switch|p2a: Weavile|Weavile, F|76/100
|-damage|p2a: Weavile|51/100|[from] Stealth Rock
|-ability|p2a: Weavile|Pressure
|turn|32
|
|t:|1760868455
|move|p1a: Entei|Sacred Fire|p2a: Weavile
|-supereffective|p2a: Weavile
|-crit|p2a: Weavile
|-damage|p2a: Weavile|0 fnt
|faint|p2a: Weavile
|
|win|RATTTATAAA MASTER
|raw|RATTTATAAA MASTER's rating: 1235 &rarr; <strong>1260</strong><br />(+25 for winning)
|raw|popozao's rating: 1229 &rarr; <strong>1204</strong><br />(-25 for losing)
