|j|‽daringdario
|j|☆lab addict
|t:|1760865411
|gametype|singles
|player|p1|daringdario|266|1600
|player|p2|lab addict|colress|1665
|gen|9
|tier|[Gen 9] OU
|rated|
|rule|HP Percentage Mod: HP is shown in percentages
|rule|Endless Battle Clause: Forcing endless battles is banned
|rule|Species Clause: Limit one of each Pokémon
|rule|OHKO Clause: OHKO moves are banned
|rule|Evasion Items Clause: Evasion items are banned
|rule|Evasion Moves Clause: Evasion moves are banned
|rule|Evasion Abilities Clause: Evasion abilities are banned
|rule|Sleep Moves Clause: Sleep-inducing moves are banned
|clearpoke
|poke|p1|Iron Valiant|
|poke|p1|Great Tusk|
|poke|p1|Dragonite, M|
|poke|p1|Deoxys-Speed|
|poke|p1|Glimmora, F|
|poke|p1|Kingambit, F|
|poke|p2|Gholdengo|
|poke|p2|Rillaboom, F|
|poke|p2|Raging Bolt|
|poke|p2|Samurott-Hisui, F|
|poke|p2|Iron Treads|
|poke|p2|Bronzong|
|teampreview
|j| wgw2333
|c|☆lab addict|Glhf
|
|t:|1760865429
|teamsize|p1|6
|teamsize|p2|6
|start
|switch|p1a: Deoxys|Deoxys-Speed|100/100
|switch|p2a: Samurott|Samurott-Hisui, F|100/100
|-ability|p1a: Deoxys|Pressure
|turn|1
|
|t:|1760865434
|move|p1a: Deoxys|Reflect|p1a: Deoxys
|-sidestart|p1: daringdario|Reflect
|move|p2a: Samurott|Flip Turn|p1a: Deoxys
|-damage|p1a: Deoxys|82/100
|
|t:|1760865440
|switch|p2a: Gholdengo|Gholdengo|100/100|[from] Flip Turn
|
|upkeep
|turn|2
|
|t:|1760865442
|move|p1a: Deoxys|Light Screen|p1a: Deoxys
|-sidestart|p1: daringdario|move: Light Screen
|move|p2a: Gholdengo|Nasty Plot|p2a: Gholdengo
|-boost|p2a: Gholdengo|spa|2
|
|upkeep
|turn|3
|
|t:|1760865469
|move|p1a: Deoxys|Psycho Boost|p2a: Gholdengo
|-resisted|p2a: Gholdengo
|-damage|p2a: Gholdengo|77/100
|-unboost|p1a: Deoxys|spa|2
|move|p2a: Gholdengo|Shadow Ball|p1a: Deoxys
|-supereffective|p1a: Deoxys
|-damage|p1a: Deoxys|0 fnt
|faint|p1a: Deoxys
|
|upkeep
|
|t:|1760865473
|switch|p1a: Great Tusk|Great Tusk|100/100
|-enditem|p1a: Great Tusk|Booster Energy
|-activate|p1a: Great Tusk|ability: Protosynthesis|[fromitem]
|-start|p1a: Great Tusk|protosynthesisspe
|turn|4
|
|t:|1760865482
|move|p1a: Great Tusk|Headlong Rush|p2a: Gholdengo
|-supereffective|p2a: Gholdengo
|-damage|p2a: Gholdengo|0 fnt
|-unboost|p1a: Great Tusk|def|1
|-unboost|p1a: Great Tusk|spd|1
|faint|p2a: Gholdengo
|
|upkeep
|
|t:|1760865485
|switch|p2a: Rillaboom|Rillaboom, F|100/100
|-fieldstart|move: Grassy Terrain|[from] ability: Grassy Surge|[of] p2a: Rillaboom
|turn|5
|
|t:|1760865494
|-end|p1a: Great Tusk|Protosynthesis|[silent]
|switch|p1a: Dragonite|Dragonite, M|100/100
|move|p2a: Rillaboom|Grassy Glide|p1a: Dragonite
|-resisted|p1a: Dragonite
|-damage|p1a: Dragonite|98/100
|
|-heal|p1a: Dragonite|100/100|[from] item: Leftovers
|upkeep
|turn|6
|
|t:|1760865499
|move|p1a: Dragonite|Dragon Dance|p1a: Dragonite
|-boost|p1a: Dragonite|atk|1
|-boost|p1a: Dragonite|spe|1
|move|p2a: Rillaboom|U-turn|p1a: Dragonite
|-resisted|p1a: Dragonite
|-damage|p1a: Dragonite|97/100
|
|t:|1760865503
|switch|p2a: Starlink|Bronzong, shiny|100/100|[from] U-turn
|
|-heal|p1a: Dragonite|100/100|[from] item: Leftovers
|upkeep
|turn|7
|
|t:|1760865510
|move|p1a: Dragonite|Substitute|p1a: Dragonite
|-start|p1a: Dragonite|Substitute
|-damage|p1a: Dragonite|76/100
|move|p2a: Starlink|Iron Defense|p2a: Starlink
|-boost|p2a: Starlink|def|2
|
|-heal|p1a: Dragonite|82/100|[from] item: Leftovers
|upkeep
|turn|8
|
|t:|1760865519
|switch|p1a: Iron Valiant|Iron Valiant|100/100
|-enditem|p1a: Iron Valiant|Booster Energy
|-activate|p1a: Iron Valiant|ability: Quark Drive|[fromitem]
|-start|p1a: Iron Valiant|quarkdrivespe
|move|p2a: Starlink|Psychic Noise|p1a: Iron Valiant
|-supereffective|p1a: Iron Valiant
|-damage|p1a: Iron Valiant|62/100
|-start|p1a: Iron Valiant|move: Heal Block
|
|-sideend|p1: daringdario|Reflect
|upkeep
|turn|9
|
|t:|1760865525
|move|p1a: Iron Valiant|Knock Off|p2a: Starlink
|-supereffective|p2a: Starlink
|-damage|p2a: Starlink|82/100
|-enditem|p2a: Starlink|Covert Cloak|[from] move: Knock Off|[of] p1a: Iron Valiant
|move|p2a: Starlink|Psychic Noise|p1a: Iron Valiant
|-supereffective|p1a: Iron Valiant
|-damage|p1a: Iron Valiant|23/100
|
|-heal|p2a: Starlink|88/100|[from] Grassy Terrain
|-end|p1a: Iron Valiant|move: Heal Block
|-sideend|p1: daringdario|move: Light Screen
|-fieldend|move: Grassy Terrain
|upkeep
|turn|10
|
|t:|1760865537
|move|p1a: Iron Valiant|Moonblast|p2a: Starlink
|-resisted|p2a: Starlink
|-damage|p2a: Starlink|67/100
|move|p2a: Starlink|Psychic Noise|p1a: Iron Valiant
|-supereffective|p1a: Iron Valiant
|-damage|p1a: Iron Valiant|0 fnt
|faint|p1a: Iron Valiant
|-end|p1a: Iron Valiant|Quark Drive|[silent]
|
|upkeep
|
|t:|1760865567
|switch|p1a: Kingambit|Kingambit, F|100/100
|-activate|p1a: Kingambit|ability: Supreme Overlord
|-start|p1a: Kingambit|fallen2|[silent]
|turn|11
|
|t:|1760865572
|-terastallize|p1a: Kingambit|Fighting
|-terastallize|p2a: Starlink|Fighting
|move|p1a: Kingambit|Swords Dance|p1a: Kingambit
|-boost|p1a: Kingambit|atk|2
|move|p2a: Starlink|Body Press|p1a: Kingambit
|-damage|p1a: Kingambit|32/100
|
|upkeep
|turn|12
|
|t:|1760865585
|move|p1a: Kingambit|Low Kick|p2a: Starlink
|-damage|p2a: Starlink|23/100
|move|p2a: Starlink|Psychic Noise|p1a: Kingambit
|-supereffective|p1a: Kingambit
|-damage|p1a: Kingambit|0 fnt
|faint|p1a: Kingambit
|-end|p1a: Kingambit|fallen2|[silent]
|
|upkeep
|
|t:|1760865593
|switch|p1a: Glimmora|Glimmora, F|100/100
|turn|13
|
|t:|1760865596
|switch|p2a: Iron Treads|Iron Treads|100/100
|-item|p2a: Iron Treads|Air Balloon
|move|p1a: Glimmora|Light Screen|p1a: Glimmora
|-sidestart|p1: daringdario|move: Light Screen
|
|upkeep
|turn|14
|
|t:|1760865602
|switch|p1a: Dragonite|Dragonite, M|82/100
|move|p2a: Iron Treads|Stealth Rock|p1a: Dragonite
|-sidestart|p1: daringdario|move: Stealth Rock
|
|-heal|p1a: Dragonite|88/100|[from] item: Leftovers
|upkeep
|turn|15
|
|t:|1760865608
|move|p2a: Iron Treads|Volt Switch|p1a: Dragonite
|-damage|p1a: Dragonite|82/100
|
|t:|1760865613
|-end|p2a: Iron Treads|Quark Drive|[silent]
|switch|p2a: Samurott|Samurott-Hisui, F|100/100|[from] Volt Switch
|move|p1a: Dragonite|Tera Blast|p2a: Samurott
|-damage|p2a: Samurott|74/100
|
|-heal|p1a: Dragonite|88/100|[from] item: Leftovers
|upkeep
|turn|16
|
|t:|1760865616
|move|p2a: Samurott|Ceaseless Edge|p1a: Dragonite
|-damage|p1a: Dragonite|37/100
|-sidestart|p1: daringdario|Spikes
|move|p1a: Dragonite|Dragon Dance|p1a: Dragonite
|-boost|p1a: Dragonite|atk|1
|-boost|p1a: Dragonite|spe|1
|
|-heal|p1a: Dragonite|44/100|[from] item: Leftovers
|upkeep
|turn|17
|
|t:|1760865619
|move|p2a: Samurott|Ceaseless Edge|p1a: Dragonite
|-damage|p1a: Dragonite|0 fnt
|-sidestart|p1: daringdario|Spikes
|faint|p1a: Dragonite
|
|upkeep
|
|t:|1760865623
|switch|p1a: Glimmora|Glimmora, F|100/100
|-damage|p1a: Glimmora|88/100|[from] Stealth Rock
|-damage|p1a: Glimmora|72/100|[from] Spikes
|turn|18
|
|t:|1760865625
|move|p2a: Samurott|Ceaseless Edge|p1a: Glimmora
|-damage|p1a: Glimmora|27/100
|-activate|p1a: Glimmora|ability: Toxic Debris
|-sidestart|p2: lab addict|move: Toxic Spikes
|-sidestart|p1: daringdario|Spikes
|move|p1a: Glimmora|Mortal Spin|p2a: Samurott
|-damage|p2a: Samurott|66/100
|-status|p2a: Samurott|psn
|-sideend|p1: daringdario|Spikes|[from] move: Mortal Spin|[of] p1a: Glimmora
|-sideend|p1: daringdario|Stealth Rock|[from] move: Mortal Spin|[of] p1a: Glimmora
|
|-damage|p2a: Samurott|53/100 psn|[from] psn
|upkeep
|turn|19
|
|t:|1760865640
|move|p2a: Samurott|Ceaseless Edge|p1a: Glimmora
|-damage|p1a: Glimmora|0 fnt
|-activate|p1a: Glimmora|ability: Toxic Debris
|-sidestart|p2: lab addict|move: Toxic Spikes
|-sidestart|p1: daringdario|Spikes
|faint|p1a: Glimmora
|
|-damage|p2a: Samurott|41/100 psn|[from] psn
|upkeep
|
|t:|1760865642
|switch|p1a: Great Tusk|Great Tusk|100/100
|-damage|p1a: Great Tusk|88/100|[from] Spikes
|turn|20
|
|t:|1760865645
|move|p2a: Samurott|Ceaseless Edge|p1a: Great Tusk|[miss]
|-miss|p2a: Samurott|p1a: Great Tusk
|move|p1a: Great Tusk|Bulk Up|p1a: Great Tusk
|-boost|p1a: Great Tusk|atk|1
|-boost|p1a: Great Tusk|def|1
|
|-damage|p2a: Samurott|28/100 psn|[from] psn
|-sideend|p1: daringdario|move: Light Screen
|upkeep
|turn|21
|
|t:|1760865646
|move|p2a: Samurott|Ceaseless Edge|p1a: Great Tusk
|-resisted|p1a: Great Tusk
|-damage|p1a: Great Tusk|79/100
|-sidestart|p1: daringdario|Spikes
|move|p1a: Great Tusk|Bulk Up|p1a: Great Tusk
|-boost|p1a: Great Tusk|atk|1
|-boost|p1a: Great Tusk|def|1
|
|-damage|p2a: Samurott|16/100 psn|[from] psn
|upkeep
|turn|22
|
|t:|1760865650
|move|p2a: Samurott|Ceaseless Edge|p1a: Great Tusk
|-resisted|p1a: Great Tusk
|-damage|p1a: Great Tusk|72/100
|-sidestart|p1: daringdario|Spikes
|move|p1a: Great Tusk|Bulk Up|p1a: Great Tusk
|-boost|p1a: Great Tusk|atk|1
|-boost|p1a: Great Tusk|def|1
|
|-damage|p2a: Samurott|3/100 psn|[from] psn
|upkeep
|turn|23
|
|t:|1760865658
|move|p2a: Samurott|Ceaseless Edge|p1a: Great Tusk
|-resisted|p1a: Great Tusk
|-damage|p1a: Great Tusk|67/100
|move|p1a: Great Tusk|Bulk Up|p1a: Great Tusk
|-boost|p1a: Great Tusk|atk|1
|-boost|p1a: Great Tusk|def|1
|
|-damage|p2a: Samurott|0 fnt|[from] psn
|faint|p2a: Samurott
|upkeep
|
|t:|1760865661
|switch|p2a: Rillaboom|Rillaboom, F|100/100
|-fieldstart|move: Grassy Terrain|[from] ability: Grassy Surge|[of] p2a: Rillaboom
|turn|24
|
|t:|1760865676
|move|p2a: Rillaboom|Grassy Glide|p1a: Great Tusk
|-supereffective|p1a: Great Tusk
|-damage|p1a: Great Tusk|51/100
|move|p1a: Great Tusk|Headlong Rush|p2a: Rillaboom
|-resisted|p2a: Rillaboom
|-crit|p2a: Rillaboom
|-damage|p2a: Rillaboom|0 fnt
|-unboost|p1a: Great Tusk|def|1
|-unboost|p1a: Great Tusk|spd|1
|faint|p2a: Rillaboom
|
|-heal|p1a: Great Tusk|58/100|[from] Grassy Terrain
|upkeep
|-message|lab addict forfeited.
|
|win|daringdario
|raw|daringdario's rating: 1600 &rarr; <strong>1624</strong><br />(+24 for winning)
|raw|lab addict's rating: 1665 &rarr; <strong>1641</strong><br />(-24 for losing)
|l|☆lab addict
|player|p2|
|l|‽daringdario
|player|p1|
