|badge|p1|bronze|gen9ou|100-7
|uhtml|medal-msg|<div class="broadcast-blue">Curious what those medals under the avatar are? PS now has Ladder Seasons! For more information, check out the <a href="https://www.smogon.com/forums/threads/3740067/">thread on Smogon.</a></div>
|badge|p2|bronze|gen9ou|100-7
|uhtml|medal-msg|<div class="broadcast-blue">Curious what those medals under the avatar are? PS now has Ladder Seasons! For more information, check out the <a href="https://www.smogon.com/forums/threads/3740067/">thread on Smogon.</a></div>
|j|☆Sanesa8724
|j|☆ajonymousnon
|t:|1760818361
|gametype|singles
|player|p1|Sanesa8724|266|1892
|player|p2|ajonymousnon|1|1842
|gen|9
|tier|[Gen 9] OU
|rated|
|rule|HP Percentage Mod: HP is shown in percentages
|rule|Endless Battle Clause: Forcing endless battles is banned
|rule|Species Clause: Limit one of each Pokémon
|rule|OHKO Clause: OHKO moves are banned
|rule|Evasion Items Clause: Evasion items are banned
|rule|Evasion Moves Clause: Evasion moves are banned
|rule|Evasion Abilities Clause: Evasion abilities are banned
|rule|Sleep Moves Clause: Sleep-inducing moves are banned
|clearpoke
|poke|p1|Rillaboom, F|
|poke|p1|Zamazenta-*|
|poke|p1|Ogerpon, F|
|poke|p1|Moltres|
|poke|p1|Iron Treads|
|poke|p1|Gholdengo|
|poke|p2|Great Tusk|
|poke|p2|Ogerpon-Cornerstone, F|
|poke|p2|Rillaboom, F|
|poke|p2|Tyranitar, M|
|poke|p2|Corviknight, F|
|poke|p2|Dragapult, M|
|teampreview
|c|☆Sanesa8724|Glhf
|c|☆ajonymousnon|you too!
|
|t:|1760818374
|teamsize|p1|6
|teamsize|p2|6
|start
|switch|p1a: Rillaboom|Rillaboom, F|100/100
|switch|p2a: Dragapult|Dragapult, M|100/100
|-fieldstart|move: Grassy Terrain|[from] ability: Grassy Surge|[of] p1a: Rillaboom
|turn|1
|
|t:|1760818381
|switch|p1a: Moltres|Moltres|100/100
|move|p2a: Dragapult|Substitute|p2a: Dragapult
|-start|p2a: Dragapult|Substitute
|-damage|p2a: Dragapult|76/100
|
|-heal|p2a: Dragapult|82/100|[from] Grassy Terrain
|-heal|p2a: Dragapult|88/100|[from] item: Leftovers
|upkeep
|turn|2
|
|t:|1760818383
|move|p2a: Dragapult|Dragon Darts|p1a: Moltres
|-damage|p1a: Moltres|82/100
|-anim|p2a: Dragapult|Dragon Darts|p1a: Moltres
|-damage|p1a: Moltres|61/100
|move|p1a: Moltres|Roar|p2a: Dragapult
|drag|p2a: Tyranitar|Tyranitar, M|100/100
|-weather|Sandstorm|[from] ability: Sand Stream|[of] p2a: Tyranitar
|
|-weather|Sandstorm|[upkeep]
|-damage|p1a: Moltres|55/100|[from] Sandstorm
|upkeep
|turn|3
|
|t:|1760818392
|move|p1a: Moltres|U-turn|p2a: Tyranitar
|-supereffective|p2a: Tyranitar
|-damage|p2a: Tyranitar|77/100
|
|t:|1760818395
|switch|p1a: Iron Treads|Iron Treads|100/100|[from] U-turn
|move|p2a: Tyranitar|Stealth Rock|p1a: Iron Treads
|-sidestart|p1: Sanesa8724|move: Stealth Rock
|
|-weather|Sandstorm|[upkeep]
|-heal|p2a: Tyranitar|83/100|[from] Grassy Terrain
|-heal|p2a: Tyranitar|89/100|[from] item: Leftovers
|upkeep
|turn|4
|
|t:|1760818398
|move|p1a: Iron Treads|Rapid Spin|p2a: Tyranitar
|-resisted|p2a: Tyranitar
|-damage|p2a: Tyranitar|84/100
|-boost|p1a: Iron Treads|spe|1
|-sideend|p1: Sanesa8724|Stealth Rock|[from] move: Rapid Spin|[of] p1a: Iron Treads
|move|p2a: Tyranitar|Knock Off|p1a: Iron Treads
|-damage|p1a: Iron Treads|65/100
|-enditem|p1a: Iron Treads|Leftovers|[from] move: Knock Off|[of] p2a: Tyranitar
|
|-weather|Sandstorm|[upkeep]
|-heal|p1a: Iron Treads|71/100|[from] Grassy Terrain
|-heal|p2a: Tyranitar|91/100|[from] Grassy Terrain
|-heal|p2a: Tyranitar|97/100|[from] item: Leftovers
|upkeep
|turn|5
|
|t:|1760818402
|move|p1a: Iron Treads|Stealth Rock|p2a: Tyranitar
|-sidestart|p2: ajonymousnon|move: Stealth Rock
|move|p2a: Tyranitar|Stealth Rock|p1a: Iron Treads
|-sidestart|p1: Sanesa8724|move: Stealth Rock
|
|-weather|Sandstorm|[upkeep]
|-heal|p1a: Iron Treads|77/100|[from] Grassy Terrain
|-heal|p2a: Tyranitar|100/100|[from] Grassy Terrain
|upkeep
|turn|6
|
|t:|1760818406
|switch|p2a: Corviknight|Corviknight, F|100/100
|-damage|p2a: Corviknight|88/100|[from] Stealth Rock
|-ability|p2a: Corviknight|Pressure
|move|p1a: Iron Treads|Rapid Spin|p2a: Corviknight
|-resisted|p2a: Corviknight
|-damage|p2a: Corviknight|84/100
|-boost|p1a: Iron Treads|spe|1
|-damage|p1a: Iron Treads|60/100|[from] item: Rocky Helmet|[of] p2a: Corviknight
|-sideend|p1: Sanesa8724|Stealth Rock|[from] move: Rapid Spin|[of] p1a: Iron Treads
|
|-weather|none
|-heal|p1a: Iron Treads|67/100|[from] Grassy Terrain
|upkeep
|turn|7
|
|t:|1760818409
|move|p1a: Iron Treads|Knock Off|p2a: Corviknight
|-damage|p2a: Corviknight|70/100
|-damage|p1a: Iron Treads|50/100|[from] item: Rocky Helmet|[of] p2a: Corviknight
|-enditem|p2a: Corviknight|Rocky Helmet|[from] move: Knock Off|[of] p1a: Iron Treads
|move|p2a: Corviknight|U-turn|p1a: Iron Treads
|-resisted|p1a: Iron Treads
|-damage|p1a: Iron Treads|44/100
|
|t:|1760818414
|switch|p2a: Great Tusk|Great Tusk|100/100|[from] U-turn
|-damage|p2a: Great Tusk|98/100|[from] Stealth Rock
|
|-heal|p1a: Iron Treads|50/100|[from] Grassy Terrain
|-heal|p2a: Great Tusk|100/100|[from] Grassy Terrain
|upkeep
|turn|8
|j| yweryerr
|
|t:|1760818425
|-end|p1a: Iron Treads|Quark Drive|[silent]
|switch|p1a: Moltres|Moltres|55/100
|move|p2a: Great Tusk|Rapid Spin|p1a: Moltres
|-damage|p1a: Moltres|38/100
|-boost|p2a: Great Tusk|spe|1
|-status|p2a: Great Tusk|brn|[from] ability: Flame Body|[of] p1a: Moltres
|-sideend|p2: ajonymousnon|Stealth Rock|[from] move: Rapid Spin|[of] p2a: Great Tusk
|
|-damage|p2a: Great Tusk|94/100 brn|[from] brn
|-fieldend|move: Grassy Terrain
|upkeep
|turn|9
|
|t:|1760818429
|-end|p2a: Great Tusk|Protosynthesis|[silent]
|switch|p2a: Ogerpon|Ogerpon-Cornerstone, F|100/100
|move|p1a: Moltres|Roost|p1a: Moltres
|-heal|p1a: Moltres|88/100
|-singleturn|p1a: Moltres|move: Roost
|
|upkeep
|turn|10
|
|t:|1760818441
|switch|p1a: Iron Treads|Iron Treads|50/100
|move|p2a: Ogerpon|Swords Dance|p2a: Ogerpon
|-boost|p2a: Ogerpon|atk|2
|
|upkeep
|turn|11
|l| yweryerr
|
|t:|1760818445
|-end|p1a: Iron Treads|Quark Drive|[silent]
|switch|p1a: Moltres|Moltres|88/100
|move|p2a: Ogerpon|Horn Leech|p1a: Moltres
|-resisted|p1a: Moltres
|-damage|p1a: Moltres|68/100
|
|upkeep
|turn|12
|
|t:|1760818449
|switch|p1a: Iron Treads|Iron Treads|50/100
|move|p2a: Ogerpon|Ivy Cudgel|p1a: Iron Treads|[anim] Ivy Cudgel Rock
|-resisted|p1a: Iron Treads
|-damage|p1a: Iron Treads|27/100
|
|upkeep
|turn|13
|
|t:|1760818457
|move|p2a: Ogerpon|Horn Leech|p1a: Iron Treads
|-damage|p1a: Iron Treads|0 fnt
|faint|p1a: Iron Treads
|-end|p1a: Iron Treads|Quark Drive|[silent]
|
|upkeep
|
|t:|1760818463
|switch|p1a: Rillaboom|Rillaboom, F|100/100
|-fieldstart|move: Grassy Terrain|[from] ability: Grassy Surge|[of] p1a: Rillaboom
|turn|14
|
|t:|1760818468
|move|p1a: Rillaboom|Grassy Glide|p2a: Ogerpon
|-damage|p2a: Ogerpon|47/100
|move|p2a: Ogerpon|Ivy Cudgel|p1a: Rillaboom|[anim] Ivy Cudgel Rock
|-damage|p1a: Rillaboom|0 fnt
|faint|p1a: Rillaboom
|
|-heal|p2a: Ogerpon|53/100|[from] Grassy Terrain
|upkeep
|
|t:|1760818479
|switch|p1a: Gholdengo|Gholdengo|100/100
|-enditem|p1a: Gholdengo|Grassy Seed
|-boost|p1a: Gholdengo|def|1|[from] item: Grassy Seed
|turn|15
|
|t:|1760818485
|move|p2a: Ogerpon|Swords Dance|p2a: Ogerpon
|-boost|p2a: Ogerpon|atk|2
|move|p1a: Gholdengo|Make It Rain|p2a: Ogerpon
|-supereffective|p2a: Ogerpon
|-damage|p2a: Ogerpon|0 fnt
|-unboost|p1a: Gholdengo|spa|1
|faint|p2a: Ogerpon
|
|upkeep
|
|t:|1760818494
|switch|p2a: Tyranitar|Tyranitar, M|100/100
|-weather|Sandstorm|[from] ability: Sand Stream|[of] p2a: Tyranitar
|turn|16
|
|t:|1760818496
|move|p1a: Gholdengo|Nasty Plot|p1a: Gholdengo
|-boost|p1a: Gholdengo|spa|2
|move|p2a: Tyranitar|Stealth Rock|p1a: Gholdengo
|-sidestart|p1: Sanesa8724|move: Stealth Rock
|
|-weather|Sandstorm|[upkeep]
|upkeep
|turn|17
|
|t:|1760818501
|switch|p2a: Rillaboom|Rillaboom, F|100/100
|move|p1a: Gholdengo|Nasty Plot|p1a: Gholdengo
|-boost|p1a: Gholdengo|spa|2
|
|-weather|Sandstorm|[upkeep]
|-damage|p2a: Rillaboom|94/100|[from] Sandstorm
|-heal|p2a: Rillaboom|100/100|[from] Grassy Terrain
|upkeep
|turn|18
|
|t:|1760818504
|move|p2a: Rillaboom|Knock Off|p1a: Gholdengo
|-supereffective|p1a: Gholdengo
|-damage|p1a: Gholdengo|49/100
|move|p1a: Gholdengo|Shadow Ball|p2a: Rillaboom
|-damage|p2a: Rillaboom|0 fnt
|faint|p2a: Rillaboom
|
|-weather|Sandstorm|[upkeep]
|-heal|p1a: Gholdengo|56/100|[from] Grassy Terrain
|upkeep
|
|t:|1760818506
|switch|p2a: Dragapult|Dragapult, M|88/100
|turn|19
|
|t:|1760818509
|move|p2a: Dragapult|Substitute|p2a: Dragapult
|-start|p2a: Dragapult|Substitute
|-damage|p2a: Dragapult|63/100
|move|p1a: Gholdengo|Recover|p1a: Gholdengo
|-heal|p1a: Gholdengo|100/100
|
|-weather|Sandstorm|[upkeep]
|-damage|p2a: Dragapult|57/100|[from] Sandstorm
|-heal|p2a: Dragapult|63/100|[from] Grassy Terrain
|-heal|p2a: Dragapult|69/100|[from] item: Leftovers
|upkeep
|turn|20
|
|t:|1760818514
|move|p2a: Dragapult|Hex|p1a: Gholdengo
|-supereffective|p1a: Gholdengo
|-damage|p1a: Gholdengo|36/100
|move|p1a: Gholdengo|Shadow Ball|p2a: Dragapult
|-supereffective|p2a: Dragapult
|-end|p2a: Dragapult|Substitute
|
|-weather|none
|-heal|p2a: Dragapult|76/100|[from] Grassy Terrain
|-heal|p2a: Dragapult|82/100|[from] item: Leftovers
|-heal|p1a: Gholdengo|43/100|[from] Grassy Terrain
|upkeep
|turn|21
|
|t:|1760818521
|-terastallize|p1a: Gholdengo|Water
|move|p2a: Dragapult|Hex|p1a: Gholdengo
|-damage|p1a: Gholdengo|11/100
|move|p1a: Gholdengo|Recover|p1a: Gholdengo
|-heal|p1a: Gholdengo|61/100
|
|-heal|p2a: Dragapult|88/100|[from] Grassy Terrain
|-heal|p2a: Dragapult|94/100|[from] item: Leftovers
|-heal|p1a: Gholdengo|67/100|[from] Grassy Terrain
|-fieldend|move: Grassy Terrain
|upkeep
|turn|22
|-message|ajonymousnon forfeited.
|
|win|Sanesa8724
|raw|Sanesa8724's rating: 1892 &rarr; <strong>1909</strong><br />(+17 for winning)
|raw|ajonymousnon's rating: 1842 &rarr; <strong>1825</strong><br />(-17 for losing)
|l|☆ajonymousnon
|player|p2|
|c|☆Sanesa8724|Gg
|l|☆Sanesa8724
|player|p1|
