|j|‽Slashutu
|j|☆steveurkle
|t:|1760750289
|gametype|singles
|player|p1|Slashutu|102|1607
|player|p2|steveurkle|101|1551
|gen|9
|tier|[Gen 9] OU
|rated|
|rule|HP Percentage Mod: HP is shown in percentages
|rule|Endless Battle Clause: Forcing endless battles is banned
|rule|Species Clause: Limit one of each Pokémon
|rule|OHKO Clause: OHKO moves are banned
|rule|Evasion Items Clause: Evasion items are banned
|rule|Evasion Moves Clause: Evasion moves are banned
|rule|Evasion Abilities Clause: Evasion abilities are banned
|rule|Sleep Moves Clause: Sleep-inducing moves are banned
|clearpoke
|poke|p1|Pelipper, F|
|poke|p1|Hatterene, F|
|poke|p1|Iron Treads|
|poke|p1|Toxicroak, F|
|poke|p1|Barraskewda, F|
|poke|p1|Zapdos|
|poke|p2|Dragapult, F|
|poke|p2|Weezing-Galar, M|
|poke|p2|Slowking, M|
|poke|p2|Iron Boulder|
|poke|p2|Ting-Lu|
|poke|p2|Pelipper, F|
|teampreview
|
|t:|1760750297
|teamsize|p1|6
|teamsize|p2|6
|start
|switch|p1a: Pelipper|Pelipper, F|100/100
|switch|p2a: Pelipper|Pelipper, F|100/100
|-weather|RainDance|[from] ability: Drizzle|[of] p2a: Pelipper
|turn|1
|
|t:|1760750308
|move|p2a: Pelipper|Hurricane|p1a: Pelipper
|-damage|p1a: Pelipper|31/100
|-start|p1a: Pelipper|confusion
|-activate|p1a: Pelipper|confusion
|move|p1a: Pelipper|U-turn|p2a: Pelipper
|-resisted|p2a: Pelipper
|-damage|p2a: Pelipper|95/100
|
|t:|1760750319
|switch|p1a: Zapdos|Zapdos|100/100|[from] U-turn
|
|-weather|RainDance|[upkeep]
|upkeep
|turn|2
|
|t:|1760750325
|switch|p2a: Dragapult|Dragapult, F|100/100
|-terastallize|p1a: Zapdos|Flying
|move|p1a: Zapdos|Hurricane|p2a: Dragapult
|-damage|p2a: Dragapult|0 fnt
|faint|p2a: Dragapult
|
|-weather|RainDance|[upkeep]
|upkeep
|
|t:|1760750341
|switch|p2a: Iron Boulder|Iron Boulder|100/100
|-enditem|p2a: Iron Boulder|Booster Energy
|-activate|p2a: Iron Boulder|ability: Quark Drive|[fromitem]
|-start|p2a: Iron Boulder|quarkdrivespe
|turn|3
|
|t:|1760750351
|switch|p1a: Hatterene|Hatterene, F|100/100
|move|p2a: Iron Boulder|Mighty Cleave|p1a: Hatterene
|-damage|p1a: Hatterene|61/100
|-enditem|p1a: Hatterene|Eject Button
|
|t:|1760750356
|switch|p1a: Barraskewda|Barraskewda, F|100/100
|
|-weather|RainDance|[upkeep]
|upkeep
|turn|4
|
|t:|1760750368
|-end|p2a: Iron Boulder|Quark Drive|[silent]
|switch|p2a: Weezing|Weezing-Galar, M|100/100
|-ability|p2a: Weezing|Neutralizing Gas
|move|p1a: Barraskewda|Flip Turn|p2a: Weezing
|-crit|p2a: Weezing
|-damage|p2a: Weezing|27/100
|-damage|p1a: Barraskewda|84/100|[from] item: Rocky Helmet|[of] p2a: Weezing
|
|t:|1760750376
|switch|p1a: Zapdos|Zapdos, tera:Flying|100/100|[from] Flip Turn
|
|-weather|RainDance|[upkeep]
|upkeep
|turn|5
|
|t:|1760750383
|-end|p2a: Weezing|ability: Neutralizing Gas
|switch|p2a: Ting-Lu|Ting-Lu|100/100
|-ability|p2a: Ting-Lu|Vessel of Ruin
|move|p1a: Zapdos|Hurricane|p2a: Ting-Lu
|-damage|p2a: Ting-Lu|51/100
|
|-weather|none
|-heal|p2a: Ting-Lu|57/100|[from] item: Leftovers
|upkeep
|turn|6
|
|t:|1760750394
|switch|p1a: Hatterene|Hatterene, F|61/100
|switch|p2a: Pelipper|Pelipper, F|95/100
|-weather|RainDance|[from] ability: Drizzle|[of] p2a: Pelipper
|
|-weather|RainDance|[upkeep]
|upkeep
|turn|7
|
|t:|1760750404
|switch|p1a: Iron Treads|Iron Treads|100/100
|move|p2a: Pelipper|Weather Ball|p1a: Iron Treads
|-supereffective|p1a: Iron Treads
|-damage|p1a: Iron Treads|0 fnt
|faint|p1a: Iron Treads
|-end|p1a: Iron Treads|Quark Drive|[silent]
|
|-weather|RainDance|[upkeep]
|upkeep
|
|t:|1760750409
|switch|p1a: Zapdos|Zapdos, tera:Flying|100/100
|turn|8
|
|t:|1760750425
|switch|p2a: Ting-Lu|Ting-Lu|57/100
|-ability|p2a: Ting-Lu|Vessel of Ruin
|move|p1a: Zapdos|Hurricane|p2a: Ting-Lu
|-damage|p2a: Ting-Lu|6/100
|
|-weather|RainDance|[upkeep]
|-heal|p2a: Ting-Lu|12/100|[from] item: Leftovers
|upkeep
|turn|9
|
|t:|1760750436
|switch|p2a: Slowking|Slowking, M|100/100
|move|p1a: Zapdos|Hurricane|p2a: Slowking
|-damage|p2a: Slowking|22/100
|
|-weather|RainDance|[upkeep]
|upkeep
|turn|10
|
|t:|1760750445
|switch|p2a: Ting-Lu|Ting-Lu|12/100
|-ability|p2a: Ting-Lu|Vessel of Ruin
|move|p1a: Zapdos|Hurricane|p2a: Ting-Lu
|-damage|p2a: Ting-Lu|0 fnt
|faint|p2a: Ting-Lu
|
|-weather|none
|upkeep
|
|t:|1760750455
|switch|p2a: Iron Boulder|Iron Boulder|100/100
|turn|11
|
|t:|1760750459
|switch|p1a: Pelipper|Pelipper, F|31/100
|-weather|RainDance|[from] ability: Drizzle|[of] p1a: Pelipper
|move|p2a: Iron Boulder|Swords Dance|p2a: Iron Boulder
|-boost|p2a: Iron Boulder|atk|2
|
|-weather|RainDance|[upkeep]
|upkeep
|turn|12
|
|t:|1760750468
|move|p2a: Iron Boulder|Mighty Cleave|p1a: Pelipper
|-supereffective|p1a: Pelipper
|-damage|p1a: Pelipper|0 fnt
|faint|p1a: Pelipper
|
|-weather|RainDance|[upkeep]
|upkeep
|
|t:|1760750470
|switch|p1a: Barraskewda|Barraskewda, F|84/100
|turn|13
|
|t:|1760750477
|-end|p2a: Iron Boulder|Quark Drive|[silent]
|switch|p2a: Weezing|Weezing-Galar, M|27/100
|-ability|p2a: Weezing|Neutralizing Gas
|move|p1a: Barraskewda|Liquidation|p2a: Weezing
|-damage|p2a: Weezing|0 fnt
|-damage|p1a: Barraskewda|68/100|[from] item: Rocky Helmet|[of] p2a: Weezing
|faint|p2a: Weezing
|-end|p2a: Weezing|ability: Neutralizing Gas
|
|-weather|RainDance|[upkeep]
|upkeep
|
|t:|1760750490
|switch|p2a: Pelipper|Pelipper, F|95/100
|turn|14
|
|t:|1760750500
|switch|p1a: Zapdos|Zapdos, tera:Flying|100/100
|move|p2a: Pelipper|U-turn|p1a: Zapdos
|-resisted|p1a: Zapdos
|-damage|p1a: Zapdos|95/100
|
|t:|1760750507
|switch|p2a: Iron Boulder|Iron Boulder|100/100|[from] U-turn
|
|-weather|RainDance|[upkeep]
|upkeep
|turn|15
|
|t:|1760750513
|switch|p1a: Toxicroak|Toxicroak, F|100/100
|move|p2a: Iron Boulder|Mighty Cleave|p1a: Toxicroak
|-resisted|p1a: Toxicroak
|-damage|p1a: Toxicroak|79/100
|-damage|p2a: Iron Boulder|84/100|[from] item: Rocky Helmet|[of] p1a: Toxicroak
|
|-weather|RainDance|[upkeep]
|-heal|p1a: Toxicroak|92/100|[from] ability: Dry Skin
|upkeep
|turn|16
|
|t:|1760750529
|-end|p2a: Iron Boulder|Quark Drive|[silent]
|switch|p2a: Slowking|Slowking, M|56/100
|move|p1a: Toxicroak|Toxic|p2a: Slowking
|-status|p2a: Slowking|tox
|
|-weather|RainDance|[upkeep]
|-heal|p1a: Toxicroak|100/100|[from] ability: Dry Skin
|-damage|p2a: Slowking|50/100 tox|[from] psn
|upkeep
|turn|17
|
|t:|1760750539
|move|p1a: Toxicroak|Knock Off|p2a: Slowking
|-supereffective|p2a: Slowking
|-enditem|p2a: Slowking|Colbur Berry|[eat]
|-enditem|p2a: Slowking|Colbur Berry|[weaken]
|-damage|p2a: Slowking|29/100 tox
|move|p2a: Slowking|Future Sight|p1a: Toxicroak
|-start|p2a: Slowking|move: Future Sight
|
|-weather|RainDance|[upkeep]
|-damage|p2a: Slowking|17/100 tox|[from] psn
|upkeep
|turn|18
|
|t:|1760750549
|switch|p2a: Pelipper|Pelipper, F|95/100
|move|p1a: Toxicroak|Knock Off|p2a: Pelipper
|-damage|p2a: Pelipper|71/100
|-enditem|p2a: Pelipper|Choice Specs|[from] move: Knock Off|[of] p1a: Toxicroak
|
|-weather|none
|upkeep
|turn|19
|
|t:|1760750558
|switch|p1a: Zapdos|Zapdos, tera:Flying|95/100
|move|p2a: Pelipper|Hurricane|p1a: Zapdos|[miss]
|-miss|p2a: Pelipper|p1a: Zapdos
|
|-end|p1a: Zapdos|move: Future Sight
|-damage|p1a: Zapdos|49/100
|upkeep
|turn|20
|
|t:|1760750567
|move|p1a: Zapdos|Volt Switch|p2a: Pelipper
|-supereffective|p2a: Pelipper
|-damage|p2a: Pelipper|0 fnt
|faint|p2a: Pelipper
|
|t:|1760750571
|switch|p1a: Barraskewda|Barraskewda, F|68/100|[from] Volt Switch
|
|upkeep
|
|t:|1760750577
|switch|p2a: Slowking|Slowking, M|50/100 tox
|turn|21
|
|t:|1760750581
|move|p1a: Barraskewda|Flip Turn|p2a: Slowking
|-resisted|p2a: Slowking
|-damage|p2a: Slowking|28/100 tox
|
|t:|1760750585
|switch|p1a: Zapdos|Zapdos, tera:Flying|49/100|[from] Flip Turn
|move|p2a: Slowking|Slack Off|p2a: Slowking
|-heal|p2a: Slowking|78/100 tox
|
|-damage|p2a: Slowking|72/100 tox|[from] psn
|upkeep
|turn|22
|
|t:|1760750594
|switch|p2a: Iron Boulder|Iron Boulder|84/100
|move|p1a: Zapdos|Volt Switch|p2a: Iron Boulder
|-damage|p2a: Iron Boulder|35/100
|
|t:|1760750596
|switch|p1a: Barraskewda|Barraskewda, F|68/100|[from] Volt Switch
|
|upkeep
|turn|23
|
|t:|1760750603
|-end|p2a: Iron Boulder|Quark Drive|[silent]
|switch|p2a: Slowking|Slowking, M|100/100 tox
|move|p1a: Barraskewda|Aqua Jet|p2a: Slowking
|-resisted|p2a: Slowking
|-damage|p2a: Slowking|86/100 tox
|
|-damage|p2a: Slowking|80/100 tox|[from] psn
|upkeep
|turn|24
|
|t:|1760750615
|switch|p1a: Hatterene|Hatterene, F|61/100
|move|p2a: Slowking|Future Sight|p1a: Hatterene
|-start|p2a: Slowking|move: Future Sight
|
|-damage|p2a: Slowking|68/100 tox|[from] psn
|upkeep
|turn|25
|
|t:|1760750627
|move|p1a: Hatterene|Psychic Noise|p2a: Slowking
|-resisted|p2a: Slowking
|-damage|p2a: Slowking|56/100 tox
|-start|p2a: Slowking|move: Heal Block
|move|p2a: Slowking|Scald|p1a: Hatterene
|-damage|p1a: Hatterene|35/100
|-status|p1a: Hatterene|brn
|
|-damage|p2a: Slowking|38/100 tox|[from] psn
|-damage|p1a: Hatterene|29/100 brn|[from] brn
|upkeep
|turn|26
|
|t:|1760750642
|move|p1a: Hatterene|Healing Wish|p1a: Hatterene
|faint|p1a: Hatterene
|-prepare|p2a: Slowking|Chilly Reception|[premajor]
|move|p2a: Slowking|Chilly Reception|p2a: Slowking
|-weather|Snowscape
|
|t:|1760750646
|switch|p2a: Iron Boulder|Iron Boulder|35/100|[from] Chilly Reception
|
|-weather|Snowscape|[upkeep]
|-hint|Future Sight did not hit because the target is fainted.
|upkeep
|
|t:|1760750649
|switch|p1a: Zapdos|Zapdos, tera:Flying|49/100
|-heal|p1a: Zapdos|100/100|[from] move: Healing Wish
|turn|27
|
|t:|1760750658
|switch|p1a: Toxicroak|Toxicroak, F|100/100
|move|p2a: Iron Boulder|Swords Dance|p2a: Iron Boulder
|-boost|p2a: Iron Boulder|atk|2
|
|-weather|Snowscape|[upkeep]
|upkeep
|turn|28
|
|t:|1760750680
|move|p2a: Iron Boulder|Earthquake|p1a: Toxicroak
|-supereffective|p1a: Toxicroak
|-damage|p1a: Toxicroak|0 fnt
|faint|p1a: Toxicroak
|
|-weather|Snowscape|[upkeep]
|upkeep
|
|t:|1760750682
|switch|p1a: Barraskewda|Barraskewda, F|68/100
|turn|29
|
|t:|1760750688
|-end|p2a: Iron Boulder|Quark Drive|[silent]
|switch|p2a: Slowking|Slowking, M|71/100 tox
|move|p1a: Barraskewda|Aqua Jet|p2a: Slowking
|-resisted|p2a: Slowking
|-damage|p2a: Slowking|57/100 tox
|
|-weather|Snowscape|[upkeep]
|-damage|p2a: Slowking|51/100 tox|[from] psn
|upkeep
|turn|30
|
|t:|1760750699
|switch|p1a: Zapdos|Zapdos, tera:Flying|100/100
|-prepare|p2a: Slowking|Chilly Reception|[premajor]
|move|p2a: Slowking|Chilly Reception|p2a: Slowking
|
|t:|1760750704
|switch|p2a: Iron Boulder|Iron Boulder|35/100|[from] Chilly Reception
|
|-weather|none
|upkeep
|turn|31
|
|t:|1760750711
|move|p2a: Iron Boulder|Mighty Cleave|p1a: Zapdos
|-supereffective|p1a: Zapdos
|-damage|p1a: Zapdos|0 fnt
|-status|p2a: Iron Boulder|par|[from] ability: Static|[of] p1a: Zapdos
|faint|p1a: Zapdos
|
|upkeep
|
|t:|1760750715
|switch|p1a: Barraskewda|Barraskewda, F|68/100
|turn|32
|
|t:|1760750726
|-terastallize|p2a: Iron Boulder|Fairy
|move|p1a: Barraskewda|Liquidation|p2a: Iron Boulder
|-damage|p2a: Iron Boulder|0 fnt
|faint|p2a: Iron Boulder
|-end|p2a: Iron Boulder|Quark Drive|[silent]
|
|upkeep
|
|t:|1760750733
|switch|p2a: Slowking|Slowking, M|84/100 tox
|turn|33
|
|t:|1760750737
|move|p1a: Barraskewda|Liquidation|p2a: Slowking
|-resisted|p2a: Slowking
|-damage|p2a: Slowking|51/100 tox
|-unboost|p2a: Slowking|def|1
|move|p2a: Slowking|Scald|p1a: Barraskewda
|-resisted|p1a: Barraskewda
|-damage|p1a: Barraskewda|35/100
|
|-damage|p2a: Slowking|45/100 tox|[from] psn
|upkeep
|turn|34
|
|t:|1760750748
|move|p1a: Barraskewda|Liquidation|p2a: Slowking
|-resisted|p2a: Slowking
|-damage|p2a: Slowking|1/100 tox
|move|p2a: Slowking|Scald|p1a: Barraskewda
|-resisted|p1a: Barraskewda
|-damage|p1a: Barraskewda|5/100
|
|-damage|p2a: Slowking|0 fnt|[from] psn
|faint|p2a: Slowking
|
|win|Slashutu
|raw|Slashutu's rating: 1607 &rarr; <strong>1624</strong><br />(+17 for winning)
|raw|steveurkle's rating: 1551 &rarr; <strong>1534</strong><br />(-17 for losing)
|l|☆steveurkle
|player|p2|
|l|‽Slashutu
|player|p1|
