|j|‽romtar
|j|☆Log God Neo✈️_✈️
|t:|1760753376
|gametype|singles
|player|p1|romtar|clerkf|1554
|player|p2|Log God Neo✈️_✈️|medium|1597
|gen|9
|tier|[Gen 9] OU
|rated|
|rule|HP Percentage Mod: HP is shown in percentages
|rule|Endless Battle Clause: Forcing endless battles is banned
|rule|Species Clause: Limit one of each Pokémon
|rule|OHKO Clause: OHKO moves are banned
|rule|Evasion Items Clause: Evasion items are banned
|rule|Evasion Moves Clause: Evasion moves are banned
|rule|Evasion Abilities Clause: Evasion abilities are banned
|rule|Sleep Moves Clause: Sleep-inducing moves are banned
|clearpoke
|poke|p1|Walking Wake|
|poke|p1|Torkoal, F|
|poke|p1|Iron Moth|
|poke|p1|Iron Valiant|
|poke|p1|Great Tusk|
|poke|p1|Raging Bolt|
|poke|p2|Tyranitar, F|
|poke|p2|Iron Moth|
|poke|p2|Staraptor, M|
|poke|p2|Garchomp, F|
|poke|p2|Torkoal, M|
|poke|p2|Dragonite, M|
|teampreview
|inactive|Battle timer is ON: inactive players will automatically lose when time's up. (requested by Log God Neo✈️_✈️)
|
|t:|1760753380
|teamsize|p1|6
|teamsize|p2|6
|start
|switch|p1a: Torkoal|Torkoal, F|100/100
|switch|p2a: VODECi IV|Iron Moth|100/100
|-weather|SunnyDay|[from] ability: Drought|[of] p1a: Torkoal
|turn|1
|j| PrincessGardevoir
|inactive|romtar has 120 seconds left.
|inactive|romtar has 90 seconds left.
|j| Cuddly
|inactive|romtar has 60 seconds left.
|inactive|romtar has 30 seconds left.
|inactive|romtar has 20 seconds left.
|inactive|romtar has 15 seconds left.
|l| PrincessGardevoir
|inactive|romtar has 10 seconds left.
|inactive|romtar has 5 seconds left.
|
|t:|1760753525
|switch|p1a: Walking Wake|Walking Wake|100/100
|-activate|p1a: Walking Wake|ability: Protosynthesis
|-start|p1a: Walking Wake|protosynthesisspa
|move|p2a: VODECi IV|Overheat|p1a: Walking Wake
|-resisted|p1a: Walking Wake
|-damage|p1a: Walking Wake|67/100
|-unboost|p2a: VODECi IV|spa|2
|
|-weather|SunnyDay|[upkeep]
|upkeep
|turn|2
|inactive|romtar has 15 seconds left this turn.
|inactive|romtar has 10 seconds left.
|
|t:|1760753534
|-end|p2a: VODECi IV|Quark Drive|[silent]
|switch|p2a: DA LAST REX(3005)|Tyranitar, F|100/100
|-weather|Sandstorm|[from] ability: Sand Stream|[of] p2a: DA LAST REX(3005)
|-end|p1a: Walking Wake|Protosynthesis
|move|p1a: Walking Wake|Hydro Steam|p2a: DA LAST REX(3005)
|-supereffective|p2a: DA LAST REX(3005)
|-damage|p2a: DA LAST REX(3005)|77/100
|
|-weather|Sandstorm|[upkeep]
|-damage|p1a: Walking Wake|61/100|[from] Sandstorm
|upkeep
|turn|3
|inactive|romtar has 20 seconds left this turn.
|inactive|romtar has 15 seconds left.
|
|t:|1760753543
|-end|p1a: Walking Wake|Protosynthesis|[silent]
|switch|p1a: Torkoal|Torkoal, F|100/100
|-weather|SunnyDay|[from] ability: Drought|[of] p1a: Torkoal
|move|p2a: DA LAST REX(3005)|Dragon Tail|p1a: Torkoal
|-damage|p1a: Torkoal|90/100
|drag|p1a: Iron Valiant|Iron Valiant|100/100
|-enditem|p1a: Iron Valiant|Booster Energy
|-activate|p1a: Iron Valiant|ability: Quark Drive|[fromitem]
|-start|p1a: Iron Valiant|quarkdrivespe
|
|-weather|SunnyDay|[upkeep]
|upkeep
|turn|4
|inactive|romtar has 25 seconds left this turn.
|inactive|romtar has 20 seconds left.
|inactive|romtar has 15 seconds left.
|
|t:|1760753555
|switch|p2a: VODECi IV|Iron Moth|100/100
|move|p1a: Iron Valiant|Close Combat|p2a: VODECi IV
|-resisted|p2a: VODECi IV
|-damage|p2a: VODECi IV|46/100
|-unboost|p1a: Iron Valiant|def|1
|-unboost|p1a: Iron Valiant|spd|1
|
|-weather|SunnyDay|[upkeep]
|upkeep
|turn|5
|inactive|romtar has 25 seconds left this turn.
|inactive|romtar has 20 seconds left.
|inactive|romtar has 15 seconds left.
|inactive|Log God Neo✈️_✈️ has 120 seconds left.
|
|t:|1760753600
|-end|p2a: VODECi IV|Quark Drive|[silent]
|switch|p2a: OVO CHUBBS|Torkoal, M|100/100
|move|p1a: Iron Valiant|Close Combat|p2a: OVO CHUBBS
|-damage|p2a: OVO CHUBBS|67/100
|-unboost|p1a: Iron Valiant|def|1
|-unboost|p1a: Iron Valiant|spd|1
|
|-weather|SunnyDay|[upkeep]
|upkeep
|turn|6
|inactive|romtar has 25 seconds left this turn.
|inactive|romtar has 20 seconds left.
|inactive|romtar has 15 seconds left.
|inactive|romtar has 10 seconds left.
|
|t:|1760753617
|-end|p1a: Iron Valiant|Quark Drive|[silent]
|switch|p1a: Walking Wake|Walking Wake|61/100
|-activate|p1a: Walking Wake|ability: Protosynthesis
|-start|p1a: Walking Wake|protosynthesisspa
|move|p2a: OVO CHUBBS|Lava Plume|p1a: Walking Wake
|-resisted|p1a: Walking Wake
|-damage|p1a: Walking Wake|54/100
|
|-weather|SunnyDay|[upkeep]
|upkeep
|turn|7
|inactive|romtar has 20 seconds left this turn.
|inactive|romtar has 15 seconds left.
|
|t:|1760753625
|switch|p2a: DA LAST REX(3005)|Tyranitar, F|77/100
|-weather|Sandstorm|[from] ability: Sand Stream|[of] p2a: DA LAST REX(3005)
|-end|p1a: Walking Wake|Protosynthesis
|move|p1a: Walking Wake|Hydro Steam|p2a: DA LAST REX(3005)
|-supereffective|p2a: DA LAST REX(3005)
|-damage|p2a: DA LAST REX(3005)|55/100
|
|-weather|Sandstorm|[upkeep]
|-damage|p1a: Walking Wake|47/100|[from] Sandstorm
|upkeep
|turn|8
|inactive|romtar has 25 seconds left this turn.
|inactive|romtar has 20 seconds left.
|
|t:|1760753634
|move|p1a: Walking Wake|Hydro Steam|p2a: DA LAST REX(3005)
|-supereffective|p2a: DA LAST REX(3005)
|-damage|p2a: DA LAST REX(3005)|34/100
|move|p2a: DA LAST REX(3005)|Knock Off|p1a: Walking Wake
|-crit|p1a: Walking Wake
|-damage|p1a: Walking Wake|0 fnt
|-enditem|p1a: Walking Wake|Assault Vest|[from] move: Knock Off|[of] p2a: DA LAST REX(3005)
|faint|p1a: Walking Wake
|-end|p1a: Walking Wake|Protosynthesis|[silent]
|
|-weather|Sandstorm|[upkeep]
|upkeep
|inactive|romtar has 25 seconds left this turn.
|inactive|romtar has 20 seconds left.
|inactive|romtar has 15 seconds left.
|inactive|romtar has 10 seconds left.
|
|t:|1760753651
|switch|p1a: Torkoal|Torkoal, F|90/100
|-weather|SunnyDay|[from] ability: Drought|[of] p1a: Torkoal
|turn|9
|inactive|romtar has 20 seconds left this turn.
|
|t:|1760753657
|switch|p2a: VODECi IV|Iron Moth|46/100
|move|p1a: Torkoal|Body Press|p2a: VODECi IV
|-resisted|p2a: VODECi IV
|-damage|p2a: VODECi IV|17/100
|
|-weather|SunnyDay|[upkeep]
|upkeep
|turn|10
|inactive|romtar has 30 seconds left this turn.
|
|t:|1760753663
|move|p2a: VODECi IV|Overheat|p1a: Torkoal
|-resisted|p1a: Torkoal
|-damage|p1a: Torkoal|0 fnt
|-unboost|p2a: VODECi IV|spa|2
|faint|p1a: Torkoal
|
|-weather|SunnyDay|[upkeep]
|upkeep
|inactive|romtar has 30 seconds left this turn.
|
|t:|1760753670
|switch|p1a: Iron Moth|Iron Moth|100/100
|-enditem|p1a: Iron Moth|Booster Energy
|-activate|p1a: Iron Moth|ability: Quark Drive|[fromitem]
|-start|p1a: Iron Moth|quarkdrivespe
|turn|11
|
|t:|1760753674
|move|p1a: Iron Moth|Fiery Dance|p2a: VODECi IV
|-resisted|p2a: VODECi IV
|-damage|p2a: VODECi IV|0 fnt
|faint|p2a: VODECi IV
|-end|p2a: VODECi IV|Quark Drive|[silent]
|
|-weather|SunnyDay|[upkeep]
|upkeep
|
|t:|1760753676
|switch|p2a: DA LAST REX(3005)|Tyranitar, F|34/100
|-weather|Sandstorm|[from] ability: Sand Stream|[of] p2a: DA LAST REX(3005)
|turn|12
|
|t:|1760753683
|-terastallize|p1a: Iron Moth|Grass
|move|p1a: Iron Moth|Energy Ball|p2a: DA LAST REX(3005)
|-supereffective|p2a: DA LAST REX(3005)
|-damage|p2a: DA LAST REX(3005)|7/100
|move|p2a: DA LAST REX(3005)|Earthquake|p1a: Iron Moth
|-resisted|p1a: Iron Moth
|-damage|p1a: Iron Moth|78/100
|
|-weather|Sandstorm|[upkeep]
|-damage|p1a: Iron Moth|72/100|[from] Sandstorm
|upkeep
|turn|13
|
|t:|1760753692
|move|p1a: Iron Moth|Fiery Dance|p2a: DA LAST REX(3005)
|-resisted|p2a: DA LAST REX(3005)
|-damage|p2a: DA LAST REX(3005)|2/100
|-boost|p1a: Iron Moth|spa|1
|move|p2a: DA LAST REX(3005)|Dragon Tail|p1a: Iron Moth|[miss]
|-miss|p2a: DA LAST REX(3005)|p1a: Iron Moth
|
|-weather|Sandstorm|[upkeep]
|-damage|p1a: Iron Moth|66/100|[from] Sandstorm
|upkeep
|turn|14
|
|t:|1760753700
|move|p1a: Iron Moth|Fiery Dance|p2a: DA LAST REX(3005)
|-resisted|p2a: DA LAST REX(3005)
|-damage|p2a: DA LAST REX(3005)|0 fnt
|faint|p2a: DA LAST REX(3005)
|
|-weather|Sandstorm|[upkeep]
|-damage|p1a: Iron Moth|60/100|[from] Sandstorm
|upkeep
|
|t:|1760753707
|switch|p2a: BLITZ SOME OPPS|Garchomp, F|100/100
|turn|15
|
|t:|1760753710
|move|p1a: Iron Moth|Dazzling Gleam|p2a: BLITZ SOME OPPS
|-supereffective|p2a: BLITZ SOME OPPS
|-damage|p2a: BLITZ SOME OPPS|25/100
|move|p2a: BLITZ SOME OPPS|Stealth Rock|p1a: Iron Moth
|-sidestart|p1: romtar|move: Stealth Rock
|
|-weather|Sandstorm|[upkeep]
|-damage|p1a: Iron Moth|54/100|[from] Sandstorm
|upkeep
|turn|16
|
|t:|1760753717
|move|p1a: Iron Moth|Dazzling Gleam|p2a: BLITZ SOME OPPS
|-supereffective|p2a: BLITZ SOME OPPS
|-crit|p2a: BLITZ SOME OPPS
|-damage|p2a: BLITZ SOME OPPS|0 fnt
|faint|p2a: BLITZ SOME OPPS
|
|-weather|none
|upkeep
|
|t:|1760753718
|switch|p2a: FAT CHARIZARD|Dragonite, M, shiny|100/100
|turn|17
|
|t:|1760753731
|move|p1a: Iron Moth|Dazzling Gleam|p2a: FAT CHARIZARD
|-supereffective|p2a: FAT CHARIZARD
|-damage|p2a: FAT CHARIZARD|58/100
|move|p2a: FAT CHARIZARD|Fire Punch|p1a: Iron Moth
|-supereffective|p1a: Iron Moth
|-damage|p1a: Iron Moth|0 fnt
|faint|p1a: Iron Moth
|-end|p1a: Iron Moth|Quark Drive|[silent]
|
|upkeep
|
|t:|1760753739
|switch|p1a: Great Tusk|Great Tusk|100/100
|-damage|p1a: Great Tusk|98/100|[from] Stealth Rock
|turn|18
|
|t:|1760753746
|switch|p2a: OVO CHUBBS|Torkoal, M|67/100
|-weather|SunnyDay|[from] ability: Drought|[of] p2a: OVO CHUBBS
|-activate|p1a: Great Tusk|ability: Protosynthesis
|-start|p1a: Great Tusk|protosynthesisatk
|move|p1a: Great Tusk|Ice Spinner|p2a: OVO CHUBBS
|-resisted|p2a: OVO CHUBBS
|-damage|p2a: OVO CHUBBS|56/100
|
|-weather|SunnyDay|[upkeep]
|upkeep
|turn|19
|
|t:|1760753755
|move|p1a: Great Tusk|Rapid Spin|p2a: OVO CHUBBS
|-damage|p2a: OVO CHUBBS|43/100
|-boost|p1a: Great Tusk|spe|1
|-sideend|p1: romtar|Stealth Rock|[from] move: Rapid Spin|[of] p1a: Great Tusk
|move|p2a: OVO CHUBBS|Will-O-Wisp|p1a: Great Tusk|[miss]
|-miss|p2a: OVO CHUBBS|p1a: Great Tusk
|
|-weather|SunnyDay|[upkeep]
|upkeep
|turn|20
|
|t:|1760753763
|move|p1a: Great Tusk|Headlong Rush|p2a: OVO CHUBBS
|-supereffective|p2a: OVO CHUBBS
|-damage|p2a: OVO CHUBBS|0 fnt
|-unboost|p1a: Great Tusk|def|1
|-unboost|p1a: Great Tusk|spd|1
|faint|p2a: OVO CHUBBS
|
|-weather|SunnyDay|[upkeep]
|upkeep
|
|t:|1760753765
|switch|p2a: BIRD JESUS|Staraptor, M, shiny|100/100
|turn|21
|
|t:|1760753771
|move|p1a: Great Tusk|Ice Spinner|p2a: BIRD JESUS
|-supereffective|p2a: BIRD JESUS
|-damage|p2a: BIRD JESUS|0 fnt
|faint|p2a: BIRD JESUS
|
|-weather|SunnyDay|[upkeep]
|upkeep
|
|t:|1760753773
|switch|p2a: FAT CHARIZARD|Dragonite, M, shiny|58/100
|turn|22
|
|t:|1760753777
|move|p1a: Great Tusk|Ice Spinner|p2a: FAT CHARIZARD
|-supereffective|p2a: FAT CHARIZARD
|-damage|p2a: FAT CHARIZARD|0 fnt
|faint|p2a: FAT CHARIZARD
|
|win|romtar
|raw|romtar's rating: 1554 &rarr; <strong>1576</strong><br />(+22 for winning)
|raw|Log God Neo✈️_✈️'s rating: 1597 &rarr; <strong>1575</strong><br />(-22 for losing)
|l|☆Log God Neo✈️_✈️
|player|p2|
|l|‽romtar
|player|p1|
