|j|☆NoNSket
|j|☆HZBKAI7
|t:|1760851422
|gametype|singles
|player|p1|NoNSket|265|1157
|player|p2|HZBKAI7|2|1108
|gen|9
|tier|[Gen 9] OU
|rated|
|rule|HP Percentage Mod: HP is shown in percentages
|rule|Endless Battle Clause: Forcing endless battles is banned
|rule|Species Clause: Limit one of each Pokémon
|rule|OHKO Clause: OHKO moves are banned
|rule|Evasion Items Clause: Evasion items are banned
|rule|Evasion Moves Clause: Evasion moves are banned
|rule|Evasion Abilities Clause: Evasion abilities are banned
|rule|Sleep Moves Clause: Sleep-inducing moves are banned
|clearpoke
|poke|p1|Mimikyu, M|
|poke|p1|Venusaur, M|
|poke|p1|Skarmory, F|
|poke|p1|Electrode|
|poke|p1|Gyarados, F|
|poke|p1|Dugtrio, M|
|poke|p2|Kingambit, F|
|poke|p2|Iron Treads|
|poke|p2|Necrozma|
|poke|p2|Pecharunt|
|poke|p2|Enamorus, F|
|poke|p2|Samurott-Hisui, F|
|teampreview
|
|t:|1760851427
|teamsize|p1|6
|teamsize|p2|6
|start
|switch|p1a: Skarmory|Skarmory, F|100/100
|switch|p2a: Iron Treads|Iron Treads|100/100
|turn|1
|
|t:|1760851434
|move|p2a: Iron Treads|Volt Switch|p1a: Skarmory
|-supereffective|p1a: Skarmory
|-damage|p1a: Skarmory|78/100
|
|t:|1760851434
|-end|p2a: Iron Treads|Quark Drive|[silent]
|switch|p2a: Enamorus|Enamorus, F, shiny|100/100|[from] Volt Switch
|move|p1a: Skarmory|Iron Defense|p1a: Skarmory
|-boost|p1a: Skarmory|def|2
|
|upkeep
|turn|2
|
|t:|1760851438
|move|p2a: Enamorus|Mystical Fire|p1a: Skarmory
|-supereffective|p1a: Skarmory
|-damage|p1a: Skarmory|19/100
|-unboost|p1a: Skarmory|spa|1
|move|p1a: Skarmory|Iron Defense|p1a: Skarmory
|-boost|p1a: Skarmory|def|2
|
|upkeep
|turn|3
|
|t:|1760851441
|move|p2a: Enamorus|Mystical Fire|p1a: Skarmory
|-supereffective|p1a: Skarmory
|-damage|p1a: Skarmory|0 fnt
|faint|p1a: Skarmory
|
|upkeep
|
|t:|1760851446
|switch|p1a: Mimikyu|Mimikyu, M|100/100
|turn|4
|
|t:|1760851450
|move|p2a: Enamorus|Mystical Fire|p1a: Mimikyu
|-activate|p1a: Mimikyu|ability: Disguise
|-damage|p1a: Mimikyu|100/100
|-unboost|p1a: Mimikyu|spa|1
|detailschange|p1a: Mimikyu|Mimikyu-Busted, M
|-damage|p1a: Mimikyu|88/100|[from] pokemon: Mimikyu-Busted
|move|p1a: Mimikyu|Bulk Up|p1a: Mimikyu
|-boost|p1a: Mimikyu|atk|1
|-boost|p1a: Mimikyu|def|1
|
|-heal|p1a: Mimikyu|94/100|[from] item: Leftovers
|upkeep
|turn|5
|
|t:|1760851460
|move|p2a: Enamorus|Mystical Fire|p1a: Mimikyu
|-damage|p1a: Mimikyu|54/100
|-unboost|p1a: Mimikyu|spa|1
|move|p1a: Mimikyu|Shadow Claw|p2a: Enamorus
|-damage|p2a: Enamorus|31/100
|
|-heal|p1a: Mimikyu|60/100|[from] item: Leftovers
|upkeep
|turn|6
|
|t:|1760851462
|move|p2a: Enamorus|Mystical Fire|p1a: Mimikyu
|-damage|p1a: Mimikyu|24/100
|-unboost|p1a: Mimikyu|spa|1
|move|p1a: Mimikyu|Shadow Claw|p2a: Enamorus
|-damage|p2a: Enamorus|0 fnt
|faint|p2a: Enamorus
|
|-heal|p1a: Mimikyu|30/100|[from] item: Leftovers
|upkeep
|
|t:|1760851462
|switch|p2a: Kingambit|Kingambit, F, shiny|100/100
|-activate|p2a: Kingambit|ability: Supreme Overlord
|-start|p2a: Kingambit|fallen1|[silent]
|turn|7
|
|t:|1760851468
|move|p1a: Mimikyu|Bulk Up|p1a: Mimikyu
|-boost|p1a: Mimikyu|atk|1
|-boost|p1a: Mimikyu|def|1
|move|p2a: Kingambit|Iron Head|p1a: Mimikyu
|-supereffective|p1a: Mimikyu
|-damage|p1a: Mimikyu|0 fnt
|faint|p1a: Mimikyu
|
|upkeep
|
|t:|1760851478
|switch|p1a: Dugtrio|Dugtrio, M|100/100
|turn|8
|
|t:|1760851481
|move|p1a: Dugtrio|Stealth Rock|p2a: Kingambit
|-sidestart|p2: HZBKAI7|move: Stealth Rock
|move|p2a: Kingambit|Kowtow Cleave|p1a: Dugtrio
|-damage|p1a: Dugtrio|0 fnt
|faint|p1a: Dugtrio
|
|upkeep
|
|t:|1760851500
|switch|p1a: Electrode|Electrode|100/100
|turn|9
|
|t:|1760851504
|move|p1a: Electrode|Charge Beam|p2a: Kingambit|[miss]
|-miss|p1a: Electrode|p2a: Kingambit
|move|p2a: Kingambit|Kowtow Cleave|p1a: Electrode
|-damage|p1a: Electrode|0 fnt
|faint|p1a: Electrode
|
|upkeep
|
|t:|1760851506
|switch|p1a: Gyarados|Gyarados, F|100/100
|-ability|p1a: Gyarados|Intimidate|boost
|-unboost|p2a: Kingambit|atk|1
|turn|10
|
|t:|1760851511
|move|p1a: Gyarados|Dragon Dance|p1a: Gyarados
|-boost|p1a: Gyarados|atk|1
|-boost|p1a: Gyarados|spe|1
|move|p2a: Kingambit|Kowtow Cleave|p1a: Gyarados
|-damage|p1a: Gyarados|48/100
|
|-heal|p1a: Gyarados|54/100|[from] item: Leftovers
|upkeep
|turn|11
|
|t:|1760851513
|move|p1a: Gyarados|Ice Fang|p2a: Kingambit
|-resisted|p2a: Kingambit
|-damage|p2a: Kingambit|87/100
|move|p2a: Kingambit|Kowtow Cleave|p1a: Gyarados
|-damage|p1a: Gyarados|0 fnt
|faint|p1a: Gyarados
|
|upkeep
|
|t:|1760851516
|switch|p1a: Venusaur|Venusaur, M|100/100
|turn|12
|
|t:|1760851519
|move|p1a: Venusaur|Leech Seed|p2a: Kingambit
|-start|p2a: Kingambit|move: Leech Seed
|move|p2a: Kingambit|Kowtow Cleave|p1a: Venusaur
|-damage|p1a: Venusaur|48/100
|
|-heal|p1a: Venusaur|54/100|[from] item: Leftovers
|-damage|p2a: Kingambit|74/100|[from] Leech Seed|[of] p1a: Venusaur
|-heal|p1a: Venusaur|68/100|[silent]
|upkeep
|turn|13
|
|t:|1760851528
|move|p1a: Venusaur|Giga Drain|p2a: Kingambit
|-resisted|p2a: Kingambit
|-damage|p2a: Kingambit|58/100
|-heal|p1a: Venusaur|77/100|[from] drain|[of] p2a: Kingambit
|move|p2a: Kingambit|Kowtow Cleave|p1a: Venusaur
|-damage|p1a: Venusaur|27/100
|
|-heal|p1a: Venusaur|33/100|[from] item: Leftovers
|-damage|p2a: Kingambit|46/100|[from] Leech Seed|[of] p1a: Venusaur
|-heal|p1a: Venusaur|47/100|[silent]
|upkeep
|turn|14
|
|t:|1760851539
|move|p1a: Venusaur|Giga Drain|p2a: Kingambit
|-resisted|p2a: Kingambit
|-damage|p2a: Kingambit|28/100
|-heal|p1a: Venusaur|57/100|[from] drain|[of] p2a: Kingambit
|move|p2a: Kingambit|Kowtow Cleave|p1a: Venusaur
|-damage|p1a: Venusaur|8/100
|
|-heal|p1a: Venusaur|14/100|[from] item: Leftovers
|-damage|p2a: Kingambit|16/100|[from] Leech Seed|[of] p1a: Venusaur
|-heal|p1a: Venusaur|27/100|[silent]
|upkeep
|turn|15
|
|t:|1760851550
|move|p1a: Venusaur|Giga Drain|p2a: Kingambit
|-resisted|p2a: Kingambit
|-damage|p2a: Kingambit|0 fnt
|-heal|p1a: Venusaur|36/100|[from] drain|[of] p2a: Kingambit
|faint|p2a: Kingambit
|-end|p2a: Kingambit|fallen1|[silent]
|
|-heal|p1a: Venusaur|42/100|[from] item: Leftovers
|upkeep
|
|t:|1760851550
|switch|p2a: Necrozma|Necrozma, shiny|100/100
|-damage|p2a: Necrozma|88/100|[from] Stealth Rock
|turn|16
|
|t:|1760851558
|move|p1a: Venusaur|Giga Drain|p2a: Necrozma
|-damage|p2a: Necrozma|55/100
|-heal|p1a: Venusaur|60/100|[from] drain|[of] p2a: Necrozma
|move|p2a: Necrozma|Photon Geyser|p1a: Venusaur
|-supereffective|p1a: Venusaur
|-damage|p1a: Venusaur|0 fnt
|faint|p1a: Venusaur
|
|win|HZBKAI7
|raw|NoNSket's rating: 1157 &rarr; <strong>1128</strong><br />(-29 for losing)
|raw|HZBKAI7's rating: 1108 &rarr; <strong>1137</strong><br />(+29 for winning)
|l|☆HZBKAI7
|player|p2|
|l|☆NoNSket
|player|p1|
