|j|☆james2341
|j|☆151htyrneh
|t:|1760848838
|gametype|singles
|player|p1|james2341|169|1635
|player|p2|151htyrneh|wallace|1732
|gen|9
|tier|[Gen 9] OU
|rated|
|rule|HP Percentage Mod: HP is shown in percentages
|rule|Endless Battle Clause: Forcing endless battles is banned
|rule|Species Clause: Limit one of each Pokémon
|rule|OHKO Clause: OHKO moves are banned
|rule|Evasion Items Clause: Evasion items are banned
|rule|Evasion Moves Clause: Evasion moves are banned
|rule|Evasion Abilities Clause: Evasion abilities are banned
|rule|Sleep Moves Clause: Sleep-inducing moves are banned
|clearpoke
|poke|p1|Ogerpon-Wellspring, F|
|poke|p1|Grimmsnarl, M|
|poke|p1|Great Tusk|
|poke|p1|Iron Treads|
|poke|p1|Comfey, M|
|poke|p1|Lucario, F|
|poke|p2|Dondozo, F|
|poke|p2|Blissey, F|
|poke|p2|Corviknight, F|
|poke|p2|Weezing-Galar, F|
|poke|p2|Gliscor, F|
|poke|p2|Toxapex, F|
|teampreview
|inactive|Battle timer is ON: inactive players will automatically lose when time's up. (requested by james2341)
|
|t:|1760848850
|teamsize|p1|6
|teamsize|p2|6
|start
|switch|p1a: Iron Treads|Iron Treads, shiny|100/100
|switch|p2a: Gliscor|Gliscor, F|100/100
|-enditem|p1a: Iron Treads|Booster Energy
|-activate|p1a: Iron Treads|ability: Quark Drive|[fromitem]
|-start|p1a: Iron Treads|quarkdrivespe
|turn|1
|
|t:|1760848852
|move|p1a: Iron Treads|Stealth Rock|p2a: Gliscor
|-sidestart|p2: 151htyrneh|move: Stealth Rock
|move|p2a: Gliscor|Earthquake|p1a: Iron Treads
|-supereffective|p1a: Iron Treads
|-damage|p1a: Iron Treads|44/100
|
|-status|p2a: Gliscor|tox|[from] item: Toxic Orb
|upkeep
|turn|2
|
|t:|1760848855
|move|p2a: Gliscor|Protect|p2a: Gliscor
|-singleturn|p2a: Gliscor|Protect
|move|p1a: Iron Treads|Steel Beam|p2a: Gliscor
|-activate|p2a: Gliscor|move: Protect
|-damage|p1a: Iron Treads|0 fnt|[from] steelbeam
|faint|p1a: Iron Treads
|-end|p1a: Iron Treads|Quark Drive|[silent]
|
|upkeep
|
|t:|1760848857
|switch|p1a: Grimmsnarl|Grimmsnarl, M|100/100
|turn|3
|
|t:|1760848859
|move|p1a: Grimmsnarl|Taunt|p2a: Gliscor
|-start|p2a: Gliscor|move: Taunt
|move|p2a: Gliscor|Knock Off|p1a: Grimmsnarl
|-resisted|p1a: Grimmsnarl
|-damage|p1a: Grimmsnarl|96/100
|-enditem|p1a: Grimmsnarl|Light Clay|[from] move: Knock Off|[of] p2a: Gliscor
|
|upkeep
|turn|4
|j| Living Wasteland
|l| Living Wasteland
|
|t:|1760848863
|move|p1a: Grimmsnarl|Reflect|p1a: Grimmsnarl
|-sidestart|p1: james2341|Reflect
|move|p2a: Gliscor|Knock Off|p1a: Grimmsnarl
|-resisted|p1a: Grimmsnarl
|-damage|p1a: Grimmsnarl|95/100
|
|upkeep
|turn|5
|
|t:|1760848866
|move|p1a: Grimmsnarl|Parting Shot|p2a: Gliscor
|-unboost|p2a: Gliscor|atk|1
|-unboost|p2a: Gliscor|spa|1
|
|t:|1760848869
|switch|p1a: Great Tusk|Great Tusk, shiny|100/100|[from] Parting Shot
|-enditem|p1a: Great Tusk|Booster Energy
|-activate|p1a: Great Tusk|ability: Protosynthesis|[fromitem]
|-start|p1a: Great Tusk|protosynthesisspe
|move|p2a: Gliscor|Knock Off|p1a: Great Tusk
|-resisted|p1a: Great Tusk
|-damage|p1a: Great Tusk|99/100
|
|-end|p2a: Gliscor|move: Taunt
|upkeep
|turn|6
|
|t:|1760848873
|switch|p2a: Corviknight|Corviknight, F|100/100
|-damage|p2a: Corviknight|88/100|[from] Stealth Rock
|-ability|p2a: Corviknight|Pressure
|move|p1a: Great Tusk|Bulk Up|p1a: Great Tusk
|-boost|p1a: Great Tusk|atk|1
|-boost|p1a: Great Tusk|def|1
|
|-heal|p2a: Corviknight|94/100|[from] item: Leftovers
|upkeep
|turn|7
|
|t:|1760848879
|-end|p1a: Great Tusk|Protosynthesis|[silent]
|switch|p1a: Ogerpon|Ogerpon-Wellspring, F|100/100
|move|p2a: Corviknight|Iron Defense|p2a: Corviknight
|-boost|p2a: Corviknight|def|2
|
|-heal|p2a: Corviknight|100/100|[from] item: Leftovers
|upkeep
|turn|8
|
|t:|1760848893
|move|p1a: Ogerpon|Swords Dance|p1a: Ogerpon
|-boost|p1a: Ogerpon|atk|2
|move|p2a: Corviknight|Iron Defense|p2a: Corviknight
|-boost|p2a: Corviknight|def|2
|
|-sideend|p1: james2341|Reflect
|upkeep
|turn|9
|
|t:|1760848898
|switch|p1a: Comfey|Comfey, M, shiny|100/100
|move|p2a: Corviknight|Body Press|p1a: Comfey
|-resisted|p1a: Comfey
|-damage|p1a: Comfey|50/100
|
|-heal|p1a: Comfey|56/100|[from] item: Leftovers
|upkeep
|turn|10
|
|t:|1760848901
|move|p1a: Comfey|Calm Mind|p1a: Comfey
|-boost|p1a: Comfey|spa|1
|-boost|p1a: Comfey|spd|1
|move|p2a: Corviknight|Defog|p1a: Comfey
|-unboost|p1a: Comfey|evasion|1
|-sideend|p2: 151htyrneh|Stealth Rock|[from] move: Defog|[of] p2a: Corviknight
|
|-heal|p1a: Comfey|63/100|[from] item: Leftovers
|upkeep
|turn|11
|
|t:|1760848906
|switch|p2a: Blissey|Blissey, F|100/100
|move|p1a: Comfey|Calm Mind|p1a: Comfey
|-boost|p1a: Comfey|spa|1
|-boost|p1a: Comfey|spd|1
|
|-heal|p1a: Comfey|69/100|[from] item: Leftovers
|upkeep
|turn|12
|
|t:|1760848909
|move|p1a: Comfey|Calm Mind|p1a: Comfey
|-boost|p1a: Comfey|spa|1
|-boost|p1a: Comfey|spd|1
|move|p2a: Blissey|Calm Mind|p2a: Blissey
|-boost|p2a: Blissey|spa|1
|-boost|p2a: Blissey|spd|1
|
|-heal|p1a: Comfey|75/100|[from] item: Leftovers
|upkeep
|turn|13
|
|t:|1760848910
|move|p1a: Comfey|Calm Mind|p1a: Comfey
|-boost|p1a: Comfey|spa|1
|-boost|p1a: Comfey|spd|1
|move|p2a: Blissey|Calm Mind|p2a: Blissey
|-boost|p2a: Blissey|spa|1
|-boost|p2a: Blissey|spd|1
|
|-heal|p1a: Comfey|81/100|[from] item: Leftovers
|upkeep
|turn|14
|
|t:|1760848911
|move|p1a: Comfey|Calm Mind|p1a: Comfey
|-boost|p1a: Comfey|spa|1
|-boost|p1a: Comfey|spd|1
|move|p2a: Blissey|Calm Mind|p2a: Blissey
|-boost|p2a: Blissey|spa|1
|-boost|p2a: Blissey|spd|1
|
|-heal|p1a: Comfey|87/100|[from] item: Leftovers
|upkeep
|turn|15
|
|t:|1760848914
|switch|p1a: Grimmsnarl|Grimmsnarl, M|95/100
|move|p2a: Blissey|Calm Mind|p2a: Blissey
|-boost|p2a: Blissey|spa|1
|-boost|p2a: Blissey|spd|1
|
|upkeep
|turn|16
|j| Scoob252525
|
|t:|1760848918
|switch|p2a: Corviknight|Corviknight, F|100/100
|-ability|p2a: Corviknight|Pressure
|move|p1a: Grimmsnarl|Reflect|p1a: Grimmsnarl
|-sidestart|p1: james2341|Reflect
|
|upkeep
|turn|17
|
|t:|1760848924
|move|p1a: Grimmsnarl|Taunt|p2a: Corviknight
|-start|p2a: Corviknight|move: Taunt
|move|p2a: Corviknight|Body Press|p1a: Grimmsnarl
|-damage|p1a: Grimmsnarl|84/100
|
|upkeep
|turn|18
|
|t:|1760848926
|move|p1a: Grimmsnarl|Parting Shot|p2a: Corviknight
|-unboost|p2a: Corviknight|atk|1
|-unboost|p2a: Corviknight|spa|1
|
|t:|1760848932
|switch|p1a: Ogerpon|Ogerpon-Wellspring, F|100/100|[from] Parting Shot
|move|p2a: Corviknight|Body Press|p1a: Ogerpon
|-damage|p1a: Ogerpon|82/100
|
|upkeep
|turn|19
|
|t:|1760848935
|switch|p2a: Dondozo|Dondozo, F|100/100
|move|p1a: Ogerpon|Swords Dance|p1a: Ogerpon
|-boost|p1a: Ogerpon|atk|2
|
|upkeep
|turn|20
|
|t:|1760848944
|-terastallize|p2a: Dondozo|Dragon
|move|p1a: Ogerpon|Trailblaze|p2a: Dondozo
|-resisted|p2a: Dondozo
|-crit|p2a: Dondozo
|-damage|p2a: Dondozo|91/100
|-boost|p1a: Ogerpon|spe|1
|move|p2a: Dondozo|Avalanche|p1a: Ogerpon
|-damage|p1a: Ogerpon|64/100
|
|-heal|p2a: Dondozo|98/100|[from] item: Leftovers
|-sideend|p1: james2341|Reflect
|upkeep
|turn|21
|
|t:|1760848955
|-terastallize|p1a: Ogerpon|Water
|detailschange|p1a: Ogerpon|Ogerpon-Wellspring-Tera, F, tera:Water
|-ability|p1a: Ogerpon|Embody Aspect (Wellspring)|boost
|-boost|p1a: Ogerpon|spd|1
|move|p1a: Ogerpon|Play Rough|p2a: Dondozo|[miss]
|-miss|p1a: Ogerpon|p2a: Dondozo
|move|p2a: Dondozo|Avalanche|p1a: Ogerpon
|-resisted|p1a: Ogerpon
|-damage|p1a: Ogerpon|54/100
|
|-heal|p2a: Dondozo|100/100|[from] item: Leftovers
|upkeep
|turn|22
|
|t:|1760848961
|move|p1a: Ogerpon|Play Rough|p2a: Dondozo
|-supereffective|p2a: Dondozo
|-damage|p2a: Dondozo|69/100
|move|p2a: Dondozo|Body Press|p1a: Ogerpon
|-damage|p1a: Ogerpon|17/100
|
|-heal|p2a: Dondozo|75/100|[from] item: Leftovers
|upkeep
|turn|23
|
|t:|1760848967
|move|p1a: Ogerpon|Play Rough|p2a: Dondozo|[miss]
|-miss|p1a: Ogerpon|p2a: Dondozo
|move|p2a: Dondozo|Body Press|p1a: Ogerpon
|-damage|p1a: Ogerpon|0 fnt
|faint|p1a: Ogerpon
|detailschange|p1: Ogerpon|Ogerpon-Wellspring, F|[silent]
|
|-heal|p2a: Dondozo|81/100|[from] item: Leftovers
|upkeep
|
|t:|1760848976
|switch|p1a: Lucario|Lucario, F|100/100
|turn|24
|
|t:|1760848980
|switch|p2a: Blissey|Blissey, F|100/100
|move|p1a: Lucario|Close Combat|p2a: Blissey
|-supereffective|p2a: Blissey
|-damage|p2a: Blissey|0 fnt
|-unboost|p1a: Lucario|def|1
|-unboost|p1a: Lucario|spd|1
|faint|p2a: Blissey
|-damage|p1a: Lucario|91/100|[from] item: Life Orb
|
|upkeep
|
|t:|1760848984
|switch|p2a: Dondozo|Dondozo, F, tera:Dragon|81/100
|turn|25
|
|t:|1760848987
|move|p1a: Lucario|Close Combat|p2a: Dondozo
|-damage|p2a: Dondozo|49/100
|-unboost|p1a: Lucario|def|1
|-unboost|p1a: Lucario|spd|1
|-damage|p1a: Lucario|81/100|[from] item: Life Orb
|move|p2a: Dondozo|Body Press|p1a: Lucario
|-supereffective|p1a: Lucario
|-crit|p1a: Lucario
|-damage|p1a: Lucario|0 fnt
|faint|p1a: Lucario
|
|-heal|p2a: Dondozo|55/100|[from] item: Leftovers
|upkeep
|
|t:|1760848988
|switch|p1a: Comfey|Comfey, M, shiny|87/100
|turn|26
|
|t:|1760848993
|switch|p2a: Toxapex|Toxapex, F|100/100
|move|p1a: Comfey|Calm Mind|p1a: Comfey
|-boost|p1a: Comfey|spa|1
|-boost|p1a: Comfey|spd|1
|
|-heal|p1a: Comfey|94/100|[from] item: Leftovers
|upkeep
|turn|27
|
|t:|1760848996
|switch|p1a: Great Tusk|Great Tusk, shiny|99/100
|move|p2a: Toxapex|Toxic|p1a: Great Tusk
|-status|p1a: Great Tusk|tox
|
|-damage|p1a: Great Tusk|93/100 tox|[from] psn
|upkeep
|turn|28
|
|t:|1760849000
|-end|p1a: Great Tusk|Protosynthesis|[silent]
|switch|p1a: Comfey|Comfey, M, shiny|94/100
|switch|p2a: Dondozo|Dondozo, F, tera:Dragon|55/100
|
|-heal|p1a: Comfey|99/100|[from] item: Leftovers
|-heal|p2a: Dondozo|61/100|[from] item: Leftovers
|upkeep
|turn|29
|
|t:|1760849002
|switch|p2a: Toxapex|Toxapex, F|100/100
|move|p1a: Comfey|Calm Mind|p1a: Comfey
|-boost|p1a: Comfey|spa|1
|-boost|p1a: Comfey|spd|1
|
|-heal|p1a: Comfey|100/100|[from] item: Leftovers
|upkeep
|turn|30
|
|t:|1760849005
|switch|p1a: Grimmsnarl|Grimmsnarl, M|84/100
|move|p2a: Toxapex|Toxic|p1a: Grimmsnarl
|-status|p1a: Grimmsnarl|tox
|
|-damage|p1a: Grimmsnarl|78/100 tox|[from] psn
|upkeep
|turn|31
|
|t:|1760849007
|switch|p2a: Corviknight|Corviknight, F|100/100
|-ability|p2a: Corviknight|Pressure
|move|p1a: Grimmsnarl|Taunt|p2a: Corviknight
|-start|p2a: Corviknight|move: Taunt
|
|-damage|p1a: Grimmsnarl|65/100 tox|[from] psn
|upkeep
|turn|32
|
|t:|1760849011
|switch|p2a: Dondozo|Dondozo, F, tera:Dragon|61/100
|move|p1a: Grimmsnarl|Parting Shot|p2a: Dondozo
|-unboost|p2a: Dondozo|atk|1
|-unboost|p2a: Dondozo|spa|1
|
|t:|1760849014
|switch|p1a: Comfey|Comfey, M, shiny|100/100|[from] Parting Shot
|
|-heal|p2a: Dondozo|67/100|[from] item: Leftovers
|upkeep
|turn|33
|
|t:|1760849016
|switch|p2a: Corviknight|Corviknight, F|100/100
|-ability|p2a: Corviknight|Pressure
|move|p1a: Comfey|Calm Mind|p1a: Comfey
|-boost|p1a: Comfey|spa|1
|-boost|p1a: Comfey|spd|1
|
|upkeep
|turn|34
|
|t:|1760849019
|switch|p2a: Toxapex|Toxapex, F|100/100
|move|p1a: Comfey|Calm Mind|p1a: Comfey
|-boost|p1a: Comfey|spa|1
|-boost|p1a: Comfey|spd|1
|
|upkeep
|turn|35
|
|t:|1760849023
|move|p1a: Comfey|Giga Drain|p2a: Toxapex
|-damage|p2a: Toxapex|75/100
|move|p2a: Toxapex|Toxic|p1a: Comfey
|-status|p1a: Comfey|tox
|
|-heal|p2a: Toxapex|81/100|[from] item: Leftovers
|-damage|p1a: Comfey|94/100 tox|[from] psn
|upkeep
|turn|36
|-message|james2341 forfeited.
|
|win|151htyrneh
|raw|james2341's rating: 1635 &rarr; <strong>1620</strong><br />(-15 for losing)
|raw|151htyrneh's rating: 1732 &rarr; <strong>1747</strong><br />(+15 for winning)
|l|☆james2341
|player|p1|
|l|☆151htyrneh
|player|p2|
