|j|☆NebulaTrainer
|j|☆yaoi addict 88
|t:|1760806553
|gametype|singles
|player|p1|NebulaTrainer|cynthia-gen4|1492
|player|p2|yaoi addict 88|miku-psychic|1558
|gen|9
|tier|[Gen 9] OU
|rated|
|rule|HP Percentage Mod: HP is shown in percentages
|rule|Endless Battle Clause: Forcing endless battles is banned
|rule|Species Clause: Limit one of each Pokémon
|rule|OHKO Clause: OHKO moves are banned
|rule|Evasion Items Clause: Evasion items are banned
|rule|Evasion Moves Clause: Evasion moves are banned
|rule|Evasion Abilities Clause: Evasion abilities are banned
|rule|Sleep Moves Clause: Sleep-inducing moves are banned
|clearpoke
|poke|p1|Hippowdon, M|
|poke|p1|Excadrill, M|
|poke|p1|Hydrapple, F|
|poke|p1|Tornadus-Therian, M|
|poke|p1|Heatran, M|
|poke|p1|Keldeo-Resolute|
|poke|p2|Araquanid, M|
|poke|p2|Iron Moth|
|poke|p2|Raging Bolt|
|poke|p2|Great Tusk|
|poke|p2|Gholdengo|
|poke|p2|Ogerpon-Cornerstone, F|
|teampreview
|inactive|Battle timer is ON: inactive players will automatically lose when time's up. (requested by yaoi addict 88)
|
|t:|1760806569
|teamsize|p1|6
|teamsize|p2|6
|start
|switch|p1a: Tornadus|Tornadus-Therian, M, shiny|100/100
|switch|p2a: Araquanid|Araquanid, M|100/100
|turn|1
|
|t:|1760806575
|move|p1a: Tornadus|Hurricane|p2a: Araquanid
|-supereffective|p2a: Araquanid
|-damage|p2a: Araquanid|33/100
|move|p2a: Araquanid|Sticky Web|p1a: Tornadus
|-sidestart|p1: NebulaTrainer|move: Sticky Web
|
|upkeep
|turn|2
|j| Overrated445
|
|t:|1760806594
|move|p1a: Tornadus|Knock Off|p2a: Araquanid
|-damage|p2a: Araquanid|9/100
|-enditem|p2a: Araquanid|Focus Sash|[from] move: Knock Off|[of] p1a: Tornadus
|move|p2a: Araquanid|Liquidation|p1a: Tornadus
|-damage|p1a: Tornadus|24/100
|
|upkeep
|turn|3
|
|t:|1760806607
|move|p1a: Tornadus|U-turn|p2a: Araquanid
|-damage|p2a: Araquanid|0 fnt
|faint|p2a: Araquanid
|
|t:|1760806618
|switch|p1a: Hydrapple|Hydrapple, F|100/100|[from] U-turn
|
|upkeep
|inactive|yaoi addict 88 has 120 seconds left.
|l| Overrated445
|inactive|yaoi addict 88 has 90 seconds left.
|
|t:|1760806673
|switch|p2a: Raging Bolt|Raging Bolt|100/100
|-enditem|p2a: Raging Bolt|Booster Energy
|-activate|p2a: Raging Bolt|ability: Protosynthesis|[fromitem]
|-start|p2a: Raging Bolt|protosynthesisspa
|turn|4
|
|t:|1760806683
|switch|p1a: Heatran|Heatran, M, shiny|100/100
|-activate|p1a: Heatran|move: Sticky Web
|-unboost|p1a: Heatran|spe|1
|move|p2a: Raging Bolt|Calm Mind|p2a: Raging Bolt
|-boost|p2a: Raging Bolt|spa|1
|-boost|p2a: Raging Bolt|spd|1
|
|upkeep
|turn|5
|
|t:|1760806691
|switch|p1a: Hippowdon|Hippowdon, M, shiny|100/100
|-activate|p1a: Hippowdon|move: Sticky Web
|-unboost|p1a: Hippowdon|spe|1
|-weather|Sandstorm|[from] ability: Sand Stream|[of] p1a: Hippowdon
|move|p2a: Raging Bolt|Thunderbolt|p1a: Hippowdon
|-immune|p1a: Hippowdon
|
|-weather|Sandstorm|[upkeep]
|-damage|p2a: Raging Bolt|94/100|[from] Sandstorm
|upkeep
|turn|6
|
|t:|1760806704
|switch|p1a: Heatran|Heatran, M, shiny|100/100
|-activate|p1a: Heatran|move: Sticky Web
|-unboost|p1a: Heatran|spe|1
|move|p2a: Raging Bolt|Dragon Pulse|p1a: Heatran
|-resisted|p1a: Heatran
|-damage|p1a: Heatran|69/100
|
|-weather|Sandstorm|[upkeep]
|-damage|p2a: Raging Bolt|88/100|[from] Sandstorm
|-heal|p1a: Heatran|75/100|[from] item: Leftovers
|upkeep
|turn|7
|
|t:|1760806716
|switch|p1a: Excadrill|Excadrill, M, shiny|100/100
|-activate|p1a: Excadrill|move: Sticky Web
|-unboost|p1a: Excadrill|spe|1
|move|p2a: Raging Bolt|Thunderbolt|p1a: Excadrill
|-immune|p1a: Excadrill
|
|-weather|Sandstorm|[upkeep]
|-damage|p2a: Raging Bolt|82/100|[from] Sandstorm
|upkeep
|turn|8
|
|t:|1760806729
|-end|p2a: Raging Bolt|Protosynthesis|[silent]
|switch|p2a: Gholdengo|Gholdengo|100/100
|-item|p2a: Gholdengo|Air Balloon
|move|p1a: Excadrill|Rapid Spin|p2a: Gholdengo
|-immune|p2a: Gholdengo
|
|-weather|Sandstorm|[upkeep]
|upkeep
|turn|9
|
|t:|1760806738
|switch|p1a: Heatran|Heatran, M, shiny|75/100
|-activate|p1a: Heatran|move: Sticky Web
|-unboost|p1a: Heatran|spe|1
|move|p2a: Gholdengo|Shadow Ball|p1a: Heatran
|-damage|p1a: Heatran|49/100
|-unboost|p1a: Heatran|spd|1
|
|-weather|Sandstorm|[upkeep]
|-heal|p1a: Heatran|55/100|[from] item: Leftovers
|upkeep
|turn|10
|
|t:|1760806749
|switch|p2a: Raging Bolt|Raging Bolt|82/100
|move|p1a: Heatran|Magma Storm|p2a: Raging Bolt
|-resisted|p2a: Raging Bolt
|-damage|p2a: Raging Bolt|64/100
|-activate|p2a: Raging Bolt|move: Magma Storm|[of] p1a: Heatran
|
|-weather|Sandstorm|[upkeep]
|-damage|p2a: Raging Bolt|58/100|[from] Sandstorm
|-heal|p1a: Heatran|62/100|[from] item: Leftovers
|-damage|p2a: Raging Bolt|45/100|[from] move: Magma Storm|[partiallytrapped]
|upkeep
|turn|11
|
|t:|1760806760
|move|p2a: Raging Bolt|Dragon Pulse|p1a: Heatran
|-resisted|p1a: Heatran
|-damage|p1a: Heatran|38/100
|move|p1a: Heatran|Earth Power|p2a: Raging Bolt
|-supereffective|p2a: Raging Bolt
|-damage|p2a: Raging Bolt|0 fnt
|faint|p2a: Raging Bolt
|-end|p2a: Raging Bolt|Protosynthesis|[silent]
|
|-weather|Sandstorm|[upkeep]
|-heal|p1a: Heatran|44/100|[from] item: Leftovers
|upkeep
|inactive|yaoi addict 88 has 120 seconds left.
|
|t:|1760806798
|switch|p2a: Ogerpon|Ogerpon-Cornerstone, F|100/100
|turn|12
|
|t:|1760806803
|switch|p1a: Hydrapple|Hydrapple, F|100/100
|move|p2a: Ogerpon|Swords Dance|p2a: Ogerpon
|-boost|p2a: Ogerpon|atk|2
|
|-weather|none
|upkeep
|turn|13
|
|t:|1760806810
|move|p2a: Ogerpon|Swords Dance|p2a: Ogerpon
|-boost|p2a: Ogerpon|atk|2
|move|p1a: Hydrapple|Giga Drain|p2a: Ogerpon
|-damage|p2a: Ogerpon|52/100
|
|upkeep
|turn|14
|
|t:|1760806821
|switch|p1a: Tornadus|Tornadus-Therian, M, shiny|57/100
|-terastallize|p2a: Ogerpon|Rock
|detailschange|p2a: Ogerpon|Ogerpon-Cornerstone-Tera, F, tera:Rock
|-ability|p2a: Ogerpon|Embody Aspect (Cornerstone)|boost
|-boost|p2a: Ogerpon|def|1
|move|p2a: Ogerpon|Ivy Cudgel|p1a: Tornadus|[anim] Ivy Cudgel Rock
|-supereffective|p1a: Tornadus
|-damage|p1a: Tornadus|0 fnt
|faint|p1a: Tornadus
|
|upkeep
|
|t:|1760806839
|switch|p1a: Hippowdon|Hippowdon, M, shiny|100/100
|-activate|p1a: Hippowdon|move: Sticky Web
|-unboost|p1a: Hippowdon|spe|1
|-weather|Sandstorm|[from] ability: Sand Stream|[of] p1a: Hippowdon
|turn|15
|
|t:|1760806847
|switch|p1a: Heatran|Heatran, M, shiny|44/100
|-activate|p1a: Heatran|move: Sticky Web
|-unboost|p1a: Heatran|spe|1
|move|p2a: Ogerpon|Horn Leech|p1a: Heatran
|-resisted|p1a: Heatran
|-damage|p1a: Heatran|18/100
|-heal|p2a: Ogerpon|70/100|[from] drain|[of] p1a: Heatran
|
|-weather|Sandstorm|[upkeep]
|-heal|p1a: Heatran|24/100|[from] item: Leftovers
|upkeep
|turn|16
|
|t:|1760806859
|move|p2a: Ogerpon|Horn Leech|p1a: Heatran
|-resisted|p1a: Heatran
|-damage|p1a: Heatran|0 fnt
|-heal|p2a: Ogerpon|85/100|[from] drain|[of] p1a: Heatran
|faint|p1a: Heatran
|
|-weather|Sandstorm|[upkeep]
|upkeep
|
|t:|1760806867
|switch|p1a: Excadrill|Excadrill, M, shiny|100/100
|-activate|p1a: Excadrill|move: Sticky Web
|-unboost|p1a: Excadrill|spe|1
|turn|17
|
|t:|1760806872
|-terastallize|p1a: Excadrill|Steel
|move|p1a: Excadrill|Iron Head|p2a: Ogerpon
|-supereffective|p2a: Ogerpon
|-damage|p2a: Ogerpon|0 fnt
|faint|p2a: Ogerpon
|detailschange|p2: Ogerpon|Ogerpon-Cornerstone, F|[silent]
|
|-weather|Sandstorm|[upkeep]
|upkeep
|
|t:|1760806881
|switch|p2a: Great Tusk|Great Tusk|100/100
|-enditem|p2a: Great Tusk|Booster Energy
|-activate|p2a: Great Tusk|ability: Protosynthesis|[fromitem]
|-start|p2a: Great Tusk|protosynthesisatk
|turn|18
|
|t:|1760806887
|switch|p1a: Hippowdon|Hippowdon, M, shiny|100/100
|-activate|p1a: Hippowdon|move: Sticky Web
|-unboost|p1a: Hippowdon|spe|1
|move|p2a: Great Tusk|Close Combat|p1a: Hippowdon
|-damage|p1a: Hippowdon|55/100
|-unboost|p2a: Great Tusk|def|1
|-unboost|p2a: Great Tusk|spd|1
|
|-weather|Sandstorm|[upkeep]
|upkeep
|turn|19
|
|t:|1760806899
|move|p2a: Great Tusk|Ice Spinner|p1a: Hippowdon
|-supereffective|p1a: Hippowdon
|-damage|p1a: Hippowdon|16/100
|move|p1a: Hippowdon|Whirlwind|p2a: Great Tusk
|-end|p2a: Great Tusk|Protosynthesis|[silent]
|drag|p2a: Iron Moth|Iron Moth|100/100
|-enditem|p2a: Iron Moth|Booster Energy
|-activate|p2a: Iron Moth|ability: Quark Drive|[fromitem]
|-start|p2a: Iron Moth|quarkdrivespa
|
|-weather|Sandstorm|[upkeep]
|-damage|p2a: Iron Moth|95/100|[from] Sandstorm
|upkeep
|turn|20
|
|t:|1760806912
|move|p2a: Iron Moth|Fiery Dance|p1a: Hippowdon
|-damage|p1a: Hippowdon|0 fnt
|-boost|p2a: Iron Moth|spa|1
|faint|p1a: Hippowdon
|
|-weather|Sandstorm|[upkeep]
|-damage|p2a: Iron Moth|89/100|[from] Sandstorm
|upkeep
|
|t:|1760806921
|switch|p1a: Excadrill|Excadrill, M, shiny, tera:Steel|100/100
|-activate|p1a: Excadrill|move: Sticky Web
|-unboost|p1a: Excadrill|spe|1
|turn|21
|
|t:|1760806947
|move|p1a: Excadrill|Iron Head|p2a: Iron Moth
|-resisted|p2a: Iron Moth
|-damage|p2a: Iron Moth|42/100
|move|p2a: Iron Moth|Fiery Dance|p1a: Excadrill
|-supereffective|p1a: Excadrill
|-damage|p1a: Excadrill|0 fnt
|-boost|p2a: Iron Moth|spa|1
|faint|p1a: Excadrill
|
|-weather|Sandstorm|[upkeep]
|-damage|p2a: Iron Moth|36/100|[from] Sandstorm
|upkeep
|
|t:|1760806958
|switch|p1a: Keldeo|Keldeo-Resolute|100/100
|-activate|p1a: Keldeo|move: Sticky Web
|-unboost|p1a: Keldeo|spe|1
|turn|22
|
|t:|1760806965
|move|p2a: Iron Moth|Dazzling Gleam|p1a: Keldeo
|-supereffective|p1a: Keldeo
|-damage|p1a: Keldeo|0 fnt
|faint|p1a: Keldeo
|
|-weather|none
|upkeep
|-message|NebulaTrainer forfeited.
|
|win|yaoi addict 88
|raw|NebulaTrainer's rating: 1492 &rarr; <strong>1476</strong><br />(-16 for losing)
|raw|yaoi addict 88's rating: 1558 &rarr; <strong>1574</strong><br />(+16 for winning)
|l|☆NebulaTrainer
|player|p1|
