|j|☆PenguinMLSJ
|j|☆metrobotalt
|t:|1760795337
|gametype|singles
|player|p1|PenguinMLSJ|red-gen7|1619
|player|p2|metrobotalt|lucas|1559
|gen|9
|tier|[Gen 9] OU
|rated|
|rule|HP Percentage Mod: HP is shown in percentages
|rule|Endless Battle Clause: Forcing endless battles is banned
|rule|Species Clause: Limit one of each Pokémon
|rule|OHKO Clause: OHKO moves are banned
|rule|Evasion Items Clause: Evasion items are banned
|rule|Evasion Moves Clause: Evasion moves are banned
|rule|Evasion Abilities Clause: Evasion abilities are banned
|rule|Sleep Moves Clause: Sleep-inducing moves are banned
|clearpoke
|poke|p1|Skeledirge, M|
|poke|p1|Garganacl, M|
|poke|p1|Kingambit, F|
|poke|p1|Clefable, F|
|poke|p1|Great Tusk|
|poke|p1|Iron Valiant|
|poke|p2|Deoxys-Speed|
|poke|p2|Kyurem|
|poke|p2|Zamazenta-*|
|poke|p2|Gholdengo|
|poke|p2|Moltres-Galar|
|poke|p2|Great Tusk|
|teampreview
|inactive|Battle timer is ON: inactive players will automatically lose when time's up. (requested by PenguinMLSJ)
|
|t:|1760795348
|teamsize|p1|6
|teamsize|p2|6
|start
|switch|p1a: Clefable|Clefable, F|100/100
|switch|p2a: Deoxys|Deoxys-Speed|100/100
|-ability|p2a: Deoxys|Pressure
|turn|1
|
|t:|1760795350
|move|p2a: Deoxys|Taunt|p1a: Clefable
|-start|p1a: Clefable|move: Taunt
|move|p1a: Clefable|Moonblast|p2a: Deoxys
|-damage|p2a: Deoxys|60/100
|
|upkeep
|turn|2
|
|t:|1760795353
|move|p2a: Deoxys|Light Screen|p2a: Deoxys
|-sidestart|p2: metrobotalt|move: Light Screen
|move|p1a: Clefable|Moonblast|p2a: Deoxys
|-damage|p2a: Deoxys|39/100
|-unboost|p2a: Deoxys|spa|1
|
|upkeep
|turn|3
|
|t:|1760795354
|move|p2a: Deoxys|Reflect|p2a: Deoxys
|-sidestart|p2: metrobotalt|Reflect
|move|p1a: Clefable|Moonblast|p2a: Deoxys
|-damage|p2a: Deoxys|19/100
|
|-end|p1a: Clefable|move: Taunt
|upkeep
|turn|4
|
|t:|1760795357
|move|p1a: Clefable|Moonblast|p2a: Deoxys
|-damage|p2a: Deoxys|0 fnt
|faint|p2a: Deoxys
|
|upkeep
|
|t:|1760795359
|switch|p2a: Gholdengo|Gholdengo|100/100
|-item|p2a: Gholdengo|Air Balloon
|turn|5
|
|t:|1760795362
|switch|p1a: Kingambit|Kingambit, F|100/100
|move|p2a: Gholdengo|Nasty Plot|p2a: Gholdengo
|-boost|p2a: Gholdengo|spa|2
|
|upkeep
|turn|6
|
|t:|1760795364
|move|p1a: Kingambit|Sucker Punch|p2a: Gholdengo
|-supereffective|p2a: Gholdengo
|-damage|p2a: Gholdengo|54/100
|-enditem|p2a: Gholdengo|Air Balloon
|move|p2a: Gholdengo|Focus Blast|p1a: Kingambit
|-supereffective|p1a: Kingambit
|-damage|p1a: Kingambit|0 fnt
|faint|p1a: Kingambit
|-end|p1a: Kingambit|fallenundefined|[silent]
|
|upkeep
|
|t:|1760795385
|switch|p1a: Garganacl|Garganacl, M|100/100
|turn|7
|
|t:|1760795390
|-terastallize|p1a: Garganacl|Water
|move|p2a: Gholdengo|Focus Blast|p1a: Garganacl
|-damage|p1a: Garganacl|48/100
|move|p1a: Garganacl|Salt Cure|p2a: Gholdengo
|-resisted|p2a: Gholdengo
|-damage|p2a: Gholdengo|50/100
|-start|p2a: Gholdengo|Salt Cure
|
|-heal|p1a: Garganacl|55/100|[from] item: Leftovers
|-damage|p2a: Gholdengo|25/100|[from] Salt Cure
|upkeep
|turn|8
|
|t:|1760795396
|move|p2a: Gholdengo|Focus Blast|p1a: Garganacl
|-damage|p1a: Garganacl|3/100
|move|p1a: Garganacl|Recover|p1a: Garganacl
|-heal|p1a: Garganacl|53/100
|
|-heal|p1a: Garganacl|59/100|[from] item: Leftovers
|-damage|p2a: Gholdengo|0 fnt|[from] Salt Cure
|faint|p2a: Gholdengo
|upkeep
|
|t:|1760795399
|switch|p2a: Kyurem|Kyurem|100/100
|-ability|p2a: Kyurem|Pressure
|turn|9
|
|t:|1760795403
|switch|p1a: Clefable|Clefable, F|100/100
|move|p2a: Kyurem|Freeze-Dry|p1a: Clefable
|-damage|p1a: Clefable|72/100
|
|-sideend|p2: metrobotalt|move: Light Screen
|upkeep
|turn|10
|
|t:|1760795409
|move|p2a: Kyurem|Dragon Dance|p2a: Kyurem
|-boost|p2a: Kyurem|atk|1
|-boost|p2a: Kyurem|spe|1
|move|p1a: Clefable|Trick|p2a: Kyurem
|-activate|p1a: Clefable|move: Trick|[of] p2a: Kyurem
|-item|p2a: Kyurem|Sticky Barb|[from] move: Trick
|-item|p1a: Clefable|Never-Melt Ice|[from] move: Trick
|
|-sideend|p2: metrobotalt|Reflect
|-damage|p2a: Kyurem|88/100|[from] item: Sticky Barb
|upkeep
|turn|11
|
|t:|1760795415
|move|p2a: Kyurem|Earth Power|p1a: Clefable
|-damage|p1a: Clefable|53/100
|move|p1a: Clefable|Moonblast|p2a: Kyurem
|-supereffective|p2a: Kyurem
|-damage|p2a: Kyurem|31/100
|
|-damage|p2a: Kyurem|19/100|[from] item: Sticky Barb
|upkeep
|turn|12
|
|t:|1760795418
|move|p1a: Clefable|Protect|p1a: Clefable
|-singleturn|p1a: Clefable|Protect
|move|p2a: Kyurem|Icicle Spear|p1a: Clefable
|-activate|p1a: Clefable|move: Protect
|
|-damage|p2a: Kyurem|6/100|[from] item: Sticky Barb
|upkeep
|turn|13
|
|t:|1760795421
|switch|p1a: Skeledirge|Skeledirge, M|100/100
|move|p2a: Kyurem|Icicle Spear|p1a: Skeledirge
|-resisted|p1a: Skeledirge
|-damage|p1a: Skeledirge|97/100
|-resisted|p1a: Skeledirge
|-damage|p1a: Skeledirge|93/100
|-resisted|p1a: Skeledirge
|-damage|p1a: Skeledirge|90/100
|-resisted|p1a: Skeledirge
|-damage|p1a: Skeledirge|86/100
|-resisted|p1a: Skeledirge
|-damage|p1a: Skeledirge|82/100
|-hitcount|p1a: Skeledirge|5
|
|-damage|p2a: Kyurem|0 fnt|[from] item: Sticky Barb
|faint|p2a: Kyurem
|upkeep
|
|t:|1760795426
|switch|p2a: Great Tusk|Great Tusk|100/100
|-enditem|p2a: Great Tusk|Booster Energy
|-activate|p2a: Great Tusk|ability: Protosynthesis|[fromitem]
|-start|p2a: Great Tusk|protosynthesisspe
|turn|14
|
|t:|1760795428
|move|p2a: Great Tusk|Headlong Rush|p1a: Skeledirge
|-supereffective|p1a: Skeledirge
|-damage|p1a: Skeledirge|25/100
|-unboost|p2a: Great Tusk|def|1
|-unboost|p2a: Great Tusk|spd|1
|move|p1a: Skeledirge|Will-O-Wisp|p2a: Great Tusk
|-status|p2a: Great Tusk|brn
|
|-damage|p2a: Great Tusk|94/100 brn|[from] brn
|upkeep
|turn|15
|
|t:|1760795432
|switch|p1a: Great Tusk|Great Tusk|100/100
|move|p2a: Great Tusk|Headlong Rush|p1a: Great Tusk
|-damage|p1a: Great Tusk|89/100
|-unboost|p2a: Great Tusk|def|1
|-unboost|p2a: Great Tusk|spd|1
|
|-damage|p2a: Great Tusk|88/100 brn|[from] brn
|upkeep
|turn|16
|
|t:|1760795445
|-end|p2a: Great Tusk|Protosynthesis|[silent]
|switch|p2a: Zamazenta|Zamazenta|100/100
|-ability|p2a: Zamazenta|Dauntless Shield|boost
|-boost|p2a: Zamazenta|def|1
|move|p1a: Great Tusk|Rapid Spin|p2a: Zamazenta
|-damage|p2a: Zamazenta|94/100
|-boost|p1a: Great Tusk|spe|1
|
|-heal|p2a: Zamazenta|99/100|[from] item: Leftovers
|upkeep
|turn|17
|
|t:|1760795450
|move|p2a: Zamazenta|Iron Defense|p2a: Zamazenta
|-boost|p2a: Zamazenta|def|2
|move|p1a: Great Tusk|Body Press|p2a: Zamazenta
|-damage|p2a: Zamazenta|85/100
|
|-heal|p2a: Zamazenta|91/100|[from] item: Leftovers
|upkeep
|turn|18
|
|t:|1760795451
|move|p2a: Zamazenta|Iron Defense|p2a: Zamazenta
|-boost|p2a: Zamazenta|def|2
|move|p1a: Great Tusk|Body Press|p2a: Zamazenta
|-damage|p2a: Zamazenta|81/100
|
|-heal|p2a: Zamazenta|87/100|[from] item: Leftovers
|upkeep
|turn|19
|
|t:|1760795457
|move|p2a: Zamazenta|Body Press|p1a: Great Tusk
|-damage|p1a: Great Tusk|35/100
|move|p1a: Great Tusk|Body Press|p2a: Zamazenta
|-damage|p2a: Zamazenta|78/100
|
|-heal|p2a: Zamazenta|84/100|[from] item: Leftovers
|upkeep
|turn|20
|
|t:|1760795462
|move|p2a: Zamazenta|Body Press|p1a: Great Tusk
|-damage|p1a: Great Tusk|0 fnt
|faint|p1a: Great Tusk
|-end|p1a: Great Tusk|Protosynthesis|[silent]
|
|-heal|p2a: Zamazenta|90/100|[from] item: Leftovers
|upkeep
|
|t:|1760795463
|switch|p1a: Skeledirge|Skeledirge, M|25/100
|turn|21
|
|t:|1760795465
|move|p2a: Zamazenta|Crunch|p1a: Skeledirge
|-supereffective|p1a: Skeledirge
|-crit|p1a: Skeledirge
|-damage|p1a: Skeledirge|0 fnt
|faint|p1a: Skeledirge
|
|-heal|p2a: Zamazenta|96/100|[from] item: Leftovers
|upkeep
|c|☆PenguinMLSJ|cig break
|c|☆metrobotalt|ye
|inactive|PenguinMLSJ has 120 seconds left.
|inactive|PenguinMLSJ has 90 seconds left.
|inactive|PenguinMLSJ has 60 seconds left.
|
|t:|1760795561
|switch|p1a: Clefable|Clefable, F|53/100
|turn|22
|
|t:|1760795567
|-terastallize|p2a: Zamazenta|Fire
|move|p2a: Zamazenta|Body Press|p1a: Clefable
|-resisted|p1a: Clefable
|-damage|p1a: Clefable|0 fnt
|faint|p1a: Clefable
|
|-heal|p2a: Zamazenta|100/100|[from] item: Leftovers
|upkeep
|
|t:|1760795574
|switch|p1a: Garganacl|Garganacl, M, tera:Water|59/100
|turn|23
|
|t:|1760795575
|move|p2a: Zamazenta|Body Press|p1a: Garganacl
|-damage|p1a: Garganacl|0 fnt
|faint|p1a: Garganacl
|
|upkeep
|
|t:|1760795578
|switch|p1a: Iron Valiant|Iron Valiant|100/100
|turn|24
|
|t:|1760795580
|move|p1a: Iron Valiant|Close Combat|p2a: Zamazenta
|-damage|p2a: Zamazenta|89/100
|-unboost|p1a: Iron Valiant|def|1
|-unboost|p1a: Iron Valiant|spd|1
|move|p2a: Zamazenta|Heavy Slam|p1a: Iron Valiant
|-supereffective|p1a: Iron Valiant
|-damage|p1a: Iron Valiant|0 fnt
|faint|p1a: Iron Valiant
|-end|p1a: Iron Valiant|Quark Drive|[silent]
|
|win|metrobotalt
|raw|PenguinMLSJ's rating: 1619 &rarr; <strong>1596</strong><br />(-23 for losing)
|raw|metrobotalt's rating: 1559 &rarr; <strong>1582</strong><br />(+23 for winning)
|c|☆PenguinMLSJ|ggs
|c|☆metrobotalt|gg
|l|☆PenguinMLSJ
|player|p1|
|l|☆metrobotalt
|player|p2|
