|j|☆xToinex
|j|☆Kadeerkarim64
|t:|1760850533
|gametype|singles
|player|p1|xToinex|169|1191
|player|p2|Kadeerkarim64|iris-gen5bw2|1167
|gen|9
|tier|[Gen 9] OU
|rated|
|rule|HP Percentage Mod: HP is shown in percentages
|rule|Endless Battle Clause: Forcing endless battles is banned
|rule|Species Clause: Limit one of each Pokémon
|rule|OHKO Clause: OHKO moves are banned
|rule|Evasion Items Clause: Evasion items are banned
|rule|Evasion Moves Clause: Evasion moves are banned
|rule|Evasion Abilities Clause: Evasion abilities are banned
|rule|Sleep Moves Clause: Sleep-inducing moves are banned
|clearpoke
|poke|p1|Meowscarada, F|
|poke|p1|Deoxys-Speed|
|poke|p1|Porygon2|
|poke|p1|Quaquaval, F|
|poke|p1|Serperior, F|
|poke|p1|Lucario, M|
|poke|p2|Galvantula, F|
|poke|p2|Cinderace, M|
|poke|p2|Goodra, F|
|poke|p2|Blastoise, M|
|poke|p2|Donphan, M|
|poke|p2|Primeape, F|
|teampreview
|
|t:|1760850549
|teamsize|p1|6
|teamsize|p2|6
|start
|switch|p1a: Serperior|Serperior, F|100/100
|switch|p2a: Cinderace|Cinderace, M|100/100
|turn|1
|
|t:|1760850567
|switch|p1a: Quaquaval|Quaquaval, F|100/100
|move|p2a: Cinderace|Pyro Ball|p1a: Quaquaval
|-resisted|p1a: Quaquaval
|-damage|p1a: Quaquaval|65/100
|
|upkeep
|turn|2
|
|t:|1760850574
|move|p2a: Cinderace|U-turn|p1a: Quaquaval
|-start|p2a: Cinderace|typechange|Bug|[from] ability: Libero
|-resisted|p1a: Quaquaval
|-damage|p1a: Quaquaval|42/100
|
|t:|1760850588
|switch|p2a: Goodra|Goodra, F|100/100|[from] U-turn
|move|p1a: Quaquaval|Aqua Step|p2a: Goodra
|-resisted|p2a: Goodra
|-damage|p2a: Goodra|74/100
|-boost|p1a: Quaquaval|spe|1
|-ability|p2a: Goodra|Gooey
|-unboost|p1a: Quaquaval|spe|1
|
|-heal|p2a: Goodra|80/100|[from] item: Leftovers
|upkeep
|turn|3
|
|t:|1760850623
|switch|p1a: Porygon2|Porygon2|100/100
|move|p2a: Goodra|Draco Meteor|p1a: Porygon2
|-damage|p1a: Porygon2|62/100
|-unboost|p2a: Goodra|spa|2
|
|-heal|p2a: Goodra|86/100|[from] item: Leftovers
|upkeep
|turn|4
|
|t:|1760850655
|switch|p2a: Primeape|Primeape, F|100/100
|move|p1a: Porygon2|Ice Beam|p2a: Primeape
|-damage|p2a: Primeape|77/100
|
|upkeep
|turn|5
|
|t:|1760850671
|switch|p1a: Deoxys|Deoxys-Speed|100/100
|-ability|p1a: Deoxys|Pressure
|move|p2a: Primeape|Bulk Up|p2a: Primeape
|-boost|p2a: Primeape|atk|1
|-boost|p2a: Primeape|def|1
|
|upkeep
|turn|6
|
|t:|1760850696
|-terastallize|p2a: Primeape|Ghost
|move|p1a: Deoxys|Psycho Boost|p2a: Primeape
|-damage|p2a: Primeape|49/100
|-unboost|p1a: Deoxys|spa|2
|move|p2a: Primeape|Rage Fist|p1a: Deoxys
|-supereffective|p1a: Deoxys
|-damage|p1a: Deoxys|0 fnt
|faint|p1a: Deoxys
|
|upkeep
|
|t:|1760850728
|switch|p1a: Porygon2|Porygon2|62/100
|turn|7
|
|t:|1760850732
|-terastallize|p1a: Porygon2|Ghost
|move|p2a: Primeape|Drain Punch|p1a: Porygon2
|-immune|p1a: Porygon2
|move|p1a: Porygon2|Tera Blast|p2a: Primeape|[anim] Tera Blast Ghost
|-supereffective|p2a: Primeape
|-damage|p2a: Primeape|0 fnt
|faint|p2a: Primeape
|
|upkeep
|
|t:|1760850743
|switch|p2a: Goodra|Goodra, F|86/100
|turn|8
|
|t:|1760850763
|switch|p1a: Meowscarada|Meowscarada, F|100/100
|move|p2a: Goodra|Acid Spray|p1a: Meowscarada
|-supereffective|p1a: Meowscarada
|-damage|p1a: Meowscarada|57/100
|-unboost|p1a: Meowscarada|spd|2
|
|-heal|p2a: Goodra|93/100|[from] item: Leftovers
|upkeep
|turn|9
|
|t:|1760850778
|switch|p2a: Donphan|Donphan, M|100/100
|move|p1a: Meowscarada|Triple Axel|p2a: Donphan
|-start|p1a: Meowscarada|typechange|Ice|[from] ability: Protean
|-supereffective|p2a: Donphan
|-damage|p2a: Donphan|87/100
|-damage|p1a: Meowscarada|41/100|[from] item: Rocky Helmet|[of] p2a: Donphan
|-supereffective|p2a: Donphan
|-damage|p2a: Donphan|61/100
|-damage|p1a: Meowscarada|25/100|[from] item: Rocky Helmet|[of] p2a: Donphan
|-supereffective|p2a: Donphan
|-damage|p2a: Donphan|22/100
|-damage|p1a: Meowscarada|8/100|[from] item: Rocky Helmet|[of] p2a: Donphan
|-hitcount|p2a: Donphan|3
|
|upkeep
|turn|10
|
|t:|1760850804
|switch|p1a: Porygon2|Porygon2, tera:Ghost|62/100
|move|p2a: Donphan|Stealth Rock|p1a: Porygon2
|-sidestart|p1: xToinex|move: Stealth Rock
|
|upkeep
|turn|11
|
|t:|1760850820
|move|p1a: Porygon2|Tera Blast|p2a: Donphan|[anim] Tera Blast Ghost
|-damage|p2a: Donphan|0 fnt
|faint|p2a: Donphan
|
|upkeep
|
|t:|1760850867
|switch|p2a: Cinderace|Cinderace, M|100/100
|turn|12
|
|t:|1760850889
|switch|p1a: Quaquaval|Quaquaval, F|42/100
|move|p2a: Cinderace|Sucker Punch||[still]
|-fail|p2a: Cinderace
|
|upkeep
|turn|13
|
|t:|1760850895
|move|p2a: Cinderace|U-turn|p1a: Quaquaval
|-start|p2a: Cinderace|typechange|Bug|[from] ability: Libero
|-resisted|p1a: Quaquaval
|-damage|p1a: Quaquaval|19/100
|
|t:|1760850900
|switch|p2a: Goodra|Goodra, F|93/100|[from] U-turn
|move|p1a: Quaquaval|Aqua Step|p2a: Goodra
|-resisted|p2a: Goodra
|-damage|p2a: Goodra|65/100
|-boost|p1a: Quaquaval|spe|1
|-ability|p2a: Goodra|Gooey
|-unboost|p1a: Quaquaval|spe|1
|
|-heal|p2a: Goodra|71/100|[from] item: Leftovers
|upkeep
|turn|14
|
|t:|1760850913
|move|p1a: Quaquaval|Rapid Spin|p2a: Goodra
|-damage|p2a: Goodra|49/100
|-boost|p1a: Quaquaval|spe|1
|-ability|p2a: Goodra|Gooey
|-unboost|p1a: Quaquaval|spe|1
|-sideend|p1: xToinex|Stealth Rock|[from] move: Rapid Spin|[of] p1a: Quaquaval
|move|p2a: Goodra|Sludge Bomb|p1a: Quaquaval
|-damage|p1a: Quaquaval|0 fnt
|faint|p1a: Quaquaval
|
|-heal|p2a: Goodra|55/100|[from] item: Leftovers
|upkeep
|
|t:|1760850926
|switch|p1a: Serperior|Serperior, F|100/100
|turn|15
|
|t:|1760850930
|move|p1a: Serperior|Leaf Storm|p2a: Goodra|[miss]
|-miss|p1a: Serperior|p2a: Goodra
|move|p2a: Goodra|Sludge Bomb|p1a: Serperior
|-supereffective|p1a: Serperior
|-damage|p1a: Serperior|25/100
|
|-heal|p2a: Goodra|61/100|[from] item: Leftovers
|upkeep
|turn|16
|
|t:|1760850938
|move|p1a: Serperior|Dragon Pulse|p2a: Goodra
|-supereffective|p2a: Goodra
|-damage|p2a: Goodra|30/100
|move|p2a: Goodra|Flamethrower|p1a: Serperior
|-supereffective|p1a: Serperior
|-damage|p1a: Serperior|0 fnt
|faint|p1a: Serperior
|
|-heal|p2a: Goodra|37/100|[from] item: Leftovers
|upkeep
|
|t:|1760850947
|switch|p1a: Porygon2|Porygon2, tera:Ghost|62/100
|turn|17
|
|t:|1760850952
|move|p2a: Goodra|Acid Spray|p1a: Porygon2
|-resisted|p1a: Porygon2
|-damage|p1a: Porygon2|57/100
|-unboost|p1a: Porygon2|spd|2
|move|p1a: Porygon2|Ice Beam|p2a: Goodra
|-supereffective|p2a: Goodra
|-crit|p2a: Goodra
|-damage|p2a: Goodra|0 fnt
|faint|p2a: Goodra
|
|upkeep
|
|t:|1760850976
|switch|p2a: Blastoise|Blastoise, M|100/100
|turn|18
|
|t:|1760850992
|move|p2a: Blastoise|Shell Smash|p2a: Blastoise
|-unboost|p2a: Blastoise|def|1
|-unboost|p2a: Blastoise|spd|1
|-boost|p2a: Blastoise|atk|2
|-boost|p2a: Blastoise|spa|2
|-boost|p2a: Blastoise|spe|2
|-enditem|p2a: Blastoise|White Herb
|-clearnegativeboost|p2a: Blastoise|[silent]
|move|p1a: Porygon2|Thunderbolt|p2a: Blastoise
|-supereffective|p2a: Blastoise
|-damage|p2a: Blastoise|19/100
|
|upkeep
|turn|19
|
|t:|1760851003
|move|p2a: Blastoise|Surf|p1a: Porygon2
|-damage|p1a: Porygon2|0 fnt
|faint|p1a: Porygon2
|
|upkeep
|
|t:|1760851007
|switch|p1a: Lucario|Lucario, M|100/100
|turn|20
|
|t:|1760851010
|move|p1a: Lucario|Bullet Punch|p2a: Blastoise
|-resisted|p2a: Blastoise
|-damage|p2a: Blastoise|6/100
|-damage|p1a: Lucario|91/100|[from] item: Life Orb
|move|p2a: Blastoise|Surf|p1a: Lucario
|-damage|p1a: Lucario|0 fnt
|faint|p1a: Lucario
|
|upkeep
|
|t:|1760851012
|switch|p1a: Meowscarada|Meowscarada, F|8/100
|turn|21
|
|t:|1760851021
|move|p2a: Blastoise|Surf|p1a: Meowscarada
|-resisted|p1a: Meowscarada
|-damage|p1a: Meowscarada|0 fnt
|faint|p1a: Meowscarada
|
|win|Kadeerkarim64
|raw|xToinex's rating: 1191 &rarr; <strong>1164</strong><br />(-27 for losing)
|raw|Kadeerkarim64's rating: 1167 &rarr; <strong>1194</strong><br />(+27 for winning)
|l|☆xToinex
|player|p1|
