|j|‽Lucid Coffee
|j|☆Obito 2001
|t:|1760853000
|gametype|singles
|player|p1|Lucid Coffee|blue|1680
|player|p2|Obito 2001|blue-gen3two|1791
|gen|9
|tier|[Gen 9] OU
|rated|
|rule|HP Percentage Mod: HP is shown in percentages
|rule|Endless Battle Clause: Forcing endless battles is banned
|rule|Species Clause: Limit one of each Pokémon
|rule|OHKO Clause: OHKO moves are banned
|rule|Evasion Items Clause: Evasion items are banned
|rule|Evasion Moves Clause: Evasion moves are banned
|rule|Evasion Abilities Clause: Evasion abilities are banned
|rule|Sleep Moves Clause: Sleep-inducing moves are banned
|clearpoke
|poke|p1|Kyurem|
|poke|p1|Landorus-Therian, M|
|poke|p1|Kingambit, M|
|poke|p1|Zamazenta-*|
|poke|p1|Great Tusk|
|poke|p1|Zapdos|
|poke|p2|Maushold-Four|
|poke|p2|Comfey, F|
|poke|p2|Grimmsnarl, M|
|poke|p2|Iron Crown|
|poke|p2|Ogerpon-Wellspring, F|
|poke|p2|Great Tusk|
|teampreview
|inactive|Battle timer is ON: inactive players will automatically lose when time's up. (requested by Obito 2001)
|
|t:|1760853007
|teamsize|p1|6
|teamsize|p2|6
|start
|switch|p1a: Landorus|Landorus-Therian, M|100/100
|switch|p2a: Screen Goblin|Grimmsnarl, M|100/100
|-ability|p1a: Landorus|Intimidate|boost
|-unboost|p2a: Screen Goblin|atk|1
|turn|1
|
|t:|1760853012
|move|p2a: Screen Goblin|Reflect|p2a: Screen Goblin
|-sidestart|p2: Obito 2001|Reflect
|move|p1a: Landorus|Taunt|p2a: Screen Goblin
|-start|p2a: Screen Goblin|move: Taunt
|
|upkeep
|turn|2
|
|t:|1760853042
|switch|p2a: 🎭|Ogerpon-Wellspring, F|100/100
|move|p1a: Landorus|U-turn|p2a: 🎭
|-supereffective|p2a: 🎭
|-damage|p2a: 🎭|72/100
|
|t:|1760853051
|switch|p1a: Kyurem|Kyurem|100/100|[from] U-turn
|-ability|p1a: Kyurem|Pressure
|
|upkeep
|turn|3
|inactive|Obito 2001 has 120 seconds left.
|
|t:|1760853078
|switch|p2a: Zanpakuto🗡️|Iron Crown|100/100
|move|p1a: Kyurem|Freeze-Dry|p2a: Zanpakuto🗡️
|-resisted|p2a: Zanpakuto🗡️
|-damage|p2a: Zanpakuto🗡️|80/100
|
|upkeep
|turn|4
|inactive|Obito 2001 has 120 seconds left.
|
|t:|1760853086
|switch|p1a: Zapdos|Zapdos|100/100
|move|p2a: Zanpakuto🗡️|Focus Blast|p1a: Zapdos
|-resisted|p1a: Zapdos
|-damage|p1a: Zapdos|77/100
|
|upkeep
|turn|5
|inactive|Obito 2001 has 120 seconds left.
|
|t:|1760853097
|-end|p2a: Zanpakuto🗡️|Quark Drive|[silent]
|switch|p2a: Mega Donphan|Great Tusk|100/100
|move|p1a: Zapdos|Volt Switch|p2a: Mega Donphan
|-immune|p2a: Mega Donphan
|
|upkeep
|turn|6
|
|t:|1760853101
|-end|p2a: Mega Donphan|Protosynthesis|[silent]
|switch|p2a: Screen Goblin|Grimmsnarl, M|100/100
|move|p1a: Zapdos|Hurricane|p2a: Screen Goblin|[miss]
|-miss|p1a: Zapdos|p2a: Screen Goblin
|
|upkeep
|turn|7
|
|t:|1760853106
|switch|p1a: Landorus|Landorus-Therian, M|100/100
|-ability|p1a: Landorus|Intimidate|boost
|-unboost|p2a: Screen Goblin|atk|1
|move|p2a: Screen Goblin|Light Screen|p2a: Screen Goblin
|-sidestart|p2: Obito 2001|move: Light Screen
|
|upkeep
|turn|8
|
|t:|1760853109
|move|p2a: Screen Goblin|Parting Shot|p1a: Landorus
|-unboost|p1a: Landorus|atk|1
|-unboost|p1a: Landorus|spa|1
|
|t:|1760853112
|switch|p2a: 🎭|Ogerpon-Wellspring, F|72/100|[from] Parting Shot
|move|p1a: Landorus|Taunt|p2a: 🎭
|-start|p2a: 🎭|move: Taunt
|
|-sideend|p2: Obito 2001|Reflect
|upkeep
|turn|9
|
|t:|1760853120
|switch|p1a: Zamazenta|Zamazenta|100/100
|-ability|p1a: Zamazenta|Dauntless Shield|boost
|-boost|p1a: Zamazenta|def|1
|move|p2a: 🎭|Ivy Cudgel|p1a: Zamazenta|[anim] Ivy Cudgel Water
|-damage|p1a: Zamazenta|57/100
|
|upkeep
|turn|10
|
|t:|1760853129
|switch|p2a: Screen Goblin|Grimmsnarl, M|100/100
|move|p1a: Zamazenta|Close Combat|p2a: Screen Goblin
|-damage|p2a: Screen Goblin|31/100
|-unboost|p1a: Zamazenta|def|1
|-unboost|p1a: Zamazenta|spd|1
|-damage|p1a: Zamazenta|47/100|[from] item: Life Orb
|
|upkeep
|turn|11
|
|t:|1760853137
|move|p2a: Screen Goblin|Reflect|p2a: Screen Goblin
|-sidestart|p2: Obito 2001|Reflect
|move|p1a: Zamazenta|Close Combat|p2a: Screen Goblin
|-damage|p2a: Screen Goblin|0 fnt
|-unboost|p1a: Zamazenta|def|1
|-unboost|p1a: Zamazenta|spd|1
|faint|p2a: Screen Goblin
|-damage|p1a: Zamazenta|37/100|[from] item: Life Orb
|
|upkeep
|j| vywxiwjxjwk
|l| vywxiwjxjwk
|
|t:|1760853163
|switch|p2a: Huh-Yunjin💋|Comfey, F|100/100
|turn|12
|
|t:|1760853177
|switch|p1a: Zapdos|Zapdos|77/100
|move|p2a: Huh-Yunjin💋|Calm Mind|p2a: Huh-Yunjin💋
|-boost|p2a: Huh-Yunjin💋|spa|1
|-boost|p2a: Huh-Yunjin💋|spd|1
|
|upkeep
|turn|13
|
|t:|1760853182
|move|p1a: Zapdos|Hurricane|p2a: Huh-Yunjin💋
|-damage|p2a: Huh-Yunjin💋|83/100
|move|p2a: Huh-Yunjin💋|Calm Mind|p2a: Huh-Yunjin💋
|-boost|p2a: Huh-Yunjin💋|spa|1
|-boost|p2a: Huh-Yunjin💋|spd|1
|
|upkeep
|turn|14
|
|t:|1760853186
|move|p1a: Zapdos|Hurricane|p2a: Huh-Yunjin💋
|-damage|p2a: Huh-Yunjin💋|69/100
|move|p2a: Huh-Yunjin💋|Calm Mind|p2a: Huh-Yunjin💋
|-boost|p2a: Huh-Yunjin💋|spa|1
|-boost|p2a: Huh-Yunjin💋|spd|1
|
|-sideend|p2: Obito 2001|move: Light Screen
|upkeep
|turn|15
|
|t:|1760853190
|move|p1a: Zapdos|Hurricane|p2a: Huh-Yunjin💋|[miss]
|-miss|p1a: Zapdos|p2a: Huh-Yunjin💋
|move|p2a: Huh-Yunjin💋|Calm Mind|p2a: Huh-Yunjin💋
|-boost|p2a: Huh-Yunjin💋|spa|1
|-boost|p2a: Huh-Yunjin💋|spd|1
|
|upkeep
|turn|16
|
|t:|1760853196
|move|p1a: Zapdos|Hurricane|p2a: Huh-Yunjin💋|[miss]
|-miss|p1a: Zapdos|p2a: Huh-Yunjin💋
|move|p2a: Huh-Yunjin💋|Calm Mind|p2a: Huh-Yunjin💋
|-boost|p2a: Huh-Yunjin💋|spa|1
|-boost|p2a: Huh-Yunjin💋|spd|1
|
|upkeep
|turn|17
|
|t:|1760853201
|move|p1a: Zapdos|Hurricane|p2a: Huh-Yunjin💋|[miss]
|-miss|p1a: Zapdos|p2a: Huh-Yunjin💋
|move|p2a: Huh-Yunjin💋|Calm Mind|p2a: Huh-Yunjin💋
|-boost|p2a: Huh-Yunjin💋|spa|1
|-boost|p2a: Huh-Yunjin💋|spd|1
|
|upkeep
|turn|18
|
|t:|1760853204
|move|p2a: Huh-Yunjin💋|Draining Kiss|p1a: Zapdos
|-damage|p1a: Zapdos|7/100
|-heal|p2a: Huh-Yunjin💋|100/100|[from] drain|[of] p1a: Zapdos
|move|p1a: Zapdos|Hurricane|p2a: Huh-Yunjin💋
|-crit|p2a: Huh-Yunjin💋
|-damage|p2a: Huh-Yunjin💋|22/100
|
|-sideend|p2: Obito 2001|Reflect
|upkeep
|turn|19
|
|t:|1760853212
|move|p2a: Huh-Yunjin💋|Giga Drain|p1a: Zapdos
|-resisted|p1a: Zapdos
|-damage|p1a: Zapdos|0 fnt
|-heal|p2a: Huh-Yunjin💋|25/100|[from] drain|[of] p1a: Zapdos
|faint|p1a: Zapdos
|
|upkeep
|
|t:|1760853219
|switch|p1a: Kingambit|Kingambit, M|100/100
|-activate|p1a: Kingambit|ability: Supreme Overlord
|-start|p1a: Kingambit|fallen1|[silent]
|turn|20
|
|t:|1760853225
|-terastallize|p2a: Huh-Yunjin💋|Steel
|move|p2a: Huh-Yunjin💋|Draining Kiss|p1a: Kingambit
|-damage|p1a: Kingambit|16/100
|-heal|p2a: Huh-Yunjin💋|100/100|[from] drain|[of] p1a: Kingambit
|move|p1a: Kingambit|Iron Head|p2a: Huh-Yunjin💋
|-resisted|p2a: Huh-Yunjin💋
|-damage|p2a: Huh-Yunjin💋|71/100
|
|-heal|p1a: Kingambit|23/100|[from] item: Leftovers
|upkeep
|turn|21
|
|t:|1760853242
|move|p2a: Huh-Yunjin💋|Draining Kiss|p1a: Kingambit
|-crit|p1a: Kingambit
|-damage|p1a: Kingambit|0 fnt
|-heal|p2a: Huh-Yunjin💋|93/100|[from] drain|[of] p1a: Kingambit
|faint|p1a: Kingambit
|-end|p1a: Kingambit|fallen1|[silent]
|
|upkeep
|
|t:|1760853246
|switch|p1a: Kyurem|Kyurem|100/100
|-ability|p1a: Kyurem|Pressure
|turn|22
|
|t:|1760853252
|-terastallize|p1a: Kyurem|Fairy
|move|p1a: Kyurem|Earth Power|p2a: Huh-Yunjin💋
|-supereffective|p2a: Huh-Yunjin💋
|-damage|p2a: Huh-Yunjin💋|74/100
|move|p2a: Huh-Yunjin💋|Stored Power|p1a: Kyurem
|-damage|p1a: Kyurem|0 fnt
|faint|p1a: Kyurem
|
|upkeep
|-message|Lucid Coffee forfeited.
|
|win|Obito 2001
|raw|Lucid Coffee's rating: 1680 &rarr; <strong>1666</strong><br />(-14 for losing)
|raw|Obito 2001's rating: 1791 &rarr; <strong>1805</strong><br />(+14 for winning)
|l|‽Lucid Coffee
|player|p1|
|l|☆Obito 2001
|player|p2|
