|j|☆339357037621q
|j|☆chessontop
|t:|1760763000
|gametype|singles
|player|p1|339357037621q|102|1351
|player|p2|chessontop|unknownf|1315
|gen|9
|tier|[Gen 9] OU
|rated|
|rule|HP Percentage Mod: HP is shown in percentages
|rule|Endless Battle Clause: Forcing endless battles is banned
|rule|Species Clause: Limit one of each Pokémon
|rule|OHKO Clause: OHKO moves are banned
|rule|Evasion Items Clause: Evasion items are banned
|rule|Evasion Moves Clause: Evasion moves are banned
|rule|Evasion Abilities Clause: Evasion abilities are banned
|rule|Sleep Moves Clause: Sleep-inducing moves are banned
|clearpoke
|poke|p1|Pelipper, M|
|poke|p1|Greninja-*, M|
|poke|p1|Zapdos|
|poke|p1|Sandy Shocks|
|poke|p1|Scizor, F|
|poke|p1|Basculegion, M|
|poke|p2|Gholdengo|
|poke|p2|Great Tusk|
|poke|p2|Slowking-Galar, F|
|poke|p2|Zamazenta-*|
|poke|p2|Alomomola, M|
|poke|p2|Iron Valiant|
|teampreview
|inactive|Battle timer is ON: inactive players will automatically lose when time's up. (requested by chessontop)
|
|t:|1760763011
|teamsize|p1|6
|teamsize|p2|6
|start
|switch|p1a: Sandy Shocks|Sandy Shocks|100/100
|switch|p2a: Gholdengo|Gholdengo|100/100
|-enditem|p1a: Sandy Shocks|Booster Energy
|-activate|p1a: Sandy Shocks|ability: Protosynthesis|[fromitem]
|-start|p1a: Sandy Shocks|protosynthesisspe
|turn|1
|
|t:|1760763022
|-terastallize|p2a: Gholdengo|Fighting
|move|p1a: Sandy Shocks|Stealth Rock|p2a: Gholdengo
|-sidestart|p2: chessontop|move: Stealth Rock
|move|p2a: Gholdengo|Focus Blast|p1a: Sandy Shocks
|-damage|p1a: Sandy Shocks|0 fnt
|faint|p1a: Sandy Shocks
|-end|p1a: Sandy Shocks|Protosynthesis|[silent]
|
|upkeep
|
|t:|1760763037
|switch|p1a: Zapdos|Zapdos|100/100
|turn|2
|
|t:|1760763043
|switch|p2a: Slowking|Slowking-Galar, F|100/100
|move|p1a: Zapdos|U-turn|p2a: Slowking
|-damage|p2a: Slowking|86/100
|
|t:|1760763046
|switch|p1a: Scizor|Scizor, F|100/100|[from] U-turn
|
|upkeep
|turn|3
|
|t:|1760763052
|switch|p2a: Alomomola|Alomomola, M|100/100
|move|p1a: Scizor|U-turn|p2a: Alomomola
|-damage|p2a: Alomomola|79/100
|
|t:|1760763062
|switch|p1a: Pelipper|Pelipper, M|100/100|[from] U-turn
|-weather|RainDance|[from] ability: Drizzle|[of] p1a: Pelipper
|
|-weather|RainDance|[upkeep]
|upkeep
|turn|4
|
|t:|1760763071
|move|p1a: Pelipper|U-turn|p2a: Alomomola
|-damage|p2a: Alomomola|74/100
|
|t:|1760763083
|switch|p1a: Greninja|Greninja, M|100/100|[from] U-turn
|move|p2a: Alomomola|Flip Turn|p1a: Greninja
|-resisted|p1a: Greninja
|-damage|p1a: Greninja|82/100
|
|t:|1760763094
|switch|p2a: Slowking|Slowking-Galar, F|100/100|[from] Flip Turn
|
|-weather|RainDance|[upkeep]
|upkeep
|turn|5
|
|t:|1760763100
|move|p1a: Greninja|Dark Pulse|p2a: Slowking
|-supereffective|p2a: Slowking
|-damage|p2a: Slowking|45/100
|-damage|p1a: Greninja|72/100|[from] item: Life Orb
|move|p2a: Slowking|Thunder Wave|p1a: Greninja
|-status|p1a: Greninja|par
|
|-weather|RainDance|[upkeep]
|upkeep
|turn|6
|inactive|chessontop has 120 seconds left.
|
|t:|1760763132
|switch|p2a: Zamazenta|Zamazenta|100/100
|-ability|p2a: Zamazenta|Dauntless Shield|boost
|-boost|p2a: Zamazenta|def|1
|cant|p1a: Greninja|par
|
|-weather|RainDance|[upkeep]
|upkeep
|turn|7
|inactive|chessontop has 120 seconds left.
|
|t:|1760763147
|switch|p2a: Slowking|Slowking-Galar, F|78/100
|switch|p1a: Zapdos|Zapdos|100/100
|
|-weather|RainDance|[upkeep]
|upkeep
|turn|8
|
|t:|1760763154
|move|p1a: Zapdos|Thunder|p2a: Slowking
|-damage|p2a: Slowking|51/100
|-status|p2a: Slowking|par
|-prepare|p2a: Slowking|Chilly Reception|[premajor]
|cant|p2a: Slowking|par
|
|-weather|RainDance|[upkeep]
|upkeep
|turn|9
|
|t:|1760763163
|move|p1a: Zapdos|Hurricane|p2a: Slowking
|-damage|p2a: Slowking|23/100 par
|-prepare|p2a: Slowking|Chilly Reception|[premajor]
|move|p2a: Slowking|Chilly Reception|p2a: Slowking
|-weather|Snowscape
|
|t:|1760763175
|switch|p2a: Gholdengo|Gholdengo, tera:Fighting|100/100|[from] Chilly Reception
|-damage|p2a: Gholdengo|94/100|[from] Stealth Rock
|
|-weather|Snowscape|[upkeep]
|upkeep
|turn|10
|
|t:|1760763182
|switch|p1a: Greninja|Greninja, M|72/100 par
|move|p2a: Gholdengo|Shadow Ball|p1a: Greninja
|-resisted|p1a: Greninja
|-damage|p1a: Greninja|19/100 par
|
|-weather|Snowscape|[upkeep]
|upkeep
|turn|11
|
|t:|1760763189
|move|p1a: Greninja|Water Shuriken|p2a: Gholdengo
|-damage|p2a: Gholdengo|84/100
|-damage|p2a: Gholdengo|73/100
|-hitcount|p2a: Gholdengo|2
|-damage|p1a: Greninja|9/100 par|[from] item: Life Orb
|move|p2a: Gholdengo|Shadow Ball|p1a: Greninja
|-resisted|p1a: Greninja
|-damage|p1a: Greninja|0 fnt
|faint|p1a: Greninja
|
|-weather|Snowscape|[upkeep]
|upkeep
|
|t:|1760763198
|switch|p1a: Pelipper|Pelipper, M|100/100
|-weather|RainDance|[from] ability: Drizzle|[of] p1a: Pelipper
|turn|12
|
|t:|1760763209
|move|p2a: Gholdengo|Shadow Ball|p1a: Pelipper
|-damage|p1a: Pelipper|10/100
|move|p1a: Pelipper|U-turn|p2a: Gholdengo
|-resisted|p2a: Gholdengo
|-damage|p2a: Gholdengo|68/100
|
|t:|1760763212
|switch|p1a: Basculegion|Basculegion, M|100/100|[from] U-turn
|
|-weather|RainDance|[upkeep]
|upkeep
|turn|13
|
|t:|1760763222
|switch|p2a: Alomomola|Alomomola, M|100/100
|-terastallize|p1a: Basculegion|Water
|move|p1a: Basculegion|Wave Crash|p2a: Alomomola
|-resisted|p2a: Alomomola
|-damage|p2a: Alomomola|50/100
|-damage|p1a: Basculegion|77/100|[from] Recoil
|
|-weather|RainDance|[upkeep]
|upkeep
|turn|14
|
|t:|1760763240
|move|p2a: Alomomola|Protect|p2a: Alomomola
|-singleturn|p2a: Alomomola|Protect
|move|p1a: Basculegion|Wave Crash|p2a: Alomomola
|-activate|p2a: Alomomola|move: Protect
|
|-weather|RainDance|[upkeep]
|upkeep
|turn|15
|
|t:|1760763254
|move|p1a: Basculegion|Wave Crash|p2a: Alomomola
|-resisted|p2a: Alomomola
|-damage|p2a: Alomomola|3/100
|-damage|p1a: Basculegion|55/100|[from] Recoil
|move|p2a: Alomomola|Wish|p2a: Alomomola
|
|-weather|RainDance|[upkeep]
|upkeep
|turn|16
|
|t:|1760763261
|switch|p1a: Zapdos|Zapdos|100/100
|move|p2a: Alomomola|Protect||[still]
|-fail|p2a: Alomomola
|
|-weather|RainDance|[upkeep]
|-heal|p2a: Alomomola|53/100|[from] move: Wish|[wisher] Alomomola
|upkeep
|turn|17
|
|t:|1760763269
|move|p2a: Alomomola|Protect|p2a: Alomomola
|-singleturn|p2a: Alomomola|Protect
|move|p1a: Zapdos|Hurricane|p2a: Alomomola
|-activate|p2a: Alomomola|move: Protect
|
|-weather|RainDance|[upkeep]
|upkeep
|turn|18
|
|t:|1760763277
|switch|p2a: Slowking|Slowking-Galar, F|56/100 par
|move|p1a: Zapdos|Hurricane|p2a: Slowking
|-damage|p2a: Slowking|29/100 par
|
|-weather|RainDance|[upkeep]
|upkeep
|turn|19
|
|t:|1760763300
|move|p1a: Zapdos|U-turn|p2a: Slowking
|-damage|p2a: Slowking|15/100 par
|
|t:|1760763302
|switch|p1a: Scizor|Scizor, F|100/100|[from] U-turn
|-prepare|p2a: Slowking|Chilly Reception|[premajor]
|move|p2a: Slowking|Chilly Reception|p2a: Slowking
|-weather|Snowscape
|
|t:|1760763314
|switch|p2a: Great Tusk|Great Tusk|100/100|[from] Chilly Reception
|
|-weather|Snowscape|[upkeep]
|upkeep
|turn|20
|
|t:|1760763320
|move|p2a: Great Tusk|Stealth Rock|p1a: Scizor
|-sidestart|p1: 339357037621q|move: Stealth Rock
|move|p1a: Scizor|U-turn|p2a: Great Tusk
|-resisted|p2a: Great Tusk
|-damage|p2a: Great Tusk|86/100
|
|t:|1760763324
|switch|p1a: Zapdos|Zapdos|100/100|[from] U-turn
|
|-weather|Snowscape|[upkeep]
|upkeep
|turn|21
|
|t:|1760763342
|-end|p2a: Great Tusk|Protosynthesis|[silent]
|switch|p2a: Slowking|Slowking-Galar, F|48/100 par
|move|p1a: Zapdos|U-turn|p2a: Slowking
|-damage|p2a: Slowking|35/100 par
|
|t:|1760763344
|switch|p1a: Scizor|Scizor, F|100/100|[from] U-turn
|-damage|p1a: Scizor|88/100|[from] Stealth Rock
|
|-weather|Snowscape|[upkeep]
|upkeep
|turn|22
|
|t:|1760763363
|switch|p2a: Alomomola|Alomomola, M|86/100
|move|p1a: Scizor|U-turn|p2a: Alomomola
|-damage|p2a: Alomomola|66/100
|
|t:|1760763365
|switch|p1a: Zapdos|Zapdos|100/100|[from] U-turn
|
|-weather|Snowscape|[upkeep]
|upkeep
|turn|23
|
|t:|1760763372
|switch|p2a: Slowking|Slowking-Galar, F|68/100 par
|move|p1a: Zapdos|Thunder|p2a: Slowking
|-damage|p2a: Slowking|43/100 par
|
|-weather|none
|upkeep
|turn|24
|inactive|339357037621q has 120 seconds left.
|
|t:|1760763429
|move|p1a: Zapdos|Roost||[still]
|-fail|p1a: Zapdos|heal
|-prepare|p2a: Slowking|Chilly Reception|[premajor]
|move|p2a: Slowking|Chilly Reception|p2a: Slowking
|-weather|Snowscape
|
|t:|1760763435
|switch|p2a: Iron Valiant|Iron Valiant|100/100|[from] Chilly Reception
|
|-weather|Snowscape|[upkeep]
|upkeep
|turn|25
|
|t:|1760763440
|move|p2a: Iron Valiant|Encore|p1a: Zapdos
|-start|p1a: Zapdos|Encore
|move|p1a: Zapdos|Roost||[still]
|-fail|p1a: Zapdos|heal
|
|-weather|Snowscape|[upkeep]
|upkeep
|turn|26
|-message|339357037621q forfeited.
|
|win|chessontop
|raw|339357037621q's rating: 1351 &rarr; <strong>1329</strong><br />(-22 for losing)
|raw|chessontop's rating: 1315 &rarr; <strong>1337</strong><br />(+22 for winning)
