|j|☆Acornion
|j|☆jojosworld
|t:|1760827487
|gametype|singles
|player|p1|Acornion|n|1413
|player|p2|jojosworld|cynthia|1466
|gen|9
|tier|[Gen 9] OU
|rated|
|rule|HP Percentage Mod: HP is shown in percentages
|rule|Endless Battle Clause: Forcing endless battles is banned
|rule|Species Clause: Limit one of each Pokémon
|rule|OHKO Clause: OHKO moves are banned
|rule|Evasion Items Clause: Evasion items are banned
|rule|Evasion Moves Clause: Evasion moves are banned
|rule|Evasion Abilities Clause: Evasion abilities are banned
|rule|Sleep Moves Clause: Sleep-inducing moves are banned
|clearpoke
|poke|p1|Tyranitar, M|
|poke|p1|Rillaboom, M|
|poke|p1|Moltres|
|poke|p1|Great Tusk|
|poke|p1|Tinkaton, F|
|poke|p1|Dragapult, F|
|poke|p2|Dragapult, F|
|poke|p2|Alomomola, F|
|poke|p2|Clodsire, F|
|poke|p2|Corviknight, F|
|poke|p2|Fezandipiti, M|
|poke|p2|Incineroar, F|
|teampreview
|inactive|Battle timer is ON: inactive players will automatically lose when time's up. (requested by jojosworld)
|inactive|Acornion also wants the timer to be on.
|
|t:|1760827499
|teamsize|p1|6
|teamsize|p2|6
|start
|switch|p1a: Rillaboom|Rillaboom, M|100/100
|switch|p2a: Fezandipiti|Fezandipiti, M|100/100
|-fieldstart|move: Grassy Terrain|[from] ability: Grassy Surge|[of] p1a: Rillaboom
|turn|1
|
|t:|1760827515
|switch|p1a: Moltres|Moltres|100/100
|move|p2a: Fezandipiti|Beat Up|p1a: Moltres
|-damage|p1a: Moltres|98/100
|-damage|p1a: Moltres|96/100
|-status|p1a: Moltres|tox|[from] ability: Toxic Chain|[of] p2a: Fezandipiti
|-damage|p1a: Moltres|93/100 tox
|-damage|p1a: Moltres|91/100 tox
|-damage|p1a: Moltres|88/100 tox
|-crit|p1a: Moltres
|-damage|p1a: Moltres|84/100 tox
|-hitcount|p1a: Moltres|6
|
|-damage|p1a: Moltres|78/100 tox|[from] psn
|upkeep
|turn|2
|
|t:|1760827525
|switch|p2a: Alomomola|Alomomola, F, shiny|100/100
|move|p1a: Moltres|U-turn|p2a: Alomomola
|-damage|p2a: Alomomola|93/100
|
|t:|1760827527
|switch|p1a: Rillaboom|Rillaboom, M|100/100|[from] U-turn
|
|-heal|p2a: Alomomola|99/100|[from] Grassy Terrain
|upkeep
|turn|3
|
|t:|1760827532
|switch|p2a: Corviknight|Corviknight, F, shiny|100/100
|-ability|p2a: Corviknight|Pressure
|move|p1a: Rillaboom|Knock Off|p2a: Corviknight
|-damage|p2a: Corviknight|82/100
|-damage|p1a: Rillaboom|84/100|[from] item: Rocky Helmet|[of] p2a: Corviknight
|-enditem|p2a: Corviknight|Rocky Helmet|[from] move: Knock Off|[of] p1a: Rillaboom
|
|-heal|p1a: Rillaboom|90/100|[from] Grassy Terrain
|-heal|p1a: Rillaboom|97/100|[from] item: Leftovers
|upkeep
|turn|4
|
|t:|1760827534
|switch|p1a: Moltres|Moltres|78/100 tox
|move|p2a: Corviknight|U-turn|p1a: Moltres
|-resisted|p1a: Moltres
|-damage|p1a: Moltres|75/100 tox
|
|t:|1760827537
|switch|p2a: Alomomola|Alomomola, F, shiny|100/100|[from] U-turn
|
|-damage|p1a: Moltres|69/100 tox|[from] psn
|upkeep
|turn|5
|
|t:|1760827538
|move|p1a: Moltres|U-turn|p2a: Alomomola
|-damage|p2a: Alomomola|93/100
|
|t:|1760827542
|switch|p1a: Rillaboom|Rillaboom, M|97/100|[from] U-turn
|move|p2a: Alomomola|Flip Turn|p1a: Rillaboom
|-resisted|p1a: Rillaboom
|-damage|p1a: Rillaboom|90/100
|
|t:|1760827547
|switch|p2a: Fezandipiti|Fezandipiti, M|100/100|[from] Flip Turn
|
|-heal|p1a: Rillaboom|96/100|[from] Grassy Terrain
|-heal|p1a: Rillaboom|100/100|[from] item: Leftovers
|-fieldend|move: Grassy Terrain
|upkeep
|turn|6
|
|t:|1760827549
|switch|p1a: Tinkaton|Tinkaton, F|100/100
|-ability|p1a: Tinkaton|Mold Breaker
|move|p2a: Fezandipiti|Beat Up|p1a: Tinkaton
|-resisted|p1a: Tinkaton
|-damage|p1a: Tinkaton|98/100
|-resisted|p1a: Tinkaton
|-damage|p1a: Tinkaton|96/100
|-resisted|p1a: Tinkaton
|-damage|p1a: Tinkaton|94/100
|-resisted|p1a: Tinkaton
|-damage|p1a: Tinkaton|92/100
|-resisted|p1a: Tinkaton
|-damage|p1a: Tinkaton|89/100
|-resisted|p1a: Tinkaton
|-damage|p1a: Tinkaton|87/100
|-hitcount|p1a: Tinkaton|6
|
|upkeep
|turn|7
|
|t:|1760827552
|switch|p2a: Alomomola|Alomomola, F, shiny|100/100
|move|p1a: Tinkaton|Thunder Wave|p2a: Alomomola
|-status|p2a: Alomomola|par
|
|upkeep
|turn|8
|
|t:|1760827554
|move|p1a: Tinkaton|Knock Off|p2a: Alomomola
|-damage|p2a: Alomomola|88/100 par
|-enditem|p2a: Alomomola|Heavy-Duty Boots|[from] move: Knock Off|[of] p1a: Tinkaton
|move|p2a: Alomomola|Flip Turn|p1a: Tinkaton
|-damage|p1a: Tinkaton|64/100
|
|t:|1760827563
|switch|p2a: Incineroar|Incineroar, F, shiny|100/100|[from] Flip Turn
|-ability|p2a: Incineroar|Intimidate|boost
|-unboost|p1a: Tinkaton|atk|1
|
|upkeep
|turn|9
|
|t:|1760827568
|switch|p1a: Great Tusk|Great Tusk|100/100
|switch|p2a: Alomomola|Alomomola, F, shiny|100/100 par
|
|upkeep
|turn|10
|
|t:|1760827573
|-end|p1a: Great Tusk|Protosynthesis|[silent]
|switch|p1a: Rillaboom|Rillaboom, M|100/100
|-fieldstart|move: Grassy Terrain|[from] ability: Grassy Surge|[of] p1a: Rillaboom
|move|p2a: Alomomola|Scald|p1a: Rillaboom
|-resisted|p1a: Rillaboom
|-crit|p1a: Rillaboom
|-damage|p1a: Rillaboom|89/100
|
|-heal|p1a: Rillaboom|96/100|[from] Grassy Terrain
|-heal|p1a: Rillaboom|100/100|[from] item: Leftovers
|upkeep
|turn|11
|
|t:|1760827577
|switch|p2a: Corviknight|Corviknight, F, shiny|82/100
|-ability|p2a: Corviknight|Pressure
|move|p1a: Rillaboom|Grassy Glide|p2a: Corviknight
|-resisted|p2a: Corviknight
|-damage|p2a: Corviknight|77/100
|
|upkeep
|turn|12
|
|t:|1760827580
|move|p1a: Rillaboom|U-turn|p2a: Corviknight
|-resisted|p2a: Corviknight
|-damage|p2a: Corviknight|74/100
|
|t:|1760827582
|switch|p1a: Moltres|Moltres|69/100 tox|[from] U-turn
|move|p2a: Corviknight|U-turn|p1a: Moltres
|-resisted|p1a: Moltres
|-damage|p1a: Moltres|67/100 tox
|-status|p2a: Corviknight|brn|[from] ability: Flame Body|[of] p1a: Moltres
|
|t:|1760827588
|switch|p2a: Alomomola|Alomomola, F, shiny|100/100 par|[from] U-turn
|
|-damage|p1a: Moltres|61/100 tox|[from] psn
|upkeep
|turn|13
|
|t:|1760827590
|move|p1a: Moltres|U-turn|p2a: Alomomola
|-damage|p2a: Alomomola|92/100 par
|
|t:|1760827592
|switch|p1a: Rillaboom|Rillaboom, M|100/100|[from] U-turn
|move|p2a: Alomomola|Flip Turn|p1a: Rillaboom
|-resisted|p1a: Rillaboom
|-damage|p1a: Rillaboom|94/100
|
|t:|1760827594
|switch|p2a: Fezandipiti|Fezandipiti, M|100/100|[from] Flip Turn
|
|-heal|p1a: Rillaboom|100/100|[from] Grassy Terrain
|upkeep
|turn|14
|
|t:|1760827597
|switch|p1a: Tinkaton|Tinkaton, F|64/100
|-ability|p1a: Tinkaton|Mold Breaker
|move|p2a: Fezandipiti|Beat Up|p1a: Tinkaton
|-resisted|p1a: Tinkaton
|-damage|p1a: Tinkaton|62/100
|-resisted|p1a: Tinkaton
|-damage|p1a: Tinkaton|60/100
|-resisted|p1a: Tinkaton
|-crit|p1a: Tinkaton
|-damage|p1a: Tinkaton|55/100
|-resisted|p1a: Tinkaton
|-damage|p1a: Tinkaton|53/100
|-hitcount|p1a: Tinkaton|4
|
|-heal|p1a: Tinkaton|59/100|[from] Grassy Terrain
|-fieldend|move: Grassy Terrain
|upkeep
|turn|15
|
|t:|1760827600
|switch|p2a: Alomomola|Alomomola, F, shiny|100/100 par
|move|p1a: Tinkaton|Gigaton Hammer|p2a: Alomomola
|-resisted|p2a: Alomomola
|-damage|p2a: Alomomola|86/100 par
|
|upkeep
|turn|16
|
|t:|1760827602
|move|p1a: Tinkaton|Knock Off|p2a: Alomomola
|-damage|p2a: Alomomola|77/100 par
|move|p2a: Alomomola|Flip Turn|p1a: Tinkaton
|-damage|p1a: Tinkaton|38/100
|
|t:|1760827606
|switch|p2a: Dragapult|Dragapult, F, shiny|100/100|[from] Flip Turn
|
|upkeep
|turn|17
|
|t:|1760827609
|switch|p1a: Tyranitar|Tyranitar, M|100/100
|-weather|Sandstorm|[from] ability: Sand Stream|[of] p1a: Tyranitar
|move|p2a: Dragapult|Dragon Darts|p1a: Tyranitar
|-crit|p1a: Tyranitar
|-damage|p1a: Tyranitar|51/100
|-anim|p2a: Dragapult|Dragon Darts|p1a: Tyranitar
|-damage|p1a: Tyranitar|19/100
|
|-weather|Sandstorm|[upkeep]
|-damage|p2a: Dragapult|95/100|[from] Sandstorm
|-heal|p1a: Tyranitar|25/100|[from] item: Leftovers
|upkeep
|turn|18
|
|t:|1760827612
|move|p2a: Dragapult|Dragon Darts|p1a: Tyranitar
|-damage|p1a: Tyranitar|0 fnt
|faint|p1a: Tyranitar
|
|-weather|Sandstorm|[upkeep]
|-damage|p2a: Dragapult|89/100|[from] Sandstorm
|upkeep
|
|t:|1760827613
|switch|p1a: Tinkaton|Tinkaton, F|38/100
|-ability|p1a: Tinkaton|Mold Breaker
|turn|19
|
|t:|1760827614
|switch|p2a: Alomomola|Alomomola, F, shiny|100/100 par
|move|p1a: Tinkaton|Play Rough|p2a: Alomomola
|-damage|p2a: Alomomola|82/100 par
|
|-weather|Sandstorm|[upkeep]
|-damage|p2a: Alomomola|76/100 par|[from] Sandstorm
|upkeep
|turn|20
|
|t:|1760827616
|switch|p1a: Great Tusk|Great Tusk|100/100
|move|p2a: Alomomola|Flip Turn|p1a: Great Tusk
|-supereffective|p1a: Great Tusk
|-crit|p1a: Great Tusk
|-damage|p1a: Great Tusk|68/100
|
|t:|1760827621
|switch|p2a: Dragapult|Dragapult, F, shiny|89/100|[from] Flip Turn
|
|-weather|Sandstorm|[upkeep]
|-damage|p2a: Dragapult|83/100|[from] Sandstorm
|-heal|p1a: Great Tusk|75/100|[from] item: Leftovers
|upkeep
|turn|21
|
|t:|1760827630
|move|p2a: Dragapult|U-turn|p1a: Great Tusk
|-resisted|p1a: Great Tusk
|-damage|p1a: Great Tusk|62/100
|
|t:|1760827632
|switch|p2a: Alomomola|Alomomola, F, shiny|100/100 par|[from] U-turn
|move|p1a: Great Tusk|Headlong Rush|p2a: Alomomola
|-damage|p2a: Alomomola|68/100 par
|-unboost|p1a: Great Tusk|def|1
|-unboost|p1a: Great Tusk|spd|1
|
|-weather|none
|-heal|p1a: Great Tusk|68/100|[from] item: Leftovers
|upkeep
|turn|22
|
|t:|1760827634
|-end|p1a: Great Tusk|Protosynthesis|[silent]
|switch|p1a: Rillaboom|Rillaboom, M|100/100
|-fieldstart|move: Grassy Terrain|[from] ability: Grassy Surge|[of] p1a: Rillaboom
|cant|p2a: Alomomola|par
|
|-heal|p2a: Alomomola|74/100 par|[from] Grassy Terrain
|upkeep
|turn|23
|
|t:|1760827638
|switch|p2a: Corviknight|Corviknight, F, shiny|74/100 brn
|-ability|p2a: Corviknight|Pressure
|move|p1a: Rillaboom|U-turn|p2a: Corviknight
|-resisted|p2a: Corviknight
|-damage|p2a: Corviknight|71/100 brn
|
|t:|1760827640
|switch|p1a: Moltres|Moltres|61/100 tox|[from] U-turn
|
|-damage|p1a: Moltres|55/100 tox|[from] psn
|-damage|p2a: Corviknight|64/100 brn|[from] brn
|upkeep
|turn|24
|
|t:|1760827643
|switch|p2a: Alomomola|Alomomola, F, shiny|100/100 par
|move|p1a: Moltres|Roost|p1a: Moltres
|-heal|p1a: Moltres|100/100 tox
|-singleturn|p1a: Moltres|move: Roost
|
|-damage|p1a: Moltres|88/100 tox|[from] psn
|upkeep
|turn|25
|
|t:|1760827645
|switch|p1a: Dragapult|Dragapult, F|100/100
|move|p2a: Alomomola|Flip Turn|p1a: Dragapult
|-resisted|p1a: Dragapult
|-damage|p1a: Dragapult|92/100
|
|t:|1760827647
|switch|p2a: Fezandipiti|Fezandipiti, M|100/100|[from] Flip Turn
|
|-heal|p1a: Dragapult|98/100|[from] Grassy Terrain
|-heal|p1a: Dragapult|100/100|[from] item: Leftovers
|upkeep
|turn|26
|
|t:|1760827649
|move|p1a: Dragapult|Protect|p1a: Dragapult
|-singleturn|p1a: Dragapult|Protect
|move|p2a: Fezandipiti|Beat Up|p1a: Dragapult
|-activate|p1a: Dragapult|move: Protect
|
|-fieldend|move: Grassy Terrain
|upkeep
|turn|27
|
|t:|1760827651
|move|p1a: Dragapult|Disable|p2a: Fezandipiti
|-start|p2a: Fezandipiti|Disable|Beat Up
|cant|p2a: Fezandipiti|Disable|Beat Up
|
|upkeep
|turn|28
|
|t:|1760827653
|move|p1a: Dragapult|Substitute|p1a: Dragapult
|-start|p1a: Dragapult|Substitute
|-damage|p1a: Dragapult|76/100
|move|p2a: Fezandipiti|Play Rough|p1a: Dragapult
|-supereffective|p1a: Dragapult
|-end|p1a: Dragapult|Substitute
|
|-heal|p1a: Dragapult|82/100|[from] item: Leftovers
|upkeep
|turn|29
|
|t:|1760827656
|switch|p1a: Tinkaton|Tinkaton, F|38/100
|-ability|p1a: Tinkaton|Mold Breaker
|move|p2a: Fezandipiti|Play Rough|p1a: Tinkaton
|-resisted|p1a: Tinkaton
|-damage|p1a: Tinkaton|17/100
|
|upkeep
|turn|30
|
|t:|1760827658
|switch|p2a: Alomomola|Alomomola, F, shiny|100/100 par
|move|p1a: Tinkaton|Gigaton Hammer|p2a: Alomomola
|-resisted|p2a: Alomomola
|-damage|p2a: Alomomola|85/100 par
|
|upkeep
|turn|31
|-message|Acornion forfeited.
|
|win|jojosworld
|raw|Acornion's rating: 1413 &rarr; <strong>1396</strong><br />(-17 for losing)
|raw|jojosworld's rating: 1466 &rarr; <strong>1483</strong><br />(+17 for winning)
|l|☆Acornion
|player|p1|
