|j|‽Lord Spink
|j|☆Chefcuz
|t:|1760786277
|gametype|singles
|player|p1|Lord Spink|clown|1286
|player|p2|Chefcuz|ruinmaniac|1233
|gen|9
|tier|[Gen 9] OU
|rated|
|rule|HP Percentage Mod: HP is shown in percentages
|rule|Endless Battle Clause: Forcing endless battles is banned
|rule|Species Clause: Limit one of each Pokémon
|rule|OHKO Clause: OHKO moves are banned
|rule|Evasion Items Clause: Evasion items are banned
|rule|Evasion Moves Clause: Evasion moves are banned
|rule|Evasion Abilities Clause: Evasion abilities are banned
|rule|Sleep Moves Clause: Sleep-inducing moves are banned
|clearpoke
|poke|p1|Hatterene, F|
|poke|p1|Samurott-Hisui, M|
|poke|p1|Glimmora, F|
|poke|p1|Arcanine, M|
|poke|p1|Lucario, F|
|poke|p1|Dusknoir, M|
|poke|p2|Okidogi, M|
|poke|p2|Moltres|
|poke|p2|Great Tusk|
|poke|p2|Iron Crown|
|poke|p2|Primarina, F|
|poke|p2|Kyurem|
|teampreview
|inactive|Battle timer is ON: inactive players will automatically lose when time's up. (requested by Lord Spink)
|
|t:|1760786294
|teamsize|p1|6
|teamsize|p2|6
|start
|switch|p1a: Hatterene|Hatterene, F|100/100
|switch|p2a: Okidogi|Okidogi, M|100/100
|turn|1
|
|t:|1760786318
|switch|p2a: Iron Crown|Iron Crown|100/100
|move|p1a: Hatterene|Future Sight|p2a: Iron Crown
|-start|p1a: Hatterene|move: Future Sight
|
|upkeep
|turn|2
|
|t:|1760786327
|-terastallize|p1a: Hatterene|Fire
|move|p2a: Iron Crown|Tachyon Cutter|p1a: Hatterene
|-resisted|p1a: Hatterene
|-damage|p1a: Hatterene|91/100
|-resisted|p1a: Hatterene
|-damage|p1a: Hatterene|83/100
|-hitcount|p1a: Hatterene|2
|move|p1a: Hatterene|Mystical Fire|p2a: Iron Crown
|-supereffective|p2a: Iron Crown
|-damage|p2a: Iron Crown|39/100
|-unboost|p2a: Iron Crown|spa|1
|
|upkeep
|turn|3
|
|t:|1760786341
|move|p2a: Iron Crown|Volt Switch|p1a: Hatterene
|-damage|p1a: Hatterene|72/100
|
|t:|1760786347
|-end|p2a: Iron Crown|Quark Drive|[silent]
|switch|p2a: Primarina|Primarina, F|100/100|[from] Volt Switch
|move|p1a: Hatterene|Mystical Fire|p2a: Primarina
|-resisted|p2a: Primarina
|-crit|p2a: Primarina
|-damage|p2a: Primarina|76/100
|-unboost|p2a: Primarina|spa|1
|
|-end|p2a: Primarina|move: Future Sight
|-damage|p2a: Primarina|24/100
|-heal|p2a: Primarina|30/100|[from] item: Leftovers
|upkeep
|turn|4
|
|t:|1760786369
|switch|p1a: Samurott|Samurott-Hisui, M|100/100
|move|p2a: Primarina|Psychic Noise|p1a: Samurott
|-resisted|p1a: Samurott
|-damage|p1a: Samurott|86/100
|-start|p1a: Samurott|move: Heal Block
|
|-heal|p2a: Primarina|36/100|[from] item: Leftovers
|upkeep
|turn|5
|inactive|Chefcuz has 120 seconds left.
|
|t:|1760786400
|move|p1a: Samurott|Ceaseless Edge|p2a: Primarina
|-resisted|p2a: Primarina
|-crit|p2a: Primarina
|-damage|p2a: Primarina|5/100
|-sidestart|p2: Chefcuz|Spikes
|move|p2a: Primarina|Draining Kiss|p1a: Samurott
|-supereffective|p1a: Samurott
|-crit|p1a: Samurott
|-damage|p1a: Samurott|0 fnt
|-heal|p2a: Primarina|62/100|[from] drain|[of] p1a: Samurott
|faint|p1a: Samurott
|
|-heal|p2a: Primarina|68/100|[from] item: Leftovers
|upkeep
|
|t:|1760786412
|switch|p1a: Lucario|Lucario, F|100/100
|turn|6
|
|t:|1760786421
|move|p1a: Lucario|Flash Cannon|p2a: Primarina
|-damage|p2a: Primarina|40/100
|move|p2a: Primarina|Draining Kiss|p1a: Lucario
|-damage|p1a: Lucario|76/100
|-heal|p2a: Primarina|54/100|[from] drain|[of] p1a: Lucario
|
|-heal|p2a: Primarina|60/100|[from] item: Leftovers
|upkeep
|turn|7
|
|t:|1760786430
|move|p1a: Lucario|Flash Cannon|p2a: Primarina
|-damage|p2a: Primarina|31/100
|move|p2a: Primarina|Calm Mind|p2a: Primarina
|-boost|p2a: Primarina|spa|1
|-boost|p2a: Primarina|spd|1
|
|-heal|p2a: Primarina|37/100|[from] item: Leftovers
|upkeep
|turn|8
|
|t:|1760786438
|move|p1a: Lucario|Flash Cannon|p2a: Primarina
|-damage|p2a: Primarina|19/100
|move|p2a: Primarina|Draining Kiss|p1a: Lucario
|-damage|p1a: Lucario|40/100
|-heal|p2a: Primarina|40/100|[from] drain|[of] p1a: Lucario
|
|-heal|p2a: Primarina|46/100|[from] item: Leftovers
|upkeep
|turn|9
|
|t:|1760786448
|switch|p1a: Arcanine|Arcanine, M|100/100
|-ability|p1a: Arcanine|Intimidate|boost
|-unboost|p2a: Primarina|atk|1
|move|p2a: Primarina|Draining Kiss|p1a: Arcanine
|-resisted|p1a: Arcanine
|-crit|p1a: Arcanine
|-damage|p1a: Arcanine|85/100
|-heal|p2a: Primarina|58/100|[from] drain|[of] p1a: Arcanine
|
|-heal|p2a: Primarina|64/100|[from] item: Leftovers
|upkeep
|turn|10
|
|t:|1760786459
|move|p1a: Arcanine|Wild Charge|p2a: Primarina
|-supereffective|p2a: Primarina
|-damage|p2a: Primarina|0 fnt
|faint|p2a: Primarina
|-damage|p1a: Arcanine|70/100|[from] Recoil
|
|upkeep
|
|t:|1760786470
|switch|p2a: Great Tusk|Great Tusk|100/100
|turn|11
|
|t:|1760786477
|switch|p1a: Lucario|Lucario, F|40/100
|move|p2a: Great Tusk|Rapid Spin|p1a: Lucario
|-resisted|p1a: Lucario
|-damage|p1a: Lucario|29/100
|-boost|p2a: Great Tusk|spe|1
|-sideend|p2: Chefcuz|Spikes|[from] move: Rapid Spin|[of] p2a: Great Tusk
|
|upkeep
|turn|12
|
|t:|1760786490
|move|p1a: Lucario|Vacuum Wave|p2a: Great Tusk
|-damage|p2a: Great Tusk|75/100
|move|p2a: Great Tusk|Temper Flare|p1a: Lucario
|-supereffective|p1a: Lucario
|-damage|p1a: Lucario|0 fnt
|faint|p1a: Lucario
|
|upkeep
|
|t:|1760786501
|switch|p1a: Dusknoir|Dusknoir, M|100/100
|-item|p2a: Great Tusk|Heavy-Duty Boots|[from] ability: Frisk|[of] p1a: Dusknoir
|turn|13
|
|t:|1760786509
|move|p2a: Great Tusk|Headlong Rush|p1a: Dusknoir
|-damage|p1a: Dusknoir|52/100
|-unboost|p2a: Great Tusk|def|1
|-unboost|p2a: Great Tusk|spd|1
|move|p1a: Dusknoir|Ice Punch|p2a: Great Tusk
|-supereffective|p2a: Great Tusk
|-damage|p2a: Great Tusk|25/100
|-status|p2a: Great Tusk|frz
|
|upkeep
|turn|14
|
|t:|1760786519
|-end|p2a: Great Tusk|Protosynthesis|[silent]
|switch|p2a: Moltres|Moltres|100/100
|move|p1a: Dusknoir|Poltergeist|p2a: Moltres
|-activate|p2a: Moltres|move: Poltergeist|Heavy-Duty Boots
|-damage|p2a: Moltres|63/100
|
|upkeep
|turn|15
|
|t:|1760786529
|switch|p1a: Hatterene|Hatterene, F, tera:Fire|72/100
|move|p2a: Moltres|Roost|p2a: Moltres
|-heal|p2a: Moltres|100/100
|-singleturn|p2a: Moltres|move: Roost
|
|upkeep
|turn|16
|
|t:|1760786537
|move|p2a: Moltres|U-turn|p1a: Hatterene
|-resisted|p1a: Hatterene
|-damage|p1a: Hatterene|63/100
|
|t:|1760786547
|switch|p2a: Iron Crown|Iron Crown|39/100|[from] U-turn
|move|p1a: Hatterene|Future Sight|p2a: Iron Crown
|-start|p1a: Hatterene|move: Future Sight
|
|upkeep
|turn|17
|
|t:|1760786563
|move|p2a: Iron Crown|Volt Switch|p1a: Hatterene
|-damage|p1a: Hatterene|48/100
|
|t:|1760786566
|-end|p2a: Iron Crown|Quark Drive|[silent]
|switch|p2a: Moltres|Moltres|100/100|[from] Volt Switch
|move|p1a: Hatterene|Mystical Fire|p2a: Moltres
|-resisted|p2a: Moltres
|-damage|p2a: Moltres|78/100
|-unboost|p2a: Moltres|spa|1
|
|upkeep
|turn|18
|
|t:|1760786577
|move|p2a: Moltres|Roost|p2a: Moltres
|-heal|p2a: Moltres|100/100
|-singleturn|p2a: Moltres|move: Roost
|move|p1a: Hatterene|Draining Kiss|p2a: Moltres
|-resisted|p2a: Moltres
|-damage|p2a: Moltres|85/100
|-heal|p1a: Hatterene|62/100|[from] drain|[of] p2a: Moltres
|
|-end|p2a: Moltres|move: Future Sight
|-damage|p2a: Moltres|6/100
|upkeep
|turn|19
|
|t:|1760786591
|switch|p2a: Kyurem|Kyurem|100/100
|-ability|p2a: Kyurem|Pressure
|move|p1a: Hatterene|Draining Kiss|p2a: Kyurem
|-supereffective|p2a: Kyurem
|-damage|p2a: Kyurem|42/100
|-heal|p1a: Hatterene|100/100|[from] drain|[of] p2a: Kyurem
|
|-heal|p2a: Kyurem|48/100|[from] item: Leftovers
|upkeep
|turn|20
|
|t:|1760786602
|move|p2a: Kyurem|Protect|p2a: Kyurem
|-singleturn|p2a: Kyurem|Protect
|move|p1a: Hatterene|Draining Kiss|p2a: Kyurem
|-activate|p2a: Kyurem|move: Protect
|
|-heal|p2a: Kyurem|54/100|[from] item: Leftovers
|upkeep
|turn|21
|
|t:|1760786610
|-terastallize|p2a: Kyurem|Ground
|move|p2a: Kyurem|Earth Power|p1a: Hatterene
|-supereffective|p1a: Hatterene
|-damage|p1a: Hatterene|38/100
|move|p1a: Hatterene|Draining Kiss|p2a: Kyurem
|-damage|p2a: Kyurem|28/100
|-heal|p1a: Hatterene|62/100|[from] drain|[of] p2a: Kyurem
|
|-heal|p2a: Kyurem|35/100|[from] item: Leftovers
|upkeep
|turn|22
|
|t:|1760786626
|move|p2a: Kyurem|Protect|p2a: Kyurem
|-singleturn|p2a: Kyurem|Protect
|move|p1a: Hatterene|Giga Drain|p2a: Kyurem
|-activate|p2a: Kyurem|move: Protect
|
|-heal|p2a: Kyurem|41/100|[from] item: Leftovers
|upkeep
|turn|23
|
|t:|1760786634
|move|p2a: Kyurem|Earth Power|p1a: Hatterene
|-supereffective|p1a: Hatterene
|-damage|p1a: Hatterene|0 fnt
|faint|p1a: Hatterene
|
|-heal|p2a: Kyurem|47/100|[from] item: Leftovers
|upkeep
|
|t:|1760786642
|switch|p1a: Dusknoir|Dusknoir, M|52/100
|-item|p2a: Kyurem|Leftovers|[from] ability: Frisk|[of] p1a: Dusknoir
|turn|24
|
|t:|1760786647
|move|p2a: Kyurem|Protect|p2a: Kyurem
|-singleturn|p2a: Kyurem|Protect
|move|p1a: Dusknoir|Ice Punch|p2a: Kyurem
|-activate|p2a: Kyurem|move: Protect
|
|-heal|p2a: Kyurem|53/100|[from] item: Leftovers
|upkeep
|turn|25
|inactive|Chefcuz has 120 seconds left.
|
|t:|1760786686
|switch|p2a: Great Tusk|Great Tusk|25/100 frz
|move|p1a: Dusknoir|Ice Punch|p2a: Great Tusk
|-supereffective|p2a: Great Tusk
|-damage|p2a: Great Tusk|0 fnt
|faint|p2a: Great Tusk
|-end|p2a: Great Tusk|Protosynthesis|[silent]
|
|upkeep
|
|t:|1760786692
|switch|p2a: Okidogi|Okidogi, M|100/100
|turn|26
|
|t:|1760786699
|move|p2a: Okidogi|Bulk Up|p2a: Okidogi
|-boost|p2a: Okidogi|atk|1
|-boost|p2a: Okidogi|def|1
|move|p1a: Dusknoir|Earthquake|p2a: Okidogi
|-supereffective|p2a: Okidogi
|-damage|p2a: Okidogi|56/100
|
|upkeep
|turn|27
|
|t:|1760786707
|move|p2a: Okidogi|Knock Off|p1a: Dusknoir
|-supereffective|p1a: Dusknoir
|-damage|p1a: Dusknoir|0 fnt
|-enditem|p1a: Dusknoir|Expert Belt|[from] move: Knock Off|[of] p2a: Okidogi
|faint|p1a: Dusknoir
|
|upkeep
|
|t:|1760786713
|switch|p1a: Glimmora|Glimmora, F|100/100
|turn|28
|
|t:|1760786717
|move|p2a: Okidogi|Drain Punch|p1a: Glimmora
|-damage|p1a: Glimmora|65/100
|-heal|p2a: Okidogi|73/100|[from] drain|[of] p1a: Glimmora
|-activate|p1a: Glimmora|ability: Toxic Debris
|-sidestart|p2: Chefcuz|move: Toxic Spikes
|move|p1a: Glimmora|Earth Power|p2a: Okidogi
|-supereffective|p2a: Okidogi
|-damage|p2a: Okidogi|30/100
|
|-heal|p1a: Glimmora|71/100|[from] item: Leftovers
|upkeep
|turn|29
|
|t:|1760786729
|move|p2a: Okidogi|Drain Punch|p1a: Glimmora
|-damage|p1a: Glimmora|32/100
|-heal|p2a: Okidogi|48/100|[from] drain|[of] p1a: Glimmora
|-activate|p1a: Glimmora|ability: Toxic Debris
|-sidestart|p2: Chefcuz|move: Toxic Spikes
|move|p1a: Glimmora|Earth Power|p2a: Okidogi
|-supereffective|p2a: Okidogi
|-damage|p2a: Okidogi|7/100
|-unboost|p2a: Okidogi|spd|1
|
|-heal|p1a: Glimmora|39/100|[from] item: Leftovers
|upkeep
|turn|30
|
|t:|1760786743
|switch|p1a: Arcanine|Arcanine, M|70/100
|-ability|p1a: Arcanine|Intimidate|boost
|-ability|p2a: Okidogi|Guard Dog|boost
|-boost|p2a: Okidogi|atk|1
|move|p2a: Okidogi|Drain Punch|p1a: Arcanine
|-damage|p1a: Arcanine|0 fnt
|-heal|p2a: Okidogi|43/100|[from] drain|[of] p1a: Arcanine
|faint|p1a: Arcanine
|
|upkeep
|-message|Lord Spink forfeited.
|
|win|Chefcuz
|raw|Lord Spink's rating: 1286 &rarr; <strong>1257</strong><br />(-29 for losing)
|raw|Chefcuz's rating: 1233 &rarr; <strong>1262</strong><br />(+29 for winning)
|l|‽Lord Spink
|player|p1|
|l|☆Chefcuz
|player|p2|
|j|‽Lord Spink
|player|p1|Lord Spink|clown|
|l|‽Lord Spink
|player|p1|
