|j|☆healboy009
|j|☆skayotest
|t:|1760862534
|gametype|singles
|player|p1|healboy009|backpacker|1465
|player|p2|skayotest|101|1497
|gen|9
|tier|[Gen 9] OU
|rated|
|rule|HP Percentage Mod: HP is shown in percentages
|rule|Endless Battle Clause: Forcing endless battles is banned
|rule|Species Clause: Limit one of each Pokémon
|rule|OHKO Clause: OHKO moves are banned
|rule|Evasion Items Clause: Evasion items are banned
|rule|Evasion Moves Clause: Evasion moves are banned
|rule|Evasion Abilities Clause: Evasion abilities are banned
|rule|Sleep Moves Clause: Sleep-inducing moves are banned
|clearpoke
|poke|p1|Ceruledge, F|
|poke|p1|Rotom-Wash|
|poke|p1|Hydrapple, F|
|poke|p1|Ting-Lu|
|poke|p1|Weezing-Galar, M|
|poke|p1|Zamazenta-*|
|poke|p2|Samurott-Hisui, M|
|poke|p2|Rillaboom, M|
|poke|p2|Garchomp, M|
|poke|p2|Gholdengo|
|poke|p2|Slowking-Galar, M|
|poke|p2|Quaquaval, F|
|teampreview
|inactive|Battle timer is ON: inactive players will automatically lose when time's up. (requested by healboy009)
|
|t:|1760862545
|teamsize|p1|6
|teamsize|p2|6
|start
|switch|p1a: Rotom|Rotom-Wash, shiny|100/100
|switch|p2a: Garchomp|Garchomp, M|100/100
|turn|1
|
|t:|1760862550
|move|p1a: Rotom|Trick|p2a: Garchomp
|-activate|p1a: Rotom|move: Trick|[of] p2a: Garchomp
|-item|p2a: Garchomp|Choice Scarf|[from] move: Trick
|-item|p1a: Rotom|Rocky Helmet|[from] move: Trick
|move|p2a: Garchomp|Stealth Rock|p1a: Rotom
|-sidestart|p1: healboy009|move: Stealth Rock
|
|upkeep
|turn|2
|
|t:|1760862557
|switch|p2a: Gholdengo|Gholdengo|100/100
|move|p1a: Rotom|Hydro Pump|p2a: Gholdengo
|-damage|p2a: Gholdengo|43/100
|
|upkeep
|turn|3
|
|t:|1760862562
|move|p2a: Gholdengo|Shadow Ball|p1a: Rotom
|-damage|p1a: Rotom|47/100
|move|p1a: Rotom|Hydro Pump|p2a: Gholdengo
|-damage|p2a: Gholdengo|0 fnt
|faint|p2a: Gholdengo
|
|upkeep
|
|t:|1760862571
|switch|p2a: Rillaboom|Rillaboom, M|100/100
|-fieldstart|move: Grassy Terrain|[from] ability: Grassy Surge|[of] p2a: Rillaboom
|turn|4
|
|t:|1760862578
|switch|p1a: Hydrapple|Hydrapple, F|100/100
|-damage|p1a: Hydrapple|88/100|[from] Stealth Rock
|move|p2a: Rillaboom|Knock Off|p1a: Hydrapple
|-damage|p1a: Hydrapple|47/100
|-damage|p2a: Rillaboom|84/100|[from] item: Rocky Helmet|[of] p1a: Hydrapple
|-enditem|p1a: Hydrapple|Rocky Helmet|[from] move: Knock Off|[of] p2a: Rillaboom
|
|-heal|p2a: Rillaboom|90/100|[from] Grassy Terrain
|-heal|p1a: Hydrapple|53/100|[from] Grassy Terrain
|upkeep
|turn|5
|
|t:|1760862586
|switch|p2a: Slowking|Slowking-Galar, M|100/100
|move|p1a: Hydrapple|Fickle Beam|p2a: Slowking
|-damage|p2a: Slowking|72/100
|
|-heal|p1a: Hydrapple|59/100|[from] Grassy Terrain
|-heal|p2a: Slowking|78/100|[from] Grassy Terrain
|upkeep
|turn|6
|
|t:|1760862593
|switch|p1a: Rotom|Rotom-Wash, shiny|47/100
|-damage|p1a: Rotom|35/100|[from] Stealth Rock
|-prepare|p2a: Slowking|Chilly Reception|[premajor]
|move|p2a: Slowking|Chilly Reception|p2a: Slowking
|-weather|Snowscape
|
|t:|1760862597
|switch|p2a: Rillaboom|Rillaboom, M|90/100|[from] Chilly Reception
|
|-weather|Snowscape|[upkeep]
|-heal|p2a: Rillaboom|96/100|[from] Grassy Terrain
|upkeep
|turn|7
|
|t:|1760862601
|move|p1a: Rotom|Pain Split|p2a: Rillaboom
|-sethp|p2a: Rillaboom|59/100|[from] move: Pain Split|[silent]
|-sethp|p1a: Rotom|95/100|[from] move: Pain Split
|move|p2a: Rillaboom|U-turn|p1a: Rotom
|-damage|p1a: Rotom|41/100
|-damage|p2a: Rillaboom|42/100|[from] item: Rocky Helmet|[of] p1a: Rotom
|
|t:|1760862610
|switch|p2a: Quaquaval|Quaquaval, F|100/100|[from] U-turn
|
|-weather|Snowscape|[upkeep]
|upkeep
|turn|8
|
|t:|1760862616
|move|p1a: Rotom|Volt Switch|p2a: Quaquaval
|-supereffective|p2a: Quaquaval
|-damage|p2a: Quaquaval|7/100
|
|t:|1760862622
|switch|p1a: Ceruledge|Ceruledge, F|100/100|[from] Volt Switch
|-damage|p1a: Ceruledge|76/100|[from] Stealth Rock
|move|p2a: Quaquaval|Close Combat|p1a: Ceruledge
|-immune|p1a: Ceruledge
|
|-weather|Snowscape|[upkeep]
|-heal|p2a: Quaquaval|13/100|[from] Grassy Terrain
|-heal|p1a: Ceruledge|82/100|[from] Grassy Terrain
|-fieldend|move: Grassy Terrain
|upkeep
|turn|9
|
|t:|1760862633
|switch|p2a: Garchomp|Garchomp, M|100/100
|-terastallize|p1a: Ceruledge|Bug
|move|p1a: Ceruledge|Swords Dance|p1a: Ceruledge
|-boost|p1a: Ceruledge|atk|2
|
|-weather|Snowscape|[upkeep]
|upkeep
|turn|10
|
|t:|1760862637
|move|p1a: Ceruledge|Poltergeist|p2a: Garchomp
|-activate|p2a: Garchomp|move: Poltergeist|Choice Scarf
|-damage|p2a: Garchomp|37/100
|move|p2a: Garchomp|Dragon Tail|p1a: Ceruledge
|-damage|p1a: Ceruledge|48/100
|-ability|p1a: Ceruledge|Weak Armor|boost
|-unboost|p1a: Ceruledge|def|1
|-boost|p1a: Ceruledge|spe|2
|drag|p1a: Zamazenta|Zamazenta|100/100
|-damage|p1a: Zamazenta|94/100|[from] Stealth Rock
|-ability|p1a: Zamazenta|Dauntless Shield|boost
|-boost|p1a: Zamazenta|def|1
|
|-weather|none
|-heal|p1a: Zamazenta|100/100|[from] item: Leftovers
|upkeep
|turn|11
|
|t:|1760862651
|move|p1a: Zamazenta|Body Press|p2a: Garchomp
|-damage|p2a: Garchomp|6/100
|-damage|p1a: Zamazenta|88/100|[from] ability: Rough Skin|[of] p2a: Garchomp
|move|p2a: Garchomp|Dragon Tail|p1a: Zamazenta
|-damage|p1a: Zamazenta|74/100
|drag|p1a: Weezing|Weezing-Galar, M|100/100
|-ability|p1a: Weezing|Neutralizing Gas
|
|upkeep
|turn|12
|
|t:|1760862661
|switch|p2a: Slowking|Slowking-Galar, M|100/100
|move|p1a: Weezing|Sludge Wave|p2a: Slowking
|-resisted|p2a: Slowking
|-damage|p2a: Slowking|91/100
|
|upkeep
|turn|13
|
|t:|1760862668
|move|p1a: Weezing|Will-O-Wisp|p2a: Slowking
|-status|p2a: Slowking|brn
|move|p2a: Slowking|Sludge Bomb|p1a: Weezing
|-damage|p1a: Weezing|39/100
|
|-damage|p2a: Slowking|85/100 brn|[from] brn
|upkeep
|turn|14
|
|t:|1760862677
|move|p1a: Weezing|Pain Split|p2a: Slowking
|-sethp|p2a: Slowking|56/100 brn|[from] move: Pain Split|[silent]
|-sethp|p1a: Weezing|81/100|[from] move: Pain Split
|-prepare|p2a: Slowking|Chilly Reception|[premajor]
|move|p2a: Slowking|Chilly Reception|p2a: Slowking
|-weather|Snowscape
|
|t:|1760862686
|switch|p2a: Garchomp|Garchomp, M|6/100|[from] Chilly Reception
|
|-weather|Snowscape|[upkeep]
|upkeep
|turn|15
|
|t:|1760862691
|switch|p2a: Slowking|Slowking-Galar, M|56/100 brn
|-end|p1a: Weezing|ability: Neutralizing Gas
|switch|p1a: Rotom|Rotom-Wash, shiny|41/100
|-damage|p1a: Rotom|29/100|[from] Stealth Rock
|
|-weather|Snowscape|[upkeep]
|-damage|p2a: Slowking|50/100 brn|[from] brn
|upkeep
|turn|16
|
|t:|1760862697
|move|p1a: Rotom|Pain Split|p2a: Slowking
|-sethp|p2a: Slowking|34/100 brn|[from] move: Pain Split|[silent]
|-sethp|p1a: Rotom|55/100|[from] move: Pain Split
|move|p2a: Slowking|Sludge Bomb|p1a: Rotom
|-damage|p1a: Rotom|7/100
|
|-weather|Snowscape|[upkeep]
|-damage|p2a: Slowking|28/100 brn|[from] brn
|upkeep
|turn|17
|
|t:|1760862706
|move|p1a: Rotom|Hydro Pump|p2a: Slowking
|-damage|p2a: Slowking|0 fnt
|faint|p2a: Slowking
|
|-weather|Snowscape|[upkeep]
|upkeep
|
|t:|1760862720
|switch|p2a: Rillaboom|Rillaboom, M|42/100
|-fieldstart|move: Grassy Terrain|[from] ability: Grassy Surge|[of] p2a: Rillaboom
|turn|18
|
|t:|1760862737
|move|p2a: Rillaboom|Grassy Glide|p1a: Rotom
|-supereffective|p1a: Rotom
|-damage|p1a: Rotom|0 fnt
|-damage|p2a: Rillaboom|25/100|[from] item: Rocky Helmet|[of] p1a: Rotom
|faint|p1a: Rotom
|
|-weather|none
|-heal|p2a: Rillaboom|32/100|[from] Grassy Terrain
|upkeep
|
|t:|1760862742
|switch|p1a: Hydrapple|Hydrapple, F|92/100
|-damage|p1a: Hydrapple|80/100|[from] Stealth Rock
|turn|19
|
|t:|1760862747
|switch|p2a: Garchomp|Garchomp, M|6/100
|move|p1a: Hydrapple|Fickle Beam|p2a: Garchomp|[anim] Fickle Beam All Out
|-activate|p1a: Hydrapple|move: Fickle Beam
|-supereffective|p2a: Garchomp
|-damage|p2a: Garchomp|0 fnt
|faint|p2a: Garchomp
|
|-heal|p1a: Hydrapple|86/100|[from] Grassy Terrain
|upkeep
|
|t:|1760862756
|switch|p2a: Rillaboom|Rillaboom, M|32/100
|turn|20
|
|t:|1760862759
|move|p2a: Rillaboom|U-turn|p1a: Hydrapple
|-supereffective|p1a: Hydrapple
|-damage|p1a: Hydrapple|25/100
|
|t:|1760862763
|switch|p2a: Samurott|Samurott-Hisui, M|100/100|[from] U-turn
|move|p1a: Hydrapple|Fickle Beam|p2a: Samurott|[anim] Fickle Beam All Out
|-activate|p1a: Hydrapple|move: Fickle Beam
|-damage|p2a: Samurott|0 fnt
|faint|p2a: Samurott
|
|-heal|p1a: Hydrapple|31/100|[from] Grassy Terrain
|upkeep
|
|t:|1760862767
|switch|p2a: Quaquaval|Quaquaval, F|13/100
|turn|21
|
|t:|1760862776
|switch|p1a: Zamazenta|Zamazenta|74/100
|-damage|p1a: Zamazenta|68/100|[from] Stealth Rock
|move|p2a: Quaquaval|Close Combat|p1a: Zamazenta
|-damage|p1a: Zamazenta|13/100
|-unboost|p2a: Quaquaval|def|1
|-unboost|p2a: Quaquaval|spd|1
|-damage|p2a: Quaquaval|3/100|[from] item: Life Orb
|
|-heal|p1a: Zamazenta|19/100|[from] Grassy Terrain
|-heal|p1a: Zamazenta|25/100|[from] item: Leftovers
|-heal|p2a: Quaquaval|10/100|[from] Grassy Terrain
|upkeep
|turn|22
|
|t:|1760862789
|move|p1a: Zamazenta|Body Press|p2a: Quaquaval
|-damage|p2a: Quaquaval|0 fnt
|faint|p2a: Quaquaval
|
|-heal|p1a: Zamazenta|31/100|[from] Grassy Terrain
|-heal|p1a: Zamazenta|37/100|[from] item: Leftovers
|-fieldend|move: Grassy Terrain
|upkeep
|-message|skayotest forfeited.
|
|win|healboy009
|raw|healboy009's rating: 1465 &rarr; <strong>1487</strong><br />(+22 for winning)
|raw|skayotest's rating: 1497 &rarr; <strong>1475</strong><br />(-22 for losing)
|l|☆skayotest
|player|p2|
