|j|☆MTv_09
|j|‽primavera sound
|t:|1760813669
|gametype|singles
|player|p1|MTv_09|guitarist|1235
|player|p2|primavera sound|elesa-gen5bw2|1249
|gen|9
|tier|[Gen 9] OU
|rated|
|rule|HP Percentage Mod: HP is shown in percentages
|rule|Endless Battle Clause: Forcing endless battles is banned
|rule|Species Clause: Limit one of each Pokémon
|rule|OHKO Clause: OHKO moves are banned
|rule|Evasion Items Clause: Evasion items are banned
|rule|Evasion Moves Clause: Evasion moves are banned
|rule|Evasion Abilities Clause: Evasion abilities are banned
|rule|Sleep Moves Clause: Sleep-inducing moves are banned
|clearpoke
|poke|p1|Toxtricity, M|
|poke|p1|Scizor, M|
|poke|p1|Gliscor, M|
|poke|p1|Corviknight, M|
|poke|p1|Meowscarada, M|
|poke|p1|Skarmory, M|
|poke|p2|Ninetales-Alola, F|
|poke|p2|Wo-Chien|
|poke|p2|Gliscor, M|
|poke|p2|Zamazenta-*|
|poke|p2|Hatterene, F|
|poke|p2|Ceruledge, M|
|teampreview
|
|t:|1760813686
|teamsize|p1|6
|teamsize|p2|6
|start
|switch|p1a: Kurt|Toxtricity, M|100/100
|switch|p2a: Hatterene|Hatterene, F|100/100
|turn|1
|
|t:|1760813696
|switch|p2a: Gliscor|Gliscor, M|100/100
|-terastallize|p1a: Kurt|Normal
|move|p1a: Kurt|Boomburst|p2a: Gliscor
|-crit|p2a: Gliscor
|-damage|p2a: Gliscor|0 fnt
|faint|p2a: Gliscor
|
|upkeep
|inactive|Battle timer is ON: inactive players will automatically lose when time's up. (requested by primavera sound)
|
|t:|1760813706
|switch|p2a: Zamazenta|Zamazenta|100/100
|-ability|p2a: Zamazenta|Dauntless Shield|boost
|-boost|p2a: Zamazenta|def|1
|turn|2
|
|t:|1760813712
|move|p2a: Zamazenta|Body Press|p1a: Kurt
|-supereffective|p1a: Kurt
|-damage|p1a: Kurt|0 fnt
|faint|p1a: Kurt
|
|upkeep
|
|t:|1760813721
|switch|p1a: K!ng|Skarmory, M, shiny|100/100
|turn|3
|
|t:|1760813727
|move|p2a: Zamazenta|Iron Defense|p2a: Zamazenta
|-boost|p2a: Zamazenta|def|2
|move|p1a: K!ng|Brave Bird|p2a: Zamazenta
|-supereffective|p2a: Zamazenta
|-damage|p2a: Zamazenta|76/100
|-damage|p1a: K!ng|93/100|[from] Recoil
|
|-heal|p2a: Zamazenta|82/100|[from] item: Leftovers
|upkeep
|turn|4
|
|t:|1760813737
|move|p2a: Zamazenta|Body Press|p1a: K!ng
|-damage|p1a: K!ng|39/100
|-damage|p2a: Zamazenta|65/100|[from] item: Rocky Helmet|[of] p1a: K!ng
|move|p1a: K!ng|Whirlwind|p2a: Zamazenta
|drag|p2a: Ninetales|Ninetales-Alola, F|100/100
|-weather|Snowscape|[from] ability: Snow Warning|[of] p2a: Ninetales
|
|-weather|Snowscape|[upkeep]
|upkeep
|turn|5
|
|t:|1760813751
|move|p2a: Ninetales|Encore|p1a: K!ng
|-start|p1a: K!ng|Encore
|move|p1a: K!ng|Whirlwind|p2a: Ninetales
|drag|p2a: Ceruledge|Ceruledge, M|100/100
|
|-weather|Snowscape|[upkeep]
|upkeep
|turn|6
|
|t:|1760813760
|switch|p1a: Murdoc|Gliscor, M|100/100
|move|p2a: Ceruledge|Bitter Blade|p1a: Murdoc
|-damage|p1a: Murdoc|75/100
|
|-weather|Snowscape|[upkeep]
|-status|p1a: Murdoc|tox|[from] item: Toxic Orb
|upkeep
|turn|7
|
|t:|1760813777
|switch|p2a: Ninetales|Ninetales-Alola, F|100/100
|move|p1a: Murdoc|Earthquake|p2a: Ninetales
|-damage|p2a: Ninetales|72/100
|
|-weather|Snowscape|[upkeep]
|-heal|p1a: Murdoc|87/100 tox|[from] ability: Poison Heal
|upkeep
|turn|8
|
|t:|1760813800
|switch|p1a: Seven|Scizor, M|100/100
|move|p2a: Ninetales|Aurora Veil|p2a: Ninetales
|-sidestart|p2: primavera sound|move: Aurora Veil
|
|-weather|none
|upkeep
|turn|9
|
|t:|1760813815
|switch|p2a: Ceruledge|Ceruledge, M|100/100
|move|p1a: Seven|Bullet Punch|p2a: Ceruledge
|-resisted|p2a: Ceruledge
|-damage|p2a: Ceruledge|85/100
|
|upkeep
|turn|10
|
|t:|1760813826
|switch|p1a: Keiler|Meowscarada, M|100/100
|move|p2a: Ceruledge|Bulk Up|p2a: Ceruledge
|-boost|p2a: Ceruledge|atk|1
|-boost|p2a: Ceruledge|def|1
|
|upkeep
|turn|11
|
|t:|1760813835
|move|p1a: Keiler|Knock Off|p2a: Ceruledge
|-start|p1a: Keiler|typechange|Dark|[from] ability: Protean
|-supereffective|p2a: Ceruledge
|-damage|p2a: Ceruledge|53/100
|-enditem|p2a: Ceruledge|Covert Cloak|[from] move: Knock Off|[of] p1a: Keiler
|move|p2a: Ceruledge|Bitter Blade|p1a: Keiler
|-damage|p1a: Keiler|10/100
|-heal|p2a: Ceruledge|90/100|[from] drain|[of] p1a: Keiler
|
|upkeep
|turn|12
|
|t:|1760813852
|move|p2a: Ceruledge|Shadow Sneak|p1a: Keiler
|-resisted|p1a: Keiler
|-damage|p1a: Keiler|0 fnt
|faint|p1a: Keiler
|
|upkeep
|
|t:|1760813858
|switch|p1a: K!ng|Skarmory, M, shiny|39/100
|turn|13
|
|t:|1760813862
|move|p2a: Ceruledge|Bitter Blade|p1a: K!ng
|-supereffective|p1a: K!ng
|-damage|p1a: K!ng|0 fnt
|-heal|p2a: Ceruledge|100/100|[from] drain|[of] p1a: K!ng
|-damage|p2a: Ceruledge|84/100|[from] item: Rocky Helmet|[of] p1a: K!ng
|faint|p1a: K!ng
|
|upkeep
|-message|MTv_09 forfeited.
|
|win|primavera sound
|raw|MTv_09's rating: 1235 &rarr; <strong>1211</strong><br />(-24 for losing)
|raw|primavera sound's rating: 1249 &rarr; <strong>1273</strong><br />(+24 for winning)
|l|☆MTv_09
|player|p1|
|l|‽primavera sound
|player|p2|
