|j|☆jigobo
|j|☆ChaseMaFriend
|t:|1760765084
|gametype|singles
|player|p1|jigobo|parasollady-gen4|1468
|player|p2|ChaseMaFriend|wattson|1462
|gen|9
|tier|[Gen 9] OU
|rated|
|rule|HP Percentage Mod: HP is shown in percentages
|rule|Endless Battle Clause: Forcing endless battles is banned
|rule|Species Clause: Limit one of each Pokémon
|rule|OHKO Clause: OHKO moves are banned
|rule|Evasion Items Clause: Evasion items are banned
|rule|Evasion Moves Clause: Evasion moves are banned
|rule|Evasion Abilities Clause: Evasion abilities are banned
|rule|Sleep Moves Clause: Sleep-inducing moves are banned
|clearpoke
|poke|p1|Raging Bolt|
|poke|p1|Gholdengo|
|poke|p1|Kingambit, F|
|poke|p1|Great Tusk|
|poke|p1|Meowscarada, M|
|poke|p1|Moltres|
|poke|p2|Weavile, M|
|poke|p2|Garganacl, F|
|poke|p2|Sinistcha|
|poke|p2|Heatran, M|
|poke|p2|Indeedee, M|
|poke|p2|Polteageist|
|teampreview
|inactive|Battle timer is ON: inactive players will automatically lose when time's up. (requested by jigobo)
|
|t:|1760765101
|teamsize|p1|6
|teamsize|p2|6
|start
|switch|p1a: Raging Bolt|Raging Bolt|100/100
|switch|p2a: Indeedee|Indeedee, M|100/100
|-fieldstart|move: Psychic Terrain|[from] ability: Psychic Surge|[of] p2a: Indeedee
|turn|1
|
|t:|1760765111
|switch|p2a: Heatran|Heatran, M|100/100
|move|p1a: Raging Bolt|Volt Switch|p2a: Heatran
|-damage|p2a: Heatran|73/100
|
|t:|1760765117
|-end|p1a: Raging Bolt|Protosynthesis|[silent]
|switch|p1a: Great Tusk|Great Tusk|100/100|[from] Volt Switch
|-enditem|p1a: Great Tusk|Booster Energy
|-activate|p1a: Great Tusk|ability: Protosynthesis|[fromitem]
|-start|p1a: Great Tusk|protosynthesisatk
|
|-heal|p2a: Heatran|79/100|[from] item: Leftovers
|upkeep
|turn|2
|
|t:|1760765125
|switch|p2a: Sinistcha|Sinistcha|100/100
|move|p1a: Great Tusk|Headlong Rush|p2a: Sinistcha
|-resisted|p2a: Sinistcha
|-damage|p2a: Sinistcha|74/100
|-unboost|p1a: Great Tusk|def|1
|-unboost|p1a: Great Tusk|spd|1
|
|upkeep
|turn|3
|
|t:|1760765133
|-end|p1a: Great Tusk|Protosynthesis|[silent]
|switch|p1a: Raging Bolt|Raging Bolt|100/100
|switch|p2a: Polteageist|Polteageist|100/100
|
|upkeep
|turn|4
|
|t:|1760765136
|move|p2a: Polteageist|Shell Smash|p2a: Polteageist
|-unboost|p2a: Polteageist|def|1
|-unboost|p2a: Polteageist|spd|1
|-boost|p2a: Polteageist|atk|2
|-boost|p2a: Polteageist|spa|2
|-boost|p2a: Polteageist|spe|2
|move|p1a: Raging Bolt|Dragon Tail|p2a: Polteageist
|-damage|p2a: Polteageist|61/100
|-ability|p2a: Polteageist|Weak Armor|boost
|-unboost|p2a: Polteageist|def|1
|-boost|p2a: Polteageist|spe|2
|drag|p2a: Garganacl|Garganacl, F|100/100
|
|upkeep
|turn|5
|
|t:|1760765145
|move|p1a: Raging Bolt|Draco Meteor|p2a: Garganacl
|-crit|p2a: Garganacl
|-damage|p2a: Garganacl|24/100
|-unboost|p1a: Raging Bolt|spa|2
|move|p2a: Garganacl|Earthquake|p1a: Raging Bolt
|-supereffective|p1a: Raging Bolt
|-damage|p1a: Raging Bolt|64/100
|
|-heal|p1a: Raging Bolt|71/100|[from] item: Leftovers
|-heal|p2a: Garganacl|30/100|[from] item: Leftovers
|upkeep
|turn|6
|
|t:|1760765149
|move|p1a: Raging Bolt|Draco Meteor|p2a: Garganacl
|-damage|p2a: Garganacl|2/100
|-unboost|p1a: Raging Bolt|spa|2
|move|p2a: Garganacl|Recover|p2a: Garganacl
|-heal|p2a: Garganacl|52/100
|
|-heal|p1a: Raging Bolt|77/100|[from] item: Leftovers
|-heal|p2a: Garganacl|58/100|[from] item: Leftovers
|upkeep
|turn|7
|
|t:|1760765153
|move|p1a: Raging Bolt|Volt Switch|p2a: Garganacl
|-damage|p2a: Garganacl|49/100
|
|t:|1760765161
|-end|p1a: Raging Bolt|Protosynthesis|[silent]
|switch|p1a: Great Tusk|Great Tusk|100/100|[from] Volt Switch
|move|p2a: Garganacl|Recover|p2a: Garganacl
|-heal|p2a: Garganacl|99/100
|
|-heal|p2a: Garganacl|100/100|[from] item: Leftovers
|upkeep
|turn|8
|
|t:|1760765169
|switch|p2a: Sinistcha|Sinistcha|74/100
|move|p1a: Great Tusk|Headlong Rush|p2a: Sinistcha
|-resisted|p2a: Sinistcha
|-damage|p2a: Sinistcha|53/100
|-unboost|p1a: Great Tusk|def|1
|-unboost|p1a: Great Tusk|spd|1
|
|-fieldend|move: Psychic Terrain
|upkeep
|turn|9
|
|t:|1760765174
|move|p1a: Great Tusk|Ice Spinner|p2a: Sinistcha
|-supereffective|p2a: Sinistcha
|-damage|p2a: Sinistcha|17/100
|move|p2a: Sinistcha|Matcha Gotcha|p1a: Great Tusk
|-supereffective|p1a: Great Tusk
|-damage|p1a: Great Tusk|0 fnt
|-heal|p2a: Sinistcha|70/100|[from] drain|[of] p1a: Great Tusk
|faint|p1a: Great Tusk
|-end|p1a: Great Tusk|Protosynthesis|[silent]
|
|upkeep
|
|t:|1760765181
|switch|p1a: Meowscarada|Meowscarada, M|100/100
|turn|10
|
|t:|1760765188
|switch|p2a: Heatran|Heatran, M|79/100
|move|p1a: Meowscarada|Knock Off|p2a: Heatran
|-start|p1a: Meowscarada|typechange|Dark|[from] ability: Protean
|-damage|p2a: Heatran|39/100
|-enditem|p2a: Heatran|Leftovers|[from] move: Knock Off|[of] p1a: Meowscarada
|
|upkeep
|turn|11
|
|t:|1760765197
|switch|p1a: Raging Bolt|Raging Bolt|77/100
|move|p2a: Heatran|Stealth Rock|p1a: Raging Bolt
|-sidestart|p1: jigobo|move: Stealth Rock
|
|-heal|p1a: Raging Bolt|83/100|[from] item: Leftovers
|upkeep
|turn|12
|
|t:|1760765200
|move|p2a: Heatran|Earth Power|p1a: Raging Bolt
|-supereffective|p1a: Raging Bolt
|-damage|p1a: Raging Bolt|38/100
|move|p1a: Raging Bolt|Volt Switch|p2a: Heatran
|-damage|p2a: Heatran|13/100
|
|t:|1760765206
|-end|p1a: Raging Bolt|Protosynthesis|[silent]
|switch|p1a: Meowscarada|Meowscarada, M|100/100|[from] Volt Switch
|-damage|p1a: Meowscarada|88/100|[from] Stealth Rock
|
|upkeep
|turn|13
|
|t:|1760765213
|move|p1a: Meowscarada|Knock Off|p2a: Heatran
|-start|p1a: Meowscarada|typechange|Dark|[from] ability: Protean
|-damage|p2a: Heatran|0 fnt
|faint|p2a: Heatran
|
|upkeep
|
|t:|1760765220
|switch|p2a: Indeedee|Indeedee, M|100/100
|-fieldstart|move: Psychic Terrain|[from] ability: Psychic Surge|[of] p2a: Indeedee
|turn|14
|
|t:|1760765224
|move|p1a: Meowscarada|Knock Off|p2a: Indeedee
|-supereffective|p2a: Indeedee
|-damage|p2a: Indeedee|0 fnt
|-enditem|p2a: Indeedee|Terrain Extender|[from] move: Knock Off|[of] p1a: Meowscarada
|faint|p2a: Indeedee
|
|upkeep
|
|t:|1760765229
|switch|p2a: Polteageist|Polteageist|61/100
|turn|15
|
|t:|1760765231
|-terastallize|p2a: Polteageist|Fighting
|move|p1a: Meowscarada|Knock Off|p2a: Polteageist
|-resisted|p2a: Polteageist
|-damage|p2a: Polteageist|19/100
|-ability|p2a: Polteageist|Weak Armor|boost
|-unboost|p2a: Polteageist|def|1
|-boost|p2a: Polteageist|spe|2
|-enditem|p2a: Polteageist|Focus Sash|[from] move: Knock Off|[of] p1a: Meowscarada
|move|p2a: Polteageist|Shell Smash|p2a: Polteageist
|-unboost|p2a: Polteageist|def|1
|-unboost|p2a: Polteageist|spd|1
|-boost|p2a: Polteageist|atk|2
|-boost|p2a: Polteageist|spa|2
|-boost|p2a: Polteageist|spe|2
|
|upkeep
|turn|16
|
|t:|1760765235
|move|p2a: Polteageist|Tera Blast|p1a: Meowscarada|[anim] Tera Blast Fighting
|-supereffective|p1a: Meowscarada
|-damage|p1a: Meowscarada|0 fnt
|faint|p1a: Meowscarada
|
|upkeep
|
|t:|1760765253
|switch|p1a: Moltres|Moltres|100/100
|turn|17
|
|t:|1760765256
|move|p2a: Polteageist|Stored Power|p1a: Moltres
|-damage|p1a: Moltres|0 fnt
|faint|p1a: Moltres
|
|upkeep
|
|t:|1760765260
|switch|p1a: Raging Bolt|Raging Bolt|38/100
|-damage|p1a: Raging Bolt|26/100|[from] Stealth Rock
|turn|18
|
|t:|1760765264
|move|p1a: Raging Bolt|Thunderclap|p2a: Polteageist
|-activate|p2a: Polteageist|move: Psychic Terrain
|move|p2a: Polteageist|Stored Power|p1a: Raging Bolt
|-damage|p1a: Raging Bolt|0 fnt
|faint|p1a: Raging Bolt
|-end|p1a: Raging Bolt|Protosynthesis|[silent]
|
|upkeep
|
|t:|1760765267
|switch|p1a: Kingambit|Kingambit, F|100/100
|-damage|p1a: Kingambit|94/100|[from] Stealth Rock
|-activate|p1a: Kingambit|ability: Supreme Overlord
|-start|p1a: Kingambit|fallen4|[silent]
|turn|19
|
|t:|1760765286
|-terastallize|p1a: Kingambit|Flying
|move|p2a: Polteageist|Tera Blast|p1a: Kingambit|[anim] Tera Blast Fighting
|-resisted|p1a: Kingambit
|-damage|p1a: Kingambit|38/100
|move|p1a: Kingambit|Iron Head|p2a: Polteageist
|-damage|p2a: Polteageist|0 fnt
|faint|p2a: Polteageist
|-damage|p1a: Kingambit|28/100|[from] item: Life Orb
|
|upkeep
|
|t:|1760765296
|switch|p2a: Weavile|Weavile, M|100/100
|-ability|p2a: Weavile|Pressure
|turn|20
|
|t:|1760765300
|move|p1a: Kingambit|Sucker Punch|p2a: Weavile
|-activate|p2a: Weavile|move: Psychic Terrain
|move|p2a: Weavile|Knock Off|p1a: Kingambit
|-damage|p1a: Kingambit|0 fnt
|-enditem|p1a: Kingambit|Life Orb|[from] move: Knock Off|[of] p2a: Weavile
|faint|p1a: Kingambit
|-end|p1a: Kingambit|fallen4|[silent]
|
|upkeep
|
|t:|1760765301
|switch|p1a: Gholdengo|Gholdengo|100/100
|-damage|p1a: Gholdengo|94/100|[from] Stealth Rock
|turn|21
|-message|jigobo forfeited.
|
|win|ChaseMaFriend
|raw|jigobo's rating: 1468 &rarr; <strong>1448</strong><br />(-20 for losing)
|raw|ChaseMaFriend's rating: 1462 &rarr; <strong>1482</strong><br />(+20 for winning)
|l|☆jigobo
|player|p1|
|l|☆ChaseMaFriend
|player|p2|
