|j|☆4urelius_Ghastz
|j|☆masquerade bail
|t:|1760780875
|gametype|singles
|player|p1|4urelius_Ghastz|li|1290
|player|p2|masquerade bail|evelyn|1266
|gen|9
|tier|[Gen 9] OU
|rated|
|rule|HP Percentage Mod: HP is shown in percentages
|rule|Endless Battle Clause: Forcing endless battles is banned
|rule|Species Clause: Limit one of each Pokémon
|rule|OHKO Clause: OHKO moves are banned
|rule|Evasion Items Clause: Evasion items are banned
|rule|Evasion Moves Clause: Evasion moves are banned
|rule|Evasion Abilities Clause: Evasion abilities are banned
|rule|Sleep Moves Clause: Sleep-inducing moves are banned
|clearpoke
|poke|p1|Quaquaval, F|
|poke|p1|Latias, F|
|poke|p1|Ogerpon-Cornerstone, F|
|poke|p1|Bastiodon, F|
|poke|p1|Primeape, F|
|poke|p1|Iron Moth|
|poke|p2|Kingambit, F|
|poke|p2|Cinderace, F|
|poke|p2|Landorus-Therian, M|
|poke|p2|Iron Valiant|
|poke|p2|Kyurem|
|poke|p2|Slowking-Galar, M|
|teampreview
|inactive|Battle timer is ON: inactive players will automatically lose when time's up. (requested by 4urelius_Ghastz)
|
|t:|1760780880
|teamsize|p1|6
|teamsize|p2|6
|start
|switch|p1a: Primeape|Primeape, F|100/100
|switch|p2a: Kingambit|Kingambit, F|100/100
|turn|1
|
|t:|1760780887
|-end|p2a: Kingambit|fallenundefined|[silent]
|switch|p2a: Landorus|Landorus-Therian, M, shiny|100/100
|-ability|p2a: Landorus|Intimidate|boost
|-unboost|p1a: Primeape|atk|1
|-ability|p1a: Primeape|Defiant|boost
|-boost|p1a: Primeape|atk|2
|move|p1a: Primeape|Bulk Up|p1a: Primeape
|-boost|p1a: Primeape|atk|1
|-boost|p1a: Primeape|def|1
|
|upkeep
|turn|2
|
|t:|1760780909
|move|p2a: Landorus|U-turn|p1a: Primeape
|-resisted|p1a: Primeape
|-damage|p1a: Primeape|93/100
|
|t:|1760780918
|switch|p2a: Iron Valiant|Iron Valiant|100/100|[from] U-turn
|-enditem|p2a: Iron Valiant|Booster Energy
|-activate|p2a: Iron Valiant|ability: Quark Drive|[fromitem]
|-start|p2a: Iron Valiant|quarkdrivespe
|move|p1a: Primeape|Ice Punch|p2a: Iron Valiant
|-damage|p2a: Iron Valiant|38/100
|
|upkeep
|turn|3
|
|t:|1760780931
|move|p2a: Iron Valiant|Moonblast|p1a: Primeape
|-supereffective|p1a: Primeape
|-damage|p1a: Primeape|19/100
|-unboost|p1a: Primeape|spa|1
|-ability|p1a: Primeape|Defiant|boost
|-boost|p1a: Primeape|atk|2
|move|p1a: Primeape|Rage Fist|p2a: Iron Valiant
|-damage|p2a: Iron Valiant|0 fnt
|faint|p2a: Iron Valiant
|-end|p2a: Iron Valiant|Quark Drive|[silent]
|
|upkeep
|
|t:|1760780945
|switch|p2a: Cinderace|Cinderace, F, shiny|100/100
|turn|4
|
|t:|1760780949
|move|p2a: Cinderace|Pyro Ball|p1a: Primeape
|-damage|p1a: Primeape|0 fnt
|faint|p1a: Primeape
|
|upkeep
|
|t:|1760780959
|switch|p1a: Latias|Latias, F|100/100
|turn|5
|
|t:|1760780965
|move|p2a: Cinderace|U-turn|p1a: Latias
|-start|p2a: Cinderace|typechange|Bug|[from] ability: Libero
|-supereffective|p1a: Latias
|-damage|p1a: Latias|32/100
|
|t:|1760780968
|switch|p2a: Slowking|Slowking-Galar, M, shiny|100/100|[from] U-turn
|move|p1a: Latias|Calm Mind|p1a: Latias
|-boost|p1a: Latias|spa|1
|-boost|p1a: Latias|spd|1
|
|upkeep
|turn|6
|
|t:|1760780976
|move|p1a: Latias|Mist Ball|p2a: Slowking
|-crit|p2a: Slowking
|-damage|p2a: Slowking|42/100
|-prepare|p2a: Slowking|Chilly Reception|[premajor]
|move|p2a: Slowking|Chilly Reception|p2a: Slowking
|-weather|Snowscape
|
|t:|1760780991
|switch|p2a: Cinderace|Cinderace, F, shiny|100/100|[from] Chilly Reception
|
|-weather|Snowscape|[upkeep]
|upkeep
|turn|7
|
|t:|1760781001
|move|p2a: Cinderace|U-turn|p1a: Latias
|-start|p2a: Cinderace|typechange|Bug|[from] ability: Libero
|-supereffective|p1a: Latias
|-damage|p1a: Latias|0 fnt
|faint|p1a: Latias
|
|t:|1760781008
|switch|p2a: Kyurem|Kyurem, shiny|100/100|[from] U-turn
|-ability|p2a: Kyurem|Pressure
|
|-weather|Snowscape|[upkeep]
|upkeep
|
|t:|1760781016
|switch|p1a: Iron Moth|Iron Moth|100/100
|-enditem|p1a: Iron Moth|Booster Energy
|-activate|p1a: Iron Moth|ability: Quark Drive|[fromitem]
|-start|p1a: Iron Moth|quarkdrivespa
|turn|8
|
|t:|1760781044
|move|p1a: Iron Moth|Agility|p1a: Iron Moth
|-boost|p1a: Iron Moth|spe|2
|move|p2a: Kyurem|Earth Power|p1a: Iron Moth
|-supereffective|p1a: Iron Moth
|-damage|p1a: Iron Moth|0 fnt
|faint|p1a: Iron Moth
|-end|p1a: Iron Moth|Quark Drive|[silent]
|
|-weather|Snowscape|[upkeep]
|upkeep
|
|t:|1760781053
|switch|p1a: Bastiodon|Bastiodon, F|100/100
|turn|9
|
|t:|1760781063
|move|p2a: Kyurem|Substitute|p2a: Kyurem
|-start|p2a: Kyurem|Substitute
|-damage|p2a: Kyurem|76/100
|move|p1a: Bastiodon|Metal Burst||[still]
|-fail|p1a: Bastiodon
|
|-weather|Snowscape|[upkeep]
|-heal|p2a: Kyurem|82/100|[from] item: Leftovers
|upkeep
|turn|10
|
|t:|1760781072
|move|p2a: Kyurem|Protect|p2a: Kyurem
|-singleturn|p2a: Kyurem|Protect
|move|p1a: Bastiodon|Stealth Rock|p2a: Kyurem
|-sidestart|p2: masquerade bail|move: Stealth Rock
|
|-weather|none
|-heal|p2a: Kyurem|88/100|[from] item: Leftovers
|upkeep
|turn|11
|
|t:|1760781080
|move|p2a: Kyurem|Earth Power|p1a: Bastiodon
|-supereffective|p1a: Bastiodon
|-damage|p1a: Bastiodon|25/100
|move|p1a: Bastiodon|Body Press|p2a: Kyurem
|-supereffective|p2a: Kyurem
|-end|p2a: Kyurem|Substitute
|
|-heal|p2a: Kyurem|94/100|[from] item: Leftovers
|upkeep
|turn|12
|-enditem|p1a: Bastiodon|Custap Berry|[eat]
|-activate|p1a: Bastiodon|item: Custap Berry|[consumed]
|
|t:|1760781089
|move|p1a: Bastiodon|Body Press|p2a: Kyurem
|-supereffective|p2a: Kyurem
|-damage|p2a: Kyurem|30/100
|move|p2a: Kyurem|Earth Power|p1a: Bastiodon
|-supereffective|p1a: Bastiodon
|-damage|p1a: Bastiodon|0 fnt
|faint|p1a: Bastiodon
|
|-heal|p2a: Kyurem|37/100|[from] item: Leftovers
|upkeep
|
|t:|1760781102
|switch|p1a: Quaquaval|Quaquaval, F|100/100
|turn|13
|
|t:|1760781107
|move|p2a: Kyurem|Freeze-Dry|p1a: Quaquaval
|-supereffective|p1a: Quaquaval
|-enditem|p1a: Quaquaval|Focus Sash
|-damage|p1a: Quaquaval|1/100
|move|p1a: Quaquaval|Close Combat|p2a: Kyurem
|-supereffective|p2a: Kyurem
|-damage|p2a: Kyurem|0 fnt
|-unboost|p1a: Quaquaval|def|1
|-unboost|p1a: Quaquaval|spd|1
|faint|p2a: Kyurem
|-ability|p1a: Quaquaval|Moxie|boost
|-boost|p1a: Quaquaval|atk|1
|
|upkeep
|l|☆masquerade bail
|inactive|masquerade bail disconnected and has a minute to reconnect!
|player|p2|
|inactive|masquerade bail has 30 seconds to reconnect!
|inactive|masquerade bail has 20 seconds to reconnect!
|inactive|masquerade bail has 15 seconds to reconnect!
|inactive|masquerade bail has 10 seconds to reconnect!
|inactive|masquerade bail has 5 seconds to reconnect!
|-message|masquerade bail lost due to inactivity.
|
|win|4urelius_Ghastz
|raw|4urelius_Ghastz's rating: 1290 &rarr; <strong>1313</strong><br />(+23 for winning)
|raw|masquerade bail's rating: 1266 &rarr; <strong>1243</strong><br />(-23 for losing)
|j|☆masquerade bail
|player|p2|masquerade bail|evelyn|
|l|☆masquerade bail
|player|p2|
|l|☆4urelius_Ghastz
|player|p1|
