|j|☆pkmnallrounder
|j|☆phonekretchy
|t:|1760790791
|gametype|singles
|player|p1|pkmnallrounder|102|1229
|player|p2|phonekretchy|101|1218
|gen|9
|tier|[Gen 9] OU
|rated|
|rule|HP Percentage Mod: HP is shown in percentages
|rule|Endless Battle Clause: Forcing endless battles is banned
|rule|Species Clause: Limit one of each Pokémon
|rule|OHKO Clause: OHKO moves are banned
|rule|Evasion Items Clause: Evasion items are banned
|rule|Evasion Moves Clause: Evasion moves are banned
|rule|Evasion Abilities Clause: Evasion abilities are banned
|rule|Sleep Moves Clause: Sleep-inducing moves are banned
|clearpoke
|poke|p1|Typhlosion, M|
|poke|p1|Torkoal, M|
|poke|p1|Great Tusk|
|poke|p1|Raging Bolt|
|poke|p1|Walking Wake|
|poke|p1|Lilligant-Hisui, F|
|poke|p2|Whimsicott, F|
|poke|p2|Sunflora, F|
|poke|p2|Torkoal, M|
|poke|p2|Mimikyu, F|
|poke|p2|Walking Wake|
|poke|p2|Iron Treads|
|teampreview
|inactive|Battle timer is ON: inactive players will automatically lose when time's up. (requested by phonekretchy)
|
|t:|1760790838
|teamsize|p1|6
|teamsize|p2|6
|start
|switch|p1a: Torkoal|Torkoal, M|100/100
|switch|p2a: Whimsicott|Whimsicott, F|100/100
|-weather|SunnyDay|[from] ability: Drought|[of] p1a: Torkoal
|turn|1
|
|t:|1760790843
|move|p1a: Torkoal|Flamethrower|p2a: Whimsicott
|-supereffective|p2a: Whimsicott
|-enditem|p2a: Whimsicott|Focus Sash
|-damage|p2a: Whimsicott|1/100
|move|p2a: Whimsicott|Trick Room|p2a: Whimsicott
|-fieldstart|move: Trick Room|[of] p2a: Whimsicott
|
|-weather|SunnyDay|[upkeep]
|upkeep
|turn|2
|
|t:|1760790849
|move|p2a: Whimsicott|Memento|p1a: Torkoal
|-unboost|p1a: Torkoal|atk|2
|-unboost|p1a: Torkoal|spa|2
|faint|p2a: Whimsicott
|move|p1a: Torkoal|Stealth Rock|p2: Whimsicott
|-sidestart|p2: phonekretchy|move: Stealth Rock
|
|-weather|SunnyDay|[upkeep]
|upkeep
|
|t:|1760790852
|switch|p2a: Sunflora|Sunflora, F|100/100
|-damage|p2a: Sunflora|88/100|[from] Stealth Rock
|turn|3
|
|t:|1760790862
|move|p2a: Sunflora|Earth Power|p1a: Torkoal
|-supereffective|p1a: Torkoal
|-damage|p1a: Torkoal|0 fnt
|faint|p1a: Torkoal
|
|-weather|SunnyDay|[upkeep]
|-damage|p2a: Sunflora|76/100|[from] ability: Solar Power|[of] p2a: Sunflora
|upkeep
|
|t:|1760790883
|switch|p1a: Lilligant|Lilligant-Hisui, F|100/100
|turn|4
|
|t:|1760790898
|switch|p2a: Iron Treads|Iron Treads|100/100
|-damage|p2a: Iron Treads|97/100|[from] Stealth Rock
|move|p1a: Lilligant|Solar Blade||[still]
|-prepare|p1a: Lilligant|Solar Blade
|-anim|p1a: Lilligant|Solar Blade|p2a: Iron Treads
|-damage|p2a: Iron Treads|39/100
|
|-weather|SunnyDay|[upkeep]
|-heal|p2a: Iron Treads|46/100|[from] item: Leftovers
|upkeep
|turn|5
|inactive|pkmnallrounder has 120 seconds left.
|
|t:|1760790916
|switch|p1a: Great Tusk|Great Tusk|100/100
|-activate|p1a: Great Tusk|ability: Protosynthesis
|-start|p1a: Great Tusk|protosynthesisatk
|move|p2a: Iron Treads|Rapid Spin|p1a: Great Tusk
|-damage|p1a: Great Tusk|90/100
|-boost|p2a: Iron Treads|spe|1
|-sideend|p2: phonekretchy|Stealth Rock|[from] move: Rapid Spin|[of] p2a: Iron Treads
|
|-weather|SunnyDay|[upkeep]
|-heal|p2a: Iron Treads|52/100|[from] item: Leftovers
|-fieldend|move: Trick Room
|upkeep
|turn|6
|inactive|pkmnallrounder has 120 seconds left.
|
|t:|1760790931
|move|p2a: Iron Treads|Stealth Rock|p1a: Great Tusk
|-sidestart|p1: pkmnallrounder|move: Stealth Rock
|move|p1a: Great Tusk|Headlong Rush|p2a: Iron Treads
|-supereffective|p2a: Iron Treads
|-crit|p2a: Iron Treads
|-damage|p2a: Iron Treads|0 fnt
|-unboost|p1a: Great Tusk|def|1
|-unboost|p1a: Great Tusk|spd|1
|faint|p2a: Iron Treads
|-end|p2a: Iron Treads|Quark Drive|[silent]
|
|-weather|SunnyDay|[upkeep]
|upkeep
|
|t:|1760790933
|switch|p2a: Mimikyu|Mimikyu, F|100/100
|turn|7
|
|t:|1760790938
|move|p1a: Great Tusk|Ice Spinner|p2a: Mimikyu
|-activate|p2a: Mimikyu|ability: Disguise
|-damage|p2a: Mimikyu|100/100
|detailschange|p2a: Mimikyu|Mimikyu-Busted, F
|-damage|p2a: Mimikyu|88/100|[from] pokemon: Mimikyu-Busted
|-enditem|p2a: Mimikyu|Red Card|[of] p1a: Great Tusk
|-end|p1a: Great Tusk|Protosynthesis|[silent]
|drag|p1a: Raging Bolt|Raging Bolt|100/100
|-damage|p1a: Raging Bolt|88/100|[from] Stealth Rock
|-activate|p1a: Raging Bolt|ability: Protosynthesis
|-start|p1a: Raging Bolt|protosynthesisspa
|move|p2a: Mimikyu|Trick Room|p2a: Mimikyu
|-fieldstart|move: Trick Room|[of] p2a: Mimikyu
|
|-weather|SunnyDay|[upkeep]
|-heal|p1a: Raging Bolt|94/100|[from] item: Leftovers
|upkeep
|turn|8
|inactive|pkmnallrounder has 120 seconds left.
|
|t:|1760790960
|-terastallize|p1a: Raging Bolt|Fairy
|move|p1a: Raging Bolt|Calm Mind|p1a: Raging Bolt
|-boost|p1a: Raging Bolt|spa|1
|-boost|p1a: Raging Bolt|spd|1
|move|p2a: Mimikyu|Play Rough|p1a: Raging Bolt
|-damage|p1a: Raging Bolt|74/100
|
|-weather|none
|-end|p1a: Raging Bolt|Protosynthesis
|-heal|p1a: Raging Bolt|80/100|[from] item: Leftovers
|upkeep
|turn|9
|inactive|pkmnallrounder has 120 seconds left.
|
|t:|1760790973
|switch|p2a: Torkoal|Torkoal, M|100/100
|-weather|SunnyDay|[from] ability: Drought|[of] p2a: Torkoal
|-activate|p1a: Raging Bolt|ability: Protosynthesis
|-start|p1a: Raging Bolt|protosynthesisspa
|move|p1a: Raging Bolt|Thunderbolt|p2a: Torkoal
|-damage|p2a: Torkoal|0 fnt
|faint|p2a: Torkoal
|
|-weather|SunnyDay|[upkeep]
|-heal|p1a: Raging Bolt|87/100|[from] item: Leftovers
|upkeep
|
|t:|1760790979
|switch|p2a: Sunflora|Sunflora, F|76/100
|turn|10
|
|t:|1760790987
|-terastallize|p2a: Sunflora|Fire
|move|p2a: Sunflora|Weather Ball|p1a: Raging Bolt
|-damage|p1a: Raging Bolt|0 fnt
|faint|p1a: Raging Bolt
|-end|p1a: Raging Bolt|Protosynthesis|[silent]
|
|-weather|SunnyDay|[upkeep]
|-damage|p2a: Sunflora|63/100|[from] ability: Solar Power|[of] p2a: Sunflora
|upkeep
|
|t:|1760790997
|switch|p1a: Typhlosion|Typhlosion, M|100/100
|-damage|p1a: Typhlosion|76/100|[from] Stealth Rock
|turn|11
|
|t:|1760791005
|switch|p2a: Walking Wake|Walking Wake|100/100
|-activate|p2a: Walking Wake|ability: Protosynthesis
|-start|p2a: Walking Wake|protosynthesisspe
|move|p1a: Typhlosion|Flamethrower|p2a: Walking Wake
|-resisted|p2a: Walking Wake
|-damage|p2a: Walking Wake|75/100
|
|-weather|SunnyDay|[upkeep]
|-fieldend|move: Trick Room
|upkeep
|turn|12
|inactive|pkmnallrounder has 120 seconds left.
|
|t:|1760791025
|move|p2a: Walking Wake|Hydro Steam|p1a: Typhlosion
|-supereffective|p1a: Typhlosion
|-crit|p1a: Typhlosion
|-damage|p1a: Typhlosion|0 fnt
|faint|p1a: Typhlosion
|-damage|p2a: Walking Wake|65/100|[from] item: Life Orb
|
|-weather|SunnyDay|[upkeep]
|upkeep
|inactive|pkmnallrounder has 120 seconds left.
|
|t:|1760791032
|switch|p1a: Walking Wake|Walking Wake|100/100
|-damage|p1a: Walking Wake|88/100|[from] Stealth Rock
|-activate|p1a: Walking Wake|ability: Protosynthesis
|-start|p1a: Walking Wake|protosynthesisspe
|turn|13
|
|t:|1760791039
|-end|p2a: Walking Wake|Protosynthesis|[silent]
|switch|p2a: Mimikyu|Mimikyu-Busted, F|88/100
|move|p1a: Walking Wake|Dragon Pulse|p2a: Mimikyu
|-immune|p2a: Mimikyu
|
|-weather|none
|-end|p1a: Walking Wake|Protosynthesis
|upkeep
|turn|14
|
|t:|1760791051
|move|p1a: Walking Wake|Hydro Steam|p2a: Mimikyu
|-damage|p2a: Mimikyu|33/100
|-damage|p1a: Walking Wake|78/100|[from] item: Life Orb
|move|p2a: Mimikyu|Trick Room|p2a: Mimikyu
|-fieldstart|move: Trick Room|[of] p2a: Mimikyu
|
|upkeep
|turn|15
|
|t:|1760791061
|move|p2a: Mimikyu|Destiny Bond|p2a: Mimikyu
|-singlemove|p2a: Mimikyu|Destiny Bond
|move|p1a: Walking Wake|Flip Turn|p2a: Mimikyu
|-damage|p2a: Mimikyu|12/100
|-damage|p1a: Walking Wake|68/100|[from] item: Life Orb
|
|t:|1760791068
|-end|p1a: Walking Wake|Protosynthesis|[silent]
|switch|p1a: Great Tusk|Great Tusk|90/100|[from] Flip Turn
|-damage|p1a: Great Tusk|87/100|[from] Stealth Rock
|
|upkeep
|turn|16
|
|t:|1760791077
|move|p1a: Great Tusk|Rapid Spin|p2a: Mimikyu
|-immune|p2a: Mimikyu
|move|p2a: Mimikyu|Curse|p1a: Great Tusk
|-start|p1a: Great Tusk|Curse|[of] p2a: Mimikyu
|-damage|p2a: Mimikyu|0 fnt
|faint|p2a: Mimikyu
|
|-damage|p1a: Great Tusk|62/100|[from] Curse
|upkeep
|
|t:|1760791087
|switch|p2a: Sunflora|Sunflora, F, tera:Fire|63/100
|turn|17
|
|t:|1760791101
|move|p2a: Sunflora|Dazzling Gleam|p1a: Great Tusk
|-supereffective|p1a: Great Tusk
|-damage|p1a: Great Tusk|6/100
|move|p1a: Great Tusk|Close Combat|p2a: Sunflora
|-damage|p2a: Sunflora|0 fnt
|-unboost|p1a: Great Tusk|def|1
|-unboost|p1a: Great Tusk|spd|1
|faint|p2a: Sunflora
|
|-damage|p1a: Great Tusk|0 fnt|[from] Curse
|faint|p1a: Great Tusk
|-end|p1a: Great Tusk|Protosynthesis|[silent]
|upkeep
|inactive|pkmnallrounder has 120 seconds left.
|c|☆pkmnallrounder|Lol gg
|
|t:|1760791127
|switch|p2a: Walking Wake|Walking Wake|65/100
|switch|p1a: Lilligant|Lilligant-Hisui, F|100/100
|-damage|p1a: Lilligant|94/100|[from] Stealth Rock
|turn|18
|inactive|pkmnallrounder has 120 seconds left.
|
|t:|1760791139
|move|p1a: Lilligant|Close Combat|p2a: Walking Wake
|-damage|p2a: Walking Wake|0 fnt
|-unboost|p1a: Lilligant|def|1
|-unboost|p1a: Lilligant|spd|1
|faint|p2a: Walking Wake
|-end|p2a: Walking Wake|Protosynthesis|[silent]
|
|win|pkmnallrounder
|raw|pkmnallrounder's rating: 1229 &rarr; <strong>1253</strong><br />(+24 for winning)
|raw|phonekretchy's rating: 1218 &rarr; <strong>1194</strong><br />(-24 for losing)
|l|☆phonekretchy
|player|p2|
|l|☆pkmnallrounder
|player|p1|
