|j|☆solcreciente
|j|☆Xdhi
|t:|1760885193
|gametype|singles
|player|p1|solcreciente|gambler|1363
|player|p2|Xdhi|101|1382
|gen|9
|tier|[Gen 9] OU
|rated|
|rule|HP Percentage Mod: HP is shown in percentages
|rule|Endless Battle Clause: Forcing endless battles is banned
|rule|Species Clause: Limit one of each Pokémon
|rule|OHKO Clause: OHKO moves are banned
|rule|Evasion Items Clause: Evasion items are banned
|rule|Evasion Moves Clause: Evasion moves are banned
|rule|Evasion Abilities Clause: Evasion abilities are banned
|rule|Sleep Moves Clause: Sleep-inducing moves are banned
|clearpoke
|poke|p1|Maushold|
|poke|p1|Weezing-Galar, F|
|poke|p1|Alomomola, M|
|poke|p1|Krookodile, M|
|poke|p1|Sinistcha|
|poke|p1|Frosmoth, M|
|poke|p2|Gholdengo|
|poke|p2|Clefable, F|
|poke|p2|Rotom-Wash|
|poke|p2|Deoxys-Speed|
|poke|p2|Cinderace, M|
|poke|p2|Garganacl, F|
|teampreview
|inactive|Battle timer is ON: inactive players will automatically lose when time's up. (requested by Xdhi)
|
|t:|1760885204
|teamsize|p1|6
|teamsize|p2|6
|start
|switch|p1a: Krookodile|Krookodile, M|100/100
|switch|p2a: Deoxys|Deoxys-Speed|100/100
|-ability|p2a: Deoxys|Pressure
|-ability|p1a: Krookodile|Intimidate|boost
|-unboost|p2a: Deoxys|atk|1
|turn|1
|
|t:|1760885219
|-terastallize|p2a: Deoxys|Fighting
|move|p2a: Deoxys|Focus Blast|p1a: Krookodile|[miss]
|-miss|p2a: Deoxys|p1a: Krookodile
|move|p1a: Krookodile|Knock Off|p2a: Deoxys
|-resisted|p2a: Deoxys
|-damage|p2a: Deoxys|60/100
|-enditem|p2a: Deoxys|Power Herb|[from] move: Knock Off|[of] p1a: Krookodile
|
|upkeep
|turn|2
|
|t:|1760885235
|switch|p1a: Weezing|Weezing-Galar, F|100/100
|-ability|p1a: Weezing|Neutralizing Gas
|move|p2a: Deoxys|Focus Blast|p1a: Weezing
|-resisted|p1a: Weezing
|-damage|p1a: Weezing|85/100
|
|upkeep
|turn|3
|
|t:|1760885241
|move|p2a: Deoxys|Psychic|p1a: Weezing
|-supereffective|p1a: Weezing
|-damage|p1a: Weezing|0 fnt
|faint|p1a: Weezing
|-end|p1a: Weezing|ability: Neutralizing Gas
|-ability|p2a: Deoxys|Pressure
|
|upkeep
|
|t:|1760885252
|switch|p1a: Sinistcha|Sinistcha|100/100
|turn|4
|
|t:|1760885258
|move|p2a: Deoxys|Ice Beam|p1a: Sinistcha
|-supereffective|p1a: Sinistcha
|-damage|p1a: Sinistcha|39/100
|move|p1a: Sinistcha|Matcha Gotcha|p2a: Deoxys
|-damage|p2a: Deoxys|8/100
|-heal|p1a: Sinistcha|65/100|[from] drain|[of] p2a: Deoxys
|
|upkeep
|turn|5
|
|t:|1760885270
|switch|p1a: Alomomola|Alomomola, M|100/100
|move|p2a: Deoxys|Ice Beam|p1a: Alomomola
|-resisted|p1a: Alomomola
|-damage|p1a: Alomomola|85/100
|
|upkeep
|turn|6
|
|t:|1760885274
|move|p2a: Deoxys|Psychic|p1a: Alomomola
|-damage|p1a: Alomomola|43/100
|move|p1a: Alomomola|Flip Turn|p2a: Deoxys
|-damage|p2a: Deoxys|0 fnt
|faint|p2a: Deoxys
|
|t:|1760885284
|switch|p1a: Maushold|Maushold|100/100|[from] Flip Turn
|
|upkeep
|
|t:|1760885287
|switch|p2a: Cinderace|Cinderace, M|100/100
|turn|7
|
|t:|1760885299
|switch|p1a: Alomomola|Alomomola, M|76/100
|move|p2a: Cinderace|Pyro Ball|p1a: Alomomola
|-resisted|p1a: Alomomola
|-damage|p1a: Alomomola|54/100
|
|upkeep
|turn|8
|
|t:|1760885312
|switch|p2a: Rotom|Rotom-Wash|100/100
|move|p1a: Alomomola|Flip Turn|p2a: Rotom
|-resisted|p2a: Rotom
|-damage|p2a: Rotom|89/100
|
|t:|1760885328
|switch|p1a: Maushold|Maushold|100/100|[from] Flip Turn
|
|upkeep
|turn|9
|
|t:|1760885333
|move|p1a: Maushold|Tidy Up|p1a: Maushold
|-boost|p1a: Maushold|atk|1
|-boost|p1a: Maushold|spe|1
|move|p2a: Rotom|Discharge|p1a: Maushold
|-damage|p1a: Maushold|43/100
|-status|p1a: Maushold|par
|
|upkeep
|turn|10
|c|☆solcreciente|noooo
|
|t:|1760885340
|move|p2a: Rotom|Discharge|p1a: Maushold
|-damage|p1a: Maushold|0 fnt
|faint|p1a: Maushold
|
|upkeep
|inactive|solcreciente has 120 seconds left.
|
|t:|1760885370
|switch|p1a: Sinistcha|Sinistcha|65/100
|turn|11
|inactive|solcreciente has 120 seconds left.
|
|t:|1760885382
|move|p2a: Rotom|Dark Pulse|p1a: Sinistcha
|-supereffective|p1a: Sinistcha
|-enditem|p1a: Sinistcha|Colbur Berry|[eat]
|-enditem|p1a: Sinistcha|Colbur Berry|[weaken]
|-damage|p1a: Sinistcha|36/100
|move|p1a: Sinistcha|Strength Sap|p2a: Rotom
|-unboost|p2a: Rotom|atk|1
|-heal|p1a: Sinistcha|76/100
|
|upkeep
|turn|12
|
|t:|1760885389
|move|p2a: Rotom|Dark Pulse|p1a: Sinistcha
|-supereffective|p1a: Sinistcha
|-damage|p1a: Sinistcha|16/100
|move|p1a: Sinistcha|Calm Mind|p1a: Sinistcha
|-boost|p1a: Sinistcha|spa|1
|-boost|p1a: Sinistcha|spd|1
|
|upkeep
|turn|13
|
|t:|1760885396
|switch|p1a: Krookodile|Krookodile, M|100/100
|-ability|p1a: Krookodile|Intimidate|boost
|-unboost|p2a: Rotom|atk|1
|move|p2a: Rotom|Dark Pulse|p1a: Krookodile
|-resisted|p1a: Krookodile
|-damage|p1a: Krookodile|85/100
|
|upkeep
|turn|14
|
|t:|1760885404
|move|p1a: Krookodile|Knock Off|p2a: Rotom
|-damage|p2a: Rotom|0 fnt
|-enditem|p2a: Rotom|Assault Vest|[from] move: Knock Off|[of] p1a: Krookodile
|faint|p2a: Rotom
|
|upkeep
|
|t:|1760885409
|switch|p2a: Clefable|Clefable, F|100/100
|turn|15
|
|t:|1760885415
|switch|p1a: Alomomola|Alomomola, M|87/100
|move|p2a: Clefable|Cosmic Power|p2a: Clefable
|-boost|p2a: Clefable|def|1
|-boost|p2a: Clefable|spd|1
|
|upkeep
|turn|16
|
|t:|1760885419
|move|p1a: Alomomola|Flip Turn|p2a: Clefable
|-damage|p2a: Clefable|89/100
|
|t:|1760885428
|switch|p1a: Sinistcha|Sinistcha|16/100|[from] Flip Turn
|move|p2a: Clefable|Cosmic Power|p2a: Clefable
|-boost|p2a: Clefable|def|1
|-boost|p2a: Clefable|spd|1
|
|-heal|p2a: Clefable|95/100|[from] item: Leftovers
|upkeep
|turn|17
|
|t:|1760885448
|switch|p1a: Alomomola|Alomomola, M|100/100
|move|p2a: Clefable|Moonblast|p1a: Alomomola
|-damage|p1a: Alomomola|48/100
|
|-heal|p2a: Clefable|100/100|[from] item: Leftovers
|upkeep
|turn|18
|
|t:|1760885460
|switch|p1a: Frosmoth|Frosmoth, M|100/100
|move|p2a: Clefable|Cosmic Power|p2a: Clefable
|-boost|p2a: Clefable|def|1
|-boost|p2a: Clefable|spd|1
|
|upkeep
|turn|19
|
|t:|1760885472
|move|p1a: Frosmoth|Substitute|p1a: Frosmoth
|-start|p1a: Frosmoth|Substitute
|-damage|p1a: Frosmoth|76/100
|move|p2a: Clefable|Stored Power|p1a: Frosmoth
|-activate|p1a: Frosmoth|move: Substitute|[damage]
|
|-heal|p1a: Frosmoth|82/100|[from] item: Leftovers
|upkeep
|turn|20
|
|t:|1760885479
|move|p1a: Frosmoth|Quiver Dance|p1a: Frosmoth
|-boost|p1a: Frosmoth|spa|1
|-boost|p1a: Frosmoth|spd|1
|-boost|p1a: Frosmoth|spe|1
|move|p2a: Clefable|Moonblast|p1a: Frosmoth
|-end|p1a: Frosmoth|Substitute
|
|-heal|p1a: Frosmoth|88/100|[from] item: Leftovers
|upkeep
|turn|21
|l|☆Xdhi
|inactive|Xdhi disconnected and has a minute to reconnect!
|player|p2|
|j|☆Xdhi
|inactive|Xdhi reconnected and has 115 seconds left.
|player|p2|Xdhi|101|
|
|t:|1760885517
|move|p1a: Frosmoth|Substitute|p1a: Frosmoth
|-start|p1a: Frosmoth|Substitute
|-damage|p1a: Frosmoth|63/100
|move|p2a: Clefable|Moonblast|p1a: Frosmoth
|-activate|p1a: Frosmoth|move: Substitute|[damage]
|
|-heal|p1a: Frosmoth|69/100|[from] item: Leftovers
|upkeep
|turn|22
|inactive|solcreciente has 120 seconds left.
|
|t:|1760885556
|move|p1a: Frosmoth|Quiver Dance|p1a: Frosmoth
|-boost|p1a: Frosmoth|spa|1
|-boost|p1a: Frosmoth|spd|1
|-boost|p1a: Frosmoth|spe|1
|move|p2a: Clefable|Moonblast|p1a: Frosmoth
|-activate|p1a: Frosmoth|move: Substitute|[damage]
|
|-heal|p1a: Frosmoth|75/100|[from] item: Leftovers
|upkeep
|turn|23
|inactive|solcreciente has 120 seconds left.
|
|t:|1760885566
|move|p1a: Frosmoth|Quiver Dance|p1a: Frosmoth
|-boost|p1a: Frosmoth|spa|1
|-boost|p1a: Frosmoth|spd|1
|-boost|p1a: Frosmoth|spe|1
|move|p2a: Clefable|Moonblast|p1a: Frosmoth
|-end|p1a: Frosmoth|Substitute
|
|-heal|p1a: Frosmoth|82/100|[from] item: Leftovers
|upkeep
|turn|24
|l|☆Xdhi
|inactive|Xdhi disconnected and has a minute to reconnect!
|player|p2|
|inactive|solcreciente has 120 seconds left.
|inactive|Xdhi has 30 seconds to reconnect!
|inactive|solcreciente has 90 seconds left.
|inactive|Xdhi has 20 seconds to reconnect!
|inactive|Xdhi has 15 seconds to reconnect!
|inactive|Xdhi has 10 seconds to reconnect!
|inactive|Xdhi has 5 seconds to reconnect!
|-message|Xdhi lost due to inactivity.
|
|win|solcreciente
|raw|solcreciente's rating: 1363 &rarr; <strong>1384</strong><br />(+21 for winning)
|raw|Xdhi's rating: 1382 &rarr; <strong>1361</strong><br />(-21 for losing)
