|j|☆Manbaby319
|j|☆shuppetlover
|t:|1760828083
|gametype|singles
|player|p1|Manbaby319|169|1171
|player|p2|shuppetlover|workerice|1117
|gen|9
|tier|[Gen 9] OU
|rated|
|rule|HP Percentage Mod: HP is shown in percentages
|rule|Endless Battle Clause: Forcing endless battles is banned
|rule|Species Clause: Limit one of each Pokémon
|rule|OHKO Clause: OHKO moves are banned
|rule|Evasion Items Clause: Evasion items are banned
|rule|Evasion Moves Clause: Evasion moves are banned
|rule|Evasion Abilities Clause: Evasion abilities are banned
|rule|Sleep Moves Clause: Sleep-inducing moves are banned
|clearpoke
|poke|p1|Dusknoir, F|
|poke|p1|Exeggutor-Alola, M|
|poke|p1|Torkoal, F|
|poke|p1|Indeedee-F, F|
|poke|p1|Hoopa-Unbound|
|poke|p1|Walking Wake|
|poke|p2|Hatterene, F|
|poke|p2|Carbink|
|poke|p2|Honchkrow, F|
|poke|p2|Primarina, M|
|poke|p2|Enamorus, F|
|poke|p2|Iron Thorns|
|teampreview
|
|t:|1760828092
|teamsize|p1|6
|teamsize|p2|6
|start
|switch|p1a: Torkoal|Torkoal, F, shiny|100/100
|switch|p2a: Carbink|Carbink|100/100
|-weather|SunnyDay|[from] ability: Drought|[of] p1a: Torkoal
|turn|1
|
|t:|1760828104
|move|p2a: Carbink|Stealth Rock|p1a: Torkoal
|-sidestart|p1: Manbaby319|move: Stealth Rock
|move|p1a: Torkoal|Will-O-Wisp|p2a: Carbink
|-status|p2a: Carbink|brn
|-enditem|p2a: Carbink|Lum Berry|[eat]
|-curestatus|p2a: Carbink|brn|[msg]
|
|-weather|SunnyDay|[upkeep]
|upkeep
|turn|2
|
|t:|1760828121
|move|p2a: Carbink|Spikes|p1a: Torkoal
|-sidestart|p1: Manbaby319|Spikes
|move|p1a: Torkoal|Rapid Spin|p2a: Carbink
|-resisted|p2a: Carbink
|-damage|p2a: Carbink|98/100
|-boost|p1a: Torkoal|spe|1
|-sideend|p1: Manbaby319|Spikes|[from] move: Rapid Spin|[of] p1a: Torkoal
|-sideend|p1: Manbaby319|Stealth Rock|[from] move: Rapid Spin|[of] p1a: Torkoal
|
|-weather|SunnyDay|[upkeep]
|upkeep
|turn|3
|
|t:|1760828133
|switch|p2a: Primarina|Primarina, M|100/100
|move|p1a: Torkoal|Stealth Rock|p2a: Primarina
|-sidestart|p2: shuppetlover|move: Stealth Rock
|
|-weather|SunnyDay|[upkeep]
|upkeep
|turn|4
|
|t:|1760828148
|switch|p1a: Exeggutor|Exeggutor-Alola, M, shiny|100/100
|move|p2a: Primarina|Calm Mind|p2a: Primarina
|-boost|p2a: Primarina|spa|1
|-boost|p2a: Primarina|spd|1
|
|-weather|SunnyDay|[upkeep]
|upkeep
|turn|5
|
|t:|1760828156
|-terastallize|p1a: Exeggutor|Psychic
|move|p2a: Primarina|Psychic Noise|p1a: Exeggutor
|-resisted|p1a: Exeggutor
|-damage|p1a: Exeggutor|80/100
|-start|p1a: Exeggutor|move: Heal Block
|-damage|p2a: Primarina|90/100|[from] item: Life Orb
|move|p1a: Exeggutor|Growth|p1a: Exeggutor
|-boost|p1a: Exeggutor|atk|2
|-boost|p1a: Exeggutor|spa|2
|
|-weather|SunnyDay|[upkeep]
|upkeep
|turn|6
|
|t:|1760828173
|move|p2a: Primarina|Draining Kiss|p1a: Exeggutor
|-damage|p1a: Exeggutor|36/100
|-heal|p2a: Primarina|100/100|[from] drain|[of] p1a: Exeggutor
|-damage|p2a: Primarina|90/100|[from] item: Life Orb
|move|p1a: Exeggutor|Growth|p1a: Exeggutor
|-boost|p1a: Exeggutor|atk|2
|-boost|p1a: Exeggutor|spa|2
|
|-weather|SunnyDay|[upkeep]
|-end|p1a: Exeggutor|move: Heal Block
|upkeep
|-enditem|p1a: Exeggutor|Sitrus Berry|[eat]
|-heal|p1a: Exeggutor|61/100|[from] item: Sitrus Berry
|turn|7
|
|t:|1760828183
|move|p2a: Primarina|Draining Kiss|p1a: Exeggutor
|-damage|p1a: Exeggutor|16/100
|-heal|p2a: Primarina|100/100|[from] drain|[of] p1a: Exeggutor
|-damage|p2a: Primarina|90/100|[from] item: Life Orb
|move|p1a: Exeggutor|Giga Drain|p2a: Primarina
|-supereffective|p2a: Primarina
|-damage|p2a: Primarina|0 fnt
|-heal|p1a: Exeggutor|56/100|[from] drain|[of] p2a: Primarina
|faint|p2a: Primarina
|
|-weather|SunnyDay|[upkeep]
|-item|p1a: Exeggutor|Sitrus Berry|[from] ability: Harvest
|upkeep
|
|t:|1760828194
|switch|p2a: Iron Thorns|Iron Thorns|100/100
|-damage|p2a: Iron Thorns|88/100|[from] Stealth Rock
|turn|8
|
|t:|1760828207
|move|p2a: Iron Thorns|Rock Blast|p1a: Exeggutor
|-damage|p1a: Exeggutor|43/100
|-enditem|p1a: Exeggutor|Sitrus Berry|[eat]
|-heal|p1a: Exeggutor|68/100|[from] item: Sitrus Berry
|-damage|p1a: Exeggutor|54/100
|-damage|p1a: Exeggutor|42/100
|-crit|p1a: Exeggutor
|-damage|p1a: Exeggutor|25/100
|-hitcount|p1a: Exeggutor|4
|move|p1a: Exeggutor|Dragon Tail|p2a: Iron Thorns
|-damage|p2a: Iron Thorns|24/100
|-end|p2a: Iron Thorns|Quark Drive|[silent]
|drag|p2a: Enamorus|Enamorus, F|100/100
|-damage|p2a: Enamorus|76/100|[from] Stealth Rock
|
|-weather|none
|upkeep
|turn|9
|
|t:|1760828227
|switch|p1a: Torkoal|Torkoal, F, shiny|100/100
|-weather|SunnyDay|[from] ability: Drought|[of] p1a: Torkoal
|move|p2a: Enamorus|Tera Blast|p1a: Torkoal
|-damage|p1a: Torkoal|70/100
|
|-weather|SunnyDay|[upkeep]
|upkeep
|turn|10
|
|t:|1760828239
|switch|p2a: Iron Thorns|Iron Thorns|24/100
|-damage|p2a: Iron Thorns|12/100|[from] Stealth Rock
|move|p1a: Torkoal|Will-O-Wisp|p2a: Iron Thorns
|-status|p2a: Iron Thorns|brn
|
|-weather|SunnyDay|[upkeep]
|-damage|p2a: Iron Thorns|6/100 brn|[from] brn
|upkeep
|turn|11
|
|t:|1760828259
|switch|p1a: Dusknoir|Dusknoir, F, shiny|100/100
|-ability|p1a: Dusknoir|Pressure
|move|p2a: Iron Thorns|Rock Blast|p1a: Dusknoir
|-damage|p1a: Dusknoir|96/100
|-damage|p1a: Dusknoir|92/100
|-damage|p1a: Dusknoir|87/100
|-damage|p1a: Dusknoir|82/100
|-hitcount|p1a: Dusknoir|4
|
|-weather|SunnyDay|[upkeep]
|-heal|p1a: Dusknoir|88/100|[from] item: Leftovers
|-damage|p2a: Iron Thorns|0 fnt|[from] brn
|faint|p2a: Iron Thorns
|-end|p2a: Iron Thorns|Quark Drive|[silent]
|upkeep
|
|t:|1760828266
|switch|p2a: Carbink|Carbink|98/100
|-damage|p2a: Carbink|85/100|[from] Stealth Rock
|turn|12
|
|t:|1760828284
|move|p2a: Carbink|Stealth Rock|p1a: Dusknoir
|-sidestart|p1: Manbaby319|move: Stealth Rock
|move|p1a: Dusknoir|Will-O-Wisp|p2a: Carbink
|-status|p2a: Carbink|brn
|
|-weather|SunnyDay|[upkeep]
|-heal|p1a: Dusknoir|94/100|[from] item: Leftovers
|-damage|p2a: Carbink|79/100 brn|[from] brn
|upkeep
|turn|13
|
|t:|1760828300
|move|p2a: Carbink|Misty Explosion|p1a: Dusknoir
|-damage|p1a: Dusknoir|81/100
|faint|p2a: Carbink
|move|p1a: Dusknoir|Curse|p2: Carbink|[notarget]
|-fail|p1a: Dusknoir
|
|-weather|SunnyDay|[upkeep]
|-heal|p1a: Dusknoir|87/100|[from] item: Leftovers
|upkeep
|
|t:|1760828308
|switch|p2a: Enamorus|Enamorus, F|76/100
|-damage|p2a: Enamorus|51/100|[from] Stealth Rock
|turn|14
|
|t:|1760828324
|-terastallize|p2a: Enamorus|Stellar
|move|p2a: Enamorus|Tera Blast|p1a: Dusknoir|[anim] Tera Blast Stellar
|-damage|p1a: Dusknoir|48/100
|-boost|p2a: Enamorus|atk|1
|-boost|p2a: Enamorus|spa|1
|move|p1a: Dusknoir|Curse|p2a: Enamorus
|-start|p2a: Enamorus|Curse|[of] p1a: Dusknoir
|-damage|p1a: Dusknoir|0 fnt
|faint|p1a: Dusknoir
|
|-weather|SunnyDay|[upkeep]
|-damage|p2a: Enamorus|26/100|[from] Curse
|upkeep
|
|t:|1760828342
|switch|p1a: Indeedee|Indeedee-F, F, shiny|100/100
|-damage|p1a: Indeedee|88/100|[from] Stealth Rock
|-fieldstart|move: Psychic Terrain|[from] ability: Psychic Surge|[of] p1a: Indeedee
|turn|15
|l|☆Manbaby319
|player|p1|
|inactive|Battle timer is ON: inactive players will automatically lose when time's up. (requested by shuppetlover)
|inactive|Manbaby319 has 30 seconds to reconnect!
|inactive|Manbaby319 has 20 seconds to reconnect!
|inactive|Manbaby319 has 15 seconds to reconnect!
|inactive|Manbaby319 has 10 seconds to reconnect!
|j|☆Manbaby319
|inactive|Manbaby319 reconnected and has 100 seconds left.
|player|p1|Manbaby319|169|
|
|t:|1760828526
|move|p2a: Enamorus|Tera Blast|p1a: Indeedee|[anim] Tera Blast Stellar
|-damage|p1a: Indeedee|32/100
|-boost|p2a: Enamorus|atk|1
|-boost|p2a: Enamorus|spa|1
|move|p1a: Indeedee|Healing Wish|p1a: Indeedee
|faint|p1a: Indeedee
|
|-weather|SunnyDay|[upkeep]
|-damage|p2a: Enamorus|1/100|[from] Curse
|upkeep
|
|t:|1760828537
|switch|p1a: Exeggutor|Exeggutor-Alola, M, shiny, tera:Psychic|25/100
|-heal|p1a: Exeggutor|100/100|[from] move: Healing Wish
|-damage|p1a: Exeggutor|88/100|[from] Stealth Rock
|turn|16
|inactiveoff|Battle timer is now OFF.
|
|t:|1760828557
|move|p2a: Enamorus|Tera Blast|p1a: Exeggutor|[anim] Tera Blast Stellar
|-supereffective|p1a: Exeggutor
|-damage|p1a: Exeggutor|0 fnt
|-boost|p2a: Enamorus|atk|1
|-boost|p2a: Enamorus|spa|1
|faint|p1a: Exeggutor
|
|-weather|none
|-damage|p2a: Enamorus|0 fnt|[from] Curse
|faint|p2a: Enamorus
|upkeep
|
|t:|1760828563
|switch|p2a: Hatterene|Hatterene, F|100/100
|switch|p1a: Torkoal|Torkoal, F, shiny|70/100
|-damage|p2a: Hatterene|88/100|[from] Stealth Rock
|-damage|p1a: Torkoal|46/100|[from] Stealth Rock
|-weather|SunnyDay|[from] ability: Drought|[of] p1a: Torkoal
|turn|17
|
|t:|1760828572
|move|p1a: Torkoal|Rapid Spin|p2a: Hatterene
|-crit|p2a: Hatterene
|-damage|p2a: Hatterene|68/100
|-boost|p1a: Torkoal|spe|1
|-sideend|p1: Manbaby319|Stealth Rock|[from] move: Rapid Spin|[of] p1a: Torkoal
|move|p2a: Hatterene|Trick Room|p2a: Hatterene
|-fieldstart|move: Trick Room|[of] p2a: Hatterene
|
|-weather|SunnyDay|[upkeep]
|-heal|p2a: Hatterene|74/100|[from] item: Leftovers
|upkeep
|turn|18
|
|t:|1760828618
|move|p1a: Torkoal|Overheat|p2a: Hatterene
|-damage|p2a: Hatterene|17/100
|-unboost|p1a: Torkoal|spa|2
|move|p2a: Hatterene|Misty Explosion|p1a: Torkoal
|-resisted|p1a: Torkoal
|-damage|p1a: Torkoal|19/100
|faint|p2a: Hatterene
|
|-weather|SunnyDay|[upkeep]
|upkeep
|
|t:|1760828620
|switch|p2a: Honchkrow|Honchkrow, F|100/100
|-damage|p2a: Honchkrow|76/100|[from] Stealth Rock
|-enditem|p2a: Honchkrow|Room Service
|-unboost|p2a: Honchkrow|spe|1|[from] item: Room Service
|turn|19
|
|t:|1760828627
|move|p2a: Honchkrow|Sucker Punch||[still]
|-fail|p2a: Honchkrow
|move|p1a: Torkoal|Will-O-Wisp|p2a: Honchkrow|[miss]
|-miss|p1a: Torkoal|p2a: Honchkrow
|
|-weather|SunnyDay|[upkeep]
|-fieldend|move: Psychic Terrain
|upkeep
|turn|20
|
|t:|1760828635
|move|p1a: Torkoal|Will-O-Wisp|p2a: Honchkrow
|-status|p2a: Honchkrow|brn
|move|p2a: Honchkrow|Night Slash|p1a: Torkoal
|-damage|p1a: Torkoal|5/100
|
|-weather|SunnyDay|[upkeep]
|-damage|p2a: Honchkrow|69/100 brn|[from] brn
|upkeep
|turn|21
|
|t:|1760828644
|move|p2a: Honchkrow|Sucker Punch|p1a: Torkoal
|-crit|p1a: Torkoal
|-damage|p1a: Torkoal|0 fnt
|faint|p1a: Torkoal
|-ability|p2a: Honchkrow|Moxie|boost
|-boost|p2a: Honchkrow|atk|1
|
|-weather|SunnyDay|[upkeep]
|-damage|p2a: Honchkrow|63/100 brn|[from] brn
|-fieldend|move: Trick Room
|upkeep
|
|t:|1760828647
|switch|p1a: Walking Wake|Walking Wake|100/100
|-activate|p1a: Walking Wake|ability: Protosynthesis
|-start|p1a: Walking Wake|protosynthesisspe
|turn|22
|
|t:|1760828682
|move|p2a: Honchkrow|Sucker Punch|p1a: Walking Wake
|-damage|p1a: Walking Wake|68/100
|move|p1a: Walking Wake|Hydro Steam|p2a: Honchkrow
|-damage|p2a: Honchkrow|0 fnt
|faint|p2a: Honchkrow
|
|win|Manbaby319
|raw|Manbaby319's rating: 1171 &rarr; <strong>1191</strong><br />(+20 for winning)
|raw|shuppetlover's rating: 1095 &rarr; <strong>1076</strong><br />(-19 for losing)
|l|☆shuppetlover
|player|p2|
|l|☆Manbaby319
|player|p1|
