|j|☆sly_sunflower
|j|☆apaal
|t:|1760779820
|gametype|singles
|player|p1|sly_sunflower|cilan|1109
|player|p2|apaal|101|1121
|gen|9
|tier|[Gen 9] OU
|rated|
|rule|HP Percentage Mod: HP is shown in percentages
|rule|Endless Battle Clause: Forcing endless battles is banned
|rule|Species Clause: Limit one of each Pokémon
|rule|OHKO Clause: OHKO moves are banned
|rule|Evasion Items Clause: Evasion items are banned
|rule|Evasion Moves Clause: Evasion moves are banned
|rule|Evasion Abilities Clause: Evasion abilities are banned
|rule|Sleep Moves Clause: Sleep-inducing moves are banned
|clearpoke
|poke|p1|Vikavolt, F|
|poke|p1|Illumise, F|
|poke|p1|Coalossal, M|
|poke|p1|Dipplin, M|
|poke|p1|Wugtrio, M|
|poke|p1|Froslass, F|
|poke|p2|Hydreigon, F|
|poke|p2|Scizor, F|
|poke|p2|Weezing-Galar, F|
|poke|p2|Landorus-Therian, M|
|poke|p2|Darkrai|
|poke|p2|Slowking-Galar, M|
|teampreview
|inactive|Battle timer is ON: inactive players will automatically lose when time's up. (requested by sly_sunflower)
|
|t:|1760779834
|teamsize|p1|6
|teamsize|p2|6
|start
|switch|p1a: Illumise|Illumise, F|100/100
|switch|p2a: Darkrai|Darkrai|100/100
|turn|1
|
|t:|1760779840
|move|p2a: Darkrai|Nasty Plot|p2a: Darkrai
|-boost|p2a: Darkrai|spa|2
|move|p1a: Illumise|Bug Buzz|p2a: Darkrai
|-supereffective|p2a: Darkrai
|-damage|p2a: Darkrai|31/100
|
|upkeep
|turn|2
|
|t:|1760779852
|move|p2a: Darkrai|Dark Pulse|p1a: Illumise
|-damage|p1a: Illumise|26/100
|move|p1a: Illumise|Bug Buzz|p2a: Darkrai
|-supereffective|p2a: Darkrai
|-damage|p2a: Darkrai|0 fnt
|faint|p2a: Darkrai
|
|upkeep
|
|t:|1760779860
|switch|p2a: Scizor|Scizor, F|100/100
|turn|3
|
|t:|1760779870
|move|p1a: Illumise|Thunder Wave|p2a: Scizor
|-status|p2a: Scizor|par
|cant|p2a: Scizor|par
|
|upkeep
|turn|4
|
|t:|1760779878
|switch|p1a: Dipplin|Dipplin, M|100/100
|move|p2a: Scizor|U-turn|p1a: Dipplin
|-supereffective|p1a: Dipplin
|-damage|p1a: Dipplin|50/100
|
|t:|1760779882
|switch|p2a: Weezing|Weezing-Galar, F|100/100|[from] U-turn
|-ability|p2a: Weezing|Neutralizing Gas
|
|upkeep
|turn|5
|
|t:|1760779889
|switch|p1a: Coalossal|Coalossal, M|100/100
|move|p2a: Weezing|Gunk Shot|p1a: Coalossal
|-resisted|p1a: Coalossal
|-crit|p1a: Coalossal
|-damage|p1a: Coalossal|81/100
|
|upkeep
|turn|6
|
|t:|1760779905
|-end|p2a: Weezing|ability: Neutralizing Gas
|switch|p2a: Landorus|Landorus-Therian, M|100/100
|-ability|p2a: Landorus|Intimidate|boost
|-unboost|p1a: Coalossal|atk|1
|move|p1a: Coalossal|Meteor Beam||[still]
|-prepare|p1a: Coalossal|Meteor Beam
|-boost|p1a: Coalossal|spa|1
|-enditem|p1a: Coalossal|Power Herb
|-anim|p1a: Coalossal|Meteor Beam|p2a: Landorus
|-damage|p2a: Landorus|12/100
|
|upkeep
|turn|7
|inactive|sly_sunflower has 120 seconds left.
|
|t:|1760779938
|-terastallize|p1a: Coalossal|Water
|move|p2a: Landorus|U-turn|p1a: Coalossal
|-damage|p1a: Coalossal|64/100
|-message|apaal forfeited.
|
|win|sly_sunflower
|raw|sly_sunflower's rating: 1109 &rarr; <strong>1135</strong><br />(+26 for winning)
|raw|apaal's rating: 1121 &rarr; <strong>1095</strong><br />(-26 for losing)
|l|☆apaal
|player|p2|
|l|☆sly_sunflower
|player|p1|
