|j|☆ouhbj
|j|☆Scoobenvonduben
|t:|1760750873
|gametype|singles
|player|p1|ouhbj|169|1375
|player|p2|Scoobenvonduben|brawly|1328
|gen|9
|tier|[Gen 9] OU
|rated|
|rule|HP Percentage Mod: HP is shown in percentages
|rule|Endless Battle Clause: Forcing endless battles is banned
|rule|Species Clause: Limit one of each Pokémon
|rule|OHKO Clause: OHKO moves are banned
|rule|Evasion Items Clause: Evasion items are banned
|rule|Evasion Moves Clause: Evasion moves are banned
|rule|Evasion Abilities Clause: Evasion abilities are banned
|rule|Sleep Moves Clause: Sleep-inducing moves are banned
|clearpoke
|poke|p1|Scrafty, M|
|poke|p1|Rhyperior, F|
|poke|p1|Orthworm, M|
|poke|p1|Talonflame, F|
|poke|p1|Blaziken, F|
|poke|p1|Volcanion|
|poke|p2|Blissey, F|
|poke|p2|Skeledirge, M|
|poke|p2|Gliscor, F|
|poke|p2|Gyarados, M|
|poke|p2|Corviknight, M|
|poke|p2|Grafaiai, F|
|teampreview
|l|☆Scoobenvonduben
|player|p2|
|inactive|Battle timer is ON: inactive players will automatically lose when time's up. (requested by ouhbj)
|j|☆Scoobenvonduben
|inactive|Scoobenvonduben reconnected and has 145 seconds left.
|player|p2|Scoobenvonduben|brawly|
|
|t:|1760750921
|teamsize|p1|6
|teamsize|p2|6
|start
|switch|p1a: Volcanion|Volcanion|100/100
|switch|p2a: Gliscor|Gliscor, F, shiny|100/100
|turn|1
|l|☆Scoobenvonduben
|inactive|Scoobenvonduben disconnected and has a minute to reconnect!
|player|p2|
|j|☆Scoobenvonduben
|inactive|Scoobenvonduben reconnected.
|player|p2|Scoobenvonduben|brawly|
|inactive|ouhbj has 120 seconds left.
|l|☆Scoobenvonduben
|inactive|Scoobenvonduben disconnected and has a minute to reconnect!
|player|p2|
|inactive|ouhbj has 90 seconds left.
|j|☆Scoobenvonduben
|inactive|Scoobenvonduben reconnected.
|player|p2|Scoobenvonduben|brawly|
|l|☆Scoobenvonduben
|inactive|Scoobenvonduben disconnected and has a minute to reconnect!
|player|p2|
|inactive|ouhbj has 60 seconds left.
|
|t:|1760751022
|move|p2a: Gliscor|Protect|p2a: Gliscor
|-singleturn|p2a: Gliscor|Protect
|move|p1a: Volcanion|Steam Eruption|p2a: Gliscor
|-activate|p2a: Gliscor|move: Protect
|
|-status|p2a: Gliscor|tox|[from] item: Toxic Orb
|upkeep
|turn|2
|j|☆Scoobenvonduben
|inactive|Scoobenvonduben reconnected and has 130 seconds left.
|player|p2|Scoobenvonduben|brawly|
|
|t:|1760751048
|move|p2a: Gliscor|Protect||[still]
|-fail|p2a: Gliscor
|move|p1a: Volcanion|Steam Eruption|p2a: Gliscor
|-supereffective|p2a: Gliscor
|-damage|p2a: Gliscor|6/100 tox
|
|-heal|p2a: Gliscor|19/100 tox|[from] ability: Poison Heal
|upkeep
|turn|3
|
|t:|1760751055
|move|p2a: Gliscor|Protect|p2a: Gliscor
|-singleturn|p2a: Gliscor|Protect
|move|p1a: Volcanion|Steam Eruption|p2a: Gliscor
|-activate|p2a: Gliscor|move: Protect
|
|-heal|p2a: Gliscor|31/100 tox|[from] ability: Poison Heal
|upkeep
|turn|4
|
|t:|1760751068
|switch|p2a: Blissey|Blissey, F|100/100
|move|p1a: Volcanion|Steam Eruption|p2a: Blissey
|-damage|p2a: Blissey|81/100
|
|-heal|p2a: Blissey|87/100|[from] item: Leftovers
|upkeep
|turn|5
|inactive|ouhbj has 60 seconds left.
|
|t:|1760751086
|switch|p1a: Rhyperior|Rhyperior, F|100/100
|move|p2a: Blissey|Stealth Rock|p1a: Rhyperior
|-sidestart|p1: ouhbj|move: Stealth Rock
|
|-heal|p2a: Blissey|93/100|[from] item: Leftovers
|upkeep
|turn|6
|
|t:|1760751095
|switch|p2a: Corviknight|Corviknight, M|100/100
|move|p1a: Rhyperior|Ice Punch|p2a: Corviknight
|-damage|p2a: Corviknight|78/100
|
|-heal|p2a: Corviknight|84/100|[from] item: Leftovers
|upkeep
|turn|7
|inactive|ouhbj has 60 seconds left.
|
|t:|1760751103
|move|p2a: Corviknight|Iron Defense|p2a: Corviknight
|-boost|p2a: Corviknight|def|2
|move|p1a: Rhyperior|Heat Crash|p2a: Corviknight
|-supereffective|p2a: Corviknight
|-damage|p2a: Corviknight|60/100
|
|-heal|p2a: Corviknight|67/100|[from] item: Leftovers
|upkeep
|turn|8
|
|t:|1760751112
|switch|p1a: Talonflame|Talonflame, F|100/100
|move|p2a: Corviknight|Iron Defense|p2a: Corviknight
|-boost|p2a: Corviknight|def|2
|
|-heal|p2a: Corviknight|73/100|[from] item: Leftovers
|upkeep
|turn|9
|
|t:|1760751121
|move|p1a: Talonflame|Defog|p2a: Corviknight
|-ability|p2a: Corviknight|Mirror Armor
|-unboost|p1a: Talonflame|evasion|1
|-sideend|p1: ouhbj|Stealth Rock|[from] move: Defog|[of] p1a: Talonflame
|move|p2a: Corviknight|Roost|p2a: Corviknight
|-heal|p2a: Corviknight|100/100
|-singleturn|p2a: Corviknight|move: Roost
|
|upkeep
|turn|10
|
|t:|1760751129
|move|p1a: Talonflame|Flamethrower|p2a: Corviknight
|-supereffective|p2a: Corviknight
|-damage|p2a: Corviknight|67/100
|move|p2a: Corviknight|Iron Defense|p2a: Corviknight
|-boost|p2a: Corviknight|def|2
|
|-heal|p2a: Corviknight|74/100|[from] item: Leftovers
|upkeep
|turn|11
|
|t:|1760751137
|move|p1a: Talonflame|Flamethrower|p2a: Corviknight
|-supereffective|p2a: Corviknight
|-damage|p2a: Corviknight|39/100
|move|p2a: Corviknight|Body Press|p1a: Talonflame
|-resisted|p1a: Talonflame
|-damage|p1a: Talonflame|69/100
|-status|p2a: Corviknight|brn|[from] ability: Flame Body|[of] p1a: Talonflame
|
|-heal|p2a: Corviknight|45/100 brn|[from] item: Leftovers
|-damage|p2a: Corviknight|39/100 brn|[from] brn
|upkeep
|turn|12
|
|t:|1760751147
|move|p1a: Talonflame|Flamethrower|p2a: Corviknight
|-supereffective|p2a: Corviknight
|-damage|p2a: Corviknight|5/100 brn
|move|p2a: Corviknight|Roost|p2a: Corviknight
|-heal|p2a: Corviknight|55/100 brn
|-singleturn|p2a: Corviknight|move: Roost
|
|-heal|p2a: Corviknight|61/100 brn|[from] item: Leftovers
|-damage|p2a: Corviknight|55/100 brn|[from] brn
|upkeep
|turn|13
|inactive|ouhbj has 90 seconds left.
|
|t:|1760751156
|switch|p2a: Blissey|Blissey, F|93/100
|move|p1a: Talonflame|Flamethrower|p2a: Blissey
|-damage|p2a: Blissey|84/100
|
|-heal|p2a: Blissey|90/100|[from] item: Leftovers
|upkeep
|turn|14
|
|t:|1760751165
|switch|p1a: Rhyperior|Rhyperior, F|100/100
|move|p2a: Blissey|Thunder Wave|p1a: Rhyperior
|-immune|p1a: Rhyperior
|
|-heal|p2a: Blissey|96/100|[from] item: Leftovers
|upkeep
|turn|15
|
|t:|1760751172
|move|p2a: Blissey|Stealth Rock|p1a: Rhyperior
|-sidestart|p1: ouhbj|move: Stealth Rock
|move|p1a: Rhyperior|Stone Edge|p2a: Blissey
|-damage|p2a: Blissey|48/100
|
|-heal|p2a: Blissey|54/100|[from] item: Leftovers
|upkeep
|turn|16
|
|t:|1760751180
|switch|p2a: Corviknight|Corviknight, M|55/100 brn
|move|p1a: Rhyperior|Stone Edge|p2a: Corviknight|[miss]
|-miss|p1a: Rhyperior|p2a: Corviknight
|
|-heal|p2a: Corviknight|61/100 brn|[from] item: Leftovers
|-damage|p2a: Corviknight|55/100 brn|[from] brn
|upkeep
|turn|17
|
|t:|1760751188
|switch|p2a: Grafaiai|Grafaiai, F|100/100
|switch|p1a: Talonflame|Talonflame, F|69/100
|
|upkeep
|turn|18
|
|t:|1760751196
|switch|p1a: Scrafty|Scrafty, M|100/100
|-damage|p1a: Scrafty|95/100|[from] Stealth Rock
|move|p2a: Grafaiai|Knock Off|p1a: Scrafty
|-resisted|p1a: Scrafty
|-damage|p1a: Scrafty|89/100
|-enditem|p1a: Scrafty|Leftovers|[from] move: Knock Off|[of] p2a: Grafaiai
|
|upkeep
|turn|19
|inactive|ouhbj has 120 seconds left.
|
|t:|1760751206
|switch|p2a: Gyarados|Gyarados, M, shiny|100/100
|-ability|p2a: Gyarados|Intimidate|boost
|-unboost|p1a: Scrafty|atk|1
|move|p1a: Scrafty|Knock Off|p2a: Gyarados
|-damage|p2a: Gyarados|76/100
|-enditem|p2a: Gyarados|Heavy-Duty Boots|[from] move: Knock Off|[of] p1a: Scrafty
|
|upkeep
|turn|20
|inactive|ouhbj has 120 seconds left.
|
|t:|1760751222
|switch|p1a: Orthworm|Orthworm, M|100/100
|-damage|p1a: Orthworm|94/100|[from] Stealth Rock
|move|p2a: Gyarados|Dragon Dance|p2a: Gyarados
|-boost|p2a: Gyarados|atk|1
|-boost|p2a: Gyarados|spe|1
|
|-heal|p1a: Orthworm|100/100|[from] item: Leftovers
|upkeep
|turn|21
|
|t:|1760751231
|move|p2a: Gyarados|Waterfall|p1a: Orthworm
|-damage|p1a: Orthworm|62/100
|cant|p1a: Orthworm|flinch
|
|-heal|p1a: Orthworm|68/100|[from] item: Leftovers
|upkeep
|turn|22
|inactive|ouhbj has 120 seconds left.
|
|t:|1760751237
|move|p2a: Gyarados|Waterfall|p1a: Orthworm
|-damage|p1a: Orthworm|29/100
|move|p1a: Orthworm|Iron Defense|p1a: Orthworm
|-boost|p1a: Orthworm|def|2
|
|-heal|p1a: Orthworm|35/100|[from] item: Leftovers
|upkeep
|turn|23
|
|t:|1760751245
|move|p2a: Gyarados|Dragon Dance|p2a: Gyarados
|-boost|p2a: Gyarados|atk|1
|-boost|p2a: Gyarados|spe|1
|move|p1a: Orthworm|Stealth Rock|p2a: Gyarados
|-sidestart|p2: Scoobenvonduben|move: Stealth Rock
|
|-heal|p1a: Orthworm|41/100|[from] item: Leftovers
|upkeep
|turn|24
|
|t:|1760751253
|move|p2a: Gyarados|Waterfall|p1a: Orthworm
|-damage|p1a: Orthworm|15/100
|move|p1a: Orthworm|Body Press|p2a: Gyarados
|-resisted|p2a: Gyarados
|-crit|p2a: Gyarados
|-damage|p2a: Gyarados|19/100
|
|-heal|p1a: Orthworm|21/100|[from] item: Leftovers
|upkeep
|turn|25
|
|t:|1760751262
|move|p2a: Gyarados|Waterfall|p1a: Orthworm
|-damage|p1a: Orthworm|0 fnt
|faint|p1a: Orthworm
|
|upkeep
|
|t:|1760751275
|switch|p1a: Scrafty|Scrafty, M|89/100
|-damage|p1a: Scrafty|83/100|[from] Stealth Rock
|turn|26
|
|t:|1760751281
|move|p2a: Gyarados|Waterfall|p1a: Scrafty
|-damage|p1a: Scrafty|6/100
|move|p1a: Scrafty|Knock Off|p2a: Gyarados
|-damage|p2a: Gyarados|0 fnt
|faint|p2a: Gyarados
|
|upkeep
|
|t:|1760751287
|switch|p2a: Corviknight|Corviknight, M|55/100 brn
|-damage|p2a: Corviknight|42/100 brn|[from] Stealth Rock
|turn|27
|
|t:|1760751291
|move|p2a: Corviknight|Brave Bird|p1a: Scrafty
|-supereffective|p1a: Scrafty
|-damage|p1a: Scrafty|0 fnt
|faint|p1a: Scrafty
|-damage|p2a: Corviknight|41/100 brn|[from] Recoil
|
|-heal|p2a: Corviknight|47/100 brn|[from] item: Leftovers
|-damage|p2a: Corviknight|41/100 brn|[from] brn
|upkeep
|
|t:|1760751299
|switch|p1a: Blaziken|Blaziken, F|100/100
|-damage|p1a: Blaziken|88/100|[from] Stealth Rock
|turn|28
|
|t:|1760751305
|move|p1a: Blaziken|Swords Dance|p1a: Blaziken
|-boost|p1a: Blaziken|atk|2
|move|p2a: Corviknight|Brave Bird|p1a: Blaziken
|-supereffective|p1a: Blaziken
|-damage|p1a: Blaziken|34/100
|-damage|p2a: Corviknight|27/100 brn|[from] Recoil
|
|-heal|p1a: Blaziken|40/100|[from] item: Leftovers
|-heal|p2a: Corviknight|33/100 brn|[from] item: Leftovers
|-damage|p2a: Corviknight|27/100 brn|[from] brn
|-ability|p1a: Blaziken|Speed Boost|boost
|-boost|p1a: Blaziken|spe|1
|upkeep
|turn|29
|
|t:|1760751316
|move|p1a: Blaziken|Knock Off|p2a: Corviknight
|-damage|p2a: Corviknight|0 fnt
|-enditem|p2a: Corviknight|Leftovers|[from] move: Knock Off|[of] p1a: Blaziken
|faint|p2a: Corviknight
|
|-heal|p1a: Blaziken|46/100|[from] item: Leftovers
|-ability|p1a: Blaziken|Speed Boost|boost
|-boost|p1a: Blaziken|spe|1
|upkeep
|
|t:|1760751331
|switch|p2a: Grafaiai|Grafaiai, F|100/100
|-damage|p2a: Grafaiai|88/100|[from] Stealth Rock
|turn|30
|
|t:|1760751340
|move|p2a: Grafaiai|Protect|p2a: Grafaiai
|-singleturn|p2a: Grafaiai|Protect
|move|p1a: Blaziken|Blaze Kick|p2a: Grafaiai
|-activate|p2a: Grafaiai|move: Protect
|
|-heal|p1a: Blaziken|52/100|[from] item: Leftovers
|-heal|p2a: Grafaiai|94/100|[from] item: Leftovers
|-ability|p1a: Blaziken|Speed Boost|boost
|-boost|p1a: Blaziken|spe|1
|upkeep
|turn|31
|
|t:|1760751348
|move|p2a: Grafaiai|Toxic|p1a: Blaziken
|-status|p1a: Blaziken|tox
|move|p1a: Blaziken|Blaze Kick|p2a: Grafaiai
|-damage|p2a: Grafaiai|0 fnt
|faint|p2a: Grafaiai
|
|-heal|p1a: Blaziken|58/100 tox|[from] item: Leftovers
|-damage|p1a: Blaziken|52/100 tox|[from] psn
|-ability|p1a: Blaziken|Speed Boost|boost
|-boost|p1a: Blaziken|spe|1
|upkeep
|
|t:|1760751356
|switch|p2a: Skeledirge|Skeledirge, M|100/100
|-damage|p2a: Skeledirge|76/100|[from] Stealth Rock
|turn|32
|
|t:|1760751361
|-terastallize|p1a: Blaziken|Dark
|move|p1a: Blaziken|Knock Off|p2a: Skeledirge
|-supereffective|p2a: Skeledirge
|-crit|p2a: Skeledirge
|-damage|p2a: Skeledirge|0 fnt
|-enditem|p2a: Skeledirge|Leftovers|[from] move: Knock Off|[of] p1a: Blaziken
|faint|p2a: Skeledirge
|
|-heal|p1a: Blaziken|58/100 tox|[from] item: Leftovers
|-damage|p1a: Blaziken|46/100 tox|[from] psn
|-ability|p1a: Blaziken|Speed Boost|boost
|-boost|p1a: Blaziken|spe|1
|upkeep
|
|t:|1760751368
|switch|p2a: Gliscor|Gliscor, F, shiny|31/100 tox
|-damage|p2a: Gliscor|19/100 tox|[from] Stealth Rock
|turn|33
|
|t:|1760751375
|move|p2a: Gliscor|Protect|p2a: Gliscor
|-singleturn|p2a: Gliscor|Protect
|move|p1a: Blaziken|Knock Off|p2a: Gliscor
|-activate|p2a: Gliscor|move: Protect
|
|-heal|p1a: Blaziken|52/100 tox|[from] item: Leftovers
|-damage|p1a: Blaziken|34/100 tox|[from] psn
|-heal|p2a: Gliscor|31/100 tox|[from] ability: Poison Heal
|-ability|p1a: Blaziken|Speed Boost|boost
|-boost|p1a: Blaziken|spe|1
|upkeep
|turn|34
|-message|Scoobenvonduben forfeited.
|
|win|ouhbj
|raw|ouhbj's rating: 1375 &rarr; <strong>1392</strong><br />(+17 for winning)
|raw|Scoobenvonduben's rating: 1328 &rarr; <strong>1311</strong><br />(-17 for losing)
|l|☆Scoobenvonduben
|player|p2|
|l|☆ouhbj
|player|p1|
