|j|☆anko uguisu
|j|☆Allheckers
|t:|1760776014
|gametype|singles
|player|p1|anko uguisu|idol|1181
|player|p2|Allheckers|sabrina|1206
|gen|9
|tier|[Gen 9] OU
|rated|
|rule|HP Percentage Mod: HP is shown in percentages
|rule|Endless Battle Clause: Forcing endless battles is banned
|rule|Species Clause: Limit one of each Pokémon
|rule|OHKO Clause: OHKO moves are banned
|rule|Evasion Items Clause: Evasion items are banned
|rule|Evasion Moves Clause: Evasion moves are banned
|rule|Evasion Abilities Clause: Evasion abilities are banned
|rule|Sleep Moves Clause: Sleep-inducing moves are banned
|clearpoke
|poke|p1|Brambleghast, M|
|poke|p1|Golem, M|
|poke|p1|Bronzong|
|poke|p1|Tentacruel, M|
|poke|p1|Sylveon, F|
|poke|p1|Rotom-Heat|
|poke|p2|Keldeo-Resolute|
|poke|p2|Masquerain, F|
|poke|p2|Sableye, F|
|poke|p2|Glimmora, M|
|poke|p2|Whimsicott, F|
|poke|p2|Polteageist-Antique|
|teampreview
|inactive|Battle timer is ON: inactive players will automatically lose when time's up. (requested by anko uguisu)
|
|t:|1760776029
|teamsize|p1|6
|teamsize|p2|6
|start
|switch|p1a: Rotom|Rotom-Heat|100/100
|switch|p2a: Polteageist|Polteageist-Antique|100/100
|turn|1
|
|t:|1760776034
|move|p1a: Rotom|Trick|p2a: Polteageist
|-activate|p1a: Rotom|move: Trick|[of] p2a: Polteageist
|-item|p2a: Polteageist|Choice Scarf|[from] move: Trick
|-item|p1a: Rotom|Focus Sash|[from] move: Trick
|move|p2a: Polteageist|Shell Smash|p2a: Polteageist
|-unboost|p2a: Polteageist|def|1
|-unboost|p2a: Polteageist|spd|1
|-boost|p2a: Polteageist|atk|2
|-boost|p2a: Polteageist|spa|2
|-boost|p2a: Polteageist|spe|2
|
|upkeep
|turn|2
|
|t:|1760776045
|switch|p2a: Keldeo|Keldeo-Resolute|100/100
|move|p1a: Rotom|Volt Switch|p2a: Keldeo
|-supereffective|p2a: Keldeo
|-damage|p2a: Keldeo|24/100
|
|t:|1760776055
|switch|p1a: Bronzong|Bronzong|100/100|[from] Volt Switch
|
|upkeep
|turn|3
|
|t:|1760776060
|move|p2a: Keldeo|Surf|p1a: Bronzong
|-damage|p1a: Bronzong|65/100
|move|p1a: Bronzong|Stealth Rock|p2a: Keldeo
|-sidestart|p2: Allheckers|move: Stealth Rock
|
|-heal|p1a: Bronzong|71/100|[from] item: Leftovers
|upkeep
|turn|4
|
|t:|1760776065
|move|p2a: Keldeo|Surf|p1a: Bronzong
|-damage|p1a: Bronzong|34/100
|move|p1a: Bronzong|Trick Room|p1a: Bronzong
|-fieldstart|move: Trick Room|[of] p1a: Bronzong
|
|-heal|p1a: Bronzong|40/100|[from] item: Leftovers
|upkeep
|turn|5
|
|t:|1760776069
|move|p2a: Keldeo|Vacuum Wave|p1a: Bronzong
|-damage|p1a: Bronzong|23/100
|move|p1a: Bronzong|Psychic Noise|p2a: Keldeo
|-supereffective|p2a: Keldeo
|-damage|p2a: Keldeo|0 fnt
|faint|p2a: Keldeo
|
|-heal|p1a: Bronzong|29/100|[from] item: Leftovers
|upkeep
|
|t:|1760776075
|switch|p2a: Sableye|Sableye, F|100/100
|-damage|p2a: Sableye|88/100|[from] Stealth Rock
|turn|6
|
|t:|1760776082
|move|p2a: Sableye|Will-O-Wisp|p1a: Bronzong
|-status|p1a: Bronzong|brn
|move|p1a: Bronzong|Reflect|p1a: Bronzong
|-sidestart|p1: anko uguisu|Reflect
|
|-heal|p1a: Bronzong|36/100 brn|[from] item: Leftovers
|-heal|p2a: Sableye|94/100|[from] item: Leftovers
|-damage|p1a: Bronzong|29/100 brn|[from] brn
|upkeep
|turn|7
|
|t:|1760776090
|switch|p1a: Rotom|Rotom-Heat|100/100
|move|p2a: Sableye|Knock Off|p1a: Rotom
|-damage|p1a: Rotom|83/100
|-enditem|p1a: Rotom|Focus Sash|[from] move: Knock Off|[of] p2a: Sableye
|
|-heal|p2a: Sableye|99/100|[from] item: Leftovers
|upkeep
|turn|8
|
|t:|1760776100
|switch|p2a: Polteageist|Polteageist-Antique|100/100
|-damage|p2a: Polteageist|88/100|[from] Stealth Rock
|move|p1a: Rotom|Discharge|p2a: Polteageist
|-damage|p2a: Polteageist|46/100
|
|-fieldend|move: Trick Room
|upkeep
|turn|9
|
|t:|1760776108
|move|p2a: Polteageist|Shadow Ball|p1a: Rotom
|-damage|p1a: Rotom|27/100
|-unboost|p1a: Rotom|spd|1
|move|p1a: Rotom|Overheat|p2a: Polteageist
|-damage|p2a: Polteageist|0 fnt
|-unboost|p1a: Rotom|spa|2
|faint|p2a: Polteageist
|
|upkeep
|
|t:|1760776116
|switch|p2a: Glimmora|Glimmora, M, shiny|100/100
|-damage|p2a: Glimmora|88/100|[from] Stealth Rock
|turn|10
|
|t:|1760776128
|move|p2a: Glimmora|Sludge Wave|p1a: Rotom
|-damage|p1a: Rotom|0 fnt
|faint|p1a: Rotom
|
|-sideend|p1: anko uguisu|Reflect
|upkeep
|
|t:|1760776132
|switch|p1a: Golem|Golem, M|100/100
|turn|11
|
|t:|1760776144
|switch|p2a: Whimsicott|Whimsicott, F|100/100
|-damage|p2a: Whimsicott|88/100|[from] Stealth Rock
|move|p1a: Golem|Earthquake|p2a: Whimsicott
|-resisted|p2a: Whimsicott
|-damage|p2a: Whimsicott|53/100
|
|-heal|p2a: Whimsicott|60/100|[from] item: Leftovers
|upkeep
|turn|12
|
|t:|1760776154
|switch|p1a: Brambleghast|Brambleghast, M|100/100
|move|p2a: Whimsicott|Substitute|p2a: Whimsicott
|-start|p2a: Whimsicott|Substitute
|-damage|p2a: Whimsicott|35/100
|
|-heal|p2a: Whimsicott|41/100|[from] item: Leftovers
|upkeep
|turn|13
|
|t:|1760776161
|move|p1a: Brambleghast|Poltergeist|p2a: Whimsicott
|-activate|p2a: Whimsicott|move: Poltergeist|Leftovers
|-damage|p2a: Whimsicott|0 fnt
|faint|p2a: Whimsicott
|
|upkeep
|
|t:|1760776167
|switch|p2a: Masquerain|Masquerain, F|100/100
|-damage|p2a: Masquerain|51/100|[from] Stealth Rock
|-ability|p2a: Masquerain|Intimidate|boost
|-unboost|p1a: Brambleghast|atk|1
|turn|14
|
|t:|1760776179
|switch|p1a: Bronzong|Bronzong|29/100 brn
|move|p2a: Masquerain|Quiver Dance|p2a: Masquerain
|-boost|p2a: Masquerain|spa|1
|-boost|p2a: Masquerain|spd|1
|-boost|p2a: Masquerain|spe|1
|
|-heal|p2a: Masquerain|57/100|[from] item: Leftovers
|-heal|p1a: Bronzong|36/100 brn|[from] item: Leftovers
|-damage|p1a: Bronzong|29/100 brn|[from] brn
|upkeep
|turn|15
|
|t:|1760776186
|move|p2a: Masquerain|Sticky Web|p1a: Bronzong
|-sidestart|p1: anko uguisu|move: Sticky Web
|move|p1a: Bronzong|Trick Room|p1a: Bronzong
|-fieldstart|move: Trick Room|[of] p1a: Bronzong
|
|-heal|p1a: Bronzong|36/100 brn|[from] item: Leftovers
|-heal|p2a: Masquerain|63/100|[from] item: Leftovers
|-damage|p1a: Bronzong|29/100 brn|[from] brn
|upkeep
|turn|16
|
|t:|1760776193
|move|p1a: Bronzong|Psychic Noise|p2a: Masquerain
|-damage|p2a: Masquerain|44/100
|-start|p2a: Masquerain|move: Heal Block
|move|p2a: Masquerain|Air Slash|p1a: Bronzong
|-resisted|p1a: Bronzong
|-damage|p1a: Bronzong|11/100 brn
|
|-heal|p1a: Bronzong|17/100 brn|[from] item: Leftovers
|-damage|p1a: Bronzong|11/100 brn|[from] brn
|upkeep
|turn|17
|
|t:|1760776200
|move|p1a: Bronzong|Psychic Noise|p2a: Masquerain
|-damage|p2a: Masquerain|23/100
|move|p2a: Masquerain|Quiver Dance|p2a: Masquerain
|-boost|p2a: Masquerain|spa|1
|-boost|p2a: Masquerain|spd|1
|-boost|p2a: Masquerain|spe|1
|
|-heal|p1a: Bronzong|17/100 brn|[from] item: Leftovers
|-damage|p1a: Bronzong|11/100 brn|[from] brn
|-end|p2a: Masquerain|move: Heal Block
|upkeep
|turn|18
|
|t:|1760776212
|switch|p1a: Golem|Golem, M|100/100
|-activate|p1a: Golem|move: Sticky Web
|-unboost|p1a: Golem|spe|1
|move|p2a: Masquerain|Air Slash|p1a: Golem
|-resisted|p1a: Golem
|-damage|p1a: Golem|60/100
|
|-heal|p2a: Masquerain|29/100|[from] item: Leftovers
|upkeep
|turn|19
|
|t:|1760776219
|-terastallize|p2a: Masquerain|Steel
|move|p1a: Golem|Explosion|p2a: Masquerain
|-resisted|p2a: Masquerain
|-damage|p2a: Masquerain|0 fnt
|faint|p1a: Golem
|faint|p2a: Masquerain
|
|-fieldend|move: Trick Room
|upkeep
|
|t:|1760776229
|switch|p2a: Sableye|Sableye, F|99/100
|switch|p1a: Tentacruel|Tentacruel, M|100/100
|-activate|p1a: Tentacruel|move: Sticky Web
|-fail|p1a: Tentacruel|unboost|[from] ability: Clear Body|[of] p1a: Tentacruel
|-damage|p2a: Sableye|88/100|[from] Stealth Rock
|turn|20
|
|t:|1760776243
|move|p2a: Sableye|Substitute|p2a: Sableye
|-start|p2a: Sableye|Substitute
|-damage|p2a: Sableye|63/100
|move|p1a: Tentacruel|Flip Turn|p2a: Sableye
|-end|p2a: Sableye|Substitute
|
|t:|1760776252
|switch|p1a: Brambleghast|Brambleghast, M|100/100|[from] Flip Turn
|-activate|p1a: Brambleghast|move: Sticky Web
|-unboost|p1a: Brambleghast|spe|1
|
|-heal|p2a: Sableye|69/100|[from] item: Leftovers
|upkeep
|turn|21
|
|t:|1760776257
|-terastallize|p1a: Brambleghast|Grass
|move|p1a: Brambleghast|Poltergeist|p2a: Sableye
|-activate|p2a: Sableye|move: Poltergeist|Leftovers
|-damage|p2a: Sableye|3/100
|move|p2a: Sableye|Knock Off|p1a: Brambleghast
|-damage|p1a: Brambleghast|63/100
|-enditem|p1a: Brambleghast|Leftovers|[from] move: Knock Off|[of] p2a: Sableye
|
|-heal|p2a: Sableye|9/100|[from] item: Leftovers
|upkeep
|turn|22
|
|t:|1760776269
|move|p2a: Sableye|Recover|p2a: Sableye
|-heal|p2a: Sableye|59/100
|move|p1a: Brambleghast|Poltergeist|p2a: Sableye
|-activate|p2a: Sableye|move: Poltergeist|Leftovers
|-crit|p2a: Sableye
|-damage|p2a: Sableye|0 fnt
|faint|p2a: Sableye
|
|upkeep
|
|t:|1760776276
|switch|p2a: Glimmora|Glimmora, M, shiny|88/100
|-damage|p2a: Glimmora|76/100|[from] Stealth Rock
|turn|23
|
|t:|1760776279
|move|p2a: Glimmora|Sludge Wave|p1a: Brambleghast
|-supereffective|p1a: Brambleghast
|-damage|p1a: Brambleghast|0 fnt
|faint|p1a: Brambleghast
|
|upkeep
|
|t:|1760776283
|switch|p1a: Tentacruel|Tentacruel, M|100/100
|-activate|p1a: Tentacruel|move: Sticky Web
|-fail|p1a: Tentacruel|unboost|[from] ability: Clear Body|[of] p1a: Tentacruel
|turn|24
|
|t:|1760776286
|move|p2a: Glimmora|Earth Power|p1a: Tentacruel
|-supereffective|p1a: Tentacruel
|-damage|p1a: Tentacruel|51/100
|move|p1a: Tentacruel|Flip Turn|p2a: Glimmora
|-supereffective|p2a: Glimmora
|-damage|p2a: Glimmora|34/100
|-activate|p2a: Glimmora|ability: Toxic Debris
|-sidestart|p1: anko uguisu|move: Toxic Spikes
|
|t:|1760776293
|switch|p1a: Sylveon|Sylveon, F|100/100|[from] Flip Turn
|-activate|p1a: Sylveon|move: Sticky Web
|-unboost|p1a: Sylveon|spe|1
|-status|p1a: Sylveon|psn
|-enditem|p1a: Sylveon|Eject Pack
|
|t:|1760776303
|switch|p1a: Bronzong|Bronzong|11/100 brn
|
|-heal|p1a: Bronzong|17/100 brn|[from] item: Leftovers
|-damage|p1a: Bronzong|11/100 brn|[from] brn
|upkeep
|turn|25
|
|t:|1760776311
|move|p2a: Glimmora|Power Gem|p1a: Bronzong
|-resisted|p1a: Bronzong
|-damage|p1a: Bronzong|0 fnt
|faint|p1a: Bronzong
|
|upkeep
|
|t:|1760776315
|switch|p1a: Tentacruel|Tentacruel, M|51/100
|-activate|p1a: Tentacruel|move: Sticky Web
|-fail|p1a: Tentacruel|unboost|[from] ability: Clear Body|[of] p1a: Tentacruel
|-sideend|p1: anko uguisu|move: Toxic Spikes|[of] p1a: Tentacruel
|turn|26
|
|t:|1760776319
|move|p2a: Glimmora|Earth Power|p1a: Tentacruel
|-supereffective|p1a: Tentacruel
|-damage|p1a: Tentacruel|7/100
|move|p1a: Tentacruel|Flip Turn|p2a: Glimmora
|-supereffective|p2a: Glimmora
|-damage|p2a: Glimmora|0 fnt
|-activate|p2a: Glimmora|ability: Toxic Debris
|-sidestart|p1: anko uguisu|move: Toxic Spikes
|faint|p2a: Glimmora
|
|win|anko uguisu
|raw|anko uguisu's rating: 1181 &rarr; <strong>1208</strong><br />(+27 for winning)
|raw|Allheckers's rating: 1206 &rarr; <strong>1179</strong><br />(-27 for losing)
|l|☆Allheckers
|player|p2|
|l|☆anko uguisu
|player|p1|
