|j|☆SvgNight235
|j|☆oficial matute
|t:|1760852300
|gametype|singles
|player|p1|SvgNight235|lucas-gen4pt|1162
|player|p2|oficial matute|policeman|1163
|gen|9
|tier|[Gen 9] OU
|rated|
|rule|HP Percentage Mod: HP is shown in percentages
|rule|Endless Battle Clause: Forcing endless battles is banned
|rule|Species Clause: Limit one of each Pokémon
|rule|OHKO Clause: OHKO moves are banned
|rule|Evasion Items Clause: Evasion items are banned
|rule|Evasion Moves Clause: Evasion moves are banned
|rule|Evasion Abilities Clause: Evasion abilities are banned
|rule|Sleep Moves Clause: Sleep-inducing moves are banned
|clearpoke
|poke|p1|Empoleon, M|
|poke|p1|Cinderace, M|
|poke|p1|Garchomp, M|
|poke|p1|Ting-Lu|
|poke|p1|Corviknight, M|
|poke|p1|Dragapult, F|
|poke|p2|Noivern, M|
|poke|p2|Tropius, F|
|poke|p2|Garchomp, M|
|poke|p2|Hydrapple, M|
|poke|p2|Torterra, M|
|poke|p2|Landorus-Therian, M|
|teampreview
|
|t:|1760852303
|teamsize|p1|6
|teamsize|p2|6
|start
|switch|p1a: Empoleon|Empoleon, M, shiny|100/100
|switch|p2a: 👁👅👁|Noivern, M|100/100
|-item|p1a: Empoleon|Throat Spray|[from] ability: Frisk|[of] p2a: 👁👅👁
|turn|1
|inactive|Battle timer is ON: inactive players will automatically lose when time's up. (requested by oficial matute)
|
|t:|1760852318
|move|p2a: 👁👅👁|Switcheroo|p1a: Empoleon
|-activate|p2a: 👁👅👁|move: Trick|[of] p1a: Empoleon
|-item|p1a: Empoleon|Choice Scarf|[from] move: Switcheroo
|-item|p2a: 👁👅👁|Throat Spray|[from] move: Switcheroo
|move|p1a: Empoleon|Agility|p1a: Empoleon
|-boost|p1a: Empoleon|spe|2
|
|upkeep
|turn|2
|
|t:|1760852340
|switch|p1a: Ting-Lu|Ting-Lu|100/100
|-ability|p1a: Ting-Lu|Vessel of Ruin
|move|p2a: 👁👅👁|Air Slash|p1a: Ting-Lu|[miss]
|-miss|p2a: 👁👅👁|p1a: Ting-Lu
|
|upkeep
|turn|3
|
|t:|1760852348
|move|p2a: 👁👅👁|Switcheroo|p1a: Ting-Lu
|-activate|p2a: 👁👅👁|move: Trick|[of] p1a: Ting-Lu
|-item|p1a: Ting-Lu|Throat Spray|[from] move: Switcheroo
|-item|p2a: 👁👅👁|Leftovers|[from] move: Switcheroo
|move|p1a: Ting-Lu|Spikes|p2a: 👁👅👁
|-sidestart|p2: oficial matute|Spikes
|
|upkeep
|turn|4
|
|t:|1760852357
|move|p2a: 👁👅👁|Air Slash|p1a: Ting-Lu
|-damage|p1a: Ting-Lu|86/100
|move|p1a: Ting-Lu|Spikes|p2a: 👁👅👁
|-sidestart|p2: oficial matute|Spikes
|
|upkeep
|turn|5
|
|t:|1760852372
|move|p2a: 👁👅👁|Defog|p1a: Ting-Lu
|-unboost|p1a: Ting-Lu|evasion|1
|-sideend|p2: oficial matute|Spikes|[from] move: Defog|[of] p2a: 👁👅👁
|move|p1a: Ting-Lu|Ruination|p2a: 👁👅👁
|-damage|p2a: 👁👅👁|51/100
|
|-heal|p2a: 👁👅👁|57/100|[from] item: Leftovers
|upkeep
|turn|6
|
|t:|1760852381
|move|p2a: 👁👅👁|Air Slash|p1a: Ting-Lu
|-damage|p1a: Ting-Lu|72/100
|move|p1a: Ting-Lu|Whirlwind|p2a: 👁👅👁
|drag|p2a: 👁🐽👁|Tropius, F, shiny|100/100
|
|upkeep
|turn|7
|
|t:|1760852389
|-terastallize|p2a: 👁🐽👁|Ghost
|move|p2a: 👁🐽👁|Curse|p1a: Ting-Lu
|-start|p1a: Ting-Lu|Curse|[of] p2a: 👁🐽👁
|-damage|p2a: 👁🐽👁|50/100
|-enditem|p2a: 👁🐽👁|Sitrus Berry|[eat]
|-heal|p2a: 👁🐽👁|75/100|[from] item: Sitrus Berry
|move|p1a: Ting-Lu|Ruination|p2a: 👁🐽👁
|-damage|p2a: 👁🐽👁|38/100
|
|-damage|p1a: Ting-Lu|47/100|[from] Curse
|-item|p2a: 👁🐽👁|Sitrus Berry|[from] ability: Harvest
|upkeep
|-enditem|p2a: 👁🐽👁|Sitrus Berry|[eat]
|-heal|p2a: 👁🐽👁|63/100|[from] item: Sitrus Berry
|turn|8
|
|t:|1760852413
|switch|p1a: Cinderace|Cinderace, M|100/100
|move|p2a: 👁🐽👁|Leech Seed|p1a: Cinderace|[miss]
|-miss|p2a: 👁🐽👁|p1a: Cinderace
|
|upkeep
|turn|9
|
|t:|1760852420
|move|p2a: 👁🐽👁|Protect|p2a: 👁🐽👁
|-singleturn|p2a: 👁🐽👁|Protect
|move|p1a: Cinderace|Sucker Punch||[still]
|-fail|p1a: Cinderace
|
|upkeep
|turn|10
|
|t:|1760852426
|move|p1a: Cinderace|Sucker Punch||[still]
|-fail|p1a: Cinderace
|move|p2a: 👁🐽👁|Leech Seed|p1a: Cinderace
|-start|p1a: Cinderace|move: Leech Seed
|
|-damage|p1a: Cinderace|88/100|[from] Leech Seed|[of] p2a: 👁🐽👁
|-heal|p2a: 👁🐽👁|72/100|[silent]
|-item|p2a: 👁🐽👁|Sitrus Berry|[from] ability: Harvest
|upkeep
|turn|11
|
|t:|1760852437
|move|p1a: Cinderace|Pyro Ball|p2a: 👁🐽👁
|-damage|p2a: 👁🐽👁|20/100
|-enditem|p2a: 👁🐽👁|Sitrus Berry|[eat]
|-heal|p2a: 👁🐽👁|45/100|[from] item: Sitrus Berry
|move|p2a: 👁🐽👁|Substitute|p2a: 👁🐽👁
|-start|p2a: 👁🐽👁|Substitute
|-damage|p2a: 👁🐽👁|20/100
|
|-damage|p1a: Cinderace|76/100|[from] Leech Seed|[of] p2a: 👁🐽👁
|-heal|p2a: 👁🐽👁|29/100|[silent]
|-item|p2a: 👁🐽👁|Sitrus Berry|[from] ability: Harvest
|upkeep
|-enditem|p2a: 👁🐽👁|Sitrus Berry|[eat]
|-heal|p2a: 👁🐽👁|54/100|[from] item: Sitrus Berry
|turn|12
|-message|SvgNight235 forfeited.
|
|win|oficial matute
|raw|SvgNight235's rating: 1162 &rarr; <strong>1137</strong><br />(-25 for losing)
|raw|oficial matute's rating: 1163 &rarr; <strong>1188</strong><br />(+25 for winning)
|l|☆SvgNight235
|player|p1|
|l|☆oficial matute
|player|p2|
