|j|‽dbuddy42
|j|☆KurbyK14
|t:|1760731202
|gametype|singles
|player|p1|dbuddy42|170|1307
|player|p2|KurbyK14|pokemonranger-gen4|1402
|gen|9
|tier|[Gen 9] OU
|rated|
|rule|HP Percentage Mod: HP is shown in percentages
|rule|Endless Battle Clause: Forcing endless battles is banned
|rule|Species Clause: Limit one of each Pokémon
|rule|OHKO Clause: OHKO moves are banned
|rule|Evasion Items Clause: Evasion items are banned
|rule|Evasion Moves Clause: Evasion moves are banned
|rule|Evasion Abilities Clause: Evasion abilities are banned
|rule|Sleep Moves Clause: Sleep-inducing moves are banned
|clearpoke
|poke|p1|Torkoal, M|
|poke|p1|Trevenant, F|
|poke|p1|Walking Wake|
|poke|p1|Arcanine-Hisui, M|
|poke|p1|Great Tusk|
|poke|p1|Scream Tail|
|poke|p2|Tyranitar, F|
|poke|p2|Garchomp, F|
|poke|p2|Excadrill, M|
|poke|p2|Houndstone, F|
|poke|p2|Moltres|
|poke|p2|Araquanid, M|
|teampreview
|inactive|Battle timer is ON: inactive players will automatically lose when time's up. (requested by KurbyK14)
|
|t:|1760731230
|teamsize|p1|6
|teamsize|p2|6
|start
|switch|p1a: Torkoal|Torkoal, M|100/100
|switch|p2a: Garchomp|Garchomp, F|100/100
|-weather|SunnyDay|[from] ability: Drought|[of] p1a: Torkoal
|turn|1
|
|t:|1760731242
|-terastallize|p2a: Garchomp|Fire
|move|p2a: Garchomp|Swords Dance|p2a: Garchomp
|-boost|p2a: Garchomp|atk|2
|move|p1a: Torkoal|Will-O-Wisp|p2a: Garchomp
|-immune|p2a: Garchomp
|
|-weather|SunnyDay|[upkeep]
|upkeep
|turn|2
|
|t:|1760731253
|move|p2a: Garchomp|Scale Shot|p1a: Torkoal
|-damage|p1a: Torkoal|86/100
|-crit|p1a: Torkoal
|-damage|p1a: Torkoal|65/100
|-damage|p1a: Torkoal|51/100
|-damage|p1a: Torkoal|35/100
|-damage|p1a: Torkoal|19/100
|-hitcount|p1a: Torkoal|5
|-unboost|p2a: Garchomp|def|1
|-boost|p2a: Garchomp|spe|1
|move|p1a: Torkoal|Clear Smog|p2a: Garchomp
|-damage|p2a: Garchomp|89/100
|-clearboost|p2a: Garchomp
|
|-weather|SunnyDay|[upkeep]
|upkeep
|turn|3
|
|t:|1760731269
|switch|p1a: Scream Tail|Scream Tail|100/100
|-activate|p1a: Scream Tail|ability: Protosynthesis
|-start|p1a: Scream Tail|protosynthesisspe
|move|p2a: Garchomp|Swords Dance|p2a: Garchomp
|-boost|p2a: Garchomp|atk|2
|
|-weather|SunnyDay|[upkeep]
|upkeep
|turn|4
|
|t:|1760731279
|switch|p2a: Tyranitar|Tyranitar, F|100/100
|-weather|Sandstorm|[from] ability: Sand Stream|[of] p2a: Tyranitar
|-end|p1a: Scream Tail|Protosynthesis
|move|p1a: Scream Tail|Thunder Wave|p2a: Tyranitar
|-status|p2a: Tyranitar|par
|
|-weather|Sandstorm|[upkeep]
|-damage|p1a: Scream Tail|94/100|[from] Sandstorm
|upkeep
|turn|5
|
|t:|1760731288
|move|p1a: Scream Tail|Reflect|p1a: Scream Tail
|-sidestart|p1: dbuddy42|Reflect
|move|p2a: Tyranitar|Stealth Rock|p1a: Scream Tail
|-sidestart|p1: dbuddy42|move: Stealth Rock
|
|-weather|Sandstorm|[upkeep]
|-damage|p1a: Scream Tail|88/100|[from] Sandstorm
|upkeep
|turn|6
|
|t:|1760731295
|move|p1a: Scream Tail|Light Screen|p1a: Scream Tail
|-sidestart|p1: dbuddy42|move: Light Screen
|move|p2a: Tyranitar|Knock Off|p1a: Scream Tail
|-damage|p1a: Scream Tail|72/100
|-enditem|p1a: Scream Tail|Light Clay|[from] move: Knock Off|[of] p2a: Tyranitar
|
|-weather|Sandstorm|[upkeep]
|-damage|p1a: Scream Tail|65/100|[from] Sandstorm
|upkeep
|turn|7
|
|t:|1760731302
|-end|p1a: Scream Tail|Protosynthesis|[silent]
|switch|p1a: Great Tusk|Great Tusk|100/100
|-damage|p1a: Great Tusk|97/100|[from] Stealth Rock
|cant|p2a: Tyranitar|par
|
|-weather|Sandstorm|[upkeep]
|-heal|p1a: Great Tusk|100/100|[from] item: Leftovers
|upkeep
|turn|8
|
|t:|1760731312
|switch|p2a: Houndstone|Houndstone, F|100/100
|move|p1a: Great Tusk|Headlong Rush|p2a: Houndstone
|-damage|p2a: Houndstone|34/100
|-unboost|p1a: Great Tusk|def|1
|-unboost|p1a: Great Tusk|spd|1
|
|-weather|Sandstorm|[upkeep]
|upkeep
|turn|9
|
|t:|1760731322
|switch|p2a: Moltres|Moltres|100/100
|move|p1a: Great Tusk|Rapid Spin|p2a: Moltres
|-damage|p2a: Moltres|90/100
|-boost|p1a: Great Tusk|spe|1
|-sideend|p1: dbuddy42|Stealth Rock|[from] move: Rapid Spin|[of] p1a: Great Tusk
|
|-weather|Sandstorm|[upkeep]
|-damage|p2a: Moltres|84/100|[from] Sandstorm
|upkeep
|turn|10
|
|t:|1760731336
|-end|p1a: Great Tusk|Protosynthesis|[silent]
|switch|p1a: Arcanine|Arcanine-Hisui, M|100/100
|move|p2a: Moltres|Will-O-Wisp|p1a: Arcanine
|-immune|p1a: Arcanine
|
|-weather|Sandstorm|[upkeep]
|-damage|p2a: Moltres|78/100|[from] Sandstorm
|upkeep
|turn|11
|
|t:|1760731344
|switch|p2a: Excadrill|Excadrill, M|100/100
|move|p1a: Arcanine|Head Smash|p2a: Excadrill
|-resisted|p2a: Excadrill
|-damage|p2a: Excadrill|66/100
|-damage|p1a: Arcanine|91/100|[from] item: Life Orb
|
|-weather|none
|upkeep
|turn|12
|
|t:|1760731360
|switch|p2a: Tyranitar|Tyranitar, F|100/100 par
|-weather|Sandstorm|[from] ability: Sand Stream|[of] p2a: Tyranitar
|switch|p1a: Torkoal|Torkoal, M|19/100
|-weather|SunnyDay|[from] ability: Drought|[of] p1a: Torkoal
|
|-weather|SunnyDay|[upkeep]
|-sideend|p1: dbuddy42|Reflect
|upkeep
|turn|13
|
|t:|1760731373
|move|p1a: Torkoal|Stealth Rock|p2a: Tyranitar
|-sidestart|p2: KurbyK14|move: Stealth Rock
|move|p2a: Tyranitar|Stealth Rock|p1a: Torkoal
|-sidestart|p1: dbuddy42|move: Stealth Rock
|
|-weather|SunnyDay|[upkeep]
|-sideend|p1: dbuddy42|move: Light Screen
|upkeep
|turn|14
|
|t:|1760731380
|switch|p1a: Scream Tail|Scream Tail|65/100
|-damage|p1a: Scream Tail|53/100|[from] Stealth Rock
|-activate|p1a: Scream Tail|ability: Protosynthesis
|-start|p1a: Scream Tail|protosynthesisspe
|move|p2a: Tyranitar|Knock Off|p1a: Scream Tail
|-damage|p1a: Scream Tail|30/100
|
|-weather|SunnyDay|[upkeep]
|upkeep
|turn|15
|
|t:|1760731388
|move|p1a: Scream Tail|Reflect|p1a: Scream Tail
|-sidestart|p1: dbuddy42|Reflect
|move|p2a: Tyranitar|Roar|p1a: Scream Tail
|-end|p1a: Scream Tail|Protosynthesis|[silent]
|drag|p1a: Walking Wake|Walking Wake|100/100
|-damage|p1a: Walking Wake|88/100|[from] Stealth Rock
|-activate|p1a: Walking Wake|ability: Protosynthesis
|-start|p1a: Walking Wake|protosynthesisspa
|
|-weather|SunnyDay|[upkeep]
|upkeep
|turn|16
|
|t:|1760731400
|switch|p2a: Araquanid|Araquanid, M|100/100
|-damage|p2a: Araquanid|75/100|[from] Stealth Rock
|move|p1a: Walking Wake|Hydro Steam|p2a: Araquanid
|-resisted|p2a: Araquanid
|-damage|p2a: Araquanid|50/100
|
|-weather|SunnyDay|[upkeep]
|upkeep
|turn|17
|
|t:|1760731409
|-end|p1a: Walking Wake|Protosynthesis|[silent]
|switch|p1a: Trevenant|Trevenant, F|100/100
|-damage|p1a: Trevenant|88/100|[from] Stealth Rock
|switch|p2a: Tyranitar|Tyranitar, F|100/100 par
|-damage|p2a: Tyranitar|88/100 par|[from] Stealth Rock
|-weather|Sandstorm|[from] ability: Sand Stream|[of] p2a: Tyranitar
|
|-weather|Sandstorm|[upkeep]
|-damage|p1a: Trevenant|82/100|[from] Sandstorm
|upkeep
|turn|18
|
|t:|1760731424
|move|p1a: Trevenant|Horn Leech|p2a: Tyranitar
|-supereffective|p2a: Tyranitar
|-damage|p2a: Tyranitar|41/100 par
|-heal|p1a: Trevenant|100/100|[from] drain|[of] p2a: Tyranitar
|move|p2a: Tyranitar|Knock Off|p1a: Trevenant
|-supereffective|p1a: Trevenant
|-damage|p1a: Trevenant|50/100
|-enditem|p1a: Trevenant|Sitrus Berry|[from] move: Knock Off|[of] p2a: Tyranitar
|
|-weather|Sandstorm|[upkeep]
|-damage|p1a: Trevenant|44/100|[from] Sandstorm
|upkeep
|turn|19
|
|t:|1760731435
|switch|p2a: Moltres|Moltres|78/100
|move|p1a: Trevenant|Horn Leech|p2a: Moltres
|-resisted|p2a: Moltres
|-damage|p2a: Moltres|72/100
|-heal|p1a: Trevenant|47/100|[from] drain|[of] p2a: Moltres
|-status|p1a: Trevenant|brn|[from] ability: Flame Body|[of] p2a: Moltres
|
|-weather|Sandstorm|[upkeep]
|-damage|p2a: Moltres|66/100|[from] Sandstorm
|-damage|p1a: Trevenant|41/100 brn|[from] Sandstorm
|-damage|p1a: Trevenant|35/100 brn|[from] brn
|-sideend|p1: dbuddy42|Reflect
|upkeep
|turn|20
|
|t:|1760731451
|move|p2a: Moltres|U-turn|p1a: Trevenant
|-damage|p1a: Trevenant|18/100 brn
|
|t:|1760731465
|switch|p2a: Tyranitar|Tyranitar, F|41/100 par|[from] U-turn
|-damage|p2a: Tyranitar|28/100 par|[from] Stealth Rock
|move|p1a: Trevenant|Leech Seed|p2a: Tyranitar
|-start|p2a: Tyranitar|move: Leech Seed
|
|-weather|Sandstorm|[upkeep]
|-damage|p1a: Trevenant|12/100 brn|[from] Sandstorm
|-damage|p2a: Tyranitar|16/100 par|[from] Leech Seed|[of] p1a: Trevenant
|-heal|p1a: Trevenant|25/100 brn|[silent]
|-damage|p1a: Trevenant|19/100 brn|[from] brn
|upkeep
|turn|21
|
|t:|1760731475
|switch|p2a: Moltres|Moltres|66/100
|move|p1a: Trevenant|Poltergeist|p2a: Moltres
|-activate|p2a: Moltres|move: Poltergeist|Heavy-Duty Boots
|-damage|p2a: Moltres|50/100
|
|-weather|Sandstorm|[upkeep]
|-damage|p2a: Moltres|44/100|[from] Sandstorm
|-damage|p1a: Trevenant|13/100 brn|[from] Sandstorm
|-damage|p1a: Trevenant|7/100 brn|[from] brn
|upkeep
|turn|22
|
|t:|1760731486
|move|p2a: Moltres|Roost|p2a: Moltres
|-heal|p2a: Moltres|94/100
|-singleturn|p2a: Moltres|move: Roost
|move|p1a: Trevenant|Poltergeist|p2a: Moltres
|-activate|p2a: Moltres|move: Poltergeist|Heavy-Duty Boots
|-damage|p2a: Moltres|78/100
|
|-weather|Sandstorm|[upkeep]
|-damage|p2a: Moltres|72/100|[from] Sandstorm
|-damage|p1a: Trevenant|1/100 brn|[from] Sandstorm
|-damage|p1a: Trevenant|0 fnt|[from] brn
|faint|p1a: Trevenant
|upkeep
|
|t:|1760731501
|switch|p1a: Torkoal|Torkoal, M|19/100
|-damage|p1a: Torkoal|0 fnt|[from] Stealth Rock
|faint|p1a: Torkoal
|
|t:|1760731506
|switch|p1a: Arcanine|Arcanine-Hisui, M|91/100
|-damage|p1a: Arcanine|66/100|[from] Stealth Rock
|turn|23
|
|t:|1760731529
|move|p2a: Moltres|Roost|p2a: Moltres
|-heal|p2a: Moltres|100/100
|-singleturn|p2a: Moltres|move: Roost
|move|p1a: Arcanine|Flare Blitz|p2a: Moltres
|-resisted|p2a: Moltres
|-damage|p2a: Moltres|72/100
|-damage|p1a: Arcanine|56/100|[from] item: Life Orb
|
|-weather|Sandstorm|[upkeep]
|-damage|p2a: Moltres|66/100|[from] Sandstorm
|upkeep
|turn|24
|inactive|KurbyK14 has 120 seconds left.
|inactive|dbuddy42 has 120 seconds left.
|
|t:|1760731563
|switch|p2a: Excadrill|Excadrill, M|66/100
|-damage|p2a: Excadrill|63/100|[from] Stealth Rock
|move|p1a: Arcanine|Head Smash|p2a: Excadrill
|-resisted|p2a: Excadrill
|-damage|p2a: Excadrill|28/100
|-damage|p1a: Arcanine|46/100|[from] item: Life Orb
|
|-weather|none
|upkeep
|turn|25
|
|t:|1760731573
|switch|p2a: Tyranitar|Tyranitar, F|16/100 par
|-damage|p2a: Tyranitar|3/100 par|[from] Stealth Rock
|-weather|Sandstorm|[from] ability: Sand Stream|[of] p2a: Tyranitar
|-terastallize|p1a: Arcanine|Grass
|move|p1a: Arcanine|Flare Blitz|p2a: Tyranitar
|-resisted|p2a: Tyranitar
|-damage|p2a: Tyranitar|0 fnt
|faint|p2a: Tyranitar
|-damage|p1a: Arcanine|36/100|[from] item: Life Orb
|
|-weather|Sandstorm|[upkeep]
|-damage|p1a: Arcanine|30/100|[from] Sandstorm
|upkeep
|
|t:|1760731587
|switch|p2a: Houndstone|Houndstone, F|34/100
|-damage|p2a: Houndstone|22/100|[from] Stealth Rock
|turn|26
|
|t:|1760731597
|move|p2a: Houndstone|Shadow Sneak|p1a: Arcanine
|-damage|p1a: Arcanine|0 fnt
|faint|p1a: Arcanine
|
|-weather|Sandstorm|[upkeep]
|upkeep
|
|t:|1760731615
|switch|p1a: Great Tusk|Great Tusk|100/100
|-damage|p1a: Great Tusk|97/100|[from] Stealth Rock
|turn|27
|
|t:|1760731621
|move|p2a: Houndstone|Shadow Sneak|p1a: Great Tusk
|-damage|p1a: Great Tusk|79/100
|move|p1a: Great Tusk|Rapid Spin|p2a: Houndstone
|-immune|p2a: Houndstone
|
|-weather|Sandstorm|[upkeep]
|-heal|p1a: Great Tusk|85/100|[from] item: Leftovers
|upkeep
|turn|28
|-message|dbuddy42 forfeited.
|
|win|KurbyK14
|raw|dbuddy42's rating: 1307 &rarr; <strong>1292</strong><br />(-15 for losing)
|raw|KurbyK14's rating: 1402 &rarr; <strong>1417</strong><br />(+15 for winning)
|l|‽dbuddy42
|player|p1|
|l|☆KurbyK14
|player|p2|
