|j|☆kate10956
|j|☆jodievan
|t:|1760734990
|gametype|singles
|player|p1|kate10956|misty|1297
|player|p2|jodievan|102|1334
|gen|9
|tier|[Gen 9] OU
|rated|
|rule|HP Percentage Mod: HP is shown in percentages
|rule|Endless Battle Clause: Forcing endless battles is banned
|rule|Species Clause: Limit one of each Pokémon
|rule|OHKO Clause: OHKO moves are banned
|rule|Evasion Items Clause: Evasion items are banned
|rule|Evasion Moves Clause: Evasion moves are banned
|rule|Evasion Abilities Clause: Evasion abilities are banned
|rule|Sleep Moves Clause: Sleep-inducing moves are banned
|clearpoke
|poke|p1|Pelipper, M|
|poke|p1|Kilowattrel, F|
|poke|p1|Dragapult, F|
|poke|p1|Amoonguss, F|
|poke|p1|Floatzel, M|
|poke|p1|Walking Wake|
|poke|p2|Zamazenta-*|
|poke|p2|Ninetales-Alola, F|
|poke|p2|Darkrai|
|poke|p2|Scizor, M|
|poke|p2|Gliscor, M|
|poke|p2|Hatterene, F|
|teampreview
|
|t:|1760735004
|teamsize|p1|6
|teamsize|p2|6
|start
|switch|p1a: Joule|Kilowattrel, F|100/100
|switch|p2a: Ninetales|Ninetales-Alola, F|100/100
|-weather|Snowscape|[from] ability: Snow Warning|[of] p2a: Ninetales
|turn|1
|
|t:|1760735012
|move|p1a: Joule|U-turn|p2a: Ninetales
|-resisted|p2a: Ninetales
|-damage|p2a: Ninetales|96/100
|
|t:|1760735017
|switch|p1a: Gulliver|Pelipper, M|100/100|[from] U-turn
|-weather|RainDance|[from] ability: Drizzle|[of] p1a: Gulliver
|move|p2a: Ninetales|Aurora Veil||[still]
|-fail|p2a: Ninetales
|
|-weather|RainDance|[upkeep]
|upkeep
|turn|2
|
|t:|1760735024
|switch|p1a: Amanita|Amoonguss, F|100/100
|move|p2a: Ninetales|Freeze-Dry|p1a: Amanita
|-supereffective|p1a: Amanita
|-damage|p1a: Amanita|57/100
|-enditem|p1a: Amanita|Eject Button
|
|t:|1760735031
|switch|p1a: Rivulet|Walking Wake|100/100
|
|-weather|RainDance|[upkeep]
|upkeep
|turn|3
|
|t:|1760735036
|move|p1a: Rivulet|Surf|p2a: Ninetales
|-damage|p2a: Ninetales|24/100
|move|p2a: Ninetales|Freeze-Dry|p1a: Rivulet
|-supereffective|p1a: Rivulet
|-damage|p1a: Rivulet|0 fnt
|faint|p1a: Rivulet
|-end|p1a: Rivulet|Protosynthesis|[silent]
|
|-weather|RainDance|[upkeep]
|upkeep
|
|t:|1760735041
|switch|p1a: Ripple|Floatzel, M|100/100
|turn|4
|
|t:|1760735046
|move|p1a: Ripple|Flip Turn|p2a: Ninetales
|-damage|p2a: Ninetales|0 fnt
|faint|p2a: Ninetales
|
|t:|1760735050
|switch|p1a: Joule|Kilowattrel, F|100/100|[from] Flip Turn
|
|-weather|RainDance|[upkeep]
|upkeep
|
|t:|1760735057
|switch|p2a: Gliscor|Gliscor, M|100/100
|turn|5
|inactive|Battle timer is ON: inactive players will automatically lose when time's up. (requested by jodievan)
|inactive|kate10956 has 120 seconds left.
|
|t:|1760735143
|move|p1a: Joule|Weather Ball|p2a: Gliscor
|-supereffective|p2a: Gliscor
|-damage|p2a: Gliscor|0 fnt
|faint|p2a: Gliscor
|
|-weather|RainDance|[upkeep]
|upkeep
|
|t:|1760735168
|switch|p2a: Darkrai|Darkrai|100/100
|turn|6
|
|t:|1760735179
|switch|p1a: Amanita|Amoonguss, F|91/100
|move|p2a: Darkrai|Dark Pulse|p1a: Amanita
|-damage|p1a: Amanita|49/100
|
|-weather|RainDance|[upkeep]
|upkeep
|turn|7
|
|t:|1760735198
|move|p2a: Darkrai|Dark Pulse|p1a: Amanita
|-damage|p1a: Amanita|6/100
|cant|p1a: Amanita|flinch
|
|-weather|RainDance|[upkeep]
|upkeep
|turn|8
|
|t:|1760735208
|move|p2a: Darkrai|Dark Pulse|p1a: Amanita
|-damage|p1a: Amanita|0 fnt
|faint|p1a: Amanita
|
|-weather|none
|upkeep
|
|t:|1760735214
|switch|p1a: Gulliver|Pelipper, M|100/100
|-weather|RainDance|[from] ability: Drizzle|[of] p1a: Gulliver
|turn|9
|
|t:|1760735234
|move|p2a: Darkrai|Dark Pulse|p1a: Gulliver
|-damage|p1a: Gulliver|38/100
|cant|p1a: Gulliver|flinch
|
|-weather|RainDance|[upkeep]
|upkeep
|turn|10
|inactive|kate10956 has 120 seconds left.
|inactive|kate10956 has 90 seconds left.
|inactive|kate10956 has 60 seconds left.
|inactive|kate10956 has 30 seconds left.
|inactive|kate10956 has 20 seconds left.
|inactive|kate10956 has 15 seconds left.
|inactive|kate10956 has 10 seconds left.
|inactive|kate10956 has 5 seconds left.
|-message|kate10956 lost due to inactivity.
|
|win|jodievan
|raw|kate10956's rating: 1297 &rarr; <strong>1275</strong><br />(-22 for losing)
|raw|jodievan's rating: 1334 &rarr; <strong>1352</strong><br />(+18 for winning)
|l|☆kate10956
|player|p1|
