|j|☆Allegedly Stupid
|j|☆boletus totatus
|t:|1760883810
|gametype|singles
|player|p1|Allegedly Stupid|caitlin|1396
|player|p2|boletus totatus|ethan|1393
|gen|9
|tier|[Gen 9] OU
|rated|
|rule|HP Percentage Mod: HP is shown in percentages
|rule|Endless Battle Clause: Forcing endless battles is banned
|rule|Species Clause: Limit one of each Pokémon
|rule|OHKO Clause: OHKO moves are banned
|rule|Evasion Items Clause: Evasion items are banned
|rule|Evasion Moves Clause: Evasion moves are banned
|rule|Evasion Abilities Clause: Evasion abilities are banned
|rule|Sleep Moves Clause: Sleep-inducing moves are banned
|clearpoke
|poke|p1|Ting-Lu|
|poke|p1|Clefable, M|
|poke|p1|Dragapult, M|
|poke|p1|Reuniclus, M|
|poke|p1|Skarmory, F|
|poke|p1|Empoleon, F|
|poke|p2|Ribombee, F|
|poke|p2|Indeedee, M|
|poke|p2|Scizor, F|
|poke|p2|Regidrago|
|poke|p2|Cinderace, F|
|poke|p2|Alomomola, M|
|teampreview
|
|t:|1760883823
|teamsize|p1|6
|teamsize|p2|6
|start
|switch|p1a: Empoleon|Empoleon, F|100/100
|switch|p2a: Scizor|Scizor, F|100/100
|turn|1
|inactive|Battle timer is ON: inactive players will automatically lose when time's up. (requested by boletus totatus)
|
|t:|1760883856
|switch|p1a: Skarmory|Skarmory, F|100/100
|move|p2a: Scizor|Knock Off|p1a: Skarmory
|-damage|p1a: Skarmory|69/100
|-damage|p2a: Scizor|84/100|[from] item: Rocky Helmet|[of] p1a: Skarmory
|-enditem|p1a: Skarmory|Rocky Helmet|[from] move: Knock Off|[of] p2a: Scizor
|
|upkeep
|turn|2
|inactive|boletus totatus has 120 seconds left.
|
|t:|1760883903
|switch|p2a: Alomomola|Alomomola, M|100/100
|move|p1a: Skarmory|Spikes|p2a: Alomomola
|-sidestart|p2: boletus totatus|Spikes
|
|upkeep
|turn|3
|
|t:|1760883908
|switch|p1a: Spell icup|Reuniclus, M|100/100
|move|p2a: Alomomola|Flip Turn|p1a: Spell icup
|-damage|p1a: Spell icup|87/100
|
|t:|1760883915
|switch|p2a: Scizor|Scizor, F|84/100|[from] Flip Turn
|-damage|p2a: Scizor|72/100|[from] Spikes
|
|upkeep
|turn|4
|
|t:|1760883920
|switch|p1a: Skarmory|Skarmory, F|69/100
|move|p2a: Scizor|U-turn|p1a: Skarmory
|-resisted|p1a: Skarmory
|-damage|p1a: Skarmory|60/100
|inactive|boletus totatus has 120 seconds left.
|
|t:|1760883925
|switch|p2a: Regidrago|Regidrago|100/100|[from] U-turn
|-damage|p2a: Regidrago|88/100|[from] Spikes
|
|upkeep
|turn|5
|
|t:|1760883934
|switch|p1a: Clefable|Clefable, M|100/100
|move|p2a: Regidrago|Dragon Energy|p1a: Clefable
|-immune|p1a: Clefable
|
|upkeep
|turn|6
|
|t:|1760883940
|switch|p2a: Alomomola|Alomomola, M|100/100
|move|p1a: Clefable|Thunder Wave|p2a: Alomomola
|-status|p2a: Alomomola|par
|
|upkeep
|turn|7
|
|t:|1760883943
|move|p1a: Clefable|Knock Off|p2a: Alomomola
|-damage|p2a: Alomomola|89/100 par
|-enditem|p2a: Alomomola|Heavy-Duty Boots|[from] move: Knock Off|[of] p1a: Clefable
|move|p2a: Alomomola|Flip Turn|p1a: Clefable
|-damage|p1a: Clefable|90/100
|
|t:|1760883950
|switch|p2a: Cinderace|Cinderace, F|100/100|[from] Flip Turn
|
|-heal|p1a: Clefable|96/100|[from] item: Leftovers
|upkeep
|turn|8
|
|t:|1760883956
|-terastallize|p2a: Cinderace|Fire
|move|p2a: Cinderace|Pyro Ball|p1a: Clefable
|-damage|p1a: Clefable|39/100
|move|p1a: Clefable|Thunder Wave|p2a: Cinderace
|-status|p2a: Cinderace|par
|
|-heal|p1a: Clefable|45/100|[from] item: Leftovers
|upkeep
|turn|9
|
|t:|1760883963
|switch|p1a: Dragapult|Dragapult, M|100/100
|move|p2a: Cinderace|Pyro Ball|p1a: Dragapult
|-resisted|p1a: Dragapult
|-damage|p1a: Dragapult|52/100
|
|upkeep
|turn|10
|
|t:|1760883967
|move|p2a: Cinderace|Sucker Punch|p1a: Dragapult
|-supereffective|p1a: Dragapult
|-damage|p1a: Dragapult|0 fnt
|faint|p1a: Dragapult
|
|upkeep
|
|t:|1760883970
|switch|p1a: Ting-Lu|Ting-Lu|100/100
|-ability|p1a: Ting-Lu|Vessel of Ruin
|turn|11
|
|t:|1760883973
|move|p2a: Cinderace|U-turn|p1a: Ting-Lu
|-supereffective|p1a: Ting-Lu
|-damage|p1a: Ting-Lu|75/100
|
|t:|1760883977
|switch|p2a: Alomomola|Alomomola, M|100/100 par|[from] U-turn
|-damage|p2a: Alomomola|88/100 par|[from] Spikes
|move|p1a: Ting-Lu|Earthquake|p2a: Alomomola
|-damage|p2a: Alomomola|61/100 par
|
|-heal|p1a: Ting-Lu|81/100|[from] item: Leftovers
|upkeep
|turn|12
|
|t:|1760883987
|move|p1a: Ting-Lu|Stealth Rock|p2a: Alomomola
|-sidestart|p2: boletus totatus|move: Stealth Rock
|move|p2a: Alomomola|Wish|p2a: Alomomola
|
|-heal|p1a: Ting-Lu|87/100|[from] item: Leftovers
|upkeep
|turn|13
|
|t:|1760883993
|switch|p1a: Spell icup|Reuniclus, M|87/100
|move|p2a: Alomomola|Protect||[still]
|-fail|p2a: Alomomola
|
|-heal|p2a: Alomomola|100/100 par|[from] move: Wish|[wisher] Alomomola
|upkeep
|turn|14
|
|t:|1760883996
|move|p1a: Spell icup|Thunder|p2a: Alomomola|[miss]
|-miss|p1a: Spell icup|p2a: Alomomola
|move|p2a: Alomomola|Flip Turn|p1a: Spell icup
|-damage|p1a: Spell icup|73/100
|
|t:|1760883999
|switch|p2a: Cinderace|Cinderace, F, tera:Fire|100/100 par|[from] Flip Turn
|
|upkeep
|turn|15
|
|t:|1760884003
|cant|p2a: Cinderace|par
|move|p1a: Spell icup|Psychic Noise|p2a: Cinderace
|-damage|p2a: Cinderace|30/100 par
|-start|p2a: Cinderace|move: Heal Block
|
|upkeep
|turn|16
|
|t:|1760884010
|move|p2a: Cinderace|Court Change|p2a: Cinderace
|-swapsideconditions
|-activate|p2a: Cinderace|move: Court Change
|move|p1a: Spell icup|Psychic Noise|p2a: Cinderace
|-damage|p2a: Cinderace|0 fnt
|faint|p2a: Cinderace
|
|upkeep
|
|t:|1760884020
|switch|p2a: Regidrago|Regidrago|88/100
|turn|17
|
|t:|1760884022
|move|p2a: Regidrago|Earth Power|p1a: Spell icup
|-damage|p1a: Spell icup|32/100
|move|p1a: Spell icup|Psychic Noise|p2a: Regidrago
|-damage|p2a: Regidrago|30/100
|-start|p2a: Regidrago|move: Heal Block
|
|upkeep
|turn|18
|
|t:|1760884032
|switch|p2a: Scizor|Scizor, F|72/100
|switch|p1a: Skarmory|Skarmory, F|60/100
|-damage|p1a: Skarmory|48/100|[from] Stealth Rock
|
|upkeep
|turn|19
|
|t:|1760884036
|move|p2a: Scizor|Close Combat|p1a: Skarmory
|-damage|p1a: Skarmory|3/100
|-unboost|p2a: Scizor|def|1
|-unboost|p2a: Scizor|spd|1
|move|p1a: Skarmory|Roost|p1a: Skarmory
|-heal|p1a: Skarmory|53/100
|-singleturn|p1a: Skarmory|move: Roost
|
|upkeep
|turn|20
|
|t:|1760884045
|switch|p2a: Alomomola|Alomomola, M|100/100 par
|move|p1a: Skarmory|Roost|p1a: Skarmory
|-heal|p1a: Skarmory|100/100
|-singleturn|p1a: Skarmory|move: Roost
|
|upkeep
|turn|21
|
|t:|1760884049
|move|p1a: Skarmory|Spikes|p2a: Alomomola
|-sidestart|p2: boletus totatus|Spikes
|cant|p2a: Alomomola|par
|
|upkeep
|turn|22
|
|t:|1760884053
|move|p1a: Skarmory|Spikes|p2a: Alomomola
|-sidestart|p2: boletus totatus|Spikes
|move|p2a: Alomomola|Flip Turn|p1a: Skarmory
|-damage|p1a: Skarmory|91/100
|
|t:|1760884057
|switch|p2a: Regidrago|Regidrago|30/100|[from] Flip Turn
|-damage|p2a: Regidrago|14/100|[from] Spikes
|
|upkeep
|turn|23
|
|t:|1760884074
|switch|p2a: Indeedee|Indeedee, M|100/100
|-damage|p2a: Indeedee|84/100|[from] Spikes
|-fieldstart|move: Psychic Terrain|[from] ability: Psychic Surge|[of] p2a: Indeedee
|switch|p1a: Ting-Lu|Ting-Lu|87/100
|-damage|p1a: Ting-Lu|75/100|[from] Spikes
|-damage|p1a: Ting-Lu|69/100|[from] Stealth Rock
|-ability|p1a: Ting-Lu|Vessel of Ruin
|
|-heal|p1a: Ting-Lu|75/100|[from] item: Leftovers
|upkeep
|turn|24
|
|t:|1760884078
|move|p2a: Indeedee|Draining Kiss|p1a: Ting-Lu
|-supereffective|p1a: Ting-Lu
|-damage|p1a: Ting-Lu|62/100
|-heal|p2a: Indeedee|100/100|[from] drain|[of] p1a: Ting-Lu
|move|p1a: Ting-Lu|Stealth Rock|p2a: Indeedee
|-sidestart|p2: boletus totatus|move: Stealth Rock
|
|-heal|p1a: Ting-Lu|69/100|[from] item: Leftovers
|upkeep
|turn|25
|-message|boletus totatus forfeited.
|
|win|Allegedly Stupid
|raw|Allegedly Stupid's rating: 1396 &rarr; <strong>1416</strong><br />(+20 for winning)
|raw|boletus totatus's rating: 1393 &rarr; <strong>1373</strong><br />(-20 for losing)
|l|☆boletus totatus
|player|p2|
|l|☆Allegedly Stupid
|player|p1|
