|j|☆icefox
|j|☆yeshirong
|t:|1760808209
|gametype|singles
|player|p1|icefox|giovanni|1456
|player|p2|yeshirong|idol|1510
|gen|9
|tier|[Gen 9] OU
|rated|
|rule|HP Percentage Mod: HP is shown in percentages
|rule|Endless Battle Clause: Forcing endless battles is banned
|rule|Species Clause: Limit one of each Pokémon
|rule|OHKO Clause: OHKO moves are banned
|rule|Evasion Items Clause: Evasion items are banned
|rule|Evasion Moves Clause: Evasion moves are banned
|rule|Evasion Abilities Clause: Evasion abilities are banned
|rule|Sleep Moves Clause: Sleep-inducing moves are banned
|clearpoke
|poke|p1|Meowscarada, F|
|poke|p1|Hydreigon, F|
|poke|p1|Bisharp, M|
|poke|p1|Samurott-Hisui, M|
|poke|p1|Sableye, F|
|poke|p1|Muk-Alola, F|
|poke|p2|Indeedee, M|
|poke|p2|Gholdengo|
|poke|p2|Hoopa-Unbound|
|poke|p2|Alomomola, M|
|poke|p2|Cinderace, F|
|poke|p2|Meowscarada, F|
|teampreview
|inactive|Battle timer is ON: inactive players will automatically lose when time's up. (requested by yeshirong)
|inactive|icefox has 120 seconds left.
|
|t:|1760808240
|teamsize|p1|6
|teamsize|p2|6
|start
|switch|p1a: Pure Dark|Samurott-Hisui, M|100/100
|switch|p2a: Meowscarada|Meowscarada, F|100/100
|turn|1
|
|t:|1760808249
|switch|p1a: Sableye|Sableye, F|100/100
|move|p2a: Meowscarada|Flower Trick|p1a: Sableye
|-start|p2a: Meowscarada|typechange|Grass|[from] ability: Protean
|-crit|p1a: Sableye
|-damage|p1a: Sableye|49/100
|
|-heal|p1a: Sableye|55/100|[from] item: Leftovers
|upkeep
|turn|2
|
|t:|1760808257
|switch|p2a: Alomomola|Alomomola, M|100/100
|move|p1a: Sableye|Will-O-Wisp|p2a: Alomomola
|-status|p2a: Alomomola|brn
|
|-heal|p1a: Sableye|61/100|[from] item: Leftovers
|-damage|p2a: Alomomola|94/100 brn|[from] brn
|upkeep
|turn|3
|
|t:|1760808261
|switch|p1a: Pure Dark|Samurott-Hisui, M|100/100
|move|p2a: Alomomola|Flip Turn|p1a: Pure Dark
|-resisted|p1a: Pure Dark
|-damage|p1a: Pure Dark|96/100
|
|t:|1760808264
|switch|p2a: Meowscarada|Meowscarada, F|100/100|[from] Flip Turn
|
|upkeep
|turn|4
|
|t:|1760808275
|switch|p1a: Sableye|Sableye, F|61/100
|move|p2a: Meowscarada|U-turn|p1a: Sableye
|-start|p2a: Meowscarada|typechange|Bug|[from] ability: Protean
|-damage|p1a: Sableye|30/100
|
|t:|1760808282
|switch|p2a: Hoopa|Hoopa-Unbound|100/100|[from] U-turn
|
|-heal|p1a: Sableye|37/100|[from] item: Leftovers
|upkeep
|turn|5
|
|t:|1760808287
|switch|p1a: Muk|Muk-Alola, F|100/100
|move|p2a: Hoopa|Hyperspace Fury|p1a: Muk
|-resisted|p1a: Muk
|-damage|p1a: Muk|61/100
|-unboost|p2a: Hoopa|def|1
|-damage|p2a: Hoopa|91/100|[from] item: Life Orb
|
|upkeep
|turn|6
|
|t:|1760808309
|switch|p2a: Alomomola|Alomomola, M|100/100 brn
|move|p1a: Muk|Drain Punch|p2a: Alomomola
|-damage|p2a: Alomomola|86/100 brn
|-heal|p1a: Muk|70/100|[from] drain|[of] p2a: Alomomola
|
|-damage|p2a: Alomomola|80/100 brn|[from] brn
|upkeep
|turn|7
|
|t:|1760808321
|move|p1a: Muk|Crunch|p2a: Alomomola
|-damage|p2a: Alomomola|59/100 brn
|move|p2a: Alomomola|Flip Turn|p1a: Muk
|-damage|p1a: Muk|61/100
|
|t:|1760808337
|switch|p2a: Cinderace|Cinderace, F|100/100|[from] Flip Turn
|
|upkeep
|turn|8
|
|t:|1760808341
|switch|p1a: Pure Dark|Samurott-Hisui, M|96/100
|move|p2a: Cinderace|Pyro Ball|p1a: Pure Dark
|-resisted|p1a: Pure Dark
|-damage|p1a: Pure Dark|65/100
|
|upkeep
|turn|9
|
|t:|1760808348
|move|p2a: Cinderace|U-turn|p1a: Pure Dark
|-supereffective|p1a: Pure Dark
|-damage|p1a: Pure Dark|19/100
|
|t:|1760808351
|switch|p2a: Alomomola|Alomomola, M|92/100 brn|[from] U-turn
|move|p1a: Pure Dark|Ceaseless Edge|p2a: Alomomola
|-damage|p2a: Alomomola|53/100 brn
|-sidestart|p2: yeshirong|Spikes
|
|-damage|p2a: Alomomola|47/100 brn|[from] brn
|upkeep
|turn|10
|
|t:|1760808358
|move|p1a: Pure Dark|Ceaseless Edge|p2a: Alomomola
|-damage|p2a: Alomomola|11/100 brn
|-sidestart|p2: yeshirong|Spikes
|move|p2a: Alomomola|Flip Turn|p1a: Pure Dark
|-resisted|p1a: Pure Dark
|-damage|p1a: Pure Dark|13/100
|
|t:|1760808363
|switch|p2a: Meowscarada|Meowscarada, F|100/100|[from] Flip Turn
|-damage|p2a: Meowscarada|84/100|[from] Spikes
|
|upkeep
|turn|11
|
|t:|1760808372
|move|p1a: Pure Dark|Sucker Punch|p2a: Meowscarada
|-resisted|p2a: Meowscarada
|-damage|p2a: Meowscarada|55/100
|move|p2a: Meowscarada|U-turn|p1a: Pure Dark
|-start|p2a: Meowscarada|typechange|Bug|[from] ability: Protean
|-supereffective|p1a: Pure Dark
|-damage|p1a: Pure Dark|0 fnt
|faint|p1a: Pure Dark
|
|t:|1760808376
|switch|p2a: Cinderace|Cinderace, F|100/100|[from] U-turn
|
|upkeep
|
|t:|1760808382
|switch|p1a: Hydreigon|Hydreigon, F|100/100
|turn|12
|
|t:|1760808393
|move|p2a: Cinderace|Court Change|p2a: Cinderace
|-swapsideconditions
|-activate|p2a: Cinderace|move: Court Change
|move|p1a: Hydreigon|Draco Meteor|p2a: Cinderace
|-damage|p2a: Cinderace|0 fnt
|-unboost|p1a: Hydreigon|spa|2
|faint|p2a: Cinderace
|
|upkeep
|
|t:|1760808399
|switch|p2a: Meowscarada|Meowscarada, F|55/100
|turn|13
|
|t:|1760808408
|-terastallize|p1a: Hydreigon|Ghost
|move|p2a: Meowscarada|U-turn|p1a: Hydreigon
|-start|p2a: Meowscarada|typechange|Bug|[from] ability: Protean
|-resisted|p1a: Hydreigon
|-damage|p1a: Hydreigon|82/100
|
|t:|1760808414
|switch|p2a: Alomomola|Alomomola, M|45/100 brn|[from] U-turn
|move|p1a: Hydreigon|Draco Meteor|p2a: Alomomola
|-damage|p2a: Alomomola|19/100 brn
|-unboost|p1a: Hydreigon|spa|2
|
|-damage|p2a: Alomomola|12/100 brn|[from] brn
|upkeep
|turn|14
|
|t:|1760808423
|switch|p2a: Gholdengo|Gholdengo|100/100
|-item|p2a: Gholdengo|Air Balloon
|move|p1a: Hydreigon|Draco Meteor|p2a: Gholdengo
|-resisted|p2a: Gholdengo
|-damage|p2a: Gholdengo|85/100
|-unboost|p1a: Hydreigon|spa|2
|-enditem|p2a: Gholdengo|Air Balloon
|
|upkeep
|turn|15
|inactive|yeshirong has 120 seconds left.
|
|t:|1760808460
|switch|p1a: Sableye|Sableye, F|37/100
|-damage|p1a: Sableye|20/100|[from] Spikes
|move|p2a: Gholdengo|Nasty Plot|p2a: Gholdengo
|-boost|p2a: Gholdengo|spa|2
|
|-heal|p1a: Sableye|26/100|[from] item: Leftovers
|upkeep
|turn|16
|
|t:|1760808466
|move|p2a: Gholdengo|Substitute|p2a: Gholdengo
|-start|p2a: Gholdengo|Substitute
|-damage|p2a: Gholdengo|61/100
|move|p1a: Sableye|Night Shade|p2a: Gholdengo
|-end|p2a: Gholdengo|Substitute
|
|-heal|p1a: Sableye|33/100|[from] item: Leftovers
|upkeep
|turn|17
|
|t:|1760808472
|move|p2a: Gholdengo|Make It Rain|p1a: Sableye
|-damage|p1a: Sableye|0 fnt
|-unboost|p2a: Gholdengo|spa|1
|faint|p1a: Sableye
|
|upkeep
|
|t:|1760808475
|switch|p1a: Hydreigon|Hydreigon, F, tera:Ghost|82/100
|turn|18
|
|t:|1760808492
|switch|p2a: Alomomola|Alomomola, M|46/100 brn
|move|p1a: Hydreigon|Dark Pulse|p2a: Alomomola
|-damage|p2a: Alomomola|18/100 brn
|
|-damage|p2a: Alomomola|12/100 brn|[from] brn
|upkeep
|turn|19
|
|t:|1760808499
|move|p1a: Hydreigon|Dark Pulse|p2a: Alomomola
|-damage|p2a: Alomomola|0 fnt
|faint|p2a: Alomomola
|
|upkeep
|
|t:|1760808505
|switch|p2a: Meowscarada|Meowscarada, F|55/100
|turn|20
|
|t:|1760808512
|switch|p1a: Meowscarada|Meowscarada, F|100/100
|-damage|p1a: Meowscarada|84/100|[from] Spikes
|move|p2a: Meowscarada|Knock Off|p1a: Meowscarada
|-start|p2a: Meowscarada|typechange|Dark|[from] ability: Protean
|-resisted|p1a: Meowscarada
|-damage|p1a: Meowscarada|51/100
|-enditem|p1a: Meowscarada|Choice Scarf|[from] move: Knock Off|[of] p2a: Meowscarada
|
|upkeep
|turn|21
|
|t:|1760808524
|switch|p2a: Gholdengo|Gholdengo|61/100
|move|p1a: Meowscarada|U-turn|p2a: Gholdengo
|-start|p1a: Meowscarada|typechange|Bug|[from] ability: Protean
|-resisted|p2a: Gholdengo
|-damage|p2a: Gholdengo|55/100
|
|t:|1760808530
|switch|p1a: Hydreigon|Hydreigon, F, tera:Ghost|82/100|[from] U-turn
|
|upkeep
|turn|22
|
|t:|1760808542
|switch|p2a: Hoopa|Hoopa-Unbound|91/100
|move|p1a: Hydreigon|Dark Pulse|p2a: Hoopa
|-damage|p2a: Hoopa|31/100
|
|upkeep
|turn|23
|
|t:|1760808549
|move|p1a: Hydreigon|Dark Pulse|p2a: Hoopa
|-damage|p2a: Hoopa|0 fnt
|faint|p2a: Hoopa
|
|upkeep
|
|t:|1760808553
|switch|p2a: Meowscarada|Meowscarada, F|55/100
|turn|24
|
|t:|1760808585
|switch|p1a: Bisharp|Bisharp, M, shiny|100/100
|-damage|p1a: Bisharp|84/100|[from] Spikes
|move|p2a: Meowscarada|Knock Off|p1a: Bisharp
|-start|p2a: Meowscarada|typechange|Dark|[from] ability: Protean
|-resisted|p1a: Bisharp
|-damage|p1a: Bisharp|69/100
|-enditem|p1a: Bisharp|Eviolite|[from] move: Knock Off|[of] p2a: Meowscarada
|
|upkeep
|turn|25
|
|t:|1760808597
|switch|p2a: Gholdengo|Gholdengo|55/100
|move|p1a: Bisharp|Swords Dance|p1a: Bisharp
|-boost|p1a: Bisharp|atk|2
|
|upkeep
|turn|26
|
|t:|1760808607
|move|p1a: Bisharp|Iron Head|p2a: Gholdengo
|-resisted|p2a: Gholdengo
|-damage|p2a: Gholdengo|26/100
|move|p2a: Gholdengo|Make It Rain|p1a: Bisharp
|-resisted|p1a: Bisharp
|-damage|p1a: Bisharp|29/100
|-unboost|p2a: Gholdengo|spa|1
|
|upkeep
|turn|27
|
|t:|1760808614
|move|p1a: Bisharp|Iron Head|p2a: Gholdengo
|-resisted|p2a: Gholdengo
|-damage|p2a: Gholdengo|0 fnt
|faint|p2a: Gholdengo
|
|upkeep
|
|t:|1760808617
|switch|p2a: Indeedee|Indeedee, M|100/100
|-fieldstart|move: Psychic Terrain|[from] ability: Psychic Surge|[of] p2a: Indeedee
|turn|28
|
|t:|1760808623
|-terastallize|p2a: Indeedee|Fighting
|move|p2a: Indeedee|Tera Blast|p1a: Bisharp|[anim] Tera Blast Fighting
|-supereffective|p1a: Bisharp
|-damage|p1a: Bisharp|0 fnt
|faint|p1a: Bisharp
|
|upkeep
|
|t:|1760808628
|switch|p1a: Meowscarada|Meowscarada, F|51/100
|-damage|p1a: Meowscarada|34/100|[from] Spikes
|turn|29
|
|t:|1760808631
|move|p1a: Meowscarada|Play Rough|p2a: Indeedee
|-start|p1a: Meowscarada|typechange|Fairy|[from] ability: Protean
|-supereffective|p2a: Indeedee
|-damage|p2a: Indeedee|0 fnt
|faint|p2a: Indeedee
|
|upkeep
|
|t:|1760808634
|switch|p2a: Meowscarada|Meowscarada, F|55/100
|turn|30
|
|t:|1760808640
|move|p2a: Meowscarada|Triple Axel|p1a: Meowscarada
|-start|p2a: Meowscarada|typechange|Ice|[from] ability: Protean
|-damage|p1a: Meowscarada|21/100
|-damage|p1a: Meowscarada|0 fnt
|faint|p1a: Meowscarada
|-hitcount|p1: Meowscarada|2
|
|upkeep
|
|t:|1760808648
|switch|p1a: Hydreigon|Hydreigon, F, tera:Ghost|82/100
|turn|31
|
|t:|1760808653
|move|p2a: Meowscarada|Triple Axel|p1a: Hydreigon
|-damage|p1a: Hydreigon|72/100
|-crit|p1a: Hydreigon
|-damage|p1a: Hydreigon|41/100
|-damage|p1a: Hydreigon|8/100
|-hitcount|p1a: Hydreigon|3
|move|p1a: Hydreigon|Flamethrower|p2a: Meowscarada
|-supereffective|p2a: Meowscarada
|-damage|p2a: Meowscarada|0 fnt
|faint|p2a: Meowscarada
|
|win|icefox
|raw|icefox's rating: 1456 &rarr; <strong>1479</strong><br />(+23 for winning)
|raw|yeshirong's rating: 1510 &rarr; <strong>1487</strong><br />(-23 for losing)
|l|☆yeshirong
|player|p2|
|l|☆icefox
|player|p1|
