|j|☆SSSSSheng
|j|☆monkeling
|t:|1760847354
|gametype|singles
|player|p1|SSSSSheng|102|1477
|player|p2|monkeling|ash|1490
|gen|9
|tier|[Gen 9] OU
|rated|
|rule|HP Percentage Mod: HP is shown in percentages
|rule|Endless Battle Clause: Forcing endless battles is banned
|rule|Species Clause: Limit one of each Pokémon
|rule|OHKO Clause: OHKO moves are banned
|rule|Evasion Items Clause: Evasion items are banned
|rule|Evasion Moves Clause: Evasion moves are banned
|rule|Evasion Abilities Clause: Evasion abilities are banned
|rule|Sleep Moves Clause: Sleep-inducing moves are banned
|clearpoke
|poke|p1|Torkoal, F|
|poke|p1|Charizard, F|
|poke|p1|Hatterene, F|
|poke|p1|Great Tusk|
|poke|p1|Walking Wake|
|poke|p1|Torterra, F|
|poke|p2|Ting-Lu|
|poke|p2|Dondozo, M|
|poke|p2|Corviknight, F|
|poke|p2|Great Tusk|
|poke|p2|Dragonite, F|
|poke|p2|Slowking-Galar, F|
|teampreview
|inactive|Battle timer is ON: inactive players will automatically lose when time's up. (requested by monkeling)
|
|t:|1760847365
|teamsize|p1|6
|teamsize|p2|6
|start
|switch|p1a: Torkoal|Torkoal, F|100/100
|switch|p2a: Great Tusk|Great Tusk|100/100
|-weather|SunnyDay|[from] ability: Drought|[of] p1a: Torkoal
|-activate|p2a: Great Tusk|ability: Protosynthesis
|-start|p2a: Great Tusk|protosynthesisdef
|turn|1
|
|t:|1760847381
|switch|p1a: Hatterene|Hatterene, F|100/100
|move|p2a: Great Tusk|Earthquake|p1a: Hatterene
|-damage|p1a: Hatterene|56/100
|-enditem|p1a: Hatterene|Eject Button
|
|t:|1760847385
|switch|p1a: Charizard|Charizard, F|100/100
|
|-weather|SunnyDay|[upkeep]
|-damage|p1a: Charizard|88/100|[from] ability: Solar Power|[of] p1a: Charizard
|upkeep
|turn|2
|
|t:|1760847395
|-end|p2a: Great Tusk|Protosynthesis|[silent]
|switch|p2a: Dragonite|Dragonite, F|100/100
|move|p1a: Charizard|Weather Ball|p2a: Dragonite
|-resisted|p2a: Dragonite
|-damage|p2a: Dragonite|74/100
|
|-weather|SunnyDay|[upkeep]
|-damage|p1a: Charizard|76/100|[from] ability: Solar Power|[of] p1a: Charizard
|upkeep
|turn|3
|
|t:|1760847399
|-terastallize|p1a: Charizard|Fire
|move|p1a: Charizard|Weather Ball|p2a: Dragonite
|-resisted|p2a: Dragonite
|-damage|p2a: Dragonite|13/100
|move|p2a: Dragonite|Roost|p2a: Dragonite
|-heal|p2a: Dragonite|63/100
|-singleturn|p2a: Dragonite|move: Roost
|
|-weather|SunnyDay|[upkeep]
|-damage|p1a: Charizard|63/100|[from] ability: Solar Power|[of] p1a: Charizard
|upkeep
|turn|4
|
|t:|1760847417
|move|p1a: Charizard|Weather Ball|p2a: Dragonite
|-resisted|p2a: Dragonite
|-damage|p2a: Dragonite|0 fnt
|faint|p2a: Dragonite
|
|-weather|SunnyDay|[upkeep]
|-damage|p1a: Charizard|51/100|[from] ability: Solar Power|[of] p1a: Charizard
|upkeep
|
|t:|1760847435
|switch|p2a: Ting-Lu|Ting-Lu|100/100
|-ability|p2a: Ting-Lu|Vessel of Ruin
|turn|5
|
|t:|1760847442
|-terastallize|p2a: Ting-Lu|Water
|move|p1a: Charizard|Weather Ball|p2a: Ting-Lu
|-resisted|p2a: Ting-Lu
|-damage|p2a: Ting-Lu|58/100
|move|p2a: Ting-Lu|Spikes|p1a: Charizard
|-sidestart|p1: SSSSSheng|Spikes
|
|-weather|SunnyDay|[upkeep]
|-damage|p1a: Charizard|38/100|[from] ability: Solar Power|[of] p1a: Charizard
|upkeep
|turn|6
|
|t:|1760847445
|switch|p1a: Hatterene|Hatterene, F|56/100
|-damage|p1a: Hatterene|44/100|[from] Spikes
|move|p2a: Ting-Lu|Rest|p2a: Ting-Lu
|-status|p2a: Ting-Lu|slp|[from] move: Rest
|-heal|p2a: Ting-Lu|100/100 slp|[silent]
|
|-weather|SunnyDay|[upkeep]
|upkeep
|turn|7
|
|t:|1760847454
|switch|p2a: Corviknight|Corviknight, F|100/100
|-ability|p2a: Corviknight|Pressure
|move|p1a: Hatterene|Draining Kiss|p2a: Corviknight
|-resisted|p2a: Corviknight
|-damage|p2a: Corviknight|88/100
|-heal|p1a: Hatterene|55/100|[from] drain|[of] p2a: Corviknight
|
|-weather|SunnyDay|[upkeep]
|-heal|p2a: Corviknight|94/100|[from] item: Leftovers
|upkeep
|turn|8
|
|t:|1760847469
|move|p2a: Corviknight|Brave Bird|p1a: Hatterene
|-crit|p1a: Hatterene
|-damage|p1a: Hatterene|0 fnt
|faint|p1a: Hatterene
|-damage|p2a: Corviknight|80/100|[from] Recoil
|
|-weather|none
|-heal|p2a: Corviknight|86/100|[from] item: Leftovers
|upkeep
|
|t:|1760847473
|switch|p1a: Torkoal|Torkoal, F|100/100
|-damage|p1a: Torkoal|88/100|[from] Spikes
|-weather|SunnyDay|[from] ability: Drought|[of] p1a: Torkoal
|turn|9
|
|t:|1760847478
|switch|p2a: Slowking|Slowking-Galar, F|100/100
|move|p1a: Torkoal|Rapid Spin|p2a: Slowking
|-crit|p2a: Slowking
|-damage|p2a: Slowking|86/100
|-boost|p1a: Torkoal|spe|1
|-sideend|p1: SSSSSheng|Spikes|[from] move: Rapid Spin|[of] p1a: Torkoal
|
|-weather|SunnyDay|[upkeep]
|upkeep
|turn|10
|
|t:|1760847482
|switch|p1a: Great Tusk|Great Tusk|100/100
|-activate|p1a: Great Tusk|ability: Protosynthesis
|-start|p1a: Great Tusk|protosynthesisatk
|-prepare|p2a: Slowking|Chilly Reception|[premajor]
|move|p2a: Slowking|Chilly Reception|p2a: Slowking
|-weather|Snowscape
|-end|p1a: Great Tusk|Protosynthesis
|-enditem|p1a: Great Tusk|Booster Energy
|-activate|p1a: Great Tusk|ability: Protosynthesis|[fromitem]
|-start|p1a: Great Tusk|protosynthesisatk
|
|t:|1760847496
|switch|p2a: Great Tusk|Great Tusk|100/100|[from] Chilly Reception
|
|-weather|Snowscape|[upkeep]
|upkeep
|turn|11
|
|t:|1760847502
|move|p1a: Great Tusk|Bulk Up|p1a: Great Tusk
|-boost|p1a: Great Tusk|atk|1
|-boost|p1a: Great Tusk|def|1
|move|p2a: Great Tusk|Stealth Rock|p1a: Great Tusk
|-sidestart|p1: SSSSSheng|move: Stealth Rock
|
|-weather|Snowscape|[upkeep]
|upkeep
|turn|12
|
|t:|1760847509
|-end|p2a: Great Tusk|Protosynthesis|[silent]
|switch|p2a: Dondozo|Dondozo, M|100/100
|move|p1a: Great Tusk|Earthquake|p2a: Dondozo
|-damage|p2a: Dondozo|71/100
|
|-weather|Snowscape|[upkeep]
|upkeep
|turn|13
|
|t:|1760847513
|move|p1a: Great Tusk|Rapid Spin|p2a: Dondozo
|-damage|p2a: Dondozo|61/100
|-boost|p1a: Great Tusk|spe|1
|-sideend|p1: SSSSSheng|Stealth Rock|[from] move: Rapid Spin|[of] p1a: Great Tusk
|move|p2a: Dondozo|Curse|p2a: Dondozo
|-unboost|p2a: Dondozo|spe|1
|-boost|p2a: Dondozo|atk|1
|-boost|p2a: Dondozo|def|1
|
|-weather|Snowscape|[upkeep]
|upkeep
|turn|14
|
|t:|1760847515
|-end|p1a: Great Tusk|Protosynthesis|[silent]
|switch|p1a: Walking Wake|Walking Wake|100/100
|move|p2a: Dondozo|Waterfall|p1a: Walking Wake
|-resisted|p1a: Walking Wake
|-damage|p1a: Walking Wake|89/100
|
|-weather|none
|upkeep
|turn|15
|
|t:|1760847522
|switch|p2a: Ting-Lu|Ting-Lu, tera:Water|100/100 slp
|-ability|p2a: Ting-Lu|Vessel of Ruin
|move|p1a: Walking Wake|Flip Turn|p2a: Ting-Lu
|-resisted|p2a: Ting-Lu
|-damage|p2a: Ting-Lu|96/100 slp
|
|t:|1760847525
|-end|p1a: Walking Wake|Protosynthesis|[silent]
|switch|p1a: Torkoal|Torkoal, F|88/100|[from] Flip Turn
|-weather|SunnyDay|[from] ability: Drought|[of] p1a: Torkoal
|
|-weather|SunnyDay|[upkeep]
|upkeep
|turn|16
|
|t:|1760847528
|switch|p1a: Charizard|Charizard, F, tera:Fire|38/100
|cant|p2a: Ting-Lu|slp
|
|-weather|SunnyDay|[upkeep]
|-damage|p1a: Charizard|26/100|[from] ability: Solar Power|[of] p1a: Charizard
|upkeep
|turn|17
|
|t:|1760847533
|move|p1a: Charizard|Solar Beam||[still]
|-prepare|p1a: Charizard|Solar Beam
|-anim|p1a: Charizard|Solar Beam|p2a: Ting-Lu
|-supereffective|p2a: Ting-Lu
|-damage|p2a: Ting-Lu|28/100 slp
|cant|p2a: Ting-Lu|slp
|
|-weather|SunnyDay|[upkeep]
|-damage|p1a: Charizard|13/100|[from] ability: Solar Power|[of] p1a: Charizard
|upkeep
|turn|18
|
|t:|1760847542
|switch|p1a: Walking Wake|Walking Wake|89/100
|-activate|p1a: Walking Wake|ability: Protosynthesis
|-start|p1a: Walking Wake|protosynthesisspe
|switch|p2a: Corviknight|Corviknight, F|86/100
|-ability|p2a: Corviknight|Pressure
|
|-weather|SunnyDay|[upkeep]
|-heal|p2a: Corviknight|92/100|[from] item: Leftovers
|upkeep
|turn|19
|
|t:|1760847548
|switch|p2a: Slowking|Slowking-Galar, F|100/100
|move|p1a: Walking Wake|Hydro Steam|p2a: Slowking
|-damage|p2a: Slowking|52/100
|
|-weather|SunnyDay|[upkeep]
|upkeep
|turn|20
|
|t:|1760847553
|move|p1a: Walking Wake|Hydro Steam|p2a: Slowking
|-damage|p2a: Slowking|0 fnt
|faint|p2a: Slowking
|
|-weather|SunnyDay|[upkeep]
|upkeep
|
|t:|1760847556
|switch|p2a: Ting-Lu|Ting-Lu, tera:Water|28/100 slp
|-ability|p2a: Ting-Lu|Vessel of Ruin
|turn|21
|
|t:|1760847561
|move|p1a: Walking Wake|Hydro Steam|p2a: Ting-Lu
|-resisted|p2a: Ting-Lu
|-damage|p2a: Ting-Lu|10/100 slp
|-curestatus|p2a: Ting-Lu|slp|[msg]
|move|p2a: Ting-Lu|Rest|p2a: Ting-Lu
|-status|p2a: Ting-Lu|slp|[from] move: Rest
|-heal|p2a: Ting-Lu|100/100 slp|[silent]
|
|-weather|SunnyDay|[upkeep]
|upkeep
|turn|22
|
|t:|1760847565
|-end|p1a: Walking Wake|Protosynthesis|[silent]
|switch|p1a: Torterra|Torterra, F|100/100
|cant|p2a: Ting-Lu|slp
|
|-weather|none
|upkeep
|turn|23
|
|t:|1760847572
|switch|p1a: Walking Wake|Walking Wake|89/100
|switch|p2a: Corviknight|Corviknight, F|92/100
|-ability|p2a: Corviknight|Pressure
|
|-heal|p2a: Corviknight|98/100|[from] item: Leftovers
|upkeep
|turn|24
|
|t:|1760847575
|switch|p2a: Ting-Lu|Ting-Lu, tera:Water|100/100 slp
|-ability|p2a: Ting-Lu|Vessel of Ruin
|move|p1a: Walking Wake|Flamethrower|p2a: Ting-Lu
|-resisted|p2a: Ting-Lu
|-damage|p2a: Ting-Lu|92/100 slp
|
|upkeep
|turn|25
|
|t:|1760847579
|-end|p1a: Walking Wake|Protosynthesis|[silent]
|switch|p1a: Torterra|Torterra, F|100/100
|cant|p2a: Ting-Lu|slp
|
|upkeep
|turn|26
|
|t:|1760847583
|switch|p2a: Corviknight|Corviknight, F|98/100
|-ability|p2a: Corviknight|Pressure
|move|p1a: Torterra|Rock Blast|p2a: Corviknight
|-damage|p2a: Corviknight|93/100
|-crit|p2a: Corviknight
|-damage|p2a: Corviknight|84/100
|-crit|p2a: Corviknight
|-damage|p2a: Corviknight|77/100
|-damage|p2a: Corviknight|71/100
|-damage|p2a: Corviknight|66/100
|-hitcount|p2a: Corviknight|5
|
|-heal|p2a: Corviknight|72/100|[from] item: Leftovers
|upkeep
|turn|27
|
|t:|1760847590
|switch|p1a: Torkoal|Torkoal, F|88/100
|-weather|SunnyDay|[from] ability: Drought|[of] p1a: Torkoal
|switch|p2a: Ting-Lu|Ting-Lu, tera:Water|92/100 slp
|-ability|p2a: Ting-Lu|Vessel of Ruin
|
|-weather|SunnyDay|[upkeep]
|upkeep
|turn|28
|
|t:|1760847593
|-curestatus|p2a: Ting-Lu|slp|[msg]
|move|p2a: Ting-Lu|Spikes|p1a: Torkoal
|-sidestart|p1: SSSSSheng|Spikes
|move|p1a: Torkoal|Stealth Rock|p2a: Ting-Lu
|-sidestart|p2: monkeling|move: Stealth Rock
|
|-weather|SunnyDay|[upkeep]
|upkeep
|turn|29
|
|t:|1760847596
|move|p2a: Ting-Lu|Earthquake|p1a: Torkoal
|-supereffective|p1a: Torkoal
|-damage|p1a: Torkoal|46/100
|move|p1a: Torkoal|Rapid Spin|p2a: Ting-Lu
|-damage|p2a: Ting-Lu|86/100
|-boost|p1a: Torkoal|spe|1
|-sideend|p1: SSSSSheng|Spikes|[from] move: Rapid Spin|[of] p1a: Torkoal
|
|-weather|SunnyDay|[upkeep]
|upkeep
|turn|30
|
|t:|1760847600
|switch|p1a: Charizard|Charizard, F, tera:Fire|13/100
|move|p2a: Ting-Lu|Spikes|p1a: Charizard
|-sidestart|p1: SSSSSheng|Spikes
|
|-weather|SunnyDay|[upkeep]
|-damage|p1a: Charizard|1/100|[from] ability: Solar Power|[of] p1a: Charizard
|upkeep
|turn|31
|
|t:|1760847608
|move|p1a: Charizard|Solar Beam||[still]
|-prepare|p1a: Charizard|Solar Beam
|-anim|p1a: Charizard|Solar Beam|p2a: Ting-Lu
|-supereffective|p2a: Ting-Lu
|-damage|p2a: Ting-Lu|13/100
|move|p2a: Ting-Lu|Rest|p2a: Ting-Lu
|-status|p2a: Ting-Lu|slp|[from] move: Rest
|-heal|p2a: Ting-Lu|100/100 slp|[silent]
|
|-weather|SunnyDay|[upkeep]
|-damage|p1a: Charizard|0 fnt|[from] ability: Solar Power|[of] p1a: Charizard
|faint|p1a: Charizard
|upkeep
|
|t:|1760847610
|switch|p1a: Torterra|Torterra, F|100/100
|-damage|p1a: Torterra|88/100|[from] Spikes
|turn|32
|
|t:|1760847619
|move|p1a: Torterra|Shell Smash|p1a: Torterra
|-unboost|p1a: Torterra|def|1
|-unboost|p1a: Torterra|spd|1
|-boost|p1a: Torterra|atk|2
|-boost|p1a: Torterra|spa|2
|-boost|p1a: Torterra|spe|2
|cant|p2a: Ting-Lu|slp
|
|-weather|SunnyDay|[upkeep]
|upkeep
|turn|33
|
|t:|1760847622
|switch|p2a: Corviknight|Corviknight, F|72/100
|-damage|p2a: Corviknight|60/100|[from] Stealth Rock
|-ability|p2a: Corviknight|Pressure
|move|p1a: Torterra|Shell Smash|p1a: Torterra
|-unboost|p1a: Torterra|def|1
|-unboost|p1a: Torterra|spd|1
|-boost|p1a: Torterra|atk|2
|-boost|p1a: Torterra|spa|2
|-boost|p1a: Torterra|spe|2
|
|-weather|SunnyDay|[upkeep]
|-heal|p2a: Corviknight|66/100|[from] item: Leftovers
|upkeep
|turn|34
|
|t:|1760847624
|move|p1a: Torterra|Rock Blast|p2a: Corviknight
|-damage|p2a: Corviknight|52/100
|-damage|p2a: Corviknight|38/100
|-damage|p2a: Corviknight|24/100
|-damage|p2a: Corviknight|8/100
|-damage|p2a: Corviknight|0 fnt
|faint|p2a: Corviknight
|-hitcount|p2: Corviknight|5
|
|-weather|none
|upkeep
|
|t:|1760847638
|switch|p2a: Great Tusk|Great Tusk|100/100
|turn|35
|
|t:|1760847641
|move|p1a: Torterra|Bullet Seed|p2a: Great Tusk
|-supereffective|p2a: Great Tusk
|-damage|p2a: Great Tusk|65/100
|-supereffective|p2a: Great Tusk
|-damage|p2a: Great Tusk|31/100
|-supereffective|p2a: Great Tusk
|-damage|p2a: Great Tusk|0 fnt
|faint|p2a: Great Tusk
|-end|p2a: Great Tusk|Protosynthesis|[silent]
|-hitcount|p2: Great Tusk|3
|
|upkeep
|
|t:|1760847644
|switch|p2a: Dondozo|Dondozo, M|61/100
|turn|36
|
|t:|1760847650
|move|p1a: Torterra|Bullet Seed|p2a: Dondozo
|-supereffective|p2a: Dondozo
|-damage|p2a: Dondozo|50/100
|-supereffective|p2a: Dondozo
|-damage|p2a: Dondozo|38/100
|-supereffective|p2a: Dondozo
|-damage|p2a: Dondozo|26/100
|-supereffective|p2a: Dondozo
|-crit|p2a: Dondozo
|-damage|p2a: Dondozo|8/100
|-supereffective|p2a: Dondozo
|-damage|p2a: Dondozo|0 fnt
|faint|p2a: Dondozo
|-hitcount|p2: Dondozo|5
|
|upkeep
|
|t:|1760847656
|switch|p2a: Ting-Lu|Ting-Lu, tera:Water|100/100 slp
|-ability|p2a: Ting-Lu|Vessel of Ruin
|turn|37
|
|t:|1760847661
|move|p1a: Torterra|Bullet Seed|p2a: Ting-Lu
|-supereffective|p2a: Ting-Lu
|-damage|p2a: Ting-Lu|56/100 slp
|-supereffective|p2a: Ting-Lu
|-damage|p2a: Ting-Lu|15/100 slp
|-supereffective|p2a: Ting-Lu
|-damage|p2a: Ting-Lu|0 fnt
|faint|p2a: Ting-Lu
|-hitcount|p2: Ting-Lu|3
|
|win|SSSSSheng
|raw|SSSSSheng's rating: 1477 &rarr; <strong>1499</strong><br />(+22 for winning)
|raw|monkeling's rating: 1515 &rarr; <strong>1493</strong><br />(-22 for losing)
|l|☆monkeling
|player|p2|
|l|☆SSSSSheng
|player|p1|
