|j|☆frrrer34343
|j|☆sminey
|t:|1760777068
|gametype|singles
|player|p1|frrrer34343|101|1500
|player|p2|sminey|palmer|1538
|gen|9
|tier|[Gen 9] OU
|rated|
|rule|HP Percentage Mod: HP is shown in percentages
|rule|Endless Battle Clause: Forcing endless battles is banned
|rule|Species Clause: Limit one of each Pokémon
|rule|OHKO Clause: OHKO moves are banned
|rule|Evasion Items Clause: Evasion items are banned
|rule|Evasion Moves Clause: Evasion moves are banned
|rule|Evasion Abilities Clause: Evasion abilities are banned
|rule|Sleep Moves Clause: Sleep-inducing moves are banned
|clearpoke
|poke|p1|Hatterene, F|
|poke|p1|Dragapult, M|
|poke|p1|Iron Treads|
|poke|p1|Umbreon, M|
|poke|p1|Gholdengo|
|poke|p1|Ogerpon-Wellspring, F|
|poke|p2|Cinderace, F|
|poke|p2|Zapdos|
|poke|p2|Latios, M|
|poke|p2|Weavile, M|
|poke|p2|Clefable, F|
|poke|p2|Slowking-Galar, F|
|teampreview
|inactive|Battle timer is ON: inactive players will automatically lose when time's up. (requested by frrrer34343)
|
|t:|1760777083
|teamsize|p1|6
|teamsize|p2|6
|start
|switch|p1a: Dragapult|Dragapult, M|100/100
|switch|p2a: Cinderace|Cinderace, F|100/100
|turn|1
|
|t:|1760777091
|move|p1a: Dragapult|Shadow Ball|p2a: Cinderace
|-damage|p2a: Cinderace|25/100
|move|p2a: Cinderace|Pyro Ball|p1a: Dragapult
|-resisted|p1a: Dragapult
|-damage|p1a: Dragapult|58/100
|
|upkeep
|turn|2
|
|t:|1760777097
|move|p2a: Cinderace|Sucker Punch|p1a: Dragapult
|-start|p2a: Cinderace|typechange|Dark|[from] ability: Libero
|-supereffective|p1a: Dragapult
|-damage|p1a: Dragapult|0 fnt
|faint|p1a: Dragapult
|
|upkeep
|
|t:|1760777113
|switch|p1a: Gholdengo|Gholdengo|100/100
|turn|3
|
|t:|1760777118
|switch|p2a: Weavile|Weavile, M|100/100
|-ability|p2a: Weavile|Pressure
|move|p1a: Gholdengo|Thunder Wave|p2a: Weavile
|-status|p2a: Weavile|par
|
|upkeep
|turn|4
|
|t:|1760777131
|switch|p2a: Slowking|Slowking-Galar, F|100/100
|move|p1a: Gholdengo|Focus Blast|p2a: Slowking|[miss]
|-miss|p1a: Gholdengo|p2a: Slowking
|
|upkeep
|turn|5
|
|t:|1760777146
|switch|p2a: Zapdos|Zapdos|100/100
|move|p1a: Gholdengo|Thunder Wave|p2a: Zapdos
|-immune|p2a: Zapdos
|
|upkeep
|turn|6
|
|t:|1760777153
|switch|p1a: Iron Treads|Iron Treads|100/100
|move|p2a: Zapdos|Hurricane|p1a: Iron Treads|[miss]
|-miss|p2a: Zapdos|p1a: Iron Treads
|
|upkeep
|turn|7
|
|t:|1760777159
|move|p1a: Iron Treads|Knock Off|p2a: Zapdos
|-damage|p2a: Zapdos|83/100
|-enditem|p2a: Zapdos|Heavy-Duty Boots|[from] move: Knock Off|[of] p1a: Iron Treads
|move|p2a: Zapdos|Hurricane|p1a: Iron Treads|[miss]
|-miss|p2a: Zapdos|p1a: Iron Treads
|
|upkeep
|turn|8
|
|t:|1760777165
|move|p1a: Iron Treads|Stealth Rock|p2a: Zapdos
|-sidestart|p2: sminey|move: Stealth Rock
|move|p2a: Zapdos|Hurricane|p1a: Iron Treads|[miss]
|-miss|p2a: Zapdos|p1a: Iron Treads
|
|upkeep
|turn|9
|
|t:|1760777177
|-end|p1a: Iron Treads|Quark Drive|[silent]
|switch|p1a: Hatterene|Hatterene, F|100/100
|move|p2a: Zapdos|Hurricane|p1a: Hatterene|[miss]
|-miss|p2a: Zapdos|p1a: Hatterene
|
|upkeep
|turn|10
|
|t:|1760777183
|move|p2a: Zapdos|Hurricane|p1a: Hatterene
|-damage|p1a: Hatterene|53/100
|move|p1a: Hatterene|Psychic Noise|p2a: Zapdos
|-damage|p2a: Zapdos|49/100
|-start|p2a: Zapdos|move: Heal Block
|
|-heal|p1a: Hatterene|59/100|[from] item: Leftovers
|upkeep
|turn|11
|
|t:|1760777192
|move|p2a: Zapdos|Hurricane|p1a: Hatterene
|-damage|p1a: Hatterene|15/100
|move|p1a: Hatterene|Pain Split|p2a: Zapdos
|-sethp|p2a: Zapdos|31/100|[from] move: Pain Split|[silent]
|-sethp|p1a: Hatterene|37/100|[from] move: Pain Split
|
|-heal|p1a: Hatterene|43/100|[from] item: Leftovers
|-end|p2a: Zapdos|move: Heal Block
|upkeep
|turn|12
|
|t:|1760777202
|switch|p1a: Ogerpon|Ogerpon-Wellspring, F|100/100
|move|p2a: Zapdos|Hurricane|p1a: Ogerpon
|-supereffective|p1a: Ogerpon
|-damage|p1a: Ogerpon|0 fnt
|faint|p1a: Ogerpon
|
|upkeep
|inactive|frrrer34343 has 120 seconds left.
|
|t:|1760777228
|switch|p1a: Umbreon|Umbreon, M|100/100
|turn|13
|
|t:|1760777232
|move|p2a: Zapdos|Thunder Wave|p1a: Umbreon
|-status|p1a: Umbreon|par
|-activate|p1a: Umbreon|ability: Synchronize
|-immune|p2a: Zapdos
|cant|p1a: Umbreon|par
|
|upkeep
|turn|14
|
|t:|1760777239
|move|p2a: Zapdos|Roost|p2a: Zapdos
|-heal|p2a: Zapdos|81/100
|-singleturn|p2a: Zapdos|move: Roost
|move|p1a: Umbreon|Foul Play|p2a: Zapdos
|-damage|p2a: Zapdos|64/100
|
|upkeep
|turn|15
|
|t:|1760777246
|move|p2a: Zapdos|Hurricane|p1a: Umbreon
|-damage|p1a: Umbreon|66/100 par
|move|p1a: Umbreon|Foul Play|p2a: Zapdos
|-damage|p2a: Zapdos|47/100
|
|-heal|p1a: Umbreon|72/100 par|[from] item: Leftovers
|upkeep
|turn|16
|
|t:|1760777252
|move|p2a: Zapdos|Roost|p2a: Zapdos
|-heal|p2a: Zapdos|97/100
|-singleturn|p2a: Zapdos|move: Roost
|cant|p1a: Umbreon|par
|
|-heal|p1a: Umbreon|78/100 par|[from] item: Leftovers
|upkeep
|turn|17
|
|t:|1760777258
|move|p2a: Zapdos|Hurricane|p1a: Umbreon
|-damage|p1a: Umbreon|48/100 par
|move|p1a: Umbreon|Wish|p1a: Umbreon
|
|-heal|p1a: Umbreon|54/100 par|[from] item: Leftovers
|upkeep
|turn|18
|
|t:|1760777265
|move|p2a: Zapdos|Volt Switch|p1a: Umbreon
|-damage|p1a: Umbreon|33/100 par
|
|t:|1760777268
|switch|p2a: Clefable|Clefable, F|100/100|[from] Volt Switch
|move|p1a: Umbreon|Foul Play|p2a: Clefable
|-resisted|p2a: Clefable
|-crit|p2a: Clefable
|-damage|p2a: Clefable|88/100
|
|-heal|p1a: Umbreon|83/100 par|[from] move: Wish|[wisher] Umbreon
|-heal|p1a: Umbreon|89/100 par|[from] item: Leftovers
|upkeep
|turn|19
|
|t:|1760777276
|switch|p1a: Iron Treads|Iron Treads|100/100
|move|p2a: Clefable|Knock Off|p1a: Iron Treads
|-damage|p1a: Iron Treads|90/100
|-enditem|p1a: Iron Treads|Leftovers|[from] move: Knock Off|[of] p2a: Clefable
|
|upkeep
|turn|20
|
|t:|1760777285
|-end|p1a: Iron Treads|Quark Drive|[silent]
|switch|p1a: Umbreon|Umbreon, M|89/100 par
|move|p2a: Clefable|Calm Mind|p2a: Clefable
|-boost|p2a: Clefable|spa|1
|-boost|p2a: Clefable|spd|1
|
|-heal|p1a: Umbreon|95/100 par|[from] item: Leftovers
|upkeep
|turn|21
|
|t:|1760777292
|move|p2a: Clefable|Knock Off|p1a: Umbreon
|-resisted|p1a: Umbreon
|-crit|p1a: Umbreon
|-damage|p1a: Umbreon|89/100 par
|-enditem|p1a: Umbreon|Leftovers|[from] move: Knock Off|[of] p2a: Clefable
|move|p1a: Umbreon|Thunder Wave|p2a: Clefable
|-status|p2a: Clefable|par
|
|upkeep
|turn|22
|
|t:|1760777299
|switch|p1a: Hatterene|Hatterene, F|43/100
|move|p2a: Clefable|Calm Mind|p2a: Clefable
|-boost|p2a: Clefable|spa|1
|-boost|p2a: Clefable|spd|1
|
|-heal|p1a: Hatterene|49/100|[from] item: Leftovers
|upkeep
|turn|23
|
|t:|1760777304
|move|p1a: Hatterene|Pain Split|p2a: Clefable
|-sethp|p2a: Clefable|64/100 par|[from] move: Pain Split|[silent]
|-sethp|p1a: Hatterene|79/100|[from] move: Pain Split
|move|p2a: Clefable|Moonblast|p1a: Hatterene
|-damage|p1a: Hatterene|19/100
|
|-heal|p1a: Hatterene|25/100|[from] item: Leftovers
|upkeep
|turn|24
|
|t:|1760777311
|move|p1a: Hatterene|Pain Split|p2a: Clefable
|-sethp|p2a: Clefable|42/100 par|[from] move: Pain Split|[silent]
|-sethp|p1a: Hatterene|52/100|[from] move: Pain Split
|move|p2a: Clefable|Moonblast|p1a: Hatterene
|-crit|p1a: Hatterene
|-damage|p1a: Hatterene|0 fnt
|faint|p1a: Hatterene
|
|upkeep
|
|t:|1760777321
|switch|p1a: Iron Treads|Iron Treads|90/100
|turn|25
|
|t:|1760777327
|move|p1a: Iron Treads|Earthquake|p2a: Clefable
|-damage|p2a: Clefable|12/100 par
|cant|p2a: Clefable|par
|
|upkeep
|turn|26
|
|t:|1760777336
|switch|p2a: Zapdos|Zapdos|97/100
|-damage|p2a: Zapdos|72/100|[from] Stealth Rock
|move|p1a: Iron Treads|Earthquake|p2a: Zapdos
|-immune|p2a: Zapdos
|
|upkeep
|turn|27
|
|t:|1760777346
|-end|p1a: Iron Treads|Quark Drive|[silent]
|switch|p1a: Umbreon|Umbreon, M|89/100 par
|move|p2a: Zapdos|Hurricane|p1a: Umbreon
|-damage|p1a: Umbreon|59/100 par
|
|upkeep
|turn|28
|
|t:|1760777352
|move|p2a: Zapdos|Hurricane|p1a: Umbreon
|-damage|p1a: Umbreon|29/100 par
|cant|p1a: Umbreon|par
|
|upkeep
|turn|29
|j| Wodje
|inactive|frrrer34343 has 120 seconds left.
|inactive|frrrer34343 has 90 seconds left.
|inactive|frrrer34343 has 60 seconds left.
|inactive|frrrer34343 has 30 seconds left.
|inactive|frrrer34343 has 20 seconds left.
|inactive|frrrer34343 has 15 seconds left.
|inactive|frrrer34343 has 10 seconds left.
|inactive|frrrer34343 has 5 seconds left.
|-message|frrrer34343 lost due to inactivity.
|
|win|sminey
|raw|frrrer34343's rating: 1500 &rarr; <strong>1482</strong><br />(-18 for losing)
|raw|sminey's rating: 1538 &rarr; <strong>1556</strong><br />(+18 for winning)
|l|☆sminey
|player|p2|
