|j|☆ineverhaxed
|j|☆ghostoftheranch
|t:|1760796175
|gametype|singles
|player|p1|ineverhaxed|101|1397
|player|p2|ghostoftheranch|medium|1444
|gen|9
|tier|[Gen 9] OU
|rated|
|rule|HP Percentage Mod: HP is shown in percentages
|rule|Endless Battle Clause: Forcing endless battles is banned
|rule|Species Clause: Limit one of each Pokémon
|rule|OHKO Clause: OHKO moves are banned
|rule|Evasion Items Clause: Evasion items are banned
|rule|Evasion Moves Clause: Evasion moves are banned
|rule|Evasion Abilities Clause: Evasion abilities are banned
|rule|Sleep Moves Clause: Sleep-inducing moves are banned
|clearpoke
|poke|p1|Illumise, F|
|poke|p1|Cloyster, F|
|poke|p1|Blissey, F|
|poke|p1|Darkrai|
|poke|p1|Cinderace, M|
|poke|p1|Lokix, M|
|poke|p2|Conkeldurr, M|
|poke|p2|Clodsire, F|
|poke|p2|Enamorus, F|
|poke|p2|Skarmory, M|
|poke|p2|Dragonite, F|
|poke|p2|Sinistcha|
|teampreview
|
|t:|1760796185
|teamsize|p1|6
|teamsize|p2|6
|start
|switch|p1a: Cinderace|Cinderace, M|100/100
|switch|p2a: Clodsire|Clodsire, F|100/100
|turn|1
|
|t:|1760796201
|switch|p2a: Dragonite|Dragonite, F|100/100
|move|p1a: Cinderace|Will-O-Wisp|p2a: Dragonite
|-status|p2a: Dragonite|brn
|
|-damage|p2a: Dragonite|94/100 brn|[from] brn
|upkeep
|turn|2
|
|t:|1760796210
|switch|p1a: Blissey|Blissey, F|100/100
|move|p2a: Dragonite|Earthquake|p1a: Blissey
|-damage|p1a: Blissey|81/100
|
|-heal|p1a: Blissey|88/100|[from] item: Leftovers
|-damage|p2a: Dragonite|88/100 brn|[from] brn
|upkeep
|turn|3
|
|t:|1760796222
|move|p2a: Dragonite|Dragon Dance|p2a: Dragonite
|-boost|p2a: Dragonite|atk|1
|-boost|p2a: Dragonite|spe|1
|move|p1a: Blissey|Shadow Ball|p2a: Dragonite
|-damage|p2a: Dragonite|71/100 brn
|
|-heal|p1a: Blissey|94/100|[from] item: Leftovers
|-damage|p2a: Dragonite|65/100 brn|[from] brn
|upkeep
|turn|4
|
|t:|1760796227
|move|p2a: Dragonite|Dragon Dance|p2a: Dragonite
|-boost|p2a: Dragonite|atk|1
|-boost|p2a: Dragonite|spe|1
|move|p1a: Blissey|Ice Beam|p2a: Dragonite
|-supereffective|p2a: Dragonite
|-damage|p2a: Dragonite|0 fnt
|faint|p2a: Dragonite
|
|-heal|p1a: Blissey|99/100|[from] item: Leftovers
|upkeep
|
|t:|1760796238
|switch|p2a: Conkeldurr|Conkeldurr, M|100/100
|turn|5
|
|t:|1760796250
|switch|p1a: Illumise|Illumise, F|100/100
|move|p2a: Conkeldurr|Knock Off|p1a: Illumise
|-damage|p1a: Illumise|70/100
|-enditem|p1a: Illumise|Leftovers|[from] move: Knock Off|[of] p2a: Conkeldurr
|
|upkeep
|turn|6
|inactive|Battle timer is ON: inactive players will automatically lose when time's up. (requested by ghostoftheranch)
|
|t:|1760796261
|switch|p2a: Clodsire|Clodsire, F|100/100
|move|p1a: Illumise|Infestation|p2a: Clodsire
|-resisted|p2a: Clodsire
|-damage|p2a: Clodsire|99/100
|-activate|p2a: Clodsire|move: Infestation|[of] p1a: Illumise
|
|-heal|p2a: Clodsire|100/100|[from] item: Leftovers
|-damage|p2a: Clodsire|88/100|[from] move: Infestation|[partiallytrapped]
|upkeep
|turn|7
|
|t:|1760796267
|move|p1a: Illumise|Substitute|p1a: Illumise
|-start|p1a: Illumise|Substitute
|-damage|p1a: Illumise|45/100
|move|p2a: Clodsire|Stealth Rock|p1a: Illumise
|-sidestart|p1: ineverhaxed|move: Stealth Rock
|
|-heal|p2a: Clodsire|94/100|[from] item: Leftovers
|-damage|p2a: Clodsire|82/100|[from] move: Infestation|[partiallytrapped]
|upkeep
|turn|8
|
|t:|1760796272
|move|p1a: Illumise|Encore|p2a: Clodsire
|-start|p2a: Clodsire|Encore
|move|p2a: Clodsire|Stealth Rock||[still]
|-fail|p2a: Clodsire
|
|-heal|p2a: Clodsire|88/100|[from] item: Leftovers
|-damage|p2a: Clodsire|75/100|[from] move: Infestation|[partiallytrapped]
|upkeep
|turn|9
|
|t:|1760796277
|move|p1a: Illumise|Mud-Slap|p2a: Clodsire
|-supereffective|p2a: Clodsire
|-damage|p2a: Clodsire|70/100
|-unboost|p2a: Clodsire|accuracy|1
|move|p2a: Clodsire|Stealth Rock||[still]
|-fail|p2a: Clodsire
|
|-heal|p2a: Clodsire|76/100|[from] item: Leftovers
|-damage|p2a: Clodsire|64/100|[from] move: Infestation|[partiallytrapped]
|upkeep
|turn|10
|
|t:|1760796287
|move|p1a: Illumise|Mud-Slap|p2a: Clodsire
|-supereffective|p2a: Clodsire
|-damage|p2a: Clodsire|58/100
|-unboost|p2a: Clodsire|accuracy|1
|move|p2a: Clodsire|Stealth Rock||[still]
|-fail|p2a: Clodsire
|
|-heal|p2a: Clodsire|65/100|[from] item: Leftovers
|-damage|p2a: Clodsire|52/100|[from] move: Infestation|[partiallytrapped]
|-end|p2a: Clodsire|Encore
|upkeep
|turn|11
|
|t:|1760796299
|move|p1a: Illumise|Encore|p2a: Clodsire
|-start|p2a: Clodsire|Encore
|move|p2a: Clodsire|Stealth Rock||[still]
|-fail|p2a: Clodsire
|
|-heal|p2a: Clodsire|58/100|[from] item: Leftovers
|-end|p2a: Clodsire|Infestation|[partiallytrapped]
|upkeep
|turn|12
|
|t:|1760796303
|move|p1a: Illumise|Infestation|p2a: Clodsire
|-resisted|p2a: Clodsire
|-damage|p2a: Clodsire|56/100
|-activate|p2a: Clodsire|move: Infestation|[of] p1a: Illumise
|move|p2a: Clodsire|Stealth Rock||[still]
|-fail|p2a: Clodsire
|
|-heal|p2a: Clodsire|62/100|[from] item: Leftovers
|-damage|p2a: Clodsire|50/100|[from] move: Infestation|[partiallytrapped]
|upkeep
|turn|13
|
|t:|1760796310
|move|p1a: Illumise|Mud-Slap|p2a: Clodsire
|-supereffective|p2a: Clodsire
|-damage|p2a: Clodsire|44/100
|-unboost|p2a: Clodsire|accuracy|1
|move|p2a: Clodsire|Stealth Rock||[still]
|-fail|p2a: Clodsire
|
|-heal|p2a: Clodsire|50/100|[from] item: Leftovers
|-damage|p2a: Clodsire|38/100|[from] move: Infestation|[partiallytrapped]
|-end|p2a: Clodsire|Encore
|upkeep
|turn|14
|
|t:|1760796322
|move|p1a: Illumise|Encore|p2a: Clodsire
|-start|p2a: Clodsire|Encore
|move|p2a: Clodsire|Stealth Rock||[still]
|-fail|p2a: Clodsire
|
|-heal|p2a: Clodsire|44/100|[from] item: Leftovers
|-damage|p2a: Clodsire|32/100|[from] move: Infestation|[partiallytrapped]
|upkeep
|turn|15
|
|t:|1760796325
|move|p1a: Illumise|Mud-Slap|p2a: Clodsire
|-supereffective|p2a: Clodsire
|-damage|p2a: Clodsire|26/100
|-unboost|p2a: Clodsire|accuracy|1
|move|p2a: Clodsire|Stealth Rock||[still]
|-fail|p2a: Clodsire
|
|-heal|p2a: Clodsire|32/100|[from] item: Leftovers
|-damage|p2a: Clodsire|20/100|[from] move: Infestation|[partiallytrapped]
|upkeep
|turn|16
|
|t:|1760796337
|move|p1a: Illumise|Mud-Slap|p2a: Clodsire
|-supereffective|p2a: Clodsire
|-damage|p2a: Clodsire|15/100
|-unboost|p2a: Clodsire|accuracy|1
|move|p2a: Clodsire|Stealth Rock||[still]
|-fail|p2a: Clodsire
|
|-heal|p2a: Clodsire|21/100|[from] item: Leftovers
|-end|p2a: Clodsire|Infestation|[partiallytrapped]
|-end|p2a: Clodsire|Encore
|upkeep
|turn|17
|
|t:|1760796347
|move|p1a: Illumise|Encore|p2a: Clodsire
|-start|p2a: Clodsire|Encore
|move|p2a: Clodsire|Stealth Rock||[still]
|-fail|p2a: Clodsire
|
|-heal|p2a: Clodsire|27/100|[from] item: Leftovers
|upkeep
|turn|18
|
|t:|1760796349
|move|p1a: Illumise|Infestation|p2a: Clodsire
|-resisted|p2a: Clodsire
|-damage|p2a: Clodsire|25/100
|-activate|p2a: Clodsire|move: Infestation|[of] p1a: Illumise
|move|p2a: Clodsire|Stealth Rock||[still]
|-fail|p2a: Clodsire
|
|-heal|p2a: Clodsire|32/100|[from] item: Leftovers
|-damage|p2a: Clodsire|19/100|[from] move: Infestation|[partiallytrapped]
|upkeep
|turn|19
|
|t:|1760796352
|move|p1a: Illumise|Mud-Slap|p2a: Clodsire
|-supereffective|p2a: Clodsire
|-damage|p2a: Clodsire|14/100
|-unboost|p2a: Clodsire|accuracy|1
|move|p2a: Clodsire|Stealth Rock||[still]
|-fail|p2a: Clodsire
|
|-heal|p2a: Clodsire|20/100|[from] item: Leftovers
|-damage|p2a: Clodsire|8/100|[from] move: Infestation|[partiallytrapped]
|-end|p2a: Clodsire|Encore
|upkeep
|turn|20
|inactive|ghostoftheranch has 120 seconds left.
|
|t:|1760796410
|move|p1a: Illumise|Encore|p2a: Clodsire
|-start|p2a: Clodsire|Encore
|move|p2a: Clodsire|Stealth Rock||[still]
|-fail|p2a: Clodsire
|
|-heal|p2a: Clodsire|14/100|[from] item: Leftovers
|-damage|p2a: Clodsire|2/100|[from] move: Infestation|[partiallytrapped]
|upkeep
|turn|21
|
|t:|1760796419
|move|p1a: Illumise|Mud-Slap|p2a: Clodsire
|-supereffective|p2a: Clodsire
|-damage|p2a: Clodsire|0 fnt
|faint|p2a: Clodsire
|
|upkeep
|
|t:|1760796430
|switch|p2a: Skarmory|Skarmory, M|100/100
|turn|22
|
|t:|1760796433
|move|p1a: Illumise|Infestation|p2a: Skarmory
|-resisted|p2a: Skarmory
|-damage|p2a: Skarmory|99/100
|-activate|p2a: Skarmory|move: Infestation|[of] p1a: Illumise
|move|p2a: Skarmory|Whirlwind|p1a: Illumise
|drag|p1a: Cloyster|Cloyster, F|100/100
|-damage|p1a: Cloyster|76/100|[from] Stealth Rock
|
|-heal|p2a: Skarmory|100/100|[from] item: Leftovers
|-end|p2a: Skarmory|Infestation|[partiallytrapped]|[silent]
|upkeep
|turn|23
|
|t:|1760796442
|move|p1a: Cloyster|Icicle Spear|p2a: Skarmory
|-damage|p2a: Skarmory|91/100
|-damage|p2a: Skarmory|82/100
|-damage|p2a: Skarmory|72/100
|-damage|p2a: Skarmory|63/100
|-damage|p2a: Skarmory|55/100
|-hitcount|p2a: Skarmory|5
|move|p2a: Skarmory|Whirlwind|p1a: Cloyster
|drag|p1a: Lokix|Lokix, M|100/100
|-damage|p1a: Lokix|75/100|[from] Stealth Rock
|
|-heal|p2a: Skarmory|61/100|[from] item: Leftovers
|upkeep
|turn|24
|inactive|ghostoftheranch has 120 seconds left.
|
|t:|1760796455
|switch|p2a: Enamorus|Enamorus, F|100/100
|move|p1a: Lokix|First Impression|p2a: Enamorus
|-resisted|p2a: Enamorus
|-damage|p2a: Enamorus|63/100
|
|-heal|p2a: Enamorus|69/100|[from] item: Leftovers
|upkeep
|turn|25
|inactive|ghostoftheranch has 120 seconds left.
|
|t:|1760796465
|move|p1a: Lokix|Sucker Punch|p2a: Enamorus
|-resisted|p2a: Enamorus
|-damage|p2a: Enamorus|8/100
|move|p2a: Enamorus|Superpower|p1a: Lokix
|-damage|p1a: Lokix|30/100
|-boost|p2a: Enamorus|atk|1
|-boost|p2a: Enamorus|def|1
|
|-heal|p2a: Enamorus|15/100|[from] item: Leftovers
|upkeep
|turn|26
|
|t:|1760796474
|move|p2a: Enamorus|Substitute|p2a: Enamorus
|-fail|p2a: Enamorus|move: Substitute|[weak]
|move|p1a: Lokix|U-turn|p2a: Enamorus
|-resisted|p2a: Enamorus
|-damage|p2a: Enamorus|0 fnt
|faint|p2a: Enamorus
|
|t:|1760796480
|switch|p1a: Cinderace|Cinderace, M|100/100|[from] U-turn
|-damage|p1a: Cinderace|76/100|[from] Stealth Rock
|
|upkeep
|
|t:|1760796490
|switch|p2a: Sinistcha|Sinistcha|100/100
|turn|27
|
|t:|1760796496
|move|p1a: Cinderace|Court Change|p1a: Cinderace
|-start|p1a: Cinderace|typechange|Normal|[from] ability: Libero
|-swapsideconditions
|-activate|p1a: Cinderace|move: Court Change
|move|p2a: Sinistcha|Iron Defense|p2a: Sinistcha
|-boost|p2a: Sinistcha|def|2
|
|upkeep
|turn|28
|
|t:|1760796513
|move|p1a: Cinderace|Will-O-Wisp|p2a: Sinistcha|[miss]
|-miss|p1a: Cinderace|p2a: Sinistcha
|move|p2a: Sinistcha|Matcha Gotcha|p1a: Cinderace|[miss]
|-miss|p2a: Sinistcha|p1a: Cinderace
|
|upkeep
|turn|29
|
|t:|1760796519
|switch|p2a: Conkeldurr|Conkeldurr, M|100/100
|-damage|p2a: Conkeldurr|94/100|[from] Stealth Rock
|move|p1a: Cinderace|Will-O-Wisp|p2a: Conkeldurr
|-status|p2a: Conkeldurr|brn
|
|-damage|p2a: Conkeldurr|88/100 brn|[from] brn
|upkeep
|turn|30
|
|t:|1760796524
|switch|p1a: Lokix|Lokix, M|30/100
|move|p2a: Conkeldurr|Knock Off|p1a: Lokix
|-resisted|p1a: Lokix
|-damage|p1a: Lokix|0 fnt
|-enditem|p1a: Lokix|Focus Sash|[from] move: Knock Off|[of] p2a: Conkeldurr
|faint|p1a: Lokix
|
|-damage|p2a: Conkeldurr|82/100 brn|[from] brn
|upkeep
|
|t:|1760796531
|switch|p1a: Cloyster|Cloyster, F|76/100
|turn|31
|
|t:|1760796534
|-terastallize|p1a: Cloyster|Ghost
|move|p1a: Cloyster|Shell Smash|p1a: Cloyster
|-unboost|p1a: Cloyster|def|1
|-unboost|p1a: Cloyster|spd|1
|-boost|p1a: Cloyster|atk|2
|-boost|p1a: Cloyster|spa|2
|-boost|p1a: Cloyster|spe|2
|move|p2a: Conkeldurr|Drain Punch|p1a: Cloyster
|-immune|p1a: Cloyster
|
|-damage|p2a: Conkeldurr|76/100 brn|[from] brn
|upkeep
|turn|32
|
|t:|1760796543
|move|p1a: Cloyster|Icicle Spear|p2a: Conkeldurr
|-damage|p2a: Conkeldurr|59/100 brn
|-damage|p2a: Conkeldurr|41/100 brn
|-damage|p2a: Conkeldurr|22/100 brn
|-damage|p2a: Conkeldurr|4/100 brn
|-damage|p2a: Conkeldurr|0 fnt
|faint|p2a: Conkeldurr
|-hitcount|p2: Conkeldurr|5
|
|upkeep
|
|t:|1760796551
|switch|p2a: Skarmory|Skarmory, M|61/100
|-damage|p2a: Skarmory|49/100|[from] Stealth Rock
|turn|33
|
|t:|1760796555
|move|p1a: Cloyster|Icicle Spear|p2a: Skarmory
|-damage|p2a: Skarmory|32/100
|-damage|p2a: Skarmory|16/100
|-damage|p2a: Skarmory|0 fnt
|faint|p2a: Skarmory
|-hitcount|p2: Skarmory|3
|
|upkeep
|
|t:|1760796558
|switch|p2a: Sinistcha|Sinistcha|100/100
|turn|34
|
|t:|1760796564
|-terastallize|p2a: Sinistcha|Poison
|move|p1a: Cloyster|Icicle Spear|p2a: Sinistcha
|-damage|p2a: Sinistcha|84/100
|-crit|p2a: Sinistcha
|-damage|p2a: Sinistcha|55/100
|-damage|p2a: Sinistcha|37/100
|-damage|p2a: Sinistcha|20/100
|-damage|p2a: Sinistcha|4/100
|-hitcount|p2a: Sinistcha|5
|move|p2a: Sinistcha|Strength Sap|p1a: Cloyster
|-unboost|p1a: Cloyster|atk|1
|-heal|p2a: Sinistcha|100/100
|
|upkeep
|turn|35
|
|t:|1760796577
|switch|p1a: Illumise|Illumise, F|45/100
|move|p2a: Sinistcha|Matcha Gotcha|p1a: Illumise
|-resisted|p1a: Illumise
|-crit|p1a: Illumise
|-damage|p1a: Illumise|16/100
|
|upkeep
|turn|36
|
|t:|1760796586
|move|p1a: Illumise|Mud-Slap|p2a: Sinistcha
|-supereffective|p2a: Sinistcha
|-damage|p2a: Sinistcha|92/100
|-unboost|p2a: Sinistcha|accuracy|1
|move|p2a: Sinistcha|Matcha Gotcha|p1a: Illumise
|-resisted|p1a: Illumise
|-damage|p1a: Illumise|0 fnt
|-heal|p2a: Sinistcha|99/100|[from] drain|[of] p1a: Illumise
|faint|p1a: Illumise
|
|upkeep
|
|t:|1760796598
|switch|p1a: Darkrai|Darkrai|100/100
|turn|37
|
|t:|1760796603
|move|p1a: Darkrai|Trick|p2a: Sinistcha
|-activate|p1a: Darkrai|move: Trick|[of] p2a: Sinistcha
|-item|p2a: Sinistcha|Choice Scarf|[from] move: Trick
|-item|p1a: Darkrai|Heavy-Duty Boots|[from] move: Trick
|move|p2a: Sinistcha|Matcha Gotcha|p1a: Darkrai|[miss]
|-miss|p2a: Sinistcha|p1a: Darkrai
|
|upkeep
|turn|38
|-message|ghostoftheranch forfeited.
|
|win|ineverhaxed
|raw|ineverhaxed's rating: 1397 &rarr; <strong>1421</strong><br />(+24 for winning)
|raw|ghostoftheranch's rating: 1463 &rarr; <strong>1439</strong><br />(-24 for losing)
|l|☆ghostoftheranch
|player|p2|
|l|☆ineverhaxed
|player|p1|
