|j|☆the banned fell
|j|☆bf4gxh
|t:|1760753365
|gametype|singles
|player|p1|the banned fell|170|1030
|player|p2|bf4gxh|170|1005
|gen|9
|tier|[Gen 9] OU
|rated|
|rule|HP Percentage Mod: HP is shown in percentages
|rule|Endless Battle Clause: Forcing endless battles is banned
|rule|Species Clause: Limit one of each Pokémon
|rule|OHKO Clause: OHKO moves are banned
|rule|Evasion Items Clause: Evasion items are banned
|rule|Evasion Moves Clause: Evasion moves are banned
|rule|Evasion Abilities Clause: Evasion abilities are banned
|rule|Sleep Moves Clause: Sleep-inducing moves are banned
|clearpoke
|poke|p1|Kingambit, M|
|poke|p1|Ceruledge, M|
|poke|p1|Landorus-Therian, M|
|poke|p1|Glimmora, F|
|poke|p1|Enamorus, F|
|poke|p1|Dragonite, M|
|poke|p2|Iron Valiant|
|poke|p2|Chansey, F|
|poke|p2|Ceruledge, F|
|poke|p2|Great Tusk|
|poke|p2|Dragonite, F|
|poke|p2|Weezing-Galar, M|
|teampreview
|inactive|Battle timer is ON: inactive players will automatically lose when time's up. (requested by bf4gxh)
|
|t:|1760753379
|teamsize|p1|6
|teamsize|p2|6
|start
|switch|p1a: Glimmora|Glimmora, F|100/100
|switch|p2a: Dragonite|Dragonite, F|100/100
|-item|p1a: Glimmora|Air Balloon
|turn|1
|
|t:|1760753389
|move|p2a: Dragonite|Dragon Dance|p2a: Dragonite
|-boost|p2a: Dragonite|atk|1
|-boost|p2a: Dragonite|spe|1
|move|p1a: Glimmora|Stealth Rock|p2a: Dragonite
|-sidestart|p2: bf4gxh|move: Stealth Rock
|
|upkeep
|turn|2
|
|t:|1760753402
|move|p2a: Dragonite|Outrage|p1a: Glimmora
|-damage|p1a: Glimmora|0 fnt
|-enditem|p1a: Glimmora|Air Balloon
|faint|p1a: Glimmora
|
|upkeep
|
|t:|1760753409
|switch|p1a: Enamorus|Enamorus, F|100/100
|turn|3
|
|t:|1760753416
|move|p2a: Dragonite|Outrage|p1a: Enamorus|[from] lockedmove
|-immune|p1a: Enamorus
|move|p1a: Enamorus|Moonblast|p2a: Dragonite
|-supereffective|p2a: Dragonite
|-damage|p2a: Dragonite|15/100
|-unboost|p2a: Dragonite|spa|1
|
|-heal|p2a: Dragonite|21/100|[from] item: Leftovers
|upkeep
|turn|4
|
|t:|1760753427
|move|p2a: Dragonite|Extreme Speed|p1a: Enamorus
|-damage|p1a: Enamorus|20/100
|move|p1a: Enamorus|Moonblast|p2a: Dragonite
|-supereffective|p2a: Dragonite
|-damage|p2a: Dragonite|0 fnt
|faint|p2a: Dragonite
|
|upkeep
|
|t:|1760753439
|switch|p2a: Weezing|Weezing-Galar, M|100/100
|-ability|p2a: Weezing|Neutralizing Gas
|turn|5
|
|t:|1760753458
|switch|p1a: Ceruledge|Ceruledge, M, shiny|100/100
|move|p2a: Weezing|Defog|p1a: Ceruledge
|-unboost|p1a: Ceruledge|evasion|1
|-sideend|p2: bf4gxh|Stealth Rock|[from] move: Defog|[of] p2a: Weezing
|
|upkeep
|turn|6
|
|t:|1760753475
|-terastallize|p1a: Ceruledge|Steel
|move|p1a: Ceruledge|Iron Head|p2a: Weezing
|-supereffective|p2a: Weezing
|-crit|p2a: Weezing
|-damage|p2a: Weezing|0 fnt
|faint|p2a: Weezing
|-end|p2a: Weezing|ability: Neutralizing Gas
|
|upkeep
|
|t:|1760753489
|switch|p2a: Ceruledge|Ceruledge, F|100/100
|turn|7
|
|t:|1760753499
|switch|p1a: Landorus|Landorus-Therian, M|100/100
|-ability|p1a: Landorus|Intimidate|boost
|-unboost|p2a: Ceruledge|atk|1
|move|p2a: Ceruledge|Swords Dance|p2a: Ceruledge
|-boost|p2a: Ceruledge|atk|2
|
|upkeep
|turn|8
|
|t:|1760753509
|move|p2a: Ceruledge|Close Combat|p1a: Landorus
|-resisted|p1a: Landorus
|-damage|p1a: Landorus|71/100
|-unboost|p2a: Ceruledge|def|1
|-unboost|p2a: Ceruledge|spd|1
|move|p1a: Landorus|Earthquake|p2a: Ceruledge
|-supereffective|p2a: Ceruledge
|-enditem|p2a: Ceruledge|Focus Sash
|-damage|p2a: Ceruledge|1/100
|-ability|p2a: Ceruledge|Weak Armor|boost
|-unboost|p2a: Ceruledge|def|1
|-boost|p2a: Ceruledge|spe|2
|-damage|p1a: Landorus|61/100|[from] item: Life Orb
|
|upkeep
|turn|9
|
|t:|1760753529
|move|p2a: Ceruledge|Bitter Blade|p1a: Landorus
|-damage|p1a: Landorus|0 fnt
|-heal|p2a: Ceruledge|41/100|[from] drain|[of] p1a: Landorus
|faint|p1a: Landorus
|
|upkeep
|
|t:|1760753547
|switch|p1a: Enamorus|Enamorus, F|20/100
|turn|10
|
|t:|1760753555
|move|p2a: Ceruledge|Shadow Sneak|p1a: Enamorus
|-damage|p1a: Enamorus|0 fnt
|faint|p1a: Enamorus
|
|upkeep
|
|t:|1760753564
|switch|p1a: Dragonite|Dragonite, M|100/100
|turn|11
|
|t:|1760753569
|move|p2a: Ceruledge|Bitter Blade|p1a: Dragonite
|-resisted|p1a: Dragonite
|-damage|p1a: Dragonite|66/100
|-heal|p2a: Ceruledge|60/100|[from] drain|[of] p1a: Dragonite
|move|p1a: Dragonite|Hydro Pump|p2a: Ceruledge
|-supereffective|p2a: Ceruledge
|-crit|p2a: Ceruledge
|-damage|p2a: Ceruledge|0 fnt
|faint|p2a: Ceruledge
|-damage|p1a: Dragonite|56/100|[from] item: Life Orb
|
|upkeep
|
|t:|1760753582
|switch|p2a: Iron Valiant|Iron Valiant|100/100
|-enditem|p2a: Iron Valiant|Booster Energy
|-activate|p2a: Iron Valiant|ability: Quark Drive|[fromitem]
|-start|p2a: Iron Valiant|quarkdriveatk
|turn|12
|
|t:|1760753600
|switch|p1a: Ceruledge|Ceruledge, M, shiny, tera:Steel|100/100
|move|p2a: Iron Valiant|Swords Dance|p2a: Iron Valiant
|-boost|p2a: Iron Valiant|atk|2
|
|upkeep
|turn|13
|
|t:|1760753617
|move|p2a: Iron Valiant|Close Combat|p1a: Ceruledge
|-supereffective|p1a: Ceruledge
|-damage|p1a: Ceruledge|0 fnt
|-unboost|p2a: Iron Valiant|def|1
|-unboost|p2a: Iron Valiant|spd|1
|faint|p1a: Ceruledge
|
|upkeep
|
|t:|1760753620
|switch|p1a: Dragonite|Dragonite, M|56/100
|turn|14
|
|t:|1760753626
|move|p2a: Iron Valiant|Close Combat|p1a: Dragonite
|-resisted|p1a: Dragonite
|-damage|p1a: Dragonite|0 fnt
|-unboost|p2a: Iron Valiant|def|1
|-unboost|p2a: Iron Valiant|spd|1
|faint|p1a: Dragonite
|
|upkeep
|
|t:|1760753629
|switch|p1a: Kingambit|Kingambit, M, shiny|100/100
|-activate|p1a: Kingambit|ability: Supreme Overlord
|-start|p1a: Kingambit|fallen5|[silent]
|turn|15
|
|t:|1760753639
|move|p1a: Kingambit|Sucker Punch|p2a: Iron Valiant
|-resisted|p2a: Iron Valiant
|-damage|p2a: Iron Valiant|61/100
|move|p2a: Iron Valiant|Close Combat|p1a: Kingambit
|-supereffective|p1a: Kingambit
|-damage|p1a: Kingambit|0 fnt
|-unboost|p2a: Iron Valiant|def|1
|-unboost|p2a: Iron Valiant|spd|1
|faint|p1a: Kingambit
|-end|p1a: Kingambit|fallen5|[silent]
|
|win|bf4gxh
|raw|the banned fell's rating: 1030 &rarr; <strong>1014</strong><br />(-16 for losing)
|raw|bf4gxh's rating: 1005 &rarr; <strong>1047</strong><br />(+42 for winning)
