|j|‽Abracadaver
|j|☆boletus totatus
|t:|1760885181
|gametype|singles
|player|p1|Abracadaver|koga|1404
|player|p2|boletus totatus|ethan|1395
|gen|9
|tier|[Gen 9] OU
|rated|
|rule|HP Percentage Mod: HP is shown in percentages
|rule|Endless Battle Clause: Forcing endless battles is banned
|rule|Species Clause: Limit one of each Pokémon
|rule|OHKO Clause: OHKO moves are banned
|rule|Evasion Items Clause: Evasion items are banned
|rule|Evasion Moves Clause: Evasion moves are banned
|rule|Evasion Abilities Clause: Evasion abilities are banned
|rule|Sleep Moves Clause: Sleep-inducing moves are banned
|clearpoke
|poke|p1|Dragonite, F|
|poke|p1|Zamazenta-*|
|poke|p1|Zapdos|
|poke|p1|Umbreon, F|
|poke|p1|Cinderace, F|
|poke|p1|Gastrodon-East, F|
|poke|p2|Ribombee, F|
|poke|p2|Indeedee, M|
|poke|p2|Scizor, M|
|poke|p2|Regidrago|
|poke|p2|Cinderace, M|
|poke|p2|Alomomola, F|
|teampreview
|inactive|Battle timer is ON: inactive players will automatically lose when time's up. (requested by Abracadaver)
|
|t:|1760885196
|teamsize|p1|6
|teamsize|p2|6
|start
|switch|p1a: Zamazenta|Zamazenta|100/100
|switch|p2a: Regidrago|Regidrago|100/100
|-ability|p1a: Zamazenta|Dauntless Shield|boost
|-boost|p1a: Zamazenta|def|1
|turn|1
|
|t:|1760885215
|-terastallize|p1a: Zamazenta|Steel
|move|p1a: Zamazenta|Body Press|p2a: Regidrago
|-damage|p2a: Regidrago|52/100
|move|p2a: Regidrago|Draco Meteor|p1a: Zamazenta
|-resisted|p1a: Zamazenta
|-damage|p1a: Zamazenta|43/100
|-unboost|p2a: Regidrago|spa|2
|
|-heal|p1a: Zamazenta|49/100|[from] item: Leftovers
|upkeep
|turn|2
|
|t:|1760885227
|switch|p2a: Indeedee|Indeedee, M|100/100
|-fieldstart|move: Psychic Terrain|[from] ability: Psychic Surge|[of] p2a: Indeedee
|move|p1a: Zamazenta|Substitute|p1a: Zamazenta
|-start|p1a: Zamazenta|Substitute
|-damage|p1a: Zamazenta|24/100
|
|-heal|p1a: Zamazenta|31/100|[from] item: Leftovers
|upkeep
|turn|3
|
|t:|1760885238
|move|p2a: Indeedee|Expanding Force|p1a: Zamazenta
|-resisted|p1a: Zamazenta
|-end|p1a: Zamazenta|Substitute
|move|p1a: Zamazenta|Iron Defense|p1a: Zamazenta
|-boost|p1a: Zamazenta|def|2
|
|-heal|p1a: Zamazenta|37/100|[from] item: Leftovers
|upkeep
|turn|4
|
|t:|1760885250
|switch|p1a: Umbreon|Umbreon, F, shiny|100/100
|move|p2a: Indeedee|Expanding Force|p1a: Umbreon
|-immune|p1a: Umbreon
|
|upkeep
|turn|5
|
|t:|1760885257
|switch|p2a: Ribombee|Ribombee, F|100/100
|move|p1a: Umbreon|Foul Play|p2a: Ribombee
|-resisted|p2a: Ribombee
|-damage|p2a: Ribombee|81/100
|
|upkeep
|turn|6
|
|t:|1760885264
|move|p2a: Ribombee|Moonblast|p1a: Umbreon
|-supereffective|p1a: Umbreon
|-damage|p1a: Umbreon|60/100
|move|p1a: Umbreon|Toxic|p2a: Ribombee
|-status|p2a: Ribombee|tox
|
|-heal|p1a: Umbreon|66/100|[from] item: Leftovers
|-damage|p2a: Ribombee|75/100 tox|[from] psn
|-fieldend|move: Psychic Terrain
|upkeep
|turn|7
|
|t:|1760885274
|move|p2a: Ribombee|Skill Swap|p1a: Umbreon
|-activate|p2a: Ribombee|move: Skill Swap|Synchronize|Shield Dust|[of] p1a: Umbreon
|move|p1a: Umbreon|Wish|p1a: Umbreon
|
|-heal|p1a: Umbreon|73/100|[from] item: Leftovers
|-damage|p2a: Ribombee|63/100 tox|[from] psn
|upkeep
|turn|8
|
|t:|1760885284
|switch|p2a: Alomomola|Alomomola, F|100/100
|switch|p1a: Zamazenta|Zamazenta, tera:Steel|37/100
|
|-heal|p1a: Zamazenta|88/100|[from] move: Wish|[wisher] Umbreon
|-heal|p1a: Zamazenta|94/100|[from] item: Leftovers
|upkeep
|turn|9
|
|t:|1760885295
|move|p1a: Zamazenta|Substitute|p1a: Zamazenta
|-start|p1a: Zamazenta|Substitute
|-damage|p1a: Zamazenta|69/100
|move|p2a: Alomomola|Wish|p2a: Alomomola
|
|-heal|p1a: Zamazenta|75/100|[from] item: Leftovers
|upkeep
|turn|10
|
|t:|1760885303
|move|p1a: Zamazenta|Iron Defense|p1a: Zamazenta
|-boost|p1a: Zamazenta|def|2
|move|p2a: Alomomola|Flip Turn|p1a: Zamazenta
|-activate|p1a: Zamazenta|move: Substitute|[damage]
|
|t:|1760885305
|switch|p2a: Cinderace|Cinderace, M|100/100|[from] Flip Turn
|
|-heal|p1a: Zamazenta|81/100|[from] item: Leftovers
|upkeep
|turn|11
|
|t:|1760885315
|move|p2a: Cinderace|Pyro Ball|p1a: Zamazenta
|-supereffective|p1a: Zamazenta
|-end|p1a: Zamazenta|Substitute
|move|p1a: Zamazenta|Body Press|p2a: Cinderace
|-damage|p2a: Cinderace|17/100
|
|-heal|p1a: Zamazenta|87/100|[from] item: Leftovers
|upkeep
|turn|12
|
|t:|1760885325
|move|p2a: Cinderace|Pyro Ball|p1a: Zamazenta
|-supereffective|p1a: Zamazenta
|-damage|p1a: Zamazenta|39/100
|-status|p1a: Zamazenta|brn
|move|p1a: Zamazenta|Body Press|p2a: Cinderace
|-damage|p2a: Cinderace|0 fnt
|faint|p2a: Cinderace
|
|-heal|p1a: Zamazenta|46/100 brn|[from] item: Leftovers
|-damage|p1a: Zamazenta|39/100 brn|[from] brn
|upkeep
|
|t:|1760885345
|switch|p2a: Alomomola|Alomomola, F|100/100
|turn|13
|
|t:|1760885351
|move|p1a: Zamazenta|Iron Defense|p1a: Zamazenta
|-boost|p1a: Zamazenta|def|2
|move|p2a: Alomomola|Wish|p2a: Alomomola
|
|-heal|p1a: Zamazenta|46/100 brn|[from] item: Leftovers
|-damage|p1a: Zamazenta|39/100 brn|[from] brn
|upkeep
|turn|14
|
|t:|1760885360
|move|p1a: Zamazenta|Substitute|p1a: Zamazenta
|-start|p1a: Zamazenta|Substitute
|-damage|p1a: Zamazenta|14/100 brn
|move|p2a: Alomomola|Flip Turn|p1a: Zamazenta
|-activate|p1a: Zamazenta|move: Substitute|[damage]
|
|t:|1760885363
|switch|p2a: Regidrago|Regidrago|52/100|[from] Flip Turn
|
|-heal|p2a: Regidrago|100/100|[from] move: Wish|[wisher] Alomomola
|-heal|p1a: Zamazenta|21/100 brn|[from] item: Leftovers
|-damage|p1a: Zamazenta|14/100 brn|[from] brn
|upkeep
|turn|15
|
|t:|1760885388
|switch|p2a: Indeedee|Indeedee, M|100/100
|-fieldstart|move: Psychic Terrain|[from] ability: Psychic Surge|[of] p2a: Indeedee
|move|p1a: Zamazenta|Body Press|p2a: Indeedee
|-damage|p2a: Indeedee|5/100
|
|-heal|p1a: Zamazenta|21/100 brn|[from] item: Leftovers
|-damage|p1a: Zamazenta|14/100 brn|[from] brn
|upkeep
|turn|16
|
|t:|1760885401
|move|p2a: Indeedee|Expanding Force|p1a: Zamazenta
|-resisted|p1a: Zamazenta
|-end|p1a: Zamazenta|Substitute
|move|p1a: Zamazenta|Body Press|p2a: Indeedee
|-damage|p2a: Indeedee|0 fnt
|faint|p2a: Indeedee
|
|-heal|p1a: Zamazenta|21/100 brn|[from] item: Leftovers
|-damage|p1a: Zamazenta|14/100 brn|[from] brn
|upkeep
|
|t:|1760885412
|switch|p2a: Scizor|Scizor, M|100/100
|turn|17
|l|‽Abracadaver
|inactive|Abracadaver disconnected and has a minute to reconnect!
|player|p1|
|j|‽Abracadaver
|inactive|Abracadaver reconnected and has 125 seconds left.
|player|p1|Abracadaver|koga|
|n|‽Abracadaver|abracadaver
|n|‽Abracadaver|abracadaver
|n|‽Abracadaver|abracadaver
|inactive|Abracadaver has 120 seconds left.
|
|t:|1760885443
|move|p1a: Zamazenta|Body Press|p2a: Scizor
|-damage|p2a: Scizor|49/100
|move|p2a: Scizor|Close Combat|p1a: Zamazenta
|-supereffective|p1a: Zamazenta
|-damage|p1a: Zamazenta|0 fnt
|-unboost|p2a: Scizor|def|1
|-unboost|p2a: Scizor|spd|1
|faint|p1a: Zamazenta
|
|upkeep
|inactive|Abracadaver has 120 seconds left.
|
|t:|1760885455
|switch|p1a: Zapdos|Zapdos|100/100
|-ability|p1a: Zapdos|Pressure
|turn|18
|
|t:|1760885483
|move|p1a: Zapdos|Heat Wave|p2a: Scizor
|-supereffective|p2a: Scizor
|-damage|p2a: Scizor|0 fnt
|faint|p2a: Scizor
|
|upkeep
|
|t:|1760885487
|switch|p2a: Regidrago|Regidrago|100/100
|turn|19
|
|t:|1760885494
|move|p2a: Regidrago|Dragon Energy|p1a: Zapdos
|-damage|p1a: Zapdos|0 fnt
|faint|p1a: Zapdos
|
|-fieldend|move: Psychic Terrain
|upkeep
|
|t:|1760885507
|switch|p1a: Umbreon|Umbreon, F, shiny|73/100
|turn|20
|
|t:|1760885513
|-terastallize|p2a: Regidrago|Steel
|move|p1a: Umbreon|Protect|p1a: Umbreon
|-singleturn|p1a: Umbreon|Protect
|move|p2a: Regidrago|Dragon Energy|p1a: Umbreon
|-activate|p1a: Umbreon|move: Protect
|
|-heal|p1a: Umbreon|79/100|[from] item: Leftovers
|upkeep
|turn|21
|
|t:|1760885523
|move|p2a: Regidrago|Dragon Energy|p1a: Umbreon
|-damage|p1a: Umbreon|0 fnt
|faint|p1a: Umbreon
|
|upkeep
|
|t:|1760885530
|switch|p1a: Cinderace|Cinderace, F|100/100
|turn|22
|
|t:|1760885534
|switch|p2a: Alomomola|Alomomola, F|100/100
|move|p1a: Cinderace|Sucker Punch||[still]
|-fail|p1a: Cinderace
|
|upkeep
|turn|23
|
|t:|1760885540
|switch|p1a: Gastrodon|Gastrodon-East, F|100/100
|move|p2a: Alomomola|Flip Turn|p1a: Gastrodon
|-damage|p1a: Gastrodon|85/100
|
|t:|1760885543
|switch|p2a: Regidrago|Regidrago, tera:Steel|100/100|[from] Flip Turn
|
|-heal|p1a: Gastrodon|91/100|[from] item: Leftovers
|upkeep
|turn|24
|
|t:|1760885552
|move|p2a: Regidrago|Dragon Energy|p1a: Gastrodon
|-damage|p1a: Gastrodon|0 fnt
|faint|p1a: Gastrodon
|
|upkeep
|
|t:|1760885557
|switch|p1a: Cinderace|Cinderace, F|100/100
|turn|25
|
|t:|1760885570
|switch|p2a: Alomomola|Alomomola, F|100/100
|move|p1a: Cinderace|U-turn|p2a: Alomomola
|-start|p1a: Cinderace|typechange|Bug|[from] ability: Libero
|-damage|p2a: Alomomola|65/100
|
|t:|1760885576
|switch|p1a: Dragonite|Dragonite, F|100/100|[from] U-turn
|
|upkeep
|turn|26
|
|t:|1760885581
|move|p1a: Dragonite|Dragon Dance|p1a: Dragonite
|-boost|p1a: Dragonite|atk|1
|-boost|p1a: Dragonite|spe|1
|move|p2a: Alomomola|Healing Wish|p2a: Alomomola
|faint|p2a: Alomomola
|
|upkeep
|
|t:|1760885583
|switch|p2a: Ribombee|Ribombee, F|63/100 tox
|-heal|p2a: Ribombee|100/100|[from] move: Healing Wish
|turn|27
|
|t:|1760885591
|move|p1a: Dragonite|Dragon Dance|p1a: Dragonite
|-boost|p1a: Dragonite|atk|1
|-boost|p1a: Dragonite|spe|1
|move|p2a: Ribombee|Skill Swap|p1a: Dragonite
|-activate|p2a: Ribombee|move: Skill Swap|Multiscale|Shield Dust|[of] p1a: Dragonite
|
|upkeep
|turn|28
|
|t:|1760885602
|move|p1a: Dragonite|Dragon Dance|p1a: Dragonite
|-boost|p1a: Dragonite|atk|1
|-boost|p1a: Dragonite|spe|1
|move|p2a: Ribombee|Stun Spore|p1a: Dragonite
|-status|p1a: Dragonite|par
|
|upkeep
|turn|29
|
|t:|1760885609
|move|p1a: Dragonite|Extreme Speed|p2a: Ribombee
|-damage|p2a: Ribombee|23/100
|move|p2a: Ribombee|Moonblast|p1a: Dragonite
|-supereffective|p1a: Dragonite
|-damage|p1a: Dragonite|10/100 par
|
|upkeep
|turn|30
|
|t:|1760885616
|move|p1a: Dragonite|Extreme Speed|p2a: Ribombee
|-damage|p2a: Ribombee|0 fnt
|faint|p2a: Ribombee
|
|upkeep
|
|t:|1760885618
|switch|p2a: Regidrago|Regidrago, tera:Steel|100/100
|turn|31
|
|t:|1760885625
|cant|p1a: Dragonite|par
|move|p2a: Regidrago|Dragon Energy|p1a: Dragonite
|-supereffective|p1a: Dragonite
|-damage|p1a: Dragonite|0 fnt
|faint|p1a: Dragonite
|
|upkeep
|
|t:|1760885633
|switch|p1a: Cinderace|Cinderace, F|100/100
|turn|32
|
|t:|1760885636
|move|p1a: Cinderace|Sucker Punch|p2a: Regidrago
|-start|p1a: Cinderace|typechange|Dark|[from] ability: Libero
|-damage|p2a: Regidrago|47/100
|move|p2a: Regidrago|Dragon Energy|p1a: Cinderace
|-damage|p1a: Cinderace|0 fnt
|faint|p1a: Cinderace
|
|win|boletus totatus
|raw|Abracadaver's rating: 1404 &rarr; <strong>1383</strong><br />(-21 for losing)
|raw|boletus totatus's rating: 1395 &rarr; <strong>1416</strong><br />(+21 for winning)
|l|☆boletus totatus
|player|p2|
|l|‽Abracadaver
|player|p1|
