|j|☆mio3777
|j|☆nmx123
|t:|1760766107
|gametype|singles
|player|p1|mio3777|2|1557
|player|p2|nmx123|266|1624
|gen|9
|tier|[Gen 9] OU
|rated|
|rule|HP Percentage Mod: HP is shown in percentages
|rule|Endless Battle Clause: Forcing endless battles is banned
|rule|Species Clause: Limit one of each Pokémon
|rule|OHKO Clause: OHKO moves are banned
|rule|Evasion Items Clause: Evasion items are banned
|rule|Evasion Moves Clause: Evasion moves are banned
|rule|Evasion Abilities Clause: Evasion abilities are banned
|rule|Sleep Moves Clause: Sleep-inducing moves are banned
|clearpoke
|poke|p1|Indeedee, M|
|poke|p1|Polteageist-Antique|
|poke|p1|Cinderace, F|
|poke|p1|Armarouge, F|
|poke|p1|Hawlucha, M|
|poke|p1|Hatterene, F|
|poke|p2|Dragonite, F|
|poke|p2|Zamazenta-*|
|poke|p2|Gholdengo|
|poke|p2|Raging Bolt|
|poke|p2|Great Tusk|
|poke|p2|Alomomola, F|
|teampreview
|inactive|Battle timer is ON: inactive players will automatically lose when time's up. (requested by nmx123)
|
|t:|1760766113
|teamsize|p1|6
|teamsize|p2|6
|start
|switch|p1a: Indeedee|Indeedee, M|100/100
|switch|p2a: Great Tusk|Great Tusk|100/100
|-fieldstart|move: Psychic Terrain|[from] ability: Psychic Surge|[of] p1a: Indeedee
|turn|1
|
|t:|1760766119
|-terastallize|p2a: Great Tusk|Dark
|move|p1a: Indeedee|Expanding Force|p2a: Great Tusk
|-immune|p2a: Great Tusk
|move|p2a: Great Tusk|Knock Off|p1a: Indeedee
|-supereffective|p1a: Indeedee
|-damage|p1a: Indeedee|0 fnt
|-enditem|p1a: Indeedee|Terrain Extender|[from] move: Knock Off|[of] p2a: Great Tusk
|faint|p1a: Indeedee
|
|upkeep
|
|t:|1760766129
|switch|p1a: Hatterene|Hatterene, F|100/100
|-enditem|p1a: Hatterene|Psychic Seed
|-boost|p1a: Hatterene|spd|1|[from] item: Psychic Seed
|turn|2
|
|t:|1760766137
|-end|p2a: Great Tusk|Protosynthesis|[silent]
|switch|p2a: Alomomola|Alomomola, F|100/100
|move|p1a: Hatterene|Mystical Fire|p2a: Alomomola
|-resisted|p2a: Alomomola
|-damage|p2a: Alomomola|89/100
|-unboost|p2a: Alomomola|spa|1
|
|upkeep
|turn|3
|
|t:|1760766144
|move|p2a: Alomomola|Flip Turn|p1a: Hatterene
|-damage|p1a: Hatterene|84/100
|
|t:|1760766150
|switch|p2a: Dragonite|Dragonite, F|100/100|[from] Flip Turn
|move|p1a: Hatterene|Expanding Force|p2a: Dragonite
|-damage|p2a: Dragonite|57/100
|
|upkeep
|turn|4
|
|t:|1760766156
|move|p2a: Dragonite|Extreme Speed|p1a: Hatterene
|-activate|p1a: Hatterene|move: Psychic Terrain
|move|p1a: Hatterene|Draining Kiss|p2a: Dragonite
|-supereffective|p2a: Dragonite
|-damage|p2a: Dragonite|7/100
|-heal|p1a: Hatterene|100/100|[from] drain|[of] p2a: Dragonite
|
|upkeep
|turn|5
|
|t:|1760766165
|switch|p2a: Alomomola|Alomomola, F|100/100
|move|p1a: Hatterene|Mystical Fire|p2a: Alomomola
|-resisted|p2a: Alomomola
|-damage|p2a: Alomomola|90/100
|-unboost|p2a: Alomomola|spa|1
|
|upkeep
|turn|6
|
|t:|1760766172
|move|p1a: Hatterene|Expanding Force|p2a: Alomomola
|-damage|p2a: Alomomola|26/100
|move|p2a: Alomomola|Mirror Coat|p1a: Hatterene
|-damage|p1a: Hatterene|0 fnt
|faint|p1a: Hatterene
|
|upkeep
|
|t:|1760766182
|switch|p1a: Armarouge|Armarouge, F|100/100
|turn|7
|
|t:|1760766189
|switch|p2a: Great Tusk|Great Tusk, tera:Dark|100/100
|move|p1a: Armarouge|Expanding Force|p2a: Great Tusk
|-immune|p2a: Great Tusk
|
|upkeep
|turn|8
|
|t:|1760766194
|move|p1a: Armarouge|Armor Cannon|p2a: Great Tusk
|-damage|p2a: Great Tusk|38/100
|-unboost|p1a: Armarouge|def|1
|-unboost|p1a: Armarouge|spd|1
|move|p2a: Great Tusk|Knock Off|p1a: Armarouge
|-supereffective|p1a: Armarouge
|-enditem|p1a: Armarouge|Focus Sash
|-damage|p1a: Armarouge|1/100
|-ability|p1a: Armarouge|Weak Armor|boost
|-unboost|p1a: Armarouge|def|1
|-boost|p1a: Armarouge|spe|2
|
|-fieldend|move: Psychic Terrain
|upkeep
|turn|9
|
|t:|1760766206
|-end|p2a: Great Tusk|Protosynthesis|[silent]
|switch|p2a: Zamazenta|Zamazenta|100/100
|-ability|p2a: Zamazenta|Dauntless Shield|boost
|-boost|p2a: Zamazenta|def|1
|move|p1a: Armarouge|Armor Cannon|p2a: Zamazenta
|-damage|p2a: Zamazenta|36/100
|-unboost|p1a: Armarouge|def|1
|-unboost|p1a: Armarouge|spd|1
|
|-heal|p2a: Zamazenta|42/100|[from] item: Leftovers
|upkeep
|turn|10
|
|t:|1760766215
|move|p1a: Armarouge|Armor Cannon|p2a: Zamazenta
|-damage|p2a: Zamazenta|0 fnt
|-unboost|p1a: Armarouge|def|1
|-unboost|p1a: Armarouge|spd|1
|faint|p2a: Zamazenta
|
|upkeep
|
|t:|1760766218
|switch|p2a: Dragonite|Dragonite, F|7/100
|turn|11
|
|t:|1760766227
|switch|p1a: Cinderace|Cinderace, F|100/100
|move|p2a: Dragonite|Extreme Speed|p1a: Cinderace
|-damage|p1a: Cinderace|45/100
|
|upkeep
|turn|12
|
|t:|1760766234
|switch|p1a: Polteageist|Polteageist-Antique|100/100
|move|p2a: Dragonite|Extreme Speed|p1a: Polteageist
|-immune|p1a: Polteageist
|
|upkeep
|turn|13
|
|t:|1760766239
|switch|p2a: Alomomola|Alomomola, F|59/100
|move|p1a: Polteageist|Shell Smash|p1a: Polteageist
|-unboost|p1a: Polteageist|def|1
|-unboost|p1a: Polteageist|spd|1
|-boost|p1a: Polteageist|atk|2
|-boost|p1a: Polteageist|spa|2
|-boost|p1a: Polteageist|spe|2
|
|upkeep
|turn|14
|
|t:|1760766246
|move|p1a: Polteageist|Stored Power|p2a: Alomomola
|-damage|p2a: Alomomola|0 fnt
|faint|p2a: Alomomola
|
|upkeep
|
|t:|1760766254
|switch|p2a: Gholdengo|Gholdengo|100/100
|turn|15
|
|t:|1760766261
|move|p1a: Polteageist|Shadow Ball|p2a: Gholdengo
|-supereffective|p2a: Gholdengo
|-damage|p2a: Gholdengo|0 fnt
|faint|p2a: Gholdengo
|
|upkeep
|
|t:|1760766269
|switch|p2a: Raging Bolt|Raging Bolt|100/100
|turn|16
|
|t:|1760766273
|move|p1a: Polteageist|Stored Power|p2a: Raging Bolt
|-damage|p2a: Raging Bolt|25/100
|move|p2a: Raging Bolt|Draco Meteor|p1a: Polteageist
|-enditem|p1a: Polteageist|Focus Sash
|-damage|p1a: Polteageist|1/100
|-unboost|p2a: Raging Bolt|spa|2
|-damage|p2a: Raging Bolt|15/100|[from] item: Life Orb
|
|upkeep
|turn|17
|
|t:|1760766285
|move|p2a: Raging Bolt|Thunderclap||[still]
|-fail|p2a: Raging Bolt
|move|p1a: Polteageist|Shell Smash|p1a: Polteageist
|-unboost|p1a: Polteageist|def|1
|-unboost|p1a: Polteageist|spd|1
|-boost|p1a: Polteageist|atk|2
|-boost|p1a: Polteageist|spa|2
|-boost|p1a: Polteageist|spe|2
|
|upkeep
|turn|18
|
|t:|1760766292
|move|p2a: Raging Bolt|Thunderclap||[still]
|-fail|p2a: Raging Bolt
|move|p1a: Polteageist|Shell Smash|p1a: Polteageist
|-unboost|p1a: Polteageist|def|1
|-unboost|p1a: Polteageist|spd|1
|-boost|p1a: Polteageist|atk|2
|-boost|p1a: Polteageist|spa|2
|-boost|p1a: Polteageist|spe|2
|
|upkeep
|turn|19
|
|t:|1760766303
|move|p2a: Raging Bolt|Thunderclap||[still]
|-fail|p2a: Raging Bolt
|move|p1a: Polteageist|Shell Smash|p1a: Polteageist
|-unboost|p1a: Polteageist|def|1
|-unboost|p1a: Polteageist|spd|1
|-boost|p1a: Polteageist|atk|0
|-boost|p1a: Polteageist|spa|0
|-boost|p1a: Polteageist|spe|0
|
|upkeep
|turn|20
|
|t:|1760766311
|switch|p1a: Cinderace|Cinderace, F|45/100
|move|p2a: Raging Bolt|Thunderclap||[still]
|-fail|p2a: Raging Bolt
|
|upkeep
|turn|21
|
|t:|1760766319
|move|p2a: Raging Bolt|Thunderclap|p1a: Cinderace
|-damage|p1a: Cinderace|13/100
|-damage|p2a: Raging Bolt|5/100|[from] item: Life Orb
|move|p1a: Cinderace|High Jump Kick|p2a: Raging Bolt
|-start|p1a: Cinderace|typechange|Fighting|[from] ability: Libero
|-damage|p2a: Raging Bolt|0 fnt
|faint|p2a: Raging Bolt
|-end|p2a: Raging Bolt|Protosynthesis|[silent]
|
|upkeep
|
|t:|1760766321
|switch|p2a: Great Tusk|Great Tusk, tera:Dark|38/100
|turn|22
|
|t:|1760766329
|move|p1a: Cinderace|High Jump Kick|p2a: Great Tusk
|-supereffective|p2a: Great Tusk
|-damage|p2a: Great Tusk|0 fnt
|-damage|p1a: Cinderace|0 fnt|[from] item: Rocky Helmet|[of] p2a: Great Tusk
|faint|p2a: Great Tusk
|-end|p2a: Great Tusk|Protosynthesis|[silent]
|faint|p1a: Cinderace
|
|upkeep
|
|t:|1760766341
|switch|p1a: Hawlucha|Hawlucha, M|100/100
|switch|p2a: Dragonite|Dragonite, F|7/100
|turn|23
|
|t:|1760766347
|move|p1a: Hawlucha|Close Combat|p2a: Dragonite
|-resisted|p2a: Dragonite
|-damage|p2a: Dragonite|0 fnt
|-unboost|p1a: Hawlucha|def|1
|-unboost|p1a: Hawlucha|spd|1
|faint|p2a: Dragonite
|
|win|mio3777
|raw|mio3777's rating: 1557 &rarr; <strong>1581</strong><br />(+24 for winning)
|raw|nmx123's rating: 1624 &rarr; <strong>1600</strong><br />(-24 for losing)
|l|☆nmx123
|player|p2|
|l|☆mio3777
|player|p1|
