|j|☆chemfruit
|j|☆paddyd121
|t:|1760878981
|gametype|singles
|player|p1|chemfruit|veteran|1360
|player|p2|paddyd121|265|1430
|gen|9
|tier|[Gen 9] OU
|rated|
|rule|HP Percentage Mod: HP is shown in percentages
|rule|Endless Battle Clause: Forcing endless battles is banned
|rule|Species Clause: Limit one of each Pokémon
|rule|OHKO Clause: OHKO moves are banned
|rule|Evasion Items Clause: Evasion items are banned
|rule|Evasion Moves Clause: Evasion moves are banned
|rule|Evasion Abilities Clause: Evasion abilities are banned
|rule|Sleep Moves Clause: Sleep-inducing moves are banned
|clearpoke
|poke|p1|Fezandipiti, M|
|poke|p1|Raging Bolt|
|poke|p1|Landorus-Therian, M|
|poke|p1|Tauros-Paldea-Aqua, M|
|poke|p1|Darkrai|
|poke|p1|Gholdengo|
|poke|p2|Samurott-Hisui, F|
|poke|p2|Tornadus-Therian, M|
|poke|p2|Pecharunt|
|poke|p2|Great Tusk|
|poke|p2|Clefable, M|
|poke|p2|Zamazenta-*|
|teampreview
|
|t:|1760879005
|teamsize|p1|6
|teamsize|p2|6
|start
|switch|p1a: Tauros|Tauros-Paldea-Aqua, M|100/100
|switch|p2a: Samurott|Samurott-Hisui, F|100/100
|-ability|p1a: Tauros|Intimidate|boost
|-unboost|p2a: Samurott|atk|1
|turn|1
|
|t:|1760879010
|switch|p2a: Pecharunt|Pecharunt|100/100
|move|p1a: Tauros|Close Combat|p2a: Pecharunt
|-immune|p2a: Pecharunt
|
|upkeep
|turn|2
|
|t:|1760879015
|switch|p1a: Gholdengo|Gholdengo|100/100
|move|p2a: Pecharunt|Parting Shot|p1a: Gholdengo
|-immune|p1a: Gholdengo|[from] ability: Good as Gold
|
|upkeep
|turn|3
|
|t:|1760879020
|switch|p2a: Zamazenta|Zamazenta|100/100
|-ability|p2a: Zamazenta|Dauntless Shield|boost
|-boost|p2a: Zamazenta|def|1
|move|p1a: Gholdengo|Trick|p2a: Zamazenta
|-activate|p1a: Gholdengo|move: Trick|[of] p2a: Zamazenta
|-item|p2a: Zamazenta|Choice Scarf|[from] move: Trick
|-item|p1a: Gholdengo|Assault Vest|[from] move: Trick
|
|upkeep
|turn|4
|
|t:|1760879028
|switch|p1a: Landorus|Landorus-Therian, M|100/100
|-ability|p1a: Landorus|Intimidate|boost
|-unboost|p2a: Zamazenta|atk|1
|move|p2a: Zamazenta|Crunch|p1a: Landorus
|-damage|p1a: Landorus|83/100
|-unboost|p1a: Landorus|def|1
|-damage|p2a: Zamazenta|84/100|[from] item: Rocky Helmet|[of] p1a: Landorus
|
|upkeep
|turn|5
|
|t:|1760879034
|switch|p2a: Great Tusk|Great Tusk|100/100
|switch|p1a: Fezandipiti|Fezandipiti, M|100/100
|
|upkeep
|turn|6
|
|t:|1760879042
|move|p2a: Great Tusk|Stealth Rock|p1a: Fezandipiti
|-sidestart|p1: chemfruit|move: Stealth Rock
|move|p1a: Fezandipiti|Moonblast|p2a: Great Tusk
|-supereffective|p2a: Great Tusk
|-damage|p2a: Great Tusk|30/100
|
|upkeep
|turn|7
|
|t:|1760879064
|switch|p1a: Tauros|Tauros-Paldea-Aqua, M|100/100
|-ability|p1a: Tauros|Intimidate|boost
|-unboost|p2a: Great Tusk|atk|1
|move|p2a: Great Tusk|Headlong Rush|p1a: Tauros
|-damage|p1a: Tauros|56/100
|-unboost|p2a: Great Tusk|def|1
|-unboost|p2a: Great Tusk|spd|1
|
|upkeep
|turn|8
|
|t:|1760879069
|-end|p2a: Great Tusk|Protosynthesis|[silent]
|switch|p2a: Pecharunt|Pecharunt|100/100
|move|p1a: Tauros|Earthquake|p2a: Pecharunt
|-supereffective|p2a: Pecharunt
|-damage|p2a: Pecharunt|74/100
|
|upkeep
|turn|9
|
|t:|1760879076
|switch|p1a: Gholdengo|Gholdengo|100/100
|-damage|p1a: Gholdengo|94/100|[from] Stealth Rock
|switch|p2a: Great Tusk|Great Tusk|30/100
|
|upkeep
|turn|10
|
|t:|1760879082
|switch|p1a: Landorus|Landorus-Therian, M|83/100
|-damage|p1a: Landorus|70/100|[from] Stealth Rock
|-ability|p1a: Landorus|Intimidate|boost
|-unboost|p2a: Great Tusk|atk|1
|move|p2a: Great Tusk|Knock Off|p1a: Landorus
|-damage|p1a: Landorus|51/100
|-damage|p2a: Great Tusk|13/100|[from] item: Rocky Helmet|[of] p1a: Landorus
|-enditem|p1a: Landorus|Rocky Helmet|[from] move: Knock Off|[of] p2a: Great Tusk
|
|upkeep
|turn|11
|
|t:|1760879094
|move|p1a: Landorus|Stealth Rock|p2a: Great Tusk
|-sidestart|p2: paddyd121|move: Stealth Rock
|move|p2a: Great Tusk|Knock Off|p1a: Landorus
|-damage|p1a: Landorus|37/100
|
|upkeep
|turn|12
|
|t:|1760879097
|move|p1a: Landorus|Earth Power|p2a: Great Tusk
|-damage|p2a: Great Tusk|0 fnt
|faint|p2a: Great Tusk
|-end|p2a: Great Tusk|Protosynthesis|[silent]
|
|upkeep
|
|t:|1760879101
|switch|p2a: Samurott|Samurott-Hisui, F|100/100
|-damage|p2a: Samurott|88/100|[from] Stealth Rock
|turn|13
|
|t:|1760879104
|switch|p1a: Tauros|Tauros-Paldea-Aqua, M|56/100
|-ability|p1a: Tauros|Intimidate|boost
|-unboost|p2a: Samurott|atk|1
|move|p2a: Samurott|Ceaseless Edge|p1a: Tauros
|-resisted|p1a: Tauros
|-damage|p1a: Tauros|42/100
|-sidestart|p1: chemfruit|Spikes
|
|upkeep
|turn|14
|
|t:|1760879112
|switch|p2a: Pecharunt|Pecharunt|74/100
|move|p1a: Tauros|Earthquake|p2a: Pecharunt
|-supereffective|p2a: Pecharunt
|-damage|p2a: Pecharunt|45/100
|
|upkeep
|turn|15
|
|t:|1760879117
|switch|p1a: Gholdengo|Gholdengo|94/100
|-damage|p1a: Gholdengo|88/100|[from] Stealth Rock
|-damage|p1a: Gholdengo|76/100|[from] Spikes
|move|p2a: Pecharunt|Recover|p2a: Pecharunt
|-heal|p2a: Pecharunt|95/100
|
|upkeep
|turn|16
|
|t:|1760879120
|switch|p2a: Zamazenta|Zamazenta|84/100
|-damage|p2a: Zamazenta|78/100|[from] Stealth Rock
|move|p1a: Gholdengo|Focus Blast|p2a: Zamazenta
|-damage|p2a: Zamazenta|38/100
|
|upkeep
|turn|17
|
|t:|1760879126
|switch|p1a: Fezandipiti|Fezandipiti, M|100/100
|move|p2a: Zamazenta|Crunch|p1a: Fezandipiti
|-resisted|p1a: Fezandipiti
|-damage|p1a: Fezandipiti|86/100
|
|upkeep
|turn|18
|
|t:|1760879132
|switch|p2a: Samurott|Samurott-Hisui, F|88/100
|-damage|p2a: Samurott|76/100|[from] Stealth Rock
|move|p1a: Fezandipiti|U-turn|p2a: Samurott
|-supereffective|p2a: Samurott
|-damage|p2a: Samurott|46/100
|
|t:|1760879136
|switch|p1a: Tauros|Tauros-Paldea-Aqua, M|42/100|[from] U-turn
|-ability|p1a: Tauros|Intimidate|boost
|-unboost|p2a: Samurott|atk|1
|
|upkeep
|turn|19
|
|t:|1760879146
|move|p1a: Tauros|Earthquake|p2a: Samurott
|-damage|p2a: Samurott|8/100
|move|p2a: Samurott|Ceaseless Edge|p1a: Tauros|[miss]
|-miss|p2a: Samurott|p1a: Tauros
|
|upkeep
|turn|20
|
|t:|1760879152
|move|p2a: Samurott|Sucker Punch|p1a: Tauros
|-resisted|p1a: Tauros
|-crit|p1a: Tauros
|-damage|p1a: Tauros|17/100
|move|p1a: Tauros|Earthquake|p2a: Samurott
|-crit|p2a: Samurott
|-damage|p2a: Samurott|0 fnt
|faint|p2a: Samurott
|
|upkeep
|
|t:|1760879157
|switch|p2a: Clefable|Clefable, M|100/100
|turn|21
|
|t:|1760879166
|move|p1a: Tauros|Wave Crash|p2a: Clefable
|-damage|p2a: Clefable|55/100
|-damage|p1a: Tauros|0 fnt|[from] Recoil
|faint|p1a: Tauros
|move|p2a: Clefable|Calm Mind|p2a: Clefable
|-boost|p2a: Clefable|spa|1
|-boost|p2a: Clefable|spd|1
|
|-heal|p2a: Clefable|61/100|[from] item: Leftovers
|upkeep
|
|t:|1760879170
|switch|p1a: Gholdengo|Gholdengo|76/100
|-damage|p1a: Gholdengo|70/100|[from] Stealth Rock
|-damage|p1a: Gholdengo|58/100|[from] Spikes
|turn|22
|
|t:|1760879178
|-terastallize|p2a: Clefable|Water
|move|p1a: Gholdengo|Make It Rain|p2a: Clefable
|-resisted|p2a: Clefable
|-damage|p2a: Clefable|40/100
|-unboost|p1a: Gholdengo|spa|1
|move|p2a: Clefable|Calm Mind|p2a: Clefable
|-boost|p2a: Clefable|spa|1
|-boost|p2a: Clefable|spd|1
|
|-heal|p2a: Clefable|46/100|[from] item: Leftovers
|upkeep
|turn|23
|
|t:|1760879184
|switch|p1a: Darkrai|Darkrai|100/100
|-damage|p1a: Darkrai|88/100|[from] Stealth Rock
|-damage|p1a: Darkrai|76/100|[from] Spikes
|move|p2a: Clefable|Moonlight|p2a: Clefable
|-heal|p2a: Clefable|96/100
|
|-heal|p2a: Clefable|100/100|[from] item: Leftovers
|upkeep
|turn|24
|
|t:|1760879190
|move|p1a: Darkrai|Trick|p2a: Clefable
|-activate|p1a: Darkrai|move: Trick|[of] p2a: Clefable
|-item|p2a: Clefable|Choice Scarf|[from] move: Trick
|-item|p1a: Darkrai|Leftovers|[from] move: Trick
|move|p2a: Clefable|Moonblast|p1a: Darkrai
|-supereffective|p1a: Darkrai
|-damage|p1a: Darkrai|0 fnt
|faint|p1a: Darkrai
|
|upkeep
|
|t:|1760879196
|switch|p1a: Gholdengo|Gholdengo|58/100
|-damage|p1a: Gholdengo|52/100|[from] Stealth Rock
|-damage|p1a: Gholdengo|39/100|[from] Spikes
|turn|25
|
|t:|1760879199
|move|p1a: Gholdengo|Shadow Ball|p2a: Clefable
|-damage|p2a: Clefable|79/100
|move|p2a: Clefable|Moonblast|p1a: Gholdengo
|-resisted|p1a: Gholdengo
|-damage|p1a: Gholdengo|15/100
|
|upkeep
|turn|26
|
|t:|1760879202
|move|p1a: Gholdengo|Shadow Ball|p2a: Clefable
|-damage|p2a: Clefable|60/100
|move|p2a: Clefable|Moonblast|p1a: Gholdengo
|-resisted|p1a: Gholdengo
|-damage|p1a: Gholdengo|0 fnt
|faint|p1a: Gholdengo
|
|upkeep
|
|t:|1760879205
|switch|p1a: Fezandipiti|Fezandipiti, M|86/100
|turn|27
|
|t:|1760879211
|switch|p2a: Zamazenta|Zamazenta|38/100
|-damage|p2a: Zamazenta|32/100|[from] Stealth Rock
|move|p1a: Fezandipiti|Moonblast|p2a: Zamazenta
|-supereffective|p2a: Zamazenta
|-damage|p2a: Zamazenta|0 fnt
|faint|p2a: Zamazenta
|
|upkeep
|
|t:|1760879218
|switch|p2a: Pecharunt|Pecharunt|95/100
|turn|28
|
|t:|1760879222
|move|p1a: Fezandipiti|Roost|p1a: Fezandipiti
|-heal|p1a: Fezandipiti|100/100
|-singleturn|p1a: Fezandipiti|move: Roost
|move|p2a: Pecharunt|Malignant Chain|p1a: Fezandipiti
|-damage|p1a: Fezandipiti|82/100
|
|upkeep
|turn|29
|
|t:|1760879225
|move|p1a: Fezandipiti|Moonblast|p2a: Pecharunt
|-resisted|p2a: Pecharunt
|-damage|p2a: Pecharunt|83/100
|move|p2a: Pecharunt|Parting Shot|p1a: Fezandipiti
|-unboost|p1a: Fezandipiti|atk|1
|-unboost|p1a: Fezandipiti|spa|1
|
|t:|1760879227
|switch|p2a: Tornadus|Tornadus-Therian, M|100/100|[from] Parting Shot
|-damage|p2a: Tornadus|76/100|[from] Stealth Rock
|
|upkeep
|turn|30
|
|t:|1760879231
|move|p2a: Tornadus|Nasty Plot|p2a: Tornadus
|-boost|p2a: Tornadus|spa|2
|move|p1a: Fezandipiti|Moonblast|p2a: Tornadus
|-damage|p2a: Tornadus|57/100
|-unboost|p2a: Tornadus|spa|1
|
|upkeep
|turn|31
|
|t:|1760879239
|switch|p1a: Landorus|Landorus-Therian, M|37/100
|-damage|p1a: Landorus|25/100|[from] Stealth Rock
|-ability|p1a: Landorus|Intimidate|boost
|-unboost|p2a: Tornadus|atk|1
|move|p2a: Tornadus|Bleakwind Storm|p1a: Landorus
|-damage|p1a: Landorus|0 fnt
|faint|p1a: Landorus
|-damage|p2a: Tornadus|47/100|[from] item: Life Orb
|
|upkeep
|
|t:|1760879240
|switch|p1a: Raging Bolt|Raging Bolt|100/100
|-damage|p1a: Raging Bolt|88/100|[from] Stealth Rock
|-damage|p1a: Raging Bolt|76/100|[from] Spikes
|-enditem|p1a: Raging Bolt|Booster Energy
|-activate|p1a: Raging Bolt|ability: Protosynthesis|[fromitem]
|-start|p1a: Raging Bolt|protosynthesisspa
|turn|32
|-message|paddyd121 forfeited.
|
|win|chemfruit
|raw|chemfruit's rating: 1360 &rarr; <strong>1384</strong><br />(+24 for winning)
|raw|paddyd121's rating: 1430 &rarr; <strong>1406</strong><br />(-24 for losing)
|l|☆paddyd121
|player|p2|
|l|☆chemfruit
|player|p1|
