|j|☆A9MG
|j|☆chedeqing
|t:|1760793972
|gametype|singles
|player|p1|A9MG|nurseryaide|1469
|player|p2|chedeqing|firebreather|1506
|gen|9
|tier|[Gen 9] OU
|rated|
|rule|HP Percentage Mod: HP is shown in percentages
|rule|Endless Battle Clause: Forcing endless battles is banned
|rule|Species Clause: Limit one of each Pokémon
|rule|OHKO Clause: OHKO moves are banned
|rule|Evasion Items Clause: Evasion items are banned
|rule|Evasion Moves Clause: Evasion moves are banned
|rule|Evasion Abilities Clause: Evasion abilities are banned
|rule|Sleep Moves Clause: Sleep-inducing moves are banned
|clearpoke
|poke|p1|Azumarill, M|
|poke|p1|Great Tusk|
|poke|p1|Iron Moth|
|poke|p1|Iron Valiant|
|poke|p1|Landorus-Therian, M|
|poke|p1|Zarude|
|poke|p2|Hatterene, F|
|poke|p2|Crawdaunt, M|
|poke|p2|Mimikyu, F|
|poke|p2|Cresselia, F|
|poke|p2|Enamorus-Therian, F|
|poke|p2|Ogerpon, F|
|teampreview
|inactive|Battle timer is ON: inactive players will automatically lose when time's up. (requested by A9MG)
|inactive|A9MG has 120 seconds left.
|inactive|A9MG has 90 seconds left.
|
|t:|1760794035
|teamsize|p1|6
|teamsize|p2|6
|start
|switch|p1a: Zarude|Zarude|100/100
|switch|p2a: Hatterene|Hatterene, F, shiny|100/100
|turn|1
|
|t:|1760794044
|move|p1a: Zarude|Knock Off|p2a: Hatterene
|-damage|p2a: Hatterene|47/100
|-enditem|p2a: Hatterene|Focus Sash|[from] move: Knock Off|[of] p1a: Zarude
|move|p2a: Hatterene|Trick Room|p2a: Hatterene
|-fieldstart|move: Trick Room|[of] p2a: Hatterene
|
|upkeep
|turn|2
|
|t:|1760794058
|move|p2a: Hatterene|Psychic|p1a: Zarude
|-immune|p1a: Zarude
|move|p1a: Zarude|Power Whip|p2a: Hatterene
|-damage|p2a: Hatterene|0 fnt
|faint|p2a: Hatterene
|
|upkeep
|
|t:|1760794065
|switch|p2a: Enamorus|Enamorus-Therian, F|100/100
|turn|3
|
|t:|1760794072
|move|p2a: Enamorus|Earth Power|p1a: Zarude
|-resisted|p1a: Zarude
|-damage|p1a: Zarude|86/100
|move|p1a: Zarude|U-turn|p2a: Enamorus
|-resisted|p2a: Enamorus
|-damage|p2a: Enamorus|95/100
|
|t:|1760794083
|switch|p1a: Azumarill|Azumarill, M|100/100|[from] U-turn
|
|upkeep
|turn|4
|
|t:|1760794090
|switch|p2a: Cresselia|Cresselia, F|100/100
|move|p1a: Azumarill|Play Rough|p2a: Cresselia|[miss]
|-miss|p1a: Azumarill|p2a: Cresselia
|
|upkeep
|turn|5
|
|t:|1760794102
|switch|p1a: Zarude|Zarude|86/100
|move|p2a: Cresselia|Psychic|p1a: Zarude
|-immune|p1a: Zarude
|
|-fieldend|move: Trick Room
|upkeep
|turn|6
|
|t:|1760794111
|move|p1a: Zarude|U-turn|p2a: Cresselia
|-supereffective|p2a: Cresselia
|-damage|p2a: Cresselia|72/100
|
|t:|1760794117
|switch|p1a: Landorus|Landorus-Therian, M|100/100|[from] U-turn
|-ability|p1a: Landorus|Intimidate|boost
|-unboost|p2a: Cresselia|atk|1
|move|p2a: Cresselia|Trick Room|p2a: Cresselia
|-fieldstart|move: Trick Room|[of] p2a: Cresselia
|
|upkeep
|turn|7
|
|t:|1760794124
|switch|p2a: Enamorus|Enamorus-Therian, F|95/100
|move|p1a: Landorus|Stealth Rock|p2a: Enamorus
|-sidestart|p2: chedeqing|move: Stealth Rock
|
|upkeep
|turn|8
|
|t:|1760794132
|move|p2a: Enamorus|Moonblast|p1a: Landorus
|-damage|p1a: Landorus|10/100
|move|p1a: Landorus|U-turn|p2a: Enamorus
|-resisted|p2a: Enamorus
|-damage|p2a: Enamorus|91/100
|
|t:|1760794159
|switch|p1a: Azumarill|Azumarill, M|100/100|[from] U-turn
|
|upkeep
|turn|9
|
|t:|1760794170
|move|p1a: Azumarill|Aqua Jet|p2a: Enamorus
|-damage|p2a: Enamorus|53/100
|move|p2a: Enamorus|Moonblast|p1a: Azumarill
|-damage|p1a: Azumarill|0 fnt
|faint|p1a: Azumarill
|
|upkeep
|
|t:|1760794177
|switch|p1a: Iron Moth|Iron Moth|100/100
|-enditem|p1a: Iron Moth|Booster Energy
|-activate|p1a: Iron Moth|ability: Quark Drive|[fromitem]
|-start|p1a: Iron Moth|quarkdrivespe
|turn|10
|
|t:|1760794187
|switch|p2a: Cresselia|Cresselia, F|72/100
|-damage|p2a: Cresselia|60/100|[from] Stealth Rock
|move|p1a: Iron Moth|Fiery Dance|p2a: Cresselia
|-damage|p2a: Cresselia|31/100
|
|-fieldend|move: Trick Room
|upkeep
|turn|11
|
|t:|1760794204
|move|p1a: Iron Moth|Sludge Wave|p2a: Cresselia
|-damage|p2a: Cresselia|0 fnt
|faint|p2a: Cresselia
|
|upkeep
|
|t:|1760794208
|switch|p2a: Mimikyu|Mimikyu, F, shiny|100/100
|-damage|p2a: Mimikyu|88/100|[from] Stealth Rock
|turn|12
|
|t:|1760794215
|-end|p1a: Iron Moth|Quark Drive|[silent]
|switch|p1a: Landorus|Landorus-Therian, M|10/100
|-ability|p1a: Landorus|Intimidate|boost
|-unboost|p2a: Mimikyu|atk|1
|move|p2a: Mimikyu|Trick Room|p2a: Mimikyu
|-fieldstart|move: Trick Room|[of] p2a: Mimikyu
|
|upkeep
|turn|13
|
|t:|1760794229
|switch|p2a: Enamorus|Enamorus-Therian, F|53/100
|-damage|p2a: Enamorus|28/100|[from] Stealth Rock
|move|p1a: Landorus|U-turn|p2a: Enamorus
|-resisted|p2a: Enamorus
|-damage|p2a: Enamorus|24/100
|
|t:|1760794239
|switch|p1a: Iron Moth|Iron Moth|100/100|[from] U-turn
|
|upkeep
|turn|14
|
|t:|1760794244
|-end|p1a: Iron Moth|Quark Drive|[silent]
|switch|p1a: Landorus|Landorus-Therian, M|10/100
|-ability|p1a: Landorus|Intimidate|boost
|-unboost|p2a: Enamorus|atk|1
|move|p2a: Enamorus|Moonblast|p1a: Landorus
|-damage|p1a: Landorus|0 fnt
|faint|p1a: Landorus
|
|upkeep
|
|t:|1760794252
|switch|p1a: Iron Moth|Iron Moth|100/100
|turn|15
|
|t:|1760794261
|move|p2a: Enamorus|Moonblast|p1a: Iron Moth
|-resisted|p1a: Iron Moth
|-damage|p1a: Iron Moth|78/100
|-unboost|p1a: Iron Moth|spa|1
|move|p1a: Iron Moth|Sludge Wave|p2a: Enamorus
|-supereffective|p2a: Enamorus
|-damage|p2a: Enamorus|0 fnt
|faint|p2a: Enamorus
|
|upkeep
|
|t:|1760794271
|switch|p2a: Crawdaunt|Crawdaunt, M|100/100
|-damage|p2a: Crawdaunt|88/100|[from] Stealth Rock
|turn|16
|
|t:|1760794282
|-end|p1a: Iron Moth|Quark Drive|[silent]
|switch|p1a: Zarude|Zarude|86/100
|move|p2a: Crawdaunt|Crabhammer|p1a: Zarude
|-resisted|p1a: Zarude
|-damage|p1a: Zarude|46/100
|-damage|p2a: Crawdaunt|79/100|[from] item: Life Orb
|
|-fieldend|move: Trick Room
|upkeep
|turn|17
|
|t:|1760794290
|switch|p2a: Ogerpon|Ogerpon, F|100/100
|-damage|p2a: Ogerpon|88/100|[from] Stealth Rock
|move|p1a: Zarude|U-turn|p2a: Ogerpon
|-supereffective|p2a: Ogerpon
|-damage|p2a: Ogerpon|16/100
|
|t:|1760794299
|switch|p1a: Iron Moth|Iron Moth|78/100|[from] U-turn
|
|upkeep
|turn|18
|
|t:|1760794307
|move|p1a: Iron Moth|Sludge Wave|p2a: Ogerpon
|-supereffective|p2a: Ogerpon
|-damage|p2a: Ogerpon|0 fnt
|faint|p2a: Ogerpon
|
|upkeep
|
|t:|1760794315
|switch|p2a: Mimikyu|Mimikyu, F, shiny|88/100
|-damage|p2a: Mimikyu|76/100|[from] Stealth Rock
|turn|19
|
|t:|1760794322
|move|p1a: Iron Moth|Sludge Wave|p2a: Mimikyu
|-activate|p2a: Mimikyu|ability: Disguise
|-damage|p2a: Mimikyu|76/100
|detailschange|p2a: Mimikyu|Mimikyu-Busted, F, shiny
|-damage|p2a: Mimikyu|63/100|[from] pokemon: Mimikyu-Busted
|-enditem|p2a: Mimikyu|Red Card|[of] p1a: Iron Moth
|-end|p1a: Iron Moth|Quark Drive|[silent]
|drag|p1a: Great Tusk|Great Tusk|100/100
|-enditem|p1a: Great Tusk|Booster Energy
|-activate|p1a: Great Tusk|ability: Protosynthesis|[fromitem]
|-start|p1a: Great Tusk|protosynthesisspe
|move|p2a: Mimikyu|Trick Room|p2a: Mimikyu
|-fieldstart|move: Trick Room|[of] p2a: Mimikyu
|
|upkeep
|turn|20
|
|t:|1760794337
|move|p2a: Mimikyu|Destiny Bond|p2a: Mimikyu
|-singlemove|p2a: Mimikyu|Destiny Bond
|move|p1a: Great Tusk|Headlong Rush|p2a: Mimikyu
|-damage|p2a: Mimikyu|0 fnt
|-unboost|p1a: Great Tusk|def|1
|-unboost|p1a: Great Tusk|spd|1
|faint|p2a: Mimikyu
|-activate|p2a: Mimikyu|move: Destiny Bond
|faint|p1a: Great Tusk
|-end|p1a: Great Tusk|Protosynthesis|[silent]
|
|upkeep
|
|t:|1760794348
|switch|p2a: Crawdaunt|Crawdaunt, M|79/100
|switch|p1a: Zarude|Zarude|46/100
|-damage|p2a: Crawdaunt|66/100|[from] Stealth Rock
|turn|21
|
|t:|1760794356
|-terastallize|p2a: Crawdaunt|Water
|move|p2a: Crawdaunt|Crabhammer|p1a: Zarude
|-resisted|p1a: Zarude
|-damage|p1a: Zarude|6/100
|-damage|p2a: Crawdaunt|57/100|[from] item: Life Orb
|move|p1a: Zarude|U-turn|p2a: Crawdaunt
|-damage|p2a: Crawdaunt|24/100
|
|t:|1760794364
|switch|p1a: Iron Valiant|Iron Valiant|100/100|[from] U-turn
|
|upkeep
|turn|22
|
|t:|1760794368
|move|p1a: Iron Valiant|Vacuum Wave|p2a: Crawdaunt
|-damage|p2a: Crawdaunt|0 fnt
|faint|p2a: Crawdaunt
|
|win|A9MG
|raw|A9MG's rating: 1469 &rarr; <strong>1491</strong><br />(+22 for winning)
|raw|chedeqing's rating: 1506 &rarr; <strong>1484</strong><br />(-22 for losing)
|c|☆A9MG|gg
|l|☆chedeqing
|player|p2|
|l|☆A9MG
|player|p1|
