|j|☆LastGREATEST
|j|☆Pig Perfect
|t:|1760792541
|gametype|singles
|player|p1|LastGREATEST|blue-gen7|1426
|player|p2|Pig Perfect|workerice|1511
|gen|9
|tier|[Gen 9] OU
|rated|
|rule|HP Percentage Mod: HP is shown in percentages
|rule|Endless Battle Clause: Forcing endless battles is banned
|rule|Species Clause: Limit one of each Pokémon
|rule|OHKO Clause: OHKO moves are banned
|rule|Evasion Items Clause: Evasion items are banned
|rule|Evasion Moves Clause: Evasion moves are banned
|rule|Evasion Abilities Clause: Evasion abilities are banned
|rule|Sleep Moves Clause: Sleep-inducing moves are banned
|clearpoke
|poke|p1|Slowking-Galar, M|
|poke|p1|Azumarill, M|
|poke|p1|Ursaluna, M|
|poke|p1|Mimikyu, M|
|poke|p1|Rabsca, M|
|poke|p1|Kingambit, M|
|poke|p2|Alomomola, F|
|poke|p2|Goodra-Hisui, F|
|poke|p2|Great Tusk|
|poke|p2|Magnezone|
|poke|p2|Pecharunt|
|poke|p2|Rillaboom, F|
|teampreview
|inactive|Battle timer is ON: inactive players will automatically lose when time's up. (requested by Pig Perfect)
|inactive|LastGREATEST has 120 seconds left.
|
|t:|1760792715
|teamsize|p1|6
|teamsize|p2|6
|start
|switch|p1a: PIKABLU|Azumarill, M|100/100
|switch|p2a: Steel MagnZolias|Magnezone|100/100
|turn|1
|
|t:|1760792738
|switch|p1a: COCAINE|Ursaluna, M|100/100
|move|p2a: Steel MagnZolias|Volt Switch|p1a: COCAINE
|-immune|p1a: COCAINE
|
|-status|p1a: COCAINE|brn|[from] item: Flame Orb
|upkeep
|turn|2
|
|t:|1760792756
|switch|p2a: Not quite my tempo|Rillaboom, F|100/100
|-fieldstart|move: Grassy Terrain|[from] ability: Grassy Surge|[of] p2a: Not quite my tempo
|move|p1a: COCAINE|Facade|p2a: Not quite my tempo
|-damage|p2a: Not quite my tempo|0 fnt
|faint|p2a: Not quite my tempo
|
|-damage|p1a: COCAINE|94/100 brn|[from] brn
|upkeep
|inactive|Pig Perfect has 120 seconds left.
|
|t:|1760792767
|switch|p2a: Steel MagnZolias|Magnezone|100/100
|turn|3
|
|t:|1760792776
|switch|p1a: PIKABLU|Azumarill, M|100/100
|move|p2a: Steel MagnZolias|Steel Beam|p1a: PIKABLU
|-damage|p1a: PIKABLU|0 fnt
|-damage|p2a: Steel MagnZolias|50/100|[from] steelbeam
|faint|p1a: PIKABLU
|
|-heal|p2a: Steel MagnZolias|57/100|[from] Grassy Terrain
|upkeep
|
|t:|1760792785
|switch|p1a: DARTH BRO|Slowking-Galar, M|100/100
|turn|4
|
|t:|1760792790
|move|p2a: Steel MagnZolias|Steel Beam|p1a: DARTH BRO
|-damage|p1a: DARTH BRO|0 fnt
|-damage|p2a: Steel MagnZolias|7/100|[from] steelbeam
|faint|p1a: DARTH BRO
|
|-heal|p2a: Steel MagnZolias|13/100|[from] Grassy Terrain
|upkeep
|
|t:|1760792795
|switch|p1a: PIKABOO|Mimikyu, M|100/100
|turn|5
|
|t:|1760792803
|switch|p2a: Bepto Pismola|Alomomola, F|100/100
|move|p1a: PIKABOO|Shadow Sneak|p2a: Bepto Pismola
|-damage|p2a: Bepto Pismola|90/100
|
|-heal|p2a: Bepto Pismola|96/100|[from] Grassy Terrain
|upkeep
|turn|6
|
|t:|1760792814
|move|p2a: Bepto Pismola|Wish|p2a: Bepto Pismola
|move|p1a: PIKABOO|Trick Room|p1a: PIKABOO
|-fieldstart|move: Trick Room|[of] p1a: PIKABOO
|
|-heal|p2a: Bepto Pismola|100/100|[from] Grassy Terrain
|-fieldend|move: Grassy Terrain
|upkeep
|turn|7
|
|t:|1760792823
|switch|p1a: COCAINE|Ursaluna, M|94/100 brn
|move|p2a: Bepto Pismola|Flip Turn|p1a: COCAINE
|-supereffective|p1a: COCAINE
|-damage|p1a: COCAINE|72/100 brn
|
|t:|1760792832
|switch|p2a: Steel MagnZolias|Magnezone|13/100|[from] Flip Turn
|
|-heal|p2a: Steel MagnZolias|100/100|[from] move: Wish|[wisher] Bepto Pismola
|-damage|p1a: COCAINE|66/100 brn|[from] brn
|upkeep
|turn|8
|
|t:|1760792836
|switch|p2a: Bepto Pismola|Alomomola, F|100/100
|move|p1a: COCAINE|Headlong Rush|p2a: Bepto Pismola
|-damage|p2a: Bepto Pismola|35/100
|-unboost|p1a: COCAINE|def|1
|-unboost|p1a: COCAINE|spd|1
|
|-damage|p1a: COCAINE|60/100 brn|[from] brn
|upkeep
|turn|9
|
|t:|1760792846
|move|p2a: Bepto Pismola|Protect|p2a: Bepto Pismola
|-singleturn|p2a: Bepto Pismola|Protect
|move|p1a: COCAINE|Swords Dance|p1a: COCAINE
|-boost|p1a: COCAINE|atk|2
|
|-damage|p1a: COCAINE|54/100 brn|[from] brn
|upkeep
|turn|10
|
|t:|1760792851
|move|p2a: Bepto Pismola|Flip Turn|p1a: COCAINE
|-supereffective|p1a: COCAINE
|-damage|p1a: COCAINE|19/100 brn
|
|t:|1760792863
|switch|p2a: Garold Snail|Goodra-Hisui, F|100/100|[from] Flip Turn
|move|p1a: COCAINE|Headlong Rush|p2a: Garold Snail
|-supereffective|p2a: Garold Snail
|-damage|p2a: Garold Snail|0 fnt
|-unboost|p1a: COCAINE|def|1
|-unboost|p1a: COCAINE|spd|1
|faint|p2a: Garold Snail
|
|-damage|p1a: COCAINE|13/100 brn|[from] brn
|-fieldend|move: Trick Room
|upkeep
|
|t:|1760792869
|switch|p2a: Don Dreidel|Great Tusk|100/100
|turn|11
|
|t:|1760792878
|switch|p1a: SMART @$$|Rabsca, M, shiny|100/100
|move|p2a: Don Dreidel|Ice Spinner|p1a: SMART @$$
|-damage|p1a: SMART @$$|80/100
|
|upkeep
|turn|12
|
|t:|1760792886
|move|p2a: Don Dreidel|Stealth Rock|p1a: SMART @$$
|-sidestart|p1: LastGREATEST|move: Stealth Rock
|move|p1a: SMART @$$|Future Sight|p2a: Don Dreidel
|-start|p1a: SMART @$$|move: Future Sight
|
|upkeep
|turn|13
|
|t:|1760792891
|-end|p2a: Don Dreidel|Protosynthesis|[silent]
|switch|p2a: Steel MagnZolias|Magnezone|100/100
|move|p1a: SMART @$$|Trick Room|p1a: SMART @$$
|-fieldstart|move: Trick Room|[of] p1a: SMART @$$
|
|upkeep
|turn|14
|
|t:|1760792896
|switch|p1a: PIKABOO|Mimikyu, M|100/100
|-damage|p1a: PIKABOO|88/100|[from] Stealth Rock
|move|p2a: Steel MagnZolias|Flash Cannon|p1a: PIKABOO
|-activate|p1a: PIKABOO|ability: Disguise
|-damage|p1a: PIKABOO|88/100
|detailschange|p1a: PIKABOO|Mimikyu-Busted, M
|-damage|p1a: PIKABOO|76/100|[from] pokemon: Mimikyu-Busted
|
|-end|p2a: Steel MagnZolias|move: Future Sight
|-resisted|p2a: Steel MagnZolias
|-damage|p2a: Steel MagnZolias|68/100
|upkeep
|turn|15
|
|t:|1760792900
|move|p2a: Steel MagnZolias|Flash Cannon|p1a: PIKABOO
|-supereffective|p1a: PIKABOO
|-damage|p1a: PIKABOO|0 fnt
|faint|p1a: PIKABOO
|
|upkeep
|
|t:|1760792905
|switch|p1a: COCAINE|Ursaluna, M|13/100 brn
|-damage|p1a: COCAINE|7/100 brn|[from] Stealth Rock
|turn|16
|
|t:|1760792921
|switch|p2a: Bepto Pismola|Alomomola, F|69/100
|move|p1a: COCAINE|Headlong Rush|p2a: Bepto Pismola
|-damage|p2a: Bepto Pismola|12/100
|-unboost|p1a: COCAINE|def|1
|-unboost|p1a: COCAINE|spd|1
|
|-damage|p1a: COCAINE|1/100 brn|[from] brn
|upkeep
|turn|17
|
|t:|1760792931
|move|p2a: Bepto Pismola|Chilling Water|p1a: COCAINE
|-supereffective|p1a: COCAINE
|-damage|p1a: COCAINE|0 fnt
|faint|p1a: COCAINE
|
|-fieldend|move: Trick Room
|upkeep
|
|t:|1760792934
|switch|p1a: SMART @$$|Rabsca, M, shiny|80/100
|turn|18
|
|t:|1760792945
|move|p2a: Bepto Pismola|Flip Turn|p1a: SMART @$$
|-damage|p1a: SMART @$$|68/100
|
|t:|1760792946
|switch|p2a: Steel MagnZolias|Magnezone|68/100|[from] Flip Turn
|move|p1a: SMART @$$|Revival Blessing|p1a: SMART @$$
|
|t:|1760792959
|-heal|p1: COCAINE|50/100|[from] move: Revival Blessing
|
|upkeep
|turn|19
|
|t:|1760792968
|move|p2a: Steel MagnZolias|Steel Beam|p1a: SMART @$$
|-damage|p1a: SMART @$$|0 fnt
|-damage|p2a: Steel MagnZolias|18/100|[from] steelbeam
|faint|p1a: SMART @$$
|
|upkeep
|
|t:|1760792982
|switch|p1a: COCAINE|Ursaluna, M|50/100
|-damage|p1a: COCAINE|44/100|[from] Stealth Rock
|turn|20
|
|t:|1760792993
|move|p2a: Steel MagnZolias|Steel Beam|p1a: COCAINE
|-damage|p1a: COCAINE|0 fnt
|-damage|p2a: Steel MagnZolias|0 fnt|[from] steelbeam
|faint|p2a: Steel MagnZolias
|faint|p1a: COCAINE
|
|upkeep
|
|t:|1760793002
|switch|p2a: Don Dreidel|Great Tusk|100/100
|switch|p1a: CHECKMATE|Kingambit, M, shiny|100/100
|-damage|p1a: CHECKMATE|94/100|[from] Stealth Rock
|-activate|p1a: CHECKMATE|ability: Supreme Overlord
|-start|p1a: CHECKMATE|fallen5|[silent]
|turn|21
|
|t:|1760793007
|-terastallize|p1a: CHECKMATE|Flying
|move|p2a: Don Dreidel|Headlong Rush|p1a: CHECKMATE
|-immune|p1a: CHECKMATE
|move|p1a: CHECKMATE|Swords Dance|p1a: CHECKMATE
|-boost|p1a: CHECKMATE|atk|2
|
|upkeep
|turn|22
|
|t:|1760793011
|-end|p2a: Don Dreidel|Protosynthesis|[silent]
|switch|p2a: Bepto Pismola|Alomomola, F|46/100
|move|p1a: CHECKMATE|Iron Head|p2a: Bepto Pismola
|-resisted|p2a: Bepto Pismola
|-damage|p2a: Bepto Pismola|4/100
|
|upkeep
|turn|23
|
|t:|1760793022
|move|p1a: CHECKMATE|Iron Head|p2a: Bepto Pismola
|-resisted|p2a: Bepto Pismola
|-damage|p2a: Bepto Pismola|0 fnt
|faint|p2a: Bepto Pismola
|
|upkeep
|
|t:|1760793026
|switch|p2a: Put on some pads|Pecharunt|100/100
|turn|24
|
|t:|1760793052
|-terastallize|p2a: Put on some pads|Dark
|move|p2a: Put on some pads|Foul Play|p1a: CHECKMATE
|-damage|p1a: CHECKMATE|18/100
|move|p1a: CHECKMATE|Iron Head|p2a: Put on some pads
|-damage|p2a: Put on some pads|15/100
|
|upkeep
|turn|25
|
|t:|1760793064
|move|p1a: CHECKMATE|Sucker Punch|p2a: Put on some pads
|-resisted|p2a: Put on some pads
|-damage|p2a: Put on some pads|0 fnt
|faint|p2a: Put on some pads
|
|upkeep
|
|t:|1760793065
|switch|p2a: Don Dreidel|Great Tusk|100/100
|turn|26
|
|t:|1760793071
|move|p1a: CHECKMATE|Sucker Punch|p2a: Don Dreidel
|-resisted|p2a: Don Dreidel
|-damage|p2a: Don Dreidel|46/100
|move|p2a: Don Dreidel|Ice Spinner|p1a: CHECKMATE
|-supereffective|p1a: CHECKMATE
|-damage|p1a: CHECKMATE|0 fnt
|faint|p1a: CHECKMATE
|-end|p1a: CHECKMATE|fallen5|[silent]
|
|win|Pig Perfect
|raw|LastGREATEST's rating: 1426 &rarr; <strong>1411</strong><br />(-15 for losing)
|raw|Pig Perfect's rating: 1511 &rarr; <strong>1526</strong><br />(+15 for winning)
|l|☆LastGREATEST
|player|p1|
|l|☆Pig Perfect
|player|p2|
