|j|☆RK Earth 9000
|j|☆Ulquiorra77
|t:|1760849171
|gametype|singles
|player|p1|RK Earth 9000|volkner|1202
|player|p2|Ulquiorra77|102|1266
|gen|9
|tier|[Gen 9] OU
|rated|
|rule|HP Percentage Mod: HP is shown in percentages
|rule|Endless Battle Clause: Forcing endless battles is banned
|rule|Species Clause: Limit one of each Pokémon
|rule|OHKO Clause: OHKO moves are banned
|rule|Evasion Items Clause: Evasion items are banned
|rule|Evasion Moves Clause: Evasion moves are banned
|rule|Evasion Abilities Clause: Evasion abilities are banned
|rule|Sleep Moves Clause: Sleep-inducing moves are banned
|clearpoke
|poke|p1|Ambipom, F|
|poke|p1|Mienshao, F|
|poke|p1|Weavile, M|
|poke|p1|Mew|
|poke|p1|Hitmontop, M|
|poke|p1|Landorus-Therian, M|
|poke|p2|Garchomp, M|
|poke|p2|Greninja-*, F|
|poke|p2|Latios, M|
|poke|p2|Weezing-Galar, F|
|poke|p2|Hawlucha, M|
|poke|p2|Gliscor, M|
|teampreview
|inactive|Battle timer is ON: inactive players will automatically lose when time's up. (requested by Ulquiorra77)
|
|t:|1760849182
|teamsize|p1|6
|teamsize|p2|6
|start
|switch|p1a: Mew|Mew, shiny|100/100
|switch|p2a: Greninja|Greninja, F|100/100
|turn|1
|
|t:|1760849192
|move|p2a: Greninja|U-turn|p1a: Mew
|-start|p2a: Greninja|typechange|Bug|[from] ability: Protean
|-supereffective|p1a: Mew
|-damage|p1a: Mew|71/100
|
|t:|1760849197
|switch|p2a: Latios|Latios, M|100/100|[from] U-turn
|move|p1a: Mew|Fire Spin|p2a: Latios|[miss]
|-miss|p1a: Mew|p2a: Latios
|
|upkeep
|turn|2
|
|t:|1760849205
|move|p2a: Latios|Draco Meteor|p1a: Mew
|-damage|p1a: Mew|14/100
|-unboost|p2a: Latios|spa|2
|move|p1a: Mew|Whirlpool|p2a: Latios
|-resisted|p2a: Latios
|-damage|p2a: Latios|97/100
|-activate|p2a: Latios|move: Whirlpool|[of] p1a: Mew
|
|-damage|p2a: Latios|84/100|[from] move: Whirlpool|[partiallytrapped]
|upkeep
|turn|3
|
|t:|1760849218
|move|p2a: Latios|Draco Meteor|p1a: Mew
|-damage|p1a: Mew|0 fnt
|-unboost|p2a: Latios|spa|2
|faint|p1a: Mew
|
|-end|p2a: Latios|Whirlpool|[partiallytrapped]|[silent]
|upkeep
|
|t:|1760849226
|switch|p1a: Hitmontop|Hitmontop, M, shiny|100/100
|turn|4
|
|t:|1760849230
|switch|p2a: Weezing|Weezing-Galar, F|100/100
|-fieldstart|move: Misty Terrain|[from] ability: Misty Surge|[of] p2a: Weezing
|move|p1a: Hitmontop|Fake Out|p2a: Weezing
|-damage|p2a: Weezing|84/100
|
|upkeep
|turn|5
|
|t:|1760849242
|switch|p1a: Landorus|Landorus-Therian, M, shiny|100/100
|-ability|p1a: Landorus|Intimidate|boost
|-unboost|p2a: Weezing|atk|1
|move|p2a: Weezing|Dazzling Gleam|p1a: Landorus
|-damage|p1a: Landorus|68/100
|
|upkeep
|turn|6
|
|t:|1760849253
|switch|p2a: Gliscor|Gliscor, M|100/100
|move|p1a: Landorus|Earth Power|p2a: Gliscor
|-immune|p2a: Gliscor
|
|-status|p2a: Gliscor|tox|[from] item: Toxic Orb
|upkeep
|turn|7
|
|t:|1760849272
|switch|p1a: Weavile|Weavile, M|100/100
|move|p2a: Gliscor|Knock Off|p1a: Weavile
|-resisted|p1a: Weavile
|-damage|p1a: Weavile|83/100
|-enditem|p1a: Weavile|Big Nugget|[from] move: Knock Off|[of] p2a: Gliscor
|-enditem|p2a: Gliscor|Toxic Orb|[silent]|[from] ability: Pickpocket|[of] p2a: Gliscor
|-item|p1a: Weavile|Toxic Orb|[from] ability: Pickpocket|[of] p2a: Gliscor
|
|upkeep
|turn|8
|
|t:|1760849291
|move|p2a: Gliscor|Protect|p2a: Gliscor
|-singleturn|p2a: Gliscor|Protect
|move|p1a: Weavile|Fling|p2a: Gliscor
|-activate|p2a: Gliscor|move: Protect
|-enditem|p1a: Weavile|Toxic Orb|[from] move: Fling
|
|upkeep
|turn|9
|
|t:|1760849303
|switch|p2a: Hawlucha|Hawlucha, M|100/100
|-enditem|p2a: Hawlucha|Misty Seed
|-boost|p2a: Hawlucha|spd|1|[from] item: Misty Seed
|move|p1a: Weavile|Icicle Crash|p2a: Hawlucha
|-supereffective|p2a: Hawlucha
|-damage|p2a: Hawlucha|0 fnt
|faint|p2a: Hawlucha
|
|upkeep
|
|t:|1760849311
|switch|p2a: Weezing|Weezing-Galar, F|84/100
|turn|10
|
|t:|1760849321
|move|p1a: Weavile|Icicle Crash|p2a: Weezing
|-damage|p2a: Weezing|50/100
|move|p2a: Weezing|Dazzling Gleam|p1a: Weavile
|-supereffective|p1a: Weavile
|-damage|p1a: Weavile|15/100
|
|upkeep
|turn|11
|
|t:|1760849331
|switch|p1a: Landorus|Landorus-Therian, M, shiny|68/100
|-ability|p1a: Landorus|Intimidate|boost
|-unboost|p2a: Weezing|atk|1
|move|p2a: Weezing|Dazzling Gleam|p1a: Landorus
|-damage|p1a: Landorus|37/100
|
|-fieldend|Misty Terrain
|upkeep
|turn|12
|
|t:|1760849341
|switch|p2a: Gliscor|Gliscor, M|100/100 tox
|move|p1a: Landorus|Psychic|p2a: Gliscor
|-damage|p2a: Gliscor|60/100 tox
|
|-heal|p2a: Gliscor|73/100 tox|[from] ability: Poison Heal
|upkeep
|turn|13
|
|t:|1760849350
|-terastallize|p1a: Landorus|Steel
|move|p1a: Landorus|Psychic|p2a: Gliscor
|-damage|p2a: Gliscor|32/100 tox
|move|p2a: Gliscor|Knock Off|p1a: Landorus
|-damage|p1a: Landorus|11/100
|-enditem|p1a: Landorus|Choice Specs|[from] move: Knock Off|[of] p2a: Gliscor
|
|-heal|p2a: Gliscor|45/100 tox|[from] ability: Poison Heal
|upkeep
|turn|14
|
|t:|1760849363
|move|p2a: Gliscor|Protect|p2a: Gliscor
|-singleturn|p2a: Gliscor|Protect
|move|p1a: Landorus|Stealth Rock|p2a: Gliscor
|-sidestart|p2: Ulquiorra77|move: Stealth Rock
|
|-heal|p2a: Gliscor|57/100 tox|[from] ability: Poison Heal
|upkeep
|turn|15
|
|t:|1760849372
|move|p1a: Landorus|Psychic|p2a: Gliscor
|-damage|p2a: Gliscor|28/100 tox
|move|p2a: Gliscor|Earthquake|p1a: Landorus
|-supereffective|p1a: Landorus
|-damage|p1a: Landorus|0 fnt
|faint|p1a: Landorus
|
|-heal|p2a: Gliscor|41/100 tox|[from] ability: Poison Heal
|upkeep
|
|t:|1760849387
|switch|p1a: Weavile|Weavile, M|15/100
|turn|16
|
|t:|1760849390
|move|p2a: Gliscor|Protect|p2a: Gliscor
|-singleturn|p2a: Gliscor|Protect
|move|p1a: Weavile|Icicle Crash|p2a: Gliscor
|-activate|p2a: Gliscor|move: Protect
|
|-heal|p2a: Gliscor|53/100 tox|[from] ability: Poison Heal
|upkeep
|turn|17
|
|t:|1760849399
|switch|p2a: Weezing|Weezing-Galar, F|50/100
|-damage|p2a: Weezing|37/100|[from] Stealth Rock
|-fieldstart|move: Misty Terrain|[from] ability: Misty Surge|[of] p2a: Weezing
|move|p1a: Weavile|Icicle Crash|p2a: Weezing
|-crit|p2a: Weezing
|-damage|p2a: Weezing|0 fnt
|faint|p2a: Weezing
|
|upkeep
|
|t:|1760849403
|switch|p2a: Greninja|Greninja, F|100/100
|-damage|p2a: Greninja|88/100|[from] Stealth Rock
|turn|18
|
|t:|1760849413
|move|p2a: Greninja|U-turn|p1a: Weavile
|-start|p2a: Greninja|typechange|Bug|[from] ability: Protean
|-supereffective|p1a: Weavile
|-damage|p1a: Weavile|0 fnt
|faint|p1a: Weavile
|
|t:|1760849416
|switch|p2a: Gliscor|Gliscor, M|53/100 tox|[from] U-turn
|-damage|p2a: Gliscor|41/100 tox|[from] Stealth Rock
|
|-heal|p2a: Gliscor|53/100 tox|[from] ability: Poison Heal
|upkeep
|
|t:|1760849426
|switch|p1a: Hitmontop|Hitmontop, M, shiny|100/100
|turn|19
|
|t:|1760849430
|move|p1a: Hitmontop|Fake Out|p2a: Gliscor
|-damage|p2a: Gliscor|39/100 tox
|cant|p2a: Gliscor|flinch
|
|-heal|p2a: Gliscor|51/100 tox|[from] ability: Poison Heal
|upkeep
|turn|20
|
|t:|1760849438
|move|p2a: Gliscor|Earthquake|p1a: Hitmontop
|-damage|p1a: Hitmontop|62/100
|move|p1a: Hitmontop|Triple Axel|p2a: Gliscor
|-supereffective|p2a: Gliscor
|-damage|p2a: Gliscor|23/100 tox
|-supereffective|p2a: Gliscor
|-damage|p2a: Gliscor|0 fnt
|faint|p2a: Gliscor
|-hitcount|p2: Gliscor|2
|
|upkeep
|
|t:|1760849444
|switch|p2a: Latios|Latios, M|84/100
|-damage|p2a: Latios|72/100|[from] Stealth Rock
|turn|21
|
|t:|1760849451
|move|p2a: Latios|Luster Purge|p1a: Hitmontop
|-supereffective|p1a: Hitmontop
|-damage|p1a: Hitmontop|0 fnt
|faint|p1a: Hitmontop
|
|upkeep
|
|t:|1760849457
|switch|p1a: Ambipom|Ambipom, F, shiny|100/100
|turn|22
|
|t:|1760849461
|move|p1a: Ambipom|U-turn|p2a: Latios
|-supereffective|p2a: Latios
|-damage|p2a: Latios|0 fnt
|faint|p2a: Latios
|
|t:|1760849465
|switch|p1a: Mienshao|Mienshao, F|100/100|[from] U-turn
|
|upkeep
|
|t:|1760849468
|switch|p2a: Garchomp|Garchomp, M|100/100
|-damage|p2a: Garchomp|94/100|[from] Stealth Rock
|turn|23
|
|t:|1760849475
|-terastallize|p2a: Garchomp|Dragon
|move|p1a: Mienshao|Ice Spinner|p2a: Garchomp
|-supereffective|p2a: Garchomp
|-damage|p2a: Garchomp|9/100
|-damage|p1a: Mienshao|88/100|[from] ability: Rough Skin|[of] p2a: Garchomp
|-fieldend|Misty Terrain
|move|p2a: Garchomp|Swords Dance|p2a: Garchomp
|-boost|p2a: Garchomp|atk|2
|
|upkeep
|turn|24
|
|t:|1760849486
|move|p1a: Mienshao|Ice Spinner|p2a: Garchomp
|-supereffective|p2a: Garchomp
|-damage|p2a: Garchomp|0 fnt
|-damage|p1a: Mienshao|76/100|[from] ability: Rough Skin|[of] p2a: Garchomp
|faint|p2a: Garchomp
|
|upkeep
|
|t:|1760849488
|switch|p2a: Greninja|Greninja, F|88/100
|-damage|p2a: Greninja|76/100|[from] Stealth Rock
|turn|25
|
|t:|1760849500
|switch|p1a: Ambipom|Ambipom, F, shiny|100/100
|move|p2a: Greninja|Hydro Pump|p1a: Ambipom
|-start|p2a: Greninja|typechange|Water|[from] ability: Protean
|-damage|p1a: Ambipom|23/100
|
|upkeep
|turn|26
|
|t:|1760849510
|move|p1a: Ambipom|Fake Out|p2a: Greninja
|-damage|p2a: Greninja|11/100
|cant|p2a: Greninja|flinch
|
|upkeep
|turn|27
|
|t:|1760849516
|move|p1a: Ambipom|Fake Out||[still]
|-hint|Fake Out only works on your first turn out.
|-fail|p1a: Ambipom
|move|p2a: Greninja|Hydro Pump|p1a: Ambipom
|-damage|p1a: Ambipom|0 fnt
|faint|p1a: Ambipom
|
|upkeep
|
|t:|1760849525
|switch|p1a: Mienshao|Mienshao, F|100/100
|turn|28
|
|t:|1760849531
|move|p2a: Greninja|Hydro Pump|p1a: Mienshao
|-damage|p1a: Mienshao|1/100
|move|p1a: Mienshao|Drain Punch|p2a: Greninja
|-damage|p2a: Greninja|0 fnt
|-heal|p1a: Mienshao|6/100|[from] drain|[of] p2a: Greninja
|faint|p2a: Greninja
|
|win|RK Earth 9000
|raw|RK Earth 9000's rating: 1202 &rarr; <strong>1232</strong><br />(+30 for winning)
|raw|Ulquiorra77's rating: 1266 &rarr; <strong>1236</strong><br />(-30 for losing)
|c|☆RK Earth 9000|Gg
|l|☆Ulquiorra77
|player|p2|
|l|☆RK Earth 9000
|player|p1|
