|j|☆Boletus Totatus
|j|☆FenixFyre04
|t:|1760786282
|gametype|singles
|player|p1|Boletus Totatus|ghetsis-gen5bw|1350
|player|p2|FenixFyre04|steven|1317
|gen|9
|tier|[Gen 9] OU
|rated|
|rule|HP Percentage Mod: HP is shown in percentages
|rule|Endless Battle Clause: Forcing endless battles is banned
|rule|Species Clause: Limit one of each Pokémon
|rule|OHKO Clause: OHKO moves are banned
|rule|Evasion Items Clause: Evasion items are banned
|rule|Evasion Moves Clause: Evasion moves are banned
|rule|Evasion Abilities Clause: Evasion abilities are banned
|rule|Sleep Moves Clause: Sleep-inducing moves are banned
|clearpoke
|poke|p1|Greninja-*, M|
|poke|p1|Dragapult, M|
|poke|p1|Great Tusk|
|poke|p1|Ogerpon-Wellspring, F|
|poke|p1|Slowking-Galar, M|
|poke|p1|Dragonite, F|
|poke|p2|Hatterene, F|
|poke|p2|Mimikyu, F|
|poke|p2|Gholdengo|
|poke|p2|Slowking, F|
|poke|p2|Crabominable, M|
|poke|p2|Sinistcha|
|teampreview
|inactive|Battle timer is ON: inactive players will automatically lose when time's up. (requested by FenixFyre04)
|
|t:|1760786299
|teamsize|p1|6
|teamsize|p2|6
|start
|switch|p1a: Great Tusk|Great Tusk|100/100
|switch|p2a: Sinistcha|Sinistcha|100/100
|turn|1
|
|t:|1760786307
|move|p1a: Great Tusk|Knock Off|p2a: Sinistcha
|-supereffective|p2a: Sinistcha
|-crit|p2a: Sinistcha
|-damage|p2a: Sinistcha|40/100
|-enditem|p2a: Sinistcha|Heavy-Duty Boots|[from] move: Knock Off|[of] p1a: Great Tusk
|move|p2a: Sinistcha|Trick Room|p2a: Sinistcha
|-fieldstart|move: Trick Room|[of] p2a: Sinistcha
|
|upkeep
|turn|2
|
|t:|1760786315
|-end|p1a: Great Tusk|Protosynthesis|[silent]
|switch|p1a: Slowking|Slowking-Galar, M|100/100
|move|p2a: Sinistcha|Strength Sap|p1a: Slowking
|-unboost|p1a: Slowking|atk|1
|-heal|p2a: Sinistcha|79/100
|
|upkeep
|turn|3
|
|t:|1760786328
|switch|p2a: Gholdengo|Gholdengo|100/100
|move|p1a: Slowking|Future Sight|p2a: Gholdengo
|-start|p1a: Slowking|move: Future Sight
|
|upkeep
|turn|4
|
|t:|1760786335
|-prepare|p1a: Slowking|Chilly Reception|[premajor]
|move|p1a: Slowking|Chilly Reception|p1a: Slowking
|-weather|Snowscape
|
|t:|1760786345
|switch|p1a: Great Tusk|Great Tusk|100/100|[from] Chilly Reception
|move|p2a: Gholdengo|Nasty Plot|p2a: Gholdengo
|-boost|p2a: Gholdengo|spa|2
|
|-weather|Snowscape|[upkeep]
|upkeep
|turn|5
|
|t:|1760786359
|move|p2a: Gholdengo|Make It Rain|p1a: Great Tusk
|-damage|p1a: Great Tusk|0 fnt
|-unboost|p2a: Gholdengo|spa|1
|faint|p1a: Great Tusk
|-end|p1a: Great Tusk|Protosynthesis|[silent]
|
|-weather|Snowscape|[upkeep]
|-end|p2a: Gholdengo|move: Future Sight
|-resisted|p2a: Gholdengo
|-damage|p2a: Gholdengo|80/100
|-fieldend|move: Trick Room
|upkeep
|
|t:|1760786366
|switch|p1a: Dragapult|Dragapult, M|100/100
|turn|6
|
|t:|1760786374
|-terastallize|p2a: Gholdengo|Steel
|move|p1a: Dragapult|Shadow Ball|p2a: Gholdengo
|-damage|p2a: Gholdengo|30/100
|move|p2a: Gholdengo|Make It Rain|p1a: Dragapult
|-damage|p1a: Dragapult|0 fnt
|-unboost|p2a: Gholdengo|spa|1
|faint|p1a: Dragapult
|
|-weather|Snowscape|[upkeep]
|upkeep
|
|t:|1760786378
|switch|p1a: Greninja|Greninja, M|100/100
|turn|7
|
|t:|1760786390
|switch|p2a: Mimikyu|Mimikyu, F|100/100
|move|p1a: Greninja|Dark Pulse|p2a: Mimikyu
|-activate|p2a: Mimikyu|ability: Disguise
|-damage|p2a: Mimikyu|100/100
|detailschange|p2a: Mimikyu|Mimikyu-Busted, F
|-damage|p2a: Mimikyu|88/100|[from] pokemon: Mimikyu-Busted
|-enditem|p2a: Mimikyu|Red Card|[of] p1a: Greninja
|drag|p1a: Ogerpon|Ogerpon-Wellspring, F|100/100
|
|-weather|Snowscape|[upkeep]
|upkeep
|turn|8
|
|t:|1760786401
|move|p1a: Ogerpon|Ivy Cudgel|p2a: Mimikyu|[anim] Ivy Cudgel Water
|-damage|p2a: Mimikyu|34/100
|move|p2a: Mimikyu|Trick Room|p2a: Mimikyu
|-fieldstart|move: Trick Room|[of] p2a: Mimikyu
|
|-weather|none
|upkeep
|turn|9
|
|t:|1760786409
|move|p2a: Mimikyu|Curse|p1a: Ogerpon
|-start|p1a: Ogerpon|Curse|[of] p2a: Mimikyu
|-damage|p2a: Mimikyu|0 fnt
|faint|p2a: Mimikyu
|move|p1a: Ogerpon|Ivy Cudgel|p2: Mimikyu|[notarget]
|-fail|p1a: Ogerpon
|
|-damage|p1a: Ogerpon|76/100|[from] Curse
|upkeep
|
|t:|1760786421
|switch|p2a: Crabominable|Crabominable, M|100/100
|turn|10
|
|t:|1760786427
|move|p2a: Crabominable|Ice Hammer|p1a: Ogerpon
|-damage|p1a: Ogerpon|0 fnt
|-unboost|p2a: Crabominable|spe|1
|faint|p1a: Ogerpon
|
|upkeep
|
|t:|1760786434
|switch|p1a: Slowking|Slowking-Galar, M|100/100
|turn|11
|
|t:|1760786437
|move|p1a: Slowking|Future Sight|p2a: Crabominable
|-start|p1a: Slowking|move: Future Sight
|move|p2a: Crabominable|Ice Hammer|p1a: Slowking
|-damage|p1a: Slowking|0 fnt
|-unboost|p2a: Crabominable|spe|1
|faint|p1a: Slowking
|
|upkeep
|
|t:|1760786449
|switch|p1a: Dragonite|Dragonite, F|100/100
|turn|12
|
|t:|1760786464
|-terastallize|p1a: Dragonite|Flying
|move|p2a: Crabominable|Ice Hammer|p1a: Dragonite
|-supereffective|p1a: Dragonite
|-damage|p1a: Dragonite|0 fnt
|-unboost|p2a: Crabominable|spe|1
|faint|p1a: Dragonite
|
|-fieldend|move: Trick Room
|upkeep
|
|t:|1760786468
|switch|p1a: Greninja|Greninja, M|100/100
|turn|13
|
|t:|1760786478
|move|p1a: Greninja|Surf|p2a: Crabominable
|-damage|p2a: Crabominable|35/100
|-damage|p1a: Greninja|91/100|[from] item: Life Orb
|move|p2a: Crabominable|Ice Hammer|p1a: Greninja
|-resisted|p1a: Greninja
|-damage|p1a: Greninja|10/100
|-unboost|p2a: Crabominable|spe|1
|
|-end|p2a: Crabominable|move: Future Sight
|-supereffective|p2a: Crabominable
|-damage|p2a: Crabominable|0 fnt
|faint|p2a: Crabominable
|upkeep
|l|☆Boletus Totatus
|inactive|Boletus Totatus disconnected and has a minute to reconnect!
|player|p1|
|
|t:|1760786492
|switch|p2a: Hatterene|Hatterene, F|100/100
|turn|14
|inactive|Boletus Totatus has 30 seconds to reconnect!
|inactive|Boletus Totatus has 20 seconds to reconnect!
|inactive|Boletus Totatus has 15 seconds to reconnect!
|inactive|Boletus Totatus has 10 seconds to reconnect!
|inactive|Boletus Totatus has 5 seconds to reconnect!
|-message|Boletus Totatus lost due to inactivity.
|
|win|FenixFyre04
|raw|Boletus Totatus's rating: 1350 &rarr; <strong>1328</strong><br />(-22 for losing)
|raw|FenixFyre04's rating: 1317 &rarr; <strong>1339</strong><br />(+22 for winning)
|l|☆FenixFyre04
|player|p2|
