|badge|p2|bronze|gen9ubers|100-7
|uhtml|medal-msg|<div class="broadcast-blue">Curious what those medals under the avatar are? PS now has Ladder Seasons! For more information, check out the <a href="https://www.smogon.com/forums/threads/3740067/">thread on Smogon.</a></div>
|j|☆XX420STALLGOD69XX
|j|☆Nikator98
|t:|1760791794
|gametype|singles
|player|p1|XX420STALLGOD69XX|170|1703
|player|p2|Nikator98|giovanni|1615
|gen|9
|tier|[Gen 9] OU
|rated|
|rule|HP Percentage Mod: HP is shown in percentages
|rule|Endless Battle Clause: Forcing endless battles is banned
|rule|Species Clause: Limit one of each Pokémon
|rule|OHKO Clause: OHKO moves are banned
|rule|Evasion Items Clause: Evasion items are banned
|rule|Evasion Moves Clause: Evasion moves are banned
|rule|Evasion Abilities Clause: Evasion abilities are banned
|rule|Sleep Moves Clause: Sleep-inducing moves are banned
|clearpoke
|poke|p1|Rotom-Wash|
|poke|p1|Meowscarada, M|
|poke|p1|Great Tusk|
|poke|p1|Gholdengo|
|poke|p1|Dragonite, M|
|poke|p1|Iron Valiant|
|poke|p2|Metagross|
|poke|p2|Great Tusk|
|poke|p2|Haxorus, M|
|poke|p2|Iron Moth|
|poke|p2|Zoroark-Hisui, M|
|poke|p2|Ninetales-Alola, F|
|teampreview
|inactive|Battle timer is ON: inactive players will automatically lose when time's up. (requested by XX420STALLGOD69XX)
|
|t:|1760791809
|teamsize|p1|6
|teamsize|p2|6
|start
|switch|p1a: Meowscarada|Meowscarada, M|100/100
|switch|p2a: Arquillian Sentry|Metagross|100/100
|turn|1
|
|t:|1760791819
|switch|p2a: Asfaloth|Ninetales-Alola, F, shiny|100/100
|-weather|Snowscape|[from] ability: Snow Warning|[of] p2a: Asfaloth
|move|p1a: Meowscarada|Knock Off|p2a: Asfaloth
|-resisted|p2a: Asfaloth
|-crit|p2a: Asfaloth
|-damage|p2a: Asfaloth|77/100
|-enditem|p2a: Asfaloth|Light Clay|[from] move: Knock Off|[of] p1a: Meowscarada
|
|-weather|Snowscape|[upkeep]
|upkeep
|turn|2
|
|t:|1760791829
|move|p1a: Meowscarada|Spikes|p2a: Asfaloth
|-sidestart|p2: Nikator98|Spikes
|move|p2a: Asfaloth|Aurora Veil|p2a: Asfaloth
|-sidestart|p2: Nikator98|move: Aurora Veil
|
|-weather|Snowscape|[upkeep]
|upkeep
|turn|3
|
|t:|1760791838
|switch|p1a: Rotom|Rotom-Wash|100/100
|move|p2a: Asfaloth|Moonblast|p1a: Rotom
|-damage|p1a: Rotom|71/100
|
|-weather|Snowscape|[upkeep]
|-heal|p1a: Rotom|77/100|[from] item: Leftovers
|upkeep
|turn|4
|
|t:|1760791845
|move|p2a: Asfaloth|Freeze-Dry|p1a: Rotom
|-supereffective|p1a: Rotom
|-damage|p1a: Rotom|37/100
|move|p1a: Rotom|Volt Switch|p2a: Asfaloth
|-damage|p2a: Asfaloth|62/100
|
|t:|1760791860
|switch|p1a: Gholdengo|Gholdengo|100/100|[from] Volt Switch
|-item|p1a: Gholdengo|Air Balloon
|
|-weather|Snowscape|[upkeep]
|upkeep
|turn|5
|
|t:|1760791866
|switch|p2a: Arquillian Sentry|Metagross|100/100
|-damage|p2a: Arquillian Sentry|88/100|[from] Spikes
|move|p1a: Gholdengo|Nasty Plot|p1a: Gholdengo
|-boost|p1a: Gholdengo|spa|2
|
|-weather|none
|upkeep
|turn|6
|
|t:|1760791874
|switch|p2a: Asfaloth|Ninetales-Alola, F, shiny|100/100
|-damage|p2a: Asfaloth|88/100|[from] Spikes
|move|p1a: Gholdengo|Shadow Ball|p2a: Asfaloth
|-immune|p2a: Asfaloth
|
|-sideend|p2: Nikator98|move: Aurora Veil
|upkeep
|turn|7
|j| 3idk
|
|t:|1760791881
|switch|p1a: Meowscarada|Meowscarada, M|100/100
|move|p2a: Asfaloth|Bitter Malice|p1a: Meowscarada
|-resisted|p1a: Meowscarada
|-damage|p1a: Meowscarada|47/100
|-unboost|p1a: Meowscarada|atk|1
|
|upkeep
|turn|8
|inactive|XX420STALLGOD69XX has 120 seconds left.
|inactive|Nikator98 has 120 seconds left.
|
|t:|1760791930
|switch|p2a: Arquillian Sentry|Metagross|88/100
|-damage|p2a: Arquillian Sentry|76/100|[from] Spikes
|move|p1a: Meowscarada|Spikes|p2a: Arquillian Sentry
|-sidestart|p2: Nikator98|Spikes
|
|upkeep
|turn|9
|inactive|XX420STALLGOD69XX has 120 seconds left.
|
|t:|1760791942
|move|p1a: Meowscarada|Knock Off|p2a: Arquillian Sentry
|-supereffective|p2a: Arquillian Sentry
|-damage|p2a: Arquillian Sentry|35/100
|-enditem|p2a: Arquillian Sentry|Custap Berry|[from] move: Knock Off|[of] p1a: Meowscarada
|move|p2a: Arquillian Sentry|Meteor Mash|p1a: Meowscarada
|-damage|p1a: Meowscarada|0 fnt
|faint|p1a: Meowscarada
|
|upkeep
|inactive|XX420STALLGOD69XX has 120 seconds left.
|
|t:|1760791955
|switch|p1a: Great Tusk|Great Tusk|100/100
|-enditem|p1a: Great Tusk|Booster Energy
|-activate|p1a: Great Tusk|ability: Protosynthesis|[fromitem]
|-start|p1a: Great Tusk|protosynthesisspe
|turn|10
|inactive|XX420STALLGOD69XX has 120 seconds left.
|
|t:|1760791962
|move|p1a: Great Tusk|Earthquake|p2a: Arquillian Sentry
|-supereffective|p2a: Arquillian Sentry
|-damage|p2a: Arquillian Sentry|0 fnt
|faint|p2a: Arquillian Sentry
|
|upkeep
|inactive|Nikator98 has 120 seconds left.
|
|t:|1760791974
|switch|p2a: Asfaloth|Ninetales-Alola, F, shiny|62/100
|-damage|p2a: Asfaloth|45/100|[from] Spikes
|-weather|Snowscape|[from] ability: Snow Warning|[of] p2a: Asfaloth
|turn|11
|
|t:|1760791983
|move|p1a: Great Tusk|Earthquake|p2a: Asfaloth
|-damage|p2a: Asfaloth|10/100
|move|p2a: Asfaloth|Aurora Veil|p2a: Asfaloth
|-sidestart|p2: Nikator98|move: Aurora Veil
|
|-weather|Snowscape|[upkeep]
|upkeep
|turn|12
|
|t:|1760791996
|move|p1a: Great Tusk|Stealth Rock|p2a: Asfaloth
|-sidestart|p2: Nikator98|move: Stealth Rock
|move|p2a: Asfaloth|Moonblast|p1a: Great Tusk
|-supereffective|p1a: Great Tusk
|-damage|p1a: Great Tusk|13/100
|
|-weather|Snowscape|[upkeep]
|upkeep
|turn|13
|
|t:|1760792003
|switch|p2a: Kumaryia|Great Tusk, shiny|100/100
|move|p1a: Great Tusk|Earthquake|p2a: Kumaryia
|-damage|p2a: Kumaryia|85/100
|
|-weather|Snowscape|[upkeep]
|upkeep
|turn|14
|
|t:|1760792010
|-end|p1a: Great Tusk|Protosynthesis|[silent]
|switch|p1a: Gholdengo|Gholdengo|100/100
|-item|p1a: Gholdengo|Air Balloon
|move|p2a: Kumaryia|Knock Off|p1a: Gholdengo
|-supereffective|p1a: Gholdengo
|-damage|p1a: Gholdengo|32/100
|-enditem|p1a: Gholdengo|Air Balloon
|
|-weather|Snowscape|[upkeep]
|upkeep
|turn|15
|
|t:|1760792022
|switch|p1a: Great Tusk|Great Tusk|13/100
|move|p2a: Kumaryia|Knock Off|p1a: Great Tusk
|-resisted|p1a: Great Tusk
|-damage|p1a: Great Tusk|6/100
|
|-weather|none
|-sideend|p2: Nikator98|move: Aurora Veil
|upkeep
|turn|16
|
|t:|1760792028
|-end|p1a: Great Tusk|Protosynthesis|[silent]
|switch|p1a: Gholdengo|Gholdengo|32/100
|move|p2a: Kumaryia|Rapid Spin|p1a: Gholdengo
|-immune|p1a: Gholdengo
|
|upkeep
|turn|17
|
|t:|1760792036
|move|p2a: Kumaryia|Knock Off|p1a: Gholdengo
|-supereffective|p1a: Gholdengo
|-damage|p1a: Gholdengo|0 fnt
|faint|p1a: Gholdengo
|
|upkeep
|
|t:|1760792042
|switch|p1a: Iron Valiant|Iron Valiant|100/100
|-enditem|p1a: Iron Valiant|Booster Energy
|-activate|p1a: Iron Valiant|ability: Quark Drive|[fromitem]
|-start|p1a: Iron Valiant|quarkdrivespe
|turn|18
|
|t:|1760792048
|-end|p2a: Kumaryia|Protosynthesis|[silent]
|switch|p2a: Asfaloth|Ninetales-Alola, F, shiny|10/100
|-damage|p2a: Asfaloth|0 fnt|[from] Spikes
|faint|p2a: Asfaloth
|-terastallize|p1a: Iron Valiant|Ghost
|move|p1a: Iron Valiant|Calm Mind|p1a: Iron Valiant
|-boost|p1a: Iron Valiant|spa|1
|-boost|p1a: Iron Valiant|spd|1
|
|upkeep
|inactive|Nikator98 has 120 seconds left.
|inactive|Nikator98 has 90 seconds left.
|
|t:|1760792119
|switch|p2a: Kumaryia|Great Tusk, shiny|88/100
|-damage|p2a: Kumaryia|72/100|[from] Spikes
|-damage|p2a: Kumaryia|59/100|[from] Stealth Rock
|turn|19
|
|t:|1760792123
|move|p1a: Iron Valiant|Shadow Ball|p2a: Kumaryia
|-immune|p2a: Kumaryia
|move|p2a: Kumaryia|Bitter Malice|p1a: Iron Valiant
|-supereffective|p1a: Iron Valiant
|-damage|p1a: Iron Valiant|0 fnt
|faint|p1a: Iron Valiant
|-end|p1a: Iron Valiant|Quark Drive|[silent]
|
|upkeep
|
|t:|1760792134
|switch|p1a: Dragonite|Dragonite, M|100/100
|turn|20
|
|t:|1760792136
|move|p2a: Kumaryia|Bitter Malice|p1a: Dragonite
|-damage|p1a: Dragonite|73/100
|-unboost|p1a: Dragonite|atk|1
|move|p1a: Dragonite|Dragon Dance|p1a: Dragonite
|-boost|p1a: Dragonite|atk|1
|-boost|p1a: Dragonite|spe|1
|
|upkeep
|turn|21
|
|t:|1760792144
|move|p1a: Dragonite|Earthquake|p2a: Kumaryia
|-damage|p2a: Kumaryia|0 fnt
|replace|p2a: Van Helsing|Zoroark-Hisui, M, shiny
|-end|p2a: Van Helsing|Illusion
|faint|p2a: Van Helsing
|
|upkeep
|
|t:|1760792150
|switch|p2a: Kumaryia|Great Tusk, shiny|85/100
|turn|22
|
|t:|1760792162
|-terastallize|p2a: Kumaryia|Ice
|move|p1a: Dragonite|Dragon Dance|p1a: Dragonite
|-boost|p1a: Dragonite|atk|1
|-boost|p1a: Dragonite|spe|1
|move|p2a: Kumaryia|Rapid Spin|p1a: Dragonite
|-damage|p1a: Dragonite|52/100
|-boost|p2a: Kumaryia|spe|1
|-sideend|p2: Nikator98|Spikes|[from] move: Rapid Spin|[of] p2a: Kumaryia
|-sideend|p2: Nikator98|Stealth Rock|[from] move: Rapid Spin|[of] p2a: Kumaryia
|
|upkeep
|turn|23
|
|t:|1760792176
|move|p1a: Dragonite|Encore|p2a: Kumaryia
|-start|p2a: Kumaryia|Encore
|move|p2a: Kumaryia|Rapid Spin|p1a: Dragonite
|-damage|p1a: Dragonite|33/100
|-boost|p2a: Kumaryia|spe|1
|
|upkeep
|turn|24
|inactive|Nikator98 has 120 seconds left.
|
|t:|1760792187
|-end|p2a: Kumaryia|Protosynthesis|[silent]
|switch|p2a: Lacelle|Haxorus, M|100/100
|-ability|p2a: Lacelle|Mold Breaker
|move|p1a: Dragonite|Earthquake|p2a: Lacelle
|-damage|p2a: Lacelle|25/100
|
|upkeep
|turn|25
|
|t:|1760792193
|move|p1a: Dragonite|Earthquake|p2a: Lacelle
|-damage|p2a: Lacelle|0 fnt
|faint|p2a: Lacelle
|
|upkeep
|
|t:|1760792197
|switch|p2a: Kumaryia|Great Tusk, shiny, tera:Ice|85/100
|turn|26
|
|t:|1760792207
|move|p1a: Dragonite|Earthquake|p2a: Kumaryia
|-damage|p2a: Kumaryia|44/100
|move|p2a: Kumaryia|Ice Spinner|p1a: Dragonite
|-supereffective|p1a: Dragonite
|-damage|p1a: Dragonite|0 fnt
|faint|p1a: Dragonite
|
|upkeep
|
|t:|1760792212
|switch|p1a: Rotom|Rotom-Wash|37/100
|turn|27
|
|t:|1760792219
|move|p2a: Kumaryia|Knock Off|p1a: Rotom
|-damage|p1a: Rotom|3/100
|-enditem|p1a: Rotom|Leftovers|[from] move: Knock Off|[of] p2a: Kumaryia
|move|p1a: Rotom|Pain Split|p2a: Kumaryia
|-sethp|p2a: Kumaryia|23/100|[from] move: Pain Split|[silent]
|-sethp|p1a: Rotom|28/100|[from] move: Pain Split
|
|upkeep
|turn|28
|-message|XX420STALLGOD69XX forfeited.
|
|win|Nikator98
|raw|XX420STALLGOD69XX's rating: 1703 &rarr; <strong>1678</strong><br />(-25 for losing)
|raw|Nikator98's rating: 1615 &rarr; <strong>1640</strong><br />(+25 for winning)
|l|☆XX420STALLGOD69XX
|player|p1|
|l|☆Nikator98
|player|p2|
