|j|‽I AM AMPD 2 PLAY
|j|☆levi6969
|t:|1760825456
|gametype|singles
|player|p1|I AM AMPD 2 PLAY|169|1448
|player|p2|levi6969|266|1431
|gen|9
|tier|[Gen 9] OU
|rated|
|rule|HP Percentage Mod: HP is shown in percentages
|rule|Endless Battle Clause: Forcing endless battles is banned
|rule|Species Clause: Limit one of each Pokémon
|rule|OHKO Clause: OHKO moves are banned
|rule|Evasion Items Clause: Evasion items are banned
|rule|Evasion Moves Clause: Evasion moves are banned
|rule|Evasion Abilities Clause: Evasion abilities are banned
|rule|Sleep Moves Clause: Sleep-inducing moves are banned
|clearpoke
|poke|p1|Dragapult, M|
|poke|p1|Zamazenta-*|
|poke|p1|Moltres|
|poke|p1|Lokix, M|
|poke|p1|Iron Treads|
|poke|p1|Ogerpon-Wellspring, F|
|poke|p2|Chandelure, M|
|poke|p2|Hatterene, F|
|poke|p2|Avalugg, M|
|poke|p2|Blissey, F|
|poke|p2|Corviknight, F|
|poke|p2|Quagsire, M|
|teampreview
|inactive|Battle timer is ON: inactive players will automatically lose when time's up. (requested by I AM AMPD 2 PLAY)
|
|t:|1760825481
|teamsize|p1|6
|teamsize|p2|6
|start
|switch|p1a: Iron Treads|Iron Treads|100/100
|switch|p2a: Corviknight|Corviknight, F, shiny|100/100
|-ability|p2a: Corviknight|Pressure
|turn|1
|
|t:|1760825484
|move|p1a: Iron Treads|Stealth Rock|p2a: Corviknight
|-sidestart|p2: levi6969|move: Stealth Rock
|move|p2a: Corviknight|Body Press|p1a: Iron Treads
|-supereffective|p1a: Iron Treads
|-damage|p1a: Iron Treads|58/100
|
|-heal|p1a: Iron Treads|64/100|[from] item: Leftovers
|upkeep
|turn|2
|
|t:|1760825487
|move|p1a: Iron Treads|Knock Off|p2a: Corviknight
|-damage|p2a: Corviknight|86/100
|-damage|p1a: Iron Treads|47/100|[from] item: Rocky Helmet|[of] p2a: Corviknight
|-enditem|p2a: Corviknight|Rocky Helmet|[from] move: Knock Off|[of] p1a: Iron Treads
|move|p2a: Corviknight|Defog|p1a: Iron Treads
|-unboost|p1a: Iron Treads|evasion|1
|-sideend|p2: levi6969|Stealth Rock|[from] move: Defog|[of] p2a: Corviknight
|
|-heal|p1a: Iron Treads|53/100|[from] item: Leftovers
|upkeep
|turn|3
|
|t:|1760825492
|move|p1a: Iron Treads|Stealth Rock|p2a: Corviknight
|-sidestart|p2: levi6969|move: Stealth Rock
|move|p2a: Corviknight|Roost|p2a: Corviknight
|-heal|p2a: Corviknight|100/100
|-singleturn|p2a: Corviknight|move: Roost
|
|-heal|p1a: Iron Treads|59/100|[from] item: Leftovers
|upkeep
|turn|4
|
|t:|1760825498
|-end|p1a: Iron Treads|Quark Drive|[silent]
|switch|p1a: Moltres|Moltres|100/100
|move|p2a: Corviknight|Defog|p1a: Moltres
|-unboost|p1a: Moltres|evasion|1
|-sideend|p2: levi6969|Stealth Rock|[from] move: Defog|[of] p2a: Corviknight
|
|upkeep
|turn|5
|
|t:|1760825504
|switch|p2a: Blissey|Blissey, F, shiny|100/100
|move|p1a: Moltres|U-turn|p2a: Blissey
|-damage|p2a: Blissey|87/100
|
|t:|1760825506
|switch|p1a: Lokix|Lokix, M|100/100|[from] U-turn
|
|upkeep
|turn|6
|
|t:|1760825514
|switch|p2a: Quagsire|Quagsire, M, shiny|100/100
|move|p1a: Lokix|Leech Life|p2a: Quagsire
|-damage|p2a: Quagsire|62/100
|-damage|p1a: Lokix|84/100|[from] item: Rocky Helmet|[of] p2a: Quagsire
|
|upkeep
|turn|7
|
|t:|1760825528
|switch|p1a: Dragapult|Dragapult, M|100/100
|move|p2a: Quagsire|Recover|p2a: Quagsire
|-heal|p2a: Quagsire|100/100
|
|upkeep
|turn|8
|
|t:|1760825535
|switch|p2a: Blissey|Blissey, F, shiny|87/100
|move|p1a: Dragapult|Shadow Ball|p2a: Blissey
|-immune|p2a: Blissey
|
|upkeep
|turn|9
|
|t:|1760825540
|switch|p1a: Moltres|Moltres|100/100
|move|p2a: Blissey|Seismic Toss|p1a: Moltres
|-damage|p1a: Moltres|74/100
|
|upkeep
|turn|10
|
|t:|1760825546
|move|p1a: Moltres|U-turn|p2a: Blissey
|-damage|p2a: Blissey|74/100
|
|t:|1760825548
|switch|p1a: Iron Treads|Iron Treads|59/100|[from] U-turn
|move|p2a: Blissey|Seismic Toss|p1a: Iron Treads
|-damage|p1a: Iron Treads|33/100
|
|-heal|p1a: Iron Treads|39/100|[from] item: Leftovers
|upkeep
|turn|11
|
|t:|1760825553
|switch|p2a: Corviknight|Corviknight, F, shiny|100/100
|-ability|p2a: Corviknight|Pressure
|move|p1a: Iron Treads|Stealth Rock|p2a: Corviknight
|-sidestart|p2: levi6969|move: Stealth Rock
|
|-heal|p1a: Iron Treads|45/100|[from] item: Leftovers
|upkeep
|turn|12
|
|t:|1760825555
|-end|p1a: Iron Treads|Quark Drive|[silent]
|switch|p1a: Moltres|Moltres|74/100
|move|p2a: Corviknight|Defog|p1a: Moltres
|-unboost|p1a: Moltres|evasion|1
|-sideend|p2: levi6969|Stealth Rock|[from] move: Defog|[of] p2a: Corviknight
|
|upkeep
|turn|13
|
|t:|1760825564
|switch|p2a: Quagsire|Quagsire, M, shiny|100/100
|move|p1a: Moltres|U-turn|p2a: Quagsire
|-damage|p2a: Quagsire|91/100
|-damage|p1a: Moltres|58/100|[from] item: Rocky Helmet|[of] p2a: Quagsire
|
|t:|1760825567
|switch|p1a: Dragapult|Dragapult, M|100/100|[from] U-turn
|
|upkeep
|turn|14
|
|t:|1760825574
|move|p1a: Dragapult|U-turn|p2a: Quagsire
|-damage|p2a: Quagsire|77/100
|-damage|p1a: Dragapult|84/100|[from] item: Rocky Helmet|[of] p2a: Quagsire
|
|t:|1760825577
|switch|p1a: Ogerpon|Ogerpon-Wellspring, F|100/100|[from] U-turn
|move|p2a: Quagsire|Toxic|p1a: Ogerpon
|-status|p1a: Ogerpon|tox
|
|-damage|p1a: Ogerpon|95/100 tox|[from] psn
|upkeep
|turn|15
|
|t:|1760825586
|switch|p2a: Corviknight|Corviknight, F, shiny|100/100
|-ability|p2a: Corviknight|Pressure
|move|p1a: Ogerpon|Ivy Cudgel|p2a: Corviknight|[anim] Ivy Cudgel Water
|-damage|p2a: Corviknight|61/100
|
|-damage|p1a: Ogerpon|83/100 tox|[from] psn
|upkeep
|turn|16
|
|t:|1760825590
|switch|p1a: Moltres|Moltres|58/100
|move|p2a: Corviknight|Roost|p2a: Corviknight
|-heal|p2a: Corviknight|100/100
|-singleturn|p2a: Corviknight|move: Roost
|
|upkeep
|turn|17
|
|t:|1760825597
|switch|p2a: Blissey|Blissey, F, shiny|74/100
|move|p1a: Moltres|Roost|p1a: Moltres
|-heal|p1a: Moltres|100/100
|-singleturn|p1a: Moltres|move: Roost
|
|upkeep
|turn|18
|
|t:|1760825602
|move|p1a: Moltres|U-turn|p2a: Blissey
|-damage|p2a: Blissey|62/100
|
|t:|1760825604
|switch|p1a: Dragapult|Dragapult, M|84/100|[from] U-turn
|move|p2a: Blissey|Soft-Boiled|p2a: Blissey
|-heal|p2a: Blissey|100/100
|
|upkeep
|turn|19
|
|t:|1760825610
|move|p1a: Dragapult|U-turn|p2a: Blissey
|-damage|p2a: Blissey|85/100
|
|t:|1760825611
|switch|p1a: Iron Treads|Iron Treads|45/100|[from] U-turn
|move|p2a: Blissey|Calm Mind|p2a: Blissey
|-boost|p2a: Blissey|spa|1
|-boost|p2a: Blissey|spd|1
|
|-heal|p1a: Iron Treads|51/100|[from] item: Leftovers
|upkeep
|turn|20
|
|t:|1760825616
|move|p1a: Iron Treads|Knock Off|p2a: Blissey
|-damage|p2a: Blissey|66/100
|-enditem|p2a: Blissey|Heavy-Duty Boots|[from] move: Knock Off|[of] p1a: Iron Treads
|move|p2a: Blissey|Seismic Toss|p1a: Iron Treads
|-damage|p1a: Iron Treads|25/100
|
|-heal|p1a: Iron Treads|31/100|[from] item: Leftovers
|upkeep
|turn|21
|
|t:|1760825621
|switch|p2a: Corviknight|Corviknight, F, shiny|100/100
|-ability|p2a: Corviknight|Pressure
|move|p1a: Iron Treads|Stealth Rock|p2a: Corviknight
|-sidestart|p2: levi6969|move: Stealth Rock
|
|-heal|p1a: Iron Treads|37/100|[from] item: Leftovers
|upkeep
|turn|22
|
|t:|1760825628
|move|p1a: Iron Treads|Knock Off|p2a: Corviknight
|-damage|p2a: Corviknight|90/100
|move|p2a: Corviknight|Defog|p1a: Iron Treads
|-unboost|p1a: Iron Treads|evasion|1
|-sideend|p2: levi6969|Stealth Rock|[from] move: Defog|[of] p2a: Corviknight
|
|-heal|p1a: Iron Treads|43/100|[from] item: Leftovers
|upkeep
|turn|23
|
|t:|1760825633
|-end|p1a: Iron Treads|Quark Drive|[silent]
|switch|p1a: Dragapult|Dragapult, M|84/100
|switch|p2a: Blissey|Blissey, F, shiny|66/100
|
|upkeep
|turn|24
|
|t:|1760825637
|move|p1a: Dragapult|U-turn|p2a: Blissey
|-damage|p2a: Blissey|50/100
|
|t:|1760825639
|switch|p1a: Lokix|Lokix, M|84/100|[from] U-turn
|move|p2a: Blissey|Shadow Ball|p1a: Lokix
|-resisted|p1a: Lokix
|-damage|p1a: Lokix|69/100
|-unboost|p1a: Lokix|spd|1
|
|upkeep
|turn|25
|
|t:|1760825644
|switch|p2a: Quagsire|Quagsire, M, shiny|77/100
|move|p1a: Lokix|U-turn|p2a: Quagsire
|-damage|p2a: Quagsire|43/100
|-damage|p1a: Lokix|53/100|[from] item: Rocky Helmet|[of] p2a: Quagsire
|
|t:|1760825649
|switch|p1a: Dragapult|Dragapult, M|84/100|[from] U-turn
|
|upkeep
|turn|26
|
|t:|1760825656
|move|p1a: Dragapult|U-turn|p2a: Quagsire
|-damage|p2a: Quagsire|30/100
|-damage|p1a: Dragapult|68/100|[from] item: Rocky Helmet|[of] p2a: Quagsire
|
|t:|1760825658
|switch|p1a: Lokix|Lokix, M|53/100|[from] U-turn
|move|p2a: Quagsire|Recover|p2a: Quagsire
|-heal|p2a: Quagsire|80/100
|
|upkeep
|turn|27
|
|t:|1760825661
|move|p1a: Lokix|Leech Life|p2a: Quagsire
|-damage|p2a: Quagsire|41/100
|-heal|p1a: Lokix|80/100|[from] drain|[of] p2a: Quagsire
|-damage|p1a: Lokix|64/100|[from] item: Rocky Helmet|[of] p2a: Quagsire
|move|p2a: Quagsire|Toxic|p1a: Lokix
|-status|p1a: Lokix|tox
|
|-damage|p1a: Lokix|58/100 tox|[from] psn
|upkeep
|turn|28
|
|t:|1760825666
|-terastallize|p1a: Lokix|Bug
|move|p1a: Lokix|Leech Life|p2a: Quagsire
|-damage|p2a: Quagsire|0 fnt
|-heal|p1a: Lokix|86/100 tox|[from] drain|[of] p2a: Quagsire
|-damage|p1a: Lokix|69/100 tox|[from] item: Rocky Helmet|[of] p2a: Quagsire
|faint|p2a: Quagsire
|
|-damage|p1a: Lokix|57/100 tox|[from] psn
|upkeep
|
|t:|1760825678
|switch|p2a: Chandelure|Chandelure, M, shiny|100/100
|turn|29
|
|t:|1760825685
|switch|p1a: Moltres|Moltres|100/100
|move|p2a: Chandelure|Fire Spin|p1a: Moltres
|-resisted|p1a: Moltres
|-damage|p1a: Moltres|92/100
|-activate|p1a: Moltres|move: Fire Spin|[of] p2a: Chandelure
|
|-damage|p1a: Moltres|75/100|[from] move: Fire Spin|[partiallytrapped]
|upkeep
|turn|30
|
|t:|1760825700
|move|p2a: Chandelure|Will-O-Wisp|p1a: Moltres
|-immune|p1a: Moltres
|move|p1a: Moltres|U-turn|p2a: Chandelure
|-resisted|p2a: Chandelure
|-damage|p2a: Chandelure|97/100
|
|t:|1760825707
|switch|p1a: Iron Treads|Iron Treads|43/100|[from] U-turn
|
|-heal|p1a: Iron Treads|49/100|[from] item: Leftovers
|upkeep
|turn|31
|
|t:|1760825717
|-end|p1a: Iron Treads|Quark Drive|[silent]
|switch|p1a: Moltres|Moltres|75/100
|move|p2a: Chandelure|Fire Spin|p1a: Moltres
|-resisted|p1a: Moltres
|-damage|p1a: Moltres|67/100
|-activate|p1a: Moltres|move: Fire Spin|[of] p2a: Chandelure
|
|-damage|p1a: Moltres|50/100|[from] move: Fire Spin|[partiallytrapped]
|upkeep
|turn|32
|
|t:|1760825725
|move|p2a: Chandelure|Hex|p1a: Moltres
|-damage|p1a: Moltres|19/100
|move|p1a: Moltres|Roost|p1a: Moltres
|-heal|p1a: Moltres|69/100
|-singleturn|p1a: Moltres|move: Roost
|
|-damage|p1a: Moltres|52/100|[from] move: Fire Spin|[partiallytrapped]
|upkeep
|turn|33
|
|t:|1760825731
|move|p2a: Chandelure|Hex|p1a: Moltres
|-damage|p1a: Moltres|22/100
|move|p1a: Moltres|U-turn|p2a: Chandelure
|-resisted|p2a: Chandelure
|-damage|p2a: Chandelure|94/100
|
|t:|1760825745
|switch|p1a: Iron Treads|Iron Treads|49/100|[from] U-turn
|
|-heal|p1a: Iron Treads|55/100|[from] item: Leftovers
|upkeep
|turn|34
|
|t:|1760825749
|-terastallize|p2a: Chandelure|Flying
|move|p1a: Iron Treads|Earthquake|p2a: Chandelure
|-immune|p2a: Chandelure
|move|p2a: Chandelure|Fire Spin|p1a: Iron Treads
|-supereffective|p1a: Iron Treads
|-crit|p1a: Iron Treads
|-damage|p1a: Iron Treads|6/100
|-activate|p1a: Iron Treads|move: Fire Spin|[of] p2a: Chandelure
|
|-heal|p1a: Iron Treads|12/100|[from] item: Leftovers
|-damage|p1a: Iron Treads|0 fnt|[from] move: Fire Spin|[partiallytrapped]
|faint|p1a: Iron Treads
|-end|p1a: Iron Treads|Quark Drive|[silent]
|upkeep
|
|t:|1760825758
|switch|p1a: Dragapult|Dragapult, M|68/100
|turn|35
|
|t:|1760825766
|move|p1a: Dragapult|U-turn|p2a: Chandelure
|-resisted|p2a: Chandelure
|-damage|p2a: Chandelure|86/100
|-status|p1a: Dragapult|brn|[from] ability: Flame Body|[of] p2a: Chandelure
|
|t:|1760825772
|switch|p1a: Ogerpon|Ogerpon-Wellspring, F|83/100 tox|[from] U-turn
|move|p2a: Chandelure|Will-O-Wisp||[still]
|-fail|p2a: Chandelure
|
|-damage|p1a: Ogerpon|77/100 tox|[from] psn
|upkeep
|turn|36
|
|t:|1760825785
|switch|p2a: Corviknight|Corviknight, F, shiny|90/100
|-ability|p2a: Corviknight|Pressure
|move|p1a: Ogerpon|Ivy Cudgel|p2a: Corviknight|[anim] Ivy Cudgel Water
|-damage|p2a: Corviknight|52/100
|
|-damage|p1a: Ogerpon|65/100 tox|[from] psn
|upkeep
|turn|37
|
|t:|1760825791
|switch|p1a: Moltres|Moltres|22/100
|move|p2a: Corviknight|Brave Bird|p1a: Moltres
|-damage|p1a: Moltres|0 fnt
|faint|p1a: Moltres
|-damage|p2a: Corviknight|46/100|[from] Recoil
|
|upkeep
|
|t:|1760825795
|switch|p1a: Dragapult|Dragapult, M|68/100 brn
|turn|38
|
|t:|1760825800
|switch|p2a: Blissey|Blissey, F, shiny|50/100
|move|p1a: Dragapult|U-turn|p2a: Blissey
|-damage|p2a: Blissey|43/100
|
|t:|1760825803
|switch|p1a: Lokix|Lokix, M, tera:Bug|57/100 tox|[from] U-turn
|
|-damage|p1a: Lokix|51/100 tox|[from] psn
|upkeep
|turn|39
|
|t:|1760825814
|move|p1a: Lokix|Leech Life|p2a: Blissey
|-damage|p2a: Blissey|0 fnt
|-heal|p1a: Lokix|100/100 tox|[from] drain|[of] p2a: Blissey
|faint|p2a: Blissey
|
|-damage|p1a: Lokix|88/100 tox|[from] psn
|upkeep
|
|t:|1760825823
|switch|p2a: Avalugg|Avalugg, M, shiny|100/100
|turn|40
|
|t:|1760825831
|switch|p1a: Zamazenta|Zamazenta|100/100
|-ability|p1a: Zamazenta|Dauntless Shield|boost
|-boost|p1a: Zamazenta|def|1
|move|p2a: Avalugg|Avalanche|p1a: Zamazenta
|-damage|p1a: Zamazenta|84/100
|
|-heal|p1a: Zamazenta|90/100|[from] item: Leftovers
|upkeep
|turn|41
|
|t:|1760825844
|switch|p2a: Chandelure|Chandelure, M, shiny, tera:Flying|86/100
|move|p1a: Zamazenta|Body Press|p2a: Chandelure
|-resisted|p2a: Chandelure
|-crit|p2a: Chandelure
|-damage|p2a: Chandelure|50/100
|
|-heal|p1a: Zamazenta|97/100|[from] item: Leftovers
|upkeep
|turn|42
|
|t:|1760825851
|switch|p1a: Dragapult|Dragapult, M|68/100 brn
|move|p2a: Chandelure|Fire Spin|p1a: Dragapult
|-resisted|p1a: Dragapult
|-damage|p1a: Dragapult|54/100 brn
|-activate|p1a: Dragapult|move: Fire Spin|[of] p2a: Chandelure
|
|-damage|p1a: Dragapult|48/100 brn|[from] brn
|-damage|p1a: Dragapult|32/100 brn|[from] move: Fire Spin|[partiallytrapped]
|upkeep
|turn|43
|
|t:|1760825862
|move|p1a: Dragapult|Shadow Ball|p2a: Chandelure
|-damage|p2a: Chandelure|0 fnt
|faint|p2a: Chandelure
|
|-damage|p1a: Dragapult|26/100 brn|[from] brn
|-end|p1a: Dragapult|Fire Spin|[partiallytrapped]|[silent]
|upkeep
|
|t:|1760825870
|switch|p2a: Corviknight|Corviknight, F, shiny|46/100
|-ability|p2a: Corviknight|Pressure
|turn|44
|
|t:|1760825888
|move|p1a: Dragapult|Shadow Ball|p2a: Corviknight
|-damage|p2a: Corviknight|0 fnt
|faint|p2a: Corviknight
|
|-damage|p1a: Dragapult|20/100 brn|[from] brn
|upkeep
|
|t:|1760825894
|switch|p2a: Hatterene|Hatterene, F, shiny|100/100
|turn|45
|
|t:|1760825896
|move|p1a: Dragapult|Shadow Ball|p2a: Hatterene
|-supereffective|p2a: Hatterene
|-damage|p2a: Hatterene|0 fnt
|faint|p2a: Hatterene
|
|-damage|p1a: Dragapult|14/100 brn|[from] brn
|upkeep
|-message|levi6969 forfeited.
|
|win|I AM AMPD 2 PLAY
|raw|I AM AMPD 2 PLAY's rating: 1448 &rarr; <strong>1467</strong><br />(+19 for winning)
|raw|levi6969's rating: 1431 &rarr; <strong>1412</strong><br />(-19 for losing)
|l|☆levi6969
|player|p2|
|l|‽I AM AMPD 2 PLAY
|player|p1|
