|j|☆Derevien
|j|☆DrSpada
|t:|1760829001
|gametype|singles
|player|p1|Derevien|lady|1451
|player|p2|DrSpada|101|1405
|gen|9
|tier|[Gen 9] OU
|rated|
|rule|HP Percentage Mod: HP is shown in percentages
|rule|Endless Battle Clause: Forcing endless battles is banned
|rule|Species Clause: Limit one of each Pokémon
|rule|OHKO Clause: OHKO moves are banned
|rule|Evasion Items Clause: Evasion items are banned
|rule|Evasion Moves Clause: Evasion moves are banned
|rule|Evasion Abilities Clause: Evasion abilities are banned
|rule|Sleep Moves Clause: Sleep-inducing moves are banned
|clearpoke
|poke|p1|Pelipper, M|
|poke|p1|Basculegion, M|
|poke|p1|Floatzel, F|
|poke|p1|Raging Bolt|
|poke|p1|Araquanid, F|
|poke|p1|Frosmoth, F|
|poke|p2|Hoopa-Unbound|
|poke|p2|Hydrapple, F|
|poke|p2|Gliscor, M|
|poke|p2|Cinderace, M|
|poke|p2|Alomomola, M|
|poke|p2|Gholdengo|
|teampreview
|inactive|Battle timer is ON: inactive players will automatically lose when time's up. (requested by Derevien)
|
|t:|1760829025
|teamsize|p1|6
|teamsize|p2|6
|start
|switch|p1a: Pepper|Pelipper, M|100/100
|switch|p2a: Gliscor|Gliscor, M|100/100
|-weather|RainDance|[from] ability: Drizzle|[of] p1a: Pepper
|turn|1
|
|t:|1760829031
|move|p2a: Gliscor|Protect|p2a: Gliscor
|-singleturn|p2a: Gliscor|Protect
|move|p1a: Pepper|Knock Off|p2a: Gliscor
|-activate|p2a: Gliscor|move: Protect
|
|-weather|RainDance|[upkeep]
|-status|p2a: Gliscor|tox|[from] item: Toxic Orb
|upkeep
|turn|2
|
|t:|1760829035
|move|p2a: Gliscor|Toxic|p1a: Pepper
|-status|p1a: Pepper|tox
|move|p1a: Pepper|U-turn|p2a: Gliscor
|-resisted|p2a: Gliscor
|-damage|p2a: Gliscor|97/100 tox
|
|t:|1760829040
|switch|p1a: Giant Enemy Spider|Araquanid, F, shiny|100/100|[from] U-turn
|
|-weather|RainDance|[upkeep]
|-heal|p2a: Gliscor|100/100 tox|[from] ability: Poison Heal
|upkeep
|turn|3
|
|t:|1760829048
|switch|p2a: Alomomola|Alomomola, M|100/100
|move|p1a: Giant Enemy Spider|Liquidation|p2a: Alomomola
|-resisted|p2a: Alomomola
|-damage|p2a: Alomomola|45/100
|-unboost|p2a: Alomomola|def|1
|
|-weather|RainDance|[upkeep]
|upkeep
|turn|4
|
|t:|1760829059
|switch|p2a: Hydrapple|Hydrapple, F, shiny|100/100
|move|p1a: Giant Enemy Spider|Liquidation|p2a: Hydrapple
|-resisted|p2a: Hydrapple
|-damage|p2a: Hydrapple|77/100
|-unboost|p2a: Hydrapple|def|1
|-damage|p1a: Giant Enemy Spider|84/100|[from] item: Rocky Helmet|[of] p2a: Hydrapple
|
|-weather|RainDance|[upkeep]
|upkeep
|turn|5
|
|t:|1760829072
|switch|p1a: Frosmoth|Frosmoth, F|100/100
|move|p2a: Hydrapple|Nasty Plot|p2a: Hydrapple
|-boost|p2a: Hydrapple|spa|2
|
|-weather|RainDance|[upkeep]
|upkeep
|turn|6
|
|t:|1760829094
|-terastallize|p2a: Hydrapple|Steel
|move|p1a: Frosmoth|U-turn|p2a: Hydrapple
|-resisted|p2a: Hydrapple
|-damage|p2a: Hydrapple|69/100
|-damage|p1a: Frosmoth|84/100|[from] item: Rocky Helmet|[of] p2a: Hydrapple
|
|t:|1760829106
|switch|p1a: Geth|Basculegion, M, shiny|100/100|[from] U-turn
|move|p2a: Hydrapple|Giga Drain|p1a: Geth
|-supereffective|p1a: Geth
|-damage|p1a: Geth|0 fnt
|-heal|p2a: Hydrapple|100/100|[from] drain|[of] p1a: Geth
|faint|p1a: Geth
|
|-weather|RainDance|[upkeep]
|upkeep
|
|t:|1760829116
|switch|p1a: Icarus|Floatzel, F|100/100
|turn|7
|
|t:|1760829136
|switch|p2a: Alomomola|Alomomola, M|79/100
|move|p1a: Icarus|Wave Crash|p2a: Alomomola
|-resisted|p2a: Alomomola
|-damage|p2a: Alomomola|24/100
|-damage|p1a: Icarus|72/100|[from] Recoil
|
|-weather|RainDance|[upkeep]
|upkeep
|turn|8
|
|t:|1760829147
|move|p1a: Icarus|Wave Crash|p2a: Alomomola
|-resisted|p2a: Alomomola
|-damage|p2a: Alomomola|0 fnt
|faint|p2a: Alomomola
|-damage|p1a: Icarus|59/100|[from] Recoil
|
|-weather|none
|upkeep
|inactive|DrSpada has 120 seconds left.
|
|t:|1760829162
|switch|p2a: Hoopa|Hoopa-Unbound|100/100
|turn|9
|
|t:|1760829168
|switch|p1a: Frosmoth|Frosmoth, F|84/100
|move|p2a: Hoopa|Knock Off|p1a: Frosmoth
|-damage|p1a: Frosmoth|0 fnt
|-enditem|p1a: Frosmoth|Heavy-Duty Boots|[from] move: Knock Off|[of] p2a: Hoopa
|faint|p1a: Frosmoth
|
|upkeep
|
|t:|1760829170
|switch|p1a: Pepper|Pelipper, M|100/100 tox
|-weather|RainDance|[from] ability: Drizzle|[of] p1a: Pepper
|turn|10
|
|t:|1760829183
|switch|p2a: Gliscor|Gliscor, M|100/100 tox
|move|p1a: Pepper|U-turn|p2a: Gliscor
|-resisted|p2a: Gliscor
|-damage|p2a: Gliscor|97/100 tox
|
|t:|1760829187
|switch|p1a: Icarus|Floatzel, F|59/100|[from] U-turn
|
|-weather|RainDance|[upkeep]
|-heal|p2a: Gliscor|100/100 tox|[from] ability: Poison Heal
|upkeep
|turn|11
|
|t:|1760829196
|switch|p2a: Hydrapple|Hydrapple, F, shiny, tera:Steel|100/100
|move|p1a: Icarus|Wave Crash|p2a: Hydrapple
|-damage|p2a: Hydrapple|13/100
|-damage|p1a: Icarus|43/100|[from] item: Rocky Helmet|[of] p2a: Hydrapple
|-damage|p1a: Icarus|7/100|[from] Recoil
|
|-weather|RainDance|[upkeep]
|upkeep
|turn|12
|
|t:|1760829207
|move|p1a: Icarus|Wave Crash|p2a: Hydrapple
|-damage|p2a: Hydrapple|0 fnt
|-damage|p1a: Icarus|0 fnt|[from] item: Rocky Helmet|[of] p2a: Hydrapple
|faint|p2a: Hydrapple
|faint|p1a: Icarus
|
|-weather|RainDance|[upkeep]
|upkeep
|inactive|DrSpada has 120 seconds left.
|
|t:|1760829239
|switch|p1a: Giant Enemy Spider|Araquanid, F, shiny|84/100
|switch|p2a: Gholdengo|Gholdengo|100/100
|-item|p2a: Gholdengo|Air Balloon
|turn|13
|inactive|DrSpada has 120 seconds left.
|
|t:|1760829256
|move|p2a: Gholdengo|Thunder Wave|p1a: Giant Enemy Spider
|-status|p1a: Giant Enemy Spider|par
|move|p1a: Giant Enemy Spider|Liquidation|p2a: Gholdengo
|-damage|p2a: Gholdengo|5/100
|-enditem|p2a: Gholdengo|Air Balloon
|
|-weather|RainDance|[upkeep]
|upkeep
|turn|14
|
|t:|1760829268
|move|p2a: Gholdengo|Hex|p1a: Giant Enemy Spider
|-damage|p1a: Giant Enemy Spider|39/100 par
|move|p1a: Giant Enemy Spider|Liquidation|p2a: Gholdengo
|-damage|p2a: Gholdengo|0 fnt
|faint|p2a: Gholdengo
|
|-weather|RainDance|[upkeep]
|upkeep
|
|t:|1760829281
|switch|p2a: Hoopa|Hoopa-Unbound|100/100
|turn|15
|
|t:|1760829288
|move|p2a: Hoopa|Gunk Shot|p1a: Giant Enemy Spider
|-damage|p1a: Giant Enemy Spider|0 fnt
|faint|p1a: Giant Enemy Spider
|
|-weather|RainDance|[upkeep]
|upkeep
|
|t:|1760829293
|switch|p1a: Pepper|Pelipper, M|100/100 tox
|turn|16
|inactive|DrSpada has 120 seconds left.
|
|t:|1760829303
|switch|p2a: Gliscor|Gliscor, M|100/100 tox
|move|p1a: Pepper|U-turn|p2a: Gliscor
|-resisted|p2a: Gliscor
|-damage|p2a: Gliscor|97/100 tox
|
|t:|1760829305
|switch|p1a: Great Neck|Raging Bolt|100/100|[from] U-turn
|-enditem|p1a: Great Neck|Booster Energy
|-activate|p1a: Great Neck|ability: Protosynthesis|[fromitem]
|-start|p1a: Great Neck|protosynthesisspa
|
|-weather|RainDance|[upkeep]
|-heal|p2a: Gliscor|100/100 tox|[from] ability: Poison Heal
|upkeep
|turn|17
|inactive|DrSpada has 120 seconds left.
|
|t:|1760829325
|move|p2a: Gliscor|Earthquake|p1a: Great Neck
|-supereffective|p1a: Great Neck
|-damage|p1a: Great Neck|42/100
|move|p1a: Great Neck|Draco Meteor|p2a: Gliscor
|-damage|p2a: Gliscor|15/100 tox
|-unboost|p1a: Great Neck|spa|2
|
|-weather|none
|-heal|p2a: Gliscor|27/100 tox|[from] ability: Poison Heal
|upkeep
|turn|18
|
|t:|1760829350
|-end|p1a: Great Neck|Protosynthesis|[silent]
|switch|p1a: Pepper|Pelipper, M|100/100 tox
|-weather|RainDance|[from] ability: Drizzle|[of] p1a: Pepper
|move|p2a: Gliscor|Earthquake|p1a: Pepper
|-immune|p1a: Pepper
|
|-weather|RainDance|[upkeep]
|-heal|p2a: Gliscor|40/100 tox|[from] ability: Poison Heal
|-damage|p1a: Pepper|94/100 tox|[from] psn
|upkeep
|turn|19
|inactive|DrSpada has 120 seconds left.
|
|t:|1760829371
|switch|p2a: Cinderace|Cinderace, M|100/100
|move|p1a: Pepper|Hurricane|p2a: Cinderace
|-damage|p2a: Cinderace|58/100
|-start|p2a: Cinderace|confusion
|
|-weather|RainDance|[upkeep]
|-damage|p1a: Pepper|82/100 tox|[from] psn
|upkeep
|turn|20
|inactive|DrSpada has 120 seconds left.
|
|t:|1760829378
|-activate|p2a: Cinderace|confusion
|move|p2a: Cinderace|Pyro Ball|p1a: Pepper
|-resisted|p1a: Pepper
|-damage|p1a: Pepper|73/100 tox
|move|p1a: Pepper|Hurricane|p2a: Cinderace
|-damage|p2a: Cinderace|15/100
|
|-weather|RainDance|[upkeep]
|-damage|p1a: Pepper|54/100 tox|[from] psn
|upkeep
|turn|21
|
|t:|1760829383
|-activate|p2a: Cinderace|confusion
|-damage|p2a: Cinderace|3/100|[from] confusion
|move|p1a: Pepper|Roost|p1a: Pepper
|-heal|p1a: Pepper|100/100 tox
|-singleturn|p1a: Pepper|move: Roost
|
|-weather|RainDance|[upkeep]
|-damage|p1a: Pepper|76/100 tox|[from] psn
|upkeep
|turn|22
|
|t:|1760829388
|-end|p2a: Cinderace|confusion
|move|p2a: Cinderace|Pyro Ball|p1a: Pepper
|-resisted|p1a: Pepper
|-damage|p1a: Pepper|61/100 tox
|move|p1a: Pepper|U-turn|p2a: Cinderace
|-resisted|p2a: Cinderace
|-damage|p2a: Cinderace|0 fnt
|faint|p2a: Cinderace
|
|t:|1760829391
|switch|p1a: Great Neck|Raging Bolt|42/100|[from] U-turn
|
|-weather|RainDance|[upkeep]
|upkeep
|
|t:|1760829399
|switch|p2a: Hoopa|Hoopa-Unbound|100/100
|turn|23
|
|t:|1760829409
|move|p1a: Great Neck|Thunderclap|p2a: Hoopa
|-damage|p2a: Hoopa|61/100
|move|p2a: Hoopa|Gunk Shot|p1a: Great Neck
|-damage|p1a: Great Neck|2/100
|-status|p1a: Great Neck|psn
|
|-weather|RainDance|[upkeep]
|-damage|p1a: Great Neck|0 fnt|[from] psn
|faint|p1a: Great Neck
|-end|p1a: Great Neck|Protosynthesis|[silent]
|upkeep
|
|t:|1760829410
|switch|p1a: Pepper|Pelipper, M|61/100 tox
|turn|24
|
|t:|1760829417
|switch|p2a: Gliscor|Gliscor, M|40/100 tox
|move|p1a: Pepper|Hurricane|p2a: Gliscor
|-damage|p2a: Gliscor|5/100 tox
|-start|p2a: Gliscor|confusion
|
|-weather|RainDance|[upkeep]
|-heal|p2a: Gliscor|18/100 tox|[from] ability: Poison Heal
|-damage|p1a: Pepper|55/100 tox|[from] psn
|upkeep
|turn|25
|
|t:|1760829424
|-activate|p2a: Gliscor|confusion
|move|p2a: Gliscor|Protect|p2a: Gliscor
|-singleturn|p2a: Gliscor|Protect
|move|p1a: Pepper|Hurricane|p2a: Gliscor
|-activate|p2a: Gliscor|move: Protect
|
|-weather|none
|-heal|p2a: Gliscor|30/100 tox|[from] ability: Poison Heal
|-damage|p1a: Pepper|42/100 tox|[from] psn
|upkeep
|turn|26
|
|t:|1760829430
|-activate|p2a: Gliscor|confusion
|move|p2a: Gliscor|Protect||[still]
|-fail|p2a: Gliscor
|move|p1a: Pepper|Hurricane|p2a: Gliscor|[miss]
|-miss|p1a: Pepper|p2a: Gliscor
|
|-heal|p2a: Gliscor|43/100 tox|[from] ability: Poison Heal
|-damage|p1a: Pepper|24/100 tox|[from] psn
|upkeep
|turn|27
|-message|Derevien forfeited.
|
|win|DrSpada
|raw|Derevien's rating: 1451 &rarr; <strong>1428</strong><br />(-23 for losing)
|raw|DrSpada's rating: 1405 &rarr; <strong>1428</strong><br />(+23 for winning)
|l|☆Derevien
|player|p1|
|l|☆DrSpada
|player|p2|
