|j|☆YinToYang
|j|‽Brigadi25
|t:|1760736952
|gametype|singles
|player|p1|YinToYang|n|1327
|player|p2|Brigadi25|bugcatcher-gen4dp|1303
|gen|9
|tier|[Gen 9] OU
|rated|
|rule|HP Percentage Mod: HP is shown in percentages
|rule|Endless Battle Clause: Forcing endless battles is banned
|rule|Species Clause: Limit one of each Pokémon
|rule|OHKO Clause: OHKO moves are banned
|rule|Evasion Items Clause: Evasion items are banned
|rule|Evasion Moves Clause: Evasion moves are banned
|rule|Evasion Abilities Clause: Evasion abilities are banned
|rule|Sleep Moves Clause: Sleep-inducing moves are banned
|clearpoke
|poke|p1|Skarmory, F|
|poke|p1|Pecharunt|
|poke|p1|Slowking-Galar, M|
|poke|p1|Blissey, F|
|poke|p1|Avalugg, M|
|poke|p1|Garganacl, M|
|poke|p2|Ribombee, M|
|poke|p2|Ogerpon-Wellspring, F|
|poke|p2|Tornadus-Therian, M|
|poke|p2|Goodra, F|
|poke|p2|Iron Crown|
|poke|p2|Iron Treads|
|teampreview
|inactive|Battle timer is ON: inactive players will automatically lose when time's up. (requested by Brigadi25)
|
|t:|1760736966
|teamsize|p1|6
|teamsize|p2|6
|start
|switch|p1a: Slowking|Slowking-Galar, M|100/100
|switch|p2a: Tornadus|Tornadus-Therian, M|100/100
|turn|1
|
|t:|1760736971
|move|p2a: Tornadus|Taunt|p1a: Slowking
|-start|p1a: Slowking|move: Taunt
|cant|p1a: Slowking|move: Taunt|Thunder Wave
|
|upkeep
|turn|2
|
|t:|1760736976
|switch|p1a: Skarmory|Skarmory, F|100/100
|move|p2a: Tornadus|U-turn|p1a: Skarmory
|-resisted|p1a: Skarmory
|-damage|p1a: Skarmory|98/100
|-damage|p2a: Tornadus|84/100|[from] item: Rocky Helmet|[of] p1a: Skarmory
|
|t:|1760736991
|switch|p2a: Iron Crown|Iron Crown|100/100|[from] U-turn
|-enditem|p2a: Iron Crown|Booster Energy
|-activate|p2a: Iron Crown|ability: Quark Drive|[fromitem]
|-start|p2a: Iron Crown|quarkdrivespe
|
|upkeep
|turn|3
|
|t:|1760736996
|move|p2a: Iron Crown|Calm Mind|p2a: Iron Crown
|-boost|p2a: Iron Crown|spa|1
|-boost|p2a: Iron Crown|spd|1
|move|p1a: Skarmory|Stealth Rock|p2a: Iron Crown
|-sidestart|p2: Brigadi25|move: Stealth Rock
|
|upkeep
|turn|4
|
|t:|1760737003
|move|p2a: Iron Crown|Calm Mind|p2a: Iron Crown
|-boost|p2a: Iron Crown|spa|1
|-boost|p2a: Iron Crown|spd|1
|move|p1a: Skarmory|Whirlwind|p2a: Iron Crown
|-end|p2a: Iron Crown|Quark Drive|[silent]
|drag|p2a: Ribombee|Ribombee, M|100/100
|-damage|p2a: Ribombee|76/100|[from] Stealth Rock
|
|upkeep
|turn|5
|
|t:|1760737010
|move|p2a: Ribombee|Stun Spore|p1a: Skarmory
|-status|p1a: Skarmory|par
|move|p1a: Skarmory|Spikes|p2a: Ribombee
|-sidestart|p2: Brigadi25|Spikes
|
|upkeep
|turn|6
|
|t:|1760737028
|switch|p1a: Blissey|Blissey, F|100/100
|move|p2a: Ribombee|Sticky Web|p1a: Blissey
|-sidestart|p1: YinToYang|move: Sticky Web
|
|upkeep
|turn|7
|
|t:|1760737040
|move|p2a: Ribombee|U-turn|p1a: Blissey
|-damage|p1a: Blissey|73/100
|
|t:|1760737046
|switch|p2a: Iron Treads|Iron Treads|100/100|[from] U-turn
|-damage|p2a: Iron Treads|97/100|[from] Stealth Rock
|-damage|p2a: Iron Treads|85/100|[from] Spikes
|move|p1a: Blissey|Thunder Wave|p2a: Iron Treads
|-immune|p2a: Iron Treads
|
|upkeep
|turn|8
|
|t:|1760737057
|switch|p1a: Garganacl|Garganacl, M|100/100
|-activate|p1a: Garganacl|move: Sticky Web
|-unboost|p1a: Garganacl|spe|1
|move|p2a: Iron Treads|Ice Spinner|p1a: Garganacl
|-damage|p1a: Garganacl|88/100
|
|-heal|p1a: Garganacl|94/100|[from] item: Leftovers
|upkeep
|turn|9
|
|t:|1760737069
|move|p2a: Iron Treads|Rapid Spin|p1a: Garganacl
|-resisted|p1a: Garganacl
|-damage|p1a: Garganacl|91/100
|-boost|p2a: Iron Treads|spe|1
|-sideend|p2: Brigadi25|Spikes|[from] move: Rapid Spin|[of] p2a: Iron Treads
|-sideend|p2: Brigadi25|Stealth Rock|[from] move: Rapid Spin|[of] p2a: Iron Treads
|move|p1a: Garganacl|Salt Cure|p2a: Iron Treads
|-resisted|p2a: Iron Treads
|-damage|p2a: Iron Treads|82/100
|-start|p2a: Iron Treads|Salt Cure
|
|-heal|p1a: Garganacl|97/100|[from] item: Leftovers
|-damage|p2a: Iron Treads|57/100|[from] Salt Cure
|upkeep
|turn|10
|
|t:|1760737080
|move|p2a: Iron Treads|Volt Switch|p1a: Garganacl
|-damage|p1a: Garganacl|87/100
|
|t:|1760737095
|-end|p2a: Iron Treads|Quark Drive|[silent]
|switch|p2a: Iron Crown|Iron Crown|100/100|[from] Volt Switch
|move|p1a: Garganacl|Salt Cure|p2a: Iron Crown
|-resisted|p2a: Iron Crown
|-damage|p2a: Iron Crown|93/100
|-start|p2a: Iron Crown|Salt Cure
|
|-heal|p1a: Garganacl|93/100|[from] item: Leftovers
|-damage|p2a: Iron Crown|69/100|[from] Salt Cure
|upkeep
|turn|11
|
|t:|1760737105
|move|p2a: Iron Crown|Tachyon Cutter|p1a: Garganacl
|-supereffective|p1a: Garganacl
|-damage|p1a: Garganacl|48/100
|-supereffective|p1a: Garganacl
|-damage|p1a: Garganacl|4/100
|-hitcount|p1a: Garganacl|2
|move|p1a: Garganacl|Salt Cure|p2a: Iron Crown
|-resisted|p2a: Iron Crown
|-damage|p2a: Iron Crown|62/100
|
|-heal|p1a: Garganacl|11/100|[from] item: Leftovers
|-damage|p2a: Iron Crown|38/100|[from] Salt Cure
|upkeep
|turn|12
|
|t:|1760737116
|move|p1a: Garganacl|Protect|p1a: Garganacl
|-singleturn|p1a: Garganacl|Protect
|move|p2a: Iron Crown|Volt Switch|p1a: Garganacl
|-activate|p1a: Garganacl|move: Protect
|
|-heal|p1a: Garganacl|17/100|[from] item: Leftovers
|-damage|p2a: Iron Crown|13/100|[from] Salt Cure
|upkeep
|turn|13
|
|t:|1760737131
|move|p1a: Garganacl|Protect|p1a: Garganacl
|-singleturn|p1a: Garganacl|Protect
|move|p2a: Iron Crown|Tachyon Cutter|p1a: Garganacl
|-activate|p1a: Garganacl|move: Protect
|
|-heal|p1a: Garganacl|23/100|[from] item: Leftovers
|-damage|p2a: Iron Crown|0 fnt|[from] Salt Cure
|faint|p2a: Iron Crown
|-end|p2a: Iron Crown|Quark Drive|[silent]
|upkeep
|
|t:|1760737140
|switch|p2a: Iron Treads|Iron Treads|57/100
|turn|14
|
|t:|1760737143
|switch|p1a: Skarmory|Skarmory, F|98/100 par
|move|p2a: Iron Treads|Earthquake|p1a: Skarmory
|-immune|p1a: Skarmory
|
|upkeep
|turn|15
|
|t:|1760737149
|move|p2a: Iron Treads|Volt Switch|p1a: Skarmory
|-supereffective|p1a: Skarmory
|-damage|p1a: Skarmory|68/100 par
|
|t:|1760737153
|-end|p2a: Iron Treads|Quark Drive|[silent]
|switch|p2a: Goodra|Goodra, F|100/100|[from] Volt Switch
|move|p1a: Skarmory|Whirlwind|p2a: Goodra
|drag|p2a: Ogerpon|Ogerpon-Wellspring, F|100/100
|
|upkeep
|turn|16
|
|t:|1760737160
|move|p2a: Ogerpon|Encore|p1a: Skarmory
|-start|p1a: Skarmory|Encore
|move|p1a: Skarmory|Whirlwind|p2a: Ogerpon
|drag|p2a: Iron Treads|Iron Treads|57/100
|
|upkeep
|turn|17
|
|t:|1760737166
|switch|p1a: Blissey|Blissey, F|73/100
|move|p2a: Iron Treads|Volt Switch|p1a: Blissey
|-damage|p1a: Blissey|70/100
|
|t:|1760737172
|-end|p2a: Iron Treads|Quark Drive|[silent]
|switch|p2a: Ogerpon|Ogerpon-Wellspring, F|100/100|[from] Volt Switch
|
|upkeep
|turn|18
|
|t:|1760737177
|switch|p1a: Pecharunt|Pecharunt|100/100
|-activate|p1a: Pecharunt|move: Sticky Web
|-unboost|p1a: Pecharunt|spe|1
|move|p2a: Ogerpon|Ivy Cudgel|p1a: Pecharunt|[anim] Ivy Cudgel Water
|-damage|p1a: Pecharunt|71/100
|
|-heal|p1a: Pecharunt|77/100|[from] item: Leftovers
|upkeep
|turn|19
|
|t:|1760737195
|move|p2a: Ogerpon|Knock Off|p1a: Pecharunt
|-supereffective|p1a: Pecharunt
|-damage|p1a: Pecharunt|40/100
|-enditem|p1a: Pecharunt|Leftovers|[from] move: Knock Off|[of] p2a: Ogerpon
|move|p1a: Pecharunt|Toxic|p2a: Ogerpon
|-status|p2a: Ogerpon|tox
|-start|p2a: Ogerpon|confusion|[from] ability: Poison Puppeteer|[of] p1a: Pecharunt
|
|-damage|p2a: Ogerpon|95/100 tox|[from] psn
|upkeep
|turn|20
|
|t:|1760737207
|switch|p2a: Iron Treads|Iron Treads|57/100
|move|p1a: Pecharunt|Recover|p1a: Pecharunt
|-heal|p1a: Pecharunt|90/100
|
|upkeep
|turn|21
|
|t:|1760737213
|move|p1a: Pecharunt|Protect|p1a: Pecharunt
|-singleturn|p1a: Pecharunt|Protect
|move|p2a: Iron Treads|Ice Spinner|p1a: Pecharunt
|-activate|p1a: Pecharunt|move: Protect
|
|upkeep
|turn|22
|
|t:|1760737225
|switch|p1a: Avalugg|Avalugg, M|100/100
|move|p2a: Iron Treads|Volt Switch|p1a: Avalugg
|-damage|p1a: Avalugg|82/100
|
|t:|1760737242
|-end|p2a: Iron Treads|Quark Drive|[silent]
|switch|p2a: Ribombee|Ribombee, M|76/100|[from] Volt Switch
|
|upkeep
|turn|23
|
|t:|1760737251
|switch|p1a: Blissey|Blissey, F|70/100
|move|p2a: Ribombee|Moonblast|p1a: Blissey
|-damage|p1a: Blissey|59/100
|
|upkeep
|turn|24
|
|t:|1760737256
|move|p2a: Ribombee|U-turn|p1a: Blissey
|-damage|p1a: Blissey|33/100
|
|t:|1760737259
|switch|p2a: Iron Treads|Iron Treads|57/100|[from] U-turn
|move|p1a: Blissey|Soft-Boiled|p1a: Blissey
|-heal|p1a: Blissey|83/100
|
|upkeep
|turn|25
|
|t:|1760737269
|switch|p1a: Skarmory|Skarmory, F|68/100 par
|move|p2a: Iron Treads|Volt Switch|p1a: Skarmory
|-supereffective|p1a: Skarmory
|-damage|p1a: Skarmory|37/100 par
|
|t:|1760737274
|-end|p2a: Iron Treads|Quark Drive|[silent]
|switch|p2a: Tornadus|Tornadus-Therian, M|100/100|[from] Volt Switch
|
|upkeep
|turn|26
|
|t:|1760737280
|move|p2a: Tornadus|Heat Wave|p1a: Skarmory
|-supereffective|p1a: Skarmory
|-damage|p1a: Skarmory|0 fnt
|faint|p1a: Skarmory
|
|upkeep
|
|t:|1760737283
|switch|p1a: Garganacl|Garganacl, M|23/100
|-activate|p1a: Garganacl|move: Sticky Web
|-unboost|p1a: Garganacl|spe|1
|turn|27
|
|t:|1760737293
|move|p2a: Tornadus|Taunt|p1a: Garganacl
|-start|p1a: Garganacl|move: Taunt
|cant|p1a: Garganacl|move: Taunt|Recover
|
|-heal|p1a: Garganacl|29/100|[from] item: Leftovers
|upkeep
|turn|28
|
|t:|1760737311
|move|p2a: Tornadus|U-turn|p1a: Garganacl
|-damage|p1a: Garganacl|22/100
|
|t:|1760737313
|switch|p2a: Ribombee|Ribombee, M|76/100|[from] U-turn
|move|p1a: Garganacl|Salt Cure|p2a: Ribombee
|-supereffective|p2a: Ribombee
|-damage|p2a: Ribombee|22/100
|
|-heal|p1a: Garganacl|28/100|[from] item: Leftovers
|upkeep
|turn|29
|
|t:|1760737323
|switch|p1a: Slowking|Slowking-Galar, M|100/100
|-activate|p1a: Slowking|move: Sticky Web
|-unboost|p1a: Slowking|spe|1
|move|p2a: Ribombee|Moonblast|p1a: Slowking
|-resisted|p1a: Slowking
|-crit|p1a: Slowking
|-damage|p1a: Slowking|82/100
|
|-heal|p1a: Slowking|88/100|[from] item: Leftovers
|upkeep
|turn|30
|
|t:|1760737342
|move|p2a: Ribombee|Stun Spore|p1a: Slowking
|-status|p1a: Slowking|par
|move|p1a: Slowking|Sludge Wave|p2a: Ribombee
|-supereffective|p2a: Ribombee
|-crit|p2a: Ribombee
|-damage|p2a: Ribombee|0 fnt
|faint|p2a: Ribombee
|
|-heal|p1a: Slowking|94/100 par|[from] item: Leftovers
|upkeep
|
|t:|1760737351
|switch|p2a: Iron Treads|Iron Treads|57/100
|turn|31
|
|t:|1760737354
|move|p2a: Iron Treads|Earthquake|p1a: Slowking
|-supereffective|p1a: Slowking
|-damage|p1a: Slowking|0 fnt
|faint|p1a: Slowking
|
|upkeep
|
|t:|1760737357
|switch|p1a: Avalugg|Avalugg, M|82/100
|turn|32
|
|t:|1760737365
|move|p2a: Iron Treads|Volt Switch|p1a: Avalugg
|-damage|p1a: Avalugg|63/100
|
|t:|1760737373
|-end|p2a: Iron Treads|Quark Drive|[silent]
|switch|p2a: Ogerpon|Ogerpon-Wellspring, F|95/100 tox|[from] Volt Switch
|move|p1a: Avalugg|Rapid Spin|p2a: Ogerpon
|-damage|p2a: Ogerpon|78/100 tox
|-boost|p1a: Avalugg|spe|1
|-sideend|p1: YinToYang|Sticky Web|[from] move: Rapid Spin|[of] p1a: Avalugg
|
|-damage|p2a: Ogerpon|72/100 tox|[from] psn
|upkeep
|turn|33
|
|t:|1760737386
|move|p2a: Ogerpon|Knock Off|p1a: Avalugg
|-damage|p1a: Avalugg|48/100
|-enditem|p1a: Avalugg|Heavy-Duty Boots|[from] move: Knock Off|[of] p2a: Ogerpon
|move|p1a: Avalugg|Recover|p1a: Avalugg
|-heal|p1a: Avalugg|98/100
|
|-damage|p2a: Ogerpon|60/100 tox|[from] psn
|upkeep
|turn|34
|
|t:|1760737395
|move|p2a: Ogerpon|Encore|p1a: Avalugg
|-start|p1a: Avalugg|Encore
|move|p1a: Avalugg|Recover|p1a: Avalugg
|-heal|p1a: Avalugg|100/100
|
|-damage|p2a: Ogerpon|42/100 tox|[from] psn
|upkeep
|turn|35
|
|t:|1760737403
|switch|p2a: Tornadus|Tornadus-Therian, M|100/100
|switch|p1a: Pecharunt|Pecharunt|90/100
|
|upkeep
|turn|36
|
|t:|1760737409
|move|p2a: Tornadus|Taunt|p1a: Pecharunt
|-start|p1a: Pecharunt|move: Taunt
|cant|p1a: Pecharunt|move: Taunt|Toxic
|
|upkeep
|turn|37
|
|t:|1760737413
|move|p2a: Tornadus|U-turn|p1a: Pecharunt
|-resisted|p1a: Pecharunt
|-damage|p1a: Pecharunt|89/100
|
|t:|1760737417
|switch|p2a: Iron Treads|Iron Treads|57/100|[from] U-turn
|move|p1a: Pecharunt|Hex|p2a: Iron Treads
|-damage|p2a: Iron Treads|39/100
|
|upkeep
|turn|38
|
|t:|1760737426
|move|p2a: Iron Treads|Earthquake|p1a: Pecharunt
|-supereffective|p1a: Pecharunt
|-damage|p1a: Pecharunt|45/100
|move|p1a: Pecharunt|Hex|p2a: Iron Treads
|-damage|p2a: Iron Treads|19/100
|
|-end|p1a: Pecharunt|move: Taunt
|upkeep
|turn|39
|
|t:|1760737437
|move|p2a: Iron Treads|Volt Switch|p1a: Pecharunt
|-damage|p1a: Pecharunt|34/100
|
|t:|1760737441
|-end|p2a: Iron Treads|Quark Drive|[silent]
|switch|p2a: Tornadus|Tornadus-Therian, M|100/100|[from] Volt Switch
|move|p1a: Pecharunt|Recover|p1a: Pecharunt
|-heal|p1a: Pecharunt|84/100
|
|upkeep
|turn|40
|
|t:|1760737447
|move|p1a: Pecharunt|Protect|p1a: Pecharunt
|-singleturn|p1a: Pecharunt|Protect
|move|p2a: Tornadus|Taunt|p1a: Pecharunt
|-activate|p1a: Pecharunt|move: Protect
|
|upkeep
|turn|41
|
|t:|1760737452
|switch|p1a: Garganacl|Garganacl, M|28/100
|move|p2a: Tornadus|Taunt|p1a: Garganacl
|-start|p1a: Garganacl|move: Taunt
|
|-heal|p1a: Garganacl|35/100|[from] item: Leftovers
|upkeep
|turn|42
|
|t:|1760737459
|switch|p2a: Goodra|Goodra, F|100/100
|move|p1a: Garganacl|Salt Cure|p2a: Goodra
|-damage|p2a: Goodra|82/100
|-start|p2a: Goodra|Salt Cure
|
|-heal|p1a: Garganacl|41/100|[from] item: Leftovers
|-damage|p2a: Goodra|70/100|[from] Salt Cure
|upkeep
|turn|43
|
|t:|1760737469
|switch|p1a: Blissey|Blissey, F|83/100
|move|p2a: Goodra|Scald|p1a: Blissey
|-damage|p1a: Blissey|77/100
|
|-damage|p2a: Goodra|58/100|[from] Salt Cure
|upkeep
|turn|44
|
|t:|1760737477
|switch|p2a: Iron Treads|Iron Treads|19/100
|move|p1a: Blissey|Seismic Toss|p2a: Iron Treads
|-damage|p2a: Iron Treads|0 fnt
|faint|p2a: Iron Treads
|-end|p2a: Iron Treads|Quark Drive|[silent]
|
|upkeep
|
|t:|1760737484
|switch|p2a: Ogerpon|Ogerpon-Wellspring, F|42/100 tox
|turn|45
|
|t:|1760737491
|switch|p1a: Avalugg|Avalugg, M|100/100
|move|p2a: Ogerpon|Ivy Cudgel|p1a: Avalugg|[anim] Ivy Cudgel Water
|-damage|p1a: Avalugg|76/100
|
|-damage|p2a: Ogerpon|36/100 tox|[from] psn
|upkeep
|turn|46
|
|t:|1760737504
|switch|p2a: Tornadus|Tornadus-Therian, M|100/100
|move|p1a: Avalugg|Body Press|p2a: Tornadus
|-resisted|p2a: Tornadus
|-damage|p2a: Tornadus|78/100
|
|upkeep
|turn|47
|
|t:|1760737514
|move|p2a: Tornadus|Taunt|p1a: Avalugg
|-start|p1a: Avalugg|move: Taunt
|cant|p1a: Avalugg|move: Taunt|Recover
|
|upkeep
|turn|48
|
|t:|1760737536
|switch|p1a: Pecharunt|Pecharunt|84/100
|move|p2a: Tornadus|Heat Wave|p1a: Pecharunt|[miss]
|-miss|p2a: Tornadus|p1a: Pecharunt
|
|upkeep
|turn|49
|
|t:|1760737541
|move|p2a: Tornadus|Taunt|p1a: Pecharunt
|-start|p1a: Pecharunt|move: Taunt
|move|p1a: Pecharunt|Hex|p2a: Tornadus
|-damage|p2a: Tornadus|54/100
|
|upkeep
|turn|50
|
|t:|1760737553
|switch|p1a: Blissey|Blissey, F|77/100
|move|p2a: Tornadus|Bleakwind Storm|p1a: Blissey
|-crit|p1a: Blissey
|-damage|p1a: Blissey|60/100
|-unboost|p1a: Blissey|spe|1
|
|upkeep
|turn|51
|
|t:|1760737561
|move|p2a: Tornadus|Taunt|p1a: Blissey
|-start|p1a: Blissey|move: Taunt
|move|p1a: Blissey|Seismic Toss|p2a: Tornadus
|-damage|p2a: Tornadus|24/100
|
|upkeep
|turn|52
|
|t:|1760737568
|switch|p2a: Goodra|Goodra, F|58/100
|switch|p1a: Garganacl|Garganacl, M|41/100
|
|-heal|p1a: Garganacl|47/100|[from] item: Leftovers
|upkeep
|turn|53
|
|t:|1760737574
|move|p1a: Garganacl|Protect|p1a: Garganacl
|-singleturn|p1a: Garganacl|Protect
|move|p2a: Goodra|Earthquake|p1a: Garganacl
|-activate|p1a: Garganacl|move: Protect
|
|-heal|p1a: Garganacl|53/100|[from] item: Leftovers
|upkeep
|turn|54
|
|t:|1760737582
|move|p2a: Goodra|Scald|p1a: Garganacl
|-supereffective|p1a: Garganacl
|-damage|p1a: Garganacl|13/100
|move|p1a: Garganacl|Recover|p1a: Garganacl
|-heal|p1a: Garganacl|63/100
|
|-heal|p1a: Garganacl|69/100|[from] item: Leftovers
|upkeep
|turn|55
|
|t:|1760737590
|move|p1a: Garganacl|Protect|p1a: Garganacl
|-singleturn|p1a: Garganacl|Protect
|move|p2a: Goodra|Scald|p1a: Garganacl
|-activate|p1a: Garganacl|move: Protect
|
|-heal|p1a: Garganacl|75/100|[from] item: Leftovers
|upkeep
|turn|56
|
|t:|1760737596
|switch|p1a: Blissey|Blissey, F|60/100
|move|p2a: Goodra|Earthquake|p1a: Blissey
|-damage|p1a: Blissey|18/100
|
|upkeep
|turn|57
|
|t:|1760737605
|switch|p1a: Avalugg|Avalugg, M|76/100
|move|p2a: Goodra|Earthquake|p1a: Avalugg
|-damage|p1a: Avalugg|68/100
|
|upkeep
|turn|58
|
|t:|1760737610
|move|p2a: Goodra|Fire Blast|p1a: Avalugg
|-supereffective|p1a: Avalugg
|-damage|p1a: Avalugg|0 fnt
|faint|p1a: Avalugg
|
|upkeep
|
|t:|1760737613
|switch|p1a: Pecharunt|Pecharunt|84/100
|turn|59
|
|t:|1760737618
|move|p2a: Goodra|Earthquake|p1a: Pecharunt
|-supereffective|p1a: Pecharunt
|-damage|p1a: Pecharunt|65/100
|move|p1a: Pecharunt|Toxic|p2a: Goodra
|-status|p2a: Goodra|tox
|-start|p2a: Goodra|confusion|[from] ability: Poison Puppeteer|[of] p1a: Pecharunt
|
|-damage|p2a: Goodra|52/100 tox|[from] psn
|upkeep
|turn|60
|
|t:|1760737638
|switch|p2a: Tornadus|Tornadus-Therian, M|57/100
|move|p1a: Pecharunt|Recover|p1a: Pecharunt
|-heal|p1a: Pecharunt|100/100
|
|upkeep
|turn|61
|
|t:|1760737644
|move|p2a: Tornadus|Taunt|p1a: Pecharunt
|-start|p1a: Pecharunt|move: Taunt
|move|p1a: Pecharunt|Hex|p2a: Tornadus
|-damage|p2a: Tornadus|35/100
|
|upkeep
|turn|62
|
|t:|1760737659
|move|p2a: Tornadus|Bleakwind Storm|p1a: Pecharunt
|-damage|p1a: Pecharunt|65/100
|-unboost|p1a: Pecharunt|spe|1
|move|p1a: Pecharunt|Hex|p2a: Tornadus
|-damage|p2a: Tornadus|14/100
|
|upkeep
|turn|63
|
|t:|1760737671
|switch|p1a: Blissey|Blissey, F|18/100
|move|p2a: Tornadus|Bleakwind Storm|p1a: Blissey
|-damage|p1a: Blissey|8/100
|
|upkeep
|turn|64
|
|t:|1760737678
|switch|p1a: Garganacl|Garganacl, M|75/100
|move|p2a: Tornadus|U-turn|p1a: Garganacl
|-damage|p1a: Garganacl|68/100
|
|t:|1760737686
|switch|p2a: Goodra|Goodra, F|52/100 tox|[from] U-turn
|
|-heal|p1a: Garganacl|74/100|[from] item: Leftovers
|-damage|p2a: Goodra|46/100 tox|[from] psn
|upkeep
|turn|65
|
|t:|1760737693
|switch|p2a: Ogerpon|Ogerpon-Wellspring, F|36/100 tox
|move|p1a: Garganacl|Protect||[still]
|-fail|p1a: Garganacl
|
|-heal|p1a: Garganacl|80/100|[from] item: Leftovers
|-damage|p2a: Ogerpon|30/100 tox|[from] psn
|upkeep
|turn|66
|
|t:|1760737704
|-terastallize|p1a: Garganacl|Ghost
|move|p2a: Ogerpon|Ivy Cudgel|p1a: Garganacl|[anim] Ivy Cudgel Water
|-damage|p1a: Garganacl|53/100
|move|p1a: Garganacl|Salt Cure|p2a: Ogerpon
|-damage|p2a: Ogerpon|12/100 tox
|-start|p2a: Ogerpon|Salt Cure
|
|-heal|p1a: Garganacl|59/100|[from] item: Leftovers
|-damage|p2a: Ogerpon|0 fnt|[from] psn
|faint|p2a: Ogerpon
|upkeep
|
|t:|1760737716
|switch|p2a: Tornadus|Tornadus-Therian, M|47/100
|turn|67
|
|t:|1760737723
|move|p1a: Garganacl|Protect|p1a: Garganacl
|-singleturn|p1a: Garganacl|Protect
|move|p2a: Tornadus|Taunt|p1a: Garganacl
|-activate|p1a: Garganacl|move: Protect
|
|-heal|p1a: Garganacl|65/100|[from] item: Leftovers
|upkeep
|turn|68
|
|t:|1760737736
|switch|p1a: Blissey|Blissey, F|8/100
|move|p2a: Tornadus|Bleakwind Storm|p1a: Blissey
|-damage|p1a: Blissey|0 fnt
|faint|p1a: Blissey
|
|upkeep
|
|t:|1760737741
|switch|p1a: Pecharunt|Pecharunt|65/100
|turn|69
|
|t:|1760737744
|move|p1a: Pecharunt|Protect|p1a: Pecharunt
|-singleturn|p1a: Pecharunt|Protect
|move|p2a: Tornadus|Taunt|p1a: Pecharunt
|-activate|p1a: Pecharunt|move: Protect
|
|upkeep
|turn|70
|
|t:|1760737750
|move|p2a: Tornadus|Taunt|p1a: Pecharunt
|-start|p1a: Pecharunt|move: Taunt
|cant|p1a: Pecharunt|move: Taunt|Toxic
|
|upkeep
|turn|71
|
|t:|1760737755
|move|p2a: Tornadus|Bleakwind Storm|p1a: Pecharunt
|-damage|p1a: Pecharunt|28/100
|move|p1a: Pecharunt|Hex|p2a: Tornadus
|-damage|p2a: Tornadus|24/100
|
|upkeep
|turn|72
|
|t:|1760737761
|move|p2a: Tornadus|Bleakwind Storm|p1a: Pecharunt
|-damage|p1a: Pecharunt|0 fnt
|faint|p1a: Pecharunt
|
|upkeep
|
|t:|1760737763
|switch|p1a: Garganacl|Garganacl, M, tera:Ghost|65/100
|turn|73
|
|t:|1760737772
|move|p2a: Tornadus|Taunt|p1a: Garganacl
|-start|p1a: Garganacl|move: Taunt
|move|p1a: Garganacl|Salt Cure|p2a: Tornadus
|-supereffective|p2a: Tornadus
|-damage|p2a: Tornadus|0 fnt
|faint|p2a: Tornadus
|
|-heal|p1a: Garganacl|71/100|[from] item: Leftovers
|upkeep
|
|t:|1760737781
|switch|p2a: Goodra|Goodra, F|46/100 tox
|turn|74
|
|t:|1760737789
|move|p2a: Goodra|Fire Blast|p1a: Garganacl
|-damage|p1a: Garganacl|43/100
|move|p1a: Garganacl|Earthquake|p2a: Goodra
|-damage|p2a: Goodra|16/100 tox
|
|-heal|p1a: Garganacl|49/100|[from] item: Leftovers
|-damage|p2a: Goodra|10/100 tox|[from] psn
|upkeep
|turn|75
|
|t:|1760737797
|move|p2a: Goodra|Earthquake|p1a: Garganacl
|-damage|p1a: Garganacl|37/100
|move|p1a: Garganacl|Earthquake|p2a: Goodra
|-damage|p2a: Goodra|0 fnt
|faint|p2a: Goodra
|
|win|YinToYang
|raw|YinToYang's rating: 1327 &rarr; <strong>1346</strong><br />(+19 for winning)
|raw|Brigadi25's rating: 1303 &rarr; <strong>1284</strong><br />(-19 for losing)
|l|‽Brigadi25
|player|p2|
|l|☆YinToYang
|player|p1|
|j|☆YinToYang
|player|p1|YinToYang|n|
|l|☆YinToYang
|player|p1|
