|j|☆auefw823
|j|☆LetianDu
|t:|1760847932
|gametype|singles
|player|p1|auefw823|ghetsis|1361
|player|p2|LetianDu|ghetsis-gen5bw|1303
|gen|9
|tier|[Gen 9] OU
|rated|
|rule|HP Percentage Mod: HP is shown in percentages
|rule|Endless Battle Clause: Forcing endless battles is banned
|rule|Species Clause: Limit one of each Pokémon
|rule|OHKO Clause: OHKO moves are banned
|rule|Evasion Items Clause: Evasion items are banned
|rule|Evasion Moves Clause: Evasion moves are banned
|rule|Evasion Abilities Clause: Evasion abilities are banned
|rule|Sleep Moves Clause: Sleep-inducing moves are banned
|clearpoke
|poke|p1|Enamorus, F|
|poke|p1|Ogerpon-Wellspring, F|
|poke|p1|Iron Crown|
|poke|p1|Iron Hands|
|poke|p1|Glimmora, M|
|poke|p1|Ursaluna, M|
|poke|p2|Dondozo, M|
|poke|p2|Dragonite, F|
|poke|p2|Landorus-Therian, M|
|poke|p2|Goodra-Hisui, M|
|poke|p2|Staraptor, F|
|poke|p2|Rotom-Wash|
|teampreview
|inactive|Battle timer is ON: inactive players will automatically lose when time's up. (requested by LetianDu)
|
|t:|1760847942
|teamsize|p1|6
|teamsize|p2|6
|start
|switch|p1a: Glimmora|Glimmora, M, shiny|100/100
|switch|p2a: Landorus|Landorus-Therian, M|100/100
|-ability|p2a: Landorus|Intimidate|boost
|-unboost|p1a: Glimmora|atk|1
|turn|1
|
|t:|1760847949
|switch|p1a: Enamorus|Enamorus, F, shiny|100/100
|move|p2a: Landorus|Taunt|p1a: Enamorus
|-start|p1a: Enamorus|move: Taunt
|
|upkeep
|turn|2
|
|t:|1760847953
|move|p1a: Enamorus|Moonblast|p2a: Landorus
|-damage|p2a: Landorus|38/100
|move|p2a: Landorus|Stealth Rock|p1a: Enamorus
|-sidestart|p1: auefw823|move: Stealth Rock
|
|upkeep
|turn|3
|
|t:|1760847961
|switch|p2a: Goodra|Goodra-Hisui, M|100/100
|move|p1a: Enamorus|Moonblast|p2a: Goodra
|-damage|p2a: Goodra|76/100
|
|-end|p1a: Enamorus|move: Taunt
|upkeep
|turn|4
|
|t:|1760847972
|switch|p1a: Iron Hands|Iron Hands, shiny|100/100
|-damage|p1a: Iron Hands|94/100|[from] Stealth Rock
|-enditem|p1a: Iron Hands|Booster Energy
|-activate|p1a: Iron Hands|ability: Quark Drive|[fromitem]
|-start|p1a: Iron Hands|quarkdriveatk
|switch|p2a: Landorus|Landorus-Therian, M|38/100
|-ability|p2a: Landorus|Intimidate|boost
|-unboost|p1a: Iron Hands|atk|1
|
|upkeep
|turn|5
|
|t:|1760847986
|switch|p2a: Rotom|Rotom-Wash|100/100
|move|p1a: Iron Hands|Ice Punch|p2a: Rotom
|-resisted|p2a: Rotom
|-damage|p2a: Rotom|81/100
|
|-heal|p2a: Rotom|88/100|[from] item: Leftovers
|upkeep
|turn|6
|
|t:|1760848002
|-end|p1a: Iron Hands|Quark Drive|[silent]
|switch|p1a: Ursaluna|Ursaluna, M, shiny|100/100
|-damage|p1a: Ursaluna|94/100|[from] Stealth Rock
|move|p2a: Rotom|Will-O-Wisp|p1a: Ursaluna
|-status|p1a: Ursaluna|brn
|
|-heal|p2a: Rotom|94/100|[from] item: Leftovers
|-heal|p1a: Ursaluna|100/100 brn|[from] item: Leftovers
|-damage|p1a: Ursaluna|94/100 brn|[from] brn
|upkeep
|turn|7
|
|t:|1760848007
|move|p2a: Rotom|Hydro Pump|p1a: Ursaluna
|-supereffective|p1a: Ursaluna
|-crit|p1a: Ursaluna
|-damage|p1a: Ursaluna|10/100 brn
|move|p1a: Ursaluna|Body Slam|p2a: Rotom
|-damage|p2a: Rotom|17/100
|
|-heal|p2a: Rotom|23/100|[from] item: Leftovers
|-heal|p1a: Ursaluna|16/100 brn|[from] item: Leftovers
|-damage|p1a: Ursaluna|10/100 brn|[from] brn
|upkeep
|turn|8
|
|t:|1760848018
|move|p2a: Rotom|Protect|p2a: Rotom
|-singleturn|p2a: Rotom|Protect
|move|p1a: Ursaluna|Body Slam|p2a: Rotom
|-activate|p2a: Rotom|move: Protect
|
|-heal|p2a: Rotom|29/100|[from] item: Leftovers
|-heal|p1a: Ursaluna|16/100 brn|[from] item: Leftovers
|-damage|p1a: Ursaluna|10/100 brn|[from] brn
|upkeep
|turn|9
|
|t:|1760848032
|move|p2a: Rotom|Hydro Pump|p1a: Ursaluna
|-supereffective|p1a: Ursaluna
|-damage|p1a: Ursaluna|0 fnt
|faint|p1a: Ursaluna
|
|-heal|p2a: Rotom|35/100|[from] item: Leftovers
|upkeep
|
|t:|1760848043
|switch|p1a: Enamorus|Enamorus, F, shiny|100/100
|-damage|p1a: Enamorus|76/100|[from] Stealth Rock
|turn|10
|inactive|LetianDu has 120 seconds left.
|
|t:|1760848075
|move|p2a: Rotom|Protect|p2a: Rotom
|-singleturn|p2a: Rotom|Protect
|move|p1a: Enamorus|Moonblast|p2a: Rotom
|-activate|p2a: Rotom|move: Protect
|
|-heal|p2a: Rotom|42/100|[from] item: Leftovers
|upkeep
|turn|11
|
|t:|1760848083
|switch|p1a: Glimmora|Glimmora, M, shiny|100/100
|-damage|p1a: Glimmora|88/100|[from] Stealth Rock
|switch|p2a: Goodra|Goodra-Hisui, M|76/100
|
|upkeep
|turn|12
|
|t:|1760848090
|move|p1a: Glimmora|Stealth Rock|p2a: Goodra
|-sidestart|p2: LetianDu|move: Stealth Rock
|move|p2a: Goodra|Flash Cannon|p1a: Glimmora
|-supereffective|p1a: Glimmora
|-damage|p1a: Glimmora|16/100
|-enditem|p1a: Glimmora|Red Card|[of] p2a: Goodra
|drag|p2a: Staraptor|Staraptor, F|100/100
|-damage|p2a: Staraptor|76/100|[from] Stealth Rock
|
|upkeep
|turn|13
|
|t:|1760848099
|move|p2a: Staraptor|U-turn|p1a: Glimmora
|-resisted|p1a: Glimmora
|-damage|p1a: Glimmora|6/100
|-activate|p1a: Glimmora|ability: Toxic Debris
|-sidestart|p2: LetianDu|move: Toxic Spikes
|-message|LetianDu forfeited.
|
|win|auefw823
|raw|auefw823's rating: 1361 &rarr; <strong>1378</strong><br />(+17 for winning)
|raw|LetianDu's rating: 1303 &rarr; <strong>1286</strong><br />(-17 for losing)
|l|☆LetianDu
|player|p2|
|l|☆auefw823
|player|p1|
