|j|☆webofspider
|j|☆pichin
|t:|1760846322
|gametype|singles
|player|p1|webofspider|parasollady|1116
|player|p2|pichin|mira|1114
|gen|9
|tier|[Gen 9] OU
|rated|
|rule|HP Percentage Mod: HP is shown in percentages
|rule|Endless Battle Clause: Forcing endless battles is banned
|rule|Species Clause: Limit one of each Pokémon
|rule|OHKO Clause: OHKO moves are banned
|rule|Evasion Items Clause: Evasion items are banned
|rule|Evasion Moves Clause: Evasion moves are banned
|rule|Evasion Abilities Clause: Evasion abilities are banned
|rule|Sleep Moves Clause: Sleep-inducing moves are banned
|clearpoke
|poke|p1|Slowking-Galar, M|
|poke|p1|Zamazenta-*|
|poke|p1|Meowscarada, M|
|poke|p1|Hatterene, F|
|poke|p1|Heatran, M|
|poke|p1|Tornadus-Therian, M|
|poke|p2|Weezing-Galar, F|
|poke|p2|Snorlax, M|
|poke|p2|Lapras, M|
|poke|p2|Sudowoodo, L1, F|
|poke|p2|Gengar, F|
|poke|p2|Dodrio, M|
|teampreview
|inactive|Battle timer is ON: inactive players will automatically lose when time's up. (requested by webofspider)
|
|t:|1760846329
|teamsize|p1|6
|teamsize|p2|6
|start
|switch|p1a: Tornadus|Tornadus-Therian, M, shiny|100/100
|switch|p2a: Gengar|Gengar, F|100/100
|turn|1
|
|t:|1760846338
|switch|p2a: Snorlax|Snorlax, M, shiny|100/100
|move|p1a: Tornadus|Knock Off|p2a: Snorlax
|-damage|p2a: Snorlax|81/100
|-enditem|p2a: Snorlax|Leftovers|[from] move: Knock Off|[of] p1a: Tornadus
|
|upkeep
|turn|2
|
|t:|1760846346
|move|p1a: Tornadus|U-turn|p2a: Snorlax
|-damage|p2a: Snorlax|66/100
|
|t:|1760846352
|switch|p1a: Zamazenta|Zamazenta|100/100|[from] U-turn
|-ability|p1a: Zamazenta|Dauntless Shield|boost
|-boost|p1a: Zamazenta|def|1
|move|p2a: Snorlax|Body Slam|p1a: Zamazenta
|-damage|p1a: Zamazenta|81/100
|
|upkeep
|turn|3
|
|t:|1760846364
|switch|p2a: Antigliscor|Weezing-Galar, F|100/100
|move|p1a: Zamazenta|Close Combat|p2a: Antigliscor
|-resisted|p2a: Antigliscor
|-damage|p2a: Antigliscor|90/100
|-unboost|p1a: Zamazenta|def|1
|-unboost|p1a: Zamazenta|spd|1
|
|-heal|p2a: Antigliscor|96/100|[from] item: Black Sludge
|upkeep
|turn|4
|
|t:|1760846376
|switch|p1a: Heatran|Heatran, M|100/100
|move|p2a: Antigliscor|Strange Steam|p1a: Heatran
|-resisted|p1a: Heatran
|-damage|p1a: Heatran|96/100
|
|-heal|p1a: Heatran|100/100|[from] item: Leftovers
|-heal|p2a: Antigliscor|100/100|[from] item: Black Sludge
|upkeep
|turn|5
|
|t:|1760846386
|switch|p2a: Snorlax|Snorlax, M, shiny|66/100
|move|p1a: Heatran|Magma Storm|p2a: Snorlax
|-damage|p2a: Snorlax|56/100
|-activate|p2a: Snorlax|move: Magma Storm|[of] p1a: Heatran
|
|-damage|p2a: Snorlax|43/100|[from] move: Magma Storm|[partiallytrapped]
|upkeep
|turn|6
|
|t:|1760846396
|switch|p1a: Zamazenta|Zamazenta|81/100
|move|p2a: Snorlax|Rest|p2a: Snorlax
|-status|p2a: Snorlax|slp|[from] move: Rest
|-heal|p2a: Snorlax|100/100 slp|[silent]
|
|-end|p2a: Snorlax|Magma Storm|[partiallytrapped]|[silent]
|upkeep
|turn|7
|
|t:|1760846405
|switch|p2a: Antigliscor|Weezing-Galar, F|100/100
|move|p1a: Zamazenta|Crunch|p2a: Antigliscor
|-resisted|p2a: Antigliscor
|-damage|p2a: Antigliscor|91/100
|
|-heal|p2a: Antigliscor|97/100|[from] item: Black Sludge
|upkeep
|turn|8
|
|t:|1760846416
|switch|p1a: Heatran|Heatran, M|100/100
|move|p2a: Antigliscor|Toxic Spikes|p1a: Heatran
|-sidestart|p1: webofspider|move: Toxic Spikes
|
|-heal|p2a: Antigliscor|100/100|[from] item: Black Sludge
|upkeep
|turn|9
|
|t:|1760846424
|switch|p2a: Snorlax|Snorlax, M, shiny|100/100 slp
|move|p1a: Heatran|Magma Storm|p2a: Snorlax|[miss]
|-miss|p1a: Heatran|p2a: Snorlax
|
|upkeep
|turn|10
|
|t:|1760846442
|move|p1a: Heatran|Taunt|p2a: Snorlax
|-start|p2a: Snorlax|move: Taunt
|cant|p2a: Snorlax|slp
|cant|p2a: Snorlax|move: Taunt|Sleep Talk
|
|upkeep
|turn|11
|
|t:|1760846453
|move|p1a: Heatran|Magma Storm|p2a: Snorlax
|-damage|p2a: Snorlax|90/100 slp
|-activate|p2a: Snorlax|move: Magma Storm|[of] p1a: Heatran
|cant|p2a: Snorlax|slp
|
|-damage|p2a: Snorlax|78/100 slp|[from] move: Magma Storm|[partiallytrapped]
|upkeep
|turn|12
|
|t:|1760846461
|switch|p1a: Tornadus|Tornadus-Therian, M, shiny|100/100
|-curestatus|p2a: Snorlax|slp|[msg]
|move|p2a: Snorlax|Earthquake|p1a: Tornadus
|-immune|p1a: Tornadus
|
|-end|p2a: Snorlax|Magma Storm|[partiallytrapped]|[silent]
|-end|p2a: Snorlax|move: Taunt
|upkeep
|turn|13
|
|t:|1760846472
|move|p1a: Tornadus|U-turn|p2a: Snorlax
|-damage|p2a: Snorlax|64/100
|
|t:|1760846475
|switch|p1a: Slowking|Slowking-Galar, M|100/100|[from] U-turn
|-sideend|p1: webofspider|move: Toxic Spikes|[of] p1a: Slowking
|move|p2a: Snorlax|Body Slam|p1a: Slowking
|-damage|p1a: Slowking|70/100
|
|upkeep
|turn|14
|
|t:|1760846486
|move|p2a: Snorlax|Earthquake|p1a: Slowking
|-supereffective|p1a: Slowking
|-damage|p1a: Slowking|20/100
|move|p1a: Slowking|Toxic|p2a: Snorlax
|-status|p2a: Snorlax|tox
|
|-damage|p2a: Snorlax|58/100 tox|[from] psn
|upkeep
|turn|15
|
|t:|1760846496
|switch|p1a: Tornadus|Tornadus-Therian, M, shiny|100/100
|move|p2a: Snorlax|Body Slam|p1a: Tornadus
|-damage|p1a: Tornadus|63/100
|
|-damage|p2a: Snorlax|46/100 tox|[from] psn
|upkeep
|turn|16
|
|t:|1760846505
|move|p1a: Tornadus|U-turn|p2a: Snorlax
|-damage|p2a: Snorlax|31/100 tox
|
|t:|1760846510
|switch|p1a: Zamazenta|Zamazenta|81/100|[from] U-turn
|move|p2a: Snorlax|Rest|p2a: Snorlax
|-status|p2a: Snorlax|slp|[from] move: Rest
|-heal|p2a: Snorlax|100/100 slp|[silent]
|
|upkeep
|turn|17
|
|t:|1760846520
|switch|p2a: Antigliscor|Weezing-Galar, F|100/100
|move|p1a: Zamazenta|Heavy Slam|p2a: Antigliscor
|-supereffective|p2a: Antigliscor
|-damage|p2a: Antigliscor|44/100
|
|-heal|p2a: Antigliscor|50/100|[from] item: Black Sludge
|upkeep
|turn|18
|
|t:|1760846539
|move|p1a: Zamazenta|Heavy Slam|p2a: Antigliscor
|-supereffective|p2a: Antigliscor
|-damage|p2a: Antigliscor|0 fnt
|faint|p2a: Antigliscor
|
|upkeep
|
|t:|1760846545
|switch|p2a: Sudowoodo|Sudowoodo, L1, F|100/100
|turn|19
|
|t:|1760846553
|switch|p1a: Slowking|Slowking-Galar, M|53/100
|move|p2a: Sudowoodo|Endeavor|p1a: Slowking
|-damage|p1a: Slowking|4/100
|
|upkeep
|turn|20
|
|t:|1760846562
|switch|p2a: Snorlax|Snorlax, M, shiny|100/100 slp
|move|p1a: Slowking|Toxic||[still]
|-fail|p1a: Slowking
|
|upkeep
|turn|21
|
|t:|1760846571
|cant|p2a: Snorlax|slp
|move|p2a: Snorlax|Sleep Talk|p2a: Snorlax
|move|p2a: Snorlax|Body Slam|p1a: Slowking|[from] move: Sleep Talk
|-damage|p1a: Slowking|0 fnt
|faint|p1a: Slowking
|
|upkeep
|
|t:|1760846577
|switch|p1a: Meowscarada|Meowscarada, M|100/100
|turn|22
|
|t:|1760846604
|move|p1a: Meowscarada|Trick|p2a: Snorlax
|-start|p1a: Meowscarada|typechange|Psychic|[from] ability: Protean
|-activate|p1a: Meowscarada|move: Trick|[of] p2a: Snorlax
|-item|p2a: Snorlax|Choice Scarf|[from] move: Trick
|-enditem|p1a: Meowscarada|Choice Scarf|[silent]|[from] move: Trick
|cant|p2a: Snorlax|slp
|move|p2a: Snorlax|Sleep Talk|p2a: Snorlax
|move|p2a: Snorlax|Earthquake|p1a: Meowscarada|[from] move: Sleep Talk
|-damage|p1a: Meowscarada|60/100
|
|upkeep
|turn|23
|inactive|pichin has 120 seconds left.
|
|t:|1760846628
|switch|p1a: Tornadus|Tornadus-Therian, M, shiny|96/100
|switch|p2a: Lapras|Lapras, M|100/100
|
|upkeep
|turn|24
|inactive|pichin has 120 seconds left.
|
|t:|1760846641
|-terastallize|p2a: Lapras|Fire
|move|p1a: Tornadus|U-turn|p2a: Lapras
|-resisted|p2a: Lapras
|-damage|p2a: Lapras|93/100
|
|t:|1760846651
|switch|p1a: Zamazenta|Zamazenta|81/100|[from] U-turn
|move|p2a: Lapras|Dragon Dance|p2a: Lapras
|-boost|p2a: Lapras|atk|1
|-boost|p2a: Lapras|spe|1
|
|upkeep
|turn|25
|inactive|pichin has 120 seconds left.
|
|t:|1760846665
|move|p1a: Zamazenta|Close Combat|p2a: Lapras
|-damage|p2a: Lapras|37/100
|-unboost|p1a: Zamazenta|def|1
|-unboost|p1a: Zamazenta|spd|1
|move|p2a: Lapras|Dragon Dance|p2a: Lapras
|-boost|p2a: Lapras|atk|1
|-boost|p2a: Lapras|spe|1
|
|upkeep
|turn|26
|inactive|pichin has 120 seconds left.
|
|t:|1760846681
|move|p2a: Lapras|Waterfall|p1a: Zamazenta
|-damage|p1a: Zamazenta|0 fnt
|faint|p1a: Zamazenta
|
|upkeep
|
|t:|1760846686
|switch|p1a: Hatterene|Hatterene, F|100/100
|turn|27
|
|t:|1760846691
|move|p2a: Lapras|Waterfall|p1a: Hatterene
|-damage|p1a: Hatterene|41/100
|-damage|p2a: Lapras|21/100|[from] item: Rocky Helmet|[of] p1a: Hatterene
|move|p1a: Hatterene|Psychic Noise|p2a: Lapras
|-damage|p2a: Lapras|0 fnt
|faint|p2a: Lapras
|
|upkeep
|inactive|pichin has 120 seconds left.
|
|t:|1760846713
|switch|p2a: Dodrio|Dodrio, M|100/100
|turn|28
|
|t:|1760846727
|move|p2a: Dodrio|Drill Run|p1a: Hatterene
|-crit|p1a: Hatterene
|-damage|p1a: Hatterene|4/100
|-damage|p2a: Dodrio|84/100|[from] item: Rocky Helmet|[of] p1a: Hatterene
|move|p1a: Hatterene|Nuzzle|p2a: Dodrio
|-supereffective|p2a: Dodrio
|-damage|p2a: Dodrio|70/100
|-status|p2a: Dodrio|par
|
|upkeep
|turn|29
|
|t:|1760846740
|switch|p1a: Tornadus|Tornadus-Therian, M, shiny|100/100
|move|p2a: Dodrio|Agility|p2a: Dodrio
|-boost|p2a: Dodrio|spe|2
|
|upkeep
|turn|30
|
|t:|1760846769
|move|p1a: Tornadus|Bleakwind Storm|p2a: Dodrio
|-damage|p2a: Dodrio|0 fnt
|faint|p2a: Dodrio
|
|upkeep
|
|t:|1760846777
|switch|p2a: Snorlax|Snorlax, M, shiny|100/100 slp
|turn|31
|
|t:|1760846797
|move|p1a: Tornadus|Bleakwind Storm|p2a: Snorlax
|-damage|p2a: Snorlax|78/100 slp
|-curestatus|p2a: Snorlax|slp|[msg]
|move|p2a: Snorlax|Body Slam|p1a: Tornadus
|-damage|p1a: Tornadus|58/100
|
|upkeep
|turn|32
|inactive|pichin has 90 seconds left.
|
|t:|1760846833
|switch|p1a: Heatran|Heatran, M|100/100
|move|p2a: Snorlax|Body Slam|p1a: Heatran
|-resisted|p1a: Heatran
|-damage|p1a: Heatran|87/100
|
|-heal|p1a: Heatran|93/100|[from] item: Leftovers
|upkeep
|turn|33
|
|t:|1760846843
|move|p1a: Heatran|Magma Storm|p2a: Snorlax
|-damage|p2a: Snorlax|67/100
|-activate|p2a: Snorlax|move: Magma Storm|[of] p1a: Heatran
|move|p2a: Snorlax|Body Slam|p1a: Heatran
|-resisted|p1a: Heatran
|-damage|p1a: Heatran|79/100
|
|-heal|p1a: Heatran|85/100|[from] item: Leftovers
|-damage|p2a: Snorlax|54/100|[from] move: Magma Storm|[partiallytrapped]
|upkeep
|turn|34
|
|t:|1760846861
|move|p1a: Heatran|Will-O-Wisp|p2a: Snorlax
|-status|p2a: Snorlax|brn
|move|p2a: Snorlax|Body Slam|p1a: Heatran
|-resisted|p1a: Heatran
|-damage|p1a: Heatran|79/100
|
|-heal|p1a: Heatran|85/100|[from] item: Leftovers
|-damage|p2a: Snorlax|48/100 brn|[from] brn
|-damage|p2a: Snorlax|36/100 brn|[from] move: Magma Storm|[partiallytrapped]
|upkeep
|turn|35
|
|t:|1760846873
|move|p1a: Heatran|Earth Power|p2a: Snorlax
|-damage|p2a: Snorlax|24/100 brn
|move|p2a: Snorlax|Body Slam|p1a: Heatran
|-resisted|p1a: Heatran
|-damage|p1a: Heatran|79/100
|
|-heal|p1a: Heatran|85/100|[from] item: Leftovers
|-damage|p2a: Snorlax|18/100 brn|[from] brn
|-damage|p2a: Snorlax|6/100 brn|[from] move: Magma Storm|[partiallytrapped]
|upkeep
|turn|36
|
|t:|1760846892
|move|p1a: Heatran|Earth Power|p2a: Snorlax
|-damage|p2a: Snorlax|0 fnt
|faint|p2a: Snorlax
|
|-heal|p1a: Heatran|92/100|[from] item: Leftovers
|upkeep
|
|t:|1760846900
|switch|p2a: Sudowoodo|Sudowoodo, L1, F|100/100
|turn|37
|
|t:|1760846907
|switch|p1a: Hatterene|Hatterene, F|4/100
|switch|p2a: Gengar|Gengar, F|100/100
|
|upkeep
|turn|38
|
|t:|1760846920
|move|p2a: Gengar|Shadow Ball|p1a: Hatterene
|-supereffective|p1a: Hatterene
|-damage|p1a: Hatterene|0 fnt
|faint|p1a: Hatterene
|
|upkeep
|
|t:|1760846925
|switch|p1a: Tornadus|Tornadus-Therian, M, shiny|92/100
|turn|39
|
|t:|1760846947
|move|p2a: Gengar|Shadow Ball|p1a: Tornadus
|-damage|p1a: Tornadus|57/100
|move|p1a: Tornadus|Knock Off|p2a: Gengar
|-supereffective|p2a: Gengar
|-damage|p2a: Gengar|19/100
|-start|p1a: Tornadus|Disable|Knock Off|[from] ability: Cursed Body|[of] p2a: Gengar
|-enditem|p2a: Gengar|Choice Scarf|[from] move: Knock Off|[of] p1a: Tornadus
|
|upkeep
|turn|40
|
|t:|1760846958
|move|p1a: Tornadus|Heat Wave|p2a: Gengar
|-damage|p2a: Gengar|0 fnt
|faint|p2a: Gengar
|
|upkeep
|
|t:|1760846963
|switch|p2a: Sudowoodo|Sudowoodo, L1, F|100/100
|turn|41
|
|t:|1760846966
|move|p1a: Tornadus|U-turn|p2a: Sudowoodo
|-ability|p2a: Sudowoodo|Sturdy
|-damage|p2a: Sudowoodo|9/100
|
|t:|1760846969
|switch|p1a: Meowscarada|Meowscarada, M|60/100|[from] U-turn
|move|p2a: Sudowoodo|Endeavor|p1a: Meowscarada
|-damage|p1a: Meowscarada|1/100
|-heal|p2a: Sudowoodo|100/100|[from] item: Shell Bell|[of] p1a: Meowscarada
|
|upkeep
|turn|42
|inactive|pichin has 90 seconds left.
|
|t:|1760846981
|move|p2a: Sudowoodo|Sucker Punch|p1a: Meowscarada
|-resisted|p1a: Meowscarada
|-damage|p1a: Meowscarada|0 fnt
|faint|p1a: Meowscarada
|
|upkeep
|
|t:|1760846985
|switch|p1a: Heatran|Heatran, M|92/100
|turn|43
|
|t:|1760846992
|move|p1a: Heatran|Magma Storm|p2a: Sudowoodo|[miss]
|-miss|p1a: Heatran|p2a: Sudowoodo
|move|p2a: Sudowoodo|Endeavor|p1a: Heatran
|-damage|p1a: Heatran|4/100
|
|-heal|p1a: Heatran|10/100|[from] item: Leftovers
|upkeep
|turn|44
|
|t:|1760847004
|move|p1a: Heatran|Will-O-Wisp|p2a: Sudowoodo
|-status|p2a: Sudowoodo|brn
|move|p2a: Sudowoodo|Sandstorm|p2a: Sudowoodo
|-weather|Sandstorm
|
|-weather|Sandstorm|[upkeep]
|-heal|p1a: Heatran|16/100|[from] item: Leftovers
|-damage|p2a: Sudowoodo|92/100 brn|[from] brn
|upkeep
|turn|45
|
|t:|1760847026
|move|p1a: Heatran|Magma Storm|p2a: Sudowoodo
|-resisted|p2a: Sudowoodo
|-damage|p2a: Sudowoodo|0 fnt
|faint|p2a: Sudowoodo
|
|win|webofspider
|raw|webofspider's rating: 1116 &rarr; <strong>1141</strong><br />(+25 for winning)
|raw|pichin's rating: 1114 &rarr; <strong>1089</strong><br />(-25 for losing)
|l|☆webofspider
|player|p1|
