|j|☆frankjob
|j|☆viutil
|t:|1760872821
|gametype|singles
|player|p1|frankjob|cheren|1589
|player|p2|viutil|170|1574
|gen|9
|tier|[Gen 9] OU
|rated|
|rule|HP Percentage Mod: HP is shown in percentages
|rule|Endless Battle Clause: Forcing endless battles is banned
|rule|Species Clause: Limit one of each Pokémon
|rule|OHKO Clause: OHKO moves are banned
|rule|Evasion Items Clause: Evasion items are banned
|rule|Evasion Moves Clause: Evasion moves are banned
|rule|Evasion Abilities Clause: Evasion abilities are banned
|rule|Sleep Moves Clause: Sleep-inducing moves are banned
|clearpoke
|poke|p1|Ursaluna, F|
|poke|p1|Carbink|
|poke|p1|Cresselia, F|
|poke|p1|Kingambit, F|
|poke|p1|Hatterene, F|
|poke|p1|Raging Bolt|
|poke|p2|Gholdengo|
|poke|p2|Iron Crown|
|poke|p2|Kyurem|
|poke|p2|Cinderace, F|
|poke|p2|Rillaboom, F|
|poke|p2|Great Tusk|
|teampreview
|inactive|Battle timer is ON: inactive players will automatically lose when time's up. (requested by frankjob)
|inactive|viutil has 120 seconds left.
|
|t:|1760872852
|teamsize|p1|6
|teamsize|p2|6
|start
|switch|p1a: Carbink|Carbink|100/100
|switch|p2a: Gholdengo|Gholdengo|100/100
|turn|1
|
|t:|1760872858
|move|p2a: Gholdengo|Make It Rain|p1a: Carbink
|-supereffective|p1a: Carbink
|-ability|p1a: Carbink|Sturdy
|-damage|p1a: Carbink|1/100
|-unboost|p2a: Gholdengo|spa|1
|move|p1a: Carbink|Trick Room|p1a: Carbink
|-fieldstart|move: Trick Room|[of] p1a: Carbink
|
|upkeep
|turn|2
|
|t:|1760872866
|move|p1a: Carbink|Stealth Rock|p2a: Gholdengo
|-sidestart|p2: viutil|move: Stealth Rock
|move|p2a: Gholdengo|Make It Rain|p1a: Carbink
|-supereffective|p1a: Carbink
|-damage|p1a: Carbink|0 fnt
|-unboost|p2a: Gholdengo|spa|1
|faint|p1a: Carbink
|
|upkeep
|
|t:|1760872880
|switch|p1a: Ursaluna|Ursaluna, F|100/100
|turn|3
|
|t:|1760872883
|switch|p2a: Rillaboom|Rillaboom, F|100/100
|-damage|p2a: Rillaboom|88/100|[from] Stealth Rock
|-fieldstart|move: Grassy Terrain|[from] ability: Grassy Surge|[of] p2a: Rillaboom
|move|p1a: Ursaluna|Headlong Rush|p2a: Rillaboom
|-resisted|p2a: Rillaboom
|-damage|p2a: Rillaboom|51/100
|-unboost|p1a: Ursaluna|def|1
|-unboost|p1a: Ursaluna|spd|1
|
|-heal|p2a: Rillaboom|57/100|[from] Grassy Terrain
|-status|p1a: Ursaluna|brn|[from] item: Flame Orb
|upkeep
|turn|4
|
|t:|1760872899
|-terastallize|p1a: Ursaluna|Normal
|move|p2a: Rillaboom|Grassy Glide|p1a: Ursaluna
|-damage|p1a: Ursaluna|41/100 brn
|move|p1a: Ursaluna|Facade|p2a: Rillaboom
|-damage|p2a: Rillaboom|0 fnt
|faint|p2a: Rillaboom
|
|-heal|p1a: Ursaluna|47/100 brn|[from] Grassy Terrain
|-damage|p1a: Ursaluna|41/100 brn|[from] brn
|upkeep
|
|t:|1760872913
|switch|p2a: Gholdengo|Gholdengo|100/100
|-damage|p2a: Gholdengo|94/100|[from] Stealth Rock
|turn|5
|
|t:|1760872918
|move|p1a: Ursaluna|Headlong Rush|p2a: Gholdengo
|-supereffective|p2a: Gholdengo
|-damage|p2a: Gholdengo|0 fnt
|-unboost|p1a: Ursaluna|def|1
|-unboost|p1a: Ursaluna|spd|1
|faint|p2a: Gholdengo
|
|-heal|p1a: Ursaluna|47/100 brn|[from] Grassy Terrain
|-damage|p1a: Ursaluna|41/100 brn|[from] brn
|-fieldend|move: Trick Room
|upkeep
|
|t:|1760872930
|switch|p2a: Great Tusk|Great Tusk|100/100
|-damage|p2a: Great Tusk|98/100|[from] Stealth Rock
|turn|6
|
|t:|1760872936
|switch|p1a: Cresselia|Cresselia, F|100/100
|move|p2a: Great Tusk|Rapid Spin|p1a: Cresselia
|-damage|p1a: Cresselia|91/100
|-boost|p2a: Great Tusk|spe|1
|-sideend|p2: viutil|Stealth Rock|[from] move: Rapid Spin|[of] p2a: Great Tusk
|
|-heal|p2a: Great Tusk|100/100|[from] Grassy Terrain
|upkeep
|turn|7
|
|t:|1760872944
|move|p2a: Great Tusk|Knock Off|p1a: Cresselia
|-supereffective|p1a: Cresselia
|-damage|p1a: Cresselia|57/100
|-enditem|p1a: Cresselia|Mental Herb|[from] move: Knock Off|[of] p2a: Great Tusk
|move|p1a: Cresselia|Trick Room|p1a: Cresselia
|-fieldstart|move: Trick Room|[of] p1a: Cresselia
|
|-fieldend|move: Grassy Terrain
|upkeep
|turn|8
|
|t:|1760872974
|-end|p2a: Great Tusk|Protosynthesis|[silent]
|switch|p2a: Cinderace|Cinderace, F|100/100
|move|p1a: Cresselia|Ice Beam|p2a: Cinderace
|-resisted|p2a: Cinderace
|-damage|p2a: Cinderace|89/100
|
|upkeep
|turn|9
|
|t:|1760872988
|switch|p1a: Raging Bolt|Raging Bolt|100/100
|-enditem|p1a: Raging Bolt|Booster Energy
|-activate|p1a: Raging Bolt|ability: Protosynthesis|[fromitem]
|-start|p1a: Raging Bolt|protosynthesisspa
|move|p2a: Cinderace|Pyro Ball|p1a: Raging Bolt
|-resisted|p1a: Raging Bolt
|-damage|p1a: Raging Bolt|75/100
|
|upkeep
|turn|10
|
|t:|1760873000
|move|p1a: Raging Bolt|Dragon Pulse|p2a: Cinderace
|-damage|p2a: Cinderace|0 fnt
|faint|p2a: Cinderace
|
|upkeep
|
|t:|1760873005
|switch|p2a: Iron Crown|Iron Crown|100/100
|turn|11
|
|t:|1760873014
|-end|p2a: Iron Crown|Quark Drive|[silent]
|switch|p2a: Great Tusk|Great Tusk|100/100
|move|p1a: Raging Bolt|Volt Switch|p2a: Great Tusk
|-immune|p2a: Great Tusk
|
|-fieldend|move: Trick Room
|upkeep
|turn|12
|
|t:|1760873020
|-end|p2a: Great Tusk|Protosynthesis|[silent]
|switch|p2a: Kyurem|Kyurem|100/100
|-ability|p2a: Kyurem|Pressure
|-end|p1a: Raging Bolt|Protosynthesis|[silent]
|switch|p1a: Cresselia|Cresselia, F|57/100
|
|upkeep
|turn|13
|
|t:|1760873032
|move|p2a: Kyurem|Icicle Spear|p1a: Cresselia
|-damage|p1a: Cresselia|50/100
|-damage|p1a: Cresselia|42/100
|-damage|p1a: Cresselia|34/100
|-damage|p1a: Cresselia|26/100
|-damage|p1a: Cresselia|18/100
|-hitcount|p1a: Cresselia|5
|move|p1a: Cresselia|Trick Room|p1a: Cresselia
|-fieldstart|move: Trick Room|[of] p1a: Cresselia
|
|upkeep
|turn|14
|
|t:|1760873049
|switch|p2a: Iron Crown|Iron Crown|100/100
|move|p1a: Cresselia|Lunar Dance|p1a: Cresselia
|faint|p1a: Cresselia
|
|upkeep
|
|t:|1760873055
|switch|p1a: Ursaluna|Ursaluna, F, tera:Normal|41/100 brn
|-heal|p1a: Ursaluna|100/100|[from] move: Lunar Dance
|turn|15
|
|t:|1760873061
|-terastallize|p2a: Iron Crown|Fighting
|move|p1a: Ursaluna|Headlong Rush|p2a: Iron Crown
|-damage|p2a: Iron Crown|21/100
|-unboost|p1a: Ursaluna|def|1
|-unboost|p1a: Ursaluna|spd|1
|move|p2a: Iron Crown|Tera Blast|p1a: Ursaluna|[anim] Tera Blast Fighting
|-supereffective|p1a: Ursaluna
|-damage|p1a: Ursaluna|0 fnt
|faint|p1a: Ursaluna
|
|upkeep
|
|t:|1760873073
|switch|p1a: Raging Bolt|Raging Bolt|75/100
|turn|16
|
|t:|1760873081
|move|p1a: Raging Bolt|Dragon Pulse|p2a: Iron Crown
|-damage|p2a: Iron Crown|0 fnt
|faint|p2a: Iron Crown
|-end|p2a: Iron Crown|Quark Drive|[silent]
|
|upkeep
|
|t:|1760873091
|switch|p2a: Kyurem|Kyurem|100/100
|-ability|p2a: Kyurem|Pressure
|turn|17
|
|t:|1760873102
|switch|p2a: Great Tusk|Great Tusk|100/100
|move|p1a: Raging Bolt|Dragon Pulse|p2a: Great Tusk
|-crit|p2a: Great Tusk
|-damage|p2a: Great Tusk|0 fnt
|faint|p2a: Great Tusk
|-end|p2a: Great Tusk|Protosynthesis|[silent]
|
|-fieldend|move: Trick Room
|upkeep
|
|t:|1760873105
|switch|p2a: Kyurem|Kyurem|100/100
|-ability|p2a: Kyurem|Pressure
|turn|18
|
|t:|1760873114
|move|p2a: Kyurem|Icicle Spear|p1a: Raging Bolt
|-supereffective|p1a: Raging Bolt
|-damage|p1a: Raging Bolt|51/100
|-supereffective|p1a: Raging Bolt
|-damage|p1a: Raging Bolt|25/100
|-supereffective|p1a: Raging Bolt
|-damage|p1a: Raging Bolt|2/100
|-supereffective|p1a: Raging Bolt
|-crit|p1a: Raging Bolt
|-damage|p1a: Raging Bolt|0 fnt
|faint|p1a: Raging Bolt
|-end|p1a: Raging Bolt|Protosynthesis|[silent]
|-hitcount|p1: Raging Bolt|4
|
|upkeep
|
|t:|1760873123
|switch|p1a: Hatterene|Hatterene, F|100/100
|turn|19
|
|t:|1760873126
|move|p2a: Kyurem|Dragon Dance|p2a: Kyurem
|-boost|p2a: Kyurem|atk|1
|-boost|p2a: Kyurem|spe|1
|move|p1a: Hatterene|Trick Room|p1a: Hatterene
|-fieldstart|move: Trick Room|[of] p1a: Hatterene
|
|upkeep
|turn|20
|
|t:|1760873131
|move|p1a: Hatterene|Dazzling Gleam|p2a: Kyurem
|-supereffective|p2a: Kyurem
|-damage|p2a: Kyurem|8/100
|move|p2a: Kyurem|Icicle Spear|p1a: Hatterene
|-damage|p1a: Hatterene|77/100
|-damage|p1a: Hatterene|52/100
|-damage|p1a: Hatterene|26/100
|-damage|p1a: Hatterene|2/100
|-hitcount|p1a: Hatterene|4
|
|upkeep
|turn|21
|-message|viutil forfeited.
|
|win|frankjob
|raw|frankjob's rating: 1589 &rarr; <strong>1608</strong><br />(+19 for winning)
|raw|viutil's rating: 1574 &rarr; <strong>1555</strong><br />(-19 for losing)
|l|☆viutil
|player|p2|
|l|☆frankjob
|player|p1|
