|j|☆Dansiger
|j|☆baggag
|t:|1760848921
|gametype|singles
|player|p1|Dansiger|palmer|1098
|player|p2|baggag|veteran|1118
|gen|9
|tier|[Gen 9] OU
|rated|
|rule|HP Percentage Mod: HP is shown in percentages
|rule|Endless Battle Clause: Forcing endless battles is banned
|rule|Species Clause: Limit one of each Pokémon
|rule|OHKO Clause: OHKO moves are banned
|rule|Evasion Items Clause: Evasion items are banned
|rule|Evasion Moves Clause: Evasion moves are banned
|rule|Evasion Abilities Clause: Evasion abilities are banned
|rule|Sleep Moves Clause: Sleep-inducing moves are banned
|clearpoke
|poke|p1|Arcanine, M|
|poke|p1|Blastoise, F|
|poke|p1|Raichu, M|
|poke|p1|Vileplume, F|
|poke|p1|Heracross, M|
|poke|p1|Umbreon, M|
|poke|p2|Landorus-Therian, M|
|poke|p2|Blaziken, F|
|poke|p2|Kingambit, M|
|poke|p2|Great Tusk|
|poke|p2|Dragonite, M|
|poke|p2|Torkoal, F|
|teampreview
|
|t:|1760848964
|teamsize|p1|6
|teamsize|p2|6
|start
|switch|p1a: Heracross|Heracross, M|100/100
|switch|p2a: Dragonite|Dragonite, M|100/100
|turn|1
|
|t:|1760848999
|move|p1a: Heracross|Swords Dance|p1a: Heracross
|-boost|p1a: Heracross|atk|2
|move|p2a: Dragonite|Fly||[still]
|-prepare|p2a: Dragonite|Fly
|
|-status|p1a: Heracross|brn|[from] item: Flame Orb
|upkeep
|turn|2
|
|t:|1760849033
|move|p1a: Heracross|Facade|p2a: Dragonite|[miss]
|-miss|p1a: Heracross|p2a: Dragonite
|move|p2a: Dragonite|Fly|p1a: Heracross|[from] lockedmove
|-supereffective|p1a: Heracross
|-damage|p1a: Heracross|0 fnt
|faint|p1a: Heracross
|-damage|p2a: Dragonite|91/100|[from] item: Life Orb
|
|upkeep
|
|t:|1760849042
|switch|p1a: Blastoise|Blastoise, F|100/100
|turn|3
|
|t:|1760849067
|move|p2a: Dragonite|Fly||[still]
|-prepare|p2a: Dragonite|Fly
|move|p1a: Blastoise|Shell Smash|p1a: Blastoise
|-unboost|p1a: Blastoise|def|1
|-unboost|p1a: Blastoise|spd|1
|-boost|p1a: Blastoise|atk|2
|-boost|p1a: Blastoise|spa|2
|-boost|p1a: Blastoise|spe|2
|-enditem|p1a: Blastoise|White Herb
|-clearnegativeboost|p1a: Blastoise|[silent]
|
|upkeep
|turn|4
|
|t:|1760849091
|move|p1a: Blastoise|Shell Smash|p1a: Blastoise
|-unboost|p1a: Blastoise|def|1
|-unboost|p1a: Blastoise|spd|1
|-boost|p1a: Blastoise|atk|2
|-boost|p1a: Blastoise|spa|2
|-boost|p1a: Blastoise|spe|2
|move|p2a: Dragonite|Fly|p1a: Blastoise|[from] lockedmove
|-damage|p1a: Blastoise|2/100
|-damage|p2a: Dragonite|81/100|[from] item: Life Orb
|
|upkeep
|turn|5
|
|t:|1760849102
|move|p2a: Dragonite|Extreme Speed|p1a: Blastoise
|-damage|p1a: Blastoise|0 fnt
|faint|p1a: Blastoise
|-damage|p2a: Dragonite|71/100|[from] item: Life Orb
|
|upkeep
|
|t:|1760849112
|switch|p1a: Vileplume|Vileplume, F|100/100
|turn|6
|
|t:|1760849118
|move|p2a: Dragonite|Fly||[still]
|-prepare|p2a: Dragonite|Fly
|move|p1a: Vileplume|Moonblast|p2a: Dragonite|[miss]
|-miss|p1a: Vileplume|p2a: Dragonite
|
|upkeep
|turn|7
|
|t:|1760849124
|switch|p1a: Arcanine|Arcanine, M|100/100
|-ability|p1a: Arcanine|Intimidate|boost
|-unboost|p2a: Dragonite|atk|1
|move|p2a: Dragonite|Fly|p1a: Arcanine|[from] lockedmove
|-damage|p1a: Arcanine|42/100
|-damage|p2a: Dragonite|61/100|[from] item: Life Orb
|
|upkeep
|turn|8
|
|t:|1760849136
|move|p2a: Dragonite|Extreme Speed|p1a: Arcanine
|-damage|p1a: Arcanine|8/100
|-damage|p2a: Dragonite|51/100|[from] item: Life Orb
|move|p1a: Arcanine|Flare Blitz|p2a: Dragonite
|-resisted|p2a: Dragonite
|-damage|p2a: Dragonite|18/100
|-damage|p1a: Arcanine|0 fnt|[from] Recoil
|faint|p1a: Arcanine
|
|upkeep
|
|t:|1760849147
|switch|p1a: Raichu|Raichu, M|100/100
|turn|9
|
|t:|1760849159
|move|p2a: Dragonite|Extreme Speed|p1a: Raichu
|-damage|p1a: Raichu|40/100
|-damage|p2a: Dragonite|8/100|[from] item: Life Orb
|move|p1a: Raichu|Thunderbolt|p2a: Dragonite
|-damage|p2a: Dragonite|0 fnt
|faint|p2a: Dragonite
|
|upkeep
|
|t:|1760849172
|switch|p2a: Great Tusk|Great Tusk|100/100
|turn|10
|
|t:|1760849198
|move|p1a: Raichu|Surf|p2a: Great Tusk
|-supereffective|p2a: Great Tusk
|-damage|p2a: Great Tusk|42/100
|move|p2a: Great Tusk|Ice Spinner|p1a: Raichu
|-damage|p1a: Raichu|0 fnt
|-status|p2a: Great Tusk|par|[from] ability: Static|[of] p1a: Raichu
|faint|p1a: Raichu
|
|upkeep
|
|t:|1760849208
|switch|p1a: Vileplume|Vileplume, F|100/100
|turn|11
|
|t:|1760849213
|-end|p2a: Great Tusk|Protosynthesis|[silent]
|switch|p2a: Blaziken|Blaziken, F|100/100
|move|p1a: Vileplume|Giga Drain|p2a: Blaziken
|-resisted|p2a: Blaziken
|-damage|p2a: Blaziken|71/100
|
|upkeep
|turn|12
|
|t:|1760849224
|move|p2a: Blaziken|Swords Dance|p2a: Blaziken
|-boost|p2a: Blaziken|atk|2
|move|p1a: Vileplume|Moonblast|p2a: Blaziken
|-damage|p2a: Blaziken|21/100
|
|-ability|p2a: Blaziken|Speed Boost|boost
|-boost|p2a: Blaziken|spe|1
|upkeep
|turn|13
|
|t:|1760849240
|switch|p1a: Umbreon|Umbreon, M|100/100
|move|p2a: Blaziken|Flare Blitz|p1a: Umbreon
|-damage|p1a: Umbreon|0 fnt
|faint|p1a: Umbreon
|-damage|p2a: Blaziken|0 fnt|[from] Recoil
|faint|p2a: Blaziken
|
|upkeep
|
|t:|1760849253
|switch|p2a: Torkoal|Torkoal, F|100/100
|switch|p1a: Vileplume|Vileplume, F|100/100
|-weather|SunnyDay|[from] ability: Drought|[of] p2a: Torkoal
|turn|14
|
|t:|1760849263
|move|p1a: Vileplume|Sludge Bomb|p2a: Torkoal
|-damage|p2a: Torkoal|40/100
|move|p2a: Torkoal|Lava Plume|p1a: Vileplume
|-supereffective|p1a: Vileplume
|-damage|p1a: Vileplume|29/100
|
|-weather|SunnyDay|[upkeep]
|-heal|p1a: Vileplume|36/100|[from] item: Leftovers
|upkeep
|turn|15
|
|t:|1760849282
|move|p1a: Vileplume|Sludge Bomb|p2a: Torkoal
|-damage|p2a: Torkoal|0 fnt
|faint|p2a: Torkoal
|
|-weather|SunnyDay|[upkeep]
|-heal|p1a: Vileplume|42/100|[from] item: Leftovers
|upkeep
|
|t:|1760849290
|switch|p2a: Great Tusk|Great Tusk|42/100 par
|-activate|p2a: Great Tusk|ability: Protosynthesis
|-start|p2a: Great Tusk|protosynthesisspe
|turn|16
|
|t:|1760849299
|move|p2a: Great Tusk|Ice Spinner|p1a: Vileplume
|-supereffective|p1a: Vileplume
|-damage|p1a: Vileplume|0 fnt
|faint|p1a: Vileplume
|
|win|baggag
|raw|Dansiger's rating: 1098 &rarr; <strong>1075</strong><br />(-23 for losing)
|raw|baggag's rating: 1118 &rarr; <strong>1142</strong><br />(+24 for winning)
|l|☆Dansiger
|player|p1|
|l|☆baggag
|player|p2|
