|j|☆pxrishal
|j|☆deviousgem
|t:|1760767475
|gametype|singles
|player|p1|pxrishal|burglar|1082
|player|p2|deviousgem|266|1108
|gen|9
|tier|[Gen 9] OU
|rated|
|rule|HP Percentage Mod: HP is shown in percentages
|rule|Endless Battle Clause: Forcing endless battles is banned
|rule|Species Clause: Limit one of each Pokémon
|rule|OHKO Clause: OHKO moves are banned
|rule|Evasion Items Clause: Evasion items are banned
|rule|Evasion Moves Clause: Evasion moves are banned
|rule|Evasion Abilities Clause: Evasion abilities are banned
|rule|Sleep Moves Clause: Sleep-inducing moves are banned
|clearpoke
|poke|p1|Dragonite, F|
|poke|p1|Great Tusk|
|poke|p1|Darkrai|
|poke|p1|Gholdengo|
|poke|p1|Araquanid, F|
|poke|p1|Glimmora, M|
|poke|p2|Quagsire, F|
|poke|p2|Blissey, F|
|poke|p2|Toxapex, M|
|poke|p2|Sinistcha|
|poke|p2|Gliscor, F|
|poke|p2|Corviknight, F|
|teampreview
|
|t:|1760767485
|teamsize|p1|6
|teamsize|p2|6
|start
|switch|p1a: Dragonite|Dragonite, F|100/100
|switch|p2a: Gliscor|Gliscor, F|100/100
|turn|1
|
|t:|1760767507
|switch|p1a: Gholdengo|Gholdengo|100/100
|-item|p1a: Gholdengo|Air Balloon
|move|p2a: Gliscor|Spikes|p1a: Gholdengo
|-sidestart|p1: pxrishal|Spikes
|
|-status|p2a: Gliscor|tox|[from] item: Toxic Orb
|upkeep
|turn|2
|
|t:|1760767522
|move|p1a: Gholdengo|Nasty Plot|p1a: Gholdengo
|-boost|p1a: Gholdengo|spa|2
|move|p2a: Gliscor|Knock Off|p1a: Gholdengo
|-supereffective|p1a: Gholdengo
|-damage|p1a: Gholdengo|54/100
|-enditem|p1a: Gholdengo|Air Balloon
|
|upkeep
|turn|3
|
|t:|1760767529
|move|p2a: Gliscor|Protect|p2a: Gliscor
|-singleturn|p2a: Gliscor|Protect
|move|p1a: Gholdengo|Shadow Ball|p2a: Gliscor
|-activate|p2a: Gliscor|move: Protect
|
|upkeep
|turn|4
|
|t:|1760767545
|move|p1a: Gholdengo|Shadow Ball|p2a: Gliscor
|-damage|p2a: Gliscor|25/100 tox
|move|p2a: Gliscor|Knock Off|p1a: Gholdengo
|-supereffective|p1a: Gholdengo
|-damage|p1a: Gholdengo|24/100
|
|-heal|p2a: Gliscor|38/100 tox|[from] ability: Poison Heal
|upkeep
|turn|5
|
|t:|1760767552
|move|p2a: Gliscor|Protect|p2a: Gliscor
|-singleturn|p2a: Gliscor|Protect
|move|p1a: Gholdengo|Shadow Ball|p2a: Gliscor
|-activate|p2a: Gliscor|move: Protect
|
|-heal|p2a: Gliscor|50/100 tox|[from] ability: Poison Heal
|upkeep
|turn|6
|
|t:|1760767601
|switch|p2a: Blissey|Blissey, F|100/100
|move|p1a: Gholdengo|Shadow Ball|p2a: Blissey
|-immune|p2a: Blissey
|
|upkeep
|turn|7
|
|t:|1760767610
|move|p1a: Gholdengo|Make It Rain|p2a: Blissey
|-damage|p2a: Blissey|60/100
|-unboost|p1a: Gholdengo|spa|1
|move|p2a: Blissey|Shadow Ball|p1a: Gholdengo
|-supereffective|p1a: Gholdengo
|-damage|p1a: Gholdengo|0 fnt
|faint|p1a: Gholdengo
|
|upkeep
|
|t:|1760767641
|switch|p1a: Great Tusk|Great Tusk|100/100
|-damage|p1a: Great Tusk|88/100|[from] Spikes
|-enditem|p1a: Great Tusk|Booster Energy
|-activate|p1a: Great Tusk|ability: Protosynthesis|[fromitem]
|-start|p1a: Great Tusk|protosynthesisspe
|turn|8
|
|t:|1760767699
|switch|p2a: Corviknight|Corviknight, F|100/100
|-ability|p2a: Corviknight|Pressure
|move|p1a: Great Tusk|Bulk Up|p1a: Great Tusk
|-boost|p1a: Great Tusk|atk|1
|-boost|p1a: Great Tusk|def|1
|
|upkeep
|turn|9
|
|t:|1760767727
|move|p1a: Great Tusk|Head Smash|p2a: Corviknight
|-damage|p2a: Corviknight|65/100
|-damage|p1a: Great Tusk|72/100|[from] Recoil
|move|p2a: Corviknight|Iron Defense|p2a: Corviknight
|-boost|p2a: Corviknight|def|2
|
|upkeep
|turn|10
|
|t:|1760767734
|move|p1a: Great Tusk|Head Smash|p2a: Corviknight
|-damage|p2a: Corviknight|45/100
|-damage|p1a: Great Tusk|63/100|[from] Recoil
|move|p2a: Corviknight|Iron Defense|p2a: Corviknight
|-boost|p2a: Corviknight|def|2
|
|upkeep
|turn|11
|
|t:|1760767737
|move|p1a: Great Tusk|Head Smash|p2a: Corviknight
|-damage|p2a: Corviknight|32/100
|-damage|p1a: Great Tusk|56/100|[from] Recoil
|move|p2a: Corviknight|Roost|p2a: Corviknight
|-heal|p2a: Corviknight|82/100
|-singleturn|p2a: Corviknight|move: Roost
|
|upkeep
|turn|12
|
|t:|1760767755
|move|p1a: Great Tusk|Bulk Up|p1a: Great Tusk
|-boost|p1a: Great Tusk|atk|1
|-boost|p1a: Great Tusk|def|1
|move|p2a: Corviknight|Iron Defense|p2a: Corviknight
|-boost|p2a: Corviknight|def|2
|
|upkeep
|turn|13
|
|t:|1760767758
|move|p1a: Great Tusk|Bulk Up|p1a: Great Tusk
|-boost|p1a: Great Tusk|atk|1
|-boost|p1a: Great Tusk|def|1
|move|p2a: Corviknight|Body Press|p1a: Great Tusk
|-damage|p1a: Great Tusk|29/100
|
|upkeep
|turn|14
|
|t:|1760767769
|move|p1a: Great Tusk|Ice Spinner|p2a: Corviknight
|-damage|p2a: Corviknight|72/100
|move|p2a: Corviknight|Body Press|p1a: Great Tusk
|-damage|p1a: Great Tusk|2/100
|
|upkeep
|turn|15
|
|t:|1760767775
|move|p1a: Great Tusk|Head Smash|p2a: Corviknight
|-damage|p2a: Corviknight|57/100
|-damage|p1a: Great Tusk|0 fnt|[from] Recoil
|faint|p1a: Great Tusk
|-end|p1a: Great Tusk|Protosynthesis|[silent]
|move|p2a: Corviknight|Roost|p2a: Corviknight
|-heal|p2a: Corviknight|100/100
|-singleturn|p2a: Corviknight|move: Roost
|
|upkeep
|
|t:|1760767796
|switch|p1a: Darkrai|Darkrai|100/100
|-damage|p1a: Darkrai|88/100|[from] Spikes
|turn|16
|
|t:|1760767811
|move|p1a: Darkrai|Dark Pulse|p2a: Corviknight
|-damage|p2a: Corviknight|50/100
|move|p2a: Corviknight|Body Press|p1a: Darkrai
|-supereffective|p1a: Darkrai
|-damage|p1a: Darkrai|0 fnt
|faint|p1a: Darkrai
|
|upkeep
|
|t:|1760767850
|switch|p1a: Glimmora|Glimmora, M|100/100
|-damage|p1a: Glimmora|88/100|[from] Spikes
|turn|17
|
|t:|1760767865
|move|p1a: Glimmora|Meteor Beam||[still]
|-prepare|p1a: Glimmora|Meteor Beam
|-boost|p1a: Glimmora|spa|1
|-enditem|p1a: Glimmora|Power Herb
|-anim|p1a: Glimmora|Meteor Beam|p2a: Corviknight
|-damage|p2a: Corviknight|0 fnt
|faint|p2a: Corviknight
|
|upkeep
|
|t:|1760767877
|switch|p2a: Gliscor|Gliscor, F|50/100 tox
|turn|18
|
|t:|1760767916
|-terastallize|p1a: Glimmora|Fairy
|move|p1a: Glimmora|Dazzling Gleam|p2a: Gliscor
|-damage|p2a: Gliscor|0 fnt
|faint|p2a: Gliscor
|
|upkeep
|inactive|Battle timer is ON: inactive players will automatically lose when time's up. (requested by deviousgem)
|
|t:|1760767934
|switch|p2a: Blissey|Blissey, F|60/100
|turn|19
|inactive|pxrishal has 120 seconds left.
|inactive|pxrishal has 90 seconds left.
|
|t:|1760768000
|move|p1a: Glimmora|Dazzling Gleam|p2a: Blissey
|-damage|p2a: Blissey|40/100
|move|p2a: Blissey|Seismic Toss|p1a: Glimmora
|-damage|p1a: Glimmora|56/100
|-activate|p1a: Glimmora|ability: Toxic Debris
|-sidestart|p2: deviousgem|move: Toxic Spikes
|
|upkeep
|turn|20
|
|t:|1760768013
|move|p1a: Glimmora|Mortal Spin|p2a: Blissey
|-damage|p2a: Blissey|34/100
|-status|p2a: Blissey|psn
|-sideend|p1: pxrishal|Spikes|[from] move: Mortal Spin|[of] p1a: Glimmora
|move|p2a: Blissey|Seismic Toss|p1a: Glimmora
|-damage|p1a: Glimmora|23/100
|-activate|p1a: Glimmora|ability: Toxic Debris
|-sidestart|p2: deviousgem|move: Toxic Spikes
|
|-damage|p2a: Blissey|22/100 psn|[from] psn
|upkeep
|turn|21
|
|t:|1760768025
|move|p1a: Glimmora|Dazzling Gleam|p2a: Blissey
|-damage|p2a: Blissey|3/100 psn
|move|p2a: Blissey|Seismic Toss|p1a: Glimmora
|-damage|p1a: Glimmora|0 fnt
|faint|p1a: Glimmora
|
|-damage|p2a: Blissey|0 fnt|[from] psn
|faint|p2a: Blissey
|upkeep
|inactive|deviousgem has 120 seconds left.
|inactive|pxrishal has 90 seconds left.
|
|t:|1760768068
|switch|p1a: Dragonite|Dragonite, F|100/100
|switch|p2a: Toxapex|Toxapex, M|100/100
|-sideend|p2: deviousgem|move: Toxic Spikes|[of] p2a: Toxapex
|turn|22
|inactive|deviousgem has 120 seconds left.
|
|t:|1760768091
|move|p1a: Dragonite|Dragon Dance|p1a: Dragonite
|-boost|p1a: Dragonite|atk|1
|-boost|p1a: Dragonite|spe|1
|move|p2a: Toxapex|Toxic|p1a: Dragonite
|-status|p1a: Dragonite|tox
|
|-damage|p1a: Dragonite|94/100 tox|[from] psn
|upkeep
|turn|23
|
|t:|1760768114
|move|p1a: Dragonite|Earthquake|p2a: Toxapex
|-supereffective|p2a: Toxapex
|-damage|p2a: Toxapex|27/100
|move|p2a: Toxapex|Toxic Spikes|p1a: Dragonite
|-sidestart|p1: pxrishal|move: Toxic Spikes
|
|-damage|p1a: Dragonite|82/100 tox|[from] psn
|upkeep
|turn|24
|inactive|deviousgem has 120 seconds left.
|
|t:|1760768121
|move|p1a: Dragonite|Dragon Dance|p1a: Dragonite
|-boost|p1a: Dragonite|atk|1
|-boost|p1a: Dragonite|spe|1
|move|p2a: Toxapex|Recover|p2a: Toxapex
|-heal|p2a: Toxapex|77/100
|
|-damage|p1a: Dragonite|63/100 tox|[from] psn
|upkeep
|turn|25
|inactive|deviousgem has 120 seconds left.
|inactive|pxrishal has 60 seconds left.
|inactive|pxrishal has 30 seconds left.
|
|t:|1760768179
|move|p1a: Dragonite|Earthquake|p2a: Toxapex
|-supereffective|p2a: Toxapex
|-damage|p2a: Toxapex|0 fnt
|faint|p2a: Toxapex
|
|-damage|p1a: Dragonite|38/100 tox|[from] psn
|upkeep
|inactive|deviousgem has 120 seconds left.
|
|t:|1760768198
|switch|p2a: Sinistcha|Sinistcha|100/100
|turn|26
|
|t:|1760768211
|move|p1a: Dragonite|Earthquake|p2a: Sinistcha
|-resisted|p2a: Sinistcha
|-damage|p2a: Sinistcha|75/100
|move|p2a: Sinistcha|Shadow Ball|p1a: Dragonite
|-damage|p1a: Dragonite|15/100 tox
|
|-heal|p2a: Sinistcha|81/100|[from] item: Leftovers
|-damage|p1a: Dragonite|0 fnt|[from] psn
|faint|p1a: Dragonite
|upkeep
|
|t:|1760768214
|switch|p1a: Araquanid|Araquanid, F|100/100
|-status|p1a: Araquanid|psn
|turn|27
|inactive|deviousgem has 120 seconds left.
|
|t:|1760768228
|move|p2a: Sinistcha|Giga Drain|p1a: Araquanid
|-damage|p1a: Araquanid|77/100 psn
|-heal|p2a: Sinistcha|93/100|[from] drain|[of] p1a: Araquanid
|-enditem|p1a: Araquanid|Red Card|[of] p2a: Sinistcha
|drag|p2a: Quagsire|Quagsire, F|100/100
|move|p1a: Araquanid|Lunge|p2a: Quagsire
|-damage|p2a: Quagsire|85/100
|-unboost|p2a: Quagsire|atk|1
|
|-heal|p2a: Quagsire|91/100|[from] item: Leftovers
|-damage|p1a: Araquanid|64/100 psn|[from] psn
|upkeep
|turn|28
|inactive|pxrishal has 30 seconds left.
|inactive|pxrishal has 20 seconds left.
|inactive|pxrishal has 15 seconds left.
|inactive|pxrishal has 10 seconds left.
|c|☆deviousgem|time
|
|t:|1760768275
|move|p1a: Araquanid|Lunge|p2a: Quagsire
|-damage|p2a: Quagsire|76/100
|-unboost|p2a: Quagsire|atk|1
|move|p2a: Quagsire|Toxic||[still]
|-fail|p2a: Quagsire
|
|-heal|p2a: Quagsire|82/100|[from] item: Leftovers
|-damage|p1a: Araquanid|52/100 psn|[from] psn
|upkeep
|turn|29
|inactive|pxrishal has 20 seconds left this turn.
|
|t:|1760768286
|switch|p2a: Sinistcha|Sinistcha|93/100
|move|p1a: Araquanid|Lunge|p2a: Sinistcha
|-damage|p2a: Sinistcha|76/100
|-unboost|p2a: Sinistcha|atk|1
|
|-heal|p2a: Sinistcha|82/100|[from] item: Leftovers
|-damage|p1a: Araquanid|39/100 psn|[from] psn
|upkeep
|turn|30
|inactive|pxrishal has 30 seconds left this turn.
|
|t:|1760768292
|move|p2a: Sinistcha|Calm Mind|p2a: Sinistcha
|-boost|p2a: Sinistcha|spa|1
|-boost|p2a: Sinistcha|spd|1
|move|p1a: Araquanid|Lunge|p2a: Sinistcha
|-damage|p2a: Sinistcha|62/100
|-unboost|p2a: Sinistcha|atk|1
|
|-heal|p2a: Sinistcha|68/100|[from] item: Leftovers
|-damage|p1a: Araquanid|27/100 psn|[from] psn
|upkeep
|turn|31
|
|t:|1760768295
|move|p2a: Sinistcha|Calm Mind|p2a: Sinistcha
|-boost|p2a: Sinistcha|spa|1
|-boost|p2a: Sinistcha|spd|1
|move|p1a: Araquanid|Endeavor|p2a: Sinistcha
|-immune|p2a: Sinistcha
|
|-heal|p2a: Sinistcha|74/100|[from] item: Leftovers
|-damage|p1a: Araquanid|15/100 psn|[from] psn
|upkeep
|turn|32
|
|t:|1760768297
|move|p2a: Sinistcha|Calm Mind|p2a: Sinistcha
|-boost|p2a: Sinistcha|spa|1
|-boost|p2a: Sinistcha|spd|1
|move|p1a: Araquanid|Liquidation|p2a: Sinistcha
|-resisted|p2a: Sinistcha
|-damage|p2a: Sinistcha|53/100
|
|-heal|p2a: Sinistcha|59/100|[from] item: Leftovers
|-damage|p1a: Araquanid|2/100 psn|[from] psn
|upkeep
|turn|33
|c|☆deviousgem|gg
|c|☆pxrishal|gg
|
|t:|1760768303
|move|p2a: Sinistcha|Calm Mind|p2a: Sinistcha
|-boost|p2a: Sinistcha|spa|1
|-boost|p2a: Sinistcha|spd|1
|move|p1a: Araquanid|Lunge|p2a: Sinistcha
|-damage|p2a: Sinistcha|38/100
|-unboost|p2a: Sinistcha|atk|1
|
|-heal|p2a: Sinistcha|44/100|[from] item: Leftovers
|-damage|p1a: Araquanid|0 fnt|[from] psn
|faint|p1a: Araquanid
|
|win|deviousgem
|raw|pxrishal's rating: 1082 &rarr; <strong>1061</strong><br />(-21 for losing)
|raw|deviousgem's rating: 1108 &rarr; <strong>1131</strong><br />(+23 for winning)
|l|☆deviousgem
|player|p2|
|l|☆pxrishal
|player|p1|
