|j|☆FP.//06
|j|☆notcosmicplatinum
|t:|1760879597
|gametype|singles
|player|p1|FP.//06|swimmerf2-gen6|
|player|p2|notcosmicplatinum|giovanni|
|gen|9
|tier|[Gen 9] OU
|rule|HP Percentage Mod: HP is shown in percentages
|rule|Endless Battle Clause: Forcing endless battles is banned
|rule|Species Clause: Limit one of each Pokémon
|rule|OHKO Clause: OHKO moves are banned
|rule|Evasion Items Clause: Evasion items are banned
|rule|Evasion Moves Clause: Evasion moves are banned
|rule|Evasion Abilities Clause: Evasion abilities are banned
|rule|Sleep Moves Clause: Sleep-inducing moves are banned
|clearpoke
|poke|p1|Ting-Lu|
|poke|p1|Weezing-Galar, F|
|poke|p1|Alomomola, F|
|poke|p1|Tornadus-Therian, M|
|poke|p1|Gholdengo|
|poke|p1|Zamazenta-*|
|poke|p2|Kingambit, F|
|poke|p2|Cinderace, F|
|poke|p2|Landorus-Therian, M|
|poke|p2|Iron Valiant|
|poke|p2|Kyurem|
|poke|p2|Slowking-Galar, M|
|teampreview
|c|☆notcosmicplatinum|i aint played gen 9 ou in a millenia damn
|inactive|Battle timer is ON: inactive players will automatically lose when time's up. (requested by FP.//06)
|c|☆FP.//06|kyurem has such a good MU for you
|c|☆notcosmicplatinum|its not what u think it is
|c|☆notcosmicplatinum|sob
|inactive|notcosmicplatinum has 270 seconds left.
|c|☆FP.//06|any set is good against this team
|
|t:|1760879667
|teamsize|p1|6
|teamsize|p2|6
|start
|switch|p1a: Djengo Unrained|Gholdengo|100/100
|switch|p2a: Landorus|Landorus-Therian, M, shiny|100/100
|-ability|p2a: Landorus|Intimidate|boost
|-unboost|p1a: Djengo Unrained|atk|1
|turn|1
|c|☆FP.//06|as long as it has freeze dry
|
|t:|1760879685
|switch|p1a: HP Hoe|Alomomola, F, shiny|100/100
|move|p2a: Landorus|U-turn|p1a: HP Hoe
|-damage|p1a: HP Hoe|87/100
|-damage|p2a: Landorus|84/100|[from] item: Rocky Helmet|[of] p1a: HP Hoe
|
|t:|1760879696
|switch|p2a: Kyurem|Kyurem, shiny|100/100|[from] U-turn
|-ability|p2a: Kyurem|Pressure
|
|upkeep
|turn|2
|
|t:|1760879707
|move|p2a: Kyurem|Substitute|p2a: Kyurem
|-start|p2a: Kyurem|Substitute
|-damage|p2a: Kyurem|76/100
|move|p1a: HP Hoe|Flip Turn|p2a: Kyurem
|-resisted|p2a: Kyurem
|-activate|p2a: Kyurem|move: Substitute|[damage]
|
|t:|1760879710
|switch|p1a: Ozama Bin Laden|Zamazenta, shiny|100/100|[from] Flip Turn
|-ability|p1a: Ozama Bin Laden|Dauntless Shield|boost
|-boost|p1a: Ozama Bin Laden|def|1
|
|-heal|p2a: Kyurem|82/100|[from] item: Leftovers
|upkeep
|turn|3
|
|t:|1760879721
|move|p1a: Ozama Bin Laden|Stone Edge|p2a: Kyurem
|-supereffective|p2a: Kyurem
|-crit|p2a: Kyurem
|-end|p2a: Kyurem|Substitute
|move|p2a: Kyurem|Freeze-Dry|p1a: Ozama Bin Laden
|-damage|p1a: Ozama Bin Laden|71/100
|
|-heal|p2a: Kyurem|88/100|[from] item: Leftovers
|upkeep
|turn|4
|
|t:|1760879743
|switch|p2a: Landorus|Landorus-Therian, M, shiny|84/100
|-ability|p2a: Landorus|Intimidate|boost
|-unboost|p1a: Ozama Bin Laden|atk|1
|move|p1a: Ozama Bin Laden|Ice Fang|p2a: Landorus
|-supereffective|p2a: Landorus
|-damage|p2a: Landorus|33/100
|-damage|p1a: Ozama Bin Laden|54/100|[from] item: Rocky Helmet|[of] p2a: Landorus
|
|upkeep
|turn|5
|
|t:|1760879758
|switch|p2a: Slowking|Slowking-Galar, M, shiny|100/100
|move|p1a: Ozama Bin Laden|Ice Fang|p2a: Slowking
|-damage|p2a: Slowking|86/100
|
|upkeep
|turn|6
|inactive|notcosmicplatinum has 270 seconds left.
|
|t:|1760879775
|switch|p1a: Lus-Lus Situation|Ting-Lu, shiny|100/100
|-ability|p1a: Lus-Lus Situation|Vessel of Ruin
|-prepare|p2a: Slowking|Chilly Reception|[premajor]
|move|p2a: Slowking|Chilly Reception|p2a: Slowking
|-weather|Snowscape
|inactive|notcosmicplatinum has 270 seconds left.
|
|t:|1760879789
|switch|p2a: Cinderace|Cinderace, F, shiny|100/100|[from] Chilly Reception
|
|-weather|Snowscape|[upkeep]
|upkeep
|turn|7
|inactive|notcosmicplatinum has 270 seconds left.
|
|t:|1760879801
|switch|p1a: HP Hoe|Alomomola, F, shiny|100/100
|move|p2a: Cinderace|Will-O-Wisp|p1a: HP Hoe
|-status|p1a: HP Hoe|brn
|
|-weather|Snowscape|[upkeep]
|-damage|p1a: HP Hoe|94/100 brn|[from] brn
|upkeep
|turn|8
|inactive|notcosmicplatinum has 270 seconds left.
|
|t:|1760879814
|switch|p2a: Slowking|Slowking-Galar, M, shiny|100/100
|move|p1a: HP Hoe|Flip Turn|p2a: Slowking
|-crit|p2a: Slowking
|-damage|p2a: Slowking|89/100
|
|t:|1760879828
|switch|p1a: Lus-Lus Situation|Ting-Lu, shiny|100/100|[from] Flip Turn
|-ability|p1a: Lus-Lus Situation|Vessel of Ruin
|
|-weather|Snowscape|[upkeep]
|upkeep
|turn|9
|inactive|notcosmicplatinum has 270 seconds left.
|
|t:|1760879846
|-terastallize|p2a: Slowking|Water
|move|p1a: Lus-Lus Situation|Stealth Rock|p2a: Slowking
|-sidestart|p2: notcosmicplatinum|move: Stealth Rock
|move|p2a: Slowking|Sludge Bomb|p1a: Lus-Lus Situation
|-resisted|p1a: Lus-Lus Situation
|-damage|p1a: Lus-Lus Situation|94/100
|-status|p1a: Lus-Lus Situation|psn
|
|-weather|Snowscape|[upkeep]
|-heal|p1a: Lus-Lus Situation|99/100 psn|[from] item: Leftovers
|-damage|p1a: Lus-Lus Situation|88/100 psn|[from] psn
|upkeep
|turn|10
|inactive|notcosmicplatinum has 270 seconds left.
|
|t:|1760879861
|switch|p2a: Landorus|Landorus-Therian, M, shiny|33/100
|-damage|p2a: Landorus|20/100|[from] Stealth Rock
|-ability|p2a: Landorus|Intimidate|boost
|-unboost|p1a: Lus-Lus Situation|atk|1
|move|p1a: Lus-Lus Situation|Ruination|p2a: Landorus
|-damage|p2a: Landorus|10/100
|
|-weather|none
|-heal|p1a: Lus-Lus Situation|94/100 psn|[from] item: Leftovers
|-damage|p1a: Lus-Lus Situation|81/100 psn|[from] psn
|upkeep
|turn|11
|
|t:|1760879881
|switch|p1a: HP Hoe|Alomomola, F, shiny|100/100 brn
|move|p2a: Landorus|Earthquake|p1a: HP Hoe
|-damage|p1a: HP Hoe|70/100 brn
|
|-damage|p1a: HP Hoe|64/100 brn|[from] brn
|upkeep
|turn|12
|
|t:|1760879889
|move|p2a: Landorus|Earthquake|p1a: HP Hoe
|-damage|p1a: HP Hoe|37/100 brn
|move|p1a: HP Hoe|Wish|p1a: HP Hoe
|
|-damage|p1a: HP Hoe|30/100 brn|[from] brn
|upkeep
|turn|13
|
|t:|1760879896
|move|p2a: Landorus|Earthquake|p1a: HP Hoe
|-damage|p1a: HP Hoe|4/100 brn
|move|p1a: HP Hoe|Tickle|p2a: Landorus
|-unboost|p2a: Landorus|atk|1
|-unboost|p2a: Landorus|def|1
|
|-heal|p1a: HP Hoe|54/100 brn|[from] move: Wish|[wisher] HP Hoe
|-damage|p1a: HP Hoe|48/100 brn|[from] brn
|upkeep
|turn|14
|c|☆notcosmicplatinum|bro tickling me
|
|t:|1760879907
|move|p2a: Landorus|Taunt|p1a: HP Hoe
|-start|p1a: HP Hoe|move: Taunt
|cant|p1a: HP Hoe|move: Taunt|Wish
|
|-damage|p1a: HP Hoe|41/100 brn|[from] brn
|upkeep
|turn|15
|c|☆FP.//06|get tickled
|
|t:|1760879913
|move|p2a: Landorus|Earthquake|p1a: HP Hoe
|-damage|p1a: HP Hoe|23/100 brn
|move|p1a: HP Hoe|Flip Turn|p2a: Landorus
|-supereffective|p2a: Landorus
|-damage|p2a: Landorus|0 fnt
|-damage|p1a: HP Hoe|6/100 brn|[from] item: Rocky Helmet|[of] p2a: Landorus
|faint|p2a: Landorus
|
|t:|1760879918
|switch|p1a: Ozama Bin Laden|Zamazenta, shiny|54/100|[from] Flip Turn
|
|upkeep
|inactive|notcosmicplatinum has 270 seconds left.
|inactive|notcosmicplatinum has 240 seconds left.
|
|t:|1760879958
|switch|p2a: Iron Valiant|Iron Valiant|100/100
|-damage|p2a: Iron Valiant|94/100|[from] Stealth Rock
|-enditem|p2a: Iron Valiant|Booster Energy
|-activate|p2a: Iron Valiant|ability: Quark Drive|[fromitem]
|-start|p2a: Iron Valiant|quarkdrivespe
|turn|16
|inactive|notcosmicplatinum has 240 seconds left.
|
|t:|1760879971
|switch|p1a: I Love to Miss|Tornadus-Therian, M, shiny|100/100
|move|p2a: Iron Valiant|Calm Mind|p2a: Iron Valiant
|-boost|p2a: Iron Valiant|spa|1
|-boost|p2a: Iron Valiant|spd|1
|
|upkeep
|turn|17
|inactive|notcosmicplatinum has 240 seconds left.
|c|☆notcosmicplatinum|does he love to miss
|c|☆FP.//06|Yes
|c|☆FP.//06|I have a raging hatred towards torn
|inactive|notcosmicplatinum has 210 seconds left.
|c|☆FP.//06|Laddering UU with it
|c|☆FP.//06|and heatran
|inactive|FP.//06 has 270 seconds left.
|c|☆notcosmicplatinum|understandable
|c|☆notcosmicplatinum|also holy shit what is torn doing in uu
|c|☆FP.//06|Time to miss my 80% move
|inactive|notcosmicplatinum has 180 seconds left.
|c|☆FP.//06|Torn actually just got moved to OU
|c|☆FP.//06|recently
|c|☆FP.//06|but use to be UU
|c|☆notcosmicplatinum|oh good
|
|t:|1760880054
|move|p2a: Iron Valiant|Calm Mind|p2a: Iron Valiant
|-boost|p2a: Iron Valiant|spa|1
|-boost|p2a: Iron Valiant|spd|1
|move|p1a: I Love to Miss|Bleakwind Storm|p2a: Iron Valiant
|-supereffective|p2a: Iron Valiant
|-damage|p2a: Iron Valiant|27/100
|
|upkeep
|turn|18
|c|☆notcosmicplatinum|greed
|inactive|FP.//06 has 270 seconds left.
|
|t:|1760880067
|move|p2a: Iron Valiant|Moonblast|p1a: I Love to Miss
|-damage|p1a: I Love to Miss|11/100
|move|p1a: I Love to Miss|Bleakwind Storm|p2a: Iron Valiant
|-supereffective|p2a: Iron Valiant
|-damage|p2a: Iron Valiant|0 fnt
|faint|p2a: Iron Valiant
|-end|p2a: Iron Valiant|Quark Drive|[silent]
|
|upkeep
|c|☆notcosmicplatinum|AV
|c|☆FP.//06|Two would have KOd
|c|☆FP.//06|Its literally boots
|c|☆notcosmicplatinum|but i woulda died
|c|☆FP.//06|bot AV
|inactive|notcosmicplatinum has 150 seconds left.
|c|☆notcosmicplatinum|if i didnt cm
|c|☆FP.//06|true
|
|t:|1760880114
|switch|p2a: Cinderace|Cinderace, F, shiny|100/100
|turn|19
|
|t:|1760880124
|switch|p1a: HP Hoe|Alomomola, F, shiny|40/100 brn
|move|p2a: Cinderace|Court Change|p2a: Cinderace
|-swapsideconditions
|-activate|p2a: Cinderace|move: Court Change
|
|-damage|p1a: HP Hoe|33/100 brn|[from] brn
|upkeep
|turn|20
|
|t:|1760880136
|switch|p2a: Kyurem|Kyurem, shiny|88/100
|-ability|p2a: Kyurem|Pressure
|move|p1a: HP Hoe|Flip Turn|p2a: Kyurem
|-resisted|p2a: Kyurem
|-damage|p2a: Kyurem|84/100
|
|t:|1760880138
|switch|p1a: Djengo Unrained|Gholdengo|100/100|[from] Flip Turn
|-damage|p1a: Djengo Unrained|94/100|[from] Stealth Rock
|
|-heal|p2a: Kyurem|90/100|[from] item: Leftovers
|upkeep
|turn|21
|
|t:|1760880159
|switch|p2a: Slowking|Slowking-Galar, M, shiny, tera:Water|100/100
|move|p1a: Djengo Unrained|Trick|p2a: Slowking
|-activate|p1a: Djengo Unrained|move: Trick|[of] p2a: Slowking
|-item|p2a: Slowking|Choice Scarf|[from] move: Trick
|-item|p1a: Djengo Unrained|Heavy-Duty Boots|[from] move: Trick
|
|upkeep
|turn|22
|c|☆notcosmicplatinum|aura
|inactive|notcosmicplatinum has 120 seconds left.
|
|t:|1760880176
|move|p1a: Djengo Unrained|Shadow Ball|p2a: Slowking
|-damage|p2a: Slowking|75/100
|-prepare|p2a: Slowking|Chilly Reception|[premajor]
|move|p2a: Slowking|Chilly Reception|p2a: Slowking
|-weather|Snowscape
|inactive|notcosmicplatinum has 120 seconds left.
|
|t:|1760880184
|switch|p2a: Cinderace|Cinderace, F, shiny|100/100|[from] Chilly Reception
|
|-weather|Snowscape|[upkeep]
|upkeep
|turn|23
|inactive|notcosmicplatinum has 120 seconds left.
|
|t:|1760880194
|switch|p2a: Kingambit|Kingambit, F|100/100
|-activate|p2a: Kingambit|ability: Supreme Overlord
|-start|p2a: Kingambit|fallen2|[silent]
|switch|p1a: HP Hoe|Alomomola, F, shiny|67/100 brn
|-damage|p1a: HP Hoe|54/100 brn|[from] Stealth Rock
|
|-weather|Snowscape|[upkeep]
|-damage|p1a: HP Hoe|48/100 brn|[from] brn
|upkeep
|turn|24
|inactive|notcosmicplatinum has 120 seconds left.
|
|t:|1760880212
|switch|p1a: G-Wheezy|Weezing-Galar, F, shiny|100/100
|-ability|p1a: G-Wheezy|Neutralizing Gas
|move|p2a: Kingambit|Swords Dance|p2a: Kingambit
|-boost|p2a: Kingambit|atk|2
|
|-weather|Snowscape|[upkeep]
|upkeep
|turn|25
|inactive|notcosmicplatinum has 120 seconds left.
|
|t:|1760880236
|move|p2a: Kingambit|Iron Head|p1a: G-Wheezy
|-supereffective|p1a: G-Wheezy
|-damage|p1a: G-Wheezy|0 fnt
|faint|p1a: G-Wheezy
|-end|p1a: G-Wheezy|ability: Neutralizing Gas
|-activate|p2a: Kingambit|ability: Supreme Overlord
|-start|p2a: Kingambit|fallen2|[silent]
|
|-weather|Snowscape|[upkeep]
|upkeep
|
|t:|1760880239
|switch|p1a: Ozama Bin Laden|Zamazenta, shiny|54/100
|turn|26
|
|t:|1760880263
|-end|p2a: Kingambit|fallen2|[silent]
|switch|p2a: Slowking|Slowking-Galar, M, shiny, tera:Water|100/100
|move|p1a: Ozama Bin Laden|Close Combat|p2a: Slowking
|-damage|p2a: Slowking|38/100
|-unboost|p1a: Ozama Bin Laden|def|1
|-unboost|p1a: Ozama Bin Laden|spd|1
|
|-weather|none
|upkeep
|turn|27
|c|☆FP.//06|lowkey dont think tera slowking
|c|☆FP.//06|was a good idea
|c|☆notcosmicplatinum|ya
|c|☆notcosmicplatinum|sob
|inactive|notcosmicplatinum has 90 seconds left.
|c|☆notcosmicplatinum|i dont play tera metagames
|c|☆notcosmicplatinum|my peak was gen 7 lo
|c|☆FP.//06|We can run that next if you want boss
|
|t:|1760880298
|move|p1a: Ozama Bin Laden|Close Combat|p2a: Slowking
|-damage|p2a: Slowking|0 fnt
|-unboost|p1a: Ozama Bin Laden|def|1
|-unboost|p1a: Ozama Bin Laden|spd|1
|faint|p2a: Slowking
|
|upkeep
|c|☆notcosmicplatinum|i dont have teams
|
|t:|1760880315
|switch|p2a: Cinderace|Cinderace, F, shiny|100/100
|turn|28
|c|☆FP.//06|samples
|c|☆notcosmicplatinum|samples dooodoo
|inactive|notcosmicplatinum has 60 seconds left.
|
|t:|1760880338
|switch|p1a: HP Hoe|Alomomola, F, shiny|82/100 brn
|-damage|p1a: HP Hoe|69/100 brn|[from] Stealth Rock
|move|p2a: Cinderace|U-turn|p1a: HP Hoe
|-damage|p1a: HP Hoe|58/100 brn
|-damage|p2a: Cinderace|84/100|[from] item: Rocky Helmet|[of] p1a: HP Hoe
|inactive|notcosmicplatinum has 60 seconds left.
|
|t:|1760880355
|switch|p2a: Kingambit|Kingambit, F|100/100|[from] U-turn
|-activate|p2a: Kingambit|ability: Supreme Overlord
|-start|p2a: Kingambit|fallen3|[silent]
|
|-damage|p1a: HP Hoe|52/100 brn|[from] brn
|upkeep
|turn|29
|
|t:|1760880366
|switch|p1a: Lus-Lus Situation|Ting-Lu, shiny|81/100 psn
|-damage|p1a: Lus-Lus Situation|75/100 psn|[from] Stealth Rock
|-ability|p1a: Lus-Lus Situation|Vessel of Ruin
|move|p2a: Kingambit|Swords Dance|p2a: Kingambit
|-boost|p2a: Kingambit|atk|2
|
|-heal|p1a: Lus-Lus Situation|81/100 psn|[from] item: Leftovers
|-damage|p1a: Lus-Lus Situation|69/100 psn|[from] psn
|upkeep
|turn|30
|
|t:|1760880389
|move|p2a: Kingambit|Iron Head|p1a: Lus-Lus Situation
|-crit|p1a: Lus-Lus Situation
|-damage|p1a: Lus-Lus Situation|0 fnt
|faint|p1a: Lus-Lus Situation
|
|upkeep
|c|☆FP.//06|are we fr
|
|t:|1760880396
|switch|p1a: Ozama Bin Laden|Zamazenta, shiny|54/100
|turn|31
|c|☆notcosmicplatinum|ouch
|c|☆notcosmicplatinum|it was a 33
|c|☆FP.//06|I know
|c|☆FP.//06|100% MATTERED
|c|☆notcosmicplatinum|LOL
|c|☆FP.//06|ah well thats mons
|inactive|notcosmicplatinum has 30 seconds left.
|
|t:|1760880421
|-end|p2a: Kingambit|fallen3|[silent]
|switch|p2a: Kyurem|Kyurem, shiny|90/100
|-ability|p2a: Kyurem|Pressure
|move|p1a: Ozama Bin Laden|Close Combat|p2a: Kyurem
|-supereffective|p2a: Kyurem
|-damage|p2a: Kyurem|0 fnt
|-unboost|p1a: Ozama Bin Laden|def|1
|-unboost|p1a: Ozama Bin Laden|spd|1
|faint|p2a: Kyurem
|
|upkeep
|inactive|notcosmicplatinum has 30 seconds left.
|inactive|notcosmicplatinum has 20 seconds left.
|
|t:|1760880437
|switch|p2a: Cinderace|Cinderace, F, shiny|84/100
|turn|32
|inactive|notcosmicplatinum has 30 seconds left this turn.
|
|t:|1760880445
|move|p1a: Ozama Bin Laden|Stone Edge|p2a: Cinderace|[miss]
|-miss|p1a: Ozama Bin Laden|p2a: Cinderace
|move|p2a: Cinderace|Will-O-Wisp|p1a: Ozama Bin Laden
|-status|p1a: Ozama Bin Laden|brn
|
|-damage|p1a: Ozama Bin Laden|48/100 brn|[from] brn
|upkeep
|turn|33
|c|☆FP.//06|Brih
|inactive|notcosmicplatinum has 30 seconds left.
|c|☆notcosmicplatinum|my fault og
|c|☆FP.//06|U better win after this
|c|☆notcosmicplatinum|no LOL
|
|t:|1760880467
|switch|p1a: HP Hoe|Alomomola, F, shiny|85/100 brn
|-damage|p1a: HP Hoe|73/100 brn|[from] Stealth Rock
|move|p2a: Cinderace|U-turn|p1a: HP Hoe
|-damage|p1a: HP Hoe|61/100 brn
|-damage|p2a: Cinderace|67/100|[from] item: Rocky Helmet|[of] p1a: HP Hoe
|inactive|notcosmicplatinum has 30 seconds left this turn.
|
|t:|1760880474
|switch|p2a: Kingambit|Kingambit, F|100/100|[from] U-turn
|-activate|p2a: Kingambit|ability: Supreme Overlord
|-start|p2a: Kingambit|fallen4|[silent]
|
|-damage|p1a: HP Hoe|55/100 brn|[from] brn
|upkeep
|turn|34
|inactive|notcosmicplatinum has 30 seconds left.
|
|t:|1760880482
|move|p2a: Kingambit|Swords Dance|p2a: Kingambit
|-boost|p2a: Kingambit|atk|2
|move|p1a: HP Hoe|Wish|p1a: HP Hoe
|
|-damage|p1a: HP Hoe|49/100 brn|[from] brn
|upkeep
|turn|35
|inactive|notcosmicplatinum has 30 seconds left.
|inactive|FP.//06 has 270 seconds left.
|
|t:|1760880517
|-terastallize|p1a: HP Hoe|Steel
|move|p2a: Kingambit|Iron Head|p1a: HP Hoe
|-resisted|p1a: HP Hoe
|-damage|p1a: HP Hoe|8/100 brn
|-damage|p2a: Kingambit|84/100|[from] item: Rocky Helmet|[of] p1a: HP Hoe
|move|p1a: HP Hoe|Flip Turn|p2a: Kingambit
|-damage|p2a: Kingambit|78/100
|
|t:|1760880521
|switch|p1a: Ozama Bin Laden|Zamazenta, shiny|48/100 brn|[from] Flip Turn
|
|-heal|p1a: Ozama Bin Laden|100/100 brn|[from] move: Wish|[wisher] HP Hoe
|-heal|p2a: Kingambit|84/100|[from] item: Leftovers
|-damage|p1a: Ozama Bin Laden|94/100 brn|[from] brn
|upkeep
|turn|36
|c|☆notcosmicplatinum|gg
|inactive|notcosmicplatinum has 30 seconds left.
|c|☆FP.//06|ggs boss
|
|t:|1760880534
|move|p2a: Kingambit|Sucker Punch|p1a: Ozama Bin Laden
|-resisted|p1a: Ozama Bin Laden
|-damage|p1a: Ozama Bin Laden|48/100 brn
|move|p1a: Ozama Bin Laden|Close Combat|p2a: Kingambit
|-supereffective|p2a: Kingambit
|-damage|p2a: Kingambit|0 fnt
|-unboost|p1a: Ozama Bin Laden|def|1
|-unboost|p1a: Ozama Bin Laden|spd|1
|faint|p2a: Kingambit
|-end|p2a: Kingambit|fallen4|[silent]
|
|-damage|p1a: Ozama Bin Laden|42/100 brn|[from] brn
|upkeep
|inactive|notcosmicplatinum has 30 seconds left.
|
|t:|1760880542
|switch|p2a: Cinderace|Cinderace, F, shiny|67/100
|turn|37
|inactive|notcosmicplatinum has 30 seconds left.
|
|t:|1760880553
|move|p1a: Ozama Bin Laden|Stone Edge|p2a: Cinderace
|-supereffective|p2a: Cinderace
|-damage|p2a: Cinderace|27/100
|move|p2a: Cinderace|Pyro Ball|p1a: Ozama Bin Laden
|-damage|p1a: Ozama Bin Laden|0 fnt
|faint|p1a: Ozama Bin Laden
|
|upkeep
|
|t:|1760880557
|switch|p1a: I Love to Miss|Tornadus-Therian, M, shiny|44/100
|turn|38
|
|t:|1760880562
|switch|p1a: HP Hoe|Alomomola, F, shiny, tera:Steel|41/100 brn
|-damage|p1a: HP Hoe|35/100 brn|[from] Stealth Rock
|move|p2a: Cinderace|Pyro Ball|p1a: HP Hoe
|-supereffective|p1a: HP Hoe
|-damage|p1a: HP Hoe|0 fnt
|faint|p1a: HP Hoe
|
|upkeep
|
|t:|1760880564
|switch|p1a: I Love to Miss|Tornadus-Therian, M, shiny|77/100
|turn|39
|
|t:|1760880575
|move|p1a: I Love to Miss|Bleakwind Storm|p2a: Cinderace
|-damage|p2a: Cinderace|0 fnt
|faint|p2a: Cinderace
|
|win|FP.//06
