|j|☆GrxmIsTaken
|j|☆hdsnzzz
|t:|1760870703
|gametype|singles
|player|p1|GrxmIsTaken|blaine|1327
|player|p2|hdsnzzz|swimmerf|1355
|gen|9
|tier|[Gen 9] OU
|rated|
|rule|HP Percentage Mod: HP is shown in percentages
|rule|Endless Battle Clause: Forcing endless battles is banned
|rule|Species Clause: Limit one of each Pokémon
|rule|OHKO Clause: OHKO moves are banned
|rule|Evasion Items Clause: Evasion items are banned
|rule|Evasion Moves Clause: Evasion moves are banned
|rule|Evasion Abilities Clause: Evasion abilities are banned
|rule|Sleep Moves Clause: Sleep-inducing moves are banned
|clearpoke
|poke|p1|Ogerpon-Cornerstone, F|
|poke|p1|Hatterene, F|
|poke|p1|Pecharunt|
|poke|p1|Landorus-Therian, M|
|poke|p1|Kingambit, F|
|poke|p1|Latios, M|
|poke|p2|Dondozo, M|
|poke|p2|Clodsire, F|
|poke|p2|Great Tusk|
|poke|p2|Gholdengo|
|poke|p2|Raging Bolt|
|poke|p2|Conkeldurr, F|
|teampreview
|inactive|Battle timer is ON: inactive players will automatically lose when time's up. (requested by hdsnzzz)
|
|t:|1760870717
|teamsize|p1|6
|teamsize|p2|6
|start
|switch|p1a: Landorus|Landorus-Therian, M|100/100
|switch|p2a: Gigabyte B45O|Gholdengo, shiny|100/100
|-ability|p1a: Landorus|Intimidate|boost
|-unboost|p2a: Gigabyte B45O|atk|1
|-item|p2a: Gigabyte B45O|Air Balloon
|turn|1
|
|t:|1760870730
|move|p1a: Landorus|U-turn|p2a: Gigabyte B45O
|-resisted|p2a: Gigabyte B45O
|-damage|p2a: Gigabyte B45O|97/100
|-enditem|p2a: Gigabyte B45O|Air Balloon
|
|t:|1760870735
|switch|p1a: Kingambit|Kingambit, F|100/100|[from] U-turn
|move|p2a: Gigabyte B45O|Make It Rain|p1a: Kingambit
|-resisted|p1a: Kingambit
|-crit|p1a: Kingambit
|-damage|p1a: Kingambit|54/100
|-unboost|p2a: Gigabyte B45O|spa|1
|
|-heal|p1a: Kingambit|61/100|[from] item: Leftovers
|upkeep
|turn|2
|inactive|GrxmIsTaken has 120 seconds left.
|
|t:|1760870773
|switch|p2a: Gen 5 GOAT|Conkeldurr, F, shiny|100/100
|-end|p1a: Kingambit|fallenundefined|[silent]
|switch|p1a: Landorus|Landorus-Therian, M|100/100
|-ability|p1a: Landorus|Intimidate|boost
|-unboost|p2a: Gen 5 GOAT|atk|1
|
|-status|p2a: Gen 5 GOAT|brn|[from] item: Flame Orb
|upkeep
|turn|3
|inactive|GrxmIsTaken has 120 seconds left.
|
|t:|1760870781
|move|p1a: Landorus|Stealth Rock|p2a: Gen 5 GOAT
|-sidestart|p2: hdsnzzz|move: Stealth Rock
|move|p2a: Gen 5 GOAT|Knock Off|p1a: Landorus
|-damage|p1a: Landorus|70/100
|-damage|p2a: Gen 5 GOAT|84/100 brn|[from] item: Rocky Helmet|[of] p1a: Landorus
|-enditem|p1a: Landorus|Rocky Helmet|[from] move: Knock Off|[of] p2a: Gen 5 GOAT
|
|-damage|p2a: Gen 5 GOAT|78/100 brn|[from] brn
|upkeep
|turn|4
|
|t:|1760870791
|move|p1a: Landorus|U-turn|p2a: Gen 5 GOAT
|-resisted|p2a: Gen 5 GOAT
|-damage|p2a: Gen 5 GOAT|69/100 brn
|
|t:|1760870799
|switch|p1a: Hatterene|Hatterene, F|100/100|[from] U-turn
|move|p2a: Gen 5 GOAT|Knock Off|p1a: Hatterene
|-damage|p1a: Hatterene|55/100
|-enditem|p1a: Hatterene|Assault Vest|[from] move: Knock Off|[of] p2a: Gen 5 GOAT
|
|-damage|p2a: Gen 5 GOAT|63/100 brn|[from] brn
|upkeep
|turn|5
|inactive|GrxmIsTaken has 120 seconds left.
|
|t:|1760870824
|switch|p2a: Gigabyte B45O|Gholdengo, shiny|97/100
|-damage|p2a: Gigabyte B45O|91/100|[from] Stealth Rock
|switch|p1a: Kingambit|Kingambit, F|61/100
|
|-heal|p1a: Kingambit|67/100|[from] item: Leftovers
|upkeep
|turn|6
|
|t:|1760870834
|switch|p2a: Chonky MF|Great Tusk, shiny|100/100
|move|p1a: Kingambit|Kowtow Cleave|p2a: Chonky MF
|-resisted|p2a: Chonky MF
|-damage|p2a: Chonky MF|88/100
|
|-heal|p1a: Kingambit|73/100|[from] item: Leftovers
|upkeep
|turn|7
|
|t:|1760870846
|-end|p1a: Kingambit|fallenundefined|[silent]
|switch|p1a: Pecharunt|Pecharunt|100/100
|move|p2a: Chonky MF|Ice Spinner|p1a: Pecharunt
|-damage|p1a: Pecharunt|88/100
|
|upkeep
|turn|8
|
|t:|1760870852
|switch|p1a: Landorus|Landorus-Therian, M|70/100
|-ability|p1a: Landorus|Intimidate|boost
|-unboost|p2a: Chonky MF|atk|1
|move|p2a: Chonky MF|Earthquake|p1a: Landorus
|-immune|p1a: Landorus
|
|upkeep
|turn|9
|
|t:|1760870869
|-end|p2a: Chonky MF|Protosynthesis|[silent]
|switch|p2a: ASUS TUF|Raging Bolt|100/100
|-damage|p2a: ASUS TUF|88/100|[from] Stealth Rock
|move|p1a: Landorus|U-turn|p2a: ASUS TUF
|-damage|p2a: ASUS TUF|69/100
|inactive|GrxmIsTaken has 120 seconds left.
|inactive|GrxmIsTaken has 90 seconds left.
|
|t:|1760870924
|switch|p1a: Hatterene|Hatterene, F|55/100|[from] U-turn
|
|upkeep
|turn|10
|
|t:|1760870942
|-end|p2a: ASUS TUF|Protosynthesis|[silent]
|switch|p2a: Gigabyte B45O|Gholdengo, shiny|91/100
|-damage|p2a: Gigabyte B45O|85/100|[from] Stealth Rock
|move|p1a: Hatterene|Draining Kiss|p2a: Gigabyte B45O
|-resisted|p2a: Gigabyte B45O
|-damage|p2a: Gigabyte B45O|73/100
|-heal|p1a: Hatterene|65/100|[from] drain|[of] p2a: Gigabyte B45O
|
|upkeep
|turn|11
|inactive|GrxmIsTaken has 90 seconds left.
|
|t:|1760870965
|switch|p1a: Landorus|Landorus-Therian, M|70/100
|-ability|p1a: Landorus|Intimidate|boost
|-unboost|p2a: Gigabyte B45O|atk|1
|move|p2a: Gigabyte B45O|Make It Rain|p1a: Landorus
|-damage|p1a: Landorus|14/100
|-unboost|p2a: Gigabyte B45O|spa|1
|
|upkeep
|turn|12
|inactive|GrxmIsTaken has 90 seconds left.
|
|t:|1760870986
|switch|p2a: Chonky MF|Great Tusk, shiny|88/100
|move|p1a: Landorus|U-turn|p2a: Chonky MF
|-resisted|p2a: Chonky MF
|-damage|p2a: Chonky MF|82/100
|inactive|GrxmIsTaken has 90 seconds left.
|
|t:|1760870993
|switch|p1a: Latios|Latios, M|100/100|[from] U-turn
|
|upkeep
|turn|13
|
|t:|1760871008
|-terastallize|p2a: Chonky MF|Steel
|move|p1a: Latios|Luster Purge|p2a: Chonky MF
|-resisted|p2a: Chonky MF
|-damage|p2a: Chonky MF|52/100
|-unboost|p2a: Chonky MF|spd|1
|move|p2a: Chonky MF|Rapid Spin|p1a: Latios
|-damage|p1a: Latios|75/100
|-boost|p2a: Chonky MF|spe|1
|-sideend|p2: hdsnzzz|Stealth Rock|[from] move: Rapid Spin|[of] p2a: Chonky MF
|
|upkeep
|turn|14
|inactive|GrxmIsTaken has 90 seconds left.
|
|t:|1760871031
|switch|p1a: Pecharunt|Pecharunt|88/100
|-end|p2a: Chonky MF|Protosynthesis|[silent]
|switch|p2a: Gigabyte B45O|Gholdengo, shiny|73/100
|
|upkeep
|turn|15
|inactive|GrxmIsTaken has 90 seconds left.
|
|t:|1760871045
|switch|p1a: Kingambit|Kingambit, F|73/100
|move|p2a: Gigabyte B45O|Thunder Wave|p1a: Kingambit
|-status|p1a: Kingambit|par
|
|-heal|p1a: Kingambit|79/100 par|[from] item: Leftovers
|upkeep
|turn|16
|inactive|GrxmIsTaken has 90 seconds left.
|
|t:|1760871056
|switch|p2a: Gen 5 GOAT|Conkeldurr, F, shiny|63/100 brn
|-end|p1a: Kingambit|fallenundefined|[silent]
|switch|p1a: Landorus|Landorus-Therian, M|14/100
|-ability|p1a: Landorus|Intimidate|boost
|-unboost|p2a: Gen 5 GOAT|atk|1
|
|-damage|p2a: Gen 5 GOAT|57/100 brn|[from] brn
|upkeep
|turn|17
|
|t:|1760871067
|move|p1a: Landorus|Stealth Rock|p2a: Gen 5 GOAT
|-sidestart|p2: hdsnzzz|move: Stealth Rock
|move|p2a: Gen 5 GOAT|Knock Off|p1a: Landorus
|-damage|p1a: Landorus|0 fnt
|faint|p1a: Landorus
|
|-damage|p2a: Gen 5 GOAT|51/100 brn|[from] brn
|upkeep
|
|t:|1760871073
|switch|p1a: Latios|Latios, M|75/100
|turn|18
|inactive|GrxmIsTaken has 90 seconds left.
|
|t:|1760871115
|move|p1a: Latios|Luster Purge|p2a: Gen 5 GOAT
|-supereffective|p2a: Gen 5 GOAT
|-damage|p2a: Gen 5 GOAT|0 fnt
|faint|p2a: Gen 5 GOAT
|
|upkeep
|-message|hdsnzzz forfeited.
|
|win|GrxmIsTaken
|raw|GrxmIsTaken's rating: 1327 &rarr; <strong>1349</strong><br />(+22 for winning)
|raw|hdsnzzz's rating: 1355 &rarr; <strong>1333</strong><br />(-22 for losing)
|l|☆hdsnzzz
|player|p2|
|l|☆GrxmIsTaken
|player|p1|
