|j|☆KennytheslugSmith
|j|☆Pannawit12235
|t:|1760871802
|gametype|singles
|player|p1|KennytheslugSmith|scientist-gen4dp|1479
|player|p2|Pannawit12235|lass-gen4|1523
|gen|9
|tier|[Gen 9] OU
|rated|
|rule|HP Percentage Mod: HP is shown in percentages
|rule|Endless Battle Clause: Forcing endless battles is banned
|rule|Species Clause: Limit one of each Pokémon
|rule|OHKO Clause: OHKO moves are banned
|rule|Evasion Items Clause: Evasion items are banned
|rule|Evasion Moves Clause: Evasion moves are banned
|rule|Evasion Abilities Clause: Evasion abilities are banned
|rule|Sleep Moves Clause: Sleep-inducing moves are banned
|clearpoke
|poke|p1|Hydrapple, M|
|poke|p1|Skarmory, F|
|poke|p1|Tyranitar, F|
|poke|p1|Alomomola, F|
|poke|p1|Clodsire, M|
|poke|p1|Clefable, M|
|poke|p2|Slowking-Galar, F|
|poke|p2|Great Tusk|
|poke|p2|Arcanine-Hisui, F|
|poke|p2|Corviknight, F|
|poke|p2|Dragapult, M|
|poke|p2|Darkrai|
|teampreview
|
|t:|1760871810
|teamsize|p1|6
|teamsize|p2|6
|start
|switch|p1a: Tyranitar|Tyranitar, F|100/100
|switch|p2a: Arcanine|Arcanine-Hisui, F|100/100
|-weather|Sandstorm|[from] ability: Sand Stream|[of] p1a: Tyranitar
|turn|1
|
|t:|1760871825
|switch|p2a: Corviknight|Corviknight, F|100/100
|-ability|p2a: Corviknight|Pressure
|switch|p1a: Clodsire|Clodsire, M|100/100
|
|-weather|Sandstorm|[upkeep]
|upkeep
|turn|2
|
|t:|1760871835
|switch|p1a: Alomomola|Alomomola, F, shiny|100/100
|move|p2a: Corviknight|U-turn|p1a: Alomomola
|-damage|p1a: Alomomola|92/100
|
|t:|1760871843
|switch|p2a: Arcanine|Arcanine-Hisui, F|100/100|[from] U-turn
|
|-weather|Sandstorm|[upkeep]
|-damage|p1a: Alomomola|86/100|[from] Sandstorm
|upkeep
|turn|3
|
|t:|1760871850
|move|p2a: Arcanine|Head Smash|p1a: Alomomola
|-damage|p1a: Alomomola|13/100
|move|p1a: Alomomola|Flip Turn|p2a: Arcanine
|-supereffective|p2a: Arcanine
|-damage|p2a: Arcanine|20/100
|
|t:|1760871858
|switch|p1a: Clodsire|Clodsire, M|100/100|[from] Flip Turn
|
|-weather|Sandstorm|[upkeep]
|upkeep
|turn|4
|
|t:|1760871863
|switch|p2a: Great Tusk|Great Tusk|100/100
|switch|p1a: Alomomola|Alomomola, F, shiny|46/100
|
|-weather|Sandstorm|[upkeep]
|-damage|p1a: Alomomola|40/100|[from] Sandstorm
|upkeep
|turn|5
|
|t:|1760871879
|switch|p1a: Skarmory|Skarmory, F|100/100
|move|p2a: Great Tusk|Headlong Rush|p1a: Skarmory
|-immune|p1a: Skarmory
|
|-weather|none
|upkeep
|turn|6
|
|t:|1760871887
|move|p2a: Great Tusk|Stealth Rock|p1a: Skarmory
|-sidestart|p1: KennytheslugSmith|move: Stealth Rock
|move|p1a: Skarmory|Spikes|p2a: Great Tusk
|-sidestart|p2: Pannawit12235|Spikes
|
|upkeep
|turn|7
|
|t:|1760871893
|move|p2a: Great Tusk|Rapid Spin|p1a: Skarmory
|-resisted|p1a: Skarmory
|-damage|p1a: Skarmory|95/100
|-boost|p2a: Great Tusk|spe|1
|-sideend|p2: Pannawit12235|Spikes|[from] move: Rapid Spin|[of] p2a: Great Tusk
|move|p1a: Skarmory|Iron Defense|p1a: Skarmory
|-boost|p1a: Skarmory|def|2
|
|upkeep
|turn|8
|
|t:|1760871901
|-end|p2a: Great Tusk|Protosynthesis|[silent]
|switch|p2a: Darkrai|Darkrai|100/100
|move|p1a: Skarmory|Spikes|p2a: Darkrai
|-sidestart|p2: Pannawit12235|Spikes
|
|upkeep
|turn|9
|
|t:|1760871907
|switch|p1a: Tyranitar|Tyranitar, F|100/100
|-weather|Sandstorm|[from] ability: Sand Stream|[of] p1a: Tyranitar
|move|p2a: Darkrai|Will-O-Wisp|p1a: Tyranitar
|-status|p1a: Tyranitar|brn
|
|-weather|Sandstorm|[upkeep]
|-damage|p2a: Darkrai|94/100|[from] Sandstorm
|-heal|p2a: Darkrai|100/100|[from] item: Leftovers
|-damage|p1a: Tyranitar|94/100 brn|[from] brn
|upkeep
|turn|10
|
|t:|1760871920
|switch|p2a: Corviknight|Corviknight, F|100/100
|-ability|p2a: Corviknight|Pressure
|move|p1a: Tyranitar|Knock Off|p2a: Corviknight
|-damage|p2a: Corviknight|87/100
|-damage|p1a: Tyranitar|78/100 brn|[from] item: Rocky Helmet|[of] p2a: Corviknight
|-enditem|p2a: Corviknight|Rocky Helmet|[from] move: Knock Off|[of] p1a: Tyranitar
|
|-weather|Sandstorm|[upkeep]
|-damage|p1a: Tyranitar|72/100 brn|[from] brn
|upkeep
|turn|11
|
|t:|1760871938
|switch|p1a: Alomomola|Alomomola, F, shiny|74/100
|move|p2a: Corviknight|U-turn|p1a: Alomomola
|-damage|p1a: Alomomola|65/100
|
|t:|1760871941
|switch|p2a: Arcanine|Arcanine-Hisui, F|20/100|[from] U-turn
|-damage|p2a: Arcanine|7/100|[from] Spikes
|
|-weather|Sandstorm|[upkeep]
|-damage|p1a: Alomomola|59/100|[from] Sandstorm
|upkeep
|turn|12
|
|t:|1760871950
|move|p1a: Alomomola|Protect|p1a: Alomomola
|-singleturn|p1a: Alomomola|Protect
|move|p2a: Arcanine|Head Smash|p1a: Alomomola
|-activate|p1a: Alomomola|move: Protect
|
|-weather|Sandstorm|[upkeep]
|-damage|p1a: Alomomola|53/100|[from] Sandstorm
|upkeep
|turn|13
|
|t:|1760871965
|switch|p1a: Clodsire|Clodsire, M|100/100
|move|p2a: Arcanine|Head Smash|p1a: Clodsire
|-resisted|p1a: Clodsire
|-damage|p1a: Clodsire|45/100
|
|-weather|none
|upkeep
|turn|14
|
|t:|1760871984
|switch|p1a: Clefable|Clefable, M|100/100
|move|p2a: Arcanine|Head Smash|p1a: Clefable
|-damage|p1a: Clefable|13/100
|
|upkeep
|turn|15
|
|t:|1760871995
|move|p1a: Clefable|Protect|p1a: Clefable
|-singleturn|p1a: Clefable|Protect
|move|p2a: Arcanine|Head Smash|p1a: Clefable
|-activate|p1a: Clefable|move: Protect
|
|upkeep
|turn|16
|
|t:|1760872001
|move|p2a: Arcanine|Head Smash|p1a: Clefable|[miss]
|-miss|p2a: Arcanine|p1a: Clefable
|move|p1a: Clefable|Moonblast|p2a: Arcanine
|-resisted|p2a: Arcanine
|-damage|p2a: Arcanine|0 fnt
|faint|p2a: Arcanine
|
|upkeep
|
|t:|1760872006
|switch|p2a: Dragapult|Dragapult, M|100/100
|-damage|p2a: Dragapult|88/100|[from] Spikes
|turn|17
|
|t:|1760872013
|-terastallize|p2a: Dragapult|Ghost
|move|p1a: Clefable|Protect|p1a: Clefable
|-singleturn|p1a: Clefable|Protect
|move|p2a: Dragapult|Tera Blast|p1a: Clefable|[anim] Tera Blast Ghost
|-activate|p1a: Clefable|move: Protect
|
|upkeep
|turn|18
|
|t:|1760872029
|switch|p1a: Tyranitar|Tyranitar, F|72/100 brn
|-weather|Sandstorm|[from] ability: Sand Stream|[of] p1a: Tyranitar
|move|p2a: Dragapult|Tera Blast|p1a: Tyranitar|[anim] Tera Blast Ghost
|-resisted|p1a: Tyranitar
|-damage|p1a: Tyranitar|41/100 brn
|
|-weather|Sandstorm|[upkeep]
|-damage|p2a: Dragapult|82/100|[from] Sandstorm
|-damage|p1a: Tyranitar|35/100 brn|[from] brn
|upkeep
|turn|19
|
|t:|1760872041
|switch|p2a: Corviknight|Corviknight, F|87/100
|-ability|p2a: Corviknight|Pressure
|move|p1a: Tyranitar|Knock Off|p2a: Corviknight
|-damage|p2a: Corviknight|78/100
|
|-weather|Sandstorm|[upkeep]
|-damage|p1a: Tyranitar|28/100 brn|[from] brn
|upkeep
|turn|20
|
|t:|1760872051
|switch|p1a: Alomomola|Alomomola, F, shiny|86/100
|move|p2a: Corviknight|U-turn|p1a: Alomomola
|-damage|p1a: Alomomola|78/100
|
|t:|1760872058
|switch|p2a: Dragapult|Dragapult, M, tera:Ghost|82/100|[from] U-turn
|-damage|p2a: Dragapult|70/100|[from] Spikes
|
|-weather|Sandstorm|[upkeep]
|-damage|p2a: Dragapult|64/100|[from] Sandstorm
|-damage|p1a: Alomomola|72/100|[from] Sandstorm
|upkeep
|turn|21
|
|t:|1760872066
|move|p2a: Dragapult|Tera Blast|p1a: Alomomola|[anim] Tera Blast Ghost
|-damage|p1a: Alomomola|15/100
|move|p1a: Alomomola|Wish|p1a: Alomomola
|
|-weather|Sandstorm|[upkeep]
|-damage|p2a: Dragapult|58/100|[from] Sandstorm
|-damage|p1a: Alomomola|9/100|[from] Sandstorm
|upkeep
|turn|22
|inactive|Battle timer is ON: inactive players will automatically lose when time's up. (requested by KennytheslugSmith)
|
|t:|1760872107
|move|p1a: Alomomola|Protect|p1a: Alomomola
|-singleturn|p1a: Alomomola|Protect
|move|p2a: Dragapult|Tera Blast|p1a: Alomomola|[anim] Tera Blast Ghost
|-activate|p1a: Alomomola|move: Protect
|
|-weather|none
|-heal|p1a: Alomomola|58/100|[from] move: Wish|[wisher] Alomomola
|upkeep
|turn|23
|
|t:|1760872121
|move|p2a: Dragapult|Tera Blast|p1a: Alomomola|[anim] Tera Blast Ghost
|-damage|p1a: Alomomola|10/100
|move|p1a: Alomomola|Flip Turn|p2a: Dragapult
|-damage|p2a: Dragapult|34/100
|
|t:|1760872129
|switch|p1a: Hydrapple|Hydrapple, M|100/100|[from] Flip Turn
|
|upkeep
|turn|24
|
|t:|1760872155
|switch|p2a: Corviknight|Corviknight, F|78/100
|-ability|p2a: Corviknight|Pressure
|move|p1a: Hydrapple|Earth Power|p2a: Corviknight
|-immune|p2a: Corviknight
|
|upkeep
|turn|25
|
|t:|1760872164
|switch|p1a: Alomomola|Alomomola, F, shiny|43/100
|move|p2a: Corviknight|U-turn|p1a: Alomomola
|-damage|p1a: Alomomola|35/100
|inactive|Pannawit12235 has 120 seconds left.
|
|t:|1760872189
|switch|p2a: Dragapult|Dragapult, M, tera:Ghost|34/100|[from] U-turn
|-damage|p2a: Dragapult|22/100|[from] Spikes
|
|upkeep
|turn|26
|
|t:|1760872195
|move|p1a: Alomomola|Protect|p1a: Alomomola
|-singleturn|p1a: Alomomola|Protect
|move|p2a: Dragapult|Tera Blast|p1a: Alomomola|[anim] Tera Blast Ghost
|-activate|p1a: Alomomola|move: Protect
|
|upkeep
|turn|27
|
|t:|1760872202
|switch|p1a: Hydrapple|Hydrapple, M|100/100
|move|p2a: Dragapult|Tera Blast|p1a: Hydrapple|[anim] Tera Blast Ghost
|-damage|p1a: Hydrapple|45/100
|
|upkeep
|turn|28
|
|t:|1760872224
|switch|p1a: Clefable|Clefable, M|13/100
|move|p2a: Dragapult|Tera Blast|p1a: Clefable|[anim] Tera Blast Ghost
|-damage|p1a: Clefable|0 fnt
|faint|p1a: Clefable
|
|upkeep
|
|t:|1760872233
|switch|p1a: Alomomola|Alomomola, F, shiny|68/100
|turn|29
|
|t:|1760872237
|move|p2a: Dragapult|Tera Blast|p1a: Alomomola|[anim] Tera Blast Ghost
|-damage|p1a: Alomomola|18/100
|move|p1a: Alomomola|Flip Turn|p2a: Dragapult
|-damage|p2a: Dragapult|0 fnt
|faint|p2a: Dragapult
|
|t:|1760872247
|switch|p1a: Clodsire|Clodsire, M|45/100|[from] Flip Turn
|
|upkeep
|-message|Pannawit12235 forfeited.
|
|win|KennytheslugSmith
|raw|KennytheslugSmith's rating: 1479 &rarr; <strong>1500</strong><br />(+21 for winning)
|raw|Pannawit12235's rating: 1500 &rarr; <strong>1479</strong><br />(-21 for losing)
|l|☆Pannawit12235
|player|p2|
