|j|☆Scoobenvonduben
|j|☆jigobo
|t:|1760762725
|gametype|singles
|player|p1|Scoobenvonduben|brawly|1334
|player|p2|jigobo|parasollady-gen4|1422
|gen|9
|tier|[Gen 9] OU
|rated|
|rule|HP Percentage Mod: HP is shown in percentages
|rule|Endless Battle Clause: Forcing endless battles is banned
|rule|Species Clause: Limit one of each Pokémon
|rule|OHKO Clause: OHKO moves are banned
|rule|Evasion Items Clause: Evasion items are banned
|rule|Evasion Moves Clause: Evasion moves are banned
|rule|Evasion Abilities Clause: Evasion abilities are banned
|rule|Sleep Moves Clause: Sleep-inducing moves are banned
|clearpoke
|poke|p1|Blissey, F|
|poke|p1|Skeledirge, F|
|poke|p1|Gliscor, M|
|poke|p1|Gyarados, F|
|poke|p1|Corviknight, M|
|poke|p1|Grafaiai, F|
|poke|p2|Raging Bolt|
|poke|p2|Gholdengo|
|poke|p2|Kingambit, F|
|poke|p2|Great Tusk|
|poke|p2|Meowscarada, F|
|poke|p2|Moltres|
|teampreview
|inactive|Battle timer is ON: inactive players will automatically lose when time's up. (requested by jigobo)
|
|t:|1760762734
|teamsize|p1|6
|teamsize|p2|6
|start
|switch|p1a: Gliscor|Gliscor, M, shiny|100/100
|switch|p2a: Meowscarada|Meowscarada, F|100/100
|turn|1
|
|t:|1760762740
|move|p1a: Gliscor|Protect|p1a: Gliscor
|-singleturn|p1a: Gliscor|Protect
|move|p2a: Meowscarada|Knock Off|p1a: Gliscor
|-start|p2a: Meowscarada|typechange|Dark|[from] ability: Protean
|-activate|p1a: Gliscor|move: Protect
|
|-status|p1a: Gliscor|tox|[from] item: Toxic Orb
|upkeep
|turn|2
|
|t:|1760762747
|switch|p2a: Moltres|Moltres|100/100
|move|p1a: Gliscor|Toxic|p2a: Moltres
|-status|p2a: Moltres|tox
|
|-damage|p2a: Moltres|94/100 tox|[from] psn
|upkeep
|turn|3
|
|t:|1760762756
|switch|p2a: Gholdengo|Gholdengo|100/100
|move|p1a: Gliscor|Spikes|p2a: Gholdengo
|-sidestart|p2: jigobo|Spikes
|
|upkeep
|turn|4
|
|t:|1760762759
|move|p2a: Gholdengo|Nasty Plot|p2a: Gholdengo
|-boost|p2a: Gholdengo|spa|2
|move|p1a: Gliscor|Earthquake|p2a: Gholdengo
|-supereffective|p2a: Gholdengo
|-damage|p2a: Gholdengo|43/100
|
|-heal|p2a: Gholdengo|49/100|[from] item: Leftovers
|upkeep
|turn|5
|
|t:|1760762770
|-terastallize|p2a: Gholdengo|Flying
|move|p2a: Gholdengo|Shadow Ball|p1a: Gliscor
|-damage|p1a: Gliscor|26/100 tox
|move|p1a: Gliscor|Earthquake|p2a: Gholdengo
|-immune|p2a: Gholdengo
|
|-heal|p2a: Gholdengo|55/100|[from] item: Leftovers
|-heal|p1a: Gliscor|39/100 tox|[from] ability: Poison Heal
|upkeep
|turn|6
|
|t:|1760762777
|move|p1a: Gliscor|Protect|p1a: Gliscor
|-singleturn|p1a: Gliscor|Protect
|move|p2a: Gholdengo|Make It Rain|p1a: Gliscor
|-activate|p1a: Gliscor|move: Protect
|
|-heal|p2a: Gholdengo|61/100|[from] item: Leftovers
|-heal|p1a: Gliscor|51/100 tox|[from] ability: Poison Heal
|upkeep
|turn|7
|
|t:|1760762782
|switch|p1a: Blissey|Blissey, F|100/100
|move|p2a: Gholdengo|Nasty Plot|p2a: Gholdengo
|-boost|p2a: Gholdengo|spa|2
|
|-heal|p2a: Gholdengo|67/100|[from] item: Leftovers
|upkeep
|turn|8
|
|t:|1760762786
|switch|p1a: Grafaiai|Grafaiai, F|100/100
|move|p2a: Gholdengo|Nasty Plot|p2a: Gholdengo
|-boost|p2a: Gholdengo|spa|2
|
|-heal|p2a: Gholdengo|73/100|[from] item: Leftovers
|upkeep
|turn|9
|
|t:|1760762792
|move|p1a: Grafaiai|Protect|p1a: Grafaiai
|-singleturn|p1a: Grafaiai|Protect
|move|p2a: Gholdengo|Make It Rain|p1a: Grafaiai
|-activate|p1a: Grafaiai|move: Protect
|
|-heal|p2a: Gholdengo|79/100|[from] item: Leftovers
|upkeep
|turn|10
|
|t:|1760762796
|switch|p1a: Gyarados|Gyarados, F, shiny|100/100
|-ability|p1a: Gyarados|Intimidate|boost
|-unboost|p2a: Gholdengo|atk|1
|move|p2a: Gholdengo|Make It Rain|p1a: Gyarados
|-resisted|p1a: Gyarados
|-damage|p1a: Gyarados|0 fnt
|-unboost|p2a: Gholdengo|spa|1
|faint|p1a: Gyarados
|
|-heal|p2a: Gholdengo|85/100|[from] item: Leftovers
|upkeep
|
|t:|1760762801
|switch|p1a: Skeledirge|Skeledirge, F|100/100
|turn|11
|
|t:|1760762807
|move|p2a: Gholdengo|Shadow Ball|p1a: Skeledirge
|-supereffective|p1a: Skeledirge
|-damage|p1a: Skeledirge|30/100
|move|p1a: Skeledirge|Torch Song|p2a: Gholdengo
|-damage|p2a: Gholdengo|54/100
|-boost|p1a: Skeledirge|spa|1
|
|-heal|p2a: Gholdengo|60/100|[from] item: Leftovers
|-heal|p1a: Skeledirge|37/100|[from] item: Leftovers
|upkeep
|turn|12
|
|t:|1760762816
|-terastallize|p1a: Skeledirge|Fairy
|move|p2a: Gholdengo|Shadow Ball|p1a: Skeledirge
|-damage|p1a: Skeledirge|5/100
|-unboost|p1a: Skeledirge|spd|1
|move|p1a: Skeledirge|Torch Song|p2a: Gholdengo
|-damage|p2a: Gholdengo|20/100
|-boost|p1a: Skeledirge|spa|1
|
|-heal|p2a: Gholdengo|26/100|[from] item: Leftovers
|-heal|p1a: Skeledirge|11/100|[from] item: Leftovers
|upkeep
|turn|13
|
|t:|1760762821
|move|p2a: Gholdengo|Shadow Ball|p1a: Skeledirge
|-damage|p1a: Skeledirge|0 fnt
|faint|p1a: Skeledirge
|
|-heal|p2a: Gholdengo|32/100|[from] item: Leftovers
|upkeep
|
|t:|1760762824
|switch|p1a: Corviknight|Corviknight, M|100/100
|turn|14
|
|t:|1760762826
|move|p2a: Gholdengo|Shadow Ball|p1a: Corviknight
|-damage|p1a: Corviknight|0 fnt
|faint|p1a: Corviknight
|
|-heal|p2a: Gholdengo|38/100|[from] item: Leftovers
|upkeep
|-message|Scoobenvonduben forfeited.
|
|win|jigobo
|raw|Scoobenvonduben's rating: 1334 &rarr; <strong>1319</strong><br />(-15 for losing)
|raw|jigobo's rating: 1422 &rarr; <strong>1437</strong><br />(+15 for winning)
|l|☆Scoobenvonduben
|player|p1|
|l|☆jigobo
|player|p2|
