|j|☆novineuniverse
|j|☆steveurkle
|t:|1760768695
|gametype|singles
|player|p1|novineuniverse|102|1595
|player|p2|steveurkle|2|1646
|gen|9
|tier|[Gen 9] OU
|rated|
|rule|HP Percentage Mod: HP is shown in percentages
|rule|Endless Battle Clause: Forcing endless battles is banned
|rule|Species Clause: Limit one of each Pokémon
|rule|OHKO Clause: OHKO moves are banned
|rule|Evasion Items Clause: Evasion items are banned
|rule|Evasion Moves Clause: Evasion moves are banned
|rule|Evasion Abilities Clause: Evasion abilities are banned
|rule|Sleep Moves Clause: Sleep-inducing moves are banned
|clearpoke
|poke|p1|Ting-Lu|
|poke|p1|Zamazenta-*|
|poke|p1|Glimmora, M|
|poke|p1|Kingambit, M|
|poke|p1|Tornadus-Therian, M|
|poke|p1|Rotom-Wash|
|poke|p2|Excadrill, M|
|poke|p2|Dragapult, M|
|poke|p2|Ogerpon-Wellspring, F|
|poke|p2|Slowking, M|
|poke|p2|Kyurem|
|poke|p2|Weezing-Galar, M|
|teampreview
|inactive|Battle timer is ON: inactive players will automatically lose when time's up. (requested by steveurkle)
|
|t:|1760768729
|teamsize|p1|6
|teamsize|p2|6
|start
|switch|p1a: Tornadus|Tornadus-Therian, M|100/100
|switch|p2a: Dragapult|Dragapult, M|100/100
|turn|1
|j| ogkbee
|inactive|steveurkle has 120 seconds left.
|j| Narwhale37
|
|t:|1760768780
|switch|p1a: Ting-Lu|Ting-Lu|100/100
|-ability|p1a: Ting-Lu|Vessel of Ruin
|move|p2a: Dragapult|U-turn|p1a: Ting-Lu
|-supereffective|p1a: Ting-Lu
|-damage|p1a: Ting-Lu|61/100
|-damage|p2a: Dragapult|84/100|[from] item: Rocky Helmet|[of] p1a: Ting-Lu
|inactive|steveurkle has 90 seconds left.
|
|t:|1760768795
|switch|p2a: Ogerpon|Ogerpon-Wellspring, F|100/100|[from] U-turn
|
|upkeep
|turn|2
|
|t:|1760768800
|switch|p1a: Tornadus|Tornadus-Therian, M|100/100
|move|p2a: Ogerpon|Swords Dance|p2a: Ogerpon
|-boost|p2a: Ogerpon|atk|2
|
|upkeep
|turn|3
|
|t:|1760768810
|switch|p2a: Slowking|Slowking, M|100/100
|move|p1a: Tornadus|Bleakwind Storm|p2a: Slowking
|-crit|p2a: Slowking
|-damage|p2a: Slowking|53/100
|-unboost|p2a: Slowking|spe|1
|
|upkeep
|turn|4
|
|t:|1760768824
|move|p1a: Tornadus|Taunt|p2a: Slowking
|-start|p2a: Slowking|move: Taunt
|-prepare|p2a: Slowking|Chilly Reception|[premajor]
|cant|p2a: Slowking|move: Taunt|Chilly Reception
|
|upkeep
|turn|5
|
|t:|1760768831
|switch|p2a: Weezing|Weezing-Galar, M|100/100
|-ability|p2a: Weezing|Neutralizing Gas
|move|p1a: Tornadus|Bleakwind Storm|p2a: Weezing
|-damage|p2a: Weezing|28/100
|
|upkeep
|turn|6
|
|t:|1760768844
|move|p1a: Tornadus|Bleakwind Storm|p2a: Weezing
|-damage|p2a: Weezing|0 fnt
|faint|p2a: Weezing
|-end|p2a: Weezing|ability: Neutralizing Gas
|
|upkeep
|
|t:|1760768858
|switch|p2a: Dragapult|Dragapult, M|84/100
|turn|7
|
|t:|1760768863
|switch|p1a: Glimmora|Glimmora, M|100/100
|move|p2a: Dragapult|Dragon Darts|p1a: Glimmora
|-damage|p1a: Glimmora|54/100
|-activate|p1a: Glimmora|ability: Toxic Debris
|-sidestart|p2: steveurkle|move: Toxic Spikes
|-anim|p2a: Dragapult|Dragon Darts|p1a: Glimmora
|-damage|p1a: Glimmora|5/100
|-activate|p1a: Glimmora|ability: Toxic Debris
|-sidestart|p2: steveurkle|move: Toxic Spikes
|
|upkeep
|turn|8
|
|t:|1760768876
|move|p2a: Dragapult|Dragon Darts|p1a: Glimmora
|-damage|p1a: Glimmora|0 fnt
|faint|p1a: Glimmora
|
|upkeep
|
|t:|1760768879
|switch|p1a: Kingambit|Kingambit, M|100/100
|-activate|p1a: Kingambit|ability: Supreme Overlord
|-start|p1a: Kingambit|fallen1|[silent]
|turn|9
|inactive|steveurkle has 120 seconds left.
|
|t:|1760768884
|switch|p2a: Excadrill|Excadrill, M|100/100
|-ability|p2a: Excadrill|Mold Breaker
|move|p1a: Kingambit|Kowtow Cleave|p2a: Excadrill
|-damage|p2a: Excadrill|26/100
|
|upkeep
|turn|10
|inactive|steveurkle has 120 seconds left.
|
|t:|1760768902
|move|p1a: Kingambit|Sucker Punch|p2a: Excadrill
|-crit|p2a: Excadrill
|-damage|p2a: Excadrill|0 fnt
|faint|p2a: Excadrill
|
|upkeep
|inactive|steveurkle has 90 seconds left.
|
|t:|1760768935
|switch|p2a: Dragapult|Dragapult, M|84/100
|-status|p2a: Dragapult|tox
|turn|11
|inactive|steveurkle has 90 seconds left.
|
|t:|1760768946
|move|p1a: Kingambit|Sucker Punch|p2a: Dragapult
|-supereffective|p2a: Dragapult
|-damage|p2a: Dragapult|0 fnt
|faint|p2a: Dragapult
|
|upkeep
|-message|steveurkle forfeited.
|
|win|novineuniverse
|raw|novineuniverse's rating: 1595 &rarr; <strong>1618</strong><br />(+23 for winning)
|raw|steveurkle's rating: 1646 &rarr; <strong>1623</strong><br />(-23 for losing)
|l|☆steveurkle
|player|p2|
|l|☆novineuniverse
|player|p1|
