|j|☆sakigo
|j|☆SpongeGar & Patar
|t:|1760843064
|gametype|singles
|player|p1|sakigo|nancy|1668
|player|p2|SpongeGar & Patar|101|1750
|gen|9
|tier|[Gen 9] OU
|rated|
|rule|HP Percentage Mod: HP is shown in percentages
|rule|Endless Battle Clause: Forcing endless battles is banned
|rule|Species Clause: Limit one of each Pokémon
|rule|OHKO Clause: OHKO moves are banned
|rule|Evasion Items Clause: Evasion items are banned
|rule|Evasion Moves Clause: Evasion moves are banned
|rule|Evasion Abilities Clause: Evasion abilities are banned
|rule|Sleep Moves Clause: Sleep-inducing moves are banned
|clearpoke
|poke|p1|Raging Bolt|
|poke|p1|Ninetales, F|
|poke|p1|Walking Wake|
|poke|p1|Hatterene, F|
|poke|p1|Kingambit, M|
|poke|p1|Landorus-Therian, M|
|poke|p2|Kyurem|
|poke|p2|Corviknight, M|
|poke|p2|Ting-Lu|
|poke|p2|Dondozo, M|
|poke|p2|Slowking-Galar, L99, F|
|poke|p2|Cinderace, M|
|teampreview
|
|t:|1760843113
|teamsize|p1|6
|teamsize|p2|6
|start
|switch|p1a: Landorus|Landorus-Therian, M, shiny|100/100
|switch|p2a: Kyurem|Kyurem|100/100
|-ability|p2a: Kyurem|Pressure
|-ability|p1a: Landorus|Intimidate|boost
|-unboost|p2a: Kyurem|atk|1
|turn|1
|inactive|Battle timer is ON: inactive players will automatically lose when time's up. (requested by SpongeGar & Patar)
|inactive|SpongeGar & Patar has 120 seconds left.
|
|t:|1760843162
|switch|p1a: Hatterene|Hatterene, F, shiny|100/100
|move|p2a: Kyurem|Freeze-Dry|p1a: Hatterene
|-damage|p1a: Hatterene|68/100
|
|-heal|p1a: Hatterene|74/100|[from] item: Leftovers
|upkeep
|turn|2
|inactive|SpongeGar & Patar has 120 seconds left.
|
|t:|1760843211
|-terastallize|p2a: Kyurem|Ground
|move|p2a: Kyurem|Earth Power|p1a: Hatterene
|-damage|p1a: Hatterene|37/100
|move|p1a: Hatterene|Draining Kiss|p2a: Kyurem
|-damage|p2a: Kyurem|80/100
|-heal|p1a: Hatterene|56/100|[from] drain|[of] p2a: Kyurem
|
|-heal|p2a: Kyurem|87/100|[from] item: Leftovers
|-heal|p1a: Hatterene|62/100|[from] item: Leftovers
|upkeep
|turn|3
|inactive|SpongeGar & Patar has 90 seconds left.
|inactive|sakigo has 120 seconds left.
|
|t:|1760843260
|move|p2a: Kyurem|Earth Power|p1a: Hatterene
|-damage|p1a: Hatterene|22/100
|move|p1a: Hatterene|Draining Kiss|p2a: Kyurem
|-damage|p2a: Kyurem|66/100
|-heal|p1a: Hatterene|42/100|[from] drain|[of] p2a: Kyurem
|
|-heal|p2a: Kyurem|72/100|[from] item: Leftovers
|-heal|p1a: Hatterene|48/100|[from] item: Leftovers
|upkeep
|turn|4
|inactive|sakigo has 120 seconds left.
|inactive|SpongeGar & Patar has 60 seconds left.
|inactive|sakigo has 90 seconds left.
|
|t:|1760843309
|move|p2a: Kyurem|Earth Power|p1a: Hatterene
|-damage|p1a: Hatterene|12/100
|move|p1a: Hatterene|Draining Kiss|p2a: Kyurem
|-damage|p2a: Kyurem|50/100
|-heal|p1a: Hatterene|33/100|[from] drain|[of] p2a: Kyurem
|
|-heal|p2a: Kyurem|56/100|[from] item: Leftovers
|-heal|p1a: Hatterene|39/100|[from] item: Leftovers
|upkeep
|turn|5
|inactive|sakigo has 90 seconds left.
|
|t:|1760843322
|switch|p1a: Landorus|Landorus-Therian, M, shiny|100/100
|-ability|p1a: Landorus|Intimidate|boost
|-unboost|p2a: Kyurem|atk|1
|move|p2a: Kyurem|Freeze-Dry|p1a: Landorus
|-supereffective|p1a: Landorus
|-damage|p1a: Landorus|0 fnt
|faint|p1a: Landorus
|
|-heal|p2a: Kyurem|62/100|[from] item: Leftovers
|upkeep
|
|t:|1760843331
|switch|p1a: Walking Wake|Walking Wake|100/100
|turn|6
|inactive|sakigo has 90 seconds left.
|
|t:|1760843344
|move|p2a: Kyurem|Protect|p2a: Kyurem
|-singleturn|p2a: Kyurem|Protect
|move|p1a: Walking Wake|Hydro Steam|p2a: Kyurem
|-activate|p2a: Kyurem|move: Protect
|
|-heal|p2a: Kyurem|68/100|[from] item: Leftovers
|upkeep
|turn|7
|inactive|sakigo has 90 seconds left.
|
|t:|1760843353
|switch|p2a: Slowking|Slowking-Galar, L99, F|100/100
|move|p1a: Walking Wake|Hydro Steam|p2a: Slowking
|-damage|p2a: Slowking|61/100
|
|upkeep
|turn|8
|inactive|SpongeGar & Patar has 60 seconds left.
|
|t:|1760843363
|move|p1a: Walking Wake|Hydro Steam|p2a: Slowking
|-damage|p2a: Slowking|23/100
|move|p2a: Slowking|Toxic|p1a: Walking Wake
|-status|p1a: Walking Wake|tox
|
|-damage|p1a: Walking Wake|94/100 tox|[from] psn
|upkeep
|turn|9
|
|t:|1760843372
|switch|p2a: Dondozo|Dondozo, M|100/100
|move|p1a: Walking Wake|Hydro Steam|p2a: Dondozo
|-resisted|p2a: Dondozo
|-damage|p2a: Dondozo|71/100
|
|-heal|p2a: Dondozo|77/100|[from] item: Leftovers
|-damage|p1a: Walking Wake|82/100 tox|[from] psn
|upkeep
|turn|10
|
|t:|1760843383
|-end|p1a: Walking Wake|Protosynthesis|[silent]
|switch|p1a: Ninetales|Ninetales, F, shiny|100/100
|-weather|SunnyDay|[from] ability: Drought|[of] p1a: Ninetales
|move|p2a: Dondozo|Waterfall|p1a: Ninetales
|-supereffective|p1a: Ninetales
|-crit|p1a: Ninetales
|-damage|p1a: Ninetales|49/100
|
|-weather|SunnyDay|[upkeep]
|-heal|p2a: Dondozo|83/100|[from] item: Leftovers
|upkeep
|turn|11
|inactive|sakigo has 90 seconds left.
|
|t:|1760843405
|switch|p1a: Raging Bolt|Raging Bolt|100/100
|-activate|p1a: Raging Bolt|ability: Protosynthesis
|-start|p1a: Raging Bolt|protosynthesisspa
|switch|p2a: Kyurem|Kyurem, tera:Ground|68/100
|-ability|p2a: Kyurem|Pressure
|
|-weather|SunnyDay|[upkeep]
|-heal|p2a: Kyurem|74/100|[from] item: Leftovers
|upkeep
|turn|12
|inactive|sakigo has 90 seconds left.
|
|t:|1760843426
|move|p2a: Kyurem|Earth Power|p1a: Raging Bolt
|-supereffective|p1a: Raging Bolt
|-damage|p1a: Raging Bolt|19/100
|move|p1a: Raging Bolt|Weather Ball|p2a: Kyurem
|-damage|p2a: Kyurem|0 fnt
|faint|p2a: Kyurem
|-damage|p1a: Raging Bolt|9/100|[from] item: Life Orb
|
|-weather|SunnyDay|[upkeep]
|upkeep
|
|t:|1760843436
|switch|p2a: Cinderace|Cinderace, M|100/100
|turn|13
|inactive|sakigo has 90 seconds left.
|
|t:|1760843445
|move|p1a: Raging Bolt|Thunderclap|p2a: Cinderace
|-damage|p2a: Cinderace|8/100
|-damage|p1a: Raging Bolt|0 fnt|[from] item: Life Orb
|faint|p1a: Raging Bolt
|-end|p1a: Raging Bolt|Protosynthesis|[silent]
|move|p2a: Cinderace|U-turn|p1: Raging Bolt|[notarget]
|-fail|p2a: Cinderace
|
|-weather|SunnyDay|[upkeep]
|upkeep
|inactive|sakigo has 90 seconds left.
|
|t:|1760843452
|switch|p1a: Walking Wake|Walking Wake|82/100 tox
|-activate|p1a: Walking Wake|ability: Protosynthesis
|-start|p1a: Walking Wake|protosynthesisspe
|turn|14
|
|t:|1760843461
|move|p1a: Walking Wake|Hydro Steam|p2a: Cinderace
|-supereffective|p2a: Cinderace
|-damage|p2a: Cinderace|0 fnt
|faint|p2a: Cinderace
|
|-weather|SunnyDay|[upkeep]
|-damage|p1a: Walking Wake|76/100 tox|[from] psn
|upkeep
|
|t:|1760843470
|switch|p2a: Slowking|Slowking-Galar, L99, F|56/100
|turn|15
|inactive|SpongeGar & Patar has 90 seconds left.
|
|t:|1760843479
|switch|p2a: Dondozo|Dondozo, M|83/100
|-terastallize|p1a: Walking Wake|Water
|move|p1a: Walking Wake|Hydro Steam|p2a: Dondozo
|-resisted|p2a: Dondozo
|-damage|p2a: Dondozo|28/100
|
|-weather|SunnyDay|[upkeep]
|-heal|p2a: Dondozo|34/100|[from] item: Leftovers
|-damage|p1a: Walking Wake|63/100 tox|[from] psn
|upkeep
|turn|16
|inactive|SpongeGar & Patar has 90 seconds left.
|inactive|SpongeGar & Patar has 60 seconds left.
|
|t:|1760843526
|switch|p2a: Slowking|Slowking-Galar, L99, F|89/100
|move|p1a: Walking Wake|Hydro Steam|p2a: Slowking
|-damage|p2a: Slowking|23/100
|
|-weather|SunnyDay|[upkeep]
|-damage|p1a: Walking Wake|45/100 tox|[from] psn
|upkeep
|turn|17
|inactive|sakigo has 120 seconds left.
|inactive|SpongeGar & Patar has 60 seconds left.
|j| Votereform
|inactive|SpongeGar & Patar has 30 seconds left.
|inactive|SpongeGar & Patar has 20 seconds left.
|
|t:|1760843572
|switch|p2a: Dondozo|Dondozo, M|34/100
|move|p1a: Walking Wake|Hydro Steam|p2a: Dondozo
|-resisted|p2a: Dondozo
|-damage|p2a: Dondozo|0 fnt
|faint|p2a: Dondozo
|
|-weather|none
|-end|p1a: Walking Wake|Protosynthesis
|-damage|p1a: Walking Wake|20/100 tox|[from] psn
|upkeep
|inactive|SpongeGar & Patar has 25 seconds left this turn.
|j| Rainbow Chrome
|inactive|SpongeGar & Patar has 20 seconds left.
|
|t:|1760843582
|switch|p2a: Slowking|Slowking-Galar, L99, F|56/100
|turn|18
|inactive|SpongeGar & Patar has 30 seconds left this turn.
|
|t:|1760843591
|-end|p1a: Walking Wake|Protosynthesis|[silent]
|switch|p1a: Kingambit|Kingambit, M|100/100
|-activate|p1a: Kingambit|ability: Supreme Overlord
|-start|p1a: Kingambit|fallen2|[silent]
|-prepare|p2a: Slowking|Chilly Reception|[premajor]
|move|p2a: Slowking|Chilly Reception|p2a: Slowking
|-weather|Snowscape
|inactive|SpongeGar & Patar has 30 seconds left this turn.
|
|t:|1760843599
|switch|p2a: Corviknight|Corviknight, M|100/100|[from] Chilly Reception
|-ability|p2a: Corviknight|Pressure
|
|-weather|Snowscape|[upkeep]
|upkeep
|turn|19
|l| Rainbow Chrome
|inactive|SpongeGar & Patar has 30 seconds left.
|
|t:|1760843609
|-end|p1a: Kingambit|fallen2|[silent]
|switch|p1a: Ninetales|Ninetales, F, shiny|49/100
|-weather|SunnyDay|[from] ability: Drought|[of] p1a: Ninetales
|move|p2a: Corviknight|U-turn|p1a: Ninetales
|-resisted|p1a: Ninetales
|-damage|p1a: Ninetales|40/100
|inactive|SpongeGar & Patar has 30 seconds left.
|j| darknflylikehonch
|
|t:|1760843618
|switch|p2a: Slowking|Slowking-Galar, L99, F|89/100|[from] U-turn
|
|-weather|SunnyDay|[upkeep]
|upkeep
|turn|20
|
|t:|1760843627
|switch|p1a: Hatterene|Hatterene, F, shiny|39/100
|-prepare|p2a: Slowking|Chilly Reception|[premajor]
|move|p2a: Slowking|Chilly Reception|p2a: Slowking
|-weather|Snowscape
|l| darknflylikehonch
|
|t:|1760843636
|switch|p2a: Corviknight|Corviknight, M|100/100|[from] Chilly Reception
|-ability|p2a: Corviknight|Pressure
|
|-weather|Snowscape|[upkeep]
|-heal|p1a: Hatterene|45/100|[from] item: Leftovers
|upkeep
|turn|21
|
|t:|1760843648
|move|p2a: Corviknight|U-turn|p1a: Hatterene
|-damage|p1a: Hatterene|31/100
|
|t:|1760843657
|switch|p2a: Slowking|Slowking-Galar, L99, F|100/100|[from] U-turn
|move|p1a: Hatterene|Calm Mind|p1a: Hatterene
|-boost|p1a: Hatterene|spa|1
|-boost|p1a: Hatterene|spd|1
|
|-weather|Snowscape|[upkeep]
|-heal|p1a: Hatterene|37/100|[from] item: Leftovers
|upkeep
|turn|22
|
|t:|1760843684
|move|p1a: Hatterene|Psyshock|p2a: Slowking
|-damage|p2a: Slowking|45/100
|move|p2a: Slowking|Sludge Bomb|p1a: Hatterene
|-supereffective|p1a: Hatterene
|-damage|p1a: Hatterene|3/100
|-status|p1a: Hatterene|psn
|
|-weather|Snowscape|[upkeep]
|-heal|p1a: Hatterene|9/100 psn|[from] item: Leftovers
|-damage|p1a: Hatterene|0 fnt|[from] psn
|faint|p1a: Hatterene
|upkeep
|inactive|sakigo has 120 seconds left.
|
|t:|1760843706
|switch|p1a: Ninetales|Ninetales, F, shiny|40/100
|-weather|SunnyDay|[from] ability: Drought|[of] p1a: Ninetales
|turn|23
|
|t:|1760843715
|move|p1a: Ninetales|Weather Ball|p2a: Slowking
|-damage|p2a: Slowking|16/100
|-prepare|p2a: Slowking|Chilly Reception|[premajor]
|move|p2a: Slowking|Chilly Reception|p2a: Slowking
|-weather|Snowscape
|
|t:|1760843724
|switch|p2a: Corviknight|Corviknight, M|100/100|[from] Chilly Reception
|-ability|p2a: Corviknight|Pressure
|
|-weather|Snowscape|[upkeep]
|upkeep
|turn|24
|inactive|SpongeGar & Patar has 60 seconds left.
|
|t:|1760843733
|switch|p1a: Kingambit|Kingambit, M|100/100
|-activate|p1a: Kingambit|ability: Supreme Overlord
|-start|p1a: Kingambit|fallen3|[silent]
|switch|p2a: Slowking|Slowking-Galar, L99, F|49/100
|
|-weather|Snowscape|[upkeep]
|upkeep
|turn|25
|inactive|sakigo has 120 seconds left.
|
|t:|1760843751
|move|p1a: Kingambit|Iron Head|p2a: Slowking
|-damage|p2a: Slowking|0 fnt
|faint|p2a: Slowking
|
|-weather|Snowscape|[upkeep]
|upkeep
|inactive|SpongeGar & Patar has 60 seconds left.
|
|t:|1760843761
|switch|p2a: Corviknight|Corviknight, M|100/100
|-ability|p2a: Corviknight|Pressure
|turn|26
|
|t:|1760843770
|-end|p1a: Kingambit|fallen3|[silent]
|switch|p1a: Ninetales|Ninetales, F, shiny|40/100
|-weather|SunnyDay|[from] ability: Drought|[of] p1a: Ninetales
|move|p2a: Corviknight|U-turn|p1a: Ninetales
|-resisted|p1a: Ninetales
|-damage|p1a: Ninetales|31/100
|
|t:|1760843778
|switch|p2a: Ting-Lu|Ting-Lu|100/100|[from] U-turn
|-ability|p2a: Ting-Lu|Vessel of Ruin
|
|-weather|SunnyDay|[upkeep]
|upkeep
|turn|27
|
|t:|1760843788
|move|p1a: Ninetales|Healing Wish|p1a: Ninetales
|faint|p1a: Ninetales
|move|p2a: Ting-Lu|Rest|p2a: Ting-Lu
|-fail|p2a: Ting-Lu|heal
|
|-weather|SunnyDay|[upkeep]
|upkeep
|
|t:|1760843793
|switch|p1a: Walking Wake|Walking Wake, tera:Water|20/100 tox
|-heal|p1a: Walking Wake|100/100|[from] move: Healing Wish
|-activate|p1a: Walking Wake|ability: Protosynthesis
|-start|p1a: Walking Wake|protosynthesisspe
|turn|28
|
|t:|1760843801
|move|p1a: Walking Wake|Hydro Steam|p2a: Ting-Lu
|-supereffective|p2a: Ting-Lu
|-damage|p2a: Ting-Lu|0 fnt
|faint|p2a: Ting-Lu
|
|-weather|SunnyDay|[upkeep]
|upkeep
|
|t:|1760843805
|switch|p2a: Corviknight|Corviknight, M|100/100
|-ability|p2a: Corviknight|Pressure
|turn|29
|
|t:|1760843809
|move|p1a: Walking Wake|Hydro Steam|p2a: Corviknight
|-damage|p2a: Corviknight|0 fnt
|faint|p2a: Corviknight
|
|win|sakigo
|raw|sakigo's rating: 1668 &rarr; <strong>1693</strong><br />(+25 for winning)
|raw|SpongeGar &amp; Patar's rating: 1750 &rarr; <strong>1725</strong><br />(-25 for losing)
|l|☆SpongeGar & Patar
|player|p2|
