|j|☆Blue Chew Mew
|j|☆MainHeadHoncho
|t:|1760845917
|gametype|singles
|player|p1|Blue Chew Mew|169|1294
|player|p2|MainHeadHoncho|266|1294
|gen|9
|tier|[Gen 9] OU
|rated|
|rule|HP Percentage Mod: HP is shown in percentages
|rule|Endless Battle Clause: Forcing endless battles is banned
|rule|Species Clause: Limit one of each Pokémon
|rule|OHKO Clause: OHKO moves are banned
|rule|Evasion Items Clause: Evasion items are banned
|rule|Evasion Moves Clause: Evasion moves are banned
|rule|Evasion Abilities Clause: Evasion abilities are banned
|rule|Sleep Moves Clause: Sleep-inducing moves are banned
|clearpoke
|poke|p1|Greninja-*, M|
|poke|p1|Pecharunt|
|poke|p1|Ogerpon-Wellspring, F|
|poke|p1|Corviknight, M|
|poke|p1|Garganacl, F|
|poke|p1|Iron Valiant|
|poke|p2|Enamorus, F|
|poke|p2|Great Tusk|
|poke|p2|Kingambit, F|
|poke|p2|Landorus-Therian, M|
|poke|p2|Zapdos|
|poke|p2|Deoxys-Speed|
|teampreview
|inactive|Battle timer is ON: inactive players will automatically lose when time's up. (requested by Blue Chew Mew)
|
|t:|1760845933
|teamsize|p1|6
|teamsize|p2|6
|start
|switch|p1a: Garganacl|Garganacl, F|100/100
|switch|p2a: Zapdos|Zapdos|100/100
|turn|1
|
|t:|1760845940
|move|p2a: Zapdos|Thunder Wave|p1a: Garganacl
|-immune|p1a: Garganacl|[from] ability: Purifying Salt
|move|p1a: Garganacl|Salt Cure|p2a: Zapdos
|-supereffective|p2a: Zapdos
|-damage|p2a: Zapdos|70/100
|-start|p2a: Zapdos|Salt Cure
|
|-damage|p2a: Zapdos|58/100|[from] Salt Cure
|upkeep
|turn|2
|
|t:|1760845950
|switch|p2a: Enamorus|Enamorus, F|100/100
|move|p1a: Garganacl|Protect||[still]
|-fail|p1a: Garganacl
|
|upkeep
|turn|3
|
|t:|1760845957
|switch|p1a: Corviknight|Corviknight, M|100/100
|-ability|p1a: Corviknight|Pressure
|move|p2a: Enamorus|Superpower|p1a: Corviknight
|-damage|p1a: Corviknight|72/100
|-boost|p2a: Enamorus|atk|1
|-boost|p2a: Enamorus|def|1
|-damage|p2a: Enamorus|84/100|[from] item: Rocky Helmet|[of] p1a: Corviknight
|
|upkeep
|turn|4
|
|t:|1760845968
|move|p2a: Enamorus|Superpower|p1a: Corviknight
|-damage|p1a: Corviknight|28/100
|-boost|p2a: Enamorus|atk|1
|-boost|p2a: Enamorus|def|1
|-damage|p2a: Enamorus|67/100|[from] item: Rocky Helmet|[of] p1a: Corviknight
|move|p1a: Corviknight|Iron Defense|p1a: Corviknight
|-boost|p1a: Corviknight|def|2
|
|upkeep
|turn|5
|
|t:|1760845978
|switch|p1a: Pecharunt|Pecharunt|100/100
|move|p2a: Enamorus|Superpower|p1a: Pecharunt
|-immune|p1a: Pecharunt
|
|upkeep
|turn|6
|
|t:|1760845986
|switch|p2a: Landorus|Landorus-Therian, M|100/100
|-ability|p2a: Landorus|Intimidate|boost
|-unboost|p1a: Pecharunt|atk|1
|move|p1a: Pecharunt|Malignant Chain|p2a: Landorus
|-resisted|p2a: Landorus
|-damage|p2a: Landorus|72/100
|
|upkeep
|turn|7
|
|t:|1760845998
|switch|p1a: Corviknight|Corviknight, M|28/100
|-ability|p1a: Corviknight|Pressure
|move|p2a: Landorus|Stealth Rock|p1a: Corviknight
|-sidestart|p1: Blue Chew Mew|move: Stealth Rock
|
|upkeep
|turn|8
|
|t:|1760846005
|switch|p2a: Enamorus|Enamorus, F|67/100
|move|p1a: Corviknight|Roost|p1a: Corviknight
|-heal|p1a: Corviknight|78/100
|-singleturn|p1a: Corviknight|move: Roost
|
|upkeep
|turn|9
|
|t:|1760846015
|move|p2a: Enamorus|Superpower|p1a: Corviknight
|-damage|p1a: Corviknight|49/100
|-boost|p2a: Enamorus|atk|1
|-boost|p2a: Enamorus|def|1
|-damage|p2a: Enamorus|51/100|[from] item: Rocky Helmet|[of] p1a: Corviknight
|move|p1a: Corviknight|Roost|p1a: Corviknight
|-heal|p1a: Corviknight|99/100
|-singleturn|p1a: Corviknight|move: Roost
|
|upkeep
|turn|10
|
|t:|1760846030
|switch|p2a: Deoxys|Deoxys-Speed|100/100
|-ability|p2a: Deoxys|Pressure
|switch|p1a: Pecharunt|Pecharunt|100/100
|
|upkeep
|turn|11
|
|t:|1760846062
|switch|p2a: Kingambit|Kingambit, F|100/100
|-item|p2a: Kingambit|Air Balloon
|switch|p1a: Corviknight|Corviknight, M|99/100
|-damage|p1a: Corviknight|87/100|[from] Stealth Rock
|-ability|p1a: Corviknight|Pressure
|
|upkeep
|turn|12
|
|t:|1760846074
|-end|p2a: Kingambit|fallenundefined|[silent]
|switch|p2a: Landorus|Landorus-Therian, M|72/100
|-ability|p2a: Landorus|Intimidate|boost
|-unboost|p1a: Corviknight|atk|1
|move|p1a: Corviknight|Body Press|p2a: Landorus
|-resisted|p2a: Landorus
|-damage|p2a: Landorus|61/100
|-damage|p1a: Corviknight|70/100|[from] item: Rocky Helmet|[of] p2a: Landorus
|
|upkeep
|turn|13
|
|t:|1760846084
|move|p2a: Landorus|Taunt|p1a: Corviknight
|-start|p1a: Corviknight|move: Taunt
|cant|p1a: Corviknight|move: Taunt|Roost
|
|upkeep
|turn|14
|
|t:|1760846094
|switch|p2a: Deoxys|Deoxys-Speed|100/100
|-ability|p2a: Deoxys|Pressure
|switch|p1a: Ogerpon|Ogerpon-Wellspring, F|100/100
|-damage|p1a: Ogerpon|88/100|[from] Stealth Rock
|
|upkeep
|turn|15
|
|t:|1760846102
|switch|p1a: Corviknight|Corviknight, M|70/100
|-damage|p1a: Corviknight|58/100|[from] Stealth Rock
|-ability|p1a: Corviknight|Pressure
|move|p2a: Deoxys|Psycho Boost|p1a: Corviknight
|-resisted|p1a: Corviknight
|-damage|p1a: Corviknight|38/100
|-unboost|p2a: Deoxys|spa|2
|
|upkeep
|turn|16
|
|t:|1760846118
|switch|p2a: Zapdos|Zapdos|58/100
|move|p1a: Corviknight|Roost|p1a: Corviknight
|-heal|p1a: Corviknight|88/100
|-singleturn|p1a: Corviknight|move: Roost
|
|upkeep
|turn|17
|
|t:|1760846133
|switch|p1a: Garganacl|Garganacl, F|100/100
|-damage|p1a: Garganacl|88/100|[from] Stealth Rock
|move|p2a: Zapdos|Roost|p2a: Zapdos
|-heal|p2a: Zapdos|100/100
|-singleturn|p2a: Zapdos|move: Roost
|
|-heal|p1a: Garganacl|94/100|[from] item: Leftovers
|upkeep
|turn|18
|
|t:|1760846143
|switch|p2a: Landorus|Landorus-Therian, M|61/100
|-ability|p2a: Landorus|Intimidate|boost
|-unboost|p1a: Garganacl|atk|1
|move|p1a: Garganacl|Salt Cure|p2a: Landorus
|-damage|p2a: Landorus|50/100
|-start|p2a: Landorus|Salt Cure
|
|-heal|p1a: Garganacl|100/100|[from] item: Leftovers
|-damage|p2a: Landorus|37/100|[from] Salt Cure
|upkeep
|turn|19
|
|t:|1760846154
|switch|p2a: Great Tusk|Great Tusk|100/100
|move|p1a: Garganacl|Protect||[still]
|-fail|p1a: Garganacl
|
|upkeep
|turn|20
|
|t:|1760846165
|switch|p1a: Corviknight|Corviknight, M|88/100
|-damage|p1a: Corviknight|76/100|[from] Stealth Rock
|-ability|p1a: Corviknight|Pressure
|move|p2a: Great Tusk|Close Combat|p1a: Corviknight
|-damage|p1a: Corviknight|25/100
|-unboost|p2a: Great Tusk|def|1
|-unboost|p2a: Great Tusk|spd|1
|-damage|p2a: Great Tusk|84/100|[from] item: Rocky Helmet|[of] p1a: Corviknight
|
|upkeep
|turn|21
|
|t:|1760846180
|switch|p1a: Pecharunt|Pecharunt|100/100
|move|p2a: Great Tusk|Close Combat|p1a: Pecharunt
|-immune|p1a: Pecharunt
|
|upkeep
|turn|22
|
|t:|1760846201
|move|p1a: Pecharunt|Parting Shot|p2a: Great Tusk
|-unboost|p2a: Great Tusk|atk|1
|-unboost|p2a: Great Tusk|spa|1
|inactive|Blue Chew Mew has 120 seconds left.
|
|t:|1760846217
|switch|p1a: Corviknight|Corviknight, M|25/100|[from] Parting Shot
|-damage|p1a: Corviknight|13/100|[from] Stealth Rock
|-ability|p1a: Corviknight|Pressure
|move|p2a: Great Tusk|Headlong Rush|p1a: Corviknight
|-immune|p1a: Corviknight
|
|upkeep
|turn|23
|inactive|Blue Chew Mew has 120 seconds left.
|
|t:|1760846229
|move|p2a: Great Tusk|Ice Spinner|p1a: Corviknight
|-damage|p1a: Corviknight|0 fnt
|-damage|p2a: Great Tusk|67/100|[from] item: Rocky Helmet|[of] p1a: Corviknight
|faint|p1a: Corviknight
|
|upkeep
|inactive|Blue Chew Mew has 120 seconds left.
|
|t:|1760846237
|switch|p1a: Ogerpon|Ogerpon-Wellspring, F|88/100
|-damage|p1a: Ogerpon|76/100|[from] Stealth Rock
|turn|24
|
|t:|1760846244
|-end|p2a: Great Tusk|Protosynthesis|[silent]
|switch|p2a: Landorus|Landorus-Therian, M|37/100
|-ability|p2a: Landorus|Intimidate|boost
|-unboost|p1a: Ogerpon|atk|1
|-terastallize|p1a: Ogerpon|Water
|detailschange|p1a: Ogerpon|Ogerpon-Wellspring-Tera, F, tera:Water
|-ability|p1a: Ogerpon|Embody Aspect (Wellspring)|boost
|-boost|p1a: Ogerpon|spd|1
|move|p1a: Ogerpon|Ivy Cudgel|p2a: Landorus|[anim] Ivy Cudgel Water
|-supereffective|p2a: Landorus
|-damage|p2a: Landorus|0 fnt
|faint|p2a: Landorus
|
|upkeep
|
|t:|1760846261
|switch|p2a: Zapdos|Zapdos|100/100
|turn|25
|
|t:|1760846267
|move|p1a: Ogerpon|U-turn|p2a: Zapdos
|-resisted|p2a: Zapdos
|-damage|p2a: Zapdos|91/100
|-status|p1a: Ogerpon|par|[from] ability: Static|[of] p2a: Zapdos
|
|t:|1760846280
|switch|p1a: Garganacl|Garganacl, F|100/100|[from] U-turn
|-damage|p1a: Garganacl|88/100|[from] Stealth Rock
|move|p2a: Zapdos|Thunderbolt|p1a: Garganacl
|-damage|p1a: Garganacl|47/100
|
|-heal|p1a: Garganacl|53/100|[from] item: Leftovers
|upkeep
|turn|26
|
|t:|1760846295
|switch|p2a: Great Tusk|Great Tusk|67/100
|move|p1a: Garganacl|Salt Cure|p2a: Great Tusk
|-resisted|p2a: Great Tusk
|-damage|p2a: Great Tusk|65/100
|-start|p2a: Great Tusk|Salt Cure
|
|-heal|p1a: Garganacl|59/100|[from] item: Leftovers
|-damage|p2a: Great Tusk|53/100|[from] Salt Cure
|upkeep
|turn|27
|
|t:|1760846305
|move|p1a: Garganacl|Protect|p1a: Garganacl
|-singleturn|p1a: Garganacl|Protect
|move|p2a: Great Tusk|Headlong Rush|p1a: Garganacl
|-activate|p1a: Garganacl|move: Protect
|
|-heal|p1a: Garganacl|66/100|[from] item: Leftovers
|-damage|p2a: Great Tusk|40/100|[from] Salt Cure
|upkeep
|turn|28
|
|t:|1760846317
|-end|p2a: Great Tusk|Protosynthesis|[silent]
|switch|p2a: Deoxys|Deoxys-Speed|100/100
|-ability|p2a: Deoxys|Pressure
|switch|p1a: Pecharunt|Pecharunt|100/100
|
|upkeep
|turn|29
|
|t:|1760846329
|switch|p1a: Greninja|Greninja, M|100/100
|-damage|p1a: Greninja|88/100|[from] Stealth Rock
|move|p2a: Deoxys|Ice Beam|p1a: Greninja
|-resisted|p1a: Greninja
|-damage|p1a: Greninja|68/100
|
|upkeep
|turn|30
|
|t:|1760846340
|move|p2a: Deoxys|Grass Knot|p1a: Greninja
|-supereffective|p1a: Greninja
|-damage|p1a: Greninja|19/100
|move|p1a: Greninja|Ice Beam|p2a: Deoxys
|-damage|p2a: Deoxys|58/100
|
|upkeep
|turn|31
|
|t:|1760846349
|switch|p1a: Pecharunt|Pecharunt|100/100
|move|p2a: Deoxys|Grass Knot|p1a: Pecharunt
|-resisted|p1a: Pecharunt
|-damage|p1a: Pecharunt|98/100
|
|upkeep
|turn|32
|
|t:|1760846366
|switch|p2a: Kingambit|Kingambit, F|100/100
|-activate|p2a: Kingambit|ability: Supreme Overlord
|-start|p2a: Kingambit|fallen1|[silent]
|-item|p2a: Kingambit|Air Balloon
|move|p1a: Pecharunt|Shadow Ball|p2a: Kingambit
|-resisted|p2a: Kingambit
|-damage|p2a: Kingambit|83/100
|-enditem|p2a: Kingambit|Air Balloon
|
|upkeep
|turn|33
|
|t:|1760846376
|move|p1a: Pecharunt|Parting Shot|p2a: Kingambit
|-unboost|p2a: Kingambit|atk|1
|-unboost|p2a: Kingambit|spa|1
|
|t:|1760846387
|switch|p1a: Iron Valiant|Iron Valiant|100/100|[from] Parting Shot
|-damage|p1a: Iron Valiant|94/100|[from] Stealth Rock
|move|p2a: Kingambit|Swords Dance|p2a: Kingambit
|-boost|p2a: Kingambit|atk|2
|
|upkeep
|turn|34
|
|t:|1760846401
|-terastallize|p2a: Kingambit|Dark
|move|p2a: Kingambit|Sucker Punch|p1a: Iron Valiant
|-resisted|p1a: Iron Valiant
|-damage|p1a: Iron Valiant|63/100
|move|p1a: Iron Valiant|Moonblast|p2a: Kingambit
|-supereffective|p2a: Kingambit
|-damage|p2a: Kingambit|0 fnt
|faint|p2a: Kingambit
|-end|p2a: Kingambit|fallen1|[silent]
|-damage|p1a: Iron Valiant|54/100|[from] item: Life Orb
|
|upkeep
|
|t:|1760846415
|switch|p2a: Deoxys|Deoxys-Speed|58/100
|-ability|p2a: Deoxys|Pressure
|turn|35
|
|t:|1760846423
|-end|p1a: Iron Valiant|Quark Drive|[silent]
|switch|p1a: Greninja|Greninja, M|19/100
|-damage|p1a: Greninja|7/100|[from] Stealth Rock
|move|p2a: Deoxys|Psycho Boost|p1a: Greninja
|-immune|p1a: Greninja
|
|upkeep
|turn|36
|
|t:|1760846433
|move|p1a: Greninja|Water Shuriken|p2a: Deoxys
|-damage|p2a: Deoxys|46/100
|-damage|p2a: Deoxys|33/100
|-damage|p2a: Deoxys|20/100
|-hitcount|p2a: Deoxys|3
|move|p2a: Deoxys|Grass Knot|p1a: Greninja
|-supereffective|p1a: Greninja
|-damage|p1a: Greninja|0 fnt
|faint|p1a: Greninja
|
|upkeep
|
|t:|1760846450
|switch|p1a: Pecharunt|Pecharunt|98/100
|turn|37
|
|t:|1760846455
|switch|p2a: Zapdos|Zapdos|91/100
|move|p1a: Pecharunt|Parting Shot|p2a: Zapdos
|-unboost|p2a: Zapdos|atk|1
|-unboost|p2a: Zapdos|spa|1
|
|t:|1760846464
|switch|p1a: Garganacl|Garganacl, F|66/100|[from] Parting Shot
|-damage|p1a: Garganacl|53/100|[from] Stealth Rock
|
|-heal|p1a: Garganacl|59/100|[from] item: Leftovers
|upkeep
|turn|38
|
|t:|1760846479
|switch|p2a: Enamorus|Enamorus, F|51/100
|move|p1a: Garganacl|Recover|p1a: Garganacl
|-heal|p1a: Garganacl|100/100
|
|upkeep
|turn|39
|
|t:|1760846485
|move|p1a: Garganacl|Protect|p1a: Garganacl
|-singleturn|p1a: Garganacl|Protect
|move|p2a: Enamorus|Healing Wish|p2a: Enamorus
|faint|p2a: Enamorus
|
|upkeep
|
|t:|1760846487
|switch|p2a: Great Tusk|Great Tusk|40/100
|-heal|p2a: Great Tusk|100/100|[from] move: Healing Wish
|turn|40
|
|t:|1760846494
|move|p2a: Great Tusk|Headlong Rush|p1a: Garganacl
|-supereffective|p1a: Garganacl
|-damage|p1a: Garganacl|29/100
|-unboost|p2a: Great Tusk|def|1
|-unboost|p2a: Great Tusk|spd|1
|move|p1a: Garganacl|Salt Cure|p2a: Great Tusk
|-resisted|p2a: Great Tusk
|-damage|p2a: Great Tusk|98/100
|-start|p2a: Great Tusk|Salt Cure
|
|-heal|p1a: Garganacl|35/100|[from] item: Leftovers
|-damage|p2a: Great Tusk|85/100|[from] Salt Cure
|upkeep
|turn|41
|
|t:|1760846507
|-end|p2a: Great Tusk|Protosynthesis|[silent]
|switch|p2a: Zapdos|Zapdos|91/100
|move|p1a: Garganacl|Protect||[still]
|-fail|p1a: Garganacl
|
|-heal|p1a: Garganacl|41/100|[from] item: Leftovers
|upkeep
|turn|42
|
|t:|1760846514
|move|p1a: Garganacl|Protect|p1a: Garganacl
|-singleturn|p1a: Garganacl|Protect
|move|p2a: Zapdos|Thunderbolt|p1a: Garganacl
|-activate|p1a: Garganacl|move: Protect
|
|-heal|p1a: Garganacl|47/100|[from] item: Leftovers
|upkeep
|turn|43
|
|t:|1760846522
|move|p2a: Zapdos|Thunderbolt|p1a: Garganacl
|-damage|p1a: Garganacl|8/100
|move|p1a: Garganacl|Recover|p1a: Garganacl
|-heal|p1a: Garganacl|58/100
|
|-heal|p1a: Garganacl|64/100|[from] item: Leftovers
|upkeep
|turn|44
|
|t:|1760846531
|switch|p2a: Great Tusk|Great Tusk|85/100
|move|p1a: Garganacl|Salt Cure|p2a: Great Tusk
|-resisted|p2a: Great Tusk
|-damage|p2a: Great Tusk|83/100
|-start|p2a: Great Tusk|Salt Cure
|
|-heal|p1a: Garganacl|70/100|[from] item: Leftovers
|-damage|p2a: Great Tusk|70/100|[from] Salt Cure
|upkeep
|turn|45
|
|t:|1760846541
|-end|p2a: Great Tusk|Protosynthesis|[silent]
|switch|p2a: Zapdos|Zapdos|91/100
|move|p1a: Garganacl|Protect||[still]
|-fail|p1a: Garganacl
|
|-heal|p1a: Garganacl|76/100|[from] item: Leftovers
|upkeep
|turn|46
|
|t:|1760846549
|move|p2a: Zapdos|Thunderbolt|p1a: Garganacl
|-damage|p1a: Garganacl|33/100
|move|p1a: Garganacl|Salt Cure|p2a: Zapdos
|-supereffective|p2a: Zapdos
|-damage|p2a: Zapdos|61/100
|-start|p2a: Zapdos|Salt Cure
|
|-heal|p1a: Garganacl|39/100|[from] item: Leftovers
|-damage|p2a: Zapdos|49/100|[from] Salt Cure
|upkeep
|turn|47
|
|t:|1760846558
|move|p2a: Zapdos|Roost|p2a: Zapdos
|-heal|p2a: Zapdos|99/100
|-singleturn|p2a: Zapdos|move: Roost
|move|p1a: Garganacl|Salt Cure|p2a: Zapdos
|-damage|p2a: Zapdos|86/100
|
|-heal|p1a: Garganacl|46/100|[from] item: Leftovers
|-damage|p2a: Zapdos|73/100|[from] Salt Cure
|upkeep
|turn|48
|
|t:|1760846569
|move|p2a: Zapdos|Thunderbolt|p1a: Garganacl
|-damage|p1a: Garganacl|1/100
|move|p1a: Garganacl|Recover|p1a: Garganacl
|-heal|p1a: Garganacl|51/100
|
|-heal|p1a: Garganacl|58/100|[from] item: Leftovers
|-damage|p2a: Zapdos|61/100|[from] Salt Cure
|upkeep
|turn|49
|
|t:|1760846579
|switch|p2a: Great Tusk|Great Tusk|70/100
|move|p1a: Garganacl|Salt Cure|p2a: Great Tusk
|-resisted|p2a: Great Tusk
|-damage|p2a: Great Tusk|68/100
|-start|p2a: Great Tusk|Salt Cure
|
|-heal|p1a: Garganacl|64/100|[from] item: Leftovers
|-damage|p2a: Great Tusk|56/100|[from] Salt Cure
|upkeep
|turn|50
|
|t:|1760846589
|move|p1a: Garganacl|Protect|p1a: Garganacl
|-singleturn|p1a: Garganacl|Protect
|move|p2a: Great Tusk|Headlong Rush|p1a: Garganacl
|-activate|p1a: Garganacl|move: Protect
|
|-heal|p1a: Garganacl|70/100|[from] item: Leftovers
|-damage|p2a: Great Tusk|43/100|[from] Salt Cure
|upkeep
|turn|51
|
|t:|1760846600
|switch|p1a: Ogerpon|Ogerpon-Wellspring-Tera, F, tera:Water|76/100 par
|-damage|p1a: Ogerpon|64/100 par|[from] Stealth Rock
|-ability|p1a: Ogerpon|Embody Aspect (Wellspring)|boost
|-boost|p1a: Ogerpon|spd|1
|move|p2a: Great Tusk|Headlong Rush|p1a: Ogerpon
|-damage|p1a: Ogerpon|0 fnt
|-unboost|p2a: Great Tusk|def|1
|-unboost|p2a: Great Tusk|spd|1
|faint|p1a: Ogerpon
|detailschange|p1: Ogerpon|Ogerpon-Wellspring, F|[silent]
|
|-damage|p2a: Great Tusk|31/100|[from] Salt Cure
|upkeep
|
|t:|1760846614
|switch|p1a: Iron Valiant|Iron Valiant|54/100
|-damage|p1a: Iron Valiant|48/100|[from] Stealth Rock
|turn|52
|
|t:|1760846626
|-end|p2a: Great Tusk|Protosynthesis|[silent]
|switch|p2a: Zapdos|Zapdos|61/100
|move|p1a: Iron Valiant|Moonblast|p2a: Zapdos
|-damage|p2a: Zapdos|3/100
|-unboost|p2a: Zapdos|spa|1
|-damage|p1a: Iron Valiant|38/100|[from] item: Life Orb
|
|upkeep
|turn|53
|
|t:|1760846635
|move|p1a: Iron Valiant|Moonblast|p2a: Zapdos
|-crit|p2a: Zapdos
|-damage|p2a: Zapdos|0 fnt
|faint|p2a: Zapdos
|-damage|p1a: Iron Valiant|28/100|[from] item: Life Orb
|
|upkeep
|
|t:|1760846637
|switch|p2a: Deoxys|Deoxys-Speed|20/100
|-ability|p2a: Deoxys|Pressure
|turn|54
|
|t:|1760846650
|move|p2a: Deoxys|Grass Knot|p1a: Iron Valiant
|-damage|p1a: Iron Valiant|0 fnt
|faint|p1a: Iron Valiant
|-end|p1a: Iron Valiant|Quark Drive|[silent]
|
|upkeep
|
|t:|1760846655
|switch|p1a: Pecharunt|Pecharunt|98/100
|turn|55
|
|t:|1760846662
|move|p2a: Deoxys|Ice Beam|p1a: Pecharunt
|-damage|p1a: Pecharunt|70/100
|move|p1a: Pecharunt|Parting Shot|p2a: Deoxys
|-unboost|p2a: Deoxys|atk|1
|-unboost|p2a: Deoxys|spa|1
|
|t:|1760846668
|switch|p1a: Garganacl|Garganacl, F|70/100|[from] Parting Shot
|-damage|p1a: Garganacl|58/100|[from] Stealth Rock
|
|-heal|p1a: Garganacl|64/100|[from] item: Leftovers
|upkeep
|turn|56
|
|t:|1760846675
|move|p2a: Deoxys|Grass Knot|p1a: Garganacl
|-supereffective|p1a: Garganacl
|-crit|p1a: Garganacl
|-damage|p1a: Garganacl|0 fnt
|faint|p1a: Garganacl
|
|upkeep
|
|t:|1760846681
|switch|p1a: Pecharunt|Pecharunt|70/100
|turn|57
|
|t:|1760846685
|move|p2a: Deoxys|Ice Beam|p1a: Pecharunt
|-damage|p1a: Pecharunt|53/100
|move|p1a: Pecharunt|Recover|p1a: Pecharunt
|-heal|p1a: Pecharunt|100/100
|
|upkeep
|turn|58
|
|t:|1760846691
|move|p2a: Deoxys|Ice Beam|p1a: Pecharunt
|-damage|p1a: Pecharunt|82/100
|move|p1a: Pecharunt|Shadow Ball|p2a: Deoxys
|-supereffective|p2a: Deoxys
|-damage|p2a: Deoxys|0 fnt
|faint|p2a: Deoxys
|
|upkeep
|
|t:|1760846696
|switch|p2a: Great Tusk|Great Tusk|31/100
|turn|59
|
|t:|1760846701
|move|p1a: Pecharunt|Shadow Ball|p2a: Great Tusk
|-damage|p2a: Great Tusk|1/100
|-unboost|p2a: Great Tusk|spd|1
|move|p2a: Great Tusk|Headlong Rush|p1a: Pecharunt
|-supereffective|p1a: Pecharunt
|-damage|p1a: Pecharunt|0 fnt
|-unboost|p2a: Great Tusk|def|1
|-unboost|p2a: Great Tusk|spd|1
|faint|p1a: Pecharunt
|
|win|MainHeadHoncho
|raw|Blue Chew Mew's rating: 1294 &rarr; <strong>1269</strong><br />(-25 for losing)
|raw|MainHeadHoncho's rating: 1294 &rarr; <strong>1319</strong><br />(+25 for winning)
|c|☆MainHeadHoncho|gg
|l|☆Blue Chew Mew
|player|p1|
|l|☆MainHeadHoncho
|player|p2|
