|j|☆ori456
|j|☆YinToYang
|t:|1760737983
|gametype|singles
|player|p1|ori456|169|1291
|player|p2|YinToYang|n|1346
|gen|9
|tier|[Gen 9] OU
|rated|
|rule|HP Percentage Mod: HP is shown in percentages
|rule|Endless Battle Clause: Forcing endless battles is banned
|rule|Species Clause: Limit one of each Pokémon
|rule|OHKO Clause: OHKO moves are banned
|rule|Evasion Items Clause: Evasion items are banned
|rule|Evasion Moves Clause: Evasion moves are banned
|rule|Evasion Abilities Clause: Evasion abilities are banned
|rule|Sleep Moves Clause: Sleep-inducing moves are banned
|clearpoke
|poke|p1|Samurott-Hisui, F|
|poke|p1|Zamazenta-*|
|poke|p1|Torkoal, M|
|poke|p1|Walking Wake|
|poke|p1|Dragapult, F|
|poke|p1|Kingambit, M|
|poke|p2|Skarmory, F|
|poke|p2|Pecharunt|
|poke|p2|Slowking-Galar, M|
|poke|p2|Blissey, F|
|poke|p2|Avalugg, M|
|poke|p2|Garganacl, M|
|teampreview
|j| excalion of ?
|inactive|Battle timer is ON: inactive players will automatically lose when time's up. (requested by ori456)
|
|t:|1760737989
|teamsize|p1|6
|teamsize|p2|6
|start
|switch|p1a: Torkoal|Torkoal, M|100/100
|switch|p2a: Blissey|Blissey, F|100/100
|-weather|SunnyDay|[from] ability: Drought|[of] p1a: Torkoal
|turn|1
|
|t:|1760738006
|switch|p1a: Samurott|Samurott-Hisui, F|100/100
|move|p2a: Blissey|Light Screen|p2a: Blissey
|-sidestart|p2: YinToYang|move: Light Screen
|
|-weather|SunnyDay|[upkeep]
|upkeep
|turn|2
|
|t:|1760738012
|switch|p2a: Avalugg|Avalugg, M|100/100
|move|p1a: Samurott|Ceaseless Edge|p2a: Avalugg
|-damage|p2a: Avalugg|79/100
|-sidestart|p2: YinToYang|Spikes
|
|-weather|SunnyDay|[upkeep]
|upkeep
|turn|3
|
|t:|1760738021
|move|p1a: Samurott|Ceaseless Edge|p2a: Avalugg
|-damage|p2a: Avalugg|59/100
|-sidestart|p2: YinToYang|Spikes
|move|p2a: Avalugg|Rapid Spin|p1a: Samurott
|-damage|p1a: Samurott|85/100
|-boost|p2a: Avalugg|spe|1
|-sideend|p2: YinToYang|Spikes|[from] move: Rapid Spin|[of] p2a: Avalugg
|
|-weather|SunnyDay|[upkeep]
|upkeep
|turn|4
|
|t:|1760738031
|-terastallize|p1a: Samurott|Ghost
|move|p1a: Samurott|Ceaseless Edge|p2a: Avalugg
|-damage|p2a: Avalugg|42/100
|-sidestart|p2: YinToYang|Spikes
|move|p2a: Avalugg|Body Press|p1a: Samurott
|-immune|p1a: Samurott
|
|-weather|SunnyDay|[upkeep]
|upkeep
|turn|5
|
|t:|1760738041
|move|p1a: Samurott|Ceaseless Edge|p2a: Avalugg
|-damage|p2a: Avalugg|23/100
|-sidestart|p2: YinToYang|Spikes
|move|p2a: Avalugg|Recover|p2a: Avalugg
|-heal|p2a: Avalugg|73/100
|
|-weather|none
|-sideend|p2: YinToYang|move: Light Screen
|upkeep
|turn|6
|
|t:|1760738049
|move|p1a: Samurott|Ceaseless Edge|p2a: Avalugg
|-damage|p2a: Avalugg|53/100
|-sidestart|p2: YinToYang|Spikes
|move|p2a: Avalugg|Earthquake|p1a: Samurott
|-damage|p1a: Samurott|50/100
|
|upkeep
|turn|7
|
|t:|1760738059
|move|p1a: Samurott|Aqua Cutter|p2a: Avalugg
|-damage|p2a: Avalugg|31/100
|move|p2a: Avalugg|Earthquake|p1a: Samurott
|-damage|p1a: Samurott|19/100
|
|upkeep
|turn|8
|
|t:|1760738065
|move|p1a: Samurott|Aqua Cutter|p2a: Avalugg
|-damage|p2a: Avalugg|10/100
|move|p2a: Avalugg|Recover|p2a: Avalugg
|-heal|p2a: Avalugg|60/100
|
|upkeep
|turn|9
|
|t:|1760738072
|move|p1a: Samurott|Aqua Cutter|p2a: Avalugg
|-damage|p2a: Avalugg|40/100
|move|p2a: Avalugg|Earthquake|p1a: Samurott
|-damage|p1a: Samurott|0 fnt
|faint|p1a: Samurott
|
|upkeep
|
|t:|1760738081
|switch|p1a: Dragapult|Dragapult, F|100/100
|turn|10
|
|t:|1760738100
|switch|p2a: Skarmory|Skarmory, F|100/100
|move|p1a: Dragapult|Flamethrower|p2a: Skarmory
|-supereffective|p2a: Skarmory
|-damage|p2a: Skarmory|29/100
|-status|p2a: Skarmory|brn
|-damage|p1a: Dragapult|91/100|[from] item: Life Orb
|
|-damage|p2a: Skarmory|23/100 brn|[from] brn
|upkeep
|turn|11
|
|t:|1760738116
|switch|p2a: Blissey|Blissey, F|100/100
|move|p1a: Dragapult|Flamethrower|p2a: Blissey
|-damage|p2a: Blissey|94/100
|-damage|p1a: Dragapult|81/100|[from] item: Life Orb
|
|upkeep
|turn|12
|
|t:|1760738127
|move|p1a: Dragapult|Dragon Darts|p2a: Blissey
|-crit|p2a: Blissey
|-damage|p2a: Blissey|0 fnt
|faint|p2a: Blissey
|-damage|p1a: Dragapult|71/100|[from] item: Life Orb
|
|upkeep
|
|t:|1760738129
|switch|p2a: Slowking|Slowking-Galar, M|100/100
|-damage|p2a: Slowking|76/100|[from] Spikes
|turn|13
|
|t:|1760738140
|-terastallize|p2a: Slowking|Dark
|move|p1a: Dragapult|Dragon Darts|p2a: Slowking
|-damage|p2a: Slowking|40/100
|-anim|p1a: Dragapult|Dragon Darts|p2a: Slowking
|-damage|p2a: Slowking|1/100
|-damage|p1a: Dragapult|62/100|[from] item: Life Orb
|move|p2a: Slowking|Thunder Wave|p1a: Dragapult
|-status|p1a: Dragapult|par
|
|-heal|p2a: Slowking|7/100|[from] item: Leftovers
|upkeep
|turn|14
|
|t:|1760738154
|move|p1a: Dragapult|Sucker Punch|p2a: Slowking
|-resisted|p2a: Slowking
|-damage|p2a: Slowking|0 fnt
|faint|p2a: Slowking
|-damage|p1a: Dragapult|52/100 par|[from] item: Life Orb
|
|upkeep
|
|t:|1760738160
|switch|p2a: Avalugg|Avalugg, M|40/100
|turn|15
|
|t:|1760738165
|move|p1a: Dragapult|Flamethrower|p2a: Avalugg
|-supereffective|p2a: Avalugg
|-damage|p2a: Avalugg|0 fnt
|faint|p2a: Avalugg
|-damage|p1a: Dragapult|42/100 par|[from] item: Life Orb
|
|upkeep
|
|t:|1760738168
|switch|p2a: Skarmory|Skarmory, F|23/100 brn
|turn|16
|-message|YinToYang forfeited.
|
|win|ori456
|raw|ori456's rating: 1291 &rarr; <strong>1320</strong><br />(+29 for winning)
|raw|YinToYang's rating: 1346 &rarr; <strong>1323</strong><br />(-23 for losing)
|l|☆YinToYang
|player|p2|
|l|☆ori456
|player|p1|
|l| excalion of ?
