|j|☆kilowatrel
|j|☆KuroNoTamashi
|t:|1760789623
|gametype|singles
|player|p1|kilowatrel|101|1333
|player|p2|KuroNoTamashi|102|1384
|gen|9
|tier|[Gen 9] OU
|rated|
|rule|HP Percentage Mod: HP is shown in percentages
|rule|Endless Battle Clause: Forcing endless battles is banned
|rule|Species Clause: Limit one of each Pokémon
|rule|OHKO Clause: OHKO moves are banned
|rule|Evasion Items Clause: Evasion items are banned
|rule|Evasion Moves Clause: Evasion moves are banned
|rule|Evasion Abilities Clause: Evasion abilities are banned
|rule|Sleep Moves Clause: Sleep-inducing moves are banned
|clearpoke
|poke|p1|Corviknight, F|
|poke|p1|Slowking-Galar, F|
|poke|p1|Scizor, M|
|poke|p1|Samurott-Hisui, F|
|poke|p1|Kyurem|
|poke|p1|Latios, M|
|poke|p2|Ursaluna, M|
|poke|p2|Mimikyu, F|
|poke|p2|Hatterene, F|
|poke|p2|Copperajah, M|
|poke|p2|Crawdaunt, M|
|poke|p2|Hoopa|
|teampreview
|inactive|Battle timer is ON: inactive players will automatically lose when time's up. (requested by kilowatrel)
|
|t:|1760789631
|teamsize|p1|6
|teamsize|p2|6
|start
|switch|p1a: Scizor|Scizor, M|100/100
|switch|p2a: Hoopa|Hoopa|100/100
|turn|1
|
|t:|1760789639
|move|p1a: Scizor|Knock Off|p2a: Hoopa
|-supereffective|p2a: Hoopa
|-enditem|p2a: Hoopa|Focus Sash
|-damage|p2a: Hoopa|1/100
|move|p2a: Hoopa|Trick Room|p2a: Hoopa
|-fieldstart|move: Trick Room|[of] p2a: Hoopa
|
|upkeep
|turn|2
|
|t:|1760789647
|switch|p1a: Slowking|Slowking-Galar, F|100/100
|move|p2a: Hoopa|Shadow Ball|p1a: Slowking
|-supereffective|p1a: Slowking
|-damage|p1a: Slowking|40/100
|-item|p2a: Hoopa|Heavy-Duty Boots|[from] ability: Magician|[of] p1a: Slowking
|
|upkeep
|turn|3
|
|t:|1760789657
|-prepare|p1a: Slowking|Chilly Reception|[premajor]
|move|p1a: Slowking|Chilly Reception|p1a: Slowking
|-weather|Snowscape
|
|t:|1760789662
|switch|p1a: Samurott|Samurott-Hisui, F|100/100|[from] Chilly Reception
|move|p2a: Hoopa|Shadow Ball|p1a: Samurott
|-resisted|p1a: Samurott
|-damage|p1a: Samurott|59/100
|
|-weather|Snowscape|[upkeep]
|upkeep
|turn|4
|
|t:|1760789672
|move|p1a: Samurott|Sucker Punch|p2a: Hoopa
|-supereffective|p2a: Hoopa
|-damage|p2a: Hoopa|0 fnt
|faint|p2a: Hoopa
|
|-weather|Snowscape|[upkeep]
|upkeep
|
|t:|1760789677
|switch|p2a: Copperajah|Copperajah, M, shiny|100/100
|turn|5
|
|t:|1760789683
|switch|p1a: Corviknight|Corviknight, F|100/100
|-ability|p1a: Corviknight|Pressure
|move|p2a: Copperajah|Play Rough|p1a: Corviknight
|-resisted|p1a: Corviknight
|-damage|p1a: Corviknight|82/100
|-damage|p2a: Copperajah|84/100|[from] item: Rocky Helmet|[of] p1a: Corviknight
|
|-weather|Snowscape|[upkeep]
|-fieldend|move: Trick Room
|upkeep
|turn|6
|
|t:|1760789695
|move|p1a: Corviknight|U-turn|p2a: Copperajah
|-resisted|p2a: Copperajah
|-damage|p2a: Copperajah|77/100
|
|t:|1760789698
|switch|p1a: Slowking|Slowking-Galar, F|73/100|[from] U-turn
|move|p2a: Copperajah|Heat Crash|p1a: Slowking
|-damage|p1a: Slowking|11/100
|-damage|p2a: Copperajah|67/100|[from] item: Life Orb
|
|-weather|Snowscape|[upkeep]
|upkeep
|turn|7
|
|t:|1760789709
|switch|p1a: Latios|Latios, M|100/100
|move|p2a: Copperajah|Play Rough|p1a: Latios
|-supereffective|p1a: Latios
|-damage|p1a: Latios|0 fnt
|faint|p1a: Latios
|
|-weather|none
|upkeep
|
|t:|1760789719
|switch|p1a: Scizor|Scizor, M|100/100
|turn|8
|
|t:|1760789723
|switch|p2a: Mimikyu|Mimikyu, F|100/100
|move|p1a: Scizor|U-turn|p2a: Mimikyu
|-activate|p2a: Mimikyu|ability: Disguise
|-damage|p2a: Mimikyu|100/100
|detailschange|p2a: Mimikyu|Mimikyu-Busted, F
|-damage|p2a: Mimikyu|88/100|[from] pokemon: Mimikyu-Busted
|
|t:|1760789743
|switch|p1a: Slowking|Slowking-Galar, F|44/100|[from] U-turn
|
|upkeep
|turn|9
|l|☆KuroNoTamashi
|inactive|KuroNoTamashi disconnected and has a minute to reconnect!
|player|p2|
|inactive|KuroNoTamashi has 30 seconds to reconnect!
|inactive|KuroNoTamashi has 20 seconds to reconnect!
|inactive|KuroNoTamashi has 15 seconds to reconnect!
|j|☆KuroNoTamashi
|inactive|KuroNoTamashi reconnected and has 105 seconds left.
|player|p2|KuroNoTamashi|102|
|
|t:|1760789791
|switch|p1a: Scizor|Scizor, M|100/100
|move|p2a: Mimikyu|Trick Room|p2a: Mimikyu
|-fieldstart|move: Trick Room|[of] p2a: Mimikyu
|
|upkeep
|turn|10
|
|t:|1760789798
|move|p1a: Scizor|Bullet Punch|p2a: Mimikyu
|-supereffective|p2a: Mimikyu
|-damage|p2a: Mimikyu|0 fnt
|faint|p2a: Mimikyu
|
|upkeep
|
|t:|1760789801
|switch|p2a: Crawdaunt|Crawdaunt, M|100/100
|turn|11
|
|t:|1760789806
|switch|p1a: Corviknight|Corviknight, F|82/100
|-ability|p1a: Corviknight|Pressure
|move|p2a: Crawdaunt|Crabhammer|p1a: Corviknight|[miss]
|-miss|p2a: Crawdaunt|p1a: Corviknight
|
|upkeep
|turn|12
|
|t:|1760789814
|move|p2a: Crawdaunt|Crabhammer|p1a: Corviknight
|-damage|p1a: Corviknight|17/100
|-damage|p2a: Crawdaunt|84/100|[from] item: Rocky Helmet|[of] p1a: Corviknight
|move|p1a: Corviknight|Roost|p1a: Corviknight
|-heal|p1a: Corviknight|67/100
|-singleturn|p1a: Corviknight|move: Roost
|
|upkeep
|turn|13
|
|t:|1760789823
|move|p2a: Crawdaunt|Crabhammer|p1a: Corviknight|[miss]
|-miss|p2a: Crawdaunt|p1a: Corviknight
|move|p1a: Corviknight|Roost|p1a: Corviknight
|-heal|p1a: Corviknight|100/100
|-singleturn|p1a: Corviknight|move: Roost
|
|-fieldend|move: Trick Room
|upkeep
|turn|14
|
|t:|1760789834
|move|p1a: Corviknight|U-turn|p2a: Crawdaunt
|-supereffective|p2a: Crawdaunt
|-damage|p2a: Crawdaunt|52/100
|
|t:|1760789837
|switch|p1a: Kyurem|Kyurem|100/100|[from] U-turn
|-ability|p1a: Kyurem|Pressure
|move|p2a: Crawdaunt|Crabhammer|p1a: Kyurem
|-resisted|p1a: Kyurem
|-damage|p1a: Kyurem|46/100
|
|upkeep
|turn|15
|
|t:|1760789846
|move|p1a: Kyurem|Freeze-Dry|p2a: Crawdaunt
|-supereffective|p2a: Crawdaunt
|-crit|p2a: Crawdaunt
|-damage|p2a: Crawdaunt|0 fnt
|faint|p2a: Crawdaunt
|
|upkeep
|
|t:|1760789849
|switch|p2a: Copperajah|Copperajah, M, shiny|67/100
|turn|16
|
|t:|1760789855
|move|p1a: Kyurem|Earth Power|p2a: Copperajah
|-supereffective|p2a: Copperajah
|-damage|p2a: Copperajah|0 fnt
|faint|p2a: Copperajah
|
|upkeep
|
|t:|1760789860
|switch|p2a: Ursaluna|Ursaluna, M, shiny|100/100
|turn|17
|
|t:|1760789864
|-terastallize|p2a: Ursaluna|Normal
|move|p1a: Kyurem|Blizzard|p2a: Ursaluna|[miss]
|-miss|p1a: Kyurem|p2a: Ursaluna
|move|p2a: Ursaluna|Facade|p1a: Kyurem
|-damage|p1a: Kyurem|0 fnt
|faint|p1a: Kyurem
|
|-status|p2a: Ursaluna|brn|[from] item: Flame Orb
|upkeep
|
|t:|1760789876
|switch|p1a: Samurott|Samurott-Hisui, F|59/100
|turn|18
|
|t:|1760789880
|move|p1a: Samurott|Sacred Sword|p2a: Ursaluna
|-supereffective|p2a: Ursaluna
|-damage|p2a: Ursaluna|40/100 brn
|move|p2a: Ursaluna|Facade|p1a: Samurott
|-damage|p1a: Samurott|0 fnt
|faint|p1a: Samurott
|
|-damage|p2a: Ursaluna|34/100 brn|[from] brn
|upkeep
|
|t:|1760789890
|switch|p1a: Scizor|Scizor, M|100/100
|turn|19
|
|t:|1760789897
|switch|p2a: Hatterene|Hatterene, F|100/100
|-terastallize|p1a: Scizor|Steel
|move|p1a: Scizor|Bullet Punch|p2a: Hatterene
|-supereffective|p2a: Hatterene
|-enditem|p2a: Hatterene|Focus Sash
|-damage|p2a: Hatterene|1/100
|
|upkeep
|turn|20
|-message|KuroNoTamashi forfeited.
|
|win|kilowatrel
|raw|kilowatrel's rating: 1333 &rarr; <strong>1356</strong><br />(+23 for winning)
|raw|KuroNoTamashi's rating: 1384 &rarr; <strong>1361</strong><br />(-23 for losing)
|l|☆KuroNoTamashi
|player|p2|
|l|☆kilowatrel
|player|p1|
