|j|☆yourmum1999
|j|☆Lucker testing
|t:|1760813998
|gametype|singles
|player|p1|yourmum1999|265|1345
|player|p2|Lucker testing|marnie|1338
|gen|9
|tier|[Gen 9] OU
|rated|
|rule|HP Percentage Mod: HP is shown in percentages
|rule|Endless Battle Clause: Forcing endless battles is banned
|rule|Species Clause: Limit one of each Pokémon
|rule|OHKO Clause: OHKO moves are banned
|rule|Evasion Items Clause: Evasion items are banned
|rule|Evasion Moves Clause: Evasion moves are banned
|rule|Evasion Abilities Clause: Evasion abilities are banned
|rule|Sleep Moves Clause: Sleep-inducing moves are banned
|clearpoke
|poke|p1|Kingambit, F|
|poke|p1|Cinderace, F|
|poke|p1|Landorus-Therian, M|
|poke|p1|Iron Valiant|
|poke|p1|Kyurem|
|poke|p1|Slowking-Galar, M|
|poke|p2|Landorus-Therian, M|
|poke|p2|Pecharunt|
|poke|p2|Ogerpon-Wellspring, F|
|poke|p2|Kingambit, M|
|poke|p2|Zamazenta-*|
|poke|p2|Blaziken, M|
|teampreview
|c|☆Lucker testing|hi mom!
|c|☆yourmum1999|hi lucker
|c|☆Lucker testing|glhf <3
|c|☆yourmum1999|same to you <3
|
|t:|1760814023
|teamsize|p1|6
|teamsize|p2|6
|start
|switch|p1a: Homelandor|Landorus-Therian, M, shiny|100/100
|switch|p2a: Landorus|Landorus-Therian, M|100/100
|-ability|p1a: Homelandor|Intimidate|boost
|-unboost|p2a: Landorus|atk|1
|-ability|p2a: Landorus|Intimidate|boost
|-unboost|p1a: Homelandor|atk|1
|turn|1
|
|t:|1760814031
|move|p1a: Homelandor|Taunt|p2a: Landorus
|-start|p2a: Landorus|move: Taunt
|cant|p2a: Landorus|move: Taunt|Stealth Rock
|
|upkeep
|turn|2
|
|t:|1760814035
|move|p1a: Homelandor|Stealth Rock|p2a: Landorus
|-sidestart|p2: Lucker testing|move: Stealth Rock
|move|p2a: Landorus|U-turn|p1a: Homelandor
|-resisted|p1a: Homelandor
|-crit|p1a: Homelandor
|-damage|p1a: Homelandor|85/100
|-damage|p2a: Landorus|84/100|[from] item: Rocky Helmet|[of] p1a: Homelandor
|
|t:|1760814037
|switch|p2a: Ogerpon|Ogerpon-Wellspring, F|100/100|[from] U-turn
|-damage|p2a: Ogerpon|88/100|[from] Stealth Rock
|
|upkeep
|turn|3
|
|t:|1760814084
|switch|p1a: Mr. Freeze|Kyurem, shiny|100/100
|-ability|p1a: Mr. Freeze|Pressure
|-terastallize|p2a: Ogerpon|Water
|detailschange|p2a: Ogerpon|Ogerpon-Wellspring-Tera, F, tera:Water
|-ability|p2a: Ogerpon|Embody Aspect (Wellspring)|boost
|-boost|p2a: Ogerpon|spd|1
|move|p2a: Ogerpon|Ivy Cudgel|p1a: Mr. Freeze|[anim] Ivy Cudgel Water
|-resisted|p1a: Mr. Freeze
|-crit|p1a: Mr. Freeze
|-damage|p1a: Mr. Freeze|50/100
|
|-heal|p1a: Mr. Freeze|56/100|[from] item: Leftovers
|upkeep
|turn|4
|
|t:|1760814099
|move|p2a: Ogerpon|Play Rough|p1a: Mr. Freeze
|-supereffective|p1a: Mr. Freeze
|-damage|p1a: Mr. Freeze|0 fnt
|faint|p1a: Mr. Freeze
|
|upkeep
|
|t:|1760814113
|switch|p1a: Homelandor|Landorus-Therian, M, shiny|85/100
|-ability|p1a: Homelandor|Intimidate|boost
|-unboost|p2a: Ogerpon|atk|1
|turn|5
|
|t:|1760814119
|move|p2a: Ogerpon|Ivy Cudgel|p1a: Homelandor|[anim] Ivy Cudgel Water
|-supereffective|p1a: Homelandor
|-damage|p1a: Homelandor|0 fnt
|faint|p1a: Homelandor
|
|upkeep
|
|t:|1760814126
|switch|p1a: Daenerys|Kingambit, F|100/100
|-activate|p1a: Daenerys|ability: Supreme Overlord
|-start|p1a: Daenerys|fallen2|[silent]
|turn|6
|
|t:|1760814137
|switch|p2a: Blaziken|Blaziken, M|100/100
|-damage|p2a: Blaziken|88/100|[from] Stealth Rock
|move|p1a: Daenerys|Swords Dance|p1a: Daenerys
|-boost|p1a: Daenerys|atk|2
|
|upkeep
|turn|7
|
|t:|1760814154
|move|p2a: Blaziken|Protect|p2a: Blaziken
|-singleturn|p2a: Blaziken|Protect
|move|p1a: Daenerys|Sucker Punch||[still]
|-fail|p1a: Daenerys
|
|-ability|p2a: Blaziken|Speed Boost|boost
|-boost|p2a: Blaziken|spe|1
|upkeep
|turn|8
|
|t:|1760814161
|move|p1a: Daenerys|Sucker Punch|p2a: Blaziken
|-resisted|p2a: Blaziken
|-damage|p2a: Blaziken|24/100
|move|p2a: Blaziken|Overheat|p1a: Daenerys
|-supereffective|p1a: Daenerys
|-damage|p1a: Daenerys|0 fnt
|-unboost|p2a: Blaziken|spa|2
|faint|p1a: Daenerys
|-end|p1a: Daenerys|fallen2|[silent]
|
|-ability|p2a: Blaziken|Speed Boost|boost
|-boost|p2a: Blaziken|spe|1
|upkeep
|
|t:|1760814178
|switch|p1a: Chillionaire|Slowking-Galar, M, shiny|100/100
|turn|9
|
|t:|1760814186
|switch|p2a: Landorus|Landorus-Therian, M|84/100
|-damage|p2a: Landorus|72/100|[from] Stealth Rock
|-ability|p2a: Landorus|Intimidate|boost
|-unboost|p1a: Chillionaire|atk|1
|move|p1a: Chillionaire|Psychic Noise|p2a: Landorus
|-damage|p2a: Landorus|41/100
|-start|p2a: Landorus|move: Heal Block
|
|upkeep
|turn|10
|
|t:|1760814197
|move|p2a: Landorus|Stealth Rock|p1a: Chillionaire
|-sidestart|p1: yourmum1999|move: Stealth Rock
|-prepare|p1a: Chillionaire|Chilly Reception|[premajor]
|move|p1a: Chillionaire|Chilly Reception|p1a: Chillionaire
|-weather|Snowscape
|
|t:|1760814204
|switch|p1a: Kristine|Cinderace, F, shiny|100/100|[from] Chilly Reception
|
|-weather|Snowscape|[upkeep]
|-end|p2a: Landorus|move: Heal Block
|upkeep
|turn|11
|
|t:|1760814219
|switch|p2a: Pecharunt|Pecharunt|100/100
|move|p1a: Kristine|Pyro Ball|p2a: Pecharunt
|-damage|p2a: Pecharunt|74/100
|
|-weather|Snowscape|[upkeep]
|upkeep
|turn|12
|
|t:|1760814242
|move|p1a: Kristine|Will-O-Wisp|p2a: Pecharunt
|-status|p2a: Pecharunt|brn
|move|p2a: Pecharunt|Shadow Ball|p1a: Kristine
|-damage|p1a: Kristine|72/100
|-unboost|p1a: Kristine|spd|1
|
|-weather|Snowscape|[upkeep]
|-damage|p2a: Pecharunt|68/100 brn|[from] brn
|upkeep
|turn|13
|
|t:|1760814251
|move|p1a: Kristine|U-turn|p2a: Pecharunt
|-resisted|p2a: Pecharunt
|-damage|p2a: Pecharunt|65/100 brn
|
|t:|1760814266
|switch|p1a: WALL-Y|Iron Valiant|100/100|[from] U-turn
|-damage|p1a: WALL-Y|94/100|[from] Stealth Rock
|-enditem|p1a: WALL-Y|Booster Energy
|-activate|p1a: WALL-Y|ability: Quark Drive|[fromitem]
|-start|p1a: WALL-Y|quarkdrivespe
|move|p2a: Pecharunt|Recover|p2a: Pecharunt
|-heal|p2a: Pecharunt|100/100 brn
|
|-weather|Snowscape|[upkeep]
|-damage|p2a: Pecharunt|94/100 brn|[from] brn
|upkeep
|turn|14
|
|t:|1760814276
|move|p1a: WALL-Y|Calm Mind|p1a: WALL-Y
|-boost|p1a: WALL-Y|spa|1
|-boost|p1a: WALL-Y|spd|1
|move|p2a: Pecharunt|Malignant Chain|p1a: WALL-Y
|-supereffective|p1a: WALL-Y
|-damage|p1a: WALL-Y|22/100
|
|-weather|none
|-damage|p2a: Pecharunt|88/100 brn|[from] brn
|upkeep
|turn|15
|
|t:|1760814286
|-terastallize|p1a: WALL-Y|Ghost
|move|p1a: WALL-Y|Shadow Ball|p2a: Pecharunt
|-supereffective|p2a: Pecharunt
|-damage|p2a: Pecharunt|0 fnt
|faint|p2a: Pecharunt
|
|upkeep
|
|t:|1760814326
|switch|p2a: Zamazenta|Zamazenta|100/100
|-damage|p2a: Zamazenta|94/100|[from] Stealth Rock
|-ability|p2a: Zamazenta|Dauntless Shield|boost
|-boost|p2a: Zamazenta|def|1
|turn|16
|
|t:|1760814335
|move|p1a: WALL-Y|Moonblast|p2a: Zamazenta
|-supereffective|p2a: Zamazenta
|-damage|p2a: Zamazenta|17/100
|move|p2a: Zamazenta|Crunch|p1a: WALL-Y
|-supereffective|p1a: WALL-Y
|-damage|p1a: WALL-Y|0 fnt
|faint|p1a: WALL-Y
|-end|p1a: WALL-Y|Quark Drive|[silent]
|
|upkeep
|-message|yourmum1999 forfeited.
|
|win|Lucker testing
|raw|yourmum1999's rating: 1345 &rarr; <strong>1325</strong><br />(-20 for losing)
|raw|Lucker testing's rating: 1338 &rarr; <strong>1358</strong><br />(+20 for winning)
|l|☆yourmum1999
|player|p1|
|c|☆Lucker testing|sorry mom...
