|j|☆Lucio Valer
|j|☆moi88764
|t:|1760806538
|gametype|singles
|player|p1|Lucio Valer|gentleman-gen4dp|1000
|player|p2|moi88764|buck|1000
|gen|9
|tier|[Gen 9] OU
|rated|
|rule|HP Percentage Mod: HP is shown in percentages
|rule|Endless Battle Clause: Forcing endless battles is banned
|rule|Species Clause: Limit one of each Pokémon
|rule|OHKO Clause: OHKO moves are banned
|rule|Evasion Items Clause: Evasion items are banned
|rule|Evasion Moves Clause: Evasion moves are banned
|rule|Evasion Abilities Clause: Evasion abilities are banned
|rule|Sleep Moves Clause: Sleep-inducing moves are banned
|clearpoke
|poke|p1|Drowzee, M|
|poke|p1|Cinderace, M|
|poke|p1|Noctowl, M|
|poke|p1|Slowbro, M|
|poke|p1|Totodile, M|
|poke|p1|Blaziken, M|
|poke|p2|Ninetales, M|
|poke|p2|Raging Bolt|
|poke|p2|Gastrodon, F|
|poke|p2|Kingambit, M|
|poke|p2|Decidueye, M|
|poke|p2|Mandibuzz, F|
|teampreview
|
|t:|1760806546
|teamsize|p1|6
|teamsize|p2|6
|start
|switch|p1a: Willy|Cinderace, M|100/100
|switch|p2a: Ninetales|Ninetales, M|100/100
|-weather|SunnyDay|[from] ability: Drought|[of] p2a: Ninetales
|turn|1
|
|t:|1760806556
|move|p2a: Ninetales|Scorching Sands|p1a: Willy
|-supereffective|p1a: Willy
|-damage|p1a: Willy|45/100
|move|p1a: Willy|Scorching Sands|p2a: Ninetales
|-start|p1a: Willy|typechange|Ground|[from] ability: Libero
|-supereffective|p2a: Ninetales
|-damage|p2a: Ninetales|39/100
|
|-weather|SunnyDay|[upkeep]
|-heal|p2a: Ninetales|45/100|[from] item: Leftovers
|upkeep
|turn|2
|
|t:|1760806577
|move|p2a: Ninetales|Solar Beam||[still]
|-prepare|p2a: Ninetales|Solar Beam
|-anim|p2a: Ninetales|Solar Beam|p1a: Willy
|-supereffective|p1a: Willy
|-damage|p1a: Willy|0 fnt
|faint|p1a: Willy
|
|-weather|SunnyDay|[upkeep]
|-heal|p2a: Ninetales|51/100|[from] item: Leftovers
|upkeep
|
|t:|1760806589
|switch|p1a: Pablito|Noctowl, M|100/100
|turn|3
|
|t:|1760806597
|move|p2a: Ninetales|Fire Blast|p1a: Pablito
|-damage|p1a: Pablito|25/100
|move|p1a: Pablito|Calm Mind|p1a: Pablito
|-boost|p1a: Pablito|spa|1
|-boost|p1a: Pablito|spd|1
|
|-weather|SunnyDay|[upkeep]
|-heal|p2a: Ninetales|57/100|[from] item: Leftovers
|upkeep
|turn|4
|
|t:|1760806608
|move|p2a: Ninetales|Fire Blast|p1a: Pablito
|-damage|p1a: Pablito|0 fnt
|faint|p1a: Pablito
|
|-weather|SunnyDay|[upkeep]
|-heal|p2a: Ninetales|63/100|[from] item: Leftovers
|upkeep
|
|t:|1760806615
|switch|p1a: Meliton|Drowzee, M|100/100
|turn|5
|
|t:|1760806619
|move|p2a: Ninetales|Nasty Plot|p2a: Ninetales
|-boost|p2a: Ninetales|spa|2
|move|p1a: Meliton|Toxic|p2a: Ninetales
|-status|p2a: Ninetales|tox
|
|-weather|none
|-heal|p2a: Ninetales|69/100 tox|[from] item: Leftovers
|-damage|p2a: Ninetales|63/100 tox|[from] psn
|upkeep
|turn|6
|
|t:|1760806629
|move|p2a: Ninetales|Fire Blast|p1a: Meliton
|-damage|p1a: Meliton|0 fnt
|faint|p1a: Meliton
|
|-heal|p2a: Ninetales|69/100 tox|[from] item: Leftovers
|-damage|p2a: Ninetales|57/100 tox|[from] psn
|upkeep
|
|t:|1760806640
|switch|p1a: Ismael|Totodile, M|100/100
|turn|7
|
|t:|1760806649
|switch|p2a: Decidueye|Decidueye, M|100/100
|move|p1a: Ismael|Aqua Tail|p2a: Decidueye
|-resisted|p2a: Decidueye
|-damage|p2a: Decidueye|91/100
|
|-heal|p2a: Decidueye|97/100|[from] item: Leftovers
|upkeep
|turn|8
|
|t:|1760806660
|switch|p1a: Yupanqui|Blaziken, M|100/100
|move|p2a: Decidueye|Leaf Blade|p1a: Yupanqui
|-resisted|p1a: Yupanqui
|-damage|p1a: Yupanqui|80/100
|
|-heal|p2a: Decidueye|100/100|[from] item: Leftovers
|upkeep
|turn|9
|
|t:|1760806670
|switch|p2a: Mandibuzz|Mandibuzz, F|100/100
|move|p1a: Yupanqui|Flare Blitz|p2a: Mandibuzz
|-damage|p2a: Mandibuzz|73/100
|-damage|p1a: Yupanqui|64/100|[from] item: Rocky Helmet|[of] p2a: Mandibuzz
|-damage|p1a: Yupanqui|51/100|[from] Recoil
|
|-ability|p1a: Yupanqui|Speed Boost|boost
|-boost|p1a: Yupanqui|spe|1
|upkeep
|turn|10
|
|t:|1760806682
|move|p1a: Yupanqui|Flare Blitz|p2a: Mandibuzz
|-damage|p2a: Mandibuzz|43/100
|-damage|p1a: Yupanqui|34/100|[from] item: Rocky Helmet|[of] p2a: Mandibuzz
|-damage|p1a: Yupanqui|21/100|[from] Recoil
|move|p2a: Mandibuzz|Roost|p2a: Mandibuzz
|-heal|p2a: Mandibuzz|93/100
|-singleturn|p2a: Mandibuzz|move: Roost
|
|-ability|p1a: Yupanqui|Speed Boost|boost
|-boost|p1a: Yupanqui|spe|1
|upkeep
|turn|11
|
|t:|1760806692
|move|p1a: Yupanqui|Close Combat|p2a: Mandibuzz
|-damage|p2a: Mandibuzz|66/100
|-unboost|p1a: Yupanqui|def|1
|-unboost|p1a: Yupanqui|spd|1
|-damage|p1a: Yupanqui|5/100|[from] item: Rocky Helmet|[of] p2a: Mandibuzz
|move|p2a: Mandibuzz|Foul Play|p1a: Yupanqui
|-resisted|p1a: Yupanqui
|-damage|p1a: Yupanqui|0 fnt
|faint|p1a: Yupanqui
|
|upkeep
|
|t:|1760806703
|switch|p1a: Ismael|Totodile, M|100/100
|turn|12
|
|t:|1760806709
|switch|p2a: Gastrodon|Gastrodon, F|100/100
|move|p1a: Ismael|Superpower|p2a: Gastrodon
|-damage|p2a: Gastrodon|78/100
|-unboost|p1a: Ismael|atk|1
|-unboost|p1a: Ismael|def|1
|
|-heal|p2a: Gastrodon|84/100|[from] item: Leftovers
|upkeep
|turn|13
|
|t:|1760806719
|-terastallize|p1a: Ismael|Water
|move|p1a: Ismael|Superpower|p2a: Gastrodon
|-damage|p2a: Gastrodon|69/100
|-unboost|p1a: Ismael|atk|1
|-unboost|p1a: Ismael|def|1
|move|p2a: Gastrodon|Earth Power|p1a: Ismael
|-damage|p1a: Ismael|33/100
|
|-heal|p2a: Gastrodon|75/100|[from] item: Leftovers
|upkeep
|turn|14
|
|t:|1760806736
|move|p1a: Ismael|Superpower|p2a: Gastrodon
|-damage|p2a: Gastrodon|63/100
|-unboost|p1a: Ismael|atk|1
|-unboost|p1a: Ismael|def|1
|move|p2a: Gastrodon|Earth Power|p1a: Ismael
|-damage|p1a: Ismael|0 fnt
|faint|p1a: Ismael
|
|-heal|p2a: Gastrodon|69/100|[from] item: Leftovers
|upkeep
|
|t:|1760806745
|switch|p1a: Jefferson|Slowbro, M|100/100
|-item|p1a: Jefferson|Air Balloon
|turn|15
|
|t:|1760806754
|move|p1a: Jefferson|Foul Play|p2a: Gastrodon
|-damage|p2a: Gastrodon|53/100
|move|p2a: Gastrodon|Surf|p1a: Jefferson
|-resisted|p1a: Jefferson
|-damage|p1a: Jefferson|87/100
|-enditem|p1a: Jefferson|Air Balloon
|
|-heal|p2a: Gastrodon|59/100|[from] item: Leftovers
|upkeep
|turn|16
|
|t:|1760806763
|move|p1a: Jefferson|Zen Headbutt|p2a: Gastrodon
|-damage|p2a: Gastrodon|39/100
|cant|p2a: Gastrodon|flinch
|
|-heal|p2a: Gastrodon|45/100|[from] item: Leftovers
|upkeep
|turn|17
|
|t:|1760806772
|move|p1a: Jefferson|Foul Play|p2a: Gastrodon
|-crit|p2a: Gastrodon
|-damage|p2a: Gastrodon|23/100
|move|p2a: Gastrodon|Recover|p2a: Gastrodon
|-heal|p2a: Gastrodon|73/100
|
|-heal|p2a: Gastrodon|79/100|[from] item: Leftovers
|upkeep
|turn|18
|
|t:|1760806780
|switch|p2a: Kingambit|Kingambit, M|100/100
|move|p1a: Jefferson|Zen Headbutt|p2a: Kingambit
|-immune|p2a: Kingambit
|
|upkeep
|turn|19
|
|t:|1760806788
|move|p1a: Jefferson|Surf|p2a: Kingambit
|-damage|p2a: Kingambit|72/100
|move|p2a: Kingambit|Kowtow Cleave|p1a: Jefferson
|-supereffective|p1a: Jefferson
|-damage|p1a: Jefferson|8/100
|
|-heal|p2a: Kingambit|78/100|[from] item: Leftovers
|upkeep
|turn|20
|
|t:|1760806796
|move|p1a: Jefferson|Rest|p1a: Jefferson
|-status|p1a: Jefferson|slp|[from] move: Rest
|-heal|p1a: Jefferson|100/100 slp|[silent]
|move|p2a: Kingambit|Kowtow Cleave|p1a: Jefferson
|-supereffective|p1a: Jefferson
|-damage|p1a: Jefferson|27/100 slp
|
|-heal|p2a: Kingambit|84/100|[from] item: Leftovers
|upkeep
|turn|21
|
|t:|1760806809
|cant|p1a: Jefferson|slp
|move|p2a: Kingambit|Kowtow Cleave|p1a: Jefferson
|-supereffective|p1a: Jefferson
|-crit|p1a: Jefferson
|-damage|p1a: Jefferson|0 fnt
|faint|p1a: Jefferson
|
|win|moi88764
|raw|Lucio Valer's rating: 1000 &rarr; <strong>1000</strong><br />(+0 for losing)
|raw|moi88764's rating: 1000 &rarr; <strong>1040</strong><br />(+40 for winning)
