|j|☆dellee
|j|☆ghghguf
|t:|1760834237
|gametype|singles
|player|p1|dellee|miku-fairy|1065
|player|p2|ghghguf|red|1025
|gen|9
|tier|[Gen 9] OU
|rated|
|rule|HP Percentage Mod: HP is shown in percentages
|rule|Endless Battle Clause: Forcing endless battles is banned
|rule|Species Clause: Limit one of each Pokémon
|rule|OHKO Clause: OHKO moves are banned
|rule|Evasion Items Clause: Evasion items are banned
|rule|Evasion Moves Clause: Evasion moves are banned
|rule|Evasion Abilities Clause: Evasion abilities are banned
|rule|Sleep Moves Clause: Sleep-inducing moves are banned
|clearpoke
|poke|p1|Skeledirge, M|
|poke|p1|Tornadus-Therian, M|
|poke|p1|Lokix, F|
|poke|p1|Indeedee, M|
|poke|p1|Tsareena, F|
|poke|p1|Lucario, F|
|poke|p2|Pincurchin, F|
|poke|p2|Raichu-Alola, F|
|poke|p2|Pelipper, M|
|poke|p2|Charizard, F|
|poke|p2|Froslass, F|
|poke|p2|Breloom, F|
|teampreview
|
|t:|1760834245
|teamsize|p1|6
|teamsize|p2|6
|start
|switch|p1a: 💅Queen💅|Tsareena, F|100/100
|switch|p2a: Pincurchin|Pincurchin, F|100/100
|-fieldstart|move: Electric Terrain|[from] ability: Electric Surge|[of] p2a: Pincurchin
|turn|1
|
|t:|1760834253
|move|p2a: Pincurchin|Sucker Punch||[still]
|cant|p1a: 💅Queen💅|ability: Queenly Majesty|Sucker Punch|[of] p2a: Pincurchin
|move|p1a: 💅Queen💅|U-turn|p2a: Pincurchin
|-damage|p2a: Pincurchin|72/100
|
|t:|1760834261
|switch|p1a: Indeedee|Indeedee, M|100/100|[from] U-turn
|-fieldstart|move: Psychic Terrain|[from] ability: Psychic Surge|[of] p1a: Indeedee
|
|upkeep
|turn|2
|inactive|Battle timer is ON: inactive players will automatically lose when time's up. (requested by ghghguf)
|
|t:|1760834277
|switch|p2a: Froslass|Froslass, F|100/100
|move|p1a: Indeedee|Expanding Force|p2a: Froslass
|-crit|p2a: Froslass
|-damage|p2a: Froslass|0 fnt
|faint|p2a: Froslass
|
|upkeep
|
|t:|1760834282
|switch|p2a: Breloom|Breloom, F|100/100
|turn|3
|
|t:|1760834290
|move|p1a: Indeedee|Expanding Force|p2a: Breloom
|-supereffective|p2a: Breloom
|-damage|p2a: Breloom|0 fnt
|faint|p2a: Breloom
|
|upkeep
|
|t:|1760834294
|switch|p2a: Pelipper|Pelipper, M|100/100
|-weather|RainDance|[from] ability: Drizzle|[of] p2a: Pelipper
|turn|4
|
|t:|1760834299
|move|p1a: Indeedee|Expanding Force|p2a: Pelipper
|-damage|p2a: Pelipper|0 fnt
|faint|p2a: Pelipper
|
|-weather|RainDance|[upkeep]
|upkeep
|
|t:|1760834303
|switch|p2a: Pincurchin|Pincurchin, F|72/100
|-fieldstart|move: Electric Terrain|[from] ability: Electric Surge|[of] p2a: Pincurchin
|turn|5
|c|☆ghghguf|Nyeh Heh heh
|
|t:|1760834315
|switch|p1a: 💅Queen💅|Tsareena, F|100/100
|move|p2a: Pincurchin|Sucker Punch||[still]
|cant|p1a: 💅Queen💅|ability: Queenly Majesty|Sucker Punch|[of] p2a: Pincurchin
|
|-weather|RainDance|[upkeep]
|upkeep
|turn|6
|c|☆dellee|nah nah nah
|c|☆dellee|you dare sucker punch ZA QUEEN?
|c|☆ghghguf|Nyeh Heh Heh
|
|t:|1760834336
|switch|p2a: Charizard|Charizard, F|100/100
|move|p1a: 💅Queen💅|U-turn|p2a: Charizard
|-resisted|p2a: Charizard
|-crit|p2a: Charizard
|-damage|p2a: Charizard|88/100
|
|t:|1760834341
|switch|p1a: Indeedee|Indeedee, M|100/100|[from] U-turn
|-fieldstart|move: Psychic Terrain|[from] ability: Psychic Surge|[of] p1a: Indeedee
|
|-weather|RainDance|[upkeep]
|upkeep
|turn|7
|c|☆ghghguf|What is a queen to a dragon
|
|t:|1760834348
|-terastallize|p2a: Charizard|Water
|move|p2a: Charizard|Weather Ball|p1a: Indeedee
|-damage|p1a: Indeedee|8/100
|move|p1a: Indeedee|Expanding Force|p2a: Charizard
|-damage|p2a: Charizard|0 fnt
|faint|p2a: Charizard
|
|-weather|RainDance|[upkeep]
|upkeep
|
|t:|1760834354
|switch|p2a: Pincurchin|Pincurchin, F|72/100
|-fieldstart|move: Electric Terrain|[from] ability: Electric Surge|[of] p2a: Pincurchin
|turn|8
|
|t:|1760834365
|move|p1a: Indeedee|Expanding Force|p2a: Pincurchin
|-damage|p2a: Pincurchin|0 fnt
|faint|p2a: Pincurchin
|
|-weather|RainDance|[upkeep]
|upkeep
|
|t:|1760834368
|switch|p2a: Raichu|Raichu-Alola, F|100/100
|turn|9
|
|t:|1760834373
|switch|p1a: 💅Queen💅|Tsareena, F|100/100
|move|p2a: Raichu|Thunderbolt|p1a: 💅Queen💅
|-resisted|p1a: 💅Queen💅
|-damage|p1a: 💅Queen💅|61/100
|-damage|p2a: Raichu|91/100|[from] item: Life Orb
|
|-weather|RainDance|[upkeep]
|upkeep
|turn|10
|
|t:|1760834380
|move|p2a: Raichu|Nasty Plot|p2a: Raichu
|-boost|p2a: Raichu|spa|2
|move|p1a: 💅Queen💅|Fling|p2a: Raichu
|-supereffective|p2a: Raichu
|-damage|p2a: Raichu|45/100
|-enditem|p1a: 💅Queen💅|Light Ball|[from] move: Fling
|
|-weather|RainDance|[upkeep]
|upkeep
|turn|11
|c|☆ghghguf|Light Ball?
|c|☆ghghguf|Wh
|c|☆ghghguf|Just
|
|t:|1760834399
|move|p2a: Raichu|Psychic|p1a: 💅Queen💅
|-damage|p1a: 💅Queen💅|0 fnt
|faint|p1a: 💅Queen💅
|-damage|p2a: Raichu|35/100|[from] item: Life Orb
|
|-weather|none
|upkeep
|c|☆dellee|yup
|c|☆ghghguf|WHY?
|
|t:|1760834404
|switch|p1a: Lokix|Lokix, F|100/100
|turn|12
|c|☆dellee|chip
|
|t:|1760834410
|move|p1a: Lokix|First Impression|p2a: Raichu
|-supereffective|p2a: Raichu
|-damage|p2a: Raichu|0 fnt
|faint|p2a: Raichu
|-damage|p1a: Lokix|91/100|[from] item: Life Orb
|
|win|dellee
|raw|dellee's rating: 1065 &rarr; <strong>1092</strong><br />(+27 for winning)
|raw|ghghguf's rating: 1025 &rarr; <strong>1013</strong><br />(-12 for losing)
|c|☆ghghguf|First Impression
|c|☆ghghguf|Knew it
|l|☆ghghguf
|player|p2|
