|j|☆noob1877
|j|☆WeR#4Hay!
|t:|1760809111
|gametype|singles
|player|p1|noob1877|101|1579
|player|p2|WeR#4Hay!|170|1505
|gen|9
|tier|[Gen 9] OU
|rated|
|rule|HP Percentage Mod: HP is shown in percentages
|rule|Endless Battle Clause: Forcing endless battles is banned
|rule|Species Clause: Limit one of each Pokémon
|rule|OHKO Clause: OHKO moves are banned
|rule|Evasion Items Clause: Evasion items are banned
|rule|Evasion Moves Clause: Evasion moves are banned
|rule|Evasion Abilities Clause: Evasion abilities are banned
|rule|Sleep Moves Clause: Sleep-inducing moves are banned
|clearpoke
|poke|p1|Keldeo-Resolute|
|poke|p1|Corviknight, M|
|poke|p1|Cinderace, M|
|poke|p1|Glimmora, F|
|poke|p1|Dragapult, F|
|poke|p1|Garganacl, M|
|poke|p2|Lycanroc-Dusk, F|
|poke|p2|Volcanion|
|poke|p2|Corviknight, F|
|poke|p2|Great Tusk|
|poke|p2|Slowking-Galar, F|
|poke|p2|Darkrai|
|teampreview
|
|t:|1760809145
|teamsize|p1|6
|teamsize|p2|6
|start
|switch|p1a: Glimmora|Glimmora, F|100/100
|switch|p2a: Konata Izumi|Slowking-Galar, F|100/100
|turn|1
|
|t:|1760809153
|switch|p1a: Garganacl|Garganacl, M|100/100
|move|p2a: Konata Izumi|Psychic Noise|p1a: Garganacl
|-damage|p1a: Garganacl|82/100
|-start|p1a: Garganacl|move: Heal Block
|
|upkeep
|turn|2
|
|t:|1760809167
|move|p1a: Garganacl|Curse|p1a: Garganacl
|-unboost|p1a: Garganacl|spe|1
|-boost|p1a: Garganacl|atk|1
|-boost|p1a: Garganacl|def|1
|move|p2a: Konata Izumi|Future Sight|p1a: Garganacl
|-start|p2a: Konata Izumi|move: Future Sight
|
|-end|p1a: Garganacl|move: Heal Block
|upkeep
|turn|3
|
|t:|1760809173
|move|p2a: Konata Izumi|Psychic Noise|p1a: Garganacl
|-damage|p1a: Garganacl|62/100
|-start|p1a: Garganacl|move: Heal Block
|move|p1a: Garganacl|Earthquake|p2a: Konata Izumi
|-supereffective|p2a: Konata Izumi
|-damage|p2a: Konata Izumi|48/100
|
|upkeep
|turn|4
|
|t:|1760809183
|switch|p2a: Minoru Shiraishi|Great Tusk|100/100
|move|p1a: Garganacl|Salt Cure|p2a: Minoru Shiraishi
|-resisted|p2a: Minoru Shiraishi
|-damage|p2a: Minoru Shiraishi|97/100
|-start|p2a: Minoru Shiraishi|Salt Cure
|
|-end|p1a: Garganacl|move: Future Sight
|-damage|p1a: Garganacl|34/100
|-damage|p2a: Minoru Shiraishi|84/100|[from] Salt Cure
|-end|p1a: Garganacl|move: Heal Block
|upkeep
|turn|5
|
|t:|1760809193
|-terastallize|p1a: Garganacl|Water
|move|p2a: Minoru Shiraishi|Headlong Rush|p1a: Garganacl
|-crit|p1a: Garganacl
|-damage|p1a: Garganacl|0 fnt
|-unboost|p2a: Minoru Shiraishi|def|1
|-unboost|p2a: Minoru Shiraishi|spd|1
|faint|p1a: Garganacl
|
|-damage|p2a: Minoru Shiraishi|72/100|[from] Salt Cure
|upkeep
|
|t:|1760809201
|switch|p1a: Dragapult|Dragapult, F|100/100
|turn|6
|
|t:|1760809211
|-end|p2a: Minoru Shiraishi|Protosynthesis|[silent]
|switch|p2a: Konata Izumi|Slowking-Galar, F|81/100
|move|p1a: Dragapult|Will-O-Wisp|p2a: Konata Izumi
|-status|p2a: Konata Izumi|brn
|
|-damage|p2a: Konata Izumi|75/100 brn|[from] brn
|upkeep
|turn|7
|
|t:|1760809215
|switch|p2a: Tsukasa Hiiragi|Darkrai|100/100
|move|p1a: Dragapult|Substitute|p1a: Dragapult
|-start|p1a: Dragapult|Substitute
|-damage|p1a: Dragapult|76/100
|
|-heal|p1a: Dragapult|82/100|[from] item: Leftovers
|upkeep
|turn|8
|
|t:|1760809220
|move|p2a: Tsukasa Hiiragi|Dark Pulse|p1a: Dragapult
|-supereffective|p1a: Dragapult
|-crit|p1a: Dragapult
|-end|p1a: Dragapult|Substitute
|move|p1a: Dragapult|Draco Meteor|p2a: Tsukasa Hiiragi
|-damage|p2a: Tsukasa Hiiragi|25/100
|-unboost|p1a: Dragapult|spa|2
|
|-heal|p1a: Dragapult|88/100|[from] item: Leftovers
|upkeep
|turn|9
|
|t:|1760809226
|switch|p2a: Konata Izumi|Slowking-Galar, F|100/100 brn
|switch|p1a: Keldeo|Keldeo-Resolute|100/100
|
|-damage|p2a: Konata Izumi|94/100 brn|[from] brn
|upkeep
|turn|10
|
|t:|1760809233
|switch|p1a: Corviknight|Corviknight, M|100/100
|-ability|p1a: Corviknight|Pressure
|move|p2a: Konata Izumi|Future Sight|p1a: Corviknight
|-start|p2a: Konata Izumi|move: Future Sight
|
|-damage|p2a: Konata Izumi|88/100 brn|[from] brn
|upkeep
|turn|11
|
|t:|1760809253
|move|p1a: Corviknight|Bulk Up|p1a: Corviknight
|-boost|p1a: Corviknight|atk|1
|-boost|p1a: Corviknight|def|1
|move|p2a: Konata Izumi|Flamethrower|p1a: Corviknight
|-supereffective|p1a: Corviknight
|-damage|p1a: Corviknight|71/100
|
|-damage|p2a: Konata Izumi|82/100 brn|[from] brn
|upkeep
|turn|12
|
|t:|1760809261
|move|p1a: Corviknight|Roost|p1a: Corviknight
|-heal|p1a: Corviknight|100/100
|-singleturn|p1a: Corviknight|move: Roost
|move|p2a: Konata Izumi|Flamethrower|p1a: Corviknight
|-supereffective|p1a: Corviknight
|-damage|p1a: Corviknight|70/100
|
|-end|p1a: Corviknight|move: Future Sight
|-resisted|p1a: Corviknight
|-damage|p1a: Corviknight|55/100
|-damage|p2a: Konata Izumi|76/100 brn|[from] brn
|upkeep
|turn|13
|
|t:|1760809279
|move|p1a: Corviknight|Roost|p1a: Corviknight
|-heal|p1a: Corviknight|100/100
|-singleturn|p1a: Corviknight|move: Roost
|move|p2a: Konata Izumi|Future Sight|p1a: Corviknight
|-start|p2a: Konata Izumi|move: Future Sight
|
|-damage|p2a: Konata Izumi|70/100 brn|[from] brn
|upkeep
|turn|14
|
|t:|1760809283
|switch|p2a: Kagami Hiiragi|Volcanion|100/100
|move|p1a: Corviknight|Brave Bird|p2a: Kagami Hiiragi
|-damage|p2a: Kagami Hiiragi|56/100
|-damage|p1a: Corviknight|87/100|[from] Recoil
|
|upkeep
|turn|15
|
|t:|1760809293
|switch|p1a: Cinderace|Cinderace, M|100/100
|move|p2a: Kagami Hiiragi|Steam Eruption|p1a: Cinderace
|-supereffective|p1a: Cinderace
|-damage|p1a: Cinderace|0 fnt
|faint|p1a: Cinderace
|
|-hint|Future Sight did not hit because the target is fainted.
|upkeep
|
|t:|1760809300
|switch|p1a: Glimmora|Glimmora, F|100/100
|turn|16
|
|t:|1760809305
|switch|p2a: Konata Izumi|Slowking-Galar, F|100/100 brn
|move|p1a: Glimmora|Earth Power|p2a: Konata Izumi
|-supereffective|p2a: Konata Izumi
|-damage|p2a: Konata Izumi|69/100 brn
|
|-damage|p2a: Konata Izumi|63/100 brn|[from] brn
|upkeep
|turn|17
|
|t:|1760809309
|move|p1a: Glimmora|Meteor Beam||[still]
|-prepare|p1a: Glimmora|Meteor Beam
|-boost|p1a: Glimmora|spa|1
|-enditem|p1a: Glimmora|Power Herb
|-anim|p1a: Glimmora|Meteor Beam|p2a: Konata Izumi
|-damage|p2a: Konata Izumi|10/100 brn
|move|p2a: Konata Izumi|Psychic Noise|p1a: Glimmora
|-supereffective|p1a: Glimmora
|-damage|p1a: Glimmora|22/100
|-start|p1a: Glimmora|move: Heal Block
|
|-damage|p2a: Konata Izumi|4/100 brn|[from] brn
|upkeep
|turn|18
|
|t:|1760809326
|move|p1a: Glimmora|Meteor Beam||[still]
|-prepare|p1a: Glimmora|Meteor Beam
|-boost|p1a: Glimmora|spa|1
|move|p2a: Konata Izumi|Psychic Noise|p1a: Glimmora
|-supereffective|p1a: Glimmora
|-damage|p1a: Glimmora|0 fnt
|faint|p1a: Glimmora
|
|-damage|p2a: Konata Izumi|0 fnt|[from] brn
|faint|p2a: Konata Izumi
|upkeep
|
|t:|1760809347
|switch|p1a: Keldeo|Keldeo-Resolute|100/100
|switch|p2a: Miyuki Takara|Corviknight, F|100/100
|-ability|p2a: Miyuki Takara|Pressure
|turn|19
|
|t:|1760809353
|switch|p1a: Corviknight|Corviknight, M|87/100
|-ability|p1a: Corviknight|Pressure
|move|p2a: Miyuki Takara|Brave Bird|p1a: Corviknight
|-resisted|p1a: Corviknight
|-damage|p1a: Corviknight|75/100
|-damage|p2a: Miyuki Takara|96/100|[from] Recoil
|
|upkeep
|turn|20
|
|t:|1760809355
|move|p1a: Corviknight|U-turn|p2a: Miyuki Takara
|-resisted|p2a: Miyuki Takara
|-damage|p2a: Miyuki Takara|94/100
|-damage|p1a: Corviknight|58/100|[from] item: Rocky Helmet|[of] p2a: Miyuki Takara
|
|t:|1760809358
|switch|p1a: Dragapult|Dragapult, F|88/100|[from] U-turn
|move|p2a: Miyuki Takara|U-turn|p1a: Dragapult
|-resisted|p1a: Dragapult
|-damage|p1a: Dragapult|79/100
|
|t:|1760809362
|switch|p2a: Tsukasa Hiiragi|Darkrai|25/100|[from] U-turn
|
|-heal|p1a: Dragapult|85/100|[from] item: Leftovers
|upkeep
|turn|21
|
|t:|1760809371
|switch|p1a: Keldeo|Keldeo-Resolute|100/100
|move|p2a: Tsukasa Hiiragi|Dark Pulse|p1a: Keldeo
|-resisted|p1a: Keldeo
|-damage|p1a: Keldeo|77/100
|-ability|p1a: Keldeo|Justified|boost
|-boost|p1a: Keldeo|atk|1
|
|-heal|p1a: Keldeo|83/100|[from] item: Leftovers
|upkeep
|turn|22
|
|t:|1760809383
|switch|p2a: Miyuki Takara|Corviknight, F|94/100
|-ability|p2a: Miyuki Takara|Pressure
|move|p1a: Keldeo|Secret Sword|p2a: Miyuki Takara
|-damage|p2a: Miyuki Takara|68/100
|
|-heal|p1a: Keldeo|89/100|[from] item: Leftovers
|upkeep
|turn|23
|inactive|Battle timer is ON: inactive players will automatically lose when time's up. (requested by noob1877)
|
|t:|1760809389
|switch|p1a: Corviknight|Corviknight, M|58/100
|-ability|p1a: Corviknight|Pressure
|move|p2a: Miyuki Takara|Brave Bird|p1a: Corviknight
|-resisted|p1a: Corviknight
|-damage|p1a: Corviknight|43/100
|-damage|p2a: Miyuki Takara|64/100|[from] Recoil
|
|upkeep
|turn|24
|
|t:|1760809391
|move|p1a: Corviknight|Roost|p1a: Corviknight
|-heal|p1a: Corviknight|93/100
|-singleturn|p1a: Corviknight|move: Roost
|move|p2a: Miyuki Takara|Roost|p2a: Miyuki Takara
|-heal|p2a: Miyuki Takara|100/100
|-singleturn|p2a: Miyuki Takara|move: Roost
|
|upkeep
|turn|25
|
|t:|1760809397
|switch|p1a: Dragapult|Dragapult, F|85/100
|move|p2a: Miyuki Takara|U-turn|p1a: Dragapult
|-resisted|p1a: Dragapult
|-damage|p1a: Dragapult|76/100
|
|t:|1760809399
|switch|p2a: Tsukasa Hiiragi|Darkrai|25/100|[from] U-turn
|
|-heal|p1a: Dragapult|82/100|[from] item: Leftovers
|upkeep
|turn|26
|
|t:|1760809403
|switch|p2a: Kagami Hiiragi|Volcanion|56/100
|switch|p1a: Corviknight|Corviknight, M|93/100
|-ability|p1a: Corviknight|Pressure
|
|upkeep
|turn|27
|
|t:|1760809415
|move|p2a: Kagami Hiiragi|Steam Eruption|p1a: Corviknight
|-damage|p1a: Corviknight|52/100
|move|p1a: Corviknight|U-turn|p2a: Kagami Hiiragi
|-resisted|p2a: Kagami Hiiragi
|-damage|p2a: Kagami Hiiragi|51/100
|
|t:|1760809421
|switch|p1a: Keldeo|Keldeo-Resolute|89/100|[from] U-turn
|
|-heal|p1a: Keldeo|96/100|[from] item: Leftovers
|upkeep
|turn|28
|
|t:|1760809428
|-terastallize|p2a: Kagami Hiiragi|Ghost
|move|p1a: Keldeo|Substitute|p1a: Keldeo
|-start|p1a: Keldeo|Substitute
|-damage|p1a: Keldeo|71/100
|move|p2a: Kagami Hiiragi|Fire Spin|p1a: Keldeo|[miss]
|-miss|p2a: Kagami Hiiragi|p1a: Keldeo
|
|-heal|p1a: Keldeo|77/100|[from] item: Leftovers
|upkeep
|turn|29
|
|t:|1760809438
|switch|p1a: Dragapult|Dragapult, F|82/100
|move|p2a: Kagami Hiiragi|Taunt|p1a: Dragapult
|-start|p1a: Dragapult|move: Taunt
|
|-heal|p1a: Dragapult|88/100|[from] item: Leftovers
|upkeep
|turn|30
|
|t:|1760809442
|switch|p2a: Miyuki Takara|Corviknight, F|100/100
|-ability|p2a: Miyuki Takara|Pressure
|move|p1a: Dragapult|Hex|p2a: Miyuki Takara
|-damage|p2a: Miyuki Takara|72/100
|
|-heal|p1a: Dragapult|94/100|[from] item: Leftovers
|upkeep
|turn|31
|
|t:|1760809448
|move|p1a: Dragapult|Hex|p2a: Miyuki Takara
|-damage|p2a: Miyuki Takara|44/100
|move|p2a: Miyuki Takara|U-turn|p1a: Dragapult
|-resisted|p1a: Dragapult
|-damage|p1a: Dragapult|85/100
|
|t:|1760809450
|switch|p2a: Tsukasa Hiiragi|Darkrai|25/100|[from] U-turn
|
|-heal|p1a: Dragapult|91/100|[from] item: Leftovers
|-end|p1a: Dragapult|move: Taunt
|upkeep
|turn|32
|
|t:|1760809454
|move|p2a: Tsukasa Hiiragi|Will-O-Wisp|p1a: Dragapult
|-status|p1a: Dragapult|brn
|move|p1a: Dragapult|Hex|p2a: Tsukasa Hiiragi
|-resisted|p2a: Tsukasa Hiiragi
|-damage|p2a: Tsukasa Hiiragi|6/100
|
|-heal|p1a: Dragapult|97/100 brn|[from] item: Leftovers
|-damage|p1a: Dragapult|91/100 brn|[from] brn
|upkeep
|turn|33
|
|t:|1760809460
|switch|p2a: Akira Kogami|Lycanroc-Dusk, F|100/100
|move|p1a: Dragapult|Will-O-Wisp|p2a: Akira Kogami
|-status|p2a: Akira Kogami|brn
|
|-heal|p1a: Dragapult|97/100 brn|[from] item: Leftovers
|-damage|p1a: Dragapult|91/100 brn|[from] brn
|-damage|p2a: Akira Kogami|94/100 brn|[from] brn
|upkeep
|turn|34
|
|t:|1760809463
|move|p2a: Akira Kogami|Accelerock|p1a: Dragapult
|-damage|p1a: Dragapult|65/100 brn
|move|p1a: Dragapult|Hex|p2a: Akira Kogami
|-damage|p2a: Akira Kogami|0 fnt
|faint|p2a: Akira Kogami
|
|-heal|p1a: Dragapult|71/100 brn|[from] item: Leftovers
|-damage|p1a: Dragapult|65/100 brn|[from] brn
|upkeep
|
|t:|1760809465
|switch|p2a: Tsukasa Hiiragi|Darkrai|6/100
|turn|35
|
|t:|1760809467
|switch|p1a: Keldeo|Keldeo-Resolute|77/100
|move|p2a: Tsukasa Hiiragi|Dark Pulse|p1a: Keldeo
|-resisted|p1a: Keldeo
|-damage|p1a: Keldeo|51/100
|-ability|p1a: Keldeo|Justified|boost
|-boost|p1a: Keldeo|atk|1
|
|-heal|p1a: Keldeo|57/100|[from] item: Leftovers
|upkeep
|turn|36
|
|t:|1760809473
|switch|p2a: Kagami Hiiragi|Volcanion, tera:Ghost|51/100
|move|p1a: Keldeo|Surf|p2a: Kagami Hiiragi
|-heal|p2a: Kagami Hiiragi|76/100|[from] ability: Water Absorb|[of] p1a: Keldeo
|
|-heal|p1a: Keldeo|63/100|[from] item: Leftovers
|upkeep
|turn|37
|
|t:|1760809481
|switch|p1a: Dragapult|Dragapult, F|65/100 brn
|move|p2a: Kagami Hiiragi|Steam Eruption|p1a: Dragapult
|-resisted|p1a: Dragapult
|-damage|p1a: Dragapult|20/100 brn
|
|-heal|p1a: Dragapult|26/100 brn|[from] item: Leftovers
|-damage|p1a: Dragapult|20/100 brn|[from] brn
|upkeep
|turn|38
|
|t:|1760809493
|switch|p2a: Minoru Shiraishi|Great Tusk|72/100
|move|p1a: Dragapult|Hex|p2a: Minoru Shiraishi
|-damage|p2a: Minoru Shiraishi|30/100
|
|-heal|p1a: Dragapult|26/100 brn|[from] item: Leftovers
|-damage|p1a: Dragapult|20/100 brn|[from] brn
|upkeep
|turn|39
|
|t:|1760809498
|switch|p1a: Corviknight|Corviknight, M|52/100
|-ability|p1a: Corviknight|Pressure
|move|p2a: Minoru Shiraishi|Stealth Rock|p1a: Corviknight
|-sidestart|p1: noob1877|move: Stealth Rock
|
|upkeep
|turn|40
|
|t:|1760809503
|-end|p2a: Minoru Shiraishi|Protosynthesis|[silent]
|switch|p2a: Kagami Hiiragi|Volcanion, tera:Ghost|76/100
|move|p1a: Corviknight|Roost|p1a: Corviknight
|-heal|p1a: Corviknight|100/100
|-singleturn|p1a: Corviknight|move: Roost
|
|upkeep
|turn|41
|
|t:|1760809507
|move|p2a: Kagami Hiiragi|Flamethrower|p1a: Corviknight
|-supereffective|p1a: Corviknight
|-damage|p1a: Corviknight|27/100
|move|p1a: Corviknight|U-turn|p2a: Kagami Hiiragi
|-resisted|p2a: Kagami Hiiragi
|-damage|p2a: Kagami Hiiragi|70/100
|
|t:|1760809510
|switch|p1a: Dragapult|Dragapult, F|20/100 brn|[from] U-turn
|-damage|p1a: Dragapult|7/100 brn|[from] Stealth Rock
|
|-heal|p1a: Dragapult|13/100 brn|[from] item: Leftovers
|-damage|p1a: Dragapult|7/100 brn|[from] brn
|upkeep
|turn|42
|
|t:|1760809517
|switch|p1a: Corviknight|Corviknight, M|27/100
|-damage|p1a: Corviknight|15/100|[from] Stealth Rock
|-ability|p1a: Corviknight|Pressure
|switch|p2a: Minoru Shiraishi|Great Tusk|30/100
|
|upkeep
|turn|43
|
|t:|1760809523
|move|p2a: Minoru Shiraishi|Ice Spinner|p1a: Corviknight
|-damage|p1a: Corviknight|0 fnt
|faint|p1a: Corviknight
|
|upkeep
|
|t:|1760809525
|switch|p1a: Keldeo|Keldeo-Resolute|63/100
|-damage|p1a: Keldeo|57/100|[from] Stealth Rock
|turn|44
|-message|noob1877 forfeited.
|
|win|WeR#4Hay!
|raw|noob1877's rating: 1579 &rarr; <strong>1555</strong><br />(-24 for losing)
|raw|WeR#4Hay!'s rating: 1505 &rarr; <strong>1529</strong><br />(+24 for winning)
|l|☆noob1877
|player|p1|
