|j|‽ultraultrasun
|j|☆player jack
|t:|1760761586
|gametype|singles
|player|p1|ultraultrasun|pilot|1106
|player|p2|player jack|roxie|1163
|gen|9
|tier|[Gen 9] OU
|rated|
|rule|HP Percentage Mod: HP is shown in percentages
|rule|Endless Battle Clause: Forcing endless battles is banned
|rule|Species Clause: Limit one of each Pokémon
|rule|OHKO Clause: OHKO moves are banned
|rule|Evasion Items Clause: Evasion items are banned
|rule|Evasion Moves Clause: Evasion moves are banned
|rule|Evasion Abilities Clause: Evasion abilities are banned
|rule|Sleep Moves Clause: Sleep-inducing moves are banned
|clearpoke
|poke|p1|Iron Valiant|
|poke|p1|Keldeo|
|poke|p1|Kingambit, F|
|poke|p1|Great Tusk|
|poke|p1|Scizor, M|
|poke|p1|Hitmontop, M|
|poke|p2|Sandy Shocks|
|poke|p2|Scizor, F|
|poke|p2|Lycanroc-Dusk, F|
|poke|p2|Greninja-*, M|
|poke|p2|Haunter, F|
|poke|p2|Alomomola, F|
|teampreview
|inactive|Battle timer is ON: inactive players will automatically lose when time's up. (requested by player jack)
|
|t:|1760761602
|teamsize|p1|6
|teamsize|p2|6
|start
|switch|p1a: Great Tusk|Great Tusk|100/100
|switch|p2a: Haunter|Haunter, F, shiny|100/100
|turn|1
|
|t:|1760761615
|move|p2a: Haunter|Dazzling Gleam|p1a: Great Tusk
|-supereffective|p1a: Great Tusk
|-damage|p1a: Great Tusk|21/100
|move|p1a: Great Tusk|Knock Off|p2a: Haunter
|-supereffective|p2a: Haunter
|-damage|p2a: Haunter|0 fnt
|-enditem|p2a: Haunter|Choice Scarf|[from] move: Knock Off|[of] p1a: Great Tusk
|faint|p2a: Haunter
|
|upkeep
|
|t:|1760761624
|switch|p2a: Greninja|Greninja, M|100/100
|turn|2
|
|t:|1760761632
|-end|p1a: Great Tusk|Protosynthesis|[silent]
|switch|p1a: Hitmontop|Hitmontop, M|100/100
|-ability|p1a: Hitmontop|Intimidate|boost
|-unboost|p2a: Greninja|atk|1
|move|p2a: Greninja|Surf|p1a: Hitmontop
|-damage|p1a: Hitmontop|63/100
|-damage|p2a: Greninja|91/100|[from] item: Life Orb
|
|upkeep
|turn|3
|
|t:|1760761642
|switch|p2a: Scizor|Scizor, F, shiny|100/100
|move|p1a: Hitmontop|Fake Out|p2a: Scizor
|-resisted|p2a: Scizor
|-damage|p2a: Scizor|94/100
|
|upkeep
|turn|4
|
|t:|1760761667
|switch|p1a: Great Tusk|Great Tusk|21/100
|move|p2a: Scizor|Dual Wingbeat|p1a: Great Tusk
|-supereffective|p1a: Great Tusk
|-damage|p1a: Great Tusk|0 fnt
|faint|p1a: Great Tusk
|-end|p1a: Great Tusk|Protosynthesis|[silent]
|-hitcount|p1: Great Tusk|1
|
|upkeep
|inactive|ultraultrasun has 120 seconds left.
|
|t:|1760761688
|switch|p1a: Keldeo|Keldeo|100/100
|turn|5
|
|t:|1760761695
|move|p1a: Keldeo|Flip Turn|p2a: Scizor
|-damage|p2a: Scizor|80/100
|
|t:|1760761699
|switch|p1a: Scizor|Scizor, M|100/100|[from] Flip Turn
|move|p2a: Scizor|Dual Wingbeat|p1a: Scizor|[miss]
|-miss|p2a: Scizor|p1a: Scizor
|
|upkeep
|turn|6
|inactive|ultraultrasun has 120 seconds left.
|
|t:|1760761712
|switch|p2a: Alomomola|Alomomola, F, shiny|100/100
|move|p1a: Scizor|Bullet Punch|p2a: Alomomola
|-resisted|p2a: Alomomola
|-damage|p2a: Alomomola|81/100
|
|upkeep
|turn|7
|inactive|ultraultrasun has 120 seconds left.
|
|t:|1760761723
|switch|p1a: Keldeo|Keldeo|100/100
|move|p2a: Alomomola|Flip Turn|p1a: Keldeo
|-resisted|p1a: Keldeo
|-damage|p1a: Keldeo|90/100
|
|t:|1760761730
|switch|p2a: Lycanroc|Lycanroc-Dusk, F, shiny|100/100|[from] Flip Turn
|
|upkeep
|turn|8
|
|t:|1760761739
|move|p2a: Lycanroc|Play Rough|p1a: Keldeo
|-supereffective|p1a: Keldeo
|-damage|p1a: Keldeo|0 fnt
|faint|p1a: Keldeo
|
|upkeep
|
|t:|1760761746
|switch|p1a: Hitmontop|Hitmontop, M|63/100
|-ability|p1a: Hitmontop|Intimidate|boost
|-unboost|p2a: Lycanroc|atk|1
|turn|9
|
|t:|1760761751
|switch|p2a: Alomomola|Alomomola, F, shiny|100/100
|move|p1a: Hitmontop|Fake Out|p2a: Alomomola
|-damage|p2a: Alomomola|92/100
|
|upkeep
|turn|10
|
|t:|1760761759
|move|p1a: Hitmontop|Brick Break|p2a: Alomomola
|-damage|p2a: Alomomola|68/100
|move|p2a: Alomomola|Flip Turn|p1a: Hitmontop
|-damage|p1a: Hitmontop|42/100
|
|t:|1760761762
|switch|p2a: Greninja|Greninja, M|91/100|[from] Flip Turn
|
|upkeep
|turn|11
|
|t:|1760761774
|move|p2a: Greninja|Sludge Wave|p1a: Hitmontop
|-damage|p1a: Hitmontop|16/100
|-damage|p2a: Greninja|81/100|[from] item: Life Orb
|move|p1a: Hitmontop|Brick Break|p2a: Greninja
|-supereffective|p2a: Greninja
|-damage|p2a: Greninja|0 fnt
|faint|p2a: Greninja
|
|upkeep
|
|t:|1760761783
|switch|p2a: Scizor|Scizor, F, shiny|80/100
|turn|12
|
|t:|1760761789
|move|p2a: Scizor|Bullet Punch|p1a: Hitmontop
|-damage|p1a: Hitmontop|0 fnt
|faint|p1a: Hitmontop
|
|upkeep
|
|t:|1760761796
|switch|p1a: Kingambit|Kingambit, F|100/100
|-activate|p1a: Kingambit|ability: Supreme Overlord
|-start|p1a: Kingambit|fallen3|[silent]
|turn|13
|
|t:|1760761808
|switch|p2a: Alomomola|Alomomola, F, shiny|100/100
|move|p1a: Kingambit|Swords Dance|p1a: Kingambit
|-boost|p1a: Kingambit|atk|2
|
|upkeep
|turn|14
|
|t:|1760761821
|move|p1a: Kingambit|Sucker Punch|p2a: Alomomola
|-damage|p2a: Alomomola|7/100
|-damage|p1a: Kingambit|91/100|[from] item: Life Orb
|move|p2a: Alomomola|Flip Turn|p1a: Kingambit
|-damage|p1a: Kingambit|78/100
|
|t:|1760761824
|switch|p2a: Lycanroc|Lycanroc-Dusk, F, shiny|100/100|[from] Flip Turn
|
|upkeep
|turn|15
|
|t:|1760761831
|move|p1a: Kingambit|Sucker Punch|p2a: Lycanroc
|-enditem|p2a: Lycanroc|Focus Sash
|-damage|p2a: Lycanroc|1/100
|-damage|p1a: Kingambit|68/100|[from] item: Life Orb
|move|p2a: Lycanroc|Close Combat|p1a: Kingambit
|-supereffective|p1a: Kingambit
|-damage|p1a: Kingambit|0 fnt
|-unboost|p2a: Lycanroc|def|1
|-unboost|p2a: Lycanroc|spd|1
|faint|p1a: Kingambit
|-end|p1a: Kingambit|fallen3|[silent]
|
|upkeep
|
|t:|1760761845
|switch|p1a: Scizor|Scizor, M|100/100
|turn|16
|
|t:|1760761849
|-terastallize|p1a: Scizor|Steel
|move|p2a: Lycanroc|Accelerock|p1a: Scizor
|-resisted|p1a: Scizor
|-damage|p1a: Scizor|88/100
|move|p1a: Scizor|Bullet Punch|p2a: Lycanroc
|-supereffective|p2a: Lycanroc
|-damage|p2a: Lycanroc|0 fnt
|faint|p2a: Lycanroc
|
|upkeep
|
|t:|1760761853
|switch|p2a: Sandy Shocks|Sandy Shocks, shiny|100/100
|-enditem|p2a: Sandy Shocks|Booster Energy
|-activate|p2a: Sandy Shocks|ability: Protosynthesis|[fromitem]
|-start|p2a: Sandy Shocks|protosynthesisspe
|turn|17
|
|t:|1760761861
|switch|p1a: Iron Valiant|Iron Valiant|100/100
|-enditem|p1a: Iron Valiant|Booster Energy
|-activate|p1a: Iron Valiant|ability: Quark Drive|[fromitem]
|-start|p1a: Iron Valiant|quarkdrivespe
|move|p2a: Sandy Shocks|Earth Power|p1a: Iron Valiant
|-damage|p1a: Iron Valiant|15/100
|
|upkeep
|turn|18
|
|t:|1760761874
|move|p1a: Iron Valiant|Moonblast|p2a: Sandy Shocks
|-damage|p2a: Sandy Shocks|40/100
|-unboost|p2a: Sandy Shocks|spa|1
|move|p2a: Sandy Shocks|Earth Power|p1a: Iron Valiant
|-damage|p1a: Iron Valiant|0 fnt
|faint|p1a: Iron Valiant
|-end|p1a: Iron Valiant|Quark Drive|[silent]
|
|upkeep
|l|‽ultraultrasun
|inactive|ultraultrasun disconnected and has a minute to reconnect!
|player|p1|
|j|‽ultraultrasun
|inactive|ultraultrasun reconnected and has 135 seconds left.
|player|p1|ultraultrasun|pilot|
|n|‽ultraultrasun|ultraultrasun
|
|t:|1760761889
|switch|p1a: Scizor|Scizor, M, tera:Steel|88/100
|turn|19
|
|t:|1760761897
|move|p1a: Scizor|Bullet Punch|p2a: Sandy Shocks
|-resisted|p2a: Sandy Shocks
|-crit|p2a: Sandy Shocks
|-damage|p2a: Sandy Shocks|0 fnt
|faint|p2a: Sandy Shocks
|-end|p2a: Sandy Shocks|Protosynthesis|[silent]
|
|upkeep
|
|t:|1760761911
|switch|p2a: Scizor|Scizor, F, shiny|80/100
|turn|20
|
|t:|1760761914
|move|p1a: Scizor|Bullet Punch|p2a: Scizor
|-resisted|p2a: Scizor
|-damage|p2a: Scizor|48/100
|move|p2a: Scizor|Close Combat|p1a: Scizor
|-supereffective|p1a: Scizor
|-damage|p1a: Scizor|0 fnt
|-unboost|p2a: Scizor|def|1
|-unboost|p2a: Scizor|spd|1
|faint|p1a: Scizor
|
|win|player jack
|raw|ultraultrasun's rating: 1106 &rarr; <strong>1085</strong><br />(-21 for losing)
|raw|player jack's rating: 1163 &rarr; <strong>1184</strong><br />(+21 for winning)
|l|☆player jack
|player|p2|
|l|‽ultraultrasun
|player|p1|
