|j|☆Loyd09
|j|☆yxng_sith
|t:|1760736650
|gametype|singles
|player|p1|Loyd09|266|1400
|player|p2|yxng_sith|266|1362
|gen|9
|tier|[Gen 9] OU
|rated|
|rule|HP Percentage Mod: HP is shown in percentages
|rule|Endless Battle Clause: Forcing endless battles is banned
|rule|Species Clause: Limit one of each Pokémon
|rule|OHKO Clause: OHKO moves are banned
|rule|Evasion Items Clause: Evasion items are banned
|rule|Evasion Moves Clause: Evasion moves are banned
|rule|Evasion Abilities Clause: Evasion abilities are banned
|rule|Sleep Moves Clause: Sleep-inducing moves are banned
|clearpoke
|poke|p1|Iron Valiant|
|poke|p1|Heatran, M|
|poke|p1|Great Tusk|
|poke|p1|Zapdos|
|poke|p1|Latios, M|
|poke|p1|Kingambit, M|
|poke|p2|Gliscor, M|
|poke|p2|Dragapult, M|
|poke|p2|Vileplume, M|
|poke|p2|Slowking-Galar, F|
|poke|p2|Hoopa-Unbound|
|poke|p2|Hitmontop, M|
|teampreview
|inactive|Battle timer is ON: inactive players will automatically lose when time's up. (requested by yxng_sith)
|inactive|Loyd09 has 120 seconds left.
|inactive|Loyd09 has 90 seconds left.
|
|t:|1760736733
|teamsize|p1|6
|teamsize|p2|6
|start
|switch|p1a: Great Tusk|Great Tusk, shiny|100/100
|switch|p2a: Hoopa|Hoopa-Unbound|100/100
|turn|1
|
|t:|1760736744
|-end|p1a: Great Tusk|Protosynthesis|[silent]
|switch|p1a: Heatran|Heatran, M, shiny|100/100
|move|p2a: Hoopa|Trick Room|p2a: Hoopa
|-fieldstart|move: Trick Room|[of] p2a: Hoopa
|
|upkeep
|turn|2
|
|t:|1760736766
|move|p1a: Heatran|Protect|p1a: Heatran
|-singleturn|p1a: Heatran|Protect
|move|p2a: Hoopa|Drain Punch|p1a: Heatran
|-activate|p1a: Heatran|move: Protect
|
|upkeep
|turn|3
|
|t:|1760736782
|move|p2a: Hoopa|Psychic Noise|p1a: Heatran
|-resisted|p1a: Heatran
|-damage|p1a: Heatran|86/100
|-start|p1a: Heatran|move: Heal Block
|move|p1a: Heatran|Magma Storm|p2a: Hoopa|[miss]
|-miss|p1a: Heatran|p2a: Hoopa
|
|upkeep
|turn|4
|
|t:|1760736794
|move|p2a: Hoopa|Drain Punch|p1a: Heatran
|-supereffective|p1a: Heatran
|-damage|p1a: Heatran|47/100
|move|p1a: Heatran|Magma Storm|p2a: Hoopa
|-damage|p2a: Hoopa|66/100
|-activate|p2a: Hoopa|move: Magma Storm|[of] p1a: Heatran
|
|-damage|p2a: Hoopa|54/100|[from] move: Magma Storm|[partiallytrapped]
|-end|p1a: Heatran|move: Heal Block
|upkeep
|turn|5
|
|t:|1760736803
|move|p1a: Heatran|Protect|p1a: Heatran
|-singleturn|p1a: Heatran|Protect
|move|p2a: Hoopa|Drain Punch|p1a: Heatran
|-activate|p1a: Heatran|move: Protect
|
|-heal|p1a: Heatran|53/100|[from] item: Leftovers
|-damage|p2a: Hoopa|41/100|[from] move: Magma Storm|[partiallytrapped]
|-fieldend|move: Trick Room
|upkeep
|turn|6
|
|t:|1760736807
|switch|p1a: Zapdos|Zapdos, shiny|100/100
|move|p2a: Hoopa|Trick Room|p2a: Hoopa
|-fieldstart|move: Trick Room|[of] p2a: Hoopa
|
|-end|p2a: Hoopa|Magma Storm|[partiallytrapped]|[silent]
|upkeep
|turn|7
|
|t:|1760736826
|switch|p2a: Slowking|Slowking-Galar, F|100/100
|move|p1a: Zapdos|U-turn|p2a: Slowking
|-damage|p2a: Slowking|86/100
|
|t:|1760736828
|switch|p1a: Heatran|Heatran, M, shiny|53/100|[from] U-turn
|
|-heal|p1a: Heatran|59/100|[from] item: Leftovers
|upkeep
|turn|8
|
|t:|1760736849
|move|p2a: Slowking|Focus Blast|p1a: Heatran
|-supereffective|p1a: Heatran
|-damage|p1a: Heatran|12/100
|-unboost|p1a: Heatran|spd|1
|move|p1a: Heatran|Magma Storm|p2a: Slowking|[miss]
|-miss|p1a: Heatran|p2a: Slowking
|
|-heal|p1a: Heatran|18/100|[from] item: Leftovers
|upkeep
|turn|9
|
|t:|1760736857
|move|p1a: Heatran|Protect|p1a: Heatran
|-singleturn|p1a: Heatran|Protect
|move|p2a: Slowking|Ice Beam|p1a: Heatran
|-activate|p1a: Heatran|move: Protect
|
|-heal|p1a: Heatran|24/100|[from] item: Leftovers
|upkeep
|turn|10
|
|t:|1760736874
|switch|p1a: Great Tusk|Great Tusk, shiny|100/100
|move|p2a: Slowking|Ice Beam|p1a: Great Tusk
|-supereffective|p1a: Great Tusk
|-damage|p1a: Great Tusk|30/100
|
|-heal|p1a: Great Tusk|36/100|[from] item: Leftovers
|-fieldend|move: Trick Room
|upkeep
|turn|11
|
|t:|1760736884
|-terastallize|p2a: Slowking|Water
|move|p1a: Great Tusk|Knock Off|p2a: Slowking
|-damage|p2a: Slowking|53/100
|-enditem|p2a: Slowking|Assault Vest|[from] move: Knock Off|[of] p1a: Great Tusk
|move|p2a: Slowking|Ice Beam|p1a: Great Tusk
|-supereffective|p1a: Great Tusk
|-damage|p1a: Great Tusk|0 fnt
|faint|p1a: Great Tusk
|-end|p1a: Great Tusk|Protosynthesis|[silent]
|
|upkeep
|
|t:|1760736891
|switch|p1a: Zapdos|Zapdos, shiny|100/100
|turn|12
|
|t:|1760736900
|switch|p2a: Gliscor|Gliscor, M|100/100
|move|p1a: Zapdos|Hurricane|p2a: Gliscor
|-damage|p2a: Gliscor|63/100
|
|-status|p2a: Gliscor|tox|[from] item: Toxic Orb
|upkeep
|turn|13
|
|t:|1760736912
|move|p1a: Zapdos|Hurricane|p2a: Gliscor|[miss]
|-miss|p1a: Zapdos|p2a: Gliscor
|move|p2a: Gliscor|Knock Off|p1a: Zapdos
|-damage|p1a: Zapdos|83/100
|-enditem|p1a: Zapdos|Heavy-Duty Boots|[from] move: Knock Off|[of] p2a: Gliscor
|
|-heal|p2a: Gliscor|75/100 tox|[from] ability: Poison Heal
|upkeep
|turn|14
|
|t:|1760736924
|move|p1a: Zapdos|Hurricane|p2a: Gliscor
|-damage|p2a: Gliscor|36/100 tox
|-start|p2a: Gliscor|confusion
|-activate|p2a: Gliscor|confusion
|-damage|p2a: Gliscor|29/100 tox|[from] confusion
|
|-heal|p2a: Gliscor|42/100 tox|[from] ability: Poison Heal
|upkeep
|turn|15
|
|t:|1760736931
|switch|p2a: Slowking|Slowking-Galar, F, tera:Water|86/100
|move|p1a: Zapdos|Hurricane|p2a: Slowking
|-damage|p2a: Slowking|53/100
|
|upkeep
|turn|16
|
|t:|1760736940
|move|p1a: Zapdos|Hurricane|p2a: Slowking
|-damage|p2a: Slowking|20/100
|-start|p2a: Slowking|confusion
|-activate|p2a: Slowking|confusion
|-damage|p2a: Slowking|14/100|[from] confusion
|
|upkeep
|turn|17
|
|t:|1760736951
|switch|p2a: Gliscor|Gliscor, M|42/100 tox
|move|p1a: Zapdos|Hurricane|p2a: Gliscor
|-damage|p2a: Gliscor|3/100 tox
|-start|p2a: Gliscor|confusion
|
|-heal|p2a: Gliscor|16/100 tox|[from] ability: Poison Heal
|upkeep
|turn|18
|
|t:|1760736964
|-activate|p2a: Gliscor|confusion
|-damage|p2a: Gliscor|9/100 tox|[from] confusion
|move|p1a: Zapdos|Hurricane|p2a: Gliscor
|-damage|p2a: Gliscor|0 fnt
|faint|p2a: Gliscor
|
|upkeep
|
|t:|1760736971
|switch|p2a: Slowking|Slowking-Galar, F, tera:Water|47/100
|turn|19
|
|t:|1760736980
|move|p1a: Zapdos|Thunderbolt|p2a: Slowking
|-supereffective|p2a: Slowking
|-damage|p2a: Slowking|0 fnt
|faint|p2a: Slowking
|
|upkeep
|
|t:|1760736984
|switch|p2a: Hoopa|Hoopa-Unbound|41/100
|turn|20
|
|t:|1760736988
|move|p1a: Zapdos|U-turn|p2a: Hoopa
|-supereffective|p2a: Hoopa
|-damage|p2a: Hoopa|0 fnt
|faint|p2a: Hoopa
|
|t:|1760736990
|switch|p1a: Heatran|Heatran, M, shiny|24/100|[from] U-turn
|
|-heal|p1a: Heatran|30/100|[from] item: Leftovers
|upkeep
|
|t:|1760736997
|switch|p2a: Hitmontop|Hitmontop, M|100/100
|turn|21
|
|t:|1760737003
|switch|p1a: Iron Valiant|Iron Valiant, shiny|100/100
|-enditem|p1a: Iron Valiant|Booster Energy
|-activate|p1a: Iron Valiant|ability: Quark Drive|[fromitem]
|-start|p1a: Iron Valiant|quarkdrivespe
|move|p2a: Hitmontop|Mach Punch|p1a: Iron Valiant
|-resisted|p1a: Iron Valiant
|-damage|p1a: Iron Valiant|83/100
|
|upkeep
|turn|22
|
|t:|1760737021
|switch|p2a: Vileplume|Vileplume, M|100/100
|move|p1a: Iron Valiant|Knock Off|p2a: Vileplume
|-damage|p2a: Vileplume|76/100
|-damage|p1a: Iron Valiant|66/100|[from] item: Rocky Helmet|[of] p2a: Vileplume
|-status|p1a: Iron Valiant|slp|[from] ability: Effect Spore|[of] p2a: Vileplume
|-enditem|p2a: Vileplume|Rocky Helmet|[from] move: Knock Off|[of] p1a: Iron Valiant
|
|upkeep
|turn|23
|
|t:|1760737028
|-end|p1a: Iron Valiant|Quark Drive|[silent]
|switch|p1a: Heatran|Heatran, M, shiny|30/100
|move|p2a: Vileplume|Leech Seed|p1a: Heatran
|-start|p1a: Heatran|move: Leech Seed
|
|-heal|p1a: Heatran|37/100|[from] item: Leftovers
|-damage|p1a: Heatran|24/100|[from] Leech Seed|[of] p2a: Vileplume
|-heal|p2a: Vileplume|89/100|[silent]
|upkeep
|turn|24
|
|t:|1760737037
|switch|p2a: Hitmontop|Hitmontop, M|100/100
|move|p1a: Heatran|Magma Storm|p2a: Hitmontop
|-damage|p2a: Hitmontop|59/100
|-activate|p2a: Hitmontop|move: Magma Storm|[of] p1a: Heatran
|
|-heal|p1a: Heatran|30/100|[from] item: Leftovers
|-damage|p1a: Heatran|18/100|[from] Leech Seed|[of] p2a: Hitmontop
|-heal|p2a: Hitmontop|75/100|[silent]
|-damage|p2a: Hitmontop|62/100|[from] move: Magma Storm|[partiallytrapped]
|upkeep
|turn|25
|
|t:|1760737049
|switch|p1a: Zapdos|Zapdos, shiny|83/100
|move|p2a: Hitmontop|Rapid Spin|p1a: Zapdos
|-crit|p1a: Zapdos
|-damage|p1a: Zapdos|57/100
|-boost|p2a: Hitmontop|spe|1
|-end|p2a: Hitmontop|Magma Storm|[partiallytrapped]
|
|upkeep
|turn|26
|
|t:|1760737060
|switch|p1a: Iron Valiant|Iron Valiant, shiny|66/100 slp
|move|p2a: Hitmontop|Triple Axel|p1a: Iron Valiant
|-damage|p1a: Iron Valiant|55/100 slp
|-damage|p1a: Iron Valiant|30/100 slp
|-damage|p1a: Iron Valiant|0 fnt
|faint|p1a: Iron Valiant
|-end|p1a: Iron Valiant|Quark Drive|[silent]
|-hitcount|p1: Iron Valiant|3
|
|upkeep
|
|t:|1760737067
|switch|p1a: Latios|Latios, M, shiny|100/100
|turn|27
|inactive|yxng_sith has 120 seconds left.
|
|t:|1760737102
|move|p1a: Latios|Luster Purge|p2a: Hitmontop
|-supereffective|p2a: Hitmontop
|-damage|p2a: Hitmontop|0 fnt
|faint|p2a: Hitmontop
|
|upkeep
|
|t:|1760737105
|switch|p2a: Dragapult|Dragapult, M|100/100
|turn|28
|
|t:|1760737113
|switch|p1a: Zapdos|Zapdos, shiny|57/100
|move|p2a: Dragapult|Dragon Darts|p1a: Zapdos
|-damage|p1a: Zapdos|40/100
|-anim|p2a: Dragapult|Dragon Darts|p1a: Zapdos
|-damage|p1a: Zapdos|25/100
|
|upkeep
|turn|29
|
|t:|1760737120
|move|p2a: Dragapult|Dragon Darts|p1a: Zapdos
|-damage|p1a: Zapdos|8/100
|-anim|p2a: Dragapult|Dragon Darts|p1a: Zapdos
|-damage|p1a: Zapdos|0 fnt
|faint|p1a: Zapdos
|
|upkeep
|
|t:|1760737125
|switch|p1a: Latios|Latios, M, shiny|100/100
|turn|30
|
|t:|1760737134
|-terastallize|p1a: Latios|Fairy
|move|p1a: Latios|Luster Purge|p2a: Dragapult
|-damage|p2a: Dragapult|28/100
|-unboost|p2a: Dragapult|spd|1
|move|p2a: Dragapult|U-turn|p1a: Latios
|-resisted|p1a: Latios
|-damage|p1a: Latios|87/100
|
|t:|1760737141
|switch|p2a: Vileplume|Vileplume, M|89/100|[from] U-turn
|
|upkeep
|turn|31
|
|t:|1760737150
|move|p1a: Latios|Luster Purge|p2a: Vileplume
|-supereffective|p2a: Vileplume
|-damage|p2a: Vileplume|0 fnt
|faint|p2a: Vileplume
|
|upkeep
|
|t:|1760737153
|switch|p2a: Dragapult|Dragapult, M|28/100
|turn|32
|
|t:|1760737158
|move|p1a: Latios|Luster Purge|p2a: Dragapult
|-damage|p2a: Dragapult|0 fnt
|faint|p2a: Dragapult
|
|win|Loyd09
|raw|Loyd09's rating: 1400 &rarr; <strong>1418</strong><br />(+18 for winning)
|raw|yxng_sith's rating: 1362 &rarr; <strong>1344</strong><br />(-18 for losing)
|l|☆yxng_sith
|player|p2|
|c|☆Loyd09|gg
|l|☆Loyd09
|player|p1|
