|j|☆NiZZaYe
|j|‽clydethesuperhero
|t:|1760796475
|gametype|singles
|player|p1|NiZZaYe|101|1611
|player|p2|clydethesuperhero|doubleteam|1564
|gen|9
|tier|[Gen 9] OU
|rated|
|rule|HP Percentage Mod: HP is shown in percentages
|rule|Endless Battle Clause: Forcing endless battles is banned
|rule|Species Clause: Limit one of each Pokémon
|rule|OHKO Clause: OHKO moves are banned
|rule|Evasion Items Clause: Evasion items are banned
|rule|Evasion Moves Clause: Evasion moves are banned
|rule|Evasion Abilities Clause: Evasion abilities are banned
|rule|Sleep Moves Clause: Sleep-inducing moves are banned
|clearpoke
|poke|p1|Tyranitar, F|
|poke|p1|Excadrill, M|
|poke|p1|Kingambit, M|
|poke|p1|Garchomp, F|
|poke|p1|Pecharunt|
|poke|p1|Rotom-Wash|
|poke|p2|Zamazenta-*|
|poke|p2|Ogerpon-Wellspring, F|
|poke|p2|Garganacl, M|
|poke|p2|Moltres|
|poke|p2|Iron Treads|
|poke|p2|Darkrai|
|teampreview
|inactive|Battle timer is ON: inactive players will automatically lose when time's up. (requested by NiZZaYe)
|inactive|clydethesuperhero has 120 seconds left.
|inactive|clydethesuperhero has 90 seconds left.
|inactive|clydethesuperhero has 60 seconds left.
|
|t:|1760796570
|teamsize|p1|6
|teamsize|p2|6
|start
|switch|p1a: Rotom|Rotom-Wash|100/100
|switch|p2a: Ogerpon|Ogerpon-Wellspring, F|100/100
|turn|1
|
|t:|1760796577
|move|p2a: Ogerpon|U-turn|p1a: Rotom
|-damage|p1a: Rotom|81/100
|inactive|clydethesuperhero has 120 seconds left.
|inactive|clydethesuperhero has 90 seconds left.
|
|t:|1760796624
|switch|p2a: Iron Treads|Iron Treads|100/100|[from] U-turn
|move|p1a: Rotom|Will-O-Wisp|p2a: Iron Treads|[miss]
|-miss|p1a: Rotom|p2a: Iron Treads
|
|-heal|p1a: Rotom|87/100|[from] item: Leftovers
|upkeep
|turn|2
|inactive|clydethesuperhero has 90 seconds left.
|
|t:|1760796638
|move|p2a: Iron Treads|Stealth Rock|p1a: Rotom
|-sidestart|p1: NiZZaYe|move: Stealth Rock
|move|p1a: Rotom|Hydro Pump|p2a: Iron Treads
|-supereffective|p2a: Iron Treads
|-damage|p2a: Iron Treads|14/100
|
|-heal|p2a: Iron Treads|20/100|[from] item: Leftovers
|-heal|p1a: Rotom|93/100|[from] item: Leftovers
|upkeep
|turn|3
|inactive|clydethesuperhero has 90 seconds left.
|
|t:|1760796651
|move|p2a: Iron Treads|Knock Off|p1a: Rotom
|-damage|p1a: Rotom|73/100
|-enditem|p1a: Rotom|Leftovers|[from] move: Knock Off|[of] p2a: Iron Treads
|move|p1a: Rotom|Will-O-Wisp|p2a: Iron Treads
|-status|p2a: Iron Treads|brn
|
|-heal|p2a: Iron Treads|27/100 brn|[from] item: Leftovers
|-damage|p2a: Iron Treads|20/100 brn|[from] brn
|upkeep
|turn|4
|
|t:|1760796661
|-end|p2a: Iron Treads|Quark Drive|[silent]
|switch|p2a: Garganacl|Garganacl, M|100/100
|move|p1a: Rotom|Hydro Pump|p2a: Garganacl
|-supereffective|p2a: Garganacl
|-damage|p2a: Garganacl|47/100
|
|-heal|p2a: Garganacl|53/100|[from] item: Leftovers
|upkeep
|turn|5
|
|t:|1760796671
|move|p1a: Rotom|Hydro Pump|p2a: Garganacl
|-supereffective|p2a: Garganacl
|-damage|p2a: Garganacl|4/100
|move|p2a: Garganacl|Recover|p2a: Garganacl
|-heal|p2a: Garganacl|54/100
|
|-heal|p2a: Garganacl|60/100|[from] item: Leftovers
|upkeep
|turn|6
|
|t:|1760796678
|move|p1a: Rotom|Volt Switch|p2a: Garganacl
|-damage|p2a: Garganacl|44/100
|
|t:|1760796694
|switch|p1a: Tyranitar|Tyranitar, F|100/100|[from] Volt Switch
|-damage|p1a: Tyranitar|88/100|[from] Stealth Rock
|-weather|Sandstorm|[from] ability: Sand Stream|[of] p1a: Tyranitar
|move|p2a: Garganacl|Recover|p2a: Garganacl
|-heal|p2a: Garganacl|94/100
|
|-weather|Sandstorm|[upkeep]
|-heal|p2a: Garganacl|99/100|[from] item: Leftovers
|upkeep
|turn|7
|
|t:|1760796708
|switch|p2a: Iron Treads|Iron Treads|20/100 brn
|move|p1a: Tyranitar|Stealth Rock|p2a: Iron Treads
|-sidestart|p2: clydethesuperhero|move: Stealth Rock
|
|-weather|Sandstorm|[upkeep]
|-heal|p2a: Iron Treads|27/100 brn|[from] item: Leftovers
|-damage|p2a: Iron Treads|20/100 brn|[from] brn
|upkeep
|turn|8
|
|t:|1760796722
|switch|p1a: Rotom|Rotom-Wash|73/100
|-damage|p1a: Rotom|60/100|[from] Stealth Rock
|move|p2a: Iron Treads|Knock Off|p1a: Rotom
|-damage|p1a: Rotom|53/100
|
|-weather|Sandstorm|[upkeep]
|-damage|p1a: Rotom|47/100|[from] Sandstorm
|-heal|p2a: Iron Treads|27/100 brn|[from] item: Leftovers
|-damage|p2a: Iron Treads|20/100 brn|[from] brn
|upkeep
|turn|9
|
|t:|1760796730
|move|p2a: Iron Treads|Rapid Spin|p1a: Rotom
|-damage|p1a: Rotom|42/100
|-boost|p2a: Iron Treads|spe|1
|-sideend|p2: clydethesuperhero|Stealth Rock|[from] move: Rapid Spin|[of] p2a: Iron Treads
|move|p1a: Rotom|Hydro Pump|p2a: Iron Treads
|-supereffective|p2a: Iron Treads
|-damage|p2a: Iron Treads|0 fnt
|faint|p2a: Iron Treads
|-end|p2a: Iron Treads|Quark Drive|[silent]
|
|-weather|Sandstorm|[upkeep]
|-damage|p1a: Rotom|35/100|[from] Sandstorm
|upkeep
|
|t:|1760796735
|switch|p2a: Darkrai|Darkrai|100/100
|turn|10
|
|t:|1760796742
|switch|p1a: Tyranitar|Tyranitar, F|88/100
|-damage|p1a: Tyranitar|76/100|[from] Stealth Rock
|move|p2a: Darkrai|Dark Pulse|p1a: Tyranitar
|-resisted|p1a: Tyranitar
|-damage|p1a: Tyranitar|62/100
|
|-weather|Sandstorm|[upkeep]
|-damage|p2a: Darkrai|94/100|[from] Sandstorm
|upkeep
|turn|11
|
|t:|1760796755
|switch|p2a: Ogerpon|Ogerpon-Wellspring, F|100/100
|move|p1a: Tyranitar|Stealth Rock|p2a: Ogerpon
|-sidestart|p2: clydethesuperhero|move: Stealth Rock
|
|-weather|Sandstorm|[upkeep]
|-damage|p2a: Ogerpon|94/100|[from] Sandstorm
|upkeep
|turn|12
|
|t:|1760796762
|switch|p1a: Pecharunt|Pecharunt|100/100
|-damage|p1a: Pecharunt|88/100|[from] Stealth Rock
|-item|p1a: Pecharunt|Air Balloon
|move|p2a: Ogerpon|Ivy Cudgel|p1a: Pecharunt|[anim] Ivy Cudgel Water
|-damage|p1a: Pecharunt|63/100
|-enditem|p1a: Pecharunt|Air Balloon
|
|-weather|Sandstorm|[upkeep]
|-damage|p2a: Ogerpon|88/100|[from] Sandstorm
|-damage|p1a: Pecharunt|57/100|[from] Sandstorm
|upkeep
|turn|13
|
|t:|1760796778
|move|p2a: Ogerpon|U-turn|p1a: Pecharunt
|-resisted|p1a: Pecharunt
|-damage|p1a: Pecharunt|55/100
|
|t:|1760796785
|switch|p2a: Garganacl|Garganacl, M|99/100|[from] U-turn
|-damage|p2a: Garganacl|88/100|[from] Stealth Rock
|move|p1a: Pecharunt|Parting Shot|p2a: Garganacl
|-unboost|p2a: Garganacl|atk|1
|-unboost|p2a: Garganacl|spa|1
|
|t:|1760796802
|switch|p1a: Rotom|Rotom-Wash|35/100|[from] Parting Shot
|-damage|p1a: Rotom|23/100|[from] Stealth Rock
|
|-weather|none
|-heal|p2a: Garganacl|94/100|[from] item: Leftovers
|upkeep
|turn|14
|
|t:|1760796816
|move|p1a: Rotom|Pain Split|p2a: Garganacl
|-sethp|p2a: Garganacl|56/100|[from] move: Pain Split|[silent]
|-sethp|p1a: Rotom|74/100|[from] move: Pain Split
|move|p2a: Garganacl|Salt Cure|p1a: Rotom
|-damage|p1a: Rotom|66/100
|-start|p1a: Rotom|Salt Cure
|
|-heal|p2a: Garganacl|62/100|[from] item: Leftovers
|-damage|p1a: Rotom|41/100|[from] Salt Cure
|upkeep
|turn|15
|
|t:|1760796829
|move|p1a: Rotom|Hydro Pump|p2a: Garganacl
|-supereffective|p2a: Garganacl
|-damage|p2a: Garganacl|11/100
|move|p2a: Garganacl|Recover|p2a: Garganacl
|-heal|p2a: Garganacl|61/100
|
|-heal|p2a: Garganacl|67/100|[from] item: Leftovers
|-damage|p1a: Rotom|16/100|[from] Salt Cure
|upkeep
|turn|16
|
|t:|1760796837
|move|p1a: Rotom|Pain Split|p2a: Garganacl
|-sethp|p2a: Garganacl|40/100|[from] move: Pain Split|[silent]
|-sethp|p1a: Rotom|52/100|[from] move: Pain Split
|move|p2a: Garganacl|Recover|p2a: Garganacl
|-heal|p2a: Garganacl|90/100
|
|-heal|p2a: Garganacl|96/100|[from] item: Leftovers
|-damage|p1a: Rotom|27/100|[from] Salt Cure
|upkeep
|turn|17
|
|t:|1760796843
|switch|p2a: Darkrai|Darkrai|94/100
|-damage|p2a: Darkrai|82/100|[from] Stealth Rock
|move|p1a: Rotom|Pain Split|p2a: Darkrai
|-sethp|p2a: Darkrai|56/100|[from] move: Pain Split|[silent]
|-sethp|p1a: Rotom|51/100|[from] move: Pain Split
|
|-damage|p1a: Rotom|26/100|[from] Salt Cure
|upkeep
|turn|18
|
|t:|1760796852
|switch|p1a: Tyranitar|Tyranitar, F|62/100
|-damage|p1a: Tyranitar|50/100|[from] Stealth Rock
|-weather|Sandstorm|[from] ability: Sand Stream|[of] p1a: Tyranitar
|move|p2a: Darkrai|Sludge Bomb|p1a: Tyranitar
|-resisted|p1a: Tyranitar
|-damage|p1a: Tyranitar|40/100
|
|-weather|Sandstorm|[upkeep]
|-damage|p2a: Darkrai|50/100|[from] Sandstorm
|upkeep
|turn|19
|
|t:|1760796862
|switch|p2a: Ogerpon|Ogerpon-Wellspring, F|88/100
|-damage|p2a: Ogerpon|76/100|[from] Stealth Rock
|move|p1a: Tyranitar|Knock Off|p2a: Ogerpon
|-damage|p2a: Ogerpon|39/100
|
|-weather|Sandstorm|[upkeep]
|-damage|p2a: Ogerpon|33/100|[from] Sandstorm
|upkeep
|turn|20
|
|t:|1760796874
|switch|p1a: Pecharunt|Pecharunt|55/100
|-damage|p1a: Pecharunt|42/100|[from] Stealth Rock
|move|p2a: Ogerpon|Ivy Cudgel|p1a: Pecharunt|[anim] Ivy Cudgel Water
|-damage|p1a: Pecharunt|17/100
|
|-weather|Sandstorm|[upkeep]
|-damage|p2a: Ogerpon|27/100|[from] Sandstorm
|-damage|p1a: Pecharunt|11/100|[from] Sandstorm
|upkeep
|turn|21
|
|t:|1760796893
|move|p2a: Ogerpon|Ivy Cudgel|p1a: Pecharunt|[anim] Ivy Cudgel Water
|-damage|p1a: Pecharunt|0 fnt
|faint|p1a: Pecharunt
|
|-weather|Sandstorm|[upkeep]
|-damage|p2a: Ogerpon|21/100|[from] Sandstorm
|upkeep
|
|t:|1760796913
|switch|p1a: Excadrill|Excadrill, M|100/100
|-damage|p1a: Excadrill|97/100|[from] Stealth Rock
|turn|22
|
|t:|1760796937
|switch|p2a: Moltres|Moltres|100/100
|move|p1a: Excadrill|Earthquake|p2a: Moltres
|-immune|p2a: Moltres
|
|-weather|Sandstorm|[upkeep]
|-damage|p2a: Moltres|94/100|[from] Sandstorm
|upkeep
|turn|23
|
|t:|1760796954
|move|p1a: Excadrill|Rock Slide|p2a: Moltres
|-supereffective|p2a: Moltres
|-damage|p2a: Moltres|0 fnt
|faint|p2a: Moltres
|-damage|p1a: Excadrill|87/100|[from] item: Life Orb
|
|-weather|Sandstorm|[upkeep]
|upkeep
|
|t:|1760796963
|switch|p2a: Zamazenta|Zamazenta|100/100
|-damage|p2a: Zamazenta|94/100|[from] Stealth Rock
|-ability|p2a: Zamazenta|Dauntless Shield|boost
|-boost|p2a: Zamazenta|def|1
|turn|24
|
|t:|1760796975
|-terastallize|p1a: Excadrill|Ground
|move|p1a: Excadrill|Earthquake|p2a: Zamazenta
|-damage|p2a: Zamazenta|41/100
|-damage|p1a: Excadrill|78/100|[from] item: Life Orb
|move|p2a: Zamazenta|Iron Defense|p2a: Zamazenta
|-boost|p2a: Zamazenta|def|2
|
|-weather|Sandstorm|[upkeep]
|-damage|p2a: Zamazenta|35/100|[from] Sandstorm
|-heal|p2a: Zamazenta|41/100|[from] item: Leftovers
|upkeep
|turn|25
|
|t:|1760796988
|move|p1a: Excadrill|Earthquake|p2a: Zamazenta
|-damage|p2a: Zamazenta|8/100
|-damage|p1a: Excadrill|68/100|[from] item: Life Orb
|move|p2a: Zamazenta|Body Press|p1a: Excadrill
|-damage|p1a: Excadrill|0 fnt
|faint|p1a: Excadrill
|
|-weather|none
|-heal|p2a: Zamazenta|14/100|[from] item: Leftovers
|upkeep
|inactive|NiZZaYe has 120 seconds left.
|
|t:|1760797016
|switch|p1a: Garchomp|Garchomp, F|100/100
|-damage|p1a: Garchomp|94/100|[from] Stealth Rock
|turn|26
|inactive|clydethesuperhero has 120 seconds left.
|
|t:|1760797043
|move|p2a: Zamazenta|Iron Defense|p2a: Zamazenta
|-boost|p2a: Zamazenta|def|2
|move|p1a: Garchomp|Scale Shot|p2a: Zamazenta
|-damage|p2a: Zamazenta|11/100
|-damage|p2a: Zamazenta|8/100
|-damage|p2a: Zamazenta|5/100
|-damage|p2a: Zamazenta|2/100
|-hitcount|p2a: Zamazenta|4
|-unboost|p1a: Garchomp|def|1
|-boost|p1a: Garchomp|spe|1
|
|-heal|p2a: Zamazenta|8/100|[from] item: Leftovers
|upkeep
|turn|27
|inactive|clydethesuperhero has 120 seconds left.
|
|t:|1760797072
|-terastallize|p2a: Zamazenta|Steel
|move|p1a: Garchomp|Earthquake|p2a: Zamazenta
|-supereffective|p2a: Zamazenta
|-damage|p2a: Zamazenta|0 fnt
|faint|p2a: Zamazenta
|
|upkeep
|inactive|clydethesuperhero has 90 seconds left.
|
|t:|1760797091
|switch|p2a: Garganacl|Garganacl, M|96/100
|-damage|p2a: Garganacl|83/100|[from] Stealth Rock
|turn|28
|
|t:|1760797096
|move|p1a: Garchomp|Swords Dance|p1a: Garchomp
|-boost|p1a: Garchomp|atk|2
|move|p2a: Garganacl|Salt Cure|p1a: Garchomp
|-resisted|p1a: Garchomp
|-damage|p1a: Garchomp|84/100
|-start|p1a: Garchomp|Salt Cure
|
|-heal|p2a: Garganacl|90/100|[from] item: Leftovers
|-damage|p1a: Garchomp|71/100|[from] Salt Cure
|upkeep
|turn|29
|
|t:|1760797102
|move|p1a: Garchomp|Earthquake|p2a: Garganacl
|-supereffective|p2a: Garganacl
|-damage|p2a: Garganacl|0 fnt
|faint|p2a: Garganacl
|
|-damage|p1a: Garchomp|59/100|[from] Salt Cure
|upkeep
|-message|clydethesuperhero forfeited.
|
|win|NiZZaYe
|raw|NiZZaYe's rating: 1611 &rarr; <strong>1628</strong><br />(+17 for winning)
|raw|clydethesuperhero's rating: 1564 &rarr; <strong>1547</strong><br />(-17 for losing)
|l|‽clydethesuperhero
|player|p2|
|l|☆NiZZaYe
|player|p1|
