|j|☆horses aren't real
|j|☆Nubaidpros7
|t:|1760887948
|gametype|singles
|player|p1|horses aren't real|skullgruntf|1531
|player|p2|Nubaidpros7|2|1530
|gen|9
|tier|[Gen 9] OU
|rated|
|rule|HP Percentage Mod: HP is shown in percentages
|rule|Endless Battle Clause: Forcing endless battles is banned
|rule|Species Clause: Limit one of each Pokémon
|rule|OHKO Clause: OHKO moves are banned
|rule|Evasion Items Clause: Evasion items are banned
|rule|Evasion Moves Clause: Evasion moves are banned
|rule|Evasion Abilities Clause: Evasion abilities are banned
|rule|Sleep Moves Clause: Sleep-inducing moves are banned
|clearpoke
|poke|p1|Gholdengo|
|poke|p1|Samurott-Hisui, M|
|poke|p1|Hatterene, F|
|poke|p1|Landorus-Therian, M|
|poke|p1|Zamazenta-*|
|poke|p1|Pecharunt|
|poke|p2|Porygon-Z|
|poke|p2|Cinderace, F|
|poke|p2|Slowking-Galar, F|
|poke|p2|Ting-Lu|
|poke|p2|Kyurem|
|poke|p2|Zamazenta-*|
|teampreview
|inactive|Battle timer is ON: inactive players will automatically lose when time's up. (requested by horses aren't real)
|inactive|Nubaidpros7 has 120 seconds left.
|
|t:|1760887979
|teamsize|p1|6
|teamsize|p2|6
|start
|switch|p1a: Samurott|Samurott-Hisui, M|100/100
|switch|p2a: Porygon-Z|Porygon-Z|100/100
|-ability|p2a: Porygon-Z|Download|boost
|-boost|p2a: Porygon-Z|spa|1
|turn|1
|
|t:|1760887988
|move|p2a: Porygon-Z|Tri Attack|p1a: Samurott
|-damage|p1a: Samurott|11/100
|move|p1a: Samurott|Ceaseless Edge|p2a: Porygon-Z
|-damage|p2a: Porygon-Z|37/100
|-sidestart|p2: Nubaidpros7|Spikes
|
|upkeep
|turn|2
|
|t:|1760888005
|move|p1a: Samurott|Sucker Punch|p2a: Porygon-Z
|-damage|p2a: Porygon-Z|0 fnt
|faint|p2a: Porygon-Z
|
|upkeep
|
|t:|1760888007
|switch|p2a: Cinderace|Cinderace, F|100/100
|turn|3
|
|t:|1760888013
|move|p2a: Cinderace|Sucker Punch|p1a: Samurott
|-start|p2a: Cinderace|typechange|Dark|[from] ability: Libero
|-resisted|p1a: Samurott
|-damage|p1a: Samurott|0 fnt
|faint|p1a: Samurott
|
|upkeep
|
|t:|1760888017
|switch|p1a: Zamazenta|Zamazenta|100/100
|-ability|p1a: Zamazenta|Dauntless Shield|boost
|-boost|p1a: Zamazenta|def|1
|turn|4
|
|t:|1760888020
|move|p1a: Zamazenta|Close Combat|p2a: Cinderace
|-supereffective|p2a: Cinderace
|-damage|p2a: Cinderace|0 fnt
|-unboost|p1a: Zamazenta|def|1
|-unboost|p1a: Zamazenta|spd|1
|faint|p2a: Cinderace
|
|upkeep
|
|t:|1760888023
|switch|p2a: Slowking|Slowking-Galar, F|100/100
|turn|5
|
|t:|1760888026
|switch|p1a: Landorus|Landorus-Therian, M|100/100
|-ability|p1a: Landorus|Intimidate|boost
|-unboost|p2a: Slowking|atk|1
|move|p2a: Slowking|Thunder Wave|p1a: Landorus
|-immune|p1a: Landorus
|
|upkeep
|turn|6
|
|t:|1760888032
|move|p1a: Landorus|Stealth Rock|p2a: Slowking
|-sidestart|p2: Nubaidpros7|move: Stealth Rock
|-prepare|p2a: Slowking|Chilly Reception|[premajor]
|move|p2a: Slowking|Chilly Reception|p2a: Slowking
|-weather|Snowscape
|
|t:|1760888036
|switch|p2a: Kyurem|Kyurem|100/100|[from] Chilly Reception
|-damage|p2a: Kyurem|88/100|[from] Spikes
|-damage|p2a: Kyurem|63/100|[from] Stealth Rock
|-ability|p2a: Kyurem|Pressure
|
|-weather|Snowscape|[upkeep]
|-heal|p2a: Kyurem|69/100|[from] item: Leftovers
|upkeep
|turn|7
|
|t:|1760888041
|switch|p1a: Hatterene|Hatterene, F|100/100
|move|p2a: Kyurem|Freeze-Dry|p1a: Hatterene
|-damage|p1a: Hatterene|62/100
|
|-weather|Snowscape|[upkeep]
|-heal|p2a: Kyurem|75/100|[from] item: Leftovers
|-heal|p1a: Hatterene|68/100|[from] item: Leftovers
|upkeep
|turn|8
|
|t:|1760888055
|move|p2a: Kyurem|Protect|p2a: Kyurem
|-singleturn|p2a: Kyurem|Protect
|move|p1a: Hatterene|Draining Kiss|p2a: Kyurem
|-activate|p2a: Kyurem|move: Protect
|
|-weather|Snowscape|[upkeep]
|-heal|p2a: Kyurem|82/100|[from] item: Leftovers
|-heal|p1a: Hatterene|74/100|[from] item: Leftovers
|upkeep
|turn|9
|
|t:|1760888060
|switch|p2a: Slowking|Slowking-Galar, F|100/100
|move|p1a: Hatterene|Draining Kiss|p2a: Slowking
|-resisted|p2a: Slowking
|-damage|p2a: Slowking|94/100
|-heal|p1a: Hatterene|80/100|[from] drain|[of] p2a: Slowking
|
|-weather|Snowscape|[upkeep]
|-heal|p1a: Hatterene|86/100|[from] item: Leftovers
|upkeep
|turn|10
|
|t:|1760888063
|move|p1a: Hatterene|Calm Mind|p1a: Hatterene
|-boost|p1a: Hatterene|spa|1
|-boost|p1a: Hatterene|spd|1
|-prepare|p2a: Slowking|Chilly Reception|[premajor]
|move|p2a: Slowking|Chilly Reception|p2a: Slowking
|
|t:|1760888065
|switch|p2a: Ting-Lu|Ting-Lu|100/100|[from] Chilly Reception
|-damage|p2a: Ting-Lu|88/100|[from] Spikes
|-damage|p2a: Ting-Lu|82/100|[from] Stealth Rock
|-ability|p2a: Ting-Lu|Vessel of Ruin
|
|-weather|none
|-heal|p2a: Ting-Lu|88/100|[from] item: Leftovers
|-heal|p1a: Hatterene|92/100|[from] item: Leftovers
|upkeep
|turn|11
|
|t:|1760888067
|move|p1a: Hatterene|Draining Kiss|p2a: Ting-Lu
|-supereffective|p2a: Ting-Lu
|-damage|p2a: Ting-Lu|58/100
|-heal|p1a: Hatterene|100/100|[from] drain|[of] p2a: Ting-Lu
|move|p2a: Ting-Lu|Whirlwind|p1a: Hatterene
|move|p1a: Hatterene|Whirlwind|p2a: Ting-Lu|[from] ability: Magic Bounce
|drag|p2a: Slowking|Slowking-Galar, F|100/100
|
|upkeep
|turn|12
|
|t:|1760888071
|move|p1a: Hatterene|Calm Mind|p1a: Hatterene
|-boost|p1a: Hatterene|spa|1
|-boost|p1a: Hatterene|spd|1
|move|p2a: Slowking|Sludge Bomb|p1a: Hatterene
|-supereffective|p1a: Hatterene
|-damage|p1a: Hatterene|63/100
|
|-heal|p1a: Hatterene|69/100|[from] item: Leftovers
|upkeep
|turn|13
|
|t:|1760888075
|move|p1a: Hatterene|Calm Mind|p1a: Hatterene
|-boost|p1a: Hatterene|spa|1
|-boost|p1a: Hatterene|spd|1
|move|p2a: Slowking|Sludge Bomb|p1a: Hatterene
|-supereffective|p1a: Hatterene
|-damage|p1a: Hatterene|40/100
|
|-heal|p1a: Hatterene|46/100|[from] item: Leftovers
|upkeep
|turn|14
|
|t:|1760888081
|move|p1a: Hatterene|Psychic Noise|p2a: Slowking
|-damage|p2a: Slowking|49/100
|-start|p2a: Slowking|move: Heal Block
|move|p2a: Slowking|Sludge Bomb|p1a: Hatterene
|-supereffective|p1a: Hatterene
|-damage|p1a: Hatterene|16/100
|-status|p1a: Hatterene|psn
|
|-heal|p1a: Hatterene|22/100 psn|[from] item: Leftovers
|-damage|p1a: Hatterene|9/100 psn|[from] psn
|upkeep
|turn|15
|
|t:|1760888084
|switch|p2a: Ting-Lu|Ting-Lu|58/100
|-damage|p2a: Ting-Lu|45/100|[from] Spikes
|-damage|p2a: Ting-Lu|39/100|[from] Stealth Rock
|-ability|p2a: Ting-Lu|Vessel of Ruin
|move|p1a: Hatterene|Psychic Noise|p2a: Ting-Lu
|-immune|p2a: Ting-Lu
|
|-heal|p2a: Ting-Lu|45/100|[from] item: Leftovers
|-heal|p1a: Hatterene|15/100 psn|[from] item: Leftovers
|-damage|p1a: Hatterene|3/100 psn|[from] psn
|upkeep
|turn|16
|
|t:|1760888088
|switch|p2a: Slowking|Slowking-Galar, F|83/100
|move|p1a: Hatterene|Draining Kiss|p2a: Slowking
|-resisted|p2a: Slowking
|-damage|p2a: Slowking|67/100
|-heal|p1a: Hatterene|18/100 psn|[from] drain|[of] p2a: Slowking
|
|-heal|p1a: Hatterene|24/100 psn|[from] item: Leftovers
|-damage|p1a: Hatterene|12/100 psn|[from] psn
|upkeep
|turn|17
|
|t:|1760888093
|move|p1a: Hatterene|Psychic Noise|p2a: Slowking
|-damage|p2a: Slowking|20/100
|-start|p2a: Slowking|move: Heal Block
|move|p2a: Slowking|Future Sight|p1a: Hatterene
|-start|p2a: Slowking|move: Future Sight
|
|-heal|p1a: Hatterene|17/100 psn|[from] item: Leftovers
|-damage|p1a: Hatterene|5/100 psn|[from] psn
|upkeep
|turn|18
|
|t:|1760888099
|switch|p2a: Ting-Lu|Ting-Lu|45/100
|-damage|p2a: Ting-Lu|33/100|[from] Spikes
|-damage|p2a: Ting-Lu|27/100|[from] Stealth Rock
|-ability|p2a: Ting-Lu|Vessel of Ruin
|move|p1a: Hatterene|Draining Kiss|p2a: Ting-Lu
|-supereffective|p2a: Ting-Lu
|-damage|p2a: Ting-Lu|0 fnt
|-heal|p1a: Hatterene|37/100 psn|[from] drain|[of] p2a: Ting-Lu
|faint|p2a: Ting-Lu
|
|-heal|p1a: Hatterene|43/100 psn|[from] item: Leftovers
|-damage|p1a: Hatterene|31/100 psn|[from] psn
|upkeep
|
|t:|1760888102
|switch|p2a: Zamazenta|Zamazenta|100/100
|-damage|p2a: Zamazenta|88/100|[from] Spikes
|-damage|p2a: Zamazenta|82/100|[from] Stealth Rock
|-ability|p2a: Zamazenta|Dauntless Shield|boost
|-boost|p2a: Zamazenta|def|1
|turn|19
|
|t:|1760888107
|-terastallize|p2a: Zamazenta|Fire
|move|p2a: Zamazenta|Iron Defense|p2a: Zamazenta
|-boost|p2a: Zamazenta|def|2
|move|p1a: Hatterene|Psychic Noise|p2a: Zamazenta
|-damage|p2a: Zamazenta|15/100
|-start|p2a: Zamazenta|move: Heal Block
|
|-end|p1a: Hatterene|move: Future Sight
|-resisted|p1a: Hatterene
|-damage|p1a: Hatterene|22/100 psn
|-heal|p1a: Hatterene|28/100 psn|[from] item: Leftovers
|-damage|p1a: Hatterene|15/100 psn|[from] psn
|upkeep
|turn|20
|
|t:|1760888111
|move|p2a: Zamazenta|Crunch|p1a: Hatterene
|-damage|p1a: Hatterene|0 fnt
|faint|p1a: Hatterene
|
|-end|p2a: Zamazenta|move: Heal Block
|upkeep
|
|t:|1760888113
|switch|p1a: Landorus|Landorus-Therian, M|100/100
|-ability|p1a: Landorus|Intimidate|boost
|-unboost|p2a: Zamazenta|atk|1
|turn|21
|
|t:|1760888115
|move|p2a: Zamazenta|Rest|p2a: Zamazenta
|-status|p2a: Zamazenta|slp|[from] move: Rest
|-heal|p2a: Zamazenta|100/100 slp|[silent]
|-enditem|p2a: Zamazenta|Chesto Berry|[eat]
|-curestatus|p2a: Zamazenta|slp|[msg]
|move|p1a: Landorus|Earth Power|p2a: Zamazenta
|-supereffective|p2a: Zamazenta
|-damage|p2a: Zamazenta|38/100
|
|upkeep
|turn|22
|
|t:|1760888125
|move|p2a: Zamazenta|Body Press|p1a: Landorus
|-resisted|p1a: Landorus
|-damage|p1a: Landorus|56/100
|-damage|p2a: Zamazenta|21/100|[from] item: Rocky Helmet|[of] p1a: Landorus
|move|p1a: Landorus|Earth Power|p2a: Zamazenta
|-supereffective|p2a: Zamazenta
|-damage|p2a: Zamazenta|0 fnt
|faint|p2a: Zamazenta
|
|upkeep
|
|t:|1760888126
|switch|p2a: Kyurem|Kyurem|82/100
|-damage|p2a: Kyurem|69/100|[from] Spikes
|-damage|p2a: Kyurem|44/100|[from] Stealth Rock
|-ability|p2a: Kyurem|Pressure
|turn|23
|
|t:|1760888128
|move|p1a: Landorus|Earth Power|p2a: Kyurem
|-damage|p2a: Kyurem|8/100
|move|p2a: Kyurem|Freeze-Dry|p1a: Landorus
|-supereffective|p1a: Landorus
|-damage|p1a: Landorus|0 fnt
|faint|p1a: Landorus
|
|-heal|p2a: Kyurem|14/100|[from] item: Leftovers
|upkeep
|
|t:|1760888131
|switch|p1a: Zamazenta|Zamazenta|100/100
|turn|24
|
|t:|1760888136
|switch|p2a: Slowking|Slowking-Galar, F|53/100
|move|p1a: Zamazenta|Crunch|p2a: Slowking
|-supereffective|p2a: Slowking
|-damage|p2a: Slowking|0 fnt
|faint|p2a: Slowking
|
|upkeep
|
|t:|1760888138
|switch|p2a: Kyurem|Kyurem|14/100
|-damage|p2a: Kyurem|2/100|[from] Spikes
|-damage|p2a: Kyurem|0 fnt|[from] Stealth Rock
|faint|p2a: Kyurem
|
|win|horses aren't real
|raw|horses aren&apos;t real's rating: 1531 &rarr; <strong>1551</strong><br />(+20 for winning)
|raw|Nubaidpros7's rating: 1530 &rarr; <strong>1510</strong><br />(-20 for losing)
|l|☆Nubaidpros7
|player|p2|
|l|☆horses aren't real
|player|p1|
