|j|☆Vampy Endy
|j|☆jfkkkkf
|t:|1760750392
|gametype|singles
|player|p1|Vampy Endy|grimsley|1429
|player|p2|jfkkkkf|101|1422
|gen|9
|tier|[Gen 9] OU
|rated|
|rule|HP Percentage Mod: HP is shown in percentages
|rule|Endless Battle Clause: Forcing endless battles is banned
|rule|Species Clause: Limit one of each Pokémon
|rule|OHKO Clause: OHKO moves are banned
|rule|Evasion Items Clause: Evasion items are banned
|rule|Evasion Moves Clause: Evasion moves are banned
|rule|Evasion Abilities Clause: Evasion abilities are banned
|rule|Sleep Moves Clause: Sleep-inducing moves are banned
|clearpoke
|poke|p1|Rillaboom, M|
|poke|p1|Primarina, F|
|poke|p1|Weezing-Galar, F|
|poke|p1|Scizor, M|
|poke|p1|Heatran, F|
|poke|p1|Ting-Lu|
|poke|p2|Tyranitar, M|
|poke|p2|Excadrill, M|
|poke|p2|Sinistcha|
|poke|p2|Chansey, F|
|poke|p2|Hatterene, F|
|poke|p2|Ogerpon-Wellspring, F|
|teampreview
|
|t:|1760750408
|teamsize|p1|6
|teamsize|p2|6
|start
|switch|p1a: Scizor|Scizor, M|100/100
|switch|p2a: Tyranitar|Tyranitar, M|100/100
|-weather|Sandstorm|[from] ability: Sand Stream|[of] p2a: Tyranitar
|turn|1
|
|t:|1760750417
|move|p1a: Scizor|Close Combat|p2a: Tyranitar
|-supereffective|p2a: Tyranitar
|-damage|p2a: Tyranitar|0 fnt
|-unboost|p1a: Scizor|def|1
|-unboost|p1a: Scizor|spd|1
|faint|p2a: Tyranitar
|
|-weather|Sandstorm|[upkeep]
|upkeep
|
|t:|1760750438
|switch|p2a: Ogerpon|Ogerpon-Wellspring, F|100/100
|turn|2
|
|t:|1760750444
|switch|p1a: Rillaboom|Rillaboom, M|100/100
|-fieldstart|move: Grassy Terrain|[from] ability: Grassy Surge|[of] p1a: Rillaboom
|move|p2a: Ogerpon|Knock Off|p1a: Rillaboom
|-damage|p1a: Rillaboom|61/100
|-enditem|p1a: Rillaboom|Terrain Extender|[from] move: Knock Off|[of] p2a: Ogerpon
|
|-weather|Sandstorm|[upkeep]
|-damage|p2a: Ogerpon|95/100|[from] Sandstorm
|-damage|p1a: Rillaboom|55/100|[from] Sandstorm
|-heal|p2a: Ogerpon|100/100|[from] Grassy Terrain
|-heal|p1a: Rillaboom|61/100|[from] Grassy Terrain
|upkeep
|turn|3
|
|t:|1760750466
|switch|p2a: Sinistcha|Sinistcha|100/100
|move|p1a: Rillaboom|U-turn|p2a: Sinistcha
|-damage|p2a: Sinistcha|78/100
|
|t:|1760750487
|switch|p1a: Heatran|Heatran, F|100/100|[from] U-turn
|
|-weather|Sandstorm|[upkeep]
|-damage|p2a: Sinistcha|72/100|[from] Sandstorm
|-heal|p2a: Sinistcha|78/100|[from] Grassy Terrain
|-heal|p2a: Sinistcha|84/100|[from] item: Leftovers
|upkeep
|turn|4
|
|t:|1760750496
|switch|p2a: Chansey|Chansey, F|100/100
|move|p1a: Heatran|Magma Storm|p2a: Chansey|[miss]
|-miss|p1a: Heatran|p2a: Chansey
|
|-weather|Sandstorm|[upkeep]
|-damage|p2a: Chansey|94/100|[from] Sandstorm
|-heal|p2a: Chansey|100/100|[from] Grassy Terrain
|upkeep
|turn|5
|
|t:|1760750506
|move|p1a: Heatran|Magma Storm|p2a: Chansey
|-damage|p2a: Chansey|85/100
|-activate|p2a: Chansey|move: Magma Storm|[of] p1a: Heatran
|move|p2a: Chansey|Stealth Rock|p1a: Heatran
|-sidestart|p1: Vampy Endy|move: Stealth Rock
|
|-weather|none
|-heal|p2a: Chansey|91/100|[from] Grassy Terrain
|-damage|p2a: Chansey|79/100|[from] move: Magma Storm|[partiallytrapped]
|upkeep
|turn|6
|
|t:|1760750515
|move|p1a: Heatran|Taunt|p2a: Chansey
|-start|p2a: Chansey|move: Taunt
|move|p2a: Chansey|Seismic Toss|p1a: Heatran
|-damage|p1a: Heatran|75/100
|
|-heal|p1a: Heatran|81/100|[from] Grassy Terrain
|-heal|p1a: Heatran|87/100|[from] item: Leftovers
|-heal|p2a: Chansey|85/100|[from] Grassy Terrain
|-damage|p2a: Chansey|72/100|[from] move: Magma Storm|[partiallytrapped]
|upkeep
|turn|7
|
|t:|1760750527
|move|p1a: Heatran|Protect|p1a: Heatran
|-singleturn|p1a: Heatran|Protect
|move|p2a: Chansey|Seismic Toss|p1a: Heatran
|-activate|p1a: Heatran|move: Protect
|
|-heal|p1a: Heatran|93/100|[from] Grassy Terrain
|-heal|p1a: Heatran|99/100|[from] item: Leftovers
|-heal|p2a: Chansey|79/100|[from] Grassy Terrain
|-damage|p2a: Chansey|66/100|[from] move: Magma Storm|[partiallytrapped]
|upkeep
|turn|8
|
|t:|1760750539
|move|p1a: Heatran|Earth Power|p2a: Chansey
|-damage|p2a: Chansey|57/100
|move|p2a: Chansey|Seismic Toss|p1a: Heatran
|-damage|p1a: Heatran|74/100
|
|-heal|p1a: Heatran|80/100|[from] Grassy Terrain
|-heal|p1a: Heatran|86/100|[from] item: Leftovers
|-heal|p2a: Chansey|63/100|[from] Grassy Terrain
|-damage|p2a: Chansey|50/100|[from] move: Magma Storm|[partiallytrapped]
|-end|p2a: Chansey|move: Taunt
|upkeep
|turn|9
|
|t:|1760750555
|move|p1a: Heatran|Taunt|p2a: Chansey
|-start|p2a: Chansey|move: Taunt
|move|p2a: Chansey|Seismic Toss|p1a: Heatran
|-damage|p1a: Heatran|60/100
|
|-heal|p1a: Heatran|66/100|[from] Grassy Terrain
|-heal|p1a: Heatran|73/100|[from] item: Leftovers
|-heal|p2a: Chansey|57/100|[from] Grassy Terrain
|-end|p2a: Chansey|Magma Storm|[partiallytrapped]
|-fieldend|move: Grassy Terrain
|upkeep
|turn|10
|
|t:|1760750569
|switch|p2a: Ogerpon|Ogerpon-Wellspring, F|100/100
|move|p1a: Heatran|Magma Storm|p2a: Ogerpon
|-damage|p2a: Ogerpon|43/100
|-activate|p2a: Ogerpon|move: Magma Storm|[of] p1a: Heatran
|
|-heal|p1a: Heatran|79/100|[from] item: Leftovers
|-damage|p2a: Ogerpon|30/100|[from] move: Magma Storm|[partiallytrapped]
|upkeep
|turn|11
|
|t:|1760750583
|move|p1a: Heatran|Protect|p1a: Heatran
|-singleturn|p1a: Heatran|Protect
|move|p2a: Ogerpon|Ivy Cudgel|p1a: Heatran|[anim] Ivy Cudgel Water
|-activate|p1a: Heatran|move: Protect
|
|-heal|p1a: Heatran|85/100|[from] item: Leftovers
|-damage|p2a: Ogerpon|18/100|[from] move: Magma Storm|[partiallytrapped]
|upkeep
|turn|12
|
|t:|1760750597
|move|p2a: Ogerpon|Ivy Cudgel|p1a: Heatran|[anim] Ivy Cudgel Water
|-supereffective|p1a: Heatran
|-crit|p1a: Heatran
|-damage|p1a: Heatran|0 fnt
|faint|p1a: Heatran
|
|-end|p2a: Ogerpon|Magma Storm|[partiallytrapped]|[silent]
|upkeep
|
|t:|1760750600
|switch|p1a: Rillaboom|Rillaboom, M|61/100
|-damage|p1a: Rillaboom|48/100|[from] Stealth Rock
|-fieldstart|move: Grassy Terrain|[from] ability: Grassy Surge|[of] p1a: Rillaboom
|turn|13
|
|t:|1760750609
|switch|p2a: Sinistcha|Sinistcha|84/100
|move|p1a: Rillaboom|Grassy Glide|p2a: Sinistcha
|-resisted|p2a: Sinistcha
|-damage|p2a: Sinistcha|66/100
|
|-heal|p2a: Sinistcha|72/100|[from] Grassy Terrain
|-heal|p2a: Sinistcha|78/100|[from] item: Leftovers
|-heal|p1a: Rillaboom|54/100|[from] Grassy Terrain
|upkeep
|turn|14
|
|t:|1760750623
|move|p2a: Sinistcha|Matcha Gotcha|p1a: Rillaboom
|-resisted|p1a: Rillaboom
|-damage|p1a: Rillaboom|30/100
|-heal|p2a: Sinistcha|92/100|[from] drain|[of] p1a: Rillaboom
|move|p1a: Rillaboom|Knock Off|p2a: Sinistcha
|-supereffective|p2a: Sinistcha
|-damage|p2a: Sinistcha|28/100
|-enditem|p2a: Sinistcha|Leftovers|[from] move: Knock Off|[of] p1a: Rillaboom
|
|-heal|p2a: Sinistcha|34/100|[from] Grassy Terrain
|-heal|p1a: Rillaboom|36/100|[from] Grassy Terrain
|upkeep
|turn|15
|
|t:|1760750636
|move|p2a: Sinistcha|Strength Sap|p1a: Rillaboom
|-unboost|p1a: Rillaboom|atk|1
|-heal|p2a: Sinistcha|100/100
|move|p1a: Rillaboom|Knock Off|p2a: Sinistcha
|-supereffective|p2a: Sinistcha
|-damage|p2a: Sinistcha|74/100
|
|-heal|p2a: Sinistcha|80/100|[from] Grassy Terrain
|-heal|p1a: Rillaboom|42/100|[from] Grassy Terrain
|upkeep
|turn|16
|
|t:|1760750646
|move|p2a: Sinistcha|Matcha Gotcha|p1a: Rillaboom
|-resisted|p1a: Rillaboom
|-damage|p1a: Rillaboom|19/100
|-heal|p2a: Sinistcha|93/100|[from] drain|[of] p1a: Rillaboom
|move|p1a: Rillaboom|U-turn|p2a: Sinistcha
|-damage|p2a: Sinistcha|79/100
|
|t:|1760750649
|switch|p1a: Weezing|Weezing-Galar, F|100/100|[from] U-turn
|-ability|p1a: Weezing|Neutralizing Gas
|
|-heal|p2a: Sinistcha|85/100|[from] Grassy Terrain
|upkeep
|turn|17
|
|t:|1760750671
|switch|p2a: Chansey|Chansey, F|57/100
|move|p1a: Weezing|Will-O-Wisp|p2a: Chansey|[miss]
|-miss|p1a: Weezing|p2a: Chansey
|
|-heal|p2a: Chansey|63/100|[from] Grassy Terrain
|-fieldend|move: Grassy Terrain
|upkeep
|turn|18
|
|t:|1760750682
|-end|p1a: Weezing|ability: Neutralizing Gas
|switch|p1a: Scizor|Scizor, M|100/100
|-damage|p1a: Scizor|88/100|[from] Stealth Rock
|move|p2a: Chansey|Soft-Boiled|p2a: Chansey
|-heal|p2a: Chansey|100/100
|
|upkeep
|turn|19
|
|t:|1760750693
|switch|p2a: Sinistcha|Sinistcha|85/100
|move|p1a: Scizor|Knock Off|p2a: Sinistcha
|-supereffective|p2a: Sinistcha
|-damage|p2a: Sinistcha|43/100
|
|upkeep
|turn|20
|
|t:|1760750703
|move|p2a: Sinistcha|Strength Sap|p1a: Scizor
|-unboost|p1a: Scizor|atk|1
|-heal|p2a: Sinistcha|100/100
|move|p1a: Scizor|U-turn|p2a: Sinistcha
|-damage|p2a: Sinistcha|79/100
|
|t:|1760750705
|switch|p1a: Primarina|Primarina, F|100/100|[from] U-turn
|-damage|p1a: Primarina|88/100|[from] Stealth Rock
|
|-heal|p1a: Primarina|94/100|[from] item: Leftovers
|upkeep
|turn|21
|
|t:|1760750716
|-terastallize|p1a: Primarina|Poison
|move|p2a: Sinistcha|Matcha Gotcha|p1a: Primarina
|-resisted|p1a: Primarina
|-damage|p1a: Primarina|78/100
|-heal|p2a: Sinistcha|87/100|[from] drain|[of] p1a: Primarina
|move|p1a: Primarina|Psychic Noise|p2a: Sinistcha
|-damage|p2a: Sinistcha|51/100
|-start|p2a: Sinistcha|move: Heal Block
|
|-heal|p1a: Primarina|84/100|[from] item: Leftovers
|upkeep
|turn|22
|inactive|Battle timer is ON: inactive players will automatically lose when time's up. (requested by Vampy Endy)
|
|t:|1760750735
|switch|p2a: Excadrill|Excadrill, M|100/100
|move|p1a: Primarina|Moonblast|p2a: Excadrill
|-resisted|p2a: Excadrill
|-damage|p2a: Excadrill|65/100
|-unboost|p2a: Excadrill|spa|1
|
|-heal|p1a: Primarina|90/100|[from] item: Leftovers
|upkeep
|turn|23
|
|t:|1760750746
|switch|p1a: Ting-Lu|Ting-Lu|100/100
|-damage|p1a: Ting-Lu|94/100|[from] Stealth Rock
|-ability|p1a: Ting-Lu|Vessel of Ruin
|move|p2a: Excadrill|High Horsepower|p1a: Ting-Lu
|-damage|p1a: Ting-Lu|66/100
|
|-heal|p1a: Ting-Lu|72/100|[from] item: Leftovers
|upkeep
|turn|24
|
|t:|1760750768
|switch|p2a: Hatterene|Hatterene, F|100/100
|move|p1a: Ting-Lu|Throat Chop|p2a: Hatterene
|-damage|p2a: Hatterene|67/100
|-start|p2a: Hatterene|Throat Chop|[silent]
|
|-heal|p1a: Ting-Lu|79/100|[from] item: Leftovers
|upkeep
|turn|25
|
|t:|1760750779
|switch|p1a: Rillaboom|Rillaboom, M|19/100
|-damage|p1a: Rillaboom|6/100|[from] Stealth Rock
|-fieldstart|move: Grassy Terrain|[from] ability: Grassy Surge|[of] p1a: Rillaboom
|move|p2a: Hatterene|Draining Kiss|p1a: Rillaboom
|-damage|p1a: Rillaboom|0 fnt
|-heal|p2a: Hatterene|73/100|[from] drain|[of] p1a: Rillaboom
|faint|p1a: Rillaboom
|
|-heal|p2a: Hatterene|78/100|[from] Grassy Terrain
|-end|p2a: Hatterene|Throat Chop|[silent]
|upkeep
|
|t:|1760750782
|switch|p1a: Scizor|Scizor, M|88/100
|-damage|p1a: Scizor|76/100|[from] Stealth Rock
|turn|26
|
|t:|1760750801
|-terastallize|p2a: Hatterene|Water
|move|p1a: Scizor|Bullet Punch|p2a: Hatterene
|-resisted|p2a: Hatterene
|-damage|p2a: Hatterene|60/100
|move|p2a: Hatterene|Calm Mind|p2a: Hatterene
|-boost|p2a: Hatterene|spa|1
|-boost|p2a: Hatterene|spd|1
|
|-heal|p1a: Scizor|82/100|[from] Grassy Terrain
|-heal|p2a: Hatterene|66/100|[from] Grassy Terrain
|upkeep
|turn|27
|
|t:|1760750813
|move|p1a: Scizor|U-turn|p2a: Hatterene
|-damage|p2a: Hatterene|19/100
|
|t:|1760750815
|switch|p1a: Primarina|Primarina, F, tera:Poison|90/100|[from] U-turn
|-damage|p1a: Primarina|78/100|[from] Stealth Rock
|move|p2a: Hatterene|Draining Kiss|p1a: Primarina
|-resisted|p1a: Primarina
|-damage|p1a: Primarina|56/100
|-heal|p2a: Hatterene|35/100|[from] drain|[of] p1a: Primarina
|
|-heal|p1a: Primarina|62/100|[from] Grassy Terrain
|-heal|p1a: Primarina|68/100|[from] item: Leftovers
|-heal|p2a: Hatterene|41/100|[from] Grassy Terrain
|upkeep
|turn|28
|
|t:|1760750835
|switch|p1a: Scizor|Scizor, M|82/100
|-damage|p1a: Scizor|70/100|[from] Stealth Rock
|move|p2a: Hatterene|Psychic Noise|p1a: Scizor
|-resisted|p1a: Scizor
|-damage|p1a: Scizor|43/100
|-start|p1a: Scizor|move: Heal Block
|
|-heal|p2a: Hatterene|47/100|[from] Grassy Terrain
|upkeep
|turn|29
|inactive|jfkkkkf has 120 seconds left.
|
|t:|1760750862
|switch|p2a: Sinistcha|Sinistcha|51/100
|move|p1a: Scizor|Knock Off|p2a: Sinistcha
|-supereffective|p2a: Sinistcha
|-damage|p2a: Sinistcha|9/100
|
|-heal|p2a: Sinistcha|15/100|[from] Grassy Terrain
|-end|p1a: Scizor|move: Heal Block
|-fieldend|move: Grassy Terrain
|upkeep
|turn|30
|inactive|jfkkkkf has 120 seconds left.
|inactive|Vampy Endy has 120 seconds left.
|
|t:|1760750897
|move|p1a: Scizor|Bullet Punch|p2a: Sinistcha
|-damage|p2a: Sinistcha|0 fnt
|faint|p2a: Sinistcha
|
|upkeep
|
|t:|1760750905
|switch|p2a: Excadrill|Excadrill, M|65/100
|turn|31
|inactive|Vampy Endy has 120 seconds left.
|
|t:|1760750916
|switch|p1a: Ting-Lu|Ting-Lu|79/100
|-damage|p1a: Ting-Lu|72/100|[from] Stealth Rock
|-ability|p1a: Ting-Lu|Vessel of Ruin
|move|p2a: Excadrill|High Horsepower|p1a: Ting-Lu
|-damage|p1a: Ting-Lu|40/100
|
|-heal|p1a: Ting-Lu|46/100|[from] item: Leftovers
|upkeep
|turn|32
|inactive|jfkkkkf has 120 seconds left.
|
|t:|1760750929
|switch|p2a: Hatterene|Hatterene, F, tera:Water|47/100
|move|p1a: Ting-Lu|Earthquake|p2a: Hatterene
|-damage|p2a: Hatterene|2/100
|
|-heal|p1a: Ting-Lu|53/100|[from] item: Leftovers
|upkeep
|turn|33
|inactive|jfkkkkf has 120 seconds left.
|
|t:|1760750950
|switch|p1a: Weezing|Weezing-Galar, F|100/100
|-ability|p1a: Weezing|Neutralizing Gas
|move|p2a: Hatterene|Draining Kiss|p1a: Weezing
|-resisted|p1a: Weezing
|-damage|p1a: Weezing|80/100
|-heal|p2a: Hatterene|18/100|[from] drain|[of] p1a: Weezing
|
|upkeep
|turn|34
|
|t:|1760750966
|switch|p2a: Chansey|Chansey, F|100/100
|move|p1a: Weezing|Strange Steam|p2a: Chansey|[miss]
|-miss|p1a: Weezing|p2a: Chansey
|
|upkeep
|turn|35
|
|t:|1760750972
|-end|p1a: Weezing|ability: Neutralizing Gas
|switch|p1a: Primarina|Primarina, F, tera:Poison|68/100
|-damage|p1a: Primarina|56/100|[from] Stealth Rock
|move|p2a: Chansey|Seismic Toss|p1a: Primarina
|-damage|p1a: Primarina|24/100
|
|-heal|p1a: Primarina|31/100|[from] item: Leftovers
|upkeep
|turn|36
|inactive|jfkkkkf has 120 seconds left.
|
|t:|1760750983
|move|p1a: Primarina|Draining Kiss|p2a: Chansey
|-damage|p2a: Chansey|92/100
|-heal|p1a: Primarina|44/100|[from] drain|[of] p2a: Chansey
|move|p2a: Chansey|Seismic Toss|p1a: Primarina
|-damage|p1a: Primarina|13/100
|
|-heal|p1a: Primarina|19/100|[from] item: Leftovers
|upkeep
|turn|37
|inactive|jfkkkkf has 120 seconds left.
|
|t:|1760750992
|move|p1a: Primarina|Draining Kiss|p2a: Chansey
|-damage|p2a: Chansey|84/100
|-heal|p1a: Primarina|33/100|[from] drain|[of] p2a: Chansey
|move|p2a: Chansey|Seismic Toss|p1a: Primarina
|-damage|p1a: Primarina|2/100
|
|-heal|p1a: Primarina|8/100|[from] item: Leftovers
|upkeep
|turn|38
|inactive|jfkkkkf has 120 seconds left.
|
|t:|1760751007
|move|p1a: Primarina|Moonblast|p2a: Chansey
|-damage|p2a: Chansey|67/100
|move|p2a: Chansey|Seismic Toss|p1a: Primarina
|-damage|p1a: Primarina|0 fnt
|faint|p1a: Primarina
|
|upkeep
|
|t:|1760751009
|switch|p1a: Scizor|Scizor, M|43/100
|-damage|p1a: Scizor|30/100|[from] Stealth Rock
|turn|39
|
|t:|1760751024
|move|p1a: Scizor|Knock Off|p2a: Chansey
|-damage|p2a: Chansey|43/100
|-enditem|p2a: Chansey|Eviolite|[from] move: Knock Off|[of] p1a: Scizor
|move|p2a: Chansey|Seismic Toss|p1a: Scizor
|-damage|p1a: Scizor|0 fnt
|faint|p1a: Scizor
|
|upkeep
|
|t:|1760751026
|switch|p1a: Ting-Lu|Ting-Lu|53/100
|-damage|p1a: Ting-Lu|46/100|[from] Stealth Rock
|-ability|p1a: Ting-Lu|Vessel of Ruin
|turn|40
|
|t:|1760751038
|switch|p2a: Hatterene|Hatterene, F, tera:Water|18/100
|move|p1a: Ting-Lu|Earthquake|p2a: Hatterene
|-damage|p2a: Hatterene|0 fnt
|faint|p2a: Hatterene
|
|-heal|p1a: Ting-Lu|53/100|[from] item: Leftovers
|upkeep
|
|t:|1760751047
|switch|p2a: Ogerpon|Ogerpon-Wellspring, F|18/100
|turn|41
|
|t:|1760751055
|switch|p1a: Weezing|Weezing-Galar, F|80/100
|-ability|p1a: Weezing|Neutralizing Gas
|move|p2a: Ogerpon|Horn Leech|p1a: Weezing
|-resisted|p1a: Weezing
|-damage|p1a: Weezing|65/100
|-heal|p2a: Ogerpon|26/100|[from] drain|[of] p1a: Weezing
|
|upkeep
|turn|42
|
|t:|1760751067
|switch|p2a: Chansey|Chansey, F|43/100
|move|p1a: Weezing|Strange Steam|p2a: Chansey
|-damage|p2a: Chansey|30/100
|
|upkeep
|turn|43
|
|t:|1760751083
|-end|p1a: Weezing|ability: Neutralizing Gas
|switch|p1a: Ting-Lu|Ting-Lu|53/100
|-damage|p1a: Ting-Lu|46/100|[from] Stealth Rock
|-ability|p1a: Ting-Lu|Vessel of Ruin
|move|p2a: Chansey|Soft-Boiled|p2a: Chansey
|-heal|p2a: Chansey|80/100
|
|-heal|p1a: Ting-Lu|53/100|[from] item: Leftovers
|upkeep
|turn|44
|
|t:|1760751096
|move|p2a: Chansey|Seismic Toss|p1a: Ting-Lu
|-damage|p1a: Ting-Lu|33/100
|move|p1a: Ting-Lu|Earthquake|p2a: Chansey
|-damage|p2a: Chansey|42/100
|
|-heal|p1a: Ting-Lu|39/100|[from] item: Leftovers
|upkeep
|turn|45
|-message|Vampy Endy forfeited.
|
|win|jfkkkkf
|raw|Vampy Endy's rating: 1429 &rarr; <strong>1409</strong><br />(-20 for losing)
|raw|jfkkkkf's rating: 1422 &rarr; <strong>1442</strong><br />(+20 for winning)
|l|☆Vampy Endy
|player|p1|
|l|☆jfkkkkf
|player|p2|
