|j|☆ashmer06
|j|☆biglilcuh
|t:|1760852046
|gametype|singles
|player|p1|ashmer06|266|1419
|player|p2|biglilcuh|veteran|1397
|gen|9
|tier|[Gen 9] OU
|rated|
|rule|HP Percentage Mod: HP is shown in percentages
|rule|Endless Battle Clause: Forcing endless battles is banned
|rule|Species Clause: Limit one of each Pokémon
|rule|OHKO Clause: OHKO moves are banned
|rule|Evasion Items Clause: Evasion items are banned
|rule|Evasion Moves Clause: Evasion moves are banned
|rule|Evasion Abilities Clause: Evasion abilities are banned
|rule|Sleep Moves Clause: Sleep-inducing moves are banned
|clearpoke
|poke|p1|Dragapult, M|
|poke|p1|Glimmora, M|
|poke|p1|Comfey, M|
|poke|p1|Kingambit, M|
|poke|p1|Ogerpon-Wellspring, F|
|poke|p1|Blaziken, M|
|poke|p2|Weezing-Galar, M|
|poke|p2|Cinderace, F|
|poke|p2|Walking Wake|
|poke|p2|Zapdos|
|poke|p2|Scizor, F|
|poke|p2|Volcanion|
|teampreview
|
|t:|1760852051
|teamsize|p1|6
|teamsize|p2|6
|start
|switch|p1a: Glimmora|Glimmora, M, shiny|100/100
|switch|p2a: Walking Wake|Walking Wake|100/100
|-enditem|p2a: Walking Wake|Booster Energy
|-activate|p2a: Walking Wake|ability: Protosynthesis|[fromitem]
|-start|p2a: Walking Wake|protosynthesisspa
|turn|1
|inactive|Battle timer is ON: inactive players will automatically lose when time's up. (requested by ashmer06)
|
|t:|1760852055
|switch|p1a: Ogerpon|Ogerpon-Wellspring, F|100/100
|move|p2a: Walking Wake|Substitute|p2a: Walking Wake
|-start|p2a: Walking Wake|Substitute
|-damage|p2a: Walking Wake|76/100
|
|upkeep
|turn|2
|
|t:|1760852062
|switch|p1a: Comfey|Comfey, M, shiny|100/100
|move|p2a: Walking Wake|Dragon Pulse|p1a: Comfey
|-immune|p1a: Comfey
|
|upkeep
|turn|3
|
|t:|1760852067
|move|p1a: Comfey|Draining Kiss|p2a: Walking Wake
|-supereffective|p2a: Walking Wake
|-end|p2a: Walking Wake|Substitute
|-damage|p1a: Comfey|91/100|[from] item: Life Orb
|move|p2a: Walking Wake|Scald|p1a: Comfey
|-damage|p1a: Comfey|35/100
|
|upkeep
|turn|4
|
|t:|1760852074
|move|p1a: Comfey|Draining Kiss|p2a: Walking Wake
|-supereffective|p2a: Walking Wake
|-damage|p2a: Walking Wake|13/100
|-heal|p1a: Comfey|86/100|[from] drain|[of] p2a: Walking Wake
|-damage|p1a: Comfey|77/100|[from] item: Life Orb
|move|p2a: Walking Wake|Scald|p1a: Comfey
|-damage|p1a: Comfey|22/100
|
|upkeep
|turn|5
|
|t:|1760852084
|move|p1a: Comfey|Draining Kiss|p2a: Walking Wake
|-supereffective|p2a: Walking Wake
|-damage|p2a: Walking Wake|0 fnt
|-heal|p1a: Comfey|33/100|[from] drain|[of] p2a: Walking Wake
|faint|p2a: Walking Wake
|-end|p2a: Walking Wake|Protosynthesis|[silent]
|-damage|p1a: Comfey|23/100|[from] item: Life Orb
|
|upkeep
|
|t:|1760852086
|switch|p2a: Scizor|Scizor, F|100/100
|turn|6
|
|t:|1760852090
|switch|p1a: Glimmora|Glimmora, M, shiny|100/100
|move|p2a: Scizor|U-turn|p1a: Glimmora
|-resisted|p1a: Glimmora
|-damage|p1a: Glimmora|77/100
|-activate|p1a: Glimmora|ability: Toxic Debris
|-sidestart|p2: biglilcuh|move: Toxic Spikes
|-enditem|p1a: Glimmora|Red Card|[of] p2a: Scizor
|drag|p2a: Zapdos|Zapdos|100/100
|
|upkeep
|turn|7
|
|t:|1760852100
|move|p2a: Zapdos|Volt Switch|p1a: Glimmora
|-damage|p1a: Glimmora|43/100
|
|t:|1760852103
|switch|p2a: Scizor|Scizor, F|100/100|[from] Volt Switch
|move|p1a: Glimmora|Power Gem|p2a: Scizor
|-damage|p2a: Scizor|59/100
|
|upkeep
|turn|8
|
|t:|1760852111
|move|p2a: Scizor|Bullet Punch|p1a: Glimmora
|-supereffective|p1a: Glimmora
|-damage|p1a: Glimmora|0 fnt
|-activate|p1a: Glimmora|ability: Toxic Debris
|-sidestart|p2: biglilcuh|move: Toxic Spikes
|faint|p1a: Glimmora
|
|upkeep
|
|t:|1760852114
|switch|p1a: Blaziken|Blaziken, M, shiny|100/100
|turn|9
|
|t:|1760852117
|switch|p2a: Weezing|Weezing-Galar, M|100/100
|-ability|p2a: Weezing|Neutralizing Gas
|-sideend|p2: biglilcuh|move: Toxic Spikes|[of] p2a: Weezing
|move|p1a: Blaziken|Focus Energy|p1a: Blaziken
|-start|p1a: Blaziken|move: Focus Energy
|
|upkeep
|turn|10
|
|t:|1760852124
|move|p1a: Blaziken|Overheat|p2a: Weezing
|-crit|p2a: Weezing
|-damage|p2a: Weezing|0 fnt
|-unboost|p1a: Blaziken|spa|2
|faint|p2a: Weezing
|-end|p2a: Weezing|ability: Neutralizing Gas
|
|-ability|p1a: Blaziken|Speed Boost|boost
|-boost|p1a: Blaziken|spe|1
|upkeep
|
|t:|1760852129
|switch|p2a: Volcanion|Volcanion|100/100
|turn|11
|
|t:|1760852132
|move|p1a: Blaziken|Protect|p1a: Blaziken
|-singleturn|p1a: Blaziken|Protect
|move|p2a: Volcanion|Steam Eruption|p1a: Blaziken
|-activate|p1a: Blaziken|move: Protect
|
|-ability|p1a: Blaziken|Speed Boost|boost
|-boost|p1a: Blaziken|spe|1
|upkeep
|turn|12
|
|t:|1760852136
|move|p1a: Blaziken|Close Combat|p2a: Volcanion
|-crit|p2a: Volcanion
|-damage|p2a: Volcanion|41/100
|-unboost|p1a: Blaziken|def|1
|-unboost|p1a: Blaziken|spd|1
|move|p2a: Volcanion|Will-O-Wisp|p1a: Blaziken
|-immune|p1a: Blaziken
|
|-ability|p1a: Blaziken|Speed Boost|boost
|-boost|p1a: Blaziken|spe|1
|upkeep
|turn|13
|
|t:|1760852144
|-terastallize|p2a: Volcanion|Ghost
|move|p1a: Blaziken|Close Combat|p2a: Volcanion
|-immune|p2a: Volcanion
|move|p2a: Volcanion|Steam Eruption|p1a: Blaziken
|-supereffective|p1a: Blaziken
|-damage|p1a: Blaziken|0 fnt
|faint|p1a: Blaziken
|
|upkeep
|
|t:|1760852147
|switch|p1a: Dragapult|Dragapult, M, shiny|100/100
|turn|14
|
|t:|1760852151
|switch|p2a: Cinderace|Cinderace, F, shiny|100/100
|move|p1a: Dragapult|Shadow Ball|p2a: Cinderace
|-damage|p2a: Cinderace|42/100
|-damage|p1a: Dragapult|91/100|[from] item: Life Orb
|
|upkeep
|turn|15
|
|t:|1760852157
|move|p2a: Cinderace|Sucker Punch|p1a: Dragapult
|-start|p2a: Cinderace|typechange|Dark|[from] ability: Libero
|-supereffective|p1a: Dragapult
|-damage|p1a: Dragapult|1/100
|move|p1a: Dragapult|Shadow Ball|p2a: Cinderace
|-resisted|p2a: Cinderace
|-damage|p2a: Cinderace|16/100
|-damage|p1a: Dragapult|0 fnt|[from] item: Life Orb
|faint|p1a: Dragapult
|
|upkeep
|
|t:|1760852167
|switch|p1a: Comfey|Comfey, M, shiny|23/100
|turn|16
|
|t:|1760852170
|switch|p2a: Scizor|Scizor, F|59/100
|move|p1a: Comfey|Draining Kiss|p2a: Scizor
|-resisted|p2a: Scizor
|-damage|p2a: Scizor|42/100
|-heal|p1a: Comfey|38/100|[from] drain|[of] p2a: Scizor
|-damage|p1a: Comfey|28/100|[from] item: Life Orb
|
|upkeep
|turn|17
|
|t:|1760852183
|move|p1a: Comfey|Draining Kiss|p2a: Scizor
|-resisted|p2a: Scizor
|-damage|p2a: Scizor|25/100
|-heal|p1a: Comfey|42/100|[from] drain|[of] p2a: Scizor
|-damage|p1a: Comfey|33/100|[from] item: Life Orb
|move|p2a: Scizor|U-turn|p1a: Comfey
|-resisted|p1a: Comfey
|-damage|p1a: Comfey|0 fnt
|faint|p1a: Comfey
|
|t:|1760852188
|switch|p2a: Cinderace|Cinderace, F, shiny|16/100|[from] U-turn
|
|upkeep
|
|t:|1760852194
|switch|p1a: Ogerpon|Ogerpon-Wellspring, F|100/100
|turn|18
|
|t:|1760852197
|move|p2a: Cinderace|Pyro Ball|p1a: Ogerpon
|-damage|p1a: Ogerpon|36/100
|-status|p1a: Ogerpon|brn
|move|p1a: Ogerpon|Spikes|p2a: Cinderace
|-sidestart|p2: biglilcuh|Spikes
|
|-damage|p1a: Ogerpon|30/100 brn|[from] brn
|upkeep
|turn|19
|
|t:|1760852202
|move|p2a: Cinderace|U-turn|p1a: Ogerpon
|-start|p2a: Cinderace|typechange|Bug|[from] ability: Libero
|-supereffective|p1a: Ogerpon
|-damage|p1a: Ogerpon|0 fnt
|faint|p1a: Ogerpon
|
|t:|1760852205
|switch|p2a: Zapdos|Zapdos|100/100|[from] U-turn
|
|upkeep
|
|t:|1760852209
|switch|p1a: Kingambit|Kingambit, M, shiny|100/100
|-activate|p1a: Kingambit|ability: Supreme Overlord
|-start|p1a: Kingambit|fallen5|[silent]
|turn|20
|
|t:|1760852212
|move|p2a: Zapdos|Heat Wave|p1a: Kingambit
|-supereffective|p1a: Kingambit
|-damage|p1a: Kingambit|43/100
|move|p1a: Kingambit|Swords Dance|p1a: Kingambit
|-boost|p1a: Kingambit|atk|2
|
|-heal|p1a: Kingambit|50/100|[from] item: Leftovers
|upkeep
|turn|21
|
|t:|1760852228
|move|p1a: Kingambit|Sucker Punch|p2a: Zapdos
|-damage|p2a: Zapdos|0 fnt
|-status|p1a: Kingambit|par|[from] ability: Static|[of] p2a: Zapdos
|faint|p2a: Zapdos
|
|-heal|p1a: Kingambit|56/100 par|[from] item: Leftovers
|upkeep
|
|t:|1760852234
|switch|p2a: Cinderace|Cinderace, F, shiny|16/100
|turn|22
|
|t:|1760852238
|move|p1a: Kingambit|Sucker Punch|p2a: Cinderace
|-damage|p2a: Cinderace|0 fnt
|faint|p2a: Cinderace
|
|-heal|p1a: Kingambit|62/100 par|[from] item: Leftovers
|upkeep
|
|t:|1760852242
|switch|p2a: Volcanion|Volcanion, tera:Ghost|41/100
|turn|23
|
|t:|1760852260
|move|p2a: Volcanion|Flamethrower|p1a: Kingambit
|-supereffective|p1a: Kingambit
|-damage|p1a: Kingambit|0 fnt
|faint|p1a: Kingambit
|-end|p1a: Kingambit|fallen5|[silent]
|
|win|biglilcuh
|raw|ashmer06's rating: 1419 &rarr; <strong>1398</strong><br />(-21 for losing)
|raw|biglilcuh's rating: 1397 &rarr; <strong>1418</strong><br />(+21 for winning)
|l|☆biglilcuh
|player|p2|
|l|☆ashmer06
|player|p1|
