|j|☆dellee
|j|☆drakesinsanesnake
|t:|1760833361
|gametype|singles
|player|p1|dellee|miku-fairy|1087
|player|p2|drakesinsanesnake|2|1080
|gen|9
|tier|[Gen 9] OU
|rated|
|rule|HP Percentage Mod: HP is shown in percentages
|rule|Endless Battle Clause: Forcing endless battles is banned
|rule|Species Clause: Limit one of each Pokémon
|rule|OHKO Clause: OHKO moves are banned
|rule|Evasion Items Clause: Evasion items are banned
|rule|Evasion Moves Clause: Evasion moves are banned
|rule|Evasion Abilities Clause: Evasion abilities are banned
|rule|Sleep Moves Clause: Sleep-inducing moves are banned
|clearpoke
|poke|p1|Skeledirge, M|
|poke|p1|Tornadus-Therian, M|
|poke|p1|Lokix, F|
|poke|p1|Indeedee, M|
|poke|p1|Tsareena, F|
|poke|p1|Lucario, M|
|poke|p2|Dragonite, F|
|poke|p2|Ceruledge, F|
|poke|p2|Deoxys-Speed|
|poke|p2|Kingambit, M|
|poke|p2|Cinderace, F|
|poke|p2|Gholdengo|
|teampreview
|inactive|Battle timer is ON: inactive players will automatically lose when time's up. (requested by drakesinsanesnake)
|
|t:|1760833371
|teamsize|p1|6
|teamsize|p2|6
|start
|switch|p1a: Lucario|Lucario, M|100/100
|switch|p2a: juggmyslatt|Dragonite, F, shiny|100/100
|turn|1
|
|t:|1760833376
|move|p1a: Lucario|Dragon Pulse|p2a: juggmyslatt
|-supereffective|p2a: juggmyslatt
|-damage|p2a: juggmyslatt|66/100
|-damage|p1a: Lucario|91/100|[from] item: Life Orb
|move|p2a: juggmyslatt|Dragon Dance|p2a: juggmyslatt
|-boost|p2a: juggmyslatt|atk|1
|-boost|p2a: juggmyslatt|spe|1
|
|-heal|p2a: juggmyslatt|73/100|[from] item: Leftovers
|upkeep
|turn|2
|
|t:|1760833388
|switch|p1a: 💅Queen💅|Tsareena, F|100/100
|move|p2a: juggmyslatt|Earthquake|p1a: 💅Queen💅
|-resisted|p1a: 💅Queen💅
|-damage|p1a: 💅Queen💅|63/100
|
|-heal|p2a: juggmyslatt|79/100|[from] item: Leftovers
|upkeep
|turn|3
|
|t:|1760833396
|-terastallize|p1a: 💅Queen💅|Flying
|move|p2a: juggmyslatt|Extreme Speed||[still]
|cant|p1a: 💅Queen💅|ability: Queenly Majesty|Extreme Speed|[of] p2a: juggmyslatt
|move|p1a: 💅Queen💅|Fling|p2a: juggmyslatt
|-damage|p2a: juggmyslatt|67/100
|-status|p2a: juggmyslatt|par
|-enditem|p1a: 💅Queen💅|Light Ball|[from] move: Fling
|
|-heal|p2a: juggmyslatt|73/100 par|[from] item: Leftovers
|upkeep
|turn|4
|
|t:|1760833405
|cant|p2a: juggmyslatt|par
|move|p1a: 💅Queen💅|Acrobatics|p2a: juggmyslatt
|-damage|p2a: juggmyslatt|7/100 par
|
|-heal|p2a: juggmyslatt|13/100 par|[from] item: Leftovers
|upkeep
|turn|5
|
|t:|1760833413
|move|p2a: juggmyslatt|Extreme Speed||[still]
|cant|p1a: 💅Queen💅|ability: Queenly Majesty|Extreme Speed|[of] p2a: juggmyslatt
|move|p1a: 💅Queen💅|U-turn|p2a: juggmyslatt
|-resisted|p2a: juggmyslatt
|-damage|p2a: juggmyslatt|0 fnt
|faint|p2a: juggmyslatt
|
|t:|1760833419
|switch|p1a: Indeedee|Indeedee, M|100/100|[from] U-turn
|-fieldstart|move: Psychic Terrain|[from] ability: Psychic Surge|[of] p1a: Indeedee
|
|upkeep
|c|☆drakesinsanesnake|bro
|c|☆drakesinsanesnake|i might be stupid
|c|☆dellee|Hey it's alright
|c|☆drakesinsanesnake|i just clicked
|c|☆drakesinsanesnake|extreme speed like 8 times
|c|☆drakesinsanesnake|with no brain
|
|t:|1760833438
|switch|p2a: kalyari|Deoxys-Speed|100/100
|-ability|p2a: kalyari|Pressure
|turn|6
|
|t:|1760833446
|move|p2a: kalyari|Expanding Force|p1a: Indeedee
|-resisted|p1a: Indeedee
|-damage|p1a: Indeedee|55/100
|move|p1a: Indeedee|Shadow Ball|p2a: kalyari
|-supereffective|p2a: kalyari
|-damage|p2a: kalyari|0 fnt
|faint|p2a: kalyari
|
|upkeep
|c|☆drakesinsanesnake|???
|c|☆dellee|choice specs
|c|☆drakesinsanesnake|why do you have psychic coverage
|
|t:|1760833468
|switch|p2a: beatbox josiah|Ceruledge, F, shiny|100/100
|turn|7
|
|t:|1760833473
|move|p1a: Indeedee|Shadow Ball|p2a: beatbox josiah
|-supereffective|p2a: beatbox josiah
|-damage|p2a: beatbox josiah|19/100
|move|p2a: beatbox josiah|Bitter Blade|p1a: Indeedee
|-damage|p1a: Indeedee|0 fnt
|-heal|p2a: beatbox josiah|43/100|[from] drain|[of] p1a: Indeedee
|faint|p1a: Indeedee
|
|upkeep
|
|t:|1760833481
|switch|p1a: Tornadus|Tornadus-Therian, M|100/100
|turn|8
|
|t:|1760833488
|-terastallize|p2a: beatbox josiah|Electric
|move|p1a: Tornadus|Knock Off|p2a: beatbox josiah
|-damage|p2a: beatbox josiah|0 fnt
|-damage|p1a: Tornadus|84/100|[from] item: Rocky Helmet|[of] p2a: beatbox josiah
|-enditem|p2a: beatbox josiah|Rocky Helmet|[from] move: Knock Off|[of] p1a: Tornadus
|faint|p2a: beatbox josiah
|
|upkeep
|
|t:|1760833493
|switch|p2a: bunii|Cinderace, F|100/100
|turn|9
|c|☆dellee|funny
|
|t:|1760833501
|move|p1a: Tornadus|U-turn|p2a: bunii
|-resisted|p2a: bunii
|-damage|p2a: bunii|86/100
|
|t:|1760833505
|switch|p1a: Skeledirge|Skeledirge, M|100/100|[from] U-turn
|move|p2a: bunii|Gunk Shot|p1a: Skeledirge|[miss]
|-start|p2a: bunii|typechange|Poison|[from] ability: Libero
|-miss|p2a: bunii|p1a: Skeledirge
|
|-heal|p2a: bunii|92/100|[from] item: Leftovers
|-fieldend|move: Psychic Terrain
|upkeep
|turn|10
|
|t:|1760833515
|move|p2a: bunii|Swords Dance|p2a: bunii
|-boost|p2a: bunii|atk|2
|move|p1a: Skeledirge|Will-O-Wisp|p2a: bunii
|-status|p2a: bunii|brn
|
|-heal|p2a: bunii|98/100 brn|[from] item: Leftovers
|-damage|p2a: bunii|92/100 brn|[from] brn
|upkeep
|turn|11
|
|t:|1760833524
|move|p2a: bunii|Swords Dance|p2a: bunii
|-boost|p2a: bunii|atk|2
|move|p1a: Skeledirge|Hex|p2a: bunii
|-damage|p2a: bunii|19/100 brn
|
|-heal|p2a: bunii|25/100 brn|[from] item: Leftovers
|-damage|p2a: bunii|19/100 brn|[from] brn
|upkeep
|turn|12
|
|t:|1760833534
|move|p2a: bunii|Gunk Shot|p1a: Skeledirge|[miss]
|-miss|p2a: bunii|p1a: Skeledirge
|move|p1a: Skeledirge|Torch Song|p2a: bunii
|-damage|p2a: bunii|0 fnt
|-boost|p1a: Skeledirge|spa|1
|faint|p2a: bunii
|
|upkeep
|c|☆drakesinsanesnake|wow
|c|☆drakesinsanesnake|80 percent accuracy btw
|
|t:|1760833547
|switch|p2a: greedy|Gholdengo, shiny|100/100
|-item|p2a: greedy|Air Balloon
|turn|13
|c|☆dellee|try using wide lens because I use that set too and it helps
|
|t:|1760833557
|move|p2a: greedy|Shadow Ball|p1a: Skeledirge
|-supereffective|p1a: Skeledirge
|-damage|p1a: Skeledirge|42/100
|move|p1a: Skeledirge|Torch Song|p2a: greedy
|-supereffective|p2a: greedy
|-damage|p2a: greedy|3/100
|-boost|p1a: Skeledirge|spa|1
|-enditem|p2a: greedy|Air Balloon
|
|-heal|p1a: Skeledirge|48/100|[from] item: Leftovers
|upkeep
|turn|14
|
|t:|1760833568
|move|p2a: greedy|Shadow Ball|p1a: Skeledirge
|-supereffective|p1a: Skeledirge
|-damage|p1a: Skeledirge|0 fnt
|faint|p1a: Skeledirge
|
|upkeep
|
|t:|1760833577
|switch|p1a: Lokix|Lokix, F|100/100
|turn|15
|c|☆drakesinsanesnake|ok thanks
|
|t:|1760833584
|move|p1a: Lokix|First Impression|p2a: greedy
|-resisted|p2a: greedy
|-damage|p2a: greedy|0 fnt
|faint|p2a: greedy
|-damage|p1a: Lokix|91/100|[from] item: Life Orb
|
|upkeep
|
|t:|1760833587
|switch|p2a: demon timing|Kingambit, M, shiny|100/100
|-activate|p2a: demon timing|ability: Supreme Overlord
|-start|p2a: demon timing|fallen5|[silent]
|turn|16
|
|t:|1760833595
|move|p1a: Lokix|Sucker Punch|p2a: demon timing
|-resisted|p2a: demon timing
|-damage|p2a: demon timing|69/100
|-damage|p1a: Lokix|81/100|[from] item: Life Orb
|move|p2a: demon timing|Iron Head|p1a: Lokix
|-damage|p1a: Lokix|0 fnt
|faint|p1a: Lokix
|
|upkeep
|
|t:|1760833602
|switch|p1a: Lucario|Lucario, M|91/100
|turn|17
|
|t:|1760833610
|move|p1a: Lucario|Aura Sphere|p2a: demon timing
|-supereffective|p2a: demon timing
|-damage|p2a: demon timing|0 fnt
|faint|p2a: demon timing
|-end|p2a: demon timing|fallen5|[silent]
|-damage|p1a: Lucario|81/100|[from] item: Life Orb
|
|win|dellee
|raw|dellee's rating: 1087 &rarr; <strong>1113</strong><br />(+26 for winning)
|raw|drakesinsanesnake's rating: 1080 &rarr; <strong>1058</strong><br />(-22 for losing)
|c|☆drakesinsanesnake|wow
|c|☆dellee|ggs
|c|☆drakesinsanesnake|i got sweeped last time
