|j|☆FZPIR
|j|☆akkkkkiii
|t:|1760865066
|gametype|singles
|player|p1|FZPIR|169|1177
|player|p2|akkkkkiii|102|1140
|gen|9
|tier|[Gen 9] OU
|rated|
|rule|HP Percentage Mod: HP is shown in percentages
|rule|Endless Battle Clause: Forcing endless battles is banned
|rule|Species Clause: Limit one of each Pokémon
|rule|OHKO Clause: OHKO moves are banned
|rule|Evasion Items Clause: Evasion items are banned
|rule|Evasion Moves Clause: Evasion moves are banned
|rule|Evasion Abilities Clause: Evasion abilities are banned
|rule|Sleep Moves Clause: Sleep-inducing moves are banned
|clearpoke
|poke|p1|Kleavor, M|
|poke|p1|Brambleghast, M|
|poke|p1|Mamoswine, M|
|poke|p1|Alomomola, F|
|poke|p1|Lokix, F|
|poke|p1|Corviknight, M|
|poke|p2|Walking Wake|
|poke|p2|Sylveon, M|
|poke|p2|Ninetales, M|
|poke|p2|Great Tusk|
|poke|p2|Rotom-Heat|
|poke|p2|Skarmory, F|
|teampreview
|
|t:|1760865071
|teamsize|p1|6
|teamsize|p2|6
|start
|switch|p1a: Kleavor|Kleavor, M|100/100
|switch|p2a: Great Tusk|Great Tusk|100/100
|-enditem|p2a: Great Tusk|Booster Energy
|-activate|p2a: Great Tusk|ability: Protosynthesis|[fromitem]
|-start|p2a: Great Tusk|protosynthesisatk
|turn|1
|
|t:|1760865081
|move|p1a: Kleavor|Tailwind|p1a: Kleavor
|-sidestart|p1: FZPIR|move: Tailwind
|move|p2a: Great Tusk|Stealth Rock|p1a: Kleavor
|-sidestart|p1: FZPIR|move: Stealth Rock
|
|upkeep
|turn|2
|
|t:|1760865088
|move|p1a: Kleavor|Stone Axe|p2a: Great Tusk
|-resisted|p2a: Great Tusk
|-damage|p2a: Great Tusk|93/100
|-sidestart|p2: akkkkkiii|move: Stealth Rock
|move|p2a: Great Tusk|Rapid Spin|p1a: Kleavor
|-resisted|p1a: Kleavor
|-damage|p1a: Kleavor|84/100
|-boost|p2a: Great Tusk|spe|1
|-sideend|p2: akkkkkiii|Stealth Rock|[from] move: Rapid Spin|[of] p2a: Great Tusk
|
|upkeep
|turn|3
|
|t:|1760865098
|move|p1a: Kleavor|Stone Axe|p2a: Great Tusk
|-resisted|p2a: Great Tusk
|-damage|p2a: Great Tusk|85/100
|-sidestart|p2: akkkkkiii|move: Stealth Rock
|move|p2a: Great Tusk|Close Combat|p1a: Kleavor
|-damage|p1a: Kleavor|0 fnt
|-unboost|p2a: Great Tusk|def|1
|-unboost|p2a: Great Tusk|spd|1
|faint|p1a: Kleavor
|
|upkeep
|
|t:|1760865107
|switch|p1a: Brambleghast|Brambleghast, M|100/100
|-damage|p1a: Brambleghast|88/100|[from] Stealth Rock
|-ability|p1a: Brambleghast|Wind Rider|boost
|-boost|p1a: Brambleghast|atk|1
|turn|4
|
|t:|1760865115
|-terastallize|p2a: Great Tusk|Steel
|move|p1a: Brambleghast|Poltergeist||[still]
|-fail|p1a: Brambleghast
|move|p2a: Great Tusk|Rapid Spin|p1a: Brambleghast
|-immune|p1a: Brambleghast
|
|-sideend|p1: FZPIR|move: Tailwind
|upkeep
|turn|5
|
|t:|1760865132
|switch|p1a: Corviknight|Corviknight, M|100/100
|-damage|p1a: Corviknight|88/100|[from] Stealth Rock
|move|p2a: Great Tusk|Earthquake|p1a: Corviknight
|-immune|p1a: Corviknight
|
|-heal|p1a: Corviknight|94/100|[from] item: Leftovers
|upkeep
|turn|6
|
|t:|1760865141
|move|p2a: Great Tusk|Rapid Spin|p1a: Corviknight
|-resisted|p1a: Corviknight
|-damage|p1a: Corviknight|85/100
|-boost|p2a: Great Tusk|spe|1
|-sideend|p2: akkkkkiii|Stealth Rock|[from] move: Rapid Spin|[of] p2a: Great Tusk
|move|p1a: Corviknight|Defog|p2a: Great Tusk
|-unboost|p2a: Great Tusk|evasion|1
|-sideend|p1: FZPIR|Stealth Rock|[from] move: Defog|[of] p1a: Corviknight
|
|-heal|p1a: Corviknight|91/100|[from] item: Leftovers
|upkeep
|turn|7
|
|t:|1760865151
|move|p2a: Great Tusk|Stealth Rock|p1a: Corviknight
|-sidestart|p1: FZPIR|move: Stealth Rock
|move|p1a: Corviknight|U-turn|p2a: Great Tusk
|-resisted|p2a: Great Tusk
|-damage|p2a: Great Tusk|79/100
|
|t:|1760865155
|switch|p1a: Lokix|Lokix, F|100/100|[from] U-turn
|-damage|p1a: Lokix|76/100|[from] Stealth Rock
|
|upkeep
|turn|8
|
|t:|1760865161
|-terastallize|p1a: Lokix|Bug
|move|p1a: Lokix|First Impression|p2a: Great Tusk
|-resisted|p2a: Great Tusk
|-damage|p2a: Great Tusk|6/100
|move|p2a: Great Tusk|Close Combat|p1a: Lokix
|-resisted|p1a: Lokix
|-damage|p1a: Lokix|13/100
|-unboost|p2a: Great Tusk|def|1
|-unboost|p2a: Great Tusk|spd|1
|
|upkeep
|turn|9
|
|t:|1760865171
|switch|p1a: Corviknight|Corviknight, M|91/100
|-damage|p1a: Corviknight|78/100|[from] Stealth Rock
|move|p2a: Great Tusk|Rapid Spin|p1a: Corviknight
|-resisted|p1a: Corviknight
|-damage|p1a: Corviknight|68/100
|-boost|p2a: Great Tusk|spe|1
|
|-heal|p1a: Corviknight|74/100|[from] item: Leftovers
|upkeep
|turn|10
|
|t:|1760865182
|move|p2a: Great Tusk|Close Combat|p1a: Corviknight
|-damage|p1a: Corviknight|0 fnt
|-unboost|p2a: Great Tusk|def|1
|-unboost|p2a: Great Tusk|spd|1
|faint|p1a: Corviknight
|
|upkeep
|
|t:|1760865188
|switch|p1a: Mamoswine|Mamoswine, M|100/100
|-damage|p1a: Mamoswine|88/100|[from] Stealth Rock
|turn|11
|
|t:|1760865194
|move|p1a: Mamoswine|Ice Shard|p2a: Great Tusk
|-resisted|p2a: Great Tusk
|-damage|p2a: Great Tusk|0 fnt
|faint|p2a: Great Tusk
|-end|p2a: Great Tusk|Protosynthesis|[silent]
|
|upkeep
|
|t:|1760865207
|switch|p2a: Ninetales|Ninetales, M|100/100
|-weather|SunnyDay|[from] ability: Drought|[of] p2a: Ninetales
|turn|12
|
|t:|1760865218
|switch|p2a: Walking Wake|Walking Wake|100/100
|-activate|p2a: Walking Wake|ability: Protosynthesis
|-start|p2a: Walking Wake|protosynthesisspe
|switch|p1a: Alomomola|Alomomola, F|100/100
|-damage|p1a: Alomomola|88/100|[from] Stealth Rock
|
|-weather|SunnyDay|[upkeep]
|upkeep
|turn|13
|
|t:|1760865233
|move|p2a: Walking Wake|Hydro Steam|p1a: Alomomola
|-resisted|p1a: Alomomola
|-damage|p1a: Alomomola|54/100
|move|p1a: Alomomola|Flip Turn|p2a: Walking Wake
|-resisted|p2a: Walking Wake
|-damage|p2a: Walking Wake|98/100
|
|t:|1760865239
|switch|p1a: Mamoswine|Mamoswine, M|88/100|[from] Flip Turn
|-damage|p1a: Mamoswine|76/100|[from] Stealth Rock
|
|-weather|SunnyDay|[upkeep]
|upkeep
|turn|14
|
|t:|1760865245
|move|p1a: Mamoswine|Ice Shard|p2a: Walking Wake
|-damage|p2a: Walking Wake|73/100
|move|p2a: Walking Wake|Hydro Steam|p1a: Mamoswine
|-supereffective|p1a: Mamoswine
|-damage|p1a: Mamoswine|0 fnt
|faint|p1a: Mamoswine
|
|-weather|SunnyDay|[upkeep]
|upkeep
|-message|FZPIR forfeited.
|
|win|akkkkkiii
|raw|FZPIR's rating: 1177 &rarr; <strong>1149</strong><br />(-28 for losing)
|raw|akkkkkiii's rating: 1140 &rarr; <strong>1168</strong><br />(+28 for winning)
|l|☆FZPIR
|player|p1|
|l|☆akkkkkiii
|player|p2|
