|j|☆luca1996
|j|☆Scaaltt
|t:|1760725437
|gametype|singles
|player|p1|luca1996|boarder|1317
|player|p2|Scaaltt|266|1371
|gen|9
|tier|[Gen 9] OU
|rated|
|rule|HP Percentage Mod: HP is shown in percentages
|rule|Endless Battle Clause: Forcing endless battles is banned
|rule|Species Clause: Limit one of each Pokémon
|rule|OHKO Clause: OHKO moves are banned
|rule|Evasion Items Clause: Evasion items are banned
|rule|Evasion Moves Clause: Evasion moves are banned
|rule|Evasion Abilities Clause: Evasion abilities are banned
|rule|Sleep Moves Clause: Sleep-inducing moves are banned
|clearpoke
|poke|p1|Gurdurr, F|
|poke|p1|Araquanid, F|
|poke|p1|Moltres-Galar|
|poke|p1|Entei|
|poke|p1|Empoleon, F|
|poke|p1|Great Tusk|
|poke|p2|Iron Moth|
|poke|p2|Garchomp, M|
|poke|p2|Walking Wake|
|poke|p2|Dondozo, M|
|poke|p2|Chansey, F|
|poke|p2|Forretress, M|
|teampreview
|inactive|Battle timer is ON: inactive players will automatically lose when time's up. (requested by luca1996)
|
|t:|1760725450
|teamsize|p1|6
|teamsize|p2|6
|start
|switch|p1a: Araquanid|Araquanid, F|100/100
|switch|p2a: Garchomp|Garchomp, M, shiny|100/100
|turn|1
|
|t:|1760725455
|move|p2a: Garchomp|Swords Dance|p2a: Garchomp
|-boost|p2a: Garchomp|atk|2
|move|p1a: Araquanid|Liquidation|p2a: Garchomp
|-damage|p2a: Garchomp|36/100
|-damage|p1a: Araquanid|88/100|[from] ability: Rough Skin|[of] p2a: Garchomp
|
|upkeep
|turn|2
|
|t:|1760725462
|move|p2a: Garchomp|Scale Shot|p1a: Araquanid
|-damage|p1a: Araquanid|62/100
|-damage|p1a: Araquanid|32/100
|-damage|p1a: Araquanid|4/100
|-damage|p1a: Araquanid|0 fnt
|faint|p1a: Araquanid
|-hitcount|p1: Araquanid|4
|-unboost|p2a: Garchomp|def|1
|-boost|p2a: Garchomp|spe|1
|
|upkeep
|
|t:|1760725468
|switch|p1a: Gurdurr|Gurdurr, F|100/100
|turn|3
|
|t:|1760725481
|switch|p2a: Forretress|Forretress, M, shiny|100/100
|move|p1a: Gurdurr|Mach Punch|p2a: Forretress
|-damage|p2a: Forretress|86/100
|-damage|p1a: Gurdurr|84/100|[from] item: Rocky Helmet|[of] p2a: Forretress
|
|upkeep
|turn|4
|
|t:|1760725490
|move|p1a: Gurdurr|Bulk Up|p1a: Gurdurr
|-boost|p1a: Gurdurr|atk|1
|-boost|p1a: Gurdurr|def|1
|move|p2a: Forretress|Spikes|p1a: Gurdurr
|-sidestart|p1: luca1996|Spikes
|
|upkeep
|turn|5
|
|t:|1760725496
|switch|p2a: Dondozo|Dondozo, M, shiny|100/100
|move|p1a: Gurdurr|Drain Punch|p2a: Dondozo
|-damage|p2a: Dondozo|80/100
|-heal|p1a: Gurdurr|98/100|[from] drain|[of] p2a: Dondozo
|
|-heal|p2a: Dondozo|86/100|[from] item: Leftovers
|upkeep
|turn|6
|
|t:|1760725505
|move|p1a: Gurdurr|Knock Off|p2a: Dondozo
|-damage|p2a: Dondozo|73/100
|-enditem|p2a: Dondozo|Leftovers|[from] move: Knock Off|[of] p1a: Gurdurr
|move|p2a: Dondozo|Curse|p2a: Dondozo
|-unboost|p2a: Dondozo|spe|1
|-boost|p2a: Dondozo|atk|1
|-boost|p2a: Dondozo|def|1
|
|upkeep
|turn|7
|
|t:|1760725515
|switch|p1a: Moltres|Moltres-Galar|100/100
|move|p2a: Dondozo|Waterfall|p1a: Moltres
|-damage|p1a: Moltres|49/100
|-ability|p1a: Moltres|Berserk|boost
|-boost|p1a: Moltres|spa|1
|
|upkeep
|turn|8
|
|t:|1760725522
|switch|p2a: Chansey|Chansey, F, shiny|100/100
|move|p1a: Moltres|Fiery Wrath|p2a: Chansey
|-damage|p2a: Chansey|85/100
|
|upkeep
|turn|9
|
|t:|1760725528
|-terastallize|p1a: Moltres|Fighting
|move|p1a: Moltres|Tera Blast|p2a: Chansey|[anim] Tera Blast Fighting
|-supereffective|p2a: Chansey
|-damage|p2a: Chansey|57/100
|move|p2a: Chansey|Seismic Toss|p1a: Moltres
|-damage|p1a: Moltres|18/100
|
|upkeep
|turn|10
|
|t:|1760725536
|move|p1a: Moltres|Tera Blast|p2a: Chansey|[anim] Tera Blast Fighting
|-supereffective|p2a: Chansey
|-damage|p2a: Chansey|31/100
|move|p2a: Chansey|Seismic Toss|p1a: Moltres
|-damage|p1a: Moltres|0 fnt
|faint|p1a: Moltres
|
|upkeep
|
|t:|1760725542
|switch|p1a: Great Tusk|Great Tusk|100/100
|-damage|p1a: Great Tusk|88/100|[from] Spikes
|turn|11
|
|t:|1760725547
|switch|p2a: Dondozo|Dondozo, M, shiny|73/100
|move|p1a: Great Tusk|Earthquake|p2a: Dondozo
|-damage|p2a: Dondozo|48/100
|
|upkeep
|turn|12
|
|t:|1760725553
|move|p1a: Great Tusk|Earthquake|p2a: Dondozo
|-damage|p2a: Dondozo|21/100
|move|p2a: Dondozo|Curse|p2a: Dondozo
|-unboost|p2a: Dondozo|spe|1
|-boost|p2a: Dondozo|atk|1
|-boost|p2a: Dondozo|def|1
|
|upkeep
|turn|13
|
|t:|1760725561
|move|p1a: Great Tusk|Close Combat|p2a: Dondozo
|-damage|p2a: Dondozo|2/100
|-unboost|p1a: Great Tusk|def|1
|-unboost|p1a: Great Tusk|spd|1
|move|p2a: Dondozo|Rest|p2a: Dondozo
|-status|p2a: Dondozo|slp|[from] move: Rest
|-heal|p2a: Dondozo|100/100 slp|[silent]
|
|upkeep
|turn|14
|
|t:|1760725569
|-end|p1a: Great Tusk|Protosynthesis|[silent]
|switch|p1a: Empoleon|Empoleon, F|100/100
|-damage|p1a: Empoleon|88/100|[from] Spikes
|cant|p2a: Dondozo|slp
|
|upkeep
|turn|15
|c|☆luca1996|dondozo is such a problem
|
|t:|1760725575
|switch|p2a: Chansey|Chansey, F, shiny|31/100
|move|p1a: Empoleon|Surf|p2a: Chansey
|-damage|p2a: Chansey|22/100
|
|upkeep
|turn|16
|
|t:|1760725581
|switch|p1a: Great Tusk|Great Tusk|88/100
|-damage|p1a: Great Tusk|76/100|[from] Spikes
|move|p2a: Chansey|Soft-Boiled|p2a: Chansey
|-heal|p2a: Chansey|72/100
|
|upkeep
|turn|17
|
|t:|1760725588
|switch|p2a: Forretress|Forretress, M, shiny|86/100
|move|p1a: Great Tusk|Rapid Spin|p2a: Forretress
|-resisted|p2a: Forretress
|-damage|p2a: Forretress|81/100
|-boost|p1a: Great Tusk|spe|1
|-damage|p1a: Great Tusk|59/100|[from] item: Rocky Helmet|[of] p2a: Forretress
|-sideend|p1: luca1996|Spikes|[from] move: Rapid Spin|[of] p1a: Great Tusk
|
|upkeep
|turn|18
|
|t:|1760725600
|move|p1a: Great Tusk|Earthquake|p2a: Forretress
|-damage|p2a: Forretress|50/100
|move|p2a: Forretress|Body Press|p1a: Great Tusk
|-damage|p1a: Great Tusk|34/100
|
|upkeep
|turn|19
|
|t:|1760725607
|move|p1a: Great Tusk|Earthquake|p2a: Forretress
|-damage|p2a: Forretress|21/100
|move|p2a: Forretress|Toxic Spikes|p1a: Great Tusk
|-sidestart|p1: luca1996|move: Toxic Spikes
|
|upkeep
|turn|20
|
|t:|1760725613
|move|p1a: Great Tusk|Earthquake|p2a: Forretress
|-crit|p2a: Forretress
|-damage|p2a: Forretress|0 fnt
|faint|p2a: Forretress
|
|upkeep
|
|t:|1760725622
|switch|p2a: Iron Moth|Iron Moth, shiny|100/100
|-enditem|p2a: Iron Moth|Booster Energy
|-activate|p2a: Iron Moth|ability: Quark Drive|[fromitem]
|-start|p2a: Iron Moth|quarkdrivespa
|turn|21
|
|t:|1760725630
|-terastallize|p2a: Iron Moth|Ground
|move|p2a: Iron Moth|Fiery Dance|p1a: Great Tusk
|-damage|p1a: Great Tusk|0 fnt
|-boost|p2a: Iron Moth|spa|1
|faint|p1a: Great Tusk
|-end|p1a: Great Tusk|Protosynthesis|[silent]
|
|upkeep
|
|t:|1760725638
|switch|p1a: Empoleon|Empoleon, F|88/100
|turn|22
|
|t:|1760725641
|move|p2a: Iron Moth|Fiery Dance|p1a: Empoleon
|-crit|p1a: Empoleon
|-damage|p1a: Empoleon|0 fnt
|faint|p1a: Empoleon
|
|upkeep
|-message|luca1996 forfeited.
|
|win|Scaaltt
|raw|luca1996's rating: 1317 &rarr; <strong>1300</strong><br />(-17 for losing)
|raw|Scaaltt's rating: 1371 &rarr; <strong>1388</strong><br />(+17 for winning)
|l|☆luca1996
|player|p1|
|l|☆Scaaltt
|player|p2|
