|j|☆Bakelitepharaoh
|j|☆DoggedLuis
|t:|1760765523
|gametype|singles
|player|p1|Bakelitepharaoh|ethan|1160
|player|p2|DoggedLuis|pokemaniac|1142
|gen|9
|tier|[Gen 9] OU
|rated|
|rule|HP Percentage Mod: HP is shown in percentages
|rule|Endless Battle Clause: Forcing endless battles is banned
|rule|Species Clause: Limit one of each Pokémon
|rule|OHKO Clause: OHKO moves are banned
|rule|Evasion Items Clause: Evasion items are banned
|rule|Evasion Moves Clause: Evasion moves are banned
|rule|Evasion Abilities Clause: Evasion abilities are banned
|rule|Sleep Moves Clause: Sleep-inducing moves are banned
|clearpoke
|poke|p1|Landorus-Therian, M|
|poke|p1|Alomomola, F|
|poke|p1|Raging Bolt|
|poke|p1|Scizor, M|
|poke|p1|Dragapult, M|
|poke|p1|Heatran, F|
|poke|p2|Milotic, M|
|poke|p2|Gastrodon, M|
|poke|p2|Zapdos|
|poke|p2|Meowscarada, M|
|poke|p2|Latios, M|
|poke|p2|Entei|
|teampreview
|inactive|Battle timer is ON: inactive players will automatically lose when time's up. (requested by DoggedLuis)
|
|t:|1760765542
|teamsize|p1|6
|teamsize|p2|6
|start
|switch|p1a: Scizor|Scizor, M|100/100
|switch|p2a: Milotic|Milotic, M, shiny|100/100
|turn|1
|
|t:|1760765553
|move|p2a: Milotic|Scald|p1a: Scizor
|-damage|p1a: Scizor|70/100
|-status|p1a: Scizor|brn
|move|p1a: Scizor|U-turn|p2a: Milotic
|-damage|p2a: Milotic|85/100
|
|t:|1760765564
|switch|p1a: Dragapult|Dragapult, M|100/100|[from] U-turn
|
|-status|p2a: Milotic|brn|[from] item: Flame Orb
|upkeep
|turn|2
|
|t:|1760765573
|-terastallize|p2a: Milotic|Fairy
|move|p1a: Dragapult|Thunderbolt|p2a: Milotic
|-damage|p2a: Milotic|56/100 brn
|move|p2a: Milotic|Alluring Voice|p1a: Dragapult
|-supereffective|p1a: Dragapult
|-damage|p1a: Dragapult|29/100
|
|-damage|p2a: Milotic|50/100 brn|[from] brn
|upkeep
|turn|3
|
|t:|1760765592
|switch|p1a: Scizor|Scizor, M|70/100 brn
|move|p2a: Milotic|Recover|p2a: Milotic
|-heal|p2a: Milotic|99/100 brn
|
|-damage|p2a: Milotic|94/100 brn|[from] brn
|-damage|p1a: Scizor|64/100 brn|[from] brn
|upkeep
|turn|4
|
|t:|1760765620
|switch|p2a: Entei|Entei, shiny|100/100
|move|p1a: Scizor|Bullet Punch|p2a: Entei
|-resisted|p2a: Entei
|-damage|p2a: Entei|91/100
|
|-damage|p1a: Scizor|58/100 brn|[from] brn
|upkeep
|turn|5
|
|t:|1760765627
|switch|p1a: Heatran|Heatran, F|100/100
|-item|p1a: Heatran|Air Balloon
|move|p2a: Entei|Sacred Fire|p1a: Heatran
|-start|p1a: Heatran|ability: Flash Fire
|
|upkeep
|turn|6
|
|t:|1760765636
|switch|p2a: Gastrodon|Gastrodon, M, shiny|100/100
|move|p1a: Heatran|Magma Storm|p2a: Gastrodon|[miss]
|-miss|p1a: Heatran|p2a: Gastrodon
|
|upkeep
|turn|7
|
|t:|1760765645
|move|p1a: Heatran|Magma Storm|p2a: Gastrodon
|-resisted|p2a: Gastrodon
|-damage|p2a: Gastrodon|74/100
|-activate|p2a: Gastrodon|move: Magma Storm|[of] p1a: Heatran
|move|p2a: Gastrodon|Surf|p1a: Heatran
|-supereffective|p1a: Heatran
|-damage|p1a: Heatran|42/100
|-enditem|p1a: Heatran|Air Balloon
|
|-heal|p2a: Gastrodon|80/100|[from] item: Leftovers
|-damage|p2a: Gastrodon|67/100|[from] move: Magma Storm|[partiallytrapped]
|upkeep
|turn|8
|
|t:|1760765668
|-end|p1a: Heatran|ability: Flash Fire|[silent]
|switch|p1a: Alomomola|Alomomola, F|100/100
|move|p2a: Gastrodon|Earth Power|p1a: Alomomola
|-damage|p1a: Alomomola|68/100
|
|-heal|p2a: Gastrodon|73/100|[from] item: Leftovers
|-end|p2a: Gastrodon|Magma Storm|[partiallytrapped]|[silent]
|upkeep
|turn|9
|
|t:|1760765677
|switch|p2a: Meowscarada|Meowscarada, M, shiny|100/100
|move|p1a: Alomomola|Wish|p1a: Alomomola
|
|upkeep
|turn|10
|
|t:|1760765691
|switch|p1a: Heatran|Heatran, F|42/100
|move|p2a: Meowscarada|U-turn|p1a: Heatran
|-start|p2a: Meowscarada|typechange|Bug|[from] ability: Protean
|-resisted|p1a: Heatran
|-crit|p1a: Heatran
|-damage|p1a: Heatran|29/100
|
|t:|1760765700
|switch|p2a: Gastrodon|Gastrodon, M, shiny|73/100|[from] U-turn
|
|-heal|p1a: Heatran|100/100|[from] move: Wish|[wisher] Alomomola
|-heal|p2a: Gastrodon|79/100|[from] item: Leftovers
|upkeep
|turn|11
|
|t:|1760765713
|move|p1a: Heatran|Earth Power|p2a: Gastrodon
|-damage|p2a: Gastrodon|57/100
|move|p2a: Gastrodon|Earth Power|p1a: Heatran
|-supereffective|p1a: Heatran
|-damage|p1a: Heatran|0 fnt
|faint|p1a: Heatran
|
|-heal|p2a: Gastrodon|63/100|[from] item: Leftovers
|upkeep
|
|t:|1760765724
|switch|p1a: Dragapult|Dragapult, M|29/100
|turn|12
|
|t:|1760765731
|switch|p2a: Milotic|Milotic, M, shiny, tera:Fairy|94/100 brn
|-terastallize|p1a: Dragapult|Ghost
|move|p1a: Dragapult|Shadow Ball|p2a: Milotic
|-damage|p2a: Milotic|43/100 brn
|
|-damage|p2a: Milotic|37/100 brn|[from] brn
|upkeep
|turn|13
|
|t:|1760765740
|move|p1a: Dragapult|Shadow Ball|p2a: Milotic
|-damage|p2a: Milotic|0 fnt
|faint|p2a: Milotic
|
|upkeep
|
|t:|1760765743
|switch|p2a: Meowscarada|Meowscarada, M, shiny|100/100
|turn|14
|
|t:|1760765750
|switch|p1a: Scizor|Scizor, M|58/100 brn
|move|p2a: Meowscarada|Knock Off|p1a: Scizor
|-start|p2a: Meowscarada|typechange|Dark|[from] ability: Protean
|-damage|p1a: Scizor|13/100 brn
|-enditem|p1a: Scizor|Heavy-Duty Boots|[from] move: Knock Off|[of] p2a: Meowscarada
|
|-damage|p1a: Scizor|7/100 brn|[from] brn
|upkeep
|turn|15
|
|t:|1760765760
|move|p1a: Scizor|Bullet Punch|p2a: Meowscarada
|-damage|p2a: Meowscarada|75/100
|move|p2a: Meowscarada|Knock Off|p1a: Scizor
|-damage|p1a: Scizor|0 fnt
|faint|p1a: Scizor
|
|upkeep
|
|t:|1760765772
|switch|p1a: Landorus|Landorus-Therian, M|100/100
|-ability|p1a: Landorus|Intimidate|boost
|-unboost|p2a: Meowscarada|atk|1
|turn|16
|
|t:|1760765776
|switch|p2a: Gastrodon|Gastrodon, M, shiny|63/100
|move|p1a: Landorus|U-turn|p2a: Gastrodon
|-damage|p2a: Gastrodon|43/100
|
|t:|1760765782
|switch|p1a: Dragapult|Dragapult, M, tera:Ghost|29/100|[from] U-turn
|
|-heal|p2a: Gastrodon|49/100|[from] item: Leftovers
|upkeep
|turn|17
|
|t:|1760765792
|move|p1a: Dragapult|Draco Meteor|p2a: Gastrodon
|-damage|p2a: Gastrodon|0 fnt
|-unboost|p1a: Dragapult|spa|2
|faint|p2a: Gastrodon
|
|upkeep
|
|t:|1760765795
|switch|p2a: Meowscarada|Meowscarada, M, shiny|75/100
|turn|18
|
|t:|1760765803
|switch|p1a: Landorus|Landorus-Therian, M|100/100
|-ability|p1a: Landorus|Intimidate|boost
|-unboost|p2a: Meowscarada|atk|1
|move|p2a: Meowscarada|Triple Axel|p1a: Landorus
|-start|p2a: Meowscarada|typechange|Ice|[from] ability: Protean
|-supereffective|p1a: Landorus
|-damage|p1a: Landorus|75/100
|-damage|p2a: Meowscarada|59/100|[from] item: Rocky Helmet|[of] p1a: Landorus
|-supereffective|p1a: Landorus
|-damage|p1a: Landorus|27/100
|-damage|p2a: Meowscarada|42/100|[from] item: Rocky Helmet|[of] p1a: Landorus
|-supereffective|p1a: Landorus
|-damage|p1a: Landorus|0 fnt
|-damage|p2a: Meowscarada|26/100|[from] item: Rocky Helmet|[of] p1a: Landorus
|faint|p1a: Landorus
|-hitcount|p1: Landorus|3
|
|upkeep
|
|t:|1760765822
|switch|p1a: Alomomola|Alomomola, F|100/100
|turn|19
|
|t:|1760765825
|switch|p2a: Zapdos|Zapdos, shiny|100/100
|move|p1a: Alomomola|Wish|p1a: Alomomola
|
|upkeep
|turn|20
|
|t:|1760765831
|move|p2a: Zapdos|Discharge|p1a: Alomomola
|-supereffective|p1a: Alomomola
|-damage|p1a: Alomomola|16/100
|move|p1a: Alomomola|Flip Turn|p2a: Zapdos
|-damage|p2a: Zapdos|89/100
|-damage|p1a: Alomomola|0 fnt|[from] item: Rocky Helmet|[of] p2a: Zapdos
|faint|p1a: Alomomola
|
|upkeep
|
|t:|1760765839
|switch|p1a: Dragapult|Dragapult, M, tera:Ghost|29/100
|turn|21
|
|t:|1760765845
|move|p1a: Dragapult|Shadow Ball|p2a: Zapdos
|-damage|p2a: Zapdos|20/100
|move|p2a: Zapdos|Discharge|p1a: Dragapult
|-damage|p1a: Dragapult|0 fnt
|faint|p1a: Dragapult
|
|upkeep
|
|t:|1760765851
|switch|p1a: Raging Bolt|Raging Bolt|100/100
|-enditem|p1a: Raging Bolt|Booster Energy
|-activate|p1a: Raging Bolt|ability: Protosynthesis|[fromitem]
|-start|p1a: Raging Bolt|protosynthesisspa
|turn|22
|
|t:|1760765857
|move|p1a: Raging Bolt|Calm Mind|p1a: Raging Bolt
|-boost|p1a: Raging Bolt|spa|1
|-boost|p1a: Raging Bolt|spd|1
|move|p2a: Zapdos|Roost|p2a: Zapdos
|-heal|p2a: Zapdos|70/100
|-singleturn|p2a: Zapdos|move: Roost
|
|upkeep
|turn|23
|
|t:|1760765873
|move|p1a: Raging Bolt|Thunderbolt|p2a: Zapdos
|-damage|p2a: Zapdos|0 fnt
|faint|p2a: Zapdos
|
|upkeep
|
|t:|1760765879
|switch|p2a: Meowscarada|Meowscarada, M, shiny|26/100
|turn|24
|
|t:|1760765887
|move|p1a: Raging Bolt|Thunderclap|p2a: Meowscarada
|-resisted|p2a: Meowscarada
|-damage|p2a: Meowscarada|0 fnt
|faint|p2a: Meowscarada
|
|upkeep
|
|t:|1760765902
|switch|p2a: Latios|Latios, M, shiny|100/100
|turn|25
|
|t:|1760765911
|move|p1a: Raging Bolt|Thunderclap|p2a: Latios
|-resisted|p2a: Latios
|-damage|p2a: Latios|58/100
|move|p2a: Latios|Luster Purge|p1a: Raging Bolt
|-damage|p1a: Raging Bolt|60/100
|-unboost|p1a: Raging Bolt|spd|1
|
|upkeep
|turn|26
|
|t:|1760765938
|move|p2a: Latios|Luster Purge|p1a: Raging Bolt
|-damage|p1a: Raging Bolt|2/100
|-unboost|p1a: Raging Bolt|spd|1
|move|p1a: Raging Bolt|Thunderbolt|p2a: Latios
|-resisted|p2a: Latios
|-damage|p2a: Latios|5/100
|
|upkeep
|turn|27
|
|t:|1760765948
|switch|p2a: Entei|Entei, shiny|91/100
|move|p1a: Raging Bolt|Thunderclap||[still]
|-fail|p1a: Raging Bolt
|
|upkeep
|turn|28
|c|☆DoggedLuis|gg
|
|t:|1760765958
|move|p2a: Entei|Extreme Speed|p1a: Raging Bolt
|-damage|p1a: Raging Bolt|0 fnt
|faint|p1a: Raging Bolt
|-end|p1a: Raging Bolt|Protosynthesis|[silent]
|
|win|DoggedLuis
|raw|Bakelitepharaoh's rating: 1160 &rarr; <strong>1134</strong><br />(-26 for losing)
|raw|DoggedLuis's rating: 1142 &rarr; <strong>1168</strong><br />(+26 for winning)
|l|☆Bakelitepharaoh
|player|p1|
|l|☆DoggedLuis
|player|p2|
