|j|☆beentheredonepat
|j|☆Crimson1821
|t:|1760876368
|gametype|singles
|player|p1|beentheredonepat|ethan|1198
|player|p2|Crimson1821|1|1169
|gen|9
|tier|[Gen 9] OU
|rated|
|rule|HP Percentage Mod: HP is shown in percentages
|rule|Endless Battle Clause: Forcing endless battles is banned
|rule|Species Clause: Limit one of each Pokémon
|rule|OHKO Clause: OHKO moves are banned
|rule|Evasion Items Clause: Evasion items are banned
|rule|Evasion Moves Clause: Evasion moves are banned
|rule|Evasion Abilities Clause: Evasion abilities are banned
|rule|Sleep Moves Clause: Sleep-inducing moves are banned
|clearpoke
|poke|p1|Typhlosion, M|
|poke|p1|Ninetales, M|
|poke|p1|Shiftry, M|
|poke|p1|Ursaluna, F|
|poke|p1|Torkoal, F|
|poke|p1|Hatterene, F|
|poke|p2|Gallade, M|
|poke|p2|Bisharp, M|
|poke|p2|Ribombee, M|
|poke|p2|Kyurem|
|poke|p2|Skarmory, M|
|poke|p2|Ninetales, M|
|teampreview
|inactive|Battle timer is ON: inactive players will automatically lose when time's up. (requested by beentheredonepat)
|
|t:|1760876376
|teamsize|p1|6
|teamsize|p2|6
|start
|switch|p1a: Sol|Torkoal, F|100/100
|switch|p2a: Ribombee|Ribombee, M|100/100
|-weather|SunnyDay|[from] ability: Drought|[of] p1a: Sol
|turn|1
|
|t:|1760876391
|move|p2a: Ribombee|Stun Spore|p1a: Sol|[miss]
|-miss|p2a: Ribombee|p1a: Sol
|move|p1a: Sol|Eruption|p2a: Ribombee
|-supereffective|p2a: Ribombee
|-enditem|p2a: Ribombee|Focus Sash
|-damage|p2a: Ribombee|1/100
|
|-weather|SunnyDay|[upkeep]
|upkeep
|turn|2
|
|t:|1760876402
|move|p2a: Ribombee|Stun Spore|p1a: Sol|[miss]
|-miss|p2a: Ribombee|p1a: Sol
|move|p1a: Sol|Stealth Rock|p2a: Ribombee
|-sidestart|p2: Crimson1821|move: Stealth Rock
|
|-weather|SunnyDay|[upkeep]
|upkeep
|turn|3
|
|t:|1760876408
|switch|p1a: Nymph|Hatterene, F|100/100
|move|p2a: Ribombee|Stun Spore|p1a: Nymph
|move|p1a: Nymph|Stun Spore|p2a: Ribombee|[from] ability: Magic Bounce
|-status|p2a: Ribombee|par
|
|-weather|SunnyDay|[upkeep]
|upkeep
|turn|4
|
|t:|1760876420
|move|p2a: Ribombee|Moonblast|p1a: Nymph
|-damage|p1a: Nymph|61/100
|move|p1a: Nymph|Trick Room|p1a: Nymph
|-fieldstart|move: Trick Room|[of] p1a: Nymph
|
|-weather|SunnyDay|[upkeep]
|-heal|p1a: Nymph|68/100|[from] item: Leftovers
|upkeep
|turn|5
|
|t:|1760876428
|move|p1a: Nymph|Dazzling Gleam|p2a: Ribombee
|-damage|p2a: Ribombee|0 fnt
|faint|p2a: Ribombee
|
|-weather|SunnyDay|[upkeep]
|-heal|p1a: Nymph|74/100|[from] item: Leftovers
|upkeep
|
|t:|1760876438
|switch|p2a: Skarmory|Skarmory, M|100/100
|-damage|p2a: Skarmory|88/100|[from] Stealth Rock
|turn|6
|
|t:|1760876443
|switch|p1a: Sol|Torkoal, F|100/100
|move|p2a: Skarmory|Stealth Rock|p1a: Sol
|-sidestart|p1: beentheredonepat|move: Stealth Rock
|
|-weather|SunnyDay|[upkeep]
|upkeep
|turn|7
|
|t:|1760876456
|switch|p2a: Ninetales|Ninetales, M, shiny|100/100
|-damage|p2a: Ninetales|76/100|[from] Stealth Rock
|move|p1a: Sol|Rapid Spin|p2a: Ninetales
|-damage|p2a: Ninetales|60/100
|-boost|p1a: Sol|spe|1
|-sideend|p1: beentheredonepat|Stealth Rock|[from] move: Rapid Spin|[of] p1a: Sol
|
|-weather|SunnyDay|[upkeep]
|upkeep
|turn|8
|
|t:|1760876470
|move|p1a: Sol|Earth Power|p2a: Ninetales
|-supereffective|p2a: Ninetales
|-damage|p2a: Ninetales|2/100
|move|p2a: Ninetales|Nasty Plot|p2a: Ninetales
|-boost|p2a: Ninetales|spa|2
|
|-weather|none
|-fieldend|move: Trick Room
|upkeep
|turn|9
|
|t:|1760876484
|switch|p1a: Tollomot|Ninetales, M|100/100
|-weather|SunnyDay|[from] ability: Drought|[of] p1a: Tollomot
|move|p2a: Ninetales|Dark Pulse|p1a: Tollomot
|-damage|p1a: Tollomot|62/100
|
|-weather|SunnyDay|[upkeep]
|upkeep
|turn|10
|
|t:|1760876492
|move|p2a: Ninetales|Weather Ball|p1a: Tollomot
|-resisted|p1a: Tollomot
|-damage|p1a: Tollomot|3/100
|move|p1a: Tollomot|Encore|p2a: Ninetales
|-start|p2a: Ninetales|Encore
|
|-weather|SunnyDay|[upkeep]
|upkeep
|turn|11
|
|t:|1760876499
|switch|p1a: Charlie|Typhlosion, M|100/100
|move|p2a: Ninetales|Weather Ball|p1a: Charlie
|-start|p1a: Charlie|ability: Flash Fire
|
|-weather|SunnyDay|[upkeep]
|upkeep
|turn|12
|
|t:|1760876516
|-terastallize|p1a: Charlie|Fire
|move|p1a: Charlie|Eruption|p2a: Ninetales
|-resisted|p2a: Ninetales
|-damage|p2a: Ninetales|0 fnt
|faint|p2a: Ninetales
|
|-weather|SunnyDay|[upkeep]
|upkeep
|
|t:|1760876529
|switch|p2a: Kyurem|Kyurem|100/100
|-damage|p2a: Kyurem|76/100|[from] Stealth Rock
|-ability|p2a: Kyurem|Pressure
|turn|13
|
|t:|1760876537
|move|p1a: Charlie|Eruption|p2a: Kyurem
|-damage|p2a: Kyurem|0 fnt
|faint|p2a: Kyurem
|
|-weather|none
|upkeep
|
|t:|1760876549
|switch|p2a: Gallade|Gallade, M, shiny|100/100
|-damage|p2a: Gallade|94/100|[from] Stealth Rock
|turn|14
|
|t:|1760876562
|-terastallize|p2a: Gallade|Fire
|move|p1a: Charlie|Eruption|p2a: Gallade
|-resisted|p2a: Gallade
|-damage|p2a: Gallade|7/100
|move|p2a: Gallade|Sacred Sword|p1a: Charlie
|-damage|p1a: Charlie|0 fnt
|faint|p1a: Charlie
|
|upkeep
|
|t:|1760876573
|switch|p1a: Shinobi|Shiftry, M|100/100
|turn|15
|
|t:|1760876577
|move|p2a: Gallade|Sacred Sword|p1a: Shinobi
|-supereffective|p1a: Shinobi
|-enditem|p1a: Shinobi|Focus Sash
|-damage|p1a: Shinobi|1/100
|move|p1a: Shinobi|Tailwind|p1a: Shinobi
|-sidestart|p1: beentheredonepat|move: Tailwind
|-ability|p1a: Shinobi|Wind Rider|boost
|-boost|p1a: Shinobi|atk|1
|
|upkeep
|turn|16
|
|t:|1760876586
|move|p1a: Shinobi|Leaf Blade|p2a: Gallade
|-resisted|p2a: Gallade
|-damage|p2a: Gallade|0 fnt
|faint|p2a: Gallade
|
|upkeep
|
|t:|1760876604
|switch|p2a: Bisharp|Bisharp, M|100/100
|-damage|p2a: Bisharp|94/100|[from] Stealth Rock
|turn|17
|
|t:|1760876610
|move|p1a: Shinobi|Leaf Blade|p2a: Bisharp
|-resisted|p2a: Bisharp
|-crit|p2a: Bisharp
|-damage|p2a: Bisharp|55/100
|move|p2a: Bisharp|Swords Dance|p2a: Bisharp
|-boost|p2a: Bisharp|atk|2
|
|upkeep
|turn|18
|
|t:|1760876619
|switch|p1a: Tollomot|Ninetales, M|3/100
|-weather|SunnyDay|[from] ability: Drought|[of] p1a: Tollomot
|move|p2a: Bisharp|Sucker Punch||[still]
|-fail|p2a: Bisharp
|
|-weather|SunnyDay|[upkeep]
|-sideend|p1: beentheredonepat|move: Tailwind
|upkeep
|turn|19
|
|t:|1760876629
|move|p2a: Bisharp|Sucker Punch||[still]
|-fail|p2a: Bisharp
|move|p1a: Tollomot|Encore|p2a: Bisharp
|-start|p2a: Bisharp|Encore
|
|-weather|SunnyDay|[upkeep]
|upkeep
|turn|20
|
|t:|1760876640
|move|p2a: Bisharp|Sucker Punch||[still]
|-fail|p2a: Bisharp
|move|p1a: Tollomot|Memento|p2a: Bisharp
|-unboost|p2a: Bisharp|atk|2
|-ability|p2a: Bisharp|Defiant|boost
|-boost|p2a: Bisharp|atk|2
|-unboost|p2a: Bisharp|spa|2
|-ability|p2a: Bisharp|Defiant|boost
|-boost|p2a: Bisharp|atk|2
|faint|p1a: Tollomot
|
|-weather|SunnyDay|[upkeep]
|upkeep
|
|t:|1760876653
|switch|p1a: Sol|Torkoal, F|100/100
|turn|21
|
|t:|1760876663
|move|p2a: Bisharp|Sucker Punch|p1a: Sol
|-damage|p1a: Sol|14/100
|move|p1a: Sol|Earth Power|p2a: Bisharp
|-supereffective|p2a: Bisharp
|-damage|p2a: Bisharp|1/100
|
|-weather|SunnyDay|[upkeep]
|upkeep
|turn|22
|
|t:|1760876675
|switch|p1a: Shinobi|Shiftry, M|1/100
|move|p2a: Bisharp|Sucker Punch||[still]
|-fail|p2a: Bisharp
|
|-weather|none
|-end|p2a: Bisharp|Encore
|upkeep
|turn|23
|
|t:|1760876694
|move|p2a: Bisharp|Sucker Punch||[still]
|-fail|p2a: Bisharp
|move|p1a: Shinobi|Tailwind|p1a: Shinobi
|-sidestart|p1: beentheredonepat|move: Tailwind
|-ability|p1a: Shinobi|Wind Rider|boost
|-boost|p1a: Shinobi|atk|1
|
|upkeep
|turn|24
|
|t:|1760876705
|move|p2a: Bisharp|Sucker Punch|p1a: Shinobi
|-resisted|p1a: Shinobi
|-damage|p1a: Shinobi|0 fnt
|faint|p1a: Shinobi
|
|upkeep
|
|t:|1760876708
|switch|p1a: Sol|Torkoal, F|14/100
|-weather|SunnyDay|[from] ability: Drought|[of] p1a: Sol
|turn|25
|
|t:|1760876735
|move|p2a: Bisharp|Throat Chop|p1a: Sol
|-damage|p1a: Sol|0 fnt
|faint|p1a: Sol
|
|-weather|SunnyDay|[upkeep]
|upkeep
|
|t:|1760876739
|switch|p1a: Mama Bear|Ursaluna, F|100/100
|turn|26
|
|t:|1760876757
|switch|p1a: Nymph|Hatterene, F|74/100
|move|p2a: Bisharp|Iron Head|p1a: Nymph
|-supereffective|p1a: Nymph
|-damage|p1a: Nymph|0 fnt
|faint|p1a: Nymph
|
|-weather|SunnyDay|[upkeep]
|-sideend|p1: beentheredonepat|move: Tailwind
|upkeep
|
|t:|1760876761
|switch|p1a: Mama Bear|Ursaluna, F|100/100
|turn|27
|
|t:|1760876767
|move|p2a: Bisharp|Iron Head|p1a: Mama Bear
|-damage|p1a: Mama Bear|0 fnt
|faint|p1a: Mama Bear
|
|win|Crimson1821
|raw|beentheredonepat's rating: 1198 &rarr; <strong>1171</strong><br />(-27 for losing)
|raw|Crimson1821's rating: 1169 &rarr; <strong>1196</strong><br />(+27 for winning)
|l|☆beentheredonepat
|player|p1|
|l|☆Crimson1821
|player|p2|
