|j|☆Kakkaznn
|j|☆sla_mymoon
|t:|1760802853
|gametype|singles
|player|p1|Kakkaznn|grimsley-gen7|
|player|p2|sla_mymoon|266|
|gen|9
|tier|[Gen 9] OU
|rule|HP Percentage Mod: HP is shown in percentages
|rule|Endless Battle Clause: Forcing endless battles is banned
|rule|Species Clause: Limit one of each Pokémon
|rule|OHKO Clause: OHKO moves are banned
|rule|Evasion Items Clause: Evasion items are banned
|rule|Evasion Moves Clause: Evasion moves are banned
|rule|Evasion Abilities Clause: Evasion abilities are banned
|rule|Sleep Moves Clause: Sleep-inducing moves are banned
|clearpoke
|poke|p1|Dragapult, M|
|poke|p1|Gliscor, F|
|poke|p1|Pecharunt|
|poke|p1|Rillaboom, M|
|poke|p1|Zamazenta-*|
|poke|p1|Iron Crown|
|poke|p2|Gholdengo|
|poke|p2|Garganacl, F|
|poke|p2|Dragonite, M|
|poke|p2|Moltres|
|poke|p2|Rillaboom, F|
|poke|p2|Raging Bolt|
|teampreview
|inactive|Battle timer is ON: inactive players will automatically lose when time's up. (requested by Kakkaznn)
|
|t:|1760802884
|teamsize|p1|6
|teamsize|p2|6
|start
|switch|p1a: Gliscor|Gliscor, F|100/100
|switch|p2a: Dragonite|Dragonite, M|100/100
|turn|1
|
|t:|1760802893
|move|p2a: Dragonite|Dragon Dance|p2a: Dragonite
|-boost|p2a: Dragonite|atk|1
|-boost|p2a: Dragonite|spe|1
|move|p1a: Gliscor|Toxic|p2a: Dragonite
|-status|p2a: Dragonite|tox
|
|-damage|p2a: Dragonite|94/100 tox|[from] psn
|-status|p1a: Gliscor|tox|[from] item: Toxic Orb
|upkeep
|turn|2
|
|t:|1760802902
|move|p2a: Dragonite|Aqua Jet|p1a: Gliscor
|-supereffective|p1a: Gliscor
|-damage|p1a: Gliscor|65/100 tox
|move|p1a: Gliscor|Knock Off|p2a: Dragonite
|-damage|p2a: Dragonite|72/100 tox
|-enditem|p2a: Dragonite|Leftovers|[from] move: Knock Off|[of] p1a: Gliscor
|
|-damage|p2a: Dragonite|59/100 tox|[from] psn
|-heal|p1a: Gliscor|78/100 tox|[from] ability: Poison Heal
|upkeep
|turn|3
|
|t:|1760802913
|move|p1a: Gliscor|Protect|p1a: Gliscor
|-singleturn|p1a: Gliscor|Protect
|move|p2a: Dragonite|Aqua Jet|p1a: Gliscor
|-activate|p1a: Gliscor|move: Protect
|
|-damage|p2a: Dragonite|41/100 tox|[from] psn
|-heal|p1a: Gliscor|90/100 tox|[from] ability: Poison Heal
|upkeep
|turn|4
|
|t:|1760802926
|switch|p2a: Rillaboom|Rillaboom, F|100/100
|move|p1a: Gliscor|Knock Off|p2a: Rillaboom
|-damage|p2a: Rillaboom|75/100
|-enditem|p2a: Rillaboom|Life Orb|[from] move: Knock Off|[of] p1a: Gliscor
|
|-heal|p1a: Gliscor|100/100 tox|[from] ability: Poison Heal
|upkeep
|turn|5
|
|t:|1760802937
|move|p2a: Rillaboom|Giga Drain|p1a: Gliscor
|-damage|p1a: Gliscor|87/100 tox
|-heal|p2a: Rillaboom|82/100|[from] drain|[of] p1a: Gliscor
|move|p1a: Gliscor|Toxic|p2a: Rillaboom
|-status|p2a: Rillaboom|tox
|
|-damage|p2a: Rillaboom|76/100 tox|[from] psn
|-heal|p1a: Gliscor|99/100 tox|[from] ability: Poison Heal
|upkeep
|turn|6
|
|t:|1760802950
|switch|p2a: Garganacl|Garganacl, F|100/100
|move|p1a: Gliscor|Earthquake|p2a: Garganacl
|-supereffective|p2a: Garganacl
|-damage|p2a: Garganacl|64/100
|
|-heal|p2a: Garganacl|70/100|[from] item: Leftovers
|-heal|p1a: Gliscor|100/100 tox|[from] ability: Poison Heal
|upkeep
|turn|7
|
|t:|1760802969
|move|p1a: Gliscor|Protect|p1a: Gliscor
|-singleturn|p1a: Gliscor|Protect
|move|p2a: Garganacl|Ice Punch|p1a: Gliscor
|-activate|p1a: Gliscor|move: Protect
|
|-heal|p2a: Garganacl|76/100|[from] item: Leftovers
|upkeep
|turn|8
|
|t:|1760802983
|switch|p1a: Pecharunt|Pecharunt|100/100
|move|p2a: Garganacl|Salt Cure|p1a: Pecharunt
|-damage|p1a: Pecharunt|92/100
|-start|p1a: Pecharunt|Salt Cure
|
|-heal|p2a: Garganacl|82/100|[from] item: Leftovers
|-damage|p1a: Pecharunt|79/100|[from] Salt Cure
|upkeep
|turn|9
|inactive|Kakkaznn has 270 seconds left.
|
|t:|1760803013
|move|p1a: Pecharunt|Parting Shot|p2a: Garganacl
|-unboost|p2a: Garganacl|atk|1
|-unboost|p2a: Garganacl|spa|1
|
|t:|1760803017
|switch|p1a: Rillaboom|Rillaboom, M|100/100|[from] Parting Shot
|-fieldstart|move: Grassy Terrain|[from] ability: Grassy Surge|[of] p1a: Rillaboom
|move|p2a: Garganacl|Earthquake|p1a: Rillaboom
|-resisted|p1a: Rillaboom
|-damage|p1a: Rillaboom|96/100
|
|-heal|p1a: Rillaboom|100/100|[from] Grassy Terrain
|-heal|p2a: Garganacl|88/100|[from] Grassy Terrain
|-heal|p2a: Garganacl|94/100|[from] item: Leftovers
|upkeep
|turn|10
|
|t:|1760803030
|move|p1a: Rillaboom|Grassy Glide|p2a: Garganacl
|-supereffective|p2a: Garganacl
|-damage|p2a: Garganacl|44/100
|move|p2a: Garganacl|Ice Punch|p1a: Rillaboom
|-supereffective|p1a: Rillaboom
|-crit|p1a: Rillaboom
|-damage|p1a: Rillaboom|36/100
|
|-heal|p1a: Rillaboom|42/100|[from] Grassy Terrain
|-heal|p2a: Garganacl|51/100|[from] Grassy Terrain
|-heal|p2a: Garganacl|57/100|[from] item: Leftovers
|upkeep
|turn|11
|
|t:|1760803042
|move|p1a: Rillaboom|Grassy Glide|p2a: Garganacl
|-supereffective|p2a: Garganacl
|-damage|p2a: Garganacl|11/100
|move|p2a: Garganacl|Ice Punch|p1a: Rillaboom
|-supereffective|p1a: Rillaboom
|-damage|p1a: Rillaboom|14/100
|
|-heal|p1a: Rillaboom|20/100|[from] Grassy Terrain
|-heal|p2a: Garganacl|17/100|[from] Grassy Terrain
|-heal|p2a: Garganacl|23/100|[from] item: Leftovers
|upkeep
|turn|12
|inactive|Kakkaznn has 270 seconds left.
|inactive|Kakkaznn has 240 seconds left.
|l|☆sla_mymoon
|inactive|sla_mymoon disconnected and has 300 seconds to reconnect!
|player|p2|
|
|t:|1760803114
|switch|p2a: Moltres|Moltres|100/100
|-ability|p2a: Moltres|Pressure
|move|p1a: Rillaboom|Grassy Glide|p2a: Moltres
|-resisted|p2a: Moltres
|-crit|p2a: Moltres
|-damage|p2a: Moltres|83/100
|
|-heal|p1a: Rillaboom|27/100|[from] Grassy Terrain
|upkeep
|turn|13
|j| sla_mymonn
|inactive|sla_mymoon has 270 seconds to reconnect!
|l| sla_mymonn
|j|☆sla_mymoon
|inactive|sla_mymoon reconnected and has 300 seconds left.
|player|p2|sla_mymoon|266|
|
|t:|1760803176
|switch|p1a: Pecharunt|Pecharunt|79/100
|move|p2a: Moltres|Dual Wingbeat|p1a: Pecharunt
|-damage|p1a: Pecharunt|72/100
|-damage|p1a: Pecharunt|64/100
|-hitcount|p1a: Pecharunt|2
|-damage|p2a: Moltres|73/100|[from] item: Life Orb
|
|-heal|p1a: Pecharunt|70/100|[from] Grassy Terrain
|-fieldend|move: Grassy Terrain
|upkeep
|turn|14
|
|t:|1760803190
|move|p2a: Moltres|Protect|p2a: Moltres
|-singleturn|p2a: Moltres|Protect
|move|p1a: Pecharunt|Recover|p1a: Pecharunt
|-heal|p1a: Pecharunt|100/100
|
|upkeep
|turn|15
|
|t:|1760803203
|switch|p2a: Rillaboom|Rillaboom, F|76/100 tox
|move|p1a: Pecharunt|Malignant Chain|p2a: Rillaboom
|-supereffective|p2a: Rillaboom
|-damage|p2a: Rillaboom|9/100 tox
|
|-damage|p2a: Rillaboom|3/100 tox|[from] psn
|upkeep
|turn|16
|
|t:|1760803215
|move|p2a: Rillaboom|Giga Drain|p1a: Pecharunt
|-resisted|p1a: Pecharunt
|-damage|p1a: Pecharunt|89/100
|-heal|p2a: Rillaboom|9/100 tox|[from] drain|[of] p1a: Pecharunt
|move|p1a: Pecharunt|Foul Play|p2a: Rillaboom
|-damage|p2a: Rillaboom|0 fnt
|faint|p2a: Rillaboom
|
|upkeep
|
|t:|1760803225
|switch|p2a: Garganacl|Garganacl, F|23/100
|turn|17
|
|t:|1760803230
|move|p1a: Pecharunt|Foul Play|p2a: Garganacl
|-damage|p2a: Garganacl|6/100
|move|p2a: Garganacl|Recover|p2a: Garganacl
|-heal|p2a: Garganacl|56/100
|
|-heal|p2a: Garganacl|62/100|[from] item: Leftovers
|upkeep
|turn|18
|
|t:|1760803242
|move|p1a: Pecharunt|Parting Shot|p2a: Garganacl
|-unboost|p2a: Garganacl|atk|1
|-unboost|p2a: Garganacl|spa|1
|inactive|Kakkaznn has 240 seconds left.
|
|t:|1760803291
|switch|p1a: Iron Crown|Iron Crown|100/100|[from] Parting Shot
|-enditem|p1a: Iron Crown|Booster Energy
|-activate|p1a: Iron Crown|ability: Quark Drive|[fromitem]
|-start|p1a: Iron Crown|quarkdrivespe
|move|p2a: Garganacl|Earthquake|p1a: Iron Crown
|-supereffective|p1a: Iron Crown
|-damage|p1a: Iron Crown|59/100
|
|-heal|p2a: Garganacl|68/100|[from] item: Leftovers
|upkeep
|turn|19
|
|t:|1760803306
|move|p1a: Iron Crown|Tachyon Cutter|p2a: Garganacl
|-supereffective|p2a: Garganacl
|-damage|p2a: Garganacl|17/100
|-supereffective|p2a: Garganacl
|-damage|p2a: Garganacl|0 fnt
|faint|p2a: Garganacl
|-hitcount|p2: Garganacl|2
|
|upkeep
|
|t:|1760803314
|switch|p2a: Gholdengo|Gholdengo|100/100
|turn|20
|
|t:|1760803322
|switch|p2a: Moltres|Moltres|73/100
|-ability|p2a: Moltres|Pressure
|move|p1a: Iron Crown|Volt Switch|p2a: Moltres
|-supereffective|p2a: Moltres
|-damage|p2a: Moltres|20/100
|
|t:|1760803333
|-end|p1a: Iron Crown|Quark Drive|[silent]
|switch|p1a: Dragapult|Dragapult, M|100/100|[from] Volt Switch
|
|upkeep
|turn|21
|
|t:|1760803341
|move|p1a: Dragapult|Shadow Ball|p2a: Moltres
|-damage|p2a: Moltres|0 fnt
|faint|p2a: Moltres
|
|upkeep
|
|t:|1760803347
|switch|p2a: Raging Bolt|Raging Bolt|100/100
|-enditem|p2a: Raging Bolt|Booster Energy
|-activate|p2a: Raging Bolt|ability: Protosynthesis|[fromitem]
|-start|p2a: Raging Bolt|protosynthesisspa
|turn|22
|
|t:|1760803356
|switch|p1a: Gliscor|Gliscor, F|100/100 tox
|move|p2a: Raging Bolt|Calm Mind|p2a: Raging Bolt
|-boost|p2a: Raging Bolt|spa|1
|-boost|p2a: Raging Bolt|spd|1
|
|upkeep
|turn|23
|
|t:|1760803368
|-end|p2a: Raging Bolt|Protosynthesis|[silent]
|switch|p2a: Dragonite|Dragonite, M|41/100 tox
|move|p1a: Gliscor|Earthquake|p2a: Dragonite
|-immune|p2a: Dragonite
|
|-damage|p2a: Dragonite|35/100 tox|[from] psn
|upkeep
|turn|24
|
|t:|1760803379
|move|p2a: Dragonite|Extreme Speed|p1a: Gliscor
|-damage|p1a: Gliscor|80/100 tox
|move|p1a: Gliscor|Knock Off|p2a: Dragonite
|-damage|p2a: Dragonite|18/100 tox
|
|-damage|p2a: Dragonite|5/100 tox|[from] psn
|-heal|p1a: Gliscor|92/100 tox|[from] ability: Poison Heal
|upkeep
|turn|25
|
|t:|1760803391
|move|p1a: Gliscor|Protect|p1a: Gliscor
|-singleturn|p1a: Gliscor|Protect
|move|p2a: Dragonite|Aqua Jet|p1a: Gliscor
|-activate|p1a: Gliscor|move: Protect
|
|-damage|p2a: Dragonite|0 fnt|[from] psn
|faint|p2a: Dragonite
|-heal|p1a: Gliscor|100/100 tox|[from] ability: Poison Heal
|upkeep
|
|t:|1760803402
|switch|p2a: Raging Bolt|Raging Bolt|100/100
|turn|26
|
|t:|1760803410
|-end|p2a: Raging Bolt|Protosynthesis|[silent]
|switch|p2a: Gholdengo|Gholdengo|100/100
|move|p1a: Gliscor|Earthquake|p2a: Gholdengo
|-supereffective|p2a: Gholdengo
|-crit|p2a: Gholdengo
|-damage|p2a: Gholdengo|0 fnt
|faint|p2a: Gholdengo
|
|upkeep
|
|t:|1760803418
|switch|p2a: Raging Bolt|Raging Bolt|100/100
|turn|27
|
|t:|1760803422
|move|p2a: Raging Bolt|Protect|p2a: Raging Bolt
|-singleturn|p2a: Raging Bolt|Protect
|move|p1a: Gliscor|Earthquake|p2a: Raging Bolt
|-activate|p2a: Raging Bolt|move: Protect
|
|upkeep
|turn|28
|
|t:|1760803432
|-terastallize|p2a: Raging Bolt|Electric
|move|p2a: Raging Bolt|Thunderbolt|p1a: Gliscor
|-immune|p1a: Gliscor
|move|p1a: Gliscor|Earthquake|p2a: Raging Bolt
|-supereffective|p2a: Raging Bolt
|-damage|p2a: Raging Bolt|39/100
|
|upkeep
|turn|29
|
|t:|1760803440
|move|p2a: Raging Bolt|Earthquake|p1a: Gliscor
|-immune|p1a: Gliscor
|move|p1a: Gliscor|Earthquake|p2a: Raging Bolt
|-supereffective|p2a: Raging Bolt
|-damage|p2a: Raging Bolt|0 fnt
|faint|p2a: Raging Bolt
|-end|p2a: Raging Bolt|Protosynthesis|[silent]
|
|win|Kakkaznn
|l|☆Kakkaznn
|player|p1|
|j|☆Kakkaznn
|player|p1|Kakkaznn|grimsley-gen7|
