|j|☆dragonore
|j|☆Skimsiomai
|t:|1760872510
|gametype|singles
|player|p1|dragonore|roxie|
|player|p2|Skimsiomai|backpacker|
|gen|9
|tier|[Gen 9] OU
|rule|HP Percentage Mod: HP is shown in percentages
|rule|Endless Battle Clause: Forcing endless battles is banned
|rule|Species Clause: Limit one of each Pokémon
|rule|OHKO Clause: OHKO moves are banned
|rule|Evasion Items Clause: Evasion items are banned
|rule|Evasion Moves Clause: Evasion moves are banned
|rule|Evasion Abilities Clause: Evasion abilities are banned
|rule|Sleep Moves Clause: Sleep-inducing moves are banned
|clearpoke
|poke|p1|Torkoal, F|
|poke|p1|Hatterene, F|
|poke|p1|Raging Bolt|
|poke|p1|Slither Wing|
|poke|p1|Venusaur, F|
|poke|p1|Walking Wake|
|poke|p2|Torkoal, F|
|poke|p2|Scovillain, F|
|poke|p2|Walking Wake|
|poke|p2|Hatterene, F|
|poke|p2|Great Tusk|
|poke|p2|Ceruledge, M|
|teampreview
|c|☆Skimsiomai|yo, glhf !
|c|☆dragonore|Oh 2 sun teams :0
|c|☆dragonore|Glhf!
|c|☆Skimsiomai|timer on?
|c|☆dragonore|Idm
|
|t:|1760872538
|teamsize|p1|6
|teamsize|p2|6
|start
|switch|p1a: Hatterene|Hatterene, F|100/100
|switch|p2a: Torkoal|Torkoal, F|100/100
|-weather|SunnyDay|[from] ability: Drought|[of] p2a: Torkoal
|turn|1
|
|t:|1760872548
|move|p2a: Torkoal|Stealth Rock|p1a: Hatterene
|move|p1a: Hatterene|Stealth Rock|p2a: Torkoal|[from] ability: Magic Bounce
|-sidestart|p2: Skimsiomai|move: Stealth Rock
|move|p1a: Hatterene|Psychic Noise|p2a: Torkoal
|-damage|p2a: Torkoal|58/100
|-start|p2a: Torkoal|move: Heal Block
|
|-weather|SunnyDay|[upkeep]
|upkeep
|turn|2
|
|t:|1760872562
|move|p2a: Torkoal|Flamethrower|p1a: Hatterene
|-damage|p1a: Hatterene|36/100
|-enditem|p1a: Hatterene|Eject Button
|c|☆Skimsiomai|well dman
|
|t:|1760872573
|switch|p1a: Raging Bolt|Raging Bolt|100/100
|-activate|p1a: Raging Bolt|ability: Protosynthesis
|-start|p1a: Raging Bolt|protosynthesisspa
|
|-weather|SunnyDay|[upkeep]
|-end|p2a: Torkoal|move: Heal Block
|upkeep
|turn|3
|
|t:|1760872585
|move|p1a: Raging Bolt|Dragon Pulse|p2a: Torkoal
|-damage|p2a: Torkoal|0 fnt
|faint|p2a: Torkoal
|-damage|p1a: Raging Bolt|91/100|[from] item: Life Orb
|
|-weather|SunnyDay|[upkeep]
|upkeep
|
|t:|1760872593
|switch|p2a: big t|Great Tusk|100/100
|-damage|p2a: big t|98/100|[from] Stealth Rock
|-activate|p2a: big t|ability: Protosynthesis
|-start|p2a: big t|protosynthesisatk
|turn|4
|
|t:|1760872601
|-terastallize|p1a: Raging Bolt|Ghost
|move|p2a: big t|Headlong Rush|p1a: Raging Bolt
|-damage|p1a: Raging Bolt|3/100
|-unboost|p2a: big t|def|1
|-unboost|p2a: big t|spd|1
|move|p1a: Raging Bolt|Solar Beam||[still]
|-prepare|p1a: Raging Bolt|Solar Beam
|-anim|p1a: Raging Bolt|Solar Beam|p2a: big t
|-supereffective|p2a: big t
|-damage|p2a: big t|0 fnt
|faint|p2a: big t
|-end|p2a: big t|Protosynthesis|[silent]
|-damage|p1a: Raging Bolt|0 fnt|[from] item: Life Orb
|faint|p1a: Raging Bolt
|-end|p1a: Raging Bolt|Protosynthesis|[silent]
|
|-weather|SunnyDay|[upkeep]
|upkeep
|
|t:|1760872628
|switch|p2a: Hatterene|Hatterene, F|100/100
|switch|p1a: Walking Wake|Walking Wake|100/100
|-damage|p2a: Hatterene|88/100|[from] Stealth Rock
|-activate|p1a: Walking Wake|ability: Protosynthesis
|-start|p1a: Walking Wake|protosynthesisspe
|turn|5
|
|t:|1760872636
|move|p1a: Walking Wake|Flip Turn|p2a: Hatterene
|-damage|p2a: Hatterene|82/100
|-enditem|p2a: Hatterene|Eject Button
|
|t:|1760872648
|switch|p2a: Walking Wake|Walking Wake|100/100
|-damage|p2a: Walking Wake|88/100|[from] Stealth Rock
|-activate|p2a: Walking Wake|ability: Protosynthesis
|-start|p2a: Walking Wake|protosynthesisspa
|
|-weather|SunnyDay|[upkeep]
|upkeep
|turn|6
|
|t:|1760872665
|-terastallize|p2a: Walking Wake|Water
|move|p1a: Walking Wake|Flip Turn|p2a: Walking Wake
|-resisted|p2a: Walking Wake
|-damage|p2a: Walking Wake|84/100
|
|t:|1760872671
|-end|p1a: Walking Wake|Protosynthesis|[silent]
|switch|p1a: Hatterene|Hatterene, F|36/100|[from] Flip Turn
|move|p2a: Walking Wake|Dragon Pulse|p1a: Hatterene
|-immune|p1a: Hatterene
|
|-weather|SunnyDay|[upkeep]
|upkeep
|turn|7
|
|t:|1760872678
|-end|p2a: Walking Wake|Protosynthesis|[silent]
|switch|p2a: Hatterene|Hatterene, F|82/100
|-damage|p2a: Hatterene|69/100|[from] Stealth Rock
|switch|p1a: Venusaur|Venusaur, F|100/100
|
|-weather|SunnyDay|[upkeep]
|upkeep
|turn|8
|c|☆Skimsiomai|ah
|
|t:|1760872689
|move|p1a: Venusaur|Weather Ball|p2a: Hatterene
|-damage|p2a: Hatterene|17/100
|-damage|p1a: Venusaur|91/100|[from] item: Life Orb
|move|p2a: Hatterene|Psyshock|p1a: Venusaur
|-supereffective|p1a: Venusaur
|-damage|p1a: Venusaur|3/100
|
|-weather|none
|upkeep
|turn|9
|
|t:|1760872707
|move|p1a: Venusaur|Giga Drain|p2a: Hatterene
|-damage|p2a: Hatterene|0 fnt
|-heal|p1a: Venusaur|12/100|[from] drain|[of] p2a: Hatterene
|faint|p2a: Hatterene
|-damage|p1a: Venusaur|2/100|[from] item: Life Orb
|
|upkeep
|
|t:|1760872721
|switch|p2a: Scovillain|Scovillain, F|100/100
|-damage|p2a: Scovillain|76/100|[from] Stealth Rock
|turn|10
|
|t:|1760872727
|switch|p1a: Hatterene|Hatterene, F|36/100
|move|p2a: Scovillain|Giga Drain|p1a: Hatterene
|-damage|p1a: Hatterene|0 fnt
|-heal|p2a: Scovillain|97/100|[from] drain|[of] p1a: Hatterene
|faint|p1a: Hatterene
|-damage|p2a: Scovillain|87/100|[from] item: Life Orb
|
|upkeep
|
|t:|1760872733
|switch|p1a: Slither Wing|Slither Wing|100/100
|turn|11
|
|t:|1760872738
|move|p1a: Slither Wing|First Impression|p2a: Scovillain
|-damage|p2a: Scovillain|0 fnt
|faint|p2a: Scovillain
|
|upkeep
|
|t:|1760872756
|switch|p2a: Ceruledge|Ceruledge, M|100/100
|-damage|p2a: Ceruledge|76/100|[from] Stealth Rock
|turn|12
|
|t:|1760872762
|-end|p1a: Slither Wing|Protosynthesis|[silent]
|switch|p1a: Walking Wake|Walking Wake|100/100
|move|p2a: Ceruledge|Bitter Blade|p1a: Walking Wake
|-resisted|p1a: Walking Wake
|-damage|p1a: Walking Wake|88/100
|-heal|p2a: Ceruledge|83/100|[from] drain|[of] p1a: Walking Wake
|
|upkeep
|turn|13
|
|t:|1760872772
|move|p2a: Ceruledge|Shadow Sneak|p1a: Walking Wake
|-damage|p1a: Walking Wake|66/100
|move|p1a: Walking Wake|Hydro Steam|p2a: Ceruledge
|-supereffective|p2a: Ceruledge
|-damage|p2a: Ceruledge|0 fnt
|faint|p2a: Ceruledge
|
|upkeep
|
|t:|1760872774
|switch|p2a: Walking Wake|Walking Wake, tera:Water|84/100
|-damage|p2a: Walking Wake|72/100|[from] Stealth Rock
|turn|14
|
|t:|1760872784
|-end|p1a: Walking Wake|Protosynthesis|[silent]
|switch|p1a: Torkoal|Torkoal, F|100/100
|-weather|SunnyDay|[from] ability: Drought|[of] p1a: Torkoal
|-activate|p2a: Walking Wake|ability: Protosynthesis
|-start|p2a: Walking Wake|protosynthesisspa
|move|p2a: Walking Wake|Dragon Pulse|p1a: Torkoal
|-damage|p1a: Torkoal|0 fnt
|faint|p1a: Torkoal
|
|-weather|SunnyDay|[upkeep]
|upkeep
|
|t:|1760872795
|switch|p1a: Venusaur|Venusaur, F|2/100
|turn|15
|
|t:|1760872798
|move|p1a: Venusaur|Giga Drain|p2a: Walking Wake
|-supereffective|p2a: Walking Wake
|-crit|p2a: Walking Wake
|-damage|p2a: Walking Wake|0 fnt
|-heal|p1a: Venusaur|42/100|[from] drain|[of] p2a: Walking Wake
|faint|p2a: Walking Wake
|-end|p2a: Walking Wake|Protosynthesis|[silent]
|-damage|p1a: Venusaur|32/100|[from] item: Life Orb
|
|win|dragonore
|c|☆dragonore|Gg
|c|☆Skimsiomai|ggs
|c|☆Skimsiomai|wp
|c|☆dragonore|I sent game 2
|l|☆Skimsiomai
|player|p2|
