|j|☆love is simple
|j|☆art of unmoning
|t:|1760791064
|gametype|singles
|player|p1|love is simple|dawn|1622
|player|p2|art of unmoning|waiter-gen4dp|1705
|gen|9
|tier|[Gen 9] OU
|rated|
|rule|HP Percentage Mod: HP is shown in percentages
|rule|Endless Battle Clause: Forcing endless battles is banned
|rule|Species Clause: Limit one of each Pokémon
|rule|OHKO Clause: OHKO moves are banned
|rule|Evasion Items Clause: Evasion items are banned
|rule|Evasion Moves Clause: Evasion moves are banned
|rule|Evasion Abilities Clause: Evasion abilities are banned
|rule|Sleep Moves Clause: Sleep-inducing moves are banned
|clearpoke
|poke|p1|Dondozo, F|
|poke|p1|Blissey, F|
|poke|p1|Corviknight, F|
|poke|p1|Weezing-Galar, F|
|poke|p1|Gliscor, F|
|poke|p1|Toxapex, F|
|poke|p2|Slowking, M|
|poke|p2|Tyranitar, F|
|poke|p2|Excadrill, F|
|poke|p2|Zamazenta-*|
|poke|p2|Corviknight, F|
|poke|p2|Weezing-Galar, F|
|teampreview
|inactive|Battle timer is ON: inactive players will automatically lose when time's up. (requested by art of unmoning)
|inactive|love is simple also wants the timer to be on.
|c|☆art of unmoning|Hf
|
|t:|1760791080
|teamsize|p1|6
|teamsize|p2|6
|start
|switch|p1a: Gliscor|Gliscor, F|100/100
|switch|p2a: Tyranitar|Tyranitar, F|100/100
|-weather|Sandstorm|[from] ability: Sand Stream|[of] p2a: Tyranitar
|turn|1
|
|t:|1760791089
|move|p1a: Gliscor|Protect|p1a: Gliscor
|-singleturn|p1a: Gliscor|Protect
|move|p2a: Tyranitar|Roar|p1a: Gliscor
|drag|p1a: Corviknight|Corviknight, F|100/100
|-ability|p1a: Corviknight|Pressure
|
|-weather|Sandstorm|[upkeep]
|upkeep
|turn|2
|inactive|love is simple has 120 seconds left.
|
|t:|1760791125
|switch|p2a: Slowking|Slowking, M|100/100
|move|p1a: Corviknight|Body Press|p2a: Slowking
|-resisted|p2a: Slowking
|-damage|p2a: Slowking|89/100
|
|-weather|Sandstorm|[upkeep]
|-damage|p2a: Slowking|82/100|[from] Sandstorm
|upkeep
|turn|3
|
|t:|1760791134
|switch|p1a: Gliscor|Gliscor, F|100/100
|move|p2a: Slowking|Future Sight|p1a: Gliscor
|-start|p2a: Slowking|move: Future Sight
|
|-weather|Sandstorm|[upkeep]
|-damage|p2a: Slowking|76/100|[from] Sandstorm
|-status|p1a: Gliscor|tox|[from] item: Toxic Orb
|upkeep
|turn|4
|
|t:|1760791145
|switch|p2a: Weezing|Weezing-Galar, F|100/100
|-ability|p2a: Weezing|Neutralizing Gas
|move|p1a: Gliscor|Knock Off|p2a: Weezing
|-resisted|p2a: Weezing
|-damage|p2a: Weezing|94/100
|-enditem|p2a: Weezing|Heavy-Duty Boots|[from] move: Knock Off|[of] p1a: Gliscor
|
|-weather|Sandstorm|[upkeep]
|-damage|p2a: Weezing|88/100|[from] Sandstorm
|-damage|p1a: Gliscor|94/100 tox|[from] psn
|upkeep
|turn|5
|
|t:|1760791159
|move|p1a: Gliscor|Earthquake|p2a: Weezing
|-supereffective|p2a: Weezing
|-damage|p2a: Weezing|43/100
|move|p2a: Weezing|Will-O-Wisp||[still]
|-fail|p2a: Weezing
|
|-weather|none
|-end|p1a: Gliscor|move: Future Sight
|-damage|p1a: Gliscor|55/100 tox
|-damage|p1a: Gliscor|43/100 tox|[from] psn
|upkeep
|turn|6
|
|t:|1760791169
|-end|p2a: Weezing|ability: Neutralizing Gas
|switch|p2a: Corviknight|Corviknight, F|100/100
|-ability|p2a: Corviknight|Pressure
|move|p1a: Gliscor|Knock Off|p2a: Corviknight
|-damage|p2a: Corviknight|87/100
|-enditem|p2a: Corviknight|Leftovers|[from] move: Knock Off|[of] p1a: Gliscor
|
|-heal|p1a: Gliscor|55/100 tox|[from] ability: Poison Heal
|upkeep
|turn|7
|
|t:|1760791182
|move|p1a: Gliscor|Earthquake|p2a: Corviknight
|-immune|p2a: Corviknight
|move|p2a: Corviknight|Iron Defense|p2a: Corviknight
|-boost|p2a: Corviknight|def|2
|
|-heal|p1a: Gliscor|68/100 tox|[from] ability: Poison Heal
|upkeep
|turn|8
|
|t:|1760791190
|switch|p1a: Toxapex|Toxapex, F|100/100
|move|p2a: Corviknight|Body Press|p1a: Toxapex
|-resisted|p1a: Toxapex
|-damage|p1a: Toxapex|81/100
|
|-heal|p1a: Toxapex|88/100|[from] item: Leftovers
|upkeep
|turn|9
|
|t:|1760791202
|switch|p2a: Excadrill|Excadrill, F|100/100
|move|p1a: Toxapex|Haze|p1a: Toxapex
|-clearallboost
|
|-heal|p1a: Toxapex|94/100|[from] item: Leftovers
|upkeep
|turn|10
|
|t:|1760791219
|switch|p2a: Weezing|Weezing-Galar, F|43/100
|-ability|p2a: Weezing|Neutralizing Gas
|switch|p1a: Corviknight|Corviknight, F|100/100
|
|upkeep
|turn|11
|
|t:|1760791228
|switch|p1a: Toxapex|Toxapex, F|94/100
|move|p2a: Weezing|Pain Split|p1a: Toxapex
|-sethp|p1a: Toxapex|70/100|[from] move: Pain Split|[silent]
|-sethp|p2a: Weezing|64/100|[from] move: Pain Split
|
|-heal|p1a: Toxapex|76/100|[from] item: Leftovers
|upkeep
|turn|12
|
|t:|1760791250
|move|p2a: Weezing|Will-O-Wisp|p1a: Toxapex
|-status|p1a: Toxapex|brn
|move|p1a: Toxapex|Toxic Spikes|p2a: Weezing
|-sidestart|p2: art of unmoning|move: Toxic Spikes
|
|-heal|p1a: Toxapex|83/100 brn|[from] item: Leftovers
|-damage|p1a: Toxapex|76/100 brn|[from] brn
|upkeep
|turn|13
|
|t:|1760791267
|switch|p1a: Gliscor|Gliscor, F|68/100 tox
|move|p2a: Weezing|Sludge Bomb|p1a: Gliscor
|-resisted|p1a: Gliscor
|-damage|p1a: Gliscor|57/100 tox
|
|-damage|p1a: Gliscor|50/100 tox|[from] psn
|upkeep
|turn|14
|
|t:|1760791272
|move|p1a: Gliscor|Earthquake|p2a: Weezing
|-supereffective|p2a: Weezing
|-damage|p2a: Weezing|23/100
|move|p2a: Weezing|Defog|p1a: Gliscor
|-unboost|p1a: Gliscor|evasion|1
|-sideend|p2: art of unmoning|Toxic Spikes|[from] move: Defog|[of] p2a: Weezing
|
|-damage|p1a: Gliscor|38/100 tox|[from] psn
|upkeep
|turn|15
|
|t:|1760791279
|-end|p2a: Weezing|ability: Neutralizing Gas
|switch|p2a: Corviknight|Corviknight, F|87/100
|-ability|p2a: Corviknight|Pressure
|move|p1a: Gliscor|Earthquake|p2a: Corviknight
|-immune|p2a: Corviknight
|
|-heal|p1a: Gliscor|50/100 tox|[from] ability: Poison Heal
|upkeep
|turn|16
|
|t:|1760791288
|switch|p1a: Toxapex|Toxapex, F|76/100 brn
|move|p2a: Corviknight|Iron Defense|p2a: Corviknight
|-boost|p2a: Corviknight|def|2
|
|-heal|p1a: Toxapex|83/100 brn|[from] item: Leftovers
|-damage|p1a: Toxapex|76/100 brn|[from] brn
|upkeep
|turn|17
|
|t:|1760791293
|switch|p2a: Weezing|Weezing-Galar, F|23/100
|-ability|p2a: Weezing|Neutralizing Gas
|move|p1a: Toxapex|Haze|p1a: Toxapex
|-clearallboost
|
|-heal|p1a: Toxapex|83/100 brn|[from] item: Leftovers
|-damage|p1a: Toxapex|76/100 brn|[from] brn
|upkeep
|turn|18
|
|t:|1760791320
|move|p2a: Weezing|Pain Split|p1a: Toxapex
|-sethp|p1a: Toxapex|50/100 brn|[from] move: Pain Split|[silent]
|-sethp|p2a: Weezing|46/100|[from] move: Pain Split
|move|p1a: Toxapex|Toxic Spikes|p2a: Weezing
|-sidestart|p2: art of unmoning|move: Toxic Spikes
|
|-heal|p1a: Toxapex|57/100 brn|[from] item: Leftovers
|-damage|p1a: Toxapex|50/100 brn|[from] brn
|upkeep
|turn|19
|
|t:|1760791330
|switch|p1a: Blissey|Blissey, F|100/100
|move|p2a: Weezing|Sludge Bomb|p1a: Blissey
|-damage|p1a: Blissey|92/100
|
|-heal|p1a: Blissey|99/100|[from] item: Leftovers
|upkeep
|turn|20
|
|t:|1760791345
|move|p2a: Weezing|Pain Split|p1a: Blissey
|-sethp|p1a: Blissey|61/100|[from] move: Pain Split|[silent]
|-sethp|p2a: Weezing|100/100|[from] move: Pain Split
|move|p1a: Blissey|Seismic Toss|p2a: Weezing
|-damage|p2a: Weezing|71/100
|
|-heal|p1a: Blissey|67/100|[from] item: Leftovers
|upkeep
|turn|21
|
|t:|1760791351
|move|p2a: Weezing|Defog|p1a: Blissey
|-unboost|p1a: Blissey|evasion|1
|-sideend|p2: art of unmoning|Toxic Spikes|[from] move: Defog|[of] p2a: Weezing
|move|p1a: Blissey|Stealth Rock|p2a: Weezing
|-sidestart|p2: art of unmoning|move: Stealth Rock
|
|-heal|p1a: Blissey|74/100|[from] item: Leftovers
|upkeep
|turn|22
|
|t:|1760791365
|move|p2a: Weezing|Defog|p1a: Blissey
|-unboost|p1a: Blissey|evasion|1
|-sideend|p2: art of unmoning|Stealth Rock|[from] move: Defog|[of] p2a: Weezing
|move|p1a: Blissey|Seismic Toss|p2a: Weezing
|-damage|p2a: Weezing|41/100
|
|-heal|p1a: Blissey|80/100|[from] item: Leftovers
|upkeep
|turn|23
|
|t:|1760791370
|move|p2a: Weezing|Will-O-Wisp|p1a: Blissey
|-status|p1a: Blissey|brn
|move|p1a: Blissey|Stealth Rock|p2a: Weezing
|-sidestart|p2: art of unmoning|move: Stealth Rock
|
|-heal|p1a: Blissey|86/100 brn|[from] item: Leftovers
|-damage|p1a: Blissey|80/100 brn|[from] brn
|upkeep
|turn|24
|
|t:|1760791375
|move|p2a: Weezing|Defog|p1a: Blissey
|-unboost|p1a: Blissey|evasion|1
|-sideend|p2: art of unmoning|Stealth Rock|[from] move: Defog|[of] p2a: Weezing
|move|p1a: Blissey|Seismic Toss|p2a: Weezing
|-damage|p2a: Weezing|11/100
|
|-heal|p1a: Blissey|86/100 brn|[from] item: Leftovers
|-damage|p1a: Blissey|80/100 brn|[from] brn
|upkeep
|turn|25
|
|t:|1760791379
|move|p2a: Weezing|Pain Split|p1a: Blissey
|-sethp|p1a: Blissey|43/100 brn|[from] move: Pain Split|[silent]
|-sethp|p2a: Weezing|83/100|[from] move: Pain Split
|move|p1a: Blissey|Stealth Rock|p2a: Weezing
|-sidestart|p2: art of unmoning|move: Stealth Rock
|
|-heal|p1a: Blissey|49/100 brn|[from] item: Leftovers
|-damage|p1a: Blissey|43/100 brn|[from] brn
|upkeep
|turn|26
|
|t:|1760791386
|move|p2a: Weezing|Defog|p1a: Blissey
|-unboost|p1a: Blissey|evasion|1
|-sideend|p2: art of unmoning|Stealth Rock|[from] move: Defog|[of] p2a: Weezing
|move|p1a: Blissey|Seismic Toss|p2a: Weezing
|-damage|p2a: Weezing|53/100
|
|-heal|p1a: Blissey|49/100 brn|[from] item: Leftovers
|-damage|p1a: Blissey|43/100 brn|[from] brn
|upkeep
|turn|27
|
|t:|1760791394
|move|p2a: Weezing|Sludge Bomb|p1a: Blissey
|-crit|p1a: Blissey
|-damage|p1a: Blissey|30/100 brn
|move|p1a: Blissey|Stealth Rock|p2a: Weezing
|-sidestart|p2: art of unmoning|move: Stealth Rock
|
|-heal|p1a: Blissey|37/100 brn|[from] item: Leftovers
|-damage|p1a: Blissey|30/100 brn|[from] brn
|upkeep
|turn|28
|
|t:|1760791399
|move|p2a: Weezing|Defog|p1a: Blissey
|-unboost|p1a: Blissey|evasion|1
|-sideend|p2: art of unmoning|Stealth Rock|[from] move: Defog|[of] p2a: Weezing
|move|p1a: Blissey|Soft-Boiled|p1a: Blissey
|-heal|p1a: Blissey|80/100 brn
|
|-heal|p1a: Blissey|87/100 brn|[from] item: Leftovers
|-damage|p1a: Blissey|80/100 brn|[from] brn
|upkeep
|turn|29
|
|t:|1760791419
|-end|p2a: Weezing|ability: Neutralizing Gas
|switch|p2a: Slowking|Slowking, M|100/100
|move|p1a: Blissey|Stealth Rock|p2a: Slowking
|-sidestart|p2: art of unmoning|move: Stealth Rock
|
|-heal|p1a: Blissey|87/100 brn|[from] item: Leftovers
|-damage|p1a: Blissey|80/100 brn|[from] brn
|upkeep
|turn|30
|
|t:|1760791423
|-curestatus|p1a: Blissey|brn|[from] ability: Natural Cure
|switch|p1a: Corviknight|Corviknight, F|100/100
|-ability|p1a: Corviknight|Pressure
|move|p2a: Slowking|Scald|p1a: Corviknight
|-damage|p1a: Corviknight|67/100
|-status|p1a: Corviknight|brn
|
|-heal|p1a: Corviknight|73/100 brn|[from] item: Leftovers
|-damage|p1a: Corviknight|67/100 brn|[from] brn
|upkeep
|turn|31
|-message|love is simple forfeited.
|
|win|art of unmoning
|raw|love is simple's rating: 1622 &rarr; <strong>1607</strong><br />(-15 for losing)
|raw|art of unmoning's rating: 1705 &rarr; <strong>1720</strong><br />(+15 for winning)
|l|☆love is simple
|player|p1|
