|inactive|Battle timer is ON: inactive players will automatically lose when time's up.
|t:|1760721461
|gametype|singles
|player|p1|FayaWizard|#fayawizard|
|player|p2|Mik3ymon|aromalady-gen6|
|gen|9
|tier|[Gen 9] OU
|rule|HP Percentage Mod: HP is shown in percentages
|rule|Endless Battle Clause: Forcing endless battles is banned
|rule|Species Clause: Limit one of each Pokémon
|rule|OHKO Clause: OHKO moves are banned
|rule|Evasion Items Clause: Evasion items are banned
|rule|Evasion Moves Clause: Evasion moves are banned
|rule|Evasion Abilities Clause: Evasion abilities are banned
|rule|Sleep Moves Clause: Sleep-inducing moves are banned
|clearpoke
|poke|p1|Ninetales-Alola, M|
|poke|p1|Kingambit, M|
|poke|p1|Hatterene, F|
|poke|p1|Ogerpon-Wellspring, F|
|poke|p1|Rhyperior, M|
|poke|p1|Primarina, F|
|poke|p2|Heatran, F|
|poke|p2|Gliscor, M|
|poke|p2|Kyurem|
|poke|p2|Hatterene, F|
|poke|p2|Zamazenta-*|
|poke|p2|Tornadus-Therian, M|
|teampreview
|c|☆Mik3ymon|hf
|c|☆FayaWizard|u2
|c|+memphisdepayy|mik3ymon
|c|+memphisdepayy|Oque fizeram com o ogerpon
|inactive|Mik3ymon has 270 seconds left.
|inactive|FayaWizard has 270 seconds left.
|c|☆FayaWizard|wogerpon doesnt want to look at the battle ig
|inactive|Mik3ymon has 240 seconds left.
|inactive|Mik3ymon has 210 seconds left.
|c|☆Mik3ymon|pprt
|c|☆Mik3ymon|jotao
|c|☆Mik3ymon|muito feio
|
|t:|1760721580
|teamsize|p1|6
|teamsize|p2|6
|start
|switch|p1a: Ninetales|Ninetales-Alola, M|100/100
|switch|p2a: Tornadus|Tornadus-Therian, M|100/100
|-weather|Snowscape|[from] ability: Snow Warning|[of] p1a: Ninetales
|turn|1
|
|t:|1760721587
|move|p2a: Tornadus|Knock Off|p1a: Ninetales
|-resisted|p1a: Ninetales
|-damage|p1a: Ninetales|92/100
|-enditem|p1a: Ninetales|Light Clay|[from] move: Knock Off|[of] p2a: Tornadus
|move|p1a: Ninetales|Aurora Veil|p1a: Ninetales
|-sidestart|p1: FayaWizard|move: Aurora Veil
|
|-weather|Snowscape|[upkeep]
|upkeep
|turn|2
|
|t:|1760721593
|switch|p1a: Rhyperior|Rhyperior, M|100/100
|move|p2a: Tornadus|U-turn|p1a: Rhyperior
|-damage|p1a: Rhyperior|95/100
|
|t:|1760721596
|switch|p2a: Zamazenta|Zamazenta|100/100|[from] U-turn
|-ability|p2a: Zamazenta|Dauntless Shield|boost
|-boost|p2a: Zamazenta|def|1
|
|-weather|Snowscape|[upkeep]
|upkeep
|turn|3
|
|t:|1760721599
|move|p2a: Zamazenta|Iron Defense|p2a: Zamazenta
|-boost|p2a: Zamazenta|def|2
|move|p1a: Rhyperior|Rock Polish|p1a: Rhyperior
|-boost|p1a: Rhyperior|spe|2
|
|-weather|Snowscape|[upkeep]
|upkeep
|turn|4
|
|t:|1760721602
|switch|p1a: Primarina|Primarina, F|100/100
|move|p2a: Zamazenta|Body Press|p1a: Primarina
|-resisted|p1a: Primarina
|-damage|p1a: Primarina|71/100
|
|-weather|Snowscape|[upkeep]
|-heal|p1a: Primarina|77/100|[from] item: Leftovers
|upkeep
|turn|5
|
|t:|1760721606
|switch|p2a: Tornadus|Tornadus-Therian, M|100/100
|move|p1a: Primarina|Substitute|p1a: Primarina
|-start|p1a: Primarina|Substitute
|-damage|p1a: Primarina|52/100
|
|-weather|none
|-heal|p1a: Primarina|58/100|[from] item: Leftovers
|-sideend|p1: FayaWizard|move: Aurora Veil
|upkeep
|turn|6
|
|t:|1760721611
|move|p2a: Tornadus|Bleakwind Storm|p1a: Primarina
|-end|p1a: Primarina|Substitute
|move|p1a: Primarina|Calm Mind|p1a: Primarina
|-boost|p1a: Primarina|spa|1
|-boost|p1a: Primarina|spd|1
|
|-heal|p1a: Primarina|64/100|[from] item: Leftovers
|upkeep
|turn|7
|
|t:|1760721614
|move|p2a: Tornadus|Knock Off|p1a: Primarina
|-resisted|p1a: Primarina
|-crit|p1a: Primarina
|-damage|p1a: Primarina|43/100
|-enditem|p1a: Primarina|Leftovers|[from] move: Knock Off|[of] p2a: Tornadus
|move|p1a: Primarina|Substitute|p1a: Primarina
|-start|p1a: Primarina|Substitute
|-damage|p1a: Primarina|19/100
|
|upkeep
|turn|8
|
|t:|1760721618
|move|p2a: Tornadus|Bleakwind Storm|p1a: Primarina|[miss]
|-miss|p2a: Tornadus|p1a: Primarina
|move|p1a: Primarina|Hydro Pump|p2a: Tornadus|[miss]
|-miss|p1a: Primarina|p2a: Tornadus
|
|upkeep
|turn|9
|
|t:|1760721622
|move|p2a: Tornadus|Bleakwind Storm|p1a: Primarina
|-activate|p1a: Primarina|move: Substitute|[damage]
|move|p1a: Primarina|Moonblast|p2a: Tornadus
|-damage|p2a: Tornadus|49/100
|
|upkeep
|turn|10
|
|t:|1760721636
|move|p2a: Tornadus|Bleakwind Storm|p1a: Primarina|[miss]
|-miss|p2a: Tornadus|p1a: Primarina
|move|p1a: Primarina|Hydro Pump|p2a: Tornadus
|-damage|p2a: Tornadus|0 fnt
|faint|p2a: Tornadus
|
|upkeep
|c|☆FayaWizard|maybe 1ldk is onto something about torn
|inactive|Mik3ymon has 270 seconds left.
|
|t:|1760721664
|switch|p2a: Hatterene|Hatterene, F|100/100
|turn|11
|
|t:|1760721670
|move|p1a: Primarina|Hydro Pump|p2a: Hatterene|[miss]
|-miss|p1a: Primarina|p2a: Hatterene
|move|p2a: Hatterene|Psychic Noise|p1a: Primarina
|-damage|p1a: Primarina|0 fnt
|faint|p1a: Primarina
|
|upkeep
|
|t:|1760721682
|switch|p1a: Ogerpon|Ogerpon-Wellspring, F|100/100
|turn|12
|
|t:|1760721703
|switch|p1a: Rhyperior|Rhyperior, M|95/100
|move|p2a: Hatterene|Nuzzle|p1a: Rhyperior
|-ability|p1a: Rhyperior|Lightning Rod|boost
|-boost|p1a: Rhyperior|spa|1
|
|upkeep
|turn|13
|inactive|Mik3ymon has 270 seconds left.
|
|t:|1760721735
|switch|p2a: Zamazenta|Zamazenta|100/100
|move|p1a: Rhyperior|Earthquake|p2a: Zamazenta
|-damage|p2a: Zamazenta|56/100
|
|-heal|p2a: Zamazenta|63/100|[from] item: Leftovers
|upkeep
|turn|14
|
|t:|1760721738
|switch|p1a: Hatterene|Hatterene, F|100/100
|move|p2a: Zamazenta|Iron Defense|p2a: Zamazenta
|-boost|p2a: Zamazenta|def|2
|
|-heal|p2a: Zamazenta|69/100|[from] item: Leftovers
|upkeep
|turn|15
|
|t:|1760721744
|switch|p2a: Heatran|Heatran, F|100/100
|move|p1a: Hatterene|Nuzzle|p2a: Heatran
|-damage|p2a: Heatran|97/100
|-status|p2a: Heatran|par
|
|-heal|p2a: Heatran|100/100 par|[from] item: Leftovers
|upkeep
|turn|16
|
|t:|1760721748
|switch|p1a: Ninetales|Ninetales-Alola, M|92/100
|-weather|Snowscape|[from] ability: Snow Warning|[of] p1a: Ninetales
|move|p2a: Heatran|Lava Plume|p1a: Ninetales
|-supereffective|p1a: Ninetales
|-crit|p1a: Ninetales
|-damage|p1a: Ninetales|0 fnt
|faint|p1a: Ninetales
|
|-weather|Snowscape|[upkeep]
|upkeep
|
|t:|1760721751
|switch|p1a: Ogerpon|Ogerpon-Wellspring, F|100/100
|turn|17
|
|t:|1760721754
|switch|p2a: Kyurem|Kyurem|100/100
|-ability|p2a: Kyurem|Pressure
|move|p1a: Ogerpon|Swords Dance|p1a: Ogerpon
|-boost|p1a: Ogerpon|atk|2
|
|-weather|Snowscape|[upkeep]
|upkeep
|turn|18
|
|t:|1760721757
|move|p2a: Kyurem|Protect|p2a: Kyurem
|-singleturn|p2a: Kyurem|Protect
|move|p1a: Ogerpon|Play Rough|p2a: Kyurem
|-activate|p2a: Kyurem|move: Protect
|
|-weather|Snowscape|[upkeep]
|upkeep
|turn|19
|
|t:|1760721762
|-terastallize|p1a: Ogerpon|Water
|detailschange|p1a: Ogerpon|Ogerpon-Wellspring-Tera, F, tera:Water
|-ability|p1a: Ogerpon|Embody Aspect (Wellspring)|boost
|-boost|p1a: Ogerpon|spd|1
|move|p1a: Ogerpon|Play Rough|p2a: Kyurem
|-supereffective|p2a: Kyurem
|-crit|p2a: Kyurem
|-damage|p2a: Kyurem|0 fnt
|faint|p2a: Kyurem
|
|-weather|Snowscape|[upkeep]
|upkeep
|c|☆FayaWizard|sorry
|c|☆Mik3ymon|bro
|c|☆Mik3ymon|bor
|c|☆Mik3ymon|awf
|c|☆Mik3ymon|awF
|c|☆Mik3ymon|AFA
|inactive|Mik3ymon has 270 seconds left.
|
|t:|1760721814
|switch|p2a: Hatterene|Hatterene, F|100/100
|turn|20
|
|t:|1760721821
|move|p1a: Ogerpon|Ivy Cudgel|p2a: Hatterene|[anim] Ivy Cudgel Water
|-damage|p2a: Hatterene|0 fnt
|faint|p2a: Hatterene
|
|-weather|none
|upkeep
|
|t:|1760721824
|switch|p2a: Zamazenta|Zamazenta|69/100
|turn|21
|inactive|Mik3ymon has 270 seconds left.
|
|t:|1760721835
|move|p2a: Zamazenta|Iron Defense|p2a: Zamazenta
|-boost|p2a: Zamazenta|def|2
|move|p1a: Ogerpon|Ivy Cudgel|p2a: Zamazenta|[anim] Ivy Cudgel Water
|-crit|p2a: Zamazenta
|-damage|p2a: Zamazenta|0 fnt
|faint|p2a: Zamazenta
|
|upkeep
|inactive|Mik3ymon has 270 seconds left.
|-message|Mik3ymon forfeited.
|
|win|FayaWizard
