|j|☆olaf-18
|j|☆Barronmaster
|t:|1760790674
|gametype|singles
|player|p1|olaf-18|101|1613
|player|p2|Barronmaster|palmer|1581
|gen|9
|tier|[Gen 9] OU
|rated|
|rule|HP Percentage Mod: HP is shown in percentages
|rule|Endless Battle Clause: Forcing endless battles is banned
|rule|Species Clause: Limit one of each Pokémon
|rule|OHKO Clause: OHKO moves are banned
|rule|Evasion Items Clause: Evasion items are banned
|rule|Evasion Moves Clause: Evasion moves are banned
|rule|Evasion Abilities Clause: Evasion abilities are banned
|rule|Sleep Moves Clause: Sleep-inducing moves are banned
|clearpoke
|poke|p1|Slowking-Galar, M|
|poke|p1|Ting-Lu|
|poke|p1|Kingambit, F|
|poke|p1|Diancie|
|poke|p1|Armarouge, M|
|poke|p1|Ursaluna, M|
|poke|p2|Hoopa-Unbound|
|poke|p2|Ninetales-Alola, M|
|poke|p2|Slowking-Galar, F|
|poke|p2|Cloyster, M|
|poke|p2|Zoroark, F|
|poke|p2|Indeedee, M|
|teampreview
|inactive|Battle timer is ON: inactive players will automatically lose when time's up. (requested by olaf-18)
|
|t:|1760790735
|teamsize|p1|6
|teamsize|p2|6
|start
|switch|p1a: Armarouge|Armarouge, M|100/100
|switch|p2a: Hoopa|Hoopa-Unbound|100/100
|turn|1
|
|t:|1760790744
|move|p1a: Armarouge|Endure|p1a: Armarouge
|-singleturn|p1a: Armarouge|move: Endure
|move|p2a: Hoopa|Knock Off|p1a: Armarouge
|-supereffective|p1a: Armarouge
|-activate|p1a: Armarouge|move: Endure
|-damage|p1a: Armarouge|1/100
|-ability|p1a: Armarouge|Weak Armor|boost
|-unboost|p1a: Armarouge|def|1
|-boost|p1a: Armarouge|spe|2
|-enditem|p1a: Armarouge|Weakness Policy
|-boost|p1a: Armarouge|atk|2|[from] item: Weakness Policy
|-boost|p1a: Armarouge|spa|2|[from] item: Weakness Policy
|-damage|p2a: Hoopa|91/100|[from] item: Life Orb
|
|upkeep
|turn|2
|
|t:|1760790747
|move|p2a: Hoopa|Sucker Punch|p1a: Armarouge
|-supereffective|p1a: Armarouge
|-damage|p1a: Armarouge|0 fnt
|faint|p1a: Armarouge
|-damage|p2a: Hoopa|81/100|[from] item: Life Orb
|
|upkeep
|
|t:|1760790762
|switch|p1a: Kingambit|Kingambit, F|100/100
|-activate|p1a: Kingambit|ability: Supreme Overlord
|-start|p1a: Kingambit|fallen1|[silent]
|turn|3
|
|t:|1760790787
|-terastallize|p2a: Hoopa|Fire
|move|p2a: Hoopa|Flamethrower|p1a: Kingambit
|-supereffective|p1a: Kingambit
|-damage|p1a: Kingambit|14/100
|-damage|p2a: Hoopa|71/100|[from] item: Life Orb
|move|p1a: Kingambit|Kowtow Cleave|p2a: Hoopa
|-damage|p2a: Hoopa|0 fnt
|replace|p2a: Zoroark|Zoroark, F
|-end|p2a: Zoroark|Illusion
|faint|p2a: Zoroark
|-damage|p1a: Kingambit|4/100|[from] item: Life Orb
|
|upkeep
|
|t:|1760790794
|switch|p2a: Indeedee|Indeedee, M|100/100
|-fieldstart|move: Psychic Terrain|[from] ability: Psychic Surge|[of] p2a: Indeedee
|turn|4
|
|t:|1760790797
|move|p2a: Indeedee|Dazzling Gleam|p1a: Kingambit
|-damage|p1a: Kingambit|0 fnt
|faint|p1a: Kingambit
|-end|p1a: Kingambit|fallen1|[silent]
|-damage|p2a: Indeedee|91/100|[from] item: Life Orb
|
|upkeep
|
|t:|1760790800
|switch|p1a: Slowking|Slowking-Galar, M|100/100
|turn|5
|
|t:|1760790803
|move|p2a: Indeedee|Expanding Force|p1a: Slowking
|-damage|p1a: Slowking|21/100
|-damage|p2a: Indeedee|81/100|[from] item: Life Orb
|move|p1a: Slowking|Trick Room|p1a: Slowking
|-fieldstart|move: Trick Room|[of] p1a: Slowking
|
|upkeep
|turn|6
|
|t:|1760790817
|switch|p1a: Ting-Lu|Ting-Lu|100/100
|-ability|p1a: Ting-Lu|Vessel of Ruin
|move|p2a: Indeedee|Trick Room|p2a: Indeedee
|-fieldend|move: Trick Room
|
|upkeep
|turn|7
|inactive|Barronmaster has 120 seconds left.
|inactive|Barronmaster has 90 seconds left.
|
|t:|1760790882
|switch|p2a: Ninetales|Ninetales-Alola, M|100/100
|-weather|Snowscape|[from] ability: Snow Warning|[of] p2a: Ninetales
|move|p1a: Ting-Lu|Payback|p2a: Ninetales
|-resisted|p2a: Ninetales
|-damage|p2a: Ninetales|88/100
|
|-weather|Snowscape|[upkeep]
|upkeep
|turn|8
|
|t:|1760790887
|move|p2a: Ninetales|Aurora Veil|p2a: Ninetales
|-sidestart|p2: Barronmaster|move: Aurora Veil
|move|p1a: Ting-Lu|Heavy Slam|p2a: Ninetales
|-supereffective|p2a: Ninetales
|-damage|p2a: Ninetales|10/100
|
|-weather|Snowscape|[upkeep]
|-fieldend|move: Psychic Terrain
|upkeep
|turn|9
|
|t:|1760790893
|switch|p2a: Cloyster|Cloyster, M|100/100
|move|p1a: Ting-Lu|Stealth Rock|p2a: Cloyster
|-sidestart|p2: Barronmaster|move: Stealth Rock
|
|-weather|Snowscape|[upkeep]
|upkeep
|turn|10
|
|t:|1760790898
|switch|p1a: Diancie|Diancie|100/100
|move|p2a: Cloyster|Icicle Spear|p1a: Diancie
|-damage|p1a: Diancie|92/100
|-damage|p1a: Diancie|82/100
|-damage|p1a: Diancie|74/100
|-damage|p1a: Diancie|66/100
|-damage|p1a: Diancie|56/100
|-hitcount|p1a: Diancie|5
|
|-weather|Snowscape|[upkeep]
|upkeep
|turn|11
|
|t:|1760790905
|move|p2a: Cloyster|Icicle Spear|p1a: Diancie
|-damage|p1a: Diancie|46/100
|-damage|p1a: Diancie|36/100
|-damage|p1a: Diancie|26/100
|-damage|p1a: Diancie|17/100
|-damage|p1a: Diancie|7/100
|-hitcount|p1a: Diancie|5
|move|p1a: Diancie|Trick Room|p1a: Diancie
|-fieldstart|move: Trick Room|[of] p1a: Diancie
|
|-weather|none
|upkeep
|turn|12
|
|t:|1760790908
|move|p2a: Cloyster|Ice Shard|p1a: Diancie
|-damage|p1a: Diancie|0 fnt
|faint|p1a: Diancie
|
|upkeep
|
|t:|1760790912
|switch|p1a: Ursaluna|Ursaluna, M|100/100
|turn|13
|
|t:|1760790916
|move|p1a: Ursaluna|Supercell Slam|p2a: Cloyster
|-supereffective|p2a: Cloyster
|-damage|p2a: Cloyster|66/100
|move|p2a: Cloyster|Icicle Spear|p1a: Ursaluna
|-supereffective|p1a: Ursaluna
|-damage|p1a: Ursaluna|82/100
|-supereffective|p1a: Ursaluna
|-damage|p1a: Ursaluna|65/100
|-supereffective|p1a: Ursaluna
|-damage|p1a: Ursaluna|47/100
|-supereffective|p1a: Ursaluna
|-damage|p1a: Ursaluna|31/100
|-supereffective|p1a: Ursaluna
|-damage|p1a: Ursaluna|13/100
|-hitcount|p1a: Ursaluna|5
|
|-status|p1a: Ursaluna|brn|[from] item: Flame Orb
|upkeep
|turn|14
|
|t:|1760790923
|move|p2a: Cloyster|Ice Shard|p1a: Ursaluna
|-supereffective|p1a: Ursaluna
|-damage|p1a: Ursaluna|0 fnt
|faint|p1a: Ursaluna
|
|upkeep
|
|t:|1760790927
|switch|p1a: Slowking|Slowking-Galar, M|54/100
|turn|15
|c|☆Barronmaster|Gg too easy
|
|t:|1760790942
|switch|p2a: Hoopa|Hoopa-Unbound|100/100
|-damage|p2a: Hoopa|88/100|[from] Stealth Rock
|move|p1a: Slowking|Sludge Bomb|p2a: Hoopa
|-damage|p2a: Hoopa|77/100
|-status|p2a: Hoopa|psn
|
|-damage|p2a: Hoopa|65/100 psn|[from] psn
|-sideend|p2: Barronmaster|move: Aurora Veil
|-fieldend|move: Trick Room
|upkeep
|turn|16
|inactive|olaf-18 has 120 seconds left.
|l|☆olaf-18
|inactive|olaf-18 disconnected and has a minute to reconnect!
|player|p1|
|inactive|olaf-18 has 30 seconds to reconnect!
|inactive|olaf-18 has 20 seconds to reconnect!
|inactive|olaf-18 has 15 seconds to reconnect!
|inactive|olaf-18 has 10 seconds to reconnect!
|inactive|olaf-18 has 5 seconds to reconnect!
|-message|olaf-18 lost due to inactivity.
|
|win|Barronmaster
|raw|olaf-18's rating: 1613 &rarr; <strong>1591</strong><br />(-22 for losing)
|raw|Barronmaster's rating: 1581 &rarr; <strong>1603</strong><br />(+22 for winning)
|l|☆Barronmaster
|player|p2|
