|j|☆jarxP
|j|☆obezer
|t:|1760776428
|gametype|singles
|player|p1|jarxP|roxanne|1157
|player|p2|obezer|170|1098
|gen|9
|tier|[Gen 9] OU
|rated|
|rule|HP Percentage Mod: HP is shown in percentages
|rule|Endless Battle Clause: Forcing endless battles is banned
|rule|Species Clause: Limit one of each Pokémon
|rule|OHKO Clause: OHKO moves are banned
|rule|Evasion Items Clause: Evasion items are banned
|rule|Evasion Moves Clause: Evasion moves are banned
|rule|Evasion Abilities Clause: Evasion abilities are banned
|rule|Sleep Moves Clause: Sleep-inducing moves are banned
|clearpoke
|poke|p1|Gliscor, M|
|poke|p1|Great Tusk|
|poke|p1|Iron Valiant|
|poke|p1|Ting-Lu|
|poke|p1|Dragapult, M|
|poke|p1|Meowscarada, F|
|poke|p2|Garchomp, M|
|poke|p2|Salazzle, F|
|poke|p2|Araquanid, F|
|poke|p2|Sinistcha|
|poke|p2|Forretress, M|
|poke|p2|Bellibolt, M|
|teampreview
|
|t:|1760776434
|teamsize|p1|6
|teamsize|p2|6
|start
|switch|p1a: hesgonnasaythenwor|Dragapult, M|100/100
|switch|p2a: Garchomp|Garchomp, M|100/100
|turn|1
|
|t:|1760776439
|switch|p2a: Bellibolt|Bellibolt, M|100/100
|move|p1a: hesgonnasaythenwor|Draco Meteor|p2a: Bellibolt
|-damage|p2a: Bellibolt|48/100
|-unboost|p1a: hesgonnasaythenwor|spa|2
|-start|p2a: Bellibolt|Charge|Draco Meteor|[from] ability: Electromorphosis
|
|upkeep
|turn|2
|
|t:|1760776447
|switch|p1a: lwk goat|Gliscor, M, shiny|100/100
|move|p2a: Bellibolt|Muddy Water|p1a: lwk goat
|-supereffective|p1a: lwk goat
|-crit|p1a: lwk goat
|-damage|p1a: lwk goat|3/100
|
|-status|p1a: lwk goat|tox|[from] item: Toxic Orb
|upkeep
|turn|3
|
|t:|1760776465
|switch|p2a: Forretress|Forretress, M|100/100
|move|p1a: lwk goat|Toxic|p2a: Forretress|[miss]
|-miss|p1a: lwk goat|p2a: Forretress
|
|-heal|p1a: lwk goat|15/100 tox|[from] ability: Poison Heal
|upkeep
|turn|4
|
|t:|1760776472
|move|p1a: lwk goat|Spikes|p2a: Forretress
|-sidestart|p2: obezer|Spikes
|move|p2a: Forretress|Toxic Spikes|p1a: lwk goat
|-sidestart|p1: jarxP|move: Toxic Spikes
|
|-heal|p1a: lwk goat|28/100 tox|[from] ability: Poison Heal
|upkeep
|turn|5
|
|t:|1760776480
|switch|p1a: sv goat|Great Tusk|100/100
|-status|p1a: sv goat|psn
|-enditem|p1a: sv goat|Booster Energy
|-activate|p1a: sv goat|ability: Protosynthesis|[fromitem]
|-start|p1a: sv goat|protosynthesisspe
|move|p2a: Forretress|Toxic Spikes|p1a: sv goat
|-sidestart|p1: jarxP|move: Toxic Spikes
|
|-damage|p1a: sv goat|88/100 psn|[from] psn
|upkeep
|turn|6
|
|t:|1760776491
|switch|p2a: Sinistcha|Sinistcha|100/100
|-damage|p2a: Sinistcha|88/100|[from] Spikes
|move|p1a: sv goat|Bulk Up|p1a: sv goat
|-boost|p1a: sv goat|atk|1
|-boost|p1a: sv goat|def|1
|
|-damage|p1a: sv goat|76/100 psn|[from] psn
|upkeep
|turn|7
|-message|jarxP forfeited.
|
|win|obezer
|raw|jarxP's rating: 1157 &rarr; <strong>1128</strong><br />(-29 for losing)
|raw|obezer's rating: 1098 &rarr; <strong>1128</strong><br />(+30 for winning)
|l|☆jarxP
|player|p1|
|l|☆obezer
|player|p2|
