|j|☆WeR#4Hay!
|j|☆untitledkamii
|t:|1760743386
|gametype|singles
|player|p1|WeR#4Hay!|1|1596
|player|p2|untitledkamii|unknownf|1642
|gen|9
|tier|[Gen 9] OU
|rated|
|rule|HP Percentage Mod: HP is shown in percentages
|rule|Endless Battle Clause: Forcing endless battles is banned
|rule|Species Clause: Limit one of each Pokémon
|rule|OHKO Clause: OHKO moves are banned
|rule|Evasion Items Clause: Evasion items are banned
|rule|Evasion Moves Clause: Evasion moves are banned
|rule|Evasion Abilities Clause: Evasion abilities are banned
|rule|Sleep Moves Clause: Sleep-inducing moves are banned
|clearpoke
|poke|p1|Lycanroc-Dusk, F|
|poke|p1|Volcanion|
|poke|p1|Corviknight, F|
|poke|p1|Great Tusk|
|poke|p1|Slowking-Galar, F|
|poke|p1|Darkrai|
|poke|p2|Iron Treads|
|poke|p2|Kingambit, F|
|poke|p2|Ceruledge, F|
|poke|p2|Ninetales-Alola, M|
|poke|p2|Hatterene, F|
|poke|p2|Kyurem|
|teampreview
|inactive|Battle timer is ON: inactive players will automatically lose when time's up. (requested by untitledkamii)
|
|t:|1760743404
|teamsize|p1|6
|teamsize|p2|6
|start
|switch|p1a: Akira Kogami|Lycanroc-Dusk, F|100/100
|switch|p2a: Hatterene|Hatterene, F|100/100
|-item|p2a: Hatterene|Air Balloon
|turn|1
|inactive|WeR#4Hay! has 120 seconds left.
|
|t:|1760743455
|switch|p1a: Konata Izumi|Slowking-Galar, F|100/100
|move|p2a: Hatterene|Psychic Noise|p1a: Konata Izumi
|-damage|p1a: Konata Izumi|81/100
|-start|p1a: Konata Izumi|move: Heal Block
|
|upkeep
|turn|2
|
|t:|1760743461
|switch|p2a: Ninetales|Ninetales-Alola, M|100/100
|-weather|Snowscape|[from] ability: Snow Warning|[of] p2a: Ninetales
|move|p1a: Konata Izumi|Sludge Bomb|p2a: Ninetales
|-supereffective|p2a: Ninetales
|-damage|p2a: Ninetales|38/100
|-status|p2a: Ninetales|psn
|
|-weather|Snowscape|[upkeep]
|-damage|p2a: Ninetales|26/100 psn|[from] psn
|-end|p1a: Konata Izumi|move: Heal Block
|upkeep
|turn|3
|
|t:|1760743464
|move|p2a: Ninetales|Aurora Veil|p2a: Ninetales
|-sidestart|p2: untitledkamii|move: Aurora Veil
|move|p1a: Konata Izumi|Future Sight|p2a: Ninetales
|-start|p1a: Konata Izumi|move: Future Sight
|
|-weather|Snowscape|[upkeep]
|-damage|p2a: Ninetales|14/100 psn|[from] psn
|upkeep
|turn|4
|
|t:|1760743474
|switch|p2a: Kingambit|Kingambit, F|100/100
|-item|p2a: Kingambit|Air Balloon
|move|p1a: Konata Izumi|Flamethrower|p2a: Kingambit
|-supereffective|p2a: Kingambit
|-damage|p2a: Kingambit|76/100
|-status|p2a: Kingambit|brn
|-enditem|p2a: Kingambit|Air Balloon
|
|-weather|Snowscape|[upkeep]
|-damage|p2a: Kingambit|70/100 brn|[from] brn
|upkeep
|turn|5
|c|☆WeR#4Hay!|mb
|
|t:|1760743485
|switch|p1a: Miyuki Takara|Corviknight, F|100/100
|-ability|p1a: Miyuki Takara|Pressure
|move|p2a: Kingambit|Kowtow Cleave|p1a: Miyuki Takara
|-damage|p1a: Miyuki Takara|86/100
|-damage|p2a: Kingambit|54/100 brn|[from] item: Rocky Helmet|[of] p1a: Miyuki Takara
|
|-weather|Snowscape|[upkeep]
|-end|p2a: Kingambit|move: Future Sight
|-immune|p2a: Kingambit
|-damage|p2a: Kingambit|48/100 brn|[from] brn
|upkeep
|turn|6
|c|☆untitledkamii|it's alright
|
|t:|1760743504
|-end|p2a: Kingambit|fallenundefined|[silent]
|switch|p2a: Ceruledge|Ceruledge, F|100/100
|move|p1a: Miyuki Takara|Body Press|p2a: Ceruledge
|-immune|p2a: Ceruledge
|
|-weather|none
|upkeep
|turn|7
|
|t:|1760743510
|switch|p1a: Kagami Hiiragi|Volcanion|100/100
|move|p2a: Ceruledge|Swords Dance|p2a: Ceruledge
|-boost|p2a: Ceruledge|atk|2
|
|upkeep
|turn|8
|
|t:|1760743518
|-terastallize|p2a: Ceruledge|Ghost
|move|p2a: Ceruledge|Poltergeist|p1a: Kagami Hiiragi|[miss]
|-miss|p2a: Ceruledge|p1a: Kagami Hiiragi
|move|p1a: Kagami Hiiragi|Steam Eruption|p2a: Ceruledge
|-crit|p2a: Ceruledge
|-enditem|p2a: Ceruledge|Focus Sash
|-damage|p2a: Ceruledge|1/100
|
|upkeep
|turn|9
|c|☆untitledkamii|aaaaaaaaaaaaaaaaaaaaaaaaaaaaaa
|c|☆WeR#4Hay!|imagine if that burned...'
|
|t:|1760743541
|move|p2a: Ceruledge|Poltergeist|p1a: Kagami Hiiragi
|-activate|p1a: Kagami Hiiragi|move: Poltergeist|Heavy-Duty Boots
|-damage|p1a: Kagami Hiiragi|0 fnt
|faint|p1a: Kagami Hiiragi
|
|upkeep
|c|☆untitledkamii|if only right
|
|t:|1760743551
|switch|p1a: Tsukasa Hiiragi|Darkrai|100/100
|turn|10
|
|t:|1760743564
|switch|p2a: Kingambit|Kingambit, F|48/100 brn
|move|p1a: Tsukasa Hiiragi|Dark Pulse|p2a: Kingambit
|-resisted|p2a: Kingambit
|-damage|p2a: Kingambit|35/100 brn
|
|-damage|p2a: Kingambit|29/100 brn|[from] brn
|-sideend|p2: untitledkamii|move: Aurora Veil
|upkeep
|turn|11
|
|t:|1760743570
|switch|p1a: Miyuki Takara|Corviknight, F|86/100
|-ability|p1a: Miyuki Takara|Pressure
|move|p2a: Kingambit|Iron Head|p1a: Miyuki Takara
|-resisted|p1a: Miyuki Takara
|-damage|p1a: Miyuki Takara|79/100
|-damage|p2a: Kingambit|12/100 brn|[from] item: Rocky Helmet|[of] p1a: Miyuki Takara
|
|-damage|p2a: Kingambit|6/100 brn|[from] brn
|upkeep
|turn|12
|
|t:|1760743577
|move|p2a: Kingambit|Kowtow Cleave|p1a: Miyuki Takara
|-damage|p1a: Miyuki Takara|64/100
|-damage|p2a: Kingambit|0 fnt|[from] item: Rocky Helmet|[of] p1a: Miyuki Takara
|faint|p2a: Kingambit
|-end|p2a: Kingambit|fallenundefined|[silent]
|move|p1a: Miyuki Takara|U-turn|p2: Kingambit|[notarget]
|-fail|p1a: Miyuki Takara
|
|upkeep
|
|t:|1760743583
|switch|p2a: Ceruledge|Ceruledge, F, tera:Ghost|1/100
|turn|13
|
|t:|1760743597
|-terastallize|p1a: Miyuki Takara|Dragon
|move|p2a: Ceruledge|Bitter Blade|p1a: Miyuki Takara
|-resisted|p1a: Miyuki Takara
|-damage|p1a: Miyuki Takara|48/100
|-heal|p2a: Ceruledge|11/100|[from] drain|[of] p1a: Miyuki Takara
|-damage|p2a: Ceruledge|0 fnt|[from] item: Rocky Helmet|[of] p1a: Miyuki Takara
|faint|p2a: Ceruledge
|move|p1a: Miyuki Takara|Brave Bird|p2: Ceruledge|[notarget]
|-fail|p1a: Miyuki Takara
|
|upkeep
|
|t:|1760743602
|switch|p2a: Ninetales|Ninetales-Alola, M|14/100 psn
|-weather|Snowscape|[from] ability: Snow Warning|[of] p2a: Ninetales
|turn|14
|
|t:|1760743606
|switch|p1a: Konata Izumi|Slowking-Galar, F|100/100
|move|p2a: Ninetales|Aurora Veil|p2a: Ninetales
|-sidestart|p2: untitledkamii|move: Aurora Veil
|
|-weather|Snowscape|[upkeep]
|-damage|p2a: Ninetales|1/100 psn|[from] psn
|upkeep
|turn|15
|
|t:|1760743610
|move|p2a: Ninetales|Freeze-Dry|p1a: Konata Izumi
|-damage|p1a: Konata Izumi|90/100
|move|p1a: Konata Izumi|Future Sight|p2a: Ninetales
|-start|p1a: Konata Izumi|move: Future Sight
|
|-weather|Snowscape|[upkeep]
|-damage|p2a: Ninetales|0 fnt|[from] psn
|faint|p2a: Ninetales
|upkeep
|
|t:|1760743614
|switch|p2a: Kyurem|Kyurem|100/100
|-ability|p2a: Kyurem|Pressure
|turn|16
|
|t:|1760743641
|move|p2a: Kyurem|Dragon Dance|p2a: Kyurem
|-boost|p2a: Kyurem|atk|1
|-boost|p2a: Kyurem|spe|1
|move|p1a: Konata Izumi|Psychic Noise|p2a: Kyurem
|-damage|p2a: Kyurem|86/100
|-start|p2a: Kyurem|move: Heal Block
|
|-weather|Snowscape|[upkeep]
|upkeep
|turn|17
|
|t:|1760743650
|move|p2a: Kyurem|Icicle Spear|p1a: Konata Izumi
|-damage|p1a: Konata Izumi|77/100
|-damage|p1a: Konata Izumi|63/100
|-damage|p1a: Konata Izumi|48/100
|-damage|p1a: Konata Izumi|34/100
|-damage|p1a: Konata Izumi|20/100
|-hitcount|p1a: Konata Izumi|5
|move|p1a: Konata Izumi|Sludge Bomb|p2a: Kyurem
|-damage|p2a: Kyurem|67/100
|
|-weather|Snowscape|[upkeep]
|-end|p2a: Kyurem|move: Future Sight
|-damage|p2a: Kyurem|41/100
|-end|p2a: Kyurem|move: Heal Block
|upkeep
|turn|18
|inactive|WeR#4Hay! has 120 seconds left.
|
|t:|1760743683
|switch|p1a: Miyuki Takara|Corviknight, F, tera:Dragon|48/100
|-ability|p1a: Miyuki Takara|Pressure
|move|p2a: Kyurem|Scale Shot|p1a: Miyuki Takara
|-supereffective|p1a: Miyuki Takara
|-damage|p1a: Miyuki Takara|24/100
|-supereffective|p1a: Miyuki Takara
|-crit|p1a: Miyuki Takara
|-damage|p1a: Miyuki Takara|0 fnt
|faint|p1a: Miyuki Takara
|-hitcount|p1: Miyuki Takara|2
|-unboost|p2a: Kyurem|def|1
|-boost|p2a: Kyurem|spe|1
|
|-weather|none
|upkeep
|
|t:|1760743687
|switch|p1a: Akira Kogami|Lycanroc-Dusk, F|100/100
|turn|19
|
|t:|1760743691
|move|p1a: Akira Kogami|Accelerock|p2a: Kyurem
|-supereffective|p2a: Kyurem
|-damage|p2a: Kyurem|0 fnt
|faint|p2a: Kyurem
|
|upkeep
|
|t:|1760743701
|switch|p2a: Iron Treads|Iron Treads|100/100
|-enditem|p2a: Iron Treads|Booster Energy
|-activate|p2a: Iron Treads|ability: Quark Drive|[fromitem]
|-start|p2a: Iron Treads|quarkdriveatk
|turn|20
|
|t:|1760743712
|switch|p1a: Tsukasa Hiiragi|Darkrai|100/100
|move|p2a: Iron Treads|Rapid Spin|p1a: Tsukasa Hiiragi
|-damage|p1a: Tsukasa Hiiragi|71/100
|-boost|p2a: Iron Treads|spe|1
|
|upkeep
|turn|21
|
|t:|1760743718
|move|p1a: Tsukasa Hiiragi|Will-O-Wisp|p2a: Iron Treads
|-status|p2a: Iron Treads|brn
|move|p2a: Iron Treads|Earthquake|p1a: Tsukasa Hiiragi
|-damage|p1a: Tsukasa Hiiragi|24/100
|
|-damage|p2a: Iron Treads|94/100 brn|[from] brn
|-sideend|p2: untitledkamii|move: Aurora Veil
|upkeep
|turn|22
|
|t:|1760743742
|switch|p1a: Minoru Shiraishi|Great Tusk|100/100
|move|p2a: Iron Treads|Earthquake|p1a: Minoru Shiraishi
|-damage|p1a: Minoru Shiraishi|74/100
|
|-damage|p2a: Iron Treads|88/100 brn|[from] brn
|upkeep
|turn|23
|
|t:|1760743747
|move|p2a: Iron Treads|Ice Spinner|p1a: Minoru Shiraishi
|-supereffective|p1a: Minoru Shiraishi
|-damage|p1a: Minoru Shiraishi|48/100
|move|p1a: Minoru Shiraishi|Rapid Spin|p2a: Iron Treads
|-resisted|p2a: Iron Treads
|-damage|p2a: Iron Treads|80/100 brn
|-boost|p1a: Minoru Shiraishi|spe|1
|
|-damage|p2a: Iron Treads|74/100 brn|[from] brn
|upkeep
|turn|24
|
|t:|1760743753
|move|p2a: Iron Treads|Ice Spinner|p1a: Minoru Shiraishi
|-supereffective|p1a: Minoru Shiraishi
|-damage|p1a: Minoru Shiraishi|23/100
|move|p1a: Minoru Shiraishi|Headlong Rush|p2a: Iron Treads
|-supereffective|p2a: Iron Treads
|-damage|p2a: Iron Treads|0 fnt
|-unboost|p1a: Minoru Shiraishi|def|1
|-unboost|p1a: Minoru Shiraishi|spd|1
|faint|p2a: Iron Treads
|-end|p2a: Iron Treads|Quark Drive|[silent]
|
|upkeep
|
|t:|1760743755
|switch|p2a: Hatterene|Hatterene, F|100/100
|-item|p2a: Hatterene|Air Balloon
|turn|25
|
|t:|1760743774
|move|p1a: Minoru Shiraishi|Ice Spinner|p2a: Hatterene
|-damage|p2a: Hatterene|79/100
|-enditem|p2a: Hatterene|Air Balloon
|move|p2a: Hatterene|Draining Kiss|p1a: Minoru Shiraishi
|-supereffective|p1a: Minoru Shiraishi
|-damage|p1a: Minoru Shiraishi|0 fnt
|-heal|p2a: Hatterene|99/100|[from] drain|[of] p1a: Minoru Shiraishi
|faint|p1a: Minoru Shiraishi
|-end|p1a: Minoru Shiraishi|Protosynthesis|[silent]
|
|upkeep
|
|t:|1760743778
|switch|p1a: Konata Izumi|Slowking-Galar, F|53/100
|turn|26
|
|t:|1760743791
|move|p2a: Hatterene|Psychic Noise|p1a: Konata Izumi
|-damage|p1a: Konata Izumi|34/100
|-start|p1a: Konata Izumi|move: Heal Block
|move|p1a: Konata Izumi|Sludge Bomb|p2a: Hatterene
|-supereffective|p2a: Hatterene
|-damage|p2a: Hatterene|27/100
|
|upkeep
|turn|27
|c|☆untitledkamii|maaaaaaaaaaaaaaaaaaaaaaaaaaaaaaaaaaaaaaaaaaaaan
|c|☆untitledkamii|gg
|-message|untitledkamii forfeited.
|
|win|WeR#4Hay!
|raw|WeR#4Hay!'s rating: 1596 &rarr; <strong>1619</strong><br />(+23 for winning)
|raw|untitledkamii's rating: 1642 &rarr; <strong>1619</strong><br />(-23 for losing)
|l|☆untitledkamii
|player|p2|
