|j|☆lLukas Frehwright
|j|☆i f ing love pkmn
|t:|1760772118
|gametype|singles
|player|p1|lLukas Frehwright|unknown|1139
|player|p2|i f ing love pkmn|red|1131
|gen|9
|tier|[Gen 9] OU
|rated|
|rule|HP Percentage Mod: HP is shown in percentages
|rule|Endless Battle Clause: Forcing endless battles is banned
|rule|Species Clause: Limit one of each Pokémon
|rule|OHKO Clause: OHKO moves are banned
|rule|Evasion Items Clause: Evasion items are banned
|rule|Evasion Moves Clause: Evasion moves are banned
|rule|Evasion Abilities Clause: Evasion abilities are banned
|rule|Sleep Moves Clause: Sleep-inducing moves are banned
|clearpoke
|poke|p1|Serperior, F|
|poke|p1|Weavile, F|
|poke|p1|Alomomola, F|
|poke|p1|Iron Treads|
|poke|p1|Dragapult, M|
|poke|p1|Moltres|
|poke|p2|Conkeldurr, M|
|poke|p2|Samurott-Hisui, F|
|poke|p2|Porygon2|
|poke|p2|Lokix, F|
|poke|p2|Raikou|
|poke|p2|Scizor, M|
|teampreview
|inactive|Battle timer is ON: inactive players will automatically lose when time's up. (requested by lLukas Frehwright)
|
|t:|1760772140
|teamsize|p1|6
|teamsize|p2|6
|start
|switch|p1a: Weavile|Weavile, F|100/100
|switch|p2a: Sei2ure|Porygon2, shiny|100/100
|-ability|p1a: Weavile|Pressure
|-ability|p2a: Sei2ure|Download|boost
|-boost|p2a: Sei2ure|atk|1
|turn|1
|
|t:|1760772150
|-terastallize|p1a: Weavile|Ice
|move|p1a: Weavile|Triple Axel|p2a: Sei2ure
|-damage|p2a: Sei2ure|86/100
|-damage|p2a: Sei2ure|59/100
|-damage|p2a: Sei2ure|17/100
|-hitcount|p2a: Sei2ure|3
|move|p2a: Sei2ure|Trick Room|p2a: Sei2ure
|-fieldstart|move: Trick Room|[of] p2a: Sei2ure
|
|upkeep
|turn|2
|
|t:|1760772161
|switch|p1a: Alomomola|Alomomola, F|100/100
|move|p2a: Sei2ure|Tri Attack|p1a: Alomomola
|-damage|p1a: Alomomola|76/100
|
|-heal|p1a: Alomomola|82/100|[from] item: Leftovers
|upkeep
|turn|3
|
|t:|1760772165
|move|p2a: Sei2ure|Charge Beam|p1a: Alomomola
|-supereffective|p1a: Alomomola
|-damage|p1a: Alomomola|63/100
|-boost|p2a: Sei2ure|spa|1
|move|p1a: Alomomola|Flip Turn|p2a: Sei2ure
|-damage|p2a: Sei2ure|7/100
|
|t:|1760772170
|switch|p1a: Weavile|Weavile, F, tera:Ice|100/100|[from] Flip Turn
|-ability|p1a: Weavile|Pressure
|
|upkeep
|turn|4
|
|t:|1760772175
|move|p1a: Weavile|Ice Shard|p2a: Sei2ure
|-damage|p2a: Sei2ure|0 fnt
|faint|p2a: Sei2ure
|
|upkeep
|
|t:|1760772178
|switch|p2a: Moe|Conkeldurr, M, shiny|100/100
|turn|5
|
|t:|1760772188
|switch|p1a: Dragapult|Dragapult, M|100/100
|move|p2a: Moe|Bulk Up|p2a: Moe
|-boost|p2a: Moe|atk|1
|-boost|p2a: Moe|def|1
|
|-fieldend|move: Trick Room
|upkeep
|turn|6
|
|t:|1760772201
|move|p1a: Dragapult|Will-O-Wisp|p2a: Moe
|-status|p2a: Moe|brn
|move|p2a: Moe|Drain Punch|p1a: Dragapult
|-immune|p1a: Dragapult
|
|-damage|p2a: Moe|95/100 brn|[from] brn
|upkeep
|turn|7
|
|t:|1760772205
|move|p1a: Dragapult|U-turn|p2a: Moe
|-resisted|p2a: Moe
|-damage|p2a: Moe|89/100 brn
|
|t:|1760772208
|switch|p1a: Moltres|Moltres|100/100|[from] U-turn
|move|p2a: Moe|Stomping Tantrum|p1a: Moltres
|-immune|p1a: Moltres
|
|-damage|p2a: Moe|83/100 brn|[from] brn
|upkeep
|turn|8
|c|☆lLukas Frehwright|xd that was funny
|
|t:|1760772220
|switch|p2a: Wotter|Samurott-Hisui, F, shiny|100/100
|move|p1a: Moltres|Hurricane|p2a: Wotter
|-damage|p2a: Wotter|29/100
|
|upkeep
|turn|9
|c|☆i f ing love pkmn|Yeah that was kinda expected
|c|☆lLukas Frehwright|sowwy
|c|☆i f ing love pkmn|‘Drain Punch the Ghost’
|inactive|i f ing love pkmn has 120 seconds left.
|c|☆lLukas Frehwright|!weak ghost
|c| lLukas Frehwright|/raw <div class="infobox">Ghost:<br /><span class="message-effect-weak">Weaknesses</span>: Dark, Ghost<br /><span class="message-effect-resist">Resistances</span>: Bug, Poison<br /><span class="message-effect-immune">Immunities</span>: Fighting, Normal, Trapping</div>
|c|☆i f ing love pkmn|honestly no reason
|
|t:|1760772263
|switch|p1a: Alomomola|Alomomola, F|96/100
|move|p2a: Wotter|Flip Turn|p1a: Alomomola
|-resisted|p1a: Alomomola
|-damage|p1a: Alomomola|88/100
|c|☆lLukas Frehwright|thats the cmd
|
|t:|1760772267
|switch|p2a: Tasertooth|Raikou, shiny|100/100|[from] Flip Turn
|
|-heal|p1a: Alomomola|94/100|[from] item: Leftovers
|upkeep
|turn|10
|
|t:|1760772271
|move|p1a: Alomomola|Protect|p1a: Alomomola
|-singleturn|p1a: Alomomola|Protect
|move|p2a: Tasertooth|Calm Mind|p2a: Tasertooth
|-boost|p2a: Tasertooth|spa|1
|-boost|p2a: Tasertooth|spd|1
|
|-heal|p1a: Alomomola|99/100|[from] item: Leftovers
|upkeep
|turn|11
|
|t:|1760772281
|switch|p1a: Iron Treads|Iron Treads|100/100
|move|p2a: Tasertooth|Calm Mind|p2a: Tasertooth
|-boost|p2a: Tasertooth|spa|1
|-boost|p2a: Tasertooth|spd|1
|
|upkeep
|turn|12
|
|t:|1760772288
|move|p1a: Iron Treads|Earthquake|p2a: Tasertooth
|-supereffective|p2a: Tasertooth
|-damage|p2a: Tasertooth|16/100
|move|p2a: Tasertooth|Scald|p1a: Iron Treads
|-supereffective|p1a: Iron Treads
|-damage|p1a: Iron Treads|0 fnt
|faint|p1a: Iron Treads
|-end|p1a: Iron Treads|Quark Drive|[silent]
|
|-heal|p2a: Tasertooth|22/100|[from] item: Leftovers
|upkeep
|c|☆lLukas Frehwright|thats slow
|
|t:|1760772298
|switch|p1a: Serperior|Serperior, F|100/100
|turn|13
|c|☆i f ing love pkmn|No
|c|☆lLukas Frehwright|?
|c|☆i f ing love pkmn|Iron Threads is fast
|c|☆lLukas Frehwright|nah its only 301
|c|☆i f ing love pkmn|look at its speed
|c|☆lLukas Frehwright|mine
|
|t:|1760772327
|move|p1a: Serperior|Leaf Storm|p2a: Tasertooth|[miss]
|-miss|p1a: Serperior|p2a: Tasertooth
|move|p2a: Tasertooth|Thunderbolt|p1a: Serperior
|-resisted|p1a: Serperior
|-damage|p1a: Serperior|55/100
|
|-heal|p1a: Serperior|61/100|[from] item: Leftovers
|-heal|p2a: Tasertooth|29/100|[from] item: Leftovers
|upkeep
|turn|14
|c|☆i f ing love pkmn|Clutch
|
|t:|1760772336
|move|p1a: Serperior|Leaf Storm|p2a: Tasertooth
|-damage|p2a: Tasertooth|12/100
|-boost|p1a: Serperior|spa|2
|move|p2a: Tasertooth|Thunderbolt|p1a: Serperior
|-resisted|p1a: Serperior
|-damage|p1a: Serperior|17/100
|-status|p1a: Serperior|par
|
|-heal|p2a: Tasertooth|18/100|[from] item: Leftovers
|-heal|p1a: Serperior|23/100 par|[from] item: Leftovers
|upkeep
|turn|15
|c|☆lLukas Frehwright|oh spd
|c|☆lLukas Frehwright|...
|c|☆lLukas Frehwright|para
|c|☆i f ing love pkmn|That was off-script
|
|t:|1760772352
|move|p2a: Tasertooth|Thunderbolt|p1a: Serperior
|-resisted|p1a: Serperior
|-damage|p1a: Serperior|0 fnt
|faint|p1a: Serperior
|
|-heal|p2a: Tasertooth|24/100|[from] item: Leftovers
|upkeep
|
|t:|1760772357
|switch|p1a: Dragapult|Dragapult, M|100/100
|turn|16
|c|☆i f ing love pkmn|I meant to do as much damage
|c|☆lLukas Frehwright|!dt raikou
|c| lLukas Frehwright|/raw <div class="message"><ul class="utilichart"><li class="result"><span class="col numcol">NU</span> <span class="col iconcol"><psicon pokemon="raikou"/></span> <span class="col pokemonnamecol" style="white-space:nowrap"><a href="https://dex.pokemonshowdown.com/pokemon/raikou" target="_blank">Raikou</a></span> <span class="col typecol"><img src="https://play.pokemonshowdown.com/sprites/types/Electric.png" alt="Electric" height="14" width="32"></span> <span style="float:left;min-height:26px"><span class="col abilitycol">Pressure</span><span class="col abilitycol"><em>Inner Focus</em></span></span><span style="float:left;min-height:26px"><span class="col statcol"><em>HP</em><br />90</span> <span class="col statcol"><em>Atk</em><br />85</span> <span class="col statcol"><em>Def</em><br />75</span> <span class="col statcol"><em>SpA</em><br />115</span> <span class="col statcol"><em>SpD</em><br />100</span> <span class="col statcol"><em>Spe</em><br />115</span> <span class="col bstcol"><em>BST<br />580</em></span> </span></li><li style="clear:both"></li></ul></div>
|c| lLukas Frehwright|/raw <font size="1"><font color="#686868">Dex#:</font> 243&nbsp;|&ThickSpace;<font color="#686868">Gen:</font> 2&nbsp;|&ThickSpace;<font color="#686868">Height:</font> 1.9 m&nbsp;|&ThickSpace;<font color="#686868">Weight:</font> 178 kg <em>(100 BP)</em>&nbsp;|&ThickSpace;<font color="#686868">Dex Colour:</font> Yellow&nbsp;|&ThickSpace;<font color="#686868">Egg Group(s):</font> Undiscovered&nbsp;|&ThickSpace;<font color="#686868">Does Not Evolve</font></font>

|c|☆i f ing love pkmn|Hax is good tho
|
|t:|1760772372
|move|p1a: Dragapult|Dragon Darts|p2a: Tasertooth
|-crit|p2a: Tasertooth
|-damage|p2a: Tasertooth|0 fnt
|faint|p2a: Tasertooth
|
|upkeep
|
|t:|1760772377
|switch|p2a: Jiminy|Lokix, F, shiny|100/100
|turn|17
|c|☆lLukas Frehwright|first impression i c
|
|t:|1760772390
|switch|p1a: Moltres|Moltres|100/100
|move|p2a: Jiminy|Knock Off|p1a: Moltres
|-damage|p1a: Moltres|71/100
|-enditem|p1a: Moltres|Heavy-Duty Boots|[from] move: Knock Off|[of] p2a: Jiminy
|
|upkeep
|turn|18
|c|☆lLukas Frehwright|nvm im dumb
|c|☆lLukas Frehwright|wait didnt u throw sm rocks?
|c|☆i f ing love pkmn|I prefer the Therapist Route
|c|☆i f ing love pkmn|also I have no Hazards
|inactive|i f ing love pkmn has 120 seconds left.
|c|☆lLukas Frehwright|oh
|
|t:|1760772422
|move|p2a: Jiminy|Knock Off|p1a: Moltres
|-damage|p1a: Moltres|51/100
|-status|p2a: Jiminy|brn|[from] ability: Flame Body|[of] p1a: Moltres
|move|p1a: Moltres|Will-O-Wisp|p2a: Jiminy
|-fail|p2a: Jiminy|brn
|
|-damage|p2a: Jiminy|94/100 brn|[from] brn
|upkeep
|turn|19
|c|☆lLukas Frehwright|mustve been the last ba-
|inactive|i f ing love pkmn has 120 seconds left.
|c|☆lLukas Frehwright|alright- that wasnt expected
|
|t:|1760772442
|move|p2a: Jiminy|Sucker Punch||[still]
|-fail|p2a: Jiminy
|move|p1a: Moltres|Roost|p1a: Moltres
|-heal|p1a: Moltres|100/100
|-singleturn|p1a: Moltres|move: Roost
|
|-damage|p2a: Jiminy|88/100 brn|[from] brn
|upkeep
|turn|20
|
|t:|1760772447
|move|p2a: Jiminy|Sucker Punch|p1a: Moltres
|-damage|p1a: Moltres|90/100
|move|p1a: Moltres|Flamethrower|p2a: Jiminy
|-supereffective|p2a: Jiminy
|-damage|p2a: Jiminy|0 fnt
|faint|p2a: Jiminy
|
|upkeep
|
|t:|1760772449
|switch|p2a: Wotter|Samurott-Hisui, F, shiny|29/100
|turn|21
|
|t:|1760772454
|switch|p1a: Alomomola|Alomomola, F|100/100
|move|p2a: Wotter|Flip Turn|p1a: Alomomola
|-resisted|p1a: Alomomola
|-damage|p1a: Alomomola|91/100
|
|t:|1760772457
|switch|p2a: MeatyClaws|Scizor, M, shiny|100/100|[from] Flip Turn
|
|-heal|p1a: Alomomola|97/100|[from] item: Leftovers
|upkeep
|turn|22
|c|☆lLukas Frehwright|damn
|c|☆lLukas Frehwright|2x flips
|c|☆lLukas Frehwright|i sense sd
|
|t:|1760772471
|move|p2a: MeatyClaws|Swords Dance|p2a: MeatyClaws
|-boost|p2a: MeatyClaws|atk|2
|move|p1a: Alomomola|Flip Turn|p2a: MeatyClaws
|-damage|p2a: MeatyClaws|85/100
|c|☆lLukas Frehwright|yep
|
|t:|1760772480
|switch|p1a: Moltres|Moltres|90/100|[from] Flip Turn
|
|upkeep
|turn|23
|c|☆i f ing love pkmn|Guns away
|
|t:|1760772490
|-terastallize|p2a: MeatyClaws|Fire
|move|p1a: Moltres|Flamethrower|p2a: MeatyClaws
|-resisted|p2a: MeatyClaws
|-damage|p2a: MeatyClaws|63/100
|move|p2a: MeatyClaws|Swords Dance|p2a: MeatyClaws
|-boost|p2a: MeatyClaws|atk|2
|
|upkeep
|turn|24
|c|☆lLukas Frehwright|i hope its a slow one... nvm tera
|
|t:|1760772500
|move|p2a: MeatyClaws|Bullet Punch|p1a: Moltres
|-resisted|p1a: Moltres
|-damage|p1a: Moltres|56/100
|move|p1a: Moltres|Hurricane|p2a: MeatyClaws
|-crit|p2a: MeatyClaws
|-damage|p2a: MeatyClaws|0 fnt
|faint|p2a: MeatyClaws
|
|upkeep
|
|t:|1760772503
|switch|p2a: Moe|Conkeldurr, M, shiny|83/100 brn
|turn|25
|c|☆lLukas Frehwright|crit?
|c|☆lLukas Frehwright|w crit
|
|t:|1760772508
|move|p1a: Moltres|Hurricane|p2a: Moe
|-supereffective|p2a: Moe
|-crit|p2a: Moe
|-damage|p2a: Moe|0 fnt
|faint|p2a: Moe
|
|upkeep
|
|t:|1760772511
|switch|p2a: Wotter|Samurott-Hisui, F, shiny|29/100
|turn|26
|c|☆lLukas Frehwright|ggs
|c|☆i f ing love pkmn|Gg
|c|☆lLukas Frehwright|wait i js noticed ur name lol
|
|t:|1760772528
|move|p2a: Wotter|Aqua Cutter|p1a: Moltres
|-supereffective|p1a: Moltres
|-damage|p1a: Moltres|0 fnt
|faint|p1a: Moltres
|
|upkeep
|c|☆i f ing love pkmn|Ok Choice Scarf clutch
|
|t:|1760772543
|switch|p1a: Weavile|Weavile, F, tera:Ice|100/100
|-ability|p1a: Weavile|Pressure
|turn|27
|c|☆lLukas Frehwright|i f ing love pkmn? damn
|c|☆lLukas Frehwright|wait that scarf-
|c|☆lLukas Frehwright|ty for the info
|
|t:|1760772559
|move|p1a: Weavile|Ice Shard|p2a: Wotter
|-resisted|p2a: Wotter
|-damage|p2a: Wotter|0 fnt
|faint|p2a: Wotter
|
|win|lLukas Frehwright
|raw|lLukas Frehwright's rating: 1139 &rarr; <strong>1163</strong><br />(+24 for winning)
|raw|i f ing love pkmn's rating: 1131 &rarr; <strong>1107</strong><br />(-24 for losing)
|c|☆lLukas Frehwright|ggs
|c|☆i f ing love pkmn|Gg
|l|☆i f ing love pkmn
|player|p2|
|c|☆lLukas Frehwright|anyway
|l|☆lLukas Frehwright
|player|p1|
