|j|☆ashy_tony
|j|☆Dr. Elite
|t:|1760800427
|gametype|singles
|player|p1|ashy_tony|biker-gen4|1447
|player|p2|Dr. Elite|#drelite|1480
|gen|9
|tier|[Gen 9] OU
|rated|
|rule|HP Percentage Mod: HP is shown in percentages
|rule|Endless Battle Clause: Forcing endless battles is banned
|rule|Species Clause: Limit one of each Pokémon
|rule|OHKO Clause: OHKO moves are banned
|rule|Evasion Items Clause: Evasion items are banned
|rule|Evasion Moves Clause: Evasion moves are banned
|rule|Evasion Abilities Clause: Evasion abilities are banned
|rule|Sleep Moves Clause: Sleep-inducing moves are banned
|clearpoke
|poke|p1|Chesnaught, M|
|poke|p1|Clodsire, F|
|poke|p1|Garganacl, M|
|poke|p1|Mandibuzz, F|
|poke|p1|Iron Crown|
|poke|p1|Ogerpon-Wellspring, F|
|poke|p2|Espeon, F|
|poke|p2|Farigiraf, F|
|poke|p2|Slowbro-Galar, M|
|poke|p2|Meowstic, M|
|poke|p2|Malamar, M|
|poke|p2|Oricorio-Pa'u, F|
|teampreview
|
|t:|1760800438
|teamsize|p1|6
|teamsize|p2|6
|start
|switch|p1a: Ogerpon|Ogerpon-Wellspring, F|100/100
|switch|p2a: Faithfulness|Oricorio-Pa'u, F|100/100
|turn|1
|
|t:|1760800446
|switch|p1a: Iron Crown|Iron Crown|100/100
|move|p2a: Faithfulness|Quiver Dance|p2a: Faithfulness
|-boost|p2a: Faithfulness|spa|1
|-boost|p2a: Faithfulness|spd|1
|-boost|p2a: Faithfulness|spe|1
|
|upkeep
|turn|2
|
|t:|1760800453
|move|p2a: Faithfulness|Quiver Dance|p2a: Faithfulness
|-boost|p2a: Faithfulness|spa|1
|-boost|p2a: Faithfulness|spd|1
|-boost|p2a: Faithfulness|spe|1
|move|p1a: Iron Crown|Tachyon Cutter|p2a: Faithfulness
|-damage|p2a: Faithfulness|84/100
|-damage|p2a: Faithfulness|67/100
|-hitcount|p2a: Faithfulness|2
|
|upkeep
|turn|3
|
|t:|1760800464
|move|p2a: Faithfulness|Quiver Dance|p2a: Faithfulness
|-boost|p2a: Faithfulness|spa|1
|-boost|p2a: Faithfulness|spd|1
|-boost|p2a: Faithfulness|spe|1
|move|p1a: Iron Crown|Volt Switch|p2a: Faithfulness
|-supereffective|p2a: Faithfulness
|-damage|p2a: Faithfulness|43/100
|
|t:|1760800470
|-end|p1a: Iron Crown|Quark Drive|[silent]
|switch|p1a: Mandibuzz|Mandibuzz, F|100/100|[from] Volt Switch
|
|upkeep
|turn|4
|
|t:|1760800474
|move|p2a: Faithfulness|Taunt|p1a: Mandibuzz
|-start|p1a: Mandibuzz|move: Taunt
|move|p1a: Mandibuzz|Brave Bird|p2a: Faithfulness
|-damage|p2a: Faithfulness|18/100
|-damage|p1a: Mandibuzz|94/100|[from] Recoil
|
|upkeep
|turn|5
|
|t:|1760800484
|move|p2a: Faithfulness|Roost|p2a: Faithfulness
|-heal|p2a: Faithfulness|68/100
|-singleturn|p2a: Faithfulness|move: Roost
|move|p1a: Mandibuzz|Brave Bird|p2a: Faithfulness
|-damage|p2a: Faithfulness|41/100
|-damage|p1a: Mandibuzz|86/100|[from] Recoil
|
|upkeep
|turn|6
|
|t:|1760800494
|move|p2a: Faithfulness|Roost|p2a: Faithfulness
|-heal|p2a: Faithfulness|91/100
|-singleturn|p2a: Faithfulness|move: Roost
|move|p1a: Mandibuzz|Foul Play|p2a: Faithfulness
|-supereffective|p2a: Faithfulness
|-damage|p2a: Faithfulness|62/100
|
|-end|p1a: Mandibuzz|move: Taunt
|upkeep
|turn|7
|
|t:|1760800503
|move|p2a: Faithfulness|Air Slash|p1a: Mandibuzz
|-damage|p1a: Mandibuzz|38/100
|move|p1a: Mandibuzz|U-turn|p2a: Faithfulness
|-damage|p2a: Faithfulness|51/100
|
|t:|1760800507
|switch|p1a: Garganacl|Garganacl, M|100/100|[from] U-turn
|
|upkeep
|turn|8
|
|t:|1760800512
|move|p2a: Faithfulness|Roost|p2a: Faithfulness
|-heal|p2a: Faithfulness|100/100
|-singleturn|p2a: Faithfulness|move: Roost
|move|p1a: Garganacl|Salt Cure|p2a: Faithfulness
|-damage|p2a: Faithfulness|88/100
|
|upkeep
|turn|9
|
|t:|1760800520
|move|p2a: Faithfulness|Quiver Dance|p2a: Faithfulness
|-boost|p2a: Faithfulness|spa|1
|-boost|p2a: Faithfulness|spd|1
|-boost|p2a: Faithfulness|spe|1
|move|p1a: Garganacl|Curse|p1a: Garganacl
|-unboost|p1a: Garganacl|spe|1
|-boost|p1a: Garganacl|atk|1
|-boost|p1a: Garganacl|def|1
|
|upkeep
|turn|10
|
|t:|1760800528
|move|p2a: Faithfulness|Air Slash|p1a: Garganacl
|-resisted|p1a: Garganacl
|-damage|p1a: Garganacl|73/100
|cant|p1a: Garganacl|flinch
|
|-heal|p1a: Garganacl|79/100|[from] item: Leftovers
|upkeep
|turn|11
|
|t:|1760800533
|move|p2a: Faithfulness|Taunt|p1a: Garganacl
|-start|p1a: Garganacl|move: Taunt
|move|p1a: Garganacl|Salt Cure|p2a: Faithfulness
|-supereffective|p2a: Faithfulness
|-damage|p2a: Faithfulness|53/100
|
|-heal|p1a: Garganacl|85/100|[from] item: Leftovers
|upkeep
|turn|12
|
|t:|1760800551
|move|p2a: Faithfulness|Quiver Dance|p2a: Faithfulness
|-boost|p2a: Faithfulness|spa|1
|-boost|p2a: Faithfulness|spd|1
|-boost|p2a: Faithfulness|spe|1
|move|p1a: Garganacl|Salt Cure|p2a: Faithfulness
|-supereffective|p2a: Faithfulness
|-damage|p2a: Faithfulness|14/100
|
|-heal|p1a: Garganacl|92/100|[from] item: Leftovers
|upkeep
|turn|13
|
|t:|1760800560
|move|p2a: Faithfulness|Roost|p2a: Faithfulness
|-heal|p2a: Faithfulness|64/100
|-singleturn|p2a: Faithfulness|move: Roost
|move|p1a: Garganacl|Salt Cure|p2a: Faithfulness
|-damage|p2a: Faithfulness|45/100
|
|-heal|p1a: Garganacl|98/100|[from] item: Leftovers
|-end|p1a: Garganacl|move: Taunt
|upkeep
|turn|14
|
|t:|1760800568
|move|p2a: Faithfulness|Roost|p2a: Faithfulness
|-heal|p2a: Faithfulness|95/100
|-singleturn|p2a: Faithfulness|move: Roost
|move|p1a: Garganacl|Salt Cure|p2a: Faithfulness
|-damage|p2a: Faithfulness|77/100
|
|-heal|p1a: Garganacl|100/100|[from] item: Leftovers
|upkeep
|turn|15
|
|t:|1760800576
|move|p2a: Faithfulness|Air Slash|p1a: Garganacl
|-resisted|p1a: Garganacl
|-damage|p1a: Garganacl|72/100
|cant|p1a: Garganacl|flinch
|
|-heal|p1a: Garganacl|78/100|[from] item: Leftovers
|upkeep
|turn|16
|
|t:|1760800583
|move|p2a: Faithfulness|Air Slash|p1a: Garganacl
|-resisted|p1a: Garganacl
|-damage|p1a: Garganacl|50/100
|cant|p1a: Garganacl|flinch
|
|-heal|p1a: Garganacl|56/100|[from] item: Leftovers
|upkeep
|turn|17
|
|t:|1760800588
|move|p2a: Faithfulness|Air Slash|p1a: Garganacl
|-resisted|p1a: Garganacl
|-damage|p1a: Garganacl|24/100
|move|p1a: Garganacl|Salt Cure|p2a: Faithfulness
|-supereffective|p2a: Faithfulness
|-damage|p2a: Faithfulness|43/100
|
|-heal|p1a: Garganacl|30/100|[from] item: Leftovers
|upkeep
|turn|18
|
|t:|1760800596
|move|p2a: Faithfulness|Air Slash|p1a: Garganacl
|-resisted|p1a: Garganacl
|-damage|p1a: Garganacl|0 fnt
|faint|p1a: Garganacl
|
|upkeep
|-message|ashy_tony forfeited.
|
|win|Dr. Elite
|raw|ashy_tony's rating: 1447 &rarr; <strong>1429</strong><br />(-18 for losing)
|raw|Dr. Elite's rating: 1480 &rarr; <strong>1498</strong><br />(+18 for winning)
|l|☆ashy_tony
|player|p1|
|l|☆Dr. Elite
|player|p2|
