|j|☆mightynoctowl
|j|☆Lunartaiga
|t:|1760849455
|gametype|singles
|player|p1|mightynoctowl|169|1249
|player|p2|Lunartaiga|volkner|1232
|gen|9
|tier|[Gen 9] OU
|rated|
|rule|HP Percentage Mod: HP is shown in percentages
|rule|Endless Battle Clause: Forcing endless battles is banned
|rule|Species Clause: Limit one of each Pokémon
|rule|OHKO Clause: OHKO moves are banned
|rule|Evasion Items Clause: Evasion items are banned
|rule|Evasion Moves Clause: Evasion moves are banned
|rule|Evasion Abilities Clause: Evasion abilities are banned
|rule|Sleep Moves Clause: Sleep-inducing moves are banned
|clearpoke
|poke|p1|Moltres|
|poke|p1|Chansey, F|
|poke|p1|Clefable, F|
|poke|p1|Hitmonlee, M|
|poke|p1|Sandslash, F|
|poke|p1|Vileplume, M|
|poke|p2|Blaziken, M|
|poke|p2|Hatterene, F|
|poke|p2|Kommo-o, M|
|poke|p2|Meowscarada, M|
|poke|p2|Cinderace, M|
|poke|p2|Froslass, F|
|teampreview
|inactive|Battle timer is ON: inactive players will automatically lose when time's up. (requested by Lunartaiga)
|inactive|mightynoctowl also wants the timer to be on.
|
|t:|1760849474
|teamsize|p1|6
|teamsize|p2|6
|start
|switch|p1a: Moltres|Moltres|100/100
|switch|p2a: Cinderace|Cinderace, M|100/100
|turn|1
|
|t:|1760849482
|move|p2a: Cinderace|Pyro Ball|p1a: Moltres
|-resisted|p1a: Moltres
|-damage|p1a: Moltres|80/100
|move|p1a: Moltres|U-turn|p2a: Cinderace
|-resisted|p2a: Cinderace
|-damage|p2a: Cinderace|90/100
|
|t:|1760849493
|switch|p1a: Sandslash|Sandslash, F|100/100|[from] U-turn
|
|upkeep
|turn|2
|
|t:|1760849502
|move|p2a: Cinderace|High Jump Kick|p1a: Sandslash
|-start|p2a: Cinderace|typechange|Fighting|[from] ability: Libero
|-damage|p1a: Sandslash|59/100
|move|p1a: Sandslash|Earthquake|p2a: Cinderace
|-damage|p2a: Cinderace|38/100
|
|-heal|p1a: Sandslash|65/100|[from] item: Leftovers
|upkeep
|turn|3
|
|t:|1760849513
|switch|p2a: Meowscarada|Meowscarada, M|100/100
|switch|p1a: Moltres|Moltres|80/100
|
|upkeep
|turn|4
|
|t:|1760849521
|move|p2a: Meowscarada|U-turn|p1a: Moltres
|-start|p2a: Meowscarada|typechange|Bug|[from] ability: Protean
|-resisted|p1a: Moltres
|-crit|p1a: Moltres
|-damage|p1a: Moltres|71/100
|-status|p2a: Meowscarada|brn|[from] ability: Flame Body|[of] p1a: Moltres
|
|t:|1760849530
|switch|p2a: Kommo-o|Kommo-o, M|100/100|[from] U-turn
|move|p1a: Moltres|U-turn|p2a: Kommo-o
|-resisted|p2a: Kommo-o
|-damage|p2a: Kommo-o|94/100
|
|t:|1760849541
|switch|p1a: Vileplume|Vileplume, M|100/100|[from] U-turn
|
|upkeep
|turn|5
|
|t:|1760849552
|move|p2a: Kommo-o|Clangorous Soul|p2a: Kommo-o
|-boost|p2a: Kommo-o|atk|1
|-boost|p2a: Kommo-o|def|1
|-boost|p2a: Kommo-o|spa|1
|-boost|p2a: Kommo-o|spd|1
|-boost|p2a: Kommo-o|spe|1
|-damage|p2a: Kommo-o|61/100
|move|p1a: Vileplume|Leech Seed|p2a: Kommo-o
|-start|p2a: Kommo-o|move: Leech Seed
|
|-damage|p2a: Kommo-o|48/100|[from] Leech Seed|[of] p1a: Vileplume
|upkeep
|turn|6
|
|t:|1760849562
|switch|p1a: Clefable|Clefable, F|100/100
|move|p2a: Kommo-o|Flamethrower|p1a: Clefable
|-damage|p1a: Clefable|75/100
|
|-heal|p1a: Clefable|81/100|[from] item: Leftovers
|-damage|p2a: Kommo-o|36/100|[from] Leech Seed|[of] p1a: Clefable
|-heal|p1a: Clefable|91/100|[silent]
|upkeep
|turn|7
|
|t:|1760849576
|switch|p2a: Hatterene|Hatterene, F|100/100
|move|p1a: Clefable|Moonblast|p2a: Hatterene
|-damage|p2a: Hatterene|68/100
|
|-heal|p1a: Clefable|97/100|[from] item: Leftovers
|-heal|p2a: Hatterene|74/100|[from] item: Leftovers
|upkeep
|turn|8
|
|t:|1760849591
|move|p1a: Clefable|Calm Mind|p1a: Clefable
|-boost|p1a: Clefable|spa|1
|-boost|p1a: Clefable|spd|1
|move|p2a: Hatterene|Calm Mind|p2a: Hatterene
|-boost|p2a: Hatterene|spa|1
|-boost|p2a: Hatterene|spd|1
|
|-heal|p1a: Clefable|100/100|[from] item: Leftovers
|-heal|p2a: Hatterene|80/100|[from] item: Leftovers
|upkeep
|turn|9
|
|t:|1760849596
|move|p1a: Clefable|Moonblast|p2a: Hatterene
|-damage|p2a: Hatterene|26/100
|move|p2a: Hatterene|Calm Mind|p2a: Hatterene
|-boost|p2a: Hatterene|spa|1
|-boost|p2a: Hatterene|spd|1
|
|-heal|p2a: Hatterene|32/100|[from] item: Leftovers
|upkeep
|turn|10
|
|t:|1760849603
|move|p1a: Clefable|Moonblast|p2a: Hatterene
|-damage|p2a: Hatterene|0 fnt
|faint|p2a: Hatterene
|
|upkeep
|
|t:|1760849606
|switch|p2a: Blaziken|Blaziken, M|100/100
|turn|11
|
|t:|1760849609
|move|p2a: Blaziken|Swords Dance|p2a: Blaziken
|-boost|p2a: Blaziken|atk|2
|move|p1a: Clefable|Moonblast|p2a: Blaziken
|-damage|p2a: Blaziken|28/100
|
|-ability|p2a: Blaziken|Speed Boost|boost
|-boost|p2a: Blaziken|spe|1
|upkeep
|turn|12
|
|t:|1760849615
|move|p2a: Blaziken|Flare Blitz|p1a: Clefable
|-damage|p1a: Clefable|52/100
|-damage|p2a: Blaziken|6/100|[from] Recoil
|move|p1a: Clefable|Moonblast|p2a: Blaziken
|-damage|p2a: Blaziken|0 fnt
|faint|p2a: Blaziken
|
|-heal|p1a: Clefable|58/100|[from] item: Leftovers
|upkeep
|
|t:|1760849622
|switch|p2a: Cinderace|Cinderace, M|38/100
|turn|13
|
|t:|1760849625
|switch|p1a: Moltres|Moltres|71/100
|move|p2a: Cinderace|Pyro Ball|p1a: Moltres
|-resisted|p1a: Moltres
|-damage|p1a: Moltres|52/100
|
|upkeep
|turn|14
|
|t:|1760849630
|-terastallize|p2a: Cinderace|Fire
|move|p2a: Cinderace|Pyro Ball|p1a: Moltres|[miss]
|-miss|p2a: Cinderace|p1a: Moltres
|move|p1a: Moltres|Roost|p1a: Moltres
|-heal|p1a: Moltres|100/100
|-singleturn|p1a: Moltres|move: Roost
|
|upkeep
|turn|15
|-message|Lunartaiga forfeited.
|
|win|mightynoctowl
|raw|mightynoctowl's rating: 1249 &rarr; <strong>1273</strong><br />(+24 for winning)
|raw|Lunartaiga's rating: 1232 &rarr; <strong>1208</strong><br />(-24 for losing)
|l|☆Lunartaiga
|player|p2|
|l|☆mightynoctowl
|player|p1|
