|j|☆21affan
|j|☆stariaki
|t:|1760791891
|gametype|singles
|player|p1|21affan|101|1621
|player|p2|stariaki|170|1680
|gen|9
|tier|[Gen 9] OU
|rated|
|rule|HP Percentage Mod: HP is shown in percentages
|rule|Endless Battle Clause: Forcing endless battles is banned
|rule|Species Clause: Limit one of each Pokémon
|rule|OHKO Clause: OHKO moves are banned
|rule|Evasion Items Clause: Evasion items are banned
|rule|Evasion Moves Clause: Evasion moves are banned
|rule|Evasion Abilities Clause: Evasion abilities are banned
|rule|Sleep Moves Clause: Sleep-inducing moves are banned
|clearpoke
|poke|p1|Dragapult, M|
|poke|p1|Iron Valiant|
|poke|p1|Glimmora, M|
|poke|p1|Landorus-Therian, M|
|poke|p1|Kingambit, F|
|poke|p1|Ogerpon-Wellspring, F|
|poke|p2|Polteageist|
|poke|p2|Scizor, F|
|poke|p2|Dragonite, M|
|poke|p2|Great Tusk|
|poke|p2|Cinderace, M|
|poke|p2|Alomomola, M|
|teampreview
|
|t:|1760791899
|teamsize|p1|6
|teamsize|p2|6
|start
|switch|p1a: Glimmora|Glimmora, M|100/100
|switch|p2a: Scizor|Scizor, F|100/100
|turn|1
|inactive|Battle timer is ON: inactive players will automatically lose when time's up. (requested by stariaki)
|
|t:|1760791911
|move|p2a: Scizor|Bullet Punch|p1a: Glimmora
|-supereffective|p1a: Glimmora
|-damage|p1a: Glimmora|0 fnt
|-activate|p1a: Glimmora|ability: Toxic Debris
|-sidestart|p2: stariaki|move: Toxic Spikes
|faint|p1a: Glimmora
|
|upkeep
|
|t:|1760791925
|switch|p1a: Landorus|Landorus-Therian, M|100/100
|-ability|p1a: Landorus|Intimidate|boost
|-unboost|p2a: Scizor|atk|1
|turn|2
|
|t:|1760791932
|move|p2a: Scizor|Bullet Punch|p1a: Landorus
|-damage|p1a: Landorus|64/100
|-damage|p2a: Scizor|84/100|[from] item: Rocky Helmet|[of] p1a: Landorus
|move|p1a: Landorus|Stealth Rock|p2a: Scizor
|-sidestart|p2: stariaki|move: Stealth Rock
|
|upkeep
|turn|3
|
|t:|1760791941
|move|p2a: Scizor|Bullet Punch|p1a: Landorus
|-damage|p1a: Landorus|29/100
|-damage|p2a: Scizor|67/100|[from] item: Rocky Helmet|[of] p1a: Landorus
|move|p1a: Landorus|U-turn|p2a: Scizor
|-resisted|p2a: Scizor
|-damage|p2a: Scizor|56/100
|
|t:|1760791955
|switch|p1a: Ogerpon|Ogerpon-Wellspring, F|100/100|[from] U-turn
|
|upkeep
|turn|4
|
|t:|1760791964
|switch|p2a: Dragonite|Dragonite, M|100/100
|-damage|p2a: Dragonite|76/100|[from] Stealth Rock
|move|p1a: Ogerpon|Ivy Cudgel|p2a: Dragonite|[anim] Ivy Cudgel Water
|-resisted|p2a: Dragonite
|-damage|p2a: Dragonite|50/100
|
|-heal|p2a: Dragonite|56/100|[from] item: Leftovers
|upkeep
|turn|5
|
|t:|1760791985
|move|p1a: Ogerpon|Taunt|p2a: Dragonite
|-start|p2a: Dragonite|move: Taunt
|cant|p2a: Dragonite|move: Taunt|Roost
|
|-heal|p2a: Dragonite|62/100|[from] item: Leftovers
|upkeep
|turn|6
|
|t:|1760791993
|move|p1a: Ogerpon|Play Rough|p2a: Dragonite
|-supereffective|p2a: Dragonite
|-damage|p2a: Dragonite|0 fnt
|faint|p2a: Dragonite
|
|upkeep
|
|t:|1760791996
|switch|p2a: Cinderace|Cinderace, M|100/100
|turn|7
|
|t:|1760792006
|move|p2a: Cinderace|Will-O-Wisp|p1a: Ogerpon
|-status|p1a: Ogerpon|brn
|move|p1a: Ogerpon|Ivy Cudgel|p2a: Cinderace|[anim] Ivy Cudgel Water
|-supereffective|p2a: Cinderace
|-crit|p2a: Cinderace
|-damage|p2a: Cinderace|0 fnt
|faint|p2a: Cinderace
|
|-damage|p1a: Ogerpon|95/100 brn|[from] brn
|upkeep
|
|t:|1760792012
|switch|p2a: Great Tusk|Great Tusk|100/100
|-status|p2a: Great Tusk|psn
|-damage|p2a: Great Tusk|97/100 psn|[from] Stealth Rock
|turn|8
|
|t:|1760792020
|move|p1a: Ogerpon|Ivy Cudgel|p2a: Great Tusk|[anim] Ivy Cudgel Water
|-supereffective|p2a: Great Tusk
|-damage|p2a: Great Tusk|62/100 psn
|move|p2a: Great Tusk|Rapid Spin|p1a: Ogerpon
|-damage|p1a: Ogerpon|67/100 brn
|-boost|p2a: Great Tusk|spe|1
|-sideend|p2: stariaki|Toxic Spikes|[from] move: Rapid Spin|[of] p2a: Great Tusk
|-sideend|p2: stariaki|Stealth Rock|[from] move: Rapid Spin|[of] p2a: Great Tusk
|
|-damage|p2a: Great Tusk|50/100 psn|[from] psn
|-damage|p1a: Ogerpon|61/100 brn|[from] brn
|upkeep
|turn|9
|
|t:|1760792032
|move|p1a: Ogerpon|Horn Leech|p2a: Great Tusk
|-supereffective|p2a: Great Tusk
|-damage|p2a: Great Tusk|19/100 psn
|-heal|p1a: Ogerpon|82/100 brn|[from] drain|[of] p2a: Great Tusk
|move|p2a: Great Tusk|Close Combat|p1a: Ogerpon
|-damage|p1a: Ogerpon|0 fnt
|-unboost|p2a: Great Tusk|def|1
|-unboost|p2a: Great Tusk|spd|1
|faint|p1a: Ogerpon
|
|-damage|p2a: Great Tusk|7/100 psn|[from] psn
|upkeep
|
|t:|1760792053
|switch|p1a: Dragapult|Dragapult, M|100/100
|turn|10
|
|t:|1760792066
|move|p1a: Dragapult|Shadow Ball|p2a: Great Tusk
|-damage|p2a: Great Tusk|0 fnt
|faint|p2a: Great Tusk
|-end|p2a: Great Tusk|Protosynthesis|[silent]
|
|upkeep
|
|t:|1760792085
|switch|p2a: Polteageist|Polteageist|100/100
|turn|11
|inactive|21affan has 120 seconds left.
|
|t:|1760792111
|switch|p1a: Kingambit|Kingambit, F|100/100
|-activate|p1a: Kingambit|ability: Supreme Overlord
|-start|p1a: Kingambit|fallen2|[silent]
|move|p2a: Polteageist|Shell Smash|p2a: Polteageist
|-unboost|p2a: Polteageist|def|1
|-unboost|p2a: Polteageist|spd|1
|-boost|p2a: Polteageist|atk|2
|-boost|p2a: Polteageist|spa|2
|-boost|p2a: Polteageist|spe|2
|
|upkeep
|turn|12
|inactive|21affan has 120 seconds left.
|
|t:|1760792121
|move|p2a: Polteageist|Stored Power|p1a: Kingambit
|-immune|p1a: Kingambit
|move|p1a: Kingambit|Kowtow Cleave|p2a: Polteageist
|-supereffective|p2a: Polteageist
|-enditem|p2a: Polteageist|Focus Sash
|-damage|p2a: Polteageist|1/100
|-ability|p2a: Polteageist|Weak Armor|boost
|-unboost|p2a: Polteageist|def|1
|-boost|p2a: Polteageist|spe|2
|
|upkeep
|turn|13
|inactive|21affan has 120 seconds left.
|
|t:|1760792131
|switch|p2a: Alomomola|Alomomola, M|100/100
|move|p1a: Kingambit|Sucker Punch||[still]
|-fail|p1a: Kingambit
|
|upkeep
|turn|14
|c|☆stariaki|Ah shit
|
|t:|1760792140
|-end|p1a: Kingambit|fallen2|[silent]
|switch|p1a: Dragapult|Dragapult, M|100/100
|move|p2a: Alomomola|Wish|p2a: Alomomola
|
|upkeep
|turn|15
|
|t:|1760792152
|-terastallize|p2a: Alomomola|Fairy
|move|p1a: Dragapult|Draco Meteor|p2a: Alomomola
|-immune|p2a: Alomomola
|move|p2a: Alomomola|Flip Turn|p1a: Dragapult
|-resisted|p1a: Dragapult
|-damage|p1a: Dragapult|90/100
|
|t:|1760792156
|switch|p2a: Scizor|Scizor, F|56/100|[from] Flip Turn
|
|-heal|p2a: Scizor|100/100|[from] move: Wish|[wisher] Alomomola
|upkeep
|turn|16
|
|t:|1760792170
|switch|p1a: Landorus|Landorus-Therian, M|29/100
|-ability|p1a: Landorus|Intimidate|boost
|-unboost|p2a: Scizor|atk|1
|move|p2a: Scizor|Close Combat|p1a: Landorus
|-resisted|p1a: Landorus
|-damage|p1a: Landorus|5/100
|-unboost|p2a: Scizor|def|1
|-unboost|p2a: Scizor|spd|1
|-damage|p2a: Scizor|84/100|[from] item: Rocky Helmet|[of] p1a: Landorus
|
|upkeep
|turn|17
|
|t:|1760792183
|move|p1a: Landorus|Stealth Rock|p2a: Scizor
|-sidestart|p2: stariaki|move: Stealth Rock
|move|p2a: Scizor|Close Combat|p1a: Landorus
|-resisted|p1a: Landorus
|-damage|p1a: Landorus|0 fnt
|-unboost|p2a: Scizor|def|1
|-unboost|p2a: Scizor|spd|1
|-damage|p2a: Scizor|67/100|[from] item: Rocky Helmet|[of] p1a: Landorus
|faint|p1a: Landorus
|
|upkeep
|
|t:|1760792195
|switch|p1a: Iron Valiant|Iron Valiant|100/100
|-enditem|p1a: Iron Valiant|Booster Energy
|-activate|p1a: Iron Valiant|ability: Quark Drive|[fromitem]
|-start|p1a: Iron Valiant|quarkdrivespe
|turn|18
|
|t:|1760792201
|switch|p2a: Polteageist|Polteageist|1/100
|-damage|p2a: Polteageist|0 fnt|[from] Stealth Rock
|faint|p2a: Polteageist
|move|p1a: Iron Valiant|Swords Dance|p1a: Iron Valiant
|-boost|p1a: Iron Valiant|atk|2
|
|upkeep
|
|t:|1760792203
|switch|p2a: Scizor|Scizor, F|67/100
|-damage|p2a: Scizor|55/100|[from] Stealth Rock
|turn|19
|
|t:|1760792215
|-terastallize|p1a: Iron Valiant|Steel
|move|p2a: Scizor|Bullet Punch|p1a: Iron Valiant
|-resisted|p1a: Iron Valiant
|-damage|p1a: Iron Valiant|68/100
|move|p1a: Iron Valiant|Knock Off|p2a: Scizor
|-damage|p2a: Scizor|0 fnt
|-enditem|p2a: Scizor|Choice Band|[from] move: Knock Off|[of] p1a: Iron Valiant
|faint|p2a: Scizor
|
|upkeep
|-message|stariaki forfeited.
|
|win|21affan
|raw|21affan's rating: 1621 &rarr; <strong>1644</strong><br />(+23 for winning)
|raw|stariaki's rating: 1680 &rarr; <strong>1657</strong><br />(-23 for losing)
|l|☆stariaki
|player|p2|
|l|☆21affan
|player|p1|
