|j|☆khushu12
|j|☆gfdsgsas
|t:|1760822178
|gametype|singles
|player|p1|khushu12|1|1099
|player|p2|gfdsgsas|2|1158
|gen|9
|tier|[Gen 9] OU
|rated|
|rule|HP Percentage Mod: HP is shown in percentages
|rule|Endless Battle Clause: Forcing endless battles is banned
|rule|Species Clause: Limit one of each Pokémon
|rule|OHKO Clause: OHKO moves are banned
|rule|Evasion Items Clause: Evasion items are banned
|rule|Evasion Moves Clause: Evasion moves are banned
|rule|Evasion Abilities Clause: Evasion abilities are banned
|rule|Sleep Moves Clause: Sleep-inducing moves are banned
|clearpoke
|poke|p1|Exeggutor, M|
|poke|p1|Torkoal, M|
|poke|p1|Garchomp, M|
|poke|p1|Lycanroc, F|
|poke|p1|Sandy Shocks|
|poke|p1|Armarouge, M|
|poke|p2|Kingambit, M|
|poke|p2|Greninja-*, M|
|poke|p2|Blaziken, M|
|poke|p2|Deoxys-Speed|
|poke|p2|Jirachi|
|poke|p2|Iron Treads|
|teampreview
|inactive|Battle timer is ON: inactive players will automatically lose when time's up. (requested by gfdsgsas)
|
|t:|1760822194
|teamsize|p1|6
|teamsize|p2|6
|start
|switch|p1a: Lycanroc|Lycanroc, F|100/100
|switch|p2a: Jirachi|Jirachi|100/100
|turn|1
|
|t:|1760822199
|move|p2a: Jirachi|Iron Head|p1a: Lycanroc
|-supereffective|p1a: Lycanroc
|-enditem|p1a: Lycanroc|Focus Sash
|-damage|p1a: Lycanroc|1/100
|move|p1a: Lycanroc|Stealth Rock|p2a: Jirachi
|-sidestart|p2: gfdsgsas|move: Stealth Rock
|
|upkeep
|turn|2
|
|t:|1760822211
|move|p1a: Lycanroc|Accelerock|p2a: Jirachi
|-resisted|p2a: Jirachi
|-damage|p2a: Jirachi|91/100
|move|p2a: Jirachi|Iron Head|p1a: Lycanroc
|-supereffective|p1a: Lycanroc
|-damage|p1a: Lycanroc|0 fnt
|faint|p1a: Lycanroc
|
|upkeep
|
|t:|1760822215
|switch|p1a: Torkoal|Torkoal, M|100/100
|-weather|SunnyDay|[from] ability: Drought|[of] p1a: Torkoal
|turn|3
|
|t:|1760822221
|switch|p2a: Iron Treads|Iron Treads|100/100
|-damage|p2a: Iron Treads|97/100|[from] Stealth Rock
|-enditem|p2a: Iron Treads|Booster Energy
|-activate|p2a: Iron Treads|ability: Quark Drive|[fromitem]
|-start|p2a: Iron Treads|quarkdrivespe
|move|p1a: Torkoal|Will-O-Wisp|p2a: Iron Treads|[miss]
|-miss|p1a: Torkoal|p2a: Iron Treads
|
|-weather|SunnyDay|[upkeep]
|upkeep
|turn|4
|
|t:|1760822230
|-terastallize|p2a: Iron Treads|Ground
|move|p2a: Iron Treads|Rapid Spin|p1a: Torkoal
|-damage|p1a: Torkoal|91/100
|-boost|p2a: Iron Treads|spe|1
|-sideend|p2: gfdsgsas|Stealth Rock|[from] move: Rapid Spin|[of] p2a: Iron Treads
|move|p1a: Torkoal|Lava Plume|p2a: Iron Treads
|-damage|p2a: Iron Treads|43/100
|
|-weather|SunnyDay|[upkeep]
|upkeep
|turn|5
|
|t:|1760822238
|move|p2a: Iron Treads|Earth Power|p1a: Torkoal
|-supereffective|p1a: Torkoal
|-damage|p1a: Torkoal|11/100
|move|p1a: Torkoal|Lava Plume|p2a: Iron Treads
|-damage|p2a: Iron Treads|0 fnt
|faint|p2a: Iron Treads
|-end|p2a: Iron Treads|Quark Drive|[silent]
|
|-weather|SunnyDay|[upkeep]
|upkeep
|
|t:|1760822246
|switch|p2a: Greninja|Greninja, M|100/100
|turn|6
|
|t:|1760822252
|move|p2a: Greninja|Dark Pulse|p1a: Torkoal
|-damage|p1a: Torkoal|0 fnt
|faint|p1a: Torkoal
|-ability|p2a: Greninja|Battle Bond|boost
|-boost|p2a: Greninja|atk|1
|-boost|p2a: Greninja|spa|1
|-boost|p2a: Greninja|spe|1
|-activate|p2a: Greninja|ability: Battle Bond
|-damage|p2a: Greninja|91/100|[from] item: Life Orb
|
|-weather|SunnyDay|[upkeep]
|upkeep
|
|t:|1760822255
|switch|p1a: Exeggutor|Exeggutor, M|100/100
|turn|7
|
|t:|1760822264
|-terastallize|p1a: Exeggutor|Fire
|move|p2a: Greninja|Dark Pulse|p1a: Exeggutor
|-damage|p1a: Exeggutor|3/100
|-damage|p2a: Greninja|81/100|[from] item: Life Orb
|move|p1a: Exeggutor|Growth|p1a: Exeggutor
|-boost|p1a: Exeggutor|atk|2
|-boost|p1a: Exeggutor|spa|2
|
|-weather|SunnyDay|[upkeep]
|upkeep
|turn|8
|
|t:|1760822275
|move|p2a: Greninja|Water Shuriken|p1a: Exeggutor
|-supereffective|p1a: Exeggutor
|-damage|p1a: Exeggutor|0 fnt
|faint|p1a: Exeggutor
|-hitcount|p1: Exeggutor|1
|-damage|p2a: Greninja|71/100|[from] item: Life Orb
|
|-weather|SunnyDay|[upkeep]
|upkeep
|
|t:|1760822279
|switch|p1a: Sandy Shocks|Sandy Shocks, shiny|100/100
|-activate|p1a: Sandy Shocks|ability: Protosynthesis
|-start|p1a: Sandy Shocks|protosynthesisspe
|turn|9
|
|t:|1760822288
|move|p2a: Greninja|Dark Pulse|p1a: Sandy Shocks
|-damage|p1a: Sandy Shocks|20/100
|-damage|p2a: Greninja|61/100|[from] item: Life Orb
|move|p1a: Sandy Shocks|Thunderbolt|p2a: Greninja
|-supereffective|p2a: Greninja
|-damage|p2a: Greninja|0 fnt
|faint|p2a: Greninja
|
|-weather|SunnyDay|[upkeep]
|upkeep
|
|t:|1760822300
|switch|p2a: Blaziken|Blaziken, M|100/100
|turn|10
|
|t:|1760822304
|move|p2a: Blaziken|Protect|p2a: Blaziken
|-singleturn|p2a: Blaziken|Protect
|move|p1a: Sandy Shocks|Earth Power|p2a: Blaziken
|-activate|p2a: Blaziken|move: Protect
|
|-weather|none
|-end|p1a: Sandy Shocks|Protosynthesis
|-ability|p2a: Blaziken|Speed Boost|boost
|-boost|p2a: Blaziken|spe|1
|upkeep
|-enditem|p1a: Sandy Shocks|Booster Energy
|-activate|p1a: Sandy Shocks|ability: Protosynthesis|[fromitem]
|-start|p1a: Sandy Shocks|protosynthesisspe
|turn|11
|
|t:|1760822318
|move|p1a: Sandy Shocks|Earth Power|p2a: Blaziken
|-supereffective|p2a: Blaziken
|-damage|p2a: Blaziken|0 fnt
|faint|p2a: Blaziken
|
|upkeep
|
|t:|1760822322
|switch|p2a: Deoxys|Deoxys-Speed|100/100
|-ability|p2a: Deoxys|Pressure
|turn|12
|
|t:|1760822336
|-end|p1a: Sandy Shocks|Protosynthesis|[silent]
|switch|p1a: Armarouge|Armarouge, M|100/100
|move|p2a: Deoxys|Ice Beam|p1a: Armarouge
|-resisted|p1a: Armarouge
|-damage|p1a: Armarouge|77/100
|-damage|p2a: Deoxys|91/100|[from] item: Life Orb
|
|upkeep
|turn|13
|
|t:|1760822356
|switch|p2a: Kingambit|Kingambit, M|100/100
|-activate|p2a: Kingambit|ability: Supreme Overlord
|-start|p2a: Kingambit|fallen3|[silent]
|move|p1a: Armarouge|Fire Blast|p2a: Kingambit
|-supereffective|p2a: Kingambit
|-damage|p2a: Kingambit|0 fnt
|faint|p2a: Kingambit
|-end|p2a: Kingambit|fallen3|[silent]
|
|upkeep
|
|t:|1760822364
|switch|p2a: Jirachi|Jirachi|91/100
|turn|14
|inactive|khushu12 has 120 seconds left.
|
|t:|1760822398
|move|p2a: Jirachi|Body Slam|p1a: Armarouge
|-damage|p1a: Armarouge|49/100
|move|p1a: Armarouge|Fire Blast|p2a: Jirachi
|-supereffective|p2a: Jirachi
|-crit|p2a: Jirachi
|-damage|p2a: Jirachi|0 fnt
|faint|p2a: Jirachi
|
|upkeep
|c|☆gfdsgsas|like how lucky do you get
|-message|gfdsgsas forfeited.
|
|win|khushu12
|raw|khushu12's rating: 1099 &rarr; <strong>1128</strong><br />(+29 for winning)
|raw|gfdsgsas's rating: 1158 &rarr; <strong>1129</strong><br />(-29 for losing)
|l|☆gfdsgsas
|player|p2|
|l|☆khushu12
|player|p1|
