|j|☆bigtestsofbig
|j|☆newhere1310
|t:|1760800364
|gametype|singles
|player|p1|bigtestsofbig|1|1568
|player|p2|newhere1310|gentleman-lgpe|1616
|gen|9
|tier|[Gen 9] OU
|rated|
|rule|HP Percentage Mod: HP is shown in percentages
|rule|Endless Battle Clause: Forcing endless battles is banned
|rule|Species Clause: Limit one of each Pokémon
|rule|OHKO Clause: OHKO moves are banned
|rule|Evasion Items Clause: Evasion items are banned
|rule|Evasion Moves Clause: Evasion moves are banned
|rule|Evasion Abilities Clause: Evasion abilities are banned
|rule|Sleep Moves Clause: Sleep-inducing moves are banned
|clearpoke
|poke|p1|Wo-Chien|
|poke|p1|Garganacl, F|
|poke|p1|Garchomp, F|
|poke|p1|Gholdengo|
|poke|p1|Iron Treads|
|poke|p1|Rotom-Wash|
|poke|p2|Tyranitar, M|
|poke|p2|Excadrill, M|
|poke|p2|Zapdos|
|poke|p2|Gholdengo|
|poke|p2|Kingambit, F|
|poke|p2|Ogerpon-Wellspring, F|
|teampreview
|inactive|Battle timer is ON: inactive players will automatically lose when time's up. (requested by newhere1310)
|
|t:|1760800400
|teamsize|p1|6
|teamsize|p2|6
|start
|switch|p1a: Rotom|Rotom-Wash|100/100
|switch|p2a: Tyranitar|Tyranitar, M|100/100
|-weather|Sandstorm|[from] ability: Sand Stream|[of] p2a: Tyranitar
|turn|1
|
|t:|1760800409
|move|p1a: Rotom|Volt Switch|p2a: Tyranitar
|-damage|p2a: Tyranitar|82/100
|
|t:|1760800417
|switch|p1a: Iron Treads|Iron Treads|100/100|[from] Volt Switch
|move|p2a: Tyranitar|Knock Off|p1a: Iron Treads
|-damage|p1a: Iron Treads|22/100
|-enditem|p1a: Iron Treads|Leftovers|[from] move: Knock Off|[of] p2a: Tyranitar
|
|-weather|Sandstorm|[upkeep]
|upkeep
|turn|2
|
|t:|1760800422
|switch|p2a: Excadrill|Excadrill, M|100/100
|-item|p2a: Excadrill|Air Balloon
|move|p1a: Iron Treads|Earthquake|p2a: Excadrill
|-immune|p2a: Excadrill
|
|-weather|Sandstorm|[upkeep]
|upkeep
|turn|3
|
|t:|1760800431
|switch|p2a: Gholdengo|Gholdengo|100/100
|-end|p1a: Iron Treads|Quark Drive|[silent]
|switch|p1a: Rotom|Rotom-Wash|100/100
|
|-weather|Sandstorm|[upkeep]
|-damage|p1a: Rotom|94/100|[from] Sandstorm
|upkeep
|turn|4
|
|t:|1760800444
|move|p1a: Rotom|Volt Switch|p2a: Gholdengo
|-damage|p2a: Gholdengo|72/100
|inactive|bigtestsofbig has 120 seconds left.
|
|t:|1760800474
|switch|p1a: Garganacl|Garganacl, F|100/100|[from] Volt Switch
|move|p2a: Gholdengo|Make It Rain|p1a: Garganacl
|-supereffective|p1a: Garganacl
|-damage|p1a: Garganacl|10/100
|-unboost|p2a: Gholdengo|spa|1
|
|-weather|Sandstorm|[upkeep]
|-heal|p1a: Garganacl|16/100|[from] item: Leftovers
|upkeep
|turn|5
|
|t:|1760800482
|switch|p1a: Rotom|Rotom-Wash|94/100
|move|p2a: Gholdengo|Make It Rain|p1a: Rotom
|-resisted|p1a: Rotom
|-damage|p1a: Rotom|76/100
|-unboost|p2a: Gholdengo|spa|1
|
|-weather|none
|upkeep
|turn|6
|j| lord shiddenfards
|
|t:|1760800490
|switch|p2a: Excadrill|Excadrill, M|100/100
|-item|p2a: Excadrill|Air Balloon
|move|p1a: Rotom|Hydro Pump|p2a: Excadrill
|-supereffective|p2a: Excadrill
|-damage|p2a: Excadrill|2/100
|-enditem|p2a: Excadrill|Air Balloon
|
|upkeep
|turn|7
|
|t:|1760800497
|switch|p2a: Ogerpon|Ogerpon-Wellspring, F|100/100
|move|p1a: Rotom|Hydro Pump|p2a: Ogerpon
|-immune|p2a: Ogerpon|[from] ability: Water Absorb
|
|upkeep
|turn|8
|
|t:|1760800522
|switch|p1a: Garganacl|Garganacl, F|16/100
|switch|p2a: Gholdengo|Gholdengo|72/100
|
|-heal|p1a: Garganacl|22/100|[from] item: Leftovers
|upkeep
|turn|9
|
|t:|1760800530
|move|p1a: Garganacl|Protect|p1a: Garganacl
|-singleturn|p1a: Garganacl|Protect
|move|p2a: Gholdengo|Make It Rain|p1a: Garganacl
|-activate|p1a: Garganacl|move: Protect
|
|-heal|p1a: Garganacl|28/100|[from] item: Leftovers
|upkeep
|turn|10
|
|t:|1760800535
|switch|p1a: Gholdengo|Gholdengo|100/100
|move|p2a: Gholdengo|Make It Rain|p1a: Gholdengo
|-resisted|p1a: Gholdengo
|-damage|p1a: Gholdengo|52/100
|-unboost|p2a: Gholdengo|spa|1
|
|-heal|p1a: Gholdengo|58/100|[from] item: Leftovers
|upkeep
|turn|11
|
|t:|1760800554
|switch|p2a: Tyranitar|Tyranitar, M|82/100
|-weather|Sandstorm|[from] ability: Sand Stream|[of] p2a: Tyranitar
|move|p1a: Gholdengo|Recover|p1a: Gholdengo
|-heal|p1a: Gholdengo|100/100
|
|-weather|Sandstorm|[upkeep]
|upkeep
|turn|12
|
|t:|1760800577
|switch|p1a: Wo-Chien|Wo-Chien|100/100
|-ability|p1a: Wo-Chien|Tablets of Ruin
|move|p2a: Tyranitar|Knock Off|p1a: Wo-Chien
|-resisted|p1a: Wo-Chien
|-damage|p1a: Wo-Chien|79/100
|-enditem|p1a: Wo-Chien|Leftovers|[from] move: Knock Off|[of] p2a: Tyranitar
|
|-weather|Sandstorm|[upkeep]
|-damage|p1a: Wo-Chien|73/100|[from] Sandstorm
|upkeep
|turn|13
|
|t:|1760800589
|switch|p2a: Gholdengo|Gholdengo|72/100
|move|p1a: Wo-Chien|Leech Seed|p2a: Gholdengo
|-immune|p2a: Gholdengo|[from] ability: Good as Gold
|
|-weather|Sandstorm|[upkeep]
|-damage|p1a: Wo-Chien|67/100|[from] Sandstorm
|upkeep
|turn|14
|
|t:|1760800599
|move|p1a: Wo-Chien|Protect|p1a: Wo-Chien
|-singleturn|p1a: Wo-Chien|Protect
|move|p2a: Gholdengo|Shadow Ball|p1a: Wo-Chien
|-activate|p1a: Wo-Chien|move: Protect
|
|-weather|Sandstorm|[upkeep]
|-damage|p1a: Wo-Chien|61/100|[from] Sandstorm
|upkeep
|turn|15
|
|t:|1760800605
|switch|p2a: Zapdos|Zapdos|100/100
|move|p1a: Wo-Chien|Knock Off|p2a: Zapdos
|-damage|p2a: Zapdos|66/100
|-enditem|p2a: Zapdos|Choice Scarf|[from] move: Knock Off|[of] p1a: Wo-Chien
|
|-weather|none
|upkeep
|turn|16
|
|t:|1760800624
|switch|p1a: Rotom|Rotom-Wash|76/100
|move|p2a: Zapdos|Hurricane|p1a: Rotom|[miss]
|-miss|p2a: Zapdos|p1a: Rotom
|
|upkeep
|turn|17
|
|t:|1760800629
|switch|p2a: Excadrill|Excadrill, M|2/100
|move|p1a: Rotom|Volt Switch|p2a: Excadrill
|-immune|p2a: Excadrill
|
|upkeep
|turn|18
|
|t:|1760800642
|switch|p1a: Garchomp|Garchomp, F|100/100
|move|p2a: Excadrill|Earthquake|p1a: Garchomp
|-damage|p1a: Garchomp|59/100
|
|upkeep
|turn|19
|
|t:|1760800657
|move|p2a: Excadrill|Earthquake|p1a: Garchomp
|-damage|p1a: Garchomp|17/100
|move|p1a: Garchomp|Stealth Rock|p2a: Excadrill
|-sidestart|p2: newhere1310|move: Stealth Rock
|
|upkeep
|turn|20
|
|t:|1760800664
|switch|p1a: Wo-Chien|Wo-Chien|61/100
|-ability|p1a: Wo-Chien|Tablets of Ruin
|move|p2a: Excadrill|Earthquake|p1a: Wo-Chien
|-resisted|p1a: Wo-Chien
|-damage|p1a: Wo-Chien|48/100
|
|upkeep
|turn|21
|
|t:|1760800666
|switch|p1a: Garchomp|Garchomp, F|17/100
|move|p2a: Excadrill|Rapid Spin|p1a: Garchomp
|-damage|p1a: Garchomp|5/100
|-boost|p2a: Excadrill|spe|1
|-damage|p2a: Excadrill|0 fnt|[from] ability: Rough Skin|[of] p1a: Garchomp
|faint|p2a: Excadrill
|
|upkeep
|
|t:|1760800670
|switch|p2a: Ogerpon|Ogerpon-Wellspring, F|100/100
|-damage|p2a: Ogerpon|88/100|[from] Stealth Rock
|turn|22
|
|t:|1760800681
|switch|p1a: Garganacl|Garganacl, F|28/100
|move|p2a: Ogerpon|Trailblaze|p1a: Garganacl
|-supereffective|p1a: Garganacl
|-damage|p1a: Garganacl|0 fnt
|-boost|p2a: Ogerpon|spe|1
|faint|p1a: Garganacl
|
|upkeep
|
|t:|1760800703
|switch|p1a: Gholdengo|Gholdengo|100/100
|turn|23
|
|t:|1760800714
|switch|p2a: Gholdengo|Gholdengo|72/100
|-damage|p2a: Gholdengo|66/100|[from] Stealth Rock
|move|p1a: Gholdengo|Thunder Wave|p2a: Gholdengo
|-immune|p2a: Gholdengo|[from] ability: Good as Gold
|
|upkeep
|turn|24
|
|t:|1760800721
|switch|p1a: Rotom|Rotom-Wash|76/100
|move|p2a: Gholdengo|Shadow Ball|p1a: Rotom
|-damage|p1a: Rotom|13/100
|
|upkeep
|turn|25
|
|t:|1760800726
|move|p1a: Rotom|Volt Switch|p2a: Gholdengo
|-damage|p2a: Gholdengo|37/100
|
|t:|1760800731
|switch|p1a: Wo-Chien|Wo-Chien|48/100|[from] Volt Switch
|-ability|p1a: Wo-Chien|Tablets of Ruin
|move|p2a: Gholdengo|Shadow Ball|p1a: Wo-Chien
|-resisted|p1a: Wo-Chien
|-damage|p1a: Wo-Chien|29/100
|
|upkeep
|turn|26
|
|t:|1760800760
|switch|p2a: Tyranitar|Tyranitar, M|82/100
|-damage|p2a: Tyranitar|70/100|[from] Stealth Rock
|-weather|Sandstorm|[from] ability: Sand Stream|[of] p2a: Tyranitar
|move|p1a: Wo-Chien|Ruination|p2a: Tyranitar
|-damage|p2a: Tyranitar|35/100
|
|-weather|Sandstorm|[upkeep]
|-damage|p1a: Wo-Chien|22/100|[from] Sandstorm
|upkeep
|turn|27
|inactive|bigtestsofbig has 120 seconds left.
|
|t:|1760800799
|move|p2a: Tyranitar|Low Kick|p1a: Wo-Chien
|-supereffective|p1a: Wo-Chien
|-damage|p1a: Wo-Chien|0 fnt
|faint|p1a: Wo-Chien
|
|-weather|Sandstorm|[upkeep]
|upkeep
|
|t:|1760800817
|switch|p1a: Garchomp|Garchomp, F|5/100
|turn|28
|
|t:|1760800829
|move|p1a: Garchomp|Spikes|p2a: Tyranitar
|-sidestart|p2: newhere1310|Spikes
|move|p2a: Tyranitar|Low Kick|p1a: Garchomp
|-damage|p1a: Garchomp|0 fnt
|-damage|p2a: Tyranitar|23/100|[from] ability: Rough Skin|[of] p1a: Garchomp
|-damage|p2a: Tyranitar|6/100|[from] item: Rocky Helmet|[of] p1a: Garchomp
|faint|p1a: Garchomp
|
|-weather|Sandstorm|[upkeep]
|upkeep
|
|t:|1760800834
|switch|p1a: Iron Treads|Iron Treads|22/100
|turn|29
|
|t:|1760800837
|move|p1a: Iron Treads|Rapid Spin|p2a: Tyranitar
|-resisted|p2a: Tyranitar
|-crit|p2a: Tyranitar
|-damage|p2a: Tyranitar|0 fnt
|-boost|p1a: Iron Treads|spe|1
|faint|p2a: Tyranitar
|
|-weather|Sandstorm|[upkeep]
|upkeep
|
|t:|1760800845
|switch|p2a: Ogerpon|Ogerpon-Wellspring, F|88/100
|-damage|p2a: Ogerpon|76/100|[from] Stealth Rock
|-damage|p2a: Ogerpon|63/100|[from] Spikes
|turn|30
|inactive|bigtestsofbig has 120 seconds left.
|
|t:|1760800866
|move|p1a: Iron Treads|Ice Spinner|p2a: Ogerpon
|-damage|p2a: Ogerpon|38/100
|move|p2a: Ogerpon|Trailblaze|p1a: Iron Treads
|-damage|p1a: Iron Treads|0 fnt
|-boost|p2a: Ogerpon|spe|1
|faint|p1a: Iron Treads
|-end|p1a: Iron Treads|Quark Drive|[silent]
|
|-weather|none
|upkeep
|
|t:|1760800871
|switch|p1a: Gholdengo|Gholdengo|100/100
|turn|31
|inactive|bigtestsofbig has 120 seconds left.
|
|t:|1760800882
|switch|p2a: Gholdengo|Gholdengo|37/100
|-damage|p2a: Gholdengo|31/100|[from] Stealth Rock
|-damage|p2a: Gholdengo|19/100|[from] Spikes
|move|p1a: Gholdengo|Hex|p2a: Gholdengo
|-supereffective|p2a: Gholdengo
|-damage|p2a: Gholdengo|0 fnt
|faint|p2a: Gholdengo
|
|upkeep
|
|t:|1760800885
|switch|p2a: Zapdos|Zapdos|66/100
|-damage|p2a: Zapdos|41/100|[from] Stealth Rock
|turn|32
|inactive|bigtestsofbig has 120 seconds left.
|
|t:|1760800902
|move|p2a: Zapdos|Thunderbolt|p1a: Gholdengo
|-damage|p1a: Gholdengo|55/100
|move|p1a: Gholdengo|Hex|p2a: Zapdos
|-damage|p2a: Zapdos|9/100
|
|-heal|p1a: Gholdengo|61/100|[from] item: Leftovers
|upkeep
|turn|33
|
|t:|1760800911
|move|p2a: Zapdos|Thunderbolt|p1a: Gholdengo
|-damage|p1a: Gholdengo|14/100
|move|p1a: Gholdengo|Recover|p1a: Gholdengo
|-heal|p1a: Gholdengo|64/100
|
|-heal|p1a: Gholdengo|70/100|[from] item: Leftovers
|upkeep
|turn|34
|
|t:|1760800916
|move|p2a: Zapdos|Thunderbolt|p1a: Gholdengo
|-damage|p1a: Gholdengo|27/100
|move|p1a: Gholdengo|Recover|p1a: Gholdengo
|-heal|p1a: Gholdengo|77/100
|
|-heal|p1a: Gholdengo|83/100|[from] item: Leftovers
|upkeep
|turn|35
|
|t:|1760800920
|move|p2a: Zapdos|Thunderbolt|p1a: Gholdengo
|-damage|p1a: Gholdengo|38/100
|-status|p1a: Gholdengo|par
|move|p1a: Gholdengo|Recover|p1a: Gholdengo
|-heal|p1a: Gholdengo|88/100 par
|
|-heal|p1a: Gholdengo|94/100 par|[from] item: Leftovers
|upkeep
|turn|36
|
|t:|1760800930
|move|p2a: Zapdos|Thunderbolt|p1a: Gholdengo
|-damage|p1a: Gholdengo|46/100 par
|cant|p1a: Gholdengo|par
|
|-heal|p1a: Gholdengo|52/100 par|[from] item: Leftovers
|upkeep
|turn|37
|
|t:|1760800933
|move|p2a: Zapdos|Thunderbolt|p1a: Gholdengo
|-damage|p1a: Gholdengo|8/100 par
|move|p1a: Gholdengo|Recover|p1a: Gholdengo
|-heal|p1a: Gholdengo|58/100 par
|
|-heal|p1a: Gholdengo|65/100 par|[from] item: Leftovers
|upkeep
|turn|38
|
|t:|1760800936
|move|p2a: Zapdos|Thunderbolt|p1a: Gholdengo
|-damage|p1a: Gholdengo|17/100 par
|move|p1a: Gholdengo|Recover|p1a: Gholdengo
|-heal|p1a: Gholdengo|67/100 par
|
|-heal|p1a: Gholdengo|73/100 par|[from] item: Leftovers
|upkeep
|turn|39
|
|t:|1760800938
|move|p2a: Zapdos|Thunderbolt|p1a: Gholdengo
|-damage|p1a: Gholdengo|25/100 par
|move|p1a: Gholdengo|Recover|p1a: Gholdengo
|-heal|p1a: Gholdengo|75/100 par
|
|-heal|p1a: Gholdengo|81/100 par|[from] item: Leftovers
|upkeep
|turn|40
|
|t:|1760800959
|move|p2a: Zapdos|Thunderbolt|p1a: Gholdengo
|-damage|p1a: Gholdengo|35/100 par
|move|p1a: Gholdengo|Recover|p1a: Gholdengo
|-heal|p1a: Gholdengo|85/100 par
|
|-heal|p1a: Gholdengo|91/100 par|[from] item: Leftovers
|upkeep
|turn|41
|
|t:|1760800962
|move|p2a: Zapdos|Thunderbolt|p1a: Gholdengo
|-damage|p1a: Gholdengo|47/100 par
|cant|p1a: Gholdengo|par
|
|-heal|p1a: Gholdengo|53/100 par|[from] item: Leftovers
|upkeep
|turn|42
|
|t:|1760800966
|move|p2a: Zapdos|Thunderbolt|p1a: Gholdengo
|-damage|p1a: Gholdengo|7/100 par
|move|p1a: Gholdengo|Hex|p2a: Zapdos
|-damage|p2a: Zapdos|0 fnt
|faint|p2a: Zapdos
|
|-heal|p1a: Gholdengo|13/100 par|[from] item: Leftovers
|upkeep
|
|t:|1760800975
|switch|p2a: Kingambit|Kingambit, F|100/100
|-damage|p2a: Kingambit|94/100|[from] Stealth Rock
|-damage|p2a: Kingambit|82/100|[from] Spikes
|-activate|p2a: Kingambit|ability: Supreme Overlord
|-start|p2a: Kingambit|fallen4|[silent]
|turn|43
|
|t:|1760800978
|move|p2a: Kingambit|Iron Head|p1a: Gholdengo
|-resisted|p1a: Gholdengo
|-damage|p1a: Gholdengo|0 fnt
|faint|p1a: Gholdengo
|
|upkeep
|
|t:|1760800981
|switch|p1a: Rotom|Rotom-Wash|13/100
|turn|44
|
|t:|1760800985
|-terastallize|p1a: Rotom|Water
|move|p1a: Rotom|Hydro Pump|p2a: Kingambit
|-damage|p2a: Kingambit|23/100
|move|p2a: Kingambit|Iron Head|p1a: Rotom
|-resisted|p1a: Rotom
|-damage|p1a: Rotom|0 fnt
|faint|p1a: Rotom
|
|win|newhere1310
|raw|bigtestsofbig's rating: 1568 &rarr; <strong>1551</strong><br />(-17 for losing)
|raw|newhere1310's rating: 1616 &rarr; <strong>1633</strong><br />(+17 for winning)
|l|☆bigtestsofbig
|player|p1|
|l|☆newhere1310
|player|p2|
|l| lord shiddenfards
