|badge|p2|bronze|gen9ubers|100-7
|uhtml|medal-msg|<div class="broadcast-blue">Curious what those medals under the avatar are? PS now has Ladder Seasons! For more information, check out the <a href="https://www.smogon.com/forums/threads/3740067/">thread on Smogon.</a></div>
|j|☆Froslass_Trainer
|j|☆Nikator98
|t:|1760790485
|gametype|singles
|player|p1|Froslass_Trainer|1|1585
|player|p2|Nikator98|giovanni|1656
|gen|9
|tier|[Gen 9] OU
|rated|
|rule|HP Percentage Mod: HP is shown in percentages
|rule|Endless Battle Clause: Forcing endless battles is banned
|rule|Species Clause: Limit one of each Pokémon
|rule|OHKO Clause: OHKO moves are banned
|rule|Evasion Items Clause: Evasion items are banned
|rule|Evasion Moves Clause: Evasion moves are banned
|rule|Evasion Abilities Clause: Evasion abilities are banned
|rule|Sleep Moves Clause: Sleep-inducing moves are banned
|clearpoke
|poke|p1|Toxapex, F|
|poke|p1|Goodra-Hisui, F|
|poke|p1|Cinderace, F|
|poke|p1|Sandy Shocks|
|poke|p1|Chesnaught, M|
|poke|p1|Lokix, M|
|poke|p2|Metagross|
|poke|p2|Great Tusk|
|poke|p2|Haxorus, M|
|poke|p2|Iron Moth|
|poke|p2|Zoroark-Hisui, M|
|poke|p2|Ninetales-Alola, F|
|teampreview
|
|t:|1760790492
|teamsize|p1|6
|teamsize|p2|6
|start
|switch|p1a: Sandy Shocks|Sandy Shocks|100/100
|switch|p2a: Arquillian Sentry|Metagross|100/100
|turn|1
|
|t:|1760790502
|move|p1a: Sandy Shocks|Earth Power|p2a: Arquillian Sentry
|-supereffective|p2a: Arquillian Sentry
|-damage|p2a: Arquillian Sentry|0 fnt
|faint|p2a: Arquillian Sentry
|
|upkeep
|
|t:|1760790511
|switch|p2a: Kumaryia|Great Tusk, shiny|100/100
|turn|2
|
|t:|1760790515
|-end|p1a: Sandy Shocks|Protosynthesis|[silent]
|switch|p1a: Chesnaught|Chesnaught, M|100/100
|move|p2a: Kumaryia|Bitter Malice|p1a: Chesnaught
|-damage|p1a: Chesnaught|27/100
|-unboost|p1a: Chesnaught|atk|1
|
|upkeep
|turn|3
|
|t:|1760790524
|move|p1a: Chesnaught|Spiky Shield|p1a: Chesnaught
|-singleturn|p1a: Chesnaught|move: Protect
|move|p2a: Kumaryia|Bitter Malice|p1a: Chesnaught
|-activate|p1a: Chesnaught|move: Protect
|
|upkeep
|turn|4
|
|t:|1760790533
|switch|p1a: Toxapex|Toxapex, F|100/100
|move|p2a: Kumaryia|Bitter Malice|p1a: Toxapex
|-damage|p1a: Toxapex|55/100
|-unboost|p1a: Toxapex|atk|1
|
|-heal|p1a: Toxapex|61/100|[from] item: Leftovers
|upkeep
|turn|5
|
|t:|1760790543
|move|p1a: Toxapex|Baneful Bunker|p1a: Toxapex
|-singleturn|p1a: Toxapex|move: Protect
|move|p2a: Kumaryia|Bitter Malice|p1a: Toxapex
|-activate|p1a: Toxapex|move: Protect
|
|-heal|p1a: Toxapex|68/100|[from] item: Leftovers
|upkeep
|turn|6
|
|t:|1760790551
|move|p2a: Kumaryia|Bitter Malice|p1a: Toxapex
|-damage|p1a: Toxapex|21/100
|-unboost|p1a: Toxapex|atk|1
|move|p1a: Toxapex|Recover|p1a: Toxapex
|-heal|p1a: Toxapex|72/100
|
|-heal|p1a: Toxapex|78/100|[from] item: Leftovers
|upkeep
|turn|7
|
|t:|1760790562
|move|p1a: Toxapex|Baneful Bunker|p1a: Toxapex
|-singleturn|p1a: Toxapex|move: Protect
|move|p2a: Kumaryia|Bitter Malice|p1a: Toxapex
|-activate|p1a: Toxapex|move: Protect
|
|-heal|p1a: Toxapex|84/100|[from] item: Leftovers
|upkeep
|turn|8
|
|t:|1760790570
|move|p2a: Kumaryia|Bitter Malice|p1a: Toxapex
|-damage|p1a: Toxapex|43/100
|-unboost|p1a: Toxapex|atk|1
|move|p1a: Toxapex|Recover|p1a: Toxapex
|-heal|p1a: Toxapex|94/100
|
|-heal|p1a: Toxapex|99/100|[from] item: Leftovers
|upkeep
|turn|9
|
|t:|1760790580
|switch|p2a: Asfaloth|Ninetales-Alola, F, shiny|100/100
|-weather|Snowscape|[from] ability: Snow Warning|[of] p2a: Asfaloth
|move|p1a: Toxapex|Baneful Bunker||[still]
|-fail|p1a: Toxapex
|
|-weather|Snowscape|[upkeep]
|-heal|p1a: Toxapex|100/100|[from] item: Leftovers
|upkeep
|turn|10
|
|t:|1760790589
|switch|p1a: Cinderace|Cinderace, F|100/100
|move|p2a: Asfaloth|Encore||[still]
|-fail|p2a: Asfaloth
|
|-weather|Snowscape|[upkeep]
|upkeep
|turn|11
|
|t:|1760790604
|switch|p2a: Kumaryia|Great Tusk, shiny|100/100
|move|p1a: Cinderace|Pyro Ball|p2a: Kumaryia
|-crit|p2a: Kumaryia
|-damage|p2a: Kumaryia|35/100
|-status|p2a: Kumaryia|brn
|
|-weather|Snowscape|[upkeep]
|-damage|p2a: Kumaryia|29/100 brn|[from] brn
|upkeep
|turn|12
|
|t:|1760790614
|move|p1a: Cinderace|Sucker Punch|p2a: Kumaryia
|-start|p1a: Cinderace|typechange|Dark|[from] ability: Libero
|-resisted|p2a: Kumaryia
|-damage|p2a: Kumaryia|16/100 brn
|move|p2a: Kumaryia|Headlong Rush|p1a: Cinderace
|-damage|p1a: Cinderace|58/100
|-unboost|p2a: Kumaryia|def|1
|-unboost|p2a: Kumaryia|spd|1
|
|-weather|Snowscape|[upkeep]
|-damage|p2a: Kumaryia|10/100 brn|[from] brn
|upkeep
|turn|13
|
|t:|1760790624
|move|p1a: Cinderace|Pyro Ball|p2a: Kumaryia
|-damage|p2a: Kumaryia|0 fnt
|faint|p2a: Kumaryia
|-end|p2a: Kumaryia|Protosynthesis|[silent]
|
|-weather|none
|upkeep
|
|t:|1760790644
|switch|p2a: Asfaloth|Ninetales-Alola, F, shiny|100/100
|-weather|Snowscape|[from] ability: Snow Warning|[of] p2a: Asfaloth
|turn|14
|
|t:|1760790647
|move|p1a: Cinderace|Pyro Ball|p2a: Asfaloth
|-supereffective|p2a: Asfaloth
|-damage|p2a: Asfaloth|32/100
|-status|p2a: Asfaloth|brn
|move|p2a: Asfaloth|Moonblast|p1a: Cinderace
|-supereffective|p1a: Cinderace
|-damage|p1a: Cinderace|0 fnt
|faint|p1a: Cinderace
|
|-weather|Snowscape|[upkeep]
|-damage|p2a: Asfaloth|26/100 brn|[from] brn
|upkeep
|
|t:|1760790654
|switch|p1a: Sandy Shocks|Sandy Shocks|100/100
|turn|15
|
|t:|1760790660
|move|p1a: Sandy Shocks|Volt Switch|p2a: Asfaloth
|-damage|p2a: Asfaloth|0 fnt
|faint|p2a: Asfaloth
|
|t:|1760790664
|-end|p1a: Sandy Shocks|Protosynthesis|[silent]
|switch|p1a: Goodra|Goodra-Hisui, F|100/100|[from] Volt Switch
|
|-weather|Snowscape|[upkeep]
|upkeep
|
|t:|1760790670
|switch|p2a: Lacelle|Haxorus, M|100/100
|-ability|p2a: Lacelle|Mold Breaker
|turn|16
|
|t:|1760790675
|-terastallize|p1a: Goodra|Water
|move|p2a: Lacelle|Close Combat|p1a: Goodra
|-damage|p1a: Goodra|55/100
|-unboost|p2a: Lacelle|def|1
|-unboost|p2a: Lacelle|spd|1
|move|p1a: Goodra|Draco Meteor|p2a: Lacelle
|-supereffective|p2a: Lacelle
|-crit|p2a: Lacelle
|-damage|p2a: Lacelle|0 fnt
|-unboost|p1a: Goodra|spa|2
|faint|p2a: Lacelle
|
|-weather|Snowscape|[upkeep]
|-heal|p1a: Goodra|61/100|[from] item: Leftovers
|upkeep
|
|t:|1760790689
|switch|p2a: Gothmog|Iron Moth|100/100
|-enditem|p2a: Gothmog|Booster Energy
|-activate|p2a: Gothmog|ability: Quark Drive|[fromitem]
|-start|p2a: Gothmog|quarkdrivespe
|turn|17
|
|t:|1760790699
|move|p2a: Gothmog|Fiery Dance|p1a: Goodra
|-resisted|p1a: Goodra
|-damage|p1a: Goodra|48/100
|-boost|p2a: Gothmog|spa|1
|move|p1a: Goodra|Earthquake|p2a: Gothmog
|-supereffective|p2a: Gothmog
|-damage|p2a: Gothmog|0 fnt
|faint|p2a: Gothmog
|-end|p2a: Gothmog|Quark Drive|[silent]
|
|-weather|Snowscape|[upkeep]
|-heal|p1a: Goodra|54/100|[from] item: Leftovers
|upkeep
|-message|Nikator98 forfeited.
|
|win|Froslass_Trainer
|raw|Froslass_Trainer's rating: 1585 &rarr; <strong>1609</strong><br />(+24 for winning)
|raw|Nikator98's rating: 1656 &rarr; <strong>1632</strong><br />(-24 for losing)
|l|☆Nikator98
|player|p2|
|l|☆Froslass_Trainer
|player|p1|
