|j|☆dudemf33
|j|☆catsdabest
|t:|1760833023
|gametype|singles
|player|p1|dudemf33|pokemonbreeder-gen4|1474
|player|p2|catsdabest|firebreather|1505
|gen|9
|tier|[Gen 9] OU
|rated|
|rule|HP Percentage Mod: HP is shown in percentages
|rule|Endless Battle Clause: Forcing endless battles is banned
|rule|Species Clause: Limit one of each Pokémon
|rule|OHKO Clause: OHKO moves are banned
|rule|Evasion Items Clause: Evasion items are banned
|rule|Evasion Moves Clause: Evasion moves are banned
|rule|Evasion Abilities Clause: Evasion abilities are banned
|rule|Sleep Moves Clause: Sleep-inducing moves are banned
|clearpoke
|poke|p1|Moltres|
|poke|p1|Ogerpon-Wellspring, F|
|poke|p1|Samurott-Hisui, F|
|poke|p1|Iron Treads|
|poke|p1|Kingambit, F|
|poke|p1|Iron Valiant|
|poke|p2|Armarouge, M|
|poke|p2|Deoxys-Speed|
|poke|p2|Sceptile, F|
|poke|p2|Indeedee, M|
|poke|p2|Hawlucha, M|
|poke|p2|Maushold|
|teampreview
|
|t:|1760833032
|teamsize|p1|6
|teamsize|p2|6
|start
|switch|p1a: Samurott|Samurott-Hisui, F|100/100
|switch|p2a: Indeedee|Indeedee, M|100/100
|-fieldstart|move: Psychic Terrain|[from] ability: Psychic Surge|[of] p2a: Indeedee
|turn|1
|
|t:|1760833038
|switch|p2a: Hawlucha|Hawlucha, M|100/100
|-enditem|p2a: Hawlucha|Psychic Seed
|-boost|p2a: Hawlucha|spd|1|[from] item: Psychic Seed
|move|p1a: Samurott|Ceaseless Edge|p2a: Hawlucha
|-resisted|p2a: Hawlucha
|-damage|p2a: Hawlucha|69/100
|-sidestart|p2: catsdabest|Spikes
|
|upkeep
|turn|2
|
|t:|1760833045
|move|p2a: Hawlucha|Swords Dance|p2a: Hawlucha
|-boost|p2a: Hawlucha|atk|2
|move|p1a: Samurott|Razor Shell|p2a: Hawlucha
|-damage|p2a: Hawlucha|0 fnt
|faint|p2a: Hawlucha
|
|upkeep
|
|t:|1760833052
|switch|p2a: Sceptile|Sceptile, F|100/100
|-damage|p2a: Sceptile|88/100|[from] Spikes
|-enditem|p2a: Sceptile|Psychic Seed
|-boost|p2a: Sceptile|spd|1|[from] item: Psychic Seed
|turn|3
|
|t:|1760833058
|move|p2a: Sceptile|Swords Dance|p2a: Sceptile
|-boost|p2a: Sceptile|atk|2
|move|p1a: Samurott|Ceaseless Edge|p2a: Sceptile
|-damage|p2a: Sceptile|29/100
|-sidestart|p2: catsdabest|Spikes
|
|upkeep
|turn|4
|
|t:|1760833064
|move|p1a: Samurott|Sucker Punch|p2a: Sceptile
|-activate|p2a: Sceptile|move: Psychic Terrain
|move|p2a: Sceptile|Leaf Blade|p1a: Samurott
|-supereffective|p1a: Samurott
|-enditem|p1a: Samurott|Focus Sash
|-damage|p1a: Samurott|1/100
|
|upkeep
|turn|5
|
|t:|1760833069
|move|p2a: Sceptile|Leaf Blade|p1a: Samurott
|-supereffective|p1a: Samurott
|-damage|p1a: Samurott|0 fnt
|faint|p1a: Samurott
|
|upkeep
|
|t:|1760833074
|switch|p1a: Moltres|Moltres|100/100
|turn|6
|
|t:|1760833076
|move|p2a: Sceptile|Rock Slide|p1a: Moltres|[miss]
|-miss|p2a: Sceptile|p1a: Moltres
|move|p1a: Moltres|Flamethrower|p2a: Sceptile
|-supereffective|p2a: Sceptile
|-damage|p2a: Sceptile|0 fnt
|faint|p2a: Sceptile
|
|upkeep
|
|t:|1760833103
|switch|p2a: Deoxys|Deoxys-Speed|100/100
|-damage|p2a: Deoxys|84/100|[from] Spikes
|-ability|p2a: Deoxys|Pressure
|turn|7
|
|t:|1760833108
|-terastallize|p2a: Deoxys|Psychic
|move|p2a: Deoxys|Expanding Force|p1a: Moltres
|-damage|p1a: Moltres|0 fnt
|faint|p1a: Moltres
|-damage|p2a: Deoxys|74/100|[from] item: Life Orb
|
|upkeep
|
|t:|1760833112
|switch|p1a: Kingambit|Kingambit, F|100/100
|-activate|p1a: Kingambit|ability: Supreme Overlord
|-start|p1a: Kingambit|fallen2|[silent]
|turn|8
|
|t:|1760833115
|move|p2a: Deoxys|Focus Blast|p1a: Kingambit|[miss]
|-miss|p2a: Deoxys|p1a: Kingambit
|move|p1a: Kingambit|Kowtow Cleave|p2a: Deoxys
|-supereffective|p2a: Deoxys
|-damage|p2a: Deoxys|0 fnt
|faint|p2a: Deoxys
|
|-fieldend|move: Psychic Terrain
|upkeep
|c|☆catsdabest|pmh
|
|t:|1760833122
|switch|p2a: Indeedee|Indeedee, M|100/100
|-damage|p2a: Indeedee|84/100|[from] Spikes
|-fieldstart|move: Psychic Terrain|[from] ability: Psychic Surge|[of] p2a: Indeedee
|turn|9
|c|☆dudemf33|f
|
|t:|1760833131
|move|p2a: Indeedee|Dazzling Gleam|p1a: Kingambit
|-damage|p1a: Kingambit|81/100
|move|p1a: Kingambit|Kowtow Cleave|p2a: Indeedee
|-supereffective|p2a: Indeedee
|-damage|p2a: Indeedee|0 fnt
|faint|p2a: Indeedee
|
|upkeep
|
|t:|1760833134
|switch|p2a: Armarouge|Armarouge, M|100/100
|-damage|p2a: Armarouge|84/100|[from] Spikes
|turn|10
|
|t:|1760833143
|-terastallize|p1a: Kingambit|Dark
|move|p2a: Armarouge|Armor Cannon|p1a: Kingambit
|-damage|p1a: Kingambit|0 fnt
|-unboost|p2a: Armarouge|def|1
|-unboost|p2a: Armarouge|spd|1
|faint|p1a: Kingambit
|-end|p1a: Kingambit|fallen2|[silent]
|-damage|p2a: Armarouge|74/100|[from] item: Life Orb
|
|upkeep
|
|t:|1760833153
|switch|p1a: Ogerpon|Ogerpon-Wellspring, F|100/100
|turn|11
|
|t:|1760833157
|move|p1a: Ogerpon|Ivy Cudgel|p2a: Armarouge|[anim] Ivy Cudgel Water
|-supereffective|p2a: Armarouge
|-damage|p2a: Armarouge|0 fnt
|faint|p2a: Armarouge
|
|upkeep
|
|t:|1760833159
|switch|p2a: Maushold|Maushold|100/100
|-damage|p2a: Maushold|84/100|[from] Spikes
|turn|12
|
|t:|1760833164
|move|p2a: Maushold|Population Bomb|p1a: Ogerpon
|-damage|p1a: Ogerpon|85/100
|-damage|p1a: Ogerpon|70/100
|-damage|p1a: Ogerpon|56/100
|-damage|p1a: Ogerpon|41/100
|-damage|p1a: Ogerpon|26/100
|-damage|p1a: Ogerpon|10/100
|-damage|p1a: Ogerpon|0 fnt
|faint|p1a: Ogerpon
|-hitcount|p1: Ogerpon|7
|
|upkeep
|
|t:|1760833167
|switch|p1a: Iron Treads|Iron Treads|100/100
|turn|13
|
|t:|1760833171
|move|p2a: Maushold|Tidy Up|p2a: Maushold
|-sideend|p2: catsdabest|Spikes
|-activate|p2a: Maushold|move: Tidy Up
|-boost|p2a: Maushold|atk|1
|-boost|p2a: Maushold|spe|1
|move|p1a: Iron Treads|Earthquake|p2a: Maushold
|-damage|p2a: Maushold|28/100
|
|upkeep
|turn|14
|
|t:|1760833177
|move|p2a: Maushold|Population Bomb|p1a: Iron Treads
|-resisted|p1a: Iron Treads
|-damage|p1a: Iron Treads|94/100
|-resisted|p1a: Iron Treads
|-damage|p1a: Iron Treads|89/100
|-resisted|p1a: Iron Treads
|-damage|p1a: Iron Treads|82/100
|-resisted|p1a: Iron Treads
|-damage|p1a: Iron Treads|77/100
|-resisted|p1a: Iron Treads
|-damage|p1a: Iron Treads|71/100
|-resisted|p1a: Iron Treads
|-damage|p1a: Iron Treads|65/100
|-resisted|p1a: Iron Treads
|-damage|p1a: Iron Treads|58/100
|-resisted|p1a: Iron Treads
|-damage|p1a: Iron Treads|53/100
|-resisted|p1a: Iron Treads
|-damage|p1a: Iron Treads|47/100
|-resisted|p1a: Iron Treads
|-damage|p1a: Iron Treads|41/100
|-hitcount|p1a: Iron Treads|10
|move|p1a: Iron Treads|Earthquake|p2a: Maushold
|-damage|p2a: Maushold|0 fnt
|faint|p2a: Maushold
|
|win|dudemf33
|raw|dudemf33's rating: 1474 &rarr; <strong>1496</strong><br />(+22 for winning)
|raw|catsdabest's rating: 1505 &rarr; <strong>1483</strong><br />(-22 for losing)
|c|☆dudemf33|gg
|c|☆catsdabest|hacker
|l|☆catsdabest
|player|p2|
|c|☆dudemf33|yeah sorry
|l|☆dudemf33
|player|p1|
