|j|☆Dhanush12
|j|☆Reqkt
|t:|1760760515
|gametype|singles
|player|p1|Dhanush12|richboy|1071
|player|p2|Reqkt|102|1115
|gen|9
|tier|[Gen 9] OU
|rated|
|rule|HP Percentage Mod: HP is shown in percentages
|rule|Endless Battle Clause: Forcing endless battles is banned
|rule|Species Clause: Limit one of each Pokémon
|rule|OHKO Clause: OHKO moves are banned
|rule|Evasion Items Clause: Evasion items are banned
|rule|Evasion Moves Clause: Evasion moves are banned
|rule|Evasion Abilities Clause: Evasion abilities are banned
|rule|Sleep Moves Clause: Sleep-inducing moves are banned
|clearpoke
|poke|p1|Zamazenta-*|
|poke|p1|Ninetales-Alola, F|
|poke|p1|Darkrai|
|poke|p1|Ceruledge, F|
|poke|p1|Gliscor, M|
|poke|p1|Hatterene, F|
|poke|p2|Clodsire, F|
|poke|p2|Clefable, M|
|poke|p2|Houndoom, M|
|poke|p2|Gastrodon, M|
|poke|p2|Kingambit, M|
|poke|p2|Ogerpon-Wellspring, F|
|teampreview
|inactive|Battle timer is ON: inactive players will automatically lose when time's up. (requested by Dhanush12)
|
|t:|1760760535
|teamsize|p1|6
|teamsize|p2|6
|start
|switch|p1a: Zamazenta|Zamazenta|100/100
|switch|p2a: Houndoom|Houndoom, M|100/100
|-ability|p1a: Zamazenta|Dauntless Shield|boost
|-boost|p1a: Zamazenta|def|1
|turn|1
|
|t:|1760760548
|switch|p2a: Clodsire|Clodsire, F|100/100
|move|p1a: Zamazenta|Iron Defense|p1a: Zamazenta
|-boost|p1a: Zamazenta|def|2
|
|upkeep
|turn|2
|
|t:|1760760559
|move|p1a: Zamazenta|Iron Defense|p1a: Zamazenta
|-boost|p1a: Zamazenta|def|2
|move|p2a: Clodsire|Toxic Spikes|p1a: Zamazenta
|-sidestart|p1: Dhanush12|move: Toxic Spikes
|
|upkeep
|turn|3
|
|t:|1760760568
|move|p1a: Zamazenta|Body Press|p2a: Clodsire
|-resisted|p2a: Clodsire
|-damage|p2a: Clodsire|30/100
|move|p2a: Clodsire|Toxic Spikes|p1a: Zamazenta
|-sidestart|p1: Dhanush12|move: Toxic Spikes
|
|-heal|p2a: Clodsire|36/100|[from] item: Leftovers
|upkeep
|turn|4
|
|t:|1760760586
|switch|p2a: Clefable|Clefable, M|100/100
|move|p1a: Zamazenta|Body Press|p2a: Clefable
|-resisted|p2a: Clefable
|-damage|p2a: Clefable|81/100
|
|upkeep
|turn|5
|
|t:|1760760601
|switch|p1a: Gliscor|Gliscor, M|100/100
|move|p2a: Clefable|Moonblast|p1a: Gliscor
|-damage|p1a: Gliscor|35/100
|-unboost|p1a: Gliscor|spa|1
|
|-status|p1a: Gliscor|tox|[from] item: Toxic Orb
|upkeep
|turn|6
|
|t:|1760760621
|switch|p2a: Gastrodon|Gastrodon, M|100/100
|move|p1a: Gliscor|Facade|p2a: Gastrodon
|-damage|p2a: Gastrodon|68/100
|-damage|p1a: Gliscor|18/100 tox|[from] item: Rocky Helmet|[of] p2a: Gastrodon
|
|-heal|p1a: Gliscor|31/100 tox|[from] ability: Poison Heal
|upkeep
|turn|7
|
|t:|1760760633
|move|p1a: Gliscor|Earthquake|p2a: Gastrodon
|-damage|p2a: Gastrodon|31/100
|move|p2a: Gastrodon|Ice Beam|p1a: Gliscor
|-supereffective|p1a: Gliscor
|-crit|p1a: Gliscor
|-damage|p1a: Gliscor|0 fnt
|faint|p1a: Gliscor
|
|upkeep
|
|t:|1760760654
|switch|p1a: Darkrai|Darkrai|100/100
|-status|p1a: Darkrai|tox
|turn|8
|
|t:|1760760661
|move|p1a: Darkrai|Nasty Plot|p1a: Darkrai
|-boost|p1a: Darkrai|spa|2
|move|p2a: Gastrodon|Mirror Coat||[still]
|-fail|p2a: Gastrodon
|
|-damage|p1a: Darkrai|94/100 tox|[from] psn
|upkeep
|turn|9
|
|t:|1760760670
|move|p1a: Darkrai|Focus Blast|p2a: Gastrodon
|-damage|p2a: Gastrodon|0 fnt
|faint|p2a: Gastrodon
|
|-heal|p1a: Darkrai|100/100 tox|[from] item: Leftovers
|-damage|p1a: Darkrai|88/100 tox|[from] psn
|upkeep
|
|t:|1760760679
|switch|p2a: Clefable|Clefable, M|81/100
|turn|10
|
|t:|1760760683
|move|p1a: Darkrai|Nasty Plot|p1a: Darkrai
|-boost|p1a: Darkrai|spa|2
|move|p2a: Clefable|Moonblast|p1a: Darkrai
|-supereffective|p1a: Darkrai
|-damage|p1a: Darkrai|0 fnt
|faint|p1a: Darkrai
|
|upkeep
|
|t:|1760760693
|switch|p1a: Ninetales|Ninetales-Alola, F|100/100
|-status|p1a: Ninetales|tox
|-weather|Snowscape|[from] ability: Snow Warning|[of] p1a: Ninetales
|turn|11
|
|t:|1760760715
|-terastallize|p1a: Ninetales|Poison
|move|p1a: Ninetales|Freeze-Dry|p2a: Clefable
|-damage|p2a: Clefable|63/100
|move|p2a: Clefable|Moonblast|p1a: Ninetales
|-resisted|p1a: Ninetales
|-damage|p1a: Ninetales|67/100 tox
|
|-weather|Snowscape|[upkeep]
|-damage|p1a: Ninetales|61/100 tox|[from] psn
|upkeep
|turn|12
|inactive|Reqkt has 120 seconds left.
|
|t:|1760760743
|switch|p1a: Hatterene|Hatterene, F|100/100
|-status|p1a: Hatterene|tox
|switch|p2a: Houndoom|Houndoom, M|100/100
|
|-weather|Snowscape|[upkeep]
|-damage|p1a: Hatterene|95/100 tox|[from] psn
|upkeep
|turn|13
|inactive|Reqkt has 120 seconds left.
|inactive|Reqkt has 90 seconds left.
|
|t:|1760760787
|switch|p2a: Kingambit|Kingambit, M, shiny|100/100
|-activate|p2a: Kingambit|ability: Supreme Overlord
|-start|p2a: Kingambit|fallen1|[silent]
|switch|p1a: Ninetales|Ninetales-Alola, F, tera:Poison|61/100 tox
|-sideend|p1: Dhanush12|move: Toxic Spikes|[of] p1a: Ninetales
|
|-weather|Snowscape|[upkeep]
|-damage|p1a: Ninetales|55/100 tox|[from] psn
|upkeep
|turn|14
|inactive|Reqkt has 90 seconds left.
|-message|Dhanush12 forfeited.
|
|win|Reqkt
|raw|Dhanush12's rating: 1071 &rarr; <strong>1053</strong><br />(-18 for losing)
|raw|Reqkt's rating: 1115 &rarr; <strong>1137</strong><br />(+22 for winning)
|l|☆Dhanush12
|player|p1|
|l|☆Reqkt
|player|p2|
