|j|☆jeffbuckleyenjoyer
|j|☆Auburn Hills
|t:|1760733074
|gametype|singles
|player|p1|jeffbuckleyenjoyer|nurse|1667
|player|p2|Auburn Hills|alder|1676
|gen|9
|tier|[Gen 9] OU
|rated|
|rule|HP Percentage Mod: HP is shown in percentages
|rule|Endless Battle Clause: Forcing endless battles is banned
|rule|Species Clause: Limit one of each Pokémon
|rule|OHKO Clause: OHKO moves are banned
|rule|Evasion Items Clause: Evasion items are banned
|rule|Evasion Moves Clause: Evasion moves are banned
|rule|Evasion Abilities Clause: Evasion abilities are banned
|rule|Sleep Moves Clause: Sleep-inducing moves are banned
|clearpoke
|poke|p1|Cresselia, F|
|poke|p1|Ninetales, M|
|poke|p1|Raging Bolt|
|poke|p1|Walking Wake|
|poke|p1|Great Tusk|
|poke|p1|Cinderace, M|
|poke|p2|Iron Moth|
|poke|p2|Umbreon, F|
|poke|p2|Garchomp, F|
|poke|p2|Glimmora, M|
|poke|p2|Gholdengo|
|poke|p2|Dragonite, M|
|teampreview
|inactive|Battle timer is ON: inactive players will automatically lose when time's up. (requested by jeffbuckleyenjoyer)
|
|t:|1760733104
|teamsize|p1|6
|teamsize|p2|6
|start
|switch|p1a: Walking Wake|Walking Wake|100/100
|switch|p2a: Julia Jacklin|Glimmora, M|100/100
|turn|1
|
|t:|1760733108
|switch|p2a: Alvvays|Umbreon, F|100/100
|move|p1a: Walking Wake|Hydro Steam|p2a: Alvvays
|-damage|p2a: Alvvays|68/100
|
|-heal|p2a: Alvvays|75/100|[from] item: Leftovers
|upkeep
|turn|2
|
|t:|1760733115
|-end|p1a: Walking Wake|Protosynthesis|[silent]
|switch|p1a: Cresselia|Cresselia, F, shiny|100/100
|switch|p2a: Julia Jacklin|Glimmora, M|100/100
|
|upkeep
|turn|3
|
|t:|1760733125
|switch|p1a: Ninetales|Ninetales, M, shiny|100/100
|-weather|SunnyDay|[from] ability: Drought|[of] p1a: Ninetales
|move|p2a: Julia Jacklin|Mortal Spin|p1a: Ninetales
|-damage|p1a: Ninetales|91/100
|-status|p1a: Ninetales|psn
|
|-weather|SunnyDay|[upkeep]
|-damage|p1a: Ninetales|79/100 psn|[from] psn
|upkeep
|turn|4
|
|t:|1760733130
|move|p1a: Ninetales|Scorching Sands|p2a: Julia Jacklin
|-supereffective|p2a: Julia Jacklin
|-damage|p2a: Julia Jacklin|2/100
|-status|p2a: Julia Jacklin|brn
|move|p2a: Julia Jacklin|Sludge Wave|p1a: Ninetales
|-damage|p1a: Ninetales|16/100 psn
|
|-weather|SunnyDay|[upkeep]
|-damage|p1a: Ninetales|3/100 psn|[from] psn
|-damage|p2a: Julia Jacklin|0 fnt|[from] brn
|faint|p2a: Julia Jacklin
|upkeep
|
|t:|1760733135
|switch|p2a: Carly Rae|Iron Moth|100/100
|-enditem|p2a: Carly Rae|Booster Energy
|-activate|p2a: Carly Rae|ability: Quark Drive|[fromitem]
|-start|p2a: Carly Rae|quarkdrivespe
|turn|5
|
|t:|1760733145
|switch|p1a: Cresselia|Cresselia, F, shiny|100/100
|move|p2a: Carly Rae|Fiery Dance|p1a: Cresselia
|-damage|p1a: Cresselia|65/100
|-boost|p2a: Carly Rae|spa|1
|-enditem|p1a: Cresselia|Eject Button
|
|t:|1760733162
|switch|p1a: Raging Bolt|Raging Bolt|100/100
|-activate|p1a: Raging Bolt|ability: Protosynthesis
|-start|p1a: Raging Bolt|protosynthesisspa
|
|-weather|SunnyDay|[upkeep]
|upkeep
|turn|6
|
|t:|1760733173
|move|p2a: Carly Rae|Dazzling Gleam|p1a: Raging Bolt
|-supereffective|p1a: Raging Bolt
|-damage|p1a: Raging Bolt|24/100
|move|p1a: Raging Bolt|Thunderbolt|p2a: Carly Rae
|-damage|p2a: Carly Rae|23/100
|-status|p2a: Carly Rae|par
|
|-weather|SunnyDay|[upkeep]
|-heal|p1a: Raging Bolt|30/100|[from] item: Leftovers
|upkeep
|turn|7
|
|t:|1760733185
|move|p1a: Raging Bolt|Thunderclap||[still]
|-fail|p1a: Raging Bolt
|move|p2a: Carly Rae|Morning Sun|p2a: Carly Rae
|-heal|p2a: Carly Rae|90/100 par
|
|-weather|SunnyDay|[upkeep]
|-heal|p1a: Raging Bolt|37/100|[from] item: Leftovers
|upkeep
|turn|8
|
|t:|1760733192
|cant|p2a: Carly Rae|par
|move|p1a: Raging Bolt|Draco Meteor|p2a: Carly Rae
|-damage|p2a: Carly Rae|0 fnt
|-unboost|p1a: Raging Bolt|spa|2
|faint|p2a: Carly Rae
|-end|p2a: Carly Rae|Quark Drive|[silent]
|
|-weather|SunnyDay|[upkeep]
|-heal|p1a: Raging Bolt|43/100|[from] item: Leftovers
|upkeep
|
|t:|1760733195
|switch|p2a: Rat Tally|Garchomp, F|100/100
|turn|9
|
|t:|1760733204
|-end|p1a: Raging Bolt|Protosynthesis|[silent]
|switch|p1a: Cresselia|Cresselia, F, shiny|65/100
|move|p2a: Rat Tally|Scale Shot|p1a: Cresselia
|-damage|p1a: Cresselia|57/100
|-damage|p1a: Cresselia|50/100
|-damage|p1a: Cresselia|42/100
|-damage|p1a: Cresselia|34/100
|-damage|p1a: Cresselia|27/100
|-hitcount|p1a: Cresselia|5
|-unboost|p2a: Rat Tally|def|1
|-boost|p2a: Rat Tally|spe|1
|
|-weather|SunnyDay|[upkeep]
|upkeep
|turn|10
|
|t:|1760733211
|move|p2a: Rat Tally|Swords Dance|p2a: Rat Tally
|-boost|p2a: Rat Tally|atk|2
|move|p1a: Cresselia|Lunar Dance|p1a: Cresselia
|faint|p1a: Cresselia
|
|-weather|none
|upkeep
|
|t:|1760733236
|switch|p1a: Great Tusk|Great Tusk|100/100
|turn|11
|inactive|jeffbuckleyenjoyer has 120 seconds left.
|
|t:|1760733258
|-terastallize|p2a: Rat Tally|Electric
|move|p2a: Rat Tally|Scale Shot|p1a: Great Tusk
|-damage|p1a: Great Tusk|82/100
|-damage|p1a: Great Tusk|63/100
|-damage|p1a: Great Tusk|43/100
|-damage|p1a: Great Tusk|23/100
|-damage|p1a: Great Tusk|2/100
|-hitcount|p1a: Great Tusk|5
|-unboost|p2a: Rat Tally|def|1
|-boost|p2a: Rat Tally|spe|1
|move|p1a: Great Tusk|Close Combat|p2a: Rat Tally
|-damage|p2a: Rat Tally|0 fnt
|-unboost|p1a: Great Tusk|def|1
|-unboost|p1a: Great Tusk|spd|1
|-damage|p1a: Great Tusk|0 fnt|[from] ability: Rough Skin|[of] p2a: Rat Tally
|faint|p2a: Rat Tally
|faint|p1a: Great Tusk
|-end|p1a: Great Tusk|Protosynthesis|[silent]
|
|upkeep
|inactive|jeffbuckleyenjoyer has 120 seconds left.
|
|t:|1760733273
|switch|p2a: Elucid|Dragonite, M|100/100
|switch|p1a: Raging Bolt|Raging Bolt|43/100
|-heal|p1a: Raging Bolt|100/100|[from] move: Lunar Dance
|turn|12
|inactive|jeffbuckleyenjoyer has 120 seconds left.
|
|t:|1760733285
|move|p2a: Elucid|Earthquake|p1a: Raging Bolt
|-supereffective|p1a: Raging Bolt
|-damage|p1a: Raging Bolt|28/100
|move|p1a: Raging Bolt|Thunderbolt|p2a: Elucid
|-damage|p2a: Elucid|74/100
|
|-heal|p1a: Raging Bolt|35/100|[from] item: Leftovers
|upkeep
|turn|13
|
|t:|1760733292
|move|p2a: Elucid|Earthquake|p1a: Raging Bolt
|-supereffective|p1a: Raging Bolt
|-damage|p1a: Raging Bolt|0 fnt
|faint|p1a: Raging Bolt
|-end|p1a: Raging Bolt|Protosynthesis|[silent]
|
|upkeep
|
|t:|1760733294
|switch|p1a: Ninetales|Ninetales, M, shiny|3/100 psn
|-weather|SunnyDay|[from] ability: Drought|[of] p1a: Ninetales
|turn|14
|
|t:|1760733307
|move|p2a: Elucid|Extreme Speed|p1a: Ninetales
|-damage|p1a: Ninetales|0 fnt
|faint|p1a: Ninetales
|
|-weather|SunnyDay|[upkeep]
|upkeep
|
|t:|1760733309
|switch|p1a: Walking Wake|Walking Wake|100/100
|-activate|p1a: Walking Wake|ability: Protosynthesis
|-start|p1a: Walking Wake|protosynthesisspe
|turn|15
|
|t:|1760733320
|move|p2a: Elucid|Extreme Speed|p1a: Walking Wake
|-damage|p1a: Walking Wake|66/100
|move|p1a: Walking Wake|Dragon Pulse|p2a: Elucid
|-supereffective|p2a: Elucid
|-damage|p2a: Elucid|0 fnt
|faint|p2a: Elucid
|
|-weather|SunnyDay|[upkeep]
|upkeep
|
|t:|1760733325
|switch|p2a: Alvvays|Umbreon, F|75/100
|turn|16
|
|t:|1760733329
|-end|p1a: Walking Wake|Protosynthesis|[silent]
|switch|p1a: Cinderace|Cinderace, M, shiny|100/100
|move|p2a: Alvvays|Wish|p2a: Alvvays
|
|-weather|SunnyDay|[upkeep]
|-heal|p2a: Alvvays|81/100|[from] item: Leftovers
|upkeep
|turn|17
|
|t:|1760733336
|-terastallize|p1a: Cinderace|Fire
|move|p2a: Alvvays|Protect|p2a: Alvvays
|-singleturn|p2a: Alvvays|Protect
|move|p1a: Cinderace|Pyro Ball|p2a: Alvvays
|-activate|p2a: Alvvays|move: Protect
|
|-weather|SunnyDay|[upkeep]
|-heal|p2a: Alvvays|100/100|[from] move: Wish|[wisher] Alvvays
|upkeep
|turn|18
|
|t:|1760733345
|move|p1a: Cinderace|Pyro Ball|p2a: Alvvays
|-damage|p2a: Alvvays|2/100
|move|p2a: Alvvays|Foul Play|p1a: Cinderace
|-damage|p1a: Cinderace|32/100
|
|-weather|SunnyDay|[upkeep]
|-heal|p2a: Alvvays|8/100|[from] item: Leftovers
|upkeep
|turn|19
|
|t:|1760733354
|move|p2a: Alvvays|Protect|p2a: Alvvays
|-singleturn|p2a: Alvvays|Protect
|move|p1a: Cinderace|U-turn|p2a: Alvvays
|-activate|p2a: Alvvays|move: Protect
|
|-weather|SunnyDay|[upkeep]
|-heal|p2a: Alvvays|14/100|[from] item: Leftovers
|upkeep
|turn|20
|
|t:|1760733359
|switch|p2a: Smino|Gholdengo|100/100
|move|p1a: Cinderace|U-turn|p2a: Smino
|-resisted|p2a: Smino
|-damage|p2a: Smino|95/100
|
|t:|1760733362
|switch|p1a: Walking Wake|Walking Wake|66/100|[from] U-turn
|-activate|p1a: Walking Wake|ability: Protosynthesis
|-start|p1a: Walking Wake|protosynthesisspe
|
|-weather|SunnyDay|[upkeep]
|upkeep
|turn|21
|
|t:|1760733369
|switch|p2a: Alvvays|Umbreon, F|14/100
|move|p1a: Walking Wake|Flamethrower|p2a: Alvvays
|-damage|p2a: Alvvays|0 fnt
|faint|p2a: Alvvays
|
|-weather|none
|-end|p1a: Walking Wake|Protosynthesis
|upkeep
|
|t:|1760733372
|switch|p2a: Smino|Gholdengo|95/100
|turn|22
|
|t:|1760733375
|move|p2a: Smino|Shadow Ball|p1a: Walking Wake
|-damage|p1a: Walking Wake|16/100
|move|p1a: Walking Wake|Flamethrower|p2a: Smino
|-supereffective|p2a: Smino
|-damage|p2a: Smino|0 fnt
|faint|p2a: Smino
|
|win|jeffbuckleyenjoyer
|raw|jeffbuckleyenjoyer's rating: 1667 &rarr; <strong>1688</strong><br />(+21 for winning)
|raw|Auburn Hills's rating: 1676 &rarr; <strong>1655</strong><br />(-21 for losing)
|l|☆Auburn Hills
|player|p2|
|l|☆jeffbuckleyenjoyer
|player|p1|
