|j|☆yeshirong
|j|☆greenknuckle
|t:|1760719638
|gametype|singles
|player|p1|yeshirong|idol|1479
|player|p2|greenknuckle|170|1524
|gen|9
|tier|[Gen 9] OU
|rated|
|rule|HP Percentage Mod: HP is shown in percentages
|rule|Endless Battle Clause: Forcing endless battles is banned
|rule|Species Clause: Limit one of each Pokémon
|rule|OHKO Clause: OHKO moves are banned
|rule|Evasion Items Clause: Evasion items are banned
|rule|Evasion Moves Clause: Evasion moves are banned
|rule|Evasion Abilities Clause: Evasion abilities are banned
|rule|Sleep Moves Clause: Sleep-inducing moves are banned
|clearpoke
|poke|p1|Indeedee, M|
|poke|p1|Gholdengo|
|poke|p1|Dragapult, M|
|poke|p1|Hoopa-Unbound|
|poke|p1|Alomomola, F|
|poke|p1|Cinderace, M|
|poke|p2|Hoopa-Unbound|
|poke|p2|Hydrapple, M|
|poke|p2|Gliscor, M|
|poke|p2|Cinderace, M|
|poke|p2|Alomomola, M|
|poke|p2|Gholdengo|
|teampreview
|inactive|Battle timer is ON: inactive players will automatically lose when time's up. (requested by greenknuckle)
|inactive|yeshirong also wants the timer to be on.
|
|t:|1760719650
|teamsize|p1|6
|teamsize|p2|6
|start
|switch|p1a: Alomomola|Alomomola, F|100/100
|switch|p2a: Gliscor|Gliscor, M|100/100
|turn|1
|
|t:|1760719653
|move|p2a: Gliscor|Toxic|p1a: Alomomola
|-status|p1a: Alomomola|tox
|move|p1a: Alomomola|Flip Turn|p2a: Gliscor
|-supereffective|p2a: Gliscor
|-damage|p2a: Gliscor|76/100
|
|t:|1760719659
|switch|p1a: Indeedee|Indeedee, M|100/100|[from] Flip Turn
|-fieldstart|move: Psychic Terrain|[from] ability: Psychic Surge|[of] p1a: Indeedee
|
|-status|p2a: Gliscor|tox|[from] item: Toxic Orb
|upkeep
|turn|2
|
|t:|1760719663
|move|p2a: Gliscor|Protect|p2a: Gliscor
|-singleturn|p2a: Gliscor|Protect
|move|p1a: Indeedee|Expanding Force|p2a: Gliscor
|-activate|p2a: Gliscor|move: Protect
|
|-heal|p2a: Gliscor|89/100 tox|[from] ability: Poison Heal
|upkeep
|turn|3
|
|t:|1760719669
|switch|p2a: Hoopa|Hoopa-Unbound|100/100
|move|p1a: Indeedee|Expanding Force|p2a: Hoopa
|-immune|p2a: Hoopa
|
|upkeep
|turn|4
|
|t:|1760719677
|switch|p1a: Alomomola|Alomomola, F|100/100 tox
|move|p2a: Hoopa|Knock Off|p1a: Alomomola
|-damage|p1a: Alomomola|58/100 tox
|-enditem|p1a: Alomomola|Assault Vest|[from] move: Knock Off|[of] p2a: Hoopa
|
|-damage|p1a: Alomomola|52/100 tox|[from] psn
|upkeep
|turn|5
|
|t:|1760719682
|switch|p2a: Hydrapple|Hydrapple, M, shiny|100/100
|move|p1a: Alomomola|Flip Turn|p2a: Hydrapple
|-resisted|p2a: Hydrapple
|-damage|p2a: Hydrapple|98/100
|-damage|p1a: Alomomola|35/100 tox|[from] item: Rocky Helmet|[of] p2a: Hydrapple
|
|t:|1760719687
|switch|p1a: Hoopa|Hoopa-Unbound|100/100|[from] Flip Turn
|
|upkeep
|turn|6
|
|t:|1760719692
|switch|p2a: Alomomola|Alomomola, M|100/100
|move|p1a: Hoopa|Substitute|p1a: Hoopa
|-start|p1a: Hoopa|Substitute
|-damage|p1a: Hoopa|76/100
|
|upkeep
|turn|7
|
|t:|1760719699
|move|p1a: Hoopa|Expanding Force|p2a: Alomomola
|-crit|p2a: Alomomola
|-damage|p2a: Alomomola|9/100
|-damage|p1a: Hoopa|66/100|[from] item: Life Orb
|move|p2a: Alomomola|Flip Turn|p1a: Hoopa
|-end|p1a: Hoopa|Substitute
|
|t:|1760719702
|switch|p2a: Cinderace|Cinderace, M|100/100|[from] Flip Turn
|
|upkeep
|turn|8
|
|t:|1760719707
|switch|p1a: Alomomola|Alomomola, F|68/100 tox
|move|p2a: Cinderace|U-turn|p1a: Alomomola
|-damage|p1a: Alomomola|55/100 tox
|
|t:|1760719712
|switch|p2a: Hoopa|Hoopa-Unbound|100/100|[from] U-turn
|
|-damage|p1a: Alomomola|49/100 tox|[from] psn
|-fieldend|move: Psychic Terrain
|upkeep
|turn|9
|
|t:|1760719717
|move|p2a: Hoopa|Psychic Noise|p1a: Alomomola
|-damage|p1a: Alomomola|17/100 tox
|-start|p1a: Alomomola|move: Heal Block
|move|p1a: Alomomola|Flip Turn|p2a: Hoopa
|-damage|p2a: Hoopa|71/100
|
|t:|1760719721
|switch|p1a: Dragapult|Dragapult, M|100/100|[from] Flip Turn
|
|upkeep
|turn|10
|
|t:|1760719728
|switch|p2a: Gliscor|Gliscor, M|89/100 tox
|move|p1a: Dragapult|U-turn|p2a: Gliscor
|-resisted|p2a: Gliscor
|-damage|p2a: Gliscor|79/100 tox
|
|t:|1760719733
|switch|p1a: Indeedee|Indeedee, M|100/100|[from] U-turn
|-fieldstart|move: Psychic Terrain|[from] ability: Psychic Surge|[of] p1a: Indeedee
|
|-heal|p2a: Gliscor|91/100 tox|[from] ability: Poison Heal
|upkeep
|turn|11
|
|t:|1760719738
|move|p1a: Indeedee|Expanding Force|p2a: Gliscor
|-damage|p2a: Gliscor|22/100 tox
|move|p2a: Gliscor|Toxic|p1a: Indeedee
|-status|p1a: Indeedee|tox
|
|-damage|p1a: Indeedee|94/100 tox|[from] psn
|-heal|p2a: Gliscor|34/100 tox|[from] ability: Poison Heal
|upkeep
|turn|12
|
|t:|1760719742
|switch|p1a: Hoopa|Hoopa-Unbound|66/100
|move|p2a: Gliscor|Protect||[still]
|-fail|p2a: Gliscor
|
|-heal|p2a: Gliscor|47/100 tox|[from] ability: Poison Heal
|upkeep
|turn|13
|
|t:|1760719756
|switch|p2a: Hydrapple|Hydrapple, M, shiny|100/100
|move|p1a: Hoopa|Substitute|p1a: Hoopa
|-start|p1a: Hoopa|Substitute
|-damage|p1a: Hoopa|41/100
|
|upkeep
|turn|14
|
|t:|1760719770
|move|p1a: Hoopa|Expanding Force|p2a: Hydrapple
|-damage|p2a: Hydrapple|0 fnt
|faint|p2a: Hydrapple
|-damage|p1a: Hoopa|31/100|[from] item: Life Orb
|
|upkeep
|
|t:|1760719773
|switch|p2a: Cinderace|Cinderace, M|100/100
|turn|15
|
|t:|1760719780
|move|p2a: Cinderace|U-turn|p1a: Hoopa
|-supereffective|p1a: Hoopa
|-end|p1a: Hoopa|Substitute
|
|t:|1760719786
|switch|p2a: Hoopa|Hoopa-Unbound|71/100|[from] U-turn
|move|p1a: Hoopa|Knock Off|p2a: Hoopa
|-damage|p2a: Hoopa|0 fnt
|-enditem|p2a: Hoopa|Choice Scarf|[from] move: Knock Off|[of] p1a: Hoopa
|faint|p2a: Hoopa
|-damage|p1a: Hoopa|21/100|[from] item: Life Orb
|
|upkeep
|
|t:|1760719788
|switch|p2a: Cinderace|Cinderace, M|100/100
|turn|16
|
|t:|1760719793
|switch|p1a: Alomomola|Alomomola, F|50/100 tox
|move|p2a: Cinderace|U-turn|p1a: Alomomola
|-damage|p1a: Alomomola|36/100 tox
|
|t:|1760719797
|switch|p2a: Gholdengo|Gholdengo|100/100|[from] U-turn
|-item|p2a: Gholdengo|Air Balloon
|
|-damage|p1a: Alomomola|30/100 tox|[from] psn
|upkeep
|turn|17
|
|t:|1760719801
|move|p2a: Gholdengo|Hex|p1a: Alomomola
|-damage|p1a: Alomomola|0 fnt
|faint|p1a: Alomomola
|
|-fieldend|move: Psychic Terrain
|upkeep
|
|t:|1760719805
|switch|p1a: Cinderace|Cinderace, M|100/100
|turn|18
|
|t:|1760719809
|switch|p2a: Alomomola|Alomomola, M|42/100
|move|p1a: Cinderace|U-turn|p2a: Alomomola
|-damage|p2a: Alomomola|27/100
|
|t:|1760719814
|switch|p1a: Indeedee|Indeedee, M|94/100 tox|[from] U-turn
|-fieldstart|move: Psychic Terrain|[from] ability: Psychic Surge|[of] p1a: Indeedee
|
|-damage|p1a: Indeedee|88/100 tox|[from] psn
|upkeep
|turn|19
|
|t:|1760719822
|switch|p2a: Gliscor|Gliscor, M|47/100 tox
|move|p1a: Indeedee|Expanding Force|p2a: Gliscor
|-damage|p2a: Gliscor|0 fnt
|faint|p2a: Gliscor
|
|-damage|p1a: Indeedee|76/100 tox|[from] psn
|upkeep
|
|t:|1760719824
|switch|p2a: Cinderace|Cinderace, M|100/100
|turn|20
|
|t:|1760719836
|switch|p1a: Cinderace|Cinderace, M|100/100
|move|p2a: Cinderace|Pyro Ball|p1a: Cinderace
|-resisted|p1a: Cinderace
|-damage|p1a: Cinderace|70/100
|
|upkeep
|turn|21
|
|t:|1760719840
|move|p2a: Cinderace|U-turn|p1a: Cinderace
|-resisted|p1a: Cinderace
|-damage|p1a: Cinderace|60/100
|
|t:|1760719842
|switch|p2a: Alomomola|Alomomola, M|60/100|[from] U-turn
|move|p1a: Cinderace|Pyro Ball|p2a: Alomomola
|-resisted|p2a: Alomomola
|-damage|p2a: Alomomola|41/100
|
|upkeep
|turn|22
|
|t:|1760719851
|move|p1a: Cinderace|Pyro Ball|p2a: Alomomola
|-resisted|p2a: Alomomola
|-damage|p2a: Alomomola|21/100
|move|p2a: Alomomola|Flip Turn|p1a: Cinderace
|-supereffective|p1a: Cinderace
|-damage|p1a: Cinderace|21/100
|
|t:|1760719854
|switch|p2a: Cinderace|Cinderace, M|100/100|[from] Flip Turn
|
|upkeep
|turn|23
|
|t:|1760719857
|move|p2a: Cinderace|Pyro Ball|p1a: Cinderace
|-resisted|p1a: Cinderace
|-crit|p1a: Cinderace
|-damage|p1a: Cinderace|0 fnt
|faint|p1a: Cinderace
|
|upkeep
|
|t:|1760719861
|switch|p1a: Dragapult|Dragapult, M|100/100
|turn|24
|
|t:|1760719865
|move|p1a: Dragapult|U-turn|p2a: Cinderace
|-resisted|p2a: Cinderace
|-crit|p2a: Cinderace
|-damage|p2a: Cinderace|78/100
|
|t:|1760719871
|switch|p1a: Hoopa|Hoopa-Unbound|21/100|[from] U-turn
|move|p2a: Cinderace|U-turn|p1a: Hoopa
|-supereffective|p1a: Hoopa
|-damage|p1a: Hoopa|0 fnt
|faint|p1a: Hoopa
|
|t:|1760719876
|switch|p2a: Alomomola|Alomomola, M|54/100|[from] U-turn
|
|upkeep
|
|t:|1760719879
|switch|p1a: Indeedee|Indeedee, M|76/100 tox
|turn|25
|inactive|greenknuckle has 120 seconds left.
|inactive|greenknuckle has 90 seconds left.
|inactive|greenknuckle has 60 seconds left.
|inactive|greenknuckle has 30 seconds left.
|inactive|greenknuckle has 20 seconds left.
|inactive|greenknuckle has 15 seconds left.
|inactive|greenknuckle has 10 seconds left.
|inactive|greenknuckle has 5 seconds left.
|-message|greenknuckle lost due to inactivity.
|
|win|yeshirong
|raw|yeshirong's rating: 1479 &rarr; <strong>1502</strong><br />(+23 for winning)
|raw|greenknuckle's rating: 1524 &rarr; <strong>1501</strong><br />(-23 for losing)
|l|☆greenknuckle
|player|p2|
