|j|☆yesterdaymister
|j|☆slimypits
|t:|1760825165
|gametype|singles
|player|p1|yesterdaymister|striker|1718
|player|p2|slimypits|265|1667
|gen|9
|tier|[Gen 9] OU
|rated|
|rule|HP Percentage Mod: HP is shown in percentages
|rule|Endless Battle Clause: Forcing endless battles is banned
|rule|Species Clause: Limit one of each Pokémon
|rule|OHKO Clause: OHKO moves are banned
|rule|Evasion Items Clause: Evasion items are banned
|rule|Evasion Moves Clause: Evasion moves are banned
|rule|Evasion Abilities Clause: Evasion abilities are banned
|rule|Sleep Moves Clause: Sleep-inducing moves are banned
|clearpoke
|poke|p1|Ninetales, M|
|poke|p1|Ceruledge, F|
|poke|p1|Venusaur, F|
|poke|p1|Hatterene, F|
|poke|p1|Great Tusk|
|poke|p1|Walking Wake|
|poke|p2|Ninetales-Alola, F|
|poke|p2|Cloyster, F|
|poke|p2|Maushold-Four|
|poke|p2|Iron Moth|
|poke|p2|Raging Bolt|
|poke|p2|Ursaluna, F|
|teampreview
|inactive|Battle timer is ON: inactive players will automatically lose when time's up. (requested by yesterdaymister)
|
|t:|1760825183
|teamsize|p1|6
|teamsize|p2|6
|start
|switch|p1a: arda guler|Ninetales, M|100/100
|switch|p2a: Raging Bolt|Raging Bolt|100/100
|-weather|SunnyDay|[from] ability: Drought|[of] p1a: arda guler
|-activate|p2a: Raging Bolt|ability: Protosynthesis
|-start|p2a: Raging Bolt|protosynthesisspa
|turn|1
|
|t:|1760825209
|switch|p1a: mignolet|Great Tusk|100/100
|-activate|p1a: mignolet|ability: Protosynthesis
|-start|p1a: mignolet|protosynthesisspe
|-end|p2a: Raging Bolt|Protosynthesis|[silent]
|switch|p2a: Ninetales|Ninetales-Alola, F|100/100
|-weather|Snowscape|[from] ability: Snow Warning|[of] p2a: Ninetales
|-end|p1a: mignolet|Protosynthesis
|
|-weather|Snowscape|[upkeep]
|upkeep
|turn|2
|
|t:|1760825218
|-end|p1a: mignolet|Protosynthesis|[silent]
|switch|p1a: arda guler|Ninetales, M|100/100
|-weather|SunnyDay|[from] ability: Drought|[of] p1a: arda guler
|move|p2a: Ninetales|Snowscape|p2a: Ninetales
|-weather|Snowscape
|
|-weather|Snowscape|[upkeep]
|upkeep
|turn|3
|j| anoxx17
|
|t:|1760825225
|move|p2a: Ninetales|Aurora Veil|p2a: Ninetales
|-sidestart|p2: slimypits|move: Aurora Veil
|move|p1a: arda guler|Encore|p2a: Ninetales
|-start|p2a: Ninetales|Encore
|
|-weather|Snowscape|[upkeep]
|upkeep
|turn|4
|
|t:|1760825230
|switch|p2a: Ursaluna|Ursaluna, F|100/100
|switch|p1a: lebron|Ceruledge, F|100/100
|
|-weather|Snowscape|[upkeep]
|upkeep
|turn|5
|
|t:|1760825239
|switch|p1a: mignolet|Great Tusk|100/100
|move|p2a: Ursaluna|Earthquake|p1a: mignolet
|-damage|p1a: mignolet|74/100
|
|-weather|Snowscape|[upkeep]
|upkeep
|turn|6
|
|t:|1760825245
|switch|p2a: Cloyster|Cloyster, F|100/100
|move|p1a: mignolet|Stealth Rock|p2a: Cloyster
|-sidestart|p2: slimypits|move: Stealth Rock
|
|-weather|none
|upkeep
|turn|7
|inactive|yesterdaymister has 120 seconds left.
|
|t:|1760825277
|-end|p1a: mignolet|Protosynthesis|[silent]
|switch|p1a: chama|Walking Wake|100/100
|move|p2a: Cloyster|Shell Smash|p2a: Cloyster
|-unboost|p2a: Cloyster|def|1
|-unboost|p2a: Cloyster|spd|1
|-boost|p2a: Cloyster|atk|2
|-boost|p2a: Cloyster|spa|2
|-boost|p2a: Cloyster|spe|2
|
|upkeep
|turn|8
|l| anoxx17
|
|t:|1760825289
|-terastallize|p2a: Cloyster|Ice
|-terastallize|p1a: chama|Water
|move|p2a: Cloyster|Icicle Spear|p1a: chama
|-resisted|p1a: chama
|-damage|p1a: chama|79/100
|-resisted|p1a: chama
|-damage|p1a: chama|59/100
|-resisted|p1a: chama
|-damage|p1a: chama|40/100
|-resisted|p1a: chama
|-damage|p1a: chama|20/100
|-resisted|p1a: chama
|-damage|p1a: chama|0 fnt
|faint|p1a: chama
|-end|p1a: chama|Protosynthesis|[silent]
|-hitcount|p1: chama|5
|
|upkeep
|inactive|yesterdaymister has 120 seconds left.
|
|t:|1760825302
|switch|p1a: arda guler|Ninetales, M|100/100
|-weather|SunnyDay|[from] ability: Drought|[of] p1a: arda guler
|turn|9
|
|t:|1760825311
|switch|p1a: maccabi|Hatterene, F|100/100
|move|p2a: Cloyster|Icicle Spear|p1a: maccabi
|-damage|p1a: maccabi|70/100
|-crit|p1a: maccabi
|-damage|p1a: maccabi|21/100
|-damage|p1a: maccabi|0 fnt
|faint|p1a: maccabi
|-hitcount|p1: maccabi|3
|
|-weather|SunnyDay|[upkeep]
|upkeep
|
|t:|1760825318
|switch|p1a: hans vanaken|Venusaur, F|100/100
|turn|10
|c|☆slimypits|gg
|
|t:|1760825321
|move|p2a: Cloyster|Ice Shard|p1a: hans vanaken
|-supereffective|p1a: hans vanaken
|-damage|p1a: hans vanaken|0 fnt
|faint|p1a: hans vanaken
|
|-weather|SunnyDay|[upkeep]
|-sideend|p2: slimypits|move: Aurora Veil
|upkeep
|
|t:|1760825324
|switch|p1a: mignolet|Great Tusk|74/100
|-activate|p1a: mignolet|ability: Protosynthesis
|-start|p1a: mignolet|protosynthesisspe
|turn|11
|
|t:|1760825327
|move|p2a: Cloyster|Icicle Spear|p1a: mignolet
|-supereffective|p1a: mignolet
|-damage|p1a: mignolet|24/100
|-supereffective|p1a: mignolet
|-damage|p1a: mignolet|0 fnt
|faint|p1a: mignolet
|-end|p1a: mignolet|Protosynthesis|[silent]
|-hitcount|p1: mignolet|2
|
|-weather|SunnyDay|[upkeep]
|upkeep
|
|t:|1760825329
|switch|p1a: lebron|Ceruledge, F|100/100
|turn|12
|
|t:|1760825331
|move|p2a: Cloyster|Icicle Spear|p1a: lebron
|-resisted|p1a: lebron
|-damage|p1a: lebron|75/100
|-ability|p1a: lebron|Weak Armor|boost
|-unboost|p1a: lebron|def|1
|-boost|p1a: lebron|spe|2
|-resisted|p1a: lebron
|-damage|p1a: lebron|35/100
|-ability|p1a: lebron|Weak Armor|boost
|-unboost|p1a: lebron|def|1
|-boost|p1a: lebron|spe|2
|-resisted|p1a: lebron
|-damage|p1a: lebron|0 fnt
|faint|p1a: lebron
|-hitcount|p1: lebron|3
|
|-weather|SunnyDay|[upkeep]
|upkeep
|-message|yesterdaymister forfeited.
|
|win|slimypits
|raw|yesterdaymister's rating: 1718 &rarr; <strong>1695</strong><br />(-23 for losing)
|raw|slimypits's rating: 1667 &rarr; <strong>1690</strong><br />(+23 for winning)
|l|☆slimypits
|player|p2|
|l|☆yesterdaymister
|player|p1|
