|j|‽bepic223
|j|☆yesterdaymister
|t:|1760794345
|gametype|singles
|player|p1|bepic223|veteranf|1757
|player|p2|yesterdaymister|striker|1752
|gen|9
|tier|[Gen 9] OU
|rated|
|rule|HP Percentage Mod: HP is shown in percentages
|rule|Endless Battle Clause: Forcing endless battles is banned
|rule|Species Clause: Limit one of each Pokémon
|rule|OHKO Clause: OHKO moves are banned
|rule|Evasion Items Clause: Evasion items are banned
|rule|Evasion Moves Clause: Evasion moves are banned
|rule|Evasion Abilities Clause: Evasion abilities are banned
|rule|Sleep Moves Clause: Sleep-inducing moves are banned
|clearpoke
|poke|p1|Darkrai|
|poke|p1|Ogerpon-Wellspring, F|
|poke|p1|Hatterene, F|
|poke|p1|Landorus-Therian, M|
|poke|p1|Kingambit, M|
|poke|p1|Slowking-Galar, M|
|poke|p2|Ninetales, F|
|poke|p2|Ceruledge, M|
|poke|p2|Venusaur, M|
|poke|p2|Hatterene, F|
|poke|p2|Great Tusk|
|poke|p2|Walking Wake|
|teampreview
|inactive|Battle timer is ON: inactive players will automatically lose when time's up. (requested by yesterdaymister)
|inactive|bepic223 also wants the timer to be on.
|
|t:|1760794349
|teamsize|p1|6
|teamsize|p2|6
|start
|switch|p1a: Darkrai|Darkrai|100/100
|switch|p2a: mignolet|Great Tusk|100/100
|turn|1
|
|t:|1760794367
|-end|p2a: mignolet|Protosynthesis|[silent]
|switch|p2a: arda guler|Ninetales, F|100/100
|-weather|SunnyDay|[from] ability: Drought|[of] p2a: arda guler
|move|p1a: Darkrai|Ice Beam|p2a: arda guler
|-resisted|p2a: arda guler
|-damage|p2a: arda guler|79/100
|
|-weather|SunnyDay|[upkeep]
|upkeep
|turn|2
|
|t:|1760794379
|switch|p1a: Slowking|Slowking-Galar, M|100/100
|switch|p2a: maccabi|Hatterene, F|100/100
|
|-weather|SunnyDay|[upkeep]
|upkeep
|turn|3
|
|t:|1760794388
|switch|p1a: Landorus|Landorus-Therian, M|100/100
|-ability|p1a: Landorus|Intimidate|boost
|-unboost|p2a: maccabi|atk|1
|move|p2a: maccabi|Nuzzle|p1a: Landorus
|-immune|p1a: Landorus
|
|-weather|SunnyDay|[upkeep]
|upkeep
|turn|4
|
|t:|1760794399
|move|p1a: Landorus|U-turn|p2a: maccabi
|-damage|p2a: maccabi|82/100
|-enditem|p2a: maccabi|Eject Button
|
|t:|1760794416
|switch|p2a: chama|Walking Wake|100/100
|-activate|p2a: chama|ability: Protosynthesis
|-start|p2a: chama|protosynthesisspa
|
|-weather|SunnyDay|[upkeep]
|upkeep
|turn|5
|
|t:|1760794422
|switch|p1a: Slowking|Slowking-Galar, M|100/100
|move|p2a: chama|Flamethrower|p1a: Slowking
|-crit|p1a: Slowking
|-damage|p1a: Slowking|23/100
|
|-weather|SunnyDay|[upkeep]
|upkeep
|turn|6
|
|t:|1760794440
|switch|p1a: Darkrai|Darkrai|100/100
|move|p2a: chama|Flamethrower|p1a: Darkrai
|-crit|p1a: Darkrai
|-damage|p1a: Darkrai|0 fnt
|faint|p1a: Darkrai
|
|-weather|SunnyDay|[upkeep]
|upkeep
|
|t:|1760794443
|switch|p1a: Slowking|Slowking-Galar, M|56/100
|turn|7
|
|t:|1760794454
|-terastallize|p1a: Slowking|Water
|move|p2a: chama|Flamethrower|p1a: Slowking
|-resisted|p1a: Slowking
|-damage|p1a: Slowking|33/100
|move|p1a: Slowking|Sludge Bomb|p2a: chama
|-damage|p2a: chama|51/100
|
|-weather|SunnyDay|[upkeep]
|upkeep
|turn|8
|
|t:|1760794467
|-end|p2a: chama|Protosynthesis|[silent]
|switch|p2a: hans vanaken|Venusaur, M|100/100
|move|p1a: Slowking|Sludge Bomb|p2a: hans vanaken
|-damage|p2a: hans vanaken|50/100
|
|-weather|none
|upkeep
|turn|9
|
|t:|1760794476
|switch|p1a: Landorus|Landorus-Therian, M|100/100
|-ability|p1a: Landorus|Intimidate|boost
|-unboost|p2a: hans vanaken|atk|1
|move|p2a: hans vanaken|Giga Drain|p1a: Landorus
|-damage|p1a: Landorus|47/100
|-heal|p2a: hans vanaken|84/100|[from] drain|[of] p1a: Landorus
|-damage|p2a: hans vanaken|74/100|[from] item: Life Orb
|
|upkeep
|turn|10
|
|t:|1760794485
|switch|p1a: Kingambit|Kingambit, M|100/100
|-activate|p1a: Kingambit|ability: Supreme Overlord
|-start|p1a: Kingambit|fallen1|[silent]
|move|p2a: hans vanaken|Giga Drain|p1a: Kingambit
|-resisted|p1a: Kingambit
|-damage|p1a: Kingambit|77/100
|-heal|p2a: hans vanaken|89/100|[from] drain|[of] p1a: Kingambit
|-damage|p2a: hans vanaken|79/100|[from] item: Life Orb
|
|-heal|p1a: Kingambit|83/100|[from] item: Leftovers
|upkeep
|turn|11
|
|t:|1760794499
|switch|p2a: mignolet|Great Tusk|100/100
|-end|p1a: Kingambit|fallen1|[silent]
|switch|p1a: Slowking|Slowking-Galar, M, tera:Water|66/100
|
|upkeep
|turn|12
|
|t:|1760794507
|switch|p1a: Hatterene|Hatterene, F|100/100
|move|p2a: mignolet|Headlong Rush|p1a: Hatterene
|-damage|p1a: Hatterene|56/100
|-unboost|p2a: mignolet|def|1
|-unboost|p2a: mignolet|spd|1
|-damage|p2a: mignolet|84/100|[from] item: Rocky Helmet|[of] p1a: Hatterene
|
|upkeep
|turn|13
|
|t:|1760794514
|-end|p2a: mignolet|Protosynthesis|[silent]
|switch|p2a: arda guler|Ninetales, F|79/100
|-weather|SunnyDay|[from] ability: Drought|[of] p2a: arda guler
|move|p1a: Hatterene|Pain Split|p2a: arda guler
|-sethp|p2a: arda guler|65/100|[from] move: Pain Split|[silent]
|-sethp|p1a: Hatterene|71/100|[from] move: Pain Split
|
|-weather|SunnyDay|[upkeep]
|upkeep
|turn|14
|
|t:|1760794524
|switch|p2a: maccabi|Hatterene, F|82/100
|move|p1a: Hatterene|Psychic Noise|p2a: maccabi
|-resisted|p2a: maccabi
|-damage|p2a: maccabi|66/100
|-start|p2a: maccabi|move: Heal Block
|
|-weather|SunnyDay|[upkeep]
|upkeep
|turn|15
|
|t:|1760794528
|switch|p1a: Landorus|Landorus-Therian, M|47/100
|-ability|p1a: Landorus|Intimidate|boost
|-unboost|p2a: maccabi|atk|1
|move|p2a: maccabi|Nuzzle|p1a: Landorus
|-immune|p1a: Landorus
|
|-weather|SunnyDay|[upkeep]
|-end|p2a: maccabi|move: Heal Block
|upkeep
|turn|16
|
|t:|1760794532
|move|p1a: Landorus|Taunt|p2a: maccabi
|move|p2a: maccabi|Taunt|p1a: Landorus|[from] ability: Magic Bounce
|-start|p1a: Landorus|move: Taunt
|move|p2a: maccabi|Healing Wish|p2a: maccabi
|faint|p2a: maccabi
|
|-weather|SunnyDay|[upkeep]
|upkeep
|
|t:|1760794551
|switch|p2a: chama|Walking Wake|51/100
|-heal|p2a: chama|100/100|[from] move: Healing Wish
|-activate|p2a: chama|ability: Protosynthesis
|-start|p2a: chama|protosynthesisspa
|turn|17
|
|t:|1760794564
|switch|p1a: Slowking|Slowking-Galar, M, tera:Water|99/100
|move|p2a: chama|Draco Meteor|p1a: Slowking
|-damage|p1a: Slowking|28/100
|-unboost|p2a: chama|spa|2
|
|-weather|SunnyDay|[upkeep]
|upkeep
|turn|18
|
|t:|1760794572
|-end|p2a: chama|Protosynthesis|[silent]
|switch|p2a: hans vanaken|Venusaur, M|79/100
|switch|p1a: Kingambit|Kingambit, M|83/100
|-activate|p1a: Kingambit|ability: Supreme Overlord
|-start|p1a: Kingambit|fallen1|[silent]
|
|-weather|SunnyDay|[upkeep]
|-heal|p1a: Kingambit|89/100|[from] item: Leftovers
|upkeep
|turn|19
|
|t:|1760794581
|-end|p1a: Kingambit|fallen1|[silent]
|switch|p1a: Slowking|Slowking-Galar, M, tera:Water|61/100
|move|p2a: hans vanaken|Weather Ball|p1a: Slowking
|-resisted|p1a: Slowking
|-damage|p1a: Slowking|46/100
|-damage|p2a: hans vanaken|69/100|[from] item: Life Orb
|
|-weather|SunnyDay|[upkeep]
|upkeep
|turn|20
|
|t:|1760794588
|switch|p1a: Kingambit|Kingambit, M|89/100
|-activate|p1a: Kingambit|ability: Supreme Overlord
|-start|p1a: Kingambit|fallen1|[silent]
|move|p2a: hans vanaken|Weather Ball|p1a: Kingambit
|-supereffective|p1a: Kingambit
|-damage|p1a: Kingambit|0 fnt
|faint|p1a: Kingambit
|-end|p1a: Kingambit|fallen1|[silent]
|-damage|p2a: hans vanaken|59/100|[from] item: Life Orb
|
|-weather|none
|upkeep
|
|t:|1760794594
|switch|p1a: Ogerpon|Ogerpon-Wellspring, F|100/100
|turn|21
|
|t:|1760794598
|move|p1a: Ogerpon|Swords Dance|p1a: Ogerpon
|-boost|p1a: Ogerpon|atk|2
|move|p2a: hans vanaken|Sludge Bomb|p1a: Ogerpon
|-supereffective|p1a: Ogerpon
|-damage|p1a: Ogerpon|0 fnt
|faint|p1a: Ogerpon
|-damage|p2a: hans vanaken|49/100|[from] item: Life Orb
|
|upkeep
|-message|bepic223 forfeited.
|
|win|yesterdaymister
|raw|bepic223's rating: 1757 &rarr; <strong>1737</strong><br />(-20 for losing)
|raw|yesterdaymister's rating: 1752 &rarr; <strong>1772</strong><br />(+20 for winning)
|l|‽bepic223
|player|p1|
