|j|☆HZBKAI7
|j|☆lyeskoriche
|t:|1760848405
|gametype|singles
|player|p1|HZBKAI7|2|1159
|player|p2|lyeskoriche|bugcatcher-gen4dp|1113
|gen|9
|tier|[Gen 9] OU
|rated|
|rule|HP Percentage Mod: HP is shown in percentages
|rule|Endless Battle Clause: Forcing endless battles is banned
|rule|Species Clause: Limit one of each Pokémon
|rule|OHKO Clause: OHKO moves are banned
|rule|Evasion Items Clause: Evasion items are banned
|rule|Evasion Moves Clause: Evasion moves are banned
|rule|Evasion Abilities Clause: Evasion abilities are banned
|rule|Sleep Moves Clause: Sleep-inducing moves are banned
|clearpoke
|poke|p1|Kingambit, F|
|poke|p1|Iron Treads|
|poke|p1|Necrozma|
|poke|p1|Pecharunt|
|poke|p1|Enamorus, F|
|poke|p1|Samurott-Hisui, F|
|poke|p2|Bronzong|
|poke|p2|Bellibolt, M|
|poke|p2|Slowbro-Galar, M|
|poke|p2|Rillaboom, F|
|poke|p2|Venomoth, M|
|poke|p2|Mandibuzz, F|
|teampreview
|
|t:|1760848412
|teamsize|p1|6
|teamsize|p2|6
|start
|switch|p1a: Iron Treads|Iron Treads|100/100
|switch|p2a: Mandibuzz|Mandibuzz, F, shiny|100/100
|turn|1
|
|t:|1760848416
|move|p1a: Iron Treads|Ice Spinner|p2a: Mandibuzz
|-supereffective|p2a: Mandibuzz
|-damage|p2a: Mandibuzz|57/100
|-ability|p2a: Mandibuzz|Weak Armor|boost
|-unboost|p2a: Mandibuzz|def|1
|-boost|p2a: Mandibuzz|spe|2
|move|p2a: Mandibuzz|Nasty Plot|p2a: Mandibuzz
|-boost|p2a: Mandibuzz|spa|2
|
|upkeep
|turn|2
|
|t:|1760848423
|move|p2a: Mandibuzz|Dark Pulse|p1a: Iron Treads
|-damage|p1a: Iron Treads|29/100
|-damage|p2a: Mandibuzz|47/100|[from] item: Life Orb
|move|p1a: Iron Treads|Ice Spinner|p2a: Mandibuzz
|-supereffective|p2a: Mandibuzz
|-damage|p2a: Mandibuzz|0 fnt
|faint|p2a: Mandibuzz
|
|upkeep
|
|t:|1760848434
|switch|p2a: Rillaboom|Rillaboom, F|100/100
|-fieldstart|move: Grassy Terrain|[from] ability: Grassy Surge|[of] p2a: Rillaboom
|turn|3
|
|t:|1760848441
|move|p1a: Iron Treads|Ice Spinner|p2a: Rillaboom
|-supereffective|p2a: Rillaboom
|-damage|p2a: Rillaboom|66/100
|-enditem|p2a: Rillaboom|Weakness Policy
|-boost|p2a: Rillaboom|atk|2|[from] item: Weakness Policy
|-boost|p2a: Rillaboom|spa|2|[from] item: Weakness Policy
|-fieldend|move: Grassy Terrain
|move|p2a: Rillaboom|Knock Off|p1a: Iron Treads
|-damage|p1a: Iron Treads|0 fnt
|-enditem|p1a: Iron Treads|Assault Vest|[from] move: Knock Off|[of] p2a: Rillaboom
|faint|p1a: Iron Treads
|-end|p1a: Iron Treads|Quark Drive|[silent]
|
|upkeep
|
|t:|1760848441
|switch|p1a: Pecharunt|Pecharunt|100/100
|-item|p1a: Pecharunt|Air Balloon
|turn|4
|
|t:|1760848451
|-terastallize|p2a: Rillaboom|Flying
|move|p1a: Pecharunt|Malignant Chain|p2a: Rillaboom
|-crit|p2a: Rillaboom
|-damage|p2a: Rillaboom|10/100
|-status|p2a: Rillaboom|tox
|-start|p2a: Rillaboom|confusion|[from] ability: Poison Puppeteer|[of] p1a: Pecharunt
|-activate|p2a: Rillaboom|confusion
|move|p2a: Rillaboom|Acrobatics|p1a: Pecharunt
|-damage|p1a: Pecharunt|39/100
|-enditem|p1a: Pecharunt|Air Balloon
|
|-damage|p2a: Rillaboom|4/100 tox|[from] psn
|upkeep
|turn|5
|
|t:|1760848465
|move|p1a: Pecharunt|Malignant Chain|p2a: Rillaboom
|-crit|p2a: Rillaboom
|-damage|p2a: Rillaboom|0 fnt
|faint|p2a: Rillaboom
|
|upkeep
|
|t:|1760848469
|switch|p2a: Slowbro|Slowbro-Galar, M|100/100
|turn|6
|
|t:|1760848474
|move|p1a: Pecharunt|Shadow Ball|p2a: Slowbro
|-supereffective|p2a: Slowbro
|-crit|p2a: Slowbro
|-damage|p2a: Slowbro|0 fnt
|faint|p2a: Slowbro
|
|upkeep
|
|t:|1760848478
|switch|p2a: Venomoth|Venomoth, M|100/100
|turn|7
|
|t:|1760848481
|move|p1a: Pecharunt|Shadow Ball|p2a: Venomoth
|-damage|p2a: Venomoth|70/100
|move|p2a: Venomoth|Quiver Dance|p2a: Venomoth
|-boost|p2a: Venomoth|spa|1
|-boost|p2a: Venomoth|spd|1
|-boost|p2a: Venomoth|spe|1
|
|upkeep
|turn|8
|
|t:|1760848488
|move|p2a: Venomoth|Quiver Dance|p2a: Venomoth
|-boost|p2a: Venomoth|spa|1
|-boost|p2a: Venomoth|spd|1
|-boost|p2a: Venomoth|spe|1
|move|p1a: Pecharunt|Shadow Ball|p2a: Venomoth
|-damage|p2a: Venomoth|56/100
|
|upkeep
|turn|9
|
|t:|1760848495
|move|p2a: Venomoth|Morning Sun|p2a: Venomoth
|-heal|p2a: Venomoth|100/100
|move|p1a: Pecharunt|Shadow Ball|p2a: Venomoth
|-damage|p2a: Venomoth|85/100
|
|upkeep
|turn|10
|
|t:|1760848501
|move|p2a: Venomoth|Quiver Dance|p2a: Venomoth
|-boost|p2a: Venomoth|spa|1
|-boost|p2a: Venomoth|spd|1
|-boost|p2a: Venomoth|spe|1
|move|p1a: Pecharunt|Shadow Ball|p2a: Venomoth
|-damage|p2a: Venomoth|74/100
|
|upkeep
|turn|11
|
|t:|1760848508
|move|p2a: Venomoth|Quiver Dance|p2a: Venomoth
|-boost|p2a: Venomoth|spa|1
|-boost|p2a: Venomoth|spd|1
|-boost|p2a: Venomoth|spe|1
|move|p1a: Pecharunt|Shadow Ball|p2a: Venomoth
|-damage|p2a: Venomoth|64/100
|
|upkeep
|turn|12
|
|t:|1760848514
|move|p2a: Venomoth|Morning Sun|p2a: Venomoth
|-heal|p2a: Venomoth|100/100
|move|p1a: Pecharunt|Shadow Ball|p2a: Venomoth
|-damage|p2a: Venomoth|91/100
|-unboost|p2a: Venomoth|spd|1
|
|upkeep
|turn|13
|
|t:|1760848518
|move|p2a: Venomoth|Quiver Dance|p2a: Venomoth
|-boost|p2a: Venomoth|spa|1
|-boost|p2a: Venomoth|spd|1
|-boost|p2a: Venomoth|spe|1
|move|p1a: Pecharunt|Shadow Ball|p2a: Venomoth
|-damage|p2a: Venomoth|80/100
|
|upkeep
|turn|14
|
|t:|1760848521
|move|p2a: Venomoth|Bug Buzz|p1a: Pecharunt
|-resisted|p1a: Pecharunt
|-damage|p1a: Pecharunt|0 fnt
|faint|p1a: Pecharunt
|-enditem|p2a: Venomoth|Throat Spray
|-boost|p2a: Venomoth|spa|1|[from] item: Throat Spray
|
|upkeep
|
|t:|1760848521
|switch|p1a: Necrozma|Necrozma, shiny|100/100
|turn|15
|
|t:|1760848527
|move|p2a: Venomoth|Bug Buzz|p1a: Necrozma
|-supereffective|p1a: Necrozma
|-damage|p1a: Necrozma|0 fnt
|faint|p1a: Necrozma
|
|upkeep
|
|t:|1760848527
|switch|p1a: Enamorus|Enamorus, F, shiny|100/100
|turn|16
|
|t:|1760848531
|move|p2a: Venomoth|Sludge Wave|p1a: Enamorus
|-supereffective|p1a: Enamorus
|-damage|p1a: Enamorus|0 fnt
|faint|p1a: Enamorus
|
|upkeep
|
|t:|1760848532
|switch|p1a: Kingambit|Kingambit, F, shiny|100/100
|-activate|p1a: Kingambit|ability: Supreme Overlord
|-start|p1a: Kingambit|fallen4|[silent]
|turn|17
|
|t:|1760848535
|move|p2a: Venomoth|Bug Buzz|p1a: Kingambit
|-damage|p1a: Kingambit|0 fnt
|faint|p1a: Kingambit
|-end|p1a: Kingambit|fallen4|[silent]
|
|upkeep
|
|t:|1760848535
|switch|p1a: Samurott|Samurott-Hisui, F, shiny|100/100
|turn|18
|
|t:|1760848541
|move|p2a: Venomoth|Bug Buzz|p1a: Samurott
|-supereffective|p1a: Samurott
|-crit|p1a: Samurott
|-damage|p1a: Samurott|0 fnt
|faint|p1a: Samurott
|
|win|lyeskoriche
|raw|HZBKAI7's rating: 1159 &rarr; <strong>1131</strong><br />(-28 for losing)
|raw|lyeskoriche's rating: 1113 &rarr; <strong>1141</strong><br />(+28 for winning)
|l|☆HZBKAI7
|player|p1|
|l|☆lyeskoriche
|player|p2|
