|j|☆SwordMaster3000
|j|☆huey888
|t:|1760718975
|gametype|singles
|player|p1|SwordMaster3000|iris-gen5bw2|1398
|player|p2|huey888|bugcatcher-gen4dp|1352
|gen|9
|tier|[Gen 9] OU
|rated|
|rule|HP Percentage Mod: HP is shown in percentages
|rule|Endless Battle Clause: Forcing endless battles is banned
|rule|Species Clause: Limit one of each Pokémon
|rule|OHKO Clause: OHKO moves are banned
|rule|Evasion Items Clause: Evasion items are banned
|rule|Evasion Moves Clause: Evasion moves are banned
|rule|Evasion Abilities Clause: Evasion abilities are banned
|rule|Sleep Moves Clause: Sleep-inducing moves are banned
|clearpoke
|poke|p1|Samurott-Hisui, M|
|poke|p1|Tinkaton, F|
|poke|p1|Raging Bolt|
|poke|p1|Great Tusk|
|poke|p1|Dragapult, F|
|poke|p1|Moltres|
|poke|p2|Mimikyu, M|
|poke|p2|Reuniclus, M|
|poke|p2|Ursaluna, M|
|poke|p2|Kingambit, M|
|poke|p2|Hoopa-Unbound|
|poke|p2|Hatterene, F|
|teampreview
|
|t:|1760718986
|teamsize|p1|6
|teamsize|p2|6
|start
|switch|p1a: Tinkaton|Tinkaton, F|100/100
|switch|p2a: Mimikyu|Mimikyu, M|100/100
|-ability|p1a: Tinkaton|Mold Breaker
|-item|p1a: Tinkaton|Air Balloon
|turn|1
|
|t:|1760718994
|move|p1a: Tinkaton|Gigaton Hammer|p2a: Mimikyu
|-supereffective|p2a: Mimikyu
|-damage|p2a: Mimikyu|0 fnt
|faint|p2a: Mimikyu
|
|upkeep
|
|t:|1760719000
|switch|p2a: Reuniclus|Reuniclus, M, shiny|100/100
|turn|2
|
|t:|1760719004
|move|p1a: Tinkaton|Thunder Wave|p2a: Reuniclus
|-status|p2a: Reuniclus|par
|move|p2a: Reuniclus|Trick Room|p2a: Reuniclus
|-fieldstart|move: Trick Room|[of] p2a: Reuniclus
|
|upkeep
|turn|3
|
|t:|1760719018
|switch|p2a: Ursaluna|Ursaluna, M|100/100
|move|p1a: Tinkaton|Stealth Rock|p2a: Ursaluna
|-sidestart|p2: huey888|move: Stealth Rock
|
|-status|p2a: Ursaluna|brn|[from] item: Flame Orb
|upkeep
|turn|4
|
|t:|1760719028
|move|p2a: Ursaluna|Earthquake|p1a: Tinkaton
|-immune|p1a: Tinkaton
|move|p1a: Tinkaton|Encore|p2a: Ursaluna
|-start|p2a: Ursaluna|Encore
|
|-damage|p2a: Ursaluna|94/100 brn|[from] brn
|upkeep
|turn|5
|
|t:|1760719035
|move|p2a: Ursaluna|Earthquake|p1a: Tinkaton
|-immune|p1a: Tinkaton
|move|p1a: Tinkaton|Gigaton Hammer|p2a: Ursaluna
|-damage|p2a: Ursaluna|65/100 brn
|
|-damage|p2a: Ursaluna|59/100 brn|[from] brn
|upkeep
|turn|6
|
|t:|1760719044
|move|p2a: Ursaluna|Earthquake|p1a: Tinkaton
|-immune|p1a: Tinkaton
|move|p1a: Tinkaton|Stealth Rock||[still]
|-fail|p1a: Tinkaton
|
|-damage|p2a: Ursaluna|53/100 brn|[from] brn
|-fieldend|move: Trick Room
|upkeep
|turn|7
|
|t:|1760719059
|switch|p2a: Hatterene|Hatterene, F|100/100
|move|p1a: Tinkaton|Gigaton Hammer|p2a: Hatterene
|-supereffective|p2a: Hatterene
|-damage|p2a: Hatterene|10/100
|
|upkeep
|turn|8
|-message|huey888 forfeited.
|
|win|SwordMaster3000
|raw|SwordMaster3000's rating: 1398 &rarr; <strong>1415</strong><br />(+17 for winning)
|raw|huey888's rating: 1352 &rarr; <strong>1335</strong><br />(-17 for losing)
|l|☆huey888
|player|p2|
|l|☆SwordMaster3000
|player|p1|
