|j|☆sorenn
|j|☆geckoflaquee
|t:|1760735546
|gametype|singles
|player|p1|sorenn|madame-gen4dp|1388
|player|p2|geckoflaquee|iris|1330
|gen|9
|tier|[Gen 9] OU
|rated|
|rule|HP Percentage Mod: HP is shown in percentages
|rule|Endless Battle Clause: Forcing endless battles is banned
|rule|Species Clause: Limit one of each Pokémon
|rule|OHKO Clause: OHKO moves are banned
|rule|Evasion Items Clause: Evasion items are banned
|rule|Evasion Moves Clause: Evasion moves are banned
|rule|Evasion Abilities Clause: Evasion abilities are banned
|rule|Sleep Moves Clause: Sleep-inducing moves are banned
|clearpoke
|poke|p1|Meowscarada, M|
|poke|p1|Blissey, F|
|poke|p1|Cresselia, F|
|poke|p1|Maushold-Four|
|poke|p1|Quagsire, F|
|poke|p1|Dragapult, M|
|poke|p2|Hoopa-Unbound|
|poke|p2|Hatterene, F|
|poke|p2|Ursaluna, F|
|poke|p2|Necrozma|
|poke|p2|Scizor, F|
|poke|p2|Azumarill, F|
|teampreview
|inactive|Battle timer is ON: inactive players will automatically lose when time's up. (requested by sorenn)
|inactive|geckoflaquee also wants the timer to be on.
|j| back kartana
|
|t:|1760735551
|teamsize|p1|6
|teamsize|p2|6
|start
|switch|p1a: ZayaVR|Meowscarada, M, shiny|100/100
|switch|p2a: Necrozma|Necrozma, shiny|100/100
|turn|1
|
|t:|1760735554
|move|p1a: ZayaVR|Knock Off|p2a: Necrozma
|-start|p1a: ZayaVR|typechange|Dark|[from] ability: Protean
|-supereffective|p2a: Necrozma
|-damage|p2a: Necrozma|13/100
|-enditem|p2a: Necrozma|Leftovers|[from] move: Knock Off|[of] p1a: ZayaVR
|move|p2a: Necrozma|Trick Room|p2a: Necrozma
|-fieldstart|move: Trick Room|[of] p2a: Necrozma
|
|upkeep
|turn|2
|
|t:|1760735562
|switch|p2a: Scizor|Scizor, F|100/100
|move|p1a: ZayaVR|Knock Off|p2a: Scizor
|-damage|p2a: Scizor|31/100
|-enditem|p2a: Scizor|Choice Band|[from] move: Knock Off|[of] p1a: ZayaVR
|
|upkeep
|turn|3
|l| back kartana
|
|t:|1760735574
|switch|p1a: Pearline|Cresselia, F, shiny|100/100
|move|p2a: Scizor|U-turn|p1a: Pearline
|-supereffective|p1a: Pearline
|-damage|p1a: Pearline|60/100
|
|t:|1760735577
|switch|p2a: Necrozma|Necrozma, shiny|13/100|[from] U-turn
|
|upkeep
|turn|4
|
|t:|1760735582
|move|p2a: Necrozma|Moonlight|p2a: Necrozma
|-heal|p2a: Necrozma|63/100
|move|p1a: Pearline|Thunder Wave|p2a: Necrozma
|-status|p2a: Necrozma|par
|
|upkeep
|turn|5
|
|t:|1760735584
|move|p2a: Necrozma|Moonlight|p2a: Necrozma
|-heal|p2a: Necrozma|100/100 par
|move|p1a: Pearline|Reflect|p1a: Pearline
|-sidestart|p1: sorenn|Reflect
|
|-fieldend|move: Trick Room
|upkeep
|turn|6
|
|t:|1760735593
|switch|p2a: Scizor|Scizor, F|31/100
|move|p1a: Pearline|Moonlight|p1a: Pearline
|-heal|p1a: Pearline|100/100
|
|upkeep
|turn|7
|
|t:|1760735596
|move|p1a: Pearline|Thunder Wave|p2a: Scizor
|-status|p2a: Scizor|par
|move|p2a: Scizor|U-turn|p1a: Pearline
|-supereffective|p1a: Pearline
|-damage|p1a: Pearline|81/100
|
|t:|1760735602
|switch|p2a: Ursaluna|Ursaluna, F, shiny|100/100|[from] U-turn
|
|-status|p2a: Ursaluna|brn|[from] item: Flame Orb
|upkeep
|turn|8
|
|t:|1760735608
|switch|p1a: Spoooookkyyyy|Dragapult, M, shiny|100/100
|move|p2a: Ursaluna|Swords Dance|p2a: Ursaluna
|-boost|p2a: Ursaluna|atk|2
|
|-damage|p2a: Ursaluna|94/100 brn|[from] brn
|upkeep
|turn|9
|
|t:|1760735612
|move|p1a: Spoooookkyyyy|Hydro Pump|p2a: Ursaluna
|-supereffective|p2a: Ursaluna
|-damage|p2a: Ursaluna|0 fnt
|faint|p2a: Ursaluna
|
|upkeep
|
|t:|1760735617
|switch|p2a: Hoopa|Hoopa-Unbound|100/100
|turn|10
|
|t:|1760735622
|switch|p1a: ZayaVR|Meowscarada, M, shiny|100/100
|move|p2a: Hoopa|Dark Pulse|p1a: ZayaVR
|-resisted|p1a: ZayaVR
|-damage|p1a: ZayaVR|40/100
|-damage|p2a: Hoopa|91/100|[from] item: Life Orb
|
|upkeep
|turn|11
|
|t:|1760735627
|switch|p2a: Scizor|Scizor, F|31/100 par
|move|p1a: ZayaVR|U-turn|p2a: Scizor
|-start|p1a: ZayaVR|typechange|Bug|[from] ability: Protean
|-resisted|p2a: Scizor
|-damage|p2a: Scizor|9/100 par
|
|t:|1760735637
|switch|p1a: U.N.I.T.E|Maushold-Four|100/100|[from] U-turn
|
|upkeep
|turn|12
|
|t:|1760735640
|move|p2a: Scizor|Bullet Punch|p1a: U.N.I.T.E
|-damage|p1a: U.N.I.T.E|76/100
|move|p1a: U.N.I.T.E|Population Bomb|p2a: Scizor
|-resisted|p2a: Scizor
|-damage|p2a: Scizor|3/100 par
|-resisted|p2a: Scizor
|-damage|p2a: Scizor|0 fnt
|faint|p2a: Scizor
|-hitcount|p2: Scizor|2
|
|-sideend|p1: sorenn|Reflect
|upkeep
|
|t:|1760735650
|switch|p2a: Necrozma|Necrozma, shiny|100/100 par
|turn|13
|
|t:|1760735652
|move|p1a: U.N.I.T.E|Population Bomb|p2a: Necrozma
|-damage|p2a: Necrozma|92/100 par
|-damage|p2a: Necrozma|82/100 par
|-damage|p2a: Necrozma|73/100 par
|-damage|p2a: Necrozma|63/100 par
|-damage|p2a: Necrozma|54/100 par
|-damage|p2a: Necrozma|44/100 par
|-damage|p2a: Necrozma|35/100 par
|-damage|p2a: Necrozma|27/100 par
|-damage|p2a: Necrozma|18/100 par
|-damage|p2a: Necrozma|9/100 par
|-hitcount|p2a: Necrozma|10
|move|p2a: Necrozma|Trick Room|p2a: Necrozma
|-fieldstart|move: Trick Room|[of] p2a: Necrozma
|
|upkeep
|turn|14
|
|t:|1760735664
|move|p2a: Necrozma|Photon Geyser|p1a: U.N.I.T.E
|-damage|p1a: U.N.I.T.E|0 fnt
|faint|p1a: U.N.I.T.E
|
|upkeep
|
|t:|1760735669
|switch|p1a: ZayaVR|Meowscarada, M, shiny|40/100
|turn|15
|
|t:|1760735672
|move|p2a: Necrozma|Moonlight|p2a: Necrozma
|-heal|p2a: Necrozma|59/100 par
|move|p1a: ZayaVR|Knock Off|p2a: Necrozma
|-start|p1a: ZayaVR|typechange|Dark|[from] ability: Protean
|-supereffective|p2a: Necrozma
|-crit|p2a: Necrozma
|-damage|p2a: Necrozma|0 fnt
|faint|p2a: Necrozma
|
|upkeep
|
|t:|1760735676
|switch|p2a: Hoopa|Hoopa-Unbound|91/100
|turn|16
|
|t:|1760735691
|switch|p1a: Maria Flores|Quagsire, F, shiny|100/100
|move|p2a: Hoopa|Dark Pulse|p1a: Maria Flores
|-damage|p1a: Maria Flores|10/100
|-damage|p2a: Hoopa|81/100|[from] item: Life Orb
|
|-heal|p1a: Maria Flores|16/100|[from] item: Leftovers
|upkeep
|turn|17
|
|t:|1760735696
|move|p1a: Maria Flores|Recover|p1a: Maria Flores
|-heal|p1a: Maria Flores|66/100
|move|p2a: Hoopa|Dark Pulse|p1a: Maria Flores
|-damage|p1a: Maria Flores|0 fnt
|faint|p1a: Maria Flores
|-damage|p2a: Hoopa|71/100|[from] item: Life Orb
|
|-fieldend|move: Trick Room
|upkeep
|
|t:|1760735701
|switch|p1a: ZayaVR|Meowscarada, M, shiny|40/100
|turn|18
|
|t:|1760735724
|switch|p2a: Azumarill|Azumarill, F, shiny|100/100
|move|p1a: ZayaVR|U-turn|p2a: Azumarill
|-start|p1a: ZayaVR|typechange|Bug|[from] ability: Protean
|-resisted|p2a: Azumarill
|-damage|p2a: Azumarill|75/100
|
|t:|1760735736
|switch|p1a: Pearline|Cresselia, F, shiny|81/100|[from] U-turn
|
|upkeep
|turn|19
|
|t:|1760735741
|move|p1a: Pearline|Thunder Wave|p2a: Azumarill
|-status|p2a: Azumarill|par
|cant|p2a: Azumarill|par
|
|upkeep
|turn|20
|
|t:|1760735745
|switch|p2a: Hoopa|Hoopa-Unbound|71/100
|move|p1a: Pearline|Psychic|p2a: Hoopa
|-immune|p2a: Hoopa
|
|upkeep
|turn|21
|
|t:|1760735750
|switch|p1a: Fat Ma|Blissey, F, shiny|100/100
|move|p2a: Hoopa|Dark Pulse|p1a: Fat Ma
|-damage|p1a: Fat Ma|71/100
|-damage|p2a: Hoopa|61/100|[from] item: Life Orb
|
|upkeep
|turn|22
|
|t:|1760735753
|move|p2a: Hoopa|Focus Blast|p1a: Fat Ma
|-supereffective|p1a: Fat Ma
|-crit|p1a: Fat Ma
|-damage|p1a: Fat Ma|0 fnt
|faint|p1a: Fat Ma
|-damage|p2a: Hoopa|51/100|[from] item: Life Orb
|
|upkeep
|
|t:|1760735756
|switch|p1a: ZayaVR|Meowscarada, M, shiny|40/100
|turn|23
|
|t:|1760735761
|switch|p2a: Azumarill|Azumarill, F, shiny|75/100 par
|-terastallize|p1a: ZayaVR|Grass
|move|p1a: ZayaVR|Flower Trick|p2a: Azumarill
|-supereffective|p2a: Azumarill
|-crit|p2a: Azumarill
|-damage|p2a: Azumarill|0 fnt
|faint|p2a: Azumarill
|
|upkeep
|
|t:|1760735766
|switch|p2a: Hatterene|Hatterene, F|100/100
|turn|24
|
|t:|1760735770
|move|p1a: ZayaVR|Flower Trick|p2a: Hatterene
|-crit|p2a: Hatterene
|-enditem|p2a: Hatterene|Focus Sash
|-damage|p2a: Hatterene|1/100
|move|p2a: Hatterene|Trick Room|p2a: Hatterene
|-fieldstart|move: Trick Room|[of] p2a: Hatterene
|
|upkeep
|turn|25
|
|t:|1760735774
|switch|p1a: Pearline|Cresselia, F, shiny|81/100
|move|p2a: Hatterene|Mystical Fire|p1a: Pearline
|-damage|p1a: Pearline|59/100
|-unboost|p1a: Pearline|spa|1
|
|upkeep
|turn|26
|
|t:|1760735781
|move|p2a: Hatterene|Healing Wish|p2a: Hatterene
|faint|p2a: Hatterene
|move|p1a: Pearline|Thunder Wave|p2: Hatterene|[notarget]
|-fail|p1a: Pearline
|
|upkeep
|
|t:|1760735783
|switch|p2a: Hoopa|Hoopa-Unbound|51/100
|-heal|p2a: Hoopa|100/100|[from] move: Healing Wish
|turn|27
|
|t:|1760735785
|move|p2a: Hoopa|Dark Pulse|p1a: Pearline
|-supereffective|p1a: Pearline
|-damage|p1a: Pearline|0 fnt
|faint|p1a: Pearline
|-damage|p2a: Hoopa|91/100|[from] item: Life Orb
|
|upkeep
|
|t:|1760735789
|switch|p1a: Spoooookkyyyy|Dragapult, M, shiny|100/100
|turn|28
|
|t:|1760735793
|move|p2a: Hoopa|Dark Pulse|p1a: Spoooookkyyyy
|-supereffective|p1a: Spoooookkyyyy
|-damage|p1a: Spoooookkyyyy|0 fnt
|faint|p1a: Spoooookkyyyy
|-damage|p2a: Hoopa|81/100|[from] item: Life Orb
|
|-fieldend|move: Trick Room
|upkeep
|
|t:|1760735796
|switch|p1a: ZayaVR|Meowscarada, M, shiny, tera:Grass|40/100
|turn|29
|
|t:|1760735800
|move|p1a: ZayaVR|Flower Trick|p2a: Hoopa
|-crit|p2a: Hoopa
|-damage|p2a: Hoopa|0 fnt
|faint|p2a: Hoopa
|
|win|sorenn
|raw|sorenn's rating: 1388 &rarr; <strong>1405</strong><br />(+17 for winning)
|raw|geckoflaquee's rating: 1330 &rarr; <strong>1313</strong><br />(-17 for losing)
|l|☆geckoflaquee
|player|p2|
|c|☆sorenn|gg
|l|☆sorenn
|player|p1|
