|j|☆Spud Webbs
|j|☆theonreekgreyjoy
|t:|1760803847
|gametype|singles
|player|p1|Spud Webbs|2|1732
|player|p2|theonreekgreyjoy|101|1700
|gen|9
|tier|[Gen 9] OU
|rated|
|rule|HP Percentage Mod: HP is shown in percentages
|rule|Endless Battle Clause: Forcing endless battles is banned
|rule|Species Clause: Limit one of each Pokémon
|rule|OHKO Clause: OHKO moves are banned
|rule|Evasion Items Clause: Evasion items are banned
|rule|Evasion Moves Clause: Evasion moves are banned
|rule|Evasion Abilities Clause: Evasion abilities are banned
|rule|Sleep Moves Clause: Sleep-inducing moves are banned
|clearpoke
|poke|p1|Ceruledge, F|
|poke|p1|Ninetales, F|
|poke|p1|Enamorus, F|
|poke|p1|Raging Bolt|
|poke|p1|Great Tusk|
|poke|p1|Leavanny, M|
|poke|p2|Pelipper, M|
|poke|p2|Tornadus-Therian, M|
|poke|p2|Barraskewda, M|
|poke|p2|Decidueye-Hisui, M|
|poke|p2|Raging Bolt|
|poke|p2|Iron Treads|
|teampreview
|
|t:|1760803865
|teamsize|p1|6
|teamsize|p2|6
|start
|switch|p1a: I got you fam|Raging Bolt|100/100
|switch|p2a: Tornadus|Tornadus-Therian, M|100/100
|turn|1
|
|t:|1760803874
|switch|p2a: Iron Treads|Iron Treads|100/100
|-end|p1a: I got you fam|Protosynthesis|[silent]
|switch|p1a: aint no chump|Great Tusk|100/100
|
|upkeep
|turn|2
|
|t:|1760803881
|-end|p1a: aint no chump|Protosynthesis|[silent]
|switch|p1a: I got you fam|Raging Bolt|100/100
|-end|p2a: Iron Treads|Quark Drive|[silent]
|switch|p2a: Decidueye|Decidueye-Hisui, M|100/100
|
|upkeep
|turn|3
|
|t:|1760803891
|-end|p1a: I got you fam|Protosynthesis|[silent]
|switch|p1a: LEAVanny! Get it?|Leavanny, M|100/100
|switch|p2a: Iron Treads|Iron Treads|100/100
|
|upkeep
|turn|4
|
|t:|1760803897
|move|p1a: LEAVanny! Get it?|Sticky Web|p2a: Iron Treads
|-sidestart|p2: theonreekgreyjoy|move: Sticky Web
|move|p2a: Iron Treads|Stealth Rock|p1a: LEAVanny! Get it?
|-sidestart|p1: Spud Webbs|move: Stealth Rock
|
|upkeep
|turn|5
|
|t:|1760803908
|-terastallize|p1a: LEAVanny! Get it?|Ghost
|move|p1a: LEAVanny! Get it?|Leaf Storm|p2a: Iron Treads
|-damage|p2a: Iron Treads|73/100
|-unboost|p1a: LEAVanny! Get it?|spa|2
|-enditem|p1a: LEAVanny! Get it?|Eject Pack
|
|t:|1760803911
|switch|p1a: try me bish|Ceruledge, F|100/100
|-damage|p1a: try me bish|76/100|[from] Stealth Rock
|move|p2a: Iron Treads|Rapid Spin|p1a: try me bish
|-immune|p1a: try me bish
|
|-heal|p2a: Iron Treads|79/100|[from] item: Leftovers
|upkeep
|turn|6
|
|t:|1760803921
|-end|p2a: Iron Treads|Quark Drive|[silent]
|switch|p2a: Pelipper|Pelipper, M|100/100
|-weather|RainDance|[from] ability: Drizzle|[of] p2a: Pelipper
|move|p1a: try me bish|Bitter Blade|p2a: Pelipper
|-resisted|p2a: Pelipper
|-damage|p2a: Pelipper|88/100
|-heal|p1a: try me bish|83/100|[from] drain|[of] p2a: Pelipper
|-damage|p1a: try me bish|73/100|[from] item: Life Orb
|
|-weather|RainDance|[upkeep]
|upkeep
|turn|7
|
|t:|1760803931
|switch|p1a: aint no chump|Great Tusk|100/100
|-damage|p1a: aint no chump|98/100|[from] Stealth Rock
|move|p2a: Pelipper|Surf|p1a: aint no chump
|-supereffective|p1a: aint no chump
|-damage|p1a: aint no chump|0 fnt
|faint|p1a: aint no chump
|-end|p1a: aint no chump|Protosynthesis|[silent]
|
|-weather|RainDance|[upkeep]
|upkeep
|
|t:|1760803933
|switch|p1a: I got you fam|Raging Bolt|100/100
|-damage|p1a: I got you fam|88/100|[from] Stealth Rock
|turn|8
|
|t:|1760803942
|switch|p2a: Raging Bolt|Raging Bolt|100/100
|-activate|p2a: Raging Bolt|move: Sticky Web
|-unboost|p2a: Raging Bolt|spe|1
|-enditem|p2a: Raging Bolt|Booster Energy
|-activate|p2a: Raging Bolt|ability: Protosynthesis|[fromitem]
|-start|p2a: Raging Bolt|protosynthesisspa
|move|p1a: I got you fam|Weather Ball|p2a: Raging Bolt
|-resisted|p2a: Raging Bolt
|-damage|p2a: Raging Bolt|64/100
|-damage|p1a: I got you fam|78/100|[from] item: Life Orb
|
|-weather|RainDance|[upkeep]
|upkeep
|turn|9
|
|t:|1760803956
|-end|p1a: I got you fam|Protosynthesis|[silent]
|switch|p1a: free L|Enamorus, F|100/100
|-damage|p1a: free L|76/100|[from] Stealth Rock
|-end|p2a: Raging Bolt|Protosynthesis|[silent]
|switch|p2a: Iron Treads|Iron Treads|79/100
|-activate|p2a: Iron Treads|move: Sticky Web
|-unboost|p2a: Iron Treads|spe|1
|
|-weather|RainDance|[upkeep]
|-heal|p2a: Iron Treads|85/100|[from] item: Leftovers
|upkeep
|turn|10
|
|t:|1760803963
|move|p1a: free L|Weather Ball|p2a: Iron Treads
|-supereffective|p2a: Iron Treads
|-damage|p2a: Iron Treads|0 fnt
|faint|p2a: Iron Treads
|-end|p2a: Iron Treads|Quark Drive|[silent]
|
|-weather|RainDance|[upkeep]
|upkeep
|
|t:|1760803971
|switch|p2a: Barraskewda|Barraskewda, M|100/100
|-activate|p2a: Barraskewda|move: Sticky Web
|-unboost|p2a: Barraskewda|spe|1
|turn|11
|
|t:|1760803978
|switch|p1a: LEAVanny! Get it?|Leavanny, M, tera:Ghost|100/100
|-damage|p1a: LEAVanny! Get it?|88/100|[from] Stealth Rock
|move|p2a: Barraskewda|Liquidation|p1a: LEAVanny! Get it?
|-damage|p1a: LEAVanny! Get it?|0 fnt
|faint|p1a: LEAVanny! Get it?
|-damage|p2a: Barraskewda|91/100|[from] item: Life Orb
|
|-weather|RainDance|[upkeep]
|upkeep
|
|t:|1760803986
|switch|p1a: I got you fam|Raging Bolt|78/100
|-damage|p1a: I got you fam|66/100|[from] Stealth Rock
|turn|12
|
|t:|1760803999
|move|p1a: I got you fam|Thunderclap|p2a: Barraskewda
|-supereffective|p2a: Barraskewda
|-damage|p2a: Barraskewda|0 fnt
|faint|p2a: Barraskewda
|-damage|p1a: I got you fam|56/100|[from] item: Life Orb
|
|-weather|RainDance|[upkeep]
|upkeep
|
|t:|1760804013
|switch|p2a: Decidueye|Decidueye-Hisui, M|100/100
|-activate|p2a: Decidueye|move: Sticky Web
|-unboost|p2a: Decidueye|spe|1
|turn|13
|
|t:|1760804029
|-end|p1a: I got you fam|Protosynthesis|[silent]
|switch|p1a: fine tales|Ninetales, F|100/100
|-damage|p1a: fine tales|76/100|[from] Stealth Rock
|-weather|SunnyDay|[from] ability: Drought|[of] p1a: fine tales
|move|p2a: Decidueye|Triple Arrows|p1a: fine tales
|-damage|p1a: fine tales|34/100
|-unboost|p1a: fine tales|def|1
|
|-weather|SunnyDay|[upkeep]
|upkeep
|turn|14
|
|t:|1760804046
|switch|p1a: I got you fam|Raging Bolt|56/100
|-damage|p1a: I got you fam|44/100|[from] Stealth Rock
|-activate|p1a: I got you fam|ability: Protosynthesis
|-start|p1a: I got you fam|protosynthesisspa
|switch|p2a: Tornadus|Tornadus-Therian, M|100/100
|
|-weather|SunnyDay|[upkeep]
|upkeep
|turn|15
|
|t:|1760804056
|switch|p2a: Pelipper|Pelipper, M|88/100
|-weather|RainDance|[from] ability: Drizzle|[of] p2a: Pelipper
|-end|p1a: I got you fam|Protosynthesis
|move|p1a: I got you fam|Thunderbolt|p2a: Pelipper
|-supereffective|p2a: Pelipper
|-damage|p2a: Pelipper|0 fnt
|faint|p2a: Pelipper
|-damage|p1a: I got you fam|34/100|[from] item: Life Orb
|
|-weather|RainDance|[upkeep]
|upkeep
|
|t:|1760804065
|switch|p2a: Decidueye|Decidueye-Hisui, M|100/100
|-activate|p2a: Decidueye|move: Sticky Web
|-unboost|p2a: Decidueye|spe|1
|turn|16
|
|t:|1760804075
|-end|p1a: I got you fam|Protosynthesis|[silent]
|switch|p1a: free L|Enamorus, F|76/100
|-damage|p1a: free L|51/100|[from] Stealth Rock
|move|p2a: Decidueye|Triple Arrows|p1a: free L
|-resisted|p1a: free L
|-damage|p1a: free L|38/100
|-boost|p1a: free L|def|1
|
|-weather|RainDance|[upkeep]
|upkeep
|turn|17
|
|t:|1760804085
|switch|p2a: Tornadus|Tornadus-Therian, M|100/100
|move|p1a: free L|Moonblast|p2a: Tornadus
|-damage|p2a: Tornadus|29/100
|-unboost|p2a: Tornadus|spa|1
|
|-weather|RainDance|[upkeep]
|upkeep
|turn|18
|
|t:|1760804093
|move|p1a: free L|Moonblast|p2a: Tornadus
|-damage|p2a: Tornadus|0 fnt
|faint|p2a: Tornadus
|
|-weather|RainDance|[upkeep]
|upkeep
|
|t:|1760804097
|switch|p2a: Raging Bolt|Raging Bolt|64/100
|-activate|p2a: Raging Bolt|move: Sticky Web
|-unboost|p2a: Raging Bolt|spe|1
|turn|19
|
|t:|1760804099
|switch|p1a: fine tales|Ninetales, F|34/100
|-damage|p1a: fine tales|10/100|[from] Stealth Rock
|-weather|SunnyDay|[from] ability: Drought|[of] p1a: fine tales
|-activate|p2a: Raging Bolt|ability: Protosynthesis
|-start|p2a: Raging Bolt|protosynthesisspa
|move|p2a: Raging Bolt|Thunderclap||[still]
|-fail|p2a: Raging Bolt
|
|-weather|SunnyDay|[upkeep]
|upkeep
|turn|20
|
|t:|1760804103
|-end|p2a: Raging Bolt|Protosynthesis|[silent]
|switch|p2a: Decidueye|Decidueye-Hisui, M|100/100
|-activate|p2a: Decidueye|move: Sticky Web
|-unboost|p2a: Decidueye|spe|1
|move|p1a: fine tales|Encore||[still]
|-fail|p1a: fine tales
|
|-weather|SunnyDay|[upkeep]
|upkeep
|turn|21
|
|t:|1760804114
|switch|p2a: Raging Bolt|Raging Bolt|64/100
|-activate|p2a: Raging Bolt|move: Sticky Web
|-unboost|p2a: Raging Bolt|spe|1
|-activate|p2a: Raging Bolt|ability: Protosynthesis
|-start|p2a: Raging Bolt|protosynthesisspa
|move|p1a: fine tales|Healing Wish|p1a: fine tales
|faint|p1a: fine tales
|
|-weather|SunnyDay|[upkeep]
|upkeep
|
|t:|1760804118
|switch|p1a: try me bish|Ceruledge, F|73/100
|-heal|p1a: try me bish|100/100|[from] move: Healing Wish
|-damage|p1a: try me bish|76/100|[from] Stealth Rock
|turn|22
|j| corynet
|
|t:|1760804137
|move|p1a: try me bish|Flare Blitz|p2a: Raging Bolt
|-resisted|p2a: Raging Bolt
|-damage|p2a: Raging Bolt|2/100
|-damage|p1a: try me bish|47/100|[from] Recoil
|-damage|p1a: try me bish|37/100|[from] item: Life Orb
|move|p2a: Raging Bolt|Dragon Pulse|p1a: try me bish
|-damage|p1a: try me bish|0 fnt
|faint|p1a: try me bish
|
|-weather|SunnyDay|[upkeep]
|upkeep
|
|t:|1760804144
|switch|p1a: I got you fam|Raging Bolt|34/100
|-damage|p1a: I got you fam|21/100|[from] Stealth Rock
|-activate|p1a: I got you fam|ability: Protosynthesis
|-start|p1a: I got you fam|protosynthesisspa
|turn|23
|
|t:|1760804149
|-end|p2a: Raging Bolt|Protosynthesis|[silent]
|switch|p2a: Decidueye|Decidueye-Hisui, M|100/100
|-activate|p2a: Decidueye|move: Sticky Web
|-unboost|p2a: Decidueye|spe|1
|move|p1a: I got you fam|Weather Ball|p2a: Decidueye
|-supereffective|p2a: Decidueye
|-damage|p2a: Decidueye|0 fnt
|faint|p2a: Decidueye
|-damage|p1a: I got you fam|11/100|[from] item: Life Orb
|
|-weather|SunnyDay|[upkeep]
|upkeep
|
|t:|1760804156
|switch|p2a: Raging Bolt|Raging Bolt|2/100
|-activate|p2a: Raging Bolt|move: Sticky Web
|-unboost|p2a: Raging Bolt|spe|1
|-activate|p2a: Raging Bolt|ability: Protosynthesis
|-start|p2a: Raging Bolt|protosynthesisspa
|turn|24
|
|t:|1760804160
|move|p1a: I got you fam|Thunderclap|p2a: Raging Bolt
|-resisted|p2a: Raging Bolt
|-damage|p2a: Raging Bolt|0 fnt
|faint|p2a: Raging Bolt
|-end|p2a: Raging Bolt|Protosynthesis|[silent]
|-damage|p1a: I got you fam|2/100|[from] item: Life Orb
|
|win|Spud Webbs
|raw|Spud Webbs's rating: 1732 &rarr; <strong>1750</strong><br />(+18 for winning)
|raw|theonreekgreyjoy's rating: 1700 &rarr; <strong>1682</strong><br />(-18 for losing)
|l|☆theonreekgreyjoy
|player|p2|
|l|☆Spud Webbs
|player|p1|
|l| corynet
