|j|☆MooFarmer
|j|☆art of unmoning
|t:|1760882602
|gametype|singles
|player|p1|MooFarmer|1|1812
|player|p2|art of unmoning|waiter-gen4dp|1756
|gen|9
|tier|[Gen 9] OU
|rated|
|rule|HP Percentage Mod: HP is shown in percentages
|rule|Endless Battle Clause: Forcing endless battles is banned
|rule|Species Clause: Limit one of each Pokémon
|rule|OHKO Clause: OHKO moves are banned
|rule|Evasion Items Clause: Evasion items are banned
|rule|Evasion Moves Clause: Evasion moves are banned
|rule|Evasion Abilities Clause: Evasion abilities are banned
|rule|Sleep Moves Clause: Sleep-inducing moves are banned
|clearpoke
|poke|p1|Kyurem|
|poke|p1|Corviknight, F|
|poke|p1|Ting-Lu|
|poke|p1|Dondozo, F|
|poke|p1|Slowking-Galar, L99, M|
|poke|p1|Cinderace, F|
|poke|p2|Slowking, M|
|poke|p2|Tyranitar, F|
|poke|p2|Excadrill, F|
|poke|p2|Zamazenta-*|
|poke|p2|Corviknight, F|
|poke|p2|Weezing-Galar, F|
|teampreview
|inactive|Battle timer is ON: inactive players will automatically lose when time's up. (requested by art of unmoning)
|j| FaronAan
|inactive|MooFarmer has 120 seconds left.
|j| bloodhound q50
|
|t:|1760882649
|teamsize|p1|6
|teamsize|p2|6
|start
|switch|p1a: Dondozo|Dondozo, F|100/100
|switch|p2a: Tyranitar|Tyranitar, F|100/100
|-weather|Sandstorm|[from] ability: Sand Stream|[of] p2a: Tyranitar
|turn|1
|inactive|MooFarmer also wants the timer to be on.
|j| ying_peony
|inactive|MooFarmer has 120 seconds left.
|l| ying_peony
|
|t:|1760882695
|switch|p2a: Slowking|Slowking, M|100/100
|move|p1a: Dondozo|Body Press|p2a: Slowking
|-resisted|p2a: Slowking
|-damage|p2a: Slowking|89/100
|
|-weather|Sandstorm|[upkeep]
|-damage|p1a: Dondozo|94/100|[from] Sandstorm
|-damage|p2a: Slowking|82/100|[from] Sandstorm
|-heal|p1a: Dondozo|100/100|[from] item: Leftovers
|upkeep
|turn|2
|inactive|MooFarmer has 90 seconds left.
|
|t:|1760882742
|move|p1a: Dondozo|Curse|p1a: Dondozo
|-unboost|p1a: Dondozo|spe|1
|-boost|p1a: Dondozo|atk|1
|-boost|p1a: Dondozo|def|1
|move|p2a: Slowking|Future Sight|p1a: Dondozo
|-start|p2a: Slowking|move: Future Sight
|
|-weather|Sandstorm|[upkeep]
|-damage|p2a: Slowking|76/100|[from] Sandstorm
|-damage|p1a: Dondozo|94/100|[from] Sandstorm
|-heal|p1a: Dondozo|100/100|[from] item: Leftovers
|upkeep
|turn|3
|inactive|MooFarmer has 60 seconds left.
|j| Dionysos
|l| Dionysos
|
|t:|1760882787
|move|p2a: Slowking|Psychic Noise|p1a: Dondozo
|-damage|p1a: Dondozo|74/100
|-start|p1a: Dondozo|move: Heal Block
|move|p1a: Dondozo|Curse|p1a: Dondozo
|-unboost|p1a: Dondozo|spe|1
|-boost|p1a: Dondozo|atk|1
|-boost|p1a: Dondozo|def|1
|
|-weather|Sandstorm|[upkeep]
|-damage|p2a: Slowking|70/100|[from] Sandstorm
|-damage|p1a: Dondozo|67/100|[from] Sandstorm
|upkeep
|turn|4
|
|t:|1760882797
|switch|p1a: Ting-Lu|Ting-Lu|100/100
|-ability|p1a: Ting-Lu|Vessel of Ruin
|move|p2a: Slowking|Psychic Noise|p1a: Ting-Lu
|-immune|p1a: Ting-Lu
|
|-weather|Sandstorm|[upkeep]
|-damage|p2a: Slowking|64/100|[from] Sandstorm
|-end|p1a: Ting-Lu|move: Future Sight
|-immune|p1a: Ting-Lu
|upkeep
|turn|5
|
|t:|1760882805
|switch|p1a: Dondozo|Dondozo, F|67/100
|switch|p2a: Weezing|Weezing-Galar, F|100/100
|-ability|p2a: Weezing|Neutralizing Gas
|
|-weather|none
|-heal|p1a: Dondozo|74/100|[from] item: Leftovers
|upkeep
|turn|6
|
|t:|1760882814
|move|p2a: Weezing|Sludge Bomb|p1a: Dondozo
|-damage|p1a: Dondozo|47/100
|move|p1a: Dondozo|Waterfall|p2a: Weezing
|-damage|p2a: Weezing|81/100
|
|-heal|p1a: Dondozo|53/100|[from] item: Leftovers
|upkeep
|turn|7
|
|t:|1760882825
|-end|p2a: Weezing|ability: Neutralizing Gas
|switch|p2a: Slowking|Slowking, M|97/100
|move|p1a: Dondozo|Waterfall|p2a: Slowking
|-resisted|p2a: Slowking
|-damage|p2a: Slowking|85/100
|
|-heal|p1a: Dondozo|59/100|[from] item: Leftovers
|upkeep
|turn|8
|
|t:|1760882834
|switch|p1a: Kyurem|Kyurem|100/100
|-ability|p1a: Kyurem|Pressure
|move|p2a: Slowking|Future Sight|p1a: Kyurem
|-start|p2a: Slowking|move: Future Sight
|
|upkeep
|turn|9
|inactive|MooFarmer has 60 seconds left.
|
|t:|1760882842
|switch|p2a: Tyranitar|Tyranitar, F|100/100
|-weather|Sandstorm|[from] ability: Sand Stream|[of] p2a: Tyranitar
|move|p1a: Kyurem|Freeze-Dry|p2a: Tyranitar
|-damage|p2a: Tyranitar|87/100
|
|-weather|Sandstorm|[upkeep]
|-damage|p1a: Kyurem|94/100|[from] Sandstorm
|-heal|p1a: Kyurem|100/100|[from] item: Leftovers
|-heal|p2a: Tyranitar|93/100|[from] item: Leftovers
|upkeep
|turn|10
|
|t:|1760882852
|switch|p1a: Ting-Lu|Ting-Lu|100/100
|-ability|p1a: Ting-Lu|Vessel of Ruin
|move|p2a: Tyranitar|Roar|p1a: Ting-Lu
|drag|p1a: Slowking|Slowking-Galar, L99, M|100/100
|
|-weather|Sandstorm|[upkeep]
|-damage|p1a: Slowking|94/100|[from] Sandstorm
|-end|p1a: Slowking|move: Future Sight
|-damage|p1a: Slowking|64/100
|-heal|p2a: Tyranitar|99/100|[from] item: Leftovers
|upkeep
|turn|11
|
|t:|1760882860
|switch|p1a: Dondozo|Dondozo, F|59/100
|move|p2a: Tyranitar|Knock Off|p1a: Dondozo
|-damage|p1a: Dondozo|40/100
|-enditem|p1a: Dondozo|Leftovers|[from] move: Knock Off|[of] p2a: Tyranitar
|
|-weather|Sandstorm|[upkeep]
|-damage|p1a: Dondozo|34/100|[from] Sandstorm
|-heal|p2a: Tyranitar|100/100|[from] item: Leftovers
|upkeep
|turn|12
|
|t:|1760882869
|switch|p2a: Slowking|Slowking, M|100/100
|move|p1a: Dondozo|Rest|p1a: Dondozo
|-status|p1a: Dondozo|slp|[from] move: Rest
|-heal|p1a: Dondozo|100/100 slp|[silent]
|
|-weather|Sandstorm|[upkeep]
|-damage|p1a: Dondozo|94/100 slp|[from] Sandstorm
|-damage|p2a: Slowking|94/100|[from] Sandstorm
|upkeep
|turn|13
|
|t:|1760882877
|switch|p1a: Slowking|Slowking-Galar, L99, M|98/100
|move|p2a: Slowking|Future Sight|p1a: Slowking
|-start|p2a: Slowking|move: Future Sight
|
|-weather|none
|upkeep
|turn|14
|
|t:|1760882886
|switch|p2a: Excadrill|Excadrill, F|100/100
|move|p1a: Slowking|Toxic|p2a: Excadrill
|-immune|p2a: Excadrill
|
|upkeep
|turn|15
|inactive|MooFarmer has 90 seconds left.
|inactive|MooFarmer has 60 seconds left.
|
|t:|1760882931
|switch|p2a: Tyranitar|Tyranitar, F|100/100
|-weather|Sandstorm|[from] ability: Sand Stream|[of] p2a: Tyranitar
|switch|p1a: Ting-Lu|Ting-Lu|100/100
|-ability|p1a: Ting-Lu|Vessel of Ruin
|
|-weather|Sandstorm|[upkeep]
|-end|p1a: Ting-Lu|move: Future Sight
|-immune|p1a: Ting-Lu
|upkeep
|turn|16
|inactive|MooFarmer has 30 seconds left.
|inactive|MooFarmer has 20 seconds left.
|inactive|MooFarmer has 15 seconds left.
|
|t:|1760882977
|move|p2a: Tyranitar|Knock Off|p1a: Ting-Lu
|-resisted|p1a: Ting-Lu
|-damage|p1a: Ting-Lu|90/100
|-enditem|p1a: Ting-Lu|Leftovers|[from] move: Knock Off|[of] p2a: Tyranitar
|move|p1a: Ting-Lu|Earthquake|p2a: Tyranitar
|-supereffective|p2a: Tyranitar
|-damage|p2a: Tyranitar|45/100
|
|-weather|Sandstorm|[upkeep]
|-heal|p2a: Tyranitar|51/100|[from] item: Leftovers
|upkeep
|turn|17
|inactive|MooFarmer has 25 seconds left this turn.
|inactive|MooFarmer has 20 seconds left.
|
|t:|1760882986
|switch|p2a: Slowking|Slowking, M|100/100
|move|p1a: Ting-Lu|Earthquake|p2a: Slowking
|-damage|p2a: Slowking|68/100
|
|-weather|Sandstorm|[upkeep]
|-damage|p2a: Slowking|62/100|[from] Sandstorm
|upkeep
|turn|18
|inactive|MooFarmer has 30 seconds left this turn.
|
|t:|1760882995
|switch|p2a: Weezing|Weezing-Galar, F|81/100
|-ability|p2a: Weezing|Neutralizing Gas
|move|p1a: Ting-Lu|Earthquake|p2a: Weezing
|-supereffective|p2a: Weezing
|-damage|p2a: Weezing|31/100
|
|-weather|Sandstorm|[upkeep]
|-damage|p2a: Weezing|25/100|[from] Sandstorm
|upkeep
|turn|19
|inactive|MooFarmer has 30 seconds left.
|j| wgw2333
|
|t:|1760883004
|move|p2a: Weezing|Pain Split|p1a: Ting-Lu
|-sethp|p1a: Ting-Lu|53/100|[from] move: Pain Split|[silent]
|-sethp|p2a: Weezing|81/100|[from] move: Pain Split
|move|p1a: Ting-Lu|Earthquake|p2a: Weezing
|-supereffective|p2a: Weezing
|-damage|p2a: Weezing|29/100
|
|-weather|none
|upkeep
|turn|20
|
|t:|1760883013
|move|p2a: Weezing|Will-O-Wisp|p1a: Ting-Lu
|-status|p1a: Ting-Lu|brn
|move|p1a: Ting-Lu|Earthquake|p2a: Weezing
|-supereffective|p2a: Weezing
|-damage|p2a: Weezing|4/100
|
|-damage|p1a: Ting-Lu|47/100 brn|[from] brn
|upkeep
|turn|21
|
|t:|1760883022
|move|p2a: Weezing|Pain Split|p1a: Ting-Lu
|-sethp|p1a: Ting-Lu|25/100 brn|[from] move: Pain Split|[silent]
|-sethp|p2a: Weezing|38/100|[from] move: Pain Split
|move|p1a: Ting-Lu|Earthquake|p2a: Weezing
|-supereffective|p2a: Weezing
|-damage|p2a: Weezing|11/100
|
|-damage|p1a: Ting-Lu|19/100 brn|[from] brn
|upkeep
|turn|22
|c| bloodhound q50|smaart
|
|t:|1760883040
|-end|p2a: Weezing|ability: Neutralizing Gas
|-ability|p1a: Ting-Lu|Vessel of Ruin
|switch|p2a: Slowking|Slowking, M|95/100
|move|p1a: Ting-Lu|Earthquake|p2a: Slowking
|-damage|p2a: Slowking|79/100
|
|-damage|p1a: Ting-Lu|12/100 brn|[from] brn
|upkeep
|turn|23
|
|t:|1760883049
|move|p1a: Ting-Lu|Rest|p1a: Ting-Lu
|-status|p1a: Ting-Lu|slp|[from] move: Rest
|-heal|p1a: Ting-Lu|100/100 slp|[silent]
|move|p2a: Slowking|Scald|p1a: Ting-Lu
|-supereffective|p1a: Ting-Lu
|-damage|p1a: Ting-Lu|73/100 slp
|
|upkeep
|turn|24
|j| riyuezi
|
|t:|1760883058
|cant|p1a: Ting-Lu|slp
|move|p1a: Ting-Lu|Sleep Talk|p1a: Ting-Lu
|move|p1a: Ting-Lu|Earthquake|p2a: Slowking|[from] move: Sleep Talk
|-damage|p2a: Slowking|48/100
|move|p2a: Slowking|Future Sight|p1a: Ting-Lu
|-start|p2a: Slowking|move: Future Sight
|
|upkeep
|turn|25
|inactive|MooFarmer has 60 seconds left.
|l| riyuezi
|
|t:|1760883068
|switch|p2a: Zamazenta|Zamazenta|100/100
|-ability|p2a: Zamazenta|Dauntless Shield|boost
|-boost|p2a: Zamazenta|def|1
|cant|p1a: Ting-Lu|slp
|move|p1a: Ting-Lu|Sleep Talk|p1a: Ting-Lu
|move|p1a: Ting-Lu|Payback|p2a: Zamazenta|[from] move: Sleep Talk
|-resisted|p2a: Zamazenta
|-damage|p2a: Zamazenta|94/100
|
|upkeep
|turn|26
|l| FaronAan
|
|t:|1760883076
|move|p2a: Zamazenta|Close Combat|p1a: Ting-Lu
|-supereffective|p1a: Ting-Lu
|-damage|p1a: Ting-Lu|0 fnt
|-unboost|p2a: Zamazenta|def|1
|-unboost|p2a: Zamazenta|spd|1
|faint|p1a: Ting-Lu
|
|-hint|Future Sight did not hit because the target is fainted.
|upkeep
|j| FaronAan
|
|t:|1760883085
|switch|p1a: Corviknight|Corviknight, F|100/100
|-ability|p1a: Corviknight|Pressure
|turn|27
|
|t:|1760883093
|switch|p2a: Slowking|Slowking, M|81/100
|move|p1a: Corviknight|U-turn|p2a: Slowking
|-supereffective|p2a: Slowking
|-damage|p2a: Slowking|57/100
|
|t:|1760883102
|switch|p1a: Kyurem|Kyurem|100/100|[from] U-turn
|-ability|p1a: Kyurem|Pressure
|
|upkeep
|turn|28
|
|t:|1760883111
|switch|p2a: Tyranitar|Tyranitar, F|51/100
|-weather|Sandstorm|[from] ability: Sand Stream|[of] p2a: Tyranitar
|move|p1a: Kyurem|Earth Power|p2a: Tyranitar
|-supereffective|p2a: Tyranitar
|-damage|p2a: Tyranitar|26/100
|
|-weather|Sandstorm|[upkeep]
|-damage|p1a: Kyurem|94/100|[from] Sandstorm
|-heal|p1a: Kyurem|100/100|[from] item: Leftovers
|-heal|p2a: Tyranitar|32/100|[from] item: Leftovers
|upkeep
|turn|29
|l| wgw2333
|
|t:|1760883119
|-terastallize|p1a: Kyurem|Ground
|move|p1a: Kyurem|Earth Power|p2a: Tyranitar
|-supereffective|p2a: Tyranitar
|-damage|p2a: Tyranitar|0 fnt
|faint|p2a: Tyranitar
|
|-weather|Sandstorm|[upkeep]
|upkeep
|
|t:|1760883127
|switch|p2a: Slowking|Slowking, M|90/100
|turn|30
|inactive|MooFarmer has 90 seconds left.
|
|t:|1760883135
|move|p1a: Kyurem|Freeze-Dry|p2a: Slowking
|-supereffective|p2a: Slowking
|-damage|p2a: Slowking|57/100
|move|p2a: Slowking|Scald|p1a: Kyurem
|-supereffective|p1a: Kyurem
|-crit|p1a: Kyurem
|-damage|p1a: Kyurem|15/100
|
|-weather|Sandstorm|[upkeep]
|-damage|p2a: Slowking|51/100|[from] Sandstorm
|-heal|p1a: Kyurem|22/100|[from] item: Leftovers
|upkeep
|turn|31
|
|t:|1760883145
|move|p1a: Kyurem|Freeze-Dry|p2a: Slowking
|-supereffective|p2a: Slowking
|-damage|p2a: Slowking|18/100
|move|p2a: Slowking|Scald|p1a: Kyurem
|-supereffective|p1a: Kyurem
|-damage|p1a: Kyurem|0 fnt
|faint|p1a: Kyurem
|
|-weather|Sandstorm|[upkeep]
|-damage|p2a: Slowking|12/100|[from] Sandstorm
|upkeep
|
|t:|1760883153
|switch|p1a: Cinderace|Cinderace, F|100/100
|turn|32
|
|t:|1760883162
|switch|p2a: Zamazenta|Zamazenta|94/100
|move|p1a: Cinderace|Pyro Ball|p2a: Zamazenta
|-damage|p2a: Zamazenta|51/100
|
|-weather|none
|upkeep
|turn|33
|inactive|MooFarmer has 90 seconds left.
|j| Mr.villains
|
|t:|1760883208
|switch|p2a: Slowking|Slowking, M|45/100
|switch|p1a: Corviknight|Corviknight, F|100/100
|-ability|p1a: Corviknight|Pressure
|
|upkeep
|turn|34
|
|t:|1760883217
|move|p1a: Corviknight|U-turn|p2a: Slowking
|-supereffective|p2a: Slowking
|-damage|p2a: Slowking|18/100
|
|t:|1760883225
|switch|p1a: Slowking|Slowking-Galar, L99, M|100/100|[from] U-turn
|move|p2a: Slowking|Future Sight|p1a: Slowking
|-start|p2a: Slowking|move: Future Sight
|
|upkeep
|turn|35
|
|t:|1760883234
|switch|p2a: Excadrill|Excadrill, F|100/100
|-prepare|p1a: Slowking|Chilly Reception|[premajor]
|move|p1a: Slowking|Chilly Reception|p1a: Slowking
|-weather|Snowscape
|
|t:|1760883242
|switch|p1a: Corviknight|Corviknight, F|100/100|[from] Chilly Reception
|-ability|p1a: Corviknight|Pressure
|
|-weather|Snowscape|[upkeep]
|upkeep
|turn|36
|
|t:|1760883250
|move|p2a: Excadrill|Rock Slide|p1a: Corviknight|[miss]
|-miss|p2a: Excadrill|p1a: Corviknight
|move|p1a: Corviknight|Brave Bird|p2a: Excadrill
|-resisted|p2a: Excadrill
|-damage|p2a: Excadrill|76/100
|-damage|p1a: Corviknight|93/100|[from] Recoil
|
|-weather|Snowscape|[upkeep]
|-end|p1a: Corviknight|move: Future Sight
|-resisted|p1a: Corviknight
|-damage|p1a: Corviknight|69/100
|-heal|p2a: Excadrill|83/100|[from] item: Leftovers
|upkeep
|turn|37
|
|t:|1760883260
|move|p2a: Excadrill|Rock Slide|p1a: Corviknight
|-damage|p1a: Corviknight|54/100
|move|p1a: Corviknight|U-turn|p2a: Excadrill
|-resisted|p2a: Excadrill
|-damage|p2a: Excadrill|73/100
|inactive|MooFarmer has 60 seconds left.
|
|t:|1760883308
|switch|p1a: Cinderace|Cinderace, F|100/100|[from] U-turn
|
|-weather|Snowscape|[upkeep]
|-heal|p2a: Excadrill|80/100|[from] item: Leftovers
|upkeep
|turn|38
|inactive|MooFarmer has 30 seconds left.
|inactive|MooFarmer has 20 seconds left.
|inactive|MooFarmer has 15 seconds left.
|inactive|MooFarmer has 10 seconds left.
|
|t:|1760883354
|switch|p2a: Slowking|Slowking, M|52/100
|move|p1a: Cinderace|U-turn|p2a: Slowking
|-supereffective|p2a: Slowking
|-damage|p2a: Slowking|21/100
|inactive|MooFarmer has 15 seconds left this turn.
|inactive|MooFarmer has 10 seconds left.
|
|t:|1760883363
|switch|p1a: Corviknight|Corviknight, F|54/100|[from] U-turn
|-ability|p1a: Corviknight|Pressure
|
|-weather|Snowscape|[upkeep]
|upkeep
|turn|39
|inactive|MooFarmer has 20 seconds left this turn.
|inactive|MooFarmer has 15 seconds left.
|
|t:|1760883371
|switch|p2a: Corviknight|Corviknight, F|100/100
|-ability|p2a: Corviknight|Pressure
|move|p1a: Corviknight|Roost|p1a: Corviknight
|-heal|p1a: Corviknight|100/100
|-singleturn|p1a: Corviknight|move: Roost
|
|-weather|none
|upkeep
|turn|40
|inactive|MooFarmer has 25 seconds left this turn.
|inactive|MooFarmer has 20 seconds left.
|
|t:|1760883381
|switch|p2a: Excadrill|Excadrill, F|80/100
|move|p1a: Corviknight|Brave Bird|p2a: Excadrill
|-resisted|p2a: Excadrill
|-damage|p2a: Excadrill|52/100
|-damage|p1a: Corviknight|92/100|[from] Recoil
|
|-heal|p2a: Excadrill|58/100|[from] item: Leftovers
|upkeep
|turn|41
|inactive|MooFarmer has 30 seconds left this turn.
|j| Dragonlatios1
|
|t:|1760883391
|switch|p2a: Corviknight|Corviknight, F|100/100
|-ability|p2a: Corviknight|Pressure
|move|p1a: Corviknight|Brave Bird|p2a: Corviknight
|-resisted|p2a: Corviknight
|-damage|p2a: Corviknight|89/100
|-damage|p1a: Corviknight|89/100|[from] Recoil
|
|-heal|p2a: Corviknight|95/100|[from] item: Leftovers
|upkeep
|turn|42
|inactive|MooFarmer has 30 seconds left.
|
|t:|1760883401
|move|p2a: Corviknight|Iron Defense|p2a: Corviknight
|-boost|p2a: Corviknight|def|2
|move|p1a: Corviknight|Roost|p1a: Corviknight
|-heal|p1a: Corviknight|100/100
|-singleturn|p1a: Corviknight|move: Roost
|
|-heal|p2a: Corviknight|100/100|[from] item: Leftovers
|upkeep
|turn|43
|inactive|MooFarmer has 30 seconds left.
|
|t:|1760883409
|move|p2a: Corviknight|Brave Bird|p1a: Corviknight
|-resisted|p1a: Corviknight
|-damage|p1a: Corviknight|88/100
|-damage|p2a: Corviknight|84/100|[from] item: Rocky Helmet|[of] p1a: Corviknight
|-damage|p2a: Corviknight|80/100|[from] Recoil
|move|p1a: Corviknight|U-turn|p2a: Corviknight
|-resisted|p2a: Corviknight
|-damage|p2a: Corviknight|78/100
|inactive|MooFarmer has 30 seconds left.
|
|t:|1760883420
|switch|p1a: Cinderace|Cinderace, F|100/100|[from] U-turn
|
|-heal|p2a: Corviknight|85/100|[from] item: Leftovers
|upkeep
|turn|44
|inactive|MooFarmer has 30 seconds left.
|
|t:|1760883428
|switch|p2a: Slowking|Slowking, M|54/100
|move|p1a: Cinderace|Will-O-Wisp|p2a: Slowking|[miss]
|-miss|p1a: Cinderace|p2a: Slowking
|
|upkeep
|turn|45
|
|t:|1760883437
|move|p1a: Cinderace|U-turn|p2a: Slowking
|-supereffective|p2a: Slowking
|-damage|p2a: Slowking|20/100
|
|t:|1760883445
|switch|p1a: Corviknight|Corviknight, F|88/100|[from] U-turn
|-ability|p1a: Corviknight|Pressure
|move|p2a: Slowking|Scald|p1a: Corviknight
|-damage|p1a: Corviknight|55/100
|-status|p1a: Corviknight|brn
|
|-damage|p1a: Corviknight|49/100 brn|[from] brn
|upkeep
|turn|46
|l| Mr.villains
|
|t:|1760883453
|switch|p2a: Corviknight|Corviknight, F|85/100
|-ability|p2a: Corviknight|Pressure
|move|p1a: Corviknight|Roost|p1a: Corviknight
|-heal|p1a: Corviknight|99/100 brn
|-singleturn|p1a: Corviknight|move: Roost
|
|-heal|p2a: Corviknight|91/100|[from] item: Leftovers
|-damage|p1a: Corviknight|93/100 brn|[from] brn
|upkeep
|turn|47
|
|t:|1760883463
|switch|p2a: Slowking|Slowking, M|54/100
|move|p1a: Corviknight|U-turn|p2a: Slowking
|-supereffective|p2a: Slowking
|-damage|p2a: Slowking|41/100
|
|t:|1760883471
|switch|p1a: Cinderace|Cinderace, F|100/100|[from] U-turn
|
|upkeep
|turn|48
|
|t:|1760883480
|switch|p2a: Weezing|Weezing-Galar, F|11/100
|-ability|p2a: Weezing|Neutralizing Gas
|move|p1a: Cinderace|U-turn|p2a: Weezing
|-resisted|p2a: Weezing
|-damage|p2a: Weezing|8/100
|
|t:|1760883489
|switch|p1a: Corviknight|Corviknight, F|93/100 brn|[from] U-turn
|
|-damage|p1a: Corviknight|87/100 brn|[from] brn
|upkeep
|turn|49
|
|t:|1760883497
|move|p1a: Corviknight|Brave Bird|p2a: Weezing
|-damage|p2a: Weezing|0 fnt
|faint|p2a: Weezing
|-end|p2a: Weezing|ability: Neutralizing Gas
|-ability|p1a: Corviknight|Pressure
|-damage|p1a: Corviknight|85/100 brn|[from] Recoil
|
|-damage|p1a: Corviknight|79/100 brn|[from] brn
|upkeep
|
|t:|1760883502
|switch|p2a: Slowking|Slowking, M|74/100
|turn|50
|
|t:|1760883510
|move|p1a: Corviknight|U-turn|p2a: Slowking
|-supereffective|p2a: Slowking
|-damage|p2a: Slowking|61/100
|
|t:|1760883519
|switch|p1a: Cinderace|Cinderace, F|100/100|[from] U-turn
|move|p2a: Slowking|Future Sight|p1a: Cinderace
|-start|p2a: Slowking|move: Future Sight
|
|upkeep
|turn|51
|
|t:|1760883527
|move|p1a: Cinderace|U-turn|p2a: Slowking
|-supereffective|p2a: Slowking
|-damage|p2a: Slowking|27/100
|
|t:|1760883536
|switch|p1a: Slowking|Slowking-Galar, L99, M|100/100|[from] U-turn
|move|p2a: Slowking|Scald|p1a: Slowking
|-damage|p1a: Slowking|79/100
|
|upkeep
|turn|52
|
|t:|1760883545
|switch|p2a: Corviknight|Corviknight, F|91/100
|-ability|p2a: Corviknight|Pressure
|move|p1a: Slowking|Future Sight|p2a: Corviknight
|-start|p1a: Slowking|move: Future Sight
|
|-end|p1a: Slowking|move: Future Sight
|-damage|p1a: Slowking|52/100
|-heal|p2a: Corviknight|97/100|[from] item: Leftovers
|upkeep
|turn|53
|
|t:|1760883553
|switch|p2a: Slowking|Slowking, M|60/100
|-prepare|p1a: Slowking|Chilly Reception|[premajor]
|move|p1a: Slowking|Chilly Reception|p1a: Slowking
|-weather|Snowscape
|j| wgw2333
|
|t:|1760883562
|switch|p1a: Cinderace|Cinderace, F|100/100|[from] Chilly Reception
|
|-weather|Snowscape|[upkeep]
|upkeep
|turn|54
|
|t:|1760883570
|move|p1a: Cinderace|U-turn|p2a: Slowking
|-supereffective|p2a: Slowking
|-damage|p2a: Slowking|23/100
|
|t:|1760883578
|switch|p1a: Slowking|Slowking-Galar, L99, M|86/100|[from] U-turn
|move|p2a: Slowking|Future Sight|p1a: Slowking
|-start|p2a: Slowking|move: Future Sight
|
|-weather|Snowscape|[upkeep]
|-end|p2a: Slowking|move: Future Sight
|-resisted|p2a: Slowking
|-damage|p2a: Slowking|12/100
|upkeep
|turn|55
|inactive|MooFarmer has 90 seconds left.
|
|t:|1760883587
|switch|p2a: Corviknight|Corviknight, F|97/100
|-ability|p2a: Corviknight|Pressure
|-prepare|p1a: Slowking|Chilly Reception|[premajor]
|move|p1a: Slowking|Chilly Reception|p1a: Slowking
|inactive|MooFarmer has 90 seconds left.
|j| isaac_gam3r
|inactive|MooFarmer has 60 seconds left.
|
|t:|1760883633
|switch|p1a: Cinderace|Cinderace, F|100/100|[from] Chilly Reception
|
|-weather|Snowscape|[upkeep]
|-heal|p2a: Corviknight|100/100|[from] item: Leftovers
|upkeep
|turn|56
|l| isaac_gam3r
|inactive|MooFarmer has 30 seconds left.
|inactive|MooFarmer has 20 seconds left.
|inactive|MooFarmer has 15 seconds left.
|
|t:|1760883678
|move|p1a: Cinderace|U-turn|p2a: Corviknight
|-resisted|p2a: Corviknight
|-damage|p2a: Corviknight|97/100
|inactive|MooFarmer has 20 seconds left this turn.
|inactive|MooFarmer has 15 seconds left.
|
|t:|1760883688
|switch|p1a: Slowking|Slowking-Galar, L99, M|100/100|[from] U-turn
|move|p2a: Corviknight|Roost|p2a: Corviknight
|-heal|p2a: Corviknight|100/100
|-singleturn|p2a: Corviknight|move: Roost
|
|-weather|Snowscape|[upkeep]
|-end|p1a: Slowking|move: Future Sight
|-damage|p1a: Slowking|70/100
|upkeep
|turn|57
|inactive|MooFarmer has 25 seconds left this turn.
|inactive|MooFarmer has 20 seconds left.
|
|t:|1760883696
|move|p2a: Corviknight|Brave Bird|p1a: Slowking
|-damage|p1a: Slowking|35/100
|-damage|p2a: Corviknight|88/100|[from] Recoil
|-prepare|p1a: Slowking|Chilly Reception|[premajor]
|move|p1a: Slowking|Chilly Reception|p1a: Slowking
|inactive|MooFarmer has 25 seconds left this turn.
|inactive|MooFarmer has 20 seconds left.
|
|t:|1760883706
|switch|p1a: Cinderace|Cinderace, F|100/100|[from] Chilly Reception
|
|-weather|none
|-heal|p2a: Corviknight|95/100|[from] item: Leftovers
|upkeep
|turn|58
|inactive|MooFarmer has 30 seconds left this turn.
|
|t:|1760883714
|switch|p2a: Slowking|Slowking, M|45/100
|move|p1a: Cinderace|Pyro Ball|p2a: Slowking
|-resisted|p2a: Slowking
|-damage|p2a: Slowking|24/100
|
|upkeep
|turn|59
|inactive|MooFarmer has 30 seconds left.
|
|t:|1760883723
|switch|p2a: Corviknight|Corviknight, F|95/100
|-ability|p2a: Corviknight|Pressure
|move|p1a: Cinderace|U-turn|p2a: Corviknight
|-resisted|p2a: Corviknight
|-damage|p2a: Corviknight|92/100
|inactive|MooFarmer has 30 seconds left.
|
|t:|1760883732
|switch|p1a: Slowking|Slowking-Galar, L99, M|69/100|[from] U-turn
|
|-heal|p2a: Corviknight|98/100|[from] item: Leftovers
|upkeep
|turn|60
|
|t:|1760883740
|switch|p1a: Corviknight|Corviknight, F|79/100 brn
|-ability|p1a: Corviknight|Pressure
|move|p2a: Corviknight|Brave Bird|p1a: Corviknight
|-resisted|p1a: Corviknight
|-damage|p1a: Corviknight|69/100 brn
|-damage|p2a: Corviknight|81/100|[from] item: Rocky Helmet|[of] p1a: Corviknight
|-damage|p2a: Corviknight|78/100|[from] Recoil
|
|-heal|p2a: Corviknight|84/100|[from] item: Leftovers
|-damage|p1a: Corviknight|63/100 brn|[from] brn
|upkeep
|turn|61
|
|t:|1760883750
|move|p2a: Corviknight|Iron Defense|p2a: Corviknight
|-boost|p2a: Corviknight|def|2
|move|p1a: Corviknight|Roost|p1a: Corviknight
|-heal|p1a: Corviknight|100/100 brn
|-singleturn|p1a: Corviknight|move: Roost
|
|-heal|p2a: Corviknight|90/100|[from] item: Leftovers
|-damage|p1a: Corviknight|94/100 brn|[from] brn
|upkeep
|turn|62
|
|t:|1760883758
|switch|p1a: Dondozo|Dondozo, F|94/100 slp
|move|p2a: Corviknight|Body Press|p1a: Dondozo
|-damage|p1a: Dondozo|82/100 slp
|
|-heal|p2a: Corviknight|96/100|[from] item: Leftovers
|upkeep
|turn|63
|
|t:|1760883767
|switch|p2a: Slowking|Slowking, M|57/100
|cant|p1a: Dondozo|slp
|
|upkeep
|turn|64
|
|t:|1760883776
|cant|p1a: Dondozo|slp
|move|p2a: Slowking|Psychic Noise|p1a: Dondozo
|-damage|p1a: Dondozo|52/100 slp
|-start|p1a: Dondozo|move: Heal Block
|
|upkeep
|turn|65
|inactive|MooFarmer has 60 seconds left.
|j| isaac_gam3r
|
|t:|1760883784
|-curestatus|p1a: Dondozo|slp|[msg]
|move|p1a: Dondozo|Body Press|p2a: Slowking
|-resisted|p2a: Slowking
|-damage|p2a: Slowking|44/100
|move|p2a: Slowking|Psychic Noise|p1a: Dondozo
|-damage|p1a: Dondozo|22/100
|
|-end|p1a: Dondozo|move: Heal Block
|upkeep
|turn|66
|
|t:|1760883792
|move|p1a: Dondozo|Rest|p1a: Dondozo
|-status|p1a: Dondozo|slp|[from] move: Rest
|-heal|p1a: Dondozo|100/100 slp|[silent]
|move|p2a: Slowking|Psychic Noise|p1a: Dondozo
|-damage|p1a: Dondozo|73/100 slp
|-start|p1a: Dondozo|move: Heal Block
|
|upkeep
|turn|67
|
|t:|1760883801
|switch|p1a: Cinderace|Cinderace, F|100/100
|move|p2a: Slowking|Future Sight|p1a: Cinderace
|-start|p2a: Slowking|move: Future Sight
|
|upkeep
|turn|68
|
|t:|1760883809
|move|p1a: Cinderace|U-turn|p2a: Slowking
|-supereffective|p2a: Slowking
|-crit|p2a: Slowking
|-damage|p2a: Slowking|0 fnt
|faint|p2a: Slowking
|c|☆art of unmoning|Frick
|
|t:|1760883818
|switch|p1a: Corviknight|Corviknight, F|94/100 brn|[from] U-turn
|-ability|p1a: Corviknight|Pressure
|
|-damage|p1a: Corviknight|88/100 brn|[from] brn
|upkeep
|
|t:|1760883824
|switch|p2a: Zamazenta|Zamazenta|51/100
|turn|69
|
|t:|1760883832
|-terastallize|p2a: Zamazenta|Steel
|move|p2a: Zamazenta|Close Combat|p1a: Corviknight
|-damage|p1a: Corviknight|35/100 brn
|-unboost|p2a: Zamazenta|def|1
|-unboost|p2a: Zamazenta|spd|1
|-damage|p2a: Zamazenta|34/100|[from] item: Rocky Helmet|[of] p1a: Corviknight
|move|p1a: Corviknight|U-turn|p2a: Zamazenta
|-resisted|p2a: Zamazenta
|-damage|p2a: Zamazenta|29/100
|inactive|MooFarmer has 60 seconds left.
|l|☆art of unmoning
|inactive|art of unmoning disconnected and has a minute to reconnect!
|player|p2|
|j|☆art of unmoning
|inactive|art of unmoning reconnected.
|player|p2|art of unmoning|waiter-gen4dp|
|
|t:|1760883877
|switch|p1a: Slowking|Slowking-Galar, L99, M|100/100|[from] U-turn
|
|-end|p1a: Slowking|move: Future Sight
|-damage|p1a: Slowking|71/100
|upkeep
|turn|70
|inactive|MooFarmer has 30 seconds left.
|inactive|MooFarmer has 20 seconds left.
|
|t:|1760883921
|switch|p2a: Corviknight|Corviknight, F|96/100
|-ability|p2a: Corviknight|Pressure
|move|p1a: Slowking|Future Sight|p2a: Corviknight
|-start|p1a: Slowking|move: Future Sight
|
|-heal|p2a: Corviknight|100/100|[from] item: Leftovers
|upkeep
|turn|71
|inactive|MooFarmer has 30 seconds left this turn.
|
|t:|1760883930
|move|p2a: Corviknight|Iron Defense|p2a: Corviknight
|-boost|p2a: Corviknight|def|2
|-prepare|p1a: Slowking|Chilly Reception|[premajor]
|move|p1a: Slowking|Chilly Reception|p1a: Slowking
|-weather|Snowscape
|inactive|MooFarmer has 30 seconds left this turn.
|
|t:|1760883938
|switch|p1a: Cinderace|Cinderace, F|100/100|[from] Chilly Reception
|
|-weather|Snowscape|[upkeep]
|upkeep
|turn|72
|inactive|MooFarmer has 30 seconds left.
|
|t:|1760883947
|move|p1a: Cinderace|Will-O-Wisp|p2a: Corviknight
|-status|p2a: Corviknight|brn
|move|p2a: Corviknight|Body Press|p1a: Cinderace
|-crit|p1a: Cinderace
|-damage|p1a: Cinderace|50/100
|
|-weather|Snowscape|[upkeep]
|-end|p2a: Corviknight|move: Future Sight
|-resisted|p2a: Corviknight
|-damage|p2a: Corviknight|79/100 brn
|-heal|p2a: Corviknight|85/100 brn|[from] item: Leftovers
|-damage|p2a: Corviknight|79/100 brn|[from] brn
|upkeep
|turn|73
|
|t:|1760883963
|move|p1a: Cinderace|Pyro Ball|p2a: Corviknight
|-supereffective|p2a: Corviknight
|-damage|p2a: Corviknight|50/100 brn
|move|p2a: Corviknight|Body Press|p1a: Cinderace
|-damage|p1a: Cinderace|20/100
|
|-weather|Snowscape|[upkeep]
|-heal|p2a: Corviknight|56/100 brn|[from] item: Leftovers
|-damage|p2a: Corviknight|50/100 brn|[from] brn
|upkeep
|turn|74
|l| Dragonlatios1
|
|t:|1760883972
|move|p1a: Cinderace|Pyro Ball|p2a: Corviknight
|-supereffective|p2a: Corviknight
|-damage|p2a: Corviknight|0 fnt
|faint|p2a: Corviknight
|
|-weather|Snowscape|[upkeep]
|upkeep
|
|t:|1760883975
|switch|p2a: Zamazenta|Zamazenta, tera:Steel|29/100
|turn|75
|
|t:|1760883983
|switch|p1a: Corviknight|Corviknight, F|35/100 brn
|-ability|p1a: Corviknight|Pressure
|move|p2a: Zamazenta|Close Combat|p1a: Corviknight
|-damage|p1a: Corviknight|0 fnt
|-unboost|p2a: Zamazenta|def|1
|-unboost|p2a: Zamazenta|spd|1
|-damage|p2a: Zamazenta|12/100|[from] item: Rocky Helmet|[of] p1a: Corviknight
|faint|p1a: Corviknight
|
|-weather|none
|upkeep
|
|t:|1760883991
|switch|p1a: Slowking|Slowking-Galar, L99, M|100/100
|turn|76
|
|t:|1760883999
|switch|p2a: Excadrill|Excadrill, F|58/100
|-prepare|p1a: Slowking|Chilly Reception|[premajor]
|move|p1a: Slowking|Chilly Reception|p1a: Slowking
|-weather|Snowscape
|
|t:|1760884007
|switch|p1a: Cinderace|Cinderace, F|20/100|[from] Chilly Reception
|
|-weather|Snowscape|[upkeep]
|-heal|p2a: Excadrill|65/100|[from] item: Leftovers
|upkeep
|turn|77
|inactive|MooFarmer has 60 seconds left.
|
|t:|1760884015
|move|p1a: Cinderace|Pyro Ball|p2a: Excadrill
|-supereffective|p2a: Excadrill
|-damage|p2a: Excadrill|0 fnt
|faint|p2a: Excadrill
|
|-weather|Snowscape|[upkeep]
|upkeep
|
|t:|1760884017
|switch|p2a: Zamazenta|Zamazenta, tera:Steel|12/100
|turn|78
|
|t:|1760884024
|move|p2a: Zamazenta|Close Combat|p1a: Cinderace
|-damage|p1a: Cinderace|0 fnt
|-unboost|p2a: Zamazenta|def|1
|-unboost|p2a: Zamazenta|spd|1
|faint|p1a: Cinderace
|
|-weather|Snowscape|[upkeep]
|upkeep
|j| Distance rectangle
|
|t:|1760884032
|switch|p1a: Slowking|Slowking-Galar, L99, M|100/100
|turn|79
|
|t:|1760884039
|move|p2a: Zamazenta|Close Combat|p1a: Slowking
|-resisted|p1a: Slowking
|-damage|p1a: Slowking|76/100
|-unboost|p2a: Zamazenta|def|1
|-unboost|p2a: Zamazenta|spd|1
|move|p1a: Slowking|Future Sight|p2a: Zamazenta
|-start|p1a: Slowking|move: Future Sight
|
|-weather|Snowscape|[upkeep]
|upkeep
|turn|80
|
|t:|1760884045
|switch|p1a: Dondozo|Dondozo, F|73/100 slp
|move|p2a: Zamazenta|Close Combat|p1a: Dondozo
|-damage|p1a: Dondozo|34/100 slp
|-unboost|p2a: Zamazenta|def|1
|-unboost|p2a: Zamazenta|spd|1
|
|-weather|none
|upkeep
|turn|81
|-message|art of unmoning forfeited.
|
|win|MooFarmer
|raw|MooFarmer's rating: 1812 &rarr; <strong>1829</strong><br />(+17 for winning)
|raw|art of unmoning's rating: 1756 &rarr; <strong>1739</strong><br />(-17 for losing)
|l|☆MooFarmer
|player|p1|
|l|☆art of unmoning
|player|p2|
|j|☆art of unmoning
|player|p2|art of unmoning|waiter-gen4dp|
|l|☆art of unmoning
|player|p2|
|l| FaronAan
|l| isaac_gam3r
|j| ying_peony
|l| ying_peony
