|j|☆alessio06xy
|j|☆0429Roxy
|t:|1760869988
|gametype|singles
|player|p1|alessio06xy|lucas|1169
|player|p2|0429Roxy|gambler|1121
|gen|9
|tier|[Gen 9] OU
|rated|
|rule|HP Percentage Mod: HP is shown in percentages
|rule|Endless Battle Clause: Forcing endless battles is banned
|rule|Species Clause: Limit one of each Pokémon
|rule|OHKO Clause: OHKO moves are banned
|rule|Evasion Items Clause: Evasion items are banned
|rule|Evasion Moves Clause: Evasion moves are banned
|rule|Evasion Abilities Clause: Evasion abilities are banned
|rule|Sleep Moves Clause: Sleep-inducing moves are banned
|clearpoke
|poke|p1|Cloyster, M|
|poke|p1|Scizor, M|
|poke|p1|Arcanine, F|
|poke|p1|Garchomp, F|
|poke|p1|Zoroark-Hisui, F|
|poke|p1|Iron Valiant|
|poke|p2|Jirachi|
|poke|p2|Mew|
|poke|p2|Shaymin|
|poke|p2|Diancie|
|poke|p2|Manaphy|
|poke|p2|Hoopa|
|teampreview
|inactive|Battle timer is ON: inactive players will automatically lose when time's up. (requested by alessio06xy)
|
|t:|1760869996
|teamsize|p1|6
|teamsize|p2|6
|start
|switch|p1a: Cloyster|Cloyster, M|100/100
|switch|p2a: Diancie|Diancie|100/100
|turn|1
|
|t:|1760870007
|switch|p1a: Scizor|Scizor, M|100/100
|move|p2a: Diancie|Protect||[still]
|-fail|p2a: Diancie
|
|upkeep
|turn|2
|
|t:|1760870017
|switch|p2a: Jirachi|Jirachi|100/100
|move|p1a: Scizor|Swords Dance|p1a: Scizor
|-boost|p1a: Scizor|atk|2
|
|upkeep
|turn|3
|
|t:|1760870024
|move|p1a: Scizor|Bullet Punch|p2a: Jirachi
|-resisted|p2a: Jirachi
|-damage|p2a: Jirachi|69/100
|move|p2a: Jirachi|Stealth Rock|p1a: Scizor
|-sidestart|p1: alessio06xy|move: Stealth Rock
|
|upkeep
|turn|4
|
|t:|1760870048
|move|p2a: Jirachi|Drain Punch|p1a: Scizor
|-damage|p1a: Scizor|70/100
|-heal|p2a: Jirachi|84/100|[from] drain|[of] p1a: Scizor
|-damage|p2a: Jirachi|74/100|[from] item: Life Orb
|move|p1a: Scizor|Swords Dance|p1a: Scizor
|-boost|p1a: Scizor|atk|2
|
|upkeep
|turn|5
|
|t:|1760870055
|move|p1a: Scizor|Bullet Punch|p2a: Jirachi
|-resisted|p2a: Jirachi
|-damage|p2a: Jirachi|25/100
|move|p2a: Jirachi|Drain Punch|p1a: Scizor
|-damage|p1a: Scizor|39/100
|-heal|p2a: Jirachi|41/100|[from] drain|[of] p1a: Scizor
|-enditem|p1a: Scizor|Sitrus Berry|[eat]
|-heal|p1a: Scizor|64/100|[from] item: Sitrus Berry
|-damage|p2a: Jirachi|31/100|[from] item: Life Orb
|
|upkeep
|turn|6
|
|t:|1760870065
|move|p1a: Scizor|Bullet Punch|p2a: Jirachi
|-resisted|p2a: Jirachi
|-damage|p2a: Jirachi|0 fnt
|faint|p2a: Jirachi
|
|upkeep
|
|t:|1760870071
|switch|p2a: Mew|Mew|100/100
|turn|7
|
|t:|1760870077
|move|p1a: Scizor|Bullet Punch|p2a: Mew
|-damage|p2a: Mew|0 fnt
|faint|p2a: Mew
|
|upkeep
|
|t:|1760870096
|switch|p2a: Manaphy|Manaphy|100/100
|turn|8
|
|t:|1760870103
|move|p1a: Scizor|Bullet Punch|p2a: Manaphy
|-resisted|p2a: Manaphy
|-damage|p2a: Manaphy|47/100
|move|p2a: Manaphy|Tail Glow|p2a: Manaphy
|-boost|p2a: Manaphy|spa|3
|
|upkeep
|turn|9
|
|t:|1760870112
|move|p1a: Scizor|Bullet Punch|p2a: Manaphy
|-resisted|p2a: Manaphy
|-damage|p2a: Manaphy|0 fnt
|faint|p2a: Manaphy
|
|upkeep
|
|t:|1760870120
|switch|p2a: Hoopa|Hoopa|100/100
|turn|10
|
|t:|1760870140
|-terastallize|p2a: Hoopa|Fighting
|move|p1a: Scizor|Bullet Punch|p2a: Hoopa
|-damage|p2a: Hoopa|0 fnt
|faint|p2a: Hoopa
|
|upkeep
|
|t:|1760870154
|switch|p2a: Shaymin|Shaymin|100/100
|turn|11
|
|t:|1760870160
|move|p1a: Scizor|Bullet Punch|p2a: Shaymin
|-damage|p2a: Shaymin|0 fnt
|faint|p2a: Shaymin
|
|upkeep
|-message|0429Roxy forfeited.
|
|win|alessio06xy
|raw|alessio06xy's rating: 1169 &rarr; <strong>1191</strong><br />(+22 for winning)
|raw|0429Roxy's rating: 1121 &rarr; <strong>1099</strong><br />(-22 for losing)
|l|☆0429Roxy
|player|p2|
|l|☆alessio06xy
|player|p1|
