|j|☆trashwinstonn
|j|☆CountryBoyz
|t:|1760887052
|gametype|singles
|player|p1|trashwinstonn|265|1378
|player|p2|CountryBoyz|265|1388
|gen|9
|tier|[Gen 9] OU
|rated|
|rule|HP Percentage Mod: HP is shown in percentages
|rule|Endless Battle Clause: Forcing endless battles is banned
|rule|Species Clause: Limit one of each Pokémon
|rule|OHKO Clause: OHKO moves are banned
|rule|Evasion Items Clause: Evasion items are banned
|rule|Evasion Moves Clause: Evasion moves are banned
|rule|Evasion Abilities Clause: Evasion abilities are banned
|rule|Sleep Moves Clause: Sleep-inducing moves are banned
|clearpoke
|poke|p1|Pelipper, M|
|poke|p1|Barraskewda, M|
|poke|p1|Zapdos|
|poke|p1|Corviknight, M|
|poke|p1|Gliscor, F|
|poke|p1|Landorus-Therian, M|
|poke|p2|Raikou|
|poke|p2|Dragonite, M|
|poke|p2|Enamorus, F|
|poke|p2|Zapdos|
|poke|p2|Tsareena, F|
|poke|p2|Ting-Lu|
|teampreview
|
|t:|1760887058
|teamsize|p1|6
|teamsize|p2|6
|start
|switch|p1a: Pelipper|Pelipper, M|100/100
|switch|p2a: Raikou|Raikou, shiny|100/100
|-weather|RainDance|[from] ability: Drizzle|[of] p1a: Pelipper
|turn|1
|inactive|Battle timer is ON: inactive players will automatically lose when time's up. (requested by trashwinstonn)
|
|t:|1760887065
|switch|p1a: Gliscor|Gliscor, F|100/100
|move|p2a: Raikou|Scald|p1a: Gliscor
|-supereffective|p1a: Gliscor
|-damage|p1a: Gliscor|0 fnt
|faint|p1a: Gliscor
|
|-weather|RainDance|[upkeep]
|upkeep
|
|t:|1760887070
|switch|p1a: Barraskewda|Barraskewda, M|100/100
|turn|2
|
|t:|1760887074
|switch|p2a: Zapdos|Zapdos|100/100
|-terastallize|p1a: Barraskewda|Water
|move|p1a: Barraskewda|Liquidation|p2a: Zapdos
|-damage|p2a: Zapdos|0 fnt
|-damage|p1a: Barraskewda|84/100|[from] item: Rocky Helmet|[of] p2a: Zapdos
|faint|p2a: Zapdos
|
|-weather|RainDance|[upkeep]
|upkeep
|
|t:|1760887086
|switch|p2a: Tsareena|Tsareena, F|100/100
|turn|3
|
|t:|1760887089
|switch|p1a: Zapdos|Zapdos|100/100
|move|p2a: Tsareena|Knock Off|p1a: Zapdos
|-damage|p1a: Zapdos|58/100
|-enditem|p1a: Zapdos|Life Orb|[from] move: Knock Off|[of] p2a: Tsareena
|
|-weather|RainDance|[upkeep]
|upkeep
|turn|4
|
|t:|1760887095
|switch|p2a: Ting-Lu|Ting-Lu|100/100
|-ability|p2a: Ting-Lu|Vessel of Ruin
|move|p1a: Zapdos|Hurricane|p2a: Ting-Lu
|-damage|p2a: Ting-Lu|75/100
|-start|p2a: Ting-Lu|confusion
|
|-weather|RainDance|[upkeep]
|upkeep
|turn|5
|
|t:|1760887100
|switch|p1a: Landorus|Landorus-Therian, M|100/100
|-ability|p1a: Landorus|Intimidate|boost
|-unboost|p2a: Ting-Lu|atk|1
|-activate|p2a: Ting-Lu|confusion
|-damage|p2a: Ting-Lu|71/100|[from] confusion
|
|-weather|RainDance|[upkeep]
|upkeep
|turn|6
|
|t:|1760887103
|move|p1a: Landorus|Stealth Rock|p2a: Ting-Lu
|-sidestart|p2: CountryBoyz|move: Stealth Rock
|-activate|p2a: Ting-Lu|confusion
|move|p2a: Ting-Lu|Spikes|p1a: Landorus
|-sidestart|p1: trashwinstonn|Spikes
|
|-weather|RainDance|[upkeep]
|upkeep
|turn|7
|
|t:|1760887107
|switch|p1a: Pelipper|Pelipper, M|100/100
|-activate|p2a: Ting-Lu|confusion
|move|p2a: Ting-Lu|Stealth Rock|p1a: Pelipper
|-sidestart|p1: trashwinstonn|move: Stealth Rock
|
|-weather|RainDance|[upkeep]
|upkeep
|turn|8
|
|t:|1760887125
|move|p1a: Pelipper|Surf|p2a: Ting-Lu
|-supereffective|p2a: Ting-Lu
|-damage|p2a: Ting-Lu|26/100
|-end|p2a: Ting-Lu|confusion
|move|p2a: Ting-Lu|Ruination|p1a: Pelipper
|-damage|p1a: Pelipper|51/100
|
|-weather|none
|upkeep
|turn|9
|
|t:|1760887132
|move|p1a: Pelipper|Surf|p2a: Ting-Lu
|-supereffective|p2a: Ting-Lu
|-damage|p2a: Ting-Lu|0 fnt
|faint|p2a: Ting-Lu
|
|upkeep
|
|t:|1760887136
|switch|p2a: Raikou|Raikou, shiny|100/100
|-damage|p2a: Raikou|88/100|[from] Stealth Rock
|turn|10
|
|t:|1760887163
|switch|p1a: Zapdos|Zapdos|58/100
|-damage|p1a: Zapdos|33/100|[from] Stealth Rock
|move|p2a: Raikou|Substitute|p2a: Raikou
|-start|p2a: Raikou|Substitute
|-damage|p2a: Raikou|63/100
|
|-heal|p2a: Raikou|69/100|[from] item: Leftovers
|upkeep
|turn|11
|
|t:|1760887183
|move|p2a: Raikou|Discharge|p1a: Zapdos
|-damage|p1a: Zapdos|0 fnt
|faint|p1a: Zapdos
|
|-heal|p2a: Raikou|76/100|[from] item: Leftovers
|upkeep
|
|t:|1760887186
|switch|p1a: Pelipper|Pelipper, M|51/100
|-damage|p1a: Pelipper|26/100|[from] Stealth Rock
|-weather|RainDance|[from] ability: Drizzle|[of] p1a: Pelipper
|turn|12
|
|t:|1760887215
|switch|p1a: Landorus|Landorus-Therian, M|100/100
|-damage|p1a: Landorus|88/100|[from] Stealth Rock
|-ability|p1a: Landorus|Intimidate|boost
|-immune|p2a: Raikou
|move|p2a: Raikou|Scald|p1a: Landorus
|-supereffective|p1a: Landorus
|-damage|p1a: Landorus|0 fnt
|faint|p1a: Landorus
|
|-weather|RainDance|[upkeep]
|-heal|p2a: Raikou|82/100|[from] item: Leftovers
|upkeep
|-message|trashwinstonn forfeited.
|
|win|CountryBoyz
|raw|trashwinstonn's rating: 1378 &rarr; <strong>1359</strong><br />(-19 for losing)
|raw|CountryBoyz's rating: 1388 &rarr; <strong>1407</strong><br />(+19 for winning)
|l|☆trashwinstonn
|player|p1|
|l|☆CountryBoyz
|player|p2|
