|j|☆Godislaw
|j|☆rakhenmanoa
|t:|1760722298
|gametype|singles
|player|p1|Godislaw|2|1321
|player|p2|rakhenmanoa|101|1321
|gen|9
|tier|[Gen 9] OU
|rated|
|rule|HP Percentage Mod: HP is shown in percentages
|rule|Endless Battle Clause: Forcing endless battles is banned
|rule|Species Clause: Limit one of each Pokémon
|rule|OHKO Clause: OHKO moves are banned
|rule|Evasion Items Clause: Evasion items are banned
|rule|Evasion Moves Clause: Evasion moves are banned
|rule|Evasion Abilities Clause: Evasion abilities are banned
|rule|Sleep Moves Clause: Sleep-inducing moves are banned
|clearpoke
|poke|p1|Darkrai|
|poke|p1|Galvantula, F|
|poke|p1|Garchomp, M|
|poke|p1|Dusclops, M|
|poke|p1|Skeledirge, F|
|poke|p1|Ogerpon-Wellspring, F|
|poke|p2|Zamazenta-*|
|poke|p2|Gliscor, M|
|poke|p2|Toxapex, F|
|poke|p2|Blissey, F|
|poke|p2|Iron Moth|
|poke|p2|Iron Treads|
|teampreview
|inactive|Battle timer is ON: inactive players will automatically lose when time's up. (requested by rakhenmanoa)
|
|t:|1760722306
|teamsize|p1|6
|teamsize|p2|6
|start
|switch|p1a: Galvantula|Galvantula, F, shiny|100/100
|switch|p2a: Toxapex|Toxapex, F|100/100
|turn|1
|
|t:|1760722316
|move|p1a: Galvantula|Sticky Web|p2a: Toxapex
|-sidestart|p2: rakhenmanoa|move: Sticky Web
|move|p2a: Toxapex|Toxic|p1a: Galvantula
|-status|p1a: Galvantula|tox
|
|-damage|p1a: Galvantula|94/100 tox|[from] psn
|upkeep
|turn|2
|
|t:|1760722323
|move|p1a: Galvantula|Thunder|p2a: Toxapex
|-supereffective|p2a: Toxapex
|-damage|p2a: Toxapex|23/100
|move|p2a: Toxapex|Infestation|p1a: Galvantula
|-damage|p1a: Galvantula|90/100 tox
|-activate|p1a: Galvantula|move: Infestation|[of] p2a: Toxapex
|
|-heal|p2a: Toxapex|29/100|[from] item: Leftovers
|-damage|p1a: Galvantula|78/100 tox|[from] psn
|-damage|p1a: Galvantula|65/100 tox|[from] move: Infestation|[partiallytrapped]
|upkeep
|turn|3
|
|t:|1760722340
|move|p2a: Toxapex|Baneful Bunker|p2a: Toxapex
|-singleturn|p2a: Toxapex|move: Protect
|move|p1a: Galvantula|Bug Buzz|p2a: Toxapex
|-activate|p2a: Toxapex|move: Protect
|
|-heal|p2a: Toxapex|35/100|[from] item: Leftovers
|-damage|p1a: Galvantula|47/100 tox|[from] psn
|-damage|p1a: Galvantula|35/100 tox|[from] move: Infestation|[partiallytrapped]
|upkeep
|turn|4
|
|t:|1760722351
|switch|p2a: Gliscor|Gliscor, M|100/100
|move|p1a: Galvantula|Thunder|p2a: Gliscor
|-immune|p2a: Gliscor
|
|-damage|p1a: Galvantula|11/100 tox|[from] psn
|-end|p1a: Galvantula|Infestation|[partiallytrapped]|[silent]
|-status|p2a: Gliscor|tox|[from] item: Toxic Orb
|upkeep
|turn|5
|
|t:|1760722360
|move|p1a: Galvantula|Bug Buzz|p2a: Gliscor
|-resisted|p2a: Gliscor
|-damage|p2a: Gliscor|79/100 tox
|-unboost|p2a: Gliscor|spd|1
|move|p2a: Gliscor|Swords Dance|p2a: Gliscor
|-boost|p2a: Gliscor|atk|2
|
|-damage|p1a: Galvantula|0 fnt|[from] psn
|faint|p1a: Galvantula
|-heal|p2a: Gliscor|91/100 tox|[from] ability: Poison Heal
|upkeep
|
|t:|1760722373
|switch|p1a: Darkrai|Darkrai, shiny|100/100
|turn|6
|
|t:|1760722377
|switch|p1a: Dusclops|Dusclops, M|100/100
|-item|p2a: Gliscor|Toxic Orb|[from] ability: Frisk|[of] p1a: Dusclops
|move|p2a: Gliscor|Protect||[still]
|-fail|p2a: Gliscor
|
|-heal|p2a: Gliscor|100/100 tox|[from] ability: Poison Heal
|upkeep
|turn|7
|
|t:|1760722387
|move|p2a: Gliscor|Knock Off|p1a: Dusclops
|-supereffective|p1a: Dusclops
|-damage|p1a: Dusclops|33/100
|-enditem|p1a: Dusclops|Eviolite|[from] move: Knock Off|[of] p2a: Gliscor
|move|p1a: Dusclops|Pain Split|p2a: Gliscor
|-sethp|p2a: Gliscor|61/100 tox|[from] move: Pain Split|[silent]
|-sethp|p1a: Dusclops|96/100|[from] move: Pain Split
|
|-heal|p2a: Gliscor|73/100 tox|[from] ability: Poison Heal
|upkeep
|turn|8
|
|t:|1760722405
|move|p2a: Gliscor|Swords Dance|p2a: Gliscor
|-boost|p2a: Gliscor|atk|2
|move|p1a: Dusclops|Hex|p2a: Gliscor
|-damage|p2a: Gliscor|14/100 tox
|
|-heal|p2a: Gliscor|27/100 tox|[from] ability: Poison Heal
|upkeep
|turn|9
|
|t:|1760722414
|-terastallize|p2a: Gliscor|Normal
|move|p2a: Gliscor|Knock Off|p1a: Dusclops
|-supereffective|p1a: Dusclops
|-damage|p1a: Dusclops|0 fnt
|faint|p1a: Dusclops
|
|-heal|p2a: Gliscor|39/100 tox|[from] ability: Poison Heal
|upkeep
|
|t:|1760722425
|switch|p1a: Darkrai|Darkrai, shiny|100/100
|turn|10
|
|t:|1760722428
|move|p2a: Gliscor|Protect|p2a: Gliscor
|-singleturn|p2a: Gliscor|Protect
|move|p1a: Darkrai|Nasty Plot|p1a: Darkrai
|-boost|p1a: Darkrai|spa|2
|
|-heal|p2a: Gliscor|52/100 tox|[from] ability: Poison Heal
|upkeep
|turn|11
|
|t:|1760722438
|switch|p2a: Blissey|Blissey, F|100/100
|-activate|p2a: Blissey|move: Sticky Web
|-unboost|p2a: Blissey|spe|1
|move|p1a: Darkrai|Dark Pulse|p2a: Blissey
|-damage|p2a: Blissey|77/100
|
|-heal|p2a: Blissey|83/100|[from] item: Leftovers
|upkeep
|turn|12
|
|t:|1760722449
|switch|p1a: Skeledirge|Skeledirge, F, shiny|100/100
|move|p2a: Blissey|Light Screen|p2a: Blissey
|-sidestart|p2: rakhenmanoa|move: Light Screen
|
|-heal|p2a: Blissey|89/100|[from] item: Leftovers
|upkeep
|turn|13
|
|t:|1760722456
|switch|p1a: Garchomp|Garchomp, M|100/100
|switch|p2a: Toxapex|Toxapex, F|69/100
|-activate|p2a: Toxapex|move: Sticky Web
|-unboost|p2a: Toxapex|spe|1
|
|-heal|p2a: Toxapex|75/100|[from] item: Leftovers
|upkeep
|turn|14
|
|t:|1760722466
|-terastallize|p1a: Garchomp|Steel
|move|p1a: Garchomp|Swords Dance|p1a: Garchomp
|-boost|p1a: Garchomp|atk|2
|move|p2a: Toxapex|Toxic|p1a: Garchomp
|-immune|p1a: Garchomp
|
|-heal|p2a: Toxapex|81/100|[from] item: Leftovers
|upkeep
|turn|15
|
|t:|1760722476
|switch|p2a: Zamazenta|Zamazenta|100/100
|-activate|p2a: Zamazenta|move: Sticky Web
|-unboost|p2a: Zamazenta|spe|1
|-ability|p2a: Zamazenta|Dauntless Shield|boost
|-boost|p2a: Zamazenta|def|1
|move|p1a: Garchomp|Swords Dance|p1a: Garchomp
|-boost|p1a: Garchomp|atk|2
|
|upkeep
|turn|16
|
|t:|1760722487
|move|p1a: Garchomp|Scale Shot|p2a: Zamazenta
|-damage|p2a: Zamazenta|87/100
|-damage|p2a: Zamazenta|71/100
|-damage|p2a: Zamazenta|55/100
|-damage|p2a: Zamazenta|39/100
|-damage|p2a: Zamazenta|24/100
|-hitcount|p2a: Zamazenta|5
|-unboost|p1a: Garchomp|def|1
|-boost|p1a: Garchomp|spe|1
|move|p2a: Zamazenta|Iron Defense|p2a: Zamazenta
|-boost|p2a: Zamazenta|def|2
|
|-heal|p2a: Zamazenta|30/100|[from] item: Leftovers
|-sideend|p2: rakhenmanoa|move: Light Screen
|upkeep
|turn|17
|
|t:|1760722502
|move|p1a: Garchomp|Earthquake|p2a: Zamazenta
|-damage|p2a: Zamazenta|0 fnt
|faint|p2a: Zamazenta
|
|upkeep
|-message|rakhenmanoa forfeited.
|
|win|Godislaw
|raw|Godislaw's rating: 1321 &rarr; <strong>1341</strong><br />(+20 for winning)
|raw|rakhenmanoa's rating: 1321 &rarr; <strong>1301</strong><br />(-20 for losing)
|l|☆rakhenmanoa
|player|p2|
|l|☆Godislaw
|player|p1|
