|j|☆jadhe
|j|☆jbLAGENCY
|t:|1760834597
|gametype|singles
|player|p1|jadhe|2|1168
|player|p2|jbLAGENCY|1|1194
|gen|9
|tier|[Gen 9] OU
|rated|
|rule|HP Percentage Mod: HP is shown in percentages
|rule|Endless Battle Clause: Forcing endless battles is banned
|rule|Species Clause: Limit one of each Pokémon
|rule|OHKO Clause: OHKO moves are banned
|rule|Evasion Items Clause: Evasion items are banned
|rule|Evasion Moves Clause: Evasion moves are banned
|rule|Evasion Abilities Clause: Evasion abilities are banned
|rule|Sleep Moves Clause: Sleep-inducing moves are banned
|clearpoke
|poke|p1|Gliscor, F|
|poke|p1|Tropius, M|
|poke|p1|Cinderace, F|
|poke|p1|Indeedee, M|
|poke|p1|Iron Treads|
|poke|p1|Heatran, F|
|poke|p2|Primarina, M|
|poke|p2|Ogerpon-Cornerstone, F|
|poke|p2|Cinderace, M|
|poke|p2|Krookodile, M|
|poke|p2|Zapdos|
|poke|p2|Exeggutor-Alola, M|
|teampreview
|inactive|Battle timer is ON: inactive players will automatically lose when time's up. (requested by jadhe)
|
|t:|1760834639
|teamsize|p1|6
|teamsize|p2|6
|start
|switch|p1a: Heatran|Heatran, F|100/100
|switch|p2a: Krookodile|Krookodile, M|100/100
|-item|p1a: Heatran|Air Balloon
|turn|1
|
|t:|1760834646
|move|p2a: Krookodile|Scale Shot|p1a: Heatran
|-resisted|p1a: Heatran
|-damage|p1a: Heatran|97/100
|-enditem|p1a: Heatran|Air Balloon
|-resisted|p1a: Heatran
|-damage|p1a: Heatran|93/100
|-resisted|p1a: Heatran
|-damage|p1a: Heatran|90/100
|-resisted|p1a: Heatran
|-damage|p1a: Heatran|86/100
|-hitcount|p1a: Heatran|4
|-unboost|p2a: Krookodile|def|1
|-boost|p2a: Krookodile|spe|1
|move|p1a: Heatran|Stealth Rock|p2a: Krookodile
|-sidestart|p2: jbLAGENCY|move: Stealth Rock
|
|upkeep
|turn|2
|
|t:|1760834662
|switch|p1a: Gliscor|Gliscor, F|100/100
|move|p2a: Krookodile|Crunch|p1a: Gliscor
|-damage|p1a: Gliscor|75/100
|
|-status|p1a: Gliscor|tox|[from] item: Toxic Orb
|upkeep
|turn|3
|
|t:|1760834672
|move|p2a: Krookodile|Hone Claws|p2a: Krookodile
|-boost|p2a: Krookodile|atk|1
|-boost|p2a: Krookodile|accuracy|1
|move|p1a: Gliscor|Toxic|p2a: Krookodile
|-status|p2a: Krookodile|tox
|
|-damage|p2a: Krookodile|94/100 tox|[from] psn
|-heal|p1a: Gliscor|87/100 tox|[from] ability: Poison Heal
|upkeep
|turn|4
|
|t:|1760834676
|-terastallize|p2a: Krookodile|Dragon
|move|p2a: Krookodile|Scale Shot|p1a: Gliscor
|-damage|p1a: Gliscor|75/100 tox
|-damage|p1a: Gliscor|62/100 tox
|-damage|p1a: Gliscor|50/100 tox
|-damage|p1a: Gliscor|36/100 tox
|-damage|p1a: Gliscor|23/100 tox
|-hitcount|p1a: Gliscor|5
|-unboost|p2a: Krookodile|def|1
|-boost|p2a: Krookodile|spe|1
|move|p1a: Gliscor|Substitute|p1a: Gliscor
|-fail|p1a: Gliscor|move: Substitute|[weak]
|
|-damage|p2a: Krookodile|82/100 tox|[from] psn
|-heal|p1a: Gliscor|36/100 tox|[from] ability: Poison Heal
|upkeep
|turn|5
|
|t:|1760834688
|move|p1a: Gliscor|Protect|p1a: Gliscor
|-singleturn|p1a: Gliscor|Protect
|move|p2a: Krookodile|Crunch|p1a: Gliscor
|-activate|p1a: Gliscor|move: Protect
|
|-damage|p2a: Krookodile|64/100 tox|[from] psn
|-heal|p1a: Gliscor|48/100 tox|[from] ability: Poison Heal
|upkeep
|turn|6
|
|t:|1760834713
|move|p2a: Krookodile|Scale Shot|p1a: Gliscor
|-damage|p1a: Gliscor|34/100 tox
|-damage|p1a: Gliscor|20/100 tox
|-damage|p1a: Gliscor|7/100 tox
|-damage|p1a: Gliscor|0 fnt
|faint|p1a: Gliscor
|-ability|p2a: Krookodile|Moxie|boost
|-boost|p2a: Krookodile|atk|1
|-hitcount|p1: Gliscor|4
|-unboost|p2a: Krookodile|def|1
|-boost|p2a: Krookodile|spe|1
|
|-damage|p2a: Krookodile|40/100 tox|[from] psn
|upkeep
|
|t:|1760834715
|switch|p1a: Cinderace|Cinderace, F|100/100
|turn|7
|
|t:|1760834722
|move|p1a: Cinderace|Sucker Punch|p2a: Krookodile
|-start|p1a: Cinderace|typechange|Dark|[from] ability: Libero
|-damage|p2a: Krookodile|0 fnt
|faint|p2a: Krookodile
|-damage|p1a: Cinderace|91/100|[from] item: Life Orb
|
|upkeep
|
|t:|1760834729
|switch|p2a: Primarina|Primarina, M|100/100
|-damage|p2a: Primarina|88/100|[from] Stealth Rock
|turn|8
|
|t:|1760834733
|move|p1a: Cinderace|U-turn|p2a: Primarina
|-resisted|p2a: Primarina
|-crit|p2a: Primarina
|-damage|p2a: Primarina|60/100
|-damage|p1a: Cinderace|81/100|[from] item: Life Orb
|
|t:|1760834738
|switch|p1a: Tropius|Tropius, M|100/100|[from] U-turn
|move|p2a: Primarina|Flip Turn|p1a: Tropius
|-resisted|p1a: Tropius
|-damage|p1a: Tropius|92/100
|
|t:|1760834745
|switch|p2a: Cinderace|Cinderace, M|100/100|[from] Flip Turn
|-damage|p2a: Cinderace|76/100|[from] Stealth Rock
|
|upkeep
|turn|9
|
|t:|1760834755
|move|p1a: Tropius|Protect|p1a: Tropius
|-singleturn|p1a: Tropius|Protect
|move|p2a: Cinderace|Court Change|p2a: Cinderace
|-start|p2a: Cinderace|typechange|Normal|[from] ability: Libero
|-swapsideconditions
|-activate|p2a: Cinderace|move: Court Change
|
|upkeep
|turn|10
|
|t:|1760834761
|move|p2a: Cinderace|U-turn|p1a: Tropius
|-damage|p1a: Tropius|63/100
|-damage|p2a: Cinderace|66/100|[from] item: Life Orb
|
|t:|1760834767
|switch|p2a: Zapdos|Zapdos|100/100|[from] U-turn
|move|p1a: Tropius|Leech Seed|p2a: Zapdos
|-start|p2a: Zapdos|move: Leech Seed
|
|-damage|p2a: Zapdos|88/100|[from] Leech Seed|[of] p1a: Tropius
|-heal|p1a: Tropius|73/100|[silent]
|upkeep
|turn|11
|
|t:|1760834775
|move|p1a: Tropius|Protect|p1a: Tropius
|-singleturn|p1a: Tropius|Protect
|move|p2a: Zapdos|Roost|p2a: Zapdos
|-heal|p2a: Zapdos|100/100
|-singleturn|p2a: Zapdos|move: Roost
|
|-damage|p2a: Zapdos|88/100|[from] Leech Seed|[of] p1a: Tropius
|-heal|p1a: Tropius|83/100|[silent]
|upkeep
|turn|12
|
|t:|1760834781
|move|p2a: Zapdos|Hurricane|p1a: Tropius
|-supereffective|p1a: Tropius
|-damage|p1a: Tropius|0 fnt
|faint|p1a: Tropius
|
|upkeep
|
|t:|1760834790
|switch|p1a: Iron Treads|Iron Treads|100/100
|-damage|p1a: Iron Treads|97/100|[from] Stealth Rock
|-enditem|p1a: Iron Treads|Booster Energy
|-activate|p1a: Iron Treads|ability: Quark Drive|[fromitem]
|-start|p1a: Iron Treads|quarkdrivespe
|turn|13
|
|t:|1760834815
|move|p1a: Iron Treads|Rapid Spin|p2a: Zapdos
|-damage|p2a: Zapdos|73/100
|-boost|p1a: Iron Treads|spe|1
|-sideend|p1: jadhe|Stealth Rock|[from] move: Rapid Spin|[of] p1a: Iron Treads
|move|p2a: Zapdos|Thunder Wave|p1a: Iron Treads
|-immune|p1a: Iron Treads
|
|-damage|p2a: Zapdos|61/100|[from] Leech Seed|[of] p1a: Iron Treads
|-heal|p1a: Iron Treads|100/100|[silent]
|upkeep
|turn|14
|
|t:|1760834821
|move|p1a: Iron Treads|Ice Spinner|p2a: Zapdos
|-supereffective|p2a: Zapdos
|-damage|p2a: Zapdos|16/100
|-status|p1a: Iron Treads|par|[from] ability: Static|[of] p2a: Zapdos
|move|p2a: Zapdos|Roost|p2a: Zapdos
|-heal|p2a: Zapdos|66/100
|-singleturn|p2a: Zapdos|move: Roost
|
|-damage|p2a: Zapdos|53/100|[from] Leech Seed|[of] p1a: Iron Treads
|upkeep
|turn|15
|
|t:|1760834826
|switch|p2a: Exeggutor|Exeggutor-Alola, M|100/100
|move|p1a: Iron Treads|Ice Spinner|p2a: Exeggutor
|-supereffective|p2a: Exeggutor
|-damage|p2a: Exeggutor|16/100
|-enditem|p2a: Exeggutor|Sitrus Berry|[eat]
|-heal|p2a: Exeggutor|41/100|[from] item: Sitrus Berry
|
|upkeep
|turn|16
|
|t:|1760834833
|switch|p2a: Primarina|Primarina, M|60/100
|cant|p1a: Iron Treads|par
|
|upkeep
|turn|17
|
|t:|1760834838
|move|p1a: Iron Treads|Earthquake|p2a: Primarina
|-damage|p2a: Primarina|9/100
|move|p2a: Primarina|Hyper Voice|p1a: Iron Treads
|-supereffective|p1a: Iron Treads
|-damage|p1a: Iron Treads|0 fnt
|faint|p1a: Iron Treads
|-end|p1a: Iron Treads|Quark Drive|[silent]
|
|upkeep
|
|t:|1760834845
|switch|p1a: Cinderace|Cinderace, F|81/100
|turn|18
|
|t:|1760834852
|move|p1a: Cinderace|Pyro Ball|p2a: Primarina
|-resisted|p2a: Primarina
|-damage|p2a: Primarina|0 fnt
|faint|p2a: Primarina
|-damage|p1a: Cinderace|71/100|[from] item: Life Orb
|
|upkeep
|
|t:|1760834860
|switch|p2a: Cinderace|Cinderace, M|66/100
|turn|19
|
|t:|1760834875
|move|p1a: Cinderace|Gunk Shot|p2a: Cinderace|[miss]
|-start|p1a: Cinderace|typechange|Poison|[from] ability: Libero
|-miss|p1a: Cinderace|p2a: Cinderace
|move|p2a: Cinderace|Pyro Ball|p1a: Cinderace|[miss]
|-miss|p2a: Cinderace|p1a: Cinderace
|
|upkeep
|turn|20
|
|t:|1760834884
|move|p2a: Cinderace|Sucker Punch|p1a: Cinderace
|-start|p2a: Cinderace|typechange|Dark|[from] ability: Libero
|-crit|p1a: Cinderace
|-damage|p1a: Cinderace|0 fnt
|faint|p1a: Cinderace
|-damage|p2a: Cinderace|56/100|[from] item: Life Orb
|
|upkeep
|
|t:|1760834890
|switch|p1a: Indeedee|Indeedee, M|100/100
|-fieldstart|move: Psychic Terrain|[from] ability: Psychic Surge|[of] p1a: Indeedee
|turn|21
|
|t:|1760834902
|move|p1a: Indeedee|Dazzling Gleam|p2a: Cinderace
|-supereffective|p2a: Cinderace
|-damage|p2a: Cinderace|0 fnt
|faint|p2a: Cinderace
|
|upkeep
|
|t:|1760834907
|switch|p2a: Exeggutor|Exeggutor-Alola, M|41/100
|turn|22
|
|t:|1760834910
|move|p1a: Indeedee|Dazzling Gleam|p2a: Exeggutor
|-supereffective|p2a: Exeggutor
|-damage|p2a: Exeggutor|0 fnt
|faint|p2a: Exeggutor
|
|upkeep
|
|t:|1760834927
|switch|p2a: Ogerpon|Ogerpon-Cornerstone, F|100/100
|turn|23
|
|t:|1760834945
|switch|p1a: Heatran|Heatran, F|86/100
|move|p2a: Ogerpon|Swords Dance|p2a: Ogerpon
|-boost|p2a: Ogerpon|atk|2
|
|upkeep
|turn|24
|
|t:|1760834956
|move|p2a: Ogerpon|Ivy Cudgel|p1a: Heatran|[anim] Ivy Cudgel Rock
|-damage|p1a: Heatran|0 fnt
|faint|p1a: Heatran
|
|upkeep
|
|t:|1760834959
|switch|p1a: Indeedee|Indeedee, M|100/100
|turn|25
|
|t:|1760834962
|move|p1a: Indeedee|Psychic|p2a: Ogerpon
|-damage|p2a: Ogerpon|28/100
|move|p2a: Ogerpon|Ivy Cudgel|p1a: Indeedee|[anim] Ivy Cudgel Rock
|-damage|p1a: Indeedee|0 fnt
|faint|p1a: Indeedee
|
|win|jbLAGENCY
|raw|jadhe's rating: 1168 &rarr; <strong>1145</strong><br />(-23 for losing)
|raw|jbLAGENCY's rating: 1194 &rarr; <strong>1217</strong><br />(+23 for winning)
|l|☆jadhe
|player|p1|
|l|☆jbLAGENCY
|player|p2|
