|j|☆DNU_ambassadors
|j|☆ilytrix
|t:|1760719414
|gametype|singles
|player|p1|DNU_ambassadors|unknown|1712
|player|p2|ilytrix|n-masters|1734
|gen|9
|tier|[Gen 9] OU
|rated|
|rule|HP Percentage Mod: HP is shown in percentages
|rule|Endless Battle Clause: Forcing endless battles is banned
|rule|Species Clause: Limit one of each Pokémon
|rule|OHKO Clause: OHKO moves are banned
|rule|Evasion Items Clause: Evasion items are banned
|rule|Evasion Moves Clause: Evasion moves are banned
|rule|Evasion Abilities Clause: Evasion abilities are banned
|rule|Sleep Moves Clause: Sleep-inducing moves are banned
|clearpoke
|poke|p1|Alomomola, F|
|poke|p1|Clefable, F|
|poke|p1|Cinderace, M|
|poke|p1|Goodra-Hisui, M|
|poke|p1|Ursaluna, M|
|poke|p1|Zapdos|
|poke|p2|Ceruledge, F|
|poke|p2|Raging Bolt|
|poke|p2|Latias, F|
|poke|p2|Kyurem|
|poke|p2|Ninetales-Alola, F|
|poke|p2|Iron Moth|
|teampreview
|inactive|Battle timer is ON: inactive players will automatically lose when time's up. (requested by DNU_ambassadors)
|inactive|DNU_ambassadors has 120 seconds left.
|
|t:|1760719459
|teamsize|p1|6
|teamsize|p2|6
|start
|switch|p1a: Clefable|Clefable, F|100/100
|switch|p2a: bury the light|Ceruledge, F|100/100
|turn|1
|inactive|DNU_ambassadors has 120 seconds left.
|
|t:|1760719495
|switch|p1a: Alomomola|Alomomola, F|100/100
|move|p2a: bury the light|Swords Dance|p2a: bury the light
|-boost|p2a: bury the light|atk|2
|
|upkeep
|turn|2
|
|t:|1760719499
|move|p2a: bury the light|Poltergeist|p1a: Alomomola
|-activate|p1a: Alomomola|move: Poltergeist|Heavy-Duty Boots
|-damage|p1a: Alomomola|29/100
|move|p1a: Alomomola|Flip Turn|p2a: bury the light
|-supereffective|p2a: bury the light
|-damage|p2a: bury the light|54/100
|-ability|p2a: bury the light|Weak Armor|boost
|-unboost|p2a: bury the light|def|1
|-boost|p2a: bury the light|spe|2
|inactive|DNU_ambassadors has 120 seconds left.
|j| Ggtggg
|
|t:|1760719521
|switch|p1a: Ursaluna|Ursaluna, M|100/100|[from] Flip Turn
|
|-status|p1a: Ursaluna|brn|[from] item: Flame Orb
|upkeep
|turn|3
|
|t:|1760719523
|move|p2a: bury the light|Bitter Blade|p1a: Ursaluna
|-damage|p1a: Ursaluna|36/100 brn
|-heal|p2a: bury the light|100/100|[from] drain|[of] p1a: Ursaluna
|move|p1a: Ursaluna|Headlong Rush|p2a: bury the light
|-supereffective|p2a: bury the light
|-enditem|p2a: bury the light|Focus Sash
|-damage|p2a: bury the light|1/100
|-unboost|p1a: Ursaluna|def|1
|-unboost|p1a: Ursaluna|spd|1
|-ability|p2a: bury the light|Weak Armor|boost
|-unboost|p2a: bury the light|def|1
|-boost|p2a: bury the light|spe|2
|
|-damage|p1a: Ursaluna|30/100 brn|[from] brn
|upkeep
|turn|4
|inactive|DNU_ambassadors has 120 seconds left.
|
|t:|1760719543
|switch|p1a: Alomomola|Alomomola, F|62/100
|move|p2a: bury the light|Bitter Blade|p1a: Alomomola
|-resisted|p1a: Alomomola
|-damage|p1a: Alomomola|34/100
|-heal|p2a: bury the light|24/100|[from] drain|[of] p1a: Alomomola
|
|upkeep
|turn|5
|
|t:|1760719545
|move|p2a: bury the light|Poltergeist|p1a: Alomomola
|-activate|p1a: Alomomola|move: Poltergeist|Heavy-Duty Boots
|-damage|p1a: Alomomola|0 fnt
|faint|p1a: Alomomola
|
|upkeep
|
|t:|1760719549
|switch|p1a: Cinderace|Cinderace, M|100/100
|turn|6
|
|t:|1760719555
|move|p2a: bury the light|Shadow Sneak|p1a: Cinderace
|-damage|p1a: Cinderace|45/100
|move|p1a: Cinderace|Sucker Punch||[still]
|-fail|p1a: Cinderace
|
|upkeep
|turn|7
|-message|DNU_ambassadors forfeited.
|
|win|ilytrix
|raw|DNU_ambassadors's rating: 1712 &rarr; <strong>1693</strong><br />(-19 for losing)
|raw|ilytrix's rating: 1734 &rarr; <strong>1753</strong><br />(+19 for winning)
|l|☆DNU_ambassadors
|player|p1|
|l|☆ilytrix
|player|p2|
