|j|☆Tao Shinhan_87
|j|☆Oydess222
|t:|1760757141
|gametype|singles
|player|p1|Tao Shinhan_87|pokemonranger-gen4|1362
|player|p2|Oydess222|266|1323
|gen|9
|tier|[Gen 9] OU
|rated|
|rule|HP Percentage Mod: HP is shown in percentages
|rule|Endless Battle Clause: Forcing endless battles is banned
|rule|Species Clause: Limit one of each Pokémon
|rule|OHKO Clause: OHKO moves are banned
|rule|Evasion Items Clause: Evasion items are banned
|rule|Evasion Moves Clause: Evasion moves are banned
|rule|Evasion Abilities Clause: Evasion abilities are banned
|rule|Sleep Moves Clause: Sleep-inducing moves are banned
|clearpoke
|poke|p1|Ursaluna, M|
|poke|p1|Hatterene, F|
|poke|p1|Cresselia, F|
|poke|p1|Enamorus-Therian, F|
|poke|p1|Kingambit, M|
|poke|p1|Iron Hands|
|poke|p2|Ambipom, M|
|poke|p2|Dragapult, M|
|poke|p2|Hatterene, F|
|poke|p2|Volcanion|
|poke|p2|Sinistcha|
|poke|p2|Forretress, M|
|teampreview
|
|t:|1760757150
|teamsize|p1|6
|teamsize|p2|6
|start
|switch|p1a: five nights|Hatterene, F|100/100
|switch|p2a: Ambipom|Ambipom, M|100/100
|turn|1
|inactive|Battle timer is ON: inactive players will automatically lose when time's up. (requested by Oydess222)
|
|t:|1760757155
|move|p2a: Ambipom|Fake Out|p1a: five nights
|-damage|p1a: five nights|66/100
|cant|p1a: five nights|flinch
|
|upkeep
|turn|2
|
|t:|1760757163
|switch|p2a: Sinistcha|Sinistcha|100/100
|move|p1a: five nights|Trick Room|p1a: five nights
|-fieldstart|move: Trick Room|[of] p1a: five nights
|
|upkeep
|turn|3
|
|t:|1760757175
|move|p1a: five nights|Healing Wish|p1a: five nights
|faint|p1a: five nights
|move|p2a: Sinistcha|Shadow Ball|p1: five nights|[notarget]
|-fail|p2a: Sinistcha
|
|upkeep
|
|t:|1760757178
|switch|p1a: freddy fazbear|Ursaluna, M|100/100
|turn|4
|
|t:|1760757188
|switch|p2a: Hatterene|Hatterene, F|100/100
|-terastallize|p1a: freddy fazbear|Normal
|move|p1a: freddy fazbear|Fire Punch|p2a: Hatterene
|-damage|p2a: Hatterene|70/100
|
|-status|p1a: freddy fazbear|brn|[from] item: Flame Orb
|upkeep
|turn|5
|
|t:|1760757214
|move|p1a: freddy fazbear|Headlong Rush|p2a: Hatterene
|-damage|p2a: Hatterene|0 fnt
|-unboost|p1a: freddy fazbear|def|1
|-unboost|p1a: freddy fazbear|spd|1
|faint|p2a: Hatterene
|
|-damage|p1a: freddy fazbear|94/100 brn|[from] brn
|upkeep
|inactive|Oydess222 has 120 seconds left.
|
|t:|1760757229
|switch|p2a: Dragapult|Dragapult, M|100/100
|turn|6
|
|t:|1760757234
|move|p1a: freddy fazbear|Headlong Rush|p2a: Dragapult
|-damage|p2a: Dragapult|0 fnt
|-unboost|p1a: freddy fazbear|def|1
|-unboost|p1a: freddy fazbear|spd|1
|faint|p2a: Dragapult
|
|-damage|p1a: freddy fazbear|88/100 brn|[from] brn
|-fieldend|move: Trick Room
|upkeep
|
|t:|1760757238
|switch|p2a: Ambipom|Ambipom, M|100/100
|turn|7
|
|t:|1760757247
|switch|p1a: Enamorus|Enamorus-Therian, F|100/100
|move|p2a: Ambipom|Fake Out|p1a: Enamorus
|-crit|p1a: Enamorus
|-damage|p1a: Enamorus|59/100
|
|upkeep
|turn|8
|
|t:|1760757256
|move|p2a: Ambipom|Triple Axel|p1a: Enamorus
|-supereffective|p1a: Enamorus
|-damage|p1a: Enamorus|41/100
|-supereffective|p1a: Enamorus
|-damage|p1a: Enamorus|4/100
|-supereffective|p1a: Enamorus
|-damage|p1a: Enamorus|0 fnt
|faint|p1a: Enamorus
|-hitcount|p1: Enamorus|3
|
|upkeep
|
|t:|1760757259
|switch|p1a: Cresselia|Cresselia, F|100/100
|turn|9
|
|t:|1760757266
|switch|p2a: Sinistcha|Sinistcha|100/100
|move|p1a: Cresselia|Trick Room|p1a: Cresselia
|-fieldstart|move: Trick Room|[of] p1a: Cresselia
|
|upkeep
|turn|10
|
|t:|1760757277
|switch|p1a: william afton|Kingambit, M|100/100
|-activate|p1a: william afton|ability: Supreme Overlord
|-start|p1a: william afton|fallen2|[silent]
|move|p2a: Sinistcha|Calm Mind|p2a: Sinistcha
|-boost|p2a: Sinistcha|spa|1
|-boost|p2a: Sinistcha|spd|1
|
|upkeep
|turn|11
|
|t:|1760757305
|move|p1a: william afton|Swords Dance|p1a: william afton
|-boost|p1a: william afton|atk|2
|move|p2a: Sinistcha|Strength Sap|p1a: william afton
|-unboost|p1a: william afton|atk|1
|
|upkeep
|turn|12
|
|t:|1760757315
|move|p1a: william afton|Kowtow Cleave|p2a: Sinistcha
|-supereffective|p2a: Sinistcha
|-damage|p2a: Sinistcha|0 fnt
|faint|p2a: Sinistcha
|
|upkeep
|
|t:|1760757320
|switch|p2a: Ambipom|Ambipom, M|100/100
|turn|13
|
|t:|1760757329
|move|p2a: Ambipom|Fake Out|p1a: william afton
|-resisted|p1a: william afton
|-damage|p1a: william afton|90/100
|cant|p1a: william afton|flinch
|
|-heal|p1a: william afton|96/100|[from] item: Leftovers
|-fieldend|move: Trick Room
|upkeep
|turn|14
|
|t:|1760757332
|-terastallize|p2a: Ambipom|Fighting
|move|p1a: william afton|Sucker Punch|p2a: Ambipom
|-resisted|p2a: Ambipom
|-damage|p2a: Ambipom|36/100
|move|p2a: Ambipom|Brick Break|p1a: william afton
|-supereffective|p1a: william afton
|-damage|p1a: william afton|0 fnt
|faint|p1a: william afton
|-end|p1a: william afton|fallen2|[silent]
|
|upkeep
|
|t:|1760757339
|switch|p1a: Cresselia|Cresselia, F|100/100
|turn|15
|
|t:|1760757347
|move|p2a: Ambipom|Triple Axel|p1a: Cresselia
|-damage|p1a: Cresselia|96/100
|-damage|p1a: Cresselia|85/100
|-damage|p1a: Cresselia|71/100
|-hitcount|p1a: Cresselia|3
|move|p1a: Cresselia|Trick Room|p1a: Cresselia
|-fieldstart|move: Trick Room|[of] p1a: Cresselia
|
|upkeep
|turn|16
|
|t:|1760757357
|switch|p1a: Iron Hands|Iron Hands|100/100
|-enditem|p1a: Iron Hands|Booster Energy
|-activate|p1a: Iron Hands|ability: Quark Drive|[fromitem]
|-start|p1a: Iron Hands|quarkdriveatk
|switch|p2a: Volcanion|Volcanion|100/100
|
|upkeep
|turn|17
|
|t:|1760757369
|switch|p2a: Forretress|Forretress, M|100/100
|move|p1a: Iron Hands|Supercell Slam|p2a: Forretress|[miss]
|-miss|p1a: Iron Hands|p2a: Forretress
|-damage|p1a: Iron Hands|50/100|[from] supercellslam
|
|upkeep
|turn|18
|
|t:|1760757375
|move|p1a: Iron Hands|Close Combat|p2a: Forretress
|-damage|p2a: Forretress|49/100
|-unboost|p1a: Iron Hands|def|1
|-unboost|p1a: Iron Hands|spd|1
|move|p2a: Forretress|Stealth Rock|p1a: Iron Hands
|-sidestart|p1: Tao Shinhan_87|move: Stealth Rock
|
|upkeep
|turn|19
|
|t:|1760757383
|move|p1a: Iron Hands|Close Combat|p2a: Forretress
|-damage|p2a: Forretress|0 fnt
|-unboost|p1a: Iron Hands|def|1
|-unboost|p1a: Iron Hands|spd|1
|faint|p2a: Forretress
|
|-fieldend|move: Trick Room
|upkeep
|
|t:|1760757388
|switch|p2a: Ambipom|Ambipom, M, tera:Fighting|36/100
|turn|20
|
|t:|1760757391
|move|p2a: Ambipom|Fake Out|p1a: Iron Hands
|-damage|p1a: Iron Hands|10/100
|cant|p1a: Iron Hands|flinch
|
|upkeep
|turn|21
|
|t:|1760757395
|move|p2a: Ambipom|Triple Axel|p1a: Iron Hands
|-damage|p1a: Iron Hands|0 fnt
|faint|p1a: Iron Hands
|-end|p1a: Iron Hands|Quark Drive|[silent]
|-hitcount|p1: Iron Hands|1
|
|upkeep
|
|t:|1760757397
|switch|p1a: Cresselia|Cresselia, F|71/100
|-heal|p1a: Cresselia|100/100|[from] move: Healing Wish
|-damage|p1a: Cresselia|88/100|[from] Stealth Rock
|turn|22
|
|t:|1760757400
|switch|p2a: Volcanion|Volcanion|100/100
|move|p1a: Cresselia|Trick Room|p1a: Cresselia
|-fieldstart|move: Trick Room|[of] p1a: Cresselia
|
|upkeep
|turn|23
|
|t:|1760757405
|move|p1a: Cresselia|Lunar Dance|p1a: Cresselia
|faint|p1a: Cresselia
|move|p2a: Volcanion|Steam Eruption|p1: Cresselia|[notarget]
|-fail|p2a: Volcanion
|
|upkeep
|
|t:|1760757408
|switch|p1a: freddy fazbear|Ursaluna, M, tera:Normal|88/100 brn
|-heal|p1a: freddy fazbear|100/100|[from] move: Lunar Dance
|-damage|p1a: freddy fazbear|88/100|[from] Stealth Rock
|turn|24
|
|t:|1760757410
|move|p1a: freddy fazbear|Headlong Rush|p2a: Volcanion
|-supereffective|p2a: Volcanion
|-damage|p2a: Volcanion|0 fnt
|-unboost|p1a: freddy fazbear|def|1
|-unboost|p1a: freddy fazbear|spd|1
|faint|p2a: Volcanion
|
|-status|p1a: freddy fazbear|brn|[from] item: Flame Orb
|upkeep
|
|t:|1760757414
|switch|p2a: Ambipom|Ambipom, M, tera:Fighting|36/100
|turn|25
|
|t:|1760757416
|move|p2a: Ambipom|Fake Out|p1a: freddy fazbear
|-damage|p1a: freddy fazbear|60/100 brn
|cant|p1a: freddy fazbear|flinch
|
|-damage|p1a: freddy fazbear|54/100 brn|[from] brn
|upkeep
|turn|26
|
|t:|1760757418
|move|p2a: Ambipom|Protect|p2a: Ambipom
|-singleturn|p2a: Ambipom|Protect
|move|p1a: freddy fazbear|Facade|p2a: Ambipom
|-activate|p2a: Ambipom|move: Protect
|
|-damage|p1a: freddy fazbear|48/100 brn|[from] brn
|-fieldend|move: Trick Room
|upkeep
|turn|27
|
|t:|1760757421
|move|p2a: Ambipom|Brick Break|p1a: freddy fazbear
|-supereffective|p1a: freddy fazbear
|-damage|p1a: freddy fazbear|0 fnt
|faint|p1a: freddy fazbear
|
|win|Oydess222
|raw|Tao Shinhan_87's rating: 1362 &rarr; <strong>1340</strong><br />(-22 for losing)
|raw|Oydess222's rating: 1323 &rarr; <strong>1345</strong><br />(+22 for winning)
|l|☆Tao Shinhan_87
|player|p1|
|l|☆Oydess222
|player|p2|
