|j|☆exo444
|j|☆MtXuuu
|t:|1760886895
|gametype|singles
|player|p1|exo444|veteran|1087
|player|p2|MtXuuu|elesa|1093
|gen|9
|tier|[Gen 9] OU
|rated|
|rule|HP Percentage Mod: HP is shown in percentages
|rule|Endless Battle Clause: Forcing endless battles is banned
|rule|Species Clause: Limit one of each Pokémon
|rule|OHKO Clause: OHKO moves are banned
|rule|Evasion Items Clause: Evasion items are banned
|rule|Evasion Moves Clause: Evasion moves are banned
|rule|Evasion Abilities Clause: Evasion abilities are banned
|rule|Sleep Moves Clause: Sleep-inducing moves are banned
|clearpoke
|poke|p1|Deoxys-Speed|
|poke|p1|Clefable, M|
|poke|p1|Cinderace, M|
|poke|p1|Slowking-Galar, F|
|poke|p1|Gliscor, M|
|poke|p1|Samurott-Hisui, M|
|poke|p2|Umbreon, F|
|poke|p2|Toxicroak, F|
|poke|p2|Magneton|
|poke|p2|Arcanine, F|
|poke|p2|Scyther, F|
|poke|p2|Noivern, F|
|teampreview
|inactive|Battle timer is ON: inactive players will automatically lose when time's up. (requested by MtXuuu)
|
|t:|1760886916
|teamsize|p1|6
|teamsize|p2|6
|start
|switch|p1a: Samurott|Samurott-Hisui, M|100/100
|switch|p2a: Scyther|Scyther, F|100/100
|turn|1
|
|t:|1760886933
|switch|p1a: Gliscor|Gliscor, M|100/100
|-terastallize|p2a: Scyther|Normal
|move|p2a: Scyther|Swords Dance|p2a: Scyther
|-boost|p2a: Scyther|atk|2
|
|-status|p1a: Gliscor|tox|[from] item: Toxic Orb
|upkeep
|turn|2
|
|t:|1760886945
|move|p2a: Scyther|Dual Wingbeat|p1a: Gliscor
|-damage|p1a: Gliscor|58/100 tox
|-damage|p1a: Gliscor|12/100 tox
|-hitcount|p1a: Gliscor|2
|move|p1a: Gliscor|Earthquake|p2a: Scyther
|-damage|p2a: Scyther|43/100
|
|-heal|p1a: Gliscor|24/100 tox|[from] ability: Poison Heal
|upkeep
|turn|3
|
|t:|1760886955
|move|p1a: Gliscor|Protect|p1a: Gliscor
|-singleturn|p1a: Gliscor|Protect
|move|p2a: Scyther|Quick Attack|p1a: Gliscor
|-activate|p1a: Gliscor|move: Protect
|
|-heal|p1a: Gliscor|37/100 tox|[from] ability: Poison Heal
|upkeep
|turn|4
|
|t:|1760886982
|-terastallize|p1a: Gliscor|Flying
|move|p2a: Scyther|Quick Attack|p1a: Gliscor
|-damage|p1a: Gliscor|0 fnt
|faint|p1a: Gliscor
|
|upkeep
|inactive|exo444 has 120 seconds left.
|
|t:|1760886993
|switch|p1a: Cinderace|Cinderace, M|100/100
|turn|5
|
|t:|1760886999
|move|p2a: Scyther|Quick Attack|p1a: Cinderace
|-damage|p1a: Cinderace|40/100
|move|p1a: Cinderace|Pyro Ball|p2a: Scyther|[miss]
|-miss|p1a: Cinderace|p2a: Scyther
|
|upkeep
|turn|6
|
|t:|1760887005
|move|p2a: Scyther|Quick Attack|p1a: Cinderace
|-damage|p1a: Cinderace|0 fnt
|faint|p1a: Cinderace
|
|upkeep
|
|t:|1760887015
|switch|p1a: Deoxys|Deoxys-Speed|100/100
|-ability|p1a: Deoxys|Pressure
|turn|7
|
|t:|1760887021
|move|p2a: Scyther|Quick Attack|p1a: Deoxys
|-damage|p1a: Deoxys|10/100
|move|p1a: Deoxys|Ice Beam|p2a: Scyther
|-damage|p2a: Scyther|8/100
|
|upkeep
|turn|8
|-message|exo444 forfeited.
|
|win|MtXuuu
|raw|exo444's rating: 1087 &rarr; <strong>1064</strong><br />(-23 for losing)
|raw|MtXuuu's rating: 1093 &rarr; <strong>1119</strong><br />(+26 for winning)
|l|☆exo444
|player|p1|
