|j|☆Captain Izanagi
|j|☆LifeOrbSpammer
|t:|1760748400
|gametype|singles
|player|p1|Captain Izanagi|ltsurge|1101
|player|p2|LifeOrbSpammer|265|1113
|gen|9
|tier|[Gen 9] OU
|rated|
|rule|HP Percentage Mod: HP is shown in percentages
|rule|Endless Battle Clause: Forcing endless battles is banned
|rule|Species Clause: Limit one of each Pokémon
|rule|OHKO Clause: OHKO moves are banned
|rule|Evasion Items Clause: Evasion items are banned
|rule|Evasion Moves Clause: Evasion moves are banned
|rule|Evasion Abilities Clause: Evasion abilities are banned
|rule|Sleep Moves Clause: Sleep-inducing moves are banned
|clearpoke
|poke|p1|Braviary, M|
|poke|p1|Dragalge, M|
|poke|p1|Raikou|
|poke|p1|Diancie|
|poke|p1|Krookodile, M|
|poke|p1|Porygon-Z|
|poke|p2|Zamazenta-*|
|poke|p2|Walking Wake|
|poke|p2|Darkrai|
|poke|p2|Dragapult, F|
|poke|p2|Iron Valiant|
|poke|p2|Tornadus-Therian, M|
|teampreview
|inactive|Battle timer is ON: inactive players will automatically lose when time's up. (requested by Captain Izanagi)
|
|t:|1760748414
|teamsize|p1|6
|teamsize|p2|6
|start
|switch|p1a: The Harpy Comes...|Braviary, M|100/100
|switch|p2a: Iron Valiant|Iron Valiant|100/100
|turn|1
|
|t:|1760748432
|move|p2a: Iron Valiant|Drain Punch|p1a: The Harpy Comes...
|-damage|p1a: The Harpy Comes...|31/100
|-damage|p2a: Iron Valiant|91/100|[from] item: Life Orb
|move|p1a: The Harpy Comes...|Sky Attack||[still]
|-prepare|p1a: The Harpy Comes...|Sky Attack
|-enditem|p1a: The Harpy Comes...|Power Herb
|-anim|p1a: The Harpy Comes...|Sky Attack|p2a: Iron Valiant
|-supereffective|p2a: Iron Valiant
|-damage|p2a: Iron Valiant|0 fnt
|faint|p2a: Iron Valiant
|-end|p2a: Iron Valiant|Quark Drive|[silent]
|
|upkeep
|
|t:|1760748441
|switch|p2a: Tornadus|Tornadus-Therian, M|100/100
|turn|2
|
|t:|1760748454
|move|p2a: Tornadus|Sludge Bomb|p1a: The Harpy Comes...
|-damage|p1a: The Harpy Comes...|0 fnt
|faint|p1a: The Harpy Comes...
|-damage|p2a: Tornadus|90/100|[from] item: Life Orb
|
|upkeep
|
|t:|1760748463
|switch|p1a: Shockerdog Stryker|Raikou|100/100
|-ability|p1a: Shockerdog Stryker|Pressure
|-item|p1a: Shockerdog Stryker|Air Balloon
|turn|3
|
|t:|1760748480
|switch|p2a: Dragapult|Dragapult, F|100/100
|move|p1a: Shockerdog Stryker|Calm Mind|p1a: Shockerdog Stryker
|-boost|p1a: Shockerdog Stryker|spa|1
|-boost|p1a: Shockerdog Stryker|spd|1
|
|upkeep
|turn|4
|
|t:|1760748489
|move|p2a: Dragapult|Outrage|p1a: Shockerdog Stryker
|-damage|p1a: Shockerdog Stryker|0 fnt
|-enditem|p1a: Shockerdog Stryker|Air Balloon
|faint|p1a: Shockerdog Stryker
|-damage|p2a: Dragapult|91/100|[from] item: Life Orb
|
|upkeep
|
|t:|1760748497
|switch|p1a: Lil' Grr|Diancie|100/100
|turn|5
|
|t:|1760748505
|move|p2a: Dragapult|Outrage|p1a: Lil' Grr|[from] lockedmove
|-immune|p1a: Lil' Grr
|move|p1a: Lil' Grr|Calm Mind|p1a: Lil' Grr
|-boost|p1a: Lil' Grr|spa|1
|-boost|p1a: Lil' Grr|spd|1
|
|upkeep
|turn|6
|c|☆LifeOrbSpammer|S word
|
|t:|1760748532
|move|p2a: Dragapult|Phantom Force||[still]
|-prepare|p2a: Dragapult|Phantom Force
|move|p1a: Lil' Grr|Calm Mind|p1a: Lil' Grr
|-boost|p1a: Lil' Grr|spa|1
|-boost|p1a: Lil' Grr|spd|1
|
|upkeep
|turn|7
|
|t:|1760748551
|move|p2a: Dragapult|Phantom Force|p1a: Lil' Grr|[from] lockedmove
|-damage|p1a: Lil' Grr|59/100
|-damage|p2a: Dragapult|81/100|[from] item: Life Orb
|move|p1a: Lil' Grr|Calm Mind|p1a: Lil' Grr
|-boost|p1a: Lil' Grr|spa|1
|-boost|p1a: Lil' Grr|spd|1
|
|-heal|p1a: Lil' Grr|65/100|[from] item: Leftovers
|upkeep
|turn|8
|inactive|LifeOrbSpammer has 120 seconds left.
|
|t:|1760748579
|switch|p2a: Tornadus|Tornadus-Therian, M|100/100
|move|p1a: Lil' Grr|Draining Kiss|p2a: Tornadus
|-damage|p2a: Tornadus|47/100
|-heal|p1a: Lil' Grr|100/100|[from] drain|[of] p2a: Tornadus
|
|upkeep
|turn|9
|inactive|LifeOrbSpammer has 120 seconds left.
|
|t:|1760748600
|move|p2a: Tornadus|Sludge Bomb|p1a: Lil' Grr
|-damage|p1a: Lil' Grr|89/100
|-status|p1a: Lil' Grr|psn
|-damage|p2a: Tornadus|37/100|[from] item: Life Orb
|move|p1a: Lil' Grr|Ancient Power|p2a: Tornadus
|-supereffective|p2a: Tornadus
|-damage|p2a: Tornadus|0 fnt
|faint|p2a: Tornadus
|
|-heal|p1a: Lil' Grr|95/100 psn|[from] item: Leftovers
|-damage|p1a: Lil' Grr|83/100 psn|[from] psn
|upkeep
|inactive|LifeOrbSpammer has 120 seconds left.
|
|t:|1760748614
|switch|p2a: Zamazenta|Zamazenta|100/100
|-ability|p2a: Zamazenta|Dauntless Shield|boost
|-boost|p2a: Zamazenta|def|1
|turn|10
|inactive|LifeOrbSpammer has 120 seconds left.
|
|t:|1760748625
|-terastallize|p1a: Lil' Grr|Fairy
|move|p2a: Zamazenta|Heavy Slam|p1a: Lil' Grr
|-supereffective|p1a: Lil' Grr
|-damage|p1a: Lil' Grr|10/100 psn
|-damage|p2a: Zamazenta|91/100|[from] item: Life Orb
|move|p1a: Lil' Grr|Draining Kiss|p2a: Zamazenta
|-supereffective|p2a: Zamazenta
|-damage|p2a: Zamazenta|0 fnt
|-heal|p1a: Lil' Grr|82/100 psn|[from] drain|[of] p2a: Zamazenta
|faint|p2a: Zamazenta
|
|-heal|p1a: Lil' Grr|89/100 psn|[from] item: Leftovers
|-damage|p1a: Lil' Grr|76/100 psn|[from] psn
|upkeep
|
|t:|1760748641
|switch|p2a: Walking Wake|Walking Wake|100/100
|turn|11
|
|t:|1760748661
|-terastallize|p2a: Walking Wake|Water
|move|p2a: Walking Wake|Scald|p1a: Lil' Grr
|-damage|p1a: Lil' Grr|55/100 psn
|-damage|p2a: Walking Wake|91/100|[from] item: Life Orb
|move|p1a: Lil' Grr|Draining Kiss|p2a: Walking Wake
|-damage|p2a: Walking Wake|11/100
|-heal|p1a: Lil' Grr|100/100 psn|[from] drain|[of] p2a: Walking Wake
|
|-damage|p1a: Lil' Grr|88/100 psn|[from] psn
|upkeep
|turn|12
|
|t:|1760748674
|move|p1a: Lil' Grr|Ancient Power|p2a: Walking Wake
|-damage|p2a: Walking Wake|0 fnt
|faint|p2a: Walking Wake
|-end|p2a: Walking Wake|Protosynthesis|[silent]
|
|-heal|p1a: Lil' Grr|94/100 psn|[from] item: Leftovers
|-damage|p1a: Lil' Grr|82/100 psn|[from] psn
|upkeep
|
|t:|1760748684
|switch|p2a: Dragapult|Dragapult, F|81/100
|turn|13
|
|t:|1760748693
|move|p2a: Dragapult|Phantom Force||[still]
|-prepare|p2a: Dragapult|Phantom Force
|move|p1a: Lil' Grr|Draining Kiss|p2a: Dragapult|[miss]
|-miss|p1a: Lil' Grr|p2a: Dragapult
|
|-heal|p1a: Lil' Grr|88/100 psn|[from] item: Leftovers
|-damage|p1a: Lil' Grr|75/100 psn|[from] psn
|upkeep
|turn|14
|
|t:|1760748699
|move|p2a: Dragapult|Phantom Force|p1a: Lil' Grr|[from] lockedmove
|-damage|p1a: Lil' Grr|40/100 psn
|-damage|p2a: Dragapult|71/100|[from] item: Life Orb
|move|p1a: Lil' Grr|Draining Kiss|p2a: Dragapult
|-supereffective|p2a: Dragapult
|-damage|p2a: Dragapult|0 fnt
|-heal|p1a: Lil' Grr|96/100 psn|[from] drain|[of] p2a: Dragapult
|faint|p2a: Dragapult
|
|-heal|p1a: Lil' Grr|100/100 psn|[from] item: Leftovers
|-damage|p1a: Lil' Grr|88/100 psn|[from] psn
|upkeep
|
|t:|1760748710
|switch|p2a: Darkrai|Darkrai|100/100
|turn|15
|
|t:|1760748716
|move|p2a: Darkrai|Psyshock|p1a: Lil' Grr
|-damage|p1a: Lil' Grr|63/100 psn
|-damage|p2a: Darkrai|91/100|[from] item: Life Orb
|move|p1a: Lil' Grr|Draining Kiss|p2a: Darkrai
|-supereffective|p2a: Darkrai
|-damage|p2a: Darkrai|0 fnt
|-heal|p1a: Lil' Grr|100/100 psn|[from] drain|[of] p2a: Darkrai
|faint|p2a: Darkrai
|
|win|Captain Izanagi
|raw|Captain Izanagi's rating: 1101 &rarr; <strong>1127</strong><br />(+26 for winning)
|raw|LifeOrbSpammer's rating: 1113 &rarr; <strong>1087</strong><br />(-26 for losing)
|l|☆Captain Izanagi
|player|p1|
|l|☆LifeOrbSpammer
|player|p2|
