|j|☆Mithyk Noob
|j|☆Dyra09x
|t:|1760864890
|gametype|singles
|player|p1|Mithyk Noob|gentleman-gen4|1118
|player|p2|Dyra09x|bugcatcher-gen4dp|1083
|gen|9
|tier|[Gen 9] OU
|rated|
|rule|HP Percentage Mod: HP is shown in percentages
|rule|Endless Battle Clause: Forcing endless battles is banned
|rule|Species Clause: Limit one of each Pokémon
|rule|OHKO Clause: OHKO moves are banned
|rule|Evasion Items Clause: Evasion items are banned
|rule|Evasion Moves Clause: Evasion moves are banned
|rule|Evasion Abilities Clause: Evasion abilities are banned
|rule|Sleep Moves Clause: Sleep-inducing moves are banned
|clearpoke
|poke|p1|Ursaring, F|
|poke|p1|Dusknoir, F|
|poke|p1|Iron Treads|
|poke|p1|Cinderace, M|
|poke|p1|Dondozo, M|
|poke|p1|Blissey, F|
|poke|p2|Noivern, M|
|poke|p2|Espeon, F|
|poke|p2|Glimmora, F|
|poke|p2|Honchkrow, M|
|poke|p2|Chandelure, F|
|poke|p2|Rotom|
|teampreview
|inactive|Battle timer is ON: inactive players will automatically lose when time's up. (requested by Dyra09x)
|
|t:|1760864905
|teamsize|p1|6
|teamsize|p2|6
|start
|switch|p1a: Dondozo|Dondozo, M|100/100
|switch|p2a: Rotom|Rotom|100/100
|turn|1
|
|t:|1760864912
|switch|p1a: Blissey|Blissey, F|100/100
|-terastallize|p2a: Rotom|Electric
|move|p2a: Rotom|Volt Switch|p1a: Blissey
|-damage|p1a: Blissey|78/100
|
|t:|1760864919
|switch|p2a: Espeon|Espeon, F|100/100|[from] Volt Switch
|
|-heal|p1a: Blissey|84/100|[from] item: Leftovers
|upkeep
|turn|2
|
|t:|1760864931
|move|p2a: Espeon|Calm Mind|p2a: Espeon
|-boost|p2a: Espeon|spa|1
|-boost|p2a: Espeon|spd|1
|move|p1a: Blissey|Thunder Wave|p2a: Espeon
|move|p2a: Espeon|Thunder Wave|p1a: Blissey|[from] ability: Magic Bounce
|-status|p1a: Blissey|par
|
|-heal|p1a: Blissey|90/100 par|[from] item: Leftovers
|upkeep
|turn|3
|
|t:|1760864938
|move|p2a: Espeon|Calm Mind|p2a: Espeon
|-boost|p2a: Espeon|spa|1
|-boost|p2a: Espeon|spd|1
|cant|p1a: Blissey|par
|
|-heal|p1a: Blissey|96/100 par|[from] item: Leftovers
|upkeep
|turn|4
|
|t:|1760864949
|move|p2a: Espeon|Calm Mind|p2a: Espeon
|-boost|p2a: Espeon|spa|1
|-boost|p2a: Espeon|spd|1
|move|p1a: Blissey|Seismic Toss|p2a: Espeon
|-damage|p2a: Espeon|64/100
|
|-heal|p2a: Espeon|70/100|[from] item: Leftovers
|-heal|p1a: Blissey|100/100 par|[from] item: Leftovers
|upkeep
|turn|5
|
|t:|1760864956
|move|p2a: Espeon|Psychic|p1a: Blissey
|-damage|p1a: Blissey|59/100 par
|move|p1a: Blissey|Seismic Toss|p2a: Espeon
|-damage|p2a: Espeon|33/100
|
|-heal|p2a: Espeon|39/100|[from] item: Leftovers
|-heal|p1a: Blissey|65/100 par|[from] item: Leftovers
|upkeep
|turn|6
|
|t:|1760864964
|move|p2a: Espeon|Psychic|p1a: Blissey
|-damage|p1a: Blissey|22/100 par
|-unboost|p1a: Blissey|spd|1
|cant|p1a: Blissey|par
|
|-heal|p2a: Espeon|44/100|[from] item: Leftovers
|-heal|p1a: Blissey|28/100 par|[from] item: Leftovers
|upkeep
|turn|7
|
|t:|1760864975
|-curestatus|p1a: Blissey|par|[from] ability: Natural Cure
|switch|p1a: Iron Treads|Iron Treads|100/100
|move|p2a: Espeon|Psychic|p1a: Iron Treads
|-resisted|p1a: Iron Treads
|-damage|p1a: Iron Treads|26/100
|
|-heal|p2a: Espeon|50/100|[from] item: Leftovers
|upkeep
|turn|8
|
|t:|1760864981
|move|p2a: Espeon|Psychic|p1a: Iron Treads
|-resisted|p1a: Iron Treads
|-crit|p1a: Iron Treads
|-damage|p1a: Iron Treads|0 fnt
|faint|p1a: Iron Treads
|-end|p1a: Iron Treads|Quark Drive|[silent]
|
|-heal|p2a: Espeon|56/100|[from] item: Leftovers
|upkeep
|
|t:|1760864985
|switch|p1a: Dusknoir|Dusknoir, F|100/100
|-ability|p1a: Dusknoir|Pressure
|turn|9
|
|t:|1760864989
|move|p1a: Dusknoir|Shadow Sneak|p2a: Espeon
|-supereffective|p2a: Espeon
|-damage|p2a: Espeon|0 fnt
|faint|p2a: Espeon
|
|upkeep
|
|t:|1760864992
|switch|p2a: Rotom|Rotom, tera:Electric|100/100
|turn|10
|
|t:|1760865001
|move|p2a: Rotom|Shadow Ball|p1a: Dusknoir
|-supereffective|p1a: Dusknoir
|-damage|p1a: Dusknoir|35/100
|move|p1a: Dusknoir|Poltergeist|p2a: Rotom
|-activate|p2a: Rotom|move: Poltergeist|Choice Specs
|-damage|p2a: Rotom|0 fnt
|faint|p2a: Rotom
|
|upkeep
|
|t:|1760865004
|switch|p2a: Glimmora|Glimmora, F|100/100
|turn|11
|
|t:|1760865009
|move|p2a: Glimmora|Meteor Beam||[still]
|-prepare|p2a: Glimmora|Meteor Beam
|-boost|p2a: Glimmora|spa|1
|-enditem|p2a: Glimmora|Power Herb
|-anim|p2a: Glimmora|Meteor Beam|p1a: Dusknoir
|-damage|p1a: Dusknoir|0 fnt
|faint|p1a: Dusknoir
|
|upkeep
|
|t:|1760865016
|switch|p1a: Blissey|Blissey, F|28/100
|turn|12
|
|t:|1760865022
|move|p2a: Glimmora|Meteor Beam||[still]
|-prepare|p2a: Glimmora|Meteor Beam
|-boost|p2a: Glimmora|spa|1
|move|p1a: Blissey|Heal Bell||[still]
|-activate|p1a: Blissey|move: Heal Bell
|-fail|p1a: Blissey
|
|-heal|p1a: Blissey|34/100|[from] item: Leftovers
|upkeep
|turn|13
|
|t:|1760865028
|move|p2a: Glimmora|Meteor Beam|p1a: Blissey|[from] lockedmove
|-damage|p1a: Blissey|0 fnt
|faint|p1a: Blissey
|
|upkeep
|
|t:|1760865034
|switch|p1a: Dondozo|Dondozo, M|100/100
|turn|14
|
|t:|1760865037
|move|p2a: Glimmora|Energy Ball|p1a: Dondozo
|-supereffective|p1a: Dondozo
|-damage|p1a: Dondozo|37/100
|move|p1a: Dondozo|Aqua Tail|p2a: Glimmora
|-supereffective|p2a: Glimmora
|-damage|p2a: Glimmora|0 fnt
|-activate|p2a: Glimmora|ability: Toxic Debris
|-sidestart|p1: Mithyk Noob|move: Toxic Spikes
|faint|p2a: Glimmora
|
|-heal|p1a: Dondozo|43/100|[from] item: Leftovers
|upkeep
|
|t:|1760865040
|switch|p2a: Noivern|Noivern, M|100/100
|turn|15
|
|t:|1760865044
|move|p2a: Noivern|Boomburst|p1a: Dondozo
|-damage|p1a: Dondozo|2/100
|-enditem|p2a: Noivern|Throat Spray
|-boost|p2a: Noivern|spa|1|[from] item: Throat Spray
|move|p1a: Dondozo|Avalanche|p2a: Noivern
|-supereffective|p2a: Noivern
|-damage|p2a: Noivern|0 fnt
|faint|p2a: Noivern
|
|-heal|p1a: Dondozo|8/100|[from] item: Leftovers
|upkeep
|
|t:|1760865049
|switch|p2a: Honchkrow|Honchkrow, M|100/100
|turn|16
|
|t:|1760865054
|move|p2a: Honchkrow|Brave Bird|p1a: Dondozo
|-damage|p1a: Dondozo|0 fnt
|faint|p1a: Dondozo
|-ability|p2a: Honchkrow|Moxie|boost
|-boost|p2a: Honchkrow|atk|1
|-damage|p2a: Honchkrow|97/100|[from] Recoil
|-damage|p2a: Honchkrow|87/100|[from] item: Life Orb
|
|upkeep
|
|t:|1760865056
|switch|p1a: Cinderace|Cinderace, M|100/100
|turn|17
|
|t:|1760865065
|move|p1a: Cinderace|Pyro Ball|p2a: Honchkrow
|-damage|p2a: Honchkrow|2/100
|move|p2a: Honchkrow|Brave Bird|p1a: Cinderace
|-damage|p1a: Cinderace|0 fnt
|faint|p1a: Cinderace
|-ability|p2a: Honchkrow|Moxie|boost
|-boost|p2a: Honchkrow|atk|1
|-damage|p2a: Honchkrow|0 fnt|[from] Recoil
|faint|p2a: Honchkrow
|
|upkeep
|
|t:|1760865071
|switch|p1a: Ursaring|Ursaring, F|100/100
|switch|p2a: Chandelure|Chandelure, F|100/100
|-status|p1a: Ursaring|psn
|turn|18
|
|t:|1760865080
|move|p1a: Ursaring|Earthquake|p2a: Chandelure
|-supereffective|p2a: Chandelure
|-damage|p2a: Chandelure|0 fnt
|faint|p2a: Chandelure
|
|win|Mithyk Noob
|raw|Mithyk Noob's rating: 1118 &rarr; <strong>1140</strong><br />(+22 for winning)
|raw|Dyra09x's rating: 1083 &rarr; <strong>1063</strong><br />(-20 for losing)
|l|☆Dyra09x
|player|p2|
|l|☆Mithyk Noob
|player|p1|
