|j|☆jakkuza
|j|☆yonderfarer
|t:|1760760226
|gametype|singles
|player|p1|jakkuza|265|1236
|player|p2|yonderfarer|blue|1197
|gen|9
|tier|[Gen 9] OU
|rated|
|rule|HP Percentage Mod: HP is shown in percentages
|rule|Endless Battle Clause: Forcing endless battles is banned
|rule|Species Clause: Limit one of each Pokémon
|rule|OHKO Clause: OHKO moves are banned
|rule|Evasion Items Clause: Evasion items are banned
|rule|Evasion Moves Clause: Evasion moves are banned
|rule|Evasion Abilities Clause: Evasion abilities are banned
|rule|Sleep Moves Clause: Sleep-inducing moves are banned
|clearpoke
|poke|p1|Reuniclus, F|
|poke|p1|Garganacl, M|
|poke|p1|Cinderace, M|
|poke|p1|Hatterene, F|
|poke|p1|Ursaluna, F|
|poke|p1|Ditto|
|poke|p2|Hatterene, F|
|poke|p2|Iron Crown|
|poke|p2|Darkrai|
|poke|p2|Golurk|
|poke|p2|Quaquaval, M|
|poke|p2|Raging Bolt|
|teampreview
|
|t:|1760760239
|teamsize|p1|6
|teamsize|p2|6
|start
|switch|p1a: Garganacl|Garganacl, M|100/100
|switch|p2a: Golurk|Golurk|100/100
|turn|1
|inactive|Battle timer is ON: inactive players will automatically lose when time's up. (requested by yonderfarer)
|
|t:|1760760248
|move|p2a: Golurk|Dynamic Punch|p1a: Garganacl
|-supereffective|p1a: Garganacl
|-damage|p1a: Garganacl|49/100
|-start|p1a: Garganacl|confusion
|-activate|p1a: Garganacl|confusion
|-damage|p1a: Garganacl|42/100|[from] confusion
|
|-heal|p1a: Garganacl|49/100|[from] item: Leftovers
|upkeep
|turn|2
|
|t:|1760760263
|switch|p1a: Ditto|Ditto, shiny|100/100
|-transform|p1a: Ditto|p2a: Golurk|[from] ability: Imposter
|move|p2a: Golurk|Poltergeist|p1a: Ditto
|-activate|p1a: Ditto|move: Poltergeist|Choice Scarf
|-supereffective|p1a: Ditto
|-damage|p1a: Ditto|0 fnt
|faint|p1a: Ditto
|
|upkeep
|inactive|jakkuza has 120 seconds left.
|inactive|jakkuza has 90 seconds left.
|
|t:|1760760327
|switch|p1a: Hatterene|Hatterene, F|100/100
|turn|3
|
|t:|1760760332
|move|p2a: Golurk|Poltergeist|p1a: Hatterene
|-activate|p1a: Hatterene|move: Poltergeist|Leftovers
|-supereffective|p1a: Hatterene
|-damage|p1a: Hatterene|0 fnt
|faint|p1a: Hatterene
|
|upkeep
|
|t:|1760760342
|switch|p1a: Reuniclus|Reuniclus, F|100/100
|turn|4
|
|t:|1760760346
|-terastallize|p1a: Reuniclus|Dark
|move|p2a: Golurk|Poltergeist|p1a: Reuniclus
|-activate|p1a: Reuniclus|move: Poltergeist|Leftovers
|-resisted|p1a: Reuniclus
|-damage|p1a: Reuniclus|73/100
|move|p1a: Reuniclus|Acid Armor|p1a: Reuniclus
|-boost|p1a: Reuniclus|def|2
|
|-heal|p1a: Reuniclus|80/100|[from] item: Leftovers
|upkeep
|turn|5
|
|t:|1760760357
|move|p2a: Golurk|Dynamic Punch|p1a: Reuniclus
|-supereffective|p1a: Reuniclus
|-damage|p1a: Reuniclus|49/100
|-start|p1a: Reuniclus|confusion
|-activate|p1a: Reuniclus|confusion
|move|p1a: Reuniclus|Acid Armor|p1a: Reuniclus
|-boost|p1a: Reuniclus|def|2
|
|-heal|p1a: Reuniclus|55/100|[from] item: Leftovers
|upkeep
|turn|6
|
|t:|1760760371
|switch|p2a: Iron Crown|Iron Crown|100/100
|-enditem|p2a: Iron Crown|Booster Energy
|-activate|p2a: Iron Crown|ability: Quark Drive|[fromitem]
|-start|p2a: Iron Crown|quarkdrivespa
|-activate|p1a: Reuniclus|confusion
|move|p1a: Reuniclus|Recover|p1a: Reuniclus
|-heal|p1a: Reuniclus|100/100
|
|upkeep
|turn|7
|
|t:|1760760385
|move|p2a: Iron Crown|Calm Mind|p2a: Iron Crown
|-boost|p2a: Iron Crown|spa|1
|-boost|p2a: Iron Crown|spd|1
|-activate|p1a: Reuniclus|confusion
|move|p1a: Reuniclus|Calm Mind|p1a: Reuniclus
|-boost|p1a: Reuniclus|spa|1
|-boost|p1a: Reuniclus|spd|1
|
|upkeep
|turn|8
|
|t:|1760760390
|-terastallize|p2a: Iron Crown|Steel
|move|p2a: Iron Crown|Tachyon Cutter|p1a: Reuniclus
|-damage|p1a: Reuniclus|66/100
|-damage|p1a: Reuniclus|32/100
|-hitcount|p1a: Reuniclus|2
|-end|p1a: Reuniclus|confusion
|move|p1a: Reuniclus|Calm Mind|p1a: Reuniclus
|-boost|p1a: Reuniclus|spa|1
|-boost|p1a: Reuniclus|spd|1
|
|-heal|p1a: Reuniclus|38/100|[from] item: Leftovers
|upkeep
|turn|9
|inactive|jakkuza has 120 seconds left.
|
|t:|1760760397
|move|p2a: Iron Crown|Tachyon Cutter|p1a: Reuniclus
|-damage|p1a: Reuniclus|15/100
|-damage|p1a: Reuniclus|0 fnt
|faint|p1a: Reuniclus
|-hitcount|p1: Reuniclus|2
|
|upkeep
|
|t:|1760760401
|switch|p1a: Cinderace|Cinderace, M|100/100
|turn|10
|
|t:|1760760408
|move|p1a: Cinderace|High Jump Kick|p2a: Iron Crown
|-start|p1a: Cinderace|typechange|Fighting|[from] ability: Libero
|-supereffective|p2a: Iron Crown
|-damage|p2a: Iron Crown|0 fnt
|faint|p2a: Iron Crown
|-end|p2a: Iron Crown|Quark Drive|[silent]
|
|upkeep
|
|t:|1760760415
|switch|p2a: Hatterene|Hatterene, F|100/100
|turn|11
|
|t:|1760760420
|move|p1a: Cinderace|U-turn|p2a: Hatterene
|-damage|p2a: Hatterene|73/100
|
|t:|1760760424
|switch|p1a: Garganacl|Garganacl, M|49/100|[from] U-turn
|move|p2a: Hatterene|Draining Kiss|p1a: Garganacl
|-damage|p1a: Garganacl|29/100
|-heal|p2a: Hatterene|92/100|[from] drain|[of] p1a: Garganacl
|
|-heal|p1a: Garganacl|35/100|[from] item: Leftovers
|-heal|p2a: Hatterene|98/100|[from] item: Leftovers
|upkeep
|turn|12
|
|t:|1760760429
|move|p1a: Garganacl|Recover|p1a: Garganacl
|-heal|p1a: Garganacl|85/100
|move|p2a: Hatterene|Psyshock|p1a: Garganacl
|-damage|p1a: Garganacl|55/100
|
|-heal|p1a: Garganacl|61/100|[from] item: Leftovers
|-heal|p2a: Hatterene|100/100|[from] item: Leftovers
|upkeep
|turn|13
|
|t:|1760760436
|move|p1a: Garganacl|Iron Defense|p1a: Garganacl
|-boost|p1a: Garganacl|def|2
|move|p2a: Hatterene|Calm Mind|p2a: Hatterene
|-boost|p2a: Hatterene|spa|1
|-boost|p2a: Hatterene|spd|1
|
|-heal|p1a: Garganacl|67/100|[from] item: Leftovers
|upkeep
|turn|14
|
|t:|1760760440
|move|p1a: Garganacl|Salt Cure|p2a: Hatterene
|-damage|p2a: Hatterene|85/100
|-start|p2a: Hatterene|Salt Cure
|move|p2a: Hatterene|Calm Mind|p2a: Hatterene
|-boost|p2a: Hatterene|spa|1
|-boost|p2a: Hatterene|spd|1
|
|-heal|p1a: Garganacl|73/100|[from] item: Leftovers
|-heal|p2a: Hatterene|91/100|[from] item: Leftovers
|-damage|p2a: Hatterene|79/100|[from] Salt Cure
|upkeep
|turn|15
|
|t:|1760760459
|move|p1a: Garganacl|Iron Defense|p1a: Garganacl
|-boost|p1a: Garganacl|def|2
|move|p2a: Hatterene|Draining Kiss|p1a: Garganacl
|-crit|p1a: Garganacl
|-damage|p1a: Garganacl|14/100
|-heal|p2a: Hatterene|100/100|[from] drain|[of] p1a: Garganacl
|
|-heal|p1a: Garganacl|21/100|[from] item: Leftovers
|-damage|p2a: Hatterene|88/100|[from] Salt Cure
|upkeep
|turn|16
|
|t:|1760760469
|move|p1a: Garganacl|Recover|p1a: Garganacl
|-heal|p1a: Garganacl|71/100
|move|p2a: Hatterene|Draining Kiss|p1a: Garganacl
|-damage|p1a: Garganacl|34/100
|-heal|p2a: Hatterene|100/100|[from] drain|[of] p1a: Garganacl
|
|-heal|p1a: Garganacl|40/100|[from] item: Leftovers
|-damage|p2a: Hatterene|88/100|[from] Salt Cure
|upkeep
|turn|17
|
|t:|1760760477
|move|p1a: Garganacl|Recover|p1a: Garganacl
|-heal|p1a: Garganacl|90/100
|move|p2a: Hatterene|Draining Kiss|p1a: Garganacl
|-damage|p1a: Garganacl|53/100
|-heal|p2a: Hatterene|100/100|[from] drain|[of] p1a: Garganacl
|
|-heal|p1a: Garganacl|59/100|[from] item: Leftovers
|-damage|p2a: Hatterene|88/100|[from] Salt Cure
|upkeep
|turn|18
|
|t:|1760760483
|move|p1a: Garganacl|Recover|p1a: Garganacl
|-heal|p1a: Garganacl|100/100
|move|p2a: Hatterene|Calm Mind|p2a: Hatterene
|-boost|p2a: Hatterene|spa|1
|-boost|p2a: Hatterene|spd|1
|
|-heal|p2a: Hatterene|94/100|[from] item: Leftovers
|-damage|p2a: Hatterene|82/100|[from] Salt Cure
|upkeep
|turn|19
|
|t:|1760760495
|move|p1a: Garganacl|Iron Defense|p1a: Garganacl
|-boost|p1a: Garganacl|def|2
|move|p2a: Hatterene|Draining Kiss|p1a: Garganacl
|-damage|p1a: Garganacl|53/100
|-heal|p2a: Hatterene|100/100|[from] drain|[of] p1a: Garganacl
|
|-heal|p1a: Garganacl|60/100|[from] item: Leftovers
|-damage|p2a: Hatterene|88/100|[from] Salt Cure
|upkeep
|turn|20
|
|t:|1760760502
|move|p1a: Garganacl|Recover|p1a: Garganacl
|-heal|p1a: Garganacl|100/100
|move|p2a: Hatterene|Draining Kiss|p1a: Garganacl
|-damage|p1a: Garganacl|55/100
|-heal|p2a: Hatterene|100/100|[from] drain|[of] p1a: Garganacl
|
|-heal|p1a: Garganacl|61/100|[from] item: Leftovers
|-damage|p2a: Hatterene|88/100|[from] Salt Cure
|upkeep
|turn|21
|
|t:|1760760507
|move|p1a: Garganacl|Recover|p1a: Garganacl
|-heal|p1a: Garganacl|100/100
|move|p2a: Hatterene|Calm Mind|p2a: Hatterene
|-boost|p2a: Hatterene|spa|1
|-boost|p2a: Hatterene|spd|1
|
|-heal|p2a: Hatterene|94/100|[from] item: Leftovers
|-damage|p2a: Hatterene|82/100|[from] Salt Cure
|upkeep
|turn|22
|
|t:|1760760512
|move|p1a: Garganacl|Body Press|p2a: Hatterene
|-resisted|p2a: Hatterene
|-damage|p2a: Hatterene|56/100
|move|p2a: Hatterene|Draining Kiss|p1a: Garganacl
|-damage|p1a: Garganacl|46/100
|-heal|p2a: Hatterene|100/100|[from] drain|[of] p1a: Garganacl
|
|-heal|p1a: Garganacl|52/100|[from] item: Leftovers
|-damage|p2a: Hatterene|88/100|[from] Salt Cure
|upkeep
|turn|23
|
|t:|1760760519
|move|p1a: Garganacl|Body Press|p2a: Hatterene
|-resisted|p2a: Hatterene
|-damage|p2a: Hatterene|65/100
|move|p2a: Hatterene|Draining Kiss|p1a: Garganacl
|-damage|p1a: Garganacl|0 fnt
|-heal|p2a: Hatterene|100/100|[from] drain|[of] p1a: Garganacl
|faint|p1a: Garganacl
|
|-damage|p2a: Hatterene|88/100|[from] Salt Cure
|upkeep
|
|t:|1760760525
|switch|p1a: Ursaluna|Ursaluna, F|100/100
|turn|24
|
|t:|1760760534
|move|p1a: Ursaluna|Ice Punch|p2a: Hatterene
|-damage|p2a: Hatterene|57/100
|move|p2a: Hatterene|Draining Kiss|p1a: Ursaluna
|-damage|p1a: Ursaluna|23/100
|-heal|p2a: Hatterene|100/100|[from] drain|[of] p1a: Ursaluna
|
|-damage|p2a: Hatterene|88/100|[from] Salt Cure
|-status|p1a: Ursaluna|brn|[from] item: Flame Orb
|upkeep
|turn|25
|
|t:|1760760541
|move|p1a: Ursaluna|Facade|p2a: Hatterene
|-damage|p2a: Hatterene|0 fnt
|faint|p2a: Hatterene
|
|-damage|p1a: Ursaluna|17/100 brn|[from] brn
|upkeep
|
|t:|1760760546
|switch|p2a: Quaquaval|Quaquaval, M|100/100
|turn|26
|
|t:|1760760552
|move|p2a: Quaquaval|Aqua Step|p1a: Ursaluna
|-supereffective|p1a: Ursaluna
|-damage|p1a: Ursaluna|0 fnt
|-boost|p2a: Quaquaval|spe|1
|faint|p1a: Ursaluna
|-ability|p2a: Quaquaval|Moxie|boost
|-boost|p2a: Quaquaval|atk|1
|
|upkeep
|
|t:|1760760554
|switch|p1a: Cinderace|Cinderace, M|100/100
|turn|27
|
|t:|1760760559
|move|p2a: Quaquaval|Aqua Step|p1a: Cinderace
|-supereffective|p1a: Cinderace
|-damage|p1a: Cinderace|0 fnt
|-boost|p2a: Quaquaval|spe|1
|faint|p1a: Cinderace
|
|win|yonderfarer
|raw|jakkuza's rating: 1236 &rarr; <strong>1208</strong><br />(-28 for losing)
|raw|yonderfarer's rating: 1197 &rarr; <strong>1225</strong><br />(+28 for winning)
|c|☆yonderfarer|gg
|l|☆jakkuza
|player|p1|
|l|☆yonderfarer
|player|p2|
