|j|☆iMaxynm
|j|☆Bonsly Brian
|t:|1760873129
|gametype|singles
|player|p1|iMaxynm|caitlin|1295
|player|p2|Bonsly Brian|riley|1264
|gen|9
|tier|[Gen 9] OU
|rated|
|rule|HP Percentage Mod: HP is shown in percentages
|rule|Endless Battle Clause: Forcing endless battles is banned
|rule|Species Clause: Limit one of each Pokémon
|rule|OHKO Clause: OHKO moves are banned
|rule|Evasion Items Clause: Evasion items are banned
|rule|Evasion Moves Clause: Evasion moves are banned
|rule|Evasion Abilities Clause: Evasion abilities are banned
|rule|Sleep Moves Clause: Sleep-inducing moves are banned
|clearpoke
|poke|p1|Torkoal, M|
|poke|p1|Venusaur, M|
|poke|p1|Murkrow, F|
|poke|p1|Great Tusk|
|poke|p1|Walking Wake|
|poke|p1|Tinkaton, F|
|poke|p2|Bonsly, M|
|poke|p2|Dragonite, M|
|poke|p2|Iron Valiant|
|poke|p2|Dragapult, F|
|poke|p2|Kingambit, M|
|poke|p2|Great Tusk|
|teampreview
|inactive|Battle timer is ON: inactive players will automatically lose when time's up. (requested by Bonsly Brian)
|
|t:|1760873133
|teamsize|p1|6
|teamsize|p2|6
|start
|switch|p1a: Torkoal|Torkoal, M|100/100
|switch|p2a: Bonsly|Bonsly, M, shiny|100/100
|-weather|SunnyDay|[from] ability: Drought|[of] p1a: Torkoal
|turn|1
|
|t:|1760873141
|switch|p1a: Venusaur|Venusaur, M|100/100
|move|p2a: Bonsly|Stealth Rock|p1a: Venusaur
|-sidestart|p1: iMaxynm|move: Stealth Rock
|
|-weather|SunnyDay|[upkeep]
|upkeep
|turn|2
|
|t:|1760873149
|move|p1a: Venusaur|Growth|p1a: Venusaur
|-boost|p1a: Venusaur|atk|2
|-boost|p1a: Venusaur|spa|2
|move|p2a: Bonsly|Spikes|p1a: Venusaur
|-sidestart|p1: iMaxynm|Spikes
|
|-weather|SunnyDay|[upkeep]
|upkeep
|turn|3
|
|t:|1760873157
|move|p1a: Venusaur|Giga Drain|p2a: Bonsly
|-supereffective|p2a: Bonsly
|-ability|p2a: Bonsly|Sturdy
|-damage|p2a: Bonsly|1/100
|-damage|p1a: Venusaur|91/100|[from] item: Life Orb
|move|p2a: Bonsly|Spikes|p1a: Venusaur
|-sidestart|p1: iMaxynm|Spikes
|
|-weather|SunnyDay|[upkeep]
|upkeep
|turn|4
|-enditem|p2a: Bonsly|Custap Berry|[eat]
|-activate|p2a: Bonsly|item: Custap Berry|[consumed]
|
|t:|1760873166
|move|p2a: Bonsly|Foul Play|p1a: Venusaur
|-damage|p1a: Venusaur|50/100
|move|p1a: Venusaur|Giga Drain|p2a: Bonsly
|-supereffective|p2a: Bonsly
|-damage|p2a: Bonsly|0 fnt
|-heal|p1a: Venusaur|50/100|[from] drain|[of] p2a: Bonsly
|faint|p2a: Bonsly
|-damage|p1a: Venusaur|41/100|[from] item: Life Orb
|
|-weather|SunnyDay|[upkeep]
|upkeep
|
|t:|1760873176
|switch|p2a: Dragonite|Dragonite, M, shiny|100/100
|turn|5
|
|t:|1760873188
|move|p2a: Dragonite|Extreme Speed|p1a: Venusaur
|-damage|p1a: Venusaur|0 fnt
|faint|p1a: Venusaur
|
|-weather|SunnyDay|[upkeep]
|upkeep
|
|t:|1760873194
|switch|p1a: Great Tusk|Great Tusk|100/100
|-activate|p1a: Great Tusk|ability: Protosynthesis
|-start|p1a: Great Tusk|protosynthesisatk
|turn|6
|
|t:|1760873212
|-terastallize|p2a: Dragonite|Normal
|move|p1a: Great Tusk|Rapid Spin|p2a: Dragonite
|-damage|p2a: Dragonite|88/100
|-boost|p1a: Great Tusk|spe|1
|-sideend|p1: iMaxynm|Spikes|[from] move: Rapid Spin|[of] p1a: Great Tusk
|-sideend|p1: iMaxynm|Stealth Rock|[from] move: Rapid Spin|[of] p1a: Great Tusk
|move|p2a: Dragonite|Dragon Dance|p2a: Dragonite
|-boost|p2a: Dragonite|atk|1
|-boost|p2a: Dragonite|spe|1
|
|-weather|SunnyDay|[upkeep]
|upkeep
|turn|7
|
|t:|1760873223
|move|p1a: Great Tusk|Close Combat|p2a: Dragonite
|-supereffective|p2a: Dragonite
|-damage|p2a: Dragonite|0 fnt
|-unboost|p1a: Great Tusk|def|1
|-unboost|p1a: Great Tusk|spd|1
|faint|p2a: Dragonite
|
|-weather|SunnyDay|[upkeep]
|upkeep
|
|t:|1760873228
|switch|p2a: Iron Valiant|Iron Valiant|100/100
|-enditem|p2a: Iron Valiant|Booster Energy
|-activate|p2a: Iron Valiant|ability: Quark Drive|[fromitem]
|-start|p2a: Iron Valiant|quarkdrivespe
|turn|8
|
|t:|1760873250
|-end|p1a: Great Tusk|Protosynthesis|[silent]
|switch|p1a: Tinkaton|Tinkaton, F|100/100
|-ability|p1a: Tinkaton|Mold Breaker
|move|p2a: Iron Valiant|Moonblast|p1a: Tinkaton
|-resisted|p1a: Tinkaton
|-damage|p1a: Tinkaton|83/100
|
|-weather|none
|upkeep
|turn|9
|
|t:|1760873269
|move|p2a: Iron Valiant|Aura Sphere|p1a: Tinkaton
|-damage|p1a: Tinkaton|58/100
|move|p1a: Tinkaton|Gigaton Hammer|p2a: Iron Valiant
|-supereffective|p2a: Iron Valiant
|-damage|p2a: Iron Valiant|0 fnt
|faint|p2a: Iron Valiant
|-end|p2a: Iron Valiant|Quark Drive|[silent]
|
|upkeep
|
|t:|1760873286
|switch|p2a: Kingambit|Kingambit, M|100/100
|-activate|p2a: Kingambit|ability: Supreme Overlord
|-start|p2a: Kingambit|fallen3|[silent]
|turn|10
|
|t:|1760873291
|switch|p1a: Torkoal|Torkoal, M|100/100
|-weather|SunnyDay|[from] ability: Drought|[of] p1a: Torkoal
|move|p2a: Kingambit|Swords Dance|p2a: Kingambit
|-boost|p2a: Kingambit|atk|2
|
|-weather|SunnyDay|[upkeep]
|upkeep
|turn|11
|
|t:|1760873303
|move|p1a: Torkoal|Protect|p1a: Torkoal
|-singleturn|p1a: Torkoal|Protect
|move|p2a: Kingambit|Kowtow Cleave|p1a: Torkoal
|-activate|p1a: Torkoal|move: Protect
|
|-weather|SunnyDay|[upkeep]
|upkeep
|turn|12
|
|t:|1760873314
|-terastallize|p1a: Torkoal|Fighting
|move|p2a: Kingambit|Kowtow Cleave|p1a: Torkoal
|-resisted|p1a: Torkoal
|-damage|p1a: Torkoal|63/100
|move|p1a: Torkoal|Body Press|p2a: Kingambit
|-supereffective|p2a: Kingambit
|-damage|p2a: Kingambit|0 fnt
|faint|p2a: Kingambit
|-end|p2a: Kingambit|fallen3|[silent]
|
|-weather|SunnyDay|[upkeep]
|upkeep
|
|t:|1760873326
|switch|p2a: Dragapult|Dragapult, F|100/100
|turn|13
|
|t:|1760873330
|move|p1a: Torkoal|Protect|p1a: Torkoal
|-singleturn|p1a: Torkoal|Protect
|move|p2a: Dragapult|Shadow Ball|p1a: Torkoal
|-activate|p1a: Torkoal|move: Protect
|
|-weather|SunnyDay|[upkeep]
|upkeep
|turn|14
|
|t:|1760873343
|switch|p1a: Walking Wake|Walking Wake|100/100
|-activate|p1a: Walking Wake|ability: Protosynthesis
|-start|p1a: Walking Wake|protosynthesisspe
|move|p2a: Dragapult|Shadow Ball|p1a: Walking Wake
|-damage|p1a: Walking Wake|36/100
|
|-weather|SunnyDay|[upkeep]
|upkeep
|turn|15
|
|t:|1760873354
|switch|p2a: Great Tusk|Great Tusk|100/100
|-activate|p2a: Great Tusk|ability: Protosynthesis
|-start|p2a: Great Tusk|protosynthesisatk
|move|p1a: Walking Wake|Draco Meteor|p2a: Great Tusk|[miss]
|-miss|p1a: Walking Wake|p2a: Great Tusk
|
|-weather|SunnyDay|[upkeep]
|upkeep
|turn|16
|
|t:|1760873370
|-end|p1a: Walking Wake|Protosynthesis|[silent]
|switch|p1a: Murkrow|Murkrow, F|100/100
|move|p2a: Great Tusk|Headlong Rush|p1a: Murkrow
|-immune|p1a: Murkrow
|
|-weather|SunnyDay|[upkeep]
|upkeep
|turn|17
|
|t:|1760873383
|move|p1a: Murkrow|Foul Play|p2a: Great Tusk
|-resisted|p2a: Great Tusk
|-damage|p2a: Great Tusk|84/100
|move|p2a: Great Tusk|Rapid Spin|p1a: Murkrow
|-damage|p1a: Murkrow|54/100
|-boost|p2a: Great Tusk|spe|1
|
|-weather|none
|-end|p2a: Great Tusk|Protosynthesis
|upkeep
|-enditem|p2a: Great Tusk|Booster Energy
|-activate|p2a: Great Tusk|ability: Protosynthesis|[fromitem]
|-start|p2a: Great Tusk|protosynthesisspe
|turn|18
|
|t:|1760873397
|move|p1a: Murkrow|Tailwind|p1a: Murkrow
|-sidestart|p1: iMaxynm|move: Tailwind
|move|p2a: Great Tusk|Rapid Spin|p1a: Murkrow
|-damage|p1a: Murkrow|19/100
|-boost|p2a: Great Tusk|spe|1
|
|upkeep
|turn|19
|
|t:|1760873408
|switch|p1a: Torkoal|Torkoal, M, tera:Fighting|63/100
|-weather|SunnyDay|[from] ability: Drought|[of] p1a: Torkoal
|move|p2a: Great Tusk|Rapid Spin|p1a: Torkoal
|-damage|p1a: Torkoal|54/100
|-boost|p2a: Great Tusk|spe|1
|
|-weather|SunnyDay|[upkeep]
|upkeep
|turn|20
|
|t:|1760873420
|move|p2a: Great Tusk|Rapid Spin|p1a: Torkoal
|-damage|p1a: Torkoal|44/100
|-boost|p2a: Great Tusk|spe|1
|move|p1a: Torkoal|Body Press|p2a: Great Tusk
|-damage|p2a: Great Tusk|49/100
|
|-weather|SunnyDay|[upkeep]
|upkeep
|turn|21
|
|t:|1760873435
|switch|p1a: Walking Wake|Walking Wake|36/100
|-activate|p1a: Walking Wake|ability: Protosynthesis
|-start|p1a: Walking Wake|protosynthesisspe
|move|p2a: Great Tusk|Headlong Rush|p1a: Walking Wake
|-damage|p1a: Walking Wake|0 fnt
|-unboost|p2a: Great Tusk|def|1
|-unboost|p2a: Great Tusk|spd|1
|faint|p1a: Walking Wake
|-end|p1a: Walking Wake|Protosynthesis|[silent]
|
|-weather|SunnyDay|[upkeep]
|-sideend|p1: iMaxynm|move: Tailwind
|upkeep
|
|t:|1760873450
|switch|p1a: Great Tusk|Great Tusk|100/100
|-activate|p1a: Great Tusk|ability: Protosynthesis
|-start|p1a: Great Tusk|protosynthesisatk
|turn|22
|
|t:|1760873460
|move|p2a: Great Tusk|Close Combat|p1a: Great Tusk
|-damage|p1a: Great Tusk|53/100
|-unboost|p2a: Great Tusk|def|1
|-unboost|p2a: Great Tusk|spd|1
|move|p1a: Great Tusk|Ice Spinner|p2a: Great Tusk
|-supereffective|p2a: Great Tusk
|-crit|p2a: Great Tusk
|-damage|p2a: Great Tusk|0 fnt
|faint|p2a: Great Tusk
|-end|p2a: Great Tusk|Protosynthesis|[silent]
|
|-weather|SunnyDay|[upkeep]
|upkeep
|
|t:|1760873463
|switch|p2a: Dragapult|Dragapult, F|100/100
|turn|23
|
|t:|1760873480
|-end|p1a: Great Tusk|Protosynthesis|[silent]
|switch|p1a: Tinkaton|Tinkaton, F|58/100
|-ability|p1a: Tinkaton|Mold Breaker
|move|p2a: Dragapult|Shadow Ball|p1a: Tinkaton
|-damage|p1a: Tinkaton|18/100
|
|-weather|SunnyDay|[upkeep]
|upkeep
|turn|24
|
|t:|1760873492
|move|p2a: Dragapult|Shadow Ball|p1a: Tinkaton
|-damage|p1a: Tinkaton|0 fnt
|faint|p1a: Tinkaton
|
|-weather|SunnyDay|[upkeep]
|upkeep
|
|t:|1760873500
|switch|p1a: Murkrow|Murkrow, F|19/100
|turn|25
|
|t:|1760873506
|move|p1a: Murkrow|Tailwind|p1a: Murkrow
|-sidestart|p1: iMaxynm|move: Tailwind
|move|p2a: Dragapult|Shadow Ball|p1a: Murkrow
|-resisted|p1a: Murkrow
|-damage|p1a: Murkrow|0 fnt
|faint|p1a: Murkrow
|
|-weather|SunnyDay|[upkeep]
|upkeep
|
|t:|1760873517
|switch|p1a: Great Tusk|Great Tusk|53/100
|-activate|p1a: Great Tusk|ability: Protosynthesis
|-start|p1a: Great Tusk|protosynthesisatk
|turn|26
|
|t:|1760873523
|move|p1a: Great Tusk|Ice Spinner|p2a: Dragapult
|-supereffective|p2a: Dragapult
|-damage|p2a: Dragapult|0 fnt
|faint|p2a: Dragapult
|
|win|iMaxynm
|raw|iMaxynm's rating: 1295 &rarr; <strong>1318</strong><br />(+23 for winning)
|raw|Bonsly Brian's rating: 1264 &rarr; <strong>1241</strong><br />(-23 for losing)
|l|☆Bonsly Brian
|player|p2|
|l|☆iMaxynm
|player|p1|
