|j|☆grandmothersilcoon
|j|☆tsj1234
|t:|1760760708
|gametype|singles
|player|p1|grandmothersilcoon|blaine|1133
|player|p2|tsj1234|102|1099
|gen|9
|tier|[Gen 9] OU
|rated|
|rule|HP Percentage Mod: HP is shown in percentages
|rule|Endless Battle Clause: Forcing endless battles is banned
|rule|Species Clause: Limit one of each Pokémon
|rule|OHKO Clause: OHKO moves are banned
|rule|Evasion Items Clause: Evasion items are banned
|rule|Evasion Moves Clause: Evasion moves are banned
|rule|Evasion Abilities Clause: Evasion abilities are banned
|rule|Sleep Moves Clause: Sleep-inducing moves are banned
|clearpoke
|poke|p1|Heatran, F|
|poke|p1|Garganacl, F|
|poke|p1|Rillaboom, F|
|poke|p1|Great Tusk|
|poke|p1|Raging Bolt|
|poke|p1|Ogerpon-Wellspring, F|
|poke|p2|Hatterene, F|
|poke|p2|Conkeldurr, F|
|poke|p2|Ursaluna, F|
|poke|p2|Primarina, M|
|poke|p2|Torkoal, M|
|poke|p2|Slowking-Galar, M|
|teampreview
|
|t:|1760760718
|teamsize|p1|6
|teamsize|p2|6
|start
|switch|p1a: Ogerpon|Ogerpon-Wellspring, F|100/100
|switch|p2a: Slowking|Slowking-Galar, M, shiny|100/100
|turn|1
|
|t:|1760760727
|switch|p1a: Garganacl|Garganacl, F|100/100
|move|p2a: Slowking|Thunder Wave|p1a: Garganacl
|-immune|p1a: Garganacl|[from] ability: Purifying Salt
|
|upkeep
|turn|2
|
|t:|1760760741
|move|p1a: Garganacl|Salt Cure|p2a: Slowking
|-damage|p2a: Slowking|89/100
|-start|p2a: Slowking|Salt Cure
|move|p2a: Slowking|Trick Room|p2a: Slowking
|-fieldstart|move: Trick Room|[of] p2a: Slowking
|
|-heal|p2a: Slowking|95/100|[from] item: Black Sludge
|-damage|p2a: Slowking|82/100|[from] Salt Cure
|upkeep
|turn|3
|
|t:|1760760750
|-prepare|p2a: Slowking|Chilly Reception|[premajor]
|move|p2a: Slowking|Chilly Reception|p2a: Slowking
|-weather|Snowscape
|
|t:|1760760756
|switch|p2a: Ursaluna|Ursaluna, F, shiny|100/100|[from] Chilly Reception
|move|p1a: Garganacl|Salt Cure|p2a: Ursaluna
|-resisted|p2a: Ursaluna
|-damage|p2a: Ursaluna|95/100
|-start|p2a: Ursaluna|Salt Cure
|
|-weather|Snowscape|[upkeep]
|-damage|p2a: Ursaluna|83/100|[from] Salt Cure
|-status|p2a: Ursaluna|brn|[from] item: Flame Orb
|upkeep
|turn|4
|
|t:|1760760775
|switch|p1a: Rillaboom|Rillaboom, F|100/100
|-fieldstart|move: Grassy Terrain|[from] ability: Grassy Surge|[of] p1a: Rillaboom
|move|p2a: Ursaluna|Earthquake|p1a: Rillaboom
|-resisted|p1a: Rillaboom
|-damage|p1a: Rillaboom|74/100
|
|-weather|Snowscape|[upkeep]
|-heal|p2a: Ursaluna|89/100 brn|[from] Grassy Terrain
|-heal|p1a: Rillaboom|80/100|[from] Grassy Terrain
|-damage|p2a: Ursaluna|83/100 brn|[from] brn
|-damage|p2a: Ursaluna|70/100 brn|[from] Salt Cure
|upkeep
|turn|5
|
|t:|1760760789
|-terastallize|p2a: Ursaluna|Normal
|move|p1a: Rillaboom|Grassy Glide|p2a: Ursaluna
|-damage|p2a: Ursaluna|33/100 brn
|move|p2a: Ursaluna|Facade|p1a: Rillaboom
|-crit|p1a: Rillaboom
|-damage|p1a: Rillaboom|0 fnt
|faint|p1a: Rillaboom
|
|-weather|Snowscape|[upkeep]
|-heal|p2a: Ursaluna|40/100 brn|[from] Grassy Terrain
|-damage|p2a: Ursaluna|33/100 brn|[from] brn
|-damage|p2a: Ursaluna|21/100 brn|[from] Salt Cure
|upkeep
|
|t:|1760760802
|switch|p1a: Raging Bolt|Raging Bolt|100/100
|-enditem|p1a: Raging Bolt|Booster Energy
|-activate|p1a: Raging Bolt|ability: Protosynthesis|[fromitem]
|-start|p1a: Raging Bolt|protosynthesisspa
|turn|6
|
|t:|1760760816
|switch|p2a: Slowking|Slowking-Galar, M, shiny|100/100
|move|p1a: Raging Bolt|Thunderclap||[still]
|-fail|p1a: Raging Bolt
|
|-weather|Snowscape|[upkeep]
|-fieldend|move: Trick Room
|upkeep
|turn|7
|
|t:|1760760825
|move|p1a: Raging Bolt|Calm Mind|p1a: Raging Bolt
|-boost|p1a: Raging Bolt|spa|1
|-boost|p1a: Raging Bolt|spd|1
|move|p2a: Slowking|Future Sight|p1a: Raging Bolt
|-start|p2a: Slowking|move: Future Sight
|
|-weather|none
|upkeep
|turn|8
|
|t:|1760760838
|move|p1a: Raging Bolt|Calm Mind|p1a: Raging Bolt
|-boost|p1a: Raging Bolt|spa|1
|-boost|p1a: Raging Bolt|spd|1
|move|p2a: Slowking|Trick Room|p2a: Slowking
|-fieldstart|move: Trick Room|[of] p2a: Slowking
|
|-fieldend|move: Grassy Terrain
|upkeep
|turn|9
|
|t:|1760760850
|-prepare|p2a: Slowking|Chilly Reception|[premajor]
|move|p2a: Slowking|Chilly Reception|p2a: Slowking
|-weather|Snowscape
|
|t:|1760760855
|switch|p2a: Conkeldurr|Conkeldurr, F, shiny|100/100|[from] Chilly Reception
|move|p1a: Raging Bolt|Calm Mind|p1a: Raging Bolt
|-boost|p1a: Raging Bolt|spa|1
|-boost|p1a: Raging Bolt|spd|1
|
|-weather|Snowscape|[upkeep]
|-end|p1a: Raging Bolt|move: Future Sight
|-damage|p1a: Raging Bolt|84/100
|upkeep
|turn|10
|
|t:|1760760874
|move|p2a: Conkeldurr|Ice Punch|p1a: Raging Bolt
|-supereffective|p1a: Raging Bolt
|-damage|p1a: Raging Bolt|23/100
|move|p1a: Raging Bolt|Thunderbolt|p2a: Conkeldurr
|-damage|p2a: Conkeldurr|0 fnt
|faint|p2a: Conkeldurr
|
|-weather|Snowscape|[upkeep]
|upkeep
|
|t:|1760760886
|switch|p2a: Primarina|Primarina, M, shiny|100/100
|turn|11
|
|t:|1760760904
|move|p2a: Primarina|Moonblast|p1a: Raging Bolt
|-supereffective|p1a: Raging Bolt
|-damage|p1a: Raging Bolt|0 fnt
|faint|p1a: Raging Bolt
|-end|p1a: Raging Bolt|Protosynthesis|[silent]
|
|-weather|Snowscape|[upkeep]
|upkeep
|
|t:|1760760909
|switch|p1a: Heatran|Heatran, F|100/100
|turn|12
|
|t:|1760760926
|switch|p2a: Slowking|Slowking-Galar, M, shiny|100/100
|switch|p1a: Ogerpon|Ogerpon-Wellspring, F|100/100
|
|-weather|Snowscape|[upkeep]
|-fieldend|move: Trick Room
|upkeep
|turn|13
|
|t:|1760760934
|switch|p1a: Garganacl|Garganacl, F|100/100
|move|p2a: Slowking|Thunder Wave|p1a: Garganacl
|-immune|p1a: Garganacl|[from] ability: Purifying Salt
|
|-weather|none
|upkeep
|turn|14
|
|t:|1760760943
|move|p1a: Garganacl|Salt Cure|p2a: Slowking
|-damage|p2a: Slowking|90/100
|-start|p2a: Slowking|Salt Cure
|move|p2a: Slowking|Trick Room|p2a: Slowking
|-fieldstart|move: Trick Room|[of] p2a: Slowking
|
|-heal|p2a: Slowking|96/100|[from] item: Black Sludge
|-damage|p2a: Slowking|84/100|[from] Salt Cure
|upkeep
|turn|15
|
|t:|1760760955
|-prepare|p2a: Slowking|Chilly Reception|[premajor]
|move|p2a: Slowking|Chilly Reception|p2a: Slowking
|-weather|Snowscape
|
|t:|1760760963
|switch|p2a: Ursaluna|Ursaluna, F, shiny, tera:Normal|21/100 brn|[from] Chilly Reception
|move|p1a: Garganacl|Salt Cure|p2a: Ursaluna
|-damage|p2a: Ursaluna|11/100 brn
|-start|p2a: Ursaluna|Salt Cure
|
|-weather|Snowscape|[upkeep]
|-damage|p2a: Ursaluna|5/100 brn|[from] brn
|-damage|p2a: Ursaluna|0 fnt|[from] Salt Cure
|faint|p2a: Ursaluna
|upkeep
|
|t:|1760760980
|switch|p2a: Torkoal|Torkoal, M, shiny|100/100
|-weather|SunnyDay|[from] ability: Drought|[of] p2a: Torkoal
|turn|16
|
|t:|1760760988
|move|p2a: Torkoal|Solar Beam||[still]
|-prepare|p2a: Torkoal|Solar Beam
|-anim|p2a: Torkoal|Solar Beam|p1a: Garganacl
|-supereffective|p1a: Garganacl
|-damage|p1a: Garganacl|35/100
|move|p1a: Garganacl|Salt Cure|p2a: Torkoal
|-supereffective|p2a: Torkoal
|-damage|p2a: Torkoal|79/100
|-start|p2a: Torkoal|Salt Cure
|
|-weather|SunnyDay|[upkeep]
|-heal|p1a: Garganacl|41/100|[from] item: Leftovers
|-damage|p2a: Torkoal|67/100|[from] Salt Cure
|upkeep
|turn|17
|
|t:|1760761001
|move|p1a: Garganacl|Protect|p1a: Garganacl
|-singleturn|p1a: Garganacl|Protect
|move|p2a: Torkoal|Earth Power|p1a: Garganacl
|-activate|p1a: Garganacl|move: Protect
|
|-weather|SunnyDay|[upkeep]
|-heal|p1a: Garganacl|47/100|[from] item: Leftovers
|-damage|p2a: Torkoal|54/100|[from] Salt Cure
|upkeep
|turn|18
|
|t:|1760761050
|switch|p1a: Heatran|Heatran, F|100/100
|move|p2a: Torkoal|Earth Power|p1a: Heatran
|-supereffective|p1a: Heatran
|-damage|p1a: Heatran|9/100
|
|-weather|SunnyDay|[upkeep]
|-heal|p1a: Heatran|16/100|[from] item: Leftovers
|-damage|p2a: Torkoal|42/100|[from] Salt Cure
|-fieldend|move: Trick Room
|upkeep
|turn|19
|
|t:|1760761063
|move|p1a: Heatran|Earth Power|p2a: Torkoal
|-supereffective|p2a: Torkoal
|-damage|p2a: Torkoal|0 fnt
|faint|p2a: Torkoal
|
|-weather|SunnyDay|[upkeep]
|-heal|p1a: Heatran|22/100|[from] item: Leftovers
|upkeep
|
|t:|1760761073
|switch|p2a: Slowking|Slowking-Galar, M, shiny|100/100
|turn|20
|
|t:|1760761082
|move|p1a: Heatran|Magma Storm|p2a: Slowking
|-damage|p2a: Slowking|33/100
|-activate|p2a: Slowking|move: Magma Storm|[of] p1a: Heatran
|move|p2a: Slowking|Thunder Wave|p1a: Heatran
|-status|p1a: Heatran|par
|
|-weather|none
|-heal|p2a: Slowking|39/100|[from] item: Black Sludge
|-heal|p1a: Heatran|28/100 par|[from] item: Leftovers
|-damage|p2a: Slowking|27/100|[from] move: Magma Storm|[partiallytrapped]
|upkeep
|turn|21
|
|t:|1760761095
|move|p1a: Heatran|Taunt|p2a: Slowking
|-start|p2a: Slowking|move: Taunt
|cant|p2a: Slowking|move: Taunt|Trick Room
|
|-heal|p2a: Slowking|33/100|[from] item: Black Sludge
|-heal|p1a: Heatran|34/100 par|[from] item: Leftovers
|-damage|p2a: Slowking|21/100|[from] move: Magma Storm|[partiallytrapped]
|upkeep
|turn|22
|
|t:|1760761108
|move|p2a: Slowking|Future Sight|p1a: Heatran
|-start|p2a: Slowking|move: Future Sight
|move|p1a: Heatran|Earth Power|p2a: Slowking
|-supereffective|p2a: Slowking
|-damage|p2a: Slowking|0 fnt
|faint|p2a: Slowking
|
|-heal|p1a: Heatran|40/100 par|[from] item: Leftovers
|upkeep
|
|t:|1760761118
|switch|p2a: Hatterene|Hatterene, F, shiny|100/100
|turn|23
|
|t:|1760761127
|move|p1a: Heatran|Magma Storm|p2a: Hatterene
|-damage|p2a: Hatterene|20/100
|-activate|p2a: Hatterene|move: Magma Storm|[of] p1a: Heatran
|move|p2a: Hatterene|Trick Room|p2a: Hatterene
|-fieldstart|move: Trick Room|[of] p2a: Hatterene
|
|-heal|p2a: Hatterene|26/100|[from] item: Leftovers
|-heal|p1a: Heatran|47/100 par|[from] item: Leftovers
|-damage|p2a: Hatterene|13/100|[from] move: Magma Storm|[partiallytrapped]
|upkeep
|turn|24
|
|t:|1760761137
|move|p2a: Hatterene|Psychic|p1a: Heatran
|-resisted|p1a: Heatran
|-damage|p1a: Heatran|24/100 par
|move|p1a: Heatran|Earth Power|p2a: Hatterene
|-damage|p2a: Hatterene|0 fnt
|faint|p2a: Hatterene
|
|-end|p1a: Heatran|move: Future Sight
|-resisted|p1a: Heatran
|-crit|p1a: Heatran
|-damage|p1a: Heatran|0 fnt
|faint|p1a: Heatran
|upkeep
|
|t:|1760761155
|switch|p2a: Primarina|Primarina, M, shiny|100/100
|switch|p1a: Garganacl|Garganacl, F|47/100
|turn|25
|
|t:|1760761167
|move|p1a: Garganacl|Protect|p1a: Garganacl
|-singleturn|p1a: Garganacl|Protect
|move|p2a: Primarina|Moonblast|p1a: Garganacl
|-activate|p1a: Garganacl|move: Protect
|
|-heal|p1a: Garganacl|53/100|[from] item: Leftovers
|upkeep
|turn|26
|
|t:|1760761185
|move|p1a: Garganacl|Salt Cure|p2a: Primarina
|-damage|p2a: Primarina|83/100
|-start|p2a: Primarina|Salt Cure
|move|p2a: Primarina|Moonblast|p1a: Garganacl
|-damage|p1a: Garganacl|0 fnt
|faint|p1a: Garganacl
|
|-damage|p2a: Primarina|58/100|[from] Salt Cure
|upkeep
|
|t:|1760761189
|switch|p1a: Ogerpon|Ogerpon-Wellspring, F|100/100
|turn|27
|
|t:|1760761200
|-terastallize|p1a: Ogerpon|Water
|detailschange|p1a: Ogerpon|Ogerpon-Wellspring-Tera, F, tera:Water
|-ability|p1a: Ogerpon|Embody Aspect (Wellspring)|boost
|-boost|p1a: Ogerpon|spd|1
|move|p2a: Primarina|Moonblast|p1a: Ogerpon
|-damage|p1a: Ogerpon|43/100
|move|p1a: Ogerpon|Swords Dance|p1a: Ogerpon
|-boost|p1a: Ogerpon|atk|2
|
|-damage|p2a: Primarina|33/100|[from] Salt Cure
|-fieldend|move: Trick Room
|upkeep
|turn|28
|-message|tsj1234 forfeited.
|
|win|grandmothersilcoon
|raw|grandmothersilcoon's rating: 1133 &rarr; <strong>1156</strong><br />(+23 for winning)
|raw|tsj1234's rating: 1099 &rarr; <strong>1077</strong><br />(-22 for losing)
|l|☆tsj1234
|player|p2|
|l|☆grandmothersilcoon
|player|p1|
