|j|☆Broadsword115
|j|☆glormbus' revenge
|t:|1760828909
|gametype|singles
|player|p1|Broadsword115|101|1046
|player|p2|glormbus' revenge|lady-gen4|1138
|gen|9
|tier|[Gen 9] OU
|rated|
|rule|HP Percentage Mod: HP is shown in percentages
|rule|Endless Battle Clause: Forcing endless battles is banned
|rule|Species Clause: Limit one of each Pokémon
|rule|OHKO Clause: OHKO moves are banned
|rule|Evasion Items Clause: Evasion items are banned
|rule|Evasion Moves Clause: Evasion moves are banned
|rule|Evasion Abilities Clause: Evasion abilities are banned
|rule|Sleep Moves Clause: Sleep-inducing moves are banned
|clearpoke
|poke|p1|Staraptor, M|
|poke|p1|Electrode-Hisui|
|poke|p1|Gyarados, M|
|poke|p1|Rhydon, M|
|poke|p1|Weezing, M|
|poke|p1|Iron Valiant|
|poke|p2|Samurott-Hisui, F|
|poke|p2|Ninetales-Alola, M|
|poke|p2|Dragonite, F|
|poke|p2|Great Tusk|
|poke|p2|Gholdengo|
|poke|p2|Iron Valiant|
|teampreview
|j| Skyhops
|j| IceTemples
|inactive|Battle timer is ON: inactive players will automatically lose when time's up. (requested by glormbus' revenge)
|inactive|Broadsword115 has 120 seconds left.
|inactive|Broadsword115 has 90 seconds left.
|inactive|Broadsword115 has 60 seconds left.
|
|t:|1760829053
|teamsize|p1|6
|teamsize|p2|6
|start
|switch|p1a: Rhydon|Rhydon, M, shiny|100/100
|switch|p2a: Samurott|Samurott-Hisui, F, shiny|100/100
|turn|1
|inactive|Broadsword115 has 120 seconds left.
|
|t:|1760829063
|switch|p1a: Gyarados|Gyarados, M, shiny|100/100
|move|p2a: Samurott|Ceaseless Edge|p1a: Gyarados
|-damage|p1a: Gyarados|42/100
|-sidestart|p1: Broadsword115|Spikes
|
|-heal|p1a: Gyarados|48/100|[from] item: Leftovers
|upkeep
|turn|2
|
|t:|1760829072
|move|p2a: Samurott|Ceaseless Edge|p1a: Gyarados
|-damage|p1a: Gyarados|0 fnt
|-sidestart|p1: Broadsword115|Spikes
|faint|p1a: Gyarados
|
|upkeep
|
|t:|1760829078
|switch|p1a: Electrode|Electrode-Hisui|100/100
|-damage|p1a: Electrode|84/100|[from] Spikes
|turn|3
|
|t:|1760829092
|move|p2a: Samurott|Ceaseless Edge|p1a: Electrode
|-damage|p1a: Electrode|6/100
|-sidestart|p1: Broadsword115|Spikes
|move|p1a: Electrode|Volt Switch|p2a: Samurott
|-supereffective|p2a: Samurott
|-damage|p2a: Samurott|0 fnt
|faint|p2a: Samurott
|
|t:|1760829100
|switch|p1a: Weezing|Weezing, M|100/100|[from] Volt Switch
|
|upkeep
|
|t:|1760829106
|switch|p2a: Gholdengo|Gholdengo, shiny|100/100
|-item|p2a: Gholdengo|Air Balloon
|turn|4
|
|t:|1760829113
|move|p2a: Gholdengo|Nasty Plot|p2a: Gholdengo
|-boost|p2a: Gholdengo|spa|2
|move|p1a: Weezing|Flamethrower|p2a: Gholdengo
|-supereffective|p2a: Gholdengo
|-crit|p2a: Gholdengo
|-damage|p2a: Gholdengo|46/100
|-enditem|p2a: Gholdengo|Air Balloon
|
|upkeep
|turn|5
|
|t:|1760829127
|move|p2a: Gholdengo|Shadow Ball|p1a: Weezing
|-damage|p1a: Weezing|21/100
|move|p1a: Weezing|Flamethrower|p2a: Gholdengo
|-supereffective|p2a: Gholdengo
|-damage|p2a: Gholdengo|12/100
|
|-heal|p1a: Weezing|27/100|[from] item: Leftovers
|upkeep
|turn|6
|
|t:|1760829140
|move|p2a: Gholdengo|Recover|p2a: Gholdengo
|-heal|p2a: Gholdengo|63/100
|move|p1a: Weezing|Flamethrower|p2a: Gholdengo
|-supereffective|p2a: Gholdengo
|-damage|p2a: Gholdengo|25/100
|
|-heal|p1a: Weezing|33/100|[from] item: Leftovers
|upkeep
|turn|7
|
|t:|1760829150
|move|p2a: Gholdengo|Recover|p2a: Gholdengo
|-heal|p2a: Gholdengo|75/100
|move|p1a: Weezing|Flamethrower|p2a: Gholdengo
|-supereffective|p2a: Gholdengo
|-damage|p2a: Gholdengo|41/100
|
|-heal|p1a: Weezing|39/100|[from] item: Leftovers
|upkeep
|turn|8
|
|t:|1760829157
|move|p2a: Gholdengo|Shadow Ball|p1a: Weezing
|-damage|p1a: Weezing|0 fnt
|faint|p1a: Weezing
|
|upkeep
|
|t:|1760829183
|switch|p1a: Rhydon|Rhydon, M, shiny|100/100
|-damage|p1a: Rhydon|76/100|[from] Spikes
|turn|9
|
|t:|1760829189
|move|p2a: Gholdengo|Make It Rain|p1a: Rhydon
|-supereffective|p1a: Rhydon
|-damage|p1a: Rhydon|0 fnt
|-unboost|p2a: Gholdengo|spa|1
|faint|p1a: Rhydon
|
|upkeep
|-message|Broadsword115 forfeited.
|
|win|glormbus' revenge
|raw|Broadsword115's rating: 1046 &rarr; <strong>1033</strong><br />(-13 for losing)
|raw|glormbus&apos; revenge's rating: 1138 &rarr; <strong>1157</strong><br />(+19 for winning)
|l|☆Broadsword115
|player|p1|
