|j|☆xp180
|j|☆Dark_Havocll
|t:|1760743475
|gametype|singles
|player|p1|xp180|2|1419
|player|p2|Dark_Havocll|hiker-gen4|1444
|gen|9
|tier|[Gen 9] OU
|rated|
|rule|HP Percentage Mod: HP is shown in percentages
|rule|Endless Battle Clause: Forcing endless battles is banned
|rule|Species Clause: Limit one of each Pokémon
|rule|OHKO Clause: OHKO moves are banned
|rule|Evasion Items Clause: Evasion items are banned
|rule|Evasion Moves Clause: Evasion moves are banned
|rule|Evasion Abilities Clause: Evasion abilities are banned
|rule|Sleep Moves Clause: Sleep-inducing moves are banned
|clearpoke
|poke|p1|Dragapult, F|
|poke|p1|Dragonite, M|
|poke|p1|Iron Moth|
|poke|p1|Greninja-*, M|
|poke|p1|Serperior, F|
|poke|p1|Iron Treads|
|poke|p2|Dragonite, M|
|poke|p2|Greninja-*, M|
|poke|p2|Great Tusk|
|poke|p2|Kingambit, M|
|poke|p2|Pecharunt|
|poke|p2|Regice|
|teampreview
|
|t:|1760743501
|teamsize|p1|6
|teamsize|p2|6
|start
|switch|p1a: Iron Treads|Iron Treads|100/100
|switch|p2a: Kingambit|Kingambit, M|100/100
|-enditem|p1a: Iron Treads|Booster Energy
|-activate|p1a: Iron Treads|ability: Quark Drive|[fromitem]
|-start|p1a: Iron Treads|quarkdrivespe
|turn|1
|
|t:|1760743504
|move|p1a: Iron Treads|Earthquake|p2a: Kingambit
|-supereffective|p2a: Kingambit
|-damage|p2a: Kingambit|53/100
|move|p2a: Kingambit|Kowtow Cleave|p1a: Iron Treads
|-damage|p1a: Iron Treads|67/100
|
|-heal|p2a: Kingambit|59/100|[from] item: Leftovers
|upkeep
|turn|2
|
|t:|1760743514
|-end|p2a: Kingambit|fallenundefined|[silent]
|switch|p2a: Great Tusk|Great Tusk|100/100
|move|p1a: Iron Treads|Stealth Rock|p2a: Great Tusk
|-sidestart|p2: Dark_Havocll|move: Stealth Rock
|
|upkeep
|turn|3
|
|t:|1760743516
|-end|p1a: Iron Treads|Quark Drive|[silent]
|switch|p1a: Dragapult|Dragapult, F|100/100
|move|p2a: Great Tusk|Rapid Spin|p1a: Dragapult
|-immune|p1a: Dragapult
|
|upkeep
|turn|4
|
|t:|1760743519
|-end|p2a: Great Tusk|Protosynthesis|[silent]
|switch|p2a: Regice|Regice|100/100
|move|p1a: Dragapult|Will-O-Wisp|p2a: Regice
|-status|p2a: Regice|brn
|
|-damage|p2a: Regice|94/100 brn|[from] brn
|upkeep
|turn|5
|
|t:|1760743524
|switch|p1a: Iron Treads|Iron Treads|67/100
|move|p2a: Regice|Thunder Wave|p1a: Iron Treads
|-immune|p1a: Iron Treads
|
|-damage|p2a: Regice|88/100 brn|[from] brn
|upkeep
|turn|6
|
|t:|1760743529
|move|p1a: Iron Treads|Earthquake|p2a: Regice
|-damage|p2a: Regice|43/100 brn
|move|p2a: Regice|Icy Wind|p1a: Iron Treads
|-damage|p1a: Iron Treads|39/100
|-unboost|p1a: Iron Treads|spe|1
|
|-damage|p2a: Regice|37/100 brn|[from] brn
|upkeep
|turn|7
|
|t:|1760743538
|move|p1a: Iron Treads|Ice Spinner|p2a: Regice
|-resisted|p2a: Regice
|-damage|p2a: Regice|26/100 brn
|move|p2a: Regice|Ice Beam|p1a: Iron Treads
|-damage|p1a: Iron Treads|0 fnt
|faint|p1a: Iron Treads
|-end|p1a: Iron Treads|Quark Drive|[silent]
|
|-damage|p2a: Regice|20/100 brn|[from] brn
|upkeep
|
|t:|1760743541
|switch|p1a: Iron Moth|Iron Moth|100/100
|-enditem|p1a: Iron Moth|Booster Energy
|-activate|p1a: Iron Moth|ability: Quark Drive|[fromitem]
|-start|p1a: Iron Moth|quarkdrivespe
|turn|8
|
|t:|1760743543
|move|p1a: Iron Moth|Fiery Dance|p2a: Regice
|-supereffective|p2a: Regice
|-damage|p2a: Regice|0 fnt
|faint|p2a: Regice
|
|upkeep
|
|t:|1760743550
|switch|p2a: Dragonite|Dragonite, M|100/100
|turn|9
|
|t:|1760743554
|move|p1a: Iron Moth|Sludge Wave|p2a: Dragonite
|-damage|p2a: Dragonite|75/100
|move|p2a: Dragonite|Earthquake|p1a: Iron Moth
|-supereffective|p1a: Iron Moth
|-damage|p1a: Iron Moth|0 fnt
|faint|p1a: Iron Moth
|-end|p1a: Iron Moth|Quark Drive|[silent]
|
|upkeep
|
|t:|1760743559
|switch|p1a: Dragapult|Dragapult, F|100/100
|turn|10
|
|t:|1760743563
|switch|p2a: Kingambit|Kingambit, M|59/100
|-damage|p2a: Kingambit|53/100|[from] Stealth Rock
|-activate|p2a: Kingambit|ability: Supreme Overlord
|-start|p2a: Kingambit|fallen1|[silent]
|move|p1a: Dragapult|Dragon Darts|p2a: Kingambit
|-resisted|p2a: Kingambit
|-damage|p2a: Kingambit|48/100
|-anim|p1a: Dragapult|Dragon Darts|p2a: Kingambit
|-resisted|p2a: Kingambit
|-damage|p2a: Kingambit|42/100
|
|-heal|p2a: Kingambit|48/100|[from] item: Leftovers
|upkeep
|turn|11
|
|t:|1760743568
|move|p1a: Dragapult|Will-O-Wisp|p2a: Kingambit
|-status|p2a: Kingambit|brn
|move|p2a: Kingambit|Thunder Wave|p1a: Dragapult
|-status|p1a: Dragapult|par
|
|-heal|p2a: Kingambit|54/100 brn|[from] item: Leftovers
|-damage|p2a: Kingambit|48/100 brn|[from] brn
|upkeep
|turn|12
|
|t:|1760743573
|move|p1a: Dragapult|Dragon Darts|p2a: Kingambit
|-resisted|p2a: Kingambit
|-damage|p2a: Kingambit|43/100 brn
|-anim|p1a: Dragapult|Dragon Darts|p2a: Kingambit
|-resisted|p2a: Kingambit
|-damage|p2a: Kingambit|37/100 brn
|move|p2a: Kingambit|Stealth Rock|p1a: Dragapult
|-sidestart|p1: xp180|move: Stealth Rock
|
|-heal|p2a: Kingambit|43/100 brn|[from] item: Leftovers
|-damage|p2a: Kingambit|37/100 brn|[from] brn
|upkeep
|turn|13
|
|t:|1760743582
|move|p1a: Dragapult|Hydro Pump|p2a: Kingambit
|-damage|p2a: Kingambit|4/100 brn
|move|p2a: Kingambit|Kowtow Cleave|p1a: Dragapult
|-supereffective|p1a: Dragapult
|-damage|p1a: Dragapult|40/100 par
|
|-heal|p2a: Kingambit|10/100 brn|[from] item: Leftovers
|-damage|p2a: Kingambit|4/100 brn|[from] brn
|upkeep
|turn|14
|
|t:|1760743590
|move|p2a: Kingambit|Sucker Punch||[still]
|-fail|p2a: Kingambit
|move|p1a: Dragapult|Will-O-Wisp|p2a: Kingambit
|-fail|p2a: Kingambit|brn
|
|-heal|p2a: Kingambit|10/100 brn|[from] item: Leftovers
|-damage|p2a: Kingambit|4/100 brn|[from] brn
|upkeep
|turn|15
|
|t:|1760743596
|switch|p1a: Serperior|Serperior, F|100/100
|-damage|p1a: Serperior|88/100|[from] Stealth Rock
|move|p2a: Kingambit|Sucker Punch||[still]
|-fail|p2a: Kingambit
|
|-heal|p2a: Kingambit|10/100 brn|[from] item: Leftovers
|-damage|p2a: Kingambit|4/100 brn|[from] brn
|upkeep
|turn|16
|
|t:|1760743603
|move|p1a: Serperior|Leaf Storm|p2a: Kingambit
|-resisted|p2a: Kingambit
|-damage|p2a: Kingambit|0 fnt
|-boost|p1a: Serperior|spa|2
|faint|p2a: Kingambit
|-end|p2a: Kingambit|fallen1|[silent]
|
|upkeep
|
|t:|1760743608
|switch|p2a: Dragonite|Dragonite, M|75/100
|turn|17
|
|t:|1760743610
|move|p1a: Serperior|Dragon Pulse|p2a: Dragonite
|-supereffective|p2a: Dragonite
|-damage|p2a: Dragonite|0 fnt
|faint|p2a: Dragonite
|
|upkeep
|
|t:|1760743615
|switch|p2a: Greninja|Greninja, M|100/100
|-damage|p2a: Greninja|88/100|[from] Stealth Rock
|turn|18
|
|t:|1760743617
|move|p2a: Greninja|Gunk Shot|p1a: Serperior
|-start|p2a: Greninja|typechange|Poison|[from] ability: Protean
|-supereffective|p1a: Serperior
|-damage|p1a: Serperior|0 fnt
|faint|p1a: Serperior
|
|upkeep
|
|t:|1760743623
|switch|p1a: Dragapult|Dragapult, F|40/100 par
|-damage|p1a: Dragapult|27/100 par|[from] Stealth Rock
|turn|19
|
|t:|1760743628
|move|p2a: Greninja|Dark Pulse|p1a: Dragapult
|-supereffective|p1a: Dragapult
|-damage|p1a: Dragapult|0 fnt
|faint|p1a: Dragapult
|
|upkeep
|
|t:|1760743633
|switch|p1a: Greninja|Greninja, M|100/100
|-damage|p1a: Greninja|88/100|[from] Stealth Rock
|turn|20
|
|t:|1760743637
|move|p1a: Greninja|Surf|p2a: Greninja
|-crit|p2a: Greninja
|-damage|p2a: Greninja|0 fnt
|faint|p2a: Greninja
|-ability|p1a: Greninja|Battle Bond|boost
|-boost|p1a: Greninja|atk|1
|-boost|p1a: Greninja|spa|1
|-boost|p1a: Greninja|spe|1
|-activate|p1a: Greninja|ability: Battle Bond
|-damage|p1a: Greninja|78/100|[from] item: Life Orb
|
|upkeep
|
|t:|1760743645
|switch|p2a: Great Tusk|Great Tusk|100/100
|-damage|p2a: Great Tusk|98/100|[from] Stealth Rock
|turn|21
|
|t:|1760743650
|-terastallize|p2a: Great Tusk|Water
|move|p1a: Greninja|Surf|p2a: Great Tusk
|-resisted|p2a: Great Tusk
|-damage|p2a: Great Tusk|45/100
|-damage|p1a: Greninja|69/100|[from] item: Life Orb
|move|p2a: Great Tusk|Headlong Rush|p1a: Greninja
|-damage|p1a: Greninja|0 fnt
|-unboost|p2a: Great Tusk|def|1
|-unboost|p2a: Great Tusk|spd|1
|faint|p1a: Greninja
|
|-heal|p2a: Great Tusk|52/100|[from] item: Leftovers
|upkeep
|
|t:|1760743652
|switch|p1a: Dragonite|Dragonite, M|100/100
|-damage|p1a: Dragonite|76/100|[from] Stealth Rock
|turn|22
|
|t:|1760743657
|-terastallize|p1a: Dragonite|Fire
|move|p2a: Great Tusk|Knock Off|p1a: Dragonite
|-damage|p1a: Dragonite|47/100
|-enditem|p1a: Dragonite|Loaded Dice|[from] move: Knock Off|[of] p2a: Great Tusk
|move|p1a: Dragonite|Dragon Dance|p1a: Dragonite
|-boost|p1a: Dragonite|atk|1
|-boost|p1a: Dragonite|spe|1
|
|-heal|p2a: Great Tusk|58/100|[from] item: Leftovers
|upkeep
|turn|23
|
|t:|1760743663
|move|p1a: Dragonite|Scale Shot|p2a: Great Tusk
|-crit|p2a: Great Tusk
|-damage|p2a: Great Tusk|29/100
|-damage|p2a: Great Tusk|9/100
|-damage|p2a: Great Tusk|0 fnt
|faint|p2a: Great Tusk
|-end|p2a: Great Tusk|Protosynthesis|[silent]
|-hitcount|p2: Great Tusk|3
|-unboost|p1a: Dragonite|def|1
|-boost|p1a: Dragonite|spe|1
|
|upkeep
|
|t:|1760743665
|switch|p2a: Pecharunt|Pecharunt|100/100
|turn|24
|
|t:|1760743668
|move|p1a: Dragonite|Dragon Dance|p1a: Dragonite
|-boost|p1a: Dragonite|atk|1
|-boost|p1a: Dragonite|spe|1
|move|p2a: Pecharunt|Malignant Chain|p1a: Dragonite
|-damage|p1a: Dragonite|13/100
|-status|p1a: Dragonite|tox
|-start|p1a: Dragonite|confusion|[from] ability: Poison Puppeteer|[of] p2a: Pecharunt
|
|-damage|p1a: Dragonite|7/100 tox|[from] psn
|upkeep
|turn|25
|
|t:|1760743674
|-activate|p1a: Dragonite|confusion
|-damage|p1a: Dragonite|0 fnt|[from] confusion
|faint|p1a: Dragonite
|
|win|Dark_Havocll
|raw|xp180's rating: 1419 &rarr; <strong>1400</strong><br />(-19 for losing)
|raw|Dark_Havocll's rating: 1444 &rarr; <strong>1463</strong><br />(+19 for winning)
|l|☆Dark_Havocll
|player|p2|
|l|☆xp180
|player|p1|
