|j|☆Pis Mann
|j|☆Btchiness
|t:|1760793363
|gametype|singles
|player|p1|Pis Mann|ingo|1165
|player|p2|Btchiness|hugh|1161
|gen|9
|tier|[Gen 9] OU
|rated|
|rule|HP Percentage Mod: HP is shown in percentages
|rule|Endless Battle Clause: Forcing endless battles is banned
|rule|Species Clause: Limit one of each Pokémon
|rule|OHKO Clause: OHKO moves are banned
|rule|Evasion Items Clause: Evasion items are banned
|rule|Evasion Moves Clause: Evasion moves are banned
|rule|Evasion Abilities Clause: Evasion abilities are banned
|rule|Sleep Moves Clause: Sleep-inducing moves are banned
|clearpoke
|poke|p1|Torkoal, F|
|poke|p1|Raging Bolt|
|poke|p1|Venusaur, F|
|poke|p1|Hatterene, F|
|poke|p1|Slither Wing|
|poke|p1|Walking Wake|
|poke|p2|Shiftry, F|
|poke|p2|Clefable, F|
|poke|p2|Ogerpon, F|
|poke|p2|Darkrai|
|poke|p2|Pecharunt|
|poke|p2|Quaquaval, F|
|teampreview
|inactive|Battle timer is ON: inactive players will automatically lose when time's up. (requested by Pis Mann)
|
|t:|1760793375
|teamsize|p1|6
|teamsize|p2|6
|start
|switch|p1a: Torkoal|Torkoal, F|100/100
|switch|p2a: Darkrai|Darkrai|100/100
|-weather|SunnyDay|[from] ability: Drought|[of] p1a: Torkoal
|turn|1
|
|t:|1760793394
|move|p2a: Darkrai|Trick|p1a: Torkoal
|-activate|p2a: Darkrai|move: Trick|[of] p1a: Torkoal
|-item|p1a: Torkoal|Choice Specs|[from] move: Trick
|-item|p2a: Darkrai|Heat Rock|[from] move: Trick
|move|p1a: Torkoal|Stealth Rock|p2a: Darkrai
|-sidestart|p2: Btchiness|move: Stealth Rock
|
|-weather|SunnyDay|[upkeep]
|upkeep
|turn|2
|inactive|Btchiness has 120 seconds left.
|
|t:|1760793421
|switch|p1a: Slither Wing|Slither Wing|100/100
|-activate|p1a: Slither Wing|ability: Protosynthesis
|-start|p1a: Slither Wing|protosynthesisatk
|move|p2a: Darkrai|Dark Pulse|p1a: Slither Wing
|-resisted|p1a: Slither Wing
|-damage|p1a: Slither Wing|86/100
|
|-weather|SunnyDay|[upkeep]
|upkeep
|turn|3
|inactive|Btchiness has 120 seconds left.
|
|t:|1760793435
|switch|p2a: Pecharunt|Pecharunt|100/100
|-damage|p2a: Pecharunt|88/100|[from] Stealth Rock
|-item|p2a: Pecharunt|Air Balloon
|move|p1a: Slither Wing|U-turn|p2a: Pecharunt
|-resisted|p2a: Pecharunt
|-crit|p2a: Pecharunt
|-damage|p2a: Pecharunt|79/100
|-enditem|p2a: Pecharunt|Air Balloon
|
|t:|1760793451
|-end|p1a: Slither Wing|Protosynthesis|[silent]
|switch|p1a: Torkoal|Torkoal, F|100/100|[from] U-turn
|
|-weather|SunnyDay|[upkeep]
|upkeep
|turn|4
|
|t:|1760793458
|move|p2a: Pecharunt|Malignant Chain|p1a: Torkoal
|-damage|p1a: Torkoal|59/100
|move|p1a: Torkoal|Overheat|p2a: Pecharunt
|-damage|p2a: Pecharunt|0 fnt
|-unboost|p1a: Torkoal|spa|2
|faint|p2a: Pecharunt
|
|-weather|SunnyDay|[upkeep]
|upkeep
|
|t:|1760793468
|switch|p2a: Quaquaval|Quaquaval, F|100/100
|turn|5
|
|t:|1760793472
|switch|p1a: Venusaur|Venusaur, F|100/100
|move|p2a: Quaquaval|Rapid Spin|p1a: Venusaur
|-damage|p1a: Venusaur|78/100
|-boost|p2a: Quaquaval|spe|1
|-sideend|p2: Btchiness|Stealth Rock|[from] move: Rapid Spin|[of] p2a: Quaquaval
|
|-weather|SunnyDay|[upkeep]
|upkeep
|turn|6
|inactive|Btchiness has 120 seconds left.
|
|t:|1760793509
|switch|p2a: Darkrai|Darkrai|100/100
|move|p1a: Venusaur|Growth|p1a: Venusaur
|-boost|p1a: Venusaur|atk|2
|-boost|p1a: Venusaur|spa|2
|
|-weather|SunnyDay|[upkeep]
|upkeep
|turn|7
|
|t:|1760793522
|move|p1a: Venusaur|Weather Ball|p2a: Darkrai
|-damage|p2a: Darkrai|0 fnt
|faint|p2a: Darkrai
|-damage|p1a: Venusaur|68/100|[from] item: Life Orb
|
|-weather|SunnyDay|[upkeep]
|upkeep
|
|t:|1760793530
|switch|p2a: Shiftry|Shiftry, F|100/100
|turn|8
|
|t:|1760793533
|move|p1a: Venusaur|Weather Ball|p2a: Shiftry
|-supereffective|p2a: Shiftry
|-crit|p2a: Shiftry
|-enditem|p2a: Shiftry|Focus Sash
|-damage|p2a: Shiftry|1/100
|-damage|p1a: Venusaur|58/100|[from] item: Life Orb
|move|p2a: Shiftry|Tailwind|p2a: Shiftry
|-sidestart|p2: Btchiness|move: Tailwind
|-ability|p2a: Shiftry|Wind Rider|boost
|-boost|p2a: Shiftry|atk|1
|
|-weather|none
|upkeep
|turn|9
|inactive|Btchiness has 120 seconds left.
|
|t:|1760793546
|move|p2a: Shiftry|Knock Off|p1a: Venusaur
|-damage|p1a: Venusaur|0 fnt
|-enditem|p1a: Venusaur|Life Orb|[from] move: Knock Off|[of] p2a: Shiftry
|faint|p1a: Venusaur
|
|upkeep
|
|t:|1760793554
|switch|p1a: Slither Wing|Slither Wing|86/100
|turn|10
|
|t:|1760793564
|move|p1a: Slither Wing|First Impression|p2a: Shiftry
|-supereffective|p2a: Shiftry
|-damage|p2a: Shiftry|0 fnt
|faint|p2a: Shiftry
|
|upkeep
|
|t:|1760793570
|switch|p2a: Quaquaval|Quaquaval, F|100/100
|turn|11
|
|t:|1760793574
|-end|p1a: Slither Wing|Protosynthesis|[silent]
|switch|p1a: Torkoal|Torkoal, F|59/100
|-weather|SunnyDay|[from] ability: Drought|[of] p1a: Torkoal
|move|p2a: Quaquaval|Aqua Step|p1a: Torkoal
|-supereffective|p1a: Torkoal
|-damage|p1a: Torkoal|27/100
|-boost|p2a: Quaquaval|spe|1
|
|-weather|SunnyDay|[upkeep]
|-sideend|p2: Btchiness|move: Tailwind
|upkeep
|turn|12
|
|t:|1760793589
|move|p2a: Quaquaval|Close Combat|p1a: Torkoal
|-damage|p1a: Torkoal|0 fnt
|-unboost|p2a: Quaquaval|def|1
|-unboost|p2a: Quaquaval|spd|1
|faint|p1a: Torkoal
|-ability|p2a: Quaquaval|Moxie|boost
|-boost|p2a: Quaquaval|atk|1
|
|-weather|SunnyDay|[upkeep]
|upkeep
|
|t:|1760793596
|switch|p1a: Raging Bolt|Raging Bolt|100/100
|-activate|p1a: Raging Bolt|ability: Protosynthesis
|-start|p1a: Raging Bolt|protosynthesisspa
|turn|13
|
|t:|1760793603
|-terastallize|p2a: Quaquaval|Ground
|move|p1a: Raging Bolt|Thunderclap|p2a: Quaquaval
|-immune|p2a: Quaquaval
|move|p2a: Quaquaval|Triple Axel|p1a: Raging Bolt
|-supereffective|p1a: Raging Bolt
|-damage|p1a: Raging Bolt|82/100
|-hitcount|p1a: Raging Bolt|1
|
|-weather|SunnyDay|[upkeep]
|upkeep
|turn|14
|
|t:|1760793620
|move|p2a: Quaquaval|Triple Axel|p1a: Raging Bolt
|-supereffective|p1a: Raging Bolt
|-damage|p1a: Raging Bolt|65/100
|-hitcount|p1a: Raging Bolt|1
|move|p1a: Raging Bolt|Solar Beam||[still]
|-prepare|p1a: Raging Bolt|Solar Beam
|-anim|p1a: Raging Bolt|Solar Beam|p2a: Quaquaval
|-supereffective|p2a: Quaquaval
|-damage|p2a: Quaquaval|0 fnt
|faint|p2a: Quaquaval
|-damage|p1a: Raging Bolt|55/100|[from] item: Life Orb
|
|-weather|SunnyDay|[upkeep]
|upkeep
|c|☆Btchiness|Smh
|inactive|Btchiness has 120 seconds left.
|c|☆Pis Mann|Sry man, RNG ain't with you
|-message|Btchiness forfeited.
|
|win|Pis Mann
|raw|Pis Mann's rating: 1165 &rarr; <strong>1190</strong><br />(+25 for winning)
|raw|Btchiness's rating: 1161 &rarr; <strong>1136</strong><br />(-25 for losing)
|l|☆Btchiness
|player|p2|
|l|☆Pis Mann
|player|p1|
