|j|☆XM307
|j|☆Fullmelmetal101
|t:|1760848963
|gametype|singles
|player|p1|XM307|red|1094
|player|p2|Fullmelmetal101|plasmagrunt-gen5bw|1159
|gen|9
|tier|[Gen 9] OU
|rated|
|rule|HP Percentage Mod: HP is shown in percentages
|rule|Endless Battle Clause: Forcing endless battles is banned
|rule|Species Clause: Limit one of each Pokémon
|rule|OHKO Clause: OHKO moves are banned
|rule|Evasion Items Clause: Evasion items are banned
|rule|Evasion Moves Clause: Evasion moves are banned
|rule|Evasion Abilities Clause: Evasion abilities are banned
|rule|Sleep Moves Clause: Sleep-inducing moves are banned
|clearpoke
|poke|p1|Ceruledge, M|
|poke|p1|Dragonite, M|
|poke|p1|Ting-Lu|
|poke|p1|Zamazenta-*|
|poke|p1|Gholdengo|
|poke|p1|Great Tusk|
|poke|p2|Garganacl, M|
|poke|p2|Glimmora, M|
|poke|p2|Weezing-Galar, M|
|poke|p2|Volcanion|
|poke|p2|Milotic, M|
|poke|p2|Alomomola, M|
|teampreview
|inactive|Battle timer is ON: inactive players will automatically lose when time's up. (requested by XM307)
|inactive|Fullmelmetal101 has 120 seconds left.
|
|t:|1760848995
|teamsize|p1|6
|teamsize|p2|6
|start
|switch|p1a: Sword Man|Ceruledge, M, shiny|100/100
|switch|p2a: Alomomola|Alomomola, M|100/100
|turn|1
|
|t:|1760849016
|-terastallize|p1a: Sword Man|Ghost
|move|p1a: Sword Man|Bulk Up|p1a: Sword Man
|-boost|p1a: Sword Man|atk|1
|-boost|p1a: Sword Man|def|1
|move|p2a: Alomomola|Liquidation|p1a: Sword Man
|-damage|p1a: Sword Man|79/100
|-unboost|p1a: Sword Man|def|1
|-ability|p1a: Sword Man|Weak Armor|boost
|-unboost|p1a: Sword Man|def|1
|-boost|p1a: Sword Man|spe|2
|
|upkeep
|turn|2
|
|t:|1760849035
|move|p1a: Sword Man|Poltergeist|p2a: Alomomola
|-activate|p2a: Alomomola|move: Poltergeist|Leftovers
|-damage|p2a: Alomomola|20/100
|move|p2a: Alomomola|Flip Turn|p1a: Sword Man
|-damage|p1a: Sword Man|43/100
|-ability|p1a: Sword Man|Weak Armor|boost
|-unboost|p1a: Sword Man|def|1
|-boost|p1a: Sword Man|spe|2
|
|t:|1760849045
|switch|p2a: Garganacl|Garganacl, M, shiny|100/100|[from] Flip Turn
|
|upkeep
|turn|3
|
|t:|1760849051
|move|p1a: Sword Man|Brick Break|p2a: Garganacl
|-supereffective|p2a: Garganacl
|-damage|p2a: Garganacl|47/100
|move|p2a: Garganacl|Salt Cure|p1a: Sword Man
|-damage|p1a: Sword Man|5/100
|-start|p1a: Sword Man|Salt Cure
|-ability|p1a: Sword Man|Weak Armor|boost
|-unboost|p1a: Sword Man|def|1
|-boost|p1a: Sword Man|spe|2
|
|-heal|p2a: Garganacl|53/100|[from] item: Leftovers
|-damage|p1a: Sword Man|0 fnt|[from] Salt Cure
|faint|p1a: Sword Man
|upkeep
|
|t:|1760849065
|switch|p1a: Sodom|Dragonite, M, shiny|100/100
|turn|4
|
|t:|1760849077
|move|p1a: Sodom|Dragon Dance|p1a: Sodom
|-boost|p1a: Sodom|atk|1
|-boost|p1a: Sodom|spe|1
|move|p2a: Garganacl|Salt Cure|p1a: Sodom
|-supereffective|p1a: Sodom
|-damage|p1a: Sodom|84/100
|-start|p1a: Sodom|Salt Cure
|
|-heal|p2a: Garganacl|59/100|[from] item: Leftovers
|-damage|p1a: Sodom|71/100|[from] Salt Cure
|upkeep
|turn|5
|
|t:|1760849095
|switch|p2a: Weezing|Weezing-Galar, M, shiny|100/100
|-ability|p2a: Weezing|Neutralizing Gas
|move|p1a: Sodom|Aqua Tail|p2a: Weezing|[miss]
|-miss|p1a: Sodom|p2a: Weezing
|
|-damage|p1a: Sodom|59/100|[from] Salt Cure
|upkeep
|turn|6
|
|t:|1760849109
|move|p1a: Sodom|Extreme Speed|p2a: Weezing
|-damage|p2a: Weezing|61/100
|move|p2a: Weezing|Toxic|p1a: Sodom
|-status|p1a: Sodom|tox
|
|-heal|p2a: Weezing|67/100|[from] item: Leftovers
|-damage|p1a: Sodom|53/100 tox|[from] psn
|-damage|p1a: Sodom|40/100 tox|[from] Salt Cure
|upkeep
|turn|7
|
|t:|1760849129
|move|p1a: Sodom|Extreme Speed|p2a: Weezing
|-damage|p2a: Weezing|24/100
|move|p2a: Weezing|Clear Smog|p1a: Sodom
|-damage|p1a: Sodom|25/100 tox
|-clearboost|p1a: Sodom
|
|-heal|p2a: Weezing|30/100|[from] item: Leftovers
|-damage|p1a: Sodom|13/100 tox|[from] psn
|-damage|p1a: Sodom|0 fnt|[from] Salt Cure
|faint|p1a: Sodom
|upkeep
|
|t:|1760849140
|switch|p1a: Bowl Man|Ting-Lu, shiny|100/100
|turn|8
|inactive|Fullmelmetal101 has 120 seconds left.
|
|t:|1760849167
|-end|p2a: Weezing|ability: Neutralizing Gas
|-ability|p1a: Bowl Man|Vessel of Ruin
|switch|p2a: Alomomola|Alomomola, M|54/100
|move|p1a: Bowl Man|Spikes|p2a: Alomomola
|-sidestart|p2: Fullmelmetal101|Spikes
|
|-heal|p2a: Alomomola|60/100|[from] item: Leftovers
|upkeep
|turn|9
|inactive|Fullmelmetal101 has 120 seconds left.
|
|t:|1760849178
|move|p1a: Bowl Man|Spikes|p2a: Alomomola
|-sidestart|p2: Fullmelmetal101|Spikes
|move|p2a: Alomomola|Flip Turn|p1a: Bowl Man
|-supereffective|p1a: Bowl Man
|-damage|p1a: Bowl Man|82/100
|
|t:|1760849184
|switch|p2a: Glimmora|Glimmora, M, shiny|100/100|[from] Flip Turn
|-item|p2a: Glimmora|Air Balloon
|
|-heal|p1a: Bowl Man|88/100|[from] item: Leftovers
|upkeep
|turn|10
|inactive|Fullmelmetal101 has 120 seconds left.
|
|t:|1760849192
|move|p2a: Glimmora|Toxic|p1a: Bowl Man
|-status|p1a: Bowl Man|tox
|move|p1a: Bowl Man|Spikes|p2a: Glimmora
|-sidestart|p2: Fullmelmetal101|Spikes
|
|-heal|p1a: Bowl Man|94/100 tox|[from] item: Leftovers
|-damage|p1a: Bowl Man|88/100 tox|[from] psn
|upkeep
|turn|11
|inactive|Fullmelmetal101 has 120 seconds left.
|
|t:|1760849203
|move|p2a: Glimmora|Stealth Rock|p1a: Bowl Man
|-sidestart|p1: XM307|move: Stealth Rock
|move|p1a: Bowl Man|Throat Chop|p2a: Glimmora
|-damage|p2a: Glimmora|62/100
|-start|p2a: Glimmora|Throat Chop|[silent]
|-enditem|p2a: Glimmora|Air Balloon
|
|-heal|p1a: Bowl Man|94/100 tox|[from] item: Leftovers
|-damage|p1a: Bowl Man|82/100 tox|[from] psn
|upkeep
|turn|12
|inactive|Fullmelmetal101 has 120 seconds left.
|
|t:|1760849213
|move|p2a: Glimmora|Spiky Shield|p2a: Glimmora
|-singleturn|p2a: Glimmora|move: Protect
|move|p1a: Bowl Man|Earthquake|p2a: Glimmora
|-activate|p2a: Glimmora|move: Protect
|
|-heal|p1a: Bowl Man|88/100 tox|[from] item: Leftovers
|-damage|p1a: Bowl Man|69/100 tox|[from] psn
|-end|p2a: Glimmora|Throat Chop|[silent]
|upkeep
|turn|13
|inactive|Fullmelmetal101 has 120 seconds left.
|
|t:|1760849225
|move|p2a: Glimmora|Mortal Spin|p1a: Bowl Man
|-resisted|p1a: Bowl Man
|-damage|p1a: Bowl Man|67/100 tox
|-sideend|p2: Fullmelmetal101|Spikes|[from] move: Mortal Spin|[of] p2a: Glimmora
|move|p1a: Bowl Man|Earthquake|p2a: Glimmora
|-supereffective|p2a: Glimmora
|-damage|p2a: Glimmora|0 fnt
|faint|p2a: Glimmora
|
|-heal|p1a: Bowl Man|74/100 tox|[from] item: Leftovers
|-damage|p1a: Bowl Man|49/100 tox|[from] psn
|upkeep
|inactive|Fullmelmetal101 has 120 seconds left.
|
|t:|1760849254
|switch|p2a: Volcanion|Volcanion|100/100
|turn|14
|
|t:|1760849261
|-terastallize|p2a: Volcanion|Grass
|move|p2a: Volcanion|Steam Eruption|p1a: Bowl Man
|-supereffective|p1a: Bowl Man
|-damage|p1a: Bowl Man|0 fnt
|faint|p1a: Bowl Man
|
|upkeep
|
|t:|1760849267
|switch|p1a: Proto Man|Zamazenta, shiny|100/100
|-damage|p1a: Proto Man|94/100|[from] Stealth Rock
|-ability|p1a: Proto Man|Dauntless Shield|boost
|-boost|p1a: Proto Man|def|1
|turn|15
|inactive|Fullmelmetal101 has 90 seconds left.
|
|t:|1760849311
|switch|p2a: Alomomola|Alomomola, M|93/100
|move|p1a: Proto Man|Howl|p1a: Proto Man
|-boost|p1a: Proto Man|atk|1
|
|-heal|p1a: Proto Man|100/100|[from] item: Leftovers
|-heal|p2a: Alomomola|99/100|[from] item: Leftovers
|upkeep
|turn|16
|
|t:|1760849323
|move|p1a: Proto Man|Brick Break|p2a: Alomomola
|-damage|p2a: Alomomola|57/100
|move|p2a: Alomomola|Flip Turn|p1a: Proto Man
|-damage|p1a: Proto Man|90/100
|
|t:|1760849329
|switch|p2a: Milotic|Milotic, M, shiny|100/100|[from] Flip Turn
|
|-heal|p1a: Proto Man|96/100|[from] item: Leftovers
|-status|p2a: Milotic|brn|[from] item: Flame Orb
|upkeep
|turn|17
|
|t:|1760849338
|move|p1a: Proto Man|Brick Break|p2a: Milotic
|-damage|p2a: Milotic|71/100 brn
|move|p2a: Milotic|Dragon Tail|p1a: Proto Man
|-damage|p1a: Proto Man|94/100
|drag|p1a: Coiny|Gholdengo, shiny|100/100
|-damage|p1a: Coiny|94/100|[from] Stealth Rock
|-item|p1a: Coiny|Air Balloon
|
|-damage|p2a: Milotic|64/100 brn|[from] brn
|upkeep
|turn|18
|inactive|Fullmelmetal101 has 90 seconds left.
|
|t:|1760849352
|move|p1a: Coiny|Nasty Plot|p1a: Coiny
|-boost|p1a: Coiny|spa|2
|move|p2a: Milotic|Scald|p1a: Coiny
|-damage|p1a: Coiny|62/100
|-enditem|p1a: Coiny|Air Balloon
|
|-damage|p2a: Milotic|58/100 brn|[from] brn
|upkeep
|turn|19
|inactive|Fullmelmetal101 has 90 seconds left.
|
|t:|1760849365
|move|p1a: Coiny|Shadow Ball|p2a: Milotic
|-damage|p2a: Milotic|6/100 brn
|move|p2a: Milotic|Dragon Tail|p1a: Coiny
|-resisted|p1a: Coiny
|-damage|p1a: Coiny|60/100
|drag|p1a: Akuma|Great Tusk, shiny|100/100
|
|-damage|p2a: Milotic|0 fnt|[from] brn
|faint|p2a: Milotic
|upkeep
|
|t:|1760849377
|switch|p2a: Volcanion|Volcanion, tera:Grass|100/100
|turn|20
|
|t:|1760849390
|move|p1a: Akuma|Bulk Up|p1a: Akuma
|-boost|p1a: Akuma|atk|1
|-boost|p1a: Akuma|def|1
|move|p2a: Volcanion|Steam Eruption|p1a: Akuma|[miss]
|-miss|p2a: Volcanion|p1a: Akuma
|
|upkeep
|turn|21
|inactive|Fullmelmetal101 has 90 seconds left.
|
|t:|1760849398
|move|p1a: Akuma|Brick Break|p2a: Volcanion
|-damage|p2a: Volcanion|49/100
|move|p2a: Volcanion|Steam Eruption|p1a: Akuma|[miss]
|-miss|p2a: Volcanion|p1a: Akuma
|
|upkeep
|turn|22
|inactive|Fullmelmetal101 has 90 seconds left.
|c|☆Fullmelmetal101|95% accurate
|
|t:|1760849422
|move|p1a: Akuma|Brick Break|p2a: Volcanion
|-damage|p2a: Volcanion|1/100
|move|p2a: Volcanion|Steam Eruption|p1a: Akuma
|-supereffective|p1a: Akuma
|-damage|p1a: Akuma|0 fnt
|faint|p1a: Akuma
|-end|p1a: Akuma|Protosynthesis|[silent]
|
|upkeep
|
|t:|1760849428
|switch|p1a: Proto Man|Zamazenta, shiny|94/100
|-damage|p1a: Proto Man|88/100|[from] Stealth Rock
|turn|23
|inactive|Fullmelmetal101 has 90 seconds left.
|
|t:|1760849445
|move|p1a: Proto Man|Fire Fang|p2a: Volcanion
|-supereffective|p2a: Volcanion
|-damage|p2a: Volcanion|0 fnt
|faint|p2a: Volcanion
|
|-heal|p1a: Proto Man|94/100|[from] item: Leftovers
|upkeep
|
|t:|1760849460
|switch|p2a: Weezing|Weezing-Galar, M, shiny|30/100
|-ability|p2a: Weezing|Neutralizing Gas
|turn|24
|
|t:|1760849472
|move|p2a: Weezing|Protect|p2a: Weezing
|-singleturn|p2a: Weezing|Protect
|move|p1a: Proto Man|Howl|p1a: Proto Man
|-boost|p1a: Proto Man|atk|1
|
|-heal|p1a: Proto Man|99/100|[from] item: Leftovers
|-heal|p2a: Weezing|36/100|[from] item: Leftovers
|upkeep
|turn|25
|inactive|Fullmelmetal101 has 60 seconds left.
|
|t:|1760849493
|move|p1a: Proto Man|Fire Fang|p2a: Weezing
|-damage|p2a: Weezing|7/100
|move|p2a: Weezing|Toxic|p1a: Proto Man
|-status|p1a: Proto Man|tox
|
|-heal|p1a: Proto Man|100/100 tox|[from] item: Leftovers
|-heal|p2a: Weezing|13/100|[from] item: Leftovers
|-damage|p1a: Proto Man|94/100 tox|[from] psn
|upkeep
|turn|26
|inactive|Fullmelmetal101 has 60 seconds left.
|
|t:|1760849506
|move|p2a: Weezing|Protect|p2a: Weezing
|-singleturn|p2a: Weezing|Protect
|move|p1a: Proto Man|Fire Fang|p2a: Weezing
|-activate|p2a: Weezing|move: Protect
|
|-heal|p1a: Proto Man|100/100 tox|[from] item: Leftovers
|-heal|p2a: Weezing|19/100|[from] item: Leftovers
|-damage|p1a: Proto Man|88/100 tox|[from] psn
|upkeep
|turn|27
|inactive|Fullmelmetal101 has 60 seconds left.
|
|t:|1760849532
|-end|p2a: Weezing|ability: Neutralizing Gas
|switch|p2a: Alomomola|Alomomola, M|90/100
|move|p1a: Proto Man|Fire Fang|p2a: Alomomola
|-resisted|p2a: Alomomola
|-damage|p2a: Alomomola|77/100
|
|-heal|p1a: Proto Man|94/100 tox|[from] item: Leftovers
|-heal|p2a: Alomomola|84/100|[from] item: Leftovers
|-damage|p1a: Proto Man|76/100 tox|[from] psn
|upkeep
|turn|28
|
|t:|1760849548
|move|p1a: Proto Man|Brick Break|p2a: Alomomola
|-damage|p2a: Alomomola|39/100
|move|p2a: Alomomola|Wish|p2a: Alomomola
|
|-heal|p1a: Proto Man|82/100 tox|[from] item: Leftovers
|-heal|p2a: Alomomola|45/100|[from] item: Leftovers
|-damage|p1a: Proto Man|57/100 tox|[from] psn
|upkeep
|turn|29
|
|t:|1760849558
|move|p1a: Proto Man|Brick Break|p2a: Alomomola
|-damage|p2a: Alomomola|3/100
|move|p2a: Alomomola|Flip Turn|p1a: Proto Man
|-damage|p1a: Proto Man|42/100 tox
|
|t:|1760849563
|switch|p2a: Weezing|Weezing-Galar, M, shiny|19/100|[from] Flip Turn
|-ability|p2a: Weezing|Neutralizing Gas
|
|-heal|p2a: Weezing|99/100|[from] move: Wish|[wisher] Alomomola
|-heal|p1a: Proto Man|48/100 tox|[from] item: Leftovers
|-heal|p2a: Weezing|100/100|[from] item: Leftovers
|-damage|p1a: Proto Man|17/100 tox|[from] psn
|upkeep
|turn|30
|
|t:|1760849579
|move|p2a: Weezing|Protect|p2a: Weezing
|-singleturn|p2a: Weezing|Protect
|move|p1a: Proto Man|Fire Fang|p2a: Weezing
|-activate|p2a: Weezing|move: Protect
|
|-heal|p1a: Proto Man|23/100 tox|[from] item: Leftovers
|-damage|p1a: Proto Man|0 fnt|[from] psn
|faint|p1a: Proto Man
|upkeep
|
|t:|1760849590
|switch|p1a: Coiny|Gholdengo, shiny|60/100
|-damage|p1a: Coiny|54/100|[from] Stealth Rock
|turn|31
|
|t:|1760849601
|-end|p2a: Weezing|ability: Neutralizing Gas
|switch|p2a: Alomomola|Alomomola, M|36/100
|move|p1a: Coiny|Nasty Plot|p1a: Coiny
|-boost|p1a: Coiny|spa|2
|
|-heal|p2a: Alomomola|42/100|[from] item: Leftovers
|upkeep
|turn|32
|
|t:|1760849612
|move|p1a: Coiny|Shadow Ball|p2a: Alomomola
|-damage|p2a: Alomomola|0 fnt
|faint|p2a: Alomomola
|
|upkeep
|
|t:|1760849617
|switch|p2a: Garganacl|Garganacl, M, shiny|59/100
|turn|33
|
|t:|1760849626
|move|p1a: Coiny|Flash Cannon|p2a: Garganacl
|-supereffective|p2a: Garganacl
|-damage|p2a: Garganacl|0 fnt
|faint|p2a: Garganacl
|
|upkeep
|
|t:|1760849640
|switch|p2a: Weezing|Weezing-Galar, M, shiny|100/100
|-ability|p2a: Weezing|Neutralizing Gas
|turn|34
|
|t:|1760849646
|move|p1a: Coiny|Flash Cannon|p2a: Weezing
|-supereffective|p2a: Weezing
|-damage|p2a: Weezing|0 fnt
|faint|p2a: Weezing
|-end|p2a: Weezing|ability: Neutralizing Gas
|
|win|XM307
|raw|XM307's rating: 1094 &rarr; <strong>1125</strong><br />(+31 for winning)
|raw|Fullmelmetal101's rating: 1159 &rarr; <strong>1129</strong><br />(-30 for losing)
|l|☆XM307
|player|p1|
|l|☆Fullmelmetal101
|player|p2|
