|j|☆HZBKAI7
|j|☆Luan1726
|t:|1760760535
|gametype|singles
|player|p1|HZBKAI7|2|1120
|player|p2|Luan1726|102|1069
|gen|9
|tier|[Gen 9] OU
|rated|
|rule|HP Percentage Mod: HP is shown in percentages
|rule|Endless Battle Clause: Forcing endless battles is banned
|rule|Species Clause: Limit one of each Pokémon
|rule|OHKO Clause: OHKO moves are banned
|rule|Evasion Items Clause: Evasion items are banned
|rule|Evasion Moves Clause: Evasion moves are banned
|rule|Evasion Abilities Clause: Evasion abilities are banned
|rule|Sleep Moves Clause: Sleep-inducing moves are banned
|clearpoke
|poke|p1|Diancie|
|poke|p1|Rillaboom, F|
|poke|p1|Necrozma|
|poke|p1|Corviknight, M|
|poke|p1|Ogerpon-Wellspring, F|
|poke|p1|Iron Hands|
|poke|p2|Kingambit, M|
|poke|p2|Chandelure, M|
|poke|p2|Scizor, M|
|poke|p2|Toxapex, M|
|poke|p2|Iron Valiant|
|poke|p2|Moltres|
|teampreview
|inactive|Battle timer is ON: inactive players will automatically lose when time's up. (requested by Luan1726)
|
|t:|1760760541
|teamsize|p1|6
|teamsize|p2|6
|start
|switch|p1a: Diancie|Diancie|100/100
|switch|p2a: Scizor|Scizor, M|100/100
|turn|1
|
|t:|1760760544
|move|p2a: Scizor|Bullet Punch|p1a: Diancie
|-supereffective|p1a: Diancie
|-damage|p1a: Diancie|0 fnt
|-damage|p2a: Scizor|84/100|[from] item: Rocky Helmet|[of] p1a: Diancie
|faint|p1a: Diancie
|-damage|p2a: Scizor|74/100|[from] item: Life Orb
|
|upkeep
|
|t:|1760760544
|switch|p1a: Necrozma|Necrozma|100/100
|turn|2
|
|t:|1760760550
|move|p1a: Necrozma|Heat Wave|p2a: Scizor|[miss]
|-miss|p1a: Necrozma|p2a: Scizor
|move|p2a: Scizor|Knock Off|p1a: Necrozma
|-supereffective|p1a: Necrozma
|-damage|p1a: Necrozma|44/100
|-enditem|p1a: Necrozma|Leftovers|[from] move: Knock Off|[of] p2a: Scizor
|-damage|p2a: Scizor|64/100|[from] item: Life Orb
|
|upkeep
|turn|3
|
|t:|1760760555
|move|p2a: Scizor|Bullet Punch|p1a: Necrozma
|-damage|p1a: Necrozma|17/100
|-damage|p2a: Scizor|54/100|[from] item: Life Orb
|move|p1a: Necrozma|Heat Wave|p2a: Scizor
|-supereffective|p2a: Scizor
|-damage|p2a: Scizor|0 fnt
|faint|p2a: Scizor
|
|upkeep
|
|t:|1760760561
|switch|p2a: Iron Valiant|Iron Valiant|100/100
|-enditem|p2a: Iron Valiant|Booster Energy
|-activate|p2a: Iron Valiant|ability: Quark Drive|[fromitem]
|-start|p2a: Iron Valiant|quarkdrivespe
|turn|4
|
|t:|1760760564
|-terastallize|p1a: Necrozma|Psychic
|move|p2a: Iron Valiant|Knock Off|p1a: Necrozma
|-supereffective|p1a: Necrozma
|-damage|p1a: Necrozma|0 fnt
|faint|p1a: Necrozma
|
|upkeep
|
|t:|1760760565
|switch|p1a: Corviknight|Corviknight, M|100/100
|-ability|p1a: Corviknight|Pressure
|turn|5
|
|t:|1760760572
|move|p2a: Iron Valiant|Swords Dance|p2a: Iron Valiant
|-boost|p2a: Iron Valiant|atk|2
|move|p1a: Corviknight|Brave Bird|p2a: Iron Valiant
|-supereffective|p2a: Iron Valiant
|-damage|p2a: Iron Valiant|11/100
|-damage|p1a: Corviknight|79/100|[from] Recoil
|
|upkeep
|turn|6
|
|t:|1760760576
|move|p2a: Iron Valiant|Close Combat|p1a: Corviknight
|-damage|p1a: Corviknight|5/100
|-unboost|p2a: Iron Valiant|def|1
|-unboost|p2a: Iron Valiant|spd|1
|-damage|p2a: Iron Valiant|0 fnt|[from] item: Rocky Helmet|[of] p1a: Corviknight
|faint|p2a: Iron Valiant
|-end|p2a: Iron Valiant|Quark Drive|[silent]
|move|p1a: Corviknight|Brave Bird|p2: Iron Valiant|[notarget]
|-fail|p1a: Corviknight
|
|upkeep
|
|t:|1760760581
|switch|p2a: Kingambit|Kingambit, M|100/100
|-activate|p2a: Kingambit|ability: Supreme Overlord
|-start|p2a: Kingambit|fallen2|[silent]
|-item|p2a: Kingambit|Air Balloon
|turn|7
|
|t:|1760760583
|move|p2a: Kingambit|Sucker Punch|p1a: Corviknight
|-damage|p1a: Corviknight|0 fnt
|-damage|p2a: Kingambit|84/100|[from] item: Rocky Helmet|[of] p1a: Corviknight
|faint|p1a: Corviknight
|
|upkeep
|
|t:|1760760585
|switch|p1a: Iron Hands|Iron Hands|100/100
|-enditem|p1a: Iron Hands|Booster Energy
|-activate|p1a: Iron Hands|ability: Quark Drive|[fromitem]
|-start|p1a: Iron Hands|quarkdriveatk
|turn|8
|
|t:|1760760594
|move|p1a: Iron Hands|Drain Punch|p2a: Kingambit
|-supereffective|p2a: Kingambit
|-damage|p2a: Kingambit|0 fnt
|-enditem|p2a: Kingambit|Air Balloon
|faint|p2a: Kingambit
|-end|p2a: Kingambit|fallen2|[silent]
|
|upkeep
|
|t:|1760760597
|switch|p2a: Chandelure|Chandelure, M|100/100
|turn|9
|
|t:|1760760602
|-terastallize|p2a: Chandelure|Ghost
|move|p2a: Chandelure|Shadow Ball|p1a: Iron Hands
|-damage|p1a: Iron Hands|37/100
|-damage|p2a: Chandelure|91/100|[from] item: Life Orb
|move|p1a: Iron Hands|Thunder Punch|p2a: Chandelure
|-damage|p2a: Chandelure|2/100
|
|upkeep
|turn|10
|
|t:|1760760607
|move|p2a: Chandelure|Shadow Ball|p1a: Iron Hands
|-damage|p1a: Iron Hands|0 fnt
|faint|p1a: Iron Hands
|-end|p1a: Iron Hands|Quark Drive|[silent]
|-damage|p2a: Chandelure|0 fnt|[from] item: Life Orb
|faint|p2a: Chandelure
|
|upkeep
|
|t:|1760760613
|switch|p2a: Toxapex|Toxapex, M|100/100
|switch|p1a: Rillaboom|Rillaboom, F|100/100
|-fieldstart|move: Grassy Terrain|[from] ability: Grassy Surge|[of] p1a: Rillaboom
|turn|11
|
|t:|1760760618
|move|p2a: Toxapex|Baneful Bunker|p2a: Toxapex
|-singleturn|p2a: Toxapex|move: Protect
|move|p1a: Rillaboom|Grassy Glide|p2a: Toxapex
|-activate|p2a: Toxapex|move: Protect
|-status|p1a: Rillaboom|psn
|
|-damage|p1a: Rillaboom|88/100 psn|[from] psn
|upkeep
|turn|12
|
|t:|1760760626
|switch|p2a: Moltres|Moltres|100/100
|move|p1a: Rillaboom|Grassy Glide|p2a: Moltres
|-resisted|p2a: Moltres
|-damage|p2a: Moltres|90/100
|
|-heal|p1a: Rillaboom|94/100 psn|[from] Grassy Terrain
|-damage|p1a: Rillaboom|82/100 psn|[from] psn
|upkeep
|turn|13
|
|t:|1760760629
|move|p2a: Moltres|Hurricane|p1a: Rillaboom|[miss]
|-miss|p2a: Moltres|p1a: Rillaboom
|move|p1a: Rillaboom|Knock Off|p2a: Moltres
|-damage|p2a: Moltres|51/100
|-enditem|p2a: Moltres|Life Orb|[from] move: Knock Off|[of] p1a: Rillaboom
|
|-heal|p1a: Rillaboom|88/100 psn|[from] Grassy Terrain
|-damage|p1a: Rillaboom|75/100 psn|[from] psn
|upkeep
|turn|14
|
|t:|1760760632
|move|p2a: Moltres|Roost|p2a: Moltres
|-heal|p2a: Moltres|100/100
|-singleturn|p2a: Moltres|move: Roost
|move|p1a: Rillaboom|Knock Off|p2a: Moltres
|-damage|p2a: Moltres|73/100
|
|-heal|p2a: Moltres|79/100|[from] Grassy Terrain
|-heal|p1a: Rillaboom|81/100 psn|[from] Grassy Terrain
|-damage|p1a: Rillaboom|69/100 psn|[from] psn
|upkeep
|turn|15
|
|t:|1760760637
|move|p2a: Moltres|Hurricane|p1a: Rillaboom
|-supereffective|p1a: Rillaboom
|-damage|p1a: Rillaboom|0 fnt
|faint|p1a: Rillaboom
|
|upkeep
|
|t:|1760760637
|switch|p1a: Ogerpon|Ogerpon-Wellspring, F|100/100
|turn|16
|
|t:|1760760640
|move|p1a: Ogerpon|Knock Off|p2a: Moltres
|-damage|p2a: Moltres|49/100
|-status|p1a: Ogerpon|brn|[from] ability: Flame Body|[of] p2a: Moltres
|move|p2a: Moltres|Hurricane|p1a: Ogerpon
|-supereffective|p1a: Ogerpon
|-damage|p1a: Ogerpon|0 fnt
|faint|p1a: Ogerpon
|
|win|Luan1726
|raw|HZBKAI7's rating: 1120 &rarr; <strong>1091</strong><br />(-29 for losing)
|raw|Luan1726's rating: 1069 &rarr; <strong>1103</strong><br />(+34 for winning)
|l|☆HZBKAI7
|player|p1|
|l|☆Luan1726
|player|p2|
