|j|☆dracula drip
|j|☆pcklee
|t:|1760761546
|gametype|singles
|player|p1|dracula drip|iris-gen5bw2|1572
|player|p2|pcklee|101|1508
|gen|9
|tier|[Gen 9] OU
|rated|
|rule|HP Percentage Mod: HP is shown in percentages
|rule|Endless Battle Clause: Forcing endless battles is banned
|rule|Species Clause: Limit one of each Pokémon
|rule|OHKO Clause: OHKO moves are banned
|rule|Evasion Items Clause: Evasion items are banned
|rule|Evasion Moves Clause: Evasion moves are banned
|rule|Evasion Abilities Clause: Evasion abilities are banned
|rule|Sleep Moves Clause: Sleep-inducing moves are banned
|clearpoke
|poke|p1|Iron Crown|
|poke|p1|Primarina, M|
|poke|p1|Dragonite, M|
|poke|p1|Ting-Lu|
|poke|p1|Great Tusk|
|poke|p1|Raging Bolt|
|poke|p2|Zamazenta-*|
|poke|p2|Dragonite, M|
|poke|p2|Alomomola, M|
|poke|p2|Pecharunt|
|poke|p2|Scizor, F|
|poke|p2|Ting-Lu|
|teampreview
|inactive|Battle timer is ON: inactive players will automatically lose when time's up. (requested by dracula drip)
|inactive|dracula drip has 120 seconds left.
|
|t:|1760761577
|teamsize|p1|6
|teamsize|p2|6
|start
|switch|p1a: ANITA MAX WYNN|Primarina, M|100/100
|switch|p2a: Zamazenta|Zamazenta|100/100
|-ability|p2a: Zamazenta|Dauntless Shield|boost
|-boost|p2a: Zamazenta|def|1
|turn|1
|
|t:|1760761589
|switch|p2a: Pecharunt|Pecharunt|100/100
|move|p1a: ANITA MAX WYNN|Calm Mind|p1a: ANITA MAX WYNN
|-boost|p1a: ANITA MAX WYNN|spa|1
|-boost|p1a: ANITA MAX WYNN|spd|1
|
|upkeep
|turn|2
|
|t:|1760761600
|-terastallize|p1a: ANITA MAX WYNN|Steel
|move|p2a: Pecharunt|Malignant Chain|p1a: ANITA MAX WYNN
|-immune|p1a: ANITA MAX WYNN
|move|p1a: ANITA MAX WYNN|Encore|p2a: Pecharunt
|-start|p2a: Pecharunt|Encore
|
|upkeep
|turn|3
|
|t:|1760761626
|switch|p2a: Alomomola|Alomomola, M|100/100
|move|p1a: ANITA MAX WYNN|Surf|p2a: Alomomola
|-resisted|p2a: Alomomola
|-damage|p2a: Alomomola|72/100
|
|upkeep
|turn|4
|
|t:|1760761636
|move|p1a: ANITA MAX WYNN|Draining Kiss|p2a: Alomomola
|-damage|p2a: Alomomola|39/100
|move|p2a: Alomomola|Flip Turn|p1a: ANITA MAX WYNN
|-damage|p1a: ANITA MAX WYNN|82/100
|
|t:|1760761641
|switch|p2a: Zamazenta|Zamazenta|100/100|[from] Flip Turn
|
|upkeep
|turn|5
|
|t:|1760761645
|switch|p1a: PAST TRUNKS|Great Tusk|100/100
|move|p2a: Zamazenta|Close Combat|p1a: PAST TRUNKS
|-damage|p1a: PAST TRUNKS|57/100
|-unboost|p2a: Zamazenta|def|1
|-unboost|p2a: Zamazenta|spd|1
|-damage|p2a: Zamazenta|84/100|[from] item: Rocky Helmet|[of] p1a: PAST TRUNKS
|
|upkeep
|turn|6
|
|t:|1760761673
|switch|p2a: Alomomola|Alomomola, M|72/100
|move|p1a: PAST TRUNKS|Knock Off|p2a: Alomomola
|-damage|p2a: Alomomola|52/100
|-enditem|p2a: Alomomola|Heavy-Duty Boots|[from] move: Knock Off|[of] p1a: PAST TRUNKS
|
|upkeep
|turn|7
|
|t:|1760761685
|move|p1a: PAST TRUNKS|Headlong Rush|p2a: Alomomola
|-damage|p2a: Alomomola|14/100
|-unboost|p1a: PAST TRUNKS|def|1
|-unboost|p1a: PAST TRUNKS|spd|1
|move|p2a: Alomomola|Flip Turn|p1a: PAST TRUNKS
|-supereffective|p1a: PAST TRUNKS
|-damage|p1a: PAST TRUNKS|24/100
|-damage|p2a: Alomomola|0 fnt|[from] item: Rocky Helmet|[of] p1a: PAST TRUNKS
|faint|p2a: Alomomola
|
|upkeep
|inactive|pcklee has 120 seconds left.
|inactive|pcklee has 90 seconds left.
|
|t:|1760761728
|switch|p2a: Pecharunt|Pecharunt|100/100
|turn|8
|
|t:|1760761736
|move|p2a: Pecharunt|Shadow Ball|p1a: PAST TRUNKS
|-damage|p1a: PAST TRUNKS|0 fnt
|faint|p1a: PAST TRUNKS
|-end|p1a: PAST TRUNKS|Protosynthesis|[silent]
|
|upkeep
|
|t:|1760761738
|switch|p1a: ANITA MAX WYNN|Primarina, M, tera:Steel|82/100
|turn|9
|
|t:|1760761747
|move|p2a: Pecharunt|Parting Shot|p1a: ANITA MAX WYNN
|-unboost|p1a: ANITA MAX WYNN|atk|1
|-unboost|p1a: ANITA MAX WYNN|spa|1
|inactive|pcklee has 90 seconds left.
|
|t:|1760761780
|switch|p2a: Ting-Lu|Ting-Lu|100/100|[from] Parting Shot
|-ability|p2a: Ting-Lu|Vessel of Ruin
|move|p1a: ANITA MAX WYNN|Surf|p2a: Ting-Lu
|-supereffective|p2a: Ting-Lu
|-damage|p2a: Ting-Lu|76/100
|
|-heal|p2a: Ting-Lu|82/100|[from] item: Leftovers
|upkeep
|turn|10
|inactive|pcklee has 90 seconds left.
|
|t:|1760761800
|switch|p1a: PRIME MIKE TYSON|Dragonite, M|100/100
|move|p2a: Ting-Lu|Stealth Rock|p1a: PRIME MIKE TYSON
|-sidestart|p1: dracula drip|move: Stealth Rock
|
|-heal|p2a: Ting-Lu|88/100|[from] item: Leftovers
|upkeep
|turn|11
|inactive|pcklee has 90 seconds left.
|l|☆dracula drip
|inactive|dracula drip disconnected and has a minute to reconnect!
|player|p1|
|inactive|dracula drip has 30 seconds to reconnect!
|inactive|dracula drip has 20 seconds to reconnect!
|inactive|dracula drip has 15 seconds to reconnect!
|inactive|dracula drip has 10 seconds to reconnect!
|inactive|dracula drip has 5 seconds to reconnect!
|-message|dracula drip lost due to inactivity.
|
|win|pcklee
|raw|dracula drip's rating: 1572 &rarr; <strong>1548</strong><br />(-24 for losing)
|raw|pcklee's rating: 1508 &rarr; <strong>1532</strong><br />(+24 for winning)
|l|☆pcklee
|player|p2|
