|j|☆lyra89
|j|☆vernonification
|t:|1760847292
|gametype|singles
|player|p1|lyra89|roxie|1065
|player|p2|vernonification|170|1102
|gen|9
|tier|[Gen 9] OU
|rated|
|rule|HP Percentage Mod: HP is shown in percentages
|rule|Endless Battle Clause: Forcing endless battles is banned
|rule|Species Clause: Limit one of each Pokémon
|rule|OHKO Clause: OHKO moves are banned
|rule|Evasion Items Clause: Evasion items are banned
|rule|Evasion Moves Clause: Evasion moves are banned
|rule|Evasion Abilities Clause: Evasion abilities are banned
|rule|Sleep Moves Clause: Sleep-inducing moves are banned
|clearpoke
|poke|p1|Cloyster, F|
|poke|p1|Azumarill, F|
|poke|p1|Minior|
|poke|p1|Polteageist|
|poke|p1|Flygon, M|
|poke|p1|Fezandipiti, M|
|poke|p2|Araquanid, M|
|poke|p2|Scizor, M|
|poke|p2|Kleavor, M|
|poke|p2|Vikavolt, F|
|poke|p2|Lokix, M|
|poke|p2|Venomoth, F|
|teampreview
|
|t:|1760847303
|teamsize|p1|6
|teamsize|p2|6
|start
|switch|p1a: J'suis défoncé|Minior, shiny|100/100
|switch|p2a: Venomoth|Venomoth, F|100/100
|-formechange|p1a: J'suis défoncé|Minior-Meteor||[from] ability: Shields Down
|turn|1
|
|t:|1760847315
|move|p2a: Venomoth|Sludge Bomb|p1a: J'suis défoncé
|-resisted|p1a: J'suis défoncé
|-damage|p1a: J'suis défoncé|17/100
|move|p1a: J'suis défoncé|Shell Smash|p1a: J'suis défoncé
|-unboost|p1a: J'suis défoncé|def|1
|-unboost|p1a: J'suis défoncé|spd|1
|-boost|p1a: J'suis défoncé|atk|2
|-boost|p1a: J'suis défoncé|spa|2
|-boost|p1a: J'suis défoncé|spe|2
|-enditem|p1a: J'suis défoncé|White Herb
|-clearnegativeboost|p1a: J'suis défoncé|[silent]
|
|-formechange|p1a: J'suis défoncé|Minior||[from] ability: Shields Down
|upkeep
|turn|2
|
|t:|1760847327
|move|p1a: J'suis défoncé|Acrobatics|p2a: Venomoth
|-supereffective|p2a: Venomoth
|-damage|p2a: Venomoth|0 fnt
|faint|p2a: Venomoth
|
|upkeep
|
|t:|1760847333
|switch|p2a: Mloyd Fayweather|Scizor, M|100/100
|turn|3
|
|t:|1760847338
|move|p2a: Mloyd Fayweather|Bullet Punch|p1a: J'suis défoncé
|-supereffective|p1a: J'suis défoncé
|-damage|p1a: J'suis défoncé|0 fnt
|faint|p1a: J'suis défoncé
|-damage|p2a: Mloyd Fayweather|91/100|[from] item: Life Orb
|
|upkeep
|
|t:|1760847349
|switch|p1a: Casino|Flygon, M, shiny|100/100
|turn|4
|
|t:|1760847354
|move|p2a: Mloyd Fayweather|Bullet Punch|p1a: Casino
|-crit|p1a: Casino
|-damage|p1a: Casino|10/100
|-damage|p2a: Mloyd Fayweather|81/100|[from] item: Life Orb
|move|p1a: Casino|Earthquake|p2a: Mloyd Fayweather
|-damage|p2a: Mloyd Fayweather|29/100
|
|upkeep
|turn|5
|
|t:|1760847369
|move|p2a: Mloyd Fayweather|Bullet Punch|p1a: Casino
|-damage|p1a: Casino|0 fnt
|faint|p1a: Casino
|-damage|p2a: Mloyd Fayweather|19/100|[from] item: Life Orb
|
|upkeep
|
|t:|1760847375
|switch|p1a: Fezandipiti|Fezandipiti, M|100/100
|turn|6
|
|t:|1760847392
|move|p1a: Fezandipiti|Play Rough|p2a: Mloyd Fayweather
|-resisted|p2a: Mloyd Fayweather
|-damage|p2a: Mloyd Fayweather|2/100
|move|p2a: Mloyd Fayweather|Close Combat|p1a: Fezandipiti
|-resisted|p1a: Fezandipiti
|-damage|p1a: Fezandipiti|85/100
|-unboost|p2a: Mloyd Fayweather|def|1
|-unboost|p2a: Mloyd Fayweather|spd|1
|-damage|p2a: Mloyd Fayweather|0 fnt|[from] item: Life Orb
|faint|p2a: Mloyd Fayweather
|
|upkeep
|
|t:|1760847406
|switch|p2a: Street Fighter Kix|Lokix, M|100/100
|turn|7
|
|t:|1760847411
|move|p2a: Street Fighter Kix|First Impression|p1a: Fezandipiti
|-resisted|p1a: Fezandipiti
|-damage|p1a: Fezandipiti|64/100
|move|p1a: Fezandipiti|Play Rough|p2a: Street Fighter Kix
|-supereffective|p2a: Street Fighter Kix
|-damage|p2a: Street Fighter Kix|9/100
|
|upkeep
|turn|8
|
|t:|1760847421
|move|p2a: Street Fighter Kix|U-turn|p1a: Fezandipiti
|-resisted|p1a: Fezandipiti
|-damage|p1a: Fezandipiti|45/100
|
|t:|1760847425
|switch|p2a: Taser Taser Taser|Vikavolt, F, shiny|100/100|[from] U-turn
|move|p1a: Fezandipiti|Beat Up|p2a: Taser Taser Taser
|-damage|p2a: Taser Taser Taser|97/100
|-damage|p2a: Taser Taser Taser|94/100
|-damage|p2a: Taser Taser Taser|90/100
|-status|p2a: Taser Taser Taser|tox|[from] ability: Toxic Chain|[of] p1a: Fezandipiti
|-damage|p2a: Taser Taser Taser|87/100 tox
|-hitcount|p2a: Taser Taser Taser|4
|
|-damage|p2a: Taser Taser Taser|81/100 tox|[from] psn
|upkeep
|turn|9
|
|t:|1760847440
|move|p1a: Fezandipiti|Play Rough|p2a: Taser Taser Taser
|-damage|p2a: Taser Taser Taser|48/100 tox
|-unboost|p2a: Taser Taser Taser|atk|1
|move|p2a: Taser Taser Taser|Thunderbolt|p1a: Fezandipiti
|-damage|p1a: Fezandipiti|0 fnt
|faint|p1a: Fezandipiti
|
|-damage|p2a: Taser Taser Taser|35/100 tox|[from] psn
|upkeep
|
|t:|1760847452
|switch|p1a: Thé-mort|Polteageist, shiny|100/100
|turn|10
|
|t:|1760847456
|move|p1a: Thé-mort|Shell Smash|p1a: Thé-mort
|-unboost|p1a: Thé-mort|def|1
|-unboost|p1a: Thé-mort|spd|1
|-boost|p1a: Thé-mort|atk|2
|-boost|p1a: Thé-mort|spa|2
|-boost|p1a: Thé-mort|spe|2
|move|p2a: Taser Taser Taser|Thunderbolt|p1a: Thé-mort
|-enditem|p1a: Thé-mort|Focus Sash
|-damage|p1a: Thé-mort|1/100
|-status|p1a: Thé-mort|par
|
|-damage|p2a: Taser Taser Taser|17/100 tox|[from] psn
|upkeep
|turn|11
|
|t:|1760847470
|switch|p2a: Kratos|Kleavor, M|100/100
|move|p1a: Thé-mort|Stored Power|p2a: Kratos
|-crit|p2a: Kratos
|-damage|p2a: Kratos|0 fnt
|faint|p2a: Kratos
|
|upkeep
|
|t:|1760847477
|switch|p2a: Fat Fuck|Araquanid, M, shiny|100/100
|turn|12
|
|t:|1760847480
|cant|p1a: Thé-mort|par
|move|p2a: Fat Fuck|Liquidation|p1a: Thé-mort
|-damage|p1a: Thé-mort|0 fnt
|faint|p1a: Thé-mort
|
|upkeep
|
|t:|1760847487
|switch|p1a: Coucou ^^|Azumarill, F, shiny|100/100
|turn|13
|
|t:|1760847491
|-terastallize|p2a: Fat Fuck|Water
|move|p1a: Coucou ^^|Belly Drum|p1a: Coucou ^^
|-damage|p1a: Coucou ^^|50/100
|-setboost|p1a: Coucou ^^|atk|6|[from] move: Belly Drum
|-enditem|p1a: Coucou ^^|Sitrus Berry|[eat]
|-heal|p1a: Coucou ^^|75/100|[from] item: Sitrus Berry
|move|p2a: Fat Fuck|Liquidation|p1a: Coucou ^^
|-resisted|p1a: Coucou ^^
|-damage|p1a: Coucou ^^|34/100
|-unboost|p1a: Coucou ^^|def|1
|
|upkeep
|turn|14
|
|t:|1760847506
|move|p1a: Coucou ^^|Aqua Jet|p2a: Fat Fuck
|-resisted|p2a: Fat Fuck
|-damage|p2a: Fat Fuck|44/100
|move|p2a: Fat Fuck|Lunge|p1a: Coucou ^^
|-resisted|p1a: Coucou ^^
|-damage|p1a: Coucou ^^|13/100
|-unboost|p1a: Coucou ^^|atk|1
|
|upkeep
|turn|15
|
|t:|1760847521
|move|p1a: Coucou ^^|Aqua Jet|p2a: Fat Fuck
|-resisted|p2a: Fat Fuck
|-damage|p2a: Fat Fuck|0 fnt
|faint|p2a: Fat Fuck
|
|upkeep
|
|t:|1760847527
|switch|p2a: Street Fighter Kix|Lokix, M|9/100
|turn|16
|
|t:|1760847532
|move|p2a: Street Fighter Kix|First Impression|p1a: Coucou ^^
|-resisted|p1a: Coucou ^^
|-damage|p1a: Coucou ^^|0 fnt
|faint|p1a: Coucou ^^
|
|upkeep
|
|t:|1760847537
|switch|p1a: massacreur|Cloyster, F, shiny|100/100
|turn|17
|
|t:|1760847561
|move|p2a: Street Fighter Kix|U-turn|p1a: massacreur
|-damage|p1a: massacreur|73/100
|
|t:|1760847564
|switch|p2a: Taser Taser Taser|Vikavolt, F, shiny|17/100 tox|[from] U-turn
|move|p1a: massacreur|Icicle Spear|p2a: Taser Taser Taser
|-damage|p2a: Taser Taser Taser|5/100 tox
|-damage|p2a: Taser Taser Taser|0 fnt
|faint|p2a: Taser Taser Taser
|-hitcount|p2: Taser Taser Taser|2
|
|upkeep
|
|t:|1760847571
|switch|p2a: Street Fighter Kix|Lokix, M|9/100
|turn|18
|
|t:|1760847577
|-terastallize|p1a: massacreur|Steel
|move|p2a: Street Fighter Kix|First Impression|p1a: massacreur
|-resisted|p1a: massacreur
|-damage|p1a: massacreur|34/100
|move|p1a: massacreur|Ice Shard|p2a: Street Fighter Kix
|-damage|p2a: Street Fighter Kix|0 fnt
|faint|p2a: Street Fighter Kix
|
|win|lyra89
|raw|lyra89's rating: 1065 &rarr; <strong>1098</strong><br />(+33 for winning)
|raw|vernonification's rating: 1102 &rarr; <strong>1074</strong><br />(-28 for losing)
|c|☆vernonification|ggss
|c|☆lyra89|Gg
|l|☆vernonification
|player|p2|
|l|☆lyra89
|player|p1|
