|j|☆SvgNight235
|j|☆sook9
|t:|1760849647
|gametype|singles
|player|p1|SvgNight235|lucas-gen4pt|1169
|player|p2|sook9|maid|1107
|gen|9
|tier|[Gen 9] OU
|rated|
|rule|HP Percentage Mod: HP is shown in percentages
|rule|Endless Battle Clause: Forcing endless battles is banned
|rule|Species Clause: Limit one of each Pokémon
|rule|OHKO Clause: OHKO moves are banned
|rule|Evasion Items Clause: Evasion items are banned
|rule|Evasion Moves Clause: Evasion moves are banned
|rule|Evasion Abilities Clause: Evasion abilities are banned
|rule|Sleep Moves Clause: Sleep-inducing moves are banned
|clearpoke
|poke|p1|Empoleon, M|
|poke|p1|Zoroark-Hisui, M|
|poke|p1|Hydreigon, M|
|poke|p1|Excadrill, M|
|poke|p1|Gliscor, M|
|poke|p1|Samurott-Hisui, M|
|poke|p2|Gyarados, M|
|poke|p2|Muk-Alola, F|
|poke|p2|Swampert, F|
|poke|p2|Corviknight, F|
|poke|p2|Dragonite, M|
|poke|p2|Zoroark-Hisui, F|
|teampreview
|inactive|Battle timer is ON: inactive players will automatically lose when time's up. (requested by sook9)
|inactive|sook9 has 120 seconds left.
|
|t:|1760849701
|teamsize|p1|6
|teamsize|p2|6
|start
|switch|p1a: Excadrill|Excadrill, M, shiny|100/100
|switch|p2a: Dragonite|Dragonite, M|100/100
|-ability|p1a: Excadrill|Mold Breaker
|turn|1
|
|t:|1760849717
|move|p2a: Dragonite|U-turn|p1a: Excadrill
|-resisted|p1a: Excadrill
|-damage|p1a: Excadrill|87/100
|inactive|sook9 has 120 seconds left.
|
|t:|1760849756
|switch|p2a: Swampert|Swampert, F|100/100|[from] U-turn
|move|p1a: Excadrill|Rapid Spin|p2a: Swampert
|-damage|p2a: Swampert|90/100
|-boost|p1a: Excadrill|spe|1
|
|-heal|p1a: Excadrill|93/100|[from] item: Leftovers
|-heal|p2a: Swampert|96/100|[from] item: Leftovers
|upkeep
|turn|2
|inactive|sook9 has 120 seconds left.
|
|t:|1760849768
|switch|p1a: Gliscor|Gliscor, M|100/100
|move|p2a: Swampert|Chilling Water|p1a: Gliscor
|-supereffective|p1a: Gliscor
|-crit|p1a: Gliscor
|-damage|p1a: Gliscor|45/100
|-unboost|p1a: Gliscor|atk|1
|
|-heal|p2a: Swampert|100/100|[from] item: Leftovers
|-status|p1a: Gliscor|tox|[from] item: Toxic Orb
|upkeep
|turn|3
|
|t:|1760849777
|move|p1a: Gliscor|Toxic|p2a: Swampert
|-status|p2a: Swampert|tox
|move|p2a: Swampert|Chilling Water|p1a: Gliscor
|-supereffective|p1a: Gliscor
|-damage|p1a: Gliscor|10/100 tox
|-unboost|p1a: Gliscor|atk|1
|
|-heal|p1a: Gliscor|22/100 tox|[from] ability: Poison Heal
|-damage|p2a: Swampert|94/100 tox|[from] psn
|upkeep
|turn|4
|
|t:|1760849786
|move|p1a: Gliscor|Knock Off|p2a: Swampert
|-damage|p2a: Swampert|87/100 tox
|-enditem|p2a: Swampert|Leftovers|[from] move: Knock Off|[of] p1a: Gliscor
|move|p2a: Swampert|Chilling Water|p1a: Gliscor
|-supereffective|p1a: Gliscor
|-damage|p1a: Gliscor|0 fnt
|faint|p1a: Gliscor
|
|-damage|p2a: Swampert|74/100 tox|[from] psn
|upkeep
|
|t:|1760849795
|switch|p1a: Emperor|Empoleon, M, shiny|100/100
|turn|5
|
|t:|1760849801
|move|p2a: Swampert|Mud-Slap|p1a: Emperor
|-supereffective|p1a: Emperor
|-damage|p1a: Emperor|89/100
|-unboost|p1a: Emperor|accuracy|1
|move|p1a: Emperor|Roar|p2a: Swampert
|drag|p2a: Dragonite|Dragonite, M|100/100
|
|-heal|p1a: Emperor|95/100|[from] item: Leftovers
|upkeep
|turn|6
|
|t:|1760849811
|move|p2a: Dragonite|Thunderbolt|p1a: Emperor
|-supereffective|p1a: Emperor
|-damage|p1a: Emperor|24/100
|move|p1a: Emperor|Stealth Rock|p2a: Dragonite
|-sidestart|p2: sook9|move: Stealth Rock
|
|-heal|p1a: Emperor|30/100|[from] item: Leftovers
|upkeep
|turn|7
|
|t:|1760849818
|move|p1a: Emperor|Protect|p1a: Emperor
|-singleturn|p1a: Emperor|Protect
|move|p2a: Dragonite|Thunderbolt|p1a: Emperor
|-activate|p1a: Emperor|move: Protect
|
|-heal|p1a: Emperor|36/100|[from] item: Leftovers
|upkeep
|turn|8
|
|t:|1760849827
|move|p2a: Dragonite|Thunderbolt|p1a: Emperor
|-supereffective|p1a: Emperor
|-damage|p1a: Emperor|0 fnt
|faint|p1a: Emperor
|
|upkeep
|
|t:|1760849830
|switch|p1a: Excadrill|Excadrill, M, shiny|93/100
|-ability|p1a: Excadrill|Mold Breaker
|turn|9
|
|t:|1760849836
|switch|p2a: Swampert|Swampert, F|74/100 tox
|-damage|p2a: Swampert|68/100 tox|[from] Stealth Rock
|move|p1a: Excadrill|Swords Dance|p1a: Excadrill
|-boost|p1a: Excadrill|atk|2
|
|-heal|p1a: Excadrill|99/100|[from] item: Leftovers
|-damage|p2a: Swampert|62/100 tox|[from] psn
|upkeep
|turn|10
|
|t:|1760849845
|move|p1a: Excadrill|Iron Head|p2a: Swampert
|-resisted|p2a: Swampert
|-damage|p2a: Swampert|36/100 tox
|move|p2a: Swampert|Mud-Slap|p1a: Excadrill
|-supereffective|p1a: Excadrill
|-damage|p1a: Excadrill|83/100
|-unboost|p1a: Excadrill|accuracy|1
|
|-heal|p1a: Excadrill|89/100|[from] item: Leftovers
|-damage|p2a: Swampert|24/100 tox|[from] psn
|upkeep
|turn|11
|
|t:|1760849860
|move|p1a: Excadrill|Rapid Spin|p2a: Swampert|[miss]
|-miss|p1a: Excadrill|p2a: Swampert
|move|p2a: Swampert|Rest|p2a: Swampert
|-status|p2a: Swampert|slp|[from] move: Rest
|-heal|p2a: Swampert|100/100 slp|[silent]
|
|-heal|p1a: Excadrill|96/100|[from] item: Leftovers
|upkeep
|turn|12
|
|t:|1760849869
|move|p1a: Excadrill|Rapid Spin|p2a: Swampert
|-damage|p2a: Swampert|77/100 slp
|-boost|p1a: Excadrill|spe|1
|cant|p2a: Swampert|slp
|move|p2a: Swampert|Sleep Talk|p2a: Swampert
|move|p2a: Swampert|Chilling Water|p1a: Excadrill|[from] move: Sleep Talk
|-supereffective|p1a: Excadrill
|-damage|p1a: Excadrill|52/100
|-unboost|p1a: Excadrill|atk|1
|
|-heal|p1a: Excadrill|58/100|[from] item: Leftovers
|upkeep
|turn|13
|
|t:|1760849879
|move|p1a: Excadrill|Iron Head|p2a: Swampert
|-resisted|p2a: Swampert
|-damage|p2a: Swampert|57/100 slp
|cant|p2a: Swampert|slp
|move|p2a: Swampert|Sleep Talk|p2a: Swampert
|move|p2a: Swampert|Chilling Water|p1a: Excadrill|[from] move: Sleep Talk
|-supereffective|p1a: Excadrill
|-damage|p1a: Excadrill|18/100
|-unboost|p1a: Excadrill|atk|1
|
|-heal|p1a: Excadrill|24/100|[from] item: Leftovers
|upkeep
|turn|14
|
|t:|1760849890
|move|p1a: Excadrill|Earthquake|p2a: Swampert
|-damage|p2a: Swampert|21/100 slp
|-curestatus|p2a: Swampert|slp|[msg]
|move|p2a: Swampert|Chilling Water|p1a: Excadrill
|-supereffective|p1a: Excadrill
|-damage|p1a: Excadrill|0 fnt
|faint|p1a: Excadrill
|
|upkeep
|
|t:|1760849897
|switch|p1a: Hydreigon|Hydreigon, M, shiny|100/100
|turn|15
|
|t:|1760849909
|-terastallize|p1a: Hydreigon|Steel
|move|p1a: Hydreigon|Nasty Plot|p1a: Hydreigon
|-boost|p1a: Hydreigon|spa|2
|move|p2a: Swampert|Mud-Slap|p1a: Hydreigon
|-immune|p1a: Hydreigon|[from] ability: Levitate
|
|upkeep
|turn|16
|
|t:|1760849921
|move|p1a: Hydreigon|Nasty Plot|p1a: Hydreigon
|-boost|p1a: Hydreigon|spa|2
|move|p2a: Swampert|Chilling Water|p1a: Hydreigon
|-damage|p1a: Hydreigon|76/100
|-unboost|p1a: Hydreigon|atk|1
|
|-heal|p1a: Hydreigon|82/100|[from] item: Leftovers
|upkeep
|turn|17
|
|t:|1760849930
|move|p1a: Hydreigon|Dark Pulse|p2a: Swampert
|-damage|p2a: Swampert|0 fnt
|faint|p2a: Swampert
|
|-heal|p1a: Hydreigon|88/100|[from] item: Leftovers
|upkeep
|
|t:|1760849945
|switch|p2a: Muk|Muk-Alola, F, shiny|100/100
|-damage|p2a: Muk|88/100|[from] Stealth Rock
|turn|18
|
|t:|1760849950
|move|p1a: Hydreigon|Earth Power|p2a: Muk
|-supereffective|p2a: Muk
|-crit|p2a: Muk
|-damage|p2a: Muk|0 fnt
|faint|p2a: Muk
|
|-heal|p1a: Hydreigon|94/100|[from] item: Leftovers
|upkeep
|-message|sook9 forfeited.
|
|win|SvgNight235
|raw|SvgNight235's rating: 1169 &rarr; <strong>1190</strong><br />(+21 for winning)
|raw|sook9's rating: 1107 &rarr; <strong>1086</strong><br />(-21 for losing)
|l|☆sook9
|player|p2|
|l|☆SvgNight235
|player|p1|
