|j|☆lyeskoriche
|j|☆RJoyful
|t:|1760809629
|gametype|singles
|player|p1|lyeskoriche|bugcatcher-gen4dp|1106
|player|p2|RJoyful|gentleman|1107
|gen|9
|tier|[Gen 9] OU
|rated|
|rule|HP Percentage Mod: HP is shown in percentages
|rule|Endless Battle Clause: Forcing endless battles is banned
|rule|Species Clause: Limit one of each Pokémon
|rule|OHKO Clause: OHKO moves are banned
|rule|Evasion Items Clause: Evasion items are banned
|rule|Evasion Moves Clause: Evasion moves are banned
|rule|Evasion Abilities Clause: Evasion abilities are banned
|rule|Sleep Moves Clause: Sleep-inducing moves are banned
|clearpoke
|poke|p1|Bronzong|
|poke|p1|Bellibolt, M|
|poke|p1|Slowbro-Galar, F|
|poke|p1|Rillaboom, F|
|poke|p1|Venomoth, F|
|poke|p1|Mandibuzz, F|
|poke|p2|Hoopa-Unbound|
|poke|p2|Slowking-Galar, F|
|poke|p2|Alomomola, F|
|poke|p2|Zamazenta-*|
|poke|p2|Great Tusk|
|poke|p2|Kingambit, F|
|teampreview
|
|t:|1760809638
|teamsize|p1|6
|teamsize|p2|6
|start
|switch|p1a: Mandibuzz|Mandibuzz, F, shiny|100/100
|switch|p2a: Great Tusk|Great Tusk|100/100
|turn|1
|
|t:|1760809654
|-end|p2a: Great Tusk|Protosynthesis|[silent]
|switch|p2a: Alomomola|Alomomola, F|100/100
|move|p1a: Mandibuzz|Air Slash|p2a: Alomomola
|-crit|p2a: Alomomola
|-damage|p2a: Alomomola|56/100
|-damage|p1a: Mandibuzz|91/100|[from] item: Life Orb
|
|upkeep
|turn|2
|
|t:|1760809665
|move|p1a: Mandibuzz|Dark Pulse|p2a: Alomomola
|-damage|p2a: Alomomola|25/100
|-damage|p1a: Mandibuzz|81/100|[from] item: Life Orb
|move|p2a: Alomomola|Flip Turn|p1a: Mandibuzz
|-damage|p1a: Mandibuzz|65/100
|-ability|p1a: Mandibuzz|Weak Armor|boost
|-unboost|p1a: Mandibuzz|def|1
|-boost|p1a: Mandibuzz|spe|2
|
|t:|1760809681
|switch|p2a: Kingambit|Kingambit, F|100/100|[from] Flip Turn
|
|upkeep
|turn|3
|
|t:|1760809699
|switch|p1a: Slowbro|Slowbro-Galar, F|100/100
|move|p2a: Kingambit|Iron Head|p1a: Slowbro
|-damage|p1a: Slowbro|59/100
|
|upkeep
|turn|4
|
|t:|1760809709
|-end|p2a: Kingambit|fallenundefined|[silent]
|switch|p2a: Alomomola|Alomomola, F|58/100
|move|p1a: Slowbro|Drain Punch|p2a: Alomomola
|-damage|p2a: Alomomola|38/100
|-heal|p1a: Slowbro|73/100|[from] drain|[of] p2a: Alomomola
|
|upkeep
|turn|5
|-activate|p1a: Slowbro|ability: Quick Draw
|
|t:|1760809716
|move|p1a: Slowbro|Drain Punch|p2a: Alomomola
|-damage|p2a: Alomomola|14/100
|-heal|p1a: Slowbro|90/100|[from] drain|[of] p2a: Alomomola
|move|p2a: Alomomola|Flip Turn|p1a: Slowbro
|-crit|p1a: Slowbro
|-damage|p1a: Slowbro|67/100
|
|t:|1760809755
|switch|p2a: Hoopa|Hoopa-Unbound|100/100|[from] Flip Turn
|
|upkeep
|turn|6
|
|t:|1760809760
|switch|p1a: Mandibuzz|Mandibuzz, F, shiny|65/100
|move|p2a: Hoopa|Drain Punch|p1a: Mandibuzz
|-damage|p1a: Mandibuzz|19/100
|-ability|p1a: Mandibuzz|Weak Armor|boost
|-unboost|p1a: Mandibuzz|def|1
|-boost|p1a: Mandibuzz|spe|2
|
|upkeep
|turn|7
|
|t:|1760809778
|switch|p2a: Alomomola|Alomomola, F|48/100
|move|p1a: Mandibuzz|Dark Pulse|p2a: Alomomola
|-damage|p2a: Alomomola|18/100
|-damage|p1a: Mandibuzz|9/100|[from] item: Life Orb
|
|upkeep
|turn|8
|
|t:|1760809789
|switch|p2a: Zamazenta|Zamazenta|100/100
|-ability|p2a: Zamazenta|Dauntless Shield|boost
|-boost|p2a: Zamazenta|def|1
|move|p1a: Mandibuzz|Dark Pulse|p2a: Zamazenta
|-resisted|p2a: Zamazenta
|-damage|p2a: Zamazenta|87/100
|-damage|p1a: Mandibuzz|0 fnt|[from] item: Life Orb
|faint|p1a: Mandibuzz
|
|-heal|p2a: Zamazenta|93/100|[from] item: Leftovers
|upkeep
|
|t:|1760809806
|switch|p1a: Venomoth|Venomoth, F|100/100
|turn|9
|
|t:|1760809815
|switch|p2a: Alomomola|Alomomola, F|51/100
|move|p1a: Venomoth|Quiver Dance|p1a: Venomoth
|-boost|p1a: Venomoth|spa|1
|-boost|p1a: Venomoth|spd|1
|-boost|p1a: Venomoth|spe|1
|
|upkeep
|turn|10
|
|t:|1760809824
|switch|p2a: Great Tusk|Great Tusk|100/100
|move|p1a: Venomoth|Quiver Dance|p1a: Venomoth
|-boost|p1a: Venomoth|spa|1
|-boost|p1a: Venomoth|spd|1
|-boost|p1a: Venomoth|spe|1
|
|upkeep
|turn|11
|
|t:|1760809845
|move|p1a: Venomoth|Bug Buzz|p2a: Great Tusk
|-resisted|p2a: Great Tusk
|-damage|p2a: Great Tusk|13/100
|-enditem|p1a: Venomoth|Throat Spray
|-boost|p1a: Venomoth|spa|1|[from] item: Throat Spray
|move|p2a: Great Tusk|Headlong Rush|p1a: Venomoth
|-damage|p1a: Venomoth|0 fnt
|-unboost|p2a: Great Tusk|def|1
|-unboost|p2a: Great Tusk|spd|1
|faint|p1a: Venomoth
|
|upkeep
|
|t:|1760809855
|switch|p1a: Rillaboom|Rillaboom, F|100/100
|-fieldstart|move: Grassy Terrain|[from] ability: Grassy Surge|[of] p1a: Rillaboom
|turn|12
|
|t:|1760809867
|-end|p2a: Great Tusk|Protosynthesis|[silent]
|switch|p2a: Zamazenta|Zamazenta|93/100
|move|p1a: Rillaboom|Swords Dance|p1a: Rillaboom
|-boost|p1a: Rillaboom|atk|2
|
|-heal|p2a: Zamazenta|99/100|[from] Grassy Terrain
|-heal|p2a: Zamazenta|100/100|[from] item: Leftovers
|upkeep
|turn|13
|
|t:|1760809878
|-terastallize|p2a: Zamazenta|Steel
|move|p2a: Zamazenta|Iron Defense|p2a: Zamazenta
|-boost|p2a: Zamazenta|def|2
|move|p1a: Rillaboom|Acrobatics|p2a: Zamazenta
|-resisted|p2a: Zamazenta
|-damage|p2a: Zamazenta|95/100
|
|-heal|p2a: Zamazenta|100/100|[from] Grassy Terrain
|upkeep
|turn|14
|
|t:|1760809890
|switch|p1a: Bronzong|Bronzong, shiny|100/100
|move|p2a: Zamazenta|Body Press|p1a: Bronzong
|-damage|p1a: Bronzong|54/100
|
|upkeep
|turn|15
|
|t:|1760809902
|move|p2a: Zamazenta|Body Press|p1a: Bronzong
|-damage|p1a: Bronzong|0 fnt
|faint|p1a: Bronzong
|
|upkeep
|
|t:|1760809906
|switch|p1a: Slowbro|Slowbro-Galar, F|67/100
|turn|16
|-activate|p1a: Slowbro|ability: Quick Draw
|
|t:|1760809912
|-terastallize|p1a: Slowbro|Fighting
|move|p1a: Slowbro|Drain Punch|p2a: Zamazenta
|-supereffective|p2a: Zamazenta
|-damage|p2a: Zamazenta|62/100
|-heal|p1a: Slowbro|87/100|[from] drain|[of] p2a: Zamazenta
|move|p2a: Zamazenta|Body Press|p1a: Slowbro
|-damage|p1a: Slowbro|28/100
|
|-heal|p2a: Zamazenta|68/100|[from] Grassy Terrain
|-heal|p2a: Zamazenta|74/100|[from] item: Leftovers
|-heal|p1a: Slowbro|34/100|[from] Grassy Terrain
|-fieldend|move: Grassy Terrain
|upkeep
|turn|17
|
|t:|1760809929
|move|p2a: Zamazenta|Body Press|p1a: Slowbro
|-damage|p1a: Slowbro|0 fnt
|faint|p1a: Slowbro
|
|-heal|p2a: Zamazenta|80/100|[from] item: Leftovers
|upkeep
|-message|lyeskoriche forfeited.
|
|win|RJoyful
|raw|lyeskoriche's rating: 1106 &rarr; <strong>1081</strong><br />(-25 for losing)
|raw|RJoyful's rating: 1107 &rarr; <strong>1132</strong><br />(+25 for winning)
|l|☆lyeskoriche
|player|p1|
|l|☆RJoyful
|player|p2|
