|j|☆azeard
|j|☆pepinoloko
|t:|1760813798
|gametype|singles
|player|p1|azeard|101|1557
|player|p2|pepinoloko|palmer|1517
|gen|9
|tier|[Gen 9] OU
|rated|
|rule|HP Percentage Mod: HP is shown in percentages
|rule|Endless Battle Clause: Forcing endless battles is banned
|rule|Species Clause: Limit one of each Pokémon
|rule|OHKO Clause: OHKO moves are banned
|rule|Evasion Items Clause: Evasion items are banned
|rule|Evasion Moves Clause: Evasion moves are banned
|rule|Evasion Abilities Clause: Evasion abilities are banned
|rule|Sleep Moves Clause: Sleep-inducing moves are banned
|clearpoke
|poke|p1|Kleavor, M|
|poke|p1|Skeledirge, F|
|poke|p1|Kingambit, M|
|poke|p1|Ogerpon-Wellspring, F|
|poke|p1|Latios, M|
|poke|p1|Deoxys-Speed|
|poke|p2|Cinderace, M|
|poke|p2|Landorus-Therian, M|
|poke|p2|Conkeldurr, F|
|poke|p2|Tyranitar, M|
|poke|p2|Corviknight, F|
|poke|p2|Hatterene, F|
|teampreview
|inactive|Battle timer is ON: inactive players will automatically lose when time's up. (requested by azeard)
|
|t:|1760813815
|teamsize|p1|6
|teamsize|p2|6
|start
|switch|p1a: Deoxys|Deoxys-Speed|100/100
|switch|p2a: God is always good|Landorus-Therian, M|100/100
|-ability|p1a: Deoxys|Pressure
|-ability|p2a: God is always good|Intimidate|boost
|-unboost|p1a: Deoxys|atk|1
|turn|1
|
|t:|1760813823
|switch|p2a: SteinBahn|Tyranitar, M, shiny|100/100
|-weather|Sandstorm|[from] ability: Sand Stream|[of] p2a: SteinBahn
|move|p1a: Deoxys|Ice Beam|p2a: SteinBahn
|-damage|p2a: SteinBahn|90/100
|-damage|p1a: Deoxys|91/100|[from] item: Life Orb
|
|-weather|Sandstorm|[upkeep]
|-damage|p1a: Deoxys|84/100|[from] Sandstorm
|upkeep
|turn|2
|
|t:|1760813831
|switch|p2a: I AM PRESSURE|Corviknight, F|100/100
|-ability|p2a: I AM PRESSURE|Pressure
|move|p1a: Deoxys|Spikes|p2a: I AM PRESSURE
|-sidestart|p2: pepinoloko|Spikes
|
|-weather|Sandstorm|[upkeep]
|-damage|p1a: Deoxys|78/100|[from] Sandstorm
|upkeep
|turn|3
|
|t:|1760813837
|move|p1a: Deoxys|Ice Beam|p2a: I AM PRESSURE
|-damage|p2a: I AM PRESSURE|73/100
|-status|p2a: I AM PRESSURE|frz
|-damage|p1a: Deoxys|68/100|[from] item: Life Orb
|cant|p2a: I AM PRESSURE|frz
|
|-weather|Sandstorm|[upkeep]
|-damage|p1a: Deoxys|62/100|[from] Sandstorm
|upkeep
|turn|4
|
|t:|1760813846
|switch|p1a: Kleavor|Kleavor, M|100/100
|-curestatus|p2a: I AM PRESSURE|frz|[msg]
|move|p2a: I AM PRESSURE|Roost|p2a: I AM PRESSURE
|-heal|p2a: I AM PRESSURE|100/100
|-singleturn|p2a: I AM PRESSURE|move: Roost
|
|-weather|Sandstorm|[upkeep]
|upkeep
|turn|5
|
|t:|1760813856
|switch|p1a: Skeledirge|Skeledirge, F|100/100
|move|p2a: I AM PRESSURE|Body Press|p1a: Skeledirge
|-immune|p1a: Skeledirge
|
|-weather|none
|upkeep
|turn|6
|
|t:|1760813863
|move|p2a: I AM PRESSURE|U-turn|p1a: Skeledirge
|-resisted|p1a: Skeledirge
|-damage|p1a: Skeledirge|98/100
|
|t:|1760813866
|switch|p2a: I U-turn on U|Cinderace, M|100/100|[from] U-turn
|move|p1a: Skeledirge|Will-O-Wisp|p2a: I U-turn on U
|-immune|p2a: I U-turn on U
|
|upkeep
|turn|7
|
|t:|1760813870
|move|p2a: I U-turn on U|Court Change|p2a: I U-turn on U
|-start|p2a: I U-turn on U|typechange|Normal|[from] ability: Libero
|-swapsideconditions
|-activate|p2a: I U-turn on U|move: Court Change
|move|p1a: Skeledirge|Shadow Ball|p2a: I U-turn on U
|-immune|p2a: I U-turn on U
|
|upkeep
|turn|8
|
|t:|1760813873
|move|p2a: I U-turn on U|U-turn|p1a: Skeledirge
|-resisted|p1a: Skeledirge
|-damage|p1a: Skeledirge|93/100
|
|t:|1760813876
|switch|p2a: Return to him|Hatterene, F, shiny|100/100|[from] U-turn
|move|p1a: Skeledirge|Torch Song|p2a: Return to him
|-crit|p2a: Return to him
|-damage|p2a: Return to him|73/100
|-boost|p1a: Skeledirge|spa|1
|
|upkeep
|turn|9
|
|t:|1760813880
|move|p1a: Skeledirge|Shadow Ball|p2a: Return to him
|-supereffective|p2a: Return to him
|-damage|p2a: Return to him|20/100
|move|p2a: Return to him|Nuzzle|p1a: Skeledirge
|-damage|p1a: Skeledirge|89/100
|-status|p1a: Skeledirge|par
|
|upkeep
|turn|10
|
|t:|1760813885
|move|p2a: Return to him|Future Sight|p1a: Skeledirge
|-start|p2a: Return to him|move: Future Sight
|cant|p1a: Skeledirge|par
|
|upkeep
|turn|11
|
|t:|1760813887
|move|p2a: Return to him|Psyshock|p1a: Skeledirge
|-damage|p1a: Skeledirge|57/100 par
|move|p1a: Skeledirge|Torch Song|p2a: Return to him
|-damage|p2a: Return to him|0 fnt
|-boost|p1a: Skeledirge|spa|1
|faint|p2a: Return to him
|
|upkeep
|
|t:|1760813899
|switch|p2a: Steinbrecher|Conkeldurr, F, shiny|100/100
|turn|12
|
|t:|1760813908
|-terastallize|p1a: Skeledirge|Fairy
|move|p2a: Steinbrecher|Knock Off|p1a: Skeledirge
|-resisted|p1a: Skeledirge
|-damage|p1a: Skeledirge|41/100 par
|-enditem|p1a: Skeledirge|Heavy-Duty Boots|[from] move: Knock Off|[of] p2a: Steinbrecher
|cant|p1a: Skeledirge|par
|
|-end|p1a: Skeledirge|move: Future Sight
|-damage|p1a: Skeledirge|0 fnt
|faint|p1a: Skeledirge
|-status|p2a: Steinbrecher|brn|[from] item: Flame Orb
|upkeep
|
|t:|1760813917
|switch|p1a: Latios|Latios, M|100/100
|turn|13
|
|t:|1760813921
|switch|p2a: SteinBahn|Tyranitar, M, shiny|90/100
|-weather|Sandstorm|[from] ability: Sand Stream|[of] p2a: SteinBahn
|move|p1a: Latios|Luster Purge|p2a: SteinBahn
|-immune|p2a: SteinBahn
|
|-weather|Sandstorm|[upkeep]
|-damage|p1a: Latios|95/100|[from] Sandstorm
|upkeep
|turn|14
|
|t:|1760813925
|move|p1a: Latios|Aura Sphere|p2a: SteinBahn
|-supereffective|p2a: SteinBahn
|-damage|p2a: SteinBahn|39/100
|move|p2a: SteinBahn|Knock Off|p1a: Latios
|-supereffective|p1a: Latios
|-damage|p1a: Latios|0 fnt
|-enditem|p1a: Latios|Expert Belt|[from] move: Knock Off|[of] p2a: SteinBahn
|faint|p1a: Latios
|
|-weather|Sandstorm|[upkeep]
|upkeep
|
|t:|1760813930
|switch|p1a: Deoxys|Deoxys-Speed|62/100
|-damage|p1a: Deoxys|49/100|[from] Spikes
|-ability|p1a: Deoxys|Pressure
|turn|15
|
|t:|1760813933
|move|p1a: Deoxys|Superpower|p2a: SteinBahn
|-supereffective|p2a: SteinBahn
|-damage|p2a: SteinBahn|0 fnt
|-unboost|p1a: Deoxys|atk|1
|-unboost|p1a: Deoxys|def|1
|faint|p2a: SteinBahn
|-damage|p1a: Deoxys|40/100|[from] item: Life Orb
|
|-weather|Sandstorm|[upkeep]
|-damage|p1a: Deoxys|33/100|[from] Sandstorm
|upkeep
|
|t:|1760813937
|switch|p2a: Steinbrecher|Conkeldurr, F, shiny|100/100 brn
|turn|16
|
|t:|1760813940
|move|p2a: Steinbrecher|Mach Punch|p1a: Deoxys
|-resisted|p1a: Deoxys
|-damage|p1a: Deoxys|0 fnt
|faint|p1a: Deoxys
|
|-weather|Sandstorm|[upkeep]
|-damage|p2a: Steinbrecher|95/100 brn|[from] Sandstorm
|-damage|p2a: Steinbrecher|89/100 brn|[from] brn
|upkeep
|
|t:|1760813946
|switch|p1a: Ogerpon|Ogerpon-Wellspring, F|100/100
|-damage|p1a: Ogerpon|88/100|[from] Spikes
|turn|17
|
|t:|1760813950
|switch|p2a: I AM PRESSURE|Corviknight, F|100/100
|-ability|p2a: I AM PRESSURE|Pressure
|move|p1a: Ogerpon|Ivy Cudgel|p2a: I AM PRESSURE|[anim] Ivy Cudgel Water
|-damage|p2a: I AM PRESSURE|56/100
|
|-weather|none
|upkeep
|turn|18
|
|t:|1760813957
|move|p1a: Ogerpon|Ivy Cudgel|p2a: I AM PRESSURE|[anim] Ivy Cudgel Water
|-damage|p2a: I AM PRESSURE|11/100
|move|p2a: I AM PRESSURE|U-turn|p1a: Ogerpon
|-supereffective|p1a: Ogerpon
|-damage|p1a: Ogerpon|53/100
|
|t:|1760813959
|switch|p2a: I U-turn on U|Cinderace, M|100/100|[from] U-turn
|
|upkeep
|turn|19
|
|t:|1760813964
|switch|p1a: Kleavor|Kleavor, M|100/100
|-damage|p1a: Kleavor|88/100|[from] Spikes
|move|p2a: I U-turn on U|U-turn|p1a: Kleavor
|-start|p2a: I U-turn on U|typechange|Bug|[from] ability: Libero
|-damage|p1a: Kleavor|43/100
|
|t:|1760813968
|switch|p2a: God is always good|Landorus-Therian, M|100/100|[from] U-turn
|-ability|p2a: God is always good|Intimidate|boost
|-unboost|p1a: Kleavor|atk|1
|
|upkeep
|turn|20
|
|t:|1760813971
|move|p2a: God is always good|Earthquake|p1a: Kleavor
|-damage|p1a: Kleavor|0 fnt
|faint|p1a: Kleavor
|
|upkeep
|
|t:|1760813978
|switch|p1a: Kingambit|Kingambit, M|100/100
|-activate|p1a: Kingambit|ability: Supreme Overlord
|-start|p1a: Kingambit|fallen4|[silent]
|-item|p1a: Kingambit|Air Balloon
|turn|21
|
|t:|1760813982
|switch|p2a: I U-turn on U|Cinderace, M|100/100
|move|p1a: Kingambit|Swords Dance|p1a: Kingambit
|-boost|p1a: Kingambit|atk|2
|
|upkeep
|turn|22
|
|t:|1760813989
|move|p2a: I U-turn on U|Sucker Punch|p1a: Kingambit
|-start|p2a: I U-turn on U|typechange|Dark|[from] ability: Libero
|-resisted|p1a: Kingambit
|-damage|p1a: Kingambit|87/100
|-enditem|p1a: Kingambit|Air Balloon
|move|p1a: Kingambit|Sucker Punch||[still]
|-fail|p1a: Kingambit
|
|upkeep
|turn|23
|
|t:|1760813993
|move|p1a: Kingambit|Sucker Punch|p2a: I U-turn on U
|-resisted|p2a: I U-turn on U
|-damage|p2a: I U-turn on U|24/100
|move|p2a: I U-turn on U|Pyro Ball|p1a: Kingambit
|-supereffective|p1a: Kingambit
|-damage|p1a: Kingambit|27/100
|
|upkeep
|turn|24
|
|t:|1760813999
|move|p2a: I U-turn on U|Sucker Punch||[still]
|-fail|p2a: I U-turn on U
|move|p1a: Kingambit|Swords Dance|p1a: Kingambit
|-boost|p1a: Kingambit|atk|2
|
|upkeep
|turn|25
|
|t:|1760814002
|move|p2a: I U-turn on U|Sucker Punch||[still]
|-fail|p2a: I U-turn on U
|move|p1a: Kingambit|Swords Dance|p1a: Kingambit
|-boost|p1a: Kingambit|atk|2
|
|upkeep
|turn|26
|
|t:|1760814004
|move|p1a: Kingambit|Sucker Punch|p2a: I U-turn on U
|-resisted|p2a: I U-turn on U
|-damage|p2a: I U-turn on U|0 fnt
|faint|p2a: I U-turn on U
|
|upkeep
|
|t:|1760814007
|switch|p2a: Steinbrecher|Conkeldurr, F, shiny|89/100 brn
|turn|27
|
|t:|1760814010
|switch|p2a: I AM PRESSURE|Corviknight, F|11/100
|-ability|p2a: I AM PRESSURE|Pressure
|move|p1a: Kingambit|Sucker Punch||[still]
|-fail|p1a: Kingambit
|
|upkeep
|turn|28
|
|t:|1760814018
|move|p2a: I AM PRESSURE|Body Press|p1a: Kingambit
|-supereffective|p1a: Kingambit
|-damage|p1a: Kingambit|0 fnt
|faint|p1a: Kingambit
|-end|p1a: Kingambit|fallen4|[silent]
|
|upkeep
|
|t:|1760814020
|switch|p1a: Ogerpon|Ogerpon-Wellspring, F|53/100
|-damage|p1a: Ogerpon|41/100|[from] Spikes
|turn|29
|
|t:|1760814022
|move|p1a: Ogerpon|Ivy Cudgel|p2a: I AM PRESSURE|[anim] Ivy Cudgel Water
|-crit|p2a: I AM PRESSURE
|-damage|p2a: I AM PRESSURE|0 fnt
|faint|p2a: I AM PRESSURE
|
|upkeep
|-message|azeard forfeited.
|
|win|pepinoloko
|raw|azeard's rating: 1557 &rarr; <strong>1535</strong><br />(-22 for losing)
|raw|pepinoloko's rating: 1517 &rarr; <strong>1539</strong><br />(+22 for winning)
|l|☆azeard
|player|p1|
|l|☆pepinoloko
|player|p2|
