|j|☆insaneprefire
|j|☆Amoroc
|t:|1760795619
|gametype|singles
|player|p1|insaneprefire|boarder|1384
|player|p2|Amoroc|hiker|1385
|gen|9
|tier|[Gen 9] OU
|rated|
|rule|HP Percentage Mod: HP is shown in percentages
|rule|Endless Battle Clause: Forcing endless battles is banned
|rule|Species Clause: Limit one of each Pokémon
|rule|OHKO Clause: OHKO moves are banned
|rule|Evasion Items Clause: Evasion items are banned
|rule|Evasion Moves Clause: Evasion moves are banned
|rule|Evasion Abilities Clause: Evasion abilities are banned
|rule|Sleep Moves Clause: Sleep-inducing moves are banned
|clearpoke
|poke|p1|Zapdos|
|poke|p1|Ogerpon-Wellspring, F|
|poke|p1|Gholdengo|
|poke|p1|Kingambit, M|
|poke|p1|Great Tusk|
|poke|p1|Ting-Lu|
|poke|p2|Golem, F|
|poke|p2|Gyarados, M|
|poke|p2|Galvantula, M|
|poke|p2|Primeape, F|
|poke|p2|Furret, M|
|poke|p2|Gothitelle, M|
|teampreview
|
|t:|1760795641
|teamsize|p1|6
|teamsize|p2|6
|start
|switch|p1a: Zapdos|Zapdos|100/100
|switch|p2a: Statitik|Galvantula, M|100/100
|turn|1
|inactive|Battle timer is ON: inactive players will automatically lose when time's up. (requested by insaneprefire)
|
|t:|1760795647
|move|p1a: Zapdos|Hurricane|p2a: Statitik
|-crit|p2a: Statitik
|-enditem|p2a: Statitik|Focus Sash
|-damage|p2a: Statitik|1/100
|move|p2a: Statitik|Sticky Web|p1a: Zapdos
|-sidestart|p1: insaneprefire|move: Sticky Web
|
|upkeep
|turn|2
|
|t:|1760795656
|switch|p1a: Great Tusk|Great Tusk|100/100
|-activate|p1a: Great Tusk|move: Sticky Web
|-unboost|p1a: Great Tusk|spe|1
|-enditem|p1a: Great Tusk|Booster Energy
|-activate|p1a: Great Tusk|ability: Protosynthesis|[fromitem]
|-start|p1a: Great Tusk|protosynthesisatk
|switch|p2a: BouleQuiRoule|Golem, F|100/100
|
|upkeep
|turn|3
|
|t:|1760795672
|switch|p2a: Leviatheub|Gyarados, M|100/100
|move|p1a: Great Tusk|Rapid Spin|p2a: Leviatheub
|-damage|p2a: Leviatheub|72/100
|-boost|p1a: Great Tusk|spe|1
|-sideend|p1: insaneprefire|Sticky Web|[from] move: Rapid Spin|[of] p1a: Great Tusk
|
|upkeep
|turn|4
|inactive|insaneprefire has 120 seconds left.
|inactive|insaneprefire has 90 seconds left.
|
|t:|1760795736
|-end|p1a: Great Tusk|Protosynthesis|[silent]
|switch|p1a: Ogerpon|Ogerpon-Wellspring, F|100/100
|move|p2a: Leviatheub|Dragon Dance|p2a: Leviatheub
|-boost|p2a: Leviatheub|atk|1
|-boost|p2a: Leviatheub|spe|1
|
|upkeep
|turn|5
|
|t:|1760795750
|move|p2a: Leviatheub|Stone Edge|p1a: Ogerpon
|-damage|p1a: Ogerpon|10/100
|-damage|p2a: Leviatheub|62/100|[from] item: Life Orb
|move|p1a: Ogerpon|Trailblaze|p2a: Leviatheub
|-damage|p2a: Leviatheub|21/100
|-boost|p1a: Ogerpon|spe|1
|
|upkeep
|turn|6
|
|t:|1760795761
|move|p1a: Ogerpon|Trailblaze|p2a: Leviatheub
|-damage|p2a: Leviatheub|0 fnt
|-boost|p1a: Ogerpon|spe|1
|faint|p2a: Leviatheub
|
|upkeep
|
|t:|1760795775
|switch|p2a: BouleQuiRoule|Golem, F|100/100
|turn|7
|
|t:|1760795782
|-terastallize|p2a: BouleQuiRoule|Grass
|move|p1a: Ogerpon|Ivy Cudgel|p2a: BouleQuiRoule|[anim] Ivy Cudgel Water
|-resisted|p2a: BouleQuiRoule
|-damage|p2a: BouleQuiRoule|84/100
|move|p2a: BouleQuiRoule|Body Press|p1a: Ogerpon
|-damage|p1a: Ogerpon|0 fnt
|faint|p1a: Ogerpon
|
|-heal|p2a: BouleQuiRoule|90/100|[from] item: Leftovers
|upkeep
|
|t:|1760795798
|switch|p1a: Zapdos|Zapdos|100/100
|turn|8
|
|t:|1760795824
|switch|p2a: Statitik|Galvantula, M|1/100
|move|p1a: Zapdos|Volt Switch|p2a: Statitik
|-resisted|p2a: Statitik
|-damage|p2a: Statitik|0 fnt
|faint|p2a: Statitik
|
|t:|1760795830
|switch|p1a: Ting-Lu|Ting-Lu|100/100|[from] Volt Switch
|-ability|p1a: Ting-Lu|Vessel of Ruin
|
|upkeep
|
|t:|1760795836
|switch|p2a: Angrysinge|Primeape, F|100/100
|turn|9
|
|t:|1760795843
|move|p1a: Ting-Lu|Protect|p1a: Ting-Lu
|-singleturn|p1a: Ting-Lu|Protect
|move|p2a: Angrysinge|Bulk Up|p2a: Angrysinge
|-boost|p2a: Angrysinge|atk|1
|-boost|p2a: Angrysinge|def|1
|
|upkeep
|turn|10
|
|t:|1760795848
|move|p2a: Angrysinge|Encore|p1a: Ting-Lu
|-start|p1a: Ting-Lu|Encore
|move|p1a: Ting-Lu|Protect||[still]
|-fail|p1a: Ting-Lu
|
|upkeep
|turn|11
|
|t:|1760795856
|switch|p1a: Zapdos|Zapdos|100/100
|move|p2a: Angrysinge|Bulk Up|p2a: Angrysinge
|-boost|p2a: Angrysinge|atk|1
|-boost|p2a: Angrysinge|def|1
|
|upkeep
|turn|12
|
|t:|1760795863
|move|p1a: Zapdos|Hurricane|p2a: Angrysinge
|-supereffective|p2a: Angrysinge
|-damage|p2a: Angrysinge|0 fnt
|faint|p2a: Angrysinge
|
|upkeep
|
|t:|1760795869
|switch|p2a: La Fouette|Furret, M|100/100
|-item|p1a: Zapdos|Choice Scarf|[from] ability: Frisk|[of] p2a: La Fouette
|turn|13
|
|t:|1760795877
|switch|p1a: Gholdengo|Gholdengo|100/100
|move|p2a: La Fouette|Tidy Up|p2a: La Fouette
|-boost|p2a: La Fouette|atk|1
|-boost|p2a: La Fouette|spe|1
|
|upkeep
|turn|14
|
|t:|1760795885
|switch|p2a: BouleQuiRoule|Golem, F, tera:Grass|90/100
|move|p1a: Gholdengo|Make It Rain|p2a: BouleQuiRoule
|-damage|p2a: BouleQuiRoule|0 fnt
|-unboost|p1a: Gholdengo|spa|1
|faint|p2a: BouleQuiRoule
|
|upkeep
|
|t:|1760795892
|switch|p2a: Mesmérella|Gothitelle, M|100/100
|turn|15
|
|t:|1760795896
|move|p1a: Gholdengo|Make It Rain|p2a: Mesmérella
|-damage|p2a: Mesmérella|38/100
|-unboost|p1a: Gholdengo|spa|1
|move|p2a: Mesmérella|Thunderbolt|p1a: Gholdengo
|-damage|p1a: Gholdengo|70/100
|
|-heal|p2a: Mesmérella|44/100|[from] item: Leftovers
|upkeep
|turn|16
|
|t:|1760795907
|switch|p1a: Great Tusk|Great Tusk|100/100
|move|p2a: Mesmérella|Calm Mind|p2a: Mesmérella
|-boost|p2a: Mesmérella|spa|1
|-boost|p2a: Mesmérella|spd|1
|
|-heal|p2a: Mesmérella|50/100|[from] item: Leftovers
|upkeep
|turn|17
|
|t:|1760795916
|move|p1a: Great Tusk|Headlong Rush|p2a: Mesmérella
|-damage|p2a: Mesmérella|0 fnt
|-unboost|p1a: Great Tusk|def|1
|-unboost|p1a: Great Tusk|spd|1
|faint|p2a: Mesmérella
|
|upkeep
|
|t:|1760795921
|switch|p2a: La Fouette|Furret, M|100/100
|turn|18
|
|t:|1760795925
|move|p2a: La Fouette|Last Resort||[still]
|-fail|p2a: La Fouette
|move|p1a: Great Tusk|Close Combat|p2a: La Fouette
|-supereffective|p2a: La Fouette
|-damage|p2a: La Fouette|0 fnt
|-unboost|p1a: Great Tusk|def|1
|-unboost|p1a: Great Tusk|spd|1
|faint|p2a: La Fouette
|
|win|insaneprefire
|raw|insaneprefire's rating: 1384 &rarr; <strong>1404</strong><br />(+20 for winning)
|raw|Amoroc's rating: 1385 &rarr; <strong>1365</strong><br />(-20 for losing)
|l|☆insaneprefire
|player|p1|
|l|☆Amoroc
|player|p2|
