|j|☆NebulaTrainer
|j|☆cr aries
|t:|1760891218
|gametype|singles
|player|p1|NebulaTrainer|cynthia-gen4|1643
|player|p2|cr aries|1|1676
|gen|9
|tier|[Gen 9] OU
|rated|
|rule|HP Percentage Mod: HP is shown in percentages
|rule|Endless Battle Clause: Forcing endless battles is banned
|rule|Species Clause: Limit one of each Pokémon
|rule|OHKO Clause: OHKO moves are banned
|rule|Evasion Items Clause: Evasion items are banned
|rule|Evasion Moves Clause: Evasion moves are banned
|rule|Evasion Abilities Clause: Evasion abilities are banned
|rule|Sleep Moves Clause: Sleep-inducing moves are banned
|clearpoke
|poke|p1|Hippowdon, M|
|poke|p1|Excadrill, M|
|poke|p1|Hydrapple, F|
|poke|p1|Tornadus-Therian, M|
|poke|p1|Heatran, F|
|poke|p1|Keldeo-Resolute|
|poke|p2|Weavile, M|
|poke|p2|Gholdengo|
|poke|p2|Slowking-Galar, F|
|poke|p2|Corviknight, F|
|poke|p2|Sandy Shocks|
|poke|p2|Heatran, M|
|teampreview
|inactive|Battle timer is ON: inactive players will automatically lose when time's up. (requested by cr aries)
|j| Puyu Paz
|inactive|NebulaTrainer has 120 seconds left.
|
|t:|1760891297
|teamsize|p1|6
|teamsize|p2|6
|start
|switch|p1a: Keldeo|Keldeo-Resolute|100/100
|switch|p2a: Slowking|Slowking-Galar, F|100/100
|turn|1
|
|t:|1760891306
|move|p1a: Keldeo|Flip Turn|p2a: Slowking
|-crit|p2a: Slowking
|-damage|p2a: Slowking|79/100
|
|t:|1760891327
|switch|p1a: Heatran|Heatran, F, shiny|100/100|[from] Flip Turn
|move|p2a: Slowking|Toxic Spikes|p1a: Heatran
|-sidestart|p1: NebulaTrainer|move: Toxic Spikes
|
|upkeep
|turn|2
|
|t:|1760891335
|move|p1a: Heatran|Magma Storm|p2a: Slowking
|-damage|p2a: Slowking|55/100
|-activate|p2a: Slowking|move: Magma Storm|[of] p1a: Heatran
|-prepare|p2a: Slowking|Chilly Reception|[premajor]
|move|p2a: Slowking|Chilly Reception|p2a: Slowking
|-weather|Snowscape
|
|t:|1760891342
|switch|p2a: Weavile|Weavile, M|100/100|[from] Chilly Reception
|
|-weather|Snowscape|[upkeep]
|upkeep
|turn|3
|
|t:|1760891347
|move|p1a: Heatran|Protect|p1a: Heatran
|-singleturn|p1a: Heatran|Protect
|move|p2a: Weavile|Low Kick|p1a: Heatran
|-activate|p1a: Heatran|move: Protect
|
|-weather|Snowscape|[upkeep]
|upkeep
|turn|4
|
|t:|1760891355
|switch|p1a: Tornadus|Tornadus-Therian, M, shiny|100/100
|move|p2a: Weavile|Knock Off|p1a: Tornadus
|-crit|p1a: Tornadus
|-damage|p1a: Tornadus|18/100
|-enditem|p1a: Tornadus|Assault Vest|[from] move: Knock Off|[of] p2a: Weavile
|
|-weather|Snowscape|[upkeep]
|upkeep
|turn|5
|
|t:|1760891364
|move|p2a: Weavile|Knock Off|p1a: Tornadus
|-damage|p1a: Tornadus|0 fnt
|faint|p1a: Tornadus
|
|-weather|Snowscape|[upkeep]
|upkeep
|
|t:|1760891377
|switch|p1a: Heatran|Heatran, F, shiny|100/100
|turn|6
|
|t:|1760891381
|switch|p2a: Heatran|Heatran, M|100/100
|move|p1a: Heatran|Magma Storm|p2a: Heatran
|-start|p2a: Heatran|ability: Flash Fire
|
|-weather|none
|upkeep
|turn|7
|
|t:|1760891389
|move|p1a: Heatran|Earth Power|p2a: Heatran
|-supereffective|p2a: Heatran
|-damage|p2a: Heatran|8/100
|move|p2a: Heatran|Magma Storm|p1a: Heatran
|-start|p1a: Heatran|ability: Flash Fire
|
|-heal|p2a: Heatran|14/100|[from] item: Leftovers
|upkeep
|turn|8
|
|t:|1760891399
|move|p2a: Heatran|Protect|p2a: Heatran
|-singleturn|p2a: Heatran|Protect
|move|p1a: Heatran|Earth Power|p2a: Heatran
|-activate|p2a: Heatran|move: Protect
|
|-heal|p2a: Heatran|21/100|[from] item: Leftovers
|upkeep
|turn|9
|
|t:|1760891408
|move|p2a: Heatran|Stealth Rock|p1a: Heatran
|-sidestart|p1: NebulaTrainer|move: Stealth Rock
|move|p1a: Heatran|Earth Power|p2a: Heatran
|-supereffective|p2a: Heatran
|-damage|p2a: Heatran|0 fnt
|faint|p2a: Heatran
|
|upkeep
|
|t:|1760891411
|switch|p2a: Slowking|Slowking-Galar, F|88/100
|turn|10
|
|t:|1760891421
|move|p1a: Heatran|Magma Storm|p2a: Slowking
|-damage|p2a: Slowking|47/100
|-activate|p2a: Slowking|move: Magma Storm|[of] p1a: Heatran
|-prepare|p2a: Slowking|Chilly Reception|[premajor]
|move|p2a: Slowking|Chilly Reception|p2a: Slowking
|-weather|Snowscape
|
|t:|1760891433
|switch|p2a: Weavile|Weavile, M|100/100|[from] Chilly Reception
|
|-weather|Snowscape|[upkeep]
|upkeep
|turn|11
|
|t:|1760891445
|move|p1a: Heatran|Protect|p1a: Heatran
|-singleturn|p1a: Heatran|Protect
|move|p2a: Weavile|Low Kick|p1a: Heatran
|-activate|p1a: Heatran|move: Protect
|
|-weather|Snowscape|[upkeep]
|upkeep
|turn|12
|
|t:|1760891458
|switch|p2a: Slowking|Slowking-Galar, F|81/100
|move|p1a: Heatran|Magma Storm|p2a: Slowking
|-damage|p2a: Slowking|44/100
|-activate|p2a: Slowking|move: Magma Storm|[of] p1a: Heatran
|
|-weather|Snowscape|[upkeep]
|-damage|p2a: Slowking|32/100|[from] move: Magma Storm|[partiallytrapped]
|upkeep
|turn|13
|
|t:|1760891467
|move|p1a: Heatran|Taunt|p2a: Slowking
|-start|p2a: Slowking|move: Taunt
|-prepare|p2a: Slowking|Chilly Reception|[premajor]
|cant|p2a: Slowking|move: Taunt|Chilly Reception
|
|-weather|Snowscape|[upkeep]
|-damage|p2a: Slowking|19/100|[from] move: Magma Storm|[partiallytrapped]
|upkeep
|turn|14
|
|t:|1760891475
|move|p1a: Heatran|Earth Power|p2a: Slowking
|-supereffective|p2a: Slowking
|-damage|p2a: Slowking|0 fnt
|faint|p2a: Slowking
|
|-weather|none
|upkeep
|
|t:|1760891484
|switch|p2a: Weavile|Weavile, M|100/100
|turn|15
|
|t:|1760891494
|move|p2a: Weavile|Knock Off|p1a: Heatran
|-damage|p1a: Heatran|60/100
|-enditem|p1a: Heatran|Leftovers|[from] move: Knock Off|[of] p2a: Weavile
|move|p1a: Heatran|Magma Storm|p2a: Weavile
|-supereffective|p2a: Weavile
|-damage|p2a: Weavile|0 fnt
|faint|p2a: Weavile
|
|upkeep
|
|t:|1760891508
|switch|p2a: Sandy Shocks|Sandy Shocks|100/100
|-enditem|p2a: Sandy Shocks|Booster Energy
|-activate|p2a: Sandy Shocks|ability: Protosynthesis|[fromitem]
|-start|p2a: Sandy Shocks|protosynthesisspe
|turn|16
|
|t:|1760891513
|move|p1a: Heatran|Protect|p1a: Heatran
|-singleturn|p1a: Heatran|Protect
|move|p2a: Sandy Shocks|Earth Power|p1a: Heatran
|-activate|p1a: Heatran|move: Protect
|
|upkeep
|turn|17
|
|t:|1760891526
|move|p2a: Sandy Shocks|Earth Power|p1a: Heatran
|-supereffective|p1a: Heatran
|-damage|p1a: Heatran|0 fnt
|faint|p1a: Heatran
|
|upkeep
|
|t:|1760891540
|switch|p1a: Keldeo|Keldeo-Resolute|100/100
|-status|p1a: Keldeo|psn
|-damage|p1a: Keldeo|94/100 psn|[from] Stealth Rock
|turn|18
|
|t:|1760891545
|-end|p2a: Sandy Shocks|Protosynthesis|[silent]
|switch|p2a: Corviknight|Corviknight, F|100/100
|-ability|p2a: Corviknight|Pressure
|move|p1a: Keldeo|Hydro Pump|p2a: Corviknight|[miss]
|-miss|p1a: Keldeo|p2a: Corviknight
|
|-damage|p1a: Keldeo|82/100 psn|[from] psn
|upkeep
|turn|19
|
|t:|1760891555
|switch|p1a: Excadrill|Excadrill, M, shiny|100/100
|-damage|p1a: Excadrill|97/100|[from] Stealth Rock
|move|p2a: Corviknight|U-turn|p1a: Excadrill
|-resisted|p1a: Excadrill
|-damage|p1a: Excadrill|87/100
|
|t:|1760891557
|switch|p2a: Sandy Shocks|Sandy Shocks|100/100|[from] U-turn
|
|-heal|p1a: Excadrill|93/100|[from] item: Leftovers
|upkeep
|turn|20
|
|t:|1760891568
|switch|p1a: Hydrapple|Hydrapple, F|100/100
|move|p2a: Sandy Shocks|Earth Power|p1a: Hydrapple
|-resisted|p1a: Hydrapple
|-damage|p1a: Hydrapple|79/100
|
|upkeep
|turn|21
|
|t:|1760891577
|switch|p1a: Keldeo|Keldeo-Resolute|82/100 psn
|-damage|p1a: Keldeo|76/100 psn|[from] Stealth Rock
|-terastallize|p2a: Sandy Shocks|Ice
|move|p2a: Sandy Shocks|Tera Blast|p1a: Keldeo|[anim] Tera Blast Ice
|-resisted|p1a: Keldeo
|-damage|p1a: Keldeo|53/100 psn
|
|-damage|p1a: Keldeo|40/100 psn|[from] psn
|upkeep
|turn|22
|
|t:|1760891583
|-end|p2a: Sandy Shocks|Protosynthesis|[silent]
|switch|p2a: Gholdengo|Gholdengo|100/100
|move|p1a: Keldeo|Hydro Pump|p2a: Gholdengo|[miss]
|-miss|p1a: Keldeo|p2a: Gholdengo
|
|-damage|p1a: Keldeo|28/100 psn|[from] psn
|upkeep
|turn|23
|
|t:|1760891591
|move|p1a: Keldeo|Hydro Pump|p2a: Gholdengo
|-damage|p2a: Gholdengo|16/100
|move|p2a: Gholdengo|Shadow Ball|p1a: Keldeo
|-damage|p1a: Keldeo|0 fnt
|faint|p1a: Keldeo
|
|upkeep
|
|t:|1760891602
|switch|p1a: Hydrapple|Hydrapple, F|100/100
|turn|24
|
|t:|1760891607
|move|p2a: Gholdengo|Recover|p2a: Gholdengo
|-heal|p2a: Gholdengo|66/100
|move|p1a: Hydrapple|Nasty Plot|p1a: Hydrapple
|-boost|p1a: Hydrapple|spa|2
|
|upkeep
|turn|25
|
|t:|1760891615
|move|p2a: Gholdengo|Shadow Ball|p1a: Hydrapple
|-damage|p1a: Hydrapple|67/100
|move|p1a: Hydrapple|Fickle Beam|p2a: Gholdengo
|-resisted|p2a: Gholdengo
|-damage|p2a: Gholdengo|24/100
|
|upkeep
|turn|26
|
|t:|1760891623
|move|p2a: Gholdengo|Recover|p2a: Gholdengo
|-heal|p2a: Gholdengo|74/100
|move|p1a: Hydrapple|Giga Drain|p2a: Gholdengo
|-resisted|p2a: Gholdengo
|-damage|p2a: Gholdengo|37/100
|-heal|p1a: Hydrapple|84/100|[from] drain|[of] p2a: Gholdengo
|
|upkeep
|turn|27
|
|t:|1760891631
|move|p2a: Gholdengo|Shadow Ball|p1a: Hydrapple
|-crit|p1a: Hydrapple
|-damage|p1a: Hydrapple|32/100
|move|p1a: Hydrapple|Earth Power|p2a: Gholdengo
|-supereffective|p2a: Gholdengo
|-damage|p2a: Gholdengo|0 fnt
|faint|p2a: Gholdengo
|
|upkeep
|
|t:|1760891640
|switch|p2a: Corviknight|Corviknight, F|100/100
|-ability|p2a: Corviknight|Pressure
|turn|28
|
|t:|1760891646
|switch|p1a: Hippowdon|Hippowdon, M, shiny|100/100
|-status|p1a: Hippowdon|psn
|-damage|p1a: Hippowdon|94/100 psn|[from] Stealth Rock
|-weather|Sandstorm|[from] ability: Sand Stream|[of] p1a: Hippowdon
|move|p2a: Corviknight|Brave Bird|p1a: Hippowdon
|-damage|p1a: Hippowdon|74/100 psn
|-damage|p2a: Corviknight|93/100|[from] Recoil
|
|-weather|Sandstorm|[upkeep]
|-damage|p1a: Hippowdon|61/100 psn|[from] psn
|upkeep
|turn|29
|
|t:|1760891659
|move|p2a: Corviknight|Brave Bird|p1a: Hippowdon
|-damage|p1a: Hippowdon|42/100 psn
|-damage|p2a: Corviknight|87/100|[from] Recoil
|move|p1a: Hippowdon|Stealth Rock|p2a: Corviknight
|-sidestart|p2: cr aries|move: Stealth Rock
|
|-weather|Sandstorm|[upkeep]
|-damage|p1a: Hippowdon|30/100 psn|[from] psn
|upkeep
|turn|30
|
|t:|1760891668
|move|p2a: Corviknight|Defog|p1a: Hippowdon
|-unboost|p1a: Hippowdon|evasion|1
|-sideend|p1: NebulaTrainer|Toxic Spikes|[from] move: Defog|[of] p2a: Corviknight
|-sideend|p1: NebulaTrainer|Stealth Rock|[from] move: Defog|[of] p2a: Corviknight
|-sideend|p2: cr aries|Stealth Rock|[from] move: Defog|[of] p2a: Corviknight
|move|p1a: Hippowdon|Slack Off|p1a: Hippowdon
|-heal|p1a: Hippowdon|80/100 psn
|
|-weather|Sandstorm|[upkeep]
|-damage|p1a: Hippowdon|68/100 psn|[from] psn
|upkeep
|turn|31
|
|t:|1760891678
|move|p2a: Corviknight|Brave Bird|p1a: Hippowdon
|-crit|p1a: Hippowdon
|-damage|p1a: Hippowdon|38/100 psn
|-damage|p2a: Corviknight|76/100|[from] Recoil
|move|p1a: Hippowdon|Stealth Rock|p2a: Corviknight
|-sidestart|p2: cr aries|move: Stealth Rock
|
|-weather|Sandstorm|[upkeep]
|-damage|p1a: Hippowdon|26/100 psn|[from] psn
|upkeep
|turn|32
|
|t:|1760891688
|switch|p1a: Hydrapple|Hydrapple, F|65/100
|move|p2a: Corviknight|Defog|p1a: Hydrapple
|-unboost|p1a: Hydrapple|evasion|1
|-sideend|p2: cr aries|Stealth Rock|[from] move: Defog|[of] p2a: Corviknight
|
|-weather|Sandstorm|[upkeep]
|-damage|p1a: Hydrapple|59/100|[from] Sandstorm
|upkeep
|turn|33
|
|t:|1760891697
|switch|p1a: Hippowdon|Hippowdon, M, shiny|26/100 psn
|move|p2a: Corviknight|Brave Bird|p1a: Hippowdon
|-damage|p1a: Hippowdon|7/100 psn
|-damage|p2a: Corviknight|70/100|[from] Recoil
|
|-weather|Sandstorm|[upkeep]
|-damage|p1a: Hippowdon|0 fnt|[from] psn
|faint|p1a: Hippowdon
|upkeep
|
|t:|1760891709
|switch|p1a: Hydrapple|Hydrapple, F|92/100
|turn|34
|
|t:|1760891714
|-terastallize|p1a: Hydrapple|Fairy
|move|p2a: Corviknight|Brave Bird|p1a: Hydrapple
|-damage|p1a: Hydrapple|65/100
|-damage|p2a: Corviknight|61/100|[from] Recoil
|move|p1a: Hydrapple|Nasty Plot|p1a: Hydrapple
|-boost|p1a: Hydrapple|spa|2
|
|-weather|Sandstorm|[upkeep]
|-damage|p1a: Hydrapple|59/100|[from] Sandstorm
|upkeep
|turn|35
|
|t:|1760891725
|move|p2a: Corviknight|Roost|p2a: Corviknight
|-heal|p2a: Corviknight|100/100
|-singleturn|p2a: Corviknight|move: Roost
|move|p1a: Hydrapple|Giga Drain|p2a: Corviknight
|-resisted|p2a: Corviknight
|-crit|p2a: Corviknight
|-damage|p2a: Corviknight|39/100
|-heal|p1a: Hydrapple|89/100|[from] drain|[of] p2a: Corviknight
|
|-weather|none
|upkeep
|turn|36
|
|t:|1760891735
|move|p2a: Corviknight|Brave Bird|p1a: Hydrapple
|-damage|p1a: Hydrapple|63/100
|-damage|p2a: Corviknight|30/100|[from] Recoil
|move|p1a: Hydrapple|Fickle Beam|p2a: Corviknight
|-resisted|p2a: Corviknight
|-damage|p2a: Corviknight|0 fnt
|faint|p2a: Corviknight
|
|upkeep
|
|t:|1760891740
|switch|p2a: Sandy Shocks|Sandy Shocks, tera:Ice|100/100
|turn|37
|
|t:|1760891751
|move|p2a: Sandy Shocks|Thunderbolt|p1a: Hydrapple
|-damage|p1a: Hydrapple|23/100
|move|p1a: Hydrapple|Fickle Beam|p2a: Sandy Shocks
|-damage|p2a: Sandy Shocks|0 fnt
|faint|p2a: Sandy Shocks
|-end|p2a: Sandy Shocks|Protosynthesis|[silent]
|
|win|NebulaTrainer
|raw|NebulaTrainer's rating: 1643 &rarr; <strong>1665</strong><br />(+22 for winning)
|raw|cr aries's rating: 1676 &rarr; <strong>1654</strong><br />(-22 for losing)
|l|☆cr aries
|player|p2|
|l| Puyu Paz
|l|☆NebulaTrainer
|player|p1|
