|j|☆Ulquiorra77
|j|☆trentmane6610
|t:|1760848381
|gametype|singles
|player|p1|Ulquiorra77|102|1261
|player|p2|trentmane6610|1|1303
|gen|9
|tier|[Gen 9] OU
|rated|
|rule|HP Percentage Mod: HP is shown in percentages
|rule|Endless Battle Clause: Forcing endless battles is banned
|rule|Species Clause: Limit one of each Pokémon
|rule|OHKO Clause: OHKO moves are banned
|rule|Evasion Items Clause: Evasion items are banned
|rule|Evasion Moves Clause: Evasion moves are banned
|rule|Evasion Abilities Clause: Evasion abilities are banned
|rule|Sleep Moves Clause: Sleep-inducing moves are banned
|clearpoke
|poke|p1|Garchomp, M|
|poke|p1|Greninja-*, F|
|poke|p1|Latios, M|
|poke|p1|Weezing-Galar, M|
|poke|p1|Hawlucha, M|
|poke|p1|Gliscor, F|
|poke|p2|Entei|
|poke|p2|Primarina, F|
|poke|p2|Rillaboom, F|
|poke|p2|Gholdengo|
|poke|p2|Landorus-Therian, M|
|poke|p2|Darkrai|
|teampreview
|inactive|Battle timer is ON: inactive players will automatically lose when time's up. (requested by Ulquiorra77)
|
|t:|1760848398
|teamsize|p1|6
|teamsize|p2|6
|start
|switch|p1a: Greninja|Greninja, F|100/100
|switch|p2a: Landorus|Landorus-Therian, M|100/100
|-ability|p2a: Landorus|Intimidate|boost
|-unboost|p1a: Greninja|atk|1
|turn|1
|
|t:|1760848405
|move|p1a: Greninja|Ice Beam|p2a: Landorus
|-start|p1a: Greninja|typechange|Ice|[from] ability: Protean
|-supereffective|p2a: Landorus
|-damage|p2a: Landorus|0 fnt
|faint|p2a: Landorus
|
|upkeep
|inactive|trentmane6610 has 120 seconds left.
|
|t:|1760848438
|switch|p2a: Primarina|Primarina, F|100/100
|turn|2
|
|t:|1760848442
|switch|p1a: Weezing|Weezing-Galar, M|100/100
|-fieldstart|move: Misty Terrain|[from] ability: Misty Surge|[of] p1a: Weezing
|move|p2a: Primarina|Calm Mind|p2a: Primarina
|-boost|p2a: Primarina|spa|1
|-boost|p2a: Primarina|spd|1
|
|upkeep
|turn|3
|
|t:|1760848451
|move|p2a: Primarina|Psychic|p1a: Weezing
|-supereffective|p1a: Weezing
|-damage|p1a: Weezing|23/100
|move|p1a: Weezing|Sludge Bomb|p2a: Primarina
|-supereffective|p2a: Primarina
|-damage|p2a: Primarina|71/100
|
|-heal|p2a: Primarina|77/100|[from] item: Leftovers
|upkeep
|turn|4
|
|t:|1760848466
|move|p1a: Weezing|Sludge Bomb|p2a: Primarina
|-supereffective|p2a: Primarina
|-damage|p2a: Primarina|47/100
|move|p2a: Primarina|Calm Mind|p2a: Primarina
|-boost|p2a: Primarina|spa|1
|-boost|p2a: Primarina|spd|1
|
|-heal|p2a: Primarina|53/100|[from] item: Leftovers
|upkeep
|turn|5
|
|t:|1760848475
|move|p1a: Weezing|Sludge Bomb|p2a: Primarina
|-supereffective|p2a: Primarina
|-damage|p2a: Primarina|32/100
|move|p2a: Primarina|Draining Kiss|p1a: Weezing
|-resisted|p1a: Weezing
|-damage|p1a: Weezing|1/100
|-heal|p2a: Primarina|47/100|[from] drain|[of] p1a: Weezing
|
|-heal|p2a: Primarina|53/100|[from] item: Leftovers
|upkeep
|turn|6
|
|t:|1760848485
|move|p2a: Primarina|Draining Kiss|p1a: Weezing
|-resisted|p1a: Weezing
|-damage|p1a: Weezing|0 fnt
|-heal|p2a: Primarina|54/100|[from] drain|[of] p1a: Weezing
|faint|p1a: Weezing
|
|-heal|p2a: Primarina|60/100|[from] item: Leftovers
|upkeep
|
|t:|1760848495
|switch|p1a: Garchomp|Garchomp, M|100/100
|turn|7
|
|t:|1760848500
|move|p1a: Garchomp|Poison Jab|p2a: Primarina
|-supereffective|p2a: Primarina
|-damage|p2a: Primarina|8/100
|move|p2a: Primarina|Draining Kiss|p1a: Garchomp
|-supereffective|p1a: Garchomp
|-damage|p1a: Garchomp|2/100
|-heal|p2a: Primarina|80/100|[from] drain|[of] p1a: Garchomp
|-damage|p2a: Primarina|68/100|[from] ability: Rough Skin|[of] p1a: Garchomp
|
|-heal|p2a: Primarina|74/100|[from] item: Leftovers
|upkeep
|turn|8
|
|t:|1760848518
|move|p1a: Garchomp|Poison Jab|p2a: Primarina
|-supereffective|p2a: Primarina
|-damage|p2a: Primarina|25/100
|move|p2a: Primarina|Surf|p1a: Garchomp
|-damage|p1a: Garchomp|0 fnt
|faint|p1a: Garchomp
|
|-heal|p2a: Primarina|31/100|[from] item: Leftovers
|upkeep
|
|t:|1760848523
|switch|p1a: Hawlucha|Hawlucha, M|100/100
|-enditem|p1a: Hawlucha|Misty Seed
|-boost|p1a: Hawlucha|spd|1|[from] item: Misty Seed
|turn|9
|
|t:|1760848531
|move|p1a: Hawlucha|Acrobatics|p2a: Primarina
|-damage|p2a: Primarina|0 fnt
|faint|p2a: Primarina
|
|-fieldend|Misty Terrain
|upkeep
|inactive|trentmane6610 has 120 seconds left.
|inactive|trentmane6610 has 90 seconds left.
|
|t:|1760848621
|switch|p2a: Entei|Entei|100/100
|turn|10
|inactive|trentmane6610 has 60 seconds left.
|
|t:|1760848662
|move|p1a: Hawlucha|Swords Dance|p1a: Hawlucha
|-boost|p1a: Hawlucha|atk|2
|move|p2a: Entei|Sacred Fire|p1a: Hawlucha
|-damage|p1a: Hawlucha|25/100
|-status|p1a: Hawlucha|brn
|
|-damage|p1a: Hawlucha|19/100 brn|[from] brn
|upkeep
|turn|11
|
|t:|1760848675
|move|p2a: Entei|Extreme Speed|p1a: Hawlucha
|-damage|p1a: Hawlucha|0 fnt
|faint|p1a: Hawlucha
|
|upkeep
|
|t:|1760848679
|switch|p1a: Greninja|Greninja, F|100/100
|turn|12
|inactive|trentmane6610 has 30 seconds left.
|inactive|trentmane6610 has 20 seconds left.
|
|t:|1760848713
|switch|p2a: Rillaboom|Rillaboom, F|100/100
|-fieldstart|move: Grassy Terrain|[from] ability: Grassy Surge|[of] p2a: Rillaboom
|move|p1a: Greninja|U-turn|p2a: Rillaboom
|-start|p1a: Greninja|typechange|Bug|[from] ability: Protean
|-supereffective|p2a: Rillaboom
|-damage|p2a: Rillaboom|61/100
|
|t:|1760848719
|switch|p1a: Latios|Latios, M|100/100|[from] U-turn
|
|-heal|p2a: Rillaboom|68/100|[from] Grassy Terrain
|-heal|p2a: Rillaboom|74/100|[from] item: Leftovers
|upkeep
|turn|13
|inactive|trentmane6610 has 30 seconds left.
|
|t:|1760848729
|move|p1a: Latios|Draco Meteor|p2a: Rillaboom
|-damage|p2a: Rillaboom|0 fnt
|-unboost|p1a: Latios|spa|2
|faint|p2a: Rillaboom
|
|upkeep
|inactive|trentmane6610 has 30 seconds left.
|inactive|trentmane6610 has 20 seconds left.
|inactive|trentmane6610 has 15 seconds left.
|
|t:|1760848751
|switch|p2a: Gholdengo|Gholdengo|100/100
|turn|14
|inactive|trentmane6610 has 25 seconds left this turn.
|
|t:|1760848756
|switch|p1a: Gliscor|Gliscor, F|100/100
|move|p2a: Gholdengo|Substitute|p2a: Gholdengo
|-start|p2a: Gholdengo|Substitute
|-damage|p2a: Gholdengo|76/100
|
|-heal|p2a: Gholdengo|82/100|[from] Grassy Terrain
|-heal|p2a: Gholdengo|88/100|[from] item: Leftovers
|-status|p1a: Gliscor|tox|[from] item: Toxic Orb
|upkeep
|turn|15
|inactive|trentmane6610 has 30 seconds left.
|inactive|trentmane6610 has 20 seconds left.
|inactive|trentmane6610 has 15 seconds left.
|inactive|trentmane6610 has 10 seconds left.
|inactive|trentmane6610 has 5 seconds left.
|-message|trentmane6610 lost due to inactivity.
|
|win|Ulquiorra77
|raw|Ulquiorra77's rating: 1261 &rarr; <strong>1289</strong><br />(+28 for winning)
|raw|trentmane6610's rating: 1303 &rarr; <strong>1281</strong><br />(-22 for losing)
|l|☆Ulquiorra77
|player|p1|
|l|☆trentmane6610
|player|p2|
