|j|☆Technoproz13150097
|j|☆Monfernep
|t:|1760879229
|gametype|singles
|player|p1|Technoproz13150097|acerola-masters|1210
|player|p2|Monfernep|skyla|1177
|gen|9
|tier|[Gen 9] OU
|rated|
|rule|HP Percentage Mod: HP is shown in percentages
|rule|Endless Battle Clause: Forcing endless battles is banned
|rule|Species Clause: Limit one of each Pokémon
|rule|OHKO Clause: OHKO moves are banned
|rule|Evasion Items Clause: Evasion items are banned
|rule|Evasion Moves Clause: Evasion moves are banned
|rule|Evasion Abilities Clause: Evasion abilities are banned
|rule|Sleep Moves Clause: Sleep-inducing moves are banned
|clearpoke
|poke|p1|Slowking-Galar, M|
|poke|p1|Scizor, F|
|poke|p1|Blaziken, F|
|poke|p1|Gliscor, M|
|poke|p1|Ting-Lu|
|poke|p1|Kyurem|
|poke|p2|Necrozma|
|poke|p2|Ribombee, F|
|poke|p2|Gholdengo|
|poke|p2|Ursaluna, M|
|poke|p2|Hoopa-Unbound|
|poke|p2|Avalugg, F|
|teampreview
|inactive|Battle timer is ON: inactive players will automatically lose when time's up. (requested by Technoproz13150097)
|
|t:|1760879245
|teamsize|p1|6
|teamsize|p2|6
|start
|switch|p1a: Kyurem|Kyurem|100/100
|switch|p2a: Ribombee|Ribombee, F|100/100
|-ability|p1a: Kyurem|Pressure
|turn|1
|
|t:|1760879251
|move|p2a: Ribombee|Moonblast|p1a: Kyurem
|-supereffective|p1a: Kyurem
|-damage|p1a: Kyurem|24/100
|-unboost|p1a: Kyurem|spa|1
|move|p1a: Kyurem|Dragon Dance|p1a: Kyurem
|-boost|p1a: Kyurem|atk|1
|-boost|p1a: Kyurem|spe|1
|
|upkeep
|turn|2
|
|t:|1760879258
|switch|p2a: Avalugg|Avalugg, F|100/100
|move|p1a: Kyurem|Icicle Spear|p2a: Avalugg
|-resisted|p2a: Avalugg
|-damage|p2a: Avalugg|96/100
|-resisted|p2a: Avalugg
|-damage|p2a: Avalugg|91/100
|-resisted|p2a: Avalugg
|-damage|p2a: Avalugg|86/100
|-resisted|p2a: Avalugg
|-damage|p2a: Avalugg|81/100
|-resisted|p2a: Avalugg
|-damage|p2a: Avalugg|75/100
|-hitcount|p2a: Avalugg|5
|
|upkeep
|turn|3
|
|t:|1760879270
|move|p1a: Kyurem|Earth Power|p2a: Avalugg
|-damage|p2a: Avalugg|44/100
|-unboost|p2a: Avalugg|spd|1
|move|p2a: Avalugg|Earthquake|p1a: Kyurem
|-damage|p1a: Kyurem|0 fnt
|faint|p1a: Kyurem
|
|upkeep
|
|t:|1760879282
|switch|p1a: Blaziken|Blaziken, F|100/100
|-item|p1a: Blaziken|Air Balloon
|turn|4
|
|t:|1760879289
|move|p1a: Blaziken|Swords Dance|p1a: Blaziken
|-boost|p1a: Blaziken|atk|2
|move|p2a: Avalugg|Rapid Spin|p1a: Blaziken
|-damage|p1a: Blaziken|77/100
|-boost|p2a: Avalugg|spe|1
|-enditem|p1a: Blaziken|Air Balloon
|
|-ability|p1a: Blaziken|Speed Boost|boost
|-boost|p1a: Blaziken|spe|1
|upkeep
|turn|5
|
|t:|1760879297
|-terastallize|p2a: Avalugg|Ground
|move|p1a: Blaziken|Flare Blitz|p2a: Avalugg
|-damage|p2a: Avalugg|0 fnt
|faint|p2a: Avalugg
|-damage|p1a: Blaziken|59/100|[from] Recoil
|
|-ability|p1a: Blaziken|Speed Boost|boost
|-boost|p1a: Blaziken|spe|1
|upkeep
|
|t:|1760879306
|switch|p2a: Ribombee|Ribombee, F|100/100
|turn|6
|
|t:|1760879310
|move|p1a: Blaziken|Flare Blitz|p2a: Ribombee
|-supereffective|p2a: Ribombee
|-enditem|p2a: Ribombee|Focus Sash
|-damage|p2a: Ribombee|1/100
|-damage|p1a: Blaziken|31/100|[from] Recoil
|move|p2a: Ribombee|Moonblast|p1a: Blaziken
|-damage|p1a: Blaziken|0 fnt
|faint|p1a: Blaziken
|
|upkeep
|
|t:|1760879320
|switch|p1a: Scizor|Scizor, F, shiny|100/100
|turn|7
|
|t:|1760879323
|switch|p2a: Ursaluna|Ursaluna, M|100/100
|move|p1a: Scizor|Bullet Punch|p2a: Ursaluna
|-damage|p2a: Ursaluna|68/100
|-damage|p1a: Scizor|91/100|[from] item: Life Orb
|
|-status|p2a: Ursaluna|brn|[from] item: Flame Orb
|upkeep
|turn|8
|
|t:|1760879330
|move|p1a: Scizor|Swords Dance|p1a: Scizor
|-boost|p1a: Scizor|atk|2
|move|p2a: Ursaluna|Earthquake|p1a: Scizor
|-damage|p1a: Scizor|0 fnt
|faint|p1a: Scizor
|
|-damage|p2a: Ursaluna|62/100 brn|[from] brn
|upkeep
|
|t:|1760879335
|switch|p1a: Gliscor|Gliscor, M|100/100
|turn|9
|
|t:|1760879340
|move|p1a: Gliscor|Toxic||[still]
|-fail|p1a: Gliscor
|move|p2a: Ursaluna|Facade|p1a: Gliscor
|-damage|p1a: Gliscor|21/100
|
|-damage|p2a: Ursaluna|56/100 brn|[from] brn
|-status|p1a: Gliscor|tox|[from] item: Toxic Orb
|upkeep
|turn|10
|
|t:|1760879347
|move|p1a: Gliscor|Knock Off|p2a: Ursaluna
|-damage|p2a: Ursaluna|40/100 brn
|-enditem|p2a: Ursaluna|Flame Orb|[from] move: Knock Off|[of] p1a: Gliscor
|move|p2a: Ursaluna|Facade|p1a: Gliscor
|-damage|p1a: Gliscor|0 fnt
|faint|p1a: Gliscor
|
|-damage|p2a: Ursaluna|34/100 brn|[from] brn
|upkeep
|
|t:|1760879359
|switch|p1a: Ting-Lu|Ting-Lu|100/100
|-ability|p1a: Ting-Lu|Vessel of Ruin
|turn|11
|
|t:|1760879365
|move|p2a: Ursaluna|Drain Punch|p1a: Ting-Lu
|-supereffective|p1a: Ting-Lu
|-damage|p1a: Ting-Lu|64/100
|-heal|p2a: Ursaluna|57/100 brn|[from] drain|[of] p1a: Ting-Lu
|move|p1a: Ting-Lu|Spikes|p2a: Ursaluna
|-sidestart|p2: Monfernep|Spikes
|
|-heal|p1a: Ting-Lu|71/100|[from] item: Leftovers
|-damage|p2a: Ursaluna|51/100 brn|[from] brn
|upkeep
|turn|12
|
|t:|1760879371
|move|p2a: Ursaluna|Drain Punch|p1a: Ting-Lu
|-supereffective|p1a: Ting-Lu
|-damage|p1a: Ting-Lu|37/100
|-heal|p2a: Ursaluna|72/100 brn|[from] drain|[of] p1a: Ting-Lu
|move|p1a: Ting-Lu|Spikes|p2a: Ursaluna
|-sidestart|p2: Monfernep|Spikes
|
|-heal|p1a: Ting-Lu|43/100|[from] item: Leftovers
|-damage|p2a: Ursaluna|66/100 brn|[from] brn
|upkeep
|turn|13
|
|t:|1760879378
|move|p2a: Ursaluna|Facade|p1a: Ting-Lu
|-damage|p1a: Ting-Lu|0 fnt
|faint|p1a: Ting-Lu
|
|-damage|p2a: Ursaluna|60/100 brn|[from] brn
|upkeep
|
|t:|1760879383
|switch|p1a: Slowking|Slowking-Galar, M|100/100
|turn|14
|
|t:|1760879388
|move|p2a: Ursaluna|Facade|p1a: Slowking
|-damage|p1a: Slowking|0 fnt
|faint|p1a: Slowking
|
|win|Monfernep
|raw|Technoproz13150097's rating: 1210 &rarr; <strong>1183</strong><br />(-27 for losing)
|raw|Monfernep's rating: 1177 &rarr; <strong>1204</strong><br />(+27 for winning)
|l|☆Technoproz13150097
|player|p1|
|l|☆Monfernep
|player|p2|
