|j|☆Bazmac636
|j|☆DemoEspeon
|t:|1760746885
|gametype|singles
|player|p1|Bazmac636|1|1000
|player|p2|DemoEspeon|rosa|1054
|gen|9
|tier|[Gen 9] OU
|rated|
|rule|HP Percentage Mod: HP is shown in percentages
|rule|Endless Battle Clause: Forcing endless battles is banned
|rule|Species Clause: Limit one of each Pokémon
|rule|OHKO Clause: OHKO moves are banned
|rule|Evasion Items Clause: Evasion items are banned
|rule|Evasion Moves Clause: Evasion moves are banned
|rule|Evasion Abilities Clause: Evasion abilities are banned
|rule|Sleep Moves Clause: Sleep-inducing moves are banned
|clearpoke
|poke|p1|Sylveon, M|
|poke|p1|Kyurem|
|poke|p1|Gliscor, M|
|poke|p1|Pecharunt|
|poke|p1|Ursaluna, M|
|poke|p1|Grimmsnarl, M|
|poke|p2|Ditto|
|poke|p2|Hatterene, F|
|poke|p2|Tinkaton, F|
|poke|p2|Walking Wake|
|poke|p2|Meowscarada, F|
|poke|p2|Ogerpon-Wellspring, F|
|teampreview
|inactive|Battle timer is ON: inactive players will automatically lose when time's up. (requested by DemoEspeon)
|
|t:|1760746891
|teamsize|p1|6
|teamsize|p2|6
|start
|switch|p1a: Grimmsnarl|Grimmsnarl, M|100/100
|switch|p2a: Mirror|Ditto|100/100
|-transform|p2a: Mirror|p1a: Grimmsnarl|[from] ability: Imposter
|turn|1
|
|t:|1760746910
|move|p1a: Grimmsnarl|Light Screen|p1a: Grimmsnarl
|-sidestart|p1: Bazmac636|move: Light Screen
|move|p2a: Mirror|Play Rough|p1a: Grimmsnarl
|-supereffective|p1a: Grimmsnarl
|-damage|p1a: Grimmsnarl|2/100
|
|-heal|p1a: Grimmsnarl|8/100|[from] item: Leftovers
|upkeep
|turn|2
|
|t:|1760746919
|move|p1a: Grimmsnarl|Parting Shot|p2a: Mirror
|-hint|Since gen 7, Dark is immune to Prankster moves.
|-immune|p2a: Mirror
|move|p2a: Mirror|Play Rough|p1a: Grimmsnarl
|-supereffective|p1a: Grimmsnarl
|-damage|p1a: Grimmsnarl|0 fnt
|faint|p1a: Grimmsnarl
|
|upkeep
|
|t:|1760746928
|switch|p1a: Ursaluna|Ursaluna, M|100/100
|turn|3
|
|t:|1760746943
|move|p2a: Mirror|Play Rough|p1a: Ursaluna
|-damage|p1a: Ursaluna|67/100
|move|p1a: Ursaluna|Facade|p2a: Mirror
|-crit|p2a: Mirror
|-damage|p2a: Mirror|4/100
|
|-status|p1a: Ursaluna|brn|[from] item: Flame Orb
|upkeep
|turn|4
|c|☆DemoEspeon|fuck it
|
|t:|1760746967
|move|p2a: Mirror|Play Rough|p1a: Ursaluna|[miss]
|-miss|p2a: Mirror|p1a: Ursaluna
|move|p1a: Ursaluna|Facade|p2a: Mirror
|-damage|p2a: Mirror|0 fnt
|faint|p2a: Mirror
|
|-damage|p1a: Ursaluna|61/100 brn|[from] brn
|upkeep
|c|☆DemoEspeon|I MISSED
|inactive|DemoEspeon has 120 seconds left.
|
|t:|1760746982
|switch|p2a: Walking Wake|Walking Wake|100/100
|-enditem|p2a: Walking Wake|Booster Energy
|-activate|p2a: Walking Wake|ability: Protosynthesis|[fromitem]
|-start|p2a: Walking Wake|protosynthesisspa
|turn|5
|
|t:|1760746989
|move|p2a: Walking Wake|Scald|p1a: Ursaluna
|-supereffective|p1a: Ursaluna
|-damage|p1a: Ursaluna|3/100 brn
|move|p1a: Ursaluna|Facade|p2a: Walking Wake
|-damage|p2a: Walking Wake|0 fnt
|faint|p2a: Walking Wake
|-end|p2a: Walking Wake|Protosynthesis|[silent]
|
|-damage|p1a: Ursaluna|0 fnt|[from] brn
|faint|p1a: Ursaluna
|-sideend|p1: Bazmac636|move: Light Screen
|upkeep
|
|t:|1760747003
|switch|p2a: Rosy|Tinkaton, F|100/100
|switch|p1a: Gliscor|Gliscor, M|100/100
|-ability|p2a: Rosy|Mold Breaker
|-item|p2a: Rosy|Air Balloon
|turn|6
|
|t:|1760747014
|move|p1a: Gliscor|Toxic|p2a: Rosy
|-immune|p2a: Rosy
|move|p2a: Rosy|Rock Slide|p1a: Gliscor
|-damage|p1a: Gliscor|88/100
|
|-status|p1a: Gliscor|tox|[from] item: Toxic Orb
|upkeep
|turn|7
|
|t:|1760747023
|switch|p2a: Marisa|Hatterene, F|100/100
|move|p1a: Gliscor|Crabhammer|p2a: Marisa
|-damage|p2a: Marisa|76/100
|
|-heal|p1a: Gliscor|100/100 tox|[from] ability: Poison Heal
|upkeep
|turn|8
|
|t:|1760747036
|move|p1a: Gliscor|Toxic|p2a: Marisa
|move|p2a: Marisa|Toxic|p1a: Gliscor|[from] ability: Magic Bounce
|-fail|p1a: Gliscor|tox
|move|p2a: Marisa|Calm Mind|p2a: Marisa
|-boost|p2a: Marisa|spa|1
|-boost|p2a: Marisa|spd|1
|
|upkeep
|turn|9
|
|t:|1760747044
|move|p1a: Gliscor|Substitute|p1a: Gliscor
|-start|p1a: Gliscor|Substitute
|-damage|p1a: Gliscor|76/100 tox
|move|p2a: Marisa|Draining Kiss|p1a: Gliscor
|-end|p1a: Gliscor|Substitute
|-heal|p2a: Marisa|93/100|[from] drain|[of] p1a: Gliscor
|
|-heal|p1a: Gliscor|88/100 tox|[from] ability: Poison Heal
|upkeep
|turn|10
|
|t:|1760747054
|move|p1a: Gliscor|Crabhammer|p2a: Marisa
|-damage|p2a: Marisa|71/100
|move|p2a: Marisa|Psychic|p1a: Gliscor
|-damage|p1a: Gliscor|0 fnt
|faint|p1a: Gliscor
|
|upkeep
|
|t:|1760747063
|switch|p1a: Pecharunt|Pecharunt|100/100
|turn|11
|
|t:|1760747072
|-terastallize|p1a: Pecharunt|Poison
|move|p1a: Pecharunt|Shadow Ball|p2a: Marisa
|-supereffective|p2a: Marisa
|-damage|p2a: Marisa|32/100
|-unboost|p2a: Marisa|spd|1
|move|p2a: Marisa|Psychic|p1a: Pecharunt
|-supereffective|p1a: Pecharunt
|-crit|p1a: Pecharunt
|-damage|p1a: Pecharunt|0 fnt
|faint|p1a: Pecharunt
|
|upkeep
|
|t:|1760747084
|switch|p1a: Sylveon|Sylveon, M|100/100
|turn|12
|
|t:|1760747090
|move|p1a: Sylveon|Moonblast|p2a: Marisa
|-damage|p2a: Marisa|0 fnt
|faint|p2a: Marisa
|
|upkeep
|
|t:|1760747097
|switch|p2a: Azalea|Meowscarada, F|100/100
|turn|13
|
|t:|1760747102
|move|p2a: Azalea|Triple Axel|p1a: Sylveon
|-start|p2a: Azalea|typechange|Ice|[from] ability: Protean
|-damage|p1a: Sylveon|86/100
|-damage|p1a: Sylveon|55/100
|-damage|p1a: Sylveon|7/100
|-hitcount|p1a: Sylveon|3
|move|p1a: Sylveon|Light Screen|p1a: Sylveon
|-sidestart|p1: Bazmac636|move: Light Screen
|
|-heal|p1a: Sylveon|13/100|[from] item: Leftovers
|upkeep
|turn|14
|
|t:|1760747114
|move|p1a: Sylveon|Quick Attack|p2a: Azalea
|-damage|p2a: Azalea|91/100
|move|p2a: Azalea|Triple Axel|p1a: Sylveon
|-damage|p1a: Sylveon|0 fnt
|faint|p1a: Sylveon
|-hitcount|p1: Sylveon|1
|
|upkeep
|
|t:|1760747123
|switch|p1a: Kyurem|Kyurem|100/100
|-ability|p1a: Kyurem|Pressure
|turn|15
|
|t:|1760747129
|move|p2a: Azalea|Triple Axel|p1a: Kyurem
|-damage|p1a: Kyurem|89/100
|-damage|p2a: Azalea|75/100|[from] item: Rocky Helmet|[of] p1a: Kyurem
|-damage|p1a: Kyurem|64/100
|-damage|p2a: Azalea|59/100|[from] item: Rocky Helmet|[of] p1a: Kyurem
|-damage|p1a: Kyurem|30/100
|-damage|p2a: Azalea|42/100|[from] item: Rocky Helmet|[of] p1a: Kyurem
|-hitcount|p1a: Kyurem|3
|move|p1a: Kyurem|Dragon Dance|p1a: Kyurem
|-boost|p1a: Kyurem|atk|1
|-boost|p1a: Kyurem|spe|1
|
|upkeep
|turn|16
|
|t:|1760747144
|switch|p2a: Rosy|Tinkaton, F|100/100
|-ability|p2a: Rosy|Mold Breaker
|-item|p2a: Rosy|Air Balloon
|move|p1a: Kyurem|Outrage|p2a: Rosy
|-immune|p2a: Rosy
|
|upkeep
|turn|17
|
|t:|1760747157
|move|p1a: Kyurem|Rest|p1a: Kyurem
|-status|p1a: Kyurem|slp|[from] move: Rest
|-heal|p1a: Kyurem|100/100 slp|[silent]
|move|p2a: Rosy|Play Rough|p1a: Kyurem
|-supereffective|p1a: Kyurem
|-damage|p1a: Kyurem|54/100 slp
|-unboost|p1a: Kyurem|atk|1
|-damage|p2a: Rosy|84/100|[from] item: Rocky Helmet|[of] p1a: Kyurem
|
|-sideend|p1: Bazmac636|move: Light Screen
|upkeep
|turn|18
|
|t:|1760747174
|cant|p1a: Kyurem|slp
|move|p1a: Kyurem|Sleep Talk|p1a: Kyurem
|move|p1a: Kyurem|Dragon Dance|p1a: Kyurem|[from] move: Sleep Talk
|-boost|p1a: Kyurem|atk|1
|-boost|p1a: Kyurem|spe|1
|move|p2a: Rosy|Play Rough|p1a: Kyurem
|-supereffective|p1a: Kyurem
|-damage|p1a: Kyurem|14/100 slp
|-damage|p2a: Rosy|67/100|[from] item: Rocky Helmet|[of] p1a: Kyurem
|
|upkeep
|turn|19
|
|t:|1760747186
|cant|p1a: Kyurem|slp
|move|p1a: Kyurem|Sleep Talk|p1a: Kyurem
|move|p1a: Kyurem|Rest||[from] move: Sleep Talk|[still]
|-fail|p1a: Kyurem
|move|p2a: Rosy|Play Rough|p1a: Kyurem
|-supereffective|p1a: Kyurem
|-damage|p1a: Kyurem|0 fnt
|-damage|p2a: Rosy|51/100|[from] item: Rocky Helmet|[of] p1a: Kyurem
|faint|p1a: Kyurem
|
|win|DemoEspeon
|raw|Bazmac636's rating: 1000 &rarr; <strong>1000</strong><br />(+0 for losing)
|raw|DemoEspeon's rating: 1054 &rarr; <strong>1081</strong><br />(+27 for winning)
