|j|☆wobuhaole
|j|☆cassoplayer
|t:|1760763789
|gametype|singles
|player|p1|wobuhaole|youngcouple-gen4dp|1137
|player|p2|cassoplayer|shadowtriad|1188
|gen|9
|tier|[Gen 9] OU
|rated|
|rule|HP Percentage Mod: HP is shown in percentages
|rule|Endless Battle Clause: Forcing endless battles is banned
|rule|Species Clause: Limit one of each Pokémon
|rule|OHKO Clause: OHKO moves are banned
|rule|Evasion Items Clause: Evasion items are banned
|rule|Evasion Moves Clause: Evasion moves are banned
|rule|Evasion Abilities Clause: Evasion abilities are banned
|rule|Sleep Moves Clause: Sleep-inducing moves are banned
|clearpoke
|poke|p1|Weavile, F|
|poke|p1|Iron Valiant|
|poke|p1|Alomomola, M|
|poke|p1|Hydrapple, F|
|poke|p1|Cinderace, M|
|poke|p1|Gholdengo|
|poke|p2|Espeon, F|
|poke|p2|Corviknight, F|
|poke|p2|Garchomp, M|
|poke|p2|Toxapex, F|
|poke|p2|Iron Valiant|
|poke|p2|Dragonite, M|
|teampreview
|
|t:|1760763817
|teamsize|p1|6
|teamsize|p2|6
|start
|switch|p1a: Gholdengo|Gholdengo|100/100
|switch|p2a: espartano|Iron Valiant|100/100
|turn|1
|
|t:|1760763831
|move|p2a: espartano|Knock Off|p1a: Gholdengo
|-supereffective|p1a: Gholdengo
|-damage|p1a: Gholdengo|22/100
|-enditem|p1a: Gholdengo|Choice Scarf|[from] move: Knock Off|[of] p2a: espartano
|move|p1a: Gholdengo|Make It Rain|p2a: espartano
|-supereffective|p2a: espartano
|-damage|p2a: espartano|0 fnt
|-unboost|p1a: Gholdengo|spa|1
|faint|p2a: espartano
|-end|p2a: espartano|Quark Drive|[silent]
|
|upkeep
|
|t:|1760763850
|switch|p2a: juan|Garchomp, M|100/100
|turn|2
|
|t:|1760763857
|move|p1a: Gholdengo|Dazzling Gleam|p2a: juan
|-supereffective|p2a: juan
|-damage|p2a: juan|62/100
|move|p2a: juan|Earthquake|p1a: Gholdengo
|-supereffective|p1a: Gholdengo
|-damage|p1a: Gholdengo|0 fnt
|faint|p1a: Gholdengo
|
|upkeep
|
|t:|1760763908
|switch|p1a: Weavile|Weavile, F|100/100
|-ability|p1a: Weavile|Pressure
|turn|3
|
|t:|1760763947
|move|p1a: Weavile|Icicle Crash|p2a: juan
|-supereffective|p2a: juan
|-damage|p2a: juan|0 fnt
|faint|p2a: juan
|
|upkeep
|
|t:|1760763960
|switch|p2a: biscochito|Espeon, F|100/100
|turn|4
|
|t:|1760763965
|-terastallize|p2a: biscochito|Fairy
|move|p1a: Weavile|Knock Off|p2a: biscochito
|-resisted|p2a: biscochito
|-damage|p2a: biscochito|55/100
|-enditem|p2a: biscochito|Leftovers|[from] move: Knock Off|[of] p1a: Weavile
|move|p2a: biscochito|Dazzling Gleam|p1a: Weavile
|-supereffective|p1a: Weavile
|-enditem|p1a: Weavile|Focus Sash
|-damage|p1a: Weavile|1/100
|
|upkeep
|turn|5
|
|t:|1760763977
|move|p1a: Weavile|Icicle Crash|p2a: biscochito
|-damage|p2a: biscochito|0 fnt
|faint|p2a: biscochito
|
|upkeep
|
|t:|1760763982
|switch|p2a: chimuelo|Corviknight, F|100/100
|-ability|p2a: chimuelo|Pressure
|turn|6
|
|t:|1760763992
|switch|p1a: Hydrapple|Hydrapple, F|100/100
|move|p2a: chimuelo|U-turn|p1a: Hydrapple
|-supereffective|p1a: Hydrapple
|-damage|p1a: Hydrapple|84/100
|-damage|p2a: chimuelo|84/100|[from] item: Rocky Helmet|[of] p1a: Hydrapple
|
|t:|1760763999
|switch|p2a: panson|Dragonite, M|100/100|[from] U-turn
|
|upkeep
|turn|7
|
|t:|1760764009
|move|p2a: panson|Fire Punch|p1a: Hydrapple
|-damage|p1a: Hydrapple|67/100
|-damage|p2a: panson|84/100|[from] item: Rocky Helmet|[of] p1a: Hydrapple
|move|p1a: Hydrapple|Dragon Pulse|p2a: panson
|-supereffective|p2a: panson
|-damage|p2a: panson|6/100
|
|upkeep
|turn|8
|
|t:|1760764021
|move|p2a: panson|Extreme Speed|p1a: Hydrapple
|-damage|p1a: Hydrapple|50/100
|-damage|p2a: panson|0 fnt|[from] item: Rocky Helmet|[of] p1a: Hydrapple
|faint|p2a: panson
|move|p1a: Hydrapple|Dragon Pulse|p2: panson|[notarget]
|-fail|p1a: Hydrapple
|
|upkeep
|-message|cassoplayer forfeited.
|
|win|wobuhaole
|raw|wobuhaole's rating: 1137 &rarr; <strong>1166</strong><br />(+29 for winning)
|raw|cassoplayer's rating: 1188 &rarr; <strong>1159</strong><br />(-29 for losing)
|l|☆cassoplayer
|player|p2|
|l|☆wobuhaole
|player|p1|
