|badge|p2|bronze|gen9ubers|100-7
|uhtml|medal-msg|<div class="broadcast-blue">Curious what those medals under the avatar are? PS now has Ladder Seasons! For more information, check out the <a href="https://www.smogon.com/forums/threads/3740067/">thread on Smogon.</a></div>
|j|☆eemiee
|j|☆RoaringMoonlight2
|t:|1760804301
|gametype|singles
|player|p1|eemiee|101|1753
|player|p2|RoaringMoonlight2|turo-ai|1667
|gen|9
|tier|[Gen 9] OU
|rated|
|rule|HP Percentage Mod: HP is shown in percentages
|rule|Endless Battle Clause: Forcing endless battles is banned
|rule|Species Clause: Limit one of each Pokémon
|rule|OHKO Clause: OHKO moves are banned
|rule|Evasion Items Clause: Evasion items are banned
|rule|Evasion Moves Clause: Evasion moves are banned
|rule|Evasion Abilities Clause: Evasion abilities are banned
|rule|Sleep Moves Clause: Sleep-inducing moves are banned
|clearpoke
|poke|p1|Chandelure, F|
|poke|p1|Torkoal, F|
|poke|p1|Dragonite, M|
|poke|p1|Walking Wake|
|poke|p1|Slither Wing|
|poke|p1|Corviknight, M|
|poke|p2|Glimmora, M|
|poke|p2|Iron Valiant|
|poke|p2|Raging Bolt|
|poke|p2|Ogerpon-Wellspring, F|
|poke|p2|Kingambit, F|
|poke|p2|Ceruledge, M|
|teampreview
|inactive|Battle timer is ON: inactive players will automatically lose when time's up. (requested by RoaringMoonlight2)
|inactive|RoaringMoonlight2 has 120 seconds left.
|
|t:|1760804344
|teamsize|p1|6
|teamsize|p2|6
|start
|switch|p1a: Walking Wake|Walking Wake|100/100
|switch|p2a: Fleur de Cuivre|Glimmora, M|100/100
|turn|1
|
|t:|1760804360
|switch|p2a: Masqurécage|Ogerpon-Wellspring, F|100/100
|move|p1a: Walking Wake|Draco Meteor|p2a: Masqurécage
|-damage|p2a: Masqurécage|13/100
|-unboost|p1a: Walking Wake|spa|2
|
|upkeep
|turn|2
|j| weigh666
|
|t:|1760804369
|-end|p1a: Walking Wake|Protosynthesis|[silent]
|switch|p1a: Corviknight|Corviknight, M|100/100
|-ability|p1a: Corviknight|Pressure
|move|p2a: Masqurécage|Power Whip|p1a: Corviknight
|-resisted|p1a: Corviknight
|-damage|p1a: Corviknight|90/100
|-damage|p2a: Masqurécage|0 fnt|[from] item: Rocky Helmet|[of] p1a: Corviknight
|faint|p2a: Masqurécage
|
|upkeep
|
|t:|1760804373
|switch|p2a: Escrameur|Ceruledge, M|100/100
|turn|3
|
|t:|1760804380
|switch|p1a: Walking Wake|Walking Wake|100/100
|move|p2a: Escrameur|Swords Dance|p2a: Escrameur
|-boost|p2a: Escrameur|atk|2
|
|upkeep
|turn|4
|
|t:|1760804386
|move|p1a: Walking Wake|Hydro Steam|p2a: Escrameur
|-supereffective|p2a: Escrameur
|-enditem|p2a: Escrameur|Focus Sash
|-damage|p2a: Escrameur|1/100
|move|p2a: Escrameur|Poltergeist|p1a: Walking Wake
|-activate|p1a: Walking Wake|move: Poltergeist|Choice Scarf
|-damage|p1a: Walking Wake|0 fnt
|faint|p1a: Walking Wake
|-end|p1a: Walking Wake|Protosynthesis|[silent]
|
|upkeep
|
|t:|1760804391
|switch|p1a: Slither Wing|Slither Wing|100/100
|turn|5
|j| No_Safe_Prayer
|
|t:|1760804395
|switch|p2a: Fleur de Cuivre|Glimmora, M|100/100
|move|p1a: Slither Wing|First Impression|p2a: Fleur de Cuivre
|-resisted|p2a: Fleur de Cuivre
|-damage|p2a: Fleur de Cuivre|56/100
|-activate|p2a: Fleur de Cuivre|ability: Toxic Debris
|-sidestart|p1: eemiee|move: Toxic Spikes
|
|upkeep
|turn|6
|
|t:|1760804401
|-end|p1a: Slither Wing|Protosynthesis|[silent]
|switch|p1a: Corviknight|Corviknight, M|90/100
|-ability|p1a: Corviknight|Pressure
|move|p2a: Fleur de Cuivre|Stealth Rock|p1a: Corviknight
|-sidestart|p1: eemiee|move: Stealth Rock
|
|upkeep
|turn|7
|
|t:|1760804404
|move|p2a: Fleur de Cuivre|Meteor Beam||[still]
|-prepare|p2a: Fleur de Cuivre|Meteor Beam
|-boost|p2a: Fleur de Cuivre|spa|1
|-enditem|p2a: Fleur de Cuivre|Power Herb
|-anim|p2a: Fleur de Cuivre|Meteor Beam|p1a: Corviknight|[miss]
|-miss|p2a: Fleur de Cuivre|p1a: Corviknight
|move|p1a: Corviknight|Defog|p2a: Fleur de Cuivre
|-unboost|p2a: Fleur de Cuivre|evasion|1
|-sideend|p1: eemiee|Toxic Spikes|[from] move: Defog|[of] p1a: Corviknight
|-sideend|p1: eemiee|Stealth Rock|[from] move: Defog|[of] p1a: Corviknight
|
|upkeep
|turn|8
|
|t:|1760804416
|switch|p1a: Dragonite|Dragonite, M|100/100
|move|p2a: Fleur de Cuivre|Stealth Rock|p1a: Dragonite
|-sidestart|p1: eemiee|move: Stealth Rock
|
|upkeep
|turn|9
|
|t:|1760804422
|move|p2a: Fleur de Cuivre|Mortal Spin|p1a: Dragonite
|-damage|p1a: Dragonite|98/100
|move|p1a: Dragonite|Earthquake|p2a: Fleur de Cuivre
|-supereffective|p2a: Fleur de Cuivre
|-damage|p2a: Fleur de Cuivre|0 fnt
|-activate|p2a: Fleur de Cuivre|ability: Toxic Debris
|-sidestart|p1: eemiee|move: Toxic Spikes
|faint|p2a: Fleur de Cuivre
|
|upkeep
|
|t:|1760804429
|switch|p2a: Escrameur|Ceruledge, M|1/100
|turn|10
|
|t:|1760804434
|move|p2a: Escrameur|Poltergeist|p1a: Dragonite
|-activate|p1a: Dragonite|move: Poltergeist|Covert Cloak
|-damage|p1a: Dragonite|46/100
|move|p1a: Dragonite|Earthquake|p2a: Escrameur
|-supereffective|p2a: Escrameur
|-damage|p2a: Escrameur|0 fnt
|faint|p2a: Escrameur
|
|upkeep
|
|t:|1760804448
|switch|p2a: Général 50/50|Kingambit, F|100/100
|-activate|p2a: Général 50/50|ability: Supreme Overlord
|-start|p2a: Général 50/50|fallen3|[silent]
|turn|11
|
|t:|1760804453
|switch|p1a: Torkoal|Torkoal, F|100/100
|-damage|p1a: Torkoal|76/100|[from] Stealth Rock
|-status|p1a: Torkoal|psn
|-weather|SunnyDay|[from] ability: Drought|[of] p1a: Torkoal
|move|p2a: Général 50/50|Kowtow Cleave|p1a: Torkoal
|-damage|p1a: Torkoal|35/100 psn
|
|-weather|SunnyDay|[upkeep]
|-damage|p1a: Torkoal|22/100 psn|[from] psn
|upkeep
|turn|12
|
|t:|1760804470
|move|p2a: Général 50/50|Kowtow Cleave|p1a: Torkoal
|-damage|p1a: Torkoal|0 fnt
|faint|p1a: Torkoal
|
|-weather|SunnyDay|[upkeep]
|upkeep
|
|t:|1760804480
|switch|p1a: Slither Wing|Slither Wing|100/100
|-damage|p1a: Slither Wing|88/100|[from] Stealth Rock
|-status|p1a: Slither Wing|psn
|-activate|p1a: Slither Wing|ability: Protosynthesis
|-start|p1a: Slither Wing|protosynthesisatk
|turn|13
|inactive|RoaringMoonlight2 has 120 seconds left.
|
|t:|1760804515
|move|p2a: Général 50/50|Sucker Punch|p1a: Slither Wing
|-resisted|p1a: Slither Wing
|-damage|p1a: Slither Wing|51/100 psn
|move|p1a: Slither Wing|Earthquake|p2a: Général 50/50
|-supereffective|p2a: Général 50/50
|-damage|p2a: Général 50/50|0 fnt
|faint|p2a: Général 50/50
|-end|p2a: Général 50/50|fallen3|[silent]
|
|-weather|SunnyDay|[upkeep]
|-damage|p1a: Slither Wing|39/100 psn|[from] psn
|upkeep
|inactive|RoaringMoonlight2 has 120 seconds left.
|
|t:|1760804523
|switch|p2a: Raille-Cou|Raging Bolt|100/100
|-activate|p2a: Raille-Cou|ability: Protosynthesis
|-start|p2a: Raille-Cou|protosynthesisspa
|turn|14
|j| yarcii
|inactive|RoaringMoonlight2 has 120 seconds left.
|
|t:|1760804535
|move|p2a: Raille-Cou|Thunderclap|p1a: Slither Wing
|-damage|p1a: Slither Wing|0 fnt
|faint|p1a: Slither Wing
|-end|p1a: Slither Wing|Protosynthesis|[silent]
|
|-weather|SunnyDay|[upkeep]
|upkeep
|
|t:|1760804545
|switch|p1a: Chandelure|Chandelure, F|100/100
|-damage|p1a: Chandelure|76/100|[from] Stealth Rock
|-status|p1a: Chandelure|psn
|turn|15
|
|t:|1760804549
|move|p1a: Chandelure|Overheat|p2a: Raille-Cou
|-resisted|p2a: Raille-Cou
|-damage|p2a: Raille-Cou|15/100
|-unboost|p1a: Chandelure|spa|2
|move|p2a: Raille-Cou|Dragon Pulse|p1a: Chandelure
|-damage|p1a: Chandelure|0 fnt
|faint|p1a: Chandelure
|
|-weather|SunnyDay|[upkeep]
|-heal|p2a: Raille-Cou|21/100|[from] item: Leftovers
|upkeep
|
|t:|1760804555
|switch|p1a: Dragonite|Dragonite, M|46/100
|-damage|p1a: Dragonite|21/100|[from] Stealth Rock
|turn|16
|
|t:|1760804565
|-terastallize|p1a: Dragonite|Fairy
|move|p2a: Raille-Cou|Thunderbolt|p1a: Dragonite
|-damage|p1a: Dragonite|0 fnt
|faint|p1a: Dragonite
|
|-weather|SunnyDay|[upkeep]
|-heal|p2a: Raille-Cou|28/100|[from] item: Leftovers
|upkeep
|-message|eemiee forfeited.
|
|win|RoaringMoonlight2
|raw|eemiee's rating: 1753 &rarr; <strong>1728</strong><br />(-25 for losing)
|raw|RoaringMoonlight2's rating: 1667 &rarr; <strong>1692</strong><br />(+25 for winning)
|l|☆eemiee
|player|p1|
|l|☆RoaringMoonlight2
|player|p2|
|l| yarcii
|l| weigh666
|l| No_Safe_Prayer
