|j|‽flan727
|j|☆capone n norega
|t:|1760727604
|gametype|singles
|player|p1|flan727|169|1530
|player|p2|capone n norega|102|1563
|gen|9
|tier|[Gen 9] OU
|rated|
|rule|HP Percentage Mod: HP is shown in percentages
|rule|Endless Battle Clause: Forcing endless battles is banned
|rule|Species Clause: Limit one of each Pokémon
|rule|OHKO Clause: OHKO moves are banned
|rule|Evasion Items Clause: Evasion items are banned
|rule|Evasion Moves Clause: Evasion moves are banned
|rule|Evasion Abilities Clause: Evasion abilities are banned
|rule|Sleep Moves Clause: Sleep-inducing moves are banned
|clearpoke
|poke|p1|Torkoal, M|
|poke|p1|Hatterene, F|
|poke|p1|Raging Bolt|
|poke|p1|Slither Wing|
|poke|p1|Venusaur, M|
|poke|p1|Walking Wake|
|poke|p2|Cloyster, F|
|poke|p2|Ninetales-Alola, M|
|poke|p2|Garchomp, M|
|poke|p2|Tentacruel, F|
|poke|p2|Iron Valiant|
|poke|p2|Dragonite, M|
|teampreview
|
|t:|1760727618
|teamsize|p1|6
|teamsize|p2|6
|start
|switch|p1a: Slither Wing|Slither Wing|100/100
|switch|p2a: Tentacruel|Tentacruel, F|100/100
|turn|1
|
|t:|1760727622
|move|p2a: Tentacruel|Knock Off|p1a: Slither Wing
|-resisted|p1a: Slither Wing
|-damage|p1a: Slither Wing|90/100
|-enditem|p1a: Slither Wing|Assault Vest|[from] move: Knock Off|[of] p2a: Tentacruel
|move|p1a: Slither Wing|Earthquake|p2a: Tentacruel
|-supereffective|p2a: Tentacruel
|-damage|p2a: Tentacruel|0 fnt
|faint|p2a: Tentacruel
|
|upkeep
|
|t:|1760727631
|switch|p2a: Garchomp|Garchomp, M|100/100
|turn|2
|
|t:|1760727635
|move|p1a: Slither Wing|U-turn|p2a: Garchomp
|-damage|p2a: Garchomp|76/100
|-damage|p1a: Slither Wing|77/100|[from] ability: Rough Skin|[of] p2a: Garchomp
|-damage|p1a: Slither Wing|61/100|[from] item: Rocky Helmet|[of] p2a: Garchomp
|
|t:|1760727638
|-end|p1a: Slither Wing|Protosynthesis|[silent]
|switch|p1a: Hatterene|Hatterene, F|100/100|[from] U-turn
|-item|p1a: Hatterene|Air Balloon
|move|p2a: Garchomp|Earthquake|p1a: Hatterene
|-immune|p1a: Hatterene
|
|upkeep
|turn|3
|
|t:|1760727643
|switch|p2a: Ninetales|Ninetales-Alola, M|100/100
|-weather|Snowscape|[from] ability: Snow Warning|[of] p2a: Ninetales
|move|p1a: Hatterene|Trick Room|p1a: Hatterene
|-fieldstart|move: Trick Room|[of] p1a: Hatterene
|
|-weather|Snowscape|[upkeep]
|upkeep
|turn|4
|
|t:|1760727671
|switch|p1a: Torkoal|Torkoal, M|100/100
|-weather|SunnyDay|[from] ability: Drought|[of] p1a: Torkoal
|switch|p2a: Garchomp|Garchomp, M|76/100
|
|-weather|SunnyDay|[upkeep]
|upkeep
|turn|5
|
|t:|1760727688
|switch|p1a: Slither Wing|Slither Wing|61/100
|-activate|p1a: Slither Wing|ability: Protosynthesis
|-start|p1a: Slither Wing|protosynthesisatk
|move|p2a: Garchomp|Earthquake|p1a: Slither Wing
|-resisted|p1a: Slither Wing
|-damage|p1a: Slither Wing|33/100
|
|-weather|SunnyDay|[upkeep]
|upkeep
|turn|6
|
|t:|1760727706
|move|p2a: Garchomp|Earthquake|p1a: Slither Wing
|-resisted|p1a: Slither Wing
|-crit|p1a: Slither Wing
|-damage|p1a: Slither Wing|0 fnt
|faint|p1a: Slither Wing
|-end|p1a: Slither Wing|Protosynthesis|[silent]
|
|-weather|SunnyDay|[upkeep]
|upkeep
|
|t:|1760727715
|switch|p1a: Raging Bolt|Raging Bolt|100/100
|-activate|p1a: Raging Bolt|ability: Protosynthesis
|-start|p1a: Raging Bolt|protosynthesisspa
|turn|7
|
|t:|1760727734
|switch|p2a: Ninetales|Ninetales-Alola, M|100/100
|-weather|Snowscape|[from] ability: Snow Warning|[of] p2a: Ninetales
|-end|p1a: Raging Bolt|Protosynthesis
|move|p1a: Raging Bolt|Dragon Pulse|p2a: Ninetales
|-immune|p2a: Ninetales
|
|-weather|Snowscape|[upkeep]
|-fieldend|move: Trick Room
|upkeep
|turn|8
|
|t:|1760727749
|switch|p2a: Cloyster|Cloyster, F|100/100
|-end|p1a: Raging Bolt|Protosynthesis|[silent]
|switch|p1a: Torkoal|Torkoal, M|100/100
|-weather|SunnyDay|[from] ability: Drought|[of] p1a: Torkoal
|
|-weather|SunnyDay|[upkeep]
|upkeep
|turn|9
|
|t:|1760727758
|move|p2a: Cloyster|Rock Blast|p1a: Torkoal|[miss]
|-miss|p2a: Cloyster|p1a: Torkoal
|move|p1a: Torkoal|Overheat|p2a: Cloyster
|-damage|p2a: Cloyster|0 fnt
|-unboost|p1a: Torkoal|spa|2
|faint|p2a: Cloyster
|
|-weather|SunnyDay|[upkeep]
|upkeep
|
|t:|1760727764
|switch|p2a: Ninetales|Ninetales-Alola, M|100/100
|-weather|Snowscape|[from] ability: Snow Warning|[of] p2a: Ninetales
|turn|10
|
|t:|1760727768
|switch|p1a: Hatterene|Hatterene, F|100/100
|-item|p1a: Hatterene|Air Balloon
|move|p2a: Ninetales|Aurora Veil|p2a: Ninetales
|-sidestart|p2: capone n norega|move: Aurora Veil
|
|-weather|Snowscape|[upkeep]
|upkeep
|turn|11
|
|t:|1760727811
|switch|p2a: Dragonite|Dragonite, M|100/100
|move|p1a: Hatterene|Trick Room|p1a: Hatterene
|-fieldstart|move: Trick Room|[of] p1a: Hatterene
|
|-weather|Snowscape|[upkeep]
|upkeep
|turn|12
|
|t:|1760727818
|move|p1a: Hatterene|Dazzling Gleam|p2a: Dragonite
|-supereffective|p2a: Dragonite
|-damage|p2a: Dragonite|83/100
|move|p2a: Dragonite|Substitute|p2a: Dragonite
|-start|p2a: Dragonite|Substitute
|-damage|p2a: Dragonite|58/100
|
|-weather|Snowscape|[upkeep]
|-heal|p2a: Dragonite|64/100|[from] item: Leftovers
|upkeep
|turn|13
|
|t:|1760727824
|move|p1a: Hatterene|Dazzling Gleam|p2a: Dragonite
|-supereffective|p2a: Dragonite
|-end|p2a: Dragonite|Substitute
|move|p2a: Dragonite|Dragon Dance|p2a: Dragonite
|-boost|p2a: Dragonite|atk|1
|-boost|p2a: Dragonite|spe|1
|
|-weather|Snowscape|[upkeep]
|-heal|p2a: Dragonite|70/100|[from] item: Leftovers
|upkeep
|turn|14
|
|t:|1760727830
|-terastallize|p2a: Dragonite|Fairy
|move|p1a: Hatterene|Dazzling Gleam|p2a: Dragonite
|-damage|p2a: Dragonite|52/100
|move|p2a: Dragonite|Substitute|p2a: Dragonite
|-start|p2a: Dragonite|Substitute
|-damage|p2a: Dragonite|27/100
|
|-weather|none
|-heal|p2a: Dragonite|33/100|[from] item: Leftovers
|upkeep
|turn|15
|
|t:|1760727838
|move|p1a: Hatterene|Psychic Noise|p2a: Dragonite
|-damage|p2a: Dragonite|16/100
|-start|p2a: Dragonite|move: Heal Block
|move|p2a: Dragonite|Dragon Dance|p2a: Dragonite
|-boost|p2a: Dragonite|atk|1
|-boost|p2a: Dragonite|spe|1
|
|-fieldend|move: Trick Room
|upkeep
|turn|16
|
|t:|1760727843
|move|p2a: Dragonite|Tera Blast|p1a: Hatterene|[anim] Tera Blast Fairy
|-damage|p1a: Hatterene|29/100
|-enditem|p1a: Hatterene|Air Balloon
|move|p1a: Hatterene|Psychic Noise|p2a: Dragonite
|-damage|p2a: Dragonite|0 fnt
|faint|p2a: Dragonite
|
|upkeep
|
|t:|1760727847
|switch|p2a: Iron Valiant|Iron Valiant|100/100
|-enditem|p2a: Iron Valiant|Booster Energy
|-activate|p2a: Iron Valiant|ability: Quark Drive|[fromitem]
|-start|p2a: Iron Valiant|quarkdrivespe
|turn|17
|
|t:|1760727859
|move|p2a: Iron Valiant|Knock Off|p1a: Hatterene
|-damage|p1a: Hatterene|12/100
|move|p1a: Hatterene|Dazzling Gleam|p2a: Iron Valiant
|-supereffective|p2a: Iron Valiant
|-damage|p2a: Iron Valiant|37/100
|
|-sideend|p2: capone n norega|move: Aurora Veil
|upkeep
|turn|18
|-message|capone n norega forfeited.
|
|win|flan727
|raw|flan727's rating: 1530 &rarr; <strong>1552</strong><br />(+22 for winning)
|raw|capone n norega's rating: 1563 &rarr; <strong>1541</strong><br />(-22 for losing)
|l|☆capone n norega
|player|p2|
|l|‽flan727
|player|p1|
