|j|☆lovely_femboy-Tt
|j|☆wuliaodesheng
|t:|1760786588
|gametype|singles
|player|p1|lovely_femboy-Tt|clair|1070
|player|p2|wuliaodesheng|102|1067
|gen|9
|tier|[Gen 9] OU
|rated|
|rule|HP Percentage Mod: HP is shown in percentages
|rule|Endless Battle Clause: Forcing endless battles is banned
|rule|Species Clause: Limit one of each Pokémon
|rule|OHKO Clause: OHKO moves are banned
|rule|Evasion Items Clause: Evasion items are banned
|rule|Evasion Moves Clause: Evasion moves are banned
|rule|Evasion Abilities Clause: Evasion abilities are banned
|rule|Sleep Moves Clause: Sleep-inducing moves are banned
|clearpoke
|poke|p1|Kingdra, F|
|poke|p1|Dragonite, F|
|poke|p1|Altaria, F|
|poke|p1|Salamence, M|
|poke|p1|Garchomp, F|
|poke|p1|Gyarados, M|
|poke|p2|Glimmora, F|
|poke|p2|Dondozo, M|
|poke|p2|Ting-Lu|
|poke|p2|Heatran, M|
|poke|p2|Rillaboom, F|
|poke|p2|Great Tusk|
|teampreview
|inactive|Battle timer is ON: inactive players will automatically lose when time's up. (requested by lovely_femboy-Tt)
|
|t:|1760786594
|teamsize|p1|6
|teamsize|p2|6
|start
|switch|p1a: Kingdra|Kingdra, F, shiny|100/100
|switch|p2a: Glimmora|Glimmora, F|100/100
|turn|1
|
|t:|1760786602
|move|p2a: Glimmora|Stealth Rock|p1a: Kingdra
|-sidestart|p1: lovely_femboy-Tt|move: Stealth Rock
|move|p1a: Kingdra|Dragon Dance|p1a: Kingdra
|-boost|p1a: Kingdra|atk|1
|-boost|p1a: Kingdra|spe|1
|
|upkeep
|turn|2
|
|t:|1760786610
|move|p1a: Kingdra|Waterfall|p2a: Glimmora
|-supereffective|p2a: Glimmora
|-enditem|p2a: Glimmora|Focus Sash
|-damage|p2a: Glimmora|1/100
|-activate|p2a: Glimmora|ability: Toxic Debris
|-sidestart|p1: lovely_femboy-Tt|move: Toxic Spikes
|move|p2a: Glimmora|Spikes|p1a: Kingdra
|-sidestart|p1: lovely_femboy-Tt|Spikes
|
|upkeep
|turn|3
|
|t:|1760786620
|move|p1a: Kingdra|Waterfall|p2a: Glimmora
|-supereffective|p2a: Glimmora
|-damage|p2a: Glimmora|0 fnt
|-activate|p2a: Glimmora|ability: Toxic Debris
|-sidestart|p1: lovely_femboy-Tt|move: Toxic Spikes
|faint|p2a: Glimmora
|
|upkeep
|
|t:|1760786626
|switch|p2a: Dondozo|Dondozo, M|100/100
|turn|4
|
|t:|1760786634
|move|p1a: Kingdra|Dragon Dance|p1a: Kingdra
|-boost|p1a: Kingdra|atk|1
|-boost|p1a: Kingdra|spe|1
|move|p2a: Dondozo|Earthquake|p1a: Kingdra
|-damage|p1a: Kingdra|70/100
|
|upkeep
|turn|5
|
|t:|1760786641
|move|p1a: Kingdra|Outrage|p2a: Dondozo
|-damage|p2a: Dondozo|75/100
|move|p2a: Dondozo|Earthquake|p1a: Kingdra
|-damage|p1a: Kingdra|42/100
|
|-heal|p2a: Dondozo|81/100|[from] item: Leftovers
|upkeep
|turn|6
|
|t:|1760786650
|move|p1a: Kingdra|Outrage|p2a: Dondozo|[from] lockedmove
|-damage|p2a: Dondozo|58/100
|move|p2a: Dondozo|Earthquake|p1a: Kingdra
|-damage|p1a: Kingdra|12/100
|
|-heal|p2a: Dondozo|64/100|[from] item: Leftovers
|upkeep
|turn|7
|
|t:|1760786659
|move|p1a: Kingdra|Outrage|p2a: Dondozo|[from] lockedmove
|-damage|p2a: Dondozo|42/100
|-start|p1a: Kingdra|confusion|[fatigue]
|move|p2a: Dondozo|Rest|p2a: Dondozo
|-status|p2a: Dondozo|slp|[from] move: Rest
|-heal|p2a: Dondozo|100/100 slp|[silent]
|
|upkeep
|turn|8
|
|t:|1760786668
|-activate|p1a: Kingdra|confusion
|move|p1a: Kingdra|Rest|p1a: Kingdra
|-status|p1a: Kingdra|slp|[from] move: Rest
|-heal|p1a: Kingdra|100/100 slp|[silent]
|-enditem|p1a: Kingdra|Chesto Berry|[eat]
|-curestatus|p1a: Kingdra|slp|[msg]
|cant|p2a: Dondozo|slp
|move|p2a: Dondozo|Sleep Talk|p2a: Dondozo
|move|p2a: Dondozo|Earthquake|p1a: Kingdra|[from] move: Sleep Talk
|-crit|p1a: Kingdra
|-damage|p1a: Kingdra|56/100
|
|upkeep
|turn|9
|
|t:|1760786681
|-end|p1a: Kingdra|confusion
|move|p1a: Kingdra|Dragon Dance|p1a: Kingdra
|-boost|p1a: Kingdra|atk|1
|-boost|p1a: Kingdra|spe|1
|cant|p2a: Dondozo|slp
|move|p2a: Dondozo|Sleep Talk|p2a: Dondozo
|move|p2a: Dondozo|Earthquake|p1a: Kingdra|[from] move: Sleep Talk
|-damage|p1a: Kingdra|29/100
|
|upkeep
|turn|10
|
|t:|1760786693
|move|p1a: Kingdra|Rest|p1a: Kingdra
|-status|p1a: Kingdra|slp|[from] move: Rest
|-heal|p1a: Kingdra|100/100 slp|[silent]
|-curestatus|p2a: Dondozo|slp|[msg]
|move|p2a: Dondozo|Earthquake|p1a: Kingdra
|-damage|p1a: Kingdra|71/100 slp
|
|upkeep
|turn|11
|
|t:|1760786706
|cant|p1a: Kingdra|slp
|move|p2a: Dondozo|Earthquake|p1a: Kingdra
|-damage|p1a: Kingdra|45/100 slp
|
|upkeep
|turn|12
|
|t:|1760786712
|cant|p1a: Kingdra|slp
|move|p2a: Dondozo|Earthquake|p1a: Kingdra
|-damage|p1a: Kingdra|18/100 slp
|
|upkeep
|turn|13
|
|t:|1760786720
|-curestatus|p1a: Kingdra|slp|[msg]
|move|p1a: Kingdra|Waterfall|p2a: Dondozo
|-resisted|p2a: Dondozo
|-damage|p2a: Dondozo|93/100
|move|p2a: Dondozo|Wave Crash|p1a: Kingdra
|-resisted|p1a: Kingdra
|-damage|p1a: Kingdra|4/100
|-damage|p2a: Dondozo|90/100|[from] Recoil
|
|-heal|p2a: Dondozo|96/100|[from] item: Leftovers
|upkeep
|turn|14
|
|t:|1760786731
|move|p1a: Kingdra|Rest|p1a: Kingdra
|-status|p1a: Kingdra|slp|[from] move: Rest
|-heal|p1a: Kingdra|100/100 slp|[silent]
|move|p2a: Dondozo|Wave Crash|p1a: Kingdra
|-resisted|p1a: Kingdra
|-damage|p1a: Kingdra|87/100 slp
|-damage|p2a: Dondozo|94/100|[from] Recoil
|
|-heal|p2a: Dondozo|99/100|[from] item: Leftovers
|upkeep
|turn|15
|
|t:|1760786743
|cant|p1a: Kingdra|slp
|move|p2a: Dondozo|Earthquake|p1a: Kingdra
|-damage|p1a: Kingdra|61/100 slp
|
|-heal|p2a: Dondozo|100/100|[from] item: Leftovers
|upkeep
|turn|16
|
|t:|1760786751
|cant|p1a: Kingdra|slp
|move|p2a: Dondozo|Earthquake|p1a: Kingdra
|-crit|p1a: Kingdra
|-damage|p1a: Kingdra|16/100 slp
|
|upkeep
|turn|17
|
|t:|1760786757
|-curestatus|p1a: Kingdra|slp|[msg]
|move|p1a: Kingdra|Outrage|p2a: Dondozo
|-damage|p2a: Dondozo|76/100
|move|p2a: Dondozo|Earthquake|p1a: Kingdra
|-damage|p1a: Kingdra|0 fnt
|faint|p1a: Kingdra
|
|-heal|p2a: Dondozo|83/100|[from] item: Leftovers
|upkeep
|
|t:|1760786774
|switch|p1a: Altaria|Altaria, F|100/100
|-damage|p1a: Altaria|76/100|[from] Stealth Rock
|turn|18
|
|t:|1760786779
|switch|p2a: Ting-Lu|Ting-Lu|100/100
|-ability|p2a: Ting-Lu|Vessel of Ruin
|move|p1a: Altaria|Will-O-Wisp|p2a: Ting-Lu|[miss]
|-miss|p1a: Altaria|p2a: Ting-Lu
|
|-heal|p1a: Altaria|82/100|[from] item: Leftovers
|upkeep
|turn|19
|
|t:|1760786789
|move|p1a: Altaria|Will-O-Wisp|p2a: Ting-Lu
|-status|p2a: Ting-Lu|brn
|move|p2a: Ting-Lu|Ruination|p1a: Altaria
|-damage|p1a: Altaria|41/100
|
|-heal|p1a: Altaria|47/100|[from] item: Leftovers
|-damage|p2a: Ting-Lu|94/100 brn|[from] brn
|upkeep
|turn|20
|
|t:|1760786811
|move|p1a: Altaria|Hurricane|p2a: Ting-Lu
|-damage|p2a: Ting-Lu|70/100 brn
|-start|p2a: Ting-Lu|confusion
|-activate|p2a: Ting-Lu|confusion
|-damage|p2a: Ting-Lu|67/100 brn|[from] confusion
|
|-heal|p1a: Altaria|54/100|[from] item: Leftovers
|-heal|p2a: Ting-Lu|73/100 brn|[from] item: Leftovers
|-damage|p2a: Ting-Lu|67/100 brn|[from] brn
|upkeep
|turn|21
|
|t:|1760786821
|move|p1a: Altaria|Dragon Pulse|p2a: Ting-Lu
|-damage|p2a: Ting-Lu|50/100 brn
|-activate|p2a: Ting-Lu|confusion
|-damage|p2a: Ting-Lu|47/100 brn|[from] confusion
|
|-heal|p1a: Altaria|60/100|[from] item: Leftovers
|-heal|p2a: Ting-Lu|53/100 brn|[from] item: Leftovers
|-damage|p2a: Ting-Lu|47/100 brn|[from] brn
|upkeep
|turn|22
|
|t:|1760786833
|move|p1a: Altaria|Dragon Pulse|p2a: Ting-Lu
|-damage|p2a: Ting-Lu|29/100 brn
|-activate|p2a: Ting-Lu|confusion
|move|p2a: Ting-Lu|Rest|p2a: Ting-Lu
|-status|p2a: Ting-Lu|slp|[from] move: Rest
|-heal|p2a: Ting-Lu|100/100 slp|[silent]
|
|-heal|p1a: Altaria|66/100|[from] item: Leftovers
|upkeep
|turn|23
|
|t:|1760786842
|move|p1a: Altaria|Dragon Pulse|p2a: Ting-Lu
|-damage|p2a: Ting-Lu|83/100 slp
|cant|p2a: Ting-Lu|slp
|-end|p2a: Ting-Lu|confusion
|move|p2a: Ting-Lu|Sleep Talk|p2a: Ting-Lu
|move|p2a: Ting-Lu|Ruination|p1a: Altaria|[from] move: Sleep Talk
|-damage|p1a: Altaria|33/100
|
|-heal|p1a: Altaria|39/100|[from] item: Leftovers
|-heal|p2a: Ting-Lu|89/100 slp|[from] item: Leftovers
|upkeep
|turn|24
|
|t:|1760786855
|move|p1a: Altaria|Dragon Pulse|p2a: Ting-Lu
|-damage|p2a: Ting-Lu|72/100 slp
|cant|p2a: Ting-Lu|slp
|move|p2a: Ting-Lu|Sleep Talk|p2a: Ting-Lu
|move|p2a: Ting-Lu|Rest||[from] move: Sleep Talk|[still]
|-fail|p2a: Ting-Lu
|
|-heal|p1a: Altaria|46/100|[from] item: Leftovers
|-heal|p2a: Ting-Lu|78/100 slp|[from] item: Leftovers
|upkeep
|turn|25
|
|t:|1760786869
|move|p1a: Altaria|Hurricane|p2a: Ting-Lu
|-crit|p2a: Ting-Lu
|-damage|p2a: Ting-Lu|45/100 slp
|-start|p2a: Ting-Lu|confusion
|-curestatus|p2a: Ting-Lu|slp|[msg]
|-activate|p2a: Ting-Lu|confusion
|move|p2a: Ting-Lu|Ruination|p1a: Altaria
|-damage|p1a: Altaria|23/100
|
|-heal|p1a: Altaria|29/100|[from] item: Leftovers
|-heal|p2a: Ting-Lu|51/100|[from] item: Leftovers
|upkeep
|turn|26
|
|t:|1760786880
|move|p1a: Altaria|Hurricane|p2a: Ting-Lu
|-damage|p2a: Ting-Lu|27/100
|-activate|p2a: Ting-Lu|confusion
|move|p2a: Ting-Lu|Rest|p2a: Ting-Lu
|-status|p2a: Ting-Lu|slp|[from] move: Rest
|-heal|p2a: Ting-Lu|100/100 slp|[silent]
|
|-heal|p1a: Altaria|36/100|[from] item: Leftovers
|upkeep
|turn|27
|
|t:|1760786891
|move|p1a: Altaria|Hurricane|p2a: Ting-Lu
|-damage|p2a: Ting-Lu|78/100 slp
|cant|p2a: Ting-Lu|slp
|-activate|p2a: Ting-Lu|confusion
|-damage|p2a: Ting-Lu|75/100 slp|[from] confusion
|
|-heal|p1a: Altaria|42/100|[from] item: Leftovers
|-heal|p2a: Ting-Lu|81/100 slp|[from] item: Leftovers
|upkeep
|turn|28
|
|t:|1760786901
|move|p1a: Altaria|Hurricane|p2a: Ting-Lu
|-damage|p2a: Ting-Lu|58/100 slp
|cant|p2a: Ting-Lu|slp
|-activate|p2a: Ting-Lu|confusion
|-damage|p2a: Ting-Lu|54/100 slp|[from] confusion
|
|-heal|p1a: Altaria|48/100|[from] item: Leftovers
|-heal|p2a: Ting-Lu|60/100 slp|[from] item: Leftovers
|upkeep
|turn|29
|
|t:|1760786912
|move|p1a: Altaria|Hurricane|p2a: Ting-Lu
|-damage|p2a: Ting-Lu|40/100 slp
|-curestatus|p2a: Ting-Lu|slp|[msg]
|-end|p2a: Ting-Lu|confusion
|move|p2a: Ting-Lu|Ruination|p1a: Altaria
|-damage|p1a: Altaria|24/100
|
|-heal|p1a: Altaria|30/100|[from] item: Leftovers
|-heal|p2a: Ting-Lu|46/100|[from] item: Leftovers
|upkeep
|turn|30
|
|t:|1760786922
|move|p1a: Altaria|Hurricane|p2a: Ting-Lu
|-damage|p2a: Ting-Lu|23/100
|move|p2a: Ting-Lu|Rest|p2a: Ting-Lu
|-status|p2a: Ting-Lu|slp|[from] move: Rest
|-heal|p2a: Ting-Lu|100/100 slp|[silent]
|
|-heal|p1a: Altaria|37/100|[from] item: Leftovers
|upkeep
|turn|31
|
|t:|1760786932
|move|p1a: Altaria|Hurricane|p2a: Ting-Lu|[miss]
|-miss|p1a: Altaria|p2a: Ting-Lu
|cant|p2a: Ting-Lu|slp
|move|p2a: Ting-Lu|Sleep Talk|p2a: Ting-Lu
|move|p2a: Ting-Lu|Ruination|p1a: Altaria|[from] move: Sleep Talk
|-damage|p1a: Altaria|19/100
|
|-heal|p1a: Altaria|25/100|[from] item: Leftovers
|upkeep
|turn|32
|
|t:|1760786943
|move|p1a: Altaria|Hurricane|p2a: Ting-Lu
|-damage|p2a: Ting-Lu|79/100 slp
|cant|p2a: Ting-Lu|slp
|move|p2a: Ting-Lu|Sleep Talk|p2a: Ting-Lu
|move|p2a: Ting-Lu|Whirlwind|p1a: Altaria|[from] move: Sleep Talk
|drag|p1a: Salamence|Salamence, M|100/100
|-damage|p1a: Salamence|76/100|[from] Stealth Rock
|
|-heal|p2a: Ting-Lu|86/100 slp|[from] item: Leftovers
|upkeep
|turn|33
|
|t:|1760786960
|move|p1a: Salamence|Dragon Dance|p1a: Salamence
|-boost|p1a: Salamence|atk|1
|-boost|p1a: Salamence|spe|1
|-curestatus|p2a: Ting-Lu|slp|[msg]
|move|p2a: Ting-Lu|Ruination|p1a: Salamence
|-damage|p1a: Salamence|38/100
|
|-heal|p2a: Ting-Lu|92/100|[from] item: Leftovers
|upkeep
|turn|34
|
|t:|1760786977
|move|p1a: Salamence|Outrage|p2a: Ting-Lu
|-damage|p2a: Ting-Lu|43/100
|move|p2a: Ting-Lu|Whirlwind|p1a: Salamence
|drag|p1a: Gyarados|Gyarados, M|100/100
|-damage|p1a: Gyarados|76/100|[from] Stealth Rock
|-ability|p1a: Gyarados|Intimidate|boost
|-unboost|p2a: Ting-Lu|atk|1
|
|-heal|p2a: Ting-Lu|49/100|[from] item: Leftovers
|upkeep
|turn|35
|
|t:|1760786989
|move|p1a: Gyarados|Dragon Dance|p1a: Gyarados
|-boost|p1a: Gyarados|atk|1
|-boost|p1a: Gyarados|spe|1
|move|p2a: Ting-Lu|Whirlwind|p1a: Gyarados
|drag|p1a: Garchomp|Garchomp, F|100/100
|-damage|p1a: Garchomp|94/100|[from] Stealth Rock
|-status|p1a: Garchomp|tox
|-damage|p1a: Garchomp|82/100 tox|[from] Spikes
|
|-heal|p2a: Ting-Lu|55/100|[from] item: Leftovers
|-damage|p1a: Garchomp|76/100 tox|[from] psn
|upkeep
|turn|36
|
|t:|1760787007
|move|p1a: Garchomp|Earthquake|p2a: Ting-Lu
|-damage|p2a: Ting-Lu|31/100
|move|p2a: Ting-Lu|Rest|p2a: Ting-Lu
|-status|p2a: Ting-Lu|slp|[from] move: Rest
|-heal|p2a: Ting-Lu|100/100 slp|[silent]
|
|-damage|p1a: Garchomp|64/100 tox|[from] psn
|upkeep
|turn|37
|inactive|lovely_femboy-Tt has 120 seconds left.
|
|t:|1760787024
|move|p1a: Garchomp|Swords Dance|p1a: Garchomp
|-boost|p1a: Garchomp|atk|2
|cant|p2a: Ting-Lu|slp
|move|p2a: Ting-Lu|Sleep Talk|p2a: Ting-Lu
|move|p2a: Ting-Lu|Rest||[from] move: Sleep Talk|[still]
|-fail|p2a: Ting-Lu
|
|-damage|p1a: Garchomp|45/100 tox|[from] psn
|upkeep
|turn|38
|inactive|lovely_femboy-Tt has 120 seconds left.
|
|t:|1760787040
|switch|p2a: Dondozo|Dondozo, M|83/100
|move|p1a: Garchomp|Swords Dance|p1a: Garchomp
|-boost|p1a: Garchomp|atk|2
|
|-heal|p2a: Dondozo|89/100|[from] item: Leftovers
|-damage|p1a: Garchomp|20/100 tox|[from] psn
|upkeep
|turn|39
|inactive|lovely_femboy-Tt has 120 seconds left.
|
|t:|1760787056
|move|p1a: Garchomp|Earthquake|p2a: Dondozo
|-damage|p2a: Dondozo|67/100
|move|p2a: Dondozo|Earthquake|p1a: Garchomp
|-damage|p1a: Garchomp|0 fnt
|faint|p1a: Garchomp
|
|-heal|p2a: Dondozo|73/100|[from] item: Leftovers
|upkeep
|-message|lovely_femboy-Tt forfeited.
|
|win|wuliaodesheng
|raw|lovely_femboy-Tt's rating: 1070 &rarr; <strong>1049</strong><br />(-21 for losing)
|raw|wuliaodesheng's rating: 1067 &rarr; <strong>1097</strong><br />(+30 for winning)
|l|☆lovely_femboy-Tt
|player|p1|
|l|☆wuliaodesheng
|player|p2|
