|j|☆kuraiyagare
|j|☆01NoRu
|t:|1760798762
|gametype|singles
|player|p1|kuraiyagare|mars|1306
|player|p2|01NoRu|170|1267
|gen|9
|tier|[Gen 9] OU
|rated|
|rule|HP Percentage Mod: HP is shown in percentages
|rule|Endless Battle Clause: Forcing endless battles is banned
|rule|Species Clause: Limit one of each Pokémon
|rule|OHKO Clause: OHKO moves are banned
|rule|Evasion Items Clause: Evasion items are banned
|rule|Evasion Moves Clause: Evasion moves are banned
|rule|Evasion Abilities Clause: Evasion abilities are banned
|rule|Sleep Moves Clause: Sleep-inducing moves are banned
|clearpoke
|poke|p1|Bastiodon, F|
|poke|p1|Gardevoir, F|
|poke|p1|Talonflame, F|
|poke|p1|Lokix, F|
|poke|p1|Drifblim, M|
|poke|p1|Serperior, F|
|poke|p2|Ninetales, F|
|poke|p2|Ceruledge, M|
|poke|p2|Venusaur, F|
|poke|p2|Hatterene, F|
|poke|p2|Great Tusk|
|poke|p2|Walking Wake|
|teampreview
|inactive|Battle timer is ON: inactive players will automatically lose when time's up. (requested by 01NoRu)
|inactive|kuraiyagare has 120 seconds left.
|inactive|kuraiyagare has 90 seconds left.
|inactive|kuraiyagare has 60 seconds left.
|
|t:|1760798877
|teamsize|p1|6
|teamsize|p2|6
|start
|switch|p1a: Drifflim|Drifblim, M|100/100
|switch|p2a: Kurama Chakra Mode|Ninetales, F|100/100
|-weather|SunnyDay|[from] ability: Drought|[of] p2a: Kurama Chakra Mode
|turn|1
|inactive|01NoRu has 120 seconds left.
|
|t:|1760798931
|move|p2a: Kurama Chakra Mode|Will-O-Wisp|p1a: Drifflim
|-status|p1a: Drifflim|brn
|move|p1a: Drifflim|Calm Mind|p1a: Drifflim
|-boost|p1a: Drifflim|spa|1
|-boost|p1a: Drifflim|spd|1
|
|-weather|SunnyDay|[upkeep]
|-damage|p1a: Drifflim|94/100 brn|[from] brn
|upkeep
|turn|2
|
|t:|1760798940
|move|p2a: Kurama Chakra Mode|Encore|p1a: Drifflim
|-start|p1a: Drifflim|Encore
|move|p1a: Drifflim|Calm Mind|p1a: Drifflim
|-boost|p1a: Drifflim|spa|1
|-boost|p1a: Drifflim|spd|1
|
|-weather|SunnyDay|[upkeep]
|-damage|p1a: Drifflim|88/100 brn|[from] brn
|upkeep
|turn|3
|
|t:|1760798947
|switch|p1a: Bastiodon|Bastiodon, F|100/100
|move|p2a: Kurama Chakra Mode|Flamethrower|p1a: Bastiodon
|-damage|p1a: Bastiodon|67/100
|
|-weather|SunnyDay|[upkeep]
|upkeep
|turn|4
|
|t:|1760798967
|switch|p2a: Venu Vidi Vici|Venusaur, F|100/100
|move|p1a: Bastiodon|Rest|p1a: Bastiodon
|-status|p1a: Bastiodon|slp|[from] move: Rest
|-heal|p1a: Bastiodon|100/100 slp|[silent]
|-enditem|p1a: Bastiodon|Chesto Berry|[eat]
|-curestatus|p1a: Bastiodon|slp|[msg]
|
|-weather|SunnyDay|[upkeep]
|upkeep
|turn|5
|
|t:|1760798977
|move|p2a: Venu Vidi Vici|Weather Ball|p1a: Bastiodon
|-damage|p1a: Bastiodon|49/100
|-damage|p2a: Venu Vidi Vici|91/100|[from] item: Life Orb
|move|p1a: Bastiodon|Stealth Rock|p2a: Venu Vidi Vici
|-sidestart|p2: 01NoRu|move: Stealth Rock
|
|-weather|SunnyDay|[upkeep]
|upkeep
|turn|6
|
|t:|1760798984
|move|p2a: Venu Vidi Vici|Weather Ball|p1a: Bastiodon
|-damage|p1a: Bastiodon|2/100
|-damage|p2a: Venu Vidi Vici|81/100|[from] item: Life Orb
|move|p1a: Bastiodon|Roar|p2a: Venu Vidi Vici
|drag|p2a: Dubya|Walking Wake|100/100
|-damage|p2a: Dubya|88/100|[from] Stealth Rock
|-activate|p2a: Dubya|ability: Protosynthesis
|-start|p2a: Dubya|protosynthesisspa
|
|-weather|SunnyDay|[upkeep]
|upkeep
|turn|7
|inactive|01NoRu has 120 seconds left.
|
|t:|1760798994
|move|p2a: Dubya|Hydro Steam|p1a: Bastiodon
|-supereffective|p1a: Bastiodon
|-damage|p1a: Bastiodon|0 fnt
|faint|p1a: Bastiodon
|
|-weather|SunnyDay|[upkeep]
|upkeep
|
|t:|1760798999
|switch|p1a: Gardenia|Gardevoir, F|100/100
|turn|8
|
|t:|1760799003
|move|p2a: Dubya|Hydro Steam|p1a: Gardenia
|-enditem|p1a: Gardenia|Focus Sash
|-damage|p1a: Gardenia|1/100
|move|p1a: Gardenia|Moonblast|p2a: Dubya
|-supereffective|p2a: Dubya
|-damage|p2a: Dubya|0 fnt
|faint|p2a: Dubya
|-end|p2a: Dubya|Protosynthesis|[silent]
|
|-weather|none
|upkeep
|
|t:|1760799013
|switch|p2a: Lynrd Spynrd|Great Tusk|100/100
|-damage|p2a: Lynrd Spynrd|98/100|[from] Stealth Rock
|turn|9
|
|t:|1760799017
|switch|p1a: Drifflim|Drifblim, M|88/100 brn
|move|p2a: Lynrd Spynrd|Ice Spinner|p1a: Drifflim
|-supereffective|p1a: Drifflim
|-crit|p1a: Drifflim
|-damage|p1a: Drifflim|3/100 brn
|-enditem|p1a: Drifflim|Weakness Policy
|-boost|p1a: Drifflim|atk|2|[from] item: Weakness Policy
|-boost|p1a: Drifflim|spa|2|[from] item: Weakness Policy
|
|-damage|p1a: Drifflim|0 fnt|[from] brn
|faint|p1a: Drifflim
|upkeep
|
|t:|1760799022
|switch|p1a: Serperior|Serperior, F|100/100
|turn|10
|
|t:|1760799032
|move|p1a: Serperior|Leaf Storm|p2a: Lynrd Spynrd
|-supereffective|p2a: Lynrd Spynrd
|-damage|p2a: Lynrd Spynrd|0 fnt
|-boost|p1a: Serperior|spa|2
|faint|p2a: Lynrd Spynrd
|-end|p2a: Lynrd Spynrd|Protosynthesis|[silent]
|
|upkeep
|
|t:|1760799037
|switch|p2a: Kurama Chakra Mode|Ninetales, F|100/100
|-damage|p2a: Kurama Chakra Mode|76/100|[from] Stealth Rock
|-weather|SunnyDay|[from] ability: Drought|[of] p2a: Kurama Chakra Mode
|turn|11
|
|t:|1760799047
|-terastallize|p1a: Serperior|Dragon
|move|p1a: Serperior|Glare|p2a: Kurama Chakra Mode
|-status|p2a: Kurama Chakra Mode|par
|move|p2a: Kurama Chakra Mode|Will-O-Wisp|p1a: Serperior
|-status|p1a: Serperior|brn
|
|-weather|SunnyDay|[upkeep]
|-damage|p1a: Serperior|94/100 brn|[from] brn
|upkeep
|turn|12
|
|t:|1760799061
|switch|p2a: Die w A Smile|Hatterene, F|100/100
|-damage|p2a: Die w A Smile|88/100|[from] Stealth Rock
|move|p1a: Serperior|Substitute|p1a: Serperior
|-start|p1a: Serperior|Substitute
|-damage|p1a: Serperior|70/100 brn
|
|-weather|SunnyDay|[upkeep]
|-damage|p1a: Serperior|63/100 brn|[from] brn
|upkeep
|turn|13
|
|t:|1760799072
|move|p1a: Serperior|Leaf Storm|p2a: Die w A Smile
|-damage|p2a: Die w A Smile|4/100
|-boost|p1a: Serperior|spa|2
|-enditem|p2a: Die w A Smile|Eject Button
|-heal|p1a: Serperior|75/100 brn|[from] item: Shell Bell|[of] p2a: Die w A Smile
|
|t:|1760799091
|switch|p2a: Kurama Chakra Mode|Ninetales, F|76/100 par
|-damage|p2a: Kurama Chakra Mode|51/100 par|[from] Stealth Rock
|
|-weather|SunnyDay|[upkeep]
|-damage|p1a: Serperior|69/100 brn|[from] brn
|upkeep
|turn|14
|
|t:|1760799097
|move|p1a: Serperior|Dragon Pulse|p2a: Kurama Chakra Mode
|-damage|p2a: Kurama Chakra Mode|0 fnt
|faint|p2a: Kurama Chakra Mode
|-heal|p1a: Serperior|76/100 brn|[from] item: Shell Bell|[of] p2: Kurama Chakra Mode
|
|-weather|SunnyDay|[upkeep]
|-damage|p1a: Serperior|70/100 brn|[from] brn
|upkeep
|
|t:|1760799109
|switch|p2a: Slayboi Carti|Ceruledge, M|100/100
|-damage|p2a: Slayboi Carti|76/100|[from] Stealth Rock
|turn|15
|
|t:|1760799117
|move|p1a: Serperior|Dragon Pulse|p2a: Slayboi Carti
|-damage|p2a: Slayboi Carti|0 fnt
|faint|p2a: Slayboi Carti
|-heal|p1a: Serperior|79/100 brn|[from] item: Shell Bell|[of] p2: Slayboi Carti
|
|-weather|SunnyDay|[upkeep]
|-damage|p1a: Serperior|73/100 brn|[from] brn
|upkeep
|
|t:|1760799122
|switch|p2a: Die w A Smile|Hatterene, F|4/100
|-damage|p2a: Die w A Smile|0 fnt|[from] Stealth Rock
|faint|p2a: Die w A Smile
|
|t:|1760799125
|switch|p2a: Venu Vidi Vici|Venusaur, F|81/100
|-damage|p2a: Venu Vidi Vici|68/100|[from] Stealth Rock
|turn|16
|
|t:|1760799130
|move|p2a: Venu Vidi Vici|Weather Ball|p1a: Serperior
|-resisted|p1a: Serperior
|-end|p1a: Serperior|Substitute
|-damage|p2a: Venu Vidi Vici|58/100|[from] item: Life Orb
|move|p1a: Serperior|Dragon Pulse|p2a: Venu Vidi Vici
|-damage|p2a: Venu Vidi Vici|0 fnt
|faint|p2a: Venu Vidi Vici
|-heal|p1a: Serperior|80/100 brn|[from] item: Shell Bell|[of] p2: Venu Vidi Vici
|
|win|kuraiyagare
|raw|kuraiyagare's rating: 1306 &rarr; <strong>1324</strong><br />(+18 for winning)
|raw|01NoRu's rating: 1267 &rarr; <strong>1245</strong><br />(-22 for losing)
|l|☆01NoRu
|player|p2|
|l|☆kuraiyagare
|player|p1|
