|j|☆sus skibidi
|j|☆xw haha
|t:|1760775627
|gametype|singles
|player|p1|sus skibidi|miku-ice|1514
|player|p2|xw haha|volkner|1435
|gen|9
|tier|[Gen 9] OU
|rated|
|rule|HP Percentage Mod: HP is shown in percentages
|rule|Endless Battle Clause: Forcing endless battles is banned
|rule|Species Clause: Limit one of each Pokémon
|rule|OHKO Clause: OHKO moves are banned
|rule|Evasion Items Clause: Evasion items are banned
|rule|Evasion Moves Clause: Evasion moves are banned
|rule|Evasion Abilities Clause: Evasion abilities are banned
|rule|Sleep Moves Clause: Sleep-inducing moves are banned
|clearpoke
|poke|p1|Metagross|
|poke|p1|Dragonite, M|
|poke|p1|Rotom-Heat|
|poke|p1|Great Tusk|
|poke|p1|Clefable, F|
|poke|p1|Pecharunt|
|poke|p2|Corviknight, F|
|poke|p2|Garganacl, M|
|poke|p2|Cinderace, F|
|poke|p2|Iron Valiant|
|poke|p2|Great Tusk|
|poke|p2|Raging Bolt|
|teampreview
|inactive|Battle timer is ON: inactive players will automatically lose when time's up. (requested by xw haha)
|
|t:|1760775641
|teamsize|p1|6
|teamsize|p2|6
|start
|switch|p1a: Rotom|Rotom-Heat|100/100
|switch|p2a: Garganacl|Garganacl, M|100/100
|turn|1
|
|t:|1760775648
|move|p2a: Garganacl|Protect|p2a: Garganacl
|-singleturn|p2a: Garganacl|Protect
|move|p1a: Rotom|Volt Switch|p2a: Garganacl
|-activate|p2a: Garganacl|move: Protect
|
|upkeep
|turn|2
|
|t:|1760775655
|move|p1a: Rotom|Volt Switch|p2a: Garganacl
|-damage|p2a: Garganacl|84/100
|
|t:|1760775657
|switch|p1a: Clefable|Clefable, F|100/100|[from] Volt Switch
|move|p2a: Garganacl|Salt Cure|p1a: Clefable
|-damage|p1a: Clefable|90/100
|-start|p1a: Clefable|Salt Cure
|
|-heal|p1a: Clefable|96/100|[from] item: Leftovers
|-heal|p2a: Garganacl|90/100|[from] item: Leftovers
|upkeep
|turn|3
|
|t:|1760775668
|switch|p2a: Corviknight|Corviknight, F|100/100
|move|p1a: Clefable|Calm Mind|p1a: Clefable
|-boost|p1a: Clefable|spa|1
|-boost|p1a: Clefable|spd|1
|
|-heal|p1a: Clefable|100/100|[from] item: Leftovers
|upkeep
|turn|4
|
|t:|1760775678
|move|p2a: Corviknight|U-turn|p1a: Clefable
|-resisted|p1a: Clefable
|-damage|p1a: Clefable|95/100
|
|t:|1760775681
|switch|p2a: Cinderace|Cinderace, F|100/100|[from] U-turn
|move|p1a: Clefable|Calm Mind|p1a: Clefable
|-boost|p1a: Clefable|spa|1
|-boost|p1a: Clefable|spd|1
|
|-heal|p1a: Clefable|100/100|[from] item: Leftovers
|upkeep
|turn|5
|
|t:|1760775698
|switch|p1a: Pecharunt|Pecharunt|100/100
|move|p2a: Cinderace|Pyro Ball|p1a: Pecharunt
|-damage|p1a: Pecharunt|75/100
|
|upkeep
|turn|6
|
|t:|1760775708
|move|p2a: Cinderace|U-turn|p1a: Pecharunt
|-start|p2a: Cinderace|typechange|Bug|[from] ability: Libero
|-resisted|p1a: Pecharunt
|-damage|p1a: Pecharunt|71/100
|
|t:|1760775718
|switch|p2a: Garganacl|Garganacl, M|90/100|[from] U-turn
|move|p1a: Pecharunt|Parting Shot|p2a: Garganacl
|-unboost|p2a: Garganacl|atk|1
|-unboost|p2a: Garganacl|spa|1
|
|t:|1760775721
|switch|p1a: Clefable|Clefable, F|100/100|[from] Parting Shot
|
|-heal|p2a: Garganacl|96/100|[from] item: Leftovers
|upkeep
|turn|7
|
|t:|1760775735
|switch|p2a: Cinderace|Cinderace, F|100/100
|move|p1a: Clefable|Calm Mind|p1a: Clefable
|-boost|p1a: Clefable|spa|1
|-boost|p1a: Clefable|spd|1
|
|upkeep
|turn|8
|
|t:|1760775744
|move|p2a: Cinderace|Pyro Ball|p1a: Clefable
|-damage|p1a: Clefable|57/100
|move|p1a: Clefable|Calm Mind|p1a: Clefable
|-boost|p1a: Clefable|spa|1
|-boost|p1a: Clefable|spd|1
|
|-heal|p1a: Clefable|63/100|[from] item: Leftovers
|upkeep
|turn|9
|
|t:|1760775753
|move|p2a: Cinderace|Pyro Ball|p1a: Clefable
|-damage|p1a: Clefable|16/100
|move|p1a: Clefable|Moonlight|p1a: Clefable
|-heal|p1a: Clefable|66/100
|
|-heal|p1a: Clefable|72/100|[from] item: Leftovers
|upkeep
|turn|10
|
|t:|1760775761
|move|p2a: Cinderace|Pyro Ball|p1a: Clefable|[miss]
|-miss|p2a: Cinderace|p1a: Clefable
|move|p1a: Clefable|Moonlight|p1a: Clefable
|-heal|p1a: Clefable|100/100
|
|upkeep
|turn|11
|
|t:|1760775771
|move|p2a: Cinderace|Pyro Ball|p1a: Clefable
|-damage|p1a: Clefable|55/100
|-status|p1a: Clefable|brn
|move|p1a: Clefable|Shadow Ball|p2a: Cinderace
|-damage|p2a: Cinderace|52/100
|
|-heal|p1a: Clefable|61/100 brn|[from] item: Leftovers
|upkeep
|turn|12
|
|t:|1760775780
|move|p2a: Cinderace|U-turn|p1a: Clefable
|-start|p2a: Cinderace|typechange|Bug|[from] ability: Libero
|-resisted|p1a: Clefable
|-damage|p1a: Clefable|48/100 brn
|
|t:|1760775790
|switch|p2a: Great Tusk|Great Tusk|100/100|[from] U-turn
|move|p1a: Clefable|Moonlight|p1a: Clefable
|-heal|p1a: Clefable|98/100 brn
|
|-heal|p1a: Clefable|100/100 brn|[from] item: Leftovers
|upkeep
|turn|13
|
|t:|1760775802
|move|p2a: Great Tusk|Knock Off|p1a: Clefable
|-resisted|p1a: Clefable
|-damage|p1a: Clefable|87/100 brn
|-enditem|p1a: Clefable|Leftovers|[from] move: Knock Off|[of] p2a: Great Tusk
|move|p1a: Clefable|Moonblast|p2a: Great Tusk
|-supereffective|p2a: Great Tusk
|-damage|p2a: Great Tusk|0 fnt
|faint|p2a: Great Tusk
|-end|p2a: Great Tusk|Protosynthesis|[silent]
|
|upkeep
|
|t:|1760775815
|switch|p2a: Corviknight|Corviknight, F|100/100
|turn|14
|
|t:|1760775819
|move|p2a: Corviknight|Brave Bird|p1a: Clefable
|-damage|p1a: Clefable|61/100 brn
|-damage|p2a: Corviknight|92/100|[from] Recoil
|move|p1a: Clefable|Shadow Ball|p2a: Corviknight
|-damage|p2a: Corviknight|56/100
|
|upkeep
|turn|15
|
|t:|1760775831
|move|p2a: Corviknight|U-turn|p1a: Clefable
|-resisted|p1a: Clefable
|-damage|p1a: Clefable|55/100 brn
|
|t:|1760775834
|switch|p2a: Raging Bolt|Raging Bolt|100/100|[from] U-turn
|move|p1a: Clefable|Shadow Ball|p2a: Raging Bolt
|-damage|p2a: Raging Bolt|80/100
|
|upkeep
|turn|16
|
|t:|1760775845
|move|p2a: Raging Bolt|Volt Switch|p1a: Clefable
|-crit|p1a: Clefable
|-damage|p1a: Clefable|0 fnt
|faint|p1a: Clefable
|
|t:|1760775853
|-end|p2a: Raging Bolt|Protosynthesis|[silent]
|switch|p2a: Garganacl|Garganacl, M|96/100|[from] Volt Switch
|
|-heal|p2a: Garganacl|100/100|[from] item: Leftovers
|upkeep
|
|t:|1760775863
|switch|p1a: Metagross|Metagross|100/100
|turn|17
|
|t:|1760775871
|switch|p2a: Corviknight|Corviknight, F|56/100
|move|p1a: Metagross|Heavy Slam|p2a: Corviknight
|-resisted|p2a: Corviknight
|-damage|p2a: Corviknight|26/100
|-damage|p1a: Metagross|84/100|[from] item: Rocky Helmet|[of] p2a: Corviknight
|
|upkeep
|turn|18
|
|t:|1760775891
|move|p1a: Metagross|Heavy Slam|p2a: Corviknight
|-resisted|p2a: Corviknight
|-damage|p2a: Corviknight|0 fnt
|-damage|p1a: Metagross|67/100|[from] item: Rocky Helmet|[of] p2a: Corviknight
|faint|p2a: Corviknight
|
|upkeep
|
|t:|1760775898
|switch|p2a: Cinderace|Cinderace, F|52/100
|turn|19
|
|t:|1760775907
|switch|p1a: Rotom|Rotom-Heat|100/100
|move|p2a: Cinderace|U-turn|p1a: Rotom
|-start|p2a: Cinderace|typechange|Bug|[from] ability: Libero
|-resisted|p1a: Rotom
|-damage|p1a: Rotom|85/100
|
|t:|1760775914
|switch|p2a: Garganacl|Garganacl, M|100/100|[from] U-turn
|
|upkeep
|turn|20
|
|t:|1760775925
|move|p1a: Rotom|Volt Switch|p2a: Garganacl
|-damage|p2a: Garganacl|85/100
|
|t:|1760775927
|switch|p1a: Great Tusk|Great Tusk|100/100|[from] Volt Switch
|move|p2a: Garganacl|Salt Cure|p1a: Great Tusk
|-resisted|p1a: Great Tusk
|-damage|p1a: Great Tusk|98/100
|-start|p1a: Great Tusk|Salt Cure
|
|-heal|p2a: Garganacl|91/100|[from] item: Leftovers
|-damage|p1a: Great Tusk|86/100|[from] Salt Cure
|upkeep
|turn|21
|
|t:|1760775939
|-terastallize|p2a: Garganacl|Ghost
|move|p1a: Great Tusk|Headlong Rush|p2a: Garganacl
|-damage|p2a: Garganacl|51/100
|-unboost|p1a: Great Tusk|def|1
|-unboost|p1a: Great Tusk|spd|1
|move|p2a: Garganacl|Stealth Rock|p1a: Great Tusk
|-sidestart|p1: sus skibidi|move: Stealth Rock
|
|-heal|p2a: Garganacl|58/100|[from] item: Leftovers
|-damage|p1a: Great Tusk|74/100|[from] Salt Cure
|upkeep
|turn|22
|
|t:|1760775952
|move|p2a: Garganacl|Protect|p2a: Garganacl
|-singleturn|p2a: Garganacl|Protect
|move|p1a: Great Tusk|Stealth Rock|p2a: Garganacl
|-sidestart|p2: xw haha|move: Stealth Rock
|
|-heal|p2a: Garganacl|64/100|[from] item: Leftovers
|-damage|p1a: Great Tusk|61/100|[from] Salt Cure
|upkeep
|turn|23
|
|t:|1760775967
|-end|p1a: Great Tusk|Protosynthesis|[silent]
|switch|p1a: Rotom|Rotom-Heat|85/100
|move|p2a: Garganacl|Recover|p2a: Garganacl
|-heal|p2a: Garganacl|100/100
|
|upkeep
|turn|24
|
|t:|1760775973
|move|p1a: Rotom|Overheat|p2a: Garganacl
|-damage|p2a: Garganacl|72/100
|-unboost|p1a: Rotom|spa|2
|move|p2a: Garganacl|Salt Cure|p1a: Rotom
|-supereffective|p1a: Rotom
|-damage|p1a: Rotom|63/100
|-start|p1a: Rotom|Salt Cure
|
|-heal|p2a: Garganacl|78/100|[from] item: Leftovers
|-damage|p1a: Rotom|51/100|[from] Salt Cure
|upkeep
|turn|25
|
|t:|1760775985
|move|p1a: Rotom|Pain Split|p2a: Garganacl
|-sethp|p2a: Garganacl|58/100|[from] move: Pain Split|[silent]
|-sethp|p1a: Rotom|77/100|[from] move: Pain Split
|move|p2a: Garganacl|Salt Cure|p1a: Rotom
|-supereffective|p1a: Rotom
|-damage|p1a: Rotom|55/100
|
|-heal|p2a: Garganacl|64/100|[from] item: Leftovers
|-damage|p1a: Rotom|43/100|[from] Salt Cure
|upkeep
|turn|26
|
|t:|1760775996
|move|p2a: Garganacl|Protect|p2a: Garganacl
|-singleturn|p2a: Garganacl|Protect
|move|p1a: Rotom|Pain Split|p2a: Garganacl
|-activate|p2a: Garganacl|move: Protect
|
|-heal|p2a: Garganacl|71/100|[from] item: Leftovers
|-damage|p1a: Rotom|31/100|[from] Salt Cure
|upkeep
|turn|27
|
|t:|1760776006
|switch|p2a: Cinderace|Cinderace, F|52/100
|move|p1a: Rotom|Pain Split|p2a: Cinderace
|-sethp|p2a: Cinderace|42/100|[from] move: Pain Split|[silent]
|-sethp|p1a: Rotom|41/100|[from] move: Pain Split
|
|-damage|p1a: Rotom|29/100|[from] Salt Cure
|upkeep
|turn|28
|
|t:|1760776015
|move|p2a: Cinderace|U-turn|p1a: Rotom
|-start|p2a: Cinderace|typechange|Bug|[from] ability: Libero
|-resisted|p1a: Rotom
|-damage|p1a: Rotom|14/100
|
|t:|1760776022
|switch|p2a: Raging Bolt|Raging Bolt|80/100|[from] U-turn
|-damage|p2a: Raging Bolt|68/100|[from] Stealth Rock
|move|p1a: Rotom|Volt Switch|p2a: Raging Bolt
|-resisted|p2a: Raging Bolt
|-damage|p2a: Raging Bolt|66/100
|
|t:|1760776027
|switch|p1a: Great Tusk|Great Tusk|61/100|[from] Volt Switch
|
|upkeep
|turn|29
|
|t:|1760776044
|move|p1a: Great Tusk|Headlong Rush|p2a: Raging Bolt
|-supereffective|p2a: Raging Bolt
|-damage|p2a: Raging Bolt|0 fnt
|-unboost|p1a: Great Tusk|def|1
|-unboost|p1a: Great Tusk|spd|1
|faint|p2a: Raging Bolt
|-end|p2a: Raging Bolt|Protosynthesis|[silent]
|
|upkeep
|
|t:|1760776051
|switch|p2a: Iron Valiant|Iron Valiant|100/100
|-damage|p2a: Iron Valiant|94/100|[from] Stealth Rock
|-enditem|p2a: Iron Valiant|Booster Energy
|-activate|p2a: Iron Valiant|ability: Quark Drive|[fromitem]
|-start|p2a: Iron Valiant|quarkdrivespe
|turn|30
|
|t:|1760776061
|move|p2a: Iron Valiant|Moonblast|p1a: Great Tusk
|-supereffective|p1a: Great Tusk
|-damage|p1a: Great Tusk|0 fnt
|faint|p1a: Great Tusk
|-end|p1a: Great Tusk|Protosynthesis|[silent]
|
|upkeep
|
|t:|1760776068
|switch|p1a: Pecharunt|Pecharunt|71/100
|turn|31
|
|t:|1760776074
|-end|p2a: Iron Valiant|Quark Drive|[silent]
|switch|p2a: Garganacl|Garganacl, M, tera:Ghost|71/100
|-damage|p2a: Garganacl|58/100|[from] Stealth Rock
|move|p1a: Pecharunt|Malignant Chain|p2a: Garganacl
|-resisted|p2a: Garganacl
|-damage|p2a: Garganacl|47/100
|
|-heal|p2a: Garganacl|53/100|[from] item: Leftovers
|upkeep
|turn|32
|
|t:|1760776086
|move|p1a: Pecharunt|Parting Shot|p2a: Garganacl
|-unboost|p2a: Garganacl|atk|1
|-unboost|p2a: Garganacl|spa|1
|
|t:|1760776090
|switch|p1a: Rotom|Rotom-Heat|14/100|[from] Parting Shot
|move|p2a: Garganacl|Salt Cure|p1a: Rotom
|-supereffective|p1a: Rotom
|-damage|p1a: Rotom|0 fnt
|faint|p1a: Rotom
|
|-heal|p2a: Garganacl|60/100|[from] item: Leftovers
|upkeep
|
|t:|1760776096
|switch|p1a: Metagross|Metagross|67/100
|-damage|p1a: Metagross|61/100|[from] Stealth Rock
|turn|33
|
|t:|1760776106
|switch|p2a: Iron Valiant|Iron Valiant|94/100
|-damage|p2a: Iron Valiant|88/100|[from] Stealth Rock
|move|p1a: Metagross|Psychic Fangs|p2a: Iron Valiant
|-supereffective|p2a: Iron Valiant
|-damage|p2a: Iron Valiant|0 fnt
|faint|p2a: Iron Valiant
|-end|p2a: Iron Valiant|Quark Drive|[silent]
|
|upkeep
|
|t:|1760776116
|switch|p2a: Cinderace|Cinderace, F|42/100
|turn|34
|
|t:|1760776127
|switch|p1a: Pecharunt|Pecharunt|71/100
|move|p2a: Cinderace|Pyro Ball|p1a: Pecharunt
|-damage|p1a: Pecharunt|46/100
|
|upkeep
|turn|35
|
|t:|1760776137
|move|p2a: Cinderace|U-turn|p1a: Pecharunt
|-start|p2a: Cinderace|typechange|Bug|[from] ability: Libero
|-resisted|p1a: Pecharunt
|-damage|p1a: Pecharunt|42/100
|
|t:|1760776143
|switch|p2a: Garganacl|Garganacl, M, tera:Ghost|60/100|[from] U-turn
|-damage|p2a: Garganacl|47/100|[from] Stealth Rock
|move|p1a: Pecharunt|Recover|p1a: Pecharunt
|-heal|p1a: Pecharunt|92/100
|
|-heal|p2a: Garganacl|53/100|[from] item: Leftovers
|upkeep
|turn|36
|
|t:|1760776154
|move|p1a: Pecharunt|Shadow Ball|p2a: Garganacl
|-supereffective|p2a: Garganacl
|-damage|p2a: Garganacl|36/100
|move|p2a: Garganacl|Salt Cure|p1a: Pecharunt
|-damage|p1a: Pecharunt|86/100
|-start|p1a: Pecharunt|Salt Cure
|
|-heal|p2a: Garganacl|42/100|[from] item: Leftovers
|-damage|p1a: Pecharunt|73/100|[from] Salt Cure
|upkeep
|turn|37
|
|t:|1760776165
|move|p1a: Pecharunt|Parting Shot|p2a: Garganacl
|-unboost|p2a: Garganacl|atk|1
|-unboost|p2a: Garganacl|spa|1
|
|t:|1760776168
|switch|p1a: Metagross|Metagross|61/100|[from] Parting Shot
|-damage|p1a: Metagross|55/100|[from] Stealth Rock
|move|p2a: Garganacl|Recover|p2a: Garganacl
|-heal|p2a: Garganacl|92/100
|
|-heal|p2a: Garganacl|98/100|[from] item: Leftovers
|upkeep
|turn|38
|
|t:|1760776179
|move|p1a: Metagross|Psychic Fangs|p2a: Garganacl
|-damage|p2a: Garganacl|49/100
|move|p2a: Garganacl|Salt Cure|p1a: Metagross
|-resisted|p1a: Metagross
|-damage|p1a: Metagross|51/100
|-start|p1a: Metagross|Salt Cure
|
|-heal|p2a: Garganacl|55/100|[from] item: Leftovers
|-damage|p1a: Metagross|26/100|[from] Salt Cure
|upkeep
|turn|39
|
|t:|1760776191
|move|p2a: Garganacl|Protect|p2a: Garganacl
|-singleturn|p2a: Garganacl|Protect
|move|p1a: Metagross|Psychic Fangs|p2a: Garganacl
|-activate|p2a: Garganacl|move: Protect
|
|-heal|p2a: Garganacl|61/100|[from] item: Leftovers
|-damage|p1a: Metagross|1/100|[from] Salt Cure
|upkeep
|turn|40
|
|t:|1760776201
|move|p1a: Metagross|Psychic Fangs|p2a: Garganacl
|-damage|p2a: Garganacl|13/100
|move|p2a: Garganacl|Recover|p2a: Garganacl
|-heal|p2a: Garganacl|63/100
|
|-heal|p2a: Garganacl|70/100|[from] item: Leftovers
|-damage|p1a: Metagross|0 fnt|[from] Salt Cure
|faint|p1a: Metagross
|upkeep
|
|t:|1760776209
|switch|p1a: Dragonite|Dragonite, M|100/100
|turn|41
|
|t:|1760776215
|-terastallize|p1a: Dragonite|Normal
|move|p1a: Dragonite|Dragon Dance|p1a: Dragonite
|-boost|p1a: Dragonite|atk|1
|-boost|p1a: Dragonite|spe|1
|move|p2a: Garganacl|Salt Cure|p1a: Dragonite
|-damage|p1a: Dragonite|96/100
|-start|p1a: Dragonite|Salt Cure
|
|-heal|p2a: Garganacl|76/100|[from] item: Leftovers
|-damage|p1a: Dragonite|83/100|[from] Salt Cure
|upkeep
|turn|42
|
|t:|1760776231
|move|p2a: Garganacl|Protect|p2a: Garganacl
|-singleturn|p2a: Garganacl|Protect
|move|p1a: Dragonite|Dragon Dance|p1a: Dragonite
|-boost|p1a: Dragonite|atk|1
|-boost|p1a: Dragonite|spe|1
|
|-heal|p2a: Garganacl|82/100|[from] item: Leftovers
|-damage|p1a: Dragonite|71/100|[from] Salt Cure
|upkeep
|turn|43
|
|t:|1760776241
|move|p1a: Dragonite|Dragon Dance|p1a: Dragonite
|-boost|p1a: Dragonite|atk|1
|-boost|p1a: Dragonite|spe|1
|move|p2a: Garganacl|Recover|p2a: Garganacl
|-heal|p2a: Garganacl|100/100
|
|-damage|p1a: Dragonite|59/100|[from] Salt Cure
|upkeep
|turn|44
|
|t:|1760776252
|move|p2a: Garganacl|Protect|p2a: Garganacl
|-singleturn|p2a: Garganacl|Protect
|move|p1a: Dragonite|Dragon Dance|p1a: Dragonite
|-boost|p1a: Dragonite|atk|1
|-boost|p1a: Dragonite|spe|1
|
|-damage|p1a: Dragonite|46/100|[from] Salt Cure
|upkeep
|turn|45
|
|t:|1760776261
|move|p1a: Dragonite|Roost|p1a: Dragonite
|-heal|p1a: Dragonite|96/100
|move|p2a: Garganacl|Recover||[still]
|-fail|p2a: Garganacl|heal
|
|-damage|p1a: Dragonite|84/100|[from] Salt Cure
|upkeep
|turn|46
|-message|xw haha forfeited.
|
|win|sus skibidi
|raw|sus skibidi's rating: 1514 &rarr; <strong>1530</strong><br />(+16 for winning)
|raw|xw haha's rating: 1435 &rarr; <strong>1419</strong><br />(-16 for losing)
|l|☆xw haha
|player|p2|
|l|☆sus skibidi
|player|p1|
