|j|☆she's not noob
|j|☆6 7 reasons why
|t:|1760877522
|gametype|singles
|player|p1|she's not noob|blanche|1313
|player|p2|6 7 reasons why|265|1347
|gen|9
|tier|[Gen 9] OU
|rated|
|rule|HP Percentage Mod: HP is shown in percentages
|rule|Endless Battle Clause: Forcing endless battles is banned
|rule|Species Clause: Limit one of each Pokémon
|rule|OHKO Clause: OHKO moves are banned
|rule|Evasion Items Clause: Evasion items are banned
|rule|Evasion Moves Clause: Evasion moves are banned
|rule|Evasion Abilities Clause: Evasion abilities are banned
|rule|Sleep Moves Clause: Sleep-inducing moves are banned
|clearpoke
|poke|p1|Ogerpon-Wellspring, F|
|poke|p1|Kingambit, F|
|poke|p1|Landorus-Therian, M|
|poke|p1|Iron Valiant|
|poke|p1|Haxorus, M|
|poke|p1|Minior-Blue|
|poke|p2|Zamazenta-*|
|poke|p2|Ninetales-Alola, F|
|poke|p2|Darkrai|
|poke|p2|Ceruledge, M|
|poke|p2|Gliscor, M|
|poke|p2|Hatterene, F|
|teampreview
|inactive|Battle timer is ON: inactive players will automatically lose when time's up. (requested by 6 7 reasons why)
|inactive|she's not noob also wants the timer to be on.
|
|t:|1760877538
|teamsize|p1|6
|teamsize|p2|6
|start
|switch|p1a: Landorus|Landorus-Therian, M, shiny|100/100
|switch|p2a: Ninetales|Ninetales-Alola, F|100/100
|-weather|Snowscape|[from] ability: Snow Warning|[of] p2a: Ninetales
|-ability|p1a: Landorus|Intimidate|boost
|-unboost|p2a: Ninetales|atk|1
|turn|1
|
|t:|1760877544
|move|p2a: Ninetales|Freeze-Dry|p1a: Landorus
|-supereffective|p1a: Landorus
|-enditem|p1a: Landorus|Focus Sash
|-damage|p1a: Landorus|1/100
|move|p1a: Landorus|Stealth Rock|p2a: Ninetales
|-sidestart|p2: 6 7 reasons why|move: Stealth Rock
|
|-weather|Snowscape|[upkeep]
|upkeep
|turn|2
|
|t:|1760877551
|move|p2a: Ninetales|Encore|p1a: Landorus
|-start|p1a: Landorus|Encore
|move|p1a: Landorus|Stealth Rock||[still]
|-fail|p1a: Landorus
|
|-weather|Snowscape|[upkeep]
|upkeep
|turn|3
|
|t:|1760877555
|move|p2a: Ninetales|Aurora Veil|p2a: Ninetales
|-sidestart|p2: 6 7 reasons why|move: Aurora Veil
|move|p1a: Landorus|Stealth Rock||[still]
|-fail|p1a: Landorus
|
|-weather|Snowscape|[upkeep]
|upkeep
|turn|4
|
|t:|1760877559
|move|p2a: Ninetales|Freeze-Dry|p1a: Landorus
|-supereffective|p1a: Landorus
|-damage|p1a: Landorus|0 fnt
|faint|p1a: Landorus
|
|-weather|Snowscape|[upkeep]
|upkeep
|
|t:|1760877571
|switch|p1a: Minior|Minior-Blue|100/100
|-formechange|p1a: Minior|Minior-Meteor||[from] ability: Shields Down
|turn|5
|
|t:|1760877579
|move|p1a: Minior|Shell Smash|p1a: Minior
|-unboost|p1a: Minior|def|1
|-unboost|p1a: Minior|spd|1
|-boost|p1a: Minior|atk|2
|-boost|p1a: Minior|spa|2
|-boost|p1a: Minior|spe|2
|move|p2a: Ninetales|Roar|p1a: Minior
|drag|p1a: Ogerpon|Ogerpon-Wellspring, F|100/100
|
|-weather|none
|upkeep
|turn|6
|
|t:|1760877588
|switch|p1a: Kingambit|Kingambit, F, shiny|100/100
|-activate|p1a: Kingambit|ability: Supreme Overlord
|-start|p1a: Kingambit|fallen1|[silent]
|move|p2a: Ninetales|Freeze-Dry|p1a: Kingambit
|-resisted|p1a: Kingambit
|-damage|p1a: Kingambit|90/100
|
|-heal|p1a: Kingambit|97/100|[from] item: Leftovers
|upkeep
|turn|7
|
|t:|1760877600
|switch|p2a: Zamazenta|Zamazenta|100/100
|-damage|p2a: Zamazenta|94/100|[from] Stealth Rock
|-ability|p2a: Zamazenta|Dauntless Shield|boost
|-boost|p2a: Zamazenta|def|1
|move|p1a: Kingambit|Iron Head|p2a: Zamazenta
|-damage|p2a: Zamazenta|80/100
|
|-heal|p1a: Kingambit|100/100|[from] item: Leftovers
|upkeep
|turn|8
|
|t:|1760877612
|-end|p1a: Kingambit|fallen1|[silent]
|switch|p1a: Iron Valiant|Iron Valiant, shiny|100/100
|-enditem|p1a: Iron Valiant|Booster Energy
|-activate|p1a: Iron Valiant|ability: Quark Drive|[fromitem]
|-start|p1a: Iron Valiant|quarkdrivespe
|move|p2a: Zamazenta|Body Press|p1a: Iron Valiant
|-resisted|p1a: Iron Valiant
|-damage|p1a: Iron Valiant|65/100
|
|upkeep
|turn|9
|
|t:|1760877621
|switch|p2a: Hatterene|Hatterene, F|100/100
|-damage|p2a: Hatterene|88/100|[from] Stealth Rock
|move|p1a: Iron Valiant|Moonblast|p2a: Hatterene
|-damage|p2a: Hatterene|65/100
|
|-heal|p2a: Hatterene|71/100|[from] item: Leftovers
|upkeep
|turn|10
|
|t:|1760877626
|move|p1a: Iron Valiant|Calm Mind|p1a: Iron Valiant
|-boost|p1a: Iron Valiant|spa|1
|-boost|p1a: Iron Valiant|spd|1
|move|p2a: Hatterene|Mystical Fire|p1a: Iron Valiant
|-damage|p1a: Iron Valiant|38/100
|-unboost|p1a: Iron Valiant|spa|1
|
|-heal|p2a: Hatterene|77/100|[from] item: Leftovers
|-sideend|p2: 6 7 reasons why|move: Aurora Veil
|upkeep
|turn|11
|inactive|she's not noob has 120 seconds left.
|
|t:|1760877679
|move|p1a: Iron Valiant|Calm Mind|p1a: Iron Valiant
|-boost|p1a: Iron Valiant|spa|1
|-boost|p1a: Iron Valiant|spd|1
|move|p2a: Hatterene|Draining Kiss|p1a: Iron Valiant
|-supereffective|p1a: Iron Valiant
|-damage|p1a: Iron Valiant|0 fnt
|-heal|p2a: Hatterene|100/100|[from] drain|[of] p1a: Iron Valiant
|faint|p1a: Iron Valiant
|-end|p1a: Iron Valiant|Quark Drive|[silent]
|
|upkeep
|
|t:|1760877684
|switch|p1a: Minior|Minior-Blue|100/100
|-formechange|p1a: Minior|Minior-Meteor||[from] ability: Shields Down
|turn|12
|
|t:|1760877697
|move|p1a: Minior|Shell Smash|p1a: Minior
|-unboost|p1a: Minior|def|1
|-unboost|p1a: Minior|spd|1
|-boost|p1a: Minior|atk|2
|-boost|p1a: Minior|spa|2
|-boost|p1a: Minior|spe|2
|move|p2a: Hatterene|Calm Mind|p2a: Hatterene
|-boost|p2a: Hatterene|spa|1
|-boost|p2a: Hatterene|spd|1
|
|upkeep
|turn|13
|
|t:|1760877707
|move|p1a: Minior|Stone Edge|p2a: Hatterene
|-damage|p2a: Hatterene|45/100
|move|p2a: Hatterene|Draining Kiss|p1a: Minior
|-damage|p1a: Minior|39/100
|-heal|p2a: Hatterene|83/100|[from] drain|[of] p1a: Minior
|
|-heal|p2a: Hatterene|89/100|[from] item: Leftovers
|-formechange|p1a: Minior|Minior-Blue||[from] ability: Shields Down
|upkeep
|turn|14
|inactive|she's not noob has 120 seconds left.
|
|t:|1760877713
|move|p1a: Minior|Earthquake|p2a: Hatterene
|-damage|p2a: Hatterene|38/100
|move|p2a: Hatterene|Draining Kiss|p1a: Minior
|-damage|p1a: Minior|0 fnt
|-heal|p2a: Hatterene|62/100|[from] drain|[of] p1a: Minior
|faint|p1a: Minior
|
|-heal|p2a: Hatterene|68/100|[from] item: Leftovers
|upkeep
|inactive|she's not noob has 120 seconds left.
|
|t:|1760877719
|switch|p1a: Ogerpon|Ogerpon-Wellspring, F|100/100
|turn|15
|
|t:|1760877725
|move|p1a: Ogerpon|Swords Dance|p1a: Ogerpon
|-boost|p1a: Ogerpon|atk|2
|move|p2a: Hatterene|Draining Kiss|p1a: Ogerpon
|-damage|p1a: Ogerpon|62/100
|-heal|p2a: Hatterene|95/100|[from] drain|[of] p1a: Ogerpon
|
|-heal|p2a: Hatterene|100/100|[from] item: Leftovers
|upkeep
|turn|16
|
|t:|1760877735
|-terastallize|p2a: Hatterene|Water
|move|p1a: Ogerpon|Swords Dance|p1a: Ogerpon
|-boost|p1a: Ogerpon|atk|2
|move|p2a: Hatterene|Psyshock|p1a: Ogerpon
|-damage|p1a: Ogerpon|0 fnt
|faint|p1a: Ogerpon
|
|upkeep
|
|t:|1760877740
|switch|p1a: Haxorus|Haxorus, M, shiny|100/100
|-ability|p1a: Haxorus|Mold Breaker
|turn|17
|
|t:|1760877743
|-terastallize|p1a: Haxorus|Poison
|move|p1a: Haxorus|Swords Dance|p1a: Haxorus
|-boost|p1a: Haxorus|atk|2
|move|p2a: Hatterene|Draining Kiss|p1a: Haxorus
|-resisted|p1a: Haxorus
|-damage|p1a: Haxorus|74/100
|
|upkeep
|turn|18
|
|t:|1760877747
|move|p1a: Haxorus|Scale Shot|p2a: Hatterene
|-damage|p2a: Hatterene|78/100
|-damage|p2a: Hatterene|54/100
|-crit|p2a: Hatterene
|-damage|p2a: Hatterene|20/100
|-damage|p2a: Hatterene|0 fnt
|faint|p2a: Hatterene
|-hitcount|p2: Hatterene|4
|-unboost|p1a: Haxorus|def|1
|-boost|p1a: Haxorus|spe|1
|
|upkeep
|
|t:|1760877765
|switch|p2a: Gliscor|Gliscor, M|100/100
|-damage|p2a: Gliscor|88/100|[from] Stealth Rock
|turn|19
|
|t:|1760877769
|move|p1a: Haxorus|Scale Shot|p2a: Gliscor
|-damage|p2a: Gliscor|66/100
|-damage|p2a: Gliscor|45/100
|-damage|p2a: Gliscor|24/100
|-damage|p2a: Gliscor|1/100
|-damage|p2a: Gliscor|0 fnt
|faint|p2a: Gliscor
|-hitcount|p2: Gliscor|5
|-unboost|p1a: Haxorus|def|1
|-boost|p1a: Haxorus|spe|1
|
|upkeep
|
|t:|1760877788
|switch|p2a: Darkrai|Darkrai|100/100
|-damage|p2a: Darkrai|88/100|[from] Stealth Rock
|turn|20
|
|t:|1760877791
|move|p1a: Haxorus|Scale Shot|p2a: Darkrai
|-damage|p2a: Darkrai|49/100
|-damage|p2a: Darkrai|9/100
|-damage|p2a: Darkrai|0 fnt
|faint|p2a: Darkrai
|-hitcount|p2: Darkrai|3
|-unboost|p1a: Haxorus|def|1
|-boost|p1a: Haxorus|spe|1
|
|upkeep
|
|t:|1760877799
|switch|p2a: Ninetales|Ninetales-Alola, F|100/100
|-damage|p2a: Ninetales|76/100|[from] Stealth Rock
|-weather|Snowscape|[from] ability: Snow Warning|[of] p2a: Ninetales
|turn|21
|inactive|she's not noob has 120 seconds left.
|inactive|she's not noob has 90 seconds left.
|
|t:|1760877882
|move|p1a: Haxorus|Earthquake|p2a: Ninetales
|-damage|p2a: Ninetales|7/100
|move|p2a: Ninetales|Aurora Veil|p2a: Ninetales
|-sidestart|p2: 6 7 reasons why|move: Aurora Veil
|
|-weather|Snowscape|[upkeep]
|upkeep
|turn|22
|
|t:|1760877895
|move|p1a: Haxorus|Earthquake|p2a: Ninetales
|-damage|p2a: Ninetales|0 fnt
|faint|p2a: Ninetales
|
|-weather|Snowscape|[upkeep]
|upkeep
|
|t:|1760877902
|switch|p2a: Zamazenta|Zamazenta|80/100
|-damage|p2a: Zamazenta|73/100|[from] Stealth Rock
|turn|23
|
|t:|1760877912
|move|p1a: Haxorus|Scale Shot|p2a: Zamazenta
|-damage|p2a: Zamazenta|62/100
|-damage|p2a: Zamazenta|52/100
|-damage|p2a: Zamazenta|40/100
|-damage|p2a: Zamazenta|27/100
|-hitcount|p2a: Zamazenta|4
|-unboost|p1a: Haxorus|def|1
|-boost|p1a: Haxorus|spe|1
|move|p2a: Zamazenta|Iron Defense|p2a: Zamazenta
|-boost|p2a: Zamazenta|def|2
|
|-weather|Snowscape|[upkeep]
|upkeep
|turn|24
|
|t:|1760877920
|move|p1a: Haxorus|Scale Shot|p2a: Zamazenta
|-damage|p2a: Zamazenta|21/100
|-damage|p2a: Zamazenta|16/100
|-damage|p2a: Zamazenta|10/100
|-damage|p2a: Zamazenta|4/100
|-damage|p2a: Zamazenta|0 fnt
|faint|p2a: Zamazenta
|-hitcount|p2: Zamazenta|5
|-unboost|p1a: Haxorus|def|1
|-boost|p1a: Haxorus|spe|1
|
|-weather|Snowscape|[upkeep]
|upkeep
|
|t:|1760877926
|switch|p2a: Ceruledge|Ceruledge, M|100/100
|-damage|p2a: Ceruledge|76/100|[from] Stealth Rock
|turn|25
|c|☆she's not noob|gg
|
|t:|1760877937
|move|p2a: Ceruledge|Shadow Sneak|p1a: Haxorus
|-damage|p1a: Haxorus|5/100
|move|p1a: Haxorus|Scale Shot|p2a: Ceruledge|[miss]
|-miss|p1a: Haxorus|p2a: Ceruledge
|
|-weather|none
|upkeep
|turn|26
|
|t:|1760877943
|move|p2a: Ceruledge|Shadow Sneak|p1a: Haxorus
|-damage|p1a: Haxorus|0 fnt
|faint|p1a: Haxorus
|
|upkeep
|
|t:|1760877946
|switch|p1a: Kingambit|Kingambit, F, shiny|100/100
|-activate|p1a: Kingambit|ability: Supreme Overlord
|-start|p1a: Kingambit|fallen5|[silent]
|turn|27
|
|t:|1760877954
|move|p2a: Ceruledge|Bitter Blade|p1a: Kingambit
|-supereffective|p1a: Kingambit
|-damage|p1a: Kingambit|37/100
|-heal|p2a: Ceruledge|100/100|[from] drain|[of] p1a: Kingambit
|move|p1a: Kingambit|Kowtow Cleave|p2a: Ceruledge
|-supereffective|p2a: Ceruledge
|-damage|p2a: Ceruledge|15/100
|
|-heal|p1a: Kingambit|43/100|[from] item: Leftovers
|upkeep
|turn|28
|
|t:|1760877961
|move|p1a: Kingambit|Sucker Punch||[still]
|-fail|p1a: Kingambit
|move|p2a: Ceruledge|Bulk Up|p2a: Ceruledge
|-boost|p2a: Ceruledge|atk|1
|-boost|p2a: Ceruledge|def|1
|
|-heal|p1a: Kingambit|50/100|[from] item: Leftovers
|-sideend|p2: 6 7 reasons why|move: Aurora Veil
|upkeep
|turn|29
|
|t:|1760877965
|move|p2a: Ceruledge|Bitter Blade|p1a: Kingambit
|-supereffective|p1a: Kingambit
|-damage|p1a: Kingambit|0 fnt
|-heal|p2a: Ceruledge|41/100|[from] drain|[of] p1a: Kingambit
|faint|p1a: Kingambit
|-end|p1a: Kingambit|fallen5|[silent]
|
|win|6 7 reasons why
|raw|she&apos;s not noob's rating: 1313 &rarr; <strong>1295</strong><br />(-18 for losing)
|raw|6 7 reasons why's rating: 1347 &rarr; <strong>1365</strong><br />(+18 for winning)
|l|☆she's not noob
|player|p1|
|c|☆6 7 reasons why|gg
|l|☆6 7 reasons why
|player|p2|
