|j|☆Magolor16
|j|☆luca1996
|t:|1760723516
|gametype|singles
|player|p1|Magolor16|170|1348
|player|p2|luca1996|boarder|1284
|gen|9
|tier|[Gen 9] OU
|rated|
|rule|HP Percentage Mod: HP is shown in percentages
|rule|Endless Battle Clause: Forcing endless battles is banned
|rule|Species Clause: Limit one of each Pokémon
|rule|OHKO Clause: OHKO moves are banned
|rule|Evasion Items Clause: Evasion items are banned
|rule|Evasion Moves Clause: Evasion moves are banned
|rule|Evasion Abilities Clause: Evasion abilities are banned
|rule|Sleep Moves Clause: Sleep-inducing moves are banned
|clearpoke
|poke|p1|Ogerpon-Wellspring, F|
|poke|p1|Hatterene, F|
|poke|p1|Great Tusk|
|poke|p1|Torkoal, M|
|poke|p1|Dragapult, M|
|poke|p1|Zapdos|
|poke|p2|Gurdurr, M|
|poke|p2|Araquanid, F|
|poke|p2|Moltres-Galar|
|poke|p2|Entei|
|poke|p2|Hippowdon, M|
|poke|p2|Empoleon, M|
|teampreview
|inactive|Battle timer is ON: inactive players will automatically lose when time's up. (requested by Magolor16)
|inactive|luca1996 has 120 seconds left.
|
|t:|1760723557
|teamsize|p1|6
|teamsize|p2|6
|start
|switch|p1a: Hatterene|Hatterene, F|100/100
|switch|p2a: Moltres|Moltres-Galar|100/100
|turn|1
|
|t:|1760723562
|move|p2a: Moltres|Fiery Wrath|p1a: Hatterene
|-damage|p1a: Hatterene|52/100
|move|p1a: Hatterene|Nuzzle|p2a: Moltres
|-supereffective|p2a: Moltres
|-damage|p2a: Moltres|89/100
|-status|p2a: Moltres|par
|
|upkeep
|turn|2
|
|t:|1760723568
|cant|p2a: Moltres|par
|move|p1a: Hatterene|Mystical Fire|p2a: Moltres
|-damage|p2a: Moltres|64/100 par
|-unboost|p2a: Moltres|spa|1
|
|upkeep
|turn|3
|
|t:|1760723573
|move|p2a: Moltres|Fiery Wrath|p1a: Hatterene
|-damage|p1a: Hatterene|25/100
|move|p1a: Hatterene|Mystical Fire|p2a: Moltres
|-damage|p2a: Moltres|38/100 par
|-unboost|p2a: Moltres|spa|1
|-ability|p2a: Moltres|Berserk|boost
|-boost|p2a: Moltres|spa|1
|
|upkeep
|turn|4
|
|t:|1760723584
|switch|p1a: Torkoal|Torkoal, M|100/100
|-weather|SunnyDay|[from] ability: Drought|[of] p1a: Torkoal
|move|p2a: Moltres|Fiery Wrath|p1a: Torkoal
|-damage|p1a: Torkoal|59/100
|
|-weather|SunnyDay|[upkeep]
|upkeep
|turn|5
|
|t:|1760723592
|move|p2a: Moltres|Fiery Wrath|p1a: Torkoal
|-crit|p1a: Torkoal
|-damage|p1a: Torkoal|0 fnt
|faint|p1a: Torkoal
|
|-weather|SunnyDay|[upkeep]
|upkeep
|
|t:|1760723596
|switch|p1a: Great Tusk|Great Tusk|100/100
|-activate|p1a: Great Tusk|ability: Protosynthesis
|-start|p1a: Great Tusk|protosynthesisatk
|turn|6
|
|t:|1760723618
|move|p1a: Great Tusk|Rapid Spin|p2a: Moltres
|-damage|p2a: Moltres|9/100 par
|-boost|p1a: Great Tusk|spe|1
|move|p2a: Moltres|Air Slash|p1a: Great Tusk
|-supereffective|p1a: Great Tusk
|-damage|p1a: Great Tusk|29/100
|
|-weather|SunnyDay|[upkeep]
|upkeep
|turn|7
|
|t:|1760723621
|move|p1a: Great Tusk|Rapid Spin|p2a: Moltres
|-damage|p2a: Moltres|0 fnt
|-boost|p1a: Great Tusk|spe|1
|faint|p2a: Moltres
|
|-weather|SunnyDay|[upkeep]
|upkeep
|
|t:|1760723625
|switch|p2a: Gurdurr|Gurdurr, M|100/100
|turn|8
|
|t:|1760723631
|move|p1a: Great Tusk|Headlong Rush|p2a: Gurdurr
|-damage|p2a: Gurdurr|44/100
|-unboost|p1a: Great Tusk|def|1
|-unboost|p1a: Great Tusk|spd|1
|move|p2a: Gurdurr|Drain Punch|p1a: Great Tusk
|-damage|p1a: Great Tusk|0 fnt
|-heal|p2a: Gurdurr|59/100|[from] drain|[of] p1a: Great Tusk
|faint|p1a: Great Tusk
|-end|p1a: Great Tusk|Protosynthesis|[silent]
|
|-weather|SunnyDay|[upkeep]
|upkeep
|
|t:|1760723645
|switch|p1a: Fiona|Ogerpon-Wellspring, F|100/100
|turn|9
|
|t:|1760723651
|move|p1a: Fiona|Swords Dance|p1a: Fiona
|-boost|p1a: Fiona|atk|2
|move|p2a: Gurdurr|Drain Punch|p1a: Fiona
|-damage|p1a: Fiona|42/100
|-heal|p2a: Gurdurr|83/100|[from] drain|[of] p1a: Fiona
|
|-weather|SunnyDay|[upkeep]
|upkeep
|turn|10
|
|t:|1760723657
|move|p2a: Gurdurr|Mach Punch|p1a: Fiona
|-damage|p1a: Fiona|7/100
|move|p1a: Fiona|Play Rough|p2a: Gurdurr
|-supereffective|p2a: Gurdurr
|-damage|p2a: Gurdurr|0 fnt
|faint|p2a: Gurdurr
|
|-weather|SunnyDay|[upkeep]
|upkeep
|
|t:|1760723661
|switch|p2a: Entei|Entei|100/100
|turn|11
|
|t:|1760723663
|switch|p1a: Dragapult|Dragapult, M|100/100
|move|p2a: Entei|Extreme Speed|p1a: Dragapult
|-immune|p1a: Dragapult
|
|-weather|none
|upkeep
|turn|12
|
|t:|1760723673
|switch|p2a: Hippowdon|Hippowdon, M|100/100
|move|p1a: Dragapult|Will-O-Wisp|p2a: Hippowdon
|-status|p2a: Hippowdon|brn
|
|-damage|p2a: Hippowdon|94/100 brn|[from] brn
|upkeep
|turn|13
|
|t:|1760723676
|move|p1a: Dragapult|Hex|p2a: Hippowdon
|-damage|p2a: Hippowdon|48/100 brn
|-damage|p1a: Dragapult|91/100|[from] item: Life Orb
|move|p2a: Hippowdon|Stealth Rock|p1a: Dragapult
|-sidestart|p1: Magolor16|move: Stealth Rock
|
|-heal|p2a: Hippowdon|54/100 brn|[from] item: Leftovers
|-damage|p2a: Hippowdon|48/100 brn|[from] brn
|upkeep
|turn|14
|
|t:|1760723683
|move|p1a: Dragapult|Hex|p2a: Hippowdon
|-damage|p2a: Hippowdon|0 fnt
|faint|p2a: Hippowdon
|-damage|p1a: Dragapult|81/100|[from] item: Life Orb
|
|upkeep
|
|t:|1760723688
|switch|p2a: Empoleon|Empoleon, M|100/100
|turn|15
|
|t:|1760723692
|move|p1a: Dragapult|Hex|p2a: Empoleon
|-damage|p2a: Empoleon|67/100
|-damage|p1a: Dragapult|71/100|[from] item: Life Orb
|move|p2a: Empoleon|Agility|p2a: Empoleon
|-boost|p2a: Empoleon|spe|2
|
|upkeep
|turn|16
|
|t:|1760723696
|move|p2a: Empoleon|Ice Beam|p1a: Dragapult
|-supereffective|p1a: Dragapult
|-damage|p1a: Dragapult|0 fnt
|faint|p1a: Dragapult
|
|upkeep
|
|t:|1760723698
|switch|p1a: Zapdos|Zapdos|100/100
|-ability|p1a: Zapdos|Pressure
|turn|17
|
|t:|1760723701
|move|p2a: Empoleon|Ice Beam|p1a: Zapdos
|-supereffective|p1a: Zapdos
|-damage|p1a: Zapdos|49/100
|move|p1a: Zapdos|Thunderbolt|p2a: Empoleon
|-supereffective|p2a: Empoleon
|-damage|p2a: Empoleon|0 fnt
|faint|p2a: Empoleon
|
|upkeep
|
|t:|1760723716
|switch|p2a: Entei|Entei|100/100
|turn|18
|
|t:|1760723720
|move|p2a: Entei|Sacred Fire|p1a: Zapdos
|-damage|p1a: Zapdos|0 fnt
|faint|p1a: Zapdos
|
|upkeep
|-message|Magolor16 forfeited.
|
|win|luca1996
|raw|Magolor16's rating: 1348 &rarr; <strong>1324</strong><br />(-24 for losing)
|raw|luca1996's rating: 1284 &rarr; <strong>1314</strong><br />(+30 for winning)
|l|☆Magolor16
|player|p1|
|c|☆luca1996|gg
|l|☆luca1996
|player|p2|
