|j|☆mightynoctowl
|j|☆Made in BraziL
|t:|1760797780
|gametype|singles
|player|p1|mightynoctowl|170|1333
|player|p2|Made in BraziL|gentleman|1297
|gen|9
|tier|[Gen 9] OU
|rated|
|rule|HP Percentage Mod: HP is shown in percentages
|rule|Endless Battle Clause: Forcing endless battles is banned
|rule|Species Clause: Limit one of each Pokémon
|rule|OHKO Clause: OHKO moves are banned
|rule|Evasion Items Clause: Evasion items are banned
|rule|Evasion Moves Clause: Evasion moves are banned
|rule|Evasion Abilities Clause: Evasion abilities are banned
|rule|Sleep Moves Clause: Sleep-inducing moves are banned
|clearpoke
|poke|p1|Moltres|
|poke|p1|Chansey, F|
|poke|p1|Clefable, F|
|poke|p1|Hitmonlee, M|
|poke|p1|Sandslash, M|
|poke|p1|Vileplume, F|
|poke|p2|Gyarados, F|
|poke|p2|Serperior, M|
|poke|p2|Blissey, F|
|poke|p2|Hippowdon, F|
|poke|p2|Jirachi|
|poke|p2|Garchomp, F|
|teampreview
|inactive|Battle timer is ON: inactive players will automatically lose when time's up. (requested by Made in BraziL)
|inactive|mightynoctowl also wants the timer to be on.
|
|t:|1760797789
|teamsize|p1|6
|teamsize|p2|6
|start
|switch|p1a: Sandslash|Sandslash, M|100/100
|switch|p2a: Serperior|Serperior, M|100/100
|turn|1
|
|t:|1760797796
|switch|p1a: Clefable|Clefable, F|100/100
|move|p2a: Serperior|Glare|p1a: Clefable
|-status|p1a: Clefable|par
|
|upkeep
|turn|2
|
|t:|1760797810
|move|p2a: Serperior|Knock Off|p1a: Clefable
|-resisted|p1a: Clefable
|-damage|p1a: Clefable|94/100 par
|-enditem|p1a: Clefable|Leftovers|[from] move: Knock Off|[of] p2a: Serperior
|move|p1a: Clefable|Flamethrower|p2a: Serperior
|-supereffective|p2a: Serperior
|-damage|p2a: Serperior|53/100
|
|-heal|p2a: Serperior|59/100|[from] item: Leftovers
|upkeep
|turn|3
|inactive|Made in BraziL has 120 seconds left.
|
|t:|1760797850
|move|p2a: Serperior|Leech Seed|p1a: Clefable
|-start|p1a: Clefable|move: Leech Seed
|move|p1a: Clefable|Flamethrower|p2a: Serperior
|-supereffective|p2a: Serperior
|-damage|p2a: Serperior|12/100
|
|-heal|p2a: Serperior|18/100|[from] item: Leftovers
|-damage|p1a: Clefable|82/100 par|[from] Leech Seed|[of] p2a: Serperior
|-heal|p2a: Serperior|34/100|[silent]
|upkeep
|turn|4
|inactive|Made in BraziL has 120 seconds left.
|inactive|mightynoctowl has 120 seconds left.
|
|t:|1760797881
|switch|p2a: Hippowdon|Hippowdon, F|100/100
|-weather|Sandstorm|[from] ability: Sand Stream|[of] p2a: Hippowdon
|switch|p1a: Vileplume|Vileplume, F|100/100
|
|-weather|Sandstorm|[upkeep]
|-damage|p1a: Vileplume|94/100|[from] Sandstorm
|-heal|p1a: Vileplume|100/100|[from] item: Leftovers
|upkeep
|turn|5
|inactive|Made in BraziL has 120 seconds left.
|
|t:|1760797910
|switch|p1a: Moltres|Moltres|100/100
|move|p2a: Hippowdon|Stealth Rock|p1a: Moltres
|-sidestart|p1: mightynoctowl|move: Stealth Rock
|
|-weather|Sandstorm|[upkeep]
|-damage|p1a: Moltres|94/100|[from] Sandstorm
|upkeep
|turn|6
|
|t:|1760797917
|switch|p2a: Blissey|Blissey, F|100/100
|move|p1a: Moltres|U-turn|p2a: Blissey
|-damage|p2a: Blissey|87/100
|
|t:|1760797922
|switch|p1a: Sandslash|Sandslash, M|100/100|[from] U-turn
|-damage|p1a: Sandslash|94/100|[from] Stealth Rock
|
|-weather|Sandstorm|[upkeep]
|-damage|p2a: Blissey|81/100|[from] Sandstorm
|-heal|p1a: Sandslash|100/100|[from] item: Leftovers
|-heal|p2a: Blissey|87/100|[from] item: Leftovers
|upkeep
|turn|7
|inactive|Made in BraziL has 120 seconds left.
|
|t:|1760797930
|move|p1a: Sandslash|Rapid Spin|p2a: Blissey
|-damage|p2a: Blissey|78/100
|-boost|p1a: Sandslash|spe|1
|-sideend|p1: mightynoctowl|Stealth Rock|[from] move: Rapid Spin|[of] p1a: Sandslash
|move|p2a: Blissey|Ice Beam|p1a: Sandslash
|-supereffective|p1a: Sandslash
|-damage|p1a: Sandslash|54/100
|
|-weather|Sandstorm|[upkeep]
|-damage|p2a: Blissey|72/100|[from] Sandstorm
|-heal|p1a: Sandslash|60/100|[from] item: Leftovers
|-heal|p2a: Blissey|78/100|[from] item: Leftovers
|upkeep
|turn|8
|
|t:|1760797940
|switch|p1a: Hitmonlee|Hitmonlee, M|100/100
|move|p2a: Blissey|Ice Beam|p1a: Hitmonlee
|-damage|p1a: Hitmonlee|81/100
|
|-weather|Sandstorm|[upkeep]
|-damage|p1a: Hitmonlee|74/100|[from] Sandstorm
|-damage|p2a: Blissey|72/100|[from] Sandstorm
|-heal|p2a: Blissey|78/100|[from] item: Leftovers
|upkeep
|turn|9
|
|t:|1760797949
|switch|p2a: Hippowdon|Hippowdon, F|100/100
|move|p1a: Hitmonlee|High Jump Kick|p2a: Hippowdon
|-damage|p2a: Hippowdon|35/100
|-damage|p1a: Hitmonlee|64/100|[from] item: Life Orb
|
|-weather|Sandstorm|[upkeep]
|-damage|p1a: Hitmonlee|58/100|[from] Sandstorm
|upkeep
|turn|10
|
|t:|1760797967
|switch|p1a: Moltres|Moltres|94/100
|move|p2a: Hippowdon|Slack Off|p2a: Hippowdon
|-heal|p2a: Hippowdon|85/100
|
|-weather|Sandstorm|[upkeep]
|-damage|p1a: Moltres|88/100|[from] Sandstorm
|upkeep
|turn|11
|
|t:|1760797974
|move|p2a: Hippowdon|Stealth Rock|p1a: Moltres
|-sidestart|p1: mightynoctowl|move: Stealth Rock
|move|p1a: Moltres|Roar|p2a: Hippowdon
|drag|p2a: Blissey|Blissey, F|78/100
|
|-weather|none
|-heal|p2a: Blissey|84/100|[from] item: Leftovers
|upkeep
|turn|12
|
|t:|1760797980
|move|p1a: Moltres|U-turn|p2a: Blissey
|-damage|p2a: Blissey|70/100
|
|t:|1760797983
|switch|p1a: Hitmonlee|Hitmonlee, M|58/100|[from] U-turn
|-damage|p1a: Hitmonlee|52/100|[from] Stealth Rock
|move|p2a: Blissey|Thunder Wave|p1a: Hitmonlee
|-status|p1a: Hitmonlee|par
|
|-heal|p2a: Blissey|76/100|[from] item: Leftovers
|upkeep
|turn|13
|
|t:|1760797992
|switch|p2a: Hippowdon|Hippowdon, F|85/100
|-weather|Sandstorm|[from] ability: Sand Stream|[of] p2a: Hippowdon
|move|p1a: Hitmonlee|High Jump Kick|p2a: Hippowdon
|-damage|p2a: Hippowdon|21/100
|-damage|p1a: Hitmonlee|42/100 par|[from] item: Life Orb
|
|-weather|Sandstorm|[upkeep]
|-damage|p1a: Hitmonlee|36/100 par|[from] Sandstorm
|upkeep
|turn|14
|
|t:|1760798008
|cant|p1a: Hitmonlee|par
|move|p2a: Hippowdon|Slack Off|p2a: Hippowdon
|-heal|p2a: Hippowdon|71/100
|
|-weather|Sandstorm|[upkeep]
|-damage|p1a: Hitmonlee|30/100 par|[from] Sandstorm
|upkeep
|turn|15
|
|t:|1760798014
|move|p1a: Hitmonlee|High Jump Kick|p2a: Hippowdon
|-damage|p2a: Hippowdon|14/100
|-damage|p1a: Hitmonlee|20/100 par|[from] item: Life Orb
|move|p2a: Hippowdon|Slack Off|p2a: Hippowdon
|-heal|p2a: Hippowdon|64/100
|
|-weather|Sandstorm|[upkeep]
|-damage|p1a: Hitmonlee|13/100 par|[from] Sandstorm
|upkeep
|turn|16
|
|t:|1760798023
|move|p1a: Hitmonlee|High Jump Kick|p2a: Hippowdon
|-damage|p2a: Hippowdon|0 fnt
|faint|p2a: Hippowdon
|-damage|p1a: Hitmonlee|3/100 par|[from] item: Life Orb
|
|-weather|Sandstorm|[upkeep]
|-damage|p1a: Hitmonlee|0 fnt|[from] Sandstorm
|faint|p1a: Hitmonlee
|upkeep
|
|t:|1760798046
|switch|p1a: Vileplume|Vileplume, F|100/100
|switch|p2a: Garchomp|Garchomp, F|100/100
|-damage|p1a: Vileplume|88/100|[from] Stealth Rock
|turn|17
|
|t:|1760798052
|move|p2a: Garchomp|Substitute|p2a: Garchomp
|-start|p2a: Garchomp|Substitute
|-damage|p2a: Garchomp|76/100
|move|p1a: Vileplume|Strength Sap||[still]
|-fail|p1a: Vileplume
|
|-weather|Sandstorm|[upkeep]
|-damage|p1a: Vileplume|82/100|[from] Sandstorm
|-heal|p1a: Vileplume|88/100|[from] item: Leftovers
|upkeep
|turn|18
|
|t:|1760798059
|switch|p1a: Moltres|Moltres|88/100
|move|p2a: Garchomp|Swords Dance|p2a: Garchomp
|-boost|p2a: Garchomp|atk|2
|
|-weather|Sandstorm|[upkeep]
|-damage|p1a: Moltres|82/100|[from] Sandstorm
|upkeep
|turn|19
|
|t:|1760798067
|move|p2a: Garchomp|Scale Shot|p1a: Moltres
|-damage|p1a: Moltres|63/100
|-damage|p1a: Moltres|46/100
|-damage|p1a: Moltres|28/100
|-damage|p1a: Moltres|10/100
|-damage|p1a: Moltres|0 fnt
|faint|p1a: Moltres
|-hitcount|p1: Moltres|5
|-unboost|p2a: Garchomp|def|1
|-boost|p2a: Garchomp|spe|1
|
|-weather|Sandstorm|[upkeep]
|upkeep
|
|t:|1760798072
|switch|p1a: Clefable|Clefable, F|82/100 par
|-damage|p1a: Clefable|69/100 par|[from] Stealth Rock
|turn|20
|
|t:|1760798081
|move|p2a: Garchomp|Earthquake|p1a: Clefable
|-damage|p1a: Clefable|28/100 par
|move|p1a: Clefable|Moonblast|p2a: Garchomp
|-supereffective|p2a: Garchomp
|-end|p2a: Garchomp|Substitute
|
|-weather|none
|upkeep
|turn|21
|inactive|mightynoctowl has 120 seconds left.
|
|t:|1760798114
|switch|p1a: Vileplume|Vileplume, F|88/100
|-damage|p1a: Vileplume|76/100|[from] Stealth Rock
|move|p2a: Garchomp|Earthquake|p1a: Vileplume
|-damage|p1a: Vileplume|0 fnt
|faint|p1a: Vileplume
|
|upkeep
|-message|mightynoctowl forfeited.
|
|win|Made in BraziL
|raw|mightynoctowl's rating: 1333 &rarr; <strong>1311</strong><br />(-22 for losing)
|raw|Made in BraziL's rating: 1297 &rarr; <strong>1325</strong><br />(+28 for winning)
|l|☆mightynoctowl
|player|p1|
|l|☆Made in BraziL
|player|p2|
