|j|☆HZBKAI
|j|☆espermadomal
|t:|1760751672
|gametype|singles
|player|p1|HZBKAI|101|1052
|player|p2|espermadomal|schoolkid-gen4|1056
|gen|9
|tier|[Gen 9] OU
|rated|
|rule|HP Percentage Mod: HP is shown in percentages
|rule|Endless Battle Clause: Forcing endless battles is banned
|rule|Species Clause: Limit one of each Pokémon
|rule|OHKO Clause: OHKO moves are banned
|rule|Evasion Items Clause: Evasion items are banned
|rule|Evasion Moves Clause: Evasion moves are banned
|rule|Evasion Abilities Clause: Evasion abilities are banned
|rule|Sleep Moves Clause: Sleep-inducing moves are banned
|clearpoke
|poke|p1|Ceruledge, M|
|poke|p1|Kyurem|
|poke|p1|Manaphy|
|poke|p1|Metagross|
|poke|p1|Okidogi, M|
|poke|p1|Zoroark-Hisui, F|
|poke|p2|Ditto|
|poke|p2|Deoxys-Speed|
|poke|p2|Ceruledge, M|
|poke|p2|Zapdos|
|poke|p2|Meowscarada, F|
|poke|p2|Primarina, F|
|teampreview
|inactive|Battle timer is ON: inactive players will automatically lose when time's up. (requested by espermadomal)
|inactive|HZBKAI also wants the timer to be on.
|
|t:|1760751675
|teamsize|p1|6
|teamsize|p2|6
|start
|switch|p1a: Kyurem|Kyurem|100/100
|switch|p2a: Ditto|Ditto|100/100
|-ability|p1a: Kyurem|Pressure
|-transform|p2a: Ditto|p1a: Kyurem|[from] ability: Imposter
|-ability|p2a: Ditto|Pressure
|turn|1
|
|t:|1760751687
|-terastallize|p2a: Ditto|Normal
|move|p2a: Ditto|Scale Shot|p1a: Kyurem
|-supereffective|p1a: Kyurem
|-crit|p1a: Kyurem
|-damage|p1a: Kyurem|63/100
|-supereffective|p1a: Kyurem
|-damage|p1a: Kyurem|40/100
|-supereffective|p1a: Kyurem
|-damage|p1a: Kyurem|13/100
|-supereffective|p1a: Kyurem
|-damage|p1a: Kyurem|0 fnt
|faint|p1a: Kyurem
|-hitcount|p1: Kyurem|4
|-unboost|p2a: Ditto|def|1
|-boost|p2a: Ditto|spe|1
|
|upkeep
|
|t:|1760751687
|switch|p1a: Okidogi|Okidogi, M|100/100
|turn|2
|
|t:|1760751716
|switch|p2a: Ceruledge|Ceruledge, M, shiny|100/100
|-item|p2a: Ceruledge|Air Balloon
|move|p1a: Okidogi|Drain Punch|p2a: Ceruledge
|-immune|p2a: Ceruledge
|
|upkeep
|turn|3
|
|t:|1760751726
|move|p2a: Ceruledge|Bulk Up|p2a: Ceruledge
|-boost|p2a: Ceruledge|atk|1
|-boost|p2a: Ceruledge|def|1
|move|p1a: Okidogi|Knock Off|p2a: Ceruledge
|-supereffective|p2a: Ceruledge
|-damage|p2a: Ceruledge|43/100
|-enditem|p2a: Ceruledge|Air Balloon
|
|upkeep
|turn|4
|
|t:|1760751736
|move|p2a: Ceruledge|Bitter Blade|p1a: Okidogi
|-damage|p1a: Okidogi|47/100
|-heal|p2a: Ceruledge|79/100|[from] drain|[of] p1a: Okidogi
|move|p1a: Okidogi|Knock Off|p2a: Ceruledge
|-supereffective|p2a: Ceruledge
|-damage|p2a: Ceruledge|37/100
|
|-heal|p1a: Okidogi|53/100|[from] item: Leftovers
|upkeep
|turn|5
|
|t:|1760751746
|move|p2a: Ceruledge|Bitter Blade|p1a: Okidogi
|-crit|p1a: Okidogi
|-damage|p1a: Okidogi|0 fnt
|-heal|p2a: Ceruledge|72/100|[from] drain|[of] p1a: Okidogi
|faint|p1a: Okidogi
|
|upkeep
|
|t:|1760751746
|switch|p1a: Ceruledge|Ceruledge, M|100/100
|turn|6
|
|t:|1760751755
|-terastallize|p1a: Ceruledge|Ghost
|move|p1a: Ceruledge|Poltergeist||[still]
|-fail|p1a: Ceruledge
|move|p2a: Ceruledge|Shadow Ball|p1a: Ceruledge
|-supereffective|p1a: Ceruledge
|-damage|p1a: Ceruledge|59/100
|
|upkeep
|turn|7
|
|t:|1760751765
|switch|p2a: Meowscarada|Meowscarada, F, shiny|100/100
|move|p1a: Ceruledge|Poltergeist|p2a: Meowscarada
|-activate|p2a: Meowscarada|move: Poltergeist|Chople Berry
|-resisted|p2a: Meowscarada
|-damage|p2a: Meowscarada|41/100
|
|upkeep
|turn|8
|
|t:|1760751773
|move|p2a: Meowscarada|Knock Off|p1a: Ceruledge
|-supereffective|p1a: Ceruledge
|-crit|p1a: Ceruledge
|-damage|p1a: Ceruledge|0 fnt
|-enditem|p1a: Ceruledge|Focus Sash|[from] move: Knock Off|[of] p2a: Meowscarada
|faint|p1a: Ceruledge
|
|upkeep
|
|t:|1760751773
|switch|p1a: Manaphy|Manaphy|100/100
|turn|9
|inactive|espermadomal has 120 seconds left.
|
|t:|1760751828
|move|p2a: Meowscarada|Grassy Glide|p1a: Manaphy
|-supereffective|p1a: Manaphy
|-crit|p1a: Manaphy
|-damage|p1a: Manaphy|31/100
|move|p1a: Manaphy|Alluring Voice|p2a: Meowscarada
|-supereffective|p2a: Meowscarada
|-damage|p2a: Meowscarada|0 fnt
|faint|p2a: Meowscarada
|
|-heal|p1a: Manaphy|37/100|[from] item: Leftovers
|upkeep
|
|t:|1760751839
|switch|p2a: Zapdos|Zapdos, shiny|100/100
|-ability|p2a: Zapdos|Pressure
|turn|10
|
|t:|1760751849
|move|p1a: Manaphy|Surf|p2a: Zapdos
|-damage|p2a: Zapdos|59/100
|move|p2a: Zapdos|Thunderbolt|p1a: Manaphy
|-supereffective|p1a: Manaphy
|-damage|p1a: Manaphy|0 fnt
|faint|p1a: Manaphy
|
|-heal|p2a: Zapdos|65/100|[from] item: Leftovers
|upkeep
|
|t:|1760751849
|switch|p1a: Metagross|Metagross|100/100
|turn|11
|
|t:|1760751862
|move|p2a: Zapdos|Heat Wave|p1a: Metagross
|-supereffective|p1a: Metagross
|-damage|p1a: Metagross|25/100
|move|p1a: Metagross|Explosion|p2a: Zapdos
|-damage|p2a: Zapdos|0 fnt
|faint|p1a: Metagross
|faint|p2a: Zapdos
|
|upkeep
|
|t:|1760751871
|switch|p2a: Ditto|Ditto, tera:Normal|100/100
|switch|p1a: Zoroark|Zoroark-Hisui, F|100/100
|-transform|p2a: Ditto|p1a: Zoroark|[from] ability: Imposter
|turn|12
|
|t:|1760751879
|move|p1a: Zoroark|Flamethrower|p2a: Ditto
|-damage|p2a: Ditto|48/100
|move|p2a: Ditto|Shadow Ball|p1a: Zoroark
|-immune|p1a: Zoroark
|
|-heal|p2a: Ditto|54/100|[from] item: Leftovers
|upkeep
|turn|13
|
|t:|1760751891
|move|p1a: Zoroark|Flamethrower|p2a: Ditto
|-damage|p2a: Ditto|2/100
|move|p2a: Ditto|Flamethrower|p1a: Zoroark
|-damage|p1a: Zoroark|38/100
|
|-heal|p2a: Ditto|8/100|[from] item: Leftovers
|upkeep
|turn|14
|
|t:|1760751904
|switch|p2a: Primarina|Primarina, F, shiny|100/100
|move|p1a: Zoroark|Flamethrower|p2a: Primarina
|-resisted|p2a: Primarina
|-damage|p2a: Primarina|87/100
|
|upkeep
|turn|15
|
|t:|1760751911
|move|p1a: Zoroark|Shadow Ball|p2a: Primarina
|-damage|p2a: Primarina|51/100
|move|p2a: Primarina|Liquidation|p1a: Zoroark
|-damage|p1a: Zoroark|0 fnt
|-damage|p2a: Primarina|35/100|[from] item: Rocky Helmet|[of] p1a: Zoroark
|faint|p1a: Zoroark
|
|win|espermadomal
|raw|HZBKAI's rating: 1052 &rarr; <strong>1034</strong><br />(-18 for losing)
|raw|espermadomal's rating: 1056 &rarr; <strong>1087</strong><br />(+31 for winning)
|n|☆HZBKAI|hzbkai
