|j|☆LorySobby10
|j|☆ardee12345
|t:|1760865267
|gametype|singles
|player|p1|LorySobby10|elio|1268
|player|p2|ardee12345|170|1319
|gen|9
|tier|[Gen 9] OU
|rated|
|rule|HP Percentage Mod: HP is shown in percentages
|rule|Endless Battle Clause: Forcing endless battles is banned
|rule|Species Clause: Limit one of each Pokémon
|rule|OHKO Clause: OHKO moves are banned
|rule|Evasion Items Clause: Evasion items are banned
|rule|Evasion Moves Clause: Evasion moves are banned
|rule|Evasion Abilities Clause: Evasion abilities are banned
|rule|Sleep Moves Clause: Sleep-inducing moves are banned
|clearpoke
|poke|p1|Dragapult, F|
|poke|p1|Darkrai|
|poke|p1|Gholdengo|
|poke|p1|Slowking-Galar, M|
|poke|p1|Glimmora, F|
|poke|p1|Zamazenta-*|
|poke|p2|Garganacl, M|
|poke|p2|Hippowdon, M|
|poke|p2|Hydrapple, M|
|poke|p2|Slowking-Galar, M|
|poke|p2|Samurott-Hisui, M|
|poke|p2|Excadrill, M|
|teampreview
|inactive|Battle timer is ON: inactive players will automatically lose when time's up. (requested by ardee12345)
|
|t:|1760865272
|teamsize|p1|6
|teamsize|p2|6
|start
|switch|p1a: Floyd the barber|Glimmora, F|100/100
|switch|p2a: Samurott|Samurott-Hisui, M, shiny|100/100
|turn|1
|
|t:|1760865280
|move|p1a: Floyd the barber|Stealth Rock|p2a: Samurott
|-sidestart|p2: ardee12345|move: Stealth Rock
|move|p2a: Samurott|Ceaseless Edge|p1a: Floyd the barber
|-damage|p1a: Floyd the barber|46/100
|-activate|p1a: Floyd the barber|ability: Toxic Debris
|-sidestart|p2: ardee12345|move: Toxic Spikes
|-sidestart|p1: LorySobby10|Spikes
|
|upkeep
|turn|2
|
|t:|1760865297
|move|p1a: Floyd the barber|Mortal Spin|p2a: Samurott
|-damage|p2a: Samurott|93/100
|-status|p2a: Samurott|psn
|-sideend|p1: LorySobby10|Spikes|[from] move: Mortal Spin|[of] p1a: Floyd the barber
|move|p2a: Samurott|Ceaseless Edge|p1a: Floyd the barber
|-damage|p1a: Floyd the barber|0 fnt
|-activate|p1a: Floyd the barber|ability: Toxic Debris
|-sidestart|p2: ardee12345|move: Toxic Spikes
|-sidestart|p1: LorySobby10|Spikes
|faint|p1a: Floyd the barber
|
|-damage|p2a: Samurott|81/100 psn|[from] psn
|upkeep
|inactive|LorySobby10 has 120 seconds left.
|
|t:|1760865324
|switch|p1a: On a plain|Zamazenta|100/100
|-damage|p1a: On a plain|88/100|[from] Spikes
|-ability|p1a: On a plain|Dauntless Shield|boost
|-boost|p1a: On a plain|def|1
|turn|3
|
|t:|1760865329
|switch|p2a: Slowking|Slowking-Galar, M, shiny|100/100
|-damage|p2a: Slowking|88/100|[from] Stealth Rock
|-sideend|p2: ardee12345|move: Toxic Spikes|[of] p2a: Slowking
|move|p1a: On a plain|Body Press|p2a: Slowking
|-resisted|p2a: Slowking
|-damage|p2a: Slowking|78/100
|
|-heal|p1a: On a plain|94/100|[from] item: Leftovers
|upkeep
|turn|4
|
|t:|1760865338
|move|p2a: Slowking|Psychic Noise|p1a: On a plain
|-supereffective|p1a: On a plain
|-damage|p1a: On a plain|49/100
|-start|p1a: On a plain|move: Heal Block
|move|p1a: On a plain|Roar|p2a: Slowking
|drag|p2a: Hippowdon|Hippowdon, M, shiny|100/100
|-damage|p2a: Hippowdon|94/100|[from] Stealth Rock
|-weather|Sandstorm|[from] ability: Sand Stream|[of] p2a: Hippowdon
|
|-weather|Sandstorm|[upkeep]
|-damage|p1a: On a plain|43/100|[from] Sandstorm
|upkeep
|turn|5
|
|t:|1760865348
|move|p1a: On a plain|Iron Defense|p1a: On a plain
|-boost|p1a: On a plain|def|2
|move|p2a: Hippowdon|Stealth Rock|p1a: On a plain
|-sidestart|p1: LorySobby10|move: Stealth Rock
|
|-weather|Sandstorm|[upkeep]
|-damage|p1a: On a plain|37/100|[from] Sandstorm
|-end|p1a: On a plain|move: Heal Block
|upkeep
|turn|6
|
|t:|1760865358
|switch|p2a: Slowking|Slowking-Galar, M, shiny|100/100
|-damage|p2a: Slowking|88/100|[from] Stealth Rock
|move|p1a: On a plain|Iron Defense|p1a: On a plain
|-boost|p1a: On a plain|def|2
|
|-weather|Sandstorm|[upkeep]
|-damage|p1a: On a plain|31/100|[from] Sandstorm
|-damage|p2a: Slowking|82/100|[from] Sandstorm
|-heal|p1a: On a plain|37/100|[from] item: Leftovers
|upkeep
|turn|7
|
|t:|1760865365
|move|p2a: Slowking|Psychic Noise|p1a: On a plain
|-supereffective|p1a: On a plain
|-damage|p1a: On a plain|0 fnt
|faint|p1a: On a plain
|
|-weather|Sandstorm|[upkeep]
|-damage|p2a: Slowking|76/100|[from] Sandstorm
|upkeep
|
|t:|1760865367
|switch|p1a: Negative creep|Darkrai, shiny|100/100
|-damage|p1a: Negative creep|88/100|[from] Spikes
|-damage|p1a: Negative creep|76/100|[from] Stealth Rock
|turn|8
|-message|LorySobby10 forfeited.
|
|win|ardee12345
|raw|LorySobby10's rating: 1268 &rarr; <strong>1247</strong><br />(-21 for losing)
|raw|ardee12345's rating: 1319 &rarr; <strong>1336</strong><br />(+17 for winning)
|l|☆LorySobby10
|player|p1|
|l|☆ardee12345
|player|p2|
