|j|☆Minytank
|j|☆Pikadavid14
|t:|1760800773
|gametype|singles
|player|p1|Minytank|170|1386
|player|p2|Pikadavid14|lucas|1440
|gen|9
|tier|[Gen 9] OU
|rated|
|rule|HP Percentage Mod: HP is shown in percentages
|rule|Endless Battle Clause: Forcing endless battles is banned
|rule|Species Clause: Limit one of each Pokémon
|rule|OHKO Clause: OHKO moves are banned
|rule|Evasion Items Clause: Evasion items are banned
|rule|Evasion Moves Clause: Evasion moves are banned
|rule|Evasion Abilities Clause: Evasion abilities are banned
|rule|Sleep Moves Clause: Sleep-inducing moves are banned
|clearpoke
|poke|p1|Alomomola, F|
|poke|p1|Garganacl, F|
|poke|p1|Goodra-Hisui, M|
|poke|p1|Landorus-Therian, M|
|poke|p1|Magnezone|
|poke|p1|Quaquaval, F|
|poke|p2|Iron Moth|
|poke|p2|Ogerpon-Wellspring, F|
|poke|p2|Gholdengo|
|poke|p2|Great Tusk|
|poke|p2|Dragonite, M|
|poke|p2|Ribombee, F|
|teampreview
|inactive|Battle timer is ON: inactive players will automatically lose when time's up. (requested by Minytank)
|
|t:|1760800783
|teamsize|p1|6
|teamsize|p2|6
|start
|switch|p1a: Garganacl|Garganacl, F|100/100
|switch|p2a: Ribombee|Ribombee, F|100/100
|turn|1
|
|t:|1760800795
|move|p2a: Ribombee|Sticky Web|p1a: Garganacl
|-sidestart|p1: Minytank|move: Sticky Web
|move|p1a: Garganacl|Salt Cure|p2a: Ribombee
|-supereffective|p2a: Ribombee
|-damage|p2a: Ribombee|45/100
|
|upkeep
|turn|2
|
|t:|1760800808
|move|p2a: Ribombee|Moonblast|p1a: Garganacl
|-crit|p1a: Garganacl
|-damage|p1a: Garganacl|49/100
|move|p1a: Garganacl|Salt Cure|p2a: Ribombee
|-supereffective|p2a: Ribombee
|-damage|p2a: Ribombee|0 fnt
|faint|p2a: Ribombee
|
|-heal|p1a: Garganacl|55/100|[from] item: Leftovers
|upkeep
|
|t:|1760800819
|switch|p2a: Dragonite|Dragonite, M|100/100
|turn|3
|
|t:|1760800823
|move|p2a: Dragonite|Dragon Dance|p2a: Dragonite
|-boost|p2a: Dragonite|atk|1
|-boost|p2a: Dragonite|spe|1
|move|p1a: Garganacl|Salt Cure|p2a: Dragonite
|-supereffective|p2a: Dragonite
|-damage|p2a: Dragonite|84/100
|-start|p2a: Dragonite|Salt Cure
|-enditem|p2a: Dragonite|Weakness Policy
|-boost|p2a: Dragonite|atk|2|[from] item: Weakness Policy
|-boost|p2a: Dragonite|spa|2|[from] item: Weakness Policy
|
|-heal|p1a: Garganacl|61/100|[from] item: Leftovers
|-damage|p2a: Dragonite|72/100|[from] Salt Cure
|upkeep
|turn|4
|
|t:|1760800841
|switch|p1a: Alomomola|Alomomola, F|100/100
|-activate|p1a: Alomomola|move: Sticky Web
|-unboost|p1a: Alomomola|spe|1
|-terastallize|p2a: Dragonite|Normal
|move|p2a: Dragonite|Earthquake|p1a: Alomomola
|-damage|p1a: Alomomola|45/100
|
|-heal|p1a: Alomomola|51/100|[from] item: Leftovers
|-damage|p2a: Dragonite|60/100|[from] Salt Cure
|upkeep
|turn|5
|
|t:|1760800852
|switch|p1a: Landorus|Landorus-Therian, M|100/100
|-ability|p1a: Landorus|Intimidate|boost
|-unboost|p2a: Dragonite|atk|1
|move|p2a: Dragonite|Dragon Claw|p1a: Landorus
|-damage|p1a: Landorus|0 fnt
|faint|p1a: Landorus
|
|-damage|p2a: Dragonite|47/100|[from] Salt Cure
|upkeep
|
|t:|1760800855
|switch|p1a: Alomomola|Alomomola, F|84/100
|-activate|p1a: Alomomola|move: Sticky Web
|-unboost|p1a: Alomomola|spe|1
|turn|6
|
|t:|1760800863
|move|p2a: Dragonite|Dragon Claw|p1a: Alomomola
|-crit|p1a: Alomomola
|-damage|p1a: Alomomola|5/100
|move|p1a: Alomomola|Scald|p2a: Dragonite
|-damage|p2a: Dragonite|34/100
|
|-heal|p1a: Alomomola|11/100|[from] item: Leftovers
|-damage|p2a: Dragonite|22/100|[from] Salt Cure
|upkeep
|turn|7
|
|t:|1760800872
|move|p1a: Alomomola|Protect|p1a: Alomomola
|-singleturn|p1a: Alomomola|Protect
|move|p2a: Dragonite|Extreme Speed|p1a: Alomomola
|-activate|p1a: Alomomola|move: Protect
|
|-heal|p1a: Alomomola|17/100|[from] item: Leftovers
|-damage|p2a: Dragonite|9/100|[from] Salt Cure
|upkeep
|turn|8
|
|t:|1760800881
|switch|p1a: Magnezone|Magnezone|100/100
|-activate|p1a: Magnezone|move: Sticky Web
|-unboost|p1a: Magnezone|spe|1
|move|p2a: Dragonite|Earthquake|p1a: Magnezone
|-supereffective|p1a: Magnezone
|-damage|p1a: Magnezone|0 fnt
|faint|p1a: Magnezone
|
|-damage|p2a: Dragonite|0 fnt|[from] Salt Cure
|faint|p2a: Dragonite
|upkeep
|
|t:|1760800896
|switch|p2a: Ogerpon|Ogerpon-Wellspring, F|100/100
|switch|p1a: Goodra|Goodra-Hisui, M|100/100
|-activate|p1a: Goodra|move: Sticky Web
|-unboost|p1a: Goodra|spe|1
|turn|9
|
|t:|1760800902
|move|p2a: Ogerpon|Stomping Tantrum|p1a: Goodra
|-supereffective|p1a: Goodra
|-crit|p1a: Goodra
|-damage|p1a: Goodra|15/100
|move|p1a: Goodra|Dragon Tail|p2a: Ogerpon
|-damage|p2a: Ogerpon|74/100
|drag|p2a: Great Tusk|Great Tusk|100/100
|-enditem|p2a: Great Tusk|Booster Energy
|-activate|p2a: Great Tusk|ability: Protosynthesis|[fromitem]
|-start|p2a: Great Tusk|protosynthesisatk
|
|upkeep
|turn|10
|
|t:|1760800912
|move|p2a: Great Tusk|Knock Off|p1a: Goodra
|-damage|p1a: Goodra|0 fnt
|-enditem|p1a: Goodra|Assault Vest|[from] move: Knock Off|[of] p2a: Great Tusk
|faint|p1a: Goodra
|
|upkeep
|
|t:|1760800919
|switch|p1a: Alomomola|Alomomola, F|50/100
|-activate|p1a: Alomomola|move: Sticky Web
|-unboost|p1a: Alomomola|spe|1
|turn|11
|
|t:|1760800923
|move|p2a: Great Tusk|Close Combat|p1a: Alomomola
|-damage|p1a: Alomomola|10/100
|-unboost|p2a: Great Tusk|def|1
|-unboost|p2a: Great Tusk|spd|1
|move|p1a: Alomomola|Wish|p1a: Alomomola
|
|-heal|p1a: Alomomola|16/100|[from] item: Leftovers
|upkeep
|turn|12
|
|t:|1760800930
|-end|p2a: Great Tusk|Protosynthesis|[silent]
|switch|p2a: Ogerpon|Ogerpon-Wellspring, F|74/100
|move|p1a: Alomomola|Protect||[still]
|-fail|p1a: Alomomola
|
|-heal|p1a: Alomomola|66/100|[from] move: Wish|[wisher] Alomomola
|-heal|p1a: Alomomola|72/100|[from] item: Leftovers
|upkeep
|turn|13
|
|t:|1760800940
|move|p2a: Ogerpon|Horn Leech|p1a: Alomomola
|-supereffective|p1a: Alomomola
|-damage|p1a: Alomomola|23/100
|-heal|p2a: Ogerpon|100/100|[from] drain|[of] p1a: Alomomola
|move|p1a: Alomomola|Wish|p1a: Alomomola
|
|-heal|p1a: Alomomola|29/100|[from] item: Leftovers
|upkeep
|turn|14
|
|t:|1760800952
|move|p1a: Alomomola|Protect|p1a: Alomomola
|-singleturn|p1a: Alomomola|Protect
|move|p2a: Ogerpon|Horn Leech|p1a: Alomomola
|-activate|p1a: Alomomola|move: Protect
|
|-heal|p1a: Alomomola|79/100|[from] move: Wish|[wisher] Alomomola
|-heal|p1a: Alomomola|85/100|[from] item: Leftovers
|upkeep
|turn|15
|
|t:|1760800961
|move|p2a: Ogerpon|Horn Leech|p1a: Alomomola
|-supereffective|p1a: Alomomola
|-damage|p1a: Alomomola|40/100
|move|p1a: Alomomola|Wish|p1a: Alomomola
|
|-heal|p1a: Alomomola|46/100|[from] item: Leftovers
|upkeep
|turn|16
|
|t:|1760800968
|switch|p1a: Garganacl|Garganacl, F|61/100
|-activate|p1a: Garganacl|move: Sticky Web
|-unboost|p1a: Garganacl|spe|1
|move|p2a: Ogerpon|Horn Leech|p1a: Garganacl
|-supereffective|p1a: Garganacl
|-damage|p1a: Garganacl|15/100
|
|-heal|p1a: Garganacl|81/100|[from] move: Wish|[wisher] Alomomola
|-heal|p1a: Garganacl|88/100|[from] item: Leftovers
|upkeep
|turn|17
|
|t:|1760800979
|switch|p1a: Alomomola|Alomomola, F|80/100
|-activate|p1a: Alomomola|move: Sticky Web
|-unboost|p1a: Alomomola|spe|1
|move|p2a: Ogerpon|Ivy Cudgel|p1a: Alomomola|[anim] Ivy Cudgel Water
|-resisted|p1a: Alomomola
|-damage|p1a: Alomomola|64/100
|
|-heal|p1a: Alomomola|70/100|[from] item: Leftovers
|upkeep
|turn|18
|
|t:|1760800994
|move|p2a: Ogerpon|Horn Leech|p1a: Alomomola
|-supereffective|p1a: Alomomola
|-damage|p1a: Alomomola|18/100
|move|p1a: Alomomola|Wish|p1a: Alomomola
|
|-heal|p1a: Alomomola|24/100|[from] item: Leftovers
|upkeep
|turn|19
|
|t:|1760801002
|move|p1a: Alomomola|Protect|p1a: Alomomola
|-singleturn|p1a: Alomomola|Protect
|move|p2a: Ogerpon|Horn Leech|p1a: Alomomola
|-activate|p1a: Alomomola|move: Protect
|
|-heal|p1a: Alomomola|74/100|[from] move: Wish|[wisher] Alomomola
|-heal|p1a: Alomomola|80/100|[from] item: Leftovers
|upkeep
|turn|20
|
|t:|1760801010
|switch|p2a: Gholdengo|Gholdengo|100/100
|-item|p2a: Gholdengo|Air Balloon
|move|p1a: Alomomola|Wish|p1a: Alomomola
|
|-heal|p1a: Alomomola|87/100|[from] item: Leftovers
|upkeep
|turn|21
|
|t:|1760801016
|switch|p1a: Quaquaval|Quaquaval, F|100/100
|-activate|p1a: Quaquaval|move: Sticky Web
|-unboost|p1a: Quaquaval|spe|1
|move|p2a: Gholdengo|Thunderbolt|p1a: Quaquaval
|-supereffective|p1a: Quaquaval
|-damage|p1a: Quaquaval|37/100
|
|-heal|p1a: Quaquaval|100/100|[from] move: Wish|[wisher] Alomomola
|upkeep
|turn|22
|
|t:|1760801026
|move|p2a: Gholdengo|Thunderbolt|p1a: Quaquaval
|-supereffective|p1a: Quaquaval
|-damage|p1a: Quaquaval|36/100
|move|p1a: Quaquaval|Aqua Step|p2a: Gholdengo
|-damage|p2a: Gholdengo|53/100
|-boost|p1a: Quaquaval|spe|1
|-enditem|p2a: Gholdengo|Air Balloon
|
|upkeep
|turn|23
|
|t:|1760801037
|switch|p2a: Ogerpon|Ogerpon-Wellspring, F|100/100
|move|p1a: Quaquaval|Aqua Step|p2a: Ogerpon
|-immune|p2a: Ogerpon|[from] ability: Water Absorb
|
|upkeep
|turn|24
|
|t:|1760801047
|switch|p1a: Alomomola|Alomomola, F|100/100
|-activate|p1a: Alomomola|move: Sticky Web
|-unboost|p1a: Alomomola|spe|1
|move|p2a: Ogerpon|Horn Leech|p1a: Alomomola
|-supereffective|p1a: Alomomola
|-damage|p1a: Alomomola|53/100
|
|-heal|p1a: Alomomola|59/100|[from] item: Leftovers
|upkeep
|turn|25
|
|t:|1760801055
|move|p1a: Alomomola|Protect|p1a: Alomomola
|-singleturn|p1a: Alomomola|Protect
|move|p2a: Ogerpon|Horn Leech|p1a: Alomomola
|-activate|p1a: Alomomola|move: Protect
|
|-heal|p1a: Alomomola|65/100|[from] item: Leftovers
|upkeep
|turn|26
|
|t:|1760801069
|move|p2a: Ogerpon|Horn Leech|p1a: Alomomola
|-supereffective|p1a: Alomomola
|-damage|p1a: Alomomola|15/100
|move|p1a: Alomomola|Wish|p1a: Alomomola
|
|-heal|p1a: Alomomola|21/100|[from] item: Leftovers
|upkeep
|turn|27
|
|t:|1760801078
|move|p1a: Alomomola|Protect|p1a: Alomomola
|-singleturn|p1a: Alomomola|Protect
|move|p2a: Ogerpon|Horn Leech|p1a: Alomomola
|-activate|p1a: Alomomola|move: Protect
|
|-heal|p1a: Alomomola|71/100|[from] move: Wish|[wisher] Alomomola
|-heal|p1a: Alomomola|77/100|[from] item: Leftovers
|upkeep
|turn|28
|
|t:|1760801087
|switch|p2a: Great Tusk|Great Tusk|100/100
|move|p1a: Alomomola|Wish|p1a: Alomomola
|
|-heal|p1a: Alomomola|83/100|[from] item: Leftovers
|upkeep
|turn|29
|
|t:|1760801092
|move|p2a: Great Tusk|Knock Off|p1a: Alomomola
|-damage|p1a: Alomomola|65/100
|-enditem|p1a: Alomomola|Leftovers|[from] move: Knock Off|[of] p2a: Great Tusk
|move|p1a: Alomomola|Scald|p2a: Great Tusk
|-supereffective|p2a: Great Tusk
|-damage|p2a: Great Tusk|62/100
|
|-heal|p1a: Alomomola|100/100|[from] move: Wish|[wisher] Alomomola
|upkeep
|turn|30
|
|t:|1760801105
|move|p2a: Great Tusk|Close Combat|p1a: Alomomola
|-damage|p1a: Alomomola|70/100
|-unboost|p2a: Great Tusk|def|1
|-unboost|p2a: Great Tusk|spd|1
|move|p1a: Alomomola|Wish|p1a: Alomomola
|
|upkeep
|turn|31
|
|t:|1760801111
|move|p2a: Great Tusk|Close Combat|p1a: Alomomola
|-damage|p1a: Alomomola|34/100
|-unboost|p2a: Great Tusk|def|1
|-unboost|p2a: Great Tusk|spd|1
|move|p1a: Alomomola|Flip Turn|p2a: Great Tusk
|-supereffective|p2a: Great Tusk
|-damage|p2a: Great Tusk|11/100
|
|t:|1760801113
|switch|p1a: Quaquaval|Quaquaval, F|36/100|[from] Flip Turn
|-activate|p1a: Quaquaval|move: Sticky Web
|-unboost|p1a: Quaquaval|spe|1
|
|-heal|p1a: Quaquaval|100/100|[from] move: Wish|[wisher] Alomomola
|upkeep
|turn|32
|
|t:|1760801124
|-end|p2a: Great Tusk|Protosynthesis|[silent]
|switch|p2a: Ogerpon|Ogerpon-Wellspring, F|100/100
|move|p1a: Quaquaval|Rapid Spin|p2a: Ogerpon
|-damage|p2a: Ogerpon|76/100
|-boost|p1a: Quaquaval|spe|1
|-sideend|p1: Minytank|Sticky Web|[from] move: Rapid Spin|[of] p1a: Quaquaval
|
|upkeep
|turn|33
|
|t:|1760801135
|move|p2a: Ogerpon|Horn Leech|p1a: Quaquaval
|-supereffective|p1a: Quaquaval
|-damage|p1a: Quaquaval|0 fnt
|-heal|p2a: Ogerpon|100/100|[from] drain|[of] p1a: Quaquaval
|faint|p1a: Quaquaval
|
|upkeep
|
|t:|1760801138
|switch|p1a: Alomomola|Alomomola, F|68/100
|turn|34
|
|t:|1760801143
|move|p2a: Ogerpon|Horn Leech|p1a: Alomomola
|-supereffective|p1a: Alomomola
|-damage|p1a: Alomomola|20/100
|move|p1a: Alomomola|Wish|p1a: Alomomola
|
|upkeep
|turn|35
|
|t:|1760801148
|switch|p2a: Gholdengo|Gholdengo|53/100
|move|p1a: Alomomola|Protect||[still]
|-fail|p1a: Alomomola
|
|-heal|p1a: Alomomola|70/100|[from] move: Wish|[wisher] Alomomola
|upkeep
|turn|36
|
|t:|1760801159
|-terastallize|p1a: Alomomola|Grass
|move|p2a: Gholdengo|Thunderbolt|p1a: Alomomola
|-resisted|p1a: Alomomola
|-damage|p1a: Alomomola|51/100
|move|p1a: Alomomola|Wish|p1a: Alomomola
|
|upkeep
|turn|37
|
|t:|1760801166
|move|p1a: Alomomola|Protect|p1a: Alomomola
|-singleturn|p1a: Alomomola|Protect
|move|p2a: Gholdengo|Shadow Ball|p1a: Alomomola
|-activate|p1a: Alomomola|move: Protect
|
|-heal|p1a: Alomomola|100/100|[from] move: Wish|[wisher] Alomomola
|upkeep
|turn|38
|
|t:|1760801174
|move|p2a: Gholdengo|Shadow Ball|p1a: Alomomola
|-damage|p1a: Alomomola|52/100
|move|p1a: Alomomola|Flip Turn|p2a: Gholdengo
|-damage|p2a: Gholdengo|34/100
|
|t:|1760801177
|switch|p1a: Garganacl|Garganacl, F|88/100|[from] Flip Turn
|
|-heal|p1a: Garganacl|94/100|[from] item: Leftovers
|upkeep
|turn|39
|
|t:|1760801183
|switch|p1a: Alomomola|Alomomola, F, tera:Grass|85/100
|move|p2a: Gholdengo|Make It Rain|p1a: Alomomola
|-damage|p1a: Alomomola|4/100
|-unboost|p2a: Gholdengo|spa|1
|
|upkeep
|turn|40
|
|t:|1760801191
|switch|p1a: Garganacl|Garganacl, F|94/100
|move|p2a: Gholdengo|Shadow Ball|p1a: Garganacl
|-damage|p1a: Garganacl|81/100
|
|-heal|p1a: Garganacl|87/100|[from] item: Leftovers
|upkeep
|turn|41
|
|t:|1760801198
|switch|p2a: Great Tusk|Great Tusk|11/100
|move|p1a: Garganacl|Salt Cure|p2a: Great Tusk
|-resisted|p2a: Great Tusk
|-damage|p2a: Great Tusk|9/100
|-start|p2a: Great Tusk|Salt Cure
|
|-heal|p1a: Garganacl|93/100|[from] item: Leftovers
|-damage|p2a: Great Tusk|0 fnt|[from] Salt Cure
|faint|p2a: Great Tusk
|-end|p2a: Great Tusk|Protosynthesis|[silent]
|upkeep
|
|t:|1760801207
|switch|p2a: Ogerpon|Ogerpon-Wellspring, F|100/100
|turn|42
|
|t:|1760801211
|move|p2a: Ogerpon|U-turn|p1a: Garganacl
|-damage|p1a: Garganacl|80/100
|
|t:|1760801214
|switch|p2a: Gholdengo|Gholdengo|34/100|[from] U-turn
|move|p1a: Garganacl|Salt Cure|p2a: Gholdengo
|-resisted|p2a: Gholdengo
|-damage|p2a: Gholdengo|27/100
|-start|p2a: Gholdengo|Salt Cure
|
|-heal|p1a: Garganacl|86/100|[from] item: Leftovers
|-damage|p2a: Gholdengo|2/100|[from] Salt Cure
|upkeep
|turn|43
|
|t:|1760801224
|move|p2a: Gholdengo|Make It Rain|p1a: Garganacl
|-supereffective|p1a: Garganacl
|-damage|p1a: Garganacl|0 fnt
|-unboost|p2a: Gholdengo|spa|1
|faint|p1a: Garganacl
|
|-damage|p2a: Gholdengo|0 fnt|[from] Salt Cure
|faint|p2a: Gholdengo
|upkeep
|-message|Minytank forfeited.
|
|win|Pikadavid14
|raw|Minytank's rating: 1386 &rarr; <strong>1369</strong><br />(-17 for losing)
|raw|Pikadavid14's rating: 1440 &rarr; <strong>1457</strong><br />(+17 for winning)
|l|☆Minytank
|player|p1|
|l|☆Pikadavid14
|player|p2|
