|j|☆Yz99999
|j|☆fafewf
|t:|1760721698
|gametype|singles
|player|p1|Yz99999|2|1614
|player|p2|fafewf|wallace|1630
|gen|9
|tier|[Gen 9] OU
|rated|
|rule|HP Percentage Mod: HP is shown in percentages
|rule|Endless Battle Clause: Forcing endless battles is banned
|rule|Species Clause: Limit one of each Pokémon
|rule|OHKO Clause: OHKO moves are banned
|rule|Evasion Items Clause: Evasion items are banned
|rule|Evasion Moves Clause: Evasion moves are banned
|rule|Evasion Abilities Clause: Evasion abilities are banned
|rule|Sleep Moves Clause: Sleep-inducing moves are banned
|clearpoke
|poke|p1|Garganacl, F|
|poke|p1|Corviknight, F|
|poke|p1|Great Tusk|
|poke|p1|Scizor, F|
|poke|p1|Raging Bolt|
|poke|p1|Maushold|
|poke|p2|Suicune|
|poke|p2|Garchomp, F|
|poke|p2|Gholdengo|
|poke|p2|Chesnaught, M|
|poke|p2|Cyclizar, M|
|poke|p2|Gliscor, M|
|teampreview
|
|t:|1760721711
|teamsize|p1|6
|teamsize|p2|6
|start
|switch|p1a: Great Tusk|Great Tusk|100/100
|switch|p2a: Chesnaught|Chesnaught, M|100/100
|turn|1
|
|t:|1760721719
|move|p1a: Great Tusk|Knock Off|p2a: Chesnaught
|-resisted|p2a: Chesnaught
|-damage|p2a: Chesnaught|87/100
|-enditem|p2a: Chesnaught|Leftovers|[from] move: Knock Off|[of] p1a: Great Tusk
|move|p2a: Chesnaught|Leech Seed|p1a: Great Tusk
|-start|p1a: Great Tusk|move: Leech Seed
|
|-damage|p1a: Great Tusk|88/100|[from] Leech Seed|[of] p2a: Chesnaught
|-heal|p2a: Chesnaught|99/100|[silent]
|upkeep
|turn|2
|inactive|Battle timer is ON: inactive players will automatically lose when time's up. (requested by Yz99999)
|
|t:|1760721730
|-end|p1a: Great Tusk|Protosynthesis|[silent]
|switch|p1a: Corviknight|Corviknight, F|100/100
|-ability|p1a: Corviknight|Pressure
|move|p2a: Chesnaught|Iron Defense|p2a: Chesnaught
|-boost|p2a: Chesnaught|def|2
|
|upkeep
|turn|3
|
|t:|1760721736
|move|p2a: Chesnaught|Leech Seed|p1a: Corviknight
|-start|p1a: Corviknight|move: Leech Seed
|move|p1a: Corviknight|Brave Bird|p2a: Chesnaught
|-supereffective|p2a: Chesnaught
|-damage|p2a: Chesnaught|42/100
|-damage|p1a: Corviknight|83/100|[from] Recoil
|
|-damage|p1a: Corviknight|70/100|[from] Leech Seed|[of] p2a: Chesnaught
|-heal|p2a: Chesnaught|55/100|[silent]
|upkeep
|turn|4
|
|t:|1760721744
|move|p2a: Chesnaught|Synthesis|p2a: Chesnaught
|-heal|p2a: Chesnaught|100/100
|move|p1a: Corviknight|U-turn|p2a: Chesnaught
|-damage|p2a: Chesnaught|94/100
|
|t:|1760721747
|switch|p1a: Raging Bolt|Raging Bolt|100/100|[from] U-turn
|
|upkeep
|turn|5
|
|t:|1760721750
|switch|p2a: Gliscor|Gliscor, M|100/100
|move|p1a: Raging Bolt|Draco Meteor|p2a: Gliscor|[miss]
|-miss|p1a: Raging Bolt|p2a: Gliscor
|
|-status|p2a: Gliscor|tox|[from] item: Toxic Orb
|upkeep
|turn|6
|
|t:|1760721760
|move|p2a: Gliscor|Knock Off|p1a: Raging Bolt
|-damage|p1a: Raging Bolt|80/100
|-enditem|p1a: Raging Bolt|Choice Specs|[from] move: Knock Off|[of] p2a: Gliscor
|move|p1a: Raging Bolt|Draco Meteor|p2a: Gliscor
|-damage|p2a: Gliscor|31/100 tox
|-unboost|p1a: Raging Bolt|spa|2
|
|-heal|p2a: Gliscor|43/100 tox|[from] ability: Poison Heal
|upkeep
|turn|7
|-message|Yz99999 forfeited.
|
|win|fafewf
|raw|Yz99999's rating: 1614 &rarr; <strong>1595</strong><br />(-19 for losing)
|raw|fafewf's rating: 1630 &rarr; <strong>1649</strong><br />(+19 for winning)
|l|☆Yz99999
|player|p1|
|l|☆fafewf
|player|p2|
