|j|☆waterworkin’
|j|☆CCL0611
|t:|1760886958
|gametype|singles
|player|p1|waterworkin’|elesa-masters2|1108
|player|p2|CCL0611|2|1169
|gen|9
|tier|[Gen 9] OU
|rated|
|rule|HP Percentage Mod: HP is shown in percentages
|rule|Endless Battle Clause: Forcing endless battles is banned
|rule|Species Clause: Limit one of each Pokémon
|rule|OHKO Clause: OHKO moves are banned
|rule|Evasion Items Clause: Evasion items are banned
|rule|Evasion Moves Clause: Evasion moves are banned
|rule|Evasion Abilities Clause: Evasion abilities are banned
|rule|Sleep Moves Clause: Sleep-inducing moves are banned
|clearpoke
|poke|p1|Iron Moth|
|poke|p1|Zarude|
|poke|p1|Slither Wing|
|poke|p1|Hatterene, F|
|poke|p1|Torkoal, M|
|poke|p1|Walking Wake|
|poke|p2|Rotom-Wash|
|poke|p2|Scizor, M|
|poke|p2|Iron Moth|
|poke|p2|Hatterene, F|
|poke|p2|Dragonite, F|
|poke|p2|Darkrai|
|teampreview
|
|t:|1760886965
|teamsize|p1|6
|teamsize|p2|6
|start
|switch|p1a: Mt. Ember|Torkoal, M, shiny|100/100
|switch|p2a: Rotom|Rotom-Wash|100/100
|-weather|SunnyDay|[from] ability: Drought|[of] p1a: Mt. Ember
|turn|1
|
|t:|1760886969
|switch|p1a: Dhalsim|Zarude|100/100
|move|p2a: Rotom|Light Screen|p2a: Rotom
|-sidestart|p2: CCL0611|move: Light Screen
|
|-weather|SunnyDay|[upkeep]
|upkeep
|turn|2
|
|t:|1760886974
|switch|p2a: Scizor|Scizor, M|100/100
|move|p1a: Dhalsim|Encore||[still]
|-fail|p1a: Dhalsim
|
|-weather|SunnyDay|[upkeep]
|upkeep
|turn|3
|
|t:|1760886981
|switch|p1a: Symbolism|Iron Moth|100/100
|move|p2a: Scizor|U-turn|p1a: Symbolism
|-resisted|p1a: Symbolism
|-damage|p1a: Symbolism|73/100
|
|t:|1760886985
|switch|p2a: Dragonite|Dragonite, F|100/100|[from] U-turn
|
|-weather|SunnyDay|[upkeep]
|upkeep
|turn|4
|
|t:|1760886987
|move|p1a: Symbolism|U-turn|p2a: Dragonite
|-resisted|p2a: Dragonite
|-damage|p2a: Dragonite|98/100
|
|t:|1760886994
|-end|p1a: Symbolism|Quark Drive|[silent]
|switch|p1a: Lacey Evans|Hatterene, F, shiny|100/100|[from] U-turn
|move|p2a: Dragonite|Earthquake|p1a: Lacey Evans
|-damage|p1a: Lacey Evans|56/100
|
|-weather|SunnyDay|[upkeep]
|upkeep
|turn|5
|
|t:|1760887001
|move|p2a: Dragonite|Dragon Dance|p2a: Dragonite
|-boost|p2a: Dragonite|atk|1
|-boost|p2a: Dragonite|spe|1
|move|p1a: Lacey Evans|Dazzling Gleam|p2a: Dragonite
|-supereffective|p2a: Dragonite
|-damage|p2a: Dragonite|56/100
|
|-weather|SunnyDay|[upkeep]
|upkeep
|turn|6
|
|t:|1760887004
|move|p2a: Dragonite|Earthquake|p1a: Lacey Evans
|-damage|p1a: Lacey Evans|0 fnt
|faint|p1a: Lacey Evans
|
|-weather|SunnyDay|[upkeep]
|upkeep
|
|t:|1760887006
|switch|p1a: Weather Report|Walking Wake|100/100
|-activate|p1a: Weather Report|ability: Protosynthesis
|-start|p1a: Weather Report|protosynthesisspe
|turn|7
|
|t:|1760887031
|move|p1a: Weather Report|Draco Meteor|p2a: Dragonite
|-supereffective|p2a: Dragonite
|-damage|p2a: Dragonite|0 fnt
|-unboost|p1a: Weather Report|spa|2
|faint|p2a: Dragonite
|
|-weather|SunnyDay|[upkeep]
|upkeep
|
|t:|1760887043
|switch|p2a: Iron Moth|Iron Moth|100/100
|-enditem|p2a: Iron Moth|Booster Energy
|-activate|p2a: Iron Moth|ability: Quark Drive|[fromitem]
|-start|p2a: Iron Moth|quarkdrivespe
|turn|8
|
|t:|1760887047
|-terastallize|p2a: Iron Moth|Fairy
|move|p2a: Iron Moth|Tera Blast|p1a: Weather Report|[anim] Tera Blast Fairy
|-supereffective|p1a: Weather Report
|-damage|p1a: Weather Report|35/100
|move|p1a: Weather Report|Flip Turn|p2a: Iron Moth
|-damage|p2a: Iron Moth|89/100
|
|t:|1760887060
|-end|p1a: Weather Report|Protosynthesis|[silent]
|switch|p1a: Symbolism|Iron Moth|73/100|[from] Flip Turn
|
|-weather|none
|-sideend|p2: CCL0611|move: Light Screen
|upkeep
|turn|9
|
|t:|1760887066
|-end|p2a: Iron Moth|Quark Drive|[silent]
|switch|p2a: Scizor|Scizor, M|100/100
|move|p1a: Symbolism|Sludge Wave|p2a: Scizor
|-immune|p2a: Scizor
|
|upkeep
|turn|10
|
|t:|1760887070
|-end|p1a: Symbolism|Quark Drive|[silent]
|switch|p1a: Mt. Ember|Torkoal, M, shiny|100/100
|-weather|SunnyDay|[from] ability: Drought|[of] p1a: Mt. Ember
|switch|p2a: Rotom|Rotom-Wash|100/100
|
|-weather|SunnyDay|[upkeep]
|upkeep
|turn|11
|
|t:|1760887074
|move|p2a: Rotom|Light Screen|p2a: Rotom
|-sidestart|p2: CCL0611|move: Light Screen
|move|p1a: Mt. Ember|Stealth Rock|p2a: Rotom
|-sidestart|p2: CCL0611|move: Stealth Rock
|
|-weather|SunnyDay|[upkeep]
|upkeep
|turn|12
|
|t:|1760887077
|switch|p1a: Symbolism|Iron Moth|73/100
|move|p2a: Rotom|Reflect|p2a: Rotom
|-sidestart|p2: CCL0611|Reflect
|
|-weather|SunnyDay|[upkeep]
|upkeep
|turn|13
|
|t:|1760887083
|move|p1a: Symbolism|U-turn|p2a: Rotom
|-damage|p2a: Rotom|97/100
|
|t:|1760887085
|-end|p1a: Symbolism|Quark Drive|[silent]
|switch|p1a: Dhalsim|Zarude|100/100|[from] U-turn
|move|p2a: Rotom|Hydro Pump|p1a: Dhalsim
|-resisted|p1a: Dhalsim
|-damage|p1a: Dhalsim|92/100
|
|-weather|SunnyDay|[upkeep]
|-heal|p1a: Dhalsim|98/100|[from] item: Leftovers
|upkeep
|turn|14
|
|t:|1760887091
|move|p1a: Dhalsim|Knock Off|p2a: Rotom
|-damage|p2a: Rotom|79/100
|-enditem|p2a: Rotom|Light Clay|[from] move: Knock Off|[of] p1a: Dhalsim
|move|p2a: Rotom|Volt Switch|p1a: Dhalsim
|-resisted|p1a: Dhalsim
|-damage|p1a: Dhalsim|87/100
|
|t:|1760887094
|switch|p2a: Scizor|Scizor, M|100/100|[from] Volt Switch
|-damage|p2a: Scizor|88/100|[from] Stealth Rock
|
|-weather|SunnyDay|[upkeep]
|-heal|p1a: Dhalsim|93/100|[from] item: Leftovers
|upkeep
|turn|15
|
|t:|1760887098
|switch|p1a: Mt. Ember|Torkoal, M, shiny|100/100
|move|p2a: Scizor|U-turn|p1a: Mt. Ember
|-resisted|p1a: Mt. Ember
|-damage|p1a: Mt. Ember|81/100
|
|t:|1760887103
|switch|p2a: Hatterene|Hatterene, F|100/100|[from] U-turn
|-damage|p2a: Hatterene|88/100|[from] Stealth Rock
|
|-weather|SunnyDay|[upkeep]
|-heal|p2a: Hatterene|94/100|[from] item: Leftovers
|upkeep
|turn|16
|
|t:|1760887106
|switch|p1a: Symbolism|Iron Moth|73/100
|move|p2a: Hatterene|Calm Mind|p2a: Hatterene
|-boost|p2a: Hatterene|spa|1
|-boost|p2a: Hatterene|spd|1
|
|-weather|SunnyDay|[upkeep]
|-heal|p2a: Hatterene|99/100|[from] item: Leftovers
|upkeep
|turn|17
|
|t:|1760887114
|move|p1a: Symbolism|Overheat|p2a: Hatterene|[miss]
|-miss|p1a: Symbolism|p2a: Hatterene
|move|p2a: Hatterene|Calm Mind|p2a: Hatterene
|-boost|p2a: Hatterene|spa|1
|-boost|p2a: Hatterene|spd|1
|
|-weather|none
|-heal|p2a: Hatterene|100/100|[from] item: Leftovers
|upkeep
|turn|18
|
|t:|1760887125
|-end|p1a: Symbolism|Quark Drive|[silent]
|switch|p1a: Mt. Ember|Torkoal, M, shiny|81/100
|-weather|SunnyDay|[from] ability: Drought|[of] p1a: Mt. Ember
|move|p2a: Hatterene|Stored Power|p1a: Mt. Ember
|-damage|p1a: Mt. Ember|0 fnt
|faint|p1a: Mt. Ember
|
|-weather|SunnyDay|[upkeep]
|-sideend|p2: CCL0611|move: Light Screen
|upkeep
|
|t:|1760887133
|switch|p1a: Symbolism|Iron Moth|73/100
|turn|19
|
|t:|1760887135
|move|p1a: Symbolism|Sludge Wave|p2a: Hatterene
|-supereffective|p2a: Hatterene
|-damage|p2a: Hatterene|21/100
|move|p2a: Hatterene|Stored Power|p1a: Symbolism
|-supereffective|p1a: Symbolism
|-damage|p1a: Symbolism|0 fnt
|faint|p1a: Symbolism
|-end|p1a: Symbolism|Quark Drive|[silent]
|
|-weather|SunnyDay|[upkeep]
|-heal|p2a: Hatterene|27/100|[from] item: Leftovers
|-sideend|p2: CCL0611|Reflect
|upkeep
|
|t:|1760887138
|switch|p1a: Dhalsim|Zarude|93/100
|turn|20
|
|t:|1760887142
|move|p1a: Dhalsim|Knock Off|p2a: Hatterene
|-damage|p2a: Hatterene|0 fnt
|-enditem|p2a: Hatterene|Leftovers|[from] move: Knock Off|[of] p1a: Dhalsim
|faint|p2a: Hatterene
|
|-weather|SunnyDay|[upkeep]
|-heal|p1a: Dhalsim|99/100|[from] item: Leftovers
|upkeep
|
|t:|1760887145
|switch|p2a: Scizor|Scizor, M|88/100
|-damage|p2a: Scizor|76/100|[from] Stealth Rock
|turn|21
|
|t:|1760887151
|-terastallize|p1a: Dhalsim|Fairy
|move|p1a: Dhalsim|Bulk Up|p1a: Dhalsim
|-boost|p1a: Dhalsim|atk|1
|-boost|p1a: Dhalsim|def|1
|move|p2a: Scizor|U-turn|p1a: Dhalsim
|-resisted|p1a: Dhalsim
|-damage|p1a: Dhalsim|82/100
|
|t:|1760887160
|switch|p2a: Darkrai|Darkrai|100/100|[from] U-turn
|-damage|p2a: Darkrai|88/100|[from] Stealth Rock
|
|-weather|SunnyDay|[upkeep]
|-heal|p2a: Darkrai|94/100|[from] item: Leftovers
|-heal|p1a: Dhalsim|89/100|[from] item: Leftovers
|upkeep
|turn|22
|
|t:|1760887164
|move|p2a: Darkrai|Sludge Bomb|p1a: Dhalsim
|-supereffective|p1a: Dhalsim
|-damage|p1a: Dhalsim|27/100
|move|p1a: Dhalsim|Power Whip|p2a: Darkrai|[miss]
|-miss|p1a: Dhalsim|p2a: Darkrai
|
|-weather|SunnyDay|[upkeep]
|-heal|p2a: Darkrai|99/100|[from] item: Leftovers
|-heal|p1a: Dhalsim|33/100|[from] item: Leftovers
|upkeep
|turn|23
|
|t:|1760887169
|switch|p1a: Skeptilite|Slither Wing|100/100
|-activate|p1a: Skeptilite|ability: Protosynthesis
|-start|p1a: Skeptilite|protosynthesisatk
|move|p2a: Darkrai|Sludge Bomb|p1a: Skeptilite
|-damage|p1a: Skeptilite|67/100
|-status|p1a: Skeptilite|psn
|
|-weather|SunnyDay|[upkeep]
|-heal|p2a: Darkrai|100/100|[from] item: Leftovers
|-damage|p1a: Skeptilite|54/100 psn|[from] psn
|upkeep
|turn|24
|
|t:|1760887175
|move|p2a: Darkrai|Sludge Bomb|p1a: Skeptilite
|-damage|p1a: Skeptilite|23/100 psn
|move|p1a: Skeptilite|U-turn|p2a: Darkrai
|-supereffective|p2a: Darkrai
|-damage|p2a: Darkrai|0 fnt
|faint|p2a: Darkrai
|
|t:|1760887181
|-end|p1a: Skeptilite|Protosynthesis|[silent]
|switch|p1a: Weather Report|Walking Wake|35/100|[from] U-turn
|-activate|p1a: Weather Report|ability: Protosynthesis
|-start|p1a: Weather Report|protosynthesisspe
|
|-weather|SunnyDay|[upkeep]
|upkeep
|
|t:|1760887185
|switch|p2a: Rotom|Rotom-Wash|79/100
|-damage|p2a: Rotom|66/100|[from] Stealth Rock
|turn|25
|
|t:|1760887189
|move|p1a: Weather Report|Draco Meteor|p2a: Rotom
|-damage|p2a: Rotom|0 fnt
|-unboost|p1a: Weather Report|spa|2
|faint|p2a: Rotom
|
|-weather|none
|-end|p1a: Weather Report|Protosynthesis
|upkeep
|
|t:|1760887193
|switch|p2a: Iron Moth|Iron Moth, tera:Fairy|89/100
|-damage|p2a: Iron Moth|77/100|[from] Stealth Rock
|turn|26
|
|t:|1760887199
|-end|p1a: Weather Report|Protosynthesis|[silent]
|switch|p1a: Dhalsim|Zarude, tera:Fairy|33/100
|move|p2a: Iron Moth|Tera Blast|p1a: Dhalsim|[anim] Tera Blast Fairy
|-damage|p1a: Dhalsim|0 fnt
|faint|p1a: Dhalsim
|
|upkeep
|
|t:|1760887204
|switch|p1a: Skeptilite|Slither Wing|23/100 psn
|turn|27
|
|t:|1760887207
|move|p1a: Skeptilite|First Impression|p2a: Iron Moth
|-resisted|p2a: Iron Moth
|-crit|p2a: Iron Moth
|-damage|p2a: Iron Moth|0 fnt
|faint|p2a: Iron Moth
|-end|p2a: Iron Moth|Quark Drive|[silent]
|
|-damage|p1a: Skeptilite|10/100 psn|[from] psn
|upkeep
|
|t:|1760887214
|switch|p2a: Scizor|Scizor, M|76/100
|-damage|p2a: Scizor|63/100|[from] Stealth Rock
|turn|28
|
|t:|1760887218
|move|p1a: Skeptilite|First Impression||[still]
|-hint|First Impression only works on your first turn out.
|-fail|p1a: Skeptilite
|move|p2a: Scizor|Bullet Punch|p1a: Skeptilite
|-damage|p1a: Skeptilite|0 fnt
|faint|p1a: Skeptilite
|-end|p1a: Skeptilite|Protosynthesis|[silent]
|
|upkeep
|
|t:|1760887219
|switch|p1a: Weather Report|Walking Wake|35/100
|turn|29
|
|t:|1760887222
|move|p2a: Scizor|Bullet Punch|p1a: Weather Report
|-resisted|p1a: Weather Report
|-damage|p1a: Weather Report|7/100
|move|p1a: Weather Report|Hydro Steam|p2a: Scizor
|-damage|p2a: Scizor|11/100
|
|upkeep
|turn|30
|
|t:|1760887225
|move|p2a: Scizor|Bullet Punch|p1a: Weather Report
|-resisted|p1a: Weather Report
|-damage|p1a: Weather Report|0 fnt
|faint|p1a: Weather Report
|-end|p1a: Weather Report|Protosynthesis|[silent]
|
|win|CCL0611
|raw|waterworkin’'s rating: 1108 &rarr; <strong>1087</strong><br />(-21 for losing)
|raw|CCL0611's rating: 1169 &rarr; <strong>1190</strong><br />(+21 for winning)
|l|☆waterworkin’
|player|p1|
|l|☆CCL0611
|player|p2|
