|j|‽gamergabo
|j|☆Hurug10
|t:|1760880985
|gametype|singles
|player|p1|gamergabo|265|1057
|player|p2|Hurug10|pokemaniac|1098
|gen|9
|tier|[Gen 9] OU
|rated|
|rule|HP Percentage Mod: HP is shown in percentages
|rule|Endless Battle Clause: Forcing endless battles is banned
|rule|Species Clause: Limit one of each Pokémon
|rule|OHKO Clause: OHKO moves are banned
|rule|Evasion Items Clause: Evasion items are banned
|rule|Evasion Moves Clause: Evasion moves are banned
|rule|Evasion Abilities Clause: Evasion abilities are banned
|rule|Sleep Moves Clause: Sleep-inducing moves are banned
|clearpoke
|poke|p1|Fezandipiti, M|
|poke|p1|Iron Hands|
|poke|p1|Dragapult, M|
|poke|p1|Heatran, M|
|poke|p1|Serperior, M|
|poke|p1|Persian-Alola, F|
|poke|p2|Ceruledge, M|
|poke|p2|Scizor, M|
|poke|p2|Clodsire, M|
|poke|p2|Kingambit, M|
|poke|p2|Dragonite, M|
|poke|p2|Cloyster, M|
|teampreview
|
|t:|1760880998
|teamsize|p1|6
|teamsize|p2|6
|start
|switch|p1a: Persian|Persian-Alola, F, shiny|100/100
|switch|p2a: LENTO|Clodsire, M|100/100
|turn|1
|
|t:|1760881004
|move|p1a: Persian|Switcheroo|p2a: LENTO
|-activate|p1a: Persian|move: Trick|[of] p2a: LENTO
|-item|p2a: LENTO|Choice Scarf|[from] move: Switcheroo
|-item|p1a: Persian|Rocky Helmet|[from] move: Switcheroo
|move|p2a: LENTO|Stealth Rock|p1a: Persian
|-sidestart|p1: gamergabo|move: Stealth Rock
|
|upkeep
|turn|2
|
|t:|1760881016
|switch|p2a: ESTIJERAS|Scizor, M, shiny|100/100
|move|p1a: Persian|Parting Shot|p2a: ESTIJERAS
|-unboost|p2a: ESTIJERAS|atk|1
|-unboost|p2a: ESTIJERAS|spa|1
|
|t:|1760881025
|switch|p1a: Iron Hands|Iron Hands|100/100|[from] Parting Shot
|-damage|p1a: Iron Hands|94/100|[from] Stealth Rock
|
|upkeep
|turn|3
|
|t:|1760881033
|switch|p2a: Guardian|Ceruledge, M, shiny|100/100
|move|p1a: Iron Hands|Swords Dance|p1a: Iron Hands
|-boost|p1a: Iron Hands|atk|2
|
|upkeep
|turn|4
|
|t:|1760881042
|-terastallize|p2a: Guardian|Fire
|move|p2a: Guardian|Bitter Blade|p1a: Iron Hands
|-damage|p1a: Iron Hands|59/100
|move|p1a: Iron Hands|Thunder Punch|p2a: Guardian
|-damage|p2a: Guardian|0 fnt
|faint|p2a: Guardian
|
|upkeep
|
|t:|1760881051
|switch|p2a: LENTO|Clodsire, M|100/100
|turn|5
|
|t:|1760881061
|-terastallize|p1a: Iron Hands|Fighting
|move|p1a: Iron Hands|Ice Punch|p2a: LENTO
|-supereffective|p2a: LENTO
|-damage|p2a: LENTO|12/100
|move|p2a: LENTO|Earthquake|p1a: Iron Hands
|-damage|p1a: Iron Hands|45/100
|
|upkeep
|turn|6
|
|t:|1760881092
|switch|p2a: ESTIJERAS|Scizor, M, shiny|100/100
|move|p1a: Iron Hands|Drain Punch|p2a: ESTIJERAS
|-damage|p2a: ESTIJERAS|2/100
|-heal|p1a: Iron Hands|75/100|[from] drain|[of] p2a: ESTIJERAS
|
|upkeep
|turn|7
|
|t:|1760881103
|move|p1a: Iron Hands|Drain Punch|p2a: ESTIJERAS
|-damage|p2a: ESTIJERAS|0 fnt
|-heal|p1a: Iron Hands|75/100|[from] drain|[of] p2a: ESTIJERAS
|faint|p2a: ESTIJERAS
|
|upkeep
|
|t:|1760881109
|switch|p2a: PKMNGO|Dragonite, M|100/100
|turn|8
|
|t:|1760881114
|move|p2a: PKMNGO|Scale Shot|p1a: Iron Hands
|-damage|p1a: Iron Hands|68/100
|-damage|p1a: Iron Hands|60/100
|-damage|p1a: Iron Hands|53/100
|-damage|p1a: Iron Hands|45/100
|-hitcount|p1a: Iron Hands|4
|-unboost|p2a: PKMNGO|def|1
|-boost|p2a: PKMNGO|spe|1
|move|p1a: Iron Hands|Ice Punch|p2a: PKMNGO
|-supereffective|p2a: PKMNGO
|-damage|p2a: PKMNGO|0 fnt
|faint|p2a: PKMNGO
|
|upkeep
|
|t:|1760881126
|switch|p2a: DRAGONX|Cloyster, M|100/100
|turn|9
|
|t:|1760881136
|move|p2a: DRAGONX|Icicle Spear|p1a: Iron Hands
|-damage|p1a: Iron Hands|40/100
|-damage|p1a: Iron Hands|35/100
|-damage|p1a: Iron Hands|29/100
|-damage|p1a: Iron Hands|24/100
|-damage|p1a: Iron Hands|20/100
|-hitcount|p1a: Iron Hands|5
|move|p1a: Iron Hands|Drain Punch|p2a: DRAGONX
|-supereffective|p2a: DRAGONX
|-damage|p2a: DRAGONX|0 fnt
|-heal|p1a: Iron Hands|44/100|[from] drain|[of] p2a: DRAGONX
|faint|p2a: DRAGONX
|
|upkeep
|
|t:|1760881151
|switch|p2a: LENTO|Clodsire, M|12/100
|turn|10
|
|t:|1760881191
|move|p1a: Iron Hands|Drain Punch|p2a: LENTO
|-resisted|p2a: LENTO
|-damage|p2a: LENTO|0 fnt
|-heal|p1a: Iron Hands|49/100|[from] drain|[of] p2a: LENTO
|faint|p2a: LENTO
|
|upkeep
|
|t:|1760881198
|switch|p2a: CHESS|Kingambit, M|100/100
|turn|11
|inactive|Battle timer is ON: inactive players will automatically lose when time's up. (requested by Hurug10)
|
|t:|1760881215
|move|p2a: CHESS|Protect|p2a: CHESS
|-singleturn|p2a: CHESS|Protect
|move|p1a: Iron Hands|Drain Punch|p2a: CHESS
|-activate|p2a: CHESS|move: Protect
|
|upkeep
|turn|12
|
|t:|1760881221
|move|p2a: CHESS|Sucker Punch|p1a: Iron Hands
|-resisted|p1a: Iron Hands
|-damage|p1a: Iron Hands|38/100
|move|p1a: Iron Hands|Drain Punch|p2a: CHESS
|-supereffective|p2a: CHESS
|-damage|p2a: CHESS|0 fnt
|-heal|p1a: Iron Hands|72/100|[from] drain|[of] p2a: CHESS
|faint|p2a: CHESS
|
|win|gamergabo
|raw|gamergabo's rating: 1094 &rarr; <strong>1120</strong><br />(+26 for winning)
|raw|Hurug10's rating: 1098 &rarr; <strong>1073</strong><br />(-25 for losing)
|l|☆Hurug10
|player|p2|
|l|‽gamergabo
|player|p1|
