|j|☆chaosdot1
|j|☆Lmanzz
|t:|1760795428
|gametype|singles
|player|p1|chaosdot1|265|1294
|player|p2|Lmanzz|170|1268
|gen|9
|tier|[Gen 9] OU
|rated|
|rule|HP Percentage Mod: HP is shown in percentages
|rule|Endless Battle Clause: Forcing endless battles is banned
|rule|Species Clause: Limit one of each Pokémon
|rule|OHKO Clause: OHKO moves are banned
|rule|Evasion Items Clause: Evasion items are banned
|rule|Evasion Moves Clause: Evasion moves are banned
|rule|Evasion Abilities Clause: Evasion abilities are banned
|rule|Sleep Moves Clause: Sleep-inducing moves are banned
|clearpoke
|poke|p1|Primarina, M|
|poke|p1|Great Tusk|
|poke|p1|Kingambit, M|
|poke|p1|Slowking-Galar, M|
|poke|p1|Ogerpon, F|
|poke|p1|Enamorus, F|
|poke|p2|Alomomola, F|
|poke|p2|Blissey, F|
|poke|p2|Clodsire, M|
|poke|p2|Clefable, M|
|poke|p2|Trevenant, F|
|poke|p2|Hydrapple, M|
|teampreview
|inactive|Battle timer is ON: inactive players will automatically lose when time's up. (requested by Lmanzz)
|
|t:|1760795453
|teamsize|p1|6
|teamsize|p2|6
|start
|switch|p1a: Anonymous|Ogerpon, F|100/100
|switch|p2a: Trevenant|Trevenant, F|100/100
|turn|1
|
|t:|1760795458
|move|p1a: Anonymous|Knock Off|p2a: Trevenant
|-supereffective|p2a: Trevenant
|-damage|p2a: Trevenant|0 fnt
|-enditem|p2a: Trevenant|Sitrus Berry|[from] move: Knock Off|[of] p1a: Anonymous
|faint|p2a: Trevenant
|
|upkeep
|
|t:|1760795464
|switch|p2a: Hydrapple|Hydrapple, M|100/100
|turn|2
|
|t:|1760795475
|switch|p1a: Mantra|Slowking-Galar, M, shiny|100/100
|switch|p2a: Clodsire|Clodsire, M|100/100
|
|upkeep
|turn|3
|
|t:|1760795482
|move|p1a: Mantra|Psychic Noise|p2a: Clodsire
|-supereffective|p2a: Clodsire
|-damage|p2a: Clodsire|70/100
|-start|p2a: Clodsire|move: Heal Block
|move|p2a: Clodsire|Spikes|p1a: Mantra
|-sidestart|p1: chaosdot1|Spikes
|
|upkeep
|turn|4
|
|t:|1760795487
|move|p1a: Mantra|Ice Beam|p2a: Clodsire
|-supereffective|p2a: Clodsire
|-damage|p2a: Clodsire|48/100
|move|p2a: Clodsire|Spikes|p1a: Mantra
|-sidestart|p1: chaosdot1|Spikes
|
|-end|p2a: Clodsire|move: Heal Block
|upkeep
|turn|5
|
|t:|1760795498
|switch|p2a: Alomomola|Alomomola, F|100/100
|move|p1a: Mantra|Psychic Noise|p2a: Alomomola
|-damage|p2a: Alomomola|68/100
|-start|p2a: Alomomola|move: Heal Block
|
|upkeep
|turn|6
|
|t:|1760795507
|move|p2a: Alomomola|Protect|p2a: Alomomola
|-singleturn|p2a: Alomomola|Protect
|move|p1a: Mantra|Sludge Bomb|p2a: Alomomola
|-activate|p2a: Alomomola|move: Protect
|
|-end|p2a: Alomomola|move: Heal Block
|upkeep
|turn|7
|
|t:|1760795515
|switch|p1a: Behemoth|Great Tusk, shiny|100/100
|-damage|p1a: Behemoth|84/100|[from] Spikes
|move|p2a: Alomomola|Flip Turn|p1a: Behemoth
|-supereffective|p1a: Behemoth
|-damage|p1a: Behemoth|61/100
|-damage|p2a: Alomomola|52/100|[from] item: Rocky Helmet|[of] p1a: Behemoth
|
|t:|1760795522
|switch|p2a: Hydrapple|Hydrapple, M|100/100|[from] Flip Turn
|
|upkeep
|turn|8
|
|t:|1760795527
|move|p1a: Behemoth|Ice Spinner|p2a: Hydrapple
|-supereffective|p2a: Hydrapple
|-crit|p2a: Hydrapple
|-damage|p2a: Hydrapple|1/100
|move|p2a: Hydrapple|Giga Drain|p1a: Behemoth
|-supereffective|p1a: Behemoth
|-damage|p1a: Behemoth|0 fnt
|-heal|p2a: Hydrapple|29/100|[from] drain|[of] p1a: Behemoth
|faint|p1a: Behemoth
|-end|p1a: Behemoth|Protosynthesis|[silent]
|
|upkeep
|
|t:|1760795535
|switch|p1a: Anonymous|Ogerpon, F|100/100
|-damage|p1a: Anonymous|84/100|[from] Spikes
|turn|9
|
|t:|1760795543
|move|p1a: Anonymous|U-turn|p2a: Hydrapple
|-supereffective|p2a: Hydrapple
|-damage|p2a: Hydrapple|0 fnt
|faint|p2a: Hydrapple
|
|t:|1760795553
|switch|p1a: Mantra|Slowking-Galar, M, shiny|100/100|[from] U-turn
|-damage|p1a: Mantra|84/100|[from] Spikes
|
|upkeep
|
|t:|1760795561
|switch|p2a: Clefable|Clefable, M|100/100
|turn|10
|
|t:|1760795568
|switch|p2a: Clodsire|Clodsire, M|48/100
|move|p1a: Mantra|Sludge Bomb|p2a: Clodsire
|-resisted|p2a: Clodsire
|-damage|p2a: Clodsire|44/100
|
|-heal|p2a: Clodsire|50/100|[from] item: Leftovers
|upkeep
|turn|11
|
|t:|1760795578
|switch|p2a: Blissey|Blissey, F|100/100
|move|p1a: Mantra|Psychic Noise|p2a: Blissey
|-damage|p2a: Blissey|90/100
|-start|p2a: Blissey|move: Heal Block
|
|upkeep
|turn|12
|
|t:|1760795583
|move|p2a: Blissey|Thunder Wave|p1a: Mantra
|-status|p1a: Mantra|par
|move|p1a: Mantra|Psychic Noise|p2a: Blissey
|-damage|p2a: Blissey|79/100
|
|-end|p2a: Blissey|move: Heal Block
|upkeep
|turn|13
|
|t:|1760795596
|switch|p1a: Overgod|Kingambit, M, shiny|100/100
|-damage|p1a: Overgod|84/100|[from] Spikes
|-activate|p1a: Overgod|ability: Supreme Overlord
|-start|p1a: Overgod|fallen1|[silent]
|move|p2a: Blissey|Ice Beam|p1a: Overgod
|-resisted|p1a: Overgod
|-damage|p1a: Overgod|76/100
|
|-heal|p1a: Overgod|82/100|[from] item: Leftovers
|upkeep
|turn|14
|
|t:|1760795604
|switch|p2a: Alomomola|Alomomola, F|85/100
|move|p1a: Overgod|Kowtow Cleave|p2a: Alomomola
|-damage|p2a: Alomomola|55/100
|
|-heal|p1a: Overgod|88/100|[from] item: Leftovers
|upkeep
|turn|15
|
|t:|1760795610
|move|p1a: Overgod|Swords Dance|p1a: Overgod
|-boost|p1a: Overgod|atk|2
|move|p2a: Alomomola|Scald|p1a: Overgod
|-damage|p1a: Overgod|76/100
|
|-heal|p1a: Overgod|82/100|[from] item: Leftovers
|upkeep
|turn|16
|
|t:|1760795616
|-terastallize|p2a: Alomomola|Fairy
|move|p1a: Overgod|Kowtow Cleave|p2a: Alomomola
|-resisted|p2a: Alomomola
|-damage|p2a: Alomomola|26/100
|move|p2a: Alomomola|Scald|p1a: Overgod
|-damage|p1a: Overgod|69/100
|
|-heal|p1a: Overgod|75/100|[from] item: Leftovers
|upkeep
|turn|17
|
|t:|1760795628
|switch|p2a: Clefable|Clefable, M|100/100
|move|p1a: Overgod|Iron Head|p2a: Clefable
|-supereffective|p2a: Clefable
|-damage|p2a: Clefable|0 fnt
|faint|p2a: Clefable
|
|-heal|p1a: Overgod|81/100|[from] item: Leftovers
|upkeep
|-message|Lmanzz forfeited.
|
|win|chaosdot1
|raw|chaosdot1's rating: 1294 &rarr; <strong>1317</strong><br />(+23 for winning)
|raw|Lmanzz's rating: 1268 &rarr; <strong>1245</strong><br />(-23 for losing)
|l|☆Lmanzz
|player|p2|
|l|☆chaosdot1
|player|p1|
