|j|☆SmallKuza1888
|j|☆stariaki
|t:|1760821477
|gametype|singles
|player|p1|SmallKuza1888|cyclist-gen4|1691
|player|p2|stariaki|101|1695
|gen|9
|tier|[Gen 9] OU
|rated|
|rule|HP Percentage Mod: HP is shown in percentages
|rule|Endless Battle Clause: Forcing endless battles is banned
|rule|Species Clause: Limit one of each Pokémon
|rule|OHKO Clause: OHKO moves are banned
|rule|Evasion Items Clause: Evasion items are banned
|rule|Evasion Moves Clause: Evasion moves are banned
|rule|Evasion Abilities Clause: Evasion abilities are banned
|rule|Sleep Moves Clause: Sleep-inducing moves are banned
|clearpoke
|poke|p1|Tyranitar, M|
|poke|p1|Excadrill, M|
|poke|p1|Sinistcha|
|poke|p1|Tinkaton, F|
|poke|p1|Toxapex, M|
|poke|p1|Tornadus-Therian, M|
|poke|p2|Polteageist|
|poke|p2|Scizor, F|
|poke|p2|Dragonite, F|
|poke|p2|Great Tusk|
|poke|p2|Cinderace, M|
|poke|p2|Alomomola, F|
|teampreview
|inactive|Battle timer is ON: inactive players will automatically lose when time's up. (requested by SmallKuza1888)
|
|t:|1760821497
|teamsize|p1|6
|teamsize|p2|6
|start
|switch|p1a: Tornadus|Tornadus-Therian, M|100/100
|switch|p2a: Scizor|Scizor, F|100/100
|turn|1
|
|t:|1760821509
|switch|p2a: Cinderace|Cinderace, M|100/100
|move|p1a: Tornadus|Bleakwind Storm|p2a: Cinderace
|-damage|p2a: Cinderace|4/100
|
|upkeep
|turn|2
|
|t:|1760821512
|move|p1a: Tornadus|Bleakwind Storm|p2a: Cinderace|[miss]
|-miss|p1a: Tornadus|p2a: Cinderace
|move|p2a: Cinderace|Pyro Ball|p1a: Tornadus
|-damage|p1a: Tornadus|0 fnt
|faint|p1a: Tornadus
|
|upkeep
|
|t:|1760821520
|switch|p1a: Toxapex|Toxapex, M|100/100
|turn|3
|c|☆stariaki|Sorry
|
|t:|1760821524
|switch|p2a: Scizor|Scizor, F|100/100
|move|p1a: Toxapex|Toxic Spikes|p2a: Scizor
|-sidestart|p2: stariaki|move: Toxic Spikes
|
|upkeep
|turn|4
|
|t:|1760821532
|switch|p1a: Tinkaton|Tinkaton, F|100/100
|-ability|p1a: Tinkaton|Mold Breaker
|-item|p1a: Tinkaton|Air Balloon
|move|p2a: Scizor|Knock Off|p1a: Tinkaton
|-resisted|p1a: Tinkaton
|-damage|p1a: Tinkaton|72/100
|-enditem|p1a: Tinkaton|Air Balloon
|
|upkeep
|turn|5
|inactive|stariaki has 120 seconds left.
|
|t:|1760821562
|switch|p2a: Cinderace|Cinderace, M|4/100
|move|p1a: Tinkaton|Knock Off|p2a: Cinderace
|-damage|p2a: Cinderace|0 fnt
|-enditem|p2a: Cinderace|Heavy-Duty Boots|[from] move: Knock Off|[of] p1a: Tinkaton
|faint|p2a: Cinderace
|
|upkeep
|
|t:|1760821565
|switch|p2a: Great Tusk|Great Tusk|100/100
|-status|p2a: Great Tusk|psn
|turn|6
|
|t:|1760821573
|move|p1a: Tinkaton|Stealth Rock|p2a: Great Tusk
|-sidestart|p2: stariaki|move: Stealth Rock
|move|p2a: Great Tusk|Ice Spinner|p1a: Tinkaton
|-resisted|p1a: Tinkaton
|-damage|p1a: Tinkaton|53/100
|
|-damage|p2a: Great Tusk|88/100 psn|[from] psn
|upkeep
|turn|7
|
|t:|1760821576
|switch|p1a: Sinistcha|Sinistcha|100/100
|move|p2a: Great Tusk|Rapid Spin|p1a: Sinistcha
|-immune|p1a: Sinistcha
|
|-damage|p2a: Great Tusk|76/100 psn|[from] psn
|upkeep
|turn|8
|
|t:|1760821581
|-end|p2a: Great Tusk|Protosynthesis|[silent]
|switch|p2a: Scizor|Scizor, F|100/100
|-damage|p2a: Scizor|88/100|[from] Stealth Rock
|move|p1a: Sinistcha|Shadow Ball|p2a: Scizor
|-damage|p2a: Scizor|52/100
|
|upkeep
|turn|9
|
|t:|1760821586
|switch|p1a: Toxapex|Toxapex, M|100/100
|move|p2a: Scizor|Knock Off|p1a: Toxapex
|-damage|p1a: Toxapex|57/100
|-enditem|p1a: Toxapex|Eject Button|[from] move: Knock Off|[of] p2a: Scizor
|
|upkeep
|turn|10
|
|t:|1760821597
|switch|p2a: Great Tusk|Great Tusk|76/100 psn
|-damage|p2a: Great Tusk|73/100 psn|[from] Stealth Rock
|move|p1a: Toxapex|Recover|p1a: Toxapex
|-heal|p1a: Toxapex|100/100
|
|-damage|p2a: Great Tusk|60/100 psn|[from] psn
|upkeep
|turn|11
|
|t:|1760821602
|switch|p1a: Sinistcha|Sinistcha|100/100
|move|p2a: Great Tusk|Ice Spinner|p1a: Sinistcha
|-supereffective|p1a: Sinistcha
|-damage|p1a: Sinistcha|55/100
|
|-heal|p1a: Sinistcha|61/100|[from] item: Leftovers
|-damage|p2a: Great Tusk|48/100 psn|[from] psn
|upkeep
|turn|12
|
|t:|1760821617
|-end|p2a: Great Tusk|Protosynthesis|[silent]
|switch|p2a: Scizor|Scizor, F|52/100
|-damage|p2a: Scizor|40/100|[from] Stealth Rock
|move|p1a: Sinistcha|Strength Sap|p2a: Scizor
|-unboost|p2a: Scizor|atk|1
|-heal|p1a: Sinistcha|100/100
|
|upkeep
|turn|13
|
|t:|1760821623
|switch|p1a: Toxapex|Toxapex, M|100/100
|move|p2a: Scizor|U-turn|p1a: Toxapex
|-resisted|p1a: Toxapex
|-damage|p1a: Toxapex|84/100
|
|t:|1760821625
|switch|p2a: Dragonite|Dragonite, F|100/100|[from] U-turn
|-damage|p2a: Dragonite|76/100|[from] Stealth Rock
|
|-heal|p2a: Dragonite|82/100|[from] item: Leftovers
|upkeep
|turn|14
|
|t:|1760821628
|-terastallize|p2a: Dragonite|Steel
|move|p2a: Dragonite|Dragon Dance|p2a: Dragonite
|-boost|p2a: Dragonite|atk|1
|-boost|p2a: Dragonite|spe|1
|move|p1a: Toxapex|Toxic|p2a: Dragonite
|-immune|p2a: Dragonite
|
|-heal|p2a: Dragonite|88/100|[from] item: Leftovers
|upkeep
|turn|15
|
|t:|1760821635
|move|p2a: Dragonite|Earthquake|p1a: Toxapex
|-supereffective|p1a: Toxapex
|-damage|p1a: Toxapex|11/100
|move|p1a: Toxapex|Haze|p1a: Toxapex
|-clearallboost
|
|-heal|p2a: Dragonite|94/100|[from] item: Leftovers
|upkeep
|turn|16
|
|t:|1760821643
|move|p2a: Dragonite|Dragon Dance|p2a: Dragonite
|-boost|p2a: Dragonite|atk|1
|-boost|p2a: Dragonite|spe|1
|move|p1a: Toxapex|Haze|p1a: Toxapex
|-clearallboost
|
|-heal|p2a: Dragonite|100/100|[from] item: Leftovers
|upkeep
|turn|17
|
|t:|1760821647
|move|p2a: Dragonite|Dragon Dance|p2a: Dragonite
|-boost|p2a: Dragonite|atk|1
|-boost|p2a: Dragonite|spe|1
|move|p1a: Toxapex|Haze|p1a: Toxapex
|-clearallboost
|
|upkeep
|turn|18
|
|t:|1760821653
|move|p2a: Dragonite|Earthquake|p1a: Toxapex
|-supereffective|p1a: Toxapex
|-damage|p1a: Toxapex|0 fnt
|faint|p1a: Toxapex
|
|upkeep
|
|t:|1760821670
|switch|p1a: Sinistcha|Sinistcha|100/100
|turn|19
|
|t:|1760821691
|move|p2a: Dragonite|Dragon Dance|p2a: Dragonite
|-boost|p2a: Dragonite|atk|1
|-boost|p2a: Dragonite|spe|1
|move|p1a: Sinistcha|Matcha Gotcha|p2a: Dragonite
|-resisted|p2a: Dragonite
|-damage|p2a: Dragonite|94/100
|-status|p2a: Dragonite|brn
|
|-heal|p2a: Dragonite|99/100 brn|[from] item: Leftovers
|-damage|p2a: Dragonite|94/100 brn|[from] brn
|upkeep
|turn|20
|
|t:|1760821698
|move|p2a: Dragonite|Ice Spinner|p1a: Sinistcha
|-supereffective|p1a: Sinistcha
|-damage|p1a: Sinistcha|72/100
|move|p1a: Sinistcha|Strength Sap|p2a: Dragonite
|-unboost|p2a: Dragonite|atk|1
|-heal|p1a: Sinistcha|100/100
|
|-heal|p2a: Dragonite|99/100 brn|[from] item: Leftovers
|-damage|p2a: Dragonite|94/100 brn|[from] brn
|upkeep
|turn|21
|
|t:|1760821710
|move|p2a: Dragonite|Dragon Dance|p2a: Dragonite
|-boost|p2a: Dragonite|atk|1
|-boost|p2a: Dragonite|spe|1
|move|p1a: Sinistcha|Shadow Ball|p2a: Dragonite
|-crit|p2a: Dragonite
|-damage|p2a: Dragonite|53/100 brn
|
|-heal|p2a: Dragonite|59/100 brn|[from] item: Leftovers
|-damage|p2a: Dragonite|53/100 brn|[from] brn
|upkeep
|turn|22
|
|t:|1760821716
|move|p2a: Dragonite|Roost|p2a: Dragonite
|-heal|p2a: Dragonite|100/100 brn
|move|p1a: Sinistcha|Strength Sap|p2a: Dragonite
|-unboost|p2a: Dragonite|atk|1
|
|-damage|p2a: Dragonite|94/100 brn|[from] brn
|upkeep
|turn|23
|
|t:|1760821719
|move|p2a: Dragonite|Ice Spinner|p1a: Sinistcha
|-supereffective|p1a: Sinistcha
|-damage|p1a: Sinistcha|84/100
|move|p1a: Sinistcha|Shadow Ball|p2a: Dragonite
|-damage|p2a: Dragonite|65/100 brn
|
|-heal|p2a: Dragonite|71/100 brn|[from] item: Leftovers
|-heal|p1a: Sinistcha|90/100|[from] item: Leftovers
|-damage|p2a: Dragonite|65/100 brn|[from] brn
|upkeep
|turn|24
|
|t:|1760821722
|switch|p2a: Scizor|Scizor, F|40/100
|-damage|p2a: Scizor|28/100|[from] Stealth Rock
|move|p1a: Sinistcha|Shadow Ball|p2a: Scizor
|-damage|p2a: Scizor|0 fnt
|faint|p2a: Scizor
|
|-heal|p1a: Sinistcha|96/100|[from] item: Leftovers
|upkeep
|-message|stariaki forfeited.
|
|win|SmallKuza1888
|raw|SmallKuza1888's rating: 1691 &rarr; <strong>1711</strong><br />(+20 for winning)
|raw|stariaki's rating: 1695 &rarr; <strong>1675</strong><br />(-20 for losing)
|l|☆stariaki
|player|p2|
|l|☆SmallKuza1888
|player|p1|
