|j|☆TheDittoKid
|j|☆Pis Mann
|t:|1760826490
|gametype|singles
|player|p1|TheDittoKid|169|1221
|player|p2|Pis Mann|ingo|1257
|gen|9
|tier|[Gen 9] OU
|rated|
|rule|HP Percentage Mod: HP is shown in percentages
|rule|Endless Battle Clause: Forcing endless battles is banned
|rule|Species Clause: Limit one of each Pokémon
|rule|OHKO Clause: OHKO moves are banned
|rule|Evasion Items Clause: Evasion items are banned
|rule|Evasion Moves Clause: Evasion moves are banned
|rule|Evasion Abilities Clause: Evasion abilities are banned
|rule|Sleep Moves Clause: Sleep-inducing moves are banned
|clearpoke
|poke|p1|Salamence, F|
|poke|p1|Iron Valiant|
|poke|p1|Slowking-Galar, M|
|poke|p1|Conkeldurr, F|
|poke|p1|Clefable, M|
|poke|p1|Iron Treads|
|poke|p2|Torkoal, F|
|poke|p2|Raging Bolt|
|poke|p2|Venusaur, M|
|poke|p2|Hatterene, F|
|poke|p2|Slither Wing|
|poke|p2|Walking Wake|
|teampreview
|inactive|Battle timer is ON: inactive players will automatically lose when time's up. (requested by Pis Mann)
|
|t:|1760826497
|teamsize|p1|6
|teamsize|p2|6
|start
|switch|p1a: Slowking|Slowking-Galar, M|100/100
|switch|p2a: Torkoal|Torkoal, F|100/100
|-weather|SunnyDay|[from] ability: Drought|[of] p2a: Torkoal
|turn|1
|
|t:|1760826502
|move|p1a: Slowking|Future Sight|p2a: Torkoal
|-start|p1a: Slowking|move: Future Sight
|move|p2a: Torkoal|Stealth Rock|p1a: Slowking
|-sidestart|p1: TheDittoKid|move: Stealth Rock
|
|-weather|SunnyDay|[upkeep]
|upkeep
|turn|2
|
|t:|1760826510
|move|p1a: Slowking|Sludge Bomb|p2a: Torkoal
|-damage|p2a: Torkoal|62/100
|move|p2a: Torkoal|Earthquake|p1a: Slowking
|-supereffective|p1a: Slowking
|-damage|p1a: Slowking|57/100
|
|-weather|SunnyDay|[upkeep]
|upkeep
|turn|3
|
|t:|1760826517
|move|p1a: Slowking|Sludge Bomb|p2a: Torkoal
|-damage|p2a: Torkoal|21/100
|move|p2a: Torkoal|Earthquake|p1a: Slowking
|-supereffective|p1a: Slowking
|-damage|p1a: Slowking|15/100
|
|-weather|SunnyDay|[upkeep]
|-end|p2a: Torkoal|move: Future Sight
|-damage|p2a: Torkoal|0 fnt
|faint|p2a: Torkoal
|upkeep
|
|t:|1760826534
|switch|p2a: Slither Wing|Slither Wing|100/100
|-activate|p2a: Slither Wing|ability: Protosynthesis
|-start|p2a: Slither Wing|protosynthesisatk
|turn|4
|
|t:|1760826543
|move|p2a: Slither Wing|U-turn|p1a: Slowking
|-damage|p1a: Slowking|0 fnt
|faint|p1a: Slowking
|
|t:|1760826554
|-end|p2a: Slither Wing|Protosynthesis|[silent]
|switch|p2a: Venusaur|Venusaur, M|100/100|[from] U-turn
|
|-weather|SunnyDay|[upkeep]
|upkeep
|
|t:|1760826557
|switch|p1a: Salamence|Salamence, F|100/100
|-damage|p1a: Salamence|76/100|[from] Stealth Rock
|-ability|p1a: Salamence|Intimidate|boost
|-unboost|p2a: Venusaur|atk|1
|turn|5
|
|t:|1760826569
|switch|p2a: Raging Bolt|Raging Bolt|100/100
|-activate|p2a: Raging Bolt|ability: Protosynthesis
|-start|p2a: Raging Bolt|protosynthesisspa
|move|p1a: Salamence|Hurricane|p2a: Raging Bolt
|-resisted|p2a: Raging Bolt
|-damage|p2a: Raging Bolt|72/100
|-start|p2a: Raging Bolt|confusion
|
|-weather|SunnyDay|[upkeep]
|upkeep
|turn|6
|
|t:|1760826581
|-end|p2a: Raging Bolt|Protosynthesis|[silent]
|switch|p2a: Hatterene|Hatterene, F|100/100
|-item|p2a: Hatterene|Air Balloon
|move|p1a: Salamence|Hurricane|p2a: Hatterene|[miss]
|-miss|p1a: Salamence|p2a: Hatterene
|-enditem|p1a: Salamence|Blunder Policy
|-boost|p1a: Salamence|spe|2
|
|-weather|SunnyDay|[upkeep]
|upkeep
|turn|7
|
|t:|1760826588
|move|p1a: Salamence|Fire Blast|p2a: Hatterene
|-damage|p2a: Hatterene|45/100
|-status|p2a: Hatterene|brn
|-enditem|p2a: Hatterene|Air Balloon
|move|p2a: Hatterene|Dazzling Gleam|p1a: Salamence
|-supereffective|p1a: Salamence
|-damage|p1a: Salamence|0 fnt
|faint|p1a: Salamence
|
|-weather|SunnyDay|[upkeep]
|-damage|p2a: Hatterene|39/100 brn|[from] brn
|upkeep
|
|t:|1760826599
|switch|p1a: Iron Treads|Iron Treads|100/100
|turn|8
|inactive|Pis Mann has 120 seconds left.
|
|t:|1760826631
|-terastallize|p2a: Hatterene|Ghost
|move|p1a: Iron Treads|Rapid Spin|p2a: Hatterene
|-immune|p2a: Hatterene
|move|p2a: Hatterene|Dazzling Gleam|p1a: Iron Treads
|-resisted|p1a: Iron Treads
|-damage|p1a: Iron Treads|80/100
|
|-weather|none
|-damage|p2a: Hatterene|33/100 brn|[from] brn
|upkeep
|turn|9
|inactive|Pis Mann has 120 seconds left.
|
|t:|1760826642
|switch|p2a: Walking Wake|Walking Wake|100/100
|move|p1a: Iron Treads|Earthquake|p2a: Walking Wake
|-damage|p2a: Walking Wake|58/100
|
|upkeep
|turn|10
|
|t:|1760826646
|move|p2a: Walking Wake|Hydro Steam|p1a: Iron Treads
|-supereffective|p1a: Iron Treads
|-damage|p1a: Iron Treads|0 fnt
|faint|p1a: Iron Treads
|-end|p1a: Iron Treads|Quark Drive|[silent]
|
|upkeep
|
|t:|1760826663
|switch|p1a: Iron Valiant|Iron Valiant|100/100
|-damage|p1a: Iron Valiant|94/100|[from] Stealth Rock
|-enditem|p1a: Iron Valiant|Booster Energy
|-activate|p1a: Iron Valiant|ability: Quark Drive|[fromitem]
|-start|p1a: Iron Valiant|quarkdrivespe
|turn|11
|
|t:|1760826668
|-end|p2a: Walking Wake|Protosynthesis|[silent]
|switch|p2a: Venusaur|Venusaur, M|100/100
|move|p1a: Iron Valiant|Moonblast|p2a: Venusaur
|-resisted|p2a: Venusaur
|-damage|p2a: Venusaur|75/100
|
|upkeep
|turn|12
|
|t:|1760826675
|move|p1a: Iron Valiant|Knock Off|p2a: Venusaur
|-damage|p2a: Venusaur|30/100
|-enditem|p2a: Venusaur|Life Orb|[from] move: Knock Off|[of] p1a: Iron Valiant
|move|p2a: Venusaur|Growth|p2a: Venusaur
|-boost|p2a: Venusaur|atk|1
|-boost|p2a: Venusaur|spa|1
|
|upkeep
|turn|13
|
|t:|1760826690
|move|p1a: Iron Valiant|Knock Off|p2a: Venusaur
|-damage|p2a: Venusaur|0 fnt
|faint|p2a: Venusaur
|
|upkeep
|
|t:|1760826701
|switch|p2a: Raging Bolt|Raging Bolt|72/100
|turn|14
|
|t:|1760826705
|move|p2a: Raging Bolt|Thunderclap||[still]
|-fail|p2a: Raging Bolt
|move|p1a: Iron Valiant|Encore|p2a: Raging Bolt
|-start|p2a: Raging Bolt|Encore
|
|upkeep
|turn|15
|
|t:|1760826714
|move|p2a: Raging Bolt|Thunderclap||[still]
|-fail|p2a: Raging Bolt
|move|p1a: Iron Valiant|Encore||[still]
|-fail|p1a: Iron Valiant
|
|upkeep
|turn|16
|
|t:|1760826719
|-end|p2a: Raging Bolt|Protosynthesis|[silent]
|switch|p2a: Slither Wing|Slither Wing|100/100
|move|p1a: Iron Valiant|Close Combat|p2a: Slither Wing
|-resisted|p2a: Slither Wing
|-damage|p2a: Slither Wing|60/100
|-unboost|p1a: Iron Valiant|def|1
|-unboost|p1a: Iron Valiant|spd|1
|
|upkeep
|turn|17
|
|t:|1760826723
|move|p2a: Slither Wing|First Impression|p1a: Iron Valiant
|-resisted|p1a: Iron Valiant
|-damage|p1a: Iron Valiant|71/100
|move|p1a: Iron Valiant|Moonblast|p2a: Slither Wing
|-supereffective|p2a: Slither Wing
|-damage|p2a: Slither Wing|10/100
|
|upkeep
|turn|18
|
|t:|1760826730
|move|p1a: Iron Valiant|Encore|p2a: Slither Wing
|-start|p2a: Slither Wing|Encore
|move|p2a: Slither Wing|First Impression||[still]
|-hint|First Impression only works on your first turn out.
|-fail|p2a: Slither Wing
|
|upkeep
|turn|19
|
|t:|1760826735
|-end|p2a: Slither Wing|Protosynthesis|[silent]
|switch|p2a: Hatterene|Hatterene, F, tera:Ghost|33/100 brn
|move|p1a: Iron Valiant|Moonblast|p2a: Hatterene
|-damage|p2a: Hatterene|0 fnt
|faint|p2a: Hatterene
|
|upkeep
|
|t:|1760826743
|switch|p2a: Walking Wake|Walking Wake|58/100
|turn|20
|
|t:|1760826745
|move|p1a: Iron Valiant|Moonblast|p2a: Walking Wake
|-supereffective|p2a: Walking Wake
|-damage|p2a: Walking Wake|0 fnt
|faint|p2a: Walking Wake
|-end|p2a: Walking Wake|Protosynthesis|[silent]
|
|upkeep
|
|t:|1760826747
|switch|p2a: Raging Bolt|Raging Bolt|72/100
|turn|21
|
|t:|1760826752
|move|p2a: Raging Bolt|Thunderclap|p1a: Iron Valiant
|-damage|p1a: Iron Valiant|0 fnt
|faint|p1a: Iron Valiant
|-end|p1a: Iron Valiant|Quark Drive|[silent]
|-damage|p2a: Raging Bolt|62/100|[from] item: Life Orb
|
|upkeep
|
|t:|1760826755
|switch|p1a: Clefable|Clefable, M|100/100
|-damage|p1a: Clefable|88/100|[from] Stealth Rock
|turn|22
|
|t:|1760826763
|move|p2a: Raging Bolt|Thunderclap|p1a: Clefable
|-damage|p1a: Clefable|53/100
|-damage|p2a: Raging Bolt|52/100|[from] item: Life Orb
|move|p1a: Clefable|Moonblast|p2a: Raging Bolt
|-supereffective|p2a: Raging Bolt
|-damage|p2a: Raging Bolt|0 fnt
|faint|p2a: Raging Bolt
|-end|p2a: Raging Bolt|Protosynthesis|[silent]
|
|-heal|p1a: Clefable|59/100|[from] item: Leftovers
|upkeep
|
|t:|1760826766
|switch|p2a: Slither Wing|Slither Wing|10/100
|turn|23
|
|t:|1760826779
|move|p2a: Slither Wing|Earthquake|p1a: Clefable
|-damage|p1a: Clefable|18/100
|move|p1a: Clefable|Moonblast|p2a: Slither Wing
|-supereffective|p2a: Slither Wing
|-damage|p2a: Slither Wing|0 fnt
|faint|p2a: Slither Wing
|-end|p2a: Slither Wing|Protosynthesis|[silent]
|
|win|TheDittoKid
|raw|TheDittoKid's rating: 1221 &rarr; <strong>1249</strong><br />(+28 for winning)
|raw|Pis Mann's rating: 1257 &rarr; <strong>1229</strong><br />(-28 for losing)
|l|☆Pis Mann
|player|p2|
|l|☆TheDittoKid
|player|p1|
|j|☆TheDittoKid
|player|p1|TheDittoKid|169|
