|j|☆151htyrneh
|j|☆rookie22
|t:|1760881578
|gametype|singles
|player|p1|151htyrneh|wallace|1705
|player|p2|rookie22|iris-gen5bw2|1715
|gen|9
|tier|[Gen 9] OU
|rated|
|rule|HP Percentage Mod: HP is shown in percentages
|rule|Endless Battle Clause: Forcing endless battles is banned
|rule|Species Clause: Limit one of each Pokémon
|rule|OHKO Clause: OHKO moves are banned
|rule|Evasion Items Clause: Evasion items are banned
|rule|Evasion Moves Clause: Evasion moves are banned
|rule|Evasion Abilities Clause: Evasion abilities are banned
|rule|Sleep Moves Clause: Sleep-inducing moves are banned
|clearpoke
|poke|p1|Zapdos|
|poke|p1|Iron Valiant|
|poke|p1|Great Tusk|
|poke|p1|Alomomola, M|
|poke|p1|Slowking-Galar, M|
|poke|p1|Cinderace, F|
|poke|p2|Dragonite, F|
|poke|p2|Meowscarada, M|
|poke|p2|Keldeo|
|poke|p2|Iron Crown|
|poke|p2|Raging Bolt|
|poke|p2|Great Tusk|
|teampreview
|inactive|Battle timer is ON: inactive players will automatically lose when time's up. (requested by rookie22)
|
|t:|1760881583
|teamsize|p1|6
|teamsize|p2|6
|start
|switch|p1a: Zapdos|Zapdos|100/100
|switch|p2a: Meowscarada|Meowscarada, M|100/100
|turn|1
|
|t:|1760881589
|switch|p2a: Raging Bolt|Raging Bolt|100/100
|move|p1a: Zapdos|Roost||[still]
|-fail|p1a: Zapdos|heal
|
|upkeep
|turn|2
|
|t:|1760881599
|switch|p1a: Alomomola|Alomomola, M|100/100
|move|p2a: Raging Bolt|Thunderbolt|p1a: Alomomola
|-supereffective|p1a: Alomomola
|-damage|p1a: Alomomola|53/100
|
|upkeep
|turn|3
|
|t:|1760881607
|switch|p1a: Great Tusk|Great Tusk|100/100
|move|p2a: Raging Bolt|Calm Mind|p2a: Raging Bolt
|-boost|p2a: Raging Bolt|spa|1
|-boost|p2a: Raging Bolt|spd|1
|
|upkeep
|turn|4
|
|t:|1760881618
|-end|p1a: Great Tusk|Protosynthesis|[silent]
|switch|p1a: Iron Valiant|Iron Valiant|100/100
|-end|p2a: Raging Bolt|Protosynthesis|[silent]
|switch|p2a: Great Tusk|Great Tusk|100/100
|
|upkeep
|turn|5
|
|t:|1760881626
|-end|p2a: Great Tusk|Protosynthesis|[silent]
|switch|p2a: Bene Gesserit|Iron Crown|100/100
|move|p1a: Iron Valiant|Spirit Break|p2a: Bene Gesserit
|-resisted|p2a: Bene Gesserit
|-damage|p2a: Bene Gesserit|70/100
|-unboost|p2a: Bene Gesserit|spa|1
|
|upkeep
|turn|6
|
|t:|1760881632
|-end|p1a: Iron Valiant|Quark Drive|[silent]
|switch|p1a: Alomomola|Alomomola, M|86/100
|move|p2a: Bene Gesserit|Tachyon Cutter|p1a: Alomomola
|-resisted|p1a: Alomomola
|-damage|p1a: Alomomola|82/100
|-resisted|p1a: Alomomola
|-damage|p1a: Alomomola|78/100
|-hitcount|p1a: Alomomola|2
|
|upkeep
|turn|7
|
|t:|1760881634
|switch|p1a: Great Tusk|Great Tusk|100/100
|move|p2a: Bene Gesserit|Volt Switch|p1a: Great Tusk
|-immune|p1a: Great Tusk
|
|upkeep
|turn|8
|
|t:|1760881642
|-end|p2a: Bene Gesserit|Quark Drive|[silent]
|switch|p2a: Great Tusk|Great Tusk|100/100
|move|p1a: Great Tusk|Close Combat|p2a: Great Tusk
|-damage|p2a: Great Tusk|63/100
|-unboost|p1a: Great Tusk|def|1
|-unboost|p1a: Great Tusk|spd|1
|
|-heal|p2a: Great Tusk|69/100|[from] item: Leftovers
|upkeep
|turn|9
|
|t:|1760881648
|-end|p1a: Great Tusk|Protosynthesis|[silent]
|switch|p1a: Slowking|Slowking-Galar, M|100/100
|move|p2a: Great Tusk|Ice Spinner|p1a: Slowking
|-damage|p1a: Slowking|77/100
|
|-heal|p2a: Great Tusk|75/100|[from] item: Leftovers
|upkeep
|turn|10
|
|t:|1760881653
|move|p2a: Great Tusk|Earthquake|p1a: Slowking
|-supereffective|p1a: Slowking
|-enditem|p1a: Slowking|Shuca Berry|[eat]
|-enditem|p1a: Slowking|Shuca Berry|[weaken]
|-damage|p1a: Slowking|35/100
|move|p1a: Slowking|Ice Beam|p2a: Great Tusk
|-supereffective|p2a: Great Tusk
|-damage|p2a: Great Tusk|8/100
|
|-heal|p2a: Great Tusk|14/100|[from] item: Leftovers
|upkeep
|turn|11
|
|t:|1760881660
|switch|p1a: Zapdos|Zapdos|100/100
|move|p2a: Great Tusk|Earthquake|p1a: Zapdos
|-immune|p1a: Zapdos
|
|-heal|p2a: Great Tusk|20/100|[from] item: Leftovers
|upkeep
|turn|12
|
|t:|1760881665
|-end|p2a: Great Tusk|Protosynthesis|[silent]
|switch|p2a: Raging Bolt|Raging Bolt|100/100
|move|p1a: Zapdos|Volt Switch|p2a: Raging Bolt
|-resisted|p2a: Raging Bolt
|-crit|p2a: Raging Bolt
|-damage|p2a: Raging Bolt|90/100
|
|t:|1760881668
|switch|p1a: Alomomola|Alomomola, M|100/100|[from] Volt Switch
|
|-heal|p2a: Raging Bolt|96/100|[from] item: Leftovers
|upkeep
|turn|13
|
|t:|1760881676
|move|p2a: Raging Bolt|Calm Mind|p2a: Raging Bolt
|-boost|p2a: Raging Bolt|spa|1
|-boost|p2a: Raging Bolt|spd|1
|move|p1a: Alomomola|Mirror Coat||[still]
|-fail|p1a: Alomomola
|
|-heal|p2a: Raging Bolt|100/100|[from] item: Leftovers
|upkeep
|turn|14
|inactive|rookie22 has 120 seconds left.
|
|t:|1760881709
|move|p2a: Raging Bolt|Calm Mind|p2a: Raging Bolt
|-boost|p2a: Raging Bolt|spa|1
|-boost|p2a: Raging Bolt|spd|1
|move|p1a: Alomomola|Flip Turn|p2a: Raging Bolt
|-resisted|p2a: Raging Bolt
|-damage|p2a: Raging Bolt|93/100
|
|t:|1760881711
|switch|p1a: Iron Valiant|Iron Valiant|100/100|[from] Flip Turn
|
|-heal|p2a: Raging Bolt|99/100|[from] item: Leftovers
|upkeep
|turn|15
|
|t:|1760881719
|-end|p1a: Iron Valiant|Quark Drive|[silent]
|switch|p1a: Great Tusk|Great Tusk|100/100
|-terastallize|p2a: Raging Bolt|Fairy
|move|p2a: Raging Bolt|Thunderbolt|p1a: Great Tusk
|-immune|p1a: Great Tusk
|
|-heal|p2a: Raging Bolt|100/100|[from] item: Leftovers
|upkeep
|turn|16
|
|t:|1760881731
|move|p1a: Great Tusk|Headlong Rush|p2a: Raging Bolt
|-damage|p2a: Raging Bolt|43/100
|-unboost|p1a: Great Tusk|def|1
|-unboost|p1a: Great Tusk|spd|1
|move|p2a: Raging Bolt|Dragon Pulse|p1a: Great Tusk
|-damage|p1a: Great Tusk|0 fnt
|faint|p1a: Great Tusk
|-end|p1a: Great Tusk|Protosynthesis|[silent]
|
|-heal|p2a: Raging Bolt|49/100|[from] item: Leftovers
|upkeep
|
|t:|1760881739
|switch|p1a: Cinderace|Cinderace, F|100/100
|turn|17
|
|t:|1760881746
|move|p2a: Raging Bolt|Thunderclap|p1a: Cinderace
|-damage|p1a: Cinderace|3/100
|move|p1a: Cinderace|Pyro Ball|p2a: Raging Bolt
|-damage|p2a: Raging Bolt|0 fnt
|faint|p2a: Raging Bolt
|-end|p2a: Raging Bolt|Protosynthesis|[silent]
|
|upkeep
|
|t:|1760881761
|switch|p2a: Meowscarada|Meowscarada, M|100/100
|turn|18
|
|t:|1760881764
|switch|p1a: Zapdos|Zapdos|100/100
|move|p2a: Meowscarada|Knock Off|p1a: Zapdos
|-start|p2a: Meowscarada|typechange|Dark|[from] ability: Protean
|-damage|p1a: Zapdos|65/100
|-damage|p2a: Meowscarada|84/100|[from] item: Rocky Helmet|[of] p1a: Zapdos
|-enditem|p1a: Zapdos|Rocky Helmet|[from] move: Knock Off|[of] p2a: Meowscarada
|
|upkeep
|turn|19
|inactive|rookie22 has 120 seconds left.
|
|t:|1760881795
|switch|p2a: Bene Gesserit|Iron Crown|70/100
|move|p1a: Zapdos|Roost|p1a: Zapdos
|-heal|p1a: Zapdos|100/100
|-singleturn|p1a: Zapdos|move: Roost
|
|upkeep
|turn|20
|
|t:|1760881799
|move|p2a: Bene Gesserit|Psyshock|p1a: Zapdos
|-damage|p1a: Zapdos|73/100
|move|p1a: Zapdos|Volt Switch|p2a: Bene Gesserit
|-damage|p2a: Bene Gesserit|51/100
|
|t:|1760881803
|switch|p1a: Cinderace|Cinderace, F|3/100|[from] Volt Switch
|
|upkeep
|turn|21
|
|t:|1760881806
|-end|p2a: Bene Gesserit|Quark Drive|[silent]
|switch|p2a: Great Tusk|Great Tusk|20/100
|move|p1a: Cinderace|Pyro Ball|p2a: Great Tusk
|-damage|p2a: Great Tusk|0 fnt
|faint|p2a: Great Tusk
|-end|p2a: Great Tusk|Protosynthesis|[silent]
|
|upkeep
|
|t:|1760881825
|switch|p2a: I'm the original.|Dragonite, F|100/100
|turn|22
|
|t:|1760881827
|move|p1a: Cinderace|Will-O-Wisp|p2a: I'm the original.
|-status|p2a: I'm the original.|brn
|move|p2a: I'm the original.|Dragon Dance|p2a: I'm the original.
|-boost|p2a: I'm the original.|atk|1
|-boost|p2a: I'm the original.|spe|1
|
|-damage|p2a: I'm the original.|94/100 brn|[from] brn
|upkeep
|turn|23
|
|t:|1760881834
|switch|p1a: Slowking|Slowking-Galar, M|68/100
|move|p2a: I'm the original.|Dragon Dance|p2a: I'm the original.
|-boost|p2a: I'm the original.|atk|1
|-boost|p2a: I'm the original.|spe|1
|
|-damage|p2a: I'm the original.|88/100 brn|[from] brn
|upkeep
|turn|24
|
|t:|1760881837
|move|p2a: I'm the original.|Earthquake|p1a: Slowking
|-supereffective|p1a: Slowking
|-damage|p1a: Slowking|13/100
|move|p1a: Slowking|Ice Beam|p2a: I'm the original.
|-supereffective|p2a: I'm the original.
|-damage|p2a: I'm the original.|0 fnt
|faint|p2a: I'm the original.
|
|upkeep
|
|t:|1760881840
|switch|p2a: Meowscarada|Meowscarada, M|84/100
|turn|25
|
|t:|1760881844
|switch|p1a: Zapdos|Zapdos|73/100
|move|p2a: Meowscarada|Knock Off|p1a: Zapdos
|-start|p2a: Meowscarada|typechange|Dark|[from] ability: Protean
|-crit|p1a: Zapdos
|-damage|p1a: Zapdos|39/100
|
|upkeep
|turn|26
|
|t:|1760881849
|move|p2a: Meowscarada|Taunt|p1a: Zapdos
|-start|p1a: Zapdos|move: Taunt
|cant|p1a: Zapdos|move: Taunt|Roost
|
|upkeep
|turn|27
|
|t:|1760881852
|switch|p2a: Bene Gesserit|Iron Crown|51/100
|move|p1a: Zapdos|Volt Switch|p2a: Bene Gesserit
|-damage|p2a: Bene Gesserit|32/100
|
|t:|1760881855
|switch|p1a: Iron Valiant|Iron Valiant|100/100|[from] Volt Switch
|
|upkeep
|turn|28
|
|t:|1760881862
|move|p1a: Iron Valiant|Shadow Sneak|p2a: Bene Gesserit
|-supereffective|p2a: Bene Gesserit
|-damage|p2a: Bene Gesserit|0 fnt
|faint|p2a: Bene Gesserit
|-end|p2a: Bene Gesserit|Quark Drive|[silent]
|
|upkeep
|
|t:|1760881870
|switch|p2a: Meowscarada|Meowscarada, M|84/100
|turn|29
|
|t:|1760881873
|-end|p1a: Iron Valiant|Quark Drive|[silent]
|switch|p1a: Zapdos|Zapdos|39/100
|move|p2a: Meowscarada|Flower Trick|p1a: Zapdos
|-start|p2a: Meowscarada|typechange|Grass|[from] ability: Protean
|-resisted|p1a: Zapdos
|-crit|p1a: Zapdos
|-damage|p1a: Zapdos|21/100
|
|upkeep
|turn|30
|
|t:|1760881877
|move|p2a: Meowscarada|Triple Axel|p1a: Zapdos
|-supereffective|p1a: Zapdos
|-damage|p1a: Zapdos|12/100
|-supereffective|p1a: Zapdos
|-damage|p1a: Zapdos|0 fnt
|faint|p1a: Zapdos
|-hitcount|p1: Zapdos|2
|
|upkeep
|
|t:|1760881889
|switch|p1a: Iron Valiant|Iron Valiant|100/100
|turn|31
|
|t:|1760881893
|move|p2a: Meowscarada|Flower Trick|p1a: Iron Valiant
|-crit|p1a: Iron Valiant
|-damage|p1a: Iron Valiant|40/100
|move|p1a: Iron Valiant|Close Combat|p2a: Meowscarada
|-damage|p2a: Meowscarada|0 fnt
|-unboost|p1a: Iron Valiant|def|1
|-unboost|p1a: Iron Valiant|spd|1
|faint|p2a: Meowscarada
|
|upkeep
|
|t:|1760881900
|switch|p2a: Lisan Al Gaib|Keldeo|100/100
|turn|32
|-message|rookie22 forfeited.
|
|win|151htyrneh
|raw|151htyrneh's rating: 1705 &rarr; <strong>1726</strong><br />(+21 for winning)
|raw|rookie22's rating: 1715 &rarr; <strong>1694</strong><br />(-21 for losing)
|l|☆rookie22
|player|p2|
|l|☆151htyrneh
|player|p1|
|j|☆151htyrneh
|player|p1|151htyrneh|wallace|
