|j|☆pikkledtmato
|j|☆Stealthalo
|t:|1760742007
|gametype|singles
|player|p1|pikkledtmato|2|1616
|player|p2|Stealthalo|2|1609
|gen|9
|tier|[Gen 9] OU
|rated|
|rule|HP Percentage Mod: HP is shown in percentages
|rule|Endless Battle Clause: Forcing endless battles is banned
|rule|Species Clause: Limit one of each Pokémon
|rule|OHKO Clause: OHKO moves are banned
|rule|Evasion Items Clause: Evasion items are banned
|rule|Evasion Moves Clause: Evasion moves are banned
|rule|Evasion Abilities Clause: Evasion abilities are banned
|rule|Sleep Moves Clause: Sleep-inducing moves are banned
|clearpoke
|poke|p1|Dondozo, M|
|poke|p1|Blissey, F|
|poke|p1|Gliscor, M|
|poke|p1|Corviknight, F|
|poke|p1|Toxapex, M|
|poke|p1|Clefable, F|
|poke|p2|Landorus-Therian, M|
|poke|p2|Heatran, F|
|poke|p2|Rotom-Wash|
|poke|p2|Darkrai|
|poke|p2|Iron Valiant|
|poke|p2|Decidueye, F|
|teampreview
|inactive|Battle timer is ON: inactive players will automatically lose when time's up. (requested by pikkledtmato)
|
|t:|1760742042
|teamsize|p1|6
|teamsize|p2|6
|start
|switch|p1a: Gliscor|Gliscor, M|100/100
|switch|p2a: Iron Valiant|Iron Valiant|100/100
|-enditem|p2a: Iron Valiant|Booster Energy
|-activate|p2a: Iron Valiant|ability: Quark Drive|[fromitem]
|-start|p2a: Iron Valiant|quarkdrivespe
|turn|1
|
|t:|1760742050
|move|p1a: Gliscor|Protect|p1a: Gliscor
|-singleturn|p1a: Gliscor|Protect
|move|p2a: Iron Valiant|Knock Off|p1a: Gliscor
|-activate|p1a: Gliscor|move: Protect
|
|-status|p1a: Gliscor|tox|[from] item: Toxic Orb
|upkeep
|turn|2
|
|t:|1760742062
|move|p2a: Iron Valiant|Knock Off|p1a: Gliscor
|-damage|p1a: Gliscor|79/100 tox
|-enditem|p1a: Gliscor|Toxic Orb|[from] move: Knock Off|[of] p2a: Iron Valiant
|move|p1a: Gliscor|Spikes|p2a: Iron Valiant
|-sidestart|p2: Stealthalo|Spikes
|
|-heal|p1a: Gliscor|91/100 tox|[from] ability: Poison Heal
|upkeep
|turn|3
|
|t:|1760742071
|-end|p2a: Iron Valiant|Quark Drive|[silent]
|switch|p2a: Rotom|Rotom-Wash|100/100
|move|p1a: Gliscor|Earthquake|p2a: Rotom
|-immune|p2a: Rotom|[from] ability: Levitate
|
|-heal|p1a: Gliscor|100/100 tox|[from] ability: Poison Heal
|upkeep
|turn|4
|
|t:|1760742083
|-terastallize|p2a: Rotom|Steel
|move|p1a: Gliscor|Spikes|p2a: Rotom
|-sidestart|p2: Stealthalo|Spikes
|move|p2a: Rotom|Will-O-Wisp||[still]
|-fail|p2a: Rotom
|
|upkeep
|turn|5
|
|t:|1760742090
|move|p1a: Gliscor|Protect|p1a: Gliscor
|-singleturn|p1a: Gliscor|Protect
|move|p2a: Rotom|Hydro Pump|p1a: Gliscor
|-activate|p1a: Gliscor|move: Protect
|
|upkeep
|turn|6
|
|t:|1760742096
|move|p1a: Gliscor|Spikes|p2a: Rotom
|-sidestart|p2: Stealthalo|Spikes
|move|p2a: Rotom|Will-O-Wisp||[still]
|-fail|p2a: Rotom
|
|upkeep
|turn|7
|
|t:|1760742101
|move|p1a: Gliscor|Knock Off|p2a: Rotom
|-damage|p2a: Rotom|84/100
|-enditem|p2a: Rotom|Leftovers|[from] move: Knock Off|[of] p1a: Gliscor
|move|p2a: Rotom|Will-O-Wisp||[still]
|-fail|p2a: Rotom
|
|upkeep
|turn|8
|
|t:|1760742108
|move|p1a: Gliscor|Protect|p1a: Gliscor
|-singleturn|p1a: Gliscor|Protect
|move|p2a: Rotom|Will-O-Wisp|p1a: Gliscor
|-activate|p1a: Gliscor|move: Protect
|
|upkeep
|turn|9
|
|t:|1760742115
|switch|p1a: Blissey|Blissey, F|100/100
|move|p2a: Rotom|Volt Switch|p1a: Blissey
|-damage|p1a: Blissey|92/100
|
|t:|1760742120
|switch|p2a: Decidueye|Decidueye, F|100/100|[from] Volt Switch
|-damage|p2a: Decidueye|75/100|[from] Spikes
|
|-heal|p2a: Decidueye|82/100|[from] item: Leftovers
|upkeep
|turn|10
|
|t:|1760742127
|switch|p1a: Corviknight|Corviknight, F|100/100
|-ability|p1a: Corviknight|Pressure
|move|p2a: Decidueye|Defog|p1a: Corviknight
|-unboost|p1a: Corviknight|evasion|1
|-sideend|p2: Stealthalo|Spikes|[from] move: Defog|[of] p2a: Decidueye
|
|-heal|p2a: Decidueye|88/100|[from] item: Leftovers
|upkeep
|turn|11
|
|t:|1760742139
|switch|p2a: Rotom|Rotom-Wash, tera:Steel|84/100
|move|p1a: Corviknight|Brave Bird|p2a: Rotom
|-resisted|p2a: Rotom
|-damage|p2a: Rotom|70/100
|-damage|p1a: Corviknight|97/100|[from] Recoil
|
|-heal|p1a: Corviknight|100/100|[from] item: Leftovers
|upkeep
|turn|12
|
|t:|1760742149
|switch|p1a: Blissey|Blissey, F|92/100
|move|p2a: Rotom|Hydro Pump|p1a: Blissey
|-damage|p1a: Blissey|79/100
|
|upkeep
|turn|13
|
|t:|1760742155
|move|p2a: Rotom|Volt Switch|p1a: Blissey
|-damage|p1a: Blissey|70/100
|
|t:|1760742158
|switch|p2a: Decidueye|Decidueye, F|88/100|[from] Volt Switch
|move|p1a: Blissey|Seismic Toss|p2a: Decidueye
|-immune|p2a: Decidueye
|
|-heal|p2a: Decidueye|94/100|[from] item: Leftovers
|upkeep
|turn|14
|
|t:|1760742167
|switch|p2a: Heatran|Heatran, F|100/100
|move|p1a: Blissey|Soft-Boiled|p1a: Blissey
|-heal|p1a: Blissey|100/100
|
|upkeep
|turn|15
|
|t:|1760742174
|switch|p1a: Gliscor|Gliscor, M|100/100 tox
|move|p2a: Heatran|Taunt|p1a: Gliscor
|-start|p1a: Gliscor|move: Taunt
|
|upkeep
|turn|16
|
|t:|1760742181
|switch|p2a: Landorus|Landorus-Therian, M|100/100
|-ability|p2a: Landorus|Intimidate|boost
|-unboost|p1a: Gliscor|atk|1
|move|p1a: Gliscor|Knock Off|p2a: Landorus
|-damage|p2a: Landorus|90/100
|-enditem|p2a: Landorus|Leftovers|[from] move: Knock Off|[of] p1a: Gliscor
|
|upkeep
|turn|17
|
|t:|1760742189
|switch|p1a: Clefable|Clefable, F|100/100
|move|p2a: Landorus|Stealth Rock|p1a: Clefable
|-sidestart|p1: pikkledtmato|move: Stealth Rock
|
|upkeep
|turn|18
|
|t:|1760742196
|move|p2a: Landorus|U-turn|p1a: Clefable
|-resisted|p1a: Clefable
|-damage|p1a: Clefable|89/100
|
|t:|1760742199
|switch|p2a: Heatran|Heatran, F|100/100|[from] U-turn
|move|p1a: Clefable|Stealth Rock|p2a: Heatran
|-sidestart|p2: Stealthalo|move: Stealth Rock
|
|upkeep
|turn|19
|
|t:|1760742207
|switch|p1a: Gliscor|Gliscor, M|100/100 tox
|-damage|p1a: Gliscor|88/100 tox|[from] Stealth Rock
|move|p2a: Heatran|Lava Plume|p1a: Gliscor
|-damage|p1a: Gliscor|45/100 tox
|
|-heal|p1a: Gliscor|58/100 tox|[from] ability: Poison Heal
|upkeep
|turn|20
|
|t:|1760742218
|switch|p2a: Rotom|Rotom-Wash, tera:Steel|70/100
|-damage|p2a: Rotom|64/100|[from] Stealth Rock
|move|p1a: Gliscor|Earthquake|p2a: Rotom
|-immune|p2a: Rotom|[from] ability: Levitate
|
|-heal|p1a: Gliscor|70/100 tox|[from] ability: Poison Heal
|upkeep
|turn|21
|
|t:|1760742227
|move|p1a: Gliscor|Protect|p1a: Gliscor
|-singleturn|p1a: Gliscor|Protect
|move|p2a: Rotom|Will-O-Wisp|p1a: Gliscor
|-activate|p1a: Gliscor|move: Protect
|
|-heal|p1a: Gliscor|83/100 tox|[from] ability: Poison Heal
|upkeep
|turn|22
|
|t:|1760742236
|move|p1a: Gliscor|Knock Off|p2a: Rotom
|-damage|p2a: Rotom|51/100
|move|p2a: Rotom|Pain Split|p1a: Gliscor
|-sethp|p1a: Gliscor|64/100 tox|[from] move: Pain Split|[silent]
|-sethp|p2a: Rotom|74/100|[from] move: Pain Split
|
|-heal|p1a: Gliscor|76/100 tox|[from] ability: Poison Heal
|upkeep
|turn|23
|
|t:|1760742245
|move|p1a: Gliscor|Protect|p1a: Gliscor
|-singleturn|p1a: Gliscor|Protect
|move|p2a: Rotom|Will-O-Wisp|p1a: Gliscor
|-activate|p1a: Gliscor|move: Protect
|
|-heal|p1a: Gliscor|89/100 tox|[from] ability: Poison Heal
|upkeep
|turn|24
|
|t:|1760742254
|switch|p1a: Blissey|Blissey, F|100/100
|move|p2a: Rotom|Volt Switch|p1a: Blissey
|-damage|p1a: Blissey|92/100
|
|t:|1760742260
|switch|p2a: Iron Valiant|Iron Valiant|100/100|[from] Volt Switch
|-damage|p2a: Iron Valiant|94/100|[from] Stealth Rock
|
|upkeep
|turn|25
|
|t:|1760742266
|switch|p1a: Gliscor|Gliscor, M|89/100 tox
|-damage|p1a: Gliscor|76/100 tox|[from] Stealth Rock
|move|p2a: Iron Valiant|Swords Dance|p2a: Iron Valiant
|-boost|p2a: Iron Valiant|atk|2
|
|-heal|p1a: Gliscor|89/100 tox|[from] ability: Poison Heal
|upkeep
|turn|26
|
|t:|1760742275
|move|p1a: Gliscor|Protect|p1a: Gliscor
|-singleturn|p1a: Gliscor|Protect
|move|p2a: Iron Valiant|Spirit Break|p1a: Gliscor
|-activate|p1a: Gliscor|move: Protect
|
|-heal|p1a: Gliscor|100/100 tox|[from] ability: Poison Heal
|upkeep
|turn|27
|
|t:|1760742284
|move|p2a: Iron Valiant|Spirit Break|p1a: Gliscor
|-damage|p1a: Gliscor|57/100 tox
|-unboost|p1a: Gliscor|spa|1
|move|p1a: Gliscor|Earthquake|p2a: Iron Valiant
|-damage|p2a: Iron Valiant|49/100
|
|-heal|p1a: Gliscor|70/100 tox|[from] ability: Poison Heal
|upkeep
|turn|28
|
|t:|1760742294
|move|p2a: Iron Valiant|Spirit Break|p1a: Gliscor
|-damage|p1a: Gliscor|23/100 tox
|-unboost|p1a: Gliscor|spa|1
|move|p1a: Gliscor|Earthquake|p2a: Iron Valiant
|-damage|p2a: Iron Valiant|6/100
|
|-heal|p1a: Gliscor|36/100 tox|[from] ability: Poison Heal
|upkeep
|turn|29
|
|t:|1760742304
|move|p1a: Gliscor|Protect|p1a: Gliscor
|-singleturn|p1a: Gliscor|Protect
|move|p2a: Iron Valiant|Swords Dance|p2a: Iron Valiant
|-boost|p2a: Iron Valiant|atk|2
|
|-heal|p1a: Gliscor|48/100 tox|[from] ability: Poison Heal
|upkeep
|turn|30
|
|t:|1760742312
|switch|p1a: Dondozo|Dondozo, M|100/100
|move|p2a: Iron Valiant|Spirit Break|p1a: Dondozo
|-damage|p1a: Dondozo|84/100
|-unboost|p1a: Dondozo|spa|1
|
|upkeep
|turn|31
|
|t:|1760742335
|move|p2a: Iron Valiant|Knock Off|p1a: Dondozo
|-damage|p1a: Dondozo|68/100
|-enditem|p1a: Dondozo|Heavy-Duty Boots|[from] move: Knock Off|[of] p2a: Iron Valiant
|move|p1a: Dondozo|Waterfall|p2a: Iron Valiant
|-damage|p2a: Iron Valiant|0 fnt
|faint|p2a: Iron Valiant
|-end|p2a: Iron Valiant|Quark Drive|[silent]
|
|upkeep
|
|t:|1760742345
|switch|p2a: Rotom|Rotom-Wash, tera:Steel|74/100
|-damage|p2a: Rotom|67/100|[from] Stealth Rock
|turn|32
|
|t:|1760742350
|move|p2a: Rotom|Volt Switch|p1a: Dondozo
|-supereffective|p1a: Dondozo
|-damage|p1a: Dondozo|18/100
|
|t:|1760742354
|switch|p2a: Decidueye|Decidueye, F|94/100|[from] Volt Switch
|-damage|p2a: Decidueye|81/100|[from] Stealth Rock
|move|p1a: Dondozo|Body Press|p2a: Decidueye
|-immune|p2a: Decidueye
|
|-heal|p2a: Decidueye|87/100|[from] item: Leftovers
|upkeep
|turn|33
|
|t:|1760742366
|move|p2a: Decidueye|Giga Drain|p1a: Dondozo
|-supereffective|p1a: Dondozo
|-damage|p1a: Dondozo|0 fnt
|-heal|p2a: Decidueye|99/100|[from] drain|[of] p1a: Dondozo
|faint|p1a: Dondozo
|
|-heal|p2a: Decidueye|100/100|[from] item: Leftovers
|upkeep
|inactive|pikkledtmato has 120 seconds left.
|
|t:|1760742398
|switch|p1a: Clefable|Clefable, F|89/100
|turn|34
|
|t:|1760742402
|move|p2a: Decidueye|Giga Drain|p1a: Clefable
|-damage|p1a: Clefable|72/100
|move|p1a: Clefable|Knock Off|p2a: Decidueye
|-supereffective|p2a: Decidueye
|-damage|p2a: Decidueye|72/100
|-enditem|p2a: Decidueye|Leftovers|[from] move: Knock Off|[of] p1a: Clefable
|
|upkeep
|turn|35
|
|t:|1760742410
|switch|p2a: Heatran|Heatran, F|100/100
|-damage|p2a: Heatran|88/100|[from] Stealth Rock
|move|p1a: Clefable|Moonblast|p2a: Heatran
|-resisted|p2a: Heatran
|-damage|p2a: Heatran|83/100
|
|-heal|p2a: Heatran|90/100|[from] item: Leftovers
|upkeep
|turn|36
|
|t:|1760742420
|move|p2a: Heatran|Lava Plume|p1a: Clefable
|-damage|p1a: Clefable|46/100
|move|p1a: Clefable|Moonlight|p1a: Clefable
|-heal|p1a: Clefable|96/100
|
|-heal|p2a: Heatran|96/100|[from] item: Leftovers
|upkeep
|turn|37
|
|t:|1760742429
|move|p2a: Heatran|Flash Cannon|p1a: Clefable
|-supereffective|p1a: Clefable
|-damage|p1a: Clefable|51/100
|move|p1a: Clefable|Knock Off|p2a: Heatran
|-damage|p2a: Heatran|82/100
|-enditem|p2a: Heatran|Leftovers|[from] move: Knock Off|[of] p1a: Clefable
|
|upkeep
|turn|38
|
|t:|1760742444
|switch|p1a: Gliscor|Gliscor, M|48/100 tox
|-damage|p1a: Gliscor|36/100 tox|[from] Stealth Rock
|move|p2a: Heatran|Lava Plume|p1a: Gliscor
|-damage|p1a: Gliscor|0 fnt
|faint|p1a: Gliscor
|
|upkeep
|
|t:|1760742446
|switch|p1a: Toxapex|Toxapex, M|100/100
|turn|39
|
|t:|1760742455
|move|p2a: Heatran|Earth Power|p1a: Toxapex
|-supereffective|p1a: Toxapex
|-damage|p1a: Toxapex|64/100
|move|p1a: Toxapex|Surf|p2a: Heatran
|-supereffective|p2a: Heatran
|-damage|p2a: Heatran|60/100
|
|upkeep
|turn|40
|
|t:|1760742462
|move|p2a: Heatran|Earth Power|p1a: Toxapex
|-supereffective|p1a: Toxapex
|-damage|p1a: Toxapex|33/100
|move|p1a: Toxapex|Surf|p2a: Heatran
|-supereffective|p2a: Heatran
|-damage|p2a: Heatran|37/100
|
|upkeep
|turn|41
|
|t:|1760742470
|move|p2a: Heatran|Taunt|p1a: Toxapex
|-start|p1a: Toxapex|move: Taunt
|move|p1a: Toxapex|Surf|p2a: Heatran
|-supereffective|p2a: Heatran
|-damage|p2a: Heatran|12/100
|
|upkeep
|turn|42
|
|t:|1760742478
|move|p2a: Heatran|Lava Plume|p1a: Toxapex
|-resisted|p1a: Toxapex
|-damage|p1a: Toxapex|22/100
|move|p1a: Toxapex|Surf|p2a: Heatran
|-supereffective|p2a: Heatran
|-damage|p2a: Heatran|0 fnt
|faint|p2a: Heatran
|
|upkeep
|
|t:|1760742487
|switch|p2a: Rotom|Rotom-Wash, tera:Steel|67/100
|-damage|p2a: Rotom|61/100|[from] Stealth Rock
|turn|43
|
|t:|1760742494
|switch|p1a: Blissey|Blissey, F|92/100
|move|p2a: Rotom|Volt Switch|p1a: Blissey
|-damage|p1a: Blissey|83/100
|
|t:|1760742500
|switch|p2a: Decidueye|Decidueye, F|72/100|[from] Volt Switch
|-damage|p2a: Decidueye|60/100|[from] Stealth Rock
|
|upkeep
|turn|44
|
|t:|1760742506
|move|p2a: Decidueye|Giga Drain|p1a: Blissey
|-damage|p1a: Blissey|74/100
|-heal|p2a: Decidueye|68/100|[from] drain|[of] p1a: Blissey
|move|p1a: Blissey|Calm Mind|p1a: Blissey
|-boost|p1a: Blissey|spa|1
|-boost|p1a: Blissey|spd|1
|
|upkeep
|turn|45
|
|t:|1760742514
|move|p2a: Decidueye|Giga Drain|p1a: Blissey
|-damage|p1a: Blissey|68/100
|-heal|p2a: Decidueye|74/100|[from] drain|[of] p1a: Blissey
|move|p1a: Blissey|Shadow Ball|p2a: Decidueye
|-supereffective|p2a: Decidueye
|-damage|p2a: Decidueye|35/100
|
|upkeep
|turn|46
|
|t:|1760742522
|switch|p2a: Landorus|Landorus-Therian, M|90/100
|-damage|p2a: Landorus|77/100|[from] Stealth Rock
|-ability|p2a: Landorus|Intimidate|boost
|-unboost|p1a: Blissey|atk|1
|move|p1a: Blissey|Soft-Boiled|p1a: Blissey
|-heal|p1a: Blissey|100/100
|
|upkeep
|turn|47
|
|t:|1760742531
|move|p2a: Landorus|Earthquake|p1a: Blissey
|-damage|p1a: Blissey|55/100
|move|p1a: Blissey|Calm Mind|p1a: Blissey
|-boost|p1a: Blissey|spa|1
|-boost|p1a: Blissey|spd|1
|
|upkeep
|turn|48
|
|t:|1760742537
|move|p2a: Landorus|Earthquake|p1a: Blissey
|-damage|p1a: Blissey|11/100
|move|p1a: Blissey|Shadow Ball|p2a: Landorus
|-damage|p2a: Landorus|48/100
|
|upkeep
|turn|49
|
|t:|1760742546
|move|p2a: Landorus|U-turn|p1a: Blissey
|-damage|p1a: Blissey|0 fnt
|faint|p1a: Blissey
|
|t:|1760742551
|switch|p2a: Rotom|Rotom-Wash, tera:Steel|61/100|[from] U-turn
|-damage|p2a: Rotom|55/100|[from] Stealth Rock
|
|upkeep
|
|t:|1760742556
|switch|p1a: Corviknight|Corviknight, F|100/100
|-damage|p1a: Corviknight|88/100|[from] Stealth Rock
|-ability|p1a: Corviknight|Pressure
|turn|50
|
|t:|1760742561
|-terastallize|p1a: Corviknight|Fighting
|move|p2a: Rotom|Will-O-Wisp|p1a: Corviknight
|-status|p1a: Corviknight|brn
|move|p1a: Corviknight|Bulk Up|p1a: Corviknight
|-boost|p1a: Corviknight|atk|1
|-boost|p1a: Corviknight|def|1
|
|-heal|p1a: Corviknight|94/100 brn|[from] item: Leftovers
|-damage|p1a: Corviknight|88/100 brn|[from] brn
|upkeep
|turn|51
|-message|pikkledtmato forfeited.
|
|win|Stealthalo
|raw|pikkledtmato's rating: 1616 &rarr; <strong>1596</strong><br />(-20 for losing)
|raw|Stealthalo's rating: 1609 &rarr; <strong>1629</strong><br />(+20 for winning)
|l|☆pikkledtmato
|player|p1|
|l|☆Stealthalo
|player|p2|
