|j|☆isk2
|j|☆e4sens
|t:|1760770918
|gametype|singles
|player|p1|isk2|cyrus|1398
|player|p2|e4sens|sidney|1390
|gen|9
|tier|[Gen 9] OU
|rated|
|rule|HP Percentage Mod: HP is shown in percentages
|rule|Endless Battle Clause: Forcing endless battles is banned
|rule|Species Clause: Limit one of each Pokémon
|rule|OHKO Clause: OHKO moves are banned
|rule|Evasion Items Clause: Evasion items are banned
|rule|Evasion Moves Clause: Evasion moves are banned
|rule|Evasion Abilities Clause: Evasion abilities are banned
|rule|Sleep Moves Clause: Sleep-inducing moves are banned
|clearpoke
|poke|p1|Meowscarada, F|
|poke|p1|Dragonite, F|
|poke|p1|Corviknight, F|
|poke|p1|Samurott-Hisui, M|
|poke|p1|Thundurus-Therian, M|
|poke|p1|Iron Moth|
|poke|p2|Glimmora, M|
|poke|p2|Ceruledge, M|
|poke|p2|Cinderace, M|
|poke|p2|Hoopa-Unbound|
|poke|p2|Garganacl, M|
|poke|p2|Frosmoth, F|
|teampreview
|inactive|Battle timer is ON: inactive players will automatically lose when time's up. (requested by isk2)
|
|t:|1760770945
|teamsize|p1|6
|teamsize|p2|6
|start
|switch|p1a: Samurott|Samurott-Hisui, M|100/100
|switch|p2a: Glimmora|Glimmora, M|100/100
|turn|1
|
|t:|1760770954
|move|p2a: Glimmora|Energy Ball|p1a: Samurott
|-supereffective|p1a: Samurott
|-damage|p1a: Samurott|50/100
|move|p1a: Samurott|Razor Shell|p2a: Glimmora
|-supereffective|p2a: Glimmora
|-enditem|p2a: Glimmora|Focus Sash
|-damage|p2a: Glimmora|1/100
|-unboost|p2a: Glimmora|def|1
|-activate|p2a: Glimmora|ability: Toxic Debris
|-sidestart|p1: isk2|move: Toxic Spikes
|
|upkeep
|turn|2
|
|t:|1760770976
|move|p1a: Samurott|Sucker Punch|p2a: Glimmora
|-damage|p2a: Glimmora|0 fnt
|-activate|p2a: Glimmora|ability: Toxic Debris
|-sidestart|p1: isk2|move: Toxic Spikes
|faint|p2a: Glimmora
|
|upkeep
|
|t:|1760770984
|switch|p2a: Cinderace|Cinderace, M|100/100
|turn|3
|
|t:|1760770988
|switch|p1a: Corviknight|Corviknight, F|100/100
|-ability|p1a: Corviknight|Pressure
|move|p2a: Cinderace|U-turn|p1a: Corviknight
|-start|p2a: Cinderace|typechange|Bug|[from] ability: Libero
|-resisted|p1a: Corviknight
|-damage|p1a: Corviknight|95/100
|-damage|p2a: Cinderace|84/100|[from] item: Rocky Helmet|[of] p1a: Corviknight
|
|t:|1760770999
|switch|p2a: Hoopa|Hoopa-Unbound|100/100|[from] U-turn
|
|upkeep
|turn|4
|
|t:|1760771006
|switch|p1a: Samurott|Samurott-Hisui, M|50/100
|-status|p1a: Samurott|tox
|move|p2a: Hoopa|Thunderbolt|p1a: Samurott
|-supereffective|p1a: Samurott
|-damage|p1a: Samurott|0 fnt
|faint|p1a: Samurott
|
|upkeep
|
|t:|1760771014
|switch|p1a: Iron Moth|Iron Moth|100/100
|-sideend|p1: isk2|move: Toxic Spikes|[of] p1a: Iron Moth
|-enditem|p1a: Iron Moth|Booster Energy
|-activate|p1a: Iron Moth|ability: Quark Drive|[fromitem]
|-start|p1a: Iron Moth|quarkdrivespa
|turn|5
|
|t:|1760771019
|move|p1a: Iron Moth|Flamethrower|p2a: Hoopa
|-damage|p2a: Hoopa|77/100
|move|p2a: Hoopa|Knock Off|p1a: Iron Moth
|-damage|p1a: Iron Moth|42/100
|
|upkeep
|turn|6
|
|t:|1760771027
|switch|p2a: Ceruledge|Ceruledge, M|100/100
|move|p1a: Iron Moth|Sludge Wave|p2a: Ceruledge
|-resisted|p2a: Ceruledge
|-damage|p2a: Ceruledge|67/100
|-status|p2a: Ceruledge|psn
|
|-heal|p2a: Ceruledge|73/100 psn|[from] item: Leftovers
|-damage|p2a: Ceruledge|60/100 psn|[from] psn
|upkeep
|turn|7
|
|t:|1760771036
|move|p1a: Iron Moth|Discharge|p2a: Ceruledge
|-damage|p2a: Ceruledge|24/100 psn
|move|p2a: Ceruledge|Bulk Up|p2a: Ceruledge
|-boost|p2a: Ceruledge|atk|1
|-boost|p2a: Ceruledge|def|1
|
|-heal|p2a: Ceruledge|30/100 psn|[from] item: Leftovers
|-damage|p2a: Ceruledge|18/100 psn|[from] psn
|upkeep
|turn|8
|
|t:|1760771045
|move|p2a: Ceruledge|Shadow Sneak|p1a: Iron Moth
|-damage|p1a: Iron Moth|0 fnt
|faint|p1a: Iron Moth
|-end|p1a: Iron Moth|Quark Drive|[silent]
|
|-heal|p2a: Ceruledge|24/100 psn|[from] item: Leftovers
|-damage|p2a: Ceruledge|12/100 psn|[from] psn
|upkeep
|
|t:|1760771050
|switch|p1a: Meowscarada|Meowscarada, F|100/100
|turn|9
|
|t:|1760771054
|move|p1a: Meowscarada|Knock Off|p2a: Ceruledge
|-supereffective|p2a: Ceruledge
|-crit|p2a: Ceruledge
|-damage|p2a: Ceruledge|0 fnt
|-enditem|p2a: Ceruledge|Leftovers|[from] move: Knock Off|[of] p1a: Meowscarada
|faint|p2a: Ceruledge
|-damage|p1a: Meowscarada|91/100|[from] item: Life Orb
|
|upkeep
|
|t:|1760771061
|switch|p2a: Cinderace|Cinderace, M|84/100
|turn|10
|
|t:|1760771072
|move|p1a: Meowscarada|Knock Off|p2a: Cinderace
|-damage|p2a: Cinderace|0 fnt
|-enditem|p2a: Cinderace|Heavy-Duty Boots|[from] move: Knock Off|[of] p1a: Meowscarada
|faint|p2a: Cinderace
|-damage|p1a: Meowscarada|81/100|[from] item: Life Orb
|
|upkeep
|inactive|e4sens has 120 seconds left.
|
|t:|1760771102
|switch|p2a: Garganacl|Garganacl, M|100/100
|turn|11
|
|t:|1760771108
|-terastallize|p2a: Garganacl|Ghost
|move|p1a: Meowscarada|Flower Trick|p2a: Garganacl
|-crit|p2a: Garganacl
|-damage|p2a: Garganacl|55/100
|-damage|p1a: Meowscarada|71/100|[from] item: Life Orb
|move|p2a: Garganacl|Iron Defense|p2a: Garganacl
|-boost|p2a: Garganacl|def|2
|
|-heal|p2a: Garganacl|61/100|[from] item: Leftovers
|upkeep
|turn|12
|
|t:|1760771118
|move|p1a: Meowscarada|Knock Off|p2a: Garganacl
|-supereffective|p2a: Garganacl
|-damage|p2a: Garganacl|22/100
|-enditem|p2a: Garganacl|Leftovers|[from] move: Knock Off|[of] p1a: Meowscarada
|-damage|p1a: Meowscarada|61/100|[from] item: Life Orb
|move|p2a: Garganacl|Body Press|p1a: Meowscarada
|-supereffective|p1a: Meowscarada
|-damage|p1a: Meowscarada|0 fnt
|faint|p1a: Meowscarada
|
|upkeep
|
|t:|1760771123
|switch|p1a: Thundurus|Thundurus-Therian, M|100/100
|turn|13
|
|t:|1760771129
|move|p1a: Thundurus|Thunderbolt|p2a: Garganacl
|-damage|p2a: Garganacl|0 fnt
|faint|p2a: Garganacl
|
|upkeep
|
|t:|1760771132
|switch|p2a: Frosmoth|Frosmoth, F|100/100
|turn|14
|
|t:|1760771141
|move|p1a: Thundurus|Thunderbolt|p2a: Frosmoth
|-damage|p2a: Frosmoth|65/100
|move|p2a: Frosmoth|Quiver Dance|p2a: Frosmoth
|-boost|p2a: Frosmoth|spa|1
|-boost|p2a: Frosmoth|spd|1
|-boost|p2a: Frosmoth|spe|1
|
|upkeep
|turn|15
|l|☆isk2
|inactive|isk2 disconnected and has a minute to reconnect!
|player|p1|
|inactive|isk2 has 30 seconds to reconnect!
|inactive|isk2 has 20 seconds to reconnect!
|inactive|isk2 has 15 seconds to reconnect!
|inactive|isk2 has 10 seconds to reconnect!
|inactive|isk2 has 5 seconds to reconnect!
|-message|isk2 lost due to inactivity.
|
|win|e4sens
|raw|isk2's rating: 1398 &rarr; <strong>1378</strong><br />(-20 for losing)
|raw|e4sens's rating: 1390 &rarr; <strong>1410</strong><br />(+20 for winning)
|l|☆e4sens
|player|p2|
