|j|☆irubic
|j|☆Noobskillstrongs
|t:|1760884502
|gametype|singles
|player|p1|irubic|ethan|1123
|player|p2|Noobskillstrongs|lucian|1077
|gen|9
|tier|[Gen 9] OU
|rated|
|rule|HP Percentage Mod: HP is shown in percentages
|rule|Endless Battle Clause: Forcing endless battles is banned
|rule|Species Clause: Limit one of each Pokémon
|rule|OHKO Clause: OHKO moves are banned
|rule|Evasion Items Clause: Evasion items are banned
|rule|Evasion Moves Clause: Evasion moves are banned
|rule|Evasion Abilities Clause: Evasion abilities are banned
|rule|Sleep Moves Clause: Sleep-inducing moves are banned
|clearpoke
|poke|p1|Zapdos|
|poke|p1|Iron Valiant|
|poke|p1|Kyurem|
|poke|p1|Darkrai|
|poke|p1|Iron Treads|
|poke|p1|Gliscor, F|
|poke|p2|Drifblim, F|
|poke|p2|Squawkabilly, M|
|poke|p2|Dragalge, F|
|poke|p2|Lokix, F|
|poke|p2|Gyarados, M|
|poke|p2|Regirock|
|teampreview
|
|t:|1760884509
|teamsize|p1|6
|teamsize|p2|6
|start
|switch|p1a: Iron Treads|Iron Treads|100/100
|switch|p2a: Gyarados|Gyarados, M|100/100
|-ability|p2a: Gyarados|Intimidate|boost
|-unboost|p1a: Iron Treads|atk|1
|-enditem|p1a: Iron Treads|Booster Energy
|-activate|p1a: Iron Treads|ability: Quark Drive|[fromitem]
|-start|p1a: Iron Treads|quarkdrivespe
|turn|1
|inactive|Battle timer is ON: inactive players will automatically lose when time's up. (requested by Noobskillstrongs)
|
|t:|1760884521
|move|p1a: Iron Treads|Stealth Rock|p2a: Gyarados
|-sidestart|p2: Noobskillstrongs|move: Stealth Rock
|move|p2a: Gyarados|Dragon Dance|p2a: Gyarados
|-boost|p2a: Gyarados|atk|1
|-boost|p2a: Gyarados|spe|1
|
|upkeep
|turn|2
|
|t:|1760884529
|move|p1a: Iron Treads|Volt Switch|p2a: Gyarados
|-supereffective|p2a: Gyarados
|-damage|p2a: Gyarados|27/100
|inactive|irubic has 120 seconds left.
|
|t:|1760884562
|-end|p1a: Iron Treads|Quark Drive|[silent]
|switch|p1a: Gliscor|Gliscor, F|100/100|[from] Volt Switch
|move|p2a: Gyarados|Dragon Dance|p2a: Gyarados
|-boost|p2a: Gyarados|atk|1
|-boost|p2a: Gyarados|spe|1
|
|-heal|p2a: Gyarados|33/100|[from] item: Leftovers
|-status|p1a: Gliscor|tox|[from] item: Toxic Orb
|upkeep
|turn|3
|inactive|irubic has 120 seconds left.
|
|t:|1760884592
|-terastallize|p1a: Gliscor|Water
|move|p2a: Gyarados|Waterfall|p1a: Gliscor
|-resisted|p1a: Gliscor
|-damage|p1a: Gliscor|65/100 tox
|move|p1a: Gliscor|Toxic|p2a: Gyarados
|-status|p2a: Gyarados|tox
|
|-heal|p2a: Gyarados|39/100 tox|[from] item: Leftovers
|-damage|p2a: Gyarados|33/100 tox|[from] psn
|-heal|p1a: Gliscor|77/100 tox|[from] ability: Poison Heal
|upkeep
|turn|4
|
|t:|1760884607
|move|p1a: Gliscor|Protect|p1a: Gliscor
|-singleturn|p1a: Gliscor|Protect
|move|p2a: Gyarados|Dragon Dance|p2a: Gyarados
|-boost|p2a: Gyarados|atk|1
|-boost|p2a: Gyarados|spe|1
|
|-heal|p2a: Gyarados|39/100 tox|[from] item: Leftovers
|-damage|p2a: Gyarados|27/100 tox|[from] psn
|-heal|p1a: Gliscor|90/100 tox|[from] ability: Poison Heal
|upkeep
|turn|5
|
|t:|1760884621
|move|p2a: Gyarados|Earthquake|p1a: Gliscor
|-damage|p1a: Gliscor|19/100 tox
|move|p1a: Gliscor|Knock Off|p2a: Gyarados
|-damage|p2a: Gyarados|2/100 tox
|-enditem|p2a: Gyarados|Leftovers|[from] move: Knock Off|[of] p1a: Gliscor
|
|-damage|p2a: Gyarados|0 fnt|[from] psn
|faint|p2a: Gyarados
|-heal|p1a: Gliscor|32/100 tox|[from] ability: Poison Heal
|upkeep
|
|t:|1760884631
|switch|p2a: Dragalge|Dragalge, F|100/100
|-damage|p2a: Dragalge|88/100|[from] Stealth Rock
|turn|6
|
|t:|1760884656
|move|p1a: Gliscor|U-turn|p2a: Dragalge
|-resisted|p2a: Dragalge
|-damage|p2a: Dragalge|79/100
|l|☆Noobskillstrongs
|inactive|Noobskillstrongs disconnected and has a minute to reconnect!
|player|p2|
|
|t:|1760884662
|switch|p1a: Kyurem|Kyurem|100/100|[from] U-turn
|-ability|p1a: Kyurem|Pressure
|move|p2a: Dragalge|Toxic Spikes|p1a: Kyurem
|-sidestart|p1: irubic|move: Toxic Spikes
|
|-heal|p2a: Dragalge|85/100|[from] item: Leftovers
|upkeep
|turn|7
|j|☆Noobskillstrongs
|inactive|Noobskillstrongs reconnected and has 145 seconds left.
|player|p2|Noobskillstrongs|lucian|
|
|t:|1760884676
|-terastallize|p2a: Dragalge|Poison
|move|p1a: Kyurem|Dragon Dance|p1a: Kyurem
|-boost|p1a: Kyurem|atk|1
|-boost|p1a: Kyurem|spe|1
|move|p2a: Dragalge|Sludge Bomb|p1a: Kyurem
|-damage|p1a: Kyurem|56/100
|
|-heal|p2a: Dragalge|91/100|[from] item: Leftovers
|upkeep
|turn|8
|inactive|irubic has 90 seconds left.
|
|t:|1760884695
|switch|p2a: Regirock|Regirock|100/100
|-damage|p2a: Regirock|88/100|[from] Stealth Rock
|move|p1a: Kyurem|Icicle Spear|p2a: Regirock
|-crit|p2a: Regirock
|-damage|p2a: Regirock|77/100
|-damage|p2a: Regirock|68/100
|-damage|p2a: Regirock|59/100
|-damage|p2a: Regirock|51/100
|-damage|p2a: Regirock|42/100
|-hitcount|p2a: Regirock|5
|
|upkeep
|turn|9
|inactive|irubic has 90 seconds left.
|
|t:|1760884710
|move|p1a: Kyurem|Dragon Dance|p1a: Kyurem
|-boost|p1a: Kyurem|atk|1
|-boost|p1a: Kyurem|spe|1
|move|p2a: Regirock|Body Press|p1a: Kyurem
|-supereffective|p1a: Kyurem
|-damage|p1a: Kyurem|0 fnt
|faint|p1a: Kyurem
|
|upkeep
|inactive|irubic has 90 seconds left.
|inactive|irubic has 60 seconds left.
|
|t:|1760884748
|switch|p1a: Iron Valiant|Iron Valiant|100/100
|-status|p1a: Iron Valiant|psn
|-enditem|p1a: Iron Valiant|Booster Energy
|-activate|p1a: Iron Valiant|ability: Quark Drive|[fromitem]
|-start|p1a: Iron Valiant|quarkdrivespe
|turn|10
|
|t:|1760884761
|move|p1a: Iron Valiant|Moonblast|p2a: Regirock
|-damage|p2a: Regirock|0 fnt
|faint|p2a: Regirock
|
|-damage|p1a: Iron Valiant|88/100 psn|[from] psn
|upkeep
|
|t:|1760884765
|switch|p2a: Dragalge|Dragalge, F, tera:Poison|91/100
|-damage|p2a: Dragalge|79/100|[from] Stealth Rock
|turn|11
|
|t:|1760884783
|-end|p1a: Iron Valiant|Quark Drive|[silent]
|switch|p1a: Iron Treads|Iron Treads|100/100
|move|p2a: Dragalge|Sludge Bomb|p1a: Iron Treads
|-immune|p1a: Iron Treads
|
|-heal|p2a: Dragalge|85/100|[from] item: Leftovers
|upkeep
|turn|12
|
|t:|1760884797
|switch|p2a: Drifblim|Drifblim, F|100/100
|-damage|p2a: Drifblim|75/100|[from] Stealth Rock
|move|p1a: Iron Treads|Rapid Spin|p2a: Drifblim
|-immune|p2a: Drifblim
|
|-status|p2a: Drifblim|brn|[from] item: Flame Orb
|upkeep
|turn|13
|inactive|irubic has 60 seconds left.
|
|t:|1760884822
|move|p1a: Iron Treads|Volt Switch|p2a: Drifblim
|-supereffective|p2a: Drifblim
|-damage|p2a: Drifblim|37/100 brn
|
|t:|1760884827
|-end|p1a: Iron Treads|Quark Drive|[silent]
|switch|p1a: Zapdos|Zapdos|100/100|[from] Volt Switch
|move|p2a: Drifblim|Will-O-Wisp|p1a: Zapdos
|-status|p1a: Zapdos|brn
|
|-damage|p1a: Zapdos|94/100 brn|[from] brn
|-damage|p2a: Drifblim|30/100 brn|[from] brn
|upkeep
|turn|14
|-message|Noobskillstrongs forfeited.
|
|win|irubic
|raw|irubic's rating: 1123 &rarr; <strong>1145</strong><br />(+22 for winning)
|raw|Noobskillstrongs's rating: 1077 &rarr; <strong>1058</strong><br />(-19 for losing)
|l|☆Noobskillstrongs
|player|p2|
|l|☆irubic
|player|p1|
