|j|☆RaeRae0
|j|☆Dop a da
|t:|1760852498
|gametype|singles
|player|p1|RaeRae0|unknownf|1425
|player|p2|Dop a da|1|1412
|gen|9
|tier|[Gen 9] OU
|rated|
|rule|HP Percentage Mod: HP is shown in percentages
|rule|Endless Battle Clause: Forcing endless battles is banned
|rule|Species Clause: Limit one of each Pokémon
|rule|OHKO Clause: OHKO moves are banned
|rule|Evasion Items Clause: Evasion items are banned
|rule|Evasion Moves Clause: Evasion moves are banned
|rule|Evasion Abilities Clause: Evasion abilities are banned
|rule|Sleep Moves Clause: Sleep-inducing moves are banned
|clearpoke
|poke|p1|Ogerpon-Wellspring, F|
|poke|p1|Raging Bolt|
|poke|p1|Cinderace, F|
|poke|p1|Zamazenta-*|
|poke|p1|Iron Crown|
|poke|p1|Landorus-Therian, M|
|poke|p2|Frosmoth, F|
|poke|p2|Zapdos|
|poke|p2|Kingambit, F|
|poke|p2|Great Tusk|
|poke|p2|Cinderace, M|
|poke|p2|Slowking-Galar, M|
|teampreview
|
|t:|1760852520
|teamsize|p1|6
|teamsize|p2|6
|start
|switch|p1a: Larè|Iron Crown|100/100
|switch|p2a: Great Tusk|Great Tusk|100/100
|turn|1
|
|t:|1760852528
|-end|p2a: Great Tusk|Protosynthesis|[silent]
|switch|p2a: Kingambit|Kingambit, F|100/100
|move|p1a: Larè|Future Sight|p2a: Kingambit
|-start|p1a: Larè|move: Future Sight
|
|upkeep
|turn|2
|
|t:|1760852541
|move|p1a: Larè|Focus Blast|p2a: Kingambit
|-supereffective|p2a: Kingambit
|-damage|p2a: Kingambit|0 fnt
|faint|p2a: Kingambit
|-end|p2a: Kingambit|fallenundefined|[silent]
|
|upkeep
|
|t:|1760852548
|switch|p2a: Slowking|Slowking-Galar, M|100/100
|turn|3
|inactive|Battle timer is ON: inactive players will automatically lose when time's up. (requested by RaeRae0)
|
|t:|1760852553
|move|p1a: Larè|Volt Switch|p2a: Slowking
|-damage|p2a: Slowking|87/100
|
|t:|1760852559
|-end|p1a: Larè|Quark Drive|[silent]
|switch|p1a: Eschrud|Landorus-Therian, M|100/100|[from] Volt Switch
|-ability|p1a: Eschrud|Intimidate|boost
|-unboost|p2a: Slowking|atk|1
|move|p2a: Slowking|Thunder Wave|p1a: Eschrud
|-immune|p1a: Eschrud
|
|-end|p2a: Slowking|move: Future Sight
|-damage|p2a: Slowking|54/100
|upkeep
|turn|4
|
|t:|1760852567
|switch|p2a: Great Tusk|Great Tusk|100/100
|move|p1a: Eschrud|Earthquake|p2a: Great Tusk
|-damage|p2a: Great Tusk|62/100
|
|upkeep
|turn|5
|
|t:|1760852575
|switch|p1a: Larè|Iron Crown|100/100
|move|p2a: Great Tusk|Stealth Rock|p1a: Larè
|-sidestart|p1: RaeRae0|move: Stealth Rock
|
|upkeep
|turn|6
|
|t:|1760852581
|move|p1a: Larè|Tachyon Cutter|p2a: Great Tusk
|-damage|p2a: Great Tusk|22/100
|-damage|p2a: Great Tusk|0 fnt
|faint|p2a: Great Tusk
|-end|p2a: Great Tusk|Protosynthesis|[silent]
|-hitcount|p2: Great Tusk|2
|
|upkeep
|
|t:|1760852585
|switch|p2a: Cinderace|Cinderace, M|100/100
|turn|7
|
|t:|1760852589
|move|p2a: Cinderace|Pyro Ball|p1a: Larè
|-supereffective|p1a: Larè
|-damage|p1a: Larè|0 fnt
|faint|p1a: Larè
|-end|p1a: Larè|Quark Drive|[silent]
|
|upkeep
|
|t:|1760852594
|switch|p1a: Eschrud|Landorus-Therian, M|100/100
|-damage|p1a: Eschrud|88/100|[from] Stealth Rock
|-ability|p1a: Eschrud|Intimidate|boost
|-unboost|p2a: Cinderace|atk|1
|turn|8
|
|t:|1760852600
|switch|p2a: Zapdos|Zapdos|100/100
|move|p1a: Eschrud|Stone Edge|p2a: Zapdos
|-supereffective|p2a: Zapdos
|-damage|p2a: Zapdos|46/100
|
|upkeep
|turn|9
|
|t:|1760852609
|switch|p1a: Maraw|Cinderace, F|100/100
|move|p2a: Zapdos|Roost|p2a: Zapdos
|-heal|p2a: Zapdos|96/100
|-singleturn|p2a: Zapdos|move: Roost
|
|upkeep
|turn|10
|
|t:|1760852620
|move|p1a: Maraw|Court Change|p1a: Maraw
|-swapsideconditions
|-activate|p1a: Maraw|move: Court Change
|move|p2a: Zapdos|Hurricane|p1a: Maraw
|-damage|p1a: Maraw|44/100
|
|upkeep
|turn|11
|
|t:|1760852627
|move|p1a: Maraw|Pyro Ball|p2a: Zapdos
|-damage|p2a: Zapdos|59/100
|move|p2a: Zapdos|Hurricane|p1a: Maraw
|-damage|p1a: Maraw|0 fnt
|faint|p1a: Maraw
|
|upkeep
|
|t:|1760852635
|switch|p1a: Olilie|Raging Bolt|100/100
|turn|12
|
|t:|1760852638
|move|p2a: Zapdos|U-turn|p1a: Olilie
|-damage|p1a: Olilie|91/100
|
|t:|1760852641
|switch|p2a: Frosmoth|Frosmoth, F|100/100|[from] U-turn
|move|p1a: Olilie|Calm Mind|p1a: Olilie
|-boost|p1a: Olilie|spa|1
|-boost|p1a: Olilie|spd|1
|
|-heal|p1a: Olilie|98/100|[from] item: Leftovers
|upkeep
|turn|13
|
|t:|1760852651
|-terastallize|p2a: Frosmoth|Ground
|move|p2a: Frosmoth|Quiver Dance|p2a: Frosmoth
|-boost|p2a: Frosmoth|spa|1
|-boost|p2a: Frosmoth|spd|1
|-boost|p2a: Frosmoth|spe|1
|move|p1a: Olilie|Thunderbolt|p2a: Frosmoth
|-immune|p2a: Frosmoth
|
|-heal|p1a: Olilie|100/100|[from] item: Leftovers
|upkeep
|turn|14
|
|t:|1760852672
|-end|p1a: Olilie|Protosynthesis|[silent]
|switch|p1a: Kè-pon|Ogerpon-Wellspring, F|100/100
|move|p2a: Frosmoth|Quiver Dance|p2a: Frosmoth
|-boost|p2a: Frosmoth|spa|1
|-boost|p2a: Frosmoth|spd|1
|-boost|p2a: Frosmoth|spe|1
|
|upkeep
|turn|15
|
|t:|1760852691
|-terastallize|p1a: Kè-pon|Water
|detailschange|p1a: Kè-pon|Ogerpon-Wellspring-Tera, F, tera:Water
|-ability|p1a: Kè-pon|Embody Aspect (Wellspring)|boost
|-boost|p1a: Kè-pon|spd|1
|move|p2a: Frosmoth|Substitute|p2a: Frosmoth
|-start|p2a: Frosmoth|Substitute
|-damage|p2a: Frosmoth|76/100
|move|p1a: Kè-pon|Ivy Cudgel|p2a: Frosmoth|[anim] Ivy Cudgel Water
|-supereffective|p2a: Frosmoth
|-crit|p2a: Frosmoth
|-end|p2a: Frosmoth|Substitute
|
|upkeep
|turn|16
|
|t:|1760852702
|move|p2a: Frosmoth|Tera Blast|p1a: Kè-pon|[anim] Tera Blast Ground
|-damage|p1a: Kè-pon|48/100
|move|p1a: Kè-pon|Trailblaze|p2a: Frosmoth
|-supereffective|p2a: Frosmoth
|-damage|p2a: Frosmoth|0 fnt
|-boost|p1a: Kè-pon|spe|1
|faint|p2a: Frosmoth
|
|upkeep
|
|t:|1760852711
|switch|p2a: Zapdos|Zapdos|59/100
|turn|17
|
|t:|1760852716
|move|p1a: Kè-pon|Ivy Cudgel|p2a: Zapdos|[anim] Ivy Cudgel Water
|-damage|p2a: Zapdos|5/100
|move|p2a: Zapdos|Thunderbolt|p1a: Kè-pon
|-supereffective|p1a: Kè-pon
|-damage|p1a: Kè-pon|0 fnt
|faint|p1a: Kè-pon
|detailschange|p1: Kè-pon|Ogerpon-Wellspring, F|[silent]
|
|upkeep
|
|t:|1760852720
|switch|p1a: Eschrud|Landorus-Therian, M|88/100
|-ability|p1a: Eschrud|Intimidate|boost
|-unboost|p2a: Zapdos|atk|1
|turn|18
|
|t:|1760852728
|move|p1a: Eschrud|U-turn|p2a: Zapdos
|-resisted|p2a: Zapdos
|-damage|p2a: Zapdos|0 fnt
|-status|p1a: Eschrud|par|[from] ability: Static|[of] p2a: Zapdos
|faint|p2a: Zapdos
|
|t:|1760852732
|switch|p1a: Olilie|Raging Bolt|100/100|[from] U-turn
|
|upkeep
|
|t:|1760852739
|switch|p2a: Cinderace|Cinderace, M|100/100
|turn|19
|
|t:|1760852742
|move|p2a: Cinderace|High Jump Kick|p1a: Olilie
|-start|p2a: Cinderace|typechange|Fighting|[from] ability: Libero
|-damage|p1a: Olilie|59/100
|move|p1a: Olilie|Thunderbolt|p2a: Cinderace
|-damage|p2a: Cinderace|39/100
|
|-heal|p1a: Olilie|66/100|[from] item: Leftovers
|upkeep
|turn|20
|
|t:|1760852754
|move|p1a: Olilie|Thunderclap|p2a: Cinderace
|-damage|p2a: Cinderace|0 fnt
|faint|p2a: Cinderace
|
|-heal|p1a: Olilie|72/100|[from] item: Leftovers
|upkeep
|
|t:|1760852757
|switch|p2a: Slowking|Slowking-Galar, M|87/100
|turn|21
|
|t:|1760852761
|move|p1a: Olilie|Calm Mind|p1a: Olilie
|-boost|p1a: Olilie|spa|1
|-boost|p1a: Olilie|spd|1
|move|p2a: Slowking|Sludge Bomb|p1a: Olilie
|-damage|p1a: Olilie|51/100
|
|-heal|p1a: Olilie|57/100|[from] item: Leftovers
|upkeep
|turn|22
|
|t:|1760852764
|move|p1a: Olilie|Calm Mind|p1a: Olilie
|-boost|p1a: Olilie|spa|1
|-boost|p1a: Olilie|spd|1
|move|p2a: Slowking|Sludge Bomb|p1a: Olilie
|-damage|p1a: Olilie|42/100
|-status|p1a: Olilie|psn
|
|-heal|p1a: Olilie|48/100 psn|[from] item: Leftovers
|-damage|p1a: Olilie|36/100 psn|[from] psn
|upkeep
|turn|23
|
|t:|1760852766
|move|p1a: Olilie|Thunderbolt|p2a: Slowking
|-damage|p2a: Slowking|34/100
|move|p2a: Slowking|Sludge Bomb|p1a: Olilie
|-damage|p1a: Olilie|21/100 psn
|
|-heal|p1a: Olilie|27/100 psn|[from] item: Leftovers
|-damage|p1a: Olilie|14/100 psn|[from] psn
|upkeep
|turn|24
|
|t:|1760852769
|move|p1a: Olilie|Thunderbolt|p2a: Slowking
|-damage|p2a: Slowking|0 fnt
|faint|p2a: Slowking
|
|win|RaeRae0
|raw|RaeRae0's rating: 1425 &rarr; <strong>1444</strong><br />(+19 for winning)
|raw|Dop a da's rating: 1412 &rarr; <strong>1393</strong><br />(-19 for losing)
|l|☆Dop a da
|player|p2|
|l|☆RaeRae0
|player|p1|
