|j|☆osodelclima
|j|☆undertalethemovie
|t:|1760841607
|gametype|singles
|player|p1|osodelclima|265|1190
|player|p2|undertalethemovie|n|1182
|gen|9
|tier|[Gen 9] OU
|rated|
|rule|HP Percentage Mod: HP is shown in percentages
|rule|Endless Battle Clause: Forcing endless battles is banned
|rule|Species Clause: Limit one of each Pokémon
|rule|OHKO Clause: OHKO moves are banned
|rule|Evasion Items Clause: Evasion items are banned
|rule|Evasion Moves Clause: Evasion moves are banned
|rule|Evasion Abilities Clause: Evasion abilities are banned
|rule|Sleep Moves Clause: Sleep-inducing moves are banned
|clearpoke
|poke|p1|Tatsugiri, M|
|poke|p1|Torterra, M|
|poke|p1|Pecharunt|
|poke|p1|Sandy Shocks|
|poke|p1|Grimmsnarl, M|
|poke|p1|Arcanine-Hisui, F|
|poke|p2|Clodsire, F|
|poke|p2|Ogerpon-Wellspring, F|
|poke|p2|Zoroark-Hisui, M|
|poke|p2|Zamazenta-*|
|poke|p2|Cinderace, M|
|poke|p2|Deoxys-Speed|
|teampreview
|inactive|Battle timer is ON: inactive players will automatically lose when time's up. (requested by osodelclima)
|
|t:|1760841619
|teamsize|p1|6
|teamsize|p2|6
|start
|switch|p1a: Sandy Shocks|Sandy Shocks|100/100
|switch|p2a: The Writer|Ogerpon-Wellspring, F|100/100
|turn|1
|
|t:|1760841629
|-terastallize|p2a: The Writer|Water
|detailschange|p2a: The Writer|Ogerpon-Wellspring-Tera, F, tera:Water
|-ability|p2a: The Writer|Embody Aspect (Wellspring)|boost
|-boost|p2a: The Writer|spd|1
|move|p1a: Sandy Shocks|Volt Switch|p2a: The Writer
|-supereffective|p2a: The Writer
|-damage|p2a: The Writer|43/100
|
|t:|1760841639
|-end|p1a: Sandy Shocks|Protosynthesis|[silent]
|switch|p1a: Pecharunt|Pecharunt|100/100|[from] Volt Switch
|move|p2a: The Writer|Ivy Cudgel|p1a: Pecharunt|[anim] Ivy Cudgel Water
|-crit|p1a: Pecharunt
|-damage|p1a: Pecharunt|27/100
|
|-heal|p1a: Pecharunt|33/100|[from] item: Leftovers
|upkeep
|turn|2
|
|t:|1760841651
|move|p2a: The Writer|Ivy Cudgel|p1a: Pecharunt|[anim] Ivy Cudgel Water
|-damage|p1a: Pecharunt|0 fnt
|faint|p1a: Pecharunt
|
|upkeep
|
|t:|1760841657
|switch|p1a: Sandy Shocks|Sandy Shocks|100/100
|turn|3
|
|t:|1760841664
|switch|p2a: Mumbo|Clodsire, F|100/100
|-item|p2a: Mumbo|Air Balloon
|move|p1a: Sandy Shocks|Earth Power|p2a: Mumbo
|-immune|p2a: Mumbo
|
|upkeep
|turn|4
|
|t:|1760841671
|-end|p1a: Sandy Shocks|Protosynthesis|[silent]
|switch|p1a: Tatsugiri|Tatsugiri, M|100/100
|move|p2a: Mumbo|Toxic Spikes|p1a: Tatsugiri
|-sidestart|p1: osodelclima|move: Toxic Spikes
|
|upkeep
|turn|5
|
|t:|1760841677
|move|p1a: Tatsugiri|Rapid Spin|p2a: Mumbo
|-damage|p2a: Mumbo|94/100
|-boost|p1a: Tatsugiri|spe|1
|-enditem|p2a: Mumbo|Air Balloon
|-sideend|p1: osodelclima|Toxic Spikes|[from] move: Rapid Spin|[of] p1a: Tatsugiri
|move|p2a: Mumbo|Toxic Spikes|p1a: Tatsugiri
|-sidestart|p1: osodelclima|move: Toxic Spikes
|
|upkeep
|turn|6
|
|t:|1760841686
|move|p1a: Tatsugiri|Surf|p2a: Mumbo
|-supereffective|p2a: Mumbo
|-damage|p2a: Mumbo|45/100
|move|p2a: Mumbo|Toxic|p1a: Tatsugiri
|-status|p1a: Tatsugiri|tox
|
|-damage|p1a: Tatsugiri|94/100 tox|[from] psn
|upkeep
|turn|7
|
|t:|1760841698
|switch|p2a: The Writer|Ogerpon-Wellspring-Tera, F|100/100
|-item|p2a: The Writer|Air Balloon
|move|p1a: Tatsugiri|Nasty Plot|p1a: Tatsugiri
|-boost|p1a: Tatsugiri|spa|2
|
|-heal|p1a: Tatsugiri|100/100 tox|[from] item: Leftovers
|-damage|p1a: Tatsugiri|88/100 tox|[from] psn
|upkeep
|-start|p2a: The Writer|typechange|Water|[silent]
|turn|8
|
|t:|1760841709
|move|p2a: The Writer|Detect|p2a: The Writer
|-singleturn|p2a: The Writer|Protect
|move|p1a: Tatsugiri|Surf|p2a: The Writer
|-activate|p2a: The Writer|move: Protect
|
|-heal|p1a: Tatsugiri|94/100 tox|[from] item: Leftovers
|-damage|p1a: Tatsugiri|76/100 tox|[from] psn
|upkeep
|turn|9
|
|t:|1760841715
|switch|p2a: The Writer|Ogerpon-Wellspring-Tera, F, tera:Water|43/100
|-ability|p2a: The Writer|Embody Aspect (Wellspring)|boost
|-boost|p2a: The Writer|spd|1
|move|p1a: Tatsugiri|Surf|p2a: The Writer
|-resisted|p2a: The Writer
|-crit|p2a: The Writer
|-damage|p2a: The Writer|0 fnt
|faint|p2a: The Writer
|detailschange|p2: The Writer|Ogerpon-Wellspring, F|[silent]
|
|-heal|p1a: Tatsugiri|82/100 tox|[from] item: Leftovers
|-damage|p1a: Tatsugiri|58/100 tox|[from] psn
|upkeep
|
|t:|1760841717
|switch|p2a: Mumbo|Clodsire, F|100/100
|-item|p2a: Mumbo|Air Balloon
|turn|10
|
|t:|1760841734
|move|p2a: Mumbo|Detect|p2a: Mumbo
|-singleturn|p2a: Mumbo|Protect
|move|p1a: Tatsugiri|Surf|p2a: Mumbo
|-activate|p2a: Mumbo|move: Protect
|
|-heal|p1a: Tatsugiri|64/100 tox|[from] item: Leftovers
|-damage|p1a: Tatsugiri|33/100 tox|[from] psn
|upkeep
|turn|11
|
|t:|1760841739
|switch|p2a: Mumbo|Clodsire, F|45/100
|move|p1a: Tatsugiri|Surf|p2a: Mumbo
|-supereffective|p2a: Mumbo
|-damage|p2a: Mumbo|0 fnt
|faint|p2a: Mumbo
|
|-heal|p1a: Tatsugiri|39/100 tox|[from] item: Leftovers
|-damage|p1a: Tatsugiri|2/100 tox|[from] psn
|upkeep
|
|t:|1760841742
|switch|p2a: Minami Torishima|Deoxys-Speed|100/100
|-item|p2a: Minami Torishima|Air Balloon
|turn|12
|
|t:|1760841755
|switch|p1a: Sandy Shocks|Sandy Shocks|100/100
|-status|p1a: Sandy Shocks|psn
|move|p2a: Minami Torishima|Shadow Sneak|p1a: Sandy Shocks
|-damage|p1a: Sandy Shocks|88/100 psn
|
|-damage|p1a: Sandy Shocks|75/100 psn|[from] psn
|upkeep
|turn|13
|
|t:|1760841767
|move|p1a: Sandy Shocks|Thunderbolt|p2a: Minami Torishima
|-damage|p2a: Minami Torishima|2/100
|replace|p2a: Count St. Germain|Zoroark-Hisui, M, shiny
|-end|p2a: Count St. Germain|Illusion
|-enditem|p2a: Count St. Germain|Air Balloon
|move|p2a: Count St. Germain|Hex|p1a: Sandy Shocks
|-damage|p1a: Sandy Shocks|0 fnt
|faint|p1a: Sandy Shocks
|-end|p1a: Sandy Shocks|Protosynthesis|[silent]
|
|upkeep
|
|t:|1760841781
|switch|p1a: Arcanine|Arcanine-Hisui, F|100/100
|-status|p1a: Arcanine|psn
|turn|14
|
|t:|1760841789
|move|p2a: Count St. Germain|Hex|p1a: Arcanine
|-damage|p1a: Arcanine|26/100 psn
|move|p1a: Arcanine|Flare Blitz|p2a: Count St. Germain
|-damage|p2a: Count St. Germain|0 fnt
|faint|p2a: Count St. Germain
|-damage|p1a: Arcanine|16/100 psn|[from] item: Life Orb
|
|-damage|p1a: Arcanine|4/100 psn|[from] psn
|upkeep
|
|t:|1760841797
|switch|p2a: Minami Torishima|Deoxys-Speed|100/100
|-ability|p2a: Minami Torishima|Pressure
|turn|15
|
|t:|1760841804
|move|p1a: Arcanine|Extreme Speed|p2a: Minami Torishima
|-damage|p2a: Minami Torishima|49/100
|-damage|p1a: Arcanine|0 fnt|[from] item: Life Orb
|faint|p1a: Arcanine
|move|p2a: Minami Torishima|Ice Beam|p1: Arcanine|[notarget]
|-fail|p2a: Minami Torishima
|
|upkeep
|
|t:|1760841817
|switch|p1a: Grimmsnarl|Grimmsnarl, M|100/100
|-status|p1a: Grimmsnarl|psn
|turn|16
|
|t:|1760841826
|switch|p2a: Ingerland|Cinderace, M|100/100
|move|p1a: Grimmsnarl|Spirit Break|p2a: Ingerland
|-resisted|p2a: Ingerland
|-damage|p2a: Ingerland|72/100
|-unboost|p2a: Ingerland|spa|1
|
|-damage|p1a: Grimmsnarl|88/100 psn|[from] psn
|upkeep
|turn|17
|
|t:|1760841837
|move|p1a: Grimmsnarl|Bulk Up|p1a: Grimmsnarl
|-boost|p1a: Grimmsnarl|atk|1
|-boost|p1a: Grimmsnarl|def|1
|move|p2a: Ingerland|Gunk Shot|p1a: Grimmsnarl|[miss]
|-start|p2a: Ingerland|typechange|Poison|[from] ability: Libero
|-miss|p2a: Ingerland|p1a: Grimmsnarl
|
|-heal|p1a: Grimmsnarl|94/100 psn|[from] item: Leftovers
|-damage|p1a: Grimmsnarl|82/100 psn|[from] psn
|upkeep
|turn|18
|
|t:|1760841850
|move|p1a: Grimmsnarl|Sucker Punch|p2a: Ingerland
|-damage|p2a: Ingerland|0 fnt
|faint|p2a: Ingerland
|
|-heal|p1a: Grimmsnarl|88/100 psn|[from] item: Leftovers
|-damage|p1a: Grimmsnarl|75/100 psn|[from] psn
|upkeep
|
|t:|1760841853
|switch|p2a: Pokemon Shield|Zamazenta|100/100
|-ability|p2a: Pokemon Shield|Dauntless Shield|boost
|-boost|p2a: Pokemon Shield|def|1
|turn|19
|
|t:|1760841863
|move|p1a: Grimmsnarl|Bulk Up|p1a: Grimmsnarl
|-boost|p1a: Grimmsnarl|atk|1
|-boost|p1a: Grimmsnarl|def|1
|move|p2a: Pokemon Shield|Iron Head|p1a: Grimmsnarl
|-supereffective|p1a: Grimmsnarl
|-damage|p1a: Grimmsnarl|42/100 psn
|
|-heal|p1a: Grimmsnarl|48/100 psn|[from] item: Leftovers
|-damage|p1a: Grimmsnarl|36/100 psn|[from] psn
|upkeep
|turn|20
|
|t:|1760841874
|move|p2a: Pokemon Shield|Close Combat|p1a: Grimmsnarl
|-damage|p1a: Grimmsnarl|0 fnt
|-unboost|p2a: Pokemon Shield|def|1
|-unboost|p2a: Pokemon Shield|spd|1
|faint|p1a: Grimmsnarl
|
|upkeep
|
|t:|1760841885
|switch|p1a: Torterra|Torterra, M|100/100
|-status|p1a: Torterra|psn
|turn|21
|
|t:|1760841889
|switch|p2a: Minami Torishima|Deoxys-Speed|49/100
|-ability|p2a: Minami Torishima|Pressure
|move|p1a: Torterra|Shell Smash|p1a: Torterra
|-unboost|p1a: Torterra|def|1
|-unboost|p1a: Torterra|spd|1
|-boost|p1a: Torterra|atk|2
|-boost|p1a: Torterra|spa|2
|-boost|p1a: Torterra|spe|2
|
|-damage|p1a: Torterra|88/100 psn|[from] psn
|upkeep
|turn|22
|
|t:|1760841897
|-terastallize|p1a: Torterra|Rock
|move|p2a: Minami Torishima|Ice Beam|p1a: Torterra
|-damage|p1a: Torterra|23/100 psn
|move|p1a: Torterra|Bullet Seed|p2a: Minami Torishima
|-damage|p2a: Minami Torishima|0 fnt
|faint|p2a: Minami Torishima
|-hitcount|p2: Minami Torishima|1
|
|-damage|p1a: Torterra|10/100 psn|[from] psn
|upkeep
|
|t:|1760841901
|switch|p2a: Pokemon Shield|Zamazenta|100/100
|turn|23
|
|t:|1760841911
|move|p1a: Torterra|Bullet Seed|p2a: Pokemon Shield
|-damage|p2a: Pokemon Shield|63/100
|-damage|p2a: Pokemon Shield|29/100
|-damage|p2a: Pokemon Shield|0 fnt
|faint|p2a: Pokemon Shield
|-hitcount|p2: Pokemon Shield|3
|
|win|osodelclima
|raw|osodelclima's rating: 1190 &rarr; <strong>1214</strong><br />(+24 for winning)
|raw|undertalethemovie's rating: 1182 &rarr; <strong>1158</strong><br />(-24 for losing)
|l|☆undertalethemovie
|player|p2|
|l|☆osodelclima
|player|p1|
