|j|☆WalkingOnionRings
|j|☆ineverhaxed
|t:|1760808613
|gametype|singles
|player|p1|WalkingOnionRings|blue|1441
|player|p2|ineverhaxed|2|1445
|gen|9
|tier|[Gen 9] OU
|rated|
|rule|HP Percentage Mod: HP is shown in percentages
|rule|Endless Battle Clause: Forcing endless battles is banned
|rule|Species Clause: Limit one of each Pokémon
|rule|OHKO Clause: OHKO moves are banned
|rule|Evasion Items Clause: Evasion items are banned
|rule|Evasion Moves Clause: Evasion moves are banned
|rule|Evasion Abilities Clause: Evasion abilities are banned
|rule|Sleep Moves Clause: Sleep-inducing moves are banned
|clearpoke
|poke|p1|Flamigo, M|
|poke|p1|Kyurem|
|poke|p1|Hatterene, F|
|poke|p1|Slowking-Galar, F|
|poke|p1|Great Tusk|
|poke|p1|Tornadus-Therian, M|
|poke|p2|Illumise, F|
|poke|p2|Cloyster, M|
|poke|p2|Blissey, F|
|poke|p2|Darkrai|
|poke|p2|Cinderace, M|
|poke|p2|Lokix, F|
|teampreview
|inactive|Battle timer is ON: inactive players will automatically lose when time's up. (requested by WalkingOnionRings)
|c|☆WalkingOnionRings|Hf
|
|t:|1760808625
|teamsize|p1|6
|teamsize|p2|6
|start
|switch|p1a: Tornadus|Tornadus-Therian, M|100/100
|switch|p2a: Illumise|Illumise, F|100/100
|turn|1
|
|t:|1760808631
|switch|p1a: Hatterene|Hatterene, F|100/100
|move|p2a: Illumise|Infestation|p1a: Hatterene
|-damage|p1a: Hatterene|95/100
|-activate|p1a: Hatterene|move: Infestation|[of] p2a: Illumise
|-enditem|p1a: Hatterene|Eject Button
|
|t:|1760808638
|switch|p1a: Slowking|Slowking-Galar, F|100/100
|
|upkeep
|turn|2
|
|t:|1760808641
|move|p2a: Illumise|Infestation|p1a: Slowking
|-damage|p1a: Slowking|97/100
|-activate|p1a: Slowking|move: Infestation|[of] p2a: Illumise
|move|p1a: Slowking|Toxic|p2a: Illumise
|-status|p2a: Illumise|tox
|
|-damage|p2a: Illumise|94/100 tox|[from] psn
|-damage|p1a: Slowking|85/100|[from] move: Infestation|[partiallytrapped]
|upkeep
|turn|3
|
|t:|1760808644
|move|p2a: Illumise|Encore|p1a: Slowking
|-start|p1a: Slowking|Encore
|move|p1a: Slowking|Toxic|p2a: Illumise
|-fail|p2a: Illumise|tox
|
|-heal|p2a: Illumise|100/100 tox|[from] item: Leftovers
|-damage|p2a: Illumise|88/100 tox|[from] psn
|-damage|p1a: Slowking|72/100|[from] move: Infestation|[partiallytrapped]
|upkeep
|turn|4
|
|t:|1760808652
|move|p2a: Illumise|Infestation|p1a: Slowking
|-damage|p1a: Slowking|69/100
|move|p1a: Slowking|Toxic|p2a: Illumise
|-fail|p2a: Illumise|tox
|
|-heal|p2a: Illumise|94/100 tox|[from] item: Leftovers
|-damage|p2a: Illumise|76/100 tox|[from] psn
|-damage|p1a: Slowking|57/100|[from] move: Infestation|[partiallytrapped]
|upkeep
|turn|5
|
|t:|1760808655
|move|p2a: Illumise|Infestation|p1a: Slowking
|-damage|p1a: Slowking|53/100
|move|p1a: Slowking|Toxic|p2a: Illumise
|-fail|p2a: Illumise|tox
|
|-heal|p2a: Illumise|82/100 tox|[from] item: Leftovers
|-damage|p2a: Illumise|58/100 tox|[from] psn
|-damage|p1a: Slowking|41/100|[from] move: Infestation|[partiallytrapped]
|-end|p1a: Slowking|Encore
|upkeep
|turn|6
|
|t:|1760808659
|move|p2a: Illumise|Encore|p1a: Slowking
|-start|p1a: Slowking|Encore
|move|p1a: Slowking|Toxic|p2a: Illumise
|-fail|p2a: Illumise|tox
|
|-heal|p2a: Illumise|64/100 tox|[from] item: Leftovers
|-damage|p2a: Illumise|34/100 tox|[from] psn
|-damage|p1a: Slowking|28/100|[from] move: Infestation|[partiallytrapped]
|upkeep
|turn|7
|
|t:|1760808662
|move|p2a: Illumise|Infestation|p1a: Slowking
|-damage|p1a: Slowking|25/100
|move|p1a: Slowking|Toxic|p2a: Illumise
|-fail|p2a: Illumise|tox
|
|-heal|p2a: Illumise|40/100 tox|[from] item: Leftovers
|-damage|p2a: Illumise|3/100 tox|[from] psn
|-end|p1a: Slowking|Infestation|[partiallytrapped]
|upkeep
|turn|8
|
|t:|1760808667
|switch|p1a: Tornadus|Tornadus-Therian, M|100/100
|move|p2a: Illumise|Mud-Slap|p1a: Tornadus
|-immune|p1a: Tornadus
|
|-heal|p2a: Illumise|9/100 tox|[from] item: Leftovers
|-damage|p2a: Illumise|0 fnt|[from] psn
|faint|p2a: Illumise
|upkeep
|
|t:|1760808670
|switch|p2a: Darkrai|Darkrai|100/100
|turn|9
|
|t:|1760808676
|-terastallize|p2a: Darkrai|Dark
|move|p2a: Darkrai|Dark Pulse|p1a: Tornadus
|-damage|p1a: Tornadus|57/100
|move|p1a: Tornadus|U-turn|p2a: Darkrai
|-supereffective|p2a: Darkrai
|-damage|p2a: Darkrai|56/100
|
|t:|1760808687
|switch|p1a: Hatterene|Hatterene, F|95/100|[from] U-turn
|
|upkeep
|turn|10
|
|t:|1760808691
|move|p2a: Darkrai|Dark Pulse|p1a: Hatterene
|-crit|p1a: Hatterene
|-damage|p1a: Hatterene|0 fnt
|faint|p1a: Hatterene
|
|upkeep
|
|t:|1760808695
|switch|p1a: Tornadus|Tornadus-Therian, M|90/100
|turn|11
|
|t:|1760808698
|move|p2a: Darkrai|Dark Pulse|p1a: Tornadus
|-damage|p1a: Tornadus|43/100
|move|p1a: Tornadus|Bleakwind Storm|p2a: Darkrai|[miss]
|-miss|p1a: Tornadus|p2a: Darkrai
|
|upkeep
|turn|12
|
|t:|1760808703
|-terastallize|p1a: Tornadus|Dark
|move|p2a: Darkrai|Dark Pulse|p1a: Tornadus
|-resisted|p1a: Tornadus
|-damage|p1a: Tornadus|20/100
|cant|p1a: Tornadus|flinch
|
|upkeep
|turn|13
|
|t:|1760808709
|switch|p1a: Slowking|Slowking-Galar, F|58/100
|move|p2a: Darkrai|Dark Pulse|p1a: Slowking
|-supereffective|p1a: Slowking
|-damage|p1a: Slowking|0 fnt
|faint|p1a: Slowking
|
|upkeep
|
|t:|1760808711
|switch|p1a: Tornadus|Tornadus-Therian, M, tera:Dark|53/100
|turn|14
|
|t:|1760808713
|move|p2a: Darkrai|Dark Pulse|p1a: Tornadus
|-resisted|p1a: Tornadus
|-damage|p1a: Tornadus|29/100
|move|p1a: Tornadus|Bleakwind Storm|p2a: Darkrai
|-damage|p2a: Darkrai|9/100
|
|upkeep
|turn|15
|
|t:|1760808720
|move|p2a: Darkrai|Dark Pulse|p1a: Tornadus
|-resisted|p1a: Tornadus
|-damage|p1a: Tornadus|7/100
|move|p1a: Tornadus|U-turn|p2a: Darkrai
|-supereffective|p2a: Darkrai
|-damage|p2a: Darkrai|0 fnt
|faint|p2a: Darkrai
|
|t:|1760808726
|switch|p1a: Flamigo|Flamigo, M|100/100|[from] U-turn
|
|upkeep
|
|t:|1760808729
|switch|p2a: Cloyster|Cloyster, M|100/100
|turn|16
|
|t:|1760808733
|move|p1a: Flamigo|Close Combat|p2a: Cloyster
|-supereffective|p2a: Cloyster
|-enditem|p2a: Cloyster|Focus Sash
|-damage|p2a: Cloyster|1/100
|-unboost|p1a: Flamigo|def|1
|-unboost|p1a: Flamigo|spd|1
|move|p2a: Cloyster|Shell Smash|p2a: Cloyster
|-unboost|p2a: Cloyster|def|1
|-unboost|p2a: Cloyster|spd|1
|-boost|p2a: Cloyster|atk|2
|-boost|p2a: Cloyster|spa|2
|-boost|p2a: Cloyster|spe|2
|
|upkeep
|turn|17
|
|t:|1760808737
|move|p2a: Cloyster|Icicle Spear|p1a: Flamigo
|-supereffective|p1a: Flamigo
|-damage|p1a: Flamigo|0 fnt
|faint|p1a: Flamigo
|-hitcount|p1: Flamigo|1
|
|upkeep
|
|t:|1760808738
|switch|p1a: Kyurem|Kyurem|100/100
|-ability|p1a: Kyurem|Pressure
|turn|18
|
|t:|1760808740
|move|p2a: Cloyster|Icicle Spear|p1a: Kyurem
|-damage|p1a: Kyurem|74/100
|-damage|p1a: Kyurem|48/100
|-crit|p1a: Kyurem
|-damage|p1a: Kyurem|9/100
|-damage|p1a: Kyurem|0 fnt
|faint|p1a: Kyurem
|-hitcount|p1: Kyurem|4
|
|upkeep
|-message|WalkingOnionRings forfeited.
|
|win|ineverhaxed
|raw|WalkingOnionRings's rating: 1441 &rarr; <strong>1421</strong><br />(-20 for losing)
|raw|ineverhaxed's rating: 1445 &rarr; <strong>1465</strong><br />(+20 for winning)
|l|☆WalkingOnionRings
|player|p1|
|l|☆ineverhaxed
|player|p2|
