|j|☆HZBKAI
|j|☆trig777
|t:|1760852019
|gametype|singles
|player|p1|HZBKAI|266|1101
|player|p2|trig777|ghetsis-gen5bw|1131
|gen|9
|tier|[Gen 9] OU
|rated|
|rule|HP Percentage Mod: HP is shown in percentages
|rule|Endless Battle Clause: Forcing endless battles is banned
|rule|Species Clause: Limit one of each Pokémon
|rule|OHKO Clause: OHKO moves are banned
|rule|Evasion Items Clause: Evasion items are banned
|rule|Evasion Moves Clause: Evasion moves are banned
|rule|Evasion Abilities Clause: Evasion abilities are banned
|rule|Sleep Moves Clause: Sleep-inducing moves are banned
|clearpoke
|poke|p1|Ceruledge, F|
|poke|p1|Kyurem|
|poke|p1|Manaphy|
|poke|p1|Metagross|
|poke|p1|Okidogi, M|
|poke|p1|Zoroark-Hisui, M|
|poke|p2|Gengar, F|
|poke|p2|Gyarados, F|
|poke|p2|Landorus-Therian, M|
|poke|p2|Latios, M|
|poke|p2|Umbreon, M|
|poke|p2|Entei|
|teampreview
|inactive|Battle timer is ON: inactive players will automatically lose when time's up. (requested by trig777)
|
|t:|1760852027
|teamsize|p1|6
|teamsize|p2|6
|start
|switch|p1a: Ceruledge|Ceruledge, F|100/100
|switch|p2a: Entei|Entei, shiny|100/100
|turn|1
|
|t:|1760852035
|switch|p2a: Umbreon|Umbreon, M, shiny|100/100
|move|p1a: Ceruledge|Poltergeist|p2a: Umbreon
|-activate|p2a: Umbreon|move: Poltergeist|Leftovers
|-resisted|p2a: Umbreon
|-damage|p2a: Umbreon|80/100
|
|-heal|p2a: Umbreon|86/100|[from] item: Leftovers
|upkeep
|turn|2
|
|t:|1760852044
|move|p1a: Ceruledge|Bitter Blade|p2a: Umbreon
|-damage|p2a: Umbreon|50/100
|move|p2a: Umbreon|Foul Play|p1a: Ceruledge
|-supereffective|p1a: Ceruledge
|-crit|p1a: Ceruledge
|-enditem|p1a: Ceruledge|Focus Sash
|-damage|p1a: Ceruledge|1/100
|-ability|p1a: Ceruledge|Weak Armor|boost
|-unboost|p1a: Ceruledge|def|1
|-boost|p1a: Ceruledge|spe|2
|
|-heal|p2a: Umbreon|56/100|[from] item: Leftovers
|upkeep
|turn|3
|
|t:|1760852054
|move|p1a: Ceruledge|Bitter Blade|p2a: Umbreon
|-damage|p2a: Umbreon|19/100
|-heal|p1a: Ceruledge|24/100|[from] drain|[of] p2a: Umbreon
|move|p2a: Umbreon|Foul Play|p1a: Ceruledge
|-supereffective|p1a: Ceruledge
|-damage|p1a: Ceruledge|0 fnt
|faint|p1a: Ceruledge
|
|-heal|p2a: Umbreon|25/100|[from] item: Leftovers
|upkeep
|
|t:|1760852054
|switch|p1a: Metagross|Metagross|100/100
|turn|4
|
|t:|1760852074
|move|p1a: Metagross|Explosion|p2a: Umbreon
|-damage|p2a: Umbreon|0 fnt
|faint|p1a: Metagross
|faint|p2a: Umbreon
|
|upkeep
|inactive|HZBKAI also wants the timer to be on.
|
|t:|1760852080
|switch|p1a: Okidogi|Okidogi, M|100/100
|switch|p2a: Entei|Entei, shiny|100/100
|turn|5
|
|t:|1760852084
|move|p2a: Entei|Sacred Fire|p1a: Okidogi
|-damage|p1a: Okidogi|38/100
|-status|p1a: Okidogi|brn
|move|p1a: Okidogi|Drain Punch|p2a: Entei
|-damage|p2a: Entei|84/100
|-heal|p1a: Okidogi|46/100 brn|[from] drain|[of] p2a: Entei
|
|-heal|p1a: Okidogi|52/100 brn|[from] item: Leftovers
|-damage|p1a: Okidogi|46/100 brn|[from] brn
|upkeep
|turn|6
|
|t:|1760852094
|move|p2a: Entei|Sacred Fire|p1a: Okidogi
|-damage|p1a: Okidogi|0 fnt
|faint|p1a: Okidogi
|
|upkeep
|
|t:|1760852094
|switch|p1a: Manaphy|Manaphy|100/100
|turn|7
|
|t:|1760852102
|switch|p2a: Latios|Latios, M, shiny|100/100
|move|p1a: Manaphy|Surf|p2a: Latios
|-resisted|p2a: Latios
|-damage|p2a: Latios|81/100
|
|upkeep
|turn|8
|
|t:|1760852110
|move|p1a: Manaphy|Alluring Voice|p2a: Latios
|-supereffective|p2a: Latios
|-crit|p2a: Latios
|-damage|p2a: Latios|13/100
|move|p2a: Latios|Dragon Pulse|p1a: Manaphy
|-damage|p1a: Manaphy|33/100
|
|-heal|p1a: Manaphy|40/100|[from] item: Leftovers
|upkeep
|turn|9
|
|t:|1760852118
|move|p1a: Manaphy|Alluring Voice|p2a: Latios
|-supereffective|p2a: Latios
|-damage|p2a: Latios|0 fnt
|faint|p2a: Latios
|
|-heal|p1a: Manaphy|46/100|[from] item: Leftovers
|upkeep
|
|t:|1760852124
|switch|p2a: Gengar|Gengar, F, shiny|100/100
|turn|10
|
|t:|1760852127
|move|p2a: Gengar|Shadow Ball|p1a: Manaphy
|-damage|p1a: Manaphy|2/100
|move|p1a: Manaphy|Surf|p2a: Gengar
|-damage|p2a: Gengar|32/100
|
|-heal|p1a: Manaphy|8/100|[from] item: Leftovers
|upkeep
|turn|11
|
|t:|1760852134
|move|p2a: Gengar|Shadow Ball|p1a: Manaphy
|-damage|p1a: Manaphy|0 fnt
|faint|p1a: Manaphy
|
|upkeep
|
|t:|1760852134
|switch|p1a: Kyurem|Kyurem|100/100
|turn|12
|
|t:|1760852146
|move|p2a: Gengar|Shadow Ball|p1a: Kyurem
|-immune|p1a: Kyurem
|move|p1a: Kyurem|Shadow Ball|p2a: Gengar
|-supereffective|p2a: Gengar
|-damage|p2a: Gengar|0 fnt
|-start|p1a: Kyurem|Disable|Shadow Ball|[from] ability: Cursed Body|[of] p2a: Gengar
|faint|p2a: Gengar
|
|upkeep
|
|t:|1760852155
|switch|p2a: Gyarados|Gyarados, F, shiny|100/100
|turn|13
|
|t:|1760852159
|move|p1a: Kyurem|Psychic|p2a: Gyarados
|-damage|p2a: Gyarados|69/100
|move|p2a: Gyarados|Temper Flare|p1a: Kyurem
|-damage|p1a: Kyurem|16/100
|-damage|p2a: Gyarados|52/100|[from] item: Rocky Helmet|[of] p1a: Kyurem
|replace|p1a: Zoroark|Zoroark-Hisui, M
|-end|p1a: Zoroark|Illusion
|
|upkeep
|turn|14
|
|t:|1760852167
|move|p1a: Zoroark|Psychic|p2a: Gyarados
|-damage|p2a: Gyarados|21/100
|move|p2a: Gyarados|Temper Flare|p1a: Zoroark
|-damage|p1a: Zoroark|0 fnt
|-damage|p2a: Gyarados|4/100|[from] item: Rocky Helmet|[of] p1a: Zoroark
|faint|p1a: Zoroark
|-ability|p2a: Gyarados|Moxie|boost
|-boost|p2a: Gyarados|atk|1
|
|upkeep
|
|t:|1760852167
|switch|p1a: Kyurem|Kyurem|100/100
|-ability|p1a: Kyurem|Pressure
|turn|15
|
|t:|1760852178
|move|p1a: Kyurem|Tera Blast|p2a: Gyarados
|-damage|p2a: Gyarados|0 fnt
|faint|p2a: Gyarados
|
|upkeep
|
|t:|1760852182
|switch|p2a: Landorus|Landorus-Therian, M, shiny|100/100
|-ability|p2a: Landorus|Intimidate|boost
|-unboost|p1a: Kyurem|atk|1
|turn|16
|
|t:|1760852188
|-terastallize|p2a: Landorus|Steel
|move|p1a: Kyurem|Icicle Spear|p2a: Landorus
|-resisted|p2a: Landorus
|-damage|p2a: Landorus|96/100
|-resisted|p2a: Landorus
|-damage|p2a: Landorus|92/100
|-resisted|p2a: Landorus
|-damage|p2a: Landorus|87/100
|-resisted|p2a: Landorus
|-damage|p2a: Landorus|83/100
|-resisted|p2a: Landorus
|-damage|p2a: Landorus|78/100
|-hitcount|p2a: Landorus|5
|move|p2a: Landorus|Brick Break|p1a: Kyurem
|-supereffective|p1a: Kyurem
|-damage|p1a: Kyurem|8/100
|
|upkeep
|turn|17
|
|t:|1760852200
|move|p1a: Kyurem|Tera Blast|p2a: Landorus
|-resisted|p2a: Landorus
|-damage|p2a: Landorus|66/100
|move|p2a: Landorus|Brick Break|p1a: Kyurem
|-supereffective|p1a: Kyurem
|-damage|p1a: Kyurem|0 fnt
|faint|p1a: Kyurem
|
|win|trig777
|raw|HZBKAI's rating: 1101 &rarr; <strong>1078</strong><br />(-23 for losing)
|raw|trig777's rating: 1131 &rarr; <strong>1154</strong><br />(+23 for winning)
|l|☆trig777
|player|p2|
