|j|☆crackstone
|j|☆earl5000
|t:|1760796661
|gametype|singles
|player|p1|crackstone|265|1296
|player|p2|earl5000|palmer|1279
|gen|9
|tier|[Gen 9] OU
|rated|
|rule|HP Percentage Mod: HP is shown in percentages
|rule|Endless Battle Clause: Forcing endless battles is banned
|rule|Species Clause: Limit one of each Pokémon
|rule|OHKO Clause: OHKO moves are banned
|rule|Evasion Items Clause: Evasion items are banned
|rule|Evasion Moves Clause: Evasion moves are banned
|rule|Evasion Abilities Clause: Evasion abilities are banned
|rule|Sleep Moves Clause: Sleep-inducing moves are banned
|clearpoke
|poke|p1|Kingambit, M|
|poke|p1|Garchomp, M|
|poke|p1|Ting-Lu|
|poke|p1|Keldeo|
|poke|p1|Iron Moth|
|poke|p1|Gholdengo|
|poke|p2|Glimmora, F|
|poke|p2|Weavile, F|
|poke|p2|Maushold|
|poke|p2|Iron Valiant|
|poke|p2|Dragonite, F|
|poke|p2|Ursaluna, M|
|teampreview
|inactive|Battle timer is ON: inactive players will automatically lose when time's up. (requested by earl5000)
|
|t:|1760796695
|teamsize|p1|6
|teamsize|p2|6
|start
|switch|p1a: Ting-Lu|Ting-Lu|100/100
|switch|p2a: Maushold|Maushold|100/100
|-ability|p1a: Ting-Lu|Vessel of Ruin
|turn|1
|
|t:|1760796713
|move|p2a: Maushold|U-turn|p1a: Ting-Lu
|-supereffective|p1a: Ting-Lu
|-damage|p1a: Ting-Lu|86/100
|
|t:|1760796716
|switch|p2a: Ursaluna|Ursaluna, M|100/100|[from] U-turn
|move|p1a: Ting-Lu|Stealth Rock|p2a: Ursaluna
|-sidestart|p2: earl5000|move: Stealth Rock
|
|-heal|p1a: Ting-Lu|92/100|[from] item: Leftovers
|-status|p2a: Ursaluna|brn|[from] item: Flame Orb
|upkeep
|turn|2
|
|t:|1760796724
|move|p2a: Ursaluna|Facade|p1a: Ting-Lu
|-damage|p1a: Ting-Lu|38/100
|move|p1a: Ting-Lu|Spikes|p2a: Ursaluna
|-sidestart|p2: earl5000|Spikes
|
|-heal|p1a: Ting-Lu|44/100|[from] item: Leftovers
|-damage|p2a: Ursaluna|94/100 brn|[from] brn
|upkeep
|turn|3
|
|t:|1760796729
|switch|p1a: Gholdengo|Gholdengo|100/100
|move|p2a: Ursaluna|Facade|p1a: Gholdengo
|-immune|p1a: Gholdengo
|
|-damage|p2a: Ursaluna|88/100 brn|[from] brn
|upkeep
|turn|4
|
|t:|1760796736
|move|p1a: Gholdengo|Make It Rain|p2a: Ursaluna
|-damage|p2a: Ursaluna|6/100 brn
|-unboost|p1a: Gholdengo|spa|1
|move|p2a: Ursaluna|Headlong Rush|p1a: Gholdengo
|-supereffective|p1a: Gholdengo
|-damage|p1a: Gholdengo|0 fnt
|-unboost|p2a: Ursaluna|def|1
|-unboost|p2a: Ursaluna|spd|1
|faint|p1a: Gholdengo
|
|-damage|p2a: Ursaluna|0 fnt|[from] brn
|faint|p2a: Ursaluna
|upkeep
|
|t:|1760796745
|switch|p1a: Keldeo|Keldeo, shiny|100/100
|switch|p2a: Maushold|Maushold|100/100
|-damage|p2a: Maushold|88/100|[from] Stealth Rock
|-damage|p2a: Maushold|76/100|[from] Spikes
|turn|5
|
|t:|1760796751
|move|p2a: Maushold|Tidy Up|p2a: Maushold
|-sideend|p2: earl5000|Spikes
|-sideend|p2: earl5000|Stealth Rock
|-activate|p2a: Maushold|move: Tidy Up
|-boost|p2a: Maushold|atk|1
|-boost|p2a: Maushold|spe|1
|move|p1a: Keldeo|Aura Sphere|p2a: Maushold
|-supereffective|p2a: Maushold
|-damage|p2a: Maushold|0 fnt
|faint|p2a: Maushold
|
|upkeep
|
|t:|1760796757
|switch|p2a: Iron Valiant|Iron Valiant|100/100
|-enditem|p2a: Iron Valiant|Booster Energy
|-activate|p2a: Iron Valiant|ability: Quark Drive|[fromitem]
|-start|p2a: Iron Valiant|quarkdrivespa
|turn|6
|
|t:|1760796766
|switch|p1a: Anomаly|Iron Moth|100/100
|-enditem|p1a: Anomаly|Booster Energy
|-activate|p1a: Anomаly|ability: Quark Drive|[fromitem]
|-start|p1a: Anomаly|quarkdrivespe
|move|p2a: Iron Valiant|Moonblast|p1a: Anomаly
|-resisted|p1a: Anomаly
|-damage|p1a: Anomаly|83/100
|-unboost|p1a: Anomаly|spa|1
|
|upkeep
|turn|7
|
|t:|1760796774
|move|p1a: Anomаly|Sludge Wave|p2a: Iron Valiant
|-supereffective|p2a: Iron Valiant
|-damage|p2a: Iron Valiant|0 fnt
|faint|p2a: Iron Valiant
|-end|p2a: Iron Valiant|Quark Drive|[silent]
|
|upkeep
|
|t:|1760796782
|switch|p2a: The Advocate|Glimmora, F|100/100
|turn|8
|
|t:|1760796796
|-terastallize|p1a: Anomаly|Ground
|move|p1a: Anomаly|Tera Blast|p2a: The Advocate|[anim] Tera Blast Ground
|-supereffective|p2a: The Advocate
|-enditem|p2a: The Advocate|Focus Sash
|-damage|p2a: The Advocate|1/100
|move|p2a: The Advocate|Power Gem|p1a: Anomаly
|-resisted|p1a: Anomаly
|-damage|p1a: Anomаly|60/100
|
|upkeep
|turn|9
|
|t:|1760796802
|move|p1a: Anomаly|Fiery Dance|p2a: The Advocate
|-resisted|p2a: The Advocate
|-damage|p2a: The Advocate|0 fnt
|-boost|p1a: Anomаly|spa|1
|faint|p2a: The Advocate
|
|upkeep
|
|t:|1760796804
|switch|p2a: Edgelord|Weavile, F|100/100
|-ability|p2a: Edgelord|Pressure
|turn|10
|-message|earl5000 forfeited.
|
|win|crackstone
|raw|crackstone's rating: 1296 &rarr; <strong>1320</strong><br />(+24 for winning)
|raw|earl5000's rating: 1279 &rarr; <strong>1255</strong><br />(-24 for losing)
|l|☆earl5000
|player|p2|
|l|☆crackstone
|player|p1|
