|j|☆ScienceWhizz
|j|☆grandcraw
|t:|1760797736
|gametype|singles
|player|p1|ScienceWhizz|101|1175
|player|p2|grandcraw|shadowtriad|1157
|gen|9
|tier|[Gen 9] OU
|rated|
|rule|HP Percentage Mod: HP is shown in percentages
|rule|Endless Battle Clause: Forcing endless battles is banned
|rule|Species Clause: Limit one of each Pokémon
|rule|OHKO Clause: OHKO moves are banned
|rule|Evasion Items Clause: Evasion items are banned
|rule|Evasion Moves Clause: Evasion moves are banned
|rule|Evasion Abilities Clause: Evasion abilities are banned
|rule|Sleep Moves Clause: Sleep-inducing moves are banned
|clearpoke
|poke|p1|Garganacl, M|
|poke|p1|Samurott-Hisui, F|
|poke|p1|Gliscor, M|
|poke|p1|Toxapex, M|
|poke|p1|Sinistcha|
|poke|p1|Skeledirge, F|
|poke|p2|Meganium, F|
|poke|p2|Cinderace, F|
|poke|p2|Gholdengo|
|poke|p2|Ogerpon-Wellspring, F|
|poke|p2|Coalossal, F|
|poke|p2|Slowking, F|
|teampreview
|
|t:|1760797740
|teamsize|p1|6
|teamsize|p2|6
|start
|switch|p1a: Unknown|Garganacl, M|100/100
|switch|p2a: Meganium|Meganium, F|100/100
|turn|1
|
|t:|1760797748
|move|p2a: Meganium|Swords Dance|p2a: Meganium
|-boost|p2a: Meganium|atk|2
|move|p1a: Unknown|Stealth Rock|p2a: Meganium
|-sidestart|p2: grandcraw|move: Stealth Rock
|
|upkeep
|turn|2
|
|t:|1760797804
|switch|p1a: Guvna|Skeledirge, F, shiny|100/100
|-terastallize|p2a: Meganium|Ground
|move|p2a: Meganium|Earthquake|p1a: Guvna
|-supereffective|p1a: Guvna
|-damage|p1a: Guvna|35/100
|
|-heal|p1a: Guvna|41/100|[from] item: Leftovers
|upkeep
|turn|3
|
|t:|1760797813
|switch|p1a: Gliscor|Gliscor, M|100/100
|move|p2a: Meganium|Knock Off|p1a: Gliscor
|-damage|p1a: Gliscor|52/100
|-enditem|p1a: Gliscor|Toxic Orb|[from] move: Knock Off|[of] p2a: Meganium
|
|upkeep
|turn|4
|
|t:|1760797821
|move|p1a: Gliscor|Earthquake|p2a: Meganium
|-damage|p2a: Meganium|62/100
|move|p2a: Meganium|Petal Blizzard|p1a: Gliscor
|-damage|p1a: Gliscor|0 fnt
|faint|p1a: Gliscor
|
|-heal|p2a: Meganium|68/100|[from] item: Leftovers
|upkeep
|
|t:|1760797830
|switch|p1a: Excalibur|Samurott-Hisui, F|100/100
|turn|5
|
|t:|1760797836
|switch|p2a: Ogerpon|Ogerpon-Wellspring, F|100/100
|-damage|p2a: Ogerpon|88/100|[from] Stealth Rock
|move|p1a: Excalibur|Razor Shell|p2a: Ogerpon
|-heal|p2a: Ogerpon|100/100|[from] ability: Water Absorb|[of] p1a: Excalibur
|
|upkeep
|turn|6
|
|t:|1760797844
|move|p2a: Ogerpon|Spikes|p1a: Excalibur
|-sidestart|p1: ScienceWhizz|Spikes
|move|p1a: Excalibur|Ceaseless Edge|p2a: Ogerpon
|-damage|p2a: Ogerpon|41/100
|-sidestart|p2: grandcraw|Spikes
|
|upkeep
|turn|7
|
|t:|1760797849
|move|p2a: Ogerpon|Power Whip|p1a: Excalibur
|-supereffective|p1a: Excalibur
|-damage|p1a: Excalibur|0 fnt
|faint|p1a: Excalibur
|
|upkeep
|
|t:|1760797855
|switch|p1a: Sinistcha|Sinistcha|100/100
|turn|8
|
|t:|1760797859
|move|p2a: Ogerpon|Knock Off|p1a: Sinistcha
|-supereffective|p1a: Sinistcha
|-damage|p1a: Sinistcha|30/100
|-enditem|p1a: Sinistcha|Heavy-Duty Boots|[from] move: Knock Off|[of] p2a: Ogerpon
|move|p1a: Sinistcha|Matcha Gotcha|p2a: Ogerpon
|-damage|p2a: Ogerpon|0 fnt
|-heal|p1a: Sinistcha|48/100|[from] drain|[of] p2a: Ogerpon
|faint|p2a: Ogerpon
|
|upkeep
|
|t:|1760797863
|switch|p2a: Cinderace|Cinderace, F|100/100
|turn|9
|
|t:|1760797870
|move|p2a: Cinderace|Pyro Ball|p1a: Sinistcha
|-supereffective|p1a: Sinistcha
|-damage|p1a: Sinistcha|7/100
|move|p1a: Sinistcha|Scald|p2a: Cinderace
|-supereffective|p2a: Cinderace
|-damage|p2a: Cinderace|26/100
|
|upkeep
|turn|10
|
|t:|1760797879
|switch|p1a: Blitz|Toxapex, M|100/100
|-damage|p1a: Blitz|88/100|[from] Spikes
|move|p2a: Cinderace|U-turn|p1a: Blitz
|-resisted|p1a: Blitz
|-damage|p1a: Blitz|81/100
|
|t:|1760797885
|switch|p2a: Slowking|Slowking, F|100/100|[from] U-turn
|-damage|p2a: Slowking|88/100|[from] Stealth Rock
|-damage|p2a: Slowking|75/100|[from] Spikes
|
|-heal|p2a: Slowking|82/100|[from] item: Leftovers
|-heal|p1a: Blitz|87/100|[from] item: Leftovers
|upkeep
|turn|11
|
|t:|1760797892
|move|p2a: Slowking|Psychic Noise|p1a: Blitz
|-supereffective|p1a: Blitz
|-damage|p1a: Blitz|28/100
|-start|p1a: Blitz|move: Heal Block
|move|p1a: Blitz|Lunge|p2a: Slowking
|-supereffective|p2a: Slowking
|-crit|p2a: Slowking
|-damage|p2a: Slowking|47/100
|-unboost|p2a: Slowking|atk|1
|
|-heal|p2a: Slowking|53/100|[from] item: Leftovers
|upkeep
|turn|12
|
|t:|1760797909
|switch|p1a: Unknown|Garganacl, M|100/100
|-damage|p1a: Unknown|88/100|[from] Spikes
|move|p2a: Slowking|Psychic Noise|p1a: Unknown
|-damage|p1a: Unknown|57/100
|-start|p1a: Unknown|move: Heal Block
|
|-heal|p2a: Slowking|59/100|[from] item: Leftovers
|upkeep
|turn|13
|
|t:|1760797930
|move|p1a: Unknown|Salt Cure|p2a: Slowking
|-damage|p2a: Slowking|47/100
|-start|p2a: Slowking|Salt Cure
|move|p2a: Slowking|Scald|p1a: Unknown
|-supereffective|p1a: Unknown
|-damage|p1a: Unknown|0 fnt
|faint|p1a: Unknown
|
|-heal|p2a: Slowking|53/100|[from] item: Leftovers
|-damage|p2a: Slowking|28/100|[from] Salt Cure
|upkeep
|
|t:|1760797940
|switch|p1a: Sinistcha|Sinistcha|7/100
|-damage|p1a: Sinistcha|0 fnt|[from] Spikes
|faint|p1a: Sinistcha
|
|t:|1760797944
|switch|p1a: Guvna|Skeledirge, F, shiny|41/100
|-damage|p1a: Guvna|28/100|[from] Spikes
|turn|14
|
|t:|1760797958
|move|p1a: Guvna|Slack Off|p1a: Guvna
|-heal|p1a: Guvna|79/100
|move|p2a: Slowking|Scald|p1a: Guvna
|-supereffective|p1a: Guvna
|-damage|p1a: Guvna|28/100
|
|-heal|p1a: Guvna|35/100|[from] item: Leftovers
|-heal|p2a: Slowking|35/100|[from] item: Leftovers
|-damage|p2a: Slowking|10/100|[from] Salt Cure
|upkeep
|turn|15
|
|t:|1760797969
|switch|p2a: Coalossal|Coalossal, F|100/100
|move|p1a: Guvna|Slack Off|p1a: Guvna
|-heal|p1a: Guvna|85/100
|
|-heal|p1a: Guvna|91/100|[from] item: Leftovers
|upkeep
|turn|16
|
|t:|1760797979
|switch|p1a: Blitz|Toxapex, M|61/100
|-damage|p1a: Blitz|49/100|[from] Spikes
|move|p2a: Coalossal|Stone Edge|p1a: Blitz
|-damage|p1a: Blitz|25/100
|
|-heal|p1a: Blitz|31/100|[from] item: Leftovers
|upkeep
|turn|17
|
|t:|1760797988
|move|p2a: Coalossal|Stealth Rock|p1a: Blitz
|-sidestart|p1: ScienceWhizz|move: Stealth Rock
|move|p1a: Blitz|Gunk Shot|p2a: Coalossal
|-resisted|p2a: Coalossal
|-crit|p2a: Coalossal
|-damage|p2a: Coalossal|88/100
|
|-heal|p1a: Blitz|37/100|[from] item: Leftovers
|upkeep
|turn|18
|
|t:|1760797995
|switch|p2a: Gholdengo|Gholdengo|100/100
|-damage|p2a: Gholdengo|94/100|[from] Stealth Rock
|-damage|p2a: Gholdengo|82/100|[from] Spikes
|move|p1a: Blitz|Ice Beam|p2a: Gholdengo
|-resisted|p2a: Gholdengo
|-damage|p2a: Gholdengo|70/100
|
|-heal|p2a: Gholdengo|76/100|[from] item: Leftovers
|-heal|p1a: Blitz|44/100|[from] item: Leftovers
|upkeep
|turn|19
|
|t:|1760798004
|move|p2a: Gholdengo|Thunder Wave|p1a: Blitz
|-status|p1a: Blitz|par
|move|p1a: Blitz|Surf|p2a: Gholdengo
|-damage|p2a: Gholdengo|38/100
|
|-heal|p2a: Gholdengo|44/100|[from] item: Leftovers
|-heal|p1a: Blitz|50/100 par|[from] item: Leftovers
|upkeep
|turn|20
|
|t:|1760798011
|move|p2a: Gholdengo|Hex|p1a: Blitz
|-damage|p1a: Blitz|0 fnt
|faint|p1a: Blitz
|
|-heal|p2a: Gholdengo|50/100|[from] item: Leftovers
|upkeep
|
|t:|1760798016
|switch|p1a: Guvna|Skeledirge, F, shiny|91/100
|-damage|p1a: Guvna|78/100|[from] Spikes
|-damage|p1a: Guvna|54/100|[from] Stealth Rock
|turn|21
|
|t:|1760798021
|move|p2a: Gholdengo|Hex|p1a: Guvna
|-supereffective|p1a: Guvna
|-damage|p1a: Guvna|5/100
|move|p1a: Guvna|Torch Song|p2a: Gholdengo
|-supereffective|p2a: Gholdengo
|-damage|p2a: Gholdengo|0 fnt
|-boost|p1a: Guvna|spa|1
|faint|p2a: Gholdengo
|
|-heal|p1a: Guvna|11/100|[from] item: Leftovers
|upkeep
|
|t:|1760798032
|switch|p2a: Cinderace|Cinderace, F|26/100
|turn|22
|
|t:|1760798043
|move|p2a: Cinderace|Pyro Ball|p1a: Guvna
|-resisted|p1a: Guvna
|-damage|p1a: Guvna|0 fnt
|faint|p1a: Guvna
|
|win|grandcraw
|raw|ScienceWhizz's rating: 1175 &rarr; <strong>1149</strong><br />(-26 for losing)
|raw|grandcraw's rating: 1157 &rarr; <strong>1183</strong><br />(+26 for winning)
|l|☆grandcraw
|player|p2|
|c|☆ScienceWhizz|gg
|l|☆ScienceWhizz
|player|p1|
