|j|☆miscellandorus
|j|☆Kazuelasnt
|t:|1760814290
|gametype|singles
|player|p1|miscellandorus|2|1534
|player|p2|Kazuelasnt|cress|1510
|gen|9
|tier|[Gen 9] OU
|rated|
|rule|HP Percentage Mod: HP is shown in percentages
|rule|Endless Battle Clause: Forcing endless battles is banned
|rule|Species Clause: Limit one of each Pokémon
|rule|OHKO Clause: OHKO moves are banned
|rule|Evasion Items Clause: Evasion items are banned
|rule|Evasion Moves Clause: Evasion moves are banned
|rule|Evasion Abilities Clause: Evasion abilities are banned
|rule|Sleep Moves Clause: Sleep-inducing moves are banned
|clearpoke
|poke|p1|Walking Wake|
|poke|p1|Maushold-Four|
|poke|p1|Dragonite, M|
|poke|p1|Weezing-Galar, F|
|poke|p1|Great Tusk|
|poke|p1|Muk-Alola, F|
|poke|p2|Kleavor, M|
|poke|p2|Ogerpon-Wellspring, F|
|poke|p2|Gholdengo|
|poke|p2|Dragonite, F|
|poke|p2|Darkrai|
|poke|p2|Hatterene, F|
|teampreview
|l|☆Kazuelasnt
|player|p2|
|j|☆Kazuelasnt
|player|p2|Kazuelasnt|cress|
|inactive|Battle timer is ON: inactive players will automatically lose when time's up. (requested by Kazuelasnt)
|
|t:|1760814315
|teamsize|p1|6
|teamsize|p2|6
|start
|switch|p1a: Maushold|Maushold-Four|100/100
|switch|p2a: Filo Señorial|Kleavor, M|100/100
|turn|1
|
|t:|1760814322
|switch|p1a: Great Tusk|Great Tusk|100/100
|move|p2a: Filo Señorial|Stone Axe|p1a: Great Tusk
|-resisted|p1a: Great Tusk
|-damage|p1a: Great Tusk|94/100
|-damage|p2a: Filo Señorial|84/100|[from] item: Rocky Helmet|[of] p1a: Great Tusk
|-sidestart|p1: miscellandorus|move: Stealth Rock
|
|upkeep
|turn|2
|
|t:|1760814332
|switch|p2a: A Penny|Gholdengo|100/100
|-item|p2a: A Penny|Air Balloon
|move|p1a: Great Tusk|Stealth Rock|p2a: A Penny
|-sidestart|p2: Kazuelasnt|move: Stealth Rock
|
|upkeep
|turn|3
|
|t:|1760814339
|-end|p1a: Great Tusk|Protosynthesis|[silent]
|switch|p1a: Muk|Muk-Alola, F|100/100
|-damage|p1a: Muk|88/100|[from] Stealth Rock
|move|p2a: A Penny|Nasty Plot|p2a: A Penny
|-boost|p2a: A Penny|spa|2
|
|-heal|p1a: Muk|94/100|[from] item: Black Sludge
|upkeep
|turn|4
|
|t:|1760814343
|move|p2a: A Penny|Make It Rain|p1a: Muk
|-damage|p1a: Muk|15/100
|-unboost|p2a: A Penny|spa|1
|move|p1a: Muk|Knock Off|p2a: A Penny
|-supereffective|p2a: A Penny
|-crit|p2a: A Penny
|-damage|p2a: A Penny|0 fnt
|-enditem|p2a: A Penny|Air Balloon
|faint|p2a: A Penny
|
|-heal|p1a: Muk|21/100|[from] item: Black Sludge
|upkeep
|
|t:|1760814349
|switch|p2a: Mr JOEgerpon|Ogerpon-Wellspring, F|100/100
|-damage|p2a: Mr JOEgerpon|88/100|[from] Stealth Rock
|turn|5
|
|t:|1760814353
|switch|p1a: Walking Wake|Walking Wake|100/100
|-damage|p1a: Walking Wake|88/100|[from] Stealth Rock
|move|p2a: Mr JOEgerpon|Ivy Cudgel|p1a: Walking Wake|[anim] Ivy Cudgel Water
|-resisted|p1a: Walking Wake
|-damage|p1a: Walking Wake|71/100
|
|upkeep
|turn|6
|
|t:|1760814357
|move|p1a: Walking Wake|Flamethrower|p2a: Mr JOEgerpon
|-damage|p2a: Mr JOEgerpon|50/100
|move|p2a: Mr JOEgerpon|Knock Off|p1a: Walking Wake
|-damage|p1a: Walking Wake|31/100
|-enditem|p1a: Walking Wake|Choice Scarf|[from] move: Knock Off|[of] p2a: Mr JOEgerpon
|
|upkeep
|turn|7
|
|t:|1760814368
|switch|p2a: Hattie|Hatterene, F|100/100
|-damage|p2a: Hattie|88/100|[from] Stealth Rock
|move|p1a: Walking Wake|Draco Meteor|p2a: Hattie
|-immune|p2a: Hattie
|
|upkeep
|turn|8
|
|t:|1760814385
|move|p1a: Walking Wake|Hydro Steam|p2a: Hattie
|-damage|p2a: Hattie|63/100
|move|p2a: Hattie|Draining Kiss|p1a: Walking Wake
|-supereffective|p1a: Walking Wake
|-damage|p1a: Walking Wake|0 fnt
|-heal|p2a: Hattie|88/100|[from] drain|[of] p1a: Walking Wake
|faint|p1a: Walking Wake
|-end|p1a: Walking Wake|Protosynthesis|[silent]
|
|upkeep
|
|t:|1760814399
|switch|p1a: Maushold|Maushold-Four|100/100
|-damage|p1a: Maushold|88/100|[from] Stealth Rock
|turn|9
|
|t:|1760814404
|move|p1a: Maushold|Population Bomb|p2a: Hattie
|-damage|p2a: Hattie|76/100
|-damage|p2a: Hattie|64/100
|-damage|p2a: Hattie|52/100
|-damage|p2a: Hattie|40/100
|-crit|p2a: Hattie
|-damage|p2a: Hattie|21/100
|-damage|p2a: Hattie|8/100
|-damage|p2a: Hattie|0 fnt
|faint|p2a: Hattie
|-hitcount|p2: Hattie|7
|
|upkeep
|
|t:|1760814407
|switch|p2a: Filo Señorial|Kleavor, M|84/100
|-damage|p2a: Filo Señorial|59/100|[from] Stealth Rock
|turn|10
|
|t:|1760814422
|move|p2a: Filo Señorial|X-Scissor|p1a: Maushold
|-damage|p1a: Maushold|0 fnt
|faint|p1a: Maushold
|
|upkeep
|
|t:|1760814435
|switch|p1a: Great Tusk|Great Tusk|94/100
|-damage|p1a: Great Tusk|91/100|[from] Stealth Rock
|turn|11
|
|t:|1760814441
|switch|p2a: Mr JOEgerpon|Ogerpon-Wellspring, F|50/100
|-damage|p2a: Mr JOEgerpon|38/100|[from] Stealth Rock
|move|p1a: Great Tusk|Rapid Spin|p2a: Mr JOEgerpon
|-damage|p2a: Mr JOEgerpon|18/100
|-boost|p1a: Great Tusk|spe|1
|-sideend|p1: miscellandorus|Stealth Rock|[from] move: Rapid Spin|[of] p1a: Great Tusk
|
|upkeep
|turn|12
|
|t:|1760814449
|move|p2a: Mr JOEgerpon|Ivy Cudgel|p1a: Great Tusk|[anim] Ivy Cudgel Water
|-supereffective|p1a: Great Tusk
|-damage|p1a: Great Tusk|34/100
|move|p1a: Great Tusk|Rapid Spin|p2a: Mr JOEgerpon
|-damage|p2a: Mr JOEgerpon|0 fnt
|-boost|p1a: Great Tusk|spe|1
|faint|p2a: Mr JOEgerpon
|
|upkeep
|
|t:|1760814465
|switch|p2a: Alba|Dragonite, F, shiny|100/100
|-damage|p2a: Alba|76/100|[from] Stealth Rock
|turn|13
|
|t:|1760814474
|move|p1a: Great Tusk|Ice Spinner|p2a: Alba
|-supereffective|p2a: Alba
|-damage|p2a: Alba|0 fnt
|faint|p2a: Alba
|
|upkeep
|
|t:|1760814477
|switch|p2a: Duke|Darkrai, shiny|100/100
|-damage|p2a: Duke|88/100|[from] Stealth Rock
|turn|14
|
|t:|1760814485
|move|p1a: Great Tusk|Earthquake|p2a: Duke
|-damage|p2a: Duke|30/100
|move|p2a: Duke|Ice Beam|p1a: Great Tusk
|-supereffective|p1a: Great Tusk
|-damage|p1a: Great Tusk|0 fnt
|faint|p1a: Great Tusk
|-end|p1a: Great Tusk|Protosynthesis|[silent]
|
|upkeep
|
|t:|1760814488
|switch|p1a: Dragonite|Dragonite, M|100/100
|turn|15
|
|t:|1760814494
|move|p1a: Dragonite|Extreme Speed|p2a: Duke
|-damage|p2a: Duke|0 fnt
|faint|p2a: Duke
|
|upkeep
|
|t:|1760814496
|switch|p2a: Filo Señorial|Kleavor, M|59/100
|-damage|p2a: Filo Señorial|34/100|[from] Stealth Rock
|turn|16
|
|t:|1760814500
|-terastallize|p2a: Filo Señorial|Ghost
|-terastallize|p1a: Dragonite|Normal
|move|p1a: Dragonite|Extreme Speed|p2a: Filo Señorial
|-immune|p2a: Filo Señorial
|move|p2a: Filo Señorial|Stone Axe|p1a: Dragonite
|-damage|p1a: Dragonite|71/100
|-sidestart|p1: miscellandorus|move: Stealth Rock
|
|upkeep
|turn|17
|
|t:|1760814508
|switch|p1a: Weezing|Weezing-Galar, F|100/100
|-damage|p1a: Weezing|88/100|[from] Stealth Rock
|move|p2a: Filo Señorial|Stone Axe|p1a: Weezing
|-damage|p1a: Weezing|35/100
|
|upkeep
|turn|18
|
|t:|1760814517
|move|p2a: Filo Señorial|Stone Axe|p1a: Weezing
|-damage|p1a: Weezing|0 fnt
|faint|p1a: Weezing
|
|upkeep
|
|t:|1760814520
|switch|p1a: Dragonite|Dragonite, M, tera:Normal|71/100
|-damage|p1a: Dragonite|59/100|[from] Stealth Rock
|turn|19
|
|t:|1760814525
|move|p2a: Filo Señorial|Stone Axe|p1a: Dragonite
|-damage|p1a: Dragonite|5/100
|move|p1a: Dragonite|Outrage|p2a: Filo Señorial
|-damage|p2a: Filo Señorial|0 fnt
|faint|p2a: Filo Señorial
|
|win|miscellandorus
|raw|miscellandorus's rating: 1534 &rarr; <strong>1553</strong><br />(+19 for winning)
|raw|Kazuelasnt's rating: 1510 &rarr; <strong>1491</strong><br />(-19 for losing)
|l|☆Kazuelasnt
|player|p2|
