|j|☆ForwardM8
|j|☆BoraxBlaster
|t:|1760821148
|gametype|singles
|player|p1|ForwardM8|169|1164
|player|p2|BoraxBlaster|ethan|1193
|gen|9
|tier|[Gen 9] OU
|rated|
|rule|HP Percentage Mod: HP is shown in percentages
|rule|Endless Battle Clause: Forcing endless battles is banned
|rule|Species Clause: Limit one of each Pokémon
|rule|OHKO Clause: OHKO moves are banned
|rule|Evasion Items Clause: Evasion items are banned
|rule|Evasion Moves Clause: Evasion moves are banned
|rule|Evasion Abilities Clause: Evasion abilities are banned
|rule|Sleep Moves Clause: Sleep-inducing moves are banned
|clearpoke
|poke|p1|Garchomp, M|
|poke|p1|Goodra-Hisui, F|
|poke|p1|Enamorus, F|
|poke|p1|Kricketune, F|
|poke|p1|Salamence, M|
|poke|p1|Great Tusk|
|poke|p2|Slowking-Galar, F|
|poke|p2|Darkrai|
|poke|p2|Ogerpon-Wellspring, F|
|poke|p2|Landorus-Therian, M|
|poke|p2|Zapdos|
|poke|p2|Rillaboom, M|
|teampreview
|
|t:|1760821164
|teamsize|p1|6
|teamsize|p2|6
|start
|switch|p1a: Kricketune|Kricketune, F|100/100
|switch|p2a: Ogerpon|Ogerpon-Wellspring, F|100/100
|turn|1
|
|t:|1760821173
|move|p2a: Ogerpon|Swords Dance|p2a: Ogerpon
|-boost|p2a: Ogerpon|atk|2
|move|p1a: Kricketune|Sticky Web|p2a: Ogerpon
|-sidestart|p2: BoraxBlaster|move: Sticky Web
|
|upkeep
|turn|2
|
|t:|1760821187
|move|p2a: Ogerpon|Ivy Cudgel|p1a: Kricketune|[anim] Ivy Cudgel Water
|-enditem|p1a: Kricketune|Focus Sash
|-damage|p1a: Kricketune|1/100
|move|p1a: Kricketune|Lunge|p2a: Ogerpon
|-supereffective|p2a: Ogerpon
|-damage|p2a: Ogerpon|37/100
|-unboost|p2a: Ogerpon|atk|1
|
|upkeep
|turn|3
|
|t:|1760821202
|move|p2a: Ogerpon|Horn Leech|p1a: Kricketune
|-resisted|p1a: Kricketune
|-damage|p1a: Kricketune|0 fnt
|-heal|p2a: Ogerpon|37/100|[from] drain|[of] p1a: Kricketune
|faint|p1a: Kricketune
|
|upkeep
|
|t:|1760821221
|switch|p1a: Salamence|Salamence, M|100/100
|turn|4
|
|t:|1760821236
|move|p2a: Ogerpon|Ivy Cudgel|p1a: Salamence|[anim] Ivy Cudgel Water
|-resisted|p1a: Salamence
|-damage|p1a: Salamence|44/100
|move|p1a: Salamence|Dragon Dance|p1a: Salamence
|-boost|p1a: Salamence|atk|1
|-boost|p1a: Salamence|spe|1
|
|upkeep
|turn|5
|
|t:|1760821244
|move|p1a: Salamence|Dragon Claw|p2a: Ogerpon
|-crit|p2a: Ogerpon
|-damage|p2a: Ogerpon|0 fnt
|faint|p2a: Ogerpon
|-ability|p1a: Salamence|Moxie|boost
|-boost|p1a: Salamence|atk|1
|
|upkeep
|
|t:|1760821262
|switch|p2a: Landorus|Landorus-Therian, M|100/100
|-ability|p2a: Landorus|Intimidate|boost
|-unboost|p1a: Salamence|atk|1
|turn|6
|
|t:|1760821269
|move|p1a: Salamence|Dragon Claw|p2a: Landorus
|-damage|p2a: Landorus|16/100
|move|p2a: Landorus|Stone Edge|p1a: Salamence
|-supereffective|p1a: Salamence
|-damage|p1a: Salamence|0 fnt
|faint|p1a: Salamence
|
|upkeep
|
|t:|1760821280
|switch|p1a: Garchomp|Garchomp, M|100/100
|turn|7
|
|t:|1760821289
|move|p2a: Landorus|Stone Edge|p1a: Garchomp
|-resisted|p1a: Garchomp
|-crit|p1a: Garchomp
|-damage|p1a: Garchomp|73/100
|move|p1a: Garchomp|Stealth Rock|p2a: Landorus
|-sidestart|p2: BoraxBlaster|move: Stealth Rock
|
|upkeep
|turn|8
|
|t:|1760821308
|switch|p2a: Zapdos|Zapdos|100/100
|-damage|p2a: Zapdos|76/100|[from] Stealth Rock
|move|p1a: Garchomp|Spikes|p2a: Zapdos
|-sidestart|p2: BoraxBlaster|Spikes
|
|upkeep
|turn|9
|
|t:|1760821317
|move|p2a: Zapdos|Hurricane|p1a: Garchomp
|-damage|p1a: Garchomp|14/100
|-start|p1a: Garchomp|confusion
|-activate|p1a: Garchomp|confusion
|move|p1a: Garchomp|Dragon Tail|p2a: Zapdos
|-damage|p2a: Zapdos|41/100
|-status|p1a: Garchomp|par|[from] ability: Static|[of] p2a: Zapdos
|drag|p2a: Slowking|Slowking-Galar, F|100/100
|
|upkeep
|turn|10
|
|t:|1760821332
|-end|p1a: Garchomp|confusion
|cant|p1a: Garchomp|par
|move|p2a: Slowking|Sludge Wave|p1a: Garchomp
|-resisted|p1a: Garchomp
|-damage|p1a: Garchomp|0 fnt
|faint|p1a: Garchomp
|
|upkeep
|
|t:|1760821342
|switch|p1a: Great Tusk|Great Tusk|100/100
|-enditem|p1a: Great Tusk|Booster Energy
|-activate|p1a: Great Tusk|ability: Protosynthesis|[fromitem]
|-start|p1a: Great Tusk|protosynthesisatk
|turn|11
|
|t:|1760821356
|switch|p2a: Landorus|Landorus-Therian, M|16/100
|-damage|p2a: Landorus|4/100|[from] Stealth Rock
|-ability|p2a: Landorus|Intimidate|boost
|-unboost|p1a: Great Tusk|atk|1
|-terastallize|p1a: Great Tusk|Ground
|move|p1a: Great Tusk|Headlong Rush|p2a: Landorus
|-immune|p2a: Landorus
|
|upkeep
|turn|12
|
|t:|1760821373
|move|p2a: Landorus|Earthquake|p1a: Great Tusk
|-damage|p1a: Great Tusk|46/100
|move|p1a: Great Tusk|Rapid Spin|p2a: Landorus
|-damage|p2a: Landorus|0 fnt
|-boost|p1a: Great Tusk|spe|1
|faint|p2a: Landorus
|
|upkeep
|
|t:|1760821391
|switch|p2a: Rillaboom|Rillaboom, M|100/100
|-activate|p2a: Rillaboom|move: Sticky Web
|-unboost|p2a: Rillaboom|spe|1
|-damage|p2a: Rillaboom|88/100|[from] Stealth Rock
|-damage|p2a: Rillaboom|76/100|[from] Spikes
|-fieldstart|move: Grassy Terrain|[from] ability: Grassy Surge|[of] p2a: Rillaboom
|turn|13
|
|t:|1760821400
|-end|p1a: Great Tusk|Protosynthesis|[silent]
|switch|p1a: Goodra|Goodra-Hisui, F|100/100
|move|p2a: Rillaboom|Grassy Glide|p1a: Goodra
|-resisted|p1a: Goodra
|-crit|p1a: Goodra
|-damage|p1a: Goodra|86/100
|-ability|p1a: Goodra|Gooey
|-unboost|p2a: Rillaboom|spe|1
|
|-heal|p2a: Rillaboom|82/100|[from] Grassy Terrain
|-heal|p1a: Goodra|92/100|[from] Grassy Terrain
|upkeep
|turn|14
|
|t:|1760821420
|move|p2a: Rillaboom|U-turn|p1a: Goodra
|-resisted|p1a: Goodra
|-damage|p1a: Goodra|80/100
|-ability|p1a: Goodra|Gooey
|-unboost|p2a: Rillaboom|spe|1
|
|t:|1760821444
|switch|p2a: Zapdos|Zapdos|41/100|[from] U-turn
|-damage|p2a: Zapdos|16/100|[from] Stealth Rock
|move|p1a: Goodra|Knock Off|p2a: Zapdos
|-damage|p2a: Zapdos|0 fnt
|-enditem|p2a: Zapdos|Assault Vest|[from] move: Knock Off|[of] p1a: Goodra
|faint|p2a: Zapdos
|
|-heal|p1a: Goodra|87/100|[from] Grassy Terrain
|upkeep
|
|t:|1760821457
|switch|p2a: Darkrai|Darkrai|100/100
|turn|15
|
|t:|1760821467
|move|p2a: Darkrai|Nasty Plot|p2a: Darkrai
|-boost|p2a: Darkrai|spa|2
|move|p1a: Goodra|Body Press|p2a: Darkrai
|-supereffective|p2a: Darkrai
|-damage|p2a: Darkrai|42/100
|
|-heal|p2a: Darkrai|48/100|[from] Grassy Terrain
|-heal|p1a: Goodra|93/100|[from] Grassy Terrain
|upkeep
|turn|16
|
|t:|1760821480
|move|p2a: Darkrai|Dark Pulse|p1a: Goodra
|-damage|p1a: Goodra|60/100
|cant|p1a: Goodra|flinch
|
|-heal|p2a: Darkrai|54/100|[from] Grassy Terrain
|-heal|p1a: Goodra|66/100|[from] Grassy Terrain
|upkeep
|turn|17
|
|t:|1760821501
|-terastallize|p2a: Darkrai|Fairy
|move|p2a: Darkrai|Dark Pulse|p1a: Goodra
|-damage|p1a: Goodra|33/100
|move|p1a: Goodra|Dragon Tail|p2a: Darkrai
|-immune|p2a: Darkrai
|
|-heal|p2a: Darkrai|60/100|[from] Grassy Terrain
|-heal|p1a: Goodra|39/100|[from] Grassy Terrain
|-fieldend|move: Grassy Terrain
|upkeep
|turn|18
|
|t:|1760821516
|move|p2a: Darkrai|Nasty Plot|p2a: Darkrai
|-boost|p2a: Darkrai|spa|2
|move|p1a: Goodra|Gyro Ball|p2a: Darkrai
|-supereffective|p2a: Darkrai
|-damage|p2a: Darkrai|0 fnt
|faint|p2a: Darkrai
|
|upkeep
|-message|BoraxBlaster forfeited.
|
|win|ForwardM8
|raw|ForwardM8's rating: 1164 &rarr; <strong>1191</strong><br />(+27 for winning)
|raw|BoraxBlaster's rating: 1193 &rarr; <strong>1166</strong><br />(-27 for losing)
|l|☆BoraxBlaster
|player|p2|
|l|☆ForwardM8
|player|p1|
