|j|☆FeeDWeeB
|j|☆Flothauvinho
|t:|1760736681
|gametype|singles
|player|p1|FeeDWeeB|2|1432
|player|p2|Flothauvinho|infielder|1327
|gen|9
|tier|[Gen 9] OU
|rated|
|rule|HP Percentage Mod: HP is shown in percentages
|rule|Endless Battle Clause: Forcing endless battles is banned
|rule|Species Clause: Limit one of each Pokémon
|rule|OHKO Clause: OHKO moves are banned
|rule|Evasion Items Clause: Evasion items are banned
|rule|Evasion Moves Clause: Evasion moves are banned
|rule|Evasion Abilities Clause: Evasion abilities are banned
|rule|Sleep Moves Clause: Sleep-inducing moves are banned
|clearpoke
|poke|p1|Dragapult, M|
|poke|p1|Landorus-Therian, M|
|poke|p1|Heatran, F|
|poke|p1|Raikou|
|poke|p1|Greninja-*, M|
|poke|p1|Zamazenta-*|
|poke|p2|Dragonite, M|
|poke|p2|Raging Bolt|
|poke|p2|Gliscor, M|
|poke|p2|Darkrai|
|poke|p2|Glimmora, F|
|poke|p2|Torterra, F|
|teampreview
|inactive|Battle timer is ON: inactive players will automatically lose when time's up. (requested by Flothauvinho)
|
|t:|1760736688
|teamsize|p1|6
|teamsize|p2|6
|start
|switch|p1a: Greninja|Greninja, M|100/100
|switch|p2a: Torterra|Torterra, F|100/100
|turn|1
|
|t:|1760736696
|move|p1a: Greninja|Ice Beam|p2a: Torterra
|-supereffective|p2a: Torterra
|-damage|p2a: Torterra|0 fnt
|faint|p2a: Torterra
|-ability|p1a: Greninja|Battle Bond|boost
|-boost|p1a: Greninja|atk|1
|-boost|p1a: Greninja|spa|1
|-boost|p1a: Greninja|spe|1
|-activate|p1a: Greninja|ability: Battle Bond
|-damage|p1a: Greninja|91/100|[from] item: Life Orb
|
|upkeep
|
|t:|1760736705
|switch|p2a: Raging Bolt|Raging Bolt|100/100
|-enditem|p2a: Raging Bolt|Booster Energy
|-activate|p2a: Raging Bolt|ability: Protosynthesis|[fromitem]
|-start|p2a: Raging Bolt|protosynthesisspa
|turn|2
|
|t:|1760736710
|move|p2a: Raging Bolt|Thunderclap|p1a: Greninja
|-supereffective|p1a: Greninja
|-damage|p1a: Greninja|0 fnt
|faint|p1a: Greninja
|
|upkeep
|
|t:|1760736721
|switch|p1a: Landorus|Landorus-Therian, M|100/100
|-ability|p1a: Landorus|Intimidate|boost
|-unboost|p2a: Raging Bolt|atk|1
|turn|3
|
|t:|1760736727
|-terastallize|p2a: Raging Bolt|Flying
|move|p1a: Landorus|Stealth Rock|p2a: Raging Bolt
|-sidestart|p2: Flothauvinho|move: Stealth Rock
|move|p2a: Raging Bolt|Calm Mind|p2a: Raging Bolt
|-boost|p2a: Raging Bolt|spa|1
|-boost|p2a: Raging Bolt|spd|1
|
|upkeep
|turn|4
|
|t:|1760736735
|switch|p1a: Raikou|Raikou|100/100
|move|p2a: Raging Bolt|Dragon Pulse|p1a: Raikou
|-damage|p1a: Raikou|0 fnt
|faint|p1a: Raikou
|
|upkeep
|
|t:|1760736741
|switch|p1a: Dragapult|Dragapult, M|100/100
|turn|5
|
|t:|1760736746
|move|p2a: Raging Bolt|Thunderclap|p1a: Dragapult
|-resisted|p1a: Dragapult
|-damage|p1a: Dragapult|44/100
|move|p1a: Dragapult|Thunderbolt|p2a: Raging Bolt
|-supereffective|p2a: Raging Bolt
|-damage|p2a: Raging Bolt|60/100
|
|upkeep
|turn|6
|
|t:|1760736753
|switch|p1a: Landorus|Landorus-Therian, M|100/100
|-ability|p1a: Landorus|Intimidate|boost
|-unboost|p2a: Raging Bolt|atk|1
|move|p2a: Raging Bolt|Dragon Pulse|p1a: Landorus
|-damage|p1a: Landorus|0 fnt
|faint|p1a: Landorus
|
|upkeep
|-message|FeeDWeeB forfeited.
|
|win|Flothauvinho
|raw|FeeDWeeB's rating: 1432 &rarr; <strong>1406</strong><br />(-26 for losing)
|raw|Flothauvinho's rating: 1327 &rarr; <strong>1353</strong><br />(+26 for winning)
|l|☆FeeDWeeB
|player|p1|
|l|☆Flothauvinho
|player|p2|
