|j|☆EliteJay Xl
|j|☆jrg123
|t:|1760791255
|gametype|singles
|player|p1|EliteJay Xl|265|1412
|player|p2|jrg123|265|1450
|gen|9
|tier|[Gen 9] OU
|rated|
|rule|HP Percentage Mod: HP is shown in percentages
|rule|Endless Battle Clause: Forcing endless battles is banned
|rule|Species Clause: Limit one of each Pokémon
|rule|OHKO Clause: OHKO moves are banned
|rule|Evasion Items Clause: Evasion items are banned
|rule|Evasion Moves Clause: Evasion moves are banned
|rule|Evasion Abilities Clause: Evasion abilities are banned
|rule|Sleep Moves Clause: Sleep-inducing moves are banned
|clearpoke
|poke|p1|Avalugg, M|
|poke|p1|Goodra-Hisui, M|
|poke|p1|Ursaluna, M|
|poke|p1|Ogerpon, F|
|poke|p1|Thundurus, M|
|poke|p1|Espeon, F|
|poke|p2|Lokix, F|
|poke|p2|Cinderace, M|
|poke|p2|Great Tusk|
|poke|p2|Alomomola, F|
|poke|p2|Enamorus, F|
|poke|p2|Slowking-Galar, M|
|teampreview
|inactive|Battle timer is ON: inactive players will automatically lose when time's up. (requested by EliteJay Xl)
|
|t:|1760791268
|teamsize|p1|6
|teamsize|p2|6
|start
|switch|p1a: Ursaluna|Ursaluna, M|100/100
|switch|p2a: Lokix|Lokix, F|100/100
|turn|1
|
|t:|1760791279
|move|p2a: Lokix|Knock Off|p1a: Ursaluna
|-damage|p1a: Ursaluna|51/100
|-enditem|p1a: Ursaluna|Assault Vest|[from] move: Knock Off|[of] p2a: Lokix
|move|p1a: Ursaluna|Facade|p2a: Lokix
|-crit|p2a: Lokix
|-damage|p2a: Lokix|16/100
|
|upkeep
|turn|2
|
|t:|1760791288
|switch|p2a: Great Tusk|Great Tusk|100/100
|move|p1a: Ursaluna|Ice Punch|p2a: Great Tusk
|-supereffective|p2a: Great Tusk
|-damage|p2a: Great Tusk|68/100
|-status|p2a: Great Tusk|frz
|
|-heal|p2a: Great Tusk|74/100 frz|[from] item: Leftovers
|upkeep
|turn|3
|
|t:|1760791294
|cant|p2a: Great Tusk|frz
|move|p1a: Ursaluna|Ice Punch|p2a: Great Tusk
|-supereffective|p2a: Great Tusk
|-damage|p2a: Great Tusk|39/100 frz
|
|-heal|p2a: Great Tusk|46/100 frz|[from] item: Leftovers
|upkeep
|turn|4
|
|t:|1760791301
|-end|p2a: Great Tusk|Protosynthesis|[silent]
|switch|p2a: Alomomola|Alomomola, F|100/100
|move|p1a: Ursaluna|Ice Punch|p2a: Alomomola
|-resisted|p2a: Alomomola
|-damage|p2a: Alomomola|89/100
|
|upkeep
|turn|5
|
|t:|1760791306
|move|p1a: Ursaluna|Facade|p2a: Alomomola
|-damage|p2a: Alomomola|58/100
|move|p2a: Alomomola|Flip Turn|p1a: Ursaluna
|-supereffective|p1a: Ursaluna
|-damage|p1a: Ursaluna|28/100
|
|t:|1760791317
|switch|p2a: Lokix|Lokix, F|16/100|[from] Flip Turn
|
|upkeep
|turn|6
|
|t:|1760791322
|move|p2a: Lokix|Leech Life|p1a: Ursaluna
|-damage|p1a: Ursaluna|0 fnt
|-heal|p2a: Lokix|38/100|[from] drain|[of] p1a: Ursaluna
|faint|p1a: Ursaluna
|
|upkeep
|
|t:|1760791326
|switch|p1a: Ogerpon|Ogerpon, F|100/100
|turn|7
|
|t:|1760791334
|switch|p2a: Great Tusk|Great Tusk|46/100 frz
|move|p1a: Ogerpon|U-turn|p2a: Great Tusk
|-resisted|p2a: Great Tusk
|-damage|p2a: Great Tusk|37/100 frz
|
|t:|1760791338
|switch|p1a: Espeon|Espeon, F|100/100|[from] U-turn
|
|-heal|p2a: Great Tusk|43/100 frz|[from] item: Leftovers
|upkeep
|turn|8
|
|t:|1760791345
|-end|p2a: Great Tusk|Protosynthesis|[silent]
|switch|p2a: Alomomola|Alomomola, F|92/100
|move|p1a: Espeon|Alluring Voice|p2a: Alomomola
|-damage|p2a: Alomomola|77/100
|
|upkeep
|turn|9
|
|t:|1760791349
|switch|p1a: Thundurus|Thundurus, M|100/100
|move|p2a: Alomomola|Flip Turn|p1a: Thundurus
|-damage|p1a: Thundurus|74/100
|
|t:|1760791353
|switch|p2a: Lokix|Lokix, F|38/100|[from] Flip Turn
|
|upkeep
|turn|10
|
|t:|1760791365
|switch|p1a: Avalugg|Avalugg, M|100/100
|move|p2a: Lokix|First Impression|p1a: Avalugg
|-damage|p1a: Avalugg|75/100
|
|upkeep
|turn|11
|
|t:|1760791378
|switch|p2a: Slowking|Slowking-Galar, M|100/100
|move|p1a: Avalugg|Recover|p1a: Avalugg
|-heal|p1a: Avalugg|100/100
|
|upkeep
|turn|12
|
|t:|1760791383
|switch|p1a: Ogerpon|Ogerpon, F|100/100
|move|p2a: Slowking|Future Sight|p1a: Ogerpon
|-start|p2a: Slowking|move: Future Sight
|
|upkeep
|turn|13
|
|t:|1760791393
|move|p1a: Ogerpon|U-turn|p2a: Slowking
|-damage|p2a: Slowking|76/100
|
|t:|1760791395
|switch|p1a: Goodra|Goodra-Hisui, M|100/100|[from] U-turn
|move|p2a: Slowking|Sludge Bomb|p1a: Goodra
|-immune|p1a: Goodra
|
|upkeep
|turn|14
|
|t:|1760791401
|move|p1a: Goodra|Dragon Pulse|p2a: Slowking
|-damage|p2a: Slowking|43/100
|-prepare|p2a: Slowking|Chilly Reception|[premajor]
|move|p2a: Slowking|Chilly Reception|p2a: Slowking
|-weather|Snowscape
|
|t:|1760791407
|switch|p2a: Lokix|Lokix, F|38/100|[from] Chilly Reception
|
|-weather|Snowscape|[upkeep]
|-end|p1a: Goodra|move: Future Sight
|-resisted|p1a: Goodra
|-damage|p1a: Goodra|91/100
|upkeep
|turn|15
|
|t:|1760791412
|move|p2a: Lokix|U-turn|p1a: Goodra
|-resisted|p1a: Goodra
|-damage|p1a: Goodra|40/100
|
|t:|1760791418
|switch|p2a: Alomomola|Alomomola, F|100/100|[from] U-turn
|move|p1a: Goodra|Flamethrower|p2a: Alomomola
|-resisted|p2a: Alomomola
|-damage|p2a: Alomomola|92/100
|
|-weather|Snowscape|[upkeep]
|upkeep
|turn|16
|
|t:|1760791424
|switch|p1a: Espeon|Espeon, F|100/100
|move|p2a: Alomomola|Mirror Coat||[still]
|-fail|p2a: Alomomola
|
|-weather|Snowscape|[upkeep]
|upkeep
|turn|17
|
|t:|1760791428
|move|p1a: Espeon|Trick|p2a: Alomomola
|-activate|p1a: Espeon|move: Trick|[of] p2a: Alomomola
|-item|p2a: Alomomola|Choice Scarf|[from] move: Trick
|-item|p1a: Espeon|Assault Vest|[from] move: Trick
|move|p2a: Alomomola|Flip Turn|p1a: Espeon
|-damage|p1a: Espeon|66/100
|
|t:|1760791435
|switch|p2a: Lokix|Lokix, F|38/100|[from] Flip Turn
|
|-weather|Snowscape|[upkeep]
|upkeep
|turn|18
|
|t:|1760791440
|switch|p1a: Avalugg|Avalugg, M|100/100
|move|p2a: Lokix|First Impression|p1a: Avalugg
|-damage|p1a: Avalugg|82/100
|
|-weather|none
|upkeep
|turn|19
|
|t:|1760791451
|switch|p2a: Alomomola|Alomomola, F|100/100
|move|p1a: Avalugg|Avalanche|p2a: Alomomola
|-resisted|p2a: Alomomola
|-damage|p2a: Alomomola|92/100
|
|upkeep
|turn|20
|
|t:|1760791457
|move|p2a: Alomomola|Flip Turn|p1a: Avalugg
|-damage|p1a: Avalugg|75/100
|
|t:|1760791460
|switch|p2a: Slowking|Slowking-Galar, M|76/100|[from] Flip Turn
|move|p1a: Avalugg|Recover|p1a: Avalugg
|-heal|p1a: Avalugg|100/100
|
|upkeep
|turn|21
|
|t:|1760791464
|switch|p1a: Ogerpon|Ogerpon, F|100/100
|move|p2a: Slowking|Future Sight|p1a: Ogerpon
|-start|p2a: Slowking|move: Future Sight
|
|upkeep
|turn|22
|
|t:|1760791473
|switch|p2a: Cinderace|Cinderace, M|100/100
|move|p1a: Ogerpon|Knock Off|p2a: Cinderace
|-damage|p2a: Cinderace|40/100
|-enditem|p2a: Cinderace|Heavy-Duty Boots|[from] move: Knock Off|[of] p1a: Ogerpon
|
|upkeep
|turn|23
|
|t:|1760791483
|-terastallize|p1a: Ogerpon|Grass
|detailschange|p1a: Ogerpon|Ogerpon-Teal-Tera, F, tera:Grass
|-ability|p1a: Ogerpon|Embody Aspect (Teal)|boost
|-boost|p1a: Ogerpon|spe|1
|move|p1a: Ogerpon|Knock Off|p2a: Cinderace
|-damage|p2a: Cinderace|4/100
|move|p2a: Cinderace|Will-O-Wisp|p1a: Ogerpon
|-status|p1a: Ogerpon|brn
|
|-end|p1a: Ogerpon|move: Future Sight
|-damage|p1a: Ogerpon|45/100 brn
|-damage|p1a: Ogerpon|39/100 brn|[from] brn
|upkeep
|turn|24
|
|t:|1760791494
|switch|p2a: Great Tusk|Great Tusk|43/100 frz
|move|p1a: Ogerpon|Knock Off|p2a: Great Tusk
|-resisted|p2a: Great Tusk
|-damage|p2a: Great Tusk|37/100 frz
|-enditem|p2a: Great Tusk|Leftovers|[from] move: Knock Off|[of] p1a: Ogerpon
|
|-damage|p1a: Ogerpon|33/100 brn|[from] brn
|upkeep
|turn|25
|
|t:|1760791502
|switch|p1a: Espeon|Espeon, F|66/100
|cant|p2a: Great Tusk|frz
|
|upkeep
|turn|26
|
|t:|1760791507
|move|p1a: Espeon|Psychic|p2a: Great Tusk
|-supereffective|p2a: Great Tusk
|-damage|p2a: Great Tusk|0 fnt
|faint|p2a: Great Tusk
|-end|p2a: Great Tusk|Protosynthesis|[silent]
|
|upkeep
|
|t:|1760791515
|switch|p2a: Cinderace|Cinderace, M|4/100
|turn|27
|
|t:|1760791521
|move|p2a: Cinderace|U-turn|p1a: Espeon
|-supereffective|p1a: Espeon
|-damage|p1a: Espeon|0 fnt
|faint|p1a: Espeon
|
|t:|1760791525
|switch|p2a: Lokix|Lokix, F|38/100|[from] U-turn
|
|upkeep
|
|t:|1760791548
|switch|p1a: Avalugg|Avalugg, M|100/100
|turn|28
|
|t:|1760791556
|move|p2a: Lokix|U-turn|p1a: Avalugg
|-damage|p1a: Avalugg|79/100
|
|t:|1760791562
|switch|p2a: Slowking|Slowking-Galar, M|100/100|[from] U-turn
|move|p1a: Avalugg|Avalanche|p2a: Slowking
|-damage|p2a: Slowking|84/100
|
|upkeep
|turn|29
|-message|EliteJay Xl forfeited.
|
|win|jrg123
|raw|EliteJay Xl's rating: 1412 &rarr; <strong>1394</strong><br />(-18 for losing)
|raw|jrg123's rating: 1450 &rarr; <strong>1468</strong><br />(+18 for winning)
|l|☆EliteJay Xl
|player|p1|
|l|☆jrg123
|player|p2|
