|j|☆oinkolog
|j|‽Scrafty.YN
|t:|1760854225
|gametype|singles
|player|p1|oinkolog|bertha|1300
|player|p2|Scrafty.YN|hoopster|1211
|gen|9
|tier|[Gen 9] OU
|rated|
|rule|HP Percentage Mod: HP is shown in percentages
|rule|Endless Battle Clause: Forcing endless battles is banned
|rule|Species Clause: Limit one of each Pokémon
|rule|OHKO Clause: OHKO moves are banned
|rule|Evasion Items Clause: Evasion items are banned
|rule|Evasion Moves Clause: Evasion moves are banned
|rule|Evasion Abilities Clause: Evasion abilities are banned
|rule|Sleep Moves Clause: Sleep-inducing moves are banned
|clearpoke
|poke|p1|Pecharunt|
|poke|p1|Raging Bolt|
|poke|p1|Corviknight, M|
|poke|p1|Darkrai|
|poke|p1|Primarina, F|
|poke|p1|Iron Treads|
|poke|p2|Pelipper, F|
|poke|p2|Overqwil, M|
|poke|p2|Clefable, M|
|poke|p2|Barraskewda, M|
|poke|p2|Thundurus-Therian, M|
|poke|p2|Great Tusk|
|teampreview
|
|t:|1760854233
|teamsize|p1|6
|teamsize|p2|6
|start
|switch|p1a: Primarina|Primarina, F|100/100
|switch|p2a: Clefable|Clefable, M|100/100
|turn|1
|
|t:|1760854238
|move|p1a: Primarina|Surf|p2a: Clefable
|-damage|p2a: Clefable|56/100
|move|p2a: Clefable|Trick|p1a: Primarina
|-activate|p2a: Clefable|move: Trick|[of] p1a: Primarina
|-item|p1a: Primarina|Sticky Barb|[from] move: Trick
|-item|p2a: Clefable|Assault Vest|[from] move: Trick
|
|-damage|p1a: Primarina|88/100|[from] item: Sticky Barb
|upkeep
|turn|2
|
|t:|1760854249
|switch|p2a: Thundurus|Thundurus-Therian, M|100/100
|move|p1a: Primarina|Surf|p2a: Thundurus
|-damage|p2a: Thundurus|74/100
|
|-damage|p1a: Primarina|76/100|[from] item: Sticky Barb
|upkeep
|turn|3
|j| jj222222
|
|t:|1760854261
|switch|p1a: Iron Treads|Iron Treads|100/100
|-enditem|p1a: Iron Treads|Booster Energy
|-activate|p1a: Iron Treads|ability: Quark Drive|[fromitem]
|-start|p1a: Iron Treads|quarkdrivespe
|move|p2a: Thundurus|Volt Switch|p1a: Iron Treads
|-immune|p1a: Iron Treads
|
|upkeep
|turn|4
|
|t:|1760854276
|switch|p2a: Pelipper|Pelipper, F|100/100
|-weather|RainDance|[from] ability: Drizzle|[of] p2a: Pelipper
|move|p1a: Iron Treads|Steel Beam|p2a: Pelipper
|-resisted|p2a: Pelipper
|-crit|p2a: Pelipper
|-damage|p2a: Pelipper|45/100
|-damage|p1a: Iron Treads|50/100|[from] steelbeam
|
|-weather|RainDance|[upkeep]
|upkeep
|turn|5
|
|t:|1760854284
|switch|p2a: Great Tusk|Great Tusk|100/100
|move|p1a: Iron Treads|Volt Switch|p2a: Great Tusk
|-immune|p2a: Great Tusk
|
|-weather|RainDance|[upkeep]
|upkeep
|turn|6
|inactive|Battle timer is ON: inactive players will automatically lose when time's up. (requested by Scrafty.YN)
|
|t:|1760854328
|-end|p1a: Iron Treads|Quark Drive|[silent]
|switch|p1a: Corviknight|Corviknight, M|100/100
|-ability|p1a: Corviknight|Pressure
|move|p2a: Great Tusk|Bulk Up|p2a: Great Tusk
|-boost|p2a: Great Tusk|atk|1
|-boost|p2a: Great Tusk|def|1
|
|-weather|RainDance|[upkeep]
|upkeep
|turn|7
|
|t:|1760854344
|move|p2a: Great Tusk|Earthquake|p1a: Corviknight
|-immune|p1a: Corviknight
|move|p1a: Corviknight|Iron Defense|p1a: Corviknight
|-boost|p1a: Corviknight|def|2
|
|-weather|RainDance|[upkeep]
|upkeep
|turn|8
|
|t:|1760854359
|-end|p2a: Great Tusk|Protosynthesis|[silent]
|switch|p2a: Thundurus|Thundurus-Therian, M|74/100
|move|p1a: Corviknight|Body Press|p2a: Thundurus
|-resisted|p2a: Thundurus
|-damage|p2a: Thundurus|50/100
|
|-weather|RainDance|[upkeep]
|upkeep
|turn|9
|
|t:|1760854370
|move|p2a: Thundurus|Thunder|p1a: Corviknight
|-supereffective|p1a: Corviknight
|-damage|p1a: Corviknight|30/100
|move|p1a: Corviknight|Body Press|p2a: Thundurus
|-resisted|p2a: Thundurus
|-damage|p2a: Thundurus|25/100
|
|-weather|RainDance|[upkeep]
|upkeep
|turn|10
|
|t:|1760854381
|move|p2a: Thundurus|Weather Ball|p1a: Corviknight
|-damage|p1a: Corviknight|0 fnt
|faint|p1a: Corviknight
|
|-weather|RainDance|[upkeep]
|upkeep
|inactive|oinkolog has 120 seconds left.
|
|t:|1760854408
|switch|p1a: Darkrai|Darkrai|100/100
|turn|11
|
|t:|1760854418
|move|p1a: Darkrai|Ice Beam|p2a: Thundurus
|-supereffective|p2a: Thundurus
|-damage|p2a: Thundurus|0 fnt
|faint|p2a: Thundurus
|-damage|p1a: Darkrai|91/100|[from] item: Life Orb
|
|-weather|none
|upkeep
|
|t:|1760854420
|switch|p2a: Pelipper|Pelipper, F|45/100
|-weather|RainDance|[from] ability: Drizzle|[of] p2a: Pelipper
|turn|12
|
|t:|1760854429
|switch|p2a: Clefable|Clefable, M|56/100
|move|p1a: Darkrai|Dark Pulse|p2a: Clefable
|-resisted|p2a: Clefable
|-damage|p2a: Clefable|38/100
|-damage|p1a: Darkrai|81/100|[from] item: Life Orb
|
|-weather|RainDance|[upkeep]
|upkeep
|turn|13
|
|t:|1760854433
|move|p1a: Darkrai|Sludge Bomb|p2a: Clefable
|-supereffective|p2a: Clefable
|-damage|p2a: Clefable|0 fnt
|faint|p2a: Clefable
|-damage|p1a: Darkrai|71/100|[from] item: Life Orb
|
|-weather|RainDance|[upkeep]
|upkeep
|l| jj222222
|
|t:|1760854442
|switch|p2a: Barraskewda|Barraskewda, M|100/100
|turn|14
|j| jj222222
|inactive|oinkolog has 120 seconds left.
|
|t:|1760854474
|switch|p1a: Pecharunt|Pecharunt|100/100
|-terastallize|p2a: Barraskewda|Water
|move|p2a: Barraskewda|Waterfall|p1a: Pecharunt
|-damage|p1a: Pecharunt|38/100
|
|-weather|RainDance|[upkeep]
|upkeep
|turn|15
|
|t:|1760854482
|move|p2a: Barraskewda|Waterfall|p1a: Pecharunt
|-damage|p1a: Pecharunt|0 fnt
|faint|p1a: Pecharunt
|
|-weather|RainDance|[upkeep]
|upkeep
|
|t:|1760854491
|switch|p1a: Raging Bolt|Raging Bolt|100/100
|-enditem|p1a: Raging Bolt|Booster Energy
|-activate|p1a: Raging Bolt|ability: Protosynthesis|[fromitem]
|-start|p1a: Raging Bolt|protosynthesisspa
|turn|16
|
|t:|1760854501
|switch|p2a: Great Tusk|Great Tusk|100/100
|move|p1a: Raging Bolt|Draco Meteor|p2a: Great Tusk
|-crit|p2a: Great Tusk
|-damage|p2a: Great Tusk|0 fnt
|-unboost|p1a: Raging Bolt|spa|2
|faint|p2a: Great Tusk
|-end|p2a: Great Tusk|Protosynthesis|[silent]
|
|-weather|RainDance|[upkeep]
|upkeep
|
|t:|1760854506
|switch|p2a: Overqwil|Overqwil, M|100/100
|turn|17
|
|t:|1760854516
|move|p2a: Overqwil|Toxic|p1a: Raging Bolt
|-status|p1a: Raging Bolt|tox
|move|p1a: Raging Bolt|Draco Meteor|p2a: Overqwil
|-damage|p2a: Overqwil|36/100
|-unboost|p1a: Raging Bolt|spa|2
|
|-weather|RainDance|[upkeep]
|-damage|p1a: Raging Bolt|94/100 tox|[from] psn
|upkeep
|turn|18
|
|t:|1760854520
|move|p2a: Overqwil|Barb Barrage|p1a: Raging Bolt
|-damage|p1a: Raging Bolt|45/100 tox
|move|p1a: Raging Bolt|Calm Mind|p1a: Raging Bolt
|-boost|p1a: Raging Bolt|spa|1
|-boost|p1a: Raging Bolt|spd|1
|
|-weather|RainDance|[upkeep]
|-damage|p1a: Raging Bolt|33/100 tox|[from] psn
|upkeep
|turn|19
|
|t:|1760854526
|move|p1a: Raging Bolt|Thunderclap|p2a: Overqwil
|-damage|p2a: Overqwil|8/100
|move|p2a: Overqwil|Barb Barrage|p1a: Raging Bolt
|-damage|p1a: Raging Bolt|0 fnt
|faint|p1a: Raging Bolt
|-end|p1a: Raging Bolt|Protosynthesis|[silent]
|
|-weather|none
|upkeep
|
|t:|1760854533
|switch|p1a: Iron Treads|Iron Treads|50/100
|turn|20
|
|t:|1760854538
|switch|p2a: Pelipper|Pelipper, F|45/100
|-weather|RainDance|[from] ability: Drizzle|[of] p2a: Pelipper
|move|p1a: Iron Treads|Rapid Spin|p2a: Pelipper
|-damage|p2a: Pelipper|33/100
|-boost|p1a: Iron Treads|spe|1
|
|-weather|RainDance|[upkeep]
|upkeep
|turn|21
|
|t:|1760854555
|switch|p2a: Overqwil|Overqwil, M|8/100
|move|p1a: Iron Treads|Volt Switch|p2a: Overqwil
|-damage|p2a: Overqwil|0 fnt
|faint|p2a: Overqwil
|
|t:|1760854558
|-end|p1a: Iron Treads|Quark Drive|[silent]
|switch|p1a: Primarina|Primarina, F|76/100|[from] Volt Switch
|
|-weather|RainDance|[upkeep]
|-damage|p1a: Primarina|63/100|[from] item: Sticky Barb
|upkeep
|
|t:|1760854562
|switch|p2a: Barraskewda|Barraskewda, M, tera:Water|100/100
|turn|22
|
|t:|1760854575
|move|p2a: Barraskewda|Waterfall|p1a: Primarina
|-resisted|p1a: Primarina
|-damage|p1a: Primarina|0 fnt
|faint|p1a: Primarina
|
|-weather|RainDance|[upkeep]
|upkeep
|
|t:|1760854579
|switch|p1a: Darkrai|Darkrai|71/100
|turn|23
|
|t:|1760854584
|-terastallize|p1a: Darkrai|Dark
|move|p2a: Barraskewda|Waterfall|p1a: Darkrai
|-crit|p1a: Darkrai
|-damage|p1a: Darkrai|0 fnt
|faint|p1a: Darkrai
|
|-weather|RainDance|[upkeep]
|upkeep
|-message|oinkolog forfeited.
|
|win|Scrafty.YN
|raw|oinkolog's rating: 1300 &rarr; <strong>1269</strong><br />(-31 for losing)
|raw|Scrafty.YN's rating: 1211 &rarr; <strong>1242</strong><br />(+31 for winning)
|l|☆oinkolog
|player|p1|
|l|‽Scrafty.YN
|player|p2|
|l| jj222222
