|j|☆ihave_0idea
|j|☆blazingshadow46
|t:|1760846435
|gametype|singles
|player|p1|ihave_0idea|veteran|1387
|player|p2|blazingshadow46|ghetsis|1386
|gen|9
|tier|[Gen 9] OU
|rated|
|rule|HP Percentage Mod: HP is shown in percentages
|rule|Endless Battle Clause: Forcing endless battles is banned
|rule|Species Clause: Limit one of each Pokémon
|rule|OHKO Clause: OHKO moves are banned
|rule|Evasion Items Clause: Evasion items are banned
|rule|Evasion Moves Clause: Evasion moves are banned
|rule|Evasion Abilities Clause: Evasion abilities are banned
|rule|Sleep Moves Clause: Sleep-inducing moves are banned
|clearpoke
|poke|p1|Dragapult, F|
|poke|p1|Gholdengo|
|poke|p1|Samurott-Hisui, M|
|poke|p1|Landorus-Therian, M|
|poke|p1|Ogerpon-Wellspring, F|
|poke|p1|Scizor, F|
|poke|p2|Corviknight, M|
|poke|p2|Scizor, F|
|poke|p2|Tornadus-Therian, M|
|poke|p2|Great Tusk|
|poke|p2|Slowking-Galar, F|
|poke|p2|Salamence, M|
|teampreview
|inactive|Battle timer is ON: inactive players will automatically lose when time's up. (requested by blazingshadow46)
|inactive|ihave_0idea also wants the timer to be on.
|
|t:|1760846446
|teamsize|p1|6
|teamsize|p2|6
|start
|switch|p1a: Samurott|Samurott-Hisui, M|100/100
|switch|p2a: Great Tusk|Great Tusk|100/100
|turn|1
|
|t:|1760846456
|-terastallize|p1a: Samurott|Ghost
|move|p1a: Samurott|Ceaseless Edge|p2a: Great Tusk
|-resisted|p2a: Great Tusk
|-crit|p2a: Great Tusk
|-damage|p2a: Great Tusk|80/100
|-sidestart|p2: blazingshadow46|Spikes
|move|p2a: Great Tusk|Close Combat|p1a: Samurott
|-immune|p1a: Samurott
|
|-heal|p2a: Great Tusk|86/100|[from] item: Leftovers
|upkeep
|turn|2
|
|t:|1760846461
|-end|p2a: Great Tusk|Protosynthesis|[silent]
|switch|p2a: Corviknight|Corviknight, M|100/100
|move|p1a: Samurott|Ceaseless Edge|p2a: Corviknight
|-damage|p2a: Corviknight|67/100
|-damage|p1a: Samurott|84/100|[from] item: Rocky Helmet|[of] p2a: Corviknight
|-sidestart|p2: blazingshadow46|Spikes
|
|upkeep
|turn|3
|
|t:|1760846471
|switch|p1a: Gholdengo|Gholdengo|100/100
|-item|p1a: Gholdengo|Air Balloon
|move|p2a: Corviknight|Brave Bird|p1a: Gholdengo
|-resisted|p1a: Gholdengo
|-damage|p1a: Gholdengo|79/100
|-enditem|p1a: Gholdengo|Air Balloon
|-damage|p2a: Corviknight|61/100|[from] Recoil
|
|upkeep
|turn|4
|
|t:|1760846482
|move|p1a: Gholdengo|Nasty Plot|p1a: Gholdengo
|-boost|p1a: Gholdengo|spa|2
|move|p2a: Corviknight|U-turn|p1a: Gholdengo
|-resisted|p1a: Gholdengo
|-damage|p1a: Gholdengo|75/100
|
|t:|1760846484
|switch|p2a: Salamence|Salamence, M|100/100|[from] U-turn
|
|upkeep
|turn|5
|
|t:|1760846511
|move|p2a: Salamence|Earthquake|p1a: Gholdengo
|-supereffective|p1a: Gholdengo
|-damage|p1a: Gholdengo|0 fnt
|faint|p1a: Gholdengo
|-ability|p2a: Salamence|Moxie|boost
|-boost|p2a: Salamence|atk|1
|
|upkeep
|inactive|ihave_0idea has 120 seconds left.
|
|t:|1760846538
|switch|p1a: Samurott|Samurott-Hisui, M, tera:Ghost|84/100
|turn|6
|inactive|blazingshadow46 has 120 seconds left.
|
|t:|1760846575
|-terastallize|p2a: Salamence|Ground
|move|p2a: Salamence|Earthquake|p1a: Samurott
|-damage|p1a: Samurott|0 fnt
|faint|p1a: Samurott
|-ability|p2a: Salamence|Moxie|boost
|-boost|p2a: Salamence|atk|1
|
|upkeep
|inactive|ihave_0idea has 120 seconds left.
|
|t:|1760846613
|switch|p1a: Ogerpon|Ogerpon-Wellspring, F|100/100
|turn|7
|
|t:|1760846618
|move|p2a: Salamence|Earthquake|p1a: Ogerpon
|-resisted|p1a: Ogerpon
|-damage|p1a: Ogerpon|27/100
|move|p1a: Ogerpon|Ivy Cudgel|p2a: Salamence|[anim] Ivy Cudgel Water
|-supereffective|p2a: Salamence
|-damage|p2a: Salamence|0 fnt
|faint|p2a: Salamence
|
|upkeep
|inactive|blazingshadow46 has 120 seconds left.
|
|t:|1760846625
|switch|p2a: Corviknight|Corviknight, M|61/100
|turn|8
|
|t:|1760846645
|move|p1a: Ogerpon|Ivy Cudgel|p2a: Corviknight|[anim] Ivy Cudgel Water
|-damage|p2a: Corviknight|22/100
|move|p2a: Corviknight|U-turn|p1a: Ogerpon
|-supereffective|p1a: Ogerpon
|-damage|p1a: Ogerpon|0 fnt
|faint|p1a: Ogerpon
|inactive|blazingshadow46 has 120 seconds left.
|
|t:|1760846657
|switch|p2a: Tornadus|Tornadus-Therian, M|100/100|[from] U-turn
|
|upkeep
|
|t:|1760846675
|switch|p1a: Dragapult|Dragapult, F|100/100
|turn|9
|
|t:|1760846682
|move|p1a: Dragapult|Draco Meteor|p2a: Tornadus
|-damage|p2a: Tornadus|0 fnt
|-unboost|p1a: Dragapult|spa|2
|faint|p2a: Tornadus
|
|upkeep
|
|t:|1760846690
|switch|p2a: Scizor|Scizor, F|100/100
|-damage|p2a: Scizor|84/100|[from] Spikes
|turn|10
|
|t:|1760846694
|switch|p1a: Landorus|Landorus-Therian, M, shiny|100/100
|-ability|p1a: Landorus|Intimidate|boost
|-unboost|p2a: Scizor|atk|1
|move|p2a: Scizor|Swords Dance|p2a: Scizor
|-boost|p2a: Scizor|atk|2
|
|-heal|p2a: Scizor|90/100|[from] item: Leftovers
|upkeep
|turn|11
|
|t:|1760846700
|move|p1a: Landorus|Earthquake|p2a: Scizor
|-damage|p2a: Scizor|17/100
|move|p2a: Scizor|Swords Dance|p2a: Scizor
|-boost|p2a: Scizor|atk|2
|
|-heal|p2a: Scizor|23/100|[from] item: Leftovers
|upkeep
|turn|12
|
|t:|1760846710
|switch|p1a: Scizor|Scizor, F|100/100
|move|p2a: Scizor|Bullet Punch|p1a: Scizor
|-resisted|p1a: Scizor
|-damage|p1a: Scizor|53/100
|
|-heal|p2a: Scizor|29/100|[from] item: Leftovers
|upkeep
|turn|13
|
|t:|1760846719
|switch|p2a: Corviknight|Corviknight, M|22/100
|move|p1a: Scizor|Bullet Punch|p2a: Corviknight
|-resisted|p2a: Corviknight
|-damage|p2a: Corviknight|4/100
|-damage|p1a: Scizor|36/100|[from] item: Rocky Helmet|[of] p2a: Corviknight
|
|upkeep
|turn|14
|
|t:|1760846722
|move|p1a: Scizor|Bullet Punch|p2a: Corviknight
|-resisted|p2a: Corviknight
|-damage|p2a: Corviknight|0 fnt
|-damage|p1a: Scizor|19/100|[from] item: Rocky Helmet|[of] p2a: Corviknight
|faint|p2a: Corviknight
|
|upkeep
|
|t:|1760846726
|switch|p2a: Great Tusk|Great Tusk|86/100
|-damage|p2a: Great Tusk|69/100|[from] Spikes
|turn|15
|
|t:|1760846729
|switch|p1a: Dragapult|Dragapult, F|100/100
|move|p2a: Great Tusk|Ice Spinner|p1a: Dragapult
|-supereffective|p1a: Dragapult
|-damage|p1a: Dragapult|29/100
|
|-heal|p2a: Great Tusk|76/100|[from] item: Leftovers
|upkeep
|turn|16
|
|t:|1760846738
|-end|p2a: Great Tusk|Protosynthesis|[silent]
|switch|p2a: Slowking|Slowking-Galar, F|100/100
|-damage|p2a: Slowking|84/100|[from] Spikes
|move|p1a: Dragapult|Shadow Ball|p2a: Slowking
|-supereffective|p2a: Slowking
|-damage|p2a: Slowking|44/100
|
|upkeep
|turn|17
|
|t:|1760846741
|move|p1a: Dragapult|Shadow Ball|p2a: Slowking
|-supereffective|p2a: Slowking
|-damage|p2a: Slowking|4/100
|-unboost|p2a: Slowking|spd|1
|move|p2a: Slowking|Future Sight|p1a: Dragapult
|-start|p2a: Slowking|move: Future Sight
|
|upkeep
|turn|18
|
|t:|1760846744
|move|p1a: Dragapult|Shadow Ball|p2a: Slowking
|-supereffective|p2a: Slowking
|-damage|p2a: Slowking|0 fnt
|faint|p2a: Slowking
|
|upkeep
|
|t:|1760846746
|switch|p2a: Scizor|Scizor, F|29/100
|-damage|p2a: Scizor|13/100|[from] Spikes
|turn|19
|
|t:|1760846752
|switch|p1a: Landorus|Landorus-Therian, M, shiny|100/100
|-ability|p1a: Landorus|Intimidate|boost
|-unboost|p2a: Scizor|atk|1
|move|p2a: Scizor|Bullet Punch|p1a: Landorus
|-damage|p1a: Landorus|73/100
|
|-end|p1a: Landorus|move: Future Sight
|-damage|p1a: Landorus|10/100
|-heal|p2a: Scizor|19/100|[from] item: Leftovers
|upkeep
|turn|20
|
|t:|1760846763
|move|p2a: Scizor|Bullet Punch|p1a: Landorus
|-damage|p1a: Landorus|0 fnt
|faint|p1a: Landorus
|
|-heal|p2a: Scizor|25/100|[from] item: Leftovers
|upkeep
|
|t:|1760846764
|switch|p1a: Scizor|Scizor, F|19/100
|turn|21
|
|t:|1760846769
|move|p2a: Scizor|Bullet Punch|p1a: Scizor
|-resisted|p1a: Scizor
|-damage|p1a: Scizor|9/100
|move|p1a: Scizor|Bullet Punch|p2a: Scizor
|-resisted|p2a: Scizor
|-damage|p2a: Scizor|0 fnt
|faint|p2a: Scizor
|
|upkeep
|
|t:|1760846774
|switch|p2a: Great Tusk|Great Tusk|76/100
|-damage|p2a: Great Tusk|59/100|[from] Spikes
|turn|22
|
|t:|1760846785
|move|p1a: Scizor|Bullet Punch|p2a: Great Tusk
|-damage|p2a: Great Tusk|31/100
|move|p2a: Great Tusk|Ice Spinner|p1a: Scizor
|-resisted|p1a: Scizor
|-damage|p1a: Scizor|0 fnt
|faint|p1a: Scizor
|
|-heal|p2a: Great Tusk|37/100|[from] item: Leftovers
|upkeep
|
|t:|1760846790
|switch|p1a: Dragapult|Dragapult, F|29/100
|turn|23
|
|t:|1760846793
|move|p1a: Dragapult|Shadow Ball|p2a: Great Tusk
|-damage|p2a: Great Tusk|0 fnt
|faint|p2a: Great Tusk
|-end|p2a: Great Tusk|Protosynthesis|[silent]
|
|win|ihave_0idea
|raw|ihave_0idea's rating: 1387 &rarr; <strong>1407</strong><br />(+20 for winning)
|raw|blazingshadow46's rating: 1386 &rarr; <strong>1366</strong><br />(-20 for losing)
|c|☆ihave_0idea|ggwp
|l|☆blazingshadow46
|player|p2|
|l|☆ihave_0idea
|player|p1|
