|badge|p1|bronze|gen9ou|100-7
|uhtml|medal-msg|<div class="broadcast-blue">Curious what those medals under the avatar are? PS now has Ladder Seasons! For more information, check out the <a href="https://www.smogon.com/forums/threads/3740067/">thread on Smogon.</a></div>
|badge|p2|bronze|gen9ou|100-7
|uhtml|medal-msg|<div class="broadcast-blue">Curious what those medals under the avatar are? PS now has Ladder Seasons! For more information, check out the <a href="https://www.smogon.com/forums/threads/3740067/">thread on Smogon.</a></div>
|j|☆eros maniac
|j|☆SpongeGar & Patar
|t:|1760771910
|gametype|singles
|player|p1|eros maniac|hilbert-wonderlauncher|1860
|player|p2|SpongeGar & Patar|101|1894
|gen|9
|tier|[Gen 9] OU
|rated|
|rule|HP Percentage Mod: HP is shown in percentages
|rule|Endless Battle Clause: Forcing endless battles is banned
|rule|Species Clause: Limit one of each Pokémon
|rule|OHKO Clause: OHKO moves are banned
|rule|Evasion Items Clause: Evasion items are banned
|rule|Evasion Moves Clause: Evasion moves are banned
|rule|Evasion Abilities Clause: Evasion abilities are banned
|rule|Sleep Moves Clause: Sleep-inducing moves are banned
|clearpoke
|poke|p1|Frosmoth, F|
|poke|p1|Maushold-Four|
|poke|p1|Krookodile, M|
|poke|p1|Sinistcha|
|poke|p1|Alomomola, F|
|poke|p1|Weezing-Galar, F|
|poke|p2|Kyurem|
|poke|p2|Corviknight, M|
|poke|p2|Ting-Lu|
|poke|p2|Dondozo, F|
|poke|p2|Slowking-Galar, L99, M|
|poke|p2|Cinderace, F|
|teampreview
|inactive|Battle timer is ON: inactive players will automatically lose when time's up. (requested by eros maniac)
|j| DarquaBunny
|l| DarquaBunny
|j| iamfrhaan007
|inactive|SpongeGar & Patar has 120 seconds left.
|l| iamfrhaan007
|
|t:|1760771959
|teamsize|p1|6
|teamsize|p2|6
|start
|switch|p1a: Krookodile|Krookodile, M|100/100
|switch|p2a: Cinderace|Cinderace, F|100/100
|-ability|p1a: Krookodile|Intimidate|boost
|-unboost|p2a: Cinderace|atk|1
|turn|1
|inactive|SpongeGar & Patar also wants the timer to be on.
|j| OUHF Foenem
|inactive|SpongeGar & Patar has 120 seconds left.
|
|t:|1760772007
|move|p2a: Cinderace|U-turn|p1a: Krookodile
|-supereffective|p1a: Krookodile
|-damage|p1a: Krookodile|76/100
|inactive|SpongeGar & Patar has 90 seconds left.
|
|t:|1760772057
|switch|p2a: Corviknight|Corviknight, M|100/100|[from] U-turn
|-ability|p2a: Corviknight|Pressure
|move|p1a: Krookodile|Knock Off|p2a: Corviknight
|-damage|p2a: Corviknight|57/100
|-damage|p1a: Krookodile|60/100|[from] item: Rocky Helmet|[of] p2a: Corviknight
|-enditem|p2a: Corviknight|Rocky Helmet|[from] move: Knock Off|[of] p1a: Krookodile
|
|upkeep
|turn|2
|inactive|SpongeGar & Patar has 60 seconds left.
|inactive|SpongeGar & Patar has 30 seconds left.
|
|t:|1760772105
|move|p1a: Krookodile|Knock Off|p2a: Corviknight
|-damage|p2a: Corviknight|29/100
|move|p2a: Corviknight|Roost|p2a: Corviknight
|-heal|p2a: Corviknight|79/100
|-singleturn|p2a: Corviknight|move: Roost
|
|upkeep
|turn|3
|
|t:|1760772114
|switch|p1a: Alomomola|Alomomola, F, shiny|100/100
|move|p2a: Corviknight|U-turn|p1a: Alomomola
|-damage|p1a: Alomomola|92/100
|-damage|p2a: Corviknight|62/100|[from] item: Rocky Helmet|[of] p1a: Alomomola
|inactive|SpongeGar & Patar has 30 seconds left.
|
|t:|1760772125
|switch|p2a: Slowking|Slowking-Galar, L99, M|100/100|[from] U-turn
|
|upkeep
|turn|4
|
|t:|1760772135
|move|p1a: Alomomola|Wish|p1a: Alomomola
|move|p2a: Slowking|Toxic|p1a: Alomomola
|-status|p1a: Alomomola|tox
|
|-damage|p1a: Alomomola|86/100 tox|[from] psn
|upkeep
|turn|5
|
|t:|1760772144
|move|p1a: Alomomola|Flip Turn|p2a: Slowking
|-damage|p2a: Slowking|83/100
|
|t:|1760772146
|switch|p1a: Krookodile|Krookodile, M|60/100|[from] Flip Turn
|-ability|p1a: Krookodile|Intimidate|boost
|-unboost|p2a: Slowking|atk|1
|move|p2a: Slowking|Toxic|p1a: Krookodile
|-status|p1a: Krookodile|tox
|
|-heal|p1a: Krookodile|100/100 tox|[from] move: Wish|[wisher] Alomomola
|-damage|p1a: Krookodile|94/100 tox|[from] psn
|upkeep
|turn|6
|
|t:|1760772155
|switch|p2a: Ting-Lu|Ting-Lu|100/100
|-ability|p2a: Ting-Lu|Vessel of Ruin
|move|p1a: Krookodile|Knock Off|p2a: Ting-Lu
|-resisted|p2a: Ting-Lu
|-damage|p2a: Ting-Lu|78/100
|-enditem|p2a: Ting-Lu|Leftovers|[from] move: Knock Off|[of] p1a: Krookodile
|
|-damage|p1a: Krookodile|82/100 tox|[from] psn
|upkeep
|turn|7
|
|t:|1760772165
|switch|p1a: Weezing|Weezing-Galar, F|100/100
|-ability|p1a: Weezing|Neutralizing Gas
|switch|p2a: Corviknight|Corviknight, M|62/100
|
|upkeep
|turn|8
|inactive|SpongeGar & Patar has 60 seconds left.
|
|t:|1760772174
|switch|p2a: Slowking|Slowking-Galar, L99, M|100/100
|-end|p1a: Weezing|ability: Neutralizing Gas
|switch|p1a: Alomomola|Alomomola, F, shiny|100/100 tox
|
|-damage|p1a: Alomomola|94/100 tox|[from] psn
|upkeep
|turn|9
|
|t:|1760772183
|move|p1a: Alomomola|Flip Turn|p2a: Slowking
|-damage|p2a: Slowking|84/100
|
|t:|1760772185
|switch|p1a: Krookodile|Krookodile, M|82/100 tox|[from] Flip Turn
|-ability|p1a: Krookodile|Intimidate|boost
|-unboost|p2a: Slowking|atk|1
|move|p2a: Slowking|Future Sight|p1a: Krookodile
|-start|p2a: Slowking|move: Future Sight
|
|-damage|p1a: Krookodile|76/100 tox|[from] psn
|upkeep
|turn|10
|
|t:|1760772194
|switch|p2a: Ting-Lu|Ting-Lu|78/100
|-ability|p2a: Ting-Lu|Vessel of Ruin
|move|p1a: Krookodile|Earthquake|p2a: Ting-Lu
|-damage|p2a: Ting-Lu|33/100
|
|-damage|p1a: Krookodile|64/100 tox|[from] psn
|upkeep
|turn|11
|
|t:|1760772204
|switch|p1a: Alomomola|Alomomola, F, shiny|100/100 tox
|switch|p2a: Corviknight|Corviknight, M|62/100
|-ability|p2a: Corviknight|Pressure
|
|-end|p1a: Alomomola|move: Future Sight
|-damage|p1a: Alomomola|59/100 tox
|-damage|p1a: Alomomola|53/100 tox|[from] psn
|upkeep
|turn|12
|
|t:|1760772213
|move|p2a: Corviknight|Roost|p2a: Corviknight
|-heal|p2a: Corviknight|100/100
|-singleturn|p2a: Corviknight|move: Roost
|move|p1a: Alomomola|Flip Turn|p2a: Corviknight
|-damage|p2a: Corviknight|90/100
|
|t:|1760772217
|switch|p1a: Sinistcha|Sinistcha, shiny|100/100|[from] Flip Turn
|
|upkeep
|turn|13
|
|t:|1760772226
|switch|p2a: Kyurem|Kyurem|100/100
|-ability|p2a: Kyurem|Pressure
|move|p1a: Sinistcha|Calm Mind|p1a: Sinistcha
|-boost|p1a: Sinistcha|spa|1
|-boost|p1a: Sinistcha|spd|1
|
|upkeep
|turn|14
|inactive|SpongeGar & Patar has 90 seconds left.
|j| wgw2333
|inactive|SpongeGar & Patar has 60 seconds left.
|
|t:|1760772274
|switch|p1a: Frosmoth|Frosmoth, F, shiny|100/100
|move|p2a: Kyurem|Freeze-Dry|p1a: Frosmoth
|-resisted|p1a: Frosmoth
|-damage|p1a: Frosmoth|94/100
|
|-heal|p1a: Frosmoth|99/100|[from] item: Leftovers
|upkeep
|turn|15
|inactive|SpongeGar & Patar has 60 seconds left.
|j| Finkachu
|inactive|SpongeGar & Patar has 30 seconds left.
|
|t:|1760772323
|switch|p2a: Cinderace|Cinderace, F|100/100
|move|p1a: Frosmoth|Ice Beam|p2a: Cinderace
|-resisted|p2a: Cinderace
|-damage|p2a: Cinderace|78/100
|
|-heal|p1a: Frosmoth|100/100|[from] item: Leftovers
|upkeep
|turn|16
|inactive|SpongeGar & Patar has 30 seconds left.
|
|t:|1760772333
|switch|p2a: Ting-Lu|Ting-Lu|33/100
|-ability|p2a: Ting-Lu|Vessel of Ruin
|switch|p1a: Alomomola|Alomomola, F, shiny|87/100 tox
|
|-damage|p1a: Alomomola|80/100 tox|[from] psn
|upkeep
|turn|17
|
|t:|1760772342
|move|p2a: Ting-Lu|Rest|p2a: Ting-Lu
|-status|p2a: Ting-Lu|slp|[from] move: Rest
|-heal|p2a: Ting-Lu|100/100 slp|[silent]
|move|p1a: Alomomola|Flip Turn|p2a: Ting-Lu
|-supereffective|p2a: Ting-Lu
|-damage|p2a: Ting-Lu|81/100 slp
|
|t:|1760772345
|switch|p1a: Maushold|Maushold-Four|100/100|[from] Flip Turn
|
|upkeep
|turn|18
|
|t:|1760772355
|switch|p2a: Corviknight|Corviknight, M|90/100
|-ability|p2a: Corviknight|Pressure
|move|p1a: Maushold|Population Bomb|p2a: Corviknight
|-resisted|p2a: Corviknight
|-damage|p2a: Corviknight|86/100
|-resisted|p2a: Corviknight
|-damage|p2a: Corviknight|83/100
|-resisted|p2a: Corviknight
|-damage|p2a: Corviknight|79/100
|-resisted|p2a: Corviknight
|-damage|p2a: Corviknight|76/100
|-resisted|p2a: Corviknight
|-damage|p2a: Corviknight|73/100
|-resisted|p2a: Corviknight
|-damage|p2a: Corviknight|69/100
|-resisted|p2a: Corviknight
|-damage|p2a: Corviknight|66/100
|-resisted|p2a: Corviknight
|-damage|p2a: Corviknight|63/100
|-resisted|p2a: Corviknight
|-damage|p2a: Corviknight|60/100
|-resisted|p2a: Corviknight
|-damage|p2a: Corviknight|56/100
|-hitcount|p2a: Corviknight|10
|
|upkeep
|turn|19
|j| jay cho
|
|t:|1760772364
|switch|p1a: Alomomola|Alomomola, F, shiny|100/100 tox
|move|p2a: Corviknight|Roost|p2a: Corviknight
|-heal|p2a: Corviknight|100/100
|-singleturn|p2a: Corviknight|move: Roost
|
|-damage|p1a: Alomomola|94/100 tox|[from] psn
|upkeep
|turn|20
|
|t:|1760772373
|switch|p2a: Kyurem|Kyurem|100/100
|-ability|p2a: Kyurem|Pressure
|move|p1a: Alomomola|Flip Turn|p2a: Kyurem
|-resisted|p2a: Kyurem
|-damage|p2a: Kyurem|93/100
|
|t:|1760772376
|switch|p1a: Frosmoth|Frosmoth, F, shiny|100/100|[from] Flip Turn
|
|-heal|p2a: Kyurem|99/100|[from] item: Leftovers
|upkeep
|turn|21
|
|t:|1760772385
|switch|p2a: Cinderace|Cinderace, F|78/100
|move|p1a: Frosmoth|Tera Blast|p2a: Cinderace
|-damage|p2a: Cinderace|50/100
|
|upkeep
|turn|22
|
|t:|1760772395
|switch|p1a: Alomomola|Alomomola, F, shiny|100/100 tox
|move|p2a: Cinderace|Pyro Ball|p1a: Alomomola
|-resisted|p1a: Alomomola
|-damage|p1a: Alomomola|85/100 tox
|
|-damage|p1a: Alomomola|79/100 tox|[from] psn
|upkeep
|turn|23
|
|t:|1760772405
|switch|p2a: Kyurem|Kyurem|99/100
|-ability|p2a: Kyurem|Pressure
|move|p1a: Alomomola|Flip Turn|p2a: Kyurem
|-resisted|p2a: Kyurem
|-damage|p2a: Kyurem|92/100
|
|t:|1760772411
|switch|p1a: Frosmoth|Frosmoth, F, shiny|100/100|[from] Flip Turn
|
|-heal|p2a: Kyurem|98/100|[from] item: Leftovers
|upkeep
|turn|24
|
|t:|1760772421
|switch|p2a: Cinderace|Cinderace, F|50/100
|move|p1a: Frosmoth|Tera Blast|p2a: Cinderace
|-damage|p2a: Cinderace|25/100
|
|upkeep
|turn|25
|
|t:|1760772430
|switch|p2a: Slowking|Slowking-Galar, L99, M|100/100
|switch|p1a: Alomomola|Alomomola, F, shiny|100/100 tox
|
|-damage|p1a: Alomomola|94/100 tox|[from] psn
|upkeep
|turn|26
|inactive|SpongeGar & Patar has 90 seconds left.
|
|t:|1760772447
|switch|p1a: Krookodile|Krookodile, M|64/100 tox
|-ability|p1a: Krookodile|Intimidate|boost
|-unboost|p2a: Slowking|atk|1
|-prepare|p2a: Slowking|Chilly Reception|[premajor]
|move|p2a: Slowking|Chilly Reception|p2a: Slowking
|-weather|Snowscape
|inactive|SpongeGar & Patar has 90 seconds left.
|inactive|SpongeGar & Patar has 60 seconds left.
|
|t:|1760772497
|switch|p2a: Cinderace|Cinderace, F|25/100|[from] Chilly Reception
|
|-weather|Snowscape|[upkeep]
|-damage|p1a: Krookodile|58/100 tox|[from] psn
|upkeep
|turn|27
|inactive|SpongeGar & Patar has 30 seconds left.
|inactive|SpongeGar & Patar has 20 seconds left.
|inactive|SpongeGar & Patar has 15 seconds left.
|
|t:|1760772546
|switch|p2a: Slowking|Slowking-Galar, L99, M|100/100
|switch|p1a: Alomomola|Alomomola, F, shiny|100/100 tox
|
|-weather|Snowscape|[upkeep]
|-damage|p1a: Alomomola|94/100 tox|[from] psn
|upkeep
|turn|28
|inactive|SpongeGar & Patar has 25 seconds left this turn.
|inactive|SpongeGar & Patar has 20 seconds left.
|
|t:|1760772555
|move|p1a: Alomomola|Wish|p1a: Alomomola
|move|p2a: Slowking|Future Sight|p1a: Alomomola
|-start|p2a: Slowking|move: Future Sight
|
|-weather|Snowscape|[upkeep]
|-damage|p1a: Alomomola|82/100 tox|[from] psn
|upkeep
|turn|29
|inactive|SpongeGar & Patar has 30 seconds left this turn.
|
|t:|1760772564
|move|p1a: Alomomola|Flip Turn|p2a: Slowking
|-damage|p2a: Slowking|83/100
|
|t:|1760772576
|switch|p1a: Krookodile|Krookodile, M|58/100 tox|[from] Flip Turn
|-ability|p1a: Krookodile|Intimidate|boost
|-unboost|p2a: Slowking|atk|1
|-prepare|p2a: Slowking|Chilly Reception|[premajor]
|move|p2a: Slowking|Chilly Reception|p2a: Slowking
|inactive|SpongeGar & Patar has 30 seconds left.
|
|t:|1760772585
|switch|p2a: Cinderace|Cinderace, F|25/100|[from] Chilly Reception
|
|-weather|Snowscape|[upkeep]
|-heal|p1a: Krookodile|100/100 tox|[from] move: Wish|[wisher] Alomomola
|-damage|p1a: Krookodile|94/100 tox|[from] psn
|upkeep
|turn|30
|j| Specnier
|inactive|eros maniac has 120 seconds left.
|
|t:|1760772618
|move|p2a: Cinderace|U-turn|p1a: Krookodile
|-supereffective|p1a: Krookodile
|-damage|p1a: Krookodile|57/100 tox
|l| Specnier
|
|t:|1760772627
|switch|p2a: Ting-Lu|Ting-Lu|81/100 slp|[from] U-turn
|-ability|p2a: Ting-Lu|Vessel of Ruin
|move|p1a: Krookodile|Knock Off|p2a: Ting-Lu
|-resisted|p2a: Ting-Lu
|-damage|p2a: Ting-Lu|67/100 slp
|
|-weather|none
|-end|p1a: Krookodile|move: Future Sight
|-immune|p1a: Krookodile
|-damage|p1a: Krookodile|45/100 tox|[from] psn
|upkeep
|turn|31
|inactive|eros maniac has 120 seconds left.
|
|t:|1760772645
|switch|p1a: Maushold|Maushold-Four|100/100
|switch|p2a: Kyurem|Kyurem|98/100
|-ability|p2a: Kyurem|Pressure
|
|-heal|p2a: Kyurem|100/100|[from] item: Leftovers
|upkeep
|turn|32
|
|t:|1760772654
|switch|p2a: Corviknight|Corviknight, M|100/100
|-ability|p2a: Corviknight|Pressure
|move|p1a: Maushold|Population Bomb|p2a: Corviknight
|-resisted|p2a: Corviknight
|-damage|p2a: Corviknight|97/100
|-resisted|p2a: Corviknight
|-damage|p2a: Corviknight|94/100
|-resisted|p2a: Corviknight
|-damage|p2a: Corviknight|91/100
|-resisted|p2a: Corviknight
|-damage|p2a: Corviknight|87/100
|-resisted|p2a: Corviknight
|-damage|p2a: Corviknight|84/100
|-resisted|p2a: Corviknight
|-damage|p2a: Corviknight|80/100
|-resisted|p2a: Corviknight
|-damage|p2a: Corviknight|77/100
|-resisted|p2a: Corviknight
|-damage|p2a: Corviknight|74/100
|-resisted|p2a: Corviknight
|-damage|p2a: Corviknight|71/100
|-resisted|p2a: Corviknight
|-damage|p2a: Corviknight|68/100
|-hitcount|p2a: Corviknight|10
|
|upkeep
|turn|33
|
|t:|1760772664
|move|p1a: Maushold|Population Bomb|p2a: Corviknight
|-resisted|p2a: Corviknight
|-damage|p2a: Corviknight|64/100
|-resisted|p2a: Corviknight
|-damage|p2a: Corviknight|61/100
|-resisted|p2a: Corviknight
|-damage|p2a: Corviknight|58/100
|-resisted|p2a: Corviknight
|-damage|p2a: Corviknight|55/100
|-resisted|p2a: Corviknight
|-damage|p2a: Corviknight|51/100
|-resisted|p2a: Corviknight
|-damage|p2a: Corviknight|48/100
|-resisted|p2a: Corviknight
|-damage|p2a: Corviknight|45/100
|-resisted|p2a: Corviknight
|-damage|p2a: Corviknight|42/100
|-resisted|p2a: Corviknight
|-damage|p2a: Corviknight|38/100
|-resisted|p2a: Corviknight
|-damage|p2a: Corviknight|35/100
|-hitcount|p2a: Corviknight|10
|move|p2a: Corviknight|Roost|p2a: Corviknight
|-heal|p2a: Corviknight|85/100
|-singleturn|p2a: Corviknight|move: Roost
|
|upkeep
|turn|34
|
|t:|1760772673
|switch|p1a: Alomomola|Alomomola, F, shiny|100/100 tox
|move|p2a: Corviknight|U-turn|p1a: Alomomola
|-damage|p1a: Alomomola|91/100 tox
|-damage|p2a: Corviknight|68/100|[from] item: Rocky Helmet|[of] p1a: Alomomola
|
|t:|1760772684
|switch|p2a: Kyurem|Kyurem|100/100|[from] U-turn
|-ability|p2a: Kyurem|Pressure
|
|-damage|p1a: Alomomola|85/100 tox|[from] psn
|upkeep
|turn|35
|
|t:|1760772695
|switch|p2a: Corviknight|Corviknight, M|68/100
|-ability|p2a: Corviknight|Pressure
|switch|p1a: Frosmoth|Frosmoth, F, shiny|100/100
|
|upkeep
|turn|36
|inactive|SpongeGar & Patar has 60 seconds left.
|
|t:|1760772704
|switch|p1a: Alomomola|Alomomola, F, shiny|100/100 tox
|move|p2a: Corviknight|Roost|p2a: Corviknight
|-heal|p2a: Corviknight|100/100
|-singleturn|p2a: Corviknight|move: Roost
|
|-damage|p1a: Alomomola|94/100 tox|[from] psn
|upkeep
|turn|37
|
|t:|1760772713
|switch|p2a: Slowking|Slowking-Galar, L99, M|100/100
|move|p1a: Alomomola|Flip Turn|p2a: Slowking
|-damage|p2a: Slowking|83/100
|
|t:|1760772724
|switch|p1a: Frosmoth|Frosmoth, F, shiny|100/100|[from] Flip Turn
|
|upkeep
|turn|38
|
|t:|1760772733
|switch|p2a: Cinderace|Cinderace, F|25/100
|move|p1a: Frosmoth|Substitute|p1a: Frosmoth
|-start|p1a: Frosmoth|Substitute
|-damage|p1a: Frosmoth|75/100
|
|-heal|p1a: Frosmoth|82/100|[from] item: Leftovers
|upkeep
|turn|39
|
|t:|1760772758
|move|p2a: Cinderace|U-turn|p1a: Frosmoth
|-end|p1a: Frosmoth|Substitute
|
|t:|1760772768
|switch|p2a: Dondozo|Dondozo, F|100/100|[from] U-turn
|move|p1a: Frosmoth|Tera Blast|p2a: Dondozo
|-damage|p2a: Dondozo|80/100
|
|-heal|p1a: Frosmoth|88/100|[from] item: Leftovers
|-heal|p2a: Dondozo|86/100|[from] item: Leftovers
|upkeep
|turn|40
|
|t:|1760772777
|switch|p1a: Alomomola|Alomomola, F, shiny|100/100 tox
|move|p2a: Dondozo|Waterfall|p1a: Alomomola
|-resisted|p1a: Alomomola
|-damage|p1a: Alomomola|92/100 tox
|-damage|p2a: Dondozo|69/100|[from] item: Rocky Helmet|[of] p1a: Alomomola
|
|-heal|p2a: Dondozo|75/100|[from] item: Leftovers
|-damage|p1a: Alomomola|85/100 tox|[from] psn
|upkeep
|turn|41
|inactive|SpongeGar & Patar has 90 seconds left.
|
|t:|1760772788
|move|p1a: Alomomola|Flip Turn|p2a: Dondozo
|-resisted|p2a: Dondozo
|-damage|p2a: Dondozo|72/100
|
|t:|1760772792
|switch|p1a: Sinistcha|Sinistcha, shiny|100/100|[from] Flip Turn
|move|p2a: Dondozo|Waterfall|p1a: Sinistcha
|-resisted|p1a: Sinistcha
|-damage|p1a: Sinistcha|90/100
|
|-heal|p2a: Dondozo|78/100|[from] item: Leftovers
|upkeep
|turn|42
|inactive|SpongeGar & Patar has 90 seconds left.
|inactive|SpongeGar & Patar has 60 seconds left.
|
|t:|1760772842
|switch|p2a: Kyurem|Kyurem|100/100
|-ability|p2a: Kyurem|Pressure
|move|p1a: Sinistcha|Matcha Gotcha|p2a: Kyurem|[miss]
|-miss|p1a: Sinistcha|p2a: Kyurem
|
|upkeep
|turn|43
|j| Specnier
|inactive|SpongeGar & Patar has 30 seconds left.
|inactive|SpongeGar & Patar has 20 seconds left.
|inactive|SpongeGar & Patar has 15 seconds left.
|
|t:|1760772892
|switch|p2a: Cinderace|Cinderace, F|25/100
|switch|p1a: Frosmoth|Frosmoth, F, shiny|88/100
|
|-heal|p1a: Frosmoth|94/100|[from] item: Leftovers
|upkeep
|turn|44
|inactive|SpongeGar & Patar has 25 seconds left this turn.
|inactive|SpongeGar & Patar has 20 seconds left.
|
|t:|1760772901
|switch|p2a: Slowking|Slowking-Galar, L99, M|100/100
|switch|p1a: Alomomola|Alomomola, F, shiny|100/100 tox
|
|-damage|p1a: Alomomola|94/100 tox|[from] psn
|upkeep
|turn|45
|inactive|SpongeGar & Patar has 30 seconds left this turn.
|
|t:|1760772911
|switch|p2a: Kyurem|Kyurem|100/100
|-ability|p2a: Kyurem|Pressure
|move|p1a: Alomomola|Wish|p1a: Alomomola
|
|-damage|p1a: Alomomola|82/100 tox|[from] psn
|upkeep
|turn|46
|inactive|SpongeGar & Patar has 30 seconds left.
|
|t:|1760772920
|move|p2a: Kyurem|Freeze-Dry|p1a: Alomomola
|-supereffective|p1a: Alomomola
|-crit|p1a: Alomomola
|-damage|p1a: Alomomola|0 fnt
|faint|p1a: Alomomola
|
|upkeep
|
|t:|1760772931
|switch|p1a: Frosmoth|Frosmoth, F, shiny|94/100
|turn|47
|
|t:|1760772940
|switch|p2a: Dondozo|Dondozo, F|78/100
|move|p1a: Frosmoth|Substitute|p1a: Frosmoth
|-start|p1a: Frosmoth|Substitute
|-damage|p1a: Frosmoth|69/100
|
|-heal|p1a: Frosmoth|75/100|[from] item: Leftovers
|-heal|p2a: Dondozo|84/100|[from] item: Leftovers
|upkeep
|turn|48
|
|t:|1760772950
|-terastallize|p1a: Frosmoth|Electric
|move|p1a: Frosmoth|Tera Blast|p2a: Dondozo|[anim] Tera Blast Electric
|-supereffective|p2a: Dondozo
|-damage|p2a: Dondozo|25/100
|move|p2a: Dondozo|Body Press|p1a: Frosmoth
|-end|p1a: Frosmoth|Substitute
|
|-heal|p1a: Frosmoth|81/100|[from] item: Leftovers
|-heal|p2a: Dondozo|31/100|[from] item: Leftovers
|upkeep
|turn|49
|
|t:|1760772959
|switch|p2a: Ting-Lu|Ting-Lu|67/100 slp
|-ability|p2a: Ting-Lu|Vessel of Ruin
|move|p1a: Frosmoth|Ice Beam|p2a: Ting-Lu
|-supereffective|p2a: Ting-Lu
|-damage|p2a: Ting-Lu|35/100 slp
|
|-heal|p1a: Frosmoth|87/100|[from] item: Leftovers
|upkeep
|turn|50
|
|t:|1760772969
|switch|p1a: Maushold|Maushold-Four|100/100
|switch|p2a: Kyurem|Kyurem|100/100
|-ability|p2a: Kyurem|Pressure
|
|upkeep
|turn|51
|inactive|SpongeGar & Patar has 60 seconds left.
|
|t:|1760772979
|switch|p2a: Corviknight|Corviknight, M|100/100
|-ability|p2a: Corviknight|Pressure
|move|p1a: Maushold|Tidy Up|p1a: Maushold
|-boost|p1a: Maushold|atk|1
|-boost|p1a: Maushold|spe|1
|
|upkeep
|turn|52
|
|t:|1760772988
|move|p1a: Maushold|Population Bomb|p2a: Corviknight
|-resisted|p2a: Corviknight
|-crit|p2a: Corviknight
|-damage|p2a: Corviknight|93/100
|-resisted|p2a: Corviknight
|-damage|p2a: Corviknight|89/100
|-resisted|p2a: Corviknight
|-damage|p2a: Corviknight|83/100
|-resisted|p2a: Corviknight
|-damage|p2a: Corviknight|78/100
|-resisted|p2a: Corviknight
|-damage|p2a: Corviknight|73/100
|-resisted|p2a: Corviknight
|-damage|p2a: Corviknight|69/100
|-resisted|p2a: Corviknight
|-damage|p2a: Corviknight|64/100
|-resisted|p2a: Corviknight
|-damage|p2a: Corviknight|59/100
|-resisted|p2a: Corviknight
|-damage|p2a: Corviknight|54/100
|-resisted|p2a: Corviknight
|-damage|p2a: Corviknight|50/100
|-hitcount|p2a: Corviknight|10
|move|p2a: Corviknight|Brave Bird|p1a: Maushold
|-damage|p1a: Maushold|38/100
|-damage|p2a: Corviknight|35/100|[from] Recoil
|
|upkeep
|turn|53
|
|t:|1760772999
|move|p1a: Maushold|Population Bomb|p2a: Corviknight
|-resisted|p2a: Corviknight
|-damage|p2a: Corviknight|30/100
|-resisted|p2a: Corviknight
|-damage|p2a: Corviknight|25/100
|-resisted|p2a: Corviknight
|-damage|p2a: Corviknight|20/100
|-resisted|p2a: Corviknight
|-damage|p2a: Corviknight|16/100
|-resisted|p2a: Corviknight
|-damage|p2a: Corviknight|11/100
|-resisted|p2a: Corviknight
|-damage|p2a: Corviknight|5/100
|-resisted|p2a: Corviknight
|-damage|p2a: Corviknight|0 fnt
|faint|p2a: Corviknight
|-hitcount|p2: Corviknight|7
|
|upkeep
|
|t:|1760773008
|switch|p2a: Ting-Lu|Ting-Lu|35/100 slp
|-ability|p2a: Ting-Lu|Vessel of Ruin
|turn|54
|
|t:|1760773018
|move|p1a: Maushold|Population Bomb|p2a: Ting-Lu
|-damage|p2a: Ting-Lu|27/100 slp
|-damage|p2a: Ting-Lu|18/100 slp
|-damage|p2a: Ting-Lu|9/100 slp
|-crit|p2a: Ting-Lu
|-damage|p2a: Ting-Lu|0 fnt
|faint|p2a: Ting-Lu
|-hitcount|p2: Ting-Lu|4
|
|upkeep
|
|t:|1760773027
|switch|p2a: Cinderace|Cinderace, F|25/100
|turn|55
|
|t:|1760773036
|move|p1a: Maushold|Population Bomb|p2a: Cinderace
|-damage|p2a: Cinderace|5/100
|-damage|p2a: Cinderace|0 fnt
|faint|p2a: Cinderace
|-hitcount|p2: Cinderace|2
|
|upkeep
|
|t:|1760773045
|switch|p2a: Kyurem|Kyurem|100/100
|-ability|p2a: Kyurem|Pressure
|turn|56
|l| OUHF Foenem
|
|t:|1760773054
|move|p2a: Kyurem|Protect|p2a: Kyurem
|-singleturn|p2a: Kyurem|Protect
|move|p1a: Maushold|Population Bomb|p2a: Kyurem
|-activate|p2a: Kyurem|move: Protect
|
|upkeep
|turn|57
|l| Specnier
|
|t:|1760773063
|move|p2a: Kyurem|Protect|p2a: Kyurem
|-singleturn|p2a: Kyurem|Protect
|move|p1a: Maushold|Population Bomb|p2a: Kyurem
|-activate|p2a: Kyurem|move: Protect
|
|upkeep
|turn|58
|inactive|SpongeGar & Patar has 90 seconds left.
|
|t:|1760773072
|-terastallize|p2a: Kyurem|Ground
|move|p1a: Maushold|Low Kick|p2a: Kyurem
|-damage|p2a: Kyurem|63/100
|move|p2a: Kyurem|Earth Power|p1a: Maushold
|-damage|p1a: Maushold|0 fnt
|faint|p1a: Maushold
|
|-heal|p2a: Kyurem|69/100|[from] item: Leftovers
|upkeep
|
|t:|1760773078
|switch|p1a: Frosmoth|Frosmoth, F, shiny, tera:Electric|87/100
|turn|59
|
|t:|1760773087
|move|p2a: Kyurem|Earth Power|p1a: Frosmoth
|-supereffective|p1a: Frosmoth
|-damage|p1a: Frosmoth|50/100
|move|p1a: Frosmoth|Ice Beam|p2a: Kyurem
|-supereffective|p2a: Kyurem
|-damage|p2a: Kyurem|0 fnt
|faint|p2a: Kyurem
|
|-heal|p1a: Frosmoth|56/100|[from] item: Leftovers
|upkeep
|
|t:|1760773097
|switch|p2a: Slowking|Slowking-Galar, L99, M|100/100
|turn|60
|
|t:|1760773106
|move|p1a: Frosmoth|Substitute|p1a: Frosmoth
|-start|p1a: Frosmoth|Substitute
|-damage|p1a: Frosmoth|31/100
|move|p2a: Slowking|Future Sight|p1a: Frosmoth
|-start|p2a: Slowking|move: Future Sight
|
|-heal|p1a: Frosmoth|37/100|[from] item: Leftovers
|upkeep
|turn|61
|
|t:|1760773115
|move|p1a: Frosmoth|Quiver Dance|p1a: Frosmoth
|-boost|p1a: Frosmoth|spa|1
|-boost|p1a: Frosmoth|spd|1
|-boost|p1a: Frosmoth|spe|1
|move|p2a: Slowking|Sludge Bomb|p1a: Frosmoth
|-activate|p1a: Frosmoth|move: Substitute|[damage]
|
|-heal|p1a: Frosmoth|44/100|[from] item: Leftovers
|upkeep
|turn|62
|
|t:|1760773123
|move|p1a: Frosmoth|Quiver Dance|p1a: Frosmoth
|-boost|p1a: Frosmoth|spa|1
|-boost|p1a: Frosmoth|spd|1
|-boost|p1a: Frosmoth|spe|1
|move|p2a: Slowking|Sludge Bomb|p1a: Frosmoth
|-activate|p1a: Frosmoth|move: Substitute|[damage]
|
|-end|p1a: Frosmoth|move: Future Sight
|-activate|p1a: Frosmoth|move: Substitute|[damage]
|-heal|p1a: Frosmoth|50/100|[from] item: Leftovers
|upkeep
|turn|63
|inactive|SpongeGar & Patar has 120 seconds left.
|
|t:|1760773131
|move|p1a: Frosmoth|Quiver Dance|p1a: Frosmoth
|-boost|p1a: Frosmoth|spa|1
|-boost|p1a: Frosmoth|spd|1
|-boost|p1a: Frosmoth|spe|1
|move|p2a: Slowking|Sludge Bomb|p1a: Frosmoth
|-crit|p1a: Frosmoth
|-end|p1a: Frosmoth|Substitute
|
|-heal|p1a: Frosmoth|56/100|[from] item: Leftovers
|upkeep
|turn|64
|
|t:|1760773139
|switch|p2a: Dondozo|Dondozo, F|31/100
|move|p1a: Frosmoth|Substitute|p1a: Frosmoth
|-start|p1a: Frosmoth|Substitute
|-damage|p1a: Frosmoth|31/100
|
|-heal|p1a: Frosmoth|37/100|[from] item: Leftovers
|-heal|p2a: Dondozo|37/100|[from] item: Leftovers
|upkeep
|turn|65
|
|t:|1760773147
|switch|p2a: Slowking|Slowking-Galar, L99, M|100/100
|move|p1a: Frosmoth|Tera Blast|p2a: Slowking|[anim] Tera Blast Electric
|-damage|p2a: Slowking|48/100
|
|-heal|p1a: Frosmoth|43/100|[from] item: Leftovers
|upkeep
|turn|66
|
|t:|1760773154
|switch|p2a: Dondozo|Dondozo, F|37/100
|move|p1a: Frosmoth|Ice Beam|p2a: Dondozo
|-resisted|p2a: Dondozo
|-damage|p2a: Dondozo|19/100
|
|-heal|p1a: Frosmoth|49/100|[from] item: Leftovers
|-heal|p2a: Dondozo|26/100|[from] item: Leftovers
|upkeep
|turn|67
|
|t:|1760773162
|switch|p2a: Slowking|Slowking-Galar, L99, M|81/100
|move|p1a: Frosmoth|Tera Blast|p2a: Slowking|[anim] Tera Blast Electric
|-damage|p2a: Slowking|34/100
|
|-heal|p1a: Frosmoth|55/100|[from] item: Leftovers
|upkeep
|turn|68
|
|t:|1760773169
|switch|p2a: Dondozo|Dondozo, F|26/100
|move|p1a: Frosmoth|Tera Blast|p2a: Dondozo|[anim] Tera Blast Electric
|-supereffective|p2a: Dondozo
|-damage|p2a: Dondozo|0 fnt
|faint|p2a: Dondozo
|
|-heal|p1a: Frosmoth|61/100|[from] item: Leftovers
|upkeep
|
|t:|1760773177
|switch|p2a: Slowking|Slowking-Galar, L99, M|68/100
|turn|69
|
|t:|1760773184
|move|p1a: Frosmoth|Ice Beam|p2a: Slowking
|-damage|p2a: Slowking|15/100
|move|p2a: Slowking|Sludge Bomb|p1a: Frosmoth
|-activate|p1a: Frosmoth|move: Substitute|[damage]
|
|-heal|p1a: Frosmoth|67/100|[from] item: Leftovers
|upkeep
|turn|70
|
|t:|1760773188
|move|p1a: Frosmoth|Ice Beam|p2a: Slowking
|-damage|p2a: Slowking|0 fnt
|faint|p2a: Slowking
|
|win|eros maniac
|raw|eros maniac's rating: 1860 &rarr; <strong>1882</strong><br />(+22 for winning)
|raw|SpongeGar &amp; Patar's rating: 1894 &rarr; <strong>1872</strong><br />(-22 for losing)
|l|☆SpongeGar & Patar
|player|p2|
