|j|☆fafewf
|j|☆Peekochu
|t:|1760820788
|gametype|singles
|player|p1|fafewf|wallace|1545
|player|p2|Peekochu|2|1494
|gen|9
|tier|[Gen 9] OU
|rated|
|rule|HP Percentage Mod: HP is shown in percentages
|rule|Endless Battle Clause: Forcing endless battles is banned
|rule|Species Clause: Limit one of each Pokémon
|rule|OHKO Clause: OHKO moves are banned
|rule|Evasion Items Clause: Evasion items are banned
|rule|Evasion Moves Clause: Evasion moves are banned
|rule|Evasion Abilities Clause: Evasion abilities are banned
|rule|Sleep Moves Clause: Sleep-inducing moves are banned
|clearpoke
|poke|p1|Suicune|
|poke|p1|Torkoal, F|
|poke|p1|Walking Wake|
|poke|p1|Vileplume, F|
|poke|p1|Cinderace, M|
|poke|p1|Gliscor, M|
|poke|p2|Ursaluna, F|
|poke|p2|Gholdengo|
|poke|p2|Gyarados, M|
|poke|p2|Great Tusk|
|poke|p2|Kyurem|
|poke|p2|Scovillain, F|
|teampreview
|inactive|Battle timer is ON: inactive players will automatically lose when time's up. (requested by Peekochu)
|
|t:|1760820807
|teamsize|p1|6
|teamsize|p2|6
|start
|switch|p1a: Vileplume|Vileplume, F|100/100
|switch|p2a: Ursaluna|Ursaluna, F|100/100
|turn|1
|
|t:|1760820816
|move|p2a: Ursaluna|Fire Punch|p1a: Vileplume
|-supereffective|p1a: Vileplume
|-damage|p1a: Vileplume|56/100
|move|p1a: Vileplume|Strength Sap|p2a: Ursaluna
|-unboost|p2a: Ursaluna|atk|1
|-heal|p1a: Vileplume|100/100
|
|-status|p2a: Ursaluna|brn|[from] item: Flame Orb
|upkeep
|turn|2
|
|t:|1760820826
|switch|p2a: Gholdengo|Gholdengo|100/100
|-item|p2a: Gholdengo|Air Balloon
|move|p1a: Vileplume|Leech Seed|p2a: Gholdengo
|-immune|p2a: Gholdengo|[from] ability: Good as Gold
|
|upkeep
|turn|3
|
|t:|1760820835
|switch|p1a: Torkoal|Torkoal, F|100/100
|-weather|SunnyDay|[from] ability: Drought|[of] p1a: Torkoal
|move|p2a: Gholdengo|Thunder Wave|p1a: Torkoal
|-status|p1a: Torkoal|par
|
|-weather|SunnyDay|[upkeep]
|upkeep
|turn|4
|
|t:|1760820842
|switch|p1a: Walking Wake|Walking Wake|100/100
|-activate|p1a: Walking Wake|ability: Protosynthesis
|-start|p1a: Walking Wake|protosynthesisspa
|move|p2a: Gholdengo|Hex|p1a: Walking Wake
|-damage|p1a: Walking Wake|68/100
|
|-weather|SunnyDay|[upkeep]
|upkeep
|turn|5
|
|t:|1760820856
|move|p1a: Walking Wake|Weather Ball|p2a: Gholdengo
|-supereffective|p2a: Gholdengo
|-damage|p2a: Gholdengo|0 fnt
|-enditem|p2a: Gholdengo|Air Balloon
|faint|p2a: Gholdengo
|
|-weather|SunnyDay|[upkeep]
|upkeep
|
|t:|1760820868
|switch|p2a: Kyurem|Kyurem|100/100
|-ability|p2a: Kyurem|Pressure
|turn|6
|
|t:|1760820876
|move|p1a: Walking Wake|Flip Turn|p2a: Kyurem
|-resisted|p2a: Kyurem
|-damage|p2a: Kyurem|97/100
|
|t:|1760820880
|-end|p1a: Walking Wake|Protosynthesis|[silent]
|switch|p1a: Cinderace|Cinderace, M|100/100|[from] Flip Turn
|move|p2a: Kyurem|Freeze-Dry|p1a: Cinderace
|-resisted|p1a: Cinderace
|-damage|p1a: Cinderace|78/100
|
|-weather|SunnyDay|[upkeep]
|-heal|p2a: Kyurem|100/100|[from] item: Leftovers
|upkeep
|turn|7
|
|t:|1760820888
|switch|p2a: Great Tusk|Great Tusk|100/100
|-activate|p2a: Great Tusk|ability: Protosynthesis
|-start|p2a: Great Tusk|protosynthesisspe
|move|p1a: Cinderace|Pyro Ball|p2a: Great Tusk
|-damage|p2a: Great Tusk|50/100
|
|-weather|SunnyDay|[upkeep]
|upkeep
|turn|8
|
|t:|1760820898
|switch|p1a: Vileplume|Vileplume, F|100/100
|move|p2a: Great Tusk|Bulk Up|p2a: Great Tusk
|-boost|p2a: Great Tusk|atk|1
|-boost|p2a: Great Tusk|def|1
|
|-weather|SunnyDay|[upkeep]
|upkeep
|turn|9
|
|t:|1760820917
|move|p2a: Great Tusk|Earthquake|p1a: Vileplume
|-damage|p1a: Vileplume|46/100
|move|p1a: Vileplume|Weather Ball|p2a: Great Tusk
|-damage|p2a: Great Tusk|3/100
|
|-weather|SunnyDay|[upkeep]
|-heal|p1a: Vileplume|52/100|[from] item: Leftovers
|upkeep
|turn|10
|
|t:|1760820927
|switch|p1a: Gliscor|Gliscor, M|100/100
|move|p2a: Great Tusk|Ice Spinner|p1a: Gliscor
|-supereffective|p1a: Gliscor
|-damage|p1a: Gliscor|0 fnt
|faint|p1a: Gliscor
|
|-weather|none
|-end|p2a: Great Tusk|Protosynthesis
|upkeep
|-enditem|p2a: Great Tusk|Booster Energy
|-activate|p2a: Great Tusk|ability: Protosynthesis|[fromitem]
|-start|p2a: Great Tusk|protosynthesisdef
|
|t:|1760820935
|switch|p1a: Cinderace|Cinderace, M|78/100
|turn|11
|
|t:|1760820940
|move|p1a: Cinderace|U-turn|p2a: Great Tusk
|-start|p1a: Cinderace|typechange|Bug|[from] ability: Libero
|-resisted|p2a: Great Tusk
|-crit|p2a: Great Tusk
|-damage|p2a: Great Tusk|0 fnt
|faint|p2a: Great Tusk
|-end|p2a: Great Tusk|Protosynthesis|[silent]
|
|t:|1760820953
|switch|p1a: Vileplume|Vileplume, F|52/100|[from] U-turn
|
|-heal|p1a: Vileplume|58/100|[from] item: Leftovers
|upkeep
|
|t:|1760820975
|switch|p2a: Ursaluna|Ursaluna, F|100/100 brn
|turn|12
|
|t:|1760820980
|move|p2a: Ursaluna|Facade|p1a: Vileplume
|-damage|p1a: Vileplume|0 fnt
|faint|p1a: Vileplume
|
|-damage|p2a: Ursaluna|94/100 brn|[from] brn
|upkeep
|
|t:|1760820983
|switch|p1a: Torkoal|Torkoal, F|100/100 par
|-weather|SunnyDay|[from] ability: Drought|[of] p1a: Torkoal
|turn|13
|inactive|Peekochu has 120 seconds left.
|
|t:|1760821035
|move|p2a: Ursaluna|Headlong Rush|p1a: Torkoal
|-supereffective|p1a: Torkoal
|-damage|p1a: Torkoal|0 fnt
|-unboost|p2a: Ursaluna|def|1
|-unboost|p2a: Ursaluna|spd|1
|faint|p1a: Torkoal
|
|-weather|SunnyDay|[upkeep]
|-damage|p2a: Ursaluna|88/100 brn|[from] brn
|upkeep
|
|t:|1760821038
|switch|p1a: Walking Wake|Walking Wake|68/100
|-activate|p1a: Walking Wake|ability: Protosynthesis
|-start|p1a: Walking Wake|protosynthesisspa
|turn|14
|inactive|Peekochu has 90 seconds left.
|
|t:|1760821065
|move|p1a: Walking Wake|Hydro Steam|p2a: Ursaluna
|-supereffective|p2a: Ursaluna
|-damage|p2a: Ursaluna|0 fnt
|faint|p2a: Ursaluna
|
|-weather|SunnyDay|[upkeep]
|upkeep
|inactive|Peekochu has 90 seconds left.
|
|t:|1760821071
|switch|p2a: Gyarados|Gyarados, M|100/100
|turn|15
|
|t:|1760821078
|move|p1a: Walking Wake|Draco Meteor|p2a: Gyarados|[miss]
|-miss|p1a: Walking Wake|p2a: Gyarados
|move|p2a: Gyarados|Dragon Dance|p2a: Gyarados
|-boost|p2a: Gyarados|atk|1
|-boost|p2a: Gyarados|spe|1
|
|-weather|SunnyDay|[upkeep]
|upkeep
|turn|16
|
|t:|1760821083
|-terastallize|p2a: Gyarados|Flying
|move|p2a: Gyarados|Tera Blast|p1a: Walking Wake|[anim] Tera Blast Flying
|-damage|p1a: Walking Wake|0 fnt
|faint|p1a: Walking Wake
|-end|p1a: Walking Wake|Protosynthesis|[silent]
|-ability|p2a: Gyarados|Moxie|boost
|-boost|p2a: Gyarados|atk|1
|
|-weather|SunnyDay|[upkeep]
|upkeep
|-message|fafewf forfeited.
|
|win|Peekochu
|raw|fafewf's rating: 1545 &rarr; <strong>1522</strong><br />(-23 for losing)
|raw|Peekochu's rating: 1494 &rarr; <strong>1517</strong><br />(+23 for winning)
|l|☆fafewf
|player|p1|
|l|☆Peekochu
|player|p2|
