|j|☆riceloverlebron1
|j|☆dhekisgsvw
|t:|1760846975
|gametype|singles
|player|p1|riceloverlebron1|2|1000
|player|p2|dhekisgsvw|1|1040
|gen|9
|tier|[Gen 9] OU
|rated|
|rule|HP Percentage Mod: HP is shown in percentages
|rule|Endless Battle Clause: Forcing endless battles is banned
|rule|Species Clause: Limit one of each Pokémon
|rule|OHKO Clause: OHKO moves are banned
|rule|Evasion Items Clause: Evasion items are banned
|rule|Evasion Moves Clause: Evasion moves are banned
|rule|Evasion Abilities Clause: Evasion abilities are banned
|rule|Sleep Moves Clause: Sleep-inducing moves are banned
|clearpoke
|poke|p1|Landorus-Therian, M|
|poke|p1|Samurott-Hisui, F|
|poke|p1|Pecharunt|
|poke|p1|Scizor, F|
|poke|p1|Latios, M|
|poke|p1|Zamazenta-*|
|poke|p2|Greninja-*, M|
|poke|p2|Gliscor, M|
|poke|p2|Garchomp, F|
|poke|p2|Weavile, F|
|poke|p2|Mienshao, M|
|poke|p2|Dragonite, F|
|teampreview
|
|t:|1760847020
|teamsize|p1|6
|teamsize|p2|6
|start
|switch|p1a: Landorus|Landorus-Therian, M|100/100
|switch|p2a: Gliscor|Gliscor, M|100/100
|-ability|p1a: Landorus|Intimidate|boost
|-fail|p2a: Gliscor|unboost|Attack|[from] ability: Hyper Cutter|[of] p2a: Gliscor
|turn|1
|c|☆riceloverlebron1|hyer cutter fire
|
|t:|1760847040
|move|p1a: Landorus|Stealth Rock|p2a: Gliscor
|-sidestart|p2: dhekisgsvw|move: Stealth Rock
|move|p2a: Gliscor|Knock Off|p1a: Landorus
|-damage|p1a: Landorus|75/100
|-damage|p2a: Gliscor|84/100|[from] item: Rocky Helmet|[of] p1a: Landorus
|-enditem|p1a: Landorus|Rocky Helmet|[from] move: Knock Off|[of] p2a: Gliscor
|
|upkeep
|turn|2
|
|t:|1760847057
|move|p1a: Landorus|U-turn|p2a: Gliscor
|-resisted|p2a: Gliscor
|-damage|p2a: Gliscor|75/100
|
|t:|1760847067
|switch|p1a: Samurott|Samurott-Hisui, F|100/100|[from] U-turn
|move|p2a: Gliscor|Tailwind|p2a: Gliscor
|-sidestart|p2: dhekisgsvw|move: Tailwind
|
|upkeep
|turn|3
|
|t:|1760847095
|move|p2a: Gliscor|Toxic Spikes|p1a: Samurott
|-sidestart|p1: riceloverlebron1|move: Toxic Spikes
|move|p1a: Samurott|Ceaseless Edge|p2a: Gliscor
|-damage|p2a: Gliscor|38/100
|-sidestart|p2: dhekisgsvw|Spikes
|
|upkeep
|turn|4
|
|t:|1760847106
|move|p2a: Gliscor|Earthquake|p1a: Samurott
|-damage|p1a: Samurott|52/100
|move|p1a: Samurott|Ceaseless Edge|p2a: Gliscor
|-damage|p2a: Gliscor|1/100
|-sidestart|p2: dhekisgsvw|Spikes
|
|upkeep
|turn|5
|
|t:|1760847130
|move|p1a: Samurott|Aqua Jet|p2a: Gliscor
|-supereffective|p2a: Gliscor
|-damage|p2a: Gliscor|0 fnt
|faint|p2a: Gliscor
|
|-sideend|p2: dhekisgsvw|move: Tailwind
|upkeep
|
|t:|1760847137
|switch|p2a: Greninja|Greninja, M|100/100
|-damage|p2a: Greninja|88/100|[from] Stealth Rock
|-damage|p2a: Greninja|72/100|[from] Spikes
|turn|6
|
|t:|1760847149
|move|p1a: Samurott|Knock Off|p2a: Greninja
|-resisted|p2a: Greninja
|-damage|p2a: Greninja|34/100
|-enditem|p2a: Greninja|Focus Sash|[from] move: Knock Off|[of] p1a: Samurott
|move|p2a: Greninja|Counter|p1a: Samurott
|-damage|p1a: Samurott|0 fnt
|faint|p1a: Samurott
|-ability|p2a: Greninja|Battle Bond|boost
|-boost|p2a: Greninja|atk|1
|-boost|p2a: Greninja|spa|1
|-boost|p2a: Greninja|spe|1
|-activate|p2a: Greninja|ability: Battle Bond
|
|upkeep
|
|t:|1760847225
|switch|p1a: Zamazenta|Zamazenta|100/100
|-status|p1a: Zamazenta|psn
|-ability|p1a: Zamazenta|Dauntless Shield|boost
|-boost|p1a: Zamazenta|def|1
|turn|7
|
|t:|1760847239
|move|p2a: Greninja|Surf|p1a: Zamazenta
|-damage|p1a: Zamazenta|58/100 psn
|move|p1a: Zamazenta|Body Press|p2a: Greninja
|-supereffective|p2a: Greninja
|-damage|p2a: Greninja|0 fnt
|faint|p2a: Greninja
|
|-heal|p1a: Zamazenta|64/100 psn|[from] item: Leftovers
|-damage|p1a: Zamazenta|51/100 psn|[from] psn
|upkeep
|c|☆riceloverlebron1|youre ass
|c|☆riceloverlebron1|quit mons
|c|☆riceloverlebron1|you suck ass (and dick_
|inactive|Battle timer is ON: inactive players will automatically lose when time's up. (requested by riceloverlebron1)
|
|t:|1760847265
|switch|p2a: Mienshao|Mienshao, M|100/100
|-damage|p2a: Mienshao|94/100|[from] Stealth Rock
|-damage|p2a: Mienshao|78/100|[from] Spikes
|turn|8
|
|t:|1760847272
|move|p2a: Mienshao|Fake Out|p1a: Zamazenta
|-damage|p1a: Zamazenta|41/100 psn
|cant|p1a: Zamazenta|flinch
|
|-heal|p1a: Zamazenta|47/100 psn|[from] item: Leftovers
|-damage|p1a: Zamazenta|35/100 psn|[from] psn
|upkeep
|turn|9
|
|t:|1760847301
|switch|p2a: Dragonite|Dragonite, F|100/100
|-damage|p2a: Dragonite|75/100|[from] Stealth Rock
|move|p1a: Zamazenta|Body Press|p2a: Dragonite
|-resisted|p2a: Dragonite
|-damage|p2a: Dragonite|49/100
|
|-heal|p1a: Zamazenta|41/100 psn|[from] item: Leftovers
|-damage|p1a: Zamazenta|28/100 psn|[from] psn
|upkeep
|turn|10
|
|t:|1760847329
|move|p2a: Dragonite|Extreme Speed|p1a: Zamazenta
|-damage|p1a: Zamazenta|10/100 psn
|-damage|p2a: Dragonite|39/100|[from] item: Life Orb
|move|p1a: Zamazenta|Roar|p2a: Dragonite
|drag|p2a: Garchomp|Garchomp, F|100/100
|-damage|p2a: Garchomp|94/100|[from] Stealth Rock
|-damage|p2a: Garchomp|78/100|[from] Spikes
|
|-heal|p1a: Zamazenta|16/100 psn|[from] item: Leftovers
|-damage|p1a: Zamazenta|4/100 psn|[from] psn
|upkeep
|turn|11
|inactive|riceloverlebron1 has 120 seconds left.
|inactive|dhekisgsvw has 120 seconds left.
|
|t:|1760847351
|move|p1a: Zamazenta|Body Press|p2a: Garchomp
|-damage|p2a: Garchomp|25/100
|-damage|p1a: Zamazenta|0 fnt|[from] ability: Rough Skin|[of] p2a: Garchomp
|faint|p1a: Zamazenta
|move|p2a: Garchomp|Dragon Claw|p1: Zamazenta|[notarget]
|-fail|p2a: Garchomp
|
|upkeep
|inactive|riceloverlebron1 has 120 seconds left.
|
|t:|1760847357
|switch|p1a: Landorus|Landorus-Therian, M|75/100
|-ability|p1a: Landorus|Intimidate|boost
|-unboost|p2a: Garchomp|atk|1
|turn|12
|inactive|riceloverlebron1 has 120 seconds left.
|inactive|dhekisgsvw has 120 seconds left.
|
|t:|1760847379
|move|p1a: Landorus|U-turn|p2a: Garchomp
|-damage|p2a: Garchomp|3/100
|-damage|p1a: Landorus|63/100|[from] ability: Rough Skin|[of] p2a: Garchomp
|
|t:|1760847395
|switch|p1a: Pecharunt|Pecharunt|100/100|[from] U-turn
|-sideend|p1: riceloverlebron1|move: Toxic Spikes|[of] p1a: Pecharunt
|move|p2a: Garchomp|Dragon Claw|p1a: Pecharunt
|-damage|p1a: Pecharunt|76/100
|-damage|p2a: Garchomp|0 fnt|[from] item: Life Orb
|faint|p2a: Garchomp
|
|upkeep
|inactive|dhekisgsvw has 120 seconds left.
|
|t:|1760847417
|switch|p2a: Mienshao|Mienshao, M|100/100
|-damage|p2a: Mienshao|94/100|[from] Stealth Rock
|-damage|p2a: Mienshao|78/100|[from] Spikes
|turn|13
|
|t:|1760847423
|move|p1a: Pecharunt|Malignant Chain|p2a: Mienshao
|-damage|p2a: Mienshao|22/100
|move|p2a: Mienshao|U-turn|p1a: Pecharunt
|-resisted|p1a: Pecharunt
|-damage|p1a: Pecharunt|70/100
|
|t:|1760847430
|switch|p2a: Dragonite|Dragonite, F|39/100|[from] U-turn
|-damage|p2a: Dragonite|14/100|[from] Stealth Rock
|
|upkeep
|turn|14
|inactive|riceloverlebron1 has 120 seconds left.
|inactive|dhekisgsvw has 120 seconds left.
|c|☆riceloverlebron1|you suck bro
|c|☆riceloverlebron1|mons werent made for you
|
|t:|1760847451
|move|p2a: Dragonite|Extreme Speed|p1a: Pecharunt
|-immune|p1a: Pecharunt
|move|p1a: Pecharunt|Malignant Chain|p2a: Dragonite
|-damage|p2a: Dragonite|0 fnt
|faint|p2a: Dragonite
|
|upkeep
|c|☆riceloverlebron1|ily bro take care
|inactive|dhekisgsvw has 120 seconds left.
|c|☆riceloverlebron1|youre ass mate
|
|t:|1760847460
|switch|p2a: Weavile|Weavile, F|100/100
|-damage|p2a: Weavile|76/100|[from] Stealth Rock
|-damage|p2a: Weavile|59/100|[from] Spikes
|turn|15
|c|☆riceloverlebron1|ur fire keep traninglike ash
|c|☆riceloverlebron1|quit the game already
|c|☆riceloverlebron1|you arent winning
|c|☆riceloverlebron1|even ash was bad at a point
|
|t:|1760847468
|move|p2a: Weavile|Throat Chop|p1a: Pecharunt
|-supereffective|p1a: Pecharunt
|-damage|p1a: Pecharunt|27/100
|-start|p1a: Pecharunt|Throat Chop|[silent]
|move|p1a: Pecharunt|Recover|p1a: Pecharunt
|-heal|p1a: Pecharunt|77/100
|
|upkeep
|turn|16
|inactive|riceloverlebron1 has 120 seconds left.
|c|☆riceloverlebron1|bro used throat chop
|
|t:|1760847477
|move|p2a: Weavile|Throat Chop|p1a: Pecharunt
|-supereffective|p1a: Pecharunt
|-damage|p1a: Pecharunt|30/100
|move|p1a: Pecharunt|Recover|p1a: Pecharunt
|-heal|p1a: Pecharunt|80/100
|
|-end|p1a: Pecharunt|Throat Chop|[silent]
|upkeep
|turn|17
|c|☆riceloverlebron1|maybe not this bad
|c|☆riceloverlebron1|are we deaduzz
|
|t:|1760847485
|move|p2a: Weavile|Throat Chop|p1a: Pecharunt
|-supereffective|p1a: Pecharunt
|-damage|p1a: Pecharunt|29/100
|-start|p1a: Pecharunt|Throat Chop|[silent]
|move|p1a: Pecharunt|Recover|p1a: Pecharunt
|-heal|p1a: Pecharunt|79/100
|
|upkeep
|turn|18
|c|☆riceloverlebron1|boii
|
|t:|1760847492
|switch|p1a: Landorus|Landorus-Therian, M|63/100
|-ability|p1a: Landorus|Intimidate|boost
|-unboost|p2a: Weavile|atk|1
|move|p2a: Weavile|Throat Chop|p1a: Landorus
|-damage|p1a: Landorus|35/100
|-start|p1a: Landorus|Throat Chop|[silent]
|
|upkeep
|turn|19
|
|t:|1760847504
|switch|p1a: Pecharunt|Pecharunt|79/100
|move|p2a: Weavile|Triple Axel|p1a: Pecharunt|[miss]
|-miss|p2a: Weavile|p1a: Pecharunt
|
|upkeep
|turn|20
|c|☆riceloverlebron1|oh i missed
|
|t:|1760847515
|move|p2a: Weavile|Throat Chop|p1a: Pecharunt
|-supereffective|p1a: Pecharunt
|-damage|p1a: Pecharunt|46/100
|-start|p1a: Pecharunt|Throat Chop|[silent]
|cant|p1a: Pecharunt|move: Throat Chop
|
|upkeep
|turn|21
|
|t:|1760847521
|move|p2a: Weavile|Throat Chop|p1a: Pecharunt
|-supereffective|p1a: Pecharunt
|-damage|p1a: Pecharunt|16/100
|move|p1a: Pecharunt|Recover|p1a: Pecharunt
|-heal|p1a: Pecharunt|66/100
|
|-end|p1a: Pecharunt|Throat Chop|[silent]
|upkeep
|turn|22
|c|☆riceloverlebron1|woops
|
|t:|1760847528
|move|p2a: Weavile|Throat Chop|p1a: Pecharunt
|-supereffective|p1a: Pecharunt
|-damage|p1a: Pecharunt|33/100
|-start|p1a: Pecharunt|Throat Chop|[silent]
|move|p1a: Pecharunt|Malignant Chain|p2a: Weavile
|-damage|p2a: Weavile|17/100
|
|upkeep
|turn|23
|
|t:|1760847537
|-terastallize|p1a: Pecharunt|Dark
|move|p2a: Weavile|Throat Chop|p1a: Pecharunt
|-resisted|p1a: Pecharunt
|-damage|p1a: Pecharunt|24/100
|move|p1a: Pecharunt|Recover|p1a: Pecharunt
|-heal|p1a: Pecharunt|74/100
|
|-end|p1a: Pecharunt|Throat Chop|[silent]
|upkeep
|turn|24
|
|t:|1760847547
|move|p2a: Weavile|Triple Axel|p1a: Pecharunt
|-damage|p1a: Pecharunt|70/100
|-damage|p1a: Pecharunt|63/100
|-damage|p1a: Pecharunt|50/100
|-hitcount|p1a: Pecharunt|3
|move|p1a: Pecharunt|Recover|p1a: Pecharunt
|-heal|p1a: Pecharunt|100/100
|
|upkeep
|turn|25
|
|t:|1760847557
|move|p2a: Weavile|Triple Axel|p1a: Pecharunt
|-damage|p1a: Pecharunt|97/100
|-damage|p1a: Pecharunt|88/100
|-damage|p1a: Pecharunt|76/100
|-hitcount|p1a: Pecharunt|3
|move|p1a: Pecharunt|Shadow Ball|p2a: Weavile
|-resisted|p2a: Weavile
|-damage|p2a: Weavile|0 fnt
|faint|p2a: Weavile
|
|upkeep
|
|t:|1760847568
|switch|p2a: Mienshao|Mienshao, M|55/100
|-damage|p2a: Mienshao|49/100|[from] Stealth Rock
|-damage|p2a: Mienshao|32/100|[from] Spikes
|turn|26
|
|t:|1760847575
|move|p1a: Pecharunt|Shadow Ball|p2a: Mienshao
|-damage|p2a: Mienshao|0 fnt
|faint|p2a: Mienshao
|
|win|riceloverlebron1
