|j|☆lrs5cz
|j|☆caijin
|t:|1760774421
|gametype|singles
|player|p1|lrs5cz|lucas|1076
|player|p2|caijin|bianca|1099
|gen|9
|tier|[Gen 9] OU
|rated|
|rule|HP Percentage Mod: HP is shown in percentages
|rule|Endless Battle Clause: Forcing endless battles is banned
|rule|Species Clause: Limit one of each Pokémon
|rule|OHKO Clause: OHKO moves are banned
|rule|Evasion Items Clause: Evasion items are banned
|rule|Evasion Moves Clause: Evasion moves are banned
|rule|Evasion Abilities Clause: Evasion abilities are banned
|rule|Sleep Moves Clause: Sleep-inducing moves are banned
|clearpoke
|poke|p1|Gliscor, M|
|poke|p1|Ceruledge, M|
|poke|p1|Primarina, M|
|poke|p1|Slowking-Galar, F|
|poke|p1|Dragonite, M|
|poke|p1|Corviknight, M|
|poke|p2|Serperior, F|
|poke|p2|Meowstic, M|
|poke|p2|Chandelure, M|
|poke|p2|Pawmot, F|
|poke|p2|Noivern, M|
|poke|p2|Florges-Blue, F|
|teampreview
|inactive|Battle timer is ON: inactive players will automatically lose when time's up. (requested by caijin)
|
|t:|1760774428
|teamsize|p1|6
|teamsize|p2|6
|start
|switch|p1a: Pika|Gliscor, M, shiny|100/100
|switch|p2a: Mirror|Meowstic, M|100/100
|turn|1
|
|t:|1760774435
|move|p2a: Mirror|Reflect|p2a: Mirror
|-sidestart|p2: caijin|Reflect
|move|p1a: Pika|Knock Off|p2a: Mirror
|-supereffective|p2a: Mirror
|-damage|p2a: Mirror|76/100
|-enditem|p2a: Mirror|Light Clay|[from] move: Knock Off|[of] p1a: Pika
|
|-status|p1a: Pika|tox|[from] item: Toxic Orb
|upkeep
|turn|2
|
|t:|1760774444
|switch|p2a: Lisianthus|Florges-Blue, F|100/100
|move|p1a: Pika|Stealth Rock|p2a: Lisianthus
|-sidestart|p2: caijin|move: Stealth Rock
|
|upkeep
|turn|3
|
|t:|1760774452
|switch|p1a: Reinita|Slowking-Galar, F, shiny|100/100
|move|p2a: Lisianthus|Chilling Water|p1a: Reinita
|-damage|p1a: Reinita|91/100
|-unboost|p1a: Reinita|atk|1
|
|-heal|p1a: Reinita|97/100|[from] item: Black Sludge
|upkeep
|turn|4
|
|t:|1760774462
|switch|p2a: Mirror|Meowstic, M|76/100
|-damage|p2a: Mirror|64/100|[from] Stealth Rock
|move|p1a: Reinita|Thunder Wave|p2a: Mirror
|-status|p2a: Mirror|par
|
|-heal|p1a: Reinita|100/100|[from] item: Black Sludge
|upkeep
|turn|5
|
|t:|1760774477
|cant|p2a: Mirror|par
|move|p1a: Reinita|Taunt|p2a: Mirror
|-start|p2a: Mirror|move: Taunt
|
|upkeep
|turn|6
|
|t:|1760774484
|switch|p2a: Misty|Noivern, M|100/100
|-prepare|p1a: Reinita|Chilly Reception|[premajor]
|move|p1a: Reinita|Chilly Reception|p1a: Reinita
|-weather|Snowscape
|
|t:|1760774496
|switch|p1a: Drag|Primarina, M, shiny|100/100|[from] Chilly Reception
|
|-weather|Snowscape|[upkeep]
|upkeep
|turn|7
|
|t:|1760774502
|move|p2a: Misty|Defog|p1a: Drag
|-unboost|p1a: Drag|evasion|1
|-sideend|p2: caijin|Stealth Rock|[from] move: Defog|[of] p2a: Misty
|move|p1a: Drag|Moonblast|p2a: Misty
|-supereffective|p2a: Misty
|-damage|p2a: Misty|0 fnt
|faint|p2a: Misty
|
|-weather|Snowscape|[upkeep]
|upkeep
|
|t:|1760774511
|switch|p2a: Mirror|Meowstic, M|64/100 par
|turn|8
|
|t:|1760774519
|move|p2a: Mirror|Thunder Wave|p1a: Drag
|-status|p1a: Drag|par
|move|p1a: Drag|Hyper Voice|p2a: Mirror
|-damage|p2a: Mirror|9/100 par
|-enditem|p1a: Drag|Throat Spray
|-boost|p1a: Drag|spa|1|[from] item: Throat Spray
|
|-weather|Snowscape|[upkeep]
|-sideend|p2: caijin|Reflect
|upkeep
|turn|9
|
|t:|1760774529
|move|p2a: Mirror|Light Screen|p2a: Mirror
|-sidestart|p2: caijin|move: Light Screen
|move|p1a: Drag|Moonblast|p2a: Mirror
|-damage|p2a: Mirror|0 fnt
|faint|p2a: Mirror
|
|-weather|Snowscape|[upkeep]
|upkeep
|
|t:|1760774537
|switch|p2a: Camellia|Serperior, F|100/100
|turn|10
|
|t:|1760774541
|move|p2a: Camellia|Coil|p2a: Camellia
|-boost|p2a: Camellia|atk|1
|-boost|p2a: Camellia|def|1
|-boost|p2a: Camellia|accuracy|1
|move|p1a: Drag|Ice Beam|p2a: Camellia
|-supereffective|p2a: Camellia
|-damage|p2a: Camellia|35/100
|
|-weather|none
|upkeep
|turn|11
|
|t:|1760774551
|move|p2a: Camellia|Bullet Seed|p1a: Drag
|-supereffective|p1a: Drag
|-damage|p1a: Drag|65/100 par
|-supereffective|p1a: Drag
|-damage|p1a: Drag|31/100 par
|-supereffective|p1a: Drag
|-damage|p1a: Drag|0 fnt
|faint|p1a: Drag
|-hitcount|p1: Drag|3
|
|upkeep
|
|t:|1760774558
|switch|p1a: Ravenclaw|Corviknight, M, shiny|100/100
|turn|12
|
|t:|1760774564
|switch|p2a: Shyouko|Chandelure, M|100/100
|move|p1a: Ravenclaw|Iron Defense|p1a: Ravenclaw
|-boost|p1a: Ravenclaw|def|2
|
|upkeep
|turn|13
|
|t:|1760774572
|switch|p1a: Pika|Gliscor, M, shiny|100/100 tox
|move|p2a: Shyouko|Overheat|p1a: Pika
|-damage|p1a: Pika|10/100 tox
|-unboost|p2a: Shyouko|spa|2
|
|-heal|p1a: Pika|23/100 tox|[from] ability: Poison Heal
|-sideend|p2: caijin|move: Light Screen
|upkeep
|turn|14
|
|t:|1760774586
|switch|p2a: Lisianthus|Florges-Blue, F|100/100
|switch|p1a: Reinita|Slowking-Galar, F, shiny|100/100
|
|upkeep
|turn|15
|
|t:|1760774601
|move|p2a: Lisianthus|Calm Mind|p2a: Lisianthus
|-boost|p2a: Lisianthus|spa|1
|-boost|p2a: Lisianthus|spd|1
|move|p1a: Reinita|Thunder Wave|p2a: Lisianthus
|-status|p2a: Lisianthus|par
|-enditem|p2a: Lisianthus|Lum Berry|[eat]
|-curestatus|p2a: Lisianthus|par|[msg]
|
|upkeep
|turn|16
|
|t:|1760774612
|-terastallize|p2a: Lisianthus|Grass
|move|p2a: Lisianthus|Calm Mind|p2a: Lisianthus
|-boost|p2a: Lisianthus|spa|1
|-boost|p2a: Lisianthus|spd|1
|move|p1a: Reinita|Thunder Wave|p2a: Lisianthus
|-block|p2a: Lisianthus|ability: Flower Veil|[of] p2a: Lisianthus
|
|upkeep
|turn|17
|
|t:|1760774622
|move|p2a: Lisianthus|Calm Mind|p2a: Lisianthus
|-boost|p2a: Lisianthus|spa|1
|-boost|p2a: Lisianthus|spd|1
|move|p1a: Reinita|Sludge Wave|p2a: Lisianthus
|-supereffective|p2a: Lisianthus
|-damage|p2a: Lisianthus|82/100
|
|upkeep
|turn|18
|
|t:|1760774639
|switch|p1a: Pika|Gliscor, M, shiny|23/100 tox
|move|p2a: Lisianthus|Calm Mind|p2a: Lisianthus
|-boost|p2a: Lisianthus|spa|1
|-boost|p2a: Lisianthus|spd|1
|
|-heal|p1a: Pika|35/100 tox|[from] ability: Poison Heal
|upkeep
|turn|19
|
|t:|1760774650
|move|p1a: Pika|Stealth Rock|p2a: Lisianthus
|-sidestart|p2: caijin|move: Stealth Rock
|move|p2a: Lisianthus|Calm Mind|p2a: Lisianthus
|-boost|p2a: Lisianthus|spa|1
|-boost|p2a: Lisianthus|spd|1
|
|-heal|p1a: Pika|48/100 tox|[from] ability: Poison Heal
|upkeep
|turn|20
|
|t:|1760774659
|move|p1a: Pika|Knock Off|p2a: Lisianthus
|-damage|p2a: Lisianthus|59/100
|move|p2a: Lisianthus|Calm Mind|p2a: Lisianthus
|-boost|p2a: Lisianthus|spa|1
|-boost|p2a: Lisianthus|spd|1
|
|-heal|p1a: Pika|60/100 tox|[from] ability: Poison Heal
|upkeep
|turn|21
|
|t:|1760774668
|move|p1a: Pika|Spikes|p2a: Lisianthus
|-sidestart|p2: caijin|Spikes
|move|p2a: Lisianthus|Chilling Water|p1a: Pika
|-supereffective|p1a: Pika
|-damage|p1a: Pika|0 fnt
|faint|p1a: Pika
|
|upkeep
|
|t:|1760774674
|switch|p1a: Tajito|Ceruledge, M|100/100
|turn|22
|
|t:|1760774678
|move|p1a: Tajito|Bitter Blade|p2a: Lisianthus
|-supereffective|p2a: Lisianthus
|-damage|p2a: Lisianthus|0 fnt
|faint|p2a: Lisianthus
|-damage|p1a: Tajito|91/100|[from] item: Life Orb
|
|upkeep
|
|t:|1760774686
|switch|p2a: Shyouko|Chandelure, M|100/100
|-damage|p2a: Shyouko|76/100|[from] Stealth Rock
|-damage|p2a: Shyouko|63/100|[from] Spikes
|turn|23
|
|t:|1760774692
|move|p1a: Tajito|Shadow Sneak|p2a: Shyouko
|-supereffective|p2a: Shyouko
|-damage|p2a: Shyouko|0 fnt
|faint|p2a: Shyouko
|-damage|p1a: Tajito|81/100|[from] item: Life Orb
|
|upkeep
|
|t:|1760774699
|switch|p2a: Camellia|Serperior, F|35/100
|-damage|p2a: Camellia|23/100|[from] Stealth Rock
|-damage|p2a: Camellia|10/100|[from] Spikes
|turn|24
|
|t:|1760774705
|move|p2a: Camellia|Scale Shot|p1a: Tajito
|-damage|p1a: Tajito|71/100
|-ability|p1a: Tajito|Weak Armor|boost
|-unboost|p1a: Tajito|def|1
|-boost|p1a: Tajito|spe|2
|-damage|p1a: Tajito|57/100
|-ability|p1a: Tajito|Weak Armor|boost
|-unboost|p1a: Tajito|def|1
|-boost|p1a: Tajito|spe|2
|-damage|p1a: Tajito|39/100
|-ability|p1a: Tajito|Weak Armor|boost
|-unboost|p1a: Tajito|def|1
|-boost|p1a: Tajito|spe|2
|-damage|p1a: Tajito|18/100
|-ability|p1a: Tajito|Weak Armor|boost
|-unboost|p1a: Tajito|def|1
|-damage|p1a: Tajito|0 fnt
|faint|p1a: Tajito
|-hitcount|p1: Tajito|5
|-unboost|p2a: Camellia|def|1
|-boost|p2a: Camellia|spe|1
|
|upkeep
|
|t:|1760774723
|switch|p1a: Barney|Dragonite, M, shiny|100/100
|turn|25
|
|t:|1760774726
|move|p1a: Barney|Extreme Speed|p2a: Camellia
|-damage|p2a: Camellia|0 fnt
|faint|p2a: Camellia
|
|upkeep
|
|t:|1760774732
|switch|p2a: Apricot|Pawmot, F|100/100
|-damage|p2a: Apricot|94/100|[from] Stealth Rock
|-damage|p2a: Apricot|82/100|[from] Spikes
|turn|26
|
|t:|1760774739
|move|p2a: Apricot|Ice Punch|p1a: Barney
|-supereffective|p1a: Barney
|-damage|p1a: Barney|40/100
|move|p1a: Barney|Dragon Dance|p1a: Barney
|-boost|p1a: Barney|atk|1
|-boost|p1a: Barney|spe|1
|
|upkeep
|turn|27
|
|t:|1760774746
|-terastallize|p1a: Barney|Normal
|move|p1a: Barney|Roost|p1a: Barney
|-heal|p1a: Barney|90/100
|move|p2a: Apricot|Ice Punch|p1a: Barney
|-damage|p1a: Barney|62/100
|
|upkeep
|turn|28
|
|t:|1760774755
|move|p1a: Barney|Roost|p1a: Barney
|-heal|p1a: Barney|100/100
|move|p2a: Apricot|Close Combat|p1a: Barney
|-supereffective|p1a: Barney
|-damage|p1a: Barney|31/100
|-unboost|p2a: Apricot|def|1
|-unboost|p2a: Apricot|spd|1
|
|upkeep
|turn|29
|
|t:|1760774766
|move|p1a: Barney|Earthquake|p2a: Apricot
|-supereffective|p2a: Apricot
|-damage|p2a: Apricot|0 fnt
|faint|p2a: Apricot
|
|win|lrs5cz
|raw|lrs5cz's rating: 1076 &rarr; <strong>1106</strong><br />(+30 for winning)
|raw|caijin's rating: 1099 &rarr; <strong>1073</strong><br />(-26 for losing)
|l|☆caijin
|player|p2|
|l|☆lrs5cz
|player|p1|
