|j|☆Drjurnslc
|j|☆Denshiz
|t:|1760816319
|gametype|singles
|player|p1|Drjurnslc|n|1142
|player|p2|Denshiz|265|1129
|gen|9
|tier|[Gen 9] OU
|rated|
|rule|HP Percentage Mod: HP is shown in percentages
|rule|Endless Battle Clause: Forcing endless battles is banned
|rule|Species Clause: Limit one of each Pokémon
|rule|OHKO Clause: OHKO moves are banned
|rule|Evasion Items Clause: Evasion items are banned
|rule|Evasion Moves Clause: Evasion moves are banned
|rule|Evasion Abilities Clause: Evasion abilities are banned
|rule|Sleep Moves Clause: Sleep-inducing moves are banned
|clearpoke
|poke|p1|Torkoal, F|
|poke|p1|Walking Wake|
|poke|p1|Dragonite, F|
|poke|p1|Hatterene, F|
|poke|p1|Great Tusk|
|poke|p1|Glimmora, M|
|poke|p2|Raging Bolt|
|poke|p2|Gholdengo|
|poke|p2|Great Tusk|
|poke|p2|Alomomola, F|
|poke|p2|Dragonite, F|
|poke|p2|Garganacl, M|
|teampreview
|
|t:|1760816323
|teamsize|p1|6
|teamsize|p2|6
|start
|switch|p1a: Glimmora|Glimmora, M, shiny|100/100
|switch|p2a: Garganacl|Garganacl, M|100/100
|-item|p1a: Glimmora|Air Balloon
|turn|1
|
|t:|1760816337
|move|p1a: Glimmora|Earth Power|p2a: Garganacl
|-supereffective|p2a: Garganacl
|-damage|p2a: Garganacl|57/100
|move|p2a: Garganacl|Salt Cure|p1a: Glimmora
|-damage|p1a: Glimmora|88/100
|-start|p1a: Glimmora|Salt Cure
|-activate|p1a: Glimmora|ability: Toxic Debris
|-sidestart|p2: Denshiz|move: Toxic Spikes
|-enditem|p1a: Glimmora|Air Balloon
|
|-heal|p2a: Garganacl|64/100|[from] item: Leftovers
|-damage|p1a: Glimmora|75/100|[from] Salt Cure
|upkeep
|turn|2
|
|t:|1760816351
|-terastallize|p1a: Glimmora|Grass
|move|p1a: Glimmora|Stealth Rock|p2a: Garganacl
|-sidestart|p2: Denshiz|move: Stealth Rock
|move|p2a: Garganacl|Stealth Rock|p1a: Glimmora
|-sidestart|p1: Drjurnslc|move: Stealth Rock
|
|-heal|p2a: Garganacl|70/100|[from] item: Leftovers
|-damage|p1a: Glimmora|63/100|[from] Salt Cure
|upkeep
|turn|3
|
|t:|1760816364
|switch|p2a: Great Tusk|Great Tusk|100/100
|move|p1a: Glimmora|Mortal Spin|p2a: Great Tusk
|-resisted|p2a: Great Tusk
|-damage|p2a: Great Tusk|98/100
|-status|p2a: Great Tusk|psn
|-sideend|p1: Drjurnslc|Stealth Rock|[from] move: Mortal Spin|[of] p1a: Glimmora
|
|-damage|p2a: Great Tusk|86/100 psn|[from] psn
|-damage|p1a: Glimmora|50/100|[from] Salt Cure
|upkeep
|turn|4
|
|t:|1760816394
|switch|p1a: Dragonite|Dragonite, F|100/100
|move|p2a: Great Tusk|Rapid Spin|p1a: Dragonite
|-damage|p1a: Dragonite|93/100
|-boost|p2a: Great Tusk|spe|1
|-damage|p2a: Great Tusk|69/100 psn|[from] item: Rocky Helmet|[of] p1a: Dragonite
|-sideend|p2: Denshiz|Toxic Spikes|[from] move: Rapid Spin|[of] p2a: Great Tusk
|-sideend|p2: Denshiz|Stealth Rock|[from] move: Rapid Spin|[of] p2a: Great Tusk
|
|-damage|p2a: Great Tusk|57/100 psn|[from] psn
|upkeep
|turn|5
|
|t:|1760816412
|-end|p2a: Great Tusk|Protosynthesis|[silent]
|switch|p2a: Garganacl|Garganacl, M|70/100
|move|p1a: Dragonite|Encore||[still]
|-fail|p1a: Dragonite
|
|-heal|p2a: Garganacl|76/100|[from] item: Leftovers
|upkeep
|turn|6
|
|t:|1760816425
|switch|p1a: Torkoal|Torkoal, F|100/100
|-weather|SunnyDay|[from] ability: Drought|[of] p1a: Torkoal
|move|p2a: Garganacl|Protect||[still]
|-fail|p2a: Garganacl
|
|-weather|SunnyDay|[upkeep]
|-heal|p2a: Garganacl|82/100|[from] item: Leftovers
|upkeep
|turn|7
|
|t:|1760816435
|switch|p1a: Hatterene|Hatterene, F, shiny|100/100
|move|p2a: Garganacl|Stealth Rock|p1a: Hatterene
|move|p1a: Hatterene|Stealth Rock|p2a: Garganacl|[from] ability: Magic Bounce
|-sidestart|p2: Denshiz|move: Stealth Rock
|
|-weather|SunnyDay|[upkeep]
|-heal|p2a: Garganacl|88/100|[from] item: Leftovers
|upkeep
|turn|8
|
|t:|1760816447
|move|p2a: Garganacl|Salt Cure|p1a: Hatterene
|-damage|p1a: Hatterene|88/100
|-start|p1a: Hatterene|Salt Cure
|-enditem|p1a: Hatterene|Eject Button
|
|t:|1760816453
|switch|p1a: Walking Wake|Walking Wake|100/100
|-activate|p1a: Walking Wake|ability: Protosynthesis
|-start|p1a: Walking Wake|protosynthesisspe
|
|-weather|SunnyDay|[upkeep]
|-heal|p2a: Garganacl|95/100|[from] item: Leftovers
|upkeep
|turn|9
|
|t:|1760816462
|-terastallize|p2a: Garganacl|Fairy
|move|p1a: Walking Wake|Hydro Steam|p2a: Garganacl
|-damage|p2a: Garganacl|27/100
|move|p2a: Garganacl|Stealth Rock|p1a: Walking Wake
|-sidestart|p1: Drjurnslc|move: Stealth Rock
|
|-weather|SunnyDay|[upkeep]
|-heal|p2a: Garganacl|34/100|[from] item: Leftovers
|upkeep
|turn|10
|
|t:|1760816474
|move|p2a: Garganacl|Protect|p2a: Garganacl
|-singleturn|p2a: Garganacl|Protect
|move|p1a: Walking Wake|Hydro Steam|p2a: Garganacl
|-activate|p2a: Garganacl|move: Protect
|
|-weather|SunnyDay|[upkeep]
|-heal|p2a: Garganacl|40/100|[from] item: Leftovers
|upkeep
|turn|11
|
|t:|1760816486
|switch|p2a: Alomomola|Alomomola, F|100/100
|move|p1a: Walking Wake|Hydro Steam|p2a: Alomomola
|-resisted|p2a: Alomomola
|-damage|p2a: Alomomola|61/100
|
|-weather|SunnyDay|[upkeep]
|upkeep
|turn|12
|
|t:|1760816504
|-end|p1a: Walking Wake|Protosynthesis|[silent]
|switch|p1a: Hatterene|Hatterene, F, shiny|88/100
|-damage|p1a: Hatterene|76/100|[from] Stealth Rock
|move|p2a: Alomomola|Tickle|p1a: Hatterene
|move|p1a: Hatterene|Tickle|p2a: Alomomola|[from] ability: Magic Bounce
|-unboost|p2a: Alomomola|atk|1
|-unboost|p2a: Alomomola|def|1
|
|-weather|SunnyDay|[upkeep]
|upkeep
|turn|13
|
|t:|1760816520
|move|p2a: Alomomola|Flip Turn|p1a: Hatterene
|-damage|p1a: Hatterene|72/100
|
|t:|1760816528
|switch|p2a: Gholdengo|Gholdengo|100/100|[from] Flip Turn
|-damage|p2a: Gholdengo|94/100|[from] Stealth Rock
|move|p1a: Hatterene|Nuzzle|p2a: Gholdengo
|-damage|p2a: Gholdengo|90/100
|-status|p2a: Gholdengo|par
|
|-weather|none
|upkeep
|turn|14
|
|t:|1760816546
|switch|p1a: Dragonite|Dragonite, F|93/100
|-damage|p1a: Dragonite|68/100|[from] Stealth Rock
|move|p2a: Gholdengo|Shadow Ball|p1a: Dragonite
|-damage|p1a: Dragonite|32/100
|
|upkeep
|turn|15
|
|t:|1760816557
|move|p1a: Dragonite|Fire Spin|p2a: Gholdengo
|-supereffective|p2a: Gholdengo
|-damage|p2a: Gholdengo|71/100 par
|-activate|p2a: Gholdengo|move: Fire Spin|[of] p1a: Dragonite
|move|p2a: Gholdengo|Shadow Ball|p1a: Dragonite
|-damage|p1a: Dragonite|0 fnt
|faint|p1a: Dragonite
|
|-end|p2a: Gholdengo|Fire Spin|[partiallytrapped]|[silent]
|upkeep
|
|t:|1760816571
|switch|p1a: Torkoal|Torkoal, F|100/100
|-damage|p1a: Torkoal|76/100|[from] Stealth Rock
|-weather|SunnyDay|[from] ability: Drought|[of] p1a: Torkoal
|turn|16
|
|t:|1760816581
|cant|p2a: Gholdengo|par
|move|p1a: Torkoal|Earth Power|p2a: Gholdengo
|-supereffective|p2a: Gholdengo
|-damage|p2a: Gholdengo|29/100 par
|
|-weather|SunnyDay|[upkeep]
|upkeep
|turn|17
|
|t:|1760816591
|switch|p2a: Alomomola|Alomomola, F|94/100
|move|p1a: Torkoal|Earth Power|p2a: Alomomola
|-damage|p2a: Alomomola|78/100
|-unboost|p2a: Alomomola|spd|1
|
|-weather|SunnyDay|[upkeep]
|upkeep
|turn|18
|
|t:|1760816603
|switch|p1a: Glimmora|Glimmora, M, shiny, tera:Grass|50/100
|-damage|p1a: Glimmora|38/100|[from] Stealth Rock
|move|p2a: Alomomola|Wish|p2a: Alomomola
|
|-weather|SunnyDay|[upkeep]
|upkeep
|turn|19
|
|t:|1760816612
|switch|p2a: Great Tusk|Great Tusk|57/100 psn
|-activate|p2a: Great Tusk|ability: Protosynthesis
|-start|p2a: Great Tusk|protosynthesisatk
|move|p1a: Glimmora|Mortal Spin|p2a: Great Tusk
|-resisted|p2a: Great Tusk
|-damage|p2a: Great Tusk|55/100 psn
|-sideend|p1: Drjurnslc|Stealth Rock|[from] move: Mortal Spin|[of] p1a: Glimmora
|
|-weather|SunnyDay|[upkeep]
|-heal|p2a: Great Tusk|100/100 psn|[from] move: Wish|[wisher] Alomomola
|-damage|p2a: Great Tusk|88/100 psn|[from] psn
|upkeep
|turn|20
|
|t:|1760816643
|switch|p1a: Great Tusk|Great Tusk|100/100
|-activate|p1a: Great Tusk|ability: Protosynthesis
|-start|p1a: Great Tusk|protosynthesisatk
|move|p2a: Great Tusk|Rapid Spin|p1a: Great Tusk
|-damage|p1a: Great Tusk|84/100
|-boost|p2a: Great Tusk|spe|1
|-sideend|p2: Denshiz|Stealth Rock|[from] move: Rapid Spin|[of] p2a: Great Tusk
|
|-weather|SunnyDay|[upkeep]
|-heal|p1a: Great Tusk|90/100|[from] item: Leftovers
|-damage|p2a: Great Tusk|76/100 psn|[from] psn
|upkeep
|turn|21
|
|t:|1760816657
|-end|p2a: Great Tusk|Protosynthesis|[silent]
|switch|p2a: Alomomola|Alomomola, F|100/100
|move|p1a: Great Tusk|Ice Spinner|p2a: Alomomola
|-resisted|p2a: Alomomola
|-damage|p2a: Alomomola|88/100
|
|-weather|SunnyDay|[upkeep]
|-heal|p1a: Great Tusk|96/100|[from] item: Leftovers
|upkeep
|turn|22
|
|t:|1760816670
|-end|p1a: Great Tusk|Protosynthesis|[silent]
|switch|p1a: Walking Wake|Walking Wake|100/100
|-activate|p1a: Walking Wake|ability: Protosynthesis
|-start|p1a: Walking Wake|protosynthesisspe
|move|p2a: Alomomola|Wish|p2a: Alomomola
|
|-weather|SunnyDay|[upkeep]
|upkeep
|turn|23
|
|t:|1760816681
|move|p1a: Walking Wake|Flamethrower|p2a: Alomomola
|-resisted|p2a: Alomomola
|-damage|p2a: Alomomola|55/100
|move|p2a: Alomomola|Flip Turn|p1a: Walking Wake
|-resisted|p1a: Walking Wake
|-damage|p1a: Walking Wake|99/100
|
|t:|1760816687
|switch|p2a: Raging Bolt|Raging Bolt|100/100|[from] Flip Turn
|-activate|p2a: Raging Bolt|ability: Protosynthesis
|-start|p2a: Raging Bolt|protosynthesisspa
|
|-weather|none
|-end|p1a: Walking Wake|Protosynthesis
|-end|p2a: Raging Bolt|Protosynthesis
|upkeep
|turn|24
|
|t:|1760816696
|-end|p1a: Walking Wake|Protosynthesis|[silent]
|switch|p1a: Torkoal|Torkoal, F|76/100
|-weather|SunnyDay|[from] ability: Drought|[of] p1a: Torkoal
|-activate|p2a: Raging Bolt|ability: Protosynthesis
|-start|p2a: Raging Bolt|protosynthesisspa
|move|p2a: Raging Bolt|Thunderclap||[still]
|-fail|p2a: Raging Bolt
|
|-weather|SunnyDay|[upkeep]
|upkeep
|turn|25
|
|t:|1760816710
|-end|p2a: Raging Bolt|Protosynthesis|[silent]
|switch|p2a: Dragonite|Dragonite, F|100/100
|switch|p1a: Great Tusk|Great Tusk|96/100
|-activate|p1a: Great Tusk|ability: Protosynthesis
|-start|p1a: Great Tusk|protosynthesisatk
|
|-weather|SunnyDay|[upkeep]
|-heal|p1a: Great Tusk|100/100|[from] item: Leftovers
|upkeep
|turn|26
|
|t:|1760816720
|move|p1a: Great Tusk|Rapid Spin|p2a: Dragonite
|-damage|p2a: Dragonite|86/100
|-boost|p1a: Great Tusk|spe|1
|move|p2a: Dragonite|Earthquake|p1a: Great Tusk
|-damage|p1a: Great Tusk|71/100
|
|-weather|SunnyDay|[upkeep]
|-heal|p1a: Great Tusk|77/100|[from] item: Leftovers
|upkeep
|turn|27
|
|t:|1760816730
|move|p1a: Great Tusk|Ice Spinner|p2a: Dragonite
|-supereffective|p2a: Dragonite
|-damage|p2a: Dragonite|0 fnt
|faint|p2a: Dragonite
|
|-weather|SunnyDay|[upkeep]
|-heal|p1a: Great Tusk|83/100|[from] item: Leftovers
|upkeep
|
|t:|1760816740
|switch|p2a: Raging Bolt|Raging Bolt|100/100
|-activate|p2a: Raging Bolt|ability: Protosynthesis
|-start|p2a: Raging Bolt|protosynthesisspa
|turn|28
|
|t:|1760816747
|move|p1a: Great Tusk|Headlong Rush|p2a: Raging Bolt
|-supereffective|p2a: Raging Bolt
|-damage|p2a: Raging Bolt|0 fnt
|-unboost|p1a: Great Tusk|def|1
|-unboost|p1a: Great Tusk|spd|1
|faint|p2a: Raging Bolt
|-end|p2a: Raging Bolt|Protosynthesis|[silent]
|
|-weather|SunnyDay|[upkeep]
|-heal|p1a: Great Tusk|89/100|[from] item: Leftovers
|upkeep
|
|t:|1760816757
|switch|p2a: Alomomola|Alomomola, F|88/100
|turn|29
|
|t:|1760816764
|move|p1a: Great Tusk|Bulk Up|p1a: Great Tusk
|-boost|p1a: Great Tusk|atk|1
|-boost|p1a: Great Tusk|def|1
|move|p2a: Alomomola|Flip Turn|p1a: Great Tusk
|-supereffective|p1a: Great Tusk
|-damage|p1a: Great Tusk|76/100
|
|t:|1760816773
|switch|p2a: Garganacl|Garganacl, M, tera:Fairy|40/100|[from] Flip Turn
|
|-weather|SunnyDay|[upkeep]
|-heal|p1a: Great Tusk|82/100|[from] item: Leftovers
|-heal|p2a: Garganacl|46/100|[from] item: Leftovers
|upkeep
|turn|30
|
|t:|1760816782
|move|p1a: Great Tusk|Ice Spinner|p2a: Garganacl
|-damage|p2a: Garganacl|5/100
|move|p2a: Garganacl|Salt Cure|p1a: Great Tusk
|-resisted|p1a: Great Tusk
|-damage|p1a: Great Tusk|80/100
|-start|p1a: Great Tusk|Salt Cure
|
|-weather|SunnyDay|[upkeep]
|-heal|p1a: Great Tusk|86/100|[from] item: Leftovers
|-heal|p2a: Garganacl|11/100|[from] item: Leftovers
|-damage|p1a: Great Tusk|74/100|[from] Salt Cure
|upkeep
|turn|31
|
|t:|1760816794
|move|p2a: Garganacl|Protect|p2a: Garganacl
|-singleturn|p2a: Garganacl|Protect
|move|p1a: Great Tusk|Headlong Rush|p2a: Garganacl
|-activate|p2a: Garganacl|move: Protect
|
|-weather|none
|-end|p1a: Great Tusk|Protosynthesis
|-heal|p1a: Great Tusk|80/100|[from] item: Leftovers
|-heal|p2a: Garganacl|17/100|[from] item: Leftovers
|-damage|p1a: Great Tusk|68/100|[from] Salt Cure
|upkeep
|turn|32
|
|t:|1760816806
|-end|p1a: Great Tusk|Protosynthesis|[silent]
|switch|p1a: Torkoal|Torkoal, F|76/100
|-weather|SunnyDay|[from] ability: Drought|[of] p1a: Torkoal
|move|p2a: Garganacl|Recover|p2a: Garganacl
|-heal|p2a: Garganacl|67/100
|
|-weather|SunnyDay|[upkeep]
|-heal|p2a: Garganacl|74/100|[from] item: Leftovers
|upkeep
|turn|33
|
|t:|1760816822
|move|p2a: Garganacl|Stealth Rock|p1a: Torkoal
|-sidestart|p1: Drjurnslc|move: Stealth Rock
|move|p1a: Torkoal|Stealth Rock|p2a: Garganacl
|-sidestart|p2: Denshiz|move: Stealth Rock
|
|-weather|SunnyDay|[upkeep]
|-heal|p2a: Garganacl|80/100|[from] item: Leftovers
|upkeep
|turn|34
|
|t:|1760816838
|switch|p1a: Glimmora|Glimmora, M, shiny, tera:Grass|38/100
|-damage|p1a: Glimmora|25/100|[from] Stealth Rock
|move|p2a: Garganacl|Salt Cure|p1a: Glimmora
|-damage|p1a: Glimmora|14/100
|-start|p1a: Glimmora|Salt Cure
|-activate|p1a: Glimmora|ability: Toxic Debris
|-sidestart|p2: Denshiz|move: Toxic Spikes
|
|-weather|SunnyDay|[upkeep]
|-heal|p2a: Garganacl|86/100|[from] item: Leftovers
|-damage|p1a: Glimmora|1/100|[from] Salt Cure
|upkeep
|turn|35
|
|t:|1760816856
|move|p2a: Garganacl|Protect|p2a: Garganacl
|-singleturn|p2a: Garganacl|Protect
|move|p1a: Glimmora|Mortal Spin|p2a: Garganacl
|-activate|p2a: Garganacl|move: Protect
|
|-weather|SunnyDay|[upkeep]
|-heal|p2a: Garganacl|92/100|[from] item: Leftovers
|-damage|p1a: Glimmora|0 fnt|[from] Salt Cure
|faint|p1a: Glimmora
|upkeep
|
|t:|1760816867
|switch|p1a: Walking Wake|Walking Wake|99/100
|-damage|p1a: Walking Wake|86/100|[from] Stealth Rock
|-activate|p1a: Walking Wake|ability: Protosynthesis
|-start|p1a: Walking Wake|protosynthesisspe
|turn|36
|
|t:|1760816874
|move|p1a: Walking Wake|Hydro Steam|p2a: Garganacl
|-damage|p2a: Garganacl|29/100
|move|p2a: Garganacl|Salt Cure|p1a: Walking Wake
|-damage|p1a: Walking Wake|72/100
|-start|p1a: Walking Wake|Salt Cure
|
|-weather|SunnyDay|[upkeep]
|-heal|p2a: Garganacl|35/100|[from] item: Leftovers
|-damage|p1a: Walking Wake|48/100|[from] Salt Cure
|upkeep
|turn|37
|
|t:|1760816885
|-end|p1a: Walking Wake|Protosynthesis|[silent]
|switch|p1a: Great Tusk|Great Tusk|68/100
|-damage|p1a: Great Tusk|65/100|[from] Stealth Rock
|-activate|p1a: Great Tusk|ability: Protosynthesis
|-start|p1a: Great Tusk|protosynthesisatk
|move|p2a: Garganacl|Protect||[still]
|-fail|p2a: Garganacl
|
|-weather|SunnyDay|[upkeep]
|-heal|p1a: Great Tusk|71/100|[from] item: Leftovers
|-heal|p2a: Garganacl|41/100|[from] item: Leftovers
|upkeep
|turn|38
|
|t:|1760816899
|move|p1a: Great Tusk|Bulk Up|p1a: Great Tusk
|-boost|p1a: Great Tusk|atk|1
|-boost|p1a: Great Tusk|def|1
|move|p2a: Garganacl|Recover|p2a: Garganacl
|-heal|p2a: Garganacl|92/100
|
|-weather|SunnyDay|[upkeep]
|-heal|p1a: Great Tusk|77/100|[from] item: Leftovers
|-heal|p2a: Garganacl|98/100|[from] item: Leftovers
|upkeep
|turn|39
|
|t:|1760816909
|move|p1a: Great Tusk|Bulk Up|p1a: Great Tusk
|-boost|p1a: Great Tusk|atk|1
|-boost|p1a: Great Tusk|def|1
|move|p2a: Garganacl|Salt Cure|p1a: Great Tusk
|-resisted|p1a: Great Tusk
|-damage|p1a: Great Tusk|76/100
|-start|p1a: Great Tusk|Salt Cure
|
|-weather|none
|-end|p1a: Great Tusk|Protosynthesis
|-heal|p1a: Great Tusk|82/100|[from] item: Leftovers
|-heal|p2a: Garganacl|100/100|[from] item: Leftovers
|-damage|p1a: Great Tusk|70/100|[from] Salt Cure
|upkeep
|turn|40
|
|t:|1760816923
|move|p1a: Great Tusk|Bulk Up|p1a: Great Tusk
|-boost|p1a: Great Tusk|atk|1
|-boost|p1a: Great Tusk|def|1
|move|p2a: Garganacl|Recover||[still]
|-fail|p2a: Garganacl|heal
|
|-heal|p1a: Great Tusk|76/100|[from] item: Leftovers
|-damage|p1a: Great Tusk|63/100|[from] Salt Cure
|upkeep
|turn|41
|
|t:|1760816936
|switch|p2a: Alomomola|Alomomola, F|100/100
|move|p1a: Great Tusk|Bulk Up|p1a: Great Tusk
|-boost|p1a: Great Tusk|atk|1
|-boost|p1a: Great Tusk|def|1
|
|-heal|p1a: Great Tusk|70/100|[from] item: Leftovers
|-damage|p1a: Great Tusk|57/100|[from] Salt Cure
|upkeep
|turn|42
|
|t:|1760816946
|move|p1a: Great Tusk|Rapid Spin|p2a: Alomomola
|-damage|p2a: Alomomola|68/100
|-boost|p1a: Great Tusk|spe|1
|-sideend|p1: Drjurnslc|Stealth Rock|[from] move: Rapid Spin|[of] p1a: Great Tusk
|move|p2a: Alomomola|Tickle|p1a: Great Tusk
|-unboost|p1a: Great Tusk|atk|1
|-unboost|p1a: Great Tusk|def|1
|
|-heal|p1a: Great Tusk|63/100|[from] item: Leftovers
|-damage|p1a: Great Tusk|51/100|[from] Salt Cure
|upkeep
|turn|43
|
|t:|1760816957
|move|p1a: Great Tusk|Headlong Rush|p2a: Alomomola
|-damage|p2a: Alomomola|0 fnt
|-unboost|p1a: Great Tusk|def|1
|-unboost|p1a: Great Tusk|spd|1
|faint|p2a: Alomomola
|
|-heal|p1a: Great Tusk|57/100|[from] item: Leftovers
|-damage|p1a: Great Tusk|45/100|[from] Salt Cure
|upkeep
|
|t:|1760816967
|switch|p2a: Great Tusk|Great Tusk|76/100 psn
|turn|44
|
|t:|1760816970
|move|p1a: Great Tusk|Ice Spinner|p2a: Great Tusk
|-supereffective|p2a: Great Tusk
|-damage|p2a: Great Tusk|0 fnt
|faint|p2a: Great Tusk
|-end|p2a: Great Tusk|Protosynthesis|[silent]
|
|-heal|p1a: Great Tusk|51/100|[from] item: Leftovers
|-damage|p1a: Great Tusk|39/100|[from] Salt Cure
|upkeep
|
|t:|1760816979
|switch|p2a: Garganacl|Garganacl, M, tera:Fairy|100/100
|-damage|p2a: Garganacl|88/100|[from] Stealth Rock
|turn|45
|
|t:|1760816985
|move|p2a: Garganacl|Protect|p2a: Garganacl
|-singleturn|p2a: Garganacl|Protect
|move|p1a: Great Tusk|Headlong Rush|p2a: Garganacl
|-activate|p2a: Garganacl|move: Protect
|
|-heal|p1a: Great Tusk|45/100|[from] item: Leftovers
|-heal|p2a: Garganacl|94/100|[from] item: Leftovers
|-damage|p1a: Great Tusk|32/100|[from] Salt Cure
|upkeep
|turn|46
|
|t:|1760816996
|move|p1a: Great Tusk|Headlong Rush|p2a: Garganacl
|-damage|p2a: Garganacl|0 fnt
|-unboost|p1a: Great Tusk|def|1
|-unboost|p1a: Great Tusk|spd|1
|faint|p2a: Garganacl
|
|-heal|p1a: Great Tusk|39/100|[from] item: Leftovers
|-damage|p1a: Great Tusk|26/100|[from] Salt Cure
|upkeep
|
|t:|1760817006
|switch|p2a: Gholdengo|Gholdengo|29/100 par
|-damage|p2a: Gholdengo|23/100 par|[from] Stealth Rock
|turn|47
|
|t:|1760817013
|move|p1a: Great Tusk|Headlong Rush|p2a: Gholdengo
|-supereffective|p2a: Gholdengo
|-damage|p2a: Gholdengo|0 fnt
|-unboost|p1a: Great Tusk|def|1
|-unboost|p1a: Great Tusk|spd|1
|faint|p2a: Gholdengo
|
|win|Drjurnslc
|raw|Drjurnslc's rating: 1142 &rarr; <strong>1166</strong><br />(+24 for winning)
|raw|Denshiz's rating: 1129 &rarr; <strong>1105</strong><br />(-24 for losing)
