|j|☆DiamondFury205
|j|☆fafewf
|t:|1760808939
|gametype|singles
|player|p1|DiamondFury205|2|1505
|player|p2|fafewf|wallace|1618
|gen|9
|tier|[Gen 9] OU
|rated|
|rule|HP Percentage Mod: HP is shown in percentages
|rule|Endless Battle Clause: Forcing endless battles is banned
|rule|Species Clause: Limit one of each Pokémon
|rule|OHKO Clause: OHKO moves are banned
|rule|Evasion Items Clause: Evasion items are banned
|rule|Evasion Moves Clause: Evasion moves are banned
|rule|Evasion Abilities Clause: Evasion abilities are banned
|rule|Sleep Moves Clause: Sleep-inducing moves are banned
|clearpoke
|poke|p1|Haxorus, M|
|poke|p1|Samurott-Hisui, M|
|poke|p1|Weavile, M|
|poke|p1|Great Tusk|
|poke|p1|Iron Crown|
|poke|p1|Tornadus-Therian, M|
|poke|p2|Suicune|
|poke|p2|Gengar, M|
|poke|p2|Weavile, M|
|poke|p2|Vileplume, M|
|poke|p2|Cinderace, M|
|poke|p2|Gliscor, M|
|teampreview
|
|t:|1760808944
|teamsize|p1|6
|teamsize|p2|6
|start
|switch|p1a: Samurott|Samurott-Hisui, M|100/100
|switch|p2a: Vileplume|Vileplume, M|100/100
|turn|1
|inactive|Battle timer is ON: inactive players will automatically lose when time's up. (requested by DiamondFury205)
|
|t:|1760808954
|move|p1a: Samurott|Knock Off|p2a: Vileplume
|-damage|p2a: Vileplume|64/100
|-damage|p1a: Samurott|84/100|[from] item: Rocky Helmet|[of] p2a: Vileplume
|-enditem|p2a: Vileplume|Rocky Helmet|[from] move: Knock Off|[of] p1a: Samurott
|move|p2a: Vileplume|Leech Seed|p1a: Samurott
|-start|p1a: Samurott|move: Leech Seed
|
|-damage|p1a: Samurott|72/100|[from] Leech Seed|[of] p2a: Vileplume
|-heal|p2a: Vileplume|75/100|[silent]
|upkeep
|turn|2
|
|t:|1760808963
|switch|p1a: Iron Crown|Iron Crown|100/100
|move|p2a: Vileplume|Sludge Bomb|p1a: Iron Crown
|-immune|p1a: Iron Crown
|
|upkeep
|turn|3
|
|t:|1760808967
|switch|p2a: Gliscor|Gliscor, M|100/100
|move|p1a: Iron Crown|Tachyon Cutter|p2a: Gliscor
|-damage|p2a: Gliscor|70/100
|-damage|p2a: Gliscor|40/100
|-hitcount|p2a: Gliscor|2
|
|-status|p2a: Gliscor|tox|[from] item: Toxic Orb
|upkeep
|turn|4
|j| lord shiddenfards
|
|t:|1760808973
|move|p2a: Gliscor|Protect|p2a: Gliscor
|-singleturn|p2a: Gliscor|Protect
|move|p1a: Iron Crown|Tachyon Cutter|p2a: Gliscor
|-activate|p2a: Gliscor|move: Protect
|
|-heal|p2a: Gliscor|52/100 tox|[from] ability: Poison Heal
|upkeep
|turn|5
|c|☆fafewf|Oops
|c|☆fafewf|wrong account
|inactive|fafewf has 120 seconds left.
|
|t:|1760809006
|switch|p2a: Cinderace|Cinderace, M|100/100
|move|p1a: Iron Crown|Tachyon Cutter|p2a: Cinderace
|-resisted|p2a: Cinderace
|-damage|p2a: Cinderace|74/100
|-resisted|p2a: Cinderace
|-damage|p2a: Cinderace|47/100
|-hitcount|p2a: Cinderace|2
|
|upkeep
|turn|6
|inactive|fafewf has 120 seconds left.
|
|t:|1760809017
|-end|p1a: Iron Crown|Quark Drive|[silent]
|switch|p1a: Great Tusk|Great Tusk|100/100
|move|p2a: Cinderace|U-turn|p1a: Great Tusk
|-start|p2a: Cinderace|typechange|Bug|[from] ability: Libero
|-resisted|p1a: Great Tusk
|-damage|p1a: Great Tusk|88/100
|-damage|p2a: Cinderace|30/100|[from] item: Rocky Helmet|[of] p1a: Great Tusk
|
|t:|1760809021
|switch|p2a: Vileplume|Vileplume, M|75/100|[from] U-turn
|
|upkeep
|turn|7
|
|t:|1760809033
|-end|p1a: Great Tusk|Protosynthesis|[silent]
|switch|p1a: Iron Crown|Iron Crown|100/100
|move|p2a: Vileplume|Leech Seed|p1a: Iron Crown
|-start|p1a: Iron Crown|move: Leech Seed
|
|-damage|p1a: Iron Crown|88/100|[from] Leech Seed|[of] p2a: Vileplume
|-heal|p2a: Vileplume|86/100|[silent]
|upkeep
|turn|8
|
|t:|1760809041
|switch|p2a: Main course|Suicune|100/100
|-ability|p2a: Main course|Pressure
|move|p1a: Iron Crown|Psychic Noise|p2a: Main course
|-damage|p2a: Main course|64/100
|-start|p2a: Main course|move: Heal Block
|
|-damage|p1a: Iron Crown|76/100|[from] Leech Seed|[of] p2a: Main course
|upkeep
|turn|9
|
|t:|1760809054
|-end|p1a: Iron Crown|Quark Drive|[silent]
|switch|p1a: Samurott|Samurott-Hisui, M|72/100
|move|p2a: Main course|Scald|p1a: Samurott
|-resisted|p1a: Samurott
|-damage|p1a: Samurott|59/100
|
|-end|p2a: Main course|move: Heal Block
|upkeep
|turn|10
|
|t:|1760809059
|switch|p2a: Vileplume|Vileplume, M|86/100
|move|p1a: Samurott|Knock Off|p2a: Vileplume
|-damage|p2a: Vileplume|63/100
|
|upkeep
|turn|11
|
|t:|1760809065
|move|p1a: Samurott|Ceaseless Edge|p2a: Vileplume
|-damage|p2a: Vileplume|39/100
|-status|p1a: Samurott|psn|[from] ability: Effect Spore|[of] p2a: Vileplume
|-sidestart|p2: fafewf|Spikes
|move|p2a: Vileplume|Strength Sap|p1a: Samurott
|-unboost|p1a: Samurott|atk|1
|-heal|p2a: Vileplume|100/100
|
|-damage|p1a: Samurott|47/100 psn|[from] psn
|upkeep
|turn|12
|
|t:|1760809071
|move|p1a: Samurott|Ceaseless Edge|p2a: Vileplume
|-damage|p2a: Vileplume|84/100
|-sidestart|p2: fafewf|Spikes
|move|p2a: Vileplume|Leech Seed|p1a: Samurott
|-start|p1a: Samurott|move: Leech Seed
|
|-damage|p1a: Samurott|34/100 psn|[from] Leech Seed|[of] p2a: Vileplume
|-heal|p2a: Vileplume|96/100|[silent]
|-damage|p1a: Samurott|22/100 psn|[from] psn
|upkeep
|turn|13
|
|t:|1760809079
|switch|p2a: Gliscor|Gliscor, M|52/100 tox
|move|p1a: Samurott|Ceaseless Edge|p2a: Gliscor
|-damage|p2a: Gliscor|37/100 tox
|-sidestart|p2: fafewf|Spikes
|
|-damage|p1a: Samurott|10/100 psn|[from] Leech Seed|[of] p2a: Gliscor
|-heal|p2a: Gliscor|48/100 tox|[silent]
|-damage|p1a: Samurott|0 fnt|[from] psn
|faint|p1a: Samurott
|-heal|p2a: Gliscor|61/100 tox|[from] ability: Poison Heal
|upkeep
|
|t:|1760809086
|switch|p1a: Iron Crown|Iron Crown|76/100
|turn|14
|
|t:|1760809090
|move|p2a: Gliscor|Protect|p2a: Gliscor
|-singleturn|p2a: Gliscor|Protect
|move|p1a: Iron Crown|Tachyon Cutter|p2a: Gliscor
|-activate|p2a: Gliscor|move: Protect
|
|-heal|p2a: Gliscor|73/100 tox|[from] ability: Poison Heal
|upkeep
|turn|15
|
|t:|1760809111
|-terastallize|p1a: Iron Crown|Steel
|-terastallize|p2a: Gliscor|Water
|move|p1a: Iron Crown|Tachyon Cutter|p2a: Gliscor
|-resisted|p2a: Gliscor
|-damage|p2a: Gliscor|53/100 tox
|-resisted|p2a: Gliscor
|-damage|p2a: Gliscor|30/100 tox
|-hitcount|p2a: Gliscor|2
|move|p2a: Gliscor|Toxic Spikes|p1a: Iron Crown
|-sidestart|p1: DiamondFury205|move: Toxic Spikes
|
|-heal|p2a: Gliscor|43/100 tox|[from] ability: Poison Heal
|upkeep
|turn|16
|
|t:|1760809130
|-end|p1a: Iron Crown|Quark Drive|[silent]
|switch|p1a: Great Tusk|Great Tusk|88/100
|-status|p1a: Great Tusk|psn
|move|p2a: Gliscor|Protect||[still]
|-fail|p2a: Gliscor
|
|-damage|p1a: Great Tusk|76/100 psn|[from] psn
|-heal|p2a: Gliscor|55/100 tox|[from] ability: Poison Heal
|upkeep
|turn|17
|
|t:|1760809134
|move|p2a: Gliscor|Protect|p2a: Gliscor
|-singleturn|p2a: Gliscor|Protect
|move|p1a: Great Tusk|Stealth Rock|p2a: Gliscor
|-sidestart|p2: fafewf|move: Stealth Rock
|
|-damage|p1a: Great Tusk|64/100 psn|[from] psn
|-heal|p2a: Gliscor|67/100 tox|[from] ability: Poison Heal
|upkeep
|turn|18
|
|t:|1760809143
|move|p1a: Great Tusk|Rapid Spin|p2a: Gliscor
|-damage|p2a: Gliscor|54/100 tox
|-boost|p1a: Great Tusk|spe|1
|-sideend|p1: DiamondFury205|Toxic Spikes|[from] move: Rapid Spin|[of] p1a: Great Tusk
|move|p2a: Gliscor|Toxic Spikes|p1a: Great Tusk
|-sidestart|p1: DiamondFury205|move: Toxic Spikes
|
|-damage|p1a: Great Tusk|51/100 psn|[from] psn
|-heal|p2a: Gliscor|67/100 tox|[from] ability: Poison Heal
|upkeep
|turn|19
|
|t:|1760809148
|-end|p1a: Great Tusk|Protosynthesis|[silent]
|switch|p1a: Iron Crown|Iron Crown, tera:Steel|76/100
|move|p2a: Gliscor|Knock Off|p1a: Iron Crown
|-damage|p1a: Iron Crown|51/100
|-enditem|p1a: Iron Crown|Choice Specs|[from] move: Knock Off|[of] p2a: Gliscor
|
|-heal|p2a: Gliscor|79/100 tox|[from] ability: Poison Heal
|upkeep
|turn|20
|
|t:|1760809156
|move|p2a: Gliscor|Protect|p2a: Gliscor
|-singleturn|p2a: Gliscor|Protect
|move|p1a: Iron Crown|Volt Switch|p2a: Gliscor
|-activate|p2a: Gliscor|move: Protect
|
|-heal|p2a: Gliscor|91/100 tox|[from] ability: Poison Heal
|upkeep
|turn|21
|
|t:|1760809174
|move|p1a: Iron Crown|Volt Switch|p2a: Gliscor
|-supereffective|p2a: Gliscor
|-damage|p2a: Gliscor|55/100 tox
|
|t:|1760809177
|-end|p1a: Iron Crown|Quark Drive|[silent]
|switch|p1a: Haxorus|Haxorus, M, shiny|100/100|[from] Volt Switch
|-status|p1a: Haxorus|psn
|-ability|p1a: Haxorus|Mold Breaker
|move|p2a: Gliscor|Knock Off|p1a: Haxorus
|-damage|p1a: Haxorus|71/100 psn
|-enditem|p1a: Haxorus|Loaded Dice|[from] move: Knock Off|[of] p2a: Gliscor
|
|-damage|p1a: Haxorus|59/100 psn|[from] psn
|-heal|p2a: Gliscor|68/100 tox|[from] ability: Poison Heal
|upkeep
|turn|22
|
|t:|1760809190
|move|p1a: Haxorus|Swords Dance|p1a: Haxorus
|-boost|p1a: Haxorus|atk|2
|move|p2a: Gliscor|Knock Off|p1a: Haxorus
|-damage|p1a: Haxorus|40/100 psn
|
|-damage|p1a: Haxorus|28/100 psn|[from] psn
|-heal|p2a: Gliscor|80/100 tox|[from] ability: Poison Heal
|upkeep
|turn|23
|inactive|fafewf has 120 seconds left.
|
|t:|1760809222
|switch|p2a: Main course|Suicune|64/100
|-damage|p2a: Main course|39/100|[from] Spikes
|-damage|p2a: Main course|27/100|[from] Stealth Rock
|-ability|p2a: Main course|Pressure
|move|p1a: Haxorus|Scale Shot|p2a: Main course
|-damage|p2a: Main course|4/100
|-damage|p2a: Main course|0 fnt
|faint|p2a: Main course
|-hitcount|p2: Main course|2
|-unboost|p1a: Haxorus|def|1
|-boost|p1a: Haxorus|spe|1
|
|-damage|p1a: Haxorus|15/100 psn|[from] psn
|upkeep
|inactive|fafewf has 120 seconds left.
|
|t:|1760809231
|switch|p2a: Cinderace|Cinderace, M|30/100
|-damage|p2a: Cinderace|5/100|[from] Spikes
|-damage|p2a: Cinderace|0 fnt|[from] Stealth Rock
|faint|p2a: Cinderace
|inactive|fafewf has 120 seconds left.
|c|☆fafewf|Booster energy cinderace
|
|t:|1760809256
|switch|p2a: Weavile|Weavile, M|100/100
|-ability|p2a: Weavile|Pressure
|turn|24
|
|t:|1760809264
|move|p2a: Weavile|Ice Shard|p1a: Haxorus
|-supereffective|p1a: Haxorus
|-damage|p1a: Haxorus|0 fnt
|faint|p1a: Haxorus
|
|upkeep
|
|t:|1760809273
|switch|p1a: Iron Crown|Iron Crown, tera:Steel|51/100
|turn|25
|inactive|fafewf has 120 seconds left.
|
|t:|1760809282
|move|p2a: Weavile|Knock Off|p1a: Iron Crown
|-damage|p1a: Iron Crown|16/100
|move|p1a: Iron Crown|Tachyon Cutter|p2a: Weavile
|-supereffective|p2a: Weavile
|-damage|p2a: Weavile|2/100
|-supereffective|p2a: Weavile
|-damage|p2a: Weavile|0 fnt
|faint|p2a: Weavile
|-hitcount|p2: Weavile|2
|
|upkeep
|
|t:|1760809287
|switch|p2a: Gengar|Gengar, M|100/100
|-damage|p2a: Gengar|76/100|[from] Spikes
|-damage|p2a: Gengar|63/100|[from] Stealth Rock
|turn|26
|
|t:|1760809292
|move|p2a: Gengar|Shadow Ball|p1a: Iron Crown
|-damage|p1a: Iron Crown|0 fnt
|faint|p1a: Iron Crown
|-end|p1a: Iron Crown|Quark Drive|[silent]
|
|-heal|p2a: Gengar|69/100|[from] item: Leftovers
|upkeep
|
|t:|1760809296
|switch|p1a: Weavile|Weavile, M|100/100
|-ability|p1a: Weavile|Pressure
|turn|27
|
|t:|1760809301
|move|p1a: Weavile|Knock Off|p2a: Gengar
|-supereffective|p2a: Gengar
|-damage|p2a: Gengar|0 fnt
|-enditem|p2a: Gengar|Leftovers|[from] move: Knock Off|[of] p1a: Weavile
|faint|p2a: Gengar
|
|upkeep
|c|☆fafewf|Gg
|
|t:|1760809309
|switch|p2a: Gliscor|Gliscor, M, tera:Water|80/100 tox
|-damage|p2a: Gliscor|55/100 tox|[from] Spikes
|-damage|p2a: Gliscor|43/100 tox|[from] Stealth Rock
|turn|28
|
|t:|1760809316
|move|p1a: Weavile|Swords Dance|p1a: Weavile
|-boost|p1a: Weavile|atk|2
|move|p2a: Gliscor|Toxic|p1a: Weavile
|-status|p1a: Weavile|tox
|
|-damage|p1a: Weavile|94/100 tox|[from] psn
|-heal|p2a: Gliscor|55/100 tox|[from] ability: Poison Heal
|upkeep
|turn|29
|
|t:|1760809322
|move|p1a: Weavile|Knock Off|p2a: Gliscor
|-damage|p2a: Gliscor|0 fnt
|-enditem|p2a: Gliscor|Toxic Orb|[from] move: Knock Off|[of] p1a: Weavile
|faint|p2a: Gliscor
|
|-damage|p1a: Weavile|82/100 tox|[from] psn
|upkeep
|
|t:|1760809325
|switch|p2a: Vileplume|Vileplume, M|96/100
|-damage|p2a: Vileplume|71/100|[from] Spikes
|-damage|p2a: Vileplume|58/100|[from] Stealth Rock
|turn|30
|
|t:|1760809329
|move|p1a: Weavile|Triple Axel|p2a: Vileplume
|-supereffective|p2a: Vileplume
|-damage|p2a: Vileplume|26/100
|-supereffective|p2a: Vileplume
|-damage|p2a: Vileplume|0 fnt
|faint|p2a: Vileplume
|-hitcount|p2: Vileplume|2
|
|win|DiamondFury205
|raw|DiamondFury205's rating: 1505 &rarr; <strong>1531</strong><br />(+26 for winning)
|raw|fafewf's rating: 1618 &rarr; <strong>1592</strong><br />(-26 for losing)
|l|☆DiamondFury205
|player|p1|
|l| lord shiddenfards
