|j|☆Arthuremmanuel
|j|☆dolphin21
|t:|1760791131
|gametype|singles
|player|p1|Arthuremmanuel|2|1076
|player|p2|dolphin21|266|1125
|gen|9
|tier|[Gen 9] OU
|rated|
|rule|HP Percentage Mod: HP is shown in percentages
|rule|Endless Battle Clause: Forcing endless battles is banned
|rule|Species Clause: Limit one of each Pokémon
|rule|OHKO Clause: OHKO moves are banned
|rule|Evasion Items Clause: Evasion items are banned
|rule|Evasion Moves Clause: Evasion moves are banned
|rule|Evasion Abilities Clause: Evasion abilities are banned
|rule|Sleep Moves Clause: Sleep-inducing moves are banned
|clearpoke
|poke|p1|Magnezone|
|poke|p1|Muk-Alola, M|
|poke|p1|Moltres|
|poke|p1|Medicham, M|
|poke|p1|Mimikyu, F|
|poke|p1|Mandibuzz, F|
|poke|p2|Corviknight, F|
|poke|p2|Iron Hands|
|poke|p2|Primarina, F|
|poke|p2|Iron Moth|
|poke|p2|Gliscor, F|
|poke|p2|Dragapult, M|
|teampreview
|
|t:|1760791164
|teamsize|p1|6
|teamsize|p2|6
|start
|switch|p1a: Moltres|Moltres|100/100
|switch|p2a: Gliscor|Gliscor, F, shiny|100/100
|turn|1
|inactive|Battle timer is ON: inactive players will automatically lose when time's up. (requested by dolphin21)
|
|t:|1760791226
|move|p2a: Gliscor|Toxic|p1a: Moltres
|-status|p1a: Moltres|tox
|move|p1a: Moltres|Will-O-Wisp|p2a: Gliscor
|-status|p2a: Gliscor|brn
|
|-damage|p1a: Moltres|94/100 tox|[from] psn
|-damage|p2a: Gliscor|94/100 brn|[from] brn
|upkeep
|turn|2
|inactive|Arthuremmanuel has 120 seconds left.
|inactive|Arthuremmanuel has 90 seconds left.
|
|t:|1760791296
|move|p2a: Gliscor|Stealth Rock|p1a: Moltres
|-sidestart|p1: Arthuremmanuel|move: Stealth Rock
|move|p1a: Moltres|Burning Jealousy|p2a: Gliscor
|-damage|p2a: Gliscor|50/100 brn
|
|-heal|p1a: Moltres|100/100 tox|[from] item: Leftovers
|-damage|p1a: Moltres|88/100 tox|[from] psn
|-damage|p2a: Gliscor|44/100 brn|[from] brn
|upkeep
|turn|3
|
|t:|1760791326
|move|p2a: Gliscor|Protect|p2a: Gliscor
|-singleturn|p2a: Gliscor|Protect
|move|p1a: Moltres|Burning Jealousy|p2a: Gliscor
|-activate|p2a: Gliscor|move: Protect
|
|-heal|p1a: Moltres|94/100 tox|[from] item: Leftovers
|-damage|p1a: Moltres|76/100 tox|[from] psn
|-damage|p2a: Gliscor|38/100 brn|[from] brn
|upkeep
|turn|4
|inactive|dolphin21 has 120 seconds left.
|
|t:|1760791349
|switch|p2a: Primarina|Primarina, F|100/100
|move|p1a: Moltres|Burning Jealousy|p2a: Primarina
|-resisted|p2a: Primarina
|-damage|p2a: Primarina|87/100
|
|-heal|p1a: Moltres|82/100 tox|[from] item: Leftovers
|-damage|p1a: Moltres|57/100 tox|[from] psn
|upkeep
|turn|5
|inactive|dolphin21 has 120 seconds left.
|
|t:|1760791369
|move|p1a: Moltres|Will-O-Wisp|p2a: Primarina|[miss]
|-miss|p1a: Moltres|p2a: Primarina
|move|p2a: Primarina|Calm Mind|p2a: Primarina
|-boost|p2a: Primarina|spa|1
|-boost|p2a: Primarina|spd|1
|
|-heal|p1a: Moltres|63/100 tox|[from] item: Leftovers
|-damage|p1a: Moltres|32/100 tox|[from] psn
|upkeep
|turn|6
|inactive|dolphin21 has 120 seconds left.
|
|t:|1760791387
|move|p1a: Moltres|Will-O-Wisp|p2a: Primarina
|-status|p2a: Primarina|brn
|move|p2a: Primarina|Sparkling Aria|p1a: Moltres
|-supereffective|p1a: Moltres
|-damage|p1a: Moltres|0 fnt
|faint|p1a: Moltres
|
|-damage|p2a: Primarina|81/100 brn|[from] brn
|upkeep
|
|t:|1760791398
|switch|p1a: Muk|Muk-Alola, M|100/100
|-damage|p1a: Muk|88/100|[from] Stealth Rock
|turn|7
|inactive|dolphin21 has 120 seconds left.
|
|t:|1760791409
|move|p2a: Primarina|Moonblast|p1a: Muk
|-damage|p1a: Muk|38/100
|move|p1a: Muk|Poison Jab|p2a: Primarina
|-supereffective|p2a: Primarina
|-damage|p2a: Primarina|16/100 brn
|
|-heal|p1a: Muk|44/100|[from] item: Leftovers
|-damage|p2a: Primarina|10/100 brn|[from] brn
|upkeep
|turn|8
|
|t:|1760791424
|move|p1a: Muk|Protect|p1a: Muk
|-singleturn|p1a: Muk|Protect
|move|p2a: Primarina|Moonblast|p1a: Muk
|-activate|p1a: Muk|move: Protect
|
|-heal|p1a: Muk|50/100|[from] item: Leftovers
|-damage|p2a: Primarina|4/100 brn|[from] brn
|upkeep
|turn|9
|
|t:|1760791436
|move|p2a: Primarina|Moonblast|p1a: Muk
|-damage|p1a: Muk|0 fnt
|faint|p1a: Muk
|
|-damage|p2a: Primarina|0 fnt|[from] brn
|faint|p2a: Primarina
|upkeep
|inactive|dolphin21 has 120 seconds left.
|
|t:|1760791478
|switch|p2a: Dragapult|Dragapult, M|100/100
|switch|p1a: Mimikyu|Mimikyu, F|100/100
|-damage|p1a: Mimikyu|88/100|[from] Stealth Rock
|turn|10
|
|t:|1760791493
|move|p2a: Dragapult|U-turn|p1a: Mimikyu
|-activate|p1a: Mimikyu|ability: Disguise
|-damage|p1a: Mimikyu|88/100
|detailschange|p1a: Mimikyu|Mimikyu-Busted, F
|-damage|p1a: Mimikyu|76/100|[from] pokemon: Mimikyu-Busted
|-damage|p2a: Dragapult|91/100|[from] item: Life Orb
|
|t:|1760791507
|switch|p2a: Corviknight|Corviknight, F|100/100|[from] U-turn
|move|p1a: Mimikyu|Swords Dance|p1a: Mimikyu
|-boost|p1a: Mimikyu|atk|2
|
|-heal|p1a: Mimikyu|82/100|[from] item: Leftovers
|upkeep
|turn|11
|
|t:|1760791529
|switch|p1a: Mandibuzz|Mandibuzz, F|100/100
|-damage|p1a: Mandibuzz|76/100|[from] Stealth Rock
|move|p2a: Corviknight|Bulk Up|p2a: Corviknight
|-boost|p2a: Corviknight|atk|1
|-boost|p2a: Corviknight|def|1
|
|upkeep
|turn|12
|
|t:|1760791542
|-activate|p1a: Mandibuzz|move: Struggle
|move|p1a: Mandibuzz|Struggle|p2a: Corviknight
|-damage|p2a: Corviknight|96/100
|-damage|p1a: Mandibuzz|59/100|[from] item: Rocky Helmet|[of] p2a: Corviknight
|-damage|p1a: Mandibuzz|34/100|[from] recoil
|move|p2a: Corviknight|Body Press|p1a: Mandibuzz
|-damage|p1a: Mandibuzz|14/100
|
|upkeep
|turn|13
|
|t:|1760791555
|-activate|p1a: Mandibuzz|move: Struggle
|move|p1a: Mandibuzz|Struggle|p2a: Corviknight
|-damage|p2a: Corviknight|92/100
|-damage|p1a: Mandibuzz|0 fnt|[from] item: Rocky Helmet|[of] p2a: Corviknight
|faint|p1a: Mandibuzz
|move|p2a: Corviknight|Body Press|p1: Mandibuzz|[notarget]
|-fail|p2a: Corviknight
|
|upkeep
|
|t:|1760791569
|switch|p1a: Medicham|Medicham, M|100/100
|-damage|p1a: Medicham|94/100|[from] Stealth Rock
|turn|14
|inactive|Arthuremmanuel has 60 seconds left.
|
|t:|1760791584
|move|p1a: Medicham|Fire Punch|p2a: Corviknight
|-supereffective|p2a: Corviknight
|-damage|p2a: Corviknight|49/100
|-damage|p1a: Medicham|78/100|[from] item: Rocky Helmet|[of] p2a: Corviknight
|-damage|p1a: Medicham|68/100|[from] item: Life Orb
|move|p2a: Corviknight|Brave Bird|p1a: Medicham
|-supereffective|p1a: Medicham
|-damage|p1a: Medicham|0 fnt
|faint|p1a: Medicham
|-damage|p2a: Corviknight|35/100|[from] Recoil
|
|upkeep
|inactive|Arthuremmanuel has 60 seconds left.
|
|t:|1760791604
|switch|p1a: Magnezone|Magnezone|100/100
|-damage|p1a: Magnezone|94/100|[from] Stealth Rock
|turn|15
|inactive|dolphin21 has 120 seconds left.
|
|t:|1760791618
|move|p2a: Corviknight|Body Press|p1a: Magnezone
|-supereffective|p1a: Magnezone
|-damage|p1a: Magnezone|38/100
|move|p1a: Magnezone|Thunderbolt|p2a: Corviknight
|-supereffective|p2a: Corviknight
|-damage|p2a: Corviknight|0 fnt
|faint|p2a: Corviknight
|
|-heal|p1a: Magnezone|44/100|[from] item: Leftovers
|upkeep
|inactive|dolphin21 has 120 seconds left.
|
|t:|1760791628
|switch|p2a: Iron Moth|Iron Moth|100/100
|-enditem|p2a: Iron Moth|Booster Energy
|-activate|p2a: Iron Moth|ability: Quark Drive|[fromitem]
|-start|p2a: Iron Moth|quarkdrivespe
|turn|16
|
|t:|1760791641
|move|p2a: Iron Moth|Flamethrower|p1a: Magnezone
|-supereffective|p1a: Magnezone
|-damage|p1a: Magnezone|0 fnt
|faint|p1a: Magnezone
|
|upkeep
|
|t:|1760791658
|switch|p1a: Mimikyu|Mimikyu-Busted, F|82/100
|-damage|p1a: Mimikyu|69/100|[from] Stealth Rock
|turn|17
|
|t:|1760791671
|move|p2a: Iron Moth|Sludge Wave|p1a: Mimikyu
|-damage|p1a: Mimikyu|2/100
|move|p1a: Mimikyu|Drain Punch|p2a: Iron Moth
|-resisted|p2a: Iron Moth
|-damage|p2a: Iron Moth|84/100
|-heal|p1a: Mimikyu|13/100|[from] drain|[of] p2a: Iron Moth
|
|-heal|p1a: Mimikyu|19/100|[from] item: Leftovers
|upkeep
|turn|18
|-message|Arthuremmanuel forfeited.
|
|win|dolphin21
|raw|Arthuremmanuel's rating: 1076 &rarr; <strong>1058</strong><br />(-18 for losing)
|raw|dolphin21's rating: 1125 &rarr; <strong>1146</strong><br />(+21 for winning)
|l|☆Arthuremmanuel
|player|p1|
