|j|☆CopiumBathTub
|j|☆Enchantix fairy
|t:|1760789474
|gametype|singles
|player|p1|CopiumBathTub|psychic-gen4|1299
|player|p2|Enchantix fairy|winona|1265
|gen|9
|tier|[Gen 9] OU
|rated|
|rule|HP Percentage Mod: HP is shown in percentages
|rule|Endless Battle Clause: Forcing endless battles is banned
|rule|Species Clause: Limit one of each Pokémon
|rule|OHKO Clause: OHKO moves are banned
|rule|Evasion Items Clause: Evasion items are banned
|rule|Evasion Moves Clause: Evasion moves are banned
|rule|Evasion Abilities Clause: Evasion abilities are banned
|rule|Sleep Moves Clause: Sleep-inducing moves are banned
|clearpoke
|poke|p1|Darkrai|
|poke|p1|Alomomola, F|
|poke|p1|Kingambit, M|
|poke|p1|Pecharunt|
|poke|p1|Hydreigon, F|
|poke|p1|Weezing-Galar, F|
|poke|p2|Primarina, M|
|poke|p2|Dragonite, M|
|poke|p2|Galvantula, F|
|poke|p2|Metagross|
|poke|p2|Great Tusk|
|poke|p2|Rotom-Heat|
|teampreview
|
|t:|1760789484
|teamsize|p1|6
|teamsize|p2|6
|start
|switch|p1a: Darkrai|Darkrai|100/100
|switch|p2a: Rotom|Rotom-Heat|100/100
|turn|1
|
|t:|1760789493
|move|p1a: Darkrai|Dark Pulse|p2a: Rotom
|-damage|p2a: Rotom|60/100
|cant|p2a: Rotom|flinch
|
|-heal|p2a: Rotom|66/100|[from] item: Leftovers
|upkeep
|turn|2
|
|t:|1760789499
|move|p1a: Darkrai|Dark Pulse|p2a: Rotom
|-damage|p2a: Rotom|27/100
|cant|p2a: Rotom|flinch
|
|-heal|p2a: Rotom|33/100|[from] item: Leftovers
|upkeep
|turn|3
|
|t:|1760789505
|switch|p2a: Primarina|Primarina, M|100/100
|move|p1a: Darkrai|Dark Pulse|p2a: Primarina
|-resisted|p2a: Primarina
|-damage|p2a: Primarina|89/100
|
|upkeep
|turn|4
|
|t:|1760789510
|switch|p1a: Alomomola|Alomomola, F|100/100
|move|p2a: Primarina|Moonblast|p1a: Alomomola
|-damage|p1a: Alomomola|73/100
|-unboost|p1a: Alomomola|spa|1
|
|upkeep
|turn|5
|
|t:|1760789516
|switch|p2a: Rotom|Rotom-Heat|33/100
|move|p1a: Alomomola|Body Slam|p2a: Rotom
|-damage|p2a: Rotom|13/100
|
|-heal|p2a: Rotom|20/100|[from] item: Leftovers
|upkeep
|turn|6
|
|t:|1760789520
|move|p2a: Rotom|Thunderbolt|p1a: Alomomola
|-supereffective|p1a: Alomomola
|-damage|p1a: Alomomola|36/100
|move|p1a: Alomomola|Mirror Coat|p2a: Rotom
|-damage|p2a: Rotom|0 fnt
|faint|p2a: Rotom
|
|upkeep
|
|t:|1760789541
|switch|p2a: Great Tusk|Great Tusk|100/100
|turn|7
|
|t:|1760789546
|switch|p1a: Hydreigon|Hydreigon, F|100/100
|move|p2a: Great Tusk|Earthquake|p1a: Hydreigon
|-immune|p1a: Hydreigon|[from] ability: Levitate
|
|upkeep
|turn|8
|
|t:|1760789553
|move|p1a: Hydreigon|Draco Meteor|p2a: Great Tusk
|-damage|p2a: Great Tusk|0 fnt
|-unboost|p1a: Hydreigon|spa|2
|faint|p2a: Great Tusk
|-end|p2a: Great Tusk|Protosynthesis|[silent]
|
|upkeep
|
|t:|1760789560
|switch|p2a: Primarina|Primarina, M|89/100
|turn|9
|inactive|Battle timer is ON: inactive players will automatically lose when time's up. (requested by Enchantix fairy)
|
|t:|1760789564
|switch|p1a: Alomomola|Alomomola, F|70/100
|move|p2a: Primarina|Moonblast|p1a: Alomomola
|-damage|p1a: Alomomola|43/100
|
|upkeep
|turn|10
|
|t:|1760789572
|switch|p2a: Metagross|Metagross|100/100
|move|p1a: Alomomola|Flip Turn|p2a: Metagross
|-damage|p2a: Metagross|88/100
|
|t:|1760789575
|switch|p1a: Darkrai|Darkrai|100/100|[from] Flip Turn
|
|upkeep
|turn|11
|
|t:|1760789584
|-terastallize|p2a: Metagross|Water
|move|p1a: Darkrai|Dark Pulse|p2a: Metagross
|-damage|p2a: Metagross|43/100
|move|p2a: Metagross|Earthquake|p1a: Darkrai
|-damage|p1a: Darkrai|29/100
|
|-heal|p1a: Darkrai|35/100|[from] item: Leftovers
|upkeep
|turn|12
|
|t:|1760789594
|switch|p1a: Hydreigon|Hydreigon, F|100/100
|switch|p2a: Primarina|Primarina, M|89/100
|
|upkeep
|turn|13
|
|t:|1760789599
|move|p1a: Hydreigon|U-turn|p2a: Primarina
|-resisted|p2a: Primarina
|-damage|p2a: Primarina|78/100
|
|t:|1760789602
|switch|p1a: Alomomola|Alomomola, F|76/100|[from] U-turn
|move|p2a: Primarina|Moonblast|p1a: Alomomola
|-damage|p1a: Alomomola|45/100
|-unboost|p1a: Alomomola|spa|1
|
|upkeep
|turn|14
|
|t:|1760789605
|move|p2a: Primarina|Moonblast|p1a: Alomomola
|-damage|p1a: Alomomola|15/100
|-unboost|p1a: Alomomola|spa|1
|move|p1a: Alomomola|Flip Turn|p2a: Primarina
|-resisted|p2a: Primarina
|-damage|p2a: Primarina|67/100
|
|t:|1760789608
|switch|p1a: Darkrai|Darkrai|35/100|[from] Flip Turn
|
|-heal|p1a: Darkrai|41/100|[from] item: Leftovers
|upkeep
|turn|15
|
|t:|1760789611
|move|p1a: Darkrai|Sludge Bomb|p2a: Primarina
|-supereffective|p2a: Primarina
|-damage|p2a: Primarina|32/100
|move|p2a: Primarina|Moonblast|p1a: Darkrai
|-supereffective|p1a: Darkrai
|-damage|p1a: Darkrai|0 fnt
|faint|p1a: Darkrai
|
|upkeep
|
|t:|1760789615
|switch|p1a: Kingambit|Kingambit, M|100/100
|-activate|p1a: Kingambit|ability: Supreme Overlord
|-start|p1a: Kingambit|fallen1|[silent]
|turn|16
|
|t:|1760789620
|move|p1a: Kingambit|Iron Head|p2a: Primarina
|-damage|p2a: Primarina|0 fnt
|faint|p2a: Primarina
|
|upkeep
|
|t:|1760789633
|switch|p2a: Metagross|Metagross, tera:Water|43/100
|turn|17
|
|t:|1760789637
|move|p2a: Metagross|Ice Punch|p1a: Kingambit
|-resisted|p1a: Kingambit
|-damage|p1a: Kingambit|83/100
|move|p1a: Kingambit|Kowtow Cleave|p2a: Metagross
|-damage|p2a: Metagross|0 fnt
|faint|p2a: Metagross
|
|-heal|p1a: Kingambit|89/100|[from] item: Leftovers
|upkeep
|
|t:|1760789641
|switch|p2a: Galvantula|Galvantula, F, shiny|100/100
|turn|18
|
|t:|1760789643
|move|p2a: Galvantula|Thunder|p1a: Kingambit
|-crit|p1a: Kingambit
|-damage|p1a: Kingambit|0 fnt
|faint|p1a: Kingambit
|-end|p1a: Kingambit|fallen1|[silent]
|
|upkeep
|
|t:|1760789647
|switch|p1a: Alomomola|Alomomola, F|49/100
|turn|19
|
|t:|1760789650
|move|p2a: Galvantula|Thunder|p1a: Alomomola
|-supereffective|p1a: Alomomola
|-damage|p1a: Alomomola|0 fnt
|faint|p1a: Alomomola
|
|upkeep
|
|t:|1760789654
|switch|p1a: Pecharunt|Pecharunt|100/100
|turn|20
|
|t:|1760789657
|move|p2a: Galvantula|Thunder|p1a: Pecharunt
|-damage|p1a: Pecharunt|26/100
|move|p1a: Pecharunt|Malignant Chain|p2a: Galvantula
|-damage|p2a: Galvantula|48/100
|
|upkeep
|turn|21
|
|t:|1760789662
|move|p2a: Galvantula|Thunder|p1a: Pecharunt
|-damage|p1a: Pecharunt|0 fnt
|faint|p1a: Pecharunt
|
|upkeep
|
|t:|1760789664
|switch|p1a: Hydreigon|Hydreigon, F|100/100
|turn|22
|
|t:|1760789673
|switch|p2a: Dragonite|Dragonite, M|100/100
|move|p1a: Hydreigon|Dark Pulse|p2a: Dragonite
|-damage|p2a: Dragonite|85/100
|
|upkeep
|turn|23
|
|t:|1760789680
|move|p1a: Hydreigon|Dark Pulse|p2a: Dragonite
|-damage|p2a: Dragonite|57/100
|move|p2a: Dragonite|Tera Blast|p1a: Hydreigon
|-damage|p1a: Hydreigon|83/100
|
|upkeep
|turn|24
|
|t:|1760789684
|move|p1a: Hydreigon|Dark Pulse|p2a: Dragonite
|-damage|p2a: Dragonite|29/100
|move|p2a: Dragonite|Roost|p2a: Dragonite
|-heal|p2a: Dragonite|79/100
|-singleturn|p2a: Dragonite|move: Roost
|
|upkeep
|turn|25
|
|t:|1760789689
|move|p1a: Hydreigon|Dark Pulse|p2a: Dragonite
|-damage|p2a: Dragonite|51/100
|move|p2a: Dragonite|Dragon Dance|p2a: Dragonite
|-boost|p2a: Dragonite|atk|1
|-boost|p2a: Dragonite|spe|1
|
|upkeep
|turn|26
|
|t:|1760789691
|move|p1a: Hydreigon|Dark Pulse|p2a: Dragonite
|-damage|p2a: Dragonite|21/100
|cant|p2a: Dragonite|flinch
|
|upkeep
|turn|27
|
|t:|1760789694
|move|p1a: Hydreigon|Dark Pulse|p2a: Dragonite
|-damage|p2a: Dragonite|0 fnt
|faint|p2a: Dragonite
|
|upkeep
|
|t:|1760789696
|switch|p2a: Galvantula|Galvantula, F, shiny|48/100
|turn|28
|
|t:|1760789701
|-terastallize|p1a: Hydreigon|Steel
|move|p1a: Hydreigon|Dark Pulse|p2a: Galvantula
|-damage|p2a: Galvantula|0 fnt
|faint|p2a: Galvantula
|
|win|CopiumBathTub
|raw|CopiumBathTub's rating: 1299 &rarr; <strong>1322</strong><br />(+23 for winning)
|raw|Enchantix fairy's rating: 1265 &rarr; <strong>1242</strong><br />(-23 for losing)
|l|☆CopiumBathTub
|player|p1|
|l|☆Enchantix fairy
|player|p2|
