|j|☆noon289
|j|☆YUcvb
|t:|1760855105
|gametype|singles
|player|p1|noon289|red|1299
|player|p2|YUcvb|hilda|1220
|gen|9
|tier|[Gen 9] OU
|rated|
|rule|HP Percentage Mod: HP is shown in percentages
|rule|Endless Battle Clause: Forcing endless battles is banned
|rule|Species Clause: Limit one of each Pokémon
|rule|OHKO Clause: OHKO moves are banned
|rule|Evasion Items Clause: Evasion items are banned
|rule|Evasion Moves Clause: Evasion moves are banned
|rule|Evasion Abilities Clause: Evasion abilities are banned
|rule|Sleep Moves Clause: Sleep-inducing moves are banned
|clearpoke
|poke|p1|Dragonite, F|
|poke|p1|Hatterene, F|
|poke|p1|Great Tusk|
|poke|p1|Ceruledge, M|
|poke|p1|Ting-Lu|
|poke|p1|Kyurem|
|poke|p2|Dragonite, M|
|poke|p2|Blastoise, M|
|poke|p2|Ninetales-Alola, F|
|poke|p2|Grimmsnarl, M|
|poke|p2|Frosmoth, F|
|poke|p2|Cetitan, M|
|teampreview
|inactive|Battle timer is ON: inactive players will automatically lose when time's up. (requested by YUcvb)
|
|t:|1760855124
|teamsize|p1|6
|teamsize|p2|6
|start
|switch|p1a: Hatterene|Hatterene, F|100/100
|switch|p2a: Ninetales|Ninetales-Alola, F|100/100
|-weather|Snowscape|[from] ability: Snow Warning|[of] p2a: Ninetales
|turn|1
|
|t:|1760855130
|move|p2a: Ninetales|Aurora Veil|p2a: Ninetales
|-sidestart|p2: YUcvb|move: Aurora Veil
|move|p1a: Hatterene|Nuzzle|p2a: Ninetales
|-crit|p2a: Ninetales
|-damage|p2a: Ninetales|96/100
|-status|p2a: Ninetales|par
|
|-weather|Snowscape|[upkeep]
|upkeep
|turn|2
|
|t:|1760855147
|move|p2a: Ninetales|Moonblast|p1a: Hatterene
|-damage|p1a: Hatterene|81/100
|move|p1a: Hatterene|Psychic Noise|p2a: Ninetales
|-damage|p2a: Ninetales|76/100 par
|-start|p2a: Ninetales|move: Heal Block
|
|-weather|Snowscape|[upkeep]
|upkeep
|turn|3
|
|t:|1760855156
|move|p2a: Ninetales|Blizzard|p1a: Hatterene
|-damage|p1a: Hatterene|61/100
|move|p1a: Hatterene|Draining Kiss|p2a: Ninetales
|-damage|p2a: Ninetales|64/100 par
|-heal|p1a: Hatterene|71/100|[from] drain|[of] p2a: Ninetales
|
|-weather|Snowscape|[upkeep]
|-end|p2a: Ninetales|move: Heal Block
|upkeep
|turn|4
|
|t:|1760855170
|switch|p2a: Frosmoth|Frosmoth, F, shiny|100/100
|move|p1a: Hatterene|Draining Kiss|p2a: Frosmoth
|-damage|p2a: Frosmoth|94/100
|-heal|p1a: Hatterene|76/100|[from] drain|[of] p2a: Frosmoth
|
|-weather|Snowscape|[upkeep]
|-heal|p2a: Frosmoth|99/100|[from] item: Leftovers
|upkeep
|turn|5
|
|t:|1760855179
|move|p2a: Frosmoth|Substitute|p2a: Frosmoth
|-start|p2a: Frosmoth|Substitute
|-damage|p2a: Frosmoth|75/100
|move|p1a: Hatterene|Nuzzle|p2a: Frosmoth
|-activate|p2a: Frosmoth|move: Substitute|[damage]
|
|-weather|none
|-heal|p2a: Frosmoth|81/100|[from] item: Leftovers
|upkeep
|turn|6
|
|t:|1760855186
|switch|p1a: Ting-Lu|Ting-Lu|100/100
|-ability|p1a: Ting-Lu|Vessel of Ruin
|move|p2a: Frosmoth|Quiver Dance|p2a: Frosmoth
|-boost|p2a: Frosmoth|spa|1
|-boost|p2a: Frosmoth|spd|1
|-boost|p2a: Frosmoth|spe|1
|
|-heal|p2a: Frosmoth|87/100|[from] item: Leftovers
|upkeep
|turn|7
|
|t:|1760855195
|move|p2a: Frosmoth|Ice Beam|p1a: Ting-Lu
|-supereffective|p1a: Ting-Lu
|-damage|p1a: Ting-Lu|46/100
|move|p1a: Ting-Lu|Whirlwind|p2a: Frosmoth
|drag|p2a: Ninetales|Ninetales-Alola, F|64/100 par
|-weather|Snowscape|[from] ability: Snow Warning|[of] p2a: Ninetales
|
|-weather|Snowscape|[upkeep]
|-heal|p1a: Ting-Lu|53/100|[from] item: Leftovers
|upkeep
|turn|8
|
|t:|1760855205
|move|p2a: Ninetales|Moonblast|p1a: Ting-Lu
|-supereffective|p1a: Ting-Lu
|-damage|p1a: Ting-Lu|28/100
|move|p1a: Ting-Lu|Stealth Rock|p2a: Ninetales
|-sidestart|p2: YUcvb|move: Stealth Rock
|
|-weather|Snowscape|[upkeep]
|-heal|p1a: Ting-Lu|34/100|[from] item: Leftovers
|-sideend|p2: YUcvb|move: Aurora Veil
|upkeep
|turn|9
|
|t:|1760855214
|move|p2a: Ninetales|Aurora Veil|p2a: Ninetales
|-sidestart|p2: YUcvb|move: Aurora Veil
|move|p1a: Ting-Lu|Ruination|p2a: Ninetales
|-damage|p2a: Ninetales|32/100 par
|
|-weather|Snowscape|[upkeep]
|-heal|p1a: Ting-Lu|40/100|[from] item: Leftovers
|upkeep
|turn|10
|
|t:|1760855226
|switch|p1a: Hatterene|Hatterene, F|76/100
|cant|p2a: Ninetales|par
|
|-weather|Snowscape|[upkeep]
|upkeep
|turn|11
|
|t:|1760855234
|move|p2a: Ninetales|Moonblast|p1a: Hatterene
|-damage|p1a: Hatterene|57/100
|move|p1a: Hatterene|Nuzzle|p2a: Ninetales
|-damage|p2a: Ninetales|31/100 par
|
|-weather|none
|upkeep
|turn|12
|
|t:|1760855245
|cant|p2a: Ninetales|par
|move|p1a: Hatterene|Draining Kiss|p2a: Ninetales
|-damage|p2a: Ninetales|19/100 par
|-heal|p1a: Hatterene|67/100|[from] drain|[of] p2a: Ninetales
|
|upkeep
|turn|13
|
|t:|1760855252
|move|p2a: Ninetales|Moonblast|p1a: Hatterene
|-damage|p1a: Hatterene|49/100
|-unboost|p1a: Hatterene|spa|1
|move|p1a: Hatterene|Nuzzle|p2a: Ninetales
|-damage|p2a: Ninetales|17/100 par
|
|upkeep
|turn|14
|
|t:|1760855264
|cant|p2a: Ninetales|par
|move|p1a: Hatterene|Draining Kiss|p2a: Ninetales
|-damage|p2a: Ninetales|8/100 par
|-heal|p1a: Hatterene|56/100|[from] drain|[of] p2a: Ninetales
|
|upkeep
|turn|15
|
|t:|1760855270
|cant|p2a: Ninetales|par
|move|p1a: Hatterene|Psyshock|p2a: Ninetales
|-damage|p2a: Ninetales|0 fnt
|faint|p2a: Ninetales
|
|upkeep
|
|t:|1760855285
|switch|p2a: Frosmoth|Frosmoth, F, shiny|87/100
|-damage|p2a: Frosmoth|37/100|[from] Stealth Rock
|turn|16
|
|t:|1760855304
|switch|p1a: Ceruledge|Ceruledge, M|100/100
|move|p2a: Frosmoth|Quiver Dance|p2a: Frosmoth
|-boost|p2a: Frosmoth|spa|1
|-boost|p2a: Frosmoth|spd|1
|-boost|p2a: Frosmoth|spe|1
|
|-heal|p2a: Frosmoth|43/100|[from] item: Leftovers
|-sideend|p2: YUcvb|move: Aurora Veil
|upkeep
|turn|17
|
|t:|1760855313
|-terastallize|p2a: Frosmoth|Ground
|move|p1a: Ceruledge|Bitter Blade|p2a: Frosmoth
|-damage|p2a: Frosmoth|0 fnt
|faint|p2a: Frosmoth
|
|upkeep
|
|t:|1760855319
|switch|p2a: Grimmsnarl|Grimmsnarl, M|100/100
|-damage|p2a: Grimmsnarl|88/100|[from] Stealth Rock
|turn|18
|
|t:|1760855327
|switch|p1a: Hatterene|Hatterene, F|56/100
|move|p2a: Grimmsnarl|Reflect|p2a: Grimmsnarl
|-sidestart|p2: YUcvb|Reflect
|
|upkeep
|turn|19
|
|t:|1760855334
|move|p2a: Grimmsnarl|Light Screen|p2a: Grimmsnarl
|-sidestart|p2: YUcvb|move: Light Screen
|move|p1a: Hatterene|Draining Kiss|p2a: Grimmsnarl
|-supereffective|p2a: Grimmsnarl
|-damage|p2a: Grimmsnarl|67/100
|-heal|p1a: Hatterene|76/100|[from] drain|[of] p2a: Grimmsnarl
|
|upkeep
|turn|20
|
|t:|1760855351
|switch|p2a: Blastoise|Blastoise, M, shiny|100/100
|-damage|p2a: Blastoise|88/100|[from] Stealth Rock
|move|p1a: Hatterene|Nuzzle|p2a: Blastoise
|-supereffective|p2a: Blastoise
|-damage|p2a: Blastoise|83/100
|-status|p2a: Blastoise|par
|
|upkeep
|turn|21
|
|t:|1760855368
|switch|p1a: Kyurem|Kyurem|100/100
|-ability|p1a: Kyurem|Pressure
|cant|p2a: Blastoise|par
|
|upkeep
|turn|22
|-message|YUcvb forfeited.
|
|win|noon289
|raw|noon289's rating: 1299 &rarr; <strong>1318</strong><br />(+19 for winning)
|raw|YUcvb's rating: 1220 &rarr; <strong>1201</strong><br />(-19 for losing)
|l|☆YUcvb
|player|p2|
|l|☆noon289
|player|p1|
