|j|☆nighttwing
|j|☆capitolg
|t:|1760793873
|gametype|singles
|player|p1|nighttwing|2|1174
|player|p2|capitolg|bellelba|1186
|gen|9
|tier|[Gen 9] OU
|rated|
|rule|HP Percentage Mod: HP is shown in percentages
|rule|Endless Battle Clause: Forcing endless battles is banned
|rule|Species Clause: Limit one of each Pokémon
|rule|OHKO Clause: OHKO moves are banned
|rule|Evasion Items Clause: Evasion items are banned
|rule|Evasion Moves Clause: Evasion moves are banned
|rule|Evasion Abilities Clause: Evasion abilities are banned
|rule|Sleep Moves Clause: Sleep-inducing moves are banned
|clearpoke
|poke|p1|Gliscor, M|
|poke|p1|Iron Valiant|
|poke|p1|Rillaboom, F|
|poke|p1|Iron Moth|
|poke|p1|Zoroark-Hisui, F|
|poke|p1|Blissey, F|
|poke|p2|Vikavolt, M|
|poke|p2|Gothitelle, M|
|poke|p2|Smeargle, M|
|poke|p2|Empoleon, M|
|poke|p2|Passimian, M|
|poke|p2|Dusknoir, F|
|teampreview
|inactive|Battle timer is ON: inactive players will automatically lose when time's up. (requested by nighttwing)
|
|t:|1760793886
|teamsize|p1|6
|teamsize|p2|6
|start
|switch|p1a: Iron Moth|Iron Moth|100/100
|switch|p2a: Vikavolt|Vikavolt, M|100/100
|turn|1
|
|t:|1760793907
|move|p1a: Iron Moth|Hyper Voice|p2a: Vikavolt
|-damage|p2a: Vikavolt|42/100
|move|p2a: Vikavolt|Sticky Web|p1a: Iron Moth
|-sidestart|p1: nighttwing|move: Sticky Web
|
|upkeep
|turn|2
|
|t:|1760793913
|move|p1a: Iron Moth|Hyper Voice|p2a: Vikavolt
|-damage|p2a: Vikavolt|0 fnt
|faint|p2a: Vikavolt
|
|upkeep
|
|t:|1760793915
|switch|p2a: Smeargle|Smeargle, M|100/100
|turn|3
|
|t:|1760793940
|move|p1a: Iron Moth|Focus Blast|p2a: Smeargle
|-supereffective|p2a: Smeargle
|-damage|p2a: Smeargle|4/100
|move|p2a: Smeargle|Trick Room|p2a: Smeargle
|-fieldstart|move: Trick Room|[of] p2a: Smeargle
|
|upkeep
|turn|4
|
|t:|1760793946
|move|p2a: Smeargle|Court Change|p2a: Smeargle
|-swapsideconditions
|-activate|p2a: Smeargle|move: Court Change
|move|p1a: Iron Moth|Hyper Voice|p2a: Smeargle
|-damage|p2a: Smeargle|0 fnt
|faint|p2a: Smeargle
|
|upkeep
|
|t:|1760793953
|switch|p2a: Empoleon|Empoleon, M|100/100
|-activate|p2a: Empoleon|move: Sticky Web
|-unboost|p2a: Empoleon|spe|1
|-ability|p2a: Empoleon|Competitive|boost
|-boost|p2a: Empoleon|spa|2
|turn|5
|
|t:|1760793962
|move|p2a: Empoleon|Surf|p1a: Iron Moth
|-enditem|p1a: Iron Moth|Focus Sash
|-damage|p1a: Iron Moth|1/100
|replace|p1a: Zoroark|Zoroark-Hisui, F, shiny
|-end|p1a: Zoroark|Illusion
|move|p1a: Zoroark|Focus Blast|p2a: Empoleon
|-supereffective|p2a: Empoleon
|-damage|p2a: Empoleon|52/100
|
|upkeep
|turn|6
|
|t:|1760793976
|switch|p1a: Blissey|Blissey, F|100/100
|move|p2a: Empoleon|Surf|p1a: Blissey
|-damage|p1a: Blissey|73/100
|
|-heal|p1a: Blissey|79/100|[from] item: Leftovers
|upkeep
|turn|7
|
|t:|1760793986
|switch|p2a: Passimian|Passimian, M|100/100
|-activate|p2a: Passimian|move: Sticky Web
|-unboost|p2a: Passimian|spe|1
|-ability|p2a: Passimian|Defiant|boost
|-boost|p2a: Passimian|atk|2
|move|p1a: Blissey|Seismic Toss|p2a: Passimian
|-damage|p2a: Passimian|74/100
|
|-heal|p1a: Blissey|85/100|[from] item: Leftovers
|-fieldend|move: Trick Room
|upkeep
|turn|8
|
|t:|1760793998
|move|p1a: Blissey|Protect|p1a: Blissey
|-singleturn|p1a: Blissey|Protect
|move|p2a: Passimian|Earthquake|p1a: Blissey
|-activate|p1a: Blissey|move: Protect
|
|-heal|p1a: Blissey|92/100|[from] item: Leftovers
|upkeep
|turn|9
|
|t:|1760794009
|switch|p1a: Gliscor|Gliscor, M, shiny|100/100
|move|p2a: Passimian|Drain Punch|p1a: Gliscor
|-resisted|p1a: Gliscor
|-damage|p1a: Gliscor|70/100
|-heal|p2a: Passimian|86/100|[from] drain|[of] p1a: Gliscor
|
|-status|p1a: Gliscor|tox|[from] item: Toxic Orb
|upkeep
|turn|10
|
|t:|1760794023
|switch|p2a: Dusknoir|Dusknoir, F|100/100
|-activate|p2a: Dusknoir|move: Sticky Web
|-unboost|p2a: Dusknoir|spe|1
|-ability|p2a: Dusknoir|Pressure
|move|p1a: Gliscor|Stealth Rock|p2a: Dusknoir
|-sidestart|p2: capitolg|move: Stealth Rock
|
|-heal|p1a: Gliscor|82/100 tox|[from] ability: Poison Heal
|upkeep
|turn|11
|
|t:|1760794034
|move|p1a: Gliscor|Knock Off|p2a: Dusknoir
|-supereffective|p2a: Dusknoir
|-damage|p2a: Dusknoir|55/100
|-enditem|p2a: Dusknoir|Weakness Policy
|-boost|p2a: Dusknoir|atk|2|[from] item: Weakness Policy
|-boost|p2a: Dusknoir|spa|2|[from] item: Weakness Policy
|move|p2a: Dusknoir|Trick Room|p2a: Dusknoir
|-fieldstart|move: Trick Room|[of] p2a: Dusknoir
|
|-heal|p1a: Gliscor|94/100 tox|[from] ability: Poison Heal
|upkeep
|turn|12
|
|t:|1760794044
|move|p2a: Dusknoir|Ice Punch|p1a: Gliscor
|-supereffective|p1a: Gliscor
|-damage|p1a: Gliscor|0 fnt
|faint|p1a: Gliscor
|
|upkeep
|
|t:|1760794060
|switch|p1a: Iron Valiant|Iron Valiant|100/100
|turn|13
|
|t:|1760794064
|move|p1a: Iron Valiant|Shadow Sneak|p2a: Dusknoir
|-supereffective|p2a: Dusknoir
|-damage|p2a: Dusknoir|21/100
|-damage|p1a: Iron Valiant|90/100|[from] item: Life Orb
|move|p2a: Dusknoir|Poltergeist|p1a: Iron Valiant
|-activate|p1a: Iron Valiant|move: Poltergeist|Life Orb
|-damage|p1a: Iron Valiant|0 fnt
|faint|p1a: Iron Valiant
|-end|p1a: Iron Valiant|Quark Drive|[silent]
|
|upkeep
|
|t:|1760794080
|switch|p1a: Rillaboom|Rillaboom, F|100/100
|-fieldstart|move: Grassy Terrain|[from] ability: Grassy Surge|[of] p1a: Rillaboom
|turn|14
|
|t:|1760794089
|move|p1a: Rillaboom|Grassy Glide|p2a: Dusknoir
|-damage|p2a: Dusknoir|0 fnt
|faint|p2a: Dusknoir
|
|upkeep
|
|t:|1760794093
|switch|p2a: Gothitelle|Gothitelle, M|100/100
|-activate|p2a: Gothitelle|move: Sticky Web
|-unboost|p2a: Gothitelle|spe|1
|-ability|p2a: Gothitelle|Competitive|boost
|-boost|p2a: Gothitelle|spa|2
|-damage|p2a: Gothitelle|88/100|[from] Stealth Rock
|turn|15
|
|t:|1760794102
|switch|p1a: Iron Moth|Iron Moth|1/100
|move|p2a: Gothitelle|Psychic Noise|p1a: Iron Moth
|-damage|p1a: Iron Moth|0 fnt
|replace|p1a: Zoroark|Zoroark-Hisui, F, shiny
|-end|p1a: Zoroark|Illusion
|faint|p1a: Zoroark
|
|-heal|p2a: Gothitelle|94/100|[from] Grassy Terrain
|-heal|p2a: Gothitelle|99/100|[from] item: Leftovers
|-fieldend|move: Trick Room
|upkeep
|
|t:|1760794117
|switch|p1a: Blissey|Blissey, F|92/100
|turn|16
|
|t:|1760794123
|move|p1a: Blissey|Seismic Toss|p2a: Gothitelle
|-damage|p2a: Gothitelle|71/100
|move|p2a: Gothitelle|Psychic Noise|p1a: Blissey
|-damage|p1a: Blissey|71/100
|-start|p1a: Blissey|move: Heal Block
|
|-heal|p2a: Gothitelle|77/100|[from] Grassy Terrain
|-heal|p2a: Gothitelle|83/100|[from] item: Leftovers
|upkeep
|turn|17
|
|t:|1760794135
|switch|p2a: Passimian|Passimian, M|86/100
|-activate|p2a: Passimian|move: Sticky Web
|-unboost|p2a: Passimian|spe|1
|-ability|p2a: Passimian|Defiant|boost
|-boost|p2a: Passimian|atk|2
|-damage|p2a: Passimian|80/100|[from] Stealth Rock
|move|p1a: Blissey|Seismic Toss|p2a: Passimian
|-damage|p2a: Passimian|54/100
|
|-heal|p2a: Passimian|60/100|[from] Grassy Terrain
|-end|p1a: Blissey|move: Heal Block
|upkeep
|turn|18
|
|t:|1760794149
|move|p1a: Blissey|Seismic Toss|p2a: Passimian
|-damage|p2a: Passimian|34/100
|move|p2a: Passimian|Drain Punch|p1a: Blissey
|-supereffective|p1a: Blissey
|-damage|p1a: Blissey|0 fnt
|-heal|p2a: Passimian|99/100|[from] drain|[of] p1a: Blissey
|faint|p1a: Blissey
|
|-heal|p2a: Passimian|100/100|[from] Grassy Terrain
|-fieldend|move: Grassy Terrain
|upkeep
|
|t:|1760794162
|switch|p1a: Iron Moth|Iron Moth|100/100
|-enditem|p1a: Iron Moth|Booster Energy
|-activate|p1a: Iron Moth|ability: Quark Drive|[fromitem]
|-start|p1a: Iron Moth|quarkdrivespe
|turn|19
|
|t:|1760794168
|-terastallize|p1a: Iron Moth|Flying
|move|p1a: Iron Moth|Air Slash|p2a: Passimian
|-supereffective|p2a: Passimian
|-crit|p2a: Passimian
|-damage|p2a: Passimian|0 fnt
|faint|p2a: Passimian
|
|upkeep
|
|t:|1760794171
|switch|p2a: Gothitelle|Gothitelle, M|83/100
|-activate|p2a: Gothitelle|move: Sticky Web
|-unboost|p2a: Gothitelle|spe|1
|-ability|p2a: Gothitelle|Competitive|boost
|-boost|p2a: Gothitelle|spa|2
|-damage|p2a: Gothitelle|71/100|[from] Stealth Rock
|turn|20
|
|t:|1760794183
|move|p1a: Iron Moth|Fiery Dance|p2a: Gothitelle
|-damage|p2a: Gothitelle|35/100
|move|p2a: Gothitelle|Trick Room|p2a: Gothitelle
|-fieldstart|move: Trick Room|[of] p2a: Gothitelle
|
|-heal|p2a: Gothitelle|41/100|[from] item: Leftovers
|upkeep
|turn|21
|
|t:|1760794194
|move|p2a: Gothitelle|Psychic Noise|p1a: Iron Moth
|-damage|p1a: Iron Moth|36/100
|-start|p1a: Iron Moth|move: Heal Block
|move|p1a: Iron Moth|Fiery Dance|p2a: Gothitelle
|-damage|p2a: Gothitelle|6/100
|-boost|p1a: Iron Moth|spa|1
|
|-heal|p2a: Gothitelle|12/100|[from] item: Leftovers
|upkeep
|turn|22
|
|t:|1760794205
|move|p2a: Gothitelle|Psychic Noise|p1a: Iron Moth
|-damage|p1a: Iron Moth|0 fnt
|faint|p1a: Iron Moth
|-end|p1a: Iron Moth|Quark Drive|[silent]
|
|-heal|p2a: Gothitelle|18/100|[from] item: Leftovers
|upkeep
|
|t:|1760794213
|switch|p1a: Rillaboom|Rillaboom, F|100/100
|-fieldstart|move: Grassy Terrain|[from] ability: Grassy Surge|[of] p1a: Rillaboom
|turn|23
|
|t:|1760794218
|move|p1a: Rillaboom|Fake Out|p2a: Gothitelle
|-damage|p2a: Gothitelle|5/100
|cant|p2a: Gothitelle|flinch
|
|-heal|p2a: Gothitelle|11/100|[from] Grassy Terrain
|-heal|p2a: Gothitelle|17/100|[from] item: Leftovers
|upkeep
|turn|24
|
|t:|1760794226
|move|p1a: Rillaboom|Grassy Glide|p2a: Gothitelle
|-damage|p2a: Gothitelle|0 fnt
|faint|p2a: Gothitelle
|
|-fieldend|move: Trick Room
|upkeep
|
|t:|1760794228
|switch|p2a: Empoleon|Empoleon, M|52/100
|-activate|p2a: Empoleon|move: Sticky Web
|-unboost|p2a: Empoleon|spe|1
|-ability|p2a: Empoleon|Competitive|boost
|-boost|p2a: Empoleon|spa|2
|-damage|p2a: Empoleon|46/100|[from] Stealth Rock
|turn|25
|c|☆nighttwing|win or lose i enjoyed this shi
|
|t:|1760794251
|move|p1a: Rillaboom|Grassy Glide|p2a: Empoleon
|-damage|p2a: Empoleon|4/100
|move|p2a: Empoleon|Ice Beam|p1a: Rillaboom
|-supereffective|p1a: Rillaboom
|-damage|p1a: Rillaboom|0 fnt
|faint|p1a: Rillaboom
|
|win|capitolg
|raw|nighttwing's rating: 1174 &rarr; <strong>1150</strong><br />(-24 for losing)
|raw|capitolg's rating: 1186 &rarr; <strong>1210</strong><br />(+24 for winning)
|c|☆nighttwing|gg
|l|☆nighttwing
|player|p1|
