|j|☆DeCompaniu
|j|☆Drakolithe
|t:|1760880236
|gametype|singles
|player|p1|DeCompaniu|richboy|1323
|player|p2|Drakolithe|265|1383
|gen|9
|tier|[Gen 9] OU
|rated|
|rule|HP Percentage Mod: HP is shown in percentages
|rule|Endless Battle Clause: Forcing endless battles is banned
|rule|Species Clause: Limit one of each Pokémon
|rule|OHKO Clause: OHKO moves are banned
|rule|Evasion Items Clause: Evasion items are banned
|rule|Evasion Moves Clause: Evasion moves are banned
|rule|Evasion Abilities Clause: Evasion abilities are banned
|rule|Sleep Moves Clause: Sleep-inducing moves are banned
|clearpoke
|poke|p1|Rillaboom, F|
|poke|p1|Serperior, M|
|poke|p1|Hawlucha, M|
|poke|p1|Ninetales-Alola, F|
|poke|p1|Glimmora, M|
|poke|p1|Chandelure, F|
|poke|p2|Glimmora, F|
|poke|p2|Zamazenta-*|
|poke|p2|Latias, F|
|poke|p2|Gholdengo|
|poke|p2|Dragonite, M|
|poke|p2|Iron Valiant|
|teampreview
|inactive|Battle timer is ON: inactive players will automatically lose when time's up. (requested by Drakolithe)
|
|t:|1760880246
|teamsize|p1|6
|teamsize|p2|6
|start
|switch|p1a: Glimmora|Glimmora, M|100/100
|switch|p2a: Glimmora|Glimmora, F|100/100
|turn|1
|
|t:|1760880253
|move|p2a: Glimmora|Earth Power|p1a: Glimmora
|-supereffective|p1a: Glimmora
|-enditem|p1a: Glimmora|Focus Sash
|-damage|p1a: Glimmora|1/100
|move|p1a: Glimmora|Earth Power|p2a: Glimmora
|-supereffective|p2a: Glimmora
|-damage|p2a: Glimmora|0 fnt
|faint|p2a: Glimmora
|
|upkeep
|
|t:|1760880259
|switch|p2a: Latias|Latias, F|100/100
|turn|2
|
|t:|1760880268
|move|p2a: Latias|Draining Kiss|p1a: Glimmora
|-resisted|p1a: Glimmora
|-damage|p1a: Glimmora|0 fnt
|faint|p1a: Glimmora
|
|upkeep
|
|t:|1760880279
|switch|p1a: Rillaboom|Rillaboom, F|100/100
|-fieldstart|move: Grassy Terrain|[from] ability: Grassy Surge|[of] p1a: Rillaboom
|turn|3
|
|t:|1760880284
|move|p2a: Latias|Calm Mind|p2a: Latias
|-boost|p2a: Latias|spa|1
|-boost|p2a: Latias|spd|1
|move|p1a: Rillaboom|Knock Off|p2a: Latias
|-supereffective|p2a: Latias
|-damage|p2a: Latias|11/100
|-enditem|p2a: Latias|Leftovers|[from] move: Knock Off|[of] p1a: Rillaboom
|
|upkeep
|turn|4
|
|t:|1760880292
|move|p2a: Latias|Draining Kiss|p1a: Rillaboom
|-damage|p1a: Rillaboom|78/100
|-heal|p2a: Latias|30/100|[from] drain|[of] p1a: Rillaboom
|move|p1a: Rillaboom|Knock Off|p2a: Latias
|-supereffective|p2a: Latias
|-damage|p2a: Latias|0 fnt
|faint|p2a: Latias
|
|-heal|p1a: Rillaboom|84/100|[from] Grassy Terrain
|upkeep
|
|t:|1760880298
|switch|p2a: Zamazenta|Zamazenta|100/100
|-ability|p2a: Zamazenta|Dauntless Shield|boost
|-boost|p2a: Zamazenta|def|1
|turn|5
|
|t:|1760880307
|switch|p1a: Chandelure|Chandelure, F|100/100
|move|p2a: Zamazenta|Substitute|p2a: Zamazenta
|-start|p2a: Zamazenta|Substitute
|-damage|p2a: Zamazenta|76/100
|
|-heal|p2a: Zamazenta|82/100|[from] Grassy Terrain
|-heal|p2a: Zamazenta|88/100|[from] item: Leftovers
|upkeep
|turn|6
|c|☆DeCompaniu|GG
|-message|DeCompaniu forfeited.
|
|win|Drakolithe
|raw|DeCompaniu's rating: 1323 &rarr; <strong>1306</strong><br />(-17 for losing)
|raw|Drakolithe's rating: 1383 &rarr; <strong>1400</strong><br />(+17 for winning)
|l|☆DeCompaniu
|player|p1|
