|j|‽monkeyzooland
|j|☆Avl2121
|t:|1760806643
|gametype|singles
|player|p1|monkeyzooland|shauna|1402
|player|p2|Avl2121|dragontamer|1382
|gen|9
|tier|[Gen 9] OU
|rated|
|rule|HP Percentage Mod: HP is shown in percentages
|rule|Endless Battle Clause: Forcing endless battles is banned
|rule|Species Clause: Limit one of each Pokémon
|rule|OHKO Clause: OHKO moves are banned
|rule|Evasion Items Clause: Evasion items are banned
|rule|Evasion Moves Clause: Evasion moves are banned
|rule|Evasion Abilities Clause: Evasion abilities are banned
|rule|Sleep Moves Clause: Sleep-inducing moves are banned
|clearpoke
|poke|p1|Meowscarada, F|
|poke|p1|Pecharunt|
|poke|p1|Corviknight, M|
|poke|p1|Ting-Lu|
|poke|p1|Ogerpon-Wellspring, F|
|poke|p1|Kyurem|
|poke|p2|Garganacl, F|
|poke|p2|Blaziken, F|
|poke|p2|Landorus-Therian, M|
|poke|p2|Kyurem|
|poke|p2|Rotom-Wash|
|poke|p2|Cryogonal|
|teampreview
|inactive|Battle timer is ON: inactive players will automatically lose when time's up. (requested by Avl2121)
|
|t:|1760806667
|teamsize|p1|6
|teamsize|p2|6
|start
|switch|p1a: Kyurem|Kyurem|100/100
|switch|p2a: Rotom|Rotom-Wash|100/100
|-ability|p1a: Kyurem|Pressure
|turn|1
|
|t:|1760806673
|move|p2a: Rotom|Thunder Wave|p1a: Kyurem
|-status|p1a: Kyurem|par
|cant|p1a: Kyurem|par
|
|upkeep
|turn|2
|inactive|monkeyzooland has 120 seconds left.
|
|t:|1760806732
|switch|p2a: Cryogonal|Cryogonal|100/100
|switch|p1a: Ting-Lu|Ting-Lu|100/100
|-ability|p1a: Ting-Lu|Vessel of Ruin
|
|upkeep
|turn|3
|
|t:|1760806749
|move|p2a: Cryogonal|Chilling Water|p1a: Ting-Lu
|-supereffective|p1a: Ting-Lu
|-damage|p1a: Ting-Lu|89/100
|-unboost|p1a: Ting-Lu|atk|1
|move|p1a: Ting-Lu|Stealth Rock|p2a: Cryogonal
|-sidestart|p2: Avl2121|move: Stealth Rock
|
|-heal|p1a: Ting-Lu|95/100|[from] item: Leftovers
|upkeep
|turn|4
|
|t:|1760806765
|switch|p1a: Corviknight|Corviknight, M|100/100
|-ability|p1a: Corviknight|Pressure
|move|p2a: Cryogonal|Rapid Spin|p1a: Corviknight
|-resisted|p1a: Corviknight
|-damage|p1a: Corviknight|98/100
|-boost|p2a: Cryogonal|spe|1
|-damage|p2a: Cryogonal|84/100|[from] item: Rocky Helmet|[of] p1a: Corviknight
|-sideend|p2: Avl2121|Stealth Rock|[from] move: Rapid Spin|[of] p2a: Cryogonal
|
|upkeep
|turn|5
|
|t:|1760806777
|move|p2a: Cryogonal|Freeze-Dry|p1a: Corviknight
|-damage|p1a: Corviknight|67/100
|move|p1a: Corviknight|U-turn|p2a: Cryogonal
|-damage|p2a: Cryogonal|54/100
|
|t:|1760806787
|switch|p1a: Meowscarada|Meowscarada, F|100/100|[from] U-turn
|
|upkeep
|turn|6
|
|t:|1760806804
|move|p1a: Meowscarada|Knock Off|p2a: Cryogonal
|-start|p1a: Meowscarada|typechange|Dark|[from] ability: Protean
|-damage|p2a: Cryogonal|0 fnt
|-enditem|p2a: Cryogonal|Assault Vest|[from] move: Knock Off|[of] p1a: Meowscarada
|faint|p2a: Cryogonal
|
|upkeep
|
|t:|1760806811
|switch|p2a: Rotom|Rotom-Wash|100/100
|turn|7
|
|t:|1760806817
|switch|p1a: Kyurem|Kyurem|100/100 par
|-ability|p1a: Kyurem|Pressure
|move|p2a: Rotom|Trick|p1a: Kyurem
|-activate|p2a: Rotom|move: Trick|[of] p1a: Kyurem
|-item|p1a: Kyurem|Choice Scarf|[from] move: Trick
|-item|p2a: Rotom|Heavy-Duty Boots|[from] move: Trick
|
|upkeep
|turn|8
|inactive|monkeyzooland has 90 seconds left.
|
|t:|1760806850
|switch|p2a: Kyurem|Kyurem|100/100
|-ability|p2a: Kyurem|Pressure
|cant|p1a: Kyurem|par
|
|upkeep
|turn|9
|inactive|monkeyzooland has 90 seconds left.
|
|t:|1760806857
|move|p1a: Kyurem|Draco Meteor|p2a: Kyurem
|-supereffective|p2a: Kyurem
|-damage|p2a: Kyurem|0 fnt
|-unboost|p1a: Kyurem|spa|2
|faint|p2a: Kyurem
|
|upkeep
|
|t:|1760806863
|switch|p2a: Garganacl|Garganacl, F|100/100
|turn|10
|
|t:|1760806873
|switch|p1a: Ting-Lu|Ting-Lu|95/100
|-ability|p1a: Ting-Lu|Vessel of Ruin
|move|p2a: Garganacl|Curse|p2a: Garganacl
|-unboost|p2a: Garganacl|spe|1
|-boost|p2a: Garganacl|atk|1
|-boost|p2a: Garganacl|def|1
|
|-heal|p1a: Ting-Lu|100/100|[from] item: Leftovers
|upkeep
|turn|11
|
|t:|1760806881
|move|p2a: Garganacl|Salt Cure|p1a: Ting-Lu
|-resisted|p1a: Ting-Lu
|-damage|p1a: Ting-Lu|94/100
|-start|p1a: Ting-Lu|Salt Cure
|move|p1a: Ting-Lu|Whirlwind|p2a: Garganacl
|drag|p2a: Rotom|Rotom-Wash|100/100
|
|-heal|p1a: Ting-Lu|100/100|[from] item: Leftovers
|-damage|p1a: Ting-Lu|88/100|[from] Salt Cure
|upkeep
|turn|12
|
|t:|1760806892
|switch|p1a: Kyurem|Kyurem|100/100 par
|-ability|p1a: Kyurem|Pressure
|move|p2a: Rotom|Hydro Pump|p1a: Kyurem
|-resisted|p1a: Kyurem
|-damage|p1a: Kyurem|77/100 par
|
|upkeep
|turn|13
|
|t:|1760806903
|move|p2a: Rotom|Volt Switch|p1a: Kyurem
|-resisted|p1a: Kyurem
|-damage|p1a: Kyurem|62/100 par
|
|t:|1760806907
|switch|p2a: Blaziken|Blaziken, F|100/100|[from] Volt Switch
|move|p1a: Kyurem|Draco Meteor|p2a: Blaziken
|-damage|p2a: Blaziken|0 fnt
|-unboost|p1a: Kyurem|spa|2
|faint|p2a: Blaziken
|
|upkeep
|
|t:|1760806913
|switch|p2a: Garganacl|Garganacl, F|100/100
|turn|14
|
|t:|1760806918
|switch|p1a: Ting-Lu|Ting-Lu|88/100
|-ability|p1a: Ting-Lu|Vessel of Ruin
|move|p2a: Garganacl|Salt Cure|p1a: Ting-Lu
|-resisted|p1a: Ting-Lu
|-damage|p1a: Ting-Lu|85/100
|-start|p1a: Ting-Lu|Salt Cure
|
|-heal|p1a: Ting-Lu|91/100|[from] item: Leftovers
|-damage|p1a: Ting-Lu|78/100|[from] Salt Cure
|upkeep
|turn|15
|inactive|monkeyzooland has 120 seconds left.
|
|t:|1760806951
|switch|p1a: Meowscarada|Meowscarada, F|100/100
|move|p2a: Garganacl|Salt Cure|p1a: Meowscarada
|-damage|p1a: Meowscarada|79/100
|-start|p1a: Meowscarada|Salt Cure
|
|-damage|p1a: Meowscarada|67/100|[from] Salt Cure
|upkeep
|turn|16
|
|t:|1760806957
|move|p2a: Garganacl|Protect|p2a: Garganacl
|-singleturn|p2a: Garganacl|Protect
|move|p1a: Meowscarada|Flower Trick|p2a: Garganacl
|-start|p1a: Meowscarada|typechange|Grass|[from] ability: Protean
|-activate|p2a: Garganacl|move: Protect
|
|-damage|p1a: Meowscarada|54/100|[from] Salt Cure
|upkeep
|turn|17
|
|t:|1760806967
|-terastallize|p1a: Meowscarada|Grass
|-terastallize|p2a: Garganacl|Ghost
|move|p1a: Meowscarada|Flower Trick|p2a: Garganacl
|-crit|p2a: Garganacl
|-damage|p2a: Garganacl|69/100
|move|p2a: Garganacl|Salt Cure|p1a: Meowscarada
|-damage|p1a: Meowscarada|31/100
|
|-heal|p2a: Garganacl|75/100|[from] item: Leftovers
|-damage|p1a: Meowscarada|19/100|[from] Salt Cure
|upkeep
|turn|18
|inactive|monkeyzooland has 120 seconds left.
|
|t:|1760806979
|switch|p1a: Ting-Lu|Ting-Lu|78/100
|-ability|p1a: Ting-Lu|Vessel of Ruin
|move|p2a: Garganacl|Salt Cure|p1a: Ting-Lu
|-resisted|p1a: Ting-Lu
|-damage|p1a: Ting-Lu|75/100
|-start|p1a: Ting-Lu|Salt Cure
|
|-heal|p1a: Ting-Lu|81/100|[from] item: Leftovers
|-heal|p2a: Garganacl|82/100|[from] item: Leftovers
|-damage|p1a: Ting-Lu|69/100|[from] Salt Cure
|upkeep
|turn|19
|inactive|monkeyzooland has 120 seconds left.
|
|t:|1760806987
|move|p1a: Ting-Lu|Stealth Rock|p2a: Garganacl
|-sidestart|p2: Avl2121|move: Stealth Rock
|move|p2a: Garganacl|Salt Cure|p1a: Ting-Lu
|-resisted|p1a: Ting-Lu
|-damage|p1a: Ting-Lu|65/100
|
|-heal|p1a: Ting-Lu|71/100|[from] item: Leftovers
|-heal|p2a: Garganacl|88/100|[from] item: Leftovers
|-damage|p1a: Ting-Lu|59/100|[from] Salt Cure
|upkeep
|turn|20
|
|t:|1760806997
|move|p2a: Garganacl|Curse|p1a: Ting-Lu
|-start|p1a: Ting-Lu|Curse|[of] p2a: Garganacl
|-damage|p2a: Garganacl|38/100
|move|p1a: Ting-Lu|Whirlwind|p2a: Garganacl
|drag|p2a: Landorus|Landorus-Therian, M|100/100
|-damage|p2a: Landorus|88/100|[from] Stealth Rock
|-ability|p2a: Landorus|Intimidate|boost
|-unboost|p1a: Ting-Lu|atk|1
|
|-heal|p1a: Ting-Lu|65/100|[from] item: Leftovers
|-damage|p1a: Ting-Lu|40/100|[from] Curse
|-damage|p1a: Ting-Lu|28/100|[from] Salt Cure
|upkeep
|turn|21
|
|t:|1760807008
|switch|p1a: Corviknight|Corviknight, M|67/100
|-ability|p1a: Corviknight|Pressure
|move|p2a: Landorus|Stealth Rock|p1a: Corviknight
|-sidestart|p1: monkeyzooland|move: Stealth Rock
|
|upkeep
|turn|22
|
|t:|1760807017
|move|p2a: Landorus|Smack Down|p1a: Corviknight
|-damage|p1a: Corviknight|56/100
|-start|p1a: Corviknight|Smack Down
|move|p1a: Corviknight|Defog|p2a: Landorus
|-unboost|p2a: Landorus|evasion|1
|-sideend|p2: Avl2121|Stealth Rock|[from] move: Defog|[of] p1a: Corviknight
|-sideend|p1: monkeyzooland|Stealth Rock|[from] move: Defog|[of] p1a: Corviknight
|
|upkeep
|turn|23
|
|t:|1760807027
|switch|p1a: Ogerpon|Ogerpon-Wellspring, F|100/100
|move|p2a: Landorus|Earthquake|p1a: Ogerpon
|-resisted|p1a: Ogerpon
|-damage|p1a: Ogerpon|65/100
|
|upkeep
|turn|24
|
|t:|1760807037
|switch|p2a: Rotom|Rotom-Wash|100/100
|move|p1a: Ogerpon|Ivy Cudgel|p2a: Rotom|[anim] Ivy Cudgel Water
|-resisted|p2a: Rotom
|-damage|p2a: Rotom|62/100
|
|upkeep
|turn|25
|
|t:|1760807046
|move|p1a: Ogerpon|Horn Leech|p2a: Rotom
|-supereffective|p2a: Rotom
|-damage|p2a: Rotom|0 fnt
|-heal|p1a: Ogerpon|90/100|[from] drain|[of] p2a: Rotom
|faint|p2a: Rotom
|
|upkeep
|
|t:|1760807049
|switch|p2a: Garganacl|Garganacl, F, tera:Ghost|38/100
|turn|26
|inactive|monkeyzooland has 120 seconds left.
|
|t:|1760807084
|move|p1a: Ogerpon|Swords Dance|p1a: Ogerpon
|-boost|p1a: Ogerpon|atk|2
|move|p2a: Garganacl|Salt Cure|p1a: Ogerpon
|-crit|p1a: Ogerpon
|-damage|p1a: Ogerpon|62/100
|-start|p1a: Ogerpon|Salt Cure
|
|-heal|p2a: Garganacl|44/100|[from] item: Leftovers
|-damage|p1a: Ogerpon|37/100|[from] Salt Cure
|upkeep
|turn|27
|
|t:|1760807088
|move|p2a: Garganacl|Protect|p2a: Garganacl
|-singleturn|p2a: Garganacl|Protect
|move|p1a: Ogerpon|Horn Leech|p2a: Garganacl
|-activate|p2a: Garganacl|move: Protect
|
|-heal|p2a: Garganacl|50/100|[from] item: Leftovers
|-damage|p1a: Ogerpon|12/100|[from] Salt Cure
|upkeep
|turn|28
|
|t:|1760807094
|switch|p2a: Landorus|Landorus-Therian, M|88/100
|-ability|p2a: Landorus|Intimidate|boost
|-unboost|p1a: Ogerpon|atk|1
|move|p1a: Ogerpon|Ivy Cudgel|p2a: Landorus|[anim] Ivy Cudgel Water
|-supereffective|p2a: Landorus
|-damage|p2a: Landorus|0 fnt
|faint|p2a: Landorus
|
|-damage|p1a: Ogerpon|0 fnt|[from] Salt Cure
|faint|p1a: Ogerpon
|upkeep
|
|t:|1760807097
|switch|p1a: Meowscarada|Meowscarada, F, tera:Grass|19/100
|switch|p2a: Garganacl|Garganacl, F, tera:Ghost|50/100
|turn|29
|
|t:|1760807100
|move|p2a: Garganacl|Protect|p2a: Garganacl
|-singleturn|p2a: Garganacl|Protect
|move|p1a: Meowscarada|Trick|p2a: Garganacl
|-activate|p2a: Garganacl|move: Protect
|
|-heal|p2a: Garganacl|56/100|[from] item: Leftovers
|upkeep
|turn|30
|
|t:|1760807109
|move|p1a: Meowscarada|Trick|p2a: Garganacl
|-activate|p1a: Meowscarada|move: Trick|[of] p2a: Garganacl
|-item|p2a: Garganacl|Choice Scarf|[from] move: Trick
|-item|p1a: Meowscarada|Leftovers|[from] move: Trick
|move|p2a: Garganacl|Salt Cure|p1a: Meowscarada
|-damage|p1a: Meowscarada|0 fnt
|faint|p1a: Meowscarada
|
|upkeep
|
|t:|1760807126
|switch|p1a: Corviknight|Corviknight, M|56/100
|-ability|p1a: Corviknight|Pressure
|turn|31
|
|t:|1760807129
|move|p1a: Corviknight|Roost|p1a: Corviknight
|-heal|p1a: Corviknight|100/100
|-singleturn|p1a: Corviknight|move: Roost
|move|p2a: Garganacl|Salt Cure|p1a: Corviknight
|-resisted|p1a: Corviknight
|-damage|p1a: Corviknight|96/100
|-start|p1a: Corviknight|Salt Cure
|
|-damage|p1a: Corviknight|71/100|[from] Salt Cure
|upkeep
|turn|32
|
|t:|1760807142
|switch|p1a: Pecharunt|Pecharunt|100/100
|move|p2a: Garganacl|Salt Cure|p1a: Pecharunt
|-damage|p1a: Pecharunt|94/100
|-start|p1a: Pecharunt|Salt Cure
|
|-damage|p1a: Pecharunt|82/100|[from] Salt Cure
|upkeep
|turn|33
|
|t:|1760807149
|move|p1a: Pecharunt|Hex|p2a: Garganacl
|-supereffective|p2a: Garganacl
|-damage|p2a: Garganacl|39/100
|move|p2a: Garganacl|Salt Cure|p1a: Pecharunt
|-damage|p1a: Pecharunt|74/100
|
|-damage|p1a: Pecharunt|62/100|[from] Salt Cure
|upkeep
|turn|34
|-message|Avl2121 forfeited.
|
|win|monkeyzooland
|raw|monkeyzooland's rating: 1402 &rarr; <strong>1421</strong><br />(+19 for winning)
|raw|Avl2121's rating: 1382 &rarr; <strong>1363</strong><br />(-19 for losing)
|l|☆Avl2121
|player|p2|
|l|‽monkeyzooland
|player|p1|
