|j|☆susumu808
|j|☆lLukas Frehwright
|t:|1760771420
|gametype|singles
|player|p1|susumu808|1|1158
|player|p2|lLukas Frehwright|unknown|1169
|gen|9
|tier|[Gen 9] OU
|rated|
|rule|HP Percentage Mod: HP is shown in percentages
|rule|Endless Battle Clause: Forcing endless battles is banned
|rule|Species Clause: Limit one of each Pokémon
|rule|OHKO Clause: OHKO moves are banned
|rule|Evasion Items Clause: Evasion items are banned
|rule|Evasion Moves Clause: Evasion moves are banned
|rule|Evasion Abilities Clause: Evasion abilities are banned
|rule|Sleep Moves Clause: Sleep-inducing moves are banned
|clearpoke
|poke|p1|Staraptor, M|
|poke|p1|Darkrai|
|poke|p1|Dragonite, F|
|poke|p1|Latios, M|
|poke|p1|Kommo-o, F|
|poke|p1|Blaziken, F|
|poke|p2|Serperior, M|
|poke|p2|Weavile, M|
|poke|p2|Alomomola, F|
|poke|p2|Iron Treads|
|poke|p2|Dragapult, F|
|poke|p2|Moltres|
|teampreview
|
|t:|1760771428
|teamsize|p1|6
|teamsize|p2|6
|start
|switch|p1a: Blaziken|Blaziken, F, shiny|100/100
|switch|p2a: Dragapult|Dragapult, F|100/100
|turn|1
|
|t:|1760771432
|move|p2a: Dragapult|Will-O-Wisp|p1a: Blaziken
|-immune|p1a: Blaziken
|move|p1a: Blaziken|Blaze Kick|p2a: Dragapult
|-resisted|p2a: Dragapult
|-crit|p2a: Dragapult
|-damage|p2a: Dragapult|49/100
|
|-ability|p1a: Blaziken|Speed Boost|boost
|-boost|p1a: Blaziken|spe|1
|upkeep
|turn|2
|c|☆lLukas Frehwright|oh im dumb
|c|☆lLukas Frehwright|rlly dumb
|c|☆lLukas Frehwright|like rlllllllly
|
|t:|1760771449
|move|p2a: Dragapult|U-turn|p1a: Blaziken
|-resisted|p1a: Blaziken
|-damage|p1a: Blaziken|95/100
|
|t:|1760771457
|switch|p2a: Moltres|Moltres|100/100|[from] U-turn
|move|p1a: Blaziken|Blaze Kick|p2a: Moltres
|-resisted|p2a: Moltres
|-damage|p2a: Moltres|86/100
|
|-ability|p1a: Blaziken|Speed Boost|boost
|-boost|p1a: Blaziken|spe|1
|upkeep
|turn|3
|
|t:|1760771471
|move|p1a: Blaziken|Focus Energy|p1a: Blaziken
|-start|p1a: Blaziken|move: Focus Energy
|move|p2a: Moltres|Hurricane|p1a: Blaziken|[miss]
|-miss|p2a: Moltres|p1a: Blaziken
|
|-ability|p1a: Blaziken|Speed Boost|boost
|-boost|p1a: Blaziken|spe|1
|upkeep
|turn|4
|c|☆lLukas Frehwright|..
|c|☆lLukas Frehwright|..
|c|☆lLukas Frehwright|..
|
|t:|1760771485
|-terastallize|p1a: Blaziken|Ghost
|move|p1a: Blaziken|Blaze Kick|p2a: Moltres
|-resisted|p2a: Moltres
|-crit|p2a: Moltres
|-damage|p2a: Moltres|61/100
|move|p2a: Moltres|Hurricane|p1a: Blaziken
|-damage|p1a: Blaziken|26/100
|
|-ability|p1a: Blaziken|Speed Boost|boost
|-boost|p1a: Blaziken|spe|1
|upkeep
|turn|5
|
|t:|1760771498
|move|p1a: Blaziken|Blaze Kick|p2a: Moltres
|-resisted|p2a: Moltres
|-crit|p2a: Moltres
|-damage|p2a: Moltres|38/100
|-status|p1a: Blaziken|brn|[from] ability: Flame Body|[of] p2a: Moltres
|move|p2a: Moltres|Roost|p2a: Moltres
|-heal|p2a: Moltres|88/100
|-singleturn|p2a: Moltres|move: Roost
|
|-damage|p1a: Blaziken|20/100 brn|[from] brn
|-ability|p1a: Blaziken|Speed Boost|boost
|-boost|p1a: Blaziken|spe|1
|upkeep
|turn|6
|
|t:|1760771507
|move|p1a: Blaziken|Blaze Kick|p2a: Moltres
|-resisted|p2a: Moltres
|-crit|p2a: Moltres
|-damage|p2a: Moltres|76/100
|move|p2a: Moltres|Hurricane|p1a: Blaziken
|-damage|p1a: Blaziken|0 fnt
|faint|p1a: Blaziken
|
|upkeep
|inactive|Battle timer is ON: inactive players will automatically lose when time's up. (requested by lLukas Frehwright)
|
|t:|1760771537
|switch|p1a: Latios|Latios, M, shiny|100/100
|turn|7
|
|t:|1760771546
|switch|p2a: Iron Treads|Iron Treads|100/100
|move|p1a: Latios|Draco Meteor|p2a: Iron Treads
|-resisted|p2a: Iron Treads
|-damage|p2a: Iron Treads|61/100
|-unboost|p1a: Latios|spa|2
|
|-heal|p2a: Iron Treads|67/100|[from] item: Leftovers
|upkeep
|turn|8
|
|t:|1760771560
|switch|p1a: Staraptor|Staraptor, M, shiny|100/100
|move|p2a: Iron Treads|Stealth Rock|p1a: Staraptor
|-sidestart|p1: susumu808|move: Stealth Rock
|
|-heal|p2a: Iron Treads|73/100|[from] item: Leftovers
|upkeep
|turn|9
|
|t:|1760771568
|move|p1a: Staraptor|Close Combat|p2a: Iron Treads
|-supereffective|p2a: Iron Treads
|-damage|p2a: Iron Treads|5/100
|-unboost|p1a: Staraptor|def|1
|-unboost|p1a: Staraptor|spd|1
|move|p2a: Iron Treads|Volt Switch|p1a: Staraptor
|-supereffective|p1a: Staraptor
|-damage|p1a: Staraptor|49/100
|
|t:|1760771572
|-end|p2a: Iron Treads|Quark Drive|[silent]
|switch|p2a: Weavile|Weavile, M|100/100|[from] Volt Switch
|-ability|p2a: Weavile|Pressure
|
|upkeep
|turn|10
|
|t:|1760771577
|move|p1a: Staraptor|Close Combat|p2a: Weavile
|-supereffective|p2a: Weavile
|-damage|p2a: Weavile|0 fnt
|-unboost|p1a: Staraptor|def|1
|-unboost|p1a: Staraptor|spd|1
|faint|p2a: Weavile
|
|upkeep
|c|☆lLukas Frehwright|scarf
|
|t:|1760771593
|switch|p2a: Moltres|Moltres|76/100
|turn|11
|
|t:|1760771599
|move|p1a: Staraptor|Close Combat|p2a: Moltres
|-resisted|p2a: Moltres
|-damage|p2a: Moltres|61/100
|-unboost|p1a: Staraptor|def|1
|-unboost|p1a: Staraptor|spd|1
|move|p2a: Moltres|Will-O-Wisp|p1a: Staraptor
|-status|p1a: Staraptor|brn
|
|-damage|p1a: Staraptor|43/100 brn|[from] brn
|upkeep
|turn|12
|
|t:|1760771603
|switch|p1a: Latios|Latios, M, shiny|100/100
|-damage|p1a: Latios|88/100|[from] Stealth Rock
|move|p2a: Moltres|Roost|p2a: Moltres
|-heal|p2a: Moltres|100/100
|-singleturn|p2a: Moltres|move: Roost
|
|upkeep
|turn|13
|
|t:|1760771613
|-terastallize|p2a: Moltres|Flying
|move|p1a: Latios|Tailwind|p1a: Latios
|-sidestart|p1: susumu808|move: Tailwind
|move|p2a: Moltres|Hurricane|p1a: Latios
|-damage|p1a: Latios|27/100
|
|upkeep
|turn|14
|
|t:|1760771617
|move|p1a: Latios|Ice Beam|p2a: Moltres
|-supereffective|p2a: Moltres
|-damage|p2a: Moltres|34/100
|-status|p2a: Moltres|frz
|cant|p2a: Moltres|frz
|
|upkeep
|turn|15
|c|☆lLukas Frehwright|bruh
|
|t:|1760771626
|switch|p2a: Alomomola|Alomomola, F|100/100
|move|p1a: Latios|Ice Beam|p2a: Alomomola
|-resisted|p2a: Alomomola
|-damage|p2a: Alomomola|88/100
|
|-heal|p2a: Alomomola|94/100|[from] item: Leftovers
|upkeep
|turn|16
|
|t:|1760771630
|move|p1a: Latios|Luster Purge|p2a: Alomomola
|-damage|p2a: Alomomola|41/100
|move|p2a: Alomomola|Wish|p2a: Alomomola
|
|-heal|p2a: Alomomola|47/100|[from] item: Leftovers
|-sideend|p1: susumu808|move: Tailwind
|upkeep
|turn|17
|
|t:|1760771637
|move|p2a: Alomomola|Protect|p2a: Alomomola
|-singleturn|p2a: Alomomola|Protect
|move|p1a: Latios|Luster Purge|p2a: Alomomola
|-activate|p2a: Alomomola|move: Protect
|
|-heal|p2a: Alomomola|97/100|[from] move: Wish|[wisher] Alomomola
|-heal|p2a: Alomomola|100/100|[from] item: Leftovers
|upkeep
|turn|18
|
|t:|1760771644
|move|p1a: Latios|Luster Purge|p2a: Alomomola
|-damage|p2a: Alomomola|48/100
|move|p2a: Alomomola|Wish|p2a: Alomomola
|
|-heal|p2a: Alomomola|54/100|[from] item: Leftovers
|upkeep
|turn|19
|
|t:|1760771649
|move|p2a: Alomomola|Protect|p2a: Alomomola
|-singleturn|p2a: Alomomola|Protect
|move|p1a: Latios|Luster Purge|p2a: Alomomola
|-activate|p2a: Alomomola|move: Protect
|
|-heal|p2a: Alomomola|100/100|[from] move: Wish|[wisher] Alomomola
|upkeep
|turn|20
|
|t:|1760771653
|move|p1a: Latios|Luster Purge|p2a: Alomomola
|-damage|p2a: Alomomola|54/100
|-unboost|p2a: Alomomola|spd|1
|move|p2a: Alomomola|Wish|p2a: Alomomola
|
|-heal|p2a: Alomomola|60/100|[from] item: Leftovers
|upkeep
|turn|21
|
|t:|1760771657
|move|p2a: Alomomola|Protect|p2a: Alomomola
|-singleturn|p2a: Alomomola|Protect
|move|p1a: Latios|Luster Purge|p2a: Alomomola
|-activate|p2a: Alomomola|move: Protect
|
|-heal|p2a: Alomomola|100/100|[from] move: Wish|[wisher] Alomomola
|upkeep
|turn|22
|
|t:|1760771667
|switch|p2a: Dragapult|Dragapult, F|49/100
|move|p1a: Latios|Luster Purge|p2a: Dragapult
|-damage|p2a: Dragapult|0 fnt
|faint|p2a: Dragapult
|
|upkeep
|
|t:|1760771673
|switch|p2a: Alomomola|Alomomola, F|100/100
|turn|23
|
|t:|1760771675
|move|p2a: Alomomola|Protect|p2a: Alomomola
|-singleturn|p2a: Alomomola|Protect
|move|p1a: Latios|Luster Purge|p2a: Alomomola
|-activate|p2a: Alomomola|move: Protect
|
|upkeep
|turn|24
|
|t:|1760771682
|move|p1a: Latios|Draco Meteor|p2a: Alomomola
|-damage|p2a: Alomomola|37/100
|-unboost|p1a: Latios|spa|2
|move|p2a: Alomomola|Wish|p2a: Alomomola
|
|-heal|p2a: Alomomola|43/100|[from] item: Leftovers
|upkeep
|turn|25
|
|t:|1760771688
|move|p2a: Alomomola|Protect|p2a: Alomomola
|-singleturn|p2a: Alomomola|Protect
|move|p1a: Latios|Draco Meteor|p2a: Alomomola
|-activate|p2a: Alomomola|move: Protect
|
|-heal|p2a: Alomomola|93/100|[from] move: Wish|[wisher] Alomomola
|-heal|p2a: Alomomola|99/100|[from] item: Leftovers
|upkeep
|turn|26
|
|t:|1760771696
|switch|p1a: Darkrai|Darkrai, shiny|100/100
|-damage|p1a: Darkrai|88/100|[from] Stealth Rock
|move|p2a: Alomomola|Wish|p2a: Alomomola
|
|-heal|p2a: Alomomola|100/100|[from] item: Leftovers
|upkeep
|turn|27
|c|☆lLukas Frehwright|ima stall this shi- out :D
|
|t:|1760771703
|move|p1a: Darkrai|Nasty Plot|p1a: Darkrai
|-boost|p1a: Darkrai|spa|2
|move|p2a: Alomomola|Flip Turn|p1a: Darkrai
|-damage|p1a: Darkrai|67/100
|
|t:|1760771715
|switch|p2a: Moltres|Moltres, tera:Flying|34/100 frz|[from] Flip Turn
|
|-heal|p2a: Moltres|96/100 frz|[from] move: Wish|[wisher] Alomomola
|upkeep
|turn|28
|c|☆lLukas Frehwright|thaw
|
|t:|1760771725
|move|p1a: Darkrai|Nasty Plot|p1a: Darkrai
|-boost|p1a: Darkrai|spa|2
|cant|p2a: Moltres|frz
|
|upkeep
|turn|29
|c|☆lLukas Frehwright|thawwwwwwww
|
|t:|1760771733
|move|p1a: Darkrai|Dark Pulse|p2a: Moltres
|-damage|p2a: Moltres|0 fnt
|faint|p2a: Moltres
|
|upkeep
|
|t:|1760771741
|switch|p2a: Serperior|Serperior, M|100/100
|turn|30
|
|t:|1760771747
|move|p1a: Darkrai|Dark Pulse|p2a: Serperior
|-damage|p2a: Serperior|0 fnt
|faint|p2a: Serperior
|
|upkeep
|
|t:|1760771750
|switch|p2a: Iron Treads|Iron Treads|5/100
|turn|31
|
|t:|1760771753
|move|p1a: Darkrai|Dark Pulse|p2a: Iron Treads
|-damage|p2a: Iron Treads|0 fnt
|faint|p2a: Iron Treads
|-end|p2a: Iron Treads|Quark Drive|[silent]
|
|upkeep
|
|t:|1760771755
|switch|p2a: Alomomola|Alomomola, F|100/100
|turn|32
|-message|lLukas Frehwright forfeited.
|
|win|susumu808
|raw|susumu808's rating: 1158 &rarr; <strong>1184</strong><br />(+26 for winning)
|raw|lLukas Frehwright's rating: 1169 &rarr; <strong>1143</strong><br />(-26 for losing)
|l|☆lLukas Frehwright
|player|p2|
|l|☆susumu808
|player|p1|
