|j|‽clydethesuperhero
|j|☆Michy47
|t:|1760865181
|gametype|singles
|player|p1|clydethesuperhero|doubleteam|1579
|player|p2|Michy47|1|1600
|gen|9
|tier|[Gen 9] OU
|rated|
|rule|HP Percentage Mod: HP is shown in percentages
|rule|Endless Battle Clause: Forcing endless battles is banned
|rule|Species Clause: Limit one of each Pokémon
|rule|OHKO Clause: OHKO moves are banned
|rule|Evasion Items Clause: Evasion items are banned
|rule|Evasion Moves Clause: Evasion moves are banned
|rule|Evasion Abilities Clause: Evasion abilities are banned
|rule|Sleep Moves Clause: Sleep-inducing moves are banned
|clearpoke
|poke|p1|Garchomp, M|
|poke|p1|Darkrai|
|poke|p1|Gholdengo|
|poke|p1|Ogerpon-Wellspring, F|
|poke|p1|Iron Valiant|
|poke|p1|Iron Treads|
|poke|p2|Zapdos|
|poke|p2|Tinkaton, F|
|poke|p2|Samurott-Hisui, F|
|poke|p2|Dragapult, F|
|poke|p2|Slowking-Galar, M|
|poke|p2|Great Tusk|
|teampreview
|j| J3llyf1sh2183
|inactive|Battle timer is ON: inactive players will automatically lose when time's up. (requested by Michy47)
|l| J3llyf1sh2183
|j| Limelight_01
|inactive|clydethesuperhero has 120 seconds left.
|l| Limelight_01
|inactive|clydethesuperhero has 90 seconds left.
|
|t:|1760865267
|teamsize|p1|6
|teamsize|p2|6
|start
|switch|p1a: Garchomp|Garchomp, M|100/100
|switch|p2a: Great Tusk|Great Tusk|100/100
|turn|1
|
|t:|1760865280
|move|p2a: Great Tusk|Ice Spinner|p1a: Garchomp
|-supereffective|p1a: Garchomp
|-damage|p1a: Garchomp|47/100
|-damage|p2a: Great Tusk|88/100|[from] ability: Rough Skin|[of] p1a: Garchomp
|-damage|p2a: Great Tusk|71/100|[from] item: Rocky Helmet|[of] p1a: Garchomp
|move|p1a: Garchomp|Stealth Rock|p2a: Great Tusk
|-sidestart|p2: Michy47|move: Stealth Rock
|
|-heal|p2a: Great Tusk|78/100|[from] item: Leftovers
|upkeep
|turn|2
|
|t:|1760865285
|switch|p1a: Ogerpon|Ogerpon-Wellspring, F|100/100
|move|p2a: Great Tusk|Ice Spinner|p1a: Ogerpon
|-damage|p1a: Ogerpon|72/100
|
|-heal|p2a: Great Tusk|84/100|[from] item: Leftovers
|upkeep
|turn|3
|
|t:|1760865299
|-end|p2a: Great Tusk|Protosynthesis|[silent]
|switch|p2a: Zapdos|Zapdos|100/100
|move|p1a: Ogerpon|Ivy Cudgel|p2a: Zapdos|[anim] Ivy Cudgel Water
|-damage|p2a: Zapdos|62/100
|
|upkeep
|turn|4
|
|t:|1760865304
|switch|p1a: Iron Treads|Iron Treads|100/100
|move|p2a: Zapdos|Roost|p2a: Zapdos
|-heal|p2a: Zapdos|100/100
|-singleturn|p2a: Zapdos|move: Roost
|
|upkeep
|turn|5
|
|t:|1760865310
|switch|p2a: Great Tusk|Great Tusk|84/100
|-damage|p2a: Great Tusk|81/100|[from] Stealth Rock
|move|p1a: Iron Treads|Knock Off|p2a: Great Tusk
|-resisted|p2a: Great Tusk
|-damage|p2a: Great Tusk|73/100
|-enditem|p2a: Great Tusk|Leftovers|[from] move: Knock Off|[of] p1a: Iron Treads
|
|upkeep
|turn|6
|
|t:|1760865316
|-end|p1a: Iron Treads|Quark Drive|[silent]
|switch|p1a: Ogerpon|Ogerpon-Wellspring, F|72/100
|move|p2a: Great Tusk|Knock Off|p1a: Ogerpon
|-damage|p1a: Ogerpon|50/100
|
|upkeep
|turn|7
|
|t:|1760865324
|-end|p2a: Great Tusk|Protosynthesis|[silent]
|switch|p2a: Zapdos|Zapdos|100/100
|move|p1a: Ogerpon|Synthesis|p1a: Ogerpon
|-heal|p1a: Ogerpon|99/100
|
|upkeep
|turn|8
|
|t:|1760865327
|switch|p1a: Iron Treads|Iron Treads|100/100
|move|p2a: Zapdos|U-turn|p1a: Iron Treads
|-resisted|p1a: Iron Treads
|-crit|p1a: Iron Treads
|-damage|p1a: Iron Treads|91/100
|
|t:|1760865330
|switch|p2a: Great Tusk|Great Tusk|73/100|[from] U-turn
|-damage|p2a: Great Tusk|70/100|[from] Stealth Rock
|
|-heal|p1a: Iron Treads|97/100|[from] item: Leftovers
|upkeep
|turn|9
|
|t:|1760865336
|-end|p1a: Iron Treads|Quark Drive|[silent]
|switch|p1a: Ogerpon|Ogerpon-Wellspring, F|99/100
|move|p2a: Great Tusk|Rapid Spin|p1a: Ogerpon
|-damage|p1a: Ogerpon|82/100
|-boost|p2a: Great Tusk|spe|1
|-sideend|p2: Michy47|Stealth Rock|[from] move: Rapid Spin|[of] p2a: Great Tusk
|
|upkeep
|turn|10
|
|t:|1760865341
|-end|p2a: Great Tusk|Protosynthesis|[silent]
|switch|p2a: Zapdos|Zapdos|100/100
|move|p1a: Ogerpon|Ivy Cudgel|p2a: Zapdos|[anim] Ivy Cudgel Water
|-damage|p2a: Zapdos|61/100
|
|upkeep
|turn|11
|
|t:|1760865345
|switch|p1a: Iron Treads|Iron Treads|97/100
|move|p2a: Zapdos|Roost|p2a: Zapdos
|-heal|p2a: Zapdos|100/100
|-singleturn|p2a: Zapdos|move: Roost
|
|-heal|p1a: Iron Treads|100/100|[from] item: Leftovers
|upkeep
|turn|12
|
|t:|1760865352
|switch|p2a: Great Tusk|Great Tusk|70/100
|move|p1a: Iron Treads|Ice Spinner|p2a: Great Tusk
|-supereffective|p2a: Great Tusk
|-damage|p2a: Great Tusk|43/100
|
|upkeep
|turn|13
|
|t:|1760865370
|-end|p1a: Iron Treads|Quark Drive|[silent]
|switch|p1a: Gholdengo|Gholdengo|100/100
|-item|p1a: Gholdengo|Air Balloon
|-end|p2a: Great Tusk|Protosynthesis|[silent]
|switch|p2a: Samurott|Samurott-Hisui, F|100/100
|
|upkeep
|turn|14
|
|t:|1760865377
|switch|p1a: Garchomp|Garchomp, M|47/100
|move|p2a: Samurott|Ceaseless Edge|p1a: Garchomp
|-damage|p1a: Garchomp|20/100
|-damage|p2a: Samurott|88/100|[from] ability: Rough Skin|[of] p1a: Garchomp
|-damage|p2a: Samurott|72/100|[from] item: Rocky Helmet|[of] p1a: Garchomp
|-sidestart|p1: clydethesuperhero|Spikes
|
|upkeep
|turn|15
|
|t:|1760865385
|move|p2a: Samurott|Ceaseless Edge|p1a: Garchomp
|-damage|p1a: Garchomp|0 fnt
|-damage|p2a: Samurott|59/100|[from] ability: Rough Skin|[of] p1a: Garchomp
|-damage|p2a: Samurott|43/100|[from] item: Rocky Helmet|[of] p1a: Garchomp
|-sidestart|p1: clydethesuperhero|Spikes
|faint|p1a: Garchomp
|
|upkeep
|
|t:|1760865401
|switch|p1a: Ogerpon|Ogerpon-Wellspring, F|82/100
|-damage|p1a: Ogerpon|66/100|[from] Spikes
|turn|16
|
|t:|1760865407
|switch|p2a: Zapdos|Zapdos|100/100
|move|p1a: Ogerpon|Trailblaze|p2a: Zapdos
|-resisted|p2a: Zapdos
|-damage|p2a: Zapdos|91/100
|-boost|p1a: Ogerpon|spe|1
|-status|p1a: Ogerpon|par|[from] ability: Static|[of] p2a: Zapdos
|
|upkeep
|turn|17
|j| wgw2333
|
|t:|1760865418
|move|p1a: Ogerpon|Ivy Cudgel|p2a: Zapdos|[anim] Ivy Cudgel Water
|-damage|p2a: Zapdos|53/100
|move|p2a: Zapdos|U-turn|p1a: Ogerpon
|-supereffective|p1a: Ogerpon
|-damage|p1a: Ogerpon|34/100 par
|
|t:|1760865421
|switch|p2a: Dragapult|Dragapult, F|100/100|[from] U-turn
|
|upkeep
|turn|18
|
|t:|1760865427
|move|p2a: Dragapult|U-turn|p1a: Ogerpon
|-supereffective|p1a: Ogerpon
|-damage|p1a: Ogerpon|0 fnt
|faint|p1a: Ogerpon
|
|t:|1760865432
|switch|p2a: Tinkaton|Tinkaton, F|100/100|[from] U-turn
|-ability|p2a: Tinkaton|Mold Breaker
|
|upkeep
|
|t:|1760865437
|switch|p1a: Iron Treads|Iron Treads|100/100
|-damage|p1a: Iron Treads|84/100|[from] Spikes
|turn|19
|
|t:|1760865442
|move|p1a: Iron Treads|Knock Off|p2a: Tinkaton
|-resisted|p2a: Tinkaton
|-damage|p2a: Tinkaton|86/100
|-enditem|p2a: Tinkaton|Leftovers|[from] move: Knock Off|[of] p1a: Iron Treads
|move|p2a: Tinkaton|Knock Off|p1a: Iron Treads
|-damage|p1a: Iron Treads|68/100
|-enditem|p1a: Iron Treads|Leftovers|[from] move: Knock Off|[of] p2a: Tinkaton
|
|upkeep
|turn|20
|
|t:|1760865449
|-terastallize|p2a: Tinkaton|Ghost
|move|p1a: Iron Treads|Earthquake|p2a: Tinkaton
|-damage|p2a: Tinkaton|40/100
|move|p2a: Tinkaton|Stealth Rock|p1a: Iron Treads
|-sidestart|p1: clydethesuperhero|move: Stealth Rock
|
|upkeep
|turn|21
|
|t:|1760865463
|move|p1a: Iron Treads|Ice Spinner|p2a: Tinkaton
|-damage|p2a: Tinkaton|17/100
|move|p2a: Tinkaton|Gigaton Hammer|p1a: Iron Treads
|-resisted|p1a: Iron Treads
|-damage|p1a: Iron Treads|48/100
|
|upkeep
|turn|22
|
|t:|1760865470
|move|p1a: Iron Treads|Earthquake|p2a: Tinkaton
|-damage|p2a: Tinkaton|0 fnt
|faint|p2a: Tinkaton
|
|upkeep
|
|t:|1760865473
|switch|p2a: Dragapult|Dragapult, F|100/100
|turn|23
|
|t:|1760865476
|move|p2a: Dragapult|Hex|p1a: Iron Treads
|-crit|p1a: Iron Treads
|-damage|p1a: Iron Treads|3/100
|move|p1a: Iron Treads|Knock Off|p2a: Dragapult
|-supereffective|p2a: Dragapult
|-damage|p2a: Dragapult|19/100
|-enditem|p2a: Dragapult|Heavy-Duty Boots|[from] move: Knock Off|[of] p1a: Iron Treads
|
|upkeep
|turn|24
|
|t:|1760865481
|move|p2a: Dragapult|Dragon Darts|p1a: Iron Treads
|-resisted|p1a: Iron Treads
|-damage|p1a: Iron Treads|0 fnt
|faint|p1a: Iron Treads
|-end|p1a: Iron Treads|Quark Drive|[silent]
|
|upkeep
|
|t:|1760865500
|switch|p1a: Gholdengo|Gholdengo|100/100
|-damage|p1a: Gholdengo|94/100|[from] Stealth Rock
|-item|p1a: Gholdengo|Air Balloon
|turn|25
|
|t:|1760865503
|move|p2a: Dragapult|U-turn|p1a: Gholdengo
|-resisted|p1a: Gholdengo
|-damage|p1a: Gholdengo|91/100
|-enditem|p1a: Gholdengo|Air Balloon
|
|t:|1760865508
|switch|p2a: Zapdos|Zapdos|53/100|[from] U-turn
|move|p1a: Gholdengo|Hex|p2a: Zapdos
|-damage|p2a: Zapdos|26/100
|
|upkeep
|turn|26
|
|t:|1760865513
|move|p2a: Zapdos|U-turn|p1a: Gholdengo
|-resisted|p1a: Gholdengo
|-damage|p1a: Gholdengo|89/100
|
|t:|1760865515
|switch|p2a: Samurott|Samurott-Hisui, F|43/100|[from] U-turn
|move|p1a: Gholdengo|Hex|p2a: Samurott
|-resisted|p2a: Samurott
|-damage|p2a: Samurott|21/100
|
|upkeep
|turn|27
|
|t:|1760865523
|move|p2a: Samurott|Ceaseless Edge|p1a: Gholdengo
|-supereffective|p1a: Gholdengo
|-damage|p1a: Gholdengo|25/100
|-sidestart|p1: clydethesuperhero|Spikes
|move|p1a: Gholdengo|Make It Rain|p2a: Samurott
|-resisted|p2a: Samurott
|-damage|p2a: Samurott|0 fnt
|-unboost|p1a: Gholdengo|spa|1
|faint|p2a: Samurott
|
|upkeep
|
|t:|1760865527
|switch|p2a: Dragapult|Dragapult, F|19/100
|turn|28
|
|t:|1760865530
|move|p2a: Dragapult|Hex|p1a: Gholdengo
|-supereffective|p1a: Gholdengo
|-damage|p1a: Gholdengo|0 fnt
|faint|p1a: Gholdengo
|
|upkeep
|
|t:|1760865533
|switch|p1a: Iron Valiant|Iron Valiant|100/100
|-damage|p1a: Iron Valiant|76/100|[from] Spikes
|-damage|p1a: Iron Valiant|69/100|[from] Stealth Rock
|-enditem|p1a: Iron Valiant|Booster Energy
|-activate|p1a: Iron Valiant|ability: Quark Drive|[fromitem]
|-start|p1a: Iron Valiant|quarkdrivespe
|turn|29
|
|t:|1760865544
|switch|p2a: Great Tusk|Great Tusk|43/100
|move|p1a: Iron Valiant|Calm Mind|p1a: Iron Valiant
|-boost|p1a: Iron Valiant|spa|1
|-boost|p1a: Iron Valiant|spd|1
|
|upkeep
|turn|30
|
|t:|1760865547
|move|p1a: Iron Valiant|Moonblast|p2a: Great Tusk
|-supereffective|p2a: Great Tusk
|-crit|p2a: Great Tusk
|-damage|p2a: Great Tusk|0 fnt
|faint|p2a: Great Tusk
|-end|p2a: Great Tusk|Protosynthesis|[silent]
|
|upkeep
|
|t:|1760865549
|switch|p2a: Slowking|Slowking-Galar, M|100/100
|turn|31
|
|t:|1760865577
|move|p1a: Iron Valiant|Thunderbolt|p2a: Slowking
|-damage|p2a: Slowking|74/100
|move|p2a: Slowking|Sludge Bomb|p1a: Iron Valiant
|-supereffective|p1a: Iron Valiant
|-damage|p1a: Iron Valiant|0 fnt
|faint|p1a: Iron Valiant
|-end|p1a: Iron Valiant|Quark Drive|[silent]
|
|upkeep
|
|t:|1760865582
|switch|p1a: Darkrai|Darkrai|100/100
|turn|32
|inactive|clydethesuperhero has 120 seconds left.
|
|t:|1760865602
|-terastallize|p1a: Darkrai|Poison
|move|p1a: Darkrai|Sludge Bomb|p2a: Slowking
|-resisted|p2a: Slowking
|-damage|p2a: Slowking|60/100
|move|p2a: Slowking|Sludge Bomb|p1a: Darkrai
|-resisted|p1a: Darkrai
|-damage|p1a: Darkrai|75/100
|
|upkeep
|turn|33
|
|t:|1760865608
|move|p1a: Darkrai|Knock Off|p2a: Slowking
|-supereffective|p2a: Slowking
|-damage|p2a: Slowking|0 fnt
|-enditem|p2a: Slowking|Heavy-Duty Boots|[from] move: Knock Off|[of] p1a: Darkrai
|faint|p2a: Slowking
|
|upkeep
|
|t:|1760865611
|switch|p2a: Dragapult|Dragapult, F|19/100
|turn|34
|inactive|Michy47 has 120 seconds left.
|
|t:|1760865650
|move|p2a: Dragapult|Thunder Wave|p1a: Darkrai
|-status|p1a: Darkrai|par
|move|p1a: Darkrai|Sludge Bomb|p2a: Dragapult
|-resisted|p2a: Dragapult
|-damage|p2a: Dragapult|0 fnt
|faint|p2a: Dragapult
|
|upkeep
|
|t:|1760865653
|switch|p2a: Zapdos|Zapdos|26/100
|turn|35
|
|t:|1760865666
|move|p2a: Zapdos|Roost|p2a: Zapdos
|-heal|p2a: Zapdos|76/100
|-singleturn|p2a: Zapdos|move: Roost
|move|p1a: Darkrai|Dark Pulse|p2a: Zapdos
|-damage|p2a: Zapdos|32/100
|
|upkeep
|turn|36
|
|t:|1760865674
|move|p2a: Zapdos|Roost|p2a: Zapdos
|-heal|p2a: Zapdos|82/100
|-singleturn|p2a: Zapdos|move: Roost
|move|p1a: Darkrai|Ice Beam|p2a: Zapdos
|-damage|p2a: Zapdos|50/100
|
|upkeep
|turn|37
|
|t:|1760865684
|move|p2a: Zapdos|Roost|p2a: Zapdos
|-heal|p2a: Zapdos|99/100
|-singleturn|p2a: Zapdos|move: Roost
|cant|p1a: Darkrai|par
|
|upkeep
|turn|38
|
|t:|1760865694
|move|p2a: Zapdos|Discharge|p1a: Darkrai
|-damage|p1a: Darkrai|26/100 par
|move|p1a: Darkrai|Ice Beam|p2a: Zapdos
|-supereffective|p2a: Zapdos
|-crit|p2a: Zapdos
|-damage|p2a: Zapdos|11/100
|-status|p2a: Zapdos|frz
|
|upkeep
|turn|39
|
|t:|1760865701
|cant|p2a: Zapdos|frz
|move|p1a: Darkrai|Sludge Bomb|p2a: Zapdos
|-damage|p2a: Zapdos|0 fnt
|faint|p2a: Zapdos
|
|win|clydethesuperhero
|raw|clydethesuperhero's rating: 1579 &rarr; <strong>1600</strong><br />(+21 for winning)
|raw|Michy47's rating: 1600 &rarr; <strong>1579</strong><br />(-21 for losing)
|l|☆Michy47
|player|p2|
|l|‽clydethesuperhero
|player|p1|
