|j|☆abravioustinkaton
|j|☆fusty333
|t:|1760812622
|gametype|singles
|player|p1|abravioustinkaton|lacey|1701
|player|p2|fusty333|burglar|1627
|gen|9
|tier|[Gen 9] OU
|rated|
|rule|HP Percentage Mod: HP is shown in percentages
|rule|Endless Battle Clause: Forcing endless battles is banned
|rule|Species Clause: Limit one of each Pokémon
|rule|OHKO Clause: OHKO moves are banned
|rule|Evasion Items Clause: Evasion items are banned
|rule|Evasion Moves Clause: Evasion moves are banned
|rule|Evasion Abilities Clause: Evasion abilities are banned
|rule|Sleep Moves Clause: Sleep-inducing moves are banned
|clearpoke
|poke|p1|Ogerpon-Wellspring, F|
|poke|p1|Kingambit, F|
|poke|p1|Landorus-Therian, M|
|poke|p1|Glimmora, M|
|poke|p1|Dragapult, F|
|poke|p1|Iron Valiant|
|poke|p2|Dragapult, F|
|poke|p2|Excadrill, F|
|poke|p2|Rotom-Heat|
|poke|p2|Corviknight, F|
|poke|p2|Araquanid, F|
|poke|p2|Zamazenta-*|
|teampreview
|
|t:|1760812637
|teamsize|p1|6
|teamsize|p2|6
|start
|switch|p1a: Glimmora|Glimmora, M|100/100
|switch|p2a: Dragapult|Dragapult, F|100/100
|turn|1
|inactive|Battle timer is ON: inactive players will automatically lose when time's up. (requested by abravioustinkaton)
|
|t:|1760812688
|move|p2a: Dragapult|Surf|p1a: Glimmora
|-supereffective|p1a: Glimmora
|-damage|p1a: Glimmora|0 fnt
|faint|p1a: Glimmora
|
|upkeep
|
|t:|1760812692
|switch|p1a: Dragapult|Dragapult, F|100/100
|turn|2
|
|t:|1760812697
|switch|p2a: Araquanid|Araquanid, F, shiny|100/100
|move|p1a: Dragapult|U-turn|p2a: Araquanid
|-damage|p2a: Araquanid|81/100
|
|t:|1760812701
|switch|p1a: Iron Valiant|Iron Valiant|100/100|[from] U-turn
|-enditem|p1a: Iron Valiant|Booster Energy
|-activate|p1a: Iron Valiant|ability: Quark Drive|[fromitem]
|-start|p1a: Iron Valiant|quarkdrivespe
|
|-heal|p2a: Araquanid|88/100|[from] item: Leftovers
|upkeep
|turn|3
|
|t:|1760812713
|move|p1a: Iron Valiant|Swords Dance|p1a: Iron Valiant
|-boost|p1a: Iron Valiant|atk|2
|move|p2a: Araquanid|Mirror Coat||[still]
|-fail|p2a: Araquanid
|
|-heal|p2a: Araquanid|94/100|[from] item: Leftovers
|upkeep
|turn|4
|
|t:|1760812716
|move|p1a: Iron Valiant|Encore|p2a: Araquanid
|-start|p2a: Araquanid|Encore
|move|p2a: Araquanid|Mirror Coat||[still]
|-fail|p2a: Araquanid
|
|-heal|p2a: Araquanid|99/100|[from] item: Leftovers
|upkeep
|turn|5
|
|t:|1760812718
|switch|p2a: Rotom|Rotom-Heat|100/100
|move|p1a: Iron Valiant|Swords Dance|p1a: Iron Valiant
|-boost|p1a: Iron Valiant|atk|2
|
|upkeep
|turn|6
|
|t:|1760812721
|move|p1a: Iron Valiant|Knock Off|p2a: Rotom
|-damage|p2a: Rotom|0 fnt
|-enditem|p2a: Rotom|Choice Scarf|[from] move: Knock Off|[of] p1a: Iron Valiant
|faint|p2a: Rotom
|
|upkeep
|
|t:|1760812723
|switch|p2a: Corviknight|Corviknight, F, shiny|100/100
|turn|7
|
|t:|1760812726
|-terastallize|p1a: Iron Valiant|Steel
|move|p1a: Iron Valiant|Knock Off|p2a: Corviknight
|-damage|p2a: Corviknight|41/100
|-damage|p1a: Iron Valiant|84/100|[from] item: Rocky Helmet|[of] p2a: Corviknight
|-enditem|p2a: Corviknight|Rocky Helmet|[from] move: Knock Off|[of] p1a: Iron Valiant
|move|p2a: Corviknight|Brave Bird|p1a: Iron Valiant
|-resisted|p1a: Iron Valiant
|-damage|p1a: Iron Valiant|60/100
|-damage|p2a: Corviknight|35/100|[from] Recoil
|
|upkeep
|turn|8
|
|t:|1760812731
|move|p1a: Iron Valiant|Knock Off|p2a: Corviknight
|-damage|p2a: Corviknight|0 fnt
|faint|p2a: Corviknight
|
|upkeep
|
|t:|1760812732
|switch|p2a: Araquanid|Araquanid, F, shiny|99/100
|turn|9
|
|t:|1760812736
|move|p1a: Iron Valiant|Spirit Break|p2a: Araquanid
|-damage|p2a: Araquanid|0 fnt
|faint|p2a: Araquanid
|
|upkeep
|-message|fusty333 forfeited.
|
|win|abravioustinkaton
|raw|abravioustinkaton's rating: 1701 &rarr; <strong>1717</strong><br />(+16 for winning)
|raw|fusty333's rating: 1627 &rarr; <strong>1611</strong><br />(-16 for losing)
|l|☆fusty333
|player|p2|
|l|☆abravioustinkaton
|player|p1|
