|j|☆levi6969
|j|☆I Shall Win THIS
|t:|1760734915
|gametype|singles
|player|p1|levi6969|102|1167
|player|p2|I Shall Win THIS|1|1181
|gen|9
|tier|[Gen 9] OU
|rated|
|rule|HP Percentage Mod: HP is shown in percentages
|rule|Endless Battle Clause: Forcing endless battles is banned
|rule|Species Clause: Limit one of each Pokémon
|rule|OHKO Clause: OHKO moves are banned
|rule|Evasion Items Clause: Evasion items are banned
|rule|Evasion Moves Clause: Evasion moves are banned
|rule|Evasion Abilities Clause: Evasion abilities are banned
|rule|Sleep Moves Clause: Sleep-inducing moves are banned
|clearpoke
|poke|p1|Victreebel, F|
|poke|p1|Torkoal, M|
|poke|p1|Raging Bolt|
|poke|p1|Hatterene, F|
|poke|p1|Landorus-Therian, M|
|poke|p1|Darkrai|
|poke|p2|Mudsdale, F|
|poke|p2|Decidueye, F|
|poke|p2|Zapdos-Galar|
|poke|p2|Muk-Alola, M|
|poke|p2|Skarmory, F|
|poke|p2|Dragonite, M|
|teampreview
|
|t:|1760734925
|teamsize|p1|6
|teamsize|p2|6
|start
|switch|p1a: Raging Bolt|Raging Bolt|100/100
|switch|p2a: Zapdos|Zapdos-Galar|100/100
|turn|1
|inactive|Battle timer is ON: inactive players will automatically lose when time's up. (requested by levi6969)
|
|t:|1760734934
|switch|p2a: Decidueye|Decidueye, F|100/100
|move|p1a: Raging Bolt|Thunderbolt|p2a: Decidueye
|-resisted|p2a: Decidueye
|-damage|p2a: Decidueye|78/100
|
|upkeep
|turn|2
|
|t:|1760734944
|-end|p1a: Raging Bolt|Protosynthesis|[silent]
|switch|p1a: Landorus|Landorus-Therian, M, shiny|100/100
|-ability|p1a: Landorus|Intimidate|boost
|-unboost|p2a: Decidueye|atk|1
|move|p2a: Decidueye|Spirit Shackle|p1a: Landorus
|-damage|p1a: Landorus|55/100
|-activate|p1a: Landorus|trapped
|
|upkeep
|turn|3
|
|t:|1760734956
|switch|p2a: Mudsdale|Mudsdale, F|100/100
|move|p1a: Landorus|U-turn|p2a: Mudsdale
|-damage|p2a: Mudsdale|89/100
|-ability|p2a: Mudsdale|Stamina|boost
|-boost|p2a: Mudsdale|def|1
|
|t:|1760734963
|switch|p1a: Darkrai|Darkrai, shiny|100/100|[from] U-turn
|
|-heal|p2a: Mudsdale|95/100|[from] item: Leftovers
|upkeep
|turn|4
|
|t:|1760734970
|switch|p2a: Muk|Muk-Alola, M|100/100
|move|p1a: Darkrai|Ice Beam|p2a: Muk
|-damage|p2a: Muk|72/100
|
|-heal|p2a: Muk|78/100|[from] item: Leftovers
|upkeep
|turn|5
|
|t:|1760734980
|switch|p1a: Landorus|Landorus-Therian, M, shiny|55/100
|-ability|p1a: Landorus|Intimidate|boost
|-unboost|p2a: Muk|atk|1
|move|p2a: Muk|Poison Jab|p1a: Landorus
|-resisted|p1a: Landorus
|-damage|p1a: Landorus|43/100
|-status|p1a: Landorus|psn
|
|-heal|p2a: Muk|84/100|[from] item: Leftovers
|-damage|p1a: Landorus|31/100 psn|[from] psn
|upkeep
|turn|6
|
|t:|1760734994
|switch|p2a: Mudsdale|Mudsdale, F|95/100
|move|p1a: Landorus|U-turn|p2a: Mudsdale
|-damage|p2a: Mudsdale|83/100
|-ability|p2a: Mudsdale|Stamina|boost
|-boost|p2a: Mudsdale|def|1
|
|t:|1760735008
|switch|p1a: Darkrai|Darkrai, shiny|100/100|[from] U-turn
|
|-heal|p2a: Mudsdale|90/100|[from] item: Leftovers
|upkeep
|turn|7
|
|t:|1760735016
|switch|p2a: Muk|Muk-Alola, M|84/100
|move|p1a: Darkrai|Ice Beam|p2a: Muk
|-damage|p2a: Muk|57/100
|
|-heal|p2a: Muk|63/100|[from] item: Leftovers
|upkeep
|turn|8
|
|t:|1760735025
|switch|p1a: Victreebel|Victreebel, F, shiny|100/100
|move|p2a: Muk|Pain Split|p1a: Victreebel
|-sethp|p1a: Victreebel|86/100|[from] move: Pain Split|[silent]
|-sethp|p2a: Muk|76/100|[from] move: Pain Split
|
|-heal|p2a: Muk|82/100|[from] item: Leftovers
|upkeep
|turn|9
|
|t:|1760735037
|move|p1a: Victreebel|Knock Off|p2a: Muk
|-resisted|p2a: Muk
|-damage|p2a: Muk|70/100
|-enditem|p2a: Muk|Leftovers|[from] move: Knock Off|[of] p1a: Victreebel
|move|p2a: Muk|Knock Off|p1a: Victreebel
|-damage|p1a: Victreebel|48/100
|-damage|p2a: Muk|53/100|[from] item: Rocky Helmet|[of] p1a: Victreebel
|-enditem|p1a: Victreebel|Rocky Helmet|[from] move: Knock Off|[of] p2a: Muk
|
|upkeep
|turn|10
|
|t:|1760735051
|move|p1a: Victreebel|Encore|p2a: Muk
|-start|p2a: Muk|Encore
|move|p2a: Muk|Knock Off|p1a: Victreebel
|-damage|p1a: Victreebel|24/100
|
|upkeep
|turn|11
|
|t:|1760735057
|move|p1a: Victreebel|Strength Sap|p2a: Muk
|-unboost|p2a: Muk|atk|1
|-heal|p1a: Victreebel|92/100
|move|p2a: Muk|Knock Off|p1a: Victreebel
|-damage|p1a: Victreebel|75/100
|
|upkeep
|turn|12
|
|t:|1760735066
|switch|p2a: Zapdos|Zapdos-Galar|100/100
|move|p1a: Victreebel|Sludge Bomb|p2a: Zapdos
|-damage|p2a: Zapdos|66/100
|
|upkeep
|turn|13
|
|t:|1760735074
|switch|p1a: Hatterene|Hatterene, F, shiny|100/100
|move|p2a: Zapdos|Bulk Up|p2a: Zapdos
|-boost|p2a: Zapdos|atk|1
|-boost|p2a: Zapdos|def|1
|
|upkeep
|turn|14
|
|t:|1760735083
|switch|p2a: Muk|Muk-Alola, M|53/100
|move|p1a: Hatterene|Psychic Noise|p2a: Muk
|-immune|p2a: Muk
|
|upkeep
|turn|15
|
|t:|1760735098
|switch|p1a: Victreebel|Victreebel, F, shiny|75/100
|move|p2a: Muk|Pain Split|p1a: Victreebel
|-sethp|p1a: Victreebel|68/100|[from] move: Pain Split|[silent]
|-sethp|p2a: Muk|60/100|[from] move: Pain Split
|
|upkeep
|turn|16
|
|t:|1760735105
|switch|p1a: Torkoal|Torkoal, M|100/100
|-weather|SunnyDay|[from] ability: Drought|[of] p1a: Torkoal
|switch|p2a: Dragonite|Dragonite, M|100/100
|
|-weather|SunnyDay|[upkeep]
|upkeep
|turn|17
|
|t:|1760735121
|switch|p1a: Victreebel|Victreebel, F, shiny|68/100
|move|p2a: Dragonite|Draco Meteor|p1a: Victreebel
|-damage|p1a: Victreebel|0 fnt
|-unboost|p2a: Dragonite|spa|2
|faint|p1a: Victreebel
|
|-weather|SunnyDay|[upkeep]
|upkeep
|
|t:|1760735135
|switch|p1a: Darkrai|Darkrai, shiny|100/100
|turn|18
|
|t:|1760735142
|switch|p2a: Muk|Muk-Alola, M|60/100
|-terastallize|p1a: Darkrai|Dark
|move|p1a: Darkrai|Dark Pulse|p2a: Muk
|-resisted|p2a: Muk
|-damage|p2a: Muk|34/100
|
|-weather|SunnyDay|[upkeep]
|upkeep
|turn|19
|
|t:|1760735153
|switch|p1a: Landorus|Landorus-Therian, M, shiny|31/100 psn
|-ability|p1a: Landorus|Intimidate|boost
|-unboost|p2a: Muk|atk|1
|move|p2a: Muk|Pain Split|p1a: Landorus
|-sethp|p1a: Landorus|37/100 psn|[from] move: Pain Split|[silent]
|-sethp|p2a: Muk|29/100|[from] move: Pain Split
|
|-weather|SunnyDay|[upkeep]
|-damage|p1a: Landorus|25/100 psn|[from] psn
|upkeep
|turn|20
|
|t:|1760735164
|switch|p2a: Dragonite|Dragonite, M|100/100
|move|p1a: Landorus|U-turn|p2a: Dragonite
|-resisted|p2a: Dragonite
|-damage|p2a: Dragonite|95/100
|
|t:|1760735169
|switch|p1a: Hatterene|Hatterene, F, shiny|100/100|[from] U-turn
|
|-weather|SunnyDay|[upkeep]
|upkeep
|turn|21
|
|t:|1760735182
|switch|p2a: Muk|Muk-Alola, M|29/100
|move|p1a: Hatterene|Draining Kiss|p2a: Muk
|-damage|p2a: Muk|16/100
|
|-weather|SunnyDay|[upkeep]
|upkeep
|turn|22
|
|t:|1760735192
|switch|p1a: Landorus|Landorus-Therian, M, shiny|25/100 psn
|-ability|p1a: Landorus|Intimidate|boost
|-unboost|p2a: Muk|atk|1
|move|p2a: Muk|Pain Split|p1a: Landorus
|-sethp|p1a: Landorus|22/100 psn|[from] move: Pain Split|[silent]
|-sethp|p2a: Muk|17/100|[from] move: Pain Split
|
|-weather|SunnyDay|[upkeep]
|-damage|p1a: Landorus|10/100 psn|[from] psn
|upkeep
|turn|23
|
|t:|1760735205
|switch|p2a: Decidueye|Decidueye, F|78/100
|move|p1a: Landorus|Smack Down|p2a: Decidueye
|-damage|p2a: Decidueye|62/100
|
|-weather|none
|-damage|p1a: Landorus|0 fnt|[from] psn
|faint|p1a: Landorus
|upkeep
|
|t:|1760735210
|switch|p1a: Torkoal|Torkoal, M|100/100
|-weather|SunnyDay|[from] ability: Drought|[of] p1a: Torkoal
|turn|24
|
|t:|1760735221
|switch|p2a: Dragonite|Dragonite, M|95/100
|move|p1a: Torkoal|Stealth Rock|p2a: Dragonite
|-sidestart|p2: I Shall Win THIS|move: Stealth Rock
|
|-weather|SunnyDay|[upkeep]
|upkeep
|turn|25
|
|t:|1760735228
|switch|p1a: Hatterene|Hatterene, F, shiny|100/100
|move|p2a: Dragonite|Hurricane|p1a: Hatterene|[miss]
|-miss|p2a: Dragonite|p1a: Hatterene
|
|-weather|SunnyDay|[upkeep]
|upkeep
|turn|26
|
|t:|1760735244
|switch|p2a: Decidueye|Decidueye, F|62/100
|-damage|p2a: Decidueye|49/100|[from] Stealth Rock
|move|p1a: Hatterene|Mystical Fire|p2a: Decidueye
|-supereffective|p2a: Decidueye
|-damage|p2a: Decidueye|0 fnt
|faint|p2a: Decidueye
|
|-weather|SunnyDay|[upkeep]
|upkeep
|
|t:|1760735253
|switch|p2a: Zapdos|Zapdos-Galar|66/100
|-damage|p2a: Zapdos|53/100|[from] Stealth Rock
|turn|27
|
|t:|1760735259
|move|p2a: Zapdos|Brave Bird|p1a: Hatterene
|-damage|p1a: Hatterene|52/100
|-damage|p2a: Zapdos|38/100|[from] Recoil
|move|p1a: Hatterene|Draining Kiss|p2a: Zapdos
|-supereffective|p2a: Zapdos
|-crit|p2a: Zapdos
|-damage|p2a: Zapdos|0 fnt
|-heal|p1a: Hatterene|80/100|[from] drain|[of] p2a: Zapdos
|faint|p2a: Zapdos
|
|-weather|SunnyDay|[upkeep]
|upkeep
|inactive|I Shall Win THIS has 120 seconds left.
|
|t:|1760735289
|switch|p2a: Dragonite|Dragonite, M|95/100
|-damage|p2a: Dragonite|70/100|[from] Stealth Rock
|turn|28
|
|t:|1760735296
|move|p2a: Dragonite|Hurricane|p1a: Hatterene|[miss]
|-miss|p2a: Dragonite|p1a: Hatterene
|move|p1a: Hatterene|Draining Kiss|p2a: Dragonite
|-supereffective|p2a: Dragonite
|-damage|p2a: Dragonite|21/100
|-heal|p1a: Hatterene|100/100|[from] drain|[of] p2a: Dragonite
|
|-weather|SunnyDay|[upkeep]
|upkeep
|turn|29
|
|t:|1760735306
|switch|p2a: Muk|Muk-Alola, M|17/100
|-damage|p2a: Muk|5/100|[from] Stealth Rock
|move|p1a: Hatterene|Calm Mind|p1a: Hatterene
|-boost|p1a: Hatterene|spa|1
|-boost|p1a: Hatterene|spd|1
|
|-weather|SunnyDay|[upkeep]
|upkeep
|turn|30
|
|t:|1760735319
|move|p2a: Muk|Haze|p2a: Muk
|-clearallboost
|move|p1a: Hatterene|Draining Kiss|p2a: Muk
|-damage|p2a: Muk|0 fnt
|faint|p2a: Muk
|
|-weather|SunnyDay|[upkeep]
|upkeep
|inactive|I Shall Win THIS has 120 seconds left.
|
|t:|1760735329
|switch|p2a: Mudsdale|Mudsdale, F|90/100
|-damage|p2a: Mudsdale|83/100|[from] Stealth Rock
|turn|31
|
|t:|1760735336
|switch|p2a: Skarmory|Skarmory, F|100/100
|-damage|p2a: Skarmory|88/100|[from] Stealth Rock
|move|p1a: Hatterene|Calm Mind|p1a: Hatterene
|-boost|p1a: Hatterene|spa|1
|-boost|p1a: Hatterene|spd|1
|
|-weather|none
|-heal|p2a: Skarmory|94/100|[from] item: Leftovers
|upkeep
|turn|32
|
|t:|1760735347
|move|p2a: Skarmory|Swords Dance|p2a: Skarmory
|-boost|p2a: Skarmory|atk|2
|move|p1a: Hatterene|Mystical Fire|p2a: Skarmory
|-supereffective|p2a: Skarmory
|-damage|p2a: Skarmory|0 fnt
|faint|p2a: Skarmory
|
|upkeep
|
|t:|1760735355
|switch|p2a: Dragonite|Dragonite, M|21/100
|-damage|p2a: Dragonite|0 fnt|[from] Stealth Rock
|faint|p2a: Dragonite
|
|t:|1760735359
|switch|p2a: Mudsdale|Mudsdale, F|83/100
|-damage|p2a: Mudsdale|77/100|[from] Stealth Rock
|turn|33
|
|t:|1760735365
|move|p1a: Hatterene|Calm Mind|p1a: Hatterene
|-boost|p1a: Hatterene|spa|1
|-boost|p1a: Hatterene|spd|1
|move|p2a: Mudsdale|Iron Defense|p2a: Mudsdale
|-boost|p2a: Mudsdale|def|2
|
|-heal|p2a: Mudsdale|83/100|[from] item: Leftovers
|upkeep
|turn|34
|-message|I Shall Win THIS forfeited.
|
|win|levi6969
|raw|levi6969's rating: 1167 &rarr; <strong>1193</strong><br />(+26 for winning)
|raw|I Shall Win THIS's rating: 1181 &rarr; <strong>1155</strong><br />(-26 for losing)
|l|☆I Shall Win THIS
|player|p2|
|l|☆levi6969
|player|p1|
