|j|☆Johnny tots
|j|☆Hgfhhfghfff
|t:|1760796447
|gametype|singles
|player|p1|Johnny tots|265|1685
|player|p2|Hgfhhfghfff|169|1792
|gen|9
|tier|[Gen 9] OU
|rated|
|rule|HP Percentage Mod: HP is shown in percentages
|rule|Endless Battle Clause: Forcing endless battles is banned
|rule|Species Clause: Limit one of each Pokémon
|rule|OHKO Clause: OHKO moves are banned
|rule|Evasion Items Clause: Evasion items are banned
|rule|Evasion Moves Clause: Evasion moves are banned
|rule|Evasion Abilities Clause: Evasion abilities are banned
|rule|Sleep Moves Clause: Sleep-inducing moves are banned
|clearpoke
|poke|p1|Rillaboom, M|
|poke|p1|Klefki, F|
|poke|p1|Manaphy|
|poke|p1|Ogerpon-Wellspring, F|
|poke|p1|Clefable, F|
|poke|p1|Dragapult, M|
|poke|p2|Scream Tail|
|poke|p2|Ursaluna, M|
|poke|p2|Talonflame, F|
|poke|p2|Trevenant, M|
|poke|p2|Iron Hands|
|poke|p2|Empoleon, F|
|teampreview
|inactive|Battle timer is ON: inactive players will automatically lose when time's up. (requested by Hgfhhfghfff)
|
|t:|1760796465
|teamsize|p1|6
|teamsize|p2|6
|start
|switch|p1a: Klefki|Klefki, F|100/100
|switch|p2a: Empoleon|Empoleon, F|100/100
|turn|1
|
|t:|1760796472
|switch|p2a: Ursaluna|Ursaluna, M|100/100
|move|p1a: Klefki|Thunder Wave|p2a: Ursaluna
|-immune|p2a: Ursaluna
|
|-status|p2a: Ursaluna|brn|[from] item: Flame Orb
|upkeep
|turn|2
|
|t:|1760796479
|move|p1a: Klefki|Reflect|p1a: Klefki
|-sidestart|p1: Johnny tots|Reflect
|move|p2a: Ursaluna|Fire Punch|p1a: Klefki
|-supereffective|p1a: Klefki
|-damage|p1a: Klefki|65/100
|
|-damage|p2a: Ursaluna|94/100 brn|[from] brn
|upkeep
|turn|3
|
|t:|1760796485
|move|p1a: Klefki|Light Screen|p1a: Klefki
|-sidestart|p1: Johnny tots|move: Light Screen
|move|p2a: Ursaluna|Headlong Rush|p1a: Klefki
|-supereffective|p1a: Klefki
|-damage|p1a: Klefki|0 fnt
|-unboost|p2a: Ursaluna|def|1
|-unboost|p2a: Ursaluna|spd|1
|faint|p1a: Klefki
|
|-damage|p2a: Ursaluna|88/100 brn|[from] brn
|upkeep
|
|t:|1760796496
|switch|p1a: Ogerpon|Ogerpon-Wellspring, F|100/100
|turn|4
|
|t:|1760796501
|switch|p1a: Cutmylifein2|Dragapult, M|100/100
|switch|p2a: Empoleon|Empoleon, F|100/100
|
|upkeep
|turn|5
|
|t:|1760796507
|move|p1a: Cutmylifein2|Substitute|p1a: Cutmylifein2
|-start|p1a: Cutmylifein2|Substitute
|-damage|p1a: Cutmylifein2|75/100
|move|p2a: Empoleon|Flash Cannon|p1a: Cutmylifein2
|-end|p1a: Cutmylifein2|Substitute
|
|-heal|p1a: Cutmylifein2|82/100|[from] item: Leftovers
|upkeep
|turn|6
|
|t:|1760796513
|move|p1a: Cutmylifein2|Dragon Dance|p1a: Cutmylifein2
|-boost|p1a: Cutmylifein2|atk|1
|-boost|p1a: Cutmylifein2|spe|1
|move|p2a: Empoleon|Flash Cannon|p1a: Cutmylifein2
|-damage|p1a: Cutmylifein2|56/100
|
|-heal|p1a: Cutmylifein2|62/100|[from] item: Leftovers
|upkeep
|turn|7
|
|t:|1760796519
|move|p1a: Cutmylifein2|Dragon Darts|p2a: Empoleon
|-resisted|p2a: Empoleon
|-damage|p2a: Empoleon|77/100
|-anim|p1a: Cutmylifein2|Dragon Darts|p2a: Empoleon
|-resisted|p2a: Empoleon
|-damage|p2a: Empoleon|51/100
|move|p2a: Empoleon|Flash Cannon|p1a: Cutmylifein2
|-damage|p1a: Cutmylifein2|40/100
|
|-heal|p1a: Cutmylifein2|46/100|[from] item: Leftovers
|-heal|p2a: Empoleon|57/100|[from] item: Leftovers
|upkeep
|turn|8
|
|t:|1760796532
|move|p1a: Cutmylifein2|Dragon Darts|p2a: Empoleon
|-resisted|p2a: Empoleon
|-damage|p2a: Empoleon|33/100
|-anim|p1a: Cutmylifein2|Dragon Darts|p2a: Empoleon
|-resisted|p2a: Empoleon
|-damage|p2a: Empoleon|7/100
|move|p2a: Empoleon|Roost|p2a: Empoleon
|-heal|p2a: Empoleon|57/100
|-singleturn|p2a: Empoleon|move: Roost
|
|-heal|p1a: Cutmylifein2|52/100|[from] item: Leftovers
|-heal|p2a: Empoleon|63/100|[from] item: Leftovers
|upkeep
|turn|9
|
|t:|1760796541
|move|p1a: Cutmylifein2|Dragon Dance|p1a: Cutmylifein2
|-boost|p1a: Cutmylifein2|atk|1
|-boost|p1a: Cutmylifein2|spe|1
|move|p2a: Empoleon|Flash Cannon|p1a: Cutmylifein2
|-damage|p1a: Cutmylifein2|29/100
|
|-heal|p1a: Cutmylifein2|35/100|[from] item: Leftovers
|-heal|p2a: Empoleon|69/100|[from] item: Leftovers
|-sideend|p1: Johnny tots|Reflect
|upkeep
|turn|10
|
|t:|1760796551
|switch|p2a: Scream Tail|Scream Tail|100/100
|move|p1a: Cutmylifein2|Dragon Darts|p2a: Scream Tail
|-immune|p2a: Scream Tail
|
|-heal|p1a: Cutmylifein2|41/100|[from] item: Leftovers
|-sideend|p1: Johnny tots|move: Light Screen
|upkeep
|turn|11
|
|t:|1760796573
|-terastallize|p1a: Cutmylifein2|Normal
|move|p2a: Scream Tail|Protect|p2a: Scream Tail
|-singleturn|p2a: Scream Tail|Protect
|move|p1a: Cutmylifein2|Last Resort|p2a: Scream Tail
|-activate|p2a: Scream Tail|move: Protect
|
|-heal|p1a: Cutmylifein2|47/100|[from] item: Leftovers
|upkeep
|turn|12
|
|t:|1760796586
|move|p1a: Cutmylifein2|Substitute|p1a: Cutmylifein2
|-start|p1a: Cutmylifein2|Substitute
|-damage|p1a: Cutmylifein2|22/100
|move|p2a: Scream Tail|Trick Room|p2a: Scream Tail
|-fieldstart|move: Trick Room|[of] p2a: Scream Tail
|
|-heal|p1a: Cutmylifein2|28/100|[from] item: Leftovers
|upkeep
|turn|13
|
|t:|1760796590
|move|p2a: Scream Tail|Encore|p1a: Cutmylifein2
|-start|p1a: Cutmylifein2|Encore
|move|p1a: Cutmylifein2|Substitute|p1a: Cutmylifein2
|-fail|p1a: Cutmylifein2|move: Substitute
|
|-heal|p1a: Cutmylifein2|34/100|[from] item: Leftovers
|upkeep
|turn|14
|
|t:|1760796598
|-end|p2a: Scream Tail|Protosynthesis|[silent]
|switch|p2a: Iron Hands|Iron Hands|100/100
|move|p1a: Cutmylifein2|Substitute|p1a: Cutmylifein2
|-fail|p1a: Cutmylifein2|move: Substitute
|
|-heal|p1a: Cutmylifein2|40/100|[from] item: Leftovers
|upkeep
|turn|15
|
|t:|1760796601
|move|p2a: Iron Hands|Drain Punch|p1a: Cutmylifein2
|-supereffective|p1a: Cutmylifein2
|-end|p1a: Cutmylifein2|Substitute
|move|p1a: Cutmylifein2|Substitute|p1a: Cutmylifein2
|-start|p1a: Cutmylifein2|Substitute
|-damage|p1a: Cutmylifein2|15/100
|
|-heal|p1a: Cutmylifein2|21/100|[from] item: Leftovers
|-end|p1a: Cutmylifein2|Encore
|upkeep
|turn|16
|
|t:|1760796612
|-terastallize|p2a: Iron Hands|Steel
|move|p2a: Iron Hands|Drain Punch|p1a: Cutmylifein2
|-supereffective|p1a: Cutmylifein2
|-end|p1a: Cutmylifein2|Substitute
|move|p1a: Cutmylifein2|Substitute|p1a: Cutmylifein2
|-fail|p1a: Cutmylifein2|move: Substitute|[weak]
|
|-heal|p1a: Cutmylifein2|27/100|[from] item: Leftovers
|-fieldend|move: Trick Room
|upkeep
|turn|17
|
|t:|1760796629
|switch|p1a: Clefable|Clefable, F|100/100
|move|p2a: Iron Hands|Drain Punch|p1a: Clefable
|-resisted|p1a: Clefable
|-damage|p1a: Clefable|84/100
|
|-heal|p1a: Clefable|91/100|[from] item: Leftovers
|upkeep
|turn|18
|
|t:|1760796636
|-end|p2a: Iron Hands|Quark Drive|[silent]
|switch|p2a: Ursaluna|Ursaluna, M|88/100 brn
|move|p1a: Clefable|Calm Mind|p1a: Clefable
|-boost|p1a: Clefable|spa|1
|-boost|p1a: Clefable|spd|1
|
|-heal|p1a: Clefable|97/100|[from] item: Leftovers
|-damage|p2a: Ursaluna|82/100 brn|[from] brn
|upkeep
|turn|19
|
|t:|1760796640
|switch|p1a: Rillaboom|Rillaboom, M|100/100
|-fieldstart|move: Grassy Terrain|[from] ability: Grassy Surge|[of] p1a: Rillaboom
|move|p2a: Ursaluna|Facade|p1a: Rillaboom
|-damage|p1a: Rillaboom|0 fnt
|faint|p1a: Rillaboom
|
|-heal|p2a: Ursaluna|88/100 brn|[from] Grassy Terrain
|-damage|p2a: Ursaluna|82/100 brn|[from] brn
|upkeep
|
|t:|1760796647
|switch|p1a: Cutmylifein2|Dragapult, M, tera:Normal|27/100
|turn|20
|
|t:|1760796653
|move|p1a: Cutmylifein2|Substitute|p1a: Cutmylifein2
|-start|p1a: Cutmylifein2|Substitute
|-damage|p1a: Cutmylifein2|2/100
|move|p2a: Ursaluna|Drain Punch|p1a: Cutmylifein2
|-supereffective|p1a: Cutmylifein2
|-end|p1a: Cutmylifein2|Substitute
|-heal|p2a: Ursaluna|92/100 brn|[from] drain|[of] p1a: Cutmylifein2
|
|-heal|p1a: Cutmylifein2|8/100|[from] Grassy Terrain
|-heal|p1a: Cutmylifein2|14/100|[from] item: Leftovers
|-heal|p2a: Ursaluna|98/100 brn|[from] Grassy Terrain
|-damage|p2a: Ursaluna|92/100 brn|[from] brn
|upkeep
|turn|21
|
|t:|1760796661
|switch|p2a: Iron Hands|Iron Hands, tera:Steel|100/100
|move|p1a: Cutmylifein2|Dragon Darts|p2a: Iron Hands
|-resisted|p2a: Iron Hands
|-damage|p2a: Iron Hands|94/100
|-anim|p1a: Cutmylifein2|Dragon Darts|p2a: Iron Hands
|-resisted|p2a: Iron Hands
|-damage|p2a: Iron Hands|88/100
|
|-heal|p1a: Cutmylifein2|20/100|[from] Grassy Terrain
|-heal|p1a: Cutmylifein2|26/100|[from] item: Leftovers
|-heal|p2a: Iron Hands|94/100|[from] Grassy Terrain
|-heal|p2a: Iron Hands|99/100|[from] item: Leftovers
|upkeep
|turn|22
|
|t:|1760796668
|switch|p1a: Clefable|Clefable, F|97/100
|move|p2a: Iron Hands|Swords Dance|p2a: Iron Hands
|-boost|p2a: Iron Hands|atk|2
|
|-heal|p1a: Clefable|100/100|[from] Grassy Terrain
|-heal|p2a: Iron Hands|100/100|[from] Grassy Terrain
|upkeep
|turn|23
|
|t:|1760796671
|-end|p2a: Iron Hands|Quark Drive|[silent]
|switch|p2a: Ursaluna|Ursaluna, M|92/100 brn
|move|p1a: Clefable|Fire Blast|p2a: Ursaluna
|-damage|p2a: Ursaluna|66/100 brn
|
|-heal|p2a: Ursaluna|72/100 brn|[from] Grassy Terrain
|-damage|p2a: Ursaluna|66/100 brn|[from] brn
|upkeep
|turn|24
|
|t:|1760796676
|switch|p1a: Ogerpon|Ogerpon-Wellspring, F|100/100
|move|p2a: Ursaluna|Facade|p1a: Ogerpon
|-crit|p1a: Ogerpon
|-damage|p1a: Ogerpon|0 fnt
|faint|p1a: Ogerpon
|
|-heal|p2a: Ursaluna|72/100 brn|[from] Grassy Terrain
|-damage|p2a: Ursaluna|66/100 brn|[from] brn
|upkeep
|
|t:|1760796680
|switch|p1a: Manaphy|Manaphy|100/100
|turn|25
|
|t:|1760796683
|move|p1a: Manaphy|Scald|p2a: Ursaluna
|-supereffective|p2a: Ursaluna
|-damage|p2a: Ursaluna|3/100 brn
|move|p2a: Ursaluna|Facade|p1a: Manaphy
|-damage|p1a: Manaphy|0 fnt
|faint|p1a: Manaphy
|
|-heal|p2a: Ursaluna|9/100 brn|[from] Grassy Terrain
|-damage|p2a: Ursaluna|3/100 brn|[from] brn
|upkeep
|-message|Johnny tots forfeited.
|
|win|Hgfhhfghfff
|raw|Johnny tots's rating: 1685 &rarr; <strong>1671</strong><br />(-14 for losing)
|raw|Hgfhhfghfff's rating: 1792 &rarr; <strong>1806</strong><br />(+14 for winning)
|l|☆Johnny tots
|player|p1|
|l|☆Hgfhhfghfff
|player|p2|
