|j|☆Weredude08
|j|☆thesunevitableone
|t:|1760866725
|gametype|singles
|player|p1|Weredude08|steven|1525
|player|p2|thesunevitableone|janine|1514
|gen|9
|tier|[Gen 9] OU
|rated|
|rule|HP Percentage Mod: HP is shown in percentages
|rule|Endless Battle Clause: Forcing endless battles is banned
|rule|Species Clause: Limit one of each Pokémon
|rule|OHKO Clause: OHKO moves are banned
|rule|Evasion Items Clause: Evasion items are banned
|rule|Evasion Moves Clause: Evasion moves are banned
|rule|Evasion Abilities Clause: Evasion abilities are banned
|rule|Sleep Moves Clause: Sleep-inducing moves are banned
|clearpoke
|poke|p1|Walking Wake|
|poke|p1|Gliscor, F|
|poke|p1|Kingambit, F|
|poke|p1|Clefable, F|
|poke|p1|Zamazenta-*|
|poke|p1|Pecharunt|
|poke|p2|Ribombee, F|
|poke|p2|Gholdengo|
|poke|p2|Great Tusk|
|poke|p2|Raging Bolt|
|poke|p2|Ogerpon-Cornerstone, F|
|poke|p2|Ceruledge, F|
|teampreview
|
|t:|1760866752
|teamsize|p1|6
|teamsize|p2|6
|start
|switch|p1a: Clefable|Clefable, F|100/100
|switch|p2a: NEW DROP|Ribombee, F, shiny|100/100
|turn|1
|
|t:|1760866769
|move|p2a: NEW DROP|Sticky Web|p1a: Clefable
|-sidestart|p1: Weredude08|move: Sticky Web
|move|p1a: Clefable|Stealth Rock|p2a: NEW DROP
|-sidestart|p2: thesunevitableone|move: Stealth Rock
|
|upkeep
|turn|2
|
|t:|1760866787
|move|p2a: NEW DROP|Psychic Noise|p1a: Clefable
|-damage|p1a: Clefable|87/100
|-start|p1a: Clefable|move: Heal Block
|move|p1a: Clefable|Moonblast|p2a: NEW DROP
|-damage|p2a: NEW DROP|47/100
|
|upkeep
|turn|3
|
|t:|1760866804
|move|p2a: NEW DROP|Moonblast|p1a: Clefable
|-damage|p1a: Clefable|57/100
|-unboost|p1a: Clefable|spa|1
|move|p1a: Clefable|Moonblast|p2a: NEW DROP
|-damage|p2a: NEW DROP|13/100
|
|-end|p1a: Clefable|move: Heal Block
|upkeep
|turn|4
|
|t:|1760866812
|move|p2a: NEW DROP|Psychic Noise|p1a: Clefable
|-damage|p1a: Clefable|43/100
|-start|p1a: Clefable|move: Heal Block
|move|p1a: Clefable|Moonblast|p2a: NEW DROP
|-damage|p2a: NEW DROP|0 fnt
|faint|p2a: NEW DROP
|
|upkeep
|
|t:|1760866822
|switch|p2a: BANDIT|Great Tusk, shiny|100/100
|-damage|p2a: BANDIT|98/100|[from] Stealth Rock
|-enditem|p2a: BANDIT|Booster Energy
|-activate|p2a: BANDIT|ability: Protosynthesis|[fromitem]
|-start|p2a: BANDIT|protosynthesisatk
|turn|5
|
|t:|1760866846
|-terastallize|p2a: BANDIT|Ice
|move|p2a: BANDIT|Ice Spinner|p1a: Clefable
|-damage|p1a: Clefable|0 fnt
|faint|p1a: Clefable
|
|upkeep
|
|t:|1760866851
|switch|p1a: Walking Wake|Walking Wake|100/100
|turn|6
|
|t:|1760866869
|-end|p2a: BANDIT|Protosynthesis|[silent]
|switch|p2a: KRYPTONITE|Gholdengo, shiny|100/100
|-damage|p2a: KRYPTONITE|94/100|[from] Stealth Rock
|-item|p2a: KRYPTONITE|Air Balloon
|move|p1a: Walking Wake|Scald|p2a: KRYPTONITE
|-damage|p2a: KRYPTONITE|50/100
|-enditem|p2a: KRYPTONITE|Air Balloon
|
|upkeep
|turn|7
|
|t:|1760866878
|move|p1a: Walking Wake|Flip Turn|p2a: KRYPTONITE
|-damage|p2a: KRYPTONITE|34/100
|
|t:|1760866881
|-end|p1a: Walking Wake|Protosynthesis|[silent]
|switch|p1a: Gliscor|Gliscor, F|100/100|[from] Flip Turn
|move|p2a: KRYPTONITE|Shadow Ball|p1a: Gliscor
|-damage|p1a: Gliscor|63/100
|
|-status|p1a: Gliscor|tox|[from] item: Toxic Orb
|upkeep
|turn|8
|
|t:|1760866895
|switch|p2a: BANDIT|Great Tusk, shiny, tera:Ice|98/100
|-damage|p2a: BANDIT|73/100|[from] Stealth Rock
|move|p1a: Gliscor|Spikes|p2a: BANDIT
|-sidestart|p2: thesunevitableone|Spikes
|
|-heal|p1a: Gliscor|75/100 tox|[from] ability: Poison Heal
|upkeep
|turn|9
|
|t:|1760866916
|move|p1a: Gliscor|Protect|p1a: Gliscor
|-singleturn|p1a: Gliscor|Protect
|move|p2a: BANDIT|Rapid Spin|p1a: Gliscor
|-activate|p1a: Gliscor|move: Protect
|
|-heal|p1a: Gliscor|88/100 tox|[from] ability: Poison Heal
|upkeep
|turn|10
|
|t:|1760866926
|switch|p1a: Walking Wake|Walking Wake|100/100
|move|p2a: BANDIT|Ice Spinner|p1a: Walking Wake
|-damage|p1a: Walking Wake|55/100
|
|upkeep
|turn|11
|
|t:|1760866930
|move|p1a: Walking Wake|Scald|p2a: BANDIT
|-damage|p2a: BANDIT|7/100
|move|p2a: BANDIT|Rapid Spin|p1a: Walking Wake
|-damage|p1a: Walking Wake|37/100
|-boost|p2a: BANDIT|spe|1
|-sideend|p2: thesunevitableone|Spikes|[from] move: Rapid Spin|[of] p2a: BANDIT
|-sideend|p2: thesunevitableone|Stealth Rock|[from] move: Rapid Spin|[of] p2a: BANDIT
|
|upkeep
|turn|12
|
|t:|1760866997
|-end|p1a: Walking Wake|Protosynthesis|[silent]
|switch|p1a: Zamazenta|Zamazenta|100/100
|-activate|p1a: Zamazenta|move: Sticky Web
|-unboost|p1a: Zamazenta|spe|1
|-ability|p1a: Zamazenta|Dauntless Shield|boost
|-boost|p1a: Zamazenta|def|1
|move|p2a: BANDIT|Headlong Rush|p1a: Zamazenta
|-damage|p1a: Zamazenta|70/100
|-unboost|p2a: BANDIT|def|1
|-unboost|p2a: BANDIT|spd|1
|
|-heal|p1a: Zamazenta|76/100|[from] item: Leftovers
|upkeep
|turn|13
|
|t:|1760867015
|move|p2a: BANDIT|Headlong Rush|p1a: Zamazenta
|-damage|p1a: Zamazenta|46/100
|-unboost|p2a: BANDIT|def|1
|-unboost|p2a: BANDIT|spd|1
|move|p1a: Zamazenta|Iron Defense|p1a: Zamazenta
|-boost|p1a: Zamazenta|def|2
|
|-heal|p1a: Zamazenta|52/100|[from] item: Leftovers
|upkeep
|turn|14
|
|t:|1760867027
|move|p2a: BANDIT|Headlong Rush|p1a: Zamazenta
|-damage|p1a: Zamazenta|33/100
|-unboost|p2a: BANDIT|def|1
|-unboost|p2a: BANDIT|spd|1
|move|p1a: Zamazenta|Body Press|p2a: BANDIT
|-supereffective|p2a: BANDIT
|-damage|p2a: BANDIT|0 fnt
|faint|p2a: BANDIT
|-end|p2a: BANDIT|Protosynthesis|[silent]
|
|-heal|p1a: Zamazenta|39/100|[from] item: Leftovers
|upkeep
|
|t:|1760867037
|switch|p2a: KRYPTONITE|Gholdengo, shiny|34/100
|turn|15
|
|t:|1760867041
|move|p1a: Zamazenta|Crunch|p2a: KRYPTONITE
|-supereffective|p2a: KRYPTONITE
|-damage|p2a: KRYPTONITE|0 fnt
|faint|p2a: KRYPTONITE
|
|-heal|p1a: Zamazenta|46/100|[from] item: Leftovers
|upkeep
|
|t:|1760867047
|switch|p2a: GREAT NECK|Raging Bolt|100/100
|-enditem|p2a: GREAT NECK|Booster Energy
|-activate|p2a: GREAT NECK|ability: Protosynthesis|[fromitem]
|-start|p2a: GREAT NECK|protosynthesisspa
|turn|16
|
|t:|1760867056
|move|p1a: Zamazenta|Body Press|p2a: GREAT NECK
|-damage|p2a: GREAT NECK|28/100
|move|p2a: GREAT NECK|Calm Mind|p2a: GREAT NECK
|-boost|p2a: GREAT NECK|spa|1
|-boost|p2a: GREAT NECK|spd|1
|
|-heal|p1a: Zamazenta|52/100|[from] item: Leftovers
|upkeep
|turn|17
|
|t:|1760867060
|move|p2a: GREAT NECK|Thunderclap||[still]
|-fail|p2a: GREAT NECK
|move|p1a: Zamazenta|Roar|p2a: GREAT NECK
|-end|p2a: GREAT NECK|Protosynthesis|[silent]
|drag|p2a: TORE UP|Ceruledge, F, shiny|100/100
|
|-heal|p1a: Zamazenta|58/100|[from] item: Leftovers
|upkeep
|turn|18
|j| Fifo drummer
|-message|thesunevitableone forfeited.
|
|win|Weredude08
|raw|Weredude08's rating: 1525 &rarr; <strong>1544</strong><br />(+19 for winning)
|raw|thesunevitableone's rating: 1514 &rarr; <strong>1495</strong><br />(-19 for losing)
|l|☆thesunevitableone
|player|p2|
|l|☆Weredude08
|player|p1|
|l| Fifo drummer
