|j|☆Bobdyy
|j|☆bingbongwhoosh
|t:|1760864434
|gametype|singles
|player|p1|Bobdyy|169|1317
|player|p2|bingbongwhoosh|101|1350
|gen|9
|tier|[Gen 9] OU
|rated|
|rule|HP Percentage Mod: HP is shown in percentages
|rule|Endless Battle Clause: Forcing endless battles is banned
|rule|Species Clause: Limit one of each Pokémon
|rule|OHKO Clause: OHKO moves are banned
|rule|Evasion Items Clause: Evasion items are banned
|rule|Evasion Moves Clause: Evasion moves are banned
|rule|Evasion Abilities Clause: Evasion abilities are banned
|rule|Sleep Moves Clause: Sleep-inducing moves are banned
|clearpoke
|poke|p1|Iron Crown|
|poke|p1|Samurott-Hisui, F|
|poke|p1|Great Tusk|
|poke|p1|Clefable, F|
|poke|p1|Landorus-Therian, M|
|poke|p1|Kyurem|
|poke|p2|Sandy Shocks|
|poke|p2|Dragapult, M|
|poke|p2|Slowking-Galar, F|
|poke|p2|Ogerpon-Wellspring, F|
|poke|p2|Garganacl, F|
|poke|p2|Great Tusk|
|teampreview
|
|t:|1760864447
|teamsize|p1|6
|teamsize|p2|6
|start
|switch|p1a: Samurott|Samurott-Hisui, F, shiny|100/100
|switch|p2a: Dragapult|Dragapult, M|100/100
|turn|1
|inactive|Battle timer is ON: inactive players will automatically lose when time's up. (requested by Bobdyy)
|inactive|bingbongwhoosh has 120 seconds left.
|inactive|bingbongwhoosh has 90 seconds left.
|
|t:|1760864530
|move|p2a: Dragapult|U-turn|p1a: Samurott
|-supereffective|p1a: Samurott
|-damage|p1a: Samurott|60/100
|
|t:|1760864534
|switch|p2a: Great Tusk|Great Tusk|100/100|[from] U-turn
|-enditem|p2a: Great Tusk|Booster Energy
|-activate|p2a: Great Tusk|ability: Protosynthesis|[fromitem]
|-start|p2a: Great Tusk|protosynthesisspe
|move|p1a: Samurott|Ceaseless Edge|p2a: Great Tusk
|-resisted|p2a: Great Tusk
|-damage|p2a: Great Tusk|88/100
|-sidestart|p2: bingbongwhoosh|Spikes
|
|upkeep
|turn|2
|
|t:|1760864546
|-terastallize|p2a: Great Tusk|Ice
|move|p2a: Great Tusk|Bulk Up|p2a: Great Tusk
|-boost|p2a: Great Tusk|atk|1
|-boost|p2a: Great Tusk|def|1
|move|p1a: Samurott|Razor Shell|p2a: Great Tusk
|-damage|p2a: Great Tusk|69/100
|-unboost|p2a: Great Tusk|def|1
|
|upkeep
|turn|3
|
|t:|1760864560
|move|p2a: Great Tusk|Bulk Up|p2a: Great Tusk
|-boost|p2a: Great Tusk|atk|1
|-boost|p2a: Great Tusk|def|1
|move|p1a: Samurott|Razor Shell|p2a: Great Tusk
|-damage|p2a: Great Tusk|50/100
|
|upkeep
|turn|4
|
|t:|1760864576
|move|p1a: Samurott|Sucker Punch|p2a: Great Tusk
|-damage|p2a: Great Tusk|37/100
|move|p2a: Great Tusk|Rapid Spin|p1a: Samurott
|-damage|p1a: Samurott|28/100
|-boost|p2a: Great Tusk|spe|1
|-sideend|p2: bingbongwhoosh|Spikes|[from] move: Rapid Spin|[of] p2a: Great Tusk
|
|upkeep
|turn|5
|
|t:|1760864584
|move|p2a: Great Tusk|Bulk Up|p2a: Great Tusk
|-boost|p2a: Great Tusk|atk|1
|-boost|p2a: Great Tusk|def|1
|move|p1a: Samurott|Ceaseless Edge|p2a: Great Tusk
|-damage|p2a: Great Tusk|23/100
|-sidestart|p2: bingbongwhoosh|Spikes
|
|upkeep
|turn|6
|
|t:|1760864594
|move|p1a: Samurott|Sucker Punch|p2a: Great Tusk
|-damage|p2a: Great Tusk|14/100
|move|p2a: Great Tusk|Rapid Spin|p1a: Samurott
|-damage|p1a: Samurott|0 fnt
|-boost|p2a: Great Tusk|spe|1
|-sideend|p2: bingbongwhoosh|Spikes|[from] move: Rapid Spin|[of] p2a: Great Tusk
|faint|p1a: Samurott
|
|upkeep
|
|t:|1760864603
|switch|p1a: Clefable|Clefable, F, shiny|100/100
|turn|7
|
|t:|1760864606
|move|p2a: Great Tusk|Headlong Rush|p1a: Clefable
|-damage|p1a: Clefable|49/100
|-unboost|p2a: Great Tusk|def|1
|-unboost|p2a: Great Tusk|spd|1
|move|p1a: Clefable|Moonblast|p2a: Great Tusk
|-damage|p2a: Great Tusk|0 fnt
|faint|p2a: Great Tusk
|-end|p2a: Great Tusk|Protosynthesis|[silent]
|
|upkeep
|
|t:|1760864611
|switch|p2a: Sandy Shocks|Sandy Shocks|100/100
|turn|8
|
|t:|1760864616
|switch|p1a: Landorus|Landorus-Therian, M, shiny|100/100
|-ability|p1a: Landorus|Intimidate|boost
|-unboost|p2a: Sandy Shocks|atk|1
|move|p2a: Sandy Shocks|Spikes|p1a: Landorus
|-sidestart|p1: Bobdyy|Spikes
|
|upkeep
|turn|9
|
|t:|1760864623
|move|p2a: Sandy Shocks|Spikes|p1a: Landorus
|-sidestart|p1: Bobdyy|Spikes
|move|p1a: Landorus|Stealth Rock|p2a: Sandy Shocks
|-sidestart|p2: bingbongwhoosh|move: Stealth Rock
|
|upkeep
|turn|10
|
|t:|1760864628
|-end|p2a: Sandy Shocks|Protosynthesis|[silent]
|switch|p2a: Ogerpon|Ogerpon-Wellspring, F|100/100
|-damage|p2a: Ogerpon|88/100|[from] Stealth Rock
|move|p1a: Landorus|Earth Power|p2a: Ogerpon
|-resisted|p2a: Ogerpon
|-damage|p2a: Ogerpon|70/100
|
|upkeep
|turn|11
|
|t:|1760864637
|move|p2a: Ogerpon|Ivy Cudgel|p1a: Landorus|[anim] Ivy Cudgel Water
|-supereffective|p1a: Landorus
|-damage|p1a: Landorus|0 fnt
|faint|p1a: Landorus
|
|upkeep
|
|t:|1760864644
|switch|p1a: Great Tusk|Great Tusk, shiny|100/100
|-damage|p1a: Great Tusk|84/100|[from] Spikes
|turn|12
|
|t:|1760864648
|-terastallize|p1a: Great Tusk|Water
|move|p2a: Ogerpon|Ivy Cudgel|p1a: Great Tusk|[anim] Ivy Cudgel Water
|-resisted|p1a: Great Tusk
|-crit|p1a: Great Tusk
|-damage|p1a: Great Tusk|54/100
|move|p1a: Great Tusk|Rapid Spin|p2a: Ogerpon
|-damage|p2a: Ogerpon|50/100
|-boost|p1a: Great Tusk|spe|1
|-sideend|p1: Bobdyy|Spikes|[from] move: Rapid Spin|[of] p1a: Great Tusk
|
|upkeep
|turn|13
|
|t:|1760864661
|move|p1a: Great Tusk|Knock Off|p2a: Ogerpon
|-damage|p2a: Ogerpon|23/100
|move|p2a: Ogerpon|Power Whip|p1a: Great Tusk
|-supereffective|p1a: Great Tusk
|-damage|p1a: Great Tusk|0 fnt
|-damage|p2a: Ogerpon|6/100|[from] item: Rocky Helmet|[of] p1a: Great Tusk
|faint|p1a: Great Tusk
|-end|p1a: Great Tusk|Protosynthesis|[silent]
|
|upkeep
|
|t:|1760864675
|switch|p1a: Kyurem|Kyurem, shiny|100/100
|-ability|p1a: Kyurem|Pressure
|turn|14
|
|t:|1760864679
|move|p2a: Ogerpon|Play Rough|p1a: Kyurem
|-supereffective|p1a: Kyurem
|-damage|p1a: Kyurem|29/100
|move|p1a: Kyurem|Dragon Dance|p1a: Kyurem
|-boost|p1a: Kyurem|atk|1
|-boost|p1a: Kyurem|spe|1
|
|upkeep
|turn|15
|
|t:|1760864687
|move|p1a: Kyurem|Icicle Spear|p2a: Ogerpon
|-damage|p2a: Ogerpon|0 fnt
|faint|p2a: Ogerpon
|-hitcount|p2: Ogerpon|1
|
|upkeep
|
|t:|1760864689
|switch|p2a: Garganacl|Garganacl, F|100/100
|turn|16
|
|t:|1760864694
|move|p1a: Kyurem|Earth Power|p2a: Garganacl
|-supereffective|p2a: Garganacl
|-damage|p2a: Garganacl|64/100
|-unboost|p2a: Garganacl|spd|1
|move|p2a: Garganacl|Salt Cure|p1a: Kyurem
|-supereffective|p1a: Kyurem
|-damage|p1a: Kyurem|2/100
|-start|p1a: Kyurem|Salt Cure
|
|-damage|p1a: Kyurem|0 fnt|[from] Salt Cure
|faint|p1a: Kyurem
|upkeep
|
|t:|1760864703
|switch|p1a: Iron Crown|Iron Crown|100/100
|-enditem|p1a: Iron Crown|Booster Energy
|-activate|p1a: Iron Crown|ability: Quark Drive|[fromitem]
|-start|p1a: Iron Crown|quarkdrivespa
|turn|17
|
|t:|1760864709
|switch|p2a: Sandy Shocks|Sandy Shocks|100/100
|move|p1a: Iron Crown|Tachyon Cutter|p2a: Sandy Shocks
|-resisted|p2a: Sandy Shocks
|-damage|p2a: Sandy Shocks|81/100
|-resisted|p2a: Sandy Shocks
|-damage|p2a: Sandy Shocks|62/100
|-hitcount|p2a: Sandy Shocks|2
|
|upkeep
|turn|18
|
|t:|1760864717
|move|p2a: Sandy Shocks|Earth Power|p1a: Iron Crown
|-supereffective|p1a: Iron Crown
|-damage|p1a: Iron Crown|9/100
|move|p1a: Iron Crown|Psychic|p2a: Sandy Shocks
|-damage|p2a: Sandy Shocks|0 fnt
|faint|p2a: Sandy Shocks
|-end|p2a: Sandy Shocks|Protosynthesis|[silent]
|
|upkeep
|
|t:|1760864723
|switch|p2a: Dragapult|Dragapult, M|100/100
|turn|19
|
|t:|1760864727
|move|p2a: Dragapult|Hex|p1a: Iron Crown
|-supereffective|p1a: Iron Crown
|-damage|p1a: Iron Crown|0 fnt
|faint|p1a: Iron Crown
|-end|p1a: Iron Crown|Quark Drive|[silent]
|
|upkeep
|-message|Bobdyy forfeited.
|
|win|bingbongwhoosh
|raw|Bobdyy's rating: 1317 &rarr; <strong>1300</strong><br />(-17 for losing)
|raw|bingbongwhoosh's rating: 1373 &rarr; <strong>1390</strong><br />(+17 for winning)
|l|☆Bobdyy
|player|p1|
|l|☆bingbongwhoosh
|player|p2|
