|j|☆FakeGodJung
|j|☆VGC_Ren
|t:|1760737432
|gametype|singles
|player|p1|FakeGodJung|hilbert|1063
|player|p2|VGC_Ren|n|1058
|gen|9
|tier|[Gen 9] OU
|rated|
|rule|HP Percentage Mod: HP is shown in percentages
|rule|Endless Battle Clause: Forcing endless battles is banned
|rule|Species Clause: Limit one of each Pokémon
|rule|OHKO Clause: OHKO moves are banned
|rule|Evasion Items Clause: Evasion items are banned
|rule|Evasion Moves Clause: Evasion moves are banned
|rule|Evasion Abilities Clause: Evasion abilities are banned
|rule|Sleep Moves Clause: Sleep-inducing moves are banned
|clearpoke
|poke|p1|Pikachu-Original, M|
|poke|p1|Snorlax, M|
|poke|p1|Gengar, M|
|poke|p1|Infernape, F|
|poke|p1|Gliscor, M|
|poke|p1|Greninja-*, M|
|poke|p2|Glaceon, F|
|poke|p2|Ninetales-Alola, F|
|poke|p2|Zoroark-Hisui, F|
|poke|p2|Frosmoth, M|
|poke|p2|Mandibuzz, F|
|poke|p2|Kyurem|
|teampreview
|inactive|Battle timer is ON: inactive players will automatically lose when time's up. (requested by VGC_Ren)
|
|t:|1760737443
|teamsize|p1|6
|teamsize|p2|6
|start
|switch|p1a: Pikachu|Pikachu-Original, M|100/100
|switch|p2a: Kyurem|Kyurem|100/100
|-ability|p2a: Kyurem|Pressure
|turn|1
|
|t:|1760737452
|move|p1a: Pikachu|Fake Out|p2a: Kyurem
|-damage|p2a: Kyurem|88/100
|cant|p2a: Kyurem|flinch
|
|upkeep
|turn|2
|
|t:|1760737458
|move|p1a: Pikachu|Nuzzle|p2a: Kyurem
|-resisted|p2a: Kyurem
|-damage|p2a: Kyurem|83/100
|-status|p2a: Kyurem|par
|move|p2a: Kyurem|Earth Power|p1a: Pikachu
|-supereffective|p1a: Pikachu
|-damage|p1a: Pikachu|0 fnt
|faint|p1a: Pikachu
|
|upkeep
|
|t:|1760737471
|switch|p1a: Snorlax|Snorlax, M|100/100
|turn|3
|
|t:|1760737476
|switch|p2a: Mandibuzz|Mandibuzz, F|100/100
|move|p1a: Snorlax|Heavy Slam|p2a: Mandibuzz
|-damage|p2a: Mandibuzz|42/100
|replace|p2a: Zoroark|Zoroark-Hisui, F, shiny
|-end|p2a: Zoroark|Illusion
|
|upkeep
|turn|4
|
|t:|1760737488
|move|p2a: Zoroark|Focus Blast|p1a: Snorlax
|-supereffective|p1a: Snorlax
|-damage|p1a: Snorlax|68/100
|move|p1a: Snorlax|Heavy Slam|p2a: Zoroark
|-damage|p2a: Zoroark|0 fnt
|faint|p2a: Zoroark
|
|-heal|p1a: Snorlax|74/100|[from] item: Leftovers
|upkeep
|
|t:|1760737494
|switch|p2a: Mandibuzz|Mandibuzz, F|100/100
|turn|5
|
|t:|1760737502
|move|p1a: Snorlax|Protect|p1a: Snorlax
|-singleturn|p1a: Snorlax|Protect
|move|p2a: Mandibuzz|Toxic|p1a: Snorlax
|-activate|p1a: Snorlax|move: Protect
|
|-heal|p1a: Snorlax|80/100|[from] item: Leftovers
|upkeep
|turn|6
|
|t:|1760737512
|switch|p1a: Gliscor|Gliscor, M|100/100
|move|p2a: Mandibuzz|Foul Play|p1a: Gliscor
|-damage|p1a: Gliscor|80/100
|
|-status|p1a: Gliscor|tox|[from] item: Toxic Orb
|upkeep
|turn|7
|
|t:|1760737520
|switch|p2a: Ninetales|Ninetales-Alola, F, shiny|100/100
|-weather|Snowscape|[from] ability: Snow Warning|[of] p2a: Ninetales
|move|p1a: Gliscor|Dual Wingbeat|p2a: Ninetales
|-damage|p2a: Ninetales|87/100
|-damage|p2a: Ninetales|73/100
|-hitcount|p2a: Ninetales|2
|
|-weather|Snowscape|[upkeep]
|-heal|p1a: Gliscor|93/100 tox|[from] ability: Poison Heal
|upkeep
|turn|8
|
|t:|1760737532
|-terastallize|p1a: Gliscor|Water
|move|p2a: Ninetales|Aurora Veil|p2a: Ninetales
|-sidestart|p2: VGC_Ren|move: Aurora Veil
|move|p1a: Gliscor|Toxic|p2a: Ninetales
|-status|p2a: Ninetales|tox
|
|-weather|Snowscape|[upkeep]
|-damage|p2a: Ninetales|67/100 tox|[from] psn
|-heal|p1a: Gliscor|100/100 tox|[from] ability: Poison Heal
|upkeep
|turn|9
|
|t:|1760737541
|move|p1a: Gliscor|Protect|p1a: Gliscor
|-singleturn|p1a: Gliscor|Protect
|move|p2a: Ninetales|Moonblast|p1a: Gliscor
|-activate|p1a: Gliscor|move: Protect
|
|-weather|Snowscape|[upkeep]
|-damage|p2a: Ninetales|55/100 tox|[from] psn
|upkeep
|turn|10
|
|t:|1760737553
|switch|p1a: Gengar|Gengar, M|100/100
|move|p2a: Ninetales|Moonblast|p1a: Gengar
|-resisted|p1a: Gengar
|-damage|p1a: Gengar|78/100
|
|-weather|Snowscape|[upkeep]
|-heal|p1a: Gengar|84/100|[from] item: Leftovers
|-damage|p2a: Ninetales|37/100 tox|[from] psn
|upkeep
|turn|11
|
|t:|1760737564
|switch|p2a: Mandibuzz|Mandibuzz, F|100/100
|move|p1a: Gengar|Sludge Wave|p2a: Mandibuzz
|-damage|p2a: Mandibuzz|83/100
|
|-weather|none
|-heal|p1a: Gengar|91/100|[from] item: Leftovers
|upkeep
|turn|12
|
|t:|1760737574
|switch|p2a: Ninetales|Ninetales-Alola, F, shiny|37/100 tox
|-weather|Snowscape|[from] ability: Snow Warning|[of] p2a: Ninetales
|move|p1a: Gengar|Thunderbolt|p2a: Ninetales
|-damage|p2a: Ninetales|20/100 tox
|
|-weather|Snowscape|[upkeep]
|-heal|p1a: Gengar|97/100|[from] item: Leftovers
|-damage|p2a: Ninetales|14/100 tox|[from] psn
|upkeep
|turn|13
|
|t:|1760737587
|switch|p2a: Mandibuzz|Mandibuzz, F|83/100
|move|p1a: Gengar|Sludge Wave|p2a: Mandibuzz
|-damage|p2a: Mandibuzz|65/100
|
|-weather|Snowscape|[upkeep]
|-heal|p1a: Gengar|100/100|[from] item: Leftovers
|upkeep
|turn|14
|
|t:|1760737599
|-terastallize|p2a: Mandibuzz|Dark
|move|p1a: Gengar|Sludge Wave|p2a: Mandibuzz
|-damage|p2a: Mandibuzz|49/100
|move|p2a: Mandibuzz|Foul Play|p1a: Gengar
|-supereffective|p1a: Gengar
|-damage|p1a: Gengar|30/100
|
|-weather|Snowscape|[upkeep]
|-heal|p1a: Gengar|36/100|[from] item: Leftovers
|upkeep
|turn|15
|
|t:|1760737609
|move|p2a: Mandibuzz|Foul Play|p1a: Gengar
|-supereffective|p1a: Gengar
|-damage|p1a: Gengar|0 fnt
|faint|p1a: Gengar
|
|-weather|Snowscape|[upkeep]
|-sideend|p2: VGC_Ren|move: Aurora Veil
|upkeep
|
|t:|1760737617
|switch|p1a: Greninja|Greninja, M|100/100
|turn|16
|
|t:|1760737626
|switch|p2a: Kyurem|Kyurem|83/100 par
|-ability|p2a: Kyurem|Pressure
|move|p1a: Greninja|Water Shuriken|p2a: Kyurem
|-resisted|p2a: Kyurem
|-damage|p2a: Kyurem|80/100 par
|-resisted|p2a: Kyurem
|-damage|p2a: Kyurem|78/100 par
|-resisted|p2a: Kyurem
|-damage|p2a: Kyurem|75/100 par
|-hitcount|p2a: Kyurem|3
|
|-weather|none
|upkeep
|turn|17
|
|t:|1760737639
|move|p1a: Greninja|Dark Pulse|p2a: Kyurem
|-damage|p2a: Kyurem|46/100 par
|move|p2a: Kyurem|Earth Power|p1a: Greninja
|-damage|p1a: Greninja|55/100
|
|upkeep
|turn|18
|
|t:|1760737646
|move|p1a: Greninja|Dark Pulse|p2a: Kyurem
|-damage|p2a: Kyurem|15/100 par
|cant|p2a: Kyurem|flinch
|
|upkeep
|turn|19
|
|t:|1760737654
|switch|p2a: Mandibuzz|Mandibuzz, F, tera:Dark|49/100
|move|p1a: Greninja|Dark Pulse|p2a: Mandibuzz
|-resisted|p2a: Mandibuzz
|-damage|p2a: Mandibuzz|37/100
|
|upkeep
|turn|20
|
|t:|1760737662
|switch|p2a: Glaceon|Glaceon, F, shiny|100/100
|move|p1a: Greninja|Water Shuriken|p2a: Glaceon
|-damage|p2a: Glaceon|93/100
|-damage|p2a: Glaceon|84/100
|-damage|p2a: Glaceon|76/100
|-damage|p2a: Glaceon|68/100
|-damage|p2a: Glaceon|60/100
|-hitcount|p2a: Glaceon|5
|
|upkeep
|turn|21
|
|t:|1760737676
|switch|p1a: Snorlax|Snorlax, M|80/100
|move|p2a: Glaceon|Blizzard|p1a: Snorlax|[miss]
|-miss|p2a: Glaceon|p1a: Snorlax
|
|-heal|p1a: Snorlax|86/100|[from] item: Leftovers
|upkeep
|turn|22
|
|t:|1760737684
|switch|p2a: Kyurem|Kyurem|15/100 par
|-ability|p2a: Kyurem|Pressure
|move|p1a: Snorlax|Heavy Slam|p2a: Kyurem
|-supereffective|p2a: Kyurem
|-damage|p2a: Kyurem|0 fnt
|faint|p2a: Kyurem
|
|-heal|p1a: Snorlax|92/100|[from] item: Leftovers
|upkeep
|
|t:|1760737690
|switch|p2a: Ninetales|Ninetales-Alola, F, shiny|14/100 tox
|-weather|Snowscape|[from] ability: Snow Warning|[of] p2a: Ninetales
|turn|23
|
|t:|1760737699
|move|p2a: Ninetales|Aurora Veil|p2a: Ninetales
|-sidestart|p2: VGC_Ren|move: Aurora Veil
|move|p1a: Snorlax|Curse|p1a: Snorlax
|-unboost|p1a: Snorlax|spe|1
|-boost|p1a: Snorlax|atk|1
|-boost|p1a: Snorlax|def|1
|
|-weather|Snowscape|[upkeep]
|-heal|p1a: Snorlax|98/100|[from] item: Leftovers
|-damage|p2a: Ninetales|9/100 tox|[from] psn
|upkeep
|turn|24
|
|t:|1760737709
|move|p2a: Ninetales|Moonblast|p1a: Snorlax
|-damage|p1a: Snorlax|82/100
|-unboost|p1a: Snorlax|spa|1
|move|p1a: Snorlax|Curse|p1a: Snorlax
|-unboost|p1a: Snorlax|spe|1
|-boost|p1a: Snorlax|atk|1
|-boost|p1a: Snorlax|def|1
|
|-weather|Snowscape|[upkeep]
|-heal|p1a: Snorlax|88/100|[from] item: Leftovers
|-damage|p2a: Ninetales|0 fnt|[from] psn
|faint|p2a: Ninetales
|upkeep
|
|t:|1760737712
|switch|p2a: Frosmoth|Frosmoth, M, shiny|100/100
|turn|25
|
|t:|1760737725
|move|p2a: Frosmoth|Quiver Dance|p2a: Frosmoth
|-boost|p2a: Frosmoth|spa|1
|-boost|p2a: Frosmoth|spd|1
|-boost|p2a: Frosmoth|spe|1
|move|p1a: Snorlax|Heavy Slam|p2a: Frosmoth
|-supereffective|p2a: Frosmoth
|-damage|p2a: Frosmoth|26/100
|
|-weather|Snowscape|[upkeep]
|-heal|p1a: Snorlax|94/100|[from] item: Leftovers
|upkeep
|turn|26
|
|t:|1760737736
|move|p2a: Frosmoth|Ice Beam|p1a: Snorlax
|-damage|p1a: Snorlax|77/100
|move|p1a: Snorlax|Heavy Slam|p2a: Frosmoth
|-supereffective|p2a: Frosmoth
|-damage|p2a: Frosmoth|0 fnt
|faint|p2a: Frosmoth
|
|-weather|Snowscape|[upkeep]
|-heal|p1a: Snorlax|83/100|[from] item: Leftovers
|upkeep
|-message|VGC_Ren forfeited.
|
|win|FakeGodJung
|raw|FakeGodJung's rating: 1063 &rarr; <strong>1093</strong><br />(+30 for winning)
|raw|VGC_Ren's rating: 1058 &rarr; <strong>1040</strong><br />(-18 for losing)
|l|☆VGC_Ren
|player|p2|
|l|☆FakeGodJung
|player|p1|
