|j|☆Darkrius
|j|☆lyeskoriche
|t:|1760849024
|gametype|singles
|player|p1|Darkrius|1|1146
|player|p2|lyeskoriche|bugcatcher-gen4dp|1193
|gen|9
|tier|[Gen 9] OU
|rated|
|rule|HP Percentage Mod: HP is shown in percentages
|rule|Endless Battle Clause: Forcing endless battles is banned
|rule|Species Clause: Limit one of each Pokémon
|rule|OHKO Clause: OHKO moves are banned
|rule|Evasion Items Clause: Evasion items are banned
|rule|Evasion Moves Clause: Evasion moves are banned
|rule|Evasion Abilities Clause: Evasion abilities are banned
|rule|Sleep Moves Clause: Sleep-inducing moves are banned
|clearpoke
|poke|p1|Dragonite, M|
|poke|p1|Rillaboom, M|
|poke|p1|Clefable, F|
|poke|p1|Cloyster, M|
|poke|p1|Polteageist|
|poke|p1|Corviknight, M|
|poke|p2|Bronzong|
|poke|p2|Bellibolt, M|
|poke|p2|Slowbro-Galar, F|
|poke|p2|Rillaboom, M|
|poke|p2|Venomoth, F|
|poke|p2|Mandibuzz, F|
|teampreview
|inactive|Battle timer is ON: inactive players will automatically lose when time's up. (requested by Darkrius)
|
|t:|1760849038
|teamsize|p1|6
|teamsize|p2|6
|start
|switch|p1a: Cloyster|Cloyster, M|100/100
|switch|p2a: Bronzong|Bronzong, shiny|100/100
|turn|1
|inactive|Darkrius has 120 seconds left.
|
|t:|1760849072
|move|p1a: Cloyster|Shell Smash|p1a: Cloyster
|-unboost|p1a: Cloyster|def|1
|-unboost|p1a: Cloyster|spd|1
|-boost|p1a: Cloyster|atk|2
|-boost|p1a: Cloyster|spa|2
|-boost|p1a: Cloyster|spe|2
|move|p2a: Bronzong|Trick|p1a: Cloyster
|-activate|p2a: Bronzong|move: Trick|[of] p1a: Cloyster
|-item|p1a: Cloyster|Choice Band|[from] move: Trick
|-item|p2a: Bronzong|Focus Sash|[from] move: Trick
|
|upkeep
|turn|2
|
|t:|1760849096
|switch|p2a: Slowbro|Slowbro-Galar, F|100/100
|move|p1a: Cloyster|Liquidation|p2a: Slowbro
|-damage|p2a: Slowbro|0 fnt
|faint|p2a: Slowbro
|
|upkeep
|
|t:|1760849101
|switch|p2a: Rillaboom|Rillaboom, M|100/100
|-fieldstart|move: Grassy Terrain|[from] ability: Grassy Surge|[of] p2a: Rillaboom
|turn|3
|
|t:|1760849105
|move|p2a: Rillaboom|Grassy Glide|p1a: Cloyster
|-supereffective|p1a: Cloyster
|-damage|p1a: Cloyster|18/100
|move|p1a: Cloyster|Liquidation|p2a: Rillaboom
|-resisted|p2a: Rillaboom
|-damage|p2a: Rillaboom|63/100
|
|-heal|p1a: Cloyster|25/100|[from] Grassy Terrain
|-heal|p2a: Rillaboom|69/100|[from] Grassy Terrain
|upkeep
|turn|4
|
|t:|1760849115
|switch|p1a: Corviknight|Corviknight, M|100/100
|-ability|p1a: Corviknight|Pressure
|move|p2a: Rillaboom|Grassy Glide|p1a: Corviknight
|-resisted|p1a: Corviknight
|-damage|p1a: Corviknight|94/100
|
|-heal|p2a: Rillaboom|75/100|[from] Grassy Terrain
|-heal|p1a: Corviknight|100/100|[from] item: Leftovers
|upkeep
|turn|5
|
|t:|1760849121
|move|p2a: Rillaboom|Knock Off|p1a: Corviknight
|-damage|p1a: Corviknight|78/100
|-enditem|p1a: Corviknight|Leftovers|[from] move: Knock Off|[of] p2a: Rillaboom
|move|p1a: Corviknight|Bulk Up|p1a: Corviknight
|-boost|p1a: Corviknight|atk|1
|-boost|p1a: Corviknight|def|1
|
|-heal|p2a: Rillaboom|82/100|[from] Grassy Terrain
|upkeep
|turn|6
|
|t:|1760849135
|switch|p2a: Bellibolt|Bellibolt, M|100/100
|move|p1a: Corviknight|Brave Bird|p2a: Bellibolt
|-resisted|p2a: Bellibolt
|-damage|p2a: Bellibolt|57/100
|-start|p2a: Bellibolt|Charge|Brave Bird|[from] ability: Electromorphosis
|-damage|p1a: Corviknight|65/100|[from] Recoil
|
|-heal|p2a: Bellibolt|63/100|[from] Grassy Terrain
|upkeep
|turn|7
|
|t:|1760849142
|move|p1a: Corviknight|Brave Bird|p2a: Bellibolt
|-resisted|p2a: Bellibolt
|-damage|p2a: Bellibolt|21/100
|-start|p2a: Bellibolt|Charge|Brave Bird|[from] ability: Electromorphosis
|-damage|p1a: Corviknight|52/100|[from] Recoil
|move|p2a: Bellibolt|Parabolic Charge|p1a: Corviknight
|-supereffective|p1a: Corviknight
|-damage|p1a: Corviknight|0 fnt
|-heal|p2a: Bellibolt|50/100|[from] drain|[of] p1a: Corviknight
|faint|p1a: Corviknight
|-end|p2a: Bellibolt|Charge|[silent]
|
|-heal|p2a: Bellibolt|56/100|[from] Grassy Terrain
|-fieldend|move: Grassy Terrain
|upkeep
|
|t:|1760849149
|switch|p1a: Cloyster|Cloyster, M|25/100
|turn|8
|
|t:|1760849153
|move|p1a: Cloyster|Icicle Spear|p2a: Bellibolt
|-damage|p2a: Bellibolt|38/100
|-start|p2a: Bellibolt|Charge|Icicle Spear|[from] ability: Electromorphosis
|-damage|p2a: Bellibolt|21/100
|-start|p2a: Bellibolt|Charge|Icicle Spear|[from] ability: Electromorphosis
|-damage|p2a: Bellibolt|3/100
|-start|p2a: Bellibolt|Charge|Icicle Spear|[from] ability: Electromorphosis
|-damage|p2a: Bellibolt|0 fnt
|faint|p2a: Bellibolt
|-hitcount|p2: Bellibolt|4
|
|upkeep
|
|t:|1760849157
|switch|p2a: Rillaboom|Rillaboom, M|82/100
|-fieldstart|move: Grassy Terrain|[from] ability: Grassy Surge|[of] p2a: Rillaboom
|turn|9
|
|t:|1760849162
|move|p1a: Cloyster|Icicle Spear|p2a: Rillaboom
|-supereffective|p2a: Rillaboom
|-damage|p2a: Rillaboom|60/100
|-enditem|p2a: Rillaboom|Weakness Policy
|-boost|p2a: Rillaboom|atk|2|[from] item: Weakness Policy
|-boost|p2a: Rillaboom|spa|2|[from] item: Weakness Policy
|-supereffective|p2a: Rillaboom
|-damage|p2a: Rillaboom|38/100
|-supereffective|p2a: Rillaboom
|-damage|p2a: Rillaboom|15/100
|-supereffective|p2a: Rillaboom
|-damage|p2a: Rillaboom|0 fnt
|faint|p2a: Rillaboom
|-hitcount|p2: Rillaboom|4
|
|-heal|p1a: Cloyster|31/100|[from] Grassy Terrain
|upkeep
|
|t:|1760849165
|switch|p2a: Venomoth|Venomoth, F|100/100
|turn|10
|
|t:|1760849169
|switch|p2a: Bronzong|Bronzong, shiny|100/100
|move|p1a: Cloyster|Icicle Spear|p2a: Bronzong
|-resisted|p2a: Bronzong
|-damage|p2a: Bronzong|95/100
|-resisted|p2a: Bronzong
|-damage|p2a: Bronzong|88/100
|-resisted|p2a: Bronzong
|-damage|p2a: Bronzong|82/100
|-resisted|p2a: Bronzong
|-damage|p2a: Bronzong|77/100
|-resisted|p2a: Bronzong
|-crit|p2a: Bronzong
|-damage|p2a: Bronzong|69/100
|-hitcount|p2a: Bronzong|5
|
|-heal|p1a: Cloyster|37/100|[from] Grassy Terrain
|upkeep
|turn|11
|
|t:|1760849175
|move|p1a: Cloyster|Icicle Spear|p2a: Bronzong
|-resisted|p2a: Bronzong
|-damage|p2a: Bronzong|63/100
|-resisted|p2a: Bronzong
|-damage|p2a: Bronzong|57/100
|-resisted|p2a: Bronzong
|-damage|p2a: Bronzong|52/100
|-resisted|p2a: Bronzong
|-damage|p2a: Bronzong|46/100
|-resisted|p2a: Bronzong
|-damage|p2a: Bronzong|40/100
|-hitcount|p2a: Bronzong|5
|move|p2a: Bronzong|Zen Headbutt|p1a: Cloyster
|-damage|p1a: Cloyster|16/100
|
|-heal|p1a: Cloyster|22/100|[from] Grassy Terrain
|upkeep
|turn|12
|
|t:|1760849181
|move|p1a: Cloyster|Icicle Spear|p2a: Bronzong
|-resisted|p2a: Bronzong
|-damage|p2a: Bronzong|35/100
|-resisted|p2a: Bronzong
|-damage|p2a: Bronzong|29/100
|-resisted|p2a: Bronzong
|-damage|p2a: Bronzong|24/100
|-resisted|p2a: Bronzong
|-damage|p2a: Bronzong|18/100
|-resisted|p2a: Bronzong
|-damage|p2a: Bronzong|12/100
|-hitcount|p2a: Bronzong|5
|move|p2a: Bronzong|Zen Headbutt|p1a: Cloyster
|-damage|p1a: Cloyster|0 fnt
|faint|p1a: Cloyster
|
|upkeep
|
|t:|1760849205
|switch|p1a: Polteageist|Polteageist|100/100
|turn|13
|
|t:|1760849210
|move|p1a: Polteageist|Shell Smash|p1a: Polteageist
|-unboost|p1a: Polteageist|def|1
|-unboost|p1a: Polteageist|spd|1
|-boost|p1a: Polteageist|atk|2
|-boost|p1a: Polteageist|spa|2
|-boost|p1a: Polteageist|spe|2
|move|p2a: Bronzong|Trick Room|p2a: Bronzong
|-fieldstart|move: Trick Room|[of] p2a: Bronzong
|
|-fieldend|move: Grassy Terrain
|upkeep
|turn|14
|
|t:|1760849218
|move|p2a: Bronzong|Gyro Ball|p1a: Polteageist
|-enditem|p1a: Polteageist|Focus Sash
|-damage|p1a: Polteageist|1/100
|-start|p2a: Bronzong|Disable|Gyro Ball|[from] ability: Cursed Body|[of] p1a: Polteageist
|move|p1a: Polteageist|Shadow Ball|p2a: Bronzong
|-supereffective|p2a: Bronzong
|-damage|p2a: Bronzong|0 fnt
|faint|p2a: Bronzong
|
|upkeep
|
|t:|1760849227
|switch|p2a: Mandibuzz|Mandibuzz, F, shiny|100/100
|turn|15
|
|t:|1760849231
|move|p2a: Mandibuzz|Air Slash|p1a: Polteageist
|-damage|p1a: Polteageist|0 fnt
|faint|p1a: Polteageist
|-damage|p2a: Mandibuzz|91/100|[from] item: Life Orb
|
|upkeep
|
|t:|1760849234
|switch|p1a: Clefable|Clefable, F|100/100
|turn|16
|
|t:|1760849247
|move|p1a: Clefable|Calm Mind|p1a: Clefable
|-boost|p1a: Clefable|spa|1
|-boost|p1a: Clefable|spd|1
|move|p2a: Mandibuzz|Air Slash|p1a: Clefable|[miss]
|-miss|p2a: Mandibuzz|p1a: Clefable
|
|upkeep
|turn|17
|
|t:|1760849256
|switch|p2a: Venomoth|Venomoth, F|100/100
|move|p1a: Clefable|Moonblast|p2a: Venomoth
|-resisted|p2a: Venomoth
|-damage|p2a: Venomoth|67/100
|
|-fieldend|move: Trick Room
|upkeep
|turn|18
|
|t:|1760849260
|move|p2a: Venomoth|Sludge Wave|p1a: Clefable
|-supereffective|p1a: Clefable
|-damage|p1a: Clefable|57/100
|move|p1a: Clefable|Stored Power|p2a: Venomoth
|-supereffective|p2a: Venomoth
|-damage|p2a: Venomoth|9/100
|
|-heal|p1a: Clefable|63/100|[from] item: Leftovers
|upkeep
|turn|19
|
|t:|1760849267
|-terastallize|p1a: Clefable|Steel
|move|p2a: Venomoth|Sludge Wave|p1a: Clefable
|-immune|p1a: Clefable
|move|p1a: Clefable|Stored Power|p2a: Venomoth
|-supereffective|p2a: Venomoth
|-damage|p2a: Venomoth|0 fnt
|faint|p2a: Venomoth
|
|-heal|p1a: Clefable|70/100|[from] item: Leftovers
|upkeep
|
|t:|1760849269
|switch|p2a: Mandibuzz|Mandibuzz, F, shiny|91/100
|turn|20
|
|t:|1760849278
|move|p2a: Mandibuzz|Dark Pulse|p1a: Clefable
|-damage|p1a: Clefable|47/100
|-damage|p2a: Mandibuzz|81/100|[from] item: Life Orb
|move|p1a: Clefable|Moonblast|p2a: Mandibuzz
|-supereffective|p2a: Mandibuzz
|-damage|p2a: Mandibuzz|0 fnt
|faint|p2a: Mandibuzz
|
|win|Darkrius
|raw|Darkrius's rating: 1146 &rarr; <strong>1174</strong><br />(+28 for winning)
|raw|lyeskoriche's rating: 1193 &rarr; <strong>1165</strong><br />(-28 for losing)
|l|☆lyeskoriche
|player|p2|
|l|☆Darkrius
|player|p1|
