|j|☆baifenzhi91
|j|☆Palm X
|t:|1760760164
|gametype|singles
|player|p1|baifenzhi91|veteran|1451
|player|p2|Palm X|caitlin|1499
|gen|9
|tier|[Gen 9] OU
|rated|
|rule|HP Percentage Mod: HP is shown in percentages
|rule|Endless Battle Clause: Forcing endless battles is banned
|rule|Species Clause: Limit one of each Pokémon
|rule|OHKO Clause: OHKO moves are banned
|rule|Evasion Items Clause: Evasion items are banned
|rule|Evasion Moves Clause: Evasion moves are banned
|rule|Evasion Abilities Clause: Evasion abilities are banned
|rule|Sleep Moves Clause: Sleep-inducing moves are banned
|clearpoke
|poke|p1|Great Tusk|
|poke|p1|Raging Bolt|
|poke|p1|Dragapult, F|
|poke|p1|Slowking-Galar, F|
|poke|p1|Kingambit, F|
|poke|p1|Ogerpon-Wellspring, F|
|poke|p2|Pelipper, M|
|poke|p2|Manaphy|
|poke|p2|Barraskewda, F|
|poke|p2|Raging Bolt|
|poke|p2|Moltres|
|poke|p2|Iron Treads|
|teampreview
|inactive|Battle timer is ON: inactive players will automatically lose when time's up. (requested by Palm X)
|j| Zajt007
|
|t:|1760760174
|teamsize|p1|6
|teamsize|p2|6
|start
|switch|p1a: Dragapult|Dragapult, F|100/100
|switch|p2a: BIGGEST BIRD|Pelipper, M|100/100
|-weather|RainDance|[from] ability: Drizzle|[of] p2a: BIGGEST BIRD
|turn|1
|
|t:|1760760182
|move|p1a: Dragapult|Dragon Darts|p2a: BIGGEST BIRD
|-damage|p2a: BIGGEST BIRD|78/100
|-anim|p1a: Dragapult|Dragon Darts|p2a: BIGGEST BIRD
|-damage|p2a: BIGGEST BIRD|56/100
|move|p2a: BIGGEST BIRD|U-turn|p1a: Dragapult
|-resisted|p1a: Dragapult
|-damage|p1a: Dragapult|95/100
|
|t:|1760760186
|switch|p2a: Don Hoolio|Iron Treads|100/100|[from] U-turn
|
|-weather|RainDance|[upkeep]
|upkeep
|turn|2
|
|t:|1760760194
|-end|p2a: Don Hoolio|Quark Drive|[silent]
|switch|p2a: Perc Nowitzki|Moltres|100/100
|move|p1a: Dragapult|Will-O-Wisp|p2a: Perc Nowitzki
|-immune|p2a: Perc Nowitzki
|
|-weather|RainDance|[upkeep]
|upkeep
|turn|3
|
|t:|1760760205
|move|p1a: Dragapult|U-turn|p2a: Perc Nowitzki
|-resisted|p2a: Perc Nowitzki
|-damage|p2a: Perc Nowitzki|97/100
|
|t:|1760760208
|switch|p1a: Slowking|Slowking-Galar, F|100/100|[from] U-turn
|move|p2a: Perc Nowitzki|Will-O-Wisp|p1a: Slowking
|-status|p1a: Slowking|brn
|
|-weather|RainDance|[upkeep]
|-damage|p1a: Slowking|94/100 brn|[from] brn
|upkeep
|turn|4
|
|t:|1760760225
|move|p2a: Perc Nowitzki|Scorching Sands|p1a: Slowking
|-supereffective|p1a: Slowking
|-damage|p1a: Slowking|75/100 brn
|move|p1a: Slowking|Sludge Bomb|p2a: Perc Nowitzki
|-damage|p2a: Perc Nowitzki|66/100
|
|-weather|RainDance|[upkeep]
|-damage|p1a: Slowking|69/100 brn|[from] brn
|upkeep
|turn|5
|
|t:|1760760237
|switch|p2a: Don Hoolio|Iron Treads|100/100
|move|p1a: Slowking|Sludge Bomb|p2a: Don Hoolio
|-immune|p2a: Don Hoolio
|
|-weather|RainDance|[upkeep]
|-damage|p1a: Slowking|63/100 brn|[from] brn
|upkeep
|turn|6
|
|t:|1760760248
|switch|p1a: Great Tusk|Great Tusk|100/100
|move|p2a: Don Hoolio|Stealth Rock|p1a: Great Tusk
|-sidestart|p1: baifenzhi91|move: Stealth Rock
|
|-weather|RainDance|[upkeep]
|upkeep
|turn|7
|
|t:|1760760256
|-end|p2a: Don Hoolio|Quark Drive|[silent]
|switch|p2a: Perc Nowitzki|Moltres|66/100
|move|p1a: Great Tusk|Rapid Spin|p2a: Perc Nowitzki
|-damage|p2a: Perc Nowitzki|53/100
|-boost|p1a: Great Tusk|spe|1
|-sideend|p1: baifenzhi91|Stealth Rock|[from] move: Rapid Spin|[of] p1a: Great Tusk
|
|-weather|RainDance|[upkeep]
|upkeep
|turn|8
|
|t:|1760760268
|-end|p1a: Great Tusk|Protosynthesis|[silent]
|switch|p1a: Slowking|Slowking-Galar, F|96/100 brn
|move|p2a: Perc Nowitzki|Roost|p2a: Perc Nowitzki
|-heal|p2a: Perc Nowitzki|100/100
|-singleturn|p2a: Perc Nowitzki|move: Roost
|
|-weather|none
|-damage|p1a: Slowking|90/100 brn|[from] brn
|upkeep
|turn|9
|
|t:|1760760279
|switch|p2a: Don Hoolio|Iron Treads|100/100
|move|p1a: Slowking|Psyshock|p2a: Don Hoolio
|-resisted|p2a: Don Hoolio
|-damage|p2a: Don Hoolio|88/100
|
|-damage|p1a: Slowking|84/100 brn|[from] brn
|upkeep
|turn|10
|
|t:|1760760289
|-end|p2a: Don Hoolio|Quark Drive|[silent]
|switch|p2a: BIGGEST BIRD|Pelipper, M|56/100
|-weather|RainDance|[from] ability: Drizzle|[of] p2a: BIGGEST BIRD
|switch|p1a: Great Tusk|Great Tusk|100/100
|
|-weather|RainDance|[upkeep]
|upkeep
|turn|11
|
|t:|1760760298
|move|p1a: Great Tusk|Stealth Rock|p2a: BIGGEST BIRD
|-sidestart|p2: Palm X|move: Stealth Rock
|move|p2a: BIGGEST BIRD|U-turn|p1a: Great Tusk
|-resisted|p1a: Great Tusk
|-damage|p1a: Great Tusk|98/100
|-damage|p2a: BIGGEST BIRD|40/100|[from] item: Rocky Helmet|[of] p1a: Great Tusk
|
|t:|1760760303
|switch|p2a: Best Girl|Manaphy, shiny|100/100|[from] U-turn
|-damage|p2a: Best Girl|88/100|[from] Stealth Rock
|
|-weather|RainDance|[upkeep]
|-heal|p2a: Best Girl|94/100|[from] item: Leftovers
|upkeep
|turn|12
|
|t:|1760760315
|move|p1a: Great Tusk|Headlong Rush|p2a: Best Girl
|-damage|p2a: Best Girl|42/100
|-unboost|p1a: Great Tusk|def|1
|-unboost|p1a: Great Tusk|spd|1
|move|p2a: Best Girl|Tail Glow|p2a: Best Girl
|-boost|p2a: Best Girl|spa|3
|
|-weather|RainDance|[upkeep]
|-heal|p2a: Best Girl|49/100|[from] item: Leftovers
|upkeep
|turn|13
|
|t:|1760760325
|move|p1a: Great Tusk|Headlong Rush|p2a: Best Girl
|-damage|p2a: Best Girl|0 fnt
|-unboost|p1a: Great Tusk|def|1
|-unboost|p1a: Great Tusk|spd|1
|faint|p2a: Best Girl
|
|-weather|RainDance|[upkeep]
|upkeep
|
|t:|1760760329
|switch|p2a: Fish Thing|Barraskewda, F|100/100
|-damage|p2a: Fish Thing|88/100|[from] Stealth Rock
|turn|14
|
|t:|1760760345
|-end|p1a: Great Tusk|Protosynthesis|[silent]
|switch|p1a: Ogerpon|Ogerpon-Wellspring, F|100/100
|move|p2a: Fish Thing|Psychic Fangs|p1a: Ogerpon
|-damage|p1a: Ogerpon|35/100
|
|-weather|RainDance|[upkeep]
|upkeep
|turn|15
|
|t:|1760760369
|switch|p2a: Perc Nowitzki|Moltres|100/100
|switch|p1a: Slowking|Slowking-Galar, F|100/100 brn
|
|-weather|RainDance|[upkeep]
|-damage|p1a: Slowking|94/100 brn|[from] brn
|upkeep
|turn|16
|inactive|baifenzhi91 has 120 seconds left.
|
|t:|1760760389
|switch|p2a: Don Hoolio|Iron Treads|88/100
|move|p1a: Slowking|Sludge Bomb|p2a: Don Hoolio
|-immune|p2a: Don Hoolio
|
|-weather|RainDance|[upkeep]
|-damage|p1a: Slowking|88/100 brn|[from] brn
|upkeep
|turn|17
|inactive|baifenzhi91 has 120 seconds left.
|
|t:|1760760412
|switch|p1a: Great Tusk|Great Tusk|98/100
|move|p2a: Don Hoolio|Stealth Rock|p1a: Great Tusk
|-sidestart|p1: baifenzhi91|move: Stealth Rock
|
|-weather|none
|upkeep
|turn|18
|
|t:|1760760421
|move|p2a: Don Hoolio|Rapid Spin|p1a: Great Tusk
|-damage|p1a: Great Tusk|88/100
|-boost|p2a: Don Hoolio|spe|1
|-damage|p2a: Don Hoolio|72/100|[from] item: Rocky Helmet|[of] p1a: Great Tusk
|-sideend|p2: Palm X|Stealth Rock|[from] move: Rapid Spin|[of] p2a: Don Hoolio
|move|p1a: Great Tusk|Rapid Spin|p2a: Don Hoolio
|-resisted|p2a: Don Hoolio
|-damage|p2a: Don Hoolio|66/100
|-boost|p1a: Great Tusk|spe|1
|-sideend|p1: baifenzhi91|Stealth Rock|[from] move: Rapid Spin|[of] p1a: Great Tusk
|
|upkeep
|turn|19
|
|t:|1760760433
|move|p2a: Don Hoolio|Stealth Rock|p1a: Great Tusk
|-sidestart|p1: baifenzhi91|move: Stealth Rock
|move|p1a: Great Tusk|Stealth Rock|p2a: Don Hoolio
|-sidestart|p2: Palm X|move: Stealth Rock
|
|upkeep
|turn|20
|
|t:|1760760439
|move|p2a: Don Hoolio|Rapid Spin|p1a: Great Tusk
|-damage|p1a: Great Tusk|79/100
|-boost|p2a: Don Hoolio|spe|1
|-damage|p2a: Don Hoolio|49/100|[from] item: Rocky Helmet|[of] p1a: Great Tusk
|-sideend|p2: Palm X|Stealth Rock|[from] move: Rapid Spin|[of] p2a: Don Hoolio
|move|p1a: Great Tusk|Rapid Spin|p2a: Don Hoolio
|-resisted|p2a: Don Hoolio
|-damage|p2a: Don Hoolio|43/100
|-boost|p1a: Great Tusk|spe|1
|-sideend|p1: baifenzhi91|Stealth Rock|[from] move: Rapid Spin|[of] p1a: Great Tusk
|
|upkeep
|turn|21
|inactive|baifenzhi91 has 120 seconds left.
|
|t:|1760760450
|move|p2a: Don Hoolio|Stealth Rock|p1a: Great Tusk
|-sidestart|p1: baifenzhi91|move: Stealth Rock
|move|p1a: Great Tusk|Headlong Rush|p2a: Don Hoolio
|-supereffective|p2a: Don Hoolio
|-damage|p2a: Don Hoolio|0 fnt
|-unboost|p1a: Great Tusk|def|1
|-unboost|p1a: Great Tusk|spd|1
|faint|p2a: Don Hoolio
|-end|p2a: Don Hoolio|Quark Drive|[silent]
|
|upkeep
|
|t:|1760760453
|switch|p2a: Perc Nowitzki|Moltres|100/100
|turn|22
|c| Zajt007|G4 battle theme while watching is making this even better
|
|t:|1760760462
|switch|p2a: BIGGEST BIRD|Pelipper, M|40/100
|-weather|RainDance|[from] ability: Drizzle|[of] p2a: BIGGEST BIRD
|move|p1a: Great Tusk|Rapid Spin|p2a: BIGGEST BIRD
|-damage|p2a: BIGGEST BIRD|23/100
|-boost|p1a: Great Tusk|spe|1
|-sideend|p1: baifenzhi91|Stealth Rock|[from] move: Rapid Spin|[of] p1a: Great Tusk
|
|-weather|RainDance|[upkeep]
|upkeep
|turn|23
|
|t:|1760760475
|switch|p2a: Perc Nowitzki|Moltres|100/100
|move|p1a: Great Tusk|Ice Spinner|p2a: Perc Nowitzki
|-crit|p2a: Perc Nowitzki
|-damage|p2a: Perc Nowitzki|72/100
|
|-weather|RainDance|[upkeep]
|upkeep
|turn|24
|
|t:|1760760484
|-end|p1a: Great Tusk|Protosynthesis|[silent]
|switch|p1a: Raging Bolt|Raging Bolt|100/100
|-enditem|p1a: Raging Bolt|Booster Energy
|-activate|p1a: Raging Bolt|ability: Protosynthesis|[fromitem]
|-start|p1a: Raging Bolt|protosynthesisspa
|move|p2a: Perc Nowitzki|Hurricane|p1a: Raging Bolt
|-resisted|p1a: Raging Bolt
|-damage|p1a: Raging Bolt|78/100
|
|-weather|RainDance|[upkeep]
|upkeep
|turn|25
|
|t:|1760760494
|move|p1a: Raging Bolt|Dragon Pulse|p2a: Perc Nowitzki
|-damage|p2a: Perc Nowitzki|7/100
|move|p2a: Perc Nowitzki|Scorching Sands|p1a: Raging Bolt
|-supereffective|p1a: Raging Bolt
|-crit|p1a: Raging Bolt
|-damage|p1a: Raging Bolt|24/100
|
|-weather|RainDance|[upkeep]
|upkeep
|turn|26
|
|t:|1760760503
|move|p1a: Raging Bolt|Dragon Pulse|p2a: Perc Nowitzki
|-crit|p2a: Perc Nowitzki
|-damage|p2a: Perc Nowitzki|0 fnt
|faint|p2a: Perc Nowitzki
|
|-weather|RainDance|[upkeep]
|upkeep
|
|t:|1760760505
|switch|p2a: Satan Himself|Raging Bolt|100/100
|turn|27
|
|t:|1760760513
|-end|p1a: Raging Bolt|Protosynthesis|[silent]
|switch|p1a: Slowking|Slowking-Galar, F|100/100 brn
|-terastallize|p2a: Satan Himself|Bug
|move|p2a: Satan Himself|Calm Mind|p2a: Satan Himself
|-boost|p2a: Satan Himself|spa|1
|-boost|p2a: Satan Himself|spd|1
|
|-weather|RainDance|[upkeep]
|-damage|p1a: Slowking|94/100 brn|[from] brn
|upkeep
|turn|28
|
|t:|1760760524
|move|p2a: Satan Himself|Calm Mind|p2a: Satan Himself
|-boost|p2a: Satan Himself|spa|1
|-boost|p2a: Satan Himself|spd|1
|move|p1a: Slowking|Psyshock|p2a: Satan Himself
|-damage|p2a: Satan Himself|75/100
|
|-weather|RainDance|[upkeep]
|-heal|p2a: Satan Himself|81/100|[from] item: Leftovers
|-damage|p1a: Slowking|88/100 brn|[from] brn
|upkeep
|turn|29
|
|t:|1760760535
|move|p2a: Satan Himself|Thunder|p1a: Slowking
|-damage|p1a: Slowking|17/100 brn
|move|p1a: Slowking|Psyshock|p2a: Satan Himself
|-damage|p2a: Satan Himself|55/100
|
|-weather|none
|-heal|p2a: Satan Himself|61/100|[from] item: Leftovers
|-damage|p1a: Slowking|11/100 brn|[from] brn
|upkeep
|turn|30
|
|t:|1760760547
|move|p2a: Satan Himself|Calm Mind|p2a: Satan Himself
|-boost|p2a: Satan Himself|spa|1
|-boost|p2a: Satan Himself|spd|1
|move|p1a: Slowking|Flamethrower|p2a: Satan Himself
|-supereffective|p2a: Satan Himself
|-damage|p2a: Satan Himself|44/100
|
|-heal|p2a: Satan Himself|50/100|[from] item: Leftovers
|-damage|p1a: Slowking|5/100 brn|[from] brn
|upkeep
|turn|31
|
|t:|1760760558
|move|p2a: Satan Himself|Calm Mind|p2a: Satan Himself
|-boost|p2a: Satan Himself|spa|1
|-boost|p2a: Satan Himself|spd|1
|move|p1a: Slowking|Psyshock|p2a: Satan Himself
|-damage|p2a: Satan Himself|24/100
|
|-heal|p2a: Satan Himself|30/100|[from] item: Leftovers
|-damage|p1a: Slowking|0 fnt|[from] brn
|faint|p1a: Slowking
|upkeep
|
|t:|1760760568
|switch|p1a: Great Tusk|Great Tusk|79/100
|turn|32
|
|t:|1760760580
|move|p1a: Great Tusk|Ice Spinner|p2a: Satan Himself
|-damage|p2a: Satan Himself|7/100
|move|p2a: Satan Himself|Dragon Pulse|p1a: Great Tusk
|-damage|p1a: Great Tusk|0 fnt
|faint|p1a: Great Tusk
|-end|p1a: Great Tusk|Protosynthesis|[silent]
|
|-heal|p2a: Satan Himself|13/100|[from] item: Leftovers
|upkeep
|
|t:|1760760590
|switch|p1a: Raging Bolt|Raging Bolt|24/100
|turn|33
|
|t:|1760760594
|move|p1a: Raging Bolt|Thunderclap|p2a: Satan Himself
|-damage|p2a: Satan Himself|0 fnt
|faint|p2a: Satan Himself
|-end|p2a: Satan Himself|Protosynthesis|[silent]
|
|upkeep
|
|t:|1760760597
|switch|p2a: BIGGEST BIRD|Pelipper, M|23/100
|-weather|RainDance|[from] ability: Drizzle|[of] p2a: BIGGEST BIRD
|turn|34
|
|t:|1760760603
|move|p1a: Raging Bolt|Thunderbolt|p2a: BIGGEST BIRD
|-supereffective|p2a: BIGGEST BIRD
|-damage|p2a: BIGGEST BIRD|0 fnt
|faint|p2a: BIGGEST BIRD
|
|-weather|RainDance|[upkeep]
|upkeep
|
|t:|1760760605
|switch|p2a: Fish Thing|Barraskewda, F|88/100
|turn|35
|
|t:|1760760612
|move|p1a: Raging Bolt|Thunderclap|p2a: Fish Thing
|-supereffective|p2a: Fish Thing
|-damage|p2a: Fish Thing|0 fnt
|faint|p2a: Fish Thing
|
|win|baifenzhi91
|raw|baifenzhi91's rating: 1451 &rarr; <strong>1474</strong><br />(+23 for winning)
|raw|Palm X's rating: 1499 &rarr; <strong>1476</strong><br />(-23 for losing)
|l|☆Palm X
|player|p2|
|l|☆baifenzhi91
|player|p1|
