|j|☆tmrrxw
|j|☆Joao V9898
|t:|1760804651
|gametype|singles
|player|p1|tmrrxw|biker-gen4|1384
|player|p2|Joao V9898|n|1466
|gen|9
|tier|[Gen 9] OU
|rated|
|rule|HP Percentage Mod: HP is shown in percentages
|rule|Endless Battle Clause: Forcing endless battles is banned
|rule|Species Clause: Limit one of each Pokémon
|rule|OHKO Clause: OHKO moves are banned
|rule|Evasion Items Clause: Evasion items are banned
|rule|Evasion Moves Clause: Evasion moves are banned
|rule|Evasion Abilities Clause: Evasion abilities are banned
|rule|Sleep Moves Clause: Sleep-inducing moves are banned
|clearpoke
|poke|p1|Reuniclus, F|
|poke|p1|Darkrai|
|poke|p1|Samurott-Hisui, F|
|poke|p1|Primarina, M|
|poke|p1|Gholdengo|
|poke|p1|Landorus-Therian, M|
|poke|p2|Torkoal, M|
|poke|p2|Hatterene, F|
|poke|p2|Walking Wake|
|poke|p2|Raging Bolt|
|poke|p2|Great Tusk|
|poke|p2|Kingambit, M|
|teampreview
|inactive|Battle timer is ON: inactive players will automatically lose when time's up. (requested by Joao V9898)
|
|t:|1760804665
|teamsize|p1|6
|teamsize|p2|6
|start
|switch|p1a: Samurott|Samurott-Hisui, F|100/100
|switch|p2a: Torkoal|Torkoal, M|100/100
|-weather|SunnyDay|[from] ability: Drought|[of] p2a: Torkoal
|turn|1
|
|t:|1760804674
|move|p1a: Samurott|Ceaseless Edge|p2a: Torkoal
|-damage|p2a: Torkoal|69/100
|-sidestart|p2: Joao V9898|Spikes
|move|p2a: Torkoal|Stealth Rock|p1a: Samurott
|-sidestart|p1: tmrrxw|move: Stealth Rock
|
|-weather|SunnyDay|[upkeep]
|upkeep
|turn|2
|
|t:|1760804680
|switch|p2a: Hatterene|Hatterene, F|100/100
|-damage|p2a: Hatterene|88/100|[from] Spikes
|move|p1a: Samurott|Aqua Cutter|p2a: Hatterene
|-damage|p2a: Hatterene|70/100
|-enditem|p2a: Hatterene|Eject Button
|
|t:|1760804686
|switch|p2a: Great Tusk|Great Tusk|100/100
|-damage|p2a: Great Tusk|88/100|[from] Spikes
|-activate|p2a: Great Tusk|ability: Protosynthesis
|-start|p2a: Great Tusk|protosynthesisatk
|
|-weather|SunnyDay|[upkeep]
|upkeep
|turn|3
|
|t:|1760804690
|move|p2a: Great Tusk|Close Combat|p1a: Samurott
|-supereffective|p1a: Samurott
|-enditem|p1a: Samurott|Focus Sash
|-damage|p1a: Samurott|1/100
|-unboost|p2a: Great Tusk|def|1
|-unboost|p2a: Great Tusk|spd|1
|-enditem|p2a: Great Tusk|Eject Pack
|
|t:|1760804698
|-end|p2a: Great Tusk|Protosynthesis|[silent]
|switch|p2a: Hatterene|Hatterene, F|70/100
|-damage|p2a: Hatterene|58/100|[from] Spikes
|move|p1a: Samurott|Aqua Cutter|p2a: Hatterene
|-damage|p2a: Hatterene|39/100
|
|-weather|SunnyDay|[upkeep]
|upkeep
|turn|4
|
|t:|1760804709
|move|p1a: Samurott|Ceaseless Edge|p2a: Hatterene
|-damage|p2a: Hatterene|2/100
|-sidestart|p2: Joao V9898|Spikes
|move|p2a: Hatterene|Mystical Fire|p1a: Samurott
|-resisted|p1a: Samurott
|-damage|p1a: Samurott|0 fnt
|faint|p1a: Samurott
|
|-weather|SunnyDay|[upkeep]
|upkeep
|
|t:|1760804715
|switch|p1a: Darkrai|Darkrai|100/100
|turn|5
|
|t:|1760804718
|move|p1a: Darkrai|Dark Pulse|p2a: Hatterene
|-damage|p2a: Hatterene|0 fnt
|faint|p2a: Hatterene
|
|-weather|SunnyDay|[upkeep]
|upkeep
|
|t:|1760804721
|switch|p2a: Great Tusk|Great Tusk|88/100
|-damage|p2a: Great Tusk|72/100|[from] Spikes
|-activate|p2a: Great Tusk|ability: Protosynthesis
|-start|p2a: Great Tusk|protosynthesisatk
|turn|6
|
|t:|1760804733
|-terastallize|p1a: Darkrai|Ghost
|move|p1a: Darkrai|Dark Pulse|p2a: Great Tusk
|-resisted|p2a: Great Tusk
|-damage|p2a: Great Tusk|43/100
|move|p2a: Great Tusk|Rapid Spin|p1a: Darkrai
|-immune|p1a: Darkrai
|
|-weather|SunnyDay|[upkeep]
|upkeep
|turn|7
|
|t:|1760804741
|-end|p2a: Great Tusk|Protosynthesis|[silent]
|switch|p2a: Mahoraga|Kingambit, M, shiny|100/100
|-damage|p2a: Mahoraga|84/100|[from] Spikes
|-activate|p2a: Mahoraga|ability: Supreme Overlord
|-start|p2a: Mahoraga|fallen1|[silent]
|move|p1a: Darkrai|Ice Beam|p2a: Mahoraga
|-resisted|p2a: Mahoraga
|-damage|p2a: Mahoraga|67/100
|
|-weather|SunnyDay|[upkeep]
|upkeep
|turn|8
|
|t:|1760804743
|move|p1a: Darkrai|Will-O-Wisp|p2a: Mahoraga
|-status|p2a: Mahoraga|brn
|move|p2a: Mahoraga|Swords Dance|p2a: Mahoraga
|-boost|p2a: Mahoraga|atk|2
|
|-weather|none
|-damage|p2a: Mahoraga|61/100 brn|[from] brn
|upkeep
|turn|9
|
|t:|1760804750
|switch|p1a: Landorus|Landorus-Therian, M|100/100
|-damage|p1a: Landorus|88/100|[from] Stealth Rock
|-ability|p1a: Landorus|Intimidate|boost
|-unboost|p2a: Mahoraga|atk|1
|move|p2a: Mahoraga|Kowtow Cleave|p1a: Landorus
|-damage|p1a: Landorus|32/100
|-damage|p2a: Mahoraga|45/100 brn|[from] item: Rocky Helmet|[of] p1a: Landorus
|
|-damage|p2a: Mahoraga|39/100 brn|[from] brn
|upkeep
|turn|10
|
|t:|1760804755
|move|p2a: Mahoraga|Sucker Punch||[still]
|-fail|p2a: Mahoraga
|move|p1a: Landorus|Taunt|p2a: Mahoraga
|-start|p2a: Mahoraga|move: Taunt
|
|-damage|p2a: Mahoraga|32/100 brn|[from] brn
|upkeep
|turn|11
|
|t:|1760804760
|move|p1a: Landorus|Stealth Rock|p2a: Mahoraga
|-sidestart|p2: Joao V9898|move: Stealth Rock
|move|p2a: Mahoraga|Kowtow Cleave|p1a: Landorus
|-damage|p1a: Landorus|0 fnt
|-damage|p2a: Mahoraga|16/100 brn|[from] item: Rocky Helmet|[of] p1a: Landorus
|faint|p1a: Landorus
|
|-damage|p2a: Mahoraga|10/100 brn|[from] brn
|upkeep
|
|t:|1760804784
|switch|p1a: Primarina|Primarina, M|100/100
|-damage|p1a: Primarina|88/100|[from] Stealth Rock
|turn|12
|
|t:|1760804787
|move|p2a: Mahoraga|Kowtow Cleave|p1a: Primarina
|-resisted|p1a: Primarina
|-damage|p1a: Primarina|61/100
|move|p1a: Primarina|Flip Turn|p2a: Mahoraga
|-damage|p2a: Mahoraga|0 fnt
|faint|p2a: Mahoraga
|-end|p2a: Mahoraga|fallen1|[silent]
|
|t:|1760804796
|switch|p1a: Darkrai|Darkrai, tera:Ghost|100/100|[from] Flip Turn
|
|upkeep
|
|t:|1760804800
|switch|p2a: Torkoal|Torkoal, M|69/100
|-damage|p2a: Torkoal|52/100|[from] Spikes
|-damage|p2a: Torkoal|27/100|[from] Stealth Rock
|-weather|SunnyDay|[from] ability: Drought|[of] p2a: Torkoal
|turn|13
|
|t:|1760804805
|switch|p2a: Raging Bolt|Raging Bolt|100/100
|-damage|p2a: Raging Bolt|84/100|[from] Spikes
|-damage|p2a: Raging Bolt|71/100|[from] Stealth Rock
|-activate|p2a: Raging Bolt|ability: Protosynthesis
|-start|p2a: Raging Bolt|protosynthesisspa
|move|p1a: Darkrai|Dark Pulse|p2a: Raging Bolt
|-damage|p2a: Raging Bolt|50/100
|
|-weather|SunnyDay|[upkeep]
|upkeep
|turn|14
|
|t:|1760804817
|move|p1a: Darkrai|Ice Beam|p2a: Raging Bolt
|-supereffective|p2a: Raging Bolt
|-damage|p2a: Raging Bolt|15/100
|move|p2a: Raging Bolt|Discharge|p1a: Darkrai
|-damage|p1a: Darkrai|25/100
|-status|p1a: Darkrai|par
|
|-weather|SunnyDay|[upkeep]
|upkeep
|turn|15
|
|t:|1760804836
|move|p2a: Raging Bolt|Discharge|p1a: Darkrai
|-damage|p1a: Darkrai|0 fnt
|faint|p1a: Darkrai
|
|-weather|SunnyDay|[upkeep]
|upkeep
|
|t:|1760804840
|switch|p1a: Metastasis|Reuniclus, F|100/100
|turn|16
|
|t:|1760804843
|move|p2a: Raging Bolt|Discharge|p1a: Metastasis
|-damage|p1a: Metastasis|42/100
|move|p1a: Metastasis|Trick Room|p1a: Metastasis
|-fieldstart|move: Trick Room|[of] p1a: Metastasis
|
|-weather|SunnyDay|[upkeep]
|upkeep
|turn|17
|
|t:|1760804852
|move|p1a: Metastasis|Psychic Noise|p2a: Raging Bolt
|-damage|p2a: Raging Bolt|0 fnt
|faint|p2a: Raging Bolt
|-end|p2a: Raging Bolt|Protosynthesis|[silent]
|
|-weather|SunnyDay|[upkeep]
|upkeep
|
|t:|1760804858
|switch|p2a: Walking Wake|Walking Wake|100/100
|-damage|p2a: Walking Wake|84/100|[from] Spikes
|-damage|p2a: Walking Wake|72/100|[from] Stealth Rock
|-activate|p2a: Walking Wake|ability: Protosynthesis
|-start|p2a: Walking Wake|protosynthesisspe
|turn|18
|
|t:|1760804869
|move|p1a: Metastasis|Psychic Noise|p2a: Walking Wake
|-damage|p2a: Walking Wake|9/100
|-start|p2a: Walking Wake|move: Heal Block
|move|p2a: Walking Wake|Hydro Steam|p1a: Metastasis
|-damage|p1a: Metastasis|0 fnt
|faint|p1a: Metastasis
|
|-weather|SunnyDay|[upkeep]
|upkeep
|
|t:|1760804871
|switch|p1a: Primarina|Primarina, M|61/100
|-damage|p1a: Primarina|49/100|[from] Stealth Rock
|turn|19
|
|t:|1760804878
|move|p1a: Primarina|Moonblast|p2a: Walking Wake
|-supereffective|p2a: Walking Wake
|-damage|p2a: Walking Wake|0 fnt
|faint|p2a: Walking Wake
|-end|p2a: Walking Wake|Protosynthesis|[silent]
|
|-weather|SunnyDay|[upkeep]
|upkeep
|
|t:|1760804882
|switch|p2a: Torkoal|Torkoal, M|27/100
|-damage|p2a: Torkoal|11/100|[from] Spikes
|-damage|p2a: Torkoal|0 fnt|[from] Stealth Rock
|faint|p2a: Torkoal
|
|t:|1760804884
|switch|p2a: Great Tusk|Great Tusk|43/100
|-damage|p2a: Great Tusk|26/100|[from] Spikes
|-damage|p2a: Great Tusk|23/100|[from] Stealth Rock
|-activate|p2a: Great Tusk|ability: Protosynthesis
|-start|p2a: Great Tusk|protosynthesisatk
|turn|20
|
|t:|1760804888
|-terastallize|p2a: Great Tusk|Steel
|move|p1a: Primarina|Moonblast|p2a: Great Tusk
|-resisted|p2a: Great Tusk
|-damage|p2a: Great Tusk|0 fnt
|faint|p2a: Great Tusk
|-end|p2a: Great Tusk|Protosynthesis|[silent]
|
|win|tmrrxw
|raw|tmrrxw's rating: 1384 &rarr; <strong>1409</strong><br />(+25 for winning)
|raw|Joao V9898's rating: 1466 &rarr; <strong>1441</strong><br />(-25 for losing)
|l|☆Joao V9898
|player|p2|
