|j|☆sublimest tobias
|j|☆javi1410
|t:|1760798383
|gametype|singles
|player|p1|sublimest tobias|volkner-masters|1196
|player|p2|javi1410|2|1184
|gen|9
|tier|[Gen 9] OU
|rated|
|rule|HP Percentage Mod: HP is shown in percentages
|rule|Endless Battle Clause: Forcing endless battles is banned
|rule|Species Clause: Limit one of each Pokémon
|rule|OHKO Clause: OHKO moves are banned
|rule|Evasion Items Clause: Evasion items are banned
|rule|Evasion Moves Clause: Evasion moves are banned
|rule|Evasion Abilities Clause: Evasion abilities are banned
|rule|Sleep Moves Clause: Sleep-inducing moves are banned
|clearpoke
|poke|p1|Tyranitar, M|
|poke|p1|Gholdengo|
|poke|p1|Zamazenta-*|
|poke|p1|Rillaboom, F|
|poke|p1|Garchomp, M|
|poke|p1|Noivern, M|
|poke|p2|Umbreon, F|
|poke|p2|Corviknight, M|
|poke|p2|Ogerpon-Wellspring, F|
|poke|p2|Fezandipiti, M|
|poke|p2|Kyurem|
|poke|p2|Landorus-Therian, M|
|teampreview
|inactive|Battle timer is ON: inactive players will automatically lose when time's up. (requested by sublimest tobias)
|
|t:|1760798410
|teamsize|p1|6
|teamsize|p2|6
|start
|switch|p1a: Noivern|Noivern, M|100/100
|switch|p2a: Kyurem|Kyurem|100/100
|-item|p2a: Kyurem|Choice Specs|[from] ability: Frisk|[of] p1a: Noivern
|-ability|p2a: Kyurem|Pressure
|turn|1
|
|t:|1760798433
|move|p1a: Noivern|U-turn|p2a: Kyurem
|-damage|p2a: Kyurem|89/100
|
|t:|1760798435
|switch|p1a: Tyranitar|Tyranitar, M|100/100|[from] U-turn
|-weather|Sandstorm|[from] ability: Sand Stream|[of] p1a: Tyranitar
|move|p2a: Kyurem|Draco Meteor|p1a: Tyranitar
|-damage|p1a: Tyranitar|53/100
|-unboost|p2a: Kyurem|spa|2
|
|-weather|Sandstorm|[upkeep]
|-damage|p2a: Kyurem|83/100|[from] Sandstorm
|upkeep
|turn|2
|
|t:|1760798445
|switch|p2a: Corviknight|Corviknight, M|100/100
|-ability|p2a: Corviknight|Pressure
|move|p1a: Tyranitar|Knock Off|p2a: Corviknight
|-damage|p2a: Corviknight|73/100
|-damage|p1a: Tyranitar|36/100|[from] item: Rocky Helmet|[of] p2a: Corviknight
|-enditem|p2a: Corviknight|Rocky Helmet|[from] move: Knock Off|[of] p1a: Tyranitar
|
|-weather|Sandstorm|[upkeep]
|upkeep
|turn|3
|
|t:|1760798473
|switch|p1a: Noivern|Noivern, M|100/100
|move|p2a: Corviknight|U-turn|p1a: Noivern
|-resisted|p1a: Noivern
|-damage|p1a: Noivern|93/100
|inactive|javi1410 has 120 seconds left.
|
|t:|1760798483
|switch|p2a: Fezandipiti|Fezandipiti, M|100/100|[from] U-turn
|
|-weather|Sandstorm|[upkeep]
|-damage|p1a: Noivern|87/100|[from] Sandstorm
|-damage|p2a: Fezandipiti|94/100|[from] Sandstorm
|-heal|p2a: Fezandipiti|100/100|[from] item: Black Sludge
|upkeep
|turn|4
|
|t:|1760798492
|move|p1a: Noivern|Taunt|p2a: Fezandipiti
|-start|p2a: Fezandipiti|move: Taunt
|move|p2a: Fezandipiti|U-turn|p1a: Noivern
|-resisted|p1a: Noivern
|-damage|p1a: Noivern|78/100
|-status|p1a: Noivern|tox|[from] ability: Toxic Chain|[of] p2a: Fezandipiti
|
|t:|1760798502
|switch|p2a: Landorus|Landorus-Therian, M|100/100|[from] U-turn
|-ability|p2a: Landorus|Intimidate|boost
|-unboost|p1a: Noivern|atk|1
|
|-weather|Sandstorm|[upkeep]
|-damage|p1a: Noivern|72/100 tox|[from] Sandstorm
|-damage|p1a: Noivern|65/100 tox|[from] psn
|upkeep
|turn|5
|
|t:|1760798511
|move|p2a: Landorus|U-turn|p1a: Noivern
|-resisted|p1a: Noivern
|-damage|p1a: Noivern|52/100 tox
|
|t:|1760798514
|switch|p2a: Fezandipiti|Fezandipiti, M|100/100|[from] U-turn
|move|p1a: Noivern|Taunt|p2a: Fezandipiti
|-start|p2a: Fezandipiti|move: Taunt
|
|-weather|none
|-damage|p1a: Noivern|39/100 tox|[from] psn
|upkeep
|turn|6
|
|t:|1760798523
|move|p1a: Noivern|Tailwind|p1a: Noivern
|-sidestart|p1: sublimest tobias|move: Tailwind
|move|p2a: Fezandipiti|U-turn|p1a: Noivern
|-resisted|p1a: Noivern
|-damage|p1a: Noivern|31/100 tox
|
|t:|1760798530
|switch|p2a: Umbreon|Umbreon, F|100/100|[from] U-turn
|
|-damage|p1a: Noivern|13/100 tox|[from] psn
|upkeep
|turn|7
|
|t:|1760798539
|move|p1a: Noivern|Taunt|p2a: Umbreon
|-start|p2a: Umbreon|move: Taunt
|cant|p2a: Umbreon|move: Taunt|Moonlight
|
|-damage|p1a: Noivern|0 fnt|[from] psn
|faint|p1a: Noivern
|upkeep
|
|t:|1760798548
|switch|p1a: Garchomp|Garchomp, M|100/100
|turn|8
|
|t:|1760798552
|switch|p2a: Corviknight|Corviknight, M|73/100
|-ability|p2a: Corviknight|Pressure
|move|p1a: Garchomp|Stealth Rock|p2a: Corviknight
|-sidestart|p2: javi1410|move: Stealth Rock
|
|upkeep
|turn|9
|
|t:|1760798558
|move|p2a: Corviknight|Defog|p1a: Garchomp
|-unboost|p1a: Garchomp|evasion|1
|-sideend|p2: javi1410|Stealth Rock|[from] move: Defog|[of] p2a: Corviknight
|move|p1a: Garchomp|Dragon Tail|p2a: Corviknight
|-resisted|p2a: Corviknight
|-damage|p2a: Corviknight|65/100
|drag|p2a: Ogerpon|Ogerpon-Wellspring, F|100/100
|
|-sideend|p1: sublimest tobias|move: Tailwind
|upkeep
|turn|10
|
|t:|1760798576
|switch|p2a: Landorus|Landorus-Therian, M|100/100
|-ability|p2a: Landorus|Intimidate|boost
|-unboost|p1a: Garchomp|atk|1
|switch|p1a: Rillaboom|Rillaboom, F|100/100
|-fieldstart|move: Grassy Terrain|[from] ability: Grassy Surge|[of] p1a: Rillaboom
|
|upkeep
|turn|11
|
|t:|1760798587
|switch|p2a: Corviknight|Corviknight, M|65/100
|-ability|p2a: Corviknight|Pressure
|move|p1a: Rillaboom|Knock Off|p2a: Corviknight
|-damage|p2a: Corviknight|46/100
|-damage|p1a: Rillaboom|91/100|[from] item: Life Orb
|
|-heal|p1a: Rillaboom|97/100|[from] Grassy Terrain
|upkeep
|turn|12
|
|t:|1760798596
|move|p1a: Rillaboom|U-turn|p2a: Corviknight
|-resisted|p2a: Corviknight
|-damage|p2a: Corviknight|41/100
|-damage|p1a: Rillaboom|87/100|[from] item: Life Orb
|
|t:|1760798601
|switch|p1a: Garchomp|Garchomp, M|100/100|[from] U-turn
|move|p2a: Corviknight|Roost|p2a: Corviknight
|-heal|p2a: Corviknight|91/100
|-singleturn|p2a: Corviknight|move: Roost
|
|-heal|p2a: Corviknight|97/100|[from] Grassy Terrain
|upkeep
|turn|13
|
|t:|1760798610
|move|p1a: Garchomp|Spikes|p2a: Corviknight
|-sidestart|p2: javi1410|Spikes
|move|p2a: Corviknight|U-turn|p1a: Garchomp
|-damage|p1a: Garchomp|92/100
|-damage|p2a: Corviknight|85/100|[from] ability: Rough Skin|[of] p1a: Garchomp
|-damage|p2a: Corviknight|68/100|[from] item: Rocky Helmet|[of] p1a: Garchomp
|
|t:|1760798619
|switch|p2a: Landorus|Landorus-Therian, M|100/100|[from] U-turn
|-ability|p2a: Landorus|Intimidate|boost
|-unboost|p1a: Garchomp|atk|1
|
|-heal|p1a: Garchomp|98/100|[from] Grassy Terrain
|upkeep
|turn|14
|
|t:|1760798628
|move|p2a: Landorus|Stealth Rock|p1a: Garchomp
|-sidestart|p1: sublimest tobias|move: Stealth Rock
|move|p1a: Garchomp|Stealth Rock|p2a: Landorus
|-sidestart|p2: javi1410|move: Stealth Rock
|
|-heal|p1a: Garchomp|100/100|[from] Grassy Terrain
|-fieldend|move: Grassy Terrain
|upkeep
|turn|15
|
|t:|1760798635
|switch|p2a: Corviknight|Corviknight, M|68/100
|-damage|p2a: Corviknight|56/100|[from] Stealth Rock
|-ability|p2a: Corviknight|Pressure
|move|p1a: Garchomp|Dragon Tail|p2a: Corviknight
|-resisted|p2a: Corviknight
|-damage|p2a: Corviknight|50/100
|drag|p2a: Kyurem|Kyurem|83/100
|-damage|p2a: Kyurem|71/100|[from] Spikes
|-damage|p2a: Kyurem|46/100|[from] Stealth Rock
|-ability|p2a: Kyurem|Pressure
|
|upkeep
|turn|16
|
|t:|1760798649
|switch|p2a: Corviknight|Corviknight, M|50/100
|-damage|p2a: Corviknight|38/100|[from] Stealth Rock
|-ability|p2a: Corviknight|Pressure
|switch|p1a: Tyranitar|Tyranitar, M|36/100
|-damage|p1a: Tyranitar|24/100|[from] Stealth Rock
|-weather|Sandstorm|[from] ability: Sand Stream|[of] p1a: Tyranitar
|
|-weather|Sandstorm|[upkeep]
|upkeep
|turn|17
|
|t:|1760798664
|move|p1a: Tyranitar|Low Kick|p2a: Corviknight
|-damage|p2a: Corviknight|23/100
|move|p2a: Corviknight|Roost|p2a: Corviknight
|-heal|p2a: Corviknight|73/100
|-singleturn|p2a: Corviknight|move: Roost
|
|-weather|Sandstorm|[upkeep]
|upkeep
|turn|18
|inactive|javi1410 has 120 seconds left.
|
|t:|1760798704
|switch|p1a: Gholdengo|Gholdengo|100/100
|-damage|p1a: Gholdengo|94/100|[from] Stealth Rock
|-item|p1a: Gholdengo|Air Balloon
|move|p2a: Corviknight|Defog|p1a: Gholdengo
|-immune|p1a: Gholdengo|[from] ability: Good as Gold
|
|-weather|Sandstorm|[upkeep]
|upkeep
|turn|19
|
|t:|1760798722
|switch|p2a: Umbreon|Umbreon, F|100/100
|-damage|p2a: Umbreon|88/100|[from] Spikes
|-damage|p2a: Umbreon|76/100|[from] Stealth Rock
|move|p1a: Gholdengo|Thunder Wave|p2a: Umbreon|[miss]
|-miss|p1a: Gholdengo|p2a: Umbreon
|
|-weather|Sandstorm|[upkeep]
|-damage|p2a: Umbreon|70/100|[from] Sandstorm
|-heal|p2a: Umbreon|76/100|[from] item: Leftovers
|upkeep
|turn|20
|
|t:|1760798737
|switch|p1a: Tyranitar|Tyranitar, M|24/100
|-damage|p1a: Tyranitar|12/100|[from] Stealth Rock
|move|p2a: Umbreon|Foul Play|p1a: Tyranitar
|-resisted|p1a: Tyranitar
|-damage|p1a: Tyranitar|0 fnt
|faint|p1a: Tyranitar
|
|-weather|none
|-heal|p2a: Umbreon|82/100|[from] item: Leftovers
|upkeep
|
|t:|1760798739
|switch|p1a: Garchomp|Garchomp, M|100/100
|-damage|p1a: Garchomp|94/100|[from] Stealth Rock
|turn|21
|
|t:|1760798758
|move|p1a: Garchomp|Spikes|p2a: Umbreon
|-sidestart|p2: javi1410|Spikes
|move|p2a: Umbreon|Toxic|p1a: Garchomp
|-status|p1a: Garchomp|tox
|
|-heal|p2a: Umbreon|88/100|[from] item: Leftovers
|-damage|p1a: Garchomp|88/100 tox|[from] psn
|upkeep
|turn|22
|
|t:|1760798768
|move|p1a: Garchomp|Spikes|p2a: Umbreon
|-sidestart|p2: javi1410|Spikes
|move|p2a: Umbreon|Foul Play|p1a: Garchomp
|-damage|p1a: Garchomp|61/100 tox
|-damage|p2a: Umbreon|75/100|[from] ability: Rough Skin|[of] p1a: Garchomp
|-damage|p2a: Umbreon|59/100|[from] item: Rocky Helmet|[of] p1a: Garchomp
|
|-heal|p2a: Umbreon|65/100|[from] item: Leftovers
|-damage|p1a: Garchomp|48/100 tox|[from] psn
|upkeep
|turn|23
|
|t:|1760798778
|move|p1a: Garchomp|Earthquake|p2a: Umbreon
|-damage|p2a: Umbreon|30/100
|move|p2a: Umbreon|Moonlight|p2a: Umbreon
|-heal|p2a: Umbreon|80/100
|
|-heal|p2a: Umbreon|87/100|[from] item: Leftovers
|-damage|p1a: Garchomp|30/100 tox|[from] psn
|upkeep
|turn|24
|
|t:|1760798787
|switch|p1a: Zamazenta|Zamazenta|100/100
|-damage|p1a: Zamazenta|94/100|[from] Stealth Rock
|-ability|p1a: Zamazenta|Dauntless Shield|boost
|-boost|p1a: Zamazenta|def|1
|move|p2a: Umbreon|Moonlight|p2a: Umbreon
|-heal|p2a: Umbreon|100/100
|
|-heal|p1a: Zamazenta|100/100|[from] item: Leftovers
|upkeep
|turn|25
|
|t:|1760798796
|move|p1a: Zamazenta|Close Combat|p2a: Umbreon
|-supereffective|p2a: Umbreon
|-damage|p2a: Umbreon|0 fnt
|-unboost|p1a: Zamazenta|def|1
|-unboost|p1a: Zamazenta|spd|1
|faint|p2a: Umbreon
|
|upkeep
|
|t:|1760798810
|switch|p2a: Corviknight|Corviknight, M|73/100
|-damage|p2a: Corviknight|60/100|[from] Stealth Rock
|-ability|p2a: Corviknight|Pressure
|turn|26
|
|t:|1760798815
|switch|p1a: Gholdengo|Gholdengo|94/100
|-damage|p1a: Gholdengo|88/100|[from] Stealth Rock
|-item|p1a: Gholdengo|Air Balloon
|move|p2a: Corviknight|U-turn|p1a: Gholdengo
|-resisted|p1a: Gholdengo
|-damage|p1a: Gholdengo|86/100
|-enditem|p1a: Gholdengo|Air Balloon
|
|t:|1760798824
|switch|p2a: Landorus|Landorus-Therian, M|100/100|[from] U-turn
|-damage|p2a: Landorus|88/100|[from] Stealth Rock
|-ability|p2a: Landorus|Intimidate|boost
|-unboost|p1a: Gholdengo|atk|1
|
|upkeep
|turn|27
|inactive|javi1410 has 120 seconds left.
|
|t:|1760798832
|switch|p1a: Rillaboom|Rillaboom, F|87/100
|-damage|p1a: Rillaboom|74/100|[from] Stealth Rock
|-fieldstart|move: Grassy Terrain|[from] ability: Grassy Surge|[of] p1a: Rillaboom
|move|p2a: Landorus|Earthquake|p1a: Rillaboom
|-resisted|p1a: Rillaboom
|-damage|p1a: Rillaboom|60/100
|
|-heal|p1a: Rillaboom|66/100|[from] Grassy Terrain
|upkeep
|turn|28
|
|t:|1760798841
|switch|p2a: Corviknight|Corviknight, M|60/100
|-damage|p2a: Corviknight|48/100|[from] Stealth Rock
|-ability|p2a: Corviknight|Pressure
|switch|p1a: Garchomp|Garchomp, M|30/100 tox
|-damage|p1a: Garchomp|24/100 tox|[from] Stealth Rock
|
|-heal|p1a: Garchomp|30/100 tox|[from] Grassy Terrain
|-damage|p1a: Garchomp|24/100 tox|[from] psn
|upkeep
|turn|29
|
|t:|1760798852
|move|p2a: Corviknight|Roost|p2a: Corviknight
|-heal|p2a: Corviknight|98/100
|-singleturn|p2a: Corviknight|move: Roost
|move|p1a: Garchomp|Dragon Tail|p2a: Corviknight
|-resisted|p2a: Corviknight
|-damage|p2a: Corviknight|90/100
|drag|p2a: Landorus|Landorus-Therian, M|88/100
|-damage|p2a: Landorus|75/100|[from] Stealth Rock
|-ability|p2a: Landorus|Intimidate|boost
|-unboost|p1a: Garchomp|atk|1
|
|-heal|p1a: Garchomp|30/100 tox|[from] Grassy Terrain
|-damage|p1a: Garchomp|17/100 tox|[from] psn
|upkeep
|turn|30
|
|t:|1760798865
|move|p2a: Landorus|Earthquake|p1a: Garchomp
|-damage|p1a: Garchomp|0 fnt
|faint|p1a: Garchomp
|
|upkeep
|
|t:|1760798869
|switch|p1a: Zamazenta|Zamazenta|100/100
|-damage|p1a: Zamazenta|94/100|[from] Stealth Rock
|turn|31
|
|t:|1760798877
|switch|p2a: Corviknight|Corviknight, M|90/100
|-damage|p2a: Corviknight|78/100|[from] Stealth Rock
|-ability|p2a: Corviknight|Pressure
|move|p1a: Zamazenta|Crunch|p2a: Corviknight
|-damage|p2a: Corviknight|61/100
|
|-heal|p1a: Zamazenta|100/100|[from] Grassy Terrain
|-fieldend|move: Grassy Terrain
|upkeep
|turn|32
|
|t:|1760798887
|switch|p1a: Gholdengo|Gholdengo|86/100
|-damage|p1a: Gholdengo|80/100|[from] Stealth Rock
|move|p2a: Corviknight|Defog|p1a: Gholdengo
|-immune|p1a: Gholdengo|[from] ability: Good as Gold
|
|upkeep
|turn|33
|
|t:|1760798897
|move|p1a: Gholdengo|Hex|p2a: Corviknight
|-damage|p2a: Corviknight|32/100
|move|p2a: Corviknight|Roost|p2a: Corviknight
|-heal|p2a: Corviknight|82/100
|-singleturn|p2a: Corviknight|move: Roost
|
|upkeep
|turn|34
|
|t:|1760798915
|move|p1a: Gholdengo|Thunder Wave|p2a: Corviknight
|-status|p2a: Corviknight|par
|move|p2a: Corviknight|U-turn|p1a: Gholdengo
|-resisted|p1a: Gholdengo
|-damage|p1a: Gholdengo|77/100
|
|t:|1760798921
|switch|p2a: Landorus|Landorus-Therian, M|75/100|[from] U-turn
|-damage|p2a: Landorus|63/100|[from] Stealth Rock
|-ability|p2a: Landorus|Intimidate|boost
|-unboost|p1a: Gholdengo|atk|1
|
|upkeep
|turn|35
|
|t:|1760798927
|switch|p1a: Zamazenta|Zamazenta|100/100
|-damage|p1a: Zamazenta|94/100|[from] Stealth Rock
|move|p2a: Landorus|U-turn|p1a: Zamazenta
|-resisted|p1a: Zamazenta
|-damage|p1a: Zamazenta|81/100
|
|t:|1760798934
|switch|p2a: Fezandipiti|Fezandipiti, M|100/100|[from] U-turn
|-damage|p2a: Fezandipiti|75/100|[from] Spikes
|-damage|p2a: Fezandipiti|63/100|[from] Stealth Rock
|
|-heal|p1a: Zamazenta|88/100|[from] item: Leftovers
|-heal|p2a: Fezandipiti|69/100|[from] item: Black Sludge
|upkeep
|turn|36
|
|t:|1760798944
|move|p1a: Zamazenta|Heavy Slam|p2a: Fezandipiti
|-supereffective|p2a: Fezandipiti
|-damage|p2a: Fezandipiti|0 fnt
|faint|p2a: Fezandipiti
|
|-heal|p1a: Zamazenta|94/100|[from] item: Leftovers
|upkeep
|-message|javi1410 forfeited.
|
|win|sublimest tobias
|raw|sublimest tobias's rating: 1196 &rarr; <strong>1220</strong><br />(+24 for winning)
|raw|javi1410's rating: 1184 &rarr; <strong>1160</strong><br />(-24 for losing)
|l|☆javi1410
|player|p2|
