|j|☆anewajou
|j|☆pantuxd
|t:|1760728390
|gametype|singles
|player|p1|anewajou|266|1464
|player|p2|pantuxd|101|1449
|gen|9
|tier|[Gen 9] OU
|rated|
|rule|HP Percentage Mod: HP is shown in percentages
|rule|Endless Battle Clause: Forcing endless battles is banned
|rule|Species Clause: Limit one of each Pokémon
|rule|OHKO Clause: OHKO moves are banned
|rule|Evasion Items Clause: Evasion items are banned
|rule|Evasion Moves Clause: Evasion moves are banned
|rule|Evasion Abilities Clause: Evasion abilities are banned
|rule|Sleep Moves Clause: Sleep-inducing moves are banned
|clearpoke
|poke|p1|Frosmoth, M|
|poke|p1|Heatran, M|
|poke|p1|Ninetales-Alola, M|
|poke|p1|Dragapult, M|
|poke|p1|Quaquaval, F|
|poke|p1|Conkeldurr, F|
|poke|p2|Carbink, L1|
|poke|p2|Braviary-Hisui, M|
|poke|p2|Ursaluna, F|
|poke|p2|Kingambit, M|
|poke|p2|Iron Hands|
|poke|p2|Hatterene, F|
|teampreview
|inactive|Battle timer is ON: inactive players will automatically lose when time's up. (requested by pantuxd)
|inactive|anewajou has 120 seconds left.
|
|t:|1760728442
|teamsize|p1|6
|teamsize|p2|6
|start
|switch|p1a: Quaquaval|Quaquaval, F|100/100
|switch|p2a: Carbink|Carbink, L1|100/100
|turn|1
|
|t:|1760728459
|move|p1a: Quaquaval|Triple Axel|p2a: Carbink|[miss]
|-miss|p1a: Quaquaval|p2a: Carbink
|move|p2a: Carbink|Trick Room|p2a: Carbink
|-fieldstart|move: Trick Room|[of] p2a: Carbink
|
|-damage|p2a: Carbink|92/100|[from] item: Black Sludge
|upkeep
|turn|2
|
|t:|1760728466
|move|p2a: Carbink|Endeavor|p1a: Quaquaval
|-damage|p1a: Quaquaval|4/100
|move|p1a: Quaquaval|Triple Axel|p2a: Carbink
|-damage|p2a: Carbink|0 fnt
|faint|p2a: Carbink
|-ability|p1a: Quaquaval|Moxie|boost
|-boost|p1a: Quaquaval|atk|1
|-hitcount|p2: Carbink|1
|
|upkeep
|
|t:|1760728477
|switch|p2a: Braviary|Braviary-Hisui, M|100/100
|turn|3
|
|t:|1760728486
|switch|p1a: Heatran|Heatran, M|100/100
|-item|p1a: Heatran|Air Balloon
|move|p2a: Braviary|Psychic|p1a: Heatran
|-resisted|p1a: Heatran
|-damage|p1a: Heatran|68/100
|-enditem|p1a: Heatran|Air Balloon
|
|upkeep
|turn|4
|
|t:|1760728490
|move|p2a: Braviary|Vacuum Wave|p1a: Heatran
|-supereffective|p1a: Heatran
|-damage|p1a: Heatran|36/100
|-damage|p2a: Braviary|91/100|[from] item: Life Orb
|move|p1a: Heatran|Stealth Rock|p2a: Braviary
|-sidestart|p2: pantuxd|move: Stealth Rock
|
|upkeep
|turn|5
|
|t:|1760728507
|move|p2a: Braviary|Vacuum Wave|p1a: Heatran
|-supereffective|p1a: Heatran
|-damage|p1a: Heatran|4/100
|-damage|p2a: Braviary|81/100|[from] item: Life Orb
|move|p1a: Heatran|Will-O-Wisp|p2a: Braviary
|-status|p2a: Braviary|brn
|
|-damage|p2a: Braviary|74/100 brn|[from] brn
|-fieldend|move: Trick Room
|upkeep
|turn|6
|
|t:|1760728517
|move|p2a: Braviary|Vacuum Wave|p1a: Heatran
|-supereffective|p1a: Heatran
|-damage|p1a: Heatran|0 fnt
|faint|p1a: Heatran
|-damage|p2a: Braviary|65/100 brn|[from] item: Life Orb
|
|-damage|p2a: Braviary|58/100 brn|[from] brn
|upkeep
|
|t:|1760728526
|switch|p1a: Ninetales|Ninetales-Alola, M|100/100
|-weather|Snowscape|[from] ability: Snow Warning|[of] p1a: Ninetales
|turn|7
|
|t:|1760728530
|move|p1a: Ninetales|Aurora Veil|p1a: Ninetales
|-sidestart|p1: anewajou|move: Aurora Veil
|move|p2a: Braviary|Heat Wave|p1a: Ninetales
|-supereffective|p1a: Ninetales
|-damage|p1a: Ninetales|42/100
|
|-weather|Snowscape|[upkeep]
|-damage|p2a: Braviary|52/100 brn|[from] brn
|upkeep
|turn|8
|
|t:|1760728557
|move|p1a: Ninetales|Freeze-Dry|p2a: Braviary
|-supereffective|p2a: Braviary
|-damage|p2a: Braviary|12/100 brn
|move|p2a: Braviary|Heat Wave|p1a: Ninetales
|-supereffective|p1a: Ninetales
|-damage|p1a: Ninetales|0 fnt
|faint|p1a: Ninetales
|
|-weather|Snowscape|[upkeep]
|-damage|p2a: Braviary|6/100 brn|[from] brn
|upkeep
|inactive|anewajou has 120 seconds left.
|
|t:|1760728568
|switch|p1a: Dragapult|Dragapult, M|100/100
|turn|9
|
|t:|1760728571
|move|p1a: Dragapult|Dragon Dance|p1a: Dragapult
|-boost|p1a: Dragapult|atk|1
|-boost|p1a: Dragapult|spe|1
|move|p2a: Braviary|Psychic|p1a: Dragapult
|-damage|p1a: Dragapult|41/100
|
|-weather|Snowscape|[upkeep]
|-damage|p2a: Braviary|0 fnt|[from] brn
|faint|p2a: Braviary
|upkeep
|
|t:|1760728582
|switch|p2a: Kingambit|Kingambit, M|100/100
|-damage|p2a: Kingambit|94/100|[from] Stealth Rock
|-activate|p2a: Kingambit|ability: Supreme Overlord
|-start|p2a: Kingambit|fallen2|[silent]
|turn|10
|
|t:|1760728586
|move|p2a: Kingambit|Sucker Punch||[still]
|-fail|p2a: Kingambit
|move|p1a: Dragapult|Will-O-Wisp|p2a: Kingambit|[miss]
|-miss|p1a: Dragapult|p2a: Kingambit
|
|-weather|Snowscape|[upkeep]
|upkeep
|turn|11
|
|t:|1760728593
|move|p1a: Dragapult|Will-O-Wisp|p2a: Kingambit
|-status|p2a: Kingambit|brn
|move|p2a: Kingambit|Kowtow Cleave|p1a: Dragapult
|-supereffective|p1a: Dragapult
|-damage|p1a: Dragapult|0 fnt
|faint|p1a: Dragapult
|
|-weather|none
|-damage|p2a: Kingambit|88/100 brn|[from] brn
|upkeep
|
|t:|1760728599
|switch|p1a: Quaquaval|Quaquaval, F|4/100
|turn|12
|
|t:|1760728615
|move|p1a: Quaquaval|Upper Hand|p2a: Kingambit
|-supereffective|p2a: Kingambit
|-damage|p2a: Kingambit|0 fnt
|faint|p2a: Kingambit
|-end|p2a: Kingambit|fallen2|[silent]
|-ability|p1a: Quaquaval|Moxie|boost
|-boost|p1a: Quaquaval|atk|1
|
|upkeep
|
|t:|1760728619
|switch|p2a: Hatterene|Hatterene, F|100/100
|-damage|p2a: Hatterene|88/100|[from] Stealth Rock
|turn|13
|
|t:|1760728622
|move|p1a: Quaquaval|Aqua Step|p2a: Hatterene
|-damage|p2a: Hatterene|13/100
|-boost|p1a: Quaquaval|spe|1
|move|p2a: Hatterene|Trick Room|p2a: Hatterene
|-fieldstart|move: Trick Room|[of] p2a: Hatterene
|
|upkeep
|turn|14
|
|t:|1760728639
|move|p2a: Hatterene|Healing Wish|p2a: Hatterene
|faint|p2a: Hatterene
|move|p1a: Quaquaval|Aqua Step|p2: Hatterene|[notarget]
|-fail|p1a: Quaquaval
|
|-sideend|p1: anewajou|move: Aurora Veil
|upkeep
|
|t:|1760728642
|switch|p2a: Ursaluna|Ursaluna, F|100/100
|-damage|p2a: Ursaluna|94/100|[from] Stealth Rock
|turn|15
|
|t:|1760728647
|switch|p1a: Conkeldurr|Conkeldurr, F|100/100
|move|p2a: Ursaluna|Facade|p1a: Conkeldurr
|-damage|p1a: Conkeldurr|59/100
|
|-heal|p1a: Conkeldurr|65/100|[from] item: Leftovers
|-status|p2a: Ursaluna|brn|[from] item: Flame Orb
|upkeep
|turn|16
|
|t:|1760728654
|move|p1a: Conkeldurr|Mach Punch|p2a: Ursaluna
|-supereffective|p2a: Ursaluna
|-damage|p2a: Ursaluna|58/100 brn
|move|p2a: Ursaluna|Facade|p1a: Conkeldurr
|-damage|p1a: Conkeldurr|0 fnt
|faint|p1a: Conkeldurr
|
|-damage|p2a: Ursaluna|52/100 brn|[from] brn
|upkeep
|
|t:|1760728675
|switch|p1a: Quaquaval|Quaquaval, F|4/100
|turn|17
|
|t:|1760728679
|move|p2a: Ursaluna|Facade|p1a: Quaquaval
|-damage|p1a: Quaquaval|0 fnt
|faint|p1a: Quaquaval
|
|-damage|p2a: Ursaluna|46/100 brn|[from] brn
|-fieldend|move: Trick Room
|upkeep
|
|t:|1760728681
|switch|p1a: Frosmoth|Frosmoth, M|100/100
|turn|18
|
|t:|1760728690
|move|p1a: Frosmoth|Quiver Dance|p1a: Frosmoth
|-boost|p1a: Frosmoth|spa|1
|-boost|p1a: Frosmoth|spd|1
|-boost|p1a: Frosmoth|spe|1
|move|p2a: Ursaluna|Facade|p1a: Frosmoth
|-damage|p1a: Frosmoth|0 fnt
|faint|p1a: Frosmoth
|
|win|pantuxd
|raw|anewajou's rating: 1464 &rarr; <strong>1443</strong><br />(-21 for losing)
|raw|pantuxd's rating: 1449 &rarr; <strong>1470</strong><br />(+21 for winning)
|l|☆anewajou
|player|p1|
|l|☆pantuxd
|player|p2|
