|j|☆Brigadi25
|j|☆kargreyy
|t:|1760804223
|gametype|singles
|player|p1|Brigadi25|bugcatcher-gen4dp|1307
|player|p2|kargreyy|169|1372
|gen|9
|tier|[Gen 9] OU
|rated|
|rule|HP Percentage Mod: HP is shown in percentages
|rule|Endless Battle Clause: Forcing endless battles is banned
|rule|Species Clause: Limit one of each Pokémon
|rule|OHKO Clause: OHKO moves are banned
|rule|Evasion Items Clause: Evasion items are banned
|rule|Evasion Moves Clause: Evasion moves are banned
|rule|Evasion Abilities Clause: Evasion abilities are banned
|rule|Sleep Moves Clause: Sleep-inducing moves are banned
|clearpoke
|poke|p1|Kleavor, F|
|poke|p1|Ogerpon-Wellspring, F|
|poke|p1|Tornadus-Therian, M|
|poke|p1|Goodra, M|
|poke|p1|Serperior, M|
|poke|p1|Iron Treads|
|poke|p2|Ogerpon, F|
|poke|p2|Alomomola, F|
|poke|p2|Slowking-Galar, M|
|poke|p2|Keldeo-Resolute|
|poke|p2|Garganacl, F|
|poke|p2|Braviary-Hisui, M|
|teampreview
|inactive|Battle timer is ON: inactive players will automatically lose when time's up. (requested by Brigadi25)
|inactive|kargreyy has 120 seconds left.
|
|t:|1760804257
|teamsize|p1|6
|teamsize|p2|6
|start
|switch|p1a: Kleavor|Kleavor, F|100/100
|switch|p2a: Keldeo|Keldeo-Resolute|100/100
|turn|1
|
|t:|1760804274
|move|p1a: Kleavor|U-turn|p2a: Keldeo
|-resisted|p2a: Keldeo
|-damage|p2a: Keldeo|79/100
|
|t:|1760804277
|switch|p1a: Tornadus|Tornadus-Therian, M|100/100|[from] U-turn
|move|p2a: Keldeo|Hydro Pump|p1a: Tornadus
|-damage|p1a: Tornadus|37/100
|
|-heal|p2a: Keldeo|85/100|[from] item: Leftovers
|upkeep
|turn|2
|
|t:|1760804288
|switch|p2a: Slowking|Slowking-Galar, M, shiny|100/100
|move|p1a: Tornadus|Bleakwind Storm|p2a: Slowking
|-damage|p2a: Slowking|80/100
|-unboost|p2a: Slowking|spe|1
|
|upkeep
|turn|3
|
|t:|1760804295
|move|p1a: Tornadus|Taunt|p2a: Slowking
|-start|p2a: Slowking|move: Taunt
|move|p2a: Slowking|Future Sight|p1a: Tornadus
|-start|p2a: Slowking|move: Future Sight
|
|upkeep
|turn|4
|
|t:|1760804303
|move|p1a: Tornadus|U-turn|p2a: Slowking
|-damage|p2a: Slowking|63/100
|
|t:|1760804306
|switch|p1a: Iron Treads|Iron Treads|100/100|[from] U-turn
|move|p2a: Slowking|Psyshock|p1a: Iron Treads
|-resisted|p1a: Iron Treads
|-damage|p1a: Iron Treads|83/100
|
|upkeep
|turn|5
|
|t:|1760804318
|switch|p2a: Alomomola|Alomomola, F, shiny|100/100
|move|p1a: Iron Treads|Earthquake|p2a: Alomomola
|-damage|p2a: Alomomola|74/100
|
|-end|p1a: Iron Treads|move: Future Sight
|-resisted|p1a: Iron Treads
|-damage|p1a: Iron Treads|55/100
|upkeep
|turn|6
|
|t:|1760804327
|move|p1a: Iron Treads|Volt Switch|p2a: Alomomola
|-supereffective|p2a: Alomomola
|-damage|p2a: Alomomola|45/100
|
|t:|1760804330
|-end|p1a: Iron Treads|Quark Drive|[silent]
|switch|p1a: Ogerpon|Ogerpon-Wellspring, F|100/100|[from] Volt Switch
|move|p2a: Alomomola|Wish|p2a: Alomomola
|
|upkeep
|turn|7
|
|t:|1760804349
|switch|p1a: Iron Treads|Iron Treads|55/100
|switch|p2a: Anonymous|Ogerpon, F|100/100
|
|upkeep
|turn|8
|
|t:|1760804364
|-end|p1a: Iron Treads|Quark Drive|[silent]
|switch|p1a: Tornadus|Tornadus-Therian, M|70/100
|move|p2a: Anonymous|Ivy Cudgel|p1a: Tornadus
|-resisted|p1a: Tornadus
|-damage|p1a: Tornadus|27/100
|
|upkeep
|turn|9
|
|t:|1760804373
|switch|p1a: Goodra|Goodra, M|100/100
|-terastallize|p2a: Anonymous|Grass
|detailschange|p2a: Anonymous|Ogerpon-Teal-Tera, F, tera:Grass
|-ability|p2a: Anonymous|Embody Aspect (Teal)|boost
|-boost|p2a: Anonymous|spe|1
|move|p2a: Anonymous|Ivy Cudgel|p1a: Goodra
|-ability|p1a: Goodra|Sap Sipper|boost
|-boost|p1a: Goodra|atk|1
|
|upkeep
|turn|10
|
|t:|1760804387
|switch|p2a: Slowking|Slowking-Galar, M, shiny|96/100
|move|p1a: Goodra|Sludge Bomb|p2a: Slowking
|-resisted|p2a: Slowking
|-damage|p2a: Slowking|89/100
|
|upkeep
|turn|11
|
|t:|1760804402
|switch|p1a: Iron Treads|Iron Treads|55/100
|move|p2a: Slowking|Future Sight|p1a: Iron Treads
|-start|p2a: Slowking|move: Future Sight
|
|upkeep
|turn|12
|
|t:|1760804411
|switch|p2a: Alomomola|Alomomola, F, shiny|78/100
|move|p1a: Iron Treads|Earthquake|p2a: Alomomola
|-damage|p2a: Alomomola|52/100
|
|upkeep
|turn|13
|
|t:|1760804416
|move|p1a: Iron Treads|Volt Switch|p2a: Alomomola
|-supereffective|p2a: Alomomola
|-damage|p2a: Alomomola|27/100
|
|t:|1760804419
|-end|p1a: Iron Treads|Quark Drive|[silent]
|switch|p1a: Ogerpon|Ogerpon-Wellspring, F|100/100|[from] Volt Switch
|move|p2a: Alomomola|Wish|p2a: Alomomola
|
|-end|p1a: Ogerpon|move: Future Sight
|-damage|p1a: Ogerpon|27/100
|upkeep
|turn|14
|
|t:|1760804428
|switch|p2a: Anonymous|Ogerpon-Teal-Tera, F, tera:Grass|100/100
|-ability|p2a: Anonymous|Embody Aspect (Teal)|boost
|-boost|p2a: Anonymous|spe|1
|move|p1a: Ogerpon|U-turn|p2a: Anonymous
|-supereffective|p2a: Anonymous
|-damage|p2a: Anonymous|22/100
|
|t:|1760804439
|switch|p1a: Goodra|Goodra, M|100/100|[from] U-turn
|
|-heal|p2a: Anonymous|100/100|[from] move: Wish|[wisher] Alomomola
|upkeep
|turn|15
|
|t:|1760804447
|switch|p2a: Slowking|Slowking-Galar, M, shiny|100/100
|move|p1a: Goodra|Fire Blast|p2a: Slowking
|-damage|p2a: Slowking|83/100
|
|upkeep
|turn|16
|
|t:|1760804461
|switch|p1a: Kleavor|Kleavor, F|100/100
|move|p2a: Slowking|Future Sight|p1a: Kleavor
|-start|p2a: Slowking|move: Future Sight
|
|upkeep
|turn|17
|
|t:|1760804470
|switch|p2a: Garganacl|Garganacl, F, shiny|100/100
|move|p1a: Kleavor|Stone Axe|p2a: Garganacl
|-damage|p2a: Garganacl|68/100
|-sidestart|p2: kargreyy|move: Stealth Rock
|
|-heal|p2a: Garganacl|75/100|[from] item: Leftovers
|upkeep
|turn|18
|
|t:|1760804480
|move|p1a: Kleavor|Stone Axe|p2a: Garganacl
|-damage|p2a: Garganacl|43/100
|move|p2a: Garganacl|Iron Defense|p2a: Garganacl
|-boost|p2a: Garganacl|def|2
|
|-end|p1a: Kleavor|move: Future Sight
|-damage|p1a: Kleavor|0 fnt
|faint|p1a: Kleavor
|-heal|p2a: Garganacl|49/100|[from] item: Leftovers
|upkeep
|
|t:|1760804489
|switch|p1a: Serperior|Serperior, M|100/100
|turn|19
|
|t:|1760804495
|switch|p2a: Slowking|Slowking-Galar, M, shiny|100/100
|-damage|p2a: Slowking|88/100|[from] Stealth Rock
|move|p1a: Serperior|Substitute|p1a: Serperior
|-start|p1a: Serperior|Substitute
|-damage|p1a: Serperior|76/100
|
|-heal|p1a: Serperior|82/100|[from] item: Leftovers
|upkeep
|turn|20
|
|t:|1760804503
|move|p1a: Serperior|Leech Seed|p2a: Slowking
|-start|p2a: Slowking|move: Leech Seed
|move|p2a: Slowking|Future Sight|p1a: Serperior
|-start|p2a: Slowking|move: Future Sight
|
|-heal|p1a: Serperior|88/100|[from] item: Leftovers
|-damage|p2a: Slowking|76/100|[from] Leech Seed|[of] p1a: Serperior
|-heal|p1a: Serperior|99/100|[silent]
|upkeep
|turn|21
|
|t:|1760804515
|switch|p2a: Braviary|Braviary-Hisui, M|100/100
|-damage|p2a: Braviary|76/100|[from] Stealth Rock
|move|p1a: Serperior|Glare|p2a: Braviary
|-status|p2a: Braviary|par
|
|-heal|p1a: Serperior|100/100|[from] item: Leftovers
|upkeep
|turn|22
|
|t:|1760804531
|move|p1a: Serperior|Leaf Storm|p2a: Braviary
|-resisted|p2a: Braviary
|-damage|p2a: Braviary|53/100 par
|-boost|p1a: Serperior|spa|2
|move|p2a: Braviary|Heat Wave|p1a: Serperior
|-supereffective|p1a: Serperior
|-end|p1a: Serperior|Substitute
|
|-end|p1a: Serperior|move: Future Sight
|-damage|p1a: Serperior|40/100
|-heal|p1a: Serperior|47/100|[from] item: Leftovers
|upkeep
|turn|23
|
|t:|1760804545
|move|p1a: Serperior|Substitute|p1a: Serperior
|-start|p1a: Serperior|Substitute
|-damage|p1a: Serperior|22/100
|move|p2a: Braviary|Heat Wave|p1a: Serperior
|-supereffective|p1a: Serperior
|-end|p1a: Serperior|Substitute
|
|-heal|p1a: Serperior|28/100|[from] item: Leftovers
|upkeep
|turn|24
|
|t:|1760804554
|move|p1a: Serperior|Substitute|p1a: Serperior
|-start|p1a: Serperior|Substitute
|-damage|p1a: Serperior|3/100
|cant|p2a: Braviary|par
|
|-heal|p1a: Serperior|9/100|[from] item: Leftovers
|upkeep
|turn|25
|
|t:|1760804560
|move|p1a: Serperior|Leech Seed|p2a: Braviary
|-start|p2a: Braviary|move: Leech Seed
|move|p2a: Braviary|Heat Wave|p1a: Serperior
|-supereffective|p1a: Serperior
|-end|p1a: Serperior|Substitute
|
|-heal|p1a: Serperior|15/100|[from] item: Leftovers
|-damage|p2a: Braviary|41/100 par|[from] Leech Seed|[of] p1a: Serperior
|-heal|p1a: Serperior|28/100|[silent]
|upkeep
|turn|26
|
|t:|1760804573
|move|p1a: Serperior|Leaf Storm|p2a: Braviary
|-resisted|p2a: Braviary
|-damage|p2a: Braviary|0 fnt
|-boost|p1a: Serperior|spa|2
|faint|p2a: Braviary
|
|-heal|p1a: Serperior|35/100|[from] item: Leftovers
|upkeep
|
|t:|1760804580
|switch|p2a: Anonymous|Ogerpon-Teal-Tera, F, tera:Grass|100/100
|-damage|p2a: Anonymous|88/100|[from] Stealth Rock
|-ability|p2a: Anonymous|Embody Aspect (Teal)|boost
|-boost|p2a: Anonymous|spe|1
|turn|27
|
|t:|1760804595
|switch|p1a: Goodra|Goodra, M|100/100
|move|p2a: Anonymous|Play Rough|p1a: Goodra
|-supereffective|p1a: Goodra
|-damage|p1a: Goodra|0 fnt
|faint|p1a: Goodra
|
|upkeep
|
|t:|1760804604
|switch|p1a: Tornadus|Tornadus-Therian, M|60/100
|turn|28
|
|t:|1760804611
|switch|p2a: Slowking|Slowking-Galar, M, shiny|100/100
|-damage|p2a: Slowking|88/100|[from] Stealth Rock
|move|p1a: Tornadus|Taunt|p2a: Slowking
|-start|p2a: Slowking|move: Taunt
|
|upkeep
|turn|29
|
|t:|1760804618
|move|p1a: Tornadus|U-turn|p2a: Slowking
|-damage|p2a: Slowking|71/100
|
|t:|1760804621
|switch|p1a: Ogerpon|Ogerpon-Wellspring, F|27/100|[from] U-turn
|move|p2a: Slowking|Future Sight|p1a: Ogerpon
|-start|p2a: Slowking|move: Future Sight
|
|upkeep
|turn|30
|
|t:|1760804631
|move|p1a: Ogerpon|Knock Off|p2a: Slowking
|-supereffective|p2a: Slowking
|-damage|p2a: Slowking|0 fnt
|-enditem|p2a: Slowking|Assault Vest|[from] move: Knock Off|[of] p1a: Ogerpon
|faint|p2a: Slowking
|
|upkeep
|
|t:|1760804638
|switch|p2a: Anonymous|Ogerpon-Teal-Tera, F, tera:Grass|88/100
|-damage|p2a: Anonymous|76/100|[from] Stealth Rock
|-ability|p2a: Anonymous|Embody Aspect (Teal)|boost
|-boost|p2a: Anonymous|spe|1
|turn|31
|
|t:|1760804649
|move|p2a: Anonymous|Ivy Cudgel|p1a: Ogerpon
|-damage|p1a: Ogerpon|0 fnt
|faint|p1a: Ogerpon
|
|-hint|Future Sight did not hit because the target is fainted.
|upkeep
|
|t:|1760804654
|switch|p1a: Tornadus|Tornadus-Therian, M|93/100
|turn|32
|
|t:|1760804668
|switch|p2a: Garganacl|Garganacl, F, shiny|49/100
|-damage|p2a: Garganacl|36/100|[from] Stealth Rock
|move|p1a: Tornadus|Bleakwind Storm|p2a: Garganacl
|-resisted|p2a: Garganacl
|-damage|p2a: Garganacl|22/100
|
|-heal|p2a: Garganacl|28/100|[from] item: Leftovers
|upkeep
|turn|33
|
|t:|1760804677
|move|p1a: Tornadus|Taunt|p2a: Garganacl
|-start|p2a: Garganacl|move: Taunt
|move|p2a: Garganacl|Salt Cure|p1a: Tornadus
|-supereffective|p1a: Tornadus
|-damage|p1a: Tornadus|64/100
|-start|p1a: Tornadus|Salt Cure
|
|-heal|p2a: Garganacl|34/100|[from] item: Leftovers
|-damage|p1a: Tornadus|52/100|[from] Salt Cure
|upkeep
|turn|34
|
|t:|1760804689
|move|p1a: Tornadus|U-turn|p2a: Garganacl
|-crit|p2a: Garganacl
|-damage|p2a: Garganacl|23/100
|
|t:|1760804693
|switch|p1a: Serperior|Serperior, M|35/100|[from] U-turn
|move|p2a: Garganacl|Salt Cure|p1a: Serperior
|-damage|p1a: Serperior|20/100
|-start|p1a: Serperior|Salt Cure
|
|-heal|p1a: Serperior|27/100|[from] item: Leftovers
|-heal|p2a: Garganacl|29/100|[from] item: Leftovers
|-damage|p1a: Serperior|14/100|[from] Salt Cure
|upkeep
|turn|35
|
|t:|1760804709
|switch|p2a: Anonymous|Ogerpon-Teal-Tera, F, tera:Grass|76/100
|-damage|p2a: Anonymous|64/100|[from] Stealth Rock
|-ability|p2a: Anonymous|Embody Aspect (Teal)|boost
|-boost|p2a: Anonymous|spe|1
|move|p1a: Serperior|Leaf Storm|p2a: Anonymous
|-resisted|p2a: Anonymous
|-damage|p2a: Anonymous|41/100
|-boost|p1a: Serperior|spa|2
|
|-heal|p1a: Serperior|20/100|[from] item: Leftovers
|-damage|p1a: Serperior|8/100|[from] Salt Cure
|upkeep
|turn|36
|
|t:|1760804725
|move|p2a: Anonymous|Ivy Cudgel|p1a: Serperior
|-resisted|p1a: Serperior
|-damage|p1a: Serperior|0 fnt
|faint|p1a: Serperior
|
|upkeep
|
|t:|1760804729
|switch|p1a: Tornadus|Tornadus-Therian, M|85/100
|turn|37
|
|t:|1760804738
|switch|p2a: Garganacl|Garganacl, F, shiny|29/100
|-damage|p2a: Garganacl|16/100|[from] Stealth Rock
|move|p1a: Tornadus|Bleakwind Storm|p2a: Garganacl
|-resisted|p2a: Garganacl
|-damage|p2a: Garganacl|0 fnt
|faint|p2a: Garganacl
|
|upkeep
|
|t:|1760804745
|switch|p2a: Keldeo|Keldeo-Resolute|85/100
|-damage|p2a: Keldeo|79/100|[from] Stealth Rock
|turn|38
|
|t:|1760804749
|move|p1a: Tornadus|Bleakwind Storm|p2a: Keldeo
|-supereffective|p2a: Keldeo
|-damage|p2a: Keldeo|0 fnt
|faint|p2a: Keldeo
|
|upkeep
|
|t:|1760804753
|switch|p2a: Alomomola|Alomomola, F, shiny|60/100
|-damage|p2a: Alomomola|48/100|[from] Stealth Rock
|turn|39
|
|t:|1760804756
|move|p1a: Tornadus|Taunt|p2a: Alomomola
|-start|p2a: Alomomola|move: Taunt
|cant|p2a: Alomomola|move: Taunt|Wish
|
|upkeep
|turn|40
|
|t:|1760804763
|move|p1a: Tornadus|Bleakwind Storm|p2a: Alomomola
|-damage|p2a: Alomomola|0 fnt
|faint|p2a: Alomomola
|
|upkeep
|
|t:|1760804766
|switch|p2a: Anonymous|Ogerpon-Teal-Tera, F, tera:Grass|41/100
|-damage|p2a: Anonymous|29/100|[from] Stealth Rock
|-ability|p2a: Anonymous|Embody Aspect (Teal)|boost
|-boost|p2a: Anonymous|spe|1
|turn|41
|
|t:|1760804773
|move|p2a: Anonymous|Ivy Cudgel|p1a: Tornadus
|-resisted|p1a: Tornadus
|-damage|p1a: Tornadus|29/100
|move|p1a: Tornadus|U-turn|p2a: Anonymous
|-supereffective|p2a: Anonymous
|-damage|p2a: Anonymous|0 fnt
|faint|p2a: Anonymous
|detailschange|p2: Anonymous|Ogerpon, F|[silent]
|
|win|Brigadi25
|raw|Brigadi25's rating: 1307 &rarr; <strong>1331</strong><br />(+24 for winning)
|raw|kargreyy's rating: 1372 &rarr; <strong>1348</strong><br />(-24 for losing)
|l|☆kargreyy
|player|p2|
|l|☆Brigadi25
|player|p1|
