|j|☆B/CFan
|j|☆v4lentin_harvey
|t:|1760725687
|gametype|singles
|player|p1|B/CFan|102|1391
|player|p2|v4lentin_harvey|nurse|1362
|gen|9
|tier|[Gen 9] OU
|rated|
|rule|HP Percentage Mod: HP is shown in percentages
|rule|Endless Battle Clause: Forcing endless battles is banned
|rule|Species Clause: Limit one of each Pokémon
|rule|OHKO Clause: OHKO moves are banned
|rule|Evasion Items Clause: Evasion items are banned
|rule|Evasion Moves Clause: Evasion moves are banned
|rule|Evasion Abilities Clause: Evasion abilities are banned
|rule|Sleep Moves Clause: Sleep-inducing moves are banned
|clearpoke
|poke|p1|Cinderace, M|
|poke|p1|Galvantula, M|
|poke|p1|Excadrill, M|
|poke|p1|Dragapult, M|
|poke|p1|Serperior, F|
|poke|p1|Kingambit, M|
|poke|p2|Ditto|
|poke|p2|Hoopa-Unbound|
|poke|p2|Alomomola, F|
|poke|p2|Weezing-Galar, F|
|poke|p2|Corviknight, F|
|poke|p2|Gliscor, M|
|teampreview
|
|t:|1760725718
|teamsize|p1|6
|teamsize|p2|6
|start
|switch|p1a: Galvantula|Galvantula, M|100/100
|switch|p2a: Fuck this one|Hoopa-Unbound|100/100
|turn|1
|
|t:|1760725727
|move|p1a: Galvantula|Sticky Web|p2a: Fuck this one
|-sidestart|p2: v4lentin_harvey|move: Sticky Web
|move|p2a: Fuck this one|Hyperspace Fury|p1a: Galvantula
|-enditem|p1a: Galvantula|Focus Sash
|-damage|p1a: Galvantula|1/100
|-unboost|p2a: Fuck this one|def|1
|
|upkeep
|turn|2
|
|t:|1760725740
|switch|p2a: Gliscor|Gliscor, M|100/100
|move|p1a: Galvantula|Bug Buzz|p2a: Gliscor
|-resisted|p2a: Gliscor
|-damage|p2a: Gliscor|84/100
|
|-status|p2a: Gliscor|tox|[from] item: Toxic Orb
|upkeep
|turn|3
|
|t:|1760725762
|move|p1a: Galvantula|Bug Buzz|p2a: Gliscor
|-resisted|p2a: Gliscor
|-damage|p2a: Gliscor|68/100 tox
|move|p2a: Gliscor|Knock Off|p1a: Galvantula
|-damage|p1a: Galvantula|0 fnt
|faint|p1a: Galvantula
|
|-heal|p2a: Gliscor|80/100 tox|[from] ability: Poison Heal
|upkeep
|
|t:|1760725767
|switch|p1a: Excadrill|Excadrill, M|100/100
|-ability|p1a: Excadrill|Mold Breaker
|-item|p1a: Excadrill|Air Balloon
|turn|4
|
|t:|1760725776
|move|p1a: Excadrill|Swords Dance|p1a: Excadrill
|-boost|p1a: Excadrill|atk|2
|move|p2a: Gliscor|Knock Off|p1a: Excadrill
|-damage|p1a: Excadrill|70/100
|-enditem|p1a: Excadrill|Air Balloon
|
|-heal|p2a: Gliscor|93/100 tox|[from] ability: Poison Heal
|upkeep
|turn|5
|
|t:|1760725788
|switch|p2a: Small PP(stall)|Corviknight, F|100/100
|-ability|p2a: Small PP(stall)|Pressure
|-terastallize|p1a: Excadrill|Flying
|move|p1a: Excadrill|Iron Head|p2a: Small PP(stall)
|-resisted|p2a: Small PP(stall)
|-damage|p2a: Small PP(stall)|75/100
|-damage|p1a: Excadrill|53/100|[from] item: Rocky Helmet|[of] p2a: Small PP(stall)
|
|upkeep
|turn|6
|
|t:|1760725801
|switch|p1a: Cinderace|Cinderace, M|100/100
|move|p2a: Small PP(stall)|Defog|p1a: Cinderace
|-unboost|p1a: Cinderace|evasion|1
|-sideend|p2: v4lentin_harvey|Sticky Web|[from] move: Defog|[of] p2a: Small PP(stall)
|
|upkeep
|turn|7
|
|t:|1760725810
|switch|p2a: Scald...|Alomomola, F|100/100
|move|p1a: Cinderace|U-turn|p2a: Scald...
|-start|p1a: Cinderace|typechange|Bug|[from] ability: Libero
|-damage|p2a: Scald...|81/100
|
|t:|1760725815
|switch|p1a: Serperior|Serperior, F|100/100|[from] U-turn
|
|upkeep
|turn|8
|
|t:|1760725820
|switch|p2a: Anti-Meta|Weezing-Galar, F|100/100
|-ability|p2a: Anti-Meta|Neutralizing Gas
|move|p1a: Serperior|Leaf Storm|p2a: Anti-Meta
|-resisted|p2a: Anti-Meta
|-damage|p2a: Anti-Meta|70/100
|-unboost|p1a: Serperior|spa|2
|
|upkeep
|turn|9
|-message|B/CFan forfeited.
|
|win|v4lentin_harvey
|raw|B&#x2f;CFan's rating: 1391 &rarr; <strong>1369</strong><br />(-22 for losing)
|raw|v4lentin_harvey's rating: 1362 &rarr; <strong>1384</strong><br />(+22 for winning)
|l|☆B/CFan
|player|p1|
|l|☆v4lentin_harvey
|player|p2|
