|j|☆Grem1234567
|j|☆pokemon306
|t:|1760883166
|gametype|singles
|player|p1|Grem1234567|266|1588
|player|p2|pokemon306|acetrainerf|1518
|gen|9
|tier|[Gen 9] OU
|rated|
|rule|HP Percentage Mod: HP is shown in percentages
|rule|Endless Battle Clause: Forcing endless battles is banned
|rule|Species Clause: Limit one of each Pokémon
|rule|OHKO Clause: OHKO moves are banned
|rule|Evasion Items Clause: Evasion items are banned
|rule|Evasion Moves Clause: Evasion moves are banned
|rule|Evasion Abilities Clause: Evasion abilities are banned
|rule|Sleep Moves Clause: Sleep-inducing moves are banned
|clearpoke
|poke|p1|Pecharunt|
|poke|p1|Zapdos|
|poke|p1|Araquanid, F|
|poke|p1|Ogerpon-Wellspring, F|
|poke|p1|Iron Treads|
|poke|p1|Cinderace, M|
|poke|p2|Great Tusk|
|poke|p2|Zamazenta-*|
|poke|p2|Kyurem|
|poke|p2|Ting-Lu|
|poke|p2|Tornadus-Therian, M|
|poke|p2|Dondozo, M|
|teampreview
|
|t:|1760883178
|teamsize|p1|6
|teamsize|p2|6
|start
|switch|p1a: Cinderace|Cinderace, M|100/100
|switch|p2a: Tornadus|Tornadus-Therian, M, shiny|100/100
|turn|1
|
|t:|1760883195
|switch|p1a: Zapdos|Zapdos|100/100
|move|p2a: Tornadus|Nasty Plot|p2a: Tornadus
|-boost|p2a: Tornadus|spa|2
|
|upkeep
|turn|2
|
|t:|1760883205
|move|p2a: Tornadus|Dark Pulse|p1a: Zapdos
|-damage|p1a: Zapdos|63/100
|move|p1a: Zapdos|Discharge|p2a: Tornadus
|-supereffective|p2a: Tornadus
|-damage|p2a: Tornadus|8/100
|-status|p2a: Tornadus|par
|
|upkeep
|turn|3
|
|t:|1760883214
|move|p1a: Zapdos|Volt Switch|p2a: Tornadus
|-supereffective|p2a: Tornadus
|-damage|p2a: Tornadus|0 fnt
|faint|p2a: Tornadus
|
|t:|1760883219
|switch|p1a: Cinderace|Cinderace, M|100/100|[from] Volt Switch
|
|upkeep
|
|t:|1760883225
|switch|p2a: Ting-Lu|Ting-Lu|100/100
|-ability|p2a: Ting-Lu|Vessel of Ruin
|turn|4
|
|t:|1760883231
|switch|p1a: Ogerpon|Ogerpon-Wellspring, F|100/100
|move|p2a: Ting-Lu|Payback|p1a: Ogerpon
|-damage|p1a: Ogerpon|69/100
|
|upkeep
|turn|5
|
|t:|1760883237
|move|p1a: Ogerpon|Swords Dance|p1a: Ogerpon
|-boost|p1a: Ogerpon|atk|2
|move|p2a: Ting-Lu|Payback|p1a: Ogerpon
|-crit|p1a: Ogerpon
|-damage|p1a: Ogerpon|0 fnt
|faint|p1a: Ogerpon
|
|upkeep
|
|t:|1760883249
|switch|p1a: Araquanid|Araquanid, F|100/100
|turn|6
|
|t:|1760883253
|move|p2a: Ting-Lu|Payback|p1a: Araquanid
|-damage|p1a: Araquanid|72/100
|move|p1a: Araquanid|Liquidation|p2a: Ting-Lu
|-supereffective|p2a: Ting-Lu
|-damage|p2a: Ting-Lu|25/100
|-enditem|p2a: Ting-Lu|Weakness Policy
|-boost|p2a: Ting-Lu|atk|2|[from] item: Weakness Policy
|-boost|p2a: Ting-Lu|spa|2|[from] item: Weakness Policy
|
|upkeep
|turn|7
|
|t:|1760883263
|move|p2a: Ting-Lu|Payback|p1a: Araquanid
|-damage|p1a: Araquanid|17/100
|move|p1a: Araquanid|Leech Life|p2a: Ting-Lu
|-supereffective|p2a: Ting-Lu
|-damage|p2a: Ting-Lu|0 fnt
|-heal|p1a: Araquanid|36/100|[from] drain|[of] p2a: Ting-Lu
|faint|p2a: Ting-Lu
|
|upkeep
|
|t:|1760883279
|switch|p2a: Kyurem|Kyurem, shiny|100/100
|-ability|p2a: Kyurem|Pressure
|turn|8
|
|t:|1760883292
|move|p1a: Araquanid|Endure|p1a: Araquanid
|-singleturn|p1a: Araquanid|move: Endure
|move|p2a: Kyurem|Freeze-Dry|p1a: Araquanid
|-supereffective|p1a: Araquanid
|-activate|p1a: Araquanid|move: Endure
|-damage|p1a: Araquanid|1/100
|
|upkeep
|turn|9
|-enditem|p1a: Araquanid|Custap Berry|[eat]
|-activate|p1a: Araquanid|item: Custap Berry|[consumed]
|
|t:|1760883300
|move|p1a: Araquanid|Sticky Web|p2a: Kyurem
|-sidestart|p2: pokemon306|move: Sticky Web
|move|p2a: Kyurem|Freeze-Dry|p1a: Araquanid
|-supereffective|p1a: Araquanid
|-damage|p1a: Araquanid|0 fnt
|faint|p1a: Araquanid
|
|upkeep
|
|t:|1760883303
|switch|p1a: Cinderace|Cinderace, M|100/100
|turn|10
|
|t:|1760883311
|switch|p2a: Dondozo|Dondozo, M|100/100
|-activate|p2a: Dondozo|move: Sticky Web
|-unboost|p2a: Dondozo|spe|1
|move|p1a: Cinderace|High Jump Kick|p2a: Dondozo
|-start|p1a: Cinderace|typechange|Fighting|[from] ability: Libero
|-damage|p2a: Dondozo|57/100
|-damage|p1a: Cinderace|91/100|[from] item: Life Orb
|
|-heal|p2a: Dondozo|63/100|[from] item: Leftovers
|upkeep
|turn|11
|
|t:|1760883324
|switch|p1a: Pecharunt|Pecharunt|100/100
|move|p2a: Dondozo|Rest|p2a: Dondozo
|-status|p2a: Dondozo|slp|[from] move: Rest
|-heal|p2a: Dondozo|100/100 slp|[silent]
|
|upkeep
|turn|12
|
|t:|1760883341
|switch|p2a: Kyurem|Kyurem, shiny|100/100
|-activate|p2a: Kyurem|move: Sticky Web
|-unboost|p2a: Kyurem|spe|1
|-ability|p2a: Kyurem|Pressure
|move|p1a: Pecharunt|Nasty Plot|p1a: Pecharunt
|-boost|p1a: Pecharunt|spa|2
|
|upkeep
|turn|13
|
|t:|1760883353
|move|p1a: Pecharunt|Malignant Chain|p2a: Kyurem
|-damage|p2a: Kyurem|19/100
|move|p2a: Kyurem|Draco Meteor|p1a: Pecharunt
|-damage|p1a: Pecharunt|0 fnt
|-unboost|p2a: Kyurem|spa|2
|faint|p1a: Pecharunt
|
|upkeep
|
|t:|1760883358
|switch|p1a: Iron Treads|Iron Treads|100/100
|turn|14
|
|t:|1760883367
|move|p1a: Iron Treads|Earth Power|p2a: Kyurem
|-crit|p2a: Kyurem
|-damage|p2a: Kyurem|0 fnt
|faint|p2a: Kyurem
|
|upkeep
|
|t:|1760883374
|switch|p2a: Great Tusk|Great Tusk, shiny|100/100
|-activate|p2a: Great Tusk|move: Sticky Web
|-unboost|p2a: Great Tusk|spe|1
|turn|15
|
|t:|1760883381
|-terastallize|p1a: Iron Treads|Ghost
|move|p1a: Iron Treads|Earth Power|p2a: Great Tusk
|-damage|p2a: Great Tusk|48/100
|-unboost|p2a: Great Tusk|spd|1
|move|p2a: Great Tusk|Rapid Spin|p1a: Iron Treads
|-immune|p1a: Iron Treads
|
|upkeep
|turn|16
|
|t:|1760883394
|move|p1a: Iron Treads|Earth Power|p2a: Great Tusk
|-damage|p2a: Great Tusk|0 fnt
|faint|p2a: Great Tusk
|-end|p2a: Great Tusk|Protosynthesis|[silent]
|
|upkeep
|
|t:|1760883399
|switch|p2a: Zamazenta|Zamazenta|100/100
|-activate|p2a: Zamazenta|move: Sticky Web
|-unboost|p2a: Zamazenta|spe|1
|-ability|p2a: Zamazenta|Dauntless Shield|boost
|-boost|p2a: Zamazenta|def|1
|turn|17
|
|t:|1760883406
|move|p1a: Iron Treads|Earth Power|p2a: Zamazenta
|-damage|p2a: Zamazenta|73/100
|move|p2a: Zamazenta|Crunch|p1a: Iron Treads
|-supereffective|p1a: Iron Treads
|-damage|p1a: Iron Treads|60/100
|
|-heal|p2a: Zamazenta|79/100|[from] item: Leftovers
|upkeep
|turn|18
|
|t:|1760883416
|move|p1a: Iron Treads|Earth Power|p2a: Zamazenta
|-damage|p2a: Zamazenta|48/100
|move|p2a: Zamazenta|Crunch|p1a: Iron Treads
|-supereffective|p1a: Iron Treads
|-damage|p1a: Iron Treads|19/100
|-unboost|p1a: Iron Treads|def|1
|
|-heal|p2a: Zamazenta|54/100|[from] item: Leftovers
|upkeep
|turn|19
|
|t:|1760883427
|move|p1a: Iron Treads|Volt Switch|p2a: Zamazenta
|-damage|p2a: Zamazenta|38/100
|
|t:|1760883430
|-end|p1a: Iron Treads|Quark Drive|[silent]
|switch|p1a: Zapdos|Zapdos|63/100|[from] Volt Switch
|move|p2a: Zamazenta|Crunch|p1a: Zapdos
|-damage|p1a: Zapdos|41/100
|-damage|p2a: Zamazenta|21/100|[from] item: Rocky Helmet|[of] p1a: Zapdos
|-status|p2a: Zamazenta|par|[from] ability: Static|[of] p1a: Zapdos
|
|-heal|p2a: Zamazenta|27/100 par|[from] item: Leftovers
|upkeep
|turn|20
|
|t:|1760883442
|move|p1a: Zapdos|Roost|p1a: Zapdos
|-heal|p1a: Zapdos|91/100
|-singleturn|p1a: Zapdos|move: Roost
|cant|p2a: Zamazenta|par
|
|-heal|p2a: Zamazenta|34/100 par|[from] item: Leftovers
|upkeep
|turn|21
|
|t:|1760883452
|move|p1a: Zapdos|Hurricane|p2a: Zamazenta|[miss]
|-miss|p1a: Zapdos|p2a: Zamazenta
|move|p2a: Zamazenta|Crunch|p1a: Zapdos
|-damage|p1a: Zapdos|70/100
|-damage|p2a: Zamazenta|17/100 par|[from] item: Rocky Helmet|[of] p1a: Zapdos
|
|-heal|p2a: Zamazenta|23/100 par|[from] item: Leftovers
|upkeep
|turn|22
|
|t:|1760883461
|move|p1a: Zapdos|Discharge|p2a: Zamazenta
|-damage|p2a: Zamazenta|0 fnt
|faint|p2a: Zamazenta
|
|upkeep
|
|t:|1760883467
|switch|p2a: Dondozo|Dondozo, M|100/100 slp
|-activate|p2a: Dondozo|move: Sticky Web
|-unboost|p2a: Dondozo|spe|1
|turn|23
|
|t:|1760883474
|-terastallize|p2a: Dondozo|Fairy
|move|p1a: Zapdos|Discharge|p2a: Dondozo
|-damage|p2a: Dondozo|68/100 slp
|cant|p2a: Dondozo|slp
|move|p2a: Dondozo|Sleep Talk|p2a: Dondozo
|move|p2a: Dondozo|Body Press|p1a: Zapdos|[from] move: Sleep Talk
|-resisted|p1a: Zapdos
|-damage|p1a: Zapdos|58/100
|-damage|p2a: Dondozo|51/100 slp|[from] item: Rocky Helmet|[of] p1a: Zapdos
|
|-heal|p2a: Dondozo|58/100 slp|[from] item: Leftovers
|upkeep
|turn|24
|
|t:|1760883491
|move|p1a: Zapdos|Volt Switch|p2a: Dondozo
|-damage|p2a: Dondozo|28/100 slp
|
|t:|1760883493
|switch|p1a: Iron Treads|Iron Treads, tera:Ghost|19/100|[from] Volt Switch
|cant|p2a: Dondozo|slp
|move|p2a: Dondozo|Sleep Talk|p2a: Dondozo
|move|p2a: Dondozo|Avalanche|p1a: Iron Treads|[from] move: Sleep Talk
|-damage|p1a: Iron Treads|6/100
|
|-heal|p2a: Dondozo|35/100 slp|[from] item: Leftovers
|upkeep
|turn|25
|
|t:|1760883506
|move|p1a: Iron Treads|Knock Off|p2a: Dondozo
|-resisted|p2a: Dondozo
|-damage|p2a: Dondozo|28/100 slp
|-enditem|p2a: Dondozo|Leftovers|[from] move: Knock Off|[of] p1a: Iron Treads
|-curestatus|p2a: Dondozo|slp|[msg]
|move|p2a: Dondozo|Rest|p2a: Dondozo
|-status|p2a: Dondozo|slp|[from] move: Rest
|-heal|p2a: Dondozo|100/100 slp|[silent]
|
|upkeep
|turn|26
|
|t:|1760883517
|move|p1a: Iron Treads|Earth Power|p2a: Dondozo
|-damage|p2a: Dondozo|79/100 slp
|cant|p2a: Dondozo|slp
|move|p2a: Dondozo|Sleep Talk|p2a: Dondozo
|move|p2a: Dondozo|Rest||[from] move: Sleep Talk|[still]
|-fail|p2a: Dondozo
|
|upkeep
|turn|27
|
|t:|1760883526
|move|p1a: Iron Treads|Earth Power|p2a: Dondozo
|-crit|p2a: Dondozo
|-damage|p2a: Dondozo|44/100 slp
|cant|p2a: Dondozo|slp
|move|p2a: Dondozo|Sleep Talk|p2a: Dondozo
|move|p2a: Dondozo|Body Press|p1a: Iron Treads|[from] move: Sleep Talk
|-immune|p1a: Iron Treads
|
|upkeep
|turn|28
|
|t:|1760883537
|move|p1a: Iron Treads|Earth Power|p2a: Dondozo
|-damage|p2a: Dondozo|20/100 slp
|-curestatus|p2a: Dondozo|slp|[msg]
|move|p2a: Dondozo|Rest|p2a: Dondozo
|-status|p2a: Dondozo|slp|[from] move: Rest
|-heal|p2a: Dondozo|100/100 slp|[silent]
|
|upkeep
|turn|29
|
|t:|1760883546
|move|p1a: Iron Treads|Earth Power|p2a: Dondozo
|-damage|p2a: Dondozo|77/100 slp
|cant|p2a: Dondozo|slp
|move|p2a: Dondozo|Sleep Talk|p2a: Dondozo
|move|p2a: Dondozo|Body Press|p1a: Iron Treads|[from] move: Sleep Talk
|-immune|p1a: Iron Treads
|
|upkeep
|turn|30
|
|t:|1760883557
|move|p1a: Iron Treads|Earth Power|p2a: Dondozo
|-damage|p2a: Dondozo|53/100 slp
|cant|p2a: Dondozo|slp
|move|p2a: Dondozo|Sleep Talk|p2a: Dondozo
|move|p2a: Dondozo|Rest||[from] move: Sleep Talk|[still]
|-fail|p2a: Dondozo
|
|upkeep
|turn|31
|
|t:|1760883567
|move|p1a: Iron Treads|Earth Power|p2a: Dondozo
|-damage|p2a: Dondozo|30/100 slp
|-curestatus|p2a: Dondozo|slp|[msg]
|move|p2a: Dondozo|Rest|p2a: Dondozo
|-status|p2a: Dondozo|slp|[from] move: Rest
|-heal|p2a: Dondozo|100/100 slp|[silent]
|
|upkeep
|turn|32
|
|t:|1760883576
|move|p1a: Iron Treads|Earth Power|p2a: Dondozo
|-damage|p2a: Dondozo|76/100 slp
|cant|p2a: Dondozo|slp
|move|p2a: Dondozo|Sleep Talk|p2a: Dondozo
|move|p2a: Dondozo|Rest||[from] move: Sleep Talk|[still]
|-fail|p2a: Dondozo
|
|upkeep
|turn|33
|
|t:|1760883585
|move|p1a: Iron Treads|Earth Power|p2a: Dondozo
|-damage|p2a: Dondozo|55/100 slp
|cant|p2a: Dondozo|slp
|move|p2a: Dondozo|Sleep Talk|p2a: Dondozo
|move|p2a: Dondozo|Rest||[from] move: Sleep Talk|[still]
|-fail|p2a: Dondozo
|
|upkeep
|turn|34
|c|☆Grem1234567|can i get a spdef drop
|
|t:|1760883596
|move|p1a: Iron Treads|Earth Power|p2a: Dondozo
|-damage|p2a: Dondozo|34/100 slp
|-curestatus|p2a: Dondozo|slp|[msg]
|move|p2a: Dondozo|Rest|p2a: Dondozo
|-status|p2a: Dondozo|slp|[from] move: Rest
|-heal|p2a: Dondozo|100/100 slp|[silent]
|
|upkeep
|turn|35
|
|t:|1760883606
|move|p1a: Iron Treads|Earth Power|p2a: Dondozo
|-damage|p2a: Dondozo|77/100 slp
|cant|p2a: Dondozo|slp
|move|p2a: Dondozo|Sleep Talk|p2a: Dondozo
|move|p2a: Dondozo|Rest||[from] move: Sleep Talk|[still]
|-fail|p2a: Dondozo
|
|upkeep
|turn|36
|
|t:|1760883615
|move|p1a: Iron Treads|Volt Switch|p2a: Dondozo
|-damage|p2a: Dondozo|66/100 slp
|
|t:|1760883619
|-end|p1a: Iron Treads|Quark Drive|[silent]
|switch|p1a: Zapdos|Zapdos|58/100|[from] Volt Switch
|cant|p2a: Dondozo|slp
|move|p2a: Dondozo|Sleep Talk|p2a: Dondozo
|move|p2a: Dondozo|Avalanche|p1a: Zapdos|[from] move: Sleep Talk
|-supereffective|p1a: Zapdos
|-damage|p1a: Zapdos|32/100
|-damage|p2a: Dondozo|49/100 slp|[from] item: Rocky Helmet|[of] p1a: Zapdos
|
|upkeep
|turn|37
|
|t:|1760883636
|move|p1a: Zapdos|Discharge|p2a: Dondozo
|-damage|p2a: Dondozo|17/100 slp
|-curestatus|p2a: Dondozo|slp|[msg]
|move|p2a: Dondozo|Rest|p2a: Dondozo
|-status|p2a: Dondozo|slp|[from] move: Rest
|-heal|p2a: Dondozo|100/100 slp|[silent]
|
|upkeep
|turn|38
|
|t:|1760883646
|move|p1a: Zapdos|Roost|p1a: Zapdos
|-heal|p1a: Zapdos|82/100
|-singleturn|p1a: Zapdos|move: Roost
|cant|p2a: Dondozo|slp
|move|p2a: Dondozo|Sleep Talk|p2a: Dondozo
|move|p2a: Dondozo|Rest||[from] move: Sleep Talk|[still]
|-fail|p2a: Dondozo
|
|upkeep
|turn|39
|c|☆Grem1234567|this cinderace has gunk shot but it'll miss
|inactive|Battle timer is ON: inactive players will automatically lose when time's up. (requested by Grem1234567)
|inactive|pokemon306 has 120 seconds left.
|c|☆Grem1234567|dude you just gotta use rest talk and run out of recovery
|inactive|pokemon306 has 90 seconds left.
|inactive|pokemon306 has 60 seconds left.
|inactive|pokemon306 has 30 seconds left.
|inactive|pokemon306 has 20 seconds left.
|inactive|pokemon306 has 15 seconds left.
|inactive|pokemon306 has 10 seconds left.
|inactive|pokemon306 has 5 seconds left.
|-message|pokemon306 lost due to inactivity.
|
|win|Grem1234567
|raw|Grem1234567's rating: 1588 &rarr; <strong>1604</strong><br />(+16 for winning)
|raw|pokemon306's rating: 1518 &rarr; <strong>1502</strong><br />(-16 for losing)
