|j|☆KennytheslugSmith
|j|☆WolfStern
|t:|1760858467
|gametype|singles
|player|p1|KennytheslugSmith|scientist-gen4dp|1136
|player|p2|WolfStern|n|1127
|gen|9
|tier|[Gen 9] OU
|rated|
|rule|HP Percentage Mod: HP is shown in percentages
|rule|Endless Battle Clause: Forcing endless battles is banned
|rule|Species Clause: Limit one of each Pokémon
|rule|OHKO Clause: OHKO moves are banned
|rule|Evasion Items Clause: Evasion items are banned
|rule|Evasion Moves Clause: Evasion moves are banned
|rule|Evasion Abilities Clause: Evasion abilities are banned
|rule|Sleep Moves Clause: Sleep-inducing moves are banned
|clearpoke
|poke|p1|Hydrapple, M|
|poke|p1|Skarmory, F|
|poke|p1|Tyranitar, M|
|poke|p1|Alomomola, M|
|poke|p1|Clodsire, M|
|poke|p1|Clefable, F|
|poke|p2|Jolteon, M|
|poke|p2|Emboar, M|
|poke|p2|Landorus-Therian, M|
|poke|p2|Iron Crown|
|poke|p2|Alomomola, F|
|poke|p2|Muk-Alola, F|
|teampreview
|
|t:|1760858481
|teamsize|p1|6
|teamsize|p2|6
|start
|switch|p1a: Tyranitar|Tyranitar, M|100/100
|switch|p2a: Landorus|Landorus-Therian, M|100/100
|-ability|p2a: Landorus|Intimidate|boost
|-unboost|p1a: Tyranitar|atk|1
|-weather|Sandstorm|[from] ability: Sand Stream|[of] p1a: Tyranitar
|turn|1
|
|t:|1760858493
|switch|p1a: Skarmory|Skarmory, F|100/100
|move|p2a: Landorus|U-turn|p1a: Skarmory
|-resisted|p1a: Skarmory
|-damage|p1a: Skarmory|97/100
|
|t:|1760858503
|switch|p2a: Jolteon|Jolteon, M|100/100|[from] U-turn
|
|-weather|Sandstorm|[upkeep]
|-damage|p2a: Jolteon|94/100|[from] Sandstorm
|upkeep
|turn|2
|
|t:|1760858510
|switch|p1a: Clodsire|Clodsire, M|100/100
|move|p2a: Jolteon|Volt Switch|p1a: Clodsire
|-immune|p1a: Clodsire
|
|-weather|Sandstorm|[upkeep]
|-damage|p2a: Jolteon|88/100|[from] Sandstorm
|upkeep
|turn|3
|
|t:|1760858522
|switch|p2a: Alomomola|Alomomola, F|100/100
|move|p1a: Clodsire|Toxic|p2a: Alomomola
|-status|p2a: Alomomola|tox
|
|-weather|Sandstorm|[upkeep]
|-damage|p2a: Alomomola|94/100 tox|[from] Sandstorm
|-heal|p2a: Alomomola|100/100 tox|[from] item: Leftovers
|-damage|p2a: Alomomola|94/100 tox|[from] psn
|upkeep
|turn|4
|
|t:|1760858534
|switch|p1a: Hydrapple|Hydrapple, M|100/100
|move|p2a: Alomomola|Flip Turn|p1a: Hydrapple
|-resisted|p1a: Hydrapple
|-damage|p1a: Hydrapple|98/100
|
|t:|1760858552
|switch|p2a: Emboar|Emboar, M|100/100|[from] Flip Turn
|
|-weather|Sandstorm|[upkeep]
|-damage|p2a: Emboar|94/100|[from] Sandstorm
|-damage|p1a: Hydrapple|92/100|[from] Sandstorm
|upkeep
|turn|5
|
|t:|1760858566
|move|p2a: Emboar|Flare Blitz|p1a: Hydrapple
|-damage|p1a: Hydrapple|36/100
|-damage|p2a: Emboar|76/100|[from] Recoil
|-damage|p2a: Emboar|67/100|[from] item: Life Orb
|move|p1a: Hydrapple|Earth Power|p2a: Emboar
|-supereffective|p2a: Emboar
|-damage|p2a: Emboar|6/100
|
|-weather|none
|upkeep
|turn|6
|
|t:|1760858587
|switch|p2a: Alomomola|Alomomola, F|100/100 tox
|switch|p1a: Alomomola|Alomomola, M, shiny|100/100
|
|-damage|p2a: Alomomola|94/100 tox|[from] psn
|upkeep
|turn|7
|
|t:|1760858595
|move|p1a: Alomomola|Protect|p1a: Alomomola
|-singleturn|p1a: Alomomola|Protect
|move|p2a: Alomomola|Wish|p2a: Alomomola
|
|-heal|p2a: Alomomola|100/100 tox|[from] item: Leftovers
|-damage|p2a: Alomomola|88/100 tox|[from] psn
|upkeep
|turn|8
|
|t:|1760858606
|move|p2a: Alomomola|Flip Turn|p1a: Alomomola
|-resisted|p1a: Alomomola
|-damage|p1a: Alomomola|95/100
|
|t:|1760858611
|switch|p2a: Jolteon|Jolteon, M|88/100|[from] Flip Turn
|move|p1a: Alomomola|Wish|p1a: Alomomola
|
|-heal|p2a: Jolteon|100/100|[from] move: Wish|[wisher] Alomomola
|upkeep
|turn|9
|
|t:|1760858622
|switch|p1a: Clodsire|Clodsire, M|100/100
|move|p2a: Jolteon|Volt Switch|p1a: Clodsire
|-immune|p1a: Clodsire
|
|upkeep
|turn|10
|
|t:|1760858631
|switch|p2a: Alomomola|Alomomola, F|100/100 tox
|switch|p1a: Tyranitar|Tyranitar, M|100/100
|-weather|Sandstorm|[from] ability: Sand Stream|[of] p1a: Tyranitar
|
|-weather|Sandstorm|[upkeep]
|-damage|p2a: Alomomola|94/100 tox|[from] Sandstorm
|-heal|p2a: Alomomola|100/100 tox|[from] item: Leftovers
|-damage|p2a: Alomomola|94/100 tox|[from] psn
|upkeep
|turn|11
|
|t:|1760858643
|move|p2a: Alomomola|Scald|p1a: Tyranitar
|-supereffective|p1a: Tyranitar
|-damage|p1a: Tyranitar|89/100
|move|p1a: Tyranitar|Knock Off|p2a: Alomomola
|-damage|p2a: Alomomola|70/100 tox
|-enditem|p2a: Alomomola|Leftovers|[from] move: Knock Off|[of] p1a: Tyranitar
|
|-weather|Sandstorm|[upkeep]
|-damage|p2a: Alomomola|63/100 tox|[from] Sandstorm
|-damage|p2a: Alomomola|51/100 tox|[from] psn
|upkeep
|turn|12
|
|t:|1760858654
|move|p2a: Alomomola|Flip Turn|p1a: Tyranitar
|-supereffective|p1a: Tyranitar
|-damage|p1a: Tyranitar|61/100
|
|t:|1760858662
|switch|p2a: Landorus|Landorus-Therian, M|100/100|[from] Flip Turn
|-ability|p2a: Landorus|Intimidate|boost
|-unboost|p1a: Tyranitar|atk|1
|move|p1a: Tyranitar|Stealth Rock|p2a: Landorus
|-sidestart|p2: WolfStern|move: Stealth Rock
|
|-weather|Sandstorm|[upkeep]
|upkeep
|turn|13
|
|t:|1760858671
|switch|p1a: Skarmory|Skarmory, F|97/100
|move|p2a: Landorus|U-turn|p1a: Skarmory
|-resisted|p1a: Skarmory
|-damage|p1a: Skarmory|93/100
|
|t:|1760858676
|switch|p2a: Alomomola|Alomomola, F|84/100 tox|[from] U-turn
|-damage|p2a: Alomomola|72/100 tox|[from] Stealth Rock
|
|-weather|Sandstorm|[upkeep]
|-damage|p2a: Alomomola|66/100 tox|[from] Sandstorm
|-damage|p2a: Alomomola|60/100 tox|[from] psn
|upkeep
|turn|14
|
|t:|1760858685
|move|p1a: Skarmory|Spikes|p2a: Alomomola
|-sidestart|p2: WolfStern|Spikes
|move|p2a: Alomomola|Wish|p2a: Alomomola
|
|-weather|none
|-damage|p2a: Alomomola|47/100 tox|[from] psn
|upkeep
|turn|15
|
|t:|1760858699
|switch|p2a: Jolteon|Jolteon, M|100/100
|-damage|p2a: Jolteon|88/100|[from] Stealth Rock
|-damage|p2a: Jolteon|75/100|[from] Spikes
|move|p1a: Skarmory|Spikes|p2a: Jolteon
|-sidestart|p2: WolfStern|Spikes
|
|-heal|p2a: Jolteon|100/100|[from] move: Wish|[wisher] Alomomola
|upkeep
|turn|16
|
|t:|1760858722
|switch|p1a: Clodsire|Clodsire, M|100/100
|move|p2a: Jolteon|Shadow Ball|p1a: Clodsire
|-damage|p1a: Clodsire|86/100
|
|upkeep
|turn|17
|inactive|Battle timer is ON: inactive players will automatically lose when time's up. (requested by KennytheslugSmith)
|
|t:|1760858732
|switch|p2a: Iron Crown|Iron Crown|100/100
|-damage|p2a: Iron Crown|94/100|[from] Stealth Rock
|-damage|p2a: Iron Crown|78/100|[from] Spikes
|switch|p1a: Tyranitar|Tyranitar, M|61/100
|-weather|Sandstorm|[from] ability: Sand Stream|[of] p1a: Tyranitar
|
|-weather|Sandstorm|[upkeep]
|upkeep
|turn|18
|
|t:|1760858748
|switch|p1a: Alomomola|Alomomola, M, shiny|100/100
|move|p2a: Iron Crown|Volt Switch|p1a: Alomomola
|-supereffective|p1a: Alomomola
|-damage|p1a: Alomomola|43/100
|
|t:|1760858764
|-end|p2a: Iron Crown|Quark Drive|[silent]
|switch|p2a: Jolteon|Jolteon, M|100/100|[from] Volt Switch
|-damage|p2a: Jolteon|88/100|[from] Stealth Rock
|-damage|p2a: Jolteon|71/100|[from] Spikes
|
|-weather|Sandstorm|[upkeep]
|-damage|p2a: Jolteon|65/100|[from] Sandstorm
|-damage|p1a: Alomomola|37/100|[from] Sandstorm
|upkeep
|turn|19
|
|t:|1760858777
|switch|p1a: Clodsire|Clodsire, M|86/100
|move|p2a: Jolteon|Shadow Ball|p1a: Clodsire
|-damage|p1a: Clodsire|71/100
|
|-weather|Sandstorm|[upkeep]
|-damage|p2a: Jolteon|59/100|[from] Sandstorm
|upkeep
|turn|20
|
|t:|1760858790
|switch|p2a: Iron Crown|Iron Crown|78/100
|-damage|p2a: Iron Crown|71/100|[from] Stealth Rock
|-damage|p2a: Iron Crown|55/100|[from] Spikes
|move|p1a: Clodsire|Recover|p1a: Clodsire
|-heal|p1a: Clodsire|100/100
|
|-weather|Sandstorm|[upkeep]
|upkeep
|turn|21
|
|t:|1760858808
|switch|p1a: Clefable|Clefable, F|100/100
|move|p2a: Iron Crown|Psyshock|p1a: Clefable
|-damage|p1a: Clefable|64/100
|
|-weather|none
|upkeep
|turn|22
|
|t:|1760858815
|move|p2a: Iron Crown|Flash Cannon|p1a: Clefable
|-supereffective|p1a: Clefable
|-damage|p1a: Clefable|0 fnt
|faint|p1a: Clefable
|
|upkeep
|
|t:|1760858824
|switch|p1a: Clodsire|Clodsire, M|100/100
|turn|23
|
|t:|1760858828
|-terastallize|p1a: Clodsire|Dark
|move|p2a: Iron Crown|Psyshock|p1a: Clodsire
|-immune|p1a: Clodsire
|move|p1a: Clodsire|Earthquake|p2a: Iron Crown
|-supereffective|p2a: Iron Crown
|-damage|p2a: Iron Crown|6/100
|
|upkeep
|turn|24
|
|t:|1760858841
|move|p2a: Iron Crown|Volt Switch|p1a: Clodsire
|-damage|p1a: Clodsire|84/100
|
|t:|1760858846
|-end|p2a: Iron Crown|Quark Drive|[silent]
|switch|p2a: Landorus|Landorus-Therian, M|100/100|[from] Volt Switch
|-damage|p2a: Landorus|88/100|[from] Stealth Rock
|-ability|p2a: Landorus|Intimidate|boost
|-unboost|p1a: Clodsire|atk|1
|move|p1a: Clodsire|Earthquake|p2a: Landorus
|-immune|p2a: Landorus
|
|upkeep
|turn|25
|
|t:|1760858870
|switch|p1a: Hydrapple|Hydrapple, M|70/100
|move|p2a: Landorus|U-turn|p1a: Hydrapple
|-supereffective|p1a: Hydrapple
|-damage|p1a: Hydrapple|40/100
|
|t:|1760858883
|switch|p2a: Alomomola|Alomomola, F|81/100 tox|[from] U-turn
|-damage|p2a: Alomomola|68/100 tox|[from] Stealth Rock
|-damage|p2a: Alomomola|52/100 tox|[from] Spikes
|
|-damage|p2a: Alomomola|45/100 tox|[from] psn
|upkeep
|turn|26
|
|t:|1760858891
|move|p2a: Alomomola|Scald|p1a: Hydrapple
|-resisted|p1a: Hydrapple
|-damage|p1a: Hydrapple|37/100
|move|p1a: Hydrapple|Giga Drain|p2a: Alomomola
|-supereffective|p2a: Alomomola
|-damage|p2a: Alomomola|0 fnt
|-heal|p1a: Hydrapple|66/100|[from] drain|[of] p2a: Alomomola
|faint|p2a: Alomomola
|
|upkeep
|
|t:|1760858901
|switch|p2a: Landorus|Landorus-Therian, M|88/100
|-damage|p2a: Landorus|75/100|[from] Stealth Rock
|-ability|p2a: Landorus|Intimidate|boost
|-unboost|p1a: Hydrapple|atk|1
|turn|27
|
|t:|1760858907
|switch|p1a: Alomomola|Alomomola, M, shiny|70/100
|move|p2a: Landorus|Earthquake|p1a: Alomomola
|-damage|p1a: Alomomola|36/100
|
|upkeep
|turn|28
|
|t:|1760858914
|switch|p1a: Skarmory|Skarmory, F|93/100
|move|p2a: Landorus|Earthquake|p1a: Skarmory
|-immune|p1a: Skarmory
|
|upkeep
|turn|29
|
|t:|1760858921
|switch|p2a: Muk|Muk-Alola, F|100/100
|-damage|p2a: Muk|88/100|[from] Stealth Rock
|-damage|p2a: Muk|72/100|[from] Spikes
|move|p1a: Skarmory|Iron Defense|p1a: Skarmory
|-boost|p1a: Skarmory|def|2
|
|upkeep
|turn|30
|
|t:|1760858929
|move|p1a: Skarmory|Body Press|p2a: Muk
|-damage|p2a: Muk|5/100
|move|p2a: Muk|Fire Punch|p1a: Skarmory
|-supereffective|p1a: Skarmory
|-damage|p1a: Skarmory|81/100
|
|upkeep
|turn|31
|
|t:|1760858936
|move|p1a: Skarmory|Body Press|p2a: Muk
|-damage|p2a: Muk|0 fnt
|faint|p2a: Muk
|
|upkeep
|
|t:|1760858954
|switch|p2a: Jolteon|Jolteon, M|59/100
|-damage|p2a: Jolteon|46/100|[from] Stealth Rock
|-damage|p2a: Jolteon|30/100|[from] Spikes
|turn|32
|
|t:|1760858960
|switch|p1a: Clodsire|Clodsire, M, tera:Dark|84/100
|move|p2a: Jolteon|Volt Switch|p1a: Clodsire
|-damage|p1a: Clodsire|60/100
|
|t:|1760858966
|switch|p2a: Landorus|Landorus-Therian, M|75/100|[from] Volt Switch
|-damage|p2a: Landorus|63/100|[from] Stealth Rock
|-ability|p2a: Landorus|Intimidate|boost
|-unboost|p1a: Clodsire|atk|1
|
|upkeep
|turn|33
|
|t:|1760858976
|switch|p1a: Hydrapple|Hydrapple, M|99/100
|move|p2a: Landorus|Hammer Arm|p1a: Hydrapple
|-damage|p1a: Hydrapple|77/100
|-unboost|p2a: Landorus|spe|1
|
|upkeep
|turn|34
|
|t:|1760858985
|switch|p2a: Iron Crown|Iron Crown|6/100
|-damage|p2a: Iron Crown|0 fnt|[from] Stealth Rock
|faint|p2a: Iron Crown
|-end|p2a: Iron Crown|Quark Drive|[silent]
|switch|p1a: Alomomola|Alomomola, M, shiny|70/100
|
|upkeep
|
|t:|1760858993
|switch|p2a: Jolteon|Jolteon, M|30/100
|-damage|p2a: Jolteon|17/100|[from] Stealth Rock
|-damage|p2a: Jolteon|1/100|[from] Spikes
|turn|35
|
|t:|1760858999
|switch|p1a: Tyranitar|Tyranitar, M|61/100
|-weather|Sandstorm|[from] ability: Sand Stream|[of] p1a: Tyranitar
|move|p2a: Jolteon|Volt Switch|p1a: Tyranitar
|-damage|p1a: Tyranitar|45/100
|
|t:|1760859007
|switch|p2a: Landorus|Landorus-Therian, M|63/100|[from] Volt Switch
|-damage|p2a: Landorus|50/100|[from] Stealth Rock
|-ability|p2a: Landorus|Intimidate|boost
|-unboost|p1a: Tyranitar|atk|1
|
|-weather|Sandstorm|[upkeep]
|upkeep
|turn|36
|
|t:|1760859024
|switch|p1a: Hydrapple|Hydrapple, M|100/100
|move|p2a: Landorus|U-turn|p1a: Hydrapple
|-supereffective|p1a: Hydrapple
|-damage|p1a: Hydrapple|68/100
|
|t:|1760859030
|switch|p2a: Emboar|Emboar, M|6/100|[from] U-turn
|-damage|p2a: Emboar|0 fnt|[from] Stealth Rock
|faint|p2a: Emboar
|
|-weather|Sandstorm|[upkeep]
|-damage|p1a: Hydrapple|62/100|[from] Sandstorm
|upkeep
|
|t:|1760859038
|switch|p2a: Landorus|Landorus-Therian, M|50/100
|-damage|p2a: Landorus|38/100|[from] Stealth Rock
|-ability|p2a: Landorus|Intimidate|boost
|-unboost|p1a: Hydrapple|atk|1
|turn|37
|
|t:|1760859044
|switch|p1a: Skarmory|Skarmory, F|81/100
|move|p2a: Landorus|Earthquake|p1a: Skarmory
|-immune|p1a: Skarmory
|
|-weather|Sandstorm|[upkeep]
|upkeep
|turn|38
|
|t:|1760859052
|switch|p2a: Jolteon|Jolteon, M|1/100
|-damage|p2a: Jolteon|0 fnt|[from] Stealth Rock
|faint|p2a: Jolteon
|move|p1a: Skarmory|Spikes|p2: Jolteon
|-sidestart|p2: WolfStern|Spikes
|
|-weather|Sandstorm|[upkeep]
|upkeep
|
|t:|1760859059
|switch|p2a: Landorus|Landorus-Therian, M|38/100
|-damage|p2a: Landorus|25/100|[from] Stealth Rock
|-ability|p2a: Landorus|Intimidate|boost
|-unboost|p1a: Skarmory|atk|1
|turn|39
|
|t:|1760859065
|move|p2a: Landorus|U-turn|p1a: Skarmory
|-resisted|p1a: Skarmory
|-damage|p1a: Skarmory|77/100
|move|p1a: Skarmory|Spikes||[still]
|-fail|p1a: Skarmory
|
|-weather|none
|upkeep
|turn|40
|
|t:|1760859072
|move|p2a: Landorus|U-turn|p1a: Skarmory
|-resisted|p1a: Skarmory
|-damage|p1a: Skarmory|73/100
|move|p1a: Skarmory|Roost|p1a: Skarmory
|-heal|p1a: Skarmory|100/100
|-singleturn|p1a: Skarmory|move: Roost
|
|upkeep
|turn|41
|
|t:|1760859081
|switch|p1a: Alomomola|Alomomola, M, shiny|100/100
|move|p2a: Landorus|U-turn|p1a: Alomomola
|-damage|p1a: Alomomola|85/100
|
|upkeep
|turn|42
|
|t:|1760859091
|move|p2a: Landorus|U-turn|p1a: Alomomola
|-damage|p1a: Alomomola|69/100
|move|p1a: Alomomola|Wish|p1a: Alomomola
|
|upkeep
|turn|43
|
|t:|1760859100
|move|p1a: Alomomola|Protect|p1a: Alomomola
|-singleturn|p1a: Alomomola|Protect
|move|p2a: Landorus|U-turn|p1a: Alomomola
|-activate|p1a: Alomomola|move: Protect
|
|-heal|p1a: Alomomola|100/100|[from] move: Wish|[wisher] Alomomola
|upkeep
|turn|44
|inactive|WolfStern has 120 seconds left.
|inactive|WolfStern has 90 seconds left.
|inactive|WolfStern has 60 seconds left.
|inactive|WolfStern has 30 seconds left.
|inactive|WolfStern has 20 seconds left.
|inactive|WolfStern has 15 seconds left.
|inactive|WolfStern has 10 seconds left.
|inactive|WolfStern has 5 seconds left.
|-message|WolfStern lost due to inactivity.
|
|win|KennytheslugSmith
|raw|KennytheslugSmith's rating: 1165 &rarr; <strong>1187</strong><br />(+22 for winning)
|raw|WolfStern's rating: 1127 &rarr; <strong>1105</strong><br />(-22 for losing)
|l|☆WolfStern
|player|p2|
