|j|☆nightbq
|j|☆Lingonbingon
|t:|1760871236
|gametype|singles
|player|p1|nightbq|hilbert-wonderlauncher|1415
|player|p2|Lingonbingon|iris-gen5bw2|1442
|gen|9
|tier|[Gen 9] OU
|rated|
|rule|HP Percentage Mod: HP is shown in percentages
|rule|Endless Battle Clause: Forcing endless battles is banned
|rule|Species Clause: Limit one of each Pokémon
|rule|OHKO Clause: OHKO moves are banned
|rule|Evasion Items Clause: Evasion items are banned
|rule|Evasion Moves Clause: Evasion moves are banned
|rule|Evasion Abilities Clause: Evasion abilities are banned
|rule|Sleep Moves Clause: Sleep-inducing moves are banned
|clearpoke
|poke|p1|Torkoal, F|
|poke|p1|Walking Wake|
|poke|p1|Great Tusk|
|poke|p1|Hatterene, F|
|poke|p1|Charizard, M|
|poke|p1|Lilligant-Hisui, F|
|poke|p2|Pelipper, M|
|poke|p2|Barraskewda, F|
|poke|p2|Raging Bolt|
|poke|p2|Tornadus-Therian, M|
|poke|p2|Ogerpon-Wellspring, F|
|poke|p2|Iron Treads|
|teampreview
|inactive|Battle timer is ON: inactive players will automatically lose when time's up. (requested by nightbq)
|
|t:|1760871244
|teamsize|p1|6
|teamsize|p2|6
|start
|switch|p1a: Walking Wake|Walking Wake|100/100
|switch|p2a: Iron Treads|Iron Treads|100/100
|turn|1
|
|t:|1760871262
|move|p1a: Walking Wake|Hydro Steam|p2a: Iron Treads
|-supereffective|p2a: Iron Treads
|-damage|p2a: Iron Treads|0 fnt
|faint|p2a: Iron Treads
|-end|p2a: Iron Treads|Quark Drive|[silent]
|
|upkeep
|
|t:|1760871268
|switch|p2a: Pelipper|Pelipper, M|100/100
|-weather|RainDance|[from] ability: Drizzle|[of] p2a: Pelipper
|turn|2
|
|t:|1760871273
|-end|p1a: Walking Wake|Protosynthesis|[silent]
|switch|p1a: Torkoal|Torkoal, F|100/100
|-weather|SunnyDay|[from] ability: Drought|[of] p1a: Torkoal
|move|p2a: Pelipper|U-turn|p1a: Torkoal
|-resisted|p1a: Torkoal
|-damage|p1a: Torkoal|97/100
|
|t:|1760871279
|switch|p2a: Raging Bolt|Raging Bolt|100/100|[from] U-turn
|-activate|p2a: Raging Bolt|ability: Protosynthesis
|-start|p2a: Raging Bolt|protosynthesisspa
|
|-weather|SunnyDay|[upkeep]
|upkeep
|turn|3
|
|t:|1760871287
|switch|p1a: Hatterene|Hatterene, F|100/100
|move|p2a: Raging Bolt|Dragon Pulse|p1a: Hatterene
|-immune|p1a: Hatterene
|
|-weather|SunnyDay|[upkeep]
|upkeep
|turn|4
|
|t:|1760871293
|move|p2a: Raging Bolt|Weather Ball|p1a: Hatterene
|-damage|p1a: Hatterene|25/100
|-enditem|p1a: Hatterene|Eject Button
|
|t:|1760871302
|switch|p1a: Walking Wake|Walking Wake|100/100
|-activate|p1a: Walking Wake|ability: Protosynthesis
|-start|p1a: Walking Wake|protosynthesisspe
|
|-weather|SunnyDay|[upkeep]
|upkeep
|turn|5
|
|t:|1760871313
|-end|p1a: Walking Wake|Protosynthesis|[silent]
|switch|p1a: Hatterene|Hatterene, F|25/100
|-terastallize|p2a: Raging Bolt|Fairy
|move|p2a: Raging Bolt|Dragon Pulse|p1a: Hatterene
|-immune|p1a: Hatterene
|
|-weather|SunnyDay|[upkeep]
|upkeep
|turn|6
|
|t:|1760871323
|move|p2a: Raging Bolt|Volt Switch|p1a: Hatterene
|-damage|p1a: Hatterene|0 fnt
|faint|p1a: Hatterene
|
|t:|1760871327
|-end|p2a: Raging Bolt|Protosynthesis|[silent]
|switch|p2a: Pelipper|Pelipper, M|100/100|[from] Volt Switch
|-weather|RainDance|[from] ability: Drizzle|[of] p2a: Pelipper
|
|-weather|RainDance|[upkeep]
|upkeep
|
|t:|1760871336
|switch|p1a: Torkoal|Torkoal, F|97/100
|-weather|SunnyDay|[from] ability: Drought|[of] p1a: Torkoal
|turn|7
|
|t:|1760871340
|move|p2a: Pelipper|U-turn|p1a: Torkoal
|-resisted|p1a: Torkoal
|-damage|p1a: Torkoal|94/100
|
|t:|1760871346
|switch|p2a: Raging Bolt|Raging Bolt, tera:Fairy|100/100|[from] U-turn
|-activate|p2a: Raging Bolt|ability: Protosynthesis
|-start|p2a: Raging Bolt|protosynthesisspa
|move|p1a: Torkoal|Stealth Rock|p2a: Raging Bolt
|-sidestart|p2: Lingonbingon|move: Stealth Rock
|
|-weather|SunnyDay|[upkeep]
|upkeep
|turn|8
|
|t:|1760871356
|switch|p1a: Great Tusk|Great Tusk|100/100
|-activate|p1a: Great Tusk|ability: Protosynthesis
|-start|p1a: Great Tusk|protosynthesisspe
|move|p2a: Raging Bolt|Dragon Pulse|p1a: Great Tusk
|-damage|p1a: Great Tusk|56/100
|
|-weather|SunnyDay|[upkeep]
|upkeep
|turn|9
|
|t:|1760871368
|move|p1a: Great Tusk|Knock Off|p2a: Raging Bolt
|-resisted|p2a: Raging Bolt
|-damage|p2a: Raging Bolt|89/100
|-enditem|p2a: Raging Bolt|Leftovers|[from] move: Knock Off|[of] p1a: Great Tusk
|move|p2a: Raging Bolt|Weather Ball|p1a: Great Tusk
|-damage|p1a: Great Tusk|3/100
|
|-weather|SunnyDay|[upkeep]
|upkeep
|turn|10
|
|t:|1760871378
|-end|p2a: Raging Bolt|Protosynthesis|[silent]
|switch|p2a: Pelipper|Pelipper, M|100/100
|-damage|p2a: Pelipper|76/100|[from] Stealth Rock
|-weather|RainDance|[from] ability: Drizzle|[of] p2a: Pelipper
|-end|p1a: Great Tusk|Protosynthesis
|move|p1a: Great Tusk|Close Combat|p2a: Pelipper
|-resisted|p2a: Pelipper
|-damage|p2a: Pelipper|52/100
|-unboost|p1a: Great Tusk|def|1
|-unboost|p1a: Great Tusk|spd|1
|
|-weather|RainDance|[upkeep]
|upkeep
|turn|11
|
|t:|1760871389
|move|p1a: Great Tusk|Knock Off|p2a: Pelipper
|-damage|p2a: Pelipper|25/100
|-enditem|p2a: Pelipper|Damp Rock|[from] move: Knock Off|[of] p1a: Great Tusk
|move|p2a: Pelipper|Roost|p2a: Pelipper
|-heal|p2a: Pelipper|75/100
|-singleturn|p2a: Pelipper|move: Roost
|
|-weather|RainDance|[upkeep]
|upkeep
|turn|12
|
|t:|1760871397
|-end|p1a: Great Tusk|Protosynthesis|[silent]
|switch|p1a: Torkoal|Torkoal, F|94/100
|-weather|SunnyDay|[from] ability: Drought|[of] p1a: Torkoal
|move|p2a: Pelipper|U-turn|p1a: Torkoal
|-resisted|p1a: Torkoal
|-damage|p1a: Torkoal|90/100
|
|t:|1760871404
|switch|p2a: Raging Bolt|Raging Bolt, tera:Fairy|89/100|[from] U-turn
|-damage|p2a: Raging Bolt|77/100|[from] Stealth Rock
|-activate|p2a: Raging Bolt|ability: Protosynthesis
|-start|p2a: Raging Bolt|protosynthesisspa
|
|-weather|SunnyDay|[upkeep]
|upkeep
|turn|13
|
|t:|1760871410
|switch|p1a: Great Tusk|Great Tusk|3/100
|-activate|p1a: Great Tusk|ability: Protosynthesis
|-start|p1a: Great Tusk|protosynthesisspe
|move|p2a: Raging Bolt|Dragon Pulse|p1a: Great Tusk
|-damage|p1a: Great Tusk|0 fnt
|faint|p1a: Great Tusk
|-end|p1a: Great Tusk|Protosynthesis|[silent]
|
|-weather|SunnyDay|[upkeep]
|upkeep
|
|t:|1760871420
|switch|p1a: Walking Wake|Walking Wake|100/100
|-activate|p1a: Walking Wake|ability: Protosynthesis
|-start|p1a: Walking Wake|protosynthesisspe
|turn|14
|
|t:|1760871428
|-end|p2a: Raging Bolt|Protosynthesis|[silent]
|switch|p2a: Ogerpon|Ogerpon-Wellspring, F|100/100
|-damage|p2a: Ogerpon|88/100|[from] Stealth Rock
|move|p1a: Walking Wake|Flamethrower|p2a: Ogerpon
|-damage|p2a: Ogerpon|2/100
|
|-weather|SunnyDay|[upkeep]
|upkeep
|turn|15
|
|t:|1760871437
|move|p1a: Walking Wake|Flamethrower|p2a: Ogerpon
|-damage|p2a: Ogerpon|0 fnt
|faint|p2a: Ogerpon
|
|-weather|SunnyDay|[upkeep]
|upkeep
|
|t:|1760871442
|switch|p2a: Pelipper|Pelipper, M|75/100
|-damage|p2a: Pelipper|50/100|[from] Stealth Rock
|-weather|RainDance|[from] ability: Drizzle|[of] p2a: Pelipper
|-end|p1a: Walking Wake|Protosynthesis
|turn|16
|
|t:|1760871448
|-end|p1a: Walking Wake|Protosynthesis|[silent]
|switch|p1a: Torkoal|Torkoal, F|90/100
|-weather|SunnyDay|[from] ability: Drought|[of] p1a: Torkoal
|move|p2a: Pelipper|Hurricane|p1a: Torkoal
|-damage|p1a: Torkoal|55/100
|-start|p1a: Torkoal|confusion
|
|-weather|SunnyDay|[upkeep]
|upkeep
|turn|17
|
|t:|1760871458
|switch|p1a: Walking Wake|Walking Wake|100/100
|-activate|p1a: Walking Wake|ability: Protosynthesis
|-start|p1a: Walking Wake|protosynthesisspe
|move|p2a: Pelipper|Roost|p2a: Pelipper
|-heal|p2a: Pelipper|100/100
|-singleturn|p2a: Pelipper|move: Roost
|
|-weather|SunnyDay|[upkeep]
|upkeep
|turn|18
|
|t:|1760871469
|move|p1a: Walking Wake|Hydro Steam|p2a: Pelipper
|-resisted|p2a: Pelipper
|-damage|p2a: Pelipper|52/100
|move|p2a: Pelipper|Hurricane|p1a: Walking Wake|[miss]
|-miss|p2a: Pelipper|p1a: Walking Wake
|
|-weather|SunnyDay|[upkeep]
|upkeep
|turn|19
|
|t:|1760871485
|-end|p1a: Walking Wake|Protosynthesis|[silent]
|switch|p1a: Charizard|Charizard, M|100/100
|move|p2a: Pelipper|U-turn|p1a: Charizard
|-resisted|p1a: Charizard
|-damage|p1a: Charizard|97/100
|
|t:|1760871491
|switch|p2a: Raging Bolt|Raging Bolt, tera:Fairy|77/100|[from] U-turn
|-damage|p2a: Raging Bolt|64/100|[from] Stealth Rock
|-activate|p2a: Raging Bolt|ability: Protosynthesis
|-start|p2a: Raging Bolt|protosynthesisspa
|
|-weather|SunnyDay|[upkeep]
|-damage|p1a: Charizard|85/100|[from] ability: Solar Power|[of] p1a: Charizard
|upkeep
|turn|20
|
|t:|1760871506
|move|p1a: Charizard|Overheat|p2a: Raging Bolt|[miss]
|-miss|p1a: Charizard|p2a: Raging Bolt
|move|p2a: Raging Bolt|Volt Switch|p1a: Charizard
|-supereffective|p1a: Charizard
|-damage|p1a: Charizard|0 fnt
|faint|p1a: Charizard
|c|☆Lingonbingon|rip
|c|☆Lingonbingon|unlucky
|
|t:|1760871518
|-end|p2a: Raging Bolt|Protosynthesis|[silent]
|switch|p2a: Pelipper|Pelipper, M|52/100|[from] Volt Switch
|-damage|p2a: Pelipper|27/100|[from] Stealth Rock
|-weather|RainDance|[from] ability: Drizzle|[of] p2a: Pelipper
|
|-weather|RainDance|[upkeep]
|upkeep
|c|☆nightbq|sad
|
|t:|1760871524
|switch|p1a: Torkoal|Torkoal, F|55/100
|-weather|SunnyDay|[from] ability: Drought|[of] p1a: Torkoal
|turn|21
|c|☆Lingonbingon|great play tbh, thought you expected thunderclap
|
|t:|1760871542
|switch|p1a: Walking Wake|Walking Wake|100/100
|-activate|p1a: Walking Wake|ability: Protosynthesis
|-start|p1a: Walking Wake|protosynthesisspe
|move|p2a: Pelipper|U-turn|p1a: Walking Wake
|-damage|p1a: Walking Wake|91/100
|
|t:|1760871548
|switch|p2a: Raging Bolt|Raging Bolt, tera:Fairy|64/100|[from] U-turn
|-damage|p2a: Raging Bolt|52/100|[from] Stealth Rock
|-activate|p2a: Raging Bolt|ability: Protosynthesis
|-start|p2a: Raging Bolt|protosynthesisspa
|
|-weather|SunnyDay|[upkeep]
|upkeep
|turn|22
|
|t:|1760871555
|move|p2a: Raging Bolt|Thunderclap|p1a: Walking Wake
|-damage|p1a: Walking Wake|32/100
|move|p1a: Walking Wake|Hydro Steam|p2a: Raging Bolt
|-damage|p2a: Raging Bolt|0 fnt
|faint|p2a: Raging Bolt
|-end|p2a: Raging Bolt|Protosynthesis|[silent]
|
|-weather|SunnyDay|[upkeep]
|upkeep
|
|t:|1760871562
|switch|p2a: Pelipper|Pelipper, M|27/100
|-damage|p2a: Pelipper|3/100|[from] Stealth Rock
|-weather|RainDance|[from] ability: Drizzle|[of] p2a: Pelipper
|-end|p1a: Walking Wake|Protosynthesis
|turn|23
|
|t:|1760871569
|move|p1a: Walking Wake|Hydro Steam|p2a: Pelipper
|-resisted|p2a: Pelipper
|-damage|p2a: Pelipper|0 fnt
|faint|p2a: Pelipper
|
|-weather|RainDance|[upkeep]
|upkeep
|
|t:|1760871574
|switch|p2a: Barraskewda|Barraskewda, F|100/100
|-damage|p2a: Barraskewda|88/100|[from] Stealth Rock
|turn|24
|
|t:|1760871578
|-end|p1a: Walking Wake|Protosynthesis|[silent]
|switch|p1a: Torkoal|Torkoal, F|55/100
|-weather|SunnyDay|[from] ability: Drought|[of] p1a: Torkoal
|move|p2a: Barraskewda|Poison Jab|p1a: Torkoal
|-damage|p1a: Torkoal|34/100
|
|-weather|SunnyDay|[upkeep]
|upkeep
|turn|25
|
|t:|1760871588
|switch|p1a: Lilligant|Lilligant-Hisui, F|100/100
|move|p2a: Barraskewda|Flip Turn|p1a: Lilligant
|-resisted|p1a: Lilligant
|-damage|p1a: Lilligant|86/100
|
|t:|1760871593
|switch|p2a: Tornadus|Tornadus-Therian, M|100/100|[from] Flip Turn
|-damage|p2a: Tornadus|76/100|[from] Stealth Rock
|
|-weather|SunnyDay|[upkeep]
|upkeep
|turn|26
|
|t:|1760871599
|move|p1a: Lilligant|Triple Axel|p2a: Tornadus
|-supereffective|p2a: Tornadus
|-damage|p2a: Tornadus|55/100
|-supereffective|p2a: Tornadus
|-damage|p2a: Tornadus|10/100
|-hitcount|p2a: Tornadus|2
|-damage|p1a: Lilligant|76/100|[from] item: Life Orb
|move|p2a: Tornadus|Weather Ball|p1a: Lilligant
|-supereffective|p1a: Lilligant
|-damage|p1a: Lilligant|0 fnt
|faint|p1a: Lilligant
|
|-weather|SunnyDay|[upkeep]
|upkeep
|
|t:|1760871603
|switch|p1a: Walking Wake|Walking Wake|32/100
|-activate|p1a: Walking Wake|ability: Protosynthesis
|-start|p1a: Walking Wake|protosynthesisspe
|turn|27
|
|t:|1760871614
|move|p1a: Walking Wake|Hydro Steam|p2a: Tornadus
|-damage|p2a: Tornadus|0 fnt
|faint|p2a: Tornadus
|
|-weather|SunnyDay|[upkeep]
|upkeep
|
|t:|1760871619
|switch|p2a: Barraskewda|Barraskewda, F|88/100
|-damage|p2a: Barraskewda|76/100|[from] Stealth Rock
|turn|28
|
|t:|1760871623
|-end|p1a: Walking Wake|Protosynthesis|[silent]
|switch|p1a: Torkoal|Torkoal, F|34/100
|move|p2a: Barraskewda|Poison Jab|p1a: Torkoal
|-damage|p1a: Torkoal|13/100
|-status|p1a: Torkoal|psn
|
|-weather|SunnyDay|[upkeep]
|-damage|p1a: Torkoal|1/100 psn|[from] psn
|upkeep
|turn|29
|
|t:|1760871634
|move|p2a: Barraskewda|Poison Jab|p1a: Torkoal
|-damage|p1a: Torkoal|0 fnt
|faint|p1a: Torkoal
|
|-weather|SunnyDay|[upkeep]
|upkeep
|
|t:|1760871636
|switch|p1a: Walking Wake|Walking Wake|32/100
|-activate|p1a: Walking Wake|ability: Protosynthesis
|-start|p1a: Walking Wake|protosynthesisspe
|turn|30
|
|t:|1760871642
|move|p1a: Walking Wake|Draco Meteor|p2a: Barraskewda
|-damage|p2a: Barraskewda|0 fnt
|-unboost|p1a: Walking Wake|spa|2
|faint|p2a: Barraskewda
|
|win|nightbq
|raw|nightbq's rating: 1415 &rarr; <strong>1437</strong><br />(+22 for winning)
|raw|Lingonbingon's rating: 1442 &rarr; <strong>1420</strong><br />(-22 for losing)
|c|☆Lingonbingon|gg
|c|☆Lingonbingon|wp
|c|☆nightbq|gg
|l|☆Lingonbingon
|player|p2|
|c|☆nightbq|u2
|l|☆nightbq
|player|p1|
