|j|☆capitolg
|j|☆SambucaNoMaiku
|t:|1760783491
|gametype|singles
|player|p1|capitolg|bellelba|1161
|player|p2|SambucaNoMaiku|hilbert-wonderlauncher|1170
|gen|9
|tier|[Gen 9] OU
|rated|
|rule|HP Percentage Mod: HP is shown in percentages
|rule|Endless Battle Clause: Forcing endless battles is banned
|rule|Species Clause: Limit one of each Pokémon
|rule|OHKO Clause: OHKO moves are banned
|rule|Evasion Items Clause: Evasion items are banned
|rule|Evasion Moves Clause: Evasion moves are banned
|rule|Evasion Abilities Clause: Evasion abilities are banned
|rule|Sleep Moves Clause: Sleep-inducing moves are banned
|clearpoke
|poke|p1|Vikavolt, F|
|poke|p1|Gothitelle, F|
|poke|p1|Smeargle, F|
|poke|p1|Empoleon, M|
|poke|p1|Passimian, M|
|poke|p1|Dusknoir, M|
|poke|p2|Infernape, M|
|poke|p2|Greninja-*, M|
|poke|p2|Zoroark-Hisui, M|
|poke|p2|Arcanine, M|
|poke|p2|Dragonite, M|
|poke|p2|Garchomp, M|
|teampreview
|inactive|Battle timer is ON: inactive players will automatically lose when time's up. (requested by capitolg)
|
|t:|1760783543
|teamsize|p1|6
|teamsize|p2|6
|start
|switch|p1a: Vikavolt|Vikavolt, F|100/100
|switch|p2a: dancin bacons|Dragonite, M, shiny|100/100
|turn|1
|
|t:|1760783553
|move|p2a: dancin bacons|Dragon Dance|p2a: dancin bacons
|-boost|p2a: dancin bacons|atk|1
|-boost|p2a: dancin bacons|spe|1
|move|p1a: Vikavolt|Sticky Web|p2a: dancin bacons
|-sidestart|p2: SambucaNoMaiku|move: Sticky Web
|
|upkeep
|turn|2
|
|t:|1760783564
|move|p2a: dancin bacons|Dragon Dance|p2a: dancin bacons
|-boost|p2a: dancin bacons|atk|1
|-boost|p2a: dancin bacons|spe|1
|move|p1a: Vikavolt|Discharge|p2a: dancin bacons
|-damage|p2a: dancin bacons|76/100
|-status|p2a: dancin bacons|par
|
|-heal|p2a: dancin bacons|82/100 par|[from] item: Leftovers
|upkeep
|turn|3
|
|t:|1760783572
|move|p2a: dancin bacons|Dragon Dance|p2a: dancin bacons
|-boost|p2a: dancin bacons|atk|1
|-boost|p2a: dancin bacons|spe|1
|move|p1a: Vikavolt|Discharge|p2a: dancin bacons
|-damage|p2a: dancin bacons|36/100 par
|
|-heal|p2a: dancin bacons|42/100 par|[from] item: Leftovers
|upkeep
|turn|4
|
|t:|1760783577
|move|p2a: dancin bacons|Dragon Claw|p1a: Vikavolt
|-enditem|p1a: Vikavolt|Focus Sash
|-damage|p1a: Vikavolt|1/100
|move|p1a: Vikavolt|Discharge|p2a: dancin bacons
|-crit|p2a: dancin bacons
|-damage|p2a: dancin bacons|0 fnt
|faint|p2a: dancin bacons
|
|upkeep
|
|t:|1760783585
|switch|p2a: sole|Infernape, M|100/100
|-activate|p2a: sole|move: Sticky Web
|-unboost|p2a: sole|spe|1
|turn|5
|
|t:|1760783587
|move|p2a: sole|Mach Punch|p1a: Vikavolt
|-resisted|p1a: Vikavolt
|-damage|p1a: Vikavolt|0 fnt
|faint|p1a: Vikavolt
|-damage|p2a: sole|91/100|[from] item: Life Orb
|
|upkeep
|
|t:|1760783591
|switch|p1a: Smeargle|Smeargle, F|100/100
|turn|6
|
|t:|1760783615
|move|p2a: sole|Mach Punch|p1a: Smeargle
|-supereffective|p1a: Smeargle
|-enditem|p1a: Smeargle|Focus Sash
|-damage|p1a: Smeargle|1/100
|-damage|p2a: sole|81/100|[from] item: Life Orb
|move|p1a: Smeargle|Court Change|p1a: Smeargle
|-swapsideconditions
|-activate|p1a: Smeargle|move: Court Change
|
|upkeep
|turn|7
|
|t:|1760783620
|move|p2a: sole|Mach Punch|p1a: Smeargle
|-supereffective|p1a: Smeargle
|-damage|p1a: Smeargle|0 fnt
|faint|p1a: Smeargle
|-damage|p2a: sole|71/100|[from] item: Life Orb
|
|upkeep
|
|t:|1760783622
|switch|p1a: Dusknoir|Dusknoir, M|100/100
|-activate|p1a: Dusknoir|move: Sticky Web
|-unboost|p1a: Dusknoir|spe|1
|-ability|p1a: Dusknoir|Pressure
|turn|8
|-message|SambucaNoMaiku forfeited.
|
|win|capitolg
|raw|capitolg's rating: 1161 &rarr; <strong>1187</strong><br />(+26 for winning)
|raw|SambucaNoMaiku's rating: 1170 &rarr; <strong>1144</strong><br />(-26 for losing)
|l|☆SambucaNoMaiku
|player|p2|
|l|☆capitolg
|player|p1|
