|j|☆bworkbwork
|j|☆HZBKAI7
|t:|1760737015
|gametype|singles
|player|p1|bworkbwork|colress|1055
|player|p2|HZBKAI7|2|1042
|gen|9
|tier|[Gen 9] OU
|rated|
|rule|HP Percentage Mod: HP is shown in percentages
|rule|Endless Battle Clause: Forcing endless battles is banned
|rule|Species Clause: Limit one of each Pokémon
|rule|OHKO Clause: OHKO moves are banned
|rule|Evasion Items Clause: Evasion items are banned
|rule|Evasion Moves Clause: Evasion moves are banned
|rule|Evasion Abilities Clause: Evasion abilities are banned
|rule|Sleep Moves Clause: Sleep-inducing moves are banned
|clearpoke
|poke|p1|Dragapult, F|
|poke|p1|Minior-Indigo|
|poke|p1|Polteageist|
|poke|p1|Glastrier|
|poke|p1|Deoxys-Speed|
|poke|p1|Gastrodon, F|
|poke|p2|Jirachi|
|poke|p2|Gholdengo|
|poke|p2|Gliscor, M|
|poke|p2|Iron Moth|
|poke|p2|Quaquaval, F|
|poke|p2|Iron Boulder|
|teampreview
|
|t:|1760737034
|teamsize|p1|6
|teamsize|p2|6
|start
|switch|p1a: Before you go|Minior-Indigo, shiny|100/100
|switch|p2a: Jirachi|Jirachi|100/100
|-formechange|p1a: Before you go|Minior-Meteor||[from] ability: Shields Down
|turn|1
|j| Larp legion
|
|t:|1760737035
|move|p2a: Jirachi|Aura Sphere|p1a: Before you go
|-damage|p1a: Before you go|65/100
|move|p1a: Before you go|Stealth Rock|p2a: Jirachi
|-sidestart|p2: HZBKAI7|move: Stealth Rock
|
|upkeep
|turn|2
|
|t:|1760737037
|move|p2a: Jirachi|Aura Sphere|p1a: Before you go
|-damage|p1a: Before you go|30/100
|move|p1a: Before you go|U-turn|p2a: Jirachi
|-damage|p2a: Jirachi|88/100
|
|t:|1760737047
|switch|p1a: DNAIDS|Deoxys-Speed|100/100|[from] U-turn
|-ability|p1a: DNAIDS|Pressure
|
|-heal|p2a: Jirachi|94/100|[from] item: Leftovers
|upkeep
|turn|3
|
|t:|1760737048
|move|p1a: DNAIDS|Substitute|p1a: DNAIDS
|-start|p1a: DNAIDS|Substitute
|-damage|p1a: DNAIDS|76/100
|move|p2a: Jirachi|Calm Mind|p2a: Jirachi
|-boost|p2a: Jirachi|spa|1
|-boost|p2a: Jirachi|spd|1
|
|-heal|p1a: DNAIDS|82/100|[from] item: Leftovers
|-heal|p2a: Jirachi|99/100|[from] item: Leftovers
|upkeep
|turn|4
|
|t:|1760737051
|move|p1a: DNAIDS|Nasty Plot|p1a: DNAIDS
|-boost|p1a: DNAIDS|spa|2
|move|p2a: Jirachi|Calm Mind|p2a: Jirachi
|-boost|p2a: Jirachi|spa|1
|-boost|p2a: Jirachi|spd|1
|
|-heal|p1a: DNAIDS|88/100|[from] item: Leftovers
|-heal|p2a: Jirachi|100/100|[from] item: Leftovers
|upkeep
|turn|5
|
|t:|1760737066
|move|p1a: DNAIDS|Protect|p1a: DNAIDS
|-singleturn|p1a: DNAIDS|Protect
|move|p2a: Jirachi|Calm Mind|p2a: Jirachi
|-boost|p2a: Jirachi|spa|1
|-boost|p2a: Jirachi|spd|1
|
|-heal|p1a: DNAIDS|94/100|[from] item: Leftovers
|upkeep
|turn|6
|
|t:|1760737067
|move|p1a: DNAIDS|Nasty Plot|p1a: DNAIDS
|-boost|p1a: DNAIDS|spa|2
|move|p2a: Jirachi|Calm Mind|p2a: Jirachi
|-boost|p2a: Jirachi|spa|1
|-boost|p2a: Jirachi|spd|1
|
|-heal|p1a: DNAIDS|100/100|[from] item: Leftovers
|upkeep
|turn|7
|
|t:|1760737068
|move|p1a: DNAIDS|Nasty Plot|p1a: DNAIDS
|-boost|p1a: DNAIDS|spa|2
|move|p2a: Jirachi|Calm Mind|p2a: Jirachi
|-boost|p2a: Jirachi|spa|1
|-boost|p2a: Jirachi|spd|1
|
|upkeep
|turn|8
|
|t:|1760737070
|move|p1a: DNAIDS|Ice Beam|p2a: Jirachi
|-resisted|p2a: Jirachi
|-damage|p2a: Jirachi|89/100
|move|p2a: Jirachi|Aura Sphere|p1a: DNAIDS
|-resisted|p1a: DNAIDS
|-end|p1a: DNAIDS|Substitute
|
|-heal|p2a: Jirachi|95/100|[from] item: Leftovers
|upkeep
|turn|9
|
|t:|1760737073
|move|p1a: DNAIDS|Protect|p1a: DNAIDS
|-singleturn|p1a: DNAIDS|Protect
|move|p2a: Jirachi|Aura Sphere|p1a: DNAIDS
|-activate|p1a: DNAIDS|move: Protect
|
|-heal|p2a: Jirachi|100/100|[from] item: Leftovers
|upkeep
|turn|10
|
|t:|1760737074
|move|p1a: DNAIDS|Substitute|p1a: DNAIDS
|-start|p1a: DNAIDS|Substitute
|-damage|p1a: DNAIDS|76/100
|move|p2a: Jirachi|Aura Sphere|p1a: DNAIDS
|-resisted|p1a: DNAIDS
|-end|p1a: DNAIDS|Substitute
|
|-heal|p1a: DNAIDS|82/100|[from] item: Leftovers
|upkeep
|turn|11
|
|t:|1760737076
|move|p1a: DNAIDS|Protect|p1a: DNAIDS
|-singleturn|p1a: DNAIDS|Protect
|move|p2a: Jirachi|Aura Sphere|p1a: DNAIDS
|-activate|p1a: DNAIDS|move: Protect
|
|-heal|p1a: DNAIDS|88/100|[from] item: Leftovers
|upkeep
|turn|12
|
|t:|1760737077
|move|p1a: DNAIDS|Substitute|p1a: DNAIDS
|-start|p1a: DNAIDS|Substitute
|-damage|p1a: DNAIDS|63/100
|move|p2a: Jirachi|Aura Sphere|p1a: DNAIDS
|-resisted|p1a: DNAIDS
|-end|p1a: DNAIDS|Substitute
|
|-heal|p1a: DNAIDS|69/100|[from] item: Leftovers
|upkeep
|turn|13
|
|t:|1760737079
|move|p1a: DNAIDS|Protect|p1a: DNAIDS
|-singleturn|p1a: DNAIDS|Protect
|move|p2a: Jirachi|Aura Sphere|p1a: DNAIDS
|-activate|p1a: DNAIDS|move: Protect
|
|-heal|p1a: DNAIDS|76/100|[from] item: Leftovers
|upkeep
|turn|14
|
|t:|1760737080
|move|p1a: DNAIDS|Substitute|p1a: DNAIDS
|-start|p1a: DNAIDS|Substitute
|-damage|p1a: DNAIDS|51/100
|move|p2a: Jirachi|Aura Sphere|p1a: DNAIDS
|-resisted|p1a: DNAIDS
|-end|p1a: DNAIDS|Substitute
|
|-heal|p1a: DNAIDS|57/100|[from] item: Leftovers
|upkeep
|turn|15
|
|t:|1760737081
|move|p1a: DNAIDS|Protect|p1a: DNAIDS
|-singleturn|p1a: DNAIDS|Protect
|move|p2a: Jirachi|Aura Sphere|p1a: DNAIDS
|-activate|p1a: DNAIDS|move: Protect
|
|-heal|p1a: DNAIDS|63/100|[from] item: Leftovers
|upkeep
|turn|16
|
|t:|1760737083
|move|p1a: DNAIDS|Substitute|p1a: DNAIDS
|-start|p1a: DNAIDS|Substitute
|-damage|p1a: DNAIDS|38/100
|move|p2a: Jirachi|Aura Sphere|p1a: DNAIDS
|-resisted|p1a: DNAIDS
|-end|p1a: DNAIDS|Substitute
|
|-heal|p1a: DNAIDS|44/100|[from] item: Leftovers
|upkeep
|turn|17
|
|t:|1760737085
|move|p1a: DNAIDS|Protect|p1a: DNAIDS
|-singleturn|p1a: DNAIDS|Protect
|move|p2a: Jirachi|Aura Sphere|p1a: DNAIDS
|-activate|p1a: DNAIDS|move: Protect
|
|-heal|p1a: DNAIDS|51/100|[from] item: Leftovers
|upkeep
|turn|18
|
|t:|1760737087
|move|p1a: DNAIDS|Substitute|p1a: DNAIDS
|-start|p1a: DNAIDS|Substitute
|-damage|p1a: DNAIDS|26/100
|move|p2a: Jirachi|Aura Sphere|p1a: DNAIDS
|-resisted|p1a: DNAIDS
|-end|p1a: DNAIDS|Substitute
|
|-heal|p1a: DNAIDS|32/100|[from] item: Leftovers
|upkeep
|turn|19
|
|t:|1760737088
|move|p1a: DNAIDS|Protect|p1a: DNAIDS
|-singleturn|p1a: DNAIDS|Protect
|move|p2a: Jirachi|Aura Sphere|p1a: DNAIDS
|-activate|p1a: DNAIDS|move: Protect
|
|-heal|p1a: DNAIDS|38/100|[from] item: Leftovers
|upkeep
|turn|20
|
|t:|1760737089
|move|p1a: DNAIDS|Substitute|p1a: DNAIDS
|-start|p1a: DNAIDS|Substitute
|-damage|p1a: DNAIDS|13/100
|move|p2a: Jirachi|Aura Sphere|p1a: DNAIDS
|-resisted|p1a: DNAIDS
|-end|p1a: DNAIDS|Substitute
|
|-heal|p1a: DNAIDS|20/100|[from] item: Leftovers
|upkeep
|turn|21
|
|t:|1760737090
|move|p1a: DNAIDS|Protect|p1a: DNAIDS
|-singleturn|p1a: DNAIDS|Protect
|move|p2a: Jirachi|Aura Sphere|p1a: DNAIDS
|-activate|p1a: DNAIDS|move: Protect
|
|-heal|p1a: DNAIDS|26/100|[from] item: Leftovers
|upkeep
|turn|22
|
|t:|1760737093
|move|p1a: DNAIDS|Substitute|p1a: DNAIDS
|-start|p1a: DNAIDS|Substitute
|-damage|p1a: DNAIDS|1/100
|move|p2a: Jirachi|Aura Sphere|p1a: DNAIDS
|-resisted|p1a: DNAIDS
|-end|p1a: DNAIDS|Substitute
|
|-heal|p1a: DNAIDS|7/100|[from] item: Leftovers
|upkeep
|turn|23
|j| bitter herbert
|
|t:|1760737095
|move|p1a: DNAIDS|Protect|p1a: DNAIDS
|-singleturn|p1a: DNAIDS|Protect
|move|p2a: Jirachi|Calm Mind|p2a: Jirachi
|-boost|p2a: Jirachi|spa|1
|-boost|p2a: Jirachi|spd|1
|
|-heal|p1a: DNAIDS|13/100|[from] item: Leftovers
|upkeep
|turn|24
|
|t:|1760737097
|move|p1a: DNAIDS|Ice Beam|p2a: Jirachi
|-resisted|p2a: Jirachi
|-damage|p2a: Jirachi|89/100
|-status|p2a: Jirachi|frz
|cant|p2a: Jirachi|frz
|
|-heal|p1a: DNAIDS|20/100|[from] item: Leftovers
|-heal|p2a: Jirachi|95/100 frz|[from] item: Leftovers
|upkeep
|turn|25
|
|t:|1760737101
|move|p1a: DNAIDS|Protect|p1a: DNAIDS
|-singleturn|p1a: DNAIDS|Protect
|cant|p2a: Jirachi|frz
|
|-heal|p1a: DNAIDS|26/100|[from] item: Leftovers
|-heal|p2a: Jirachi|100/100 frz|[from] item: Leftovers
|upkeep
|turn|26
|
|t:|1760737102
|move|p1a: DNAIDS|Substitute|p1a: DNAIDS
|-start|p1a: DNAIDS|Substitute
|-damage|p1a: DNAIDS|1/100
|cant|p2a: Jirachi|frz
|
|-heal|p1a: DNAIDS|7/100|[from] item: Leftovers
|upkeep
|turn|27
|
|t:|1760737104
|move|p1a: DNAIDS|Ice Beam|p2a: Jirachi
|-resisted|p2a: Jirachi
|-damage|p2a: Jirachi|90/100 frz
|cant|p2a: Jirachi|frz
|
|-heal|p1a: DNAIDS|13/100|[from] item: Leftovers
|-heal|p2a: Jirachi|96/100 frz|[from] item: Leftovers
|upkeep
|turn|28
|
|t:|1760737106
|move|p1a: DNAIDS|Ice Beam|p2a: Jirachi
|-resisted|p2a: Jirachi
|-damage|p2a: Jirachi|85/100 frz
|cant|p2a: Jirachi|frz
|
|-heal|p1a: DNAIDS|20/100|[from] item: Leftovers
|-heal|p2a: Jirachi|91/100 frz|[from] item: Leftovers
|upkeep
|turn|29
|
|t:|1760737107
|move|p1a: DNAIDS|Ice Beam|p2a: Jirachi
|-resisted|p2a: Jirachi
|-damage|p2a: Jirachi|81/100 frz
|cant|p2a: Jirachi|frz
|
|-heal|p1a: DNAIDS|26/100|[from] item: Leftovers
|-heal|p2a: Jirachi|87/100 frz|[from] item: Leftovers
|upkeep
|turn|30
|
|t:|1760737108
|move|p1a: DNAIDS|Ice Beam|p2a: Jirachi
|-resisted|p2a: Jirachi
|-damage|p2a: Jirachi|77/100 frz
|cant|p2a: Jirachi|frz
|
|-heal|p1a: DNAIDS|32/100|[from] item: Leftovers
|-heal|p2a: Jirachi|83/100 frz|[from] item: Leftovers
|upkeep
|turn|31
|
|t:|1760737109
|move|p1a: DNAIDS|Ice Beam|p2a: Jirachi
|-resisted|p2a: Jirachi
|-damage|p2a: Jirachi|73/100 frz
|cant|p2a: Jirachi|frz
|
|-heal|p1a: DNAIDS|38/100|[from] item: Leftovers
|-heal|p2a: Jirachi|79/100 frz|[from] item: Leftovers
|upkeep
|turn|32
|c| bitter herbert|LOL
|
|t:|1760737111
|move|p1a: DNAIDS|Ice Beam|p2a: Jirachi
|-resisted|p2a: Jirachi
|-damage|p2a: Jirachi|68/100 frz
|cant|p2a: Jirachi|frz
|
|-heal|p1a: DNAIDS|44/100|[from] item: Leftovers
|-heal|p2a: Jirachi|74/100 frz|[from] item: Leftovers
|upkeep
|turn|33
|
|t:|1760737112
|move|p1a: DNAIDS|Ice Beam|p2a: Jirachi
|-resisted|p2a: Jirachi
|-damage|p2a: Jirachi|63/100 frz
|-curestatus|p2a: Jirachi|frz|[msg]
|move|p2a: Jirachi|Calm Mind|p2a: Jirachi
|-boost|p2a: Jirachi|spa|0
|-boost|p2a: Jirachi|spd|0
|
|-heal|p1a: DNAIDS|51/100|[from] item: Leftovers
|-heal|p2a: Jirachi|70/100|[from] item: Leftovers
|upkeep
|turn|34
|
|t:|1760737114
|move|p1a: DNAIDS|Protect|p1a: DNAIDS
|-singleturn|p1a: DNAIDS|Protect
|move|p2a: Jirachi|Calm Mind|p2a: Jirachi
|-boost|p2a: Jirachi|spa|0
|-boost|p2a: Jirachi|spd|0
|
|-heal|p1a: DNAIDS|57/100|[from] item: Leftovers
|-heal|p2a: Jirachi|76/100|[from] item: Leftovers
|upkeep
|turn|35
|
|t:|1760737116
|move|p1a: DNAIDS|Nasty Plot|p1a: DNAIDS
|-boost|p1a: DNAIDS|spa|0
|move|p2a: Jirachi|Calm Mind|p2a: Jirachi
|-boost|p2a: Jirachi|spa|0
|-boost|p2a: Jirachi|spd|0
|
|-heal|p1a: DNAIDS|63/100|[from] item: Leftovers
|-heal|p2a: Jirachi|82/100|[from] item: Leftovers
|upkeep
|turn|36
|
|t:|1760737118
|move|p1a: DNAIDS|Nasty Plot|p1a: DNAIDS
|-boost|p1a: DNAIDS|spa|0
|move|p2a: Jirachi|Calm Mind|p2a: Jirachi
|-boost|p2a: Jirachi|spa|0
|-boost|p2a: Jirachi|spd|0
|
|-heal|p1a: DNAIDS|69/100|[from] item: Leftovers
|-heal|p2a: Jirachi|88/100|[from] item: Leftovers
|upkeep
|turn|37
|c| bitter herbert|no fucking way
|
|t:|1760737120
|move|p1a: DNAIDS|Nasty Plot|p1a: DNAIDS
|-boost|p1a: DNAIDS|spa|0
|move|p2a: Jirachi|Calm Mind|p2a: Jirachi
|-boost|p2a: Jirachi|spa|0
|-boost|p2a: Jirachi|spd|0
|
|-heal|p1a: DNAIDS|76/100|[from] item: Leftovers
|-heal|p2a: Jirachi|94/100|[from] item: Leftovers
|upkeep
|turn|38
|
|t:|1760737122
|move|p1a: DNAIDS|Nasty Plot|p1a: DNAIDS
|-boost|p1a: DNAIDS|spa|0
|move|p2a: Jirachi|Calm Mind|p2a: Jirachi
|-boost|p2a: Jirachi|spa|0
|-boost|p2a: Jirachi|spd|0
|
|-heal|p1a: DNAIDS|82/100|[from] item: Leftovers
|-heal|p2a: Jirachi|99/100|[from] item: Leftovers
|upkeep
|turn|39
|
|t:|1760737123
|move|p1a: DNAIDS|Nasty Plot|p1a: DNAIDS
|-boost|p1a: DNAIDS|spa|0
|move|p2a: Jirachi|Calm Mind|p2a: Jirachi
|-boost|p2a: Jirachi|spa|0
|-boost|p2a: Jirachi|spd|0
|
|-heal|p1a: DNAIDS|88/100|[from] item: Leftovers
|-heal|p2a: Jirachi|100/100|[from] item: Leftovers
|upkeep
|turn|40
|
|t:|1760737127
|move|p1a: DNAIDS|Nasty Plot|p1a: DNAIDS
|-boost|p1a: DNAIDS|spa|0
|move|p2a: Jirachi|Calm Mind|p2a: Jirachi
|-boost|p2a: Jirachi|spa|0
|-boost|p2a: Jirachi|spd|0
|
|-heal|p1a: DNAIDS|94/100|[from] item: Leftovers
|upkeep
|turn|41
|
|t:|1760737128
|move|p1a: DNAIDS|Nasty Plot|p1a: DNAIDS
|-boost|p1a: DNAIDS|spa|0
|move|p2a: Jirachi|Calm Mind|p2a: Jirachi
|-boost|p2a: Jirachi|spa|0
|-boost|p2a: Jirachi|spd|0
|
|-heal|p1a: DNAIDS|100/100|[from] item: Leftovers
|upkeep
|turn|42
|
|t:|1760737131
|move|p1a: DNAIDS|Nasty Plot|p1a: DNAIDS
|-boost|p1a: DNAIDS|spa|0
|move|p2a: Jirachi|Calm Mind|p2a: Jirachi
|-boost|p2a: Jirachi|spa|0
|-boost|p2a: Jirachi|spd|0
|
|upkeep
|turn|43
|
|t:|1760737133
|move|p1a: DNAIDS|Nasty Plot|p1a: DNAIDS
|-boost|p1a: DNAIDS|spa|0
|move|p2a: Jirachi|Calm Mind|p2a: Jirachi
|-boost|p2a: Jirachi|spa|0
|-boost|p2a: Jirachi|spd|0
|
|upkeep
|turn|44
|
|t:|1760737134
|move|p1a: DNAIDS|Nasty Plot|p1a: DNAIDS
|-boost|p1a: DNAIDS|spa|0
|move|p2a: Jirachi|Calm Mind|p2a: Jirachi
|-boost|p2a: Jirachi|spa|0
|-boost|p2a: Jirachi|spd|0
|
|upkeep
|turn|45
|
|t:|1760737136
|move|p1a: DNAIDS|Nasty Plot|p1a: DNAIDS
|-boost|p1a: DNAIDS|spa|0
|move|p2a: Jirachi|Calm Mind|p2a: Jirachi
|-boost|p2a: Jirachi|spa|0
|-boost|p2a: Jirachi|spd|0
|
|upkeep
|turn|46
|
|t:|1760737137
|move|p1a: DNAIDS|Nasty Plot|p1a: DNAIDS
|-boost|p1a: DNAIDS|spa|0
|move|p2a: Jirachi|Calm Mind|p2a: Jirachi
|-boost|p2a: Jirachi|spa|0
|-boost|p2a: Jirachi|spd|0
|
|upkeep
|turn|47
|
|t:|1760737139
|move|p1a: DNAIDS|Nasty Plot|p1a: DNAIDS
|-boost|p1a: DNAIDS|spa|0
|move|p2a: Jirachi|Calm Mind|p2a: Jirachi
|-boost|p2a: Jirachi|spa|0
|-boost|p2a: Jirachi|spd|0
|
|upkeep
|turn|48
|
|t:|1760737141
|move|p1a: DNAIDS|Nasty Plot|p1a: DNAIDS
|-boost|p1a: DNAIDS|spa|0
|move|p2a: Jirachi|Calm Mind|p2a: Jirachi
|-boost|p2a: Jirachi|spa|0
|-boost|p2a: Jirachi|spd|0
|
|upkeep
|turn|49
|
|t:|1760737142
|move|p1a: DNAIDS|Nasty Plot|p1a: DNAIDS
|-boost|p1a: DNAIDS|spa|0
|move|p2a: Jirachi|Calm Mind|p2a: Jirachi
|-boost|p2a: Jirachi|spa|0
|-boost|p2a: Jirachi|spd|0
|
|upkeep
|turn|50
|
|t:|1760737143
|move|p1a: DNAIDS|Nasty Plot|p1a: DNAIDS
|-boost|p1a: DNAIDS|spa|0
|move|p2a: Jirachi|Calm Mind|p2a: Jirachi
|-boost|p2a: Jirachi|spa|0
|-boost|p2a: Jirachi|spd|0
|
|upkeep
|turn|51
|
|t:|1760737144
|move|p1a: DNAIDS|Nasty Plot|p1a: DNAIDS
|-boost|p1a: DNAIDS|spa|0
|move|p2a: Jirachi|Calm Mind|p2a: Jirachi
|-boost|p2a: Jirachi|spa|0
|-boost|p2a: Jirachi|spd|0
|
|upkeep
|turn|52
|
|t:|1760737145
|move|p1a: DNAIDS|Nasty Plot|p1a: DNAIDS
|-boost|p1a: DNAIDS|spa|0
|move|p2a: Jirachi|Calm Mind|p2a: Jirachi
|-boost|p2a: Jirachi|spa|0
|-boost|p2a: Jirachi|spd|0
|
|upkeep
|turn|53
|
|t:|1760737146
|move|p1a: DNAIDS|Nasty Plot|p1a: DNAIDS
|-boost|p1a: DNAIDS|spa|0
|move|p2a: Jirachi|Calm Mind|p2a: Jirachi
|-boost|p2a: Jirachi|spa|0
|-boost|p2a: Jirachi|spd|0
|
|upkeep
|turn|54
|
|t:|1760737147
|move|p1a: DNAIDS|Nasty Plot|p1a: DNAIDS
|-boost|p1a: DNAIDS|spa|0
|move|p2a: Jirachi|Calm Mind|p2a: Jirachi
|-boost|p2a: Jirachi|spa|0
|-boost|p2a: Jirachi|spd|0
|
|upkeep
|turn|55
|
|t:|1760737148
|move|p1a: DNAIDS|Nasty Plot|p1a: DNAIDS
|-boost|p1a: DNAIDS|spa|0
|move|p2a: Jirachi|Calm Mind|p2a: Jirachi
|-boost|p2a: Jirachi|spa|0
|-boost|p2a: Jirachi|spd|0
|
|upkeep
|turn|56
|
|t:|1760737150
|move|p1a: DNAIDS|Nasty Plot|p1a: DNAIDS
|-boost|p1a: DNAIDS|spa|0
|move|p2a: Jirachi|Calm Mind|p2a: Jirachi
|-boost|p2a: Jirachi|spa|0
|-boost|p2a: Jirachi|spd|0
|
|upkeep
|turn|57
|
|t:|1760737151
|move|p1a: DNAIDS|Nasty Plot|p1a: DNAIDS
|-boost|p1a: DNAIDS|spa|0
|move|p2a: Jirachi|Calm Mind|p2a: Jirachi
|-boost|p2a: Jirachi|spa|0
|-boost|p2a: Jirachi|spd|0
|
|upkeep
|turn|58
|
|t:|1760737152
|move|p1a: DNAIDS|Nasty Plot|p1a: DNAIDS
|-boost|p1a: DNAIDS|spa|0
|move|p2a: Jirachi|Calm Mind|p2a: Jirachi
|-boost|p2a: Jirachi|spa|0
|-boost|p2a: Jirachi|spd|0
|
|upkeep
|turn|59
|
|t:|1760737154
|move|p1a: DNAIDS|Nasty Plot|p1a: DNAIDS
|-boost|p1a: DNAIDS|spa|0
|move|p2a: Jirachi|Iron Defense|p2a: Jirachi
|-boost|p2a: Jirachi|def|2
|
|upkeep
|turn|60
|
|t:|1760737156
|move|p1a: DNAIDS|Nasty Plot|p1a: DNAIDS
|-boost|p1a: DNAIDS|spa|0
|move|p2a: Jirachi|Iron Defense|p2a: Jirachi
|-boost|p2a: Jirachi|def|2
|
|upkeep
|turn|61
|
|t:|1760737157
|move|p1a: DNAIDS|Nasty Plot|p1a: DNAIDS
|-boost|p1a: DNAIDS|spa|0
|move|p2a: Jirachi|Iron Defense|p2a: Jirachi
|-boost|p2a: Jirachi|def|2
|
|upkeep
|turn|62
|
|t:|1760737161
|switch|p1a: Wisp u were here|Dragapult, F|100/100
|move|p2a: Jirachi|Iron Defense|p2a: Jirachi
|-boost|p2a: Jirachi|def|0
|
|upkeep
|turn|63
|
|t:|1760737163
|move|p1a: Wisp u were here|Dragon Dance|p1a: Wisp u were here
|-boost|p1a: Wisp u were here|atk|1
|-boost|p1a: Wisp u were here|spe|1
|move|p2a: Jirachi|Stored Power|p1a: Wisp u were here
|-damage|p1a: Wisp u were here|0 fnt
|faint|p1a: Wisp u were here
|
|upkeep
|-message|bworkbwork forfeited.
|
|win|HZBKAI7
|raw|bworkbwork's rating: 1055 &rarr; <strong>1036</strong><br />(-19 for losing)
|raw|HZBKAI7's rating: 1042 &rarr; <strong>1077</strong><br />(+35 for winning)
|l|☆bworkbwork
|player|p1|
|n|☆HZBKAI7|hzbkai7
