|j|☆aq296
|j|☆rii555
|t:|1760867033
|gametype|singles
|player|p1|aq296|lucas|1239
|player|p2|rii555|169|1171
|gen|9
|tier|[Gen 9] OU
|rated|
|rule|HP Percentage Mod: HP is shown in percentages
|rule|Endless Battle Clause: Forcing endless battles is banned
|rule|Species Clause: Limit one of each Pokémon
|rule|OHKO Clause: OHKO moves are banned
|rule|Evasion Items Clause: Evasion items are banned
|rule|Evasion Moves Clause: Evasion moves are banned
|rule|Evasion Abilities Clause: Evasion abilities are banned
|rule|Sleep Moves Clause: Sleep-inducing moves are banned
|clearpoke
|poke|p1|Gholdengo|
|poke|p1|Garchomp, F|
|poke|p1|Heatran, F|
|poke|p1|Raging Bolt|
|poke|p1|Scizor, F|
|poke|p1|Great Tusk|
|poke|p2|Deoxys-Speed|
|poke|p2|Great Tusk|
|poke|p2|Sawsbuck-Autumn, F|
|poke|p2|Weavile, F|
|poke|p2|Dragonite, F|
|poke|p2|Klefki, F|
|teampreview
|
|t:|1760867047
|teamsize|p1|6
|teamsize|p2|6
|start
|switch|p1a: Garchomp|Garchomp, F|100/100
|switch|p2a: Deoxys|Deoxys-Speed, shiny|100/100
|-ability|p2a: Deoxys|Pressure
|turn|1
|
|t:|1760867056
|move|p2a: Deoxys|Substitute|p2a: Deoxys
|-start|p2a: Deoxys|Substitute
|-damage|p2a: Deoxys|76/100
|move|p1a: Garchomp|Earthquake|p2a: Deoxys
|-end|p2a: Deoxys|Substitute
|
|upkeep
|turn|2
|
|t:|1760867063
|move|p2a: Deoxys|Psycho Boost|p1a: Garchomp
|-damage|p1a: Garchomp|45/100
|-unboost|p2a: Deoxys|spa|2
|move|p1a: Garchomp|Dragon Tail|p2a: Deoxys
|-damage|p2a: Deoxys|33/100
|drag|p2a: Klefki|Klefki, F|100/100
|
|upkeep
|turn|3
|
|t:|1760867073
|move|p1a: Garchomp|Stealth Rock|p2a: Klefki
|-sidestart|p2: rii555|move: Stealth Rock
|move|p2a: Klefki|Dazzling Gleam|p1a: Garchomp
|-supereffective|p1a: Garchomp
|-crit|p1a: Garchomp
|-damage|p1a: Garchomp|0 fnt
|faint|p1a: Garchomp
|
|upkeep
|
|t:|1760867080
|switch|p1a: Heatran|Heatran, F|100/100
|turn|4
|
|t:|1760867086
|move|p2a: Klefki|Light Screen|p2a: Klefki
|-sidestart|p2: rii555|move: Light Screen
|move|p1a: Heatran|Magma Storm|p2a: Klefki
|-supereffective|p2a: Klefki
|-damage|p2a: Klefki|10/100
|-activate|p2a: Klefki|move: Magma Storm|[of] p1a: Heatran
|
|-damage|p2a: Klefki|0 fnt|[from] move: Magma Storm|[partiallytrapped]
|faint|p2a: Klefki
|upkeep
|
|t:|1760867098
|switch|p2a: Deoxys|Deoxys-Speed, shiny|33/100
|-damage|p2a: Deoxys|21/100|[from] Stealth Rock
|-ability|p2a: Deoxys|Pressure
|turn|5
|
|t:|1760867106
|move|p2a: Deoxys|Focus Blast|p1a: Heatran|[miss]
|-miss|p2a: Deoxys|p1a: Heatran
|move|p1a: Heatran|Dark Pulse|p2a: Deoxys
|-supereffective|p2a: Deoxys
|-damage|p2a: Deoxys|0 fnt
|faint|p2a: Deoxys
|
|upkeep
|
|t:|1760867113
|switch|p2a: Great Tusk|Great Tusk|100/100
|-damage|p2a: Great Tusk|98/100|[from] Stealth Rock
|-enditem|p2a: Great Tusk|Booster Energy
|-activate|p2a: Great Tusk|ability: Protosynthesis|[fromitem]
|-start|p2a: Great Tusk|protosynthesisatk
|turn|6
|
|t:|1760867122
|-terastallize|p1a: Heatran|Water
|move|p2a: Great Tusk|Rapid Spin|p1a: Heatran
|-damage|p1a: Heatran|78/100
|-boost|p2a: Great Tusk|spe|1
|-sideend|p2: rii555|Stealth Rock|[from] move: Rapid Spin|[of] p2a: Great Tusk
|move|p1a: Heatran|Magma Storm|p2a: Great Tusk
|-damage|p2a: Great Tusk|55/100
|-activate|p2a: Great Tusk|move: Magma Storm|[of] p1a: Heatran
|
|-damage|p2a: Great Tusk|43/100|[from] move: Magma Storm|[partiallytrapped]
|upkeep
|turn|7
|
|t:|1760867145
|move|p2a: Great Tusk|Close Combat|p1a: Heatran
|-damage|p1a: Heatran|2/100
|-unboost|p2a: Great Tusk|def|1
|-unboost|p2a: Great Tusk|spd|1
|move|p1a: Heatran|Flash Cannon|p2a: Great Tusk
|-damage|p2a: Great Tusk|0 fnt
|faint|p2a: Great Tusk
|-end|p2a: Great Tusk|Protosynthesis|[silent]
|
|upkeep
|
|t:|1760867154
|switch|p2a: Weavile|Weavile, F|100/100
|turn|8
|
|t:|1760867160
|move|p2a: Weavile|Knock Off|p1a: Heatran
|-damage|p1a: Heatran|0 fnt
|-enditem|p1a: Heatran|Assault Vest|[from] move: Knock Off|[of] p2a: Weavile
|faint|p1a: Heatran
|
|-sideend|p2: rii555|move: Light Screen
|upkeep
|inactive|Battle timer is ON: inactive players will automatically lose when time's up. (requested by aq296)
|
|t:|1760867166
|switch|p1a: Scizor|Scizor, F|100/100
|turn|9
|
|t:|1760867174
|switch|p2a: Dragonite|Dragonite, F|100/100
|move|p1a: Scizor|U-turn|p2a: Dragonite
|-resisted|p2a: Dragonite
|-damage|p2a: Dragonite|84/100
|
|t:|1760867190
|switch|p1a: Gholdengo|Gholdengo|100/100|[from] U-turn
|
|upkeep
|turn|10
|
|t:|1760867199
|move|p1a: Gholdengo|Power Gem|p2a: Dragonite
|-supereffective|p2a: Dragonite
|-damage|p2a: Dragonite|40/100
|-enditem|p2a: Dragonite|Weakness Policy
|-boost|p2a: Dragonite|atk|2|[from] item: Weakness Policy
|-boost|p2a: Dragonite|spa|2|[from] item: Weakness Policy
|move|p2a: Dragonite|Tailwind|p2a: Dragonite
|-sidestart|p2: rii555|move: Tailwind
|
|upkeep
|turn|11
|
|t:|1760867207
|move|p1a: Gholdengo|Power Gem|p2a: Dragonite
|-supereffective|p2a: Dragonite
|-damage|p2a: Dragonite|0 fnt
|faint|p2a: Dragonite
|
|upkeep
|
|t:|1760867212
|switch|p2a: Weavile|Weavile, F|100/100
|turn|12
|
|t:|1760867215
|move|p2a: Weavile|Knock Off|p1a: Gholdengo
|-supereffective|p1a: Gholdengo
|-crit|p1a: Gholdengo
|-damage|p1a: Gholdengo|0 fnt
|-enditem|p1a: Gholdengo|Choice Scarf|[from] move: Knock Off|[of] p2a: Weavile
|faint|p1a: Gholdengo
|
|upkeep
|
|t:|1760867222
|switch|p1a: Scizor|Scizor, F|100/100
|turn|13
|
|t:|1760867227
|move|p2a: Weavile|Knock Off|p1a: Scizor
|-damage|p1a: Scizor|56/100
|-enditem|p1a: Scizor|Choice Band|[from] move: Knock Off|[of] p2a: Weavile
|move|p1a: Scizor|U-turn|p2a: Weavile
|-supereffective|p2a: Weavile
|-enditem|p2a: Weavile|Focus Sash
|-damage|p2a: Weavile|1/100
|
|t:|1760867235
|switch|p1a: Great Tusk|Great Tusk|100/100|[from] U-turn
|
|-sideend|p2: rii555|move: Tailwind
|upkeep
|turn|14
|
|t:|1760867250
|move|p2a: Weavile|Triple Axel|p1a: Great Tusk
|-supereffective|p1a: Great Tusk
|-damage|p1a: Great Tusk|84/100
|-supereffective|p1a: Great Tusk
|-damage|p1a: Great Tusk|56/100
|-supereffective|p1a: Great Tusk
|-damage|p1a: Great Tusk|9/100
|-hitcount|p1a: Great Tusk|3
|move|p1a: Great Tusk|Close Combat|p2a: Weavile
|-supereffective|p2a: Weavile
|-damage|p2a: Weavile|0 fnt
|-unboost|p1a: Great Tusk|def|1
|-unboost|p1a: Great Tusk|spd|1
|faint|p2a: Weavile
|
|-heal|p1a: Great Tusk|15/100|[from] item: Leftovers
|upkeep
|
|t:|1760867263
|switch|p2a: Sawsbuck|Sawsbuck-Autumn, F, shiny|100/100
|turn|15
|
|t:|1760867268
|move|p1a: Great Tusk|Close Combat|p2a: Sawsbuck
|-supereffective|p2a: Sawsbuck
|-damage|p2a: Sawsbuck|0 fnt
|-unboost|p1a: Great Tusk|def|1
|-unboost|p1a: Great Tusk|spd|1
|faint|p2a: Sawsbuck
|
|win|aq296
|raw|aq296's rating: 1239 &rarr; <strong>1259</strong><br />(+20 for winning)
|raw|rii555's rating: 1171 &rarr; <strong>1151</strong><br />(-20 for losing)
|l|☆rii555
|player|p2|
|l|☆aq296
|player|p1|
