|j|☆WDMYJM
|j|☆mausloas
|t:|1760776272
|gametype|singles
|player|p1|WDMYJM|170|1253
|player|p2|mausloas|266|1259
|gen|9
|tier|[Gen 9] OU
|rated|
|rule|HP Percentage Mod: HP is shown in percentages
|rule|Endless Battle Clause: Forcing endless battles is banned
|rule|Species Clause: Limit one of each Pokémon
|rule|OHKO Clause: OHKO moves are banned
|rule|Evasion Items Clause: Evasion items are banned
|rule|Evasion Moves Clause: Evasion moves are banned
|rule|Evasion Abilities Clause: Evasion abilities are banned
|rule|Sleep Moves Clause: Sleep-inducing moves are banned
|clearpoke
|poke|p1|Hatterene, F|
|poke|p1|Cinderace, M|
|poke|p1|Venusaur, F|
|poke|p1|Iron Valiant|
|poke|p1|Gardevoir, F|
|poke|p1|Lapras, M|
|poke|p2|Kingambit, F|
|poke|p2|Cinderace, F|
|poke|p2|Landorus-Therian, M|
|poke|p2|Iron Valiant|
|poke|p2|Kyurem|
|poke|p2|Slowking-Galar, M|
|teampreview
|inactive|Battle timer is ON: inactive players will automatically lose when time's up. (requested by mausloas)
|
|t:|1760776280
|teamsize|p1|6
|teamsize|p2|6
|start
|switch|p1a: Lapras|Lapras, M|100/100
|switch|p2a: Kyuh|Kyurem, shiny|100/100
|-ability|p2a: Kyuh|Pressure
|turn|1
|
|t:|1760776286
|move|p2a: Kyuh|Substitute|p2a: Kyuh
|-start|p2a: Kyuh|Substitute
|-damage|p2a: Kyuh|76/100
|move|p1a: Lapras|Whirlpool|p2a: Kyuh
|-resisted|p2a: Kyuh
|-crit|p2a: Kyuh
|-activate|p2a: Kyuh|move: Substitute|[damage]
|
|-heal|p2a: Kyuh|82/100|[from] item: Leftovers
|upkeep
|turn|2
|
|t:|1760776294
|move|p2a: Kyuh|Freeze-Dry|p1a: Lapras
|-damage|p1a: Lapras|75/100
|move|p1a: Lapras|Whirlpool|p2a: Kyuh
|-resisted|p2a: Kyuh
|-activate|p2a: Kyuh|move: Substitute|[damage]
|
|-heal|p2a: Kyuh|88/100|[from] item: Leftovers
|-heal|p1a: Lapras|81/100|[from] item: Leftovers
|upkeep
|turn|3
|
|t:|1760776300
|move|p2a: Kyuh|Earth Power|p1a: Lapras
|-damage|p1a: Lapras|61/100
|move|p1a: Lapras|Whirlpool|p2a: Kyuh
|-resisted|p2a: Kyuh
|-activate|p2a: Kyuh|move: Substitute|[damage]
|
|-heal|p2a: Kyuh|94/100|[from] item: Leftovers
|-heal|p1a: Lapras|67/100|[from] item: Leftovers
|upkeep
|turn|4
|
|t:|1760776308
|move|p2a: Kyuh|Earth Power|p1a: Lapras
|-damage|p1a: Lapras|46/100
|move|p1a: Lapras|Whirlpool|p2a: Kyuh
|-resisted|p2a: Kyuh
|-activate|p2a: Kyuh|move: Substitute|[damage]
|
|-heal|p2a: Kyuh|99/100|[from] item: Leftovers
|-heal|p1a: Lapras|52/100|[from] item: Leftovers
|upkeep
|turn|5
|
|t:|1760776319
|move|p2a: Kyuh|Earth Power|p1a: Lapras
|-damage|p1a: Lapras|30/100
|move|p1a: Lapras|Whirlpool|p2a: Kyuh
|-resisted|p2a: Kyuh
|-end|p2a: Kyuh|Substitute
|
|-heal|p2a: Kyuh|100/100|[from] item: Leftovers
|-heal|p1a: Lapras|36/100|[from] item: Leftovers
|upkeep
|turn|6
|
|t:|1760776333
|move|p2a: Kyuh|Substitute|p2a: Kyuh
|-start|p2a: Kyuh|Substitute
|-damage|p2a: Kyuh|76/100
|move|p1a: Lapras|Whirlpool|p2a: Kyuh|[miss]
|-miss|p1a: Lapras|p2a: Kyuh
|
|-heal|p2a: Kyuh|82/100|[from] item: Leftovers
|-heal|p1a: Lapras|42/100|[from] item: Leftovers
|upkeep
|turn|7
|
|t:|1760776337
|move|p2a: Kyuh|Earth Power|p1a: Lapras
|-damage|p1a: Lapras|21/100
|move|p1a: Lapras|Rest|p1a: Lapras
|-status|p1a: Lapras|slp|[from] move: Rest
|-heal|p1a: Lapras|100/100 slp|[silent]
|
|-heal|p2a: Kyuh|88/100|[from] item: Leftovers
|upkeep
|turn|8
|
|t:|1760776344
|move|p2a: Kyuh|Freeze-Dry|p1a: Lapras
|-damage|p1a: Lapras|76/100 slp
|cant|p1a: Lapras|slp
|
|-heal|p2a: Kyuh|94/100|[from] item: Leftovers
|-heal|p1a: Lapras|83/100 slp|[from] item: Leftovers
|upkeep
|turn|9
|
|t:|1760776349
|move|p2a: Kyuh|Freeze-Dry|p1a: Lapras
|-damage|p1a: Lapras|59/100 slp
|cant|p1a: Lapras|slp
|
|-heal|p2a: Kyuh|99/100|[from] item: Leftovers
|-heal|p1a: Lapras|65/100 slp|[from] item: Leftovers
|upkeep
|turn|10
|
|t:|1760776353
|move|p2a: Kyuh|Body Press|p1a: Lapras
|-supereffective|p1a: Lapras
|-damage|p1a: Lapras|43/100 slp
|-curestatus|p1a: Lapras|slp|[msg]
|move|p1a: Lapras|Whirlpool|p2a: Kyuh
|-resisted|p2a: Kyuh
|-activate|p2a: Kyuh|move: Substitute|[damage]
|
|-heal|p2a: Kyuh|100/100|[from] item: Leftovers
|-heal|p1a: Lapras|49/100|[from] item: Leftovers
|upkeep
|turn|11
|
|t:|1760776358
|move|p2a: Kyuh|Body Press|p1a: Lapras
|-supereffective|p1a: Lapras
|-crit|p1a: Lapras
|-damage|p1a: Lapras|14/100
|move|p1a: Lapras|Rest|p1a: Lapras
|-status|p1a: Lapras|slp|[from] move: Rest
|-heal|p1a: Lapras|100/100 slp|[silent]
|
|upkeep
|turn|12
|
|t:|1760776363
|move|p2a: Kyuh|Freeze-Dry|p1a: Lapras
|-damage|p1a: Lapras|75/100 slp
|cant|p1a: Lapras|slp
|
|-heal|p1a: Lapras|82/100 slp|[from] item: Leftovers
|upkeep
|turn|13
|
|t:|1760776367
|move|p2a: Kyuh|Freeze-Dry|p1a: Lapras
|-damage|p1a: Lapras|57/100 slp
|cant|p1a: Lapras|slp
|
|-heal|p1a: Lapras|63/100 slp|[from] item: Leftovers
|upkeep
|turn|14
|
|t:|1760776370
|move|p2a: Kyuh|Freeze-Dry|p1a: Lapras
|-damage|p1a: Lapras|36/100 slp
|-curestatus|p1a: Lapras|slp|[msg]
|move|p1a: Lapras|Whirlpool|p2a: Kyuh
|-resisted|p2a: Kyuh
|-activate|p2a: Kyuh|move: Substitute|[damage]
|
|-heal|p1a: Lapras|43/100|[from] item: Leftovers
|upkeep
|turn|15
|
|t:|1760776375
|move|p2a: Kyuh|Body Press|p1a: Lapras
|-supereffective|p1a: Lapras
|-damage|p1a: Lapras|21/100
|move|p1a: Lapras|Rest|p1a: Lapras
|-status|p1a: Lapras|slp|[from] move: Rest
|-heal|p1a: Lapras|100/100 slp|[silent]
|
|upkeep
|turn|16
|
|t:|1760776384
|switch|p2a: Kuh|Kingambit, F|100/100
|cant|p1a: Lapras|slp
|
|upkeep
|turn|17
|
|t:|1760776387
|move|p2a: Kuh|Iron Head|p1a: Lapras
|-damage|p1a: Lapras|71/100 slp
|cant|p1a: Lapras|slp
|
|-heal|p1a: Lapras|77/100 slp|[from] item: Leftovers
|upkeep
|turn|18
|
|t:|1760776393
|move|p2a: Kuh|Swords Dance|p2a: Kuh
|-boost|p2a: Kuh|atk|2
|-curestatus|p1a: Lapras|slp|[msg]
|move|p1a: Lapras|Perish Song|p1a: Lapras
|-start|p1a: Lapras|perish3|[silent]
|-start|p2a: Kuh|perish3|[silent]
|-fieldactivate|move: Perish Song
|
|-heal|p1a: Lapras|83/100|[from] item: Leftovers
|-start|p2a: Kuh|perish3
|-start|p1a: Lapras|perish3
|upkeep
|turn|19
|
|t:|1760776399
|move|p2a: Kuh|Iron Head|p1a: Lapras
|-damage|p1a: Lapras|16/100
|cant|p1a: Lapras|flinch
|
|-heal|p1a: Lapras|23/100|[from] item: Leftovers
|-start|p2a: Kuh|perish2
|-start|p1a: Lapras|perish2
|upkeep
|turn|20
|
|t:|1760776409
|switch|p1a: Venusaur|Venusaur, F|100/100
|move|p2a: Kuh|Iron Head|p1a: Venusaur
|-damage|p1a: Venusaur|23/100
|
|-heal|p1a: Venusaur|29/100|[from] item: Leftovers
|-start|p2a: Kuh|perish1
|upkeep
|turn|21
|
|t:|1760776416
|-end|p2a: Kuh|fallenundefined|[silent]
|switch|p2a: Luh|Landorus-Therian, M, shiny|100/100
|-ability|p2a: Luh|Intimidate|boost
|-unboost|p1a: Venusaur|atk|1
|move|p1a: Venusaur|Synthesis|p1a: Venusaur
|-heal|p1a: Venusaur|79/100
|
|-heal|p1a: Venusaur|85/100|[from] item: Leftovers
|upkeep
|turn|22
|
|t:|1760776420
|move|p2a: Luh|Stealth Rock|p1a: Venusaur
|-sidestart|p1: WDMYJM|move: Stealth Rock
|move|p1a: Venusaur|Toxic|p2a: Luh
|-status|p2a: Luh|tox
|
|-heal|p1a: Venusaur|91/100|[from] item: Leftovers
|-damage|p2a: Luh|95/100 tox|[from] psn
|upkeep
|turn|23
|
|t:|1760776424
|move|p2a: Luh|U-turn|p1a: Venusaur
|-damage|p1a: Venusaur|72/100
|
|t:|1760776427
|switch|p2a: Kyuh|Kyurem, shiny|100/100|[from] U-turn
|-ability|p2a: Kyuh|Pressure
|move|p1a: Venusaur|Leech Seed|p2a: Kyuh
|-start|p2a: Kyuh|move: Leech Seed
|
|-heal|p1a: Venusaur|79/100|[from] item: Leftovers
|-damage|p2a: Kyuh|88/100|[from] Leech Seed|[of] p1a: Venusaur
|-heal|p1a: Venusaur|92/100|[silent]
|upkeep
|turn|24
|
|t:|1760776435
|switch|p1a: Lapras|Lapras, M|23/100
|-damage|p1a: Lapras|0 fnt|[from] Stealth Rock
|faint|p1a: Lapras
|move|p2a: Kyuh|Freeze-Dry|p1: Lapras|[notarget]
|-fail|p2a: Kyuh
|
|-heal|p2a: Kyuh|94/100|[from] item: Leftovers
|upkeep
|
|t:|1760776441
|switch|p1a: Cinderace|Cinderace, M|100/100
|turn|25
|
|t:|1760776447
|switch|p2a: Luh|Landorus-Therian, M, shiny|95/100 tox
|-ability|p2a: Luh|Intimidate|boost
|-unboost|p1a: Cinderace|atk|1
|move|p1a: Cinderace|High Jump Kick|p2a: Luh
|-start|p1a: Cinderace|typechange|Fighting|[from] ability: Libero
|-resisted|p2a: Luh
|-damage|p2a: Luh|75/100 tox
|-damage|p1a: Cinderace|84/100|[from] item: Rocky Helmet|[of] p2a: Luh
|
|-damage|p2a: Luh|69/100 tox|[from] psn
|upkeep
|turn|26
|
|t:|1760776454
|move|p1a: Cinderace|Court Change|p1a: Cinderace
|-swapsideconditions
|-activate|p1a: Cinderace|move: Court Change
|move|p2a: Luh|Earthquake|p1a: Cinderace
|-damage|p1a: Cinderace|11/100
|
|-damage|p2a: Luh|57/100 tox|[from] psn
|upkeep
|turn|27
|
|t:|1760776467
|switch|p1a: Iron Valiant|Iron Valiant|100/100
|-enditem|p1a: Iron Valiant|Booster Energy
|-activate|p1a: Iron Valiant|ability: Quark Drive|[fromitem]
|-start|p1a: Iron Valiant|quarkdrivespe
|move|p2a: Luh|U-turn|p1a: Iron Valiant
|-resisted|p1a: Iron Valiant
|-damage|p1a: Iron Valiant|93/100
|
|t:|1760776475
|switch|p2a: Slowking Guh|Slowking-Galar, M, shiny|100/100|[from] U-turn
|
|upkeep
|turn|28
|
|t:|1760776489
|-end|p1a: Iron Valiant|Quark Drive|[silent]
|switch|p1a: Hatterene|Hatterene, F|100/100
|move|p2a: Slowking Guh|Thunder Wave|p1a: Hatterene
|move|p1a: Hatterene|Thunder Wave|p2a: Slowking Guh|[from] ability: Magic Bounce
|-status|p2a: Slowking Guh|par
|
|upkeep
|turn|29
|
|t:|1760776495
|move|p1a: Hatterene|Psychic Terrain|p1a: Hatterene
|-fieldstart|move: Psychic Terrain
|move|p2a: Slowking Guh|Sludge Bomb|p1a: Hatterene
|-supereffective|p1a: Hatterene
|-damage|p1a: Hatterene|25/100
|
|upkeep
|turn|30
|
|t:|1760776500
|move|p1a: Hatterene|Expanding Force|p2a: Slowking Guh
|-damage|p2a: Slowking Guh|49/100 par
|move|p2a: Slowking Guh|Sludge Bomb|p1a: Hatterene
|-supereffective|p1a: Hatterene
|-damage|p1a: Hatterene|0 fnt
|faint|p1a: Hatterene
|
|upkeep
|
|t:|1760776503
|switch|p1a: Gardevoir|Gardevoir, F|100/100
|-ability|p1a: Gardevoir|Regenerator|Trace|[from] ability: Trace|[of] p2a: Slowking Guh
|turn|31
|
|t:|1760776508
|-terastallize|p1a: Gardevoir|Psychic
|move|p1a: Gardevoir|Expanding Force|p2a: Slowking Guh
|-damage|p2a: Slowking Guh|0 fnt
|faint|p2a: Slowking Guh
|
|upkeep
|
|t:|1760776518
|switch|p2a: Cuh|Cinderace, F, shiny|100/100
|turn|32
|
|t:|1760776521
|move|p1a: Gardevoir|Expanding Force|p2a: Cuh
|-damage|p2a: Cuh|0 fnt
|faint|p2a: Cuh
|
|upkeep
|
|t:|1760776523
|switch|p2a: Kuh|Kingambit, F|100/100
|-damage|p2a: Kuh|94/100|[from] Stealth Rock
|-activate|p2a: Kuh|ability: Supreme Overlord
|-start|p2a: Kuh|fallen2|[silent]
|turn|33
|
|t:|1760776525
|switch|p1a: Iron Valiant|Iron Valiant|93/100
|move|p2a: Kuh|Sucker Punch||[still]
|-fail|p2a: Kuh
|
|-heal|p2a: Kuh|100/100|[from] item: Leftovers
|upkeep
|turn|34
|
|t:|1760776530
|-terastallize|p2a: Kuh|Flying
|move|p1a: Iron Valiant|Close Combat|p2a: Kuh
|-resisted|p2a: Kuh
|-damage|p2a: Kuh|81/100
|-unboost|p1a: Iron Valiant|def|1
|-unboost|p1a: Iron Valiant|spd|1
|move|p2a: Kuh|Iron Head|p1a: Iron Valiant
|-supereffective|p1a: Iron Valiant
|-damage|p1a: Iron Valiant|0 fnt
|faint|p1a: Iron Valiant
|-end|p1a: Iron Valiant|Quark Drive|[silent]
|
|-heal|p2a: Kuh|87/100|[from] item: Leftovers
|upkeep
|
|t:|1760776534
|switch|p1a: Gardevoir|Gardevoir, F, tera:Psychic|100/100
|-ability|p1a: Gardevoir|Supreme Overlord|Trace|[from] ability: Trace|[of] p2a: Kuh
|-activate|p1a: Gardevoir|ability: Supreme Overlord
|-start|p1a: Gardevoir|fallen3|[silent]
|turn|35
|
|t:|1760776541
|move|p2a: Kuh|Sucker Punch|p1a: Gardevoir
|-activate|p1a: Gardevoir|move: Psychic Terrain
|move|p1a: Gardevoir|Expanding Force|p2a: Kuh
|-crit|p2a: Kuh
|-damage|p2a: Kuh|0 fnt
|faint|p2a: Kuh
|-end|p2a: Kuh|fallen2|[silent]
|
|upkeep
|
|t:|1760776547
|switch|p2a: Luh|Landorus-Therian, M, shiny|57/100 tox
|-damage|p2a: Luh|45/100 tox|[from] Stealth Rock
|-ability|p2a: Luh|Intimidate|boost
|-unboost|p1a: Gardevoir|atk|1
|turn|36
|
|t:|1760776549
|move|p1a: Gardevoir|Expanding Force|p2a: Luh
|-damage|p2a: Luh|0 fnt
|faint|p2a: Luh
|
|-fieldend|move: Psychic Terrain
|upkeep
|
|t:|1760776554
|switch|p2a: Iron Vuh|Iron Valiant|100/100
|-damage|p2a: Iron Vuh|94/100|[from] Stealth Rock
|-enditem|p2a: Iron Vuh|Booster Energy
|-activate|p2a: Iron Vuh|ability: Quark Drive|[fromitem]
|-start|p2a: Iron Vuh|quarkdrivespe
|turn|37
|
|t:|1760776559
|move|p2a: Iron Vuh|Shadow Ball|p1a: Gardevoir
|-supereffective|p1a: Gardevoir
|-damage|p1a: Gardevoir|44/100
|move|p1a: Gardevoir|Expanding Force|p2a: Iron Vuh
|-supereffective|p2a: Iron Vuh
|-damage|p2a: Iron Vuh|0 fnt
|faint|p2a: Iron Vuh
|-end|p2a: Iron Vuh|Quark Drive|[silent]
|
|upkeep
|
|t:|1760776563
|switch|p2a: Kyuh|Kyurem, shiny|94/100
|-damage|p2a: Kyuh|69/100|[from] Stealth Rock
|-ability|p2a: Kyuh|Pressure
|turn|38
|
|t:|1760776566
|-end|p1a: Gardevoir|fallen3|[silent]
|switch|p1a: Cinderace|Cinderace, M|11/100
|move|p2a: Kyuh|Freeze-Dry|p1a: Cinderace
|-resisted|p1a: Cinderace
|-damage|p1a: Cinderace|0 fnt
|faint|p1a: Cinderace
|
|-heal|p2a: Kyuh|76/100|[from] item: Leftovers
|upkeep
|
|t:|1760776568
|switch|p1a: Gardevoir|Gardevoir, F, tera:Psychic|44/100
|-ability|p1a: Gardevoir|Pressure|Trace|[from] ability: Trace|[of] p2a: Kyuh
|-ability|p1a: Gardevoir|Pressure
|turn|39
|
|t:|1760776570
|move|p1a: Gardevoir|Moonblast|p2a: Kyuh
|-supereffective|p2a: Kyuh
|-damage|p2a: Kyuh|0 fnt
|faint|p2a: Kyuh
|
|win|WDMYJM
|raw|WDMYJM's rating: 1253 &rarr; <strong>1278</strong><br />(+25 for winning)
|raw|mausloas's rating: 1259 &rarr; <strong>1234</strong><br />(-25 for losing)
|l|☆mausloas
|player|p2|
|l|☆WDMYJM
|player|p1|
