|j|☆Kiriyo381
|j|☆highbrownsugar97
|t:|1760847803
|gametype|singles
|player|p1|Kiriyo381|dragontamer|1368
|player|p2|highbrownsugar97|silver|1348
|gen|9
|tier|[Gen 9] OU
|rated|
|rule|HP Percentage Mod: HP is shown in percentages
|rule|Endless Battle Clause: Forcing endless battles is banned
|rule|Species Clause: Limit one of each Pokémon
|rule|OHKO Clause: OHKO moves are banned
|rule|Evasion Items Clause: Evasion items are banned
|rule|Evasion Moves Clause: Evasion moves are banned
|rule|Evasion Abilities Clause: Evasion abilities are banned
|rule|Sleep Moves Clause: Sleep-inducing moves are banned
|clearpoke
|poke|p1|Dragonite, F|
|poke|p1|Ninetales, F|
|poke|p1|Venusaur, M|
|poke|p1|Blaziken, M|
|poke|p1|Forretress, M|
|poke|p1|Goodra-Hisui, F|
|poke|p2|Cinderace, M|
|poke|p2|Walking Wake|
|poke|p2|Ninetales, M|
|poke|p2|Great Tusk|
|poke|p2|Cresselia, F|
|poke|p2|Dragonite, M|
|teampreview
|inactive|Battle timer is ON: inactive players will automatically lose when time's up. (requested by Kiriyo381)
|
|t:|1760847819
|teamsize|p1|6
|teamsize|p2|6
|start
|switch|p1a: Ball|Forretress, M|100/100
|switch|p2a: Walking Wake|Walking Wake|100/100
|turn|1
|
|t:|1760847827
|-end|p2a: Walking Wake|Protosynthesis|[silent]
|switch|p2a: Ninetales|Ninetales, M|100/100
|-weather|SunnyDay|[from] ability: Drought|[of] p2a: Ninetales
|move|p1a: Ball|Stealth Rock|p2a: Ninetales
|-sidestart|p2: highbrownsugar97|move: Stealth Rock
|
|-weather|SunnyDay|[upkeep]
|upkeep
|turn|2
|
|t:|1760847833
|move|p2a: Ninetales|Encore|p1a: Ball
|-start|p1a: Ball|Encore
|move|p1a: Ball|Stealth Rock||[still]
|-fail|p1a: Ball
|
|-weather|SunnyDay|[upkeep]
|upkeep
|turn|3
|
|t:|1760847837
|switch|p1a: Moodra|Goodra-Hisui, F|100/100
|move|p2a: Ninetales|Overheat|p1a: Moodra|[miss]
|-miss|p2a: Ninetales|p1a: Moodra
|
|-weather|SunnyDay|[upkeep]
|upkeep
|turn|4
|
|t:|1760847848
|switch|p2a: Cresselia|Cresselia, F|100/100
|-damage|p2a: Cresselia|88/100|[from] Stealth Rock
|move|p1a: Moodra|Surf|p2a: Cresselia
|-damage|p2a: Cresselia|80/100
|-enditem|p2a: Cresselia|Eject Button
|
|t:|1760847855
|switch|p2a: Great Tusk|Great Tusk|100/100
|-damage|p2a: Great Tusk|98/100|[from] Stealth Rock
|-activate|p2a: Great Tusk|ability: Protosynthesis
|-start|p2a: Great Tusk|protosynthesisspe
|
|-weather|SunnyDay|[upkeep]
|upkeep
|turn|5
|
|t:|1760847874
|switch|p1a: Ball|Forretress, M|100/100
|move|p2a: Great Tusk|Rapid Spin|p1a: Ball
|-resisted|p1a: Ball
|-damage|p1a: Ball|96/100
|-boost|p2a: Great Tusk|spe|1
|-sideend|p2: highbrownsugar97|Stealth Rock|[from] move: Rapid Spin|[of] p2a: Great Tusk
|
|-weather|SunnyDay|[upkeep]
|-heal|p1a: Ball|100/100|[from] item: Leftovers
|upkeep
|turn|6
|
|t:|1760847885
|move|p2a: Great Tusk|Close Combat|p1a: Ball
|-damage|p1a: Ball|73/100
|-unboost|p2a: Great Tusk|def|1
|-unboost|p2a: Great Tusk|spd|1
|-enditem|p2a: Great Tusk|Eject Pack
|
|t:|1760847890
|-end|p2a: Great Tusk|Protosynthesis|[silent]
|switch|p2a: Cinderace|Cinderace, M|100/100
|move|p1a: Ball|Body Press|p2a: Cinderace
|-damage|p2a: Cinderace|54/100
|
|-weather|SunnyDay|[upkeep]
|-heal|p1a: Ball|80/100|[from] item: Leftovers
|upkeep
|turn|7
|
|t:|1760847897
|move|p2a: Cinderace|Pyro Ball|p1a: Ball
|-supereffective|p1a: Ball
|-damage|p1a: Ball|0 fnt
|faint|p1a: Ball
|
|-weather|SunnyDay|[upkeep]
|upkeep
|
|t:|1760847913
|switch|p1a: Dracy|Dragonite, F, shiny|100/100
|turn|8
|
|t:|1760847922
|switch|p2a: Ninetales|Ninetales, M|100/100
|move|p1a: Dracy|Dragon Dance|p1a: Dracy
|-boost|p1a: Dracy|atk|1
|-boost|p1a: Dracy|spe|1
|
|-weather|none
|upkeep
|turn|9
|
|t:|1760847931
|switch|p2a: Cresselia|Cresselia, F|80/100
|move|p1a: Dracy|Earthquake|p2a: Cresselia
|-immune|p2a: Cresselia|[from] ability: Levitate
|
|upkeep
|turn|10
|
|t:|1760847935
|move|p1a: Dracy|Dragon Claw|p2a: Cresselia
|-damage|p2a: Cresselia|31/100
|move|p2a: Cresselia|Thunder Wave|p1a: Dracy
|-status|p1a: Dracy|par
|
|upkeep
|turn|11
|
|t:|1760847941
|move|p2a: Cresselia|Ice Beam|p1a: Dracy
|-supereffective|p1a: Dracy
|-damage|p1a: Dracy|64/100 par
|-enditem|p1a: Dracy|Weakness Policy
|-boost|p1a: Dracy|atk|2|[from] item: Weakness Policy
|-boost|p1a: Dracy|spa|2|[from] item: Weakness Policy
|move|p1a: Dracy|Dragon Dance|p1a: Dracy
|-boost|p1a: Dracy|atk|1
|-boost|p1a: Dracy|spe|1
|
|upkeep
|turn|12
|
|t:|1760847953
|move|p1a: Dracy|Extreme Speed|p2a: Cresselia
|-damage|p2a: Cresselia|0 fnt
|faint|p2a: Cresselia
|
|upkeep
|
|t:|1760847957
|switch|p2a: Dragonite|Dragonite, M|100/100
|turn|13
|
|t:|1760847963
|-terastallize|p2a: Dragonite|Fairy
|move|p1a: Dracy|Extreme Speed|p2a: Dragonite
|-damage|p2a: Dragonite|52/100
|move|p2a: Dragonite|Tera Blast|p1a: Dracy|[anim] Tera Blast Fairy
|-supereffective|p1a: Dracy
|-damage|p1a: Dracy|0 fnt
|faint|p1a: Dracy
|
|upkeep
|
|t:|1760847973
|switch|p1a: Moodra|Goodra-Hisui, F|100/100
|turn|14
|
|t:|1760847980
|switch|p2a: Great Tusk|Great Tusk|98/100
|move|p1a: Moodra|Flash Cannon|p2a: Great Tusk
|-damage|p2a: Great Tusk|41/100
|
|upkeep
|turn|15
|
|t:|1760847987
|-terastallize|p1a: Moodra|Flying
|move|p2a: Great Tusk|Close Combat|p1a: Moodra
|-resisted|p1a: Moodra
|-damage|p1a: Moodra|78/100
|-unboost|p2a: Great Tusk|def|1
|-unboost|p2a: Great Tusk|spd|1
|move|p1a: Moodra|Surf|p2a: Great Tusk
|-supereffective|p2a: Great Tusk
|-damage|p2a: Great Tusk|0 fnt
|faint|p2a: Great Tusk
|-end|p2a: Great Tusk|Protosynthesis|[silent]
|
|upkeep
|
|t:|1760847995
|switch|p2a: Ninetales|Ninetales, M|100/100
|-weather|SunnyDay|[from] ability: Drought|[of] p2a: Ninetales
|turn|16
|
|t:|1760848002
|move|p2a: Ninetales|Encore|p1a: Moodra
|-start|p1a: Moodra|Encore
|move|p1a: Moodra|Surf|p2a: Ninetales
|-supereffective|p2a: Ninetales
|-damage|p2a: Ninetales|64/100
|
|-weather|SunnyDay|[upkeep]
|upkeep
|turn|17
|
|t:|1760848008
|switch|p2a: Walking Wake|Walking Wake|100/100
|-activate|p2a: Walking Wake|ability: Protosynthesis
|-start|p2a: Walking Wake|protosynthesisspa
|switch|p1a: Bulba|Venusaur, M|100/100
|
|-weather|SunnyDay|[upkeep]
|upkeep
|turn|18
|
|t:|1760848022
|move|p1a: Bulba|Solar Beam||[still]
|-prepare|p1a: Bulba|Solar Beam
|-anim|p1a: Bulba|Solar Beam|p2a: Walking Wake
|-damage|p2a: Walking Wake|20/100
|-damage|p1a: Bulba|91/100|[from] item: Life Orb
|move|p2a: Walking Wake|Weather Ball|p1a: Bulba
|-supereffective|p1a: Bulba
|-damage|p1a: Bulba|0 fnt
|faint|p1a: Bulba
|
|-weather|SunnyDay|[upkeep]
|upkeep
|
|t:|1760848039
|switch|p1a: Moodra|Goodra-Hisui, F, tera:Flying|78/100
|turn|19
|
|t:|1760848056
|move|p2a: Walking Wake|Weather Ball|p1a: Moodra
|-damage|p1a: Moodra|36/100
|move|p1a: Moodra|Flash Cannon|p2a: Walking Wake
|-resisted|p2a: Walking Wake
|-damage|p2a: Walking Wake|0 fnt
|faint|p2a: Walking Wake
|-end|p2a: Walking Wake|Protosynthesis|[silent]
|
|-weather|SunnyDay|[upkeep]
|upkeep
|
|t:|1760848067
|switch|p2a: Ninetales|Ninetales, M|64/100
|turn|20
|
|t:|1760848071
|move|p2a: Ninetales|Healing Wish|p2a: Ninetales
|faint|p2a: Ninetales
|move|p1a: Moodra|Surf|p2: Ninetales|[notarget]
|-fail|p1a: Moodra
|
|-weather|SunnyDay|[upkeep]
|upkeep
|
|t:|1760848076
|switch|p2a: Dragonite|Dragonite, M, tera:Fairy|52/100
|-heal|p2a: Dragonite|100/100|[from] move: Healing Wish
|turn|21
|
|t:|1760848082
|move|p2a: Dragonite|Dragon Dance|p2a: Dragonite
|-boost|p2a: Dragonite|atk|1
|-boost|p2a: Dragonite|spe|1
|move|p1a: Moodra|Flash Cannon|p2a: Dragonite
|-supereffective|p2a: Dragonite
|-damage|p2a: Dragonite|63/100
|
|-weather|SunnyDay|[upkeep]
|upkeep
|turn|22
|
|t:|1760848098
|move|p2a: Dragonite|Tera Blast|p1a: Moodra|[anim] Tera Blast Fairy
|-damage|p1a: Moodra|0 fnt
|faint|p1a: Moodra
|
|-weather|SunnyDay|[upkeep]
|upkeep
|
|t:|1760848108
|switch|p1a: Tails|Ninetales, F|100/100
|turn|23
|
|t:|1760848113
|move|p2a: Dragonite|Roost|p2a: Dragonite
|-heal|p2a: Dragonite|100/100
|move|p1a: Tails|Overheat|p2a: Dragonite
|-damage|p2a: Dragonite|63/100
|-unboost|p1a: Tails|spa|2
|
|-weather|none
|upkeep
|turn|24
|
|t:|1760848120
|move|p2a: Dragonite|Dragon Dance|p2a: Dragonite
|-boost|p2a: Dragonite|atk|1
|-boost|p2a: Dragonite|spe|1
|move|p1a: Tails|Memento|p2a: Dragonite
|-unboost|p2a: Dragonite|atk|2
|-unboost|p2a: Dragonite|spa|2
|faint|p1a: Tails
|
|upkeep
|
|t:|1760848123
|switch|p1a: Nugget|Blaziken, M|100/100
|turn|25
|
|t:|1760848131
|move|p2a: Dragonite|Roost|p2a: Dragonite
|-heal|p2a: Dragonite|100/100
|move|p1a: Nugget|Swords Dance|p1a: Nugget
|-boost|p1a: Nugget|atk|2
|
|-ability|p1a: Nugget|Speed Boost|boost
|-boost|p1a: Nugget|spe|1
|upkeep
|turn|26
|
|t:|1760848142
|move|p2a: Dragonite|Earthquake|p1a: Nugget
|-supereffective|p1a: Nugget
|-enditem|p1a: Nugget|Focus Sash
|-damage|p1a: Nugget|1/100
|move|p1a: Nugget|Swords Dance|p1a: Nugget
|-boost|p1a: Nugget|atk|2
|
|-ability|p1a: Nugget|Speed Boost|boost
|-boost|p1a: Nugget|spe|1
|upkeep
|turn|27
|
|t:|1760848156
|move|p2a: Dragonite|Earthquake|p1a: Nugget
|-supereffective|p1a: Nugget
|-damage|p1a: Nugget|0 fnt
|faint|p1a: Nugget
|
|win|highbrownsugar97
|raw|Kiriyo381's rating: 1368 &rarr; <strong>1347</strong><br />(-21 for losing)
|raw|highbrownsugar97's rating: 1348 &rarr; <strong>1369</strong><br />(+21 for winning)
|l|☆highbrownsugar97
|player|p2|
|l|☆Kiriyo381
|player|p1|
