|j|☆Starry_horse
|j|☆undftd.one
|t:|1760838932
|gametype|singles
|player|p1|Starry_horse|policeman-gen4|1250
|player|p2|undftd.one|170|1247
|gen|9
|tier|[Gen 9] OU
|rated|
|rule|HP Percentage Mod: HP is shown in percentages
|rule|Endless Battle Clause: Forcing endless battles is banned
|rule|Species Clause: Limit one of each Pokémon
|rule|OHKO Clause: OHKO moves are banned
|rule|Evasion Items Clause: Evasion items are banned
|rule|Evasion Moves Clause: Evasion moves are banned
|rule|Evasion Abilities Clause: Evasion abilities are banned
|rule|Sleep Moves Clause: Sleep-inducing moves are banned
|clearpoke
|poke|p1|Kingambit, F|
|poke|p1|Metagross|
|poke|p1|Azelf|
|poke|p1|Volcanion|
|poke|p1|Weezing-Galar, F|
|poke|p1|Golem-Alola, M|
|poke|p2|Hatterene, F|
|poke|p2|Zapdos|
|poke|p2|Zamazenta-*|
|poke|p2|Walking Wake|
|poke|p2|Landorus-Therian, M|
|poke|p2|Ogerpon-Wellspring, F|
|teampreview
|inactive|Battle timer is ON: inactive players will automatically lose when time's up. (requested by undftd.one)
|
|t:|1760838943
|teamsize|p1|6
|teamsize|p2|6
|start
|switch|p1a: Metagross|Metagross, shiny|100/100
|switch|p2a: Landorus|Landorus-Therian, M|100/100
|-ability|p2a: Landorus|Intimidate|boost
|-fail|p1a: Metagross|unboost|[from] ability: Clear Body|[of] p1a: Metagross
|turn|1
|
|t:|1760838948
|move|p2a: Landorus|Earthquake|p1a: Metagross
|-supereffective|p1a: Metagross
|-damage|p1a: Metagross|5/100
|move|p1a: Metagross|Explosion|p2a: Landorus
|-damage|p2a: Landorus|0 fnt
|faint|p1a: Metagross
|faint|p2a: Landorus
|
|upkeep
|
|t:|1760838963
|switch|p2a: Zapdos|Zapdos|100/100
|switch|p1a: Golem|Golem-Alola, M|100/100
|turn|2
|
|t:|1760838968
|move|p2a: Zapdos|Sunny Day|p2a: Zapdos
|-weather|SunnyDay
|move|p1a: Golem|Explosion|p2a: Zapdos
|-damage|p2a: Zapdos|0 fnt
|faint|p1a: Golem
|faint|p2a: Zapdos
|
|-weather|SunnyDay|[upkeep]
|upkeep
|
|t:|1760838980
|switch|p2a: Hatterene|Hatterene, F, shiny|100/100
|switch|p1a: Volcanion|Volcanion|100/100
|turn|3
|
|t:|1760838988
|move|p1a: Volcanion|Heat Crash|p2a: Hatterene
|-damage|p2a: Hatterene|0 fnt
|faint|p2a: Hatterene
|
|-weather|SunnyDay|[upkeep]
|upkeep
|
|t:|1760838996
|switch|p2a: Zamazenta|Zamazenta|100/100
|-ability|p2a: Zamazenta|Dauntless Shield|boost
|-boost|p2a: Zamazenta|def|1
|turn|4
|
|t:|1760839000
|switch|p1a: Weezing|Weezing-Galar, F|100/100
|-fieldstart|move: Misty Terrain|[from] ability: Misty Surge|[of] p1a: Weezing
|move|p2a: Zamazenta|Howl|p2a: Zamazenta
|-boost|p2a: Zamazenta|atk|1
|
|-weather|SunnyDay|[upkeep]
|upkeep
|turn|5
|
|t:|1760839011
|switch|p2a: Walking Wake|Walking Wake|100/100
|-activate|p2a: Walking Wake|ability: Protosynthesis
|-start|p2a: Walking Wake|protosynthesisspe
|move|p1a: Weezing|Misty Explosion|p2a: Walking Wake
|-supereffective|p2a: Walking Wake
|-damage|p2a: Walking Wake|0 fnt
|faint|p1a: Weezing
|faint|p2a: Walking Wake
|-end|p2a: Walking Wake|Protosynthesis|[silent]
|
|-weather|SunnyDay|[upkeep]
|upkeep
|
|t:|1760839024
|switch|p2a: Ogerpon|Ogerpon-Wellspring, F|100/100
|switch|p1a: Azelf|Azelf|100/100
|turn|6
|
|t:|1760839035
|move|p1a: Azelf|U-turn|p2a: Ogerpon
|-supereffective|p2a: Ogerpon
|-damage|p2a: Ogerpon|14/100
|
|t:|1760839038
|switch|p1a: Volcanion|Volcanion|100/100|[from] U-turn
|move|p2a: Ogerpon|Ivy Cudgel|p1a: Volcanion|[anim] Ivy Cudgel Water
|-immune|p1a: Volcanion|[from] ability: Water Absorb
|
|-weather|none
|upkeep
|turn|7
|
|t:|1760839045
|move|p2a: Ogerpon|Trailblaze|p1a: Volcanion
|-damage|p1a: Volcanion|76/100
|-boost|p2a: Ogerpon|spe|1
|move|p1a: Volcanion|Heat Crash|p2a: Ogerpon
|-damage|p2a: Ogerpon|0 fnt
|faint|p2a: Ogerpon
|
|upkeep
|
|t:|1760839048
|switch|p2a: Zamazenta|Zamazenta|100/100
|turn|8
|
|t:|1760839058
|switch|p1a: Azelf|Azelf|100/100
|move|p2a: Zamazenta|Close Combat|p1a: Azelf
|-resisted|p1a: Azelf
|-damage|p1a: Azelf|39/100
|-unboost|p2a: Zamazenta|def|1
|-unboost|p2a: Zamazenta|spd|1
|-damage|p2a: Zamazenta|91/100|[from] item: Life Orb
|
|-fieldend|Misty Terrain
|upkeep
|turn|9
|
|t:|1760839060
|switch|p1a: Volcanion|Volcanion|76/100
|move|p2a: Zamazenta|Crunch|p1a: Volcanion
|-damage|p1a: Volcanion|48/100
|-damage|p2a: Zamazenta|81/100|[from] item: Life Orb
|
|upkeep
|turn|10
|
|t:|1760839064
|move|p2a: Zamazenta|Close Combat|p1a: Volcanion
|-damage|p1a: Volcanion|0 fnt
|-unboost|p2a: Zamazenta|def|1
|-unboost|p2a: Zamazenta|spd|1
|faint|p1a: Volcanion
|-damage|p2a: Zamazenta|71/100|[from] item: Life Orb
|
|upkeep
|
|t:|1760839068
|switch|p1a: Azelf|Azelf|39/100
|turn|11
|
|t:|1760839073
|move|p2a: Zamazenta|Crunch|p1a: Azelf
|-supereffective|p1a: Azelf
|-damage|p1a: Azelf|0 fnt
|faint|p1a: Azelf
|-damage|p2a: Zamazenta|61/100|[from] item: Life Orb
|
|upkeep
|
|t:|1760839076
|switch|p1a: Kingambit|Kingambit, F|100/100
|-activate|p1a: Kingambit|ability: Supreme Overlord
|-start|p1a: Kingambit|fallen5|[silent]
|-item|p1a: Kingambit|Air Balloon
|turn|12
|
|t:|1760839079
|-terastallize|p2a: Zamazenta|Fairy
|-terastallize|p1a: Kingambit|Dark
|move|p1a: Kingambit|Sucker Punch|p2a: Zamazenta
|-resisted|p2a: Zamazenta
|-damage|p2a: Zamazenta|0 fnt
|faint|p2a: Zamazenta
|
|win|Starry_horse
|raw|Starry_horse's rating: 1250 &rarr; <strong>1275</strong><br />(+25 for winning)
|raw|undftd.one's rating: 1247 &rarr; <strong>1222</strong><br />(-25 for losing)
|l|☆undftd.one
|player|p2|
|l|☆Starry_horse
|player|p1|
