|j|☆treossts
|j|☆dishes_ttv
|t:|1760782279
|gametype|singles
|player|p1|treossts|2|1420
|player|p2|dishes_ttv|2|1405
|gen|9
|tier|[Gen 9] OU
|rated|
|rule|HP Percentage Mod: HP is shown in percentages
|rule|Endless Battle Clause: Forcing endless battles is banned
|rule|Species Clause: Limit one of each Pokémon
|rule|OHKO Clause: OHKO moves are banned
|rule|Evasion Items Clause: Evasion items are banned
|rule|Evasion Moves Clause: Evasion moves are banned
|rule|Evasion Abilities Clause: Evasion abilities are banned
|rule|Sleep Moves Clause: Sleep-inducing moves are banned
|clearpoke
|poke|p1|Ninetales-Alola, M|
|poke|p1|Frosmoth, M|
|poke|p1|Avalugg, M|
|poke|p1|Ceruledge, M|
|poke|p1|Lokix, M|
|poke|p1|Abomasnow, F|
|poke|p2|Arcanine-Hisui, M|
|poke|p2|Darkrai|
|poke|p2|Great Tusk|
|poke|p2|Hatterene, F|
|poke|p2|Ogerpon-Wellspring, F|
|poke|p2|Zapdos|
|teampreview
|inactive|Battle timer is ON: inactive players will automatically lose when time's up. (requested by dishes_ttv)
|
|t:|1760782291
|teamsize|p1|6
|teamsize|p2|6
|start
|switch|p1a: Ninetales|Ninetales-Alola, M|100/100
|switch|p2a: Arcanine|Arcanine-Hisui, M|100/100
|-weather|Snowscape|[from] ability: Snow Warning|[of] p1a: Ninetales
|turn|1
|
|t:|1760782299
|switch|p1a: Avalugg|Avalugg, M|100/100
|move|p2a: Arcanine|Head Smash|p1a: Avalugg
|-supereffective|p1a: Avalugg
|-damage|p1a: Avalugg|46/100
|
|-weather|Snowscape|[upkeep]
|-heal|p1a: Avalugg|52/100|[from] ability: Ice Body
|-heal|p1a: Avalugg|58/100|[from] item: Leftovers
|upkeep
|turn|2
|
|t:|1760782312
|switch|p2a: Hatterene|Hatterene, F|100/100
|move|p1a: Avalugg|Body Press|p2a: Hatterene
|-resisted|p2a: Hatterene
|-damage|p2a: Hatterene|89/100
|
|-weather|Snowscape|[upkeep]
|-heal|p1a: Avalugg|64/100|[from] ability: Ice Body
|-heal|p1a: Avalugg|70/100|[from] item: Leftovers
|upkeep
|turn|3
|
|t:|1760782328
|switch|p1a: Ceruledge|Ceruledge, M|100/100
|move|p2a: Hatterene|Nuzzle|p1a: Ceruledge
|-damage|p1a: Ceruledge|96/100
|-status|p1a: Ceruledge|par
|
|-weather|Snowscape|[upkeep]
|upkeep
|turn|4
|
|t:|1760782342
|switch|p2a: Great Tusk|Great Tusk|100/100
|move|p1a: Ceruledge|Bitter Blade|p2a: Great Tusk
|-damage|p2a: Great Tusk|64/100
|-heal|p1a: Ceruledge|100/100 par|[from] drain|[of] p2a: Great Tusk
|-damage|p1a: Ceruledge|84/100 par|[from] item: Rocky Helmet|[of] p2a: Great Tusk
|
|-weather|Snowscape|[upkeep]
|upkeep
|turn|5
|
|t:|1760782356
|switch|p1a: Avalugg|Avalugg, M|70/100
|move|p2a: Great Tusk|Headlong Rush|p1a: Avalugg
|-damage|p1a: Avalugg|53/100
|-unboost|p2a: Great Tusk|def|1
|-unboost|p2a: Great Tusk|spd|1
|
|-weather|none
|-heal|p1a: Avalugg|59/100|[from] item: Leftovers
|upkeep
|turn|6
|
|t:|1760782368
|-end|p2a: Great Tusk|Protosynthesis|[silent]
|switch|p2a: Hatterene|Hatterene, F|89/100
|move|p1a: Avalugg|Body Press|p2a: Hatterene
|-resisted|p2a: Hatterene
|-damage|p2a: Hatterene|79/100
|
|-heal|p1a: Avalugg|65/100|[from] item: Leftovers
|upkeep
|turn|7
|
|t:|1760782379
|switch|p1a: Ceruledge|Ceruledge, M|84/100 par
|move|p2a: Hatterene|Draining Kiss|p1a: Ceruledge
|-resisted|p1a: Ceruledge
|-damage|p1a: Ceruledge|70/100 par
|-heal|p2a: Hatterene|91/100|[from] drain|[of] p1a: Ceruledge
|
|upkeep
|turn|8
|
|t:|1760782387
|switch|p1a: Abomasnow|Abomasnow, F|100/100
|-weather|Snowscape|[from] ability: Snow Warning|[of] p1a: Abomasnow
|switch|p2a: Great Tusk|Great Tusk|64/100
|
|-weather|Snowscape|[upkeep]
|upkeep
|turn|9
|
|t:|1760782398
|-end|p2a: Great Tusk|Protosynthesis|[silent]
|switch|p2a: Hatterene|Hatterene, F|91/100
|switch|p1a: Avalugg|Avalugg, M|65/100
|
|-weather|Snowscape|[upkeep]
|-heal|p1a: Avalugg|72/100|[from] ability: Ice Body
|-heal|p1a: Avalugg|78/100|[from] item: Leftovers
|upkeep
|turn|10
|
|t:|1760782409
|switch|p1a: Frosmoth|Frosmoth, M|100/100
|move|p2a: Hatterene|Mystical Fire|p1a: Frosmoth
|-supereffective|p1a: Frosmoth
|-damage|p1a: Frosmoth|71/100
|-unboost|p1a: Frosmoth|spa|1
|
|-weather|Snowscape|[upkeep]
|upkeep
|turn|11
|
|t:|1760782418
|-terastallize|p1a: Frosmoth|Ground
|move|p1a: Frosmoth|U-turn|p2a: Hatterene
|-damage|p2a: Hatterene|71/100
|
|t:|1760782422
|switch|p1a: Ceruledge|Ceruledge, M|70/100 par|[from] U-turn
|move|p2a: Hatterene|Nuzzle|p1a: Ceruledge
|-damage|p1a: Ceruledge|66/100 par
|
|-weather|Snowscape|[upkeep]
|upkeep
|turn|12
|
|t:|1760782431
|switch|p2a: Great Tusk|Great Tusk|64/100
|move|p1a: Ceruledge|Bitter Blade|p2a: Great Tusk
|-damage|p2a: Great Tusk|31/100
|-heal|p1a: Ceruledge|83/100 par|[from] drain|[of] p2a: Great Tusk
|-damage|p1a: Ceruledge|67/100 par|[from] item: Rocky Helmet|[of] p2a: Great Tusk
|
|-weather|Snowscape|[upkeep]
|upkeep
|turn|13
|
|t:|1760782441
|switch|p1a: Avalugg|Avalugg, M|78/100
|move|p2a: Great Tusk|Stealth Rock|p1a: Avalugg
|-sidestart|p1: treossts|move: Stealth Rock
|
|-weather|Snowscape|[upkeep]
|-heal|p1a: Avalugg|84/100|[from] ability: Ice Body
|-heal|p1a: Avalugg|90/100|[from] item: Leftovers
|upkeep
|turn|14
|
|t:|1760782450
|-end|p2a: Great Tusk|Protosynthesis|[silent]
|switch|p2a: Zapdos|Zapdos|100/100
|move|p1a: Avalugg|Rapid Spin|p2a: Zapdos
|-damage|p2a: Zapdos|91/100
|-boost|p1a: Avalugg|spe|1
|-sideend|p1: treossts|Stealth Rock|[from] move: Rapid Spin|[of] p1a: Avalugg
|
|-weather|Snowscape|[upkeep]
|-heal|p1a: Avalugg|96/100|[from] ability: Ice Body
|-heal|p1a: Avalugg|100/100|[from] item: Leftovers
|upkeep
|turn|15
|
|t:|1760782461
|switch|p1a: Frosmoth|Frosmoth, M, tera:Ground|71/100
|move|p2a: Zapdos|Hurricane|p1a: Frosmoth
|-damage|p1a: Frosmoth|59/100
|
|-weather|none
|upkeep
|turn|16
|
|t:|1760782469
|switch|p2a: Ogerpon|Ogerpon-Wellspring, F|100/100
|move|p1a: Frosmoth|U-turn|p2a: Ogerpon
|-supereffective|p2a: Ogerpon
|-damage|p2a: Ogerpon|52/100
|
|t:|1760782477
|switch|p1a: Ninetales|Ninetales-Alola, M|100/100|[from] U-turn
|-weather|Snowscape|[from] ability: Snow Warning|[of] p1a: Ninetales
|
|-weather|Snowscape|[upkeep]
|upkeep
|turn|17
|
|t:|1760782484
|move|p1a: Ninetales|Freeze-Dry|p2a: Ogerpon
|-supereffective|p2a: Ogerpon
|-damage|p2a: Ogerpon|0 fnt
|faint|p2a: Ogerpon
|
|-weather|Snowscape|[upkeep]
|upkeep
|
|t:|1760782493
|switch|p2a: Arcanine|Arcanine-Hisui, M|100/100
|turn|18
|
|t:|1760782508
|switch|p1a: Ceruledge|Ceruledge, M|67/100 par
|move|p2a: Arcanine|Head Smash|p1a: Ceruledge|[miss]
|-miss|p2a: Arcanine|p1a: Ceruledge
|
|-weather|Snowscape|[upkeep]
|upkeep
|turn|19
|
|t:|1760782518
|move|p1a: Ceruledge|Shadow Sneak|p2a: Arcanine
|-damage|p2a: Arcanine|72/100
|move|p2a: Arcanine|Head Smash|p1a: Ceruledge
|-supereffective|p1a: Ceruledge
|-damage|p1a: Ceruledge|0 fnt
|faint|p1a: Ceruledge
|
|-weather|Snowscape|[upkeep]
|upkeep
|
|t:|1760782526
|switch|p1a: Avalugg|Avalugg, M|100/100
|turn|20
|
|t:|1760782532
|switch|p2a: Hatterene|Hatterene, F|71/100
|move|p1a: Avalugg|Body Press|p2a: Hatterene
|-resisted|p2a: Hatterene
|-damage|p2a: Hatterene|60/100
|
|-weather|none
|upkeep
|turn|21
|
|t:|1760782540
|switch|p1a: Frosmoth|Frosmoth, M, tera:Ground|59/100
|move|p2a: Hatterene|Psyshock|p1a: Frosmoth
|-damage|p1a: Frosmoth|28/100
|
|upkeep
|turn|22
|
|t:|1760782547
|switch|p1a: Lokix|Lokix, M|100/100
|move|p2a: Hatterene|Psyshock|p1a: Lokix
|-immune|p1a: Lokix
|
|upkeep
|turn|23
|
|t:|1760782553
|switch|p2a: Great Tusk|Great Tusk|31/100
|move|p1a: Lokix|U-turn|p2a: Great Tusk
|-resisted|p2a: Great Tusk
|-damage|p2a: Great Tusk|0 fnt
|-damage|p1a: Lokix|84/100|[from] item: Rocky Helmet|[of] p2a: Great Tusk
|faint|p2a: Great Tusk
|-end|p2a: Great Tusk|Protosynthesis|[silent]
|
|t:|1760782562
|switch|p1a: Abomasnow|Abomasnow, F|100/100|[from] U-turn
|-weather|Snowscape|[from] ability: Snow Warning|[of] p1a: Abomasnow
|
|-weather|Snowscape|[upkeep]
|upkeep
|
|t:|1760782567
|switch|p2a: Arcanine|Arcanine-Hisui, M|72/100
|turn|24
|
|t:|1760782581
|switch|p1a: Avalugg|Avalugg, M|100/100
|move|p2a: Arcanine|Head Smash|p1a: Avalugg
|-supereffective|p1a: Avalugg
|-damage|p1a: Avalugg|46/100
|
|-weather|Snowscape|[upkeep]
|-heal|p1a: Avalugg|52/100|[from] ability: Ice Body
|-heal|p1a: Avalugg|58/100|[from] item: Leftovers
|upkeep
|turn|25
|
|t:|1760782591
|switch|p2a: Hatterene|Hatterene, F|60/100
|move|p1a: Avalugg|Body Press|p2a: Hatterene
|-resisted|p2a: Hatterene
|-damage|p2a: Hatterene|48/100
|
|-weather|Snowscape|[upkeep]
|-heal|p1a: Avalugg|64/100|[from] ability: Ice Body
|-heal|p1a: Avalugg|70/100|[from] item: Leftovers
|upkeep
|turn|26
|
|t:|1760782601
|switch|p1a: Frosmoth|Frosmoth, M, tera:Ground|28/100
|move|p2a: Hatterene|Draining Kiss|p1a: Frosmoth
|-damage|p1a: Frosmoth|21/100
|-heal|p2a: Hatterene|54/100|[from] drain|[of] p1a: Frosmoth
|
|-weather|Snowscape|[upkeep]
|upkeep
|turn|27
|
|t:|1760782610
|move|p1a: Frosmoth|Tera Blast|p2a: Hatterene|[anim] Tera Blast Ground
|-damage|p2a: Hatterene|33/100
|move|p2a: Hatterene|Psyshock|p1a: Frosmoth
|-damage|p1a: Frosmoth|0 fnt
|faint|p1a: Frosmoth
|
|-weather|Snowscape|[upkeep]
|upkeep
|
|t:|1760782619
|switch|p1a: Lokix|Lokix, M|84/100
|turn|28
|
|t:|1760782622
|switch|p2a: Zapdos|Zapdos|91/100
|move|p1a: Lokix|U-turn|p2a: Zapdos
|-resisted|p2a: Zapdos
|-damage|p2a: Zapdos|57/100
|
|t:|1760782629
|switch|p1a: Ninetales|Ninetales-Alola, M|100/100|[from] U-turn
|
|-weather|Snowscape|[upkeep]
|upkeep
|turn|29
|
|t:|1760782643
|-terastallize|p2a: Zapdos|Steel
|move|p1a: Ninetales|Aurora Veil|p1a: Ninetales
|-sidestart|p1: treossts|move: Aurora Veil
|move|p2a: Zapdos|Thunder Wave|p1a: Ninetales
|-status|p1a: Ninetales|par
|
|-weather|Snowscape|[upkeep]
|upkeep
|turn|30
|
|t:|1760782656
|switch|p1a: Lokix|Lokix, M|84/100
|move|p2a: Zapdos|Hurricane|p1a: Lokix
|-supereffective|p1a: Lokix
|-damage|p1a: Lokix|0 fnt
|faint|p1a: Lokix
|
|-weather|none
|upkeep
|
|t:|1760782665
|switch|p1a: Abomasnow|Abomasnow, F|100/100
|-weather|Snowscape|[from] ability: Snow Warning|[of] p1a: Abomasnow
|turn|31
|
|t:|1760782671
|move|p2a: Zapdos|Thunder Wave|p1a: Abomasnow
|-status|p1a: Abomasnow|par
|move|p1a: Abomasnow|Leech Seed|p2a: Zapdos|[miss]
|-miss|p1a: Abomasnow|p2a: Zapdos
|
|-weather|Snowscape|[upkeep]
|upkeep
|turn|32
|
|t:|1760782679
|move|p2a: Zapdos|Hurricane|p1a: Abomasnow|[miss]
|-miss|p2a: Zapdos|p1a: Abomasnow
|move|p1a: Abomasnow|Blizzard|p2a: Zapdos
|-resisted|p2a: Zapdos
|-damage|p2a: Zapdos|39/100
|
|-weather|Snowscape|[upkeep]
|upkeep
|turn|33
|
|t:|1760782688
|move|p2a: Zapdos|Hurricane|p1a: Abomasnow
|-supereffective|p1a: Abomasnow
|-crit|p1a: Abomasnow
|-damage|p1a: Abomasnow|0 fnt
|faint|p1a: Abomasnow
|
|-weather|Snowscape|[upkeep]
|-sideend|p1: treossts|move: Aurora Veil
|upkeep
|-message|treossts forfeited.
|
|win|dishes_ttv
|raw|treossts's rating: 1420 &rarr; <strong>1399</strong><br />(-21 for losing)
|raw|dishes_ttv's rating: 1405 &rarr; <strong>1426</strong><br />(+21 for winning)
|l|☆treossts
|player|p1|
|l|☆dishes_ttv
|player|p2|
