|j|☆tboc13
|j|☆CodySometimesWins
|t:|1760762756
|gametype|singles
|player|p1|tboc13|dawn|1504
|player|p2|CodySometimesWins|guitarist|1419
|gen|9
|tier|[Gen 9] OU
|rated|
|rule|HP Percentage Mod: HP is shown in percentages
|rule|Endless Battle Clause: Forcing endless battles is banned
|rule|Species Clause: Limit one of each Pokémon
|rule|OHKO Clause: OHKO moves are banned
|rule|Evasion Items Clause: Evasion items are banned
|rule|Evasion Moves Clause: Evasion moves are banned
|rule|Evasion Abilities Clause: Evasion abilities are banned
|rule|Sleep Moves Clause: Sleep-inducing moves are banned
|clearpoke
|poke|p1|Rillaboom, F|
|poke|p1|Dragapult, F|
|poke|p1|Samurott-Hisui, F|
|poke|p1|Great Tusk|
|poke|p1|Slowking-Galar, F|
|poke|p1|Skarmory, F|
|poke|p2|Deoxys-Speed|
|poke|p2|Darkrai|
|poke|p2|Donphan, F|
|poke|p2|Heatran, M|
|poke|p2|Iron Hands|
|poke|p2|Ogerpon-Wellspring, F|
|teampreview
|inactive|Battle timer is ON: inactive players will automatically lose when time's up. (requested by CodySometimesWins)
|inactive|tboc13 also wants the timer to be on.
|inactive|tboc13 has 120 seconds left.
|
|t:|1760762802
|teamsize|p1|6
|teamsize|p2|6
|start
|switch|p1a: Rillaboom|Rillaboom, F|100/100
|switch|p2a: Iron Hands|Iron Hands|100/100
|-fieldstart|move: Grassy Terrain|[from] ability: Grassy Surge|[of] p1a: Rillaboom
|turn|1
|
|t:|1760762808
|move|p2a: Iron Hands|Fake Out|p1a: Rillaboom
|-damage|p1a: Rillaboom|84/100
|cant|p1a: Rillaboom|flinch
|
|-heal|p1a: Rillaboom|90/100|[from] Grassy Terrain
|upkeep
|turn|2
|
|t:|1760762815
|move|p1a: Rillaboom|U-turn|p2a: Iron Hands
|-resisted|p2a: Iron Hands
|-damage|p2a: Iron Hands|88/100
|
|t:|1760762820
|switch|p1a: Slowking|Slowking-Galar, F|100/100|[from] U-turn
|move|p2a: Iron Hands|Drain Punch|p1a: Slowking
|-resisted|p1a: Slowking
|-damage|p1a: Slowking|89/100
|-heal|p2a: Iron Hands|93/100|[from] drain|[of] p1a: Slowking
|
|-heal|p2a: Iron Hands|99/100|[from] Grassy Terrain
|-heal|p1a: Slowking|95/100|[from] Grassy Terrain
|upkeep
|turn|3
|
|t:|1760762846
|-end|p2a: Iron Hands|Quark Drive|[silent]
|switch|p2a: Heatran|Heatran, M|100/100
|-item|p2a: Heatran|Air Balloon
|switch|p1a: Great Tusk|Great Tusk|100/100
|
|upkeep
|turn|4
|
|t:|1760762852
|-end|p1a: Great Tusk|Protosynthesis|[silent]
|switch|p1a: Samurott|Samurott-Hisui, F|100/100
|move|p2a: Heatran|Will-O-Wisp|p1a: Samurott
|-status|p1a: Samurott|brn
|
|-damage|p1a: Samurott|94/100 brn|[from] brn
|upkeep
|turn|5
|
|t:|1760762860
|switch|p2a: Iron Hands|Iron Hands|99/100
|move|p1a: Samurott|Ceaseless Edge|p2a: Iron Hands
|-resisted|p2a: Iron Hands
|-damage|p2a: Iron Hands|92/100
|-sidestart|p2: CodySometimesWins|Spikes
|
|-heal|p1a: Samurott|100/100 brn|[from] Grassy Terrain
|-heal|p2a: Iron Hands|99/100|[from] Grassy Terrain
|-damage|p1a: Samurott|94/100 brn|[from] brn
|-fieldend|move: Grassy Terrain
|upkeep
|turn|6
|
|t:|1760762870
|switch|p1a: Great Tusk|Great Tusk|100/100
|move|p2a: Iron Hands|Thunder Punch|p1a: Great Tusk
|-immune|p1a: Great Tusk
|
|upkeep
|turn|7
|
|t:|1760762877
|-end|p2a: Iron Hands|Quark Drive|[silent]
|switch|p2a: Heatran|Heatran, M|100/100
|-item|p2a: Heatran|Air Balloon
|move|p1a: Great Tusk|Knock Off|p2a: Heatran
|-damage|p2a: Heatran|71/100
|-enditem|p2a: Heatran|Air Balloon
|
|upkeep
|turn|8
|
|t:|1760762887
|-end|p1a: Great Tusk|Protosynthesis|[silent]
|switch|p1a: Slowking|Slowking-Galar, F|100/100
|switch|p2a: Ogerpon|Ogerpon-Wellspring, F|100/100
|-damage|p2a: Ogerpon|88/100|[from] Spikes
|
|upkeep
|turn|9
|
|t:|1760762913
|switch|p1a: Skarmory|Skarmory, F|100/100
|move|p2a: Ogerpon|Ivy Cudgel|p1a: Skarmory|[anim] Ivy Cudgel Water
|-damage|p1a: Skarmory|64/100
|
|upkeep
|turn|10
|inactive|CodySometimesWins has 120 seconds left.
|
|t:|1760762929
|switch|p2a: Deoxys|Deoxys-Speed|100/100
|-damage|p2a: Deoxys|88/100|[from] Spikes
|-ability|p2a: Deoxys|Pressure
|switch|p1a: Rillaboom|Rillaboom, F|90/100
|-fieldstart|move: Grassy Terrain|[from] ability: Grassy Surge|[of] p1a: Rillaboom
|
|-heal|p2a: Deoxys|94/100|[from] Grassy Terrain
|-heal|p1a: Rillaboom|96/100|[from] Grassy Terrain
|upkeep
|turn|11
|inactive|CodySometimesWins has 120 seconds left.
|
|t:|1760762945
|switch|p2a: Iron Hands|Iron Hands|99/100
|-damage|p2a: Iron Hands|86/100|[from] Spikes
|-terastallize|p1a: Rillaboom|Grass
|move|p1a: Rillaboom|Grassy Glide|p2a: Iron Hands
|-damage|p2a: Iron Hands|32/100
|
|-heal|p1a: Rillaboom|100/100|[from] Grassy Terrain
|-heal|p2a: Iron Hands|38/100|[from] Grassy Terrain
|upkeep
|turn|12
|inactive|CodySometimesWins has 120 seconds left.
|
|t:|1760762954
|switch|p1a: Great Tusk|Great Tusk|100/100
|move|p2a: Iron Hands|Fake Out|p1a: Great Tusk
|-damage|p1a: Great Tusk|88/100
|
|-heal|p1a: Great Tusk|94/100|[from] Grassy Terrain
|-heal|p2a: Iron Hands|44/100|[from] Grassy Terrain
|upkeep
|turn|13
|inactive|CodySometimesWins has 120 seconds left.
|
|t:|1760762967
|-end|p2a: Iron Hands|Quark Drive|[silent]
|switch|p2a: Ogerpon|Ogerpon-Wellspring, F|88/100
|-damage|p2a: Ogerpon|76/100|[from] Spikes
|move|p1a: Great Tusk|Rapid Spin|p2a: Ogerpon
|-damage|p2a: Ogerpon|52/100
|-boost|p1a: Great Tusk|spe|1
|
|-heal|p1a: Great Tusk|99/100|[from] Grassy Terrain
|-heal|p2a: Ogerpon|58/100|[from] Grassy Terrain
|upkeep
|turn|14
|
|t:|1760762995
|move|p1a: Great Tusk|Ice Spinner|p2a: Ogerpon
|-damage|p2a: Ogerpon|20/100
|-fieldend|move: Grassy Terrain
|move|p2a: Ogerpon|Swords Dance|p2a: Ogerpon
|-boost|p2a: Ogerpon|atk|2
|
|upkeep
|turn|15
|
|t:|1760763008
|-terastallize|p2a: Ogerpon|Water
|detailschange|p2a: Ogerpon|Ogerpon-Wellspring-Tera, F, tera:Water
|-ability|p2a: Ogerpon|Embody Aspect (Wellspring)|boost
|-boost|p2a: Ogerpon|spd|1
|move|p1a: Great Tusk|Headlong Rush|p2a: Ogerpon
|-damage|p2a: Ogerpon|0 fnt
|-unboost|p1a: Great Tusk|def|1
|-unboost|p1a: Great Tusk|spd|1
|faint|p2a: Ogerpon
|detailschange|p2: Ogerpon|Ogerpon-Wellspring, F|[silent]
|
|upkeep
|
|t:|1760763017
|switch|p2a: Donphan|Donphan, F|100/100
|turn|16
|
|t:|1760763027
|-end|p1a: Great Tusk|Protosynthesis|[silent]
|switch|p1a: Skarmory|Skarmory, F|64/100
|move|p2a: Donphan|Rapid Spin|p1a: Skarmory
|-resisted|p1a: Skarmory
|-damage|p1a: Skarmory|58/100
|-boost|p2a: Donphan|spe|1
|-damage|p2a: Donphan|84/100|[from] item: Rocky Helmet|[of] p1a: Skarmory
|-sideend|p2: CodySometimesWins|Spikes|[from] move: Rapid Spin|[of] p2a: Donphan
|
|upkeep
|turn|17
|inactive|CodySometimesWins has 120 seconds left.
|
|t:|1760763058
|move|p2a: Donphan|Knock Off|p1a: Skarmory
|-damage|p1a: Skarmory|35/100
|-damage|p2a: Donphan|68/100|[from] item: Rocky Helmet|[of] p1a: Skarmory
|-enditem|p1a: Skarmory|Rocky Helmet|[from] move: Knock Off|[of] p2a: Donphan
|move|p1a: Skarmory|Body Press|p2a: Donphan
|-damage|p2a: Donphan|41/100
|
|upkeep
|turn|18
|
|t:|1760763076
|switch|p2a: Iron Hands|Iron Hands|44/100
|move|p1a: Skarmory|Body Press|p2a: Iron Hands
|-damage|p2a: Iron Hands|25/100
|
|upkeep
|turn|19
|
|t:|1760763083
|switch|p1a: Great Tusk|Great Tusk|99/100
|move|p2a: Iron Hands|Fake Out|p1a: Great Tusk
|-damage|p1a: Great Tusk|87/100
|
|upkeep
|turn|20
|
|t:|1760763088
|-end|p2a: Iron Hands|Quark Drive|[silent]
|switch|p2a: Deoxys|Deoxys-Speed|94/100
|-ability|p2a: Deoxys|Pressure
|move|p1a: Great Tusk|Headlong Rush|p2a: Deoxys
|-damage|p2a: Deoxys|4/100
|-unboost|p1a: Great Tusk|def|1
|-unboost|p1a: Great Tusk|spd|1
|-damage|p1a: Great Tusk|71/100|[from] item: Rocky Helmet|[of] p2a: Deoxys
|
|upkeep
|turn|21
|
|t:|1760763098
|-end|p1a: Great Tusk|Protosynthesis|[silent]
|switch|p1a: Slowking|Slowking-Galar, F|100/100
|move|p2a: Deoxys|Stealth Rock|p1a: Slowking
|-sidestart|p1: tboc13|move: Stealth Rock
|
|upkeep
|turn|22
|
|t:|1760763103
|move|p2a: Deoxys|Knock Off|p1a: Slowking
|-supereffective|p1a: Slowking
|-damage|p1a: Slowking|53/100
|-enditem|p1a: Slowking|Heavy-Duty Boots|[from] move: Knock Off|[of] p2a: Deoxys
|move|p1a: Slowking|Future Sight|p2a: Deoxys
|-start|p1a: Slowking|move: Future Sight
|
|upkeep
|turn|23
|
|t:|1760763108
|switch|p2a: Darkrai|Darkrai|100/100
|-prepare|p1a: Slowking|Chilly Reception|[premajor]
|move|p1a: Slowking|Chilly Reception|p1a: Slowking
|-weather|Snowscape
|
|t:|1760763114
|switch|p1a: Samurott|Samurott-Hisui, F|94/100 brn|[from] Chilly Reception
|-damage|p1a: Samurott|82/100 brn|[from] Stealth Rock
|
|-weather|Snowscape|[upkeep]
|-damage|p1a: Samurott|76/100 brn|[from] brn
|upkeep
|turn|24
|
|t:|1760763124
|move|p1a: Samurott|Ceaseless Edge|p2a: Darkrai
|-resisted|p2a: Darkrai
|-damage|p2a: Darkrai|84/100
|-sidestart|p2: CodySometimesWins|Spikes
|move|p2a: Darkrai|Focus Blast|p1a: Samurott
|-supereffective|p1a: Samurott
|-damage|p1a: Samurott|0 fnt
|faint|p1a: Samurott
|
|-weather|Snowscape|[upkeep]
|-end|p2a: Darkrai|move: Future Sight
|-immune|p2a: Darkrai
|upkeep
|
|t:|1760763127
|switch|p1a: Rillaboom|Rillaboom, F, tera:Grass|100/100
|-damage|p1a: Rillaboom|88/100|[from] Stealth Rock
|-fieldstart|move: Grassy Terrain|[from] ability: Grassy Surge|[of] p1a: Rillaboom
|turn|25
|
|t:|1760763139
|switch|p2a: Deoxys|Deoxys-Speed|4/100
|-damage|p2a: Deoxys|0 fnt|[from] Spikes
|faint|p2a: Deoxys
|move|p1a: Rillaboom|Grassy Glide|p2: Deoxys|[notarget]
|-fail|p1a: Rillaboom
|
|-weather|Snowscape|[upkeep]
|-heal|p1a: Rillaboom|94/100|[from] Grassy Terrain
|upkeep
|
|t:|1760763146
|switch|p2a: Heatran|Heatran, M|71/100
|-damage|p2a: Heatran|59/100|[from] Spikes
|turn|26
|
|t:|1760763152
|switch|p1a: Dragapult|Dragapult, F|100/100
|move|p2a: Heatran|Lava Plume|p1a: Dragapult
|-resisted|p1a: Dragapult
|-damage|p1a: Dragapult|68/100
|
|-weather|Snowscape|[upkeep]
|-heal|p1a: Dragapult|74/100|[from] Grassy Terrain
|-heal|p2a: Heatran|65/100|[from] Grassy Terrain
|upkeep
|turn|27
|
|t:|1760763160
|move|p1a: Dragapult|Hex|p2a: Heatran
|-damage|p2a: Heatran|43/100
|move|p2a: Heatran|Flash Cannon|p1a: Dragapult
|-damage|p1a: Dragapult|13/100
|
|-weather|none
|-heal|p1a: Dragapult|19/100|[from] Grassy Terrain
|-heal|p2a: Heatran|49/100|[from] Grassy Terrain
|upkeep
|turn|28
|
|t:|1760763170
|move|p1a: Dragapult|U-turn|p2a: Heatran
|-resisted|p2a: Heatran
|-damage|p2a: Heatran|46/100
|
|t:|1760763172
|switch|p1a: Slowking|Slowking-Galar, F|87/100|[from] U-turn
|-damage|p1a: Slowking|74/100|[from] Stealth Rock
|move|p2a: Heatran|Lava Plume|p1a: Slowking
|-damage|p1a: Slowking|47/100
|
|-heal|p2a: Heatran|52/100|[from] Grassy Terrain
|-heal|p1a: Slowking|53/100|[from] Grassy Terrain
|upkeep
|turn|29
|
|t:|1760763181
|move|p2a: Heatran|Earth Power|p1a: Slowking
|-supereffective|p1a: Slowking
|-damage|p1a: Slowking|13/100
|-prepare|p1a: Slowking|Chilly Reception|[premajor]
|move|p1a: Slowking|Chilly Reception|p1a: Slowking
|-weather|Snowscape
|
|t:|1760763183
|switch|p1a: Great Tusk|Great Tusk|71/100|[from] Chilly Reception
|
|-weather|Snowscape|[upkeep]
|-heal|p1a: Great Tusk|77/100|[from] Grassy Terrain
|-heal|p2a: Heatran|58/100|[from] Grassy Terrain
|-fieldend|move: Grassy Terrain
|upkeep
|turn|30
|
|t:|1760763194
|switch|p2a: Donphan|Donphan, F|41/100
|move|p1a: Great Tusk|Headlong Rush|p2a: Donphan
|-damage|p2a: Donphan|0 fnt
|-unboost|p1a: Great Tusk|def|1
|-unboost|p1a: Great Tusk|spd|1
|faint|p2a: Donphan
|
|-weather|Snowscape|[upkeep]
|upkeep
|
|t:|1760763209
|switch|p2a: Darkrai|Darkrai|84/100
|-damage|p2a: Darkrai|72/100|[from] Spikes
|turn|31
|
|t:|1760763218
|-end|p1a: Great Tusk|Protosynthesis|[silent]
|switch|p1a: Slowking|Slowking-Galar, F|47/100
|-damage|p1a: Slowking|34/100|[from] Stealth Rock
|move|p2a: Darkrai|Ice Beam|p1a: Slowking
|-damage|p1a: Slowking|4/100
|
|-weather|Snowscape|[upkeep]
|upkeep
|turn|32
|
|t:|1760763225
|move|p2a: Darkrai|Ice Beam|p1a: Slowking
|-damage|p1a: Slowking|0 fnt
|faint|p1a: Slowking
|
|-weather|Snowscape|[upkeep]
|upkeep
|
|t:|1760763228
|switch|p1a: Dragapult|Dragapult, F|19/100
|turn|33
|
|t:|1760763233
|move|p1a: Dragapult|Draco Meteor|p2a: Darkrai|[miss]
|-miss|p1a: Dragapult|p2a: Darkrai
|move|p2a: Darkrai|Ice Beam|p1a: Dragapult
|-supereffective|p1a: Dragapult
|-damage|p1a: Dragapult|0 fnt
|faint|p1a: Dragapult
|
|-weather|none
|upkeep
|
|t:|1760763236
|switch|p1a: Rillaboom|Rillaboom, F, tera:Grass|94/100
|-damage|p1a: Rillaboom|82/100|[from] Stealth Rock
|-fieldstart|move: Grassy Terrain|[from] ability: Grassy Surge|[of] p1a: Rillaboom
|turn|34
|
|t:|1760763247
|move|p1a: Rillaboom|Grassy Glide|p2a: Darkrai
|-damage|p2a: Darkrai|0 fnt
|faint|p2a: Darkrai
|
|-heal|p1a: Rillaboom|88/100|[from] Grassy Terrain
|upkeep
|
|t:|1760763252
|switch|p2a: Heatran|Heatran, M|58/100
|-damage|p2a: Heatran|46/100|[from] Spikes
|turn|35
|
|t:|1760763256
|switch|p1a: Skarmory|Skarmory, F|35/100
|-damage|p1a: Skarmory|22/100|[from] Stealth Rock
|move|p2a: Heatran|Will-O-Wisp|p1a: Skarmory
|-status|p1a: Skarmory|brn
|
|-heal|p2a: Heatran|52/100|[from] Grassy Terrain
|-damage|p1a: Skarmory|16/100 brn|[from] brn
|upkeep
|turn|36
|
|t:|1760763265
|switch|p2a: Iron Hands|Iron Hands|25/100
|-damage|p2a: Iron Hands|12/100|[from] Spikes
|move|p1a: Skarmory|Body Press|p2a: Iron Hands
|-damage|p2a: Iron Hands|1/100
|
|-heal|p2a: Iron Hands|8/100|[from] Grassy Terrain
|-damage|p1a: Skarmory|10/100 brn|[from] brn
|upkeep
|turn|37
|
|t:|1760763274
|move|p2a: Iron Hands|Fake Out|p1a: Skarmory
|-resisted|p1a: Skarmory
|-damage|p1a: Skarmory|5/100 brn
|cant|p1a: Skarmory|flinch
|
|-heal|p2a: Iron Hands|14/100|[from] Grassy Terrain
|-damage|p1a: Skarmory|0 fnt|[from] brn
|faint|p1a: Skarmory
|upkeep
|
|t:|1760763276
|switch|p1a: Great Tusk|Great Tusk|77/100
|turn|38
|
|t:|1760763288
|move|p1a: Great Tusk|Rapid Spin|p2a: Iron Hands
|-damage|p2a: Iron Hands|2/100
|-boost|p1a: Great Tusk|spe|1
|-sideend|p1: tboc13|Stealth Rock|[from] move: Rapid Spin|[of] p1a: Great Tusk
|move|p2a: Iron Hands|Drain Punch|p1a: Great Tusk
|-damage|p1a: Great Tusk|46/100
|-heal|p2a: Iron Hands|14/100|[from] drain|[of] p1a: Great Tusk
|
|-heal|p1a: Great Tusk|52/100|[from] Grassy Terrain
|-heal|p2a: Iron Hands|20/100|[from] Grassy Terrain
|-fieldend|move: Grassy Terrain
|upkeep
|turn|39
|-message|CodySometimesWins forfeited.
|
|win|tboc13
|raw|tboc13's rating: 1504 &rarr; <strong>1519</strong><br />(+15 for winning)
|raw|CodySometimesWins's rating: 1419 &rarr; <strong>1404</strong><br />(-15 for losing)
|l|☆CodySometimesWins
|player|p2|
|l|☆tboc13
|player|p1|
