|j|☆jtchad
|j|☆Bleez145
|t:|1760758178
|gametype|singles
|player|p1|jtchad|ethan|1093
|player|p2|Bleez145|1|1088
|gen|9
|tier|[Gen 9] OU
|rated|
|rule|HP Percentage Mod: HP is shown in percentages
|rule|Endless Battle Clause: Forcing endless battles is banned
|rule|Species Clause: Limit one of each Pokémon
|rule|OHKO Clause: OHKO moves are banned
|rule|Evasion Items Clause: Evasion items are banned
|rule|Evasion Moves Clause: Evasion moves are banned
|rule|Evasion Abilities Clause: Evasion abilities are banned
|rule|Sleep Moves Clause: Sleep-inducing moves are banned
|clearpoke
|poke|p1|Polteageist|
|poke|p1|Whimsicott, F|
|poke|p1|Lokix, M|
|poke|p1|Serperior, M|
|poke|p1|Slowking-Galar, M|
|poke|p1|Weavile, F|
|poke|p2|Dusknoir, M|
|poke|p2|Ambipom, M|
|poke|p2|Yanmega, F|
|poke|p2|Bombirdier, M|
|poke|p2|Copperajah, F|
|poke|p2|Blaziken, M|
|teampreview
|inactive|Battle timer is ON: inactive players will automatically lose when time's up. (requested by jtchad)
|
|t:|1760758192
|teamsize|p1|6
|teamsize|p2|6
|start
|switch|p1a: Serperior|Serperior, M, shiny|100/100
|switch|p2a: Bombirdier|Bombirdier, M|100/100
|turn|1
|
|t:|1760758200
|move|p1a: Serperior|Glare|p2a: Bombirdier
|-status|p2a: Bombirdier|par
|move|p2a: Bombirdier|Stealth Rock|p1a: Serperior
|-sidestart|p1: jtchad|move: Stealth Rock
|
|upkeep
|turn|2
|
|t:|1760758206
|move|p1a: Serperior|Leaf Storm|p2a: Bombirdier
|-resisted|p2a: Bombirdier
|-damage|p2a: Bombirdier|68/100 par
|-boost|p1a: Serperior|spa|2
|cant|p2a: Bombirdier|par
|
|upkeep
|turn|3
|
|t:|1760758213
|move|p1a: Serperior|Leaf Storm|p2a: Bombirdier
|-resisted|p2a: Bombirdier
|-damage|p2a: Bombirdier|0 fnt
|-boost|p1a: Serperior|spa|2
|faint|p2a: Bombirdier
|
|upkeep
|
|t:|1760758224
|switch|p2a: Ambipom|Ambipom, M|100/100
|turn|4
|
|t:|1760758230
|move|p2a: Ambipom|Fake Out|p1a: Serperior
|-damage|p1a: Serperior|69/100
|cant|p1a: Serperior|flinch
|
|upkeep
|turn|5
|
|t:|1760758236
|move|p2a: Ambipom|Gunk Shot|p1a: Serperior
|-supereffective|p1a: Serperior
|-damage|p1a: Serperior|0 fnt
|faint|p1a: Serperior
|
|upkeep
|
|t:|1760758247
|switch|p1a: Lokix|Lokix, M|100/100
|turn|6
|
|t:|1760758251
|move|p1a: Lokix|First Impression|p2a: Ambipom
|-damage|p2a: Ambipom|34/100
|move|p2a: Ambipom|Endeavor|p1a: Lokix
|-damage|p1a: Lokix|35/100
|
|upkeep
|turn|7
|
|t:|1760758258
|switch|p1a: Weavile|Weavile, F|100/100
|-damage|p1a: Weavile|76/100|[from] Stealth Rock
|-ability|p1a: Weavile|Pressure
|move|p2a: Ambipom|Gunk Shot|p1a: Weavile
|-damage|p1a: Weavile|14/100
|
|upkeep
|turn|8
|
|t:|1760758267
|switch|p2a: Blaziken|Blaziken, M|100/100
|move|p1a: Weavile|Fake Out|p2a: Blaziken
|-damage|p2a: Blaziken|75/100
|-damage|p1a: Weavile|4/100|[from] item: Life Orb
|
|upkeep
|turn|9
|
|t:|1760758276
|move|p1a: Weavile|Foul Play|p2a: Blaziken
|-resisted|p2a: Blaziken
|-damage|p2a: Blaziken|28/100
|-damage|p1a: Weavile|0 fnt|[from] item: Life Orb
|faint|p1a: Weavile
|move|p2a: Blaziken|Bulk Up|p2a: Blaziken
|-boost|p2a: Blaziken|atk|1
|-boost|p2a: Blaziken|def|1
|
|-ability|p2a: Blaziken|Speed Boost|boost
|-boost|p2a: Blaziken|spe|1
|upkeep
|
|t:|1760758289
|switch|p1a: Whimsicott|Whimsicott, F, shiny|100/100
|-damage|p1a: Whimsicott|88/100|[from] Stealth Rock
|turn|10
|
|t:|1760758295
|move|p1a: Whimsicott|Poison Powder|p2a: Blaziken
|-status|p2a: Blaziken|psn
|move|p2a: Blaziken|Blaze Kick|p1a: Whimsicott
|-supereffective|p1a: Whimsicott
|-damage|p1a: Whimsicott|0 fnt
|faint|p1a: Whimsicott
|
|-damage|p2a: Blaziken|16/100 psn|[from] psn
|-ability|p2a: Blaziken|Speed Boost|boost
|-boost|p2a: Blaziken|spe|1
|upkeep
|-enditem|p2a: Blaziken|Aguav Berry|[eat]
|-heal|p2a: Blaziken|49/100 psn|[from] item: Aguav Berry
|
|t:|1760758312
|switch|p1a: Lokix|Lokix, M|35/100
|turn|11
|
|t:|1760758321
|move|p1a: Lokix|First Impression|p2a: Blaziken
|-resisted|p2a: Blaziken
|-damage|p2a: Blaziken|31/100 psn
|move|p2a: Blaziken|Blaze Kick|p1a: Lokix
|-supereffective|p1a: Lokix
|-damage|p1a: Lokix|0 fnt
|faint|p1a: Lokix
|
|-damage|p2a: Blaziken|18/100 psn|[from] psn
|-ability|p2a: Blaziken|Speed Boost|boost
|-boost|p2a: Blaziken|spe|1
|upkeep
|
|t:|1760758334
|switch|p1a: Slowking|Slowking-Galar, M|100/100
|-damage|p1a: Slowking|88/100|[from] Stealth Rock
|turn|12
|
|t:|1760758339
|move|p2a: Blaziken|Knock Off|p1a: Slowking
|-supereffective|p1a: Slowking
|-damage|p1a: Slowking|0 fnt
|-enditem|p1a: Slowking|Assault Vest|[from] move: Knock Off|[of] p2a: Blaziken
|faint|p1a: Slowking
|
|-damage|p2a: Blaziken|6/100 psn|[from] psn
|-ability|p2a: Blaziken|Speed Boost|boost
|-boost|p2a: Blaziken|spe|1
|upkeep
|-message|jtchad forfeited.
|
|win|Bleez145
|raw|jtchad's rating: 1093 &rarr; <strong>1069</strong><br />(-24 for losing)
|raw|Bleez145's rating: 1088 &rarr; <strong>1115</strong><br />(+27 for winning)
|l|☆jtchad
|player|p1|
|l|☆Bleez145
|player|p2|
