|j|☆Dansiger
|j|☆FabroNd
|t:|1760850002
|gametype|singles
|player|p1|Dansiger|palmer|1078
|player|p2|FabroNd|n|1128
|gen|9
|tier|[Gen 9] OU
|rated|
|rule|HP Percentage Mod: HP is shown in percentages
|rule|Endless Battle Clause: Forcing endless battles is banned
|rule|Species Clause: Limit one of each Pokémon
|rule|OHKO Clause: OHKO moves are banned
|rule|Evasion Items Clause: Evasion items are banned
|rule|Evasion Moves Clause: Evasion moves are banned
|rule|Evasion Abilities Clause: Evasion abilities are banned
|rule|Sleep Moves Clause: Sleep-inducing moves are banned
|clearpoke
|poke|p1|Arcanine, M|
|poke|p1|Blastoise, F|
|poke|p1|Raichu, M|
|poke|p1|Vileplume, F|
|poke|p1|Heracross, F|
|poke|p1|Umbreon, M|
|poke|p2|Galvantula, M|
|poke|p2|Sinistcha|
|poke|p2|Great Tusk|
|poke|p2|Ninetales-Alola, M|
|poke|p2|Samurott-Hisui, M|
|poke|p2|Heatran, M|
|teampreview
|
|t:|1760850012
|teamsize|p1|6
|teamsize|p2|6
|start
|switch|p1a: Heracross|Heracross, F|100/100
|switch|p2a: Galvantula|Galvantula, M|100/100
|turn|1
|
|t:|1760850019
|move|p2a: Galvantula|Thunder Wave|p1a: Heracross
|-status|p1a: Heracross|par
|move|p1a: Heracross|Swords Dance|p1a: Heracross
|-boost|p1a: Heracross|atk|2
|
|upkeep
|turn|2
|
|t:|1760850028
|move|p2a: Galvantula|Sticky Web|p1a: Heracross
|-sidestart|p1: Dansiger|move: Sticky Web
|move|p1a: Heracross|Facade|p2a: Galvantula
|-enditem|p2a: Galvantula|Focus Sash
|-damage|p2a: Galvantula|1/100
|
|upkeep
|turn|3
|inactive|Battle timer is ON: inactive players will automatically lose when time's up. (requested by Dansiger)
|
|t:|1760850064
|move|p2a: Galvantula|Thunder|p1a: Heracross
|-damage|p1a: Heracross|48/100 par
|move|p1a: Heracross|Knock Off|p2a: Galvantula
|-damage|p2a: Galvantula|0 fnt
|faint|p2a: Galvantula
|
|upkeep
|
|t:|1760850073
|switch|p2a: Ninetales|Ninetales-Alola, M|100/100
|-weather|Snowscape|[from] ability: Snow Warning|[of] p2a: Ninetales
|turn|4
|
|t:|1760850088
|move|p2a: Ninetales|Blizzard|p1a: Heracross
|-damage|p1a: Heracross|1/100 par
|cant|p1a: Heracross|par
|
|-weather|Snowscape|[upkeep]
|upkeep
|turn|5
|
|t:|1760850098
|move|p2a: Ninetales|Moonblast|p1a: Heracross
|-supereffective|p1a: Heracross
|-damage|p1a: Heracross|0 fnt
|faint|p1a: Heracross
|
|-weather|Snowscape|[upkeep]
|upkeep
|
|t:|1760850106
|switch|p1a: Arcanine|Arcanine, M|100/100
|-activate|p1a: Arcanine|move: Sticky Web
|-unboost|p1a: Arcanine|spe|1
|-ability|p1a: Arcanine|Intimidate|boost
|-unboost|p2a: Ninetales|atk|1
|turn|6
|
|t:|1760850116
|switch|p2a: Samurott|Samurott-Hisui, M|100/100
|move|p1a: Arcanine|Flare Blitz|p2a: Samurott
|-resisted|p2a: Samurott
|-damage|p2a: Samurott|62/100
|-damage|p1a: Arcanine|88/100|[from] Recoil
|
|-weather|Snowscape|[upkeep]
|upkeep
|turn|7
|
|t:|1760850127
|move|p2a: Samurott|Razor Shell|p1a: Arcanine
|-supereffective|p1a: Arcanine
|-damage|p1a: Arcanine|0 fnt
|faint|p1a: Arcanine
|
|-weather|Snowscape|[upkeep]
|upkeep
|
|t:|1760850137
|switch|p1a: Vileplume|Vileplume, F|100/100
|-activate|p1a: Vileplume|move: Sticky Web
|-unboost|p1a: Vileplume|spe|1
|turn|8
|
|t:|1760850148
|switch|p2a: Ninetales|Ninetales-Alola, M|100/100
|move|p1a: Vileplume|Moonblast|p2a: Ninetales
|-damage|p2a: Ninetales|65/100
|
|-weather|none
|upkeep
|turn|9
|
|t:|1760850155
|move|p2a: Ninetales|Aurora Veil||[still]
|-fail|p2a: Ninetales
|move|p1a: Vileplume|Sludge Bomb|p2a: Ninetales
|-supereffective|p2a: Ninetales
|-damage|p2a: Ninetales|0 fnt
|faint|p2a: Ninetales
|
|upkeep
|
|t:|1760850169
|switch|p2a: Heatran|Heatran, M|100/100
|-item|p2a: Heatran|Air Balloon
|turn|10
|
|t:|1760850180
|move|p2a: Heatran|Flash Cannon|p1a: Vileplume
|-damage|p1a: Vileplume|51/100
|move|p1a: Vileplume|Moonblast|p2a: Heatran
|-resisted|p2a: Heatran
|-damage|p2a: Heatran|94/100
|-enditem|p2a: Heatran|Air Balloon
|
|-heal|p1a: Vileplume|57/100|[from] item: Leftovers
|upkeep
|turn|11
|
|t:|1760850192
|switch|p1a: Umbreon|Umbreon, M|100/100
|-activate|p1a: Umbreon|move: Sticky Web
|-unboost|p1a: Umbreon|spe|1
|move|p2a: Heatran|Lava Plume|p1a: Umbreon
|-damage|p1a: Umbreon|68/100
|
|-heal|p1a: Umbreon|74/100|[from] item: Leftovers
|upkeep
|turn|12
|
|t:|1760850206
|move|p2a: Heatran|Earth Power|p1a: Umbreon
|-damage|p1a: Umbreon|50/100
|move|p1a: Umbreon|Mud-Slap|p2a: Heatran
|-supereffective|p2a: Heatran
|-damage|p2a: Heatran|79/100
|-unboost|p2a: Heatran|accuracy|1
|
|-heal|p1a: Umbreon|57/100|[from] item: Leftovers
|upkeep
|turn|13
|
|t:|1760850216
|switch|p2a: Samurott|Samurott-Hisui, M|62/100
|move|p1a: Umbreon|Mud-Slap|p2a: Samurott
|-damage|p2a: Samurott|55/100
|-unboost|p2a: Samurott|accuracy|1
|
|-heal|p1a: Umbreon|63/100|[from] item: Leftovers
|upkeep
|turn|14
|
|t:|1760850229
|move|p2a: Samurott|Ceaseless Edge|p1a: Umbreon|[miss]
|-miss|p2a: Samurott|p1a: Umbreon
|move|p1a: Umbreon|Foul Play|p2a: Samurott
|-resisted|p2a: Samurott
|-damage|p2a: Samurott|24/100
|
|-heal|p1a: Umbreon|69/100|[from] item: Leftovers
|upkeep
|turn|15
|
|t:|1760850247
|-terastallize|p1a: Umbreon|Ghost
|move|p2a: Samurott|Ceaseless Edge|p1a: Umbreon
|-supereffective|p1a: Umbreon
|-damage|p1a: Umbreon|0 fnt
|-sidestart|p1: Dansiger|Spikes
|faint|p1a: Umbreon
|
|upkeep
|
|t:|1760850260
|switch|p1a: Blastoise|Blastoise, F|100/100
|-activate|p1a: Blastoise|move: Sticky Web
|-unboost|p1a: Blastoise|spe|1
|-damage|p1a: Blastoise|88/100|[from] Spikes
|-enditem|p1a: Blastoise|White Herb
|-clearnegativeboost|p1a: Blastoise|[silent]
|turn|16
|
|t:|1760850271
|move|p2a: Samurott|Ceaseless Edge|p1a: Blastoise
|-damage|p1a: Blastoise|40/100
|-sidestart|p1: Dansiger|Spikes
|move|p1a: Blastoise|Shell Smash|p1a: Blastoise
|-unboost|p1a: Blastoise|def|1
|-unboost|p1a: Blastoise|spd|1
|-boost|p1a: Blastoise|atk|2
|-boost|p1a: Blastoise|spa|2
|-boost|p1a: Blastoise|spe|2
|
|upkeep
|turn|17
|
|t:|1760850282
|move|p1a: Blastoise|Tera Blast|p2a: Samurott
|-damage|p2a: Samurott|0 fnt
|faint|p2a: Samurott
|
|upkeep
|
|t:|1760850285
|switch|p2a: Sinistcha|Sinistcha|100/100
|turn|18
|
|t:|1760850291
|move|p1a: Blastoise|Ice Beam|p2a: Sinistcha
|-supereffective|p2a: Sinistcha
|-damage|p2a: Sinistcha|0 fnt
|faint|p2a: Sinistcha
|
|upkeep
|
|t:|1760850294
|switch|p2a: Great Tusk|Great Tusk|100/100
|turn|19
|
|t:|1760850299
|-terastallize|p2a: Great Tusk|Dark
|move|p1a: Blastoise|Surf|p2a: Great Tusk
|-damage|p2a: Great Tusk|28/100
|move|p2a: Great Tusk|Knock Off|p1a: Blastoise
|-damage|p1a: Blastoise|0 fnt
|faint|p1a: Blastoise
|
|upkeep
|
|t:|1760850316
|switch|p1a: Raichu|Raichu, M|100/100
|-activate|p1a: Raichu|move: Sticky Web
|-unboost|p1a: Raichu|spe|1
|-damage|p1a: Raichu|84/100|[from] Spikes
|turn|20
|
|t:|1760850322
|move|p1a: Raichu|Thunderbolt|p2a: Great Tusk
|-damage|p2a: Great Tusk|0 fnt
|faint|p2a: Great Tusk
|-end|p2a: Great Tusk|Protosynthesis|[silent]
|
|upkeep
|
|t:|1760850324
|switch|p2a: Heatran|Heatran, M|79/100
|turn|21
|
|t:|1760850332
|move|p1a: Raichu|Surf|p2a: Heatran
|-supereffective|p2a: Heatran
|-damage|p2a: Heatran|37/100
|move|p2a: Heatran|Earth Power|p1a: Raichu
|-supereffective|p1a: Raichu
|-damage|p1a: Raichu|14/100
|
|upkeep
|turn|22
|
|t:|1760850339
|move|p1a: Raichu|Surf|p2a: Heatran
|-supereffective|p2a: Heatran
|-damage|p2a: Heatran|0 fnt
|faint|p2a: Heatran
|
|win|Dansiger
|raw|Dansiger's rating: 1078 &rarr; <strong>1110</strong><br />(+32 for winning)
|raw|FabroNd's rating: 1128 &rarr; <strong>1099</strong><br />(-29 for losing)
|l|☆FabroNd
|player|p2|
|l|☆Dansiger
|player|p1|
