|j|☆BigJulius
|j|☆Lyrongolem1
|t:|1760733218
|gametype|singles
|player|p1|BigJulius|266|1453
|player|p2|Lyrongolem1|101|1494
|gen|9
|tier|[Gen 9] OU
|rated|
|rule|HP Percentage Mod: HP is shown in percentages
|rule|Endless Battle Clause: Forcing endless battles is banned
|rule|Species Clause: Limit one of each Pokémon
|rule|OHKO Clause: OHKO moves are banned
|rule|Evasion Items Clause: Evasion items are banned
|rule|Evasion Moves Clause: Evasion moves are banned
|rule|Evasion Abilities Clause: Evasion abilities are banned
|rule|Sleep Moves Clause: Sleep-inducing moves are banned
|clearpoke
|poke|p1|Clodsire, M|
|poke|p1|Rillaboom, F|
|poke|p1|Mandibuzz, F|
|poke|p1|Skeledirge, F|
|poke|p1|Zapdos|
|poke|p1|Rampardos, F|
|poke|p2|Garganacl, M|
|poke|p2|Weezing-Galar, F|
|poke|p2|Corviknight, M|
|poke|p2|Dragapult, M|
|poke|p2|Slowking-Galar, M|
|poke|p2|Samurott-Hisui, F|
|teampreview
|inactive|Battle timer is ON: inactive players will automatically lose when time's up. (requested by BigJulius)
|
|t:|1760733230
|teamsize|p1|6
|teamsize|p2|6
|start
|switch|p1a: Rillaboom|Rillaboom, F|100/100
|switch|p2a: Dr. Garg|Garganacl, M|100/100
|-fieldstart|move: Grassy Terrain|[from] ability: Grassy Surge|[of] p1a: Rillaboom
|turn|1
|
|t:|1760733236
|move|p2a: Dr. Garg|Protect|p2a: Dr. Garg
|-singleturn|p2a: Dr. Garg|Protect
|move|p1a: Rillaboom|Wood Hammer|p2a: Dr. Garg
|-activate|p2a: Dr. Garg|move: Protect
|
|upkeep
|turn|2
|
|t:|1760733243
|switch|p1a: Skeledirge|Skeledirge, F|100/100
|switch|p2a: Plague Doctor|Corviknight, M|100/100
|-ability|p2a: Plague Doctor|Pressure
|
|upkeep
|turn|3
|
|t:|1760733250
|switch|p2a: Acupuncturist|Samurott-Hisui, F|100/100
|move|p1a: Skeledirge|Torch Song|p2a: Acupuncturist
|-resisted|p2a: Acupuncturist
|-damage|p2a: Acupuncturist|79/100
|-boost|p1a: Skeledirge|spa|1
|
|-heal|p2a: Acupuncturist|85/100|[from] Grassy Terrain
|upkeep
|turn|4
|
|t:|1760733257
|move|p2a: Acupuncturist|Knock Off|p1a: Skeledirge
|-supereffective|p1a: Skeledirge
|-damage|p1a: Skeledirge|50/100
|-damage|p2a: Acupuncturist|68/100|[from] item: Rocky Helmet|[of] p1a: Skeledirge
|-enditem|p1a: Skeledirge|Rocky Helmet|[from] move: Knock Off|[of] p2a: Acupuncturist
|move|p1a: Skeledirge|Will-O-Wisp|p2a: Acupuncturist
|-status|p2a: Acupuncturist|brn
|
|-heal|p2a: Acupuncturist|75/100 brn|[from] Grassy Terrain
|-heal|p1a: Skeledirge|57/100|[from] Grassy Terrain
|-damage|p2a: Acupuncturist|68/100 brn|[from] brn
|upkeep
|turn|5
|
|t:|1760733269
|switch|p2a: Trudeau-king|Slowking-Galar, M|100/100
|move|p1a: Skeledirge|Slack Off|p1a: Skeledirge
|-heal|p1a: Skeledirge|100/100
|
|-fieldend|move: Grassy Terrain
|upkeep
|turn|6
|
|t:|1760733276
|move|p1a: Skeledirge|Torch Song|p2a: Trudeau-king
|-damage|p2a: Trudeau-king|80/100
|-boost|p1a: Skeledirge|spa|1
|move|p2a: Trudeau-king|Future Sight|p1a: Skeledirge
|-start|p2a: Trudeau-king|move: Future Sight
|
|upkeep
|turn|7
|
|t:|1760733283
|move|p1a: Skeledirge|Earth Power|p2a: Trudeau-king
|-supereffective|p2a: Trudeau-king
|-damage|p2a: Trudeau-king|45/100
|-unboost|p2a: Trudeau-king|spd|1
|move|p2a: Trudeau-king|Psychic Noise|p1a: Skeledirge
|-crit|p1a: Skeledirge
|-damage|p1a: Skeledirge|51/100
|-start|p1a: Skeledirge|move: Heal Block
|
|upkeep
|turn|8
|
|t:|1760733292
|switch|p1a: Mandibuzz|Mandibuzz, F|100/100
|move|p2a: Trudeau-king|Psychic Noise|p1a: Mandibuzz
|-immune|p1a: Mandibuzz
|
|-end|p1a: Mandibuzz|move: Future Sight
|-immune|p1a: Mandibuzz
|upkeep
|turn|9
|
|t:|1760733298
|switch|p2a: Dr. Garg|Garganacl, M|100/100
|move|p1a: Mandibuzz|Foul Play|p2a: Dr. Garg
|-damage|p2a: Dr. Garg|80/100
|
|-heal|p2a: Dr. Garg|86/100|[from] item: Leftovers
|upkeep
|turn|10
|
|t:|1760733303
|move|p1a: Mandibuzz|U-turn|p2a: Dr. Garg
|-damage|p2a: Dr. Garg|79/100
|
|t:|1760733312
|switch|p1a: Clodsire|Clodsire, M, shiny|100/100|[from] U-turn
|move|p2a: Dr. Garg|Stealth Rock|p1a: Clodsire
|-sidestart|p1: BigJulius|move: Stealth Rock
|
|-heal|p2a: Dr. Garg|85/100|[from] item: Leftovers
|upkeep
|turn|11
|
|t:|1760733321
|switch|p2a: Trudeau-king|Slowking-Galar, M|79/100
|switch|p1a: Mandibuzz|Mandibuzz, F|100/100
|
|upkeep
|turn|12
|
|t:|1760733330
|move|p1a: Mandibuzz|Defog|p2a: Trudeau-king
|-unboost|p2a: Trudeau-king|evasion|1
|-sideend|p1: BigJulius|Stealth Rock|[from] move: Defog|[of] p1a: Mandibuzz
|move|p2a: Trudeau-king|Sludge Bomb|p1a: Mandibuzz
|-damage|p1a: Mandibuzz|66/100
|-status|p1a: Mandibuzz|psn
|
|-damage|p1a: Mandibuzz|54/100 psn|[from] psn
|upkeep
|turn|13
|
|t:|1760733338
|move|p1a: Mandibuzz|U-turn|p2a: Trudeau-king
|-damage|p2a: Trudeau-king|67/100
|
|t:|1760733345
|switch|p1a: Rampardos|Rampardos, F|100/100|[from] U-turn
|move|p2a: Trudeau-king|Sludge Bomb|p1a: Rampardos
|-resisted|p1a: Rampardos
|-damage|p1a: Rampardos|71/100
|-status|p1a: Rampardos|psn
|
|-damage|p1a: Rampardos|59/100 psn|[from] psn
|upkeep
|turn|14
|c|☆BigJulius|Lol
|c|☆Lyrongolem1|lmao
|c|☆Lyrongolem1|ok
|c|☆BigJulius|2/2
|
|t:|1760733360
|switch|p2a: Plague Doctor|Corviknight, M|100/100
|-ability|p2a: Plague Doctor|Pressure
|move|p1a: Rampardos|Head Smash|p2a: Plague Doctor
|-damage|p2a: Plague Doctor|47/100
|-damage|p1a: Rampardos|42/100 psn|[from] item: Rocky Helmet|[of] p2a: Plague Doctor
|-damage|p1a: Rampardos|10/100 psn|[from] Recoil
|
|-damage|p1a: Rampardos|0 fnt|[from] psn
|faint|p1a: Rampardos
|upkeep
|
|t:|1760733372
|switch|p1a: Zapdos|Zapdos|100/100
|-ability|p1a: Zapdos|Pressure
|turn|15
|c|☆Lyrongolem1|think it's like a 10% chance?
|
|t:|1760733384
|switch|p2a: Trudeau-king|Slowking-Galar, M|100/100
|move|p1a: Zapdos|Volt Switch|p2a: Trudeau-king
|-damage|p2a: Trudeau-king|86/100
|c|☆BigJulius|I think it's more
|inactive|BigJulius has 120 seconds left.
|c|☆BigJulius|10% is sludge wave
|
|t:|1760733417
|switch|p1a: Clodsire|Clodsire, M, shiny|100/100|[from] Volt Switch
|
|upkeep
|turn|16
|
|t:|1760733423
|switch|p1a: Skeledirge|Skeledirge, F|51/100
|move|p2a: Trudeau-king|Future Sight|p1a: Skeledirge
|-start|p2a: Trudeau-king|move: Future Sight
|
|upkeep
|turn|17
|
|t:|1760733430
|move|p1a: Skeledirge|Slack Off|p1a: Skeledirge
|-heal|p1a: Skeledirge|100/100
|move|p2a: Trudeau-king|Sludge Bomb|p1a: Skeledirge
|-resisted|p1a: Skeledirge
|-damage|p1a: Skeledirge|83/100
|
|upkeep
|turn|18
|
|t:|1760733434
|switch|p1a: Mandibuzz|Mandibuzz, F|54/100 psn
|move|p2a: Trudeau-king|Psychic Noise|p1a: Mandibuzz
|-immune|p1a: Mandibuzz
|
|-end|p1a: Mandibuzz|move: Future Sight
|-immune|p1a: Mandibuzz
|-damage|p1a: Mandibuzz|42/100 psn|[from] psn
|upkeep
|turn|19
|
|t:|1760733438
|move|p1a: Mandibuzz|Roost|p1a: Mandibuzz
|-heal|p1a: Mandibuzz|92/100 psn
|-singleturn|p1a: Mandibuzz|move: Roost
|move|p2a: Trudeau-king|Sludge Bomb|p1a: Mandibuzz
|-damage|p1a: Mandibuzz|61/100 psn
|
|-damage|p1a: Mandibuzz|49/100 psn|[from] psn
|upkeep
|turn|20
|
|t:|1760733457
|move|p1a: Mandibuzz|Roost|p1a: Mandibuzz
|-heal|p1a: Mandibuzz|99/100 psn
|-singleturn|p1a: Mandibuzz|move: Roost
|move|p2a: Trudeau-king|Sludge Bomb|p1a: Mandibuzz
|-crit|p1a: Mandibuzz
|-damage|p1a: Mandibuzz|48/100 psn
|
|-damage|p1a: Mandibuzz|36/100 psn|[from] psn
|upkeep
|turn|21
|
|t:|1760733463
|move|p1a: Mandibuzz|U-turn|p2a: Trudeau-king
|-damage|p2a: Trudeau-king|74/100
|
|t:|1760733467
|switch|p1a: Clodsire|Clodsire, M, shiny|100/100|[from] U-turn
|move|p2a: Trudeau-king|Sludge Bomb|p1a: Clodsire
|-resisted|p1a: Clodsire
|-damage|p1a: Clodsire|96/100
|
|-heal|p1a: Clodsire|100/100|[from] item: Leftovers
|upkeep
|turn|22
|
|t:|1760733472
|move|p2a: Trudeau-king|Future Sight|p1a: Clodsire
|-start|p2a: Trudeau-king|move: Future Sight
|move|p1a: Clodsire|High Horsepower|p2a: Trudeau-king
|-supereffective|p2a: Trudeau-king
|-damage|p2a: Trudeau-king|20/100
|
|upkeep
|turn|23
|
|t:|1760733479
|switch|p2a: Specialist|Dragapult, M|100/100
|switch|p1a: Mandibuzz|Mandibuzz, F|36/100 psn
|
|-damage|p1a: Mandibuzz|23/100 psn|[from] psn
|upkeep
|turn|24
|
|t:|1760733491
|move|p2a: Specialist|Dragon Darts|p1a: Mandibuzz
|-damage|p1a: Mandibuzz|8/100 psn
|-anim|p2a: Specialist|Dragon Darts|p1a: Mandibuzz
|-damage|p1a: Mandibuzz|0 fnt
|faint|p1a: Mandibuzz
|
|-hint|Future Sight did not hit because the target is fainted.
|upkeep
|
|t:|1760733497
|switch|p1a: Skeledirge|Skeledirge, F|83/100
|turn|25
|
|t:|1760733504
|move|p2a: Specialist|U-turn|p1a: Skeledirge
|-resisted|p1a: Skeledirge
|-damage|p1a: Skeledirge|80/100
|
|t:|1760733507
|switch|p2a: Trudeau-king|Slowking-Galar, M|54/100|[from] U-turn
|move|p1a: Skeledirge|Torch Song|p2a: Trudeau-king
|-damage|p2a: Trudeau-king|41/100
|-boost|p1a: Skeledirge|spa|1
|
|upkeep
|turn|26
|
|t:|1760733512
|move|p1a: Skeledirge|Earth Power|p2a: Trudeau-king
|-supereffective|p2a: Trudeau-king
|-damage|p2a: Trudeau-king|13/100
|move|p2a: Trudeau-king|Future Sight|p1a: Skeledirge
|-start|p2a: Trudeau-king|move: Future Sight
|
|upkeep
|turn|27
|
|t:|1760733520
|switch|p2a: Plague Doctor|Corviknight, M|47/100
|-ability|p2a: Plague Doctor|Pressure
|move|p1a: Skeledirge|Torch Song|p2a: Plague Doctor
|-supereffective|p2a: Plague Doctor
|-damage|p2a: Plague Doctor|0 fnt
|-boost|p1a: Skeledirge|spa|1
|faint|p2a: Plague Doctor
|
|upkeep
|
|t:|1760733526
|switch|p2a: Specialist|Dragapult, M|100/100
|turn|28
|
|t:|1760733531
|move|p2a: Specialist|Dragon Darts|p1a: Skeledirge
|-damage|p1a: Skeledirge|64/100
|-anim|p2a: Specialist|Dragon Darts|p1a: Skeledirge
|-damage|p1a: Skeledirge|48/100
|move|p1a: Skeledirge|Will-O-Wisp|p2a: Specialist
|-status|p2a: Specialist|brn
|
|-end|p1a: Skeledirge|move: Future Sight
|-damage|p1a: Skeledirge|0 fnt
|faint|p1a: Skeledirge
|-damage|p2a: Specialist|95/100 brn|[from] brn
|upkeep
|
|t:|1760733542
|switch|p1a: Zapdos|Zapdos|100/100
|-ability|p1a: Zapdos|Pressure
|turn|29
|
|t:|1760733552
|move|p2a: Specialist|U-turn|p1a: Zapdos
|-resisted|p1a: Zapdos
|-damage|p1a: Zapdos|93/100
|
|t:|1760733555
|switch|p2a: Trudeau-king|Slowking-Galar, M|47/100|[from] U-turn
|move|p1a: Zapdos|Thunderbolt|p2a: Trudeau-king
|-damage|p2a: Trudeau-king|28/100
|
|upkeep
|turn|30
|
|t:|1760733558
|move|p1a: Zapdos|Hurricane|p2a: Trudeau-king
|-damage|p2a: Trudeau-king|7/100
|move|p2a: Trudeau-king|Future Sight|p1a: Zapdos
|-start|p2a: Trudeau-king|move: Future Sight
|
|upkeep
|turn|31
|
|t:|1760733567
|switch|p2a: Dr. Garg|Garganacl, M|85/100
|move|p1a: Zapdos|Thunderbolt|p2a: Dr. Garg
|-damage|p2a: Dr. Garg|55/100
|
|-heal|p2a: Dr. Garg|61/100|[from] item: Leftovers
|upkeep
|turn|32
|
|t:|1760733571
|move|p1a: Zapdos|Volt Switch|p2a: Dr. Garg
|-damage|p2a: Dr. Garg|37/100
|
|t:|1760733574
|switch|p1a: Clodsire|Clodsire, M, shiny|100/100|[from] Volt Switch
|move|p2a: Dr. Garg|Recover|p2a: Dr. Garg
|-heal|p2a: Dr. Garg|87/100
|
|-end|p1a: Clodsire|move: Future Sight
|-supereffective|p1a: Clodsire
|-damage|p1a: Clodsire|47/100
|-heal|p2a: Dr. Garg|93/100|[from] item: Leftovers
|-heal|p1a: Clodsire|54/100|[from] item: Leftovers
|upkeep
|turn|33
|
|t:|1760733581
|move|p2a: Dr. Garg|Stealth Rock|p1a: Clodsire
|-sidestart|p1: BigJulius|move: Stealth Rock
|move|p1a: Clodsire|Recover|p1a: Clodsire
|-heal|p1a: Clodsire|100/100
|
|-heal|p2a: Dr. Garg|99/100|[from] item: Leftovers
|upkeep
|turn|34
|
|t:|1760733586
|switch|p1a: Rillaboom|Rillaboom, F|100/100
|-damage|p1a: Rillaboom|88/100|[from] Stealth Rock
|-fieldstart|move: Grassy Terrain|[from] ability: Grassy Surge|[of] p1a: Rillaboom
|move|p2a: Dr. Garg|Salt Cure|p1a: Rillaboom
|-crit|p1a: Rillaboom
|-damage|p1a: Rillaboom|65/100
|-start|p1a: Rillaboom|Salt Cure
|
|-heal|p1a: Rillaboom|72/100|[from] Grassy Terrain
|-heal|p2a: Dr. Garg|100/100|[from] Grassy Terrain
|-damage|p1a: Rillaboom|59/100|[from] Salt Cure
|upkeep
|turn|35
|
|t:|1760733591
|switch|p1a: Zapdos|Zapdos|93/100
|-damage|p1a: Zapdos|68/100|[from] Stealth Rock
|-ability|p1a: Zapdos|Pressure
|move|p2a: Dr. Garg|Protect||[still]
|-fail|p2a: Dr. Garg
|
|upkeep
|turn|36
|
|t:|1760733596
|move|p1a: Zapdos|Volt Switch|p2a: Dr. Garg
|-crit|p2a: Dr. Garg
|-damage|p2a: Dr. Garg|66/100
|
|t:|1760733599
|switch|p1a: Rillaboom|Rillaboom, F|59/100|[from] Volt Switch
|-damage|p1a: Rillaboom|47/100|[from] Stealth Rock
|move|p2a: Dr. Garg|Salt Cure|p1a: Rillaboom
|-damage|p1a: Rillaboom|30/100
|-start|p1a: Rillaboom|Salt Cure
|
|-heal|p1a: Rillaboom|36/100|[from] Grassy Terrain
|-heal|p2a: Dr. Garg|73/100|[from] Grassy Terrain
|-heal|p2a: Dr. Garg|79/100|[from] item: Leftovers
|-damage|p1a: Rillaboom|24/100|[from] Salt Cure
|upkeep
|turn|37
|
|t:|1760733604
|move|p2a: Dr. Garg|Protect|p2a: Dr. Garg
|-singleturn|p2a: Dr. Garg|Protect
|move|p1a: Rillaboom|Swords Dance|p1a: Rillaboom
|-boost|p1a: Rillaboom|atk|2
|
|-heal|p1a: Rillaboom|30/100|[from] Grassy Terrain
|-heal|p2a: Dr. Garg|85/100|[from] Grassy Terrain
|-heal|p2a: Dr. Garg|91/100|[from] item: Leftovers
|-damage|p1a: Rillaboom|18/100|[from] Salt Cure
|upkeep
|turn|38
|
|t:|1760733611
|switch|p2a: Nurse|Weezing-Galar, F|100/100
|-ability|p2a: Nurse|Neutralizing Gas
|move|p1a: Rillaboom|Wood Hammer|p2a: Nurse
|-resisted|p2a: Nurse
|-damage|p2a: Nurse|39/100
|-damage|p1a: Rillaboom|0 fnt|[from] Recoil
|faint|p1a: Rillaboom
|
|-heal|p2a: Nurse|45/100|[from] Grassy Terrain
|-heal|p2a: Nurse|50/100|[from] item: Black Sludge
|-fieldend|move: Grassy Terrain
|upkeep
|
|t:|1760733615
|switch|p1a: Zapdos|Zapdos|68/100
|-damage|p1a: Zapdos|43/100|[from] Stealth Rock
|turn|39
|
|t:|1760733622
|-end|p2a: Nurse|ability: Neutralizing Gas
|-ability|p1a: Zapdos|Pressure
|switch|p2a: Dr. Garg|Garganacl, M|91/100
|move|p1a: Zapdos|Thunderbolt|p2a: Dr. Garg
|-damage|p2a: Dr. Garg|59/100
|
|-heal|p2a: Dr. Garg|65/100|[from] item: Leftovers
|upkeep
|turn|40
|-message|BigJulius forfeited.
|
|win|Lyrongolem1
|raw|BigJulius's rating: 1453 &rarr; <strong>1435</strong><br />(-18 for losing)
|raw|Lyrongolem1's rating: 1494 &rarr; <strong>1512</strong><br />(+18 for winning)
|l|☆BigJulius
|player|p1|
|l|☆Lyrongolem1
|player|p2|
