|j|☆Osiris' Requiem
|j|☆SirSleepy
|t:|1760771469
|gametype|singles
|player|p1|Osiris' Requiem|fennel|1492
|player|p2|SirSleepy|ltsurge|1574
|gen|9
|tier|[Gen 9] OU
|rated|
|rule|HP Percentage Mod: HP is shown in percentages
|rule|Endless Battle Clause: Forcing endless battles is banned
|rule|Species Clause: Limit one of each Pokémon
|rule|OHKO Clause: OHKO moves are banned
|rule|Evasion Items Clause: Evasion items are banned
|rule|Evasion Moves Clause: Evasion moves are banned
|rule|Evasion Abilities Clause: Evasion abilities are banned
|rule|Sleep Moves Clause: Sleep-inducing moves are banned
|clearpoke
|poke|p1|Volcanion|
|poke|p1|Garchomp, F|
|poke|p1|Gholdengo|
|poke|p1|Hatterene, F|
|poke|p1|Tornadus-Therian, M|
|poke|p1|Keldeo-Resolute|
|poke|p2|Scizor, F|
|poke|p2|Tornadus-Therian, M|
|poke|p2|Zamazenta-*|
|poke|p2|Garganacl, M|
|poke|p2|Alomomola, M|
|poke|p2|Darkrai|
|teampreview
|
|t:|1760771476
|teamsize|p1|6
|teamsize|p2|6
|start
|switch|p1a: Keldeo|Keldeo-Resolute|100/100
|switch|p2a: Mihawk|Tornadus-Therian, M|100/100
|turn|1
|
|t:|1760771483
|switch|p1a: Tornadus|Tornadus-Therian, M, shiny|100/100
|move|p2a: Mihawk|Bleakwind Storm|p1a: Tornadus
|-damage|p1a: Tornadus|75/100
|-unboost|p1a: Tornadus|spe|1
|
|upkeep
|turn|2
|
|t:|1760771495
|move|p2a: Mihawk|Knock Off|p1a: Tornadus
|-damage|p1a: Tornadus|52/100
|-enditem|p1a: Tornadus|Assault Vest|[from] move: Knock Off|[of] p2a: Mihawk
|move|p1a: Tornadus|U-turn|p2a: Mihawk
|-resisted|p2a: Mihawk
|-damage|p2a: Mihawk|93/100
|
|t:|1760771501
|switch|p1a: Garchomp|Garchomp, F|100/100|[from] U-turn
|
|upkeep
|turn|3
|
|t:|1760771505
|move|p2a: Mihawk|Bleakwind Storm|p1a: Garchomp|[miss]
|-miss|p2a: Mihawk|p1a: Garchomp
|move|p1a: Garchomp|Stealth Rock|p2a: Mihawk
|-sidestart|p2: SirSleepy|move: Stealth Rock
|
|upkeep
|turn|4
|
|t:|1760771510
|move|p2a: Mihawk|Bleakwind Storm|p1a: Garchomp
|-damage|p1a: Garchomp|65/100
|move|p1a: Garchomp|Dragon Tail|p2a: Mihawk
|-damage|p2a: Mihawk|62/100
|drag|p2a: Halibut|Alomomola, M|100/100
|
|upkeep
|turn|5
|
|t:|1760771529
|move|p1a: Garchomp|Earthquake|p2a: Halibut
|-damage|p2a: Halibut|78/100
|move|p2a: Halibut|Wish|p2a: Halibut
|
|upkeep
|turn|6
|
|t:|1760771533
|move|p2a: Halibut|Flip Turn|p1a: Garchomp
|-damage|p1a: Garchomp|57/100
|-damage|p2a: Halibut|66/100|[from] ability: Rough Skin|[of] p1a: Garchomp
|-damage|p2a: Halibut|49/100|[from] item: Rocky Helmet|[of] p1a: Garchomp
|
|t:|1760771538
|switch|p2a: Mihawk|Tornadus-Therian, M|95/100|[from] Flip Turn
|-damage|p2a: Mihawk|70/100|[from] Stealth Rock
|move|p1a: Garchomp|Dragon Tail|p2a: Mihawk
|-damage|p2a: Mihawk|39/100
|drag|p2a: Firefly|Scizor, F|100/100
|-damage|p2a: Firefly|88/100|[from] Stealth Rock
|
|-heal|p2a: Firefly|100/100|[from] move: Wish|[wisher] Halibut
|upkeep
|turn|7
|
|t:|1760771555
|move|p1a: Garchomp|Spikes|p2a: Firefly
|-sidestart|p2: SirSleepy|Spikes
|move|p2a: Firefly|Swords Dance|p2a: Firefly
|-boost|p2a: Firefly|atk|2
|
|upkeep
|turn|8
|
|t:|1760771566
|move|p2a: Firefly|Knock Off|p1a: Garchomp
|-damage|p1a: Garchomp|7/100
|-damage|p2a: Firefly|88/100|[from] ability: Rough Skin|[of] p1a: Garchomp
|-damage|p2a: Firefly|71/100|[from] item: Rocky Helmet|[of] p1a: Garchomp
|-enditem|p1a: Garchomp|Rocky Helmet|[from] move: Knock Off|[of] p2a: Firefly
|move|p1a: Garchomp|Dragon Tail|p2a: Firefly
|-resisted|p2a: Firefly
|-damage|p2a: Firefly|58/100
|drag|p2a: Halibut|Alomomola, M|82/100
|
|upkeep
|turn|9
|
|t:|1760771589
|switch|p1a: Keldeo|Keldeo-Resolute|100/100
|move|p2a: Halibut|Wish|p2a: Halibut
|
|upkeep
|turn|10
|
|t:|1760771598
|switch|p2a: Mihawk|Tornadus-Therian, M|73/100
|-damage|p2a: Mihawk|48/100|[from] Stealth Rock
|move|p1a: Keldeo|Surf|p2a: Mihawk
|-damage|p2a: Mihawk|0 fnt
|faint|p2a: Mihawk
|
|upkeep
|
|t:|1760771606
|switch|p2a: Inuyasha|Zamazenta|100/100
|-ability|p2a: Inuyasha|Dauntless Shield|boost
|-boost|p2a: Inuyasha|def|1
|turn|11
|
|t:|1760771614
|move|p2a: Inuyasha|Play Rough|p1a: Keldeo
|-supereffective|p1a: Keldeo
|-damage|p1a: Keldeo|27/100
|move|p1a: Keldeo|Surf|p2a: Inuyasha
|-damage|p2a: Inuyasha|39/100
|
|upkeep
|turn|12
|
|t:|1760771620
|switch|p1a: Garchomp|Garchomp, F|7/100
|move|p2a: Inuyasha|Crunch|p1a: Garchomp
|-damage|p1a: Garchomp|0 fnt
|-damage|p2a: Inuyasha|27/100|[from] ability: Rough Skin|[of] p1a: Garchomp
|faint|p1a: Garchomp
|
|upkeep
|
|t:|1760771634
|switch|p1a: Gholdengo|Gholdengo|100/100
|turn|13
|
|t:|1760771638
|switch|p2a: Dwayne|Garganacl, M|100/100
|-damage|p2a: Dwayne|88/100|[from] Stealth Rock
|-damage|p2a: Dwayne|76/100|[from] Spikes
|move|p1a: Gholdengo|Shadow Ball|p2a: Dwayne
|-crit|p2a: Dwayne
|-damage|p2a: Dwayne|53/100
|
|-heal|p2a: Dwayne|59/100|[from] item: Leftovers
|upkeep
|turn|14
|
|t:|1760771647
|switch|p1a: Hatterene|Hatterene, F, shiny|100/100
|move|p2a: Dwayne|Salt Cure|p1a: Hatterene
|-damage|p1a: Hatterene|88/100
|-start|p1a: Hatterene|Salt Cure
|
|-heal|p2a: Dwayne|65/100|[from] item: Leftovers
|-damage|p1a: Hatterene|76/100|[from] Salt Cure
|upkeep
|turn|15
|
|t:|1760771656
|move|p2a: Dwayne|Stealth Rock|p1a: Hatterene
|move|p1a: Hatterene|Stealth Rock||[from] ability: Magic Bounce|[still]
|-fail|p1a: Hatterene
|move|p1a: Hatterene|Psychic Noise|p2a: Dwayne
|-damage|p2a: Dwayne|44/100
|-start|p2a: Dwayne|move: Heal Block
|
|-damage|p1a: Hatterene|64/100|[from] Salt Cure
|upkeep
|turn|16
|
|t:|1760771676
|move|p2a: Dwayne|Protect|p2a: Dwayne
|-singleturn|p2a: Dwayne|Protect
|move|p1a: Hatterene|Draining Kiss|p2a: Dwayne
|-activate|p2a: Dwayne|move: Protect
|
|-damage|p1a: Hatterene|51/100|[from] Salt Cure
|-end|p2a: Dwayne|move: Heal Block
|upkeep
|turn|17
|
|t:|1760771683
|move|p2a: Dwayne|Recover|p2a: Dwayne
|-heal|p2a: Dwayne|94/100
|move|p1a: Hatterene|Psychic Noise|p2a: Dwayne
|-damage|p2a: Dwayne|72/100
|-start|p2a: Dwayne|move: Heal Block
|
|-damage|p1a: Hatterene|39/100|[from] Salt Cure
|upkeep
|turn|18
|
|t:|1760771693
|move|p2a: Dwayne|Protect|p2a: Dwayne
|-singleturn|p2a: Dwayne|Protect
|move|p1a: Hatterene|Pain Split|p2a: Dwayne
|-activate|p2a: Dwayne|move: Protect
|
|-damage|p1a: Hatterene|27/100|[from] Salt Cure
|-end|p2a: Dwayne|move: Heal Block
|upkeep
|turn|19
|
|t:|1760771701
|switch|p2a: Inuyasha|Zamazenta|27/100
|move|p1a: Hatterene|Pain Split|p2a: Inuyasha
|-sethp|p2a: Inuyasha|26/100|[from] move: Pain Split|[silent]
|-sethp|p1a: Hatterene|27/100|[from] move: Pain Split
|
|-damage|p1a: Hatterene|15/100|[from] Salt Cure
|upkeep
|turn|20
|
|t:|1760771711
|move|p2a: Inuyasha|Crunch|p1a: Hatterene
|-damage|p1a: Hatterene|0 fnt
|-damage|p2a: Inuyasha|10/100|[from] item: Rocky Helmet|[of] p1a: Hatterene
|faint|p1a: Hatterene
|
|upkeep
|
|t:|1760771720
|switch|p1a: Gholdengo|Gholdengo|100/100
|turn|21
|
|t:|1760771735
|switch|p2a: Kuro|Darkrai|100/100
|move|p1a: Gholdengo|Make It Rain|p2a: Kuro
|-damage|p2a: Kuro|9/100
|-unboost|p1a: Gholdengo|spa|1
|
|upkeep
|turn|22
|
|t:|1760771743
|move|p1a: Gholdengo|Make It Rain|p2a: Kuro
|-damage|p2a: Kuro|0 fnt
|-unboost|p1a: Gholdengo|spa|1
|faint|p2a: Kuro
|
|upkeep
|
|t:|1760771749
|switch|p2a: Dwayne|Garganacl, M|72/100
|-damage|p2a: Dwayne|59/100|[from] Stealth Rock
|-damage|p2a: Dwayne|47/100|[from] Spikes
|turn|23
|
|t:|1760771754
|move|p1a: Gholdengo|Make It Rain|p2a: Dwayne
|-supereffective|p2a: Dwayne
|-damage|p2a: Dwayne|1/100
|-unboost|p1a: Gholdengo|spa|1
|move|p2a: Dwayne|Recover|p2a: Dwayne
|-heal|p2a: Dwayne|51/100
|
|-heal|p2a: Dwayne|57/100|[from] item: Leftovers
|upkeep
|turn|24
|
|t:|1760771767
|switch|p1a: Tornadus|Tornadus-Therian, M, shiny|85/100
|move|p2a: Dwayne|Salt Cure|p1a: Tornadus
|-supereffective|p1a: Tornadus
|-damage|p1a: Tornadus|50/100
|-start|p1a: Tornadus|Salt Cure
|
|-heal|p2a: Dwayne|63/100|[from] item: Leftovers
|-damage|p1a: Tornadus|38/100|[from] Salt Cure
|upkeep
|turn|25
|
|t:|1760771776
|move|p2a: Dwayne|Protect|p2a: Dwayne
|-singleturn|p2a: Dwayne|Protect
|move|p1a: Tornadus|Knock Off|p2a: Dwayne
|-activate|p2a: Dwayne|move: Protect
|
|-heal|p2a: Dwayne|70/100|[from] item: Leftovers
|-damage|p1a: Tornadus|25/100|[from] Salt Cure
|upkeep
|turn|26
|
|t:|1760771796
|switch|p2a: Halibut|Alomomola, M|100/100
|move|p1a: Tornadus|Knock Off|p2a: Halibut
|-damage|p2a: Halibut|89/100
|-enditem|p2a: Halibut|Heavy-Duty Boots|[from] move: Knock Off|[of] p1a: Tornadus
|
|-damage|p1a: Tornadus|13/100|[from] Salt Cure
|upkeep
|turn|27
|
|t:|1760771805
|move|p1a: Tornadus|U-turn|p2a: Halibut
|-damage|p2a: Halibut|81/100
|
|t:|1760771808
|switch|p1a: Keldeo|Keldeo-Resolute|27/100|[from] U-turn
|move|p2a: Halibut|Flip Turn|p1a: Keldeo
|-resisted|p1a: Keldeo
|-damage|p1a: Keldeo|19/100
|
|t:|1760771813
|switch|p2a: Inuyasha|Zamazenta|10/100|[from] Flip Turn
|
|upkeep
|turn|28
|
|t:|1760771821
|move|p1a: Keldeo|Vacuum Wave|p2a: Inuyasha
|-damage|p2a: Inuyasha|0 fnt
|faint|p2a: Inuyasha
|
|upkeep
|
|t:|1760771827
|switch|p2a: Dwayne|Garganacl, M|70/100
|-damage|p2a: Dwayne|57/100|[from] Stealth Rock
|-damage|p2a: Dwayne|45/100|[from] Spikes
|turn|29
|
|t:|1760771855
|switch|p1a: Tornadus|Tornadus-Therian, M, shiny|46/100
|move|p2a: Dwayne|Recover|p2a: Dwayne
|-heal|p2a: Dwayne|95/100
|
|-heal|p2a: Dwayne|100/100|[from] item: Leftovers
|upkeep
|turn|30
|
|t:|1760771865
|move|p1a: Tornadus|Knock Off|p2a: Dwayne
|-damage|p2a: Dwayne|88/100
|-enditem|p2a: Dwayne|Leftovers|[from] move: Knock Off|[of] p1a: Tornadus
|move|p2a: Dwayne|Salt Cure|p1a: Tornadus
|-supereffective|p1a: Tornadus
|-damage|p1a: Tornadus|13/100
|-start|p1a: Tornadus|Salt Cure
|
|-damage|p1a: Tornadus|0 fnt|[from] Salt Cure
|faint|p1a: Tornadus
|upkeep
|
|t:|1760771875
|switch|p1a: Keldeo|Keldeo-Resolute|19/100
|turn|31
|
|t:|1760771884
|-terastallize|p2a: Dwayne|Water
|move|p1a: Keldeo|Secret Sword|p2a: Dwayne
|-damage|p2a: Dwayne|43/100
|move|p2a: Dwayne|Stealth Rock|p1a: Keldeo
|-sidestart|p1: Osiris' Requiem|move: Stealth Rock
|
|upkeep
|turn|32
|
|t:|1760771897
|-terastallize|p1a: Keldeo|Fighting
|move|p1a: Keldeo|Secret Sword|p2a: Dwayne
|-damage|p2a: Dwayne|0 fnt
|faint|p2a: Dwayne
|
|upkeep
|
|t:|1760771903
|switch|p2a: Firefly|Scizor, F|58/100
|-damage|p2a: Firefly|46/100|[from] Stealth Rock
|-damage|p2a: Firefly|33/100|[from] Spikes
|turn|33
|-message|SirSleepy forfeited.
|
|win|Osiris' Requiem
|raw|Osiris&apos; Requiem's rating: 1492 &rarr; <strong>1517</strong><br />(+25 for winning)
|raw|SirSleepy's rating: 1574 &rarr; <strong>1549</strong><br />(-25 for losing)
|l|☆SirSleepy
|player|p2|
