|j|☆barrman1313
|j|☆reudige Gurke
|t:|1760836205
|gametype|singles
|player|p1|barrman1313|janitor|1506
|player|p2|reudige Gurke|265|1471
|gen|9
|tier|[Gen 9] OU
|rated|
|rule|HP Percentage Mod: HP is shown in percentages
|rule|Endless Battle Clause: Forcing endless battles is banned
|rule|Species Clause: Limit one of each Pokémon
|rule|OHKO Clause: OHKO moves are banned
|rule|Evasion Items Clause: Evasion items are banned
|rule|Evasion Moves Clause: Evasion moves are banned
|rule|Evasion Abilities Clause: Evasion abilities are banned
|rule|Sleep Moves Clause: Sleep-inducing moves are banned
|clearpoke
|poke|p1|Weavile, F|
|poke|p1|Pecharunt|
|poke|p1|Ting-Lu|
|poke|p1|Tinkaton, F|
|poke|p1|Keldeo-Resolute|
|poke|p1|Dragonite, F|
|poke|p2|Mew|
|poke|p2|Alomomola, M|
|poke|p2|Cinderace, M|
|poke|p2|Primarina, M|
|poke|p2|Persian-Alola, F|
|poke|p2|Kyurem|
|teampreview
|inactive|Battle timer is ON: inactive players will automatically lose when time's up. (requested by reudige Gurke)
|
|t:|1760836221
|teamsize|p1|6
|teamsize|p2|6
|start
|switch|p1a: Dragonite|Dragonite, F|100/100
|switch|p2a: Persian|Persian-Alola, F|100/100
|turn|1
|
|t:|1760836230
|switch|p1a: Ting-Lu|Ting-Lu|100/100
|-ability|p1a: Ting-Lu|Vessel of Ruin
|move|p2a: Persian|Thunder Wave|p1a: Ting-Lu
|-immune|p1a: Ting-Lu
|
|upkeep
|turn|2
|
|t:|1760836238
|switch|p2a: Alomomola|Alomomola, M|100/100
|move|p1a: Ting-Lu|Ruination|p2a: Alomomola
|-damage|p2a: Alomomola|50/100
|
|upkeep
|turn|3
|
|t:|1760836246
|switch|p1a: Tinkaton|Tinkaton, F|100/100
|-item|p1a: Tinkaton|Air Balloon
|move|p2a: Alomomola|Flip Turn|p1a: Tinkaton
|-damage|p1a: Tinkaton|80/100
|-enditem|p1a: Tinkaton|Air Balloon
|-enditem|p2a: Alomomola|Heavy-Duty Boots|[silent]|[from] ability: Pickpocket|[of] p2a: Alomomola
|-item|p1a: Tinkaton|Heavy-Duty Boots|[from] ability: Pickpocket|[of] p2a: Alomomola
|
|t:|1760836255
|switch|p2a: Cinderace|Cinderace, M|100/100|[from] Flip Turn
|
|upkeep
|turn|4
|inactive|barrman1313 has 120 seconds left.
|
|t:|1760836295
|switch|p1a: Ting-Lu|Ting-Lu|100/100
|-ability|p1a: Ting-Lu|Vessel of Ruin
|move|p2a: Cinderace|U-turn|p1a: Ting-Lu
|-start|p2a: Cinderace|typechange|Bug|[from] ability: Libero
|-supereffective|p1a: Ting-Lu
|-damage|p1a: Ting-Lu|66/100
|-damage|p2a: Cinderace|84/100|[from] item: Rocky Helmet|[of] p1a: Ting-Lu
|
|t:|1760836306
|switch|p2a: Kyurem|Kyurem|100/100|[from] U-turn
|-ability|p2a: Kyurem|Pressure
|
|upkeep
|turn|5
|inactive|barrman1313 has 120 seconds left.
|
|t:|1760836313
|switch|p1a: Pecharunt|Pecharunt|100/100
|move|p2a: Kyurem|Substitute|p2a: Kyurem
|-start|p2a: Kyurem|Substitute
|-damage|p2a: Kyurem|76/100
|
|-heal|p2a: Kyurem|82/100|[from] item: Leftovers
|upkeep
|turn|6
|
|t:|1760836318
|-terastallize|p2a: Kyurem|Steel
|move|p2a: Kyurem|Dragon Dance|p2a: Kyurem
|-boost|p2a: Kyurem|atk|1
|-boost|p2a: Kyurem|spe|1
|move|p1a: Pecharunt|Malignant Chain|p2a: Kyurem
|-immune|p2a: Kyurem
|
|-heal|p2a: Kyurem|88/100|[from] item: Leftovers
|upkeep
|turn|7
|
|t:|1760836325
|move|p2a: Kyurem|Dragon Dance|p2a: Kyurem
|-boost|p2a: Kyurem|atk|1
|-boost|p2a: Kyurem|spe|1
|move|p1a: Pecharunt|Parting Shot|p2a: Kyurem
|-unboost|p2a: Kyurem|atk|1
|-unboost|p2a: Kyurem|spa|1
|
|t:|1760836337
|switch|p1a: Ting-Lu|Ting-Lu|66/100|[from] Parting Shot
|-ability|p1a: Ting-Lu|Vessel of Ruin
|
|-heal|p2a: Kyurem|94/100|[from] item: Leftovers
|upkeep
|turn|8
|
|t:|1760836343
|-terastallize|p1a: Ting-Lu|Water
|move|p2a: Kyurem|Icicle Spear|p1a: Ting-Lu
|-resisted|p1a: Ting-Lu
|-damage|p1a: Ting-Lu|62/100
|-resisted|p1a: Ting-Lu
|-damage|p1a: Ting-Lu|58/100
|-hitcount|p1a: Ting-Lu|2
|move|p1a: Ting-Lu|Whirlwind|p2a: Kyurem
|drag|p2a: Persian|Persian-Alola, F|100/100
|
|upkeep
|turn|9
|
|t:|1760836353
|move|p2a: Persian|Switcheroo|p1a: Ting-Lu
|-activate|p2a: Persian|move: Trick|[of] p1a: Ting-Lu
|-item|p1a: Ting-Lu|Choice Scarf|[from] move: Switcheroo
|-item|p2a: Persian|Rocky Helmet|[from] move: Switcheroo
|move|p1a: Ting-Lu|Spikes|p2a: Persian
|-sidestart|p2: reudige Gurke|Spikes
|
|upkeep
|turn|10
|
|t:|1760836361
|move|p2a: Persian|Parting Shot|p1a: Ting-Lu
|-unboost|p1a: Ting-Lu|atk|1
|-unboost|p1a: Ting-Lu|spa|1
|
|t:|1760836364
|switch|p2a: Mewing|Mew|100/100|[from] Parting Shot
|-damage|p2a: Mewing|88/100|[from] Spikes
|move|p1a: Ting-Lu|Spikes|p2a: Mewing
|-sidestart|p2: reudige Gurke|Spikes
|
|upkeep
|turn|11
|
|t:|1760836375
|switch|p1a: Keldeo|Keldeo-Resolute|100/100
|move|p2a: Mewing|Agility|p2a: Mewing
|-boost|p2a: Mewing|spe|2
|
|upkeep
|turn|12
|
|t:|1760836382
|move|p2a: Mewing|Calm Mind|p2a: Mewing
|-boost|p2a: Mewing|spa|1
|-boost|p2a: Mewing|spd|1
|move|p1a: Keldeo|Flip Turn|p2a: Mewing
|-crit|p2a: Mewing
|-damage|p2a: Mewing|75/100
|
|t:|1760836394
|switch|p1a: Ting-Lu|Ting-Lu, tera:Water|58/100|[from] Flip Turn
|-ability|p1a: Ting-Lu|Vessel of Ruin
|
|upkeep
|turn|13
|
|t:|1760836400
|move|p2a: Mewing|Stored Power|p1a: Ting-Lu
|-damage|p1a: Ting-Lu|35/100
|move|p1a: Ting-Lu|Whirlwind|p2a: Mewing
|drag|p2a: Cinderace|Cinderace, M|84/100
|
|upkeep
|turn|14
|inactive|barrman1313 has 120 seconds left.
|
|t:|1760836432
|switch|p1a: Keldeo|Keldeo-Resolute|100/100
|move|p2a: Cinderace|Court Change|p2a: Cinderace
|-start|p2a: Cinderace|typechange|Normal|[from] ability: Libero
|-swapsideconditions
|-activate|p2a: Cinderace|move: Court Change
|
|upkeep
|turn|15
|inactive|barrman1313 has 120 seconds left.
|
|t:|1760836443
|move|p2a: Cinderace|U-turn|p1a: Keldeo
|-resisted|p1a: Keldeo
|-damage|p1a: Keldeo|87/100
|
|t:|1760836453
|switch|p2a: Mewing|Mew|75/100|[from] U-turn
|move|p1a: Keldeo|Flip Turn|p2a: Mewing
|-damage|p2a: Mewing|67/100
|inactive|barrman1313 has 120 seconds left.
|
|t:|1760836464
|switch|p1a: Weavile|Weavile, F|100/100|[from] Flip Turn
|-ability|p1a: Weavile|Pressure
|
|upkeep
|turn|16
|
|t:|1760836468
|switch|p2a: Alomomola|Alomomola, M|84/100
|move|p1a: Weavile|Swords Dance|p1a: Weavile
|-boost|p1a: Weavile|atk|2
|
|upkeep
|turn|17
|
|t:|1760836481
|move|p1a: Weavile|Swords Dance|p1a: Weavile
|-boost|p1a: Weavile|atk|2
|move|p2a: Alomomola|Flip Turn|p1a: Weavile
|-damage|p1a: Weavile|74/100
|
|t:|1760836498
|switch|p2a: Persian|Persian-Alola, F|100/100|[from] Flip Turn
|
|upkeep
|turn|18
|
|t:|1760836510
|move|p1a: Weavile|Triple Axel|p2a: Persian
|-damage|p2a: Persian|77/100
|-damage|p1a: Weavile|57/100|[from] item: Rocky Helmet|[of] p2a: Persian
|-damage|p2a: Persian|30/100
|-damage|p1a: Weavile|41/100|[from] item: Rocky Helmet|[of] p2a: Persian
|-crit|p2a: Persian
|-damage|p2a: Persian|0 fnt
|-damage|p1a: Weavile|25/100|[from] item: Rocky Helmet|[of] p2a: Persian
|faint|p2a: Persian
|-hitcount|p2: Persian|3
|
|upkeep
|inactive|reudige Gurke has 120 seconds left.
|
|t:|1760836546
|switch|p2a: Primarina|Primarina, M|100/100
|turn|19
|
|t:|1760836552
|move|p1a: Weavile|Triple Axel|p2a: Primarina
|-resisted|p2a: Primarina
|-crit|p2a: Primarina
|-damage|p2a: Primarina|70/100
|-resisted|p2a: Primarina
|-damage|p2a: Primarina|27/100
|-resisted|p2a: Primarina
|-damage|p2a: Primarina|0 fnt
|faint|p2a: Primarina
|-hitcount|p2: Primarina|3
|
|upkeep
|
|t:|1760836561
|switch|p2a: Kyurem|Kyurem, tera:Steel|94/100
|-ability|p2a: Kyurem|Pressure
|turn|20
|c|☆barrman1313|Srry
|c|☆barrman1313|Super lucky
|inactive|reudige Gurke has 120 seconds left.
|
|t:|1760836573
|move|p1a: Weavile|Knock Off|p2a: Kyurem
|-damage|p2a: Kyurem|0 fnt
|-enditem|p2a: Kyurem|Leftovers|[from] move: Knock Off|[of] p1a: Weavile
|faint|p2a: Kyurem
|
|upkeep
|c|☆reudige Gurke|gg
|c|☆reudige Gurke|np
|c|☆reudige Gurke|happens :D
|c|☆barrman1313|:)
|-message|reudige Gurke forfeited.
|
|win|barrman1313
|raw|barrman1313's rating: 1506 &rarr; <strong>1524</strong><br />(+18 for winning)
|raw|reudige Gurke's rating: 1471 &rarr; <strong>1453</strong><br />(-18 for losing)
|l|☆reudige Gurke
|player|p2|
|l|☆barrman1313
|player|p1|
