|j|☆gooseguy123
|j|☆AlmightyHD
|t:|1760731325
|gametype|singles
|player|p1|gooseguy123|giovanni|1444
|player|p2|AlmightyHD|acetrainerf-gen4dp|1518
|gen|9
|tier|[Gen 9] OU
|rated|
|rule|HP Percentage Mod: HP is shown in percentages
|rule|Endless Battle Clause: Forcing endless battles is banned
|rule|Species Clause: Limit one of each Pokémon
|rule|OHKO Clause: OHKO moves are banned
|rule|Evasion Items Clause: Evasion items are banned
|rule|Evasion Moves Clause: Evasion moves are banned
|rule|Evasion Abilities Clause: Evasion abilities are banned
|rule|Sleep Moves Clause: Sleep-inducing moves are banned
|clearpoke
|poke|p1|Kyurem|
|poke|p1|Slowking-Galar, F|
|poke|p1|Darkrai|
|poke|p1|Landorus-Therian, M|
|poke|p1|Quaquaval, M|
|poke|p1|Iron Valiant|
|poke|p2|Dragapult, M|
|poke|p2|Darkrai|
|poke|p2|Deoxys-Speed|
|poke|p2|Okidogi, M|
|poke|p2|Whiscash, M|
|poke|p2|Corviknight, F|
|teampreview
|inactive|Battle timer is ON: inactive players will automatically lose when time's up. (requested by gooseguy123)
|
|t:|1760731343
|teamsize|p1|6
|teamsize|p2|6
|start
|switch|p1a: Landorus|Landorus-Therian, M|100/100
|switch|p2a: Whiscash|Whiscash, M|100/100
|-ability|p1a: Landorus|Intimidate|boost
|-fail|p2a: Whiscash|unboost|Attack|[from] ability: Oblivious|[of] p2a: Whiscash
|turn|1
|
|t:|1760731349
|move|p1a: Landorus|Stealth Rock|p2a: Whiscash
|-sidestart|p2: AlmightyHD|move: Stealth Rock
|move|p2a: Whiscash|Spikes|p1a: Landorus
|-sidestart|p1: gooseguy123|Spikes
|
|upkeep
|turn|2
|
|t:|1760731357
|move|p1a: Landorus|Taunt|p2a: Whiscash
|-immune|p2a: Whiscash|[from] ability: Oblivious
|move|p2a: Whiscash|Spikes|p1a: Landorus
|-sidestart|p1: gooseguy123|Spikes
|
|upkeep
|turn|3
|
|t:|1760731365
|move|p1a: Landorus|Earth Power|p2a: Whiscash
|-damage|p2a: Whiscash|66/100
|-unboost|p2a: Whiscash|spd|1
|move|p2a: Whiscash|Stealth Rock|p1a: Landorus
|-sidestart|p1: gooseguy123|move: Stealth Rock
|
|upkeep
|turn|4
|
|t:|1760731372
|move|p1a: Landorus|Earth Power|p2a: Whiscash
|-damage|p2a: Whiscash|9/100
|move|p2a: Whiscash|Ice Beam|p1a: Landorus
|-supereffective|p1a: Landorus
|-damage|p1a: Landorus|31/100
|
|upkeep
|turn|5
|-enditem|p2a: Whiscash|Custap Berry|[eat]
|-activate|p2a: Whiscash|item: Custap Berry|[consumed]
|
|t:|1760731378
|move|p2a: Whiscash|Ice Beam|p1a: Landorus
|-supereffective|p1a: Landorus
|-damage|p1a: Landorus|0 fnt
|faint|p1a: Landorus
|
|upkeep
|
|t:|1760731382
|switch|p1a: Quaquaval|Quaquaval, M|100/100
|-damage|p1a: Quaquaval|84/100|[from] Spikes
|-damage|p1a: Quaquaval|78/100|[from] Stealth Rock
|turn|6
|
|t:|1760731385
|switch|p2a: Corviknight|Corviknight, F|100/100
|-damage|p2a: Corviknight|88/100|[from] Stealth Rock
|-ability|p2a: Corviknight|Pressure
|move|p1a: Quaquaval|Rapid Spin|p2a: Corviknight
|-resisted|p2a: Corviknight
|-damage|p2a: Corviknight|83/100
|-boost|p1a: Quaquaval|spe|1
|-damage|p1a: Quaquaval|62/100|[from] item: Rocky Helmet|[of] p2a: Corviknight
|-sideend|p1: gooseguy123|Spikes|[from] move: Rapid Spin|[of] p1a: Quaquaval
|-sideend|p1: gooseguy123|Stealth Rock|[from] move: Rapid Spin|[of] p1a: Quaquaval
|
|upkeep
|turn|7
|
|t:|1760731414
|switch|p1a: Slowking|Slowking-Galar, F|100/100
|move|p2a: Corviknight|Defog|p1a: Slowking
|-unboost|p1a: Slowking|evasion|1
|-sideend|p2: AlmightyHD|Stealth Rock|[from] move: Defog|[of] p2a: Corviknight
|
|upkeep
|turn|8
|
|t:|1760731425
|move|p2a: Corviknight|U-turn|p1a: Slowking
|-damage|p1a: Slowking|86/100
|
|t:|1760731426
|switch|p2a: Whiscash|Whiscash, M|9/100|[from] U-turn
|move|p1a: Slowking|Toxic|p2a: Whiscash
|-status|p2a: Whiscash|tox
|
|-damage|p2a: Whiscash|3/100 tox|[from] psn
|upkeep
|turn|9
|inactive|gooseguy123 has 120 seconds left.
|
|t:|1760731462
|move|p2a: Whiscash|Stealth Rock|p1a: Slowking
|-sidestart|p1: gooseguy123|move: Stealth Rock
|-prepare|p1a: Slowking|Chilly Reception|[premajor]
|move|p1a: Slowking|Chilly Reception|p1a: Slowking
|-weather|Snowscape
|
|t:|1760731465
|switch|p1a: Kyurem|Kyurem|100/100|[from] Chilly Reception
|-damage|p1a: Kyurem|76/100|[from] Stealth Rock
|-ability|p1a: Kyurem|Pressure
|
|-weather|Snowscape|[upkeep]
|-damage|p2a: Whiscash|0 fnt|[from] psn
|faint|p2a: Whiscash
|upkeep
|
|t:|1760731474
|switch|p2a: Dragapult|Dragapult, M|100/100
|turn|10
|
|t:|1760731479
|-terastallize|p1a: Kyurem|Ground
|move|p2a: Dragapult|Dragon Darts|p1a: Kyurem
|-damage|p1a: Kyurem|52/100
|-anim|p2a: Dragapult|Dragon Darts|p1a: Kyurem
|-damage|p1a: Kyurem|28/100
|-damage|p2a: Dragapult|91/100|[from] item: Life Orb
|move|p1a: Kyurem|Dragon Dance|p1a: Kyurem
|-boost|p1a: Kyurem|atk|1
|-boost|p1a: Kyurem|spe|1
|
|-weather|Snowscape|[upkeep]
|upkeep
|turn|11
|
|t:|1760731492
|move|p1a: Kyurem|Scale Shot|p2a: Dragapult
|-supereffective|p2a: Dragapult
|-damage|p2a: Dragapult|36/100
|-supereffective|p2a: Dragapult
|-crit|p2a: Dragapult
|-damage|p2a: Dragapult|0 fnt
|faint|p2a: Dragapult
|-hitcount|p2: Dragapult|2
|-unboost|p1a: Kyurem|def|1
|-boost|p1a: Kyurem|spe|1
|
|-weather|Snowscape|[upkeep]
|upkeep
|
|t:|1760731509
|switch|p2a: Okidogi|Okidogi, M|100/100
|-item|p2a: Okidogi|Air Balloon
|turn|12
|
|t:|1760731516
|move|p1a: Kyurem|Icicle Spear|p2a: Okidogi
|-damage|p2a: Okidogi|85/100
|-enditem|p2a: Okidogi|Air Balloon
|-damage|p2a: Okidogi|68/100
|-damage|p2a: Okidogi|49/100
|-damage|p2a: Okidogi|32/100
|-hitcount|p2a: Okidogi|4
|move|p2a: Okidogi|Ice Punch|p1a: Kyurem
|-supereffective|p1a: Kyurem
|-damage|p1a: Kyurem|0 fnt
|faint|p1a: Kyurem
|
|-weather|Snowscape|[upkeep]
|upkeep
|-message|gooseguy123 forfeited.
|
|win|AlmightyHD
|raw|gooseguy123's rating: 1444 &rarr; <strong>1428</strong><br />(-16 for losing)
|raw|AlmightyHD's rating: 1518 &rarr; <strong>1534</strong><br />(+16 for winning)
|l|☆gooseguy123
|player|p1|
|l|☆AlmightyHD
|player|p2|
