|j|☆Tao Shinhan_87
|j|☆AllHailLechuguita
|t:|1760777524
|gametype|singles
|player|p1|Tao Shinhan_87|pokemonranger-gen4|1485
|player|p2|AllHailLechuguita|266|1510
|gen|9
|tier|[Gen 9] OU
|rated|
|rule|HP Percentage Mod: HP is shown in percentages
|rule|Endless Battle Clause: Forcing endless battles is banned
|rule|Species Clause: Limit one of each Pokémon
|rule|OHKO Clause: OHKO moves are banned
|rule|Evasion Items Clause: Evasion items are banned
|rule|Evasion Moves Clause: Evasion moves are banned
|rule|Evasion Abilities Clause: Evasion abilities are banned
|rule|Sleep Moves Clause: Sleep-inducing moves are banned
|clearpoke
|poke|p1|Ursaluna, M|
|poke|p1|Hatterene, F|
|poke|p1|Cresselia, F|
|poke|p1|Enamorus-Therian, F|
|poke|p1|Kingambit, M|
|poke|p1|Iron Hands|
|poke|p2|Ogerpon-Wellspring, F|
|poke|p2|Ribombee, M|
|poke|p2|Great Tusk|
|poke|p2|Kingambit, M|
|poke|p2|Skeledirge, M|
|poke|p2|Gholdengo|
|teampreview
|
|t:|1760777536
|teamsize|p1|6
|teamsize|p2|6
|start
|switch|p1a: Cresselia|Cresselia, F|100/100
|switch|p2a: Kingambit|Kingambit, M, shiny|100/100
|turn|1
|
|t:|1760777543
|move|p2a: Kingambit|Swords Dance|p2a: Kingambit
|-boost|p2a: Kingambit|atk|2
|move|p1a: Cresselia|Trick Room|p1a: Cresselia
|-fieldstart|move: Trick Room|[of] p1a: Cresselia
|
|upkeep
|turn|2
|
|t:|1760777547
|switch|p1a: Iron Hands|Iron Hands|100/100
|-enditem|p1a: Iron Hands|Booster Energy
|-activate|p1a: Iron Hands|ability: Quark Drive|[fromitem]
|-start|p1a: Iron Hands|quarkdriveatk
|move|p2a: Kingambit|Iron Head|p1a: Iron Hands
|-resisted|p1a: Iron Hands
|-damage|p1a: Iron Hands|66/100
|
|upkeep
|turn|3
|
|t:|1760777575
|-terastallize|p2a: Kingambit|Flying
|move|p1a: Iron Hands|Supercell Slam|p2a: Kingambit
|-supereffective|p2a: Kingambit
|-damage|p2a: Kingambit|0 fnt
|faint|p2a: Kingambit
|-end|p2a: Kingambit|fallenundefined|[silent]
|
|upkeep
|
|t:|1760777579
|switch|p2a: Great Tusk|Great Tusk, shiny|100/100
|-enditem|p2a: Great Tusk|Booster Energy
|-activate|p2a: Great Tusk|ability: Protosynthesis|[fromitem]
|-start|p2a: Great Tusk|protosynthesisatk
|turn|4
|
|t:|1760777586
|move|p1a: Iron Hands|Close Combat|p2a: Great Tusk
|-damage|p2a: Great Tusk|26/100
|-unboost|p1a: Iron Hands|def|1
|-unboost|p1a: Iron Hands|spd|1
|move|p2a: Great Tusk|Headlong Rush|p1a: Iron Hands
|-supereffective|p1a: Iron Hands
|-damage|p1a: Iron Hands|0 fnt
|-unboost|p2a: Great Tusk|def|1
|-unboost|p2a: Great Tusk|spd|1
|faint|p1a: Iron Hands
|-end|p1a: Iron Hands|Quark Drive|[silent]
|
|upkeep
|
|t:|1760777591
|switch|p1a: freddy fazbear|Ursaluna, M|100/100
|turn|5
|
|t:|1760777601
|-end|p2a: Great Tusk|Protosynthesis|[silent]
|switch|p2a: Ribombee|Ribombee, M, shiny|100/100
|move|p1a: freddy fazbear|Facade|p2a: Ribombee
|-damage|p2a: Ribombee|14/100
|
|-fieldend|move: Trick Room
|-status|p1a: freddy fazbear|brn|[from] item: Flame Orb
|upkeep
|turn|6
|
|t:|1760777609
|move|p2a: Ribombee|Moonblast|p1a: freddy fazbear
|-damage|p1a: freddy fazbear|67/100 brn
|move|p1a: freddy fazbear|Facade|p2a: Ribombee
|-damage|p2a: Ribombee|0 fnt
|faint|p2a: Ribombee
|
|-damage|p1a: freddy fazbear|61/100 brn|[from] brn
|upkeep
|
|t:|1760777616
|switch|p2a: Gholdengo|Gholdengo|100/100
|-item|p2a: Gholdengo|Air Balloon
|turn|7
|
|t:|1760777620
|switch|p1a: Enamorus|Enamorus-Therian, F|100/100
|move|p2a: Gholdengo|Focus Blast|p1a: Enamorus
|-resisted|p1a: Enamorus
|-damage|p1a: Enamorus|90/100
|
|upkeep
|turn|8
|
|t:|1760777641
|move|p2a: Gholdengo|Make It Rain|p1a: Enamorus
|-supereffective|p1a: Enamorus
|-damage|p1a: Enamorus|0 fnt
|-unboost|p2a: Gholdengo|spa|1
|faint|p1a: Enamorus
|
|upkeep
|
|t:|1760777654
|switch|p1a: five nights|Hatterene, F|100/100
|turn|9
|
|t:|1760777661
|move|p2a: Gholdengo|Make It Rain|p1a: five nights
|-supereffective|p1a: five nights
|-damage|p1a: five nights|4/100
|-unboost|p2a: Gholdengo|spa|1
|move|p1a: five nights|Trick Room|p1a: five nights
|-fieldstart|move: Trick Room|[of] p1a: five nights
|
|upkeep
|turn|10
|
|t:|1760777675
|switch|p2a: Ogerpon|Ogerpon-Wellspring, F|100/100
|move|p1a: five nights|Psychic Noise|p2a: Ogerpon
|-damage|p2a: Ogerpon|49/100
|-start|p2a: Ogerpon|move: Heal Block
|
|upkeep
|turn|11
|
|t:|1760777681
|move|p1a: five nights|Psychic Noise|p2a: Ogerpon
|-damage|p2a: Ogerpon|0 fnt
|faint|p2a: Ogerpon
|
|upkeep
|
|t:|1760777687
|switch|p2a: Skeledirge|Skeledirge, M|100/100
|turn|12
|
|t:|1760777703
|move|p1a: five nights|Healing Wish|p1a: five nights
|faint|p1a: five nights
|move|p2a: Skeledirge|Will-O-Wisp|p1: five nights|[notarget]
|-fail|p2a: Skeledirge
|
|upkeep
|
|t:|1760777706
|switch|p1a: freddy fazbear|Ursaluna, M|61/100 brn
|-heal|p1a: freddy fazbear|100/100|[from] move: Healing Wish
|turn|13
|
|t:|1760777718
|switch|p2a: Gholdengo|Gholdengo|100/100
|-item|p2a: Gholdengo|Air Balloon
|move|p1a: freddy fazbear|Fire Punch|p2a: Gholdengo
|-supereffective|p2a: Gholdengo
|-damage|p2a: Gholdengo|29/100
|-enditem|p2a: Gholdengo|Air Balloon
|
|-fieldend|move: Trick Room
|-status|p1a: freddy fazbear|brn|[from] item: Flame Orb
|upkeep
|turn|14
|
|t:|1760777729
|switch|p1a: Cresselia|Cresselia, F|100/100
|move|p2a: Gholdengo|Focus Blast|p1a: Cresselia
|-resisted|p1a: Cresselia
|-damage|p1a: Cresselia|86/100
|
|upkeep
|turn|15
|
|t:|1760777737
|move|p2a: Gholdengo|Thunder Wave|p1a: Cresselia
|-status|p1a: Cresselia|par
|cant|p1a: Cresselia|par
|
|upkeep
|turn|16
|
|t:|1760777743
|move|p2a: Gholdengo|Hex|p1a: Cresselia
|-supereffective|p1a: Cresselia
|-damage|p1a: Cresselia|0 fnt
|faint|p1a: Cresselia
|
|upkeep
|
|t:|1760777746
|switch|p1a: william afton|Kingambit, M|100/100
|-activate|p1a: william afton|ability: Supreme Overlord
|-start|p1a: william afton|fallen4|[silent]
|turn|17
|
|t:|1760777753
|switch|p2a: Great Tusk|Great Tusk, shiny|26/100
|-terastallize|p1a: william afton|Ghost
|move|p1a: william afton|Kowtow Cleave|p2a: Great Tusk
|-resisted|p2a: Great Tusk
|-damage|p2a: Great Tusk|0 fnt
|faint|p2a: Great Tusk
|-end|p2a: Great Tusk|Protosynthesis|[silent]
|
|upkeep
|
|t:|1760777755
|switch|p2a: Skeledirge|Skeledirge, M|100/100
|turn|18
|
|t:|1760777765
|-end|p1a: william afton|fallen4|[silent]
|switch|p1a: freddy fazbear|Ursaluna, M|100/100 brn
|move|p2a: Skeledirge|Will-O-Wisp|p1a: freddy fazbear
|-fail|p1a: freddy fazbear|brn
|
|-damage|p1a: freddy fazbear|94/100 brn|[from] brn
|upkeep
|turn|19
|
|t:|1760777770
|move|p2a: Skeledirge|Torch Song|p1a: freddy fazbear
|-damage|p1a: freddy fazbear|68/100 brn
|-boost|p2a: Skeledirge|spa|1
|move|p1a: freddy fazbear|Headlong Rush|p2a: Skeledirge
|-supereffective|p2a: Skeledirge
|-crit|p2a: Skeledirge
|-damage|p2a: Skeledirge|0 fnt
|-unboost|p1a: freddy fazbear|def|1
|-unboost|p1a: freddy fazbear|spd|1
|faint|p2a: Skeledirge
|
|-damage|p1a: freddy fazbear|62/100 brn|[from] brn
|upkeep
|
|t:|1760777773
|switch|p2a: Gholdengo|Gholdengo|29/100
|turn|20
|
|t:|1760777777
|move|p2a: Gholdengo|Focus Blast|p1a: freddy fazbear
|-supereffective|p1a: freddy fazbear
|-damage|p1a: freddy fazbear|0 fnt
|faint|p1a: freddy fazbear
|
|upkeep
|
|t:|1760777779
|switch|p1a: william afton|Kingambit, M, tera:Ghost|100/100
|-activate|p1a: william afton|ability: Supreme Overlord
|-start|p1a: william afton|fallen5|[silent]
|turn|21
|
|t:|1760777784
|move|p2a: Gholdengo|Hex|p1a: william afton
|-supereffective|p1a: william afton
|-damage|p1a: william afton|29/100
|move|p1a: william afton|Kowtow Cleave|p2a: Gholdengo
|-supereffective|p2a: Gholdengo
|-crit|p2a: Gholdengo
|-damage|p2a: Gholdengo|0 fnt
|faint|p2a: Gholdengo
|
|win|Tao Shinhan_87
|raw|Tao Shinhan_87's rating: 1485 &rarr; <strong>1508</strong><br />(+23 for winning)
|raw|AllHailLechuguita's rating: 1539 &rarr; <strong>1516</strong><br />(-23 for losing)
|l|☆AllHailLechuguita
|player|p2|
|l|☆Tao Shinhan_87
|player|p1|
