|j|☆Exiowf
|j|☆me destroy you 15
|t:|1760856409
|gametype|singles
|player|p1|Exiowf|dawn|1133
|player|p2|me destroy you 15|flint|1111
|gen|9
|tier|[Gen 9] OU
|rated|
|rule|HP Percentage Mod: HP is shown in percentages
|rule|Endless Battle Clause: Forcing endless battles is banned
|rule|Species Clause: Limit one of each Pokémon
|rule|OHKO Clause: OHKO moves are banned
|rule|Evasion Items Clause: Evasion items are banned
|rule|Evasion Moves Clause: Evasion moves are banned
|rule|Evasion Abilities Clause: Evasion abilities are banned
|rule|Sleep Moves Clause: Sleep-inducing moves are banned
|clearpoke
|poke|p1|Slowking-Galar, M|
|poke|p1|Primarina, F|
|poke|p1|Corviknight, F|
|poke|p1|Ceruledge, F|
|poke|p1|Great Tusk|
|poke|p1|Ninetales-Alola, F|
|poke|p2|Blastoise, M|
|poke|p2|Charizard, M|
|poke|p2|Vileplume, F|
|poke|p2|Forretress, M|
|poke|p2|Gengar, F|
|poke|p2|Electivire, M|
|teampreview
|inactive|Battle timer is ON: inactive players will automatically lose when time's up. (requested by Exiowf)
|
|t:|1760856417
|teamsize|p1|6
|teamsize|p2|6
|start
|switch|p1a: Primarina|Primarina, F|100/100
|switch|p2a: Electivire|Electivire, M|100/100
|turn|1
|
|t:|1760856423
|switch|p1a: Great Tusk|Great Tusk|100/100
|move|p2a: Electivire|Wild Charge|p1a: Great Tusk
|-immune|p1a: Great Tusk
|
|upkeep
|turn|2
|
|t:|1760856433
|move|p2a: Electivire|Ice Punch|p1a: Great Tusk
|-supereffective|p1a: Great Tusk
|-damage|p1a: Great Tusk|60/100
|-damage|p2a: Electivire|91/100|[from] item: Life Orb
|move|p1a: Great Tusk|Stealth Rock|p2a: Electivire
|-sidestart|p2: me destroy you 15|move: Stealth Rock
|
|-heal|p1a: Great Tusk|66/100|[from] item: Leftovers
|upkeep
|turn|3
|
|t:|1760856449
|switch|p2a: Forretress|Forretress, M|100/100
|-damage|p2a: Forretress|88/100|[from] Stealth Rock
|move|p1a: Great Tusk|Headlong Rush|p2a: Forretress
|-damage|p2a: Forretress|46/100
|-unboost|p1a: Great Tusk|def|1
|-unboost|p1a: Great Tusk|spd|1
|
|-heal|p1a: Great Tusk|72/100|[from] item: Leftovers
|-heal|p2a: Forretress|52/100|[from] item: Leftovers
|upkeep
|turn|4
|
|t:|1760856460
|-end|p1a: Great Tusk|Protosynthesis|[silent]
|switch|p1a: Corviknight|Corviknight, F, shiny|100/100
|-ability|p1a: Corviknight|Pressure
|move|p2a: Forretress|Thunder Wave|p1a: Corviknight
|-status|p1a: Corviknight|par
|
|-heal|p2a: Forretress|58/100|[from] item: Leftovers
|upkeep
|turn|5
|
|t:|1760856470
|move|p2a: Forretress|Toxic Spikes|p1a: Corviknight
|-sidestart|p1: Exiowf|move: Toxic Spikes
|move|p1a: Corviknight|U-turn|p2a: Forretress
|-resisted|p2a: Forretress
|-damage|p2a: Forretress|53/100
|
|t:|1760856473
|switch|p1a: Slowking|Slowking-Galar, M|100/100|[from] U-turn
|-sideend|p1: Exiowf|move: Toxic Spikes|[of] p1a: Slowking
|
|-heal|p2a: Forretress|59/100|[from] item: Leftovers
|upkeep
|turn|6
|
|t:|1760856480
|move|p2a: Forretress|Thunder Wave|p1a: Slowking
|-status|p1a: Slowking|par
|-prepare|p1a: Slowking|Chilly Reception|[premajor]
|move|p1a: Slowking|Chilly Reception|p1a: Slowking
|-weather|Snowscape
|
|t:|1760856482
|switch|p1a: Ceruledge|Ceruledge, F|100/100|[from] Chilly Reception
|
|-weather|Snowscape|[upkeep]
|-heal|p2a: Forretress|65/100|[from] item: Leftovers
|upkeep
|turn|7
|
|t:|1760856492
|switch|p2a: Blastoise|Blastoise, M|100/100
|-damage|p2a: Blastoise|88/100|[from] Stealth Rock
|move|p1a: Ceruledge|Bitter Blade|p2a: Blastoise
|-resisted|p2a: Blastoise
|-damage|p2a: Blastoise|70/100
|
|-weather|Snowscape|[upkeep]
|upkeep
|turn|8
|
|t:|1760856501
|move|p1a: Ceruledge|Swords Dance|p1a: Ceruledge
|-boost|p1a: Ceruledge|atk|2
|move|p2a: Blastoise|Shell Smash|p2a: Blastoise
|-unboost|p2a: Blastoise|def|1
|-unboost|p2a: Blastoise|spd|1
|-boost|p2a: Blastoise|atk|2
|-boost|p2a: Blastoise|spa|2
|-boost|p2a: Blastoise|spe|2
|-enditem|p2a: Blastoise|White Herb
|-clearnegativeboost|p2a: Blastoise|[silent]
|
|-weather|Snowscape|[upkeep]
|upkeep
|turn|9
|
|t:|1760856512
|move|p2a: Blastoise|Surf|p1a: Ceruledge
|-supereffective|p1a: Ceruledge
|-enditem|p1a: Ceruledge|Focus Sash
|-damage|p1a: Ceruledge|1/100
|move|p1a: Ceruledge|Close Combat|p2a: Blastoise
|-damage|p2a: Blastoise|1/100
|-unboost|p1a: Ceruledge|def|1
|-unboost|p1a: Ceruledge|spd|1
|
|-weather|Snowscape|[upkeep]
|upkeep
|turn|10
|
|t:|1760856522
|move|p1a: Ceruledge|Shadow Sneak|p2a: Blastoise
|-damage|p2a: Blastoise|0 fnt
|faint|p2a: Blastoise
|
|-weather|none
|upkeep
|
|t:|1760856529
|switch|p2a: Electivire|Electivire, M|91/100
|-damage|p2a: Electivire|78/100|[from] Stealth Rock
|turn|11
|
|t:|1760856534
|move|p2a: Electivire|Ice Punch|p1a: Ceruledge
|-resisted|p1a: Ceruledge
|-damage|p1a: Ceruledge|0 fnt
|faint|p1a: Ceruledge
|-damage|p2a: Electivire|68/100|[from] item: Life Orb
|
|upkeep
|
|t:|1760856545
|switch|p1a: Great Tusk|Great Tusk|72/100
|turn|12
|
|t:|1760856549
|move|p2a: Electivire|Ice Punch|p1a: Great Tusk
|-supereffective|p1a: Great Tusk
|-damage|p1a: Great Tusk|27/100
|-damage|p2a: Electivire|58/100|[from] item: Life Orb
|move|p1a: Great Tusk|Knock Off|p2a: Electivire
|-damage|p2a: Electivire|6/100
|-enditem|p2a: Electivire|Life Orb|[from] move: Knock Off|[of] p1a: Great Tusk
|
|-heal|p1a: Great Tusk|33/100|[from] item: Leftovers
|upkeep
|turn|13
|
|t:|1760856560
|-end|p1a: Great Tusk|Protosynthesis|[silent]
|switch|p1a: Corviknight|Corviknight, F, shiny|100/100 par
|-ability|p1a: Corviknight|Pressure
|move|p2a: Electivire|Ice Punch|p1a: Corviknight
|-damage|p1a: Corviknight|86/100 par
|-damage|p2a: Electivire|0 fnt|[from] item: Rocky Helmet|[of] p1a: Corviknight
|faint|p2a: Electivire
|
|upkeep
|
|t:|1760856570
|switch|p2a: Forretress|Forretress, M|65/100
|-damage|p2a: Forretress|53/100|[from] Stealth Rock
|turn|14
|
|t:|1760856574
|move|p2a: Forretress|Rapid Spin|p1a: Corviknight
|-resisted|p1a: Corviknight
|-damage|p1a: Corviknight|83/100 par
|-boost|p2a: Forretress|spe|1
|-damage|p2a: Forretress|36/100|[from] item: Rocky Helmet|[of] p1a: Corviknight
|-sideend|p2: me destroy you 15|Stealth Rock|[from] move: Rapid Spin|[of] p2a: Forretress
|move|p1a: Corviknight|U-turn|p2a: Forretress
|-resisted|p2a: Forretress
|-damage|p2a: Forretress|31/100
|
|t:|1760856579
|switch|p1a: Primarina|Primarina, F|100/100|[from] U-turn
|
|-heal|p2a: Forretress|37/100|[from] item: Leftovers
|upkeep
|turn|15
|
|t:|1760856589
|move|p2a: Forretress|Toxic Spikes|p1a: Primarina
|-sidestart|p1: Exiowf|move: Toxic Spikes
|move|p1a: Primarina|Sparkling Aria|p2a: Forretress
|-damage|p2a: Forretress|0 fnt
|faint|p2a: Forretress
|
|upkeep
|
|t:|1760856597
|switch|p2a: Gengar|Gengar, F|100/100
|turn|16
|
|t:|1760856600
|move|p2a: Gengar|Shadow Ball|p1a: Primarina
|-damage|p1a: Primarina|74/100
|move|p1a: Primarina|Flip Turn|p2a: Gengar
|-damage|p2a: Gengar|74/100
|
|t:|1760856603
|switch|p1a: Slowking|Slowking-Galar, M|100/100 par|[from] Flip Turn
|-sideend|p1: Exiowf|move: Toxic Spikes|[of] p1a: Slowking
|
|upkeep
|turn|17
|
|t:|1760856609
|move|p2a: Gengar|Shadow Ball|p1a: Slowking
|-supereffective|p1a: Slowking
|-damage|p1a: Slowking|36/100 par
|move|p1a: Slowking|Future Sight|p2a: Gengar
|-start|p1a: Slowking|move: Future Sight
|
|upkeep
|turn|18
|
|t:|1760856615
|switch|p1a: Primarina|Primarina, F|74/100
|move|p2a: Gengar|Shadow Ball|p1a: Primarina
|-damage|p1a: Primarina|50/100
|
|upkeep
|turn|19
|
|t:|1760856624
|switch|p1a: Slowking|Slowking-Galar, M|69/100 par
|move|p2a: Gengar|Sludge Bomb|p1a: Slowking
|-resisted|p1a: Slowking
|-damage|p1a: Slowking|51/100 par
|
|-end|p2a: Gengar|move: Future Sight
|-supereffective|p2a: Gengar
|-damage|p2a: Gengar|0 fnt
|faint|p2a: Gengar
|upkeep
|
|t:|1760856635
|switch|p2a: Charizard|Charizard, M|100/100
|turn|20
|
|t:|1760856640
|move|p2a: Charizard|Fire Blast|p1a: Slowking
|-damage|p1a: Slowking|16/100 par
|move|p1a: Slowking|Future Sight|p2a: Charizard
|-start|p1a: Slowking|move: Future Sight
|
|upkeep
|turn|21
|
|t:|1760856646
|switch|p1a: Primarina|Primarina, F|50/100
|move|p2a: Charizard|Air Slash|p1a: Primarina
|-damage|p1a: Primarina|30/100
|
|upkeep
|turn|22
|
|t:|1760856652
|move|p2a: Charizard|Fire Blast|p1a: Primarina
|-resisted|p1a: Primarina
|-damage|p1a: Primarina|15/100
|move|p1a: Primarina|Sparkling Aria|p2a: Charizard
|-supereffective|p2a: Charizard
|-damage|p2a: Charizard|0 fnt
|faint|p2a: Charizard
|
|-hint|Future Sight did not hit because the target is fainted.
|upkeep
|
|t:|1760856662
|switch|p2a: Vileplume|Vileplume, F|100/100
|turn|23
|
|t:|1760856665
|move|p1a: Primarina|Psychic Noise|p2a: Vileplume
|-supereffective|p2a: Vileplume
|-damage|p2a: Vileplume|44/100
|-start|p2a: Vileplume|move: Heal Block
|cant|p2a: Vileplume|move: Heal Block|Giga Drain
|
|upkeep
|turn|24
|
|t:|1760856673
|move|p1a: Primarina|Psychic Noise|p2a: Vileplume
|-supereffective|p2a: Vileplume
|-damage|p2a: Vileplume|0 fnt
|faint|p2a: Vileplume
|
|win|Exiowf
|raw|Exiowf's rating: 1133 &rarr; <strong>1156</strong><br />(+23 for winning)
|raw|me destroy you 15's rating: 1111 &rarr; <strong>1088</strong><br />(-23 for losing)
|l|☆me destroy you 15
|player|p2|
|l|☆Exiowf
|player|p1|
