|j|☆TwinXlBedFrame
|j|☆PeterPanIIV
|t:|1760831461
|gametype|singles
|player|p1|TwinXlBedFrame|caitlin|1304
|player|p2|PeterPanIIV|red|1278
|gen|9
|tier|[Gen 9] OU
|rated|
|rule|HP Percentage Mod: HP is shown in percentages
|rule|Endless Battle Clause: Forcing endless battles is banned
|rule|Species Clause: Limit one of each Pokémon
|rule|OHKO Clause: OHKO moves are banned
|rule|Evasion Items Clause: Evasion items are banned
|rule|Evasion Moves Clause: Evasion moves are banned
|rule|Evasion Abilities Clause: Evasion abilities are banned
|rule|Sleep Moves Clause: Sleep-inducing moves are banned
|clearpoke
|poke|p1|Garganacl, F|
|poke|p1|Dragapult, F|
|poke|p1|Ogerpon-Wellspring, F|
|poke|p1|Moltres|
|poke|p1|Zamazenta-*|
|poke|p1|Iron Treads|
|poke|p2|Skarmory, F|
|poke|p2|Tyranitar, F|
|poke|p2|Hydrapple, F|
|poke|p2|Alomomola, F|
|poke|p2|Clodsire, F|
|poke|p2|Clefable, F|
|teampreview
|c|☆PeterPanIIV|glhf
|c|☆TwinXlBedFrame|blim??
|inactive|Battle timer is ON: inactive players will automatically lose when time's up. (requested by PeterPanIIV)
|c|☆PeterPanIIV|team ya
|c|☆TwinXlBedFrame|sweaty
|c|☆PeterPanIIV|but I have had it for a while in my builder
|inactive|PeterPanIIV has 120 seconds left.
|c|☆PeterPanIIV|just got the idea to play it cause of the vid
|c|☆TwinXlBedFrame|req timer to not go
|inactiveoff|Battle timer is now OFF.
|inactive|Battle timer is ON: inactive players will automatically lose when time's up. (requested by TwinXlBedFrame)
|
|t:|1760831531
|teamsize|p1|6
|teamsize|p2|6
|start
|switch|p1a: Iron Treads|Iron Treads|100/100
|switch|p2a: Clefable|Clefable, F, shiny|100/100
|turn|1
|
|t:|1760831538
|move|p1a: Iron Treads|Stealth Rock|p2a: Clefable
|-sidestart|p2: PeterPanIIV|move: Stealth Rock
|move|p2a: Clefable|Knock Off|p1a: Iron Treads
|-damage|p1a: Iron Treads|88/100
|-enditem|p1a: Iron Treads|Leftovers|[from] move: Knock Off|[of] p2a: Clefable
|
|upkeep
|turn|2
|
|t:|1760831552
|move|p1a: Iron Treads|Earthquake|p2a: Clefable
|-damage|p2a: Clefable|73/100
|move|p2a: Clefable|Wish|p2a: Clefable
|
|upkeep
|turn|3
|
|t:|1760831561
|move|p1a: Iron Treads|Earthquake|p2a: Clefable
|-damage|p2a: Clefable|44/100
|move|p2a: Clefable|Moonblast|p1a: Iron Treads
|-resisted|p1a: Iron Treads
|-damage|p1a: Iron Treads|75/100
|-unboost|p1a: Iron Treads|spa|1
|
|-heal|p2a: Clefable|94/100|[from] move: Wish|[wisher] Clefable
|upkeep
|turn|4
|
|t:|1760831574
|-end|p1a: Iron Treads|Quark Drive|[silent]
|switch|p1a: Garganacl|Garganacl, F|100/100
|switch|p2a: Skarmory|Skarmory, F, shiny|100/100
|
|upkeep
|turn|5
|
|t:|1760831583
|move|p2a: Skarmory|Spikes|p1a: Garganacl
|-sidestart|p1: TwinXlBedFrame|Spikes
|move|p1a: Garganacl|Salt Cure|p2a: Skarmory
|-damage|p2a: Skarmory|92/100
|-start|p2a: Skarmory|Salt Cure
|
|-damage|p2a: Skarmory|67/100|[from] Salt Cure
|upkeep
|turn|6
|
|t:|1760831587
|switch|p2a: Clefable|Clefable, F, shiny|94/100
|switch|p1a: Iron Treads|Iron Treads|75/100
|-damage|p1a: Iron Treads|63/100|[from] Spikes
|
|upkeep
|turn|7
|
|t:|1760831595
|move|p1a: Iron Treads|Earthquake|p2a: Clefable
|-crit|p2a: Clefable
|-damage|p2a: Clefable|52/100
|move|p2a: Clefable|Wish|p2a: Clefable
|
|upkeep
|turn|8
|
|t:|1760831605
|move|p2a: Clefable|Protect|p2a: Clefable
|-singleturn|p2a: Clefable|Protect
|move|p1a: Iron Treads|Knock Off|p2a: Clefable
|-activate|p2a: Clefable|move: Protect
|
|-heal|p2a: Clefable|100/100|[from] move: Wish|[wisher] Clefable
|upkeep
|turn|9
|
|t:|1760831609
|move|p1a: Iron Treads|Earthquake|p2a: Clefable
|-damage|p2a: Clefable|70/100
|move|p2a: Clefable|Moonblast|p1a: Iron Treads
|-resisted|p1a: Iron Treads
|-damage|p1a: Iron Treads|49/100
|
|upkeep
|turn|10
|
|t:|1760831612
|move|p1a: Iron Treads|Earthquake|p2a: Clefable
|-damage|p2a: Clefable|43/100
|move|p2a: Clefable|Wish|p2a: Clefable
|
|upkeep
|turn|11
|
|t:|1760831616
|move|p2a: Clefable|Protect|p2a: Clefable
|-singleturn|p2a: Clefable|Protect
|move|p1a: Iron Treads|Earthquake|p2a: Clefable
|-activate|p2a: Clefable|move: Protect
|
|-heal|p2a: Clefable|93/100|[from] move: Wish|[wisher] Clefable
|upkeep
|turn|12
|c|☆TwinXlBedFrame|wow why would you use this at 1200s
|
|t:|1760831629
|move|p1a: Iron Treads|Earthquake|p2a: Clefable
|-damage|p2a: Clefable|66/100
|move|p2a: Clefable|Wish|p2a: Clefable
|
|upkeep
|turn|13
|c|☆PeterPanIIV|let me use what I want twin
|
|t:|1760831642
|-end|p1a: Iron Treads|Quark Drive|[silent]
|switch|p1a: Garganacl|Garganacl, F|100/100
|-damage|p1a: Garganacl|88/100|[from] Spikes
|move|p2a: Clefable|Moonblast|p1a: Garganacl
|-damage|p1a: Garganacl|67/100
|
|-heal|p2a: Clefable|100/100|[from] move: Wish|[wisher] Clefable
|-heal|p1a: Garganacl|73/100|[from] item: Leftovers
|upkeep
|turn|14
|
|t:|1760831651
|move|p2a: Clefable|Knock Off|p1a: Garganacl
|-damage|p1a: Garganacl|63/100
|-enditem|p1a: Garganacl|Leftovers|[from] move: Knock Off|[of] p2a: Clefable
|move|p1a: Garganacl|Iron Defense|p1a: Garganacl
|-boost|p1a: Garganacl|def|2
|
|upkeep
|turn|15
|
|t:|1760831665
|switch|p2a: Hydrapple|Hydrapple, F, shiny|100/100
|move|p1a: Garganacl|Iron Defense|p1a: Garganacl
|-boost|p1a: Garganacl|def|2
|
|upkeep
|turn|16
|
|t:|1760831668
|-terastallize|p1a: Garganacl|Electric
|move|p2a: Hydrapple|Giga Drain|p1a: Garganacl
|-damage|p1a: Garganacl|42/100
|move|p1a: Garganacl|Salt Cure|p2a: Hydrapple
|-damage|p2a: Hydrapple|91/100
|-start|p2a: Hydrapple|Salt Cure
|
|-damage|p2a: Hydrapple|79/100|[from] Salt Cure
|upkeep
|turn|17
|
|t:|1760831684
|move|p2a: Hydrapple|Earth Power|p1a: Garganacl
|-supereffective|p1a: Garganacl
|-damage|p1a: Garganacl|8/100
|move|p1a: Garganacl|Recover|p1a: Garganacl
|-heal|p1a: Garganacl|58/100
|
|-damage|p2a: Hydrapple|66/100|[from] Salt Cure
|upkeep
|turn|18
|
|t:|1760831688
|move|p2a: Hydrapple|Nasty Plot|p2a: Hydrapple
|-boost|p2a: Hydrapple|spa|2
|move|p1a: Garganacl|Recover|p1a: Garganacl
|-heal|p1a: Garganacl|100/100
|
|-damage|p2a: Hydrapple|54/100|[from] Salt Cure
|upkeep
|turn|19
|
|t:|1760831701
|switch|p1a: Moltres|Moltres|100/100
|move|p2a: Hydrapple|Earth Power|p1a: Moltres
|-immune|p1a: Moltres
|
|-damage|p2a: Hydrapple|42/100|[from] Salt Cure
|upkeep
|turn|20
|
|t:|1760831708
|switch|p2a: Alomomola|Alomomola, F, shiny|100/100
|move|p1a: Moltres|Flamethrower|p2a: Alomomola
|-resisted|p2a: Alomomola
|-damage|p2a: Alomomola|85/100
|
|upkeep
|turn|21
|
|t:|1760831720
|move|p1a: Moltres|Will-O-Wisp|p2a: Alomomola
|-status|p2a: Alomomola|brn
|move|p2a: Alomomola|Wish|p2a: Alomomola
|
|-damage|p2a: Alomomola|78/100 brn|[from] brn
|upkeep
|turn|22
|
|t:|1760831723
|move|p2a: Alomomola|Flip Turn|p1a: Moltres
|-supereffective|p1a: Moltres
|-damage|p1a: Moltres|86/100
|
|t:|1760831733
|switch|p2a: Hydrapple|Hydrapple, F, shiny|75/100|[from] Flip Turn
|move|p1a: Moltres|Roar|p2a: Hydrapple
|drag|p2a: Tyranitar|Tyranitar, F, shiny|100/100
|-weather|Sandstorm|[from] ability: Sand Stream|[of] p2a: Tyranitar
|
|-weather|Sandstorm|[upkeep]
|-damage|p1a: Moltres|80/100|[from] Sandstorm
|upkeep
|turn|23
|
|t:|1760831749
|switch|p2a: Clefable|Clefable, F, shiny|100/100
|move|p1a: Moltres|Will-O-Wisp|p2a: Clefable
|-status|p2a: Clefable|brn
|
|-weather|Sandstorm|[upkeep]
|-damage|p1a: Moltres|74/100|[from] Sandstorm
|upkeep
|turn|24
|
|t:|1760831759
|move|p1a: Moltres|Roost|p1a: Moltres
|-heal|p1a: Moltres|100/100
|-singleturn|p1a: Moltres|move: Roost
|move|p2a: Clefable|Knock Off|p1a: Moltres
|-damage|p1a: Moltres|95/100
|-enditem|p1a: Moltres|Heavy-Duty Boots|[from] move: Knock Off|[of] p2a: Clefable
|
|-weather|Sandstorm|[upkeep]
|-damage|p1a: Moltres|89/100|[from] Sandstorm
|upkeep
|turn|25
|
|t:|1760831778
|move|p1a: Moltres|Flamethrower|p2a: Clefable
|-damage|p2a: Clefable|63/100 brn
|move|p2a: Clefable|Moonblast|p1a: Moltres
|-resisted|p1a: Moltres
|-damage|p1a: Moltres|75/100
|
|-weather|Sandstorm|[upkeep]
|-damage|p1a: Moltres|69/100|[from] Sandstorm
|upkeep
|turn|26
|
|t:|1760831783
|move|p1a: Moltres|Flamethrower|p2a: Clefable
|-damage|p2a: Clefable|27/100 brn
|move|p2a: Clefable|Wish|p2a: Clefable
|
|-weather|none
|upkeep
|turn|27
|
|t:|1760831786
|move|p2a: Clefable|Protect|p2a: Clefable
|-singleturn|p2a: Clefable|Protect
|move|p1a: Moltres|Roost|p1a: Moltres
|-heal|p1a: Moltres|100/100
|-singleturn|p1a: Moltres|move: Roost
|
|-heal|p2a: Clefable|77/100 brn|[from] move: Wish|[wisher] Clefable
|upkeep
|turn|28
|
|t:|1760831792
|switch|p2a: Alomomola|Alomomola, F, shiny|100/100 brn
|move|p1a: Moltres|Flamethrower|p2a: Alomomola
|-resisted|p2a: Alomomola
|-damage|p2a: Alomomola|84/100 brn
|
|-damage|p2a: Alomomola|78/100 brn|[from] brn
|upkeep
|turn|29
|
|t:|1760831801
|switch|p1a: Iron Treads|Iron Treads|49/100
|-damage|p1a: Iron Treads|37/100|[from] Spikes
|move|p2a: Alomomola|Body Slam|p1a: Iron Treads
|-resisted|p1a: Iron Treads
|-damage|p1a: Iron Treads|34/100
|-status|p1a: Iron Treads|par
|
|-damage|p2a: Alomomola|72/100 brn|[from] brn
|upkeep
|turn|30
|
|t:|1760831817
|switch|p2a: Clefable|Clefable, F, shiny|77/100 brn
|move|p1a: Iron Treads|Rapid Spin|p2a: Clefable
|-damage|p2a: Clefable|67/100 brn
|-boost|p1a: Iron Treads|spe|1
|-sideend|p1: TwinXlBedFrame|Spikes|[from] move: Rapid Spin|[of] p1a: Iron Treads
|
|-damage|p1a: Iron Treads|21/100 par|[from] item: Sticky Barb
|upkeep
|turn|31
|
|t:|1760831845
|-end|p1a: Iron Treads|Quark Drive|[silent]
|switch|p1a: Ogerpon|Ogerpon-Wellspring, F|100/100
|move|p2a: Clefable|Wish|p2a: Clefable
|
|upkeep
|turn|32
|
|t:|1760831861
|switch|p2a: Hydrapple|Hydrapple, F, shiny|100/100
|move|p1a: Ogerpon|Swords Dance|p1a: Ogerpon
|-boost|p1a: Ogerpon|atk|2
|
|upkeep
|turn|33
|c|☆TwinXlBedFrame|play rough finally gonna come in clutch
|
|t:|1760831885
|move|p1a: Ogerpon|Ivy Cudgel|p2a: Hydrapple|[anim] Ivy Cudgel Water
|-resisted|p2a: Hydrapple
|-damage|p2a: Hydrapple|83/100
|move|p2a: Hydrapple|Giga Drain|p1a: Ogerpon
|-damage|p1a: Ogerpon|67/100
|-heal|p2a: Hydrapple|97/100|[from] drain|[of] p1a: Ogerpon
|
|upkeep
|turn|34
|c|☆PeterPanIIV|nice play rough
|
|t:|1760831897
|move|p1a: Ogerpon|Ivy Cudgel|p2a: Hydrapple|[anim] Ivy Cudgel Water
|-resisted|p2a: Hydrapple
|-damage|p2a: Hydrapple|81/100
|move|p2a: Hydrapple|Giga Drain|p1a: Ogerpon
|-damage|p1a: Ogerpon|37/100
|-heal|p2a: Hydrapple|94/100|[from] drain|[of] p1a: Ogerpon
|
|upkeep
|turn|35
|
|t:|1760831905
|move|p1a: Ogerpon|Synthesis|p1a: Ogerpon
|-heal|p1a: Ogerpon|87/100
|move|p2a: Hydrapple|Fickle Beam|p1a: Ogerpon
|-damage|p1a: Ogerpon|56/100
|
|upkeep
|turn|36
|
|t:|1760831914
|switch|p1a: Dragapult|Dragapult, F|100/100
|move|p2a: Hydrapple|Nasty Plot|p2a: Hydrapple
|-boost|p2a: Hydrapple|spa|2
|
|upkeep
|turn|37
|
|t:|1760831930
|switch|p2a: Tyranitar|Tyranitar, F, shiny|100/100
|-weather|Sandstorm|[from] ability: Sand Stream|[of] p2a: Tyranitar
|move|p1a: Dragapult|U-turn|p2a: Tyranitar
|-supereffective|p2a: Tyranitar
|-damage|p2a: Tyranitar|74/100
|
|t:|1760831934
|switch|p1a: Ogerpon|Ogerpon-Wellspring, F|56/100|[from] U-turn
|
|-weather|Sandstorm|[upkeep]
|-damage|p1a: Ogerpon|50/100|[from] Sandstorm
|upkeep
|turn|38
|
|t:|1760831944
|switch|p1a: Dragapult|Dragapult, F|100/100
|switch|p2a: Hydrapple|Hydrapple, F, shiny|100/100
|
|-weather|Sandstorm|[upkeep]
|-damage|p1a: Dragapult|95/100|[from] Sandstorm
|-damage|p2a: Hydrapple|94/100|[from] Sandstorm
|upkeep
|turn|39
|
|t:|1760831959
|switch|p2a: Clefable|Clefable, F, shiny|67/100 brn
|move|p1a: Dragapult|Draco Meteor|p2a: Clefable
|-immune|p2a: Clefable
|
|-weather|Sandstorm|[upkeep]
|-damage|p1a: Dragapult|89/100|[from] Sandstorm
|upkeep
|turn|40
|
|t:|1760831965
|move|p1a: Dragapult|Hex|p2a: Clefable
|-damage|p2a: Clefable|17/100 brn
|move|p2a: Clefable|Wish|p2a: Clefable
|
|-weather|Sandstorm|[upkeep]
|-damage|p1a: Dragapult|83/100|[from] Sandstorm
|upkeep
|turn|41
|
|t:|1760831976
|move|p2a: Clefable|Protect|p2a: Clefable
|-singleturn|p2a: Clefable|Protect
|move|p1a: Dragapult|Hex|p2a: Clefable
|-activate|p2a: Clefable|move: Protect
|
|-weather|none
|-heal|p2a: Clefable|67/100 brn|[from] move: Wish|[wisher] Clefable
|upkeep
|turn|42
|
|t:|1760831981
|move|p1a: Dragapult|Hex|p2a: Clefable
|-crit|p2a: Clefable
|-damage|p2a: Clefable|0 fnt
|faint|p2a: Clefable
|
|upkeep
|c|☆PeterPanIIV|damn
|
|t:|1760831990
|switch|p2a: Tyranitar|Tyranitar, F, shiny|74/100
|-weather|Sandstorm|[from] ability: Sand Stream|[of] p2a: Tyranitar
|turn|43
|
|t:|1760831995
|move|p1a: Dragapult|Will-O-Wisp|p2a: Tyranitar
|-status|p2a: Tyranitar|brn
|move|p2a: Tyranitar|Knock Off|p1a: Dragapult
|-supereffective|p1a: Dragapult
|-damage|p1a: Dragapult|25/100
|-enditem|p1a: Dragapult|Heavy-Duty Boots|[from] move: Knock Off|[of] p2a: Tyranitar
|
|-weather|Sandstorm|[upkeep]
|-damage|p1a: Dragapult|19/100|[from] Sandstorm
|-damage|p2a: Tyranitar|68/100 brn|[from] brn
|upkeep
|turn|44
|
|t:|1760832000
|move|p1a: Dragapult|U-turn|p2a: Tyranitar
|-supereffective|p2a: Tyranitar
|-damage|p2a: Tyranitar|39/100 brn
|
|t:|1760832003
|switch|p1a: Iron Treads|Iron Treads|21/100 par|[from] U-turn
|move|p2a: Tyranitar|Stealth Rock|p1a: Iron Treads
|-sidestart|p1: TwinXlBedFrame|move: Stealth Rock
|
|-weather|Sandstorm|[upkeep]
|-damage|p2a: Tyranitar|33/100 brn|[from] brn
|-damage|p1a: Iron Treads|9/100 par|[from] item: Sticky Barb
|upkeep
|turn|45
|
|t:|1760832015
|move|p2a: Tyranitar|Stealth Rock||[still]
|-fail|p2a: Tyranitar
|move|p1a: Iron Treads|Rapid Spin|p2a: Tyranitar
|-resisted|p2a: Tyranitar
|-damage|p2a: Tyranitar|28/100 brn
|-boost|p1a: Iron Treads|spe|1
|-sideend|p1: TwinXlBedFrame|Stealth Rock|[from] move: Rapid Spin|[of] p1a: Iron Treads
|
|-weather|Sandstorm|[upkeep]
|-damage|p2a: Tyranitar|22/100 brn|[from] brn
|-damage|p1a: Iron Treads|0 fnt|[from] item: Sticky Barb
|faint|p1a: Iron Treads
|-end|p1a: Iron Treads|Quark Drive|[silent]
|upkeep
|
|t:|1760832032
|switch|p1a: Dragapult|Dragapult, F|19/100
|turn|46
|
|t:|1760832047
|switch|p2a: Alomomola|Alomomola, F, shiny|100/100 brn
|move|p1a: Dragapult|U-turn|p2a: Alomomola
|-damage|p2a: Alomomola|90/100 brn
|
|t:|1760832060
|switch|p1a: Garganacl|Garganacl, F, tera:Electric|100/100|[from] U-turn
|
|-weather|Sandstorm|[upkeep]
|-damage|p2a: Alomomola|84/100 brn|[from] Sandstorm
|-damage|p1a: Garganacl|94/100|[from] Sandstorm
|-damage|p2a: Alomomola|78/100 brn|[from] brn
|upkeep
|turn|47
|
|t:|1760832064
|move|p2a: Alomomola|Body Slam|p1a: Garganacl
|-damage|p1a: Garganacl|89/100
|move|p1a: Garganacl|Salt Cure|p2a: Alomomola
|-damage|p2a: Alomomola|70/100 brn
|-start|p2a: Alomomola|Salt Cure
|
|-weather|none
|-damage|p2a: Alomomola|64/100 brn|[from] brn
|-damage|p2a: Alomomola|39/100 brn|[from] Salt Cure
|upkeep
|turn|48
|
|t:|1760832070
|move|p2a: Alomomola|Flip Turn|p1a: Garganacl
|-damage|p1a: Garganacl|83/100
|
|t:|1760832071
|switch|p2a: Tyranitar|Tyranitar, F, shiny|22/100 brn|[from] Flip Turn
|-weather|Sandstorm|[from] ability: Sand Stream|[of] p2a: Tyranitar
|move|p1a: Garganacl|Salt Cure|p2a: Tyranitar
|-damage|p2a: Tyranitar|11/100 brn
|-start|p2a: Tyranitar|Salt Cure
|
|-weather|Sandstorm|[upkeep]
|-damage|p1a: Garganacl|77/100|[from] Sandstorm
|-damage|p2a: Tyranitar|4/100 brn|[from] brn
|-damage|p2a: Tyranitar|0 fnt|[from] Salt Cure
|faint|p2a: Tyranitar
|upkeep
|-message|PeterPanIIV forfeited.
|
|win|TwinXlBedFrame
|raw|TwinXlBedFrame's rating: 1323 &rarr; <strong>1340</strong><br />(+17 for winning)
|raw|PeterPanIIV's rating: 1278 &rarr; <strong>1256</strong><br />(-22 for losing)
|l|☆PeterPanIIV
|player|p2|
