|j|☆ashmer06
|j|☆jenny talles
|t:|1760875692
|gametype|singles
|player|p1|ashmer06|266|1428
|player|p2|jenny talles|169|1388
|gen|9
|tier|[Gen 9] OU
|rated|
|rule|HP Percentage Mod: HP is shown in percentages
|rule|Endless Battle Clause: Forcing endless battles is banned
|rule|Species Clause: Limit one of each Pokémon
|rule|OHKO Clause: OHKO moves are banned
|rule|Evasion Items Clause: Evasion items are banned
|rule|Evasion Moves Clause: Evasion moves are banned
|rule|Evasion Abilities Clause: Evasion abilities are banned
|rule|Sleep Moves Clause: Sleep-inducing moves are banned
|clearpoke
|poke|p1|Pincurchin, F|
|poke|p1|Iron Valiant|
|poke|p1|Raging Bolt|
|poke|p1|Iron Leaves|
|poke|p1|Iron Crown|
|poke|p1|Hawlucha, F|
|poke|p2|Iron Valiant|
|poke|p2|Iron Treads|
|poke|p2|Dragonite, M|
|poke|p2|Volcanion|
|poke|p2|Gliscor, F|
|poke|p2|Weavile, F|
|teampreview
|inactive|Battle timer is ON: inactive players will automatically lose when time's up. (requested by ashmer06)
|inactiveoff|Battle timer is now OFF.
|
|t:|1760875735
|teamsize|p1|6
|teamsize|p2|6
|start
|switch|p1a: Pincurchin|Pincurchin, F|100/100
|switch|p2a: Iron Treads|Iron Treads|100/100
|-fieldstart|move: Electric Terrain|[from] ability: Electric Surge|[of] p1a: Pincurchin
|-activate|p2a: Iron Treads|ability: Quark Drive
|-start|p2a: Iron Treads|quarkdrivespe
|turn|1
|
|t:|1760875744
|switch|p1a: Hawlucha|Hawlucha, F|100/100
|-enditem|p1a: Hawlucha|Electric Seed
|-boost|p1a: Hawlucha|def|1|[from] item: Electric Seed
|move|p2a: Iron Treads|Ice Spinner|p1a: Hawlucha
|-supereffective|p1a: Hawlucha
|-damage|p1a: Hawlucha|57/100
|-fieldend|move: Electric Terrain
|-end|p2a: Iron Treads|Quark Drive
|
|upkeep
|turn|2
|
|t:|1760875754
|-end|p2a: Iron Treads|Quark Drive|[silent]
|switch|p2a: Gliscor|Gliscor, F|100/100
|move|p1a: Hawlucha|Swords Dance|p1a: Hawlucha
|-boost|p1a: Hawlucha|atk|2
|
|-status|p2a: Gliscor|tox|[from] item: Toxic Orb
|upkeep
|turn|3
|
|t:|1760875760
|move|p1a: Hawlucha|Acrobatics|p2a: Gliscor
|-damage|p2a: Gliscor|23/100 tox
|move|p2a: Gliscor|Toxic|p1a: Hawlucha
|-status|p1a: Hawlucha|tox
|
|-damage|p1a: Hawlucha|51/100 tox|[from] psn
|-heal|p2a: Gliscor|36/100 tox|[from] ability: Poison Heal
|upkeep
|turn|4
|
|t:|1760875769
|switch|p2a: Iron Treads|Iron Treads|100/100
|move|p1a: Hawlucha|Acrobatics|p2a: Iron Treads
|-resisted|p2a: Iron Treads
|-damage|p2a: Iron Treads|58/100
|
|-damage|p1a: Hawlucha|39/100 tox|[from] psn
|upkeep
|turn|5
|
|t:|1760875779
|move|p1a: Hawlucha|Close Combat|p2a: Iron Treads
|-supereffective|p2a: Iron Treads
|-damage|p2a: Iron Treads|0 fnt
|-unboost|p1a: Hawlucha|def|1
|-unboost|p1a: Hawlucha|spd|1
|faint|p2a: Iron Treads
|-end|p2a: Iron Treads|Quark Drive|[silent]
|
|-damage|p1a: Hawlucha|20/100 tox|[from] psn
|upkeep
|
|t:|1760875787
|switch|p2a: Weavile|Weavile, F|100/100
|-ability|p2a: Weavile|Pressure
|turn|6
|inactive|Battle timer is ON: inactive players will automatically lose when time's up. (requested by ashmer06)
|
|t:|1760875792
|move|p2a: Weavile|Ice Shard|p1a: Hawlucha
|-supereffective|p1a: Hawlucha
|-damage|p1a: Hawlucha|0 fnt
|faint|p1a: Hawlucha
|
|upkeep
|
|t:|1760875796
|switch|p1a: Pincurchin|Pincurchin, F|100/100
|-fieldstart|move: Electric Terrain|[from] ability: Electric Surge|[of] p1a: Pincurchin
|turn|7
|
|t:|1760875803
|move|p2a: Weavile|Swords Dance|p2a: Weavile
|-boost|p2a: Weavile|atk|2
|move|p1a: Pincurchin|Scald|p2a: Weavile
|-damage|p2a: Weavile|78/100
|
|upkeep
|turn|8
|
|t:|1760875809
|move|p2a: Weavile|Triple Axel|p1a: Pincurchin
|-damage|p1a: Pincurchin|80/100
|-damage|p1a: Pincurchin|39/100
|-damage|p1a: Pincurchin|0 fnt
|faint|p1a: Pincurchin
|-hitcount|p1: Pincurchin|3
|
|upkeep
|
|t:|1760875817
|switch|p1a: Iron Crown|Iron Crown|100/100
|-activate|p1a: Iron Crown|ability: Quark Drive
|-start|p1a: Iron Crown|quarkdrivespa
|turn|9
|
|t:|1760875822
|move|p1a: Iron Crown|Tachyon Cutter|p2a: Weavile
|-supereffective|p2a: Weavile
|-damage|p2a: Weavile|0 fnt
|faint|p2a: Weavile
|-hitcount|p2: Weavile|1
|
|upkeep
|
|t:|1760875828
|switch|p2a: Volcanion|Volcanion|100/100
|turn|10
|
|t:|1760875832
|-end|p1a: Iron Crown|Quark Drive|[silent]
|switch|p1a: Raging Bolt|Raging Bolt|100/100
|-enditem|p1a: Raging Bolt|Booster Energy
|-activate|p1a: Raging Bolt|ability: Protosynthesis|[fromitem]
|-start|p1a: Raging Bolt|protosynthesisspa
|move|p2a: Volcanion|Flamethrower|p1a: Raging Bolt
|-resisted|p1a: Raging Bolt
|-damage|p1a: Raging Bolt|69/100
|
|upkeep
|turn|11
|
|t:|1760875841
|switch|p2a: Gliscor|Gliscor, F|36/100 tox
|move|p1a: Raging Bolt|Dragon Pulse|p2a: Gliscor
|-damage|p2a: Gliscor|0 fnt
|faint|p2a: Gliscor
|
|upkeep
|
|t:|1760875853
|switch|p2a: Dragonite|Dragonite, M|100/100
|turn|12
|
|t:|1760875864
|move|p2a: Dragonite|Ice Spinner|p1a: Raging Bolt
|-supereffective|p1a: Raging Bolt
|-crit|p1a: Raging Bolt
|-damage|p1a: Raging Bolt|0 fnt
|-fieldend|move: Electric Terrain
|faint|p1a: Raging Bolt
|-end|p1a: Raging Bolt|Protosynthesis|[silent]
|
|upkeep
|
|t:|1760875870
|switch|p1a: Iron Valiant|Iron Valiant|100/100
|turn|13
|
|t:|1760875874
|-terastallize|p2a: Dragonite|Normal
|move|p2a: Dragonite|Extreme Speed|p1a: Iron Valiant
|-damage|p1a: Iron Valiant|49/100
|move|p1a: Iron Valiant|Moonblast|p2a: Dragonite
|-damage|p2a: Dragonite|69/100
|-damage|p1a: Iron Valiant|40/100|[from] item: Life Orb
|
|upkeep
|turn|14
|
|t:|1760875882
|move|p2a: Dragonite|Extreme Speed|p1a: Iron Valiant
|-damage|p1a: Iron Valiant|0 fnt
|faint|p1a: Iron Valiant
|-end|p1a: Iron Valiant|Quark Drive|[silent]
|
|upkeep
|
|t:|1760875885
|switch|p1a: Iron Crown|Iron Crown|100/100
|turn|15
|
|t:|1760875889
|switch|p2a: Volcanion|Volcanion|100/100
|move|p1a: Iron Crown|Tachyon Cutter|p2a: Volcanion
|-resisted|p2a: Volcanion
|-damage|p2a: Volcanion|93/100
|-resisted|p2a: Volcanion
|-damage|p2a: Volcanion|85/100
|-hitcount|p2a: Volcanion|2
|
|upkeep
|turn|16
|
|t:|1760875897
|move|p1a: Iron Crown|Tachyon Cutter|p2a: Volcanion
|-resisted|p2a: Volcanion
|-damage|p2a: Volcanion|76/100
|-resisted|p2a: Volcanion
|-crit|p2a: Volcanion
|-damage|p2a: Volcanion|62/100
|-hitcount|p2a: Volcanion|2
|move|p2a: Volcanion|Flamethrower|p1a: Iron Crown
|-supereffective|p1a: Iron Crown
|-damage|p1a: Iron Crown|0 fnt
|faint|p1a: Iron Crown
|-end|p1a: Iron Crown|Quark Drive|[silent]
|
|upkeep
|
|t:|1760875900
|switch|p1a: Iron Leaves|Iron Leaves|100/100
|turn|17
|
|t:|1760875908
|move|p1a: Iron Leaves|Wild Charge|p2a: Volcanion
|-supereffective|p2a: Volcanion
|-damage|p2a: Volcanion|0 fnt
|faint|p2a: Volcanion
|-damage|p1a: Iron Leaves|87/100|[from] Recoil
|-damage|p1a: Iron Leaves|77/100|[from] item: Life Orb
|
|upkeep
|
|t:|1760875915
|switch|p2a: Iron Valiant|Iron Valiant|100/100
|-enditem|p2a: Iron Valiant|Booster Energy
|-activate|p2a: Iron Valiant|ability: Quark Drive|[fromitem]
|-start|p2a: Iron Valiant|quarkdrivespe
|turn|18
|
|t:|1760875921
|move|p2a: Iron Valiant|Moonblast|p1a: Iron Leaves
|-damage|p1a: Iron Leaves|37/100
|-unboost|p1a: Iron Leaves|spa|1
|move|p1a: Iron Leaves|Psyblade|p2a: Iron Valiant
|-supereffective|p2a: Iron Valiant
|-damage|p2a: Iron Valiant|0 fnt
|faint|p2a: Iron Valiant
|-end|p2a: Iron Valiant|Quark Drive|[silent]
|-damage|p1a: Iron Leaves|27/100|[from] item: Life Orb
|
|upkeep
|
|t:|1760875929
|switch|p2a: Dragonite|Dragonite, M, tera:Normal|69/100
|turn|19
|c|☆ashmer06|Tera ghost
|
|t:|1760875942
|-terastallize|p1a: Iron Leaves|Fighting
|move|p1a: Iron Leaves|Close Combat|p2a: Dragonite
|-supereffective|p2a: Dragonite
|-crit|p2a: Dragonite
|-damage|p2a: Dragonite|0 fnt
|-unboost|p1a: Iron Leaves|def|1
|-unboost|p1a: Iron Leaves|spd|1
|faint|p2a: Dragonite
|-damage|p1a: Iron Leaves|17/100|[from] item: Life Orb
|
|win|ashmer06
|raw|ashmer06's rating: 1428 &rarr; <strong>1446</strong><br />(+18 for winning)
|raw|jenny talles's rating: 1388 &rarr; <strong>1370</strong><br />(-18 for losing)
|c|☆ashmer06|Lmao
|c|☆jenny talles|dan
|c|☆jenny talles|I thought it wd be steel
|c|☆jenny talles|ggwp
|c|☆ashmer06|Ggs
|c|☆ashmer06|Sry
|c|☆jenny talles|ggs
|l|☆ashmer06
|player|p1|
|c|☆jenny talles|nah its grid
|l|☆jenny talles
|player|p2|
