|j|☆el cagalera
|j|☆PenguinMLSJ
|t:|1760740398
|gametype|singles
|player|p1|el cagalera|jogger|1515
|player|p2|PenguinMLSJ|red-gen7|1545
|gen|9
|tier|[Gen 9] OU
|rated|
|rule|HP Percentage Mod: HP is shown in percentages
|rule|Endless Battle Clause: Forcing endless battles is banned
|rule|Species Clause: Limit one of each Pokémon
|rule|OHKO Clause: OHKO moves are banned
|rule|Evasion Items Clause: Evasion items are banned
|rule|Evasion Moves Clause: Evasion moves are banned
|rule|Evasion Abilities Clause: Evasion abilities are banned
|rule|Sleep Moves Clause: Sleep-inducing moves are banned
|clearpoke
|poke|p1|Dragapult, F|
|poke|p1|Cresselia, F|
|poke|p1|Pecharunt|
|poke|p1|Kingambit, F|
|poke|p1|Great Tusk|
|poke|p1|Kyurem|
|poke|p2|Skeledirge, M|
|poke|p2|Garganacl, M|
|poke|p2|Kingambit, M|
|poke|p2|Clefable, F|
|poke|p2|Great Tusk|
|poke|p2|Iron Valiant|
|teampreview
|inactive|Battle timer is ON: inactive players will automatically lose when time's up. (requested by PenguinMLSJ)
|
|t:|1760740415
|teamsize|p1|6
|teamsize|p2|6
|start
|switch|p1a: Cresselia|Cresselia, F|100/100
|switch|p2a: Kingambit|Kingambit, M|100/100
|turn|1
|
|t:|1760740423
|move|p1a: Cresselia|Thunder Wave|p2a: Kingambit
|-status|p2a: Kingambit|par
|move|p2a: Kingambit|Iron Head|p1a: Cresselia
|-damage|p1a: Cresselia|67/100
|-damage|p2a: Kingambit|84/100 par|[from] item: Rocky Helmet|[of] p1a: Cresselia
|
|-heal|p2a: Kingambit|90/100 par|[from] item: Leftovers
|upkeep
|turn|2
|
|t:|1760740433
|switch|p1a: Great Tusk|Great Tusk|100/100
|move|p2a: Kingambit|Iron Head|p1a: Great Tusk
|-damage|p1a: Great Tusk|67/100
|
|-heal|p2a: Kingambit|96/100 par|[from] item: Leftovers
|upkeep
|turn|3
|
|t:|1760740436
|-end|p2a: Kingambit|fallenundefined|[silent]
|switch|p2a: Great Tusk|Great Tusk|100/100
|move|p1a: Great Tusk|Stealth Rock|p2a: Great Tusk
|-sidestart|p2: PenguinMLSJ|move: Stealth Rock
|
|upkeep
|turn|4
|
|t:|1760740441
|-end|p1a: Great Tusk|Protosynthesis|[silent]
|switch|p1a: Cresselia|Cresselia, F|67/100
|move|p2a: Great Tusk|Earthquake|p1a: Cresselia
|-immune|p1a: Cresselia|[from] ability: Levitate
|
|upkeep
|turn|5
|
|t:|1760740443
|move|p2a: Great Tusk|Rapid Spin|p1a: Cresselia
|-damage|p1a: Cresselia|56/100
|-boost|p2a: Great Tusk|spe|1
|-damage|p2a: Great Tusk|84/100|[from] item: Rocky Helmet|[of] p1a: Cresselia
|-sideend|p2: PenguinMLSJ|Stealth Rock|[from] move: Rapid Spin|[of] p2a: Great Tusk
|move|p1a: Cresselia|Ice Beam|p2a: Great Tusk
|-supereffective|p2a: Great Tusk
|-damage|p2a: Great Tusk|38/100
|
|upkeep
|turn|6
|
|t:|1760740447
|-end|p2a: Great Tusk|Protosynthesis|[silent]
|switch|p2a: Kingambit|Kingambit, M|96/100 par
|move|p1a: Cresselia|Moonlight|p1a: Cresselia
|-heal|p1a: Cresselia|100/100
|
|-heal|p2a: Kingambit|100/100 par|[from] item: Leftovers
|upkeep
|turn|7
|
|t:|1760740449
|switch|p1a: Great Tusk|Great Tusk|67/100
|move|p2a: Kingambit|Iron Head|p1a: Great Tusk
|-damage|p1a: Great Tusk|33/100
|
|upkeep
|turn|8
|
|t:|1760740452
|-end|p2a: Kingambit|fallenundefined|[silent]
|switch|p2a: Great Tusk|Great Tusk|38/100
|move|p1a: Great Tusk|Stealth Rock|p2a: Great Tusk
|-sidestart|p2: PenguinMLSJ|move: Stealth Rock
|
|upkeep
|turn|9
|
|t:|1760740457
|-end|p1a: Great Tusk|Protosynthesis|[silent]
|switch|p1a: Dragapult|Dragapult, F|100/100
|move|p2a: Great Tusk|Rapid Spin|p1a: Dragapult
|-immune|p1a: Dragapult
|
|upkeep
|turn|10
|
|t:|1760740460
|-end|p2a: Great Tusk|Protosynthesis|[silent]
|switch|p2a: Clefable|Clefable, F|100/100
|move|p1a: Dragapult|Will-O-Wisp|p2a: Clefable
|-status|p2a: Clefable|brn
|
|upkeep
|turn|11
|
|t:|1760740465
|move|p1a: Dragapult|Hex|p2a: Clefable
|-damage|p2a: Clefable|68/100 brn
|move|p2a: Clefable|Trick|p1a: Dragapult
|-activate|p2a: Clefable|move: Trick|[of] p1a: Dragapult
|-item|p1a: Dragapult|Sticky Barb|[from] move: Trick
|-item|p2a: Clefable|Heavy-Duty Boots|[from] move: Trick
|
|-damage|p1a: Dragapult|88/100|[from] item: Sticky Barb
|upkeep
|turn|12
|
|t:|1760740475
|move|p1a: Dragapult|U-turn|p2a: Clefable
|-resisted|p2a: Clefable
|-crit|p2a: Clefable
|-damage|p2a: Clefable|51/100 brn
|
|t:|1760740476
|switch|p1a: Pecharunt|Pecharunt|100/100|[from] U-turn
|move|p2a: Clefable|Trick|p1a: Pecharunt
|-activate|p2a: Clefable|move: Trick|[of] p1a: Pecharunt
|-item|p1a: Pecharunt|Heavy-Duty Boots|[from] move: Trick
|-item|p2a: Clefable|Heavy-Duty Boots|[from] move: Trick
|
|upkeep
|turn|13
|
|t:|1760740491
|switch|p1a: Kingambit|Kingambit, F|100/100
|move|p2a: Clefable|Wish|p2a: Clefable
|
|upkeep
|turn|14
|
|t:|1760740501
|-end|p1a: Kingambit|fallenundefined|[silent]
|switch|p1a: Kyurem|Kyurem|100/100
|-ability|p1a: Kyurem|Pressure
|switch|p2a: Great Tusk|Great Tusk|38/100
|
|-heal|p2a: Great Tusk|84/100|[from] move: Wish|[wisher] Clefable
|upkeep
|turn|15
|
|t:|1760740505
|-end|p2a: Great Tusk|Protosynthesis|[silent]
|switch|p2a: Garganacl|Garganacl, M|100/100
|-damage|p2a: Garganacl|88/100|[from] Stealth Rock
|move|p1a: Kyurem|Substitute|p1a: Kyurem
|-start|p1a: Kyurem|Substitute
|-damage|p1a: Kyurem|76/100
|
|-heal|p1a: Kyurem|82/100|[from] item: Leftovers
|-heal|p2a: Garganacl|94/100|[from] item: Leftovers
|upkeep
|turn|16
|
|t:|1760740508
|move|p1a: Kyurem|Protect|p1a: Kyurem
|-singleturn|p1a: Kyurem|Protect
|move|p2a: Garganacl|Salt Cure|p1a: Kyurem
|-activate|p1a: Kyurem|move: Protect
|
|-heal|p1a: Kyurem|88/100|[from] item: Leftovers
|-heal|p2a: Garganacl|100/100|[from] item: Leftovers
|upkeep
|turn|17
|
|t:|1760740511
|-terastallize|p1a: Kyurem|Ground
|move|p1a: Kyurem|Earth Power|p2a: Garganacl
|-supereffective|p2a: Garganacl
|-damage|p2a: Garganacl|37/100
|move|p2a: Garganacl|Salt Cure|p1a: Kyurem
|-resisted|p1a: Kyurem
|-activate|p1a: Kyurem|move: Substitute|[damage]
|
|-heal|p1a: Kyurem|94/100|[from] item: Leftovers
|-heal|p2a: Garganacl|44/100|[from] item: Leftovers
|upkeep
|turn|18
|
|t:|1760740540
|-terastallize|p2a: Garganacl|Water
|move|p1a: Kyurem|Earth Power|p2a: Garganacl
|-damage|p2a: Garganacl|16/100
|move|p2a: Garganacl|Recover|p2a: Garganacl
|-heal|p2a: Garganacl|66/100
|
|-heal|p1a: Kyurem|100/100|[from] item: Leftovers
|-heal|p2a: Garganacl|72/100|[from] item: Leftovers
|upkeep
|turn|19
|
|t:|1760740557
|switch|p2a: Kingambit|Kingambit, M|100/100 par
|-damage|p2a: Kingambit|94/100 par|[from] Stealth Rock
|move|p1a: Kyurem|Freeze-Dry|p2a: Kingambit
|-resisted|p2a: Kingambit
|-damage|p2a: Kingambit|77/100 par
|
|-heal|p2a: Kingambit|83/100 par|[from] item: Leftovers
|upkeep
|turn|20
|
|t:|1760740562
|move|p1a: Kyurem|Earth Power|p2a: Kingambit
|-supereffective|p2a: Kingambit
|-crit|p2a: Kingambit
|-damage|p2a: Kingambit|0 fnt
|faint|p2a: Kingambit
|-end|p2a: Kingambit|fallenundefined|[silent]
|
|upkeep
|
|t:|1760740568
|switch|p2a: Clefable|Clefable, F|51/100 brn
|turn|21
|
|t:|1760740571
|move|p1a: Kyurem|Freeze-Dry|p2a: Clefable
|-damage|p2a: Clefable|25/100 brn
|move|p2a: Clefable|Wish|p2a: Clefable
|
|upkeep
|turn|22
|
|t:|1760740577
|move|p2a: Clefable|Protect|p2a: Clefable
|-singleturn|p2a: Clefable|Protect
|move|p1a: Kyurem|Earth Power|p2a: Clefable
|-activate|p2a: Clefable|move: Protect
|
|-heal|p2a: Clefable|75/100 brn|[from] move: Wish|[wisher] Clefable
|upkeep
|turn|23
|
|t:|1760740579
|move|p1a: Kyurem|Protect|p1a: Kyurem
|-singleturn|p1a: Kyurem|Protect
|move|p2a: Clefable|Wish|p2a: Clefable
|
|upkeep
|turn|24
|
|t:|1760740584
|move|p1a: Kyurem|Earth Power|p2a: Clefable
|-damage|p2a: Clefable|47/100 brn
|move|p2a: Clefable|Moonblast|p1a: Kyurem
|-crit|p1a: Kyurem
|-end|p1a: Kyurem|Substitute
|
|-heal|p2a: Clefable|97/100 brn|[from] move: Wish|[wisher] Clefable
|upkeep
|turn|25
|
|t:|1760740590
|switch|p2a: Iron Valiant|Iron Valiant|100/100
|-damage|p2a: Iron Valiant|94/100|[from] Stealth Rock
|move|p1a: Kyurem|Substitute|p1a: Kyurem
|-start|p1a: Kyurem|Substitute
|-damage|p1a: Kyurem|76/100
|
|-heal|p1a: Kyurem|82/100|[from] item: Leftovers
|upkeep
|turn|26
|
|t:|1760740595
|-end|p2a: Iron Valiant|Quark Drive|[silent]
|switch|p2a: Clefable|Clefable, F|97/100 brn
|switch|p1a: Pecharunt|Pecharunt|100/100
|
|upkeep
|turn|27
|
|t:|1760740612
|switch|p1a: Kyurem|Kyurem, tera:Ground|82/100
|-ability|p1a: Kyurem|Pressure
|switch|p2a: Garganacl|Garganacl, M, tera:Water|72/100
|-damage|p2a: Garganacl|60/100|[from] Stealth Rock
|
|-heal|p1a: Kyurem|88/100|[from] item: Leftovers
|-heal|p2a: Garganacl|66/100|[from] item: Leftovers
|upkeep
|turn|28
|
|t:|1760740619
|switch|p2a: Clefable|Clefable, F|97/100 brn
|move|p1a: Kyurem|Substitute|p1a: Kyurem
|-start|p1a: Kyurem|Substitute
|-damage|p1a: Kyurem|63/100
|
|-heal|p1a: Kyurem|69/100|[from] item: Leftovers
|upkeep
|turn|29
|
|t:|1760740633
|move|p1a: Kyurem|Earth Power|p2a: Clefable
|-damage|p2a: Clefable|65/100 brn
|move|p2a: Clefable|Moonblast|p1a: Kyurem
|-end|p1a: Kyurem|Substitute
|
|-heal|p1a: Kyurem|76/100|[from] item: Leftovers
|upkeep
|turn|30
|
|t:|1760740639
|move|p1a: Kyurem|Substitute|p1a: Kyurem
|-start|p1a: Kyurem|Substitute
|-damage|p1a: Kyurem|51/100
|move|p2a: Clefable|Moonblast|p1a: Kyurem
|-end|p1a: Kyurem|Substitute
|
|-heal|p1a: Kyurem|57/100|[from] item: Leftovers
|upkeep
|turn|31
|
|t:|1760740643
|move|p1a: Kyurem|Protect|p1a: Kyurem
|-singleturn|p1a: Kyurem|Protect
|move|p2a: Clefable|Moonblast|p1a: Kyurem
|-activate|p1a: Kyurem|move: Protect
|
|-heal|p1a: Kyurem|63/100|[from] item: Leftovers
|upkeep
|turn|32
|
|t:|1760740648
|move|p1a: Kyurem|Substitute|p1a: Kyurem
|-start|p1a: Kyurem|Substitute
|-damage|p1a: Kyurem|38/100
|move|p2a: Clefable|Moonblast|p1a: Kyurem
|-end|p1a: Kyurem|Substitute
|
|-heal|p1a: Kyurem|45/100|[from] item: Leftovers
|upkeep
|turn|33
|
|t:|1760740650
|move|p1a: Kyurem|Protect|p1a: Kyurem
|-singleturn|p1a: Kyurem|Protect
|move|p2a: Clefable|Moonblast|p1a: Kyurem
|-activate|p1a: Kyurem|move: Protect
|
|-heal|p1a: Kyurem|51/100|[from] item: Leftovers
|upkeep
|turn|34
|
|t:|1760740652
|move|p1a: Kyurem|Substitute|p1a: Kyurem
|-start|p1a: Kyurem|Substitute
|-damage|p1a: Kyurem|26/100
|move|p2a: Clefable|Moonblast|p1a: Kyurem
|-end|p1a: Kyurem|Substitute
|
|-heal|p1a: Kyurem|32/100|[from] item: Leftovers
|upkeep
|turn|35
|
|t:|1760740656
|move|p1a: Kyurem|Protect|p1a: Kyurem
|-singleturn|p1a: Kyurem|Protect
|move|p2a: Clefable|Moonblast|p1a: Kyurem
|-activate|p1a: Kyurem|move: Protect
|
|-heal|p1a: Kyurem|38/100|[from] item: Leftovers
|upkeep
|turn|36
|
|t:|1760740661
|move|p1a: Kyurem|Substitute|p1a: Kyurem
|-start|p1a: Kyurem|Substitute
|-damage|p1a: Kyurem|14/100
|move|p2a: Clefable|Moonblast|p1a: Kyurem
|-end|p1a: Kyurem|Substitute
|
|-heal|p1a: Kyurem|20/100|[from] item: Leftovers
|upkeep
|turn|37
|j| Nikator98
|
|t:|1760740670
|move|p1a: Kyurem|Protect|p1a: Kyurem
|-singleturn|p1a: Kyurem|Protect
|move|p2a: Clefable|Moonblast|p1a: Kyurem
|-activate|p1a: Kyurem|move: Protect
|
|-heal|p1a: Kyurem|26/100|[from] item: Leftovers
|upkeep
|turn|38
|l| Nikator98
|
|t:|1760740673
|move|p1a: Kyurem|Substitute|p1a: Kyurem
|-start|p1a: Kyurem|Substitute
|-damage|p1a: Kyurem|1/100
|move|p2a: Clefable|Moonblast|p1a: Kyurem
|-end|p1a: Kyurem|Substitute
|
|-heal|p1a: Kyurem|7/100|[from] item: Leftovers
|upkeep
|turn|39
|
|t:|1760740677
|move|p1a: Kyurem|Protect|p1a: Kyurem
|-singleturn|p1a: Kyurem|Protect
|move|p2a: Clefable|Wish|p2a: Clefable
|
|-heal|p1a: Kyurem|14/100|[from] item: Leftovers
|upkeep
|turn|40
|
|t:|1760740683
|switch|p1a: Cresselia|Cresselia, F|100/100
|move|p2a: Clefable|Moonblast|p1a: Cresselia
|-crit|p1a: Cresselia
|-damage|p1a: Cresselia|76/100
|
|-heal|p2a: Clefable|100/100 brn|[from] move: Wish|[wisher] Clefable
|upkeep
|turn|41
|
|t:|1760740689
|move|p1a: Cresselia|Lunar Dance|p1a: Cresselia
|faint|p1a: Cresselia
|move|p2a: Clefable|Trick|p1: Cresselia|[notarget]
|-fail|p2a: Clefable
|
|upkeep
|
|t:|1760740691
|switch|p1a: Kyurem|Kyurem, tera:Ground|14/100
|-heal|p1a: Kyurem|100/100|[from] move: Lunar Dance
|-ability|p1a: Kyurem|Pressure
|turn|42
|c|☆PenguinMLSJ|I'm killing myself
|
|t:|1760740715
|move|p1a: Kyurem|Substitute|p1a: Kyurem
|-start|p1a: Kyurem|Substitute
|-damage|p1a: Kyurem|76/100
|move|p2a: Clefable|Wish|p2a: Clefable
|
|-heal|p1a: Kyurem|82/100|[from] item: Leftovers
|upkeep
|turn|43
|
|t:|1760740721
|switch|p2a: Iron Valiant|Iron Valiant|94/100
|-damage|p2a: Iron Valiant|88/100|[from] Stealth Rock
|move|p1a: Kyurem|Protect||[still]
|-fail|p1a: Kyurem
|
|-heal|p2a: Iron Valiant|100/100|[from] move: Wish|[wisher] Clefable
|-heal|p1a: Kyurem|88/100|[from] item: Leftovers
|upkeep
|turn|44
|
|t:|1760740730
|move|p1a: Kyurem|Protect|p1a: Kyurem
|-singleturn|p1a: Kyurem|Protect
|move|p2a: Iron Valiant|Energy Ball|p1a: Kyurem
|-activate|p1a: Kyurem|move: Protect
|
|-heal|p1a: Kyurem|94/100|[from] item: Leftovers
|upkeep
|turn|45
|
|t:|1760740740
|move|p2a: Iron Valiant|Energy Ball|p1a: Kyurem
|-supereffective|p1a: Kyurem
|-end|p1a: Kyurem|Substitute
|move|p1a: Kyurem|Freeze-Dry|p2a: Iron Valiant
|-damage|p2a: Iron Valiant|28/100
|
|-heal|p1a: Kyurem|100/100|[from] item: Leftovers
|upkeep
|turn|46
|
|t:|1760740747
|move|p1a: Kyurem|Protect|p1a: Kyurem
|-singleturn|p1a: Kyurem|Protect
|move|p2a: Iron Valiant|Energy Ball|p1a: Kyurem
|-activate|p1a: Kyurem|move: Protect
|
|upkeep
|turn|47
|
|t:|1760740768
|switch|p1a: Pecharunt|Pecharunt|100/100
|move|p2a: Iron Valiant|Energy Ball|p1a: Pecharunt
|-resisted|p1a: Pecharunt
|-damage|p1a: Pecharunt|85/100
|
|upkeep
|turn|48
|
|t:|1760740789
|move|p2a: Iron Valiant|Energy Ball|p1a: Pecharunt
|-resisted|p1a: Pecharunt
|-damage|p1a: Pecharunt|71/100
|-unboost|p1a: Pecharunt|spd|1
|move|p1a: Pecharunt|Nasty Plot|p1a: Pecharunt
|-boost|p1a: Pecharunt|spa|2
|
|upkeep
|turn|49
|j| Capitaine Tenace
|l| Capitaine Tenace
|
|t:|1760740803
|-end|p2a: Iron Valiant|Quark Drive|[silent]
|switch|p2a: Garganacl|Garganacl, M, tera:Water|66/100
|-damage|p2a: Garganacl|54/100|[from] Stealth Rock
|move|p1a: Pecharunt|Malignant Chain|p2a: Garganacl
|-damage|p2a: Garganacl|14/100
|
|-heal|p2a: Garganacl|20/100|[from] item: Leftovers
|upkeep
|turn|50
|
|t:|1760740810
|move|p1a: Pecharunt|Malignant Chain|p2a: Garganacl
|-damage|p2a: Garganacl|0 fnt
|faint|p2a: Garganacl
|
|upkeep
|
|t:|1760740824
|switch|p2a: Great Tusk|Great Tusk|84/100
|turn|51
|
|t:|1760740834
|switch|p1a: Dragapult|Dragapult, F|88/100
|move|p2a: Great Tusk|Earthquake|p1a: Dragapult
|-damage|p1a: Dragapult|24/100
|
|-damage|p1a: Dragapult|12/100|[from] item: Sticky Barb
|upkeep
|turn|52
|
|t:|1760740841
|-end|p2a: Great Tusk|Protosynthesis|[silent]
|switch|p2a: Clefable|Clefable, F|100/100 brn
|move|p1a: Dragapult|Will-O-Wisp|p2a: Clefable|[miss]
|-miss|p1a: Dragapult|p2a: Clefable
|
|-damage|p1a: Dragapult|0 fnt|[from] item: Sticky Barb
|faint|p1a: Dragapult
|upkeep
|
|t:|1760740848
|switch|p1a: Kyurem|Kyurem, tera:Ground|100/100
|-ability|p1a: Kyurem|Pressure
|turn|53
|
|t:|1760740851
|switch|p2a: Iron Valiant|Iron Valiant|28/100
|-damage|p2a: Iron Valiant|22/100|[from] Stealth Rock
|move|p1a: Kyurem|Substitute|p1a: Kyurem
|-start|p1a: Kyurem|Substitute
|-damage|p1a: Kyurem|76/100
|
|-heal|p1a: Kyurem|82/100|[from] item: Leftovers
|upkeep
|turn|54
|
|t:|1760740855
|move|p1a: Kyurem|Protect|p1a: Kyurem
|-singleturn|p1a: Kyurem|Protect
|move|p2a: Iron Valiant|Energy Ball|p1a: Kyurem
|-activate|p1a: Kyurem|move: Protect
|
|-heal|p1a: Kyurem|88/100|[from] item: Leftovers
|upkeep
|turn|55
|
|t:|1760740860
|move|p2a: Iron Valiant|Energy Ball|p1a: Kyurem
|-supereffective|p1a: Kyurem
|-end|p1a: Kyurem|Substitute
|move|p1a: Kyurem|Substitute|p1a: Kyurem
|-start|p1a: Kyurem|Substitute
|-damage|p1a: Kyurem|63/100
|
|-heal|p1a: Kyurem|69/100|[from] item: Leftovers
|upkeep
|turn|56
|
|t:|1760740862
|move|p1a: Kyurem|Protect|p1a: Kyurem
|-singleturn|p1a: Kyurem|Protect
|move|p2a: Iron Valiant|Energy Ball|p1a: Kyurem
|-activate|p1a: Kyurem|move: Protect
|
|-heal|p1a: Kyurem|76/100|[from] item: Leftovers
|upkeep
|turn|57
|
|t:|1760740868
|move|p2a: Iron Valiant|Energy Ball|p1a: Kyurem
|-supereffective|p1a: Kyurem
|-end|p1a: Kyurem|Substitute
|move|p1a: Kyurem|Substitute|p1a: Kyurem
|-start|p1a: Kyurem|Substitute
|-damage|p1a: Kyurem|51/100
|
|-heal|p1a: Kyurem|57/100|[from] item: Leftovers
|upkeep
|turn|58
|
|t:|1760740870
|-activate|p2a: Iron Valiant|move: Struggle
|move|p2a: Iron Valiant|Struggle|p1a: Kyurem
|-activate|p1a: Kyurem|move: Substitute|[damage]
|-damage|p2a: Iron Valiant|0 fnt|[from] recoil
|faint|p2a: Iron Valiant
|-end|p2a: Iron Valiant|Quark Drive|[silent]
|move|p1a: Kyurem|Freeze-Dry|p2: Iron Valiant|[notarget]
|-fail|p1a: Kyurem
|
|-heal|p1a: Kyurem|63/100|[from] item: Leftovers
|upkeep
|
|t:|1760740875
|switch|p2a: Skeledirge|Skeledirge, M|100/100
|turn|59
|
|t:|1760740886
|move|p1a: Kyurem|Earth Power|p2a: Skeledirge
|-supereffective|p2a: Skeledirge
|-damage|p2a: Skeledirge|0 fnt
|faint|p2a: Skeledirge
|
|-heal|p1a: Kyurem|69/100|[from] item: Leftovers
|upkeep
|
|t:|1760740888
|switch|p2a: Great Tusk|Great Tusk|84/100
|turn|60
|
|t:|1760740897
|move|p1a: Kyurem|Protect|p1a: Kyurem
|-singleturn|p1a: Kyurem|Protect
|move|p2a: Great Tusk|Ice Spinner|p1a: Kyurem
|-activate|p1a: Kyurem|move: Protect
|
|-heal|p1a: Kyurem|76/100|[from] item: Leftovers
|upkeep
|turn|61
|
|t:|1760740899
|move|p1a: Kyurem|Freeze-Dry|p2a: Great Tusk
|-supereffective|p2a: Great Tusk
|-damage|p2a: Great Tusk|0 fnt
|faint|p2a: Great Tusk
|-end|p2a: Great Tusk|Protosynthesis|[silent]
|
|-heal|p1a: Kyurem|82/100|[from] item: Leftovers
|upkeep
|
|t:|1760740901
|switch|p2a: Clefable|Clefable, F|100/100 brn
|turn|62
|
|t:|1760740910
|move|p1a: Kyurem|Earth Power|p2a: Clefable
|-damage|p2a: Clefable|72/100 brn
|move|p2a: Clefable|Wish|p2a: Clefable
|
|-heal|p1a: Kyurem|88/100|[from] item: Leftovers
|upkeep
|turn|63
|
|t:|1760740915
|switch|p1a: Kingambit|Kingambit, F|100/100
|-activate|p1a: Kingambit|ability: Supreme Overlord
|-start|p1a: Kingambit|fallen2|[silent]
|move|p2a: Clefable|Wish||[still]
|-fail|p2a: Clefable
|
|-heal|p2a: Clefable|100/100 brn|[from] move: Wish|[wisher] Clefable
|upkeep
|turn|64
|
|t:|1760740918
|move|p1a: Kingambit|Iron Head|p2a: Clefable
|-supereffective|p2a: Clefable
|-damage|p2a: Clefable|0 fnt
|faint|p2a: Clefable
|
|win|el cagalera
|raw|el cagalera's rating: 1515 &rarr; <strong>1536</strong><br />(+21 for winning)
|raw|PenguinMLSJ's rating: 1531 &rarr; <strong>1510</strong><br />(-21 for losing)
|l|☆PenguinMLSJ
|player|p2|
|l|☆el cagalera
|player|p1|
|j|☆el cagalera
|player|p1|el cagalera|jogger|
