|j|☆Spgdd
|j|☆Chipcaol
|t:|1760870362
|gametype|singles
|player|p1|Spgdd|hilda-masters3|1193
|player|p2|Chipcaol|266|1225
|gen|9
|tier|[Gen 9] OU
|rated|
|rule|HP Percentage Mod: HP is shown in percentages
|rule|Endless Battle Clause: Forcing endless battles is banned
|rule|Species Clause: Limit one of each Pokémon
|rule|OHKO Clause: OHKO moves are banned
|rule|Evasion Items Clause: Evasion items are banned
|rule|Evasion Moves Clause: Evasion moves are banned
|rule|Evasion Abilities Clause: Evasion abilities are banned
|rule|Sleep Moves Clause: Sleep-inducing moves are banned
|clearpoke
|poke|p1|Zoroark, M|
|poke|p1|Galvantula, M|
|poke|p1|Dragapult, M|
|poke|p1|Great Tusk|
|poke|p1|Moltres|
|poke|p1|Jirachi|
|poke|p2|Great Tusk|
|poke|p2|Slowking-Galar, M|
|poke|p2|Rillaboom, F|
|poke|p2|Latias, F|
|poke|p2|Samurott-Hisui, F|
|poke|p2|Gholdengo|
|teampreview
|inactive|Battle timer is ON: inactive players will automatically lose when time's up. (requested by Spgdd)
|
|t:|1760870377
|teamsize|p1|6
|teamsize|p2|6
|start
|switch|p1a: Galvantula|Galvantula, M, shiny|100/100
|switch|p2a: Gholdengo|Gholdengo|100/100
|turn|1
|
|t:|1760870387
|move|p1a: Galvantula|Thunder Wave|p2a: Gholdengo
|-immune|p2a: Gholdengo|[from] ability: Good as Gold
|move|p2a: Gholdengo|Power Gem|p1a: Galvantula
|-supereffective|p1a: Galvantula
|-enditem|p1a: Galvantula|Focus Sash
|-damage|p1a: Galvantula|1/100
|
|upkeep
|turn|2
|
|t:|1760870396
|move|p1a: Galvantula|Sticky Web|p2a: Gholdengo
|-sidestart|p2: Chipcaol|move: Sticky Web
|move|p2a: Gholdengo|Power Gem|p1a: Galvantula
|-supereffective|p1a: Galvantula
|-damage|p1a: Galvantula|0 fnt
|faint|p1a: Galvantula
|
|upkeep
|
|t:|1760870403
|switch|p1a: Moltres|Moltres, shiny|100/100
|turn|3
|
|t:|1760870410
|switch|p2a: Samurott|Samurott-Hisui, F|100/100
|move|p1a: Moltres|Night Daze|p2a: Samurott
|-resisted|p2a: Samurott
|-crit|p2a: Samurott
|-damage|p2a: Samurott|54/100
|
|upkeep
|turn|4
|
|t:|1760870422
|switch|p1a: Great Tusk|Great Tusk, shiny|100/100
|move|p2a: Samurott|Sacred Sword|p1a: Great Tusk
|-damage|p1a: Great Tusk|70/100
|
|upkeep
|turn|5
|
|t:|1760870440
|switch|p2a: Great Tusk|Great Tusk|100/100
|move|p1a: Great Tusk|Close Combat|p2a: Great Tusk
|-damage|p2a: Great Tusk|55/100
|-unboost|p1a: Great Tusk|def|1
|-unboost|p1a: Great Tusk|spd|1
|
|upkeep
|turn|6
|
|t:|1760870449
|-end|p1a: Great Tusk|Protosynthesis|[silent]
|switch|p1a: Dragapult|Dragapult, M, shiny|100/100
|move|p2a: Great Tusk|Headlong Rush|p1a: Dragapult
|-damage|p1a: Dragapult|11/100
|-unboost|p2a: Great Tusk|def|1
|-unboost|p2a: Great Tusk|spd|1
|
|upkeep
|turn|7
|
|t:|1760870464
|-end|p2a: Great Tusk|Protosynthesis|[silent]
|switch|p2a: Rillaboom|Rillaboom, F|100/100
|-activate|p2a: Rillaboom|move: Sticky Web
|-unboost|p2a: Rillaboom|spe|1
|-fieldstart|move: Grassy Terrain|[from] ability: Grassy Surge|[of] p2a: Rillaboom
|move|p1a: Dragapult|Phantom Force||[still]
|-prepare|p1a: Dragapult|Phantom Force
|
|upkeep
|turn|8
|
|t:|1760870474
|switch|p2a: Samurott|Samurott-Hisui, F|54/100
|move|p1a: Dragapult|Phantom Force|p2a: Samurott|[from] lockedmove
|-resisted|p2a: Samurott
|-damage|p2a: Samurott|27/100
|-heal|p1a: Dragapult|14/100|[from] item: Shell Bell|[of] p2a: Samurott
|
|-heal|p1a: Dragapult|20/100|[from] Grassy Terrain
|-heal|p2a: Samurott|33/100|[from] Grassy Terrain
|upkeep
|turn|9
|
|t:|1760870487
|move|p2a: Samurott|Aqua Jet|p1a: Dragapult
|-resisted|p1a: Dragapult
|-damage|p1a: Dragapult|6/100
|move|p1a: Dragapult|Phantom Force||[still]
|-prepare|p1a: Dragapult|Phantom Force
|
|-heal|p2a: Samurott|39/100|[from] Grassy Terrain
|upkeep
|turn|10
|
|t:|1760870496
|move|p1a: Dragapult|Phantom Force|p2a: Samurott|[from] lockedmove
|-resisted|p2a: Samurott
|-damage|p2a: Samurott|13/100
|-heal|p1a: Dragapult|10/100|[from] item: Shell Bell|[of] p2a: Samurott
|move|p2a: Samurott|Ceaseless Edge|p1a: Dragapult
|-supereffective|p1a: Dragapult
|-damage|p1a: Dragapult|0 fnt
|-sidestart|p1: Spgdd|Spikes
|faint|p1a: Dragapult
|
|-heal|p2a: Samurott|19/100|[from] Grassy Terrain
|upkeep
|
|t:|1760870510
|switch|p1a: Great Tusk|Great Tusk, shiny|70/100
|turn|11
|
|t:|1760870525
|switch|p2a: Latias|Latias, F|100/100
|move|p1a: Great Tusk|Rapid Spin|p2a: Latias
|-damage|p2a: Latias|84/100
|-boost|p1a: Great Tusk|spe|1
|-sideend|p1: Spgdd|Spikes|[from] move: Rapid Spin|[of] p1a: Great Tusk
|
|-heal|p1a: Great Tusk|77/100|[from] Grassy Terrain
|-fieldend|move: Grassy Terrain
|upkeep
|turn|12
|
|t:|1760870538
|move|p1a: Great Tusk|Ice Spinner|p2a: Latias
|-supereffective|p2a: Latias
|-damage|p2a: Latias|25/100
|-enditem|p2a: Latias|Weakness Policy
|-boost|p2a: Latias|atk|2|[from] item: Weakness Policy
|-boost|p2a: Latias|spa|2|[from] item: Weakness Policy
|move|p2a: Latias|Draining Kiss|p1a: Great Tusk
|-supereffective|p1a: Great Tusk
|-damage|p1a: Great Tusk|2/100
|-heal|p2a: Latias|82/100|[from] drain|[of] p1a: Great Tusk
|
|upkeep
|turn|13
|
|t:|1760870558
|-end|p1a: Great Tusk|Protosynthesis|[silent]
|switch|p1a: Moltres|Moltres, shiny|100/100
|-terastallize|p2a: Latias|Fairy
|move|p2a: Latias|Calm Mind|p2a: Latias
|-boost|p2a: Latias|spa|1
|-boost|p2a: Latias|spd|1
|
|upkeep
|turn|14
|
|t:|1760870571
|move|p1a: Moltres|Trick|p2a: Latias
|-activate|p1a: Moltres|move: Trick|[of] p2a: Latias
|-item|p2a: Latias|Choice Scarf|[from] move: Trick
|-enditem|p1a: Moltres|Choice Scarf|[silent]|[from] move: Trick
|move|p2a: Latias|Draining Kiss|p1a: Moltres
|-supereffective|p1a: Moltres
|-damage|p1a: Moltres|0 fnt
|-heal|p2a: Latias|100/100|[from] drain|[of] p1a: Moltres
|replace|p1a: Zoroark|Zoroark, M, shiny
|-end|p1a: Zoroark|Illusion
|faint|p1a: Zoroark
|
|upkeep
|
|t:|1760870582
|switch|p1a: Jirachi|Jirachi, shiny|100/100
|turn|15
|
|t:|1760870586
|-terastallize|p1a: Jirachi|Steel
|move|p2a: Latias|Draining Kiss|p1a: Jirachi
|-resisted|p1a: Jirachi
|-damage|p1a: Jirachi|75/100
|move|p1a: Jirachi|Iron Head|p2a: Latias
|-supereffective|p2a: Latias
|-damage|p2a: Latias|18/100
|
|-heal|p1a: Jirachi|81/100|[from] item: Leftovers
|upkeep
|turn|16
|
|t:|1760870599
|move|p2a: Latias|Draining Kiss|p1a: Jirachi
|-resisted|p1a: Jirachi
|-damage|p1a: Jirachi|54/100
|-heal|p2a: Latias|39/100|[from] drain|[of] p1a: Jirachi
|move|p1a: Jirachi|Cosmic Power|p1a: Jirachi
|-boost|p1a: Jirachi|def|1
|-boost|p1a: Jirachi|spd|1
|
|-heal|p1a: Jirachi|60/100|[from] item: Leftovers
|upkeep
|turn|17
|
|t:|1760870610
|switch|p2a: Rillaboom|Rillaboom, F|100/100
|-activate|p2a: Rillaboom|move: Sticky Web
|-unboost|p2a: Rillaboom|spe|1
|-fieldstart|move: Grassy Terrain|[from] ability: Grassy Surge|[of] p2a: Rillaboom
|move|p1a: Jirachi|Iron Head|p2a: Rillaboom
|-damage|p2a: Rillaboom|55/100
|
|-heal|p1a: Jirachi|66/100|[from] Grassy Terrain
|-heal|p1a: Jirachi|72/100|[from] item: Leftovers
|-heal|p2a: Rillaboom|61/100|[from] Grassy Terrain
|upkeep
|turn|18
|
|t:|1760870624
|move|p1a: Jirachi|Ice Punch|p2a: Rillaboom
|-supereffective|p2a: Rillaboom
|-damage|p2a: Rillaboom|15/100
|move|p2a: Rillaboom|Drain Punch|p1a: Jirachi
|-supereffective|p1a: Jirachi
|-damage|p1a: Jirachi|20/100
|-heal|p2a: Rillaboom|43/100|[from] drain|[of] p1a: Jirachi
|
|-heal|p1a: Jirachi|26/100|[from] Grassy Terrain
|-heal|p1a: Jirachi|32/100|[from] item: Leftovers
|-heal|p2a: Rillaboom|49/100|[from] Grassy Terrain
|upkeep
|turn|19
|
|t:|1760870636
|move|p1a: Jirachi|Ice Punch|p2a: Rillaboom
|-supereffective|p2a: Rillaboom
|-damage|p2a: Rillaboom|5/100
|move|p2a: Rillaboom|Drain Punch|p1a: Jirachi
|-supereffective|p1a: Jirachi
|-damage|p1a: Jirachi|0 fnt
|-heal|p2a: Rillaboom|22/100|[from] drain|[of] p1a: Jirachi
|faint|p1a: Jirachi
|
|-heal|p2a: Rillaboom|28/100|[from] Grassy Terrain
|upkeep
|
|t:|1760870648
|switch|p1a: Moltres|Moltres, shiny|100/100
|turn|20
|
|t:|1760870654
|switch|p2a: Slowking|Slowking-Galar, M|100/100
|move|p1a: Moltres|Will-O-Wisp|p2a: Slowking
|-status|p2a: Slowking|brn
|
|-damage|p2a: Slowking|94/100 brn|[from] brn
|upkeep
|turn|21
|
|t:|1760870665
|move|p1a: Moltres|Scorching Sands|p2a: Slowking
|-supereffective|p2a: Slowking
|-damage|p2a: Slowking|59/100 brn
|move|p2a: Slowking|Future Sight|p1a: Moltres
|-start|p2a: Slowking|move: Future Sight
|
|-heal|p2a: Slowking|65/100 brn|[from] Grassy Terrain
|-damage|p2a: Slowking|59/100 brn|[from] brn
|-fieldend|move: Grassy Terrain
|upkeep
|turn|22
|
|t:|1760870676
|switch|p2a: Latias|Latias, F, tera:Fairy|39/100
|move|p1a: Moltres|Air Slash|p2a: Latias
|-damage|p2a: Latias|9/100
|
|upkeep
|turn|23
|
|t:|1760870685
|move|p2a: Latias|Draining Kiss|p1a: Moltres
|-resisted|p1a: Moltres
|-damage|p1a: Moltres|89/100
|-heal|p2a: Latias|18/100|[from] drain|[of] p1a: Moltres
|-status|p2a: Latias|brn|[from] ability: Flame Body|[of] p1a: Moltres
|move|p1a: Moltres|Air Slash|p2a: Latias
|-damage|p2a: Latias|0 fnt
|faint|p2a: Latias
|
|-end|p1a: Moltres|move: Future Sight
|-damage|p1a: Moltres|38/100
|upkeep
|
|t:|1760870701
|switch|p2a: Slowking|Slowking-Galar, M|93/100 brn
|turn|24
|
|t:|1760870704
|move|p1a: Moltres|Scorching Sands|p2a: Slowking
|-supereffective|p2a: Slowking
|-damage|p2a: Slowking|57/100 brn
|move|p2a: Slowking|Sludge Wave|p1a: Moltres
|-damage|p1a: Moltres|0 fnt
|faint|p1a: Moltres
|
|-damage|p2a: Slowking|50/100 brn|[from] brn
|upkeep
|
|t:|1760870714
|switch|p1a: Great Tusk|Great Tusk, shiny|2/100
|turn|25
|
|t:|1760870718
|move|p1a: Great Tusk|Headlong Rush|p2a: Slowking
|-supereffective|p2a: Slowking
|-damage|p2a: Slowking|0 fnt
|-unboost|p1a: Great Tusk|def|1
|-unboost|p1a: Great Tusk|spd|1
|faint|p2a: Slowking
|
|upkeep
|
|t:|1760870725
|switch|p2a: Rillaboom|Rillaboom, F|28/100
|-activate|p2a: Rillaboom|move: Sticky Web
|-unboost|p2a: Rillaboom|spe|1
|-fieldstart|move: Grassy Terrain|[from] ability: Grassy Surge|[of] p2a: Rillaboom
|turn|26
|
|t:|1760870731
|move|p2a: Rillaboom|Grassy Glide|p1a: Great Tusk
|-supereffective|p1a: Great Tusk
|-damage|p1a: Great Tusk|0 fnt
|faint|p1a: Great Tusk
|-end|p1a: Great Tusk|Protosynthesis|[silent]
|
|win|Chipcaol
|raw|Spgdd's rating: 1193 &rarr; <strong>1170</strong><br />(-23 for losing)
|raw|Chipcaol's rating: 1225 &rarr; <strong>1248</strong><br />(+23 for winning)
|c|☆Chipcaol|gg
|l|☆Spgdd
|player|p1|
|j|☆Spgdd
|player|p1|Spgdd|hilda-masters3|
|l|☆Chipcaol
|player|p2|
|l|☆Spgdd
|player|p1|
