|j|☆Ayaan0121
|j|☆mozzohman
|t:|1760791916
|gametype|singles
|player|p1|Ayaan0121|169|1058
|player|p2|mozzohman|red|1111
|gen|9
|tier|[Gen 9] OU
|rated|
|rule|HP Percentage Mod: HP is shown in percentages
|rule|Endless Battle Clause: Forcing endless battles is banned
|rule|Species Clause: Limit one of each Pokémon
|rule|OHKO Clause: OHKO moves are banned
|rule|Evasion Items Clause: Evasion items are banned
|rule|Evasion Moves Clause: Evasion moves are banned
|rule|Evasion Abilities Clause: Evasion abilities are banned
|rule|Sleep Moves Clause: Sleep-inducing moves are banned
|clearpoke
|poke|p1|Pikachu-Partner, M|
|poke|p1|Charizard, F|
|poke|p1|Greninja-*, M|
|poke|p1|Decidueye, M|
|poke|p1|Lucario, M|
|poke|p1|Glimmora, M|
|poke|p2|Excadrill, F|
|poke|p2|Serperior, M|
|poke|p2|Azelf|
|poke|p2|Dragonite, F|
|poke|p2|Kingambit, F|
|poke|p2|Iron Moth|
|teampreview
|
|t:|1760791927
|teamsize|p1|6
|teamsize|p2|6
|start
|switch|p1a: Glimmora|Glimmora, M, shiny|100/100
|switch|p2a: Suicide Bomber|Azelf|100/100
|turn|1
|
|t:|1760791933
|move|p2a: Suicide Bomber|Stealth Rock|p1a: Glimmora
|-sidestart|p1: Ayaan0121|move: Stealth Rock
|move|p1a: Glimmora|Spikes|p2a: Suicide Bomber
|-sidestart|p2: mozzohman|Spikes
|
|upkeep
|turn|2
|
|t:|1760791937
|move|p2a: Suicide Bomber|Explosion|p1a: Glimmora
|-resisted|p1a: Glimmora
|-damage|p1a: Glimmora|56/100
|-activate|p1a: Glimmora|ability: Toxic Debris
|-sidestart|p2: mozzohman|move: Toxic Spikes
|faint|p2a: Suicide Bomber
|move|p1a: Glimmora|Spikes|p2: Suicide Bomber
|-sidestart|p2: mozzohman|Spikes
|
|-heal|p1a: Glimmora|62/100|[from] item: Leftovers
|upkeep
|
|t:|1760791954
|switch|p2a: Bob the Digger|Excadrill, F|100/100
|-damage|p2a: Bob the Digger|84/100|[from] Spikes
|-ability|p2a: Bob the Digger|Mold Breaker
|turn|3
|
|t:|1760791964
|move|p2a: Bob the Digger|Earthquake|p1a: Glimmora
|-supereffective|p1a: Glimmora
|-damage|p1a: Glimmora|0 fnt
|-activate|p1a: Glimmora|ability: Toxic Debris
|-sidestart|p2: mozzohman|move: Toxic Spikes
|faint|p1a: Glimmora
|
|-heal|p2a: Bob the Digger|90/100|[from] item: Leftovers
|upkeep
|
|t:|1760791982
|switch|p1a: Charizard|Charizard, F|100/100
|-damage|p1a: Charizard|51/100|[from] Stealth Rock
|turn|4
|
|t:|1760791999
|move|p2a: Bob the Digger|Iron Head|p1a: Charizard
|-resisted|p1a: Charizard
|-damage|p1a: Charizard|29/100
|move|p1a: Charizard|Fire Blast|p2a: Bob the Digger
|-supereffective|p2a: Bob the Digger
|-damage|p2a: Bob the Digger|0 fnt
|faint|p2a: Bob the Digger
|
|-heal|p1a: Charizard|35/100|[from] item: Leftovers
|upkeep
|
|t:|1760792010
|switch|p2a: King Von|Kingambit, F|100/100
|-damage|p2a: King Von|84/100|[from] Spikes
|-activate|p2a: King Von|ability: Supreme Overlord
|-start|p2a: King Von|fallen2|[silent]
|turn|5
|
|t:|1760792017
|move|p2a: King Von|Sucker Punch|p1a: Charizard
|-damage|p1a: Charizard|0 fnt
|faint|p1a: Charizard
|
|-heal|p2a: King Von|90/100|[from] item: Leftovers
|upkeep
|
|t:|1760792023
|switch|p1a: Lucario|Lucario, M|100/100
|-damage|p1a: Lucario|98/100|[from] Stealth Rock
|turn|6
|
|t:|1760792028
|-terastallize|p1a: Lucario|Fighting
|move|p1a: Lucario|Aura Sphere|p2a: King Von
|-supereffective|p2a: King Von
|-damage|p2a: King Von|0 fnt
|faint|p2a: King Von
|-end|p2a: King Von|fallen2|[silent]
|
|-heal|p1a: Lucario|100/100|[from] item: Leftovers
|upkeep
|
|t:|1760792046
|switch|p2a: Spitroast|Iron Moth|100/100
|-damage|p2a: Spitroast|84/100|[from] Spikes
|-sideend|p2: mozzohman|move: Toxic Spikes|[of] p2a: Spitroast
|-enditem|p2a: Spitroast|Booster Energy
|-activate|p2a: Spitroast|ability: Quark Drive|[fromitem]
|-start|p2a: Spitroast|quarkdrivespe
|turn|7
|
|t:|1760792064
|switch|p1a: Greninja|Greninja, M|100/100
|-damage|p1a: Greninja|88/100|[from] Stealth Rock
|move|p2a: Spitroast|Fiery Dance|p1a: Greninja
|-resisted|p1a: Greninja
|-damage|p1a: Greninja|63/100
|-boost|p2a: Spitroast|spa|1
|
|-heal|p1a: Greninja|70/100|[from] item: Leftovers
|upkeep
|turn|8
|
|t:|1760792081
|move|p2a: Spitroast|Dazzling Gleam|p1a: Greninja
|-supereffective|p1a: Greninja
|-damage|p1a: Greninja|0 fnt
|faint|p1a: Greninja
|
|upkeep
|
|t:|1760792089
|switch|p1a: Pikachu|Pikachu-Partner, M|100/100
|-damage|p1a: Pikachu|88/100|[from] Stealth Rock
|turn|9
|
|t:|1760792106
|move|p2a: Spitroast|Sludge Wave|p1a: Pikachu
|-damage|p1a: Pikachu|0 fnt
|faint|p1a: Pikachu
|
|upkeep
|
|t:|1760792112
|switch|p1a: Lucario|Lucario, M, tera:Fighting|100/100
|-damage|p1a: Lucario|94/100|[from] Stealth Rock
|turn|10
|
|t:|1760792117
|move|p2a: Spitroast|Fiery Dance|p1a: Lucario
|-damage|p1a: Lucario|4/100
|-boost|p2a: Spitroast|spa|1
|move|p1a: Lucario|Aura Sphere|p2a: Spitroast
|-resisted|p2a: Spitroast
|-damage|p2a: Spitroast|61/100
|
|-heal|p1a: Lucario|10/100|[from] item: Leftovers
|upkeep
|turn|11
|
|t:|1760792126
|move|p2a: Spitroast|Fiery Dance|p1a: Lucario
|-damage|p1a: Lucario|0 fnt
|-boost|p2a: Spitroast|spa|1
|faint|p1a: Lucario
|
|upkeep
|
|t:|1760792131
|switch|p1a: Decidueye|Decidueye, M|100/100
|-damage|p1a: Decidueye|88/100|[from] Stealth Rock
|turn|12
|
|t:|1760792143
|move|p2a: Spitroast|Fiery Dance|p1a: Decidueye
|-supereffective|p1a: Decidueye
|-damage|p1a: Decidueye|0 fnt
|-boost|p2a: Spitroast|spa|1
|faint|p1a: Decidueye
|
|win|mozzohman
|raw|Ayaan0121's rating: 1058 &rarr; <strong>1042</strong><br />(-16 for losing)
|raw|mozzohman's rating: 1111 &rarr; <strong>1132</strong><br />(+21 for winning)
|l|☆Ayaan0121
|player|p1|
|l|☆mozzohman
|player|p2|
