|j|☆cumax539
|j|☆der grosse Z
|inactive|Battle timer is ON: inactive players will automatically lose when time's up.
|t:|1760781990
|gametype|singles
|player|p1|cumax539|169|
|player|p2|der grosse Z|gambler|
|gen|9
|tier|[Gen 9] OU
|rated|Tournament battle
|rule|HP Percentage Mod: HP is shown in percentages
|rule|Endless Battle Clause: Forcing endless battles is banned
|rule|Species Clause: Limit one of each Pokémon
|rule|OHKO Clause: OHKO moves are banned
|rule|Evasion Items Clause: Evasion items are banned
|rule|Evasion Moves Clause: Evasion moves are banned
|rule|Evasion Abilities Clause: Evasion abilities are banned
|rule|Sleep Moves Clause: Sleep-inducing moves are banned
|clearpoke
|poke|p1|Kyurem|
|poke|p1|Corviknight, M|
|poke|p1|Ting-Lu|
|poke|p1|Dondozo, M|
|poke|p1|Slowking-Galar, L99, F|
|poke|p1|Cinderace, M|
|poke|p2|Samurott-Hisui, M|
|poke|p2|Iron Valiant|
|poke|p2|Gholdengo|
|poke|p2|Kingambit, M|
|poke|p2|Ogerpon-Wellspring, F|
|poke|p2|Zamazenta-*|
|teampreview
|j|*Lady Monita ☀
|j| BB-8-NU
|
|t:|1760782018
|teamsize|p1|6
|teamsize|p2|6
|start
|switch|p1a: Cinderace|Cinderace, M|100/100
|switch|p2a: Samurott|Samurott-Hisui, M|100/100
|turn|1
|inactive|der grosse Z has 120 seconds left.
|inactive|der grosse Z has 90 seconds left.
|
|t:|1760782092
|move|p1a: Cinderace|U-turn|p2a: Samurott
|-supereffective|p2a: Samurott
|-damage|p2a: Samurott|53/100
|
|t:|1760782096
|switch|p1a: Dondozo|Dondozo, M|100/100|[from] U-turn
|move|p2a: Samurott|Ceaseless Edge|p1a: Dondozo
|-damage|p1a: Dondozo|80/100
|-sidestart|p1: cumax539|Spikes
|
|-heal|p1a: Dondozo|86/100|[from] item: Leftovers
|upkeep
|turn|2
|inactive|der grosse Z has 90 seconds left.
|
|t:|1760782109
|move|p2a: Samurott|Ceaseless Edge|p1a: Dondozo
|-damage|p1a: Dondozo|66/100
|-sidestart|p1: cumax539|Spikes
|move|p1a: Dondozo|Body Press|p2a: Samurott
|-supereffective|p2a: Samurott
|-crit|p2a: Samurott
|-damage|p2a: Samurott|0 fnt
|faint|p2a: Samurott
|
|-heal|p1a: Dondozo|72/100|[from] item: Leftovers
|upkeep
|
|t:|1760782115
|switch|p2a: Iron Valiant|Iron Valiant|100/100
|-enditem|p2a: Iron Valiant|Booster Energy
|-activate|p2a: Iron Valiant|ability: Quark Drive|[fromitem]
|-start|p2a: Iron Valiant|quarkdrivespe
|turn|3
|
|t:|1760782123
|switch|p1a: Slowking|Slowking-Galar, L99, F|100/100
|move|p2a: Iron Valiant|Calm Mind|p2a: Iron Valiant
|-boost|p2a: Iron Valiant|spa|1
|-boost|p2a: Iron Valiant|spd|1
|
|upkeep
|turn|4
|
|t:|1760782132
|-terastallize|p2a: Iron Valiant|Ghost
|move|p2a: Iron Valiant|Calm Mind|p2a: Iron Valiant
|-boost|p2a: Iron Valiant|spa|1
|-boost|p2a: Iron Valiant|spd|1
|move|p1a: Slowking|Sludge Bomb|p2a: Iron Valiant
|-resisted|p2a: Iron Valiant
|-damage|p2a: Iron Valiant|87/100
|
|upkeep
|turn|5
|j| Karagiannakis
|
|t:|1760782140
|-terastallize|p1a: Slowking|Water
|move|p2a: Iron Valiant|Shadow Ball|p1a: Slowking
|-damage|p1a: Slowking|53/100
|move|p1a: Slowking|Toxic|p2a: Iron Valiant
|-status|p2a: Iron Valiant|tox
|
|-damage|p2a: Iron Valiant|81/100 tox|[from] psn
|upkeep
|turn|6
|j| a cool noivern
|
|t:|1760782151
|switch|p1a: Dondozo|Dondozo, M|72/100
|-damage|p1a: Dondozo|56/100|[from] Spikes
|move|p2a: Iron Valiant|Moonblast|p1a: Dondozo
|-damage|p1a: Dondozo|14/100
|-unboost|p1a: Dondozo|spa|1
|
|-heal|p1a: Dondozo|21/100|[from] item: Leftovers
|-damage|p2a: Iron Valiant|69/100 tox|[from] psn
|upkeep
|turn|7
|l| a cool noivern
|
|t:|1760782155
|move|p2a: Iron Valiant|Moonblast|p1a: Dondozo
|-damage|p1a: Dondozo|0 fnt
|faint|p1a: Dondozo
|
|-damage|p2a: Iron Valiant|50/100 tox|[from] psn
|upkeep
|
|t:|1760782160
|switch|p1a: Corviknight|Corviknight, M|100/100
|-ability|p1a: Corviknight|Pressure
|turn|8
|
|t:|1760782164
|switch|p1a: Ting-Lu|Ting-Lu|100/100
|-damage|p1a: Ting-Lu|84/100|[from] Spikes
|-ability|p1a: Ting-Lu|Vessel of Ruin
|move|p2a: Iron Valiant|Shadow Ball|p1a: Ting-Lu
|-resisted|p1a: Ting-Lu
|-damage|p1a: Ting-Lu|69/100
|
|-heal|p1a: Ting-Lu|75/100|[from] item: Leftovers
|-damage|p2a: Iron Valiant|25/100 tox|[from] psn
|upkeep
|turn|9
|
|t:|1760782170
|switch|p1a: Slowking|Slowking-Galar, L99, F, tera:Water|86/100
|move|p2a: Iron Valiant|Moonblast|p1a: Slowking
|-damage|p1a: Slowking|26/100
|
|-damage|p2a: Iron Valiant|0 fnt|[from] psn
|faint|p2a: Iron Valiant
|-end|p2a: Iron Valiant|Quark Drive|[silent]
|upkeep
|j| 8ased
|inactive|der grosse Z has 120 seconds left.
|
|t:|1760782206
|switch|p2a: Ogerpon|Ogerpon-Wellspring, F|100/100
|turn|10
|
|t:|1760782211
|switch|p1a: Kyurem|Kyurem|100/100
|-damage|p1a: Kyurem|84/100|[from] Spikes
|-ability|p1a: Kyurem|Pressure
|move|p2a: Ogerpon|Power Whip|p1a: Kyurem
|-resisted|p1a: Kyurem
|-damage|p1a: Kyurem|50/100
|
|-heal|p1a: Kyurem|57/100|[from] item: Leftovers
|upkeep
|turn|11
|
|t:|1760782219
|move|p2a: Ogerpon|Play Rough|p1a: Kyurem
|-supereffective|p1a: Kyurem
|-damage|p1a: Kyurem|0 fnt
|faint|p1a: Kyurem
|
|upkeep
|
|t:|1760782226
|switch|p1a: Cinderace|Cinderace, M|100/100
|turn|12
|
|t:|1760782229
|move|p1a: Cinderace|Will-O-Wisp|p2a: Ogerpon
|-status|p2a: Ogerpon|brn
|move|p2a: Ogerpon|Ivy Cudgel|p1a: Cinderace|[anim] Ivy Cudgel Water
|-supereffective|p1a: Cinderace
|-damage|p1a: Cinderace|28/100
|
|-damage|p2a: Ogerpon|95/100 brn|[from] brn
|upkeep
|turn|13
|
|t:|1760782233
|move|p1a: Cinderace|Court Change|p1a: Cinderace
|-swapsideconditions
|-activate|p1a: Cinderace|move: Court Change
|move|p2a: Ogerpon|Ivy Cudgel|p1a: Cinderace|[anim] Ivy Cudgel Water
|-supereffective|p1a: Cinderace
|-damage|p1a: Cinderace|0 fnt
|faint|p1a: Cinderace
|
|-damage|p2a: Ogerpon|89/100 brn|[from] brn
|upkeep
|
|t:|1760782237
|switch|p1a: Slowking|Slowking-Galar, L99, F, tera:Water|60/100
|turn|14
|j| a cool noivern
|
|t:|1760782241
|switch|p1a: Corviknight|Corviknight, M|100/100
|-ability|p1a: Corviknight|Pressure
|move|p2a: Ogerpon|Power Whip|p1a: Corviknight
|-resisted|p1a: Corviknight
|-damage|p1a: Corviknight|96/100
|-damage|p2a: Ogerpon|72/100 brn|[from] item: Rocky Helmet|[of] p1a: Corviknight
|
|-damage|p2a: Ogerpon|66/100 brn|[from] brn
|upkeep
|turn|15
|l| a cool noivern
|
|t:|1760782244
|switch|p2a: Gholdengo|Gholdengo|100/100
|-item|p2a: Gholdengo|Air Balloon
|move|p1a: Corviknight|U-turn|p2a: Gholdengo
|-resisted|p2a: Gholdengo
|-damage|p2a: Gholdengo|97/100
|-enditem|p2a: Gholdengo|Air Balloon
|j| CM Punk of PS
|
|t:|1760782250
|switch|p1a: Ting-Lu|Ting-Lu|75/100|[from] U-turn
|-ability|p1a: Ting-Lu|Vessel of Ruin
|
|-heal|p1a: Ting-Lu|81/100|[from] item: Leftovers
|upkeep
|turn|16
|
|t:|1760782256
|switch|p2a: Zamazenta|Zamazenta|100/100
|-damage|p2a: Zamazenta|84/100|[from] Spikes
|-ability|p2a: Zamazenta|Dauntless Shield|boost
|-boost|p2a: Zamazenta|def|1
|move|p1a: Ting-Lu|Earthquake|p2a: Zamazenta
|-damage|p2a: Zamazenta|66/100
|
|-heal|p2a: Zamazenta|72/100|[from] item: Leftovers
|-heal|p1a: Ting-Lu|87/100|[from] item: Leftovers
|upkeep
|turn|17
|
|t:|1760782261
|switch|p1a: Corviknight|Corviknight, M|96/100
|-ability|p1a: Corviknight|Pressure
|move|p2a: Zamazenta|Body Press|p1a: Corviknight
|-damage|p1a: Corviknight|59/100
|-damage|p2a: Zamazenta|55/100|[from] item: Rocky Helmet|[of] p1a: Corviknight
|
|-heal|p2a: Zamazenta|61/100|[from] item: Leftovers
|upkeep
|turn|18
|
|t:|1760782266
|move|p2a: Zamazenta|Iron Defense|p2a: Zamazenta
|-boost|p2a: Zamazenta|def|2
|move|p1a: Corviknight|Roost|p1a: Corviknight
|-heal|p1a: Corviknight|100/100
|-singleturn|p1a: Corviknight|move: Roost
|
|-heal|p2a: Zamazenta|67/100|[from] item: Leftovers
|upkeep
|turn|19
|
|t:|1760782271
|move|p2a: Zamazenta|Body Press|p1a: Corviknight
|-damage|p1a: Corviknight|41/100
|-damage|p2a: Zamazenta|51/100|[from] item: Rocky Helmet|[of] p1a: Corviknight
|move|p1a: Corviknight|Brave Bird|p2a: Zamazenta
|-supereffective|p2a: Zamazenta
|-damage|p2a: Zamazenta|29/100
|-damage|p1a: Corviknight|35/100|[from] Recoil
|
|-heal|p2a: Zamazenta|35/100|[from] item: Leftovers
|upkeep
|turn|20
|
|t:|1760782278
|move|p2a: Zamazenta|Body Press|p1a: Corviknight
|-damage|p1a: Corviknight|0 fnt
|-damage|p2a: Zamazenta|19/100|[from] item: Rocky Helmet|[of] p1a: Corviknight
|faint|p1a: Corviknight
|
|-heal|p2a: Zamazenta|25/100|[from] item: Leftovers
|upkeep
|
|t:|1760782280
|switch|p1a: Slowking|Slowking-Galar, L99, F, tera:Water|93/100
|turn|21
|
|t:|1760782284
|move|p2a: Zamazenta|Body Press|p1a: Slowking
|-damage|p1a: Slowking|0 fnt
|faint|p1a: Slowking
|
|-heal|p2a: Zamazenta|31/100|[from] item: Leftovers
|upkeep
|
|t:|1760782288
|switch|p1a: Ting-Lu|Ting-Lu|87/100
|-ability|p1a: Ting-Lu|Vessel of Ruin
|turn|22
|c|☆cumax539|gg
|
|t:|1760782295
|move|p2a: Zamazenta|Body Press|p1a: Ting-Lu
|-supereffective|p1a: Ting-Lu
|-damage|p1a: Ting-Lu|0 fnt
|faint|p1a: Ting-Lu
|
|win|der grosse Z
|n|☆cumax539|cumax539
|n|☆der grosse Z|dergrossez
|n|*Lady Monita ☀|ladymonita
|n| BB-8-NU|bb8nu
|n| Karagiannakis|karagiannakis
|n| 8ased|8ased
|n| CM Punk of PS|cmpunkofps
|l|*Lady Monita ☀
