|j|☆Maxacality
|j|☆LorySobby10
|t:|1760733444
|gametype|singles
|player|p1|Maxacality|brycenman|1271
|player|p2|LorySobby10|elio|1310
|gen|9
|tier|[Gen 9] OU
|rated|
|rule|HP Percentage Mod: HP is shown in percentages
|rule|Endless Battle Clause: Forcing endless battles is banned
|rule|Species Clause: Limit one of each Pokémon
|rule|OHKO Clause: OHKO moves are banned
|rule|Evasion Items Clause: Evasion items are banned
|rule|Evasion Moves Clause: Evasion moves are banned
|rule|Evasion Abilities Clause: Evasion abilities are banned
|rule|Sleep Moves Clause: Sleep-inducing moves are banned
|clearpoke
|poke|p1|Blastoise, M|
|poke|p1|Cloyster, F|
|poke|p1|Torterra, F|
|poke|p1|Minior|
|poke|p1|Polteageist|
|poke|p1|Magcargo, M|
|poke|p2|Jolteon, M|
|poke|p2|Slowking-Galar, F|
|poke|p2|Great Tusk|
|poke|p2|Moltres|
|poke|p2|Kingambit, F|
|poke|p2|Hydrapple, F|
|teampreview
|inactive|Battle timer is ON: inactive players will automatically lose when time's up. (requested by Maxacality)
|
|t:|1760733463
|teamsize|p1|6
|teamsize|p2|6
|start
|switch|p1a: Torterra|Torterra, F|100/100
|switch|p2a: Elon Tusk|Great Tusk|100/100
|turn|1
|
|t:|1760733468
|move|p1a: Torterra|Shell Smash|p1a: Torterra
|-unboost|p1a: Torterra|def|1
|-unboost|p1a: Torterra|spd|1
|-boost|p1a: Torterra|atk|2
|-boost|p1a: Torterra|spa|2
|-boost|p1a: Torterra|spe|2
|move|p2a: Elon Tusk|Ice Spinner|p1a: Torterra
|-supereffective|p1a: Torterra
|-damage|p1a: Torterra|0 fnt
|faint|p1a: Torterra
|
|upkeep
|
|t:|1760733476
|switch|p1a: Blastoise|Blastoise, M|100/100
|turn|2
|
|t:|1760733486
|move|p1a: Blastoise|Shell Smash|p1a: Blastoise
|-unboost|p1a: Blastoise|def|1
|-unboost|p1a: Blastoise|spd|1
|-boost|p1a: Blastoise|atk|2
|-boost|p1a: Blastoise|spa|2
|-boost|p1a: Blastoise|spe|2
|move|p2a: Elon Tusk|Stealth Rock|p1a: Blastoise
|-sidestart|p1: Maxacality|move: Stealth Rock
|
|upkeep
|turn|3
|
|t:|1760733494
|move|p1a: Blastoise|Water Spout|p2a: Elon Tusk
|-supereffective|p2a: Elon Tusk
|-damage|p2a: Elon Tusk|0 fnt
|faint|p2a: Elon Tusk
|-end|p2a: Elon Tusk|Protosynthesis|[silent]
|
|upkeep
|
|t:|1760733500
|switch|p2a: Slow down man|Slowking-Galar, F|100/100
|turn|4
|
|t:|1760733505
|move|p1a: Blastoise|Dark Pulse|p2a: Slow down man
|-supereffective|p2a: Slow down man
|-damage|p2a: Slow down man|55/100
|move|p2a: Slow down man|Sludge Bomb|p1a: Blastoise
|-damage|p1a: Blastoise|35/100
|
|upkeep
|turn|5
|
|t:|1760733516
|move|p1a: Blastoise|Water Spout|p2a: Slow down man
|-damage|p2a: Slow down man|35/100
|move|p2a: Slow down man|Sludge Bomb|p1a: Blastoise
|-damage|p1a: Blastoise|0 fnt
|faint|p1a: Blastoise
|
|upkeep
|
|t:|1760733523
|switch|p1a: Magcargo|Magcargo, M|100/100
|turn|6
|
|t:|1760733529
|move|p1a: Magcargo|Shell Smash|p1a: Magcargo
|-unboost|p1a: Magcargo|def|1
|-unboost|p1a: Magcargo|spd|1
|-boost|p1a: Magcargo|atk|2
|-boost|p1a: Magcargo|spa|2
|-boost|p1a: Magcargo|spe|2
|move|p2a: Slow down man|Sludge Bomb|p1a: Magcargo
|-resisted|p1a: Magcargo
|-damage|p1a: Magcargo|55/100
|
|upkeep
|turn|7
|
|t:|1760733535
|move|p1a: Magcargo|Scorching Sands|p2a: Slow down man
|-supereffective|p2a: Slow down man
|-damage|p2a: Slow down man|0 fnt
|faint|p2a: Slow down man
|
|upkeep
|
|t:|1760733542
|switch|p2a: Jolt Shenanigans|Jolteon, M|100/100
|turn|8
|
|t:|1760733546
|move|p2a: Jolt Shenanigans|Thunderbolt|p1a: Magcargo
|-damage|p1a: Magcargo|0 fnt
|faint|p1a: Magcargo
|
|upkeep
|
|t:|1760733551
|switch|p1a: Cloyster|Cloyster, F|100/100
|-damage|p1a: Cloyster|76/100|[from] Stealth Rock
|turn|9
|
|t:|1760733556
|-terastallize|p1a: Cloyster|Dark
|move|p2a: Jolt Shenanigans|Thunderbolt|p1a: Cloyster
|-damage|p1a: Cloyster|0 fnt
|faint|p1a: Cloyster
|
|upkeep
|
|t:|1760733560
|switch|p1a: Polteageist|Polteageist|100/100
|-damage|p1a: Polteageist|88/100|[from] Stealth Rock
|turn|10
|
|t:|1760733564
|move|p2a: Jolt Shenanigans|Thunderbolt|p1a: Polteageist
|-damage|p1a: Polteageist|43/100
|move|p1a: Polteageist|Shell Smash|p1a: Polteageist
|-unboost|p1a: Polteageist|def|1
|-unboost|p1a: Polteageist|spd|1
|-boost|p1a: Polteageist|atk|2
|-boost|p1a: Polteageist|spa|2
|-boost|p1a: Polteageist|spe|2
|-enditem|p1a: Polteageist|White Herb
|-clearnegativeboost|p1a: Polteageist|[silent]
|
|upkeep
|turn|11
|
|t:|1760733570
|move|p1a: Polteageist|Giga Drain|p2a: Jolt Shenanigans
|-damage|p2a: Jolt Shenanigans|26/100
|-heal|p1a: Polteageist|82/100|[from] drain|[of] p2a: Jolt Shenanigans
|move|p2a: Jolt Shenanigans|Volt Switch|p1a: Polteageist
|-damage|p1a: Polteageist|47/100
|
|t:|1760733575
|switch|p2a: Shogun|Kingambit, F|100/100|[from] Volt Switch
|-activate|p2a: Shogun|ability: Supreme Overlord
|-start|p2a: Shogun|fallen2|[silent]
|
|upkeep
|turn|12
|
|t:|1760733580
|move|p1a: Polteageist|Shell Smash|p1a: Polteageist
|-unboost|p1a: Polteageist|def|1
|-unboost|p1a: Polteageist|spd|1
|-boost|p1a: Polteageist|atk|2
|-boost|p1a: Polteageist|spa|2
|-boost|p1a: Polteageist|spe|2
|move|p2a: Shogun|Kowtow Cleave|p1a: Polteageist
|-supereffective|p1a: Polteageist
|-damage|p1a: Polteageist|0 fnt
|faint|p1a: Polteageist
|
|upkeep
|
|t:|1760733582
|switch|p1a: Minior|Minior|100/100
|-damage|p1a: Minior|76/100|[from] Stealth Rock
|-formechange|p1a: Minior|Minior-Meteor||[from] ability: Shields Down
|turn|13
|-message|Maxacality forfeited.
|
|win|LorySobby10
|raw|Maxacality's rating: 1271 &rarr; <strong>1249</strong><br />(-22 for losing)
|raw|LorySobby10's rating: 1310 &rarr; <strong>1328</strong><br />(+18 for winning)
|l|☆Maxacality
|player|p1|
|l|☆LorySobby10
|player|p2|
