|j|☆5afqkan
|j|☆58077803aco
|t:|1760862072
|gametype|singles
|player|p1|5afqkan|102|1103
|player|p2|58077803aco|n|1087
|gen|9
|tier|[Gen 9] OU
|rated|
|rule|HP Percentage Mod: HP is shown in percentages
|rule|Endless Battle Clause: Forcing endless battles is banned
|rule|Species Clause: Limit one of each Pokémon
|rule|OHKO Clause: OHKO moves are banned
|rule|Evasion Items Clause: Evasion items are banned
|rule|Evasion Moves Clause: Evasion moves are banned
|rule|Evasion Abilities Clause: Evasion abilities are banned
|rule|Sleep Moves Clause: Sleep-inducing moves are banned
|clearpoke
|poke|p1|Magnezone|
|poke|p1|Torterra, M|
|poke|p1|Mimikyu, M|
|poke|p1|Weavile, F|
|poke|p1|Keldeo-Resolute|
|poke|p1|Moltres|
|poke|p2|Typhlosion, M|
|poke|p2|Scizor, M|
|poke|p2|Ampharos, F|
|poke|p2|Tyranitar, F|
|poke|p2|Azumarill, F|
|poke|p2|Espeon, M|
|teampreview
|
|t:|1760862075
|teamsize|p1|6
|teamsize|p2|6
|start
|switch|p1a: Weavile|Weavile, F|100/100
|switch|p2a: Ampharos|Ampharos, F|100/100
|-ability|p1a: Weavile|Pressure
|turn|1
|
|t:|1760862084
|move|p1a: Weavile|Icicle Crash|p2a: Ampharos
|-damage|p2a: Ampharos|58/100
|move|p2a: Ampharos|Cotton Guard|p2a: Ampharos
|-boost|p2a: Ampharos|def|3
|
|-heal|p2a: Ampharos|64/100|[from] item: Leftovers
|upkeep
|turn|2
|
|t:|1760862096
|move|p1a: Weavile|Knock Off|p2a: Ampharos
|-damage|p2a: Ampharos|44/100
|-enditem|p2a: Ampharos|Leftovers|[from] move: Knock Off|[of] p1a: Weavile
|move|p2a: Ampharos|Meteor Beam||[still]
|-prepare|p2a: Ampharos|Meteor Beam
|-boost|p2a: Ampharos|spa|1
|
|upkeep
|turn|3
|
|t:|1760862107
|move|p1a: Weavile|Poison Jab|p2a: Ampharos
|-damage|p2a: Ampharos|33/100
|move|p2a: Ampharos|Meteor Beam|p1a: Weavile|[from] lockedmove
|-supereffective|p1a: Weavile
|-enditem|p1a: Weavile|Focus Sash
|-damage|p1a: Weavile|1/100
|
|upkeep
|turn|4
|
|t:|1760862116
|move|p1a: Weavile|Poison Jab|p2a: Ampharos
|-damage|p2a: Ampharos|22/100
|-status|p2a: Ampharos|psn
|-status|p1a: Weavile|par|[from] ability: Static|[of] p2a: Ampharos
|move|p2a: Ampharos|Dragon Pulse|p1a: Weavile
|-damage|p1a: Weavile|0 fnt
|faint|p1a: Weavile
|
|-damage|p2a: Ampharos|9/100 psn|[from] psn
|upkeep
|
|t:|1760862123
|switch|p1a: Mimikyu|Mimikyu, M|100/100
|turn|5
|
|t:|1760862132
|move|p1a: Mimikyu|Swords Dance|p1a: Mimikyu
|-boost|p1a: Mimikyu|atk|2
|move|p2a: Ampharos|Thunder|p1a: Mimikyu
|-activate|p1a: Mimikyu|ability: Disguise
|-damage|p1a: Mimikyu|100/100
|detailschange|p1a: Mimikyu|Mimikyu-Busted, M
|-damage|p1a: Mimikyu|88/100|[from] pokemon: Mimikyu-Busted
|
|-damage|p2a: Ampharos|0 fnt|[from] psn
|faint|p2a: Ampharos
|upkeep
|
|t:|1760862144
|switch|p2a: Scizor|Scizor, M|100/100
|turn|6
|
|t:|1760862149
|move|p2a: Scizor|Bullet Punch|p1a: Mimikyu
|-supereffective|p1a: Mimikyu
|-damage|p1a: Mimikyu|0 fnt
|faint|p1a: Mimikyu
|
|upkeep
|
|t:|1760862151
|switch|p1a: Moltres|Moltres|100/100
|turn|7
|
|t:|1760862159
|switch|p2a: Tyranitar|Tyranitar, F|100/100
|-weather|Sandstorm|[from] ability: Sand Stream|[of] p2a: Tyranitar
|move|p1a: Moltres|Flamethrower|p2a: Tyranitar
|-resisted|p2a: Tyranitar
|-crit|p2a: Tyranitar
|-damage|p2a: Tyranitar|79/100
|
|-weather|Sandstorm|[upkeep]
|-damage|p1a: Moltres|94/100|[from] Sandstorm
|-heal|p2a: Tyranitar|86/100|[from] item: Leftovers
|upkeep
|turn|8
|
|t:|1760862171
|move|p1a: Moltres|Air Slash|p2a: Tyranitar
|-resisted|p2a: Tyranitar
|-damage|p2a: Tyranitar|76/100
|move|p2a: Tyranitar|Curse|p2a: Tyranitar
|-unboost|p2a: Tyranitar|spe|1
|-boost|p2a: Tyranitar|atk|1
|-boost|p2a: Tyranitar|def|1
|
|-weather|Sandstorm|[upkeep]
|-damage|p1a: Moltres|88/100|[from] Sandstorm
|-heal|p2a: Tyranitar|82/100|[from] item: Leftovers
|upkeep
|turn|9
|
|t:|1760862183
|move|p1a: Moltres|Air Slash|p2a: Tyranitar
|-resisted|p2a: Tyranitar
|-crit|p2a: Tyranitar
|-damage|p2a: Tyranitar|65/100
|move|p2a: Tyranitar|Curse|p2a: Tyranitar
|-unboost|p2a: Tyranitar|spe|1
|-boost|p2a: Tyranitar|atk|1
|-boost|p2a: Tyranitar|def|1
|
|-weather|Sandstorm|[upkeep]
|-damage|p1a: Moltres|82/100|[from] Sandstorm
|-heal|p2a: Tyranitar|71/100|[from] item: Leftovers
|upkeep
|turn|10
|
|t:|1760862196
|move|p1a: Moltres|Air Slash|p2a: Tyranitar
|-resisted|p2a: Tyranitar
|-damage|p2a: Tyranitar|61/100
|cant|p2a: Tyranitar|flinch
|
|-weather|Sandstorm|[upkeep]
|-damage|p1a: Moltres|76/100|[from] Sandstorm
|-heal|p2a: Tyranitar|67/100|[from] item: Leftovers
|upkeep
|turn|11
|
|t:|1760862205
|move|p1a: Moltres|Ancient Power|p2a: Tyranitar
|-damage|p2a: Tyranitar|55/100
|move|p2a: Tyranitar|Crunch|p1a: Moltres
|-damage|p1a: Moltres|0 fnt
|faint|p1a: Moltres
|
|-weather|none
|-heal|p2a: Tyranitar|61/100|[from] item: Leftovers
|upkeep
|
|t:|1760862207
|switch|p1a: Keldeo|Keldeo-Resolute|100/100
|turn|12
|
|t:|1760862221
|-terastallize|p2a: Tyranitar|Ground
|move|p1a: Keldeo|Secret Sword|p2a: Tyranitar
|-damage|p2a: Tyranitar|43/100
|move|p2a: Tyranitar|Earthquake|p1a: Keldeo
|-damage|p1a: Keldeo|0 fnt
|faint|p1a: Keldeo
|
|-heal|p2a: Tyranitar|49/100|[from] item: Leftovers
|upkeep
|
|t:|1760862226
|switch|p1a: Magnezone|Magnezone|100/100
|turn|13
|
|t:|1760862238
|-terastallize|p1a: Magnezone|Water
|move|p1a: Magnezone|Tera Blast|p2a: Tyranitar|[anim] Tera Blast Water
|-supereffective|p2a: Tyranitar
|-damage|p2a: Tyranitar|0 fnt
|faint|p2a: Tyranitar
|
|upkeep
|
|t:|1760862250
|switch|p2a: Espeon|Espeon, M|100/100
|turn|14
|
|t:|1760862255
|move|p2a: Espeon|Calm Mind|p2a: Espeon
|-boost|p2a: Espeon|spa|1
|-boost|p2a: Espeon|spd|1
|move|p1a: Magnezone|Tera Blast|p2a: Espeon|[anim] Tera Blast Water
|-damage|p2a: Espeon|50/100
|
|upkeep
|turn|15
|
|t:|1760862262
|move|p2a: Espeon|Grass Knot|p1a: Magnezone
|-supereffective|p1a: Magnezone
|-damage|p1a: Magnezone|9/100
|-damage|p2a: Espeon|41/100|[from] item: Life Orb
|move|p1a: Magnezone|Tera Blast|p2a: Espeon|[anim] Tera Blast Water
|-damage|p2a: Espeon|0 fnt
|faint|p2a: Espeon
|
|upkeep
|
|t:|1760862274
|switch|p2a: Scizor|Scizor, M|100/100
|turn|16
|
|t:|1760862279
|move|p2a: Scizor|Dual Wingbeat|p1a: Magnezone
|-damage|p1a: Magnezone|0 fnt
|faint|p1a: Magnezone
|-hitcount|p1: Magnezone|1
|
|upkeep
|
|t:|1760862281
|switch|p1a: Torterra|Torterra, M|100/100
|turn|17
|
|t:|1760862287
|move|p1a: Torterra|Earthquake|p2a: Scizor
|-damage|p2a: Scizor|53/100
|move|p2a: Scizor|Swords Dance|p2a: Scizor
|-boost|p2a: Scizor|atk|2
|
|upkeep
|turn|18
|
|t:|1760862324
|move|p1a: Torterra|Earthquake|p2a: Scizor
|-damage|p2a: Scizor|2/100
|move|p2a: Scizor|Dual Wingbeat|p1a: Torterra|[miss]
|-miss|p2a: Scizor|p1a: Torterra
|
|upkeep
|turn|19
|
|t:|1760862332
|move|p2a: Scizor|Bullet Punch|p1a: Torterra
|-damage|p1a: Torterra|23/100
|move|p1a: Torterra|Earthquake|p2a: Scizor
|-damage|p2a: Scizor|0 fnt
|faint|p2a: Scizor
|
|upkeep
|
|t:|1760862339
|switch|p2a: Typhlosion|Typhlosion, M|100/100
|turn|20
|
|t:|1760862348
|move|p2a: Typhlosion|Eruption|p1a: Torterra
|-supereffective|p1a: Torterra
|-damage|p1a: Torterra|0 fnt
|faint|p1a: Torterra
|
|win|58077803aco
|raw|5afqkan's rating: 1128 &rarr; <strong>1100</strong><br />(-28 for losing)
|raw|58077803aco's rating: 1087 &rarr; <strong>1117</strong><br />(+30 for winning)
|l|☆5afqkan
|player|p1|
|l|☆58077803aco
|player|p2|
