|j|☆151htyrneh
|j|☆Datgod
|t:|1760781768
|gametype|singles
|player|p1|151htyrneh|wallace|1635
|player|p2|Datgod|rocketgrunt|1646
|gen|9
|tier|[Gen 9] OU
|rated|
|rule|HP Percentage Mod: HP is shown in percentages
|rule|Endless Battle Clause: Forcing endless battles is banned
|rule|Species Clause: Limit one of each Pokémon
|rule|OHKO Clause: OHKO moves are banned
|rule|Evasion Items Clause: Evasion items are banned
|rule|Evasion Moves Clause: Evasion moves are banned
|rule|Evasion Abilities Clause: Evasion abilities are banned
|rule|Sleep Moves Clause: Sleep-inducing moves are banned
|clearpoke
|poke|p1|Deoxys-Speed|
|poke|p1|Darkrai|
|poke|p1|Ogerpon-Wellspring, F|
|poke|p1|Zamazenta-*|
|poke|p1|Kingambit, F|
|poke|p1|Glimmora, F|
|poke|p2|Garganacl, M|
|poke|p2|Great Tusk|
|poke|p2|Tinkaton, F|
|poke|p2|Dragapult, F|
|poke|p2|Zapdos|
|poke|p2|Ogerpon-Wellspring, F|
|teampreview
|j| 0WithdrawalSyndrom
|
|t:|1760781787
|teamsize|p1|6
|teamsize|p2|6
|start
|switch|p1a: Deoxys|Deoxys-Speed|100/100
|switch|p2a: Dragapult|Dragapult, F|100/100
|-ability|p1a: Deoxys|Pressure
|turn|1
|inactive|Battle timer is ON: inactive players will automatically lose when time's up. (requested by 151htyrneh)
|
|t:|1760781802
|move|p1a: Deoxys|Light Screen|p1a: Deoxys
|-sidestart|p1: 151htyrneh|move: Light Screen
|move|p2a: Dragapult|Shadow Ball|p1a: Deoxys
|-supereffective|p1a: Deoxys
|-damage|p1a: Deoxys|0 fnt
|faint|p1a: Deoxys
|
|upkeep
|
|t:|1760781808
|switch|p1a: Darkrai|Darkrai|100/100
|turn|2
|
|t:|1760781811
|switch|p2a: Tinkaton|Tinkaton, F|100/100
|-ability|p2a: Tinkaton|Mold Breaker
|move|p1a: Darkrai|Nasty Plot|p1a: Darkrai
|-boost|p1a: Darkrai|spa|2
|
|upkeep
|turn|3
|
|t:|1760781816
|move|p1a: Darkrai|Dark Pulse|p2a: Tinkaton
|-resisted|p2a: Tinkaton
|-damage|p2a: Tinkaton|61/100
|move|p2a: Tinkaton|Thunder Wave|p1a: Darkrai
|-status|p1a: Darkrai|par
|
|upkeep
|turn|4
|
|t:|1760781824
|move|p2a: Tinkaton|Gigaton Hammer|p1a: Darkrai
|-damage|p1a: Darkrai|43/100 par
|move|p1a: Darkrai|Dark Pulse|p2a: Tinkaton
|-resisted|p2a: Tinkaton
|-damage|p2a: Tinkaton|23/100
|
|-heal|p1a: Darkrai|49/100 par|[from] item: Leftovers
|upkeep
|turn|5
|
|t:|1760781837
|move|p2a: Tinkaton|Knock Off|p1a: Darkrai
|-resisted|p1a: Darkrai
|-damage|p1a: Darkrai|36/100 par
|-enditem|p1a: Darkrai|Leftovers|[from] move: Knock Off|[of] p2a: Tinkaton
|move|p1a: Darkrai|Tera Blast|p2a: Tinkaton
|-resisted|p2a: Tinkaton
|-damage|p2a: Tinkaton|0 fnt
|faint|p2a: Tinkaton
|
|upkeep
|
|t:|1760781854
|switch|p2a: Ogerpon|Ogerpon-Wellspring, F|100/100
|turn|6
|
|t:|1760781868
|move|p2a: Ogerpon|Trailblaze|p1a: Darkrai
|-damage|p1a: Darkrai|0 fnt
|-boost|p2a: Ogerpon|spe|1
|faint|p1a: Darkrai
|
|upkeep
|
|t:|1760781873
|switch|p1a: Zamazenta|Zamazenta|100/100
|-ability|p1a: Zamazenta|Dauntless Shield|boost
|-boost|p1a: Zamazenta|def|1
|turn|7
|
|t:|1760781880
|switch|p2a: Zapdos|Zapdos|100/100
|switch|p1a: Glimmora|Glimmora, F|100/100
|
|upkeep
|turn|8
|
|t:|1760781897
|switch|p2a: Garganacl|Garganacl, M|100/100
|move|p1a: Glimmora|Mortal Spin|p2a: Garganacl
|-resisted|p2a: Garganacl
|-damage|p2a: Garganacl|99/100
|
|-heal|p2a: Garganacl|100/100|[from] item: Leftovers
|-sideend|p1: 151htyrneh|move: Light Screen
|upkeep
|turn|9
|
|t:|1760781908
|move|p1a: Glimmora|Meteor Beam||[still]
|-prepare|p1a: Glimmora|Meteor Beam
|-boost|p1a: Glimmora|spa|1
|-enditem|p1a: Glimmora|Power Herb
|-anim|p1a: Glimmora|Meteor Beam|p2a: Garganacl
|-damage|p2a: Garganacl|38/100
|move|p2a: Garganacl|Salt Cure|p1a: Glimmora
|-damage|p1a: Glimmora|83/100
|-start|p1a: Glimmora|Salt Cure
|-activate|p1a: Glimmora|ability: Toxic Debris
|-sidestart|p2: Datgod|move: Toxic Spikes
|
|-heal|p2a: Garganacl|44/100|[from] item: Leftovers
|-damage|p1a: Glimmora|71/100|[from] Salt Cure
|upkeep
|turn|10
|
|t:|1760781921
|move|p1a: Glimmora|Meteor Beam||[still]
|-prepare|p1a: Glimmora|Meteor Beam
|-boost|p1a: Glimmora|spa|1
|move|p2a: Garganacl|Recover|p2a: Garganacl
|-heal|p2a: Garganacl|94/100
|
|-heal|p2a: Garganacl|100/100|[from] item: Leftovers
|-damage|p1a: Glimmora|58/100|[from] Salt Cure
|upkeep
|turn|11
|
|t:|1760781927
|move|p2a: Garganacl|Protect|p2a: Garganacl
|-singleturn|p2a: Garganacl|Protect
|move|p1a: Glimmora|Meteor Beam|p2a: Garganacl|[from] lockedmove
|-activate|p2a: Garganacl|move: Protect
|
|-damage|p1a: Glimmora|46/100|[from] Salt Cure
|upkeep
|turn|12
|
|t:|1760781929
|move|p1a: Glimmora|Earth Power|p2a: Garganacl
|-supereffective|p2a: Garganacl
|-damage|p2a: Garganacl|18/100
|move|p2a: Garganacl|Stealth Rock|p1a: Glimmora
|-sidestart|p1: 151htyrneh|move: Stealth Rock
|
|-heal|p2a: Garganacl|25/100|[from] item: Leftovers
|-damage|p1a: Glimmora|33/100|[from] Salt Cure
|upkeep
|turn|13
|
|t:|1760781939
|move|p1a: Glimmora|Spikes|p2a: Garganacl
|-sidestart|p2: Datgod|Spikes
|move|p2a: Garganacl|Salt Cure|p1a: Glimmora
|-damage|p1a: Glimmora|18/100
|-activate|p1a: Glimmora|ability: Toxic Debris
|-sidestart|p2: Datgod|move: Toxic Spikes
|
|-heal|p2a: Garganacl|31/100|[from] item: Leftovers
|-damage|p1a: Glimmora|5/100|[from] Salt Cure
|upkeep
|turn|14
|
|t:|1760781942
|move|p1a: Glimmora|Earth Power|p2a: Garganacl
|-supereffective|p2a: Garganacl
|-damage|p2a: Garganacl|0 fnt
|faint|p2a: Garganacl
|
|-damage|p1a: Glimmora|0 fnt|[from] Salt Cure
|faint|p1a: Glimmora
|upkeep
|
|t:|1760781954
|switch|p1a: Ogerpon|Ogerpon-Wellspring, F|100/100
|switch|p2a: Zapdos|Zapdos|100/100
|-damage|p1a: Ogerpon|88/100|[from] Stealth Rock
|turn|15
|
|t:|1760781964
|move|p1a: Ogerpon|Ivy Cudgel|p2a: Zapdos|[anim] Ivy Cudgel Water
|-damage|p2a: Zapdos|57/100
|move|p2a: Zapdos|Thunder Wave|p1a: Ogerpon
|-status|p1a: Ogerpon|par
|
|upkeep
|turn|16
|
|t:|1760781972
|switch|p1a: Kingambit|Kingambit, F|100/100
|-damage|p1a: Kingambit|94/100|[from] Stealth Rock
|-activate|p1a: Kingambit|ability: Supreme Overlord
|-start|p1a: Kingambit|fallen3|[silent]
|move|p2a: Zapdos|Hurricane|p1a: Kingambit|[miss]
|-miss|p2a: Zapdos|p1a: Kingambit
|
|upkeep
|turn|17
|
|t:|1760781979
|move|p2a: Zapdos|Volt Switch|p1a: Kingambit
|-damage|p1a: Kingambit|61/100
|
|t:|1760781981
|switch|p2a: Great Tusk|Great Tusk|100/100|[from] Volt Switch
|move|p1a: Kingambit|Swords Dance|p1a: Kingambit
|-boost|p1a: Kingambit|atk|2
|
|upkeep
|turn|18
|c| 0WithdrawalSyndrom|its ggs
|inactive|Datgod has 120 seconds left.
|
|t:|1760782012
|-terastallize|p2a: Great Tusk|Ground
|-terastallize|p1a: Kingambit|Dark
|move|p2a: Great Tusk|Headlong Rush|p1a: Kingambit
|-damage|p1a: Kingambit|0 fnt
|-unboost|p2a: Great Tusk|def|1
|-unboost|p2a: Great Tusk|spd|1
|faint|p1a: Kingambit
|-end|p1a: Kingambit|fallen3|[silent]
|
|upkeep
|
|t:|1760782019
|switch|p1a: Ogerpon|Ogerpon-Wellspring, F|88/100 par
|-damage|p1a: Ogerpon|76/100 par|[from] Stealth Rock
|turn|19
|inactive|Datgod has 120 seconds left.
|
|t:|1760782037
|move|p2a: Great Tusk|Rapid Spin|p1a: Ogerpon
|-damage|p1a: Ogerpon|52/100 par
|-boost|p2a: Great Tusk|spe|1
|-sideend|p2: Datgod|Spikes|[from] move: Rapid Spin|[of] p2a: Great Tusk
|-sideend|p2: Datgod|Toxic Spikes|[from] move: Rapid Spin|[of] p2a: Great Tusk
|move|p1a: Ogerpon|Horn Leech|p2a: Great Tusk
|-supereffective|p2a: Great Tusk
|-damage|p2a: Great Tusk|6/100
|-heal|p1a: Ogerpon|100/100 par|[from] drain|[of] p2a: Great Tusk
|
|upkeep
|turn|20
|inactive|Datgod has 120 seconds left.
|-message|151htyrneh forfeited.
|
|win|Datgod
|raw|151htyrneh's rating: 1635 &rarr; <strong>1616</strong><br />(-19 for losing)
|raw|Datgod's rating: 1646 &rarr; <strong>1665</strong><br />(+19 for winning)
|l| 0WithdrawalSyndrom
|j| deepesh1
|l| deepesh1
|c|☆Datgod|gg
