|badge|p2|bronze|gen9ou|100-7
|uhtml|medal-msg|<div class="broadcast-blue">Curious what those medals under the avatar are? PS now has Ladder Seasons! For more information, check out the <a href="https://www.smogon.com/forums/threads/3740067/">thread on Smogon.</a></div>
|j|☆DontMissMantine
|j|☆elpets
|t:|1760724666
|gametype|singles
|player|p1|DontMissMantine|lucas|1879
|player|p2|elpets|infielder|1857
|gen|9
|tier|[Gen 9] OU
|rated|
|rule|HP Percentage Mod: HP is shown in percentages
|rule|Endless Battle Clause: Forcing endless battles is banned
|rule|Species Clause: Limit one of each Pokémon
|rule|OHKO Clause: OHKO moves are banned
|rule|Evasion Items Clause: Evasion items are banned
|rule|Evasion Moves Clause: Evasion moves are banned
|rule|Evasion Abilities Clause: Evasion abilities are banned
|rule|Sleep Moves Clause: Sleep-inducing moves are banned
|clearpoke
|poke|p1|Pelipper, F|
|poke|p1|Beartic, M|
|poke|p1|Barraskewda, M|
|poke|p1|Ogerpon-Wellspring, F|
|poke|p1|Zapdos|
|poke|p1|Hatterene, F|
|poke|p2|Hatterene, F|
|poke|p2|Dragonite, F|
|poke|p2|Breloom, M|
|poke|p2|Azumarill, F|
|poke|p2|Great Tusk|
|poke|p2|Skeledirge, M|
|teampreview
|inactive|Battle timer is ON: inactive players will automatically lose when time's up. (requested by DontMissMantine)
|
|t:|1760724687
|teamsize|p1|6
|teamsize|p2|6
|start
|switch|p1a: Pelipper|Pelipper, F|100/100
|switch|p2a: Azumarill|Azumarill, F|100/100
|-weather|RainDance|[from] ability: Drizzle|[of] p1a: Pelipper
|turn|1
|
|t:|1760724695
|move|p2a: Azumarill|Knock Off|p1a: Pelipper
|-damage|p1a: Pelipper|71/100
|-enditem|p1a: Pelipper|Damp Rock|[from] move: Knock Off|[of] p2a: Azumarill
|move|p1a: Pelipper|U-turn|p2a: Azumarill
|-resisted|p2a: Azumarill
|-damage|p2a: Azumarill|96/100
|
|t:|1760724707
|switch|p1a: Ogerpon|Ogerpon-Wellspring, F|100/100|[from] U-turn
|
|-weather|RainDance|[upkeep]
|upkeep
|turn|2
|
|t:|1760724712
|move|p1a: Ogerpon|Power Whip|p2a: Azumarill
|-supereffective|p2a: Azumarill
|-damage|p2a: Azumarill|0 fnt
|faint|p2a: Azumarill
|
|-weather|RainDance|[upkeep]
|upkeep
|
|t:|1760724716
|switch|p2a: Ippo|Breloom, M|100/100
|turn|3
|
|t:|1760724723
|switch|p1a: Zapdos|Zapdos|100/100
|move|p2a: Ippo|Bullet Seed|p1a: Zapdos
|-resisted|p1a: Zapdos
|-damage|p1a: Zapdos|87/100
|-resisted|p1a: Zapdos
|-damage|p1a: Zapdos|75/100
|-hitcount|p1a: Zapdos|2
|
|-weather|RainDance|[upkeep]
|upkeep
|turn|4
|
|t:|1760724732
|move|p1a: Zapdos|Hurricane|p2a: Ippo
|-supereffective|p2a: Ippo
|-enditem|p2a: Ippo|Focus Sash
|-damage|p2a: Ippo|1/100
|move|p2a: Ippo|Rock Tomb|p1a: Zapdos
|-supereffective|p1a: Zapdos
|-damage|p1a: Zapdos|0 fnt
|faint|p1a: Zapdos
|
|-weather|RainDance|[upkeep]
|upkeep
|
|t:|1760724743
|switch|p1a: Barraskewda|Barraskewda, M|100/100
|turn|5
|
|t:|1760724746
|move|p1a: Barraskewda|Aqua Jet|p2a: Ippo
|-resisted|p2a: Ippo
|-damage|p2a: Ippo|0 fnt
|faint|p2a: Ippo
|
|-weather|RainDance|[upkeep]
|upkeep
|
|t:|1760724747
|switch|p2a: Dragonite|Dragonite, F|100/100
|turn|6
|
|t:|1760724754
|move|p1a: Barraskewda|Flip Turn|p2a: Dragonite
|-resisted|p2a: Dragonite
|-damage|p2a: Dragonite|84/100
|j| amimec
|
|t:|1760724760
|switch|p1a: Beartic|Beartic, M|100/100|[from] Flip Turn
|move|p2a: Dragonite|Dragon Dance|p2a: Dragonite
|-boost|p2a: Dragonite|atk|1
|-boost|p2a: Dragonite|spe|1
|
|-weather|RainDance|[upkeep]
|upkeep
|turn|7
|
|t:|1760724768
|move|p2a: Dragonite|Outrage|p1a: Beartic
|-damage|p1a: Beartic|0 fnt
|faint|p1a: Beartic
|
|-weather|RainDance|[upkeep]
|upkeep
|
|t:|1760724783
|switch|p1a: Pelipper|Pelipper, F|71/100
|turn|8
|
|t:|1760724786
|-terastallize|p1a: Pelipper|Steel
|move|p2a: Dragonite|Outrage|p1a: Pelipper|[from] lockedmove
|-resisted|p1a: Pelipper
|-damage|p1a: Pelipper|35/100
|move|p1a: Pelipper|Ice Beam|p2a: Dragonite
|-supereffective|p2a: Dragonite
|-damage|p2a: Dragonite|0 fnt
|faint|p2a: Dragonite
|
|-weather|none
|upkeep
|
|t:|1760724809
|switch|p2a: Hatterene|Hatterene, F|100/100
|turn|9
|
|t:|1760724821
|move|p1a: Pelipper|U-turn|p2a: Hatterene
|-crit|p2a: Hatterene
|-damage|p2a: Hatterene|86/100
|
|t:|1760724831
|switch|p1a: Barraskewda|Barraskewda, M|100/100|[from] U-turn
|move|p2a: Hatterene|Mystical Fire|p1a: Barraskewda
|-resisted|p1a: Barraskewda
|-damage|p1a: Barraskewda|69/100
|-unboost|p1a: Barraskewda|spa|1
|
|-heal|p2a: Hatterene|92/100|[from] item: Leftovers
|upkeep
|turn|10
|
|t:|1760724842
|move|p1a: Barraskewda|Flip Turn|p2a: Hatterene
|-damage|p2a: Hatterene|45/100
|
|t:|1760724845
|switch|p1a: Pelipper|Pelipper, F, tera:Steel|35/100|[from] Flip Turn
|-weather|RainDance|[from] ability: Drizzle|[of] p1a: Pelipper
|move|p2a: Hatterene|Trick Room|p2a: Hatterene
|-fieldstart|move: Trick Room|[of] p2a: Hatterene
|
|-weather|RainDance|[upkeep]
|-heal|p2a: Hatterene|50/100|[from] item: Leftovers
|upkeep
|turn|11
|
|t:|1760724855
|switch|p1a: Hatterene|Hatterene, F|100/100
|move|p2a: Hatterene|Psyshock|p1a: Hatterene
|-resisted|p1a: Hatterene
|-damage|p1a: Hatterene|80/100
|-enditem|p1a: Hatterene|Eject Button
|
|t:|1760724862
|switch|p1a: Ogerpon|Ogerpon-Wellspring, F|100/100
|
|-weather|RainDance|[upkeep]
|-heal|p2a: Hatterene|56/100|[from] item: Leftovers
|upkeep
|turn|12
|
|t:|1760724869
|move|p2a: Hatterene|Psyshock|p1a: Ogerpon
|-damage|p1a: Ogerpon|40/100
|move|p1a: Ogerpon|Ivy Cudgel|p2a: Hatterene|[anim] Ivy Cudgel Water
|-crit|p2a: Hatterene
|-damage|p2a: Hatterene|0 fnt
|faint|p2a: Hatterene
|
|-weather|RainDance|[upkeep]
|upkeep
|
|t:|1760724874
|switch|p2a: Great Tusk|Great Tusk|100/100
|-enditem|p2a: Great Tusk|Booster Energy
|-activate|p2a: Great Tusk|ability: Protosynthesis|[fromitem]
|-start|p2a: Great Tusk|protosynthesisatk
|turn|13
|
|t:|1760724888
|switch|p1a: Pelipper|Pelipper, F, tera:Steel|35/100
|move|p2a: Great Tusk|Ice Spinner|p1a: Pelipper
|-resisted|p1a: Pelipper
|-damage|p1a: Pelipper|21/100
|
|-weather|RainDance|[upkeep]
|upkeep
|turn|14
|
|t:|1760724905
|-terastallize|p2a: Great Tusk|Electric
|move|p1a: Pelipper|Hurricane|p2a: Great Tusk
|-resisted|p2a: Great Tusk
|-damage|p2a: Great Tusk|72/100
|move|p2a: Great Tusk|Rapid Spin|p1a: Pelipper
|-resisted|p1a: Pelipper
|-damage|p1a: Pelipper|12/100
|-boost|p2a: Great Tusk|spe|1
|
|-weather|none
|-fieldend|move: Trick Room
|upkeep
|turn|15
|
|t:|1760724923
|switch|p1a: Ogerpon|Ogerpon-Wellspring, F|40/100
|move|p2a: Great Tusk|Ice Spinner|p1a: Ogerpon
|-damage|p1a: Ogerpon|0 fnt
|faint|p1a: Ogerpon
|
|upkeep
|
|t:|1760724933
|switch|p1a: Hatterene|Hatterene, F|80/100
|turn|16
|
|t:|1760724947
|-end|p2a: Great Tusk|Protosynthesis|[silent]
|switch|p2a: Skeledirge|Skeledirge, M|100/100
|move|p1a: Hatterene|Psychic Noise|p2a: Skeledirge
|-damage|p2a: Skeledirge|66/100
|
|upkeep
|turn|17
|
|t:|1760724956
|move|p2a: Skeledirge|Torch Song|p1a: Hatterene
|-crit|p1a: Hatterene
|-damage|p1a: Hatterene|34/100
|-boost|p2a: Skeledirge|spa|1
|move|p1a: Hatterene|Nuzzle|p2a: Skeledirge
|-damage|p2a: Skeledirge|64/100
|
|upkeep
|turn|18
|
|t:|1760724964
|switch|p1a: Pelipper|Pelipper, F, tera:Steel|12/100
|-weather|RainDance|[from] ability: Drizzle|[of] p1a: Pelipper
|move|p2a: Skeledirge|Slack Off|p2a: Skeledirge
|-heal|p2a: Skeledirge|100/100
|
|-weather|RainDance|[upkeep]
|upkeep
|turn|19
|
|t:|1760724972
|switch|p1a: Hatterene|Hatterene, F|34/100
|move|p2a: Skeledirge|Torch Song|p1a: Hatterene
|-damage|p1a: Hatterene|14/100
|-boost|p2a: Skeledirge|spa|1
|
|-weather|RainDance|[upkeep]
|upkeep
|turn|20
|
|t:|1760724981
|move|p2a: Skeledirge|Shadow Ball|p1a: Hatterene
|-supereffective|p1a: Hatterene
|-damage|p1a: Hatterene|0 fnt
|faint|p1a: Hatterene
|
|-weather|RainDance|[upkeep]
|upkeep
|
|t:|1760724987
|switch|p1a: Barraskewda|Barraskewda, M|69/100
|turn|21
|
|t:|1760724992
|move|p1a: Barraskewda|Liquidation|p2a: Skeledirge
|-supereffective|p2a: Skeledirge
|-damage|p2a: Skeledirge|0 fnt
|faint|p2a: Skeledirge
|
|-weather|RainDance|[upkeep]
|upkeep
|
|t:|1760724994
|switch|p2a: Great Tusk|Great Tusk, tera:Electric|72/100
|turn|22
|
|t:|1760725000
|move|p1a: Barraskewda|Flip Turn|p2a: Great Tusk
|-damage|p2a: Great Tusk|25/100
|
|t:|1760725003
|switch|p1a: Pelipper|Pelipper, F, tera:Steel|12/100|[from] Flip Turn
|move|p2a: Great Tusk|Supercell Slam|p1a: Pelipper
|-damage|p1a: Pelipper|0 fnt
|faint|p1a: Pelipper
|
|-weather|none
|upkeep
|
|t:|1760725012
|switch|p1a: Barraskewda|Barraskewda, M|69/100
|turn|23
|
|t:|1760725015
|move|p1a: Barraskewda|Liquidation|p2a: Great Tusk
|-damage|p2a: Great Tusk|0 fnt
|faint|p2a: Great Tusk
|-end|p2a: Great Tusk|Protosynthesis|[silent]
|
|win|DontMissMantine
|raw|DontMissMantine's rating: 1879 &rarr; <strong>1898</strong><br />(+19 for winning)
|raw|elpets's rating: 1857 &rarr; <strong>1838</strong><br />(-19 for losing)
|l|☆elpets
|player|p2|
