|j|☆Wave State
|j|☆151htyrneh
|t:|1760777645
|gametype|singles
|player|p1|Wave State|2|1566
|player|p2|151htyrneh|wallace|1695
|gen|9
|tier|[Gen 9] OU
|rated|
|rule|HP Percentage Mod: HP is shown in percentages
|rule|Endless Battle Clause: Forcing endless battles is banned
|rule|Species Clause: Limit one of each Pokémon
|rule|OHKO Clause: OHKO moves are banned
|rule|Evasion Items Clause: Evasion items are banned
|rule|Evasion Moves Clause: Evasion moves are banned
|rule|Evasion Abilities Clause: Evasion abilities are banned
|rule|Sleep Moves Clause: Sleep-inducing moves are banned
|clearpoke
|poke|p1|Clefable, M|
|poke|p1|Azumarill, M|
|poke|p1|Ting-Lu|
|poke|p1|Hoopa-Unbound|
|poke|p1|Skeledirge, M|
|poke|p1|Gengar, M|
|poke|p2|Dondozo, M|
|poke|p2|Blissey, F|
|poke|p2|Corviknight, M|
|poke|p2|Weezing-Galar, F|
|poke|p2|Gliscor, M|
|poke|p2|Toxapex, M|
|teampreview
|
|t:|1760777668
|teamsize|p1|6
|teamsize|p2|6
|start
|switch|p1a: Hoopa|Hoopa-Unbound|100/100
|switch|p2a: Gliscor|Gliscor, M|100/100
|turn|1
|inactive|Battle timer is ON: inactive players will automatically lose when time's up. (requested by Wave State)
|j| nsdede
|
|t:|1760777729
|move|p2a: Gliscor|Protect|p2a: Gliscor
|-singleturn|p2a: Gliscor|Protect
|move|p1a: Hoopa|Hyperspace Fury|p2a: Gliscor
|-activate|p2a: Gliscor|move: Hyperspace Fury|[broken]
|-damage|p2a: Gliscor|48/100
|-unboost|p1a: Hoopa|def|1
|
|-status|p2a: Gliscor|tox|[from] item: Toxic Orb
|upkeep
|turn|2
|
|t:|1760777752
|switch|p1a: Clefable|Clefable, M|100/100
|move|p2a: Gliscor|Earthquake|p1a: Clefable
|-damage|p1a: Clefable|64/100
|
|-heal|p2a: Gliscor|61/100 tox|[from] ability: Poison Heal
|upkeep
|turn|3
|
|t:|1760777756
|move|p2a: Gliscor|Earthquake|p1a: Clefable
|-damage|p1a: Clefable|28/100
|move|p1a: Clefable|Ice Beam|p2a: Gliscor
|-supereffective|p2a: Gliscor
|-damage|p2a: Gliscor|0 fnt
|faint|p2a: Gliscor
|
|upkeep
|
|t:|1760777768
|switch|p2a: Blissey|Blissey, F|100/100
|turn|4
|
|t:|1760777778
|switch|p1a: Ting-Lu|Ting-Lu|100/100
|-ability|p1a: Ting-Lu|Vessel of Ruin
|move|p2a: Blissey|Stealth Rock|p1a: Ting-Lu
|-sidestart|p1: Wave State|move: Stealth Rock
|
|upkeep
|turn|5
|
|t:|1760777785
|switch|p2a: Weezing|Weezing-Galar, F|100/100
|-ability|p2a: Weezing|Neutralizing Gas
|move|p1a: Ting-Lu|Throat Chop|p2a: Weezing
|-resisted|p2a: Weezing
|-damage|p2a: Weezing|82/100
|-start|p2a: Weezing|Throat Chop|[silent]
|
|upkeep
|turn|6
|
|t:|1760777791
|switch|p1a: Skeledirge|Skeledirge, M|100/100
|-damage|p1a: Skeledirge|76/100|[from] Stealth Rock
|move|p2a: Weezing|Will-O-Wisp|p1a: Skeledirge
|-immune|p1a: Skeledirge
|
|-end|p2a: Weezing|Throat Chop|[silent]
|upkeep
|turn|7
|
|t:|1760777796
|-end|p2a: Weezing|ability: Neutralizing Gas
|switch|p2a: Blissey|Blissey, F|100/100
|move|p1a: Skeledirge|Torch Song|p2a: Blissey
|-damage|p2a: Blissey|80/100
|-boost|p1a: Skeledirge|spa|1
|
|-heal|p2a: Blissey|87/100|[from] item: Leftovers
|upkeep
|turn|8
|l| nsdede
|
|t:|1760777799
|move|p1a: Skeledirge|Torch Song|p2a: Blissey
|-damage|p2a: Blissey|57/100
|-boost|p1a: Skeledirge|spa|1
|move|p2a: Blissey|Calm Mind|p2a: Blissey
|-boost|p2a: Blissey|spa|1
|-boost|p2a: Blissey|spd|1
|
|-heal|p2a: Blissey|63/100|[from] item: Leftovers
|upkeep
|turn|9
|
|t:|1760777809
|switch|p2a: Toxapex|Toxapex, M|100/100
|move|p1a: Skeledirge|Torch Song|p2a: Toxapex
|-resisted|p2a: Toxapex
|-damage|p2a: Toxapex|63/100
|-boost|p1a: Skeledirge|spa|1
|
|-heal|p2a: Toxapex|69/100|[from] item: Leftovers
|upkeep
|turn|10
|
|t:|1760777814
|-terastallize|p1a: Skeledirge|Flying
|move|p1a: Skeledirge|Torch Song|p2a: Toxapex
|-resisted|p2a: Toxapex
|-damage|p2a: Toxapex|25/100
|-boost|p1a: Skeledirge|spa|1
|move|p2a: Toxapex|Toxic|p1a: Skeledirge
|-status|p1a: Skeledirge|tox
|
|-heal|p2a: Toxapex|31/100|[from] item: Leftovers
|-damage|p1a: Skeledirge|70/100 tox|[from] psn
|upkeep
|turn|11
|
|t:|1760777819
|switch|p2a: Dondozo|Dondozo, M|100/100
|move|p1a: Skeledirge|Torch Song|p2a: Dondozo
|-resisted|p2a: Dondozo
|-damage|p2a: Dondozo|72/100
|-boost|p1a: Skeledirge|spa|1
|
|-heal|p2a: Dondozo|78/100|[from] item: Leftovers
|-damage|p1a: Skeledirge|57/100 tox|[from] psn
|upkeep
|turn|12
|j| nsdede
|
|t:|1760777828
|move|p1a: Skeledirge|Torch Song|p2a: Dondozo
|-resisted|p2a: Dondozo
|-damage|p2a: Dondozo|50/100
|-boost|p1a: Skeledirge|spa|1
|move|p2a: Dondozo|Avalanche|p1a: Skeledirge
|-supereffective|p1a: Skeledirge
|-damage|p1a: Skeledirge|11/100 tox
|
|-heal|p2a: Dondozo|56/100|[from] item: Leftovers
|-damage|p1a: Skeledirge|0 fnt|[from] psn
|faint|p1a: Skeledirge
|upkeep
|
|t:|1760777841
|switch|p1a: Gengar|Gengar, M|100/100
|-damage|p1a: Gengar|88/100|[from] Stealth Rock
|turn|13
|
|t:|1760777844
|switch|p2a: Blissey|Blissey, F|63/100
|move|p1a: Gengar|Sludge Wave|p2a: Blissey
|-damage|p2a: Blissey|48/100
|
|-heal|p2a: Blissey|54/100|[from] item: Leftovers
|upkeep
|turn|14
|
|t:|1760777847
|move|p1a: Gengar|Nasty Plot|p1a: Gengar
|-boost|p1a: Gengar|spa|2
|move|p2a: Blissey|Soft-Boiled|p2a: Blissey
|-heal|p2a: Blissey|100/100
|
|upkeep
|turn|15
|
|t:|1760777852
|move|p1a: Gengar|Focus Blast|p2a: Blissey
|-supereffective|p2a: Blissey
|-damage|p2a: Blissey|49/100
|move|p2a: Blissey|Calm Mind|p2a: Blissey
|-boost|p2a: Blissey|spa|1
|-boost|p2a: Blissey|spd|1
|
|-heal|p2a: Blissey|55/100|[from] item: Leftovers
|upkeep
|turn|16
|
|t:|1760777857
|move|p1a: Gengar|Nasty Plot|p1a: Gengar
|-boost|p1a: Gengar|spa|2
|move|p2a: Blissey|Soft-Boiled|p2a: Blissey
|-heal|p2a: Blissey|100/100
|
|upkeep
|turn|17
|
|t:|1760777859
|move|p1a: Gengar|Nasty Plot|p1a: Gengar
|-boost|p1a: Gengar|spa|2
|move|p2a: Blissey|Calm Mind|p2a: Blissey
|-boost|p2a: Blissey|spa|1
|-boost|p2a: Blissey|spd|1
|
|upkeep
|turn|18
|
|t:|1760777860
|move|p1a: Gengar|Focus Blast|p2a: Blissey
|-supereffective|p2a: Blissey
|-damage|p2a: Blissey|51/100
|move|p2a: Blissey|Calm Mind|p2a: Blissey
|-boost|p2a: Blissey|spa|1
|-boost|p2a: Blissey|spd|1
|
|-heal|p2a: Blissey|58/100|[from] item: Leftovers
|upkeep
|turn|19
|
|t:|1760777864
|move|p1a: Gengar|Sludge Wave|p2a: Blissey
|-damage|p2a: Blissey|35/100
|move|p2a: Blissey|Soft-Boiled|p2a: Blissey
|-heal|p2a: Blissey|85/100
|
|-heal|p2a: Blissey|91/100|[from] item: Leftovers
|upkeep
|turn|20
|
|t:|1760777866
|move|p1a: Gengar|Sludge Wave|p2a: Blissey
|-damage|p2a: Blissey|65/100
|move|p2a: Blissey|Calm Mind|p2a: Blissey
|-boost|p2a: Blissey|spa|1
|-boost|p2a: Blissey|spd|1
|
|-heal|p2a: Blissey|71/100|[from] item: Leftovers
|upkeep
|turn|21
|
|t:|1760777871
|move|p1a: Gengar|Sludge Wave|p2a: Blissey
|-crit|p2a: Blissey
|-damage|p2a: Blissey|0 fnt
|faint|p2a: Blissey
|
|upkeep
|
|t:|1760777876
|switch|p2a: Dondozo|Dondozo, M|56/100
|turn|22
|
|t:|1760777880
|move|p1a: Gengar|Sludge Wave|p2a: Dondozo
|-damage|p2a: Dondozo|7/100
|move|p2a: Dondozo|Rest|p2a: Dondozo
|-status|p2a: Dondozo|slp|[from] move: Rest
|-heal|p2a: Dondozo|100/100 slp|[silent]
|
|upkeep
|turn|23
|
|t:|1760777884
|move|p1a: Gengar|Sludge Wave|p2a: Dondozo
|-damage|p2a: Dondozo|50/100 slp
|cant|p2a: Dondozo|slp
|move|p2a: Dondozo|Sleep Talk|p2a: Dondozo
|move|p2a: Dondozo|Rest||[from] move: Sleep Talk|[still]
|-fail|p2a: Dondozo
|
|-heal|p2a: Dondozo|57/100 slp|[from] item: Leftovers
|upkeep
|turn|24
|c|☆151htyrneh|Man
|-message|151htyrneh forfeited.
|
|win|Wave State
|raw|Wave State's rating: 1566 &rarr; <strong>1593</strong><br />(+27 for winning)
|raw|151htyrneh's rating: 1695 &rarr; <strong>1668</strong><br />(-27 for losing)
|l|☆151htyrneh
|player|p2|
|l|☆Wave State
|player|p1|
|l| nsdede
