|badge|p1|bronze|gen9ou|100-7
|uhtml|medal-msg|<div class="broadcast-blue">Curious what those medals under the avatar are? PS now has Ladder Seasons! For more information, check out the <a href="https://www.smogon.com/forums/threads/3740067/">thread on Smogon.</a></div>
|badge|p2|bronze|gen9ou|100-7
|uhtml|medal-msg|<div class="broadcast-blue">Curious what those medals under the avatar are? PS now has Ladder Seasons! For more information, check out the <a href="https://www.smogon.com/forums/threads/3740067/">thread on Smogon.</a></div>
|j|☆elpets
|j|☆kshuaib734
|t:|1760873285
|gametype|singles
|player|p1|elpets|infielder|1861
|player|p2|kshuaib734|steven|1874
|gen|9
|tier|[Gen 9] OU
|rated|
|rule|HP Percentage Mod: HP is shown in percentages
|rule|Endless Battle Clause: Forcing endless battles is banned
|rule|Species Clause: Limit one of each Pokémon
|rule|OHKO Clause: OHKO moves are banned
|rule|Evasion Items Clause: Evasion items are banned
|rule|Evasion Moves Clause: Evasion moves are banned
|rule|Evasion Abilities Clause: Evasion abilities are banned
|rule|Sleep Moves Clause: Sleep-inducing moves are banned
|clearpoke
|poke|p1|Hatterene, F|
|poke|p1|Dragonite, F|
|poke|p1|Breloom, M|
|poke|p1|Azumarill, F|
|poke|p1|Great Tusk|
|poke|p1|Skeledirge, F|
|poke|p2|Tyranitar, F|
|poke|p2|Overqwil, M|
|poke|p2|Pelipper, F|
|poke|p2|Quaquaval, F|
|poke|p2|Kingdra, M|
|poke|p2|Excadrill, M|
|teampreview
|inactive|Battle timer is ON: inactive players will automatically lose when time's up. (requested by kshuaib734)
|
|t:|1760873298
|teamsize|p1|6
|teamsize|p2|6
|start
|switch|p1a: Azumarill|Azumarill, F|100/100
|switch|p2a: Tyrant's Downpour|Pelipper, F|100/100
|-weather|RainDance|[from] ability: Drizzle|[of] p2a: Tyrant's Downpour
|turn|1
|
|t:|1760873305
|move|p1a: Azumarill|Knock Off|p2a: Tyrant's Downpour
|-damage|p2a: Tyrant's Downpour|67/100
|-enditem|p2a: Tyrant's Downpour|Damp Rock|[from] move: Knock Off|[of] p1a: Azumarill
|move|p2a: Tyrant's Downpour|Knock Off|p1a: Azumarill
|-resisted|p1a: Azumarill
|-damage|p1a: Azumarill|94/100
|-enditem|p1a: Azumarill|Assault Vest|[from] move: Knock Off|[of] p2a: Tyrant's Downpour
|
|-weather|RainDance|[upkeep]
|upkeep
|turn|2
|
|t:|1760873314
|move|p1a: Azumarill|Liquidation|p2a: Tyrant's Downpour
|-resisted|p2a: Tyrant's Downpour
|-damage|p2a: Tyrant's Downpour|38/100
|-unboost|p2a: Tyrant's Downpour|def|1
|move|p2a: Tyrant's Downpour|Hurricane|p1a: Azumarill
|-damage|p1a: Azumarill|56/100
|
|-weather|RainDance|[upkeep]
|upkeep
|turn|3
|
|t:|1760873322
|move|p1a: Azumarill|Play Rough|p2a: Tyrant's Downpour
|-damage|p2a: Tyrant's Downpour|0 fnt
|faint|p2a: Tyrant's Downpour
|
|-weather|RainDance|[upkeep]
|upkeep
|j| xmagic_77
|
|t:|1760873338
|switch|p2a: Tyrant's Vengeance|Kingdra, M|100/100
|turn|4
|
|t:|1760873342
|-terastallize|p2a: Tyrant's Vengeance|Water
|move|p2a: Tyrant's Vengeance|Weather Ball|p1a: Azumarill
|-resisted|p1a: Azumarill
|-damage|p1a: Azumarill|0 fnt
|faint|p1a: Azumarill
|
|-weather|RainDance|[upkeep]
|upkeep
|
|t:|1760873347
|switch|p1a: Ippo|Breloom, M|100/100
|turn|5
|
|t:|1760873351
|move|p2a: Tyrant's Vengeance|Weather Ball|p1a: Ippo
|-resisted|p1a: Ippo
|-enditem|p1a: Ippo|Focus Sash
|-damage|p1a: Ippo|1/100
|move|p1a: Ippo|Bullet Seed|p2a: Tyrant's Vengeance
|-supereffective|p2a: Tyrant's Vengeance
|-damage|p2a: Tyrant's Vengeance|47/100
|-supereffective|p2a: Tyrant's Vengeance
|-damage|p2a: Tyrant's Vengeance|0 fnt
|faint|p2a: Tyrant's Vengeance
|-hitcount|p2: Tyrant's Vengeance|2
|
|-weather|RainDance|[upkeep]
|upkeep
|
|t:|1760873361
|switch|p2a: Tyrant's Endgame|Quaquaval, F|100/100
|turn|6
|
|t:|1760873379
|switch|p1a: Hatterene|Hatterene, F|100/100
|move|p2a: Tyrant's Endgame|Aqua Jet|p1a: Hatterene
|-damage|p1a: Hatterene|56/100
|
|-weather|RainDance|[upkeep]
|-heal|p1a: Hatterene|62/100|[from] item: Leftovers
|upkeep
|turn|7
|
|t:|1760873386
|move|p2a: Tyrant's Endgame|Aqua Step|p1a: Hatterene
|-damage|p1a: Hatterene|0 fnt
|-boost|p2a: Tyrant's Endgame|spe|1
|faint|p1a: Hatterene
|-ability|p2a: Tyrant's Endgame|Moxie|boost
|-boost|p2a: Tyrant's Endgame|atk|1
|
|-weather|RainDance|[upkeep]
|upkeep
|
|t:|1760873389
|switch|p1a: Skeledirge|Skeledirge, F|100/100
|turn|8
|j| harinaremix
|
|t:|1760873402
|-terastallize|p1a: Skeledirge|Water
|move|p2a: Tyrant's Endgame|Wave Crash|p1a: Skeledirge
|-resisted|p1a: Skeledirge
|-damage|p1a: Skeledirge|63/100
|-damage|p2a: Tyrant's Endgame|84/100|[from] Recoil
|move|p1a: Skeledirge|Torch Song|p2a: Tyrant's Endgame
|-resisted|p2a: Tyrant's Endgame
|-damage|p2a: Tyrant's Endgame|74/100
|-boost|p1a: Skeledirge|spa|1
|
|-weather|none
|upkeep
|turn|9
|
|t:|1760873413
|move|p2a: Tyrant's Endgame|Close Combat|p1a: Skeledirge
|-damage|p1a: Skeledirge|25/100
|-unboost|p2a: Tyrant's Endgame|def|1
|-unboost|p2a: Tyrant's Endgame|spd|1
|move|p1a: Skeledirge|Slack Off|p1a: Skeledirge
|-heal|p1a: Skeledirge|75/100
|
|upkeep
|turn|10
|
|t:|1760873421
|switch|p2a: King Tyrant|Tyranitar, F|100/100
|-weather|Sandstorm|[from] ability: Sand Stream|[of] p2a: King Tyrant
|move|p1a: Skeledirge|Slack Off|p1a: Skeledirge
|-heal|p1a: Skeledirge|100/100
|
|-weather|Sandstorm|[upkeep]
|-damage|p1a: Skeledirge|94/100|[from] Sandstorm
|upkeep
|turn|11
|
|t:|1760873429
|move|p1a: Skeledirge|Tera Blast|p2a: King Tyrant|[anim] Tera Blast Water
|-supereffective|p2a: King Tyrant
|-damage|p2a: King Tyrant|54/100
|-enditem|p2a: King Tyrant|Weakness Policy
|-boost|p2a: King Tyrant|atk|2|[from] item: Weakness Policy
|-boost|p2a: King Tyrant|spa|2|[from] item: Weakness Policy
|move|p2a: King Tyrant|Thunderbolt|p1a: Skeledirge
|-supereffective|p1a: Skeledirge
|-damage|p1a: Skeledirge|44/100
|
|-weather|Sandstorm|[upkeep]
|-damage|p1a: Skeledirge|38/100|[from] Sandstorm
|upkeep
|turn|12
|
|t:|1760873446
|switch|p1a: Ippo|Breloom, M|1/100
|move|p2a: King Tyrant|Thunderbolt|p1a: Ippo
|-resisted|p1a: Ippo
|-damage|p1a: Ippo|0 fnt
|faint|p1a: Ippo
|
|-weather|Sandstorm|[upkeep]
|upkeep
|
|t:|1760873448
|switch|p1a: Great Tusk|Great Tusk|100/100
|-enditem|p1a: Great Tusk|Booster Energy
|-activate|p1a: Great Tusk|ability: Protosynthesis|[fromitem]
|-start|p1a: Great Tusk|protosynthesisatk
|turn|13
|
|t:|1760873461
|switch|p2a: Tyrant's Endgame|Quaquaval, F|74/100
|move|p1a: Great Tusk|Headlong Rush|p2a: Tyrant's Endgame
|-damage|p2a: Tyrant's Endgame|0 fnt
|-unboost|p1a: Great Tusk|def|1
|-unboost|p1a: Great Tusk|spd|1
|faint|p2a: Tyrant's Endgame
|
|-weather|Sandstorm|[upkeep]
|upkeep
|
|t:|1760873469
|switch|p2a: Tyrant's Enforcer|Overqwil, M|100/100
|turn|14
|j| Puyu Paz
|
|t:|1760873477
|move|p1a: Great Tusk|Headlong Rush|p2a: Tyrant's Enforcer
|-supereffective|p2a: Tyrant's Enforcer
|-damage|p2a: Tyrant's Enforcer|0 fnt
|-unboost|p1a: Great Tusk|def|1
|-unboost|p1a: Great Tusk|spd|1
|-damage|p1a: Great Tusk|84/100|[from] item: Rocky Helmet|[of] p2a: Tyrant's Enforcer
|faint|p2a: Tyrant's Enforcer
|
|-weather|none
|upkeep
|
|t:|1760873485
|switch|p2a: King Tyrant|Tyranitar, F|54/100
|-weather|Sandstorm|[from] ability: Sand Stream|[of] p2a: King Tyrant
|turn|15
|
|t:|1760873491
|move|p1a: Great Tusk|Headlong Rush|p2a: King Tyrant
|-supereffective|p2a: King Tyrant
|-damage|p2a: King Tyrant|0 fnt
|-unboost|p1a: Great Tusk|def|1
|-unboost|p1a: Great Tusk|spd|1
|faint|p2a: King Tyrant
|
|-weather|Sandstorm|[upkeep]
|upkeep
|
|t:|1760873498
|switch|p2a: Tyrant's Legacy|Excadrill, M|100/100
|turn|16
|
|t:|1760873500
|-end|p1a: Great Tusk|Protosynthesis|[silent]
|switch|p1a: Dragonite|Dragonite, F|100/100
|move|p2a: Tyrant's Legacy|Iron Head|p1a: Dragonite
|-damage|p1a: Dragonite|65/100
|-damage|p2a: Tyrant's Legacy|91/100|[from] item: Life Orb
|
|-weather|Sandstorm|[upkeep]
|-damage|p1a: Dragonite|59/100|[from] Sandstorm
|upkeep
|turn|17
|
|t:|1760873508
|move|p2a: Tyrant's Legacy|Iron Head|p1a: Dragonite
|-damage|p1a: Dragonite|0 fnt
|faint|p1a: Dragonite
|-damage|p2a: Tyrant's Legacy|81/100|[from] item: Life Orb
|
|-weather|Sandstorm|[upkeep]
|upkeep
|j| Noob 0_o
|
|t:|1760873511
|switch|p1a: Skeledirge|Skeledirge, F, tera:Water|38/100
|turn|18
|l| Noob 0_o
|
|t:|1760873516
|move|p2a: Tyrant's Legacy|Earthquake|p1a: Skeledirge
|-damage|p1a: Skeledirge|0 fnt
|faint|p1a: Skeledirge
|-damage|p2a: Tyrant's Legacy|71/100|[from] item: Life Orb
|
|-weather|Sandstorm|[upkeep]
|upkeep
|
|t:|1760873518
|switch|p1a: Great Tusk|Great Tusk|84/100
|turn|19
|
|t:|1760873523
|move|p2a: Tyrant's Legacy|Iron Head|p1a: Great Tusk
|-damage|p1a: Great Tusk|36/100
|-damage|p2a: Tyrant's Legacy|61/100|[from] item: Life Orb
|move|p1a: Great Tusk|Headlong Rush|p2a: Tyrant's Legacy
|-supereffective|p2a: Tyrant's Legacy
|-damage|p2a: Tyrant's Legacy|0 fnt
|-unboost|p1a: Great Tusk|def|1
|-unboost|p1a: Great Tusk|spd|1
|faint|p2a: Tyrant's Legacy
|
|win|elpets
|raw|elpets's rating: 1861 &rarr; <strong>1882</strong><br />(+21 for winning)
|raw|kshuaib734's rating: 1874 &rarr; <strong>1853</strong><br />(-21 for losing)
|l|☆kshuaib734
|player|p2|
|l|☆elpets
|player|p1|
|l| Puyu Paz
|l| harinaremix
|l| xmagic_77
