|j|☆tscher
|j|☆KennytheslugSmith
|t:|1760867580
|gametype|singles
|player|p1|tscher|266|1323
|player|p2|KennytheslugSmith|scientist-gen4dp|1395
|gen|9
|tier|[Gen 9] OU
|rated|
|rule|HP Percentage Mod: HP is shown in percentages
|rule|Endless Battle Clause: Forcing endless battles is banned
|rule|Species Clause: Limit one of each Pokémon
|rule|OHKO Clause: OHKO moves are banned
|rule|Evasion Items Clause: Evasion items are banned
|rule|Evasion Moves Clause: Evasion moves are banned
|rule|Evasion Abilities Clause: Evasion abilities are banned
|rule|Sleep Moves Clause: Sleep-inducing moves are banned
|clearpoke
|poke|p1|Jirachi|
|poke|p1|Landorus-Therian, M|
|poke|p1|Slowking, F|
|poke|p1|Great Tusk|
|poke|p1|Dragapult, F|
|poke|p1|Gholdengo|
|poke|p2|Hydrapple, M|
|poke|p2|Skarmory, M|
|poke|p2|Tyranitar, M|
|poke|p2|Alomomola, F|
|poke|p2|Clodsire, M|
|poke|p2|Clefable, M|
|teampreview
|inactive|Battle timer is ON: inactive players will automatically lose when time's up. (requested by KennytheslugSmith)
|
|t:|1760867597
|teamsize|p1|6
|teamsize|p2|6
|start
|switch|p1a: Jirachi|Jirachi|100/100
|switch|p2a: Tyranitar|Tyranitar, M|100/100
|-weather|Sandstorm|[from] ability: Sand Stream|[of] p2a: Tyranitar
|turn|1
|
|t:|1760867605
|move|p1a: Jirachi|U-turn|p2a: Tyranitar
|-supereffective|p2a: Tyranitar
|-damage|p2a: Tyranitar|76/100
|
|t:|1760867618
|switch|p1a: Landorus|Landorus-Therian, M|100/100|[from] U-turn
|-ability|p1a: Landorus|Intimidate|boost
|-unboost|p2a: Tyranitar|atk|1
|move|p2a: Tyranitar|Knock Off|p1a: Landorus
|-damage|p1a: Landorus|68/100
|-enditem|p1a: Landorus|Choice Scarf|[from] move: Knock Off|[of] p2a: Tyranitar
|
|-weather|Sandstorm|[upkeep]
|upkeep
|turn|2
|
|t:|1760867630
|switch|p2a: Skarmory|Skarmory, M|100/100
|move|p1a: Landorus|U-turn|p2a: Skarmory
|-resisted|p2a: Skarmory
|-damage|p2a: Skarmory|96/100
|
|t:|1760867636
|switch|p1a: Gholdengo|Gholdengo|100/100|[from] U-turn
|
|-weather|Sandstorm|[upkeep]
|upkeep
|turn|3
|
|t:|1760867643
|switch|p2a: Clodsire|Clodsire, M|100/100
|move|p1a: Gholdengo|Nasty Plot|p1a: Gholdengo
|-boost|p1a: Gholdengo|spa|2
|
|-weather|Sandstorm|[upkeep]
|upkeep
|turn|4
|
|t:|1760867651
|switch|p1a: Dragapult|Dragapult, F|100/100
|move|p2a: Clodsire|Amnesia|p2a: Clodsire
|-boost|p2a: Clodsire|spd|2
|
|-weather|Sandstorm|[upkeep]
|-damage|p1a: Dragapult|95/100|[from] Sandstorm
|upkeep
|turn|5
|
|t:|1760867660
|switch|p2a: Clefable|Clefable, M|100/100
|move|p1a: Dragapult|U-turn|p2a: Clefable
|-resisted|p2a: Clefable
|-damage|p2a: Clefable|93/100
|
|t:|1760867664
|switch|p1a: Gholdengo|Gholdengo|100/100|[from] U-turn
|
|-weather|none
|upkeep
|turn|6
|
|t:|1760867670
|switch|p1a: Jirachi|Jirachi|100/100
|switch|p2a: Clodsire|Clodsire, M|100/100
|
|upkeep
|turn|7
|
|t:|1760867677
|switch|p2a: Skarmory|Skarmory, M|96/100
|move|p1a: Jirachi|Body Slam|p2a: Skarmory
|-resisted|p2a: Skarmory
|-damage|p2a: Skarmory|90/100
|-status|p2a: Skarmory|par
|
|upkeep
|turn|8
|
|t:|1760867685
|move|p1a: Jirachi|U-turn|p2a: Skarmory
|-resisted|p2a: Skarmory
|-damage|p2a: Skarmory|88/100 par
|
|t:|1760867693
|switch|p1a: Slowking|Slowking, F|100/100|[from] U-turn
|cant|p2a: Skarmory|par
|
|upkeep
|turn|9
|
|t:|1760867701
|switch|p2a: Tyranitar|Tyranitar, M|76/100
|-weather|Sandstorm|[from] ability: Sand Stream|[of] p2a: Tyranitar
|move|p1a: Slowking|Future Sight|p2a: Tyranitar
|-start|p1a: Slowking|move: Future Sight
|
|-weather|Sandstorm|[upkeep]
|-damage|p1a: Slowking|94/100|[from] Sandstorm
|upkeep
|turn|10
|
|t:|1760867710
|switch|p1a: Landorus|Landorus-Therian, M|68/100
|-ability|p1a: Landorus|Intimidate|boost
|-unboost|p2a: Tyranitar|atk|1
|move|p2a: Tyranitar|Knock Off|p1a: Landorus
|-damage|p1a: Landorus|47/100
|
|-weather|Sandstorm|[upkeep]
|upkeep
|turn|11
|
|t:|1760867718
|switch|p2a: Skarmory|Skarmory, M|88/100 par
|move|p1a: Landorus|U-turn|p2a: Skarmory
|-resisted|p2a: Skarmory
|-damage|p2a: Skarmory|84/100 par
|
|t:|1760867724
|switch|p1a: Gholdengo|Gholdengo|100/100|[from] U-turn
|
|-weather|Sandstorm|[upkeep]
|-end|p2a: Skarmory|move: Future Sight
|-resisted|p2a: Skarmory
|-damage|p2a: Skarmory|54/100 par
|upkeep
|turn|12
|
|t:|1760867733
|switch|p1a: Slowking|Slowking, F|100/100
|switch|p2a: Clodsire|Clodsire, M|100/100
|
|-weather|Sandstorm|[upkeep]
|-damage|p1a: Slowking|94/100|[from] Sandstorm
|upkeep
|turn|13
|l|☆KennytheslugSmith
|inactive|KennytheslugSmith disconnected and has a minute to reconnect!
|player|p2|
|inactive|KennytheslugSmith has 30 seconds to reconnect!
|j|☆KennytheslugSmith
|inactive|KennytheslugSmith reconnected and has 95 seconds left.
|player|p2|KennytheslugSmith|scientist-gen4dp|
|inactive|KennytheslugSmith has 90 seconds left.
|
|t:|1760867794
|switch|p2a: Tyranitar|Tyranitar, M|76/100
|move|p1a: Slowking|Future Sight|p2a: Tyranitar
|-start|p1a: Slowking|move: Future Sight
|
|-weather|none
|upkeep
|turn|14
|
|t:|1760867802
|switch|p1a: Landorus|Landorus-Therian, M|47/100
|-ability|p1a: Landorus|Intimidate|boost
|-unboost|p2a: Tyranitar|atk|1
|move|p2a: Tyranitar|Stealth Rock|p1a: Landorus
|-sidestart|p1: tscher|move: Stealth Rock
|
|upkeep
|turn|15
|
|t:|1760867809
|switch|p2a: Alomomola|Alomomola, F, shiny|100/100
|move|p1a: Landorus|Earthquake|p2a: Alomomola
|-damage|p2a: Alomomola|66/100
|
|-end|p2a: Alomomola|move: Future Sight
|-damage|p2a: Alomomola|29/100
|upkeep
|turn|16
|
|t:|1760867819
|switch|p2a: Skarmory|Skarmory, M|54/100 par
|move|p1a: Landorus|Earthquake|p2a: Skarmory
|-immune|p2a: Skarmory
|
|upkeep
|turn|17
|
|t:|1760867826
|move|p1a: Landorus|U-turn|p2a: Skarmory
|-resisted|p2a: Skarmory
|-damage|p2a: Skarmory|50/100 par
|
|t:|1760867832
|switch|p1a: Dragapult|Dragapult, F|95/100|[from] U-turn
|move|p2a: Skarmory|Roost|p2a: Skarmory
|-heal|p2a: Skarmory|99/100 par
|-singleturn|p2a: Skarmory|move: Roost
|
|upkeep
|turn|18
|inactive|KennytheslugSmith has 120 seconds left.
|
|t:|1760867841
|switch|p2a: Tyranitar|Tyranitar, M|76/100
|-weather|Sandstorm|[from] ability: Sand Stream|[of] p2a: Tyranitar
|move|p1a: Dragapult|Hex|p2a: Tyranitar
|-resisted|p2a: Tyranitar
|-damage|p2a: Tyranitar|70/100
|
|-weather|Sandstorm|[upkeep]
|-damage|p1a: Dragapult|89/100|[from] Sandstorm
|upkeep
|turn|19
|inactive|KennytheslugSmith has 120 seconds left.
|
|t:|1760867852
|move|p1a: Dragapult|U-turn|p2a: Tyranitar
|-supereffective|p2a: Tyranitar
|-damage|p2a: Tyranitar|38/100
|
|t:|1760867855
|switch|p1a: Great Tusk|Great Tusk|100/100|[from] U-turn
|move|p2a: Tyranitar|Knock Off|p1a: Great Tusk
|-resisted|p1a: Great Tusk
|-damage|p1a: Great Tusk|85/100
|-enditem|p1a: Great Tusk|Heavy-Duty Boots|[from] move: Knock Off|[of] p2a: Tyranitar
|
|-weather|Sandstorm|[upkeep]
|upkeep
|turn|20
|
|t:|1760867865
|switch|p2a: Alomomola|Alomomola, F, shiny|62/100
|move|p1a: Great Tusk|Rapid Spin|p2a: Alomomola
|-damage|p2a: Alomomola|52/100
|-boost|p1a: Great Tusk|spe|1
|-sideend|p1: tscher|Stealth Rock|[from] move: Rapid Spin|[of] p1a: Great Tusk
|
|-weather|Sandstorm|[upkeep]
|-damage|p2a: Alomomola|46/100|[from] Sandstorm
|upkeep
|turn|21
|
|t:|1760867878
|switch|p2a: Hydrapple|Hydrapple, M|100/100
|move|p1a: Great Tusk|Headlong Rush|p2a: Hydrapple
|-resisted|p2a: Hydrapple
|-damage|p2a: Hydrapple|83/100
|-unboost|p1a: Great Tusk|def|1
|-unboost|p1a: Great Tusk|spd|1
|
|-weather|Sandstorm|[upkeep]
|-damage|p2a: Hydrapple|77/100|[from] Sandstorm
|upkeep
|turn|22
|
|t:|1760867889
|move|p1a: Great Tusk|Ice Spinner|p2a: Hydrapple
|-supereffective|p2a: Hydrapple
|-damage|p2a: Hydrapple|6/100
|move|p2a: Hydrapple|Giga Drain|p1a: Great Tusk
|-supereffective|p1a: Great Tusk
|-damage|p1a: Great Tusk|0 fnt
|-heal|p2a: Hydrapple|43/100|[from] drain|[of] p1a: Great Tusk
|faint|p1a: Great Tusk
|-end|p1a: Great Tusk|Protosynthesis|[silent]
|
|-weather|none
|upkeep
|
|t:|1760867897
|switch|p1a: Gholdengo|Gholdengo|100/100
|turn|23
|
|t:|1760867904
|switch|p1a: Landorus|Landorus-Therian, M|47/100
|-ability|p1a: Landorus|Intimidate|boost
|-unboost|p2a: Hydrapple|atk|1
|switch|p2a: Clodsire|Clodsire, M|100/100
|
|upkeep
|turn|24
|
|t:|1760867914
|switch|p2a: Skarmory|Skarmory, M|99/100 par
|move|p1a: Landorus|U-turn|p2a: Skarmory
|-resisted|p2a: Skarmory
|-damage|p2a: Skarmory|96/100 par
|
|t:|1760867923
|switch|p1a: Dragapult|Dragapult, F|89/100|[from] U-turn
|
|upkeep
|turn|25
|
|t:|1760867931
|switch|p2a: Clefable|Clefable, M|93/100
|move|p1a: Dragapult|Will-O-Wisp|p2a: Clefable|[miss]
|-miss|p1a: Dragapult|p2a: Clefable
|
|upkeep
|turn|26
|-message|tscher forfeited.
|
|win|KennytheslugSmith
|raw|tscher's rating: 1323 &rarr; <strong>1307</strong><br />(-16 for losing)
|raw|KennytheslugSmith's rating: 1395 &rarr; <strong>1411</strong><br />(+16 for winning)
|l|☆tscher
|player|p1|
