|j|☆WormThriceGreat
|j|☆theviolator3000
|t:|1760743218
|gametype|singles
|player|p1|WormThriceGreat|265|1161
|player|p2|theviolator3000|ninjaboy|1144
|gen|9
|tier|[Gen 9] OU
|rated|
|rule|HP Percentage Mod: HP is shown in percentages
|rule|Endless Battle Clause: Forcing endless battles is banned
|rule|Species Clause: Limit one of each Pokémon
|rule|OHKO Clause: OHKO moves are banned
|rule|Evasion Items Clause: Evasion items are banned
|rule|Evasion Moves Clause: Evasion moves are banned
|rule|Evasion Abilities Clause: Evasion abilities are banned
|rule|Sleep Moves Clause: Sleep-inducing moves are banned
|clearpoke
|poke|p1|Swampert, M|
|poke|p1|Pecharunt|
|poke|p1|Heatran, M|
|poke|p1|Enamorus, F|
|poke|p1|Garganacl, F|
|poke|p1|Ting-Lu|
|poke|p2|Alomomola, M|
|poke|p2|Rillaboom, F|
|poke|p2|Kyurem|
|poke|p2|Slowking-Galar, F|
|poke|p2|Great Tusk|
|poke|p2|Kingambit, M|
|teampreview
|inactive|Battle timer is ON: inactive players will automatically lose when time's up. (requested by theviolator3000)
|
|t:|1760743238
|teamsize|p1|6
|teamsize|p2|6
|start
|switch|p1a: Swampert|Swampert, M|100/100
|switch|p2a: Rillaboom|Rillaboom, F|100/100
|-fieldstart|move: Grassy Terrain|[from] ability: Grassy Surge|[of] p2a: Rillaboom
|turn|1
|
|t:|1760743244
|switch|p1a: Heatran|Heatran, M|100/100
|move|p2a: Rillaboom|Knock Off|p1a: Heatran
|-damage|p1a: Heatran|55/100
|-enditem|p1a: Heatran|Leftovers|[from] move: Knock Off|[of] p2a: Rillaboom
|
|-heal|p1a: Heatran|62/100|[from] Grassy Terrain
|upkeep
|turn|2
|
|t:|1760743255
|switch|p2a: Slowking|Slowking-Galar, F|100/100
|switch|p1a: Enamorus|Enamorus, F|100/100
|
|upkeep
|turn|3
|inactive|WormThriceGreat has 120 seconds left.
|
|t:|1760743293
|move|p1a: Enamorus|Earth Power|p2a: Slowking
|-supereffective|p2a: Slowking
|-damage|p2a: Slowking|52/100
|-damage|p1a: Enamorus|91/100|[from] item: Life Orb
|move|p2a: Slowking|Thunder Wave|p1a: Enamorus
|-status|p1a: Enamorus|par
|
|-heal|p2a: Slowking|58/100|[from] Grassy Terrain
|upkeep
|turn|4
|inactive|WormThriceGreat has 120 seconds left.
|
|t:|1760743309
|switch|p1a: Garganacl|Garganacl, F|100/100
|move|p2a: Slowking|Future Sight|p1a: Garganacl
|-start|p2a: Slowking|move: Future Sight
|
|-heal|p2a: Slowking|64/100|[from] Grassy Terrain
|upkeep
|turn|5
|inactive|WormThriceGreat has 120 seconds left.
|
|t:|1760743325
|switch|p2a: Alomomola|Alomomola, M|100/100
|move|p1a: Garganacl|Salt Cure|p2a: Alomomola
|-damage|p2a: Alomomola|93/100
|-start|p2a: Alomomola|Salt Cure
|
|-heal|p2a: Alomomola|99/100|[from] Grassy Terrain
|-damage|p2a: Alomomola|74/100|[from] Salt Cure
|-fieldend|move: Grassy Terrain
|upkeep
|turn|6
|inactive|WormThriceGreat has 120 seconds left.
|
|t:|1760743339
|switch|p2a: Rillaboom|Rillaboom, F|100/100
|-fieldstart|move: Grassy Terrain|[from] ability: Grassy Surge|[of] p2a: Rillaboom
|move|p1a: Garganacl|Body Press|p2a: Rillaboom
|-damage|p2a: Rillaboom|67/100
|
|-end|p1a: Garganacl|move: Future Sight
|-damage|p1a: Garganacl|57/100
|-heal|p2a: Rillaboom|73/100|[from] Grassy Terrain
|-heal|p1a: Garganacl|63/100|[from] Grassy Terrain
|-heal|p1a: Garganacl|69/100|[from] item: Leftovers
|upkeep
|turn|7
|inactive|WormThriceGreat has 120 seconds left.
|
|t:|1760743352
|switch|p1a: Pecharunt|Pecharunt|100/100
|move|p2a: Rillaboom|Wood Hammer|p1a: Pecharunt
|-resisted|p1a: Pecharunt
|-damage|p1a: Pecharunt|50/100
|-damage|p2a: Rillaboom|58/100|[from] Recoil
|
|-heal|p1a: Pecharunt|56/100|[from] Grassy Terrain
|-heal|p2a: Rillaboom|64/100|[from] Grassy Terrain
|upkeep
|turn|8
|inactive|WormThriceGreat has 120 seconds left.
|
|t:|1760743366
|switch|p2a: Slowking|Slowking-Galar, F|97/100
|move|p1a: Pecharunt|Malignant Chain|p2a: Slowking
|-resisted|p2a: Slowking
|-damage|p2a: Slowking|79/100
|
|-heal|p1a: Pecharunt|62/100|[from] Grassy Terrain
|-heal|p2a: Slowking|86/100|[from] Grassy Terrain
|upkeep
|turn|9
|inactive|WormThriceGreat has 120 seconds left.
|
|t:|1760743376
|switch|p1a: Enamorus|Enamorus, F|91/100 par
|move|p2a: Slowking|Future Sight|p1a: Enamorus
|-start|p2a: Slowking|move: Future Sight
|
|-heal|p2a: Slowking|92/100|[from] Grassy Terrain
|upkeep
|turn|10
|inactive|WormThriceGreat has 120 seconds left.
|
|t:|1760743400
|switch|p1a: Ting-Lu|Ting-Lu|100/100
|-ability|p1a: Ting-Lu|Vessel of Ruin
|move|p2a: Slowking|Sludge Bomb|p1a: Ting-Lu
|-resisted|p1a: Ting-Lu
|-damage|p1a: Ting-Lu|94/100
|
|-heal|p1a: Ting-Lu|99/100|[from] Grassy Terrain
|-heal|p2a: Slowking|98/100|[from] Grassy Terrain
|-fieldend|move: Grassy Terrain
|upkeep
|turn|11
|
|t:|1760743409
|move|p1a: Ting-Lu|Spikes|p2a: Slowking
|-sidestart|p2: theviolator3000|Spikes
|-prepare|p2a: Slowking|Chilly Reception|[premajor]
|move|p2a: Slowking|Chilly Reception|p2a: Slowking
|-weather|Snowscape
|
|t:|1760743421
|switch|p2a: Kyurem|Kyurem|100/100|[from] Chilly Reception
|-damage|p2a: Kyurem|88/100|[from] Spikes
|-ability|p2a: Kyurem|Pressure
|
|-weather|Snowscape|[upkeep]
|-end|p1a: Ting-Lu|move: Future Sight
|-immune|p1a: Ting-Lu
|upkeep
|turn|12
|inactive|WormThriceGreat has 120 seconds left.
|
|t:|1760743434
|switch|p1a: Swampert|Swampert, M|100/100
|move|p2a: Kyurem|Earth Power|p1a: Swampert
|-damage|p1a: Swampert|61/100
|
|-weather|Snowscape|[upkeep]
|upkeep
|turn|13
|
|t:|1760743445
|switch|p2a: Alomomola|Alomomola, M|100/100
|move|p1a: Swampert|Earthquake|p2a: Alomomola
|-crit|p2a: Alomomola
|-damage|p2a: Alomomola|58/100
|
|-weather|Snowscape|[upkeep]
|upkeep
|turn|14
|inactive|WormThriceGreat has 120 seconds left.
|
|t:|1760743481
|switch|p1a: Garganacl|Garganacl, F|69/100
|move|p2a: Alomomola|Tickle|p1a: Garganacl
|-unboost|p1a: Garganacl|atk|1
|-unboost|p1a: Garganacl|def|1
|
|-weather|Snowscape|[upkeep]
|-heal|p1a: Garganacl|75/100|[from] item: Leftovers
|upkeep
|turn|15
|
|t:|1760743491
|move|p2a: Alomomola|Wish|p2a: Alomomola
|move|p1a: Garganacl|Salt Cure|p2a: Alomomola
|-damage|p2a: Alomomola|53/100
|-start|p2a: Alomomola|Salt Cure
|
|-weather|none
|-heal|p1a: Garganacl|81/100|[from] item: Leftovers
|-damage|p2a: Alomomola|28/100|[from] Salt Cure
|upkeep
|turn|16
|
|t:|1760743500
|switch|p2a: Rillaboom|Rillaboom, F|64/100
|-damage|p2a: Rillaboom|52/100|[from] Spikes
|-fieldstart|move: Grassy Terrain|[from] ability: Grassy Surge|[of] p2a: Rillaboom
|move|p1a: Garganacl|Salt Cure|p2a: Rillaboom
|-damage|p2a: Rillaboom|41/100
|-start|p2a: Rillaboom|Salt Cure
|
|-heal|p2a: Rillaboom|100/100|[from] move: Wish|[wisher] Alomomola
|-heal|p1a: Garganacl|88/100|[from] Grassy Terrain
|-heal|p1a: Garganacl|94/100|[from] item: Leftovers
|-damage|p2a: Rillaboom|88/100|[from] Salt Cure
|upkeep
|turn|17
|
|t:|1760743518
|move|p1a: Garganacl|Protect|p1a: Garganacl
|-singleturn|p1a: Garganacl|Protect
|move|p2a: Rillaboom|U-turn|p1a: Garganacl
|-activate|p1a: Garganacl|move: Protect
|
|-heal|p2a: Rillaboom|94/100|[from] Grassy Terrain
|-heal|p1a: Garganacl|99/100|[from] Grassy Terrain
|-heal|p1a: Garganacl|100/100|[from] item: Leftovers
|-damage|p2a: Rillaboom|82/100|[from] Salt Cure
|upkeep
|turn|18
|
|t:|1760743530
|move|p2a: Rillaboom|U-turn|p1a: Garganacl
|-damage|p1a: Garganacl|70/100
|
|t:|1760743540
|switch|p2a: Great Tusk|Great Tusk|100/100|[from] U-turn
|move|p1a: Garganacl|Salt Cure|p2a: Great Tusk
|-resisted|p2a: Great Tusk
|-damage|p2a: Great Tusk|99/100
|-start|p2a: Great Tusk|Salt Cure
|
|-heal|p2a: Great Tusk|100/100|[from] Grassy Terrain
|-heal|p1a: Garganacl|76/100|[from] Grassy Terrain
|-heal|p1a: Garganacl|82/100|[from] item: Leftovers
|-damage|p2a: Great Tusk|88/100|[from] Salt Cure
|upkeep
|turn|19
|
|t:|1760743552
|switch|p1a: Pecharunt|Pecharunt|62/100
|move|p2a: Great Tusk|Headlong Rush|p1a: Pecharunt
|-supereffective|p1a: Pecharunt
|-damage|p1a: Pecharunt|0 fnt
|-unboost|p2a: Great Tusk|def|1
|-unboost|p2a: Great Tusk|spd|1
|faint|p1a: Pecharunt
|
|-heal|p2a: Great Tusk|94/100|[from] Grassy Terrain
|-damage|p2a: Great Tusk|82/100|[from] Salt Cure
|upkeep
|
|t:|1760743568
|switch|p1a: Swampert|Swampert, M|61/100
|turn|20
|
|t:|1760743576
|-end|p2a: Great Tusk|Protosynthesis|[silent]
|switch|p2a: Alomomola|Alomomola, M|61/100
|move|p1a: Swampert|Liquidation|p2a: Alomomola
|-resisted|p2a: Alomomola
|-damage|p2a: Alomomola|50/100
|
|-heal|p1a: Swampert|67/100|[from] Grassy Terrain
|-heal|p2a: Alomomola|56/100|[from] Grassy Terrain
|-fieldend|move: Grassy Terrain
|upkeep
|turn|21
|
|t:|1760743583
|move|p1a: Swampert|Earthquake|p2a: Alomomola
|-damage|p2a: Alomomola|30/100
|move|p2a: Alomomola|Wish|p2a: Alomomola
|
|upkeep
|turn|22
|inactive|WormThriceGreat has 120 seconds left.
|
|t:|1760743589
|move|p2a: Alomomola|Protect|p2a: Alomomola
|-singleturn|p2a: Alomomola|Protect
|move|p1a: Swampert|Curse|p1a: Swampert
|-unboost|p1a: Swampert|spe|1
|-boost|p1a: Swampert|atk|1
|-boost|p1a: Swampert|def|1
|
|-heal|p2a: Alomomola|80/100|[from] move: Wish|[wisher] Alomomola
|upkeep
|turn|23
|
|t:|1760743597
|move|p2a: Alomomola|Tickle|p1a: Swampert
|-unboost|p1a: Swampert|atk|1
|-unboost|p1a: Swampert|def|1
|move|p1a: Swampert|Earthquake|p2a: Alomomola
|-crit|p2a: Alomomola
|-damage|p2a: Alomomola|41/100
|
|upkeep
|turn|24
|
|t:|1760743605
|switch|p1a: Heatran|Heatran, M|62/100
|move|p2a: Alomomola|Flip Turn|p1a: Heatran
|-supereffective|p1a: Heatran
|-damage|p1a: Heatran|35/100
|inactive|theviolator3000 has 120 seconds left.
|
|t:|1760743647
|switch|p2a: Great Tusk|Great Tusk|82/100|[from] Flip Turn
|
|upkeep
|turn|25
|inactive|WormThriceGreat has 120 seconds left.
|
|t:|1760743682
|move|p2a: Great Tusk|Headlong Rush|p1a: Heatran
|-supereffective|p1a: Heatran
|-damage|p1a: Heatran|0 fnt
|-unboost|p2a: Great Tusk|def|1
|-unboost|p2a: Great Tusk|spd|1
|faint|p1a: Heatran
|
|upkeep
|
|t:|1760743684
|switch|p1a: Garganacl|Garganacl, F|82/100
|turn|26
|
|t:|1760743693
|switch|p1a: Enamorus|Enamorus, F|91/100 par
|move|p2a: Great Tusk|Headlong Rush|p1a: Enamorus
|-immune|p1a: Enamorus
|
|upkeep
|turn|27
|inactive|theviolator3000 has 120 seconds left.
|
|t:|1760743718
|move|p2a: Great Tusk|Ice Spinner|p1a: Enamorus
|-supereffective|p1a: Enamorus
|-damage|p1a: Enamorus|8/100 par
|move|p1a: Enamorus|Moonblast|p2a: Great Tusk
|-supereffective|p2a: Great Tusk
|-damage|p2a: Great Tusk|0 fnt
|faint|p2a: Great Tusk
|-end|p2a: Great Tusk|Protosynthesis|[silent]
|-damage|p1a: Enamorus|0 fnt|[from] item: Life Orb
|faint|p1a: Enamorus
|
|upkeep
|inactive|WormThriceGreat has 120 seconds left.
|
|t:|1760743742
|switch|p1a: Garganacl|Garganacl, F|82/100
|switch|p2a: Kyurem|Kyurem|88/100
|-damage|p2a: Kyurem|76/100|[from] Spikes
|-ability|p2a: Kyurem|Pressure
|turn|28
|
|t:|1760743750
|move|p2a: Kyurem|Draco Meteor|p1a: Garganacl
|-damage|p1a: Garganacl|0 fnt
|-unboost|p2a: Kyurem|spa|2
|faint|p1a: Garganacl
|
|upkeep
|
|t:|1760743754
|switch|p1a: Swampert|Swampert, M|67/100
|turn|29
|
|t:|1760743759
|switch|p2a: Rillaboom|Rillaboom, F|82/100
|-damage|p2a: Rillaboom|70/100|[from] Spikes
|-fieldstart|move: Grassy Terrain|[from] ability: Grassy Surge|[of] p2a: Rillaboom
|move|p1a: Swampert|Curse|p1a: Swampert
|-unboost|p1a: Swampert|spe|1
|-boost|p1a: Swampert|atk|1
|-boost|p1a: Swampert|def|1
|
|-heal|p2a: Rillaboom|76/100|[from] Grassy Terrain
|-heal|p1a: Swampert|73/100|[from] Grassy Terrain
|upkeep
|turn|30
|inactive|theviolator3000 has 120 seconds left.
|
|t:|1760743774
|-terastallize|p2a: Rillaboom|Grass
|-terastallize|p1a: Swampert|Water
|move|p2a: Rillaboom|Wood Hammer|p1a: Swampert
|-supereffective|p1a: Swampert
|-damage|p1a: Swampert|0 fnt
|faint|p1a: Swampert
|-damage|p2a: Rillaboom|47/100|[from] Recoil
|
|-heal|p2a: Rillaboom|54/100|[from] Grassy Terrain
|upkeep
|
|t:|1760743783
|switch|p1a: Ting-Lu|Ting-Lu|99/100
|-ability|p1a: Ting-Lu|Vessel of Ruin
|turn|31
|
|t:|1760743789
|move|p2a: Rillaboom|Wood Hammer|p1a: Ting-Lu
|-supereffective|p1a: Ting-Lu
|-damage|p1a: Ting-Lu|0 fnt
|faint|p1a: Ting-Lu
|-damage|p2a: Rillaboom|4/100|[from] Recoil
|
|win|theviolator3000
|raw|WormThriceGreat's rating: 1161 &rarr; <strong>1135</strong><br />(-26 for losing)
|raw|theviolator3000's rating: 1144 &rarr; <strong>1170</strong><br />(+26 for winning)
|c|☆theviolator3000|gg
