|j|☆Cungy21
|j|☆Duqki
|t:|1760763276
|gametype|singles
|player|p1|Cungy21|li|1070
|player|p2|Duqki|101|1066
|gen|9
|tier|[Gen 9] OU
|rated|
|rule|HP Percentage Mod: HP is shown in percentages
|rule|Endless Battle Clause: Forcing endless battles is banned
|rule|Species Clause: Limit one of each Pokémon
|rule|OHKO Clause: OHKO moves are banned
|rule|Evasion Items Clause: Evasion items are banned
|rule|Evasion Moves Clause: Evasion moves are banned
|rule|Evasion Abilities Clause: Evasion abilities are banned
|rule|Sleep Moves Clause: Sleep-inducing moves are banned
|clearpoke
|poke|p1|Zamazenta-*|
|poke|p1|Gholdengo|
|poke|p1|Darkrai|
|poke|p1|Dragapult, F|
|poke|p1|Dragonite, F|
|poke|p1|Slowking-Galar, F|
|poke|p2|Arcanine-Hisui, F|
|poke|p2|Araquanid, M|
|poke|p2|Corviknight, F|
|poke|p2|Darkrai|
|poke|p2|Polteageist-Antique|
|poke|p2|Zamazenta-*|
|teampreview
|inactive|Battle timer is ON: inactive players will automatically lose when time's up. (requested by Cungy21)
|
|t:|1760763290
|teamsize|p1|6
|teamsize|p2|6
|start
|switch|p1a: Dragapult|Dragapult, F|100/100
|switch|p2a: Araquanid|Araquanid, M|100/100
|turn|1
|
|t:|1760763298
|move|p1a: Dragapult|Thunder|p2a: Araquanid
|-supereffective|p2a: Araquanid
|-damage|p2a: Araquanid|26/100
|-status|p2a: Araquanid|par
|-damage|p1a: Dragapult|91/100|[from] item: Life Orb
|cant|p2a: Araquanid|par
|
|upkeep
|turn|2
|
|t:|1760763309
|move|p1a: Dragapult|Shadow Ball|p2a: Araquanid
|-damage|p2a: Araquanid|0 fnt
|faint|p2a: Araquanid
|-damage|p1a: Dragapult|81/100|[from] item: Life Orb
|
|upkeep
|
|t:|1760763314
|switch|p2a: Polteageist|Polteageist-Antique|100/100
|turn|3
|
|t:|1760763336
|switch|p1a: Darkrai|Darkrai|100/100
|move|p2a: Polteageist|Shell Smash|p2a: Polteageist
|-unboost|p2a: Polteageist|def|1
|-unboost|p2a: Polteageist|spd|1
|-boost|p2a: Polteageist|atk|2
|-boost|p2a: Polteageist|spa|2
|-boost|p2a: Polteageist|spe|2
|
|upkeep
|turn|4
|
|t:|1760763346
|move|p1a: Darkrai|Dark Pulse|p2a: Polteageist
|-supereffective|p2a: Polteageist
|-crit|p2a: Polteageist
|-enditem|p2a: Polteageist|Focus Sash
|-damage|p2a: Polteageist|1/100
|move|p2a: Polteageist|Shell Smash|p2a: Polteageist
|-unboost|p2a: Polteageist|def|1
|-unboost|p2a: Polteageist|spd|1
|-boost|p2a: Polteageist|atk|2
|-boost|p2a: Polteageist|spa|2
|-boost|p2a: Polteageist|spe|2
|
|upkeep
|turn|5
|
|t:|1760763355
|move|p2a: Polteageist|Hex|p1a: Darkrai
|-resisted|p1a: Darkrai
|-damage|p1a: Darkrai|23/100
|move|p1a: Darkrai|Dark Pulse|p2a: Polteageist
|-supereffective|p2a: Polteageist
|-damage|p2a: Polteageist|0 fnt
|faint|p2a: Polteageist
|
|upkeep
|
|t:|1760763362
|switch|p2a: Arcanine|Arcanine-Hisui, F|100/100
|turn|6
|inactive|Cungy21 has 120 seconds left.
|
|t:|1760763398
|move|p1a: Darkrai|Dark Pulse|p2a: Arcanine
|-damage|p2a: Arcanine|41/100
|move|p2a: Arcanine|Head Smash|p1a: Darkrai
|-damage|p1a: Darkrai|0 fnt
|faint|p1a: Darkrai
|-damage|p2a: Arcanine|32/100|[from] item: Life Orb
|
|upkeep
|
|t:|1760763416
|switch|p1a: Dragapult|Dragapult, F|81/100
|turn|7
|-message|Duqki forfeited.
|
|win|Cungy21
|raw|Cungy21's rating: 1070 &rarr; <strong>1099</strong><br />(+29 for winning)
|raw|Duqki's rating: 1066 &rarr; <strong>1046</strong><br />(-20 for losing)
|l|☆Duqki
|player|p2|
|l|☆Cungy21
|player|p1|
