|j|☆Pikka888
|j|☆azad555
|t:|1760768504
|gametype|singles
|player|p1|Pikka888|1|1275
|player|p2|azad555|170|1357
|gen|9
|tier|[Gen 9] OU
|rated|
|rule|HP Percentage Mod: HP is shown in percentages
|rule|Endless Battle Clause: Forcing endless battles is banned
|rule|Species Clause: Limit one of each Pokémon
|rule|OHKO Clause: OHKO moves are banned
|rule|Evasion Items Clause: Evasion items are banned
|rule|Evasion Moves Clause: Evasion moves are banned
|rule|Evasion Abilities Clause: Evasion abilities are banned
|rule|Sleep Moves Clause: Sleep-inducing moves are banned
|clearpoke
|poke|p1|Victreebel, M|
|poke|p1|Torkoal, M|
|poke|p1|Raging Bolt|
|poke|p1|Hatterene, F|
|poke|p1|Landorus-Therian, M|
|poke|p1|Darkrai|
|poke|p2|Cinderace, F|
|poke|p2|Serperior, F|
|poke|p2|Kingambit, M|
|poke|p2|Vikavolt, M|
|poke|p2|Milotic, M|
|poke|p2|Empoleon, F|
|teampreview
|
|t:|1760768514
|teamsize|p1|6
|teamsize|p2|6
|start
|switch|p1a: Torkoal|Torkoal, M|100/100
|switch|p2a: Cummer|Vikavolt, M|100/100
|-weather|SunnyDay|[from] ability: Drought|[of] p1a: Torkoal
|turn|1
|
|t:|1760768517
|move|p2a: Cummer|Sticky Web|p1a: Torkoal
|-sidestart|p1: Pikka888|move: Sticky Web
|move|p1a: Torkoal|Lava Plume|p2a: Cummer
|-supereffective|p2a: Cummer
|-damage|p2a: Cummer|5/100
|-status|p2a: Cummer|brn
|
|-weather|SunnyDay|[upkeep]
|-damage|p2a: Cummer|0 fnt|[from] brn
|faint|p2a: Cummer
|upkeep
|
|t:|1760768520
|switch|p2a: Surprisedmf|Cinderace, F|100/100
|turn|2
|
|t:|1760768523
|move|p2a: Surprisedmf|Court Change|p2a: Surprisedmf
|-start|p2a: Surprisedmf|typechange|Normal|[from] ability: Libero
|-swapsideconditions
|-activate|p2a: Surprisedmf|move: Court Change
|move|p1a: Torkoal|Rapid Spin|p2a: Surprisedmf
|-damage|p2a: Surprisedmf|88/100
|-boost|p1a: Torkoal|spe|1
|
|-weather|SunnyDay|[upkeep]
|upkeep
|turn|3
|
|t:|1760768530
|move|p2a: Surprisedmf|Taunt|p1a: Torkoal
|-start|p1a: Torkoal|move: Taunt
|cant|p1a: Torkoal|move: Taunt|Stealth Rock
|
|-weather|SunnyDay|[upkeep]
|upkeep
|turn|4
|
|t:|1760768542
|move|p2a: Surprisedmf|U-turn|p1a: Torkoal
|-resisted|p1a: Torkoal
|-crit|p1a: Torkoal
|-damage|p1a: Torkoal|89/100
|
|t:|1760768544
|switch|p2a: Baddie|Milotic, M, shiny|100/100|[from] U-turn
|-activate|p2a: Baddie|move: Sticky Web
|-unboost|p2a: Baddie|spe|1
|-ability|p2a: Baddie|Competitive|boost
|-boost|p2a: Baddie|spa|2
|move|p1a: Torkoal|Body Press|p2a: Baddie
|-crit|p2a: Baddie
|-damage|p2a: Baddie|64/100
|
|-weather|SunnyDay|[upkeep]
|-heal|p2a: Baddie|70/100|[from] item: Leftovers
|upkeep
|turn|5
|
|t:|1760768564
|switch|p1a: Hatterene|Hatterene, F, shiny|100/100
|move|p2a: Baddie|Scald|p1a: Hatterene
|-damage|p1a: Hatterene|61/100
|
|-weather|SunnyDay|[upkeep]
|-heal|p2a: Baddie|76/100|[from] item: Leftovers
|upkeep
|turn|6
|
|t:|1760768572
|move|p2a: Baddie|Flip Turn|p1a: Hatterene
|-damage|p1a: Hatterene|55/100
|
|t:|1760768577
|switch|p2a: Empoleon|Empoleon, F|100/100|[from] Flip Turn
|-activate|p2a: Empoleon|move: Sticky Web
|-unboost|p2a: Empoleon|spe|1
|-ability|p2a: Empoleon|Competitive|boost
|-boost|p2a: Empoleon|spa|2
|move|p1a: Hatterene|Psychic Noise|p2a: Empoleon
|-resisted|p2a: Empoleon
|-damage|p2a: Empoleon|87/100
|-start|p2a: Empoleon|move: Heal Block
|
|-weather|SunnyDay|[upkeep]
|upkeep
|turn|7
|
|t:|1760768588
|move|p1a: Hatterene|Psychic Noise|p2a: Empoleon
|-resisted|p2a: Empoleon
|-damage|p2a: Empoleon|72/100
|move|p2a: Empoleon|Flash Cannon|p1a: Hatterene
|-supereffective|p1a: Hatterene
|-damage|p1a: Hatterene|0 fnt
|faint|p1a: Hatterene
|
|-weather|SunnyDay|[upkeep]
|-end|p2a: Empoleon|move: Heal Block
|upkeep
|
|t:|1760768595
|switch|p1a: Landorus|Landorus-Therian, M, shiny|100/100
|-ability|p1a: Landorus|Intimidate|boost
|-unboost|p2a: Empoleon|atk|1
|-ability|p2a: Empoleon|Competitive|boost
|-boost|p2a: Empoleon|spa|2
|turn|8
|
|t:|1760768613
|-terastallize|p2a: Empoleon|Water
|move|p1a: Landorus|Earth Power|p2a: Empoleon
|-damage|p2a: Empoleon|37/100
|move|p2a: Empoleon|Surf|p1a: Landorus
|-supereffective|p1a: Landorus
|-damage|p1a: Landorus|0 fnt
|faint|p1a: Landorus
|
|-weather|none
|-heal|p2a: Empoleon|43/100|[from] item: Leftovers
|upkeep
|
|t:|1760768620
|switch|p1a: Raging Bolt|Raging Bolt|100/100
|turn|9
|
|t:|1760768624
|move|p1a: Raging Bolt|Volt Switch|p2a: Empoleon
|-supereffective|p2a: Empoleon
|-damage|p2a: Empoleon|0 fnt
|faint|p2a: Empoleon
|
|t:|1760768629
|-end|p1a: Raging Bolt|Protosynthesis|[silent]
|switch|p1a: Torkoal|Torkoal, M|89/100|[from] Volt Switch
|-weather|SunnyDay|[from] ability: Drought|[of] p1a: Torkoal
|
|-weather|SunnyDay|[upkeep]
|upkeep
|
|t:|1760768638
|switch|p2a: Baddie|Milotic, M, shiny|76/100
|-activate|p2a: Baddie|move: Sticky Web
|-unboost|p2a: Baddie|spe|1
|-ability|p2a: Baddie|Competitive|boost
|-boost|p2a: Baddie|spa|2
|turn|10
|
|t:|1760768649
|switch|p1a: Raging Bolt|Raging Bolt|100/100
|-activate|p1a: Raging Bolt|ability: Protosynthesis
|-start|p1a: Raging Bolt|protosynthesisspa
|move|p2a: Baddie|Scald|p1a: Raging Bolt
|-resisted|p1a: Raging Bolt
|-damage|p1a: Raging Bolt|83/100
|
|-weather|SunnyDay|[upkeep]
|-heal|p2a: Baddie|82/100|[from] item: Leftovers
|upkeep
|turn|11
|
|t:|1760768658
|switch|p2a: Surprisedmf|Cinderace, F|88/100
|move|p1a: Raging Bolt|Thunderbolt|p2a: Surprisedmf
|-damage|p2a: Surprisedmf|0 fnt
|faint|p2a: Surprisedmf
|
|-weather|SunnyDay|[upkeep]
|upkeep
|
|t:|1760768669
|switch|p2a: Reverse snake|Serperior, F, shiny|100/100
|-activate|p2a: Reverse snake|move: Sticky Web
|-boost|p2a: Reverse snake|spe|1
|turn|12
|
|t:|1760768675
|-end|p1a: Raging Bolt|Protosynthesis|[silent]
|switch|p1a: Torkoal|Torkoal, M|89/100
|move|p2a: Reverse snake|Leaf Storm|p1a: Torkoal
|-resisted|p1a: Torkoal
|-damage|p1a: Torkoal|63/100
|-boost|p2a: Reverse snake|spa|2
|
|-weather|SunnyDay|[upkeep]
|upkeep
|turn|13
|
|t:|1760768680
|move|p2a: Reverse snake|Leaf Storm|p1a: Torkoal
|-resisted|p1a: Torkoal
|-damage|p1a: Torkoal|16/100
|-boost|p2a: Reverse snake|spa|2
|move|p1a: Torkoal|Lava Plume|p2a: Reverse snake
|-supereffective|p2a: Reverse snake
|-damage|p2a: Reverse snake|43/100
|
|-weather|SunnyDay|[upkeep]
|upkeep
|turn|14
|
|t:|1760768687
|move|p2a: Reverse snake|Leaf Storm|p1a: Torkoal
|-resisted|p1a: Torkoal
|-damage|p1a: Torkoal|0 fnt
|-boost|p2a: Reverse snake|spa|2
|faint|p1a: Torkoal
|
|-weather|SunnyDay|[upkeep]
|upkeep
|
|t:|1760768694
|switch|p1a: Victreebel|Victreebel, M, shiny|100/100
|turn|15
|
|t:|1760768701
|move|p2a: Reverse snake|Leaf Storm|p1a: Victreebel
|-resisted|p1a: Victreebel
|-damage|p1a: Victreebel|46/100
|move|p1a: Victreebel|Sludge Bomb|p2a: Reverse snake
|-supereffective|p2a: Reverse snake
|-damage|p2a: Reverse snake|0 fnt
|faint|p2a: Reverse snake
|
|-weather|SunnyDay|[upkeep]
|upkeep
|
|t:|1760768706
|switch|p2a: Don't kick|Kingambit, M|100/100
|-activate|p2a: Don't kick|move: Sticky Web
|-unboost|p2a: Don't kick|spe|1
|-ability|p2a: Don't kick|Defiant|boost
|-boost|p2a: Don't kick|atk|2
|turn|16
|
|t:|1760768710
|move|p1a: Victreebel|Strength Sap|p2a: Don't kick
|-unboost|p2a: Don't kick|atk|1
|-ability|p2a: Don't kick|Defiant|boost
|-boost|p2a: Don't kick|atk|2
|-heal|p1a: Victreebel|100/100
|move|p2a: Don't kick|Kowtow Cleave|p1a: Victreebel
|-damage|p1a: Victreebel|0 fnt
|-damage|p2a: Don't kick|84/100|[from] item: Rocky Helmet|[of] p1a: Victreebel
|faint|p1a: Victreebel
|
|-weather|none
|upkeep
|
|t:|1760768719
|switch|p1a: Darkrai|Darkrai, shiny|100/100
|turn|17
|
|t:|1760768725
|move|p1a: Darkrai|Focus Blast|p2a: Don't kick
|-supereffective|p2a: Don't kick
|-enditem|p2a: Don't kick|Chople Berry|[eat]
|-enditem|p2a: Don't kick|Chople Berry|[weaken]
|-damage|p2a: Don't kick|0 fnt
|faint|p2a: Don't kick
|
|upkeep
|
|t:|1760768730
|switch|p2a: Baddie|Milotic, M, shiny|82/100
|-activate|p2a: Baddie|move: Sticky Web
|-unboost|p2a: Baddie|spe|1
|-ability|p2a: Baddie|Competitive|boost
|-boost|p2a: Baddie|spa|2
|turn|18
|
|t:|1760768737
|move|p1a: Darkrai|Focus Blast|p2a: Baddie
|-damage|p2a: Baddie|30/100
|-unboost|p2a: Baddie|spd|1
|-ability|p2a: Baddie|Competitive|boost
|-boost|p2a: Baddie|spa|2
|move|p2a: Baddie|Recover|p2a: Baddie
|-heal|p2a: Baddie|80/100
|
|-heal|p2a: Baddie|86/100|[from] item: Leftovers
|upkeep
|turn|19
|
|t:|1760768744
|move|p1a: Darkrai|Focus Blast|p2a: Baddie
|-damage|p2a: Baddie|14/100
|-unboost|p2a: Baddie|spd|1
|-ability|p2a: Baddie|Competitive|boost
|-boost|p2a: Baddie|spa|2
|move|p2a: Baddie|Scald|p1a: Darkrai
|-damage|p1a: Darkrai|0 fnt
|faint|p1a: Darkrai
|
|-heal|p2a: Baddie|20/100|[from] item: Leftovers
|upkeep
|
|t:|1760768747
|switch|p1a: Raging Bolt|Raging Bolt|83/100
|turn|20
|
|t:|1760768752
|move|p1a: Raging Bolt|Thunderbolt|p2a: Baddie
|-supereffective|p2a: Baddie
|-damage|p2a: Baddie|0 fnt
|faint|p2a: Baddie
|
|win|Pikka888
|raw|Pikka888's rating: 1275 &rarr; <strong>1306</strong><br />(+31 for winning)
|raw|azad555's rating: 1357 &rarr; <strong>1332</strong><br />(-25 for losing)
|l|☆azad555
|player|p2|
|l|☆Pikka888
|player|p1|
