|j|☆Motherfuck ICE
|j|☆models&baddies
|t:|1760756980
|gametype|singles
|player|p1|Motherfuck ICE|psychicfjp-gen3|1434
|player|p2|models&baddies|266|1447
|gen|9
|tier|[Gen 9] OU
|rated|
|rule|HP Percentage Mod: HP is shown in percentages
|rule|Endless Battle Clause: Forcing endless battles is banned
|rule|Species Clause: Limit one of each Pokémon
|rule|OHKO Clause: OHKO moves are banned
|rule|Evasion Items Clause: Evasion items are banned
|rule|Evasion Moves Clause: Evasion moves are banned
|rule|Evasion Abilities Clause: Evasion abilities are banned
|rule|Sleep Moves Clause: Sleep-inducing moves are banned
|clearpoke
|poke|p1|Garchomp, M|
|poke|p1|Darkrai|
|poke|p1|Gholdengo|
|poke|p1|Ogerpon-Wellspring, F|
|poke|p1|Iron Valiant|
|poke|p1|Iron Treads|
|poke|p2|Azelf|
|poke|p2|Salazzle, F|
|poke|p2|Gholdengo|
|poke|p2|Garchomp, F|
|poke|p2|Mesprit|
|poke|p2|Conkeldurr, M|
|teampreview
|
|t:|1760756987
|teamsize|p1|6
|teamsize|p2|6
|start
|switch|p1a: Darkrai|Darkrai|100/100
|switch|p2a: Garchomp|Garchomp, F|100/100
|turn|1
|
|t:|1760756993
|move|p1a: Darkrai|Ice Beam|p2a: Garchomp
|-supereffective|p2a: Garchomp
|-damage|p2a: Garchomp|0 fnt
|faint|p2a: Garchomp
|
|upkeep
|inactive|Battle timer is ON: inactive players will automatically lose when time's up. (requested by Motherfuck ICE)
|
|t:|1760756998
|switch|p2a: Salazzle|Salazzle, F|100/100
|turn|2
|
|t:|1760757010
|move|p1a: Darkrai|Dark Pulse|p2a: Salazzle
|-damage|p2a: Salazzle|18/100
|move|p2a: Salazzle|Sludge Bomb|p1a: Darkrai
|-damage|p1a: Darkrai|13/100
|-damage|p2a: Salazzle|8/100|[from] item: Life Orb
|
|upkeep
|turn|3
|
|t:|1760757023
|move|p1a: Darkrai|Knock Off|p2a: Salazzle
|-damage|p2a: Salazzle|0 fnt
|-enditem|p2a: Salazzle|Life Orb|[from] move: Knock Off|[of] p1a: Darkrai
|faint|p2a: Salazzle
|
|upkeep
|
|t:|1760757026
|switch|p2a: Conkeldurr|Conkeldurr, M|100/100
|turn|4
|
|t:|1760757041
|switch|p1a: Garchomp|Garchomp, M|100/100
|move|p2a: Conkeldurr|Mach Punch|p1a: Garchomp
|-damage|p1a: Garchomp|90/100
|-damage|p2a: Conkeldurr|88/100|[from] ability: Rough Skin|[of] p1a: Garchomp
|-damage|p2a: Conkeldurr|72/100|[from] item: Rocky Helmet|[of] p1a: Garchomp
|
|upkeep
|turn|5
|
|t:|1760757046
|move|p2a: Conkeldurr|Ice Punch|p1a: Garchomp
|-supereffective|p1a: Garchomp
|-damage|p1a: Garchomp|32/100
|-damage|p2a: Conkeldurr|59/100|[from] ability: Rough Skin|[of] p1a: Garchomp
|-damage|p2a: Conkeldurr|43/100|[from] item: Rocky Helmet|[of] p1a: Garchomp
|move|p1a: Garchomp|Dragon Tail|p2a: Conkeldurr
|-damage|p2a: Conkeldurr|20/100
|drag|p2a: Mesprit|Mesprit|100/100
|
|upkeep
|turn|6
|
|t:|1760757061
|switch|p1a: Darkrai|Darkrai|13/100
|move|p2a: Mesprit|Magic Room|p2a: Mesprit
|-fieldstart|move: Magic Room|[of] p2a: Mesprit
|
|upkeep
|turn|7
|
|t:|1760757072
|switch|p2a: Gholdengo|Gholdengo|100/100
|move|p1a: Darkrai|Dark Pulse|p2a: Gholdengo
|-supereffective|p2a: Gholdengo
|-damage|p2a: Gholdengo|14/100
|
|upkeep
|turn|8
|
|t:|1760757083
|move|p1a: Darkrai|Dark Pulse|p2a: Gholdengo
|-supereffective|p2a: Gholdengo
|-damage|p2a: Gholdengo|0 fnt
|faint|p2a: Gholdengo
|
|upkeep
|
|t:|1760757085
|switch|p2a: Conkeldurr|Conkeldurr, M|20/100
|turn|9
|
|t:|1760757093
|move|p2a: Conkeldurr|Mach Punch|p1a: Darkrai
|-supereffective|p1a: Darkrai
|-damage|p1a: Darkrai|0 fnt
|faint|p1a: Darkrai
|
|upkeep
|
|t:|1760757108
|switch|p1a: Gholdengo|Gholdengo|100/100
|turn|10
|
|t:|1760757116
|move|p1a: Gholdengo|Hex|p2a: Conkeldurr
|-damage|p2a: Conkeldurr|0 fnt
|faint|p2a: Conkeldurr
|
|-fieldend|move: Magic Room|[of] p2: Mesprit
|upkeep
|
|t:|1760757124
|switch|p2a: Mesprit|Mesprit|100/100
|turn|11
|
|t:|1760757131
|move|p2a: Mesprit|Knock Off|p1a: Gholdengo
|-supereffective|p1a: Gholdengo
|-damage|p1a: Gholdengo|64/100
|-enditem|p1a: Gholdengo|Air Balloon
|move|p1a: Gholdengo|Thunder Wave|p2a: Mesprit
|-status|p2a: Mesprit|par
|
|upkeep
|turn|12
|
|t:|1760757139
|move|p1a: Gholdengo|Hex|p2a: Mesprit
|-supereffective|p2a: Mesprit
|-enditem|p2a: Mesprit|Focus Sash
|-damage|p2a: Mesprit|1/100 par
|move|p2a: Mesprit|Healing Wish|p2a: Mesprit
|faint|p2a: Mesprit
|
|upkeep
|
|t:|1760757141
|switch|p2a: Azelf|Azelf|100/100
|turn|13
|
|t:|1760757145
|move|p2a: Azelf|Fire Blast|p1a: Gholdengo
|-supereffective|p1a: Gholdengo
|-damage|p1a: Gholdengo|0 fnt
|faint|p1a: Gholdengo
|
|upkeep
|
|t:|1760757155
|switch|p1a: Ogerpon|Ogerpon-Wellspring, F|100/100
|turn|14
|
|t:|1760757159
|-terastallize|p1a: Ogerpon|Water
|detailschange|p1a: Ogerpon|Ogerpon-Wellspring-Tera, F, tera:Water
|-ability|p1a: Ogerpon|Embody Aspect (Wellspring)|boost
|-boost|p1a: Ogerpon|spd|1
|move|p2a: Azelf|Mystical Power|p1a: Ogerpon
|-damage|p1a: Ogerpon|77/100
|-boost|p2a: Azelf|spa|1
|move|p1a: Ogerpon|Ivy Cudgel|p2a: Azelf|[anim] Ivy Cudgel Water
|-damage|p2a: Azelf|0 fnt
|faint|p2a: Azelf
|
|win|Motherfuck ICE
|raw|Motherfuck ICE's rating: 1434 &rarr; <strong>1455</strong><br />(+21 for winning)
|raw|models&amp;baddies's rating: 1447 &rarr; <strong>1426</strong><br />(-21 for losing)
|l|☆Motherfuck ICE
|player|p1|
