|j|☆downtownclown
|j|☆CountryBoyz
|t:|1760802758
|gametype|singles
|player|p1|downtownclown|265|1374
|player|p2|CountryBoyz|2|1355
|gen|9
|tier|[Gen 9] OU
|rated|
|rule|HP Percentage Mod: HP is shown in percentages
|rule|Endless Battle Clause: Forcing endless battles is banned
|rule|Species Clause: Limit one of each Pokémon
|rule|OHKO Clause: OHKO moves are banned
|rule|Evasion Items Clause: Evasion items are banned
|rule|Evasion Moves Clause: Evasion moves are banned
|rule|Evasion Abilities Clause: Evasion abilities are banned
|rule|Sleep Moves Clause: Sleep-inducing moves are banned
|clearpoke
|poke|p1|Blastoise, M|
|poke|p1|Kyurem|
|poke|p1|Enamorus, F|
|poke|p1|Great Tusk|
|poke|p1|Iron Valiant|
|poke|p1|Dragonite, M|
|poke|p2|Raikou|
|poke|p2|Dragonite, M|
|poke|p2|Enamorus, F|
|poke|p2|Zapdos|
|poke|p2|Tsareena, F|
|poke|p2|Ting-Lu|
|teampreview
|inactive|Battle timer is ON: inactive players will automatically lose when time's up. (requested by downtownclown)
|
|t:|1760802773
|teamsize|p1|6
|teamsize|p2|6
|start
|switch|p1a: Enamorus|Enamorus, F|100/100
|switch|p2a: Enamorus|Enamorus, F|100/100
|turn|1
|
|t:|1760802778
|-terastallize|p2a: Enamorus|Fairy
|move|p1a: Enamorus|Moonblast|p2a: Enamorus
|-crit|p2a: Enamorus
|-damage|p2a: Enamorus|0 fnt
|faint|p2a: Enamorus
|-damage|p1a: Enamorus|91/100|[from] item: Life Orb
|
|upkeep
|n|!CountryBoyz|countryboyz
|
|t:|1760802790
|switch|p2a: Ting-Lu|Ting-Lu|100/100
|-ability|p2a: Ting-Lu|Vessel of Ruin
|turn|2
|
|t:|1760802794
|move|p1a: Enamorus|Moonblast|p2a: Ting-Lu
|-supereffective|p2a: Ting-Lu
|-damage|p2a: Ting-Lu|30/100
|-unboost|p2a: Ting-Lu|spa|1
|-damage|p1a: Enamorus|81/100|[from] item: Life Orb
|move|p2a: Ting-Lu|Spikes|p1a: Enamorus
|-sidestart|p1: downtownclown|Spikes
|
|upkeep
|turn|3
|
|t:|1760802802
|move|p1a: Enamorus|Moonblast|p2a: Ting-Lu
|-supereffective|p2a: Ting-Lu
|-damage|p2a: Ting-Lu|0 fnt
|faint|p2a: Ting-Lu
|-damage|p1a: Enamorus|71/100|[from] item: Life Orb
|
|upkeep
|
|t:|1760802808
|switch|p2a: Zapdos|Zapdos|100/100
|turn|4
|
|t:|1760802811
|move|p1a: Enamorus|Moonblast|p2a: Zapdos
|-damage|p2a: Zapdos|37/100
|-damage|p1a: Enamorus|62/100|[from] item: Life Orb
|move|p2a: Zapdos|Thunder Wave|p1a: Enamorus
|-status|p1a: Enamorus|par
|
|upkeep
|turn|5
|
|t:|1760802817
|move|p2a: Zapdos|Roost|p2a: Zapdos
|-heal|p2a: Zapdos|87/100
|-singleturn|p2a: Zapdos|move: Roost
|move|p1a: Enamorus|Moonblast|p2a: Zapdos
|-damage|p2a: Zapdos|26/100
|-unboost|p2a: Zapdos|spa|1
|-damage|p1a: Enamorus|52/100 par|[from] item: Life Orb
|
|upkeep
|turn|6
|
|t:|1760802828
|move|p2a: Zapdos|Roost|p2a: Zapdos
|-heal|p2a: Zapdos|76/100
|-singleturn|p2a: Zapdos|move: Roost
|cant|p1a: Enamorus|par
|
|upkeep
|turn|7
|
|t:|1760802834
|move|p2a: Zapdos|Hurricane|p1a: Enamorus|[miss]
|-miss|p2a: Zapdos|p1a: Enamorus
|move|p1a: Enamorus|Mystical Fire|p2a: Zapdos
|-damage|p2a: Zapdos|39/100
|-unboost|p2a: Zapdos|spa|1
|-damage|p1a: Enamorus|42/100 par|[from] item: Life Orb
|
|upkeep
|turn|8
|
|t:|1760802842
|move|p2a: Zapdos|Roost|p2a: Zapdos
|-heal|p2a: Zapdos|89/100
|-singleturn|p2a: Zapdos|move: Roost
|move|p1a: Enamorus|Mystical Fire|p2a: Zapdos
|-damage|p2a: Zapdos|57/100
|-unboost|p2a: Zapdos|spa|1
|-damage|p1a: Enamorus|33/100 par|[from] item: Life Orb
|
|upkeep
|turn|9
|-message|CountryBoyz forfeited.
|
|win|downtownclown
