|j|☆ALLTY2
|j|☆HZBKAI10
|t:|1760854655
|gametype|singles
|player|p1|ALLTY2|265|1072
|player|p2|HZBKAI10|1|1074
|gen|9
|tier|[Gen 9] OU
|rated|
|rule|HP Percentage Mod: HP is shown in percentages
|rule|Endless Battle Clause: Forcing endless battles is banned
|rule|Species Clause: Limit one of each Pokémon
|rule|OHKO Clause: OHKO moves are banned
|rule|Evasion Items Clause: Evasion items are banned
|rule|Evasion Moves Clause: Evasion moves are banned
|rule|Evasion Abilities Clause: Evasion abilities are banned
|rule|Sleep Moves Clause: Sleep-inducing moves are banned
|clearpoke
|poke|p1|Galvantula, F|
|poke|p1|Lucario, M|
|poke|p1|Quagsire, F|
|poke|p1|Dragonite, F|
|poke|p1|Bisharp, M|
|poke|p1|Cinccino, M|
|poke|p2|Iron Crown|
|poke|p2|Primarina, M|
|poke|p2|Toedscruel, F|
|poke|p2|Walking Wake|
|poke|p2|Heatran, M|
|poke|p2|Dragonite, M|
|teampreview
|
|t:|1760854671
|teamsize|p1|6
|teamsize|p2|6
|start
|switch|p1a: Galvantula|Galvantula, F, shiny|100/100
|switch|p2a: Toedscruel|Toedscruel, F|100/100
|turn|1
|
|t:|1760854687
|move|p1a: Galvantula|Bug Buzz|p2a: Toedscruel
|-supereffective|p2a: Toedscruel
|-damage|p2a: Toedscruel|25/100
|move|p2a: Toedscruel|Earth Power|p1a: Galvantula
|-damage|p1a: Galvantula|38/100
|
|-heal|p2a: Toedscruel|31/100|[from] item: Leftovers
|upkeep
|turn|2
|
|t:|1760854698
|move|p1a: Galvantula|Bug Buzz|p2a: Toedscruel
|-supereffective|p2a: Toedscruel
|-damage|p2a: Toedscruel|0 fnt
|faint|p2a: Toedscruel
|
|upkeep
|
|t:|1760854698
|switch|p2a: Heatran|Heatran, M|100/100
|turn|3
|
|t:|1760854715
|move|p1a: Galvantula|Sticky Web|p2a: Heatran
|-sidestart|p2: HZBKAI10|move: Sticky Web
|move|p2a: Heatran|Magma Storm|p1a: Galvantula|[miss]
|-miss|p2a: Heatran|p1a: Galvantula
|
|upkeep
|turn|4
|
|t:|1760854719
|move|p1a: Galvantula|Thunder Wave|p2a: Heatran
|-status|p2a: Heatran|par
|move|p2a: Heatran|Magma Storm|p1a: Galvantula
|-supereffective|p1a: Galvantula
|-damage|p1a: Galvantula|0 fnt
|faint|p1a: Galvantula
|
|upkeep
|
|t:|1760854729
|switch|p1a: Quagsire|Quagsire, F|100/100
|turn|5
|
|t:|1760854734
|cant|p2a: Heatran|par
|move|p1a: Quagsire|Stealth Rock|p2a: Heatran
|-sidestart|p2: HZBKAI10|move: Stealth Rock
|
|upkeep
|turn|6
|
|t:|1760854737
|move|p2a: Heatran|Earth Power|p1a: Quagsire
|-damage|p1a: Quagsire|63/100
|move|p1a: Quagsire|Earthquake|p2a: Heatran
|-supereffective|p2a: Heatran
|-damage|p2a: Heatran|0 fnt
|faint|p2a: Heatran
|
|-heal|p1a: Quagsire|69/100|[from] item: Leftovers
|upkeep
|
|t:|1760854738
|switch|p2a: Walking Wake|Walking Wake|100/100
|turn|7
|
|t:|1760854748
|move|p2a: Walking Wake|Draco Meteor|p1a: Quagsire
|-damage|p1a: Quagsire|0 fnt
|-unboost|p2a: Walking Wake|spa|2
|faint|p1a: Quagsire
|
|upkeep
|
|t:|1760854758
|switch|p1a: Bisharp|Bisharp, M|100/100
|turn|8
|
|t:|1760854763
|move|p2a: Walking Wake|Surf|p1a: Bisharp
|-damage|p1a: Bisharp|77/100
|move|p1a: Bisharp|Swords Dance|p1a: Bisharp
|-boost|p1a: Bisharp|atk|2
|
|upkeep
|turn|9
|
|t:|1760854768
|move|p2a: Walking Wake|Surf|p1a: Bisharp
|-damage|p1a: Bisharp|54/100
|move|p1a: Bisharp|Iron Head|p2a: Walking Wake
|-resisted|p2a: Walking Wake
|-damage|p2a: Walking Wake|52/100
|
|upkeep
|turn|10
|
|t:|1760854774
|move|p1a: Bisharp|Sucker Punch|p2a: Walking Wake
|-damage|p2a: Walking Wake|0 fnt
|faint|p2a: Walking Wake
|-end|p2a: Walking Wake|Protosynthesis|[silent]
|
|upkeep
|
|t:|1760854774
|switch|p2a: Iron Crown|Iron Crown|100/100
|-activate|p2a: Iron Crown|move: Sticky Web
|-unboost|p2a: Iron Crown|spe|1
|-damage|p2a: Iron Crown|94/100|[from] Stealth Rock
|turn|11
|
|t:|1760854794
|move|p1a: Bisharp|Sucker Punch|p2a: Iron Crown
|-supereffective|p2a: Iron Crown
|-damage|p2a: Iron Crown|0 fnt
|faint|p2a: Iron Crown
|-end|p2a: Iron Crown|Quark Drive|[silent]
|
|upkeep
|
|t:|1760854794
|switch|p2a: Dragonite|Dragonite, M|100/100
|turn|12
|
|t:|1760854812
|move|p1a: Bisharp|Sucker Punch|p2a: Dragonite
|-damage|p2a: Dragonite|61/100
|move|p2a: Dragonite|Earthquake|p1a: Bisharp
|-supereffective|p1a: Bisharp
|-damage|p1a: Bisharp|0 fnt
|faint|p1a: Bisharp
|
|upkeep
|
|t:|1760854827
|switch|p1a: Cinccino|Cinccino, M|100/100
|turn|13
|
|t:|1760854830
|move|p1a: Cinccino|Tail Slap|p2a: Dragonite
|-damage|p2a: Dragonite|44/100
|-damage|p2a: Dragonite|27/100
|-damage|p2a: Dragonite|11/100
|-damage|p2a: Dragonite|0 fnt
|faint|p2a: Dragonite
|-hitcount|p2: Dragonite|4
|
|upkeep
|
|t:|1760854830
|switch|p2a: Primarina|Primarina, M|100/100
|-activate|p2a: Primarina|move: Sticky Web
|-unboost|p2a: Primarina|spe|1
|-damage|p2a: Primarina|88/100|[from] Stealth Rock
|turn|14
|
|t:|1760854845
|move|p1a: Cinccino|Tail Slap|p2a: Primarina
|-damage|p2a: Primarina|65/100
|-damage|p2a: Primarina|43/100
|-damage|p2a: Primarina|21/100
|-damage|p2a: Primarina|0 fnt
|faint|p2a: Primarina
|-hitcount|p2: Primarina|4
|
|win|ALLTY2
|raw|ALLTY2's rating: 1072 &rarr; <strong>1101</strong><br />(+29 for winning)
|raw|HZBKAI10's rating: 1074 &rarr; <strong>1053</strong><br />(-21 for losing)
|l|☆HZBKAI10
|player|p2|
|l|☆ALLTY2
|player|p1|
