|j|☆Nevitchen
|j|☆YEAAAAAH
|t:|1760886144
|gametype|singles
|player|p1|Nevitchen|102|1114
|player|p2|YEAAAAAH|burgh|1095
|gen|9
|tier|[Gen 9] OU
|rated|
|rule|HP Percentage Mod: HP is shown in percentages
|rule|Endless Battle Clause: Forcing endless battles is banned
|rule|Species Clause: Limit one of each Pokémon
|rule|OHKO Clause: OHKO moves are banned
|rule|Evasion Items Clause: Evasion items are banned
|rule|Evasion Moves Clause: Evasion moves are banned
|rule|Evasion Abilities Clause: Evasion abilities are banned
|rule|Sleep Moves Clause: Sleep-inducing moves are banned
|clearpoke
|poke|p1|Dragonite, F|
|poke|p1|Zamazenta-*|
|poke|p1|Landorus-Therian, M|
|poke|p1|Gholdengo|
|poke|p1|Darkrai|
|poke|p1|Hatterene, F|
|poke|p2|Manaphy|
|poke|p2|Raging Bolt|
|poke|p2|Iron Boulder|
|poke|p2|Tsareena, F|
|poke|p2|Galvantula, F|
|poke|p2|Typhlosion-Hisui, M|
|teampreview
|j| DarkOkto
|inactive|Battle timer is ON: inactive players will automatically lose when time's up. (requested by YEAAAAAH)
|
|t:|1760886210
|teamsize|p1|6
|teamsize|p2|6
|start
|switch|p1a: Eine wolke|Landorus-Therian, M|100/100
|switch|p2a: Manaphy|Manaphy, shiny|100/100
|-ability|p1a: Eine wolke|Intimidate|boost
|-unboost|p2a: Manaphy|atk|1
|turn|1
|inactive|Nevitchen has 120 seconds left.
|
|t:|1760886257
|move|p2a: Manaphy|Tail Glow|p2a: Manaphy
|-boost|p2a: Manaphy|spa|3
|move|p1a: Eine wolke|Taunt|p2a: Manaphy
|-start|p2a: Manaphy|move: Taunt
|
|upkeep
|turn|2
|inactive|Nevitchen has 90 seconds left.
|
|t:|1760886311
|switch|p1a: Ka was dass ist|Hatterene, F|100/100
|move|p2a: Manaphy|Ice Beam|p1a: Ka was dass ist
|-damage|p1a: Ka was dass ist|58/100
|-status|p1a: Ka was dass ist|frz
|
|upkeep
|turn|3
|
|t:|1760886324
|move|p2a: Manaphy|Scald|p1a: Ka was dass ist
|-damage|p1a: Ka was dass ist|4/100 frz
|-curestatus|p1a: Ka was dass ist|frz|[msg]
|move|p1a: Ka was dass ist|Psyshock|p2a: Manaphy
|-damage|p2a: Manaphy|57/100
|
|-heal|p2a: Manaphy|63/100|[from] item: Leftovers
|upkeep
|turn|4
|
|t:|1760886334
|move|p2a: Manaphy|Scald|p1a: Ka was dass ist
|-damage|p1a: Ka was dass ist|0 fnt
|faint|p1a: Ka was dass ist
|
|-heal|p2a: Manaphy|70/100|[from] item: Leftovers
|-end|p2a: Manaphy|move: Taunt
|upkeep
|
|t:|1760886338
|switch|p1a: Wau Wau|Zamazenta|100/100
|-ability|p1a: Wau Wau|Dauntless Shield|boost
|-boost|p1a: Wau Wau|def|1
|turn|5
|
|t:|1760886348
|move|p1a: Wau Wau|Body Press|p2a: Manaphy
|-damage|p2a: Manaphy|14/100
|move|p2a: Manaphy|Scald|p1a: Wau Wau
|-damage|p1a: Wau Wau|14/100
|-status|p1a: Wau Wau|brn
|
|-heal|p1a: Wau Wau|20/100 brn|[from] item: Leftovers
|-heal|p2a: Manaphy|20/100|[from] item: Leftovers
|-damage|p1a: Wau Wau|14/100 brn|[from] brn
|upkeep
|turn|6
|
|t:|1760886358
|switch|p2a: Typhlosion|Typhlosion-Hisui, M, shiny|100/100
|-item|p1a: Wau Wau|Leftovers|[from] ability: Frisk|[of] p2a: Typhlosion
|move|p1a: Wau Wau|Body Press|p2a: Typhlosion
|-immune|p2a: Typhlosion
|
|-heal|p1a: Wau Wau|20/100 brn|[from] item: Leftovers
|-damage|p1a: Wau Wau|14/100 brn|[from] brn
|upkeep
|turn|7
|
|t:|1760886374
|move|p2a: Typhlosion|Shadow Ball|p1a: Wau Wau
|-damage|p1a: Wau Wau|0 fnt
|faint|p1a: Wau Wau
|
|upkeep
|
|t:|1760886387
|switch|p1a: Edgy guy|Darkrai|100/100
|turn|8
|
|t:|1760886407
|switch|p2a: Tsareena|Tsareena, F, shiny|100/100
|move|p1a: Edgy guy|Will-O-Wisp|p2a: Tsareena
|-status|p2a: Tsareena|brn
|
|-damage|p2a: Tsareena|94/100 brn|[from] brn
|upkeep
|turn|9
|inactive|Nevitchen has 60 seconds left.
|
|t:|1760886426
|move|p1a: Edgy guy|Ice Beam|p2a: Tsareena
|-supereffective|p2a: Tsareena
|-damage|p2a: Tsareena|24/100 brn
|move|p2a: Tsareena|Knock Off|p1a: Edgy guy
|-resisted|p1a: Edgy guy
|-damage|p1a: Edgy guy|91/100
|-enditem|p1a: Edgy guy|Heavy-Duty Boots|[from] move: Knock Off|[of] p2a: Tsareena
|
|-damage|p2a: Tsareena|18/100 brn|[from] brn
|upkeep
|turn|10
|
|t:|1760886434
|move|p1a: Edgy guy|Dark Pulse|p2a: Tsareena
|-damage|p2a: Tsareena|0 fnt
|faint|p2a: Tsareena
|
|upkeep
|
|t:|1760886438
|switch|p2a: Galvantula|Galvantula, F, shiny|100/100
|turn|11
|
|t:|1760886446
|move|p1a: Edgy guy|Taunt|p2a: Galvantula
|-start|p2a: Galvantula|move: Taunt
|move|p2a: Galvantula|Bug Buzz|p1a: Edgy guy
|-supereffective|p1a: Edgy guy
|-damage|p1a: Edgy guy|8/100
|
|upkeep
|turn|12
|
|t:|1760886471
|move|p1a: Edgy guy|Dark Pulse|p2a: Galvantula
|-damage|p2a: Galvantula|33/100
|move|p2a: Galvantula|Bug Buzz|p1a: Edgy guy
|-supereffective|p1a: Edgy guy
|-damage|p1a: Edgy guy|0 fnt
|faint|p1a: Edgy guy
|
|upkeep
|inactive|Nevitchen has 60 seconds left.
|
|t:|1760886482
|switch|p1a: Eine wolke|Landorus-Therian, M|100/100
|-ability|p1a: Eine wolke|Intimidate|boost
|-unboost|p2a: Galvantula|atk|1
|turn|13
|
|t:|1760886490
|move|p2a: Galvantula|Bug Buzz|p1a: Eine wolke
|-resisted|p1a: Eine wolke
|-crit|p1a: Eine wolke
|-damage|p1a: Eine wolke|73/100
|move|p1a: Eine wolke|Stealth Rock|p2a: Galvantula
|-sidestart|p2: YEAAAAAH|move: Stealth Rock
|
|-end|p2a: Galvantula|move: Taunt
|upkeep
|turn|14
|
|t:|1760886502
|move|p2a: Galvantula|Sticky Web|p1a: Eine wolke
|-sidestart|p1: Nevitchen|move: Sticky Web
|move|p1a: Eine wolke|Earthquake|p2a: Galvantula
|-damage|p2a: Galvantula|0 fnt
|faint|p2a: Galvantula
|
|upkeep
|
|t:|1760886524
|switch|p2a: Raging Bolt|Raging Bolt|100/100
|-damage|p2a: Raging Bolt|88/100|[from] Stealth Rock
|-enditem|p2a: Raging Bolt|Booster Energy
|-activate|p2a: Raging Bolt|ability: Protosynthesis|[fromitem]
|-start|p2a: Raging Bolt|protosynthesisspa
|turn|15
|
|t:|1760886537
|-terastallize|p2a: Raging Bolt|Fairy
|move|p1a: Eine wolke|Earthquake|p2a: Raging Bolt
|-damage|p2a: Raging Bolt|50/100
|move|p2a: Raging Bolt|Calm Mind|p2a: Raging Bolt
|-boost|p2a: Raging Bolt|spa|1
|-boost|p2a: Raging Bolt|spd|1
|
|upkeep
|turn|16
|
|t:|1760886545
|move|p1a: Eine wolke|Earthquake|p2a: Raging Bolt
|-damage|p2a: Raging Bolt|17/100
|move|p2a: Raging Bolt|Draco Meteor|p1a: Eine wolke|[miss]
|-miss|p2a: Raging Bolt|p1a: Eine wolke
|
|upkeep
|turn|17
|
|t:|1760886552
|move|p1a: Eine wolke|Earthquake|p2a: Raging Bolt
|-damage|p2a: Raging Bolt|0 fnt
|faint|p2a: Raging Bolt
|-end|p2a: Raging Bolt|Protosynthesis|[silent]
|
|upkeep
|
|t:|1760886556
|switch|p2a: Iron Boulder|Iron Boulder|100/100
|-damage|p2a: Iron Boulder|88/100|[from] Stealth Rock
|-enditem|p2a: Iron Boulder|Booster Energy
|-activate|p2a: Iron Boulder|ability: Quark Drive|[fromitem]
|-start|p2a: Iron Boulder|quarkdrivespe
|turn|18
|inactive|Nevitchen has 90 seconds left.
|
|t:|1760886567
|move|p2a: Iron Boulder|Mighty Cleave|p1a: Eine wolke
|-damage|p1a: Eine wolke|27/100
|-damage|p2a: Iron Boulder|72/100|[from] item: Rocky Helmet|[of] p1a: Eine wolke
|move|p1a: Eine wolke|Earthquake|p2a: Iron Boulder
|-supereffective|p2a: Iron Boulder
|-damage|p2a: Iron Boulder|0 fnt
|faint|p2a: Iron Boulder
|-end|p2a: Iron Boulder|Quark Drive|[silent]
|
|upkeep
|
|t:|1760886572
|switch|p2a: Manaphy|Manaphy, shiny|20/100
|-damage|p2a: Manaphy|8/100|[from] Stealth Rock
|turn|19
|
|t:|1760886586
|move|p2a: Manaphy|Ice Beam|p1a: Eine wolke
|-supereffective|p1a: Eine wolke
|-damage|p1a: Eine wolke|0 fnt
|faint|p1a: Eine wolke
|
|-heal|p2a: Manaphy|14/100|[from] item: Leftovers
|upkeep
|
|t:|1760886596
|switch|p1a: Mirko|Gholdengo|100/100
|-activate|p1a: Mirko|move: Sticky Web
|-unboost|p1a: Mirko|spe|1
|turn|20
|
|t:|1760886603
|move|p2a: Manaphy|Scald|p1a: Mirko
|-crit|p1a: Mirko
|-damage|p1a: Mirko|44/100
|move|p1a: Mirko|Thunderbolt|p2a: Manaphy
|-supereffective|p2a: Manaphy
|-damage|p2a: Manaphy|0 fnt
|faint|p2a: Manaphy
|
|upkeep
|
|t:|1760886608
|switch|p2a: Typhlosion|Typhlosion-Hisui, M, shiny|100/100
|-damage|p2a: Typhlosion|75/100|[from] Stealth Rock
|-item|p1a: Mirko|Metal Coat|[from] ability: Frisk|[of] p2a: Typhlosion
|turn|21
|
|t:|1760886636
|move|p2a: Typhlosion|Eruption|p1a: Mirko
|-supereffective|p1a: Mirko
|-damage|p1a: Mirko|0 fnt
|faint|p1a: Mirko
|
|upkeep
|
|t:|1760886641
|switch|p1a: Lass mich carryn|Dragonite, F|100/100
|turn|22
|
|t:|1760886643
|move|p2a: Typhlosion|Eruption|p1a: Lass mich carryn
|-resisted|p1a: Lass mich carryn
|-damage|p1a: Lass mich carryn|87/100
|move|p1a: Lass mich carryn|Earthquake|p2a: Typhlosion
|-supereffective|p2a: Typhlosion
|-damage|p2a: Typhlosion|0 fnt
|faint|p2a: Typhlosion
|
|win|Nevitchen
|raw|Nevitchen's rating: 1114 &rarr; <strong>1138</strong><br />(+24 for winning)
|raw|YEAAAAAH's rating: 1095 &rarr; <strong>1072</strong><br />(-23 for losing)
|l|☆YEAAAAAH
|player|p2|
