|j|☆quantumblaster
|j|☆vkasb
|t:|1760759822
|gametype|singles
|player|p1|quantumblaster|hilbert-wonderlauncher|1328
|player|p2|vkasb|102|1310
|gen|9
|tier|[Gen 9] OU
|rated|
|rule|HP Percentage Mod: HP is shown in percentages
|rule|Endless Battle Clause: Forcing endless battles is banned
|rule|Species Clause: Limit one of each Pokémon
|rule|OHKO Clause: OHKO moves are banned
|rule|Evasion Items Clause: Evasion items are banned
|rule|Evasion Moves Clause: Evasion moves are banned
|rule|Evasion Abilities Clause: Evasion abilities are banned
|rule|Sleep Moves Clause: Sleep-inducing moves are banned
|clearpoke
|poke|p1|Torkoal, F|
|poke|p1|Walking Wake|
|poke|p1|Great Tusk|
|poke|p1|Heatran, F|
|poke|p1|Venusaur, M|
|poke|p1|Lokix, M|
|poke|p2|Pelipper, M|
|poke|p2|Tornadus-Therian, M|
|poke|p2|Barraskewda, M|
|poke|p2|Zapdos|
|poke|p2|Iron Treads|
|poke|p2|Amoonguss, M|
|teampreview
|
|t:|1760759833
|teamsize|p1|6
|teamsize|p2|6
|start
|switch|p1a: Walking Wake|Walking Wake|100/100
|switch|p2a: Iron Treads|Iron Treads|100/100
|turn|1
|
|t:|1760759840
|-end|p2a: Iron Treads|Quark Drive|[silent]
|switch|p2a: Amoonguss|Amoonguss, M|100/100
|move|p1a: Walking Wake|Hydro Steam|p2a: Amoonguss
|-resisted|p2a: Amoonguss
|-damage|p2a: Amoonguss|80/100
|
|-heal|p2a: Amoonguss|86/100|[from] item: Leftovers
|upkeep
|turn|2
|
|t:|1760759850
|-end|p1a: Walking Wake|Protosynthesis|[silent]
|switch|p1a: Venusaur|Venusaur, M|100/100
|move|p2a: Amoonguss|Toxic|p1a: Venusaur
|-immune|p1a: Venusaur
|
|-heal|p2a: Amoonguss|92/100|[from] item: Leftovers
|upkeep
|turn|3
|
|t:|1760759857
|move|p1a: Venusaur|Sludge Bomb|p2a: Amoonguss
|-damage|p2a: Amoonguss|58/100
|-damage|p1a: Venusaur|91/100|[from] item: Life Orb
|move|p2a: Amoonguss|Stun Spore|p1a: Venusaur
|-immune|p1a: Venusaur
|
|-heal|p2a: Amoonguss|64/100|[from] item: Leftovers
|upkeep
|turn|4
|
|t:|1760759867
|move|p2a: Amoonguss|Protect|p2a: Amoonguss
|-singleturn|p2a: Amoonguss|Protect
|move|p1a: Venusaur|Sludge Bomb|p2a: Amoonguss
|-activate|p2a: Amoonguss|move: Protect
|
|-heal|p2a: Amoonguss|70/100|[from] item: Leftovers
|upkeep
|turn|5
|
|t:|1760759874
|switch|p2a: Iron Treads|Iron Treads|100/100
|move|p1a: Venusaur|Sludge Bomb|p2a: Iron Treads
|-immune|p2a: Iron Treads
|
|upkeep
|turn|6
|
|t:|1760759884
|switch|p1a: Great Tusk|Great Tusk|100/100
|move|p2a: Iron Treads|Knock Off|p1a: Great Tusk
|-resisted|p1a: Great Tusk
|-damage|p1a: Great Tusk|93/100
|-enditem|p1a: Great Tusk|Leftovers|[from] move: Knock Off|[of] p2a: Iron Treads
|
|upkeep
|turn|7
|
|t:|1760759896
|-end|p2a: Iron Treads|Quark Drive|[silent]
|switch|p2a: Tornadus|Tornadus-Therian, M, shiny|100/100
|move|p1a: Great Tusk|Rapid Spin|p2a: Tornadus
|-damage|p2a: Tornadus|80/100
|-boost|p1a: Great Tusk|spe|1
|
|upkeep
|turn|8
|
|t:|1760759911
|-end|p1a: Great Tusk|Protosynthesis|[silent]
|switch|p1a: Heatran|Heatran, F|100/100
|move|p2a: Tornadus|Air Slash|p1a: Heatran|[miss]
|-miss|p2a: Tornadus|p1a: Heatran
|
|upkeep
|turn|9
|
|t:|1760759920
|switch|p2a: Pelipper|Pelipper, M|100/100
|-weather|RainDance|[from] ability: Drizzle|[of] p2a: Pelipper
|move|p1a: Heatran|Magma Storm|p2a: Pelipper
|-resisted|p2a: Pelipper
|-damage|p2a: Pelipper|90/100
|-activate|p2a: Pelipper|move: Magma Storm|[of] p1a: Heatran
|
|-weather|RainDance|[upkeep]
|-damage|p2a: Pelipper|78/100|[from] move: Magma Storm|[partiallytrapped]
|upkeep
|turn|10
|
|t:|1760759930
|switch|p1a: Torkoal|Torkoal, F|100/100
|-weather|SunnyDay|[from] ability: Drought|[of] p1a: Torkoal
|move|p2a: Pelipper|U-turn|p1a: Torkoal
|-resisted|p1a: Torkoal
|-damage|p1a: Torkoal|98/100
|
|t:|1760759943
|switch|p2a: Iron Treads|Iron Treads|100/100|[from] U-turn
|
|-weather|SunnyDay|[upkeep]
|upkeep
|turn|11
|
|t:|1760759949
|switch|p1a: Great Tusk|Great Tusk|93/100
|-activate|p1a: Great Tusk|ability: Protosynthesis
|-start|p1a: Great Tusk|protosynthesisspe
|move|p2a: Iron Treads|Earthquake|p1a: Great Tusk
|-damage|p1a: Great Tusk|68/100
|
|-weather|SunnyDay|[upkeep]
|upkeep
|turn|12
|
|t:|1760759958
|-end|p2a: Iron Treads|Quark Drive|[silent]
|switch|p2a: Pelipper|Pelipper, M|78/100
|-weather|RainDance|[from] ability: Drizzle|[of] p2a: Pelipper
|-end|p1a: Great Tusk|Protosynthesis
|move|p1a: Great Tusk|Bulk Up|p1a: Great Tusk
|-boost|p1a: Great Tusk|atk|1
|-boost|p1a: Great Tusk|def|1
|
|-weather|RainDance|[upkeep]
|upkeep
|turn|13
|
|t:|1760759966
|-end|p1a: Great Tusk|Protosynthesis|[silent]
|switch|p1a: Torkoal|Torkoal, F|98/100
|-weather|SunnyDay|[from] ability: Drought|[of] p1a: Torkoal
|move|p2a: Pelipper|Surf|p1a: Torkoal
|-supereffective|p1a: Torkoal
|-damage|p1a: Torkoal|56/100
|
|-weather|SunnyDay|[upkeep]
|upkeep
|turn|14
|
|t:|1760759974
|move|p2a: Pelipper|U-turn|p1a: Torkoal
|-resisted|p1a: Torkoal
|-damage|p1a: Torkoal|54/100
|
|t:|1760759984
|switch|p2a: Barraskewda|Barraskewda, M, shiny|100/100|[from] U-turn
|move|p1a: Torkoal|Lava Plume|p2a: Barraskewda
|-resisted|p2a: Barraskewda
|-damage|p2a: Barraskewda|59/100
|-status|p2a: Barraskewda|brn
|
|-weather|SunnyDay|[upkeep]
|-damage|p2a: Barraskewda|53/100 brn|[from] brn
|upkeep
|turn|15
|
|t:|1760759998
|switch|p1a: Walking Wake|Walking Wake|100/100
|-activate|p1a: Walking Wake|ability: Protosynthesis
|-start|p1a: Walking Wake|protosynthesisspe
|move|p2a: Barraskewda|Flip Turn|p1a: Walking Wake
|-resisted|p1a: Walking Wake
|-damage|p1a: Walking Wake|97/100
|
|t:|1760760008
|switch|p2a: Pelipper|Pelipper, M|78/100|[from] Flip Turn
|-weather|RainDance|[from] ability: Drizzle|[of] p2a: Pelipper
|-end|p1a: Walking Wake|Protosynthesis
|
|-weather|RainDance|[upkeep]
|upkeep
|turn|16
|
|t:|1760760014
|switch|p2a: Amoonguss|Amoonguss, M|100/100
|move|p1a: Walking Wake|Draco Meteor|p2a: Amoonguss
|-damage|p2a: Amoonguss|39/100
|-unboost|p1a: Walking Wake|spa|2
|
|-weather|RainDance|[upkeep]
|-heal|p2a: Amoonguss|45/100|[from] item: Leftovers
|upkeep
|turn|17
|
|t:|1760760036
|-end|p1a: Walking Wake|Protosynthesis|[silent]
|switch|p1a: Venusaur|Venusaur, M|91/100
|switch|p2a: Tornadus|Tornadus-Therian, M, shiny|100/100
|
|-weather|RainDance|[upkeep]
|upkeep
|turn|18
|
|t:|1760760047
|switch|p1a: Torkoal|Torkoal, F|54/100
|-weather|SunnyDay|[from] ability: Drought|[of] p1a: Torkoal
|-terastallize|p2a: Tornadus|Flying
|move|p2a: Tornadus|Hurricane|p1a: Torkoal
|-damage|p1a: Torkoal|0 fnt
|faint|p1a: Torkoal
|
|-weather|SunnyDay|[upkeep]
|upkeep
|
|t:|1760760064
|switch|p1a: Venusaur|Venusaur, M|91/100
|turn|19
|
|t:|1760760074
|switch|p2a: Pelipper|Pelipper, M|78/100
|-weather|RainDance|[from] ability: Drizzle|[of] p2a: Pelipper
|-terastallize|p1a: Venusaur|Fire
|move|p1a: Venusaur|Growth|p1a: Venusaur
|-boost|p1a: Venusaur|atk|1
|-boost|p1a: Venusaur|spa|1
|
|-weather|RainDance|[upkeep]
|upkeep
|turn|20
|
|t:|1760760084
|move|p1a: Venusaur|Sludge Bomb|p2a: Pelipper
|-damage|p2a: Pelipper|0 fnt
|faint|p2a: Pelipper
|-damage|p1a: Venusaur|81/100|[from] item: Life Orb
|
|-weather|RainDance|[upkeep]
|upkeep
|
|t:|1760760093
|switch|p2a: Tornadus|Tornadus-Therian, M, shiny, tera:Flying|100/100
|turn|21
|
|t:|1760760103
|switch|p1a: Heatran|Heatran, F|100/100
|move|p2a: Tornadus|Hurricane|p1a: Heatran
|-resisted|p1a: Heatran
|-damage|p1a: Heatran|67/100
|
|-weather|RainDance|[upkeep]
|-heal|p1a: Heatran|74/100|[from] item: Leftovers
|upkeep
|turn|22
|
|t:|1760760110
|move|p2a: Tornadus|Hurricane|p1a: Heatran
|-resisted|p1a: Heatran
|-damage|p1a: Heatran|39/100
|move|p1a: Heatran|Magma Storm|p2a: Tornadus
|-damage|p2a: Tornadus|71/100
|-activate|p2a: Tornadus|move: Magma Storm|[of] p1a: Heatran
|
|-weather|RainDance|[upkeep]
|-heal|p1a: Heatran|46/100|[from] item: Leftovers
|-damage|p2a: Tornadus|59/100|[from] move: Magma Storm|[partiallytrapped]
|upkeep
|turn|23
|
|t:|1760760123
|move|p2a: Tornadus|Hurricane|p1a: Heatran
|-resisted|p1a: Heatran
|-damage|p1a: Heatran|13/100
|move|p1a: Heatran|Will-O-Wisp|p2a: Tornadus
|-status|p2a: Tornadus|brn
|
|-weather|RainDance|[upkeep]
|-heal|p1a: Heatran|20/100|[from] item: Leftovers
|-damage|p2a: Tornadus|53/100 brn|[from] brn
|-damage|p2a: Tornadus|41/100 brn|[from] move: Magma Storm|[partiallytrapped]
|upkeep
|turn|24
|
|t:|1760760134
|move|p2a: Tornadus|Hurricane|p1a: Heatran
|-resisted|p1a: Heatran
|-damage|p1a: Heatran|0 fnt
|faint|p1a: Heatran
|
|-weather|RainDance|[upkeep]
|-damage|p2a: Tornadus|35/100 brn|[from] brn
|-end|p2a: Tornadus|Magma Storm|[partiallytrapped]|[silent]
|upkeep
|
|t:|1760760142
|switch|p1a: Lokix|Lokix, M|100/100
|turn|25
|
|t:|1760760149
|switch|p2a: Zapdos|Zapdos|100/100
|move|p1a: Lokix|First Impression|p2a: Zapdos
|-resisted|p2a: Zapdos
|-damage|p2a: Zapdos|51/100
|
|-weather|RainDance|[upkeep]
|upkeep
|turn|26
|
|t:|1760760160
|switch|p1a: Walking Wake|Walking Wake|97/100
|move|p2a: Zapdos|Hurricane|p1a: Walking Wake
|-damage|p1a: Walking Wake|44/100
|
|-weather|none
|upkeep
|turn|27
|
|t:|1760760171
|switch|p2a: Amoonguss|Amoonguss, M|78/100
|move|p1a: Walking Wake|Draco Meteor|p2a: Amoonguss
|-crit|p2a: Amoonguss
|-damage|p2a: Amoonguss|0 fnt
|-unboost|p1a: Walking Wake|spa|2
|faint|p2a: Amoonguss
|
|upkeep
|
|t:|1760760187
|switch|p2a: Tornadus|Tornadus-Therian, M, shiny, tera:Flying|68/100 brn
|turn|28
|
|t:|1760760200
|-end|p1a: Walking Wake|Protosynthesis|[silent]
|switch|p1a: Venusaur|Venusaur, M, tera:Fire|81/100
|move|p2a: Tornadus|Air Slash|p1a: Venusaur
|-damage|p1a: Venusaur|0 fnt
|faint|p1a: Venusaur
|
|-damage|p2a: Tornadus|62/100 brn|[from] brn
|upkeep
|
|t:|1760760207
|switch|p1a: Lokix|Lokix, M|100/100
|turn|29
|
|t:|1760760217
|switch|p2a: Barraskewda|Barraskewda, M, shiny|53/100 brn
|move|p1a: Lokix|U-turn|p2a: Barraskewda
|-crit|p2a: Barraskewda
|-damage|p2a: Barraskewda|0 fnt
|faint|p2a: Barraskewda
|
|t:|1760760228
|switch|p1a: Great Tusk|Great Tusk|68/100|[from] U-turn
|
|upkeep
|
|t:|1760760231
|switch|p2a: Tornadus|Tornadus-Therian, M, shiny, tera:Flying|95/100 brn
|turn|30
|
|t:|1760760235
|move|p2a: Tornadus|Air Slash|p1a: Great Tusk
|-supereffective|p1a: Great Tusk
|-damage|p1a: Great Tusk|0 fnt
|faint|p1a: Great Tusk
|-end|p1a: Great Tusk|Protosynthesis|[silent]
|
|-damage|p2a: Tornadus|89/100 brn|[from] brn
|upkeep
|
|t:|1760760238
|switch|p1a: Lokix|Lokix, M|100/100
|turn|31
|
|t:|1760760243
|switch|p2a: Iron Treads|Iron Treads|100/100
|move|p1a: Lokix|First Impression|p2a: Iron Treads
|-resisted|p2a: Iron Treads
|-damage|p2a: Iron Treads|50/100
|
|upkeep
|turn|32
|
|t:|1760760249
|switch|p1a: Walking Wake|Walking Wake|44/100
|move|p2a: Iron Treads|Volt Switch|p1a: Walking Wake
|-damage|p1a: Walking Wake|30/100
|
|t:|1760760254
|-end|p2a: Iron Treads|Quark Drive|[silent]
|switch|p2a: Tornadus|Tornadus-Therian, M, shiny, tera:Flying|100/100 brn|[from] Volt Switch
|
|-damage|p2a: Tornadus|94/100 brn|[from] brn
|upkeep
|turn|33
|
|t:|1760760258
|move|p2a: Tornadus|Air Slash|p1a: Walking Wake
|-crit|p1a: Walking Wake
|-damage|p1a: Walking Wake|0 fnt
|faint|p1a: Walking Wake
|-end|p1a: Walking Wake|Protosynthesis|[silent]
|
|-damage|p2a: Tornadus|88/100 brn|[from] brn
|upkeep
|-message|quantumblaster forfeited.
|
|win|vkasb
|raw|quantumblaster's rating: 1328 &rarr; <strong>1307</strong><br />(-21 for losing)
|raw|vkasb's rating: 1310 &rarr; <strong>1331</strong><br />(+21 for winning)
|l|☆quantumblaster
|player|p1|
|l|☆vkasb
|player|p2|
