|j|☆Thenix12
|j|☆iglor
|t:|1760889853
|gametype|singles
|player|p1|Thenix12|nurse|1193
|player|p2|iglor|preschooler|1257
|gen|9
|tier|[Gen 9] OU
|rated|
|rule|HP Percentage Mod: HP is shown in percentages
|rule|Endless Battle Clause: Forcing endless battles is banned
|rule|Species Clause: Limit one of each Pokémon
|rule|OHKO Clause: OHKO moves are banned
|rule|Evasion Items Clause: Evasion items are banned
|rule|Evasion Moves Clause: Evasion moves are banned
|rule|Evasion Abilities Clause: Evasion abilities are banned
|rule|Sleep Moves Clause: Sleep-inducing moves are banned
|clearpoke
|poke|p1|Ceruledge, M|
|poke|p1|Basculin, M|
|poke|p1|Sandslash-Alola, F|
|poke|p1|Hydreigon, F|
|poke|p1|Ribombee, F|
|poke|p1|Gloom, F|
|poke|p2|Tornadus, M|
|poke|p2|Brambleghast, M|
|poke|p2|Regidrago|
|poke|p2|Arcanine-Hisui, M|
|poke|p2|Azumarill, M|
|poke|p2|Pecharunt|
|teampreview
|inactive|Battle timer is ON: inactive players will automatically lose when time's up. (requested by iglor)
|
|t:|1760889862
|teamsize|p1|6
|teamsize|p2|6
|start
|switch|p1a: Ribombee|Ribombee, F|100/100
|switch|p2a: Azumarill|Azumarill, M|100/100
|turn|1
|
|t:|1760889867
|move|p1a: Ribombee|Stun Spore|p2a: Azumarill
|-status|p2a: Azumarill|par
|move|p2a: Azumarill|Liquidation|p1a: Ribombee
|-enditem|p1a: Ribombee|Focus Sash
|-damage|p1a: Ribombee|1/100
|
|upkeep
|turn|2
|
|t:|1760889872
|move|p2a: Azumarill|Aqua Jet|p1a: Ribombee
|-damage|p1a: Ribombee|0 fnt
|faint|p1a: Ribombee
|
|upkeep
|
|t:|1760889881
|switch|p1a: Sandslash|Sandslash-Alola, F|100/100
|turn|3
|
|t:|1760889884
|move|p1a: Sandslash|Stealth Rock|p2a: Azumarill
|-sidestart|p2: iglor|move: Stealth Rock
|move|p2a: Azumarill|Knock Off|p1a: Sandslash
|-damage|p1a: Sandslash|75/100
|-damage|p2a: Azumarill|84/100 par|[from] item: Rocky Helmet|[of] p1a: Sandslash
|-enditem|p1a: Sandslash|Rocky Helmet|[from] move: Knock Off|[of] p2a: Azumarill
|
|upkeep
|turn|4
|
|t:|1760889889
|switch|p2a: Pecharunt|Pecharunt|100/100
|-damage|p2a: Pecharunt|88/100|[from] Stealth Rock
|move|p1a: Sandslash|Knock Off|p2a: Pecharunt
|-supereffective|p2a: Pecharunt
|-damage|p2a: Pecharunt|68/100
|-damage|p1a: Sandslash|58/100|[from] item: Rocky Helmet|[of] p2a: Pecharunt
|-enditem|p2a: Pecharunt|Rocky Helmet|[from] move: Knock Off|[of] p1a: Sandslash
|
|upkeep
|turn|5
|
|t:|1760889897
|move|p1a: Sandslash|Ice Shard|p2a: Pecharunt
|-damage|p2a: Pecharunt|61/100
|move|p2a: Pecharunt|Shadow Ball|p1a: Sandslash
|-damage|p1a: Sandslash|22/100
|
|upkeep
|turn|6
|
|t:|1760889904
|move|p1a: Sandslash|Ice Shard|p2a: Pecharunt
|-damage|p2a: Pecharunt|54/100
|move|p2a: Pecharunt|Recover|p2a: Pecharunt
|-heal|p2a: Pecharunt|100/100
|
|upkeep
|turn|7
|
|t:|1760889907
|move|p2a: Pecharunt|Shadow Ball|p1a: Sandslash
|-damage|p1a: Sandslash|0 fnt
|faint|p1a: Sandslash
|
|upkeep
|
|t:|1760889909
|switch|p1a: Hydreigon|Hydreigon, F|100/100
|turn|8
|
|t:|1760889915
|move|p1a: Hydreigon|Substitute|p1a: Hydreigon
|-start|p1a: Hydreigon|Substitute
|-damage|p1a: Hydreigon|76/100
|move|p2a: Pecharunt|Malignant Chain|p1a: Hydreigon
|-end|p1a: Hydreigon|Substitute
|
|-heal|p1a: Hydreigon|82/100|[from] item: Leftovers
|upkeep
|turn|9
|
|t:|1760889929
|move|p1a: Hydreigon|Nasty Plot|p1a: Hydreigon
|-boost|p1a: Hydreigon|spa|2
|move|p2a: Pecharunt|Parting Shot|p1a: Hydreigon
|-unboost|p1a: Hydreigon|atk|1
|-unboost|p1a: Hydreigon|spa|1
|
|t:|1760889931
|switch|p2a: Azumarill|Azumarill, M|84/100 par|[from] Parting Shot
|-damage|p2a: Azumarill|72/100 par|[from] Stealth Rock
|
|-heal|p1a: Hydreigon|88/100|[from] item: Leftovers
|upkeep
|turn|10
|
|t:|1760889938
|move|p1a: Hydreigon|Flash Cannon|p2a: Azumarill
|-damage|p2a: Azumarill|43/100 par
|move|p2a: Azumarill|Play Rough|p1a: Hydreigon
|-supereffective|p1a: Hydreigon
|-damage|p1a: Hydreigon|0 fnt
|faint|p1a: Hydreigon
|
|upkeep
|
|t:|1760889944
|switch|p1a: Ceruledge|Ceruledge, M|100/100
|turn|11
|
|t:|1760889948
|move|p1a: Ceruledge|Swords Dance|p1a: Ceruledge
|-boost|p1a: Ceruledge|atk|2
|cant|p2a: Azumarill|par
|
|upkeep
|turn|12
|
|t:|1760889951
|move|p1a: Ceruledge|Shadow Sneak|p2a: Azumarill
|-damage|p2a: Azumarill|0 fnt
|faint|p2a: Azumarill
|
|upkeep
|
|t:|1760889961
|switch|p2a: Pecharunt|Pecharunt|100/100
|-damage|p2a: Pecharunt|88/100|[from] Stealth Rock
|turn|13
|
|t:|1760889969
|move|p1a: Ceruledge|Shadow Sneak|p2a: Pecharunt
|-supereffective|p2a: Pecharunt
|-damage|p2a: Pecharunt|52/100
|move|p2a: Pecharunt|Malignant Chain|p1a: Ceruledge
|-resisted|p1a: Ceruledge
|-damage|p1a: Ceruledge|82/100
|-status|p1a: Ceruledge|tox
|-start|p1a: Ceruledge|confusion|[from] ability: Poison Puppeteer|[of] p2a: Pecharunt
|
|-damage|p1a: Ceruledge|76/100 tox|[from] psn
|upkeep
|turn|14
|
|t:|1760889974
|-activate|p1a: Ceruledge|confusion
|-damage|p1a: Ceruledge|38/100 tox|[from] confusion
|move|p2a: Pecharunt|Recover|p2a: Pecharunt
|-heal|p2a: Pecharunt|100/100
|
|-damage|p1a: Ceruledge|26/100 tox|[from] psn
|upkeep
|turn|15
|
|t:|1760889977
|-activate|p1a: Ceruledge|confusion
|move|p1a: Ceruledge|Shadow Sneak|p2a: Pecharunt
|-supereffective|p2a: Pecharunt
|-damage|p2a: Pecharunt|62/100
|move|p2a: Pecharunt|Shadow Ball|p1a: Ceruledge
|-supereffective|p1a: Ceruledge
|-damage|p1a: Ceruledge|0 fnt
|faint|p1a: Ceruledge
|
|upkeep
|
|t:|1760889981
|switch|p1a: Basculin|Basculin, M|100/100
|turn|16
|
|t:|1760889986
|move|p1a: Basculin|Wave Crash|p2a: Pecharunt
|-damage|p2a: Pecharunt|13/100
|-damage|p1a: Basculin|78/100|[from] Recoil
|move|p2a: Pecharunt|Malignant Chain|p1a: Basculin
|-damage|p1a: Basculin|5/100
|-status|p1a: Basculin|tox
|-start|p1a: Basculin|confusion|[from] ability: Poison Puppeteer|[of] p2a: Pecharunt
|
|-damage|p1a: Basculin|0 fnt|[from] psn
|faint|p1a: Basculin
|upkeep
|-message|Thenix12 forfeited.
|
|win|iglor
|raw|Thenix12's rating: 1193 &rarr; <strong>1173</strong><br />(-20 for losing)
|raw|iglor's rating: 1257 &rarr; <strong>1277</strong><br />(+20 for winning)
|l|☆Thenix12
|player|p1|
