|j|☆noob1877
|j|☆DonDeLenguas
|t:|1760799850
|gametype|singles
|player|p1|noob1877|101|1671
|player|p2|DonDeLenguas|1|1570
|gen|9
|tier|[Gen 9] OU
|rated|
|rule|HP Percentage Mod: HP is shown in percentages
|rule|Endless Battle Clause: Forcing endless battles is banned
|rule|Species Clause: Limit one of each Pokémon
|rule|OHKO Clause: OHKO moves are banned
|rule|Evasion Items Clause: Evasion items are banned
|rule|Evasion Moves Clause: Evasion moves are banned
|rule|Evasion Abilities Clause: Evasion abilities are banned
|rule|Sleep Moves Clause: Sleep-inducing moves are banned
|clearpoke
|poke|p1|Tyranitar, F|
|poke|p1|Excadrill, M|
|poke|p1|Alomomola, F|
|poke|p1|Gliscor, M|
|poke|p1|Hydrapple, F|
|poke|p1|Bronzong|
|poke|p2|Primarina, M|
|poke|p2|Meowscarada, F|
|poke|p2|Heatran, F|
|poke|p2|Dragapult, F|
|poke|p2|Iron Valiant|
|poke|p2|Great Tusk|
|teampreview
|
|t:|1760799901
|teamsize|p1|6
|teamsize|p2|6
|start
|switch|p1a: Gliscor|Gliscor, M|100/100
|switch|p2a: Meowscarada|Meowscarada, F|100/100
|turn|1
|inactive|Battle timer is ON: inactive players will automatically lose when time's up. (requested by noob1877)
|
|t:|1760799910
|switch|p2a: Primarina|Primarina, M|100/100
|move|p1a: Gliscor|Protect||[still]
|-fail|p1a: Gliscor
|
|-status|p1a: Gliscor|tox|[from] item: Toxic Orb
|upkeep
|turn|2
|
|t:|1760799929
|switch|p1a: Alomomola|Alomomola, F|100/100
|move|p2a: Primarina|Surf|p1a: Alomomola
|-resisted|p1a: Alomomola
|-damage|p1a: Alomomola|78/100
|
|upkeep
|turn|3
|
|t:|1760799937
|move|p2a: Primarina|Moonblast|p1a: Alomomola
|-damage|p1a: Alomomola|33/100
|move|p1a: Alomomola|Flip Turn|p2a: Primarina
|-resisted|p2a: Primarina
|-damage|p2a: Primarina|89/100
|
|t:|1760799951
|switch|p1a: Excadrill|Excadrill, M|100/100|[from] Flip Turn
|
|upkeep
|turn|4
|
|t:|1760799958
|switch|p2a: Great Tusk|Great Tusk|100/100
|-terastallize|p1a: Excadrill|Electric
|move|p1a: Excadrill|Tera Blast|p2a: Great Tusk|[anim] Tera Blast Electric
|-immune|p2a: Great Tusk
|
|upkeep
|turn|5
|
|t:|1760799967
|switch|p1a: Bronzong|Bronzong|100/100
|move|p2a: Great Tusk|Headlong Rush|p1a: Bronzong
|-immune|p1a: Bronzong|[from] ability: Levitate
|
|upkeep
|turn|6
|
|t:|1760799972
|move|p2a: Great Tusk|Knock Off|p1a: Bronzong
|-supereffective|p1a: Bronzong
|-damage|p1a: Bronzong|53/100
|-enditem|p1a: Bronzong|Leftovers|[from] move: Knock Off|[of] p2a: Great Tusk
|move|p1a: Bronzong|Stealth Rock|p2a: Great Tusk
|-sidestart|p2: DonDeLenguas|move: Stealth Rock
|
|upkeep
|turn|7
|
|t:|1760799979
|move|p2a: Great Tusk|Rapid Spin|p1a: Bronzong
|-resisted|p1a: Bronzong
|-damage|p1a: Bronzong|47/100
|-boost|p2a: Great Tusk|spe|1
|-sideend|p2: DonDeLenguas|Stealth Rock|[from] move: Rapid Spin|[of] p2a: Great Tusk
|move|p1a: Bronzong|Psychic Noise|p2a: Great Tusk
|-supereffective|p2a: Great Tusk
|-damage|p2a: Great Tusk|32/100
|-start|p2a: Great Tusk|move: Heal Block
|
|upkeep
|turn|8
|
|t:|1760799985
|-end|p2a: Great Tusk|Protosynthesis|[silent]
|switch|p2a: Dragapult|Dragapult, F|100/100
|move|p1a: Bronzong|Stealth Rock|p2a: Dragapult
|-sidestart|p2: DonDeLenguas|move: Stealth Rock
|
|upkeep
|turn|9
|
|t:|1760799995
|move|p1a: Bronzong|Protect|p1a: Bronzong
|-singleturn|p1a: Bronzong|Protect
|move|p2a: Dragapult|U-turn|p1a: Bronzong
|-activate|p1a: Bronzong|move: Protect
|
|upkeep
|turn|10
|
|t:|1760800008
|move|p2a: Dragapult|U-turn|p1a: Bronzong
|-damage|p1a: Bronzong|34/100
|
|t:|1760800010
|switch|p2a: Heatran|Heatran, F|100/100|[from] U-turn
|-damage|p2a: Heatran|88/100|[from] Stealth Rock
|move|p1a: Bronzong|Body Press|p2a: Heatran
|-supereffective|p2a: Heatran
|-damage|p2a: Heatran|44/100
|
|-heal|p2a: Heatran|50/100|[from] item: Leftovers
|upkeep
|turn|11
|
|t:|1760800022
|switch|p1a: Tyranitar|Tyranitar, F|100/100
|-weather|Sandstorm|[from] ability: Sand Stream|[of] p1a: Tyranitar
|move|p2a: Heatran|Stealth Rock|p1a: Tyranitar
|-sidestart|p1: noob1877|move: Stealth Rock
|
|-weather|Sandstorm|[upkeep]
|-heal|p2a: Heatran|56/100|[from] item: Leftovers
|upkeep
|turn|12
|
|t:|1760800028
|move|p1a: Tyranitar|Low Kick|p2a: Heatran
|-supereffective|p2a: Heatran
|-crit|p2a: Heatran
|-damage|p2a: Heatran|0 fnt
|faint|p2a: Heatran
|
|-weather|Sandstorm|[upkeep]
|upkeep
|
|t:|1760800031
|switch|p2a: Great Tusk|Great Tusk|32/100
|turn|13
|
|t:|1760800044
|switch|p1a: Hydrapple|Hydrapple, F|100/100
|move|p2a: Great Tusk|Rapid Spin|p1a: Hydrapple
|-damage|p1a: Hydrapple|91/100
|-boost|p2a: Great Tusk|spe|1
|-sideend|p2: DonDeLenguas|Stealth Rock|[from] move: Rapid Spin|[of] p2a: Great Tusk
|
|-weather|Sandstorm|[upkeep]
|-damage|p1a: Hydrapple|85/100|[from] Sandstorm
|upkeep
|turn|14
|
|t:|1760800052
|move|p2a: Great Tusk|Ice Spinner|p1a: Hydrapple
|-supereffective|p1a: Hydrapple
|-damage|p1a: Hydrapple|24/100
|move|p1a: Hydrapple|Giga Drain|p2a: Great Tusk
|-supereffective|p2a: Great Tusk
|-damage|p2a: Great Tusk|0 fnt
|-heal|p1a: Hydrapple|39/100|[from] drain|[of] p2a: Great Tusk
|faint|p2a: Great Tusk
|-end|p2a: Great Tusk|Protosynthesis|[silent]
|
|-weather|Sandstorm|[upkeep]
|-damage|p1a: Hydrapple|33/100|[from] Sandstorm
|upkeep
|
|t:|1760800068
|switch|p2a: Primarina|Primarina, M|89/100
|turn|15
|inactive|noob1877 has 120 seconds left.
|inactive|noob1877 has 90 seconds left.
|
|t:|1760800134
|switch|p1a: Tyranitar|Tyranitar, F|100/100
|move|p2a: Primarina|Moonblast|p1a: Tyranitar
|-supereffective|p1a: Tyranitar
|-damage|p1a: Tyranitar|30/100
|
|-weather|none
|upkeep
|turn|16
|inactive|noob1877 has 90 seconds left.
|
|t:|1760800151
|move|p1a: Tyranitar|Stone Edge|p2a: Primarina
|-damage|p2a: Primarina|9/100
|move|p2a: Primarina|Moonblast|p1a: Tyranitar
|-supereffective|p1a: Tyranitar
|-crit|p1a: Tyranitar
|-damage|p1a: Tyranitar|0 fnt
|faint|p1a: Tyranitar
|
|upkeep
|
|t:|1760800155
|switch|p1a: Excadrill|Excadrill, M, tera:Electric|100/100
|turn|17
|inactive|noob1877 has 90 seconds left.
|
|t:|1760800163
|switch|p2a: Dragapult|Dragapult, F|100/100
|move|p1a: Excadrill|Earthquake|p2a: Dragapult
|-damage|p2a: Dragapult|26/100
|
|upkeep
|turn|18
|
|t:|1760800172
|switch|p1a: Gliscor|Gliscor, M|100/100 tox
|-damage|p1a: Gliscor|88/100 tox|[from] Stealth Rock
|move|p2a: Dragapult|Draco Meteor|p1a: Gliscor|[miss]
|-miss|p2a: Dragapult|p1a: Gliscor
|
|-heal|p1a: Gliscor|100/100 tox|[from] ability: Poison Heal
|upkeep
|turn|19
|
|t:|1760800191
|move|p2a: Dragapult|Draco Meteor|p1a: Gliscor
|-crit|p1a: Gliscor
|-damage|p1a: Gliscor|0 fnt
|-unboost|p2a: Dragapult|spa|2
|faint|p1a: Gliscor
|
|upkeep
|
|t:|1760800197
|switch|p1a: Bronzong|Bronzong|34/100
|-damage|p1a: Bronzong|28/100|[from] Stealth Rock
|turn|20
|
|t:|1760800202
|switch|p2a: Meowscarada|Meowscarada, F|100/100
|move|p1a: Bronzong|Stealth Rock|p2a: Meowscarada
|-sidestart|p2: DonDeLenguas|move: Stealth Rock
|
|upkeep
|turn|21
|
|t:|1760800217
|switch|p1a: Alomomola|Alomomola, F|67/100
|move|p2a: Meowscarada|Knock Off|p1a: Alomomola
|-start|p2a: Meowscarada|typechange|Dark|[from] ability: Protean
|-damage|p1a: Alomomola|38/100
|-enditem|p1a: Alomomola|Heavy-Duty Boots|[from] move: Knock Off|[of] p2a: Meowscarada
|
|upkeep
|turn|22
|
|t:|1760800224
|switch|p2a: Primarina|Primarina, M|9/100
|-damage|p2a: Primarina|0 fnt|[from] Stealth Rock
|faint|p2a: Primarina
|switch|p1a: Hydrapple|Hydrapple, F|66/100
|
|upkeep
|
|t:|1760800233
|switch|p2a: Dragapult|Dragapult, F|26/100
|-damage|p2a: Dragapult|13/100|[from] Stealth Rock
|turn|23
|
|t:|1760800238
|switch|p1a: Bronzong|Bronzong|28/100
|-damage|p1a: Bronzong|22/100|[from] Stealth Rock
|move|p2a: Dragapult|Shadow Ball|p1a: Bronzong
|-supereffective|p1a: Bronzong
|-damage|p1a: Bronzong|0 fnt
|faint|p1a: Bronzong
|
|upkeep
|
|t:|1760800242
|switch|p1a: Hydrapple|Hydrapple, F|99/100
|turn|24
|
|t:|1760800250
|move|p2a: Dragapult|Shadow Ball|p1a: Hydrapple
|-damage|p1a: Hydrapple|49/100
|move|p1a: Hydrapple|Giga Drain|p2a: Dragapult
|-resisted|p2a: Dragapult
|-damage|p2a: Dragapult|0 fnt
|-heal|p1a: Hydrapple|54/100|[from] drain|[of] p2a: Dragapult
|faint|p2a: Dragapult
|
|upkeep
|
|t:|1760800255
|switch|p2a: Iron Valiant|Iron Valiant|100/100
|-damage|p2a: Iron Valiant|94/100|[from] Stealth Rock
|-enditem|p2a: Iron Valiant|Booster Energy
|-activate|p2a: Iron Valiant|ability: Quark Drive|[fromitem]
|-start|p2a: Iron Valiant|quarkdrivespe
|turn|25
|
|t:|1760800258
|move|p2a: Iron Valiant|Calm Mind|p2a: Iron Valiant
|-boost|p2a: Iron Valiant|spa|1
|-boost|p2a: Iron Valiant|spd|1
|move|p1a: Hydrapple|Giga Drain|p2a: Iron Valiant
|-damage|p2a: Iron Valiant|60/100
|-heal|p1a: Hydrapple|66/100|[from] drain|[of] p2a: Iron Valiant
|
|upkeep
|turn|26
|
|t:|1760800265
|move|p2a: Iron Valiant|Moonblast|p1a: Hydrapple
|-supereffective|p1a: Hydrapple
|-damage|p1a: Hydrapple|0 fnt
|faint|p1a: Hydrapple
|
|upkeep
|
|t:|1760800272
|switch|p1a: Excadrill|Excadrill, M, tera:Electric|100/100
|turn|27
|
|t:|1760800279
|move|p2a: Iron Valiant|Moonblast|p1a: Excadrill
|-damage|p1a: Excadrill|14/100
|move|p1a: Excadrill|Iron Head|p2a: Iron Valiant
|-supereffective|p2a: Iron Valiant
|-damage|p2a: Iron Valiant|0 fnt
|faint|p2a: Iron Valiant
|-end|p2a: Iron Valiant|Quark Drive|[silent]
|
|upkeep
|
|t:|1760800282
|switch|p2a: Meowscarada|Meowscarada, F|100/100
|-damage|p2a: Meowscarada|88/100|[from] Stealth Rock
|turn|28
|
|t:|1760800284
|move|p2a: Meowscarada|Flower Trick|p1a: Excadrill
|-start|p2a: Meowscarada|typechange|Grass|[from] ability: Protean
|-crit|p1a: Excadrill
|-damage|p1a: Excadrill|0 fnt
|faint|p1a: Excadrill
|
|upkeep
|
|t:|1760800286
|switch|p1a: Alomomola|Alomomola, F|71/100
|-damage|p1a: Alomomola|59/100|[from] Stealth Rock
|turn|29
|
|t:|1760800288
|move|p1a: Alomomola|Protect|p1a: Alomomola
|-singleturn|p1a: Alomomola|Protect
|move|p2a: Meowscarada|Flower Trick|p1a: Alomomola
|-activate|p1a: Alomomola|move: Protect
|
|upkeep
|turn|30
|
|t:|1760800290
|move|p2a: Meowscarada|Flower Trick|p1a: Alomomola
|-supereffective|p1a: Alomomola
|-crit|p1a: Alomomola
|-damage|p1a: Alomomola|0 fnt
|faint|p1a: Alomomola
|
|win|DonDeLenguas
|raw|noob1877's rating: 1671 &rarr; <strong>1645</strong><br />(-26 for losing)
|raw|DonDeLenguas's rating: 1570 &rarr; <strong>1596</strong><br />(+26 for winning)
|l|☆noob1877
|player|p1|
