|j|‽Scrafty.YN
|j|☆gustavodarwin
|t:|1760726539
|gametype|singles
|player|p1|Scrafty.YN|hoopster|1283
|player|p2|gustavodarwin|n|1205
|gen|9
|tier|[Gen 9] OU
|rated|
|rule|HP Percentage Mod: HP is shown in percentages
|rule|Endless Battle Clause: Forcing endless battles is banned
|rule|Species Clause: Limit one of each Pokémon
|rule|OHKO Clause: OHKO moves are banned
|rule|Evasion Items Clause: Evasion items are banned
|rule|Evasion Moves Clause: Evasion moves are banned
|rule|Evasion Abilities Clause: Evasion abilities are banned
|rule|Sleep Moves Clause: Sleep-inducing moves are banned
|clearpoke
|poke|p1|Gholdengo|
|poke|p1|Clodsire, F|
|poke|p1|Skarmory, M|
|poke|p1|Hariyama, F|
|poke|p1|Darkrai|
|poke|p1|Gliscor, F|
|poke|p2|Corviknight, M|
|poke|p2|Rillaboom, F|
|poke|p2|Iron Valiant|
|poke|p2|Cinderace, M|
|poke|p2|Glimmora, F|
|poke|p2|Rotom-Wash|
|teampreview
|
|t:|1760726551
|teamsize|p1|6
|teamsize|p2|6
|start
|switch|p1a: Clodsire|Clodsire, F, shiny|100/100
|switch|p2a: Rotom|Rotom-Wash|100/100
|turn|1
|inactive|Battle timer is ON: inactive players will automatically lose when time's up. (requested by gustavodarwin)
|
|t:|1760726559
|switch|p2a: Glimmora|Glimmora, F|100/100
|switch|p1a: Darkrai|Darkrai|100/100
|
|upkeep
|turn|2
|
|t:|1760726563
|switch|p1a: Clodsire|Clodsire, F, shiny|100/100
|move|p2a: Glimmora|Mortal Spin|p1a: Clodsire
|-resisted|p1a: Clodsire
|-damage|p1a: Clodsire|99/100
|
|upkeep
|turn|3
|
|t:|1760726570
|switch|p2a: Corviknight|Corviknight, M, shiny|100/100
|-ability|p2a: Corviknight|Unnerve
|move|p1a: Clodsire|Stealth Rock|p2a: Corviknight
|-sidestart|p2: gustavodarwin|move: Stealth Rock
|
|upkeep
|turn|4
|
|t:|1760726573
|switch|p1a: Gholdengo|Gholdengo|100/100
|-item|p1a: Gholdengo|Air Balloon
|move|p2a: Corviknight|U-turn|p1a: Gholdengo
|-resisted|p1a: Gholdengo
|-crit|p1a: Gholdengo
|-damage|p1a: Gholdengo|96/100
|-enditem|p1a: Gholdengo|Air Balloon
|
|t:|1760726579
|switch|p2a: Cinderace|Cinderace, M|100/100|[from] U-turn
|
|upkeep
|turn|5
|
|t:|1760726583
|switch|p1a: Gliscor|Gliscor, F, shiny|100/100
|move|p2a: Cinderace|Pyro Ball|p1a: Gliscor
|-damage|p1a: Gliscor|65/100
|
|-status|p1a: Gliscor|tox|[from] item: Toxic Orb
|upkeep
|turn|6
|
|t:|1760726591
|move|p2a: Cinderace|U-turn|p1a: Gliscor
|-resisted|p1a: Gliscor
|-damage|p1a: Gliscor|58/100 tox
|
|t:|1760726593
|switch|p2a: Rotom|Rotom-Wash|100/100|[from] U-turn
|-damage|p2a: Rotom|88/100|[from] Stealth Rock
|move|p1a: Gliscor|Earthquake|p2a: Rotom
|-immune|p2a: Rotom|[from] ability: Levitate
|
|-heal|p2a: Rotom|94/100|[from] item: Leftovers
|-heal|p1a: Gliscor|71/100 tox|[from] ability: Poison Heal
|upkeep
|turn|7
|
|t:|1760726598
|move|p1a: Gliscor|Protect|p1a: Gliscor
|-singleturn|p1a: Gliscor|Protect
|move|p2a: Rotom|Hydro Pump|p1a: Gliscor
|-activate|p1a: Gliscor|move: Protect
|
|-heal|p2a: Rotom|100/100|[from] item: Leftovers
|-heal|p1a: Gliscor|83/100 tox|[from] ability: Poison Heal
|upkeep
|turn|8
|
|t:|1760726603
|switch|p1a: Clodsire|Clodsire, F, shiny|99/100
|move|p2a: Rotom|Hydro Pump|p1a: Clodsire
|-heal|p1a: Clodsire|100/100|[from] ability: Water Absorb|[of] p2a: Rotom
|
|upkeep
|turn|9
|
|t:|1760726609
|switch|p2a: Glimmora|Glimmora, F|100/100
|-damage|p2a: Glimmora|88/100|[from] Stealth Rock
|move|p1a: Clodsire|Toxic|p2a: Glimmora
|-immune|p2a: Glimmora
|
|upkeep
|turn|10
|
|t:|1760726612
|move|p2a: Glimmora|Earth Power|p1a: Clodsire
|-supereffective|p1a: Clodsire
|-damage|p1a: Clodsire|69/100
|move|p1a: Clodsire|Earthquake|p2a: Glimmora
|-supereffective|p2a: Glimmora
|-damage|p2a: Glimmora|0 fnt
|-activate|p2a: Glimmora|ability: Toxic Debris
|-sidestart|p1: Scrafty.YN|move: Toxic Spikes
|faint|p2a: Glimmora
|
|upkeep
|
|t:|1760726628
|switch|p2a: Cinderace|Cinderace, M|100/100
|turn|11
|
|t:|1760726632
|switch|p1a: Gliscor|Gliscor, F, shiny|83/100 tox
|-terastallize|p2a: Cinderace|Flying
|move|p2a: Cinderace|Pyro Ball|p1a: Gliscor
|-damage|p1a: Gliscor|48/100 tox
|
|-heal|p1a: Gliscor|60/100 tox|[from] ability: Poison Heal
|upkeep
|turn|12
|
|t:|1760726638
|move|p1a: Gliscor|Protect|p1a: Gliscor
|-singleturn|p1a: Gliscor|Protect
|move|p2a: Cinderace|U-turn|p1a: Gliscor
|-activate|p1a: Gliscor|move: Protect
|
|-heal|p1a: Gliscor|73/100 tox|[from] ability: Poison Heal
|upkeep
|turn|13
|
|t:|1760726647
|move|p2a: Cinderace|U-turn|p1a: Gliscor
|-resisted|p1a: Gliscor
|-damage|p1a: Gliscor|65/100 tox
|
|t:|1760726650
|switch|p2a: Rotom|Rotom-Wash|100/100|[from] U-turn
|-damage|p2a: Rotom|88/100|[from] Stealth Rock
|move|p1a: Gliscor|Knock Off|p2a: Rotom
|-damage|p2a: Rotom|57/100
|-enditem|p2a: Rotom|Leftovers|[from] move: Knock Off|[of] p1a: Gliscor
|
|-heal|p1a: Gliscor|78/100 tox|[from] ability: Poison Heal
|upkeep
|turn|14
|
|t:|1760726659
|switch|p1a: Clodsire|Clodsire, F, shiny|69/100
|-sideend|p1: Scrafty.YN|move: Toxic Spikes|[of] p1a: Clodsire
|move|p2a: Rotom|Pain Split|p1a: Clodsire
|-sethp|p1a: Clodsire|49/100|[from] move: Pain Split|[silent]
|-sethp|p2a: Rotom|95/100|[from] move: Pain Split
|
|upkeep
|turn|15
|
|t:|1760726671
|switch|p2a: Cinderace|Cinderace, M, tera:Flying|100/100
|move|p1a: Clodsire|Earthquake|p2a: Cinderace
|-immune|p2a: Cinderace
|
|upkeep
|turn|16
|
|t:|1760726683
|switch|p1a: Gliscor|Gliscor, F, shiny|78/100 tox
|move|p2a: Cinderace|Court Change|p2a: Cinderace
|-swapsideconditions
|-activate|p2a: Cinderace|move: Court Change
|
|-heal|p1a: Gliscor|90/100 tox|[from] ability: Poison Heal
|upkeep
|turn|17
|
|t:|1760726692
|move|p2a: Cinderace|Pyro Ball|p1a: Gliscor
|-damage|p1a: Gliscor|54/100 tox
|move|p1a: Gliscor|Knock Off|p2a: Cinderace
|-damage|p2a: Cinderace|69/100
|-enditem|p2a: Cinderace|Heavy-Duty Boots|[from] move: Knock Off|[of] p1a: Gliscor
|
|-heal|p1a: Gliscor|66/100 tox|[from] ability: Poison Heal
|upkeep
|turn|18
|
|t:|1760726715
|switch|p2a: Iron Valiant|Iron Valiant|100/100
|-enditem|p2a: Iron Valiant|Booster Energy
|-activate|p2a: Iron Valiant|ability: Quark Drive|[fromitem]
|-start|p2a: Iron Valiant|quarkdrivespe
|move|p1a: Gliscor|Protect||[still]
|-fail|p1a: Gliscor
|
|-heal|p1a: Gliscor|79/100 tox|[from] ability: Poison Heal
|upkeep
|turn|19
|
|t:|1760726720
|move|p1a: Gliscor|Protect|p1a: Gliscor
|-singleturn|p1a: Gliscor|Protect
|move|p2a: Iron Valiant|Knock Off|p1a: Gliscor
|-activate|p1a: Gliscor|move: Protect
|
|-heal|p1a: Gliscor|91/100 tox|[from] ability: Poison Heal
|upkeep
|turn|20
|
|t:|1760726727
|move|p2a: Iron Valiant|Knock Off|p1a: Gliscor
|-damage|p1a: Gliscor|71/100 tox
|-enditem|p1a: Gliscor|Toxic Orb|[from] move: Knock Off|[of] p2a: Iron Valiant
|move|p1a: Gliscor|Earthquake|p2a: Iron Valiant
|-damage|p2a: Iron Valiant|61/100
|
|-heal|p1a: Gliscor|83/100 tox|[from] ability: Poison Heal
|upkeep
|turn|21
|
|t:|1760726735
|move|p1a: Gliscor|Protect|p1a: Gliscor
|-singleturn|p1a: Gliscor|Protect
|move|p2a: Iron Valiant|Moonblast|p1a: Gliscor
|-activate|p1a: Gliscor|move: Protect
|
|-heal|p1a: Gliscor|96/100 tox|[from] ability: Poison Heal
|upkeep
|turn|22
|
|t:|1760726749
|move|p2a: Iron Valiant|Moonblast|p1a: Gliscor
|-damage|p1a: Gliscor|45/100 tox
|move|p1a: Gliscor|Earthquake|p2a: Iron Valiant
|-damage|p2a: Iron Valiant|14/100
|
|-heal|p1a: Gliscor|57/100 tox|[from] ability: Poison Heal
|upkeep
|turn|23
|
|t:|1760726758
|move|p1a: Gliscor|Protect|p1a: Gliscor
|-singleturn|p1a: Gliscor|Protect
|move|p2a: Iron Valiant|Moonblast|p1a: Gliscor
|-activate|p1a: Gliscor|move: Protect
|
|-heal|p1a: Gliscor|70/100 tox|[from] ability: Poison Heal
|upkeep
|turn|24
|
|t:|1760726767
|move|p2a: Iron Valiant|Destiny Bond|p2a: Iron Valiant
|-singlemove|p2a: Iron Valiant|Destiny Bond
|move|p1a: Gliscor|Earthquake|p2a: Iron Valiant
|-damage|p2a: Iron Valiant|0 fnt
|faint|p2a: Iron Valiant
|-activate|p2a: Iron Valiant|move: Destiny Bond
|-end|p2a: Iron Valiant|Quark Drive|[silent]
|faint|p1a: Gliscor
|
|upkeep
|inactive|Scrafty.YN has 120 seconds left.
|
|t:|1760726806
|switch|p2a: Rotom|Rotom-Wash|95/100
|switch|p1a: Hariyama|Hariyama, F, shiny|100/100
|-damage|p1a: Hariyama|94/100|[from] Stealth Rock
|turn|25
|
|t:|1760726821
|switch|p1a: Clodsire|Clodsire, F, shiny|49/100
|move|p2a: Rotom|Thunder Wave|p1a: Clodsire
|-immune|p1a: Clodsire
|
|upkeep
|turn|26
|
|t:|1760726825
|move|p2a: Rotom|Pain Split|p1a: Clodsire
|-sethp|p1a: Clodsire|49/100|[from] move: Pain Split|[silent]
|-sethp|p2a: Rotom|95/100|[from] move: Pain Split
|move|p1a: Clodsire|Recover|p1a: Clodsire
|-heal|p1a: Clodsire|99/100
|
|upkeep
|turn|27
|
|t:|1760726833
|switch|p2a: Corviknight|Corviknight, M, shiny|100/100
|-ability|p2a: Corviknight|Unnerve
|move|p1a: Clodsire|Toxic|p2a: Corviknight
|-immune|p2a: Corviknight
|
|upkeep
|turn|28
|
|t:|1760726838
|move|p2a: Corviknight|Iron Defense|p2a: Corviknight
|-boost|p2a: Corviknight|def|2
|move|p1a: Clodsire|Stealth Rock|p2a: Corviknight
|-sidestart|p2: gustavodarwin|move: Stealth Rock
|
|upkeep
|turn|29
|
|t:|1760726841
|switch|p1a: Gholdengo|Gholdengo|96/100
|-damage|p1a: Gholdengo|90/100|[from] Stealth Rock
|move|p2a: Corviknight|Body Press|p1a: Gholdengo
|-immune|p1a: Gholdengo
|
|upkeep
|turn|30
|
|t:|1760726851
|move|p1a: Gholdengo|Shadow Ball|p2a: Corviknight
|-damage|p2a: Corviknight|70/100
|move|p2a: Corviknight|U-turn|p1a: Gholdengo
|-resisted|p1a: Gholdengo
|-damage|p1a: Gholdengo|87/100
|
|t:|1760726853
|switch|p2a: Cinderace|Cinderace, M, tera:Flying|69/100|[from] U-turn
|-damage|p2a: Cinderace|44/100|[from] Stealth Rock
|
|upkeep
|turn|31
|
|t:|1760726863
|switch|p1a: Skarmory|Skarmory, M|100/100
|-damage|p1a: Skarmory|88/100|[from] Stealth Rock
|move|p2a: Cinderace|Pyro Ball|p1a: Skarmory
|-supereffective|p1a: Skarmory
|-damage|p1a: Skarmory|25/100
|
|upkeep
|turn|32
|
|t:|1760726877
|-terastallize|p1a: Skarmory|Dragon
|move|p2a: Cinderace|Pyro Ball|p1a: Skarmory
|-resisted|p1a: Skarmory
|-damage|p1a: Skarmory|9/100
|move|p1a: Skarmory|Roost|p1a: Skarmory
|-heal|p1a: Skarmory|59/100
|
|upkeep
|turn|33
|
|t:|1760726883
|move|p2a: Cinderace|High Jump Kick|p1a: Skarmory
|-damage|p1a: Skarmory|35/100
|-damage|p2a: Cinderace|28/100|[from] item: Rocky Helmet|[of] p1a: Skarmory
|move|p1a: Skarmory|Spikes|p2a: Cinderace
|-sidestart|p2: gustavodarwin|Spikes
|
|upkeep
|turn|34
|
|t:|1760726889
|move|p2a: Cinderace|High Jump Kick|p1a: Skarmory
|-damage|p1a: Skarmory|10/100
|-damage|p2a: Cinderace|11/100|[from] item: Rocky Helmet|[of] p1a: Skarmory
|move|p1a: Skarmory|Roost|p1a: Skarmory
|-heal|p1a: Skarmory|60/100
|
|upkeep
|turn|35
|
|t:|1760726899
|move|p2a: Cinderace|Court Change|p2a: Cinderace
|-swapsideconditions
|-activate|p2a: Cinderace|move: Court Change
|move|p1a: Skarmory|Spikes|p2a: Cinderace
|-sidestart|p2: gustavodarwin|Spikes
|
|upkeep
|turn|36
|
|t:|1760726902
|move|p2a: Cinderace|High Jump Kick|p1a: Skarmory|[miss]
|-miss|p2a: Cinderace|p1a: Skarmory
|-damage|p2a: Cinderace|0 fnt|[from] highjumpkick
|faint|p2a: Cinderace
|move|p1a: Skarmory|Spikes|p2: Cinderace
|-sidestart|p2: gustavodarwin|Spikes
|
|upkeep
|
|t:|1760726913
|switch|p2a: Rillaboom|Rillaboom, F|100/100
|-damage|p2a: Rillaboom|88/100|[from] Stealth Rock
|-damage|p2a: Rillaboom|72/100|[from] Spikes
|-fieldstart|move: Grassy Terrain|[from] ability: Grassy Surge|[of] p2a: Rillaboom
|turn|37
|
|t:|1760726919
|move|p2a: Rillaboom|Knock Off|p1a: Skarmory
|-crit|p1a: Skarmory
|-damage|p1a: Skarmory|17/100
|-damage|p2a: Rillaboom|55/100|[from] item: Rocky Helmet|[of] p1a: Skarmory
|-enditem|p1a: Skarmory|Rocky Helmet|[from] move: Knock Off|[of] p2a: Rillaboom
|move|p1a: Skarmory|Brave Bird|p2a: Rillaboom
|-supereffective|p2a: Rillaboom
|-crit|p2a: Rillaboom
|-damage|p2a: Rillaboom|0 fnt
|faint|p2a: Rillaboom
|-damage|p1a: Skarmory|0 fnt|[from] Recoil
|faint|p1a: Skarmory
|
|upkeep
|-message|gustavodarwin forfeited.
|
|win|Scrafty.YN
|raw|Scrafty.YN's rating: 1283 &rarr; <strong>1302</strong><br />(+19 for winning)
|raw|gustavodarwin's rating: 1205 &rarr; <strong>1186</strong><br />(-19 for losing)
|l|☆gustavodarwin
|player|p2|
