|j|☆freebundle
|j|☆Kleinstein-Albert
|t:|1760865373
|gametype|singles
|player|p1|freebundle|266|1501
|player|p2|Kleinstein-Albert|scientist-gen4dp|1459
|gen|9
|tier|[Gen 9] OU
|rated|
|rule|HP Percentage Mod: HP is shown in percentages
|rule|Endless Battle Clause: Forcing endless battles is banned
|rule|Species Clause: Limit one of each Pokémon
|rule|OHKO Clause: OHKO moves are banned
|rule|Evasion Items Clause: Evasion items are banned
|rule|Evasion Moves Clause: Evasion moves are banned
|rule|Evasion Abilities Clause: Evasion abilities are banned
|rule|Sleep Moves Clause: Sleep-inducing moves are banned
|clearpoke
|poke|p1|Pelipper, F|
|poke|p1|Hatterene, F|
|poke|p1|Iron Treads|
|poke|p1|Toxicroak, F|
|poke|p1|Barraskewda, F|
|poke|p1|Zapdos|
|poke|p2|Garganacl, F|
|poke|p2|Dragapult, F|
|poke|p2|Ogerpon-Wellspring, F|
|poke|p2|Moltres|
|poke|p2|Iron Valiant|
|poke|p2|Iron Treads|
|teampreview
|inactive|Battle timer is ON: inactive players will automatically lose when time's up. (requested by Kleinstein-Albert)
|
|t:|1760865430
|teamsize|p1|6
|teamsize|p2|6
|start
|switch|p1a: Pelipper|Pelipper, F|100/100
|switch|p2a: Dragapult|Dragapult, F|100/100
|-weather|RainDance|[from] ability: Drizzle|[of] p1a: Pelipper
|turn|1
|
|t:|1760865438
|move|p2a: Dragapult|Hex|p1a: Pelipper
|-damage|p1a: Pelipper|74/100
|move|p1a: Pelipper|Knock Off|p2a: Dragapult
|-supereffective|p2a: Dragapult
|-damage|p2a: Dragapult|69/100
|-enditem|p2a: Dragapult|Heavy-Duty Boots|[from] move: Knock Off|[of] p1a: Pelipper
|
|-weather|RainDance|[upkeep]
|upkeep
|turn|2
|
|t:|1760865450
|move|p2a: Dragapult|Hex|p1a: Pelipper
|-crit|p1a: Pelipper
|-damage|p1a: Pelipper|32/100
|move|p1a: Pelipper|U-turn|p2a: Dragapult
|-resisted|p2a: Dragapult
|-damage|p2a: Dragapult|63/100
|
|t:|1760865461
|switch|p1a: Iron Treads|Iron Treads|100/100|[from] U-turn
|
|-weather|RainDance|[upkeep]
|upkeep
|turn|3
|
|t:|1760865466
|move|p2a: Dragapult|Will-O-Wisp|p1a: Iron Treads
|-status|p1a: Iron Treads|brn
|move|p1a: Iron Treads|Stealth Rock|p2a: Dragapult
|-sidestart|p2: Kleinstein-Albert|move: Stealth Rock
|
|-weather|RainDance|[upkeep]
|-damage|p1a: Iron Treads|94/100 brn|[from] brn
|upkeep
|turn|4
|
|t:|1760865491
|move|p2a: Dragapult|Hex|p1a: Iron Treads
|-damage|p1a: Iron Treads|50/100 brn
|move|p1a: Iron Treads|Volt Switch|p2a: Dragapult
|-resisted|p2a: Dragapult
|-damage|p2a: Dragapult|56/100
|
|t:|1760865501
|-end|p1a: Iron Treads|Quark Drive|[silent]
|switch|p1a: Barraskewda|Barraskewda, F|100/100|[from] Volt Switch
|
|-weather|RainDance|[upkeep]
|upkeep
|turn|5
|
|t:|1760865518
|switch|p1a: Toxicroak|Toxicroak, F|100/100
|switch|p2a: Moltres|Moltres|100/100
|
|-weather|RainDance|[upkeep]
|upkeep
|turn|6
|
|t:|1760865529
|switch|p1a: Zapdos|Zapdos|100/100
|move|p2a: Moltres|Roar|p1a: Zapdos
|drag|p1a: Hatterene|Hatterene, F|100/100
|
|-weather|RainDance|[upkeep]
|upkeep
|turn|7
|
|t:|1760865538
|switch|p2a: Garganacl|Garganacl, F|100/100
|-damage|p2a: Garganacl|88/100|[from] Stealth Rock
|switch|p1a: Zapdos|Zapdos|100/100
|
|-weather|RainDance|[upkeep]
|-heal|p2a: Garganacl|94/100|[from] item: Leftovers
|upkeep
|turn|8
|
|t:|1760865544
|move|p1a: Zapdos|Weather Ball|p2a: Garganacl
|-supereffective|p2a: Garganacl
|-damage|p2a: Garganacl|0 fnt
|faint|p2a: Garganacl
|
|-weather|none
|upkeep
|
|t:|1760865552
|switch|p2a: Iron Treads|Iron Treads|100/100
|-damage|p2a: Iron Treads|98/100|[from] Stealth Rock
|turn|9
|
|t:|1760865562
|switch|p1a: Hatterene|Hatterene, F|100/100
|move|p2a: Iron Treads|Rapid Spin|p1a: Hatterene
|-damage|p1a: Hatterene|89/100
|-boost|p2a: Iron Treads|spe|1
|-sideend|p2: Kleinstein-Albert|Stealth Rock|[from] move: Rapid Spin|[of] p2a: Iron Treads
|-enditem|p1a: Hatterene|Eject Button
|
|t:|1760865570
|switch|p1a: Pelipper|Pelipper, F|32/100
|-weather|RainDance|[from] ability: Drizzle|[of] p1a: Pelipper
|
|-weather|RainDance|[upkeep]
|-heal|p2a: Iron Treads|100/100|[from] item: Leftovers
|upkeep
|turn|10
|
|t:|1760865575
|switch|p1a: Hatterene|Hatterene, F|89/100
|move|p2a: Iron Treads|Knock Off|p1a: Hatterene
|-damage|p1a: Hatterene|74/100
|
|-weather|RainDance|[upkeep]
|upkeep
|turn|11
|
|t:|1760865588
|switch|p1a: Zapdos|Zapdos|100/100
|move|p2a: Iron Treads|Earthquake|p1a: Zapdos
|-immune|p1a: Zapdos
|
|-weather|RainDance|[upkeep]
|upkeep
|turn|12
|
|t:|1760865599
|-terastallize|p2a: Iron Treads|Dark
|move|p2a: Iron Treads|Knock Off|p1a: Zapdos
|-damage|p1a: Zapdos|55/100
|-enditem|p1a: Zapdos|Choice Specs|[from] move: Knock Off|[of] p2a: Iron Treads
|move|p1a: Zapdos|Hurricane|p2a: Iron Treads
|-damage|p2a: Iron Treads|58/100
|-start|p2a: Iron Treads|confusion
|
|-weather|RainDance|[upkeep]
|-heal|p2a: Iron Treads|64/100|[from] item: Leftovers
|upkeep
|turn|13
|
|t:|1760865614
|-activate|p2a: Iron Treads|confusion
|-damage|p2a: Iron Treads|56/100|[from] confusion
|move|p1a: Zapdos|Thunder|p2a: Iron Treads
|-damage|p2a: Iron Treads|13/100
|-status|p2a: Iron Treads|par
|
|-weather|RainDance|[upkeep]
|-heal|p2a: Iron Treads|19/100 par|[from] item: Leftovers
|upkeep
|turn|14
|
|t:|1760865627
|move|p1a: Zapdos|Volt Switch|p2a: Iron Treads
|-damage|p2a: Iron Treads|0 fnt
|faint|p2a: Iron Treads
|-end|p2a: Iron Treads|Quark Drive|[silent]
|
|t:|1760865631
|switch|p1a: Barraskewda|Barraskewda, F|100/100|[from] Volt Switch
|
|-weather|RainDance|[upkeep]
|upkeep
|
|t:|1760865635
|switch|p2a: Ogerpon|Ogerpon-Wellspring, F|100/100
|turn|15
|
|t:|1760865652
|switch|p1a: Toxicroak|Toxicroak, F|100/100
|move|p2a: Ogerpon|Trailblaze|p1a: Toxicroak
|-resisted|p1a: Toxicroak
|-damage|p1a: Toxicroak|89/100
|-boost|p2a: Ogerpon|spe|1
|-damage|p2a: Ogerpon|84/100|[from] item: Rocky Helmet|[of] p1a: Toxicroak
|
|-weather|RainDance|[upkeep]
|-heal|p1a: Toxicroak|100/100|[from] ability: Dry Skin
|upkeep
|turn|16
|
|t:|1760865661
|switch|p2a: Moltres|Moltres|100/100
|move|p1a: Toxicroak|Toxic|p2a: Moltres
|-status|p2a: Moltres|tox
|
|-weather|none
|-damage|p2a: Moltres|94/100 tox|[from] psn
|upkeep
|turn|17
|
|t:|1760865672
|switch|p1a: Iron Treads|Iron Treads|50/100 brn
|move|p2a: Moltres|Will-O-Wisp|p1a: Iron Treads
|-fail|p1a: Iron Treads|brn
|
|-heal|p1a: Iron Treads|56/100 brn|[from] item: Leftovers
|-damage|p2a: Moltres|82/100 tox|[from] psn
|-damage|p1a: Iron Treads|50/100 brn|[from] brn
|upkeep
|turn|18
|
|t:|1760865684
|move|p1a: Iron Treads|Stealth Rock|p2a: Moltres
|-sidestart|p2: Kleinstein-Albert|move: Stealth Rock
|move|p2a: Moltres|Flamethrower|p1a: Iron Treads
|-supereffective|p1a: Iron Treads
|-damage|p1a: Iron Treads|0 fnt
|faint|p1a: Iron Treads
|-end|p1a: Iron Treads|Quark Drive|[silent]
|
|-damage|p2a: Moltres|64/100 tox|[from] psn
|upkeep
|
|t:|1760865693
|switch|p1a: Pelipper|Pelipper, F|32/100
|-weather|RainDance|[from] ability: Drizzle|[of] p1a: Pelipper
|turn|19
|
|t:|1760865701
|move|p1a: Pelipper|U-turn|p2a: Moltres
|-resisted|p2a: Moltres
|-damage|p2a: Moltres|63/100 tox
|
|t:|1760865704
|switch|p1a: Zapdos|Zapdos|55/100|[from] U-turn
|move|p2a: Moltres|Roar|p1a: Zapdos
|drag|p1a: Pelipper|Pelipper, F|32/100
|
|-weather|RainDance|[upkeep]
|-damage|p2a: Moltres|39/100 tox|[from] psn
|upkeep
|turn|20
|
|t:|1760865713
|switch|p1a: Zapdos|Zapdos|55/100
|move|p2a: Moltres|Flamethrower|p1a: Zapdos
|-damage|p1a: Zapdos|32/100
|
|-weather|RainDance|[upkeep]
|-damage|p2a: Moltres|9/100 tox|[from] psn
|upkeep
|turn|21
|
|t:|1760865718
|move|p1a: Zapdos|Volt Switch|p2a: Moltres
|-supereffective|p2a: Moltres
|-damage|p2a: Moltres|0 fnt
|faint|p2a: Moltres
|
|t:|1760865721
|switch|p1a: Barraskewda|Barraskewda, F|100/100|[from] Volt Switch
|
|-weather|RainDance|[upkeep]
|upkeep
|
|t:|1760865727
|switch|p2a: Dragapult|Dragapult, F|56/100
|-damage|p2a: Dragapult|43/100|[from] Stealth Rock
|turn|22
|
|t:|1760865739
|switch|p2a: Ogerpon|Ogerpon-Wellspring, F|84/100
|-damage|p2a: Ogerpon|72/100|[from] Stealth Rock
|move|p1a: Barraskewda|Liquidation|p2a: Ogerpon
|-heal|p2a: Ogerpon|97/100|[from] ability: Water Absorb|[of] p1a: Barraskewda
|
|-weather|RainDance|[upkeep]
|upkeep
|turn|23
|
|t:|1760865749
|switch|p1a: Toxicroak|Toxicroak, F|100/100
|switch|p2a: Iron Valiant|Iron Valiant|100/100
|-damage|p2a: Iron Valiant|94/100|[from] Stealth Rock
|-enditem|p2a: Iron Valiant|Booster Energy
|-activate|p2a: Iron Valiant|ability: Quark Drive|[fromitem]
|-start|p2a: Iron Valiant|quarkdrivespe
|
|-weather|RainDance|[upkeep]
|upkeep
|turn|24
|
|t:|1760865769
|move|p2a: Iron Valiant|Moonblast|p1a: Toxicroak
|-damage|p1a: Toxicroak|36/100
|move|p1a: Toxicroak|Toxic|p2a: Iron Valiant
|-status|p2a: Iron Valiant|tox
|
|-weather|RainDance|[upkeep]
|-heal|p1a: Toxicroak|48/100|[from] ability: Dry Skin
|-damage|p2a: Iron Valiant|88/100 tox|[from] psn
|upkeep
|turn|25
|
|t:|1760865783
|switch|p1a: Hatterene|Hatterene, F|74/100
|move|p2a: Iron Valiant|Moonblast|p1a: Hatterene
|-crit|p1a: Hatterene
|-damage|p1a: Hatterene|6/100
|
|-weather|RainDance|[upkeep]
|-damage|p2a: Iron Valiant|76/100 tox|[from] psn
|upkeep
|turn|26
|
|t:|1760865790
|move|p2a: Iron Valiant|Moonblast|p1a: Hatterene
|-damage|p1a: Hatterene|0 fnt
|faint|p1a: Hatterene
|
|-weather|none
|-damage|p2a: Iron Valiant|57/100 tox|[from] psn
|upkeep
|
|t:|1760865793
|switch|p1a: Pelipper|Pelipper, F|32/100
|-weather|RainDance|[from] ability: Drizzle|[of] p1a: Pelipper
|turn|27
|
|t:|1760865797
|switch|p1a: Zapdos|Zapdos|32/100
|move|p2a: Iron Valiant|Moonblast|p1a: Zapdos
|-damage|p1a: Zapdos|0 fnt
|faint|p1a: Zapdos
|
|-weather|RainDance|[upkeep]
|-damage|p2a: Iron Valiant|32/100 tox|[from] psn
|upkeep
|
|t:|1760865800
|switch|p1a: Barraskewda|Barraskewda, F|100/100
|turn|28
|
|t:|1760865808
|move|p1a: Barraskewda|Close Combat|p2a: Iron Valiant
|-resisted|p2a: Iron Valiant
|-damage|p2a: Iron Valiant|0 fnt
|-unboost|p1a: Barraskewda|def|1
|-unboost|p1a: Barraskewda|spd|1
|faint|p2a: Iron Valiant
|-end|p2a: Iron Valiant|Quark Drive|[silent]
|
|-weather|RainDance|[upkeep]
|upkeep
|
|t:|1760865810
|switch|p2a: Dragapult|Dragapult, F|43/100
|-damage|p2a: Dragapult|31/100|[from] Stealth Rock
|turn|29
|
|t:|1760865837
|switch|p1a: Pelipper|Pelipper, F|32/100
|move|p2a: Dragapult|Will-O-Wisp|p1a: Pelipper
|-status|p1a: Pelipper|brn
|
|-weather|RainDance|[upkeep]
|-damage|p1a: Pelipper|26/100 brn|[from] brn
|upkeep
|turn|30
|
|t:|1760865849
|switch|p2a: Ogerpon|Ogerpon-Wellspring, F|97/100
|-damage|p2a: Ogerpon|84/100|[from] Stealth Rock
|-terastallize|p1a: Pelipper|Normal
|move|p1a: Pelipper|Hurricane|p2a: Ogerpon
|-supereffective|p2a: Ogerpon
|-damage|p2a: Ogerpon|11/100
|
|-weather|RainDance|[upkeep]
|-damage|p1a: Pelipper|20/100 brn|[from] brn
|upkeep
|turn|31
|
|t:|1760865856
|switch|p1a: Toxicroak|Toxicroak, F|48/100
|move|p2a: Ogerpon|Trailblaze|p1a: Toxicroak
|-resisted|p1a: Toxicroak
|-damage|p1a: Toxicroak|35/100
|-boost|p2a: Ogerpon|spe|1
|-damage|p2a: Ogerpon|0 fnt|[from] item: Rocky Helmet|[of] p1a: Toxicroak
|faint|p2a: Ogerpon
|
|-weather|RainDance|[upkeep]
|-heal|p1a: Toxicroak|48/100|[from] ability: Dry Skin
|upkeep
|
|t:|1760865860
|switch|p2a: Dragapult|Dragapult, F|31/100
|-damage|p2a: Dragapult|19/100|[from] Stealth Rock
|turn|32
|
|t:|1760865865
|move|p2a: Dragapult|Hex|p1a: Toxicroak
|-damage|p1a: Toxicroak|14/100
|move|p1a: Toxicroak|Knock Off|p2a: Dragapult
|-supereffective|p2a: Dragapult
|-damage|p2a: Dragapult|0 fnt
|faint|p2a: Dragapult
|
|win|freebundle
|raw|freebundle's rating: 1501 &rarr; <strong>1519</strong><br />(+18 for winning)
|raw|Kleinstein-Albert's rating: 1459 &rarr; <strong>1441</strong><br />(-18 for losing)
|l|☆Kleinstein-Albert
|player|p2|
