|j|☆rawbraines
|j|☆h4idar
|t:|1760885388
|gametype|singles
|player|p1|rawbraines|smasher|1248
|player|p2|h4idar|101|1298
|gen|9
|tier|[Gen 9] OU
|rated|
|rule|HP Percentage Mod: HP is shown in percentages
|rule|Endless Battle Clause: Forcing endless battles is banned
|rule|Species Clause: Limit one of each Pokémon
|rule|OHKO Clause: OHKO moves are banned
|rule|Evasion Items Clause: Evasion items are banned
|rule|Evasion Moves Clause: Evasion moves are banned
|rule|Evasion Abilities Clause: Evasion abilities are banned
|rule|Sleep Moves Clause: Sleep-inducing moves are banned
|clearpoke
|poke|p1|Weezing, F|
|poke|p1|Latias, F|
|poke|p1|Meowscarada, M|
|poke|p1|Suicune|
|poke|p1|Avalugg-Hisui, F|
|poke|p1|Arcanine, F|
|poke|p2|Scizor, F|
|poke|p2|Zapdos|
|poke|p2|Kyurem|
|poke|p2|Primarina, M|
|poke|p2|Arcanine-Hisui, M|
|poke|p2|Great Tusk|
|teampreview
|inactive|Battle timer is ON: inactive players will automatically lose when time's up. (requested by h4idar)
|
|t:|1760885394
|teamsize|p1|6
|teamsize|p2|6
|start
|switch|p1a: Avalugg|Avalugg-Hisui, F|100/100
|switch|p2a: Kyurem|Kyurem|100/100
|-ability|p2a: Kyurem|Pressure
|turn|1
|
|t:|1760885418
|-terastallize|p1a: Avalugg|Fairy
|move|p2a: Kyurem|Earth Power|p1a: Avalugg
|-damage|p1a: Avalugg|39/100
|move|p1a: Avalugg|Tera Blast|p2a: Kyurem|[anim] Tera Blast Fairy
|-supereffective|p2a: Kyurem
|-damage|p2a: Kyurem|32/100
|
|upkeep
|turn|2
|
|t:|1760885436
|switch|p2a: Scizor|Scizor, F|100/100
|switch|p1a: Latias|Latias, F|100/100
|
|upkeep
|turn|3
|
|t:|1760885451
|move|p1a: Latias|Reflect|p1a: Latias
|-sidestart|p1: rawbraines|Reflect
|move|p2a: Scizor|U-turn|p1a: Latias
|-supereffective|p1a: Latias
|-damage|p1a: Latias|26/100
|
|t:|1760885457
|switch|p2a: Kyurem|Kyurem|32/100|[from] U-turn
|-ability|p2a: Kyurem|Pressure
|
|upkeep
|turn|4
|
|t:|1760885465
|switch|p1a: Suicune|Suicune|100/100
|-ability|p1a: Suicune|Pressure
|move|p2a: Kyurem|Ice Beam|p1a: Suicune
|-resisted|p1a: Suicune
|-damage|p1a: Suicune|88/100
|
|-heal|p1a: Suicune|94/100|[from] item: Leftovers
|upkeep
|turn|5
|
|t:|1760885480
|switch|p2a: Primarina|Primarina, M|100/100
|move|p1a: Suicune|Calm Mind|p1a: Suicune
|-boost|p1a: Suicune|spa|1
|-boost|p1a: Suicune|spd|1
|
|-heal|p1a: Suicune|99/100|[from] item: Leftovers
|upkeep
|turn|6
|
|t:|1760885487
|move|p1a: Suicune|Shadow Ball|p2a: Primarina
|-damage|p2a: Primarina|88/100
|move|p2a: Primarina|Moonblast|p1a: Suicune
|-damage|p1a: Suicune|80/100
|-unboost|p1a: Suicune|spa|1
|
|-heal|p1a: Suicune|87/100|[from] item: Leftovers
|upkeep
|turn|7
|
|t:|1760885493
|move|p1a: Suicune|Calm Mind|p1a: Suicune
|-boost|p1a: Suicune|spa|1
|-boost|p1a: Suicune|spd|1
|move|p2a: Primarina|Moonblast|p1a: Suicune
|-damage|p1a: Suicune|72/100
|
|-heal|p1a: Suicune|78/100|[from] item: Leftovers
|upkeep
|turn|8
|
|t:|1760885505
|move|p1a: Suicune|Shadow Ball|p2a: Primarina
|-damage|p2a: Primarina|74/100
|move|p2a: Primarina|Flip Turn|p1a: Suicune
|-resisted|p1a: Suicune
|-damage|p1a: Suicune|75/100
|
|t:|1760885511
|switch|p2a: Arcanine|Arcanine-Hisui, M|100/100|[from] Flip Turn
|
|-heal|p1a: Suicune|82/100|[from] item: Leftovers
|upkeep
|turn|9
|
|t:|1760885517
|move|p1a: Suicune|Protect|p1a: Suicune
|-singleturn|p1a: Suicune|Protect
|move|p2a: Arcanine|Head Smash|p1a: Suicune
|-activate|p1a: Suicune|move: Protect
|
|-heal|p1a: Suicune|88/100|[from] item: Leftovers
|upkeep
|turn|10
|
|t:|1760885524
|switch|p1a: Weezing|Weezing, F|100/100
|move|p2a: Arcanine|Head Smash|p1a: Weezing
|-damage|p1a: Weezing|68/100
|-damage|p2a: Arcanine|84/100|[from] item: Rocky Helmet|[of] p1a: Weezing
|
|-sideend|p1: rawbraines|Reflect
|upkeep
|turn|11
|inactive|rawbraines has 120 seconds left.
|
|t:|1760885568
|switch|p2a: Zapdos|Zapdos|100/100
|switch|p1a: Avalugg|Avalugg-Hisui, F, tera:Fairy|39/100
|
|upkeep
|turn|12
|
|t:|1760885583
|move|p2a: Zapdos|Discharge|p1a: Avalugg
|-damage|p1a: Avalugg|0 fnt
|faint|p1a: Avalugg
|
|upkeep
|
|t:|1760885589
|switch|p1a: Latias|Latias, F|26/100
|turn|13
|
|t:|1760885601
|move|p1a: Latias|Recover|p1a: Latias
|-heal|p1a: Latias|77/100
|move|p2a: Zapdos|Volt Switch|p1a: Latias
|-resisted|p1a: Latias
|-damage|p1a: Latias|61/100
|
|t:|1760885604
|switch|p2a: Scizor|Scizor, F|100/100|[from] Volt Switch
|
|upkeep
|turn|14
|
|t:|1760885611
|switch|p1a: Weezing|Weezing, F|68/100
|move|p2a: Scizor|U-turn|p1a: Weezing
|-resisted|p1a: Weezing
|-damage|p1a: Weezing|48/100
|-damage|p2a: Scizor|84/100|[from] item: Rocky Helmet|[of] p1a: Weezing
|
|t:|1760885637
|switch|p2a: Arcanine|Arcanine-Hisui, M|84/100|[from] U-turn
|
|upkeep
|turn|15
|
|t:|1760885641
|move|p2a: Arcanine|Head Smash|p1a: Weezing
|-crit|p1a: Weezing
|-damage|p1a: Weezing|0 fnt
|-damage|p2a: Arcanine|67/100|[from] item: Rocky Helmet|[of] p1a: Weezing
|faint|p1a: Weezing
|
|upkeep
|
|t:|1760885648
|switch|p1a: Arcanine|Arcanine, F|100/100
|-ability|p1a: Arcanine|Intimidate|boost
|-unboost|p2a: Arcanine|atk|1
|turn|16
|
|t:|1760885654
|move|p2a: Arcanine|Head Smash|p1a: Arcanine
|-supereffective|p1a: Arcanine
|-damage|p1a: Arcanine|0 fnt
|faint|p1a: Arcanine
|
|upkeep
|-message|rawbraines forfeited.
|
|win|h4idar
|raw|rawbraines's rating: 1248 &rarr; <strong>1227</strong><br />(-21 for losing)
|raw|h4idar's rating: 1298 &rarr; <strong>1319</strong><br />(+21 for winning)
|l|☆rawbraines
|player|p1|
|l|☆h4idar
|player|p2|
