|j|☆tza803
|j|☆alexander-the-best
|t:|1760868938
|gametype|singles
|player|p1|tza803|101|1500
|player|p2|alexander-the-best|266|1504
|gen|9
|tier|[Gen 9] OU
|rated|
|rule|HP Percentage Mod: HP is shown in percentages
|rule|Endless Battle Clause: Forcing endless battles is banned
|rule|Species Clause: Limit one of each Pokémon
|rule|OHKO Clause: OHKO moves are banned
|rule|Evasion Items Clause: Evasion items are banned
|rule|Evasion Moves Clause: Evasion moves are banned
|rule|Evasion Abilities Clause: Evasion abilities are banned
|rule|Sleep Moves Clause: Sleep-inducing moves are banned
|clearpoke
|poke|p1|Zamazenta-*|
|poke|p1|Dragonite, M|
|poke|p1|Ogerpon-Wellspring, F|
|poke|p1|Walking Wake|
|poke|p1|Cinderace, M|
|poke|p1|Great Tusk|
|poke|p2|Magnezone|
|poke|p2|Zamazenta-*|
|poke|p2|Dragonite, M|
|poke|p2|Cresselia, F|
|poke|p2|Great Tusk|
|poke|p2|Zoroark-Hisui, F|
|teampreview
|inactive|Battle timer is ON: inactive players will automatically lose when time's up. (requested by tza803)
|
|t:|1760868959
|teamsize|p1|6
|teamsize|p2|6
|start
|switch|p1a: Walking Wake|Walking Wake|100/100
|switch|p2a: Zamazenta|Zamazenta|100/100
|-ability|p2a: Zamazenta|Dauntless Shield|boost
|-boost|p2a: Zamazenta|def|1
|turn|1
|
|t:|1760868972
|move|p2a: Zamazenta|Close Combat|p1a: Walking Wake
|-damage|p1a: Walking Wake|35/100
|-unboost|p2a: Zamazenta|def|1
|-unboost|p2a: Zamazenta|spd|1
|move|p1a: Walking Wake|Draco Meteor|p2a: Zamazenta
|-damage|p2a: Zamazenta|43/100
|-unboost|p1a: Walking Wake|spa|2
|
|upkeep
|turn|2
|
|t:|1760868989
|-end|p1a: Walking Wake|Protosynthesis|[silent]
|switch|p1a: Zamazenta|Zamazenta|100/100
|-ability|p1a: Zamazenta|Dauntless Shield|boost
|-boost|p1a: Zamazenta|def|1
|move|p2a: Zamazenta|Ice Fang|p1a: Zamazenta
|-damage|p1a: Zamazenta|91/100
|-status|p1a: Zamazenta|frz
|
|-heal|p1a: Zamazenta|98/100 frz|[from] item: Leftovers
|upkeep
|turn|3
|
|t:|1760868998
|switch|p2a: Great Tusk|Great Tusk|100/100
|-curestatus|p1a: Zamazenta|frz|[msg]
|move|p1a: Zamazenta|Substitute|p1a: Zamazenta
|-start|p1a: Zamazenta|Substitute
|-damage|p1a: Zamazenta|73/100
|
|-heal|p1a: Zamazenta|79/100|[from] item: Leftovers
|upkeep
|turn|4
|
|t:|1760869004
|move|p2a: Great Tusk|Shadow Ball|p1a: Zamazenta
|-end|p1a: Zamazenta|Substitute
|move|p1a: Zamazenta|Iron Defense|p1a: Zamazenta
|-boost|p1a: Zamazenta|def|2
|
|-heal|p1a: Zamazenta|85/100|[from] item: Leftovers
|upkeep
|turn|5
|
|t:|1760869029
|switch|p1a: Cinderace|Cinderace, M|100/100
|move|p2a: Great Tusk|Shadow Ball|p1a: Cinderace
|-damage|p1a: Cinderace|4/100
|-unboost|p1a: Cinderace|spd|1
|
|upkeep
|turn|6
|
|t:|1760869035
|switch|p2a: Great Tusk|Great Tusk|100/100
|move|p1a: Cinderace|Sucker Punch||[still]
|-fail|p1a: Cinderace
|
|upkeep
|turn|7
|
|t:|1760869046
|switch|p1a: Zamazenta|Zamazenta|85/100
|move|p2a: Great Tusk|Rapid Spin|p1a: Zamazenta
|-damage|p1a: Zamazenta|77/100
|-boost|p2a: Great Tusk|spe|1
|
|-heal|p1a: Zamazenta|83/100|[from] item: Leftovers
|upkeep
|turn|8
|
|t:|1760869051
|move|p2a: Great Tusk|Stealth Rock|p1a: Zamazenta
|-sidestart|p1: tza803|move: Stealth Rock
|move|p1a: Zamazenta|Substitute|p1a: Zamazenta
|-start|p1a: Zamazenta|Substitute
|-damage|p1a: Zamazenta|58/100
|
|-heal|p1a: Zamazenta|64/100|[from] item: Leftovers
|upkeep
|turn|9
|
|t:|1760869057
|-end|p2a: Great Tusk|Protosynthesis|[silent]
|switch|p2a: Cresselia|Cresselia, F, shiny|100/100
|move|p1a: Zamazenta|Iron Defense|p1a: Zamazenta
|-boost|p1a: Zamazenta|def|2
|
|-heal|p1a: Zamazenta|71/100|[from] item: Leftovers
|upkeep
|turn|10
|
|t:|1760869062
|move|p2a: Cresselia|Psychic|p1a: Zamazenta
|-supereffective|p1a: Zamazenta
|-end|p1a: Zamazenta|Substitute
|move|p1a: Zamazenta|Roar|p2a: Cresselia
|drag|p2a: Zamazenta|Zamazenta|43/100
|
|-heal|p1a: Zamazenta|77/100|[from] item: Leftovers
|upkeep
|turn|11
|
|t:|1760869071
|switch|p2a: Great Tusk|Great Tusk|100/100
|move|p1a: Zamazenta|Substitute|p1a: Zamazenta
|-start|p1a: Zamazenta|Substitute
|-damage|p1a: Zamazenta|52/100
|
|-heal|p1a: Zamazenta|58/100|[from] item: Leftovers
|upkeep
|turn|12
|
|t:|1760869082
|-end|p2a: Great Tusk|Protosynthesis|[silent]
|switch|p2a: Great Tusk|Great Tusk|100/100
|move|p1a: Zamazenta|Roar|p2a: Great Tusk
|drag|p2a: Dragonite|Dragonite, M|100/100
|
|-heal|p1a: Zamazenta|64/100|[from] item: Leftovers
|upkeep
|turn|13
|
|t:|1760869092
|switch|p2a: Great Tusk|Great Tusk|100/100
|move|p1a: Zamazenta|Body Press|p2a: Great Tusk
|-immune|p2a: Great Tusk
|
|-heal|p1a: Zamazenta|70/100|[from] item: Leftovers
|upkeep
|turn|14
|
|t:|1760869103
|move|p2a: Great Tusk|Shadow Ball|p1a: Zamazenta
|-end|p1a: Zamazenta|Substitute
|move|p1a: Zamazenta|Roar|p2a: Great Tusk
|drag|p2a: Cresselia|Cresselia, F, shiny|100/100
|
|-heal|p1a: Zamazenta|77/100|[from] item: Leftovers
|upkeep
|turn|15
|
|t:|1760869123
|switch|p1a: Walking Wake|Walking Wake|35/100
|-damage|p1a: Walking Wake|23/100|[from] Stealth Rock
|move|p2a: Cresselia|Psychic|p1a: Walking Wake
|-damage|p1a: Walking Wake|0 fnt
|faint|p1a: Walking Wake
|-end|p1a: Walking Wake|Protosynthesis|[silent]
|
|upkeep
|
|t:|1760869129
|switch|p1a: Ogerpon|Ogerpon-Wellspring, F|100/100
|-damage|p1a: Ogerpon|88/100|[from] Stealth Rock
|turn|16
|
|t:|1760869137
|-terastallize|p1a: Ogerpon|Water
|detailschange|p1a: Ogerpon|Ogerpon-Wellspring-Tera, F, tera:Water
|-ability|p1a: Ogerpon|Embody Aspect (Wellspring)|boost
|-boost|p1a: Ogerpon|spd|1
|move|p1a: Ogerpon|Swords Dance|p1a: Ogerpon
|-boost|p1a: Ogerpon|atk|2
|move|p2a: Cresselia|Psychic|p1a: Ogerpon
|-damage|p1a: Ogerpon|60/100
|
|upkeep
|turn|17
|
|t:|1760869146
|move|p1a: Ogerpon|Horn Leech|p2a: Cresselia
|-damage|p2a: Cresselia|33/100
|-heal|p1a: Ogerpon|100/100|[from] drain|[of] p2a: Cresselia
|move|p2a: Cresselia|Psychic|p1a: Ogerpon
|-damage|p1a: Ogerpon|70/100
|
|upkeep
|turn|18
|
|t:|1760869152
|move|p1a: Ogerpon|Horn Leech|p2a: Cresselia
|-damage|p2a: Cresselia|0 fnt
|-heal|p1a: Ogerpon|94/100|[from] drain|[of] p2a: Cresselia
|faint|p2a: Cresselia
|
|upkeep
|
|t:|1760869155
|switch|p2a: Magnezone|Magnezone|100/100
|turn|19
|
|t:|1760869160
|move|p1a: Ogerpon|Ivy Cudgel|p2a: Magnezone|[anim] Ivy Cudgel Water
|-ability|p2a: Magnezone|Sturdy
|-damage|p2a: Magnezone|1/100
|move|p2a: Magnezone|Thunderbolt|p1a: Ogerpon
|-supereffective|p1a: Ogerpon
|-damage|p1a: Ogerpon|11/100
|
|upkeep
|turn|20
|
|t:|1760869167
|move|p1a: Ogerpon|Swords Dance|p1a: Ogerpon
|-boost|p1a: Ogerpon|atk|2
|move|p2a: Magnezone|Thunderbolt|p1a: Ogerpon
|-supereffective|p1a: Ogerpon
|-damage|p1a: Ogerpon|0 fnt
|faint|p1a: Ogerpon
|detailschange|p1: Ogerpon|Ogerpon-Wellspring, F|[silent]
|
|upkeep
|-message|tza803 forfeited.
|
|win|alexander-the-best
|raw|tza803's rating: 1500 &rarr; <strong>1480</strong><br />(-20 for losing)
|raw|alexander-the-best's rating: 1504 &rarr; <strong>1524</strong><br />(+20 for winning)
|l|☆tza803
|player|p1|
|l|☆alexander-the-best
|player|p2|
