|badge|p2|bronze|gen9ou|100-7
|uhtml|medal-msg|<div class="broadcast-blue">Curious what those medals under the avatar are? PS now has Ladder Seasons! For more information, check out the <a href="https://www.smogon.com/forums/threads/3740067/">thread on Smogon.</a></div>
|j|☆MooFarmer
|j|☆LT123VB 87
|t:|1760747408
|gametype|singles
|player|p1|MooFarmer|1|1819
|player|p2|LT123VB 87|lucas|1839
|gen|9
|tier|[Gen 9] OU
|rated|
|rule|HP Percentage Mod: HP is shown in percentages
|rule|Endless Battle Clause: Forcing endless battles is banned
|rule|Species Clause: Limit one of each Pokémon
|rule|OHKO Clause: OHKO moves are banned
|rule|Evasion Items Clause: Evasion items are banned
|rule|Evasion Moves Clause: Evasion moves are banned
|rule|Evasion Abilities Clause: Evasion abilities are banned
|rule|Sleep Moves Clause: Sleep-inducing moves are banned
|clearpoke
|poke|p1|Kyurem|
|poke|p1|Corviknight, M|
|poke|p1|Ting-Lu|
|poke|p1|Dondozo, F|
|poke|p1|Slowking-Galar, L99, M|
|poke|p1|Cinderace, M|
|poke|p2|Gholdengo|
|poke|p2|Zamazenta-*|
|poke|p2|Ting-Lu|
|poke|p2|Clefable, F|
|poke|p2|Dragonite, M|
|poke|p2|Deoxys-Speed|
|teampreview
|inactive|Battle timer is ON: inactive players will automatically lose when time's up. (requested by LT123VB 87)
|inactive|MooFarmer has 120 seconds left.
|
|t:|1760747455
|teamsize|p1|6
|teamsize|p2|6
|start
|switch|p1a: Dondozo|Dondozo, F|100/100
|switch|p2a: Gholdengo|Gholdengo, shiny|100/100
|turn|1
|inactive|MooFarmer also wants the timer to be on.
|inactive|MooFarmer has 120 seconds left.
|
|t:|1760747501
|switch|p2a: Clefable|Clefable, F, shiny|100/100
|switch|p1a: Ting-Lu|Ting-Lu|100/100
|-ability|p1a: Ting-Lu|Vessel of Ruin
|
|upkeep
|turn|2
|inactive|MooFarmer has 90 seconds left.
|
|t:|1760747546
|move|p2a: Clefable|Knock Off|p1a: Ting-Lu
|-resisted|p1a: Ting-Lu
|-damage|p1a: Ting-Lu|96/100
|-enditem|p1a: Ting-Lu|Leftovers|[from] move: Knock Off|[of] p2a: Clefable
|move|p1a: Ting-Lu|Earthquake|p2a: Clefable
|-damage|p2a: Clefable|72/100
|
|upkeep
|turn|3
|inactive|MooFarmer has 60 seconds left.
|inactive|LT123VB 87 has 120 seconds left.
|
|t:|1760747599
|switch|p1a: Slowking|Slowking-Galar, L99, M|100/100
|move|p2a: Clefable|Stealth Rock|p1a: Slowking
|-sidestart|p1: MooFarmer|move: Stealth Rock
|
|upkeep
|turn|4
|
|t:|1760747608
|switch|p1a: Cinderace|Cinderace, M|100/100
|move|p2a: Clefable|Knock Off|p1a: Cinderace
|-damage|p1a: Cinderace|82/100
|-enditem|p1a: Cinderace|Heavy-Duty Boots|[from] move: Knock Off|[of] p2a: Clefable
|
|upkeep
|turn|5
|inactive|LT123VB 87 has 90 seconds left.
|inactive|LT123VB 87 has 60 seconds left.
|
|t:|1760747675
|move|p1a: Cinderace|Court Change|p1a: Cinderace
|-swapsideconditions
|-activate|p1a: Cinderace|move: Court Change
|move|p2a: Clefable|Moonlight|p2a: Clefable
|-heal|p2a: Clefable|100/100
|
|upkeep
|turn|6
|
|t:|1760747683
|move|p1a: Cinderace|Pyro Ball|p2a: Clefable
|-damage|p2a: Clefable|65/100
|move|p2a: Clefable|Stealth Rock|p1a: Cinderace
|-sidestart|p1: MooFarmer|move: Stealth Rock
|
|upkeep
|turn|7
|inactive|LT123VB 87 has 60 seconds left.
|inactive|LT123VB 87 has 30 seconds left.
|
|t:|1760747726
|move|p1a: Cinderace|Pyro Ball|p2a: Clefable
|-damage|p2a: Clefable|26/100
|move|p2a: Clefable|Moonlight|p2a: Clefable
|-heal|p2a: Clefable|76/100
|
|upkeep
|turn|8
|inactive|MooFarmer has 60 seconds left.
|
|t:|1760747734
|move|p1a: Cinderace|Pyro Ball|p2a: Clefable
|-damage|p2a: Clefable|42/100
|move|p2a: Clefable|Moonlight|p2a: Clefable
|-heal|p2a: Clefable|92/100
|
|upkeep
|turn|9
|
|t:|1760747743
|move|p1a: Cinderace|Pyro Ball|p2a: Clefable
|-damage|p2a: Clefable|54/100
|move|p2a: Clefable|Moonblast|p1a: Cinderace
|-resisted|p1a: Cinderace
|-damage|p1a: Cinderace|62/100
|
|upkeep
|turn|10
|
|t:|1760747752
|move|p1a: Cinderace|Pyro Ball|p2a: Clefable
|-damage|p2a: Clefable|17/100
|move|p2a: Clefable|Moonlight|p2a: Clefable
|-heal|p2a: Clefable|67/100
|
|upkeep
|turn|11
|
|t:|1760747761
|move|p1a: Cinderace|Pyro Ball|p2a: Clefable
|-damage|p2a: Clefable|32/100
|move|p2a: Clefable|Moonlight|p2a: Clefable
|-heal|p2a: Clefable|82/100
|
|upkeep
|turn|12
|
|t:|1760747770
|move|p1a: Cinderace|U-turn|p2a: Clefable
|-resisted|p2a: Clefable
|-damage|p2a: Clefable|74/100
|-damage|p1a: Cinderace|46/100|[from] item: Rocky Helmet|[of] p2a: Clefable
|
|t:|1760747778
|switch|p1a: Slowking|Slowking-Galar, L99, M|100/100|[from] U-turn
|move|p2a: Clefable|Moonlight|p2a: Clefable
|-heal|p2a: Clefable|100/100
|
|upkeep
|turn|13
|
|t:|1760747787
|move|p2a: Clefable|Knock Off|p1a: Slowking
|-supereffective|p1a: Slowking
|-damage|p1a: Slowking|70/100
|-enditem|p1a: Slowking|Heavy-Duty Boots|[from] move: Knock Off|[of] p2a: Clefable
|move|p1a: Slowking|Sludge Bomb|p2a: Clefable
|-supereffective|p2a: Clefable
|-damage|p2a: Clefable|43/100
|
|upkeep
|turn|14
|inactive|MooFarmer has 90 seconds left.
|
|t:|1760747796
|switch|p2a: Ting-Lu|Ting-Lu|100/100
|-damage|p2a: Ting-Lu|94/100|[from] Stealth Rock
|-ability|p2a: Ting-Lu|Vessel of Ruin
|move|p1a: Slowking|Sludge Bomb|p2a: Ting-Lu
|-resisted|p2a: Ting-Lu
|-damage|p2a: Ting-Lu|88/100
|
|-heal|p2a: Ting-Lu|94/100|[from] item: Leftovers
|upkeep
|turn|15
|inactive|MooFarmer has 90 seconds left.
|j| FaronAan
|inactive|MooFarmer has 60 seconds left.
|
|t:|1760747842
|switch|p1a: Dondozo|Dondozo, F|100/100
|-damage|p1a: Dondozo|88/100|[from] Stealth Rock
|move|p2a: Ting-Lu|Spikes|p1a: Dondozo
|-sidestart|p1: MooFarmer|Spikes
|
|-heal|p2a: Ting-Lu|99/100|[from] item: Leftovers
|-heal|p1a: Dondozo|94/100|[from] item: Leftovers
|upkeep
|turn|16
|inactive|MooFarmer has 60 seconds left.
|inactive|MooFarmer has 30 seconds left.
|inactive|MooFarmer has 20 seconds left.
|
|t:|1760747888
|move|p2a: Ting-Lu|Spikes|p1a: Dondozo
|-sidestart|p1: MooFarmer|Spikes
|move|p1a: Dondozo|Waterfall|p2a: Ting-Lu
|-supereffective|p2a: Ting-Lu
|-damage|p2a: Ting-Lu|69/100
|
|-heal|p2a: Ting-Lu|75/100|[from] item: Leftovers
|-heal|p1a: Dondozo|100/100|[from] item: Leftovers
|upkeep
|turn|17
|inactive|MooFarmer has 30 seconds left this turn.
|
|t:|1760747897
|move|p2a: Ting-Lu|Spikes|p1a: Dondozo
|-sidestart|p1: MooFarmer|Spikes
|move|p1a: Dondozo|Waterfall|p2a: Ting-Lu
|-supereffective|p2a: Ting-Lu
|-damage|p2a: Ting-Lu|43/100
|
|-heal|p2a: Ting-Lu|50/100|[from] item: Leftovers
|upkeep
|turn|18
|inactive|MooFarmer has 30 seconds left.
|
|t:|1760747905
|switch|p2a: Clefable|Clefable, F, shiny|43/100
|move|p1a: Dondozo|Waterfall|p2a: Clefable
|-damage|p2a: Clefable|22/100
|-damage|p1a: Dondozo|84/100|[from] item: Rocky Helmet|[of] p2a: Clefable
|
|-heal|p1a: Dondozo|90/100|[from] item: Leftovers
|upkeep
|turn|19
|
|t:|1760747914
|move|p2a: Clefable|Moonlight|p2a: Clefable
|-heal|p2a: Clefable|72/100
|move|p1a: Dondozo|Curse|p1a: Dondozo
|-unboost|p1a: Dondozo|spe|1
|-boost|p1a: Dondozo|atk|1
|-boost|p1a: Dondozo|def|1
|
|-heal|p1a: Dondozo|96/100|[from] item: Leftovers
|upkeep
|turn|20
|
|t:|1760747922
|move|p2a: Clefable|Knock Off|p1a: Dondozo
|-damage|p1a: Dondozo|92/100
|-enditem|p1a: Dondozo|Leftovers|[from] move: Knock Off|[of] p2a: Clefable
|move|p1a: Dondozo|Curse|p1a: Dondozo
|-unboost|p1a: Dondozo|spe|1
|-boost|p1a: Dondozo|atk|1
|-boost|p1a: Dondozo|def|1
|
|upkeep
|turn|21
|
|t:|1760747931
|switch|p2a: Dragonite|Dragonite, M, shiny|100/100
|move|p1a: Dondozo|Curse|p1a: Dondozo
|-unboost|p1a: Dondozo|spe|1
|-boost|p1a: Dondozo|atk|1
|-boost|p1a: Dondozo|def|1
|
|upkeep
|turn|22
|
|t:|1760747939
|move|p1a: Dondozo|Waterfall|p2a: Dragonite
|-resisted|p2a: Dragonite
|-damage|p2a: Dragonite|85/100
|move|p2a: Dragonite|Dragon Tail|p1a: Dondozo
|-damage|p1a: Dondozo|85/100
|drag|p1a: Corviknight|Corviknight, M|100/100
|-damage|p1a: Corviknight|88/100|[from] Stealth Rock
|-ability|p1a: Corviknight|Pressure
|
|upkeep
|turn|23
|
|t:|1760747949
|switch|p2a: Gholdengo|Gholdengo, shiny|100/100
|move|p1a: Corviknight|Brave Bird|p2a: Gholdengo
|-resisted|p2a: Gholdengo
|-damage|p2a: Gholdengo|86/100
|-damage|p1a: Corviknight|84/100|[from] Recoil
|
|upkeep
|turn|24
|inactive|MooFarmer has 60 seconds left.
|
|t:|1760747958
|move|p2a: Gholdengo|Make It Rain|p1a: Corviknight
|-resisted|p1a: Corviknight
|-damage|p1a: Corviknight|60/100
|-unboost|p2a: Gholdengo|spa|1
|move|p1a: Corviknight|U-turn|p2a: Gholdengo
|-resisted|p2a: Gholdengo
|-damage|p2a: Gholdengo|84/100
|inactive|MooFarmer has 60 seconds left.
|
|t:|1760747967
|switch|p1a: Kyurem|Kyurem|100/100|[from] U-turn
|-damage|p1a: Kyurem|75/100|[from] Stealth Rock
|-damage|p1a: Kyurem|50/100|[from] Spikes
|-ability|p1a: Kyurem|Pressure
|
|-heal|p1a: Kyurem|57/100|[from] item: Leftovers
|upkeep
|turn|25
|
|t:|1760747975
|switch|p2a: Zamazenta|Zamazenta, shiny|100/100
|-ability|p2a: Zamazenta|Dauntless Shield|boost
|-boost|p2a: Zamazenta|def|1
|move|p1a: Kyurem|Freeze-Dry|p2a: Zamazenta
|-damage|p2a: Zamazenta|69/100
|
|-heal|p1a: Kyurem|63/100|[from] item: Leftovers
|upkeep
|turn|26
|
|t:|1760747984
|move|p1a: Kyurem|Protect|p1a: Kyurem
|-singleturn|p1a: Kyurem|Protect
|move|p2a: Zamazenta|Close Combat|p1a: Kyurem
|-activate|p1a: Kyurem|move: Protect
|
|-heal|p1a: Kyurem|69/100|[from] item: Leftovers
|upkeep
|turn|27
|
|t:|1760747993
|-terastallize|p1a: Kyurem|Ground
|move|p2a: Zamazenta|Close Combat|p1a: Kyurem
|-damage|p1a: Kyurem|14/100
|-unboost|p2a: Zamazenta|def|1
|-unboost|p2a: Zamazenta|spd|1
|move|p1a: Kyurem|Earth Power|p2a: Zamazenta
|-damage|p2a: Zamazenta|14/100
|
|-heal|p1a: Kyurem|20/100|[from] item: Leftovers
|upkeep
|turn|28
|
|t:|1760748002
|move|p1a: Kyurem|Protect|p1a: Kyurem
|-singleturn|p1a: Kyurem|Protect
|move|p2a: Zamazenta|Ice Fang|p1a: Kyurem
|-activate|p1a: Kyurem|move: Protect
|
|-heal|p1a: Kyurem|26/100|[from] item: Leftovers
|upkeep
|turn|29
|j| Finkachu
|
|t:|1760748010
|move|p1a: Kyurem|Protect||[still]
|-fail|p1a: Kyurem
|move|p2a: Zamazenta|Close Combat|p1a: Kyurem
|-damage|p1a: Kyurem|0 fnt
|-unboost|p2a: Zamazenta|def|1
|-unboost|p2a: Zamazenta|spd|1
|faint|p1a: Kyurem
|
|upkeep
|inactive|MooFarmer has 60 seconds left.
|
|t:|1760748056
|switch|p1a: Corviknight|Corviknight, M|60/100
|-damage|p1a: Corviknight|48/100|[from] Stealth Rock
|-ability|p1a: Corviknight|Pressure
|turn|30
|inactive|MooFarmer has 30 seconds left.
|j| meowscardaily
|inactive|MooFarmer has 20 seconds left.
|inactive|MooFarmer has 15 seconds left.
|inactive|MooFarmer has 10 seconds left.
|
|t:|1760748102
|move|p2a: Zamazenta|Close Combat|p1a: Corviknight
|-damage|p1a: Corviknight|12/100
|-unboost|p2a: Zamazenta|def|1
|-unboost|p2a: Zamazenta|spd|1
|-damage|p2a: Zamazenta|0 fnt|[from] item: Rocky Helmet|[of] p1a: Corviknight
|faint|p2a: Zamazenta
|move|p1a: Corviknight|Roost|p1a: Corviknight
|-heal|p1a: Corviknight|62/100
|-singleturn|p1a: Corviknight|move: Roost
|
|upkeep
|
|t:|1760748113
|switch|p2a: Deoxys|Deoxys-Speed, shiny|100/100
|-ability|p2a: Deoxys|Pressure
|turn|31
|inactive|MooFarmer has 25 seconds left this turn.
|inactive|MooFarmer has 20 seconds left.
|
|t:|1760748122
|-terastallize|p2a: Deoxys|Electric
|move|p2a: Deoxys|Thunderbolt|p1a: Corviknight
|-supereffective|p1a: Corviknight
|-damage|p1a: Corviknight|0 fnt
|faint|p1a: Corviknight
|
|upkeep
|inactive|MooFarmer has 25 seconds left this turn.
|inactive|MooFarmer has 20 seconds left.
|
|t:|1760748131
|switch|p1a: Slowking|Slowking-Galar, L99, M|100/100
|-damage|p1a: Slowking|88/100|[from] Stealth Rock
|-damage|p1a: Slowking|63/100|[from] Spikes
|turn|32
|inactive|MooFarmer has 30 seconds left this turn.
|
|t:|1760748140
|switch|p2a: Gholdengo|Gholdengo, shiny|84/100
|move|p1a: Slowking|Future Sight|p2a: Gholdengo
|-start|p1a: Slowking|move: Future Sight
|
|upkeep
|turn|33
|inactive|MooFarmer has 30 seconds left.
|
|t:|1760748148
|switch|p1a: Ting-Lu|Ting-Lu|96/100
|-damage|p1a: Ting-Lu|90/100|[from] Stealth Rock
|-damage|p1a: Ting-Lu|65/100|[from] Spikes
|-ability|p1a: Ting-Lu|Vessel of Ruin
|move|p2a: Gholdengo|Nasty Plot|p2a: Gholdengo
|-boost|p2a: Gholdengo|spa|2
|
|upkeep
|turn|34
|
|t:|1760748157
|move|p2a: Gholdengo|Make It Rain|p1a: Ting-Lu
|-damage|p1a: Ting-Lu|24/100
|-unboost|p2a: Gholdengo|spa|1
|move|p1a: Ting-Lu|Earthquake|p2a: Gholdengo
|-supereffective|p2a: Gholdengo
|-damage|p2a: Gholdengo|33/100
|
|-end|p2a: Gholdengo|move: Future Sight
|-resisted|p2a: Gholdengo
|-damage|p2a: Gholdengo|17/100
|upkeep
|turn|35
|
|t:|1760748166
|move|p2a: Gholdengo|Make It Rain|p1a: Ting-Lu
|-crit|p1a: Ting-Lu
|-damage|p1a: Ting-Lu|0 fnt
|-unboost|p2a: Gholdengo|spa|1
|faint|p1a: Ting-Lu
|
|upkeep
|
|t:|1760748175
|switch|p1a: Dondozo|Dondozo, F|85/100
|-damage|p1a: Dondozo|73/100|[from] Stealth Rock
|-damage|p1a: Dondozo|48/100|[from] Spikes
|turn|36
|
|t:|1760748183
|move|p2a: Gholdengo|Shadow Ball|p1a: Dondozo
|-damage|p1a: Dondozo|14/100
|move|p1a: Dondozo|Rest|p1a: Dondozo
|-status|p1a: Dondozo|slp|[from] move: Rest
|-heal|p1a: Dondozo|100/100 slp|[silent]
|
|upkeep
|turn|37
|
|t:|1760748192
|switch|p2a: Deoxys|Deoxys-Speed, shiny, tera:Electric|100/100
|-ability|p2a: Deoxys|Pressure
|cant|p1a: Dondozo|slp
|
|upkeep
|turn|38
|
|t:|1760748201
|switch|p1a: Cinderace|Cinderace, M|46/100
|-damage|p1a: Cinderace|21/100|[from] Stealth Rock
|-damage|p1a: Cinderace|0 fnt|[from] Spikes
|faint|p1a: Cinderace
|move|p2a: Deoxys|Nasty Plot|p2a: Deoxys
|-boost|p2a: Deoxys|spa|2
|
|upkeep
|
|t:|1760748208
|switch|p1a: Slowking|Slowking-Galar, L99, M|97/100
|-damage|p1a: Slowking|84/100|[from] Stealth Rock
|-damage|p1a: Slowking|59/100|[from] Spikes
|turn|39
|inactive|MooFarmer has 60 seconds left.
|
|t:|1760748215
|move|p2a: Deoxys|Psycho Boost|p1a: Slowking
|-damage|p1a: Slowking|0 fnt
|-unboost|p2a: Deoxys|spa|2
|faint|p1a: Slowking
|
|upkeep
|inactive|MooFarmer has 60 seconds left.
|
|t:|1760748221
|switch|p1a: Dondozo|Dondozo, F|100/100 slp
|-damage|p1a: Dondozo|88/100 slp|[from] Stealth Rock
|-damage|p1a: Dondozo|63/100 slp|[from] Spikes
|turn|40
|l| meowscardaily
|
|t:|1760748226
|move|p2a: Deoxys|Thunderbolt|p1a: Dondozo
|-supereffective|p1a: Dondozo
|-damage|p1a: Dondozo|0 fnt
|faint|p1a: Dondozo
|
|win|LT123VB 87
|raw|MooFarmer's rating: 1819 &rarr; <strong>1801</strong><br />(-18 for losing)
|raw|LT123VB 87's rating: 1849 &rarr; <strong>1867</strong><br />(+18 for winning)
|l|☆MooFarmer
|player|p1|
|j| CloudyEJ
|j| mahjini
|l| CloudyEJ
|l| mahjini
|j| cryyysneasel
|l| cryyysneasel
