|j|☆lumpii1812
|j|☆Contrary_Lurantis
|t:|1760856475
|gametype|singles
|player|p1|lumpii1812|102|1134
|player|p2|Contrary_Lurantis|102|1175
|gen|9
|tier|[Gen 9] OU
|rated|
|rule|HP Percentage Mod: HP is shown in percentages
|rule|Endless Battle Clause: Forcing endless battles is banned
|rule|Species Clause: Limit one of each Pokémon
|rule|OHKO Clause: OHKO moves are banned
|rule|Evasion Items Clause: Evasion items are banned
|rule|Evasion Moves Clause: Evasion moves are banned
|rule|Evasion Abilities Clause: Evasion abilities are banned
|rule|Sleep Moves Clause: Sleep-inducing moves are banned
|clearpoke
|poke|p1|Gliscor, M|
|poke|p1|Ting-Lu|
|poke|p1|Garganacl, M|
|poke|p1|Alomomola, M|
|poke|p1|Tropius, M|
|poke|p1|Corviknight, F|
|poke|p2|Great Tusk|
|poke|p2|Glimmora, F|
|poke|p2|Rillaboom, M|
|poke|p2|Cinderace, M|
|poke|p2|Gholdengo|
|poke|p2|Hatterene, F|
|teampreview
|
|t:|1760856495
|teamsize|p1|6
|teamsize|p2|6
|start
|switch|p1a: Corviknight|Corviknight, F|100/100
|switch|p2a: Cleanup Crew|Great Tusk, shiny|100/100
|-ability|p1a: Corviknight|Pressure
|turn|1
|
|t:|1760856504
|move|p2a: Cleanup Crew|Knock Off|p1a: Corviknight
|-damage|p1a: Corviknight|75/100
|-damage|p2a: Cleanup Crew|84/100|[from] item: Rocky Helmet|[of] p1a: Corviknight
|-enditem|p1a: Corviknight|Rocky Helmet|[from] move: Knock Off|[of] p2a: Cleanup Crew
|move|p1a: Corviknight|Brave Bird|p2a: Cleanup Crew
|-supereffective|p2a: Cleanup Crew
|-crit|p2a: Cleanup Crew
|-damage|p2a: Cleanup Crew|9/100
|-damage|p1a: Corviknight|48/100|[from] Recoil
|
|upkeep
|turn|2
|
|t:|1760856524
|-end|p2a: Cleanup Crew|Protosynthesis|[silent]
|switch|p2a: Bank Account|Gholdengo|100/100
|move|p1a: Corviknight|Roost|p1a: Corviknight
|-heal|p1a: Corviknight|98/100
|-singleturn|p1a: Corviknight|move: Roost
|
|upkeep
|turn|3
|
|t:|1760856533
|move|p2a: Bank Account|Nasty Plot|p2a: Bank Account
|-boost|p2a: Bank Account|spa|2
|move|p1a: Corviknight|U-turn|p2a: Bank Account
|-resisted|p2a: Bank Account
|-damage|p2a: Bank Account|97/100
|
|t:|1760856536
|switch|p1a: Ting-Lu|Ting-Lu|100/100|[from] U-turn
|-ability|p1a: Ting-Lu|Vessel of Ruin
|
|upkeep
|turn|4
|inactive|Battle timer is ON: inactive players will automatically lose when time's up. (requested by lumpii1812)
|
|t:|1760856544
|move|p2a: Bank Account|Make It Rain|p1a: Ting-Lu
|-damage|p1a: Ting-Lu|44/100
|-unboost|p2a: Bank Account|spa|1
|move|p1a: Ting-Lu|Whirlwind|p2a: Bank Account
|-immune|p2a: Bank Account|[from] ability: Good as Gold
|
|-heal|p1a: Ting-Lu|50/100|[from] item: Leftovers
|upkeep
|turn|5
|
|t:|1760856556
|-terastallize|p2a: Bank Account|Fairy
|-terastallize|p1a: Ting-Lu|Poison
|move|p2a: Bank Account|Nasty Plot|p2a: Bank Account
|-boost|p2a: Bank Account|spa|2
|move|p1a: Ting-Lu|Earthquake|p2a: Bank Account
|-damage|p2a: Bank Account|54/100
|
|-heal|p1a: Ting-Lu|56/100|[from] item: Leftovers
|upkeep
|turn|6
|
|t:|1760856566
|move|p2a: Bank Account|Psyshock|p1a: Ting-Lu
|-supereffective|p1a: Ting-Lu
|-damage|p1a: Ting-Lu|0 fnt
|faint|p1a: Ting-Lu
|
|upkeep
|
|t:|1760856571
|switch|p1a: Gliscor|Gliscor, M|100/100
|turn|7
|
|t:|1760856577
|move|p2a: Bank Account|Make It Rain|p1a: Gliscor
|-damage|p1a: Gliscor|0 fnt
|-unboost|p2a: Bank Account|spa|1
|faint|p1a: Gliscor
|
|upkeep
|
|t:|1760856580
|switch|p1a: Alomomola|Alomomola, M|100/100
|turn|8
|
|t:|1760856590
|move|p2a: Bank Account|Shadow Ball|p1a: Alomomola
|-damage|p1a: Alomomola|0 fnt
|faint|p1a: Alomomola
|
|upkeep
|
|t:|1760856595
|switch|p1a: Garganacl|Garganacl, M|100/100
|turn|9
|
|t:|1760856606
|move|p2a: Bank Account|Make It Rain|p1a: Garganacl
|-supereffective|p1a: Garganacl
|-damage|p1a: Garganacl|0 fnt
|-unboost|p2a: Bank Account|spa|1
|faint|p1a: Garganacl
|
|upkeep
|
|t:|1760856610
|switch|p1a: Tropius|Tropius, M|100/100
|turn|10
|
|t:|1760856614
|move|p2a: Bank Account|Nasty Plot|p2a: Bank Account
|-boost|p2a: Bank Account|spa|2
|move|p1a: Tropius|Leech Seed|p2a: Bank Account
|-immune|p2a: Bank Account|[from] ability: Good as Gold
|
|upkeep
|turn|11
|
|t:|1760856629
|move|p2a: Bank Account|Nasty Plot|p2a: Bank Account
|-boost|p2a: Bank Account|spa|2
|move|p1a: Tropius|Air Slash|p2a: Bank Account
|-damage|p2a: Bank Account|33/100
|
|upkeep
|turn|12
|
|t:|1760856635
|move|p2a: Bank Account|Shadow Ball|p1a: Tropius
|-damage|p1a: Tropius|0 fnt
|faint|p1a: Tropius
|
|upkeep
|
|t:|1760856639
|switch|p1a: Corviknight|Corviknight, F|98/100
|-ability|p1a: Corviknight|Pressure
|turn|13
|
|t:|1760856643
|move|p2a: Bank Account|Shadow Ball|p1a: Corviknight
|-damage|p1a: Corviknight|0 fnt
|faint|p1a: Corviknight
|
|win|Contrary_Lurantis
|raw|lumpii1812's rating: 1134 &rarr; <strong>1112</strong><br />(-22 for losing)
|raw|Contrary_Lurantis's rating: 1175 &rarr; <strong>1197</strong><br />(+22 for winning)
|l|☆Contrary_Lurantis
|player|p2|
|j|☆Contrary_Lurantis
|player|p2|Contrary_Lurantis|102|
|l|☆Contrary_Lurantis
|player|p2|
