|j|☆A9134
|j|☆beentheredonepat
|t:|1760862869
|gametype|singles
|player|p1|A9134|2|1149
|player|p2|beentheredonepat|ethan|1121
|gen|9
|tier|[Gen 9] OU
|rated|
|rule|HP Percentage Mod: HP is shown in percentages
|rule|Endless Battle Clause: Forcing endless battles is banned
|rule|Species Clause: Limit one of each Pokémon
|rule|OHKO Clause: OHKO moves are banned
|rule|Evasion Items Clause: Evasion items are banned
|rule|Evasion Moves Clause: Evasion moves are banned
|rule|Evasion Abilities Clause: Evasion abilities are banned
|rule|Sleep Moves Clause: Sleep-inducing moves are banned
|clearpoke
|poke|p1|Salazzle, F|
|poke|p1|Alomomola, M|
|poke|p1|Clefable, M|
|poke|p1|Garganacl, F|
|poke|p1|Latias, F|
|poke|p1|Corviknight, M|
|poke|p2|Typhlosion, M|
|poke|p2|Ninetales, M|
|poke|p2|Shiftry, M|
|poke|p2|Ursaluna, F|
|poke|p2|Torkoal, F|
|poke|p2|Hatterene, F|
|teampreview
|inactive|Battle timer is ON: inactive players will automatically lose when time's up. (requested by beentheredonepat)
|
|t:|1760862879
|teamsize|p1|6
|teamsize|p2|6
|start
|switch|p1a: Salazzle|Salazzle, F|100/100
|switch|p2a: Nymph|Hatterene, F|100/100
|turn|1
|
|t:|1760862886
|switch|p1a: Corviknight|Corviknight, M|100/100
|move|p2a: Nymph|Trick Room|p2a: Nymph
|-fieldstart|move: Trick Room|[of] p2a: Nymph
|
|upkeep
|turn|2
|
|t:|1760862893
|switch|p2a: Sol|Torkoal, F|100/100
|-weather|SunnyDay|[from] ability: Drought|[of] p2a: Sol
|move|p1a: Corviknight|U-turn|p2a: Sol
|-resisted|p2a: Sol
|-damage|p2a: Sol|95/100
|
|t:|1760862901
|switch|p1a: Garganacl|Garganacl, F|100/100|[from] U-turn
|
|-weather|SunnyDay|[upkeep]
|upkeep
|turn|3
|
|t:|1760862909
|move|p1a: Garganacl|Protect|p1a: Garganacl
|-singleturn|p1a: Garganacl|Protect
|move|p2a: Sol|Earth Power|p1a: Garganacl
|-activate|p1a: Garganacl|move: Protect
|
|-weather|SunnyDay|[upkeep]
|upkeep
|turn|4
|
|t:|1760862913
|move|p2a: Sol|Earth Power|p1a: Garganacl
|-supereffective|p1a: Garganacl
|-damage|p1a: Garganacl|68/100
|move|p1a: Garganacl|Stealth Rock|p2a: Sol
|-sidestart|p2: beentheredonepat|move: Stealth Rock
|
|-weather|SunnyDay|[upkeep]
|-heal|p1a: Garganacl|74/100|[from] item: Leftovers
|upkeep
|turn|5
|
|t:|1760862919
|move|p2a: Sol|Stealth Rock|p1a: Garganacl
|-sidestart|p1: A9134|move: Stealth Rock
|move|p1a: Garganacl|Salt Cure|p2a: Sol
|-supereffective|p2a: Sol
|-damage|p2a: Sol|75/100
|-start|p2a: Sol|Salt Cure
|
|-weather|SunnyDay|[upkeep]
|-heal|p1a: Garganacl|80/100|[from] item: Leftovers
|-damage|p2a: Sol|63/100|[from] Salt Cure
|-fieldend|move: Trick Room
|upkeep
|turn|6
|
|t:|1760862926
|move|p1a: Garganacl|Salt Cure|p2a: Sol
|-supereffective|p2a: Sol
|-damage|p2a: Sol|43/100
|move|p2a: Sol|Rapid Spin|p1a: Garganacl
|-resisted|p1a: Garganacl
|-damage|p1a: Garganacl|77/100
|-boost|p2a: Sol|spe|1
|-sideend|p2: beentheredonepat|Stealth Rock|[from] move: Rapid Spin|[of] p2a: Sol
|
|-weather|SunnyDay|[upkeep]
|-heal|p1a: Garganacl|83/100|[from] item: Leftovers
|-damage|p2a: Sol|30/100|[from] Salt Cure
|upkeep
|turn|7
|
|t:|1760862933
|switch|p2a: Nymph|Hatterene, F|100/100
|move|p1a: Garganacl|Salt Cure|p2a: Nymph
|-damage|p2a: Nymph|84/100
|-start|p2a: Nymph|Salt Cure
|
|-weather|SunnyDay|[upkeep]
|-heal|p1a: Garganacl|89/100|[from] item: Leftovers
|-heal|p2a: Nymph|90/100|[from] item: Leftovers
|-damage|p2a: Nymph|78/100|[from] Salt Cure
|upkeep
|turn|8
|
|t:|1760862941
|move|p1a: Garganacl|Protect|p1a: Garganacl
|-singleturn|p1a: Garganacl|Protect
|move|p2a: Nymph|Trick Room|p2a: Nymph
|-fieldstart|move: Trick Room|[of] p2a: Nymph
|
|-weather|SunnyDay|[upkeep]
|-heal|p2a: Nymph|84/100|[from] item: Leftovers
|-heal|p1a: Garganacl|96/100|[from] item: Leftovers
|-damage|p2a: Nymph|72/100|[from] Salt Cure
|upkeep
|turn|9
|
|t:|1760862947
|move|p2a: Nymph|Dazzling Gleam|p1a: Garganacl
|-damage|p1a: Garganacl|69/100
|move|p1a: Garganacl|Salt Cure|p2a: Nymph
|-damage|p2a: Nymph|56/100
|
|-weather|none
|-heal|p2a: Nymph|62/100|[from] item: Leftovers
|-heal|p1a: Garganacl|75/100|[from] item: Leftovers
|-damage|p2a: Nymph|50/100|[from] Salt Cure
|upkeep
|turn|10
|
|t:|1760862954
|move|p2a: Nymph|Healing Wish|p2a: Nymph
|faint|p2a: Nymph
|move|p1a: Garganacl|Stealth Rock|p2: Nymph
|-sidestart|p2: beentheredonepat|move: Stealth Rock
|
|-heal|p1a: Garganacl|82/100|[from] item: Leftovers
|upkeep
|
|t:|1760862958
|switch|p2a: Mama Bear|Ursaluna, F|100/100
|-damage|p2a: Mama Bear|94/100|[from] Stealth Rock
|turn|11
|
|t:|1760862963
|move|p1a: Garganacl|Protect|p1a: Garganacl
|-singleturn|p1a: Garganacl|Protect
|move|p2a: Mama Bear|Headlong Rush|p1a: Garganacl
|-activate|p1a: Garganacl|move: Protect
|
|-heal|p1a: Garganacl|88/100|[from] item: Leftovers
|-status|p2a: Mama Bear|brn|[from] item: Flame Orb
|upkeep
|turn|12
|
|t:|1760862968
|switch|p1a: Corviknight|Corviknight, M|100/100
|-damage|p1a: Corviknight|88/100|[from] Stealth Rock
|move|p2a: Mama Bear|Facade|p1a: Corviknight
|-resisted|p1a: Corviknight
|-damage|p1a: Corviknight|49/100
|-damage|p2a: Mama Bear|78/100 brn|[from] item: Rocky Helmet|[of] p1a: Corviknight
|
|-damage|p2a: Mama Bear|71/100 brn|[from] brn
|-fieldend|move: Trick Room
|upkeep
|turn|13
|
|t:|1760862980
|switch|p1a: Latias|Latias, F|100/100
|-damage|p1a: Latias|88/100|[from] Stealth Rock
|move|p2a: Mama Bear|Ice Punch|p1a: Latias
|-supereffective|p1a: Latias
|-damage|p1a: Latias|0 fnt
|faint|p1a: Latias
|
|-damage|p2a: Mama Bear|65/100 brn|[from] brn
|upkeep
|
|t:|1760862989
|switch|p1a: Salazzle|Salazzle, F|100/100
|-damage|p1a: Salazzle|76/100|[from] Stealth Rock
|turn|14
|
|t:|1760862994
|move|p1a: Salazzle|Protect|p1a: Salazzle
|-singleturn|p1a: Salazzle|Protect
|move|p2a: Mama Bear|Facade|p1a: Salazzle
|-activate|p1a: Salazzle|move: Protect
|
|-heal|p1a: Salazzle|82/100|[from] item: Leftovers
|-damage|p2a: Mama Bear|59/100 brn|[from] brn
|upkeep
|turn|15
|
|t:|1760863002
|move|p1a: Salazzle|Substitute|p1a: Salazzle
|-start|p1a: Salazzle|Substitute
|-damage|p1a: Salazzle|57/100
|move|p2a: Mama Bear|Facade|p1a: Salazzle
|-end|p1a: Salazzle|Substitute
|
|-heal|p1a: Salazzle|63/100|[from] item: Leftovers
|-damage|p2a: Mama Bear|53/100 brn|[from] brn
|upkeep
|turn|16
|
|t:|1760863008
|move|p1a: Salazzle|Protect|p1a: Salazzle
|-singleturn|p1a: Salazzle|Protect
|move|p2a: Mama Bear|Facade|p1a: Salazzle
|-activate|p1a: Salazzle|move: Protect
|
|-heal|p1a: Salazzle|69/100|[from] item: Leftovers
|-damage|p2a: Mama Bear|47/100 brn|[from] brn
|upkeep
|turn|17
|
|t:|1760863015
|move|p1a: Salazzle|Fire Blast|p2a: Mama Bear
|-damage|p2a: Mama Bear|4/100 brn
|move|p2a: Mama Bear|Facade|p1a: Salazzle
|-damage|p1a: Salazzle|0 fnt
|faint|p1a: Salazzle
|
|-damage|p2a: Mama Bear|0 fnt|[from] brn
|faint|p2a: Mama Bear
|upkeep
|j| Ytmartins
|
|t:|1760863026
|switch|p1a: Garganacl|Garganacl, F|88/100
|switch|p2a: Sol|Torkoal, F|30/100
|-damage|p1a: Garganacl|75/100|[from] Stealth Rock
|-heal|p2a: Sol|100/100|[from] move: Healing Wish
|-damage|p2a: Sol|76/100|[from] Stealth Rock
|-weather|SunnyDay|[from] ability: Drought|[of] p2a: Sol
|turn|18
|
|t:|1760863031
|move|p1a: Garganacl|Salt Cure|p2a: Sol
|-supereffective|p2a: Sol
|-damage|p2a: Sol|54/100
|-start|p2a: Sol|Salt Cure
|move|p2a: Sol|Rapid Spin|p1a: Garganacl
|-resisted|p1a: Garganacl
|-damage|p1a: Garganacl|72/100
|-boost|p2a: Sol|spe|1
|-sideend|p2: beentheredonepat|Stealth Rock|[from] move: Rapid Spin|[of] p2a: Sol
|
|-weather|SunnyDay|[upkeep]
|-heal|p1a: Garganacl|78/100|[from] item: Leftovers
|-damage|p2a: Sol|42/100|[from] Salt Cure
|upkeep
|turn|19
|
|t:|1760863038
|switch|p2a: Shinobi|Shiftry, M|100/100
|move|p1a: Garganacl|Stealth Rock|p2a: Shinobi
|-sidestart|p2: beentheredonepat|move: Stealth Rock
|
|-weather|SunnyDay|[upkeep]
|-heal|p1a: Garganacl|84/100|[from] item: Leftovers
|upkeep
|turn|20
|
|t:|1760863044
|switch|p1a: Clefable|Clefable, M|100/100
|-damage|p1a: Clefable|88/100|[from] Stealth Rock
|move|p2a: Shinobi|Tailwind|p2a: Shinobi
|-sidestart|p2: beentheredonepat|move: Tailwind
|-ability|p2a: Shinobi|Wind Rider|boost
|-boost|p2a: Shinobi|atk|1
|
|-weather|SunnyDay|[upkeep]
|-heal|p1a: Clefable|94/100|[from] item: Leftovers
|upkeep
|turn|21
|
|t:|1760863050
|move|p2a: Shinobi|Leaf Blade|p1a: Clefable
|-damage|p1a: Clefable|57/100
|move|p1a: Clefable|Cosmic Power|p1a: Clefable
|-boost|p1a: Clefable|def|1
|-boost|p1a: Clefable|spd|1
|
|-weather|SunnyDay|[upkeep]
|-heal|p1a: Clefable|63/100|[from] item: Leftovers
|upkeep
|turn|22
|
|t:|1760863057
|switch|p2a: Tollomot|Ninetales, M|100/100
|-damage|p2a: Tollomot|75/100|[from] Stealth Rock
|move|p1a: Clefable|Wish|p1a: Clefable
|
|-weather|SunnyDay|[upkeep]
|-heal|p1a: Clefable|69/100|[from] item: Leftovers
|upkeep
|turn|23
|
|t:|1760863061
|move|p2a: Tollomot|Encore|p1a: Clefable
|-start|p1a: Clefable|Encore
|move|p1a: Clefable|Wish||[still]
|-fail|p1a: Clefable
|
|-weather|SunnyDay|[upkeep]
|-heal|p1a: Clefable|100/100|[from] move: Wish|[wisher] Clefable
|-sideend|p2: beentheredonepat|move: Tailwind
|upkeep
|turn|24
|
|t:|1760863067
|switch|p1a: Garganacl|Garganacl, F|84/100
|-damage|p1a: Garganacl|72/100|[from] Stealth Rock
|move|p2a: Tollomot|Overheat|p1a: Garganacl
|-resisted|p1a: Garganacl
|-damage|p1a: Garganacl|52/100
|-unboost|p2a: Tollomot|spa|2
|-enditem|p2a: Tollomot|Eject Pack
|
|t:|1760863075
|switch|p2a: Sol|Torkoal, F|42/100
|-damage|p2a: Sol|17/100|[from] Stealth Rock
|
|-weather|SunnyDay|[upkeep]
|-heal|p1a: Garganacl|58/100|[from] item: Leftovers
|upkeep
|turn|25
|
|t:|1760863083
|move|p1a: Garganacl|Protect|p1a: Garganacl
|-singleturn|p1a: Garganacl|Protect
|move|p2a: Sol|Earth Power|p1a: Garganacl
|-activate|p1a: Garganacl|move: Protect
|
|-weather|none
|-heal|p1a: Garganacl|64/100|[from] item: Leftovers
|upkeep
|turn|26
|
|t:|1760863088
|move|p1a: Garganacl|Recover|p1a: Garganacl
|-heal|p1a: Garganacl|100/100
|move|p2a: Sol|Rapid Spin|p1a: Garganacl
|-resisted|p1a: Garganacl
|-damage|p1a: Garganacl|97/100
|-boost|p2a: Sol|spe|1
|-sideend|p2: beentheredonepat|Stealth Rock|[from] move: Rapid Spin|[of] p2a: Sol
|
|-heal|p1a: Garganacl|100/100|[from] item: Leftovers
|upkeep
|turn|27
|
|t:|1760863096
|move|p1a: Garganacl|Salt Cure|p2a: Sol
|-supereffective|p2a: Sol
|-damage|p2a: Sol|0 fnt
|faint|p2a: Sol
|
|upkeep
|
|t:|1760863100
|switch|p2a: Shinobi|Shiftry, M|100/100
|turn|28
|
|t:|1760863106
|-terastallize|p1a: Garganacl|Ghost
|move|p2a: Shinobi|Tailwind|p2a: Shinobi
|-sidestart|p2: beentheredonepat|move: Tailwind
|-ability|p2a: Shinobi|Wind Rider|boost
|-boost|p2a: Shinobi|atk|1
|move|p1a: Garganacl|Salt Cure|p2a: Shinobi
|-crit|p2a: Shinobi
|-damage|p2a: Shinobi|63/100
|-start|p2a: Shinobi|Salt Cure
|
|-damage|p2a: Shinobi|51/100|[from] Salt Cure
|upkeep
|turn|29
|
|t:|1760863116
|move|p2a: Shinobi|Leaf Blade|p1a: Garganacl
|-damage|p1a: Garganacl|58/100
|move|p1a: Garganacl|Recover|p1a: Garganacl
|-heal|p1a: Garganacl|100/100
|
|-damage|p2a: Shinobi|38/100|[from] Salt Cure
|upkeep
|turn|30
|
|t:|1760863122
|move|p2a: Shinobi|Leaf Blade|p1a: Garganacl
|-damage|p1a: Garganacl|58/100
|move|p1a: Garganacl|Stealth Rock|p2a: Shinobi
|-sidestart|p2: beentheredonepat|move: Stealth Rock
|
|-heal|p1a: Garganacl|64/100|[from] item: Leftovers
|-damage|p2a: Shinobi|26/100|[from] Salt Cure
|upkeep
|turn|31
|
|t:|1760863126
|move|p1a: Garganacl|Protect|p1a: Garganacl
|-singleturn|p1a: Garganacl|Protect
|move|p2a: Shinobi|Leaf Blade|p1a: Garganacl
|-activate|p1a: Garganacl|move: Protect
|
|-heal|p1a: Garganacl|71/100|[from] item: Leftovers
|-damage|p2a: Shinobi|14/100|[from] Salt Cure
|-sideend|p2: beentheredonepat|move: Tailwind
|upkeep
|turn|32
|
|t:|1760863128
|move|p2a: Shinobi|Tailwind|p2a: Shinobi
|-sidestart|p2: beentheredonepat|move: Tailwind
|-ability|p2a: Shinobi|Wind Rider|boost
|-boost|p2a: Shinobi|atk|1
|move|p1a: Garganacl|Recover|p1a: Garganacl
|-heal|p1a: Garganacl|100/100
|
|-damage|p2a: Shinobi|1/100|[from] Salt Cure
|upkeep
|turn|33
|
|t:|1760863132
|move|p1a: Garganacl|Protect|p1a: Garganacl
|-singleturn|p1a: Garganacl|Protect
|move|p2a: Shinobi|Leaf Blade|p1a: Garganacl
|-activate|p1a: Garganacl|move: Protect
|
|-damage|p2a: Shinobi|0 fnt|[from] Salt Cure
|faint|p2a: Shinobi
|upkeep
|
|t:|1760863135
|switch|p2a: Tollomot|Ninetales, M|75/100
|-damage|p2a: Tollomot|50/100|[from] Stealth Rock
|-weather|SunnyDay|[from] ability: Drought|[of] p2a: Tollomot
|turn|34
|
|t:|1760863140
|move|p2a: Tollomot|Overheat|p1a: Garganacl
|-crit|p1a: Garganacl
|-damage|p1a: Garganacl|40/100
|-unboost|p2a: Tollomot|spa|2
|move|p1a: Garganacl|Salt Cure|p2a: Tollomot
|-supereffective|p2a: Tollomot
|-damage|p2a: Tollomot|19/100
|-start|p2a: Tollomot|Salt Cure
|
|-weather|SunnyDay|[upkeep]
|-heal|p1a: Garganacl|46/100|[from] item: Leftovers
|-damage|p2a: Tollomot|7/100|[from] Salt Cure
|upkeep
|turn|35
|l| Ytmartins
|
|t:|1760863148
|move|p2a: Tollomot|Encore|p1a: Garganacl
|-start|p1a: Garganacl|Encore
|move|p1a: Garganacl|Salt Cure|p2a: Tollomot
|-supereffective|p2a: Tollomot
|-damage|p2a: Tollomot|0 fnt
|faint|p2a: Tollomot
|
|-weather|SunnyDay|[upkeep]
|-heal|p1a: Garganacl|52/100|[from] item: Leftovers
|-sideend|p2: beentheredonepat|move: Tailwind
|upkeep
|
|t:|1760863150
|switch|p2a: Charlie|Typhlosion, M|100/100
|-damage|p2a: Charlie|76/100|[from] Stealth Rock
|turn|36
|
|t:|1760863159
|-terastallize|p2a: Charlie|Fire
|move|p2a: Charlie|Flamethrower|p1a: Garganacl
|-damage|p1a: Garganacl|0 fnt
|faint|p1a: Garganacl
|
|-weather|SunnyDay|[upkeep]
|upkeep
|
|t:|1760863166
|switch|p1a: Alomomola|Alomomola, M|100/100
|-damage|p1a: Alomomola|88/100|[from] Stealth Rock
|turn|37
|
|t:|1760863171
|move|p1a: Alomomola|Protect|p1a: Alomomola
|-singleturn|p1a: Alomomola|Protect
|move|p2a: Charlie|Flamethrower|p1a: Alomomola
|-activate|p1a: Alomomola|move: Protect
|
|-weather|SunnyDay|[upkeep]
|-heal|p1a: Alomomola|94/100|[from] item: Leftovers
|upkeep
|turn|38
|
|t:|1760863174
|move|p2a: Charlie|Flamethrower|p1a: Alomomola
|-resisted|p1a: Alomomola
|-damage|p1a: Alomomola|39/100
|move|p1a: Alomomola|Mirror Coat|p2a: Charlie
|-damage|p2a: Charlie|0 fnt
|faint|p2a: Charlie
|
|win|A9134
|raw|A9134's rating: 1149 &rarr; <strong>1172</strong><br />(+23 for winning)
|raw|beentheredonepat's rating: 1121 &rarr; <strong>1098</strong><br />(-23 for losing)
|l|☆beentheredonepat
|player|p2|
|l|☆A9134
|player|p1|
