|j|☆Marbradiz
|j|☆hisohisokurione
|t:|1760878351
|gametype|singles
|player|p1|Marbradiz|scientist|1106
|player|p2|hisohisokurione|backersf|1120
|gen|9
|tier|[Gen 9] OU
|rated|
|rule|HP Percentage Mod: HP is shown in percentages
|rule|Endless Battle Clause: Forcing endless battles is banned
|rule|Species Clause: Limit one of each Pokémon
|rule|OHKO Clause: OHKO moves are banned
|rule|Evasion Items Clause: Evasion items are banned
|rule|Evasion Moves Clause: Evasion moves are banned
|rule|Evasion Abilities Clause: Evasion abilities are banned
|rule|Sleep Moves Clause: Sleep-inducing moves are banned
|clearpoke
|poke|p1|Ceruledge, F|
|poke|p1|Kingambit, M|
|poke|p1|Ogerpon-Wellspring, F|
|poke|p1|Lokix, M|
|poke|p1|Gholdengo|
|poke|p1|Salamence, M|
|poke|p2|Registeel|
|poke|p2|Sunkern, M|
|poke|p2|Dragonite, F|
|poke|p2|Torkoal, F|
|poke|p2|Cloyster, M|
|poke|p2|Dedenne, F|
|teampreview
|
|t:|1760878364
|teamsize|p1|6
|teamsize|p2|6
|start
|switch|p1a: Lokix|Lokix, M|100/100
|switch|p2a: Torkoal|Torkoal, F|100/100
|-weather|SunnyDay|[from] ability: Drought|[of] p2a: Torkoal
|turn|1
|
|t:|1760878372
|switch|p2a: Sunkern|Sunkern, M|100/100
|move|p1a: Lokix|Taunt|p2a: Sunkern
|-start|p2a: Sunkern|move: Taunt
|
|-weather|SunnyDay|[upkeep]
|upkeep
|turn|2
|
|t:|1760878383
|switch|p2a: Torkoal|Torkoal, F|100/100
|move|p1a: Lokix|U-turn|p2a: Torkoal
|-resisted|p2a: Torkoal
|-damage|p2a: Torkoal|71/100
|-damage|p1a: Lokix|84/100|[from] item: Rocky Helmet|[of] p2a: Torkoal
|-damage|p1a: Lokix|74/100|[from] item: Life Orb
|
|t:|1760878395
|switch|p1a: Ogerpon|Ogerpon-Wellspring, F|100/100|[from] U-turn
|
|-weather|SunnyDay|[upkeep]
|upkeep
|turn|3
|
|t:|1760878408
|switch|p2a: Cloyster|Cloyster, M|100/100
|move|p1a: Ogerpon|Ivy Cudgel|p2a: Cloyster|[anim] Ivy Cudgel Water
|-resisted|p2a: Cloyster
|-damage|p2a: Cloyster|88/100
|
|-weather|SunnyDay|[upkeep]
|upkeep
|turn|4
|
|t:|1760878415
|move|p1a: Ogerpon|Horn Leech|p2a: Cloyster
|-supereffective|p2a: Cloyster
|-damage|p2a: Cloyster|15/100
|move|p2a: Cloyster|Shell Smash|p2a: Cloyster
|-unboost|p2a: Cloyster|def|1
|-unboost|p2a: Cloyster|spd|1
|-boost|p2a: Cloyster|atk|2
|-boost|p2a: Cloyster|spa|2
|-boost|p2a: Cloyster|spe|2
|-enditem|p2a: Cloyster|White Herb
|-clearnegativeboost|p2a: Cloyster|[silent]
|
|-weather|SunnyDay|[upkeep]
|upkeep
|turn|5
|
|t:|1760878435
|move|p2a: Cloyster|Rock Blast|p1a: Ogerpon
|-damage|p1a: Ogerpon|81/100
|-damage|p1a: Ogerpon|62/100
|-damage|p1a: Ogerpon|42/100
|-damage|p1a: Ogerpon|22/100
|-damage|p1a: Ogerpon|0 fnt
|faint|p1a: Ogerpon
|-hitcount|p1: Ogerpon|5
|
|-weather|none
|upkeep
|
|t:|1760878453
|switch|p1a: Ceruledge|Ceruledge, F|100/100
|turn|6
|
|t:|1760878462
|move|p1a: Ceruledge|Shadow Sneak|p2a: Cloyster
|-damage|p2a: Cloyster|0 fnt
|faint|p2a: Cloyster
|
|upkeep
|
|t:|1760878475
|switch|p2a: Torkoal|Torkoal, F|71/100
|-weather|SunnyDay|[from] ability: Drought|[of] p2a: Torkoal
|turn|7
|
|t:|1760878483
|switch|p2a: Sunkern|Sunkern, M|100/100
|move|p1a: Ceruledge|Swords Dance|p1a: Ceruledge
|-boost|p1a: Ceruledge|atk|2
|
|-weather|SunnyDay|[upkeep]
|upkeep
|turn|8
|
|t:|1760878491
|move|p2a: Sunkern|Leech Seed|p1a: Ceruledge
|-start|p1a: Ceruledge|move: Leech Seed
|move|p1a: Ceruledge|Swords Dance|p1a: Ceruledge
|-boost|p1a: Ceruledge|atk|2
|
|-weather|SunnyDay|[upkeep]
|-damage|p1a: Ceruledge|88/100|[from] Leech Seed|[of] p2a: Sunkern
|upkeep
|turn|9
|
|t:|1760878500
|move|p2a: Sunkern|Substitute|p2a: Sunkern
|-start|p2a: Sunkern|Substitute
|-damage|p2a: Sunkern|76/100
|move|p1a: Ceruledge|Bitter Blade|p2a: Sunkern
|-supereffective|p2a: Sunkern
|-end|p2a: Sunkern|Substitute
|-heal|p1a: Ceruledge|97/100|[from] drain|[of] p2a: Sunkern
|
|-weather|SunnyDay|[upkeep]
|-damage|p1a: Ceruledge|84/100|[from] Leech Seed|[of] p2a: Sunkern
|-heal|p2a: Sunkern|94/100|[silent]
|upkeep
|turn|10
|
|t:|1760878511
|move|p2a: Sunkern|Substitute|p2a: Sunkern
|-start|p2a: Sunkern|Substitute
|-damage|p2a: Sunkern|69/100
|move|p1a: Ceruledge|Bitter Blade|p2a: Sunkern
|-supereffective|p2a: Sunkern
|-end|p2a: Sunkern|Substitute
|-heal|p1a: Ceruledge|93/100|[from] drain|[of] p2a: Sunkern
|
|-weather|SunnyDay|[upkeep]
|-damage|p1a: Ceruledge|81/100|[from] Leech Seed|[of] p2a: Sunkern
|-heal|p2a: Sunkern|87/100|[silent]
|upkeep
|turn|11
|
|t:|1760878524
|move|p1a: Ceruledge|Shadow Sneak|p2a: Sunkern
|-damage|p2a: Sunkern|0 fnt
|faint|p2a: Sunkern
|
|-weather|none
|upkeep
|
|t:|1760878530
|switch|p2a: Registeel|Registeel|100/100
|turn|12
|
|t:|1760878536
|-terastallize|p2a: Registeel|Water
|move|p1a: Ceruledge|Bitter Blade|p2a: Registeel
|-resisted|p2a: Registeel
|-damage|p2a: Registeel|57/100
|-heal|p1a: Ceruledge|100/100|[from] drain|[of] p2a: Registeel
|move|p2a: Registeel|Iron Defense|p2a: Registeel
|-boost|p2a: Registeel|def|2
|
|-heal|p2a: Registeel|63/100|[from] item: Leftovers
|-damage|p1a: Ceruledge|88/100|[from] Leech Seed|[of] p2a: Registeel
|-heal|p2a: Registeel|73/100|[silent]
|upkeep
|turn|13
|
|t:|1760878547
|move|p1a: Ceruledge|Poltergeist|p2a: Registeel
|-activate|p2a: Registeel|move: Poltergeist|Leftovers
|-damage|p2a: Registeel|20/100
|move|p2a: Registeel|Iron Defense|p2a: Registeel
|-boost|p2a: Registeel|def|2
|
|-heal|p2a: Registeel|26/100|[from] item: Leftovers
|-damage|p1a: Ceruledge|76/100|[from] Leech Seed|[of] p2a: Registeel
|-heal|p2a: Registeel|36/100|[silent]
|upkeep
|turn|14
|
|t:|1760878561
|move|p1a: Ceruledge|Bitter Blade|p2a: Registeel
|-resisted|p2a: Registeel
|-damage|p2a: Registeel|20/100
|-heal|p1a: Ceruledge|86/100|[from] drain|[of] p2a: Registeel
|move|p2a: Registeel|Body Press|p1a: Ceruledge
|-immune|p1a: Ceruledge
|
|-heal|p2a: Registeel|26/100|[from] item: Leftovers
|-damage|p1a: Ceruledge|74/100|[from] Leech Seed|[of] p2a: Registeel
|-heal|p2a: Registeel|36/100|[silent]
|upkeep
|turn|15
|
|t:|1760878578
|switch|p2a: Dragonite|Dragonite, F|100/100
|move|p1a: Ceruledge|Poltergeist|p2a: Dragonite
|-activate|p2a: Dragonite|move: Poltergeist|Heavy-Duty Boots
|-damage|p2a: Dragonite|27/100
|
|-damage|p1a: Ceruledge|61/100|[from] Leech Seed|[of] p2a: Dragonite
|-heal|p2a: Dragonite|37/100|[silent]
|upkeep
|turn|16
|
|t:|1760878589
|move|p1a: Ceruledge|Bitter Blade|p2a: Dragonite
|-resisted|p2a: Dragonite
|-damage|p2a: Dragonite|0 fnt
|-heal|p1a: Ceruledge|85/100|[from] drain|[of] p2a: Dragonite
|faint|p2a: Dragonite
|
|upkeep
|
|t:|1760878595
|switch|p2a: Dedenne|Dedenne, F|100/100
|turn|17
|
|t:|1760878612
|-terastallize|p1a: Ceruledge|Ground
|move|p2a: Dedenne|Discharge|p1a: Ceruledge
|-immune|p1a: Ceruledge
|move|p1a: Ceruledge|Swords Dance|p1a: Ceruledge
|-boost|p1a: Ceruledge|atk|2
|
|-damage|p1a: Ceruledge|73/100|[from] Leech Seed|[of] p2a: Dedenne
|upkeep
|turn|18
|
|t:|1760878631
|move|p2a: Dedenne|Draining Kiss|p1a: Ceruledge
|-damage|p1a: Ceruledge|50/100
|move|p1a: Ceruledge|Bitter Blade|p2a: Dedenne
|-enditem|p2a: Dedenne|Focus Sash
|-damage|p2a: Dedenne|1/100
|-heal|p1a: Ceruledge|97/100|[from] drain|[of] p2a: Dedenne
|
|-damage|p1a: Ceruledge|85/100|[from] Leech Seed|[of] p2a: Dedenne
|-heal|p2a: Dedenne|14/100|[silent]
|upkeep
|turn|19
|
|t:|1760878640
|move|p1a: Ceruledge|Shadow Sneak|p2a: Dedenne
|-damage|p2a: Dedenne|0 fnt
|faint|p2a: Dedenne
|
|upkeep
|
|t:|1760878647
|switch|p2a: Torkoal|Torkoal, F|71/100
|-weather|SunnyDay|[from] ability: Drought|[of] p2a: Torkoal
|turn|20
|
|t:|1760878653
|move|p1a: Ceruledge|Poltergeist|p2a: Torkoal
|-activate|p2a: Torkoal|move: Poltergeist|Rocky Helmet
|-damage|p2a: Torkoal|0 fnt
|faint|p2a: Torkoal
|
|-weather|SunnyDay|[upkeep]
|upkeep
|
|t:|1760878659
|switch|p2a: Registeel|Registeel, tera:Water|36/100
|turn|21
|
|t:|1760878666
|move|p1a: Ceruledge|Poltergeist|p2a: Registeel
|-activate|p2a: Registeel|move: Poltergeist|Leftovers
|-damage|p2a: Registeel|0 fnt
|faint|p2a: Registeel
|
|win|Marbradiz
|raw|Marbradiz's rating: 1106 &rarr; <strong>1132</strong><br />(+26 for winning)
|raw|hisohisokurione's rating: 1120 &rarr; <strong>1094</strong><br />(-26 for losing)
|l|☆hisohisokurione
|player|p2|
|l|☆Marbradiz
|player|p1|
