|j|☆chaitu ghuge
|j|☆Lingonbingon
|t:|1760797126
|gametype|singles
|player|p1|chaitu ghuge|bellelba|1270
|player|p2|Lingonbingon|iris-gen5bw2|1248
|gen|9
|tier|[Gen 9] OU
|rated|
|rule|HP Percentage Mod: HP is shown in percentages
|rule|Endless Battle Clause: Forcing endless battles is banned
|rule|Species Clause: Limit one of each Pokémon
|rule|OHKO Clause: OHKO moves are banned
|rule|Evasion Items Clause: Evasion items are banned
|rule|Evasion Moves Clause: Evasion moves are banned
|rule|Evasion Abilities Clause: Evasion abilities are banned
|rule|Sleep Moves Clause: Sleep-inducing moves are banned
|clearpoke
|poke|p1|Kingambit, M|
|poke|p1|Great Tusk|
|poke|p1|Dragapult, M|
|poke|p1|Corviknight, M|
|poke|p1|Iron Valiant|
|poke|p1|Deoxys-Speed|
|poke|p2|Pelipper, F|
|poke|p2|Barraskewda, M|
|poke|p2|Raging Bolt|
|poke|p2|Tornadus-Therian, M|
|poke|p2|Ogerpon-Wellspring, F|
|poke|p2|Iron Treads|
|teampreview
|inactive|Battle timer is ON: inactive players will automatically lose when time's up. (requested by chaitu ghuge)
|
|t:|1760797138
|teamsize|p1|6
|teamsize|p2|6
|start
|switch|p1a: Deoxys|Deoxys-Speed|100/100
|switch|p2a: Pelipper|Pelipper, F|100/100
|-ability|p1a: Deoxys|Pressure
|-weather|RainDance|[from] ability: Drizzle|[of] p2a: Pelipper
|turn|1
|
|t:|1760797150
|move|p1a: Deoxys|Stealth Rock|p2a: Pelipper
|-sidestart|p2: Lingonbingon|move: Stealth Rock
|move|p2a: Pelipper|U-turn|p1a: Deoxys
|-supereffective|p1a: Deoxys
|-damage|p1a: Deoxys|77/100
|
|t:|1760797154
|switch|p2a: Barraskewda|Barraskewda, M|100/100|[from] U-turn
|-damage|p2a: Barraskewda|88/100|[from] Stealth Rock
|
|-weather|RainDance|[upkeep]
|upkeep
|turn|2
|
|t:|1760797162
|switch|p1a: Dragapult|Dragapult, M|100/100
|move|p2a: Barraskewda|Liquidation|p1a: Dragapult
|-resisted|p1a: Dragapult
|-damage|p1a: Dragapult|39/100
|
|-weather|RainDance|[upkeep]
|upkeep
|turn|3
|
|t:|1760797170
|move|p2a: Barraskewda|Liquidation|p1a: Dragapult
|-resisted|p1a: Dragapult
|-damage|p1a: Dragapult|0 fnt
|faint|p1a: Dragapult
|
|-weather|RainDance|[upkeep]
|upkeep
|
|t:|1760797178
|switch|p1a: Iron Valiant|Iron Valiant|100/100
|-enditem|p1a: Iron Valiant|Booster Energy
|-activate|p1a: Iron Valiant|ability: Quark Drive|[fromitem]
|-start|p1a: Iron Valiant|quarkdrivespe
|turn|4
|
|t:|1760797187
|move|p2a: Barraskewda|Flip Turn|p1a: Iron Valiant
|-damage|p1a: Iron Valiant|19/100
|
|t:|1760797192
|switch|p2a: Iron Treads|Iron Treads|100/100|[from] Flip Turn
|-damage|p2a: Iron Treads|97/100|[from] Stealth Rock
|move|p1a: Iron Valiant|Moonblast|p2a: Iron Treads
|-resisted|p2a: Iron Treads
|-damage|p2a: Iron Treads|76/100
|
|-weather|RainDance|[upkeep]
|-heal|p2a: Iron Treads|83/100|[from] item: Leftovers
|upkeep
|turn|5
|-message|chaitu ghuge forfeited.
|
|win|Lingonbingon
|raw|chaitu ghuge's rating: 1270 &rarr; <strong>1243</strong><br />(-27 for losing)
|raw|Lingonbingon's rating: 1248 &rarr; <strong>1275</strong><br />(+27 for winning)
|l|☆chaitu ghuge
|player|p1|
