|j|☆Veridis Quo Zurau
|j|☆Atomic_barrier
|t:|1760833986
|gametype|singles
|player|p1|Veridis Quo Zurau|ingo|1340
|player|p2|Atomic_barrier|169|1369
|gen|9
|tier|[Gen 9] OU
|rated|
|rule|HP Percentage Mod: HP is shown in percentages
|rule|Endless Battle Clause: Forcing endless battles is banned
|rule|Species Clause: Limit one of each Pokémon
|rule|OHKO Clause: OHKO moves are banned
|rule|Evasion Items Clause: Evasion items are banned
|rule|Evasion Moves Clause: Evasion moves are banned
|rule|Evasion Abilities Clause: Evasion abilities are banned
|rule|Sleep Moves Clause: Sleep-inducing moves are banned
|clearpoke
|poke|p1|Toxapex, M|
|poke|p1|Gliscor, F|
|poke|p1|Salazzle, F|
|poke|p1|Slowking-Galar, M|
|poke|p1|Ting-Lu|
|poke|p1|Corviknight, M|
|poke|p2|Dragonite, M|
|poke|p2|Brambleghast, M|
|poke|p2|Iron Valiant|
|poke|p2|Samurott-Hisui, M|
|poke|p2|Slowking-Galar, F|
|poke|p2|Corviknight, F|
|teampreview
|inactive|Battle timer is ON: inactive players will automatically lose when time's up. (requested by Veridis Quo Zurau)
|
|t:|1760833996
|teamsize|p1|6
|teamsize|p2|6
|start
|switch|p1a: Gliscor|Gliscor, F|100/100
|switch|p2a: Samurott|Samurott-Hisui, M|100/100
|turn|1
|
|t:|1760834002
|move|p1a: Gliscor|Protect|p1a: Gliscor
|-singleturn|p1a: Gliscor|Protect
|move|p2a: Samurott|Razor Shell|p1a: Gliscor
|-activate|p1a: Gliscor|move: Protect
|
|-status|p1a: Gliscor|tox|[from] item: Toxic Orb
|upkeep
|turn|2
|
|t:|1760834006
|-terastallize|p1a: Gliscor|Water
|move|p2a: Samurott|Razor Shell|p1a: Gliscor
|-resisted|p1a: Gliscor
|-damage|p1a: Gliscor|85/100 tox
|-unboost|p1a: Gliscor|def|1
|move|p1a: Gliscor|Toxic|p2a: Samurott
|-status|p2a: Samurott|tox
|
|-damage|p2a: Samurott|94/100 tox|[from] psn
|-heal|p1a: Gliscor|98/100 tox|[from] ability: Poison Heal
|upkeep
|turn|3
|
|t:|1760834015
|switch|p2a: Corviknight|Corviknight, F|100/100
|move|p1a: Gliscor|Protect||[still]
|-fail|p1a: Gliscor
|
|-heal|p1a: Gliscor|100/100 tox|[from] ability: Poison Heal
|upkeep
|turn|4
|
|t:|1760834024
|switch|p1a: Salazzle|Salazzle, F|100/100
|move|p2a: Corviknight|Body Press|p1a: Salazzle
|-resisted|p1a: Salazzle
|-damage|p1a: Salazzle|79/100
|
|-heal|p1a: Salazzle|85/100|[from] item: Leftovers
|upkeep
|turn|5
|
|t:|1760834027
|move|p1a: Salazzle|Toxic|p2a: Corviknight
|-status|p2a: Corviknight|tox
|move|p2a: Corviknight|Brave Bird|p1a: Salazzle
|-damage|p1a: Salazzle|31/100
|-damage|p2a: Corviknight|85/100 tox|[from] Recoil
|
|-heal|p1a: Salazzle|38/100|[from] item: Leftovers
|-damage|p2a: Corviknight|79/100 tox|[from] psn
|upkeep
|turn|6
|
|t:|1760834031
|move|p1a: Salazzle|Protect|p1a: Salazzle
|-singleturn|p1a: Salazzle|Protect
|move|p2a: Corviknight|Brave Bird|p1a: Salazzle
|-activate|p1a: Salazzle|move: Protect
|
|-heal|p1a: Salazzle|44/100|[from] item: Leftovers
|-damage|p2a: Corviknight|67/100 tox|[from] psn
|upkeep
|turn|7
|
|t:|1760834037
|move|p1a: Salazzle|Substitute|p1a: Salazzle
|-start|p1a: Salazzle|Substitute
|-damage|p1a: Salazzle|19/100
|move|p2a: Corviknight|U-turn|p1a: Salazzle
|-resisted|p1a: Salazzle
|-activate|p1a: Salazzle|move: Substitute|[damage]
|
|t:|1760834052
|switch|p2a: Dragonite|Dragonite, M|100/100|[from] U-turn
|
|-heal|p1a: Salazzle|25/100|[from] item: Leftovers
|upkeep
|turn|8
|
|t:|1760834055
|move|p1a: Salazzle|Toxic|p2a: Dragonite
|-status|p2a: Dragonite|tox
|move|p2a: Dragonite|Earthquake|p1a: Salazzle
|-supereffective|p1a: Salazzle
|-end|p1a: Salazzle|Substitute
|
|-heal|p1a: Salazzle|31/100|[from] item: Leftovers
|-damage|p2a: Dragonite|94/100 tox|[from] psn
|upkeep
|turn|9
|
|t:|1760834060
|move|p1a: Salazzle|Protect|p1a: Salazzle
|-singleturn|p1a: Salazzle|Protect
|move|p2a: Dragonite|Extreme Speed|p1a: Salazzle
|-activate|p1a: Salazzle|move: Protect
|
|-heal|p1a: Salazzle|38/100|[from] item: Leftovers
|-damage|p2a: Dragonite|82/100 tox|[from] psn
|upkeep
|turn|10
|
|t:|1760834066
|switch|p1a: Gliscor|Gliscor, F, tera:Water|100/100 tox
|move|p2a: Dragonite|Extreme Speed|p1a: Gliscor
|-damage|p1a: Gliscor|82/100 tox
|
|-damage|p2a: Dragonite|63/100 tox|[from] psn
|-heal|p1a: Gliscor|94/100 tox|[from] ability: Poison Heal
|upkeep
|turn|11
|
|t:|1760834084
|switch|p2a: Slowking|Slowking-Galar, F|100/100
|move|p1a: Gliscor|Substitute|p1a: Gliscor
|-start|p1a: Gliscor|Substitute
|-damage|p1a: Gliscor|69/100 tox
|
|-heal|p1a: Gliscor|82/100 tox|[from] ability: Poison Heal
|upkeep
|turn|12
|-message|Atomic_barrier forfeited.
|
|win|Veridis Quo Zurau
|raw|Veridis Quo Zurau's rating: 1340 &rarr; <strong>1362</strong><br />(+22 for winning)
|raw|Atomic_barrier's rating: 1369 &rarr; <strong>1347</strong><br />(-22 for losing)
|l|☆Atomic_barrier
|player|p2|
|l|☆Veridis Quo Zurau
|player|p1|
