|j|☆jmsss2
|j|☆bhosfinest
|t:|1760795888
|gametype|singles
|player|p1|jmsss2|1|1192
|player|p2|bhosfinest|burglar|1231
|gen|9
|tier|[Gen 9] OU
|rated|
|rule|HP Percentage Mod: HP is shown in percentages
|rule|Endless Battle Clause: Forcing endless battles is banned
|rule|Species Clause: Limit one of each Pokémon
|rule|OHKO Clause: OHKO moves are banned
|rule|Evasion Items Clause: Evasion items are banned
|rule|Evasion Moves Clause: Evasion moves are banned
|rule|Evasion Abilities Clause: Evasion abilities are banned
|rule|Sleep Moves Clause: Sleep-inducing moves are banned
|clearpoke
|poke|p1|Garchomp, F|
|poke|p1|Dondozo, F|
|poke|p1|Corviknight, M|
|poke|p1|Slowking-Galar, F|
|poke|p1|Iron Valiant|
|poke|p1|Hoopa-Unbound|
|poke|p2|Basculegion, M|
|poke|p2|Bellibolt, F|
|poke|p2|Dragonite, F|
|poke|p2|Iron Treads|
|poke|p2|Barraskewda, M|
|poke|p2|Pelipper, F|
|teampreview
|inactive|Battle timer is ON: inactive players will automatically lose when time's up. (requested by bhosfinest)
|
|t:|1760795908
|teamsize|p1|6
|teamsize|p2|6
|start
|switch|p1a: Slowking|Slowking-Galar, F|100/100
|switch|p2a: Pelipper|Pelipper, F|100/100
|-weather|RainDance|[from] ability: Drizzle|[of] p2a: Pelipper
|turn|1
|
|t:|1760795915
|move|p2a: Pelipper|U-turn|p1a: Slowking
|-damage|p1a: Slowking|91/100
|
|t:|1760795921
|switch|p2a: Iron Treads|Iron Treads|100/100|[from] U-turn
|move|p1a: Slowking|Trick Room|p1a: Slowking
|-fieldstart|move: Trick Room|[of] p1a: Slowking
|
|-weather|RainDance|[upkeep]
|upkeep
|turn|2
|
|t:|1760795929
|-prepare|p1a: Slowking|Chilly Reception|[premajor]
|move|p1a: Slowking|Chilly Reception|p1a: Slowking
|-weather|Snowscape
|
|t:|1760795943
|switch|p1a: Corviknight|Corviknight, M|100/100|[from] Chilly Reception
|move|p2a: Iron Treads|Stealth Rock|p1a: Corviknight
|-sidestart|p1: jmsss2|move: Stealth Rock
|
|-weather|Snowscape|[upkeep]
|upkeep
|turn|3
|
|t:|1760795952
|move|p1a: Corviknight|Defog|p2a: Iron Treads
|-unboost|p2a: Iron Treads|evasion|1
|-sideend|p1: jmsss2|Stealth Rock|[from] move: Defog|[of] p1a: Corviknight
|move|p2a: Iron Treads|Volt Switch|p1a: Corviknight
|-supereffective|p1a: Corviknight
|-damage|p1a: Corviknight|75/100
|
|t:|1760795960
|-end|p2a: Iron Treads|Quark Drive|[silent]
|switch|p2a: Bellibolt|Bellibolt, F|100/100|[from] Volt Switch
|
|-weather|Snowscape|[upkeep]
|upkeep
|turn|4
|
|t:|1760795981
|switch|p1a: Garchomp|Garchomp, F|100/100
|move|p2a: Bellibolt|Volt Switch|p1a: Garchomp
|-immune|p1a: Garchomp
|
|-weather|Snowscape|[upkeep]
|upkeep
|turn|5
|
|t:|1760795992
|-terastallize|p2a: Bellibolt|Fairy
|move|p2a: Bellibolt|Weather Ball|p1a: Garchomp
|-supereffective|p1a: Garchomp
|-damage|p1a: Garchomp|0 fnt
|faint|p1a: Garchomp
|
|-weather|Snowscape|[upkeep]
|-fieldend|move: Trick Room
|upkeep
|
|t:|1760796003
|switch|p1a: Slowking|Slowking-Galar, F|100/100
|turn|6
|
|t:|1760796014
|switch|p2a: Pelipper|Pelipper, F|100/100
|-weather|RainDance|[from] ability: Drizzle|[of] p2a: Pelipper
|-prepare|p1a: Slowking|Chilly Reception|[premajor]
|move|p1a: Slowking|Chilly Reception|p1a: Slowking
|-weather|Snowscape
|
|t:|1760796019
|switch|p1a: Hoopa|Hoopa-Unbound|100/100|[from] Chilly Reception
|
|-weather|Snowscape|[upkeep]
|upkeep
|turn|7
|
|t:|1760796032
|move|p1a: Hoopa|Thunderbolt|p2a: Pelipper
|-supereffective|p2a: Pelipper
|-damage|p2a: Pelipper|0 fnt
|faint|p2a: Pelipper
|-damage|p1a: Hoopa|91/100|[from] item: Life Orb
|
|-weather|Snowscape|[upkeep]
|upkeep
|
|t:|1760796056
|switch|p2a: Dragonite|Dragonite, F|100/100
|turn|8
|
|t:|1760796067
|move|p1a: Hoopa|Psychic|p2a: Dragonite
|-damage|p2a: Dragonite|56/100
|-damage|p1a: Hoopa|81/100|[from] item: Life Orb
|move|p2a: Dragonite|Hurricane|p1a: Hoopa
|-damage|p1a: Hoopa|37/100
|
|-weather|Snowscape|[upkeep]
|upkeep
|turn|9
|
|t:|1760796076
|move|p2a: Dragonite|Extreme Speed|p1a: Hoopa
|-damage|p1a: Hoopa|0 fnt
|faint|p1a: Hoopa
|
|-weather|Snowscape|[upkeep]
|upkeep
|
|t:|1760796082
|switch|p1a: Iron Valiant|Iron Valiant|100/100
|-enditem|p1a: Iron Valiant|Booster Energy
|-activate|p1a: Iron Valiant|ability: Quark Drive|[fromitem]
|-start|p1a: Iron Valiant|quarkdrivespe
|turn|10
|
|t:|1760796091
|switch|p2a: Bellibolt|Bellibolt, F, tera:Fairy|100/100
|move|p1a: Iron Valiant|Moonblast|p2a: Bellibolt
|-damage|p2a: Bellibolt|69/100
|-unboost|p2a: Bellibolt|spa|1
|-start|p2a: Bellibolt|Charge|Moonblast|[from] ability: Electromorphosis
|
|-weather|none
|upkeep
|turn|11
|inactive|bhosfinest has 120 seconds left.
|inactive|bhosfinest has 90 seconds left.
|
|t:|1760796162
|-end|p1a: Iron Valiant|Quark Drive|[silent]
|switch|p1a: Slowking|Slowking-Galar, F|100/100
|move|p2a: Bellibolt|Tera Blast|p1a: Slowking|[anim] Tera Blast Fairy
|-resisted|p1a: Slowking
|-damage|p1a: Slowking|94/100
|
|upkeep
|turn|12
|inactive|bhosfinest has 60 seconds left.
|
|t:|1760796201
|switch|p2a: Iron Treads|Iron Treads|100/100
|move|p1a: Slowking|Future Sight|p2a: Iron Treads
|-start|p1a: Slowking|move: Future Sight
|
|upkeep
|turn|13
|inactive|bhosfinest has 60 seconds left.
|
|t:|1760796209
|switch|p1a: Corviknight|Corviknight, M|75/100
|move|p2a: Iron Treads|Earth Power|p1a: Corviknight
|-immune|p1a: Corviknight
|
|upkeep
|turn|14
|
|t:|1760796222
|move|p2a: Iron Treads|Volt Switch|p1a: Corviknight
|-supereffective|p1a: Corviknight
|-damage|p1a: Corviknight|48/100
|inactive|bhosfinest has 60 seconds left.
|inactive|bhosfinest has 30 seconds left.
|inactive|bhosfinest has 20 seconds left.
|inactive|bhosfinest has 15 seconds left.
|inactive|bhosfinest has 10 seconds left.
|inactive|bhosfinest has 5 seconds left.
|-message|bhosfinest lost due to inactivity.
|
|win|jmsss2
|raw|jmsss2's rating: 1192 &rarr; <strong>1220</strong><br />(+28 for winning)
|raw|bhosfinest's rating: 1231 &rarr; <strong>1203</strong><br />(-28 for losing)
|l|☆jmsss2
|player|p1|
|l|☆bhosfinest
|player|p2|
