|j|☆Passerby bye
|j|☆skater66
|t:|1760885221
|gametype|singles
|player|p1|Passerby bye|scientist-gen4|1302
|player|p2|skater66|266|1295
|gen|9
|tier|[Gen 9] OU
|rated|
|rule|HP Percentage Mod: HP is shown in percentages
|rule|Endless Battle Clause: Forcing endless battles is banned
|rule|Species Clause: Limit one of each Pokémon
|rule|OHKO Clause: OHKO moves are banned
|rule|Evasion Items Clause: Evasion items are banned
|rule|Evasion Moves Clause: Evasion moves are banned
|rule|Evasion Abilities Clause: Evasion abilities are banned
|rule|Sleep Moves Clause: Sleep-inducing moves are banned
|clearpoke
|poke|p1|Wigglytuff, F|
|poke|p1|Gliscor, F|
|poke|p1|Houndoom, M|
|poke|p1|Magnezone|
|poke|p1|Slowbro, M|
|poke|p1|Vileplume, F|
|poke|p2|Dragapult, M|
|poke|p2|Blaziken, F|
|poke|p2|Zapdos|
|poke|p2|Ditto|
|poke|p2|Great Tusk|
|poke|p2|Pecharunt|
|teampreview
|
|t:|1760885232
|teamsize|p1|6
|teamsize|p2|6
|start
|switch|p1a: Magnezone|Magnezone|100/100
|switch|p2a: Blaziken|Blaziken, F|100/100
|turn|1
|
|t:|1760885237
|switch|p1a: Slowbro|Slowbro, M|100/100
|move|p2a: Blaziken|Swords Dance|p2a: Blaziken
|-boost|p2a: Blaziken|atk|2
|
|-ability|p2a: Blaziken|Speed Boost|boost
|-boost|p2a: Blaziken|spe|1
|upkeep
|turn|2
|
|t:|1760885247
|-terastallize|p2a: Blaziken|Dark
|move|p2a: Blaziken|Swords Dance|p2a: Blaziken
|-boost|p2a: Blaziken|atk|2
|move|p1a: Slowbro|Scald|p2a: Blaziken
|-damage|p2a: Blaziken|60/100
|
|-heal|p2a: Blaziken|66/100|[from] item: Leftovers
|-ability|p2a: Blaziken|Speed Boost|boost
|-boost|p2a: Blaziken|spe|1
|upkeep
|turn|3
|
|t:|1760885256
|move|p2a: Blaziken|Knock Off|p1a: Slowbro
|-supereffective|p1a: Slowbro
|-damage|p1a: Slowbro|0 fnt
|-enditem|p1a: Slowbro|Heavy-Duty Boots|[from] move: Knock Off|[of] p2a: Blaziken
|faint|p1a: Slowbro
|
|-heal|p2a: Blaziken|72/100|[from] item: Leftovers
|-ability|p2a: Blaziken|Speed Boost|boost
|-boost|p2a: Blaziken|spe|1
|upkeep
|inactive|Battle timer is ON: inactive players will automatically lose when time's up. (requested by skater66)
|
|t:|1760885262
|switch|p1a: Gliscor|Gliscor, F|100/100
|turn|4
|
|t:|1760885268
|move|p1a: Gliscor|Protect|p1a: Gliscor
|-singleturn|p1a: Gliscor|Protect
|move|p2a: Blaziken|Knock Off|p1a: Gliscor
|-activate|p1a: Gliscor|move: Protect
|
|-heal|p2a: Blaziken|78/100|[from] item: Leftovers
|-ability|p2a: Blaziken|Speed Boost|boost
|-boost|p2a: Blaziken|spe|1
|-status|p1a: Gliscor|tox|[from] item: Toxic Orb
|upkeep
|turn|5
|
|t:|1760885278
|move|p2a: Blaziken|Flare Blitz|p1a: Gliscor
|-damage|p1a: Gliscor|0 fnt
|faint|p1a: Gliscor
|-damage|p2a: Blaziken|39/100|[from] Recoil
|
|-heal|p2a: Blaziken|45/100|[from] item: Leftovers
|-ability|p2a: Blaziken|Speed Boost|boost
|-boost|p2a: Blaziken|spe|1
|upkeep
|
|t:|1760885287
|switch|p1a: Vileplume|Vileplume, F|100/100
|turn|6
|
|t:|1760885291
|-terastallize|p1a: Vileplume|Water
|move|p2a: Blaziken|Knock Off|p1a: Vileplume
|-damage|p1a: Vileplume|0 fnt
|-damage|p2a: Blaziken|28/100|[from] item: Rocky Helmet|[of] p1a: Vileplume
|-enditem|p1a: Vileplume|Rocky Helmet|[from] move: Knock Off|[of] p2a: Blaziken
|faint|p1a: Vileplume
|
|-heal|p2a: Blaziken|34/100|[from] item: Leftovers
|-ability|p2a: Blaziken|Speed Boost|boost
|-boost|p2a: Blaziken|spe|1
|upkeep
|
|t:|1760885300
|switch|p1a: Houndoom|Houndoom, M|100/100
|turn|7
|
|t:|1760885304
|move|p2a: Blaziken|Close Combat|p1a: Houndoom
|-supereffective|p1a: Houndoom
|-damage|p1a: Houndoom|0 fnt
|-unboost|p2a: Blaziken|def|1
|-unboost|p2a: Blaziken|spd|1
|faint|p1a: Houndoom
|
|-heal|p2a: Blaziken|40/100|[from] item: Leftovers
|upkeep
|
|t:|1760885308
|switch|p1a: Wigglytuff|Wigglytuff, F|100/100
|turn|8
|
|t:|1760885313
|move|p2a: Blaziken|Flare Blitz|p1a: Wigglytuff
|-damage|p1a: Wigglytuff|0 fnt
|faint|p1a: Wigglytuff
|-damage|p2a: Blaziken|0 fnt|[from] Recoil
|faint|p2a: Blaziken
|
|upkeep
|inactive|Passerby bye has 120 seconds left.
|inactive|Passerby bye has 90 seconds left.
|inactive|Passerby bye has 60 seconds left.
|inactive|Passerby bye has 30 seconds left.
|
|t:|1760885435
|switch|p2a: Great Tusk|Great Tusk|100/100
|switch|p1a: Magnezone|Magnezone|100/100
|-enditem|p2a: Great Tusk|Booster Energy
|-activate|p2a: Great Tusk|ability: Protosynthesis|[fromitem]
|-start|p2a: Great Tusk|protosynthesisatk
|turn|9
|-message|Passerby bye forfeited.
|
|win|skater66
|raw|Passerby bye's rating: 1302 &rarr; <strong>1282</strong><br />(-20 for losing)
|raw|skater66's rating: 1295 &rarr; <strong>1321</strong><br />(+26 for winning)
|l|☆Passerby bye
|player|p1|
|l|☆skater66
|player|p2|
