|j|‽egroeggany120
|j|☆Noobskillstrongs
|t:|1760803738
|gametype|singles
|player|p1|egroeggany120|266|1230
|player|p2|Noobskillstrongs|lucian|1177
|gen|9
|tier|[Gen 9] OU
|rated|
|rule|HP Percentage Mod: HP is shown in percentages
|rule|Endless Battle Clause: Forcing endless battles is banned
|rule|Species Clause: Limit one of each Pokémon
|rule|OHKO Clause: OHKO moves are banned
|rule|Evasion Items Clause: Evasion items are banned
|rule|Evasion Moves Clause: Evasion moves are banned
|rule|Evasion Abilities Clause: Evasion abilities are banned
|rule|Sleep Moves Clause: Sleep-inducing moves are banned
|clearpoke
|poke|p1|Dragonite, F|
|poke|p1|Zamazenta-*|
|poke|p1|Landorus-Therian, M|
|poke|p1|Gholdengo|
|poke|p1|Darkrai|
|poke|p1|Hatterene, F|
|poke|p2|Squawkabilly-White, F|
|poke|p2|Thundurus-Therian, M|
|poke|p2|Mandibuzz, F|
|poke|p2|Gyarados, F|
|poke|p2|Volcanion|
|poke|p2|Sneasel-Hisui, F|
|teampreview
|l|☆Noobskillstrongs
|player|p2|
|
|t:|1760803757
|teamsize|p1|6
|teamsize|p2|6
|start
|switch|p1a: Landorus|Landorus-Therian, M|100/100
|switch|p2a: Thundurus|Thundurus-Therian, M|100/100
|-ability|p1a: Landorus|Intimidate|boost
|-unboost|p2a: Thundurus|atk|1
|turn|1
|inactive|Battle timer is ON: inactive players will automatically lose when time's up. (requested by egroeggany120)
|j|☆Noobskillstrongs
|inactive|Noobskillstrongs reconnected and has 150 seconds left.
|player|p2|Noobskillstrongs|lucian|
|
|t:|1760803821
|-terastallize|p2a: Thundurus|Ice
|move|p2a: Thundurus|Tera Blast|p1a: Landorus|[anim] Tera Blast Ice
|-supereffective|p1a: Landorus
|-damage|p1a: Landorus|0 fnt
|faint|p1a: Landorus
|-damage|p2a: Thundurus|91/100|[from] item: Life Orb
|
|upkeep
|
|t:|1760803837
|switch|p1a: Gholdengo|Gholdengo|100/100
|turn|2
|
|t:|1760803840
|move|p2a: Thundurus|Volt Switch|p1a: Gholdengo
|-damage|p1a: Gholdengo|47/100
|-damage|p2a: Thundurus|81/100|[from] item: Life Orb
|
|t:|1760803845
|switch|p2a: Sneasel|Sneasel-Hisui, F|100/100|[from] Volt Switch
|move|p1a: Gholdengo|Make It Rain|p2a: Sneasel
|-damage|p2a: Sneasel|0 fnt
|-unboost|p1a: Gholdengo|spa|1
|faint|p2a: Sneasel
|
|upkeep
|
|t:|1760803848
|switch|p2a: Thundurus|Thundurus-Therian, M, tera:Ice|81/100
|turn|3
|
|t:|1760803856
|switch|p1a: Hatterene|Hatterene, F|100/100
|move|p2a: Thundurus|Thunderbolt|p1a: Hatterene
|-damage|p1a: Hatterene|61/100
|-damage|p2a: Thundurus|71/100|[from] item: Life Orb
|
|upkeep
|turn|4
|
|t:|1760803869
|move|p2a: Thundurus|Volt Switch|p1a: Hatterene
|-damage|p1a: Hatterene|27/100
|-damage|p2a: Thundurus|62/100|[from] item: Life Orb
|
|t:|1760803873
|switch|p2a: Volcanion|Volcanion|100/100|[from] Volt Switch
|move|p1a: Hatterene|Mystical Fire|p2a: Volcanion
|-resisted|p2a: Volcanion
|-damage|p2a: Volcanion|93/100
|-unboost|p2a: Volcanion|spa|1
|
|upkeep
|turn|5
|l|☆Noobskillstrongs
|inactive|Noobskillstrongs disconnected and has a minute to reconnect!
|player|p2|
|inactive|egroeggany120 has 120 seconds left.
|j|☆Noobskillstrongs
|inactive|Noobskillstrongs reconnected.
|player|p2|Noobskillstrongs|lucian|
|
|t:|1760803913
|move|p2a: Volcanion|Steam Eruption|p1a: Hatterene
|-damage|p1a: Hatterene|0 fnt
|faint|p1a: Hatterene
|
|upkeep
|
|t:|1760803915
|switch|p1a: Dragonite|Dragonite, F|100/100
|turn|6
|
|t:|1760803917
|move|p1a: Dragonite|Dragon Dance|p1a: Dragonite
|-boost|p1a: Dragonite|atk|1
|-boost|p1a: Dragonite|spe|1
|move|p2a: Volcanion|Will-O-Wisp|p1a: Dragonite
|-status|p1a: Dragonite|brn
|-enditem|p1a: Dragonite|Lum Berry|[eat]
|-curestatus|p1a: Dragonite|brn|[msg]
|
|upkeep
|turn|7
|
|t:|1760803926
|switch|p2a: Squawkabilly|Squawkabilly-White, F|100/100
|-ability|p2a: Squawkabilly|Intimidate|boost
|-unboost|p1a: Dragonite|atk|1
|move|p1a: Dragonite|Earthquake|p2a: Squawkabilly
|-immune|p2a: Squawkabilly
|
|upkeep
|turn|8
|
|t:|1760803946
|switch|p1a: Gholdengo|Gholdengo|47/100
|move|p2a: Squawkabilly|Parting Shot|p1a: Gholdengo
|-immune|p1a: Gholdengo|[from] ability: Good as Gold
|
|upkeep
|turn|9
|
|t:|1760803953
|switch|p2a: Gyarados|Gyarados, F|100/100
|-ability|p2a: Gyarados|Intimidate|boost
|-unboost|p1a: Gholdengo|atk|1
|move|p1a: Gholdengo|Recover|p1a: Gholdengo
|-heal|p1a: Gholdengo|98/100
|
|upkeep
|turn|10
|
|t:|1760803961
|move|p1a: Gholdengo|Thunderbolt|p2a: Gyarados
|-supereffective|p2a: Gyarados
|-damage|p2a: Gyarados|36/100
|move|p2a: Gyarados|Scale Shot|p1a: Gholdengo
|-resisted|p1a: Gholdengo
|-damage|p1a: Gholdengo|93/100
|-resisted|p1a: Gholdengo
|-damage|p1a: Gholdengo|89/100
|-hitcount|p1a: Gholdengo|2
|-unboost|p2a: Gyarados|def|1
|-boost|p2a: Gyarados|spe|1
|
|upkeep
|turn|11
|
|t:|1760803967
|move|p2a: Gyarados|Earthquake|p1a: Gholdengo
|-supereffective|p1a: Gholdengo
|-damage|p1a: Gholdengo|13/100
|move|p1a: Gholdengo|Thunderbolt|p2a: Gyarados
|-supereffective|p2a: Gyarados
|-damage|p2a: Gyarados|0 fnt
|faint|p2a: Gyarados
|
|upkeep
|
|t:|1760803971
|switch|p2a: Thundurus|Thundurus-Therian, M, tera:Ice|62/100
|turn|12
|
|t:|1760803977
|move|p2a: Thundurus|Volt Switch|p1a: Gholdengo
|-damage|p1a: Gholdengo|0 fnt
|faint|p1a: Gholdengo
|-damage|p2a: Thundurus|52/100|[from] item: Life Orb
|
|t:|1760803982
|switch|p2a: Volcanion|Volcanion|93/100|[from] Volt Switch
|
|upkeep
|
|t:|1760803991
|switch|p1a: Darkrai|Darkrai|100/100
|turn|13
|
|t:|1760804004
|move|p1a: Darkrai|Dark Pulse|p2a: Volcanion
|-damage|p2a: Volcanion|55/100
|move|p2a: Volcanion|Steam Eruption|p1a: Darkrai
|-damage|p1a: Darkrai|27/100
|-status|p1a: Darkrai|brn
|
|-damage|p1a: Darkrai|21/100 brn|[from] brn
|upkeep
|turn|14
|
|t:|1760804014
|move|p1a: Darkrai|Dark Pulse|p2a: Volcanion
|-damage|p2a: Volcanion|18/100
|move|p2a: Volcanion|Steam Eruption|p1a: Darkrai
|-damage|p1a: Darkrai|0 fnt
|faint|p1a: Darkrai
|
|upkeep
|
|t:|1760804034
|switch|p1a: Dragonite|Dragonite, F|100/100
|turn|15
|
|t:|1760804049
|move|p1a: Dragonite|Extreme Speed|p2a: Volcanion
|-damage|p2a: Volcanion|0 fnt
|-damage|p1a: Dragonite|84/100|[from] item: Rocky Helmet|[of] p2a: Volcanion
|faint|p2a: Volcanion
|
|upkeep
|
|t:|1760804051
|switch|p2a: Squawkabilly|Squawkabilly-White, F|100/100
|-ability|p2a: Squawkabilly|Intimidate|boost
|-unboost|p1a: Dragonite|atk|1
|turn|16
|
|t:|1760804077
|-terastallize|p1a: Dragonite|Flying
|move|p2a: Squawkabilly|Parting Shot|p1a: Dragonite
|-unboost|p1a: Dragonite|atk|1
|-unboost|p1a: Dragonite|spa|1
|
|t:|1760804082
|switch|p2a: Thundurus|Thundurus-Therian, M, tera:Ice|52/100|[from] Parting Shot
|move|p1a: Dragonite|Tera Blast|p2a: Thundurus|[anim] Tera Blast Flying
|-damage|p2a: Thundurus|7/100
|
|upkeep
|turn|17
|
|t:|1760804088
|switch|p2a: Mandibuzz|Mandibuzz, F|100/100
|move|p1a: Dragonite|Extreme Speed|p2a: Mandibuzz
|-damage|p2a: Mandibuzz|90/100
|
|-heal|p2a: Mandibuzz|96/100|[from] item: Leftovers
|upkeep
|turn|18
|
|t:|1760804099
|switch|p1a: Zamazenta|Zamazenta|100/100
|-ability|p1a: Zamazenta|Dauntless Shield|boost
|-boost|p1a: Zamazenta|def|1
|move|p2a: Mandibuzz|Toxic|p1a: Zamazenta
|-status|p1a: Zamazenta|tox
|
|-heal|p2a: Mandibuzz|100/100|[from] item: Leftovers
|-damage|p1a: Zamazenta|94/100 tox|[from] psn
|upkeep
|turn|19
|
|t:|1760804108
|switch|p2a: Squawkabilly|Squawkabilly-White, F|100/100
|-ability|p2a: Squawkabilly|Intimidate|boost
|-unboost|p1a: Zamazenta|atk|1
|move|p1a: Zamazenta|Iron Defense|p1a: Zamazenta
|-boost|p1a: Zamazenta|def|2
|
|-heal|p1a: Zamazenta|100/100 tox|[from] item: Leftovers
|-damage|p1a: Zamazenta|88/100 tox|[from] psn
|upkeep
|turn|20
|
|t:|1760804116
|move|p2a: Squawkabilly|Parting Shot|p1a: Zamazenta
|-unboost|p1a: Zamazenta|atk|1
|-unboost|p1a: Zamazenta|spa|1
|
|t:|1760804122
|switch|p2a: Mandibuzz|Mandibuzz, F|100/100|[from] Parting Shot
|move|p1a: Zamazenta|Body Press|p2a: Mandibuzz
|-damage|p2a: Mandibuzz|29/100
|
|-heal|p1a: Zamazenta|94/100 tox|[from] item: Leftovers
|-heal|p2a: Mandibuzz|35/100|[from] item: Leftovers
|-damage|p1a: Zamazenta|76/100 tox|[from] psn
|upkeep
|turn|21
|
|t:|1760804126
|switch|p2a: Squawkabilly|Squawkabilly-White, F|100/100
|-ability|p2a: Squawkabilly|Intimidate|boost
|-unboost|p1a: Zamazenta|atk|1
|move|p1a: Zamazenta|Body Press|p2a: Squawkabilly
|-damage|p2a: Squawkabilly|0 fnt
|faint|p2a: Squawkabilly
|
|-heal|p1a: Zamazenta|82/100 tox|[from] item: Leftovers
|-damage|p1a: Zamazenta|58/100 tox|[from] psn
|upkeep
|
|t:|1760804128
|switch|p2a: Thundurus|Thundurus-Therian, M, tera:Ice|7/100
|turn|22
|
|t:|1760804132
|move|p1a: Zamazenta|Body Press|p2a: Thundurus
|-supereffective|p2a: Thundurus
|-damage|p2a: Thundurus|0 fnt
|faint|p2a: Thundurus
|
|-heal|p1a: Zamazenta|64/100 tox|[from] item: Leftovers
|-damage|p1a: Zamazenta|33/100 tox|[from] psn
|upkeep
|
|t:|1760804134
|switch|p2a: Mandibuzz|Mandibuzz, F|35/100
|turn|23
|-message|Noobskillstrongs forfeited.
|
|win|egroeggany120
|raw|egroeggany120's rating: 1230 &rarr; <strong>1251</strong><br />(+21 for winning)
|raw|Noobskillstrongs's rating: 1177 &rarr; <strong>1156</strong><br />(-21 for losing)
|l|☆Noobskillstrongs
|player|p2|
|l|‽egroeggany120
|player|p1|
