|j|☆Conchita26
|j|☆lv0ry
|t:|1760780497
|gametype|singles
|player|p1|Conchita26|sabrina|1185
|player|p2|lv0ry|170|1177
|gen|9
|tier|[Gen 9] OU
|rated|
|rule|HP Percentage Mod: HP is shown in percentages
|rule|Endless Battle Clause: Forcing endless battles is banned
|rule|Species Clause: Limit one of each Pokémon
|rule|OHKO Clause: OHKO moves are banned
|rule|Evasion Items Clause: Evasion items are banned
|rule|Evasion Moves Clause: Evasion moves are banned
|rule|Evasion Abilities Clause: Evasion abilities are banned
|rule|Sleep Moves Clause: Sleep-inducing moves are banned
|clearpoke
|poke|p1|Great Tusk|
|poke|p1|Kingambit, M|
|poke|p1|Raging Bolt|
|poke|p1|Walking Wake|
|poke|p1|Ninetales, M|
|poke|p1|Ceruledge, F|
|poke|p2|Eelektross, F|
|poke|p2|Deoxys-Speed|
|poke|p2|Iron Valiant|
|poke|p2|Pecharunt|
|poke|p2|Dragonite, M|
|poke|p2|Kingambit, M|
|teampreview
|inactive|Battle timer is ON: inactive players will automatically lose when time's up. (requested by lv0ry)
|
|t:|1760780511
|teamsize|p1|6
|teamsize|p2|6
|start
|switch|p1a: Ninetales|Ninetales, M|100/100
|switch|p2a: Deoxys|Deoxys-Speed|100/100
|-ability|p2a: Deoxys|Pressure
|-weather|SunnyDay|[from] ability: Drought|[of] p1a: Ninetales
|turn|1
|
|t:|1760780518
|move|p2a: Deoxys|Taunt|p1a: Ninetales
|-start|p1a: Ninetales|move: Taunt
|cant|p1a: Ninetales|move: Taunt|Encore
|
|-weather|SunnyDay|[upkeep]
|upkeep
|turn|2
|
|t:|1760780534
|switch|p1a: Walking Wake|Walking Wake|100/100
|-activate|p1a: Walking Wake|ability: Protosynthesis
|-start|p1a: Walking Wake|protosynthesisspe
|move|p2a: Deoxys|Light Screen|p2a: Deoxys
|-sidestart|p2: lv0ry|move: Light Screen
|
|-weather|SunnyDay|[upkeep]
|upkeep
|turn|3
|
|t:|1760780542
|move|p1a: Walking Wake|Hydro Steam|p2a: Deoxys
|-damage|p2a: Deoxys|57/100
|move|p2a: Deoxys|Reflect|p2a: Deoxys
|-sidestart|p2: lv0ry|Reflect
|
|-weather|SunnyDay|[upkeep]
|upkeep
|turn|4
|
|t:|1760780546
|move|p1a: Walking Wake|Hydro Steam|p2a: Deoxys
|-damage|p2a: Deoxys|15/100
|move|p2a: Deoxys|Stealth Rock|p1a: Walking Wake
|-sidestart|p1: Conchita26|move: Stealth Rock
|
|-weather|SunnyDay|[upkeep]
|upkeep
|turn|5
|
|t:|1760780552
|move|p1a: Walking Wake|Flip Turn|p2a: Deoxys
|-damage|p2a: Deoxys|10/100
|
|t:|1760780555
|-end|p1a: Walking Wake|Protosynthesis|[silent]
|switch|p1a: Raging Bolt|Raging Bolt|100/100|[from] Flip Turn
|-damage|p1a: Raging Bolt|88/100|[from] Stealth Rock
|-activate|p1a: Raging Bolt|ability: Protosynthesis
|-start|p1a: Raging Bolt|protosynthesisspa
|move|p2a: Deoxys|Taunt|p1a: Raging Bolt
|-start|p1a: Raging Bolt|move: Taunt
|
|-weather|SunnyDay|[upkeep]
|upkeep
|turn|6
|inactive|lv0ry has 120 seconds left.
|
|t:|1760780596
|move|p2a: Deoxys|Stealth Rock||[still]
|-fail|p2a: Deoxys
|move|p1a: Raging Bolt|Weather Ball|p2a: Deoxys
|-damage|p2a: Deoxys|0 fnt
|faint|p2a: Deoxys
|-damage|p1a: Raging Bolt|78/100|[from] item: Life Orb
|
|-weather|SunnyDay|[upkeep]
|upkeep
|
|t:|1760780606
|switch|p2a: Iron Valiant|Iron Valiant|100/100
|-enditem|p2a: Iron Valiant|Booster Energy
|-activate|p2a: Iron Valiant|ability: Quark Drive|[fromitem]
|-start|p2a: Iron Valiant|quarkdrivespe
|turn|7
|
|t:|1760780622
|move|p1a: Raging Bolt|Thunderclap||[still]
|-fail|p1a: Raging Bolt
|move|p2a: Iron Valiant|Calm Mind|p2a: Iron Valiant
|-boost|p2a: Iron Valiant|spa|1
|-boost|p2a: Iron Valiant|spd|1
|
|-weather|SunnyDay|[upkeep]
|-end|p1a: Raging Bolt|move: Taunt
|upkeep
|turn|8
|
|t:|1760780636
|move|p2a: Iron Valiant|Encore|p1a: Raging Bolt
|-start|p1a: Raging Bolt|Encore
|move|p1a: Raging Bolt|Thunderclap||[still]
|-fail|p1a: Raging Bolt
|
|-weather|none
|-end|p1a: Raging Bolt|Protosynthesis
|upkeep
|turn|9
|
|t:|1760780641
|move|p1a: Raging Bolt|Thunderclap||[still]
|-fail|p1a: Raging Bolt
|move|p2a: Iron Valiant|Calm Mind|p2a: Iron Valiant
|-boost|p2a: Iron Valiant|spa|1
|-boost|p2a: Iron Valiant|spd|1
|
|-sideend|p2: lv0ry|move: Light Screen
|upkeep
|turn|10
|
|t:|1760780653
|move|p1a: Raging Bolt|Thunderclap||[still]
|-fail|p1a: Raging Bolt
|move|p2a: Iron Valiant|Calm Mind|p2a: Iron Valiant
|-boost|p2a: Iron Valiant|spa|1
|-boost|p2a: Iron Valiant|spd|1
|
|-end|p1a: Raging Bolt|Encore
|-sideend|p2: lv0ry|Reflect
|upkeep
|turn|11
|
|t:|1760780662
|move|p1a: Raging Bolt|Thunderclap||[still]
|-fail|p1a: Raging Bolt
|move|p2a: Iron Valiant|Encore|p1a: Raging Bolt
|-start|p1a: Raging Bolt|Encore
|
|upkeep
|turn|12
|
|t:|1760780669
|move|p1a: Raging Bolt|Thunderclap||[still]
|-fail|p1a: Raging Bolt
|move|p2a: Iron Valiant|Calm Mind|p2a: Iron Valiant
|-boost|p2a: Iron Valiant|spa|1
|-boost|p2a: Iron Valiant|spd|1
|
|upkeep
|turn|13
|c|☆lv0ry|Are you stupid?
|
|t:|1760780697
|move|p1a: Raging Bolt|Thunderclap||[still]
|-fail|p1a: Raging Bolt
|move|p2a: Iron Valiant|Calm Mind|p2a: Iron Valiant
|-boost|p2a: Iron Valiant|spa|1
|-boost|p2a: Iron Valiant|spd|1
|
|upkeep
|turn|14
|inactive|Conchita26 has 120 seconds left.
|inactive|Conchita26 has 90 seconds left.
|inactive|Conchita26 has 60 seconds left.
|c|☆lv0ry|Loser
|inactive|Conchita26 has 30 seconds left.
|inactive|Conchita26 has 20 seconds left.
|inactive|Conchita26 has 15 seconds left.
|inactive|Conchita26 has 10 seconds left.
|inactive|Conchita26 has 5 seconds left.
|
|t:|1760780843
|move|p1a: Raging Bolt|Thunderclap||[still]
|-fail|p1a: Raging Bolt
|move|p2a: Iron Valiant|Calm Mind|p2a: Iron Valiant
|-boost|p2a: Iron Valiant|spa|1
|-boost|p2a: Iron Valiant|spd|1
|
|-end|p1a: Raging Bolt|Encore
|upkeep
|turn|15
|inactive|Conchita26 has 15 seconds left this turn.
|inactive|Conchita26 has 10 seconds left.
|
|t:|1760780858
|move|p2a: Iron Valiant|Moonblast|p1a: Raging Bolt
|-supereffective|p1a: Raging Bolt
|-damage|p1a: Raging Bolt|0 fnt
|faint|p1a: Raging Bolt
|-end|p1a: Raging Bolt|Protosynthesis|[silent]
|
|upkeep
|inactive|Conchita26 has 15 seconds left this turn.
|inactive|Conchita26 has 10 seconds left.
|
|t:|1760780865
|switch|p1a: Ninetales|Ninetales, M|100/100
|-damage|p1a: Ninetales|76/100|[from] Stealth Rock
|-weather|SunnyDay|[from] ability: Drought|[of] p1a: Ninetales
|turn|16
|inactive|Conchita26 has 20 seconds left this turn.
|
|t:|1760780871
|move|p2a: Iron Valiant|Shadow Ball|p1a: Ninetales
|-damage|p1a: Ninetales|0 fnt
|faint|p1a: Ninetales
|
|-weather|SunnyDay|[upkeep]
|upkeep
|inactive|Conchita26 has 25 seconds left this turn.
|
|t:|1760780875
|switch|p1a: Kingambit|Kingambit, M|100/100
|-damage|p1a: Kingambit|94/100|[from] Stealth Rock
|-activate|p1a: Kingambit|ability: Supreme Overlord
|-start|p1a: Kingambit|fallen2|[silent]
|-item|p1a: Kingambit|Air Balloon
|turn|17
|inactive|Conchita26 has 30 seconds left.
|inactive|Conchita26 has 20 seconds left.
|inactive|Conchita26 has 15 seconds left.
|inactive|Conchita26 has 10 seconds left.
|inactive|Conchita26 has 5 seconds left.
|
|t:|1760780906
|-terastallize|p2a: Iron Valiant|Ghost
|move|p1a: Kingambit|Sucker Punch|p2a: Iron Valiant
|-supereffective|p2a: Iron Valiant
|-damage|p2a: Iron Valiant|0 fnt
|faint|p2a: Iron Valiant
|-end|p2a: Iron Valiant|Quark Drive|[silent]
|
|-weather|SunnyDay|[upkeep]
|upkeep
|
|t:|1760780913
|switch|p2a: Eelektross|Eelektross, F|100/100
|turn|18
|inactive|Conchita26 has 20 seconds left this turn.
|
|t:|1760780917
|move|p1a: Kingambit|Kowtow Cleave|p2a: Eelektross
|-damage|p2a: Eelektross|31/100
|move|p2a: Eelektross|Drain Punch|p1a: Kingambit
|-supereffective|p1a: Kingambit
|-damage|p1a: Kingambit|31/100
|-heal|p2a: Eelektross|62/100|[from] drain|[of] p1a: Kingambit
|-enditem|p1a: Kingambit|Air Balloon
|
|-weather|SunnyDay|[upkeep]
|-heal|p2a: Eelektross|68/100|[from] item: Leftovers
|upkeep
|turn|19
|inactive|Conchita26 has 30 seconds left this turn.
|
|t:|1760780925
|move|p1a: Kingambit|Sucker Punch|p2a: Eelektross
|-damage|p2a: Eelektross|9/100
|move|p2a: Eelektross|Drain Punch|p1a: Kingambit
|-supereffective|p1a: Kingambit
|-damage|p1a: Kingambit|0 fnt
|-heal|p2a: Eelektross|24/100|[from] drain|[of] p1a: Kingambit
|faint|p1a: Kingambit
|-end|p1a: Kingambit|fallen2|[silent]
|
|-weather|SunnyDay|[upkeep]
|-heal|p2a: Eelektross|30/100|[from] item: Leftovers
|upkeep
|inactive|Conchita26 has 30 seconds left this turn.
|
|t:|1760780932
|switch|p1a: Ceruledge|Ceruledge, F|100/100
|turn|20
|
|t:|1760780938
|move|p1a: Ceruledge|Swords Dance|p1a: Ceruledge
|-boost|p1a: Ceruledge|atk|2
|move|p2a: Eelektross|Dragon Tail|p1a: Ceruledge
|-damage|p1a: Ceruledge|81/100
|-ability|p1a: Ceruledge|Weak Armor|boost
|-unboost|p1a: Ceruledge|def|1
|-boost|p1a: Ceruledge|spe|2
|drag|p1a: Great Tusk|Great Tusk|100/100
|-damage|p1a: Great Tusk|98/100|[from] Stealth Rock
|-activate|p1a: Great Tusk|ability: Protosynthesis
|-start|p1a: Great Tusk|protosynthesisatk
|
|-weather|SunnyDay|[upkeep]
|-heal|p2a: Eelektross|36/100|[from] item: Leftovers
|upkeep
|turn|21
|
|t:|1760780953
|move|p1a: Great Tusk|Rapid Spin|p2a: Eelektross
|-damage|p2a: Eelektross|6/100
|-boost|p1a: Great Tusk|spe|1
|-sideend|p1: Conchita26|Stealth Rock|[from] move: Rapid Spin|[of] p1a: Great Tusk
|move|p2a: Eelektross|Dragon Tail|p1a: Great Tusk|[miss]
|-miss|p2a: Eelektross|p1a: Great Tusk
|
|-weather|SunnyDay|[upkeep]
|-heal|p2a: Eelektross|13/100|[from] item: Leftovers
|upkeep
|turn|22
|
|t:|1760780965
|move|p1a: Great Tusk|Rapid Spin|p2a: Eelektross
|-damage|p2a: Eelektross|0 fnt
|-boost|p1a: Great Tusk|spe|1
|faint|p2a: Eelektross
|
|-weather|SunnyDay|[upkeep]
|upkeep
|
|t:|1760780968
|switch|p2a: Pecharunt|Pecharunt|100/100
|turn|23
|
|t:|1760780972
|move|p1a: Great Tusk|Headlong Rush|p2a: Pecharunt
|-supereffective|p2a: Pecharunt
|-damage|p2a: Pecharunt|0 fnt
|-unboost|p1a: Great Tusk|def|1
|-unboost|p1a: Great Tusk|spd|1
|faint|p2a: Pecharunt
|
|-weather|none
|-end|p1a: Great Tusk|Protosynthesis
|upkeep
|
|t:|1760780977
|switch|p2a: Dragonite|Dragonite, M|100/100
|turn|24
|
|t:|1760780980
|move|p1a: Great Tusk|Ice Spinner|p2a: Dragonite
|-supereffective|p2a: Dragonite
|-damage|p2a: Dragonite|28/100
|move|p2a: Dragonite|Dragon Dance|p2a: Dragonite
|-boost|p2a: Dragonite|atk|1
|-boost|p2a: Dragonite|spe|1
|
|upkeep
|turn|25
|
|t:|1760780985
|move|p2a: Dragonite|Extreme Speed|p1a: Great Tusk
|-damage|p1a: Great Tusk|45/100
|move|p1a: Great Tusk|Ice Spinner|p2a: Dragonite
|-supereffective|p2a: Dragonite
|-damage|p2a: Dragonite|0 fnt
|faint|p2a: Dragonite
|
|upkeep
|inactive|lv0ry has 120 seconds left.
|
|t:|1760781036
|switch|p2a: Kingambit|Kingambit, M|100/100
|-activate|p2a: Kingambit|ability: Supreme Overlord
|-start|p2a: Kingambit|fallen5|[silent]
|turn|26
|-message|lv0ry forfeited.
|
|win|Conchita26
|raw|Conchita26's rating: 1185 &rarr; <strong>1209</strong><br />(+24 for winning)
|raw|lv0ry's rating: 1177 &rarr; <strong>1153</strong><br />(-24 for losing)
|l|☆lv0ry
|player|p2|
|c|☆Conchita26|gg
