|j|☆GrxmIsTaken
|j|☆lyeskoriche
|t:|1760864102
|gametype|singles
|player|p1|GrxmIsTaken|blaine|1291
|player|p2|lyeskoriche|bugcatcher-gen4dp|1269
|gen|9
|tier|[Gen 9] OU
|rated|
|rule|HP Percentage Mod: HP is shown in percentages
|rule|Endless Battle Clause: Forcing endless battles is banned
|rule|Species Clause: Limit one of each Pokémon
|rule|OHKO Clause: OHKO moves are banned
|rule|Evasion Items Clause: Evasion items are banned
|rule|Evasion Moves Clause: Evasion moves are banned
|rule|Evasion Abilities Clause: Evasion abilities are banned
|rule|Sleep Moves Clause: Sleep-inducing moves are banned
|clearpoke
|poke|p1|Ogerpon-Cornerstone, F|
|poke|p1|Hatterene, F|
|poke|p1|Pecharunt|
|poke|p1|Landorus-Therian, M|
|poke|p1|Kingambit, F|
|poke|p1|Latios, M|
|poke|p2|Avalugg-Hisui, M|
|poke|p2|Ceruledge, M|
|poke|p2|Bellibolt, M|
|poke|p2|Hatterene, F|
|poke|p2|Trevenant, M|
|poke|p2|Slither Wing|
|teampreview
|inactive|Battle timer is ON: inactive players will automatically lose when time's up. (requested by lyeskoriche)
|
|t:|1760864131
|teamsize|p1|6
|teamsize|p2|6
|start
|switch|p1a: Ogerpon|Ogerpon-Cornerstone, F|100/100
|switch|p2a: Trevenant|Trevenant, M, shiny|100/100
|turn|1
|
|t:|1760864149
|switch|p1a: Pecharunt|Pecharunt|100/100
|move|p2a: Trevenant|Poltergeist|p1a: Pecharunt
|-activate|p1a: Pecharunt|move: Poltergeist|Heavy-Duty Boots
|-supereffective|p1a: Pecharunt
|-damage|p1a: Pecharunt|51/100
|
|upkeep
|turn|2
|
|t:|1760864174
|move|p1a: Pecharunt|Recover|p1a: Pecharunt
|-heal|p1a: Pecharunt|100/100
|move|p2a: Trevenant|Poltergeist|p1a: Pecharunt
|-activate|p1a: Pecharunt|move: Poltergeist|Heavy-Duty Boots
|-supereffective|p1a: Pecharunt
|-damage|p1a: Pecharunt|49/100
|
|upkeep
|turn|3
|
|t:|1760864184
|move|p1a: Pecharunt|Parting Shot|p2a: Trevenant
|-unboost|p2a: Trevenant|atk|1
|-unboost|p2a: Trevenant|spa|1
|
|t:|1760864186
|switch|p1a: Kingambit|Kingambit, F|100/100|[from] Parting Shot
|move|p2a: Trevenant|Leech Seed|p1a: Kingambit
|-start|p1a: Kingambit|move: Leech Seed
|
|-damage|p1a: Kingambit|88/100|[from] Leech Seed|[of] p2a: Trevenant
|upkeep
|turn|4
|
|t:|1760864202
|switch|p2a: Avalugg|Avalugg-Hisui, M|100/100
|move|p1a: Kingambit|Kowtow Cleave|p2a: Avalugg
|-damage|p2a: Avalugg|78/100
|
|-heal|p1a: Kingambit|94/100|[from] item: Leftovers
|-heal|p2a: Avalugg|85/100|[from] item: Leftovers
|-damage|p1a: Kingambit|82/100|[from] Leech Seed|[of] p2a: Avalugg
|-heal|p2a: Avalugg|95/100|[silent]
|upkeep
|turn|5
|
|t:|1760864209
|move|p1a: Kingambit|Low Kick|p2a: Avalugg
|-supereffective|p2a: Avalugg
|-damage|p2a: Avalugg|15/100
|move|p2a: Avalugg|Iron Defense|p2a: Avalugg
|-boost|p2a: Avalugg|def|2
|
|-heal|p1a: Kingambit|88/100|[from] item: Leftovers
|-heal|p2a: Avalugg|21/100|[from] item: Leftovers
|-damage|p1a: Kingambit|76/100|[from] Leech Seed|[of] p2a: Avalugg
|-heal|p2a: Avalugg|32/100|[silent]
|upkeep
|turn|6
|
|t:|1760864214
|-terastallize|p2a: Avalugg|Fighting
|move|p1a: Kingambit|Low Kick|p2a: Avalugg
|-damage|p2a: Avalugg|21/100
|move|p2a: Avalugg|Recover|p2a: Avalugg
|-heal|p2a: Avalugg|71/100
|
|-heal|p1a: Kingambit|82/100|[from] item: Leftovers
|-heal|p2a: Avalugg|77/100|[from] item: Leftovers
|-damage|p1a: Kingambit|70/100|[from] Leech Seed|[of] p2a: Avalugg
|-heal|p2a: Avalugg|88/100|[silent]
|upkeep
|turn|7
|
|t:|1760864227
|-end|p1a: Kingambit|fallenundefined|[silent]
|switch|p1a: Landorus|Landorus-Therian, M|100/100
|-ability|p1a: Landorus|Intimidate|boost
|-unboost|p2a: Avalugg|atk|1
|move|p2a: Avalugg|Iron Defense|p2a: Avalugg
|-boost|p2a: Avalugg|def|2
|
|-heal|p2a: Avalugg|94/100|[from] item: Leftovers
|upkeep
|turn|8
|
|t:|1760864234
|move|p1a: Landorus|Taunt|p2a: Avalugg
|-start|p2a: Avalugg|move: Taunt
|move|p2a: Avalugg|Avalanche|p1a: Landorus
|-supereffective|p1a: Landorus
|-damage|p1a: Landorus|47/100
|-damage|p2a: Avalugg|78/100|[from] item: Rocky Helmet|[of] p1a: Landorus
|
|-heal|p2a: Avalugg|84/100|[from] item: Leftovers
|upkeep
|turn|9
|
|t:|1760864245
|move|p1a: Landorus|Stealth Rock|p2a: Avalugg
|-sidestart|p2: lyeskoriche|move: Stealth Rock
|move|p2a: Avalugg|Body Press|p1a: Landorus
|-resisted|p1a: Landorus
|-damage|p1a: Landorus|0 fnt
|-damage|p2a: Avalugg|67/100|[from] item: Rocky Helmet|[of] p1a: Landorus
|faint|p1a: Landorus
|
|-heal|p2a: Avalugg|73/100|[from] item: Leftovers
|upkeep
|
|t:|1760864251
|switch|p1a: Hatterene|Hatterene, F|100/100
|turn|10
|
|t:|1760864260
|switch|p2a: Bellibolt|Bellibolt, M, shiny|100/100
|-damage|p2a: Bellibolt|88/100|[from] Stealth Rock
|move|p1a: Hatterene|Draining Kiss|p2a: Bellibolt
|-damage|p2a: Bellibolt|74/100
|-start|p2a: Bellibolt|Charge|Draining Kiss|[from] ability: Electromorphosis
|
|upkeep
|turn|11
|
|t:|1760864269
|switch|p1a: Latios|Latios, M|100/100
|move|p2a: Bellibolt|Parabolic Charge|p1a: Latios
|-resisted|p1a: Latios
|-damage|p1a: Latios|70/100
|-heal|p2a: Bellibolt|86/100|[from] drain|[of] p1a: Latios
|-end|p2a: Bellibolt|Charge|[silent]
|
|upkeep
|turn|12
|
|t:|1760864272
|move|p1a: Latios|Draco Meteor|p2a: Bellibolt
|-damage|p2a: Bellibolt|54/100
|-unboost|p1a: Latios|spa|2
|-start|p2a: Bellibolt|Charge|Draco Meteor|[from] ability: Electromorphosis
|move|p2a: Bellibolt|Acid Spray|p1a: Latios
|-damage|p1a: Latios|57/100
|-unboost|p1a: Latios|spd|2
|
|upkeep
|turn|13
|
|t:|1760864279
|switch|p1a: Hatterene|Hatterene, F|100/100
|move|p2a: Bellibolt|Parabolic Charge|p1a: Hatterene
|-damage|p1a: Hatterene|63/100
|-heal|p2a: Bellibolt|70/100|[from] drain|[of] p1a: Hatterene
|-end|p2a: Bellibolt|Charge|[silent]
|
|upkeep
|turn|14
|
|t:|1760864289
|switch|p1a: Pecharunt|Pecharunt|49/100
|move|p2a: Bellibolt|Acid Spray|p1a: Pecharunt
|-resisted|p1a: Pecharunt
|-damage|p1a: Pecharunt|47/100
|-unboost|p1a: Pecharunt|spd|2
|
|upkeep
|turn|15
|
|t:|1760864292
|move|p1a: Pecharunt|Recover|p1a: Pecharunt
|-heal|p1a: Pecharunt|97/100
|move|p2a: Bellibolt|Parabolic Charge|p1a: Pecharunt
|-damage|p1a: Pecharunt|40/100
|-heal|p2a: Bellibolt|99/100|[from] drain|[of] p1a: Pecharunt
|
|upkeep
|turn|16
|
|t:|1760864298
|move|p1a: Pecharunt|Parting Shot|p2a: Bellibolt
|-unboost|p2a: Bellibolt|atk|1
|-unboost|p2a: Bellibolt|spa|1
|
|t:|1760864300
|switch|p1a: Hatterene|Hatterene, F|63/100|[from] Parting Shot
|move|p2a: Bellibolt|Charge Beam|p1a: Hatterene
|-damage|p1a: Hatterene|54/100
|-boost|p2a: Bellibolt|spa|1
|
|upkeep
|turn|17
|
|t:|1760864307
|switch|p1a: Pecharunt|Pecharunt|40/100
|move|p2a: Bellibolt|Acid Spray|p1a: Pecharunt
|-resisted|p1a: Pecharunt
|-damage|p1a: Pecharunt|38/100
|-unboost|p1a: Pecharunt|spd|2
|
|upkeep
|turn|18
|
|t:|1760864311
|move|p1a: Pecharunt|Recover|p1a: Pecharunt
|-heal|p1a: Pecharunt|88/100
|move|p2a: Bellibolt|Charge Beam|p1a: Pecharunt
|-damage|p1a: Pecharunt|47/100
|
|upkeep
|turn|19
|
|t:|1760864317
|move|p1a: Pecharunt|Parting Shot|p2a: Bellibolt
|-unboost|p2a: Bellibolt|atk|1
|-unboost|p2a: Bellibolt|spa|1
|
|t:|1760864319
|switch|p1a: Hatterene|Hatterene, F|54/100|[from] Parting Shot
|move|p2a: Bellibolt|Charge Beam|p1a: Hatterene
|-crit|p1a: Hatterene
|-damage|p1a: Hatterene|32/100
|
|upkeep
|turn|20
|
|t:|1760864328
|move|p2a: Bellibolt|Acid Spray|p1a: Hatterene
|-supereffective|p1a: Hatterene
|-damage|p1a: Hatterene|21/100
|-unboost|p1a: Hatterene|spd|2
|move|p1a: Hatterene|Draining Kiss|p2a: Bellibolt
|-crit|p2a: Bellibolt
|-damage|p2a: Bellibolt|79/100
|-heal|p1a: Hatterene|39/100|[from] drain|[of] p2a: Bellibolt
|-start|p2a: Bellibolt|Charge|Draining Kiss|[from] ability: Electromorphosis
|
|upkeep
|turn|21
|
|t:|1760864335
|switch|p1a: Pecharunt|Pecharunt|47/100
|move|p2a: Bellibolt|Parabolic Charge|p1a: Pecharunt
|-damage|p1a: Pecharunt|11/100
|-heal|p2a: Bellibolt|98/100|[from] drain|[of] p1a: Pecharunt
|-end|p2a: Bellibolt|Charge|[silent]
|
|upkeep
|turn|22
|
|t:|1760864341
|move|p1a: Pecharunt|Recover|p1a: Pecharunt
|-heal|p1a: Pecharunt|61/100
|move|p2a: Bellibolt|Charge Beam|p1a: Pecharunt
|-damage|p1a: Pecharunt|47/100
|-boost|p2a: Bellibolt|spa|1
|
|upkeep
|turn|23
|
|t:|1760864347
|move|p1a: Pecharunt|Recover|p1a: Pecharunt
|-heal|p1a: Pecharunt|97/100
|move|p2a: Bellibolt|Charge Beam|p1a: Pecharunt
|-damage|p1a: Pecharunt|77/100
|
|upkeep
|turn|24
|
|t:|1760864353
|move|p1a: Pecharunt|Malignant Chain|p2a: Bellibolt
|-damage|p2a: Bellibolt|82/100
|-status|p2a: Bellibolt|tox
|-start|p2a: Bellibolt|confusion|[from] ability: Poison Puppeteer|[of] p1a: Pecharunt
|-start|p2a: Bellibolt|Charge|Malignant Chain|[from] ability: Electromorphosis
|-activate|p2a: Bellibolt|confusion
|move|p2a: Bellibolt|Charge Beam|p1a: Pecharunt
|-damage|p1a: Pecharunt|34/100
|-end|p2a: Bellibolt|Charge|[silent]
|
|-damage|p2a: Bellibolt|75/100 tox|[from] psn
|upkeep
|turn|25
|
|t:|1760864368
|switch|p2a: Ceruledge|Ceruledge, M, shiny|100/100
|-damage|p2a: Ceruledge|75/100|[from] Stealth Rock
|move|p1a: Pecharunt|Recover|p1a: Pecharunt
|-heal|p1a: Pecharunt|84/100
|
|upkeep
|turn|26
|
|t:|1760864374
|-terastallize|p1a: Pecharunt|Fairy
|move|p1a: Pecharunt|Shadow Ball|p2a: Ceruledge
|-supereffective|p2a: Ceruledge
|-crit|p2a: Ceruledge
|-damage|p2a: Ceruledge|0 fnt
|faint|p2a: Ceruledge
|
|upkeep
|
|t:|1760864389
|switch|p2a: Trevenant|Trevenant, M, shiny|100/100
|-damage|p2a: Trevenant|88/100|[from] Stealth Rock
|turn|27
|
|t:|1760864397
|move|p1a: Pecharunt|Malignant Chain|p2a: Trevenant
|-damage|p2a: Trevenant|49/100
|-enditem|p2a: Trevenant|Sitrus Berry|[eat]
|-heal|p2a: Trevenant|73/100|[from] item: Sitrus Berry
|move|p2a: Trevenant|Leech Seed|p1a: Pecharunt
|-start|p1a: Pecharunt|move: Leech Seed
|
|-damage|p1a: Pecharunt|72/100|[from] Leech Seed|[of] p2a: Trevenant
|-heal|p2a: Trevenant|89/100|[silent]
|-item|p2a: Trevenant|Sitrus Berry|[from] ability: Harvest
|upkeep
|turn|28
|
|t:|1760864411
|move|p1a: Pecharunt|Parting Shot|p2a: Trevenant
|-unboost|p2a: Trevenant|atk|1
|-unboost|p2a: Trevenant|spa|1
|
|t:|1760864416
|switch|p1a: Kingambit|Kingambit, F|70/100|[from] Parting Shot
|-activate|p1a: Kingambit|ability: Supreme Overlord
|-start|p1a: Kingambit|fallen1|[silent]
|move|p2a: Trevenant|Horn Leech|p1a: Kingambit
|-resisted|p1a: Kingambit
|-damage|p1a: Kingambit|58/100
|-heal|p2a: Trevenant|95/100|[from] drain|[of] p1a: Kingambit
|
|-heal|p1a: Kingambit|64/100|[from] item: Leftovers
|upkeep
|turn|29
|
|t:|1760864423
|move|p1a: Kingambit|Swords Dance|p1a: Kingambit
|-boost|p1a: Kingambit|atk|2
|move|p2a: Trevenant|Curse|p1a: Kingambit
|-start|p1a: Kingambit|Curse|[of] p2a: Trevenant
|-damage|p2a: Trevenant|45/100
|-enditem|p2a: Trevenant|Sitrus Berry|[eat]
|-heal|p2a: Trevenant|70/100|[from] item: Sitrus Berry
|
|-heal|p1a: Kingambit|71/100|[from] item: Leftovers
|-damage|p1a: Kingambit|46/100|[from] Curse
|-item|p2a: Trevenant|Sitrus Berry|[from] ability: Harvest
|upkeep
|turn|30
|
|t:|1760864438
|switch|p2a: Avalugg|Avalugg-Hisui, M, tera:Fighting|73/100
|-damage|p2a: Avalugg|67/100|[from] Stealth Rock
|move|p1a: Kingambit|Kowtow Cleave|p2a: Avalugg
|-resisted|p2a: Avalugg
|-damage|p2a: Avalugg|47/100
|
|-heal|p1a: Kingambit|52/100|[from] item: Leftovers
|-heal|p2a: Avalugg|53/100|[from] item: Leftovers
|-damage|p1a: Kingambit|27/100|[from] Curse
|upkeep
|turn|31
|
|t:|1760864447
|-end|p1a: Kingambit|fallen1|[silent]
|switch|p1a: Hatterene|Hatterene, F|39/100
|move|p2a: Avalugg|Recover|p2a: Avalugg
|-heal|p2a: Avalugg|100/100
|
|upkeep
|turn|32
|
|t:|1760864455
|move|p2a: Avalugg|Iron Defense|p2a: Avalugg
|-boost|p2a: Avalugg|def|2
|move|p1a: Hatterene|Draining Kiss|p2a: Avalugg
|-supereffective|p2a: Avalugg
|-damage|p2a: Avalugg|9/100
|-heal|p1a: Hatterene|100/100|[from] drain|[of] p2a: Avalugg
|
|-heal|p2a: Avalugg|15/100|[from] item: Leftovers
|upkeep
|turn|33
|
|t:|1760864461
|move|p2a: Avalugg|Body Press|p1a: Hatterene
|-resisted|p1a: Hatterene
|-damage|p1a: Hatterene|68/100
|move|p1a: Hatterene|Draining Kiss|p2a: Avalugg
|-supereffective|p2a: Avalugg
|-damage|p2a: Avalugg|0 fnt
|-heal|p1a: Hatterene|82/100|[from] drain|[of] p2a: Avalugg
|faint|p2a: Avalugg
|
|upkeep
|
|t:|1760864465
|switch|p2a: Slither Wing|Slither Wing|100/100
|-damage|p2a: Slither Wing|88/100|[from] Stealth Rock
|-enditem|p2a: Slither Wing|Booster Energy
|-activate|p2a: Slither Wing|ability: Protosynthesis|[fromitem]
|-start|p2a: Slither Wing|protosynthesisspe
|turn|34
|inactive|GrxmIsTaken has 120 seconds left.
|
|t:|1760864508
|move|p2a: Slither Wing|Leech Life|p1a: Hatterene
|-damage|p1a: Hatterene|44/100
|-heal|p2a: Slither Wing|100/100|[from] drain|[of] p1a: Hatterene
|move|p1a: Hatterene|Draining Kiss|p2a: Slither Wing
|-supereffective|p2a: Slither Wing
|-damage|p2a: Slither Wing|43/100
|-heal|p1a: Hatterene|87/100|[from] drain|[of] p2a: Slither Wing
|
|upkeep
|turn|35
|
|t:|1760864528
|move|p2a: Slither Wing|Leech Life|p1a: Hatterene
|-damage|p1a: Hatterene|50/100
|-heal|p2a: Slither Wing|62/100|[from] drain|[of] p1a: Hatterene
|move|p1a: Hatterene|Draining Kiss|p2a: Slither Wing
|-supereffective|p2a: Slither Wing
|-damage|p2a: Slither Wing|9/100
|-heal|p1a: Hatterene|88/100|[from] drain|[of] p2a: Slither Wing
|
|upkeep
|turn|36
|inactive|GrxmIsTaken has 120 seconds left.
|
|t:|1760864533
|move|p2a: Slither Wing|Leech Life|p1a: Hatterene
|-damage|p1a: Hatterene|50/100
|-heal|p2a: Slither Wing|28/100|[from] drain|[of] p1a: Hatterene
|move|p1a: Hatterene|Draining Kiss|p2a: Slither Wing
|-supereffective|p2a: Slither Wing
|-damage|p2a: Slither Wing|0 fnt
|-heal|p1a: Hatterene|71/100|[from] drain|[of] p2a: Slither Wing
|faint|p2a: Slither Wing
|-end|p2a: Slither Wing|Protosynthesis|[silent]
|
|upkeep
|
|t:|1760864543
|switch|p2a: Hatterene|Hatterene, F, shiny|100/100
|-damage|p2a: Hatterene|88/100|[from] Stealth Rock
|turn|37
|
|t:|1760864551
|move|p1a: Hatterene|Nuzzle|p2a: Hatterene
|-damage|p2a: Hatterene|83/100
|-status|p2a: Hatterene|par
|move|p2a: Hatterene|Draining Kiss|p1a: Hatterene
|-crit|p1a: Hatterene
|-damage|p1a: Hatterene|44/100
|-heal|p2a: Hatterene|100/100 par|[from] drain|[of] p1a: Hatterene
|
|upkeep
|turn|38
|
|t:|1760864559
|move|p1a: Hatterene|Psychic Noise|p2a: Hatterene
|-resisted|p2a: Hatterene
|-damage|p2a: Hatterene|88/100 par
|-start|p2a: Hatterene|move: Heal Block
|cant|p2a: Hatterene|move: Heal Block|Draining Kiss
|
|upkeep
|turn|39
|
|t:|1760864582
|move|p1a: Hatterene|Draining Kiss|p2a: Hatterene
|-damage|p2a: Hatterene|71/100 par
|-heal|p1a: Hatterene|54/100|[from] drain|[of] p2a: Hatterene
|move|p2a: Hatterene|Psyshock|p1a: Hatterene
|-resisted|p1a: Hatterene
|-damage|p1a: Hatterene|31/100
|
|-end|p2a: Hatterene|move: Heal Block
|upkeep
|turn|40
|
|t:|1760864596
|switch|p1a: Pecharunt|Pecharunt, tera:Fairy|72/100
|move|p2a: Hatterene|Future Sight|p1a: Pecharunt
|-start|p2a: Hatterene|move: Future Sight
|
|upkeep
|turn|41
|
|t:|1760864603
|move|p1a: Pecharunt|Malignant Chain|p2a: Hatterene
|-supereffective|p2a: Hatterene
|-damage|p2a: Hatterene|34/100 par
|cant|p2a: Hatterene|par
|
|upkeep
|turn|42
|
|t:|1760864609
|switch|p1a: Kingambit|Kingambit, F|27/100
|-activate|p1a: Kingambit|ability: Supreme Overlord
|-start|p1a: Kingambit|fallen1|[silent]
|move|p2a: Hatterene|Psyshock|p1a: Kingambit
|-immune|p1a: Kingambit
|
|-end|p1a: Kingambit|move: Future Sight
|-immune|p1a: Kingambit
|-heal|p1a: Kingambit|33/100|[from] item: Leftovers
|upkeep
|turn|43
|
|t:|1760864625
|move|p1a: Kingambit|Kowtow Cleave|p2a: Hatterene
|-damage|p2a: Hatterene|0 fnt
|faint|p2a: Hatterene
|
|-heal|p1a: Kingambit|39/100|[from] item: Leftovers
|upkeep
|-message|lyeskoriche forfeited.
|
|win|GrxmIsTaken
|raw|GrxmIsTaken's rating: 1291 &rarr; <strong>1314</strong><br />(+23 for winning)
|raw|lyeskoriche's rating: 1269 &rarr; <strong>1246</strong><br />(-23 for losing)
|l|☆lyeskoriche
|player|p2|
|l|☆GrxmIsTaken
|player|p1|
