|j|☆tastytoiletwater
|j|☆pgoodman120
|t:|1760811982
|gametype|singles
|player|p1|tastytoiletwater|265|
|player|p2|pgoodman120|265|
|gen|9
|tier|[Gen 9] OU
|rule|HP Percentage Mod: HP is shown in percentages
|rule|Endless Battle Clause: Forcing endless battles is banned
|rule|Species Clause: Limit one of each Pokémon
|rule|OHKO Clause: OHKO moves are banned
|rule|Evasion Items Clause: Evasion items are banned
|rule|Evasion Moves Clause: Evasion moves are banned
|rule|Evasion Abilities Clause: Evasion abilities are banned
|rule|Sleep Moves Clause: Sleep-inducing moves are banned
|clearpoke
|poke|p1|Golurk|
|poke|p1|Entei|
|poke|p1|Klefki, F|
|poke|p1|Porygon2|
|poke|p1|Wo-Chien|
|poke|p1|Noivern, M|
|poke|p2|Ninetales-Alola, M|
|poke|p2|Chandelure, F|
|poke|p2|Cetitan, M|
|poke|p2|Tauros-Paldea-Aqua, M|
|poke|p2|Grimmsnarl, M|
|poke|p2|Appletun, M|
|teampreview
|
|t:|1760811995
|teamsize|p1|6
|teamsize|p2|6
|start
|switch|p1a: Furio Tigre|Entei|100/100
|switch|p2a: big justice|Ninetales-Alola, M, shiny|100/100
|-weather|Snowscape|[from] ability: Snow Warning|[of] p2a: big justice
|turn|1
|
|t:|1760812028
|-terastallize|p2a: big justice|Ground
|move|p2a: big justice|Nasty Plot|p2a: big justice
|-boost|p2a: big justice|spa|2
|move|p1a: Furio Tigre|Iron Head|p2a: big justice
|-damage|p2a: big justice|56/100
|
|-weather|Snowscape|[upkeep]
|upkeep
|turn|2
|
|t:|1760812088
|-terastallize|p1a: Furio Tigre|Normal
|move|p1a: Furio Tigre|Extreme Speed|p2a: big justice
|-damage|p2a: big justice|0 fnt
|faint|p2a: big justice
|
|-weather|Snowscape|[upkeep]
|upkeep
|
|t:|1760812114
|switch|p2a: big booty judy|Appletun, M, shiny|100/100
|turn|3
|
|t:|1760812129
|switch|p1a: Barok van Zieks|Noivern, M|100/100
|switch|p2a: the boom|Tauros-Paldea-Aqua, M, shiny|100/100
|-ability|p2a: the boom|Intimidate|boost
|-unboost|p1a: Barok van Zieks|atk|1
|
|-weather|Snowscape|[upkeep]
|upkeep
|turn|4
|
|t:|1760812141
|move|p1a: Barok van Zieks|Hurricane|p2a: the boom
|-supereffective|p2a: the boom
|-damage|p2a: the boom|0 fnt
|faint|p2a: the boom
|
|-weather|Snowscape|[upkeep]
|upkeep
|
|t:|1760812149
|switch|p2a: big aj|Cetitan, M, shiny|100/100
|turn|5
|
|t:|1760812178
|switch|p1a: Kay Faraday|Klefki, F|100/100
|move|p2a: big aj|Ice Spinner|p1a: Kay Faraday
|-resisted|p1a: Kay Faraday
|-damage|p1a: Kay Faraday|78/100
|-damage|p2a: big aj|91/100|[from] item: Life Orb
|
|-weather|Snowscape|[upkeep]
|-heal|p1a: Kay Faraday|84/100|[from] item: Leftovers
|upkeep
|turn|6
|
|t:|1760812189
|move|p2a: big aj|Earthquake|p1a: Kay Faraday
|-supereffective|p1a: Kay Faraday
|-damage|p1a: Kay Faraday|11/100
|-damage|p2a: big aj|81/100|[from] item: Life Orb
|move|p1a: Kay Faraday|Flash Cannon|p2a: big aj
|-supereffective|p2a: big aj
|-damage|p2a: big aj|24/100
|
|-weather|Snowscape|[upkeep]
|-heal|p1a: Kay Faraday|17/100|[from] item: Leftovers
|upkeep
|turn|7
|
|t:|1760812208
|move|p1a: Kay Faraday|Thunder Wave|p2a: big aj
|-status|p2a: big aj|par
|move|p2a: big aj|Heavy Slam|p1a: Kay Faraday
|-damage|p1a: Kay Faraday|0 fnt
|faint|p1a: Kay Faraday
|-damage|p2a: big aj|14/100 par|[from] item: Life Orb
|
|-weather|Snowscape|[upkeep]
|upkeep
|
|t:|1760812218
|switch|p1a: Furio Tigre|Entei, tera:Normal|100/100
|turn|8
|
|t:|1760812240
|move|p1a: Furio Tigre|Extreme Speed|p2a: big aj
|-damage|p2a: big aj|0 fnt
|faint|p2a: big aj
|
|-weather|none
|upkeep
|
|t:|1760812246
|switch|p2a: big booty judy|Appletun, M, shiny|100/100
|turn|9
|
|t:|1760812266
|switch|p1a: Barok van Zieks|Noivern, M|100/100
|move|p2a: big booty judy|Body Press|p1a: Barok van Zieks
|-resisted|p1a: Barok van Zieks
|-damage|p1a: Barok van Zieks|86/100
|
|upkeep
|turn|10
|
|t:|1760812274
|switch|p2a: etienne|Grimmsnarl, M, shiny|100/100
|move|p1a: Barok van Zieks|Hurricane|p2a: etienne|[miss]
|-miss|p1a: Barok van Zieks|p2a: etienne
|
|upkeep
|turn|11
|
|t:|1760812286
|switch|p1a: Damon Gant|Golurk|100/100
|move|p2a: etienne|Play Rough|p1a: Damon Gant
|-damage|p1a: Damon Gant|14/100
|-unboost|p1a: Damon Gant|atk|1
|-damage|p2a: etienne|91/100|[from] item: Life Orb
|
|upkeep
|turn|12
|
|t:|1760812299
|move|p2a: etienne|Stomping Tantrum|p1a: Damon Gant
|-damage|p1a: Damon Gant|0 fnt
|faint|p1a: Damon Gant
|-damage|p2a: etienne|81/100|[from] item: Life Orb
|
|upkeep
|
|t:|1760812337
|switch|p1a: Furio Tigre|Entei, tera:Normal|100/100
|turn|13
|
|t:|1760812345
|switch|p2a: big booty judy|Appletun, M, shiny|100/100
|move|p1a: Furio Tigre|Iron Head|p2a: big booty judy
|-damage|p2a: big booty judy|80/100
|
|-heal|p2a: big booty judy|86/100|[from] item: Leftovers
|upkeep
|turn|14
|
|t:|1760812354
|move|p1a: Furio Tigre|Sacred Fire|p2a: big booty judy
|-damage|p2a: big booty judy|70/100
|-status|p2a: big booty judy|brn
|move|p2a: big booty judy|Body Press|p1a: Furio Tigre
|-supereffective|p1a: Furio Tigre
|-damage|p1a: Furio Tigre|76/100
|
|-heal|p2a: big booty judy|76/100 brn|[from] item: Leftovers
|-damage|p2a: big booty judy|70/100 brn|[from] brn
|upkeep
|turn|15
|
|t:|1760812370
|switch|p1a: Barok van Zieks|Noivern, M|86/100
|move|p2a: big booty judy|Body Press|p1a: Barok van Zieks
|-resisted|p1a: Barok van Zieks
|-damage|p1a: Barok van Zieks|78/100
|
|-heal|p2a: big booty judy|76/100 brn|[from] item: Leftovers
|-damage|p2a: big booty judy|70/100 brn|[from] brn
|upkeep
|turn|16
|
|t:|1760812386
|switch|p2a: etienne|Grimmsnarl, M, shiny|81/100
|move|p1a: Barok van Zieks|Hurricane|p2a: etienne
|-damage|p2a: etienne|0 fnt
|faint|p2a: etienne
|
|upkeep
|
|t:|1760812392
|switch|p2a: chandelussy|Chandelure, F, shiny|100/100
|turn|17
|
|t:|1760812401
|switch|p1a: Athena Cykes|Porygon2|100/100
|move|p2a: chandelussy|Shadow Ball|p1a: Athena Cykes
|-immune|p1a: Athena Cykes
|
|upkeep
|turn|18
|-message|pgoodman120 forfeited.
|
|win|tastytoiletwater
|l|☆pgoodman120
|player|p2|
