|j|☆Aimen92
|j|☆weenux
|t:|1760761016
|gametype|singles
|player|p1|Aimen92|2|1566
|player|p2|weenux|steven|1605
|gen|9
|tier|[Gen 9] OU
|rated|
|rule|HP Percentage Mod: HP is shown in percentages
|rule|Endless Battle Clause: Forcing endless battles is banned
|rule|Species Clause: Limit one of each Pokémon
|rule|OHKO Clause: OHKO moves are banned
|rule|Evasion Items Clause: Evasion items are banned
|rule|Evasion Moves Clause: Evasion moves are banned
|rule|Evasion Abilities Clause: Evasion abilities are banned
|rule|Sleep Moves Clause: Sleep-inducing moves are banned
|clearpoke
|poke|p1|Araquanid, F|
|poke|p1|Ceruledge, M|
|poke|p1|Dragonite, M|
|poke|p1|Great Tusk|
|poke|p1|Kingambit, F|
|poke|p1|Zamazenta-*|
|poke|p2|Zamazenta-*|
|poke|p2|Ninetales-Alola, M|
|poke|p2|Darkrai|
|poke|p2|Ceruledge, F|
|poke|p2|Gliscor, F|
|poke|p2|Hatterene, F|
|teampreview
|inactive|Battle timer is ON: inactive players will automatically lose when time's up. (requested by weenux)
|inactive|Aimen92 also wants the timer to be on.
|
|t:|1760761027
|teamsize|p1|6
|teamsize|p2|6
|start
|switch|p1a: Araquanid|Araquanid, F, shiny|100/100
|switch|p2a: Ninetales|Ninetales-Alola, M|100/100
|-weather|Snowscape|[from] ability: Snow Warning|[of] p2a: Ninetales
|turn|1
|
|t:|1760761042
|switch|p2a: Hatterene|Hatterene, F|100/100
|move|p1a: Araquanid|Sticky Web|p2a: Hatterene
|move|p2a: Hatterene|Sticky Web|p1a: Araquanid|[from] ability: Magic Bounce
|-sidestart|p1: Aimen92|move: Sticky Web
|
|-weather|Snowscape|[upkeep]
|upkeep
|turn|2
|
|t:|1760761049
|move|p1a: Araquanid|Surf|p2a: Hatterene
|-damage|p2a: Hatterene|48/100
|move|p2a: Hatterene|Calm Mind|p2a: Hatterene
|-boost|p2a: Hatterene|spa|1
|-boost|p2a: Hatterene|spd|1
|
|-weather|Snowscape|[upkeep]
|-heal|p2a: Hatterene|53/100|[from] item: Leftovers
|upkeep
|turn|3
|
|t:|1760761054
|move|p1a: Araquanid|Surf|p2a: Hatterene
|-damage|p2a: Hatterene|14/100
|move|p2a: Hatterene|Draining Kiss|p1a: Araquanid
|-damage|p1a: Araquanid|72/100
|-heal|p2a: Hatterene|37/100|[from] drain|[of] p1a: Araquanid
|
|-weather|Snowscape|[upkeep]
|-heal|p2a: Hatterene|43/100|[from] item: Leftovers
|upkeep
|turn|4
|
|t:|1760761061
|move|p1a: Araquanid|Surf|p2a: Hatterene
|-damage|p2a: Hatterene|7/100
|move|p2a: Hatterene|Draining Kiss|p1a: Araquanid
|-damage|p1a: Araquanid|46/100
|-heal|p2a: Hatterene|28/100|[from] drain|[of] p1a: Araquanid
|
|-weather|Snowscape|[upkeep]
|-heal|p2a: Hatterene|34/100|[from] item: Leftovers
|upkeep
|turn|5
|
|t:|1760761069
|move|p1a: Araquanid|Surf|p2a: Hatterene
|-damage|p2a: Hatterene|0 fnt
|faint|p2a: Hatterene
|
|-weather|none
|upkeep
|
|t:|1760761071
|switch|p2a: Ceruledge|Ceruledge, F|100/100
|turn|6
|
|t:|1760761079
|move|p2a: Ceruledge|Poltergeist|p1a: Araquanid
|-activate|p1a: Araquanid|move: Poltergeist|Focus Sash
|-crit|p1a: Araquanid
|-damage|p1a: Araquanid|0 fnt
|faint|p1a: Araquanid
|-damage|p2a: Ceruledge|91/100|[from] item: Life Orb
|
|upkeep
|
|t:|1760761094
|switch|p1a: Ceruledge|Ceruledge, M|100/100
|-activate|p1a: Ceruledge|move: Sticky Web
|-unboost|p1a: Ceruledge|spe|1
|turn|7
|
|t:|1760761101
|switch|p2a: Darkrai|Darkrai|100/100
|move|p1a: Ceruledge|Swords Dance|p1a: Ceruledge
|-boost|p1a: Ceruledge|atk|2
|
|upkeep
|turn|8
|
|t:|1760761107
|move|p2a: Darkrai|Dark Pulse|p1a: Ceruledge
|-supereffective|p1a: Ceruledge
|-enditem|p1a: Ceruledge|Focus Sash
|-damage|p1a: Ceruledge|1/100
|move|p1a: Ceruledge|Bitter Blade|p2a: Darkrai
|-damage|p2a: Darkrai|0 fnt
|-heal|p1a: Ceruledge|49/100|[from] drain|[of] p2a: Darkrai
|faint|p2a: Darkrai
|
|upkeep
|
|t:|1760761110
|switch|p2a: Ceruledge|Ceruledge, F|91/100
|turn|9
|inactive|Aimen92 has 120 seconds left.
|
|t:|1760761142
|move|p2a: Ceruledge|Shadow Sneak|p1a: Ceruledge
|-supereffective|p1a: Ceruledge
|-damage|p1a: Ceruledge|0 fnt
|faint|p1a: Ceruledge
|-damage|p2a: Ceruledge|81/100|[from] item: Life Orb
|
|upkeep
|inactive|Aimen92 has 120 seconds left.
|
|t:|1760761151
|switch|p1a: Dragonite|Dragonite, M|100/100
|turn|10
|
|t:|1760761154
|move|p2a: Ceruledge|Poltergeist|p1a: Dragonite|[miss]
|-miss|p2a: Ceruledge|p1a: Dragonite
|move|p1a: Dragonite|Dragon Dance|p1a: Dragonite
|-boost|p1a: Dragonite|atk|1
|-boost|p1a: Dragonite|spe|1
|
|upkeep
|turn|11
|
|t:|1760761160
|move|p2a: Ceruledge|Shadow Sneak|p1a: Dragonite
|-damage|p1a: Dragonite|85/100
|-damage|p2a: Ceruledge|71/100|[from] item: Life Orb
|move|p1a: Dragonite|Dragon Dance|p1a: Dragonite
|-boost|p1a: Dragonite|atk|1
|-boost|p1a: Dragonite|spe|1
|
|upkeep
|turn|12
|
|t:|1760761166
|move|p2a: Ceruledge|Shadow Sneak|p1a: Dragonite
|-damage|p1a: Dragonite|55/100
|-damage|p2a: Ceruledge|61/100|[from] item: Life Orb
|move|p1a: Dragonite|Scale Shot|p2a: Ceruledge
|-damage|p2a: Ceruledge|20/100
|-ability|p2a: Ceruledge|Weak Armor|boost
|-unboost|p2a: Ceruledge|def|1
|-boost|p2a: Ceruledge|spe|2
|-damage|p2a: Ceruledge|0 fnt
|faint|p2a: Ceruledge
|-hitcount|p2: Ceruledge|2
|-unboost|p1a: Dragonite|def|1
|-boost|p1a: Dragonite|spe|1
|
|upkeep
|
|t:|1760761169
|switch|p2a: Zamazenta|Zamazenta|100/100
|-ability|p2a: Zamazenta|Dauntless Shield|boost
|-boost|p2a: Zamazenta|def|1
|turn|13
|
|t:|1760761184
|move|p1a: Dragonite|Scale Shot|p2a: Zamazenta
|-damage|p2a: Zamazenta|83/100
|-damage|p2a: Zamazenta|68/100
|-damage|p2a: Zamazenta|53/100
|-damage|p2a: Zamazenta|38/100
|-damage|p2a: Zamazenta|23/100
|-hitcount|p2a: Zamazenta|5
|-unboost|p1a: Dragonite|def|1
|-boost|p1a: Dragonite|spe|1
|move|p2a: Zamazenta|Body Press|p1a: Dragonite
|-resisted|p1a: Dragonite
|-damage|p1a: Dragonite|0 fnt
|faint|p1a: Dragonite
|
|upkeep
|
|t:|1760761204
|switch|p1a: Great Tusk|Great Tusk|100/100
|-activate|p1a: Great Tusk|move: Sticky Web
|-unboost|p1a: Great Tusk|spe|1
|-enditem|p1a: Great Tusk|Booster Energy
|-activate|p1a: Great Tusk|ability: Protosynthesis|[fromitem]
|-start|p1a: Great Tusk|protosynthesisatk
|turn|14
|
|t:|1760761206
|move|p2a: Zamazenta|Rest|p2a: Zamazenta
|-status|p2a: Zamazenta|slp|[from] move: Rest
|-heal|p2a: Zamazenta|100/100 slp|[silent]
|-enditem|p2a: Zamazenta|Chesto Berry|[eat]
|-curestatus|p2a: Zamazenta|slp|[msg]
|move|p1a: Great Tusk|Rapid Spin|p2a: Zamazenta
|-damage|p2a: Zamazenta|88/100
|-boost|p1a: Great Tusk|spe|1
|-sideend|p1: Aimen92|Sticky Web|[from] move: Rapid Spin|[of] p1a: Great Tusk
|
|upkeep
|turn|15
|
|t:|1760761214
|move|p2a: Zamazenta|Iron Defense|p2a: Zamazenta
|-boost|p2a: Zamazenta|def|2
|move|p1a: Great Tusk|Close Combat|p2a: Zamazenta
|-damage|p2a: Zamazenta|59/100
|-unboost|p1a: Great Tusk|def|1
|-unboost|p1a: Great Tusk|spd|1
|
|upkeep
|turn|16
|
|t:|1760761218
|move|p2a: Zamazenta|Iron Defense|p2a: Zamazenta
|-boost|p2a: Zamazenta|def|2
|move|p1a: Great Tusk|Close Combat|p2a: Zamazenta
|-damage|p2a: Zamazenta|41/100
|-unboost|p1a: Great Tusk|def|1
|-unboost|p1a: Great Tusk|spd|1
|
|upkeep
|turn|17
|
|t:|1760761226
|move|p2a: Zamazenta|Body Press|p1a: Great Tusk
|-damage|p1a: Great Tusk|0 fnt
|faint|p1a: Great Tusk
|-end|p1a: Great Tusk|Protosynthesis|[silent]
|
|upkeep
|
|t:|1760761229
|switch|p1a: Kingambit|Kingambit, F|100/100
|-activate|p1a: Kingambit|ability: Supreme Overlord
|-start|p1a: Kingambit|fallen4|[silent]
|-item|p1a: Kingambit|Air Balloon
|turn|18
|
|t:|1760761235
|-terastallize|p1a: Kingambit|Flying
|move|p2a: Zamazenta|Body Press|p1a: Kingambit
|-resisted|p1a: Kingambit
|-damage|p1a: Kingambit|52/100
|-enditem|p1a: Kingambit|Air Balloon
|move|p1a: Kingambit|Tera Blast|p2a: Zamazenta|[anim] Tera Blast Flying
|-supereffective|p2a: Zamazenta
|-damage|p2a: Zamazenta|9/100
|
|upkeep
|turn|19
|
|t:|1760761246
|move|p2a: Zamazenta|Body Press|p1a: Kingambit
|-resisted|p1a: Kingambit
|-damage|p1a: Kingambit|9/100
|move|p1a: Kingambit|Swords Dance|p1a: Kingambit
|-boost|p1a: Kingambit|atk|2
|
|upkeep
|turn|20
|
|t:|1760761252
|switch|p2a: Ninetales|Ninetales-Alola, M|100/100
|-weather|Snowscape|[from] ability: Snow Warning|[of] p2a: Ninetales
|move|p1a: Kingambit|Sucker Punch||[still]
|-fail|p1a: Kingambit
|
|-weather|Snowscape|[upkeep]
|upkeep
|turn|21
|
|t:|1760761255
|move|p2a: Ninetales|Encore|p1a: Kingambit
|-start|p1a: Kingambit|Encore
|move|p1a: Kingambit|Sucker Punch||[still]
|-fail|p1a: Kingambit
|
|-weather|Snowscape|[upkeep]
|upkeep
|turn|22
|
|t:|1760761258
|move|p1a: Kingambit|Sucker Punch||[still]
|-fail|p1a: Kingambit
|move|p2a: Ninetales|Aurora Veil|p2a: Ninetales
|-sidestart|p2: weenux|move: Aurora Veil
|
|-weather|Snowscape|[upkeep]
|upkeep
|turn|23
|
|t:|1760761262
|switch|p2a: Zamazenta|Zamazenta|9/100
|move|p1a: Kingambit|Sucker Punch||[still]
|-fail|p1a: Kingambit
|
|-weather|Snowscape|[upkeep]
|-end|p1a: Kingambit|Encore
|upkeep
|turn|24
|
|t:|1760761270
|switch|p2a: Ninetales|Ninetales-Alola, M|100/100
|move|p1a: Kingambit|Tera Blast|p2a: Ninetales|[anim] Tera Blast Flying
|-damage|p2a: Ninetales|44/100
|
|-weather|none
|upkeep
|turn|25
|
|t:|1760761278
|move|p2a: Ninetales|Freeze-Dry|p1a: Kingambit
|-supereffective|p1a: Kingambit
|-damage|p1a: Kingambit|0 fnt
|faint|p1a: Kingambit
|-end|p1a: Kingambit|fallen4|[silent]
|
|upkeep
|
|t:|1760761282
|switch|p1a: Zamazenta|Zamazenta|100/100
|-ability|p1a: Zamazenta|Dauntless Shield|boost
|-boost|p1a: Zamazenta|def|1
|turn|26
|
|t:|1760761287
|move|p1a: Zamazenta|Iron Defense|p1a: Zamazenta
|-boost|p1a: Zamazenta|def|2
|move|p2a: Ninetales|Encore|p1a: Zamazenta
|-start|p1a: Zamazenta|Encore
|
|upkeep
|turn|27
|
|t:|1760761291
|move|p1a: Zamazenta|Iron Defense|p1a: Zamazenta
|-boost|p1a: Zamazenta|def|2
|move|p2a: Ninetales|Freeze-Dry|p1a: Zamazenta
|-damage|p1a: Zamazenta|86/100
|
|upkeep
|turn|28
|
|t:|1760761293
|move|p1a: Zamazenta|Iron Defense|p1a: Zamazenta
|-boost|p1a: Zamazenta|def|1
|move|p2a: Ninetales|Freeze-Dry|p1a: Zamazenta
|-damage|p1a: Zamazenta|70/100
|
|upkeep
|turn|29
|
|t:|1760761298
|move|p1a: Zamazenta|Iron Defense|p1a: Zamazenta
|-boost|p1a: Zamazenta|def|0
|move|p2a: Ninetales|Freeze-Dry|p1a: Zamazenta
|-damage|p1a: Zamazenta|55/100
|-status|p1a: Zamazenta|frz
|
|-end|p1a: Zamazenta|Encore
|-sideend|p2: weenux|move: Aurora Veil
|upkeep
|turn|30
|
|t:|1760761301
|cant|p1a: Zamazenta|frz
|move|p2a: Ninetales|Freeze-Dry|p1a: Zamazenta
|-damage|p1a: Zamazenta|37/100 frz
|
|upkeep
|turn|31
|
|t:|1760761308
|cant|p1a: Zamazenta|frz
|move|p2a: Ninetales|Encore|p1a: Zamazenta
|-start|p1a: Zamazenta|Encore
|
|upkeep
|turn|32
|
|t:|1760761312
|cant|p1a: Zamazenta|frz
|move|p2a: Ninetales|Freeze-Dry|p1a: Zamazenta
|-damage|p1a: Zamazenta|20/100 frz
|
|upkeep
|turn|33
|
|t:|1760761314
|-curestatus|p1a: Zamazenta|frz|[msg]
|move|p1a: Zamazenta|Iron Defense|p1a: Zamazenta
|-boost|p1a: Zamazenta|def|0
|move|p2a: Ninetales|Freeze-Dry|p1a: Zamazenta
|-damage|p1a: Zamazenta|4/100
|-status|p1a: Zamazenta|frz
|
|upkeep
|turn|34
|
|t:|1760761318
|cant|p1a: Zamazenta|frz
|move|p2a: Ninetales|Freeze-Dry|p1a: Zamazenta
|-damage|p1a: Zamazenta|0 fnt
|faint|p1a: Zamazenta
|
|win|weenux
|raw|Aimen92's rating: 1566 &rarr; <strong>1548</strong><br />(-18 for losing)
|raw|weenux's rating: 1605 &rarr; <strong>1623</strong><br />(+18 for winning)
|c|☆weenux|gg
|l|☆Aimen92
|player|p1|
|l|☆weenux
|player|p2|
