|j|☆yungestyeet
|j|☆gay_sadness69
|t:|1760825333
|gametype|singles
|player|p1|yungestyeet|1|1116
|player|p2|gay_sadness69|101|1105
|gen|9
|tier|[Gen 9] OU
|rated|
|rule|HP Percentage Mod: HP is shown in percentages
|rule|Endless Battle Clause: Forcing endless battles is banned
|rule|Species Clause: Limit one of each Pokémon
|rule|OHKO Clause: OHKO moves are banned
|rule|Evasion Items Clause: Evasion items are banned
|rule|Evasion Moves Clause: Evasion moves are banned
|rule|Evasion Abilities Clause: Evasion abilities are banned
|rule|Sleep Moves Clause: Sleep-inducing moves are banned
|clearpoke
|poke|p1|Gligar, F|
|poke|p1|Latios, M|
|poke|p1|Conkeldurr, F|
|poke|p1|Hydrapple, M|
|poke|p1|Seviper, F|
|poke|p1|Cryogonal|
|poke|p2|Garganacl, M|
|poke|p2|Cinderace, M|
|poke|p2|Great Tusk|
|poke|p2|Iron Valiant|
|poke|p2|Samurott-Hisui, M|
|poke|p2|Slowking-Galar, M|
|teampreview
|inactive|Battle timer is ON: inactive players will automatically lose when time's up. (requested by gay_sadness69)
|
|t:|1760825342
|teamsize|p1|6
|teamsize|p2|6
|start
|switch|p1a: Gligar|Gligar, F, shiny|100/100
|switch|p2a: Samurott|Samurott-Hisui, M|100/100
|turn|1
|
|t:|1760825348
|move|p2a: Samurott|Razor Shell|p1a: Gligar
|-supereffective|p1a: Gligar
|-damage|p1a: Gligar|36/100
|-unboost|p1a: Gligar|def|1
|move|p1a: Gligar|Stealth Rock|p2a: Samurott
|-sidestart|p2: gay_sadness69|move: Stealth Rock
|
|upkeep
|turn|2
|
|t:|1760825355
|move|p2a: Samurott|Razor Shell|p1a: Gligar
|-supereffective|p1a: Gligar
|-damage|p1a: Gligar|0 fnt
|faint|p1a: Gligar
|
|upkeep
|
|t:|1760825380
|switch|p1a: Conkeldurr|Conkeldurr, F|100/100
|turn|3
|
|t:|1760825387
|switch|p2a: Iron Valiant|Iron Valiant|100/100
|-damage|p2a: Iron Valiant|94/100|[from] Stealth Rock
|-enditem|p2a: Iron Valiant|Booster Energy
|-activate|p2a: Iron Valiant|ability: Quark Drive|[fromitem]
|-start|p2a: Iron Valiant|quarkdrivespe
|move|p1a: Conkeldurr|Dynamic Punch|p2a: Iron Valiant
|-resisted|p2a: Iron Valiant
|-damage|p2a: Iron Valiant|50/100
|-start|p2a: Iron Valiant|confusion
|
|upkeep
|turn|4
|
|t:|1760825398
|-activate|p2a: Iron Valiant|confusion
|move|p2a: Iron Valiant|Moonblast|p1a: Conkeldurr
|-supereffective|p1a: Conkeldurr
|-damage|p1a: Conkeldurr|0 fnt
|faint|p1a: Conkeldurr
|
|upkeep
|
|t:|1760825406
|switch|p1a: Seviper|Seviper, F, shiny|100/100
|turn|5
|
|t:|1760825430
|-end|p2a: Iron Valiant|Quark Drive|[silent]
|switch|p2a: Samurott|Samurott-Hisui, M|100/100
|-damage|p2a: Samurott|88/100|[from] Stealth Rock
|move|p1a: Seviper|Coil|p1a: Seviper
|-boost|p1a: Seviper|atk|1
|-boost|p1a: Seviper|def|1
|-boost|p1a: Seviper|accuracy|1
|
|upkeep
|turn|6
|
|t:|1760825445
|move|p2a: Samurott|Razor Shell|p1a: Seviper
|-damage|p1a: Seviper|35/100
|-unboost|p1a: Seviper|def|1
|move|p1a: Seviper|Trailblaze|p2a: Samurott
|-supereffective|p2a: Samurott
|-damage|p2a: Samurott|32/100
|-boost|p1a: Seviper|spe|1
|
|-heal|p1a: Seviper|41/100|[from] item: Leftovers
|upkeep
|turn|7
|
|t:|1760825455
|move|p2a: Samurott|Razor Shell|p1a: Seviper
|-damage|p1a: Seviper|0 fnt
|faint|p1a: Seviper
|
|upkeep
|
|t:|1760825462
|switch|p1a: Hydrapple|Hydrapple, M, shiny|100/100
|turn|8
|
|t:|1760825466
|switch|p2a: Cinderace|Cinderace, M|100/100
|move|p1a: Hydrapple|Leaf Storm|p2a: Cinderace
|-resisted|p2a: Cinderace
|-damage|p2a: Cinderace|50/100
|-unboost|p1a: Hydrapple|spa|2
|-enditem|p1a: Hydrapple|Eject Pack
|
|t:|1760825472
|switch|p1a: Latios|Latios, M, shiny|100/100
|
|upkeep
|turn|9
|
|t:|1760825476
|move|p2a: Cinderace|U-turn|p1a: Latios
|-start|p2a: Cinderace|typechange|Bug|[from] ability: Libero
|-supereffective|p1a: Latios
|-damage|p1a: Latios|15/100
|
|t:|1760825479
|switch|p2a: Samurott|Samurott-Hisui, M|32/100|[from] U-turn
|-damage|p2a: Samurott|20/100|[from] Stealth Rock
|move|p1a: Latios|Dragon Dance|p1a: Latios
|-boost|p1a: Latios|atk|1
|-boost|p1a: Latios|spe|1
|
|upkeep
|turn|10
|
|t:|1760825487
|move|p1a: Latios|Dragon Claw|p2a: Samurott
|-damage|p2a: Samurott|0 fnt
|faint|p2a: Samurott
|
|upkeep
|
|t:|1760825491
|switch|p2a: Garganacl|Garganacl, M|100/100
|-damage|p2a: Garganacl|88/100|[from] Stealth Rock
|turn|11
|
|t:|1760825497
|-terastallize|p2a: Garganacl|Ghost
|move|p1a: Latios|Earthquake|p2a: Garganacl
|-damage|p2a: Garganacl|61/100
|move|p2a: Garganacl|Salt Cure|p1a: Latios
|-damage|p1a: Latios|0 fnt
|faint|p1a: Latios
|
|-heal|p2a: Garganacl|67/100|[from] item: Leftovers
|upkeep
|
|t:|1760825505
|switch|p1a: Hydrapple|Hydrapple, M, shiny|100/100
|turn|12
|
|t:|1760825509
|switch|p2a: Slowking|Slowking-Galar, M|100/100
|-damage|p2a: Slowking|88/100|[from] Stealth Rock
|move|p1a: Hydrapple|Leaf Storm|p2a: Slowking
|-resisted|p2a: Slowking
|-damage|p2a: Slowking|59/100
|-unboost|p1a: Hydrapple|spa|2
|
|-heal|p2a: Slowking|65/100|[from] item: Black Sludge
|upkeep
|turn|13
|
|t:|1760825518
|move|p1a: Hydrapple|Fickle Beam|p2a: Slowking
|-damage|p2a: Slowking|49/100
|move|p2a: Slowking|Future Sight|p1a: Hydrapple
|-start|p2a: Slowking|move: Future Sight
|
|-heal|p2a: Slowking|55/100|[from] item: Black Sludge
|upkeep
|turn|14
|inactive|gay_sadness69 has 120 seconds left.
|
|t:|1760825550
|move|p1a: Hydrapple|Fickle Beam|p2a: Slowking
|-damage|p2a: Slowking|39/100
|move|p2a: Slowking|Sludge Wave|p1a: Hydrapple
|-supereffective|p1a: Hydrapple
|-damage|p1a: Hydrapple|9/100
|
|-heal|p2a: Slowking|45/100|[from] item: Black Sludge
|upkeep
|turn|15
|
|t:|1760825556
|move|p1a: Hydrapple|Fickle Beam|p2a: Slowking
|-damage|p2a: Slowking|27/100
|-prepare|p2a: Slowking|Chilly Reception|[premajor]
|move|p2a: Slowking|Chilly Reception|p2a: Slowking
|-weather|Snowscape
|
|t:|1760825559
|switch|p2a: Garganacl|Garganacl, M, tera:Ghost|67/100|[from] Chilly Reception
|-damage|p2a: Garganacl|55/100|[from] Stealth Rock
|
|-weather|Snowscape|[upkeep]
|-end|p1a: Hydrapple|move: Future Sight
|-damage|p1a: Hydrapple|0 fnt
|faint|p1a: Hydrapple
|-heal|p2a: Garganacl|61/100|[from] item: Leftovers
|upkeep
|
|t:|1760825569
|switch|p1a: Cryogonal|Cryogonal|100/100
|turn|16
|
|t:|1760825573
|move|p1a: Cryogonal|Freeze-Dry|p2a: Garganacl
|-damage|p2a: Garganacl|36/100
|move|p2a: Garganacl|Salt Cure|p1a: Cryogonal
|-supereffective|p1a: Cryogonal
|-damage|p1a: Cryogonal|64/100
|-start|p1a: Cryogonal|Salt Cure
|
|-weather|Snowscape|[upkeep]
|-heal|p2a: Garganacl|42/100|[from] item: Leftovers
|-damage|p1a: Cryogonal|52/100|[from] Salt Cure
|upkeep
|turn|17
|-message|yungestyeet forfeited.
|
|win|gay_sadness69
|raw|yungestyeet's rating: 1116 &rarr; <strong>1090</strong><br />(-26 for losing)
|raw|gay_sadness69's rating: 1105 &rarr; <strong>1131</strong><br />(+26 for winning)
|l|☆yungestyeet
|player|p1|
|l|☆gay_sadness69
|player|p2|
