|j|☆bussst
|j|☆poorwubo
|t:|1760885457
|gametype|singles
|player|p1|bussst|harlequin|1170
|player|p2|poorwubo|psychic-gen4|1180
|gen|9
|tier|[Gen 9] OU
|rated|
|rule|HP Percentage Mod: HP is shown in percentages
|rule|Endless Battle Clause: Forcing endless battles is banned
|rule|Species Clause: Limit one of each Pokémon
|rule|OHKO Clause: OHKO moves are banned
|rule|Evasion Items Clause: Evasion items are banned
|rule|Evasion Moves Clause: Evasion moves are banned
|rule|Evasion Abilities Clause: Evasion abilities are banned
|rule|Sleep Moves Clause: Sleep-inducing moves are banned
|clearpoke
|poke|p1|Orthworm, F|
|poke|p1|Clodsire, F|
|poke|p1|Great Tusk|
|poke|p1|Slowking, F|
|poke|p1|Weavile, F|
|poke|p1|Pecharunt|
|poke|p2|Dragonite, M|
|poke|p2|Ursaluna, M|
|poke|p2|Kingambit, F|
|poke|p2|Slowking-Galar, M|
|poke|p2|Hatterene, F|
|poke|p2|Mimikyu, F|
|teampreview
|inactive|Battle timer is ON: inactive players will automatically lose when time's up. (requested by poorwubo)
|
|t:|1760885475
|teamsize|p1|6
|teamsize|p2|6
|start
|switch|p1a: Pecharunt|Pecharunt|100/100
|switch|p2a: Mimikyu|Mimikyu, F|100/100
|turn|1
|
|t:|1760885483
|move|p1a: Pecharunt|Malignant Chain|p2a: Mimikyu
|-activate|p2a: Mimikyu|ability: Disguise
|-damage|p2a: Mimikyu|100/100
|detailschange|p2a: Mimikyu|Mimikyu-Busted, F
|-damage|p2a: Mimikyu|88/100|[from] pokemon: Mimikyu-Busted
|move|p2a: Mimikyu|Trick Room|p2a: Mimikyu
|-fieldstart|move: Trick Room|[of] p2a: Mimikyu
|
|upkeep
|turn|2
|
|t:|1760885494
|move|p2a: Mimikyu|Curse|p1a: Pecharunt
|-start|p1a: Pecharunt|Curse|[of] p2a: Mimikyu
|-damage|p2a: Mimikyu|38/100
|move|p1a: Pecharunt|Malignant Chain|p2a: Mimikyu
|-damage|p2a: Mimikyu|12/100
|
|-damage|p1a: Pecharunt|76/100|[from] Curse
|upkeep
|turn|3
|
|t:|1760885501
|move|p2a: Mimikyu|Destiny Bond|p2a: Mimikyu
|-singlemove|p2a: Mimikyu|Destiny Bond
|move|p1a: Pecharunt|Malignant Chain|p2a: Mimikyu
|-damage|p2a: Mimikyu|0 fnt
|faint|p2a: Mimikyu
|-activate|p2a: Mimikyu|move: Destiny Bond
|faint|p1a: Pecharunt
|
|upkeep
|inactive|bussst has 120 seconds left.
|
|t:|1760885531
|switch|p2a: Ursaluna|Ursaluna, M|100/100
|switch|p1a: Orthworm|Orthworm, F, shiny|100/100
|turn|4
|
|t:|1760885538
|move|p2a: Ursaluna|Headlong Rush|p1a: Orthworm
|-immune|p1a: Orthworm|[from] ability: Earth Eater
|move|p1a: Orthworm|Iron Defense|p1a: Orthworm
|-boost|p1a: Orthworm|def|2
|
|-status|p2a: Ursaluna|brn|[from] item: Flame Orb
|upkeep
|turn|5
|
|t:|1760885543
|move|p2a: Ursaluna|Drain Punch|p1a: Orthworm
|-supereffective|p1a: Orthworm
|-damage|p1a: Orthworm|75/100
|-damage|p2a: Ursaluna|84/100 brn|[from] item: Rocky Helmet|[of] p1a: Orthworm
|move|p1a: Orthworm|Spikes|p2a: Ursaluna
|-sidestart|p2: poorwubo|Spikes
|
|-damage|p2a: Ursaluna|78/100 brn|[from] brn
|-fieldend|move: Trick Room
|upkeep
|turn|6
|
|t:|1760885549
|switch|p2a: Slowking|Slowking-Galar, M|100/100
|-damage|p2a: Slowking|88/100|[from] Spikes
|move|p1a: Orthworm|Body Press|p2a: Slowking
|-resisted|p2a: Slowking
|-damage|p2a: Slowking|70/100
|
|-heal|p2a: Slowking|76/100|[from] item: Leftovers
|upkeep
|turn|7
|
|t:|1760885557
|switch|p1a: Clodsire|Clodsire, F, shiny|100/100
|move|p2a: Slowking|Flamethrower|p1a: Clodsire
|-damage|p1a: Clodsire|85/100
|
|-heal|p2a: Slowking|82/100|[from] item: Leftovers
|-heal|p1a: Clodsire|91/100|[from] item: Leftovers
|upkeep
|turn|8
|
|t:|1760885561
|move|p1a: Clodsire|Stealth Rock|p2a: Slowking
|-sidestart|p2: poorwubo|move: Stealth Rock
|move|p2a: Slowking|Trick Room|p2a: Slowking
|-fieldstart|move: Trick Room|[of] p2a: Slowking
|
|-heal|p1a: Clodsire|97/100|[from] item: Leftovers
|-heal|p2a: Slowking|88/100|[from] item: Leftovers
|upkeep
|turn|9
|
|t:|1760885564
|switch|p2a: Ursaluna|Ursaluna, M|78/100 brn
|-damage|p2a: Ursaluna|66/100 brn|[from] Spikes
|-damage|p2a: Ursaluna|59/100 brn|[from] Stealth Rock
|move|p1a: Clodsire|Earthquake|p2a: Ursaluna
|-damage|p2a: Ursaluna|40/100 brn
|
|-heal|p1a: Clodsire|100/100|[from] item: Leftovers
|-damage|p2a: Ursaluna|34/100 brn|[from] brn
|upkeep
|turn|10
|
|t:|1760885571
|switch|p1a: Orthworm|Orthworm, F, shiny|75/100
|move|p2a: Ursaluna|Facade|p1a: Orthworm
|-resisted|p1a: Orthworm
|-damage|p1a: Orthworm|38/100
|-damage|p2a: Ursaluna|17/100 brn|[from] item: Rocky Helmet|[of] p1a: Orthworm
|
|-damage|p2a: Ursaluna|11/100 brn|[from] brn
|upkeep
|turn|11
|
|t:|1760885577
|move|p2a: Ursaluna|Drain Punch|p1a: Orthworm
|-supereffective|p1a: Orthworm
|-damage|p1a: Orthworm|0 fnt
|-heal|p2a: Ursaluna|25/100 brn|[from] drain|[of] p1a: Orthworm
|-damage|p2a: Ursaluna|8/100 brn|[from] item: Rocky Helmet|[of] p1a: Orthworm
|faint|p1a: Orthworm
|
|-damage|p2a: Ursaluna|2/100 brn|[from] brn
|upkeep
|
|t:|1760885588
|switch|p1a: Weavile|Weavile, F, shiny|100/100
|turn|12
|
|t:|1760885595
|switch|p2a: Slowking|Slowking-Galar, M|100/100
|-damage|p2a: Slowking|88/100|[from] Spikes
|-damage|p2a: Slowking|76/100|[from] Stealth Rock
|move|p1a: Weavile|Ice Shard|p2a: Slowking
|-damage|p2a: Slowking|54/100
|
|-heal|p2a: Slowking|60/100|[from] item: Leftovers
|-fieldend|move: Trick Room
|upkeep
|turn|13
|
|t:|1760885603
|move|p1a: Weavile|Knock Off|p2a: Slowking
|-supereffective|p2a: Slowking
|-crit|p2a: Slowking
|-damage|p2a: Slowking|0 fnt
|-enditem|p2a: Slowking|Leftovers|[from] move: Knock Off|[of] p1a: Weavile
|faint|p2a: Slowking
|
|upkeep
|
|t:|1760885606
|switch|p2a: Hatterene|Hatterene, F|100/100
|-damage|p2a: Hatterene|88/100|[from] Spikes
|-damage|p2a: Hatterene|76/100|[from] Stealth Rock
|turn|14
|
|t:|1760885623
|move|p1a: Weavile|Knock Off|p2a: Hatterene
|-damage|p2a: Hatterene|18/100
|-enditem|p2a: Hatterene|Leftovers|[from] move: Knock Off|[of] p1a: Weavile
|move|p2a: Hatterene|Trick Room|p2a: Hatterene
|-fieldstart|move: Trick Room|[of] p2a: Hatterene
|
|upkeep
|turn|15
|
|t:|1760885632
|move|p1a: Weavile|Ice Shard|p2a: Hatterene
|-damage|p2a: Hatterene|0 fnt
|faint|p2a: Hatterene
|
|upkeep
|
|t:|1760885636
|switch|p2a: Kingambit|Kingambit, F|100/100
|-damage|p2a: Kingambit|88/100|[from] Spikes
|-damage|p2a: Kingambit|82/100|[from] Stealth Rock
|-activate|p2a: Kingambit|ability: Supreme Overlord
|-start|p2a: Kingambit|fallen3|[silent]
|turn|16
|
|t:|1760885658
|switch|p1a: Slowking|Slowking, F, shiny|100/100
|move|p2a: Kingambit|Iron Head|p1a: Slowking
|-resisted|p1a: Slowking
|-damage|p1a: Slowking|69/100
|
|-heal|p2a: Kingambit|88/100|[from] item: Leftovers
|upkeep
|turn|17
|
|t:|1760885672
|switch|p1a: Great Tusk|Great Tusk, shiny|100/100
|move|p2a: Kingambit|Kowtow Cleave|p1a: Great Tusk
|-resisted|p1a: Great Tusk
|-damage|p1a: Great Tusk|77/100
|
|-heal|p2a: Kingambit|94/100|[from] item: Leftovers
|upkeep
|turn|18
|
|t:|1760885689
|move|p2a: Kingambit|Iron Head|p1a: Great Tusk
|-damage|p1a: Great Tusk|30/100
|move|p1a: Great Tusk|Knock Off|p2a: Kingambit
|-resisted|p2a: Kingambit
|-damage|p2a: Kingambit|82/100
|-enditem|p2a: Kingambit|Leftovers|[from] move: Knock Off|[of] p1a: Great Tusk
|
|-fieldend|move: Trick Room
|upkeep
|turn|19
|
|t:|1760885698
|-end|p2a: Kingambit|fallen3|[silent]
|switch|p2a: Ursaluna|Ursaluna, M|2/100 brn
|-damage|p2a: Ursaluna|0 fnt|[from] Spikes
|faint|p2a: Ursaluna
|move|p1a: Great Tusk|Headlong Rush|p2: Ursaluna|[notarget]
|-fail|p1a: Great Tusk
|
|upkeep
|
|t:|1760885705
|switch|p2a: Kingambit|Kingambit, F|82/100
|-damage|p2a: Kingambit|70/100|[from] Spikes
|-damage|p2a: Kingambit|63/100|[from] Stealth Rock
|-activate|p2a: Kingambit|ability: Supreme Overlord
|-start|p2a: Kingambit|fallen4|[silent]
|turn|20
|
|t:|1760885707
|-terastallize|p2a: Kingambit|Dark
|move|p2a: Kingambit|Sucker Punch|p1a: Great Tusk
|-resisted|p1a: Great Tusk
|-damage|p1a: Great Tusk|1/100
|move|p1a: Great Tusk|Headlong Rush|p2a: Kingambit
|-damage|p2a: Kingambit|17/100
|-unboost|p1a: Great Tusk|def|1
|-unboost|p1a: Great Tusk|spd|1
|
|upkeep
|turn|21
|inactive|bussst has 120 seconds left.
|
|t:|1760885741
|move|p2a: Kingambit|Sucker Punch|p1a: Great Tusk
|-resisted|p1a: Great Tusk
|-crit|p1a: Great Tusk
|-damage|p1a: Great Tusk|0 fnt
|faint|p1a: Great Tusk
|-end|p1a: Great Tusk|Protosynthesis|[silent]
|
|upkeep
|
|t:|1760885743
|switch|p1a: Weavile|Weavile, F, shiny|100/100
|turn|22
|
|t:|1760885749
|move|p1a: Weavile|Ice Shard|p2a: Kingambit
|-damage|p2a: Kingambit|2/100
|move|p2a: Kingambit|Iron Head|p1a: Weavile
|-supereffective|p1a: Weavile
|-damage|p1a: Weavile|0 fnt
|faint|p1a: Weavile
|
|upkeep
|
|t:|1760885755
|switch|p1a: Clodsire|Clodsire, F, shiny|100/100
|turn|23
|
|t:|1760885768
|move|p2a: Kingambit|Kowtow Cleave|p1a: Clodsire
|-damage|p1a: Clodsire|0 fnt
|faint|p1a: Clodsire
|
|upkeep
|
|t:|1760885771
|switch|p1a: Slowking|Slowking, F, shiny|100/100
|turn|24
|
|t:|1760885774
|-terastallize|p1a: Slowking|Fairy
|move|p2a: Kingambit|Kowtow Cleave|p1a: Slowking
|-resisted|p1a: Slowking
|-damage|p1a: Slowking|49/100
|move|p1a: Slowking|Scald|p2a: Kingambit
|-damage|p2a: Kingambit|0 fnt
|faint|p2a: Kingambit
|-end|p2a: Kingambit|fallen4|[silent]
|
|upkeep
|
|t:|1760885779
|switch|p2a: Dragonite|Dragonite, M|100/100
|-damage|p2a: Dragonite|76/100|[from] Stealth Rock
|turn|25
|
|t:|1760885787
|move|p2a: Dragonite|Extreme Speed|p1a: Slowking
|-damage|p1a: Slowking|15/100
|move|p1a: Slowking|Scald|p2a: Dragonite
|-resisted|p2a: Dragonite
|-damage|p2a: Dragonite|60/100
|
|upkeep
|turn|26
|-message|bussst forfeited.
|
|win|poorwubo
|raw|bussst's rating: 1170 &rarr; <strong>1146</strong><br />(-24 for losing)
|raw|poorwubo's rating: 1180 &rarr; <strong>1204</strong><br />(+24 for winning)
|l|☆bussst
|player|p1|
