|j|☆LunnerDice
|j|☆Mazenkooo
|t:|1760739428
|gametype|singles
|player|p1|LunnerDice|colress|1082
|player|p2|Mazenkooo|roxie|1115
|gen|9
|tier|[Gen 9] OU
|rated|
|rule|HP Percentage Mod: HP is shown in percentages
|rule|Endless Battle Clause: Forcing endless battles is banned
|rule|Species Clause: Limit one of each Pokémon
|rule|OHKO Clause: OHKO moves are banned
|rule|Evasion Items Clause: Evasion items are banned
|rule|Evasion Moves Clause: Evasion moves are banned
|rule|Evasion Abilities Clause: Evasion abilities are banned
|rule|Sleep Moves Clause: Sleep-inducing moves are banned
|clearpoke
|poke|p1|Garchomp, M|
|poke|p1|Darkrai|
|poke|p1|Gholdengo|
|poke|p1|Ogerpon-Wellspring, F|
|poke|p1|Iron Valiant|
|poke|p1|Iron Treads|
|poke|p2|Enamorus-Therian, F|
|poke|p2|Ursaluna, F|
|poke|p2|Pecharunt|
|poke|p2|Ogerpon-Wellspring, F|
|poke|p2|Ceruledge, M|
|poke|p2|Corviknight, M|
|teampreview
|inactive|Battle timer is ON: inactive players will automatically lose when time's up. (requested by LunnerDice)
|
|t:|1760739440
|teamsize|p1|6
|teamsize|p2|6
|start
|switch|p1a: Garchomp|Garchomp, M|100/100
|switch|p2a: shalgoumi|Pecharunt|100/100
|-item|p2a: shalgoumi|Air Balloon
|turn|1
|
|t:|1760739449
|move|p2a: shalgoumi|Parting Shot|p1a: Garchomp
|-unboost|p1a: Garchomp|atk|1
|-unboost|p1a: Garchomp|spa|1
|
|t:|1760739455
|switch|p2a: slp|Enamorus-Therian, F|100/100|[from] Parting Shot
|move|p1a: Garchomp|Dragon Tail|p2a: slp
|-immune|p2a: slp
|
|upkeep
|turn|2
|
|t:|1760739480
|switch|p1a: Iron Treads|Iron Treads|100/100
|move|p2a: slp|Calm Mind|p2a: slp
|-boost|p2a: slp|spa|1
|-boost|p2a: slp|spd|1
|
|upkeep
|turn|3
|
|t:|1760739491
|move|p1a: Iron Treads|Knock Off|p2a: slp
|-resisted|p2a: slp
|-damage|p2a: slp|91/100
|-enditem|p2a: slp|Heavy-Duty Boots|[from] move: Knock Off|[of] p1a: Iron Treads
|move|p2a: slp|Calm Mind|p2a: slp
|-boost|p2a: slp|spa|1
|-boost|p2a: slp|spd|1
|
|upkeep
|turn|4
|
|t:|1760739498
|move|p1a: Iron Treads|Ice Spinner|p2a: slp
|-supereffective|p2a: slp
|-damage|p2a: slp|59/100
|move|p2a: slp|Mystical Fire|p1a: Iron Treads
|-supereffective|p1a: Iron Treads
|-damage|p1a: Iron Treads|7/100
|-unboost|p1a: Iron Treads|spa|1
|
|-heal|p1a: Iron Treads|13/100|[from] item: Leftovers
|upkeep
|turn|5
|
|t:|1760739512
|move|p1a: Iron Treads|Ice Spinner|p2a: slp
|-supereffective|p2a: slp
|-damage|p2a: slp|27/100
|move|p2a: slp|Mystical Fire|p1a: Iron Treads
|-supereffective|p1a: Iron Treads
|-damage|p1a: Iron Treads|0 fnt
|faint|p1a: Iron Treads
|-end|p1a: Iron Treads|Quark Drive|[silent]
|
|upkeep
|
|t:|1760739522
|switch|p1a: Darkrai|Darkrai|100/100
|turn|6
|
|t:|1760739535
|switch|p2a: Aura farmer|Corviknight, M, shiny|100/100
|-ability|p2a: Aura farmer|Pressure
|move|p1a: Darkrai|Ice Beam|p2a: Aura farmer
|-damage|p2a: Aura farmer|68/100
|
|upkeep
|turn|7
|
|t:|1760739544
|move|p1a: Darkrai|Knock Off|p2a: Aura farmer
|-damage|p2a: Aura farmer|49/100
|-enditem|p2a: Aura farmer|Heavy-Duty Boots|[from] move: Knock Off|[of] p1a: Darkrai
|move|p2a: Aura farmer|Roost|p2a: Aura farmer
|-heal|p2a: Aura farmer|99/100
|-singleturn|p2a: Aura farmer|move: Roost
|
|upkeep
|turn|8
|
|t:|1760739551
|move|p1a: Darkrai|Dark Pulse|p2a: Aura farmer
|-damage|p2a: Aura farmer|57/100
|cant|p2a: Aura farmer|flinch
|
|upkeep
|turn|9
|
|t:|1760739556
|move|p1a: Darkrai|Dark Pulse|p2a: Aura farmer
|-damage|p2a: Aura farmer|13/100
|move|p2a: Aura farmer|Roost|p2a: Aura farmer
|-heal|p2a: Aura farmer|63/100
|-singleturn|p2a: Aura farmer|move: Roost
|
|upkeep
|turn|10
|
|t:|1760739563
|move|p1a: Darkrai|Dark Pulse|p2a: Aura farmer
|-damage|p2a: Aura farmer|21/100
|move|p2a: Aura farmer|Roost|p2a: Aura farmer
|-heal|p2a: Aura farmer|71/100
|-singleturn|p2a: Aura farmer|move: Roost
|
|upkeep
|turn|11
|
|t:|1760739570
|move|p1a: Darkrai|Dark Pulse|p2a: Aura farmer
|-damage|p2a: Aura farmer|26/100
|move|p2a: Aura farmer|Roost|p2a: Aura farmer
|-heal|p2a: Aura farmer|76/100
|-singleturn|p2a: Aura farmer|move: Roost
|
|upkeep
|turn|12
|
|t:|1760739577
|move|p1a: Darkrai|Dark Pulse|p2a: Aura farmer
|-damage|p2a: Aura farmer|35/100
|cant|p2a: Aura farmer|flinch
|
|upkeep
|turn|13
|
|t:|1760739596
|switch|p2a: shalgoumi|Pecharunt|100/100
|-item|p2a: shalgoumi|Air Balloon
|move|p1a: Darkrai|Dark Pulse|p2a: shalgoumi
|-supereffective|p2a: shalgoumi
|-crit|p2a: shalgoumi
|-damage|p2a: shalgoumi|0 fnt
|-enditem|p2a: shalgoumi|Air Balloon
|faint|p2a: shalgoumi
|
|upkeep
|
|t:|1760739614
|switch|p2a: Whinnie|Ursaluna, F|100/100
|turn|14
|
|t:|1760739621
|move|p1a: Darkrai|Ice Beam|p2a: Whinnie
|-supereffective|p2a: Whinnie
|-damage|p2a: Whinnie|32/100
|move|p2a: Whinnie|Swords Dance|p2a: Whinnie
|-boost|p2a: Whinnie|atk|2
|
|-status|p2a: Whinnie|brn|[from] item: Flame Orb
|upkeep
|turn|15
|
|t:|1760739632
|switch|p2a: kawaïné|Ogerpon-Wellspring, F|100/100
|move|p1a: Darkrai|Ice Beam|p2a: kawaïné
|-damage|p2a: kawaïné|66/100
|
|upkeep
|turn|16
|
|t:|1760739637
|move|p1a: Darkrai|Sludge Bomb|p2a: kawaïné
|-supereffective|p2a: kawaïné
|-damage|p2a: kawaïné|0 fnt
|faint|p2a: kawaïné
|
|upkeep
|
|t:|1760739644
|switch|p2a: u clipped today|Ceruledge, M, shiny|100/100
|turn|17
|
|t:|1760739650
|-terastallize|p2a: u clipped today|Fighting
|move|p1a: Darkrai|Dark Pulse|p2a: u clipped today
|-resisted|p2a: u clipped today
|-damage|p2a: u clipped today|75/100
|move|p2a: u clipped today|Bitter Blade|p1a: Darkrai
|-damage|p1a: Darkrai|39/100
|-heal|p2a: u clipped today|100/100|[from] drain|[of] p1a: Darkrai
|
|upkeep
|turn|18
|
|t:|1760739672
|switch|p1a: Iron Valiant|Iron Valiant|100/100
|-enditem|p1a: Iron Valiant|Booster Energy
|-activate|p1a: Iron Valiant|ability: Quark Drive|[fromitem]
|-start|p1a: Iron Valiant|quarkdrivespe
|move|p2a: u clipped today|Close Combat|p1a: Iron Valiant
|-resisted|p1a: Iron Valiant
|-damage|p1a: Iron Valiant|63/100
|-unboost|p2a: u clipped today|def|1
|-unboost|p2a: u clipped today|spd|1
|
|upkeep
|turn|19
|
|t:|1760739689
|move|p1a: Iron Valiant|Calm Mind|p1a: Iron Valiant
|-boost|p1a: Iron Valiant|spa|1
|-boost|p1a: Iron Valiant|spd|1
|move|p2a: u clipped today|Swords Dance|p2a: u clipped today
|-boost|p2a: u clipped today|atk|2
|
|upkeep
|turn|20
|
|t:|1760739701
|move|p1a: Iron Valiant|Moonblast|p2a: u clipped today
|-supereffective|p2a: u clipped today
|-crit|p2a: u clipped today
|-enditem|p2a: u clipped today|Focus Sash
|-damage|p2a: u clipped today|1/100
|move|p2a: u clipped today|Swords Dance|p2a: u clipped today
|-boost|p2a: u clipped today|atk|2
|
|upkeep
|turn|21
|
|t:|1760739711
|move|p2a: u clipped today|Shadow Sneak|p1a: Iron Valiant
|-damage|p1a: Iron Valiant|0 fnt
|faint|p1a: Iron Valiant
|-end|p1a: Iron Valiant|Quark Drive|[silent]
|
|upkeep
|
|t:|1760739721
|switch|p1a: Gholdengo|Gholdengo|100/100
|-item|p1a: Gholdengo|Air Balloon
|turn|22
|
|t:|1760739728
|-terastallize|p1a: Gholdengo|Fairy
|move|p2a: u clipped today|Bitter Blade|p1a: Gholdengo
|-damage|p1a: Gholdengo|5/100
|-heal|p2a: u clipped today|63/100|[from] drain|[of] p1a: Gholdengo
|-enditem|p1a: Gholdengo|Air Balloon
|move|p1a: Gholdengo|Hex|p2a: u clipped today
|-damage|p2a: u clipped today|13/100
|
|upkeep
|turn|23
|
|t:|1760739737
|move|p2a: u clipped today|Bitter Blade|p1a: Gholdengo
|-damage|p1a: Gholdengo|0 fnt
|-heal|p2a: u clipped today|15/100|[from] drain|[of] p1a: Gholdengo
|faint|p1a: Gholdengo
|
|upkeep
|
|t:|1760739748
|switch|p1a: Ogerpon|Ogerpon-Wellspring, F|100/100
|turn|24
|
|t:|1760739766
|move|p1a: Ogerpon|Trailblaze|p2a: u clipped today
|-damage|p2a: u clipped today|0 fnt
|-boost|p1a: Ogerpon|spe|1
|faint|p2a: u clipped today
|
|upkeep
|
|t:|1760739773
|switch|p2a: Whinnie|Ursaluna, F|32/100 brn
|turn|25
|
|t:|1760739779
|move|p1a: Ogerpon|Trailblaze|p2a: Whinnie
|-supereffective|p2a: Whinnie
|-crit|p2a: Whinnie
|-damage|p2a: Whinnie|0 fnt
|-boost|p1a: Ogerpon|spe|1
|faint|p2a: Whinnie
|
|upkeep
|
|t:|1760739786
|switch|p2a: slp|Enamorus-Therian, F|27/100
|turn|26
|
|t:|1760739791
|move|p1a: Ogerpon|Ivy Cudgel|p2a: slp|[anim] Ivy Cudgel Water
|-damage|p2a: slp|0 fnt
|faint|p2a: slp
|
|upkeep
|
|t:|1760739800
|switch|p2a: Aura farmer|Corviknight, M, shiny|35/100
|-ability|p2a: Aura farmer|Pressure
|turn|27
|n|!Mazenkooo|mazenkooo
|
|t:|1760739822
|move|p1a: Ogerpon|Ivy Cudgel|p2a: Aura farmer|[anim] Ivy Cudgel Water
|-damage|p2a: Aura farmer|2/100
|move|p2a: Aura farmer|Roost|p2a: Aura farmer
|-heal|p2a: Aura farmer|52/100
|-singleturn|p2a: Aura farmer|move: Roost
|
|upkeep
|turn|28
|
|t:|1760739830
|move|p1a: Ogerpon|Swords Dance|p1a: Ogerpon
|-boost|p1a: Ogerpon|atk|2
|move|p2a: Aura farmer|Roost|p2a: Aura farmer
|-heal|p2a: Aura farmer|100/100
|-singleturn|p2a: Aura farmer|move: Roost
|
|upkeep
|turn|29
|
|t:|1760739837
|move|p1a: Ogerpon|Ivy Cudgel|p2a: Aura farmer|[anim] Ivy Cudgel Water
|-damage|p2a: Aura farmer|33/100
|move|p2a: Aura farmer|Body Press|p1a: Ogerpon
|-damage|p1a: Ogerpon|71/100
|
|upkeep
|turn|30
|
|t:|1760739843
|move|p1a: Ogerpon|Ivy Cudgel|p2a: Aura farmer|[anim] Ivy Cudgel Water
|-damage|p2a: Aura farmer|0 fnt
|faint|p2a: Aura farmer
|
|win|LunnerDice
