|j|☆HZBKAI
|j|☆guydedd
|t:|1760849393
|gametype|singles
|player|p1|HZBKAI|266|1121
|player|p2|guydedd|battlegirl|1150
|gen|9
|tier|[Gen 9] OU
|rated|
|rule|HP Percentage Mod: HP is shown in percentages
|rule|Endless Battle Clause: Forcing endless battles is banned
|rule|Species Clause: Limit one of each Pokémon
|rule|OHKO Clause: OHKO moves are banned
|rule|Evasion Items Clause: Evasion items are banned
|rule|Evasion Moves Clause: Evasion moves are banned
|rule|Evasion Abilities Clause: Evasion abilities are banned
|rule|Sleep Moves Clause: Sleep-inducing moves are banned
|clearpoke
|poke|p1|Ceruledge, F|
|poke|p1|Kyurem|
|poke|p1|Manaphy|
|poke|p1|Metagross|
|poke|p1|Okidogi, M|
|poke|p1|Zoroark-Hisui, M|
|poke|p2|Umbreon, F|
|poke|p2|Great Tusk|
|poke|p2|Heatran, M|
|poke|p2|Rotom-Wash|
|poke|p2|Dragonite, M|
|poke|p2|Dragapult, F|
|teampreview
|
|t:|1760849407
|teamsize|p1|6
|teamsize|p2|6
|start
|switch|p1a: Metagross|Metagross|100/100
|switch|p2a: Great Tusk|Great Tusk|100/100
|turn|1
|
|t:|1760849423
|move|p2a: Great Tusk|Stealth Rock|p1a: Metagross
|-sidestart|p1: HZBKAI|move: Stealth Rock
|move|p1a: Metagross|Psychic Fangs|p2a: Great Tusk
|-supereffective|p2a: Great Tusk
|-damage|p2a: Great Tusk|46/100
|
|upkeep
|turn|2
|inactive|Battle timer is ON: inactive players will automatically lose when time's up. (requested by HZBKAI)
|
|t:|1760849437
|move|p2a: Great Tusk|Earthquake|p1a: Metagross
|-supereffective|p1a: Metagross
|-damage|p1a: Metagross|35/100
|move|p1a: Metagross|Psychic Fangs|p2a: Great Tusk
|-supereffective|p2a: Great Tusk
|-damage|p2a: Great Tusk|0 fnt
|faint|p2a: Great Tusk
|-end|p2a: Great Tusk|Protosynthesis|[silent]
|
|-heal|p1a: Metagross|41/100|[from] item: Leftovers
|upkeep
|
|t:|1760849458
|switch|p2a: Dragapult|Dragapult, F|100/100
|turn|3
|
|t:|1760849462
|move|p2a: Dragapult|Flamethrower|p1a: Metagross
|-supereffective|p1a: Metagross
|-damage|p1a: Metagross|0 fnt
|faint|p1a: Metagross
|
|upkeep
|
|t:|1760849462
|switch|p1a: Ceruledge|Ceruledge, F|100/100
|-damage|p1a: Ceruledge|76/100|[from] Stealth Rock
|turn|4
|
|t:|1760849471
|switch|p2a: Rotom|Rotom-Wash, shiny|100/100
|move|p1a: Ceruledge|Poltergeist|p2a: Rotom
|-activate|p2a: Rotom|move: Poltergeist|Leftovers
|-damage|p2a: Rotom|52/100
|
|-heal|p2a: Rotom|58/100|[from] item: Leftovers
|upkeep
|turn|5
|
|t:|1760849480
|move|p1a: Ceruledge|Poltergeist|p2a: Rotom
|-activate|p2a: Rotom|move: Poltergeist|Leftovers
|-damage|p2a: Rotom|12/100
|move|p2a: Rotom|Pain Split|p1a: Ceruledge
|-sethp|p1a: Ceruledge|44/100|[from] move: Pain Split|[silent]
|-sethp|p2a: Rotom|42/100|[from] move: Pain Split
|
|-heal|p2a: Rotom|48/100|[from] item: Leftovers
|upkeep
|turn|6
|
|t:|1760849493
|move|p1a: Ceruledge|Poltergeist|p2a: Rotom
|-activate|p2a: Rotom|move: Poltergeist|Leftovers
|-damage|p2a: Rotom|0 fnt
|faint|p2a: Rotom
|
|upkeep
|
|t:|1760849503
|switch|p2a: Dragapult|Dragapult, F|100/100
|turn|7
|
|t:|1760849506
|move|p2a: Dragapult|Shadow Ball|p1a: Ceruledge
|-supereffective|p1a: Ceruledge
|-damage|p1a: Ceruledge|0 fnt
|faint|p1a: Ceruledge
|
|upkeep
|
|t:|1760849506
|switch|p1a: Manaphy|Manaphy|100/100
|-damage|p1a: Manaphy|88/100|[from] Stealth Rock
|turn|8
|
|t:|1760849524
|switch|p2a: Umbreon|Umbreon, F, shiny|100/100
|move|p1a: Manaphy|Shadow Ball|p2a: Umbreon
|-resisted|p2a: Umbreon
|-damage|p2a: Umbreon|90/100
|
|-heal|p2a: Umbreon|96/100|[from] item: Leftovers
|upkeep
|turn|9
|
|t:|1760849532
|move|p1a: Manaphy|Flamethrower|p2a: Umbreon
|-damage|p2a: Umbreon|82/100
|move|p2a: Umbreon|Taunt|p1a: Manaphy
|-start|p1a: Manaphy|move: Taunt
|
|-heal|p2a: Umbreon|88/100|[from] item: Leftovers
|upkeep
|turn|10
|
|t:|1760849540
|move|p1a: Manaphy|Flamethrower|p2a: Umbreon
|-damage|p2a: Umbreon|73/100
|move|p2a: Umbreon|Wish|p2a: Umbreon
|
|-heal|p2a: Umbreon|79/100|[from] item: Leftovers
|upkeep
|turn|11
|
|t:|1760849549
|switch|p2a: Dragonite|Dragonite, M, shiny|100/100
|move|p1a: Manaphy|Flamethrower|p2a: Dragonite
|-resisted|p2a: Dragonite
|-damage|p2a: Dragonite|93/100
|
|-heal|p2a: Dragonite|100/100|[from] move: Wish|[wisher] Umbreon
|upkeep
|turn|12
|
|t:|1760849559
|move|p1a: Manaphy|Shadow Ball|p2a: Dragonite
|-damage|p2a: Dragonite|78/100
|move|p2a: Dragonite|Dragon Dance|p2a: Dragonite
|-boost|p2a: Dragonite|atk|1
|-boost|p2a: Dragonite|spe|1
|
|-end|p1a: Manaphy|move: Taunt
|upkeep
|turn|13
|
|t:|1760849572
|move|p2a: Dragonite|Dragon Dance|p2a: Dragonite
|-boost|p2a: Dragonite|atk|1
|-boost|p2a: Dragonite|spe|1
|move|p1a: Manaphy|Shadow Ball|p2a: Dragonite
|-damage|p2a: Dragonite|36/100
|-unboost|p2a: Dragonite|spd|1
|
|upkeep
|turn|14
|
|t:|1760849585
|move|p2a: Dragonite|Extreme Speed|p1a: Manaphy
|-immune|p1a: Manaphy
|move|p1a: Manaphy|Shadow Ball|p2a: Dragonite
|-damage|p2a: Dragonite|0 fnt
|faint|p2a: Dragonite
|
|upkeep
|
|t:|1760849596
|switch|p2a: Dragapult|Dragapult, F|100/100
|turn|15
|
|t:|1760849613
|move|p2a: Dragapult|Shadow Ball|p1a: Manaphy
|-immune|p1a: Manaphy
|move|p1a: Manaphy|Shadow Ball|p2a: Dragapult
|-supereffective|p2a: Dragapult
|-damage|p2a: Dragapult|0 fnt
|faint|p2a: Dragapult
|
|upkeep
|-message|guydedd forfeited.
|
|win|HZBKAI
|raw|HZBKAI's rating: 1121 &rarr; <strong>1148</strong><br />(+27 for winning)
|raw|guydedd's rating: 1150 &rarr; <strong>1123</strong><br />(-27 for losing)
|l|☆guydedd
|player|p2|
|n|☆HZBKAI|hzbkai
|n|☆HZBKAI|hzbkai
