|j|☆gofiiito
|j|☆luketheidiot
|t:|1760789113
|gametype|singles
|player|p1|gofiiito|cynthia|1220
|player|p2|luketheidiot|iris-gen5bw2|1152
|gen|9
|tier|[Gen 9] OU
|rated|
|rule|HP Percentage Mod: HP is shown in percentages
|rule|Endless Battle Clause: Forcing endless battles is banned
|rule|Species Clause: Limit one of each Pokémon
|rule|OHKO Clause: OHKO moves are banned
|rule|Evasion Items Clause: Evasion items are banned
|rule|Evasion Moves Clause: Evasion moves are banned
|rule|Evasion Abilities Clause: Evasion abilities are banned
|rule|Sleep Moves Clause: Sleep-inducing moves are banned
|clearpoke
|poke|p1|Landorus-Therian, M|
|poke|p1|Weezing-Galar, F|
|poke|p1|Cinderace, F|
|poke|p1|Iron Crown|
|poke|p1|Iron Valiant|
|poke|p1|Dragapult, M|
|poke|p2|Dudunsparce-*, F|
|poke|p2|Dunsparce, M|
|poke|p2|Rampardos, M|
|poke|p2|Regidrago|
|poke|p2|Armarouge, F|
|poke|p2|Indeedee, M|
|teampreview
|inactive|Battle timer is ON: inactive players will automatically lose when time's up. (requested by luketheidiot)
|
|t:|1760789136
|teamsize|p1|6
|teamsize|p2|6
|start
|switch|p1a: Dragapult|Dragapult, M|100/100
|switch|p2a: Regidrago|Regidrago|100/100
|turn|1
|
|t:|1760789147
|move|p1a: Dragapult|Dragon Darts|p2a: Regidrago
|-supereffective|p2a: Regidrago
|-damage|p2a: Regidrago|24/100
|-anim|p1a: Dragapult|Dragon Darts|p2a: Regidrago
|-supereffective|p2a: Regidrago
|-damage|p2a: Regidrago|0 fnt
|faint|p2a: Regidrago
|
|upkeep
|
|t:|1760789162
|switch|p2a: Dunsparce|Dunsparce, M|100/100
|turn|2
|
|t:|1760789170
|move|p1a: Dragapult|Dragon Darts|p2a: Dunsparce
|-damage|p2a: Dunsparce|77/100
|-anim|p1a: Dragapult|Dragon Darts|p2a: Dunsparce
|-damage|p2a: Dunsparce|53/100
|move|p2a: Dunsparce|Glare|p1a: Dragapult
|-status|p1a: Dragapult|par
|
|upkeep
|turn|3
|
|t:|1760789179
|move|p1a: Dragapult|Dragon Darts|p2a: Dunsparce
|-damage|p2a: Dunsparce|27/100
|-anim|p1a: Dragapult|Dragon Darts|p2a: Dunsparce
|-damage|p2a: Dunsparce|0 fnt
|faint|p2a: Dunsparce
|
|upkeep
|
|t:|1760789186
|switch|p2a: Dudunsparce|Dudunsparce, F|100/100
|turn|4
|
|t:|1760789191
|cant|p1a: Dragapult|par
|move|p2a: Dudunsparce|Ancient Power|p1a: Dragapult
|-damage|p1a: Dragapult|87/100 par
|-boost|p2a: Dudunsparce|atk|1
|-boost|p2a: Dudunsparce|def|1
|-boost|p2a: Dudunsparce|spa|1
|-boost|p2a: Dudunsparce|spd|1
|-boost|p2a: Dudunsparce|spe|1
|
|upkeep
|turn|5
|
|t:|1760789200
|move|p2a: Dudunsparce|Ancient Power|p1a: Dragapult
|-damage|p1a: Dragapult|63/100 par
|-boost|p2a: Dudunsparce|atk|1
|-boost|p2a: Dudunsparce|def|1
|-boost|p2a: Dudunsparce|spa|1
|-boost|p2a: Dudunsparce|spd|1
|-boost|p2a: Dudunsparce|spe|1
|move|p1a: Dragapult|Dragon Darts|p2a: Dudunsparce
|-damage|p2a: Dudunsparce|84/100
|-anim|p1a: Dragapult|Dragon Darts|p2a: Dudunsparce
|-damage|p2a: Dudunsparce|66/100
|
|-heal|p2a: Dudunsparce|72/100|[from] item: Leftovers
|upkeep
|turn|6
|
|t:|1760789209
|switch|p1a: Weezing|Weezing-Galar, F|100/100
|move|p2a: Dudunsparce|Ancient Power|p1a: Weezing
|-damage|p1a: Weezing|69/100
|
|-heal|p2a: Dudunsparce|78/100|[from] item: Leftovers
|-heal|p1a: Weezing|75/100|[from] item: Leftovers
|upkeep
|turn|7
|
|t:|1760789213
|move|p2a: Dudunsparce|Body Slam|p1a: Weezing
|-damage|p1a: Weezing|22/100
|-status|p1a: Weezing|par
|cant|p1a: Weezing|par
|
|-heal|p2a: Dudunsparce|84/100|[from] item: Leftovers
|-heal|p1a: Weezing|28/100 par|[from] item: Leftovers
|upkeep
|turn|8
|
|t:|1760789230
|-terastallize|p1a: Weezing|Steel
|move|p2a: Dudunsparce|Throat Chop|p1a: Weezing
|-damage|p1a: Weezing|0 fnt
|faint|p1a: Weezing
|
|-heal|p2a: Dudunsparce|90/100|[from] item: Leftovers
|upkeep
|
|t:|1760789242
|switch|p1a: Iron Valiant|Iron Valiant|100/100
|-enditem|p1a: Iron Valiant|Booster Energy
|-activate|p1a: Iron Valiant|ability: Quark Drive|[fromitem]
|-start|p1a: Iron Valiant|quarkdrivespe
|turn|9
|
|t:|1760789248
|-terastallize|p2a: Dudunsparce|Ghost
|move|p1a: Iron Valiant|Aura Sphere|p2a: Dudunsparce
|-immune|p2a: Dudunsparce
|move|p2a: Dudunsparce|Body Slam|p1a: Iron Valiant
|-damage|p1a: Iron Valiant|0 fnt
|faint|p1a: Iron Valiant
|-end|p1a: Iron Valiant|Quark Drive|[silent]
|
|-heal|p2a: Dudunsparce|96/100|[from] item: Leftovers
|upkeep
|-message|gofiiito forfeited.
|
|win|luketheidiot
|raw|gofiiito's rating: 1220 &rarr; <strong>1190</strong><br />(-30 for losing)
|raw|luketheidiot's rating: 1152 &rarr; <strong>1182</strong><br />(+30 for winning)
|l|☆gofiiito
|player|p1|
|l|☆luketheidiot
|player|p2|
