|j|☆Jeremie17
|j|‽I'mAtSchoolRNfrfr
|t:|1760718828
|gametype|singles
|player|p1|Jeremie17|benga|1180
|player|p2|I'mAtSchoolRNfrfr|caitlin|1224
|gen|9
|tier|[Gen 9] OU
|rated|
|rule|HP Percentage Mod: HP is shown in percentages
|rule|Endless Battle Clause: Forcing endless battles is banned
|rule|Species Clause: Limit one of each Pokémon
|rule|OHKO Clause: OHKO moves are banned
|rule|Evasion Items Clause: Evasion items are banned
|rule|Evasion Moves Clause: Evasion moves are banned
|rule|Evasion Abilities Clause: Evasion abilities are banned
|rule|Sleep Moves Clause: Sleep-inducing moves are banned
|clearpoke
|poke|p1|Ribombee, F|
|poke|p1|Great Tusk|
|poke|p1|Enamorus, F|
|poke|p1|Greninja-*, M|
|poke|p1|Dragonite, M|
|poke|p1|Raging Bolt|
|poke|p2|Landorus-Therian, M|
|poke|p2|Samurott-Hisui, M|
|poke|p2|Pecharunt|
|poke|p2|Scizor, M|
|poke|p2|Latios, M|
|poke|p2|Zamazenta-*|
|teampreview
|inactive|Battle timer is ON: inactive players will automatically lose when time's up. (requested by Jeremie17)
|
|t:|1760718853
|teamsize|p1|6
|teamsize|p2|6
|start
|switch|p1a: Greninja|Greninja, M|100/100
|switch|p2a: Landorus|Landorus-Therian, M|100/100
|-ability|p2a: Landorus|Intimidate|boost
|-unboost|p1a: Greninja|atk|1
|turn|1
|
|t:|1760718859
|switch|p2a: Samurott|Samurott-Hisui, M|100/100
|move|p1a: Greninja|Hydro Pump|p2a: Samurott
|-resisted|p2a: Samurott
|-damage|p2a: Samurott|73/100
|-damage|p1a: Greninja|91/100|[from] item: Life Orb
|
|upkeep
|turn|2
|
|t:|1760718867
|-terastallize|p1a: Greninja|Water
|move|p1a: Greninja|Sludge Wave|p2a: Samurott
|-crit|p2a: Samurott
|-damage|p2a: Samurott|25/100
|-damage|p1a: Greninja|81/100|[from] item: Life Orb
|move|p2a: Samurott|Ceaseless Edge|p1a: Greninja|[miss]
|-miss|p2a: Samurott|p1a: Greninja
|
|upkeep
|turn|3
|
|t:|1760718876
|move|p2a: Samurott|Sucker Punch|p1a: Greninja
|-damage|p1a: Greninja|18/100
|move|p1a: Greninja|Dark Pulse|p2a: Samurott
|-resisted|p2a: Samurott
|-damage|p2a: Samurott|3/100
|-damage|p1a: Greninja|8/100|[from] item: Life Orb
|
|upkeep
|turn|4
|
|t:|1760718888
|move|p2a: Samurott|Sucker Punch|p1a: Greninja
|-damage|p1a: Greninja|0 fnt
|faint|p1a: Greninja
|
|upkeep
|
|t:|1760718891
|switch|p1a: Anisakis spp.|Raging Bolt|100/100
|-enditem|p1a: Anisakis spp.|Booster Energy
|-activate|p1a: Anisakis spp.|ability: Protosynthesis|[fromitem]
|-start|p1a: Anisakis spp.|protosynthesisspa
|turn|5
|
|t:|1760718895
|move|p2a: Samurott|Sucker Punch||[still]
|-fail|p2a: Samurott
|move|p1a: Anisakis spp.|Calm Mind|p1a: Anisakis spp.
|-boost|p1a: Anisakis spp.|spa|1
|-boost|p1a: Anisakis spp.|spd|1
|
|upkeep
|turn|6
|
|t:|1760718902
|move|p2a: Samurott|Ceaseless Edge|p1a: Anisakis spp.
|-damage|p1a: Anisakis spp.|56/100
|-sidestart|p1: Jeremie17|Spikes
|move|p1a: Anisakis spp.|Thunderbolt|p2a: Samurott
|-supereffective|p2a: Samurott
|-damage|p2a: Samurott|0 fnt
|faint|p2a: Samurott
|
|upkeep
|
|t:|1760718906
|switch|p2a: Landorus|Landorus-Therian, M|100/100
|-ability|p2a: Landorus|Intimidate|boost
|-unboost|p1a: Anisakis spp.|atk|1
|turn|7
|
|t:|1760718910
|move|p2a: Landorus|Earthquake|p1a: Anisakis spp.
|-supereffective|p1a: Anisakis spp.
|-damage|p1a: Anisakis spp.|0 fnt
|faint|p1a: Anisakis spp.
|-end|p1a: Anisakis spp.|Protosynthesis|[silent]
|
|upkeep
|
|t:|1760718912
|switch|p1a: S. scabei hominis|Ribombee, F|100/100
|-damage|p1a: S. scabei hominis|88/100|[from] Spikes
|turn|8
|
|t:|1760718916
|move|p1a: S. scabei hominis|Moonblast|p2a: Landorus
|-damage|p2a: Landorus|66/100
|move|p2a: Landorus|Smack Down|p1a: S. scabei hominis
|-supereffective|p1a: S. scabei hominis
|-damage|p1a: S. scabei hominis|41/100
|
|upkeep
|turn|9
|
|t:|1760718922
|move|p1a: S. scabei hominis|Moonblast|p2a: Landorus
|-crit|p2a: Landorus
|-damage|p2a: Landorus|11/100
|-unboost|p2a: Landorus|spa|1
|move|p2a: Landorus|Smack Down|p1a: S. scabei hominis
|-supereffective|p1a: S. scabei hominis
|-damage|p1a: S. scabei hominis|0 fnt
|faint|p1a: S. scabei hominis
|
|upkeep
|
|t:|1760718925
|switch|p1a: Dragonite|Dragonite, M|100/100
|turn|10
|
|t:|1760718928
|move|p2a: Landorus|Smack Down|p1a: Dragonite
|-supereffective|p1a: Dragonite
|-damage|p1a: Dragonite|82/100
|-start|p1a: Dragonite|Smack Down
|move|p1a: Dragonite|Dragon Dance|p1a: Dragonite
|-boost|p1a: Dragonite|atk|1
|-boost|p1a: Dragonite|spe|1
|
|upkeep
|turn|11
|
|t:|1760718936
|move|p1a: Dragonite|Extreme Speed|p2a: Landorus
|-damage|p2a: Landorus|0 fnt
|-damage|p1a: Dragonite|65/100|[from] item: Rocky Helmet|[of] p2a: Landorus
|faint|p2a: Landorus
|
|upkeep
|
|t:|1760718939
|switch|p2a: Pecharunt|Pecharunt|100/100
|turn|12
|
|t:|1760718944
|move|p1a: Dragonite|Earthquake|p2a: Pecharunt
|-supereffective|p2a: Pecharunt
|-damage|p2a: Pecharunt|35/100
|move|p2a: Pecharunt|Malignant Chain|p1a: Dragonite
|-damage|p1a: Dragonite|30/100
|-status|p1a: Dragonite|tox
|-start|p1a: Dragonite|confusion|[from] ability: Poison Puppeteer|[of] p2a: Pecharunt
|
|-damage|p1a: Dragonite|24/100 tox|[from] psn
|upkeep
|turn|13
|
|t:|1760718949
|switch|p2a: Latios|Latios, M|100/100
|-activate|p1a: Dragonite|confusion
|move|p1a: Dragonite|Earthquake|p2a: Latios
|-immune|p2a: Latios|[from] ability: Levitate
|
|-damage|p1a: Dragonite|11/100 tox|[from] psn
|upkeep
|turn|14
|
|t:|1760718952
|-activate|p1a: Dragonite|confusion
|move|p1a: Dragonite|Dragon Claw|p2a: Latios
|-supereffective|p2a: Latios
|-damage|p2a: Latios|0 fnt
|faint|p2a: Latios
|
|-damage|p1a: Dragonite|0 fnt|[from] psn
|faint|p1a: Dragonite
|upkeep
|
|t:|1760718961
|switch|p2a: Pecharunt|Pecharunt|35/100
|switch|p1a: S. pneumoniae|Enamorus, F|100/100
|turn|15
|
|t:|1760718967
|move|p1a: S. pneumoniae|Mystical Fire|p2a: Pecharunt
|-damage|p2a: Pecharunt|4/100
|-unboost|p2a: Pecharunt|spa|1
|move|p2a: Pecharunt|Malignant Chain|p1a: S. pneumoniae
|-supereffective|p1a: S. pneumoniae
|-damage|p1a: S. pneumoniae|44/100
|-status|p1a: S. pneumoniae|tox
|-start|p1a: S. pneumoniae|confusion|[from] ability: Poison Puppeteer|[of] p2a: Pecharunt
|
|-damage|p1a: S. pneumoniae|38/100 tox|[from] psn
|upkeep
|turn|16
|
|t:|1760718970
|-activate|p1a: S. pneumoniae|confusion
|-damage|p1a: S. pneumoniae|24/100 tox|[from] confusion
|move|p2a: Pecharunt|Recover|p2a: Pecharunt
|-heal|p2a: Pecharunt|54/100
|
|-damage|p1a: S. pneumoniae|12/100 tox|[from] psn
|upkeep
|turn|17
|
|t:|1760718974
|-activate|p1a: S. pneumoniae|confusion
|move|p1a: S. pneumoniae|Mystical Fire|p2a: Pecharunt
|-damage|p2a: Pecharunt|26/100
|-unboost|p2a: Pecharunt|spa|1
|move|p2a: Pecharunt|Recover|p2a: Pecharunt
|-heal|p2a: Pecharunt|76/100
|
|-damage|p1a: S. pneumoniae|0 fnt|[from] psn
|faint|p1a: S. pneumoniae
|upkeep
|
|t:|1760718977
|switch|p1a: O. volvulus|Great Tusk|100/100
|-damage|p1a: O. volvulus|88/100|[from] Spikes
|-enditem|p1a: O. volvulus|Booster Energy
|-activate|p1a: O. volvulus|ability: Protosynthesis|[fromitem]
|-start|p1a: O. volvulus|protosynthesisatk
|turn|18
|
|t:|1760718986
|move|p2a: Pecharunt|Malignant Chain|p1a: O. volvulus
|-resisted|p1a: O. volvulus
|-damage|p1a: O. volvulus|77/100
|move|p1a: O. volvulus|Head Smash|p2a: Pecharunt
|-damage|p2a: Pecharunt|33/100
|-damage|p1a: O. volvulus|55/100|[from] Recoil
|
|upkeep
|turn|19
|
|t:|1760718991
|move|p2a: Pecharunt|Recover|p2a: Pecharunt
|-heal|p2a: Pecharunt|84/100
|move|p1a: O. volvulus|Headlong Rush|p2a: Pecharunt
|-supereffective|p2a: Pecharunt
|-damage|p2a: Pecharunt|0 fnt
|-unboost|p1a: O. volvulus|def|1
|-unboost|p1a: O. volvulus|spd|1
|faint|p2a: Pecharunt
|
|upkeep
|
|t:|1760718995
|switch|p2a: Scizor|Scizor, M|100/100
|turn|20
|
|t:|1760718999
|move|p2a: Scizor|Bullet Punch|p1a: O. volvulus
|-damage|p1a: O. volvulus|15/100
|move|p1a: O. volvulus|Close Combat|p2a: Scizor
|-damage|p2a: Scizor|6/100
|-unboost|p1a: O. volvulus|def|1
|-unboost|p1a: O. volvulus|spd|1
|
|upkeep
|turn|21
|
|t:|1760719001
|move|p2a: Scizor|Bullet Punch|p1a: O. volvulus
|-damage|p1a: O. volvulus|0 fnt
|faint|p1a: O. volvulus
|-end|p1a: O. volvulus|Protosynthesis|[silent]
|
|win|I'mAtSchoolRNfrfr
|raw|Jeremie17's rating: 1180 &rarr; <strong>1158</strong><br />(-22 for losing)
|raw|I&apos;mAtSchoolRNfrfr's rating: 1224 &rarr; <strong>1246</strong><br />(+22 for winning)
|l|☆Jeremie17
|player|p1|
