|j|☆nobita3
|j|☆Genius au
|t:|1760766843
|gametype|singles
|player|p1|nobita3|artist|1173
|player|p2|Genius au|youngster-gen4dp|1126
|gen|9
|tier|[Gen 9] OU
|rated|
|rule|HP Percentage Mod: HP is shown in percentages
|rule|Endless Battle Clause: Forcing endless battles is banned
|rule|Species Clause: Limit one of each Pokémon
|rule|OHKO Clause: OHKO moves are banned
|rule|Evasion Items Clause: Evasion items are banned
|rule|Evasion Moves Clause: Evasion moves are banned
|rule|Evasion Abilities Clause: Evasion abilities are banned
|rule|Sleep Moves Clause: Sleep-inducing moves are banned
|clearpoke
|poke|p1|Porygon-Z|
|poke|p1|Dragapult, M|
|poke|p1|Incineroar, M|
|poke|p1|Hatterene, F|
|poke|p1|Corviknight, M|
|poke|p1|Quaquaval, F|
|poke|p2|Hitmonlee, M|
|poke|p2|Volcanion|
|poke|p2|Trevenant, F|
|poke|p2|Skeledirge, M|
|poke|p2|Heracross, F|
|poke|p2|Shiftry, M|
|teampreview
|inactive|Battle timer is ON: inactive players will automatically lose when time's up. (requested by nobita3)
|
|t:|1760766874
|teamsize|p1|6
|teamsize|p2|6
|start
|switch|p1a: Dragapult|Dragapult, M, shiny|100/100
|switch|p2a: Shiftry|Shiftry, M|100/100
|turn|1
|
|t:|1760766884
|move|p1a: Dragapult|Dragon Dance|p1a: Dragapult
|-boost|p1a: Dragapult|atk|1
|-boost|p1a: Dragapult|spe|1
|move|p2a: Shiftry|Tailwind|p2a: Shiftry
|-sidestart|p2: Genius au|move: Tailwind
|-ability|p2a: Shiftry|Wind Rider|boost
|-boost|p2a: Shiftry|atk|1
|
|upkeep
|turn|2
|
|t:|1760766905
|move|p2a: Shiftry|Upper Hand||[still]
|-fail|p2a: Shiftry
|move|p1a: Dragapult|Phantom Force||[still]
|-prepare|p1a: Dragapult|Phantom Force
|-enditem|p1a: Dragapult|Power Herb
|-anim|p1a: Dragapult|Phantom Force|p2a: Shiftry
|-resisted|p2a: Shiftry
|-damage|p2a: Shiftry|50/100
|
|upkeep
|turn|3
|
|t:|1760766916
|move|p1a: Dragapult|Acrobatics|p2a: Shiftry
|-supereffective|p2a: Shiftry
|-damage|p2a: Shiftry|0 fnt
|faint|p2a: Shiftry
|
|upkeep
|
|t:|1760766925
|switch|p2a: Heracross|Heracross, F|100/100
|turn|4
|
|t:|1760766942
|move|p1a: Dragapult|Dragon Dance|p1a: Dragapult
|-boost|p1a: Dragapult|atk|1
|-boost|p1a: Dragapult|spe|1
|move|p2a: Heracross|Night Slash|p1a: Dragapult
|-supereffective|p1a: Dragapult
|-damage|p1a: Dragapult|31/100
|
|-sideend|p2: Genius au|move: Tailwind
|-status|p2a: Heracross|brn|[from] item: Flame Orb
|upkeep
|turn|5
|
|t:|1760766954
|move|p1a: Dragapult|Acrobatics|p2a: Heracross
|-supereffective|p2a: Heracross
|-damage|p2a: Heracross|0 fnt
|faint|p2a: Heracross
|
|upkeep
|
|t:|1760766961
|switch|p2a: Skeledirge|Skeledirge, M|100/100
|turn|6
|
|t:|1760766965
|move|p1a: Dragapult|Phantom Force||[still]
|-prepare|p1a: Dragapult|Phantom Force
|move|p2a: Skeledirge|Shadow Ball|p1a: Dragapult|[miss]
|-miss|p2a: Skeledirge|p1a: Dragapult
|
|upkeep
|turn|7
|inactive|nobita3 has 120 seconds left.
|
|t:|1760766999
|move|p2a: Skeledirge|Protect|p2a: Skeledirge
|-singleturn|p2a: Skeledirge|Protect
|move|p1a: Dragapult|Phantom Force|p2a: Skeledirge|[from] lockedmove
|-activate|p2a: Skeledirge|move: Phantom Force|[broken]
|-supereffective|p2a: Skeledirge
|-damage|p2a: Skeledirge|30/100
|
|upkeep
|turn|8
|c|☆nobita3|brooo
|inactive|nobita3 has 120 seconds left.
|c|☆nobita3|phantom force cannot block
|
|t:|1760767021
|move|p1a: Dragapult|Acrobatics|p2a: Skeledirge
|-crit|p2a: Skeledirge
|-damage|p2a: Skeledirge|0 fnt
|faint|p2a: Skeledirge
|
|upkeep
|
|t:|1760767024
|switch|p2a: Hitmonlee|Hitmonlee, M|100/100
|turn|9
|
|t:|1760767027
|move|p2a: Hitmonlee|Endure|p2a: Hitmonlee
|-singleturn|p2a: Hitmonlee|move: Endure
|move|p1a: Dragapult|Acrobatics|p2a: Hitmonlee
|-supereffective|p2a: Hitmonlee
|-activate|p2a: Hitmonlee|move: Endure
|-damage|p2a: Hitmonlee|1/100
|-enditem|p2a: Hitmonlee|Liechi Berry|[eat]
|-boost|p2a: Hitmonlee|atk|1|[from] item: Liechi Berry
|
|upkeep
|turn|10
|
|t:|1760767036
|move|p1a: Dragapult|Acrobatics|p2a: Hitmonlee
|-supereffective|p2a: Hitmonlee
|-damage|p2a: Hitmonlee|0 fnt
|faint|p2a: Hitmonlee
|
|upkeep
|-message|Genius au forfeited.
|
|win|nobita3
|raw|nobita3's rating: 1173 &rarr; <strong>1195</strong><br />(+22 for winning)
|raw|Genius au's rating: 1126 &rarr; <strong>1104</strong><br />(-22 for losing)
|l|☆nobita3
|player|p1|
|l|☆Genius au
|player|p2|
