|j|☆DISTEWY
|j|☆GeorgiaEternatuss
|t:|1760844019
|gametype|singles
|player|p1|DISTEWY|102|1310
|player|p2|GeorgiaEternatuss|steven|1265
|gen|9
|tier|[Gen 9] OU
|rated|
|rule|HP Percentage Mod: HP is shown in percentages
|rule|Endless Battle Clause: Forcing endless battles is banned
|rule|Species Clause: Limit one of each Pokémon
|rule|OHKO Clause: OHKO moves are banned
|rule|Evasion Items Clause: Evasion items are banned
|rule|Evasion Moves Clause: Evasion moves are banned
|rule|Evasion Abilities Clause: Evasion abilities are banned
|rule|Sleep Moves Clause: Sleep-inducing moves are banned
|clearpoke
|poke|p1|Iron Treads|
|poke|p1|Slowbro, M|
|poke|p1|Raging Bolt|
|poke|p1|Iron Moth|
|poke|p1|Hydrapple, M|
|poke|p1|Samurott-Hisui, F|
|poke|p2|Cinderace, F|
|poke|p2|Slowking-Galar, F|
|poke|p2|Alomomola, F|
|poke|p2|Corviknight, F|
|poke|p2|Kyurem|
|poke|p2|Ting-Lu|
|teampreview
|inactive|Battle timer is ON: inactive players will automatically lose when time's up. (requested by DISTEWY)
|
|t:|1760844039
|teamsize|p1|6
|teamsize|p2|6
|start
|switch|p1a: Heavy-Duty Boots|Hydrapple, M|100/100
|switch|p2a: Florence Pugh|Cinderace, F, shiny|100/100
|turn|1
|
|t:|1760844050
|move|p2a: Florence Pugh|U-turn|p1a: Heavy-Duty Boots
|-start|p2a: Florence Pugh|typechange|Bug|[from] ability: Libero
|-supereffective|p1a: Heavy-Duty Boots
|-damage|p1a: Heavy-Duty Boots|54/100
|
|t:|1760844056
|switch|p2a: Taylor Momsen|Slowking-Galar, F, shiny|100/100|[from] U-turn
|move|p1a: Heavy-Duty Boots|Infestation|p2a: Taylor Momsen
|-damage|p2a: Taylor Momsen|97/100
|-activate|p2a: Taylor Momsen|move: Infestation|[of] p1a: Heavy-Duty Boots
|
|-damage|p2a: Taylor Momsen|85/100|[from] move: Infestation|[partiallytrapped]
|upkeep
|turn|2
|
|t:|1760844070
|switch|p1a: Choice Scarf|Iron Treads, shiny|100/100
|-prepare|p2a: Taylor Momsen|Chilly Reception|[premajor]
|move|p2a: Taylor Momsen|Chilly Reception|p2a: Taylor Momsen
|-weather|Snowscape
|
|t:|1760844076
|switch|p2a: Corviknight|Corviknight, F, shiny|100/100|[from] Chilly Reception
|-ability|p2a: Corviknight|Pressure
|
|-weather|Snowscape|[upkeep]
|upkeep
|turn|3
|
|t:|1760844087
|move|p1a: Choice Scarf|Volt Switch|p2a: Corviknight
|-supereffective|p2a: Corviknight
|-damage|p2a: Corviknight|80/100
|
|t:|1760844099
|-end|p1a: Choice Scarf|Quark Drive|[silent]
|switch|p1a: Rocky Helmet|Slowbro, M|100/100|[from] Volt Switch
|move|p2a: Corviknight|U-turn|p1a: Rocky Helmet
|-supereffective|p1a: Rocky Helmet
|-damage|p1a: Rocky Helmet|79/100
|
|t:|1760844113
|switch|p2a: Kyurem|Kyurem|100/100|[from] U-turn
|-ability|p2a: Kyurem|Pressure
|
|-weather|Snowscape|[upkeep]
|upkeep
|turn|4
|
|t:|1760844132
|move|p2a: Kyurem|Substitute|p2a: Kyurem
|-start|p2a: Kyurem|Substitute
|-damage|p2a: Kyurem|76/100
|move|p1a: Rocky Helmet|Future Sight|p2a: Kyurem
|-start|p1a: Rocky Helmet|move: Future Sight
|
|-weather|Snowscape|[upkeep]
|-heal|p2a: Kyurem|82/100|[from] item: Leftovers
|upkeep
|turn|5
|
|t:|1760844147
|move|p2a: Kyurem|Freeze-Dry|p1a: Rocky Helmet
|-supereffective|p1a: Rocky Helmet
|-damage|p1a: Rocky Helmet|41/100
|-status|p1a: Rocky Helmet|frz
|cant|p1a: Rocky Helmet|frz
|
|-weather|Snowscape|[upkeep]
|-heal|p2a: Kyurem|88/100|[from] item: Leftovers
|upkeep
|turn|6
|
|t:|1760844159
|move|p2a: Kyurem|Protect|p2a: Kyurem
|-singleturn|p2a: Kyurem|Protect
|cant|p1a: Rocky Helmet|frz
|
|-weather|none
|-end|p2a: Kyurem|move: Future Sight
|-end|p2a: Kyurem|Substitute
|-heal|p2a: Kyurem|94/100|[from] item: Leftovers
|upkeep
|turn|7
|
|t:|1760844169
|switch|p1a: Choice Specs|Iron Moth, shiny|100/100
|move|p2a: Kyurem|Substitute|p2a: Kyurem
|-start|p2a: Kyurem|Substitute
|-damage|p2a: Kyurem|69/100
|
|-heal|p2a: Kyurem|75/100|[from] item: Leftovers
|upkeep
|turn|8
|
|t:|1760844180
|move|p2a: Kyurem|Protect|p2a: Kyurem
|-singleturn|p2a: Kyurem|Protect
|move|p1a: Choice Specs|Fiery Dance|p2a: Kyurem
|-activate|p2a: Kyurem|move: Protect
|
|-heal|p2a: Kyurem|82/100|[from] item: Leftovers
|upkeep
|turn|9
|
|t:|1760844200
|move|p1a: Choice Specs|Fiery Dance|p2a: Kyurem
|-end|p2a: Kyurem|Substitute
|-boost|p1a: Choice Specs|spa|1
|move|p2a: Kyurem|Earth Power|p1a: Choice Specs
|-supereffective|p1a: Choice Specs
|-damage|p1a: Choice Specs|5/100
|-unboost|p1a: Choice Specs|spd|1
|
|-heal|p2a: Kyurem|88/100|[from] item: Leftovers
|upkeep
|turn|10
|
|t:|1760844214
|move|p2a: Kyurem|Protect|p2a: Kyurem
|-singleturn|p2a: Kyurem|Protect
|move|p1a: Choice Specs|Dazzling Gleam|p2a: Kyurem
|-activate|p2a: Kyurem|move: Protect
|
|-heal|p2a: Kyurem|94/100|[from] item: Leftovers
|upkeep
|turn|11
|
|t:|1760844223
|switch|p2a: Florence Pugh|Cinderace, F, shiny|100/100
|move|p1a: Choice Specs|Fiery Dance|p2a: Florence Pugh
|-resisted|p2a: Florence Pugh
|-damage|p2a: Florence Pugh|52/100
|
|upkeep
|turn|12
|
|t:|1760844235
|-end|p1a: Choice Specs|Quark Drive|[silent]
|switch|p1a: Rocky Helmet|Slowbro, M|74/100 frz
|move|p2a: Florence Pugh|Pyro Ball|p1a: Rocky Helmet
|-resisted|p1a: Rocky Helmet
|-damage|p1a: Rocky Helmet|55/100 frz
|-curestatus|p1a: Rocky Helmet|frz|[msg]
|
|upkeep
|turn|13
|
|t:|1760844252
|switch|p2a: Taylor Momsen|Slowking-Galar, F, shiny|100/100
|move|p1a: Rocky Helmet|Scald|p2a: Taylor Momsen
|-damage|p2a: Taylor Momsen|85/100
|
|upkeep
|turn|14
|
|t:|1760844262
|move|p1a: Rocky Helmet|Future Sight|p2a: Taylor Momsen
|-start|p1a: Rocky Helmet|move: Future Sight
|-prepare|p2a: Taylor Momsen|Chilly Reception|[premajor]
|move|p2a: Taylor Momsen|Chilly Reception|p2a: Taylor Momsen
|-weather|Snowscape
|
|t:|1760844268
|switch|p2a: Kyurem|Kyurem|94/100|[from] Chilly Reception
|-ability|p2a: Kyurem|Pressure
|
|-weather|Snowscape|[upkeep]
|-heal|p2a: Kyurem|99/100|[from] item: Leftovers
|upkeep
|turn|15
|
|t:|1760844279
|move|p2a: Kyurem|Freeze-Dry|p1a: Rocky Helmet
|-supereffective|p1a: Rocky Helmet
|-damage|p1a: Rocky Helmet|14/100
|move|p1a: Rocky Helmet|Foul Play|p2a: Kyurem
|-damage|p2a: Kyurem|85/100
|
|-weather|Snowscape|[upkeep]
|-heal|p2a: Kyurem|91/100|[from] item: Leftovers
|upkeep
|turn|16
|
|t:|1760844291
|switch|p2a: Ting-Lu|Ting-Lu|100/100
|-ability|p2a: Ting-Lu|Vessel of Ruin
|switch|p1a: Choice Scarf|Iron Treads, shiny|100/100
|
|-weather|Snowscape|[upkeep]
|-end|p2a: Ting-Lu|move: Future Sight
|-immune|p2a: Ting-Lu
|upkeep
|turn|17
|
|t:|1760844306
|-end|p1a: Choice Scarf|Quark Drive|[silent]
|switch|p1a: Heavy-Duty Boots|Hydrapple, M|87/100
|move|p2a: Ting-Lu|Stealth Rock|p1a: Heavy-Duty Boots
|-sidestart|p1: DISTEWY|move: Stealth Rock
|
|-weather|Snowscape|[upkeep]
|upkeep
|turn|18
|
|t:|1760844319
|-terastallize|p2a: Ting-Lu|Poison
|move|p1a: Heavy-Duty Boots|Infestation|p2a: Ting-Lu
|-resisted|p2a: Ting-Lu
|-damage|p2a: Ting-Lu|99/100
|-activate|p2a: Ting-Lu|move: Infestation|[of] p1a: Heavy-Duty Boots
|move|p2a: Ting-Lu|Whirlwind|p1a: Heavy-Duty Boots
|drag|p1a: Focus Sash|Samurott-Hisui, F|100/100
|-damage|p1a: Focus Sash|88/100|[from] Stealth Rock
|
|-weather|none
|-heal|p2a: Ting-Lu|100/100|[from] item: Leftovers
|-end|p2a: Ting-Lu|Infestation|[partiallytrapped]|[silent]
|upkeep
|turn|19
|
|t:|1760844332
|move|p1a: Focus Sash|Ceaseless Edge|p2a: Ting-Lu
|-damage|p2a: Ting-Lu|79/100
|-sidestart|p2: GeorgiaEternatuss|Spikes
|move|p2a: Ting-Lu|Ruination|p1a: Focus Sash
|-damage|p1a: Focus Sash|44/100
|
|-heal|p2a: Ting-Lu|86/100|[from] item: Leftovers
|upkeep
|turn|20
|
|t:|1760844345
|move|p1a: Focus Sash|Ceaseless Edge|p2a: Ting-Lu
|-damage|p2a: Ting-Lu|61/100
|-sidestart|p2: GeorgiaEternatuss|Spikes
|move|p2a: Ting-Lu|Ruination|p1a: Focus Sash
|-damage|p1a: Focus Sash|23/100
|
|-heal|p2a: Ting-Lu|67/100|[from] item: Leftovers
|upkeep
|turn|21
|
|t:|1760844358
|switch|p2a: Ana Golja|Alomomola, F, shiny|100/100
|-damage|p2a: Ana Golja|84/100|[from] Spikes
|move|p1a: Focus Sash|Ceaseless Edge|p2a: Ana Golja
|-damage|p2a: Ana Golja|62/100
|-damage|p1a: Focus Sash|6/100|[from] item: Rocky Helmet|[of] p2a: Ana Golja
|-sidestart|p2: GeorgiaEternatuss|Spikes
|
|upkeep
|turn|22
|
|t:|1760844369
|move|p1a: Focus Sash|Sacred Sword|p2a: Ana Golja
|-damage|p2a: Ana Golja|42/100
|-damage|p1a: Focus Sash|0 fnt|[from] item: Rocky Helmet|[of] p2a: Ana Golja
|faint|p1a: Focus Sash
|move|p2a: Ana Golja|Wish|p2a: Ana Golja
|
|upkeep
|
|t:|1760844380
|switch|p1a: Heavy-Duty Boots|Hydrapple, M|100/100
|-damage|p1a: Heavy-Duty Boots|88/100|[from] Stealth Rock
|turn|23
|
|t:|1760844386
|switch|p2a: Ting-Lu|Ting-Lu, tera:Poison|67/100
|-damage|p2a: Ting-Lu|42/100|[from] Spikes
|-ability|p2a: Ting-Lu|Vessel of Ruin
|move|p1a: Heavy-Duty Boots|Infestation|p2a: Ting-Lu
|-resisted|p2a: Ting-Lu
|-damage|p2a: Ting-Lu|41/100
|-activate|p2a: Ting-Lu|move: Infestation|[of] p1a: Heavy-Duty Boots
|
|-heal|p2a: Ting-Lu|93/100|[from] move: Wish|[wisher] Ana Golja
|-heal|p2a: Ting-Lu|99/100|[from] item: Leftovers
|-damage|p2a: Ting-Lu|87/100|[from] move: Infestation|[partiallytrapped]
|upkeep
|turn|24
|
|t:|1760844400
|move|p1a: Heavy-Duty Boots|Earth Power|p2a: Ting-Lu
|-supereffective|p2a: Ting-Lu
|-damage|p2a: Ting-Lu|67/100
|move|p2a: Ting-Lu|Whirlwind|p1a: Heavy-Duty Boots
|drag|p1a: White Herb|Raging Bolt|100/100
|-damage|p1a: White Herb|88/100|[from] Stealth Rock
|
|-heal|p2a: Ting-Lu|74/100|[from] item: Leftovers
|-end|p2a: Ting-Lu|Infestation|[partiallytrapped]|[silent]
|upkeep
|turn|25
|
|t:|1760844412
|move|p1a: White Herb|Charge Beam|p2a: Ting-Lu
|-damage|p2a: Ting-Lu|62/100
|-boost|p1a: White Herb|spa|1
|move|p2a: Ting-Lu|Earthquake|p1a: White Herb
|-supereffective|p1a: White Herb
|-crit|p1a: White Herb
|-damage|p1a: White Herb|3/100
|
|-heal|p2a: Ting-Lu|68/100|[from] item: Leftovers
|upkeep
|turn|26
|
|t:|1760844424
|move|p1a: White Herb|Thunderclap||[still]
|-fail|p1a: White Herb
|move|p2a: Ting-Lu|Whirlwind|p1a: White Herb
|-end|p1a: White Herb|Protosynthesis|[silent]
|drag|p1a: Choice Specs|Iron Moth, shiny|5/100
|-damage|p1a: Choice Specs|0 fnt|[from] Stealth Rock
|faint|p1a: Choice Specs
|-end|p1a: Choice Specs|Quark Drive|[silent]
|
|-heal|p2a: Ting-Lu|74/100|[from] item: Leftovers
|upkeep
|-message|DISTEWY forfeited.
|
|win|GeorgiaEternatuss
|raw|DISTEWY's rating: 1310 &rarr; <strong>1287</strong><br />(-23 for losing)
|raw|GeorgiaEternatuss's rating: 1265 &rarr; <strong>1293</strong><br />(+28 for winning)
|l|☆DISTEWY
|player|p1|
