|j|☆levi6969
|j|☆xxxpump
|t:|1760827738
|gametype|singles
|player|p1|levi6969|266|1452
|player|p2|xxxpump|veteran|1404
|gen|9
|tier|[Gen 9] OU
|rated|
|rule|HP Percentage Mod: HP is shown in percentages
|rule|Endless Battle Clause: Forcing endless battles is banned
|rule|Species Clause: Limit one of each Pokémon
|rule|OHKO Clause: OHKO moves are banned
|rule|Evasion Items Clause: Evasion items are banned
|rule|Evasion Moves Clause: Evasion moves are banned
|rule|Evasion Abilities Clause: Evasion abilities are banned
|rule|Sleep Moves Clause: Sleep-inducing moves are banned
|clearpoke
|poke|p1|Zamazenta-*|
|poke|p1|Iron Leaves|
|poke|p1|Ursaluna, M|
|poke|p1|Toxapex, F|
|poke|p1|Corviknight, F|
|poke|p1|Clefable, F|
|poke|p2|Tornadus-Therian, M|
|poke|p2|Garganacl, M|
|poke|p2|Hydrapple, F|
|poke|p2|Gholdengo|
|poke|p2|Great Tusk|
|poke|p2|Kingambit, F|
|teampreview
|inactive|Battle timer is ON: inactive players will automatically lose when time's up. (requested by levi6969)
|
|t:|1760827757
|teamsize|p1|6
|teamsize|p2|6
|start
|switch|p1a: Clefable|Clefable, F, shiny|100/100
|switch|p2a: Great Tusk|Great Tusk|100/100
|turn|1
|
|t:|1760827766
|-terastallize|p2a: Great Tusk|Steel
|move|p2a: Great Tusk|Stealth Rock|p1a: Clefable
|-sidestart|p1: levi6969|move: Stealth Rock
|move|p1a: Clefable|Moonblast|p2a: Great Tusk
|-resisted|p2a: Great Tusk
|-damage|p2a: Great Tusk|78/100
|
|upkeep
|turn|2
|
|t:|1760827776
|switch|p1a: Corviknight|Corviknight, F, shiny|100/100
|-damage|p1a: Corviknight|88/100|[from] Stealth Rock
|-ability|p1a: Corviknight|Pressure
|move|p2a: Great Tusk|Headlong Rush|p1a: Corviknight
|-immune|p1a: Corviknight
|
|upkeep
|turn|3
|
|t:|1760827781
|-end|p2a: Great Tusk|Protosynthesis|[silent]
|switch|p2a: Tornadus|Tornadus-Therian, M|100/100
|move|p1a: Corviknight|Defog|p2a: Tornadus
|-unboost|p2a: Tornadus|evasion|1
|-sideend|p1: levi6969|Stealth Rock|[from] move: Defog|[of] p1a: Corviknight
|
|upkeep
|turn|4
|
|t:|1760827787
|switch|p1a: Toxapex|Toxapex, F|100/100
|move|p2a: Tornadus|Heat Wave|p1a: Toxapex
|-resisted|p1a: Toxapex
|-damage|p1a: Toxapex|94/100
|
|upkeep
|turn|5
|
|t:|1760827795
|move|p2a: Tornadus|Knock Off|p1a: Toxapex
|-damage|p1a: Toxapex|77/100
|-enditem|p1a: Toxapex|Assault Vest|[from] move: Knock Off|[of] p2a: Tornadus
|move|p1a: Toxapex|Surf|p2a: Tornadus
|-damage|p2a: Tornadus|71/100
|
|upkeep
|turn|6
|
|t:|1760827799
|move|p2a: Tornadus|U-turn|p1a: Toxapex
|-resisted|p1a: Toxapex
|-damage|p1a: Toxapex|72/100
|
|t:|1760827807
|switch|p2a: Garganacl|Garganacl, M|100/100|[from] U-turn
|move|p1a: Toxapex|Surf|p2a: Garganacl
|-supereffective|p2a: Garganacl
|-damage|p2a: Garganacl|59/100
|
|-heal|p2a: Garganacl|65/100|[from] item: Leftovers
|upkeep
|turn|7
|
|t:|1760827821
|move|p2a: Garganacl|Salt Cure|p1a: Toxapex
|-damage|p1a: Toxapex|61/100
|-start|p1a: Toxapex|Salt Cure
|move|p1a: Toxapex|Acid Spray|p2a: Garganacl
|-resisted|p2a: Garganacl
|-damage|p2a: Garganacl|61/100
|-unboost|p2a: Garganacl|spd|2
|
|-heal|p2a: Garganacl|67/100|[from] item: Leftovers
|-damage|p1a: Toxapex|36/100|[from] Salt Cure
|upkeep
|turn|8
|
|t:|1760827831
|switch|p1a: Zamazenta|Zamazenta|100/100
|-ability|p1a: Zamazenta|Dauntless Shield|boost
|-boost|p1a: Zamazenta|def|1
|switch|p2a: Tornadus|Tornadus-Therian, M|100/100
|
|upkeep
|turn|9
|
|t:|1760827840
|switch|p1a: Clefable|Clefable, F, shiny|100/100
|move|p2a: Tornadus|Bleakwind Storm|p1a: Clefable
|-damage|p1a: Clefable|64/100
|
|upkeep
|turn|10
|
|t:|1760827846
|move|p2a: Tornadus|U-turn|p1a: Clefable
|-resisted|p1a: Clefable
|-damage|p1a: Clefable|59/100
|
|t:|1760827848
|switch|p2a: Gholdengo|Gholdengo|100/100|[from] U-turn
|move|p1a: Clefable|Stealth Rock|p2a: Gholdengo
|-sidestart|p2: xxxpump|move: Stealth Rock
|
|upkeep
|turn|11
|
|t:|1760827869
|switch|p1a: Toxapex|Toxapex, F|69/100
|move|p2a: Gholdengo|Trick|p1a: Toxapex
|-activate|p2a: Gholdengo|move: Trick|[of] p1a: Toxapex
|-item|p1a: Toxapex|Choice Scarf|[from] move: Trick
|-enditem|p2a: Gholdengo|Choice Scarf|[silent]|[from] move: Trick
|
|upkeep
|turn|12
|
|t:|1760827887
|switch|p1a: Ursaluna|Ursaluna, M, shiny|100/100
|move|p2a: Gholdengo|Shadow Ball|p1a: Ursaluna
|-immune|p1a: Ursaluna
|
|upkeep
|turn|13
|
|t:|1760827896
|move|p2a: Gholdengo|Make It Rain|p1a: Ursaluna
|-damage|p1a: Ursaluna|58/100
|-unboost|p2a: Gholdengo|spa|1
|move|p1a: Ursaluna|Bulk Up|p1a: Ursaluna
|-boost|p1a: Ursaluna|atk|1
|-boost|p1a: Ursaluna|def|1
|
|-heal|p1a: Ursaluna|64/100|[from] item: Leftovers
|upkeep
|turn|14
|
|t:|1760827904
|move|p2a: Gholdengo|Make It Rain|p1a: Ursaluna
|-damage|p1a: Ursaluna|35/100
|-unboost|p2a: Gholdengo|spa|1
|move|p1a: Ursaluna|Body Slam|p2a: Gholdengo
|-immune|p2a: Gholdengo
|
|-heal|p1a: Ursaluna|42/100|[from] item: Leftovers
|upkeep
|turn|15
|
|t:|1760827913
|switch|p2a: Tornadus|Tornadus-Therian, M|100/100
|move|p1a: Ursaluna|Body Slam|p2a: Tornadus
|-damage|p2a: Tornadus|32/100
|
|-heal|p1a: Ursaluna|48/100|[from] item: Leftovers
|upkeep
|turn|16
|
|t:|1760827921
|move|p1a: Ursaluna|Protect|p1a: Ursaluna
|-singleturn|p1a: Ursaluna|Protect
|move|p2a: Tornadus|Bleakwind Storm|p1a: Ursaluna
|-activate|p1a: Ursaluna|move: Protect
|
|-heal|p1a: Ursaluna|54/100|[from] item: Leftovers
|upkeep
|turn|17
|
|t:|1760827924
|switch|p1a: Toxapex|Toxapex, F|100/100
|move|p2a: Tornadus|Bleakwind Storm|p1a: Toxapex
|-damage|p1a: Toxapex|68/100
|
|upkeep
|turn|18
|
|t:|1760827935
|switch|p2a: Hydrapple|Hydrapple, F|100/100
|move|p1a: Toxapex|Ice Beam|p2a: Hydrapple
|-supereffective|p2a: Hydrapple
|-damage|p2a: Hydrapple|25/100
|
|upkeep
|turn|19
|
|t:|1760827944
|switch|p1a: Ursaluna|Ursaluna, M, shiny|54/100
|switch|p2a: Kingambit|Kingambit, F|100/100
|-damage|p2a: Kingambit|94/100|[from] Stealth Rock
|
|-heal|p2a: Kingambit|100/100|[from] item: Leftovers
|-heal|p1a: Ursaluna|60/100|[from] item: Leftovers
|upkeep
|turn|20
|
|t:|1760827958
|-end|p2a: Kingambit|fallenundefined|[silent]
|switch|p2a: Tornadus|Tornadus-Therian, M|65/100
|move|p1a: Ursaluna|Body Slam|p2a: Tornadus
|-damage|p2a: Tornadus|20/100
|
|-heal|p1a: Ursaluna|67/100|[from] item: Leftovers
|upkeep
|turn|21
|
|t:|1760827963
|switch|p2a: Hydrapple|Hydrapple, F|59/100
|move|p1a: Ursaluna|Protect||[still]
|-fail|p1a: Ursaluna
|
|-heal|p1a: Ursaluna|73/100|[from] item: Leftovers
|upkeep
|turn|22
|
|t:|1760827970
|switch|p1a: Toxapex|Toxapex, F|100/100
|move|p2a: Hydrapple|Giga Drain|p1a: Toxapex
|-damage|p1a: Toxapex|76/100
|-heal|p2a: Hydrapple|68/100|[from] drain|[of] p1a: Toxapex
|
|upkeep
|turn|23
|
|t:|1760827979
|switch|p2a: Gholdengo|Gholdengo|100/100
|-damage|p2a: Gholdengo|94/100|[from] Stealth Rock
|move|p1a: Toxapex|Ice Beam|p2a: Gholdengo
|-resisted|p2a: Gholdengo
|-damage|p2a: Gholdengo|84/100
|
|upkeep
|turn|24
|
|t:|1760827987
|move|p2a: Gholdengo|Make It Rain|p1a: Toxapex
|-resisted|p1a: Toxapex
|-damage|p1a: Toxapex|48/100
|-unboost|p2a: Gholdengo|spa|1
|move|p1a: Toxapex|Ice Beam|p2a: Gholdengo
|-resisted|p2a: Gholdengo
|-damage|p2a: Gholdengo|72/100
|
|upkeep
|turn|25
|
|t:|1760827999
|switch|p2a: Kingambit|Kingambit, F|100/100
|-damage|p2a: Kingambit|94/100|[from] Stealth Rock
|switch|p1a: Zamazenta|Zamazenta|100/100
|
|-heal|p2a: Kingambit|100/100|[from] item: Leftovers
|upkeep
|turn|26
|
|t:|1760828002
|-end|p2a: Kingambit|fallenundefined|[silent]
|switch|p2a: Tornadus|Tornadus-Therian, M|54/100
|move|p1a: Zamazenta|Focus Blast|p2a: Tornadus
|-resisted|p2a: Tornadus
|-damage|p2a: Tornadus|14/100
|
|upkeep
|turn|27
|
|t:|1760828012
|switch|p2a: Hydrapple|Hydrapple, F|100/100
|move|p1a: Zamazenta|Focus Blast|p2a: Hydrapple
|-damage|p2a: Hydrapple|27/100
|
|upkeep
|turn|28
|
|t:|1760828024
|switch|p2a: Gholdengo|Gholdengo|72/100
|-damage|p2a: Gholdengo|66/100|[from] Stealth Rock
|move|p1a: Zamazenta|Focus Blast|p2a: Gholdengo
|-immune|p2a: Gholdengo
|
|upkeep
|turn|29
|
|t:|1760828036
|switch|p1a: Toxapex|Toxapex, F|81/100
|move|p2a: Gholdengo|Dazzling Gleam|p1a: Toxapex
|-resisted|p1a: Toxapex
|-damage|p1a: Toxapex|68/100
|
|upkeep
|turn|30
|
|t:|1760828045
|move|p2a: Gholdengo|Shadow Ball|p1a: Toxapex
|-damage|p1a: Toxapex|35/100
|move|p1a: Toxapex|Ice Beam|p2a: Gholdengo
|-resisted|p2a: Gholdengo
|-damage|p2a: Gholdengo|54/100
|
|upkeep
|turn|31
|
|t:|1760828054
|switch|p1a: Corviknight|Corviknight, F, shiny|88/100
|-ability|p1a: Corviknight|Pressure
|move|p2a: Gholdengo|Shadow Ball|p1a: Corviknight
|-damage|p1a: Corviknight|47/100
|-unboost|p1a: Corviknight|spd|1
|
|upkeep
|turn|32
|
|t:|1760828059
|switch|p1a: Ursaluna|Ursaluna, M, shiny|73/100
|move|p2a: Gholdengo|Shadow Ball|p1a: Ursaluna
|-immune|p1a: Ursaluna
|
|-heal|p1a: Ursaluna|79/100|[from] item: Leftovers
|upkeep
|turn|33
|
|t:|1760828067
|move|p2a: Gholdengo|Dazzling Gleam|p1a: Ursaluna
|-damage|p1a: Ursaluna|59/100
|move|p1a: Ursaluna|Earthquake|p2a: Gholdengo
|-supereffective|p2a: Gholdengo
|-damage|p2a: Gholdengo|0 fnt
|faint|p2a: Gholdengo
|
|-heal|p1a: Ursaluna|66/100|[from] item: Leftovers
|upkeep
|
|t:|1760828078
|switch|p2a: Hydrapple|Hydrapple, F|60/100
|turn|34
|
|t:|1760828083
|switch|p1a: Toxapex|Toxapex, F|68/100
|move|p2a: Hydrapple|Nasty Plot|p2a: Hydrapple
|-boost|p2a: Hydrapple|spa|2
|
|upkeep
|turn|35
|
|t:|1760828090
|move|p1a: Toxapex|Ice Beam|p2a: Hydrapple
|-supereffective|p2a: Hydrapple
|-damage|p2a: Hydrapple|0 fnt
|faint|p2a: Hydrapple
|
|upkeep
|
|t:|1760828100
|switch|p2a: Kingambit|Kingambit, F|100/100
|-damage|p2a: Kingambit|94/100|[from] Stealth Rock
|-activate|p2a: Kingambit|ability: Supreme Overlord
|-start|p2a: Kingambit|fallen2|[silent]
|turn|36
|
|t:|1760828107
|switch|p1a: Corviknight|Corviknight, F, shiny|47/100
|-ability|p1a: Corviknight|Pressure
|move|p2a: Kingambit|Swords Dance|p2a: Kingambit
|-boost|p2a: Kingambit|atk|2
|
|-heal|p2a: Kingambit|100/100|[from] item: Leftovers
|upkeep
|turn|37
|
|t:|1760828113
|move|p2a: Kingambit|Swords Dance|p2a: Kingambit
|-boost|p2a: Kingambit|atk|2
|move|p1a: Corviknight|Roost|p1a: Corviknight
|-heal|p1a: Corviknight|97/100
|-singleturn|p1a: Corviknight|move: Roost
|
|upkeep
|turn|38
|
|t:|1760828117
|move|p2a: Kingambit|Swords Dance|p2a: Kingambit
|-boost|p2a: Kingambit|atk|2
|move|p1a: Corviknight|Body Press|p2a: Kingambit
|-supereffective|p2a: Kingambit
|-damage|p2a: Kingambit|16/100
|
|-heal|p2a: Kingambit|22/100|[from] item: Leftovers
|upkeep
|turn|39
|
|t:|1760828124
|move|p2a: Kingambit|Kowtow Cleave|p1a: Corviknight
|-damage|p1a: Corviknight|0 fnt
|-damage|p2a: Kingambit|6/100|[from] item: Rocky Helmet|[of] p1a: Corviknight
|faint|p1a: Corviknight
|
|-heal|p2a: Kingambit|12/100|[from] item: Leftovers
|upkeep
|
|t:|1760828135
|switch|p1a: Clefable|Clefable, F, shiny|59/100
|turn|40
|
|t:|1760828143
|move|p2a: Kingambit|Iron Head|p1a: Clefable
|-supereffective|p1a: Clefable
|-damage|p1a: Clefable|0 fnt
|faint|p1a: Clefable
|
|-heal|p2a: Kingambit|18/100|[from] item: Leftovers
|upkeep
|
|t:|1760828167
|switch|p1a: Zamazenta|Zamazenta|100/100
|turn|41
|inactive|xxxpump has 120 seconds left.
|
|t:|1760828223
|move|p2a: Kingambit|Sucker Punch|p1a: Zamazenta
|-resisted|p1a: Zamazenta
|-damage|p1a: Zamazenta|14/100
|move|p1a: Zamazenta|Moonblast|p2a: Kingambit
|-damage|p2a: Kingambit|0 fnt
|faint|p2a: Kingambit
|-end|p2a: Kingambit|fallen2|[silent]
|
|upkeep
|inactive|xxxpump has 90 seconds left.
|
|t:|1760828251
|switch|p2a: Tornadus|Tornadus-Therian, M|47/100
|turn|42
|
|t:|1760828259
|switch|p1a: Toxapex|Toxapex, F|100/100
|move|p2a: Tornadus|U-turn|p1a: Toxapex
|-resisted|p1a: Toxapex
|-damage|p1a: Toxapex|95/100
|
|t:|1760828268
|switch|p2a: Great Tusk|Great Tusk, tera:Steel|78/100|[from] U-turn
|
|upkeep
|turn|43
|
|t:|1760828273
|move|p2a: Great Tusk|Headlong Rush|p1a: Toxapex
|-supereffective|p1a: Toxapex
|-damage|p1a: Toxapex|0 fnt
|-unboost|p2a: Great Tusk|def|1
|-unboost|p2a: Great Tusk|spd|1
|faint|p1a: Toxapex
|
|upkeep
|
|t:|1760828286
|switch|p1a: Iron Leaves|Iron Leaves|100/100
|-enditem|p1a: Iron Leaves|Booster Energy
|-activate|p1a: Iron Leaves|ability: Quark Drive|[fromitem]
|-start|p1a: Iron Leaves|quarkdrivespe
|turn|44
|
|t:|1760828298
|move|p1a: Iron Leaves|Swords Dance|p1a: Iron Leaves
|-boost|p1a: Iron Leaves|atk|2
|move|p2a: Great Tusk|Ice Spinner|p1a: Iron Leaves
|-supereffective|p1a: Iron Leaves
|-damage|p1a: Iron Leaves|34/100
|
|upkeep
|turn|45
|
|t:|1760828305
|-end|p2a: Great Tusk|Protosynthesis|[silent]
|switch|p2a: Tornadus|Tornadus-Therian, M|80/100
|move|p1a: Iron Leaves|Sacred Sword|p2a: Tornadus
|-resisted|p2a: Tornadus
|-damage|p2a: Tornadus|44/100
|
|upkeep
|turn|46
|
|t:|1760828312
|move|p1a: Iron Leaves|Psyblade|p2a: Tornadus
|-crit|p2a: Tornadus
|-damage|p2a: Tornadus|0 fnt
|faint|p2a: Tornadus
|
|upkeep
|
|t:|1760828317
|switch|p2a: Great Tusk|Great Tusk, tera:Steel|78/100
|turn|47
|
|t:|1760828329
|-terastallize|p1a: Iron Leaves|Fighting
|move|p1a: Iron Leaves|Sacred Sword|p2a: Great Tusk
|-supereffective|p2a: Great Tusk
|-damage|p2a: Great Tusk|0 fnt
|faint|p2a: Great Tusk
|-end|p2a: Great Tusk|Protosynthesis|[silent]
|
|upkeep
|inactive|xxxpump has 120 seconds left.
|
|t:|1760828334
|switch|p2a: Garganacl|Garganacl, M|67/100
|-damage|p2a: Garganacl|54/100|[from] Stealth Rock
|turn|48
|
|t:|1760828346
|move|p1a: Iron Leaves|Leaf Blade|p2a: Garganacl
|-supereffective|p2a: Garganacl
|-damage|p2a: Garganacl|0 fnt
|faint|p2a: Garganacl
|
|win|levi6969
|raw|levi6969's rating: 1452 &rarr; <strong>1469</strong><br />(+17 for winning)
|raw|xxxpump's rating: 1404 &rarr; <strong>1387</strong><br />(-17 for losing)
|l|☆xxxpump
|player|p2|
