|j|☆fungusphil
|j|☆AlmightyHD
|t:|1760734443
|gametype|singles
|player|p1|fungusphil|mars|1499
|player|p2|AlmightyHD|acetrainerf-gen4dp|1483
|gen|9
|tier|[Gen 9] OU
|rated|
|rule|HP Percentage Mod: HP is shown in percentages
|rule|Endless Battle Clause: Forcing endless battles is banned
|rule|Species Clause: Limit one of each Pokémon
|rule|OHKO Clause: OHKO moves are banned
|rule|Evasion Items Clause: Evasion items are banned
|rule|Evasion Moves Clause: Evasion moves are banned
|rule|Evasion Abilities Clause: Evasion abilities are banned
|rule|Sleep Moves Clause: Sleep-inducing moves are banned
|clearpoke
|poke|p1|Hatterene, F|
|poke|p1|Ninetales-Alola, F|
|poke|p1|Kyurem|
|poke|p1|Gholdengo|
|poke|p1|Iron Valiant|
|poke|p1|Raging Bolt|
|poke|p2|Dragapult, F|
|poke|p2|Darkrai|
|poke|p2|Deoxys-Speed|
|poke|p2|Okidogi, M|
|poke|p2|Whiscash, F|
|poke|p2|Corviknight, M|
|teampreview
|inactive|Battle timer is ON: inactive players will automatically lose when time's up. (requested by fungusphil)
|inactive|fungusphil has 120 seconds left.
|inactive|fungusphil has 90 seconds left.
|
|t:|1760734520
|teamsize|p1|6
|teamsize|p2|6
|start
|switch|p1a: Ninetales|Ninetales-Alola, F|100/100
|switch|p2a: Darkrai|Darkrai|100/100
|-weather|Snowscape|[from] ability: Snow Warning|[of] p1a: Ninetales
|turn|1
|
|t:|1760734523
|-terastallize|p2a: Darkrai|Poison
|move|p2a: Darkrai|Sludge Bomb|p1a: Ninetales
|-supereffective|p1a: Ninetales
|-damage|p1a: Ninetales|13/100
|move|p1a: Ninetales|Aurora Veil|p1a: Ninetales
|-sidestart|p1: fungusphil|move: Aurora Veil
|
|-weather|Snowscape|[upkeep]
|upkeep
|turn|2
|
|t:|1760734539
|switch|p2a: Whiscash|Whiscash, F|100/100
|switch|p1a: Raging Bolt|Raging Bolt|100/100
|-enditem|p1a: Raging Bolt|Booster Energy
|-activate|p1a: Raging Bolt|ability: Protosynthesis|[fromitem]
|-start|p1a: Raging Bolt|protosynthesisspa
|
|-weather|Snowscape|[upkeep]
|upkeep
|turn|3
|
|t:|1760734550
|move|p1a: Raging Bolt|Dragon Pulse|p2a: Whiscash
|-damage|p2a: Whiscash|34/100
|move|p2a: Whiscash|Stealth Rock|p1a: Raging Bolt
|-sidestart|p1: fungusphil|move: Stealth Rock
|
|-weather|Snowscape|[upkeep]
|upkeep
|turn|4
|
|t:|1760734555
|move|p1a: Raging Bolt|Dragon Pulse|p2a: Whiscash
|-damage|p2a: Whiscash|0 fnt
|faint|p2a: Whiscash
|
|-weather|Snowscape|[upkeep]
|upkeep
|
|t:|1760734585
|switch|p2a: Darkrai|Darkrai, tera:Poison|100/100
|turn|5
|
|t:|1760734596
|move|p2a: Darkrai|Trick|p1a: Raging Bolt
|-activate|p2a: Darkrai|move: Trick|[of] p1a: Raging Bolt
|-item|p1a: Raging Bolt|Choice Scarf|[from] move: Trick
|-enditem|p2a: Darkrai|Choice Scarf|[silent]|[from] move: Trick
|move|p1a: Raging Bolt|Thunderbolt|p2a: Darkrai
|-damage|p2a: Darkrai|7/100
|-status|p2a: Darkrai|par
|
|-weather|none
|upkeep
|turn|6
|
|t:|1760734601
|move|p1a: Raging Bolt|Thunderbolt|p2a: Darkrai
|-damage|p2a: Darkrai|0 fnt
|faint|p2a: Darkrai
|
|upkeep
|
|t:|1760734602
|switch|p2a: Dragapult|Dragapult, F|100/100
|turn|7
|
|t:|1760734606
|move|p2a: Dragapult|Dragon Darts|p1a: Raging Bolt
|-supereffective|p1a: Raging Bolt
|-damage|p1a: Raging Bolt|79/100
|-anim|p2a: Dragapult|Dragon Darts|p1a: Raging Bolt
|-supereffective|p1a: Raging Bolt
|-damage|p1a: Raging Bolt|56/100
|move|p1a: Raging Bolt|Thunderbolt|p2a: Dragapult
|-resisted|p2a: Dragapult
|-damage|p2a: Dragapult|43/100
|
|upkeep
|turn|8
|-message|AlmightyHD forfeited.
|
|win|fungusphil
|raw|fungusphil's rating: 1499 &rarr; <strong>1518</strong><br />(+19 for winning)
|raw|AlmightyHD's rating: 1483 &rarr; <strong>1464</strong><br />(-19 for losing)
|l|☆AlmightyHD
|player|p2|
|l|☆fungusphil
|player|p1|
