|j|☆Deathfrogie
|j|☆Spammernoob
|t:|1760732476
|gametype|singles
|player|p1|Deathfrogie|steven|1465
|player|p2|Spammernoob|265|1641
|gen|9
|tier|[Gen 9] OU
|rated|
|rule|HP Percentage Mod: HP is shown in percentages
|rule|Endless Battle Clause: Forcing endless battles is banned
|rule|Species Clause: Limit one of each Pokémon
|rule|OHKO Clause: OHKO moves are banned
|rule|Evasion Items Clause: Evasion items are banned
|rule|Evasion Moves Clause: Evasion moves are banned
|rule|Evasion Abilities Clause: Evasion abilities are banned
|rule|Sleep Moves Clause: Sleep-inducing moves are banned
|clearpoke
|poke|p1|Pelipper, F|
|poke|p1|Toxicroak, M|
|poke|p1|Iron Treads|
|poke|p1|Hatterene, F|
|poke|p1|Zapdos|
|poke|p1|Barraskewda, M|
|poke|p2|Raging Bolt|
|poke|p2|Iron Valiant|
|poke|p2|Great Tusk|
|poke|p2|Moltres|
|poke|p2|Ogerpon-Wellspring, F|
|poke|p2|Gholdengo|
|teampreview
|inactive|Battle timer is ON: inactive players will automatically lose when time's up. (requested by Deathfrogie)
|
|t:|1760732496
|teamsize|p1|6
|teamsize|p2|6
|start
|switch|p1a: Pelipper|Pelipper, F|100/100
|switch|p2a: Ogerpon|Ogerpon-Wellspring, F|100/100
|-weather|RainDance|[from] ability: Drizzle|[of] p1a: Pelipper
|turn|1
|
|t:|1760732501
|switch|p1a: Toxicroak|Toxicroak, M|100/100
|move|p2a: Ogerpon|Spikes|p1a: Toxicroak
|-sidestart|p1: Deathfrogie|Spikes
|
|-weather|RainDance|[upkeep]
|upkeep
|turn|2
|
|t:|1760732507
|move|p2a: Ogerpon|U-turn|p1a: Toxicroak
|-resisted|p1a: Toxicroak
|-damage|p1a: Toxicroak|94/100
|-damage|p2a: Ogerpon|84/100|[from] item: Rocky Helmet|[of] p1a: Toxicroak
|
|t:|1760732512
|switch|p2a: Great Tusk|Great Tusk|100/100|[from] U-turn
|move|p1a: Toxicroak|Knock Off|p2a: Great Tusk
|-resisted|p2a: Great Tusk
|-crit|p2a: Great Tusk
|-damage|p2a: Great Tusk|90/100
|-enditem|p2a: Great Tusk|Heavy-Duty Boots|[from] move: Knock Off|[of] p1a: Toxicroak
|
|-weather|RainDance|[upkeep]
|-heal|p1a: Toxicroak|100/100|[from] ability: Dry Skin
|upkeep
|turn|3
|
|t:|1760732521
|switch|p1a: Zapdos|Zapdos|100/100
|move|p2a: Great Tusk|Ice Spinner|p1a: Zapdos
|-supereffective|p1a: Zapdos
|-damage|p1a: Zapdos|42/100
|-status|p2a: Great Tusk|par|[from] ability: Static|[of] p1a: Zapdos
|
|-weather|RainDance|[upkeep]
|upkeep
|turn|4
|
|t:|1760732529
|-end|p2a: Great Tusk|Protosynthesis|[silent]
|switch|p2a: Raging Bolt|Raging Bolt|100/100
|move|p1a: Zapdos|Hurricane|p2a: Raging Bolt
|-resisted|p2a: Raging Bolt
|-damage|p2a: Raging Bolt|66/100
|
|-weather|RainDance|[upkeep]
|upkeep
|turn|5
|
|t:|1760732535
|switch|p1a: Iron Treads|Iron Treads|100/100
|-damage|p1a: Iron Treads|88/100|[from] Spikes
|move|p2a: Raging Bolt|Draco Meteor|p1a: Iron Treads
|-resisted|p1a: Iron Treads
|-damage|p1a: Iron Treads|45/100
|-unboost|p2a: Raging Bolt|spa|2
|
|-weather|RainDance|[upkeep]
|-heal|p1a: Iron Treads|51/100|[from] item: Leftovers
|upkeep
|turn|6
|
|t:|1760732547
|-end|p2a: Raging Bolt|Protosynthesis|[silent]
|switch|p2a: Moltres|Moltres|100/100
|move|p1a: Iron Treads|Stealth Rock|p2a: Moltres
|-sidestart|p2: Spammernoob|move: Stealth Rock
|
|-weather|RainDance|[upkeep]
|-heal|p1a: Iron Treads|57/100|[from] item: Leftovers
|upkeep
|turn|7
|
|t:|1760732566
|move|p1a: Iron Treads|Rapid Spin|p2a: Moltres
|-damage|p2a: Moltres|89/100
|-boost|p1a: Iron Treads|spe|1
|-sideend|p1: Deathfrogie|Spikes|[from] move: Rapid Spin|[of] p1a: Iron Treads
|move|p2a: Moltres|Flamethrower|p1a: Iron Treads
|-supereffective|p1a: Iron Treads
|-damage|p1a: Iron Treads|25/100
|
|-weather|RainDance|[upkeep]
|-heal|p1a: Iron Treads|31/100|[from] item: Leftovers
|upkeep
|turn|8
|inactive|Deathfrogie has 120 seconds left.
|inactive|Deathfrogie has 90 seconds left.
|
|t:|1760732628
|switch|p2a: Ogerpon|Ogerpon-Wellspring, F|84/100
|-damage|p2a: Ogerpon|72/100|[from] Stealth Rock
|move|p1a: Iron Treads|Rapid Spin|p2a: Ogerpon
|-damage|p2a: Ogerpon|55/100
|-boost|p1a: Iron Treads|spe|1
|
|-weather|none
|-heal|p1a: Iron Treads|37/100|[from] item: Leftovers
|upkeep
|turn|9
|
|t:|1760732633
|move|p1a: Iron Treads|Volt Switch|p2a: Ogerpon
|-damage|p2a: Ogerpon|41/100
|
|t:|1760732636
|-end|p1a: Iron Treads|Quark Drive|[silent]
|switch|p1a: Toxicroak|Toxicroak, M|100/100|[from] Volt Switch
|move|p2a: Ogerpon|Ivy Cudgel|p1a: Toxicroak|[anim] Ivy Cudgel Water
|-immune|p1a: Toxicroak|[from] ability: Dry Skin
|
|upkeep
|turn|10
|
|t:|1760732644
|switch|p2a: Great Tusk|Great Tusk|90/100 par
|-damage|p2a: Great Tusk|87/100 par|[from] Stealth Rock
|move|p1a: Toxicroak|Toxic||[still]
|-fail|p1a: Toxicroak
|
|upkeep
|turn|11
|
|t:|1760732648
|switch|p1a: Pelipper|Pelipper, F|100/100
|-weather|RainDance|[from] ability: Drizzle|[of] p1a: Pelipper
|cant|p2a: Great Tusk|par
|
|-weather|RainDance|[upkeep]
|upkeep
|turn|12
|
|t:|1760732655
|-end|p2a: Great Tusk|Protosynthesis|[silent]
|switch|p2a: Gholdengo|Gholdengo|100/100
|-damage|p2a: Gholdengo|94/100|[from] Stealth Rock
|move|p1a: Pelipper|U-turn|p2a: Gholdengo
|-resisted|p2a: Gholdengo
|-damage|p2a: Gholdengo|92/100
|
|t:|1760732659
|switch|p1a: Barraskewda|Barraskewda, M|100/100|[from] U-turn
|
|-weather|RainDance|[upkeep]
|upkeep
|turn|13
|
|t:|1760732678
|switch|p1a: Hatterene|Hatterene, F|100/100
|move|p2a: Gholdengo|Shadow Ball|p1a: Hatterene
|-supereffective|p1a: Hatterene
|-damage|p1a: Hatterene|4/100
|-enditem|p1a: Hatterene|Eject Button
|
|t:|1760732689
|switch|p1a: Barraskewda|Barraskewda, M|100/100
|
|-weather|RainDance|[upkeep]
|upkeep
|turn|14
|
|t:|1760732697
|switch|p2a: Ogerpon|Ogerpon-Wellspring, F|41/100
|-damage|p2a: Ogerpon|28/100|[from] Stealth Rock
|move|p1a: Barraskewda|Flip Turn|p2a: Ogerpon
|-heal|p2a: Ogerpon|53/100|[from] ability: Water Absorb|[of] p1a: Barraskewda
|
|-weather|RainDance|[upkeep]
|upkeep
|turn|15
|
|t:|1760732702
|switch|p1a: Toxicroak|Toxicroak, M|100/100
|move|p2a: Ogerpon|Knock Off|p1a: Toxicroak
|-resisted|p1a: Toxicroak
|-damage|p1a: Toxicroak|83/100
|-damage|p2a: Ogerpon|37/100|[from] item: Rocky Helmet|[of] p1a: Toxicroak
|-enditem|p1a: Toxicroak|Rocky Helmet|[from] move: Knock Off|[of] p2a: Ogerpon
|
|-weather|RainDance|[upkeep]
|-heal|p1a: Toxicroak|95/100|[from] ability: Dry Skin
|upkeep
|turn|16
|
|t:|1760732710
|switch|p1a: Zapdos|Zapdos|42/100
|move|p2a: Ogerpon|U-turn|p1a: Zapdos
|-resisted|p1a: Zapdos
|-damage|p1a: Zapdos|26/100
|
|t:|1760732722
|switch|p2a: Iron Valiant|Iron Valiant|100/100|[from] U-turn
|-damage|p2a: Iron Valiant|94/100|[from] Stealth Rock
|-enditem|p2a: Iron Valiant|Booster Energy
|-activate|p2a: Iron Valiant|ability: Quark Drive|[fromitem]
|-start|p2a: Iron Valiant|quarkdrivespe
|
|-weather|RainDance|[upkeep]
|upkeep
|turn|17
|
|t:|1760732728
|switch|p1a: Iron Treads|Iron Treads|37/100
|move|p2a: Iron Valiant|Moonblast|p1a: Iron Treads
|-resisted|p1a: Iron Treads
|-damage|p1a: Iron Treads|19/100
|
|-weather|RainDance|[upkeep]
|-heal|p1a: Iron Treads|25/100|[from] item: Leftovers
|upkeep
|turn|18
|
|t:|1760732736
|move|p2a: Iron Valiant|Knock Off|p1a: Iron Treads
|-damage|p1a: Iron Treads|2/100
|-enditem|p1a: Iron Treads|Leftovers|[from] move: Knock Off|[of] p2a: Iron Valiant
|move|p1a: Iron Treads|Earthquake|p2a: Iron Valiant
|-damage|p2a: Iron Valiant|46/100
|
|-weather|none
|upkeep
|turn|19
|
|t:|1760732740
|move|p2a: Iron Valiant|Moonblast|p1a: Iron Treads
|-resisted|p1a: Iron Treads
|-damage|p1a: Iron Treads|0 fnt
|faint|p1a: Iron Treads
|-end|p1a: Iron Treads|Quark Drive|[silent]
|
|upkeep
|
|t:|1760732746
|switch|p1a: Pelipper|Pelipper, F|100/100
|-weather|RainDance|[from] ability: Drizzle|[of] p1a: Pelipper
|turn|20
|
|t:|1760732750
|move|p2a: Iron Valiant|Thunderbolt|p1a: Pelipper
|-supereffective|p1a: Pelipper
|-damage|p1a: Pelipper|0 fnt
|faint|p1a: Pelipper
|
|-weather|RainDance|[upkeep]
|upkeep
|
|t:|1760732753
|switch|p1a: Barraskewda|Barraskewda, M|100/100
|turn|21
|
|t:|1760732764
|move|p1a: Barraskewda|Flip Turn|p2a: Iron Valiant
|-damage|p2a: Iron Valiant|0 fnt
|faint|p2a: Iron Valiant
|-end|p2a: Iron Valiant|Quark Drive|[silent]
|
|t:|1760732770
|switch|p1a: Toxicroak|Toxicroak, M|95/100|[from] Flip Turn
|
|-weather|RainDance|[upkeep]
|-heal|p1a: Toxicroak|100/100|[from] ability: Dry Skin
|upkeep
|
|t:|1760732772
|switch|p2a: Great Tusk|Great Tusk|87/100 par
|-damage|p2a: Great Tusk|84/100 par|[from] Stealth Rock
|turn|22
|
|t:|1760732778
|switch|p1a: Hatterene|Hatterene, F|4/100
|cant|p2a: Great Tusk|par
|
|-weather|RainDance|[upkeep]
|upkeep
|turn|23
|
|t:|1760732783
|move|p2a: Great Tusk|Rapid Spin|p1a: Hatterene
|-damage|p1a: Hatterene|0 fnt
|-boost|p2a: Great Tusk|spe|1
|-sideend|p2: Spammernoob|Stealth Rock|[from] move: Rapid Spin|[of] p2a: Great Tusk
|faint|p1a: Hatterene
|
|-weather|RainDance|[upkeep]
|upkeep
|
|t:|1760732786
|switch|p1a: Zapdos|Zapdos|26/100
|turn|24
|
|t:|1760732791
|move|p1a: Zapdos|Hurricane|p2a: Great Tusk
|-supereffective|p2a: Great Tusk
|-damage|p2a: Great Tusk|0 fnt
|faint|p2a: Great Tusk
|-end|p2a: Great Tusk|Protosynthesis|[silent]
|
|-weather|RainDance|[upkeep]
|upkeep
|
|t:|1760732794
|switch|p2a: Raging Bolt|Raging Bolt|66/100
|turn|25
|
|t:|1760732801
|move|p2a: Raging Bolt|Thunderclap|p1a: Zapdos
|-damage|p1a: Zapdos|0 fnt
|faint|p1a: Zapdos
|
|-weather|RainDance|[upkeep]
|upkeep
|
|t:|1760732803
|switch|p1a: Barraskewda|Barraskewda, M|100/100
|turn|26
|
|t:|1760732808
|-end|p2a: Raging Bolt|Protosynthesis|[silent]
|switch|p2a: Ogerpon|Ogerpon-Wellspring, F|37/100
|-terastallize|p1a: Barraskewda|Water
|move|p1a: Barraskewda|Liquidation|p2a: Ogerpon
|-heal|p2a: Ogerpon|62/100|[from] ability: Water Absorb|[of] p1a: Barraskewda
|
|-weather|RainDance|[upkeep]
|upkeep
|turn|27
|-message|Deathfrogie forfeited.
|
|win|Spammernoob
|raw|Deathfrogie's rating: 1465 &rarr; <strong>1454</strong><br />(-11 for losing)
|raw|Spammernoob's rating: 1641 &rarr; <strong>1652</strong><br />(+11 for winning)
|l|☆Deathfrogie
|player|p1|
|c|☆Spammernoob|huh
