|j|☆hunteraf
|j|‽fgkrdgsx
|t:|1760814939
|gametype|singles
|player|p1|hunteraf|ghetsis-gen5bw|1101
|player|p2|fgkrdgsx|linebacker|1120
|gen|9
|tier|[Gen 9] OU
|rated|
|rule|HP Percentage Mod: HP is shown in percentages
|rule|Endless Battle Clause: Forcing endless battles is banned
|rule|Species Clause: Limit one of each Pokémon
|rule|OHKO Clause: OHKO moves are banned
|rule|Evasion Items Clause: Evasion items are banned
|rule|Evasion Moves Clause: Evasion moves are banned
|rule|Evasion Abilities Clause: Evasion abilities are banned
|rule|Sleep Moves Clause: Sleep-inducing moves are banned
|clearpoke
|poke|p1|Dragonite, M|
|poke|p1|Pecharunt|
|poke|p1|Dondozo, M|
|poke|p1|Garganacl, F|
|poke|p1|Hatterene, F|
|poke|p1|Gliscor, F|
|poke|p2|Rampardos, F|
|poke|p2|Ninetales-Alola, F|
|poke|p2|Rillaboom, M|
|poke|p2|Ogerpon-Wellspring, F|
|poke|p2|Hatterene, F|
|poke|p2|Iron Moth|
|teampreview
|inactive|Battle timer is ON: inactive players will automatically lose when time's up. (requested by fgkrdgsx)
|
|t:|1760814947
|teamsize|p1|6
|teamsize|p2|6
|start
|switch|p1a: Garganacl|Garganacl, F, shiny|100/100
|switch|p2a: Ninetales|Ninetales-Alola, F|100/100
|-weather|Snowscape|[from] ability: Snow Warning|[of] p2a: Ninetales
|turn|1
|
|t:|1760814952
|move|p2a: Ninetales|Aurora Veil|p2a: Ninetales
|-sidestart|p2: fgkrdgsx|move: Aurora Veil
|move|p1a: Garganacl|Salt Cure|p2a: Ninetales
|-supereffective|p2a: Ninetales
|-damage|p2a: Ninetales|88/100
|-start|p2a: Ninetales|Salt Cure
|
|-weather|Snowscape|[upkeep]
|-damage|p2a: Ninetales|76/100|[from] Salt Cure
|upkeep
|turn|2
|
|t:|1760814963
|switch|p2a: Rampardos|Rampardos, F, shiny|100/100
|-ability|p2a: Rampardos|Mold Breaker
|move|p1a: Garganacl|Curse|p1a: Garganacl
|-unboost|p1a: Garganacl|spe|1
|-boost|p1a: Garganacl|atk|1
|-boost|p1a: Garganacl|def|1
|
|-weather|Snowscape|[upkeep]
|upkeep
|turn|3
|
|t:|1760814969
|move|p2a: Rampardos|Swords Dance|p2a: Rampardos
|-boost|p2a: Rampardos|atk|2
|move|p1a: Garganacl|Salt Cure|p2a: Rampardos
|-damage|p2a: Rampardos|85/100
|-start|p2a: Rampardos|Salt Cure
|
|-weather|Snowscape|[upkeep]
|-heal|p2a: Rampardos|91/100|[from] item: Leftovers
|-damage|p2a: Rampardos|79/100|[from] Salt Cure
|upkeep
|turn|4
|
|t:|1760814974
|-terastallize|p2a: Rampardos|Grass
|move|p2a: Rampardos|Trailblaze|p1a: Garganacl
|-supereffective|p1a: Garganacl
|-damage|p1a: Garganacl|38/100
|-boost|p2a: Rampardos|spe|1
|move|p1a: Garganacl|Curse|p1a: Garganacl
|-unboost|p1a: Garganacl|spe|1
|-boost|p1a: Garganacl|atk|1
|-boost|p1a: Garganacl|def|1
|
|-weather|Snowscape|[upkeep]
|-heal|p2a: Rampardos|85/100|[from] item: Leftovers
|-heal|p1a: Garganacl|44/100|[from] item: Leftovers
|-damage|p2a: Rampardos|72/100|[from] Salt Cure
|upkeep
|turn|5
|
|t:|1760815000
|move|p2a: Rampardos|Trailblaze|p1a: Garganacl
|-supereffective|p1a: Garganacl
|-damage|p1a: Garganacl|0 fnt
|-boost|p2a: Rampardos|spe|1
|faint|p1a: Garganacl
|
|-weather|none
|-heal|p2a: Rampardos|78/100|[from] item: Leftovers
|-damage|p2a: Rampardos|66/100|[from] Salt Cure
|upkeep
|
|t:|1760815009
|switch|p1a: Dragonite|Dragonite, M, shiny|100/100
|turn|6
|
|t:|1760815014
|move|p2a: Rampardos|Head Smash|p1a: Dragonite
|-supereffective|p1a: Dragonite
|-damage|p1a: Dragonite|0 fnt
|faint|p1a: Dragonite
|-damage|p2a: Rampardos|18/100|[from] Recoil
|
|-heal|p2a: Rampardos|24/100|[from] item: Leftovers
|-damage|p2a: Rampardos|12/100|[from] Salt Cure
|upkeep
|-message|hunteraf forfeited.
|
|win|fgkrdgsx
|raw|hunteraf's rating: 1101 &rarr; <strong>1077</strong><br />(-24 for losing)
|raw|fgkrdgsx's rating: 1120 &rarr; <strong>1144</strong><br />(+24 for winning)
|l|☆hunteraf
|player|p1|
