|j|☆goule123
|j|☆Monarith
|t:|1760852833
|gametype|singles
|player|p1|goule123|pokemaniac|1259
|player|p2|Monarith|wicke|1329
|gen|9
|tier|[Gen 9] OU
|rated|
|rule|HP Percentage Mod: HP is shown in percentages
|rule|Endless Battle Clause: Forcing endless battles is banned
|rule|Species Clause: Limit one of each Pokémon
|rule|OHKO Clause: OHKO moves are banned
|rule|Evasion Items Clause: Evasion items are banned
|rule|Evasion Moves Clause: Evasion moves are banned
|rule|Evasion Abilities Clause: Evasion abilities are banned
|rule|Sleep Moves Clause: Sleep-inducing moves are banned
|clearpoke
|poke|p1|Quaquaval, M|
|poke|p1|Zamazenta-*|
|poke|p1|Great Tusk|
|poke|p1|Garganacl, M|
|poke|p1|Kleavor, F|
|poke|p1|Dragapult, M|
|poke|p2|Eelektross, M|
|poke|p2|Dragapult, M|
|poke|p2|Hatterene, F|
|poke|p2|Iron Treads|
|poke|p2|Iron Moth|
|poke|p2|Ogerpon-Wellspring, F|
|teampreview
|j| PG Spectating
|
|t:|1760852856
|teamsize|p1|6
|teamsize|p2|6
|start
|switch|p1a: Kleavor|Kleavor, F|100/100
|switch|p2a: Dragapult|Dragapult, M|100/100
|turn|1
|
|t:|1760852865
|move|p2a: Dragapult|Will-O-Wisp|p1a: Kleavor
|-status|p1a: Kleavor|brn
|move|p1a: Kleavor|Stone Axe|p2a: Dragapult
|-damage|p2a: Dragapult|67/100
|-sidestart|p2: Monarith|move: Stealth Rock
|
|-damage|p1a: Kleavor|94/100 brn|[from] brn
|upkeep
|turn|2
|
|t:|1760852871
|move|p2a: Dragapult|U-turn|p1a: Kleavor
|-damage|p1a: Kleavor|73/100 brn
|
|t:|1760852875
|switch|p2a: Iron Treads|Iron Treads|100/100|[from] U-turn
|move|p1a: Kleavor|X-Scissor|p2a: Iron Treads
|-resisted|p2a: Iron Treads
|-damage|p2a: Iron Treads|86/100
|
|-damage|p1a: Kleavor|67/100 brn|[from] brn
|upkeep
|turn|3
|
|t:|1760852880
|move|p2a: Iron Treads|Rapid Spin|p1a: Kleavor
|-resisted|p1a: Kleavor
|-damage|p1a: Kleavor|57/100 brn
|-boost|p2a: Iron Treads|spe|1
|-sideend|p2: Monarith|Stealth Rock|[from] move: Rapid Spin|[of] p2a: Iron Treads
|move|p1a: Kleavor|Close Combat|p2a: Iron Treads
|-supereffective|p2a: Iron Treads
|-damage|p2a: Iron Treads|40/100
|-unboost|p1a: Kleavor|def|1
|-unboost|p1a: Kleavor|spd|1
|
|-damage|p1a: Kleavor|51/100 brn|[from] brn
|upkeep
|turn|4
|
|t:|1760852886
|move|p2a: Iron Treads|Iron Head|p1a: Kleavor
|-supereffective|p1a: Kleavor
|-damage|p1a: Kleavor|0 fnt
|faint|p1a: Kleavor
|
|upkeep
|
|t:|1760852893
|switch|p1a: Garganacl|Garganacl, M|100/100
|turn|5
|
|t:|1760852896
|-terastallize|p1a: Garganacl|Fairy
|move|p2a: Iron Treads|Volt Switch|p1a: Garganacl
|-damage|p1a: Garganacl|90/100
|
|t:|1760852902
|-end|p2a: Iron Treads|Quark Drive|[silent]
|switch|p2a: Hatterene|Hatterene, F|100/100|[from] Volt Switch
|move|p1a: Garganacl|Iron Defense|p1a: Garganacl
|-boost|p1a: Garganacl|def|2
|
|-heal|p1a: Garganacl|96/100|[from] item: Leftovers
|upkeep
|turn|6
|
|t:|1760852908
|move|p1a: Garganacl|Salt Cure|p2a: Hatterene
|-damage|p2a: Hatterene|86/100
|-start|p2a: Hatterene|Salt Cure
|move|p2a: Hatterene|Nuzzle|p1a: Garganacl
|-damage|p1a: Garganacl|95/100
|-status|p1a: Garganacl|par
|
|-heal|p1a: Garganacl|100/100 par|[from] item: Leftovers
|-damage|p2a: Hatterene|74/100|[from] Salt Cure
|upkeep
|turn|7
|
|t:|1760852911
|move|p2a: Hatterene|Psychic Noise|p1a: Garganacl
|-damage|p1a: Garganacl|59/100 par
|-start|p1a: Garganacl|move: Heal Block
|move|p1a: Garganacl|Iron Defense|p1a: Garganacl
|-boost|p1a: Garganacl|def|2
|
|-damage|p2a: Hatterene|62/100|[from] Salt Cure
|upkeep
|turn|8
|
|t:|1760852919
|move|p2a: Hatterene|Psychic Noise|p1a: Garganacl
|-damage|p1a: Garganacl|14/100 par
|move|p1a: Garganacl|Body Press|p2a: Hatterene
|-resisted|p2a: Hatterene
|-damage|p2a: Hatterene|36/100
|
|-damage|p2a: Hatterene|24/100|[from] Salt Cure
|-end|p1a: Garganacl|move: Heal Block
|upkeep
|turn|9
|
|t:|1760852930
|switch|p2a: Dragapult|Dragapult, M|67/100
|switch|p1a: Great Tusk|Great Tusk|100/100
|-enditem|p1a: Great Tusk|Booster Energy
|-activate|p1a: Great Tusk|ability: Protosynthesis|[fromitem]
|-start|p1a: Great Tusk|protosynthesisatk
|
|upkeep
|turn|10
|
|t:|1760852935
|move|p2a: Dragapult|Will-O-Wisp|p1a: Great Tusk
|-status|p1a: Great Tusk|brn
|move|p1a: Great Tusk|Ice Spinner|p2a: Dragapult
|-supereffective|p2a: Dragapult
|-damage|p2a: Dragapult|23/100
|
|-damage|p1a: Great Tusk|94/100 brn|[from] brn
|upkeep
|turn|11
|
|t:|1760852943
|move|p2a: Dragapult|U-turn|p1a: Great Tusk
|-resisted|p1a: Great Tusk
|-damage|p1a: Great Tusk|88/100 brn
|inactive|Battle timer is ON: inactive players will automatically lose when time's up. (requested by goule123)
|
|t:|1760852960
|switch|p2a: Iron Moth|Iron Moth|100/100|[from] U-turn
|-enditem|p2a: Iron Moth|Booster Energy
|-activate|p2a: Iron Moth|ability: Quark Drive|[fromitem]
|-start|p2a: Iron Moth|quarkdrivespe
|move|p1a: Great Tusk|Earthquake|p2a: Iron Moth
|-supereffective|p2a: Iron Moth
|-damage|p2a: Iron Moth|0 fnt
|faint|p2a: Iron Moth
|-end|p2a: Iron Moth|Quark Drive|[silent]
|
|-damage|p1a: Great Tusk|82/100 brn|[from] brn
|upkeep
|
|t:|1760852964
|switch|p2a: Eelektross|Eelektross, M|100/100
|turn|12
|
|t:|1760852975
|move|p1a: Great Tusk|Ice Spinner|p2a: Eelektross
|-damage|p2a: Eelektross|81/100
|move|p2a: Eelektross|Coil|p2a: Eelektross
|-boost|p2a: Eelektross|atk|1
|-boost|p2a: Eelektross|def|1
|-boost|p2a: Eelektross|accuracy|1
|
|-heal|p2a: Eelektross|87/100|[from] item: Leftovers
|-damage|p1a: Great Tusk|76/100 brn|[from] brn
|upkeep
|turn|13
|
|t:|1760852987
|move|p1a: Great Tusk|Play Rough|p2a: Eelektross
|-damage|p2a: Eelektross|72/100
|-unboost|p2a: Eelektross|atk|1
|move|p2a: Eelektross|Coil|p2a: Eelektross
|-boost|p2a: Eelektross|atk|1
|-boost|p2a: Eelektross|def|1
|-boost|p2a: Eelektross|accuracy|1
|
|-heal|p2a: Eelektross|78/100|[from] item: Leftovers
|-damage|p1a: Great Tusk|70/100 brn|[from] brn
|upkeep
|turn|14
|
|t:|1760853004
|-end|p1a: Great Tusk|Protosynthesis|[silent]
|switch|p1a: Garganacl|Garganacl, M, tera:Fairy|14/100 par
|move|p2a: Eelektross|Coil|p2a: Eelektross
|-boost|p2a: Eelektross|atk|1
|-boost|p2a: Eelektross|def|1
|-boost|p2a: Eelektross|accuracy|1
|
|-heal|p2a: Eelektross|84/100|[from] item: Leftovers
|-heal|p1a: Garganacl|20/100 par|[from] item: Leftovers
|upkeep
|turn|15
|
|t:|1760853013
|move|p2a: Eelektross|Zap Cannon|p1a: Garganacl
|-damage|p1a: Garganacl|0 fnt
|faint|p1a: Garganacl
|
|-heal|p2a: Eelektross|90/100|[from] item: Leftovers
|upkeep
|
|t:|1760853022
|switch|p1a: Dragapult|Dragapult, M|100/100
|turn|16
|
|t:|1760853029
|move|p1a: Dragapult|Dragon Darts|p2a: Eelektross
|-damage|p2a: Eelektross|73/100
|-anim|p1a: Dragapult|Dragon Darts|p2a: Eelektross
|-damage|p2a: Eelektross|56/100
|move|p2a: Eelektross|Knock Off|p1a: Dragapult
|-supereffective|p1a: Dragapult
|-damage|p1a: Dragapult|0 fnt
|-enditem|p1a: Dragapult|Choice Band|[from] move: Knock Off|[of] p2a: Eelektross
|faint|p1a: Dragapult
|
|-heal|p2a: Eelektross|63/100|[from] item: Leftovers
|upkeep
|
|t:|1760853034
|switch|p1a: Zamazenta|Zamazenta|100/100
|-ability|p1a: Zamazenta|Dauntless Shield|boost
|-boost|p1a: Zamazenta|def|1
|turn|17
|
|t:|1760853043
|move|p1a: Zamazenta|Play Rough|p2a: Eelektross|[miss]
|-miss|p1a: Zamazenta|p2a: Eelektross
|move|p2a: Eelektross|Zap Cannon|p1a: Zamazenta
|-damage|p1a: Zamazenta|61/100
|-status|p1a: Zamazenta|par
|
|-heal|p2a: Eelektross|69/100|[from] item: Leftovers
|upkeep
|turn|18
|
|t:|1760853047
|move|p1a: Zamazenta|Play Rough|p2a: Eelektross
|-damage|p2a: Eelektross|49/100
|move|p2a: Eelektross|Coil|p2a: Eelektross
|-boost|p2a: Eelektross|atk|1
|-boost|p2a: Eelektross|def|1
|-boost|p2a: Eelektross|accuracy|1
|
|-heal|p2a: Eelektross|55/100|[from] item: Leftovers
|upkeep
|turn|19
|-message|goule123 forfeited.
|
|win|Monarith
|raw|goule123's rating: 1259 &rarr; <strong>1239</strong><br />(-20 for losing)
|raw|Monarith's rating: 1329 &rarr; <strong>1345</strong><br />(+16 for winning)
|l|☆goule123
|player|p1|
|l|☆Monarith
|player|p2|
|l| PG Spectating
