|j|☆foister
|j|☆TJSquirtleace
|t:|1760827693
|gametype|singles
|player|p1|foister|102|1140
|player|p2|TJSquirtleace|169|1134
|gen|9
|tier|[Gen 9] OU
|rated|
|rule|HP Percentage Mod: HP is shown in percentages
|rule|Endless Battle Clause: Forcing endless battles is banned
|rule|Species Clause: Limit one of each Pokémon
|rule|OHKO Clause: OHKO moves are banned
|rule|Evasion Items Clause: Evasion items are banned
|rule|Evasion Moves Clause: Evasion moves are banned
|rule|Evasion Abilities Clause: Evasion abilities are banned
|rule|Sleep Moves Clause: Sleep-inducing moves are banned
|clearpoke
|poke|p1|Skeledirge, F|
|poke|p1|Blaziken, M|
|poke|p1|Primarina, F|
|poke|p1|Sceptile, M|
|poke|p1|Quaquaval, M|
|poke|p1|Rillaboom, F|
|poke|p2|Quaquaval, F|
|poke|p2|Blaziken, M|
|poke|p2|Decidueye, F|
|poke|p2|Lokix, F|
|poke|p2|Kilowattrel, F|
|poke|p2|Excadrill, M|
|teampreview
|
|t:|1760827700
|teamsize|p1|6
|teamsize|p2|6
|start
|switch|p1a: Rillaboom|Rillaboom, F|100/100
|switch|p2a: Excadrill|Excadrill, M|100/100
|-ability|p2a: Excadrill|Mold Breaker
|-fieldstart|move: Grassy Terrain|[from] ability: Grassy Surge|[of] p1a: Rillaboom
|-enditem|p1a: Rillaboom|Grassy Seed
|-boost|p1a: Rillaboom|def|1|[from] item: Grassy Seed
|turn|1
|inactive|Battle timer is ON: inactive players will automatically lose when time's up. (requested by TJSquirtleace)
|
|t:|1760827710
|move|p2a: Excadrill|Stealth Rock|p1a: Rillaboom
|-sidestart|p1: foister|move: Stealth Rock
|move|p1a: Rillaboom|Wood Hammer|p2a: Excadrill
|-damage|p2a: Excadrill|0 fnt
|faint|p2a: Excadrill
|-damage|p1a: Rillaboom|66/100|[from] Recoil
|
|-heal|p1a: Rillaboom|72/100|[from] Grassy Terrain
|upkeep
|
|t:|1760827717
|switch|p2a: Decidueye|Decidueye, F|100/100
|turn|2
|
|t:|1760827722
|move|p1a: Rillaboom|Knock Off|p2a: Decidueye
|-supereffective|p2a: Decidueye
|-damage|p2a: Decidueye|13/100
|-enditem|p2a: Decidueye|Leftovers|[from] move: Knock Off|[of] p1a: Rillaboom
|move|p2a: Decidueye|Nasty Plot|p2a: Decidueye
|-boost|p2a: Decidueye|spa|2
|
|-heal|p1a: Rillaboom|78/100|[from] Grassy Terrain
|-heal|p2a: Decidueye|19/100|[from] Grassy Terrain
|upkeep
|turn|3
|
|t:|1760827732
|move|p1a: Rillaboom|Acrobatics|p2a: Decidueye
|-supereffective|p2a: Decidueye
|-damage|p2a: Decidueye|0 fnt
|faint|p2a: Decidueye
|
|-heal|p1a: Rillaboom|84/100|[from] Grassy Terrain
|upkeep
|
|t:|1760827740
|switch|p2a: Lokix|Lokix, F|100/100
|turn|4
|
|t:|1760827744
|move|p2a: Lokix|U-turn|p1a: Rillaboom
|-supereffective|p1a: Rillaboom
|-damage|p1a: Rillaboom|29/100
|
|t:|1760827747
|switch|p2a: Kilowattrel|Kilowattrel, F|100/100|[from] U-turn
|move|p1a: Rillaboom|Acrobatics|p2a: Kilowattrel
|-resisted|p2a: Kilowattrel
|-damage|p2a: Kilowattrel|61/100
|
|-heal|p1a: Rillaboom|35/100|[from] Grassy Terrain
|upkeep
|turn|5
|
|t:|1760827757
|move|p2a: Kilowattrel|Air Slash|p1a: Rillaboom
|-supereffective|p1a: Rillaboom
|-damage|p1a: Rillaboom|0 fnt
|faint|p1a: Rillaboom
|
|-fieldend|move: Grassy Terrain
|upkeep
|
|t:|1760827777
|switch|p1a: Skeledirge|Skeledirge, F|100/100
|-damage|p1a: Skeledirge|76/100|[from] Stealth Rock
|turn|6
|
|t:|1760827783
|move|p2a: Kilowattrel|Tailwind|p2a: Kilowattrel
|-sidestart|p2: TJSquirtleace|move: Tailwind
|-start|p2a: Kilowattrel|Charge|Tailwind|[from] ability: Wind Power
|move|p1a: Skeledirge|Torch Song|p2a: Kilowattrel
|-damage|p2a: Kilowattrel|0 fnt
|-boost|p1a: Skeledirge|spa|1
|faint|p2a: Kilowattrel
|
|-heal|p1a: Skeledirge|82/100|[from] item: Leftovers
|upkeep
|
|t:|1760827790
|switch|p2a: Quaquaval|Quaquaval, F|100/100
|turn|7
|
|t:|1760827798
|move|p2a: Quaquaval|Aqua Step|p1a: Skeledirge
|-supereffective|p1a: Skeledirge
|-crit|p1a: Skeledirge
|-damage|p1a: Skeledirge|0 fnt
|-boost|p2a: Quaquaval|spe|1
|faint|p1a: Skeledirge
|-ability|p2a: Quaquaval|Moxie|boost
|-boost|p2a: Quaquaval|atk|1
|
|upkeep
|
|t:|1760827807
|switch|p1a: Sceptile|Sceptile, M|100/100
|-damage|p1a: Sceptile|88/100|[from] Stealth Rock
|turn|8
|
|t:|1760827813
|move|p2a: Quaquaval|Brick Break|p1a: Sceptile
|-damage|p1a: Sceptile|0 fnt
|faint|p1a: Sceptile
|-ability|p2a: Quaquaval|Moxie|boost
|-boost|p2a: Quaquaval|atk|1
|
|upkeep
|
|t:|1760827824
|switch|p1a: Primarina|Primarina, F|100/100
|-damage|p1a: Primarina|88/100|[from] Stealth Rock
|turn|9
|
|t:|1760827833
|-terastallize|p2a: Quaquaval|Water
|move|p2a: Quaquaval|Swords Dance|p2a: Quaquaval
|-boost|p2a: Quaquaval|atk|2
|move|p1a: Primarina|Hyper Voice|p2a: Quaquaval
|-resisted|p2a: Quaquaval
|-damage|p2a: Quaquaval|68/100
|-enditem|p1a: Primarina|Throat Spray
|-boost|p1a: Primarina|spa|1|[from] item: Throat Spray
|
|-sideend|p2: TJSquirtleace|move: Tailwind
|upkeep
|turn|10
|
|t:|1760827844
|move|p2a: Quaquaval|Aqua Step|p1a: Primarina
|-resisted|p1a: Primarina
|-damage|p1a: Primarina|0 fnt
|-boost|p2a: Quaquaval|spe|1
|faint|p1a: Primarina
|-ability|p2a: Quaquaval|Moxie|boost
|-boost|p2a: Quaquaval|atk|1
|
|upkeep
|
|t:|1760827853
|switch|p1a: Blaziken|Blaziken, M|100/100
|-damage|p1a: Blaziken|88/100|[from] Stealth Rock
|turn|11
|
|t:|1760827857
|move|p1a: Blaziken|Detect|p1a: Blaziken
|-singleturn|p1a: Blaziken|Protect
|move|p2a: Quaquaval|Aqua Step|p1a: Blaziken
|-activate|p1a: Blaziken|move: Protect
|
|-ability|p1a: Blaziken|Speed Boost|boost
|-boost|p1a: Blaziken|spe|1
|upkeep
|turn|12
|
|t:|1760827866
|move|p1a: Blaziken|Detect||[still]
|-fail|p1a: Blaziken
|move|p2a: Quaquaval|Aqua Step|p1a: Blaziken
|-supereffective|p1a: Blaziken
|-damage|p1a: Blaziken|0 fnt
|-boost|p2a: Quaquaval|spe|1
|faint|p1a: Blaziken
|-ability|p2a: Quaquaval|Moxie|boost
|-boost|p2a: Quaquaval|atk|1
|
|upkeep
|
|t:|1760827876
|switch|p1a: Quaquaval|Quaquaval, M|100/100
|-damage|p1a: Quaquaval|94/100|[from] Stealth Rock
|turn|13
|
|t:|1760827883
|move|p2a: Quaquaval|Rapid Spin|p1a: Quaquaval
|-damage|p1a: Quaquaval|24/100
|-boost|p2a: Quaquaval|spe|1
|move|p1a: Quaquaval|Brave Bird|p2a: Quaquaval
|-damage|p2a: Quaquaval|0 fnt
|faint|p2a: Quaquaval
|-ability|p1a: Quaquaval|Moxie|boost
|-boost|p1a: Quaquaval|atk|1
|-damage|p1a: Quaquaval|5/100|[from] Recoil
|-damage|p1a: Quaquaval|0 fnt|[from] item: Life Orb
|faint|p1a: Quaquaval
|
|win|TJSquirtleace
|raw|foister's rating: 1140 &rarr; <strong>1115</strong><br />(-25 for losing)
|raw|TJSquirtleace's rating: 1134 &rarr; <strong>1159</strong><br />(+25 for winning)
|l|☆TJSquirtleace
|player|p2|
|l|☆foister
|player|p1|
