|j|‽yes i'm drywalled
|j|☆Spammernoob
|t:|1760727039
|gametype|singles
|player|p1|yes i'm drywalled|barry|1602
|player|p2|Spammernoob|265|1561
|gen|9
|tier|[Gen 9] OU
|rated|
|rule|HP Percentage Mod: HP is shown in percentages
|rule|Endless Battle Clause: Forcing endless battles is banned
|rule|Species Clause: Limit one of each Pokémon
|rule|OHKO Clause: OHKO moves are banned
|rule|Evasion Items Clause: Evasion items are banned
|rule|Evasion Moves Clause: Evasion moves are banned
|rule|Evasion Abilities Clause: Evasion abilities are banned
|rule|Sleep Moves Clause: Sleep-inducing moves are banned
|clearpoke
|poke|p1|Registeel|
|poke|p1|Ninetales-Alola, F|
|poke|p1|Raging Bolt|
|poke|p1|Great Tusk|
|poke|p1|Lokix, M|
|poke|p1|Manaphy|
|poke|p2|Raging Bolt|
|poke|p2|Iron Valiant|
|poke|p2|Great Tusk|
|poke|p2|Moltres|
|poke|p2|Ogerpon-Wellspring, F|
|poke|p2|Gholdengo|
|teampreview
|
|t:|1760727065
|teamsize|p1|6
|teamsize|p2|6
|start
|switch|p1a: Lokix|Lokix, M|100/100
|switch|p2a: Gholdengo|Gholdengo|100/100
|turn|1
|
|t:|1760727080
|switch|p2a: Great Tusk|Great Tusk|100/100
|move|p1a: Lokix|Knock Off|p2a: Great Tusk
|-resisted|p2a: Great Tusk
|-damage|p2a: Great Tusk|60/100
|-enditem|p2a: Great Tusk|Heavy-Duty Boots|[from] move: Knock Off|[of] p1a: Lokix
|
|upkeep
|turn|2
|
|t:|1760727088
|switch|p1a: Great Tusk|Great Tusk|100/100
|move|p2a: Great Tusk|Stealth Rock|p1a: Great Tusk
|-sidestart|p1: yes i'm drywalled|move: Stealth Rock
|
|upkeep
|turn|3
|
|t:|1760727097
|-end|p2a: Great Tusk|Protosynthesis|[silent]
|switch|p2a: Moltres|Moltres|100/100
|move|p1a: Great Tusk|Ice Spinner|p2a: Moltres
|-damage|p2a: Moltres|78/100
|
|upkeep
|turn|4
|
|t:|1760727120
|-end|p1a: Great Tusk|Protosynthesis|[silent]
|switch|p1a: Manaphy|Manaphy|100/100
|-damage|p1a: Manaphy|88/100|[from] Stealth Rock
|move|p2a: Moltres|Roar|p1a: Manaphy
|drag|p1a: Ninetales|Ninetales-Alola, F|100/100
|-damage|p1a: Ninetales|76/100|[from] Stealth Rock
|-weather|Snowscape|[from] ability: Snow Warning|[of] p1a: Ninetales
|
|-weather|Snowscape|[upkeep]
|upkeep
|turn|5
|
|t:|1760727128
|move|p1a: Ninetales|Aurora Veil|p1a: Ninetales
|-sidestart|p1: yes i'm drywalled|move: Aurora Veil
|move|p2a: Moltres|Flamethrower|p1a: Ninetales
|-supereffective|p1a: Ninetales
|-damage|p1a: Ninetales|40/100
|
|-weather|Snowscape|[upkeep]
|upkeep
|turn|6
|
|t:|1760727135
|switch|p1a: Manaphy|Manaphy|88/100
|-damage|p1a: Manaphy|76/100|[from] Stealth Rock
|move|p2a: Moltres|Roar|p1a: Manaphy
|drag|p1a: Lokix|Lokix, M|100/100
|-damage|p1a: Lokix|76/100|[from] Stealth Rock
|
|-weather|Snowscape|[upkeep]
|upkeep
|turn|7
|
|t:|1760727144
|move|p1a: Lokix|Knock Off|p2a: Moltres
|-damage|p2a: Moltres|12/100
|-enditem|p2a: Moltres|Heavy-Duty Boots|[from] move: Knock Off|[of] p1a: Lokix
|move|p2a: Moltres|Roost|p2a: Moltres
|-heal|p2a: Moltres|62/100
|-singleturn|p2a: Moltres|move: Roost
|
|-weather|Snowscape|[upkeep]
|upkeep
|turn|8
|
|t:|1760727158
|switch|p1a: Great Tusk|Great Tusk|100/100
|-damage|p1a: Great Tusk|98/100|[from] Stealth Rock
|move|p2a: Moltres|Roar|p1a: Great Tusk
|-end|p1a: Great Tusk|Protosynthesis|[silent]
|drag|p1a: Raging Bolt|Raging Bolt|100/100
|-damage|p1a: Raging Bolt|88/100|[from] Stealth Rock
|-enditem|p1a: Raging Bolt|Booster Energy
|-activate|p1a: Raging Bolt|ability: Protosynthesis|[fromitem]
|-start|p1a: Raging Bolt|protosynthesisspa
|
|-weather|none
|upkeep
|turn|9
|
|t:|1760727171
|switch|p2a: Great Tusk|Great Tusk|60/100
|move|p1a: Raging Bolt|Thunderbolt|p2a: Great Tusk
|-immune|p2a: Great Tusk
|
|upkeep
|turn|10
|
|t:|1760727184
|-terastallize|p1a: Raging Bolt|Fairy
|move|p2a: Great Tusk|Headlong Rush|p1a: Raging Bolt
|-damage|p1a: Raging Bolt|65/100
|-unboost|p2a: Great Tusk|def|1
|-unboost|p2a: Great Tusk|spd|1
|move|p1a: Raging Bolt|Dragon Pulse|p2a: Great Tusk
|-crit|p2a: Great Tusk
|-damage|p2a: Great Tusk|0 fnt
|faint|p2a: Great Tusk
|-end|p2a: Great Tusk|Protosynthesis|[silent]
|
|upkeep
|
|t:|1760727189
|switch|p2a: Gholdengo|Gholdengo|100/100
|turn|11
|
|t:|1760727208
|-end|p1a: Raging Bolt|Protosynthesis|[silent]
|switch|p1a: Great Tusk|Great Tusk|98/100
|-damage|p1a: Great Tusk|95/100|[from] Stealth Rock
|move|p2a: Gholdengo|Make It Rain|p1a: Great Tusk
|-damage|p1a: Great Tusk|53/100
|-unboost|p2a: Gholdengo|spa|1
|
|upkeep
|turn|12
|
|t:|1760727212
|switch|p2a: Moltres|Moltres|62/100
|move|p1a: Great Tusk|Rapid Spin|p2a: Moltres
|-damage|p2a: Moltres|48/100
|-boost|p1a: Great Tusk|spe|1
|-status|p1a: Great Tusk|brn|[from] ability: Flame Body|[of] p2a: Moltres
|-sideend|p1: yes i'm drywalled|Stealth Rock|[from] move: Rapid Spin|[of] p1a: Great Tusk
|
|-damage|p1a: Great Tusk|47/100 brn|[from] brn
|-sideend|p1: yes i'm drywalled|move: Aurora Veil
|upkeep
|turn|13
|
|t:|1760727221
|-end|p1a: Great Tusk|Protosynthesis|[silent]
|switch|p1a: Ninetales|Ninetales-Alola, F|40/100
|-weather|Snowscape|[from] ability: Snow Warning|[of] p1a: Ninetales
|switch|p2a: Ogerpon|Ogerpon-Wellspring, F|100/100
|
|-weather|Snowscape|[upkeep]
|upkeep
|turn|14
|
|t:|1760727239
|move|p2a: Ogerpon|Ivy Cudgel|p1a: Ninetales|[anim] Ivy Cudgel Water
|-damage|p1a: Ninetales|0 fnt
|faint|p1a: Ninetales
|
|-weather|Snowscape|[upkeep]
|upkeep
|
|t:|1760727254
|switch|p1a: Registeel|Registeel, shiny|100/100
|turn|15
|
|t:|1760727260
|move|p2a: Ogerpon|Spikes|p1a: Registeel
|-sidestart|p1: yes i'm drywalled|Spikes
|move|p1a: Registeel|Thunder Wave|p2a: Ogerpon
|-status|p2a: Ogerpon|par
|
|-weather|Snowscape|[upkeep]
|upkeep
|turn|16
|
|t:|1760727278
|switch|p1a: Lokix|Lokix, M|76/100
|-damage|p1a: Lokix|63/100|[from] Spikes
|move|p2a: Ogerpon|U-turn|p1a: Lokix
|-supereffective|p1a: Lokix
|-damage|p1a: Lokix|0 fnt
|faint|p1a: Lokix
|
|t:|1760727288
|switch|p2a: Gholdengo|Gholdengo|100/100|[from] U-turn
|
|-weather|Snowscape|[upkeep]
|upkeep
|
|t:|1760727298
|switch|p1a: Manaphy|Manaphy|76/100
|-damage|p1a: Manaphy|63/100|[from] Spikes
|turn|17
|
|t:|1760727304
|move|p2a: Gholdengo|Trick|p1a: Manaphy
|-activate|p2a: Gholdengo|move: Trick|[of] p1a: Manaphy
|-item|p1a: Manaphy|Choice Scarf|[from] move: Trick
|-item|p2a: Gholdengo|Leftovers|[from] move: Trick
|move|p1a: Manaphy|Take Heart|p1a: Manaphy
|-boost|p1a: Manaphy|spa|1
|-boost|p1a: Manaphy|spd|1
|
|-weather|none
|upkeep
|turn|18
|
|t:|1760727309
|move|p1a: Manaphy|Take Heart|p1a: Manaphy
|-boost|p1a: Manaphy|spa|1
|-boost|p1a: Manaphy|spd|1
|move|p2a: Gholdengo|Shadow Ball|p1a: Manaphy
|-damage|p1a: Manaphy|46/100
|
|upkeep
|turn|19
|
|t:|1760727323
|move|p1a: Manaphy|Take Heart|p1a: Manaphy
|-boost|p1a: Manaphy|spa|1
|-boost|p1a: Manaphy|spd|1
|move|p2a: Gholdengo|Shadow Ball|p1a: Manaphy
|-damage|p1a: Manaphy|31/100
|
|upkeep
|turn|20
|-message|yes i'm drywalled forfeited.
|
|win|Spammernoob
|raw|yes i&apos;m drywalled's rating: 1602 &rarr; <strong>1580</strong><br />(-22 for losing)
|raw|Spammernoob's rating: 1561 &rarr; <strong>1583</strong><br />(+22 for winning)
|l|‽yes i'm drywalled
|player|p1|
