|j|☆evening sheep
|j|☆Andrea_017
|t:|1760718719
|gametype|singles
|player|p1|evening sheep|iris|1528
|player|p2|Andrea_017|acetrainerf|1553
|gen|9
|tier|[Gen 9] OU
|rated|
|rule|HP Percentage Mod: HP is shown in percentages
|rule|Endless Battle Clause: Forcing endless battles is banned
|rule|Species Clause: Limit one of each Pokémon
|rule|OHKO Clause: OHKO moves are banned
|rule|Evasion Items Clause: Evasion items are banned
|rule|Evasion Moves Clause: Evasion moves are banned
|rule|Evasion Abilities Clause: Evasion abilities are banned
|rule|Sleep Moves Clause: Sleep-inducing moves are banned
|clearpoke
|poke|p1|Tinkaton, F|
|poke|p1|Great Tusk|
|poke|p1|Garganacl, M|
|poke|p1|Keldeo-Resolute|
|poke|p1|Zapdos|
|poke|p1|Dragapult, M|
|poke|p2|Garganacl, F|
|poke|p2|Dragapult, F|
|poke|p2|Ogerpon-Wellspring, F|
|poke|p2|Moltres|
|poke|p2|Zamazenta-*|
|poke|p2|Iron Treads|
|teampreview
|
|t:|1760718757
|teamsize|p1|6
|teamsize|p2|6
|start
|switch|p1a: Booster|Dragapult, M|100/100
|switch|p2a: Garganacl|Garganacl, F|100/100
|turn|1
|
|t:|1760718774
|move|p1a: Booster|Dragon Darts|p2a: Garganacl
|-damage|p2a: Garganacl|74/100
|-anim|p1a: Booster|Dragon Darts|p2a: Garganacl
|-damage|p2a: Garganacl|49/100
|move|p2a: Garganacl|Salt Cure|p1a: Booster
|-damage|p1a: Booster|82/100
|-start|p1a: Booster|Salt Cure
|
|-heal|p2a: Garganacl|55/100|[from] item: Leftovers
|-damage|p1a: Booster|70/100|[from] Salt Cure
|upkeep
|turn|2
|
|t:|1760718787
|switch|p2a: Iron Treads|Iron Treads|100/100
|move|p1a: Booster|Dragon Darts|p2a: Iron Treads
|-resisted|p2a: Iron Treads
|-damage|p2a: Iron Treads|85/100
|-anim|p1a: Booster|Dragon Darts|p2a: Iron Treads
|-resisted|p2a: Iron Treads
|-damage|p2a: Iron Treads|72/100
|
|-heal|p2a: Iron Treads|78/100|[from] item: Leftovers
|-damage|p1a: Booster|58/100|[from] Salt Cure
|upkeep
|turn|3
|
|t:|1760718808
|switch|p1a: Boxer|Great Tusk|100/100
|move|p2a: Iron Treads|Stealth Rock|p1a: Boxer
|-sidestart|p1: evening sheep|move: Stealth Rock
|
|-heal|p2a: Iron Treads|84/100|[from] item: Leftovers
|upkeep
|turn|4
|
|t:|1760718816
|-end|p2a: Iron Treads|Quark Drive|[silent]
|switch|p2a: Moltres|Moltres|100/100
|move|p1a: Boxer|Ice Spinner|p2a: Moltres
|-damage|p2a: Moltres|78/100
|
|upkeep
|turn|5
|
|t:|1760718828
|-end|p1a: Boxer|Protosynthesis|[silent]
|switch|p1a: Builder|Garganacl, M|100/100
|-damage|p1a: Builder|88/100|[from] Stealth Rock
|move|p2a: Moltres|Will-O-Wisp|p1a: Builder
|-immune|p1a: Builder|[from] ability: Purifying Salt
|
|-heal|p1a: Builder|94/100|[from] item: Leftovers
|upkeep
|turn|6
|
|t:|1760718854
|switch|p2a: Garganacl|Garganacl, F|55/100
|move|p1a: Builder|Curse|p1a: Builder
|-unboost|p1a: Builder|spe|1
|-boost|p1a: Builder|atk|1
|-boost|p1a: Builder|def|1
|
|-heal|p2a: Garganacl|61/100|[from] item: Leftovers
|-heal|p1a: Builder|100/100|[from] item: Leftovers
|upkeep
|turn|7
|
|t:|1760718865
|move|p2a: Garganacl|Iron Defense|p2a: Garganacl
|-boost|p2a: Garganacl|def|2
|move|p1a: Builder|Salt Cure|p2a: Garganacl
|-damage|p2a: Garganacl|54/100
|-start|p2a: Garganacl|Salt Cure
|
|-heal|p2a: Garganacl|60/100|[from] item: Leftovers
|-damage|p2a: Garganacl|47/100|[from] Salt Cure
|upkeep
|turn|8
|
|t:|1760718877
|switch|p1a: Champ|Keldeo-Resolute|100/100
|-damage|p1a: Champ|94/100|[from] Stealth Rock
|move|p2a: Garganacl|Salt Cure|p1a: Champ
|-resisted|p1a: Champ
|-damage|p1a: Champ|87/100
|-start|p1a: Champ|Salt Cure
|
|-heal|p2a: Garganacl|54/100|[from] item: Leftovers
|-damage|p1a: Champ|62/100|[from] Salt Cure
|-damage|p2a: Garganacl|41/100|[from] Salt Cure
|upkeep
|turn|9
|
|t:|1760718891
|switch|p2a: Dragapult|Dragapult, F|100/100
|move|p1a: Champ|Flip Turn|p2a: Dragapult
|-resisted|p2a: Dragapult
|-damage|p2a: Dragapult|92/100
|
|t:|1760718902
|switch|p1a: Booster|Dragapult, M|58/100|[from] Flip Turn
|-damage|p1a: Booster|45/100|[from] Stealth Rock
|
|upkeep
|turn|10
|
|t:|1760718918
|move|p1a: Booster|Sucker Punch|p2a: Dragapult
|-supereffective|p2a: Dragapult
|-damage|p2a: Dragapult|3/100
|move|p2a: Dragapult|Hex|p1a: Booster
|-supereffective|p1a: Booster
|-damage|p1a: Booster|0 fnt
|faint|p1a: Booster
|
|upkeep
|
|t:|1760718942
|switch|p1a: Builder|Garganacl, M|100/100
|-damage|p1a: Builder|88/100|[from] Stealth Rock
|turn|11
|
|t:|1760718948
|move|p2a: Dragapult|U-turn|p1a: Builder
|-damage|p1a: Builder|77/100
|
|t:|1760718951
|switch|p2a: Garganacl|Garganacl, F|41/100|[from] U-turn
|move|p1a: Builder|Salt Cure|p2a: Garganacl
|-damage|p2a: Garganacl|32/100
|-start|p2a: Garganacl|Salt Cure
|
|-heal|p2a: Garganacl|38/100|[from] item: Leftovers
|-heal|p1a: Builder|84/100|[from] item: Leftovers
|-damage|p2a: Garganacl|25/100|[from] Salt Cure
|upkeep
|turn|12
|
|t:|1760718962
|switch|p1a: Judge|Tinkaton, F|100/100
|-damage|p1a: Judge|94/100|[from] Stealth Rock
|-ability|p1a: Judge|Mold Breaker
|-item|p1a: Judge|Air Balloon
|move|p2a: Garganacl|Recover|p2a: Garganacl
|-heal|p2a: Garganacl|75/100
|
|-heal|p2a: Garganacl|82/100|[from] item: Leftovers
|-damage|p2a: Garganacl|69/100|[from] Salt Cure
|upkeep
|turn|13
|
|t:|1760718976
|move|p1a: Judge|Encore|p2a: Garganacl
|-start|p2a: Garganacl|Encore
|move|p2a: Garganacl|Recover|p2a: Garganacl
|-heal|p2a: Garganacl|100/100
|
|-damage|p2a: Garganacl|88/100|[from] Salt Cure
|upkeep
|turn|14
|
|t:|1760718984
|switch|p2a: Moltres|Moltres|78/100
|move|p1a: Judge|Stealth Rock|p2a: Moltres
|-sidestart|p2: Andrea_017|move: Stealth Rock
|
|upkeep
|turn|15
|
|t:|1760718992
|switch|p1a: Taxman|Zapdos|100/100
|move|p2a: Moltres|Flamethrower|p1a: Taxman
|-damage|p1a: Taxman|63/100
|
|upkeep
|turn|16
|
|t:|1760719008
|switch|p1a: Champ|Keldeo-Resolute|62/100
|-damage|p1a: Champ|56/100|[from] Stealth Rock
|switch|p2a: Iron Treads|Iron Treads|84/100
|-damage|p2a: Iron Treads|81/100|[from] Stealth Rock
|
|-heal|p2a: Iron Treads|87/100|[from] item: Leftovers
|upkeep
|turn|17
|
|t:|1760719025
|move|p1a: Champ|Surf|p2a: Iron Treads
|-supereffective|p2a: Iron Treads
|-damage|p2a: Iron Treads|0 fnt
|faint|p2a: Iron Treads
|-end|p2a: Iron Treads|Quark Drive|[silent]
|
|upkeep
|
|t:|1760719027
|switch|p2a: Ogerpon|Ogerpon-Wellspring, F|100/100
|-damage|p2a: Ogerpon|88/100|[from] Stealth Rock
|turn|18
|
|t:|1760719047
|switch|p1a: Judge|Tinkaton, F|94/100
|-damage|p1a: Judge|88/100|[from] Stealth Rock
|-ability|p1a: Judge|Mold Breaker
|-item|p1a: Judge|Air Balloon
|move|p2a: Ogerpon|Swords Dance|p2a: Ogerpon
|-boost|p2a: Ogerpon|atk|2
|
|upkeep
|turn|19
|
|t:|1760719057
|-terastallize|p2a: Ogerpon|Water
|detailschange|p2a: Ogerpon|Ogerpon-Wellspring-Tera, F, tera:Water
|-ability|p2a: Ogerpon|Embody Aspect (Wellspring)|boost
|-boost|p2a: Ogerpon|spd|1
|move|p2a: Ogerpon|Ivy Cudgel|p1a: Judge|[anim] Ivy Cudgel Water
|-damage|p1a: Judge|0 fnt
|-enditem|p1a: Judge|Air Balloon
|faint|p1a: Judge
|
|upkeep
|
|t:|1760719081
|switch|p1a: Builder|Garganacl, M|84/100
|-damage|p1a: Builder|71/100|[from] Stealth Rock
|turn|20
|
|t:|1760719087
|-terastallize|p1a: Builder|Water
|move|p2a: Ogerpon|Ivy Cudgel|p1a: Builder|[anim] Ivy Cudgel Water
|-resisted|p1a: Builder
|-crit|p1a: Builder
|-damage|p1a: Builder|1/100
|move|p1a: Builder|Salt Cure|p2a: Ogerpon
|-damage|p2a: Ogerpon|74/100
|-start|p2a: Ogerpon|Salt Cure
|
|-heal|p1a: Builder|7/100|[from] item: Leftovers
|-damage|p2a: Ogerpon|49/100|[from] Salt Cure
|upkeep
|turn|21
|
|t:|1760719102
|move|p2a: Ogerpon|Synthesis|p2a: Ogerpon
|-heal|p2a: Ogerpon|99/100
|move|p1a: Builder|Recover|p1a: Builder
|-heal|p1a: Builder|58/100
|
|-heal|p1a: Builder|64/100|[from] item: Leftovers
|-damage|p2a: Ogerpon|74/100|[from] Salt Cure
|upkeep
|turn|22
|
|t:|1760719121
|switch|p2a: Garganacl|Garganacl, F|88/100
|-damage|p2a: Garganacl|76/100|[from] Stealth Rock
|switch|p1a: Taxman|Zapdos|63/100
|
|-heal|p2a: Garganacl|82/100|[from] item: Leftovers
|upkeep
|turn|23
|
|t:|1760719132
|move|p1a: Taxman|Volt Switch|p2a: Garganacl
|-damage|p2a: Garganacl|64/100
|
|t:|1760719136
|switch|p1a: Boxer|Great Tusk|100/100|[from] Volt Switch
|move|p2a: Garganacl|Salt Cure|p1a: Boxer
|-resisted|p1a: Boxer
|-damage|p1a: Boxer|98/100
|-start|p1a: Boxer|Salt Cure
|
|-heal|p2a: Garganacl|70/100|[from] item: Leftovers
|-damage|p1a: Boxer|85/100|[from] Salt Cure
|upkeep
|turn|24
|
|t:|1760719156
|switch|p2a: Dragapult|Dragapult, F|3/100
|move|p1a: Boxer|Rapid Spin|p2a: Dragapult
|-immune|p2a: Dragapult
|
|-damage|p1a: Boxer|73/100|[from] Salt Cure
|upkeep
|turn|25
|
|t:|1760719182
|-end|p1a: Boxer|Protosynthesis|[silent]
|switch|p1a: Builder|Garganacl, M, tera:Water|64/100
|-damage|p1a: Builder|51/100|[from] Stealth Rock
|move|p2a: Dragapult|Draco Meteor|p1a: Builder
|-damage|p1a: Builder|16/100
|-unboost|p2a: Dragapult|spa|2
|
|-heal|p1a: Builder|22/100|[from] item: Leftovers
|upkeep
|turn|26
|
|t:|1760719199
|move|p2a: Dragapult|U-turn|p1a: Builder
|-damage|p1a: Builder|11/100
|
|t:|1760719204
|switch|p2a: Garganacl|Garganacl, F|70/100|[from] U-turn
|-damage|p2a: Garganacl|58/100|[from] Stealth Rock
|move|p1a: Builder|Recover|p1a: Builder
|-heal|p1a: Builder|62/100
|
|-heal|p2a: Garganacl|64/100|[from] item: Leftovers
|-heal|p1a: Builder|68/100|[from] item: Leftovers
|upkeep
|turn|27
|
|t:|1760719218
|switch|p1a: Boxer|Great Tusk|73/100
|move|p2a: Garganacl|Salt Cure|p1a: Boxer
|-resisted|p1a: Boxer
|-damage|p1a: Boxer|71/100
|-start|p1a: Boxer|Salt Cure
|
|-heal|p2a: Garganacl|70/100|[from] item: Leftovers
|-damage|p1a: Boxer|58/100|[from] Salt Cure
|upkeep
|turn|28
|
|t:|1760719230
|switch|p2a: Dragapult|Dragapult, F|3/100
|move|p1a: Boxer|Ice Spinner|p2a: Dragapult
|-supereffective|p2a: Dragapult
|-damage|p2a: Dragapult|0 fnt
|faint|p2a: Dragapult
|
|-damage|p1a: Boxer|46/100|[from] Salt Cure
|upkeep
|
|t:|1760719235
|switch|p2a: Ogerpon|Ogerpon-Wellspring-Tera, F, tera:Water|74/100
|-damage|p2a: Ogerpon|62/100|[from] Stealth Rock
|-ability|p2a: Ogerpon|Embody Aspect (Wellspring)|boost
|-boost|p2a: Ogerpon|spd|1
|turn|29
|
|t:|1760719249
|-end|p1a: Boxer|Protosynthesis|[silent]
|switch|p1a: Taxman|Zapdos|63/100
|move|p2a: Ogerpon|Ivy Cudgel|p1a: Taxman|[anim] Ivy Cudgel Water
|-crit|p1a: Taxman
|-damage|p1a: Taxman|0 fnt
|faint|p1a: Taxman
|
|upkeep
|
|t:|1760719258
|switch|p1a: Builder|Garganacl, M, tera:Water|68/100
|-damage|p1a: Builder|55/100|[from] Stealth Rock
|turn|30
|
|t:|1760719281
|move|p2a: Ogerpon|Trailblaze|p1a: Builder
|-supereffective|p1a: Builder
|-crit|p1a: Builder
|-damage|p1a: Builder|3/100
|-boost|p2a: Ogerpon|spe|1
|move|p1a: Builder|Recover|p1a: Builder
|-heal|p1a: Builder|53/100
|
|-heal|p1a: Builder|59/100|[from] item: Leftovers
|upkeep
|turn|31
|
|t:|1760719299
|move|p2a: Ogerpon|Swords Dance|p2a: Ogerpon
|-boost|p2a: Ogerpon|atk|2
|move|p1a: Builder|Recover|p1a: Builder
|-heal|p1a: Builder|100/100
|
|upkeep
|turn|32
|
|t:|1760719305
|move|p2a: Ogerpon|Trailblaze|p1a: Builder
|-supereffective|p1a: Builder
|-damage|p1a: Builder|32/100
|-boost|p2a: Ogerpon|spe|1
|move|p1a: Builder|Salt Cure|p2a: Ogerpon
|-damage|p2a: Ogerpon|47/100
|-start|p2a: Ogerpon|Salt Cure
|
|-heal|p1a: Builder|38/100|[from] item: Leftovers
|-damage|p2a: Ogerpon|22/100|[from] Salt Cure
|upkeep
|turn|33
|
|t:|1760719317
|move|p2a: Ogerpon|Synthesis|p2a: Ogerpon
|-heal|p2a: Ogerpon|72/100
|move|p1a: Builder|Recover|p1a: Builder
|-heal|p1a: Builder|88/100
|
|-heal|p1a: Builder|95/100|[from] item: Leftovers
|-damage|p2a: Ogerpon|47/100|[from] Salt Cure
|upkeep
|turn|34
|
|t:|1760719328
|move|p2a: Ogerpon|Synthesis|p2a: Ogerpon
|-heal|p2a: Ogerpon|97/100
|move|p1a: Builder|Curse|p1a: Builder
|-unboost|p1a: Builder|spe|1
|-boost|p1a: Builder|atk|1
|-boost|p1a: Builder|def|1
|
|-heal|p1a: Builder|100/100|[from] item: Leftovers
|-damage|p2a: Ogerpon|72/100|[from] Salt Cure
|upkeep
|turn|35
|
|t:|1760719344
|switch|p2a: Garganacl|Garganacl, F|70/100
|-damage|p2a: Garganacl|58/100|[from] Stealth Rock
|move|p1a: Builder|Curse|p1a: Builder
|-unboost|p1a: Builder|spe|1
|-boost|p1a: Builder|atk|1
|-boost|p1a: Builder|def|1
|
|-heal|p2a: Garganacl|64/100|[from] item: Leftovers
|upkeep
|turn|36
|
|t:|1760719357
|move|p2a: Garganacl|Iron Defense|p2a: Garganacl
|-boost|p2a: Garganacl|def|2
|move|p1a: Builder|Salt Cure|p2a: Garganacl
|-damage|p2a: Garganacl|55/100
|-start|p2a: Garganacl|Salt Cure
|
|-heal|p2a: Garganacl|61/100|[from] item: Leftovers
|-damage|p2a: Garganacl|49/100|[from] Salt Cure
|upkeep
|turn|37
|
|t:|1760719371
|switch|p1a: Boxer|Great Tusk|46/100
|move|p2a: Garganacl|Recover|p2a: Garganacl
|-heal|p2a: Garganacl|99/100
|
|-heal|p2a: Garganacl|100/100|[from] item: Leftovers
|-damage|p2a: Garganacl|88/100|[from] Salt Cure
|upkeep
|turn|38
|
|t:|1760719380
|switch|p2a: Moltres|Moltres|78/100
|move|p1a: Boxer|Rapid Spin|p2a: Moltres
|-damage|p2a: Moltres|64/100
|-boost|p1a: Boxer|spe|1
|-sideend|p1: evening sheep|Stealth Rock|[from] move: Rapid Spin|[of] p1a: Boxer
|
|upkeep
|turn|39
|
|t:|1760719390
|-end|p1a: Boxer|Protosynthesis|[silent]
|switch|p1a: Builder|Garganacl, M, tera:Water|100/100
|move|p2a: Moltres|Flamethrower|p1a: Builder
|-resisted|p1a: Builder
|-damage|p1a: Builder|89/100
|
|-heal|p1a: Builder|95/100|[from] item: Leftovers
|upkeep
|turn|40
|
|t:|1760719399
|switch|p2a: Garganacl|Garganacl, F|88/100
|-damage|p2a: Garganacl|76/100|[from] Stealth Rock
|move|p1a: Builder|Salt Cure|p2a: Garganacl
|-damage|p2a: Garganacl|67/100
|-start|p2a: Garganacl|Salt Cure
|
|-heal|p2a: Garganacl|73/100|[from] item: Leftovers
|-heal|p1a: Builder|100/100|[from] item: Leftovers
|-damage|p2a: Garganacl|61/100|[from] Salt Cure
|upkeep
|turn|41
|
|t:|1760719421
|switch|p1a: Boxer|Great Tusk|46/100
|move|p2a: Garganacl|Salt Cure|p1a: Boxer
|-resisted|p1a: Boxer
|-damage|p1a: Boxer|43/100
|-start|p1a: Boxer|Salt Cure
|
|-heal|p2a: Garganacl|67/100|[from] item: Leftovers
|-damage|p1a: Boxer|31/100|[from] Salt Cure
|-damage|p2a: Garganacl|54/100|[from] Salt Cure
|upkeep
|turn|42
|
|t:|1760719432
|switch|p2a: Moltres|Moltres|64/100
|move|p1a: Boxer|Close Combat|p2a: Moltres
|-resisted|p2a: Moltres
|-damage|p2a: Moltres|38/100
|-unboost|p1a: Boxer|def|1
|-unboost|p1a: Boxer|spd|1
|-status|p1a: Boxer|brn|[from] ability: Flame Body|[of] p2a: Moltres
|
|-damage|p1a: Boxer|25/100 brn|[from] brn
|-damage|p1a: Boxer|12/100 brn|[from] Salt Cure
|upkeep
|turn|43
|
|t:|1760719445
|-end|p1a: Boxer|Protosynthesis|[silent]
|switch|p1a: Champ|Keldeo-Resolute|56/100
|move|p2a: Moltres|Roost|p2a: Moltres
|-heal|p2a: Moltres|88/100
|-singleturn|p2a: Moltres|move: Roost
|
|upkeep
|turn|44
|
|t:|1760719458
|move|p1a: Champ|Secret Sword|p2a: Moltres
|-resisted|p2a: Moltres
|-damage|p2a: Moltres|62/100
|move|p2a: Moltres|Flamethrower|p1a: Champ
|-resisted|p1a: Champ
|-damage|p1a: Champ|36/100
|
|upkeep
|turn|45
|
|t:|1760719467
|switch|p1a: Builder|Garganacl, M, tera:Water|100/100
|move|p2a: Moltres|Roost|p2a: Moltres
|-heal|p2a: Moltres|100/100
|-singleturn|p2a: Moltres|move: Roost
|
|upkeep
|turn|46
|
|t:|1760719474
|switch|p2a: Garganacl|Garganacl, F|54/100
|-damage|p2a: Garganacl|42/100|[from] Stealth Rock
|move|p1a: Builder|Salt Cure|p2a: Garganacl
|-damage|p2a: Garganacl|32/100
|-start|p2a: Garganacl|Salt Cure
|
|-heal|p2a: Garganacl|38/100|[from] item: Leftovers
|-damage|p2a: Garganacl|26/100|[from] Salt Cure
|upkeep
|turn|47
|
|t:|1760719487
|switch|p1a: Champ|Keldeo-Resolute|36/100
|move|p2a: Garganacl|Recover|p2a: Garganacl
|-heal|p2a: Garganacl|76/100
|
|-heal|p2a: Garganacl|82/100|[from] item: Leftovers
|-damage|p2a: Garganacl|70/100|[from] Salt Cure
|upkeep
|turn|48
|
|t:|1760719508
|switch|p2a: Moltres|Moltres|100/100
|move|p1a: Champ|Secret Sword|p2a: Moltres
|-resisted|p2a: Moltres
|-damage|p2a: Moltres|73/100
|
|upkeep
|turn|49
|
|t:|1760719524
|switch|p1a: Builder|Garganacl, M, tera:Water|100/100
|move|p2a: Moltres|Roar|p1a: Builder
|drag|p1a: Champ|Keldeo-Resolute|36/100
|
|upkeep
|turn|50
|
|t:|1760719536
|switch|p1a: Builder|Garganacl, M, tera:Water|100/100
|move|p2a: Moltres|Flamethrower|p1a: Builder
|-resisted|p1a: Builder
|-damage|p1a: Builder|88/100
|
|-heal|p1a: Builder|95/100|[from] item: Leftovers
|upkeep
|turn|51
|
|t:|1760719551
|switch|p2a: Garganacl|Garganacl, F|70/100
|-damage|p2a: Garganacl|58/100|[from] Stealth Rock
|move|p1a: Builder|Salt Cure|p2a: Garganacl
|-damage|p2a: Garganacl|48/100
|-start|p2a: Garganacl|Salt Cure
|
|-heal|p2a: Garganacl|55/100|[from] item: Leftovers
|-heal|p1a: Builder|100/100|[from] item: Leftovers
|-damage|p2a: Garganacl|42/100|[from] Salt Cure
|upkeep
|turn|52
|
|t:|1760719581
|move|p2a: Garganacl|Recover|p2a: Garganacl
|-heal|p2a: Garganacl|92/100
|move|p1a: Builder|Avalanche|p2a: Garganacl
|-damage|p2a: Garganacl|82/100
|
|-heal|p2a: Garganacl|89/100|[from] item: Leftovers
|-damage|p2a: Garganacl|76/100|[from] Salt Cure
|upkeep
|turn|53
|
|t:|1760719614
|switch|p1a: Boxer|Great Tusk|12/100 brn
|move|p2a: Garganacl|Salt Cure|p1a: Boxer
|-resisted|p1a: Boxer
|-damage|p1a: Boxer|10/100 brn
|-start|p1a: Boxer|Salt Cure
|
|-heal|p2a: Garganacl|82/100|[from] item: Leftovers
|-damage|p1a: Boxer|4/100 brn|[from] brn
|-damage|p1a: Boxer|0 fnt|[from] Salt Cure
|faint|p1a: Boxer
|-end|p1a: Boxer|Protosynthesis|[silent]
|-damage|p2a: Garganacl|70/100|[from] Salt Cure
|upkeep
|
|t:|1760719640
|switch|p1a: Champ|Keldeo-Resolute|36/100
|turn|54
|
|t:|1760719646
|switch|p2a: Moltres|Moltres|73/100
|move|p1a: Champ|Surf|p2a: Moltres
|-supereffective|p2a: Moltres
|-damage|p2a: Moltres|0 fnt
|faint|p2a: Moltres
|
|upkeep
|
|t:|1760719654
|switch|p2a: Zamazenta|Zamazenta|100/100
|-damage|p2a: Zamazenta|94/100|[from] Stealth Rock
|-ability|p2a: Zamazenta|Dauntless Shield|boost
|-boost|p2a: Zamazenta|def|1
|turn|55
|
|t:|1760719660
|switch|p1a: Builder|Garganacl, M, tera:Water|100/100
|move|p2a: Zamazenta|Close Combat|p1a: Builder
|-damage|p1a: Builder|60/100
|-unboost|p2a: Zamazenta|def|1
|-unboost|p2a: Zamazenta|spd|1
|
|-heal|p1a: Builder|66/100|[from] item: Leftovers
|upkeep
|turn|56
|
|t:|1760719671
|move|p2a: Zamazenta|Close Combat|p1a: Builder
|-damage|p1a: Builder|26/100
|-unboost|p2a: Zamazenta|def|1
|-unboost|p2a: Zamazenta|spd|1
|move|p1a: Builder|Curse|p1a: Builder
|-unboost|p1a: Builder|spe|1
|-boost|p1a: Builder|atk|1
|-boost|p1a: Builder|def|1
|
|-heal|p1a: Builder|32/100|[from] item: Leftovers
|upkeep
|turn|57
|
|t:|1760719682
|switch|p2a: Garganacl|Garganacl, F|70/100
|-damage|p2a: Garganacl|58/100|[from] Stealth Rock
|move|p1a: Builder|Recover|p1a: Builder
|-heal|p1a: Builder|82/100
|
|-heal|p2a: Garganacl|64/100|[from] item: Leftovers
|-heal|p1a: Builder|88/100|[from] item: Leftovers
|upkeep
|turn|58
|
|t:|1760719692
|move|p2a: Garganacl|Salt Cure|p1a: Builder
|-damage|p1a: Builder|82/100
|-start|p1a: Builder|Salt Cure
|move|p1a: Builder|Salt Cure|p2a: Garganacl
|-damage|p2a: Garganacl|50/100
|-start|p2a: Garganacl|Salt Cure
|
|-heal|p2a: Garganacl|56/100|[from] item: Leftovers
|-heal|p1a: Builder|88/100|[from] item: Leftovers
|-damage|p2a: Garganacl|43/100|[from] Salt Cure
|-damage|p1a: Builder|63/100|[from] Salt Cure
|upkeep
|turn|59
|
|t:|1760719704
|switch|p1a: Champ|Keldeo-Resolute|36/100
|move|p2a: Garganacl|Recover|p2a: Garganacl
|-heal|p2a: Garganacl|94/100
|
|-heal|p2a: Garganacl|99/100|[from] item: Leftovers
|-damage|p2a: Garganacl|87/100|[from] Salt Cure
|upkeep
|turn|60
|
|t:|1760719713
|switch|p2a: Zamazenta|Zamazenta|94/100
|-damage|p2a: Zamazenta|88/100|[from] Stealth Rock
|move|p1a: Champ|Secret Sword|p2a: Zamazenta
|-damage|p2a: Zamazenta|30/100
|
|upkeep
|turn|61
|
|t:|1760719721
|switch|p1a: Builder|Garganacl, M, tera:Water|63/100
|move|p2a: Zamazenta|Close Combat|p1a: Builder
|-damage|p1a: Builder|24/100
|-unboost|p2a: Zamazenta|def|1
|-unboost|p2a: Zamazenta|spd|1
|
|-heal|p1a: Builder|31/100|[from] item: Leftovers
|upkeep
|turn|62
|
|t:|1760719742
|move|p2a: Zamazenta|Close Combat|p1a: Builder
|-damage|p1a: Builder|0 fnt
|-unboost|p2a: Zamazenta|def|1
|-unboost|p2a: Zamazenta|spd|1
|faint|p1a: Builder
|
|upkeep
|
|t:|1760719749
|switch|p1a: Champ|Keldeo-Resolute|36/100
|turn|63
|
|t:|1760719756
|move|p2a: Zamazenta|Close Combat|p1a: Champ
|-damage|p1a: Champ|0 fnt
|-unboost|p2a: Zamazenta|def|1
|-unboost|p2a: Zamazenta|spd|1
|faint|p1a: Champ
|
|win|Andrea_017
|raw|evening sheep's rating: 1528 &rarr; <strong>1509</strong><br />(-19 for losing)
|raw|Andrea_017's rating: 1553 &rarr; <strong>1572</strong><br />(+19 for winning)
|l|☆Andrea_017
|player|p2|
|l|☆evening sheep
|player|p1|
