|j|☆Callooee
|j|☆Golurk365
|t:|1760858456
|gametype|singles
|player|p1|Callooee|101|1247
|player|p2|Golurk365|hugh|1214
|gen|9
|tier|[Gen 9] OU
|rated|
|rule|HP Percentage Mod: HP is shown in percentages
|rule|Endless Battle Clause: Forcing endless battles is banned
|rule|Species Clause: Limit one of each Pokémon
|rule|OHKO Clause: OHKO moves are banned
|rule|Evasion Items Clause: Evasion items are banned
|rule|Evasion Moves Clause: Evasion moves are banned
|rule|Evasion Abilities Clause: Evasion abilities are banned
|rule|Sleep Moves Clause: Sleep-inducing moves are banned
|clearpoke
|poke|p1|Pecharunt|
|poke|p1|Great Tusk|
|poke|p1|Ogerpon-Wellspring, F|
|poke|p1|Iron Crown|
|poke|p1|Landorus-Therian, M|
|poke|p1|Samurott-Hisui, M|
|poke|p2|Golurk|
|poke|p2|Mamoswine, M|
|poke|p2|Lokix, F|
|poke|p2|Ogerpon-Wellspring, F|
|poke|p2|Grimmsnarl, M|
|poke|p2|Dragonite, F|
|teampreview
|j| Dorus19457
|inactive|Battle timer is ON: inactive players will automatically lose when time's up. (requested by Golurk365)
|l| Dorus19457
|
|t:|1760858484
|teamsize|p1|6
|teamsize|p2|6
|start
|switch|p1a: Landorus|Landorus-Therian, M|100/100
|switch|p2a: Golurk|Golurk, shiny|100/100
|-ability|p1a: Landorus|Intimidate|boost
|-unboost|p2a: Golurk|atk|1
|turn|1
|
|t:|1760858491
|move|p1a: Landorus|U-turn|p2a: Golurk
|-resisted|p2a: Golurk
|-damage|p2a: Golurk|81/100
|
|t:|1760858496
|switch|p1a: Great Tusk|Great Tusk|100/100|[from] U-turn
|move|p2a: Golurk|Ice Punch|p1a: Great Tusk
|-supereffective|p1a: Great Tusk
|-damage|p1a: Great Tusk|63/100
|
|upkeep
|turn|2
|
|t:|1760858516
|move|p1a: Great Tusk|Ice Spinner|p2a: Golurk
|-supereffective|p2a: Golurk
|-damage|p2a: Golurk|17/100
|move|p2a: Golurk|Ice Punch|p1a: Great Tusk
|-supereffective|p1a: Great Tusk
|-damage|p1a: Great Tusk|28/100
|
|upkeep
|turn|3
|
|t:|1760858527
|switch|p2a: Grimmsnarl|Grimmsnarl, M|100/100
|move|p1a: Great Tusk|Knock Off|p2a: Grimmsnarl
|-resisted|p2a: Grimmsnarl
|-damage|p2a: Grimmsnarl|92/100
|-enditem|p2a: Grimmsnarl|Light Clay|[from] move: Knock Off|[of] p1a: Great Tusk
|
|upkeep
|turn|4
|
|t:|1760858533
|-end|p1a: Great Tusk|Protosynthesis|[silent]
|switch|p1a: Landorus|Landorus-Therian, M|100/100
|-ability|p1a: Landorus|Intimidate|boost
|-unboost|p2a: Grimmsnarl|atk|1
|move|p2a: Grimmsnarl|Fake Out|p1a: Landorus
|-damage|p1a: Landorus|89/100
|
|upkeep
|turn|5
|
|t:|1760858539
|move|p2a: Grimmsnarl|Reflect|p2a: Grimmsnarl
|-sidestart|p2: Golurk365|Reflect
|move|p1a: Landorus|U-turn|p2a: Grimmsnarl
|-damage|p2a: Grimmsnarl|75/100
|
|t:|1760858544
|switch|p1a: Iron Crown|Iron Crown|100/100|[from] U-turn
|
|upkeep
|turn|6
|
|t:|1760858552
|switch|p2a: Ogerpon|Ogerpon-Wellspring, F|100/100
|move|p1a: Iron Crown|Tachyon Cutter|p2a: Ogerpon
|-resisted|p2a: Ogerpon
|-damage|p2a: Ogerpon|87/100
|-resisted|p2a: Ogerpon
|-damage|p2a: Ogerpon|74/100
|-hitcount|p2a: Ogerpon|2
|
|upkeep
|turn|7
|
|t:|1760858563
|move|p2a: Ogerpon|U-turn|p1a: Iron Crown
|-damage|p1a: Iron Crown|69/100
|
|t:|1760858575
|switch|p2a: Lokix|Lokix, F|100/100|[from] U-turn
|move|p1a: Iron Crown|Volt Switch|p2a: Lokix
|-damage|p2a: Lokix|52/100
|
|t:|1760858581
|-end|p1a: Iron Crown|Quark Drive|[silent]
|switch|p1a: Landorus|Landorus-Therian, M|89/100|[from] Volt Switch
|-ability|p1a: Landorus|Intimidate|boost
|-unboost|p2a: Lokix|atk|1
|
|upkeep
|turn|8
|
|t:|1760858588
|move|p1a: Landorus|Rock Slide|p2a: Lokix
|-supereffective|p2a: Lokix
|-damage|p2a: Lokix|4/100
|cant|p2a: Lokix|flinch
|
|upkeep
|turn|9
|
|t:|1760858594
|switch|p2a: Grimmsnarl|Grimmsnarl, M|75/100
|move|p1a: Landorus|Rock Slide|p2a: Grimmsnarl
|-damage|p2a: Grimmsnarl|57/100
|
|-sideend|p2: Golurk365|Reflect
|upkeep
|turn|10
|
|t:|1760858604
|switch|p1a: Pecharunt|Pecharunt|100/100
|move|p2a: Grimmsnarl|Reflect|p2a: Grimmsnarl
|-sidestart|p2: Golurk365|Reflect
|
|upkeep
|turn|11
|
|t:|1760858608
|move|p2a: Grimmsnarl|Light Screen|p2a: Grimmsnarl
|-sidestart|p2: Golurk365|move: Light Screen
|move|p1a: Pecharunt|Malignant Chain|p2a: Grimmsnarl
|-supereffective|p2a: Grimmsnarl
|-damage|p2a: Grimmsnarl|24/100
|
|upkeep
|turn|12
|
|t:|1760858627
|switch|p2a: Golurk|Golurk, shiny|17/100
|move|p1a: Pecharunt|Parting Shot|p2a: Golurk
|-unboost|p2a: Golurk|atk|1
|-unboost|p2a: Golurk|spa|1
|
|t:|1760858631
|switch|p1a: Landorus|Landorus-Therian, M|89/100|[from] Parting Shot
|-ability|p1a: Landorus|Intimidate|boost
|-unboost|p2a: Golurk|atk|1
|
|upkeep
|turn|13
|
|t:|1760858640
|move|p1a: Landorus|U-turn|p2a: Golurk
|-resisted|p2a: Golurk
|-damage|p2a: Golurk|7/100
|
|t:|1760858643
|switch|p1a: Samurott|Samurott-Hisui, M|100/100|[from] U-turn
|move|p2a: Golurk|Poltergeist|p1a: Samurott
|-activate|p1a: Samurott|move: Poltergeist|Assault Vest
|-resisted|p1a: Samurott
|-crit|p1a: Samurott
|-damage|p1a: Samurott|6/100
|
|upkeep
|turn|14
|
|t:|1760858654
|move|p1a: Samurott|Aqua Jet|p2a: Golurk
|-supereffective|p2a: Golurk
|-damage|p2a: Golurk|0 fnt
|faint|p2a: Golurk
|
|-sideend|p2: Golurk365|Reflect
|upkeep
|
|t:|1760858660
|switch|p2a: Ogerpon|Ogerpon-Wellspring, F|74/100
|turn|15
|
|t:|1760858665
|move|p2a: Ogerpon|U-turn|p1a: Samurott
|-supereffective|p1a: Samurott
|-damage|p1a: Samurott|0 fnt
|faint|p1a: Samurott
|
|t:|1760858672
|switch|p2a: Mamoswine|Mamoswine, M|100/100|[from] U-turn
|
|-sideend|p2: Golurk365|move: Light Screen
|upkeep
|
|t:|1760858686
|switch|p1a: Great Tusk|Great Tusk|28/100
|turn|16
|
|t:|1760858702
|-terastallize|p2a: Mamoswine|Ghost
|move|p1a: Great Tusk|Close Combat|p2a: Mamoswine
|-immune|p2a: Mamoswine
|move|p2a: Mamoswine|Trailblaze|p1a: Great Tusk
|-supereffective|p1a: Great Tusk
|-damage|p1a: Great Tusk|6/100
|-boost|p2a: Mamoswine|spe|1
|
|upkeep
|turn|17
|
|t:|1760858712
|move|p2a: Mamoswine|Ice Shard|p1a: Great Tusk
|-supereffective|p1a: Great Tusk
|-damage|p1a: Great Tusk|0 fnt
|faint|p1a: Great Tusk
|-end|p1a: Great Tusk|Protosynthesis|[silent]
|
|upkeep
|
|t:|1760858717
|switch|p1a: Landorus|Landorus-Therian, M|89/100
|-ability|p1a: Landorus|Intimidate|boost
|-unboost|p2a: Mamoswine|atk|1
|turn|18
|
|t:|1760858724
|switch|p1a: Ogerpon|Ogerpon-Wellspring, F|100/100
|move|p2a: Mamoswine|Icicle Crash|p1a: Ogerpon
|-damage|p1a: Ogerpon|65/100
|
|upkeep
|turn|19
|
|t:|1760858735
|move|p2a: Mamoswine|Icicle Crash|p1a: Ogerpon
|-damage|p1a: Ogerpon|27/100
|move|p1a: Ogerpon|Ivy Cudgel|p2a: Mamoswine|[anim] Ivy Cudgel Water
|-damage|p2a: Mamoswine|45/100
|
|upkeep
|turn|20
|
|t:|1760858750
|-terastallize|p1a: Ogerpon|Water
|detailschange|p1a: Ogerpon|Ogerpon-Wellspring-Tera, F, tera:Water
|-ability|p1a: Ogerpon|Embody Aspect (Wellspring)|boost
|-boost|p1a: Ogerpon|spd|1
|move|p2a: Mamoswine|Icicle Crash|p1a: Ogerpon
|-resisted|p1a: Ogerpon
|-damage|p1a: Ogerpon|9/100
|move|p1a: Ogerpon|Trailblaze|p2a: Mamoswine
|-damage|p2a: Mamoswine|15/100
|-boost|p1a: Ogerpon|spe|1
|
|upkeep
|turn|21
|
|t:|1760858759
|move|p2a: Mamoswine|Ice Shard|p1a: Ogerpon
|-resisted|p1a: Ogerpon
|-damage|p1a: Ogerpon|1/100
|move|p1a: Ogerpon|Ivy Cudgel|p2a: Mamoswine|[anim] Ivy Cudgel Water
|-damage|p2a: Mamoswine|0 fnt
|faint|p2a: Mamoswine
|
|upkeep
|
|t:|1760858765
|switch|p2a: Dragonite|Dragonite, F|100/100
|turn|22
|
|t:|1760858772
|move|p2a: Dragonite|Extreme Speed|p1a: Ogerpon
|-damage|p1a: Ogerpon|0 fnt
|faint|p1a: Ogerpon
|detailschange|p1: Ogerpon|Ogerpon-Wellspring, F|[silent]
|
|upkeep
|
|t:|1760858775
|switch|p1a: Pecharunt|Pecharunt|100/100
|turn|23
|
|t:|1760858780
|switch|p2a: Grimmsnarl|Grimmsnarl, M|24/100
|move|p1a: Pecharunt|Foul Play|p2a: Grimmsnarl
|-resisted|p2a: Grimmsnarl
|-damage|p2a: Grimmsnarl|14/100
|
|upkeep
|turn|24
|
|t:|1760858785
|move|p2a: Grimmsnarl|Reflect|p2a: Grimmsnarl
|-sidestart|p2: Golurk365|Reflect
|move|p1a: Pecharunt|Malignant Chain|p2a: Grimmsnarl
|-supereffective|p2a: Grimmsnarl
|-damage|p2a: Grimmsnarl|0 fnt
|faint|p2a: Grimmsnarl
|
|upkeep
|
|t:|1760858790
|switch|p2a: Lokix|Lokix, F|4/100
|turn|25
|
|t:|1760858794
|move|p2a: Lokix|Knock Off|p1a: Pecharunt
|-supereffective|p1a: Pecharunt
|-damage|p1a: Pecharunt|53/100
|-damage|p2a: Lokix|0 fnt|[from] item: Rocky Helmet|[of] p1a: Pecharunt
|faint|p2a: Lokix
|move|p1a: Pecharunt|Recover|p1a: Pecharunt
|-heal|p1a: Pecharunt|100/100
|
|upkeep
|
|t:|1760858803
|switch|p2a: Dragonite|Dragonite, F|100/100
|turn|26
|
|t:|1760858808
|move|p2a: Dragonite|Dragon Dance|p2a: Dragonite
|-boost|p2a: Dragonite|atk|1
|-boost|p2a: Dragonite|spe|1
|move|p1a: Pecharunt|Foul Play|p2a: Dragonite
|-damage|p2a: Dragonite|86/100
|
|upkeep
|turn|27
|
|t:|1760858816
|move|p2a: Dragonite|Earthquake|p1a: Pecharunt
|-supereffective|p1a: Pecharunt
|-damage|p1a: Pecharunt|48/100
|move|p1a: Pecharunt|Foul Play|p2a: Dragonite
|-damage|p2a: Dragonite|54/100
|
|upkeep
|turn|28
|
|t:|1760858833
|move|p2a: Dragonite|Extreme Speed|p1a: Pecharunt
|-immune|p1a: Pecharunt
|move|p1a: Pecharunt|Parting Shot|p2a: Dragonite
|-unboost|p2a: Dragonite|atk|1
|-unboost|p2a: Dragonite|spa|1
|
|t:|1760858838
|switch|p1a: Landorus|Landorus-Therian, M|89/100|[from] Parting Shot
|-ability|p1a: Landorus|Intimidate|boost
|-unboost|p2a: Dragonite|atk|1
|
|-sideend|p2: Golurk365|Reflect
|upkeep
|turn|29
|
|t:|1760858846
|move|p1a: Landorus|U-turn|p2a: Dragonite
|-resisted|p2a: Dragonite
|-crit|p2a: Dragonite
|-damage|p2a: Dragonite|28/100
|
|t:|1760858853
|switch|p1a: Pecharunt|Pecharunt|48/100|[from] U-turn
|move|p2a: Dragonite|Dragon Dance|p2a: Dragonite
|-boost|p2a: Dragonite|atk|1
|-boost|p2a: Dragonite|spe|1
|
|upkeep
|turn|30
|
|t:|1760858861
|move|p2a: Dragonite|Roost|p2a: Dragonite
|-heal|p2a: Dragonite|79/100
|-singleturn|p2a: Dragonite|move: Roost
|move|p1a: Pecharunt|Foul Play|p2a: Dragonite
|-damage|p2a: Dragonite|37/100
|
|upkeep
|turn|31
|
|t:|1760858867
|move|p2a: Dragonite|Earthquake|p1a: Pecharunt
|-supereffective|p1a: Pecharunt
|-damage|p1a: Pecharunt|10/100
|move|p1a: Pecharunt|Recover|p1a: Pecharunt
|-heal|p1a: Pecharunt|60/100
|
|upkeep
|turn|32
|
|t:|1760858872
|move|p2a: Dragonite|Roost|p2a: Dragonite
|-heal|p2a: Dragonite|87/100
|-singleturn|p2a: Dragonite|move: Roost
|move|p1a: Pecharunt|Malignant Chain|p2a: Dragonite
|-damage|p2a: Dragonite|54/100
|
|upkeep
|turn|33
|
|t:|1760858880
|move|p2a: Dragonite|Dragon Dance|p2a: Dragonite
|-boost|p2a: Dragonite|atk|1
|-boost|p2a: Dragonite|spe|1
|move|p1a: Pecharunt|Malignant Chain|p2a: Dragonite
|-damage|p2a: Dragonite|19/100
|
|upkeep
|turn|34
|
|t:|1760858884
|move|p2a: Dragonite|Earthquake|p1a: Pecharunt
|-supereffective|p1a: Pecharunt
|-damage|p1a: Pecharunt|8/100
|move|p1a: Pecharunt|Foul Play|p2a: Dragonite
|-damage|p2a: Dragonite|0 fnt
|faint|p2a: Dragonite
|
|upkeep
|
|t:|1760858887
|switch|p2a: Ogerpon|Ogerpon-Wellspring, F|74/100
|turn|35
|
|t:|1760858893
|switch|p1a: Landorus|Landorus-Therian, M|89/100
|-ability|p1a: Landorus|Intimidate|boost
|-unboost|p2a: Ogerpon|atk|1
|move|p2a: Ogerpon|Horn Leech|p1a: Landorus
|-damage|p1a: Landorus|54/100
|-heal|p2a: Ogerpon|92/100|[from] drain|[of] p1a: Landorus
|
|upkeep
|turn|36
|
|t:|1760858899
|move|p1a: Landorus|U-turn|p2a: Ogerpon
|-supereffective|p2a: Ogerpon
|-damage|p2a: Ogerpon|9/100
|
|t:|1760858901
|switch|p1a: Pecharunt|Pecharunt|8/100|[from] U-turn
|move|p2a: Ogerpon|Ivy Cudgel|p1a: Pecharunt|[anim] Ivy Cudgel Water
|-damage|p1a: Pecharunt|0 fnt
|faint|p1a: Pecharunt
|
|upkeep
|-message|Golurk365 forfeited.
|
|win|Callooee
|raw|Callooee's rating: 1247 &rarr; <strong>1270</strong><br />(+23 for winning)
|raw|Golurk365's rating: 1214 &rarr; <strong>1191</strong><br />(-23 for losing)
|l|☆Golurk365
|player|p2|
|l|☆Callooee
|player|p1|
