|j|☆utsho456
|j|‽kgbagent01
|t:|1760760342
|gametype|singles
|player|p1|utsho456|1|1097
|player|p2|kgbagent01|265|1143
|gen|9
|tier|[Gen 9] OU
|rated|
|rule|HP Percentage Mod: HP is shown in percentages
|rule|Endless Battle Clause: Forcing endless battles is banned
|rule|Species Clause: Limit one of each Pokémon
|rule|OHKO Clause: OHKO moves are banned
|rule|Evasion Items Clause: Evasion items are banned
|rule|Evasion Moves Clause: Evasion moves are banned
|rule|Evasion Abilities Clause: Evasion abilities are banned
|rule|Sleep Moves Clause: Sleep-inducing moves are banned
|clearpoke
|poke|p1|Indeedee, M|
|poke|p1|Gholdengo|
|poke|p1|Iron Crown|
|poke|p1|Great Tusk|
|poke|p1|Cinderace, M|
|poke|p1|Samurott-Hisui, M|
|poke|p2|Incineroar, F|
|poke|p2|Lucario, F|
|poke|p2|Tyranitar, M|
|poke|p2|Gliscor, M|
|poke|p2|Garchomp, M|
|poke|p2|Blastoise, F|
|teampreview
|inactive|Battle timer is ON: inactive players will automatically lose when time's up. (requested by kgbagent01)
|
|t:|1760760352
|teamsize|p1|6
|teamsize|p2|6
|start
|switch|p1a: Samurott|Samurott-Hisui, M|100/100
|switch|p2a: Blastoise|Blastoise, F|100/100
|turn|1
|
|t:|1760760363
|move|p1a: Samurott|Ceaseless Edge|p2a: Blastoise
|-damage|p2a: Blastoise|39/100
|-sidestart|p2: kgbagent01|Spikes
|-damage|p1a: Samurott|91/100|[from] item: Life Orb
|move|p2a: Blastoise|Shell Smash|p2a: Blastoise
|-unboost|p2a: Blastoise|def|1
|-unboost|p2a: Blastoise|spd|1
|-boost|p2a: Blastoise|atk|2
|-boost|p2a: Blastoise|spa|2
|-boost|p2a: Blastoise|spe|2
|-enditem|p2a: Blastoise|White Herb
|-clearnegativeboost|p2a: Blastoise|[silent]
|
|upkeep
|turn|2
|
|t:|1760760373
|-terastallize|p2a: Blastoise|Electric
|move|p1a: Samurott|Sucker Punch|p2a: Blastoise
|-damage|p2a: Blastoise|0 fnt
|faint|p2a: Blastoise
|-damage|p1a: Samurott|81/100|[from] item: Life Orb
|
|upkeep
|
|t:|1760760380
|switch|p2a: Lucario|Lucario, F|100/100
|-damage|p2a: Lucario|88/100|[from] Spikes
|turn|3
|
|t:|1760760387
|switch|p1a: Great Tusk|Great Tusk|100/100
|move|p2a: Lucario|Vacuum Wave|p1a: Great Tusk
|-damage|p1a: Great Tusk|80/100
|-damage|p2a: Lucario|78/100|[from] item: Life Orb
|
|upkeep
|turn|4
|
|t:|1760760398
|move|p2a: Lucario|Shadow Ball|p1a: Great Tusk
|-damage|p1a: Great Tusk|51/100
|-damage|p2a: Lucario|68/100|[from] item: Life Orb
|move|p1a: Great Tusk|Headlong Rush|p2a: Lucario
|-supereffective|p2a: Lucario
|-damage|p2a: Lucario|0 fnt
|-unboost|p1a: Great Tusk|def|1
|-unboost|p1a: Great Tusk|spd|1
|faint|p2a: Lucario
|
|upkeep
|
|t:|1760760406
|switch|p2a: Garchomp|Garchomp, M|100/100
|-damage|p2a: Garchomp|88/100|[from] Spikes
|turn|5
|
|t:|1760760415
|-end|p1a: Great Tusk|Protosynthesis|[silent]
|switch|p1a: Gholdengo|Gholdengo|100/100
|-item|p1a: Gholdengo|Air Balloon
|move|p2a: Garchomp|Swords Dance|p2a: Garchomp
|-boost|p2a: Garchomp|atk|2
|
|upkeep
|turn|6
|
|t:|1760760423
|move|p2a: Garchomp|Iron Head|p1a: Gholdengo
|-resisted|p1a: Gholdengo
|-damage|p1a: Gholdengo|70/100
|-enditem|p1a: Gholdengo|Air Balloon
|move|p1a: Gholdengo|Make It Rain|p2a: Garchomp
|-damage|p2a: Garchomp|17/100
|-unboost|p1a: Gholdengo|spa|1
|
|upkeep
|turn|7
|
|t:|1760760432
|move|p2a: Garchomp|Stomping Tantrum|p1a: Gholdengo
|-supereffective|p1a: Gholdengo
|-damage|p1a: Gholdengo|0 fnt
|faint|p1a: Gholdengo
|
|upkeep
|
|t:|1760760443
|switch|p1a: Cinderace|Cinderace, M|100/100
|turn|8
|
|t:|1760760464
|move|p1a: Cinderace|U-turn|p2a: Garchomp
|-start|p1a: Cinderace|typechange|Bug|[from] ability: Libero
|-damage|p2a: Garchomp|0 fnt
|-damage|p1a: Cinderace|88/100|[from] ability: Rough Skin|[of] p2a: Garchomp
|faint|p2a: Garchomp
|
|t:|1760760471
|switch|p1a: Samurott|Samurott-Hisui, M|81/100|[from] U-turn
|
|upkeep
|
|t:|1760760476
|switch|p2a: Tyranitar|Tyranitar, M|100/100
|-damage|p2a: Tyranitar|88/100|[from] Spikes
|-weather|Sandstorm|[from] ability: Sand Stream|[of] p2a: Tyranitar
|turn|9
|
|t:|1760760485
|switch|p2a: Incineroar|Incineroar, F|100/100
|-ability|p2a: Incineroar|Intimidate|boost
|-unboost|p1a: Samurott|atk|1
|move|p1a: Samurott|Sacred Sword|p2a: Incineroar
|-supereffective|p2a: Incineroar
|-crit|p2a: Incineroar
|-damage|p2a: Incineroar|0 fnt
|faint|p2a: Incineroar
|-damage|p1a: Samurott|71/100|[from] item: Life Orb
|
|-weather|Sandstorm|[upkeep]
|-damage|p1a: Samurott|64/100|[from] Sandstorm
|upkeep
|
|t:|1760760493
|switch|p2a: Gliscor|Gliscor, M|100/100
|turn|10
|
|t:|1760760501
|switch|p1a: Indeedee|Indeedee, M|100/100
|-fieldstart|move: Psychic Terrain|[from] ability: Psychic Surge|[of] p1a: Indeedee
|move|p2a: Gliscor|Earthquake|p1a: Indeedee
|-damage|p1a: Indeedee|31/100
|
|-weather|Sandstorm|[upkeep]
|-damage|p1a: Indeedee|25/100|[from] Sandstorm
|-status|p2a: Gliscor|tox|[from] item: Toxic Orb
|upkeep
|turn|11
|
|t:|1760760527
|switch|p2a: Tyranitar|Tyranitar, M|88/100
|-damage|p2a: Tyranitar|76/100|[from] Spikes
|move|p1a: Indeedee|Expanding Force|p2a: Tyranitar
|-immune|p2a: Tyranitar
|
|-weather|Sandstorm|[upkeep]
|-damage|p1a: Indeedee|19/100|[from] Sandstorm
|upkeep
|turn|12
|
|t:|1760760535
|move|p1a: Indeedee|Healing Wish|p1a: Indeedee
|faint|p1a: Indeedee
|move|p2a: Tyranitar|Dragon Dance|p2a: Tyranitar
|-boost|p2a: Tyranitar|atk|1
|-boost|p2a: Tyranitar|spe|1
|
|-weather|Sandstorm|[upkeep]
|upkeep
|
|t:|1760760543
|switch|p1a: Iron Crown|Iron Crown|100/100
|-enditem|p1a: Iron Crown|Booster Energy
|-activate|p1a: Iron Crown|ability: Quark Drive|[fromitem]
|-start|p1a: Iron Crown|quarkdrivespe
|turn|13
|
|t:|1760760551
|-terastallize|p1a: Iron Crown|Fighting
|move|p1a: Iron Crown|Calm Mind|p1a: Iron Crown
|-boost|p1a: Iron Crown|spa|1
|-boost|p1a: Iron Crown|spd|1
|move|p2a: Tyranitar|Lash Out|p1a: Iron Crown
|-resisted|p1a: Iron Crown
|-damage|p1a: Iron Crown|68/100
|
|-weather|none
|upkeep
|turn|14
|
|t:|1760760560
|switch|p2a: Gliscor|Gliscor, M|100/100 tox
|move|p1a: Iron Crown|Tachyon Cutter|p2a: Gliscor
|-damage|p2a: Gliscor|58/100 tox
|-damage|p2a: Gliscor|12/100 tox
|-hitcount|p2a: Gliscor|2
|
|-heal|p2a: Gliscor|25/100 tox|[from] ability: Poison Heal
|upkeep
|turn|15
|
|t:|1760760569
|move|p2a: Gliscor|Protect|p2a: Gliscor
|-singleturn|p2a: Gliscor|Protect
|move|p1a: Iron Crown|Tachyon Cutter|p2a: Gliscor
|-activate|p2a: Gliscor|move: Protect
|
|-heal|p2a: Gliscor|37/100 tox|[from] ability: Poison Heal
|upkeep
|turn|16
|
|t:|1760760578
|move|p2a: Gliscor|Protect|p2a: Gliscor
|-singleturn|p2a: Gliscor|Protect
|move|p1a: Iron Crown|Tachyon Cutter|p2a: Gliscor
|-activate|p2a: Gliscor|move: Protect
|
|-heal|p2a: Gliscor|49/100 tox|[from] ability: Poison Heal
|upkeep
|turn|17
|
|t:|1760760587
|move|p1a: Iron Crown|Tachyon Cutter|p2a: Gliscor
|-damage|p2a: Gliscor|2/100 tox
|-crit|p2a: Gliscor
|-damage|p2a: Gliscor|0 fnt
|faint|p2a: Gliscor
|-hitcount|p2: Gliscor|2
|
|-fieldend|move: Psychic Terrain
|upkeep
|-message|kgbagent01 forfeited.
|
|win|utsho456
|raw|utsho456's rating: 1097 &rarr; <strong>1126</strong><br />(+29 for winning)
|raw|kgbagent01's rating: 1143 &rarr; <strong>1115</strong><br />(-28 for losing)
|l|‽kgbagent01
|player|p2|
|l|☆utsho456
|player|p1|
