|j|☆samu1055r
|j|☆AmongusRosita
|t:|1760725025
|gametype|singles
|player|p1|samu1055r|gambler|
|player|p2|AmongusRosita|winona|
|gen|9
|tier|[Gen 9] OU
|rule|HP Percentage Mod: HP is shown in percentages
|rule|Endless Battle Clause: Forcing endless battles is banned
|rule|Species Clause: Limit one of each Pokémon
|rule|OHKO Clause: OHKO moves are banned
|rule|Evasion Items Clause: Evasion items are banned
|rule|Evasion Moves Clause: Evasion moves are banned
|rule|Evasion Abilities Clause: Evasion abilities are banned
|rule|Sleep Moves Clause: Sleep-inducing moves are banned
|clearpoke
|poke|p1|Jolteon, M|
|poke|p1|Mimikyu, M|
|poke|p1|Vileplume, M|
|poke|p1|Arcanine-Hisui, F|
|poke|p1|Garchomp, F|
|poke|p1|Kingambit, F|
|poke|p2|Great Tusk|
|poke|p2|Garganacl, M|
|poke|p2|Dragapult, M|
|poke|p2|Cinderace, F|
|poke|p2|Iron Valiant|
|poke|p2|Rotom-Wash|
|teampreview
|
|t:|1760725032
|teamsize|p1|6
|teamsize|p2|6
|start
|switch|p1a: Mimikyu|Mimikyu, M|100/100
|switch|p2a: Dragapult|Dragapult, M|100/100
|turn|1
|
|t:|1760725041
|move|p2a: Dragapult|Shadow Ball|p1a: Mimikyu
|-activate|p1a: Mimikyu|ability: Disguise
|-damage|p1a: Mimikyu|100/100
|detailschange|p1a: Mimikyu|Mimikyu-Busted, M
|-damage|p1a: Mimikyu|88/100|[from] pokemon: Mimikyu-Busted
|move|p1a: Mimikyu|Dazzling Gleam|p2a: Dragapult
|-supereffective|p2a: Dragapult
|-damage|p2a: Dragapult|10/100
|
|upkeep
|turn|2
|
|t:|1760725064
|switch|p2a: Garganacl|Garganacl, M|100/100
|-terastallize|p1a: Mimikyu|Fairy
|move|p1a: Mimikyu|Dazzling Gleam|p2a: Garganacl
|-damage|p2a: Garganacl|78/100
|
|-heal|p2a: Garganacl|84/100|[from] item: Leftovers
|upkeep
|turn|3
|
|t:|1760725074
|move|p1a: Mimikyu|Giga Drain|p2a: Garganacl
|-supereffective|p2a: Garganacl
|-damage|p2a: Garganacl|57/100
|-heal|p1a: Mimikyu|100/100|[from] drain|[of] p2a: Garganacl
|move|p2a: Garganacl|Salt Cure|p1a: Mimikyu
|-damage|p1a: Mimikyu|77/100
|-start|p1a: Mimikyu|Salt Cure
|
|-heal|p2a: Garganacl|63/100|[from] item: Leftovers
|-damage|p1a: Mimikyu|65/100|[from] Salt Cure
|upkeep
|turn|4
|
|t:|1760725090
|move|p1a: Mimikyu|Giga Drain|p2a: Garganacl
|-supereffective|p2a: Garganacl
|-damage|p2a: Garganacl|37/100
|-heal|p1a: Mimikyu|87/100|[from] drain|[of] p2a: Garganacl
|move|p2a: Garganacl|Recover|p2a: Garganacl
|-heal|p2a: Garganacl|87/100
|
|-heal|p2a: Garganacl|93/100|[from] item: Leftovers
|-damage|p1a: Mimikyu|74/100|[from] Salt Cure
|upkeep
|turn|5
|
|t:|1760725102
|move|p2a: Garganacl|Protect|p2a: Garganacl
|-singleturn|p2a: Garganacl|Protect
|move|p1a: Mimikyu|Giga Drain|p2a: Garganacl
|-activate|p2a: Garganacl|move: Protect
|
|-heal|p2a: Garganacl|99/100|[from] item: Leftovers
|-damage|p1a: Mimikyu|62/100|[from] Salt Cure
|upkeep
|turn|6
|
|t:|1760725110
|move|p1a: Mimikyu|Giga Drain|p2a: Garganacl
|-supereffective|p2a: Garganacl
|-damage|p2a: Garganacl|75/100
|-heal|p1a: Mimikyu|81/100|[from] drain|[of] p2a: Garganacl
|move|p2a: Garganacl|Iron Defense|p2a: Garganacl
|-boost|p2a: Garganacl|def|2
|
|-heal|p2a: Garganacl|81/100|[from] item: Leftovers
|-damage|p1a: Mimikyu|69/100|[from] Salt Cure
|upkeep
|turn|7
|
|t:|1760725126
|switch|p1a: Garchomp|Garchomp, F|100/100
|move|p2a: Garganacl|Salt Cure|p1a: Garchomp
|-resisted|p1a: Garchomp
|-damage|p1a: Garchomp|94/100
|
|-heal|p2a: Garganacl|88/100|[from] item: Leftovers
|upkeep
|turn|8
|
|t:|1760725148
|switch|p2a: Iron Valiant|Iron Valiant|100/100
|move|p1a: Garchomp|Earthquake|p2a: Iron Valiant
|-damage|p2a: Iron Valiant|20/100
|
|upkeep
|turn|9
|
|t:|1760725159
|move|p2a: Iron Valiant|Moonblast|p1a: Garchomp
|-supereffective|p1a: Garchomp
|-damage|p1a: Garchomp|0 fnt
|faint|p1a: Garchomp
|-damage|p2a: Iron Valiant|11/100|[from] item: Life Orb
|
|upkeep
|
|t:|1760725167
|switch|p1a: Kingambit|Kingambit, F|100/100
|-activate|p1a: Kingambit|ability: Supreme Overlord
|-start|p1a: Kingambit|fallen1|[silent]
|turn|10
|
|t:|1760725179
|-end|p2a: Iron Valiant|Quark Drive|[silent]
|switch|p2a: Garganacl|Garganacl, M|88/100
|move|p1a: Kingambit|Poison Jab|p2a: Garganacl
|-resisted|p2a: Garganacl
|-damage|p2a: Garganacl|76/100
|
|-heal|p2a: Garganacl|83/100|[from] item: Leftovers
|upkeep
|turn|11
|
|t:|1760725187
|move|p1a: Kingambit|Flash Cannon|p2a: Garganacl
|-supereffective|p2a: Garganacl
|-damage|p2a: Garganacl|55/100
|move|p2a: Garganacl|Salt Cure|p1a: Kingambit
|-resisted|p1a: Kingambit
|-damage|p1a: Kingambit|95/100
|-start|p1a: Kingambit|Salt Cure
|
|-heal|p1a: Kingambit|100/100|[from] item: Leftovers
|-heal|p2a: Garganacl|62/100|[from] item: Leftovers
|-damage|p1a: Kingambit|76/100|[from] Salt Cure
|upkeep
|turn|12
|
|t:|1760725199
|-end|p1a: Kingambit|fallen1|[silent]
|switch|p1a: Vileplume|Vileplume, M|100/100
|move|p2a: Garganacl|Protect||[still]
|-fail|p2a: Garganacl
|
|-heal|p2a: Garganacl|68/100|[from] item: Leftovers
|upkeep
|turn|13
|
|t:|1760725209
|switch|p2a: Cinderace|Cinderace, F|100/100
|move|p1a: Vileplume|Energy Ball|p2a: Cinderace
|-resisted|p2a: Cinderace
|-damage|p2a: Cinderace|70/100
|
|upkeep
|turn|14
|
|t:|1760725219
|switch|p1a: Arcanine|Arcanine-Hisui, F|100/100
|-ability|p1a: Arcanine|Intimidate|boost
|-unboost|p2a: Cinderace|atk|1
|move|p2a: Cinderace|Pyro Ball|p1a: Arcanine
|-resisted|p1a: Arcanine
|-damage|p1a: Arcanine|91/100
|
|-heal|p1a: Arcanine|97/100|[from] item: Leftovers
|upkeep
|turn|15
|
|t:|1760725233
|switch|p2a: Rotom|Rotom-Wash|100/100
|move|p1a: Arcanine|Dragon Pulse|p2a: Rotom
|-damage|p2a: Rotom|84/100
|
|-heal|p1a: Arcanine|100/100|[from] item: Leftovers
|upkeep
|turn|16
|
|t:|1760725245
|switch|p1a: Jolteon|Jolteon, M|100/100
|-item|p1a: Jolteon|Air Balloon
|move|p2a: Rotom|Hydro Pump|p1a: Jolteon
|-damage|p1a: Jolteon|58/100
|-enditem|p1a: Jolteon|Air Balloon
|
|upkeep
|turn|17
|
|t:|1760725255
|move|p1a: Jolteon|Discharge|p2a: Rotom
|-damage|p2a: Rotom|49/100
|-enditem|p2a: Rotom|Sitrus Berry|[eat]
|-heal|p2a: Rotom|74/100|[from] item: Sitrus Berry
|move|p2a: Rotom|Will-O-Wisp|p1a: Jolteon
|-status|p1a: Jolteon|brn
|
|-damage|p1a: Jolteon|52/100 brn|[from] brn
|upkeep
|turn|18
|
|t:|1760725267
|move|p1a: Jolteon|Protect|p1a: Jolteon
|-singleturn|p1a: Jolteon|Protect
|move|p2a: Rotom|Volt Switch|p1a: Jolteon
|-activate|p1a: Jolteon|move: Protect
|
|-damage|p1a: Jolteon|46/100 brn|[from] brn
|upkeep
|turn|19
|
|t:|1760725274
|move|p1a: Jolteon|Discharge|p2a: Rotom
|-damage|p2a: Rotom|35/100
|move|p2a: Rotom|Volt Switch|p1a: Jolteon
|-heal|p1a: Jolteon|71/100 brn|[from] ability: Volt Absorb|[of] p2a: Rotom
|
|-damage|p1a: Jolteon|65/100 brn|[from] brn
|upkeep
|turn|20
|
|t:|1760725291
|switch|p2a: Great Tusk|Great Tusk|100/100
|move|p1a: Jolteon|Discharge|p2a: Great Tusk
|-immune|p2a: Great Tusk
|
|-damage|p1a: Jolteon|59/100 brn|[from] brn
|upkeep
|turn|21
|
|t:|1760725303
|switch|p1a: Mimikyu|Mimikyu-Busted, M, tera:Fairy|69/100
|move|p2a: Great Tusk|Earthquake|p1a: Mimikyu
|-damage|p1a: Mimikyu|2/100
|
|upkeep
|turn|22
|
|t:|1760725316
|move|p1a: Mimikyu|Shadow Claw|p2a: Great Tusk
|-damage|p2a: Great Tusk|90/100
|move|p2a: Great Tusk|Rapid Spin|p1a: Mimikyu
|-damage|p1a: Mimikyu|0 fnt
|-boost|p2a: Great Tusk|spe|1
|faint|p1a: Mimikyu
|
|-heal|p2a: Great Tusk|96/100|[from] item: Leftovers
|upkeep
|
|t:|1760725327
|switch|p1a: Arcanine|Arcanine-Hisui, F|100/100
|-ability|p1a: Arcanine|Intimidate|boost
|-unboost|p2a: Great Tusk|atk|1
|turn|23
|
|t:|1760725337
|-end|p2a: Great Tusk|Protosynthesis|[silent]
|switch|p2a: Rotom|Rotom-Wash|35/100
|move|p1a: Arcanine|Head Smash|p2a: Rotom
|-damage|p2a: Rotom|0 fnt
|faint|p2a: Rotom
|-damage|p1a: Arcanine|85/100|[from] Recoil
|
|-heal|p1a: Arcanine|91/100|[from] item: Leftovers
|upkeep
|
|t:|1760725350
|switch|p2a: Great Tusk|Great Tusk|96/100
|turn|24
|
|t:|1760725357
|move|p1a: Arcanine|Head Smash|p2a: Great Tusk
|-resisted|p2a: Great Tusk
|-damage|p2a: Great Tusk|88/100
|-damage|p1a: Arcanine|85/100|[from] Recoil
|move|p2a: Great Tusk|Earthquake|p1a: Arcanine
|-supereffective|p1a: Arcanine
|-damage|p1a: Arcanine|0 fnt
|faint|p1a: Arcanine
|
|-heal|p2a: Great Tusk|94/100|[from] item: Leftovers
|upkeep
|
|t:|1760725366
|switch|p1a: Vileplume|Vileplume, M|100/100
|turn|25
|
|t:|1760725373
|-end|p2a: Great Tusk|Protosynthesis|[silent]
|switch|p2a: Cinderace|Cinderace, F|70/100
|move|p1a: Vileplume|Energy Ball|p2a: Cinderace
|-resisted|p2a: Cinderace
|-damage|p2a: Cinderace|41/100
|-unboost|p2a: Cinderace|spd|1
|
|upkeep
|turn|26
|
|t:|1760725383
|switch|p1a: Jolteon|Jolteon, M|59/100 brn
|move|p2a: Cinderace|High Jump Kick|p1a: Jolteon
|-start|p2a: Cinderace|typechange|Fighting|[from] ability: Libero
|-crit|p1a: Jolteon
|-damage|p1a: Jolteon|0 fnt
|faint|p1a: Jolteon
|
|upkeep
|
|t:|1760725392
|switch|p1a: Kingambit|Kingambit, F|76/100
|-activate|p1a: Kingambit|ability: Supreme Overlord
|-start|p1a: Kingambit|fallen4|[silent]
|turn|27
|
|t:|1760725399
|switch|p2a: Garganacl|Garganacl, M|68/100
|move|p1a: Kingambit|Poison Jab|p2a: Garganacl
|-resisted|p2a: Garganacl
|-damage|p2a: Garganacl|55/100
|
|-heal|p1a: Kingambit|82/100|[from] item: Leftovers
|-heal|p2a: Garganacl|61/100|[from] item: Leftovers
|upkeep
|turn|28
|
|t:|1760725407
|move|p1a: Kingambit|Brick Break|p2a: Garganacl
|-supereffective|p2a: Garganacl
|-damage|p2a: Garganacl|12/100
|move|p2a: Garganacl|Salt Cure|p1a: Kingambit
|-resisted|p1a: Kingambit
|-damage|p1a: Kingambit|76/100
|-start|p1a: Kingambit|Salt Cure
|
|-heal|p1a: Kingambit|82/100|[from] item: Leftovers
|-heal|p2a: Garganacl|18/100|[from] item: Leftovers
|-damage|p1a: Kingambit|57/100|[from] Salt Cure
|upkeep
|turn|29
|
|t:|1760725417
|move|p2a: Garganacl|Protect|p2a: Garganacl
|-singleturn|p2a: Garganacl|Protect
|move|p1a: Kingambit|Brick Break|p2a: Garganacl
|-activate|p2a: Garganacl|move: Protect
|
|-heal|p1a: Kingambit|64/100|[from] item: Leftovers
|-heal|p2a: Garganacl|24/100|[from] item: Leftovers
|-damage|p1a: Kingambit|39/100|[from] Salt Cure
|upkeep
|turn|30
|
|t:|1760725425
|move|p1a: Kingambit|Brick Break|p2a: Garganacl
|-supereffective|p2a: Garganacl
|-damage|p2a: Garganacl|0 fnt
|faint|p2a: Garganacl
|
|-heal|p1a: Kingambit|45/100|[from] item: Leftovers
|-damage|p1a: Kingambit|20/100|[from] Salt Cure
|upkeep
|
|t:|1760725444
|switch|p2a: Great Tusk|Great Tusk|94/100
|turn|31
|
|t:|1760725453
|move|p2a: Great Tusk|Earthquake|p1a: Kingambit
|-supereffective|p1a: Kingambit
|-damage|p1a: Kingambit|0 fnt
|faint|p1a: Kingambit
|-end|p1a: Kingambit|fallen4|[silent]
|
|-heal|p2a: Great Tusk|100/100|[from] item: Leftovers
|upkeep
|
|t:|1760725459
|switch|p1a: Vileplume|Vileplume, M|100/100
|turn|32
|
|t:|1760725467
|-end|p2a: Great Tusk|Protosynthesis|[silent]
|switch|p2a: Cinderace|Cinderace, F|41/100
|move|p1a: Vileplume|Energy Ball|p2a: Cinderace
|-resisted|p2a: Cinderace
|-damage|p2a: Cinderace|9/100
|
|upkeep
|turn|33
|
|t:|1760725477
|move|p2a: Cinderace|Pyro Ball|p1a: Vileplume|[miss]
|-miss|p2a: Cinderace|p1a: Vileplume
|move|p1a: Vileplume|Trailblaze|p2a: Cinderace
|-resisted|p2a: Cinderace
|-damage|p2a: Cinderace|0 fnt
|-boost|p1a: Vileplume|spe|1
|faint|p2a: Cinderace
|
|upkeep
|
|t:|1760725494
|switch|p2a: Great Tusk|Great Tusk|100/100
|turn|34
|
|t:|1760725498
|move|p2a: Great Tusk|Earthquake|p1a: Vileplume
|-damage|p1a: Vileplume|50/100
|move|p1a: Vileplume|Energy Ball|p2a: Great Tusk
|-supereffective|p2a: Great Tusk
|-damage|p2a: Great Tusk|0 fnt
|faint|p2a: Great Tusk
|-end|p2a: Great Tusk|Protosynthesis|[silent]
|
|-heal|p1a: Vileplume|56/100|[from] item: Leftovers
|upkeep
|
|t:|1760725506
|switch|p2a: Dragapult|Dragapult, M|10/100
|turn|35
|
|t:|1760725524
|move|p2a: Dragapult|Shadow Ball|p1a: Vileplume
|-damage|p1a: Vileplume|0 fnt
|faint|p1a: Vileplume
|
|win|AmongusRosita
