|j|☆RockyRangerYoutube
|j|☆bigwill606
|t:|1760837927
|gametype|singles
|player|p1|RockyRangerYoutube|pokemonranger-gen4|1206
|player|p2|bigwill606|lucas|1222
|gen|9
|tier|[Gen 9] OU
|rated|
|rule|HP Percentage Mod: HP is shown in percentages
|rule|Endless Battle Clause: Forcing endless battles is banned
|rule|Species Clause: Limit one of each Pokémon
|rule|OHKO Clause: OHKO moves are banned
|rule|Evasion Items Clause: Evasion items are banned
|rule|Evasion Moves Clause: Evasion moves are banned
|rule|Evasion Abilities Clause: Evasion abilities are banned
|rule|Sleep Moves Clause: Sleep-inducing moves are banned
|clearpoke
|poke|p1|Rotom-Mow|
|poke|p1|Garganacl, M|
|poke|p1|Gholdengo|
|poke|p1|Ditto|
|poke|p1|Jirachi|
|poke|p1|Primarina, F|
|poke|p2|Landorus-Therian, M|
|poke|p2|Hatterene, F|
|poke|p2|Ogerpon-Wellspring, F|
|poke|p2|Okidogi, M|
|poke|p2|Iron Thorns|
|poke|p2|Forretress, F|
|teampreview
|inactive|Battle timer is ON: inactive players will automatically lose when time's up. (requested by RockyRangerYoutube)
|c|☆RockyRangerYoutube|Good luck, have fun! :)
|c|☆bigwill606|thanks! you too!
|c|☆RockyRangerYoutube|btw, please sub to the channel!
|c|☆RockyRangerYoutube|Thanks!
|inactive|RockyRangerYoutube has 120 seconds left.
|c|☆bigwill606|sub for sub?
|c|☆bigwill606|eastcoastkrooks is my channel
|
|t:|1760837990
|teamsize|p1|6
|teamsize|p2|6
|start
|switch|p1a: Garganacl|Garganacl, M|100/100
|switch|p2a: Landorus|Landorus-Therian, M|100/100
|-ability|p2a: Landorus|Intimidate|boost
|-unboost|p1a: Garganacl|atk|1
|turn|1
|inactive|RockyRangerYoutube has 120 seconds left.
|c|☆RockyRangerYoutube|I'm making a video rn so they'll see that!
|
|t:|1760838028
|switch|p1a: Rotom|Rotom-Mow|100/100
|move|p2a: Landorus|Earth Power|p1a: Rotom
|-immune|p1a: Rotom|[from] ability: Levitate
|
|upkeep
|turn|2
|c|☆bigwill606|thats awesome lol
|
|t:|1760838053
|switch|p2a: Okidogi|Okidogi, M|100/100
|move|p1a: Rotom|Will-O-Wisp|p2a: Okidogi
|-status|p2a: Okidogi|brn
|
|-damage|p2a: Okidogi|94/100 brn|[from] brn
|upkeep
|turn|3
|c|☆bigwill606|oof
|inactive|RockyRangerYoutube has 120 seconds left.
|inactive|bigwill606 has 120 seconds left.
|c|☆RockyRangerYoutube|I obviously can't say that I'll sub 4 sub on video which i dont do anyway
|c|☆RockyRangerYoutube|but casn check it out for sure!
|c|☆RockyRangerYoutube|can**
|c|☆bigwill606|awesome!
|c|☆RockyRangerYoutube|Thanks!
|
|t:|1760838093
|switch|p1a: Jirachi|Jirachi|100/100
|move|p2a: Okidogi|Knock Off|p1a: Jirachi
|-supereffective|p1a: Jirachi
|-damage|p1a: Jirachi|73/100
|-enditem|p1a: Jirachi|Choice Scarf|[from] move: Knock Off|[of] p2a: Okidogi
|
|-damage|p2a: Okidogi|88/100 brn|[from] brn
|upkeep
|turn|4
|inactive|bigwill606 has 120 seconds left.
|
|t:|1760838113
|switch|p2a: Landorus|Landorus-Therian, M|100/100
|-ability|p2a: Landorus|Intimidate|boost
|-unboost|p1a: Jirachi|atk|1
|move|p1a: Jirachi|Zen Headbutt|p2a: Landorus|[miss]
|-miss|p1a: Jirachi|p2a: Landorus
|
|upkeep
|turn|5
|
|t:|1760838129
|switch|p1a: Rotom|Rotom-Mow|100/100
|move|p2a: Landorus|U-turn|p1a: Rotom
|-supereffective|p1a: Rotom
|-damage|p1a: Rotom|65/100
|inactive|bigwill606 has 90 seconds left.
|
|t:|1760838149
|switch|p2a: Okidogi|Okidogi, M|88/100 brn|[from] U-turn
|
|-heal|p1a: Rotom|71/100|[from] item: Leftovers
|-damage|p2a: Okidogi|82/100 brn|[from] brn
|upkeep
|turn|6
|inactive|RockyRangerYoutube has 120 seconds left.
|
|t:|1760838163
|switch|p1a: Jirachi|Jirachi|73/100
|move|p2a: Okidogi|Poison Jab|p1a: Jirachi
|-immune|p1a: Jirachi
|
|-damage|p2a: Okidogi|76/100 brn|[from] brn
|upkeep
|turn|7
|inactive|RockyRangerYoutube has 120 seconds left.
|
|t:|1760838174
|-terastallize|p2a: Okidogi|Dark
|move|p1a: Jirachi|U-turn|p2a: Okidogi
|-supereffective|p2a: Okidogi
|-damage|p2a: Okidogi|42/100 brn
|inactive|RockyRangerYoutube has 120 seconds left.
|
|t:|1760838188
|switch|p1a: Ditto|Ditto|100/100|[from] U-turn
|-transform|p1a: Ditto|p2a: Okidogi|[from] ability: Imposter
|move|p2a: Okidogi|Bulk Up|p2a: Okidogi
|-boost|p2a: Okidogi|atk|1
|-boost|p2a: Okidogi|def|1
|
|-damage|p2a: Okidogi|36/100 brn|[from] brn
|upkeep
|-start|p1a: Ditto|typechange|Poison/Fighting|[silent]
|turn|8
|inactive|RockyRangerYoutube has 120 seconds left.
|
|t:|1760838211
|switch|p2a: Landorus|Landorus-Therian, M|100/100
|-ability|p2a: Landorus|Intimidate|boost
|-unboost|p1a: Ditto|atk|1
|move|p1a: Ditto|Drain Punch|p2a: Landorus
|-resisted|p2a: Landorus
|-damage|p2a: Landorus|87/100
|
|upkeep
|turn|9
|
|t:|1760838226
|switch|p1a: Rotom|Rotom-Mow|71/100
|move|p2a: Landorus|Stealth Rock|p1a: Rotom
|-sidestart|p1: RockyRangerYoutube|move: Stealth Rock
|
|-heal|p1a: Rotom|77/100|[from] item: Leftovers
|upkeep
|turn|10
|
|t:|1760838233
|switch|p2a: Okidogi|Okidogi, M, tera:Dark|36/100 brn
|move|p1a: Rotom|Will-O-Wisp|p2a: Okidogi
|-fail|p2a: Okidogi|brn
|
|-heal|p1a: Rotom|84/100|[from] item: Leftovers
|-damage|p2a: Okidogi|30/100 brn|[from] brn
|upkeep
|turn|11
|inactive|RockyRangerYoutube has 120 seconds left.
|
|t:|1760838248
|switch|p1a: Jirachi|Jirachi|73/100
|-damage|p1a: Jirachi|67/100|[from] Stealth Rock
|move|p2a: Okidogi|Drain Punch|p1a: Jirachi
|-crit|p1a: Jirachi
|-damage|p1a: Jirachi|41/100
|-heal|p2a: Okidogi|41/100 brn|[from] drain|[of] p1a: Jirachi
|
|-damage|p2a: Okidogi|35/100 brn|[from] brn
|upkeep
|turn|12
|inactive|RockyRangerYoutube has 120 seconds left.
|
|t:|1760838259
|move|p1a: Jirachi|U-turn|p2a: Okidogi
|-supereffective|p2a: Okidogi
|-damage|p2a: Okidogi|5/100 brn
|
|t:|1760838266
|switch|p1a: Primarina|Primarina, F|100/100|[from] U-turn
|move|p2a: Okidogi|Knock Off|p1a: Primarina
|-resisted|p1a: Primarina
|-crit|p1a: Primarina
|-damage|p1a: Primarina|78/100
|-enditem|p1a: Primarina|Heavy-Duty Boots|[from] move: Knock Off|[of] p2a: Okidogi
|
|-damage|p2a: Okidogi|0 fnt|[from] brn
|faint|p2a: Okidogi
|upkeep
|
|t:|1760838281
|switch|p2a: Iron Thorns|Iron Thorns|100/100
|-enditem|p2a: Iron Thorns|Booster Energy
|-activate|p2a: Iron Thorns|ability: Quark Drive|[fromitem]
|-start|p2a: Iron Thorns|quarkdriveatk
|turn|13
|inactive|RockyRangerYoutube has 120 seconds left.
|
|t:|1760838312
|move|p2a: Iron Thorns|Dragon Dance|p2a: Iron Thorns
|-boost|p2a: Iron Thorns|atk|1
|-boost|p2a: Iron Thorns|spe|1
|move|p1a: Primarina|Flip Turn|p2a: Iron Thorns
|-supereffective|p2a: Iron Thorns
|-damage|p2a: Iron Thorns|72/100
|
|t:|1760838323
|switch|p1a: Rotom|Rotom-Mow|84/100|[from] Flip Turn
|-damage|p1a: Rotom|71/100|[from] Stealth Rock
|
|-heal|p1a: Rotom|77/100|[from] item: Leftovers
|upkeep
|turn|14
|
|t:|1760838330
|move|p2a: Iron Thorns|Iron Head|p1a: Rotom
|-resisted|p1a: Rotom
|-damage|p1a: Rotom|53/100
|move|p1a: Rotom|Will-O-Wisp|p2a: Iron Thorns|[miss]
|-miss|p1a: Rotom|p2a: Iron Thorns
|
|-heal|p1a: Rotom|59/100|[from] item: Leftovers
|upkeep
|turn|15
|inactive|bigwill606 has 120 seconds left.
|
|t:|1760838344
|-end|p2a: Iron Thorns|Quark Drive|[silent]
|switch|p2a: Hatterene|Hatterene, F|100/100
|move|p1a: Rotom|Will-O-Wisp|p2a: Hatterene
|move|p2a: Hatterene|Will-O-Wisp|p1a: Rotom|[from] ability: Magic Bounce
|-status|p1a: Rotom|brn
|
|-heal|p1a: Rotom|66/100 brn|[from] item: Leftovers
|-damage|p1a: Rotom|59/100 brn|[from] brn
|upkeep
|turn|16
|inactive|bigwill606 has 120 seconds left.
|
|t:|1760838364
|move|p1a: Rotom|Volt Switch|p2a: Hatterene
|-damage|p2a: Hatterene|75/100
|
|t:|1760838367
|switch|p1a: Jirachi|Jirachi|41/100|[from] Volt Switch
|-damage|p1a: Jirachi|35/100|[from] Stealth Rock
|move|p2a: Hatterene|Calm Mind|p2a: Hatterene
|-boost|p2a: Hatterene|spa|1
|-boost|p2a: Hatterene|spd|1
|
|upkeep
|turn|17
|inactive|RockyRangerYoutube has 120 seconds left.
|inactive|bigwill606 has 120 seconds left.
|
|t:|1760838378
|move|p1a: Jirachi|Iron Head|p2a: Hatterene
|-supereffective|p2a: Hatterene
|-enditem|p2a: Hatterene|Babiri Berry|[eat]
|-enditem|p2a: Hatterene|Babiri Berry|[weaken]
|-damage|p2a: Hatterene|49/100
|cant|p2a: Hatterene|flinch
|
|upkeep
|turn|18
|inactive|RockyRangerYoutube has 120 seconds left.
|
|t:|1760838387
|switch|p2a: Landorus|Landorus-Therian, M|87/100
|-ability|p2a: Landorus|Intimidate|boost
|-unboost|p1a: Jirachi|atk|1
|move|p1a: Jirachi|Iron Head|p2a: Landorus
|-damage|p2a: Landorus|58/100
|
|upkeep
|turn|19
|inactive|bigwill606 has 120 seconds left.
|
|t:|1760838404
|move|p2a: Landorus|U-turn|p1a: Jirachi
|-damage|p1a: Jirachi|15/100
|inactive|bigwill606 has 120 seconds left.
|
|t:|1760838411
|switch|p2a: Forretress|Forretress, F|100/100|[from] U-turn
|move|p1a: Jirachi|Iron Head|p2a: Forretress
|-resisted|p2a: Forretress
|-damage|p2a: Forretress|93/100
|
|upkeep
|turn|20
|inactive|bigwill606 has 120 seconds left.
|
|t:|1760838426
|move|p1a: Jirachi|U-turn|p2a: Forretress
|-resisted|p2a: Forretress
|-damage|p2a: Forretress|89/100
|
|t:|1760838433
|switch|p1a: Rotom|Rotom-Mow|59/100 brn|[from] U-turn
|-damage|p1a: Rotom|47/100 brn|[from] Stealth Rock
|move|p2a: Forretress|Gyro Ball|p1a: Rotom
|-resisted|p1a: Rotom
|-damage|p1a: Rotom|37/100 brn
|
|-heal|p1a: Rotom|43/100 brn|[from] item: Leftovers
|-damage|p1a: Rotom|37/100 brn|[from] brn
|upkeep
|turn|21
|
|t:|1760838447
|switch|p2a: Landorus|Landorus-Therian, M|58/100
|-ability|p2a: Landorus|Intimidate|boost
|-unboost|p1a: Rotom|atk|1
|move|p1a: Rotom|Will-O-Wisp|p2a: Landorus
|-status|p2a: Landorus|brn
|
|-heal|p1a: Rotom|43/100 brn|[from] item: Leftovers
|-damage|p2a: Landorus|52/100 brn|[from] brn
|-damage|p1a: Rotom|37/100 brn|[from] brn
|upkeep
|turn|22
|
|t:|1760838459
|move|p2a: Landorus|Sludge Wave|p1a: Rotom
|-supereffective|p1a: Rotom
|-damage|p1a: Rotom|0 fnt
|faint|p1a: Rotom
|
|-damage|p2a: Landorus|46/100 brn|[from] brn
|upkeep
|inactive|RockyRangerYoutube has 120 seconds left.
|
|t:|1760838511
|switch|p1a: Gholdengo|Gholdengo|100/100
|-damage|p1a: Gholdengo|94/100|[from] Stealth Rock
|turn|23
|
|t:|1760838520
|switch|p2a: Forretress|Forretress, F|89/100
|move|p1a: Gholdengo|Make It Rain|p2a: Forretress
|-resisted|p2a: Forretress
|-damage|p2a: Forretress|62/100
|-unboost|p1a: Gholdengo|spa|1
|
|upkeep
|turn|24
|
|t:|1760838537
|switch|p1a: Jirachi|Jirachi|15/100
|-damage|p1a: Jirachi|9/100|[from] Stealth Rock
|move|p2a: Forretress|Volt Switch|p1a: Jirachi
|-damage|p1a: Jirachi|0 fnt
|faint|p1a: Jirachi
|inactive|bigwill606 has 120 seconds left.
|
|t:|1760838557
|switch|p2a: Hatterene|Hatterene, F|49/100|[from] Volt Switch
|
|upkeep
|
|t:|1760838562
|switch|p1a: Gholdengo|Gholdengo|94/100
|-damage|p1a: Gholdengo|88/100|[from] Stealth Rock
|turn|25
|inactive|RockyRangerYoutube has 120 seconds left.
|
|t:|1760838572
|switch|p2a: Forretress|Forretress, F|62/100
|move|p1a: Gholdengo|Shadow Ball|p2a: Forretress
|-damage|p2a: Forretress|27/100
|
|upkeep
|turn|26
|
|t:|1760838586
|move|p1a: Gholdengo|Shadow Ball|p2a: Forretress
|-damage|p2a: Forretress|0 fnt
|faint|p2a: Forretress
|
|upkeep
|
|t:|1760838594
|switch|p2a: Iron Thorns|Iron Thorns|72/100
|turn|27
|
|t:|1760838601
|move|p1a: Gholdengo|Shadow Ball|p2a: Iron Thorns
|-damage|p2a: Iron Thorns|23/100
|move|p2a: Iron Thorns|Earthquake|p1a: Gholdengo
|-supereffective|p1a: Gholdengo
|-damage|p1a: Gholdengo|11/100
|
|upkeep
|turn|28
|
|t:|1760838613
|-end|p2a: Iron Thorns|Quark Drive|[silent]
|switch|p2a: Landorus|Landorus-Therian, M|46/100 brn
|-ability|p2a: Landorus|Intimidate|boost
|-unboost|p1a: Gholdengo|atk|1
|move|p1a: Gholdengo|Shadow Ball|p2a: Landorus
|-damage|p2a: Landorus|0 fnt
|faint|p2a: Landorus
|
|upkeep
|
|t:|1760838625
|switch|p2a: Ogerpon|Ogerpon-Wellspring, F|100/100
|turn|29
|
|t:|1760838633
|move|p1a: Gholdengo|Shadow Ball|p2a: Ogerpon
|-damage|p2a: Ogerpon|51/100
|move|p2a: Ogerpon|Horn Leech|p1a: Gholdengo
|-resisted|p1a: Gholdengo
|-damage|p1a: Gholdengo|0 fnt
|-heal|p2a: Ogerpon|56/100|[from] drain|[of] p1a: Gholdengo
|faint|p1a: Gholdengo
|
|upkeep
|
|t:|1760838645
|switch|p1a: Garganacl|Garganacl, M|100/100
|-damage|p1a: Garganacl|88/100|[from] Stealth Rock
|turn|30
|
|t:|1760838654
|-terastallize|p1a: Garganacl|Ghost
|move|p2a: Ogerpon|Ivy Cudgel|p1a: Garganacl|[anim] Ivy Cudgel Water
|-damage|p1a: Garganacl|60/100
|move|p1a: Garganacl|Salt Cure|p2a: Ogerpon
|-damage|p2a: Ogerpon|37/100
|-start|p2a: Ogerpon|Salt Cure
|
|-heal|p1a: Garganacl|66/100|[from] item: Leftovers
|-damage|p2a: Ogerpon|12/100|[from] Salt Cure
|upkeep
|turn|31
|
|t:|1760838667
|switch|p2a: Hatterene|Hatterene, F|49/100
|move|p1a: Garganacl|Recover|p1a: Garganacl
|-heal|p1a: Garganacl|100/100
|
|upkeep
|turn|32
|
|t:|1760838679
|switch|p1a: Primarina|Primarina, F|78/100
|-damage|p1a: Primarina|66/100|[from] Stealth Rock
|move|p2a: Hatterene|Calm Mind|p2a: Hatterene
|-boost|p2a: Hatterene|spa|1
|-boost|p2a: Hatterene|spd|1
|
|upkeep
|turn|33
|
|t:|1760838692
|move|p1a: Primarina|Flip Turn|p2a: Hatterene
|-damage|p2a: Hatterene|36/100
|
|t:|1760838694
|switch|p1a: Ditto|Ditto|100/100|[from] Flip Turn
|-damage|p1a: Ditto|88/100|[from] Stealth Rock
|-transform|p1a: Ditto|p2a: Hatterene|[from] ability: Imposter
|move|p2a: Hatterene|Nuzzle|p1a: Ditto
|-damage|p1a: Ditto|84/100
|-status|p1a: Ditto|par
|
|upkeep
|turn|34
|
|t:|1760838707
|move|p2a: Hatterene|Calm Mind|p2a: Hatterene
|-boost|p2a: Hatterene|spa|1
|-boost|p2a: Hatterene|spd|1
|move|p1a: Ditto|Nuzzle|p2a: Hatterene
|-damage|p2a: Hatterene|33/100
|-status|p2a: Hatterene|par
|
|upkeep
|turn|35
|
|t:|1760838715
|switch|p1a: Primarina|Primarina, F|66/100
|-damage|p1a: Primarina|54/100|[from] Stealth Rock
|move|p2a: Hatterene|Calm Mind|p2a: Hatterene
|-boost|p2a: Hatterene|spa|1
|-boost|p2a: Hatterene|spd|1
|
|upkeep
|turn|36
|
|t:|1760838726
|move|p1a: Primarina|Flip Turn|p2a: Hatterene
|-damage|p2a: Hatterene|21/100 par
|
|t:|1760838730
|switch|p1a: Ditto|Ditto|84/100 par|[from] Flip Turn
|-damage|p1a: Ditto|72/100 par|[from] Stealth Rock
|-transform|p1a: Ditto|p2a: Hatterene|[from] ability: Imposter
|move|p2a: Hatterene|Draining Kiss|p1a: Ditto
|-damage|p1a: Ditto|46/100 par
|-heal|p2a: Hatterene|39/100 par|[from] drain|[of] p1a: Ditto
|
|upkeep
|turn|37
|
|t:|1760838740
|move|p1a: Ditto|Draining Kiss|p2a: Hatterene
|-damage|p2a: Hatterene|17/100 par
|-heal|p1a: Ditto|64/100 par|[from] drain|[of] p2a: Hatterene
|move|p2a: Hatterene|Draining Kiss|p1a: Ditto
|-damage|p1a: Ditto|37/100 par
|-heal|p2a: Hatterene|36/100 par|[from] drain|[of] p1a: Ditto
|
|upkeep
|turn|38
|
|t:|1760838748
|move|p1a: Ditto|Draining Kiss|p2a: Hatterene
|-damage|p2a: Hatterene|12/100 par
|-heal|p1a: Ditto|57/100 par|[from] drain|[of] p2a: Hatterene
|move|p2a: Hatterene|Draining Kiss|p1a: Ditto
|-damage|p1a: Ditto|34/100 par
|-heal|p2a: Hatterene|28/100 par|[from] drain|[of] p1a: Ditto
|
|upkeep
|turn|39
|
|t:|1760838755
|cant|p1a: Ditto|par
|move|p2a: Hatterene|Draining Kiss|p1a: Ditto
|-damage|p1a: Ditto|9/100 par
|-heal|p2a: Hatterene|46/100 par|[from] drain|[of] p1a: Ditto
|
|upkeep
|turn|40
|
|t:|1760838761
|move|p1a: Ditto|Draining Kiss|p2a: Hatterene
|-damage|p2a: Hatterene|21/100 par
|-heal|p1a: Ditto|28/100 par|[from] drain|[of] p2a: Hatterene
|cant|p2a: Hatterene|par
|
|upkeep
|turn|41
|
|t:|1760838768
|cant|p1a: Ditto|par
|move|p2a: Hatterene|Draining Kiss|p1a: Ditto
|-damage|p1a: Ditto|2/100 par
|-heal|p2a: Hatterene|40/100 par|[from] drain|[of] p1a: Ditto
|
|upkeep
|turn|42
|
|t:|1760838774
|move|p1a: Ditto|Draining Kiss|p2a: Hatterene
|-damage|p2a: Hatterene|15/100 par
|-heal|p1a: Ditto|22/100 par|[from] drain|[of] p2a: Hatterene
|move|p2a: Hatterene|Draining Kiss|p1a: Ditto
|-damage|p1a: Ditto|0 fnt
|-heal|p2a: Hatterene|30/100 par|[from] drain|[of] p1a: Ditto
|faint|p1a: Ditto
|
|upkeep
|
|t:|1760838789
|switch|p1a: Primarina|Primarina, F|54/100
|-damage|p1a: Primarina|41/100|[from] Stealth Rock
|turn|43
|
|t:|1760838793
|move|p1a: Primarina|Psychic Noise|p2a: Hatterene
|-resisted|p2a: Hatterene
|-damage|p2a: Hatterene|25/100 par
|-start|p2a: Hatterene|move: Heal Block
|cant|p2a: Hatterene|move: Heal Block|Draining Kiss
|
|upkeep
|turn|44
|
|t:|1760838801
|move|p1a: Primarina|Flip Turn|p2a: Hatterene
|-damage|p2a: Hatterene|12/100 par
|
|t:|1760838804
|switch|p1a: Garganacl|Garganacl, M, tera:Ghost|100/100|[from] Flip Turn
|-damage|p1a: Garganacl|88/100|[from] Stealth Rock
|move|p2a: Hatterene|Stored Power|p1a: Garganacl
|-damage|p1a: Garganacl|0 fnt
|faint|p1a: Garganacl
|
|-end|p2a: Hatterene|move: Heal Block
|upkeep
|
|t:|1760838806
|switch|p1a: Primarina|Primarina, F|41/100
|-damage|p1a: Primarina|29/100|[from] Stealth Rock
|turn|45
|
|t:|1760838816
|move|p1a: Primarina|Flip Turn|p2a: Hatterene
|-damage|p2a: Hatterene|0 fnt
|faint|p2a: Hatterene
|
|upkeep
|c|☆RockyRangerYoutube|GG!
|
|t:|1760838821
|switch|p2a: Ogerpon|Ogerpon-Wellspring, F|12/100
|turn|46
|c|☆bigwill606|that was a great game!
|
|t:|1760838831
|move|p2a: Ogerpon|Horn Leech|p1a: Primarina
|-supereffective|p1a: Primarina
|-damage|p1a: Primarina|0 fnt
|-heal|p2a: Ogerpon|27/100|[from] drain|[of] p1a: Primarina
|faint|p1a: Primarina
|
|win|bigwill606
|raw|RockyRangerYoutube's rating: 1206 &rarr; <strong>1182</strong><br />(-24 for losing)
|raw|bigwill606's rating: 1222 &rarr; <strong>1246</strong><br />(+24 for winning)
|c|☆RockyRangerYoutube|Absolutely!
|c|☆bigwill606|ill sub now
|c|☆bigwill606|subbed and bell rung!
|l|☆bigwill606
|player|p2|
