|j|☆zzbpzgxyyds
|j|☆tootymctoot
|t:|1760762518
|gametype|singles
|player|p1|zzbpzgxyyds|n|1091
|player|p2|tootymctoot|cynthia-gen4|1090
|gen|9
|tier|[Gen 9] OU
|rated|
|rule|HP Percentage Mod: HP is shown in percentages
|rule|Endless Battle Clause: Forcing endless battles is banned
|rule|Species Clause: Limit one of each Pokémon
|rule|OHKO Clause: OHKO moves are banned
|rule|Evasion Items Clause: Evasion items are banned
|rule|Evasion Moves Clause: Evasion moves are banned
|rule|Evasion Abilities Clause: Evasion abilities are banned
|rule|Sleep Moves Clause: Sleep-inducing moves are banned
|clearpoke
|poke|p1|Garganacl, M|
|poke|p1|Leavanny, F|
|poke|p1|Ninetales, M|
|poke|p1|Venusaur, M|
|poke|p1|Rillaboom, M|
|poke|p1|Great Tusk|
|poke|p2|Heatran, M|
|poke|p2|Excadrill, F|
|poke|p2|Alomomola, F|
|poke|p2|Galvantula, F|
|poke|p2|Kingambit, M|
|poke|p2|Zoroark-Hisui, M|
|teampreview
|inactive|Battle timer is ON: inactive players will automatically lose when time's up. (requested by tootymctoot)
|inactive|tootymctoot has 120 seconds left.
|
|t:|1760762561
|teamsize|p1|6
|teamsize|p2|6
|start
|switch|p1a: Leavanny|Leavanny, F|100/100
|switch|p2a: Galvantula|Galvantula, F|100/100
|turn|1
|
|t:|1760762570
|move|p2a: Galvantula|Sticky Web|p1a: Leavanny
|-sidestart|p1: zzbpzgxyyds|move: Sticky Web
|move|p1a: Leavanny|Triple Axel|p2a: Galvantula
|-damage|p2a: Galvantula|88/100
|-damage|p2a: Galvantula|62/100
|-damage|p2a: Galvantula|28/100
|-hitcount|p2a: Galvantula|3
|
|upkeep
|turn|2
|
|t:|1760762597
|move|p2a: Galvantula|Thunder Wave|p1a: Leavanny
|-status|p1a: Leavanny|par
|move|p1a: Leavanny|Fell Stinger|p2a: Galvantula
|-damage|p2a: Galvantula|0 fnt
|faint|p2a: Galvantula
|-boost|p1a: Leavanny|atk|3
|
|upkeep
|inactive|tootymctoot has 120 seconds left.
|
|t:|1760762618
|switch|p2a: Heatran|Heatran, M|100/100
|turn|3
|
|t:|1760762643
|move|p2a: Heatran|Lava Plume|p1a: Leavanny
|-supereffective|p1a: Leavanny
|-damage|p1a: Leavanny|0 fnt
|faint|p1a: Leavanny
|
|upkeep
|
|t:|1760762648
|switch|p1a: Great Tusk|Great Tusk|100/100
|-activate|p1a: Great Tusk|move: Sticky Web
|-unboost|p1a: Great Tusk|spe|1
|turn|4
|
|t:|1760762652
|move|p1a: Great Tusk|Rapid Spin|p2a: Heatran
|-resisted|p2a: Heatran
|-damage|p2a: Heatran|93/100
|-boost|p1a: Great Tusk|spe|1
|-sideend|p1: zzbpzgxyyds|Sticky Web|[from] move: Rapid Spin|[of] p1a: Great Tusk
|move|p2a: Heatran|Will-O-Wisp|p1a: Great Tusk
|-status|p1a: Great Tusk|brn
|
|-heal|p2a: Heatran|99/100|[from] item: Leftovers
|-damage|p1a: Great Tusk|94/100 brn|[from] brn
|upkeep
|turn|5
|
|t:|1760762660
|switch|p2a: Alomomola|Alomomola, F|100/100
|move|p1a: Great Tusk|Close Combat|p2a: Alomomola
|-damage|p2a: Alomomola|85/100
|-unboost|p1a: Great Tusk|def|1
|-unboost|p1a: Great Tusk|spd|1
|-damage|p1a: Great Tusk|78/100 brn|[from] item: Rocky Helmet|[of] p2a: Alomomola
|
|-heal|p1a: Great Tusk|84/100 brn|[from] item: Leftovers
|-damage|p1a: Great Tusk|78/100 brn|[from] brn
|upkeep
|turn|6
|
|t:|1760762668
|move|p1a: Great Tusk|Close Combat|p2a: Alomomola
|-damage|p2a: Alomomola|67/100
|-unboost|p1a: Great Tusk|def|1
|-unboost|p1a: Great Tusk|spd|1
|-damage|p1a: Great Tusk|61/100 brn|[from] item: Rocky Helmet|[of] p2a: Alomomola
|move|p2a: Alomomola|Wish|p2a: Alomomola
|
|-heal|p1a: Great Tusk|68/100 brn|[from] item: Leftovers
|-damage|p1a: Great Tusk|61/100 brn|[from] brn
|upkeep
|turn|7
|-message|zzbpzgxyyds forfeited.
|
|win|tootymctoot
|raw|zzbpzgxyyds's rating: 1091 &rarr; <strong>1067</strong><br />(-24 for losing)
|raw|tootymctoot's rating: 1090 &rarr; <strong>1117</strong><br />(+27 for winning)
|l|☆zzbpzgxyyds
|player|p1|
|l|☆tootymctoot
|player|p2|
