|j|☆mansonabuluting
|j|☆TotallySkilled
|t:|1760718887
|gametype|singles
|player|p1|mansonabuluting|bellelba|1624
|player|p2|TotallySkilled|guzma|1631
|gen|9
|tier|[Gen 9] OU
|rated|
|rule|HP Percentage Mod: HP is shown in percentages
|rule|Endless Battle Clause: Forcing endless battles is banned
|rule|Species Clause: Limit one of each Pokémon
|rule|OHKO Clause: OHKO moves are banned
|rule|Evasion Items Clause: Evasion items are banned
|rule|Evasion Moves Clause: Evasion moves are banned
|rule|Evasion Abilities Clause: Evasion abilities are banned
|rule|Sleep Moves Clause: Sleep-inducing moves are banned
|clearpoke
|poke|p1|Rillaboom, F|
|poke|p1|Hawlucha, M|
|poke|p1|Thundurus-Therian, M|
|poke|p1|Great Tusk|
|poke|p1|Volcanion|
|poke|p1|Goodra-Hisui, F|
|poke|p2|Deoxys-Speed|
|poke|p2|Blaziken, M|
|poke|p2|Zamazenta-*|
|poke|p2|Gholdengo|
|poke|p2|Moltres-Galar|
|poke|p2|Kingambit, F|
|teampreview
|
|t:|1760718897
|teamsize|p1|6
|teamsize|p2|6
|start
|switch|p1a: Rillaboom|Rillaboom, F|100/100
|switch|p2a: Blaziken|Blaziken, M|100/100
|-fieldstart|move: Grassy Terrain|[from] ability: Grassy Surge|[of] p1a: Rillaboom
|turn|1
|
|t:|1760718952
|switch|p1a: Volcanion|Volcanion|100/100
|move|p2a: Blaziken|Flare Blitz|p1a: Volcanion
|-resisted|p1a: Volcanion
|-damage|p1a: Volcanion|84/100
|-damage|p2a: Blaziken|94/100|[from] Recoil
|-damage|p2a: Blaziken|84/100|[from] item: Life Orb
|
|-heal|p2a: Blaziken|90/100|[from] Grassy Terrain
|-heal|p1a: Volcanion|90/100|[from] Grassy Terrain
|-ability|p2a: Blaziken|Speed Boost|boost
|-boost|p2a: Blaziken|spe|1
|upkeep
|turn|2
|
|t:|1760718964
|move|p2a: Blaziken|Stone Edge|p1a: Volcanion
|-supereffective|p1a: Volcanion
|-damage|p1a: Volcanion|18/100
|-damage|p2a: Blaziken|80/100|[from] item: Life Orb
|move|p1a: Volcanion|Steam Eruption|p2a: Blaziken
|-supereffective|p2a: Blaziken
|-damage|p2a: Blaziken|0 fnt
|faint|p2a: Blaziken
|
|-heal|p1a: Volcanion|24/100|[from] Grassy Terrain
|upkeep
|
|t:|1760718970
|switch|p2a: Deoxys|Deoxys-Speed|100/100
|-ability|p2a: Deoxys|Pressure
|turn|3
|
|t:|1760718980
|switch|p1a: Goodra|Goodra-Hisui, F|100/100
|move|p2a: Deoxys|Light Screen|p2a: Deoxys
|-sidestart|p2: TotallySkilled|move: Light Screen
|
|upkeep
|turn|4
|
|t:|1760718985
|move|p2a: Deoxys|Reflect|p2a: Deoxys
|-sidestart|p2: TotallySkilled|Reflect
|move|p1a: Goodra|Flash Cannon|p2a: Deoxys
|-damage|p2a: Deoxys|73/100
|
|-heal|p2a: Deoxys|79/100|[from] Grassy Terrain
|upkeep
|turn|5
|
|t:|1760718990
|switch|p2a: Kingambit|Kingambit, F|100/100
|-activate|p2a: Kingambit|ability: Supreme Overlord
|-start|p2a: Kingambit|fallen1|[silent]
|move|p1a: Goodra|Flash Cannon|p2a: Kingambit
|-resisted|p2a: Kingambit
|-damage|p2a: Kingambit|91/100
|
|-heal|p2a: Kingambit|97/100|[from] Grassy Terrain
|-heal|p2a: Kingambit|100/100|[from] item: Leftovers
|-fieldend|move: Grassy Terrain
|upkeep
|turn|6
|
|t:|1760718996
|switch|p1a: Great Tusk|Great Tusk|100/100
|move|p2a: Kingambit|Low Kick|p1a: Great Tusk
|-damage|p1a: Great Tusk|76/100
|-damage|p2a: Kingambit|84/100|[from] item: Rocky Helmet|[of] p1a: Great Tusk
|
|-heal|p2a: Kingambit|90/100|[from] item: Leftovers
|upkeep
|turn|7
|
|t:|1760719001
|-end|p2a: Kingambit|fallen1|[silent]
|switch|p2a: Moltres|Moltres-Galar|100/100
|move|p1a: Great Tusk|Stealth Rock|p2a: Moltres
|-sidestart|p2: TotallySkilled|move: Stealth Rock
|
|upkeep
|turn|8
|
|t:|1760719006
|-end|p1a: Great Tusk|Protosynthesis|[silent]
|switch|p1a: Thundurus|Thundurus-Therian, M|100/100
|move|p2a: Moltres|Nasty Plot|p2a: Moltres
|-boost|p2a: Moltres|spa|2
|
|upkeep
|turn|9
|
|t:|1760719010
|move|p1a: Thundurus|Thunder Wave|p2a: Moltres
|-status|p2a: Moltres|par
|move|p2a: Moltres|Agility|p2a: Moltres
|-boost|p2a: Moltres|spe|2
|
|upkeep
|turn|10
|
|t:|1760719017
|switch|p1a: Goodra|Goodra-Hisui, F|100/100
|cant|p2a: Moltres|par
|
|-sideend|p2: TotallySkilled|move: Light Screen
|upkeep
|turn|11
|
|t:|1760719022
|move|p2a: Moltres|Fiery Wrath|p1a: Goodra
|-damage|p1a: Goodra|65/100
|move|p1a: Goodra|Flash Cannon|p2a: Moltres
|-damage|p2a: Moltres|67/100 par
|
|-sideend|p2: TotallySkilled|Reflect
|upkeep
|turn|12
|
|t:|1760719028
|move|p2a: Moltres|Fiery Wrath|p1a: Goodra
|-damage|p1a: Goodra|29/100
|move|p1a: Goodra|Draco Meteor|p2a: Moltres
|-damage|p2a: Moltres|12/100 par
|-unboost|p1a: Goodra|spa|2
|-ability|p2a: Moltres|Berserk|boost
|-boost|p2a: Moltres|spa|1
|-enditem|p2a: Moltres|Sitrus Berry|[eat]
|-heal|p2a: Moltres|37/100 par|[from] item: Sitrus Berry
|
|upkeep
|turn|13
|
|t:|1760719041
|move|p2a: Moltres|Fiery Wrath|p1a: Goodra
|-damage|p1a: Goodra|0 fnt
|faint|p1a: Goodra
|
|upkeep
|
|t:|1760719047
|switch|p1a: Thundurus|Thundurus-Therian, M|100/100
|turn|14
|
|t:|1760719049
|move|p1a: Thundurus|Volt Switch|p2a: Moltres
|-supereffective|p2a: Moltres
|-damage|p2a: Moltres|0 fnt
|faint|p2a: Moltres
|
|t:|1760719053
|switch|p1a: Rillaboom|Rillaboom, F|100/100|[from] Volt Switch
|-fieldstart|move: Grassy Terrain|[from] ability: Grassy Surge|[of] p1a: Rillaboom
|
|upkeep
|
|t:|1760719058
|switch|p2a: Zamazenta|Zamazenta|100/100
|-damage|p2a: Zamazenta|94/100|[from] Stealth Rock
|-ability|p2a: Zamazenta|Dauntless Shield|boost
|-boost|p2a: Zamazenta|def|1
|turn|15
|
|t:|1760719066
|move|p2a: Zamazenta|Body Press|p1a: Rillaboom
|-damage|p1a: Rillaboom|57/100
|move|p1a: Rillaboom|U-turn|p2a: Zamazenta
|-resisted|p2a: Zamazenta
|-damage|p2a: Zamazenta|85/100
|
|t:|1760719086
|switch|p1a: Thundurus|Thundurus-Therian, M|100/100|[from] U-turn
|
|-heal|p2a: Zamazenta|91/100|[from] Grassy Terrain
|upkeep
|turn|16
|
|t:|1760719091
|-terastallize|p1a: Thundurus|Flying
|move|p1a: Thundurus|Tera Blast|p2a: Zamazenta|[anim] Tera Blast Flying
|-supereffective|p2a: Zamazenta
|-damage|p2a: Zamazenta|0 fnt
|faint|p2a: Zamazenta
|
|upkeep
|
|t:|1760719098
|switch|p2a: Gholdengo|Gholdengo|100/100
|-damage|p2a: Gholdengo|94/100|[from] Stealth Rock
|turn|17
|
|t:|1760719104
|switch|p1a: Volcanion|Volcanion|24/100
|move|p2a: Gholdengo|Shadow Ball|p1a: Volcanion
|-damage|p1a: Volcanion|0 fnt
|faint|p1a: Volcanion
|
|-heal|p2a: Gholdengo|100/100|[from] Grassy Terrain
|upkeep
|
|t:|1760719123
|switch|p1a: Thundurus|Thundurus-Therian, M, tera:Flying|100/100
|turn|18
|
|t:|1760719127
|move|p1a: Thundurus|Volt Switch|p2a: Gholdengo
|-damage|p2a: Gholdengo|45/100
|
|t:|1760719137
|switch|p1a: Hawlucha|Hawlucha, M|100/100|[from] Volt Switch
|-enditem|p1a: Hawlucha|Grassy Seed
|-boost|p1a: Hawlucha|def|1|[from] item: Grassy Seed
|move|p2a: Gholdengo|Make It Rain|p1a: Hawlucha
|-damage|p1a: Hawlucha|0 fnt
|-unboost|p2a: Gholdengo|spa|1
|faint|p1a: Hawlucha
|
|-heal|p2a: Gholdengo|51/100|[from] Grassy Terrain
|-fieldend|move: Grassy Terrain
|upkeep
|
|t:|1760719139
|switch|p1a: Thundurus|Thundurus-Therian, M, tera:Flying|100/100
|turn|19
|
|t:|1760719142
|switch|p2a: Kingambit|Kingambit, F|90/100
|-damage|p2a: Kingambit|84/100|[from] Stealth Rock
|-activate|p2a: Kingambit|ability: Supreme Overlord
|-start|p2a: Kingambit|fallen3|[silent]
|move|p1a: Thundurus|Volt Switch|p2a: Kingambit
|-damage|p2a: Kingambit|44/100
|
|t:|1760719150
|switch|p1a: Great Tusk|Great Tusk|76/100|[from] Volt Switch
|
|-heal|p2a: Kingambit|50/100|[from] item: Leftovers
|upkeep
|turn|20
|
|t:|1760719154
|move|p1a: Great Tusk|Headlong Rush|p2a: Kingambit
|-supereffective|p2a: Kingambit
|-damage|p2a: Kingambit|0 fnt
|-unboost|p1a: Great Tusk|def|1
|-unboost|p1a: Great Tusk|spd|1
|faint|p2a: Kingambit
|-end|p2a: Kingambit|fallen3|[silent]
|
|upkeep
|
|t:|1760719157
|switch|p2a: Deoxys|Deoxys-Speed|79/100
|-damage|p2a: Deoxys|67/100|[from] Stealth Rock
|-ability|p2a: Deoxys|Pressure
|turn|21
|
|t:|1760719163
|move|p2a: Deoxys|Reflect|p2a: Deoxys
|-sidestart|p2: TotallySkilled|Reflect
|move|p1a: Great Tusk|Headlong Rush|p2a: Deoxys
|-damage|p2a: Deoxys|34/100
|-unboost|p1a: Great Tusk|def|1
|-unboost|p1a: Great Tusk|spd|1
|
|upkeep
|turn|22
|
|t:|1760719168
|move|p2a: Deoxys|Psycho Boost|p1a: Great Tusk
|-supereffective|p1a: Great Tusk
|-damage|p1a: Great Tusk|0 fnt
|-unboost|p2a: Deoxys|spa|2
|faint|p1a: Great Tusk
|-end|p1a: Great Tusk|Protosynthesis|[silent]
|
|upkeep
|
|t:|1760719172
|switch|p1a: Rillaboom|Rillaboom, F|57/100
|-fieldstart|move: Grassy Terrain|[from] ability: Grassy Surge|[of] p1a: Rillaboom
|turn|23
|
|t:|1760719175
|move|p1a: Rillaboom|Grassy Glide|p2a: Deoxys
|-damage|p2a: Deoxys|0 fnt
|faint|p2a: Deoxys
|
|-heal|p1a: Rillaboom|64/100|[from] Grassy Terrain
|upkeep
|
|t:|1760719179
|switch|p2a: Gholdengo|Gholdengo|51/100
|-damage|p2a: Gholdengo|45/100|[from] Stealth Rock
|turn|24
|
|t:|1760719182
|move|p1a: Rillaboom|Grassy Glide|p2a: Gholdengo
|-resisted|p2a: Gholdengo
|-damage|p2a: Gholdengo|30/100
|move|p2a: Gholdengo|Recover|p2a: Gholdengo
|-heal|p2a: Gholdengo|80/100
|
|-heal|p2a: Gholdengo|86/100|[from] Grassy Terrain
|-heal|p1a: Rillaboom|70/100|[from] Grassy Terrain
|upkeep
|turn|25
|
|t:|1760719188
|move|p1a: Rillaboom|Grassy Glide|p2a: Gholdengo
|-resisted|p2a: Gholdengo
|-damage|p2a: Gholdengo|70/100
|move|p2a: Gholdengo|Nasty Plot|p2a: Gholdengo
|-boost|p2a: Gholdengo|spa|2
|
|-heal|p2a: Gholdengo|76/100|[from] Grassy Terrain
|-heal|p1a: Rillaboom|76/100|[from] Grassy Terrain
|upkeep
|turn|26
|
|t:|1760719196
|move|p1a: Rillaboom|Grassy Glide|p2a: Gholdengo
|-resisted|p2a: Gholdengo
|-damage|p2a: Gholdengo|58/100
|move|p2a: Gholdengo|Recover|p2a: Gholdengo
|-heal|p2a: Gholdengo|100/100
|
|-heal|p1a: Rillaboom|82/100|[from] Grassy Terrain
|upkeep
|turn|27
|
|t:|1760719199
|move|p1a: Rillaboom|Grassy Glide|p2a: Gholdengo
|-resisted|p2a: Gholdengo
|-damage|p2a: Gholdengo|85/100
|move|p2a: Gholdengo|Shadow Ball|p1a: Rillaboom
|-crit|p1a: Rillaboom
|-damage|p1a: Rillaboom|0 fnt
|faint|p1a: Rillaboom
|
|-heal|p2a: Gholdengo|91/100|[from] Grassy Terrain
|-fieldend|move: Grassy Terrain
|upkeep
|
|t:|1760719203
|switch|p1a: Thundurus|Thundurus-Therian, M, tera:Flying|100/100
|turn|28
|
|t:|1760719208
|-terastallize|p2a: Gholdengo|Steel
|move|p1a: Thundurus|Volt Switch|p2a: Gholdengo
|-damage|p2a: Gholdengo|40/100
|move|p2a: Gholdengo|Make It Rain|p1a: Thundurus
|-damage|p1a: Thundurus|0 fnt
|-unboost|p2a: Gholdengo|spa|1
|faint|p1a: Thundurus
|
|win|TotallySkilled
|raw|mansonabuluting's rating: 1624 &rarr; <strong>1604</strong><br />(-20 for losing)
|raw|TotallySkilled's rating: 1631 &rarr; <strong>1651</strong><br />(+20 for winning)
|l|☆mansonabuluting
|player|p1|
