|j|☆acavemana
|j|☆faabie
|t:|1760777640
|gametype|singles
|player|p1|acavemana|169|1177
|player|p2|faabie|blackbelt-gen4dp|1147
|gen|9
|tier|[Gen 9] OU
|rated|
|rule|HP Percentage Mod: HP is shown in percentages
|rule|Endless Battle Clause: Forcing endless battles is banned
|rule|Species Clause: Limit one of each Pokémon
|rule|OHKO Clause: OHKO moves are banned
|rule|Evasion Items Clause: Evasion items are banned
|rule|Evasion Moves Clause: Evasion moves are banned
|rule|Evasion Abilities Clause: Evasion abilities are banned
|rule|Sleep Moves Clause: Sleep-inducing moves are banned
|clearpoke
|poke|p1|Ting-Lu|
|poke|p1|Quaquaval, M|
|poke|p1|Heatran, F|
|poke|p1|Zapdos|
|poke|p1|Krookodile, M|
|poke|p1|Chansey, F|
|poke|p2|Garganacl, M|
|poke|p2|Quaquaval, M|
|poke|p2|Kleavor, M|
|poke|p2|Gliscor, M|
|poke|p2|Lurantis, M|
|poke|p2|Ceruledge, M|
|teampreview
|
|t:|1760777656
|teamsize|p1|6
|teamsize|p2|6
|start
|switch|p1a: Krookodile|Krookodile, M|100/100
|switch|p2a: Quaquaval|Quaquaval, M|100/100
|-ability|p1a: Krookodile|Intimidate|boost
|-unboost|p2a: Quaquaval|atk|1
|turn|1
|
|t:|1760777673
|-terastallize|p2a: Quaquaval|Flying
|move|p1a: Krookodile|Knock Off|p2a: Quaquaval
|-damage|p2a: Quaquaval|48/100
|-enditem|p2a: Quaquaval|Weakness Policy|[from] move: Knock Off|[of] p1a: Krookodile
|move|p2a: Quaquaval|Aqua Step|p1a: Krookodile
|-supereffective|p1a: Krookodile
|-damage|p1a: Krookodile|30/100
|-boost|p2a: Quaquaval|spe|1
|
|upkeep
|turn|2
|
|t:|1760777692
|switch|p1a: Zapdos|Zapdos|100/100
|move|p2a: Quaquaval|Roost|p2a: Quaquaval
|-heal|p2a: Quaquaval|98/100
|-hint|If a Terastallized Pokemon uses Roost, it remains Flying-type.
|
|upkeep
|turn|3
|
|t:|1760777705
|move|p2a: Quaquaval|Acrobatics|p1a: Zapdos
|-resisted|p1a: Zapdos
|-damage|p1a: Zapdos|81/100
|-damage|p2a: Quaquaval|82/100|[from] item: Rocky Helmet|[of] p1a: Zapdos
|move|p1a: Zapdos|Heat Wave|p2a: Quaquaval
|-damage|p2a: Quaquaval|44/100
|
|upkeep
|turn|4
|
|t:|1760777715
|move|p2a: Quaquaval|Aqua Step|p1a: Zapdos
|-damage|p1a: Zapdos|56/100
|-boost|p2a: Quaquaval|spe|1
|-damage|p2a: Quaquaval|27/100|[from] item: Rocky Helmet|[of] p1a: Zapdos
|move|p1a: Zapdos|Heat Wave|p2a: Quaquaval
|-damage|p2a: Quaquaval|0 fnt
|faint|p2a: Quaquaval
|
|upkeep
|
|t:|1760777727
|switch|p2a: Gliscor|Gliscor, M, shiny|100/100
|turn|5
|
|t:|1760777734
|move|p1a: Zapdos|Heat Wave|p2a: Gliscor
|-damage|p2a: Gliscor|58/100
|move|p2a: Gliscor|Ice Fang|p1a: Zapdos
|-supereffective|p1a: Zapdos
|-damage|p1a: Zapdos|21/100
|-damage|p2a: Gliscor|41/100|[from] item: Rocky Helmet|[of] p1a: Zapdos
|-status|p2a: Gliscor|par|[from] ability: Static|[of] p1a: Zapdos
|
|upkeep
|turn|6
|
|t:|1760777744
|move|p1a: Zapdos|Roost|p1a: Zapdos
|-heal|p1a: Zapdos|71/100
|-singleturn|p1a: Zapdos|move: Roost
|move|p2a: Gliscor|Toxic|p1a: Zapdos
|-status|p1a: Zapdos|tox
|
|-damage|p1a: Zapdos|64/100 tox|[from] psn
|upkeep
|turn|7
|
|t:|1760777754
|switch|p1a: Quaquaval|Quaquaval, M|100/100
|move|p2a: Gliscor|Facade|p1a: Quaquaval
|-damage|p1a: Quaquaval|59/100
|
|upkeep
|turn|8
|
|t:|1760777768
|move|p1a: Quaquaval|Aqua Step|p2a: Gliscor
|-supereffective|p2a: Gliscor
|-damage|p2a: Gliscor|0 fnt
|-boost|p1a: Quaquaval|spe|1
|faint|p2a: Gliscor
|-ability|p1a: Quaquaval|Moxie|boost
|-boost|p1a: Quaquaval|atk|1
|-damage|p1a: Quaquaval|49/100|[from] item: Life Orb
|
|upkeep
|
|t:|1760777775
|switch|p2a: Lurantis|Lurantis, M, shiny|100/100
|turn|9
|inactive|Battle timer is ON: inactive players will automatically lose when time's up. (requested by faabie)
|
|t:|1760777788
|switch|p1a: Zapdos|Zapdos|64/100 tox
|move|p2a: Lurantis|Superpower|p1a: Zapdos
|-resisted|p1a: Zapdos
|-damage|p1a: Zapdos|47/100 tox
|-boost|p2a: Lurantis|atk|1
|-boost|p2a: Lurantis|def|1
|-damage|p2a: Lurantis|84/100|[from] item: Rocky Helmet|[of] p1a: Zapdos
|-status|p2a: Lurantis|par|[from] ability: Static|[of] p1a: Zapdos
|
|-damage|p1a: Zapdos|41/100 tox|[from] psn
|upkeep
|turn|10
|
|t:|1760777815
|move|p1a: Zapdos|Roost|p1a: Zapdos
|-heal|p1a: Zapdos|91/100 tox
|-singleturn|p1a: Zapdos|move: Roost
|move|p2a: Lurantis|Leaf Blade|p1a: Zapdos
|-damage|p1a: Zapdos|31/100 tox
|-damage|p2a: Lurantis|68/100 par|[from] item: Rocky Helmet|[of] p1a: Zapdos
|
|-damage|p1a: Zapdos|19/100 tox|[from] psn
|upkeep
|turn|11
|inactive|faabie has 120 seconds left.
|
|t:|1760777831
|move|p1a: Zapdos|Heat Wave|p2a: Lurantis
|-supereffective|p2a: Lurantis
|-damage|p2a: Lurantis|0 fnt
|faint|p2a: Lurantis
|
|-damage|p1a: Zapdos|0 fnt|[from] psn
|faint|p1a: Zapdos
|upkeep
|inactive|faabie has 120 seconds left.
|
|t:|1760777842
|switch|p1a: Quaquaval|Quaquaval, M|49/100
|switch|p2a: Kleavor|Kleavor, M|100/100
|turn|12
|inactive|faabie has 120 seconds left.
|
|t:|1760777849
|move|p2a: Kleavor|Substitute|p2a: Kleavor
|-start|p2a: Kleavor|Substitute
|-damage|p2a: Kleavor|76/100
|move|p1a: Quaquaval|Roost|p1a: Quaquaval
|-heal|p1a: Quaquaval|99/100
|-singleturn|p1a: Quaquaval|move: Roost
|
|upkeep
|turn|13
|
|t:|1760777856
|move|p2a: Kleavor|Swords Dance|p2a: Kleavor
|-boost|p2a: Kleavor|atk|2
|move|p1a: Quaquaval|Aqua Step|p2a: Kleavor
|-supereffective|p2a: Kleavor
|-end|p2a: Kleavor|Substitute
|-boost|p1a: Quaquaval|spe|1
|-damage|p1a: Quaquaval|90/100|[from] item: Life Orb
|
|upkeep
|turn|14
|
|t:|1760777873
|move|p1a: Quaquaval|Aqua Step|p2a: Kleavor
|-supereffective|p2a: Kleavor
|-damage|p2a: Kleavor|0 fnt
|-boost|p1a: Quaquaval|spe|1
|faint|p2a: Kleavor
|-ability|p1a: Quaquaval|Moxie|boost
|-boost|p1a: Quaquaval|atk|1
|-damage|p1a: Quaquaval|80/100|[from] item: Life Orb
|
|upkeep
|
|t:|1760777878
|switch|p2a: Garganacl|Garganacl, M, shiny|100/100
|-item|p2a: Garganacl|Air Balloon
|turn|15
|
|t:|1760777886
|move|p1a: Quaquaval|Aqua Step|p2a: Garganacl
|-supereffective|p2a: Garganacl
|-ability|p2a: Garganacl|Sturdy
|-damage|p2a: Garganacl|1/100
|-boost|p1a: Quaquaval|spe|1
|-enditem|p2a: Garganacl|Air Balloon
|-damage|p1a: Quaquaval|70/100|[from] item: Life Orb
|move|p2a: Garganacl|Iron Defense|p2a: Garganacl
|-boost|p2a: Garganacl|def|2
|
|upkeep
|turn|16
|
|t:|1760777896
|move|p1a: Quaquaval|Aqua Step|p2a: Garganacl
|-supereffective|p2a: Garganacl
|-damage|p2a: Garganacl|0 fnt
|-boost|p1a: Quaquaval|spe|1
|faint|p2a: Garganacl
|-ability|p1a: Quaquaval|Moxie|boost
|-boost|p1a: Quaquaval|atk|1
|-damage|p1a: Quaquaval|60/100|[from] item: Life Orb
|
|upkeep
|
|t:|1760777898
|switch|p2a: Ceruledge|Ceruledge, M|100/100
|turn|17
|
|t:|1760777907
|move|p1a: Quaquaval|Aqua Jet|p2a: Ceruledge
|-supereffective|p2a: Ceruledge
|-damage|p2a: Ceruledge|0 fnt
|faint|p2a: Ceruledge
|-damage|p1a: Quaquaval|50/100|[from] item: Life Orb
|
|win|acavemana
|raw|acavemana's rating: 1177 &rarr; <strong>1200</strong><br />(+23 for winning)
|raw|faabie's rating: 1147 &rarr; <strong>1124</strong><br />(-23 for losing)
|l|☆acavemana
|player|p1|
|l|☆faabie
|player|p2|
