|j|☆W4ll R0s3
|j|☆skater66
|t:|1760883763
|gametype|singles
|player|p1|W4ll R0s3|170|1334
|player|p2|skater66|266|1353
|gen|9
|tier|[Gen 9] OU
|rated|
|rule|HP Percentage Mod: HP is shown in percentages
|rule|Endless Battle Clause: Forcing endless battles is banned
|rule|Species Clause: Limit one of each Pokémon
|rule|OHKO Clause: OHKO moves are banned
|rule|Evasion Items Clause: Evasion items are banned
|rule|Evasion Moves Clause: Evasion moves are banned
|rule|Evasion Abilities Clause: Evasion abilities are banned
|rule|Sleep Moves Clause: Sleep-inducing moves are banned
|clearpoke
|poke|p1|Gholdengo|
|poke|p1|Ogerpon-Wellspring, F|
|poke|p1|Overqwil, M|
|poke|p1|Raging Bolt|
|poke|p1|Cyclizar, M|
|poke|p1|Ting-Lu|
|poke|p2|Dragapult, M|
|poke|p2|Blaziken, M|
|poke|p2|Zapdos|
|poke|p2|Ditto|
|poke|p2|Glimmora, M|
|poke|p2|Great Tusk|
|teampreview
|inactive|Battle timer is ON: inactive players will automatically lose when time's up. (requested by skater66)
|
|t:|1760883786
|teamsize|p1|6
|teamsize|p2|6
|start
|switch|p1a: Cyclizar|Cyclizar, M|100/100
|switch|p2a: Dragapult|Dragapult, M|100/100
|turn|1
|inactive|skater66 has 120 seconds left.
|
|t:|1760883831
|switch|p1a: Ting-Lu|Ting-Lu|100/100
|-ability|p1a: Ting-Lu|Vessel of Ruin
|move|p2a: Dragapult|Dragon Darts|p1a: Ting-Lu
|-damage|p1a: Ting-Lu|80/100
|-anim|p2a: Dragapult|Dragon Darts|p1a: Ting-Lu
|-damage|p1a: Ting-Lu|63/100
|
|-heal|p1a: Ting-Lu|70/100|[from] item: Leftovers
|upkeep
|turn|2
|
|t:|1760883846
|move|p2a: Dragapult|Dragon Darts|p1a: Ting-Lu
|-damage|p1a: Ting-Lu|50/100
|-anim|p2a: Dragapult|Dragon Darts|p1a: Ting-Lu
|-damage|p1a: Ting-Lu|30/100
|move|p1a: Ting-Lu|Stealth Rock|p2a: Dragapult
|-sidestart|p2: skater66|move: Stealth Rock
|
|-heal|p1a: Ting-Lu|37/100|[from] item: Leftovers
|upkeep
|turn|3
|inactive|skater66 has 120 seconds left.
|
|t:|1760883863
|switch|p1a: Overqwil|Overqwil, M|100/100
|-ability|p1a: Overqwil|Intimidate|boost
|-unboost|p2a: Dragapult|atk|1
|move|p2a: Dragapult|Dragon Darts|p1a: Overqwil
|-damage|p1a: Overqwil|82/100
|-anim|p2a: Dragapult|Dragon Darts|p1a: Overqwil
|-damage|p1a: Overqwil|64/100
|
|-heal|p1a: Overqwil|70/100|[from] item: Leftovers
|upkeep
|turn|4
|inactive|skater66 has 120 seconds left.
|
|t:|1760883874
|move|p2a: Dragapult|Dragon Darts|p1a: Overqwil
|-damage|p1a: Overqwil|53/100
|-anim|p2a: Dragapult|Dragon Darts|p1a: Overqwil
|-damage|p1a: Overqwil|34/100
|move|p1a: Overqwil|Throat Chop|p2a: Dragapult
|-supereffective|p2a: Dragapult
|-damage|p2a: Dragapult|0 fnt
|faint|p2a: Dragapult
|
|-heal|p1a: Overqwil|40/100|[from] item: Leftovers
|upkeep
|inactive|skater66 has 120 seconds left.
|
|t:|1760883889
|switch|p2a: Zapdos|Zapdos|100/100
|-damage|p2a: Zapdos|76/100|[from] Stealth Rock
|turn|5
|
|t:|1760883895
|switch|p1a: Raging Bolt|Raging Bolt|100/100
|-terastallize|p2a: Zapdos|Ground
|move|p2a: Zapdos|Tera Blast|p1a: Raging Bolt|[anim] Tera Blast Ground
|-supereffective|p1a: Raging Bolt
|-damage|p1a: Raging Bolt|52/100
|-damage|p2a: Zapdos|66/100|[from] item: Life Orb
|
|upkeep
|turn|6
|inactive|skater66 has 120 seconds left.
|
|t:|1760883906
|-end|p1a: Raging Bolt|Protosynthesis|[silent]
|switch|p1a: Ogerpon|Ogerpon-Wellspring, F|100/100
|move|p2a: Zapdos|Tera Blast|p1a: Ogerpon|[anim] Tera Blast Ground
|-resisted|p1a: Ogerpon
|-damage|p1a: Ogerpon|69/100
|-damage|p2a: Zapdos|56/100|[from] item: Life Orb
|
|upkeep
|turn|7
|
|t:|1760883915
|move|p1a: Ogerpon|Horn Leech|p2a: Zapdos
|-supereffective|p2a: Zapdos
|-damage|p2a: Zapdos|0 fnt
|-heal|p1a: Ogerpon|98/100|[from] drain|[of] p2a: Zapdos
|faint|p2a: Zapdos
|
|upkeep
|inactive|skater66 has 120 seconds left.
|
|t:|1760883930
|switch|p2a: Glimmora|Glimmora, M|100/100
|-damage|p2a: Glimmora|88/100|[from] Stealth Rock
|turn|8
|
|t:|1760883936
|move|p1a: Ogerpon|Ivy Cudgel|p2a: Glimmora|[anim] Ivy Cudgel Water
|-supereffective|p2a: Glimmora
|-damage|p2a: Glimmora|0 fnt
|-activate|p2a: Glimmora|ability: Toxic Debris
|-sidestart|p1: W4ll R0s3|move: Toxic Spikes
|faint|p2a: Glimmora
|
|upkeep
|
|t:|1760883942
|switch|p2a: Great Tusk|Great Tusk|100/100
|-damage|p2a: Great Tusk|98/100|[from] Stealth Rock
|-enditem|p2a: Great Tusk|Booster Energy
|-activate|p2a: Great Tusk|ability: Protosynthesis|[fromitem]
|-start|p2a: Great Tusk|protosynthesisatk
|turn|9
|
|t:|1760883953
|-terastallize|p1a: Ogerpon|Water
|detailschange|p1a: Ogerpon|Ogerpon-Wellspring-Tera, F, tera:Water
|-ability|p1a: Ogerpon|Embody Aspect (Wellspring)|boost
|-boost|p1a: Ogerpon|spd|1
|move|p1a: Ogerpon|Ivy Cudgel|p2a: Great Tusk|[anim] Ivy Cudgel Water
|-supereffective|p2a: Great Tusk
|-damage|p2a: Great Tusk|0 fnt
|faint|p2a: Great Tusk
|-end|p2a: Great Tusk|Protosynthesis|[silent]
|
|upkeep
|-message|skater66 forfeited.
|
|win|W4ll R0s3
|raw|W4ll R0s3's rating: 1334 &rarr; <strong>1355</strong><br />(+21 for winning)
|raw|skater66's rating: 1353 &rarr; <strong>1332</strong><br />(-21 for losing)
|l|☆skater66
|player|p2|
|l|☆W4ll R0s3
|player|p1|
