|j|☆siroperation
|j|☆go b3yond
|t:|1760890545
|gametype|singles
|player|p1|siroperation|1|1709
|player|p2|go b3yond|waiter-gen4dp|1676
|gen|9
|tier|[Gen 9] OU
|rated|
|rule|HP Percentage Mod: HP is shown in percentages
|rule|Endless Battle Clause: Forcing endless battles is banned
|rule|Species Clause: Limit one of each Pokémon
|rule|OHKO Clause: OHKO moves are banned
|rule|Evasion Items Clause: Evasion items are banned
|rule|Evasion Moves Clause: Evasion moves are banned
|rule|Evasion Abilities Clause: Evasion abilities are banned
|rule|Sleep Moves Clause: Sleep-inducing moves are banned
|clearpoke
|poke|p1|Zamazenta-*|
|poke|p1|Alomomola, F|
|poke|p1|Ting-Lu|
|poke|p1|Cyclizar, F|
|poke|p1|Bronzong|
|poke|p1|Tornadus-Therian, M|
|poke|p2|Torkoal, M|
|poke|p2|Brute Bonnet|
|poke|p2|Hatterene, F|
|poke|p2|Walking Wake|
|poke|p2|Thundurus-Therian, M|
|poke|p2|Ceruledge, F|
|teampreview
|inactive|Battle timer is ON: inactive players will automatically lose when time's up. (requested by go b3yond)
|
|t:|1760890561
|teamsize|p1|6
|teamsize|p2|6
|start
|switch|p1a: Tornadus|Tornadus-Therian, M|100/100
|switch|p2a: GREAT Bait|Torkoal, M, shiny|100/100
|-weather|SunnyDay|[from] ability: Drought|[of] p2a: GREAT Bait
|turn|1
|
|t:|1760890565
|switch|p2a: Hatterene|Hatterene, F|100/100
|move|p1a: Tornadus|Knock Off|p2a: Hatterene
|-damage|p2a: Hatterene|84/100
|-enditem|p2a: Hatterene|Eject Button|[from] move: Knock Off|[of] p1a: Tornadus
|
|-weather|SunnyDay|[upkeep]
|upkeep
|turn|2
|
|t:|1760890581
|switch|p1a: Alomomola|Alomomola, F|100/100
|move|p2a: Hatterene|Dazzling Gleam|p1a: Alomomola
|-damage|p1a: Alomomola|67/100
|
|-weather|SunnyDay|[upkeep]
|upkeep
|turn|3
|
|t:|1760890589
|move|p2a: Hatterene|Psychic Noise|p1a: Alomomola
|-damage|p1a: Alomomola|36/100
|-start|p1a: Alomomola|move: Heal Block
|move|p1a: Alomomola|Mirror Coat|p2a: Hatterene
|-damage|p2a: Hatterene|0 fnt
|faint|p2a: Hatterene
|
|-weather|SunnyDay|[upkeep]
|upkeep
|
|t:|1760890600
|switch|p2a: Ceruledge|Ceruledge, F|100/100
|turn|4
|
|t:|1760890605
|move|p2a: Ceruledge|Swords Dance|p2a: Ceruledge
|-boost|p2a: Ceruledge|atk|2
|move|p1a: Alomomola|Flip Turn|p2a: Ceruledge
|-supereffective|p2a: Ceruledge
|-damage|p2a: Ceruledge|77/100
|-ability|p2a: Ceruledge|Weak Armor|boost
|-unboost|p2a: Ceruledge|def|1
|-boost|p2a: Ceruledge|spe|2
|inactive|siroperation has 120 seconds left.
|
|t:|1760890643
|switch|p1a: Ting-Lu|Ting-Lu|100/100|[from] Flip Turn
|-ability|p1a: Ting-Lu|Vessel of Ruin
|
|-weather|SunnyDay|[upkeep]
|upkeep
|turn|5
|
|t:|1760890652
|-terastallize|p2a: Ceruledge|Fighting
|-terastallize|p1a: Ting-Lu|Water
|move|p2a: Ceruledge|Close Combat|p1a: Ting-Lu
|-damage|p1a: Ting-Lu|33/100
|-unboost|p2a: Ceruledge|def|1
|-unboost|p2a: Ceruledge|spd|1
|move|p1a: Ting-Lu|Earthquake|p2a: Ceruledge
|-damage|p2a: Ceruledge|0 fnt
|faint|p2a: Ceruledge
|
|-weather|SunnyDay|[upkeep]
|-heal|p1a: Ting-Lu|39/100|[from] item: Leftovers
|upkeep
|
|t:|1760890662
|switch|p2a: Thundurus|Thundurus-Therian, M|100/100
|turn|6
|
|t:|1760890675
|switch|p1a: Cyclizar|Cyclizar, F, shiny|100/100
|move|p2a: Thundurus|Focus Blast|p1a: Cyclizar|[miss]
|-miss|p2a: Thundurus|p1a: Cyclizar
|
|-weather|SunnyDay|[upkeep]
|upkeep
|turn|7
|c|☆go b3yond|Focus shit
|inactive|siroperation has 120 seconds left.
|
|t:|1760890696
|move|p1a: Cyclizar|Knock Off|p2a: Thundurus
|-damage|p2a: Thundurus|65/100
|-enditem|p2a: Thundurus|Choice Specs|[from] move: Knock Off|[of] p1a: Cyclizar
|move|p2a: Thundurus|Focus Blast|p1a: Cyclizar
|-supereffective|p1a: Cyclizar
|-damage|p1a: Cyclizar|0 fnt
|faint|p1a: Cyclizar
|
|-weather|SunnyDay|[upkeep]
|upkeep
|inactive|siroperation has 120 seconds left.
|j| LusterLati
|
|t:|1760890709
|switch|p1a: Bronzong|Bronzong|100/100
|turn|8
|l| LusterLati
|inactive|siroperation has 120 seconds left.
|
|t:|1760890717
|move|p2a: Thundurus|Weather Ball|p1a: Bronzong
|-supereffective|p1a: Bronzong
|-damage|p1a: Bronzong|32/100
|move|p1a: Bronzong|Ice Spinner|p2a: Thundurus
|-supereffective|p2a: Thundurus
|-damage|p2a: Thundurus|18/100
|
|-weather|none
|upkeep
|turn|9
|
|t:|1760890723
|move|p2a: Thundurus|Thunderbolt|p1a: Bronzong
|-damage|p1a: Bronzong|0 fnt
|faint|p1a: Bronzong
|
|upkeep
|
|t:|1760890728
|switch|p1a: Tornadus|Tornadus-Therian, M|100/100
|turn|10
|
|t:|1760890731
|switch|p2a: GREAT Bait|Torkoal, M, shiny|100/100
|-weather|SunnyDay|[from] ability: Drought|[of] p2a: GREAT Bait
|move|p1a: Tornadus|Heat Wave|p2a: GREAT Bait
|-resisted|p2a: GREAT Bait
|-damage|p2a: GREAT Bait|71/100
|
|-weather|SunnyDay|[upkeep]
|upkeep
|turn|11
|
|t:|1760890742
|move|p1a: Tornadus|Knock Off|p2a: GREAT Bait
|-damage|p2a: GREAT Bait|54/100
|-enditem|p2a: GREAT Bait|Heat Rock|[from] move: Knock Off|[of] p1a: Tornadus
|move|p2a: GREAT Bait|Overheat|p1a: Tornadus
|-damage|p1a: Tornadus|33/100
|-unboost|p2a: GREAT Bait|spa|2
|
|-weather|SunnyDay|[upkeep]
|upkeep
|turn|12
|
|t:|1760890749
|switch|p1a: Alomomola|Alomomola, F|69/100
|move|p2a: GREAT Bait|Overheat|p1a: Alomomola
|-resisted|p1a: Alomomola
|-damage|p1a: Alomomola|50/100
|-unboost|p2a: GREAT Bait|spa|2
|
|-weather|SunnyDay|[upkeep]
|upkeep
|turn|13
|
|t:|1760890756
|switch|p2a: Brute Bonnet|Brute Bonnet|100/100
|-activate|p2a: Brute Bonnet|ability: Protosynthesis
|-start|p2a: Brute Bonnet|protosynthesisatk
|move|p1a: Alomomola|Flip Turn|p2a: Brute Bonnet
|-resisted|p2a: Brute Bonnet
|-damage|p2a: Brute Bonnet|97/100
|
|t:|1760890778
|switch|p1a: Zamazenta|Zamazenta|100/100|[from] Flip Turn
|-ability|p1a: Zamazenta|Dauntless Shield|boost
|-boost|p1a: Zamazenta|def|1
|
|-weather|SunnyDay|[upkeep]
|upkeep
|turn|14
|
|t:|1760890783
|move|p1a: Zamazenta|Iron Defense|p1a: Zamazenta
|-boost|p1a: Zamazenta|def|2
|move|p2a: Brute Bonnet|Bullet Seed|p1a: Zamazenta
|-damage|p1a: Zamazenta|95/100
|-damage|p1a: Zamazenta|90/100
|-damage|p1a: Zamazenta|85/100
|-damage|p1a: Zamazenta|79/100
|-hitcount|p1a: Zamazenta|4
|
|-weather|SunnyDay|[upkeep]
|-heal|p1a: Zamazenta|86/100|[from] item: Leftovers
|upkeep
|turn|15
|j| nadu breakfast yay
|
|t:|1760890788
|move|p1a: Zamazenta|Body Press|p2a: Brute Bonnet
|-supereffective|p2a: Brute Bonnet
|-damage|p2a: Brute Bonnet|0 fnt
|faint|p2a: Brute Bonnet
|-end|p2a: Brute Bonnet|Protosynthesis|[silent]
|
|-weather|SunnyDay|[upkeep]
|-heal|p1a: Zamazenta|92/100|[from] item: Leftovers
|upkeep
|
|t:|1760890790
|switch|p2a: Walking Wake|Walking Wake|100/100
|-activate|p2a: Walking Wake|ability: Protosynthesis
|-start|p2a: Walking Wake|protosynthesisspe
|turn|16
|
|t:|1760890794
|move|p2a: Walking Wake|Draco Meteor|p1a: Zamazenta
|-crit|p1a: Zamazenta
|-damage|p1a: Zamazenta|14/100
|-unboost|p2a: Walking Wake|spa|2
|move|p1a: Zamazenta|Body Press|p2a: Walking Wake
|-damage|p2a: Walking Wake|5/100
|
|-weather|SunnyDay|[upkeep]
|-heal|p1a: Zamazenta|21/100|[from] item: Leftovers
|upkeep
|turn|17
|
|t:|1760890809
|switch|p1a: Alomomola|Alomomola, F|84/100
|move|p2a: Walking Wake|Draco Meteor|p1a: Alomomola
|-damage|p1a: Alomomola|56/100
|-unboost|p2a: Walking Wake|spa|2
|
|-weather|none
|-end|p2a: Walking Wake|Protosynthesis
|upkeep
|turn|18
|
|t:|1760890814
|-end|p2a: Walking Wake|Protosynthesis|[silent]
|switch|p2a: GREAT Bait|Torkoal, M, shiny|54/100
|-weather|SunnyDay|[from] ability: Drought|[of] p2a: GREAT Bait
|move|p1a: Alomomola|Flip Turn|p2a: GREAT Bait
|-supereffective|p2a: GREAT Bait
|-damage|p2a: GREAT Bait|42/100
|
|t:|1760890817
|switch|p1a: Ting-Lu|Ting-Lu, tera:Water|39/100|[from] Flip Turn
|-ability|p1a: Ting-Lu|Vessel of Ruin
|
|-weather|SunnyDay|[upkeep]
|-heal|p1a: Ting-Lu|45/100|[from] item: Leftovers
|upkeep
|turn|19
|
|t:|1760890821
|switch|p2a: Thundurus|Thundurus-Therian, M|18/100
|move|p1a: Ting-Lu|Spikes|p2a: Thundurus
|-sidestart|p2: go b3yond|Spikes
|
|-weather|SunnyDay|[upkeep]
|-heal|p1a: Ting-Lu|51/100|[from] item: Leftovers
|upkeep
|turn|20
|
|t:|1760890829
|move|p2a: Thundurus|Thunderbolt|p1a: Ting-Lu
|-supereffective|p1a: Ting-Lu
|-damage|p1a: Ting-Lu|7/100
|move|p1a: Ting-Lu|Whirlwind|p2a: Thundurus
|drag|p2a: GREAT Bait|Torkoal, M, shiny|42/100
|-damage|p2a: GREAT Bait|29/100|[from] Spikes
|
|-weather|SunnyDay|[upkeep]
|-heal|p1a: Ting-Lu|13/100|[from] item: Leftovers
|upkeep
|turn|21
|
|t:|1760890833
|move|p1a: Ting-Lu|Spikes|p2a: GREAT Bait
|-sidestart|p2: go b3yond|Spikes
|move|p2a: GREAT Bait|Earthquake|p1a: Ting-Lu
|-damage|p1a: Ting-Lu|2/100
|
|-weather|SunnyDay|[upkeep]
|-heal|p1a: Ting-Lu|8/100|[from] item: Leftovers
|upkeep
|turn|22
|-message|go b3yond forfeited.
|
|win|siroperation
|raw|siroperation's rating: 1709 &rarr; <strong>1727</strong><br />(+18 for winning)
|raw|go b3yond's rating: 1676 &rarr; <strong>1658</strong><br />(-18 for losing)
|l|☆go b3yond
|player|p2|
|l|☆siroperation
|player|p1|
|l| nadu breakfast yay
