|j|☆solcreciente
|j|☆RMB.mp4
|t:|1760889744
|gametype|singles
|player|p1|solcreciente|gambler|1394
|player|p2|RMB.mp4|aquagruntf|1405
|gen|9
|tier|[Gen 9] OU
|rated|
|rule|HP Percentage Mod: HP is shown in percentages
|rule|Endless Battle Clause: Forcing endless battles is banned
|rule|Species Clause: Limit one of each Pokémon
|rule|OHKO Clause: OHKO moves are banned
|rule|Evasion Items Clause: Evasion items are banned
|rule|Evasion Moves Clause: Evasion moves are banned
|rule|Evasion Abilities Clause: Evasion abilities are banned
|rule|Sleep Moves Clause: Sleep-inducing moves are banned
|clearpoke
|poke|p1|Maushold|
|poke|p1|Weezing-Galar, M|
|poke|p1|Alomomola, M|
|poke|p1|Krookodile, M|
|poke|p1|Sinistcha|
|poke|p1|Frosmoth, M|
|poke|p2|Iron Valiant|
|poke|p2|Dragonite, M|
|poke|p2|Pecharunt|
|poke|p2|Great Tusk|
|poke|p2|Iron Treads|
|poke|p2|Darkrai|
|teampreview
|
|t:|1760889766
|teamsize|p1|6
|teamsize|p2|6
|start
|switch|p1a: Sinistcha|Sinistcha|100/100
|switch|p2a: Iron Treads|Iron Treads|100/100
|-enditem|p2a: Iron Treads|Booster Energy
|-activate|p2a: Iron Treads|ability: Quark Drive|[fromitem]
|-start|p2a: Iron Treads|quarkdrivespe
|turn|1
|
|t:|1760889776
|move|p2a: Iron Treads|Knock Off|p1a: Sinistcha
|-supereffective|p1a: Sinistcha
|-enditem|p1a: Sinistcha|Colbur Berry|[eat]
|-enditem|p1a: Sinistcha|Colbur Berry|[weaken]
|-damage|p1a: Sinistcha|77/100
|move|p1a: Sinistcha|Matcha Gotcha|p2a: Iron Treads
|-crit|p2a: Iron Treads
|-damage|p2a: Iron Treads|18/100
|-heal|p1a: Sinistcha|100/100|[from] drain|[of] p2a: Iron Treads
|
|upkeep
|turn|2
|
|t:|1760889788
|move|p2a: Iron Treads|Stealth Rock|p1a: Sinistcha
|-sidestart|p1: solcreciente|move: Stealth Rock
|move|p1a: Sinistcha|Matcha Gotcha|p2a: Iron Treads
|-damage|p2a: Iron Treads|0 fnt
|faint|p2a: Iron Treads
|-end|p2a: Iron Treads|Quark Drive|[silent]
|
|upkeep
|
|t:|1760889800
|switch|p2a: Darkrai|Darkrai|100/100
|turn|3
|inactive|Battle timer is ON: inactive players will automatically lose when time's up. (requested by RMB.mp4)
|inactive|solcreciente has 120 seconds left.
|
|t:|1760889859
|-terastallize|p1a: Sinistcha|Poison
|move|p2a: Darkrai|Dark Pulse|p1a: Sinistcha
|-damage|p1a: Sinistcha|45/100
|move|p1a: Sinistcha|Matcha Gotcha|p2a: Darkrai
|-damage|p2a: Darkrai|44/100
|-heal|p1a: Sinistcha|71/100|[from] drain|[of] p2a: Darkrai
|-status|p2a: Darkrai|brn
|
|-damage|p2a: Darkrai|38/100 brn|[from] brn
|upkeep
|turn|4
|
|t:|1760889878
|move|p2a: Darkrai|Dark Pulse|p1a: Sinistcha
|-damage|p1a: Sinistcha|18/100
|move|p1a: Sinistcha|Matcha Gotcha|p2a: Darkrai
|-damage|p2a: Darkrai|0 fnt
|-heal|p1a: Sinistcha|36/100|[from] drain|[of] p2a: Darkrai
|faint|p2a: Darkrai
|
|upkeep
|
|t:|1760889894
|switch|p2a: Dragonite|Dragonite, M|100/100
|turn|5
|
|t:|1760889901
|move|p2a: Dragonite|Earthquake|p1a: Sinistcha
|-supereffective|p1a: Sinistcha
|-damage|p1a: Sinistcha|0 fnt
|faint|p1a: Sinistcha
|
|upkeep
|
|t:|1760889918
|switch|p1a: Weezing|Weezing-Galar, M|100/100
|-ability|p1a: Weezing|Neutralizing Gas
|-damage|p1a: Weezing|88/100|[from] Stealth Rock
|turn|6
|
|t:|1760889928
|-terastallize|p2a: Dragonite|Flying
|move|p2a: Dragonite|Dragon Dance|p2a: Dragonite
|-boost|p2a: Dragonite|atk|1
|-boost|p2a: Dragonite|spe|1
|move|p1a: Weezing|Defog|p2a: Dragonite
|-unboost|p2a: Dragonite|evasion|1
|-sideend|p1: solcreciente|Stealth Rock|[from] move: Defog|[of] p1a: Weezing
|
|upkeep
|turn|7
|
|t:|1760889934
|move|p2a: Dragonite|Dragon Dance|p2a: Dragonite
|-boost|p2a: Dragonite|atk|1
|-boost|p2a: Dragonite|spe|1
|move|p1a: Weezing|Toxic|p2a: Dragonite
|-status|p2a: Dragonite|tox
|
|-damage|p2a: Dragonite|94/100 tox|[from] psn
|upkeep
|turn|8
|
|t:|1760889943
|move|p2a: Dragonite|Earthquake|p1a: Weezing
|-supereffective|p1a: Weezing
|-enditem|p1a: Weezing|Shuca Berry|[eat]
|-enditem|p1a: Weezing|Shuca Berry|[weaken]
|-damage|p1a: Weezing|32/100
|move|p1a: Weezing|Pain Split|p2a: Dragonite
|-sethp|p2a: Dragonite|62/100 tox|[from] move: Pain Split|[silent]
|-sethp|p1a: Weezing|66/100|[from] move: Pain Split
|
|-damage|p2a: Dragonite|50/100 tox|[from] psn
|upkeep
|turn|9
|
|t:|1760889957
|-end|p1a: Weezing|ability: Neutralizing Gas
|switch|p1a: Alomomola|Alomomola, M|100/100
|move|p2a: Dragonite|Earthquake|p1a: Alomomola
|-damage|p1a: Alomomola|56/100
|
|-damage|p2a: Dragonite|31/100 tox|[from] psn
|upkeep
|turn|10
|
|t:|1760889966
|move|p1a: Alomomola|Protect|p1a: Alomomola
|-singleturn|p1a: Alomomola|Protect
|move|p2a: Dragonite|Tera Blast|p1a: Alomomola|[anim] Tera Blast Flying
|-activate|p1a: Alomomola|move: Protect
|
|-damage|p2a: Dragonite|7/100 tox|[from] psn
|upkeep
|turn|11
|
|t:|1760889976
|switch|p1a: Weezing|Weezing-Galar, M|66/100
|-ability|p1a: Weezing|Neutralizing Gas
|move|p2a: Dragonite|Tera Blast|p1a: Weezing|[anim] Tera Blast Flying
|-damage|p1a: Weezing|0 fnt
|faint|p1a: Weezing
|-end|p1a: Weezing|ability: Neutralizing Gas
|
|-damage|p2a: Dragonite|0 fnt|[from] psn
|faint|p2a: Dragonite
|upkeep
|
|t:|1760889994
|switch|p2a: Pecharunt|Pecharunt|100/100
|switch|p1a: Maushold|Maushold|100/100
|-item|p2a: Pecharunt|Air Balloon
|turn|12
|
|t:|1760890004
|move|p1a: Maushold|Beat Up|p2a: Pecharunt
|-supereffective|p2a: Pecharunt
|-damage|p2a: Pecharunt|95/100
|-enditem|p2a: Pecharunt|Air Balloon
|-supereffective|p2a: Pecharunt
|-crit|p2a: Pecharunt
|-damage|p2a: Pecharunt|86/100
|-supereffective|p2a: Pecharunt
|-damage|p2a: Pecharunt|78/100
|-supereffective|p2a: Pecharunt
|-damage|p2a: Pecharunt|73/100
|-hitcount|p2a: Pecharunt|4
|move|p2a: Pecharunt|Malignant Chain|p1a: Maushold
|-damage|p1a: Maushold|56/100
|-status|p1a: Maushold|tox
|-start|p1a: Maushold|confusion|[from] ability: Poison Puppeteer|[of] p2a: Pecharunt
|
|-damage|p1a: Maushold|50/100 tox|[from] psn
|upkeep
|turn|13
|c|☆solcreciente|uwu
|inactive|solcreciente has 120 seconds left.
|
|t:|1760890030
|switch|p1a: Krookodile|Krookodile, M|100/100
|-ability|p1a: Krookodile|Intimidate|boost
|-unboost|p2a: Pecharunt|atk|1
|move|p2a: Pecharunt|Nasty Plot|p2a: Pecharunt
|-boost|p2a: Pecharunt|spa|2
|
|upkeep
|turn|14
|
|t:|1760890042
|move|p1a: Krookodile|Earthquake|p2a: Pecharunt
|-supereffective|p2a: Pecharunt
|-damage|p2a: Pecharunt|0 fnt
|faint|p2a: Pecharunt
|
|upkeep
|
|t:|1760890047
|switch|p2a: Iron Valiant|Iron Valiant|100/100
|-enditem|p2a: Iron Valiant|Booster Energy
|-activate|p2a: Iron Valiant|ability: Quark Drive|[fromitem]
|-start|p2a: Iron Valiant|quarkdrivespe
|turn|15
|
|t:|1760890059
|switch|p1a: Alomomola|Alomomola, M|89/100
|move|p2a: Iron Valiant|Close Combat|p1a: Alomomola
|-damage|p1a: Alomomola|55/100
|-unboost|p2a: Iron Valiant|def|1
|-unboost|p2a: Iron Valiant|spd|1
|-damage|p2a: Iron Valiant|84/100|[from] item: Rocky Helmet|[of] p1a: Alomomola
|
|upkeep
|turn|16
|
|t:|1760890078
|move|p2a: Iron Valiant|Swords Dance|p2a: Iron Valiant
|-boost|p2a: Iron Valiant|atk|2
|move|p1a: Alomomola|Wish|p1a: Alomomola
|
|upkeep
|turn|17
|inactive|solcreciente has 120 seconds left.
|
|t:|1760890099
|move|p2a: Iron Valiant|Close Combat|p1a: Alomomola
|-damage|p1a: Alomomola|0 fnt
|-unboost|p2a: Iron Valiant|def|1
|-unboost|p2a: Iron Valiant|spd|1
|-damage|p2a: Iron Valiant|67/100|[from] item: Rocky Helmet|[of] p1a: Alomomola
|faint|p1a: Alomomola
|
|upkeep
|
|t:|1760890111
|switch|p1a: Frosmoth|Frosmoth, M|100/100
|turn|18
|
|t:|1760890120
|move|p2a: Iron Valiant|Close Combat|p1a: Frosmoth
|-damage|p1a: Frosmoth|0 fnt
|-unboost|p2a: Iron Valiant|def|1
|-unboost|p2a: Iron Valiant|spd|1
|faint|p1a: Frosmoth
|
|upkeep
|
|t:|1760890124
|switch|p1a: Krookodile|Krookodile, M|100/100
|-ability|p1a: Krookodile|Intimidate|boost
|-unboost|p2a: Iron Valiant|atk|1
|turn|19
|inactive|solcreciente has 120 seconds left.
|
|t:|1760890134
|switch|p1a: Maushold|Maushold|50/100 tox
|move|p2a: Iron Valiant|Close Combat|p1a: Maushold
|-supereffective|p1a: Maushold
|-damage|p1a: Maushold|0 fnt
|-unboost|p2a: Iron Valiant|def|1
|-unboost|p2a: Iron Valiant|spd|1
|faint|p1a: Maushold
|
|upkeep
|
|t:|1760890138
|switch|p1a: Krookodile|Krookodile, M|100/100
|-ability|p1a: Krookodile|Intimidate|boost
|-unboost|p2a: Iron Valiant|atk|1
|turn|20
|
|t:|1760890143
|move|p2a: Iron Valiant|Close Combat|p1a: Krookodile
|-supereffective|p1a: Krookodile
|-damage|p1a: Krookodile|0 fnt
|-unboost|p2a: Iron Valiant|def|1
|-unboost|p2a: Iron Valiant|spd|1
|faint|p1a: Krookodile
|
|win|RMB.mp4
|raw|solcreciente's rating: 1394 &rarr; <strong>1375</strong><br />(-19 for losing)
|raw|RMB.mp4's rating: 1405 &rarr; <strong>1424</strong><br />(+19 for winning)
|c|☆solcreciente|my bad
|l|☆RMB.mp4
|player|p2|
|l|☆solcreciente
|player|p1|
