|j|☆proyan
|j|☆jimmyjohns212
|t:|1760855699
|gametype|singles
|player|p1|proyan|102|1104
|player|p2|jimmyjohns212|giovanni|1167
|gen|9
|tier|[Gen 9] OU
|rated|
|rule|HP Percentage Mod: HP is shown in percentages
|rule|Endless Battle Clause: Forcing endless battles is banned
|rule|Species Clause: Limit one of each Pokémon
|rule|OHKO Clause: OHKO moves are banned
|rule|Evasion Items Clause: Evasion items are banned
|rule|Evasion Moves Clause: Evasion moves are banned
|rule|Evasion Abilities Clause: Evasion abilities are banned
|rule|Sleep Moves Clause: Sleep-inducing moves are banned
|clearpoke
|poke|p1|Ogerpon-Wellspring, F|
|poke|p1|Tyranitar, M|
|poke|p1|Gholdengo|
|poke|p1|Kleavor, F|
|poke|p1|Regidrago|
|poke|p1|Great Tusk|
|poke|p2|Malamar, F|
|poke|p2|Araquanid, M|
|poke|p2|Cinderace, F|
|poke|p2|Serperior, F|
|poke|p2|Enamorus, F|
|poke|p2|Iron Treads|
|teampreview
|inactive|Battle timer is ON: inactive players will automatically lose when time's up. (requested by jimmyjohns212)
|inactive|jimmyjohns212 has 120 seconds left.
|
|t:|1760855733
|teamsize|p1|6
|teamsize|p2|6
|start
|switch|p1a: Kleavor|Kleavor, F|100/100
|switch|p2a: Araquanid|Araquanid, M|100/100
|turn|1
|
|t:|1760855742
|move|p2a: Araquanid|Endure|p2a: Araquanid
|-singleturn|p2a: Araquanid|move: Endure
|move|p1a: Kleavor|Trailblaze|p2a: Araquanid
|-crit|p2a: Araquanid
|-damage|p2a: Araquanid|71/100
|-boost|p1a: Kleavor|spe|1
|
|upkeep
|turn|2
|
|t:|1760855750
|switch|p2a: Iron Treads|Iron Treads|100/100
|move|p1a: Kleavor|Stone Axe|p2a: Iron Treads
|-resisted|p2a: Iron Treads
|-damage|p2a: Iron Treads|89/100
|-sidestart|p2: jimmyjohns212|move: Stealth Rock
|
|upkeep
|turn|3
|
|t:|1760855757
|move|p2a: Iron Treads|Rapid Spin|p1a: Kleavor
|-resisted|p1a: Kleavor
|-damage|p1a: Kleavor|92/100
|-boost|p2a: Iron Treads|spe|1
|-sideend|p2: jimmyjohns212|Stealth Rock|[from] move: Rapid Spin|[of] p2a: Iron Treads
|move|p1a: Kleavor|Trailblaze|p2a: Iron Treads
|-damage|p2a: Iron Treads|71/100
|-boost|p1a: Kleavor|spe|1
|
|upkeep
|turn|4
|
|t:|1760855770
|move|p2a: Iron Treads|Earthquake|p1a: Kleavor
|-damage|p1a: Kleavor|41/100
|move|p1a: Kleavor|Close Combat|p2a: Iron Treads
|-supereffective|p2a: Iron Treads
|-damage|p2a: Iron Treads|0 fnt
|-unboost|p1a: Kleavor|def|1
|-unboost|p1a: Kleavor|spd|1
|faint|p2a: Iron Treads
|-end|p2a: Iron Treads|Quark Drive|[silent]
|
|upkeep
|
|t:|1760855773
|switch|p2a: Araquanid|Araquanid, M|71/100
|turn|5
|
|t:|1760855783
|move|p2a: Araquanid|Endure|p2a: Araquanid
|-singleturn|p2a: Araquanid|move: Endure
|move|p1a: Kleavor|Stone Axe|p2a: Araquanid
|-supereffective|p2a: Araquanid
|-activate|p2a: Araquanid|move: Endure
|-damage|p2a: Araquanid|1/100
|-sidestart|p2: jimmyjohns212|move: Stealth Rock
|
|upkeep
|turn|6
|-enditem|p2a: Araquanid|Custap Berry|[eat]
|-activate|p2a: Araquanid|item: Custap Berry|[consumed]
|
|t:|1760855793
|move|p2a: Araquanid|Sticky Web|p1a: Kleavor
|-sidestart|p1: proyan|move: Sticky Web
|move|p1a: Kleavor|Trailblaze|p2a: Araquanid
|-damage|p2a: Araquanid|0 fnt
|-boost|p1a: Kleavor|spe|1
|faint|p2a: Araquanid
|
|upkeep
|
|t:|1760855801
|switch|p2a: Serperior|Serperior, F|100/100
|-damage|p2a: Serperior|88/100|[from] Stealth Rock
|turn|7
|
|t:|1760855807
|move|p1a: Kleavor|Stone Axe|p2a: Serperior
|-damage|p2a: Serperior|27/100
|move|p2a: Serperior|Leaf Storm|p1a: Kleavor
|-damage|p1a: Kleavor|0 fnt
|-boost|p2a: Serperior|spa|2
|faint|p1a: Kleavor
|
|-heal|p2a: Serperior|33/100|[from] item: Leftovers
|upkeep
|
|t:|1760855827
|switch|p1a: Gholdengo|Gholdengo|100/100
|-activate|p1a: Gholdengo|move: Sticky Web
|-unboost|p1a: Gholdengo|spe|1
|turn|8
|
|t:|1760855832
|switch|p2a: Cinderace|Cinderace, F|100/100
|move|p1a: Gholdengo|Make It Rain|p2a: Cinderace
|-resisted|p2a: Cinderace
|-damage|p2a: Cinderace|23/100
|-unboost|p1a: Gholdengo|spa|1
|
|upkeep
|turn|9
|
|t:|1760855841
|switch|p1a: Ogerpon|Ogerpon-Wellspring, F|100/100
|-activate|p1a: Ogerpon|move: Sticky Web
|-unboost|p1a: Ogerpon|spe|1
|move|p2a: Cinderace|Court Change|p2a: Cinderace
|-swapsideconditions
|-activate|p2a: Cinderace|move: Court Change
|
|upkeep
|turn|10
|
|t:|1760855854
|move|p2a: Cinderace|Will-O-Wisp|p1a: Ogerpon
|-status|p1a: Ogerpon|brn
|move|p1a: Ogerpon|Ivy Cudgel|p2a: Cinderace|[anim] Ivy Cudgel Water
|-supereffective|p2a: Cinderace
|-crit|p2a: Cinderace
|-damage|p2a: Cinderace|0 fnt
|faint|p2a: Cinderace
|
|-damage|p1a: Ogerpon|95/100 brn|[from] brn
|upkeep
|
|t:|1760855864
|switch|p2a: Malamar|Malamar, F|100/100
|-activate|p2a: Malamar|move: Sticky Web
|-boost|p2a: Malamar|spe|1
|turn|11
|
|t:|1760855881
|move|p2a: Malamar|Superpower|p1a: Ogerpon
|-damage|p1a: Ogerpon|37/100 brn
|-boost|p2a: Malamar|atk|1
|-boost|p2a: Malamar|def|1
|-damage|p2a: Malamar|91/100|[from] item: Life Orb
|move|p1a: Ogerpon|Ivy Cudgel|p2a: Malamar|[anim] Ivy Cudgel Water
|-crit|p2a: Malamar
|-damage|p2a: Malamar|41/100
|
|-damage|p1a: Ogerpon|31/100 brn|[from] brn
|upkeep
|turn|12
|
|t:|1760855894
|move|p2a: Malamar|Superpower|p1a: Ogerpon
|-crit|p1a: Ogerpon
|-damage|p1a: Ogerpon|0 fnt
|-boost|p2a: Malamar|atk|1
|-boost|p2a: Malamar|def|1
|faint|p1a: Ogerpon
|-damage|p2a: Malamar|31/100|[from] item: Life Orb
|
|upkeep
|
|t:|1760855910
|switch|p1a: Gholdengo|Gholdengo|100/100
|-damage|p1a: Gholdengo|94/100|[from] Stealth Rock
|turn|13
|
|t:|1760855914
|move|p2a: Malamar|Knock Off|p1a: Gholdengo
|-supereffective|p1a: Gholdengo
|-damage|p1a: Gholdengo|0 fnt
|-enditem|p1a: Gholdengo|Choice Specs|[from] move: Knock Off|[of] p2a: Malamar
|faint|p1a: Gholdengo
|-damage|p2a: Malamar|21/100|[from] item: Life Orb
|
|upkeep
|
|t:|1760855923
|switch|p1a: Tyranitar|Tyranitar, M, shiny|100/100
|-weather|Sandstorm|[from] ability: Sand Stream|[of] p1a: Tyranitar
|turn|14
|
|t:|1760855930
|move|p2a: Malamar|Superpower|p1a: Tyranitar
|-supereffective|p1a: Tyranitar
|-damage|p1a: Tyranitar|0 fnt
|-boost|p2a: Malamar|atk|1
|-boost|p2a: Malamar|def|1
|faint|p1a: Tyranitar
|-damage|p2a: Malamar|11/100|[from] item: Life Orb
|
|-weather|Sandstorm|[upkeep]
|-damage|p2a: Malamar|5/100|[from] Sandstorm
|upkeep
|
|t:|1760855942
|switch|p1a: Regidrago|Regidrago, shiny|100/100
|-damage|p1a: Regidrago|88/100|[from] Stealth Rock
|turn|15
|
|t:|1760855957
|move|p2a: Malamar|Knock Off|p1a: Regidrago
|-damage|p1a: Regidrago|0 fnt
|-enditem|p1a: Regidrago|Assault Vest|[from] move: Knock Off|[of] p2a: Malamar
|faint|p1a: Regidrago
|-damage|p2a: Malamar|0 fnt|[from] item: Life Orb
|faint|p2a: Malamar
|
|-weather|Sandstorm|[upkeep]
|upkeep
|
|t:|1760855966
|switch|p2a: Serperior|Serperior, F|33/100
|switch|p1a: Great Tusk|Great Tusk|100/100
|-activate|p2a: Serperior|move: Sticky Web
|-boost|p2a: Serperior|spe|1
|-damage|p1a: Great Tusk|98/100|[from] Stealth Rock
|-enditem|p1a: Great Tusk|Booster Energy
|-activate|p1a: Great Tusk|ability: Protosynthesis|[fromitem]
|-start|p1a: Great Tusk|protosynthesisatk
|turn|16
|
|t:|1760855981
|-terastallize|p1a: Great Tusk|Fire
|move|p2a: Serperior|Glare|p1a: Great Tusk
|-status|p1a: Great Tusk|par
|move|p1a: Great Tusk|Ice Spinner|p2a: Serperior
|-supereffective|p2a: Serperior
|-damage|p2a: Serperior|0 fnt
|faint|p2a: Serperior
|
|-weather|Sandstorm|[upkeep]
|-damage|p1a: Great Tusk|91/100 par|[from] Sandstorm
|upkeep
|
|t:|1760855985
|switch|p2a: Enamorus|Enamorus, F|100/100
|turn|17
|
|t:|1760855997
|-terastallize|p2a: Enamorus|Fairy
|move|p2a: Enamorus|Earth Power|p1a: Great Tusk
|-supereffective|p1a: Great Tusk
|-damage|p1a: Great Tusk|0 fnt
|faint|p1a: Great Tusk
|-end|p1a: Great Tusk|Protosynthesis|[silent]
|
|win|jimmyjohns212
|raw|proyan's rating: 1104 &rarr; <strong>1083</strong><br />(-21 for losing)
|raw|jimmyjohns212's rating: 1167 &rarr; <strong>1188</strong><br />(+21 for winning)
|l|☆jimmyjohns212
|player|p2|
|l|☆proyan
|player|p1|
