|j|☆sminey
|j|☆EdgingCeaselesslly
|t:|1760761289
|gametype|singles
|player|p1|sminey|palmer|1455
|player|p2|EdgingCeaselesslly|roxie|1511
|gen|9
|tier|[Gen 9] OU
|rated|
|rule|HP Percentage Mod: HP is shown in percentages
|rule|Endless Battle Clause: Forcing endless battles is banned
|rule|Species Clause: Limit one of each Pokémon
|rule|OHKO Clause: OHKO moves are banned
|rule|Evasion Items Clause: Evasion items are banned
|rule|Evasion Moves Clause: Evasion moves are banned
|rule|Evasion Abilities Clause: Evasion abilities are banned
|rule|Sleep Moves Clause: Sleep-inducing moves are banned
|clearpoke
|poke|p1|Cinderace, M|
|poke|p1|Zapdos|
|poke|p1|Latios, M|
|poke|p1|Weavile, M|
|poke|p1|Clefable, M|
|poke|p1|Slowking-Galar, F|
|poke|p2|Landorus-Therian, M|
|poke|p2|Samurott-Hisui, F|
|poke|p2|Scizor, M|
|poke|p2|Latios, M|
|poke|p2|Zamazenta-*|
|poke|p2|Pecharunt|
|teampreview
|inactive|Battle timer is ON: inactive players will automatically lose when time's up. (requested by EdgingCeaselesslly)
|
|t:|1760761296
|teamsize|p1|6
|teamsize|p2|6
|start
|switch|p1a: Zapdos|Zapdos|100/100
|switch|p2a: Landorus|Landorus-Therian, M|100/100
|-ability|p2a: Landorus|Intimidate|boost
|-unboost|p1a: Zapdos|atk|1
|turn|1
|
|t:|1760761300
|move|p2a: Landorus|Stealth Rock|p1a: Zapdos
|-sidestart|p1: sminey|move: Stealth Rock
|move|p1a: Zapdos|Hurricane|p2a: Landorus|[miss]
|-miss|p1a: Zapdos|p2a: Landorus
|
|upkeep
|turn|2
|
|t:|1760761305
|move|p2a: Landorus|Smack Down|p1a: Zapdos
|-supereffective|p1a: Zapdos
|-damage|p1a: Zapdos|77/100
|-start|p1a: Zapdos|Smack Down
|move|p1a: Zapdos|Hurricane|p2a: Landorus
|-damage|p2a: Landorus|51/100
|-start|p2a: Landorus|confusion
|
|upkeep
|turn|3
|
|t:|1760761313
|switch|p1a: Clefable|Clefable, M|100/100
|-activate|p2a: Landorus|confusion
|move|p2a: Landorus|Earthquake|p1a: Clefable
|-damage|p1a: Clefable|64/100
|
|upkeep
|turn|4
|
|t:|1760761327
|switch|p2a: Latios|Latios, M|100/100
|move|p1a: Clefable|Knock Off|p2a: Latios
|-supereffective|p2a: Latios
|-damage|p2a: Latios|59/100
|-enditem|p2a: Latios|Soul Dew|[from] move: Knock Off|[of] p1a: Clefable
|
|upkeep
|turn|5
|j| Champion reko
|
|t:|1760761349
|move|p2a: Latios|Calm Mind|p2a: Latios
|-boost|p2a: Latios|spa|1
|-boost|p2a: Latios|spd|1
|move|p1a: Clefable|Moonblast|p2a: Latios
|-supereffective|p2a: Latios
|-damage|p2a: Latios|0 fnt
|faint|p2a: Latios
|
|upkeep
|
|t:|1760761354
|switch|p2a: Scizor|Scizor, M|100/100
|turn|6
|
|t:|1760761359
|switch|p1a: Zapdos|Zapdos|77/100
|move|p2a: Scizor|Swords Dance|p2a: Scizor
|-boost|p2a: Scizor|atk|2
|
|upkeep
|turn|7
|
|t:|1760761364
|move|p1a: Zapdos|Hurricane|p2a: Scizor|[miss]
|-miss|p1a: Zapdos|p2a: Scizor
|move|p2a: Scizor|Knock Off|p1a: Zapdos
|-damage|p1a: Zapdos|18/100
|-enditem|p1a: Zapdos|Heavy-Duty Boots|[from] move: Knock Off|[of] p2a: Scizor
|
|upkeep
|turn|8
|
|t:|1760761369
|move|p2a: Scizor|Bullet Punch|p1a: Zapdos
|-resisted|p1a: Zapdos
|-damage|p1a: Zapdos|0 fnt
|-status|p2a: Scizor|par|[from] ability: Static|[of] p1a: Zapdos
|faint|p1a: Zapdos
|
|upkeep
|l| Champion reko
|
|t:|1760761371
|switch|p1a: Cinderace|Cinderace, M|100/100
|turn|9
|
|t:|1760761380
|-terastallize|p2a: Scizor|Electric
|move|p1a: Cinderace|Pyro Ball|p2a: Scizor
|-damage|p2a: Scizor|34/100 par
|move|p2a: Scizor|Tera Blast|p1a: Cinderace|[anim] Tera Blast Electric
|-damage|p1a: Cinderace|0 fnt
|faint|p1a: Cinderace
|
|upkeep
|
|t:|1760761395
|switch|p1a: Latios|Latios, M|100/100
|-damage|p1a: Latios|88/100|[from] Stealth Rock
|turn|10
|
|t:|1760761401
|-terastallize|p1a: Latios|Steel
|move|p2a: Scizor|Bullet Punch|p1a: Latios
|-resisted|p1a: Latios
|-damage|p1a: Latios|45/100
|move|p1a: Latios|Luster Purge|p2a: Scizor
|-damage|p2a: Scizor|0 fnt
|faint|p2a: Scizor
|
|upkeep
|
|t:|1760761408
|switch|p2a: Samurott|Samurott-Hisui, F|100/100
|turn|11
|
|t:|1760761411
|switch|p1a: Clefable|Clefable, M|64/100
|move|p2a: Samurott|Ceaseless Edge|p1a: Clefable
|-resisted|p1a: Clefable
|-damage|p1a: Clefable|45/100
|-sidestart|p1: sminey|Spikes
|
|upkeep
|turn|12
|
|t:|1760761418
|move|p2a: Samurott|Razor Shell|p1a: Clefable
|-damage|p1a: Clefable|1/100
|move|p1a: Clefable|Moonlight|p1a: Clefable
|-heal|p1a: Clefable|51/100
|
|upkeep
|turn|13
|
|t:|1760761427
|move|p2a: Samurott|Razor Shell|p1a: Clefable
|-damage|p1a: Clefable|7/100
|-unboost|p1a: Clefable|def|1
|move|p1a: Clefable|Moonlight|p1a: Clefable
|-heal|p1a: Clefable|57/100
|
|upkeep
|turn|14
|
|t:|1760761434
|switch|p1a: Weavile|Weavile, M|100/100
|-ability|p1a: Weavile|Pressure
|move|p2a: Samurott|Razor Shell|p1a: Weavile
|-damage|p1a: Weavile|10/100
|
|upkeep
|turn|15
|
|t:|1760761442
|move|p2a: Samurott|Aqua Jet|p1a: Weavile
|-damage|p1a: Weavile|0 fnt
|faint|p1a: Weavile
|
|upkeep
|
|t:|1760761465
|switch|p1a: Clefable|Clefable, M|57/100
|turn|16
|
|t:|1760761468
|move|p2a: Samurott|Razor Shell|p1a: Clefable
|-damage|p1a: Clefable|16/100
|-unboost|p1a: Clefable|def|1
|move|p1a: Clefable|Moonblast|p2a: Samurott
|-supereffective|p2a: Samurott
|-damage|p2a: Samurott|39/100
|
|upkeep
|turn|17
|
|t:|1760761475
|switch|p1a: Slowking|Slowking-Galar, F|100/100
|-damage|p1a: Slowking|88/100|[from] Stealth Rock
|-damage|p1a: Slowking|76/100|[from] Spikes
|move|p2a: Samurott|Aqua Jet|p1a: Slowking
|-damage|p1a: Slowking|56/100
|
|upkeep
|turn|18
|
|t:|1760761481
|move|p2a: Samurott|Ceaseless Edge|p1a: Slowking
|-supereffective|p1a: Slowking
|-damage|p1a: Slowking|0 fnt
|-sidestart|p1: sminey|Spikes
|faint|p1a: Slowking
|
|upkeep
|
|t:|1760761482
|switch|p1a: Latios|Latios, M, tera:Steel|45/100
|-damage|p1a: Latios|39/100|[from] Stealth Rock
|turn|19
|
|t:|1760761489
|move|p1a: Latios|Draco Meteor|p2a: Samurott
|-damage|p2a: Samurott|0 fnt
|-unboost|p1a: Latios|spa|2
|faint|p2a: Samurott
|
|upkeep
|
|t:|1760761498
|switch|p2a: Zamazenta|Zamazenta|100/100
|-ability|p2a: Zamazenta|Dauntless Shield|boost
|-boost|p2a: Zamazenta|def|1
|turn|20
|
|t:|1760761506
|switch|p1a: Clefable|Clefable, M|16/100
|move|p2a: Zamazenta|Body Press|p1a: Clefable
|-resisted|p1a: Clefable
|-damage|p1a: Clefable|2/100
|
|upkeep
|turn|21
|
|t:|1760761509
|move|p2a: Zamazenta|Body Press|p1a: Clefable
|-resisted|p1a: Clefable
|-damage|p1a: Clefable|0 fnt
|faint|p1a: Clefable
|
|upkeep
|
|t:|1760761511
|switch|p1a: Latios|Latios, M, tera:Steel|39/100
|-damage|p1a: Latios|33/100|[from] Stealth Rock
|turn|22
|
|t:|1760761513
|move|p1a: Latios|Luster Purge|p2a: Zamazenta
|-supereffective|p2a: Zamazenta
|-crit|p2a: Zamazenta
|-damage|p2a: Zamazenta|0 fnt
|faint|p2a: Zamazenta
|
|upkeep
|
|t:|1760761524
|switch|p2a: Landorus|Landorus-Therian, M|51/100
|-ability|p2a: Landorus|Intimidate|boost
|-unboost|p1a: Latios|atk|1
|turn|23
|
|t:|1760761529
|move|p1a: Latios|Luster Purge|p2a: Landorus
|-damage|p2a: Landorus|2/100
|-unboost|p2a: Landorus|spd|1
|move|p2a: Landorus|Smack Down|p1a: Latios
|-resisted|p1a: Latios
|-damage|p1a: Latios|21/100
|-start|p1a: Latios|Smack Down
|
|upkeep
|turn|24
|
|t:|1760761538
|move|p1a: Latios|Luster Purge|p2a: Landorus
|-damage|p2a: Landorus|0 fnt
|faint|p2a: Landorus
|
|upkeep
|
|t:|1760761540
|switch|p2a: Pecharunt|Pecharunt|100/100
|turn|25
|
|t:|1760761541
|move|p1a: Latios|Luster Purge|p2a: Pecharunt
|-supereffective|p2a: Pecharunt
|-damage|p2a: Pecharunt|10/100
|-unboost|p2a: Pecharunt|spd|1
|move|p2a: Pecharunt|Shadow Ball|p1a: Latios
|-damage|p1a: Latios|0 fnt
|faint|p1a: Latios
|
|win|EdgingCeaselesslly
|raw|sminey's rating: 1455 &rarr; <strong>1438</strong><br />(-17 for losing)
|raw|EdgingCeaselesslly's rating: 1511 &rarr; <strong>1528</strong><br />(+17 for winning)
|c|☆sminey|gg
|l|☆EdgingCeaselesslly
|player|p2|
|l|☆sminey
|player|p1|
