|j|☆webofspider
|j|☆qu4nnnic.h8r
|t:|1760847311
|gametype|singles
|player|p1|webofspider|parasollady|1162
|player|p2|qu4nnnic.h8r|unknown|1121
|gen|9
|tier|[Gen 9] OU
|rated|
|rule|HP Percentage Mod: HP is shown in percentages
|rule|Endless Battle Clause: Forcing endless battles is banned
|rule|Species Clause: Limit one of each Pokémon
|rule|OHKO Clause: OHKO moves are banned
|rule|Evasion Items Clause: Evasion items are banned
|rule|Evasion Moves Clause: Evasion moves are banned
|rule|Evasion Abilities Clause: Evasion abilities are banned
|rule|Sleep Moves Clause: Sleep-inducing moves are banned
|clearpoke
|poke|p1|Lanturn, F|
|poke|p1|Great Tusk|
|poke|p1|Iron Valiant|
|poke|p1|Kingambit, M|
|poke|p1|Moltres|
|poke|p1|Tornadus-Therian, M|
|poke|p2|Hydreigon, F|
|poke|p2|Cinderace, F|
|poke|p2|Dusknoir, M|
|poke|p2|Garganacl, F|
|poke|p2|Meowscarada, M|
|poke|p2|Samurott-Hisui, M|
|teampreview
|inactive|Battle timer is ON: inactive players will automatically lose when time's up. (requested by webofspider)
|
|t:|1760847323
|teamsize|p1|6
|teamsize|p2|6
|start
|switch|p1a: Great Tusk|Great Tusk|100/100
|switch|p2a: Samurott|Samurott-Hisui, M|100/100
|turn|1
|
|t:|1760847334
|-terastallize|p1a: Great Tusk|Electric
|move|p1a: Great Tusk|Supercell Slam|p2a: Samurott
|-supereffective|p2a: Samurott
|-damage|p2a: Samurott|0 fnt
|faint|p2a: Samurott
|
|upkeep
|
|t:|1760847348
|switch|p2a: Garganacl|Garganacl, F, shiny|100/100
|turn|2
|
|t:|1760847354
|move|p1a: Great Tusk|Headlong Rush|p2a: Garganacl
|-supereffective|p2a: Garganacl
|-damage|p2a: Garganacl|38/100
|-unboost|p1a: Great Tusk|def|1
|-unboost|p1a: Great Tusk|spd|1
|move|p2a: Garganacl|Salt Cure|p1a: Great Tusk
|-damage|p1a: Great Tusk|85/100
|-start|p1a: Great Tusk|Salt Cure
|
|-heal|p2a: Garganacl|44/100|[from] item: Leftovers
|-damage|p1a: Great Tusk|72/100|[from] Salt Cure
|upkeep
|turn|3
|
|t:|1760847364
|-end|p1a: Great Tusk|Protosynthesis|[silent]
|switch|p1a: Kingambit|Kingambit, M|100/100
|move|p2a: Garganacl|Protect||[still]
|-fail|p2a: Garganacl
|
|-heal|p2a: Garganacl|50/100|[from] item: Leftovers
|upkeep
|turn|4
|
|t:|1760847371
|move|p1a: Kingambit|Iron Head|p2a: Garganacl
|-supereffective|p2a: Garganacl
|-damage|p2a: Garganacl|1/100
|cant|p2a: Garganacl|flinch
|
|-heal|p2a: Garganacl|7/100|[from] item: Leftovers
|upkeep
|turn|5
|
|t:|1760847377
|move|p2a: Garganacl|Protect|p2a: Garganacl
|-singleturn|p2a: Garganacl|Protect
|move|p1a: Kingambit|Kowtow Cleave|p2a: Garganacl
|-activate|p2a: Garganacl|move: Protect
|
|-heal|p2a: Garganacl|13/100|[from] item: Leftovers
|upkeep
|turn|6
|
|t:|1760847380
|move|p1a: Kingambit|Kowtow Cleave|p2a: Garganacl
|-damage|p2a: Garganacl|0 fnt
|faint|p2a: Garganacl
|
|upkeep
|
|t:|1760847386
|switch|p2a: Cinderace|Cinderace, F|100/100
|turn|7
|
|t:|1760847392
|-end|p1a: Kingambit|fallenundefined|[silent]
|switch|p1a: Moltres|Moltres, shiny|100/100
|move|p2a: Cinderace|Counter||[still]
|-fail|p2a: Cinderace
|
|upkeep
|turn|8
|
|t:|1760847397
|switch|p2a: Hydreigon|Hydreigon, F|100/100
|move|p1a: Moltres|U-turn|p2a: Hydreigon
|-supereffective|p2a: Hydreigon
|-damage|p2a: Hydreigon|62/100
|
|t:|1760847403
|switch|p1a: Tornadus|Tornadus-Therian, M, shiny|100/100|[from] U-turn
|
|-heal|p2a: Hydreigon|68/100|[from] item: Leftovers
|upkeep
|turn|9
|
|t:|1760847409
|move|p1a: Tornadus|U-turn|p2a: Hydreigon
|-supereffective|p2a: Hydreigon
|-damage|p2a: Hydreigon|30/100
|
|t:|1760847412
|switch|p1a: Lanturn|Lanturn, F, shiny|100/100|[from] U-turn
|move|p2a: Hydreigon|Nasty Plot|p2a: Hydreigon
|-boost|p2a: Hydreigon|spa|2
|
|-heal|p2a: Hydreigon|36/100|[from] item: Leftovers
|upkeep
|turn|10
|
|t:|1760847418
|move|p2a: Hydreigon|Dark Pulse|p1a: Lanturn
|-damage|p1a: Lanturn|49/100
|move|p1a: Lanturn|Ice Beam|p2a: Hydreigon
|-supereffective|p2a: Hydreigon
|-damage|p2a: Hydreigon|0 fnt
|faint|p2a: Hydreigon
|
|-heal|p1a: Lanturn|56/100|[from] item: Leftovers
|upkeep
|
|t:|1760847422
|switch|p2a: Meowscarada|Meowscarada, M|100/100
|turn|11
|
|t:|1760847428
|switch|p1a: Moltres|Moltres, shiny|100/100
|move|p2a: Meowscarada|Flower Trick|p1a: Moltres
|-start|p2a: Meowscarada|typechange|Grass|[from] ability: Protean
|-resisted|p1a: Moltres
|-crit|p1a: Moltres
|-damage|p1a: Moltres|87/100
|
|upkeep
|turn|12
|
|t:|1760847433
|switch|p2a: Dusknoir|Dusknoir, M|100/100
|-ability|p2a: Dusknoir|Pressure
|move|p1a: Moltres|U-turn|p2a: Dusknoir
|-resisted|p2a: Dusknoir
|-damage|p2a: Dusknoir|93/100
|
|t:|1760847436
|switch|p1a: Lanturn|Lanturn, F, shiny|56/100|[from] U-turn
|
|-heal|p1a: Lanturn|62/100|[from] item: Leftovers
|-heal|p2a: Dusknoir|99/100|[from] item: Leftovers
|upkeep
|turn|13
|
|t:|1760847441
|move|p1a: Lanturn|Thunder Wave|p2a: Dusknoir
|-status|p2a: Dusknoir|par
|cant|p2a: Dusknoir|par
|
|-heal|p1a: Lanturn|68/100|[from] item: Leftovers
|-heal|p2a: Dusknoir|100/100 par|[from] item: Leftovers
|upkeep
|turn|14
|
|t:|1760847450
|move|p1a: Lanturn|Scald|p2a: Dusknoir
|-damage|p2a: Dusknoir|81/100 par
|cant|p2a: Dusknoir|par
|
|-heal|p1a: Lanturn|74/100|[from] item: Leftovers
|-heal|p2a: Dusknoir|87/100 par|[from] item: Leftovers
|upkeep
|turn|15
|
|t:|1760847460
|move|p1a: Lanturn|Scald|p2a: Dusknoir
|-damage|p2a: Dusknoir|66/100 par
|move|p2a: Dusknoir|Night Shade|p1a: Lanturn
|-damage|p1a: Lanturn|52/100
|
|-heal|p1a: Lanturn|58/100|[from] item: Leftovers
|-heal|p2a: Dusknoir|72/100 par|[from] item: Leftovers
|upkeep
|turn|16
|
|t:|1760847465
|move|p1a: Lanturn|Volt Switch|p2a: Dusknoir
|-damage|p2a: Dusknoir|52/100 par
|
|t:|1760847468
|switch|p1a: Tornadus|Tornadus-Therian, M, shiny|100/100|[from] Volt Switch
|move|p2a: Dusknoir|Night Shade|p1a: Tornadus
|-damage|p1a: Tornadus|67/100
|
|-heal|p2a: Dusknoir|58/100 par|[from] item: Leftovers
|upkeep
|turn|17
|
|t:|1760847474
|move|p2a: Dusknoir|Protect|p2a: Dusknoir
|-singleturn|p2a: Dusknoir|Protect
|move|p1a: Tornadus|Knock Off|p2a: Dusknoir
|-activate|p2a: Dusknoir|move: Protect
|
|-heal|p2a: Dusknoir|64/100 par|[from] item: Leftovers
|upkeep
|turn|18
|
|t:|1760847479
|move|p1a: Tornadus|Knock Off|p2a: Dusknoir
|-supereffective|p2a: Dusknoir
|-damage|p2a: Dusknoir|31/100 par
|-enditem|p2a: Dusknoir|Leftovers|[from] move: Knock Off|[of] p1a: Tornadus
|move|p2a: Dusknoir|Night Shade|p1a: Tornadus
|-damage|p1a: Tornadus|34/100
|
|upkeep
|turn|19
|
|t:|1760847484
|switch|p1a: Lanturn|Lanturn, F, shiny|58/100
|move|p2a: Dusknoir|Night Shade|p1a: Lanturn
|-damage|p1a: Lanturn|36/100
|
|-heal|p1a: Lanturn|42/100|[from] item: Leftovers
|upkeep
|turn|20
|
|t:|1760847490
|move|p1a: Lanturn|Volt Switch|p2a: Dusknoir
|-damage|p2a: Dusknoir|13/100 par
|
|t:|1760847495
|switch|p1a: Tornadus|Tornadus-Therian, M, shiny|67/100|[from] Volt Switch
|cant|p2a: Dusknoir|par
|
|upkeep
|turn|21
|
|t:|1760847504
|move|p1a: Tornadus|Tailwind|p1a: Tornadus
|-sidestart|p1: webofspider|move: Tailwind
|cant|p2a: Dusknoir|par
|
|upkeep
|turn|22
|
|t:|1760847509
|move|p1a: Tornadus|Knock Off|p2a: Dusknoir
|-supereffective|p2a: Dusknoir
|-damage|p2a: Dusknoir|0 fnt
|faint|p2a: Dusknoir
|
|upkeep
|
|t:|1760847513
|switch|p2a: Cinderace|Cinderace, F|100/100
|turn|23
|
|t:|1760847520
|move|p1a: Tornadus|U-turn|p2a: Cinderace
|-resisted|p2a: Cinderace
|-damage|p2a: Cinderace|91/100
|
|t:|1760847524
|switch|p1a: Great Tusk|Great Tusk, tera:Electric|72/100|[from] U-turn
|move|p2a: Cinderace|Counter|p1a: Great Tusk
|-start|p2a: Cinderace|typechange|Fighting|[from] ability: Libero
|-damage|p1a: Great Tusk|56/100
|-damage|p2a: Cinderace|74/100|[from] item: Rocky Helmet|[of] p1a: Great Tusk
|
|upkeep
|turn|24
|
|t:|1760847532
|move|p1a: Great Tusk|Supercell Slam|p2a: Cinderace
|-damage|p2a: Cinderace|4/100
|move|p2a: Cinderace|Pyro Ball|p1a: Great Tusk
|-damage|p1a: Great Tusk|27/100
|
|-sideend|p1: webofspider|move: Tailwind
|upkeep
|turn|25
|
|t:|1760847540
|move|p2a: Cinderace|Pyro Ball|p1a: Great Tusk
|-damage|p1a: Great Tusk|0 fnt
|faint|p1a: Great Tusk
|-end|p1a: Great Tusk|Protosynthesis|[silent]
|
|upkeep
|
|t:|1760847548
|switch|p1a: Moltres|Moltres, shiny|87/100
|turn|26
|
|t:|1760847553
|move|p2a: Cinderace|Trailblaze|p1a: Moltres
|-resisted|p1a: Moltres
|-damage|p1a: Moltres|84/100
|-boost|p2a: Cinderace|spe|1
|move|p1a: Moltres|U-turn|p2a: Cinderace
|-resisted|p2a: Cinderace
|-damage|p2a: Cinderace|0 fnt
|faint|p2a: Cinderace
|
|t:|1760847559
|switch|p1a: Tornadus|Tornadus-Therian, M, shiny|99/100|[from] U-turn
|
|upkeep
|
|t:|1760847560
|switch|p2a: Meowscarada|Meowscarada, M|100/100
|turn|27
|
|t:|1760847566
|move|p2a: Meowscarada|Triple Axel|p1a: Tornadus|[miss]
|-start|p2a: Meowscarada|typechange|Ice|[from] ability: Protean
|-miss|p2a: Meowscarada|p1a: Tornadus
|move|p1a: Tornadus|U-turn|p2a: Meowscarada
|-crit|p2a: Meowscarada
|-damage|p2a: Meowscarada|65/100
|
|t:|1760847569
|switch|p1a: Moltres|Moltres, shiny|84/100|[from] U-turn
|
|upkeep
|turn|28
|
|t:|1760847574
|move|p2a: Meowscarada|Triple Axel|p1a: Moltres
|-damage|p1a: Moltres|74/100
|-damage|p1a: Moltres|55/100
|-damage|p1a: Moltres|25/100
|-hitcount|p1a: Moltres|3
|move|p1a: Moltres|Flamethrower|p2a: Meowscarada
|-supereffective|p2a: Meowscarada
|-damage|p2a: Meowscarada|0 fnt
|faint|p2a: Meowscarada
|
|win|webofspider
|raw|webofspider's rating: 1162 &rarr; <strong>1184</strong><br />(+22 for winning)
|raw|qu4nnnic.h8r's rating: 1121 &rarr; <strong>1099</strong><br />(-22 for losing)
|l|☆qu4nnnic.h8r
|player|p2|
|l|☆webofspider
|player|p1|
