|j|☆lilyleite
|j|☆gustavodarwin
|t:|1760811583
|gametype|singles
|player|p1|lilyleite|1|1132
|player|p2|gustavodarwin|n|1089
|gen|9
|tier|[Gen 9] OU
|rated|
|rule|HP Percentage Mod: HP is shown in percentages
|rule|Endless Battle Clause: Forcing endless battles is banned
|rule|Species Clause: Limit one of each Pokémon
|rule|OHKO Clause: OHKO moves are banned
|rule|Evasion Items Clause: Evasion items are banned
|rule|Evasion Moves Clause: Evasion moves are banned
|rule|Evasion Abilities Clause: Evasion abilities are banned
|rule|Sleep Moves Clause: Sleep-inducing moves are banned
|clearpoke
|poke|p1|Clefable, F|
|poke|p1|Scizor, M|
|poke|p1|Great Tusk|
|poke|p1|Zapdos|
|poke|p1|Blaziken, M|
|poke|p1|Azumarill, F|
|poke|p2|Corviknight, M|
|poke|p2|Rillaboom, M|
|poke|p2|Iron Valiant|
|poke|p2|Cinderace, M|
|poke|p2|Glimmora, M|
|poke|p2|Alomomola, M|
|teampreview
|
|t:|1760811587
|teamsize|p1|6
|teamsize|p2|6
|start
|switch|p1a: Zapdos|Zapdos|100/100
|switch|p2a: Glimmora|Glimmora, M|100/100
|turn|1
|inactive|Battle timer is ON: inactive players will automatically lose when time's up. (requested by gustavodarwin)
|
|t:|1760811591
|move|p1a: Zapdos|U-turn|p2a: Glimmora
|-resisted|p2a: Glimmora
|-damage|p2a: Glimmora|93/100
|-activate|p2a: Glimmora|ability: Toxic Debris
|-sidestart|p1: lilyleite|move: Toxic Spikes
|-enditem|p2a: Glimmora|Red Card|[of] p1a: Zapdos
|drag|p1a: Blaziken|Blaziken, M|100/100
|-status|p1a: Blaziken|psn
|move|p2a: Glimmora|Power Gem|p1a: Blaziken
|-damage|p1a: Blaziken|36/100 psn
|
|-heal|p1a: Blaziken|42/100 psn|[from] item: Leftovers
|-damage|p1a: Blaziken|29/100 psn|[from] psn
|upkeep
|turn|2
|
|t:|1760811598
|move|p2a: Glimmora|Stealth Rock|p1a: Blaziken
|-sidestart|p1: lilyleite|move: Stealth Rock
|move|p1a: Blaziken|Close Combat|p2a: Glimmora
|-damage|p2a: Glimmora|17/100
|-unboost|p1a: Blaziken|def|1
|-unboost|p1a: Blaziken|spd|1
|-activate|p2a: Glimmora|ability: Toxic Debris
|-sidestart|p1: lilyleite|move: Toxic Spikes
|
|-heal|p1a: Blaziken|35/100 psn|[from] item: Leftovers
|-damage|p1a: Blaziken|23/100 psn|[from] psn
|-ability|p1a: Blaziken|Speed Boost|boost
|-boost|p1a: Blaziken|spe|1
|upkeep
|turn|3
|
|t:|1760811604
|switch|p2a: Corviknight|Corviknight, M, shiny|100/100
|-ability|p2a: Corviknight|Unnerve
|move|p1a: Blaziken|Close Combat|p2a: Corviknight
|-damage|p2a: Corviknight|46/100
|-unboost|p1a: Blaziken|def|1
|-unboost|p1a: Blaziken|spd|1
|-damage|p1a: Blaziken|6/100 psn|[from] item: Rocky Helmet|[of] p2a: Corviknight
|
|-heal|p1a: Blaziken|12/100 psn|[from] item: Leftovers
|-damage|p1a: Blaziken|0 fnt|[from] psn
|faint|p1a: Blaziken
|upkeep
|
|t:|1760811610
|switch|p1a: Clefable|Clefable, F, shiny|100/100
|-status|p1a: Clefable|tox
|turn|4
|
|t:|1760811615
|move|p2a: Corviknight|Roost|p2a: Corviknight
|-heal|p2a: Corviknight|96/100
|-singleturn|p2a: Corviknight|move: Roost
|move|p1a: Clefable|Stealth Rock|p2a: Corviknight
|-sidestart|p2: gustavodarwin|move: Stealth Rock
|
|upkeep
|turn|5
|
|t:|1760811630
|move|p2a: Corviknight|U-turn|p1a: Clefable
|-resisted|p1a: Clefable
|-damage|p1a: Clefable|95/100 tox
|
|t:|1760811633
|switch|p2a: Cinderace|Cinderace, M|100/100|[from] U-turn
|move|p1a: Clefable|Calm Mind|p1a: Clefable
|-boost|p1a: Clefable|spa|1
|-boost|p1a: Clefable|spd|1
|
|-heal|p1a: Clefable|100/100 tox|[from] item: Leftovers
|upkeep
|turn|6
|
|t:|1760811644
|move|p2a: Cinderace|Pyro Ball|p1a: Clefable
|-damage|p1a: Clefable|55/100 tox
|move|p1a: Clefable|Moonblast|p2a: Cinderace
|-resisted|p2a: Cinderace
|-damage|p2a: Cinderace|68/100
|
|-heal|p1a: Clefable|61/100 tox|[from] item: Leftovers
|upkeep
|turn|7
|
|t:|1760811656
|switch|p1a: Great Tusk|Great Tusk, shiny|100/100
|-status|p1a: Great Tusk|tox
|-damage|p1a: Great Tusk|98/100 tox|[from] Stealth Rock
|-enditem|p1a: Great Tusk|Booster Energy
|-activate|p1a: Great Tusk|ability: Protosynthesis|[fromitem]
|-start|p1a: Great Tusk|protosynthesisatk
|move|p2a: Cinderace|Pyro Ball|p1a: Great Tusk
|-damage|p1a: Great Tusk|55/100 tox
|
|-damage|p1a: Great Tusk|48/100 tox|[from] psn
|upkeep
|turn|8
|
|t:|1760811666
|-terastallize|p2a: Cinderace|Flying
|move|p2a: Cinderace|Pyro Ball|p1a: Great Tusk|[miss]
|-miss|p2a: Cinderace|p1a: Great Tusk
|move|p1a: Great Tusk|Rapid Spin|p2a: Cinderace
|-damage|p2a: Cinderace|34/100
|-boost|p1a: Great Tusk|spe|1
|-sideend|p1: lilyleite|Toxic Spikes|[from] move: Rapid Spin|[of] p1a: Great Tusk
|-sideend|p1: lilyleite|Stealth Rock|[from] move: Rapid Spin|[of] p1a: Great Tusk
|
|-damage|p1a: Great Tusk|36/100 tox|[from] psn
|upkeep
|turn|9
|
|t:|1760811675
|switch|p2a: Corviknight|Corviknight, M, shiny|96/100
|-ability|p2a: Corviknight|Unnerve
|-damage|p2a: Corviknight|83/100|[from] Stealth Rock
|move|p1a: Great Tusk|Ice Spinner|p2a: Corviknight
|-damage|p2a: Corviknight|54/100
|-damage|p1a: Great Tusk|20/100 tox|[from] item: Rocky Helmet|[of] p2a: Corviknight
|
|-damage|p1a: Great Tusk|1/100 tox|[from] psn
|upkeep
|turn|10
|
|t:|1760811685
|move|p1a: Great Tusk|Heavy Slam|p2a: Corviknight
|-resisted|p2a: Corviknight
|-damage|p2a: Corviknight|37/100
|-damage|p1a: Great Tusk|0 fnt|[from] item: Rocky Helmet|[of] p2a: Corviknight
|faint|p1a: Great Tusk
|-end|p1a: Great Tusk|Protosynthesis|[silent]
|move|p2a: Corviknight|Roost|p2a: Corviknight
|-heal|p2a: Corviknight|87/100
|-singleturn|p2a: Corviknight|move: Roost
|
|upkeep
|
|t:|1760811690
|switch|p1a: Azumarill|Azumarill, F|100/100
|turn|11
|
|t:|1760811693
|move|p1a: Azumarill|Belly Drum|p1a: Azumarill
|-damage|p1a: Azumarill|50/100
|-setboost|p1a: Azumarill|atk|6|[from] move: Belly Drum
|move|p2a: Corviknight|Iron Defense|p2a: Corviknight
|-boost|p2a: Corviknight|def|2
|
|upkeep
|turn|12
|
|t:|1760811705
|move|p1a: Azumarill|Aqua Jet|p2a: Corviknight
|-damage|p2a: Corviknight|45/100
|-damage|p1a: Azumarill|34/100|[from] item: Rocky Helmet|[of] p2a: Corviknight
|move|p2a: Corviknight|Roost|p2a: Corviknight
|-heal|p2a: Corviknight|95/100
|-singleturn|p2a: Corviknight|move: Roost
|
|upkeep
|turn|13
|
|t:|1760811711
|move|p1a: Azumarill|Knock Off|p2a: Corviknight
|-crit|p2a: Corviknight
|-damage|p2a: Corviknight|0 fnt
|-damage|p1a: Azumarill|17/100|[from] item: Rocky Helmet|[of] p2a: Corviknight
|-enditem|p2a: Corviknight|Rocky Helmet|[from] move: Knock Off|[of] p1a: Azumarill
|-enditem|p1a: Azumarill|Sitrus Berry|[eat]
|-heal|p1a: Azumarill|42/100|[from] item: Sitrus Berry
|faint|p2a: Corviknight
|
|upkeep
|
|t:|1760811714
|switch|p2a: Rillaboom|Rillaboom, M|100/100
|-damage|p2a: Rillaboom|88/100|[from] Stealth Rock
|-fieldstart|move: Grassy Terrain|[from] ability: Grassy Surge|[of] p2a: Rillaboom
|turn|14
|
|t:|1760811722
|move|p2a: Rillaboom|Grassy Glide|p1a: Azumarill
|-supereffective|p1a: Azumarill
|-damage|p1a: Azumarill|0 fnt
|faint|p1a: Azumarill
|
|-heal|p2a: Rillaboom|94/100|[from] Grassy Terrain
|upkeep
|
|t:|1760811725
|switch|p1a: Zapdos|Zapdos|100/100
|turn|15
|
|t:|1760811733
|move|p2a: Rillaboom|Grassy Glide|p1a: Zapdos
|-resisted|p1a: Zapdos
|-damage|p1a: Zapdos|66/100
|move|p1a: Zapdos|Hurricane|p2a: Rillaboom|[miss]
|-miss|p1a: Zapdos|p2a: Rillaboom
|
|-heal|p2a: Rillaboom|100/100|[from] Grassy Terrain
|upkeep
|turn|16
|
|t:|1760811739
|move|p2a: Rillaboom|Grassy Glide|p1a: Zapdos
|-resisted|p1a: Zapdos
|-damage|p1a: Zapdos|32/100
|-status|p2a: Rillaboom|par|[from] ability: Static|[of] p1a: Zapdos
|move|p1a: Zapdos|Hurricane|p2a: Rillaboom
|-supereffective|p2a: Rillaboom
|-damage|p2a: Rillaboom|0 fnt
|faint|p2a: Rillaboom
|
|upkeep
|
|t:|1760811742
|switch|p2a: Cinderace|Cinderace, M, tera:Flying|34/100
|turn|17
|
|t:|1760811749
|move|p2a: Cinderace|Pyro Ball|p1a: Zapdos
|-damage|p1a: Zapdos|0 fnt
|faint|p1a: Zapdos
|
|upkeep
|
|t:|1760811754
|switch|p1a: Scizor|Scizor, M, shiny|100/100
|turn|18
|
|t:|1760811759
|-terastallize|p1a: Scizor|Flying
|move|p2a: Cinderace|Court Change|p2a: Cinderace
|-swapsideconditions
|-activate|p2a: Cinderace|move: Court Change
|move|p1a: Scizor|Swords Dance|p1a: Scizor
|-boost|p1a: Scizor|atk|2
|
|-fieldend|move: Grassy Terrain
|upkeep
|turn|19
|
|t:|1760811772
|move|p2a: Cinderace|Pyro Ball|p1a: Scizor
|-damage|p1a: Scizor|3/100
|move|p1a: Scizor|Swords Dance|p1a: Scizor
|-boost|p1a: Scizor|atk|2
|
|upkeep
|turn|20
|
|t:|1760811787
|move|p1a: Scizor|Bullet Punch|p2a: Cinderace
|-damage|p2a: Cinderace|0 fnt
|faint|p2a: Cinderace
|-damage|p1a: Scizor|0 fnt|[from] item: Life Orb
|faint|p1a: Scizor
|
|upkeep
|
|t:|1760811795
|switch|p2a: Alomomola|Alomomola, M|100/100
|switch|p1a: Clefable|Clefable, F, shiny|61/100 tox
|turn|21
|
|t:|1760811799
|move|p1a: Clefable|Calm Mind|p1a: Clefable
|-boost|p1a: Clefable|spa|1
|-boost|p1a: Clefable|spd|1
|move|p2a: Alomomola|Scald|p1a: Clefable
|-damage|p1a: Clefable|52/100 tox
|
|-heal|p1a: Clefable|58/100 tox|[from] item: Leftovers
|upkeep
|turn|22
|
|t:|1760811804
|move|p1a: Clefable|Calm Mind|p1a: Clefable
|-boost|p1a: Clefable|spa|1
|-boost|p1a: Clefable|spd|1
|move|p2a: Alomomola|Flip Turn|p1a: Clefable
|-damage|p1a: Clefable|46/100 tox
|
|t:|1760811806
|switch|p2a: Iron Valiant|Iron Valiant|100/100|[from] Flip Turn
|-enditem|p2a: Iron Valiant|Booster Energy
|-activate|p2a: Iron Valiant|ability: Quark Drive|[fromitem]
|-start|p2a: Iron Valiant|quarkdrivespe
|
|-heal|p1a: Clefable|52/100 tox|[from] item: Leftovers
|upkeep
|turn|23
|
|t:|1760811811
|move|p2a: Iron Valiant|Knock Off|p1a: Clefable
|-resisted|p1a: Clefable
|-damage|p1a: Clefable|40/100 tox
|-enditem|p1a: Clefable|Leftovers|[from] move: Knock Off|[of] p2a: Iron Valiant
|move|p1a: Clefable|Moonlight|p1a: Clefable
|-heal|p1a: Clefable|90/100 tox
|
|upkeep
|turn|24
|
|t:|1760811820
|-end|p2a: Iron Valiant|Quark Drive|[silent]
|switch|p2a: Glimmora|Glimmora, M|17/100
|move|p1a: Clefable|Calm Mind|p1a: Clefable
|-boost|p1a: Clefable|spa|1
|-boost|p1a: Clefable|spd|1
|
|upkeep
|turn|25
|
|t:|1760811825
|move|p2a: Glimmora|Mortal Spin|p1a: Clefable
|-supereffective|p1a: Clefable
|-damage|p1a: Clefable|80/100 tox
|move|p1a: Clefable|Moonblast|p2a: Glimmora
|-resisted|p2a: Glimmora
|-damage|p2a: Glimmora|0 fnt
|faint|p2a: Glimmora
|
|upkeep
|
|t:|1760811829
|switch|p2a: Iron Valiant|Iron Valiant|100/100
|turn|26
|
|t:|1760811831
|move|p2a: Iron Valiant|Destiny Bond|p2a: Iron Valiant
|-singlemove|p2a: Iron Valiant|Destiny Bond
|move|p1a: Clefable|Moonblast|p2a: Iron Valiant
|-supereffective|p2a: Iron Valiant
|-damage|p2a: Iron Valiant|0 fnt
|faint|p2a: Iron Valiant
|-activate|p2a: Iron Valiant|move: Destiny Bond
|-end|p2a: Iron Valiant|Quark Drive|[silent]
|faint|p1a: Clefable
|
|win|gustavodarwin
|raw|lilyleite's rating: 1132 &rarr; <strong>1104</strong><br />(-28 for losing)
|raw|gustavodarwin's rating: 1089 &rarr; <strong>1119</strong><br />(+30 for winning)
|l|☆gustavodarwin
|player|p2|
