|j|☆Crow76VGC
|j|☆Kretensky
|t:|1760762413
|gametype|singles
|player|p1|Crow76VGC|janitor|1321
|player|p2|Kretensky|schoolkidf|1321
|gen|9
|tier|[Gen 9] OU
|rated|
|rule|HP Percentage Mod: HP is shown in percentages
|rule|Endless Battle Clause: Forcing endless battles is banned
|rule|Species Clause: Limit one of each Pokémon
|rule|OHKO Clause: OHKO moves are banned
|rule|Evasion Items Clause: Evasion items are banned
|rule|Evasion Moves Clause: Evasion moves are banned
|rule|Evasion Abilities Clause: Evasion abilities are banned
|rule|Sleep Moves Clause: Sleep-inducing moves are banned
|clearpoke
|poke|p1|Gliscor, M|
|poke|p1|Gengar, M|
|poke|p1|Glimmora, M|
|poke|p1|Iron Moth|
|poke|p1|Pecharunt|
|poke|p1|Slowking-Galar, F|
|poke|p2|Dragonite, F|
|poke|p2|Kyurem|
|poke|p2|Garchomp, M|
|poke|p2|Samurott-Hisui, F|
|poke|p2|Iron Crown|
|poke|p2|Rillaboom, M|
|teampreview
|
|t:|1760762428
|teamsize|p1|6
|teamsize|p2|6
|start
|switch|p1a: Glimmora|Glimmora, M|100/100
|switch|p2a: Iron Crown|Iron Crown|100/100
|turn|1
|
|t:|1760762436
|switch|p1a: Slowking|Slowking-Galar, F|100/100
|move|p2a: Iron Crown|Tachyon Cutter|p1a: Slowking
|-damage|p1a: Slowking|90/100
|-damage|p1a: Slowking|78/100
|-hitcount|p1a: Slowking|2
|
|upkeep
|turn|2
|
|t:|1760762465
|-end|p2a: Iron Crown|Quark Drive|[silent]
|switch|p2a: Garchomp|Garchomp, M|100/100
|move|p1a: Slowking|Low Sweep|p2a: Garchomp
|-damage|p2a: Garchomp|91/100
|-unboost|p2a: Garchomp|spe|1
|-damage|p1a: Slowking|65/100|[from] ability: Rough Skin|[of] p2a: Garchomp
|
|upkeep
|turn|3
|
|t:|1760762474
|switch|p2a: Iron Crown|Iron Crown|100/100
|switch|p1a: Glimmora|Glimmora, M|100/100
|
|upkeep
|turn|4
|
|t:|1760762484
|-end|p2a: Iron Crown|Quark Drive|[silent]
|switch|p2a: Spectagaled|Kyurem, shiny|100/100
|-ability|p2a: Spectagaled|Pressure
|switch|p1a: Slowking|Slowking-Galar, F|99/100
|
|upkeep
|turn|5
|
|t:|1760762493
|move|p2a: Spectagaled|Dragon Dance|p2a: Spectagaled
|-boost|p2a: Spectagaled|atk|1
|-boost|p2a: Spectagaled|spe|1
|move|p1a: Slowking|Future Sight|p2a: Spectagaled
|-start|p1a: Slowking|move: Future Sight
|
|upkeep
|turn|6
|
|t:|1760762499
|switch|p1a: Glimmora|Glimmora, M|100/100
|move|p2a: Spectagaled|Earth Power|p1a: Glimmora
|-supereffective|p1a: Glimmora
|-enditem|p1a: Glimmora|Focus Sash
|-damage|p1a: Glimmora|1/100
|-unboost|p1a: Glimmora|spd|1
|
|upkeep
|turn|7
|
|t:|1760762511
|switch|p1a: Slowking|Slowking-Galar, F|100/100
|move|p2a: Spectagaled|Freeze-Dry|p1a: Slowking
|-damage|p1a: Slowking|84/100
|
|-end|p2a: Spectagaled|move: Future Sight
|-damage|p2a: Spectagaled|58/100
|upkeep
|turn|8
|
|t:|1760762522
|move|p2a: Spectagaled|Icicle Spear|p1a: Slowking
|-damage|p1a: Slowking|66/100
|-damage|p1a: Slowking|50/100
|-damage|p1a: Slowking|31/100
|-damage|p1a: Slowking|12/100
|-hitcount|p1a: Slowking|4
|move|p1a: Slowking|Low Sweep|p2a: Spectagaled
|-supereffective|p2a: Spectagaled
|-damage|p2a: Spectagaled|37/100
|-unboost|p2a: Spectagaled|spe|1
|
|upkeep
|turn|9
|
|t:|1760762531
|switch|p1a: Glimmora|Glimmora, M|1/100
|move|p2a: Spectagaled|Earth Power|p1a: Glimmora
|-supereffective|p1a: Glimmora
|-damage|p1a: Glimmora|0 fnt
|faint|p1a: Glimmora
|
|upkeep
|
|t:|1760762533
|switch|p1a: Iron Moth|Iron Moth|100/100
|-enditem|p1a: Iron Moth|Booster Energy
|-activate|p1a: Iron Moth|ability: Quark Drive|[fromitem]
|-start|p1a: Iron Moth|quarkdrivespa
|turn|10
|
|t:|1760762535
|move|p1a: Iron Moth|Fiery Dance|p2a: Spectagaled
|-damage|p2a: Spectagaled|0 fnt
|-boost|p1a: Iron Moth|spa|1
|faint|p2a: Spectagaled
|
|upkeep
|
|t:|1760762539
|switch|p2a: Garchomp|Garchomp, M|91/100
|turn|11
|
|t:|1760762543
|-terastallize|p1a: Iron Moth|Fairy
|move|p1a: Iron Moth|Dazzling Gleam|p2a: Garchomp
|-supereffective|p2a: Garchomp
|-damage|p2a: Garchomp|0 fnt
|faint|p2a: Garchomp
|
|upkeep
|
|t:|1760762552
|switch|p2a: The Janitor|Dragonite, F, shiny|100/100
|turn|12
|
|t:|1760762564
|-terastallize|p2a: The Janitor|Flying
|move|p1a: Iron Moth|Dazzling Gleam|p2a: The Janitor
|-damage|p2a: The Janitor|53/100
|move|p2a: The Janitor|Tera Blast|p1a: Iron Moth|[anim] Tera Blast Flying
|-damage|p1a: Iron Moth|4/100
|
|upkeep
|turn|13
|
|t:|1760762574
|-end|p1a: Iron Moth|Quark Drive|[silent]
|switch|p1a: Pecharunt|Pecharunt|100/100
|switch|p2a: Iron Crown|Iron Crown|100/100
|
|upkeep
|turn|14
|
|t:|1760762581
|switch|p1a: Iron Moth|Iron Moth, tera:Fairy|4/100
|move|p2a: Iron Crown|Future Sight|p1a: Iron Moth
|-start|p2a: Iron Crown|move: Future Sight
|
|upkeep
|turn|15
|
|t:|1760762588
|move|p1a: Iron Moth|Fiery Dance|p2a: Iron Crown
|-supereffective|p2a: Iron Crown
|-damage|p2a: Iron Crown|41/100
|move|p2a: Iron Crown|Volt Switch|p1a: Iron Moth
|-damage|p1a: Iron Moth|0 fnt
|faint|p1a: Iron Moth
|-end|p1a: Iron Moth|Quark Drive|[silent]
|
|t:|1760762593
|-end|p2a: Iron Crown|Quark Drive|[silent]
|switch|p2a: The Janitor|Dragonite, F, shiny, tera:Flying|53/100|[from] Volt Switch
|
|upkeep
|
|t:|1760762602
|switch|p1a: Slowking|Slowking-Galar, F|45/100
|turn|16
|inactive|Battle timer is ON: inactive players will automatically lose when time's up. (requested by Kretensky)
|
|t:|1760762608
|move|p2a: The Janitor|Earthquake|p1a: Slowking
|-supereffective|p1a: Slowking
|-damage|p1a: Slowking|0 fnt
|faint|p1a: Slowking
|
|-hint|Future Sight did not hit because the target is fainted.
|upkeep
|
|t:|1760762611
|switch|p1a: Gliscor|Gliscor, M|100/100
|turn|17
|
|t:|1760762614
|move|p1a: Gliscor|Ice Fang|p2a: The Janitor|[miss]
|-miss|p1a: Gliscor|p2a: The Janitor
|move|p2a: The Janitor|Dragon Dance|p2a: The Janitor
|-boost|p2a: The Janitor|atk|1
|-boost|p2a: The Janitor|spe|1
|
|-status|p1a: Gliscor|tox|[from] item: Toxic Orb
|upkeep
|turn|18
|
|t:|1760762620
|switch|p1a: Pecharunt|Pecharunt|100/100
|move|p2a: The Janitor|Tera Blast|p1a: Pecharunt|[anim] Tera Blast Flying
|-crit|p1a: Pecharunt
|-damage|p1a: Pecharunt|40/100
|
|-heal|p1a: Pecharunt|47/100|[from] item: Leftovers
|upkeep
|turn|19
|
|t:|1760762627
|move|p2a: The Janitor|Tera Blast|p1a: Pecharunt|[anim] Tera Blast Flying
|-damage|p1a: Pecharunt|4/100
|move|p1a: Pecharunt|Malignant Chain|p2a: The Janitor
|-damage|p2a: The Janitor|21/100
|-status|p2a: The Janitor|tox
|-start|p2a: The Janitor|confusion|[from] ability: Poison Puppeteer|[of] p1a: Pecharunt
|
|-heal|p1a: Pecharunt|10/100|[from] item: Leftovers
|-damage|p2a: The Janitor|15/100 tox|[from] psn
|upkeep
|turn|20
|
|t:|1760762639
|-activate|p2a: The Janitor|confusion
|move|p2a: The Janitor|Tera Blast|p1a: Pecharunt|[anim] Tera Blast Flying
|-damage|p1a: Pecharunt|0 fnt
|faint|p1a: Pecharunt
|
|-damage|p2a: The Janitor|3/100 tox|[from] psn
|upkeep
|
|t:|1760762641
|switch|p1a: Gliscor|Gliscor, M|100/100 tox
|turn|21
|
|t:|1760762655
|switch|p2a: Samurott|Samurott-Hisui, F|100/100
|move|p1a: Gliscor|Protect||[still]
|-fail|p1a: Gliscor
|
|upkeep
|turn|22
|
|t:|1760762663
|move|p1a: Gliscor|Earthquake|p2a: Samurott
|-damage|p2a: Samurott|51/100
|move|p2a: Samurott|Razor Shell|p1a: Gliscor|[miss]
|-miss|p2a: Samurott|p1a: Gliscor
|
|upkeep
|turn|23
|
|t:|1760762671
|move|p1a: Gliscor|Earthquake|p2a: Samurott
|-damage|p2a: Samurott|0 fnt
|faint|p2a: Samurott
|
|upkeep
|c|☆Kretensky|damn
|
|t:|1760762684
|switch|p2a: Rillaboom|Rillaboom, M|100/100
|-fieldstart|move: Grassy Terrain|[from] ability: Grassy Surge|[of] p2a: Rillaboom
|turn|24
|c|☆Crow76VGC|I missed Ice fang I don’t want to hear it
|
|t:|1760762711
|move|p2a: Rillaboom|Grassy Glide|p1a: Gliscor
|-damage|p1a: Gliscor|61/100 tox
|move|p1a: Gliscor|Ice Fang|p2a: Rillaboom
|-supereffective|p2a: Rillaboom
|-damage|p2a: Rillaboom|64/100
|
|-heal|p2a: Rillaboom|70/100|[from] Grassy Terrain
|-heal|p1a: Gliscor|74/100 tox|[from] ability: Poison Heal
|upkeep
|turn|25
|c|☆Kretensky|did the miss even matter tho
|
|t:|1760762729
|move|p1a: Gliscor|Protect|p1a: Gliscor
|-singleturn|p1a: Gliscor|Protect
|move|p2a: Rillaboom|Grassy Glide|p1a: Gliscor
|-activate|p1a: Gliscor|move: Protect
|
|-heal|p2a: Rillaboom|76/100|[from] Grassy Terrain
|-heal|p1a: Gliscor|86/100 tox|[from] ability: Poison Heal
|upkeep
|turn|26
|
|t:|1760762736
|move|p2a: Rillaboom|Grassy Glide|p1a: Gliscor
|-damage|p1a: Gliscor|49/100 tox
|move|p1a: Gliscor|Ice Fang|p2a: Rillaboom
|-supereffective|p2a: Rillaboom
|-damage|p2a: Rillaboom|43/100
|
|-heal|p2a: Rillaboom|49/100|[from] Grassy Terrain
|-heal|p1a: Gliscor|61/100 tox|[from] ability: Poison Heal
|upkeep
|turn|27
|
|t:|1760762742
|switch|p2a: Iron Crown|Iron Crown|41/100
|move|p1a: Gliscor|Ice Fang|p2a: Iron Crown
|-resisted|p2a: Iron Crown
|-damage|p2a: Iron Crown|31/100
|
|-heal|p2a: Iron Crown|38/100|[from] Grassy Terrain
|-heal|p1a: Gliscor|73/100 tox|[from] ability: Poison Heal
|upkeep
|turn|28
|
|t:|1760762750
|move|p2a: Iron Crown|Tachyon Cutter|p1a: Gliscor
|-damage|p1a: Gliscor|39/100 tox
|-damage|p1a: Gliscor|3/100 tox
|-hitcount|p1a: Gliscor|2
|move|p1a: Gliscor|Earthquake|p2a: Iron Crown
|-supereffective|p2a: Iron Crown
|-damage|p2a: Iron Crown|0 fnt
|faint|p2a: Iron Crown
|-end|p2a: Iron Crown|Quark Drive|[silent]
|
|-heal|p1a: Gliscor|15/100 tox|[from] ability: Poison Heal
|upkeep
|
|t:|1760762753
|switch|p2a: Rillaboom|Rillaboom, M|49/100
|turn|29
|
|t:|1760762758
|move|p1a: Gliscor|Protect|p1a: Gliscor
|-singleturn|p1a: Gliscor|Protect
|move|p2a: Rillaboom|Grassy Glide|p1a: Gliscor
|-activate|p1a: Gliscor|move: Protect
|
|-heal|p2a: Rillaboom|56/100|[from] Grassy Terrain
|-heal|p1a: Gliscor|27/100 tox|[from] ability: Poison Heal
|upkeep
|turn|30
|
|t:|1760762760
|move|p2a: Rillaboom|Grassy Glide|p1a: Gliscor
|-damage|p1a: Gliscor|0 fnt
|faint|p1a: Gliscor
|
|-heal|p2a: Rillaboom|62/100|[from] Grassy Terrain
|upkeep
|
|t:|1760762761
|switch|p1a: Gengar|Gengar, M|100/100
|turn|31
|
|t:|1760762766
|switch|p2a: The Janitor|Dragonite, F, shiny, tera:Flying|3/100 tox
|move|p1a: Gengar|Shadow Ball|p2a: The Janitor
|-damage|p2a: The Janitor|0 fnt
|faint|p2a: The Janitor
|
|-fieldend|move: Grassy Terrain
|upkeep
|
|t:|1760762768
|switch|p2a: Rillaboom|Rillaboom, M|62/100
|-fieldstart|move: Grassy Terrain|[from] ability: Grassy Surge|[of] p2a: Rillaboom
|turn|32
|
|t:|1760762772
|move|p1a: Gengar|Shadow Ball|p2a: Rillaboom
|-damage|p2a: Rillaboom|9/100
|move|p2a: Rillaboom|Knock Off|p1a: Gengar
|-supereffective|p1a: Gengar
|-damage|p1a: Gengar|0 fnt
|-enditem|p1a: Gengar|Choice Scarf|[from] move: Knock Off|[of] p2a: Rillaboom
|faint|p1a: Gengar
|
|win|Kretensky
|raw|Crow76VGC's rating: 1321 &rarr; <strong>1301</strong><br />(-20 for losing)
|raw|Kretensky's rating: 1321 &rarr; <strong>1341</strong><br />(+20 for winning)
|l|☆Crow76VGC
|player|p1|
|c|☆Kretensky|gg
|l|☆Kretensky
|player|p2|
