|j|☆tasin01
|j|☆armyhammerbro0
|t:|1760850491
|gametype|singles
|player|p1|tasin01|2|1191
|player|p2|armyhammerbro0|riley|1159
|gen|9
|tier|[Gen 9] OU
|rated|
|rule|HP Percentage Mod: HP is shown in percentages
|rule|Endless Battle Clause: Forcing endless battles is banned
|rule|Species Clause: Limit one of each Pokémon
|rule|OHKO Clause: OHKO moves are banned
|rule|Evasion Items Clause: Evasion items are banned
|rule|Evasion Moves Clause: Evasion moves are banned
|rule|Evasion Abilities Clause: Evasion abilities are banned
|rule|Sleep Moves Clause: Sleep-inducing moves are banned
|clearpoke
|poke|p1|Iron Valiant|
|poke|p1|Gliscor, F|
|poke|p1|Slowking-Galar, F|
|poke|p1|Great Tusk|
|poke|p1|Dragapult, F|
|poke|p1|Skarmory, F|
|poke|p2|Emboar, F|
|poke|p2|Skarmory, F|
|poke|p2|Noivern, F|
|poke|p2|Ceruledge, M|
|poke|p2|Glimmora, M|
|poke|p2|Primarina, F|
|teampreview
|inactive|Battle timer is ON: inactive players will automatically lose when time's up. (requested by tasin01)
|
|t:|1760850499
|teamsize|p1|6
|teamsize|p2|6
|start
|switch|p1a: Gliscor|Gliscor, F|100/100
|switch|p2a: Glimmora|Glimmora, M|100/100
|turn|1
|
|t:|1760850509
|move|p2a: Glimmora|Dazzling Gleam|p1a: Gliscor
|-damage|p1a: Gliscor|76/100
|move|p1a: Gliscor|Knock Off|p2a: Glimmora
|-damage|p2a: Glimmora|72/100
|-activate|p2a: Glimmora|ability: Toxic Debris
|-sidestart|p1: tasin01|move: Toxic Spikes
|-enditem|p2a: Glimmora|Power Herb|[from] move: Knock Off|[of] p1a: Gliscor
|
|-status|p1a: Gliscor|tox|[from] item: Toxic Orb
|upkeep
|turn|2
|
|t:|1760850518
|move|p2a: Glimmora|Dazzling Gleam|p1a: Gliscor
|-damage|p1a: Gliscor|54/100 tox
|move|p1a: Gliscor|Earthquake|p2a: Glimmora
|-supereffective|p2a: Glimmora
|-damage|p2a: Glimmora|0 fnt
|-activate|p2a: Glimmora|ability: Toxic Debris
|-sidestart|p1: tasin01|move: Toxic Spikes
|faint|p2a: Glimmora
|
|-heal|p1a: Gliscor|66/100 tox|[from] ability: Poison Heal
|upkeep
|
|t:|1760850528
|switch|p2a: Primarina|Primarina, F|100/100
|turn|3
|
|t:|1760850535
|move|p1a: Gliscor|Protect|p1a: Gliscor
|-singleturn|p1a: Gliscor|Protect
|move|p2a: Primarina|Hyper Voice|p1a: Gliscor
|-activate|p1a: Gliscor|move: Protect
|
|-heal|p1a: Gliscor|79/100 tox|[from] ability: Poison Heal
|upkeep
|turn|4
|
|t:|1760850542
|move|p1a: Gliscor|U-turn|p2a: Primarina
|-resisted|p2a: Primarina
|-damage|p2a: Primarina|91/100
|
|t:|1760850545
|switch|p1a: Slowking|Slowking-Galar, F|100/100|[from] U-turn
|-sideend|p1: tasin01|move: Toxic Spikes|[of] p1a: Slowking
|move|p2a: Primarina|Hyper Voice|p1a: Slowking
|-damage|p1a: Slowking|73/100
|-enditem|p2a: Primarina|Throat Spray
|-boost|p2a: Primarina|spa|1|[from] item: Throat Spray
|
|upkeep
|turn|5
|
|t:|1760850553
|-terastallize|p2a: Primarina|Steel
|move|p2a: Primarina|Tera Blast|p1a: Slowking|[anim] Tera Blast Steel
|-damage|p1a: Slowking|36/100
|move|p1a: Slowking|Sludge Bomb|p2a: Primarina
|-immune|p2a: Primarina
|
|upkeep
|turn|6
|
|t:|1760850563
|switch|p1a: Gliscor|Gliscor, F|79/100 tox
|move|p2a: Primarina|Tera Blast|p1a: Gliscor|[anim] Tera Blast Steel
|-damage|p1a: Gliscor|24/100 tox
|
|-heal|p1a: Gliscor|37/100 tox|[from] ability: Poison Heal
|upkeep
|turn|7
|
|t:|1760850571
|move|p1a: Gliscor|Protect|p1a: Gliscor
|-singleturn|p1a: Gliscor|Protect
|move|p2a: Primarina|Hyper Voice|p1a: Gliscor
|-activate|p1a: Gliscor|move: Protect
|
|-heal|p1a: Gliscor|49/100 tox|[from] ability: Poison Heal
|upkeep
|turn|8
|inactive|tasin01 has 120 seconds left.
|
|t:|1760850603
|move|p1a: Gliscor|U-turn|p2a: Primarina
|-resisted|p2a: Primarina
|-damage|p2a: Primarina|81/100
|inactive|tasin01 has 120 seconds left.
|
|t:|1760850613
|switch|p1a: Dragapult|Dragapult, F|100/100|[from] U-turn
|move|p2a: Primarina|Hyper Voice|p1a: Dragapult
|-resisted|p1a: Dragapult
|-damage|p1a: Dragapult|51/100
|
|upkeep
|turn|9
|inactive|tasin01 has 120 seconds left.
|
|t:|1760850621
|move|p1a: Dragapult|U-turn|p2a: Primarina
|-resisted|p2a: Primarina
|-damage|p2a: Primarina|69/100
|inactive|tasin01 has 120 seconds left.
|
|t:|1760850629
|switch|p1a: Great Tusk|Great Tusk|100/100|[from] U-turn
|move|p2a: Primarina|Ice Beam|p1a: Great Tusk
|-supereffective|p1a: Great Tusk
|-damage|p1a: Great Tusk|0 fnt
|faint|p1a: Great Tusk
|-end|p1a: Great Tusk|Protosynthesis|[silent]
|
|upkeep
|inactive|tasin01 has 120 seconds left.
|
|t:|1760850636
|switch|p1a: Iron Valiant|Iron Valiant|100/100
|turn|10
|
|t:|1760850649
|-terastallize|p1a: Iron Valiant|Ghost
|move|p1a: Iron Valiant|Shadow Ball|p2a: Primarina
|-damage|p2a: Primarina|11/100
|move|p2a: Primarina|Moonblast|p1a: Iron Valiant
|-crit|p1a: Iron Valiant
|-damage|p1a: Iron Valiant|0 fnt
|faint|p1a: Iron Valiant
|-end|p1a: Iron Valiant|Quark Drive|[silent]
|
|upkeep
|inactive|tasin01 has 120 seconds left.
|
|t:|1760850659
|switch|p1a: Dragapult|Dragapult, F|51/100
|turn|11
|
|t:|1760850662
|move|p1a: Dragapult|Hex|p2a: Primarina
|-damage|p2a: Primarina|0 fnt
|faint|p2a: Primarina
|
|upkeep
|
|t:|1760850667
|switch|p2a: Ceruledge|Ceruledge, M|100/100
|turn|12
|
|t:|1760850671
|move|p2a: Ceruledge|Shadow Sneak|p1a: Dragapult
|-supereffective|p1a: Dragapult
|-damage|p1a: Dragapult|0 fnt
|faint|p1a: Dragapult
|
|upkeep
|
|t:|1760850673
|switch|p1a: Skarmory|Skarmory, F|100/100
|turn|13
|
|t:|1760850677
|move|p2a: Ceruledge|Bitter Blade|p1a: Skarmory
|-supereffective|p1a: Skarmory
|-damage|p1a: Skarmory|46/100
|-damage|p2a: Ceruledge|84/100|[from] item: Rocky Helmet|[of] p1a: Skarmory
|move|p1a: Skarmory|Brave Bird|p2a: Ceruledge
|-damage|p2a: Ceruledge|39/100
|-damage|p1a: Skarmory|33/100|[from] Recoil
|
|upkeep
|turn|14
|
|t:|1760850685
|move|p2a: Ceruledge|Bitter Blade|p1a: Skarmory
|-supereffective|p1a: Skarmory
|-damage|p1a: Skarmory|0 fnt
|-heal|p2a: Ceruledge|57/100|[from] drain|[of] p1a: Skarmory
|-damage|p2a: Ceruledge|41/100|[from] item: Rocky Helmet|[of] p1a: Skarmory
|faint|p1a: Skarmory
|
|upkeep
|
|t:|1760850687
|switch|p1a: Gliscor|Gliscor, F|49/100 tox
|turn|15
|
|t:|1760850697
|move|p1a: Gliscor|Protect|p1a: Gliscor
|-singleturn|p1a: Gliscor|Protect
|move|p2a: Ceruledge|Shadow Sneak|p1a: Gliscor
|-activate|p1a: Gliscor|move: Protect
|
|-heal|p1a: Gliscor|62/100 tox|[from] ability: Poison Heal
|upkeep
|turn|16
|
|t:|1760850715
|move|p2a: Ceruledge|Shadow Sneak|p1a: Gliscor
|-damage|p1a: Gliscor|47/100 tox
|move|p1a: Gliscor|Earthquake|p2a: Ceruledge
|-supereffective|p2a: Ceruledge
|-damage|p2a: Ceruledge|0 fnt
|faint|p2a: Ceruledge
|
|-heal|p1a: Gliscor|59/100 tox|[from] ability: Poison Heal
|upkeep
|
|t:|1760850723
|switch|p2a: Noivern|Noivern, F|100/100
|turn|17
|
|t:|1760850727
|move|p2a: Noivern|Dragon Pulse|p1a: Gliscor
|-damage|p1a: Gliscor|30/100 tox
|move|p1a: Gliscor|U-turn|p2a: Noivern
|-resisted|p2a: Noivern
|-damage|p2a: Noivern|91/100
|
|t:|1760850730
|switch|p1a: Slowking|Slowking-Galar, F|69/100|[from] U-turn
|
|upkeep
|turn|18
|
|t:|1760850736
|move|p2a: Noivern|Dark Pulse|p1a: Slowking
|-supereffective|p1a: Slowking
|-damage|p1a: Slowking|36/100
|move|p1a: Slowking|Toxic|p2a: Noivern
|-status|p2a: Noivern|tox
|
|-damage|p2a: Noivern|85/100 tox|[from] psn
|upkeep
|turn|19
|
|t:|1760850743
|move|p2a: Noivern|Dark Pulse|p1a: Slowking
|-supereffective|p1a: Slowking
|-damage|p1a: Slowking|0 fnt
|faint|p1a: Slowking
|
|-damage|p2a: Noivern|73/100 tox|[from] psn
|upkeep
|
|t:|1760850746
|switch|p1a: Gliscor|Gliscor, F|30/100 tox
|turn|20
|
|t:|1760850759
|move|p1a: Gliscor|Protect|p1a: Gliscor
|-singleturn|p1a: Gliscor|Protect
|move|p2a: Noivern|Dragon Pulse|p1a: Gliscor
|-activate|p1a: Gliscor|move: Protect
|
|-damage|p2a: Noivern|55/100 tox|[from] psn
|-heal|p1a: Gliscor|42/100 tox|[from] ability: Poison Heal
|upkeep
|turn|21
|
|t:|1760850767
|move|p2a: Noivern|Dragon Pulse|p1a: Gliscor
|-damage|p1a: Gliscor|11/100 tox
|move|p1a: Gliscor|Knock Off|p2a: Noivern
|-damage|p2a: Noivern|24/100 tox
|-enditem|p2a: Noivern|Expert Belt|[from] move: Knock Off|[of] p1a: Gliscor
|
|-damage|p2a: Noivern|0 fnt|[from] psn
|faint|p2a: Noivern
|-heal|p1a: Gliscor|23/100 tox|[from] ability: Poison Heal
|upkeep
|
|t:|1760850777
|switch|p2a: Emboar|Emboar, F|100/100
|turn|22
|
|t:|1760850780
|move|p1a: Gliscor|Protect|p1a: Gliscor
|-singleturn|p1a: Gliscor|Protect
|move|p2a: Emboar|Sucker Punch||[still]
|-fail|p2a: Emboar
|
|-heal|p1a: Gliscor|36/100 tox|[from] ability: Poison Heal
|upkeep
|turn|23
|
|t:|1760850787
|move|p1a: Gliscor|Protect|p1a: Gliscor
|-singleturn|p1a: Gliscor|Protect
|move|p2a: Emboar|Sucker Punch||[still]
|-fail|p2a: Emboar
|
|-heal|p1a: Gliscor|48/100 tox|[from] ability: Poison Heal
|upkeep
|turn|24
|
|t:|1760850793
|move|p1a: Gliscor|Protect||[still]
|-fail|p1a: Gliscor
|move|p2a: Emboar|Sucker Punch||[still]
|-fail|p2a: Emboar
|
|-heal|p1a: Gliscor|61/100 tox|[from] ability: Poison Heal
|upkeep
|turn|25
|
|t:|1760850800
|switch|p2a: Skarmory|Skarmory, F|100/100
|move|p1a: Gliscor|Earthquake|p2a: Skarmory
|-immune|p2a: Skarmory
|
|-heal|p1a: Gliscor|73/100 tox|[from] ability: Poison Heal
|upkeep
|turn|26
|
|t:|1760850807
|move|p1a: Gliscor|Knock Off|p2a: Skarmory
|-damage|p2a: Skarmory|87/100
|-enditem|p2a: Skarmory|Assault Vest|[from] move: Knock Off|[of] p1a: Gliscor
|move|p2a: Skarmory|Rock Slide|p1a: Gliscor
|-damage|p1a: Gliscor|61/100 tox
|
|-heal|p1a: Gliscor|74/100 tox|[from] ability: Poison Heal
|upkeep
|turn|27
|
|t:|1760850822
|move|p1a: Gliscor|Knock Off|p2a: Skarmory
|-damage|p2a: Skarmory|80/100
|move|p2a: Skarmory|Steel Wing|p1a: Gliscor
|-damage|p1a: Gliscor|57/100 tox
|-boost|p2a: Skarmory|def|1
|
|-heal|p1a: Gliscor|70/100 tox|[from] ability: Poison Heal
|upkeep
|turn|28
|
|t:|1760850832
|move|p1a: Gliscor|U-turn|p2a: Skarmory
|-resisted|p2a: Skarmory
|-crit|p2a: Skarmory
|-damage|p2a: Skarmory|76/100
|move|p2a: Skarmory|Steel Wing|p1a: Gliscor
|-damage|p1a: Gliscor|53/100 tox
|
|-heal|p1a: Gliscor|66/100 tox|[from] ability: Poison Heal
|upkeep
|turn|29
|
|t:|1760850840
|move|p1a: Gliscor|U-turn|p2a: Skarmory
|-resisted|p2a: Skarmory
|-damage|p2a: Skarmory|75/100
|move|p2a: Skarmory|Brave Bird|p1a: Gliscor
|-damage|p1a: Gliscor|41/100 tox
|-damage|p2a: Skarmory|66/100|[from] Recoil
|
|-heal|p1a: Gliscor|53/100 tox|[from] ability: Poison Heal
|upkeep
|turn|30
|
|t:|1760850849
|move|p1a: Gliscor|Knock Off|p2a: Skarmory
|-damage|p2a: Skarmory|60/100
|move|p2a: Skarmory|Brave Bird|p1a: Gliscor
|-damage|p1a: Gliscor|24/100 tox
|-damage|p2a: Skarmory|50/100|[from] Recoil
|
|-heal|p1a: Gliscor|36/100 tox|[from] ability: Poison Heal
|upkeep
|turn|31
|
|t:|1760850857
|move|p1a: Gliscor|Protect|p1a: Gliscor
|-singleturn|p1a: Gliscor|Protect
|move|p2a: Skarmory|Brave Bird|p1a: Gliscor
|-activate|p1a: Gliscor|move: Protect
|
|-heal|p1a: Gliscor|49/100 tox|[from] ability: Poison Heal
|upkeep
|turn|32
|
|t:|1760850864
|move|p1a: Gliscor|Protect||[still]
|-fail|p1a: Gliscor
|move|p2a: Skarmory|Brave Bird|p1a: Gliscor
|-damage|p1a: Gliscor|20/100 tox
|-damage|p2a: Skarmory|40/100|[from] Recoil
|
|-heal|p1a: Gliscor|33/100 tox|[from] ability: Poison Heal
|upkeep
|turn|33
|
|t:|1760850871
|move|p1a: Gliscor|Knock Off|p2a: Skarmory
|-damage|p2a: Skarmory|34/100
|move|p2a: Skarmory|Brave Bird|p1a: Gliscor
|-damage|p1a: Gliscor|5/100 tox
|-damage|p2a: Skarmory|25/100|[from] Recoil
|
|-heal|p1a: Gliscor|18/100 tox|[from] ability: Poison Heal
|upkeep
|turn|34
|
|t:|1760850879
|move|p1a: Gliscor|Protect|p1a: Gliscor
|-singleturn|p1a: Gliscor|Protect
|move|p2a: Skarmory|Steel Wing|p1a: Gliscor
|-activate|p1a: Gliscor|move: Protect
|
|-heal|p1a: Gliscor|30/100 tox|[from] ability: Poison Heal
|upkeep
|turn|35
|
|t:|1760850886
|move|p1a: Gliscor|Knock Off|p2a: Skarmory
|-damage|p2a: Skarmory|19/100
|move|p2a: Skarmory|Brave Bird|p1a: Gliscor
|-damage|p1a: Gliscor|1/100 tox
|-damage|p2a: Skarmory|9/100|[from] Recoil
|
|-heal|p1a: Gliscor|13/100 tox|[from] ability: Poison Heal
|upkeep
|turn|36
|
|t:|1760850894
|move|p1a: Gliscor|Protect|p1a: Gliscor
|-singleturn|p1a: Gliscor|Protect
|move|p2a: Skarmory|Steel Wing|p1a: Gliscor
|-activate|p1a: Gliscor|move: Protect
|
|-heal|p1a: Gliscor|26/100 tox|[from] ability: Poison Heal
|upkeep
|turn|37
|
|t:|1760850901
|move|p1a: Gliscor|Protect|p1a: Gliscor
|-singleturn|p1a: Gliscor|Protect
|move|p2a: Skarmory|Brave Bird|p1a: Gliscor
|-activate|p1a: Gliscor|move: Protect
|
|-heal|p1a: Gliscor|38/100 tox|[from] ability: Poison Heal
|upkeep
|turn|38
|
|t:|1760850907
|move|p1a: Gliscor|Knock Off|p2a: Skarmory
|-damage|p2a: Skarmory|3/100
|move|p2a: Skarmory|Brave Bird|p1a: Gliscor
|-damage|p1a: Gliscor|11/100 tox
|-damage|p2a: Skarmory|0 fnt|[from] Recoil
|faint|p2a: Skarmory
|
|-heal|p1a: Gliscor|24/100 tox|[from] ability: Poison Heal
|upkeep
|
|t:|1760850916
|switch|p2a: Emboar|Emboar, F|100/100
|turn|39
|
|t:|1760850920
|move|p1a: Gliscor|Protect|p1a: Gliscor
|-singleturn|p1a: Gliscor|Protect
|move|p2a: Emboar|Flare Blitz|p1a: Gliscor
|-activate|p1a: Gliscor|move: Protect
|
|-heal|p1a: Gliscor|36/100 tox|[from] ability: Poison Heal
|upkeep
|turn|40
|
|t:|1760850926
|move|p2a: Emboar|Flare Blitz|p1a: Gliscor
|-damage|p1a: Gliscor|0 fnt
|faint|p1a: Gliscor
|-damage|p2a: Emboar|89/100|[from] Recoil
|
|win|armyhammerbro0
|raw|tasin01's rating: 1191 &rarr; <strong>1164</strong><br />(-27 for losing)
|raw|armyhammerbro0's rating: 1159 &rarr; <strong>1186</strong><br />(+27 for winning)
|l|☆tasin01
|player|p1|
|l|☆armyhammerbro0
|player|p2|
