|j|☆charjabugzealot
|j|☆NoNSket
|t:|1760853602
|gametype|singles
|player|p1|charjabugzealot|artist-gen4|1125
|player|p2|NoNSket|waiter|1122
|gen|9
|tier|[Gen 9] OU
|rated|
|rule|HP Percentage Mod: HP is shown in percentages
|rule|Endless Battle Clause: Forcing endless battles is banned
|rule|Species Clause: Limit one of each Pokémon
|rule|OHKO Clause: OHKO moves are banned
|rule|Evasion Items Clause: Evasion items are banned
|rule|Evasion Moves Clause: Evasion moves are banned
|rule|Evasion Abilities Clause: Evasion abilities are banned
|rule|Sleep Moves Clause: Sleep-inducing moves are banned
|clearpoke
|poke|p1|Lokix, F|
|poke|p1|Great Tusk|
|poke|p1|Alomomola, F|
|poke|p1|Enamorus, F|
|poke|p1|Slowking-Galar, F|
|poke|p1|Emboar, F|
|poke|p2|Mimikyu, M|
|poke|p2|Venusaur, M|
|poke|p2|Skarmory, F|
|poke|p2|Electrode|
|poke|p2|Gyarados, F|
|poke|p2|Kommo-o, M|
|teampreview
|j| toxiccroc12
|
|t:|1760853615
|teamsize|p1|6
|teamsize|p2|6
|start
|switch|p1a: Emboar|Emboar, F|100/100
|switch|p2a: Skarmory|Skarmory, F|100/100
|turn|1
|
|t:|1760853621
|move|p2a: Skarmory|Stealth Rock|p1a: Emboar
|-sidestart|p1: charjabugzealot|move: Stealth Rock
|move|p1a: Emboar|Overheat|p2a: Skarmory
|-supereffective|p2a: Skarmory
|-ability|p2a: Skarmory|Sturdy
|-damage|p2a: Skarmory|1/100
|-unboost|p1a: Emboar|spa|2
|-damage|p1a: Emboar|91/100|[from] item: Life Orb
|
|upkeep
|turn|2
|
|t:|1760853626
|move|p2a: Skarmory|Body Press|p1a: Emboar
|-damage|p1a: Emboar|56/100
|move|p1a: Emboar|Scald|p2a: Skarmory
|-damage|p2a: Skarmory|0 fnt
|faint|p2a: Skarmory
|-damage|p1a: Emboar|46/100|[from] item: Life Orb
|
|upkeep
|
|t:|1760853630
|switch|p2a: Gyarados|Gyarados, F|100/100
|-ability|p2a: Gyarados|Intimidate|boost
|-unboost|p1a: Emboar|atk|1
|turn|3
|
|t:|1760853639
|switch|p1a: Slowking|Slowking-Galar, F|100/100
|-damage|p1a: Slowking|88/100|[from] Stealth Rock
|move|p2a: Gyarados|Dragon Dance|p2a: Gyarados
|-boost|p2a: Gyarados|atk|1
|-boost|p2a: Gyarados|spe|1
|
|upkeep
|turn|4
|
|t:|1760853653
|move|p2a: Gyarados|Ice Fang|p1a: Slowking|[miss]
|-miss|p2a: Gyarados|p1a: Slowking
|move|p1a: Slowking|Future Sight|p2a: Gyarados
|-start|p1a: Slowking|move: Future Sight
|
|upkeep
|turn|5
|
|t:|1760853661
|move|p2a: Gyarados|Dragon Dance|p2a: Gyarados
|-boost|p2a: Gyarados|atk|1
|-boost|p2a: Gyarados|spe|1
|move|p1a: Slowking|Sludge Bomb|p2a: Gyarados
|-damage|p2a: Gyarados|66/100
|-status|p2a: Gyarados|psn
|
|-heal|p2a: Gyarados|72/100 psn|[from] item: Leftovers
|-damage|p2a: Gyarados|59/100 psn|[from] psn
|upkeep
|turn|6
|
|t:|1760853665
|move|p2a: Gyarados|Body Slam|p1a: Slowking
|-damage|p1a: Slowking|45/100
|-prepare|p1a: Slowking|Chilly Reception|[premajor]
|move|p1a: Slowking|Chilly Reception|p1a: Slowking
|-weather|Snowscape
|
|t:|1760853669
|switch|p1a: Lokix|Lokix, F|100/100|[from] Chilly Reception
|-damage|p1a: Lokix|76/100|[from] Stealth Rock
|
|-weather|Snowscape|[upkeep]
|-end|p2a: Gyarados|move: Future Sight
|-damage|p2a: Gyarados|9/100 psn
|-heal|p2a: Gyarados|15/100 psn|[from] item: Leftovers
|-damage|p2a: Gyarados|3/100 psn|[from] psn
|upkeep
|turn|7
|
|t:|1760853680
|move|p1a: Lokix|First Impression|p2a: Gyarados
|-resisted|p2a: Gyarados
|-damage|p2a: Gyarados|0 fnt
|faint|p2a: Gyarados
|
|-weather|Snowscape|[upkeep]
|upkeep
|
|t:|1760853684
|switch|p2a: Mimikyu|Mimikyu, M|100/100
|turn|8
|
|t:|1760853692
|switch|p1a: Slowking|Slowking-Galar, F|79/100
|-damage|p1a: Slowking|66/100|[from] Stealth Rock
|move|p2a: Mimikyu|Bulk Up|p2a: Mimikyu
|-boost|p2a: Mimikyu|atk|1
|-boost|p2a: Mimikyu|def|1
|
|-weather|Snowscape|[upkeep]
|upkeep
|turn|9
|
|t:|1760853696
|move|p2a: Mimikyu|Shadow Claw|p1a: Slowking
|-supereffective|p1a: Slowking
|-damage|p1a: Slowking|9/100
|move|p1a: Slowking|Sludge Bomb|p2a: Mimikyu
|-activate|p2a: Mimikyu|ability: Disguise
|-damage|p2a: Mimikyu|100/100
|detailschange|p2a: Mimikyu|Mimikyu-Busted, M
|-damage|p2a: Mimikyu|88/100|[from] pokemon: Mimikyu-Busted
|
|-weather|Snowscape|[upkeep]
|-heal|p2a: Mimikyu|94/100|[from] item: Leftovers
|upkeep
|turn|10
|
|t:|1760853702
|switch|p1a: Emboar|Emboar, F|46/100
|-damage|p1a: Emboar|33/100|[from] Stealth Rock
|move|p2a: Mimikyu|Shadow Claw|p1a: Emboar
|-damage|p1a: Emboar|0 fnt
|faint|p1a: Emboar
|
|-weather|none
|-heal|p2a: Mimikyu|99/100|[from] item: Leftovers
|upkeep
|
|t:|1760853722
|switch|p1a: Slowking|Slowking-Galar, F|43/100
|-damage|p1a: Slowking|30/100|[from] Stealth Rock
|turn|11
|
|t:|1760853733
|switch|p1a: Alomomola|Alomomola, F|100/100
|-damage|p1a: Alomomola|88/100|[from] Stealth Rock
|move|p2a: Mimikyu|Shadow Claw|p1a: Alomomola
|-damage|p1a: Alomomola|56/100
|
|-heal|p2a: Mimikyu|100/100|[from] item: Leftovers
|upkeep
|turn|12
|
|t:|1760853738
|move|p2a: Mimikyu|Bulk Up|p2a: Mimikyu
|-boost|p2a: Mimikyu|atk|1
|-boost|p2a: Mimikyu|def|1
|move|p1a: Alomomola|Flip Turn|p2a: Mimikyu
|-damage|p2a: Mimikyu|87/100
|
|t:|1760853741
|switch|p1a: Slowking|Slowking-Galar, F|63/100|[from] Flip Turn
|-damage|p1a: Slowking|51/100|[from] Stealth Rock
|
|-heal|p2a: Mimikyu|93/100|[from] item: Leftovers
|upkeep
|turn|13
|
|t:|1760853746
|-terastallize|p1a: Slowking|Water
|move|p2a: Mimikyu|Shadow Claw|p1a: Slowking
|-damage|p1a: Slowking|13/100
|move|p1a: Slowking|Sludge Bomb|p2a: Mimikyu
|-damage|p2a: Mimikyu|48/100
|-status|p2a: Mimikyu|psn
|
|-heal|p2a: Mimikyu|54/100 psn|[from] item: Leftovers
|-damage|p2a: Mimikyu|42/100 psn|[from] psn
|upkeep
|turn|14
|
|t:|1760853754
|switch|p1a: Alomomola|Alomomola, F|89/100
|-damage|p1a: Alomomola|77/100|[from] Stealth Rock
|move|p2a: Mimikyu|Shadow Claw|p1a: Alomomola
|-damage|p1a: Alomomola|33/100
|
|-heal|p2a: Mimikyu|48/100 psn|[from] item: Leftovers
|-damage|p2a: Mimikyu|36/100 psn|[from] psn
|upkeep
|turn|15
|
|t:|1760853769
|switch|p1a: Lokix|Lokix, F|76/100
|-damage|p1a: Lokix|51/100|[from] Stealth Rock
|move|p2a: Mimikyu|Drain Punch|p1a: Lokix
|-damage|p1a: Lokix|0 fnt
|-heal|p2a: Mimikyu|65/100 psn|[from] drain|[of] p1a: Lokix
|faint|p1a: Lokix
|
|-heal|p2a: Mimikyu|71/100 psn|[from] item: Leftovers
|-damage|p2a: Mimikyu|59/100 psn|[from] psn
|upkeep
|
|t:|1760853776
|switch|p1a: Enamorus|Enamorus, F|100/100
|-damage|p1a: Enamorus|76/100|[from] Stealth Rock
|turn|16
|
|t:|1760853785
|move|p1a: Enamorus|Moonblast|p2a: Mimikyu
|-damage|p2a: Mimikyu|0 fnt
|faint|p2a: Mimikyu
|
|upkeep
|
|t:|1760853789
|switch|p2a: Electrode|Electrode|100/100
|turn|17
|
|t:|1760853795
|switch|p1a: Great Tusk|Great Tusk|100/100
|-damage|p1a: Great Tusk|98/100|[from] Stealth Rock
|switch|p2a: Venusaur|Venusaur, M|100/100
|
|-heal|p1a: Great Tusk|100/100|[from] item: Leftovers
|upkeep
|turn|18
|
|t:|1760853804
|move|p1a: Great Tusk|Earthquake|p2a: Venusaur
|-damage|p2a: Venusaur|53/100
|move|p2a: Venusaur|Leech Seed|p1a: Great Tusk
|-start|p1a: Great Tusk|move: Leech Seed
|
|-heal|p2a: Venusaur|59/100|[from] item: Leftovers
|-damage|p1a: Great Tusk|88/100|[from] Leech Seed|[of] p2a: Venusaur
|-heal|p2a: Venusaur|74/100|[silent]
|upkeep
|turn|19
|
|t:|1760853808
|-end|p1a: Great Tusk|Protosynthesis|[silent]
|switch|p1a: Slowking|Slowking-Galar, F, tera:Water|46/100
|-damage|p1a: Slowking|33/100|[from] Stealth Rock
|move|p2a: Venusaur|Curse|p2a: Venusaur
|-unboost|p2a: Venusaur|spe|1
|-boost|p2a: Venusaur|atk|1
|-boost|p2a: Venusaur|def|1
|
|-heal|p2a: Venusaur|80/100|[from] item: Leftovers
|upkeep
|turn|20
|
|t:|1760853815
|move|p2a: Venusaur|Giga Drain|p1a: Slowking
|-supereffective|p1a: Slowking
|-crit|p1a: Slowking
|-damage|p1a: Slowking|0 fnt
|-heal|p2a: Venusaur|98/100|[from] drain|[of] p1a: Slowking
|faint|p1a: Slowking
|
|-heal|p2a: Venusaur|100/100|[from] item: Leftovers
|upkeep
|
|t:|1760853825
|switch|p1a: Alomomola|Alomomola, F|66/100
|-damage|p1a: Alomomola|53/100|[from] Stealth Rock
|turn|21
|
|t:|1760853831
|move|p2a: Venusaur|Curse|p2a: Venusaur
|-unboost|p2a: Venusaur|spe|1
|-boost|p2a: Venusaur|atk|1
|-boost|p2a: Venusaur|def|1
|move|p1a: Alomomola|Mirror Coat||[still]
|-fail|p1a: Alomomola
|
|upkeep
|turn|22
|
|t:|1760853833
|move|p2a: Venusaur|Curse|p2a: Venusaur
|-unboost|p2a: Venusaur|spe|1
|-boost|p2a: Venusaur|atk|1
|-boost|p2a: Venusaur|def|1
|move|p1a: Alomomola|Mirror Coat||[still]
|-fail|p1a: Alomomola
|
|upkeep
|turn|23
|
|t:|1760853839
|move|p1a: Alomomola|Body Slam|p2a: Venusaur
|-crit|p2a: Venusaur
|-damage|p2a: Venusaur|74/100
|move|p2a: Venusaur|Leech Seed|p1a: Alomomola
|-start|p1a: Alomomola|move: Leech Seed
|
|-heal|p2a: Venusaur|80/100|[from] item: Leftovers
|-damage|p1a: Alomomola|41/100|[from] Leech Seed|[of] p2a: Venusaur
|-heal|p2a: Venusaur|98/100|[silent]
|upkeep
|turn|24
|c|☆charjabugzealot|forfeit
|-message|charjabugzealot forfeited.
|
|win|NoNSket
|raw|charjabugzealot's rating: 1125 &rarr; <strong>1100</strong><br />(-25 for losing)
|raw|NoNSket's rating: 1122 &rarr; <strong>1147</strong><br />(+25 for winning)
|c|☆charjabugzealot|gg
|l|☆charjabugzealot
|player|p1|
|l|☆NoNSket
|player|p2|
|l| toxiccroc12
