|j|☆am2268
|j|☆lxyz098
|t:|1760759908
|gametype|singles
|player|p1|am2268|cynthia-gen4|1148
|player|p2|lxyz098|cynthia|1225
|gen|9
|tier|[Gen 9] OU
|rated|
|rule|HP Percentage Mod: HP is shown in percentages
|rule|Endless Battle Clause: Forcing endless battles is banned
|rule|Species Clause: Limit one of each Pokémon
|rule|OHKO Clause: OHKO moves are banned
|rule|Evasion Items Clause: Evasion items are banned
|rule|Evasion Moves Clause: Evasion moves are banned
|rule|Evasion Abilities Clause: Evasion abilities are banned
|rule|Sleep Moves Clause: Sleep-inducing moves are banned
|clearpoke
|poke|p1|Dragonite, F|
|poke|p1|Cloyster, F|
|poke|p1|Golurk|
|poke|p1|Scizor, M|
|poke|p1|Rotom-Wash|
|poke|p1|Clefable, M|
|poke|p2|Primarina, F|
|poke|p2|Garchomp, M|
|poke|p2|Gardevoir, M|
|poke|p2|Corviknight, M|
|poke|p2|Dragonite, F|
|poke|p2|Gastrodon, F|
|teampreview
|inactive|Battle timer is ON: inactive players will automatically lose when time's up. (requested by am2268)
|
|t:|1760759928
|teamsize|p1|6
|teamsize|p2|6
|start
|switch|p1a: Cloyster|Cloyster, F|100/100
|switch|p2a: Primarina|Primarina, F, shiny|100/100
|turn|1
|
|t:|1760759950
|switch|p1a: Scizor|Scizor, M|100/100
|move|p2a: Primarina|Draining Kiss|p1a: Scizor
|-resisted|p1a: Scizor
|-damage|p1a: Scizor|82/100
|
|upkeep
|turn|2
|
|t:|1760759969
|switch|p2a: Corviknight|Corviknight, M, shiny|100/100
|-ability|p2a: Corviknight|Pressure
|move|p1a: Scizor|U-turn|p2a: Corviknight
|-resisted|p2a: Corviknight
|-damage|p2a: Corviknight|91/100
|-damage|p1a: Scizor|66/100|[from] item: Rocky Helmet|[of] p2a: Corviknight
|
|t:|1760759978
|switch|p1a: Rotom|Rotom-Wash|100/100|[from] U-turn
|
|upkeep
|turn|3
|
|t:|1760759984
|switch|p2a: Gastrodon|Gastrodon, F|100/100
|move|p1a: Rotom|Trick|p2a: Gastrodon
|-activate|p1a: Rotom|move: Trick|[of] p2a: Gastrodon
|-item|p2a: Gastrodon|Choice Specs|[from] move: Trick
|-item|p1a: Rotom|Leftovers|[from] move: Trick
|
|upkeep
|turn|4
|
|t:|1760760005
|switch|p1a: Dragonite|Dragonite, F|100/100
|move|p2a: Gastrodon|Surf|p1a: Dragonite
|-resisted|p1a: Dragonite
|-damage|p1a: Dragonite|83/100
|
|upkeep
|turn|5
|
|t:|1760760014
|-terastallize|p1a: Dragonite|Normal
|move|p1a: Dragonite|Dragon Dance|p1a: Dragonite
|-boost|p1a: Dragonite|atk|1
|-boost|p1a: Dragonite|spe|1
|move|p2a: Gastrodon|Surf|p1a: Dragonite
|-damage|p1a: Dragonite|15/100
|
|upkeep
|turn|6
|
|t:|1760760024
|move|p1a: Dragonite|Extreme Speed|p2a: Gastrodon
|-damage|p2a: Gastrodon|19/100
|move|p2a: Gastrodon|Surf|p1a: Dragonite
|-damage|p1a: Dragonite|0 fnt
|faint|p1a: Dragonite
|
|upkeep
|
|t:|1760760031
|switch|p1a: Cloyster|Cloyster, F|100/100
|turn|7
|
|t:|1760760034
|switch|p2a: Corviknight|Corviknight, M, shiny|91/100
|-ability|p2a: Corviknight|Pressure
|move|p1a: Cloyster|Shell Smash|p1a: Cloyster
|-unboost|p1a: Cloyster|def|1
|-unboost|p1a: Cloyster|spd|1
|-boost|p1a: Cloyster|atk|2
|-boost|p1a: Cloyster|spa|2
|-boost|p1a: Cloyster|spe|2
|
|upkeep
|turn|8
|
|t:|1760760044
|move|p1a: Cloyster|Icicle Spear|p2a: Corviknight
|-damage|p2a: Corviknight|78/100
|-crit|p2a: Corviknight
|-damage|p2a: Corviknight|57/100
|-damage|p2a: Corviknight|44/100
|-damage|p2a: Corviknight|30/100
|-damage|p2a: Corviknight|17/100
|-hitcount|p2a: Corviknight|5
|move|p2a: Corviknight|Iron Defense|p2a: Corviknight
|-boost|p2a: Corviknight|def|2
|
|upkeep
|turn|9
|
|t:|1760760056
|move|p1a: Cloyster|Icicle Spear|p2a: Corviknight
|-damage|p2a: Corviknight|10/100
|-damage|p2a: Corviknight|2/100
|-damage|p2a: Corviknight|0 fnt
|faint|p2a: Corviknight
|-hitcount|p2: Corviknight|3
|
|upkeep
|
|t:|1760760068
|switch|p2a: Primarina|Primarina, F, shiny|100/100
|turn|10
|
|t:|1760760077
|switch|p1a: Clefable|Clefable, M|100/100
|move|p2a: Primarina|Draining Kiss|p1a: Clefable
|-damage|p1a: Clefable|75/100
|
|upkeep
|turn|11
|
|t:|1760760085
|move|p1a: Clefable|Calm Mind|p1a: Clefable
|-boost|p1a: Clefable|spa|1
|-boost|p1a: Clefable|spd|1
|move|p2a: Primarina|Flip Turn|p1a: Clefable
|-damage|p1a: Clefable|59/100
|
|t:|1760760091
|switch|p2a: Dragonite|Dragonite, F|100/100|[from] Flip Turn
|
|upkeep
|turn|12
|
|t:|1760760096
|move|p2a: Dragonite|Encore|p1a: Clefable
|-start|p1a: Clefable|Encore
|move|p1a: Clefable|Calm Mind|p1a: Clefable
|-boost|p1a: Clefable|spa|1
|-boost|p1a: Clefable|spd|1
|
|upkeep
|turn|13
|
|t:|1760760104
|switch|p2a: Garchomp|Garchomp, M, shiny|100/100
|switch|p1a: Rotom|Rotom-Wash|100/100
|
|upkeep
|turn|14
|
|t:|1760760111
|move|p2a: Garchomp|Stealth Rock|p1a: Rotom
|-sidestart|p1: am2268|move: Stealth Rock
|move|p1a: Rotom|Hydro Pump|p2a: Garchomp|[miss]
|-miss|p1a: Rotom|p2a: Garchomp
|
|upkeep
|turn|15
|
|t:|1760760117
|switch|p2a: Gastrodon|Gastrodon, F|19/100
|move|p1a: Rotom|Hydro Pump|p2a: Gastrodon
|-ability|p2a: Gastrodon|Storm Drain|boost
|-boost|p2a: Gastrodon|spa|1
|
|upkeep
|turn|16
|
|t:|1760760128
|move|p1a: Rotom|Tera Blast|p2a: Gastrodon
|-damage|p2a: Gastrodon|0 fnt
|faint|p2a: Gastrodon
|
|upkeep
|
|t:|1760760133
|switch|p2a: Gardevoir|Gardevoir, M, shiny|100/100
|-ability|p2a: Gardevoir|Levitate|Trace|[from] ability: Trace|[of] p1a: Rotom
|turn|17
|
|t:|1760760140
|move|p2a: Gardevoir|Moonblast|p1a: Rotom
|-damage|p1a: Rotom|33/100
|-unboost|p1a: Rotom|spa|1
|move|p1a: Rotom|Volt Switch|p2a: Gardevoir
|-damage|p2a: Gardevoir|80/100
|
|t:|1760760146
|switch|p1a: Scizor|Scizor, M|66/100|[from] Volt Switch
|-damage|p1a: Scizor|54/100|[from] Stealth Rock
|
|upkeep
|turn|18
|
|t:|1760760153
|switch|p2a: Garchomp|Garchomp, M, shiny|100/100
|move|p1a: Scizor|Bullet Punch|p2a: Garchomp
|-damage|p2a: Garchomp|52/100
|-damage|p1a: Scizor|41/100|[from] ability: Rough Skin|[of] p2a: Garchomp
|
|upkeep
|turn|19
|
|t:|1760760165
|move|p1a: Scizor|Bullet Punch|p2a: Garchomp
|-damage|p2a: Garchomp|2/100
|-damage|p1a: Scizor|29/100|[from] ability: Rough Skin|[of] p2a: Garchomp
|move|p2a: Garchomp|Dragon Claw|p1a: Scizor
|-resisted|p1a: Scizor
|-damage|p1a: Scizor|4/100
|-damage|p2a: Garchomp|0 fnt|[from] item: Life Orb
|faint|p2a: Garchomp
|
|upkeep
|
|t:|1760760175
|switch|p2a: Dragonite|Dragonite, F|100/100
|turn|20
|
|t:|1760760178
|move|p1a: Scizor|Bullet Punch|p2a: Dragonite
|-damage|p2a: Dragonite|70/100
|move|p2a: Dragonite|Dragon Dance|p2a: Dragonite
|-boost|p2a: Dragonite|atk|1
|-boost|p2a: Dragonite|spe|1
|
|upkeep
|turn|21
|
|t:|1760760186
|move|p2a: Dragonite|Extreme Speed|p1a: Scizor
|-resisted|p1a: Scizor
|-damage|p1a: Scizor|0 fnt
|faint|p1a: Scizor
|
|upkeep
|
|t:|1760760192
|switch|p1a: Golurk|Golurk|100/100
|-damage|p1a: Golurk|94/100|[from] Stealth Rock
|turn|22
|
|t:|1760760200
|move|p2a: Dragonite|Dragon Claw|p1a: Golurk
|-damage|p1a: Golurk|17/100
|move|p1a: Golurk|Ice Punch|p2a: Dragonite
|-supereffective|p2a: Dragonite
|-crit|p2a: Dragonite
|-damage|p2a: Dragonite|0 fnt
|faint|p2a: Dragonite
|
|upkeep
|
|t:|1760760210
|switch|p2a: Gardevoir|Gardevoir, M, shiny|80/100
|-ability|p2a: Gardevoir|No Guard|Trace|[from] ability: Trace|[of] p1a: Golurk
|turn|23
|
|t:|1760760219
|move|p2a: Gardevoir|Moonblast|p1a: Golurk
|-damage|p1a: Golurk|0 fnt
|faint|p1a: Golurk
|
|upkeep
|
|t:|1760760225
|switch|p1a: Clefable|Clefable, M|59/100
|turn|24
|
|t:|1760760229
|move|p2a: Gardevoir|Moonblast|p1a: Clefable
|-damage|p1a: Clefable|6/100
|move|p1a: Clefable|Moonlight|p1a: Clefable
|-heal|p1a: Clefable|56/100
|
|upkeep
|turn|25
|
|t:|1760760238
|move|p2a: Gardevoir|Moonblast|p1a: Clefable
|-damage|p1a: Clefable|9/100
|move|p1a: Clefable|Moonlight|p1a: Clefable
|-heal|p1a: Clefable|59/100
|
|upkeep
|turn|26
|
|t:|1760760248
|move|p2a: Gardevoir|Moonblast|p1a: Clefable
|-damage|p1a: Clefable|13/100
|move|p1a: Clefable|Moonblast|p2a: Gardevoir
|-damage|p2a: Gardevoir|29/100
|
|upkeep
|turn|27
|
|t:|1760760255
|move|p2a: Gardevoir|Moonblast|p1a: Clefable
|-damage|p1a: Clefable|0 fnt
|faint|p1a: Clefable
|
|upkeep
|
|t:|1760760259
|switch|p1a: Cloyster|Cloyster, F|100/100
|-damage|p1a: Cloyster|76/100|[from] Stealth Rock
|turn|28
|
|t:|1760760264
|-terastallize|p2a: Gardevoir|Stellar
|move|p2a: Gardevoir|Moonblast|p1a: Cloyster
|-damage|p1a: Cloyster|0 fnt
|faint|p1a: Cloyster
|
|upkeep
|
|t:|1760760269
|switch|p1a: Rotom|Rotom-Wash|33/100
|-damage|p1a: Rotom|21/100|[from] Stealth Rock
|turn|29
|
|t:|1760760273
|move|p2a: Gardevoir|Moonblast|p1a: Rotom
|-damage|p1a: Rotom|0 fnt
|faint|p1a: Rotom
|
|win|lxyz098
|raw|am2268's rating: 1148 &rarr; <strong>1128</strong><br />(-20 for losing)
|raw|lxyz098's rating: 1225 &rarr; <strong>1245</strong><br />(+20 for winning)
|l|☆lxyz098
|player|p2|
|l|☆am2268
|player|p1|
