|j|☆panzershock
|j|☆Sarim_malik_
|t:|1760877013
|gametype|singles
|player|p1|panzershock|265|1147
|player|p2|Sarim_malik_|red|1162
|gen|9
|tier|[Gen 9] OU
|rated|
|rule|HP Percentage Mod: HP is shown in percentages
|rule|Endless Battle Clause: Forcing endless battles is banned
|rule|Species Clause: Limit one of each Pokémon
|rule|OHKO Clause: OHKO moves are banned
|rule|Evasion Items Clause: Evasion items are banned
|rule|Evasion Moves Clause: Evasion moves are banned
|rule|Evasion Abilities Clause: Evasion abilities are banned
|rule|Sleep Moves Clause: Sleep-inducing moves are banned
|clearpoke
|poke|p1|Breloom, F|
|poke|p1|Avalugg-Hisui, F|
|poke|p1|Ursaluna, F|
|poke|p1|Ariados, F|
|poke|p1|Porygon-Z|
|poke|p1|Murkrow, F|
|poke|p2|Jolteon, M|
|poke|p2|Rillaboom, M|
|poke|p2|Charizard, M|
|poke|p2|Quaquaval, M|
|poke|p2|Krookodile, M|
|poke|p2|Dragapult, M|
|teampreview
|inactive|Battle timer is ON: inactive players will automatically lose when time's up. (requested by Sarim_malik_)
|
|t:|1760877026
|teamsize|p1|6
|teamsize|p2|6
|start
|switch|p1a: Ariados|Ariados, F|100/100
|switch|p2a: Zape|Jolteon, M|100/100
|turn|1
|
|t:|1760877034
|move|p2a: Zape|Volt Switch|p1a: Ariados
|-damage|p1a: Ariados|25/100
|
|t:|1760877050
|switch|p2a: Donaldo|Quaquaval, M|100/100|[from] Volt Switch
|move|p1a: Ariados|Sticky Web|p2a: Donaldo
|-sidestart|p2: Sarim_malik_|move: Sticky Web
|
|upkeep
|turn|2
|
|t:|1760877056
|switch|p1a: Murkrow|Murkrow, F|100/100
|move|p2a: Donaldo|Rapid Spin|p1a: Murkrow
|-damage|p1a: Murkrow|64/100
|-boost|p2a: Donaldo|spe|1
|-sideend|p2: Sarim_malik_|Sticky Web|[from] move: Rapid Spin|[of] p2a: Donaldo
|
|upkeep
|turn|3
|
|t:|1760877064
|move|p1a: Murkrow|Thunder Wave|p2a: Donaldo
|-status|p2a: Donaldo|par
|move|p2a: Donaldo|Wave Crash|p1a: Murkrow
|-damage|p1a: Murkrow|0 fnt
|faint|p1a: Murkrow
|-ability|p2a: Donaldo|Moxie|boost
|-boost|p2a: Donaldo|atk|1
|-damage|p2a: Donaldo|79/100 par|[from] Recoil
|
|-heal|p2a: Donaldo|85/100 par|[from] item: Leftovers
|upkeep
|
|t:|1760877075
|switch|p1a: Porygon-Z|Porygon-Z|100/100
|-ability|p1a: Porygon-Z|Download|boost
|-boost|p1a: Porygon-Z|spa|1
|turn|4
|
|t:|1760877091
|move|p1a: Porygon-Z|Discharge|p2a: Donaldo
|-supereffective|p2a: Donaldo
|-damage|p2a: Donaldo|0 fnt
|faint|p2a: Donaldo
|
|upkeep
|
|t:|1760877094
|switch|p2a: Krok|Krookodile, M|100/100
|turn|5
|
|t:|1760877102
|-terastallize|p1a: Porygon-Z|Water
|move|p2a: Krok|Close Combat|p1a: Porygon-Z
|-damage|p1a: Porygon-Z|25/100
|-unboost|p2a: Krok|def|1
|-unboost|p2a: Krok|spd|1
|move|p1a: Porygon-Z|Tera Blast|p2a: Krok|[anim] Tera Blast Water
|-supereffective|p2a: Krok
|-damage|p2a: Krok|0 fnt
|faint|p2a: Krok
|
|upkeep
|
|t:|1760877121
|switch|p2a: Monke|Rillaboom, M|100/100
|-fieldstart|move: Grassy Terrain|[from] ability: Grassy Surge|[of] p2a: Monke
|turn|6
|
|t:|1760877128
|switch|p1a: Ariados|Ariados, F|25/100
|-terastallize|p2a: Monke|Grass
|move|p2a: Monke|Grassy Glide|p1a: Ariados
|-resisted|p1a: Ariados
|-damage|p1a: Ariados|0 fnt
|faint|p1a: Ariados
|
|upkeep
|
|t:|1760877136
|switch|p1a: Avalugg|Avalugg-Hisui, F|100/100
|turn|7
|
|t:|1760877140
|switch|p2a: Zape|Jolteon, M|100/100
|move|p1a: Avalugg|Icicle Spear|p2a: Zape
|-damage|p2a: Zape|74/100
|-damage|p2a: Zape|47/100
|-damage|p2a: Zape|20/100
|-damage|p2a: Zape|0 fnt
|faint|p2a: Zape
|-hitcount|p2: Zape|4
|
|upkeep
|
|t:|1760877145
|switch|p2a: Ignell|Charizard, M|100/100
|turn|8
|
|t:|1760877151
|switch|p1a: Ursaluna|Ursaluna, F|100/100
|move|p2a: Ignell|Fire Blast|p1a: Ursaluna|[miss]
|-miss|p2a: Ignell|p1a: Ursaluna
|
|upkeep
|turn|9
|
|t:|1760877161
|move|p2a: Ignell|Focus Blast|p1a: Ursaluna
|-supereffective|p1a: Ursaluna
|-damage|p1a: Ursaluna|31/100
|-damage|p2a: Ignell|91/100|[from] item: Life Orb
|move|p1a: Ursaluna|Supercell Slam|p2a: Ignell
|-supereffective|p2a: Ignell
|-crit|p2a: Ignell
|-damage|p2a: Ignell|0 fnt
|faint|p2a: Ignell
|
|-heal|p1a: Ursaluna|37/100|[from] Grassy Terrain
|upkeep
|
|t:|1760877164
|switch|p2a: Monke|Rillaboom, M, tera:Grass|100/100
|turn|10
|
|t:|1760877174
|move|p2a: Monke|Grassy Glide|p1a: Ursaluna
|-supereffective|p1a: Ursaluna
|-damage|p1a: Ursaluna|0 fnt
|faint|p1a: Ursaluna
|
|-fieldend|move: Grassy Terrain
|upkeep
|
|t:|1760877179
|switch|p1a: Porygon-Z|Porygon-Z, tera:Water|25/100
|-ability|p1a: Porygon-Z|Download|boost
|-boost|p1a: Porygon-Z|spa|1
|turn|11
|
|t:|1760877184
|switch|p2a: Draco|Dragapult, M|100/100
|move|p1a: Porygon-Z|Ice Beam|p2a: Draco
|-supereffective|p2a: Draco
|-damage|p2a: Draco|0 fnt
|faint|p2a: Draco
|
|upkeep
|
|t:|1760877189
|switch|p2a: Monke|Rillaboom, M, tera:Grass|100/100
|-fieldstart|move: Grassy Terrain|[from] ability: Grassy Surge|[of] p2a: Monke
|turn|12
|
|t:|1760877192
|move|p2a: Monke|Grassy Glide|p1a: Porygon-Z
|-supereffective|p1a: Porygon-Z
|-damage|p1a: Porygon-Z|0 fnt
|faint|p1a: Porygon-Z
|
|upkeep
|
|t:|1760877194
|switch|p1a: Avalugg|Avalugg-Hisui, F|100/100
|turn|13
|
|t:|1760877197
|move|p2a: Monke|Grassy Glide|p1a: Avalugg
|-supereffective|p1a: Avalugg
|-damage|p1a: Avalugg|12/100
|move|p1a: Avalugg|Icicle Spear|p2a: Monke
|-supereffective|p2a: Monke
|-damage|p2a: Monke|71/100
|-supereffective|p2a: Monke
|-damage|p2a: Monke|41/100
|-supereffective|p2a: Monke
|-damage|p2a: Monke|10/100
|-supereffective|p2a: Monke
|-damage|p2a: Monke|0 fnt
|faint|p2a: Monke
|-hitcount|p2: Monke|4
|
|win|panzershock
|raw|panzershock's rating: 1147 &rarr; <strong>1172</strong><br />(+25 for winning)
|raw|Sarim_malik_'s rating: 1142 &rarr; <strong>1117</strong><br />(-25 for losing)
|l|☆Sarim_malik_
|player|p2|
|l|☆panzershock
|player|p1|
