|j|☆hacksareus10
|j|☆chungikus
|t:|1760779164
|gametype|singles
|player|p1|hacksareus10|101|1350
|player|p2|chungikus|266|1409
|gen|9
|tier|[Gen 9] OU
|rated|
|rule|HP Percentage Mod: HP is shown in percentages
|rule|Endless Battle Clause: Forcing endless battles is banned
|rule|Species Clause: Limit one of each Pokémon
|rule|OHKO Clause: OHKO moves are banned
|rule|Evasion Items Clause: Evasion items are banned
|rule|Evasion Moves Clause: Evasion moves are banned
|rule|Evasion Abilities Clause: Evasion abilities are banned
|rule|Sleep Moves Clause: Sleep-inducing moves are banned
|clearpoke
|poke|p1|Walking Wake|
|poke|p1|Ninetales, F|
|poke|p1|Corviknight, F|
|poke|p1|Landorus-Therian, M|
|poke|p1|Armarouge, F|
|poke|p1|Arboliva, F|
|poke|p2|Kingambit, M|
|poke|p2|Great Tusk|
|poke|p2|Ting-Lu|
|poke|p2|Gholdengo|
|poke|p2|Dragapult, M|
|poke|p2|Clodsire, M|
|teampreview
|inactive|Battle timer is ON: inactive players will automatically lose when time's up. (requested by hacksareus10)
|
|t:|1760779177
|teamsize|p1|6
|teamsize|p2|6
|start
|switch|p1a: Landorus|Landorus-Therian, M|100/100
|switch|p2a: Ting-Lu|Ting-Lu|100/100
|-ability|p1a: Landorus|Intimidate|boost
|-unboost|p2a: Ting-Lu|atk|1
|-ability|p2a: Ting-Lu|Vessel of Ruin
|turn|1
|
|t:|1760779186
|move|p1a: Landorus|Taunt|p2a: Ting-Lu
|-start|p2a: Ting-Lu|move: Taunt
|move|p2a: Ting-Lu|Payback|p1a: Landorus
|-damage|p1a: Landorus|73/100
|
|upkeep
|turn|2
|
|t:|1760779193
|switch|p1a: Corviknight|Corviknight, F|100/100
|-ability|p1a: Corviknight|Pressure
|switch|p2a: Gholdengo|Gholdengo|100/100
|
|upkeep
|turn|3
|
|t:|1760779202
|move|p2a: Gholdengo|Shadow Ball|p1a: Corviknight
|-damage|p1a: Corviknight|62/100
|move|p1a: Corviknight|U-turn|p2a: Gholdengo
|-resisted|p2a: Gholdengo
|-damage|p2a: Gholdengo|97/100
|
|t:|1760779217
|switch|p1a: Landorus|Landorus-Therian, M|73/100|[from] U-turn
|-ability|p1a: Landorus|Intimidate|boost
|-unboost|p2a: Gholdengo|atk|1
|
|-heal|p2a: Gholdengo|100/100|[from] item: Leftovers
|upkeep
|turn|4
|
|t:|1760779226
|switch|p2a: Great Tusk|Great Tusk|100/100
|move|p1a: Landorus|Earthquake|p2a: Great Tusk
|-damage|p2a: Great Tusk|71/100
|
|upkeep
|turn|5
|
|t:|1760779233
|switch|p1a: Armarouge|Armarouge, F|100/100
|move|p2a: Great Tusk|Stealth Rock|p1a: Armarouge
|-sidestart|p1: hacksareus10|move: Stealth Rock
|
|upkeep
|turn|6
|
|t:|1760779242
|switch|p1a: Corviknight|Corviknight, F|62/100
|-damage|p1a: Corviknight|49/100|[from] Stealth Rock
|-ability|p1a: Corviknight|Pressure
|-end|p2a: Great Tusk|Protosynthesis|[silent]
|switch|p2a: Ting-Lu|Ting-Lu|100/100
|-ability|p2a: Ting-Lu|Vessel of Ruin
|
|upkeep
|turn|7
|
|t:|1760779252
|switch|p2a: Dragapult|Dragapult, M|100/100
|move|p1a: Corviknight|Roost|p1a: Corviknight
|-heal|p1a: Corviknight|99/100
|-singleturn|p1a: Corviknight|move: Roost
|
|upkeep
|turn|8
|
|t:|1760779261
|move|p2a: Dragapult|Shadow Ball|p1a: Corviknight
|-damage|p1a: Corviknight|52/100
|move|p1a: Corviknight|U-turn|p2a: Dragapult
|-resisted|p2a: Dragapult
|-damage|p2a: Dragapult|91/100
|
|t:|1760779274
|switch|p1a: Arboliva|Arboliva, F|100/100|[from] U-turn
|-damage|p1a: Arboliva|88/100|[from] Stealth Rock
|
|upkeep
|turn|9
|
|t:|1760779281
|switch|p2a: Gholdengo|Gholdengo|100/100
|move|p1a: Arboliva|Substitute|p1a: Arboliva
|-start|p1a: Arboliva|Substitute
|-damage|p1a: Arboliva|63/100
|
|upkeep
|turn|10
|
|t:|1760779288
|-terastallize|p1a: Arboliva|Ghost
|move|p2a: Gholdengo|Dazzling Gleam|p1a: Arboliva
|-activate|p1a: Arboliva|move: Substitute|[damage]
|move|p1a: Arboliva|Tera Blast|p2a: Gholdengo|[anim] Tera Blast Ghost
|-supereffective|p2a: Gholdengo
|-crit|p2a: Gholdengo
|-damage|p2a: Gholdengo|0 fnt
|faint|p2a: Gholdengo
|
|upkeep
|
|t:|1760779294
|switch|p2a: Kingambit|Kingambit, M|100/100
|-activate|p2a: Kingambit|ability: Supreme Overlord
|-start|p2a: Kingambit|fallen1|[silent]
|turn|11
|
|t:|1760779304
|move|p2a: Kingambit|Kowtow Cleave|p1a: Arboliva
|-supereffective|p1a: Arboliva
|-end|p1a: Arboliva|Substitute
|move|p1a: Arboliva|Leech Seed|p2a: Kingambit
|-start|p2a: Kingambit|move: Leech Seed
|
|-damage|p2a: Kingambit|88/100|[from] Leech Seed|[of] p1a: Arboliva
|-heal|p1a: Arboliva|75/100|[silent]
|upkeep
|turn|12
|
|t:|1760779313
|move|p1a: Arboliva|Protect|p1a: Arboliva
|-singleturn|p1a: Arboliva|Protect
|move|p2a: Kingambit|Kowtow Cleave|p1a: Arboliva
|-activate|p1a: Arboliva|move: Protect
|
|-damage|p2a: Kingambit|76/100|[from] Leech Seed|[of] p1a: Arboliva
|-heal|p1a: Arboliva|87/100|[silent]
|upkeep
|turn|13
|
|t:|1760779328
|-end|p2a: Kingambit|fallen1|[silent]
|switch|p2a: Dragapult|Dragapult, M|91/100
|switch|p1a: Corviknight|Corviknight, F|52/100
|-damage|p1a: Corviknight|39/100|[from] Stealth Rock
|-ability|p1a: Corviknight|Pressure
|
|upkeep
|turn|14
|
|t:|1760779337
|move|p2a: Dragapult|Shadow Ball|p1a: Corviknight
|-damage|p1a: Corviknight|0 fnt
|faint|p1a: Corviknight
|
|upkeep
|
|t:|1760779349
|switch|p1a: Ninetales|Ninetales, F|100/100
|-damage|p1a: Ninetales|76/100|[from] Stealth Rock
|-weather|SunnyDay|[from] ability: Drought|[of] p1a: Ninetales
|turn|15
|
|t:|1760779362
|move|p2a: Dragapult|Shadow Ball|p1a: Ninetales
|-damage|p1a: Ninetales|23/100
|move|p1a: Ninetales|Healing Wish|p1a: Ninetales
|faint|p1a: Ninetales
|
|-weather|SunnyDay|[upkeep]
|upkeep
|
|t:|1760779369
|switch|p1a: Walking Wake|Walking Wake|100/100
|-damage|p1a: Walking Wake|88/100|[from] Stealth Rock
|-activate|p1a: Walking Wake|ability: Protosynthesis
|-start|p1a: Walking Wake|protosynthesisspe
|turn|16
|
|t:|1760779375
|switch|p2a: Clodsire|Clodsire, M|100/100
|move|p1a: Walking Wake|Draco Meteor|p2a: Clodsire
|-crit|p2a: Clodsire
|-damage|p2a: Clodsire|23/100
|-unboost|p1a: Walking Wake|spa|2
|
|-weather|SunnyDay|[upkeep]
|upkeep
|turn|17
|
|t:|1760779387
|switch|p2a: Kingambit|Kingambit, M|76/100
|-activate|p2a: Kingambit|ability: Supreme Overlord
|-start|p2a: Kingambit|fallen1|[silent]
|move|p1a: Walking Wake|Draco Meteor|p2a: Kingambit|[miss]
|-miss|p1a: Walking Wake|p2a: Kingambit
|
|-weather|SunnyDay|[upkeep]
|upkeep
|turn|18
|
|t:|1760779398
|-end|p1a: Walking Wake|Protosynthesis|[silent]
|switch|p1a: Armarouge|Armarouge, F|100/100
|-damage|p1a: Armarouge|76/100|[from] Stealth Rock
|move|p2a: Kingambit|Kowtow Cleave|p1a: Armarouge
|-supereffective|p1a: Armarouge
|-damage|p1a: Armarouge|0 fnt
|faint|p1a: Armarouge
|
|-weather|SunnyDay|[upkeep]
|upkeep
|
|t:|1760779409
|switch|p1a: Landorus|Landorus-Therian, M|73/100
|-heal|p1a: Landorus|100/100|[from] move: Healing Wish
|-damage|p1a: Landorus|88/100|[from] Stealth Rock
|-ability|p1a: Landorus|Intimidate|boost
|-unboost|p2a: Kingambit|atk|1
|turn|19
|
|t:|1760779416
|-end|p2a: Kingambit|fallen1|[silent]
|switch|p2a: Great Tusk|Great Tusk|71/100
|-activate|p2a: Great Tusk|ability: Protosynthesis
|-start|p2a: Great Tusk|protosynthesisdef
|move|p1a: Landorus|Earthquake|p2a: Great Tusk
|-damage|p2a: Great Tusk|50/100
|
|-weather|SunnyDay|[upkeep]
|upkeep
|turn|20
|
|t:|1760779428
|switch|p1a: Arboliva|Arboliva, F, tera:Ghost|87/100
|-damage|p1a: Arboliva|74/100|[from] Stealth Rock
|move|p2a: Great Tusk|Ice Spinner|p1a: Arboliva
|-damage|p1a: Arboliva|54/100
|
|-weather|SunnyDay|[upkeep]
|upkeep
|turn|21
|
|t:|1760779439
|-end|p2a: Great Tusk|Protosynthesis|[silent]
|switch|p2a: Kingambit|Kingambit, M|76/100
|-activate|p2a: Kingambit|ability: Supreme Overlord
|-start|p2a: Kingambit|fallen1|[silent]
|move|p1a: Arboliva|Substitute|p1a: Arboliva
|-start|p1a: Arboliva|Substitute
|-damage|p1a: Arboliva|29/100
|-enditem|p1a: Arboliva|Sitrus Berry|[eat]
|-heal|p1a: Arboliva|54/100|[from] item: Sitrus Berry
|
|-weather|SunnyDay|[upkeep]
|-item|p1a: Arboliva|Sitrus Berry|[from] ability: Harvest
|upkeep
|turn|22
|
|t:|1760779451
|move|p2a: Kingambit|Kowtow Cleave|p1a: Arboliva
|-supereffective|p1a: Arboliva
|-end|p1a: Arboliva|Substitute
|move|p1a: Arboliva|Leech Seed|p2a: Kingambit
|-start|p2a: Kingambit|move: Leech Seed
|
|-weather|none
|-damage|p2a: Kingambit|64/100|[from] Leech Seed|[of] p1a: Arboliva
|-heal|p1a: Arboliva|66/100|[silent]
|upkeep
|turn|23
|
|t:|1760779462
|move|p2a: Kingambit|Kowtow Cleave|p1a: Arboliva
|-supereffective|p1a: Arboliva
|-damage|p1a: Arboliva|0 fnt
|faint|p1a: Arboliva
|
|upkeep
|
|t:|1760779470
|switch|p1a: Landorus|Landorus-Therian, M|88/100
|-damage|p1a: Landorus|75/100|[from] Stealth Rock
|-ability|p1a: Landorus|Intimidate|boost
|-unboost|p2a: Kingambit|atk|1
|turn|24
|
|t:|1760779476
|-end|p2a: Kingambit|fallen1|[silent]
|switch|p2a: Ting-Lu|Ting-Lu|100/100
|-ability|p2a: Ting-Lu|Vessel of Ruin
|move|p1a: Landorus|Earthquake|p2a: Ting-Lu
|-damage|p2a: Ting-Lu|65/100
|
|-heal|p2a: Ting-Lu|72/100|[from] item: Leftovers
|upkeep
|turn|25
|
|t:|1760779486
|move|p1a: Landorus|Earthquake|p2a: Ting-Lu
|-damage|p2a: Ting-Lu|37/100
|move|p2a: Ting-Lu|Payback|p1a: Landorus
|-damage|p1a: Landorus|34/100
|
|-heal|p2a: Ting-Lu|43/100|[from] item: Leftovers
|upkeep
|turn|26
|
|t:|1760779494
|move|p1a: Landorus|Earthquake|p2a: Ting-Lu
|-damage|p2a: Ting-Lu|9/100
|move|p2a: Ting-Lu|Payback|p1a: Landorus
|-damage|p1a: Landorus|0 fnt
|faint|p1a: Landorus
|
|-heal|p2a: Ting-Lu|15/100|[from] item: Leftovers
|upkeep
|l|☆hacksareus10
|inactive|hacksareus10 disconnected and has a minute to reconnect!
|player|p1|
|c|☆chungikus|gg
|inactive|hacksareus10 has 30 seconds to reconnect!
|inactive|hacksareus10 has 20 seconds to reconnect!
|inactive|hacksareus10 has 15 seconds to reconnect!
|inactive|hacksareus10 has 10 seconds to reconnect!
|inactive|hacksareus10 has 5 seconds to reconnect!
|-message|hacksareus10 lost due to inactivity.
|
|win|chungikus
|raw|hacksareus10's rating: 1350 &rarr; <strong>1333</strong><br />(-17 for losing)
|raw|chungikus's rating: 1409 &rarr; <strong>1426</strong><br />(+17 for winning)
|l|☆chungikus
|player|p2|
