|j|☆FlyWhiteGuy
|j|☆uubvg08hg098
|t:|1760847355
|gametype|singles
|player|p1|FlyWhiteGuy|whitney|1178
|player|p2|uubvg08hg098|266|1168
|gen|9
|tier|[Gen 9] OU
|rated|
|rule|HP Percentage Mod: HP is shown in percentages
|rule|Endless Battle Clause: Forcing endless battles is banned
|rule|Species Clause: Limit one of each Pokémon
|rule|OHKO Clause: OHKO moves are banned
|rule|Evasion Items Clause: Evasion items are banned
|rule|Evasion Moves Clause: Evasion moves are banned
|rule|Evasion Abilities Clause: Evasion abilities are banned
|rule|Sleep Moves Clause: Sleep-inducing moves are banned
|clearpoke
|poke|p1|Ninetales-Alola, M|
|poke|p1|Kyurem|
|poke|p1|Kingambit, M|
|poke|p1|Great Tusk|
|poke|p1|Gholdengo|
|poke|p1|Cloyster, M|
|poke|p2|Sableye, M|
|poke|p2|Frosmoth, M|
|poke|p2|Moltres|
|poke|p2|Toxapex, M|
|poke|p2|Meowscarada, M|
|poke|p2|Haxorus, F|
|teampreview
|
|t:|1760847363
|teamsize|p1|6
|teamsize|p2|6
|start
|switch|p1a: Ninetales|Ninetales-Alola, M|100/100
|switch|p2a: Meowscarada|Meowscarada, M|100/100
|-weather|Snowscape|[from] ability: Snow Warning|[of] p1a: Ninetales
|turn|1
|
|t:|1760847370
|move|p2a: Meowscarada|Trick|p1a: Ninetales
|-start|p2a: Meowscarada|typechange|Psychic|[from] ability: Protean
|-activate|p2a: Meowscarada|move: Trick|[of] p1a: Ninetales
|-item|p1a: Ninetales|Choice Scarf|[from] move: Trick
|-item|p2a: Meowscarada|Light Clay|[from] move: Trick
|move|p1a: Ninetales|Aurora Veil|p1a: Ninetales
|-sidestart|p1: FlyWhiteGuy|move: Aurora Veil
|
|-weather|Snowscape|[upkeep]
|upkeep
|turn|2
|
|t:|1760847386
|switch|p1a: Kyurem|Kyurem|100/100
|-ability|p1a: Kyurem|Pressure
|switch|p2a: Moltres|Moltres|100/100
|
|-weather|Snowscape|[upkeep]
|upkeep
|turn|3
|
|t:|1760847394
|move|p1a: Kyurem|Dragon Dance|p1a: Kyurem
|-boost|p1a: Kyurem|atk|1
|-boost|p1a: Kyurem|spe|1
|move|p2a: Moltres|U-turn|p1a: Kyurem
|-damage|p1a: Kyurem|95/100
|
|t:|1760847400
|switch|p2a: Sableye|Sableye, M|100/100|[from] U-turn
|
|-weather|Snowscape|[upkeep]
|upkeep
|turn|4
|
|t:|1760847409
|move|p2a: Sableye|Encore|p1a: Kyurem
|-start|p1a: Kyurem|Encore
|move|p1a: Kyurem|Dragon Dance|p1a: Kyurem
|-boost|p1a: Kyurem|atk|1
|-boost|p1a: Kyurem|spe|1
|
|-weather|Snowscape|[upkeep]
|upkeep
|turn|5
|
|t:|1760847418
|switch|p1a: Great Tusk|Great Tusk|100/100
|move|p2a: Sableye|Substitute|p2a: Sableye
|-start|p2a: Sableye|Substitute
|-damage|p2a: Sableye|76/100
|
|-weather|none
|-heal|p2a: Sableye|82/100|[from] item: Leftovers
|-sideend|p1: FlyWhiteGuy|move: Aurora Veil
|upkeep
|turn|6
|
|t:|1760847426
|move|p1a: Great Tusk|Headlong Rush|p2a: Sableye
|-end|p2a: Sableye|Substitute
|-unboost|p1a: Great Tusk|def|1
|-unboost|p1a: Great Tusk|spd|1
|move|p2a: Sableye|Night Shade|p1a: Great Tusk
|-damage|p1a: Great Tusk|74/100
|
|-heal|p2a: Sableye|88/100|[from] item: Leftovers
|upkeep
|turn|7
|
|t:|1760847438
|switch|p2a: Moltres|Moltres|100/100
|move|p1a: Great Tusk|Stealth Rock|p2a: Moltres
|-sidestart|p2: uubvg08hg098|move: Stealth Rock
|
|upkeep
|turn|8
|
|t:|1760847455
|-end|p1a: Great Tusk|Protosynthesis|[silent]
|switch|p1a: Cloyster|Cloyster, M|100/100
|move|p2a: Moltres|Flamethrower|p1a: Cloyster
|-damage|p1a: Cloyster|0 fnt
|faint|p1a: Cloyster
|
|upkeep
|
|t:|1760847467
|switch|p1a: Ninetales|Ninetales-Alola, M|100/100
|-weather|Snowscape|[from] ability: Snow Warning|[of] p1a: Ninetales
|turn|9
|
|t:|1760847475
|move|p1a: Ninetales|Aurora Veil|p1a: Ninetales
|-sidestart|p1: FlyWhiteGuy|move: Aurora Veil
|move|p2a: Moltres|Flamethrower|p1a: Ninetales
|-supereffective|p1a: Ninetales
|-damage|p1a: Ninetales|62/100
|
|-weather|Snowscape|[upkeep]
|upkeep
|turn|10
|
|t:|1760847491
|switch|p1a: Kyurem|Kyurem|95/100
|-ability|p1a: Kyurem|Pressure
|move|p2a: Moltres|Flamethrower|p1a: Kyurem
|-damage|p1a: Kyurem|77/100
|-status|p1a: Kyurem|brn
|
|-weather|Snowscape|[upkeep]
|-damage|p1a: Kyurem|71/100 brn|[from] brn
|upkeep
|turn|11
|
|t:|1760847509
|move|p1a: Kyurem|Freeze-Dry|p2a: Moltres
|-damage|p2a: Moltres|67/100
|-status|p2a: Moltres|frz
|cant|p2a: Moltres|frz
|
|-weather|Snowscape|[upkeep]
|-damage|p1a: Kyurem|65/100 brn|[from] brn
|upkeep
|turn|12
|
|t:|1760847517
|switch|p2a: Frosmoth|Frosmoth, M|100/100
|move|p1a: Kyurem|Freeze-Dry|p2a: Frosmoth
|-resisted|p2a: Frosmoth
|-damage|p2a: Frosmoth|91/100
|
|-weather|Snowscape|[upkeep]
|-damage|p1a: Kyurem|59/100 brn|[from] brn
|upkeep
|turn|13
|
|t:|1760847538
|switch|p1a: Gholdengo|Gholdengo|100/100
|-item|p1a: Gholdengo|Air Balloon
|move|p2a: Frosmoth|Quiver Dance|p2a: Frosmoth
|-boost|p2a: Frosmoth|spa|1
|-boost|p2a: Frosmoth|spd|1
|-boost|p2a: Frosmoth|spe|1
|
|-weather|none
|-sideend|p1: FlyWhiteGuy|move: Aurora Veil
|upkeep
|turn|14
|
|t:|1760847552
|-terastallize|p2a: Frosmoth|Ground
|move|p2a: Frosmoth|Ice Beam|p1a: Gholdengo
|-resisted|p1a: Gholdengo
|-damage|p1a: Gholdengo|55/100
|-enditem|p1a: Gholdengo|Air Balloon
|move|p1a: Gholdengo|Nasty Plot|p1a: Gholdengo
|-boost|p1a: Gholdengo|spa|2
|
|upkeep
|turn|15
|
|t:|1760847563
|move|p2a: Frosmoth|Tera Blast|p1a: Gholdengo|[anim] Tera Blast Ground
|-supereffective|p1a: Gholdengo
|-damage|p1a: Gholdengo|0 fnt
|faint|p1a: Gholdengo
|
|upkeep
|
|t:|1760847576
|switch|p1a: Great Tusk|Great Tusk|74/100
|turn|16
|
|t:|1760847585
|-terastallize|p1a: Great Tusk|Steel
|move|p2a: Frosmoth|Substitute|p2a: Frosmoth
|-start|p2a: Frosmoth|Substitute
|-damage|p2a: Frosmoth|66/100
|move|p1a: Great Tusk|Rapid Spin|p2a: Frosmoth
|-end|p2a: Frosmoth|Substitute
|-boost|p1a: Great Tusk|spe|1
|
|upkeep
|turn|17
|
|t:|1760847593
|move|p1a: Great Tusk|Ice Spinner|p2a: Frosmoth
|-supereffective|p2a: Frosmoth
|-damage|p2a: Frosmoth|0 fnt
|faint|p2a: Frosmoth
|
|upkeep
|
|t:|1760847603
|switch|p2a: Sableye|Sableye, M|88/100
|-damage|p2a: Sableye|75/100|[from] Stealth Rock
|turn|18
|
|t:|1760847610
|move|p2a: Sableye|Substitute|p2a: Sableye
|-start|p2a: Sableye|Substitute
|-damage|p2a: Sableye|51/100
|move|p1a: Great Tusk|Headlong Rush|p2a: Sableye
|-crit|p2a: Sableye
|-end|p2a: Sableye|Substitute
|-unboost|p1a: Great Tusk|def|1
|-unboost|p1a: Great Tusk|spd|1
|
|-heal|p2a: Sableye|57/100|[from] item: Leftovers
|upkeep
|turn|19
|
|t:|1760847622
|move|p2a: Sableye|Encore|p1a: Great Tusk
|-start|p1a: Great Tusk|Encore
|move|p1a: Great Tusk|Headlong Rush|p2a: Sableye
|-damage|p2a: Sableye|0 fnt
|-unboost|p1a: Great Tusk|def|1
|-unboost|p1a: Great Tusk|spd|1
|faint|p2a: Sableye
|
|upkeep
|
|t:|1760847630
|switch|p2a: Meowscarada|Meowscarada, M|100/100
|-damage|p2a: Meowscarada|88/100|[from] Stealth Rock
|turn|20
|
|t:|1760847640
|move|p1a: Great Tusk|Headlong Rush|p2a: Meowscarada
|-resisted|p2a: Meowscarada
|-damage|p2a: Meowscarada|37/100
|-unboost|p1a: Great Tusk|def|1
|-unboost|p1a: Great Tusk|spd|1
|move|p2a: Meowscarada|Triple Axel|p1a: Great Tusk
|-start|p2a: Meowscarada|typechange|Ice|[from] ability: Protean
|-resisted|p1a: Great Tusk
|-damage|p1a: Great Tusk|64/100
|-damage|p2a: Meowscarada|21/100|[from] item: Rocky Helmet|[of] p1a: Great Tusk
|-resisted|p1a: Great Tusk
|-damage|p1a: Great Tusk|44/100
|-damage|p2a: Meowscarada|4/100|[from] item: Rocky Helmet|[of] p1a: Great Tusk
|-resisted|p1a: Great Tusk
|-damage|p1a: Great Tusk|15/100
|-damage|p2a: Meowscarada|0 fnt|[from] item: Rocky Helmet|[of] p1a: Great Tusk
|faint|p2a: Meowscarada
|-hitcount|p1a: Great Tusk|3
|
|upkeep
|
|t:|1760847661
|switch|p2a: Moltres|Moltres|67/100 frz
|turn|21
|
|t:|1760847673
|-end|p1a: Great Tusk|Protosynthesis|[silent]
|switch|p1a: Kingambit|Kingambit, M|100/100
|-activate|p1a: Kingambit|ability: Supreme Overlord
|-start|p1a: Kingambit|fallen2|[silent]
|cant|p2a: Moltres|frz
|
|upkeep
|turn|22
|
|t:|1760847681
|cant|p2a: Moltres|frz
|move|p1a: Kingambit|Kowtow Cleave|p2a: Moltres
|-damage|p2a: Moltres|28/100 frz
|
|upkeep
|turn|23
|
|t:|1760847688
|-curestatus|p2a: Moltres|frz|[msg]
|move|p2a: Moltres|Flamethrower|p1a: Kingambit
|-supereffective|p1a: Kingambit
|-damage|p1a: Kingambit|15/100
|move|p1a: Kingambit|Kowtow Cleave|p2a: Moltres
|-damage|p2a: Moltres|0 fnt
|faint|p2a: Moltres
|
|upkeep
|
|t:|1760847698
|switch|p2a: Toxapex|Toxapex, M|100/100
|-damage|p2a: Toxapex|88/100|[from] Stealth Rock
|turn|24
|
|t:|1760847708
|move|p1a: Kingambit|Kowtow Cleave|p2a: Toxapex
|-damage|p2a: Toxapex|40/100
|move|p2a: Toxapex|Mud Shot|p1a: Kingambit
|-supereffective|p1a: Kingambit
|-damage|p1a: Kingambit|0 fnt
|faint|p1a: Kingambit
|-end|p1a: Kingambit|fallen2|[silent]
|
|upkeep
|
|t:|1760847727
|switch|p1a: Kyurem|Kyurem|59/100 brn
|-ability|p1a: Kyurem|Pressure
|turn|25
|
|t:|1760847732
|move|p1a: Kyurem|Freeze-Dry|p2a: Toxapex
|-supereffective|p2a: Toxapex
|-crit|p2a: Toxapex
|-damage|p2a: Toxapex|0 fnt
|faint|p2a: Toxapex
|
|-damage|p1a: Kyurem|53/100 brn|[from] brn
|upkeep
|
|t:|1760847738
|switch|p2a: Haxorus|Haxorus, F|100/100
|-damage|p2a: Haxorus|88/100|[from] Stealth Rock
|-ability|p2a: Haxorus|Mold Breaker
|turn|26
|
|t:|1760847750
|move|p1a: Kyurem|Freeze-Dry|p2a: Haxorus
|-supereffective|p2a: Haxorus
|-damage|p2a: Haxorus|0 fnt
|faint|p2a: Haxorus
|
|win|FlyWhiteGuy
|raw|FlyWhiteGuy's rating: 1178 &rarr; <strong>1202</strong><br />(+24 for winning)
|raw|uubvg08hg098's rating: 1168 &rarr; <strong>1144</strong><br />(-24 for losing)
|l|☆FlyWhiteGuy
|player|p1|
|l|☆uubvg08hg098
|player|p2|
