|j|☆HZBKAI7
|j|☆piry420
|t:|1760852457
|gametype|singles
|player|p1|HZBKAI7|2|1177
|player|p2|piry420|ethan|1150
|gen|9
|tier|[Gen 9] OU
|rated|
|rule|HP Percentage Mod: HP is shown in percentages
|rule|Endless Battle Clause: Forcing endless battles is banned
|rule|Species Clause: Limit one of each Pokémon
|rule|OHKO Clause: OHKO moves are banned
|rule|Evasion Items Clause: Evasion items are banned
|rule|Evasion Moves Clause: Evasion moves are banned
|rule|Evasion Abilities Clause: Evasion abilities are banned
|rule|Sleep Moves Clause: Sleep-inducing moves are banned
|clearpoke
|poke|p1|Kingambit, F|
|poke|p1|Iron Treads|
|poke|p1|Necrozma|
|poke|p1|Pecharunt|
|poke|p1|Enamorus, F|
|poke|p1|Samurott-Hisui, F|
|poke|p2|Darkrai|
|poke|p2|Latios, M|
|poke|p2|Cinderace, M|
|poke|p2|Feraligatr, M|
|poke|p2|Sceptile, M|
|poke|p2|Raging Bolt|
|teampreview
|inactive|Battle timer is ON: inactive players will automatically lose when time's up. (requested by piry420)
|
|t:|1760852462
|teamsize|p1|6
|teamsize|p2|6
|start
|switch|p1a: Iron Treads|Iron Treads|100/100
|switch|p2a: Cinderace|Cinderace, M, shiny|100/100
|turn|1
|
|t:|1760852469
|move|p2a: Cinderace|High Jump Kick|p1a: Iron Treads
|-start|p2a: Cinderace|typechange|Fighting|[from] ability: Libero
|-supereffective|p1a: Iron Treads
|-damage|p1a: Iron Treads|0 fnt
|faint|p1a: Iron Treads
|-end|p1a: Iron Treads|Quark Drive|[silent]
|
|upkeep
|
|t:|1760852469
|switch|p1a: Necrozma|Necrozma, shiny|100/100
|turn|2
|
|t:|1760852478
|switch|p2a: Darkrai|Darkrai|100/100
|move|p1a: Necrozma|Photon Geyser|p2a: Darkrai
|-immune|p2a: Darkrai
|
|upkeep
|turn|3
|
|t:|1760852486
|move|p2a: Darkrai|Dark Pulse|p1a: Necrozma
|-supereffective|p1a: Necrozma
|-enditem|p1a: Necrozma|Colbur Berry|[eat]
|-enditem|p1a: Necrozma|Colbur Berry|[weaken]
|-damage|p1a: Necrozma|68/100
|move|p1a: Necrozma|Earth Power|p2a: Darkrai
|-damage|p2a: Darkrai|57/100
|
|upkeep
|turn|4
|
|t:|1760852494
|move|p2a: Darkrai|Shadow Ball|p1a: Necrozma
|-supereffective|p1a: Necrozma
|-damage|p1a: Necrozma|30/100
|move|p1a: Necrozma|Earth Power|p2a: Darkrai
|-damage|p2a: Darkrai|15/100
|
|upkeep
|turn|5
|
|t:|1760852500
|move|p2a: Darkrai|Dark Pulse|p1a: Necrozma
|-supereffective|p1a: Necrozma
|-damage|p1a: Necrozma|0 fnt
|faint|p1a: Necrozma
|
|upkeep
|
|t:|1760852500
|switch|p1a: Enamorus|Enamorus, F, shiny|100/100
|turn|6
|
|t:|1760852505
|move|p1a: Enamorus|Moonblast|p2a: Darkrai
|-supereffective|p2a: Darkrai
|-damage|p2a: Darkrai|0 fnt
|faint|p2a: Darkrai
|
|upkeep
|
|t:|1760852518
|switch|p2a: Cinderace|Cinderace, M, shiny|100/100
|turn|7
|
|t:|1760852522
|move|p1a: Enamorus|Moonblast|p2a: Cinderace
|-resisted|p2a: Cinderace
|-damage|p2a: Cinderace|59/100
|move|p2a: Cinderace|Pyro Ball|p1a: Enamorus
|-damage|p1a: Enamorus|0 fnt
|faint|p1a: Enamorus
|
|upkeep
|
|t:|1760852522
|switch|p1a: Samurott|Samurott-Hisui, F, shiny|100/100
|turn|8
|
|t:|1760852533
|switch|p2a: Sceptile|Sceptile, M|100/100
|move|p1a: Samurott|Razor Shell|p2a: Sceptile
|-resisted|p2a: Sceptile
|-damage|p2a: Sceptile|34/100
|
|upkeep
|turn|9
|
|t:|1760852541
|move|p2a: Sceptile|Energy Ball|p1a: Samurott
|-supereffective|p1a: Samurott
|-crit|p1a: Samurott
|-damage|p1a: Samurott|0 fnt
|faint|p1a: Samurott
|
|upkeep
|
|t:|1760852541
|switch|p1a: Pecharunt|Pecharunt|100/100
|-item|p1a: Pecharunt|Air Balloon
|turn|10
|
|t:|1760852551
|move|p2a: Sceptile|Leech Seed|p1a: Pecharunt
|-start|p1a: Pecharunt|move: Leech Seed
|move|p1a: Pecharunt|Malignant Chain|p2a: Sceptile
|-supereffective|p2a: Sceptile
|-crit|p2a: Sceptile
|-damage|p2a: Sceptile|0 fnt
|faint|p2a: Sceptile
|
|upkeep
|
|t:|1760852563
|switch|p2a: Cinderace|Cinderace, M, shiny|59/100
|turn|11
|
|t:|1760852573
|move|p2a: Cinderace|Sucker Punch|p1a: Pecharunt
|-start|p2a: Cinderace|typechange|Dark|[from] ability: Libero
|-supereffective|p1a: Pecharunt
|-crit|p1a: Pecharunt
|-damage|p1a: Pecharunt|9/100
|-enditem|p1a: Pecharunt|Air Balloon
|move|p1a: Pecharunt|Malignant Chain|p2a: Cinderace
|-damage|p2a: Cinderace|6/100
|
|-damage|p1a: Pecharunt|0 fnt|[from] Leech Seed|[of] p2a: Cinderace
|-heal|p2a: Cinderace|17/100|[silent]
|faint|p1a: Pecharunt
|upkeep
|
|t:|1760852573
|switch|p1a: Kingambit|Kingambit, F, shiny|100/100
|-activate|p1a: Kingambit|ability: Supreme Overlord
|-start|p1a: Kingambit|fallen5|[silent]
|turn|12
|
|t:|1760852587
|move|p2a: Cinderace|Sucker Punch|p1a: Kingambit
|-resisted|p1a: Kingambit
|-damage|p1a: Kingambit|83/100
|move|p1a: Kingambit|Iron Head|p2a: Cinderace
|-damage|p2a: Cinderace|0 fnt
|faint|p2a: Cinderace
|
|upkeep
|
|t:|1760852606
|switch|p2a: Feraligatr|Feraligatr, M|100/100
|turn|13
|
|t:|1760852608
|move|p2a: Feraligatr|Dragon Dance|p2a: Feraligatr
|-boost|p2a: Feraligatr|atk|1
|-boost|p2a: Feraligatr|spe|1
|move|p1a: Kingambit|Kowtow Cleave|p2a: Feraligatr
|-damage|p2a: Feraligatr|0 fnt
|faint|p2a: Feraligatr
|
|upkeep
|
|t:|1760852616
|switch|p2a: Latios|Latios, M|100/100
|turn|14
|
|t:|1760852625
|move|p2a: Latios|Dragon Pulse|p1a: Kingambit
|-resisted|p1a: Kingambit
|-damage|p1a: Kingambit|59/100
|move|p1a: Kingambit|Kowtow Cleave|p2a: Latios
|-supereffective|p2a: Latios
|-crit|p2a: Latios
|-damage|p2a: Latios|0 fnt
|faint|p2a: Latios
|
|upkeep
|
|t:|1760852631
|switch|p2a: Raging Bolt|Raging Bolt|100/100
|-enditem|p2a: Raging Bolt|Booster Energy
|-activate|p2a: Raging Bolt|ability: Protosynthesis|[fromitem]
|-start|p2a: Raging Bolt|protosynthesisspa
|turn|15
|
|t:|1760852638
|-terastallize|p2a: Raging Bolt|Electric
|move|p2a: Raging Bolt|Thunderbolt|p1a: Kingambit
|-damage|p1a: Kingambit|0 fnt
|faint|p1a: Kingambit
|-end|p1a: Kingambit|fallen5|[silent]
|
|win|piry420
|raw|HZBKAI7's rating: 1177 &rarr; <strong>1150</strong><br />(-27 for losing)
|raw|piry420's rating: 1150 &rarr; <strong>1177</strong><br />(+27 for winning)
|l|☆HZBKAI7
|player|p1|
|l|☆piry420
|player|p2|
