|j|☆panzershock
|j|☆notargentsoul
|t:|1760806602
|gametype|singles
|player|p1|panzershock|170|1139
|player|p2|notargentsoul|supernerd|1213
|gen|9
|tier|[Gen 9] OU
|rated|
|rule|HP Percentage Mod: HP is shown in percentages
|rule|Endless Battle Clause: Forcing endless battles is banned
|rule|Species Clause: Limit one of each Pokémon
|rule|OHKO Clause: OHKO moves are banned
|rule|Evasion Items Clause: Evasion items are banned
|rule|Evasion Moves Clause: Evasion moves are banned
|rule|Evasion Abilities Clause: Evasion abilities are banned
|rule|Sleep Moves Clause: Sleep-inducing moves are banned
|clearpoke
|poke|p1|Breloom, M|
|poke|p1|Avalugg-Hisui, M|
|poke|p1|Ursaluna, F|
|poke|p1|Ariados, M|
|poke|p1|Porygon-Z|
|poke|p1|Murkrow, M|
|poke|p2|Gholdengo|
|poke|p2|Zamazenta-*|
|poke|p2|Ting-Lu|
|poke|p2|Clefable, F|
|poke|p2|Dragonite, M|
|poke|p2|Deoxys-Speed|
|teampreview
|
|t:|1760806634
|teamsize|p1|6
|teamsize|p2|6
|start
|switch|p1a: Murkrow|Murkrow, M|100/100
|switch|p2a: FEM&M|Clefable, F|100/100
|turn|1
|
|t:|1760806643
|switch|p1a: Ursaluna|Ursaluna, F|100/100
|move|p2a: FEM&M|Moonblast|p1a: Ursaluna
|-damage|p1a: Ursaluna|77/100
|-unboost|p1a: Ursaluna|spa|1
|
|upkeep
|turn|2
|
|t:|1760806650
|move|p1a: Ursaluna|Gunk Shot|p2a: FEM&M
|-supereffective|p2a: FEM&M
|-damage|p2a: FEM&M|32/100
|-status|p2a: FEM&M|psn
|move|p2a: FEM&M|Stealth Rock|p1a: Ursaluna
|-sidestart|p1: panzershock|move: Stealth Rock
|
|upkeep
|turn|3
|
|t:|1760806661
|switch|p2a: The Golden Boy|Gholdengo|100/100
|move|p1a: Ursaluna|Trailblaze|p2a: The Golden Boy
|-resisted|p2a: The Golden Boy
|-damage|p2a: The Golden Boy|94/100
|-boost|p1a: Ursaluna|spe|1
|
|upkeep
|turn|4
|
|t:|1760806672
|switch|p2a: DRAGOOON KNIGHT|Dragonite, M|100/100
|move|p1a: Ursaluna|Earthquake|p2a: DRAGOOON KNIGHT
|-immune|p2a: DRAGOOON KNIGHT
|
|upkeep
|turn|5
|
|t:|1760806681
|move|p1a: Ursaluna|Gunk Shot|p2a: DRAGOOON KNIGHT
|-damage|p2a: DRAGOOON KNIGHT|81/100
|-status|p2a: DRAGOOON KNIGHT|psn
|move|p2a: DRAGOOON KNIGHT|Dragon Tail|p1a: Ursaluna|[miss]
|-miss|p2a: DRAGOOON KNIGHT|p1a: Ursaluna
|
|-damage|p2a: DRAGOOON KNIGHT|69/100 psn|[from] psn
|upkeep
|turn|6
|
|t:|1760806692
|move|p1a: Ursaluna|Gunk Shot|p2a: DRAGOOON KNIGHT|[miss]
|-miss|p1a: Ursaluna|p2a: DRAGOOON KNIGHT
|move|p2a: DRAGOOON KNIGHT|Dragon Tail|p1a: Ursaluna
|-damage|p1a: Ursaluna|46/100
|drag|p1a: Porygon-Z|Porygon-Z|100/100
|-damage|p1a: Porygon-Z|88/100|[from] Stealth Rock
|-ability|p1a: Porygon-Z|Download|boost
|-boost|p1a: Porygon-Z|atk|1
|
|-damage|p2a: DRAGOOON KNIGHT|56/100 psn|[from] psn
|upkeep
|turn|7
|
|t:|1760806704
|switch|p2a: Busking in NYC|Ting-Lu|100/100
|-ability|p2a: Busking in NYC|Vessel of Ruin
|move|p1a: Porygon-Z|Ice Beam|p2a: Busking in NYC
|-supereffective|p2a: Busking in NYC
|-damage|p2a: Busking in NYC|73/100
|
|-heal|p2a: Busking in NYC|79/100|[from] item: Leftovers
|upkeep
|turn|8
|
|t:|1760806720
|-terastallize|p1a: Porygon-Z|Water
|move|p1a: Porygon-Z|Tera Blast|p2a: Busking in NYC|[anim] Tera Blast Water
|-supereffective|p2a: Busking in NYC
|-damage|p2a: Busking in NYC|28/100
|move|p2a: Busking in NYC|Spikes|p1a: Porygon-Z
|-sidestart|p1: panzershock|Spikes
|
|-heal|p2a: Busking in NYC|34/100|[from] item: Leftovers
|upkeep
|turn|9
|
|t:|1760806730
|switch|p2a: Curleh Mustache|Deoxys-Speed|100/100
|-ability|p2a: Curleh Mustache|Pressure
|move|p1a: Porygon-Z|Tera Blast|p2a: Curleh Mustache|[anim] Tera Blast Water
|-damage|p2a: Curleh Mustache|25/100
|
|upkeep
|turn|10
|
|t:|1760806739
|move|p2a: Curleh Mustache|Thunderbolt|p1a: Porygon-Z
|-supereffective|p1a: Porygon-Z
|-damage|p1a: Porygon-Z|16/100
|move|p1a: Porygon-Z|Tera Blast|p2a: Curleh Mustache|[anim] Tera Blast Water
|-damage|p2a: Curleh Mustache|0 fnt
|faint|p2a: Curleh Mustache
|
|upkeep
|
|t:|1760806745
|switch|p2a: DRAGOOON KNIGHT|Dragonite, M|56/100 psn
|turn|11
|
|t:|1760806751
|switch|p1a: Murkrow|Murkrow, M|100/100
|-damage|p1a: Murkrow|76/100|[from] Stealth Rock
|move|p2a: DRAGOOON KNIGHT|Extreme Speed|p1a: Murkrow
|-damage|p1a: Murkrow|9/100
|
|-damage|p2a: DRAGOOON KNIGHT|44/100 psn|[from] psn
|upkeep
|turn|12
|
|t:|1760806759
|move|p2a: DRAGOOON KNIGHT|Extreme Speed|p1a: Murkrow
|-damage|p1a: Murkrow|0 fnt
|faint|p1a: Murkrow
|
|-damage|p2a: DRAGOOON KNIGHT|32/100 psn|[from] psn
|upkeep
|
|t:|1760806763
|switch|p1a: Avalugg|Avalugg-Hisui, M|100/100
|-damage|p1a: Avalugg|76/100|[from] Stealth Rock
|-damage|p1a: Avalugg|63/100|[from] Spikes
|turn|13
|
|t:|1760806769
|switch|p2a: Busking in NYC|Ting-Lu|34/100
|-ability|p2a: Busking in NYC|Vessel of Ruin
|move|p1a: Avalugg|Rapid Spin|p2a: Busking in NYC
|-damage|p2a: Busking in NYC|24/100
|-boost|p1a: Avalugg|spe|1
|-sideend|p1: panzershock|Spikes|[from] move: Rapid Spin|[of] p1a: Avalugg
|-sideend|p1: panzershock|Stealth Rock|[from] move: Rapid Spin|[of] p1a: Avalugg
|
|-heal|p2a: Busking in NYC|31/100|[from] item: Leftovers
|upkeep
|turn|14
|
|t:|1760806776
|move|p1a: Avalugg|Icicle Spear|p2a: Busking in NYC
|-supereffective|p2a: Busking in NYC
|-damage|p2a: Busking in NYC|14/100
|-supereffective|p2a: Busking in NYC
|-damage|p2a: Busking in NYC|0 fnt
|faint|p2a: Busking in NYC
|-hitcount|p2: Busking in NYC|2
|
|upkeep
|
|t:|1760806783
|switch|p2a: 紅桜|Zamazenta|100/100
|-ability|p2a: 紅桜|Dauntless Shield|boost
|-boost|p2a: 紅桜|def|1
|turn|15
|
|t:|1760806789
|switch|p1a: Ariados|Ariados, M|100/100
|move|p2a: 紅桜|Close Combat|p1a: Ariados
|-resisted|p1a: Ariados
|-damage|p1a: Ariados|82/100
|-unboost|p2a: 紅桜|def|1
|-unboost|p2a: 紅桜|spd|1
|
|upkeep
|turn|16
|
|t:|1760806796
|move|p2a: 紅桜|Ice Fang|p1a: Ariados
|-damage|p1a: Ariados|54/100
|move|p1a: Ariados|Toxic Thread|p2a: 紅桜
|-unboost|p2a: 紅桜|spe|1
|-status|p2a: 紅桜|psn
|
|-damage|p2a: 紅桜|88/100 psn|[from] psn
|upkeep
|turn|17
|
|t:|1760806803
|move|p2a: 紅桜|Ice Fang|p1a: Ariados
|-damage|p1a: Ariados|26/100
|move|p1a: Ariados|Sticky Web|p2a: 紅桜
|-sidestart|p2: notargentsoul|move: Sticky Web
|
|-damage|p2a: 紅桜|76/100 psn|[from] psn
|upkeep
|turn|18
|
|t:|1760806810
|move|p2a: 紅桜|Ice Fang|p1a: Ariados
|-damage|p1a: Ariados|0 fnt
|faint|p1a: Ariados
|
|-damage|p2a: 紅桜|63/100 psn|[from] psn
|upkeep
|inactive|Battle timer is ON: inactive players will automatically lose when time's up. (requested by notargentsoul)
|
|t:|1760806832
|switch|p1a: Ursaluna|Ursaluna, F|46/100
|turn|19
|
|t:|1760806842
|move|p2a: 紅桜|Close Combat|p1a: Ursaluna
|-supereffective|p1a: Ursaluna
|-damage|p1a: Ursaluna|0 fnt
|-unboost|p2a: 紅桜|def|1
|-unboost|p2a: 紅桜|spd|1
|faint|p1a: Ursaluna
|
|-damage|p2a: 紅桜|51/100 psn|[from] psn
|upkeep
|
|t:|1760806846
|switch|p1a: Breloom|Breloom, M|100/100
|turn|20
|
|t:|1760806854
|move|p1a: Breloom|Mach Punch|p2a: 紅桜
|-damage|p2a: 紅桜|0 fnt
|faint|p2a: 紅桜
|-damage|p1a: Breloom|91/100|[from] item: Life Orb
|
|upkeep
|
|t:|1760806861
|switch|p2a: FEM&M|Clefable, F|32/100 psn
|-activate|p2a: FEM&M|move: Sticky Web
|-unboost|p2a: FEM&M|spe|1
|turn|21
|
|t:|1760806865
|move|p1a: Breloom|Bullet Seed|p2a: FEM&M
|-damage|p2a: FEM&M|10/100 psn
|-damage|p2a: FEM&M|0 fnt
|faint|p2a: FEM&M
|-hitcount|p2: FEM&M|2
|-damage|p1a: Breloom|81/100|[from] item: Life Orb
|
|upkeep
|
|t:|1760806869
|switch|p2a: DRAGOOON KNIGHT|Dragonite, M|32/100 psn
|turn|22
|
|t:|1760806875
|switch|p1a: Avalugg|Avalugg-Hisui, M|63/100
|move|p2a: DRAGOOON KNIGHT|Roost|p2a: DRAGOOON KNIGHT
|-heal|p2a: DRAGOOON KNIGHT|82/100 psn
|-singleturn|p2a: DRAGOOON KNIGHT|move: Roost
|
|-damage|p2a: DRAGOOON KNIGHT|70/100 psn|[from] psn
|upkeep
|turn|23
|
|t:|1760806880
|move|p1a: Avalugg|Icicle Spear|p2a: DRAGOOON KNIGHT
|-supereffective|p2a: DRAGOOON KNIGHT
|-damage|p2a: DRAGOOON KNIGHT|12/100 psn
|-supereffective|p2a: DRAGOOON KNIGHT
|-damage|p2a: DRAGOOON KNIGHT|0 fnt
|faint|p2a: DRAGOOON KNIGHT
|-hitcount|p2: DRAGOOON KNIGHT|2
|
|upkeep
|
|t:|1760806885
|switch|p2a: The Golden Boy|Gholdengo|94/100
|turn|24
|
|t:|1760806890
|move|p2a: The Golden Boy|Nasty Plot|p2a: The Golden Boy
|-boost|p2a: The Golden Boy|spa|2
|move|p1a: Avalugg|Icicle Spear|p2a: The Golden Boy
|-resisted|p2a: The Golden Boy
|-damage|p2a: The Golden Boy|89/100
|-resisted|p2a: The Golden Boy
|-damage|p2a: The Golden Boy|83/100
|-resisted|p2a: The Golden Boy
|-damage|p2a: The Golden Boy|78/100
|-resisted|p2a: The Golden Boy
|-damage|p2a: The Golden Boy|73/100
|-resisted|p2a: The Golden Boy
|-damage|p2a: The Golden Boy|67/100
|-hitcount|p2a: The Golden Boy|5
|
|upkeep
|turn|25
|
|t:|1760806903
|move|p2a: The Golden Boy|Make It Rain|p1a: Avalugg
|-supereffective|p1a: Avalugg
|-damage|p1a: Avalugg|0 fnt
|-unboost|p2a: The Golden Boy|spa|1
|faint|p1a: Avalugg
|
|upkeep
|
|t:|1760806909
|switch|p1a: Porygon-Z|Porygon-Z, tera:Water|16/100
|-ability|p1a: Porygon-Z|Download|boost
|-boost|p1a: Porygon-Z|spa|1
|turn|26
|
|t:|1760806914
|move|p1a: Porygon-Z|Tera Blast|p2a: The Golden Boy|[anim] Tera Blast Water
|-damage|p2a: The Golden Boy|13/100
|move|p2a: The Golden Boy|Recover|p2a: The Golden Boy
|-heal|p2a: The Golden Boy|63/100
|
|upkeep
|turn|27
|
|t:|1760806920
|move|p1a: Porygon-Z|Tera Blast|p2a: The Golden Boy|[anim] Tera Blast Water
|-damage|p2a: The Golden Boy|11/100
|move|p2a: The Golden Boy|Shadow Ball|p1a: Porygon-Z
|-damage|p1a: Porygon-Z|0 fnt
|faint|p1a: Porygon-Z
|
|upkeep
|
|t:|1760806925
|switch|p1a: Breloom|Breloom, M|81/100
|turn|28
|
|t:|1760806928
|move|p1a: Breloom|Bulldoze|p2a: The Golden Boy
|-supereffective|p2a: The Golden Boy
|-damage|p2a: The Golden Boy|0 fnt
|faint|p2a: The Golden Boy
|-damage|p1a: Breloom|71/100|[from] item: Life Orb
|
|win|panzershock
|raw|panzershock's rating: 1139 &rarr; <strong>1169</strong><br />(+30 for winning)
|raw|notargentsoul's rating: 1213 &rarr; <strong>1183</strong><br />(-30 for losing)
|c|☆notargentsoul|gg
|l|☆notargentsoul
|player|p2|
|l|☆panzershock
|player|p1|
