|j|☆jesuschild1226
|j|☆WalkingOnionRings
|t:|1760804755
|gametype|singles
|player|p1|jesuschild1226|brycen|1435
|player|p2|WalkingOnionRings|blue|1406
|gen|9
|tier|[Gen 9] OU
|rated|
|rule|HP Percentage Mod: HP is shown in percentages
|rule|Endless Battle Clause: Forcing endless battles is banned
|rule|Species Clause: Limit one of each Pokémon
|rule|OHKO Clause: OHKO moves are banned
|rule|Evasion Items Clause: Evasion items are banned
|rule|Evasion Moves Clause: Evasion moves are banned
|rule|Evasion Abilities Clause: Evasion abilities are banned
|rule|Sleep Moves Clause: Sleep-inducing moves are banned
|clearpoke
|poke|p1|Cinderace, F|
|poke|p1|Kyurem|
|poke|p1|Great Tusk|
|poke|p1|Zapdos|
|poke|p1|Primarina, F|
|poke|p1|Slowking-Galar, F|
|poke|p2|Flamigo, M|
|poke|p2|Garganacl, F|
|poke|p2|Slowking-Galar, M|
|poke|p2|Great Tusk|
|poke|p2|Zapdos|
|poke|p2|Kingambit, M|
|teampreview
|inactive|Battle timer is ON: inactive players will automatically lose when time's up. (requested by WalkingOnionRings)
|inactive|jesuschild1226 also wants the timer to be on.
|j| wobuhaole
|c|☆WalkingOnionRings|Hf
|c|☆jesuschild1226|yt
|inactive|WalkingOnionRings has 120 seconds left.
|
|t:|1760804798
|teamsize|p1|6
|teamsize|p2|6
|start
|switch|p1a: Kyurem|Kyurem|100/100
|switch|p2a: Slowking|Slowking-Galar, M|100/100
|-ability|p1a: Kyurem|Pressure
|turn|1
|
|t:|1760804803
|move|p1a: Kyurem|Draco Meteor|p2a: Slowking
|-damage|p2a: Slowking|36/100
|-unboost|p1a: Kyurem|spa|2
|move|p2a: Slowking|Future Sight|p1a: Kyurem
|-start|p2a: Slowking|move: Future Sight
|
|upkeep
|turn|2
|
|t:|1760804811
|switch|p2a: Kingambit|Kingambit, M|100/100
|move|p1a: Kyurem|Draco Meteor|p2a: Kingambit
|-resisted|p2a: Kingambit
|-damage|p2a: Kingambit|75/100
|-unboost|p1a: Kyurem|spa|2
|
|-heal|p2a: Kingambit|81/100|[from] item: Leftovers
|upkeep
|turn|3
|
|t:|1760804824
|switch|p1a: Zapdos|Zapdos|100/100
|move|p2a: Kingambit|Kowtow Cleave|p1a: Zapdos
|-damage|p1a: Zapdos|64/100
|
|-end|p1a: Zapdos|move: Future Sight
|-damage|p1a: Zapdos|21/100
|-heal|p2a: Kingambit|87/100|[from] item: Leftovers
|upkeep
|turn|4
|
|t:|1760804830
|-end|p2a: Kingambit|fallenundefined|[silent]
|switch|p2a: Slowking|Slowking-Galar, M|69/100
|move|p1a: Zapdos|Roost|p1a: Zapdos
|-heal|p1a: Zapdos|71/100
|-singleturn|p1a: Zapdos|move: Roost
|
|upkeep
|turn|5
|
|t:|1760804834
|move|p1a: Zapdos|Volt Switch|p2a: Slowking
|-damage|p2a: Slowking|53/100
|
|t:|1760804836
|switch|p1a: Great Tusk|Great Tusk|100/100|[from] Volt Switch
|move|p2a: Slowking|Future Sight|p1a: Great Tusk
|-start|p2a: Slowking|move: Future Sight
|
|upkeep
|turn|6
|
|t:|1760804839
|switch|p2a: Zapdos|Zapdos|100/100
|move|p1a: Great Tusk|Knock Off|p2a: Zapdos
|-damage|p2a: Zapdos|75/100
|-enditem|p2a: Zapdos|Heavy-Duty Boots|[from] move: Knock Off|[of] p1a: Great Tusk
|
|upkeep
|turn|7
|
|t:|1760804844
|-end|p1a: Great Tusk|Protosynthesis|[silent]
|switch|p1a: Slowking|Slowking-Galar, F|100/100
|move|p2a: Zapdos|U-turn|p1a: Slowking
|-damage|p1a: Slowking|86/100
|
|t:|1760804849
|switch|p2a: Great Tusk|Great Tusk|100/100|[from] U-turn
|
|-end|p1a: Slowking|move: Future Sight
|-damage|p1a: Slowking|61/100
|upkeep
|turn|8
|
|t:|1760804852
|switch|p1a: Zapdos|Zapdos|71/100
|move|p2a: Great Tusk|Knock Off|p1a: Zapdos
|-damage|p1a: Zapdos|48/100
|-status|p2a: Great Tusk|par|[from] ability: Static|[of] p1a: Zapdos
|-enditem|p1a: Zapdos|Heavy-Duty Boots|[from] move: Knock Off|[of] p2a: Great Tusk
|
|upkeep
|turn|9
|
|t:|1760804858
|-end|p2a: Great Tusk|Protosynthesis|[silent]
|switch|p2a: Slowking|Slowking-Galar, M|87/100
|move|p1a: Zapdos|Roost|p1a: Zapdos
|-heal|p1a: Zapdos|98/100
|-singleturn|p1a: Zapdos|move: Roost
|
|upkeep
|turn|10
|
|t:|1760804862
|move|p1a: Zapdos|Volt Switch|p2a: Slowking
|-damage|p2a: Slowking|70/100
|
|t:|1760804864
|switch|p1a: Great Tusk|Great Tusk|100/100|[from] Volt Switch
|move|p2a: Slowking|Future Sight|p1a: Great Tusk
|-start|p2a: Slowking|move: Future Sight
|
|upkeep
|turn|11
|
|t:|1760804868
|switch|p2a: Zapdos|Zapdos|75/100
|move|p1a: Great Tusk|Stealth Rock|p2a: Zapdos
|-sidestart|p2: WalkingOnionRings|move: Stealth Rock
|
|upkeep
|turn|12
|
|t:|1760804877
|-end|p1a: Great Tusk|Protosynthesis|[silent]
|switch|p1a: Slowking|Slowking-Galar, F|94/100
|move|p2a: Zapdos|U-turn|p1a: Slowking
|-damage|p1a: Slowking|80/100
|
|t:|1760804887
|switch|p2a: Garganacl|Garganacl, F|100/100|[from] U-turn
|-damage|p2a: Garganacl|88/100|[from] Stealth Rock
|
|-end|p1a: Slowking|move: Future Sight
|-damage|p1a: Slowking|53/100
|-heal|p2a: Garganacl|94/100|[from] item: Leftovers
|upkeep
|turn|13
|
|t:|1760804891
|move|p2a: Garganacl|Stealth Rock|p1a: Slowking
|-sidestart|p1: jesuschild1226|move: Stealth Rock
|move|p1a: Slowking|Future Sight|p2a: Garganacl
|-start|p1a: Slowking|move: Future Sight
|
|-heal|p2a: Garganacl|100/100|[from] item: Leftovers
|upkeep
|turn|14
|
|t:|1760804897
|move|p2a: Garganacl|Salt Cure|p1a: Slowking
|-damage|p1a: Slowking|37/100
|-start|p1a: Slowking|Salt Cure
|-prepare|p1a: Slowking|Chilly Reception|[premajor]
|move|p1a: Slowking|Chilly Reception|p1a: Slowking
|-weather|Snowscape
|
|t:|1760804899
|switch|p1a: Great Tusk|Great Tusk|100/100|[from] Chilly Reception
|
|-weather|Snowscape|[upkeep]
|upkeep
|turn|15
|
|t:|1760804902
|move|p2a: Garganacl|Protect|p2a: Garganacl
|-singleturn|p2a: Garganacl|Protect
|move|p1a: Great Tusk|Knock Off|p2a: Garganacl
|-activate|p2a: Garganacl|move: Protect
|
|-weather|Snowscape|[upkeep]
|-end|p2a: Garganacl|move: Future Sight
|-crit|p2a: Garganacl
|-damage|p2a: Garganacl|57/100
|-heal|p2a: Garganacl|64/100|[from] item: Leftovers
|upkeep
|turn|16
|
|t:|1760804909
|switch|p2a: Zapdos|Zapdos|75/100
|-damage|p2a: Zapdos|51/100|[from] Stealth Rock
|move|p1a: Great Tusk|Rapid Spin|p2a: Zapdos
|-damage|p2a: Zapdos|38/100
|-boost|p1a: Great Tusk|spe|1
|-status|p1a: Great Tusk|par|[from] ability: Static|[of] p2a: Zapdos
|-sideend|p1: jesuschild1226|Stealth Rock|[from] move: Rapid Spin|[of] p1a: Great Tusk
|
|-weather|Snowscape|[upkeep]
|upkeep
|turn|17
|
|t:|1760804916
|-end|p1a: Great Tusk|Protosynthesis|[silent]
|switch|p1a: Zapdos|Zapdos|98/100
|move|p2a: Zapdos|Roost|p2a: Zapdos
|-heal|p2a: Zapdos|88/100
|-singleturn|p2a: Zapdos|move: Roost
|
|-weather|Snowscape|[upkeep]
|upkeep
|turn|18
|
|t:|1760804922
|move|p1a: Zapdos|Volt Switch|p2a: Zapdos
|-damage|p2a: Zapdos|61/100
|
|t:|1760804925
|switch|p1a: Slowking|Slowking-Galar, F|70/100|[from] Volt Switch
|move|p2a: Zapdos|U-turn|p1a: Slowking
|-damage|p1a: Slowking|58/100
|
|t:|1760804931
|switch|p2a: Great Tusk|Great Tusk|100/100 par|[from] U-turn
|
|-weather|none
|upkeep
|turn|19
|
|t:|1760804934
|switch|p1a: Zapdos|Zapdos|98/100
|move|p2a: Great Tusk|Rapid Spin|p1a: Zapdos
|-damage|p1a: Zapdos|86/100
|-boost|p2a: Great Tusk|spe|1
|-sideend|p2: WalkingOnionRings|Stealth Rock|[from] move: Rapid Spin|[of] p2a: Great Tusk
|
|upkeep
|turn|20
|
|t:|1760804940
|-end|p2a: Great Tusk|Protosynthesis|[silent]
|switch|p2a: Slowking|Slowking-Galar, M|100/100
|move|p1a: Zapdos|Hurricane|p2a: Slowking
|-crit|p2a: Slowking
|-damage|p2a: Slowking|58/100
|-start|p2a: Slowking|confusion
|
|upkeep
|turn|21
|
|t:|1760804945
|move|p1a: Zapdos|Volt Switch|p2a: Slowking
|-damage|p2a: Slowking|41/100
|
|t:|1760804947
|switch|p1a: Great Tusk|Great Tusk|100/100 par|[from] Volt Switch
|-prepare|p2a: Slowking|Chilly Reception|[premajor]
|-activate|p2a: Slowking|confusion
|move|p2a: Slowking|Chilly Reception|p2a: Slowking
|-weather|Snowscape
|
|t:|1760804954
|switch|p2a: Zapdos|Zapdos|61/100|[from] Chilly Reception
|
|-weather|Snowscape|[upkeep]
|upkeep
|turn|22
|
|t:|1760804957
|-end|p1a: Great Tusk|Protosynthesis|[silent]
|switch|p1a: Slowking|Slowking-Galar, F|91/100
|move|p2a: Zapdos|Hurricane|p1a: Slowking
|-damage|p1a: Slowking|64/100
|
|-weather|Snowscape|[upkeep]
|upkeep
|turn|23
|
|t:|1760804963
|move|p2a: Zapdos|U-turn|p1a: Slowking
|-damage|p1a: Slowking|51/100
|
|t:|1760804967
|switch|p2a: Garganacl|Garganacl, F|64/100|[from] U-turn
|-prepare|p1a: Slowking|Chilly Reception|[premajor]
|move|p1a: Slowking|Chilly Reception|p1a: Slowking
|
|t:|1760804969
|switch|p1a: Kyurem|Kyurem|100/100|[from] Chilly Reception
|-ability|p1a: Kyurem|Pressure
|
|-weather|Snowscape|[upkeep]
|-heal|p2a: Garganacl|70/100|[from] item: Leftovers
|upkeep
|turn|24
|
|t:|1760804971
|-terastallize|p1a: Kyurem|Ice
|move|p2a: Garganacl|Protect|p2a: Garganacl
|-singleturn|p2a: Garganacl|Protect
|move|p1a: Kyurem|Blizzard|p2a: Garganacl
|-activate|p2a: Garganacl|move: Protect
|
|-weather|Snowscape|[upkeep]
|-heal|p2a: Garganacl|76/100|[from] item: Leftovers
|upkeep
|turn|25
|
|t:|1760804984
|-terastallize|p2a: Garganacl|Water
|move|p1a: Kyurem|Blizzard|p2a: Garganacl
|-resisted|p2a: Garganacl
|-damage|p2a: Garganacl|39/100
|move|p2a: Garganacl|Salt Cure|p1a: Kyurem
|-supereffective|p1a: Kyurem
|-damage|p1a: Kyurem|82/100
|-start|p1a: Kyurem|Salt Cure
|
|-weather|none
|-heal|p2a: Garganacl|45/100|[from] item: Leftovers
|-damage|p1a: Kyurem|69/100|[from] Salt Cure
|upkeep
|turn|26
|
|t:|1760804990
|switch|p1a: Great Tusk|Great Tusk|100/100 par
|move|p2a: Garganacl|Recover|p2a: Garganacl
|-heal|p2a: Garganacl|95/100
|
|-heal|p2a: Garganacl|100/100|[from] item: Leftovers
|upkeep
|turn|27
|
|t:|1760804992
|move|p1a: Great Tusk|Stealth Rock|p2a: Garganacl
|-sidestart|p2: WalkingOnionRings|move: Stealth Rock
|move|p2a: Garganacl|Salt Cure|p1a: Great Tusk
|-resisted|p1a: Great Tusk
|-damage|p1a: Great Tusk|98/100 par
|-start|p1a: Great Tusk|Salt Cure
|
|-damage|p1a: Great Tusk|86/100 par|[from] Salt Cure
|upkeep
|turn|28
|
|t:|1760804996
|move|p1a: Great Tusk|Knock Off|p2a: Garganacl
|-damage|p2a: Garganacl|79/100
|-enditem|p2a: Garganacl|Leftovers|[from] move: Knock Off|[of] p1a: Great Tusk
|move|p2a: Garganacl|Stealth Rock|p1a: Great Tusk
|-sidestart|p1: jesuschild1226|move: Stealth Rock
|
|-damage|p1a: Great Tusk|73/100 par|[from] Salt Cure
|upkeep
|turn|29
|
|t:|1760804999
|move|p1a: Great Tusk|Rapid Spin|p2a: Garganacl
|-damage|p2a: Garganacl|66/100
|-boost|p1a: Great Tusk|spe|1
|-sideend|p1: jesuschild1226|Stealth Rock|[from] move: Rapid Spin|[of] p1a: Great Tusk
|move|p2a: Garganacl|Salt Cure|p1a: Great Tusk
|-resisted|p1a: Great Tusk
|-damage|p1a: Great Tusk|71/100 par
|
|-damage|p1a: Great Tusk|58/100 par|[from] Salt Cure
|upkeep
|turn|30
|
|t:|1760805008
|-end|p1a: Great Tusk|Protosynthesis|[silent]
|switch|p1a: Cinderace|Cinderace, F|100/100
|move|p2a: Garganacl|Recover|p2a: Garganacl
|-heal|p2a: Garganacl|100/100
|
|upkeep
|turn|31
|
|t:|1760805013
|move|p1a: Cinderace|High Jump Kick|p2a: Garganacl
|-start|p1a: Cinderace|typechange|Fighting|[from] ability: Libero
|-damage|p2a: Garganacl|35/100
|move|p2a: Garganacl|Salt Cure|p1a: Cinderace
|-resisted|p1a: Cinderace
|-damage|p1a: Cinderace|91/100
|-start|p1a: Cinderace|Salt Cure
|
|-damage|p1a: Cinderace|79/100|[from] Salt Cure
|upkeep
|turn|32
|
|t:|1760805022
|move|p2a: Garganacl|Protect|p2a: Garganacl
|-singleturn|p2a: Garganacl|Protect
|move|p1a: Cinderace|High Jump Kick|p2a: Garganacl
|-activate|p2a: Garganacl|move: Protect
|-damage|p1a: Cinderace|29/100|[from] highjumpkick
|
|-damage|p1a: Cinderace|16/100|[from] Salt Cure
|upkeep
|turn|33
|
|t:|1760805028
|switch|p1a: Kyurem|Kyurem, tera:Ice|69/100
|-ability|p1a: Kyurem|Pressure
|switch|p2a: Slowking|Slowking-Galar, M|75/100
|
|upkeep
|turn|34
|
|t:|1760805034
|move|p1a: Kyurem|Ice Beam|p2a: Slowking
|-damage|p2a: Slowking|19/100
|move|p2a: Slowking|Toxic|p1a: Kyurem
|-status|p1a: Kyurem|tox
|
|-damage|p1a: Kyurem|63/100 tox|[from] psn
|upkeep
|turn|35
|
|t:|1760805056
|move|p1a: Kyurem|Ice Beam|p2a: Slowking
|-damage|p2a: Slowking|0 fnt
|faint|p2a: Slowking
|
|-damage|p1a: Kyurem|51/100 tox|[from] psn
|upkeep
|inactive|WalkingOnionRings has 120 seconds left.
|
|t:|1760805076
|switch|p2a: Mi Amigo <3|Flamigo, M, shiny|100/100
|-damage|p2a: Mi Amigo <3|88/100|[from] Stealth Rock
|turn|36
|inactive|WalkingOnionRings has 120 seconds left.
|
|t:|1760805083
|move|p2a: Mi Amigo <3|U-turn|p1a: Kyurem
|-damage|p1a: Kyurem|30/100 tox
|
|t:|1760805086
|switch|p2a: Kingambit|Kingambit, M|87/100|[from] U-turn
|-damage|p2a: Kingambit|81/100|[from] Stealth Rock
|-activate|p2a: Kingambit|ability: Supreme Overlord
|-start|p2a: Kingambit|fallen1|[silent]
|move|p1a: Kyurem|Ice Beam|p2a: Kingambit
|-resisted|p2a: Kingambit
|-damage|p2a: Kingambit|30/100
|
|-heal|p2a: Kingambit|36/100|[from] item: Leftovers
|-damage|p1a: Kyurem|12/100 tox|[from] psn
|upkeep
|turn|37
|
|t:|1760805090
|switch|p1a: Zapdos|Zapdos|86/100
|move|p2a: Kingambit|Sucker Punch||[still]
|-fail|p2a: Kingambit
|
|-heal|p2a: Kingambit|42/100|[from] item: Leftovers
|upkeep
|turn|38
|
|t:|1760805096
|-end|p2a: Kingambit|fallen1|[silent]
|switch|p2a: Great Tusk|Great Tusk|100/100 par
|move|p1a: Zapdos|Hurricane|p2a: Great Tusk
|-supereffective|p2a: Great Tusk
|-damage|p2a: Great Tusk|0 fnt
|faint|p2a: Great Tusk
|-end|p2a: Great Tusk|Protosynthesis|[silent]
|
|upkeep
|
|t:|1760805103
|switch|p2a: Zapdos|Zapdos|61/100
|-damage|p2a: Zapdos|36/100|[from] Stealth Rock
|turn|39
|
|t:|1760805107
|move|p1a: Zapdos|Heat Wave|p2a: Zapdos|[miss]
|-miss|p1a: Zapdos|p2a: Zapdos
|move|p2a: Zapdos|Roost|p2a: Zapdos
|-heal|p2a: Zapdos|86/100
|-singleturn|p2a: Zapdos|move: Roost
|
|upkeep
|turn|40
|
|t:|1760805112
|move|p1a: Zapdos|Volt Switch|p2a: Zapdos
|-damage|p2a: Zapdos|56/100
|
|t:|1760805114
|switch|p1a: Slowking|Slowking-Galar, F|84/100|[from] Volt Switch
|move|p2a: Zapdos|Discharge|p1a: Slowking
|-damage|p1a: Slowking|63/100
|-status|p1a: Slowking|par
|
|upkeep
|turn|41
|
|t:|1760805117
|move|p2a: Zapdos|Roost|p2a: Zapdos
|-heal|p2a: Zapdos|100/100
|-singleturn|p2a: Zapdos|move: Roost
|-prepare|p1a: Slowking|Chilly Reception|[premajor]
|move|p1a: Slowking|Chilly Reception|p1a: Slowking
|-weather|Snowscape
|
|t:|1760805120
|switch|p1a: Kyurem|Kyurem, tera:Ice|12/100 tox|[from] Chilly Reception
|-ability|p1a: Kyurem|Pressure
|
|-weather|Snowscape|[upkeep]
|-damage|p1a: Kyurem|6/100 tox|[from] psn
|upkeep
|turn|42
|
|t:|1760805141
|switch|p2a: Mi Amigo <3|Flamigo, M, shiny|88/100
|-damage|p2a: Mi Amigo <3|76/100|[from] Stealth Rock
|move|p1a: Kyurem|Blizzard|p2a: Mi Amigo <3
|-supereffective|p2a: Mi Amigo <3
|-damage|p2a: Mi Amigo <3|0 fnt
|faint|p2a: Mi Amigo <3
|
|-weather|Snowscape|[upkeep]
|-damage|p1a: Kyurem|0 fnt|[from] psn
|faint|p1a: Kyurem
|upkeep
|
|t:|1760805145
|switch|p1a: Cinderace|Cinderace, F|16/100
|switch|p2a: Garganacl|Garganacl, F, tera:Water|35/100
|-damage|p2a: Garganacl|23/100|[from] Stealth Rock
|turn|43
|
|t:|1760805149
|move|p2a: Garganacl|Protect|p2a: Garganacl
|-singleturn|p2a: Garganacl|Protect
|move|p1a: Cinderace|U-turn|p2a: Garganacl
|-start|p1a: Cinderace|typechange|Bug|[from] ability: Libero
|-activate|p2a: Garganacl|move: Protect
|
|-weather|Snowscape|[upkeep]
|upkeep
|turn|44
|
|t:|1760805154
|switch|p2a: Zapdos|Zapdos|100/100
|-damage|p2a: Zapdos|76/100|[from] Stealth Rock
|move|p1a: Cinderace|U-turn|p2a: Zapdos
|-resisted|p2a: Zapdos
|-damage|p2a: Zapdos|58/100
|-status|p1a: Cinderace|par|[from] ability: Static|[of] p2a: Zapdos
|
|t:|1760805159
|switch|p1a: Primarina|Primarina, F|100/100|[from] U-turn
|
|-weather|Snowscape|[upkeep]
|upkeep
|turn|45
|
|t:|1760805161
|move|p2a: Zapdos|Discharge|p1a: Primarina
|-supereffective|p1a: Primarina
|-damage|p1a: Primarina|72/100
|move|p1a: Primarina|Psychic Noise|p2a: Zapdos
|-damage|p2a: Zapdos|29/100
|-start|p2a: Zapdos|move: Heal Block
|
|-weather|none
|upkeep
|turn|46
|
|t:|1760805168
|move|p2a: Zapdos|Discharge|p1a: Primarina
|-supereffective|p1a: Primarina
|-crit|p1a: Primarina
|-damage|p1a: Primarina|33/100
|move|p1a: Primarina|Psychic Noise|p2a: Zapdos
|-damage|p2a: Zapdos|0 fnt
|faint|p2a: Zapdos
|
|upkeep
|
|t:|1760805173
|switch|p2a: Kingambit|Kingambit, M|42/100
|-damage|p2a: Kingambit|36/100|[from] Stealth Rock
|-activate|p2a: Kingambit|ability: Supreme Overlord
|-start|p2a: Kingambit|fallen4|[silent]
|turn|47
|
|t:|1760805177
|switch|p1a: Zapdos|Zapdos|86/100
|move|p2a: Kingambit|Iron Head|p1a: Zapdos
|-resisted|p1a: Zapdos
|-damage|p1a: Zapdos|62/100
|-status|p2a: Kingambit|par|[from] ability: Static|[of] p1a: Zapdos
|
|-heal|p2a: Kingambit|42/100 par|[from] item: Leftovers
|upkeep
|turn|48
|
|t:|1760805182
|move|p1a: Zapdos|Volt Switch|p2a: Kingambit
|-damage|p2a: Kingambit|10/100 par
|
|t:|1760805186
|switch|p1a: Slowking|Slowking-Galar, F|96/100 par|[from] Volt Switch
|move|p2a: Kingambit|Kowtow Cleave|p1a: Slowking
|-supereffective|p1a: Slowking
|-damage|p1a: Slowking|0 fnt
|faint|p1a: Slowking
|
|-heal|p2a: Kingambit|16/100 par|[from] item: Leftovers
|upkeep
|
|t:|1760805196
|switch|p1a: Primarina|Primarina, F|33/100
|turn|49
|
|t:|1760805199
|move|p2a: Kingambit|Sucker Punch|p1a: Primarina
|-resisted|p1a: Primarina
|-damage|p1a: Primarina|1/100
|move|p1a: Primarina|Psychic Noise|p2a: Kingambit
|-damage|p2a: Kingambit|0 fnt
|faint|p2a: Kingambit
|-end|p2a: Kingambit|fallen4|[silent]
|
|upkeep
|-message|WalkingOnionRings forfeited.
|
|win|jesuschild1226
|raw|jesuschild1226's rating: 1435 &rarr; <strong>1453</strong><br />(+18 for winning)
|raw|WalkingOnionRings's rating: 1406 &rarr; <strong>1388</strong><br />(-18 for losing)
|l|☆WalkingOnionRings
|player|p2|
|l|☆jesuschild1226
|player|p1|
|l| wobuhaole
