|j|☆apjkds
|j|☆Aggrhy
|t:|1760746901
|gametype|singles
|player|p1|apjkds|101|1492
|player|p2|Aggrhy|red-masters|1416
|gen|9
|tier|[Gen 9] OU
|rated|
|rule|HP Percentage Mod: HP is shown in percentages
|rule|Endless Battle Clause: Forcing endless battles is banned
|rule|Species Clause: Limit one of each Pokémon
|rule|OHKO Clause: OHKO moves are banned
|rule|Evasion Items Clause: Evasion items are banned
|rule|Evasion Moves Clause: Evasion moves are banned
|rule|Evasion Abilities Clause: Evasion abilities are banned
|rule|Sleep Moves Clause: Sleep-inducing moves are banned
|clearpoke
|poke|p1|Ribombee, M|
|poke|p1|Samurott-Hisui, F|
|poke|p1|Iron Valiant|
|poke|p1|Zamazenta-*|
|poke|p1|Gholdengo|
|poke|p1|Iron Moth|
|poke|p2|Pikachu, M|
|poke|p2|Metagross|
|poke|p2|Gardevoir, M|
|poke|p2|Glimmora, F|
|poke|p2|Milotic, F|
|poke|p2|Hydrapple, F|
|teampreview
|inactive|Battle timer is ON: inactive players will automatically lose when time's up. (requested by Aggrhy)
|
|t:|1760746916
|teamsize|p1|6
|teamsize|p2|6
|start
|switch|p1a: Ribombee|Ribombee, M|100/100
|switch|p2a: Pikachu|Pikachu, M|100/100
|turn|1
|inactive|apjkds has 120 seconds left.
|
|t:|1760746952
|move|p1a: Ribombee|Sticky Web|p2a: Pikachu
|-sidestart|p2: Aggrhy|move: Sticky Web
|move|p2a: Pikachu|Volt Tackle|p1a: Ribombee
|-enditem|p1a: Ribombee|Focus Sash
|-damage|p1a: Ribombee|1/100
|-damage|p2a: Pikachu|60/100|[from] Recoil
|
|upkeep
|turn|2
|inactive|apjkds has 120 seconds left.
|
|t:|1760746961
|move|p2a: Pikachu|Quick Attack|p1a: Ribombee
|-damage|p1a: Ribombee|0 fnt
|faint|p1a: Ribombee
|
|upkeep
|
|t:|1760746964
|switch|p1a: Musashi's Scallop|Samurott-Hisui, F|100/100
|turn|3
|inactive|apjkds has 120 seconds left.
|
|t:|1760746985
|move|p1a: Musashi's Scallop|Sucker Punch|p2a: Pikachu
|-damage|p2a: Pikachu|0 fnt
|faint|p2a: Pikachu
|
|upkeep
|
|t:|1760746994
|switch|p2a: Hydrapple|Hydrapple, F|100/100
|-activate|p2a: Hydrapple|move: Sticky Web
|-unboost|p2a: Hydrapple|spe|1
|turn|4
|
|t:|1760747001
|move|p1a: Musashi's Scallop|Ceaseless Edge|p2a: Hydrapple
|-damage|p2a: Hydrapple|57/100
|-damage|p1a: Musashi's Scallop|84/100|[from] item: Rocky Helmet|[of] p2a: Hydrapple
|-sidestart|p2: Aggrhy|Spikes
|move|p2a: Hydrapple|Energy Ball|p1a: Musashi's Scallop
|-supereffective|p1a: Musashi's Scallop
|-damage|p1a: Musashi's Scallop|0 fnt
|faint|p1a: Musashi's Scallop
|
|upkeep
|
|t:|1760747011
|switch|p1a: Iron Moth|Iron Moth|100/100
|-enditem|p1a: Iron Moth|Booster Energy
|-activate|p1a: Iron Moth|ability: Quark Drive|[fromitem]
|-start|p1a: Iron Moth|quarkdrivespa
|turn|5
|inactive|apjkds has 120 seconds left.
|
|t:|1760747033
|switch|p2a: Glimmora|Glimmora, F|100/100
|-activate|p2a: Glimmora|move: Sticky Web
|-unboost|p2a: Glimmora|spe|1
|-damage|p2a: Glimmora|88/100|[from] Spikes
|move|p1a: Iron Moth|Fiery Dance|p2a: Glimmora
|-resisted|p2a: Glimmora
|-damage|p2a: Glimmora|48/100
|-boost|p1a: Iron Moth|spa|1
|
|upkeep
|turn|6
|inactive|apjkds has 120 seconds left.
|
|t:|1760747045
|move|p1a: Iron Moth|Energy Ball|p2a: Glimmora
|-damage|p2a: Glimmora|0 fnt
|faint|p2a: Glimmora
|
|upkeep
|
|t:|1760747060
|switch|p2a: Milotic|Milotic, F|100/100
|-activate|p2a: Milotic|move: Sticky Web
|-unboost|p2a: Milotic|spe|1
|-ability|p2a: Milotic|Competitive|boost
|-boost|p2a: Milotic|spa|2
|-damage|p2a: Milotic|88/100|[from] Spikes
|turn|7
|inactive|apjkds has 120 seconds left.
|inactive|Aggrhy has 120 seconds left.
|
|t:|1760747100
|-terastallize|p2a: Milotic|Fairy
|move|p1a: Iron Moth|Energy Ball|p2a: Milotic
|-damage|p2a: Milotic|52/100
|move|p2a: Milotic|Dragon Tail|p1a: Iron Moth
|-damage|p1a: Iron Moth|88/100
|-end|p1a: Iron Moth|Quark Drive|[silent]
|drag|p1a: Zamazenta|Zamazenta|100/100
|-ability|p1a: Zamazenta|Dauntless Shield|boost
|-boost|p1a: Zamazenta|def|1
|
|-heal|p2a: Milotic|58/100|[from] item: Leftovers
|upkeep
|turn|8
|inactive|Aggrhy has 120 seconds left.
|
|t:|1760747113
|move|p2a: Milotic|Recover|p2a: Milotic
|-heal|p2a: Milotic|100/100
|move|p1a: Zamazenta|Roar|p2a: Milotic
|drag|p2a: Metagross|Metagross|100/100
|-activate|p2a: Metagross|move: Sticky Web
|-fail|p2a: Metagross|unboost|[from] ability: Clear Body|[of] p2a: Metagross
|-damage|p2a: Metagross|88/100|[from] Spikes
|
|upkeep
|turn|9
|inactive|Aggrhy has 120 seconds left.
|inactive|apjkds has 90 seconds left.
|
|t:|1760747142
|switch|p2a: Hydrapple|Hydrapple, F|91/100
|-activate|p2a: Hydrapple|move: Sticky Web
|-unboost|p2a: Hydrapple|spe|1
|-damage|p2a: Hydrapple|78/100|[from] Spikes
|move|p1a: Zamazenta|Iron Defense|p1a: Zamazenta
|-boost|p1a: Zamazenta|def|2
|
|upkeep
|turn|10
|inactive|apjkds has 90 seconds left.
|
|t:|1760747176
|move|p1a: Zamazenta|Body Press|p2a: Hydrapple
|-damage|p2a: Hydrapple|12/100
|-damage|p1a: Zamazenta|84/100|[from] item: Rocky Helmet|[of] p2a: Hydrapple
|move|p2a: Hydrapple|Fickle Beam|p1a: Zamazenta|[anim] Fickle Beam All Out
|-activate|p2a: Hydrapple|move: Fickle Beam
|-damage|p1a: Zamazenta|1/100
|
|-heal|p1a: Zamazenta|8/100|[from] item: Leftovers
|upkeep
|turn|11
|
|t:|1760747187
|move|p1a: Zamazenta|Body Press|p2a: Hydrapple
|-damage|p2a: Hydrapple|0 fnt
|-damage|p1a: Zamazenta|0 fnt|[from] item: Rocky Helmet|[of] p2a: Hydrapple
|faint|p2a: Hydrapple
|faint|p1a: Zamazenta
|
|upkeep
|inactive|Aggrhy has 120 seconds left.
|inactive|apjkds has 60 seconds left.
|
|t:|1760747214
|switch|p1a: Iron Moth|Iron Moth|88/100
|switch|p2a: Gardevoir|Gardevoir, M|100/100
|-activate|p2a: Gardevoir|move: Sticky Web
|-unboost|p2a: Gardevoir|spe|1
|-damage|p2a: Gardevoir|88/100|[from] Spikes
|turn|12
|inactive|apjkds has 30 seconds left.
|
|t:|1760747252
|move|p1a: Iron Moth|Sludge Wave|p2a: Gardevoir
|-supereffective|p2a: Gardevoir
|-damage|p2a: Gardevoir|25/100
|move|p2a: Gardevoir|Psyshock|p1a: Iron Moth
|-supereffective|p1a: Iron Moth
|-damage|p1a: Iron Moth|0 fnt
|faint|p1a: Iron Moth
|-end|p1a: Iron Moth|Quark Drive|[silent]
|
|upkeep
|inactive|apjkds has 30 seconds left this turn.
|
|t:|1760747260
|switch|p1a: Goldilocks|Gholdengo|100/100
|-ability|p2a: Gardevoir|Good as Gold|Trace|[from] ability: Trace|[of] p1a: Goldilocks
|-item|p1a: Goldilocks|Air Balloon
|turn|13
|inactive|apjkds has 30 seconds left.
|inactive|apjkds has 20 seconds left.
|inactive|apjkds has 15 seconds left.
|
|t:|1760747283
|move|p1a: Goldilocks|Shadow Ball|p2a: Gardevoir
|-supereffective|p2a: Gardevoir
|-damage|p2a: Gardevoir|0 fnt
|faint|p2a: Gardevoir
|
|upkeep
|
|t:|1760747292
|switch|p2a: Metagross|Metagross|88/100
|-activate|p2a: Metagross|move: Sticky Web
|-fail|p2a: Metagross|unboost|[from] ability: Clear Body|[of] p2a: Metagross
|-damage|p2a: Metagross|76/100|[from] Spikes
|turn|14
|inactive|apjkds has 30 seconds left this turn.
|inactive|apjkds has 20 seconds left.
|
|t:|1760747307
|move|p1a: Goldilocks|Shadow Ball|p2a: Metagross
|-supereffective|p2a: Metagross
|-damage|p2a: Metagross|10/100
|move|p2a: Metagross|Knock Off|p1a: Goldilocks
|-supereffective|p1a: Goldilocks
|-crit|p1a: Goldilocks
|-damage|p1a: Goldilocks|0 fnt
|-enditem|p1a: Goldilocks|Air Balloon
|faint|p1a: Goldilocks
|
|upkeep
|inactive|apjkds has 25 seconds left this turn.
|inactive|apjkds has 20 seconds left.
|
|t:|1760747315
|switch|p1a: Iron Valiant|Iron Valiant|100/100
|-enditem|p1a: Iron Valiant|Booster Energy
|-activate|p1a: Iron Valiant|ability: Quark Drive|[fromitem]
|-start|p1a: Iron Valiant|quarkdriveatk
|turn|15
|inactive|apjkds has 30 seconds left this turn.
|
|t:|1760747323
|move|p1a: Iron Valiant|Knock Off|p2a: Metagross
|-supereffective|p2a: Metagross
|-damage|p2a: Metagross|0 fnt
|-enditem|p2a: Metagross|Assault Vest|[from] move: Knock Off|[of] p1a: Iron Valiant
|faint|p2a: Metagross
|
|upkeep
|
|t:|1760747329
|switch|p2a: Milotic|Milotic, F, tera:Fairy|100/100
|-activate|p2a: Milotic|move: Sticky Web
|-unboost|p2a: Milotic|spe|1
|-ability|p2a: Milotic|Competitive|boost
|-boost|p2a: Milotic|spa|2
|-damage|p2a: Milotic|88/100|[from] Spikes
|turn|16
|
|t:|1760747336
|move|p1a: Iron Valiant|Swords Dance|p1a: Iron Valiant
|-boost|p1a: Iron Valiant|atk|2
|move|p2a: Milotic|Scald|p1a: Iron Valiant
|-damage|p1a: Iron Valiant|7/100
|
|-heal|p2a: Milotic|94/100|[from] item: Leftovers
|upkeep
|turn|17
|
|t:|1760747345
|move|p1a: Iron Valiant|Close Combat|p2a: Milotic
|-resisted|p2a: Milotic
|-damage|p2a: Milotic|0 fnt
|-unboost|p1a: Iron Valiant|def|1
|-unboost|p1a: Iron Valiant|spd|1
|faint|p2a: Milotic
|
|win|apjkds
|raw|apjkds's rating: 1517 &rarr; <strong>1531</strong><br />(+14 for winning)
|raw|Aggrhy's rating: 1416 &rarr; <strong>1402</strong><br />(-14 for losing)
|l|☆Aggrhy
|player|p2|
|l|☆apjkds
|player|p1|
