|j|☆dragonfandan
|j|☆obezer
|t:|1760828727
|gametype|singles
|player|p1|dragonfandan|lance|1275
|player|p2|obezer|marshal|1220
|gen|9
|tier|[Gen 9] OU
|rated|
|rule|HP Percentage Mod: HP is shown in percentages
|rule|Endless Battle Clause: Forcing endless battles is banned
|rule|Species Clause: Limit one of each Pokémon
|rule|OHKO Clause: OHKO moves are banned
|rule|Evasion Items Clause: Evasion items are banned
|rule|Evasion Moves Clause: Evasion moves are banned
|rule|Evasion Abilities Clause: Evasion abilities are banned
|rule|Sleep Moves Clause: Sleep-inducing moves are banned
|clearpoke
|poke|p1|Slowking-Galar, F|
|poke|p1|Alomomola, M|
|poke|p1|Darkrai|
|poke|p1|Cinderace, F|
|poke|p1|Dragapult, M|
|poke|p1|Enamorus, F|
|poke|p2|Kleavor, M|
|poke|p2|Rillaboom, M|
|poke|p2|Sinistcha|
|poke|p2|Bellibolt, M|
|poke|p2|Hawlucha, F|
|poke|p2|Cramorant, F|
|teampreview
|
|t:|1760828752
|teamsize|p1|6
|teamsize|p2|6
|start
|switch|p1a: Alomomola|Alomomola, M|100/100
|switch|p2a: Bellibolt|Bellibolt, M|100/100
|turn|1
|inactive|Battle timer is ON: inactive players will automatically lose when time's up. (requested by dragonfandan)
|l|☆obezer
|inactive|obezer disconnected and has a minute to reconnect!
|player|p2|
|j|☆obezer
|inactive|obezer reconnected and has 135 seconds left.
|player|p2|obezer|marshal|
|
|t:|1760828774
|move|p2a: Bellibolt|Charge Beam|p1a: Alomomola
|-supereffective|p1a: Alomomola
|-damage|p1a: Alomomola|61/100
|move|p1a: Alomomola|Mirror Coat|p2a: Bellibolt
|-damage|p2a: Bellibolt|0 fnt
|faint|p2a: Bellibolt
|
|upkeep
|
|t:|1760828786
|switch|p2a: Rillaboom|Rillaboom, M|100/100
|-fieldstart|move: Grassy Terrain|[from] ability: Grassy Surge|[of] p2a: Rillaboom
|turn|2
|
|t:|1760828798
|switch|p1a: Slowking|Slowking-Galar, F|100/100
|move|p2a: Rillaboom|Knock Off|p1a: Slowking
|-supereffective|p1a: Slowking
|-damage|p1a: Slowking|4/100
|-enditem|p1a: Slowking|Heavy-Duty Boots|[from] move: Knock Off|[of] p2a: Rillaboom
|-damage|p2a: Rillaboom|91/100|[from] item: Life Orb
|
|-heal|p2a: Rillaboom|97/100|[from] Grassy Terrain
|-heal|p1a: Slowking|10/100|[from] Grassy Terrain
|upkeep
|turn|3
|
|t:|1760828812
|move|p2a: Rillaboom|Knock Off|p1a: Slowking
|-supereffective|p1a: Slowking
|-damage|p1a: Slowking|0 fnt
|faint|p1a: Slowking
|-damage|p2a: Rillaboom|87/100|[from] item: Life Orb
|
|-heal|p2a: Rillaboom|93/100|[from] Grassy Terrain
|upkeep
|
|t:|1760828820
|switch|p1a: Cinderace|Cinderace, F|100/100
|turn|4
|
|t:|1760828828
|switch|p2a: Cramorant|Cramorant, F|100/100
|move|p1a: Cinderace|U-turn|p2a: Cramorant
|-start|p1a: Cinderace|typechange|Bug|[from] ability: Libero
|-resisted|p2a: Cramorant
|-crit|p2a: Cramorant
|-damage|p2a: Cramorant|74/100
|
|t:|1760828838
|switch|p1a: Dragapult|Dragapult, M|100/100|[from] U-turn
|
|upkeep
|turn|5
|
|t:|1760828844
|move|p1a: Dragapult|Dragon Dance|p1a: Dragapult
|-boost|p1a: Dragapult|atk|1
|-boost|p1a: Dragapult|spe|1
|move|p2a: Cramorant|Surf|p1a: Dragapult
|-formechange|p2a: Cramorant|Cramorant-Gulping|
|-resisted|p1a: Dragapult
|-damage|p1a: Dragapult|81/100
|
|-heal|p1a: Dragapult|87/100|[from] Grassy Terrain
|upkeep
|turn|6
|
|t:|1760828854
|move|p1a: Dragapult|Dragon Dance|p1a: Dragapult
|-boost|p1a: Dragapult|atk|1
|-boost|p1a: Dragapult|spe|1
|move|p2a: Cramorant|Hurricane|p1a: Dragapult
|-damage|p1a: Dragapult|45/100
|
|-heal|p1a: Dragapult|51/100|[from] Grassy Terrain
|-fieldend|move: Grassy Terrain
|upkeep
|turn|7
|
|t:|1760828864
|move|p1a: Dragapult|Dragon Darts|p2a: Cramorant
|-damage|p2a: Cramorant|20/100
|-damage|p1a: Dragapult|26/100|[from] ability: Gulp Missile|[of] p2a: Cramorant
|-unboost|p1a: Dragapult|def|1
|-formechange|p2a: Cramorant|Cramorant|
|-anim|p1a: Dragapult|Dragon Darts|p2a: Cramorant
|-damage|p2a: Cramorant|0 fnt
|faint|p2a: Cramorant
|
|upkeep
|
|t:|1760828871
|switch|p2a: Rillaboom|Rillaboom, M|93/100
|-fieldstart|move: Grassy Terrain|[from] ability: Grassy Surge|[of] p2a: Rillaboom
|turn|8
|inactive|dragonfandan has 120 seconds left.
|
|t:|1760828913
|switch|p1a: Cinderace|Cinderace, F|100/100
|move|p2a: Rillaboom|Grassy Glide|p1a: Cinderace
|-resisted|p1a: Cinderace
|-damage|p1a: Cinderace|69/100
|-damage|p2a: Rillaboom|83/100|[from] item: Life Orb
|
|-heal|p1a: Cinderace|75/100|[from] Grassy Terrain
|-heal|p2a: Rillaboom|89/100|[from] Grassy Terrain
|upkeep
|turn|9
|
|t:|1760828935
|switch|p2a: Sinistcha|Sinistcha|100/100
|move|p1a: Cinderace|Will-O-Wisp|p2a: Sinistcha
|-status|p2a: Sinistcha|brn
|
|-heal|p1a: Cinderace|81/100|[from] Grassy Terrain
|-damage|p2a: Sinistcha|98/100 brn|[from] brn
|upkeep
|turn|10
|
|t:|1760828946
|move|p1a: Cinderace|U-turn|p2a: Sinistcha
|-start|p1a: Cinderace|typechange|Bug|[from] ability: Libero
|-damage|p2a: Sinistcha|74/100 brn
|
|t:|1760828953
|switch|p1a: Darkrai|Darkrai|100/100|[from] U-turn
|move|p2a: Sinistcha|Calm Mind|p2a: Sinistcha
|-boost|p2a: Sinistcha|spa|1
|-boost|p2a: Sinistcha|spd|1
|
|-heal|p2a: Sinistcha|80/100 brn|[from] Grassy Terrain
|-damage|p2a: Sinistcha|77/100 brn|[from] brn
|upkeep
|turn|11
|
|t:|1760828968
|-terastallize|p2a: Sinistcha|Poison
|move|p1a: Darkrai|Nasty Plot|p1a: Darkrai
|-boost|p1a: Darkrai|spa|2
|move|p2a: Sinistcha|Matcha Gotcha|p1a: Darkrai
|-damage|p1a: Darkrai|17/100
|-heal|p2a: Sinistcha|100/100 brn|[from] drain|[of] p1a: Darkrai
|
|-heal|p1a: Darkrai|23/100|[from] Grassy Terrain
|-damage|p2a: Sinistcha|98/100 brn|[from] brn
|upkeep
|turn|12
|inactive|dragonfandan has 90 seconds left.
|inactive|dragonfandan has 60 seconds left.
|inactive|dragonfandan has 30 seconds left.
|
|t:|1760829067
|move|p1a: Darkrai|Dark Pulse|p2a: Sinistcha
|-damage|p2a: Sinistcha|34/100 brn
|move|p2a: Sinistcha|Matcha Gotcha|p1a: Darkrai
|-damage|p1a: Darkrai|0 fnt
|-heal|p2a: Sinistcha|43/100 brn|[from] drain|[of] p1a: Darkrai
|faint|p1a: Darkrai
|
|-heal|p2a: Sinistcha|49/100 brn|[from] Grassy Terrain
|-damage|p2a: Sinistcha|46/100 brn|[from] brn
|-fieldend|move: Grassy Terrain
|upkeep
|inactive|dragonfandan has 30 seconds left this turn.
|l|☆obezer
|inactive|obezer disconnected and has a minute to reconnect!
|player|p2|
|inactive|dragonfandan has 20 seconds left.
|inactive|dragonfandan has 15 seconds left.
|inactive|dragonfandan has 10 seconds left.
|inactive|dragonfandan has 5 seconds left.
|
|t:|1760829094
|switch|p1a: Cinderace|Cinderace, F|81/100
|turn|13
|inactive|dragonfandan has 15 seconds left this turn.
|j|☆obezer
|inactive|obezer reconnected and has 130 seconds left.
|player|p2|obezer|marshal|
|
|t:|1760829112
|move|p1a: Cinderace|Pyro Ball|p2a: Sinistcha
|-damage|p2a: Sinistcha|25/100 brn
|move|p2a: Sinistcha|Strength Sap|p1a: Cinderace
|-unboost|p1a: Cinderace|atk|1
|-heal|p2a: Sinistcha|100/100 brn
|
|-damage|p2a: Sinistcha|98/100 brn|[from] brn
|upkeep
|turn|14
|inactive|dragonfandan has 25 seconds left this turn.
|inactive|dragonfandan has 20 seconds left.
|-message|dragonfandan forfeited.
|
|win|obezer
|raw|dragonfandan's rating: 1275 &rarr; <strong>1246</strong><br />(-29 for losing)
|raw|obezer's rating: 1220 &rarr; <strong>1249</strong><br />(+29 for winning)
|l|☆dragonfandan
|player|p1|
|l|☆obezer
|player|p2|
