|j|☆hellh0le
|j|☆ineverhaxed
|t:|1760792391
|gametype|singles
|player|p1|hellh0le|cheryl|1187
|player|p2|ineverhaxed|101|1249
|gen|9
|tier|[Gen 9] OU
|rated|
|rule|HP Percentage Mod: HP is shown in percentages
|rule|Endless Battle Clause: Forcing endless battles is banned
|rule|Species Clause: Limit one of each Pokémon
|rule|OHKO Clause: OHKO moves are banned
|rule|Evasion Items Clause: Evasion items are banned
|rule|Evasion Moves Clause: Evasion moves are banned
|rule|Evasion Abilities Clause: Evasion abilities are banned
|rule|Sleep Moves Clause: Sleep-inducing moves are banned
|clearpoke
|poke|p1|Heatran, M|
|poke|p1|Rillaboom, M|
|poke|p1|Ogerpon-Wellspring, F|
|poke|p1|Dragapult, M|
|poke|p1|Great Tusk|
|poke|p1|Bronzong|
|poke|p2|Illumise, F|
|poke|p2|Cloyster, F|
|poke|p2|Blissey, F|
|poke|p2|Darkrai|
|poke|p2|Cinderace, M|
|poke|p2|Lokix, M|
|teampreview
|
|t:|1760792407
|teamsize|p1|6
|teamsize|p2|6
|start
|switch|p1a: Heatran|Heatran, M|100/100
|switch|p2a: Illumise|Illumise, F|100/100
|turn|1
|
|t:|1760792414
|move|p2a: Illumise|Substitute|p2a: Illumise
|-start|p2a: Illumise|Substitute
|-damage|p2a: Illumise|76/100
|move|p1a: Heatran|Magma Storm|p2a: Illumise
|-supereffective|p2a: Illumise
|-end|p2a: Illumise|Substitute
|
|-heal|p2a: Illumise|82/100|[from] item: Leftovers
|upkeep
|turn|2
|
|t:|1760792421
|move|p2a: Illumise|Substitute|p2a: Illumise
|-start|p2a: Illumise|Substitute
|-damage|p2a: Illumise|57/100
|move|p1a: Heatran|Heavy Slam|p2a: Illumise
|-end|p2a: Illumise|Substitute
|
|-heal|p2a: Illumise|63/100|[from] item: Leftovers
|upkeep
|turn|3
|
|t:|1760792428
|move|p2a: Illumise|Encore|p1a: Heatran
|-start|p1a: Heatran|Encore
|move|p1a: Heatran|Heavy Slam|p2a: Illumise
|-damage|p2a: Illumise|34/100
|
|-heal|p2a: Illumise|40/100|[from] item: Leftovers
|upkeep
|turn|4
|
|t:|1760792437
|switch|p1a: Dragapult|Dragapult, M|100/100
|move|p2a: Illumise|Mud-Slap|p1a: Dragapult
|-damage|p1a: Dragapult|95/100
|
|-heal|p2a: Illumise|46/100|[from] item: Leftovers
|upkeep
|turn|5
|
|t:|1760792444
|move|p2a: Illumise|Substitute|p2a: Illumise
|-start|p2a: Illumise|Substitute
|-damage|p2a: Illumise|21/100
|move|p1a: Dragapult|U-turn|p2a: Illumise
|-activate|p2a: Illumise|move: Substitute|[damage]
|
|t:|1760792461
|switch|p1a: Bronzong|Bronzong, shiny|100/100|[from] U-turn
|
|-heal|p2a: Illumise|27/100|[from] item: Leftovers
|upkeep
|turn|6
|
|t:|1760792467
|move|p2a: Illumise|Infestation|p1a: Bronzong
|-damage|p1a: Bronzong|97/100
|-activate|p1a: Bronzong|move: Infestation|[of] p2a: Illumise
|move|p1a: Bronzong|Stealth Rock|p2a: Illumise
|-sidestart|p2: ineverhaxed|move: Stealth Rock
|
|-heal|p2a: Illumise|33/100|[from] item: Leftovers
|-damage|p1a: Bronzong|84/100|[from] move: Infestation|[partiallytrapped]
|upkeep
|turn|7
|
|t:|1760792472
|move|p2a: Illumise|Encore|p1a: Bronzong
|-start|p1a: Bronzong|Encore
|move|p1a: Bronzong|Stealth Rock||[still]
|-fail|p1a: Bronzong
|
|-heal|p2a: Illumise|39/100|[from] item: Leftovers
|-damage|p1a: Bronzong|72/100|[from] move: Infestation|[partiallytrapped]
|upkeep
|turn|8
|
|t:|1760792476
|move|p2a: Illumise|Mud-Slap|p1a: Bronzong
|-immune|p1a: Bronzong|[from] ability: Levitate
|move|p1a: Bronzong|Stealth Rock||[still]
|-fail|p1a: Bronzong
|
|-heal|p2a: Illumise|45/100|[from] item: Leftovers
|-damage|p1a: Bronzong|59/100|[from] move: Infestation|[partiallytrapped]
|upkeep
|turn|9
|
|t:|1760792479
|move|p2a: Illumise|Infestation|p1a: Bronzong
|-damage|p1a: Bronzong|56/100
|move|p1a: Bronzong|Stealth Rock||[still]
|-fail|p1a: Bronzong
|
|-heal|p2a: Illumise|51/100|[from] item: Leftovers
|-damage|p1a: Bronzong|43/100|[from] move: Infestation|[partiallytrapped]
|-end|p1a: Bronzong|Encore
|upkeep
|turn|10
|
|t:|1760792483
|move|p2a: Illumise|Encore|p1a: Bronzong
|-start|p1a: Bronzong|Encore
|move|p1a: Bronzong|Stealth Rock||[still]
|-fail|p1a: Bronzong
|
|-heal|p2a: Illumise|57/100|[from] item: Leftovers
|-end|p1a: Bronzong|Infestation|[partiallytrapped]
|upkeep
|turn|11
|
|t:|1760792489
|move|p2a: Illumise|Infestation|p1a: Bronzong
|-damage|p1a: Bronzong|40/100
|-activate|p1a: Bronzong|move: Infestation|[of] p2a: Illumise
|move|p1a: Bronzong|Stealth Rock||[still]
|-fail|p1a: Bronzong
|
|-heal|p2a: Illumise|63/100|[from] item: Leftovers
|-damage|p1a: Bronzong|27/100|[from] move: Infestation|[partiallytrapped]
|upkeep
|turn|12
|
|t:|1760792494
|move|p2a: Illumise|Encore||[still]
|-fail|p2a: Illumise
|move|p1a: Bronzong|Stealth Rock||[still]
|-fail|p1a: Bronzong
|
|-heal|p2a: Illumise|69/100|[from] item: Leftovers
|-damage|p1a: Bronzong|15/100|[from] move: Infestation|[partiallytrapped]
|-end|p1a: Bronzong|Encore
|upkeep
|turn|13
|
|t:|1760792500
|move|p2a: Illumise|Encore|p1a: Bronzong
|-start|p1a: Bronzong|Encore
|move|p1a: Bronzong|Stealth Rock||[still]
|-fail|p1a: Bronzong
|
|-heal|p2a: Illumise|76/100|[from] item: Leftovers
|-damage|p1a: Bronzong|2/100|[from] move: Infestation|[partiallytrapped]
|upkeep
|turn|14
|
|t:|1760792509
|move|p2a: Illumise|Infestation|p1a: Bronzong
|-damage|p1a: Bronzong|0 fnt
|faint|p1a: Bronzong
|
|-heal|p2a: Illumise|82/100|[from] item: Leftovers
|upkeep
|
|t:|1760792518
|switch|p1a: Heatran|Heatran, M|100/100
|turn|15
|
|t:|1760792523
|move|p2a: Illumise|Mud-Slap|p1a: Heatran
|-supereffective|p1a: Heatran
|-damage|p1a: Heatran|90/100
|-unboost|p1a: Heatran|accuracy|1
|move|p1a: Heatran|Taunt|p2a: Illumise
|-start|p2a: Illumise|move: Taunt
|
|-heal|p2a: Illumise|88/100|[from] item: Leftovers
|-heal|p1a: Heatran|96/100|[from] item: Leftovers
|upkeep
|turn|16
|
|t:|1760792531
|move|p2a: Illumise|Infestation|p1a: Heatran
|-resisted|p1a: Heatran
|-damage|p1a: Heatran|95/100
|-activate|p1a: Heatran|move: Infestation|[of] p2a: Illumise
|move|p1a: Heatran|Heavy Slam|p2a: Illumise
|-end|p2a: Illumise|Substitute
|
|-heal|p2a: Illumise|94/100|[from] item: Leftovers
|-heal|p1a: Heatran|100/100|[from] item: Leftovers
|-damage|p1a: Heatran|88/100|[from] move: Infestation|[partiallytrapped]
|upkeep
|turn|17
|
|t:|1760792541
|move|p2a: Illumise|Infestation|p1a: Heatran
|-resisted|p1a: Heatran
|-damage|p1a: Heatran|87/100
|move|p1a: Heatran|Heavy Slam|p2a: Illumise
|-damage|p2a: Illumise|66/100
|
|-heal|p2a: Illumise|72/100|[from] item: Leftovers
|-heal|p1a: Heatran|94/100|[from] item: Leftovers
|-damage|p1a: Heatran|81/100|[from] move: Infestation|[partiallytrapped]
|upkeep
|turn|18
|
|t:|1760792549
|move|p2a: Illumise|Mud-Slap|p1a: Heatran
|-supereffective|p1a: Heatran
|-damage|p1a: Heatran|70/100
|-unboost|p1a: Heatran|accuracy|1
|move|p1a: Heatran|Magma Storm|p2a: Illumise
|-supereffective|p2a: Illumise
|-damage|p2a: Illumise|0 fnt
|faint|p2a: Illumise
|
|-heal|p1a: Heatran|77/100|[from] item: Leftovers
|-end|p1a: Heatran|Infestation|[partiallytrapped]|[silent]
|upkeep
|
|t:|1760792556
|switch|p2a: Cinderace|Cinderace, M|100/100
|-damage|p2a: Cinderace|76/100|[from] Stealth Rock
|turn|19
|
|t:|1760792563
|switch|p1a: Great Tusk|Great Tusk|100/100
|move|p2a: Cinderace|Court Change|p2a: Cinderace
|-start|p2a: Cinderace|typechange|Normal|[from] ability: Libero
|-swapsideconditions
|-activate|p2a: Cinderace|move: Court Change
|
|upkeep
|turn|20
|
|t:|1760792568
|move|p2a: Cinderace|Will-O-Wisp|p1a: Great Tusk
|-status|p1a: Great Tusk|brn
|move|p1a: Great Tusk|Rapid Spin|p2a: Cinderace
|-damage|p2a: Cinderace|65/100
|-boost|p1a: Great Tusk|spe|1
|-sideend|p1: hellh0le|Stealth Rock|[from] move: Rapid Spin|[of] p1a: Great Tusk
|-enditem|p2a: Cinderace|Red Card|[of] p1a: Great Tusk
|-end|p1a: Great Tusk|Protosynthesis|[silent]
|drag|p1a: Rillaboom|Rillaboom, M|100/100
|-fieldstart|move: Grassy Terrain|[from] ability: Grassy Surge|[of] p1a: Rillaboom
|
|-heal|p2a: Cinderace|71/100|[from] Grassy Terrain
|upkeep
|turn|21
|
|t:|1760792588
|switch|p2a: Darkrai|Darkrai|100/100
|switch|p1a: Heatran|Heatran, M|77/100
|
|-heal|p1a: Heatran|83/100|[from] Grassy Terrain
|-heal|p1a: Heatran|89/100|[from] item: Leftovers
|upkeep
|turn|22
|
|t:|1760792597
|move|p2a: Darkrai|Trick|p1a: Heatran
|-activate|p2a: Darkrai|move: Trick|[of] p1a: Heatran
|-item|p1a: Heatran|Choice Scarf|[from] move: Trick
|-item|p2a: Darkrai|Leftovers|[from] move: Trick
|move|p1a: Heatran|Magma Storm|p2a: Darkrai
|-damage|p2a: Darkrai|42/100
|-activate|p2a: Darkrai|move: Magma Storm|[of] p1a: Heatran
|
|-heal|p2a: Darkrai|49/100|[from] Grassy Terrain
|-heal|p2a: Darkrai|55/100|[from] item: Leftovers
|-heal|p1a: Heatran|95/100|[from] Grassy Terrain
|-damage|p2a: Darkrai|42/100|[from] move: Magma Storm|[partiallytrapped]
|upkeep
|turn|23
|
|t:|1760792609
|move|p2a: Darkrai|Dark Pulse|p1a: Heatran
|-damage|p1a: Heatran|64/100
|move|p1a: Heatran|Magma Storm|p2a: Darkrai
|-damage|p2a: Darkrai|0 fnt
|faint|p2a: Darkrai
|
|-heal|p1a: Heatran|70/100|[from] Grassy Terrain
|upkeep
|
|t:|1760792619
|switch|p2a: Cinderace|Cinderace, M|71/100
|turn|24
|
|t:|1760792626
|move|p2a: Cinderace|Acrobatics|p1a: Heatran
|-start|p2a: Cinderace|typechange|Flying|[from] ability: Libero
|-resisted|p1a: Heatran
|-damage|p1a: Heatran|47/100
|move|p1a: Heatran|Magma Storm|p2a: Cinderace
|-damage|p2a: Cinderace|11/100
|-activate|p2a: Cinderace|move: Magma Storm|[of] p1a: Heatran
|
|-heal|p1a: Heatran|53/100|[from] Grassy Terrain
|-damage|p2a: Cinderace|0 fnt|[from] move: Magma Storm|[partiallytrapped]
|faint|p2a: Cinderace
|upkeep
|
|t:|1760792634
|switch|p2a: Blissey|Blissey, F|100/100
|turn|25
|
|t:|1760792640
|switch|p1a: Rillaboom|Rillaboom, M|100/100
|move|p2a: Blissey|Shadow Ball|p1a: Rillaboom
|-damage|p1a: Rillaboom|80/100
|
|-heal|p1a: Rillaboom|86/100|[from] Grassy Terrain
|upkeep
|turn|26
|
|t:|1760792646
|move|p1a: Rillaboom|Knock Off|p2a: Blissey
|-damage|p2a: Blissey|64/100
|-enditem|p2a: Blissey|Leftovers|[from] move: Knock Off|[of] p1a: Rillaboom
|move|p2a: Blissey|Ice Beam|p1a: Rillaboom
|-supereffective|p1a: Rillaboom
|-damage|p1a: Rillaboom|41/100
|-status|p1a: Rillaboom|frz
|
|-heal|p1a: Rillaboom|47/100 frz|[from] Grassy Terrain
|-heal|p2a: Blissey|70/100|[from] Grassy Terrain
|upkeep
|turn|27
|
|t:|1760792660
|switch|p2a: Cloyster|Cloyster, F|100/100
|cant|p1a: Rillaboom|frz
|
|-heal|p1a: Rillaboom|54/100 frz|[from] Grassy Terrain
|-fieldend|move: Grassy Terrain
|upkeep
|turn|28
|
|t:|1760792682
|switch|p1a: Heatran|Heatran, M|53/100
|move|p2a: Cloyster|Shell Smash|p2a: Cloyster
|-unboost|p2a: Cloyster|def|1
|-unboost|p2a: Cloyster|spd|1
|-boost|p2a: Cloyster|atk|2
|-boost|p2a: Cloyster|spa|2
|-boost|p2a: Cloyster|spe|2
|
|upkeep
|turn|29
|
|t:|1760792689
|-terastallize|p2a: Cloyster|Ghost
|move|p2a: Cloyster|Tera Blast|p1a: Heatran|[anim] Tera Blast Ghost
|-damage|p1a: Heatran|0 fnt
|faint|p1a: Heatran
|
|upkeep
|inactive|Battle timer is ON: inactive players will automatically lose when time's up. (requested by ineverhaxed)
|
|t:|1760792722
|switch|p1a: Rillaboom|Rillaboom, M|54/100 frz
|-fieldstart|move: Grassy Terrain|[from] ability: Grassy Surge|[of] p1a: Rillaboom
|turn|30
|
|t:|1760792727
|move|p2a: Cloyster|Ice Shard|p1a: Rillaboom
|-supereffective|p1a: Rillaboom
|-damage|p1a: Rillaboom|0 fnt
|faint|p1a: Rillaboom
|
|upkeep
|
|t:|1760792732
|switch|p1a: Dragapult|Dragapult, M|95/100
|turn|31
|l|☆ineverhaxed
|inactive|ineverhaxed disconnected and has a minute to reconnect!
|player|p2|
|inactive|ineverhaxed has 30 seconds to reconnect!
|inactive|ineverhaxed has 20 seconds to reconnect!
|inactive|ineverhaxed has 15 seconds to reconnect!
|inactive|ineverhaxed has 10 seconds to reconnect!
|inactive|ineverhaxed has 5 seconds to reconnect!
|-message|ineverhaxed lost due to inactivity.
|
|win|hellh0le
|raw|hellh0le's rating: 1187 &rarr; <strong>1216</strong><br />(+29 for winning)
|raw|ineverhaxed's rating: 1249 &rarr; <strong>1220</strong><br />(-29 for losing)
|l|☆hellh0le
|player|p1|
