|j|☆AlmightyHD
|j|☆gang696969
|t:|1760818131
|gametype|singles
|player|p1|AlmightyHD|acetrainerf-gen4dp|1472
|player|p2|gang696969|102|1471
|gen|9
|tier|[Gen 9] OU
|rated|
|rule|HP Percentage Mod: HP is shown in percentages
|rule|Endless Battle Clause: Forcing endless battles is banned
|rule|Species Clause: Limit one of each Pokémon
|rule|OHKO Clause: OHKO moves are banned
|rule|Evasion Items Clause: Evasion items are banned
|rule|Evasion Moves Clause: Evasion moves are banned
|rule|Evasion Abilities Clause: Evasion abilities are banned
|rule|Sleep Moves Clause: Sleep-inducing moves are banned
|clearpoke
|poke|p1|Dragonite, F|
|poke|p1|Tyranitar, M|
|poke|p1|Excadrill, M|
|poke|p1|Ogerpon-Wellspring, F|
|poke|p1|Moltres|
|poke|p1|Uxie|
|poke|p2|Ceruledge, F|
|poke|p2|Walking Wake|
|poke|p2|Dragonite, F|
|poke|p2|Torkoal, F|
|poke|p2|Venusaur, F|
|poke|p2|Kingambit, M|
|teampreview
|inactive|Battle timer is ON: inactive players will automatically lose when time's up. (requested by AlmightyHD)
|
|t:|1760818172
|teamsize|p1|6
|teamsize|p2|6
|start
|switch|p1a: Uxie|Uxie, shiny|100/100
|switch|p2a: Ceruledge|Ceruledge, F|100/100
|turn|1
|
|t:|1760818180
|switch|p1a: Dragonite|Dragonite, F|100/100
|move|p2a: Ceruledge|Swords Dance|p2a: Ceruledge
|-boost|p2a: Ceruledge|atk|2
|
|upkeep
|turn|2
|
|t:|1760818187
|move|p2a: Ceruledge|Poltergeist|p1a: Dragonite
|-activate|p1a: Dragonite|move: Poltergeist|Choice Band
|-damage|p1a: Dragonite|29/100
|move|p1a: Dragonite|Outrage|p2a: Ceruledge
|-enditem|p2a: Ceruledge|Focus Sash
|-damage|p2a: Ceruledge|1/100
|-ability|p2a: Ceruledge|Weak Armor|boost
|-unboost|p2a: Ceruledge|def|1
|-boost|p2a: Ceruledge|spe|2
|
|upkeep
|turn|3
|
|t:|1760818201
|move|p2a: Ceruledge|Bitter Blade|p1a: Dragonite
|-resisted|p1a: Dragonite
|-damage|p1a: Dragonite|0 fnt
|-heal|p2a: Ceruledge|17/100|[from] drain|[of] p1a: Dragonite
|faint|p1a: Dragonite
|
|upkeep
|
|t:|1760818203
|switch|p1a: Tyranitar|Tyranitar, M, shiny|100/100
|-weather|Sandstorm|[from] ability: Sand Stream|[of] p1a: Tyranitar
|turn|4
|
|t:|1760818218
|move|p2a: Ceruledge|Bitter Blade|p1a: Tyranitar
|-resisted|p1a: Tyranitar
|-damage|p1a: Tyranitar|53/100
|-heal|p2a: Ceruledge|44/100|[from] drain|[of] p1a: Tyranitar
|move|p1a: Tyranitar|Knock Off|p2a: Ceruledge
|-supereffective|p2a: Ceruledge
|-damage|p2a: Ceruledge|0 fnt
|faint|p2a: Ceruledge
|
|-weather|Sandstorm|[upkeep]
|upkeep
|
|t:|1760818229
|switch|p2a: Torkoal|Torkoal, F|100/100
|-weather|SunnyDay|[from] ability: Drought|[of] p2a: Torkoal
|turn|5
|
|t:|1760818236
|move|p1a: Tyranitar|Knock Off|p2a: Torkoal
|-damage|p2a: Torkoal|37/100
|-enditem|p2a: Torkoal|Heat Rock|[from] move: Knock Off|[of] p1a: Tyranitar
|move|p2a: Torkoal|Eruption|p1a: Tyranitar
|-resisted|p1a: Tyranitar
|-damage|p1a: Tyranitar|34/100
|
|-weather|SunnyDay|[upkeep]
|upkeep
|turn|6
|
|t:|1760818259
|switch|p1a: Uxie|Uxie, shiny|100/100
|switch|p2a: Dragonite|Dragonite, F|100/100
|
|-weather|SunnyDay|[upkeep]
|upkeep
|turn|7
|
|t:|1760818270
|switch|p1a: Moltres|Moltres|100/100
|move|p2a: Dragonite|Fire Punch|p1a: Moltres
|-resisted|p1a: Moltres
|-damage|p1a: Moltres|86/100
|
|-weather|SunnyDay|[upkeep]
|upkeep
|turn|8
|
|t:|1760818282
|switch|p1a: Uxie|Uxie, shiny|100/100
|switch|p2a: Torkoal|Torkoal, F|37/100
|
|-weather|SunnyDay|[upkeep]
|upkeep
|turn|9
|
|t:|1760818289
|move|p1a: Uxie|Stealth Rock|p2a: Torkoal
|-sidestart|p2: gang696969|move: Stealth Rock
|move|p2a: Torkoal|Stealth Rock|p1a: Uxie
|-sidestart|p1: AlmightyHD|move: Stealth Rock
|
|-weather|SunnyDay|[upkeep]
|upkeep
|turn|10
|
|t:|1760818296
|move|p1a: Uxie|Psychic Noise|p2a: Torkoal
|-damage|p2a: Torkoal|10/100
|-start|p2a: Torkoal|move: Heal Block
|move|p2a: Torkoal|Overheat|p1a: Uxie
|-damage|p1a: Uxie|34/100
|-unboost|p2a: Torkoal|spa|2
|
|-weather|SunnyDay|[upkeep]
|upkeep
|turn|11
|
|t:|1760818306
|switch|p1a: Moltres|Moltres|86/100
|move|p2a: Torkoal|Rapid Spin|p1a: Moltres
|-damage|p1a: Moltres|79/100
|-boost|p2a: Torkoal|spe|1
|-sideend|p2: gang696969|Stealth Rock|[from] move: Rapid Spin|[of] p2a: Torkoal
|
|-weather|SunnyDay|[upkeep]
|-end|p2a: Torkoal|move: Heal Block
|upkeep
|turn|12
|-message|AlmightyHD forfeited.
|
|win|gang696969
|raw|AlmightyHD's rating: 1472 &rarr; <strong>1452</strong><br />(-20 for losing)
|raw|gang696969's rating: 1471 &rarr; <strong>1491</strong><br />(+20 for winning)
|l|☆AlmightyHD
|player|p1|
|l|☆gang696969
|player|p2|
