|j|☆HZBKAI2
|j|☆moizette
|t:|1760763867
|gametype|singles
|player|p1|HZBKAI2|266|1141
|player|p2|moizette|gentleman-gen4|1162
|gen|9
|tier|[Gen 9] OU
|rated|
|rule|HP Percentage Mod: HP is shown in percentages
|rule|Endless Battle Clause: Forcing endless battles is banned
|rule|Species Clause: Limit one of each Pokémon
|rule|OHKO Clause: OHKO moves are banned
|rule|Evasion Items Clause: Evasion items are banned
|rule|Evasion Moves Clause: Evasion moves are banned
|rule|Evasion Abilities Clause: Evasion abilities are banned
|rule|Sleep Moves Clause: Sleep-inducing moves are banned
|clearpoke
|poke|p1|Latias, F|
|poke|p1|Ceruledge, M|
|poke|p1|Iron Valiant|
|poke|p1|Moltres-Galar|
|poke|p1|Glimmora, M|
|poke|p1|Scizor, M|
|poke|p2|Haxorus, F|
|poke|p2|Excadrill, F|
|poke|p2|Tyranitar, F|
|poke|p2|Gastrodon, M|
|poke|p2|Avalugg-Hisui, M|
|poke|p2|Alomomola, F|
|teampreview
|
|t:|1760763874
|teamsize|p1|6
|teamsize|p2|6
|start
|switch|p1a: Latias|Latias, F|100/100
|switch|p2a: Tyranitar|Tyranitar, F|100/100
|-weather|Sandstorm|[from] ability: Sand Stream|[of] p2a: Tyranitar
|turn|1
|
|t:|1760763889
|move|p1a: Latias|Aura Sphere|p2a: Tyranitar
|-supereffective|p2a: Tyranitar
|-damage|p2a: Tyranitar|66/100
|move|p2a: Tyranitar|Taunt|p1a: Latias
|-start|p1a: Latias|move: Taunt
|
|-weather|Sandstorm|[upkeep]
|-damage|p1a: Latias|94/100|[from] Sandstorm
|upkeep
|turn|2
|
|t:|1760763898
|switch|p2a: Gastrodon|Gastrodon, M|100/100
|move|p1a: Latias|Aura Sphere|p2a: Gastrodon
|-damage|p2a: Gastrodon|82/100
|
|-weather|Sandstorm|[upkeep]
|-damage|p1a: Latias|88/100|[from] Sandstorm
|upkeep
|turn|3
|
|t:|1760763907
|move|p1a: Latias|Aura Sphere|p2a: Gastrodon
|-damage|p2a: Gastrodon|64/100
|move|p2a: Gastrodon|Weather Ball|p1a: Latias
|-damage|p1a: Latias|43/100
|
|-weather|Sandstorm|[upkeep]
|-damage|p1a: Latias|36/100|[from] Sandstorm
|upkeep
|turn|4
|
|t:|1760763916
|move|p1a: Latias|Aura Sphere|p2a: Gastrodon
|-damage|p2a: Gastrodon|46/100
|move|p2a: Gastrodon|Weather Ball|p1a: Latias
|-damage|p1a: Latias|0 fnt
|faint|p1a: Latias
|
|-weather|Sandstorm|[upkeep]
|upkeep
|
|t:|1760763916
|switch|p1a: Ceruledge|Ceruledge, M|100/100
|turn|5
|
|t:|1760763929
|move|p1a: Ceruledge|Poltergeist|p2a: Gastrodon
|-activate|p2a: Gastrodon|move: Poltergeist|Choice Specs
|-damage|p2a: Gastrodon|0 fnt
|faint|p2a: Gastrodon
|
|-weather|Sandstorm|[upkeep]
|-damage|p1a: Ceruledge|94/100|[from] Sandstorm
|upkeep
|
|t:|1760763941
|switch|p2a: Excadrill|Excadrill, F|100/100
|turn|6
|
|t:|1760763956
|move|p2a: Excadrill|Rock Blast|p1a: Ceruledge
|-supereffective|p1a: Ceruledge
|-damage|p1a: Ceruledge|66/100
|-ability|p1a: Ceruledge|Weak Armor|boost
|-unboost|p1a: Ceruledge|def|1
|-boost|p1a: Ceruledge|spe|2
|-supereffective|p1a: Ceruledge
|-crit|p1a: Ceruledge
|-damage|p1a: Ceruledge|0 fnt
|faint|p1a: Ceruledge
|-hitcount|p1: Ceruledge|2
|
|-weather|Sandstorm|[upkeep]
|upkeep
|
|t:|1760763956
|switch|p1a: Scizor|Scizor, M|100/100
|turn|7
|inactive|Battle timer is ON: inactive players will automatically lose when time's up. (requested by moizette)
|
|t:|1760763972
|switch|p2a: Avalugg|Avalugg-Hisui, M|100/100
|move|p1a: Scizor|Close Combat|p2a: Avalugg
|-supereffective|p2a: Avalugg
|-damage|p2a: Avalugg|0 fnt
|-unboost|p1a: Scizor|def|1
|-unboost|p1a: Scizor|spd|1
|faint|p2a: Avalugg
|-damage|p1a: Scizor|91/100|[from] item: Life Orb
|
|-weather|Sandstorm|[upkeep]
|upkeep
|
|t:|1760763985
|switch|p2a: Alomomola|Alomomola, F|100/100
|turn|8
|
|t:|1760763988
|move|p1a: Scizor|Close Combat|p2a: Alomomola
|-damage|p2a: Alomomola|71/100
|-unboost|p1a: Scizor|def|1
|-unboost|p1a: Scizor|spd|1
|-damage|p1a: Scizor|81/100|[from] item: Life Orb
|move|p2a: Alomomola|Wish|p2a: Alomomola
|
|-weather|none
|upkeep
|turn|9
|
|t:|1760763996
|move|p1a: Scizor|Close Combat|p2a: Alomomola
|-damage|p2a: Alomomola|41/100
|-unboost|p1a: Scizor|def|1
|-unboost|p1a: Scizor|spd|1
|-damage|p1a: Scizor|71/100|[from] item: Life Orb
|move|p2a: Alomomola|Flip Turn|p1a: Scizor
|-damage|p1a: Scizor|34/100
|
|t:|1760764004
|switch|p2a: Tyranitar|Tyranitar, F|66/100|[from] Flip Turn
|-weather|Sandstorm|[from] ability: Sand Stream|[of] p2a: Tyranitar
|
|-weather|Sandstorm|[upkeep]
|-heal|p2a: Tyranitar|100/100|[from] move: Wish|[wisher] Alomomola
|upkeep
|turn|10
|
|t:|1760764016
|switch|p2a: Alomomola|Alomomola, F|74/100
|-terastallize|p1a: Scizor|Steel
|move|p1a: Scizor|Close Combat|p2a: Alomomola
|-damage|p2a: Alomomola|43/100
|-unboost|p1a: Scizor|def|1
|-unboost|p1a: Scizor|spd|1
|-damage|p1a: Scizor|24/100|[from] item: Life Orb
|
|-weather|Sandstorm|[upkeep]
|-damage|p2a: Alomomola|37/100|[from] Sandstorm
|upkeep
|turn|11
|
|t:|1760764027
|move|p1a: Scizor|Close Combat|p2a: Alomomola
|-damage|p2a: Alomomola|3/100
|-unboost|p1a: Scizor|def|1
|-unboost|p1a: Scizor|spd|1
|-damage|p1a: Scizor|14/100|[from] item: Life Orb
|move|p2a: Alomomola|Wish|p2a: Alomomola
|
|-weather|Sandstorm|[upkeep]
|-damage|p2a: Alomomola|0 fnt|[from] Sandstorm
|faint|p2a: Alomomola
|upkeep
|
|t:|1760764037
|switch|p2a: Excadrill|Excadrill, F|100/100
|turn|12
|
|t:|1760764045
|move|p2a: Excadrill|Earthquake|p1a: Scizor
|-supereffective|p1a: Scizor
|-damage|p1a: Scizor|0 fnt
|faint|p1a: Scizor
|
|-weather|Sandstorm|[upkeep]
|upkeep
|
|t:|1760764045
|switch|p1a: Moltres|Moltres-Galar|100/100
|turn|13
|
|t:|1760764053
|-terastallize|p2a: Excadrill|Rock
|move|p2a: Excadrill|Rock Blast|p1a: Moltres
|-supereffective|p1a: Moltres
|-damage|p1a: Moltres|63/100
|-supereffective|p1a: Moltres
|-damage|p1a: Moltres|28/100
|-enditem|p1a: Moltres|Sitrus Berry|[eat]
|-heal|p1a: Moltres|53/100|[from] item: Sitrus Berry
|-supereffective|p1a: Moltres
|-damage|p1a: Moltres|16/100
|-supereffective|p1a: Moltres
|-damage|p1a: Moltres|0 fnt
|faint|p1a: Moltres
|-hitcount|p1: Moltres|4
|
|-weather|Sandstorm|[upkeep]
|upkeep
|
|t:|1760764053
|switch|p1a: Glimmora|Glimmora, M|100/100
|turn|14
|
|t:|1760764067
|move|p2a: Excadrill|Earthquake|p1a: Glimmora
|-supereffective|p1a: Glimmora
|-damage|p1a: Glimmora|0 fnt
|-activate|p1a: Glimmora|ability: Toxic Debris
|-sidestart|p2: moizette|move: Toxic Spikes
|faint|p1a: Glimmora
|
|-weather|Sandstorm|[upkeep]
|upkeep
|
|t:|1760764067
|switch|p1a: Iron Valiant|Iron Valiant|100/100
|-enditem|p1a: Iron Valiant|Booster Energy
|-activate|p1a: Iron Valiant|ability: Quark Drive|[fromitem]
|-start|p1a: Iron Valiant|quarkdrivespe
|turn|15
|
|t:|1760764078
|move|p2a: Excadrill|Iron Head|p1a: Iron Valiant
|-supereffective|p1a: Iron Valiant
|-crit|p1a: Iron Valiant
|-damage|p1a: Iron Valiant|0 fnt
|faint|p1a: Iron Valiant
|-end|p1a: Iron Valiant|Quark Drive|[silent]
|
|win|moizette
|raw|HZBKAI2's rating: 1141 &rarr; <strong>1118</strong><br />(-23 for losing)
|raw|moizette's rating: 1162 &rarr; <strong>1185</strong><br />(+23 for winning)
|l|☆HZBKAI2
|player|p1|
|l|☆moizette
|player|p2|
