|j|☆snoppp
|j|☆literxlly
|t:|1760765450
|gametype|singles
|player|p1|snoppp|bruno|1338
|player|p2|literxlly|clerkf|1422
|gen|9
|tier|[Gen 9] OU
|rated|
|rule|HP Percentage Mod: HP is shown in percentages
|rule|Endless Battle Clause: Forcing endless battles is banned
|rule|Species Clause: Limit one of each Pokémon
|rule|OHKO Clause: OHKO moves are banned
|rule|Evasion Items Clause: Evasion items are banned
|rule|Evasion Moves Clause: Evasion moves are banned
|rule|Evasion Abilities Clause: Evasion abilities are banned
|rule|Sleep Moves Clause: Sleep-inducing moves are banned
|clearpoke
|poke|p1|Darkrai|
|poke|p1|Alomomola, M|
|poke|p1|Ogerpon-Wellspring, F|
|poke|p1|Weezing-Galar, F|
|poke|p1|Garchomp, F|
|poke|p1|Corviknight, M|
|poke|p2|Ogerpon-Wellspring, F|
|poke|p2|Alomomola, F|
|poke|p2|Hatterene, F|
|poke|p2|Garganacl, F|
|poke|p2|Great Tusk|
|poke|p2|Dragonite, F|
|teampreview
|
|t:|1760765466
|teamsize|p1|6
|teamsize|p2|6
|start
|switch|p1a: Garchomp|Garchomp, F|100/100
|switch|p2a: Ogerpon|Ogerpon-Wellspring, F|100/100
|turn|1
|
|t:|1760765472
|switch|p1a: Corviknight|Corviknight, M|100/100
|-ability|p1a: Corviknight|Pressure
|move|p2a: Ogerpon|U-turn|p1a: Corviknight
|-resisted|p1a: Corviknight
|-damage|p1a: Corviknight|96/100
|-damage|p2a: Ogerpon|84/100|[from] item: Rocky Helmet|[of] p1a: Corviknight
|
|t:|1760765485
|switch|p2a: Garganacl|Garganacl, F|100/100|[from] U-turn
|
|upkeep
|turn|2
|
|t:|1760765493
|move|p1a: Corviknight|U-turn|p2a: Garganacl
|-damage|p2a: Garganacl|91/100
|
|t:|1760765494
|switch|p1a: Garchomp|Garchomp, F|100/100|[from] U-turn
|move|p2a: Garganacl|Salt Cure|p1a: Garchomp
|-resisted|p1a: Garchomp
|-damage|p1a: Garchomp|96/100
|-start|p1a: Garchomp|Salt Cure
|
|-heal|p2a: Garganacl|97/100|[from] item: Leftovers
|-damage|p1a: Garchomp|84/100|[from] Salt Cure
|upkeep
|turn|3
|
|t:|1760765498
|switch|p2a: Hatterene|Hatterene, F|100/100
|move|p1a: Garchomp|Earthquake|p2a: Hatterene
|-damage|p2a: Hatterene|65/100
|
|-heal|p2a: Hatterene|71/100|[from] item: Leftovers
|-damage|p1a: Garchomp|71/100|[from] Salt Cure
|upkeep
|turn|4
|
|t:|1760765515
|switch|p1a: Weezing|Weezing-Galar, F|100/100
|-ability|p1a: Weezing|Neutralizing Gas
|move|p2a: Hatterene|Pain Split|p1a: Weezing
|-sethp|p1a: Weezing|84/100|[from] move: Pain Split|[silent]
|-sethp|p2a: Hatterene|88/100|[from] move: Pain Split
|
|-heal|p2a: Hatterene|94/100|[from] item: Leftovers
|upkeep
|turn|5
|
|t:|1760765536
|switch|p2a: Alomomola|Alomomola, F|100/100
|move|p1a: Weezing|Sludge Bomb|p2a: Alomomola
|-damage|p2a: Alomomola|86/100
|-status|p2a: Alomomola|psn
|
|-damage|p2a: Alomomola|73/100 psn|[from] psn
|upkeep
|turn|6
|inactive|Battle timer is ON: inactive players will automatically lose when time's up. (requested by snoppp)
|
|t:|1760765543
|move|p1a: Weezing|Sludge Bomb|p2a: Alomomola
|-damage|p2a: Alomomola|57/100 psn
|move|p2a: Alomomola|Body Slam|p1a: Weezing
|-damage|p1a: Weezing|74/100
|-status|p1a: Weezing|par
|
|-damage|p2a: Alomomola|45/100 psn|[from] psn
|upkeep
|turn|7
|j| zapbros
|l| zapbros
|
|t:|1760765551
|switch|p2a: Garganacl|Garganacl, F|97/100
|move|p1a: Weezing|Will-O-Wisp|p2a: Garganacl
|-status|p2a: Garganacl|brn
|
|-heal|p2a: Garganacl|100/100 brn|[from] item: Leftovers
|-damage|p2a: Garganacl|94/100 brn|[from] brn
|upkeep
|turn|8
|
|t:|1760765569
|-end|p1a: Weezing|ability: Neutralizing Gas
|switch|p1a: Garchomp|Garchomp, F|71/100
|move|p2a: Garganacl|Stealth Rock|p1a: Garchomp
|-sidestart|p1: snoppp|move: Stealth Rock
|
|-heal|p2a: Garganacl|100/100 brn|[from] item: Leftovers
|-damage|p2a: Garganacl|94/100 brn|[from] brn
|upkeep
|turn|9
|
|t:|1760765577
|switch|p2a: Hatterene|Hatterene, F|94/100
|move|p1a: Garchomp|Earthquake|p2a: Hatterene
|-damage|p2a: Hatterene|57/100
|
|-heal|p2a: Hatterene|63/100|[from] item: Leftovers
|upkeep
|turn|10
|
|t:|1760765594
|move|p1a: Garchomp|Earthquake|p2a: Hatterene
|-damage|p2a: Hatterene|26/100
|move|p2a: Hatterene|Draining Kiss|p1a: Garchomp
|-supereffective|p1a: Garchomp
|-damage|p1a: Garchomp|30/100
|-heal|p2a: Hatterene|67/100|[from] drain|[of] p1a: Garchomp
|-damage|p2a: Hatterene|55/100|[from] ability: Rough Skin|[of] p1a: Garchomp
|-damage|p2a: Hatterene|39/100|[from] item: Rocky Helmet|[of] p1a: Garchomp
|
|-heal|p2a: Hatterene|45/100|[from] item: Leftovers
|upkeep
|turn|11
|
|t:|1760765602
|move|p1a: Garchomp|Earthquake|p2a: Hatterene
|-damage|p2a: Hatterene|10/100
|move|p2a: Hatterene|Psychic Noise|p1a: Garchomp
|-crit|p1a: Garchomp
|-damage|p1a: Garchomp|0 fnt
|faint|p1a: Garchomp
|
|-heal|p2a: Hatterene|16/100|[from] item: Leftovers
|upkeep
|
|t:|1760765606
|switch|p1a: Ogerpon|Ogerpon-Wellspring, F|100/100
|-damage|p1a: Ogerpon|88/100|[from] Stealth Rock
|turn|12
|
|t:|1760765613
|move|p1a: Ogerpon|Knock Off|p2a: Hatterene
|-damage|p2a: Hatterene|0 fnt
|-enditem|p2a: Hatterene|Leftovers|[from] move: Knock Off|[of] p1a: Ogerpon
|faint|p2a: Hatterene
|
|upkeep
|
|t:|1760765616
|switch|p2a: Dragonite|Dragonite, F|100/100
|turn|13
|
|t:|1760765624
|switch|p2a: Alomomola|Alomomola, F|45/100 psn
|move|p1a: Ogerpon|U-turn|p2a: Alomomola
|-damage|p2a: Alomomola|28/100 psn
|
|t:|1760765628
|switch|p1a: Darkrai|Darkrai|100/100|[from] U-turn
|
|-damage|p2a: Alomomola|15/100 psn|[from] psn
|upkeep
|turn|14
|
|t:|1760765644
|-terastallize|p2a: Alomomola|Fairy
|move|p1a: Darkrai|Dark Pulse|p2a: Alomomola
|-resisted|p2a: Alomomola
|-damage|p2a: Alomomola|3/100 psn
|move|p2a: Alomomola|Flip Turn|p1a: Darkrai
|-damage|p1a: Darkrai|78/100
|inactive|literxlly has 120 seconds left.
|
|t:|1760765668
|switch|p2a: Garganacl|Garganacl, F|94/100 brn|[from] Flip Turn
|
|-heal|p2a: Garganacl|100/100 brn|[from] item: Leftovers
|-damage|p2a: Garganacl|94/100 brn|[from] brn
|upkeep
|turn|15
|
|t:|1760765680
|switch|p1a: Alomomola|Alomomola, M|100/100
|move|p2a: Garganacl|Salt Cure|p1a: Alomomola
|-damage|p1a: Alomomola|97/100
|-start|p1a: Alomomola|Salt Cure
|
|-heal|p2a: Garganacl|100/100 brn|[from] item: Leftovers
|-damage|p2a: Garganacl|94/100 brn|[from] brn
|-damage|p1a: Alomomola|72/100|[from] Salt Cure
|upkeep
|turn|16
|
|t:|1760765689
|move|p1a: Alomomola|Wish|p1a: Alomomola
|move|p2a: Garganacl|Salt Cure|p1a: Alomomola
|-damage|p1a: Alomomola|67/100
|
|-heal|p2a: Garganacl|100/100 brn|[from] item: Leftovers
|-damage|p2a: Garganacl|94/100 brn|[from] brn
|-damage|p1a: Alomomola|42/100|[from] Salt Cure
|upkeep
|turn|17
|
|t:|1760765699
|switch|p1a: Ogerpon|Ogerpon-Wellspring, F|88/100
|-damage|p1a: Ogerpon|76/100|[from] Stealth Rock
|move|p2a: Garganacl|Salt Cure|p1a: Ogerpon
|-damage|p1a: Ogerpon|67/100
|-start|p1a: Ogerpon|Salt Cure
|
|-heal|p1a: Ogerpon|100/100|[from] move: Wish|[wisher] Alomomola
|-heal|p2a: Garganacl|100/100 brn|[from] item: Leftovers
|-damage|p2a: Garganacl|94/100 brn|[from] brn
|-damage|p1a: Ogerpon|76/100|[from] Salt Cure
|upkeep
|turn|18
|
|t:|1760765706
|move|p2a: Garganacl|Protect|p2a: Garganacl
|-singleturn|p2a: Garganacl|Protect
|move|p1a: Ogerpon|U-turn|p2a: Garganacl
|-activate|p2a: Garganacl|move: Protect
|
|-heal|p2a: Garganacl|100/100 brn|[from] item: Leftovers
|-damage|p2a: Garganacl|94/100 brn|[from] brn
|-damage|p1a: Ogerpon|51/100|[from] Salt Cure
|upkeep
|turn|19
|
|t:|1760765709
|switch|p2a: Dragonite|Dragonite, F|100/100
|move|p1a: Ogerpon|Horn Leech|p2a: Dragonite
|-resisted|p2a: Dragonite
|-damage|p2a: Dragonite|96/100
|-heal|p1a: Ogerpon|54/100|[from] drain|[of] p2a: Dragonite
|-damage|p1a: Ogerpon|37/100|[from] item: Rocky Helmet|[of] p2a: Dragonite
|
|-damage|p1a: Ogerpon|12/100|[from] Salt Cure
|upkeep
|turn|20
|
|t:|1760765717
|move|p1a: Ogerpon|Knock Off|p2a: Dragonite
|-damage|p2a: Dragonite|60/100
|-damage|p1a: Ogerpon|0 fnt|[from] item: Rocky Helmet|[of] p2a: Dragonite
|faint|p1a: Ogerpon
|move|p2a: Dragonite|Dragon Tail|p1: Ogerpon|[notarget]
|-fail|p2a: Dragonite
|
|upkeep
|
|t:|1760765720
|switch|p1a: Darkrai|Darkrai|78/100
|turn|21
|
|t:|1760765739
|switch|p2a: Alomomola|Alomomola, F, tera:Fairy|36/100 psn
|move|p1a: Darkrai|Nasty Plot|p1a: Darkrai
|-boost|p1a: Darkrai|spa|2
|
|-damage|p2a: Alomomola|24/100 psn|[from] psn
|upkeep
|turn|22
|inactive|literxlly has 120 seconds left.
|
|t:|1760765767
|switch|p2a: Ogerpon|Ogerpon-Wellspring, F|84/100
|move|p1a: Darkrai|Sludge Bomb|p2a: Ogerpon
|-supereffective|p2a: Ogerpon
|-damage|p2a: Ogerpon|0 fnt
|faint|p2a: Ogerpon
|
|upkeep
|
|t:|1760765770
|switch|p2a: Garganacl|Garganacl, F|94/100 brn
|turn|23
|
|t:|1760765772
|move|p1a: Darkrai|Dark Pulse|p2a: Garganacl
|-damage|p2a: Garganacl|38/100 brn
|move|p2a: Garganacl|Salt Cure|p1a: Darkrai
|-damage|p1a: Darkrai|69/100
|-start|p1a: Darkrai|Salt Cure
|
|-heal|p2a: Garganacl|44/100 brn|[from] item: Leftovers
|-damage|p2a: Garganacl|38/100 brn|[from] brn
|-damage|p1a: Darkrai|57/100|[from] Salt Cure
|upkeep
|turn|24
|
|t:|1760765778
|move|p2a: Garganacl|Protect|p2a: Garganacl
|-singleturn|p2a: Garganacl|Protect
|move|p1a: Darkrai|Nasty Plot|p1a: Darkrai
|-boost|p1a: Darkrai|spa|2
|
|-heal|p2a: Garganacl|44/100 brn|[from] item: Leftovers
|-damage|p2a: Garganacl|38/100 brn|[from] brn
|-damage|p1a: Darkrai|44/100|[from] Salt Cure
|upkeep
|turn|25
|inactive|literxlly has 120 seconds left.
|inactive|literxlly has 90 seconds left.
|
|t:|1760765849
|switch|p2a: Great Tusk|Great Tusk|100/100
|move|p1a: Darkrai|Dark Pulse|p2a: Great Tusk
|-resisted|p2a: Great Tusk
|-damage|p2a: Great Tusk|1/100
|
|-damage|p1a: Darkrai|32/100|[from] Salt Cure
|upkeep
|turn|26
|
|t:|1760765860
|switch|p1a: Corviknight|Corviknight, M|96/100
|-damage|p1a: Corviknight|84/100|[from] Stealth Rock
|-ability|p1a: Corviknight|Pressure
|move|p2a: Great Tusk|Rapid Spin|p1a: Corviknight
|-resisted|p1a: Corviknight
|-damage|p1a: Corviknight|79/100
|-boost|p2a: Great Tusk|spe|1
|-damage|p2a: Great Tusk|0 fnt|[from] item: Rocky Helmet|[of] p1a: Corviknight
|faint|p2a: Great Tusk
|-end|p2a: Great Tusk|Protosynthesis|[silent]
|
|upkeep
|
|t:|1760765865
|switch|p2a: Garganacl|Garganacl, F|38/100 brn
|turn|27
|inactive|literxlly has 90 seconds left.
|
|t:|1760765892
|move|p1a: Corviknight|U-turn|p2a: Garganacl
|-damage|p2a: Garganacl|28/100 brn
|
|t:|1760765897
|switch|p1a: Weezing|Weezing-Galar, F|74/100 par|[from] U-turn
|-ability|p1a: Weezing|Neutralizing Gas
|move|p2a: Garganacl|Recover|p2a: Garganacl
|-heal|p2a: Garganacl|78/100 brn
|
|-heal|p2a: Garganacl|84/100 brn|[from] item: Leftovers
|-damage|p2a: Garganacl|78/100 brn|[from] brn
|upkeep
|turn|28
|
|t:|1760765901
|move|p2a: Garganacl|Salt Cure|p1a: Weezing
|-damage|p1a: Weezing|70/100 par
|-start|p1a: Weezing|Salt Cure
|move|p1a: Weezing|Sludge Bomb|p2a: Garganacl
|-resisted|p2a: Garganacl
|-damage|p2a: Garganacl|69/100 brn
|
|-heal|p2a: Garganacl|75/100 brn|[from] item: Leftovers
|-damage|p2a: Garganacl|69/100 brn|[from] brn
|-damage|p1a: Weezing|58/100 par|[from] Salt Cure
|upkeep
|turn|29
|
|t:|1760765911
|move|p2a: Garganacl|Salt Cure|p1a: Weezing
|-damage|p1a: Weezing|53/100 par
|move|p1a: Weezing|Defog|p2a: Garganacl
|-unboost|p2a: Garganacl|evasion|1
|-sideend|p1: snoppp|Stealth Rock|[from] move: Defog|[of] p1a: Weezing
|
|-heal|p2a: Garganacl|75/100 brn|[from] item: Leftovers
|-damage|p2a: Garganacl|69/100 brn|[from] brn
|-damage|p1a: Weezing|41/100 par|[from] Salt Cure
|upkeep
|turn|30
|
|t:|1760765914
|move|p2a: Garganacl|Stealth Rock|p1a: Weezing
|-sidestart|p1: snoppp|move: Stealth Rock
|cant|p1a: Weezing|par
|
|-heal|p2a: Garganacl|75/100 brn|[from] item: Leftovers
|-damage|p2a: Garganacl|69/100 brn|[from] brn
|-damage|p1a: Weezing|28/100 par|[from] Salt Cure
|upkeep
|turn|31
|
|t:|1760765919
|move|p2a: Garganacl|Recover|p2a: Garganacl
|-heal|p2a: Garganacl|100/100 brn
|move|p1a: Weezing|Pain Split|p2a: Garganacl
|-sethp|p2a: Garganacl|62/100 brn|[from] move: Pain Split|[silent]
|-sethp|p1a: Weezing|75/100 par|[from] move: Pain Split
|
|-heal|p2a: Garganacl|68/100 brn|[from] item: Leftovers
|-damage|p2a: Garganacl|62/100 brn|[from] brn
|-damage|p1a: Weezing|62/100 par|[from] Salt Cure
|upkeep
|turn|32
|
|t:|1760765927
|move|p2a: Garganacl|Recover|p2a: Garganacl
|-heal|p2a: Garganacl|100/100 brn
|move|p1a: Weezing|Defog|p2a: Garganacl
|-unboost|p2a: Garganacl|evasion|1
|-sideend|p1: snoppp|Stealth Rock|[from] move: Defog|[of] p1a: Weezing
|
|-damage|p2a: Garganacl|94/100 brn|[from] brn
|-damage|p1a: Weezing|50/100 par|[from] Salt Cure
|upkeep
|turn|33
|
|t:|1760765931
|move|p2a: Garganacl|Stealth Rock|p1a: Weezing
|-sidestart|p1: snoppp|move: Stealth Rock
|move|p1a: Weezing|Pain Split|p2a: Garganacl
|-sethp|p2a: Garganacl|68/100 brn|[from] move: Pain Split|[silent]
|-sethp|p1a: Weezing|82/100 par|[from] move: Pain Split
|
|-heal|p2a: Garganacl|74/100 brn|[from] item: Leftovers
|-damage|p2a: Garganacl|68/100 brn|[from] brn
|-damage|p1a: Weezing|70/100 par|[from] Salt Cure
|upkeep
|turn|34
|
|t:|1760765936
|move|p2a: Garganacl|Salt Cure|p1a: Weezing
|-damage|p1a: Weezing|65/100 par
|move|p1a: Weezing|Defog|p2a: Garganacl
|-unboost|p2a: Garganacl|evasion|1
|-sideend|p1: snoppp|Stealth Rock|[from] move: Defog|[of] p1a: Weezing
|
|-heal|p2a: Garganacl|74/100 brn|[from] item: Leftovers
|-damage|p2a: Garganacl|68/100 brn|[from] brn
|-damage|p1a: Weezing|53/100 par|[from] Salt Cure
|upkeep
|turn|35
|
|t:|1760765943
|move|p2a: Garganacl|Stealth Rock|p1a: Weezing
|-sidestart|p1: snoppp|move: Stealth Rock
|cant|p1a: Weezing|par
|
|-heal|p2a: Garganacl|74/100 brn|[from] item: Leftovers
|-damage|p2a: Garganacl|68/100 brn|[from] brn
|-damage|p1a: Weezing|41/100 par|[from] Salt Cure
|upkeep
|turn|36
|
|t:|1760765952
|move|p2a: Garganacl|Protect|p2a: Garganacl
|-singleturn|p2a: Garganacl|Protect
|move|p1a: Weezing|Pain Split|p2a: Garganacl
|-activate|p2a: Garganacl|move: Protect
|
|-heal|p2a: Garganacl|74/100 brn|[from] item: Leftovers
|-damage|p2a: Garganacl|68/100 brn|[from] brn
|-damage|p1a: Weezing|28/100 par|[from] Salt Cure
|upkeep
|turn|37
|
|t:|1760765955
|switch|p2a: Dragonite|Dragonite, F|60/100
|cant|p1a: Weezing|par
|
|-damage|p1a: Weezing|16/100 par|[from] Salt Cure
|upkeep
|turn|38
|
|t:|1760765967
|move|p2a: Dragonite|Extreme Speed|p1a: Weezing
|-damage|p1a: Weezing|0 fnt
|faint|p1a: Weezing
|-end|p1a: Weezing|ability: Neutralizing Gas
|
|upkeep
|
|t:|1760765970
|switch|p1a: Corviknight|Corviknight, M|79/100
|-damage|p1a: Corviknight|67/100|[from] Stealth Rock
|-ability|p1a: Corviknight|Pressure
|turn|39
|
|t:|1760765979
|switch|p2a: Garganacl|Garganacl, F|68/100 brn
|move|p1a: Corviknight|U-turn|p2a: Garganacl
|-damage|p2a: Garganacl|58/100 brn
|
|t:|1760765982
|switch|p1a: Alomomola|Alomomola, M|75/100|[from] U-turn
|
|-heal|p2a: Garganacl|65/100 brn|[from] item: Leftovers
|-damage|p2a: Garganacl|58/100 brn|[from] brn
|upkeep
|turn|40
|
|t:|1760765985
|move|p1a: Alomomola|Wish|p1a: Alomomola
|move|p2a: Garganacl|Recover|p2a: Garganacl
|-heal|p2a: Garganacl|100/100 brn
|
|-damage|p2a: Garganacl|94/100 brn|[from] brn
|upkeep
|turn|41
|
|t:|1760765991
|switch|p1a: Darkrai|Darkrai|32/100
|move|p2a: Garganacl|Salt Cure|p1a: Darkrai
|-damage|p1a: Darkrai|23/100
|-start|p1a: Darkrai|Salt Cure
|
|-heal|p1a: Darkrai|100/100|[from] move: Wish|[wisher] Alomomola
|-heal|p2a: Garganacl|100/100 brn|[from] item: Leftovers
|-damage|p2a: Garganacl|94/100 brn|[from] brn
|-damage|p1a: Darkrai|88/100|[from] Salt Cure
|upkeep
|turn|42
|
|t:|1760766020
|switch|p2a: Dragonite|Dragonite, F|60/100
|move|p1a: Darkrai|Nasty Plot|p1a: Darkrai
|-boost|p1a: Darkrai|spa|2
|
|-damage|p1a: Darkrai|76/100|[from] Salt Cure
|upkeep
|turn|43
|
|t:|1760766025
|move|p2a: Dragonite|Extreme Speed|p1a: Darkrai
|-damage|p1a: Darkrai|34/100
|move|p1a: Darkrai|Ice Beam|p2a: Dragonite
|-supereffective|p2a: Dragonite
|-damage|p2a: Dragonite|0 fnt
|faint|p2a: Dragonite
|
|-damage|p1a: Darkrai|21/100|[from] Salt Cure
|upkeep
|
|t:|1760766029
|switch|p2a: Garganacl|Garganacl, F|94/100 brn
|turn|44
|
|t:|1760766035
|switch|p1a: Alomomola|Alomomola, M|100/100
|move|p2a: Garganacl|Recover|p2a: Garganacl
|-heal|p2a: Garganacl|100/100 brn
|
|-damage|p2a: Garganacl|94/100 brn|[from] brn
|upkeep
|turn|45
|
|t:|1760766041
|move|p1a: Alomomola|Wish|p1a: Alomomola
|move|p2a: Garganacl|Salt Cure|p1a: Alomomola
|-damage|p1a: Alomomola|97/100
|-start|p1a: Alomomola|Salt Cure
|
|-heal|p2a: Garganacl|100/100 brn|[from] item: Leftovers
|-damage|p2a: Garganacl|94/100 brn|[from] brn
|-damage|p1a: Alomomola|72/100|[from] Salt Cure
|upkeep
|turn|46
|
|t:|1760766055
|switch|p1a: Darkrai|Darkrai|21/100
|move|p2a: Garganacl|Salt Cure|p1a: Darkrai
|-damage|p1a: Darkrai|12/100
|-start|p1a: Darkrai|Salt Cure
|
|-heal|p1a: Darkrai|96/100|[from] move: Wish|[wisher] Alomomola
|-heal|p2a: Garganacl|100/100 brn|[from] item: Leftovers
|-damage|p2a: Garganacl|94/100 brn|[from] brn
|-damage|p1a: Darkrai|83/100|[from] Salt Cure
|upkeep
|turn|47
|
|t:|1760766069
|switch|p1a: Alomomola|Alomomola, M|100/100
|switch|p2a: Alomomola|Alomomola, F, tera:Fairy|57/100 psn
|
|-damage|p2a: Alomomola|44/100 psn|[from] psn
|upkeep
|turn|48
|
|t:|1760766080
|switch|p2a: Garganacl|Garganacl, F|94/100 brn
|move|p1a: Alomomola|Wish|p1a: Alomomola
|
|-heal|p2a: Garganacl|100/100 brn|[from] item: Leftovers
|-damage|p2a: Garganacl|94/100 brn|[from] brn
|upkeep
|turn|49
|
|t:|1760766086
|move|p1a: Alomomola|Scald|p2a: Garganacl
|-supereffective|p2a: Garganacl
|-damage|p2a: Garganacl|75/100 brn
|move|p2a: Garganacl|Salt Cure|p1a: Alomomola
|-damage|p1a: Alomomola|96/100
|-start|p1a: Alomomola|Salt Cure
|
|-heal|p1a: Alomomola|100/100|[from] move: Wish|[wisher] Alomomola
|-heal|p2a: Garganacl|81/100 brn|[from] item: Leftovers
|-damage|p2a: Garganacl|75/100 brn|[from] brn
|-damage|p1a: Alomomola|75/100|[from] Salt Cure
|upkeep
|turn|50
|
|t:|1760766102
|move|p2a: Garganacl|Protect|p2a: Garganacl
|-singleturn|p2a: Garganacl|Protect
|move|p1a: Alomomola|Wish|p1a: Alomomola
|
|-heal|p2a: Garganacl|81/100 brn|[from] item: Leftovers
|-damage|p2a: Garganacl|75/100 brn|[from] brn
|-damage|p1a: Alomomola|50/100|[from] Salt Cure
|upkeep
|turn|51
|
|t:|1760766106
|move|p1a: Alomomola|Flip Turn|p2a: Garganacl
|-supereffective|p2a: Garganacl
|-damage|p2a: Garganacl|51/100 brn
|
|t:|1760766109
|switch|p1a: Corviknight|Corviknight, M|67/100|[from] Flip Turn
|-damage|p1a: Corviknight|54/100|[from] Stealth Rock
|-ability|p1a: Corviknight|Pressure
|move|p2a: Garganacl|Salt Cure|p1a: Corviknight
|-damage|p1a: Corviknight|50/100
|-start|p1a: Corviknight|Salt Cure
|
|-heal|p1a: Corviknight|100/100|[from] move: Wish|[wisher] Alomomola
|-heal|p2a: Garganacl|57/100 brn|[from] item: Leftovers
|-damage|p2a: Garganacl|51/100 brn|[from] brn
|-damage|p1a: Corviknight|76/100|[from] Salt Cure
|upkeep
|turn|52
|
|t:|1760766114
|move|p1a: Corviknight|Defog|p2a: Garganacl
|-unboost|p2a: Garganacl|evasion|1
|-sideend|p1: snoppp|Stealth Rock|[from] move: Defog|[of] p1a: Corviknight
|move|p2a: Garganacl|Recover|p2a: Garganacl
|-heal|p2a: Garganacl|100/100 brn
|
|-damage|p2a: Garganacl|94/100 brn|[from] brn
|-damage|p1a: Corviknight|51/100|[from] Salt Cure
|upkeep
|turn|53
|
|t:|1760766119
|move|p1a: Corviknight|Roost|p1a: Corviknight
|-heal|p1a: Corviknight|100/100
|-singleturn|p1a: Corviknight|move: Roost
|move|p2a: Garganacl|Stealth Rock|p1a: Corviknight
|-sidestart|p1: snoppp|move: Stealth Rock
|
|-heal|p2a: Garganacl|100/100 brn|[from] item: Leftovers
|-damage|p2a: Garganacl|94/100 brn|[from] brn
|-damage|p1a: Corviknight|76/100|[from] Salt Cure
|upkeep
|turn|54
|
|t:|1760766122
|move|p1a: Corviknight|U-turn|p2a: Garganacl
|-damage|p2a: Garganacl|86/100 brn
|
|t:|1760766124
|switch|p1a: Alomomola|Alomomola, M|84/100|[from] U-turn
|move|p2a: Garganacl|Salt Cure|p1a: Alomomola
|-damage|p1a: Alomomola|79/100
|-start|p1a: Alomomola|Salt Cure
|
|-heal|p2a: Garganacl|92/100 brn|[from] item: Leftovers
|-damage|p2a: Garganacl|86/100 brn|[from] brn
|-damage|p1a: Alomomola|54/100|[from] Salt Cure
|upkeep
|turn|55
|
|t:|1760766134
|switch|p1a: Corviknight|Corviknight, M|76/100
|-damage|p1a: Corviknight|63/100|[from] Stealth Rock
|-ability|p1a: Corviknight|Pressure
|switch|p2a: Alomomola|Alomomola, F, tera:Fairy|78/100 psn
|
|-damage|p2a: Alomomola|65/100 psn|[from] psn
|upkeep
|turn|56
|
|t:|1760766144
|move|p1a: Corviknight|U-turn|p2a: Alomomola
|-resisted|p2a: Alomomola
|-damage|p2a: Alomomola|61/100 psn
|
|t:|1760766146
|switch|p1a: Alomomola|Alomomola, M|88/100|[from] U-turn
|move|p2a: Alomomola|Scald|p1a: Alomomola
|-resisted|p1a: Alomomola
|-damage|p1a: Alomomola|81/100
|-status|p1a: Alomomola|brn
|
|-damage|p2a: Alomomola|48/100 psn|[from] psn
|-damage|p1a: Alomomola|75/100 brn|[from] brn
|upkeep
|turn|57
|
|t:|1760766155
|move|p1a: Alomomola|Wish|p1a: Alomomola
|move|p2a: Alomomola|Flip Turn|p1a: Alomomola
|-resisted|p1a: Alomomola
|-damage|p1a: Alomomola|70/100 brn
|
|t:|1760766158
|switch|p2a: Garganacl|Garganacl, F|86/100 brn|[from] Flip Turn
|
|-heal|p2a: Garganacl|92/100 brn|[from] item: Leftovers
|-damage|p1a: Alomomola|63/100 brn|[from] brn
|-damage|p2a: Garganacl|86/100 brn|[from] brn
|upkeep
|turn|58
|
|t:|1760766161
|move|p1a: Alomomola|Flip Turn|p2a: Garganacl
|-supereffective|p2a: Garganacl
|-damage|p2a: Garganacl|74/100 brn
|
|t:|1760766164
|switch|p1a: Corviknight|Corviknight, M|63/100|[from] Flip Turn
|-damage|p1a: Corviknight|51/100|[from] Stealth Rock
|-ability|p1a: Corviknight|Pressure
|move|p2a: Garganacl|Salt Cure|p1a: Corviknight
|-crit|p1a: Corviknight
|-damage|p1a: Corviknight|45/100
|-start|p1a: Corviknight|Salt Cure
|
|-heal|p1a: Corviknight|100/100|[from] move: Wish|[wisher] Alomomola
|-heal|p2a: Garganacl|80/100 brn|[from] item: Leftovers
|-damage|p2a: Garganacl|74/100 brn|[from] brn
|-damage|p1a: Corviknight|76/100|[from] Salt Cure
|upkeep
|turn|59
|c|☆literxlly|gg
|c|☆literxlly|wp
|
|t:|1760766184
|move|p1a: Corviknight|Defog|p2a: Garganacl
|-unboost|p2a: Garganacl|evasion|1
|-sideend|p1: snoppp|Stealth Rock|[from] move: Defog|[of] p1a: Corviknight
|move|p2a: Garganacl|Stealth Rock|p1a: Corviknight
|-sidestart|p1: snoppp|move: Stealth Rock
|
|-heal|p2a: Garganacl|80/100 brn|[from] item: Leftovers
|-damage|p2a: Garganacl|74/100 brn|[from] brn
|-damage|p1a: Corviknight|51/100|[from] Salt Cure
|upkeep
|turn|60
|
|t:|1760766189
|move|p1a: Corviknight|Roost|p1a: Corviknight
|-heal|p1a: Corviknight|100/100
|-singleturn|p1a: Corviknight|move: Roost
|move|p2a: Garganacl|Salt Cure|p1a: Corviknight
|-resisted|p1a: Corviknight
|-damage|p1a: Corviknight|99/100
|
|-heal|p2a: Garganacl|80/100 brn|[from] item: Leftovers
|-damage|p2a: Garganacl|74/100 brn|[from] brn
|-damage|p1a: Corviknight|74/100|[from] Salt Cure
|upkeep
|turn|61
|
|t:|1760766195
|move|p1a: Corviknight|Defog|p2a: Garganacl
|-unboost|p2a: Garganacl|evasion|1
|-sideend|p1: snoppp|Stealth Rock|[from] move: Defog|[of] p1a: Corviknight
|move|p2a: Garganacl|Stealth Rock|p1a: Corviknight
|-sidestart|p1: snoppp|move: Stealth Rock
|
|-heal|p2a: Garganacl|80/100 brn|[from] item: Leftovers
|-damage|p2a: Garganacl|74/100 brn|[from] brn
|-damage|p1a: Corviknight|49/100|[from] Salt Cure
|upkeep
|turn|62
|
|t:|1760766197
|move|p1a: Corviknight|Roost|p1a: Corviknight
|-heal|p1a: Corviknight|99/100
|-singleturn|p1a: Corviknight|move: Roost
|move|p2a: Garganacl|Stealth Rock||[still]
|-fail|p2a: Garganacl
|
|-heal|p2a: Garganacl|80/100 brn|[from] item: Leftovers
|-damage|p2a: Garganacl|74/100 brn|[from] brn
|-damage|p1a: Corviknight|74/100|[from] Salt Cure
|upkeep
|turn|63
|
|t:|1760766203
|move|p1a: Corviknight|U-turn|p2a: Garganacl
|-damage|p2a: Garganacl|64/100 brn
|
|t:|1760766205
|switch|p1a: Alomomola|Alomomola, M|97/100 brn|[from] U-turn
|move|p2a: Garganacl|Stealth Rock||[still]
|-fail|p2a: Garganacl
|
|-heal|p2a: Garganacl|70/100 brn|[from] item: Leftovers
|-damage|p1a: Alomomola|91/100 brn|[from] brn
|-damage|p2a: Garganacl|64/100 brn|[from] brn
|upkeep
|turn|64
|
|t:|1760766210
|switch|p2a: Alomomola|Alomomola, F, tera:Fairy|81/100 psn
|move|p1a: Alomomola|Scald|p2a: Alomomola
|-damage|p2a: Alomomola|74/100 psn
|
|-damage|p2a: Alomomola|62/100 psn|[from] psn
|-damage|p1a: Alomomola|84/100 brn|[from] brn
|upkeep
|turn|65
|
|t:|1760766215
|move|p1a: Alomomola|Flip Turn|p2a: Alomomola
|-damage|p2a: Alomomola|56/100 psn
|
|t:|1760766218
|switch|p1a: Corviknight|Corviknight, M|74/100|[from] Flip Turn
|-damage|p1a: Corviknight|62/100|[from] Stealth Rock
|-ability|p1a: Corviknight|Pressure
|move|p2a: Alomomola|Scald|p1a: Corviknight
|-damage|p1a: Corviknight|48/100
|
|-damage|p2a: Alomomola|43/100 psn|[from] psn
|upkeep
|turn|66
|
|t:|1760766226
|move|p1a: Corviknight|U-turn|p2a: Alomomola
|-resisted|p2a: Alomomola
|-damage|p2a: Alomomola|38/100 psn
|
|t:|1760766228
|switch|p1a: Alomomola|Alomomola, M|100/100 brn|[from] U-turn
|move|p2a: Alomomola|Scald|p1a: Alomomola
|-resisted|p1a: Alomomola
|-damage|p1a: Alomomola|94/100 brn
|
|-damage|p2a: Alomomola|26/100 psn|[from] psn
|-damage|p1a: Alomomola|88/100 brn|[from] brn
|upkeep
|turn|67
|
|t:|1760766231
|switch|p2a: Garganacl|Garganacl, F|64/100 brn
|move|p1a: Alomomola|Flip Turn|p2a: Garganacl
|-supereffective|p2a: Garganacl
|-damage|p2a: Garganacl|53/100 brn
|
|t:|1760766233
|switch|p1a: Corviknight|Corviknight, M|48/100|[from] Flip Turn
|-damage|p1a: Corviknight|36/100|[from] Stealth Rock
|-ability|p1a: Corviknight|Pressure
|
|-heal|p2a: Garganacl|59/100 brn|[from] item: Leftovers
|-damage|p2a: Garganacl|53/100 brn|[from] brn
|upkeep
|turn|68
|
|t:|1760766237
|switch|p2a: Alomomola|Alomomola, F, tera:Fairy|59/100 psn
|move|p1a: Corviknight|Roost|p1a: Corviknight
|-heal|p1a: Corviknight|86/100
|-singleturn|p1a: Corviknight|move: Roost
|
|-damage|p2a: Alomomola|47/100 psn|[from] psn
|upkeep
|turn|69
|
|t:|1760766242
|move|p1a: Corviknight|Brave Bird|p2a: Alomomola
|-damage|p2a: Alomomola|22/100 psn
|-damage|p1a: Corviknight|77/100|[from] Recoil
|move|p2a: Alomomola|Scald|p1a: Corviknight
|-damage|p1a: Corviknight|63/100
|
|-damage|p2a: Alomomola|10/100 psn|[from] psn
|upkeep
|turn|70
|
|t:|1760766250
|switch|p2a: Garganacl|Garganacl, F|53/100 brn
|move|p1a: Corviknight|U-turn|p2a: Garganacl
|-damage|p2a: Garganacl|43/100 brn
|
|t:|1760766257
|switch|p1a: Darkrai|Darkrai|83/100|[from] U-turn
|
|-heal|p2a: Garganacl|50/100 brn|[from] item: Leftovers
|-damage|p2a: Garganacl|43/100 brn|[from] brn
|upkeep
|turn|71
|
|t:|1760766260
|move|p1a: Darkrai|Dark Pulse|p2a: Garganacl
|-crit|p2a: Garganacl
|-damage|p2a: Garganacl|0 fnt
|faint|p2a: Garganacl
|
|upkeep
|
|t:|1760766263
|switch|p2a: Alomomola|Alomomola, F, tera:Fairy|43/100 psn
|turn|72
|
|t:|1760766266
|move|p1a: Darkrai|Sludge Bomb|p2a: Alomomola
|-supereffective|p2a: Alomomola
|-damage|p2a: Alomomola|9/100 psn
|move|p2a: Alomomola|Body Slam|p1a: Darkrai
|-damage|p1a: Darkrai|62/100
|
|-damage|p2a: Alomomola|0 fnt|[from] psn
|faint|p2a: Alomomola
|
|win|snoppp
|raw|snoppp's rating: 1338 &rarr; <strong>1363</strong><br />(+25 for winning)
|raw|literxlly's rating: 1422 &rarr; <strong>1397</strong><br />(-25 for losing)
