|j|☆wyyorz
|j|☆Allegedly Stupid
|t:|1760884106
|gametype|singles
|player|p1|wyyorz|caitlin|1443
|player|p2|Allegedly Stupid|caitlin|1416
|gen|9
|tier|[Gen 9] OU
|rated|
|rule|HP Percentage Mod: HP is shown in percentages
|rule|Endless Battle Clause: Forcing endless battles is banned
|rule|Species Clause: Limit one of each Pokémon
|rule|OHKO Clause: OHKO moves are banned
|rule|Evasion Items Clause: Evasion items are banned
|rule|Evasion Moves Clause: Evasion moves are banned
|rule|Evasion Abilities Clause: Evasion abilities are banned
|rule|Sleep Moves Clause: Sleep-inducing moves are banned
|clearpoke
|poke|p1|Zamazenta-*|
|poke|p1|Dragapult, F|
|poke|p1|Raging Bolt|
|poke|p1|Moltres|
|poke|p1|Iron Treads|
|poke|p1|Samurott-Hisui, M|
|poke|p2|Ting-Lu|
|poke|p2|Clefable, F|
|poke|p2|Dragapult, M|
|poke|p2|Reuniclus, M|
|poke|p2|Skarmory, F|
|poke|p2|Empoleon, F|
|teampreview
|inactive|Battle timer is ON: inactive players will automatically lose when time's up. (requested by wyyorz)
|j| nevellen l
|
|t:|1760884116
|teamsize|p1|6
|teamsize|p2|6
|start
|switch|p1a: 20岁 喜欢发射孩子|Dragapult, F, shiny|100/100
|switch|p2a: Clefable|Clefable, F|100/100
|turn|1
|
|t:|1760884122
|move|p1a: 20岁 喜欢发射孩子|Shadow Ball|p2a: Clefable
|-damage|p2a: Clefable|47/100
|move|p2a: Clefable|Thunder Wave|p1a: 20岁 喜欢发射孩子|[miss]
|-miss|p2a: Clefable|p1a: 20岁 喜欢发射孩子
|
|-heal|p2a: Clefable|53/100|[from] item: Leftovers
|upkeep
|turn|2
|
|t:|1760884133
|switch|p2a: Ting-Lu|Ting-Lu|100/100
|-ability|p2a: Ting-Lu|Vessel of Ruin
|move|p1a: 20岁 喜欢发射孩子|Shadow Ball|p2a: Ting-Lu
|-resisted|p2a: Ting-Lu
|-damage|p2a: Ting-Lu|89/100
|-unboost|p2a: Ting-Lu|spd|1
|
|-heal|p2a: Ting-Lu|95/100|[from] item: Leftovers
|upkeep
|turn|3
|
|t:|1760884140
|switch|p1a: 踩踩背|Iron Treads, shiny|100/100
|move|p2a: Ting-Lu|Stealth Rock|p1a: 踩踩背
|-sidestart|p1: wyyorz|move: Stealth Rock
|
|-heal|p2a: Ting-Lu|100/100|[from] item: Leftovers
|upkeep
|turn|4
|
|t:|1760884147
|switch|p2a: Skarmory|Skarmory, F|100/100
|move|p1a: 踩踩背|Rapid Spin|p2a: Skarmory
|-resisted|p2a: Skarmory
|-damage|p2a: Skarmory|97/100
|-boost|p1a: 踩踩背|spe|1
|-damage|p1a: 踩踩背|84/100|[from] item: Rocky Helmet|[of] p2a: Skarmory
|-sideend|p1: wyyorz|Stealth Rock|[from] move: Rapid Spin|[of] p1a: 踩踩背
|
|-heal|p1a: 踩踩背|90/100|[from] item: Leftovers
|upkeep
|turn|5
|
|t:|1760884154
|move|p1a: 踩踩背|Knock Off|p2a: Skarmory
|-damage|p2a: Skarmory|82/100
|-damage|p1a: 踩踩背|73/100|[from] item: Rocky Helmet|[of] p2a: Skarmory
|-enditem|p2a: Skarmory|Rocky Helmet|[from] move: Knock Off|[of] p1a: 踩踩背
|move|p2a: Skarmory|Body Press|p1a: 踩踩背
|-supereffective|p1a: 踩踩背
|-damage|p1a: 踩踩背|25/100
|
|-heal|p1a: 踩踩背|31/100|[from] item: Leftovers
|upkeep
|turn|6
|
|t:|1760884166
|-end|p1a: 踩踩背|Quark Drive|[silent]
|switch|p1a: 热热的鸟|Moltres, shiny|100/100
|move|p2a: Skarmory|Spikes|p1a: 热热的鸟
|-sidestart|p1: wyyorz|Spikes
|
|upkeep
|turn|7
|
|t:|1760884173
|switch|p2a: Spell icup|Reuniclus, M|100/100
|move|p1a: 热热的鸟|Flamethrower|p2a: Spell icup
|-damage|p2a: Spell icup|57/100
|
|upkeep
|turn|8
|
|t:|1760884179
|move|p1a: 热热的鸟|U-turn|p2a: Spell icup
|-supereffective|p2a: Spell icup
|-damage|p2a: Spell icup|27/100
|
|t:|1760884182
|switch|p1a: 黑黑的剑|Samurott-Hisui, M|100/100|[from] U-turn
|-damage|p1a: 黑黑的剑|88/100|[from] Spikes
|move|p2a: Spell icup|Thunder|p1a: 黑黑的剑
|-supereffective|p1a: 黑黑的剑
|-damage|p1a: 黑黑的剑|0 fnt
|faint|p1a: 黑黑的剑
|
|upkeep
|
|t:|1760884192
|switch|p1a: 踩踩背|Iron Treads, shiny|31/100
|-damage|p1a: 踩踩背|18/100|[from] Spikes
|turn|9
|
|t:|1760884197
|switch|p2a: Skarmory|Skarmory, F|82/100
|move|p1a: 踩踩背|Knock Off|p2a: Skarmory
|-damage|p2a: Skarmory|71/100
|
|-heal|p1a: 踩踩背|24/100|[from] item: Leftovers
|upkeep
|turn|10
|
|t:|1760884203
|move|p1a: 踩踩背|Rapid Spin|p2a: Skarmory
|-resisted|p2a: Skarmory
|-damage|p2a: Skarmory|68/100
|-boost|p1a: 踩踩背|spe|1
|-sideend|p1: wyyorz|Spikes|[from] move: Rapid Spin|[of] p1a: 踩踩背
|move|p2a: Skarmory|Body Press|p1a: 踩踩背
|-supereffective|p1a: 踩踩背
|-damage|p1a: 踩踩背|0 fnt
|faint|p1a: 踩踩背
|-end|p1a: 踩踩背|Quark Drive|[silent]
|
|upkeep
|
|t:|1760884212
|switch|p1a: 热热的鸟|Moltres, shiny|100/100
|turn|11
|
|t:|1760884217
|switch|p2a: Empoleon|Empoleon, F|100/100
|move|p1a: 热热的鸟|Flamethrower|p2a: Empoleon
|-damage|p2a: Empoleon|45/100
|
|-heal|p2a: Empoleon|51/100|[from] item: Leftovers
|upkeep
|turn|12
|
|t:|1760884224
|move|p1a: 热热的鸟|Flamethrower|p2a: Empoleon
|-damage|p2a: Empoleon|0 fnt
|faint|p2a: Empoleon
|
|upkeep
|
|t:|1760884230
|switch|p2a: Clefable|Clefable, F|53/100
|turn|13
|
|t:|1760884233
|move|p1a: 热热的鸟|U-turn|p2a: Clefable
|-resisted|p2a: Clefable
|-damage|p2a: Clefable|48/100
|
|t:|1760884239
|switch|p1a: 脑袋尖尖的|Zamazenta, shiny|100/100|[from] U-turn
|-ability|p1a: 脑袋尖尖的|Dauntless Shield|boost
|-boost|p1a: 脑袋尖尖的|def|1
|move|p2a: Clefable|Thunder Wave|p1a: 脑袋尖尖的
|-status|p1a: 脑袋尖尖的|par
|
|-heal|p2a: Clefable|54/100|[from] item: Leftovers
|upkeep
|turn|14
|
|t:|1760884251
|move|p1a: 脑袋尖尖的|Close Combat|p2a: Clefable
|-resisted|p2a: Clefable
|-damage|p2a: Clefable|27/100
|-unboost|p1a: 脑袋尖尖的|def|1
|-unboost|p1a: 脑袋尖尖的|spd|1
|-damage|p1a: 脑袋尖尖的|91/100 par|[from] item: Life Orb
|move|p2a: Clefable|Moonlight|p2a: Clefable
|-heal|p2a: Clefable|77/100
|
|-heal|p2a: Clefable|83/100|[from] item: Leftovers
|upkeep
|turn|15
|
|t:|1760884260
|switch|p1a: 热热的鸟|Moltres, shiny|100/100
|move|p2a: Clefable|Moonblast|p1a: 热热的鸟
|-resisted|p1a: 热热的鸟
|-crit|p1a: 热热的鸟
|-damage|p1a: 热热的鸟|76/100
|
|-heal|p2a: Clefable|89/100|[from] item: Leftovers
|upkeep
|turn|16
|
|t:|1760884266
|move|p1a: 热热的鸟|Flamethrower|p2a: Clefable
|-damage|p2a: Clefable|41/100
|move|p2a: Clefable|Thunder Wave|p1a: 热热的鸟
|-status|p1a: 热热的鸟|par
|
|-heal|p2a: Clefable|47/100|[from] item: Leftovers
|upkeep
|turn|17
|
|t:|1760884270
|move|p2a: Clefable|Moonlight|p2a: Clefable
|-heal|p2a: Clefable|97/100
|move|p1a: 热热的鸟|Flamethrower|p2a: Clefable
|-damage|p2a: Clefable|53/100
|
|-heal|p2a: Clefable|59/100|[from] item: Leftovers
|upkeep
|turn|18
|-message|wyyorz forfeited.
|
|win|Allegedly Stupid
|raw|wyyorz's rating: 1443 &rarr; <strong>1421</strong><br />(-22 for losing)
|raw|Allegedly Stupid's rating: 1416 &rarr; <strong>1438</strong><br />(+22 for winning)
|l|☆wyyorz
|player|p1|
|l|☆Allegedly Stupid
|player|p2|
|l| nevellen l
