|j|☆flagfrog
|j|☆sminey
|t:|1760854154
|gametype|singles
|player|p1|flagfrog|265|1512
|player|p2|sminey|palmer|1492
|gen|9
|tier|[Gen 9] OU
|rated|
|rule|HP Percentage Mod: HP is shown in percentages
|rule|Endless Battle Clause: Forcing endless battles is banned
|rule|Species Clause: Limit one of each Pokémon
|rule|OHKO Clause: OHKO moves are banned
|rule|Evasion Items Clause: Evasion items are banned
|rule|Evasion Moves Clause: Evasion moves are banned
|rule|Evasion Abilities Clause: Evasion abilities are banned
|rule|Sleep Moves Clause: Sleep-inducing moves are banned
|clearpoke
|poke|p1|Slowking-Galar, F|
|poke|p1|Zamazenta-*|
|poke|p1|Bisharp, M|
|poke|p1|Pecharunt|
|poke|p1|Gliscor, F|
|poke|p1|Kyurem|
|poke|p2|Cinderace, F|
|poke|p2|Zapdos|
|poke|p2|Latios, M|
|poke|p2|Weavile, F|
|poke|p2|Clefable, F|
|poke|p2|Slowking-Galar, M|
|teampreview
|inactive|Battle timer is ON: inactive players will automatically lose when time's up. (requested by flagfrog)
|
|t:|1760854164
|teamsize|p1|6
|teamsize|p2|6
|start
|switch|p1a: 蝠翼侠蝎|Gliscor, F, shiny|100/100
|switch|p2a: Weavile|Weavile, F|100/100
|-ability|p2a: Weavile|Pressure
|turn|1
|
|t:|1760854170
|move|p1a: 蝠翼侠蝎|Protect|p1a: 蝠翼侠蝎
|-singleturn|p1a: 蝠翼侠蝎|Protect
|move|p2a: Weavile|Swords Dance|p2a: Weavile
|-boost|p2a: Weavile|atk|2
|
|-status|p1a: 蝠翼侠蝎|tox|[from] item: Toxic Orb
|upkeep
|turn|2
|
|t:|1760854181
|switch|p1a: 先兆巡卫|Zamazenta|100/100
|-ability|p1a: 先兆巡卫|Dauntless Shield|boost
|-boost|p1a: 先兆巡卫|def|1
|move|p2a: Weavile|Triple Axel|p1a: 先兆巡卫
|-damage|p1a: 先兆巡卫|88/100
|-damage|p1a: 先兆巡卫|62/100
|-damage|p1a: 先兆巡卫|25/100
|-hitcount|p1a: 先兆巡卫|3
|
|upkeep
|turn|3
|
|t:|1760854192
|move|p2a: Weavile|Ice Shard|p1a: 先兆巡卫
|-damage|p1a: 先兆巡卫|0 fnt
|faint|p1a: 先兆巡卫
|
|upkeep
|
|t:|1760854199
|switch|p1a: 逆命叛旗|Bisharp, M|100/100
|turn|4
|
|t:|1760854205
|switch|p2a: Zapdos|Zapdos|100/100
|move|p1a: 逆命叛旗|Low Kick|p2a: Zapdos
|-resisted|p2a: Zapdos
|-damage|p2a: Zapdos|92/100
|
|upkeep
|turn|5
|
|t:|1760854212
|switch|p1a: 寒言卜策|Slowking-Galar, F|100/100
|move|p2a: Zapdos|Volt Switch|p1a: 寒言卜策
|-damage|p1a: 寒言卜策|81/100
|
|t:|1760854220
|switch|p2a: Latios|Latios, M|100/100|[from] Volt Switch
|
|upkeep
|turn|6
|
|t:|1760854225
|move|p2a: Latios|Trick|p1a: 寒言卜策
|-activate|p2a: Latios|move: Trick|[of] p1a: 寒言卜策
|-item|p1a: 寒言卜策|Choice Scarf|[from] move: Trick
|-item|p2a: Latios|Heavy-Duty Boots|[from] move: Trick
|move|p1a: 寒言卜策|Thunder Wave|p2a: Latios
|-status|p2a: Latios|par
|
|upkeep
|turn|7
|
|t:|1760854234
|switch|p2a: Zapdos|Zapdos|92/100
|switch|p1a: 逆命叛旗|Bisharp, M|100/100
|
|upkeep
|turn|8
|
|t:|1760854240
|switch|p1a: 寒言卜策|Slowking-Galar, F|100/100
|move|p2a: Zapdos|Volt Switch|p1a: 寒言卜策
|-damage|p1a: 寒言卜策|83/100
|
|t:|1760854250
|switch|p2a: Weavile|Weavile, F|100/100|[from] Volt Switch
|-ability|p2a: Weavile|Pressure
|
|upkeep
|turn|9
|
|t:|1760854263
|switch|p1a: 逆命叛旗|Bisharp, M|100/100
|move|p2a: Weavile|Knock Off|p1a: 逆命叛旗
|-resisted|p1a: 逆命叛旗
|-damage|p1a: 逆命叛旗|84/100
|-enditem|p1a: 逆命叛旗|Eviolite|[from] move: Knock Off|[of] p2a: Weavile
|
|upkeep
|turn|10
|
|t:|1760854270
|switch|p2a: Zapdos|Zapdos|92/100
|move|p1a: 逆命叛旗|Stealth Rock|p2a: Zapdos
|-sidestart|p2: sminey|move: Stealth Rock
|
|upkeep
|turn|11
|
|t:|1760854275
|switch|p1a: 蝠翼侠蝎|Gliscor, F, shiny|100/100 tox
|move|p2a: Zapdos|Hurricane|p1a: 蝠翼侠蝎|[miss]
|-miss|p2a: Zapdos|p1a: 蝠翼侠蝎
|
|upkeep
|turn|12
|
|t:|1760854279
|move|p1a: 蝠翼侠蝎|Knock Off|p2a: Zapdos
|-damage|p2a: Zapdos|75/100
|-enditem|p2a: Zapdos|Heavy-Duty Boots|[from] move: Knock Off|[of] p1a: 蝠翼侠蝎
|move|p2a: Zapdos|Hurricane|p1a: 蝠翼侠蝎|[miss]
|-miss|p2a: Zapdos|p1a: 蝠翼侠蝎
|
|upkeep
|turn|13
|
|t:|1760854284
|move|p1a: 蝠翼侠蝎|Spikes|p2a: Zapdos
|-sidestart|p2: sminey|Spikes
|move|p2a: Zapdos|Roost|p2a: Zapdos
|-heal|p2a: Zapdos|100/100
|-singleturn|p2a: Zapdos|move: Roost
|
|upkeep
|turn|14
|
|t:|1760854290
|move|p1a: 蝠翼侠蝎|Spikes|p2a: Zapdos
|-sidestart|p2: sminey|Spikes
|move|p2a: Zapdos|Hurricane|p1a: 蝠翼侠蝎|[miss]
|-miss|p2a: Zapdos|p1a: 蝠翼侠蝎
|
|upkeep
|turn|15
|
|t:|1760854294
|move|p1a: 蝠翼侠蝎|Spikes|p2a: Zapdos
|-sidestart|p2: sminey|Spikes
|move|p2a: Zapdos|Hurricane|p1a: 蝠翼侠蝎
|-damage|p1a: 蝠翼侠蝎|47/100 tox
|
|-heal|p1a: 蝠翼侠蝎|60/100 tox|[from] ability: Poison Heal
|upkeep
|turn|16
|
|t:|1760854303
|move|p1a: 蝠翼侠蝎|Protect|p1a: 蝠翼侠蝎
|-singleturn|p1a: 蝠翼侠蝎|Protect
|move|p2a: Zapdos|Hurricane|p1a: 蝠翼侠蝎
|-activate|p1a: 蝠翼侠蝎|move: Protect
|
|-heal|p1a: 蝠翼侠蝎|72/100 tox|[from] ability: Poison Heal
|upkeep
|turn|17
|
|t:|1760854307
|switch|p1a: 寒言卜策|Slowking-Galar, F|100/100
|move|p2a: Zapdos|Hurricane|p1a: 寒言卜策|[miss]
|-miss|p2a: Zapdos|p1a: 寒言卜策
|
|upkeep
|turn|18
|
|t:|1760854312
|move|p2a: Zapdos|Hurricane|p1a: 寒言卜策|[miss]
|-miss|p2a: Zapdos|p1a: 寒言卜策
|-prepare|p1a: 寒言卜策|Chilly Reception|[premajor]
|move|p1a: 寒言卜策|Chilly Reception|p1a: 寒言卜策
|-weather|Snowscape
|
|t:|1760854314
|switch|p1a: 凛冬宣言|Kyurem|100/100|[from] Chilly Reception
|-ability|p1a: 凛冬宣言|Pressure
|
|-weather|Snowscape|[upkeep]
|upkeep
|turn|19
|
|t:|1760854320
|switch|p2a: Clefable|Clefable, F|100/100
|move|p1a: 凛冬宣言|Dragon Dance|p1a: 凛冬宣言
|-boost|p1a: 凛冬宣言|atk|1
|-boost|p1a: 凛冬宣言|spe|1
|
|-weather|Snowscape|[upkeep]
|upkeep
|turn|20
|
|t:|1760854328
|-terastallize|p1a: 凛冬宣言|Ground
|move|p1a: 凛冬宣言|Icicle Spear|p2a: Clefable
|-damage|p2a: Clefable|90/100
|-damage|p2a: Clefable|80/100
|-damage|p2a: Clefable|71/100
|-hitcount|p2a: Clefable|3
|move|p2a: Clefable|Knock Off|p1a: 凛冬宣言
|-damage|p1a: 凛冬宣言|85/100
|-enditem|p1a: 凛冬宣言|Heavy-Duty Boots|[from] move: Knock Off|[of] p2a: Clefable
|
|-weather|Snowscape|[upkeep]
|upkeep
|turn|21
|
|t:|1760854337
|move|p1a: 凛冬宣言|Earth Power|p2a: Clefable
|-damage|p2a: Clefable|31/100
|move|p2a: Clefable|Moonlight|p2a: Clefable
|-heal|p2a: Clefable|56/100
|
|-weather|Snowscape|[upkeep]
|upkeep
|turn|22
|
|t:|1760854359
|switch|p2a: Zapdos|Zapdos|100/100
|-damage|p2a: Zapdos|76/100|[from] Stealth Rock
|move|p1a: 凛冬宣言|Freeze-Dry|p2a: Zapdos
|-supereffective|p2a: Zapdos
|-damage|p2a: Zapdos|19/100
|
|-weather|none
|upkeep
|turn|23
|
|t:|1760854367
|move|p1a: 凛冬宣言|Icicle Spear|p2a: Zapdos
|-supereffective|p2a: Zapdos
|-damage|p2a: Zapdos|0 fnt
|faint|p2a: Zapdos
|-hitcount|p2: Zapdos|1
|
|upkeep
|
|t:|1760854370
|switch|p2a: Clefable|Clefable, F|56/100
|turn|24
|
|t:|1760854377
|switch|p1a: 牵丝孽果|Pecharunt|100/100
|-item|p1a: 牵丝孽果|Air Balloon
|move|p2a: Clefable|Moonlight|p2a: Clefable
|-heal|p2a: Clefable|100/100
|
|upkeep
|turn|25
|
|t:|1760854384
|switch|p2a: Cinderace|Cinderace, F|100/100
|move|p1a: 牵丝孽果|Malignant Chain|p2a: Cinderace
|-damage|p2a: Cinderace|52/100
|
|upkeep
|turn|26
|
|t:|1760854391
|move|p2a: Cinderace|Court Change|p2a: Cinderace
|-start|p2a: Cinderace|typechange|Normal|[from] ability: Libero
|-swapsideconditions
|-activate|p2a: Cinderace|move: Court Change
|move|p1a: 牵丝孽果|Malignant Chain|p2a: Cinderace
|-damage|p2a: Cinderace|8/100
|
|upkeep
|turn|27
|
|t:|1760854398
|move|p2a: Cinderace|U-turn|p1a: 牵丝孽果
|-resisted|p1a: 牵丝孽果
|-damage|p1a: 牵丝孽果|98/100
|-enditem|p1a: 牵丝孽果|Air Balloon
|
|t:|1760854402
|switch|p2a: Slowking|Slowking-Galar, M|100/100|[from] U-turn
|move|p1a: 牵丝孽果|Parting Shot|p2a: Slowking
|-unboost|p2a: Slowking|atk|1
|-unboost|p2a: Slowking|spa|1
|
|t:|1760854405
|switch|p1a: 蝠翼侠蝎|Gliscor, F, shiny|72/100 tox|[from] Parting Shot
|-damage|p1a: 蝠翼侠蝎|60/100 tox|[from] Stealth Rock
|
|-heal|p1a: 蝠翼侠蝎|72/100 tox|[from] ability: Poison Heal
|upkeep
|turn|28
|
|t:|1760854409
|move|p1a: 蝠翼侠蝎|Spikes|p2a: Slowking
|-sidestart|p2: sminey|Spikes
|move|p2a: Slowking|Ice Beam|p1a: 蝠翼侠蝎
|-supereffective|p1a: 蝠翼侠蝎
|-damage|p1a: 蝠翼侠蝎|0 fnt
|faint|p1a: 蝠翼侠蝎
|
|upkeep
|
|t:|1760854415
|switch|p1a: 逆命叛旗|Bisharp, M|84/100
|-damage|p1a: 逆命叛旗|78/100|[from] Stealth Rock
|-damage|p1a: 逆命叛旗|53/100|[from] Spikes
|turn|29
|
|t:|1760854423
|switch|p2a: Clefable|Clefable, F|100/100
|move|p1a: 逆命叛旗|Stealth Rock|p2a: Clefable
|-sidestart|p2: sminey|move: Stealth Rock
|
|upkeep
|turn|30
|
|t:|1760854435
|switch|p1a: 牵丝孽果|Pecharunt|98/100
|-damage|p1a: 牵丝孽果|85/100|[from] Stealth Rock
|-damage|p1a: 牵丝孽果|60/100|[from] Spikes
|move|p2a: Clefable|Moonblast|p1a: 牵丝孽果
|-resisted|p1a: 牵丝孽果
|-damage|p1a: 牵丝孽果|46/100
|
|upkeep
|turn|31
|
|t:|1760854450
|-terastallize|p2a: Clefable|Poison
|move|p1a: 牵丝孽果|Malignant Chain|p2a: Clefable
|-resisted|p2a: Clefable
|-damage|p2a: Clefable|86/100
|move|p2a: Clefable|Calm Mind|p2a: Clefable
|-boost|p2a: Clefable|spa|1
|-boost|p2a: Clefable|spd|1
|
|upkeep
|turn|32
|
|t:|1760854455
|move|p1a: 牵丝孽果|Recover|p1a: 牵丝孽果
|-heal|p1a: 牵丝孽果|96/100
|move|p2a: Clefable|Calm Mind|p2a: Clefable
|-boost|p2a: Clefable|spa|1
|-boost|p2a: Clefable|spd|1
|
|upkeep
|turn|33
|
|t:|1760854459
|move|p1a: 牵丝孽果|Parting Shot|p2a: Clefable
|-unboost|p2a: Clefable|atk|1
|-unboost|p2a: Clefable|spa|1
|
|t:|1760854462
|switch|p1a: 寒言卜策|Slowking-Galar, F|100/100|[from] Parting Shot
|-damage|p1a: 寒言卜策|88/100|[from] Stealth Rock
|-damage|p1a: 寒言卜策|63/100|[from] Spikes
|move|p2a: Clefable|Calm Mind|p2a: Clefable
|-boost|p2a: Clefable|spa|1
|-boost|p2a: Clefable|spd|1
|
|upkeep
|turn|34
|
|t:|1760854470
|move|p2a: Clefable|Calm Mind|p2a: Clefable
|-boost|p2a: Clefable|spa|1
|-boost|p2a: Clefable|spd|1
|move|p1a: 寒言卜策|Future Sight|p2a: Clefable
|-start|p1a: 寒言卜策|move: Future Sight
|
|upkeep
|turn|35
|-message|flagfrog forfeited.
|
|win|sminey
|raw|flagfrog's rating: 1512 &rarr; <strong>1491</strong><br />(-21 for losing)
|raw|sminey's rating: 1492 &rarr; <strong>1513</strong><br />(+21 for winning)
|l|☆flagfrog
|player|p1|
|l|☆sminey
|player|p2|
