|badge|p1|bronze|gen9ubers|100-7
|uhtml|medal-msg|<div class="broadcast-blue">Curious what those medals under the avatar are? PS now has Ladder Seasons! For more information, check out the <a href="https://www.smogon.com/forums/threads/3740067/">thread on Smogon.</a></div>
|j|☆Nikator98
|j|☆Larp legion
|t:|1760739490
|gametype|singles
|player|p1|Nikator98|giovanni|1657
|player|p2|Larp legion|#agwliigroudons|1660
|gen|9
|tier|[Gen 9] OU
|rated|
|rule|HP Percentage Mod: HP is shown in percentages
|rule|Endless Battle Clause: Forcing endless battles is banned
|rule|Species Clause: Limit one of each Pokémon
|rule|OHKO Clause: OHKO moves are banned
|rule|Evasion Items Clause: Evasion items are banned
|rule|Evasion Moves Clause: Evasion moves are banned
|rule|Evasion Abilities Clause: Evasion abilities are banned
|rule|Sleep Moves Clause: Sleep-inducing moves are banned
|clearpoke
|poke|p1|Metagross|
|poke|p1|Great Tusk|
|poke|p1|Haxorus, M|
|poke|p1|Iron Moth|
|poke|p1|Zoroark-Hisui, M|
|poke|p1|Ninetales-Alola, F|
|poke|p2|Zapdos|
|poke|p2|Lilligant-Hisui, F|
|poke|p2|Sableye, F|
|poke|p2|Bellibolt, M|
|poke|p2|Mudsdale, M|
|poke|p2|Araquanid, F|
|teampreview
|inactive|Battle timer is ON: inactive players will automatically lose when time's up. (requested by Larp legion)
|
|t:|1760739511
|teamsize|p1|6
|teamsize|p2|6
|start
|switch|p1a: Asfaloth|Ninetales-Alola, F, shiny|100/100
|switch|p2a: Araquanid|Araquanid, F|100/100
|-weather|Snowscape|[from] ability: Snow Warning|[of] p1a: Asfaloth
|turn|1
|
|t:|1760739518
|move|p1a: Asfaloth|Freeze-Dry|p2a: Araquanid
|-supereffective|p2a: Araquanid
|-damage|p2a: Araquanid|66/100
|move|p2a: Araquanid|Sticky Web|p1a: Asfaloth
|-sidestart|p1: Nikator98|move: Sticky Web
|
|-weather|Snowscape|[upkeep]
|upkeep
|turn|2
|
|t:|1760739524
|switch|p2a: Bellibolt|Bellibolt, M|100/100
|move|p1a: Asfaloth|Aurora Veil|p1a: Asfaloth
|-sidestart|p1: Nikator98|move: Aurora Veil
|
|-weather|Snowscape|[upkeep]
|upkeep
|turn|3
|
|t:|1760739544
|switch|p1a: Arquillian Sentry|Metagross|100/100
|-activate|p1a: Arquillian Sentry|move: Sticky Web
|-fail|p1a: Arquillian Sentry|unboost|[from] ability: Clear Body|[of] p1a: Arquillian Sentry
|move|p2a: Bellibolt|Toxic|p1a: Arquillian Sentry
|-immune|p1a: Arquillian Sentry
|
|-weather|Snowscape|[upkeep]
|upkeep
|turn|4
|
|t:|1760739553
|move|p1a: Arquillian Sentry|Stealth Rock|p2a: Bellibolt
|-sidestart|p2: Larp legion|move: Stealth Rock
|move|p2a: Bellibolt|Volt Switch|p1a: Arquillian Sentry
|-damage|p1a: Arquillian Sentry|88/100
|
|t:|1760739559
|switch|p2a: Sableye|Sableye, F|100/100|[from] Volt Switch
|
|-weather|Snowscape|[upkeep]
|upkeep
|turn|5
|
|t:|1760739571
|switch|p1a: Arquillian Sentry|Metagross|100/100
|-activate|p1a: Arquillian Sentry|move: Sticky Web
|-unboost|p1a: Arquillian Sentry|spe|1
|move|p2a: Sableye|Will-O-Wisp|p1a: Arquillian Sentry
|-status|p1a: Arquillian Sentry|brn
|
|-weather|none
|-damage|p1a: Arquillian Sentry|95/100 brn|[from] brn
|upkeep
|turn|6
|
|t:|1760739580
|move|p2a: Sableye|Recover||[still]
|-fail|p2a: Sableye|heal
|move|p1a: Arquillian Sentry|Bitter Malice|p2a: Sableye
|-damage|p2a: Sableye|7/100
|-unboost|p2a: Sableye|atk|1
|
|-damage|p1a: Arquillian Sentry|89/100 brn|[from] brn
|upkeep
|turn|7
|c|☆Larp legion|i forgot
|
|t:|1760739598
|move|p2a: Sableye|Encore|p1a: Arquillian Sentry
|-start|p1a: Arquillian Sentry|Encore
|move|p1a: Arquillian Sentry|Bitter Malice|p2a: Sableye
|-damage|p2a: Sableye|0 fnt
|faint|p2a: Sableye
|
|-damage|p1a: Arquillian Sentry|83/100 brn|[from] brn
|upkeep
|c|☆Nikator98|ur webs?
|
|t:|1760739612
|switch|p2a: Zapdos|Zapdos|100/100
|turn|8
|c|☆Larp legion|no
|c|☆Larp legion|prankster
|c|☆Nikator98|ah lol, I forgot too
|inactive|Nikator98 has 120 seconds left.
|
|t:|1760739649
|move|p2a: Zapdos|Roost||[still]
|-fail|p2a: Zapdos|heal
|move|p1a: Arquillian Sentry|Bitter Malice|p2a: Zapdos
|-damage|p2a: Zapdos|30/100
|-unboost|p2a: Zapdos|atk|1
|
|-damage|p1a: Arquillian Sentry|77/100 brn|[from] brn
|upkeep
|turn|9
|inactive|Nikator98 has 120 seconds left.
|
|t:|1760739676
|move|p2a: Zapdos|Roost|p2a: Zapdos
|-heal|p2a: Zapdos|81/100
|-singleturn|p2a: Zapdos|move: Roost
|move|p1a: Arquillian Sentry|Bitter Malice|p2a: Zapdos
|-damage|p2a: Zapdos|19/100
|-unboost|p2a: Zapdos|atk|1
|
|-damage|p1a: Arquillian Sentry|71/100 brn|[from] brn
|-end|p1a: Arquillian Sentry|Encore
|-sideend|p1: Nikator98|move: Aurora Veil
|upkeep
|turn|10
|inactive|Nikator98 has 120 seconds left.
|
|t:|1760739690
|switch|p1a: Arquillian Sentry|Metagross|88/100
|-activate|p1a: Arquillian Sentry|move: Sticky Web
|-fail|p1a: Arquillian Sentry|unboost|[from] ability: Clear Body|[of] p1a: Arquillian Sentry
|move|p2a: Zapdos|Hurricane|p1a: Arquillian Sentry
|-resisted|p1a: Arquillian Sentry
|-damage|p1a: Arquillian Sentry|56/100
|
|upkeep
|turn|11
|inactive|Nikator98 has 120 seconds left.
|
|t:|1760739703
|switch|p2a: Mudsdale|Mudsdale, M|100/100
|-damage|p2a: Mudsdale|94/100|[from] Stealth Rock
|move|p1a: Arquillian Sentry|Psychic Fangs|p2a: Mudsdale
|-damage|p2a: Mudsdale|66/100
|-ability|p2a: Mudsdale|Stamina|boost
|-boost|p2a: Mudsdale|def|1
|
|-heal|p2a: Mudsdale|72/100|[from] item: Leftovers
|upkeep
|turn|12
|inactive|Nikator98 has 120 seconds left.
|inactive|Nikator98 has 90 seconds left.
|
|t:|1760739747
|switch|p1a: Kumaryia|Great Tusk, shiny|100/100
|move|p2a: Mudsdale|Earthquake|p1a: Kumaryia
|-damage|p1a: Kumaryia|71/100
|
|-heal|p2a: Mudsdale|78/100|[from] item: Leftovers
|upkeep
|turn|13
|inactive|Larp legion has 120 seconds left.
|
|t:|1760739805
|move|p1a: Kumaryia|Rapid Spin|p2a: Mudsdale
|-damage|p2a: Mudsdale|72/100
|-boost|p1a: Kumaryia|spe|1
|-ability|p2a: Mudsdale|Stamina|boost
|-boost|p2a: Mudsdale|def|1
|-sideend|p1: Nikator98|Sticky Web|[from] move: Rapid Spin|[of] p1a: Kumaryia
|move|p2a: Mudsdale|Earthquake|p1a: Kumaryia
|-damage|p1a: Kumaryia|41/100
|
|-heal|p2a: Mudsdale|78/100|[from] item: Leftovers
|upkeep
|turn|14
|
|t:|1760739819
|-end|p1a: Kumaryia|Protosynthesis|[silent]
|switch|p1a: Asfaloth|Ninetales-Alola, F, shiny|100/100
|-weather|Snowscape|[from] ability: Snow Warning|[of] p1a: Asfaloth
|move|p2a: Mudsdale|Earthquake|p1a: Asfaloth
|-crit|p1a: Asfaloth
|-damage|p1a: Asfaloth|48/100
|
|-weather|Snowscape|[upkeep]
|-heal|p2a: Mudsdale|84/100|[from] item: Leftovers
|upkeep
|turn|15
|inactive|Larp legion has 90 seconds left.
|c|☆Nikator98|!dt stamina
|c| Nikator98|/raw <ul class="utilichart"><li class="result"><span class="col namecol"><a href="https://dex.pokemonshowdown.com/abilities/stamina">Stamina</a></span> <span class="col abilitydesccol">This Pokemon's Defense is raised by 1 stage after it is damaged by a move.</span> </li><li style="clear:both"></li></ul>
|c| Nikator98|/raw <font size="1"><font color="#686868">Gen:</font> 7</font>

|c|☆Nikator98|!dt Mudsdale
|c| Nikator98|/raw <div class="message"><ul class="utilichart"><li class="result"><span class="col numcol">PU</span> <span class="col iconcol"><psicon pokemon="mudsdale"/></span> <span class="col pokemonnamecol" style="white-space:nowrap"><a href="https://dex.pokemonshowdown.com/pokemon/mudsdale" target="_blank">Mudsdale</a></span> <span class="col typecol"><img src="https://play.pokemonshowdown.com/sprites/types/Ground.png" alt="Ground" height="14" width="32"></span> <span style="float:left;min-height:26px"><span class="col twoabilitycol">Own Tempo<br />Stamina</span><span class="col abilitycol"><em>Inner Focus</em></span></span><span style="float:left;min-height:26px"><span class="col statcol"><em>HP</em><br />100</span> <span class="col statcol"><em>Atk</em><br />125</span> <span class="col statcol"><em>Def</em><br />100</span> <span class="col statcol"><em>SpA</em><br />55</span> <span class="col statcol"><em>SpD</em><br />85</span> <span class="col statcol"><em>Spe</em><br />35</span> <span class="col bstcol"><em>BST<br />500</em></span> </span></li><li style="clear:both"></li></ul></div>
|c| Nikator98|/raw <font size="1"><font color="#686868">Dex#:</font> 750&nbsp;|&ThickSpace;<font color="#686868">Gen:</font> 7&nbsp;|&ThickSpace;<font color="#686868">Height:</font> 2.5 m&nbsp;|&ThickSpace;<font color="#686868">Weight:</font> 920 kg <em>(120 BP)</em>&nbsp;|&ThickSpace;<font color="#686868">Dex Colour:</font> Brown&nbsp;|&ThickSpace;<font color="#686868">Egg Group(s):</font> Field&nbsp;|&ThickSpace;<font color="#686868">Pre-Evolution:</font> Mudbray&nbsp;|&ThickSpace;<font color="#686868">Does Not Evolve</font></font>

|inactive|Larp legion has 60 seconds left.
|inactive|Larp legion has 30 seconds left.
|c|☆Nikator98|Wow, it doesn't look like a PU
|inactive|Larp legion has 20 seconds left.
|inactive|Larp legion has 15 seconds left.
|
|t:|1760739924
|switch|p2a: Bellibolt|Bellibolt, M|100/100
|-damage|p2a: Bellibolt|88/100|[from] Stealth Rock
|move|p1a: Asfaloth|Aurora Veil|p1a: Asfaloth
|-sidestart|p1: Nikator98|move: Aurora Veil
|
|-weather|Snowscape|[upkeep]
|upkeep
|turn|16
|inactive|Larp legion has 25 seconds left this turn.
|
|t:|1760739935
|switch|p1a: Arquillian Sentry|Metagross|56/100
|move|p2a: Bellibolt|Toxic|p1a: Arquillian Sentry
|-immune|p1a: Arquillian Sentry
|
|-weather|Snowscape|[upkeep]
|upkeep
|turn|17
|
|t:|1760739943
|move|p1a: Arquillian Sentry|Psychic Fangs|p2a: Bellibolt
|-damage|p2a: Bellibolt|60/100
|-damage|p1a: Arquillian Sentry|40/100|[from] item: Rocky Helmet|[of] p2a: Bellibolt
|move|p2a: Bellibolt|Volt Switch|p1a: Arquillian Sentry
|-damage|p1a: Arquillian Sentry|25/100
|
|t:|1760739952
|switch|p2a: Lilligant|Lilligant-Hisui, F|100/100|[from] Volt Switch
|-damage|p2a: Lilligant|94/100|[from] Stealth Rock
|
|-weather|Snowscape|[upkeep]
|upkeep
|turn|18
|-enditem|p1a: Arquillian Sentry|Custap Berry|[eat]
|-activate|p1a: Arquillian Sentry|item: Custap Berry|[consumed]
|
|t:|1760739957
|move|p1a: Arquillian Sentry|Psychic Fangs|p2a: Lilligant
|-supereffective|p2a: Lilligant
|-damage|p2a: Lilligant|0 fnt
|faint|p2a: Lilligant
|
|-weather|none
|upkeep
|
|t:|1760739960
|switch|p2a: Bellibolt|Bellibolt, M|60/100
|-damage|p2a: Bellibolt|47/100|[from] Stealth Rock
|turn|19
|
|t:|1760739966
|move|p1a: Arquillian Sentry|Explosion|p2a: Bellibolt
|-damage|p2a: Bellibolt|0 fnt
|faint|p1a: Arquillian Sentry
|faint|p2a: Bellibolt
|
|upkeep
|inactive|Larp legion has 60 seconds left.
|inactive|Nikator98 has 120 seconds left.
|
|t:|1760739996
|switch|p1a: Asfaloth|Ninetales-Alola, F, shiny|71/100 brn
|switch|p2a: Araquanid|Araquanid, F|66/100
|-damage|p2a: Araquanid|41/100|[from] Stealth Rock
|turn|20
|inactive|Nikator98 has 120 seconds left.
|
|t:|1760740002
|move|p1a: Asfaloth|Bitter Malice|p2a: Araquanid
|-damage|p2a: Araquanid|0 fnt
|faint|p2a: Araquanid
|
|-damage|p1a: Asfaloth|65/100 brn|[from] brn
|upkeep
|
|t:|1760740005
|switch|p2a: Zapdos|Zapdos|19/100
|turn|21
|
|t:|1760740011
|move|p1a: Asfaloth|Bitter Malice|p2a: Zapdos
|-damage|p2a: Zapdos|0 fnt
|faint|p2a: Zapdos
|
|-damage|p1a: Asfaloth|59/100 brn|[from] brn
|upkeep
|c|☆Nikator98|gg
|inactive|Larp legion has 60 seconds left.
|c|☆Nikator98|Nice vatar btw
|c|☆Nikator98|avatar
|
|t:|1760740042
|switch|p2a: Mudsdale|Mudsdale, M|84/100
|-damage|p2a: Mudsdale|78/100|[from] Stealth Rock
|turn|22
|c|☆Nikator98|What did u win?
|
|t:|1760740061
|move|p1a: Asfaloth|Bitter Malice|p2a: Mudsdale
|-damage|p2a: Mudsdale|22/100
|-unboost|p2a: Mudsdale|atk|1
|-ability|p2a: Mudsdale|Stamina|boost
|-boost|p2a: Mudsdale|def|1
|move|p2a: Mudsdale|Earthquake|p1a: Asfaloth
|-damage|p1a: Asfaloth|30/100 brn
|replace|p1a: Van Helsing|Zoroark-Hisui, M, shiny
|-end|p1a: Van Helsing|Illusion
|
|-heal|p2a: Mudsdale|28/100|[from] item: Leftovers
|-damage|p1a: Van Helsing|24/100 brn|[from] brn
|-sideend|p1: Nikator98|move: Aurora Veil
|upkeep
|turn|23
|
|t:|1760740077
|move|p1a: Van Helsing|Bitter Malice|p2a: Mudsdale
|-damage|p2a: Mudsdale|0 fnt
|faint|p2a: Mudsdale
|
|win|Nikator98
|raw|Nikator98's rating: 1657 &rarr; <strong>1677</strong><br />(+20 for winning)
|raw|Larp legion's rating: 1658 &rarr; <strong>1638</strong><br />(-20 for losing)
|c|☆Larp legion|agwl
|c|☆Larp legion|gg
|c|☆Nikator98|Ah cool
|c|☆Nikator98|gg
