|j|☆mansonabuluting
|j|☆Hgfhhfghfff
|t:|1760798553
|gametype|singles
|player|p1|mansonabuluting|bellelba|1768
|player|p2|Hgfhhfghfff|169|1810
|gen|9
|tier|[Gen 9] OU
|rated|
|rule|HP Percentage Mod: HP is shown in percentages
|rule|Endless Battle Clause: Forcing endless battles is banned
|rule|Species Clause: Limit one of each Pokémon
|rule|OHKO Clause: OHKO moves are banned
|rule|Evasion Items Clause: Evasion items are banned
|rule|Evasion Moves Clause: Evasion moves are banned
|rule|Evasion Abilities Clause: Evasion abilities are banned
|rule|Sleep Moves Clause: Sleep-inducing moves are banned
|clearpoke
|poke|p1|Rillaboom, M|
|poke|p1|Hawlucha, M|
|poke|p1|Thundurus-Therian, M|
|poke|p1|Great Tusk|
|poke|p1|Volcanion|
|poke|p1|Goodra-Hisui, F|
|poke|p2|Scream Tail|
|poke|p2|Ursaluna, F|
|poke|p2|Talonflame, M|
|poke|p2|Trevenant, F|
|poke|p2|Iron Hands|
|poke|p2|Empoleon, F|
|teampreview
|
|t:|1760798566
|teamsize|p1|6
|teamsize|p2|6
|start
|switch|p1a: Rillaboom|Rillaboom, M|100/100
|switch|p2a: Empoleon|Empoleon, F|100/100
|-fieldstart|move: Grassy Terrain|[from] ability: Grassy Surge|[of] p1a: Rillaboom
|turn|1
|
|t:|1760798580
|switch|p2a: Talonflame|Talonflame, M|100/100
|move|p1a: Rillaboom|Wood Hammer|p2a: Talonflame
|-resisted|p2a: Talonflame
|-damage|p2a: Talonflame|62/100
|-damage|p1a: Rillaboom|89/100|[from] Recoil
|
|-heal|p1a: Rillaboom|95/100|[from] Grassy Terrain
|upkeep
|turn|2
|
|t:|1760798587
|switch|p1a: Volcanion|Volcanion|100/100
|move|p2a: Talonflame|Roost|p2a: Talonflame
|-heal|p2a: Talonflame|100/100
|-singleturn|p2a: Talonflame|move: Roost
|
|upkeep
|turn|3
|
|t:|1760798594
|move|p2a: Talonflame|U-turn|p1a: Volcanion
|-resisted|p1a: Volcanion
|-crit|p1a: Volcanion
|-damage|p1a: Volcanion|93/100
|
|t:|1760798599
|switch|p2a: Scream Tail|Scream Tail|100/100|[from] U-turn
|move|p1a: Volcanion|Overheat|p2a: Scream Tail
|-damage|p2a: Scream Tail|48/100
|-unboost|p1a: Volcanion|spa|2
|
|-heal|p2a: Scream Tail|54/100|[from] Grassy Terrain
|-heal|p2a: Scream Tail|60/100|[from] item: Leftovers
|-heal|p1a: Volcanion|99/100|[from] Grassy Terrain
|upkeep
|turn|4
|j| woairibi
|
|t:|1760798639
|switch|p1a: Goodra|Goodra-Hisui, F|100/100
|move|p2a: Scream Tail|Wish|p2a: Scream Tail
|
|-heal|p2a: Scream Tail|66/100|[from] Grassy Terrain
|-heal|p2a: Scream Tail|73/100|[from] item: Leftovers
|upkeep
|turn|5
|
|t:|1760798650
|move|p2a: Scream Tail|Protect|p2a: Scream Tail
|-singleturn|p2a: Scream Tail|Protect
|move|p1a: Goodra|Flash Cannon|p2a: Scream Tail
|-activate|p2a: Scream Tail|move: Protect
|
|-heal|p2a: Scream Tail|100/100|[from] move: Wish|[wisher] Scream Tail
|-fieldend|move: Grassy Terrain
|upkeep
|turn|6
|
|t:|1760798662
|-end|p2a: Scream Tail|Protosynthesis|[silent]
|switch|p2a: Iron Hands|Iron Hands|100/100
|move|p1a: Goodra|Flash Cannon|p2a: Iron Hands
|-resisted|p2a: Iron Hands
|-damage|p2a: Iron Hands|82/100
|-unboost|p2a: Iron Hands|spd|1
|
|-heal|p2a: Iron Hands|88/100|[from] item: Leftovers
|upkeep
|turn|7
|
|t:|1760798680
|switch|p1a: Great Tusk|Great Tusk|100/100
|-end|p2a: Iron Hands|Quark Drive|[silent]
|switch|p2a: Scream Tail|Scream Tail|100/100
|
|upkeep
|turn|8
|
|t:|1760798698
|-end|p2a: Scream Tail|Protosynthesis|[silent]
|switch|p2a: Talonflame|Talonflame, M|100/100
|-end|p1a: Great Tusk|Protosynthesis|[silent]
|switch|p1a: Rillaboom|Rillaboom, M|95/100
|-fieldstart|move: Grassy Terrain|[from] ability: Grassy Surge|[of] p1a: Rillaboom
|
|-heal|p1a: Rillaboom|100/100|[from] Grassy Terrain
|upkeep
|turn|9
|inactive|Battle timer is ON: inactive players will automatically lose when time's up. (requested by mansonabuluting)
|
|t:|1760798710
|switch|p1a: Volcanion|Volcanion|99/100
|move|p2a: Talonflame|U-turn|p1a: Volcanion
|-resisted|p1a: Volcanion
|-damage|p1a: Volcanion|95/100
|
|t:|1760798715
|switch|p2a: Ursaluna|Ursaluna, F|100/100|[from] U-turn
|
|-heal|p1a: Volcanion|100/100|[from] Grassy Terrain
|-status|p2a: Ursaluna|brn|[from] item: Flame Orb
|upkeep
|turn|10
|
|t:|1760798744
|switch|p2a: Scream Tail|Scream Tail|100/100
|move|p1a: Volcanion|Steam Eruption|p2a: Scream Tail
|-damage|p2a: Scream Tail|50/100
|-status|p2a: Scream Tail|brn
|
|-heal|p2a: Scream Tail|56/100 brn|[from] Grassy Terrain
|-heal|p2a: Scream Tail|62/100 brn|[from] item: Leftovers
|-damage|p2a: Scream Tail|56/100 brn|[from] brn
|upkeep
|turn|11
|
|t:|1760798762
|move|p2a: Scream Tail|Protect|p2a: Scream Tail
|-singleturn|p2a: Scream Tail|Protect
|move|p1a: Volcanion|Steam Eruption|p2a: Scream Tail
|-activate|p2a: Scream Tail|move: Protect
|
|-heal|p2a: Scream Tail|62/100 brn|[from] Grassy Terrain
|-heal|p2a: Scream Tail|69/100 brn|[from] item: Leftovers
|-damage|p2a: Scream Tail|62/100 brn|[from] brn
|upkeep
|turn|12
|
|t:|1760798780
|move|p2a: Scream Tail|Wish|p2a: Scream Tail
|move|p1a: Volcanion|Steam Eruption|p2a: Scream Tail
|-damage|p2a: Scream Tail|18/100 brn
|
|-heal|p2a: Scream Tail|24/100 brn|[from] Grassy Terrain
|-heal|p2a: Scream Tail|30/100 brn|[from] item: Leftovers
|-damage|p2a: Scream Tail|24/100 brn|[from] brn
|-fieldend|move: Grassy Terrain
|upkeep
|turn|13
|
|t:|1760798786
|switch|p1a: Rillaboom|Rillaboom, M|100/100
|-fieldstart|move: Grassy Terrain|[from] ability: Grassy Surge|[of] p1a: Rillaboom
|move|p2a: Scream Tail|Protect||[still]
|-fail|p2a: Scream Tail
|
|-heal|p2a: Scream Tail|74/100 brn|[from] move: Wish|[wisher] Scream Tail
|-heal|p2a: Scream Tail|80/100 brn|[from] Grassy Terrain
|-heal|p2a: Scream Tail|86/100 brn|[from] item: Leftovers
|-damage|p2a: Scream Tail|80/100 brn|[from] brn
|upkeep
|turn|14
|
|t:|1760798790
|-end|p2a: Scream Tail|Protosynthesis|[silent]
|switch|p2a: Talonflame|Talonflame, M|100/100
|switch|p1a: Volcanion|Volcanion|100/100
|
|upkeep
|turn|15
|
|t:|1760798797
|move|p2a: Talonflame|U-turn|p1a: Volcanion
|-resisted|p1a: Volcanion
|-damage|p1a: Volcanion|96/100
|
|t:|1760798799
|switch|p2a: Empoleon|Empoleon, F|100/100|[from] U-turn
|move|p1a: Volcanion|Overheat|p2a: Empoleon
|-damage|p2a: Empoleon|0 fnt
|-unboost|p1a: Volcanion|spa|2
|faint|p2a: Empoleon
|
|-heal|p1a: Volcanion|100/100|[from] Grassy Terrain
|upkeep
|
|t:|1760798806
|switch|p2a: Ursaluna|Ursaluna, F|100/100 brn
|turn|16
|
|t:|1760798810
|switch|p1a: Great Tusk|Great Tusk|100/100
|move|p2a: Ursaluna|Facade|p1a: Great Tusk
|-damage|p1a: Great Tusk|44/100
|-damage|p2a: Ursaluna|84/100 brn|[from] item: Rocky Helmet|[of] p1a: Great Tusk
|
|-heal|p1a: Great Tusk|50/100|[from] Grassy Terrain
|-heal|p2a: Ursaluna|90/100 brn|[from] Grassy Terrain
|-damage|p2a: Ursaluna|84/100 brn|[from] brn
|upkeep
|turn|17
|
|t:|1760798815
|move|p1a: Great Tusk|Stealth Rock|p2a: Ursaluna
|-sidestart|p2: Hgfhhfghfff|move: Stealth Rock
|move|p2a: Ursaluna|Facade|p1a: Great Tusk
|-damage|p1a: Great Tusk|0 fnt
|-damage|p2a: Ursaluna|67/100 brn|[from] item: Rocky Helmet|[of] p1a: Great Tusk
|faint|p1a: Great Tusk
|-end|p1a: Great Tusk|Protosynthesis|[silent]
|
|-heal|p2a: Ursaluna|73/100 brn|[from] Grassy Terrain
|-damage|p2a: Ursaluna|67/100 brn|[from] brn
|-fieldend|move: Grassy Terrain
|upkeep
|
|t:|1760798818
|switch|p1a: Rillaboom|Rillaboom, M|100/100
|-fieldstart|move: Grassy Terrain|[from] ability: Grassy Surge|[of] p1a: Rillaboom
|turn|18
|
|t:|1760798821
|switch|p2a: Talonflame|Talonflame, M|100/100
|move|p1a: Rillaboom|Wood Hammer|p2a: Talonflame
|-resisted|p2a: Talonflame
|-damage|p2a: Talonflame|61/100
|-damage|p1a: Rillaboom|89/100|[from] Recoil
|
|-heal|p1a: Rillaboom|95/100|[from] Grassy Terrain
|upkeep
|turn|19
|
|t:|1760798827
|switch|p1a: Volcanion|Volcanion|100/100
|move|p2a: Talonflame|Defog|p1a: Volcanion
|-unboost|p1a: Volcanion|evasion|1
|-sideend|p2: Hgfhhfghfff|Stealth Rock|[from] move: Defog|[of] p2a: Talonflame
|-fieldend|move: Grassy Terrain
|
|upkeep
|turn|20
|
|t:|1760798833
|move|p2a: Talonflame|U-turn|p1a: Volcanion
|-resisted|p1a: Volcanion
|-damage|p1a: Volcanion|95/100
|
|t:|1760798837
|switch|p2a: Scream Tail|Scream Tail|80/100 brn|[from] U-turn
|move|p1a: Volcanion|Steam Eruption|p2a: Scream Tail
|-damage|p2a: Scream Tail|32/100 brn
|
|-heal|p2a: Scream Tail|38/100 brn|[from] item: Leftovers
|-damage|p2a: Scream Tail|32/100 brn|[from] brn
|upkeep
|turn|21
|
|t:|1760798846
|-terastallize|p2a: Scream Tail|Water
|move|p2a: Scream Tail|Wish|p2a: Scream Tail
|move|p1a: Volcanion|Steam Eruption|p2a: Scream Tail
|-resisted|p2a: Scream Tail
|-damage|p2a: Scream Tail|6/100 brn
|
|-heal|p2a: Scream Tail|13/100 brn|[from] item: Leftovers
|-damage|p2a: Scream Tail|6/100 brn|[from] brn
|upkeep
|turn|22
|
|t:|1760798856
|switch|p1a: Rillaboom|Rillaboom, M|95/100
|-fieldstart|move: Grassy Terrain|[from] ability: Grassy Surge|[of] p1a: Rillaboom
|move|p2a: Scream Tail|Protect||[still]
|-fail|p2a: Scream Tail
|
|-heal|p2a: Scream Tail|56/100 brn|[from] move: Wish|[wisher] Scream Tail
|-heal|p2a: Scream Tail|63/100 brn|[from] Grassy Terrain
|-heal|p2a: Scream Tail|69/100 brn|[from] item: Leftovers
|-heal|p1a: Rillaboom|100/100|[from] Grassy Terrain
|-damage|p2a: Scream Tail|63/100 brn|[from] brn
|upkeep
|turn|23
|
|t:|1760798863
|switch|p1a: Thundurus|Thundurus-Therian, M|100/100
|move|p2a: Scream Tail|Protect||[still]
|-fail|p2a: Scream Tail
|
|-heal|p2a: Scream Tail|69/100 brn|[from] Grassy Terrain
|-heal|p2a: Scream Tail|75/100 brn|[from] item: Leftovers
|-damage|p2a: Scream Tail|69/100 brn|[from] brn
|upkeep
|turn|24
|
|t:|1760798870
|move|p1a: Thundurus|Volt Switch|p2a: Scream Tail
|-supereffective|p2a: Scream Tail
|-crit|p2a: Scream Tail
|-damage|p2a: Scream Tail|0 fnt
|faint|p2a: Scream Tail
|-end|p2a: Scream Tail|Protosynthesis|[silent]
|
|t:|1760798875
|switch|p1a: Volcanion|Volcanion|95/100|[from] Volt Switch
|
|-heal|p1a: Volcanion|100/100|[from] Grassy Terrain
|upkeep
|
|t:|1760798884
|switch|p2a: Trevenant|Trevenant, F|100/100
|turn|25
|j| crackstone
|
|t:|1760798891
|switch|p1a: Goodra|Goodra-Hisui, F|100/100
|switch|p2a: Talonflame|Talonflame, M|61/100
|
|upkeep
|turn|26
|
|t:|1760798897
|move|p2a: Talonflame|Roost|p2a: Talonflame
|-heal|p2a: Talonflame|100/100
|-singleturn|p2a: Talonflame|move: Roost
|move|p1a: Goodra|Surf|p2a: Talonflame
|-supereffective|p2a: Talonflame
|-damage|p2a: Talonflame|21/100
|
|-heal|p2a: Talonflame|27/100|[from] Grassy Terrain
|-fieldend|move: Grassy Terrain
|upkeep
|turn|27
|
|t:|1760798905
|move|p2a: Talonflame|U-turn|p1a: Goodra
|-resisted|p1a: Goodra
|-damage|p1a: Goodra|95/100
|-ability|p1a: Goodra|Gooey
|-unboost|p2a: Talonflame|spe|1
|
|t:|1760798907
|switch|p2a: Trevenant|Trevenant, F|100/100|[from] U-turn
|move|p1a: Goodra|Surf|p2a: Trevenant
|-resisted|p2a: Trevenant
|-damage|p2a: Trevenant|86/100
|
|upkeep
|turn|28
|
|t:|1760798913
|move|p1a: Goodra|Flamethrower|p2a: Trevenant
|-supereffective|p2a: Trevenant
|-damage|p2a: Trevenant|30/100
|-enditem|p2a: Trevenant|Sitrus Berry|[eat]
|-heal|p2a: Trevenant|55/100|[from] item: Sitrus Berry
|move|p2a: Trevenant|Substitute|p2a: Trevenant
|-start|p2a: Trevenant|Substitute
|-damage|p2a: Trevenant|30/100
|
|-item|p2a: Trevenant|Sitrus Berry|[from] ability: Harvest
|upkeep
|-enditem|p2a: Trevenant|Sitrus Berry|[eat]
|-heal|p2a: Trevenant|55/100|[from] item: Sitrus Berry
|turn|29
|
|t:|1760798923
|move|p1a: Goodra|Flamethrower|p2a: Trevenant
|-supereffective|p2a: Trevenant
|-end|p2a: Trevenant|Substitute
|move|p2a: Trevenant|Leech Seed|p1a: Goodra
|-start|p1a: Goodra|move: Leech Seed
|
|-damage|p1a: Goodra|83/100|[from] Leech Seed|[of] p2a: Trevenant
|-heal|p2a: Trevenant|67/100|[silent]
|upkeep
|turn|30
|
|t:|1760798937
|move|p1a: Goodra|Flamethrower|p2a: Trevenant
|-supereffective|p2a: Trevenant
|-damage|p2a: Trevenant|11/100
|-status|p2a: Trevenant|brn
|move|p2a: Trevenant|Shadow Claw|p1a: Goodra
|-damage|p1a: Goodra|70/100
|-ability|p1a: Goodra|Gooey
|-unboost|p2a: Trevenant|spe|1
|
|-damage|p1a: Goodra|57/100|[from] Leech Seed|[of] p2a: Trevenant
|-heal|p2a: Trevenant|23/100 brn|[silent]
|-damage|p2a: Trevenant|17/100 brn|[from] brn
|upkeep
|turn|31
|l| crackstone
|inactive|Hgfhhfghfff has 120 seconds left.
|inactive|Hgfhhfghfff has 90 seconds left.
|j| 16yxy
|inactive|Hgfhhfghfff has 60 seconds left.
|inactive|Hgfhhfghfff has 30 seconds left.
|inactive|Hgfhhfghfff has 20 seconds left.
|inactive|Hgfhhfghfff has 15 seconds left.
|inactive|Hgfhhfghfff has 10 seconds left.
|inactive|Hgfhhfghfff has 5 seconds left.
|-message|Hgfhhfghfff lost due to inactivity.
|
|win|mansonabuluting
|raw|mansonabuluting's rating: 1768 &rarr; <strong>1790</strong><br />(+22 for winning)
|raw|Hgfhhfghfff's rating: 1810 &rarr; <strong>1788</strong><br />(-22 for losing)
|l|☆mansonabuluting
|player|p1|
|l| woairibi
|l| 16yxy
