|j|☆Down$hift
|j|☆big clif
|t:|1760814759
|gametype|singles
|player|p1|Down$hift|jessiejames-gen1|1660
|player|p2|big clif|cynthia-gen4|1694
|gen|9
|tier|[Gen 9] OU
|rated|
|rule|HP Percentage Mod: HP is shown in percentages
|rule|Endless Battle Clause: Forcing endless battles is banned
|rule|Species Clause: Limit one of each Pokémon
|rule|OHKO Clause: OHKO moves are banned
|rule|Evasion Items Clause: Evasion items are banned
|rule|Evasion Moves Clause: Evasion moves are banned
|rule|Evasion Abilities Clause: Evasion abilities are banned
|rule|Sleep Moves Clause: Sleep-inducing moves are banned
|clearpoke
|poke|p1|Metagross|
|poke|p1|Enamorus, F|
|poke|p1|Raging Bolt|
|poke|p1|Corviknight, F|
|poke|p1|Cinderace, F|
|poke|p1|Ting-Lu|
|poke|p2|Enamorus, F|
|poke|p2|Raging Bolt|
|poke|p2|Blaziken, F|
|poke|p2|Ogerpon-Wellspring, F|
|poke|p2|Kingambit, M|
|poke|p2|Glimmora, M|
|teampreview
|inactive|Battle timer is ON: inactive players will automatically lose when time's up. (requested by big clif)
|inactive|Down$hift also wants the timer to be on.
|c|☆big clif|glhf
|inactive|Down$hift has 120 seconds left.
|c|☆Down$hift|hf
|
|t:|1760814811
|teamsize|p1|6
|teamsize|p2|6
|start
|switch|p1a: Ultra Marine Blues|Metagross|100/100
|switch|p2a: Glimmora|Glimmora, M|100/100
|turn|1
|
|t:|1760814817
|move|p2a: Glimmora|Stealth Rock|p1a: Ultra Marine Blues
|-sidestart|p1: Down$hift|move: Stealth Rock
|move|p1a: Ultra Marine Blues|Heavy Slam|p2a: Glimmora
|-supereffective|p2a: Glimmora
|-damage|p2a: Glimmora|0 fnt
|-activate|p2a: Glimmora|ability: Toxic Debris
|-sidestart|p1: Down$hift|move: Toxic Spikes
|faint|p2a: Glimmora
|
|upkeep
|
|t:|1760814837
|switch|p2a: Ogerpon|Ogerpon-Wellspring, F|100/100
|turn|2
|
|t:|1760814840
|move|p2a: Ogerpon|Ivy Cudgel|p1a: Ultra Marine Blues|[anim] Ivy Cudgel Water
|-damage|p1a: Ultra Marine Blues|47/100
|move|p1a: Ultra Marine Blues|Heavy Slam|p2a: Ogerpon
|-resisted|p2a: Ogerpon
|-damage|p2a: Ogerpon|33/100
|
|upkeep
|turn|3
|inactive|Down$hift has 120 seconds left.
|
|t:|1760814875
|switch|p1a: Woodpecker No. 1|Corviknight, F|100/100
|-damage|p1a: Woodpecker No. 1|88/100|[from] Stealth Rock
|-ability|p1a: Woodpecker No. 1|Pressure
|move|p2a: Ogerpon|Ivy Cudgel|p1a: Woodpecker No. 1|[anim] Ivy Cudgel Water
|-damage|p1a: Woodpecker No. 1|51/100
|
|upkeep
|turn|4
|inactive|Down$hift has 120 seconds left.
|
|t:|1760814887
|move|p2a: Ogerpon|U-turn|p1a: Woodpecker No. 1
|-resisted|p1a: Woodpecker No. 1
|-damage|p1a: Woodpecker No. 1|47/100
|-damage|p2a: Ogerpon|17/100|[from] item: Rocky Helmet|[of] p1a: Woodpecker No. 1
|
|t:|1760814899
|switch|p2a: Blaziken|Blaziken, F|100/100|[from] U-turn
|move|p1a: Woodpecker No. 1|Defog|p2a: Blaziken
|-unboost|p2a: Blaziken|evasion|1
|-sideend|p1: Down$hift|Toxic Spikes|[from] move: Defog|[of] p1a: Woodpecker No. 1
|-sideend|p1: Down$hift|Stealth Rock|[from] move: Defog|[of] p1a: Woodpecker No. 1
|
|upkeep
|turn|5
|
|t:|1760814912
|move|p2a: Blaziken|Flare Blitz|p1a: Woodpecker No. 1
|-supereffective|p1a: Woodpecker No. 1
|-damage|p1a: Woodpecker No. 1|0 fnt
|-damage|p2a: Blaziken|84/100|[from] item: Rocky Helmet|[of] p1a: Woodpecker No. 1
|faint|p1a: Woodpecker No. 1
|-damage|p2a: Blaziken|64/100|[from] Recoil
|-damage|p2a: Blaziken|54/100|[from] item: Life Orb
|
|-ability|p2a: Blaziken|Speed Boost|boost
|-boost|p2a: Blaziken|spe|1
|upkeep
|inactive|Down$hift has 120 seconds left.
|
|t:|1760814933
|switch|p1a: Spiral Blast|Enamorus, F|100/100
|turn|6
|
|t:|1760814936
|move|p2a: Blaziken|Protect|p2a: Blaziken
|-singleturn|p2a: Blaziken|Protect
|move|p1a: Spiral Blast|Moonblast|p2a: Blaziken
|-activate|p2a: Blaziken|move: Protect
|
|-ability|p2a: Blaziken|Speed Boost|boost
|-boost|p2a: Blaziken|spe|1
|upkeep
|turn|7
|
|t:|1760814941
|switch|p1a: Ultra Marine Blues|Metagross|47/100
|move|p2a: Blaziken|Flare Blitz|p1a: Ultra Marine Blues
|-supereffective|p1a: Ultra Marine Blues
|-damage|p1a: Ultra Marine Blues|0 fnt
|faint|p1a: Ultra Marine Blues
|-damage|p2a: Blaziken|38/100|[from] Recoil
|-damage|p2a: Blaziken|28/100|[from] item: Life Orb
|
|-ability|p2a: Blaziken|Speed Boost|boost
|-boost|p2a: Blaziken|spe|1
|upkeep
|
|t:|1760814944
|switch|p1a: Yellow Hyper Balls|Raging Bolt|100/100
|-enditem|p1a: Yellow Hyper Balls|Booster Energy
|-activate|p1a: Yellow Hyper Balls|ability: Protosynthesis|[fromitem]
|-start|p1a: Yellow Hyper Balls|protosynthesisspa
|turn|8
|inactive|big clif has 120 seconds left.
|
|t:|1760814976
|switch|p2a: Ogerpon|Ogerpon-Wellspring, F|17/100
|move|p1a: Yellow Hyper Balls|Thunderclap||[still]
|-fail|p1a: Yellow Hyper Balls
|
|upkeep
|turn|9
|
|t:|1760814985
|move|p1a: Yellow Hyper Balls|Thunderclap|p2a: Ogerpon
|-damage|p2a: Ogerpon|0 fnt
|faint|p2a: Ogerpon
|
|upkeep
|inactive|big clif has 120 seconds left.
|
|t:|1760815005
|switch|p2a: Raging Bolt|Raging Bolt|100/100
|-enditem|p2a: Raging Bolt|Booster Energy
|-activate|p2a: Raging Bolt|ability: Protosynthesis|[fromitem]
|-start|p2a: Raging Bolt|protosynthesisspa
|turn|10
|
|t:|1760815008
|-terastallize|p1a: Yellow Hyper Balls|Bug
|move|p2a: Raging Bolt|Dragon Pulse|p1a: Yellow Hyper Balls
|-damage|p1a: Yellow Hyper Balls|46/100
|move|p1a: Yellow Hyper Balls|Dragon Pulse|p2a: Raging Bolt
|-supereffective|p2a: Raging Bolt
|-damage|p2a: Raging Bolt|0 fnt
|faint|p2a: Raging Bolt
|-end|p2a: Raging Bolt|Protosynthesis|[silent]
|
|upkeep
|inactive|big clif has 120 seconds left.
|
|t:|1760815023
|switch|p2a: Kingambit|Kingambit, M|100/100
|-activate|p2a: Kingambit|ability: Supreme Overlord
|-start|p2a: Kingambit|fallen3|[silent]
|turn|11
|inactive|big clif has 120 seconds left.
|
|t:|1760815034
|move|p1a: Yellow Hyper Balls|Thunderbolt|p2a: Kingambit
|-damage|p2a: Kingambit|21/100
|move|p2a: Kingambit|Iron Head|p1a: Yellow Hyper Balls
|-damage|p1a: Yellow Hyper Balls|0 fnt
|faint|p1a: Yellow Hyper Balls
|-end|p1a: Yellow Hyper Balls|Protosynthesis|[silent]
|
|-heal|p2a: Kingambit|27/100|[from] item: Leftovers
|upkeep
|
|t:|1760815045
|switch|p1a: Spiral Blast|Enamorus, F|100/100
|turn|12
|inactive|big clif has 120 seconds left.
|
|t:|1760815079
|move|p2a: Kingambit|Sucker Punch|p1a: Spiral Blast
|-resisted|p1a: Spiral Blast
|-damage|p1a: Spiral Blast|57/100
|move|p1a: Spiral Blast|Moonblast|p2a: Kingambit
|-damage|p2a: Kingambit|0 fnt
|faint|p2a: Kingambit
|-end|p2a: Kingambit|fallen3|[silent]
|
|upkeep
|
|t:|1760815099
|switch|p2a: Enamorus|Enamorus, F|100/100
|turn|13
|inactive|big clif has 90 seconds left.
|
|t:|1760815142
|switch|p1a: Tokyo Times Ten|Ting-Lu|100/100
|-ability|p1a: Tokyo Times Ten|Vessel of Ruin
|move|p2a: Enamorus|Moonblast|p1a: Tokyo Times Ten
|-supereffective|p1a: Tokyo Times Ten
|-damage|p1a: Tokyo Times Ten|51/100
|
|-heal|p1a: Tokyo Times Ten|57/100|[from] item: Leftovers
|upkeep
|turn|14
|
|t:|1760815169
|-terastallize|p2a: Enamorus|Stellar
|move|p2a: Enamorus|Moonblast|p1a: Tokyo Times Ten
|-supereffective|p1a: Tokyo Times Ten
|-damage|p1a: Tokyo Times Ten|0 fnt
|faint|p1a: Tokyo Times Ten
|
|upkeep
|inactive|Down$hift has 120 seconds left.
|
|t:|1760815190
|switch|p1a: My Station Rock|Cinderace, F|100/100
|turn|15
|
|t:|1760815202
|switch|p2a: Blaziken|Blaziken, F|28/100
|move|p1a: My Station Rock|Pyro Ball|p2a: Blaziken
|-resisted|p2a: Blaziken
|-damage|p2a: Blaziken|0 fnt
|faint|p2a: Blaziken
|
|upkeep
|
|t:|1760815206
|switch|p2a: Enamorus|Enamorus, F, tera:Stellar|100/100
|turn|16
|
|t:|1760815212
|move|p2a: Enamorus|Tera Blast|p1a: My Station Rock|[anim] Tera Blast Stellar
|-damage|p1a: My Station Rock|48/100
|-boost|p2a: Enamorus|atk|1
|-boost|p2a: Enamorus|spa|1
|move|p1a: My Station Rock|Pyro Ball|p2a: Enamorus
|-damage|p2a: Enamorus|18/100
|
|upkeep
|turn|17
|inactive|big clif has 90 seconds left.
|
|t:|1760815218
|move|p2a: Enamorus|Tera Blast|p1a: My Station Rock|[anim] Tera Blast Stellar
|-damage|p1a: My Station Rock|0 fnt
|-boost|p2a: Enamorus|atk|1
|-boost|p2a: Enamorus|spa|1
|faint|p1a: My Station Rock
|
|upkeep
|
|t:|1760815220
|switch|p1a: Spiral Blast|Enamorus, F|57/100
|turn|18
|
|t:|1760815222
|move|p1a: Spiral Blast|Moonblast|p2a: Enamorus
|-damage|p2a: Enamorus|0 fnt
|faint|p2a: Enamorus
|
|win|Down$hift
|raw|Down$hift's rating: 1660 &rarr; <strong>1682</strong><br />(+22 for winning)
|raw|big clif's rating: 1694 &rarr; <strong>1672</strong><br />(-22 for losing)
|l|☆big clif
|player|p2|
|c|☆Down$hift|gg
|l|☆Down$hift
|player|p1|
