|j|☆Bencarote
|j|☆Veeriscared
|t:|1760779968
|gametype|singles
|player|p1|Bencarote|policeman|1309
|player|p2|Veeriscared|265|1279
|gen|9
|tier|[Gen 9] OU
|rated|
|rule|HP Percentage Mod: HP is shown in percentages
|rule|Endless Battle Clause: Forcing endless battles is banned
|rule|Species Clause: Limit one of each Pokémon
|rule|OHKO Clause: OHKO moves are banned
|rule|Evasion Items Clause: Evasion items are banned
|rule|Evasion Moves Clause: Evasion moves are banned
|rule|Evasion Abilities Clause: Evasion abilities are banned
|rule|Sleep Moves Clause: Sleep-inducing moves are banned
|clearpoke
|poke|p1|Ninetales-Alola, M|
|poke|p1|Great Tusk|
|poke|p1|Samurott-Hisui, F|
|poke|p1|Gholdengo|
|poke|p1|Raging Bolt|
|poke|p1|Iron Hands|
|poke|p2|Hitmonlee, M|
|poke|p2|Dragapult, F|
|poke|p2|Forretress, F|
|poke|p2|Noivern, F|
|poke|p2|Mamoswine, M|
|poke|p2|Scizor, F|
|teampreview
|inactive|Battle timer is ON: inactive players will automatically lose when time's up. (requested by Bencarote)
|
|t:|1760779981
|teamsize|p1|6
|teamsize|p2|6
|start
|switch|p1a: Ninetales|Ninetales-Alola, M|100/100
|switch|p2a: Scizor|Scizor, F, shiny|100/100
|-weather|Snowscape|[from] ability: Snow Warning|[of] p1a: Ninetales
|turn|1
|
|t:|1760779991
|switch|p1a: Great Tusk|Great Tusk|100/100
|move|p2a: Scizor|Bullet Punch|p1a: Great Tusk
|-damage|p1a: Great Tusk|77/100
|-damage|p2a: Scizor|84/100|[from] item: Rocky Helmet|[of] p1a: Great Tusk
|
|-weather|Snowscape|[upkeep]
|upkeep
|turn|2
|
|t:|1760780003
|switch|p2a: Noivern|Noivern, F|100/100
|-item|p1a: Great Tusk|Rocky Helmet|[from] ability: Frisk|[of] p2a: Noivern
|move|p1a: Great Tusk|Close Combat|p2a: Noivern
|-resisted|p2a: Noivern
|-damage|p2a: Noivern|58/100
|-unboost|p1a: Great Tusk|def|1
|-unboost|p1a: Great Tusk|spd|1
|-enditem|p2a: Noivern|Eject Button
|
|t:|1760780017
|switch|p2a: Dragapult|Dragapult, F|100/100
|
|-weather|Snowscape|[upkeep]
|upkeep
|turn|3
|
|t:|1760780024
|-end|p1a: Great Tusk|Protosynthesis|[silent]
|switch|p1a: Ninetales|Ninetales-Alola, M|100/100
|move|p2a: Dragapult|Shadow Ball|p1a: Ninetales
|-damage|p1a: Ninetales|37/100
|-unboost|p1a: Ninetales|spd|1
|
|-weather|Snowscape|[upkeep]
|upkeep
|turn|4
|
|t:|1760780032
|switch|p1a: Samurott|Samurott-Hisui, F|100/100
|move|p2a: Dragapult|Shadow Ball|p1a: Samurott
|-resisted|p1a: Samurott
|-damage|p1a: Samurott|60/100
|
|-weather|Snowscape|[upkeep]
|upkeep
|turn|5
|
|t:|1760780045
|switch|p2a: Noivern|Noivern, F|58/100
|-item|p1a: Samurott|Choice Scarf|[from] ability: Frisk|[of] p2a: Noivern
|move|p1a: Samurott|Ceaseless Edge|p2a: Noivern
|-damage|p2a: Noivern|16/100
|-sidestart|p2: Veeriscared|Spikes
|
|-weather|none
|upkeep
|turn|6
|
|t:|1760780061
|move|p1a: Samurott|Ceaseless Edge|p2a: Noivern
|-damage|p2a: Noivern|0 fnt
|-sidestart|p2: Veeriscared|Spikes
|faint|p2a: Noivern
|
|upkeep
|
|t:|1760780070
|switch|p2a: Scizor|Scizor, F, shiny|84/100
|turn|7
|
|t:|1760780076
|switch|p1a: Great Tusk|Great Tusk|77/100
|move|p2a: Scizor|Swords Dance|p2a: Scizor
|-boost|p2a: Scizor|atk|2
|
|upkeep
|turn|8
|
|t:|1760780082
|move|p1a: Great Tusk|Close Combat|p2a: Scizor
|-crit|p2a: Scizor
|-damage|p2a: Scizor|0 fnt
|-unboost|p1a: Great Tusk|def|1
|-unboost|p1a: Great Tusk|spd|1
|faint|p2a: Scizor
|
|upkeep
|
|t:|1760780090
|switch|p2a: Dragapult|Dragapult, F|100/100
|-damage|p2a: Dragapult|84/100|[from] Spikes
|turn|9
|
|t:|1760780096
|-end|p1a: Great Tusk|Protosynthesis|[silent]
|switch|p1a: Samurott|Samurott-Hisui, F|60/100
|move|p2a: Dragapult|Draco Meteor|p1a: Samurott|[miss]
|-miss|p2a: Dragapult|p1a: Samurott
|
|upkeep
|turn|10
|c|☆Bencarote|Cheh
|
|t:|1760780115
|move|p1a: Samurott|Ceaseless Edge|p2a: Dragapult
|-supereffective|p2a: Dragapult
|-damage|p2a: Dragapult|3/100
|-sidestart|p2: Veeriscared|Spikes
|move|p2a: Dragapult|Draco Meteor|p1a: Samurott|[miss]
|-miss|p2a: Dragapult|p1a: Samurott
|
|upkeep
|turn|11
|
|t:|1760780124
|move|p1a: Samurott|Ceaseless Edge|p2a: Dragapult
|-supereffective|p2a: Dragapult
|-damage|p2a: Dragapult|0 fnt
|faint|p2a: Dragapult
|
|upkeep
|c|☆Bencarote|Cheh cheh
|
|t:|1760780129
|switch|p2a: Hitmonlee|Hitmonlee, M, shiny|100/100
|-damage|p2a: Hitmonlee|76/100|[from] Spikes
|turn|12
|
|t:|1760780133
|move|p1a: Samurott|Ceaseless Edge|p2a: Hitmonlee
|-resisted|p2a: Hitmonlee
|-damage|p2a: Hitmonlee|39/100
|move|p2a: Hitmonlee|Knock Off|p1a: Samurott
|-resisted|p1a: Samurott
|-damage|p1a: Samurott|39/100
|-enditem|p1a: Samurott|Choice Scarf|[from] move: Knock Off|[of] p2a: Hitmonlee
|
|upkeep
|turn|13
|
|t:|1760780141
|switch|p1a: Ninetales|Ninetales-Alola, M|37/100
|-weather|Snowscape|[from] ability: Snow Warning|[of] p1a: Ninetales
|move|p2a: Hitmonlee|Endure||[still]
|-fail|p2a: Hitmonlee
|
|-weather|Snowscape|[upkeep]
|upkeep
|turn|14
|
|t:|1760780152
|switch|p2a: Forretress|Forretress, F|100/100
|-damage|p2a: Forretress|75/100|[from] Spikes
|move|p1a: Ninetales|Encore||[still]
|-fail|p1a: Ninetales
|
|-weather|Snowscape|[upkeep]
|upkeep
|turn|15
|
|t:|1760780158
|switch|p1a: Gholdengo|Gholdengo|100/100
|move|p2a: Forretress|Rapid Spin|p1a: Gholdengo
|-immune|p1a: Gholdengo
|
|-weather|Snowscape|[upkeep]
|upkeep
|turn|16
|
|t:|1760780163
|move|p1a: Gholdengo|Trick|p2a: Forretress
|-activate|p1a: Gholdengo|move: Trick|[of] p2a: Forretress
|-item|p2a: Forretress|Choice Scarf|[from] move: Trick
|-item|p1a: Gholdengo|Red Card|[from] move: Trick
|move|p2a: Forretress|Stealth Rock|p1a: Gholdengo
|-sidestart|p1: Bencarote|move: Stealth Rock
|
|-weather|Snowscape|[upkeep]
|upkeep
|turn|17
|
|t:|1760780185
|move|p1a: Gholdengo|Shadow Ball|p2a: Forretress
|-damage|p2a: Forretress|25/100
|move|p2a: Forretress|Stealth Rock||[still]
|-fail|p2a: Forretress
|
|-weather|none
|upkeep
|turn|18
|
|t:|1760780190
|move|p1a: Gholdengo|Shadow Ball|p2a: Forretress
|-damage|p2a: Forretress|0 fnt
|faint|p2a: Forretress
|
|upkeep
|
|t:|1760780197
|switch|p2a: Mamoswine|Mamoswine, M|100/100
|-damage|p2a: Mamoswine|76/100|[from] Spikes
|turn|19
|
|t:|1760780202
|switch|p1a: Ninetales|Ninetales-Alola, M|37/100
|-damage|p1a: Ninetales|13/100|[from] Stealth Rock
|-weather|Snowscape|[from] ability: Snow Warning|[of] p1a: Ninetales
|move|p2a: Mamoswine|Earthquake|p1a: Ninetales
|-damage|p1a: Ninetales|0 fnt
|faint|p1a: Ninetales
|-damage|p2a: Mamoswine|66/100|[from] item: Life Orb
|
|-weather|Snowscape|[upkeep]
|upkeep
|
|t:|1760780207
|switch|p1a: Samurott|Samurott-Hisui, F|39/100
|-damage|p1a: Samurott|27/100|[from] Stealth Rock
|turn|20
|
|t:|1760780216
|move|p2a: Mamoswine|Ice Shard|p1a: Samurott
|-resisted|p1a: Samurott
|-damage|p1a: Samurott|9/100
|-damage|p2a: Mamoswine|56/100|[from] item: Life Orb
|move|p1a: Samurott|Sacred Sword|p2a: Mamoswine
|-supereffective|p2a: Mamoswine
|-damage|p2a: Mamoswine|14/100
|
|-weather|Snowscape|[upkeep]
|upkeep
|turn|21
|
|t:|1760780221
|move|p1a: Samurott|Aqua Jet|p2a: Mamoswine
|-supereffective|p2a: Mamoswine
|-damage|p2a: Mamoswine|0 fnt
|faint|p2a: Mamoswine
|
|-weather|Snowscape|[upkeep]
|upkeep
|
|t:|1760780225
|switch|p2a: Hitmonlee|Hitmonlee, M, shiny|39/100
|-damage|p2a: Hitmonlee|14/100|[from] Spikes
|-enditem|p2a: Hitmonlee|Liechi Berry|[eat]
|-boost|p2a: Hitmonlee|atk|1|[from] item: Liechi Berry
|turn|22
|
|t:|1760780232
|move|p2a: Hitmonlee|Upper Hand|p1a: Samurott
|-supereffective|p1a: Samurott
|-damage|p1a: Samurott|0 fnt
|faint|p1a: Samurott
|
|-weather|Snowscape|[upkeep]
|upkeep
|
|t:|1760780241
|switch|p1a: Great Tusk|Great Tusk|77/100
|-damage|p1a: Great Tusk|74/100|[from] Stealth Rock
|turn|23
|
|t:|1760780249
|-terastallize|p2a: Hitmonlee|Fighting
|move|p2a: Hitmonlee|Reversal|p1a: Great Tusk
|-damage|p1a: Great Tusk|2/100
|-damage|p2a: Hitmonlee|0 fnt|[from] item: Rocky Helmet|[of] p1a: Great Tusk
|faint|p2a: Hitmonlee
|
|win|Bencarote
|raw|Bencarote's rating: 1309 &rarr; <strong>1327</strong><br />(+18 for winning)
|raw|Veeriscared's rating: 1279 &rarr; <strong>1256</strong><br />(-23 for losing)
|c|☆Bencarote|Bisous au jaloux
|l|☆Bencarote
|player|p1|
|l|☆Veeriscared
|player|p2|
