|j|☆omegafboy
|j|☆tibs1
|t:|1760826151
|gametype|singles
|player|p1|omegafboy|266|1121
|player|p2|tibs1|malva|1131
|gen|9
|tier|[Gen 9] OU
|rated|
|rule|HP Percentage Mod: HP is shown in percentages
|rule|Endless Battle Clause: Forcing endless battles is banned
|rule|Species Clause: Limit one of each Pokémon
|rule|OHKO Clause: OHKO moves are banned
|rule|Evasion Items Clause: Evasion items are banned
|rule|Evasion Moves Clause: Evasion moves are banned
|rule|Evasion Abilities Clause: Evasion abilities are banned
|rule|Sleep Moves Clause: Sleep-inducing moves are banned
|clearpoke
|poke|p1|Glimmora, F|
|poke|p1|Sableye, F|
|poke|p1|Dusknoir, F|
|poke|p1|Blissey, F|
|poke|p1|Klefki, M|
|poke|p1|Ditto|
|poke|p2|Pyroar, F|
|poke|p2|Talonflame, F|
|poke|p2|Chandelure, F|
|poke|p2|Torkoal, M|
|poke|p2|Salazzle, F|
|poke|p2|Braixen, F|
|teampreview
|
|t:|1760826157
|teamsize|p1|6
|teamsize|p2|6
|start
|switch|p1a: Dusknoir|Dusknoir, F|100/100
|switch|p2a: Salazzle|Salazzle, F|100/100
|-ability|p1a: Dusknoir|Pressure
|turn|1
|
|t:|1760826164
|move|p2a: Salazzle|Toxic|p1a: Dusknoir
|-status|p1a: Dusknoir|tox
|move|p1a: Dusknoir|Trick|p2a: Salazzle
|-activate|p1a: Dusknoir|move: Trick|[of] p2a: Salazzle
|-item|p2a: Salazzle|Choice Scarf|[from] move: Trick
|-item|p1a: Dusknoir|Black Sludge|[from] move: Trick
|
|-damage|p1a: Dusknoir|88/100 tox|[from] item: Black Sludge
|-damage|p1a: Dusknoir|82/100 tox|[from] psn
|upkeep
|turn|2
|
|t:|1760826179
|move|p2a: Salazzle|Venoshock|p1a: Dusknoir
|-resisted|p1a: Dusknoir
|-damage|p1a: Dusknoir|54/100 tox
|move|p1a: Dusknoir|Pain Split|p2a: Salazzle
|-sethp|p2a: Salazzle|73/100|[from] move: Pain Split|[silent]
|-sethp|p1a: Dusknoir|87/100 tox|[from] move: Pain Split
|
|-damage|p1a: Dusknoir|75/100 tox|[from] item: Black Sludge
|-damage|p1a: Dusknoir|63/100 tox|[from] psn
|upkeep
|turn|3
|
|t:|1760826190
|switch|p1a: Blissey|Blissey, F|100/100
|move|p2a: Salazzle|Venoshock|p1a: Blissey
|-damage|p1a: Blissey|89/100
|
|-heal|p1a: Blissey|96/100|[from] item: Leftovers
|upkeep
|turn|4
|
|t:|1760826203
|switch|p2a: Braixen|Braixen, F|100/100
|move|p1a: Blissey|Heal Bell|p1a: Blissey
|-activate|p1a: Blissey|move: Heal Bell
|-curestatus|p1: Dusknoir|tox|[msg]
|
|-heal|p1a: Blissey|100/100|[from] item: Leftovers
|upkeep
|turn|5
|
|t:|1760826213
|move|p2a: Braixen|Magic Room|p2a: Braixen
|-fieldstart|move: Magic Room|[of] p2a: Braixen
|move|p1a: Blissey|Seismic Toss|p2a: Braixen
|-damage|p2a: Braixen|62/100
|
|upkeep
|turn|6
|
|t:|1760826220
|move|p2a: Braixen|Will-O-Wisp|p1a: Blissey
|-status|p1a: Blissey|brn
|move|p1a: Blissey|Seismic Toss|p2a: Braixen
|-damage|p2a: Braixen|24/100
|
|-damage|p1a: Blissey|94/100 brn|[from] brn
|upkeep
|turn|7
|
|t:|1760826229
|move|p2a: Braixen|Psyshock|p1a: Blissey
|-damage|p1a: Blissey|73/100 brn
|move|p1a: Blissey|Seismic Toss|p2a: Braixen
|-damage|p2a: Braixen|0 fnt
|faint|p2a: Braixen
|
|-damage|p1a: Blissey|67/100 brn|[from] brn
|upkeep
|
|t:|1760826242
|switch|p2a: Pyroar|Pyroar, F|100/100
|turn|8
|
|t:|1760826246
|move|p2a: Pyroar|Noble Roar|p1a: Blissey
|-unboost|p1a: Blissey|atk|1
|-unboost|p1a: Blissey|spa|1
|move|p1a: Blissey|Soft-Boiled|p1a: Blissey
|-heal|p1a: Blissey|100/100 brn
|
|-damage|p1a: Blissey|94/100 brn|[from] brn
|upkeep
|turn|9
|
|t:|1760826258
|move|p2a: Pyroar|Hyper Voice|p1a: Blissey
|-damage|p1a: Blissey|81/100 brn
|move|p1a: Blissey|Seismic Toss|p2a: Pyroar
|-damage|p2a: Pyroar|69/100
|
|-damage|p1a: Blissey|74/100 brn|[from] brn
|-fieldend|move: Magic Room|[of] p2: Braixen
|upkeep
|turn|10
|
|t:|1760826268
|switch|p2a: Torkoal|Torkoal, M|100/100
|-weather|SunnyDay|[from] ability: Drought|[of] p2a: Torkoal
|-curestatus|p1a: Blissey|brn|[from] ability: Natural Cure
|switch|p1a: Glimmora|Glimmora, F|100/100
|
|-weather|SunnyDay|[upkeep]
|upkeep
|turn|11
|
|t:|1760826278
|move|p1a: Glimmora|Stealth Rock|p2a: Torkoal
|-sidestart|p2: tibs1|move: Stealth Rock
|move|p2a: Torkoal|Solar Beam||[still]
|-prepare|p2a: Torkoal|Solar Beam
|-anim|p2a: Torkoal|Solar Beam|p1a: Glimmora
|-damage|p1a: Glimmora|77/100
|
|-weather|SunnyDay|[upkeep]
|upkeep
|turn|12
|
|t:|1760826289
|switch|p1a: Dusknoir|Dusknoir, F|63/100
|-ability|p1a: Dusknoir|Pressure
|move|p2a: Torkoal|Rapid Spin|p1a: Dusknoir
|-immune|p1a: Dusknoir
|
|-weather|SunnyDay|[upkeep]
|-damage|p1a: Dusknoir|51/100|[from] item: Black Sludge
|upkeep
|turn|13
|
|t:|1760826299
|switch|p2a: Salazzle|Salazzle, F|73/100
|-damage|p2a: Salazzle|48/100|[from] Stealth Rock
|move|p1a: Dusknoir|Trick|p2a: Salazzle
|-activate|p1a: Dusknoir|move: Trick|[of] p2a: Salazzle
|-item|p2a: Salazzle|Black Sludge|[from] move: Trick
|-item|p1a: Dusknoir|Choice Scarf|[from] move: Trick
|
|-weather|SunnyDay|[upkeep]
|-heal|p2a: Salazzle|54/100|[from] item: Black Sludge
|upkeep
|turn|14
|-message|omegafboy forfeited.
|
|win|tibs1
|raw|omegafboy's rating: 1121 &rarr; <strong>1097</strong><br />(-24 for losing)
|raw|tibs1's rating: 1131 &rarr; <strong>1155</strong><br />(+24 for winning)
|l|☆omegafboy
|player|p1|
|l|☆tibs1
|player|p2|
