|j|☆Wrenellen
|j|☆qaqkiller
|t:|1760790438
|gametype|singles
|player|p1|Wrenellen|grimsley|1495
|player|p2|qaqkiller|maid|1529
|gen|9
|tier|[Gen 9] OU
|rated|
|rule|HP Percentage Mod: HP is shown in percentages
|rule|Endless Battle Clause: Forcing endless battles is banned
|rule|Species Clause: Limit one of each Pokémon
|rule|OHKO Clause: OHKO moves are banned
|rule|Evasion Items Clause: Evasion items are banned
|rule|Evasion Moves Clause: Evasion moves are banned
|rule|Evasion Abilities Clause: Evasion abilities are banned
|rule|Sleep Moves Clause: Sleep-inducing moves are banned
|clearpoke
|poke|p1|Virizion|
|poke|p1|Grimmsnarl, M|
|poke|p1|Latias, F|
|poke|p1|Iron Moth|
|poke|p1|Great Tusk|
|poke|p1|Iron Hands|
|poke|p2|Darkrai|
|poke|p2|Kingambit, M|
|poke|p2|Cinderace, F|
|poke|p2|Rillaboom, M|
|poke|p2|Ogerpon-Wellspring, F|
|poke|p2|Raging Bolt|
|teampreview
|inactive|Battle timer is ON: inactive players will automatically lose when time's up. (requested by qaqkiller)
|
|t:|1760790452
|teamsize|p1|6
|teamsize|p2|6
|start
|switch|p1a: Iron Moth|Iron Moth|100/100
|switch|p2a: Darkrai|Darkrai, shiny|100/100
|-enditem|p1a: Iron Moth|Booster Energy
|-activate|p1a: Iron Moth|ability: Quark Drive|[fromitem]
|-start|p1a: Iron Moth|quarkdrivespe
|turn|1
|
|t:|1760790463
|move|p2a: Darkrai|Dark Pulse|p1a: Iron Moth
|-damage|p1a: Iron Moth|52/100
|move|p1a: Iron Moth|Fiery Dance|p2a: Darkrai
|-damage|p2a: Darkrai|50/100
|
|upkeep
|turn|2
|
|t:|1760790467
|move|p2a: Darkrai|Dark Pulse|p1a: Iron Moth
|-damage|p1a: Iron Moth|6/100
|move|p1a: Iron Moth|Fiery Dance|p2a: Darkrai
|-damage|p2a: Darkrai|0 fnt
|faint|p2a: Darkrai
|
|upkeep
|
|t:|1760790477
|switch|p2a: Raging Bolt|Raging Bolt|100/100
|turn|3
|
|t:|1760790486
|move|p2a: Raging Bolt|Thunderclap|p1a: Iron Moth
|-damage|p1a: Iron Moth|0 fnt
|faint|p1a: Iron Moth
|-end|p1a: Iron Moth|Quark Drive|[silent]
|
|upkeep
|
|t:|1760790491
|switch|p1a: Virizion|Virizion|100/100
|turn|4
|
|t:|1760790507
|move|p1a: Virizion|Calm Mind|p1a: Virizion
|-boost|p1a: Virizion|spa|1
|-boost|p1a: Virizion|spd|1
|move|p2a: Raging Bolt|Dragon Pulse|p1a: Virizion
|-damage|p1a: Virizion|73/100
|
|-heal|p1a: Virizion|79/100|[from] item: Leftovers
|upkeep
|turn|5
|
|t:|1760790513
|move|p1a: Virizion|Giga Drain|p2a: Raging Bolt
|-resisted|p2a: Raging Bolt
|-damage|p2a: Raging Bolt|80/100
|-heal|p1a: Virizion|92/100|[from] drain|[of] p2a: Raging Bolt
|move|p2a: Raging Bolt|Calm Mind|p2a: Raging Bolt
|-boost|p2a: Raging Bolt|spa|1
|-boost|p2a: Raging Bolt|spd|1
|
|-heal|p1a: Virizion|98/100|[from] item: Leftovers
|-heal|p2a: Raging Bolt|86/100|[from] item: Leftovers
|upkeep
|turn|6
|
|t:|1760790522
|move|p1a: Virizion|Calm Mind|p1a: Virizion
|-boost|p1a: Virizion|spa|1
|-boost|p1a: Virizion|spd|1
|move|p2a: Raging Bolt|Calm Mind|p2a: Raging Bolt
|-boost|p2a: Raging Bolt|spa|1
|-boost|p2a: Raging Bolt|spd|1
|
|-heal|p1a: Virizion|100/100|[from] item: Leftovers
|-heal|p2a: Raging Bolt|92/100|[from] item: Leftovers
|upkeep
|turn|7
|
|t:|1760790525
|move|p1a: Virizion|Tera Blast|p2a: Raging Bolt
|-damage|p2a: Raging Bolt|73/100
|move|p2a: Raging Bolt|Calm Mind|p2a: Raging Bolt
|-boost|p2a: Raging Bolt|spa|1
|-boost|p2a: Raging Bolt|spd|1
|
|-heal|p2a: Raging Bolt|79/100|[from] item: Leftovers
|upkeep
|turn|8
|
|t:|1760790538
|switch|p1a: Grimmsnarl|Grimmsnarl, M|100/100
|move|p2a: Raging Bolt|Dragon Pulse|p1a: Grimmsnarl
|-immune|p1a: Grimmsnarl
|
|-heal|p2a: Raging Bolt|85/100|[from] item: Leftovers
|upkeep
|turn|9
|
|t:|1760790542
|move|p2a: Raging Bolt|Thunderbolt|p1a: Grimmsnarl
|-damage|p1a: Grimmsnarl|0 fnt
|faint|p1a: Grimmsnarl
|
|-heal|p2a: Raging Bolt|91/100|[from] item: Leftovers
|upkeep
|
|t:|1760790545
|switch|p1a: Great Tusk|Great Tusk|100/100
|-enditem|p1a: Great Tusk|Booster Energy
|-activate|p1a: Great Tusk|ability: Protosynthesis|[fromitem]
|-start|p1a: Great Tusk|protosynthesisspe
|turn|10
|
|t:|1760790547
|-terastallize|p2a: Raging Bolt|Fairy
|move|p1a: Great Tusk|Headlong Rush|p2a: Raging Bolt
|-damage|p2a: Raging Bolt|38/100
|-unboost|p1a: Great Tusk|def|1
|-unboost|p1a: Great Tusk|spd|1
|move|p2a: Raging Bolt|Dragon Pulse|p1a: Great Tusk
|-damage|p1a: Great Tusk|0 fnt
|faint|p1a: Great Tusk
|-end|p1a: Great Tusk|Protosynthesis|[silent]
|
|-heal|p2a: Raging Bolt|44/100|[from] item: Leftovers
|upkeep
|
|t:|1760790553
|switch|p1a: Virizion|Virizion|100/100
|turn|11
|
|t:|1760790559
|move|p1a: Virizion|Calm Mind|p1a: Virizion
|-boost|p1a: Virizion|spa|1
|-boost|p1a: Virizion|spd|1
|move|p2a: Raging Bolt|Dragon Pulse|p1a: Virizion
|-damage|p1a: Virizion|23/100
|
|-heal|p1a: Virizion|29/100|[from] item: Leftovers
|-heal|p2a: Raging Bolt|50/100|[from] item: Leftovers
|upkeep
|turn|12
|
|t:|1760790564
|move|p1a: Virizion|Giga Drain|p2a: Raging Bolt
|-damage|p2a: Raging Bolt|34/100
|-heal|p1a: Virizion|39/100|[from] drain|[of] p2a: Raging Bolt
|move|p2a: Raging Bolt|Dragon Pulse|p1a: Virizion
|-damage|p1a: Virizion|0 fnt
|faint|p1a: Virizion
|
|-heal|p2a: Raging Bolt|40/100|[from] item: Leftovers
|upkeep
|-message|Wrenellen forfeited.
|
|win|qaqkiller
|raw|Wrenellen's rating: 1495 &rarr; <strong>1477</strong><br />(-18 for losing)
|raw|qaqkiller's rating: 1529 &rarr; <strong>1547</strong><br />(+18 for winning)
|l|☆Wrenellen
|player|p1|
|l|☆qaqkiller
|player|p2|
|j|☆Wrenellen
|player|p1|Wrenellen|grimsley|
