|j|☆teatrero mugroso
|j|☆Antonny01
|t:|1760760922
|gametype|singles
|player|p1|teatrero mugroso|blue|1309
|player|p2|Antonny01|170|1332
|gen|9
|tier|[Gen 9] OU
|rated|
|rule|HP Percentage Mod: HP is shown in percentages
|rule|Endless Battle Clause: Forcing endless battles is banned
|rule|Species Clause: Limit one of each Pokémon
|rule|OHKO Clause: OHKO moves are banned
|rule|Evasion Items Clause: Evasion items are banned
|rule|Evasion Moves Clause: Evasion moves are banned
|rule|Evasion Abilities Clause: Evasion abilities are banned
|rule|Sleep Moves Clause: Sleep-inducing moves are banned
|clearpoke
|poke|p1|Clefable, F|
|poke|p1|Blastoise, M|
|poke|p1|Gengar, M|
|poke|p1|Magneton|
|poke|p1|Dragonite, F|
|poke|p1|Moltres|
|poke|p2|Walking Wake|
|poke|p2|Torkoal, M|
|poke|p2|Lilligant-Hisui, F|
|poke|p2|Great Tusk|
|poke|p2|Raging Bolt|
|poke|p2|Alomomola, F|
|teampreview
|inactive|Battle timer is ON: inactive players will automatically lose when time's up. (requested by teatrero mugroso)
|
|t:|1760760927
|teamsize|p1|6
|teamsize|p2|6
|start
|switch|p1a: Gengar|Gengar, M|100/100
|switch|p2a: Raging Bolt|Raging Bolt|100/100
|-item|p2a: Raging Bolt|Air Balloon
|turn|1
|
|t:|1760760935
|move|p1a: Gengar|Sludge Wave|p2a: Raging Bolt
|-damage|p2a: Raging Bolt|62/100
|-enditem|p2a: Raging Bolt|Air Balloon
|move|p2a: Raging Bolt|Thunderbolt|p1a: Gengar
|-damage|p1a: Gengar|13/100
|-start|p2a: Raging Bolt|Disable|Thunderbolt|[from] ability: Cursed Body|[of] p1a: Gengar
|
|upkeep
|turn|2
|
|t:|1760760943
|switch|p1a: Clefable|Clefable, F|100/100
|move|p2a: Raging Bolt|Thunderclap||[still]
|-fail|p2a: Raging Bolt
|
|upkeep
|turn|3
|
|t:|1760760948
|-end|p2a: Raging Bolt|Protosynthesis|[silent]
|switch|p2a: Torkoal|Torkoal, M|100/100
|-weather|SunnyDay|[from] ability: Drought|[of] p2a: Torkoal
|switch|p1a: Gengar|Gengar, M|13/100
|
|-weather|SunnyDay|[upkeep]
|upkeep
|turn|4
|
|t:|1760760958
|move|p1a: Gengar|Sludge Wave|p2a: Torkoal
|-damage|p2a: Torkoal|40/100
|move|p2a: Torkoal|Lava Plume|p1a: Gengar
|-damage|p1a: Gengar|0 fnt
|faint|p1a: Gengar
|
|-weather|SunnyDay|[upkeep]
|upkeep
|
|t:|1760760967
|switch|p1a: Magneton|Magneton|100/100
|turn|5
|
|t:|1760760974
|-terastallize|p2a: Torkoal|Ground
|move|p1a: Magneton|Flash Cannon|p2a: Torkoal
|-damage|p2a: Torkoal|0 fnt
|faint|p2a: Torkoal
|
|-weather|SunnyDay|[upkeep]
|upkeep
|
|t:|1760760982
|switch|p2a: Walking Wake|Walking Wake|100/100
|-activate|p2a: Walking Wake|ability: Protosynthesis
|-start|p2a: Walking Wake|protosynthesisspe
|turn|6
|
|t:|1760760991
|switch|p1a: Clefable|Clefable, F|100/100
|move|p2a: Walking Wake|Hydro Steam|p1a: Clefable
|-damage|p1a: Clefable|62/100
|
|-weather|SunnyDay|[upkeep]
|-heal|p1a: Clefable|68/100|[from] item: Leftovers
|upkeep
|turn|7
|
|t:|1760760999
|move|p2a: Walking Wake|Hydro Steam|p1a: Clefable
|-damage|p1a: Clefable|24/100
|move|p1a: Clefable|Moonlight|p1a: Clefable
|-heal|p1a: Clefable|91/100
|
|-weather|SunnyDay|[upkeep]
|-heal|p1a: Clefable|97/100|[from] item: Leftovers
|upkeep
|turn|8
|
|t:|1760761009
|-end|p2a: Walking Wake|Protosynthesis|[silent]
|switch|p2a: Alomomola|Alomomola, F|100/100
|move|p1a: Clefable|Thunder Wave|p2a: Alomomola
|-status|p2a: Alomomola|par
|
|-weather|SunnyDay|[upkeep]
|-heal|p1a: Clefable|100/100|[from] item: Leftovers
|upkeep
|turn|9
|-message|Antonny01 forfeited.
|
|win|teatrero mugroso
|raw|teatrero mugroso's rating: 1309 &rarr; <strong>1330</strong><br />(+21 for winning)
|raw|Antonny01's rating: 1332 &rarr; <strong>1311</strong><br />(-21 for losing)
|l|☆Antonny01
|player|p2|
|l|☆teatrero mugroso
|player|p1|
