|j|☆gemthehedgehog
|j|☆ImagineHavingSkill
|t:|1760718644
|gametype|singles
|player|p1|gemthehedgehog|101|1327
|player|p2|ImagineHavingSkill|fisherman-gen4|1321
|gen|9
|tier|[Gen 9] OU
|rated|
|rule|HP Percentage Mod: HP is shown in percentages
|rule|Endless Battle Clause: Forcing endless battles is banned
|rule|Species Clause: Limit one of each Pokémon
|rule|OHKO Clause: OHKO moves are banned
|rule|Evasion Items Clause: Evasion items are banned
|rule|Evasion Moves Clause: Evasion moves are banned
|rule|Evasion Abilities Clause: Evasion abilities are banned
|rule|Sleep Moves Clause: Sleep-inducing moves are banned
|clearpoke
|poke|p1|Pecharunt|
|poke|p1|Ting-Lu|
|poke|p1|Gholdengo|
|poke|p1|Zapdos|
|poke|p1|Dondozo, M|
|poke|p1|Scyther, F|
|poke|p2|Iron Treads|
|poke|p2|Ogerpon-Wellspring, F|
|poke|p2|Alomomola, M|
|poke|p2|Latios, M|
|poke|p2|Gholdengo|
|poke|p2|Scizor, M|
|teampreview
|
|t:|1760718663
|teamsize|p1|6
|teamsize|p2|6
|start
|switch|p1a: Scyther|Scyther, F|100/100
|switch|p2a: Ogerpon|Ogerpon-Wellspring, F|100/100
|turn|1
|
|t:|1760718680
|-terastallize|p2a: Ogerpon|Water
|detailschange|p2a: Ogerpon|Ogerpon-Wellspring-Tera, F, tera:Water
|-ability|p2a: Ogerpon|Embody Aspect (Wellspring)|boost
|-boost|p2a: Ogerpon|spd|1
|move|p2a: Ogerpon|Ivy Cudgel|p1a: Scyther|[anim] Ivy Cudgel Water
|-damage|p1a: Scyther|37/100
|move|p1a: Scyther|U-turn|p2a: Ogerpon
|-damage|p2a: Ogerpon|65/100
|
|t:|1760718694
|switch|p1a: Gholdengo|Gholdengo|100/100|[from] U-turn
|
|upkeep
|turn|2
|
|t:|1760718699
|move|p1a: Gholdengo|Shadow Ball|p2a: Ogerpon
|-damage|p2a: Ogerpon|34/100
|move|p2a: Ogerpon|U-turn|p1a: Gholdengo
|-resisted|p1a: Gholdengo
|-damage|p1a: Gholdengo|93/100
|
|t:|1760718704
|switch|p2a: Iron Treads|Iron Treads|100/100|[from] U-turn
|
|upkeep
|turn|3
|
|t:|1760718711
|switch|p1a: Ting-Lu|Ting-Lu|100/100
|-ability|p1a: Ting-Lu|Vessel of Ruin
|move|p2a: Iron Treads|Stealth Rock|p1a: Ting-Lu
|-sidestart|p1: gemthehedgehog|move: Stealth Rock
|
|upkeep
|turn|4
|
|t:|1760718719
|move|p2a: Iron Treads|Knock Off|p1a: Ting-Lu
|-resisted|p1a: Ting-Lu
|-damage|p1a: Ting-Lu|92/100
|-damage|p2a: Iron Treads|84/100|[from] item: Rocky Helmet|[of] p1a: Ting-Lu
|-enditem|p1a: Ting-Lu|Rocky Helmet|[from] move: Knock Off|[of] p2a: Iron Treads
|move|p1a: Ting-Lu|Ruination|p2a: Iron Treads
|-damage|p2a: Iron Treads|42/100
|
|-heal|p2a: Iron Treads|48/100|[from] item: Leftovers
|upkeep
|turn|5
|
|t:|1760718728
|-end|p2a: Iron Treads|Quark Drive|[silent]
|switch|p2a: Gholdengo|Gholdengo|100/100
|move|p1a: Ting-Lu|Earthquake|p2a: Gholdengo
|-supereffective|p2a: Gholdengo
|-damage|p2a: Gholdengo|16/100
|
|upkeep
|turn|6
|
|t:|1760718735
|move|p2a: Gholdengo|Trick|p1a: Ting-Lu
|-activate|p2a: Gholdengo|move: Trick|[of] p1a: Ting-Lu
|-item|p1a: Ting-Lu|Choice Scarf|[from] move: Trick
|-enditem|p2a: Gholdengo|Choice Scarf|[silent]|[from] move: Trick
|move|p1a: Ting-Lu|Stealth Rock|p2a: Gholdengo
|-sidestart|p2: ImagineHavingSkill|move: Stealth Rock
|
|upkeep
|turn|7
|
|t:|1760718747
|switch|p1a: Zapdos|Zapdos|100/100
|move|p2a: Gholdengo|Shadow Ball|p1a: Zapdos
|-damage|p1a: Zapdos|56/100
|
|upkeep
|turn|8
|
|t:|1760718757
|switch|p2a: Latios|Latios, M|100/100
|-damage|p2a: Latios|88/100|[from] Stealth Rock
|move|p1a: Zapdos|Hurricane|p2a: Latios|[miss]
|-miss|p1a: Zapdos|p2a: Latios
|
|upkeep
|turn|9
|
|t:|1760718761
|move|p2a: Latios|Luster Purge|p1a: Zapdos
|-damage|p1a: Zapdos|1/100
|move|p1a: Zapdos|U-turn|p2a: Latios
|-supereffective|p2a: Latios
|-damage|p2a: Latios|52/100
|
|t:|1760718772
|switch|p1a: Gholdengo|Gholdengo|93/100|[from] U-turn
|-damage|p1a: Gholdengo|87/100|[from] Stealth Rock
|
|upkeep
|turn|10
|
|t:|1760718777
|switch|p2a: Alomomola|Alomomola, M|100/100
|-damage|p2a: Alomomola|88/100|[from] Stealth Rock
|move|p1a: Gholdengo|Shadow Ball|p2a: Alomomola
|-damage|p2a: Alomomola|66/100
|
|upkeep
|turn|11
|
|t:|1760718785
|move|p1a: Gholdengo|Shadow Ball|p2a: Alomomola
|-damage|p2a: Alomomola|42/100
|-unboost|p2a: Alomomola|spd|1
|move|p2a: Alomomola|Mirror Coat|p1a: Gholdengo
|-damage|p1a: Gholdengo|14/100
|
|upkeep
|turn|12
|
|t:|1760718800
|switch|p1a: Pechakahnt|Pecharunt|100/100
|-damage|p1a: Pechakahnt|88/100|[from] Stealth Rock
|move|p2a: Alomomola|Flip Turn|p1a: Pechakahnt
|-damage|p1a: Pechakahnt|80/100
|
|t:|1760718803
|switch|p2a: Iron Treads|Iron Treads|48/100|[from] Flip Turn
|-damage|p2a: Iron Treads|45/100|[from] Stealth Rock
|
|-heal|p2a: Iron Treads|52/100|[from] item: Leftovers
|-heal|p1a: Pechakahnt|86/100|[from] item: Leftovers
|upkeep
|turn|13
|
|t:|1760718816
|-terastallize|p1a: Pechakahnt|Ground
|move|p2a: Iron Treads|Earthquake|p1a: Pechakahnt
|-damage|p1a: Pechakahnt|60/100
|move|p1a: Pechakahnt|Parting Shot|p2a: Iron Treads
|-unboost|p2a: Iron Treads|atk|1
|-unboost|p2a: Iron Treads|spa|1
|
|t:|1760718827
|switch|p1a: Scyther|Scyther, F|37/100|[from] Parting Shot
|-damage|p1a: Scyther|0 fnt|[from] Stealth Rock
|faint|p1a: Scyther
|
|-heal|p2a: Iron Treads|58/100|[from] item: Leftovers
|upkeep
|
|t:|1760718833
|switch|p1a: Zapdos|Zapdos|1/100
|turn|14
|
|t:|1760718836
|move|p2a: Iron Treads|Rapid Spin|p1a: Zapdos
|-damage|p1a: Zapdos|0 fnt
|-boost|p2a: Iron Treads|spe|1
|-sideend|p2: ImagineHavingSkill|Stealth Rock|[from] move: Rapid Spin|[of] p2a: Iron Treads
|faint|p1a: Zapdos
|
|-heal|p2a: Iron Treads|64/100|[from] item: Leftovers
|upkeep
|
|t:|1760718840
|switch|p1a: Ting-Lu|Ting-Lu|92/100
|-damage|p1a: Ting-Lu|86/100|[from] Stealth Rock
|-ability|p1a: Ting-Lu|Vessel of Ruin
|turn|15
|
|t:|1760718845
|-end|p2a: Iron Treads|Quark Drive|[silent]
|switch|p2a: Latios|Latios, M|52/100
|move|p1a: Ting-Lu|Whirlwind|p2a: Latios
|drag|p2a: Scizor|Scizor, M|100/100
|
|upkeep
|turn|16
|
|t:|1760718855
|switch|p1a: Dondozo|Dondozo, M|100/100
|-damage|p1a: Dondozo|88/100|[from] Stealth Rock
|move|p2a: Scizor|Close Combat|p1a: Dondozo
|-damage|p1a: Dondozo|43/100
|-unboost|p2a: Scizor|def|1
|-unboost|p2a: Scizor|spd|1
|-enditem|p1a: Dondozo|Red Card|[of] p2a: Scizor
|drag|p2a: Alomomola|Alomomola, M|75/100
|
|upkeep
|turn|17
|
|t:|1760718862
|move|p2a: Alomomola|Flip Turn|p1a: Dondozo
|-resisted|p1a: Dondozo
|-crit|p1a: Dondozo
|-damage|p1a: Dondozo|36/100
|
|t:|1760718865
|switch|p2a: Latios|Latios, M|52/100|[from] Flip Turn
|move|p1a: Dondozo|Rest|p1a: Dondozo
|-status|p1a: Dondozo|slp|[from] move: Rest
|-heal|p1a: Dondozo|100/100 slp|[silent]
|
|upkeep
|turn|18
|
|t:|1760718868
|move|p2a: Latios|Luster Purge|p1a: Dondozo
|-damage|p1a: Dondozo|59/100 slp
|-unboost|p1a: Dondozo|spd|1
|cant|p1a: Dondozo|slp
|move|p1a: Dondozo|Sleep Talk|p1a: Dondozo
|move|p1a: Dondozo|Wave Crash|p2a: Latios|[from] move: Sleep Talk
|-resisted|p2a: Latios
|-damage|p2a: Latios|25/100
|-damage|p1a: Dondozo|54/100 slp|[from] Recoil
|
|upkeep
|turn|19
|
|t:|1760718874
|move|p2a: Latios|Draco Meteor|p1a: Dondozo|[miss]
|-miss|p2a: Latios|p1a: Dondozo
|cant|p1a: Dondozo|slp
|move|p1a: Dondozo|Sleep Talk|p1a: Dondozo
|move|p1a: Dondozo|Rest||[from] move: Sleep Talk|[still]
|-fail|p1a: Dondozo
|
|upkeep
|turn|20
|
|t:|1760718881
|move|p2a: Latios|Draco Meteor|p1a: Dondozo
|-damage|p1a: Dondozo|0 fnt
|-unboost|p2a: Latios|spa|2
|faint|p1a: Dondozo
|
|upkeep
|
|t:|1760718894
|switch|p1a: Gholdengo|Gholdengo|14/100
|-damage|p1a: Gholdengo|8/100|[from] Stealth Rock
|turn|21
|
|t:|1760718898
|switch|p2a: Alomomola|Alomomola, M|100/100
|move|p1a: Gholdengo|Shadow Ball|p2a: Alomomola
|-damage|p2a: Alomomola|75/100
|
|upkeep
|turn|22
|-message|gemthehedgehog forfeited.
|
|win|ImagineHavingSkill
|raw|gemthehedgehog's rating: 1327 &rarr; <strong>1306</strong><br />(-21 for losing)
|raw|ImagineHavingSkill's rating: 1301 &rarr; <strong>1322</strong><br />(+21 for winning)
|l|☆gemthehedgehog
|player|p1|
