|j|☆MAGAboominGOOCH
|j|☆SuperSayajeans
|t:|1760719521
|gametype|singles
|player|p1|MAGAboominGOOCH|supernerd|1132
|player|p2|SuperSayajeans|265|1145
|gen|9
|tier|[Gen 9] OU
|rated|
|rule|HP Percentage Mod: HP is shown in percentages
|rule|Endless Battle Clause: Forcing endless battles is banned
|rule|Species Clause: Limit one of each Pokémon
|rule|OHKO Clause: OHKO moves are banned
|rule|Evasion Items Clause: Evasion items are banned
|rule|Evasion Moves Clause: Evasion moves are banned
|rule|Evasion Abilities Clause: Evasion abilities are banned
|rule|Sleep Moves Clause: Sleep-inducing moves are banned
|clearpoke
|poke|p1|Polteageist|
|poke|p1|Sinistcha-Masterpiece|
|poke|p1|Skeledirge, F|
|poke|p1|Drifblim, M|
|poke|p1|Gholdengo|
|poke|p1|Ceruledge, M|
|poke|p2|Electivire, F|
|poke|p2|Gyarados, M|
|poke|p2|Blissey, F|
|poke|p2|Hydrapple, M|
|poke|p2|Hitmontop, M|
|poke|p2|Arcanine, F|
|teampreview
|inactive|Battle timer is ON: inactive players will automatically lose when time's up. (requested by MAGAboominGOOCH)
|
|t:|1760719545
|teamsize|p1|6
|teamsize|p2|6
|start
|switch|p1a: Polteageist|Polteageist|100/100
|switch|p2a: Hydrapple|Hydrapple, M|100/100
|turn|1
|
|t:|1760719562
|move|p1a: Polteageist|Shell Smash|p1a: Polteageist
|-unboost|p1a: Polteageist|def|1
|-unboost|p1a: Polteageist|spd|1
|-boost|p1a: Polteageist|atk|2
|-boost|p1a: Polteageist|spa|2
|-boost|p1a: Polteageist|spe|2
|move|p2a: Hydrapple|Giga Drain|p1a: Polteageist
|-damage|p1a: Polteageist|51/100
|
|upkeep
|turn|2
|
|t:|1760719578
|switch|p2a: Blissey|Blissey, F|100/100
|move|p1a: Polteageist|Stored Power|p2a: Blissey
|-damage|p2a: Blissey|64/100
|
|-heal|p2a: Blissey|70/100|[from] item: Leftovers
|upkeep
|turn|3
|
|t:|1760719588
|move|p1a: Polteageist|Shell Smash|p1a: Polteageist
|-unboost|p1a: Polteageist|def|1
|-unboost|p1a: Polteageist|spd|1
|-boost|p1a: Polteageist|atk|2
|-boost|p1a: Polteageist|spa|2
|-boost|p1a: Polteageist|spe|2
|move|p2a: Blissey|Soft-Boiled|p2a: Blissey
|-heal|p2a: Blissey|100/100
|
|upkeep
|turn|4
|
|t:|1760719597
|-terastallize|p1a: Polteageist|Fighting
|move|p1a: Polteageist|Tera Blast|p2a: Blissey|[anim] Tera Blast Fighting
|-supereffective|p2a: Blissey
|-damage|p2a: Blissey|12/100
|move|p2a: Blissey|Shadow Ball|p1a: Polteageist
|-damage|p1a: Polteageist|19/100
|
|-heal|p2a: Blissey|18/100|[from] item: Leftovers
|upkeep
|turn|5
|
|t:|1760719627
|move|p1a: Polteageist|Stored Power|p2a: Blissey
|-damage|p2a: Blissey|0 fnt
|faint|p2a: Blissey
|
|upkeep
|inactive|SuperSayajeans has 120 seconds left.
|
|t:|1760719643
|switch|p2a: Hydrapple|Hydrapple, M|100/100
|turn|6
|inactive|SuperSayajeans has 120 seconds left.
|
|t:|1760719650
|move|p1a: Polteageist|Stored Power|p2a: Hydrapple
|-damage|p2a: Hydrapple|0 fnt
|faint|p2a: Hydrapple
|
|upkeep
|
|t:|1760719655
|switch|p2a: Arcanine|Arcanine, F|100/100
|-ability|p2a: Arcanine|Intimidate|boost
|-unboost|p1a: Polteageist|atk|1
|turn|7
|
|t:|1760719661
|move|p1a: Polteageist|Stored Power|p2a: Arcanine
|-damage|p2a: Arcanine|0 fnt
|faint|p2a: Arcanine
|
|upkeep
|
|t:|1760719664
|switch|p2a: Gyarados|Gyarados, M|100/100
|-ability|p2a: Gyarados|Intimidate|boost
|-unboost|p1a: Polteageist|atk|1
|turn|8
|
|t:|1760719669
|move|p1a: Polteageist|Stored Power|p2a: Gyarados
|-damage|p2a: Gyarados|0 fnt
|faint|p2a: Gyarados
|
|upkeep
|
|t:|1760719671
|switch|p2a: Electivire|Electivire, F|100/100
|-item|p2a: Electivire|Air Balloon
|turn|9
|
|t:|1760719676
|move|p1a: Polteageist|Stored Power|p2a: Electivire
|-damage|p2a: Electivire|0 fnt
|-enditem|p2a: Electivire|Air Balloon
|faint|p2a: Electivire
|
|upkeep
|
|t:|1760719678
|switch|p2a: Hitmontop|Hitmontop, M|100/100
|-ability|p2a: Hitmontop|Intimidate|boost
|-unboost|p1a: Polteageist|atk|1
|turn|10
|
|t:|1760719681
|move|p1a: Polteageist|Stored Power|p2a: Hitmontop
|-supereffective|p2a: Hitmontop
|-damage|p2a: Hitmontop|0 fnt
|faint|p2a: Hitmontop
|
|win|MAGAboominGOOCH
|raw|MAGAboominGOOCH's rating: 1132 &rarr; <strong>1158</strong><br />(+26 for winning)
|raw|SuperSayajeans's rating: 1145 &rarr; <strong>1119</strong><br />(-26 for losing)
|l|☆SuperSayajeans
|player|p2|
