|j|☆orio27
|j|☆wrc24
|t:|1760791353
|gametype|singles
|player|p1|orio27|blackbelt|1347
|player|p2|wrc24|blackbelt|1305
|gen|9
|tier|[Gen 9] OU
|rated|
|rule|HP Percentage Mod: HP is shown in percentages
|rule|Endless Battle Clause: Forcing endless battles is banned
|rule|Species Clause: Limit one of each Pokémon
|rule|OHKO Clause: OHKO moves are banned
|rule|Evasion Items Clause: Evasion items are banned
|rule|Evasion Moves Clause: Evasion moves are banned
|rule|Evasion Abilities Clause: Evasion abilities are banned
|rule|Sleep Moves Clause: Sleep-inducing moves are banned
|clearpoke
|poke|p1|Great Tusk|
|poke|p1|Kingambit, M|
|poke|p1|Moltres|
|poke|p1|Tinkaton, F|
|poke|p1|Hydrapple, F|
|poke|p1|Samurott-Hisui, F|
|poke|p2|Regidrago|
|poke|p2|Scizor, M|
|poke|p2|Ting-Lu|
|poke|p2|Dragonite, M|
|poke|p2|Gholdengo|
|poke|p2|Weezing-Galar, F|
|teampreview
|inactive|Battle timer is ON: inactive players will automatically lose when time's up. (requested by orio27)
|
|t:|1760791373
|teamsize|p1|6
|teamsize|p2|6
|start
|switch|p1a: Tinkaton|Tinkaton, F|100/100
|switch|p2a: Scizor|Scizor, M|100/100
|-item|p1a: Tinkaton|Air Balloon
|turn|1
|
|t:|1760791381
|move|p1a: Tinkaton|Thunder Wave|p2a: Scizor
|-status|p2a: Scizor|par
|move|p2a: Scizor|U-turn|p1a: Tinkaton
|-resisted|p1a: Tinkaton
|-damage|p1a: Tinkaton|84/100
|-enditem|p1a: Tinkaton|Air Balloon
|-enditem|p2a: Scizor|Choice Band|[silent]|[from] ability: Pickpocket|[of] p2a: Scizor
|-item|p1a: Tinkaton|Choice Band|[from] ability: Pickpocket|[of] p2a: Scizor
|
|t:|1760791391
|switch|p2a: Ting-Lu|Ting-Lu|100/100|[from] U-turn
|-ability|p2a: Ting-Lu|Vessel of Ruin
|
|upkeep
|turn|2
|
|t:|1760791398
|switch|p1a: Moltres|Moltres|100/100
|move|p2a: Ting-Lu|Stealth Rock|p1a: Moltres
|-sidestart|p1: orio27|move: Stealth Rock
|
|upkeep
|turn|3
|
|t:|1760791408
|switch|p2a: Regidrago|Regidrago|100/100
|move|p1a: Moltres|U-turn|p2a: Regidrago
|-damage|p2a: Regidrago|84/100
|
|t:|1760791412
|switch|p1a: Tinkaton|Tinkaton, F|84/100|[from] U-turn
|-damage|p1a: Tinkaton|78/100|[from] Stealth Rock
|
|upkeep
|turn|4
|
|t:|1760791421
|switch|p2a: Ting-Lu|Ting-Lu|100/100
|-ability|p2a: Ting-Lu|Vessel of Ruin
|move|p1a: Tinkaton|Knock Off|p2a: Ting-Lu
|-resisted|p2a: Ting-Lu
|-damage|p2a: Ting-Lu|94/100
|-enditem|p2a: Ting-Lu|Leftovers|[from] move: Knock Off|[of] p1a: Tinkaton
|
|upkeep
|turn|5
|
|t:|1760791429
|switch|p1a: Moltres|Moltres|100/100
|move|p2a: Ting-Lu|Ruination|p1a: Moltres
|-damage|p1a: Moltres|51/100
|
|upkeep
|turn|6
|
|t:|1760791449
|move|p1a: Moltres|Roost|p1a: Moltres
|-heal|p1a: Moltres|100/100
|-singleturn|p1a: Moltres|move: Roost
|move|p2a: Ting-Lu|Whirlwind|p1a: Moltres
|drag|p1a: Tinkaton|Tinkaton, F|78/100
|-damage|p1a: Tinkaton|72/100|[from] Stealth Rock
|
|upkeep
|turn|7
|
|t:|1760791460
|switch|p1a: Moltres|Moltres|100/100
|move|p2a: Ting-Lu|Earthquake|p1a: Moltres
|-immune|p1a: Moltres
|
|upkeep
|turn|8
|
|t:|1760791466
|move|p1a: Moltres|Flamethrower|p2a: Ting-Lu
|-damage|p2a: Ting-Lu|79/100
|move|p2a: Ting-Lu|Ruination|p1a: Moltres
|-damage|p1a: Moltres|51/100
|
|upkeep
|turn|9
|
|t:|1760791472
|move|p1a: Moltres|Flamethrower|p2a: Ting-Lu
|-damage|p2a: Ting-Lu|63/100
|move|p2a: Ting-Lu|Earthquake|p1a: Moltres
|-immune|p1a: Moltres
|
|upkeep
|turn|10
|
|t:|1760791479
|switch|p2a: Regidrago|Regidrago|84/100
|move|p1a: Moltres|Flamethrower|p2a: Regidrago
|-resisted|p2a: Regidrago
|-damage|p2a: Regidrago|65/100
|
|upkeep
|turn|11
|
|t:|1760791486
|switch|p1a: Tinkaton|Tinkaton, F|72/100
|-damage|p1a: Tinkaton|66/100|[from] Stealth Rock
|move|p2a: Regidrago|Draco Meteor|p1a: Tinkaton
|-immune|p1a: Tinkaton
|
|upkeep
|turn|12
|
|t:|1760791509
|switch|p2a: Ting-Lu|Ting-Lu|63/100
|-ability|p2a: Ting-Lu|Vessel of Ruin
|move|p1a: Tinkaton|Thunder Wave|p2a: Ting-Lu
|-immune|p2a: Ting-Lu
|
|upkeep
|turn|13
|
|t:|1760791518
|switch|p1a: Moltres|Moltres|51/100
|switch|p2a: Regidrago|Regidrago|65/100
|
|upkeep
|turn|14
|
|t:|1760791524
|switch|p1a: Tinkaton|Tinkaton, F|66/100
|-damage|p1a: Tinkaton|60/100|[from] Stealth Rock
|move|p2a: Regidrago|Earth Power|p1a: Tinkaton
|-supereffective|p1a: Tinkaton
|-damage|p1a: Tinkaton|17/100
|
|upkeep
|turn|15
|
|t:|1760791531
|move|p2a: Regidrago|Earth Power|p1a: Tinkaton
|-supereffective|p1a: Tinkaton
|-damage|p1a: Tinkaton|0 fnt
|faint|p1a: Tinkaton
|
|upkeep
|
|t:|1760791541
|switch|p1a: Moltres|Moltres|51/100
|turn|16
|
|t:|1760791565
|switch|p2a: Ting-Lu|Ting-Lu|63/100
|-ability|p2a: Ting-Lu|Vessel of Ruin
|move|p1a: Moltres|Roost|p1a: Moltres
|-heal|p1a: Moltres|100/100
|-singleturn|p1a: Moltres|move: Roost
|
|upkeep
|turn|17
|
|t:|1760791573
|move|p1a: Moltres|Flamethrower|p2a: Ting-Lu
|-damage|p2a: Ting-Lu|46/100
|move|p2a: Ting-Lu|Ruination|p1a: Moltres
|-damage|p1a: Moltres|51/100
|
|upkeep
|turn|18
|
|t:|1760791580
|switch|p2a: Regidrago|Regidrago|65/100
|move|p1a: Moltres|Flamethrower|p2a: Regidrago
|-resisted|p2a: Regidrago
|-damage|p2a: Regidrago|45/100
|
|upkeep
|turn|19
|
|t:|1760791599
|switch|p1a: Hydrapple|Hydrapple, F|100/100
|move|p2a: Regidrago|Draco Meteor|p1a: Hydrapple
|-supereffective|p1a: Hydrapple
|-damage|p1a: Hydrapple|0 fnt
|-unboost|p2a: Regidrago|spa|2
|faint|p1a: Hydrapple
|
|upkeep
|
|t:|1760791606
|switch|p1a: Moltres|Moltres|51/100
|turn|20
|
|t:|1760791621
|move|p2a: Regidrago|Draco Meteor|p1a: Moltres
|-damage|p1a: Moltres|4/100
|-unboost|p2a: Regidrago|spa|2
|move|p1a: Moltres|Roost|p1a: Moltres
|-heal|p1a: Moltres|55/100
|-singleturn|p1a: Moltres|move: Roost
|
|upkeep
|turn|21
|
|t:|1760791630
|switch|p2a: Ting-Lu|Ting-Lu|46/100
|-ability|p2a: Ting-Lu|Vessel of Ruin
|move|p1a: Moltres|Roost|p1a: Moltres
|-heal|p1a: Moltres|100/100
|-singleturn|p1a: Moltres|move: Roost
|
|upkeep
|turn|22
|
|t:|1760791638
|move|p1a: Moltres|Flamethrower|p2a: Ting-Lu
|-damage|p2a: Ting-Lu|30/100
|move|p2a: Ting-Lu|Ruination|p1a: Moltres
|-damage|p1a: Moltres|51/100
|
|upkeep
|turn|23
|
|t:|1760791645
|move|p1a: Moltres|Flamethrower|p2a: Ting-Lu
|-damage|p2a: Ting-Lu|15/100
|move|p2a: Ting-Lu|Ruination|p1a: Moltres
|-damage|p1a: Moltres|26/100
|
|upkeep
|turn|24
|
|t:|1760791651
|switch|p2a: Regidrago|Regidrago|45/100
|move|p1a: Moltres|U-turn|p2a: Regidrago
|-damage|p2a: Regidrago|30/100
|
|t:|1760791656
|switch|p1a: Samurott|Samurott-Hisui, F|100/100|[from] U-turn
|-damage|p1a: Samurott|88/100|[from] Stealth Rock
|
|upkeep
|turn|25
|
|t:|1760791664
|move|p1a: Samurott|Ceaseless Edge|p2a: Regidrago
|-damage|p2a: Regidrago|0 fnt
|-sidestart|p2: wrc24|Spikes
|faint|p2a: Regidrago
|
|upkeep
|
|t:|1760791671
|switch|p2a: Weezing|Weezing-Galar, F|100/100
|-ability|p2a: Weezing|Neutralizing Gas
|turn|26
|
|t:|1760791677
|switch|p1a: Moltres|Moltres|26/100
|move|p2a: Weezing|Will-O-Wisp|p1a: Moltres|[miss]
|-miss|p2a: Weezing|p1a: Moltres
|
|upkeep
|turn|27
|
|t:|1760791683
|move|p1a: Moltres|Roost|p1a: Moltres
|-heal|p1a: Moltres|76/100
|-singleturn|p1a: Moltres|move: Roost
|move|p2a: Weezing|Sludge Bomb|p1a: Moltres
|-crit|p1a: Moltres
|-damage|p1a: Moltres|31/100
|
|upkeep
|turn|28
|
|t:|1760791690
|move|p1a: Moltres|U-turn|p2a: Weezing
|-resisted|p2a: Weezing
|-damage|p2a: Weezing|98/100
|
|t:|1760791699
|switch|p1a: Kingambit|Kingambit, M|100/100|[from] U-turn
|-damage|p1a: Kingambit|94/100|[from] Stealth Rock
|move|p2a: Weezing|Sludge Bomb|p1a: Kingambit
|-immune|p1a: Kingambit
|
|-heal|p1a: Kingambit|100/100|[from] item: Leftovers
|upkeep
|turn|29
|
|t:|1760791709
|-end|p1a: Kingambit|fallenundefined|[silent]
|switch|p1a: Moltres|Moltres|31/100
|move|p2a: Weezing|Will-O-Wisp|p1a: Moltres
|-immune|p1a: Moltres
|
|upkeep
|turn|30
|
|t:|1760791714
|move|p1a: Moltres|Flamethrower|p2a: Weezing
|-damage|p2a: Weezing|46/100
|-status|p2a: Weezing|brn
|move|p2a: Weezing|Sludge Bomb|p1a: Moltres
|-damage|p1a: Moltres|5/100
|
|-damage|p2a: Weezing|40/100 brn|[from] brn
|upkeep
|turn|31
|
|t:|1760791724
|-end|p2a: Weezing|ability: Neutralizing Gas
|switch|p2a: Ting-Lu|Ting-Lu|15/100
|-damage|p2a: Ting-Lu|2/100|[from] Spikes
|-ability|p2a: Ting-Lu|Vessel of Ruin
|move|p1a: Moltres|Roost|p1a: Moltres
|-heal|p1a: Moltres|55/100
|-singleturn|p1a: Moltres|move: Roost
|
|upkeep
|turn|32
|
|t:|1760791734
|move|p1a: Moltres|Flamethrower|p2a: Ting-Lu
|-damage|p2a: Ting-Lu|0 fnt
|faint|p2a: Ting-Lu
|
|upkeep
|
|t:|1760791762
|switch|p2a: Gholdengo|Gholdengo|100/100
|-damage|p2a: Gholdengo|88/100|[from] Spikes
|turn|33
|
|t:|1760791766
|move|p2a: Gholdengo|Thunderbolt|p1a: Moltres
|-supereffective|p1a: Moltres
|-crit|p1a: Moltres
|-damage|p1a: Moltres|0 fnt
|faint|p1a: Moltres
|
|upkeep
|
|t:|1760791770
|switch|p1a: Samurott|Samurott-Hisui, F|88/100
|-damage|p1a: Samurott|76/100|[from] Stealth Rock
|turn|34
|
|t:|1760791778
|switch|p2a: Scizor|Scizor, M|100/100 par
|-damage|p2a: Scizor|88/100 par|[from] Spikes
|move|p1a: Samurott|Ceaseless Edge|p2a: Scizor
|-damage|p2a: Scizor|42/100 par
|-sidestart|p2: wrc24|Spikes
|
|upkeep
|turn|35
|
|t:|1760791790
|move|p2a: Scizor|Bullet Punch|p1a: Samurott
|-resisted|p1a: Samurott
|-crit|p1a: Samurott
|-damage|p1a: Samurott|45/100
|move|p1a: Samurott|Ceaseless Edge|p2a: Scizor
|-damage|p2a: Scizor|0 fnt
|-sidestart|p2: wrc24|Spikes
|faint|p2a: Scizor
|
|upkeep
|
|t:|1760791798
|switch|p2a: Dragonite|Dragonite, M|100/100
|turn|36
|
|t:|1760791801
|move|p1a: Samurott|Ceaseless Edge|p2a: Dragonite
|-damage|p2a: Dragonite|80/100
|move|p2a: Dragonite|Dragon Dance|p2a: Dragonite
|-boost|p2a: Dragonite|atk|1
|-boost|p2a: Dragonite|spe|1
|
|upkeep
|turn|37
|
|t:|1760791807
|move|p1a: Samurott|Ceaseless Edge|p2a: Dragonite
|-damage|p2a: Dragonite|35/100
|move|p2a: Dragonite|Dragon Dance|p2a: Dragonite
|-boost|p2a: Dragonite|atk|1
|-boost|p2a: Dragonite|spe|1
|
|upkeep
|turn|38
|
|t:|1760791813
|move|p2a: Dragonite|Extreme Speed|p1a: Samurott
|-damage|p1a: Samurott|0 fnt
|faint|p1a: Samurott
|
|upkeep
|
|t:|1760791817
|switch|p1a: Great Tusk|Great Tusk|100/100
|turn|39
|
|t:|1760791830
|move|p2a: Dragonite|Extreme Speed|p1a: Great Tusk
|-damage|p1a: Great Tusk|58/100
|move|p1a: Great Tusk|Ice Spinner|p2a: Dragonite
|-supereffective|p2a: Dragonite
|-damage|p2a: Dragonite|0 fnt
|faint|p2a: Dragonite
|
|upkeep
|
|t:|1760791836
|switch|p2a: Gholdengo|Gholdengo|88/100
|-damage|p2a: Gholdengo|63/100|[from] Spikes
|turn|40
|
|t:|1760791846
|move|p1a: Great Tusk|Headlong Rush|p2a: Gholdengo
|-supereffective|p2a: Gholdengo
|-damage|p2a: Gholdengo|0 fnt
|-unboost|p1a: Great Tusk|def|1
|-unboost|p1a: Great Tusk|spd|1
|faint|p2a: Gholdengo
|
|upkeep
|-message|wrc24 forfeited.
|
|win|orio27
|raw|orio27's rating: 1347 &rarr; <strong>1365</strong><br />(+18 for winning)
|raw|wrc24's rating: 1305 &rarr; <strong>1287</strong><br />(-18 for losing)
|l|☆wrc24
|player|p2|
|l|☆orio27
|player|p1|
