|j|☆Eclair_Dios__Mio
|j|☆eggwithswag
|t:|1760804598
|gametype|singles
|player|p1|Eclair_Dios__Mio|serena-masters2|1267
|player|p2|eggwithswag|lance|1331
|gen|9
|tier|[Gen 9] OU
|rated|
|rule|HP Percentage Mod: HP is shown in percentages
|rule|Endless Battle Clause: Forcing endless battles is banned
|rule|Species Clause: Limit one of each Pokémon
|rule|OHKO Clause: OHKO moves are banned
|rule|Evasion Items Clause: Evasion items are banned
|rule|Evasion Moves Clause: Evasion moves are banned
|rule|Evasion Abilities Clause: Evasion abilities are banned
|rule|Sleep Moves Clause: Sleep-inducing moves are banned
|clearpoke
|poke|p1|Luxray, M|
|poke|p1|Rillaboom, F|
|poke|p1|Serperior, F|
|poke|p1|Iron Moth|
|poke|p1|Hawlucha, F|
|poke|p1|Iron Treads|
|poke|p2|Hatterene, F|
|poke|p2|Tyranitar, F|
|poke|p2|Excadrill, M|
|poke|p2|Dragapult, F|
|poke|p2|Landorus-Therian, M|
|poke|p2|Ogerpon-Wellspring, F|
|teampreview
|inactive|Battle timer is ON: inactive players will automatically lose when time's up. (requested by Eclair_Dios__Mio)
|
|t:|1760804607
|teamsize|p1|6
|teamsize|p2|6
|start
|switch|p1a: Iron Treads|Iron Treads, shiny|100/100
|switch|p2a: Dragapult|Dragapult, F|100/100
|-enditem|p1a: Iron Treads|Booster Energy
|-activate|p1a: Iron Treads|ability: Quark Drive|[fromitem]
|-start|p1a: Iron Treads|quarkdrivespe
|turn|1
|
|t:|1760804613
|switch|p2a: Hatterene|Hatterene, F|100/100
|move|p1a: Iron Treads|Stealth Rock|p2a: Hatterene
|move|p2a: Hatterene|Stealth Rock|p1a: Iron Treads|[from] ability: Magic Bounce
|-sidestart|p1: Eclair_Dios__Mio|move: Stealth Rock
|
|upkeep
|turn|2
|
|t:|1760804620
|move|p1a: Iron Treads|Rapid Spin|p2a: Hatterene
|-damage|p2a: Hatterene|89/100
|-boost|p1a: Iron Treads|spe|1
|-damage|p1a: Iron Treads|84/100|[from] item: Rocky Helmet|[of] p2a: Hatterene
|-sideend|p1: Eclair_Dios__Mio|Stealth Rock|[from] move: Rapid Spin|[of] p1a: Iron Treads
|move|p2a: Hatterene|Mystical Fire|p1a: Iron Treads
|-supereffective|p1a: Iron Treads
|-damage|p1a: Iron Treads|17/100
|-unboost|p1a: Iron Treads|spa|1
|
|upkeep
|turn|3
|
|t:|1760804642
|switch|p2a: Landorus|Landorus-Therian, M|100/100
|-ability|p2a: Landorus|Intimidate|boost
|-unboost|p1a: Iron Treads|atk|1
|move|p1a: Iron Treads|Steel Beam|p2a: Landorus
|-damage|p2a: Landorus|63/100
|-damage|p1a: Iron Treads|0 fnt|[from] steelbeam
|faint|p1a: Iron Treads
|-end|p1a: Iron Treads|Quark Drive|[silent]
|
|upkeep
|
|t:|1760804658
|switch|p1a: Rillaboom|Rillaboom, F|100/100
|-fieldstart|move: Grassy Terrain|[from] ability: Grassy Surge|[of] p1a: Rillaboom
|turn|4
|
|t:|1760804666
|move|p2a: Landorus|U-turn|p1a: Rillaboom
|-supereffective|p1a: Rillaboom
|-damage|p1a: Rillaboom|55/100
|
|t:|1760804681
|switch|p2a: Excadrill|Excadrill, M|100/100|[from] U-turn
|move|p1a: Rillaboom|Knock Off|p2a: Excadrill
|-damage|p2a: Excadrill|59/100
|-enditem|p2a: Excadrill|Choice Band|[from] move: Knock Off|[of] p1a: Rillaboom
|
|-heal|p1a: Rillaboom|61/100|[from] Grassy Terrain
|-heal|p2a: Excadrill|66/100|[from] Grassy Terrain
|upkeep
|turn|5
|
|t:|1760804701
|move|p1a: Rillaboom|U-turn|p2a: Excadrill
|-resisted|p2a: Excadrill
|-damage|p2a: Excadrill|50/100
|
|t:|1760804705
|switch|p1a: Serperior|Serperior, F|100/100|[from] U-turn
|move|p2a: Excadrill|X-Scissor|p1a: Serperior
|-supereffective|p1a: Serperior
|-damage|p1a: Serperior|26/100
|
|-heal|p1a: Serperior|32/100|[from] Grassy Terrain
|-heal|p1a: Serperior|38/100|[from] item: Leftovers
|-heal|p2a: Excadrill|56/100|[from] Grassy Terrain
|upkeep
|turn|6
|
|t:|1760804718
|-terastallize|p1a: Serperior|Grass
|move|p1a: Serperior|Leaf Storm|p2a: Excadrill
|-crit|p2a: Excadrill
|-damage|p2a: Excadrill|0 fnt
|-boost|p1a: Serperior|spa|2
|faint|p2a: Excadrill
|
|-heal|p1a: Serperior|44/100|[from] Grassy Terrain
|-heal|p1a: Serperior|50/100|[from] item: Leftovers
|upkeep
|
|t:|1760804729
|switch|p2a: Dragapult|Dragapult, F|100/100
|turn|7
|
|t:|1760804735
|switch|p1a: Hawlucha|Hawlucha, F|100/100
|-enditem|p1a: Hawlucha|Grassy Seed
|-boost|p1a: Hawlucha|def|1|[from] item: Grassy Seed
|-terastallize|p2a: Dragapult|Dragon
|move|p2a: Dragapult|Dragon Darts|p1a: Hawlucha
|-damage|p1a: Hawlucha|75/100
|-anim|p2a: Dragapult|Dragon Darts|p1a: Hawlucha
|-damage|p1a: Hawlucha|50/100
|
|upkeep
|turn|8
|
|t:|1760804738
|move|p1a: Hawlucha|Acrobatics|p2a: Dragapult
|-damage|p2a: Dragapult|34/100
|move|p2a: Dragapult|Dragon Darts|p1a: Hawlucha
|-damage|p1a: Hawlucha|25/100
|-anim|p2a: Dragapult|Dragon Darts|p1a: Hawlucha
|-damage|p1a: Hawlucha|0 fnt
|faint|p1a: Hawlucha
|
|-heal|p2a: Dragapult|40/100|[from] Grassy Terrain
|-heal|p2a: Dragapult|46/100|[from] item: Leftovers
|upkeep
|
|t:|1760804743
|switch|p1a: Rillaboom|Rillaboom, F|61/100
|turn|9
|
|t:|1760804754
|move|p2a: Dragapult|Dragon Darts|p1a: Rillaboom
|-damage|p1a: Rillaboom|35/100
|-anim|p2a: Dragapult|Dragon Darts|p1a: Rillaboom
|-damage|p1a: Rillaboom|7/100
|move|p1a: Rillaboom|Knock Off|p2a: Dragapult
|-damage|p2a: Dragapult|0 fnt
|-enditem|p2a: Dragapult|Leftovers|[from] move: Knock Off|[of] p1a: Rillaboom
|faint|p2a: Dragapult
|
|-heal|p1a: Rillaboom|13/100|[from] Grassy Terrain
|upkeep
|
|t:|1760804766
|switch|p2a: Landorus|Landorus-Therian, M|63/100
|-ability|p2a: Landorus|Intimidate|boost
|-unboost|p1a: Rillaboom|atk|1
|turn|10
|
|t:|1760804775
|switch|p1a: Waterdog|Luxray, M, shiny|100/100
|move|p2a: Landorus|U-turn|p1a: Waterdog
|-damage|p1a: Waterdog|67/100
|
|t:|1760804797
|switch|p2a: Tyranitar|Tyranitar, F|100/100|[from] U-turn
|-weather|Sandstorm|[from] ability: Sand Stream|[of] p2a: Tyranitar
|
|-weather|Sandstorm|[upkeep]
|-damage|p1a: Waterdog|61/100|[from] Sandstorm
|-heal|p1a: Waterdog|67/100|[from] Grassy Terrain
|-status|p1a: Waterdog|brn|[from] item: Flame Orb
|upkeep
|turn|11
|inactive|eggwithswag has 120 seconds left.
|
|t:|1760804819
|move|p1a: Waterdog|Trailblaze|p2a: Tyranitar
|-supereffective|p2a: Tyranitar
|-damage|p2a: Tyranitar|59/100
|-boost|p1a: Waterdog|spe|1
|move|p2a: Tyranitar|Knock Off|p1a: Waterdog
|-damage|p1a: Waterdog|3/100 brn
|-enditem|p1a: Waterdog|Flame Orb|[from] move: Knock Off|[of] p2a: Tyranitar
|
|-weather|Sandstorm|[upkeep]
|-damage|p1a: Waterdog|0 fnt|[from] Sandstorm
|faint|p1a: Waterdog
|-heal|p2a: Tyranitar|65/100|[from] Grassy Terrain
|-fieldend|move: Grassy Terrain
|upkeep
|
|t:|1760804824
|switch|p1a: Rillaboom|Rillaboom, F|13/100
|-fieldstart|move: Grassy Terrain|[from] ability: Grassy Surge|[of] p1a: Rillaboom
|turn|12
|inactive|eggwithswag has 120 seconds left.
|
|t:|1760804848
|switch|p2a: Landorus|Landorus-Therian, M|63/100
|-ability|p2a: Landorus|Intimidate|boost
|-unboost|p1a: Rillaboom|atk|1
|move|p1a: Rillaboom|Low Kick|p2a: Landorus
|-resisted|p2a: Landorus
|-damage|p2a: Landorus|54/100
|
|-weather|Sandstorm|[upkeep]
|-damage|p1a: Rillaboom|7/100|[from] Sandstorm
|-heal|p1a: Rillaboom|13/100|[from] Grassy Terrain
|upkeep
|turn|13
|
|t:|1760804861
|switch|p1a: Iron Moth|Iron Moth, shiny|100/100
|-enditem|p1a: Iron Moth|Booster Energy
|-activate|p1a: Iron Moth|ability: Quark Drive|[fromitem]
|-start|p1a: Iron Moth|quarkdrivespe
|move|p2a: Landorus|U-turn|p1a: Iron Moth
|-resisted|p1a: Iron Moth
|-damage|p1a: Iron Moth|92/100
|
|t:|1760804868
|switch|p2a: Tyranitar|Tyranitar, F|65/100|[from] U-turn
|
|-weather|Sandstorm|[upkeep]
|-damage|p1a: Iron Moth|86/100|[from] Sandstorm
|-heal|p1a: Iron Moth|92/100|[from] Grassy Terrain
|-heal|p2a: Tyranitar|71/100|[from] Grassy Terrain
|upkeep
|turn|14
|
|t:|1760804880
|move|p1a: Iron Moth|Energy Ball|p2a: Tyranitar
|-supereffective|p2a: Tyranitar
|-damage|p2a: Tyranitar|32/100
|move|p2a: Tyranitar|Thunder Wave|p1a: Iron Moth
|-status|p1a: Iron Moth|par
|
|-weather|Sandstorm|[upkeep]
|-damage|p1a: Iron Moth|86/100 par|[from] Sandstorm
|-heal|p1a: Iron Moth|92/100 par|[from] Grassy Terrain
|-heal|p2a: Tyranitar|38/100|[from] Grassy Terrain
|upkeep
|turn|15
|
|t:|1760804890
|move|p1a: Iron Moth|Energy Ball|p2a: Tyranitar
|-supereffective|p2a: Tyranitar
|-damage|p2a: Tyranitar|0 fnt
|faint|p2a: Tyranitar
|
|-weather|Sandstorm|[upkeep]
|-damage|p1a: Iron Moth|86/100 par|[from] Sandstorm
|-heal|p1a: Iron Moth|92/100 par|[from] Grassy Terrain
|upkeep
|
|t:|1760804897
|switch|p2a: Landorus|Landorus-Therian, M|54/100
|-ability|p2a: Landorus|Intimidate|boost
|-unboost|p1a: Iron Moth|atk|1
|turn|16
|
|t:|1760804908
|move|p1a: Iron Moth|Energy Ball|p2a: Landorus
|-damage|p2a: Landorus|12/100
|move|p2a: Landorus|Earthquake|p1a: Iron Moth
|-supereffective|p1a: Iron Moth
|-damage|p1a: Iron Moth|0 fnt
|faint|p1a: Iron Moth
|-end|p1a: Iron Moth|Quark Drive|[silent]
|
|-weather|Sandstorm|[upkeep]
|upkeep
|
|t:|1760804913
|switch|p1a: Serperior|Serperior, F, tera:Grass|50/100
|turn|17
|
|t:|1760804918
|move|p1a: Serperior|Leaf Storm|p2a: Landorus
|-crit|p2a: Landorus
|-damage|p2a: Landorus|0 fnt
|-boost|p1a: Serperior|spa|2
|faint|p2a: Landorus
|
|-weather|none
|-heal|p1a: Serperior|57/100|[from] Grassy Terrain
|-heal|p1a: Serperior|63/100|[from] item: Leftovers
|upkeep
|
|t:|1760804922
|switch|p2a: Hatterene|Hatterene, F|89/100
|turn|18
|
|t:|1760804927
|move|p1a: Serperior|Leaf Storm|p2a: Hatterene
|-damage|p2a: Hatterene|0 fnt
|-boost|p1a: Serperior|spa|2
|faint|p2a: Hatterene
|
|-heal|p1a: Serperior|69/100|[from] Grassy Terrain
|-heal|p1a: Serperior|75/100|[from] item: Leftovers
|upkeep
|
|t:|1760804932
|switch|p2a: Ogerpon|Ogerpon-Wellspring, F|100/100
|turn|19
|-message|eggwithswag forfeited.
|
|win|Eclair_Dios__Mio
|raw|Eclair_Dios__Mio's rating: 1267 &rarr; <strong>1297</strong><br />(+30 for winning)
|raw|eggwithswag's rating: 1331 &rarr; <strong>1307</strong><br />(-24 for losing)
|l|☆eggwithswag
|player|p2|
|l|☆Eclair_Dios__Mio
|player|p1|
