|j|☆Edward Wang
|j|☆RealMo
|t:|1760769759
|gametype|singles
|player|p1|Edward Wang|preschooler|1232
|player|p2|RealMo|1|1287
|gen|9
|tier|[Gen 9] OU
|rated|
|rule|HP Percentage Mod: HP is shown in percentages
|rule|Endless Battle Clause: Forcing endless battles is banned
|rule|Species Clause: Limit one of each Pokémon
|rule|OHKO Clause: OHKO moves are banned
|rule|Evasion Items Clause: Evasion items are banned
|rule|Evasion Moves Clause: Evasion moves are banned
|rule|Evasion Abilities Clause: Evasion abilities are banned
|rule|Sleep Moves Clause: Sleep-inducing moves are banned
|clearpoke
|poke|p1|Garganacl, M|
|poke|p1|Jirachi|
|poke|p1|Serperior, F|
|poke|p1|Landorus-Therian, M|
|poke|p1|Blissey, F|
|poke|p1|Weezing-Galar, F|
|poke|p2|Hoopa-Unbound|
|poke|p2|Hydrapple, M|
|poke|p2|Gliscor, M|
|poke|p2|Cinderace, F|
|poke|p2|Alomomola, M|
|poke|p2|Gholdengo|
|teampreview
|
|t:|1760769766
|teamsize|p1|6
|teamsize|p2|6
|start
|switch|p1a: Weezing|Weezing-Galar, F|100/100
|switch|p2a: Gliscor|Gliscor, M|100/100
|-ability|p1a: Weezing|Neutralizing Gas
|turn|1
|
|t:|1760769773
|move|p2a: Gliscor|Spikes|p1a: Weezing
|-sidestart|p1: Edward Wang|Spikes
|move|p1a: Weezing|Will-O-Wisp|p2a: Gliscor|[miss]
|-miss|p1a: Weezing|p2a: Gliscor
|
|-status|p2a: Gliscor|tox|[from] item: Toxic Orb
|upkeep
|turn|2
|
|t:|1760769781
|switch|p2a: Gholdengo|Gholdengo|100/100
|-item|p2a: Gholdengo|Air Balloon
|move|p1a: Weezing|Defog|p2a: Gholdengo
|-unboost|p2a: Gholdengo|evasion|1
|-sideend|p1: Edward Wang|Spikes|[from] move: Defog|[of] p1a: Weezing
|
|upkeep
|turn|3
|
|t:|1760769790
|-end|p1a: Weezing|ability: Neutralizing Gas
|switch|p1a: Blissey|Blissey, F, shiny|100/100
|move|p2a: Gholdengo|Thunder Wave|p1a: Blissey
|-status|p1a: Blissey|par
|
|upkeep
|turn|4
|
|t:|1760769798
|switch|p2a: Gliscor|Gliscor, M|100/100 tox
|move|p1a: Blissey|Flamethrower|p2a: Gliscor
|-damage|p2a: Gliscor|68/100 tox
|
|-heal|p2a: Gliscor|80/100 tox|[from] ability: Poison Heal
|upkeep
|turn|5
|
|t:|1760769810
|switch|p1a: Weezing|Weezing-Galar, F|100/100
|-ability|p1a: Weezing|Neutralizing Gas
|move|p2a: Gliscor|Spikes|p1a: Weezing
|-sidestart|p1: Edward Wang|Spikes
|
|-damage|p2a: Gliscor|68/100 tox|[from] psn
|upkeep
|turn|6
|
|t:|1760769827
|switch|p2a: Hoopa|Hoopa-Unbound|100/100
|move|p1a: Weezing|Defog|p2a: Hoopa
|-unboost|p2a: Hoopa|evasion|1
|-sideend|p1: Edward Wang|Spikes|[from] move: Defog|[of] p1a: Weezing
|
|upkeep
|turn|7
|
|t:|1760769841
|-end|p1a: Weezing|ability: Neutralizing Gas
|switch|p1a: Landorus|Landorus-Therian, M|100/100
|-ability|p1a: Landorus|Intimidate|boost
|-unboost|p2a: Hoopa|atk|1
|move|p2a: Hoopa|Psychic Noise|p1a: Landorus
|-crit|p1a: Landorus
|-damage|p1a: Landorus|26/100
|-start|p1a: Landorus|move: Heal Block
|
|upkeep
|turn|8
|
|t:|1760769845
|-terastallize|p1a: Landorus|Bug
|move|p2a: Hoopa|Psychic Noise|p1a: Landorus
|-damage|p1a: Landorus|0 fnt
|faint|p1a: Landorus
|
|upkeep
|
|t:|1760769853
|switch|p1a: Jirachi|Jirachi|100/100
|turn|9
|
|t:|1760769909
|switch|p2a: Gliscor|Gliscor, M|68/100 tox
|move|p1a: Jirachi|Cosmic Power|p1a: Jirachi
|-boost|p1a: Jirachi|def|1
|-boost|p1a: Jirachi|spd|1
|
|-heal|p2a: Gliscor|80/100 tox|[from] ability: Poison Heal
|upkeep
|turn|10
|
|t:|1760769924
|move|p1a: Jirachi|Cosmic Power|p1a: Jirachi
|-boost|p1a: Jirachi|def|1
|-boost|p1a: Jirachi|spd|1
|move|p2a: Gliscor|Earthquake|p1a: Jirachi
|-supereffective|p1a: Jirachi
|-damage|p1a: Jirachi|72/100
|-enditem|p1a: Jirachi|Weakness Policy
|-boost|p1a: Jirachi|atk|2|[from] item: Weakness Policy
|-boost|p1a: Jirachi|spa|2|[from] item: Weakness Policy
|
|-heal|p2a: Gliscor|93/100 tox|[from] ability: Poison Heal
|upkeep
|turn|11
|
|t:|1760769935
|switch|p2a: Alomomola|Alomomola, M|100/100
|move|p1a: Jirachi|Ice Punch|p2a: Alomomola
|-resisted|p2a: Alomomola
|-damage|p2a: Alomomola|87/100
|-status|p2a: Alomomola|frz
|
|upkeep
|turn|12
|
|t:|1760769954
|move|p1a: Jirachi|Stored Power|p2a: Alomomola
|-damage|p2a: Alomomola|31/100 frz
|cant|p2a: Alomomola|frz
|
|upkeep
|turn|13
|
|t:|1760769958
|switch|p2a: Gholdengo|Gholdengo|100/100
|-item|p2a: Gholdengo|Air Balloon
|move|p1a: Jirachi|Stored Power|p2a: Gholdengo
|-resisted|p2a: Gholdengo
|-damage|p2a: Gholdengo|42/100
|-enditem|p2a: Gholdengo|Air Balloon
|
|upkeep
|turn|14
|
|t:|1760769962
|move|p1a: Jirachi|Stored Power|p2a: Gholdengo
|-resisted|p2a: Gholdengo
|-damage|p2a: Gholdengo|0 fnt
|faint|p2a: Gholdengo
|
|upkeep
|
|t:|1760769966
|switch|p2a: Hoopa|Hoopa-Unbound|100/100
|turn|15
|
|t:|1760769984
|move|p2a: Hoopa|Trick|p1a: Jirachi
|-activate|p2a: Hoopa|move: Trick|[of] p1a: Jirachi
|-item|p1a: Jirachi|Choice Scarf|[from] move: Trick
|-enditem|p2a: Hoopa|Choice Scarf|[silent]|[from] move: Trick
|move|p1a: Jirachi|Drain Punch|p2a: Hoopa
|-damage|p2a: Hoopa|36/100
|-heal|p1a: Jirachi|96/100|[from] drain|[of] p2a: Hoopa
|
|upkeep
|turn|16
|
|t:|1760769993
|switch|p2a: Alomomola|Alomomola, M|64/100 frz
|move|p1a: Jirachi|Drain Punch|p2a: Alomomola
|-damage|p2a: Alomomola|36/100 frz
|-heal|p1a: Jirachi|100/100|[from] drain|[of] p2a: Alomomola
|
|upkeep
|turn|17
|
|t:|1760769998
|move|p1a: Jirachi|Drain Punch|p2a: Alomomola
|-crit|p2a: Alomomola
|-damage|p2a: Alomomola|0 fnt
|faint|p2a: Alomomola
|
|upkeep
|
|t:|1760770003
|switch|p2a: Gliscor|Gliscor, M|93/100 tox
|turn|18
|
|t:|1760770007
|move|p1a: Jirachi|Drain Punch|p2a: Gliscor
|-resisted|p2a: Gliscor
|-damage|p2a: Gliscor|80/100 tox
|move|p2a: Gliscor|Spikes|p1a: Jirachi
|-sidestart|p1: Edward Wang|Spikes
|
|-heal|p2a: Gliscor|92/100 tox|[from] ability: Poison Heal
|upkeep
|turn|19
|
|t:|1760770013
|move|p1a: Jirachi|Drain Punch|p2a: Gliscor
|-resisted|p2a: Gliscor
|-damage|p2a: Gliscor|78/100 tox
|move|p2a: Gliscor|Earthquake|p1a: Jirachi
|-supereffective|p1a: Jirachi
|-damage|p1a: Jirachi|73/100
|
|-heal|p2a: Gliscor|91/100 tox|[from] ability: Poison Heal
|upkeep
|turn|20
|
|t:|1760770017
|move|p1a: Jirachi|Drain Punch|p2a: Gliscor
|-resisted|p2a: Gliscor
|-damage|p2a: Gliscor|76/100 tox
|-heal|p1a: Jirachi|79/100|[from] drain|[of] p2a: Gliscor
|move|p2a: Gliscor|Spikes|p1a: Jirachi
|-sidestart|p1: Edward Wang|Spikes
|
|-heal|p2a: Gliscor|89/100 tox|[from] ability: Poison Heal
|upkeep
|turn|21
|
|t:|1760770021
|switch|p1a: Weezing|Weezing-Galar, F|100/100
|-ability|p1a: Weezing|Neutralizing Gas
|-damage|p1a: Weezing|84/100|[from] Spikes
|move|p2a: Gliscor|Earthquake|p1a: Weezing
|-supereffective|p1a: Weezing
|-damage|p1a: Weezing|37/100
|
|-damage|p2a: Gliscor|64/100 tox|[from] psn
|upkeep
|turn|22
|
|t:|1760770029
|move|p2a: Gliscor|Earthquake|p1a: Weezing
|-supereffective|p1a: Weezing
|-damage|p1a: Weezing|0 fnt
|faint|p1a: Weezing
|-end|p1a: Weezing|ability: Neutralizing Gas
|
|-heal|p2a: Gliscor|76/100 tox|[from] ability: Poison Heal
|upkeep
|
|t:|1760770037
|switch|p1a: Garganacl|Garganacl, M, shiny|100/100
|-item|p1a: Garganacl|Air Balloon
|turn|23
|
|t:|1760770043
|move|p2a: Gliscor|Toxic|p1a: Garganacl|[miss]
|-miss|p2a: Gliscor|p1a: Garganacl
|move|p1a: Garganacl|Salt Cure|p2a: Gliscor
|-damage|p2a: Gliscor|66/100 tox
|-start|p2a: Gliscor|Salt Cure
|
|-heal|p2a: Gliscor|79/100 tox|[from] ability: Poison Heal
|-damage|p2a: Gliscor|66/100 tox|[from] Salt Cure
|upkeep
|turn|24
|
|t:|1760770047
|move|p2a: Gliscor|Toxic|p1a: Garganacl
|-immune|p1a: Garganacl|[from] ability: Purifying Salt
|move|p1a: Garganacl|Salt Cure|p2a: Gliscor
|-damage|p2a: Gliscor|55/100 tox
|
|-heal|p2a: Gliscor|67/100 tox|[from] ability: Poison Heal
|-damage|p2a: Gliscor|55/100 tox|[from] Salt Cure
|upkeep
|turn|25
|
|t:|1760770057
|switch|p2a: Hoopa|Hoopa-Unbound|36/100
|move|p1a: Garganacl|Iron Defense|p1a: Garganacl
|-boost|p1a: Garganacl|def|2
|
|upkeep
|turn|26
|
|t:|1760770067
|switch|p1a: Jirachi|Jirachi|79/100
|-damage|p1a: Jirachi|63/100|[from] Spikes
|move|p2a: Hoopa|Psychic Noise|p1a: Jirachi
|-resisted|p1a: Jirachi
|-damage|p1a: Jirachi|54/100
|-start|p1a: Jirachi|move: Heal Block
|-item|p2a: Hoopa|Choice Scarf|[from] ability: Magician|[of] p1a: Jirachi
|
|upkeep
|turn|27
|
|t:|1760770086
|switch|p2a: Hydrapple|Hydrapple, M, shiny|100/100
|move|p1a: Jirachi|Ice Punch|p2a: Hydrapple
|-supereffective|p2a: Hydrapple
|-damage|p2a: Hydrapple|52/100
|-status|p2a: Hydrapple|frz
|-damage|p1a: Jirachi|37/100|[from] item: Rocky Helmet|[of] p2a: Hydrapple
|
|-end|p1a: Jirachi|move: Heal Block
|upkeep
|turn|28
|
|t:|1760770094
|switch|p2a: Cinderace|Cinderace, F|100/100
|move|p1a: Jirachi|Drain Punch|p2a: Cinderace
|-damage|p2a: Cinderace|79/100
|-heal|p1a: Jirachi|47/100|[from] drain|[of] p2a: Cinderace
|
|upkeep
|turn|29
|
|t:|1760770105
|switch|p1a: Garganacl|Garganacl, M, shiny|100/100
|-item|p1a: Garganacl|Air Balloon
|move|p2a: Cinderace|U-turn|p1a: Garganacl
|-damage|p1a: Garganacl|92/100
|-enditem|p1a: Garganacl|Air Balloon
|
|t:|1760770116
|switch|p2a: Gliscor|Gliscor, M|55/100 tox|[from] U-turn
|
|-heal|p2a: Gliscor|67/100 tox|[from] ability: Poison Heal
|upkeep
|turn|30
|
|t:|1760770129
|move|p2a: Gliscor|Earthquake|p1a: Garganacl
|-supereffective|p1a: Garganacl
|-damage|p1a: Garganacl|57/100
|move|p1a: Garganacl|Iron Defense|p1a: Garganacl
|-boost|p1a: Garganacl|def|2
|
|-heal|p2a: Gliscor|80/100 tox|[from] ability: Poison Heal
|upkeep
|turn|31
|
|t:|1760770142
|switch|p2a: Hydrapple|Hydrapple, M, shiny|85/100 frz
|move|p1a: Garganacl|Recover|p1a: Garganacl
|-heal|p1a: Garganacl|100/100
|
|upkeep
|turn|32
|
|t:|1760770145
|-curestatus|p2a: Hydrapple|frz|[msg]
|move|p2a: Hydrapple|Giga Drain|p1a: Garganacl
|-supereffective|p1a: Garganacl
|-damage|p1a: Garganacl|31/100
|-heal|p2a: Hydrapple|100/100|[from] drain|[of] p1a: Garganacl
|move|p1a: Garganacl|Iron Defense|p1a: Garganacl
|-boost|p1a: Garganacl|def|2
|
|upkeep
|turn|33
|
|t:|1760770158
|switch|p1a: Blissey|Blissey, F, shiny|100/100 par
|-damage|p1a: Blissey|84/100 par|[from] Spikes
|move|p2a: Hydrapple|Giga Drain|p1a: Blissey
|-damage|p1a: Blissey|72/100 par
|
|upkeep
|turn|34
|
|t:|1760770178
|switch|p2a: Gliscor|Gliscor, M|80/100 tox
|move|p1a: Blissey|Ice Beam|p2a: Gliscor
|-supereffective|p2a: Gliscor
|-damage|p2a: Gliscor|0 fnt
|faint|p2a: Gliscor
|
|upkeep
|
|t:|1760770184
|switch|p2a: Cinderace|Cinderace, F|79/100
|turn|35
|
|t:|1760770202
|switch|p1a: Garganacl|Garganacl, M, shiny|31/100
|-damage|p1a: Garganacl|14/100|[from] Spikes
|move|p2a: Cinderace|Pyro Ball|p1a: Garganacl
|-resisted|p1a: Garganacl
|-damage|p1a: Garganacl|1/100
|
|upkeep
|turn|36
|
|t:|1760770209
|move|p2a: Cinderace|U-turn|p1a: Garganacl
|-damage|p1a: Garganacl|0 fnt
|faint|p1a: Garganacl
|
|t:|1760770212
|switch|p2a: Hoopa|Hoopa-Unbound|36/100|[from] U-turn
|
|upkeep
|
|t:|1760770214
|switch|p1a: Jirachi|Jirachi|47/100
|-damage|p1a: Jirachi|30/100|[from] Spikes
|turn|37
|
|t:|1760770218
|move|p2a: Hoopa|Knock Off|p1a: Jirachi
|-supereffective|p1a: Jirachi
|-damage|p1a: Jirachi|0 fnt
|faint|p1a: Jirachi
|
|upkeep
|
|t:|1760770221
|switch|p1a: Serperior|Serperior, F|100/100
|-damage|p1a: Serperior|84/100|[from] Spikes
|turn|38
|
|t:|1760770224
|move|p2a: Hoopa|Knock Off|p1a: Serperior
|-damage|p1a: Serperior|21/100
|-enditem|p1a: Serperior|Leftovers|[from] move: Knock Off|[of] p2a: Hoopa
|move|p1a: Serperior|Leaf Storm|p2a: Hoopa
|-damage|p2a: Hoopa|2/100
|-boost|p1a: Serperior|spa|2
|
|upkeep
|turn|39
|
|t:|1760770226
|move|p2a: Hoopa|Knock Off|p1a: Serperior
|-damage|p1a: Serperior|0 fnt
|faint|p1a: Serperior
|
|upkeep
|-message|Edward Wang forfeited.
|
|win|RealMo
|raw|Edward Wang's rating: 1232 &rarr; <strong>1211</strong><br />(-21 for losing)
|raw|RealMo's rating: 1287 &rarr; <strong>1308</strong><br />(+21 for winning)
|l|☆Edward Wang
|player|p1|
|l|☆RealMo
|player|p2|
