|j|☆HZBKAI3
|j|‽IceBRG
|t:|1760760762
|gametype|singles
|player|p1|HZBKAI3|266|1087
|player|p2|IceBRG|170|1170
|gen|9
|tier|[Gen 9] OU
|rated|
|rule|HP Percentage Mod: HP is shown in percentages
|rule|Endless Battle Clause: Forcing endless battles is banned
|rule|Species Clause: Limit one of each Pokémon
|rule|OHKO Clause: OHKO moves are banned
|rule|Evasion Items Clause: Evasion items are banned
|rule|Evasion Moves Clause: Evasion moves are banned
|rule|Evasion Abilities Clause: Evasion abilities are banned
|rule|Sleep Moves Clause: Sleep-inducing moves are banned
|clearpoke
|poke|p1|Jirachi|
|poke|p1|Gholdengo|
|poke|p1|Gliscor, M|
|poke|p1|Iron Moth|
|poke|p1|Quaquaval, F|
|poke|p1|Iron Boulder|
|poke|p2|Hydrapple, F|
|poke|p2|Kilowattrel, M|
|poke|p2|Great Tusk|
|poke|p2|Empoleon, M|
|poke|p2|Dragapult, M|
|poke|p2|Weezing-Galar, F|
|teampreview
|
|t:|1760760773
|teamsize|p1|6
|teamsize|p2|6
|start
|switch|p1a: Quaquaval|Quaquaval, F|100/100
|switch|p2a: Hydrapple|Hydrapple, F|100/100
|turn|1
|
|t:|1760760781
|move|p1a: Quaquaval|Close Combat|p2a: Hydrapple
|-damage|p2a: Hydrapple|63/100
|-unboost|p1a: Quaquaval|def|1
|-unboost|p1a: Quaquaval|spd|1
|move|p2a: Hydrapple|Nasty Plot|p2a: Hydrapple
|-boost|p2a: Hydrapple|spa|2
|
|upkeep
|turn|2
|
|t:|1760760784
|move|p1a: Quaquaval|Close Combat|p2a: Hydrapple
|-damage|p2a: Hydrapple|26/100
|-unboost|p1a: Quaquaval|def|1
|-unboost|p1a: Quaquaval|spd|1
|move|p2a: Hydrapple|Giga Drain|p1a: Quaquaval
|-supereffective|p1a: Quaquaval
|-damage|p1a: Quaquaval|0 fnt
|-heal|p2a: Hydrapple|63/100|[from] drain|[of] p1a: Quaquaval
|faint|p1a: Quaquaval
|
|upkeep
|
|t:|1760760785
|switch|p1a: Iron Moth|Iron Moth|100/100
|-enditem|p1a: Iron Moth|Booster Energy
|-activate|p1a: Iron Moth|ability: Quark Drive|[fromitem]
|-start|p1a: Iron Moth|quarkdrivespe
|turn|3
|
|t:|1760760791
|switch|p2a: Empoleon|Empoleon, M|100/100
|move|p1a: Iron Moth|Sludge Wave|p2a: Empoleon
|-immune|p2a: Empoleon
|
|upkeep
|turn|4
|
|t:|1760760797
|move|p1a: Iron Moth|Fiery Dance|p2a: Empoleon
|-damage|p2a: Empoleon|75/100
|move|p2a: Empoleon|Surf|p1a: Iron Moth
|-supereffective|p1a: Iron Moth
|-damage|p1a: Iron Moth|28/100
|
|-heal|p2a: Empoleon|81/100|[from] item: Leftovers
|upkeep
|turn|5
|
|t:|1760760800
|-terastallize|p1a: Iron Moth|Fairy
|move|p1a: Iron Moth|Fiery Dance|p2a: Empoleon
|-damage|p2a: Empoleon|55/100
|-boost|p1a: Iron Moth|spa|1
|move|p2a: Empoleon|Surf|p1a: Iron Moth
|-damage|p1a: Iron Moth|0 fnt
|faint|p1a: Iron Moth
|-end|p1a: Iron Moth|Quark Drive|[silent]
|
|-heal|p2a: Empoleon|61/100|[from] item: Leftovers
|upkeep
|
|t:|1760760800
|switch|p1a: Iron Boulder|Iron Boulder|100/100
|-enditem|p1a: Iron Boulder|Booster Energy
|-activate|p1a: Iron Boulder|ability: Quark Drive|[fromitem]
|-start|p1a: Iron Boulder|quarkdrivespe
|turn|6
|
|t:|1760760806
|switch|p2a: Weezing|Weezing-Galar, F|100/100
|move|p1a: Iron Boulder|Close Combat|p2a: Weezing
|-resisted|p2a: Weezing
|-damage|p2a: Weezing|94/100
|-unboost|p1a: Iron Boulder|def|1
|-unboost|p1a: Iron Boulder|spd|1
|
|upkeep
|turn|7
|
|t:|1760760814
|move|p1a: Iron Boulder|Earthquake|p2a: Weezing
|-immune|p2a: Weezing|[from] ability: Levitate
|move|p2a: Weezing|Will-O-Wisp|p1a: Iron Boulder
|-status|p1a: Iron Boulder|brn
|
|-damage|p1a: Iron Boulder|94/100 brn|[from] brn
|upkeep
|turn|8
|
|t:|1760760817
|move|p1a: Iron Boulder|Earthquake|p2a: Weezing
|-immune|p2a: Weezing|[from] ability: Levitate
|move|p2a: Weezing|Sludge Bomb|p1a: Iron Boulder
|-resisted|p1a: Iron Boulder
|-damage|p1a: Iron Boulder|72/100 brn
|
|-damage|p1a: Iron Boulder|66/100 brn|[from] brn
|upkeep
|turn|9
|
|t:|1760760819
|move|p1a: Iron Boulder|Earthquake|p2a: Weezing
|-immune|p2a: Weezing|[from] ability: Levitate
|move|p2a: Weezing|Sludge Bomb|p1a: Iron Boulder
|-resisted|p1a: Iron Boulder
|-damage|p1a: Iron Boulder|45/100 brn
|
|-damage|p1a: Iron Boulder|39/100 brn|[from] brn
|upkeep
|turn|10
|
|t:|1760760821
|move|p1a: Iron Boulder|Earthquake|p2a: Weezing
|-immune|p2a: Weezing|[from] ability: Levitate
|move|p2a: Weezing|Sludge Bomb|p1a: Iron Boulder
|-resisted|p1a: Iron Boulder
|-damage|p1a: Iron Boulder|17/100 brn
|
|-damage|p1a: Iron Boulder|11/100 brn|[from] brn
|upkeep
|turn|11
|
|t:|1760760824
|move|p1a: Iron Boulder|Earthquake|p2a: Weezing
|-immune|p2a: Weezing|[from] ability: Levitate
|move|p2a: Weezing|Sludge Bomb|p1a: Iron Boulder
|-resisted|p1a: Iron Boulder
|-damage|p1a: Iron Boulder|0 fnt
|faint|p1a: Iron Boulder
|-end|p1a: Iron Boulder|Quark Drive|[silent]
|
|upkeep
|
|t:|1760760824
|switch|p1a: Gholdengo|Gholdengo|100/100
|-item|p1a: Gholdengo|Air Balloon
|turn|12
|
|t:|1760760831
|switch|p2a: Kilowattrel|Kilowattrel, M|100/100
|move|p1a: Gholdengo|Make It Rain|p2a: Kilowattrel
|-resisted|p2a: Kilowattrel
|-crit|p2a: Kilowattrel
|-damage|p2a: Kilowattrel|6/100
|-unboost|p1a: Gholdengo|spa|1
|
|upkeep
|turn|13
|
|t:|1760760836
|move|p2a: Kilowattrel|Volt Switch|p1a: Gholdengo
|-damage|p1a: Gholdengo|63/100
|-enditem|p1a: Gholdengo|Air Balloon
|
|t:|1760760840
|switch|p2a: Empoleon|Empoleon, M|61/100|[from] Volt Switch
|move|p1a: Gholdengo|Shadow Ball|p2a: Empoleon
|-damage|p2a: Empoleon|42/100
|
|-heal|p2a: Empoleon|48/100|[from] item: Leftovers
|upkeep
|turn|14
|
|t:|1760760841
|move|p1a: Gholdengo|Focus Blast|p2a: Empoleon
|-supereffective|p2a: Empoleon
|-damage|p2a: Empoleon|13/100
|-unboost|p2a: Empoleon|spd|1
|-ability|p2a: Empoleon|Competitive|boost
|-boost|p2a: Empoleon|spa|2
|move|p2a: Empoleon|Roost|p2a: Empoleon
|-heal|p2a: Empoleon|63/100
|-singleturn|p2a: Empoleon|move: Roost
|
|-heal|p2a: Empoleon|69/100|[from] item: Leftovers
|upkeep
|turn|15
|
|t:|1760760844
|move|p1a: Gholdengo|Focus Blast|p2a: Empoleon
|-supereffective|p2a: Empoleon
|-damage|p2a: Empoleon|16/100
|move|p2a: Empoleon|Roost|p2a: Empoleon
|-heal|p2a: Empoleon|66/100
|-singleturn|p2a: Empoleon|move: Roost
|
|-heal|p2a: Empoleon|72/100|[from] item: Leftovers
|upkeep
|turn|16
|
|t:|1760760849
|move|p1a: Gholdengo|Focus Blast|p2a: Empoleon
|-supereffective|p2a: Empoleon
|-damage|p2a: Empoleon|19/100
|move|p2a: Empoleon|Surf|p1a: Gholdengo
|-damage|p1a: Gholdengo|0 fnt
|faint|p1a: Gholdengo
|
|-heal|p2a: Empoleon|25/100|[from] item: Leftovers
|upkeep
|
|t:|1760760849
|switch|p1a: Jirachi|Jirachi|100/100
|turn|17
|
|t:|1760760854
|move|p1a: Jirachi|Aura Sphere|p2a: Empoleon
|-supereffective|p2a: Empoleon
|-damage|p2a: Empoleon|0 fnt
|faint|p2a: Empoleon
|
|upkeep
|
|t:|1760760866
|switch|p2a: Kilowattrel|Kilowattrel, M|6/100
|turn|18
|
|t:|1760760868
|move|p2a: Kilowattrel|Thunderbolt|p1a: Jirachi
|-damage|p1a: Jirachi|65/100
|-status|p1a: Jirachi|par
|cant|p1a: Jirachi|par
|
|-heal|p1a: Jirachi|72/100 par|[from] item: Leftovers
|upkeep
|turn|19
|
|t:|1760760875
|move|p2a: Kilowattrel|Volt Switch|p1a: Jirachi
|-damage|p1a: Jirachi|44/100 par
|
|t:|1760760878
|switch|p2a: Weezing|Weezing-Galar, F|94/100|[from] Volt Switch
|move|p1a: Jirachi|Aura Sphere|p2a: Weezing
|-resisted|p2a: Weezing
|-damage|p2a: Weezing|85/100
|
|-heal|p1a: Jirachi|50/100 par|[from] item: Leftovers
|upkeep
|turn|20
|
|t:|1760760883
|switch|p2a: Dragapult|Dragapult, M|100/100
|move|p1a: Jirachi|Stored Power|p2a: Dragapult
|-damage|p2a: Dragapult|87/100
|
|-heal|p1a: Jirachi|56/100 par|[from] item: Leftovers
|upkeep
|turn|21
|
|t:|1760760888
|-terastallize|p2a: Dragapult|Ghost
|move|p2a: Dragapult|Tera Blast|p1a: Jirachi|[anim] Tera Blast Ghost
|-supereffective|p1a: Jirachi
|-damage|p1a: Jirachi|0 fnt
|faint|p1a: Jirachi
|
|upkeep
|
|t:|1760760888
|switch|p1a: Gliscor|Gliscor, M|100/100
|turn|22
|
|t:|1760760894
|move|p2a: Dragapult|Tera Blast|p1a: Gliscor|[anim] Tera Blast Ghost
|-damage|p1a: Gliscor|44/100
|move|p1a: Gliscor|Knock Off|p2a: Dragapult
|-supereffective|p2a: Dragapult
|-damage|p2a: Dragapult|29/100
|-enditem|p2a: Dragapult|Choice Band|[from] move: Knock Off|[of] p1a: Gliscor
|
|-status|p1a: Gliscor|tox|[from] item: Toxic Orb
|upkeep
|turn|23
|
|t:|1760760900
|move|p2a: Dragapult|Dragon Darts|p1a: Gliscor
|-damage|p1a: Gliscor|24/100 tox
|-anim|p2a: Dragapult|Dragon Darts|p1a: Gliscor
|-damage|p1a: Gliscor|4/100 tox
|move|p1a: Gliscor|Knock Off|p2a: Dragapult
|-supereffective|p2a: Dragapult
|-damage|p2a: Dragapult|0 fnt
|faint|p2a: Dragapult
|
|-heal|p1a: Gliscor|16/100 tox|[from] ability: Poison Heal
|upkeep
|
|t:|1760760906
|switch|p2a: Kilowattrel|Kilowattrel, M|6/100
|turn|24
|
|t:|1760760908
|move|p2a: Kilowattrel|Tera Blast|p1a: Gliscor
|-damage|p1a: Gliscor|0 fnt
|faint|p1a: Gliscor
|
|win|IceBRG
|raw|HZBKAI3's rating: 1087 &rarr; <strong>1069</strong><br />(-18 for losing)
|raw|IceBRG's rating: 1170 &rarr; <strong>1189</strong><br />(+19 for winning)
|l|☆HZBKAI3
|player|p1|
|l|‽IceBRG
|player|p2|
