|j|☆ilytrix
|j|☆wallik
|t:|1760769707
|gametype|singles
|player|p1|ilytrix|n-masters|1751
|player|p2|wallik|bugsy|1691
|gen|9
|tier|[Gen 9] OU
|rated|
|rule|HP Percentage Mod: HP is shown in percentages
|rule|Endless Battle Clause: Forcing endless battles is banned
|rule|Species Clause: Limit one of each Pokémon
|rule|OHKO Clause: OHKO moves are banned
|rule|Evasion Items Clause: Evasion items are banned
|rule|Evasion Moves Clause: Evasion moves are banned
|rule|Evasion Abilities Clause: Evasion abilities are banned
|rule|Sleep Moves Clause: Sleep-inducing moves are banned
|clearpoke
|poke|p1|Ceruledge, M|
|poke|p1|Raging Bolt|
|poke|p1|Latias, F|
|poke|p1|Kyurem|
|poke|p1|Ninetales-Alola, F|
|poke|p1|Iron Moth|
|poke|p2|Cinderace, F|
|poke|p2|Great Tusk|
|poke|p2|Slowking-Galar, M|
|poke|p2|Corviknight, F|
|poke|p2|Raging Bolt|
|poke|p2|Whimsicott, M|
|teampreview
|
|t:|1760769719
|teamsize|p1|6
|teamsize|p2|6
|start
|switch|p1a: bury the light|Ceruledge, M|100/100
|switch|p2a: Ronaldo|Cinderace, F|100/100
|turn|1
|
|t:|1760769728
|switch|p2a: Whimsicott|Whimsicott, M|100/100
|move|p1a: bury the light|Swords Dance|p1a: bury the light
|-boost|p1a: bury the light|atk|2
|
|upkeep
|turn|2
|
|t:|1760769732
|move|p2a: Whimsicott|Encore|p1a: bury the light
|-start|p1a: bury the light|Encore
|move|p1a: bury the light|Swords Dance|p1a: bury the light
|-boost|p1a: bury the light|atk|2
|
|upkeep
|turn|3
|
|t:|1760769736
|switch|p1a: rng my ahh|Kyurem|100/100
|-ability|p1a: rng my ahh|Pressure
|move|p2a: Whimsicott|U-turn|p1a: rng my ahh
|-damage|p1a: rng my ahh|88/100
|
|t:|1760769739
|switch|p2a: Ronaldo|Cinderace, F|100/100|[from] U-turn
|
|upkeep
|turn|4
|
|t:|1760769742
|move|p2a: Ronaldo|U-turn|p1a: rng my ahh
|-start|p2a: Ronaldo|typechange|Bug|[from] ability: Libero
|-damage|p1a: rng my ahh|35/100
|
|t:|1760769745
|switch|p2a: BrainRot|Slowking-Galar, M|100/100|[from] U-turn
|move|p1a: rng my ahh|Dragon Dance|p1a: rng my ahh
|-boost|p1a: rng my ahh|atk|1
|-boost|p1a: rng my ahh|spe|1
|
|upkeep
|turn|5
|
|t:|1760769749
|move|p1a: rng my ahh|Icicle Spear|p2a: BrainRot
|-damage|p2a: BrainRot|77/100
|-damage|p2a: BrainRot|54/100
|-damage|p2a: BrainRot|31/100
|-damage|p2a: BrainRot|10/100
|-hitcount|p2a: BrainRot|4
|move|p2a: BrainRot|Sludge Bomb|p1a: rng my ahh
|-damage|p1a: rng my ahh|0 fnt
|faint|p1a: rng my ahh
|
|upkeep
|
|t:|1760769753
|switch|p1a: MoveMerchant|Iron Moth|100/100
|-enditem|p1a: MoveMerchant|Booster Energy
|-activate|p1a: MoveMerchant|ability: Quark Drive|[fromitem]
|-start|p1a: MoveMerchant|quarkdrivespe
|turn|6
|
|t:|1760769761
|switch|p2a: Vape God|Raging Bolt|100/100
|move|p1a: MoveMerchant|Fiery Dance|p2a: Vape God
|-resisted|p2a: Vape God
|-damage|p2a: Vape God|82/100
|
|upkeep
|turn|7
|
|t:|1760769767
|move|p1a: MoveMerchant|Dazzling Gleam|p2a: Vape God
|-supereffective|p2a: Vape God
|-damage|p2a: Vape God|27/100
|move|p2a: Vape God|Draco Meteor|p1a: MoveMerchant
|-damage|p1a: MoveMerchant|0 fnt
|-unboost|p2a: Vape God|spa|2
|faint|p1a: MoveMerchant
|-end|p1a: MoveMerchant|Quark Drive|[silent]
|
|upkeep
|
|t:|1760769779
|switch|p1a: snow bunny|Ninetales-Alola, F|100/100
|-weather|Snowscape|[from] ability: Snow Warning|[of] p1a: snow bunny
|turn|8
|
|t:|1760769816
|-end|p2a: Vape God|Protosynthesis|[silent]
|switch|p2a: BrainRot|Slowking-Galar, M|44/100
|move|p1a: snow bunny|Aurora Veil|p1a: snow bunny
|-sidestart|p1: ilytrix|move: Aurora Veil
|
|-weather|Snowscape|[upkeep]
|upkeep
|turn|9
|
|t:|1760769820
|switch|p1a: bury the light|Ceruledge, M|100/100
|move|p2a: BrainRot|Future Sight|p1a: bury the light
|-start|p2a: BrainRot|move: Future Sight
|
|-weather|Snowscape|[upkeep]
|upkeep
|turn|10
|
|t:|1760769826
|switch|p2a: Ronaldo|Cinderace, F|100/100
|move|p1a: bury the light|Bitter Blade|p2a: Ronaldo
|-resisted|p2a: Ronaldo
|-damage|p2a: Ronaldo|70/100
|
|-weather|Snowscape|[upkeep]
|upkeep
|turn|11
|
|t:|1760769833
|move|p2a: Ronaldo|Sucker Punch|p1a: bury the light
|-start|p2a: Ronaldo|typechange|Dark|[from] ability: Libero
|-supereffective|p1a: bury the light
|-damage|p1a: bury the light|34/100
|-ability|p1a: bury the light|Weak Armor|boost
|-unboost|p1a: bury the light|def|1
|-boost|p1a: bury the light|spe|2
|move|p1a: bury the light|Poltergeist|p2a: Ronaldo
|-activate|p2a: Ronaldo|move: Poltergeist|Choice Band
|-resisted|p2a: Ronaldo
|-damage|p2a: Ronaldo|27/100
|
|-weather|Snowscape|[upkeep]
|-end|p1a: bury the light|move: Future Sight
|-damage|p1a: bury the light|3/100
|upkeep
|turn|12
|
|t:|1760769847
|switch|p2a: Whimsicott|Whimsicott, M|100/100
|move|p1a: bury the light|Shadow Sneak|p2a: Whimsicott
|-damage|p2a: Whimsicott|77/100
|
|-weather|none
|-heal|p2a: Whimsicott|84/100|[from] item: Leftovers
|upkeep
|turn|13
|
|t:|1760769855
|move|p1a: bury the light|Bitter Blade|p2a: Whimsicott
|-supereffective|p2a: Whimsicott
|-damage|p2a: Whimsicott|0 fnt
|-heal|p1a: bury the light|50/100|[from] drain|[of] p2a: Whimsicott
|faint|p2a: Whimsicott
|
|upkeep
|c|☆wallik|f
|c|☆wallik|forget
|
|t:|1760769872
|switch|p2a: Packin Purple|Great Tusk|100/100
|turn|14
|
|t:|1760769876
|move|p1a: bury the light|Poltergeist|p2a: Packin Purple
|-activate|p2a: Packin Purple|move: Poltergeist|Leftovers
|-damage|p2a: Packin Purple|58/100
|move|p2a: Packin Purple|Headlong Rush|p1a: bury the light
|-supereffective|p1a: bury the light
|-damage|p1a: bury the light|0 fnt
|-unboost|p2a: Packin Purple|def|1
|-unboost|p2a: Packin Purple|spd|1
|faint|p1a: bury the light
|
|-heal|p2a: Packin Purple|64/100|[from] item: Leftovers
|upkeep
|
|t:|1760769878
|switch|p1a: snow bunny|Ninetales-Alola, F|100/100
|-weather|Snowscape|[from] ability: Snow Warning|[of] p1a: snow bunny
|turn|15
|
|t:|1760769883
|-end|p2a: Packin Purple|Protosynthesis|[silent]
|switch|p2a: BrainRot|Slowking-Galar, M|77/100
|move|p1a: snow bunny|Moonblast|p2a: BrainRot
|-resisted|p2a: BrainRot
|-damage|p2a: BrainRot|69/100
|
|-weather|Snowscape|[upkeep]
|-sideend|p1: ilytrix|move: Aurora Veil
|upkeep
|turn|16
|
|t:|1760769890
|move|p1a: snow bunny|Aurora Veil|p1a: snow bunny
|-sidestart|p1: ilytrix|move: Aurora Veil
|move|p2a: BrainRot|Sludge Bomb|p1a: snow bunny
|-supereffective|p1a: snow bunny
|-damage|p1a: snow bunny|49/100
|
|-weather|Snowscape|[upkeep]
|upkeep
|turn|17
|
|t:|1760769896
|switch|p1a: 50/50|Raging Bolt|100/100
|-enditem|p1a: 50/50|Booster Energy
|-activate|p1a: 50/50|ability: Protosynthesis|[fromitem]
|-start|p1a: 50/50|protosynthesisspa
|move|p2a: BrainRot|Future Sight|p1a: 50/50
|-start|p2a: BrainRot|move: Future Sight
|
|-weather|Snowscape|[upkeep]
|upkeep
|turn|18
|
|t:|1760769910
|switch|p2a: Packin Purple|Great Tusk|64/100
|move|p1a: 50/50|Calm Mind|p1a: 50/50
|-boost|p1a: 50/50|spa|1
|-boost|p1a: 50/50|spd|1
|
|-weather|Snowscape|[upkeep]
|-heal|p2a: Packin Purple|71/100|[from] item: Leftovers
|upkeep
|turn|19
|
|t:|1760769915
|-end|p2a: Packin Purple|Protosynthesis|[silent]
|switch|p2a: Gladys|Corviknight, F|100/100
|-ability|p2a: Gladys|Pressure
|move|p1a: 50/50|Dragon Pulse|p2a: Gladys
|-resisted|p2a: Gladys
|-damage|p2a: Gladys|54/100
|
|-weather|none
|-end|p1a: 50/50|move: Future Sight
|-damage|p1a: 50/50|86/100
|upkeep
|turn|20
|
|t:|1760769931
|move|p2a: Gladys|Roost|p2a: Gladys
|-heal|p2a: Gladys|100/100
|-singleturn|p2a: Gladys|move: Roost
|move|p1a: 50/50|Thunderbolt|p2a: Gladys
|-damage|p2a: Gladys|0 fnt
|faint|p2a: Gladys
|
|upkeep
|
|t:|1760769939
|switch|p2a: BrainRot|Slowking-Galar, M|100/100
|turn|21
|
|t:|1760769943
|move|p1a: 50/50|Thunderbolt|p2a: BrainRot
|-damage|p2a: BrainRot|53/100
|move|p2a: BrainRot|Sludge Bomb|p1a: 50/50
|-damage|p1a: 50/50|74/100
|-status|p1a: 50/50|psn
|
|-damage|p1a: 50/50|61/100 psn|[from] psn
|upkeep
|turn|22
|j| PXT Alpha
|
|t:|1760769951
|move|p1a: 50/50|Dragon Pulse|p2a: BrainRot
|-damage|p2a: BrainRot|3/100
|move|p2a: BrainRot|Future Sight|p1a: 50/50
|-start|p2a: BrainRot|move: Future Sight
|
|-damage|p1a: 50/50|49/100 psn|[from] psn
|upkeep
|turn|23
|
|t:|1760769957
|switch|p2a: Vape God|Raging Bolt|27/100
|move|p1a: 50/50|Dragon Pulse|p2a: Vape God
|-supereffective|p2a: Vape God
|-damage|p2a: Vape God|0 fnt
|faint|p2a: Vape God
|-end|p2a: Vape God|Protosynthesis|[silent]
|
|-damage|p1a: 50/50|37/100 psn|[from] psn
|-sideend|p1: ilytrix|move: Aurora Veil
|upkeep
|
|t:|1760769960
|switch|p2a: Packin Purple|Great Tusk|71/100
|turn|24
|
|t:|1760769962
|move|p2a: Packin Purple|Headlong Rush|p1a: 50/50
|-supereffective|p1a: 50/50
|-damage|p1a: 50/50|0 fnt
|-unboost|p2a: Packin Purple|def|1
|-unboost|p2a: Packin Purple|spd|1
|faint|p1a: 50/50
|-end|p1a: 50/50|Protosynthesis|[silent]
|
|-hint|Future Sight did not hit because the target is fainted.
|-heal|p2a: Packin Purple|77/100|[from] item: Leftovers
|upkeep
|
|t:|1760769965
|switch|p1a: snow bunny|Ninetales-Alola, F|49/100
|-weather|Snowscape|[from] ability: Snow Warning|[of] p1a: snow bunny
|turn|25
|
|t:|1760769992
|move|p1a: snow bunny|Aurora Veil|p1a: snow bunny
|-sidestart|p1: ilytrix|move: Aurora Veil
|move|p2a: Packin Purple|Rapid Spin|p1a: snow bunny
|-damage|p1a: snow bunny|40/100
|-boost|p2a: Packin Purple|spe|1
|
|-weather|Snowscape|[upkeep]
|-heal|p2a: Packin Purple|83/100|[from] item: Leftovers
|upkeep
|turn|26
|
|t:|1760770013
|-end|p2a: Packin Purple|Protosynthesis|[silent]
|switch|p2a: BrainRot|Slowking-Galar, M|36/100
|move|p1a: snow bunny|Moonblast|p2a: BrainRot
|-resisted|p2a: BrainRot
|-damage|p2a: BrainRot|27/100
|
|-weather|Snowscape|[upkeep]
|upkeep
|turn|27
|
|t:|1760770019
|move|p1a: snow bunny|Freeze-Dry|p2a: BrainRot
|-damage|p2a: BrainRot|14/100
|-status|p2a: BrainRot|frz
|cant|p2a: BrainRot|frz
|
|-weather|Snowscape|[upkeep]
|upkeep
|turn|28
|
|t:|1760770025
|switch|p2a: Ronaldo|Cinderace, F|27/100
|move|p1a: snow bunny|Freeze-Dry|p2a: Ronaldo
|-resisted|p2a: Ronaldo
|-damage|p2a: Ronaldo|8/100
|-status|p2a: Ronaldo|frz
|
|-weather|Snowscape|[upkeep]
|upkeep
|turn|29
|
|t:|1760770030
|-curestatus|p2a: Ronaldo|frz|[from] move: Pyro Ball
|move|p2a: Ronaldo|Pyro Ball|p1a: snow bunny
|-supereffective|p1a: snow bunny
|-damage|p1a: snow bunny|0 fnt
|faint|p1a: snow bunny
|
|-weather|none
|upkeep
|
|t:|1760770034
|switch|p1a: realpsyspam|Latias, F|100/100
|turn|30
|
|t:|1760770039
|switch|p2a: BrainRot|Slowking-Galar, M|47/100 frz
|move|p1a: realpsyspam|Aura Sphere|p2a: BrainRot
|-resisted|p2a: BrainRot
|-damage|p2a: BrainRot|44/100 frz
|
|upkeep
|turn|31
|
|t:|1760770052
|move|p1a: realpsyspam|Agility|p1a: realpsyspam
|-boost|p1a: realpsyspam|spe|2
|cant|p2a: BrainRot|frz
|
|upkeep
|turn|32
|
|t:|1760770056
|move|p1a: realpsyspam|Calm Mind|p1a: realpsyspam
|-boost|p1a: realpsyspam|spa|1
|-boost|p1a: realpsyspam|spd|1
|cant|p2a: BrainRot|frz
|
|-sideend|p1: ilytrix|move: Aurora Veil
|upkeep
|turn|33
|
|t:|1760770060
|switch|p2a: Ronaldo|Cinderace, F|8/100
|move|p1a: realpsyspam|Calm Mind|p1a: realpsyspam
|-boost|p1a: realpsyspam|spa|1
|-boost|p1a: realpsyspam|spd|1
|
|upkeep
|turn|34
|
|t:|1760770063
|-terastallize|p1a: realpsyspam|Steel
|move|p2a: Ronaldo|Sucker Punch|p1a: realpsyspam
|-start|p2a: Ronaldo|typechange|Dark|[from] ability: Libero
|-damage|p1a: realpsyspam|42/100
|move|p1a: realpsyspam|Aura Sphere|p2a: Ronaldo
|-supereffective|p2a: Ronaldo
|-damage|p2a: Ronaldo|0 fnt
|faint|p2a: Ronaldo
|
|-heal|p1a: realpsyspam|48/100|[from] item: Leftovers
|upkeep
|
|t:|1760770067
|switch|p2a: BrainRot|Slowking-Galar, M|77/100 frz
|turn|35
|
|t:|1760770070
|move|p1a: realpsyspam|Stored Power|p2a: BrainRot
|-damage|p2a: BrainRot|13/100 frz
|cant|p2a: BrainRot|frz
|
|-heal|p1a: realpsyspam|54/100|[from] item: Leftovers
|upkeep
|turn|36
|-message|wallik forfeited.
|
|win|ilytrix
|raw|ilytrix's rating: 1751 &rarr; <strong>1768</strong><br />(+17 for winning)
|raw|wallik's rating: 1691 &rarr; <strong>1674</strong><br />(-17 for losing)
|l|☆wallik
|player|p2|
|l|☆ilytrix
|player|p1|
|l| PXT Alpha
