|j|☆TryinSome
|j|☆Agent Dave
|t:|1760781995
|gametype|singles
|player|p1|TryinSome|nate|1050
|player|p2|Agent Dave|hugh|1083
|gen|9
|tier|[Gen 9] OU
|rated|
|rule|HP Percentage Mod: HP is shown in percentages
|rule|Endless Battle Clause: Forcing endless battles is banned
|rule|Species Clause: Limit one of each Pokémon
|rule|OHKO Clause: OHKO moves are banned
|rule|Evasion Items Clause: Evasion items are banned
|rule|Evasion Moves Clause: Evasion moves are banned
|rule|Evasion Abilities Clause: Evasion abilities are banned
|rule|Sleep Moves Clause: Sleep-inducing moves are banned
|clearpoke
|poke|p1|Chesnaught, M|
|poke|p1|Arcanine-Hisui, M|
|poke|p1|Swampert, M|
|poke|p1|Ribombee, F|
|poke|p1|Dragalge, M|
|poke|p1|Mamoswine, M|
|poke|p2|Slaking, F|
|poke|p2|Kingambit, F|
|poke|p2|Gholdengo|
|poke|p2|Regirock|
|poke|p2|Sinistcha-Masterpiece|
|poke|p2|Raging Bolt|
|teampreview
|inactive|Battle timer is ON: inactive players will automatically lose when time's up. (requested by Agent Dave)
|
|t:|1760782007
|teamsize|p1|6
|teamsize|p2|6
|start
|switch|p1a: Arcanine|Arcanine-Hisui, M, shiny|100/100
|switch|p2a: Slaking|Slaking, F, shiny|100/100
|turn|1
|
|t:|1760782018
|-terastallize|p2a: Slaking|Normal
|move|p2a: Slaking|Giga Impact|p1a: Arcanine
|-resisted|p1a: Arcanine
|-damage|p1a: Arcanine|0 fnt
|-mustrecharge|p2a: Slaking
|faint|p1a: Arcanine
|
|upkeep
|
|t:|1760782032
|switch|p1a: Chesnaught|Chesnaught, M|100/100
|turn|2
|
|t:|1760782035
|cant|p2a: Slaking|recharge
|move|p1a: Chesnaught|Bulk Up|p1a: Chesnaught
|-boost|p1a: Chesnaught|atk|1
|-boost|p1a: Chesnaught|def|1
|
|upkeep
|turn|3
|
|t:|1760782041
|move|p2a: Slaking|Giga Impact|p1a: Chesnaught
|-damage|p1a: Chesnaught|0 fnt
|-mustrecharge|p2a: Slaking
|faint|p1a: Chesnaught
|
|upkeep
|
|t:|1760782049
|switch|p1a: Mamoswine|Mamoswine, M|100/100
|turn|4
|
|t:|1760782052
|cant|p2a: Slaking|recharge
|move|p1a: Mamoswine|Knock Off|p2a: Slaking
|-damage|p2a: Slaking|72/100
|-enditem|p2a: Slaking|Choice Band|[from] move: Knock Off|[of] p1a: Mamoswine
|
|upkeep
|turn|5
|
|t:|1760782062
|move|p2a: Slaking|Giga Impact|p1a: Mamoswine
|-damage|p1a: Mamoswine|0 fnt
|-mustrecharge|p2a: Slaking
|faint|p1a: Mamoswine
|
|upkeep
|
|t:|1760782066
|switch|p1a: Swampert|Swampert, M|100/100
|turn|6
|
|t:|1760782070
|cant|p2a: Slaking|recharge
|move|p1a: Swampert|Earthquake|p2a: Slaking
|-damage|p2a: Slaking|41/100
|
|upkeep
|turn|7
|
|t:|1760782075
|move|p2a: Slaking|Giga Impact|p1a: Swampert
|-damage|p1a: Swampert|0 fnt
|-mustrecharge|p2a: Slaking
|faint|p1a: Swampert
|
|upkeep
|
|t:|1760782078
|switch|p1a: Dragalge|Dragalge, M, shiny|100/100
|turn|8
|
|t:|1760782082
|cant|p2a: Slaking|recharge
|move|p1a: Dragalge|Dragon Pulse|p2a: Slaking
|-damage|p2a: Slaking|0 fnt
|faint|p2a: Slaking
|
|upkeep
|
|t:|1760782105
|switch|p2a: Regirock|Regirock, shiny|100/100
|turn|9
|
|t:|1760782130
|move|p2a: Regirock|Iron Defense|p2a: Regirock
|-boost|p2a: Regirock|def|2
|move|p1a: Dragalge|Scald|p2a: Regirock
|-supereffective|p2a: Regirock
|-damage|p2a: Regirock|41/100
|
|-heal|p2a: Regirock|47/100|[from] item: Leftovers
|upkeep
|turn|10
|
|t:|1760782145
|move|p2a: Regirock|Body Press|p1a: Dragalge
|-resisted|p1a: Dragalge
|-damage|p1a: Dragalge|52/100
|move|p1a: Dragalge|Scald|p2a: Regirock
|-supereffective|p2a: Regirock
|-damage|p2a: Regirock|0 fnt
|faint|p2a: Regirock
|
|upkeep
|
|t:|1760782155
|switch|p2a: Gholdengo|Gholdengo|100/100
|turn|11
|
|t:|1760782165
|move|p2a: Gholdengo|Nasty Plot|p2a: Gholdengo
|-boost|p2a: Gholdengo|spa|2
|move|p1a: Dragalge|Dragon Pulse|p2a: Gholdengo
|-resisted|p2a: Gholdengo
|-damage|p2a: Gholdengo|70/100
|
|upkeep
|turn|12
|
|t:|1760782173
|-terastallize|p1a: Dragalge|Dragon
|move|p2a: Gholdengo|Make It Rain|p1a: Dragalge
|-damage|p1a: Dragalge|0 fnt
|-unboost|p2a: Gholdengo|spa|1
|faint|p1a: Dragalge
|-damage|p2a: Gholdengo|60/100|[from] item: Life Orb
|
|upkeep
|
|t:|1760782175
|switch|p1a: Ribombee|Ribombee, F, shiny|100/100
|turn|13
|
|t:|1760782183
|move|p1a: Ribombee|Bug Buzz|p2a: Gholdengo
|-resisted|p2a: Gholdengo
|-damage|p2a: Gholdengo|50/100
|move|p2a: Gholdengo|Make It Rain|p1a: Ribombee
|-supereffective|p1a: Ribombee
|-enditem|p1a: Ribombee|Focus Sash
|-damage|p1a: Ribombee|1/100
|-unboost|p2a: Gholdengo|spa|1
|-damage|p2a: Gholdengo|40/100|[from] item: Life Orb
|
|upkeep
|turn|14
|-message|TryinSome forfeited.
|
|win|Agent Dave
|raw|TryinSome's rating: 1050 &rarr; <strong>1034</strong><br />(-16 for losing)
|raw|Agent Dave's rating: 1083 &rarr; <strong>1108</strong><br />(+25 for winning)
|l|☆TryinSome
|player|p1|
|l|☆Agent Dave
|player|p2|
