|j|☆ExSabre
|j|☆trippi-troppi6969
|t:|1760768133
|gametype|singles
|player|p1|ExSabre|doctor|1217
|player|p2|trippi-troppi6969|ghetsis|1173
|gen|9
|tier|[Gen 9] OU
|rated|
|rule|HP Percentage Mod: HP is shown in percentages
|rule|Endless Battle Clause: Forcing endless battles is banned
|rule|Species Clause: Limit one of each Pokémon
|rule|OHKO Clause: OHKO moves are banned
|rule|Evasion Items Clause: Evasion items are banned
|rule|Evasion Moves Clause: Evasion moves are banned
|rule|Evasion Abilities Clause: Evasion abilities are banned
|rule|Sleep Moves Clause: Sleep-inducing moves are banned
|clearpoke
|poke|p1|Rillaboom, M|
|poke|p1|Ting-Lu|
|poke|p1|Alomomola, M|
|poke|p1|Raging Bolt|
|poke|p1|Iron Valiant|
|poke|p1|Corviknight, M|
|poke|p2|Weavile, M|
|poke|p2|Kingambit, F|
|poke|p2|Iron Moth|
|poke|p2|Garchomp, M|
|poke|p2|Iron Valiant|
|poke|p2|Moltres-Galar|
|teampreview
|inactive|Battle timer is ON: inactive players will automatically lose when time's up. (requested by trippi-troppi6969)
|
|t:|1760768142
|teamsize|p1|6
|teamsize|p2|6
|start
|switch|p1a: BIG BOOM x3|Rillaboom, M|100/100
|switch|p2a: Garchomp|Garchomp, M|100/100
|-fieldstart|move: Grassy Terrain|[from] ability: Grassy Surge|[of] p1a: BIG BOOM x3
|turn|1
|
|t:|1760768150
|switch|p2a: Weavile|Weavile, M|100/100
|move|p1a: BIG BOOM x3|Grassy Glide|p2a: Weavile
|-damage|p2a: Weavile|0 fnt
|faint|p2a: Weavile
|
|upkeep
|
|t:|1760768163
|switch|p2a: Iron Moth|Iron Moth|100/100
|-enditem|p2a: Iron Moth|Booster Energy
|-activate|p2a: Iron Moth|ability: Quark Drive|[fromitem]
|-start|p2a: Iron Moth|quarkdrivespe
|turn|2
|
|t:|1760768172
|switch|p1a: Ting-Lu|Ting-Lu|100/100
|-ability|p1a: Ting-Lu|Vessel of Ruin
|move|p2a: Iron Moth|Fiery Dance|p1a: Ting-Lu
|-damage|p1a: Ting-Lu|85/100
|
|-heal|p1a: Ting-Lu|91/100|[from] Grassy Terrain
|-heal|p1a: Ting-Lu|97/100|[from] item: Leftovers
|upkeep
|turn|3
|
|t:|1760768183
|-terastallize|p2a: Iron Moth|Fairy
|move|p2a: Iron Moth|Dazzling Gleam|p1a: Ting-Lu
|-supereffective|p1a: Ting-Lu
|-damage|p1a: Ting-Lu|62/100
|move|p1a: Ting-Lu|Whirlwind|p2a: Iron Moth
|-end|p2a: Iron Moth|Quark Drive|[silent]
|drag|p2a: Kingambit|Kingambit, F|100/100
|-activate|p2a: Kingambit|ability: Supreme Overlord
|-start|p2a: Kingambit|fallen1|[silent]
|-item|p2a: Kingambit|Air Balloon
|
|-heal|p1a: Ting-Lu|68/100|[from] Grassy Terrain
|-heal|p1a: Ting-Lu|74/100|[from] item: Leftovers
|upkeep
|turn|4
|
|t:|1760768195
|move|p2a: Kingambit|Low Kick|p1a: Ting-Lu
|-supereffective|p1a: Ting-Lu
|-damage|p1a: Ting-Lu|15/100
|move|p1a: Ting-Lu|Ruination|p2a: Kingambit
|-damage|p2a: Kingambit|50/100
|-enditem|p2a: Kingambit|Air Balloon
|
|-heal|p2a: Kingambit|57/100|[from] Grassy Terrain
|-heal|p1a: Ting-Lu|21/100|[from] Grassy Terrain
|-heal|p1a: Ting-Lu|27/100|[from] item: Leftovers
|upkeep
|turn|5
|
|t:|1760768205
|switch|p1a: aloe vera|Alomomola, M|100/100
|move|p2a: Kingambit|Low Kick|p1a: aloe vera
|-damage|p1a: aloe vera|86/100
|-damage|p2a: Kingambit|40/100|[from] item: Rocky Helmet|[of] p1a: aloe vera
|
|-heal|p2a: Kingambit|46/100|[from] Grassy Terrain
|-heal|p1a: aloe vera|92/100|[from] Grassy Terrain
|-fieldend|move: Grassy Terrain
|upkeep
|turn|6
|
|t:|1760768227
|-end|p2a: Kingambit|fallen1|[silent]
|switch|p2a: Moltres|Moltres-Galar|100/100
|move|p1a: aloe vera|Wish|p1a: aloe vera
|
|upkeep
|turn|7
|
|t:|1760768233
|switch|p1a: Ting-Lu|Ting-Lu|27/100
|-ability|p1a: Ting-Lu|Vessel of Ruin
|move|p2a: Moltres|Agility|p2a: Moltres
|-boost|p2a: Moltres|spe|2
|
|-heal|p1a: Ting-Lu|79/100|[from] move: Wish|[wisher] aloe vera
|-heal|p1a: Ting-Lu|85/100|[from] item: Leftovers
|upkeep
|turn|8
|
|t:|1760768237
|move|p2a: Moltres|Nasty Plot|p2a: Moltres
|-boost|p2a: Moltres|spa|2
|move|p1a: Ting-Lu|Stealth Rock|p2a: Moltres
|-sidestart|p2: trippi-troppi6969|move: Stealth Rock
|
|-heal|p1a: Ting-Lu|92/100|[from] item: Leftovers
|upkeep
|turn|9
|
|t:|1760768243
|move|p2a: Moltres|Fiery Wrath|p1a: Ting-Lu
|-resisted|p1a: Ting-Lu
|-damage|p1a: Ting-Lu|75/100
|move|p1a: Ting-Lu|Whirlwind|p2a: Moltres
|drag|p2a: Iron Moth|Iron Moth, tera:Fairy|100/100
|-damage|p2a: Iron Moth|88/100|[from] Stealth Rock
|
|-heal|p1a: Ting-Lu|81/100|[from] item: Leftovers
|upkeep
|turn|10
|
|t:|1760768259
|move|p2a: Iron Moth|Dazzling Gleam|p1a: Ting-Lu
|-supereffective|p1a: Ting-Lu
|-damage|p1a: Ting-Lu|48/100
|move|p1a: Ting-Lu|Earthquake|p2a: Iron Moth
|-damage|p2a: Iron Moth|35/100
|
|-heal|p1a: Ting-Lu|55/100|[from] item: Leftovers
|upkeep
|turn|11
|inactive|trippi-troppi6969 has 120 seconds left.
|inactive|trippi-troppi6969 has 90 seconds left.
|
|t:|1760768336
|move|p2a: Iron Moth|Fiery Dance|p1a: Ting-Lu
|-damage|p1a: Ting-Lu|37/100
|move|p1a: Ting-Lu|Earthquake|p2a: Iron Moth
|-damage|p2a: Iron Moth|0 fnt
|faint|p2a: Iron Moth
|-end|p2a: Iron Moth|Quark Drive|[silent]
|
|-heal|p1a: Ting-Lu|44/100|[from] item: Leftovers
|upkeep
|
|t:|1760768352
|switch|p2a: Iron Valiant|Iron Valiant|100/100
|-damage|p2a: Iron Valiant|94/100|[from] Stealth Rock
|-enditem|p2a: Iron Valiant|Booster Energy
|-activate|p2a: Iron Valiant|ability: Quark Drive|[fromitem]
|-start|p2a: Iron Valiant|quarkdrivespe
|turn|12
|
|t:|1760768362
|switch|p1a: aloe vera|Alomomola, M|100/100
|move|p2a: Iron Valiant|Close Combat|p1a: aloe vera
|-damage|p1a: aloe vera|71/100
|-unboost|p2a: Iron Valiant|def|1
|-unboost|p2a: Iron Valiant|spd|1
|-damage|p2a: Iron Valiant|78/100|[from] item: Rocky Helmet|[of] p1a: aloe vera
|
|upkeep
|turn|13
|
|t:|1760768369
|move|p2a: Iron Valiant|Knock Off|p1a: aloe vera
|-damage|p1a: aloe vera|54/100
|-damage|p2a: Iron Valiant|61/100|[from] item: Rocky Helmet|[of] p1a: aloe vera
|-enditem|p1a: aloe vera|Rocky Helmet|[from] move: Knock Off|[of] p2a: Iron Valiant
|move|p1a: aloe vera|Scald|p2a: Iron Valiant
|-damage|p2a: Iron Valiant|20/100
|-status|p2a: Iron Valiant|brn
|
|-damage|p2a: Iron Valiant|14/100 brn|[from] brn
|upkeep
|turn|14
|
|t:|1760768382
|move|p2a: Iron Valiant|Moonblast|p1a: aloe vera
|-damage|p1a: aloe vera|0 fnt
|faint|p1a: aloe vera
|
|-damage|p2a: Iron Valiant|8/100 brn|[from] brn
|upkeep
|
|t:|1760768392
|switch|p1a: recluse|Iron Valiant, shiny|100/100
|-enditem|p1a: recluse|Booster Energy
|-activate|p1a: recluse|ability: Quark Drive|[fromitem]
|-start|p1a: recluse|quarkdrivespe
|turn|15
|
|t:|1760768398
|move|p1a: recluse|Close Combat|p2a: Iron Valiant
|-resisted|p2a: Iron Valiant
|-damage|p2a: Iron Valiant|0 fnt
|-unboost|p1a: recluse|def|1
|-unboost|p1a: recluse|spd|1
|faint|p2a: Iron Valiant
|-end|p2a: Iron Valiant|Quark Drive|[silent]
|
|upkeep
|
|t:|1760768405
|switch|p2a: Garchomp|Garchomp, M|100/100
|-damage|p2a: Garchomp|94/100|[from] Stealth Rock
|turn|16
|
|t:|1760768408
|move|p1a: recluse|Moonblast|p2a: Garchomp
|-supereffective|p2a: Garchomp
|-crit|p2a: Garchomp
|-damage|p2a: Garchomp|0 fnt
|faint|p2a: Garchomp
|
|upkeep
|-message|trippi-troppi6969 forfeited.
|
|win|ExSabre
|raw|ExSabre's rating: 1217 &rarr; <strong>1239</strong><br />(+22 for winning)
|raw|trippi-troppi6969's rating: 1173 &rarr; <strong>1151</strong><br />(-22 for losing)
|l|☆trippi-troppi6969
|player|p2|
|l|☆ExSabre
|player|p1|
