|j|☆iguana_droga
|j|☆Noobskillstrongs
|t:|1760789948
|gametype|singles
|player|p1|iguana_droga|bellelba|1123
|player|p2|Noobskillstrongs|lucian|1083
|gen|9
|tier|[Gen 9] OU
|rated|
|rule|HP Percentage Mod: HP is shown in percentages
|rule|Endless Battle Clause: Forcing endless battles is banned
|rule|Species Clause: Limit one of each Pokémon
|rule|OHKO Clause: OHKO moves are banned
|rule|Evasion Items Clause: Evasion items are banned
|rule|Evasion Moves Clause: Evasion moves are banned
|rule|Evasion Abilities Clause: Evasion abilities are banned
|rule|Sleep Moves Clause: Sleep-inducing moves are banned
|clearpoke
|poke|p1|Great Tusk|
|poke|p1|Bisharp, F|
|poke|p1|Pelipper, M|
|poke|p1|Quaquaval, F|
|poke|p1|Rotom-Wash|
|poke|p1|Ribombee, F|
|poke|p2|Squawkabilly-White, F|
|poke|p2|Thundurus-Therian, M|
|poke|p2|Staraptor, M|
|poke|p2|Bombirdier, F|
|poke|p2|Mandibuzz, F|
|poke|p2|Gyarados, M|
|teampreview
|inactive|Battle timer is ON: inactive players will automatically lose when time's up. (requested by Noobskillstrongs)
|l|☆Noobskillstrongs
|inactive|Noobskillstrongs disconnected and has a minute to reconnect!
|player|p2|
|
|t:|1760789979
|teamsize|p1|6
|teamsize|p2|6
|start
|switch|p1a: Bisharp|Bisharp, F|100/100
|switch|p2a: Squawkabilly|Squawkabilly-White, F|100/100
|-ability|p2a: Squawkabilly|Intimidate|boost
|-unboost|p1a: Bisharp|atk|1
|-ability|p1a: Bisharp|Defiant|boost
|-boost|p1a: Bisharp|atk|2
|turn|1
|j|☆Noobskillstrongs
|inactive|Noobskillstrongs reconnected and has 145 seconds left.
|player|p2|Noobskillstrongs|lucian|
|
|t:|1760789998
|switch|p2a: Staraptor|Staraptor, M|100/100
|-ability|p2a: Staraptor|Intimidate|boost
|-unboost|p1a: Bisharp|atk|1
|-ability|p1a: Bisharp|Defiant|boost
|-boost|p1a: Bisharp|atk|2
|move|p1a: Bisharp|Thunder Wave|p2a: Staraptor
|-status|p2a: Staraptor|par
|
|upkeep
|turn|2
|inactive|iguana_droga has 120 seconds left.
|
|t:|1760790030
|-terastallize|p1a: Bisharp|Flying
|move|p1a: Bisharp|Iron Head|p2a: Staraptor
|-damage|p2a: Staraptor|0 fnt
|faint|p2a: Staraptor
|
|upkeep
|
|t:|1760790035
|switch|p2a: Thundurus|Thundurus-Therian, M|100/100
|turn|3
|
|t:|1760790040
|move|p1a: Bisharp|Sucker Punch|p2a: Thundurus
|-damage|p2a: Thundurus|3/100
|move|p2a: Thundurus|Thunderbolt|p1a: Bisharp
|-supereffective|p1a: Bisharp
|-damage|p1a: Bisharp|0 fnt
|faint|p1a: Bisharp
|-damage|p2a: Thundurus|0 fnt|[from] item: Life Orb
|faint|p2a: Thundurus
|
|upkeep
|
|t:|1760790051
|switch|p2a: Squawkabilly|Squawkabilly-White, F|100/100
|switch|p1a: Rotom|Rotom-Wash|100/100
|-ability|p2a: Squawkabilly|Intimidate|boost
|-unboost|p1a: Rotom|atk|1
|turn|4
|
|t:|1760790057
|move|p2a: Squawkabilly|Parting Shot|p1a: Rotom
|-unboost|p1a: Rotom|atk|1
|-unboost|p1a: Rotom|spa|1
|
|t:|1760790060
|switch|p2a: Mandibuzz|Mandibuzz, F|100/100|[from] Parting Shot
|move|p1a: Rotom|Volt Switch|p2a: Mandibuzz
|-supereffective|p2a: Mandibuzz
|-damage|p2a: Mandibuzz|61/100
|
|t:|1760790067
|switch|p1a: Ribombee|Ribombee, F|100/100|[from] Volt Switch
|
|-heal|p2a: Mandibuzz|67/100|[from] item: Leftovers
|upkeep
|turn|5
|
|t:|1760790074
|move|p1a: Ribombee|Moonblast|p2a: Mandibuzz
|-supereffective|p2a: Mandibuzz
|-damage|p2a: Mandibuzz|15/100
|move|p2a: Mandibuzz|Toxic|p1a: Ribombee
|-status|p1a: Ribombee|tox
|
|-heal|p2a: Mandibuzz|21/100|[from] item: Leftovers
|-damage|p1a: Ribombee|94/100 tox|[from] psn
|upkeep
|turn|6
|
|t:|1760790084
|switch|p2a: Gyarados|Gyarados, M|100/100
|-ability|p2a: Gyarados|Intimidate|boost
|-unboost|p1a: Ribombee|atk|1
|move|p1a: Ribombee|Moonblast|p2a: Gyarados
|-damage|p2a: Gyarados|80/100
|-unboost|p2a: Gyarados|spa|1
|
|-damage|p1a: Ribombee|82/100 tox|[from] psn
|upkeep
|turn|7
|
|t:|1760790097
|move|p1a: Ribombee|U-turn|p2a: Gyarados
|-resisted|p2a: Gyarados
|-damage|p2a: Gyarados|74/100
|
|t:|1760790102
|switch|p1a: Rotom|Rotom-Wash|100/100|[from] U-turn
|move|p2a: Gyarados|Waterfall|p1a: Rotom
|-resisted|p1a: Rotom
|-damage|p1a: Rotom|74/100
|
|upkeep
|turn|8
|
|t:|1760790109
|-terastallize|p2a: Gyarados|Dragon
|move|p1a: Rotom|Volt Switch|p2a: Gyarados
|-resisted|p2a: Gyarados
|-damage|p2a: Gyarados|62/100
|
|t:|1760790131
|switch|p1a: Quaquaval|Quaquaval, F|100/100|[from] Volt Switch
|move|p2a: Gyarados|Scale Shot|p1a: Quaquaval
|-damage|p1a: Quaquaval|83/100
|-damage|p1a: Quaquaval|65/100
|-damage|p1a: Quaquaval|48/100
|-damage|p1a: Quaquaval|31/100
|-hitcount|p1a: Quaquaval|4
|-unboost|p2a: Gyarados|def|1
|-boost|p2a: Gyarados|spe|1
|
|upkeep
|turn|9
|
|t:|1760790146
|move|p2a: Gyarados|Scale Shot|p1a: Quaquaval
|-damage|p1a: Quaquaval|16/100
|-damage|p1a: Quaquaval|0 fnt
|faint|p1a: Quaquaval
|-hitcount|p1: Quaquaval|2
|-unboost|p2a: Gyarados|def|1
|-boost|p2a: Gyarados|spe|1
|
|upkeep
|
|t:|1760790161
|switch|p1a: Great Tusk|Great Tusk|100/100
|turn|10
|
|t:|1760790174
|move|p2a: Gyarados|Waterfall|p1a: Great Tusk
|-supereffective|p1a: Great Tusk
|-damage|p1a: Great Tusk|37/100
|move|p1a: Great Tusk|Ice Spinner|p2a: Gyarados
|-supereffective|p2a: Gyarados
|-damage|p2a: Gyarados|0 fnt
|faint|p2a: Gyarados
|
|upkeep
|
|t:|1760790202
|switch|p2a: Squawkabilly|Squawkabilly-White, F|100/100
|-ability|p2a: Squawkabilly|Intimidate|boost
|-unboost|p1a: Great Tusk|atk|1
|turn|11
|
|t:|1760790210
|-end|p1a: Great Tusk|Protosynthesis|[silent]
|switch|p1a: Pelipper|Pelipper, M|100/100
|-weather|RainDance|[from] ability: Drizzle|[of] p1a: Pelipper
|move|p2a: Squawkabilly|Double-Edge|p1a: Pelipper
|-damage|p1a: Pelipper|53/100
|-damage|p2a: Squawkabilly|85/100|[from] Recoil
|
|-weather|RainDance|[upkeep]
|upkeep
|turn|12
|
|t:|1760790226
|switch|p2a: Bombirdier|Bombirdier, F|100/100
|move|p1a: Pelipper|Knock Off|p2a: Bombirdier
|-resisted|p2a: Bombirdier
|-damage|p2a: Bombirdier|93/100
|-enditem|p2a: Bombirdier|Choice Band|[from] move: Knock Off|[of] p1a: Pelipper
|
|-weather|RainDance|[upkeep]
|upkeep
|turn|13
|
|t:|1760790235
|move|p2a: Bombirdier|Brave Bird|p1a: Pelipper
|-damage|p1a: Pelipper|0 fnt
|faint|p1a: Pelipper
|-damage|p2a: Bombirdier|75/100|[from] Recoil
|
|-weather|RainDance|[upkeep]
|upkeep
|
|t:|1760790246
|switch|p1a: Rotom|Rotom-Wash|74/100
|turn|14
|
|t:|1760790252
|move|p2a: Bombirdier|Sucker Punch|p1a: Rotom
|-damage|p1a: Rotom|32/100
|move|p1a: Rotom|Volt Switch|p2a: Bombirdier
|-supereffective|p2a: Bombirdier
|-crit|p2a: Bombirdier
|-damage|p2a: Bombirdier|0 fnt
|faint|p2a: Bombirdier
|
|t:|1760790262
|switch|p1a: Ribombee|Ribombee, F|82/100 tox|[from] Volt Switch
|
|-weather|RainDance|[upkeep]
|-damage|p1a: Ribombee|76/100 tox|[from] psn
|upkeep
|
|t:|1760790264
|switch|p2a: Squawkabilly|Squawkabilly-White, F|85/100
|-ability|p2a: Squawkabilly|Intimidate|boost
|-unboost|p1a: Ribombee|atk|1
|turn|15
|
|t:|1760790272
|move|p2a: Squawkabilly|Brave Bird|p1a: Ribombee
|-supereffective|p1a: Ribombee
|-damage|p1a: Ribombee|0 fnt
|faint|p1a: Ribombee
|-damage|p2a: Squawkabilly|63/100|[from] Recoil
|
|-weather|RainDance|[upkeep]
|upkeep
|
|t:|1760790282
|switch|p1a: Rotom|Rotom-Wash|32/100
|turn|16
|
|t:|1760790285
|move|p2a: Squawkabilly|Brave Bird|p1a: Rotom
|-resisted|p1a: Rotom
|-damage|p1a: Rotom|0 fnt
|faint|p1a: Rotom
|-damage|p2a: Squawkabilly|55/100|[from] Recoil
|
|-weather|RainDance|[upkeep]
|upkeep
|-message|iguana_droga forfeited.
|
|win|Noobskillstrongs
|raw|iguana_droga's rating: 1123 &rarr; <strong>1095</strong><br />(-28 for losing)
|raw|Noobskillstrongs's rating: 1083 &rarr; <strong>1114</strong><br />(+31 for winning)
|l|☆iguana_droga
|player|p1|
|c|☆Noobskillstrongs|Gg
|l|☆Noobskillstrongs
|player|p2|
