|j|☆abravioustinkaton
|j|☆Down$hift
|t:|1760815458
|gametype|singles
|player|p1|abravioustinkaton|lacey|1740
|player|p2|Down$hift|jessiejames-gen1|1699
|gen|9
|tier|[Gen 9] OU
|rated|
|rule|HP Percentage Mod: HP is shown in percentages
|rule|Endless Battle Clause: Forcing endless battles is banned
|rule|Species Clause: Limit one of each Pokémon
|rule|OHKO Clause: OHKO moves are banned
|rule|Evasion Items Clause: Evasion items are banned
|rule|Evasion Moves Clause: Evasion moves are banned
|rule|Evasion Abilities Clause: Evasion abilities are banned
|rule|Sleep Moves Clause: Sleep-inducing moves are banned
|clearpoke
|poke|p1|Kingambit, F|
|poke|p1|Cinderace, F|
|poke|p1|Landorus-Therian, M|
|poke|p1|Iron Valiant|
|poke|p1|Kyurem|
|poke|p1|Slowking-Galar, M|
|poke|p2|Metagross|
|poke|p2|Enamorus, F|
|poke|p2|Raging Bolt|
|poke|p2|Corviknight, F|
|poke|p2|Cinderace, F|
|poke|p2|Ting-Lu|
|teampreview
|inactive|Battle timer is ON: inactive players will automatically lose when time's up. (requested by Down$hift)
|c|☆Down$hift|hf
|inactive|abravioustinkaton has 120 seconds left.
|inactive|Down$hift has 120 seconds left.
|
|t:|1760815517
|teamsize|p1|6
|teamsize|p2|6
|start
|switch|p1a: Kristine|Cinderace, F, shiny|100/100
|switch|p2a: Tokyo Times Ten|Ting-Lu|100/100
|-ability|p2a: Tokyo Times Ten|Vessel of Ruin
|turn|1
|j| roll&shoot
|
|t:|1760815523
|move|p1a: Kristine|Will-O-Wisp|p2a: Tokyo Times Ten
|-status|p2a: Tokyo Times Ten|brn
|move|p2a: Tokyo Times Ten|Ruination|p1a: Kristine
|-damage|p1a: Kristine|51/100
|
|-damage|p2a: Tokyo Times Ten|94/100 brn|[from] brn
|upkeep
|turn|2
|
|t:|1760815535
|switch|p2a: My Station Rock|Cinderace, F|100/100
|move|p1a: Kristine|U-turn|p2a: My Station Rock
|-resisted|p2a: My Station Rock
|-damage|p2a: My Station Rock|87/100
|
|t:|1760815539
|switch|p1a: Homelandor|Landorus-Therian, M, shiny|100/100|[from] U-turn
|-ability|p1a: Homelandor|Intimidate|boost
|-unboost|p2a: My Station Rock|atk|1
|
|upkeep
|turn|3
|
|t:|1760815543
|move|p2a: My Station Rock|Will-O-Wisp|p1a: Homelandor
|-status|p1a: Homelandor|brn
|move|p1a: Homelandor|U-turn|p2a: My Station Rock
|-resisted|p2a: My Station Rock
|-damage|p2a: My Station Rock|81/100
|
|t:|1760815545
|switch|p1a: Kristine|Cinderace, F, shiny|51/100|[from] U-turn
|
|upkeep
|turn|4
|
|t:|1760815549
|move|p1a: Kristine|Pyro Ball|p2a: My Station Rock|[miss]
|-miss|p1a: Kristine|p2a: My Station Rock
|move|p2a: My Station Rock|Pyro Ball|p1a: Kristine
|-resisted|p1a: Kristine
|-damage|p1a: Kristine|28/100
|
|upkeep
|turn|5
|
|t:|1760815552
|move|p1a: Kristine|Pyro Ball|p2a: My Station Rock|[miss]
|-miss|p1a: Kristine|p2a: My Station Rock
|move|p2a: My Station Rock|Pyro Ball|p1a: Kristine
|-resisted|p1a: Kristine
|-damage|p1a: Kristine|5/100
|
|upkeep
|turn|6
|
|t:|1760815554
|move|p2a: My Station Rock|U-turn|p1a: Kristine
|-resisted|p1a: Kristine
|-damage|p1a: Kristine|0 fnt
|faint|p1a: Kristine
|l| roll&shoot
|c|☆Down$hift|mb
|
|t:|1760815566
|switch|p2a: Ultra Marine Blues|Metagross|100/100|[from] U-turn
|
|upkeep
|
|t:|1760815571
|switch|p1a: Homelandor|Landorus-Therian, M, shiny|100/100 brn
|-ability|p1a: Homelandor|Intimidate|boost
|-fail|p2a: Ultra Marine Blues|unboost|[from] ability: Clear Body|[of] p2a: Ultra Marine Blues
|turn|7
|
|t:|1760815578
|move|p1a: Homelandor|Stealth Rock|p2a: Ultra Marine Blues
|-sidestart|p2: Down$hift|move: Stealth Rock
|move|p2a: Ultra Marine Blues|Heavy Slam|p1a: Homelandor
|-damage|p1a: Homelandor|25/100 brn
|-damage|p2a: Ultra Marine Blues|84/100|[from] item: Rocky Helmet|[of] p1a: Homelandor
|
|-damage|p1a: Homelandor|19/100 brn|[from] brn
|upkeep
|turn|8
|
|t:|1760815583
|switch|p2a: Woodpecker No. 1|Corviknight, F|100/100
|-damage|p2a: Woodpecker No. 1|88/100|[from] Stealth Rock
|-ability|p2a: Woodpecker No. 1|Pressure
|move|p1a: Homelandor|U-turn|p2a: Woodpecker No. 1
|-resisted|p2a: Woodpecker No. 1
|-damage|p2a: Woodpecker No. 1|87/100
|-damage|p1a: Homelandor|2/100 brn|[from] item: Rocky Helmet|[of] p2a: Woodpecker No. 1
|
|t:|1760815588
|switch|p1a: WALL-Y|Iron Valiant|100/100|[from] U-turn
|-enditem|p1a: WALL-Y|Booster Energy
|-activate|p1a: WALL-Y|ability: Quark Drive|[fromitem]
|-start|p1a: WALL-Y|quarkdrivespe
|
|upkeep
|turn|9
|j| roll&shoot
|
|t:|1760815594
|move|p1a: WALL-Y|Calm Mind|p1a: WALL-Y
|-boost|p1a: WALL-Y|spa|1
|-boost|p1a: WALL-Y|spd|1
|move|p2a: Woodpecker No. 1|U-turn|p1a: WALL-Y
|-resisted|p1a: WALL-Y
|-damage|p1a: WALL-Y|96/100
|
|t:|1760815599
|switch|p2a: Ultra Marine Blues|Metagross|84/100|[from] U-turn
|-damage|p2a: Ultra Marine Blues|78/100|[from] Stealth Rock
|
|upkeep
|turn|10
|
|t:|1760815624
|-terastallize|p1a: WALL-Y|Ghost
|move|p2a: Ultra Marine Blues|Bullet Punch|p1a: WALL-Y
|-damage|p1a: WALL-Y|50/100
|move|p1a: WALL-Y|Shadow Ball|p2a: Ultra Marine Blues
|-supereffective|p2a: Ultra Marine Blues
|-damage|p2a: Ultra Marine Blues|0 fnt
|faint|p2a: Ultra Marine Blues
|
|upkeep
|inactive|Down$hift has 120 seconds left.
|inactive|Down$hift has 90 seconds left.
|inactive|Down$hift has 60 seconds left.
|l| roll&shoot
|
|t:|1760815719
|switch|p2a: Tokyo Times Ten|Ting-Lu|94/100 brn
|-damage|p2a: Tokyo Times Ten|88/100 brn|[from] Stealth Rock
|-ability|p2a: Tokyo Times Ten|Vessel of Ruin
|turn|11
|
|t:|1760815728
|move|p1a: WALL-Y|Moonblast|p2a: Tokyo Times Ten
|-supereffective|p2a: Tokyo Times Ten
|-damage|p2a: Tokyo Times Ten|31/100 brn
|-unboost|p2a: Tokyo Times Ten|spa|1
|move|p2a: Tokyo Times Ten|Whirlwind|p1a: WALL-Y
|-end|p1a: WALL-Y|Quark Drive|[silent]
|drag|p1a: Mr. Freeze|Kyurem, shiny|100/100
|-ability|p1a: Mr. Freeze|Pressure
|
|-heal|p2a: Tokyo Times Ten|37/100 brn|[from] item: Leftovers
|-damage|p2a: Tokyo Times Ten|31/100 brn|[from] brn
|upkeep
|turn|12
|
|t:|1760815741
|move|p1a: Mr. Freeze|Freeze-Dry|p2a: Tokyo Times Ten
|-supereffective|p2a: Tokyo Times Ten
|-damage|p2a: Tokyo Times Ten|3/100 brn
|move|p2a: Tokyo Times Ten|Whirlwind|p1a: Mr. Freeze
|drag|p1a: Daenerys|Kingambit, F|100/100
|-activate|p1a: Daenerys|ability: Supreme Overlord
|-start|p1a: Daenerys|fallen1|[silent]
|
|-heal|p2a: Tokyo Times Ten|9/100 brn|[from] item: Leftovers
|-damage|p2a: Tokyo Times Ten|3/100 brn|[from] brn
|upkeep
|turn|13
|
|t:|1760815748
|-end|p1a: Daenerys|fallen1|[silent]
|switch|p1a: Mr. Freeze|Kyurem, shiny|100/100
|-ability|p1a: Mr. Freeze|Pressure
|move|p2a: Tokyo Times Ten|Stealth Rock|p1a: Mr. Freeze
|-sidestart|p1: abravioustinkaton|move: Stealth Rock
|
|-heal|p2a: Tokyo Times Ten|9/100 brn|[from] item: Leftovers
|-damage|p2a: Tokyo Times Ten|3/100 brn|[from] brn
|upkeep
|turn|14
|
|t:|1760815751
|move|p1a: Mr. Freeze|Freeze-Dry|p2a: Tokyo Times Ten
|-supereffective|p2a: Tokyo Times Ten
|-damage|p2a: Tokyo Times Ten|0 fnt
|faint|p2a: Tokyo Times Ten
|
|upkeep
|inactive|Down$hift has 60 seconds left.
|
|t:|1760815774
|switch|p2a: Spiral Blast|Enamorus, F|100/100
|-damage|p2a: Spiral Blast|76/100|[from] Stealth Rock
|turn|15
|
|t:|1760815785
|switch|p1a: Chillionaire|Slowking-Galar, M, shiny|100/100
|move|p2a: Spiral Blast|Moonblast|p1a: Chillionaire
|-resisted|p1a: Chillionaire
|-damage|p1a: Chillionaire|87/100
|
|upkeep
|turn|16
|
|t:|1760815789
|switch|p2a: Woodpecker No. 1|Corviknight, F|87/100
|-damage|p2a: Woodpecker No. 1|74/100|[from] Stealth Rock
|-ability|p2a: Woodpecker No. 1|Pressure
|-prepare|p1a: Chillionaire|Chilly Reception|[premajor]
|move|p1a: Chillionaire|Chilly Reception|p1a: Chillionaire
|-weather|Snowscape
|
|t:|1760815797
|switch|p1a: Mr. Freeze|Kyurem, shiny|100/100|[from] Chilly Reception
|-damage|p1a: Mr. Freeze|75/100|[from] Stealth Rock
|-ability|p1a: Mr. Freeze|Pressure
|
|-weather|Snowscape|[upkeep]
|-heal|p1a: Mr. Freeze|82/100|[from] item: Leftovers
|upkeep
|turn|17
|
|t:|1760815801
|move|p1a: Mr. Freeze|Freeze-Dry|p2a: Woodpecker No. 1
|-damage|p2a: Woodpecker No. 1|38/100
|move|p2a: Woodpecker No. 1|U-turn|p1a: Mr. Freeze
|-damage|p1a: Mr. Freeze|73/100
|
|t:|1760815804
|switch|p2a: Yellow Hyper Balls|Raging Bolt|100/100|[from] U-turn
|-damage|p2a: Yellow Hyper Balls|88/100|[from] Stealth Rock
|-enditem|p2a: Yellow Hyper Balls|Booster Energy
|-activate|p2a: Yellow Hyper Balls|ability: Protosynthesis|[fromitem]
|-start|p2a: Yellow Hyper Balls|protosynthesisspa
|
|-weather|Snowscape|[upkeep]
|-heal|p1a: Mr. Freeze|79/100|[from] item: Leftovers
|upkeep
|turn|18
|
|t:|1760815813
|switch|p1a: WALL-Y|Iron Valiant, tera:Ghost|50/100
|-damage|p1a: WALL-Y|38/100|[from] Stealth Rock
|-terastallize|p2a: Yellow Hyper Balls|Bug
|move|p2a: Yellow Hyper Balls|Dragon Pulse|p1a: WALL-Y
|-damage|p1a: WALL-Y|0 fnt
|faint|p1a: WALL-Y
|-end|p1a: WALL-Y|Quark Drive|[silent]
|
|-weather|Snowscape|[upkeep]
|upkeep
|
|t:|1760815821
|switch|p1a: Daenerys|Kingambit, F|100/100
|-damage|p1a: Daenerys|94/100|[from] Stealth Rock
|-activate|p1a: Daenerys|ability: Supreme Overlord
|-start|p1a: Daenerys|fallen2|[silent]
|turn|19
|
|t:|1760815828
|move|p2a: Yellow Hyper Balls|Thunderbolt|p1a: Daenerys
|-damage|p1a: Daenerys|26/100
|move|p1a: Daenerys|Kowtow Cleave|p2a: Yellow Hyper Balls
|-damage|p2a: Yellow Hyper Balls|37/100
|
|-weather|Snowscape|[upkeep]
|-heal|p1a: Daenerys|32/100|[from] item: Leftovers
|upkeep
|turn|20
|
|t:|1760815856
|move|p1a: Daenerys|Sucker Punch||[still]
|-fail|p1a: Daenerys
|move|p2a: Yellow Hyper Balls|Calm Mind|p2a: Yellow Hyper Balls
|-boost|p2a: Yellow Hyper Balls|spa|1
|-boost|p2a: Yellow Hyper Balls|spd|1
|
|-weather|none
|-heal|p1a: Daenerys|38/100|[from] item: Leftovers
|upkeep
|turn|21
|
|t:|1760815860
|-end|p1a: Daenerys|fallen2|[silent]
|switch|p1a: Mr. Freeze|Kyurem, shiny|79/100
|-damage|p1a: Mr. Freeze|54/100|[from] Stealth Rock
|-ability|p1a: Mr. Freeze|Pressure
|move|p2a: Yellow Hyper Balls|Thunderclap||[still]
|-fail|p2a: Yellow Hyper Balls
|
|-heal|p1a: Mr. Freeze|60/100|[from] item: Leftovers
|upkeep
|turn|22
|
|t:|1760815864
|move|p1a: Mr. Freeze|Freeze-Dry|p2a: Yellow Hyper Balls
|-damage|p2a: Yellow Hyper Balls|15/100
|move|p2a: Yellow Hyper Balls|Dragon Pulse|p1a: Mr. Freeze
|-supereffective|p1a: Mr. Freeze
|-damage|p1a: Mr. Freeze|0 fnt
|faint|p1a: Mr. Freeze
|
|upkeep
|
|t:|1760815869
|switch|p1a: Chillionaire|Slowking-Galar, M, shiny|100/100
|turn|23
|
|t:|1760815873
|move|p2a: Yellow Hyper Balls|Thunderbolt|p1a: Chillionaire
|-damage|p1a: Chillionaire|42/100
|move|p1a: Chillionaire|Sludge Bomb|p2a: Yellow Hyper Balls
|-damage|p2a: Yellow Hyper Balls|0 fnt
|faint|p2a: Yellow Hyper Balls
|-end|p2a: Yellow Hyper Balls|Protosynthesis|[silent]
|
|upkeep
|inactive|Down$hift has 120 seconds left.
|
|t:|1760815889
|switch|p2a: My Station Rock|Cinderace, F|81/100
|turn|24
|
|t:|1760815893
|switch|p1a: Homelandor|Landorus-Therian, M, shiny|2/100 brn
|-damage|p1a: Homelandor|0 fnt|[from] Stealth Rock
|faint|p1a: Homelandor
|move|p2a: My Station Rock|Pyro Ball|p1: Homelandor|[notarget]
|-fail|p2a: My Station Rock
|
|upkeep
|
|t:|1760815894
|switch|p1a: Daenerys|Kingambit, F|38/100
|-damage|p1a: Daenerys|32/100|[from] Stealth Rock
|-activate|p1a: Daenerys|ability: Supreme Overlord
|-start|p1a: Daenerys|fallen4|[silent]
|turn|25
|
|t:|1760815899
|move|p1a: Daenerys|Sucker Punch|p2a: My Station Rock
|-damage|p2a: My Station Rock|10/100
|move|p2a: My Station Rock|Pyro Ball|p1a: Daenerys
|-supereffective|p1a: Daenerys
|-damage|p1a: Daenerys|0 fnt
|faint|p1a: Daenerys
|-end|p1a: Daenerys|fallen4|[silent]
|
|upkeep
|
|t:|1760815902
|switch|p1a: Chillionaire|Slowking-Galar, M, shiny|76/100
|turn|26
|
|t:|1760815905
|move|p2a: My Station Rock|Pyro Ball|p1a: Chillionaire
|-damage|p1a: Chillionaire|0 fnt
|faint|p1a: Chillionaire
|
|win|Down$hift
|raw|abravioustinkaton's rating: 1756 &rarr; <strong>1733</strong><br />(-23 for losing)
|raw|Down$hift's rating: 1699 &rarr; <strong>1722</strong><br />(+23 for winning)
|l|☆abravioustinkaton
|player|p1|
|l|☆Down$hift
|player|p2|
