|j|☆conkconkconkconk
|j|☆acon0001
|t:|1760724653
|gametype|singles
|player|p1|conkconkconkconk|cheren|1248
|player|p2|acon0001|pokemaniac|1300
|gen|9
|tier|[Gen 9] OU
|rated|
|rule|HP Percentage Mod: HP is shown in percentages
|rule|Endless Battle Clause: Forcing endless battles is banned
|rule|Species Clause: Limit one of each Pokémon
|rule|OHKO Clause: OHKO moves are banned
|rule|Evasion Items Clause: Evasion items are banned
|rule|Evasion Moves Clause: Evasion moves are banned
|rule|Evasion Abilities Clause: Evasion abilities are banned
|rule|Sleep Moves Clause: Sleep-inducing moves are banned
|clearpoke
|poke|p1|Zapdos|
|poke|p1|Darkrai|
|poke|p1|Great Tusk|
|poke|p1|Scizor, F|
|poke|p1|Slowking-Galar, M|
|poke|p1|Dragonite, M|
|poke|p2|Milotic, M|
|poke|p2|Gliscor, F|
|poke|p2|Sylveon, F|
|poke|p2|Dragapult, F|
|poke|p2|Great Tusk|
|poke|p2|Kingambit, F|
|teampreview
|inactive|Battle timer is ON: inactive players will automatically lose when time's up. (requested by acon0001)
|
|t:|1760724663
|teamsize|p1|6
|teamsize|p2|6
|start
|switch|p1a: Darkrai|Darkrai, shiny|100/100
|switch|p2a: Dragapult|Dragapult, F, shiny|100/100
|turn|1
|
|t:|1760724685
|switch|p2a: Sylveon|Sylveon, F, shiny|100/100
|move|p1a: Darkrai|Dark Pulse|p2a: Sylveon
|-resisted|p2a: Sylveon
|-damage|p2a: Sylveon|79/100
|
|-heal|p2a: Sylveon|85/100|[from] item: Leftovers
|upkeep
|turn|2
|
|t:|1760724692
|switch|p1a: Scizor|Scizor, F, shiny|100/100
|move|p2a: Sylveon|Hyper Voice|p1a: Scizor
|-resisted|p1a: Scizor
|-damage|p1a: Scizor|75/100
|
|-heal|p2a: Sylveon|91/100|[from] item: Leftovers
|upkeep
|turn|3
|
|t:|1760724701
|move|p2a: Sylveon|Protect|p2a: Sylveon
|-singleturn|p2a: Sylveon|Protect
|move|p1a: Scizor|Knock Off|p2a: Sylveon
|-activate|p2a: Sylveon|move: Protect
|
|-heal|p2a: Sylveon|97/100|[from] item: Leftovers
|upkeep
|turn|4
|
|t:|1760724708
|switch|p2a: Milotic|Milotic, M, shiny|100/100
|move|p1a: Scizor|Bullet Punch|p2a: Milotic
|-resisted|p2a: Milotic
|-damage|p2a: Milotic|88/100
|-damage|p1a: Scizor|59/100|[from] item: Rocky Helmet|[of] p2a: Milotic
|
|upkeep
|turn|5
|
|t:|1760724720
|switch|p1a: Zapdos|Zapdos|100/100
|move|p2a: Milotic|Scald|p1a: Zapdos
|-damage|p1a: Zapdos|74/100
|
|upkeep
|turn|6
|
|t:|1760724727
|switch|p2a: Gliscor|Gliscor, F, shiny|100/100
|move|p1a: Zapdos|Hurricane|p2a: Gliscor
|-damage|p2a: Gliscor|61/100
|
|-status|p2a: Gliscor|tox|[from] item: Toxic Orb
|upkeep
|turn|7
|
|t:|1760724734
|move|p1a: Zapdos|Hurricane|p2a: Gliscor
|-damage|p2a: Gliscor|23/100 tox
|move|p2a: Gliscor|Toxic|p1a: Zapdos
|-status|p1a: Zapdos|tox
|
|-damage|p1a: Zapdos|68/100 tox|[from] psn
|-heal|p2a: Gliscor|35/100 tox|[from] ability: Poison Heal
|upkeep
|turn|8
|
|t:|1760724742
|move|p2a: Gliscor|Protect|p2a: Gliscor
|-singleturn|p2a: Gliscor|Protect
|move|p1a: Zapdos|Hurricane|p2a: Gliscor
|-activate|p2a: Gliscor|move: Protect
|
|-damage|p1a: Zapdos|56/100 tox|[from] psn
|-heal|p2a: Gliscor|48/100 tox|[from] ability: Poison Heal
|upkeep
|turn|9
|
|t:|1760724750
|move|p1a: Zapdos|Roost|p1a: Zapdos
|-heal|p1a: Zapdos|100/100 tox
|-singleturn|p1a: Zapdos|move: Roost
|move|p2a: Gliscor|Knock Off|p1a: Zapdos
|-damage|p1a: Zapdos|84/100 tox
|-enditem|p1a: Zapdos|Heavy-Duty Boots|[from] move: Knock Off|[of] p2a: Gliscor
|
|-damage|p1a: Zapdos|66/100 tox|[from] psn
|-heal|p2a: Gliscor|60/100 tox|[from] ability: Poison Heal
|upkeep
|turn|10
|
|t:|1760724763
|move|p2a: Gliscor|Protect|p2a: Gliscor
|-singleturn|p2a: Gliscor|Protect
|move|p1a: Zapdos|U-turn|p2a: Gliscor
|-activate|p2a: Gliscor|move: Protect
|
|-damage|p1a: Zapdos|42/100 tox|[from] psn
|-heal|p2a: Gliscor|73/100 tox|[from] ability: Poison Heal
|upkeep
|turn|11
|
|t:|1760724770
|move|p1a: Zapdos|U-turn|p2a: Gliscor
|-resisted|p2a: Gliscor
|-damage|p2a: Gliscor|68/100 tox
|
|t:|1760724777
|switch|p1a: Darkrai|Darkrai, shiny|100/100|[from] U-turn
|move|p2a: Gliscor|Earthquake|p1a: Darkrai
|-damage|p1a: Darkrai|57/100
|
|-heal|p2a: Gliscor|80/100 tox|[from] ability: Poison Heal
|upkeep
|turn|12
|
|t:|1760724787
|move|p2a: Gliscor|Protect|p2a: Gliscor
|-singleturn|p2a: Gliscor|Protect
|move|p1a: Darkrai|Ice Beam|p2a: Gliscor
|-activate|p2a: Gliscor|move: Protect
|
|-heal|p2a: Gliscor|92/100 tox|[from] ability: Poison Heal
|upkeep
|turn|13
|
|t:|1760724796
|-terastallize|p2a: Gliscor|Water
|move|p1a: Darkrai|Ice Beam|p2a: Gliscor
|-resisted|p2a: Gliscor
|-damage|p2a: Gliscor|73/100 tox
|move|p2a: Gliscor|Earthquake|p1a: Darkrai
|-damage|p1a: Darkrai|14/100
|
|-heal|p2a: Gliscor|85/100 tox|[from] ability: Poison Heal
|upkeep
|turn|14
|
|t:|1760724805
|switch|p1a: Zapdos|Zapdos|42/100 tox
|move|p2a: Gliscor|Knock Off|p1a: Zapdos
|-damage|p1a: Zapdos|32/100 tox
|
|-damage|p1a: Zapdos|26/100 tox|[from] psn
|-heal|p2a: Gliscor|98/100 tox|[from] ability: Poison Heal
|upkeep
|turn|15
|
|t:|1760724815
|move|p1a: Zapdos|Thunderbolt|p2a: Gliscor
|-supereffective|p2a: Gliscor
|-damage|p2a: Gliscor|30/100 tox
|move|p2a: Gliscor|Earthquake|p1a: Zapdos
|-immune|p1a: Zapdos
|
|-damage|p1a: Zapdos|14/100 tox|[from] psn
|-heal|p2a: Gliscor|42/100 tox|[from] ability: Poison Heal
|upkeep
|turn|16
|
|t:|1760724824
|move|p2a: Gliscor|Protect|p2a: Gliscor
|-singleturn|p2a: Gliscor|Protect
|move|p1a: Zapdos|Roost|p1a: Zapdos
|-heal|p1a: Zapdos|64/100 tox
|-singleturn|p1a: Zapdos|move: Roost
|
|-damage|p1a: Zapdos|46/100 tox|[from] psn
|-heal|p2a: Gliscor|54/100 tox|[from] ability: Poison Heal
|upkeep
|turn|17
|
|t:|1760724835
|switch|p2a: Sylveon|Sylveon, F, shiny|97/100
|move|p1a: Zapdos|Hurricane|p2a: Sylveon
|-damage|p2a: Sylveon|63/100
|
|-heal|p2a: Sylveon|69/100|[from] item: Leftovers
|-damage|p1a: Zapdos|22/100 tox|[from] psn
|upkeep
|turn|18
|
|t:|1760724842
|move|p1a: Zapdos|U-turn|p2a: Sylveon
|-resisted|p2a: Sylveon
|-damage|p2a: Sylveon|64/100
|
|t:|1760724845
|switch|p1a: Slowking|Slowking-Galar, M|100/100|[from] U-turn
|move|p2a: Sylveon|Hyper Voice|p1a: Slowking
|-resisted|p1a: Slowking
|-damage|p1a: Slowking|90/100
|
|-heal|p2a: Sylveon|70/100|[from] item: Leftovers
|upkeep
|turn|19
|
|t:|1760724860
|move|p2a: Sylveon|Wish|p2a: Sylveon
|move|p1a: Slowking|Ice Beam|p2a: Sylveon
|-damage|p2a: Sylveon|54/100
|
|-heal|p2a: Sylveon|60/100|[from] item: Leftovers
|upkeep
|turn|20
|
|t:|1760724876
|switch|p2a: Gliscor|Gliscor, F, shiny, tera:Water|54/100 tox
|move|p1a: Slowking|Psyshock|p2a: Gliscor
|-damage|p2a: Gliscor|33/100 tox
|
|-heal|p2a: Gliscor|90/100 tox|[from] move: Wish|[wisher] Sylveon
|-heal|p2a: Gliscor|100/100 tox|[from] ability: Poison Heal
|upkeep
|turn|21
|
|t:|1760724884
|move|p2a: Gliscor|Knock Off|p1a: Slowking
|-supereffective|p1a: Slowking
|-damage|p1a: Slowking|61/100
|-enditem|p1a: Slowking|Assault Vest|[from] move: Knock Off|[of] p2a: Gliscor
|move|p1a: Slowking|Psyshock|p2a: Gliscor
|-damage|p2a: Gliscor|78/100 tox
|
|-heal|p2a: Gliscor|90/100 tox|[from] ability: Poison Heal
|upkeep
|turn|22
|
|t:|1760724895
|switch|p1a: Zapdos|Zapdos|22/100 tox
|move|p2a: Gliscor|Earthquake|p1a: Zapdos
|-immune|p1a: Zapdos
|
|-damage|p1a: Zapdos|16/100 tox|[from] psn
|-heal|p2a: Gliscor|100/100 tox|[from] ability: Poison Heal
|upkeep
|turn|23
|
|t:|1760724903
|move|p1a: Zapdos|Roost|p1a: Zapdos
|-heal|p1a: Zapdos|67/100 tox
|-singleturn|p1a: Zapdos|move: Roost
|move|p2a: Gliscor|Earthquake|p1a: Zapdos
|-supereffective|p1a: Zapdos
|-damage|p1a: Zapdos|23/100 tox
|
|-damage|p1a: Zapdos|11/100 tox|[from] psn
|upkeep
|turn|24
|
|t:|1760724911
|move|p1a: Zapdos|Thunderbolt|p2a: Gliscor
|-supereffective|p2a: Gliscor
|-crit|p2a: Gliscor
|-damage|p2a: Gliscor|7/100 tox
|move|p2a: Gliscor|Earthquake|p1a: Zapdos
|-immune|p1a: Zapdos
|
|-damage|p1a: Zapdos|0 fnt|[from] psn
|faint|p1a: Zapdos
|-heal|p2a: Gliscor|19/100 tox|[from] ability: Poison Heal
|upkeep
|
|t:|1760724916
|switch|p1a: Darkrai|Darkrai, shiny|14/100
|turn|25
|inactive|acon0001 has 120 seconds left.
|
|t:|1760724961
|move|p2a: Gliscor|Protect|p2a: Gliscor
|-singleturn|p2a: Gliscor|Protect
|move|p1a: Darkrai|Dark Pulse|p2a: Gliscor
|-activate|p2a: Gliscor|move: Protect
|
|-heal|p2a: Gliscor|31/100 tox|[from] ability: Poison Heal
|upkeep
|turn|26
|
|t:|1760724968
|switch|p2a: Sylveon|Sylveon, F, shiny|60/100
|move|p1a: Darkrai|Dark Pulse|p2a: Sylveon
|-resisted|p2a: Sylveon
|-damage|p2a: Sylveon|38/100
|
|-heal|p2a: Sylveon|44/100|[from] item: Leftovers
|upkeep
|turn|27
|inactive|acon0001 has 120 seconds left.
|
|t:|1760724978
|move|p1a: Darkrai|Dark Pulse|p2a: Sylveon
|-resisted|p2a: Sylveon
|-damage|p2a: Sylveon|22/100
|move|p2a: Sylveon|Wish|p2a: Sylveon
|
|-heal|p2a: Sylveon|28/100|[from] item: Leftovers
|upkeep
|turn|28
|
|t:|1760724985
|move|p1a: Darkrai|Dark Pulse|p2a: Sylveon
|-resisted|p2a: Sylveon
|-damage|p2a: Sylveon|6/100
|move|p2a: Sylveon|Calm Mind|p2a: Sylveon
|-boost|p2a: Sylveon|spa|1
|-boost|p2a: Sylveon|spd|1
|
|-heal|p2a: Sylveon|56/100|[from] move: Wish|[wisher] Sylveon
|-heal|p2a: Sylveon|62/100|[from] item: Leftovers
|upkeep
|turn|29
|
|t:|1760724997
|switch|p1a: Scizor|Scizor, F, shiny|59/100
|move|p2a: Sylveon|Hyper Voice|p1a: Scizor
|-resisted|p1a: Scizor
|-damage|p1a: Scizor|22/100
|
|-heal|p2a: Sylveon|68/100|[from] item: Leftovers
|upkeep
|turn|30
|
|t:|1760725005
|switch|p2a: Milotic|Milotic, M, shiny|88/100
|move|p1a: Scizor|Bullet Punch|p2a: Milotic
|-resisted|p2a: Milotic
|-damage|p2a: Milotic|75/100
|-damage|p1a: Scizor|5/100|[from] item: Rocky Helmet|[of] p2a: Milotic
|
|upkeep
|turn|31
|
|t:|1760725011
|move|p1a: Scizor|Bullet Punch|p2a: Milotic
|-resisted|p2a: Milotic
|-damage|p2a: Milotic|63/100
|-damage|p1a: Scizor|0 fnt|[from] item: Rocky Helmet|[of] p2a: Milotic
|faint|p1a: Scizor
|move|p2a: Milotic|Recover|p2a: Milotic
|-heal|p2a: Milotic|100/100
|
|upkeep
|
|t:|1760725023
|switch|p1a: Darkrai|Darkrai, shiny|14/100
|turn|32
|
|t:|1760725030
|move|p1a: Darkrai|Trick|p2a: Milotic
|-activate|p1a: Darkrai|move: Trick|[of] p2a: Milotic
|-item|p2a: Milotic|Choice Specs|[from] move: Trick
|-item|p1a: Darkrai|Rocky Helmet|[from] move: Trick
|move|p2a: Milotic|Scald|p1a: Darkrai
|-damage|p1a: Darkrai|0 fnt
|faint|p1a: Darkrai
|
|upkeep
|
|t:|1760725036
|switch|p1a: Dragonite|Dragonite, M|100/100
|turn|33
|
|t:|1760725040
|switch|p2a: Gliscor|Gliscor, F, shiny, tera:Water|31/100 tox
|move|p1a: Dragonite|Dragon Dance|p1a: Dragonite
|-boost|p1a: Dragonite|atk|1
|-boost|p1a: Dragonite|spe|1
|
|-heal|p2a: Gliscor|44/100 tox|[from] ability: Poison Heal
|upkeep
|turn|34
|
|t:|1760725058
|-terastallize|p1a: Dragonite|Normal
|move|p1a: Dragonite|Extreme Speed|p2a: Gliscor
|-damage|p2a: Gliscor|0 fnt
|faint|p2a: Gliscor
|
|upkeep
|
|t:|1760725065
|switch|p2a: Milotic|Milotic, M, shiny|100/100
|turn|35
|
|t:|1760725069
|move|p1a: Dragonite|Dragon Dance|p1a: Dragonite
|-boost|p1a: Dragonite|atk|1
|-boost|p1a: Dragonite|spe|1
|move|p2a: Milotic|Scald|p1a: Dragonite
|-damage|p1a: Dragonite|77/100
|
|upkeep
|turn|36
|
|t:|1760725082
|move|p1a: Dragonite|Extreme Speed|p2a: Milotic
|-damage|p2a: Milotic|35/100
|move|p2a: Milotic|Scald|p1a: Dragonite
|-damage|p1a: Dragonite|34/100
|
|upkeep
|turn|37
|
|t:|1760725089
|move|p1a: Dragonite|Extreme Speed|p2a: Milotic
|-damage|p2a: Milotic|0 fnt
|faint|p2a: Milotic
|
|upkeep
|
|t:|1760725093
|switch|p2a: Kingambit|Kingambit, F, shiny|100/100
|-activate|p2a: Kingambit|ability: Supreme Overlord
|-start|p2a: Kingambit|fallen2|[silent]
|-item|p2a: Kingambit|Air Balloon
|turn|38
|
|t:|1760725104
|move|p1a: Dragonite|Extreme Speed|p2a: Kingambit
|-resisted|p2a: Kingambit
|-damage|p2a: Kingambit|61/100
|-enditem|p2a: Kingambit|Air Balloon
|move|p2a: Kingambit|Low Kick|p1a: Dragonite
|-supereffective|p1a: Dragonite
|-damage|p1a: Dragonite|0 fnt
|faint|p1a: Dragonite
|
|upkeep
|
|t:|1760725110
|switch|p1a: Great Tusk|Great Tusk|100/100
|turn|39
|
|t:|1760725117
|-end|p2a: Kingambit|fallen2|[silent]
|switch|p2a: Great Tusk|Great Tusk|100/100
|move|p1a: Great Tusk|Rapid Spin|p2a: Great Tusk
|-damage|p2a: Great Tusk|90/100
|-boost|p1a: Great Tusk|spe|1
|
|upkeep
|turn|40
|
|t:|1760725123
|move|p1a: Great Tusk|Ice Spinner|p2a: Great Tusk
|-supereffective|p2a: Great Tusk
|-damage|p2a: Great Tusk|57/100
|move|p2a: Great Tusk|Ice Spinner|p1a: Great Tusk
|-supereffective|p1a: Great Tusk
|-damage|p1a: Great Tusk|66/100
|
|-heal|p1a: Great Tusk|73/100|[from] item: Leftovers
|upkeep
|turn|41
|
|t:|1760725130
|move|p1a: Great Tusk|Ice Spinner|p2a: Great Tusk
|-supereffective|p2a: Great Tusk
|-damage|p2a: Great Tusk|26/100
|move|p2a: Great Tusk|Ice Spinner|p1a: Great Tusk
|-supereffective|p1a: Great Tusk
|-damage|p1a: Great Tusk|38/100
|
|-heal|p1a: Great Tusk|44/100|[from] item: Leftovers
|upkeep
|turn|42
|
|t:|1760725138
|move|p1a: Great Tusk|Ice Spinner|p2a: Great Tusk
|-supereffective|p2a: Great Tusk
|-damage|p2a: Great Tusk|0 fnt
|faint|p2a: Great Tusk
|-end|p2a: Great Tusk|Protosynthesis|[silent]
|
|-heal|p1a: Great Tusk|50/100|[from] item: Leftovers
|upkeep
|
|t:|1760725144
|switch|p2a: Sylveon|Sylveon, F, shiny|68/100
|turn|43
|
|t:|1760725147
|move|p1a: Great Tusk|Headlong Rush|p2a: Sylveon
|-damage|p2a: Sylveon|24/100
|-unboost|p1a: Great Tusk|def|1
|-unboost|p1a: Great Tusk|spd|1
|move|p2a: Sylveon|Hyper Voice|p1a: Great Tusk
|-supereffective|p1a: Great Tusk
|-damage|p1a: Great Tusk|0 fnt
|faint|p1a: Great Tusk
|-end|p1a: Great Tusk|Protosynthesis|[silent]
|
|-heal|p2a: Sylveon|30/100|[from] item: Leftovers
|upkeep
|
|t:|1760725151
|switch|p1a: Slowking|Slowking-Galar, M|94/100
|turn|44
|
|t:|1760725159
|move|p2a: Sylveon|Wish|p2a: Sylveon
|move|p1a: Slowking|Psyshock|p2a: Sylveon
|-damage|p2a: Sylveon|4/100
|
|-heal|p2a: Sylveon|10/100|[from] item: Leftovers
|upkeep
|turn|45
|
|t:|1760725169
|switch|p2a: Dragapult|Dragapult, F, shiny|100/100
|move|p1a: Slowking|Psyshock|p2a: Dragapult
|-damage|p2a: Dragapult|62/100
|
|-heal|p2a: Dragapult|100/100|[from] move: Wish|[wisher] Sylveon
|upkeep
|turn|46
|
|t:|1760725177
|move|p2a: Dragapult|Shadow Ball|p1a: Slowking
|-supereffective|p1a: Slowking
|-damage|p1a: Slowking|8/100
|move|p1a: Slowking|Ice Beam|p2a: Dragapult
|-supereffective|p2a: Dragapult
|-damage|p2a: Dragapult|41/100
|
|upkeep
|turn|47
|-message|conkconkconkconk forfeited.
|
|win|acon0001
|raw|conkconkconkconk's rating: 1248 &rarr; <strong>1227</strong><br />(-21 for losing)
|raw|acon0001's rating: 1300 &rarr; <strong>1321</strong><br />(+21 for winning)
|l|☆conkconkconkconk
|player|p1|
|l|☆acon0001
|player|p2|
