|j|☆dracula drip
|j|☆michaelgoalise
|t:|1760760939
|gametype|singles
|player|p1|dracula drip|iris-gen5bw2|1551
|player|p2|michaelgoalise|2|1566
|gen|9
|tier|[Gen 9] OU
|rated|
|rule|HP Percentage Mod: HP is shown in percentages
|rule|Endless Battle Clause: Forcing endless battles is banned
|rule|Species Clause: Limit one of each Pokémon
|rule|OHKO Clause: OHKO moves are banned
|rule|Evasion Items Clause: Evasion items are banned
|rule|Evasion Moves Clause: Evasion moves are banned
|rule|Evasion Abilities Clause: Evasion abilities are banned
|rule|Sleep Moves Clause: Sleep-inducing moves are banned
|clearpoke
|poke|p1|Iron Crown|
|poke|p1|Primarina, F|
|poke|p1|Dragonite, F|
|poke|p1|Ting-Lu|
|poke|p1|Great Tusk|
|poke|p1|Raging Bolt|
|poke|p2|Tyranitar, F|
|poke|p2|Excadrill, M|
|poke|p2|Iron Valiant|
|poke|p2|Palossand, F|
|poke|p2|Corviknight, M|
|poke|p2|Ogerpon-Wellspring, F|
|teampreview
|inactive|Battle timer is ON: inactive players will automatically lose when time's up. (requested by michaelgoalise)
|inactive|dracula drip also wants the timer to be on.
|inactive|michaelgoalise has 120 seconds left.
|inactive|michaelgoalise has 90 seconds left.
|inactive|michaelgoalise has 60 seconds left.
|
|t:|1760761043
|teamsize|p1|6
|teamsize|p2|6
|start
|switch|p1a: PRIME MIKE TYSON|Dragonite, F|100/100
|switch|p2a: Ogerpon|Ogerpon-Wellspring, F|100/100
|turn|1
|
|t:|1760761050
|switch|p2a: Corviknight|Corviknight, M|100/100
|-ability|p2a: Corviknight|Pressure
|move|p1a: PRIME MIKE TYSON|Dragon Dance|p1a: PRIME MIKE TYSON
|-boost|p1a: PRIME MIKE TYSON|atk|1
|-boost|p1a: PRIME MIKE TYSON|spe|1
|
|upkeep
|turn|2
|inactive|michaelgoalise has 120 seconds left.
|
|t:|1760761066
|move|p1a: PRIME MIKE TYSON|Fire Punch|p2a: Corviknight
|-supereffective|p2a: Corviknight
|-damage|p2a: Corviknight|49/100
|-status|p2a: Corviknight|brn
|move|p2a: Corviknight|U-turn|p1a: PRIME MIKE TYSON
|-resisted|p1a: PRIME MIKE TYSON
|-damage|p1a: PRIME MIKE TYSON|99/100
|
|t:|1760761084
|switch|p2a: Iron Valiant|Iron Valiant|100/100|[from] U-turn
|-enditem|p2a: Iron Valiant|Booster Energy
|-activate|p2a: Iron Valiant|ability: Quark Drive|[fromitem]
|-start|p2a: Iron Valiant|quarkdrivespe
|
|upkeep
|turn|3
|inactive|michaelgoalise has 90 seconds left.
|
|t:|1760761115
|switch|p1a: ANITA MAX WYNN|Primarina, F|100/100
|move|p2a: Iron Valiant|Encore||[still]
|-fail|p2a: Iron Valiant
|
|upkeep
|turn|4
|
|t:|1760761126
|-end|p2a: Iron Valiant|Quark Drive|[silent]
|switch|p2a: Tyranitar|Tyranitar, F|100/100
|-weather|Sandstorm|[from] ability: Sand Stream|[of] p2a: Tyranitar
|move|p1a: ANITA MAX WYNN|Draining Kiss|p2a: Tyranitar
|-supereffective|p2a: Tyranitar
|-damage|p2a: Tyranitar|78/100
|
|-weather|Sandstorm|[upkeep]
|-damage|p1a: ANITA MAX WYNN|94/100|[from] Sandstorm
|-heal|p2a: Tyranitar|84/100|[from] item: Leftovers
|upkeep
|turn|5
|inactive|michaelgoalise has 90 seconds left.
|
|t:|1760761136
|switch|p1a: PAST TRUNKS|Great Tusk|100/100
|move|p2a: Tyranitar|Knock Off|p1a: PAST TRUNKS
|-resisted|p1a: PAST TRUNKS
|-damage|p1a: PAST TRUNKS|86/100
|-damage|p2a: Tyranitar|68/100|[from] item: Rocky Helmet|[of] p1a: PAST TRUNKS
|-enditem|p1a: PAST TRUNKS|Rocky Helmet|[from] move: Knock Off|[of] p2a: Tyranitar
|
|-weather|Sandstorm|[upkeep]
|-heal|p2a: Tyranitar|74/100|[from] item: Leftovers
|upkeep
|turn|6
|
|t:|1760761141
|switch|p2a: Palossand|Palossand, F|100/100
|move|p1a: PAST TRUNKS|Knock Off|p2a: Palossand
|-supereffective|p2a: Palossand
|-damage|p2a: Palossand|59/100
|-damage|p1a: PAST TRUNKS|70/100|[from] item: Rocky Helmet|[of] p2a: Palossand
|-enditem|p2a: Palossand|Rocky Helmet|[from] move: Knock Off|[of] p1a: PAST TRUNKS
|
|-weather|Sandstorm|[upkeep]
|upkeep
|turn|7
|inactive|michaelgoalise has 90 seconds left.
|
|t:|1760761157
|-end|p1a: PAST TRUNKS|Protosynthesis|[silent]
|switch|p1a: 4 PLATINUM ALBUMS|Iron Crown|100/100
|move|p2a: Palossand|Stealth Rock|p1a: 4 PLATINUM ALBUMS
|-sidestart|p1: dracula drip|move: Stealth Rock
|
|-weather|Sandstorm|[upkeep]
|upkeep
|turn|8
|inactive|michaelgoalise has 90 seconds left.
|
|t:|1760761181
|switch|p2a: Excadrill|Excadrill, M|100/100
|move|p1a: 4 PLATINUM ALBUMS|Tachyon Cutter|p2a: Excadrill
|-resisted|p2a: Excadrill
|-damage|p2a: Excadrill|73/100
|-resisted|p2a: Excadrill
|-damage|p2a: Excadrill|48/100
|-hitcount|p2a: Excadrill|2
|
|-weather|none
|upkeep
|turn|9
|inactive|michaelgoalise has 60 seconds left.
|
|t:|1760761240
|switch|p2a: Tyranitar|Tyranitar, F|74/100
|-weather|Sandstorm|[from] ability: Sand Stream|[of] p2a: Tyranitar
|move|p1a: 4 PLATINUM ALBUMS|Tachyon Cutter|p2a: Tyranitar
|-supereffective|p2a: Tyranitar
|-damage|p2a: Tyranitar|40/100
|-supereffective|p2a: Tyranitar
|-damage|p2a: Tyranitar|7/100
|-hitcount|p2a: Tyranitar|2
|
|-weather|Sandstorm|[upkeep]
|-heal|p2a: Tyranitar|13/100|[from] item: Leftovers
|upkeep
|turn|10
|
|t:|1760761244
|move|p1a: 4 PLATINUM ALBUMS|Tachyon Cutter|p2a: Tyranitar
|-supereffective|p2a: Tyranitar
|-damage|p2a: Tyranitar|0 fnt
|faint|p2a: Tyranitar
|-hitcount|p2: Tyranitar|1
|
|-weather|Sandstorm|[upkeep]
|upkeep
|inactive|michaelgoalise has 30 seconds left.
|
|t:|1760761267
|switch|p2a: Ogerpon|Ogerpon-Wellspring, F|100/100
|turn|11
|inactive|michaelgoalise has 30 seconds left.
|inactive|michaelgoalise has 20 seconds left.
|
|t:|1760761290
|move|p2a: Ogerpon|Ivy Cudgel|p1a: 4 PLATINUM ALBUMS|[anim] Ivy Cudgel Water
|-damage|p1a: 4 PLATINUM ALBUMS|38/100
|move|p1a: 4 PLATINUM ALBUMS|Tachyon Cutter|p2a: Ogerpon
|-resisted|p2a: Ogerpon
|-damage|p2a: Ogerpon|78/100
|-resisted|p2a: Ogerpon
|-damage|p2a: Ogerpon|56/100
|-hitcount|p2a: Ogerpon|2
|
|-weather|Sandstorm|[upkeep]
|-damage|p2a: Ogerpon|50/100|[from] Sandstorm
|upkeep
|turn|12
|inactive|michaelgoalise has 30 seconds left this turn.
|
|t:|1760761302
|move|p2a: Ogerpon|Ivy Cudgel|p1a: 4 PLATINUM ALBUMS|[anim] Ivy Cudgel Water
|-damage|p1a: 4 PLATINUM ALBUMS|0 fnt
|faint|p1a: 4 PLATINUM ALBUMS
|-end|p1a: 4 PLATINUM ALBUMS|Quark Drive|[silent]
|
|-weather|Sandstorm|[upkeep]
|-damage|p2a: Ogerpon|44/100|[from] Sandstorm
|upkeep
|
|t:|1760761306
|switch|p1a: HEAD IN THE CLOUDS|Raging Bolt|100/100
|-damage|p1a: HEAD IN THE CLOUDS|88/100|[from] Stealth Rock
|turn|13
|
|t:|1760761314
|switch|p2a: Corviknight|Corviknight, M|49/100 brn
|-ability|p2a: Corviknight|Pressure
|move|p1a: HEAD IN THE CLOUDS|Dragon Pulse|p2a: Corviknight
|-resisted|p2a: Corviknight
|-damage|p2a: Corviknight|27/100 brn
|
|-weather|none
|-heal|p1a: HEAD IN THE CLOUDS|94/100|[from] item: Leftovers
|-heal|p2a: Corviknight|33/100 brn|[from] item: Leftovers
|-damage|p2a: Corviknight|27/100 brn|[from] brn
|upkeep
|turn|14
|
|t:|1760761320
|move|p1a: HEAD IN THE CLOUDS|Dragon Pulse|p2a: Corviknight
|-resisted|p2a: Corviknight
|-damage|p2a: Corviknight|4/100 brn
|move|p2a: Corviknight|U-turn|p1a: HEAD IN THE CLOUDS
|-damage|p1a: HEAD IN THE CLOUDS|89/100
|
|t:|1760761323
|switch|p2a: Excadrill|Excadrill, M|48/100|[from] U-turn
|
|-heal|p1a: HEAD IN THE CLOUDS|95/100|[from] item: Leftovers
|upkeep
|turn|15
|
|t:|1760761343
|switch|p2a: Corviknight|Corviknight, M|4/100 brn
|-ability|p2a: Corviknight|Pressure
|-end|p1a: HEAD IN THE CLOUDS|Protosynthesis|[silent]
|switch|p1a: PAST TRUNKS|Great Tusk|70/100
|-damage|p1a: PAST TRUNKS|67/100|[from] Stealth Rock
|
|-heal|p2a: Corviknight|10/100 brn|[from] item: Leftovers
|-damage|p2a: Corviknight|4/100 brn|[from] brn
|upkeep
|turn|16
|
|t:|1760761354
|switch|p2a: Palossand|Palossand, F|59/100
|move|p1a: PAST TRUNKS|Knock Off|p2a: Palossand
|-supereffective|p2a: Palossand
|-damage|p2a: Palossand|30/100
|
|upkeep
|turn|17
|
|t:|1760761359
|move|p1a: PAST TRUNKS|Ice Spinner|p2a: Palossand
|-supereffective|p2a: Palossand
|-damage|p2a: Palossand|0 fnt
|faint|p2a: Palossand
|
|upkeep
|
|t:|1760761369
|switch|p2a: Iron Valiant|Iron Valiant|100/100
|turn|18
|
|t:|1760761378
|-end|p1a: PAST TRUNKS|Protosynthesis|[silent]
|switch|p1a: ANITA MAX WYNN|Primarina, F|94/100
|move|p2a: Iron Valiant|Moonblast|p1a: ANITA MAX WYNN
|-damage|p1a: ANITA MAX WYNN|54/100
|-unboost|p1a: ANITA MAX WYNN|spa|1
|
|upkeep
|turn|19
|inactive|michaelgoalise has 60 seconds left.
|
|t:|1760761399
|-end|p2a: Iron Valiant|Quark Drive|[silent]
|switch|p2a: Corviknight|Corviknight, M|4/100 brn
|-ability|p2a: Corviknight|Pressure
|move|p1a: ANITA MAX WYNN|Draining Kiss|p2a: Corviknight
|-resisted|p2a: Corviknight
|-damage|p2a: Corviknight|0 fnt
|-heal|p1a: ANITA MAX WYNN|57/100|[from] drain|[of] p2a: Corviknight
|faint|p2a: Corviknight
|
|upkeep
|
|t:|1760761406
|switch|p2a: Excadrill|Excadrill, M|48/100
|turn|20
|
|t:|1760761410
|move|p2a: Excadrill|Iron Head|p1a: ANITA MAX WYNN
|-damage|p1a: ANITA MAX WYNN|0 fnt
|faint|p1a: ANITA MAX WYNN
|
|upkeep
|
|t:|1760761412
|switch|p1a: PAST TRUNKS|Great Tusk|67/100
|-damage|p1a: PAST TRUNKS|64/100|[from] Stealth Rock
|turn|21
|
|t:|1760761420
|move|p2a: Excadrill|Iron Head|p1a: PAST TRUNKS
|-damage|p1a: PAST TRUNKS|19/100
|move|p1a: PAST TRUNKS|Rapid Spin|p2a: Excadrill
|-resisted|p2a: Excadrill
|-damage|p2a: Excadrill|35/100
|-boost|p1a: PAST TRUNKS|spe|1
|-sideend|p1: dracula drip|Stealth Rock|[from] move: Rapid Spin|[of] p1a: PAST TRUNKS
|
|upkeep
|turn|22
|
|t:|1760761425
|move|p1a: PAST TRUNKS|Headlong Rush|p2a: Excadrill
|-supereffective|p2a: Excadrill
|-damage|p2a: Excadrill|0 fnt
|-unboost|p1a: PAST TRUNKS|def|1
|-unboost|p1a: PAST TRUNKS|spd|1
|faint|p2a: Excadrill
|
|upkeep
|inactive|michaelgoalise has 60 seconds left.
|
|t:|1760761446
|switch|p2a: Ogerpon|Ogerpon-Wellspring, F|44/100
|turn|23
|
|t:|1760761450
|move|p1a: PAST TRUNKS|Headlong Rush|p2a: Ogerpon
|-resisted|p2a: Ogerpon
|-damage|p2a: Ogerpon|4/100
|-unboost|p1a: PAST TRUNKS|def|1
|-unboost|p1a: PAST TRUNKS|spd|1
|move|p2a: Ogerpon|Ivy Cudgel|p1a: PAST TRUNKS|[anim] Ivy Cudgel Water
|-supereffective|p1a: PAST TRUNKS
|-damage|p1a: PAST TRUNKS|0 fnt
|faint|p1a: PAST TRUNKS
|-end|p1a: PAST TRUNKS|Protosynthesis|[silent]
|
|upkeep
|
|t:|1760761456
|switch|p1a: PRIME MIKE TYSON|Dragonite, F|99/100
|turn|24
|
|t:|1760761470
|-terastallize|p2a: Ogerpon|Water
|detailschange|p2a: Ogerpon|Ogerpon-Wellspring-Tera, F, tera:Water
|-ability|p2a: Ogerpon|Embody Aspect (Wellspring)|boost
|-boost|p2a: Ogerpon|spd|1
|move|p1a: PRIME MIKE TYSON|Extreme Speed|p2a: Ogerpon
|-damage|p2a: Ogerpon|0 fnt
|faint|p2a: Ogerpon
|detailschange|p2: Ogerpon|Ogerpon-Wellspring, F|[silent]
|
|upkeep
|
|t:|1760761475
|switch|p2a: Iron Valiant|Iron Valiant|100/100
|turn|25
|
|t:|1760761485
|move|p1a: PRIME MIKE TYSON|Extreme Speed|p2a: Iron Valiant
|-damage|p2a: Iron Valiant|61/100
|move|p2a: Iron Valiant|Moonblast|p1a: PRIME MIKE TYSON
|-supereffective|p1a: PRIME MIKE TYSON
|-damage|p1a: PRIME MIKE TYSON|7/100
|-unboost|p1a: PRIME MIKE TYSON|spa|1
|
|upkeep
|turn|26
|
|t:|1760761493
|move|p1a: PRIME MIKE TYSON|Extreme Speed|p2a: Iron Valiant
|-damage|p2a: Iron Valiant|24/100
|move|p2a: Iron Valiant|Moonblast|p1a: PRIME MIKE TYSON
|-supereffective|p1a: PRIME MIKE TYSON
|-damage|p1a: PRIME MIKE TYSON|0 fnt
|faint|p1a: PRIME MIKE TYSON
|
|upkeep
|
|t:|1760761505
|switch|p1a: FinesseLuTymes|Ting-Lu|100/100
|-ability|p1a: FinesseLuTymes|Vessel of Ruin
|turn|27
|inactive|michaelgoalise has 90 seconds left.
|
|t:|1760761537
|move|p2a: Iron Valiant|Moonblast|p1a: FinesseLuTymes
|-supereffective|p1a: FinesseLuTymes
|-damage|p1a: FinesseLuTymes|64/100
|move|p1a: FinesseLuTymes|Earthquake|p2a: Iron Valiant
|-damage|p2a: Iron Valiant|0 fnt
|faint|p2a: Iron Valiant
|-end|p2a: Iron Valiant|Quark Drive|[silent]
|
|win|dracula drip
|raw|dracula drip's rating: 1551 &rarr; <strong>1572</strong><br />(+21 for winning)
|raw|michaelgoalise's rating: 1566 &rarr; <strong>1545</strong><br />(-21 for losing)
|l|☆dracula drip
|player|p1|
|l|☆michaelgoalise
|player|p2|
