|j|☆V4-l4ck1n
|j|‽Josinjaison
|t:|1760863362
|gametype|singles
|player|p1|V4-l4ck1n|266|1272
|player|p2|Josinjaison|emmet|1295
|gen|9
|tier|[Gen 9] OU
|rated|
|rule|HP Percentage Mod: HP is shown in percentages
|rule|Endless Battle Clause: Forcing endless battles is banned
|rule|Species Clause: Limit one of each Pokémon
|rule|OHKO Clause: OHKO moves are banned
|rule|Evasion Items Clause: Evasion items are banned
|rule|Evasion Moves Clause: Evasion moves are banned
|rule|Evasion Abilities Clause: Evasion abilities are banned
|rule|Sleep Moves Clause: Sleep-inducing moves are banned
|clearpoke
|poke|p1|Garchomp, F|
|poke|p1|Ribombee, F|
|poke|p1|Great Tusk|
|poke|p1|Heatran, M|
|poke|p1|Cacturne, F|
|poke|p1|Gengar, F|
|poke|p2|Enamorus, F|
|poke|p2|Ogerpon-Wellspring, F|
|poke|p2|Iron Crown|
|poke|p2|Iron Hands|
|poke|p2|Glimmora, M|
|poke|p2|Ursaluna, M|
|teampreview
|inactive|Battle timer is ON: inactive players will automatically lose when time's up. (requested by V4-l4ck1n)
|
|t:|1760863374
|teamsize|p1|6
|teamsize|p2|6
|start
|switch|p1a: Ribombee|Ribombee, F|100/100
|switch|p2a: Ogerpon|Ogerpon-Wellspring, F|100/100
|turn|1
|
|t:|1760863379
|move|p1a: Ribombee|Sticky Web|p2a: Ogerpon
|-sidestart|p2: Josinjaison|move: Sticky Web
|move|p2a: Ogerpon|U-turn|p1a: Ribombee
|-resisted|p1a: Ribombee
|-damage|p1a: Ribombee|73/100
|
|t:|1760863382
|switch|p2a: Glimmora|Glimmora, M, shiny|100/100|[from] U-turn
|-activate|p2a: Glimmora|move: Sticky Web
|-unboost|p2a: Glimmora|spe|1
|
|upkeep
|turn|2
|
|t:|1760863389
|switch|p1a: Heatran|Heatran, M|100/100
|move|p2a: Glimmora|Stealth Rock|p1a: Heatran
|-sidestart|p1: V4-l4ck1n|move: Stealth Rock
|
|upkeep
|turn|3
|
|t:|1760863396
|move|p1a: Heatran|Magma Storm|p2a: Glimmora|[miss]
|-miss|p1a: Heatran|p2a: Glimmora
|move|p2a: Glimmora|Earth Power|p1a: Heatran
|-supereffective|p1a: Heatran
|-damage|p1a: Heatran|37/100
|
|-heal|p1a: Heatran|44/100|[from] item: Leftovers
|upkeep
|turn|4
|
|t:|1760863403
|move|p1a: Heatran|Earth Power|p2a: Glimmora
|-supereffective|p2a: Glimmora
|-damage|p2a: Glimmora|12/100
|-enditem|p2a: Glimmora|Red Card|[of] p1a: Heatran
|drag|p1a: Garchomp|Garchomp, F|100/100
|-damage|p1a: Garchomp|94/100|[from] Stealth Rock
|move|p2a: Glimmora|Earth Power|p1a: Garchomp
|-damage|p1a: Garchomp|65/100
|
|upkeep
|turn|5
|
|t:|1760863417
|switch|p2a: Enamorus|Enamorus, F, shiny|100/100
|move|p1a: Garchomp|Earthquake|p2a: Enamorus
|-immune|p2a: Enamorus
|
|upkeep
|turn|6
|
|t:|1760863429
|-terastallize|p1a: Garchomp|Fire
|move|p2a: Enamorus|Moonblast|p1a: Garchomp
|-resisted|p1a: Garchomp
|-damage|p1a: Garchomp|37/100
|move|p1a: Garchomp|Fire Fang|p2a: Enamorus|[miss]
|-miss|p1a: Garchomp|p2a: Enamorus
|
|upkeep
|turn|7
|
|t:|1760863438
|switch|p2a: Glimmora|Glimmora, M, shiny|12/100
|-activate|p2a: Glimmora|move: Sticky Web
|-unboost|p2a: Glimmora|spe|1
|move|p1a: Garchomp|Fire Fang|p2a: Glimmora
|-resisted|p2a: Glimmora
|-damage|p2a: Glimmora|0 fnt
|-activate|p2a: Glimmora|ability: Toxic Debris
|-sidestart|p1: V4-l4ck1n|move: Toxic Spikes
|faint|p2a: Glimmora
|
|upkeep
|
|t:|1760863448
|switch|p2a: Enamorus|Enamorus, F, shiny|100/100
|turn|8
|
|t:|1760863454
|move|p2a: Enamorus|Earth Power|p1a: Garchomp
|-supereffective|p1a: Garchomp
|-damage|p1a: Garchomp|0 fnt
|faint|p1a: Garchomp
|
|upkeep
|
|t:|1760863456
|switch|p1a: Great Tusk|Great Tusk|100/100
|turn|9
|
|t:|1760863466
|switch|p2a: Ogerpon|Ogerpon-Wellspring, F|100/100
|-activate|p2a: Ogerpon|move: Sticky Web
|-unboost|p2a: Ogerpon|spe|1
|move|p1a: Great Tusk|Rapid Spin|p2a: Ogerpon
|-damage|p2a: Ogerpon|76/100
|-boost|p1a: Great Tusk|spe|1
|-sideend|p1: V4-l4ck1n|Toxic Spikes|[from] move: Rapid Spin|[of] p1a: Great Tusk
|-sideend|p1: V4-l4ck1n|Stealth Rock|[from] move: Rapid Spin|[of] p1a: Great Tusk
|
|upkeep
|turn|10
|
|t:|1760863480
|move|p1a: Great Tusk|Close Combat|p2a: Ogerpon
|-damage|p2a: Ogerpon|0 fnt
|-unboost|p1a: Great Tusk|def|1
|-unboost|p1a: Great Tusk|spd|1
|faint|p2a: Ogerpon
|
|upkeep
|
|t:|1760863484
|switch|p2a: Enamorus|Enamorus, F, shiny|100/100
|turn|11
|inactive|Josinjaison has 120 seconds left.
|c|☆V4-l4ck1n|Will use ice spinner
|
|t:|1760863538
|move|p2a: Enamorus|Moonblast|p1a: Great Tusk
|-supereffective|p1a: Great Tusk
|-damage|p1a: Great Tusk|0 fnt
|faint|p1a: Great Tusk
|-end|p1a: Great Tusk|Protosynthesis|[silent]
|
|upkeep
|
|t:|1760863543
|switch|p1a: Gengar|Gengar, F|100/100
|turn|12
|
|t:|1760863548
|switch|p2a: Ursaluna|Ursaluna, M, shiny|100/100
|-activate|p2a: Ursaluna|move: Sticky Web
|-unboost|p2a: Ursaluna|spe|1
|switch|p1a: Heatran|Heatran, M|44/100
|
|-heal|p1a: Heatran|50/100|[from] item: Leftovers
|upkeep
|turn|13
|inactive|Josinjaison has 120 seconds left.
|
|t:|1760863559
|move|p1a: Heatran|Magma Storm|p2a: Ursaluna|[miss]
|-miss|p1a: Heatran|p2a: Ursaluna
|move|p2a: Ursaluna|Headlong Rush|p1a: Heatran
|-supereffective|p1a: Heatran
|-damage|p1a: Heatran|0 fnt
|-unboost|p2a: Ursaluna|def|1
|-unboost|p2a: Ursaluna|spd|1
|faint|p1a: Heatran
|
|upkeep
|
|t:|1760863565
|switch|p1a: Cacturne|Cacturne, F, shiny|100/100
|turn|14
|inactive|Josinjaison has 120 seconds left.
|l|☆V4-l4ck1n
|inactive|V4-l4ck1n disconnected and has a minute to reconnect!
|player|p1|
|j|☆V4-l4ck1n
|inactive|V4-l4ck1n reconnected.
|player|p1|V4-l4ck1n|266|
|inactive|Josinjaison has 90 seconds left.
|inactive|Josinjaison has 60 seconds left.
|
|t:|1760863637
|switch|p2a: Enamorus|Enamorus, F, shiny|100/100
|move|p1a: Cacturne|Knock Off|p2a: Enamorus
|-resisted|p2a: Enamorus
|-damage|p2a: Enamorus|56/100
|-enditem|p2a: Enamorus|Choice Scarf|[from] move: Knock Off|[of] p1a: Cacturne
|
|upkeep
|turn|15
|inactive|Josinjaison has 60 seconds left.
|
|t:|1760863652
|move|p1a: Cacturne|Sucker Punch|p2a: Enamorus
|-resisted|p2a: Enamorus
|-crit|p2a: Enamorus
|-damage|p2a: Enamorus|4/100
|move|p2a: Enamorus|Earth Power|p1a: Cacturne
|-resisted|p1a: Cacturne
|-damage|p1a: Cacturne|77/100
|
|upkeep
|turn|16
|
|t:|1760863661
|switch|p2a: Iron Hands|Iron Hands, shiny|100/100
|-activate|p2a: Iron Hands|move: Sticky Web
|-unboost|p2a: Iron Hands|spe|1
|-enditem|p2a: Iron Hands|Booster Energy
|-activate|p2a: Iron Hands|ability: Quark Drive|[fromitem]
|-start|p2a: Iron Hands|quarkdriveatk
|move|p1a: Cacturne|Knock Off|p2a: Iron Hands
|-resisted|p2a: Iron Hands
|-damage|p2a: Iron Hands|89/100
|
|upkeep
|turn|17
|
|t:|1760863677
|switch|p1a: Ribombee|Ribombee, F|73/100
|move|p2a: Iron Hands|Swords Dance|p2a: Iron Hands
|-boost|p2a: Iron Hands|atk|2
|
|upkeep
|turn|18
|
|t:|1760863687
|move|p1a: Ribombee|Moonblast|p2a: Iron Hands
|-supereffective|p2a: Iron Hands
|-damage|p2a: Iron Hands|9/100
|move|p2a: Iron Hands|Ice Punch|p1a: Ribombee
|-damage|p1a: Ribombee|0 fnt
|faint|p1a: Ribombee
|
|upkeep
|
|t:|1760863692
|switch|p1a: Cacturne|Cacturne, F, shiny|77/100
|turn|19
|
|t:|1760863696
|move|p1a: Cacturne|Drain Punch|p2a: Iron Hands
|-damage|p2a: Iron Hands|0 fnt
|-heal|p1a: Cacturne|83/100|[from] drain|[of] p2a: Iron Hands
|faint|p2a: Iron Hands
|-end|p2a: Iron Hands|Quark Drive|[silent]
|
|upkeep
|
|t:|1760863699
|switch|p2a: Enamorus|Enamorus, F, shiny|4/100
|turn|20
|inactive|Josinjaison has 90 seconds left.
|
|t:|1760863721
|move|p1a: Cacturne|Sucker Punch|p2a: Enamorus
|-resisted|p2a: Enamorus
|-damage|p2a: Enamorus|0 fnt
|faint|p2a: Enamorus
|
|upkeep
|
|t:|1760863725
|switch|p2a: Ursaluna|Ursaluna, M, shiny|100/100
|-activate|p2a: Ursaluna|move: Sticky Web
|-unboost|p2a: Ursaluna|spe|1
|turn|21
|inactive|Josinjaison has 90 seconds left.
|
|t:|1760863735
|-terastallize|p2a: Ursaluna|Fairy
|move|p1a: Cacturne|Knock Off|p2a: Ursaluna
|-resisted|p2a: Ursaluna
|-damage|p2a: Ursaluna|78/100
|-enditem|p2a: Ursaluna|Leftovers|[from] move: Knock Off|[of] p1a: Cacturne
|move|p2a: Ursaluna|Bulk Up|p2a: Ursaluna
|-boost|p2a: Ursaluna|atk|1
|-boost|p2a: Ursaluna|def|1
|
|upkeep
|turn|22
|
|t:|1760863746
|move|p1a: Cacturne|Spikes|p2a: Ursaluna
|-sidestart|p2: Josinjaison|Spikes
|move|p2a: Ursaluna|Bulk Up|p2a: Ursaluna
|-boost|p2a: Ursaluna|atk|1
|-boost|p2a: Ursaluna|def|1
|
|upkeep
|turn|23
|
|t:|1760863756
|move|p1a: Cacturne|Drain Punch|p2a: Ursaluna
|-resisted|p2a: Ursaluna
|-crit|p2a: Ursaluna
|-damage|p2a: Ursaluna|65/100
|-heal|p1a: Cacturne|92/100|[from] drain|[of] p2a: Ursaluna
|move|p2a: Ursaluna|Body Slam|p1a: Cacturne
|-damage|p1a: Cacturne|0 fnt
|faint|p1a: Cacturne
|
|upkeep
|
|t:|1760863771
|switch|p1a: Gengar|Gengar, F|100/100
|turn|24
|
|t:|1760863776
|move|p1a: Gengar|Shadow Ball|p2a: Ursaluna
|-crit|p2a: Ursaluna
|-damage|p2a: Ursaluna|12/100
|-damage|p1a: Gengar|91/100|[from] item: Life Orb
|move|p2a: Ursaluna|Headlong Rush|p1a: Gengar
|-supereffective|p1a: Gengar
|-damage|p1a: Gengar|0 fnt
|-unboost|p2a: Ursaluna|def|1
|-unboost|p2a: Ursaluna|spd|1
|faint|p1a: Gengar
|
|win|Josinjaison
|raw|V4-l4ck1n's rating: 1295 &rarr; <strong>1270</strong><br />(-25 for losing)
|raw|Josinjaison's rating: 1295 &rarr; <strong>1320</strong><br />(+25 for winning)
|l|☆V4-l4ck1n
|player|p1|
|l|‽Josinjaison
|player|p2|
