|j|☆55 tacos
|j|☆berryjuicejoy
|t:|1760850149
|gametype|singles
|player|p1|55 tacos|red|1223
|player|p2|berryjuicejoy|karen-gen2|1185
|gen|9
|tier|[Gen 9] OU
|rated|
|rule|HP Percentage Mod: HP is shown in percentages
|rule|Endless Battle Clause: Forcing endless battles is banned
|rule|Species Clause: Limit one of each Pokémon
|rule|OHKO Clause: OHKO moves are banned
|rule|Evasion Items Clause: Evasion items are banned
|rule|Evasion Moves Clause: Evasion moves are banned
|rule|Evasion Abilities Clause: Evasion abilities are banned
|rule|Sleep Moves Clause: Sleep-inducing moves are banned
|clearpoke
|poke|p1|Cinderace, M|
|poke|p1|Zapdos|
|poke|p1|Gholdengo|
|poke|p1|Weezing-Galar, F|
|poke|p1|Glimmora, M|
|poke|p1|Landorus-Therian, M|
|poke|p2|Darkrai|
|poke|p2|Pawmot, F|
|poke|p2|Zapdos|
|poke|p2|Hatterene, F|
|poke|p2|Dragapult, M|
|poke|p2|Corviknight, F|
|teampreview
|inactive|Battle timer is ON: inactive players will automatically lose when time's up. (requested by 55 tacos)
|inactive|berryjuicejoy has 120 seconds left.
|
|t:|1760850197
|teamsize|p1|6
|teamsize|p2|6
|start
|switch|p1a: Gholdengo|Gholdengo, shiny|100/100
|switch|p2a: Hatterene|Hatterene, F|100/100
|turn|1
|
|t:|1760850212
|switch|p2a: Zapdos|Zapdos|100/100
|move|p1a: Gholdengo|Trick|p2a: Zapdos
|-activate|p1a: Gholdengo|move: Trick|[of] p2a: Zapdos
|-item|p2a: Zapdos|Choice Scarf|[from] move: Trick
|-item|p1a: Gholdengo|Heavy-Duty Boots|[from] move: Trick
|
|upkeep
|turn|2
|
|t:|1760850228
|switch|p2a: Dragapult|Dragapult, M|100/100
|switch|p1a: Glimmora|Glimmora, M, shiny|100/100
|-item|p1a: Glimmora|Air Balloon
|
|upkeep
|turn|3
|
|t:|1760850241
|move|p2a: Dragapult|Thunder Wave|p1a: Glimmora
|-status|p1a: Glimmora|par
|cant|p1a: Glimmora|par
|
|upkeep
|turn|4
|
|t:|1760850260
|move|p2a: Dragapult|Shadow Ball|p1a: Glimmora
|-damage|p1a: Glimmora|31/100 par
|-unboost|p1a: Glimmora|spd|1
|-enditem|p1a: Glimmora|Air Balloon
|-damage|p2a: Dragapult|91/100|[from] item: Life Orb
|move|p1a: Glimmora|Power Gem|p2a: Dragapult
|-damage|p2a: Dragapult|34/100
|
|upkeep
|turn|5
|
|t:|1760850275
|move|p2a: Dragapult|Shadow Ball|p1a: Glimmora
|-damage|p1a: Glimmora|0 fnt
|faint|p1a: Glimmora
|-damage|p2a: Dragapult|24/100|[from] item: Life Orb
|
|upkeep
|
|t:|1760850291
|switch|p1a: Weezing|Weezing-Galar, F, shiny|100/100
|-ability|p1a: Weezing|Neutralizing Gas
|turn|6
|inactive|berryjuicejoy has 120 seconds left.
|
|t:|1760850322
|move|p2a: Dragapult|Thunder Wave|p1a: Weezing
|-status|p1a: Weezing|par
|move|p1a: Weezing|Gunk Shot|p2a: Dragapult
|-resisted|p2a: Dragapult
|-damage|p2a: Dragapult|0 fnt
|faint|p2a: Dragapult
|
|upkeep
|inactive|berryjuicejoy has 120 seconds left.
|
|t:|1760850331
|switch|p2a: Hatterene|Hatterene, F|100/100
|turn|7
|
|t:|1760850336
|-end|p1a: Weezing|ability: Neutralizing Gas
|switch|p1a: Gholdengo|Gholdengo, shiny|100/100
|move|p2a: Hatterene|Psychic|p1a: Gholdengo
|-resisted|p1a: Gholdengo
|-damage|p1a: Gholdengo|77/100
|
|upkeep
|turn|8
|
|t:|1760850348
|-terastallize|p2a: Hatterene|Fire
|move|p1a: Gholdengo|Shadow Ball|p2a: Hatterene
|-damage|p2a: Hatterene|78/100
|move|p2a: Hatterene|Mystical Fire|p1a: Gholdengo
|-supereffective|p1a: Gholdengo
|-damage|p1a: Gholdengo|0 fnt
|faint|p1a: Gholdengo
|
|upkeep
|
|t:|1760850366
|switch|p1a: Cinderace|Cinderace, M, shiny|100/100
|turn|9
|inactive|berryjuicejoy has 120 seconds left.
|
|t:|1760850407
|move|p1a: Cinderace|High Jump Kick|p2a: Hatterene
|-start|p1a: Cinderace|typechange|Fighting|[from] ability: Libero
|-damage|p2a: Hatterene|8/100
|move|p2a: Hatterene|Nuzzle|p1a: Cinderace
|-damage|p1a: Cinderace|94/100
|-status|p1a: Cinderace|par
|
|upkeep
|turn|10
|
|t:|1760850419
|move|p1a: Cinderace|U-turn|p2a: Hatterene
|-resisted|p2a: Hatterene
|-damage|p2a: Hatterene|0 fnt
|faint|p2a: Hatterene
|inactive|55 tacos has 120 seconds left.
|
|t:|1760850429
|switch|p1a: Weezing|Weezing-Galar, F, shiny|100/100 par|[from] U-turn
|-ability|p1a: Weezing|Neutralizing Gas
|
|upkeep
|inactive|berryjuicejoy has 120 seconds left.
|inactive|berryjuicejoy has 90 seconds left.
|
|t:|1760850464
|switch|p2a: Pawmot|Pawmot, F|100/100
|turn|11
|
|t:|1760850475
|move|p2a: Pawmot|Revival Blessing|p2a: Pawmot
|
|t:|1760850486
|-heal|p2: Hatterene|50/100|[from] move: Revival Blessing
|move|p1a: Weezing|Play Rough|p2a: Pawmot|[miss]
|-miss|p1a: Weezing|p2a: Pawmot
|
|upkeep
|turn|12
|l|☆55 tacos
|inactive|55 tacos disconnected and has a minute to reconnect!
|player|p1|
|inactive|55 tacos has 30 seconds to reconnect!
|inactive|55 tacos has 20 seconds to reconnect!
|inactive|55 tacos has 15 seconds to reconnect!
|inactive|55 tacos has 10 seconds to reconnect!
|inactive|55 tacos has 5 seconds to reconnect!
|-message|55 tacos lost due to inactivity.
|
|win|berryjuicejoy
|raw|55 tacos's rating: 1223 &rarr; <strong>1195</strong><br />(-28 for losing)
|raw|berryjuicejoy's rating: 1185 &rarr; <strong>1213</strong><br />(+28 for winning)
|l|☆berryjuicejoy
|player|p2|
