|j|☆healboy009
|j|☆leosyspu
|t:|1760781705
|gametype|singles
|player|p1|healboy009|backpacker|1356
|player|p2|leosyspu|cynthia|1420
|gen|9
|tier|[Gen 9] OU
|rated|
|rule|HP Percentage Mod: HP is shown in percentages
|rule|Endless Battle Clause: Forcing endless battles is banned
|rule|Species Clause: Limit one of each Pokémon
|rule|OHKO Clause: OHKO moves are banned
|rule|Evasion Items Clause: Evasion items are banned
|rule|Evasion Moves Clause: Evasion moves are banned
|rule|Evasion Abilities Clause: Evasion abilities are banned
|rule|Sleep Moves Clause: Sleep-inducing moves are banned
|clearpoke
|poke|p1|Skeledirge, M|
|poke|p1|Ogerpon-Wellspring, F|
|poke|p1|Dragapult, F|
|poke|p1|Weezing-Galar, F|
|poke|p1|Ting-Lu|
|poke|p1|Corviknight, M|
|poke|p2|Gardevoir, F|
|poke|p2|Cinderace, F|
|poke|p2|Conkeldurr, F|
|poke|p2|Empoleon, F|
|poke|p2|Arcanine-Hisui, M|
|poke|p2|Dusclops, M|
|teampreview
|inactive|Battle timer is ON: inactive players will automatically lose when time's up. (requested by leosyspu)
|
|t:|1760781729
|teamsize|p1|6
|teamsize|p2|6
|start
|switch|p1a: Ogerpon|Ogerpon-Wellspring, F|100/100
|switch|p2a: Cinderace|Cinderace, F|100/100
|turn|1
|
|t:|1760781739
|move|p2a: Cinderace|U-turn|p1a: Ogerpon
|-start|p2a: Cinderace|typechange|Bug|[from] ability: Libero
|-supereffective|p1a: Ogerpon
|-damage|p1a: Ogerpon|28/100
|
|t:|1760781747
|switch|p2a: 老婆|Gardevoir, F|100/100|[from] U-turn
|-ability|p2a: 老婆|Water Absorb|Trace|[from] ability: Trace|[of] p1a: Ogerpon
|move|p1a: Ogerpon|Spikes|p2a: 老婆
|-sidestart|p2: leosyspu|Spikes
|
|upkeep
|turn|2
|
|t:|1760781760
|move|p2a: 老婆|Moonblast|p1a: Ogerpon
|-damage|p1a: Ogerpon|0 fnt
|faint|p1a: Ogerpon
|
|upkeep
|
|t:|1760781767
|switch|p1a: Skeledirge|Skeledirge, M|100/100
|turn|3
|
|t:|1760781791
|switch|p2a: Conkeldurr|Conkeldurr, F|100/100
|-damage|p2a: Conkeldurr|88/100|[from] Spikes
|move|p1a: Skeledirge|Earth Power|p2a: Conkeldurr
|-damage|p2a: Conkeldurr|61/100
|
|-status|p2a: Conkeldurr|brn|[from] item: Flame Orb
|upkeep
|turn|4
|
|t:|1760781801
|switch|p1a: Weezing|Weezing-Galar, F|100/100
|-ability|p1a: Weezing|Neutralizing Gas
|move|p2a: Conkeldurr|Knock Off|p1a: Weezing
|-resisted|p1a: Weezing
|-damage|p1a: Weezing|93/100
|-enditem|p1a: Weezing|Heavy-Duty Boots|[from] move: Knock Off|[of] p2a: Conkeldurr
|
|-damage|p2a: Conkeldurr|55/100 brn|[from] brn
|upkeep
|turn|5
|
|t:|1760781812
|switch|p2a: Cinderace|Cinderace, F|100/100
|move|p1a: Weezing|Sludge Bomb|p2a: Cinderace
|-damage|p2a: Cinderace|61/100
|-status|p2a: Cinderace|psn
|
|-damage|p2a: Cinderace|48/100 psn|[from] psn
|upkeep
|turn|6
|
|t:|1760781821
|move|p2a: Cinderace|Court Change|p2a: Cinderace
|-swapsideconditions
|-activate|p2a: Cinderace|move: Court Change
|move|p1a: Weezing|Sludge Bomb|p2a: Cinderace
|-damage|p2a: Cinderace|7/100 psn
|
|-damage|p2a: Cinderace|0 fnt|[from] psn
|faint|p2a: Cinderace
|upkeep
|
|t:|1760781829
|switch|p2a: Empoleon|Empoleon, F|100/100
|turn|7
|
|t:|1760781838
|-end|p1a: Weezing|ability: Neutralizing Gas
|switch|p1a: Corviknight|Corviknight, M|100/100
|-ability|p1a: Corviknight|Pressure
|move|p2a: Empoleon|Stealth Rock|p1a: Corviknight
|-sidestart|p1: healboy009|move: Stealth Rock
|
|upkeep
|turn|8
|
|t:|1760781846
|move|p1a: Corviknight|Iron Defense|p1a: Corviknight
|-boost|p1a: Corviknight|def|2
|move|p2a: Empoleon|Roar|p1a: Corviknight
|drag|p1a: Dragapult|Dragapult, F|100/100
|-damage|p1a: Dragapult|88/100|[from] Spikes
|-damage|p1a: Dragapult|76/100|[from] Stealth Rock
|
|upkeep
|turn|9
|
|t:|1760781855
|move|p1a: Dragapult|Shadow Ball|p2a: Empoleon
|-damage|p2a: Empoleon|58/100
|move|p2a: Empoleon|Roar|p1a: Dragapult
|drag|p1a: Skeledirge|Skeledirge, M|100/100
|
|upkeep
|turn|10
|
|t:|1760781867
|move|p1a: Skeledirge|Earth Power|p2a: Empoleon
|-supereffective|p2a: Empoleon
|-damage|p2a: Empoleon|24/100
|move|p2a: Empoleon|Roar|p1a: Skeledirge
|drag|p1a: Corviknight|Corviknight, M|100/100
|-damage|p1a: Corviknight|88/100|[from] Stealth Rock
|-ability|p1a: Corviknight|Pressure
|
|upkeep
|turn|11
|
|t:|1760781876
|move|p1a: Corviknight|Body Press|p2a: Empoleon
|-supereffective|p2a: Empoleon
|-damage|p2a: Empoleon|0 fnt
|-damage|p1a: Corviknight|71/100|[from] item: Rocky Helmet|[of] p2a: Empoleon
|faint|p2a: Empoleon
|
|upkeep
|
|t:|1760781887
|switch|p2a: Conkeldurr|Conkeldurr, F|55/100 brn
|turn|12
|
|t:|1760781898
|switch|p2a: 老婆|Gardevoir, F|100/100
|-ability|p2a: 老婆|Pressure|Trace|[from] ability: Trace|[of] p1a: Corviknight
|-ability|p2a: 老婆|Pressure
|move|p1a: Corviknight|Brave Bird|p2a: 老婆
|-damage|p2a: 老婆|39/100
|-damage|p1a: Corviknight|57/100|[from] Recoil
|
|upkeep
|turn|13
|inactive|leosyspu has 120 seconds left.
|
|t:|1760781931
|switch|p2a: 消音器|Dusclops, M|100/100
|-item|p1a: Corviknight|Rocky Helmet|[from] ability: Frisk|[of] p2a: 消音器
|move|p1a: Corviknight|Roost|p1a: Corviknight
|-heal|p1a: Corviknight|100/100
|-singleturn|p1a: Corviknight|move: Roost
|
|upkeep
|turn|14
|
|t:|1760781940
|switch|p1a: Skeledirge|Skeledirge, M|100/100
|move|p2a: 消音器|Will-O-Wisp|p1a: Skeledirge
|-immune|p1a: Skeledirge
|
|upkeep
|turn|15
|
|t:|1760781948
|switch|p2a: Arcanine|Arcanine-Hisui, M|100/100
|move|p1a: Skeledirge|Earth Power|p2a: Arcanine
|-supereffective|p2a: Arcanine
|-damage|p2a: Arcanine|0 fnt
|faint|p2a: Arcanine
|
|upkeep
|
|t:|1760781956
|switch|p2a: 消音器|Dusclops, M|100/100
|-item|p1a: Skeledirge|Heavy-Duty Boots|[from] ability: Frisk|[of] p2a: 消音器
|turn|16
|
|t:|1760781961
|move|p1a: Skeledirge|Torch Song|p2a: 消音器
|-damage|p2a: 消音器|84/100
|-boost|p1a: Skeledirge|spa|1
|move|p2a: 消音器|Curse|p1a: Skeledirge
|-start|p1a: Skeledirge|Curse|[of] p2a: 消音器
|-damage|p2a: 消音器|34/100
|
|-damage|p1a: Skeledirge|76/100|[from] Curse
|upkeep
|turn|17
|
|t:|1760781971
|move|p1a: Skeledirge|Torch Song|p2a: 消音器
|-damage|p2a: 消音器|11/100
|-boost|p1a: Skeledirge|spa|1
|move|p2a: 消音器|Pain Split|p1a: Skeledirge
|-sethp|p1a: Skeledirge|42/100|[from] move: Pain Split|[silent]
|-sethp|p2a: 消音器|60/100|[from] move: Pain Split
|
|-damage|p1a: Skeledirge|17/100|[from] Curse
|upkeep
|turn|18
|
|t:|1760781982
|move|p1a: Skeledirge|Slack Off|p1a: Skeledirge
|-heal|p1a: Skeledirge|67/100
|move|p2a: 消音器|Night Shade|p1a: Skeledirge
|-damage|p1a: Skeledirge|43/100
|
|-damage|p1a: Skeledirge|18/100|[from] Curse
|upkeep
|turn|19
|
|t:|1760781992
|move|p1a: Skeledirge|Torch Song|p2a: 消音器
|-damage|p2a: 消音器|30/100
|-boost|p1a: Skeledirge|spa|1
|move|p2a: 消音器|Night Shade|p1a: Skeledirge
|-damage|p1a: Skeledirge|0 fnt
|faint|p1a: Skeledirge
|
|upkeep
|
|t:|1760781997
|switch|p1a: Dragapult|Dragapult, F|76/100
|-damage|p1a: Dragapult|64/100|[from] Spikes
|-damage|p1a: Dragapult|51/100|[from] Stealth Rock
|turn|20
|
|t:|1760782020
|-terastallize|p2a: 消音器|Fairy
|move|p1a: Dragapult|Shadow Ball|p2a: 消音器
|-damage|p2a: 消音器|3/100
|move|p2a: 消音器|Pain Split|p1a: Dragapult
|-sethp|p1a: Dragapult|27/100|[from] move: Pain Split|[silent]
|-sethp|p2a: 消音器|30/100|[from] move: Pain Split
|
|upkeep
|turn|21
|
|t:|1760782029
|-terastallize|p1a: Dragapult|Ghost
|move|p1a: Dragapult|Shadow Ball|p2a: 消音器
|-damage|p2a: 消音器|0 fnt
|faint|p2a: 消音器
|
|upkeep
|
|t:|1760782037
|switch|p2a: 老婆|Gardevoir, F|39/100
|-ability|p2a: 老婆|Clear Body|Trace|[from] ability: Trace|[of] p1a: Dragapult
|turn|22
|
|t:|1760782042
|move|p1a: Dragapult|Shadow Ball|p2a: 老婆
|-supereffective|p2a: 老婆
|-damage|p2a: 老婆|0 fnt
|faint|p2a: 老婆
|
|upkeep
|-message|leosyspu forfeited.
|
|win|healboy009
|raw|healboy009's rating: 1356 &rarr; <strong>1380</strong><br />(+24 for winning)
|raw|leosyspu's rating: 1420 &rarr; <strong>1396</strong><br />(-24 for losing)
|l|☆leosyspu
|player|p2|
|l|☆healboy009
|player|p1|
