|j|☆kuraiyagare
|j|☆xiaoshenyoukaigual
|t:|1760883918
|gametype|singles
|player|p1|kuraiyagare|mars|1308
|player|p2|xiaoshenyoukaigual|hilbert|1342
|gen|9
|tier|[Gen 9] OU
|rated|
|rule|HP Percentage Mod: HP is shown in percentages
|rule|Endless Battle Clause: Forcing endless battles is banned
|rule|Species Clause: Limit one of each Pokémon
|rule|OHKO Clause: OHKO moves are banned
|rule|Evasion Items Clause: Evasion items are banned
|rule|Evasion Moves Clause: Evasion moves are banned
|rule|Evasion Abilities Clause: Evasion abilities are banned
|rule|Sleep Moves Clause: Sleep-inducing moves are banned
|clearpoke
|poke|p1|Bastiodon, F|
|poke|p1|Gardevoir, F|
|poke|p1|Talonflame, M|
|poke|p1|Lokix, M|
|poke|p1|Drifblim, F|
|poke|p1|Serperior, F|
|poke|p2|Garganacl, M|
|poke|p2|Clodsire, F|
|poke|p2|Corviknight, F|
|poke|p2|Alomomola, F|
|poke|p2|Ogerpon-Wellspring, F|
|poke|p2|Skeledirge, M|
|teampreview
|inactive|Battle timer is ON: inactive players will automatically lose when time's up. (requested by xiaoshenyoukaigual)
|
|t:|1760883987
|teamsize|p1|6
|teamsize|p2|6
|start
|switch|p1a: Serperior|Serperior, F|100/100
|switch|p2a: Skeledirge|Skeledirge, M, shiny|100/100
|turn|1
|
|t:|1760883994
|switch|p1a: Bastiodon|Bastiodon, F|100/100
|switch|p2a: Clodsire|Clodsire, F, shiny|100/100
|
|upkeep
|turn|2
|
|t:|1760884004
|switch|p1a: Gardenia|Gardevoir, F|100/100
|-ability|p1a: Gardenia|Unaware|Trace|[from] ability: Trace|[of] p2a: Clodsire
|move|p2a: Clodsire|Earthquake|p1a: Gardenia
|-damage|p1a: Gardenia|57/100
|
|upkeep
|turn|3
|
|t:|1760884030
|switch|p2a: Corviknight|Corviknight, F, shiny|100/100
|-ability|p2a: Corviknight|Unnerve
|move|p1a: Gardenia|Psyshock|p2a: Corviknight
|-resisted|p2a: Corviknight
|-damage|p2a: Corviknight|82/100
|
|upkeep
|turn|4
|
|t:|1760884050
|switch|p1a: Bastiodon|Bastiodon, F|100/100
|move|p2a: Corviknight|Iron Head|p1a: Bastiodon
|-damage|p1a: Bastiodon|85/100
|
|upkeep
|turn|5
|
|t:|1760884061
|switch|p2a: Clodsire|Clodsire, F, shiny|100/100
|move|p1a: Bastiodon|Stealth Rock|p2a: Clodsire
|-sidestart|p2: xiaoshenyoukaigual|move: Stealth Rock
|
|upkeep
|turn|6
|
|t:|1760884079
|switch|p1a: Gardenia|Gardevoir, F|57/100
|-ability|p1a: Gardenia|Unaware|Trace|[from] ability: Trace|[of] p2a: Clodsire
|move|p2a: Clodsire|Toxic|p1a: Gardenia
|-status|p1a: Gardenia|tox
|
|-damage|p1a: Gardenia|51/100 tox|[from] psn
|upkeep
|turn|7
|
|t:|1760884087
|move|p2a: Clodsire|Protect|p2a: Clodsire
|-singleturn|p2a: Clodsire|Protect
|move|p1a: Gardenia|Psyshock|p2a: Clodsire
|-activate|p2a: Clodsire|move: Protect
|
|-damage|p1a: Gardenia|38/100 tox|[from] psn
|upkeep
|turn|8
|inactive|kuraiyagare has 120 seconds left.
|
|t:|1760884133
|switch|p2a: Corviknight|Corviknight, F, shiny|82/100
|-ability|p2a: Corviknight|Unnerve
|-damage|p2a: Corviknight|69/100|[from] Stealth Rock
|move|p1a: Gardenia|Psyshock|p2a: Corviknight
|-resisted|p2a: Corviknight
|-damage|p2a: Corviknight|51/100
|
|-damage|p1a: Gardenia|20/100 tox|[from] psn
|upkeep
|turn|9
|inactive|xiaoshenyoukaigual has 120 seconds left.
|
|t:|1760884168
|move|p1a: Gardenia|Destiny Bond|p1a: Gardenia
|-singlemove|p1a: Gardenia|Destiny Bond
|move|p2a: Corviknight|Roost|p2a: Corviknight
|-heal|p2a: Corviknight|100/100
|-singleturn|p2a: Corviknight|move: Roost
|
|-damage|p1a: Gardenia|0 fnt|[from] psn
|faint|p1a: Gardenia
|upkeep
|c|☆xiaoshenyoukaigual|没想到吧
|inactive|kuraiyagare has 90 seconds left.
|inactive|kuraiyagare has 60 seconds left.
|inactive|kuraiyagare has 30 seconds left.
|inactive|kuraiyagare has 20 seconds left.
|inactive|kuraiyagare has 15 seconds left.
|
|t:|1760884277
|switch|p1a: Drifflim|Drifblim, F|100/100
|turn|10
|inactive|kuraiyagare has 25 seconds left this turn.
|inactive|xiaoshenyoukaigual has 120 seconds left.
|
|t:|1760884306
|move|p1a: Drifflim|Thunderbolt|p2a: Corviknight
|-supereffective|p2a: Corviknight
|-damage|p2a: Corviknight|58/100
|move|p2a: Corviknight|Defog|p1a: Drifflim
|-unboost|p1a: Drifflim|evasion|1
|-sideend|p2: xiaoshenyoukaigual|Stealth Rock|[from] move: Defog|[of] p2a: Corviknight
|
|upkeep
|turn|11
|inactive|kuraiyagare has 30 seconds left.
|inactive|kuraiyagare has 20 seconds left.
|inactive|kuraiyagare has 15 seconds left.
|inactive|kuraiyagare has 10 seconds left.
|inactive|kuraiyagare has 5 seconds left.
|
|t:|1760884337
|switch|p2a: Garganacl|Garganacl, M, shiny|100/100
|move|p1a: Drifflim|Calm Mind|p1a: Drifflim
|-boost|p1a: Drifflim|spa|1
|-boost|p1a: Drifflim|spd|1
|
|upkeep
|turn|12
|inactive|kuraiyagare has 15 seconds left this turn.
|
|t:|1760884346
|switch|p1a: Bastiodon|Bastiodon, F|85/100
|move|p2a: Garganacl|Salt Cure|p1a: Bastiodon
|-resisted|p1a: Bastiodon
|-damage|p1a: Bastiodon|82/100
|-start|p1a: Bastiodon|Salt Cure
|
|-damage|p1a: Bastiodon|57/100|[from] Salt Cure
|upkeep
|turn|13
|inactive|kuraiyagare has 25 seconds left this turn.
|inactive|kuraiyagare has 20 seconds left.
|inactive|xiaoshenyoukaigual has 120 seconds left.
|inactive|kuraiyagare has 15 seconds left.
|inactive|kuraiyagare has 10 seconds left.
|inactive|kuraiyagare has 5 seconds left.
|-message|kuraiyagare lost due to inactivity.
|
|win|xiaoshenyoukaigual
|raw|kuraiyagare's rating: 1308 &rarr; <strong>1290</strong><br />(-18 for losing)
|raw|xiaoshenyoukaigual's rating: 1342 &rarr; <strong>1360</strong><br />(+18 for winning)
|l|☆kuraiyagare
|player|p1|
