|j|☆LLBattler
|j|☆MrSpeakerKnockers
|t:|1760852587
|gametype|singles
|player|p1|LLBattler|1|1082
|player|p2|MrSpeakerKnockers|266|1100
|gen|9
|tier|[Gen 9] OU
|rated|
|rule|HP Percentage Mod: HP is shown in percentages
|rule|Endless Battle Clause: Forcing endless battles is banned
|rule|Species Clause: Limit one of each Pokémon
|rule|OHKO Clause: OHKO moves are banned
|rule|Evasion Items Clause: Evasion items are banned
|rule|Evasion Moves Clause: Evasion moves are banned
|rule|Evasion Abilities Clause: Evasion abilities are banned
|rule|Sleep Moves Clause: Sleep-inducing moves are banned
|clearpoke
|poke|p1|Arcanine-Hisui, F|
|poke|p1|Slowking-Galar, F|
|poke|p1|Great Tusk|
|poke|p1|Kingambit, M|
|poke|p1|Gliscor, M|
|poke|p1|Sinistcha|
|poke|p2|Snorlax, M|
|poke|p2|Serperior, F|
|poke|p2|Dragonite, M|
|poke|p2|Quagsire, M|
|poke|p2|Eelektross, M|
|poke|p2|Metagross|
|teampreview
|inactive|Battle timer is ON: inactive players will automatically lose when time's up. (requested by LLBattler)
|
|t:|1760852596
|teamsize|p1|6
|teamsize|p2|6
|start
|switch|p1a: Gliscor|Gliscor, M|100/100
|switch|p2a: Snorlax|Snorlax, M, shiny|100/100
|turn|1
|
|t:|1760852612
|move|p1a: Gliscor|Knock Off|p2a: Snorlax
|-damage|p2a: Snorlax|80/100
|-enditem|p2a: Snorlax|Leftovers|[from] move: Knock Off|[of] p1a: Gliscor
|move|p2a: Snorlax|Ice Beam|p1a: Gliscor
|-supereffective|p1a: Gliscor
|-damage|p1a: Gliscor|52/100
|
|-status|p1a: Gliscor|tox|[from] item: Toxic Orb
|upkeep
|turn|2
|
|t:|1760852626
|move|p1a: Gliscor|Protect|p1a: Gliscor
|-singleturn|p1a: Gliscor|Protect
|move|p2a: Snorlax|Ice Beam|p1a: Gliscor
|-activate|p1a: Gliscor|move: Protect
|
|-heal|p1a: Gliscor|64/100 tox|[from] ability: Poison Heal
|upkeep
|turn|3
|
|t:|1760852635
|move|p1a: Gliscor|U-turn|p2a: Snorlax
|-damage|p2a: Snorlax|66/100
|
|t:|1760852640
|switch|p1a: Top Dog|Arcanine-Hisui, F|100/100|[from] U-turn
|move|p2a: Snorlax|Ice Beam|p1a: Top Dog
|-resisted|p1a: Top Dog
|-damage|p1a: Top Dog|91/100
|
|upkeep
|turn|4
|inactive|LLBattler has 120 seconds left.
|
|t:|1760852675
|move|p1a: Top Dog|Flare Blitz|p2a: Snorlax
|-damage|p2a: Snorlax|0 fnt
|faint|p2a: Snorlax
|
|upkeep
|
|t:|1760852682
|switch|p2a: Quagsire|Quagsire, M|100/100
|turn|5
|inactive|LLBattler has 120 seconds left.
|
|t:|1760852699
|switch|p1a: Slowking|Slowking-Galar, F|100/100
|move|p2a: Quagsire|Earthquake|p1a: Slowking
|-supereffective|p1a: Slowking
|-damage|p1a: Slowking|38/100
|
|upkeep
|turn|6
|inactive|LLBattler has 120 seconds left.
|
|t:|1760852716
|move|p2a: Quagsire|Earthquake|p1a: Slowking
|-supereffective|p1a: Slowking
|-damage|p1a: Slowking|0 fnt
|faint|p1a: Slowking
|
|upkeep
|
|t:|1760852720
|switch|p1a: Top Dog|Arcanine-Hisui, F|91/100
|turn|7
|
|t:|1760852727
|move|p1a: Top Dog|Head Smash|p2a: Quagsire
|-resisted|p2a: Quagsire
|-damage|p2a: Quagsire|61/100
|move|p2a: Quagsire|Earthquake|p1a: Top Dog
|-supereffective|p1a: Top Dog
|-damage|p1a: Top Dog|0 fnt
|faint|p1a: Top Dog
|
|upkeep
|
|t:|1760852734
|switch|p1a: Gliscor|Gliscor, M|64/100 tox
|turn|8
|
|t:|1760852752
|move|p1a: Gliscor|Knock Off|p2a: Quagsire
|-damage|p2a: Quagsire|45/100
|-enditem|p2a: Quagsire|Mystic Water|[from] move: Knock Off|[of] p1a: Gliscor
|move|p2a: Quagsire|Surf|p1a: Gliscor
|-supereffective|p1a: Gliscor
|-damage|p1a: Gliscor|30/100 tox
|
|-heal|p1a: Gliscor|43/100 tox|[from] ability: Poison Heal
|upkeep
|turn|9
|
|t:|1760852773
|move|p1a: Gliscor|Protect|p1a: Gliscor
|-singleturn|p1a: Gliscor|Protect
|move|p2a: Quagsire|Surf|p1a: Gliscor
|-activate|p1a: Gliscor|move: Protect
|
|-heal|p1a: Gliscor|55/100 tox|[from] ability: Poison Heal
|upkeep
|turn|10
|inactive|MrSpeakerKnockers has 120 seconds left.
|
|t:|1760852788
|move|p1a: Gliscor|U-turn|p2a: Quagsire
|-damage|p2a: Quagsire|34/100
|
|t:|1760852791
|switch|p1a: Sinistcha|Sinistcha|100/100|[from] U-turn
|move|p2a: Quagsire|Surf|p1a: Sinistcha
|-resisted|p1a: Sinistcha
|-damage|p1a: Sinistcha|87/100
|
|upkeep
|turn|11
|
|t:|1760852803
|move|p1a: Sinistcha|Shadow Ball|p2a: Quagsire
|-damage|p2a: Quagsire|0 fnt
|faint|p2a: Quagsire
|
|upkeep
|
|t:|1760852810
|switch|p2a: Eelektross|Eelektross, M|100/100
|turn|12
|
|t:|1760852822
|-terastallize|p1a: Sinistcha|Normal
|move|p1a: Sinistcha|Matcha Gotcha|p2a: Eelektross
|-damage|p2a: Eelektross|63/100
|-heal|p1a: Sinistcha|100/100|[from] drain|[of] p2a: Eelektross
|move|p2a: Eelektross|Flamethrower|p1a: Sinistcha
|-damage|p1a: Sinistcha|82/100
|
|upkeep
|turn|13
|
|t:|1760852840
|move|p1a: Sinistcha|Shadow Ball|p2a: Eelektross
|-damage|p2a: Eelektross|28/100
|move|p2a: Eelektross|Giga Drain|p1a: Sinistcha
|-damage|p1a: Sinistcha|53/100
|-heal|p2a: Eelektross|41/100|[from] drain|[of] p1a: Sinistcha
|
|upkeep
|turn|14
|inactive|MrSpeakerKnockers has 120 seconds left.
|inactive|MrSpeakerKnockers has 90 seconds left.
|inactive|MrSpeakerKnockers has 60 seconds left.
|inactive|MrSpeakerKnockers has 30 seconds left.
|inactive|MrSpeakerKnockers has 20 seconds left.
|inactive|MrSpeakerKnockers has 15 seconds left.
|inactive|MrSpeakerKnockers has 10 seconds left.
|inactive|MrSpeakerKnockers has 5 seconds left.
|-message|MrSpeakerKnockers lost due to inactivity.
|
|win|LLBattler
|raw|LLBattler's rating: 1082 &rarr; <strong>1111</strong><br />(+29 for winning)
|raw|MrSpeakerKnockers's rating: 1100 &rarr; <strong>1074</strong><br />(-26 for losing)
|l|☆LLBattler
|player|p1|
