|j|☆777Benny
|j|☆panzershock
|t:|1760749343
|gametype|singles
|player|p1|777Benny|hilbert|1169
|player|p2|panzershock|102|1137
|gen|9
|tier|[Gen 9] OU
|rated|
|rule|HP Percentage Mod: HP is shown in percentages
|rule|Endless Battle Clause: Forcing endless battles is banned
|rule|Species Clause: Limit one of each Pokémon
|rule|OHKO Clause: OHKO moves are banned
|rule|Evasion Items Clause: Evasion items are banned
|rule|Evasion Moves Clause: Evasion moves are banned
|rule|Evasion Abilities Clause: Evasion abilities are banned
|rule|Sleep Moves Clause: Sleep-inducing moves are banned
|clearpoke
|poke|p1|Blissey, F|
|poke|p1|Landorus-Therian, M|
|poke|p1|Darkrai|
|poke|p1|Clefable, F|
|poke|p1|Corviknight, M|
|poke|p1|Dragapult, M|
|poke|p2|Breloom, M|
|poke|p2|Avalugg-Hisui, F|
|poke|p2|Ursaluna, M|
|poke|p2|Ariados, F|
|poke|p2|Porygon-Z|
|poke|p2|Murkrow, M|
|teampreview
|inactive|Battle timer is ON: inactive players will automatically lose when time's up. (requested by 777Benny)
|
|t:|1760749359
|teamsize|p1|6
|teamsize|p2|6
|start
|switch|p1a: Landorus|Landorus-Therian, M|100/100
|switch|p2a: Murkrow|Murkrow, M|100/100
|-ability|p1a: Landorus|Intimidate|boost
|-unboost|p2a: Murkrow|atk|1
|turn|1
|
|t:|1760749367
|move|p1a: Landorus|Stone Edge|p2a: Murkrow
|-supereffective|p2a: Murkrow
|-enditem|p2a: Murkrow|Focus Sash
|-damage|p2a: Murkrow|1/100
|move|p2a: Murkrow|Icy Wind|p1a: Landorus
|-supereffective|p1a: Landorus
|-damage|p1a: Landorus|39/100
|-unboost|p1a: Landorus|spe|1
|
|upkeep
|turn|2
|
|t:|1760749375
|switch|p1a: Blissey|Blissey, F|100/100
|move|p2a: Murkrow|Icy Wind|p1a: Blissey
|-damage|p1a: Blissey|97/100
|-unboost|p1a: Blissey|spe|1
|
|-heal|p1a: Blissey|100/100|[from] item: Leftovers
|upkeep
|turn|3
|
|t:|1760749384
|switch|p2a: Avalugg|Avalugg-Hisui, F|100/100
|move|p1a: Blissey|Seismic Toss|p2a: Avalugg
|-damage|p2a: Avalugg|70/100
|
|upkeep
|turn|4
|
|t:|1760749399
|switch|p1a: Landorus|Landorus-Therian, M|39/100
|-ability|p1a: Landorus|Intimidate|boost
|-unboost|p2a: Avalugg|atk|1
|move|p2a: Avalugg|Icicle Spear|p1a: Landorus
|-supereffective|p1a: Landorus
|-damage|p1a: Landorus|0 fnt
|faint|p1a: Landorus
|-hitcount|p1: Landorus|1
|
|upkeep
|
|t:|1760749412
|switch|p1a: Darkrai|Darkrai|100/100
|turn|5
|
|t:|1760749424
|switch|p2a: Ursaluna|Ursaluna, M|100/100
|move|p1a: Darkrai|Dark Pulse|p2a: Ursaluna
|-damage|p2a: Ursaluna|70/100
|
|upkeep
|turn|6
|
|t:|1760749436
|switch|p1a: Corviknight|Corviknight, M|100/100
|-ability|p1a: Corviknight|Pressure
|move|p2a: Ursaluna|Supercell Slam|p1a: Corviknight
|-supereffective|p1a: Corviknight
|-damage|p1a: Corviknight|56/100
|
|-heal|p1a: Corviknight|62/100|[from] item: Leftovers
|upkeep
|turn|7
|
|t:|1760749444
|move|p2a: Ursaluna|Supercell Slam|p1a: Corviknight
|-supereffective|p1a: Corviknight
|-damage|p1a: Corviknight|20/100
|move|p1a: Corviknight|Roost|p1a: Corviknight
|-heal|p1a: Corviknight|70/100
|-singleturn|p1a: Corviknight|move: Roost
|
|-heal|p1a: Corviknight|76/100|[from] item: Leftovers
|upkeep
|turn|8
|
|t:|1760749454
|switch|p2a: Porygon-Z|Porygon-Z|100/100
|-ability|p2a: Porygon-Z|Download|boost
|-boost|p2a: Porygon-Z|spa|1
|switch|p1a: Clefable|Clefable, F|100/100
|
|upkeep
|turn|9
|
|t:|1760749462
|switch|p2a: Ursaluna|Ursaluna, M|70/100
|switch|p1a: Blissey|Blissey, F|100/100
|
|upkeep
|turn|10
|
|t:|1760749467
|switch|p1a: Clefable|Clefable, F|100/100
|move|p2a: Ursaluna|Supercell Slam|p1a: Clefable
|-damage|p1a: Clefable|74/100
|
|upkeep
|turn|11
|
|t:|1760749476
|move|p2a: Ursaluna|Gunk Shot|p1a: Clefable|[miss]
|-miss|p2a: Ursaluna|p1a: Clefable
|move|p1a: Clefable|Moonblast|p2a: Ursaluna
|-damage|p2a: Ursaluna|48/100
|-unboost|p2a: Ursaluna|spa|1
|
|upkeep
|turn|12
|
|t:|1760749481
|switch|p1a: Corviknight|Corviknight, M|76/100
|-ability|p1a: Corviknight|Pressure
|move|p2a: Ursaluna|Supercell Slam|p1a: Corviknight
|-supereffective|p1a: Corviknight
|-damage|p1a: Corviknight|35/100
|
|-heal|p1a: Corviknight|41/100|[from] item: Leftovers
|upkeep
|turn|13
|
|t:|1760749492
|move|p2a: Ursaluna|Supercell Slam|p1a: Corviknight
|-supereffective|p1a: Corviknight
|-damage|p1a: Corviknight|1/100
|move|p1a: Corviknight|Roost|p1a: Corviknight
|-heal|p1a: Corviknight|51/100
|-singleturn|p1a: Corviknight|move: Roost
|
|-heal|p1a: Corviknight|57/100|[from] item: Leftovers
|upkeep
|turn|14
|
|t:|1760749497
|move|p2a: Ursaluna|Supercell Slam|p1a: Corviknight
|-supereffective|p1a: Corviknight
|-crit|p1a: Corviknight
|-damage|p1a: Corviknight|0 fnt
|faint|p1a: Corviknight
|
|upkeep
|
|t:|1760749501
|switch|p1a: Dragapult|Dragapult, M|100/100
|turn|15
|
|t:|1760749508
|move|p1a: Dragapult|Dragon Darts|p2a: Ursaluna
|-damage|p2a: Ursaluna|15/100
|-anim|p1a: Dragapult|Dragon Darts|p2a: Ursaluna
|-damage|p2a: Ursaluna|0 fnt
|faint|p2a: Ursaluna
|
|upkeep
|
|t:|1760749512
|switch|p2a: Murkrow|Murkrow, M|1/100
|turn|16
|
|t:|1760749520
|switch|p1a: Darkrai|Darkrai|100/100
|move|p2a: Murkrow|Thunder Wave|p1a: Darkrai
|-hint|Since gen 7, Dark is immune to Prankster moves.
|-immune|p1a: Darkrai
|
|upkeep
|turn|17
|
|t:|1760749531
|move|p1a: Darkrai|Dark Pulse|p2a: Murkrow
|-resisted|p2a: Murkrow
|-damage|p2a: Murkrow|0 fnt
|faint|p2a: Murkrow
|
|upkeep
|
|t:|1760749533
|switch|p2a: Ariados|Ariados, F|100/100
|turn|18
|
|t:|1760749548
|switch|p1a: Clefable|Clefable, F|74/100
|move|p2a: Ariados|Sticky Web|p1a: Clefable
|-sidestart|p1: 777Benny|move: Sticky Web
|
|upkeep
|turn|19
|
|t:|1760749554
|move|p1a: Clefable|Thunder Wave|p2a: Ariados
|-status|p2a: Ariados|par
|move|p2a: Ariados|Cross Poison|p1a: Clefable
|-supereffective|p1a: Clefable
|-damage|p1a: Clefable|29/100
|-status|p1a: Clefable|psn
|
|-damage|p1a: Clefable|17/100 psn|[from] psn
|upkeep
|turn|20
|
|t:|1760749564
|move|p1a: Clefable|Moonlight|p1a: Clefable
|-heal|p1a: Clefable|67/100 psn
|move|p2a: Ariados|Cross Poison|p1a: Clefable
|-supereffective|p1a: Clefable
|-damage|p1a: Clefable|20/100 psn
|
|-damage|p1a: Clefable|7/100 psn|[from] psn
|upkeep
|turn|21
|
|t:|1760749571
|move|p1a: Clefable|Moonlight|p1a: Clefable
|-heal|p1a: Clefable|57/100 psn
|cant|p2a: Ariados|par
|
|-damage|p1a: Clefable|45/100 psn|[from] psn
|upkeep
|turn|22
|
|t:|1760749590
|switch|p1a: Dragapult|Dragapult, M|100/100
|-activate|p1a: Dragapult|move: Sticky Web
|-fail|p1a: Dragapult|unboost|[from] ability: Clear Body|[of] p1a: Dragapult
|move|p2a: Ariados|Cross Poison|p1a: Dragapult
|-resisted|p1a: Dragapult
|-damage|p1a: Dragapult|81/100
|
|upkeep
|turn|23
|
|t:|1760749603
|move|p1a: Dragapult|Dragon Darts|p2a: Ariados
|-damage|p2a: Ariados|55/100 par
|-anim|p1a: Dragapult|Dragon Darts|p2a: Ariados
|-damage|p2a: Ariados|2/100 par
|move|p2a: Ariados|Toxic Thread|p1a: Dragapult
|-fail|p1a: Dragapult|unboost|[from] ability: Clear Body|[of] p1a: Dragapult
|-status|p1a: Dragapult|psn
|
|-damage|p1a: Dragapult|68/100 psn|[from] psn
|upkeep
|turn|24
|
|t:|1760749614
|move|p2a: Ariados|Sucker Punch|p1a: Dragapult
|-supereffective|p1a: Dragapult
|-damage|p1a: Dragapult|8/100 psn
|move|p1a: Dragapult|Dragon Darts|p2a: Ariados
|-damage|p2a: Ariados|0 fnt
|faint|p2a: Ariados
|
|-damage|p1a: Dragapult|0 fnt|[from] psn
|faint|p1a: Dragapult
|upkeep
|
|t:|1760749625
|switch|p1a: Darkrai|Darkrai|100/100
|switch|p2a: Breloom|Breloom, M|100/100
|-activate|p1a: Darkrai|move: Sticky Web
|-unboost|p1a: Darkrai|spe|1
|turn|25
|
|t:|1760749641
|-terastallize|p1a: Darkrai|Poison
|move|p2a: Breloom|Mach Punch|p1a: Darkrai
|-resisted|p1a: Darkrai
|-damage|p1a: Darkrai|70/100
|-damage|p2a: Breloom|91/100|[from] item: Life Orb
|move|p1a: Darkrai|Sludge Bomb|p2a: Breloom
|-supereffective|p2a: Breloom
|-damage|p2a: Breloom|0 fnt
|faint|p2a: Breloom
|
|-heal|p1a: Darkrai|76/100|[from] item: Leftovers
|upkeep
|
|t:|1760749647
|switch|p2a: Porygon-Z|Porygon-Z|100/100
|-ability|p2a: Porygon-Z|Download|boost
|-boost|p2a: Porygon-Z|atk|1
|turn|26
|
|t:|1760749652
|switch|p1a: Blissey|Blissey, F|100/100
|-activate|p1a: Blissey|move: Sticky Web
|-unboost|p1a: Blissey|spe|1
|move|p2a: Porygon-Z|Zen Headbutt|p1a: Blissey
|-damage|p1a: Blissey|65/100
|
|-heal|p1a: Blissey|72/100|[from] item: Leftovers
|upkeep
|turn|27
|
|t:|1760749667
|switch|p2a: Avalugg|Avalugg-Hisui, F|70/100
|move|p1a: Blissey|Soft-Boiled|p1a: Blissey
|-heal|p1a: Blissey|100/100
|
|upkeep
|turn|28
|
|t:|1760749674
|switch|p1a: Clefable|Clefable, F|45/100 psn
|move|p2a: Avalugg|Rapid Spin|p1a: Clefable
|-damage|p1a: Clefable|31/100 psn
|-boost|p2a: Avalugg|spe|1
|
|-damage|p1a: Clefable|19/100 psn|[from] psn
|upkeep
|turn|29
|
|t:|1760749691
|move|p2a: Avalugg|Icicle Spear|p1a: Clefable
|-damage|p1a: Clefable|8/100 psn
|-damage|p1a: Clefable|0 fnt
|faint|p1a: Clefable
|-hitcount|p1: Clefable|2
|
|upkeep
|
|t:|1760749695
|switch|p1a: Darkrai|Darkrai, tera:Poison|76/100
|-activate|p1a: Darkrai|move: Sticky Web
|-unboost|p1a: Darkrai|spe|1
|turn|30
|
|t:|1760749700
|move|p2a: Avalugg|Icicle Spear|p1a: Darkrai
|-damage|p1a: Darkrai|56/100
|-damage|p1a: Darkrai|37/100
|-damage|p1a: Darkrai|18/100
|-damage|p1a: Darkrai|0 fnt
|faint|p1a: Darkrai
|-hitcount|p1: Darkrai|4
|
|upkeep
|
|t:|1760749705
|switch|p1a: Blissey|Blissey, F|100/100
|-activate|p1a: Blissey|move: Sticky Web
|-unboost|p1a: Blissey|spe|1
|turn|31
|
|t:|1760749715
|move|p2a: Avalugg|Icicle Spear|p1a: Blissey
|-damage|p1a: Blissey|85/100
|-damage|p1a: Blissey|70/100
|-damage|p1a: Blissey|54/100
|-damage|p1a: Blissey|38/100
|-hitcount|p1a: Blissey|4
|move|p1a: Blissey|Calm Mind|p1a: Blissey
|-boost|p1a: Blissey|spa|1
|-boost|p1a: Blissey|spd|1
|
|-heal|p1a: Blissey|44/100|[from] item: Leftovers
|upkeep
|turn|32
|
|t:|1760749723
|move|p2a: Avalugg|Icicle Spear|p1a: Blissey
|-crit|p1a: Blissey
|-damage|p1a: Blissey|22/100
|-damage|p1a: Blissey|8/100
|-damage|p1a: Blissey|0 fnt
|faint|p1a: Blissey
|-hitcount|p1: Blissey|3
|
|win|panzershock
|raw|777Benny's rating: 1169 &rarr; <strong>1142</strong><br />(-27 for losing)
|raw|panzershock's rating: 1137 &rarr; <strong>1164</strong><br />(+27 for winning)
|l|☆777Benny
|player|p1|
|l|☆panzershock
|player|p2|
