|j|☆jkb195
|j|☆hansie
|t:|1760765134
|gametype|singles
|player|p1|jkb195|101|1073
|player|p2|hansie|hiker-gen3rs|1079
|gen|9
|tier|[Gen 9] OU
|rated|
|rule|HP Percentage Mod: HP is shown in percentages
|rule|Endless Battle Clause: Forcing endless battles is banned
|rule|Species Clause: Limit one of each Pokémon
|rule|OHKO Clause: OHKO moves are banned
|rule|Evasion Items Clause: Evasion items are banned
|rule|Evasion Moves Clause: Evasion moves are banned
|rule|Evasion Abilities Clause: Evasion abilities are banned
|rule|Sleep Moves Clause: Sleep-inducing moves are banned
|clearpoke
|poke|p1|Torkoal, F|
|poke|p1|Walking Wake|
|poke|p1|Hatterene, F|
|poke|p1|Great Tusk|
|poke|p1|Corviknight, M|
|poke|p1|Lokix, M|
|poke|p2|Sinistcha|
|poke|p2|Umbreon, F|
|poke|p2|Primeape, F|
|poke|p2|Thwackey, F|
|poke|p2|Incineroar, M|
|poke|p2|Tentacruel, M|
|teampreview
|
|t:|1760765140
|teamsize|p1|6
|teamsize|p2|6
|start
|switch|p1a: Torkoal|Torkoal, F|100/100
|switch|p2a: Thwackey|Thwackey, F|100/100
|-fieldstart|move: Grassy Terrain|[from] ability: Grassy Surge|[of] p2a: Thwackey
|-weather|SunnyDay|[from] ability: Drought|[of] p1a: Torkoal
|turn|1
|
|t:|1760765150
|switch|p1a: Hatterene|Hatterene, F|100/100
|move|p2a: Thwackey|U-turn|p1a: Hatterene
|-damage|p1a: Hatterene|89/100
|-enditem|p1a: Hatterene|Eject Button
|
|t:|1760765157
|switch|p1a: Walking Wake|Walking Wake|100/100
|-activate|p1a: Walking Wake|ability: Protosynthesis
|-start|p1a: Walking Wake|protosynthesisspe
|
|-weather|SunnyDay|[upkeep]
|upkeep
|turn|2
|
|t:|1760765170
|switch|p2a: Tentacruel|Tentacruel, M|100/100
|move|p1a: Walking Wake|Flamethrower|p2a: Tentacruel
|-resisted|p2a: Tentacruel
|-damage|p2a: Tentacruel|73/100
|-status|p2a: Tentacruel|brn
|
|-weather|SunnyDay|[upkeep]
|-heal|p2a: Tentacruel|79/100 brn|[from] Grassy Terrain
|-heal|p2a: Tentacruel|85/100 brn|[from] item: Black Sludge
|-damage|p2a: Tentacruel|79/100 brn|[from] brn
|upkeep
|turn|3
|
|t:|1760765184
|-end|p1a: Walking Wake|Protosynthesis|[silent]
|switch|p1a: Hatterene|Hatterene, F|89/100
|move|p2a: Tentacruel|Knock Off|p1a: Hatterene
|-damage|p1a: Hatterene|85/100
|
|-weather|SunnyDay|[upkeep]
|-heal|p2a: Tentacruel|85/100 brn|[from] Grassy Terrain
|-heal|p2a: Tentacruel|91/100 brn|[from] item: Black Sludge
|-heal|p1a: Hatterene|91/100|[from] Grassy Terrain
|-damage|p2a: Tentacruel|85/100 brn|[from] brn
|upkeep
|turn|4
|
|t:|1760765201
|move|p2a: Tentacruel|Flip Turn|p1a: Hatterene
|-damage|p1a: Hatterene|88/100
|
|t:|1760765206
|switch|p2a: Incineroar|Incineroar, M|100/100|[from] Flip Turn
|-ability|p2a: Incineroar|Intimidate|boost
|-unboost|p1a: Hatterene|atk|1
|move|p1a: Hatterene|Psychic|p2a: Incineroar
|-immune|p2a: Incineroar
|
|-weather|SunnyDay|[upkeep]
|-heal|p1a: Hatterene|94/100|[from] Grassy Terrain
|upkeep
|turn|5
|
|t:|1760765217
|switch|p1a: Corviknight|Corviknight, M|100/100
|-ability|p1a: Corviknight|Pressure
|move|p2a: Incineroar|Parting Shot|p1a: Corviknight
|-unboost|p1a: Corviknight|atk|1
|-unboost|p1a: Corviknight|spa|1
|
|t:|1760765224
|switch|p2a: Primeape|Primeape, F|100/100|[from] Parting Shot
|
|-weather|SunnyDay|[upkeep]
|-fieldend|move: Grassy Terrain
|upkeep
|turn|6
|
|t:|1760765233
|move|p2a: Primeape|Bulk Up|p2a: Primeape
|-boost|p2a: Primeape|atk|1
|-boost|p2a: Primeape|def|1
|move|p1a: Corviknight|Iron Defense|p1a: Corviknight
|-boost|p1a: Corviknight|def|2
|
|-weather|SunnyDay|[upkeep]
|upkeep
|turn|7
|
|t:|1760765241
|move|p2a: Primeape|Bulk Up|p2a: Primeape
|-boost|p2a: Primeape|atk|1
|-boost|p2a: Primeape|def|1
|move|p1a: Corviknight|Body Press|p2a: Primeape
|-damage|p2a: Primeape|71/100
|
|-weather|SunnyDay|[upkeep]
|upkeep
|turn|8
|
|t:|1760765251
|move|p2a: Primeape|Bulk Up|p2a: Primeape
|-boost|p2a: Primeape|atk|1
|-boost|p2a: Primeape|def|1
|move|p1a: Corviknight|Iron Defense|p1a: Corviknight
|-boost|p1a: Corviknight|def|2
|
|-weather|none
|upkeep
|turn|9
|
|t:|1760765259
|-terastallize|p2a: Primeape|Ghost
|move|p2a: Primeape|Rage Fist|p1a: Corviknight
|-damage|p1a: Corviknight|82/100
|move|p1a: Corviknight|Iron Defense|p1a: Corviknight
|-boost|p1a: Corviknight|def|2
|
|upkeep
|turn|10
|
|t:|1760765269
|move|p2a: Primeape|Rage Fist|p1a: Corviknight
|-damage|p1a: Corviknight|68/100
|move|p1a: Corviknight|Roost|p1a: Corviknight
|-heal|p1a: Corviknight|100/100
|-singleturn|p1a: Corviknight|move: Roost
|
|upkeep
|turn|11
|
|t:|1760765284
|move|p2a: Primeape|Close Combat|p1a: Corviknight
|-damage|p1a: Corviknight|84/100
|-unboost|p2a: Primeape|def|1
|-unboost|p2a: Primeape|spd|1
|move|p1a: Corviknight|Roost|p1a: Corviknight
|-heal|p1a: Corviknight|100/100
|-singleturn|p1a: Corviknight|move: Roost
|
|upkeep
|turn|12
|
|t:|1760765296
|move|p2a: Primeape|U-turn|p1a: Corviknight
|-resisted|p1a: Corviknight
|-damage|p1a: Corviknight|99/100
|
|t:|1760765301
|switch|p2a: Sinistcha|Sinistcha|100/100|[from] U-turn
|move|p1a: Corviknight|Iron Defense|p1a: Corviknight
|-boost|p1a: Corviknight|def|0
|
|upkeep
|turn|13
|
|t:|1760765310
|move|p2a: Sinistcha|Calm Mind|p2a: Sinistcha
|-boost|p2a: Sinistcha|spa|1
|-boost|p2a: Sinistcha|spd|1
|move|p1a: Corviknight|Body Press|p2a: Sinistcha
|-immune|p2a: Sinistcha
|
|upkeep
|turn|14
|
|t:|1760765318
|move|p2a: Sinistcha|Calm Mind|p2a: Sinistcha
|-boost|p2a: Sinistcha|spa|1
|-boost|p2a: Sinistcha|spd|1
|move|p1a: Corviknight|U-turn|p2a: Sinistcha
|-damage|p2a: Sinistcha|93/100
|
|t:|1760765324
|switch|p1a: Torkoal|Torkoal, F|100/100|[from] U-turn
|-weather|SunnyDay|[from] ability: Drought|[of] p1a: Torkoal
|
|-weather|SunnyDay|[upkeep]
|upkeep
|turn|15
|
|t:|1760765333
|move|p2a: Sinistcha|Shadow Ball|p1a: Torkoal
|-crit|p1a: Torkoal
|-damage|p1a: Torkoal|0 fnt
|faint|p1a: Torkoal
|
|-weather|SunnyDay|[upkeep]
|upkeep
|
|t:|1760765341
|switch|p1a: Great Tusk|Great Tusk|100/100
|-activate|p1a: Great Tusk|ability: Protosynthesis
|-start|p1a: Great Tusk|protosynthesisatk
|turn|16
|
|t:|1760765351
|move|p1a: Great Tusk|Ice Spinner|p2a: Sinistcha
|-supereffective|p2a: Sinistcha
|-damage|p2a: Sinistcha|40/100
|move|p2a: Sinistcha|Matcha Gotcha|p1a: Great Tusk
|-supereffective|p1a: Great Tusk
|-damage|p1a: Great Tusk|0 fnt
|-heal|p2a: Sinistcha|94/100|[from] drain|[of] p1a: Great Tusk
|faint|p1a: Great Tusk
|-end|p1a: Great Tusk|Protosynthesis|[silent]
|
|-weather|SunnyDay|[upkeep]
|upkeep
|
|t:|1760765363
|switch|p1a: Lokix|Lokix, M|100/100
|turn|17
|
|t:|1760765366
|move|p1a: Lokix|First Impression|p2a: Sinistcha
|-damage|p2a: Sinistcha|55/100
|move|p2a: Sinistcha|Strength Sap|p1a: Lokix
|-unboost|p1a: Lokix|atk|1
|-heal|p2a: Sinistcha|100/100
|
|-weather|SunnyDay|[upkeep]
|upkeep
|turn|18
|-message|jkb195 forfeited.
|
|win|hansie
|raw|jkb195's rating: 1073 &rarr; <strong>1052</strong><br />(-21 for losing)
|raw|hansie's rating: 1079 &rarr; <strong>1107</strong><br />(+28 for winning)
|l|☆jkb195
|player|p1|
|l|☆hansie
|player|p2|
