|j|☆Dubuyu
|j|☆lzw00
|t:|1760861855
|gametype|singles
|player|p1|Dubuyu|lucas|1312
|player|p2|lzw00|265|1249
|gen|9
|tier|[Gen 9] OU
|rated|
|rule|HP Percentage Mod: HP is shown in percentages
|rule|Endless Battle Clause: Forcing endless battles is banned
|rule|Species Clause: Limit one of each Pokémon
|rule|OHKO Clause: OHKO moves are banned
|rule|Evasion Items Clause: Evasion items are banned
|rule|Evasion Moves Clause: Evasion moves are banned
|rule|Evasion Abilities Clause: Evasion abilities are banned
|rule|Sleep Moves Clause: Sleep-inducing moves are banned
|clearpoke
|poke|p1|Kingambit, F|
|poke|p1|Cinderace, F|
|poke|p1|Landorus-Therian, M|
|poke|p1|Iron Valiant|
|poke|p1|Kyurem|
|poke|p1|Slowking-Galar, M|
|poke|p2|Lokix, M|
|poke|p2|Regidrago|
|poke|p2|Alomomola, F|
|poke|p2|Slowking-Galar, F|
|poke|p2|Magnezone|
|poke|p2|Cinderace, M|
|teampreview
|
|t:|1760861892
|teamsize|p1|6
|teamsize|p2|6
|start
|switch|p1a: Chillionaire|Slowking-Galar, M, shiny|100/100
|switch|p2a: Cinderace|Cinderace, M|100/100
|turn|1
|
|t:|1760861901
|move|p2a: Cinderace|U-turn|p1a: Chillionaire
|-start|p2a: Cinderace|typechange|Bug|[from] ability: Libero
|-damage|p1a: Chillionaire|68/100
|
|t:|1760861907
|switch|p2a: Magnezone|Magnezone|100/100|[from] U-turn
|move|p1a: Chillionaire|Thunder Wave|p2a: Magnezone
|-immune|p2a: Magnezone
|
|upkeep
|turn|2
|
|t:|1760861916
|switch|p1a: Homelandor|Landorus-Therian, M, shiny|100/100
|-ability|p1a: Homelandor|Intimidate|boost
|-unboost|p2a: Magnezone|atk|1
|move|p2a: Magnezone|Volt Switch|p1a: Homelandor
|-immune|p1a: Homelandor
|
|upkeep
|turn|3
|
|t:|1760861926
|switch|p2a: Alomomola|Alomomola, F|100/100
|move|p1a: Homelandor|Earthquake|p2a: Alomomola
|-damage|p2a: Alomomola|74/100
|
|upkeep
|turn|4
|
|t:|1760861948
|move|p1a: Homelandor|Earthquake|p2a: Alomomola
|-damage|p2a: Alomomola|47/100
|move|p2a: Alomomola|Flip Turn|p1a: Homelandor
|-supereffective|p1a: Homelandor
|-damage|p1a: Homelandor|70/100
|-damage|p2a: Alomomola|30/100|[from] item: Rocky Helmet|[of] p1a: Homelandor
|
|t:|1760861958
|switch|p2a: Regidrago|Regidrago|100/100|[from] Flip Turn
|
|upkeep
|turn|5
|
|t:|1760861965
|switch|p1a: WALL-Y|Iron Valiant|100/100
|-enditem|p1a: WALL-Y|Booster Energy
|-activate|p1a: WALL-Y|ability: Quark Drive|[fromitem]
|-start|p1a: WALL-Y|quarkdrivespe
|move|p2a: Regidrago|Dragon Energy|p1a: WALL-Y
|-immune|p1a: WALL-Y
|
|upkeep
|turn|6
|
|t:|1760861974
|switch|p2a: Slowking|Slowking-Galar, F|100/100
|move|p1a: WALL-Y|Calm Mind|p1a: WALL-Y
|-boost|p1a: WALL-Y|spa|1
|-boost|p1a: WALL-Y|spd|1
|
|upkeep
|turn|7
|
|t:|1760861996
|-end|p1a: WALL-Y|Quark Drive|[silent]
|switch|p1a: Homelandor|Landorus-Therian, M, shiny|70/100
|-ability|p1a: Homelandor|Intimidate|boost
|-unboost|p2a: Slowking|atk|1
|move|p2a: Slowking|Thunder Wave|p1a: Homelandor
|-immune|p1a: Homelandor
|
|upkeep
|turn|8
|
|t:|1760862024
|switch|p2a: Alomomola|Alomomola, F|64/100
|move|p1a: Homelandor|U-turn|p2a: Alomomola
|-damage|p2a: Alomomola|51/100
|-damage|p1a: Homelandor|53/100|[from] item: Rocky Helmet|[of] p2a: Alomomola
|
|t:|1760862027
|switch|p1a: Mr. Freeze|Kyurem, shiny|100/100|[from] U-turn
|-ability|p1a: Mr. Freeze|Pressure
|
|upkeep
|turn|9
|
|t:|1760862035
|switch|p2a: Slowking|Slowking-Galar, F|100/100
|move|p1a: Mr. Freeze|Substitute|p1a: Mr. Freeze
|-start|p1a: Mr. Freeze|Substitute
|-damage|p1a: Mr. Freeze|76/100
|
|-heal|p1a: Mr. Freeze|82/100|[from] item: Leftovers
|upkeep
|turn|10
|
|t:|1760862041
|move|p1a: Mr. Freeze|Protect|p1a: Mr. Freeze
|-singleturn|p1a: Mr. Freeze|Protect
|move|p2a: Slowking|Future Sight|p1a: Mr. Freeze
|-start|p2a: Slowking|move: Future Sight
|
|-heal|p1a: Mr. Freeze|88/100|[from] item: Leftovers
|upkeep
|turn|11
|
|t:|1760862048
|move|p1a: Mr. Freeze|Earth Power|p2a: Slowking
|-supereffective|p2a: Slowking
|-damage|p2a: Slowking|67/100
|move|p2a: Slowking|Sludge Wave|p1a: Mr. Freeze
|-end|p1a: Mr. Freeze|Substitute
|
|-heal|p1a: Mr. Freeze|94/100|[from] item: Leftovers
|-heal|p2a: Slowking|73/100|[from] item: Black Sludge
|upkeep
|turn|12
|
|t:|1760862053
|move|p1a: Mr. Freeze|Substitute|p1a: Mr. Freeze
|-start|p1a: Mr. Freeze|Substitute
|-damage|p1a: Mr. Freeze|69/100
|-prepare|p2a: Slowking|Chilly Reception|[premajor]
|move|p2a: Slowking|Chilly Reception|p2a: Slowking
|-weather|Snowscape
|
|t:|1760862060
|switch|p2a: Regidrago|Regidrago|100/100|[from] Chilly Reception
|
|-weather|Snowscape|[upkeep]
|-end|p1a: Mr. Freeze|move: Future Sight
|-end|p1a: Mr. Freeze|Substitute
|-heal|p1a: Mr. Freeze|75/100|[from] item: Leftovers
|upkeep
|turn|13
|
|t:|1760862070
|move|p1a: Mr. Freeze|Protect|p1a: Mr. Freeze
|-singleturn|p1a: Mr. Freeze|Protect
|move|p2a: Regidrago|Earth Power|p1a: Mr. Freeze
|-activate|p1a: Mr. Freeze|move: Protect
|
|-weather|Snowscape|[upkeep]
|-heal|p1a: Mr. Freeze|81/100|[from] item: Leftovers
|upkeep
|turn|14
|
|t:|1760862085
|-terastallize|p2a: Regidrago|Steel
|move|p2a: Regidrago|Earth Power|p1a: Mr. Freeze
|-damage|p1a: Mr. Freeze|56/100
|move|p1a: Mr. Freeze|Freeze-Dry|p2a: Regidrago
|-resisted|p2a: Regidrago
|-damage|p2a: Regidrago|81/100
|
|-weather|Snowscape|[upkeep]
|-heal|p1a: Mr. Freeze|62/100|[from] item: Leftovers
|upkeep
|turn|15
|
|t:|1760862093
|switch|p2a: Magnezone|Magnezone|100/100
|switch|p1a: Homelandor|Landorus-Therian, M, shiny|53/100
|-ability|p1a: Homelandor|Intimidate|boost
|-unboost|p2a: Magnezone|atk|1
|
|-weather|Snowscape|[upkeep]
|upkeep
|turn|16
|
|t:|1760862105
|switch|p1a: Mr. Freeze|Kyurem, shiny|62/100
|-ability|p1a: Mr. Freeze|Pressure
|switch|p2a: Alomomola|Alomomola, F|85/100
|
|-weather|none
|-heal|p1a: Mr. Freeze|69/100|[from] item: Leftovers
|upkeep
|turn|17
|
|t:|1760862110
|move|p1a: Mr. Freeze|Substitute|p1a: Mr. Freeze
|-start|p1a: Mr. Freeze|Substitute
|-damage|p1a: Mr. Freeze|44/100
|move|p2a: Alomomola|Flip Turn|p1a: Mr. Freeze
|-resisted|p1a: Mr. Freeze
|-activate|p1a: Mr. Freeze|move: Substitute|[damage]
|
|t:|1760862116
|switch|p2a: Slowking|Slowking-Galar, F|100/100|[from] Flip Turn
|
|-heal|p1a: Mr. Freeze|50/100|[from] item: Leftovers
|upkeep
|turn|18
|
|t:|1760862137
|move|p1a: Mr. Freeze|Earth Power|p2a: Slowking
|-supereffective|p2a: Slowking
|-crit|p2a: Slowking
|-damage|p2a: Slowking|46/100
|move|p2a: Slowking|Future Sight|p1a: Mr. Freeze
|-start|p2a: Slowking|move: Future Sight
|
|-heal|p1a: Mr. Freeze|56/100|[from] item: Leftovers
|-heal|p2a: Slowking|52/100|[from] item: Black Sludge
|upkeep
|turn|19
|
|t:|1760862164
|-terastallize|p1a: Mr. Freeze|Ground
|move|p1a: Mr. Freeze|Earth Power|p2a: Slowking
|-supereffective|p2a: Slowking
|-damage|p2a: Slowking|0 fnt
|faint|p2a: Slowking
|
|-heal|p1a: Mr. Freeze|62/100|[from] item: Leftovers
|upkeep
|
|t:|1760862174
|switch|p2a: Regidrago|Regidrago, tera:Steel|81/100
|turn|20
|
|t:|1760862181
|move|p2a: Regidrago|Dragon Energy|p1a: Mr. Freeze
|-end|p1a: Mr. Freeze|Substitute
|move|p1a: Mr. Freeze|Earth Power|p2a: Regidrago
|-supereffective|p2a: Regidrago
|-damage|p2a: Regidrago|0 fnt
|faint|p2a: Regidrago
|
|-end|p1a: Mr. Freeze|move: Future Sight
|-damage|p1a: Mr. Freeze|21/100
|-heal|p1a: Mr. Freeze|27/100|[from] item: Leftovers
|upkeep
|
|t:|1760862187
|switch|p2a: Lokix|Lokix, M|100/100
|turn|21
|
|t:|1760862201
|switch|p1a: Kristine|Cinderace, F, shiny|100/100
|move|p2a: Lokix|First Impression|p1a: Kristine
|-resisted|p1a: Kristine
|-damage|p1a: Kristine|24/100
|
|upkeep
|turn|22
|
|t:|1760862208
|switch|p2a: Alomomola|Alomomola, F|100/100
|move|p1a: Kristine|Will-O-Wisp|p2a: Alomomola|[miss]
|-miss|p1a: Kristine|p2a: Alomomola
|
|upkeep
|turn|23
|
|t:|1760862218
|move|p1a: Kristine|Will-O-Wisp|p2a: Alomomola
|-status|p2a: Alomomola|brn
|move|p2a: Alomomola|Flip Turn|p1a: Kristine
|-supereffective|p1a: Kristine
|-damage|p1a: Kristine|5/100
|
|t:|1760862227
|switch|p2a: Lokix|Lokix, M|100/100|[from] Flip Turn
|
|upkeep
|turn|24
|
|t:|1760862239
|move|p2a: Lokix|First Impression|p1a: Kristine
|-resisted|p1a: Kristine
|-damage|p1a: Kristine|0 fnt
|faint|p1a: Kristine
|
|upkeep
|
|t:|1760862251
|switch|p1a: WALL-Y|Iron Valiant|100/100
|turn|25
|
|t:|1760862263
|switch|p2a: Magnezone|Magnezone|100/100
|move|p1a: WALL-Y|Calm Mind|p1a: WALL-Y
|-boost|p1a: WALL-Y|spa|1
|-boost|p1a: WALL-Y|spd|1
|
|upkeep
|turn|26
|
|t:|1760862270
|move|p1a: WALL-Y|Calm Mind|p1a: WALL-Y
|-boost|p1a: WALL-Y|spa|1
|-boost|p1a: WALL-Y|spd|1
|move|p2a: Magnezone|Thunderbolt|p1a: WALL-Y
|-damage|p1a: WALL-Y|53/100
|
|upkeep
|turn|27
|
|t:|1760862279
|move|p1a: WALL-Y|Calm Mind|p1a: WALL-Y
|-boost|p1a: WALL-Y|spa|1
|-boost|p1a: WALL-Y|spd|1
|move|p2a: Magnezone|Volt Switch|p1a: WALL-Y
|-damage|p1a: WALL-Y|25/100
|
|t:|1760862285
|switch|p2a: Lokix|Lokix, M|100/100|[from] Volt Switch
|
|upkeep
|turn|28
|
|t:|1760862288
|move|p2a: Lokix|First Impression|p1a: WALL-Y
|-resisted|p1a: WALL-Y
|-damage|p1a: WALL-Y|0 fnt
|faint|p1a: WALL-Y
|-end|p1a: WALL-Y|Quark Drive|[silent]
|
|upkeep
|
|t:|1760862311
|switch|p1a: Homelandor|Landorus-Therian, M, shiny|53/100
|-ability|p1a: Homelandor|Intimidate|boost
|-unboost|p2a: Lokix|atk|1
|turn|29
|
|t:|1760862315
|switch|p2a: Alomomola|Alomomola, F|100/100 brn
|move|p1a: Homelandor|Rock Tomb|p2a: Alomomola
|-damage|p2a: Alomomola|91/100 brn
|-unboost|p2a: Alomomola|spe|1
|
|-damage|p2a: Alomomola|84/100 brn|[from] brn
|upkeep
|turn|30
|
|t:|1760862321
|switch|p1a: Chillionaire|Slowking-Galar, M, shiny|100/100
|move|p2a: Alomomola|Flip Turn|p1a: Chillionaire
|-damage|p1a: Chillionaire|92/100
|
|t:|1760862329
|switch|p2a: Magnezone|Magnezone|100/100|[from] Flip Turn
|
|upkeep
|turn|31
|
|t:|1760862333
|move|p2a: Magnezone|Flash Cannon|p1a: Chillionaire
|-damage|p1a: Chillionaire|68/100
|-prepare|p1a: Chillionaire|Chilly Reception|[premajor]
|move|p1a: Chillionaire|Chilly Reception|p1a: Chillionaire
|-weather|Snowscape
|
|t:|1760862336
|switch|p1a: Homelandor|Landorus-Therian, M, shiny|53/100|[from] Chilly Reception
|-ability|p1a: Homelandor|Intimidate|boost
|-unboost|p2a: Magnezone|atk|1
|
|-weather|Snowscape|[upkeep]
|upkeep
|turn|32
|
|t:|1760862353
|switch|p2a: Alomomola|Alomomola, F|100/100 brn
|move|p1a: Homelandor|Earthquake|p2a: Alomomola
|-damage|p2a: Alomomola|76/100 brn
|
|-weather|Snowscape|[upkeep]
|-damage|p2a: Alomomola|69/100 brn|[from] brn
|upkeep
|turn|33
|
|t:|1760862358
|move|p1a: Homelandor|Earthquake|p2a: Alomomola
|-crit|p2a: Alomomola
|-damage|p2a: Alomomola|31/100 brn
|move|p2a: Alomomola|Flip Turn|p1a: Homelandor
|-supereffective|p1a: Homelandor
|-damage|p1a: Homelandor|39/100
|-damage|p2a: Alomomola|15/100 brn|[from] item: Rocky Helmet|[of] p1a: Homelandor
|
|t:|1760862368
|switch|p2a: Cinderace|Cinderace, M|100/100|[from] Flip Turn
|
|-weather|Snowscape|[upkeep]
|upkeep
|turn|34
|
|t:|1760862414
|move|p2a: Cinderace|Overheat|p1a: Homelandor
|-damage|p1a: Homelandor|4/100
|-unboost|p2a: Cinderace|spa|2
|move|p1a: Homelandor|Earthquake|p2a: Cinderace
|-supereffective|p2a: Cinderace
|-damage|p2a: Cinderace|0 fnt
|faint|p2a: Cinderace
|
|-weather|Snowscape|[upkeep]
|upkeep
|-message|lzw00 forfeited.
|
|win|Dubuyu
|raw|Dubuyu's rating: 1312 &rarr; <strong>1328</strong><br />(+16 for winning)
|raw|lzw00's rating: 1249 &rarr; <strong>1228</strong><br />(-21 for losing)
|l|☆lzw00
|player|p2|
|l|☆Dubuyu
|player|p1|
