|j|☆Magenta Maylene
|j|☆DDanMurp
|t:|1760804528
|gametype|singles
|player|p1|Magenta Maylene|maylene|1417
|player|p2|DDanMurp|1|1420
|gen|9
|tier|[Gen 9] OU
|rated|
|rule|HP Percentage Mod: HP is shown in percentages
|rule|Endless Battle Clause: Forcing endless battles is banned
|rule|Species Clause: Limit one of each Pokémon
|rule|OHKO Clause: OHKO moves are banned
|rule|Evasion Items Clause: Evasion items are banned
|rule|Evasion Moves Clause: Evasion moves are banned
|rule|Evasion Abilities Clause: Evasion abilities are banned
|rule|Sleep Moves Clause: Sleep-inducing moves are banned
|clearpoke
|poke|p1|Clodsire, M|
|poke|p1|Maushold-Four|
|poke|p1|Abomasnow, M|
|poke|p1|Gholdengo|
|poke|p1|Moltres|
|poke|p1|Scizor, F|
|poke|p2|Thundurus, M|
|poke|p2|Iron Valiant|
|poke|p2|Iron Treads|
|poke|p2|Raging Bolt|
|poke|p2|Iron Hands|
|poke|p2|Iron Leaves|
|teampreview
|inactive|Battle timer is ON: inactive players will automatically lose when time's up. (requested by Magenta Maylene)
|
|t:|1760804553
|teamsize|p1|6
|teamsize|p2|6
|start
|switch|p1a: Red Comet|Scizor, F|100/100
|switch|p2a: Iron Valiant|Iron Valiant|100/100
|turn|1
|c|☆Magenta Maylene|Thundurus really thinks he's part of the paradox gang...
|
|t:|1760804564
|-end|p2a: Iron Valiant|Quark Drive|[silent]
|switch|p2a: HeHeHeHa!|Thundurus, M|100/100
|move|p1a: Red Comet|Bullet Punch|p2a: HeHeHeHa!
|-resisted|p2a: HeHeHeHa!
|-damage|p2a: HeHeHeHa!|61/100
|
|upkeep
|turn|2
|
|t:|1760804571
|move|p1a: Red Comet|Bullet Punch|p2a: HeHeHeHa!
|-resisted|p2a: HeHeHeHa!
|-damage|p2a: HeHeHeHa!|22/100
|move|p2a: HeHeHeHa!|Knock Off|p1a: Red Comet
|-damage|p1a: Red Comet|62/100
|-enditem|p1a: Red Comet|Choice Band|[from] move: Knock Off|[of] p2a: HeHeHeHa!
|
|upkeep
|turn|3
|
|t:|1760804593
|move|p2a: HeHeHeHa!|Electric Terrain|p2a: HeHeHeHa!
|-fieldstart|move: Electric Terrain
|move|p1a: Red Comet|Bullet Punch|p2a: HeHeHeHa!
|-resisted|p2a: HeHeHeHa!
|-damage|p2a: HeHeHeHa!|0 fnt
|faint|p2a: HeHeHeHa!
|
|upkeep
|
|t:|1760804602
|switch|p2a: Raging Bolt|Raging Bolt|100/100
|turn|4
|
|t:|1760804611
|switch|p1a: The Boy|Clodsire, M|100/100
|move|p2a: Raging Bolt|Draco Meteor|p1a: The Boy
|-damage|p1a: The Boy|59/100
|-unboost|p2a: Raging Bolt|spa|2
|
|-heal|p1a: The Boy|65/100|[from] item: Black Sludge
|upkeep
|turn|5
|
|t:|1760804615
|switch|p1a: Mister 1000|Gholdengo|100/100
|move|p2a: Raging Bolt|Draco Meteor|p1a: Mister 1000
|-resisted|p1a: Mister 1000
|-damage|p1a: Mister 1000|77/100
|-unboost|p2a: Raging Bolt|spa|2
|
|upkeep
|turn|6
|
|t:|1760804621
|move|p1a: Mister 1000|Shadow Ball|p2a: Raging Bolt
|-damage|p2a: Raging Bolt|78/100
|-unboost|p2a: Raging Bolt|spd|1
|move|p2a: Raging Bolt|Volt Switch|p1a: Mister 1000
|-damage|p1a: Mister 1000|56/100
|
|t:|1760804631
|-end|p2a: Raging Bolt|Protosynthesis|[silent]
|switch|p2a: Iron Treads|Iron Treads|100/100|[from] Volt Switch
|-activate|p2a: Iron Treads|ability: Quark Drive
|-start|p2a: Iron Treads|quarkdrivespe
|
|upkeep
|turn|7
|
|t:|1760804637
|switch|p1a: Big Sushi Enjoyer|Abomasnow, M|100/100
|-weather|Snowscape|[from] ability: Snow Warning|[of] p1a: Big Sushi Enjoyer
|move|p2a: Iron Treads|Earthquake|p1a: Big Sushi Enjoyer
|-resisted|p1a: Big Sushi Enjoyer
|-damage|p1a: Big Sushi Enjoyer|85/100
|
|-weather|Snowscape|[upkeep]
|upkeep
|turn|8
|
|t:|1760804641
|move|p2a: Iron Treads|Iron Head|p1a: Big Sushi Enjoyer
|-supereffective|p1a: Big Sushi Enjoyer
|-damage|p1a: Big Sushi Enjoyer|26/100
|move|p1a: Big Sushi Enjoyer|Aurora Veil|p1a: Big Sushi Enjoyer
|-sidestart|p1: Magenta Maylene|move: Aurora Veil
|
|-weather|Snowscape|[upkeep]
|upkeep
|turn|9
|
|t:|1760804646
|switch|p1a: Lava Chicken|Moltres|100/100
|move|p2a: Iron Treads|Iron Head|p1a: Lava Chicken
|-resisted|p1a: Lava Chicken
|-crit|p1a: Lava Chicken
|-damage|p1a: Lava Chicken|83/100
|-status|p2a: Iron Treads|brn|[from] ability: Flame Body|[of] p1a: Lava Chicken
|
|-weather|Snowscape|[upkeep]
|-damage|p2a: Iron Treads|94/100 brn|[from] brn
|upkeep
|turn|10
|
|t:|1760804656
|-end|p2a: Iron Treads|Quark Drive|[silent]
|switch|p2a: Raging Bolt|Raging Bolt|78/100
|move|p1a: Lava Chicken|U-turn|p2a: Raging Bolt
|-damage|p2a: Raging Bolt|64/100
|
|t:|1760804659
|switch|p1a: The Boy|Clodsire, M|65/100|[from] U-turn
|
|-weather|Snowscape|[upkeep]
|-heal|p1a: The Boy|71/100|[from] item: Black Sludge
|-fieldend|move: Electric Terrain
|upkeep
|turn|11
|inactive|DDanMurp has 120 seconds left.
|
|t:|1760804694
|-end|p2a: Raging Bolt|Protosynthesis|[silent]
|switch|p2a: Iron Treads|Iron Treads|94/100 brn
|move|p1a: The Boy|Stealth Rock|p2a: Iron Treads
|-sidestart|p2: DDanMurp|move: Stealth Rock
|
|-weather|none
|-heal|p2a: Iron Treads|100/100 brn|[from] item: Leftovers
|-heal|p1a: The Boy|77/100|[from] item: Black Sludge
|-damage|p2a: Iron Treads|94/100 brn|[from] brn
|upkeep
|turn|12
|
|t:|1760804708
|move|p2a: Iron Treads|Stealth Rock|p1a: The Boy
|-sidestart|p1: Magenta Maylene|move: Stealth Rock
|move|p1a: The Boy|Earthquake|p2a: Iron Treads
|-supereffective|p2a: Iron Treads
|-damage|p2a: Iron Treads|49/100 brn
|
|-heal|p2a: Iron Treads|55/100 brn|[from] item: Leftovers
|-heal|p1a: The Boy|83/100|[from] item: Black Sludge
|-damage|p2a: Iron Treads|49/100 brn|[from] brn
|-sideend|p1: Magenta Maylene|move: Aurora Veil
|upkeep
|turn|13
|
|t:|1760804713
|move|p2a: Iron Treads|Rapid Spin|p1a: The Boy
|-damage|p1a: The Boy|75/100
|-boost|p2a: Iron Treads|spe|1
|-sideend|p2: DDanMurp|Stealth Rock|[from] move: Rapid Spin|[of] p2a: Iron Treads
|move|p1a: The Boy|Earthquake|p2a: Iron Treads
|-supereffective|p2a: Iron Treads
|-damage|p2a: Iron Treads|7/100 brn
|
|-heal|p2a: Iron Treads|13/100 brn|[from] item: Leftovers
|-heal|p1a: The Boy|81/100|[from] item: Black Sludge
|-damage|p2a: Iron Treads|7/100 brn|[from] brn
|upkeep
|turn|14
|
|t:|1760804721
|switch|p1a: Maus x Family|Maushold-Four|100/100
|-damage|p1a: Maus x Family|88/100|[from] Stealth Rock
|move|p2a: Iron Treads|Earthquake|p1a: Maus x Family
|-damage|p1a: Maus x Family|53/100
|
|-heal|p2a: Iron Treads|13/100 brn|[from] item: Leftovers
|-damage|p2a: Iron Treads|7/100 brn|[from] brn
|upkeep
|turn|15
|
|t:|1760804725
|move|p2a: Iron Treads|Earthquake|p1a: Maus x Family
|-damage|p1a: Maus x Family|18/100
|move|p1a: Maus x Family|Tidy Up|p1a: Maus x Family
|-sideend|p1: Magenta Maylene|Stealth Rock
|-activate|p1a: Maus x Family|move: Tidy Up
|-boost|p1a: Maus x Family|atk|1
|-boost|p1a: Maus x Family|spe|1
|
|-heal|p2a: Iron Treads|13/100 brn|[from] item: Leftovers
|-damage|p2a: Iron Treads|7/100 brn|[from] brn
|upkeep
|turn|16
|
|t:|1760804735
|move|p1a: Maus x Family|Bite|p2a: Iron Treads
|-crit|p2a: Iron Treads
|-damage|p2a: Iron Treads|0 fnt
|faint|p2a: Iron Treads
|-end|p2a: Iron Treads|Quark Drive|[silent]
|
|upkeep
|
|t:|1760804738
|switch|p2a: Raging Bolt|Raging Bolt|64/100
|turn|17
|
|t:|1760804746
|switch|p1a: The Boy|Clodsire, M|81/100
|move|p2a: Raging Bolt|Thunderclap||[still]
|-fail|p2a: Raging Bolt
|
|-heal|p1a: The Boy|87/100|[from] item: Black Sludge
|upkeep
|turn|18
|
|t:|1760804760
|-end|p2a: Raging Bolt|Protosynthesis|[silent]
|switch|p2a: Iron Hands|Iron Hands|100/100
|move|p1a: The Boy|Stealth Rock|p2a: Iron Hands
|-sidestart|p2: DDanMurp|move: Stealth Rock
|
|-heal|p1a: The Boy|93/100|[from] item: Black Sludge
|upkeep
|turn|19
|
|t:|1760804768
|-terastallize|p2a: Iron Hands|Steel
|move|p2a: Iron Hands|Earthquake|p1a: The Boy
|-supereffective|p1a: The Boy
|-damage|p1a: The Boy|9/100
|move|p1a: The Boy|Earthquake|p2a: Iron Hands
|-supereffective|p2a: Iron Hands
|-enditem|p2a: Iron Hands|Shuca Berry|[eat]
|-enditem|p2a: Iron Hands|Shuca Berry|[weaken]
|-damage|p2a: Iron Hands|84/100
|
|-heal|p1a: The Boy|15/100|[from] item: Black Sludge
|upkeep
|turn|20
|
|t:|1760804779
|switch|p1a: Lava Chicken|Moltres|83/100
|move|p2a: Iron Hands|Ice Punch|p1a: Lava Chicken
|-damage|p1a: Lava Chicken|64/100
|-status|p2a: Iron Hands|brn|[from] ability: Flame Body|[of] p1a: Lava Chicken
|
|-damage|p2a: Iron Hands|78/100 brn|[from] brn
|upkeep
|turn|21
|-message|DDanMurp forfeited.
|
|win|Magenta Maylene
|raw|Magenta Maylene's rating: 1417 &rarr; <strong>1437</strong><br />(+20 for winning)
|raw|DDanMurp's rating: 1420 &rarr; <strong>1400</strong><br />(-20 for losing)
|l|☆DDanMurp
|player|p2|
|l|☆Magenta Maylene
|player|p1|
