|j|☆lol_nymbus
|j|☆LillyIsHere
|t:|1760749051
|gametype|singles
|player|p1|lol_nymbus|266|1208
|player|p2|LillyIsHere|iris-gen5bw2|1214
|gen|9
|tier|[Gen 9] OU
|rated|
|rule|HP Percentage Mod: HP is shown in percentages
|rule|Endless Battle Clause: Forcing endless battles is banned
|rule|Species Clause: Limit one of each Pokémon
|rule|OHKO Clause: OHKO moves are banned
|rule|Evasion Items Clause: Evasion items are banned
|rule|Evasion Moves Clause: Evasion moves are banned
|rule|Evasion Abilities Clause: Evasion abilities are banned
|rule|Sleep Moves Clause: Sleep-inducing moves are banned
|clearpoke
|poke|p1|Garganacl, M|
|poke|p1|Weezing-Galar, F|
|poke|p1|Corviknight, M|
|poke|p1|Dragapult, M|
|poke|p1|Slowking-Galar, M|
|poke|p1|Samurott-Hisui, F|
|poke|p2|Latios, M|
|poke|p2|Scizor, F|
|poke|p2|Slowking-Galar, F|
|poke|p2|Dragonite, F|
|poke|p2|Gholdengo|
|poke|p2|Garganacl, M|
|teampreview
|inactive|Battle timer is ON: inactive players will automatically lose when time's up. (requested by lol_nymbus)
|
|t:|1760749065
|teamsize|p1|6
|teamsize|p2|6
|start
|switch|p1a: Dragapult|Dragapult, M|100/100
|switch|p2a: Slowking|Slowking-Galar, F|100/100
|turn|1
|
|t:|1760749072
|move|p1a: Dragapult|U-turn|p2a: Slowking
|-damage|p2a: Slowking|78/100
|
|t:|1760749098
|switch|p1a: Slowking|Slowking-Galar, M|100/100|[from] U-turn
|move|p2a: Slowking|Toxic|p1a: Slowking
|-immune|p1a: Slowking
|
|upkeep
|turn|2
|
|t:|1760749107
|move|p2a: Slowking|Future Sight|p1a: Slowking
|-start|p2a: Slowking|move: Future Sight
|move|p1a: Slowking|Psychic Noise|p2a: Slowking
|-damage|p2a: Slowking|62/100
|-start|p2a: Slowking|move: Heal Block
|
|upkeep
|turn|3
|
|t:|1760749112
|switch|p1a: Corviknight|Corviknight, M|100/100
|-ability|p1a: Corviknight|Pressure
|-prepare|p2a: Slowking|Chilly Reception|[premajor]
|move|p2a: Slowking|Chilly Reception|p2a: Slowking
|-weather|Snowscape
|
|t:|1760749122
|switch|p2a: Latios|Latios, M|100/100|[from] Chilly Reception
|
|-weather|Snowscape|[upkeep]
|upkeep
|turn|4
|
|t:|1760749128
|switch|p1a: Samurott|Samurott-Hisui, F|100/100
|move|p2a: Latios|Thunderbolt|p1a: Samurott
|-supereffective|p1a: Samurott
|-damage|p1a: Samurott|0 fnt
|faint|p1a: Samurott
|
|-weather|Snowscape|[upkeep]
|-hint|Future Sight did not hit because the target is fainted.
|upkeep
|
|t:|1760749135
|switch|p1a: Garganacl|Garganacl, M|100/100
|turn|5
|
|t:|1760749142
|switch|p2a: Gholdengo|Gholdengo|100/100
|-item|p2a: Gholdengo|Air Balloon
|move|p1a: Garganacl|Salt Cure|p2a: Gholdengo
|-resisted|p2a: Gholdengo
|-damage|p2a: Gholdengo|92/100
|-start|p2a: Gholdengo|Salt Cure
|-enditem|p2a: Gholdengo|Air Balloon
|
|-weather|Snowscape|[upkeep]
|-damage|p2a: Gholdengo|67/100|[from] Salt Cure
|upkeep
|turn|6
|
|t:|1760749147
|move|p1a: Garganacl|Protect|p1a: Garganacl
|-singleturn|p1a: Garganacl|Protect
|move|p2a: Gholdengo|Make It Rain|p1a: Garganacl
|-activate|p1a: Garganacl|move: Protect
|
|-weather|Snowscape|[upkeep]
|-damage|p2a: Gholdengo|43/100|[from] Salt Cure
|upkeep
|turn|7
|
|t:|1760749152
|switch|p1a: Slowking|Slowking-Galar, M|100/100
|move|p2a: Gholdengo|Make It Rain|p1a: Slowking
|-damage|p1a: Slowking|76/100
|-unboost|p2a: Gholdengo|spa|1
|
|-weather|none
|-damage|p2a: Gholdengo|18/100|[from] Salt Cure
|upkeep
|turn|8
|
|t:|1760749160
|move|p2a: Gholdengo|Shadow Ball|p1a: Slowking
|-supereffective|p1a: Slowking
|-damage|p1a: Slowking|53/100
|-unboost|p1a: Slowking|spd|1
|move|p1a: Slowking|Future Sight|p2a: Gholdengo
|-start|p1a: Slowking|move: Future Sight
|
|-damage|p2a: Gholdengo|0 fnt|[from] Salt Cure
|faint|p2a: Gholdengo
|upkeep
|
|t:|1760749166
|switch|p2a: Dragonite|Dragonite, F|100/100
|turn|9
|
|t:|1760749170
|switch|p1a: Corviknight|Corviknight, M|100/100
|-ability|p1a: Corviknight|Pressure
|move|p2a: Dragonite|Dragon Dance|p2a: Dragonite
|-boost|p2a: Dragonite|atk|1
|-boost|p2a: Dragonite|spe|1
|
|upkeep
|turn|10
|
|t:|1760749177
|move|p2a: Dragonite|Dragon Dance|p2a: Dragonite
|-boost|p2a: Dragonite|atk|1
|-boost|p2a: Dragonite|spe|1
|move|p1a: Corviknight|Iron Defense|p1a: Corviknight
|-boost|p1a: Corviknight|def|2
|
|-end|p2a: Dragonite|move: Future Sight
|-damage|p2a: Dragonite|78/100
|upkeep
|turn|11
|
|t:|1760749183
|switch|p2a: Latios|Latios, M|100/100
|move|p1a: Corviknight|Iron Defense|p1a: Corviknight
|-boost|p1a: Corviknight|def|2
|
|upkeep
|turn|12
|
|t:|1760749191
|-terastallize|p1a: Corviknight|Fighting
|move|p2a: Latios|Thunderbolt|p1a: Corviknight
|-damage|p1a: Corviknight|64/100
|move|p1a: Corviknight|Body Press|p2a: Latios
|-resisted|p2a: Latios
|-damage|p2a: Latios|5/100
|
|upkeep
|turn|13
|
|t:|1760749211
|-terastallize|p2a: Latios|Electric
|move|p2a: Latios|Thunderbolt|p1a: Corviknight
|-damage|p1a: Corviknight|11/100
|move|p1a: Corviknight|Body Press|p2a: Latios
|-damage|p2a: Latios|0 fnt
|faint|p2a: Latios
|
|upkeep
|
|t:|1760749227
|switch|p2a: Scizor|Scizor, F|100/100
|turn|14
|
|t:|1760749233
|move|p2a: Scizor|Bullet Punch|p1a: Corviknight
|-damage|p1a: Corviknight|4/100
|-damage|p2a: Scizor|84/100|[from] item: Rocky Helmet|[of] p1a: Corviknight
|move|p1a: Corviknight|Roost|p1a: Corviknight
|-heal|p1a: Corviknight|54/100
|
|upkeep
|turn|15
|
|t:|1760749240
|move|p1a: Corviknight|Roost|p1a: Corviknight
|-heal|p1a: Corviknight|100/100
|move|p2a: Scizor|Knock Off|p1a: Corviknight
|-resisted|p1a: Corviknight
|-damage|p1a: Corviknight|96/100
|-damage|p2a: Scizor|67/100|[from] item: Rocky Helmet|[of] p1a: Corviknight
|-enditem|p1a: Corviknight|Rocky Helmet|[from] move: Knock Off|[of] p2a: Scizor
|
|upkeep
|turn|16
|
|t:|1760749248
|move|p2a: Scizor|Bullet Punch|p1a: Corviknight
|-damage|p1a: Corviknight|89/100
|move|p1a: Corviknight|Body Press|p2a: Scizor
|-damage|p2a: Scizor|0 fnt
|faint|p2a: Scizor
|
|upkeep
|
|t:|1760749251
|switch|p2a: Garganacl|Garganacl, M|100/100
|turn|17
|
|t:|1760749254
|move|p1a: Corviknight|Body Press|p2a: Garganacl
|-supereffective|p2a: Garganacl
|-damage|p2a: Garganacl|0 fnt
|faint|p2a: Garganacl
|
|upkeep
|
|t:|1760749256
|switch|p2a: Dragonite|Dragonite, F|78/100
|turn|18
|
|t:|1760749259
|move|p2a: Dragonite|Roost|p2a: Dragonite
|-heal|p2a: Dragonite|100/100
|-singleturn|p2a: Dragonite|move: Roost
|move|p1a: Corviknight|Body Press|p2a: Dragonite
|-damage|p2a: Dragonite|41/100
|
|upkeep
|turn|19
|
|t:|1760749262
|move|p2a: Dragonite|Dragon Dance|p2a: Dragonite
|-boost|p2a: Dragonite|atk|1
|-boost|p2a: Dragonite|spe|1
|move|p1a: Corviknight|Body Press|p2a: Dragonite
|-resisted|p2a: Dragonite
|-damage|p2a: Dragonite|0 fnt
|faint|p2a: Dragonite
|
|upkeep
|
|t:|1760749264
|switch|p2a: Slowking|Slowking-Galar, F|95/100
|turn|20
|
|t:|1760749267
|move|p1a: Corviknight|Brave Bird|p2a: Slowking
|-damage|p2a: Slowking|54/100
|-damage|p1a: Corviknight|76/100|[from] Recoil
|move|p2a: Slowking|Future Sight|p1a: Corviknight
|-start|p2a: Slowking|move: Future Sight
|
|upkeep
|turn|21
|
|t:|1760749273
|move|p1a: Corviknight|Brave Bird|p2a: Slowking
|-damage|p2a: Slowking|18/100
|-damage|p1a: Corviknight|64/100|[from] Recoil
|move|p2a: Slowking|Future Sight||[still]
|-fail|p2a: Slowking
|
|upkeep
|turn|22
|
|t:|1760749278
|move|p1a: Corviknight|Brave Bird|p2a: Slowking
|-damage|p2a: Slowking|0 fnt
|faint|p2a: Slowking
|-damage|p1a: Corviknight|58/100|[from] Recoil
|
|win|lol_nymbus
|raw|lol_nymbus's rating: 1208 &rarr; <strong>1233</strong><br />(+25 for winning)
|raw|LillyIsHere's rating: 1214 &rarr; <strong>1189</strong><br />(-25 for losing)
|l|☆LillyIsHere
|player|p2|
|c|☆lol_nymbus|gg
