|j|☆Lonelyenders
|j|☆Howsthatforaname
|t:|1760878503
|gametype|singles
|player|p1|Lonelyenders|acetrainer|1299
|player|p2|Howsthatforaname|wattson|1342
|gen|9
|tier|[Gen 9] OU
|rated|
|rule|HP Percentage Mod: HP is shown in percentages
|rule|Endless Battle Clause: Forcing endless battles is banned
|rule|Species Clause: Limit one of each Pokémon
|rule|OHKO Clause: OHKO moves are banned
|rule|Evasion Items Clause: Evasion items are banned
|rule|Evasion Moves Clause: Evasion moves are banned
|rule|Evasion Abilities Clause: Evasion abilities are banned
|rule|Sleep Moves Clause: Sleep-inducing moves are banned
|clearpoke
|poke|p1|Azumarill, F|
|poke|p1|Cinderace, F|
|poke|p1|Iron Valiant|
|poke|p1|Great Tusk|
|poke|p1|Iron Crown|
|poke|p1|Zapdos|
|poke|p2|Dragonite, M|
|poke|p2|Jolteon, M|
|poke|p2|Meganium, M|
|poke|p2|Scizor, M|
|poke|p2|Milotic, F|
|poke|p2|Garchomp, M|
|teampreview
|inactive|Battle timer is ON: inactive players will automatically lose when time's up. (requested by Lonelyenders)
|
|t:|1760878524
|teamsize|p1|6
|teamsize|p2|6
|start
|switch|p1a: Great Tusk|Great Tusk|100/100
|switch|p2a: Jolteon|Jolteon, M|100/100
|turn|1
|
|t:|1760878530
|-terastallize|p2a: Jolteon|Fairy
|move|p2a: Jolteon|Alluring Voice|p1a: Great Tusk
|-supereffective|p1a: Great Tusk
|-damage|p1a: Great Tusk|5/100
|move|p1a: Great Tusk|Stealth Rock|p2a: Jolteon
|-sidestart|p2: Howsthatforaname|move: Stealth Rock
|
|-heal|p1a: Great Tusk|11/100|[from] item: Leftovers
|upkeep
|turn|2
|
|t:|1760878537
|-end|p1a: Great Tusk|Protosynthesis|[silent]
|switch|p1a: Iron Crown|Iron Crown|100/100
|move|p2a: Jolteon|Alluring Voice|p1a: Iron Crown
|-resisted|p1a: Iron Crown
|-damage|p1a: Iron Crown|82/100
|
|upkeep
|turn|3
|
|t:|1760878543
|move|p2a: Jolteon|Volt Switch|p1a: Iron Crown
|-damage|p1a: Iron Crown|44/100
|
|t:|1760878548
|switch|p2a: Scizor|Scizor, M|100/100|[from] Volt Switch
|-damage|p2a: Scizor|88/100|[from] Stealth Rock
|move|p1a: Iron Crown|Tachyon Cutter|p2a: Scizor
|-resisted|p2a: Scizor
|-damage|p2a: Scizor|68/100
|-resisted|p2a: Scizor
|-damage|p2a: Scizor|49/100
|-hitcount|p2a: Scizor|2
|
|-heal|p2a: Scizor|55/100|[from] item: Leftovers
|upkeep
|turn|4
|
|t:|1760878558
|-end|p1a: Iron Crown|Quark Drive|[silent]
|switch|p1a: Zapdos|Zapdos|100/100
|move|p2a: Scizor|Defog|p1a: Zapdos
|-unboost|p1a: Zapdos|evasion|1
|-sideend|p2: Howsthatforaname|Stealth Rock|[from] move: Defog|[of] p2a: Scizor
|
|-heal|p2a: Scizor|61/100|[from] item: Leftovers
|upkeep
|turn|5
|
|t:|1760878565
|switch|p2a: Garchomp|Garchomp, M|100/100
|move|p1a: Zapdos|Discharge|p2a: Garchomp
|-immune|p2a: Garchomp
|
|upkeep
|turn|6
|
|t:|1760878578
|switch|p1a: Azumarill|Azumarill, F|100/100
|move|p2a: Garchomp|Earthquake|p1a: Azumarill
|-damage|p1a: Azumarill|48/100
|
|upkeep
|turn|7
|
|t:|1760878590
|switch|p2a: Meganium|Meganium, M|100/100
|move|p1a: Azumarill|Ice Spinner|p2a: Meganium
|-supereffective|p2a: Meganium
|-damage|p2a: Meganium|44/100
|
|upkeep
|turn|8
|
|t:|1760878614
|switch|p1a: Iron Crown|Iron Crown|44/100
|move|p2a: Meganium|Giga Drain|p1a: Iron Crown
|-resisted|p1a: Iron Crown
|-damage|p1a: Iron Crown|34/100
|-heal|p2a: Meganium|49/100|[from] drain|[of] p1a: Iron Crown
|
|upkeep
|turn|9
|
|t:|1760878620
|move|p1a: Iron Crown|Volt Switch|p2a: Meganium
|-resisted|p2a: Meganium
|-damage|p2a: Meganium|39/100
|
|t:|1760878624
|-end|p1a: Iron Crown|Quark Drive|[silent]
|switch|p1a: Cinderace|Cinderace, F|100/100|[from] Volt Switch
|move|p2a: Meganium|Knock Off|p1a: Cinderace
|-damage|p1a: Cinderace|76/100
|-enditem|p1a: Cinderace|Heavy-Duty Boots|[from] move: Knock Off|[of] p2a: Meganium
|
|upkeep
|turn|10
|inactive|Howsthatforaname has 120 seconds left.
|
|t:|1760878662
|move|p1a: Cinderace|U-turn|p2a: Meganium
|-start|p1a: Cinderace|typechange|Bug|[from] ability: Libero
|-supereffective|p2a: Meganium
|-damage|p2a: Meganium|0 fnt
|faint|p2a: Meganium
|
|t:|1760878675
|switch|p1a: Azumarill|Azumarill, F|48/100|[from] U-turn
|
|upkeep
|inactive|Howsthatforaname has 120 seconds left.
|
|t:|1760878681
|switch|p2a: Jolteon|Jolteon, M, tera:Fairy|100/100
|turn|11
|
|t:|1760878686
|switch|p1a: Great Tusk|Great Tusk|11/100
|move|p2a: Jolteon|Thunderbolt|p1a: Great Tusk
|-immune|p1a: Great Tusk
|
|-heal|p1a: Great Tusk|18/100|[from] item: Leftovers
|upkeep
|turn|12
|
|t:|1760878697
|move|p2a: Jolteon|Alluring Voice|p1a: Great Tusk
|-supereffective|p1a: Great Tusk
|-damage|p1a: Great Tusk|0 fnt
|faint|p1a: Great Tusk
|-end|p1a: Great Tusk|Protosynthesis|[silent]
|
|upkeep
|
|t:|1760878701
|switch|p1a: Iron Crown|Iron Crown|34/100
|turn|13
|
|t:|1760878704
|move|p2a: Jolteon|Thunderbolt|p1a: Iron Crown
|-damage|p1a: Iron Crown|0 fnt
|faint|p1a: Iron Crown
|-end|p1a: Iron Crown|Quark Drive|[silent]
|
|upkeep
|
|t:|1760878708
|switch|p1a: Iron Valiant|Iron Valiant|100/100
|-enditem|p1a: Iron Valiant|Booster Energy
|-activate|p1a: Iron Valiant|ability: Quark Drive|[fromitem]
|-start|p1a: Iron Valiant|quarkdrivespe
|turn|14
|inactive|Howsthatforaname has 120 seconds left.
|
|t:|1760878739
|switch|p2a: Scizor|Scizor, M|61/100
|move|p1a: Iron Valiant|Calm Mind|p1a: Iron Valiant
|-boost|p1a: Iron Valiant|spa|1
|-boost|p1a: Iron Valiant|spd|1
|
|-heal|p2a: Scizor|67/100|[from] item: Leftovers
|upkeep
|turn|15
|
|t:|1760878746
|-terastallize|p1a: Iron Valiant|Ghost
|move|p2a: Scizor|Bullet Punch|p1a: Iron Valiant
|-damage|p1a: Iron Valiant|59/100
|move|p1a: Iron Valiant|Shadow Ball|p2a: Scizor
|-crit|p2a: Scizor
|-damage|p2a: Scizor|0 fnt
|faint|p2a: Scizor
|
|upkeep
|
|t:|1760878754
|switch|p2a: Dragonite|Dragonite, M|100/100
|turn|16
|
|t:|1760878757
|move|p1a: Iron Valiant|Moonblast|p2a: Dragonite
|-supereffective|p2a: Dragonite
|-damage|p2a: Dragonite|24/100
|move|p2a: Dragonite|Dragon Claw|p1a: Iron Valiant
|-damage|p1a: Iron Valiant|5/100
|
|upkeep
|turn|17
|
|t:|1760878777
|move|p1a: Iron Valiant|Moonblast|p2a: Dragonite
|-supereffective|p2a: Dragonite
|-damage|p2a: Dragonite|0 fnt
|faint|p2a: Dragonite
|
|upkeep
|
|t:|1760878782
|switch|p2a: Milotic|Milotic, F|100/100
|turn|18
|
|t:|1760878791
|-end|p1a: Iron Valiant|Quark Drive|[silent]
|switch|p1a: Zapdos|Zapdos|100/100
|move|p2a: Milotic|Flip Turn|p1a: Zapdos
|-damage|p1a: Zapdos|87/100
|
|t:|1760878804
|switch|p2a: Garchomp|Garchomp, M|100/100|[from] Flip Turn
|
|upkeep
|turn|19
|
|t:|1760878811
|move|p2a: Garchomp|Scale Shot|p1a: Zapdos
|-damage|p1a: Zapdos|73/100
|-damage|p1a: Zapdos|60/100
|-damage|p1a: Zapdos|47/100
|-damage|p1a: Zapdos|33/100
|-hitcount|p1a: Zapdos|4
|-unboost|p2a: Garchomp|def|1
|-boost|p2a: Garchomp|spe|1
|move|p1a: Zapdos|Hurricane|p2a: Garchomp
|-damage|p2a: Garchomp|43/100
|
|upkeep
|turn|20
|
|t:|1760878835
|move|p2a: Garchomp|Stone Edge|p1a: Zapdos
|-supereffective|p1a: Zapdos
|-damage|p1a: Zapdos|0 fnt
|faint|p1a: Zapdos
|
|upkeep
|
|t:|1760878843
|switch|p1a: Cinderace|Cinderace, F|76/100
|turn|21
|
|t:|1760878848
|switch|p2a: Milotic|Milotic, F|100/100
|move|p1a: Cinderace|Sucker Punch||[still]
|-fail|p1a: Cinderace
|
|upkeep
|turn|22
|
|t:|1760878854
|move|p1a: Cinderace|U-turn|p2a: Milotic
|-start|p1a: Cinderace|typechange|Bug|[from] ability: Libero
|-damage|p2a: Milotic|72/100
|-damage|p1a: Cinderace|59/100|[from] item: Rocky Helmet|[of] p2a: Milotic
|
|t:|1760878859
|switch|p1a: Azumarill|Azumarill, F|48/100|[from] U-turn
|move|p2a: Milotic|Flip Turn|p1a: Azumarill
|-resisted|p1a: Azumarill
|-damage|p1a: Azumarill|42/100
|
|t:|1760878883
|switch|p2a: Garchomp|Garchomp, M|43/100|[from] Flip Turn
|
|upkeep
|turn|23
|
|t:|1760878889
|move|p2a: Garchomp|Earthquake|p1a: Azumarill
|-damage|p1a: Azumarill|0 fnt
|faint|p1a: Azumarill
|
|upkeep
|
|t:|1760878892
|switch|p1a: Iron Valiant|Iron Valiant, tera:Ghost|5/100
|turn|24
|
|t:|1760878901
|move|p1a: Iron Valiant|Moonblast|p2a: Garchomp
|-supereffective|p2a: Garchomp
|-damage|p2a: Garchomp|0 fnt
|faint|p2a: Garchomp
|
|upkeep
|
|t:|1760878905
|switch|p2a: Milotic|Milotic, F|72/100
|turn|25
|
|t:|1760878915
|move|p1a: Iron Valiant|Shadow Ball|p2a: Milotic
|-crit|p2a: Milotic
|-damage|p2a: Milotic|35/100
|-unboost|p2a: Milotic|spd|1
|move|p2a: Milotic|Scald|p1a: Iron Valiant
|-damage|p1a: Iron Valiant|0 fnt
|faint|p1a: Iron Valiant
|-end|p1a: Iron Valiant|Quark Drive|[silent]
|
|upkeep
|
|t:|1760878919
|switch|p1a: Cinderace|Cinderace, F|59/100
|turn|26
|
|t:|1760878936
|move|p1a: Cinderace|U-turn|p2a: Milotic
|-start|p1a: Cinderace|typechange|Bug|[from] ability: Libero
|-damage|p2a: Milotic|9/100
|-damage|p1a: Cinderace|42/100|[from] item: Rocky Helmet|[of] p2a: Milotic
|move|p2a: Milotic|Recover|p2a: Milotic
|-heal|p2a: Milotic|59/100
|
|upkeep
|turn|27
|
|t:|1760878943
|move|p1a: Cinderace|U-turn|p2a: Milotic
|-damage|p2a: Milotic|30/100
|-damage|p1a: Cinderace|26/100|[from] item: Rocky Helmet|[of] p2a: Milotic
|move|p2a: Milotic|Recover|p2a: Milotic
|-heal|p2a: Milotic|80/100
|
|upkeep
|turn|28
|-message|Lonelyenders forfeited.
|
|win|Howsthatforaname
|raw|Lonelyenders's rating: 1299 &rarr; <strong>1277</strong><br />(-22 for losing)
|raw|Howsthatforaname's rating: 1342 &rarr; <strong>1360</strong><br />(+18 for winning)
|l|☆Lonelyenders
|player|p1|
|l|☆Howsthatforaname
|player|p2|
