|j|☆Beejay242
|j|☆KennytheslugSmith
|t:|1760855760
|gametype|singles
|player|p1|Beejay242|266|1069
|player|p2|KennytheslugSmith|scientist-gen4dp|1000
|gen|9
|tier|[Gen 9] OU
|rated|
|rule|HP Percentage Mod: HP is shown in percentages
|rule|Endless Battle Clause: Forcing endless battles is banned
|rule|Species Clause: Limit one of each Pokémon
|rule|OHKO Clause: OHKO moves are banned
|rule|Evasion Items Clause: Evasion items are banned
|rule|Evasion Moves Clause: Evasion moves are banned
|rule|Evasion Abilities Clause: Evasion abilities are banned
|rule|Sleep Moves Clause: Sleep-inducing moves are banned
|clearpoke
|poke|p1|Darkrai|
|poke|p1|Dragapult, M|
|poke|p1|Glimmora, F|
|poke|p1|Samurott-Hisui, M|
|poke|p1|Walking Wake|
|poke|p1|Torkoal, F|
|poke|p2|Hydrapple, M|
|poke|p2|Skarmory, M|
|poke|p2|Tyranitar, F|
|poke|p2|Alomomola, M|
|poke|p2|Clodsire, F|
|poke|p2|Clefable, M|
|teampreview
|inactive|Battle timer is ON: inactive players will automatically lose when time's up. (requested by KennytheslugSmith)
|inactive|Beejay242 has 120 seconds left.
|
|t:|1760855814
|teamsize|p1|6
|teamsize|p2|6
|start
|switch|p1a: Samurott|Samurott-Hisui, M|100/100
|switch|p2a: Clodsire|Clodsire, F|100/100
|turn|1
|
|t:|1760855821
|switch|p2a: Hydrapple|Hydrapple, M|100/100
|move|p1a: Samurott|Ceaseless Edge|p2a: Hydrapple
|-damage|p2a: Hydrapple|63/100
|-sidestart|p2: KennytheslugSmith|Spikes
|
|upkeep
|turn|2
|inactive|Beejay242 has 120 seconds left.
|
|t:|1760855853
|move|p1a: Samurott|Ceaseless Edge|p2a: Hydrapple
|-damage|p2a: Hydrapple|23/100
|-sidestart|p2: KennytheslugSmith|Spikes
|move|p2a: Hydrapple|Giga Drain|p1a: Samurott
|-supereffective|p1a: Samurott
|-damage|p1a: Samurott|15/100
|-heal|p2a: Hydrapple|59/100|[from] drain|[of] p1a: Samurott
|
|upkeep
|turn|3
|
|t:|1760855862
|move|p1a: Samurott|Ceaseless Edge|p2a: Hydrapple
|-damage|p2a: Hydrapple|20/100
|-sidestart|p2: KennytheslugSmith|Spikes
|move|p2a: Hydrapple|Giga Drain|p1a: Samurott
|-supereffective|p1a: Samurott
|-damage|p1a: Samurott|0 fnt
|-heal|p2a: Hydrapple|26/100|[from] drain|[of] p1a: Samurott
|faint|p1a: Samurott
|
|upkeep
|inactive|Beejay242 has 120 seconds left.
|
|t:|1760855901
|switch|p1a: Darkrai|Darkrai|100/100
|turn|4
|
|t:|1760855908
|switch|p2a: Clodsire|Clodsire, F|100/100
|move|p1a: Darkrai|Nasty Plot|p1a: Darkrai
|-boost|p1a: Darkrai|spa|2
|
|upkeep
|turn|5
|
|t:|1760855917
|move|p1a: Darkrai|Ice Beam|p2a: Clodsire
|-supereffective|p2a: Clodsire
|-damage|p2a: Clodsire|68/100
|move|p2a: Clodsire|Toxic|p1a: Darkrai
|-status|p1a: Darkrai|tox
|
|-damage|p1a: Darkrai|94/100 tox|[from] psn
|upkeep
|turn|6
|
|t:|1760855926
|move|p1a: Darkrai|Dark Pulse|p2a: Clodsire
|-damage|p2a: Clodsire|46/100
|move|p2a: Clodsire|Recover|p2a: Clodsire
|-heal|p2a: Clodsire|96/100
|
|-damage|p1a: Darkrai|82/100 tox|[from] psn
|upkeep
|turn|7
|inactive|Beejay242 has 120 seconds left.
|
|t:|1760855942
|move|p1a: Darkrai|Ice Beam|p2a: Clodsire
|-supereffective|p2a: Clodsire
|-damage|p2a: Clodsire|64/100
|move|p2a: Clodsire|Amnesia|p2a: Clodsire
|-boost|p2a: Clodsire|spd|2
|
|-damage|p1a: Darkrai|64/100 tox|[from] psn
|upkeep
|turn|8
|
|t:|1760855951
|switch|p1a: Dragapult|Dragapult, M|100/100
|move|p2a: Clodsire|Recover|p2a: Clodsire
|-heal|p2a: Clodsire|100/100
|
|upkeep
|turn|9
|
|t:|1760855958
|switch|p2a: Clefable|Clefable, M|100/100
|move|p1a: Dragapult|Substitute|p1a: Dragapult
|-start|p1a: Dragapult|Substitute
|-damage|p1a: Dragapult|76/100
|
|upkeep
|turn|10
|
|t:|1760855967
|move|p1a: Dragapult|Dragon Dance|p1a: Dragapult
|-boost|p1a: Dragapult|atk|1
|-boost|p1a: Dragapult|spe|1
|move|p2a: Clefable|Moonblast|p1a: Dragapult
|-supereffective|p1a: Dragapult
|-end|p1a: Dragapult|Substitute
|
|upkeep
|turn|11
|
|t:|1760855979
|switch|p1a: Glimmora|Glimmora, F|100/100
|move|p2a: Clefable|Wish|p2a: Clefable
|
|upkeep
|turn|12
|
|t:|1760855986
|switch|p2a: Clodsire|Clodsire, F|100/100
|move|p1a: Glimmora|Meteor Beam||[still]
|-prepare|p1a: Glimmora|Meteor Beam
|-boost|p1a: Glimmora|spa|1
|-enditem|p1a: Glimmora|Power Herb
|-anim|p1a: Glimmora|Meteor Beam|p2a: Clodsire
|-resisted|p2a: Clodsire
|-damage|p2a: Clodsire|84/100
|
|-heal|p2a: Clodsire|100/100|[from] move: Wish|[wisher] Clefable
|upkeep
|turn|13
|
|t:|1760855998
|move|p1a: Glimmora|Meteor Beam||[still]
|-prepare|p1a: Glimmora|Meteor Beam
|-boost|p1a: Glimmora|spa|1
|move|p2a: Clodsire|Earthquake|p1a: Glimmora
|-supereffective|p1a: Glimmora
|-damage|p1a: Glimmora|0 fnt
|-activate|p1a: Glimmora|ability: Toxic Debris
|-sidestart|p2: KennytheslugSmith|move: Toxic Spikes
|faint|p1a: Glimmora
|
|upkeep
|
|t:|1760856008
|switch|p1a: Torkoal|Torkoal, F|100/100
|-weather|SunnyDay|[from] ability: Drought|[of] p1a: Torkoal
|turn|14
|
|t:|1760856015
|switch|p2a: Tyranitar|Tyranitar, F|100/100
|-weather|Sandstorm|[from] ability: Sand Stream|[of] p2a: Tyranitar
|move|p1a: Torkoal|Lava Plume|p2a: Tyranitar
|-resisted|p2a: Tyranitar
|-damage|p2a: Tyranitar|95/100
|
|-weather|Sandstorm|[upkeep]
|-damage|p1a: Torkoal|94/100|[from] Sandstorm
|upkeep
|turn|15
|
|t:|1760856027
|switch|p2a: Alomomola|Alomomola, M, shiny|100/100
|move|p1a: Torkoal|Scorching Sands|p2a: Alomomola
|-damage|p2a: Alomomola|88/100
|
|-weather|Sandstorm|[upkeep]
|-damage|p2a: Alomomola|81/100|[from] Sandstorm
|-damage|p1a: Torkoal|88/100|[from] Sandstorm
|upkeep
|turn|16
|-message|Beejay242 forfeited.
|
|win|KennytheslugSmith
|raw|Beejay242's rating: 1104 &rarr; <strong>1072</strong><br />(-32 for losing)
|raw|KennytheslugSmith's rating: 1000 &rarr; <strong>1052</strong><br />(+52 for winning)
|l|☆Beejay242
|player|p1|
