|j|☆pegasofenix
|j|☆LuckyLucario1
|t:|1760847442
|gametype|singles
|player|p1|pegasofenix|lance|1165
|player|p2|LuckyLucario1|266|1168
|gen|9
|tier|[Gen 9] OU
|rated|
|rule|HP Percentage Mod: HP is shown in percentages
|rule|Endless Battle Clause: Forcing endless battles is banned
|rule|Species Clause: Limit one of each Pokémon
|rule|OHKO Clause: OHKO moves are banned
|rule|Evasion Items Clause: Evasion items are banned
|rule|Evasion Moves Clause: Evasion moves are banned
|rule|Evasion Abilities Clause: Evasion abilities are banned
|rule|Sleep Moves Clause: Sleep-inducing moves are banned
|clearpoke
|poke|p1|Gyarados, M|
|poke|p1|Jolteon, M|
|poke|p1|Meowscarada, F|
|poke|p1|Vileplume, F|
|poke|p1|Garganacl, M|
|poke|p1|Gengar, M|
|poke|p2|Pelipper, F|
|poke|p2|Hatterene, F|
|poke|p2|Iron Treads|
|poke|p2|Toxicroak, F|
|poke|p2|Barraskewda, F|
|poke|p2|Zapdos|
|teampreview
|c|☆LuckyLucario1|good luck
|
|t:|1760847456
|teamsize|p1|6
|teamsize|p2|6
|start
|switch|p1a: Meowscarada|Meowscarada, F, shiny|100/100
|switch|p2a: Iron Treads|Iron Treads|100/100
|turn|1
|
|t:|1760847467
|move|p1a: Meowscarada|U-turn|p2a: Iron Treads
|-start|p1a: Meowscarada|typechange|Bug|[from] ability: Protean
|-resisted|p2a: Iron Treads
|-damage|p2a: Iron Treads|88/100
|
|t:|1760847476
|switch|p1a: Vileplume|Vileplume, F, shiny|100/100|[from] U-turn
|move|p2a: Iron Treads|Stealth Rock|p1a: Vileplume
|-sidestart|p1: pegasofenix|move: Stealth Rock
|
|-heal|p2a: Iron Treads|94/100|[from] item: Leftovers
|upkeep
|turn|2
|
|t:|1760847486
|move|p2a: Iron Treads|Earthquake|p1a: Vileplume
|-damage|p1a: Vileplume|63/100
|move|p1a: Vileplume|Leech Seed|p2a: Iron Treads
|-start|p2a: Iron Treads|move: Leech Seed
|
|-heal|p2a: Iron Treads|99/100|[from] item: Leftovers
|-damage|p2a: Iron Treads|88/100|[from] Leech Seed|[of] p1a: Vileplume
|-heal|p1a: Vileplume|77/100|[silent]
|upkeep
|turn|3
|
|t:|1760847495
|-end|p2a: Iron Treads|Quark Drive|[silent]
|switch|p2a: Pelipper|Pelipper, F|100/100
|-weather|RainDance|[from] ability: Drizzle|[of] p2a: Pelipper
|move|p1a: Vileplume|Giga Drain|p2a: Pelipper
|-damage|p2a: Pelipper|75/100
|-heal|p1a: Vileplume|90/100|[from] drain|[of] p2a: Pelipper
|
|-weather|RainDance|[upkeep]
|upkeep
|turn|4
|
|t:|1760847504
|move|p1a: Vileplume|Leech Seed|p2a: Pelipper
|-start|p2a: Pelipper|move: Leech Seed
|move|p2a: Pelipper|Hurricane|p1a: Vileplume
|-supereffective|p1a: Vileplume
|-damage|p1a: Vileplume|31/100
|
|-weather|RainDance|[upkeep]
|-damage|p2a: Pelipper|63/100|[from] Leech Seed|[of] p1a: Vileplume
|-heal|p1a: Vileplume|44/100|[silent]
|upkeep
|turn|5
|
|t:|1760847514
|move|p1a: Vileplume|Strength Sap|p2a: Pelipper
|-unboost|p2a: Pelipper|atk|1
|-heal|p1a: Vileplume|85/100
|move|p2a: Pelipper|U-turn|p1a: Vileplume
|-damage|p1a: Vileplume|78/100
|-damage|p2a: Pelipper|47/100|[from] item: Rocky Helmet|[of] p1a: Vileplume
|
|t:|1760847521
|switch|p2a: Barraskewda|Barraskewda, F|100/100|[from] U-turn
|
|-weather|RainDance|[upkeep]
|upkeep
|turn|6
|
|t:|1760847525
|-terastallize|p2a: Barraskewda|Water
|move|p2a: Barraskewda|Liquidation|p1a: Vileplume
|-resisted|p1a: Vileplume
|-damage|p1a: Vileplume|3/100
|-damage|p2a: Barraskewda|84/100|[from] item: Rocky Helmet|[of] p1a: Vileplume
|move|p1a: Vileplume|Giga Drain|p2a: Barraskewda
|-supereffective|p2a: Barraskewda
|-damage|p2a: Barraskewda|0 fnt
|-heal|p1a: Vileplume|37/100|[from] drain|[of] p2a: Barraskewda
|faint|p2a: Barraskewda
|
|-weather|RainDance|[upkeep]
|upkeep
|
|t:|1760847533
|switch|p2a: Zapdos|Zapdos|100/100
|turn|7
|
|t:|1760847541
|move|p2a: Zapdos|Hurricane|p1a: Vileplume
|-supereffective|p1a: Vileplume
|-damage|p1a: Vileplume|0 fnt
|faint|p1a: Vileplume
|
|-weather|RainDance|[upkeep]
|upkeep
|
|t:|1760847554
|switch|p1a: Garganacl|Garganacl, M, shiny|100/100
|-damage|p1a: Garganacl|88/100|[from] Stealth Rock
|turn|8
|
|t:|1760847560
|switch|p2a: Toxicroak|Toxicroak, F|100/100
|move|p1a: Garganacl|Salt Cure|p2a: Toxicroak
|-resisted|p2a: Toxicroak
|-damage|p2a: Toxicroak|94/100
|-start|p2a: Toxicroak|Salt Cure
|
|-weather|RainDance|[upkeep]
|-heal|p2a: Toxicroak|100/100|[from] ability: Dry Skin
|-heal|p1a: Garganacl|94/100|[from] item: Leftovers
|-damage|p2a: Toxicroak|88/100|[from] Salt Cure
|upkeep
|turn|9
|
|t:|1760847572
|move|p2a: Toxicroak|Knock Off|p1a: Garganacl
|-damage|p1a: Garganacl|82/100
|-enditem|p1a: Garganacl|Leftovers|[from] move: Knock Off|[of] p2a: Toxicroak
|move|p1a: Garganacl|Stealth Rock|p2a: Toxicroak
|-sidestart|p2: LuckyLucario1|move: Stealth Rock
|
|-weather|RainDance|[upkeep]
|-heal|p2a: Toxicroak|100/100|[from] ability: Dry Skin
|-damage|p2a: Toxicroak|88/100|[from] Salt Cure
|upkeep
|turn|10
|
|t:|1760847581
|move|p2a: Toxicroak|Drain Punch|p1a: Garganacl
|-supereffective|p1a: Garganacl
|-damage|p1a: Garganacl|53/100
|-heal|p2a: Toxicroak|100/100|[from] drain|[of] p1a: Garganacl
|move|p1a: Garganacl|Curse|p1a: Garganacl
|-unboost|p1a: Garganacl|spe|1
|-boost|p1a: Garganacl|atk|1
|-boost|p1a: Garganacl|def|1
|
|-weather|none
|-damage|p2a: Toxicroak|88/100|[from] Salt Cure
|upkeep
|turn|11
|
|t:|1760847597
|move|p2a: Toxicroak|Drain Punch|p1a: Garganacl
|-supereffective|p1a: Garganacl
|-damage|p1a: Garganacl|35/100
|-heal|p2a: Toxicroak|98/100|[from] drain|[of] p1a: Garganacl
|move|p1a: Garganacl|Recover|p1a: Garganacl
|-heal|p1a: Garganacl|85/100
|
|-damage|p2a: Toxicroak|85/100|[from] Salt Cure
|upkeep
|turn|12
|
|t:|1760847610
|move|p2a: Toxicroak|Drain Punch|p1a: Garganacl
|-supereffective|p1a: Garganacl
|-damage|p1a: Garganacl|65/100
|-heal|p2a: Toxicroak|96/100|[from] drain|[of] p1a: Garganacl
|move|p1a: Garganacl|Curse|p1a: Garganacl
|-unboost|p1a: Garganacl|spe|1
|-boost|p1a: Garganacl|atk|1
|-boost|p1a: Garganacl|def|1
|
|-damage|p2a: Toxicroak|84/100|[from] Salt Cure
|upkeep
|turn|13
|
|t:|1760847623
|move|p2a: Toxicroak|Drain Punch|p1a: Garganacl
|-supereffective|p1a: Garganacl
|-damage|p1a: Garganacl|52/100
|-heal|p2a: Toxicroak|91/100|[from] drain|[of] p1a: Garganacl
|move|p1a: Garganacl|Curse|p1a: Garganacl
|-unboost|p1a: Garganacl|spe|1
|-boost|p1a: Garganacl|atk|1
|-boost|p1a: Garganacl|def|1
|
|-damage|p2a: Toxicroak|79/100|[from] Salt Cure
|upkeep
|turn|14
|
|t:|1760847633
|move|p2a: Toxicroak|Drain Punch|p1a: Garganacl
|-supereffective|p1a: Garganacl
|-damage|p1a: Garganacl|40/100
|-heal|p2a: Toxicroak|85/100|[from] drain|[of] p1a: Garganacl
|move|p1a: Garganacl|Recover|p1a: Garganacl
|-heal|p1a: Garganacl|90/100
|
|-damage|p2a: Toxicroak|73/100|[from] Salt Cure
|upkeep
|turn|15
|
|t:|1760847642
|move|p2a: Toxicroak|Drain Punch|p1a: Garganacl
|-supereffective|p1a: Garganacl
|-damage|p1a: Garganacl|79/100
|-heal|p2a: Toxicroak|79/100|[from] drain|[of] p1a: Garganacl
|move|p1a: Garganacl|Salt Cure|p2a: Toxicroak
|-resisted|p2a: Toxicroak
|-damage|p2a: Toxicroak|62/100
|
|-damage|p2a: Toxicroak|50/100|[from] Salt Cure
|upkeep
|turn|16
|
|t:|1760847655
|switch|p2a: Zapdos|Zapdos|100/100
|-damage|p2a: Zapdos|76/100|[from] Stealth Rock
|move|p1a: Garganacl|Salt Cure|p2a: Zapdos
|-supereffective|p2a: Zapdos
|-damage|p2a: Zapdos|0 fnt
|faint|p2a: Zapdos
|
|upkeep
|
|t:|1760847660
|switch|p2a: Iron Treads|Iron Treads|88/100
|-damage|p2a: Iron Treads|85/100|[from] Stealth Rock
|turn|17
|-message|LuckyLucario1 forfeited.
|
|win|pegasofenix
|raw|pegasofenix's rating: 1165 &rarr; <strong>1190</strong><br />(+25 for winning)
|raw|LuckyLucario1's rating: 1168 &rarr; <strong>1143</strong><br />(-25 for losing)
|l|☆LuckyLucario1
|player|p2|
|l|☆pegasofenix
|player|p1|
