|j|☆Marc_Hsiao
|j|☆Allheckers
|t:|1760776331
|gametype|singles
|player|p1|Marc_Hsiao|2|1131
|player|p2|Allheckers|sabrina|1179
|gen|9
|tier|[Gen 9] OU
|rated|
|rule|HP Percentage Mod: HP is shown in percentages
|rule|Endless Battle Clause: Forcing endless battles is banned
|rule|Species Clause: Limit one of each Pokémon
|rule|OHKO Clause: OHKO moves are banned
|rule|Evasion Items Clause: Evasion items are banned
|rule|Evasion Moves Clause: Evasion moves are banned
|rule|Evasion Abilities Clause: Evasion abilities are banned
|rule|Sleep Moves Clause: Sleep-inducing moves are banned
|clearpoke
|poke|p1|Incineroar, F|
|poke|p1|Dondozo, M|
|poke|p1|Scizor, M|
|poke|p1|Excadrill, M|
|poke|p1|Rotom-Wash|
|poke|p1|Hatterene, F|
|poke|p2|Keldeo-Resolute|
|poke|p2|Masquerain, F|
|poke|p2|Sableye, M|
|poke|p2|Glimmora, M|
|poke|p2|Whimsicott, M|
|poke|p2|Polteageist-Antique|
|teampreview
|
|t:|1760776342
|teamsize|p1|6
|teamsize|p2|6
|start
|switch|p1a: Incineroar|Incineroar, F|100/100
|switch|p2a: Polteageist|Polteageist-Antique|100/100
|-ability|p1a: Incineroar|Intimidate|boost
|-unboost|p2a: Polteageist|atk|1
|turn|1
|
|t:|1760776346
|move|p2a: Polteageist|Shell Smash|p2a: Polteageist
|-unboost|p2a: Polteageist|def|1
|-unboost|p2a: Polteageist|spd|1
|-boost|p2a: Polteageist|atk|2
|-boost|p2a: Polteageist|spa|2
|-boost|p2a: Polteageist|spe|2
|move|p1a: Incineroar|Knock Off|p2a: Polteageist
|-supereffective|p2a: Polteageist
|-enditem|p2a: Polteageist|Focus Sash
|-damage|p2a: Polteageist|1/100
|-ability|p2a: Polteageist|Weak Armor|boost
|-unboost|p2a: Polteageist|def|1
|-boost|p2a: Polteageist|spe|2
|
|upkeep
|turn|2
|
|t:|1760776360
|-terastallize|p2a: Polteageist|Fighting
|move|p2a: Polteageist|Tera Blast|p1a: Incineroar|[anim] Tera Blast Fighting
|-supereffective|p1a: Incineroar
|-damage|p1a: Incineroar|0 fnt
|faint|p1a: Incineroar
|
|upkeep
|
|t:|1760776366
|switch|p1a: Scizor|Scizor, M|100/100
|turn|3
|
|t:|1760776373
|move|p1a: Scizor|Bullet Punch|p2a: Polteageist
|-damage|p2a: Polteageist|0 fnt
|faint|p2a: Polteageist
|
|upkeep
|
|t:|1760776375
|switch|p2a: Sableye|Sableye, M|100/100
|turn|4
|
|t:|1760776383
|switch|p1a: Hatterene|Hatterene, F|100/100
|move|p2a: Sableye|Will-O-Wisp|p1a: Hatterene
|move|p1a: Hatterene|Will-O-Wisp|p2a: Sableye|[from] ability: Magic Bounce
|-status|p2a: Sableye|brn
|
|-damage|p2a: Sableye|95/100 brn|[from] brn
|upkeep
|turn|5
|
|t:|1760776393
|move|p2a: Sableye|Knock Off|p1a: Hatterene
|-damage|p1a: Hatterene|85/100
|-enditem|p1a: Hatterene|Assault Vest|[from] move: Knock Off|[of] p2a: Sableye
|move|p1a: Hatterene|Draining Kiss|p2a: Sableye
|-supereffective|p2a: Sableye
|-damage|p2a: Sableye|31/100 brn
|-heal|p1a: Hatterene|100/100|[from] drain|[of] p2a: Sableye
|
|-heal|p2a: Sableye|37/100 brn|[from] item: Leftovers
|-damage|p2a: Sableye|31/100 brn|[from] brn
|upkeep
|turn|6
|
|t:|1760776401
|switch|p2a: Glimmora|Glimmora, M, shiny|100/100
|move|p1a: Hatterene|Draining Kiss|p2a: Glimmora
|-resisted|p2a: Glimmora
|-damage|p2a: Glimmora|83/100
|
|upkeep
|turn|7
|
|t:|1760776408
|move|p2a: Glimmora|Sludge Wave|p1a: Hatterene
|-supereffective|p1a: Hatterene
|-damage|p1a: Hatterene|0 fnt
|faint|p1a: Hatterene
|
|upkeep
|
|t:|1760776413
|switch|p1a: Scizor|Scizor, M|100/100
|turn|8
|
|t:|1760776423
|switch|p2a: Keldeo|Keldeo-Resolute|100/100
|move|p1a: Scizor|Swords Dance|p1a: Scizor
|-boost|p1a: Scizor|atk|2
|
|upkeep
|turn|9
|
|t:|1760776434
|move|p2a: Keldeo|Secret Sword|p1a: Scizor
|-damage|p1a: Scizor|52/100
|move|p1a: Scizor|U-turn|p2a: Keldeo
|-resisted|p2a: Keldeo
|-damage|p2a: Keldeo|56/100
|
|t:|1760776440
|switch|p1a: Excadrill|Excadrill, M|100/100|[from] U-turn
|-ability|p1a: Excadrill|Mold Breaker
|
|upkeep
|turn|10
|
|t:|1760776449
|move|p2a: Keldeo|Surf|p1a: Excadrill
|-supereffective|p1a: Excadrill
|-enditem|p1a: Excadrill|Focus Sash
|-damage|p1a: Excadrill|1/100
|move|p1a: Excadrill|Earthquake|p2a: Keldeo
|-damage|p2a: Keldeo|0 fnt
|faint|p2a: Keldeo
|
|upkeep
|
|t:|1760776455
|switch|p2a: Masquerain|Masquerain, F|100/100
|-ability|p2a: Masquerain|Intimidate|boost
|-unboost|p1a: Excadrill|atk|1
|turn|11
|
|t:|1760776463
|move|p1a: Excadrill|Rock Slide|p2a: Masquerain
|-supereffective|p2a: Masquerain
|-damage|p2a: Masquerain|0 fnt
|faint|p2a: Masquerain
|
|upkeep
|
|t:|1760776467
|switch|p2a: Sableye|Sableye, M|31/100 brn
|turn|12
|
|t:|1760776473
|move|p2a: Sableye|Recover|p2a: Sableye
|-heal|p2a: Sableye|81/100 brn
|move|p1a: Excadrill|Earthquake|p2a: Sableye
|-damage|p2a: Sableye|32/100 brn
|
|-heal|p2a: Sableye|37/100 brn|[from] item: Leftovers
|-damage|p2a: Sableye|32/100 brn|[from] brn
|upkeep
|turn|13
|
|t:|1760776480
|move|p2a: Sableye|Will-O-Wisp|p1a: Excadrill
|-status|p1a: Excadrill|brn
|move|p1a: Excadrill|Earthquake|p2a: Sableye
|-damage|p2a: Sableye|4/100 brn
|
|-heal|p2a: Sableye|10/100 brn|[from] item: Leftovers
|-damage|p1a: Excadrill|0 fnt|[from] brn
|faint|p1a: Excadrill
|-damage|p2a: Sableye|4/100 brn|[from] brn
|upkeep
|
|t:|1760776487
|switch|p1a: Scizor|Scizor, M|52/100
|turn|14
|
|t:|1760776489
|move|p1a: Scizor|Bullet Punch|p2a: Sableye
|-damage|p2a: Sableye|0 fnt
|faint|p2a: Sableye
|
|upkeep
|
|t:|1760776493
|switch|p2a: Glimmora|Glimmora, M, shiny|83/100
|turn|15
|
|t:|1760776505
|switch|p1a: Dondozo|Dondozo, M|100/100
|move|p2a: Glimmora|Power Gem|p1a: Dondozo
|-damage|p1a: Dondozo|63/100
|
|-heal|p1a: Dondozo|70/100|[from] item: Leftovers
|upkeep
|turn|16
|
|t:|1760776509
|move|p1a: Dondozo|Protect|p1a: Dondozo
|-singleturn|p1a: Dondozo|Protect
|move|p2a: Glimmora|Sludge Wave|p1a: Dondozo
|-activate|p1a: Dondozo|move: Protect
|
|-heal|p1a: Dondozo|76/100|[from] item: Leftovers
|upkeep
|turn|17
|
|t:|1760776516
|switch|p2a: Whimsicott|Whimsicott, M|100/100
|-terastallize|p1a: Dondozo|Steel
|move|p1a: Dondozo|Earthquake|p2a: Whimsicott
|-resisted|p2a: Whimsicott
|-damage|p2a: Whimsicott|87/100
|
|-heal|p2a: Whimsicott|93/100|[from] item: Leftovers
|-heal|p1a: Dondozo|82/100|[from] item: Leftovers
|upkeep
|turn|18
|
|t:|1760776525
|move|p2a: Whimsicott|Substitute|p2a: Whimsicott
|-start|p2a: Whimsicott|Substitute
|-damage|p2a: Whimsicott|68/100
|move|p1a: Dondozo|Curse|p1a: Dondozo
|-unboost|p1a: Dondozo|spe|1
|-boost|p1a: Dondozo|atk|1
|-boost|p1a: Dondozo|def|1
|
|-heal|p2a: Whimsicott|74/100|[from] item: Leftovers
|-heal|p1a: Dondozo|88/100|[from] item: Leftovers
|upkeep
|turn|19
|
|t:|1760776528
|move|p2a: Whimsicott|Leech Seed|p1a: Dondozo
|-start|p1a: Dondozo|move: Leech Seed
|move|p1a: Dondozo|Curse|p1a: Dondozo
|-unboost|p1a: Dondozo|spe|1
|-boost|p1a: Dondozo|atk|1
|-boost|p1a: Dondozo|def|1
|
|-heal|p2a: Whimsicott|81/100|[from] item: Leftovers
|-heal|p1a: Dondozo|94/100|[from] item: Leftovers
|-damage|p1a: Dondozo|82/100|[from] Leech Seed|[of] p2a: Whimsicott
|-heal|p2a: Whimsicott|100/100|[silent]
|upkeep
|turn|20
|
|t:|1760776535
|move|p2a: Whimsicott|Encore|p1a: Dondozo
|-start|p1a: Dondozo|Encore
|move|p1a: Dondozo|Curse|p1a: Dondozo
|-unboost|p1a: Dondozo|spe|1
|-boost|p1a: Dondozo|atk|1
|-boost|p1a: Dondozo|def|1
|
|-heal|p1a: Dondozo|88/100|[from] item: Leftovers
|-damage|p1a: Dondozo|75/100|[from] Leech Seed|[of] p2a: Whimsicott
|upkeep
|turn|21
|
|t:|1760776545
|switch|p1a: Rotom|Rotom-Wash|100/100
|move|p2a: Whimsicott|Leech Seed|p1a: Rotom
|-start|p1a: Rotom|move: Leech Seed
|
|-damage|p1a: Rotom|88/100|[from] Leech Seed|[of] p2a: Whimsicott
|upkeep
|turn|22
|
|t:|1760776558
|move|p1a: Rotom|Trick||[still]
|-fail|p1a: Rotom
|move|p2a: Whimsicott|Moonblast|p1a: Rotom
|-damage|p1a: Rotom|46/100
|
|-damage|p1a: Rotom|33/100|[from] Leech Seed|[of] p2a: Whimsicott
|upkeep
|turn|23
|
|t:|1760776572
|switch|p1a: Scizor|Scizor, M|52/100
|move|p2a: Whimsicott|Moonblast|p1a: Scizor
|-resisted|p1a: Scizor
|-damage|p1a: Scizor|32/100
|-unboost|p1a: Scizor|spa|1
|-enditem|p1a: Scizor|Sitrus Berry|[eat]
|-heal|p1a: Scizor|57/100|[from] item: Sitrus Berry
|
|upkeep
|turn|24
|
|t:|1760776579
|move|p2a: Whimsicott|Leech Seed|p1a: Scizor
|-start|p1a: Scizor|move: Leech Seed
|move|p1a: Scizor|Bullet Punch|p2a: Whimsicott
|-supereffective|p2a: Whimsicott
|-end|p2a: Whimsicott|Substitute
|
|-damage|p1a: Scizor|44/100|[from] Leech Seed|[of] p2a: Whimsicott
|upkeep
|turn|25
|
|t:|1760776590
|move|p2a: Whimsicott|Substitute|p2a: Whimsicott
|-start|p2a: Whimsicott|Substitute
|-damage|p2a: Whimsicott|76/100
|move|p1a: Scizor|Bullet Punch|p2a: Whimsicott
|-supereffective|p2a: Whimsicott
|-end|p2a: Whimsicott|Substitute
|
|-heal|p2a: Whimsicott|82/100|[from] item: Leftovers
|-damage|p1a: Scizor|32/100|[from] Leech Seed|[of] p2a: Whimsicott
|-heal|p2a: Whimsicott|98/100|[silent]
|upkeep
|turn|26
|
|t:|1760776598
|move|p2a: Whimsicott|Substitute|p2a: Whimsicott
|-start|p2a: Whimsicott|Substitute
|-damage|p2a: Whimsicott|73/100
|move|p1a: Scizor|Bullet Punch|p2a: Whimsicott
|-supereffective|p2a: Whimsicott
|-end|p2a: Whimsicott|Substitute
|
|-heal|p2a: Whimsicott|79/100|[from] item: Leftovers
|-damage|p1a: Scizor|19/100|[from] Leech Seed|[of] p2a: Whimsicott
|-heal|p2a: Whimsicott|96/100|[silent]
|upkeep
|turn|27
|
|t:|1760776604
|switch|p1a: Dondozo|Dondozo, M, tera:Steel|75/100
|move|p2a: Whimsicott|Substitute|p2a: Whimsicott
|-start|p2a: Whimsicott|Substitute
|-damage|p2a: Whimsicott|71/100
|
|-heal|p2a: Whimsicott|77/100|[from] item: Leftovers
|-heal|p1a: Dondozo|81/100|[from] item: Leftovers
|upkeep
|turn|28
|
|t:|1760776614
|move|p2a: Whimsicott|Leech Seed|p1a: Dondozo
|-start|p1a: Dondozo|move: Leech Seed
|move|p1a: Dondozo|Earthquake|p2a: Whimsicott
|-resisted|p2a: Whimsicott
|-activate|p2a: Whimsicott|move: Substitute|[damage]
|
|-heal|p2a: Whimsicott|83/100|[from] item: Leftovers
|-heal|p1a: Dondozo|88/100|[from] item: Leftovers
|-damage|p1a: Dondozo|75/100|[from] Leech Seed|[of] p2a: Whimsicott
|-heal|p2a: Whimsicott|100/100|[silent]
|upkeep
|turn|29
|
|t:|1760776623
|move|p2a: Whimsicott|Encore|p1a: Dondozo
|-start|p1a: Dondozo|Encore
|move|p1a: Dondozo|Earthquake|p2a: Whimsicott
|-resisted|p2a: Whimsicott
|-end|p2a: Whimsicott|Substitute
|
|-heal|p1a: Dondozo|81/100|[from] item: Leftovers
|-damage|p1a: Dondozo|69/100|[from] Leech Seed|[of] p2a: Whimsicott
|upkeep
|turn|30
|
|t:|1760776631
|move|p2a: Whimsicott|Leech Seed||[still]
|-fail|p2a: Whimsicott
|move|p1a: Dondozo|Earthquake|p2a: Whimsicott
|-resisted|p2a: Whimsicott
|-damage|p2a: Whimsicott|86/100
|
|-heal|p2a: Whimsicott|92/100|[from] item: Leftovers
|-heal|p1a: Dondozo|75/100|[from] item: Leftovers
|-damage|p1a: Dondozo|62/100|[from] Leech Seed|[of] p2a: Whimsicott
|-heal|p2a: Whimsicott|100/100|[silent]
|upkeep
|turn|31
|
|t:|1760776639
|move|p2a: Whimsicott|Substitute|p2a: Whimsicott
|-start|p2a: Whimsicott|Substitute
|-damage|p2a: Whimsicott|76/100
|move|p1a: Dondozo|Earthquake|p2a: Whimsicott
|-resisted|p2a: Whimsicott
|-activate|p2a: Whimsicott|move: Substitute|[damage]
|
|-heal|p2a: Whimsicott|82/100|[from] item: Leftovers
|-heal|p1a: Dondozo|69/100|[from] item: Leftovers
|-damage|p1a: Dondozo|56/100|[from] Leech Seed|[of] p2a: Whimsicott
|-heal|p2a: Whimsicott|100/100|[silent]
|-end|p1a: Dondozo|Encore
|upkeep
|turn|32
|
|t:|1760776645
|move|p2a: Whimsicott|Moonblast|p1a: Dondozo
|-resisted|p1a: Dondozo
|-damage|p1a: Dondozo|40/100
|move|p1a: Dondozo|Earthquake|p2a: Whimsicott
|-resisted|p2a: Whimsicott
|-end|p2a: Whimsicott|Substitute
|
|-heal|p1a: Dondozo|47/100|[from] item: Leftovers
|-damage|p1a: Dondozo|34/100|[from] Leech Seed|[of] p2a: Whimsicott
|upkeep
|turn|33
|
|t:|1760776650
|move|p2a: Whimsicott|Encore|p1a: Dondozo
|-start|p1a: Dondozo|Encore
|move|p1a: Dondozo|Earthquake|p2a: Whimsicott
|-resisted|p2a: Whimsicott
|-damage|p2a: Whimsicott|87/100
|
|-heal|p2a: Whimsicott|94/100|[from] item: Leftovers
|-heal|p1a: Dondozo|40/100|[from] item: Leftovers
|-damage|p1a: Dondozo|28/100|[from] Leech Seed|[of] p2a: Whimsicott
|-heal|p2a: Whimsicott|100/100|[silent]
|upkeep
|turn|34
|
|t:|1760776654
|move|p2a: Whimsicott|Substitute|p2a: Whimsicott
|-start|p2a: Whimsicott|Substitute
|-damage|p2a: Whimsicott|76/100
|move|p1a: Dondozo|Earthquake|p2a: Whimsicott
|-resisted|p2a: Whimsicott
|-activate|p2a: Whimsicott|move: Substitute|[damage]
|
|-heal|p2a: Whimsicott|82/100|[from] item: Leftovers
|-heal|p1a: Dondozo|34/100|[from] item: Leftovers
|-damage|p1a: Dondozo|21/100|[from] Leech Seed|[of] p2a: Whimsicott
|-heal|p2a: Whimsicott|100/100|[silent]
|upkeep
|turn|35
|
|t:|1760776659
|move|p2a: Whimsicott|Moonblast|p1a: Dondozo
|-resisted|p1a: Dondozo
|-damage|p1a: Dondozo|6/100
|-unboost|p1a: Dondozo|spa|1
|move|p1a: Dondozo|Earthquake|p2a: Whimsicott
|-resisted|p2a: Whimsicott
|-end|p2a: Whimsicott|Substitute
|
|-heal|p1a: Dondozo|12/100|[from] item: Leftovers
|-damage|p1a: Dondozo|0 fnt|[from] Leech Seed|[of] p2a: Whimsicott
|faint|p1a: Dondozo
|upkeep
|
|t:|1760776663
|switch|p1a: Scizor|Scizor, M|19/100
|turn|36
|
|t:|1760776668
|move|p2a: Whimsicott|Leech Seed|p1a: Scizor
|-start|p1a: Scizor|move: Leech Seed
|move|p1a: Scizor|Bullet Punch|p2a: Whimsicott
|-supereffective|p2a: Whimsicott
|-damage|p2a: Whimsicott|22/100
|
|-heal|p2a: Whimsicott|28/100|[from] item: Leftovers
|-damage|p1a: Scizor|7/100|[from] Leech Seed|[of] p2a: Whimsicott
|-heal|p2a: Whimsicott|45/100|[silent]
|upkeep
|turn|37
|
|t:|1760776672
|move|p2a: Whimsicott|Substitute|p2a: Whimsicott
|-start|p2a: Whimsicott|Substitute
|-damage|p2a: Whimsicott|20/100
|move|p1a: Scizor|Bullet Punch|p2a: Whimsicott
|-supereffective|p2a: Whimsicott
|-end|p2a: Whimsicott|Substitute
|
|-heal|p2a: Whimsicott|26/100|[from] item: Leftovers
|-damage|p1a: Scizor|0 fnt|[from] Leech Seed|[of] p2a: Whimsicott
|-heal|p2a: Whimsicott|34/100|[silent]
|faint|p1a: Scizor
|upkeep
|
|t:|1760776681
|switch|p1a: Rotom|Rotom-Wash|33/100
|turn|38
|
|t:|1760776689
|move|p2a: Whimsicott|Substitute|p2a: Whimsicott
|-start|p2a: Whimsicott|Substitute
|-damage|p2a: Whimsicott|9/100
|move|p1a: Rotom|Hydro Pump|p2a: Whimsicott
|-resisted|p2a: Whimsicott
|-activate|p2a: Whimsicott|move: Substitute|[damage]
|
|-heal|p2a: Whimsicott|15/100|[from] item: Leftovers
|upkeep
|turn|39
|
|t:|1760776694
|move|p2a: Whimsicott|Leech Seed|p1a: Rotom
|-start|p1a: Rotom|move: Leech Seed
|move|p1a: Rotom|Hydro Pump|p2a: Whimsicott
|-resisted|p2a: Whimsicott
|-end|p2a: Whimsicott|Substitute
|
|-heal|p2a: Whimsicott|22/100|[from] item: Leftovers
|-damage|p1a: Rotom|21/100|[from] Leech Seed|[of] p2a: Whimsicott
|-heal|p2a: Whimsicott|33/100|[silent]
|upkeep
|turn|40
|
|t:|1760776701
|move|p2a: Whimsicott|Substitute|p2a: Whimsicott
|-start|p2a: Whimsicott|Substitute
|-damage|p2a: Whimsicott|8/100
|move|p1a: Rotom|Hydro Pump|p2a: Whimsicott
|-resisted|p2a: Whimsicott
|-activate|p2a: Whimsicott|move: Substitute|[damage]
|
|-heal|p2a: Whimsicott|14/100|[from] item: Leftovers
|-damage|p1a: Rotom|8/100|[from] Leech Seed|[of] p2a: Whimsicott
|-heal|p2a: Whimsicott|26/100|[silent]
|upkeep
|turn|41
|inactive|Battle timer is ON: inactive players will automatically lose when time's up. (requested by Allheckers)
|inactive|Marc_Hsiao has 120 seconds left.
|inactive|Marc_Hsiao has 90 seconds left.
|inactive|Marc_Hsiao has 60 seconds left.
|inactive|Marc_Hsiao has 30 seconds left.
|inactive|Marc_Hsiao has 20 seconds left.
|inactive|Marc_Hsiao has 15 seconds left.
|inactive|Marc_Hsiao has 10 seconds left.
|inactive|Marc_Hsiao has 5 seconds left.
|-message|Marc_Hsiao lost due to inactivity.
|
|win|Allheckers
|raw|Marc_Hsiao's rating: 1131 &rarr; <strong>1109</strong><br />(-22 for losing)
|raw|Allheckers's rating: 1179 &rarr; <strong>1201</strong><br />(+22 for winning)
|l|☆Allheckers
|player|p2|
