|j|☆Yigufeng
|j|☆xentulol
|t:|1760779234
|gametype|singles
|player|p1|Yigufeng|cynthia|1028
|player|p2|xentulol|steven|1098
|gen|9
|tier|[Gen 9] OU
|rated|
|rule|HP Percentage Mod: HP is shown in percentages
|rule|Endless Battle Clause: Forcing endless battles is banned
|rule|Species Clause: Limit one of each Pokémon
|rule|OHKO Clause: OHKO moves are banned
|rule|Evasion Items Clause: Evasion items are banned
|rule|Evasion Moves Clause: Evasion moves are banned
|rule|Evasion Abilities Clause: Evasion abilities are banned
|rule|Sleep Moves Clause: Sleep-inducing moves are banned
|clearpoke
|poke|p1|Skarmory, F|
|poke|p1|Eiscue, F|
|poke|p1|Squawkabilly, F|
|poke|p1|Volbeat, M|
|poke|p1|Hatterene, F|
|poke|p1|Great Tusk|
|poke|p2|Pelipper, F|
|poke|p2|Hatterene, F|
|poke|p2|Iron Treads|
|poke|p2|Toxicroak, F|
|poke|p2|Barraskewda, F|
|poke|p2|Zapdos|
|teampreview
|
|t:|1760779247
|teamsize|p1|6
|teamsize|p2|6
|start
|switch|p1a: Skarmory|Skarmory, F|100/100
|switch|p2a: Toxicroak|Toxicroak, F|100/100
|turn|1
|
|t:|1760779308
|switch|p2a: Iron Treads|Iron Treads|100/100
|move|p1a: Skarmory|Stealth Rock|p2a: Iron Treads
|-sidestart|p2: xentulol|move: Stealth Rock
|
|upkeep
|turn|2
|inactive|Battle timer is ON: inactive players will automatically lose when time's up. (requested by xentulol)
|
|t:|1760779330
|switch|p1a: Great Tusk|Great Tusk|100/100
|move|p2a: Iron Treads|Stealth Rock|p1a: Great Tusk
|-sidestart|p1: Yigufeng|move: Stealth Rock
|
|upkeep
|turn|3
|
|t:|1760779342
|move|p1a: Great Tusk|Close Combat|p2a: Iron Treads
|-supereffective|p2a: Iron Treads
|-damage|p2a: Iron Treads|0 fnt
|-unboost|p1a: Great Tusk|def|1
|-unboost|p1a: Great Tusk|spd|1
|faint|p2a: Iron Treads
|-end|p2a: Iron Treads|Quark Drive|[silent]
|-damage|p1a: Great Tusk|91/100|[from] item: Life Orb
|
|upkeep
|
|t:|1760779353
|switch|p2a: Toxicroak|Toxicroak, F|100/100
|-damage|p2a: Toxicroak|94/100|[from] Stealth Rock
|turn|4
|
|t:|1760779365
|switch|p2a: Zapdos|Zapdos|100/100
|-damage|p2a: Zapdos|76/100|[from] Stealth Rock
|move|p1a: Great Tusk|Rapid Spin|p2a: Zapdos
|-damage|p2a: Zapdos|48/100
|-boost|p1a: Great Tusk|spe|1
|-status|p1a: Great Tusk|par|[from] ability: Static|[of] p2a: Zapdos
|-sideend|p1: Yigufeng|Stealth Rock|[from] move: Rapid Spin|[of] p1a: Great Tusk
|-damage|p1a: Great Tusk|81/100 par|[from] item: Life Orb
|
|upkeep
|turn|5
|
|t:|1760779386
|move|p2a: Zapdos|Hurricane|p1a: Great Tusk|[miss]
|-miss|p2a: Zapdos|p1a: Great Tusk
|move|p1a: Great Tusk|Ice Spinner|p2a: Zapdos
|-supereffective|p2a: Zapdos
|-damage|p2a: Zapdos|0 fnt
|faint|p2a: Zapdos
|-damage|p1a: Great Tusk|71/100 par|[from] item: Life Orb
|
|upkeep
|
|t:|1760779389
|switch|p2a: Pelipper|Pelipper, F|100/100
|-damage|p2a: Pelipper|76/100|[from] Stealth Rock
|-weather|RainDance|[from] ability: Drizzle|[of] p2a: Pelipper
|turn|6
|
|t:|1760779409
|-end|p1a: Great Tusk|Protosynthesis|[silent]
|switch|p1a: Skarmory|Skarmory, F|100/100
|move|p2a: Pelipper|Hurricane|p1a: Skarmory
|-resisted|p1a: Skarmory
|-damage|p1a: Skarmory|76/100
|
|-weather|RainDance|[upkeep]
|upkeep
|turn|7
|
|t:|1760779430
|switch|p1a: Hatterene|Hatterene, F|100/100
|switch|p2a: Barraskewda|Barraskewda, F|100/100
|-damage|p2a: Barraskewda|88/100|[from] Stealth Rock
|
|-weather|RainDance|[upkeep]
|upkeep
|turn|8
|
|t:|1760779441
|switch|p1a: Skarmory|Skarmory, F|76/100
|-terastallize|p2a: Barraskewda|Water
|move|p2a: Barraskewda|Liquidation|p1a: Skarmory
|-damage|p1a: Skarmory|0 fnt
|-damage|p2a: Barraskewda|72/100|[from] item: Rocky Helmet|[of] p1a: Skarmory
|faint|p1a: Skarmory
|
|-weather|RainDance|[upkeep]
|upkeep
|inactive|Yigufeng has 120 seconds left.
|
|t:|1760779473
|switch|p1a: Hatterene|Hatterene, F|100/100
|turn|9
|
|t:|1760779490
|move|p2a: Barraskewda|Liquidation|p1a: Hatterene
|-damage|p1a: Hatterene|0 fnt
|faint|p1a: Hatterene
|
|-weather|RainDance|[upkeep]
|upkeep
|
|t:|1760779494
|switch|p1a: Eiscue|Eiscue, F|100/100
|turn|10
|
|t:|1760779502
|switch|p2a: Hatterene|Hatterene, F|100/100
|-damage|p2a: Hatterene|88/100|[from] Stealth Rock
|move|p1a: Eiscue|Belly Drum|p1a: Eiscue
|-damage|p1a: Eiscue|50/100
|-setboost|p1a: Eiscue|atk|6|[from] move: Belly Drum
|
|-weather|RainDance|[upkeep]
|upkeep
|turn|11
|inactive|Yigufeng has 120 seconds left.
|
|t:|1760779521
|move|p1a: Eiscue|Icicle Spear|p2a: Hatterene
|-damage|p2a: Hatterene|53/100
|-damage|p2a: Hatterene|17/100
|-damage|p2a: Hatterene|0 fnt
|faint|p2a: Hatterene
|-hitcount|p2: Hatterene|3
|
|-weather|RainDance|[upkeep]
|upkeep
|
|t:|1760779535
|switch|p2a: Toxicroak|Toxicroak, F|94/100
|-damage|p2a: Toxicroak|88/100|[from] Stealth Rock
|turn|12
|inactive|Yigufeng has 120 seconds left.
|
|t:|1760779547
|-terastallize|p1a: Eiscue|Ghost
|move|p2a: Toxicroak|Drain Punch|p1a: Eiscue
|-immune|p1a: Eiscue
|move|p1a: Eiscue|Tera Blast|p2a: Toxicroak|[anim] Tera Blast Ghost
|-crit|p2a: Toxicroak
|-damage|p2a: Toxicroak|0 fnt
|faint|p2a: Toxicroak
|
|-weather|RainDance|[upkeep]
|upkeep
|
|t:|1760779557
|switch|p2a: Barraskewda|Barraskewda, F, tera:Water|72/100
|-damage|p2a: Barraskewda|60/100|[from] Stealth Rock
|turn|13
|inactive|xentulol has 120 seconds left.
|
|t:|1760779595
|move|p2a: Barraskewda|Liquidation|p1a: Eiscue
|-activate|p1a: Eiscue|ability: Ice Face
|-damage|p1a: Eiscue|50/100
|detailschange|p1a: Eiscue|Eiscue-Noice, F, tera:Ghost
|move|p1a: Eiscue|Tera Blast|p2a: Barraskewda|[anim] Tera Blast Ghost
|-damage|p2a: Barraskewda|0 fnt
|faint|p2a: Barraskewda
|
|-weather|none
|upkeep
|
|t:|1760779604
|switch|p2a: Pelipper|Pelipper, F|76/100
|-damage|p2a: Pelipper|51/100|[from] Stealth Rock
|-weather|RainDance|[from] ability: Drizzle|[of] p2a: Pelipper
|turn|14
|
|t:|1760779608
|move|p1a: Eiscue|Icicle Spear|p2a: Pelipper
|-damage|p2a: Pelipper|7/100
|-damage|p2a: Pelipper|0 fnt
|faint|p2a: Pelipper
|-hitcount|p2: Pelipper|2
|
|win|Yigufeng
|raw|Yigufeng's rating: 1028 &rarr; <strong>1071</strong><br />(+43 for winning)
|raw|xentulol's rating: 1098 &rarr; <strong>1068</strong><br />(-30 for losing)
|l|☆xentulol
|player|p2|
