|j|☆not the latte
|j|☆ivon_neeeeeee
|t:|1760791889
|gametype|singles
|player|p1|not the latte|marnie|1404
|player|p2|ivon_neeeeeee|acetrainerf|1425
|gen|9
|tier|[Gen 9] OU
|rated|
|rule|HP Percentage Mod: HP is shown in percentages
|rule|Endless Battle Clause: Forcing endless battles is banned
|rule|Species Clause: Limit one of each Pokémon
|rule|OHKO Clause: OHKO moves are banned
|rule|Evasion Items Clause: Evasion items are banned
|rule|Evasion Moves Clause: Evasion moves are banned
|rule|Evasion Abilities Clause: Evasion abilities are banned
|rule|Sleep Moves Clause: Sleep-inducing moves are banned
|clearpoke
|poke|p1|Zapdos|
|poke|p1|Heatran, M|
|poke|p1|Gholdengo|
|poke|p1|Great Tusk|
|poke|p1|Ting-Lu|
|poke|p1|Kyurem|
|poke|p2|Iron Valiant|
|poke|p2|Klefki, M|
|poke|p2|Alomomola, M|
|poke|p2|Gliscor, M|
|poke|p2|Kingambit, M|
|poke|p2|Zamazenta-*|
|teampreview
|inactive|Battle timer is ON: inactive players will automatically lose when time's up. (requested by not the latte)
|c|☆not the latte|glhf
|c|☆ivon_neeeeeee|u2
|
|t:|1760791914
|teamsize|p1|6
|teamsize|p2|6
|start
|switch|p1a: Kyurem|Kyurem|100/100
|switch|p2a: Gliscor|Gliscor, M|100/100
|-ability|p1a: Kyurem|Pressure
|turn|1
|
|t:|1760791921
|switch|p2a: Klefki|Klefki, M|100/100
|move|p1a: Kyurem|Freeze-Dry|p2a: Klefki
|-resisted|p2a: Klefki
|-damage|p2a: Klefki|67/100
|
|upkeep
|turn|2
|
|t:|1760791931
|switch|p1a: Great Tusk|Great Tusk|100/100
|move|p2a: Klefki|Spikes|p1a: Great Tusk
|-sidestart|p1: not the latte|Spikes
|
|upkeep
|turn|3
|
|t:|1760791942
|switch|p2a: Alomomola|Alomomola, M|100/100
|move|p1a: Great Tusk|Rapid Spin|p2a: Alomomola
|-damage|p2a: Alomomola|91/100
|-boost|p1a: Great Tusk|spe|1
|-sideend|p1: not the latte|Spikes|[from] move: Rapid Spin|[of] p1a: Great Tusk
|
|upkeep
|turn|4
|
|t:|1760791949
|-end|p1a: Great Tusk|Protosynthesis|[silent]
|switch|p1a: Kyurem|Kyurem|100/100
|-ability|p1a: Kyurem|Pressure
|move|p2a: Alomomola|Flip Turn|p1a: Kyurem
|-resisted|p1a: Kyurem
|-damage|p1a: Kyurem|92/100
|
|t:|1760791963
|switch|p2a: Zamazenta|Zamazenta|100/100|[from] Flip Turn
|-ability|p2a: Zamazenta|Dauntless Shield|boost
|-boost|p2a: Zamazenta|def|1
|
|upkeep
|turn|5
|
|t:|1760791969
|switch|p1a: Gholdengo|Gholdengo|100/100
|-item|p1a: Gholdengo|Air Balloon
|move|p2a: Zamazenta|Stone Edge|p1a: Gholdengo|[miss]
|-miss|p2a: Zamazenta|p1a: Gholdengo
|
|upkeep
|turn|6
|
|t:|1760791978
|move|p2a: Zamazenta|Crunch|p1a: Gholdengo
|-supereffective|p1a: Gholdengo
|-damage|p1a: Gholdengo|50/100
|-enditem|p1a: Gholdengo|Air Balloon
|move|p1a: Gholdengo|Nasty Plot|p1a: Gholdengo
|-boost|p1a: Gholdengo|spa|2
|
|upkeep
|turn|7
|
|t:|1760791992
|move|p2a: Zamazenta|Crunch|p1a: Gholdengo
|-supereffective|p1a: Gholdengo
|-damage|p1a: Gholdengo|1/100
|move|p1a: Gholdengo|Make It Rain|p2a: Zamazenta
|-damage|p2a: Zamazenta|0 fnt
|-unboost|p1a: Gholdengo|spa|1
|faint|p2a: Zamazenta
|
|upkeep
|
|t:|1760792005
|switch|p2a: Iron Valiant|Iron Valiant|100/100
|turn|8
|
|t:|1760792009
|move|p2a: Iron Valiant|Moonblast|p1a: Gholdengo
|-resisted|p1a: Gholdengo
|-damage|p1a: Gholdengo|0 fnt
|faint|p1a: Gholdengo
|
|upkeep
|
|t:|1760792013
|switch|p1a: Zapdos|Zapdos|100/100
|turn|9
|
|t:|1760792018
|-end|p2a: Iron Valiant|Quark Drive|[silent]
|switch|p2a: Gliscor|Gliscor, M|100/100
|move|p1a: Zapdos|Thunder Wave|p2a: Gliscor
|-immune|p2a: Gliscor
|
|-status|p2a: Gliscor|tox|[from] item: Toxic Orb
|upkeep
|turn|10
|
|t:|1760792028
|switch|p1a: Heatran|Heatran, M|100/100
|move|p2a: Gliscor|U-turn|p1a: Heatran
|-resisted|p1a: Heatran
|-damage|p1a: Heatran|98/100
|
|t:|1760792035
|switch|p2a: Alomomola|Alomomola, M|100/100|[from] U-turn
|
|-heal|p1a: Heatran|100/100|[from] item: Leftovers
|upkeep
|turn|11
|
|t:|1760792044
|move|p1a: Heatran|Stealth Rock|p2a: Alomomola
|-sidestart|p2: ivon_neeeeeee|move: Stealth Rock
|move|p2a: Alomomola|Flip Turn|p1a: Heatran
|-supereffective|p1a: Heatran
|-damage|p1a: Heatran|75/100
|
|t:|1760792048
|switch|p2a: Gliscor|Gliscor, M|100/100 tox|[from] Flip Turn
|-damage|p2a: Gliscor|88/100 tox|[from] Stealth Rock
|
|-heal|p1a: Heatran|81/100|[from] item: Leftovers
|-heal|p2a: Gliscor|100/100 tox|[from] ability: Poison Heal
|upkeep
|turn|12
|
|t:|1760792061
|-terastallize|p1a: Heatran|Grass
|move|p2a: Gliscor|Knock Off|p1a: Heatran
|-damage|p1a: Heatran|64/100
|-enditem|p1a: Heatran|Leftovers|[from] move: Knock Off|[of] p2a: Gliscor
|move|p1a: Heatran|Magma Storm|p2a: Gliscor
|-damage|p2a: Gliscor|64/100 tox
|-activate|p2a: Gliscor|move: Magma Storm|[of] p1a: Heatran
|
|-heal|p2a: Gliscor|77/100 tox|[from] ability: Poison Heal
|-damage|p2a: Gliscor|64/100 tox|[from] move: Magma Storm|[partiallytrapped]
|upkeep
|turn|13
|
|t:|1760792080
|switch|p1a: Great Tusk|Great Tusk|100/100
|move|p2a: Gliscor|U-turn|p1a: Great Tusk
|-resisted|p1a: Great Tusk
|-damage|p1a: Great Tusk|95/100
|
|t:|1760792086
|switch|p2a: Iron Valiant|Iron Valiant|100/100|[from] U-turn
|
|upkeep
|turn|14
|inactive|not the latte has 120 seconds left.
|
|t:|1760792133
|move|p2a: Iron Valiant|Moonblast|p1a: Great Tusk
|-supereffective|p1a: Great Tusk
|-damage|p1a: Great Tusk|0 fnt
|faint|p1a: Great Tusk
|-end|p1a: Great Tusk|Protosynthesis|[silent]
|
|upkeep
|inactive|not the latte has 90 seconds left.
|
|t:|1760792168
|switch|p1a: Heatran|Heatran, M, tera:Grass|64/100
|turn|15
|
|t:|1760792178
|-end|p2a: Iron Valiant|Quark Drive|[silent]
|switch|p2a: Alomomola|Alomomola, M|100/100
|move|p1a: Heatran|Magma Storm|p2a: Alomomola|[miss]
|-miss|p1a: Heatran|p2a: Alomomola
|
|upkeep
|turn|16
|
|t:|1760792188
|move|p2a: Alomomola|Protect|p2a: Alomomola
|-singleturn|p2a: Alomomola|Protect
|move|p1a: Heatran|Taunt|p2a: Alomomola
|-activate|p2a: Alomomola|move: Protect
|
|upkeep
|turn|17
|
|t:|1760792199
|switch|p1a: Kyurem|Kyurem|92/100
|-ability|p1a: Kyurem|Pressure
|move|p2a: Alomomola|Flip Turn|p1a: Kyurem
|-resisted|p1a: Kyurem
|-damage|p1a: Kyurem|84/100
|
|t:|1760792206
|switch|p2a: Iron Valiant|Iron Valiant|100/100|[from] Flip Turn
|
|upkeep
|turn|18
|
|t:|1760792213
|switch|p1a: Zapdos|Zapdos|100/100
|move|p2a: Iron Valiant|Moonblast|p1a: Zapdos
|-damage|p1a: Zapdos|56/100
|-unboost|p1a: Zapdos|spa|1
|
|upkeep
|turn|19
|
|t:|1760792223
|-terastallize|p2a: Iron Valiant|Fairy
|move|p2a: Iron Valiant|Moonblast|p1a: Zapdos
|-damage|p1a: Zapdos|0 fnt
|faint|p1a: Zapdos
|
|upkeep
|
|t:|1760792227
|switch|p1a: Heatran|Heatran, M, tera:Grass|64/100
|turn|20
|
|t:|1760792231
|-end|p2a: Iron Valiant|Quark Drive|[silent]
|switch|p2a: Alomomola|Alomomola, M|100/100
|move|p1a: Heatran|Magma Storm|p2a: Alomomola|[miss]
|-miss|p1a: Heatran|p2a: Alomomola
|
|upkeep
|turn|21
|-message|not the latte forfeited.
|
|win|ivon_neeeeeee
|raw|not the latte's rating: 1404 &rarr; <strong>1385</strong><br />(-19 for losing)
|raw|ivon_neeeeeee's rating: 1425 &rarr; <strong>1444</strong><br />(+19 for winning)
|l|☆not the latte
|player|p1|
|l|☆ivon_neeeeeee
|player|p2|
