|j|☆huey888
|j|☆SleepyEevie
|t:|1760802888
|gametype|singles
|player|p1|huey888|bugcatcher-gen4dp|1356
|player|p2|SleepyEevie|lady|1379
|gen|9
|tier|[Gen 9] OU
|rated|
|rule|HP Percentage Mod: HP is shown in percentages
|rule|Endless Battle Clause: Forcing endless battles is banned
|rule|Species Clause: Limit one of each Pokémon
|rule|OHKO Clause: OHKO moves are banned
|rule|Evasion Items Clause: Evasion items are banned
|rule|Evasion Moves Clause: Evasion moves are banned
|rule|Evasion Abilities Clause: Evasion abilities are banned
|rule|Sleep Moves Clause: Sleep-inducing moves are banned
|clearpoke
|poke|p1|Kingambit, M|
|poke|p1|Ceruledge, M|
|poke|p1|Great Tusk|
|poke|p1|Iron Valiant|
|poke|p1|Darkrai|
|poke|p1|Araquanid, M|
|poke|p2|Lycanroc-Dusk, F|
|poke|p2|Great Tusk|
|poke|p2|Iron Crown|
|poke|p2|Moltres|
|poke|p2|Ogerpon-Wellspring, F|
|poke|p2|Raging Bolt|
|teampreview
|inactive|Battle timer is ON: inactive players will automatically lose when time's up. (requested by SleepyEevie)
|
|t:|1760802898
|teamsize|p1|6
|teamsize|p2|6
|start
|switch|p1a: Ceruledge|Ceruledge, M|100/100
|switch|p2a: Lycanroc|Lycanroc-Dusk, F, shiny|100/100
|turn|1
|
|t:|1760802904
|move|p2a: Lycanroc|Stone Edge|p1a: Ceruledge
|-supereffective|p1a: Ceruledge
|-enditem|p1a: Ceruledge|Focus Sash
|-damage|p1a: Ceruledge|1/100
|-ability|p1a: Ceruledge|Weak Armor|boost
|-unboost|p1a: Ceruledge|def|1
|-boost|p1a: Ceruledge|spe|2
|move|p1a: Ceruledge|Swords Dance|p1a: Ceruledge
|-boost|p1a: Ceruledge|atk|2
|
|upkeep
|turn|2
|
|t:|1760802913
|move|p2a: Lycanroc|Accelerock|p1a: Ceruledge
|-supereffective|p1a: Ceruledge
|-damage|p1a: Ceruledge|0 fnt
|faint|p1a: Ceruledge
|
|upkeep
|
|t:|1760802924
|switch|p1a: Iron Valiant|Iron Valiant|100/100
|-enditem|p1a: Iron Valiant|Booster Energy
|-activate|p1a: Iron Valiant|ability: Quark Drive|[fromitem]
|-start|p1a: Iron Valiant|quarkdrivespe
|turn|3
|
|t:|1760802931
|switch|p2a: Moltres|Moltres|100/100
|move|p1a: Iron Valiant|Close Combat|p2a: Moltres
|-resisted|p2a: Moltres
|-damage|p2a: Moltres|70/100
|-unboost|p1a: Iron Valiant|def|1
|-unboost|p1a: Iron Valiant|spd|1
|
|upkeep
|turn|4
|
|t:|1760802944
|move|p1a: Iron Valiant|Calm Mind|p1a: Iron Valiant
|-boost|p1a: Iron Valiant|spa|1
|-boost|p1a: Iron Valiant|spd|1
|move|p2a: Moltres|Air Slash|p1a: Iron Valiant
|-supereffective|p1a: Iron Valiant
|-damage|p1a: Iron Valiant|0 fnt
|faint|p1a: Iron Valiant
|-end|p1a: Iron Valiant|Quark Drive|[silent]
|
|upkeep
|
|t:|1760802957
|switch|p1a: Araquanid|Araquanid, M, shiny|100/100
|turn|5
|
|t:|1760802960
|move|p2a: Moltres|Air Slash|p1a: Araquanid
|-supereffective|p1a: Araquanid
|-damage|p1a: Araquanid|37/100
|move|p1a: Araquanid|Sticky Web|p2a: Moltres
|-sidestart|p2: SleepyEevie|move: Sticky Web
|
|upkeep
|turn|6
|
|t:|1760802965
|move|p2a: Moltres|Air Slash|p1a: Araquanid
|-supereffective|p1a: Araquanid
|-damage|p1a: Araquanid|0 fnt
|faint|p1a: Araquanid
|
|upkeep
|
|t:|1760802971
|switch|p1a: Darkrai|Darkrai|100/100
|turn|7
|
|t:|1760802977
|move|p1a: Darkrai|Sludge Bomb|p2a: Moltres
|-damage|p2a: Moltres|21/100
|move|p2a: Moltres|U-turn|p1a: Darkrai
|-supereffective|p1a: Darkrai
|-damage|p1a: Darkrai|63/100
|
|t:|1760802994
|switch|p2a: Lycanroc|Lycanroc-Dusk, F, shiny|100/100|[from] U-turn
|-activate|p2a: Lycanroc|move: Sticky Web
|-unboost|p2a: Lycanroc|spe|1
|
|upkeep
|turn|8
|
|t:|1760803005
|move|p1a: Darkrai|Will-O-Wisp|p2a: Lycanroc
|-status|p2a: Lycanroc|brn
|move|p2a: Lycanroc|Close Combat|p1a: Darkrai
|-supereffective|p1a: Darkrai
|-damage|p1a: Darkrai|0 fnt
|-unboost|p2a: Lycanroc|def|1
|-unboost|p2a: Lycanroc|spd|1
|faint|p1a: Darkrai
|
|-damage|p2a: Lycanroc|94/100 brn|[from] brn
|upkeep
|
|t:|1760803016
|switch|p1a: Great Tusk|Great Tusk, shiny|100/100
|turn|9
|
|t:|1760803022
|switch|p2a: Moltres|Moltres|21/100
|move|p1a: Great Tusk|Rapid Spin|p2a: Moltres
|-damage|p2a: Moltres|2/100
|-boost|p1a: Great Tusk|spe|1
|
|upkeep
|turn|10
|
|t:|1760803029
|move|p1a: Great Tusk|Rapid Spin|p2a: Moltres
|-damage|p2a: Moltres|0 fnt
|-boost|p1a: Great Tusk|spe|1
|faint|p2a: Moltres
|
|upkeep
|
|t:|1760803034
|switch|p2a: Great Tusk|Great Tusk, shiny|100/100
|-activate|p2a: Great Tusk|move: Sticky Web
|-unboost|p2a: Great Tusk|spe|1
|turn|11
|
|t:|1760803038
|move|p1a: Great Tusk|Stealth Rock|p2a: Great Tusk
|-sidestart|p2: SleepyEevie|move: Stealth Rock
|move|p2a: Great Tusk|Rapid Spin|p1a: Great Tusk
|-damage|p1a: Great Tusk|90/100
|-boost|p2a: Great Tusk|spe|1
|-sideend|p2: SleepyEevie|Stealth Rock|[from] move: Rapid Spin|[of] p2a: Great Tusk
|-sideend|p2: SleepyEevie|Sticky Web|[from] move: Rapid Spin|[of] p2a: Great Tusk
|
|upkeep
|turn|12
|-message|huey888 forfeited.
|
|win|SleepyEevie
|raw|huey888's rating: 1356 &rarr; <strong>1337</strong><br />(-19 for losing)
|raw|SleepyEevie's rating: 1379 &rarr; <strong>1398</strong><br />(+19 for winning)
|l|☆huey888
|player|p1|
