|j|☆mankindes
|j|☆Godislaw
|t:|1760847360
|gametype|singles
|player|p1|mankindes|steven|1242
|player|p2|Godislaw|265|1268
|gen|9
|tier|[Gen 9] OU
|rated|
|rule|HP Percentage Mod: HP is shown in percentages
|rule|Endless Battle Clause: Forcing endless battles is banned
|rule|Species Clause: Limit one of each Pokémon
|rule|OHKO Clause: OHKO moves are banned
|rule|Evasion Items Clause: Evasion items are banned
|rule|Evasion Moves Clause: Evasion moves are banned
|rule|Evasion Abilities Clause: Evasion abilities are banned
|rule|Sleep Moves Clause: Sleep-inducing moves are banned
|clearpoke
|poke|p1|Dragonite, M|
|poke|p1|Dondozo, F|
|poke|p1|Iron Moth|
|poke|p1|Kingambit, F|
|poke|p1|Gliscor, F|
|poke|p1|Raging Bolt|
|poke|p2|Darkrai|
|poke|p2|Galvantula, F|
|poke|p2|Garchomp, M|
|poke|p2|Dusclops, M|
|poke|p2|Skeledirge, F|
|poke|p2|Ogerpon-Wellspring, F|
|teampreview
|inactive|Battle timer is ON: inactive players will automatically lose when time's up. (requested by Godislaw)
|
|t:|1760847388
|teamsize|p1|6
|teamsize|p2|6
|start
|switch|p1a: 蟹子莱莱|Gliscor, F|100/100
|switch|p2a: Galvantula|Galvantula, F, shiny|100/100
|turn|1
|
|t:|1760847400
|move|p2a: Galvantula|Sticky Web|p1a: 蟹子莱莱
|-sidestart|p1: mankindes|move: Sticky Web
|move|p1a: 蟹子莱莱|Toxic|p2a: Galvantula
|-status|p2a: Galvantula|tox
|
|-damage|p2a: Galvantula|94/100 tox|[from] psn
|-status|p1a: 蟹子莱莱|tox|[from] item: Toxic Orb
|upkeep
|turn|2
|
|t:|1760847409
|move|p2a: Galvantula|Bug Buzz|p1a: 蟹子莱莱
|-resisted|p1a: 蟹子莱莱
|-damage|p1a: 蟹子莱莱|80/100 tox
|move|p1a: 蟹子莱莱|Stealth Rock|p2a: Galvantula
|-sidestart|p2: Godislaw|move: Stealth Rock
|
|-damage|p2a: Galvantula|82/100 tox|[from] psn
|-heal|p1a: 蟹子莱莱|93/100 tox|[from] ability: Poison Heal
|upkeep
|turn|3
|
|t:|1760847418
|move|p2a: Galvantula|Bug Buzz|p1a: 蟹子莱莱
|-resisted|p1a: 蟹子莱莱
|-damage|p1a: 蟹子莱莱|71/100 tox
|move|p1a: 蟹子莱莱|Earthquake|p2a: Galvantula
|-damage|p2a: Galvantula|19/100 tox
|
|-damage|p2a: Galvantula|1/100 tox|[from] psn
|-heal|p1a: 蟹子莱莱|83/100 tox|[from] ability: Poison Heal
|upkeep
|turn|4
|
|t:|1760847428
|move|p1a: 蟹子莱莱|Protect|p1a: 蟹子莱莱
|-singleturn|p1a: 蟹子莱莱|Protect
|move|p2a: Galvantula|Bug Buzz|p1a: 蟹子莱莱
|-activate|p1a: 蟹子莱莱|move: Protect
|
|-damage|p2a: Galvantula|0 fnt|[from] psn
|faint|p2a: Galvantula
|-heal|p1a: 蟹子莱莱|96/100 tox|[from] ability: Poison Heal
|upkeep
|inactive|Godislaw has 120 seconds left.
|
|t:|1760847457
|switch|p2a: Ogerpon|Ogerpon-Wellspring, F|100/100
|-damage|p2a: Ogerpon|88/100|[from] Stealth Rock
|turn|5
|
|t:|1760847474
|move|p2a: Ogerpon|Ivy Cudgel|p1a: 蟹子莱莱|[anim] Ivy Cudgel Water
|-supereffective|p1a: 蟹子莱莱
|-crit|p1a: 蟹子莱莱
|-damage|p1a: 蟹子莱莱|0 fnt
|faint|p1a: 蟹子莱莱
|
|upkeep
|
|t:|1760847479
|switch|p1a: 长颈鹿|Raging Bolt|100/100
|-activate|p1a: 长颈鹿|move: Sticky Web
|-unboost|p1a: 长颈鹿|spe|1
|turn|6
|
|t:|1760847486
|move|p2a: Ogerpon|Swords Dance|p2a: Ogerpon
|-boost|p2a: Ogerpon|atk|2
|move|p1a: 长颈鹿|Thunder|p2a: Ogerpon
|-damage|p2a: Ogerpon|0 fnt
|faint|p2a: Ogerpon
|
|upkeep
|
|t:|1760847496
|switch|p2a: Garchomp|Garchomp, M|100/100
|-damage|p2a: Garchomp|94/100|[from] Stealth Rock
|turn|7
|
|t:|1760847507
|-end|p1a: 长颈鹿|Protosynthesis|[silent]
|switch|p1a: sai|Dondozo, F|100/100
|-activate|p1a: sai|move: Sticky Web
|-unboost|p1a: sai|spe|1
|move|p2a: Garchomp|Swords Dance|p2a: Garchomp
|-boost|p2a: Garchomp|atk|2
|
|upkeep
|turn|8
|
|t:|1760847515
|move|p2a: Garchomp|Swords Dance|p2a: Garchomp
|-boost|p2a: Garchomp|atk|2
|move|p1a: sai|Earthquake|p2a: Garchomp
|-damage|p2a: Garchomp|72/100
|
|upkeep
|turn|9
|
|t:|1760847524
|move|p2a: Garchomp|Swords Dance|p2a: Garchomp
|-boost|p2a: Garchomp|atk|2
|move|p1a: sai|Earthquake|p2a: Garchomp
|-damage|p2a: Garchomp|50/100
|
|upkeep
|turn|10
|
|t:|1760847531
|move|p2a: Garchomp|Scale Shot|p1a: sai|[miss]
|-miss|p2a: Garchomp|p1a: sai
|move|p1a: sai|Earthquake|p2a: Garchomp
|-damage|p2a: Garchomp|25/100
|
|upkeep
|turn|11
|
|t:|1760847539
|move|p2a: Garchomp|Scale Shot|p1a: sai
|-damage|p1a: sai|95/100
|-damage|p1a: sai|89/100
|-damage|p1a: sai|83/100
|-damage|p1a: sai|77/100
|-hitcount|p1a: sai|4
|-unboost|p2a: Garchomp|def|1
|-boost|p2a: Garchomp|spe|1
|move|p1a: sai|Earthquake|p2a: Garchomp
|-damage|p2a: Garchomp|4/100
|
|-heal|p1a: sai|83/100|[from] item: Leftovers
|upkeep
|turn|12
|
|t:|1760847553
|move|p2a: Garchomp|Earthquake|p1a: sai
|-damage|p1a: sai|60/100
|move|p1a: sai|Earthquake|p2a: Garchomp
|-damage|p2a: Garchomp|0 fnt
|faint|p2a: Garchomp
|
|-heal|p1a: sai|66/100|[from] item: Leftovers
|upkeep
|
|t:|1760847564
|switch|p2a: Darkrai|Darkrai, shiny|100/100
|turn|13
|
|t:|1760847576
|move|p1a: sai|Protect|p1a: sai
|-singleturn|p1a: sai|Protect
|move|p2a: Darkrai|Nasty Plot|p2a: Darkrai
|-boost|p2a: Darkrai|spa|2
|
|-heal|p1a: sai|72/100|[from] item: Leftovers
|upkeep
|turn|14
|
|t:|1760847587
|move|p2a: Darkrai|Nasty Plot|p2a: Darkrai
|-boost|p2a: Darkrai|spa|2
|move|p1a: sai|Earthquake|p2a: Darkrai
|-damage|p2a: Darkrai|69/100
|
|-heal|p1a: sai|78/100|[from] item: Leftovers
|upkeep
|turn|15
|
|t:|1760847596
|move|p2a: Darkrai|Sludge Bomb|p1a: sai
|-damage|p1a: sai|46/100
|-status|p1a: sai|psn
|move|p1a: sai|Waterfall|p2a: Darkrai
|-crit|p2a: Darkrai
|-damage|p2a: Darkrai|12/100
|
|-heal|p1a: sai|52/100 psn|[from] item: Leftovers
|-damage|p1a: sai|39/100 psn|[from] psn
|upkeep
|turn|16
|
|t:|1760847609
|move|p2a: Darkrai|Dark Pulse|p1a: sai
|-damage|p1a: sai|0 fnt
|faint|p1a: sai
|
|upkeep
|
|t:|1760847616
|switch|p1a: 肥大|Dragonite, M, shiny|100/100
|turn|17
|l|☆Godislaw
|inactive|Godislaw disconnected and has a minute to reconnect!
|player|p2|
|inactive|mankindes has 120 seconds left.
|
|t:|1760847659
|switch|p2a: Skeledirge|Skeledirge, F, shiny|100/100
|-damage|p2a: Skeledirge|75/100|[from] Stealth Rock
|move|p1a: 肥大|Extreme Speed|p2a: Skeledirge
|-immune|p2a: Skeledirge
|
|upkeep
|turn|18
|j|☆Godislaw
|inactive|Godislaw reconnected and has 145 seconds left.
|player|p2|Godislaw|265|
|inactive|Godislaw has 120 seconds left.
|
|t:|1760847705
|switch|p1a: 花火|Iron Moth|100/100
|move|p2a: Skeledirge|Will-O-Wisp|p1a: 花火|[miss]
|-miss|p2a: Skeledirge|p1a: 花火
|
|upkeep
|turn|19
|inactive|Godislaw has 90 seconds left.
|l|☆Godislaw
|inactive|Godislaw disconnected and has a minute to reconnect!
|player|p2|
|j|☆Godislaw
|inactive|Godislaw reconnected and has 70 seconds left.
|player|p2|Godislaw|265|
|
|t:|1760847764
|move|p1a: 花火|Sludge Wave|p2a: Skeledirge
|-resisted|p2a: Skeledirge
|-damage|p2a: Skeledirge|50/100
|move|p2a: Skeledirge|Shadow Ball|p1a: 花火
|-damage|p1a: 花火|68/100
|
|upkeep
|turn|20
|inactive|mankindes has 120 seconds left.
|
|t:|1760847788
|move|p1a: 花火|Fiery Dance|p2a: Skeledirge
|-resisted|p2a: Skeledirge
|-damage|p2a: Skeledirge|27/100
|-boost|p1a: 花火|spa|1
|move|p2a: Skeledirge|Shadow Ball|p1a: 花火
|-crit|p1a: 花火
|-damage|p1a: 花火|24/100
|-unboost|p1a: 花火|spd|1
|
|upkeep
|turn|21
|
|t:|1760847799
|move|p1a: 花火|Fiery Dance|p2a: Skeledirge
|-resisted|p2a: Skeledirge
|-damage|p2a: Skeledirge|2/100
|move|p2a: Skeledirge|Shadow Ball|p1a: 花火
|-damage|p1a: 花火|0 fnt
|faint|p1a: 花火
|-end|p1a: 花火|Quark Drive|[silent]
|
|upkeep
|
|t:|1760847817
|switch|p1a: 长颈鹿|Raging Bolt|100/100
|-activate|p1a: 长颈鹿|move: Sticky Web
|-unboost|p1a: 长颈鹿|spe|1
|turn|22
|
|t:|1760847826
|move|p1a: 长颈鹿|Thunderclap||[still]
|-fail|p1a: 长颈鹿
|move|p2a: Skeledirge|Slack Off|p2a: Skeledirge
|-heal|p2a: Skeledirge|52/100
|
|upkeep
|turn|23
|
|t:|1760847842
|-end|p1a: 长颈鹿|Protosynthesis|[silent]
|switch|p1a: 大将|Kingambit, F|100/100
|-activate|p1a: 大将|move: Sticky Web
|-unboost|p1a: 大将|spe|1
|-activate|p1a: 大将|ability: Supreme Overlord
|-start|p1a: 大将|fallen3|[silent]
|move|p2a: Skeledirge|Slack Off|p2a: Skeledirge
|-heal|p2a: Skeledirge|100/100
|
|upkeep
|turn|24
|inactive|Godislaw has 90 seconds left.
|
|t:|1760847856
|-terastallize|p1a: 大将|Dark
|move|p2a: Skeledirge|Will-O-Wisp|p1a: 大将
|-status|p1a: 大将|brn
|move|p1a: 大将|Kowtow Cleave|p2a: Skeledirge
|-supereffective|p2a: Skeledirge
|-damage|p2a: Skeledirge|37/100
|-enditem|p2a: Skeledirge|Weakness Policy
|-boost|p2a: Skeledirge|atk|2|[from] item: Weakness Policy
|-boost|p2a: Skeledirge|spa|2|[from] item: Weakness Policy
|-damage|p1a: 大将|91/100 brn|[from] item: Life Orb
|
|-damage|p1a: 大将|84/100 brn|[from] brn
|upkeep
|turn|25
|inactive|Godislaw has 90 seconds left.
|inactive|mankindes has 90 seconds left.
|
|t:|1760847873
|move|p1a: 大将|Sucker Punch|p2a: Skeledirge
|-supereffective|p2a: Skeledirge
|-damage|p2a: Skeledirge|0 fnt
|faint|p2a: Skeledirge
|-damage|p1a: 大将|75/100 brn|[from] item: Life Orb
|
|-damage|p1a: 大将|68/100 brn|[from] brn
|upkeep
|
|t:|1760847882
|switch|p2a: Dusclops|Dusclops, M|100/100
|-damage|p2a: Dusclops|88/100|[from] Stealth Rock
|-item|p1a: 大将|Life Orb|[from] ability: Frisk|[of] p2a: Dusclops
|turn|26
|inactive|Godislaw has 90 seconds left.
|
|t:|1760847890
|-terastallize|p2a: Dusclops|Dark
|move|p2a: Dusclops|Hex|p1a: 大将
|-resisted|p1a: 大将
|-damage|p1a: 大将|53/100 brn
|move|p1a: 大将|Kowtow Cleave|p2a: Dusclops
|-resisted|p2a: Dusclops
|-damage|p2a: Dusclops|70/100
|-damage|p1a: 大将|43/100 brn|[from] item: Life Orb
|
|-damage|p1a: 大将|37/100 brn|[from] brn
|upkeep
|turn|27
|inactive|Godislaw has 90 seconds left.
|l|☆Godislaw
|inactive|Godislaw disconnected and has a minute to reconnect!
|player|p2|
|inactive|Godislaw has 30 seconds to reconnect!
|inactive|Godislaw has 20 seconds to reconnect!
|inactive|Godislaw has 15 seconds to reconnect!
|l|☆mankindes
|inactive|mankindes disconnected and has a minute to reconnect!
|player|p1|
|inactive|Godislaw has 10 seconds to reconnect!
|inactive|Godislaw has 5 seconds to reconnect!
|-message|Godislaw lost due to inactivity.
|
|win|mankindes
|raw|mankindes's rating: 1242 &rarr; <strong>1269</strong><br />(+27 for winning)
|raw|Godislaw's rating: 1268 &rarr; <strong>1241</strong><br />(-27 for losing)
