|j|☆Bram1345
|j|☆Kis Vegallomas
|t:|1760737066
|gametype|singles
|player|p1|Bram1345|burgh|1422
|player|p2|Kis Vegallomas|1|1420
|gen|9
|tier|[Gen 9] OU
|rated|
|rule|HP Percentage Mod: HP is shown in percentages
|rule|Endless Battle Clause: Forcing endless battles is banned
|rule|Species Clause: Limit one of each Pokémon
|rule|OHKO Clause: OHKO moves are banned
|rule|Evasion Items Clause: Evasion items are banned
|rule|Evasion Moves Clause: Evasion moves are banned
|rule|Evasion Abilities Clause: Evasion abilities are banned
|rule|Sleep Moves Clause: Sleep-inducing moves are banned
|clearpoke
|poke|p1|Moltres|
|poke|p1|Zapdos|
|poke|p1|Pelipper, F|
|poke|p1|Barraskewda, F|
|poke|p1|Revavroom, F|
|poke|p1|Iron Treads|
|poke|p2|Garchomp, F|
|poke|p2|Slowking-Galar, M|
|poke|p2|Keldeo-Resolute|
|poke|p2|Grimmsnarl, M|
|poke|p2|Iron Crown|
|poke|p2|Primeape, F|
|teampreview
|c|☆Bram1345|glhf
|inactive|Battle timer is ON: inactive players will automatically lose when time's up. (requested by Bram1345)
|
|t:|1760737099
|teamsize|p1|6
|teamsize|p2|6
|start
|switch|p1a: Barraskewda|Barraskewda, F|100/100
|switch|p2a: Grimmsnarl|Grimmsnarl, M|100/100
|turn|1
|
|t:|1760737105
|move|p2a: Grimmsnarl|Reflect|p2a: Grimmsnarl
|-sidestart|p2: Kis Vegallomas|Reflect
|move|p1a: Barraskewda|Flip Turn|p2a: Grimmsnarl
|-damage|p2a: Grimmsnarl|69/100
|
|t:|1760737111
|switch|p1a: Pelipper|Pelipper, F|100/100|[from] Flip Turn
|-weather|RainDance|[from] ability: Drizzle|[of] p1a: Pelipper
|
|-weather|RainDance|[upkeep]
|upkeep
|turn|2
|
|t:|1760737115
|move|p2a: Grimmsnarl|Light Screen|p2a: Grimmsnarl
|-sidestart|p2: Kis Vegallomas|move: Light Screen
|move|p1a: Pelipper|Knock Off|p2a: Grimmsnarl
|-resisted|p2a: Grimmsnarl
|-damage|p2a: Grimmsnarl|67/100
|-enditem|p2a: Grimmsnarl|Light Clay|[from] move: Knock Off|[of] p1a: Pelipper
|
|-weather|RainDance|[upkeep]
|upkeep
|turn|3
|
|t:|1760737124
|move|p2a: Grimmsnarl|Parting Shot|p1a: Pelipper
|-unboost|p1a: Pelipper|atk|1
|-unboost|p1a: Pelipper|spa|1
|
|t:|1760737126
|switch|p2a: Iron Crown|Iron Crown|100/100|[from] Parting Shot
|move|p1a: Pelipper|U-turn|p2a: Iron Crown
|-crit|p2a: Iron Crown
|-damage|p2a: Iron Crown|89/100
|
|t:|1760737143
|switch|p1a: Iron Treads|Iron Treads|100/100|[from] U-turn
|
|-weather|RainDance|[upkeep]
|upkeep
|turn|4
|
|t:|1760737150
|move|p1a: Iron Treads|Knock Off|p2a: Iron Crown
|-supereffective|p2a: Iron Crown
|-damage|p2a: Iron Crown|61/100
|-enditem|p2a: Iron Crown|Weakness Policy
|-boost|p2a: Iron Crown|atk|2|[from] item: Weakness Policy
|-boost|p2a: Iron Crown|spa|2|[from] item: Weakness Policy
|move|p2a: Iron Crown|Agility|p2a: Iron Crown
|-boost|p2a: Iron Crown|spe|2
|
|-weather|RainDance|[upkeep]
|upkeep
|turn|5
|
|t:|1760737167
|-terastallize|p2a: Iron Crown|Fighting
|move|p2a: Iron Crown|Tera Blast|p1a: Iron Treads|[anim] Tera Blast Fighting
|-supereffective|p1a: Iron Treads
|-damage|p1a: Iron Treads|0 fnt
|faint|p1a: Iron Treads
|-end|p1a: Iron Treads|Quark Drive|[silent]
|
|-weather|RainDance|[upkeep]
|upkeep
|
|t:|1760737177
|switch|p1a: Barraskewda|Barraskewda, F|100/100
|turn|6
|
|t:|1760737184
|-terastallize|p1a: Barraskewda|Water
|move|p1a: Barraskewda|Liquidation|p2a: Iron Crown
|-damage|p2a: Iron Crown|0 fnt
|faint|p2a: Iron Crown
|-end|p2a: Iron Crown|Quark Drive|[silent]
|
|-weather|RainDance|[upkeep]
|upkeep
|
|t:|1760737189
|switch|p2a: Keldeo|Keldeo-Resolute|100/100
|turn|7
|
|t:|1760737196
|switch|p1a: Zapdos|Zapdos|100/100
|move|p2a: Keldeo|Calm Mind|p2a: Keldeo
|-boost|p2a: Keldeo|spa|1
|-boost|p2a: Keldeo|spd|1
|
|-weather|RainDance|[upkeep]
|upkeep
|turn|8
|
|t:|1760737202
|move|p2a: Keldeo|Surf|p1a: Zapdos
|-damage|p1a: Zapdos|0 fnt
|faint|p1a: Zapdos
|
|-weather|none
|-sideend|p2: Kis Vegallomas|Reflect
|upkeep
|
|t:|1760737215
|switch|p1a: Barraskewda|Barraskewda, F, tera:Water|100/100
|turn|9
|
|t:|1760737219
|move|p2a: Keldeo|Vacuum Wave|p1a: Barraskewda
|-damage|p1a: Barraskewda|29/100
|move|p1a: Barraskewda|Close Combat|p2a: Keldeo
|-damage|p2a: Keldeo|18/100
|-unboost|p1a: Barraskewda|def|1
|-unboost|p1a: Barraskewda|spd|1
|
|-heal|p2a: Keldeo|24/100|[from] item: Leftovers
|-sideend|p2: Kis Vegallomas|move: Light Screen
|upkeep
|turn|10
|
|t:|1760737227
|switch|p1a: Pelipper|Pelipper, F|100/100
|-weather|RainDance|[from] ability: Drizzle|[of] p1a: Pelipper
|move|p2a: Keldeo|Vacuum Wave|p1a: Pelipper
|-resisted|p1a: Pelipper
|-damage|p1a: Pelipper|77/100
|
|-weather|RainDance|[upkeep]
|-heal|p2a: Keldeo|30/100|[from] item: Leftovers
|upkeep
|turn|11
|
|t:|1760737234
|switch|p2a: Slowking|Slowking-Galar, M|100/100
|move|p1a: Pelipper|Hurricane|p2a: Slowking
|-damage|p2a: Slowking|74/100
|
|-weather|RainDance|[upkeep]
|upkeep
|turn|12
|
|t:|1760737239
|move|p1a: Pelipper|Knock Off|p2a: Slowking
|-supereffective|p2a: Slowking
|-damage|p2a: Slowking|47/100
|-enditem|p2a: Slowking|Choice Specs|[from] move: Knock Off|[of] p1a: Pelipper
|move|p2a: Slowking|Future Sight|p1a: Pelipper
|-start|p2a: Slowking|move: Future Sight
|
|-weather|RainDance|[upkeep]
|upkeep
|turn|13
|
|t:|1760737248
|switch|p2a: Grimmsnarl|Grimmsnarl, M|67/100
|move|p1a: Pelipper|U-turn|p2a: Grimmsnarl
|-damage|p2a: Grimmsnarl|56/100
|
|t:|1760737253
|switch|p1a: Barraskewda|Barraskewda, F, tera:Water|29/100|[from] U-turn
|
|-weather|RainDance|[upkeep]
|upkeep
|turn|14
|
|t:|1760737261
|move|p2a: Grimmsnarl|Reflect|p2a: Grimmsnarl
|-sidestart|p2: Kis Vegallomas|Reflect
|move|p1a: Barraskewda|Flip Turn|p2a: Grimmsnarl
|-damage|p2a: Grimmsnarl|0 fnt
|faint|p2a: Grimmsnarl
|
|t:|1760737275
|switch|p1a: Revavroom|Revavroom, F|100/100|[from] Flip Turn
|
|-weather|RainDance|[upkeep]
|-end|p1a: Revavroom|move: Future Sight
|-damage|p1a: Revavroom|1/100
|upkeep
|
|t:|1760737279
|switch|p2a: Keldeo|Keldeo-Resolute|30/100
|turn|15
|
|t:|1760737284
|move|p2a: Keldeo|Vacuum Wave|p1a: Revavroom
|-damage|p1a: Revavroom|0 fnt
|faint|p1a: Revavroom
|
|-weather|RainDance|[upkeep]
|-heal|p2a: Keldeo|36/100|[from] item: Leftovers
|upkeep
|
|t:|1760737289
|switch|p1a: Pelipper|Pelipper, F|77/100
|turn|16
|
|t:|1760737299
|move|p2a: Keldeo|Surf|p1a: Pelipper
|-resisted|p1a: Pelipper
|-damage|p1a: Pelipper|26/100
|move|p1a: Pelipper|Hurricane|p2a: Keldeo
|-supereffective|p2a: Keldeo
|-damage|p2a: Keldeo|0 fnt
|faint|p2a: Keldeo
|
|-weather|RainDance|[upkeep]
|upkeep
|
|t:|1760737301
|switch|p2a: Slowking|Slowking-Galar, M|80/100
|turn|17
|
|t:|1760737309
|move|p1a: Pelipper|U-turn|p2a: Slowking
|-damage|p2a: Slowking|75/100
|
|t:|1760737311
|switch|p1a: Moltres|Moltres|100/100|[from] U-turn
|move|p2a: Slowking|Sludge Bomb|p1a: Moltres
|-damage|p1a: Moltres|57/100
|
|-weather|none
|upkeep
|turn|18
|
|t:|1760737319
|move|p1a: Moltres|Hurricane|p2a: Slowking
|-damage|p2a: Slowking|40/100
|-start|p2a: Slowking|confusion
|-activate|p2a: Slowking|confusion
|-damage|p2a: Slowking|35/100|[from] confusion
|
|-sideend|p2: Kis Vegallomas|Reflect
|upkeep
|turn|19
|
|t:|1760737338
|move|p1a: Moltres|U-turn|p2a: Slowking
|-damage|p2a: Slowking|21/100
|
|t:|1760737340
|switch|p1a: Pelipper|Pelipper, F|26/100|[from] U-turn
|-weather|RainDance|[from] ability: Drizzle|[of] p1a: Pelipper
|-activate|p2a: Slowking|confusion
|move|p2a: Slowking|Sludge Bomb|p1a: Pelipper
|-damage|p1a: Pelipper|0 fnt
|faint|p1a: Pelipper
|
|-weather|RainDance|[upkeep]
|upkeep
|
|t:|1760737343
|switch|p1a: Barraskewda|Barraskewda, F, tera:Water|29/100
|turn|20
|
|t:|1760737356
|move|p1a: Barraskewda|Flip Turn|p2a: Slowking
|-damage|p2a: Slowking|0 fnt
|faint|p2a: Slowking
|
|t:|1760737359
|switch|p1a: Moltres|Moltres|57/100|[from] Flip Turn
|
|-weather|RainDance|[upkeep]
|upkeep
|
|t:|1760737362
|switch|p2a: Primeape|Primeape, F|100/100
|turn|21
|
|t:|1760737365
|move|p2a: Primeape|Rage Fist|p1a: Moltres
|-damage|p1a: Moltres|48/100
|-status|p2a: Primeape|brn|[from] ability: Flame Body|[of] p1a: Moltres
|move|p1a: Moltres|Hurricane|p2a: Primeape
|-supereffective|p2a: Primeape
|-damage|p2a: Primeape|39/100 brn
|-start|p2a: Primeape|confusion
|
|-weather|RainDance|[upkeep]
|-damage|p2a: Primeape|33/100 brn|[from] brn
|upkeep
|turn|22
|
|t:|1760737374
|-activate|p2a: Primeape|confusion
|-damage|p2a: Primeape|16/100 brn|[from] confusion
|move|p1a: Moltres|Hurricane|p2a: Primeape
|-supereffective|p2a: Primeape
|-damage|p2a: Primeape|0 fnt
|faint|p2a: Primeape
|
|-weather|RainDance|[upkeep]
|upkeep
|
|t:|1760737377
|switch|p2a: Garchomp|Garchomp, F|100/100
|turn|23
|
|t:|1760737384
|move|p2a: Garchomp|Scale Shot|p1a: Moltres
|-crit|p1a: Moltres
|-damage|p1a: Moltres|34/100
|-damage|p1a: Moltres|25/100
|-damage|p1a: Moltres|16/100
|-damage|p1a: Moltres|8/100
|-hitcount|p1a: Moltres|4
|-unboost|p2a: Garchomp|def|1
|-boost|p2a: Garchomp|spe|1
|move|p1a: Moltres|Hurricane|p2a: Garchomp
|-damage|p2a: Garchomp|60/100
|
|-weather|RainDance|[upkeep]
|upkeep
|turn|24
|
|t:|1760737410
|move|p2a: Garchomp|Earthquake|p1a: Moltres
|-immune|p1a: Moltres
|move|p1a: Moltres|Hurricane|p2a: Garchomp
|-damage|p2a: Garchomp|22/100
|
|-weather|RainDance|[upkeep]
|upkeep
|turn|25
|
|t:|1760737424
|move|p2a: Garchomp|Scale Shot|p1a: Moltres
|-damage|p1a: Moltres|0 fnt
|faint|p1a: Moltres
|-hitcount|p1: Moltres|1
|-unboost|p2a: Garchomp|def|1
|-boost|p2a: Garchomp|spe|1
|
|-weather|RainDance|[upkeep]
|upkeep
|
|t:|1760737427
|switch|p1a: Barraskewda|Barraskewda, F, tera:Water|29/100
|turn|26
|
|t:|1760737430
|move|p1a: Barraskewda|Aqua Jet|p2a: Garchomp
|-damage|p2a: Garchomp|0 fnt
|-damage|p1a: Barraskewda|17/100|[from] ability: Rough Skin|[of] p2a: Garchomp
|faint|p2a: Garchomp
|
|win|Bram1345
|raw|Bram1345's rating: 1422 &rarr; <strong>1442</strong><br />(+20 for winning)
|raw|Kis Vegallomas's rating: 1420 &rarr; <strong>1400</strong><br />(-20 for losing)
|l|☆Bram1345
|player|p1|
|l|☆Kis Vegallomas
|player|p2|
