|j|☆jingqmmx
|j|☆Oosugsagnjkd
|t:|1760871105
|gametype|singles
|player|p1|jingqmmx|n|1156
|player|p2|Oosugsagnjkd|pokemonrangerf|1150
|gen|9
|tier|[Gen 9] OU
|rated|
|rule|HP Percentage Mod: HP is shown in percentages
|rule|Endless Battle Clause: Forcing endless battles is banned
|rule|Species Clause: Limit one of each Pokémon
|rule|OHKO Clause: OHKO moves are banned
|rule|Evasion Items Clause: Evasion items are banned
|rule|Evasion Moves Clause: Evasion moves are banned
|rule|Evasion Abilities Clause: Evasion abilities are banned
|rule|Sleep Moves Clause: Sleep-inducing moves are banned
|clearpoke
|poke|p1|Ogerpon, F|
|poke|p1|Rillaboom, M|
|poke|p1|Heatran, M|
|poke|p1|Landorus-Therian, M|
|poke|p1|Dragonite, M|
|poke|p1|Dondozo, M|
|poke|p2|Brambleghast, M|
|poke|p2|Kilowattrel, F|
|poke|p2|Dachsbun, F|
|poke|p2|Pelipper, M|
|poke|p2|Avalugg, M|
|poke|p2|Forretress, F|
|teampreview
|inactive|Battle timer is ON: inactive players will automatically lose when time's up. (requested by Oosugsagnjkd)
|
|t:|1760871116
|teamsize|p1|6
|teamsize|p2|6
|start
|switch|p1a: Landorus|Landorus-Therian, M|100/100
|switch|p2a: Forretress|Forretress, F|100/100
|-ability|p1a: Landorus|Intimidate|boost
|-unboost|p2a: Forretress|atk|1
|turn|1
|
|t:|1760871125
|move|p1a: Landorus|Earthquake|p2a: Forretress
|-damage|p2a: Forretress|62/100
|move|p2a: Forretress|Ice Spinner|p1a: Landorus
|-supereffective|p1a: Landorus
|-damage|p1a: Landorus|0 fnt
|faint|p1a: Landorus
|
|upkeep
|
|t:|1760871143
|switch|p1a: Rillaboom|Rillaboom, M|100/100
|-fieldstart|move: Grassy Terrain|[from] ability: Grassy Surge|[of] p1a: Rillaboom
|turn|2
|
|t:|1760871153
|switch|p2a: Avalugg|Avalugg, M, shiny|100/100
|move|p1a: Rillaboom|U-turn|p2a: Avalugg
|-damage|p2a: Avalugg|89/100
|
|t:|1760871164
|switch|p1a: Heatran|Heatran, M, shiny|100/100|[from] U-turn
|-item|p1a: Heatran|Air Balloon
|
|-heal|p2a: Avalugg|95/100|[from] Grassy Terrain
|-heal|p2a: Avalugg|100/100|[from] item: Leftovers
|upkeep
|turn|3
|
|t:|1760871177
|switch|p2a: Dachsbun|Dachsbun, F|100/100
|move|p1a: Heatran|Magma Storm|p2a: Dachsbun
|-ability|p2a: Dachsbun|Well-Baked Body|boost
|-boost|p2a: Dachsbun|def|2
|
|upkeep
|turn|4
|
|t:|1760871187
|switch|p1a: Dondozo|Dondozo, M|100/100
|-terastallize|p2a: Dachsbun|Steel
|move|p2a: Dachsbun|Body Press|p1a: Dondozo
|-damage|p1a: Dondozo|89/100
|
|-heal|p1a: Dondozo|95/100|[from] Grassy Terrain
|-heal|p1a: Dondozo|100/100|[from] item: Leftovers
|upkeep
|turn|5
|
|t:|1760871202
|move|p1a: Dondozo|Curse|p1a: Dondozo
|-unboost|p1a: Dondozo|spe|1
|-boost|p1a: Dondozo|atk|1
|-boost|p1a: Dondozo|def|1
|move|p2a: Dachsbun|Roar|p1a: Dondozo
|drag|p1a: Dragonite|Dragonite, M|100/100
|
|upkeep
|turn|6
|
|t:|1760871213
|switch|p1a: Heatran|Heatran, M, shiny|100/100
|-item|p1a: Heatran|Air Balloon
|move|p2a: Dachsbun|Wish|p2a: Dachsbun
|
|upkeep
|turn|7
|
|t:|1760871225
|switch|p1a: Dondozo|Dondozo, M|100/100
|move|p2a: Dachsbun|Body Press|p1a: Dondozo
|-damage|p1a: Dondozo|90/100
|
|-heal|p1a: Dondozo|96/100|[from] Grassy Terrain
|-heal|p1a: Dondozo|100/100|[from] item: Leftovers
|upkeep
|turn|8
|
|t:|1760871236
|move|p1a: Dondozo|Waterfall|p2a: Dachsbun
|-damage|p2a: Dachsbun|74/100
|move|p2a: Dachsbun|Roar|p1a: Dondozo
|drag|p1a: Ogerpon|Ogerpon, F|100/100
|
|-heal|p2a: Dachsbun|80/100|[from] Grassy Terrain
|-heal|p2a: Dachsbun|86/100|[from] item: Leftovers
|upkeep
|turn|9
|inactive|jingqmmx has 120 seconds left.
|
|t:|1760871256
|switch|p1a: Dondozo|Dondozo, M|100/100
|move|p2a: Dachsbun|Body Press|p1a: Dondozo
|-damage|p1a: Dondozo|91/100
|
|-heal|p2a: Dachsbun|92/100|[from] Grassy Terrain
|-heal|p2a: Dachsbun|99/100|[from] item: Leftovers
|-heal|p1a: Dondozo|97/100|[from] Grassy Terrain
|-heal|p1a: Dondozo|100/100|[from] item: Leftovers
|-fieldend|move: Grassy Terrain
|upkeep
|turn|10
|inactive|jingqmmx has 120 seconds left.
|
|t:|1760871269
|move|p2a: Dachsbun|Wish|p2a: Dachsbun
|move|p1a: Dondozo|Waterfall|p2a: Dachsbun
|-damage|p2a: Dachsbun|69/100
|
|-heal|p2a: Dachsbun|75/100|[from] item: Leftovers
|upkeep
|turn|11
|
|t:|1760871279
|move|p1a: Dondozo|Waterfall|p2a: Dachsbun
|-damage|p2a: Dachsbun|47/100
|move|p2a: Dachsbun|Roar|p1a: Dondozo
|drag|p1a: Heatran|Heatran, M, shiny|100/100
|-item|p1a: Heatran|Air Balloon
|
|-heal|p2a: Dachsbun|97/100|[from] move: Wish|[wisher] Dachsbun
|-heal|p2a: Dachsbun|100/100|[from] item: Leftovers
|upkeep
|turn|12
|
|t:|1760871293
|switch|p1a: Dondozo|Dondozo, M|100/100
|move|p2a: Dachsbun|Body Press|p1a: Dondozo
|-damage|p1a: Dondozo|90/100
|
|-heal|p1a: Dondozo|96/100|[from] item: Leftovers
|upkeep
|turn|13
|
|t:|1760871305
|move|p2a: Dachsbun|Wish|p2a: Dachsbun
|move|p1a: Dondozo|Waterfall|p2a: Dachsbun
|-damage|p2a: Dachsbun|72/100
|
|-heal|p2a: Dachsbun|79/100|[from] item: Leftovers
|-heal|p1a: Dondozo|100/100|[from] item: Leftovers
|upkeep
|turn|14
|inactive|jingqmmx has 120 seconds left.
|
|t:|1760871323
|move|p1a: Dondozo|Waterfall|p2a: Dachsbun
|-damage|p2a: Dachsbun|49/100
|cant|p2a: Dachsbun|flinch
|
|-heal|p2a: Dachsbun|99/100|[from] move: Wish|[wisher] Dachsbun
|-heal|p2a: Dachsbun|100/100|[from] item: Leftovers
|upkeep
|turn|15
|
|t:|1760871334
|move|p2a: Dachsbun|Play Rough|p1a: Dondozo
|-damage|p1a: Dondozo|87/100
|move|p1a: Dondozo|Waterfall|p2a: Dachsbun
|-damage|p2a: Dachsbun|74/100
|
|-heal|p2a: Dachsbun|81/100|[from] item: Leftovers
|-heal|p1a: Dondozo|94/100|[from] item: Leftovers
|upkeep
|turn|16
|
|t:|1760871343
|move|p2a: Dachsbun|Wish|p2a: Dachsbun
|move|p1a: Dondozo|Waterfall|p2a: Dachsbun
|-damage|p2a: Dachsbun|50/100
|
|-heal|p2a: Dachsbun|56/100|[from] item: Leftovers
|-heal|p1a: Dondozo|99/100|[from] item: Leftovers
|upkeep
|turn|17
|
|t:|1760871351
|move|p2a: Dachsbun|Play Rough|p1a: Dondozo
|-damage|p1a: Dondozo|88/100
|move|p1a: Dondozo|Waterfall|p2a: Dachsbun
|-damage|p2a: Dachsbun|29/100
|
|-heal|p2a: Dachsbun|79/100|[from] move: Wish|[wisher] Dachsbun
|-heal|p2a: Dachsbun|85/100|[from] item: Leftovers
|-heal|p1a: Dondozo|94/100|[from] item: Leftovers
|upkeep
|turn|18
|
|t:|1760871363
|move|p2a: Dachsbun|Wish|p2a: Dachsbun
|move|p1a: Dondozo|Waterfall|p2a: Dachsbun
|-crit|p2a: Dachsbun
|-damage|p2a: Dachsbun|42/100
|
|-heal|p2a: Dachsbun|49/100|[from] item: Leftovers
|-heal|p1a: Dondozo|99/100|[from] item: Leftovers
|upkeep
|turn|19
|
|t:|1760871370
|move|p2a: Dachsbun|Play Rough|p1a: Dondozo
|-damage|p1a: Dondozo|89/100
|move|p1a: Dondozo|Waterfall|p2a: Dachsbun
|-crit|p2a: Dachsbun
|-damage|p2a: Dachsbun|2/100
|
|-heal|p2a: Dachsbun|52/100|[from] move: Wish|[wisher] Dachsbun
|-heal|p2a: Dachsbun|59/100|[from] item: Leftovers
|-heal|p1a: Dondozo|95/100|[from] item: Leftovers
|upkeep
|turn|20
|
|t:|1760871382
|move|p2a: Dachsbun|Wish|p2a: Dachsbun
|move|p1a: Dondozo|Waterfall|p2a: Dachsbun
|-damage|p2a: Dachsbun|33/100
|
|-heal|p2a: Dachsbun|39/100|[from] item: Leftovers
|-heal|p1a: Dondozo|100/100|[from] item: Leftovers
|upkeep
|turn|21
|
|t:|1760871390
|move|p2a: Dachsbun|Play Rough|p1a: Dondozo
|-damage|p1a: Dondozo|87/100
|move|p1a: Dondozo|Waterfall|p2a: Dachsbun
|-damage|p2a: Dachsbun|10/100
|
|-heal|p2a: Dachsbun|60/100|[from] move: Wish|[wisher] Dachsbun
|-heal|p2a: Dachsbun|67/100|[from] item: Leftovers
|-heal|p1a: Dondozo|93/100|[from] item: Leftovers
|upkeep
|turn|22
|
|t:|1760871401
|move|p2a: Dachsbun|Wish|p2a: Dachsbun
|move|p1a: Dondozo|Waterfall|p2a: Dachsbun
|-damage|p2a: Dachsbun|38/100
|
|-heal|p2a: Dachsbun|44/100|[from] item: Leftovers
|-heal|p1a: Dondozo|99/100|[from] item: Leftovers
|upkeep
|turn|23
|
|t:|1760871409
|move|p2a: Dachsbun|Play Rough|p1a: Dondozo
|-damage|p1a: Dondozo|86/100
|move|p1a: Dondozo|Waterfall|p2a: Dachsbun
|-damage|p2a: Dachsbun|17/100
|
|-heal|p2a: Dachsbun|67/100|[from] move: Wish|[wisher] Dachsbun
|-heal|p2a: Dachsbun|74/100|[from] item: Leftovers
|-heal|p1a: Dondozo|92/100|[from] item: Leftovers
|upkeep
|turn|24
|
|t:|1760871420
|switch|p2a: Brambleghast|Brambleghast, M|100/100
|move|p1a: Dondozo|Waterfall|p2a: Brambleghast
|-resisted|p2a: Brambleghast
|-damage|p2a: Brambleghast|75/100
|
|-heal|p1a: Dondozo|98/100|[from] item: Leftovers
|upkeep
|turn|25
|inactive|jingqmmx has 120 seconds left.
|
|t:|1760871453
|switch|p1a: Rillaboom|Rillaboom, M|100/100
|-fieldstart|move: Grassy Terrain|[from] ability: Grassy Surge|[of] p1a: Rillaboom
|move|p2a: Brambleghast|Poltergeist|p1a: Rillaboom
|-activate|p1a: Rillaboom|move: Poltergeist|Terrain Extender
|-damage|p1a: Rillaboom|52/100
|
|-heal|p2a: Brambleghast|81/100|[from] Grassy Terrain
|-heal|p1a: Rillaboom|58/100|[from] Grassy Terrain
|upkeep
|turn|26
|inactive|jingqmmx has 120 seconds left.
|
|t:|1760871476
|move|p2a: Brambleghast|Strength Sap|p1a: Rillaboom
|-unboost|p1a: Rillaboom|atk|1
|-heal|p2a: Brambleghast|100/100
|move|p1a: Rillaboom|Knock Off|p2a: Brambleghast
|-supereffective|p2a: Brambleghast
|-damage|p2a: Brambleghast|14/100
|-enditem|p2a: Brambleghast|Wide Lens|[from] move: Knock Off|[of] p1a: Rillaboom
|
|-heal|p2a: Brambleghast|20/100|[from] Grassy Terrain
|-heal|p1a: Rillaboom|65/100|[from] Grassy Terrain
|upkeep
|turn|27
|
|t:|1760871494
|switch|p2a: Avalugg|Avalugg, M, shiny|100/100
|move|p1a: Rillaboom|Knock Off|p2a: Avalugg
|-damage|p2a: Avalugg|91/100
|-enditem|p2a: Avalugg|Leftovers|[from] move: Knock Off|[of] p1a: Rillaboom
|
|-heal|p1a: Rillaboom|71/100|[from] Grassy Terrain
|-heal|p2a: Avalugg|97/100|[from] Grassy Terrain
|upkeep
|turn|28
|inactive|jingqmmx has 90 seconds left.
|
|t:|1760871530
|switch|p1a: Heatran|Heatran, M, shiny|100/100
|-item|p1a: Heatran|Air Balloon
|move|p2a: Avalugg|Body Press|p1a: Heatran
|-supereffective|p1a: Heatran
|-damage|p1a: Heatran|32/100
|-enditem|p1a: Heatran|Air Balloon
|
|-heal|p1a: Heatran|38/100|[from] Grassy Terrain
|-heal|p2a: Avalugg|100/100|[from] Grassy Terrain
|upkeep
|turn|29
|
|t:|1760871545
|switch|p2a: Pelipper|Pelipper, M, shiny|100/100
|-weather|RainDance|[from] ability: Drizzle|[of] p2a: Pelipper
|move|p1a: Heatran|Magma Storm|p2a: Pelipper
|-resisted|p2a: Pelipper
|-damage|p2a: Pelipper|84/100
|-activate|p2a: Pelipper|move: Magma Storm|[of] p1a: Heatran
|
|-weather|RainDance|[upkeep]
|-heal|p1a: Heatran|44/100|[from] Grassy Terrain
|-damage|p2a: Pelipper|72/100|[from] move: Magma Storm|[partiallytrapped]
|upkeep
|turn|30
|
|t:|1760871561
|switch|p1a: Dondozo|Dondozo, M|98/100
|move|p2a: Pelipper|U-turn|p1a: Dondozo
|-damage|p1a: Dondozo|95/100
|
|t:|1760871565
|switch|p2a: Kilowattrel|Kilowattrel, F|100/100|[from] U-turn
|
|-weather|RainDance|[upkeep]
|-heal|p1a: Dondozo|100/100|[from] Grassy Terrain
|upkeep
|turn|31
|inactive|jingqmmx has 60 seconds left.
|
|t:|1760871600
|switch|p1a: Rillaboom|Rillaboom, M|71/100
|move|p2a: Kilowattrel|Hurricane|p1a: Rillaboom
|-supereffective|p1a: Rillaboom
|-damage|p1a: Rillaboom|0 fnt
|faint|p1a: Rillaboom
|
|-weather|RainDance|[upkeep]
|upkeep
|
|t:|1760871612
|switch|p1a: Ogerpon|Ogerpon, F|100/100
|turn|32
|
|t:|1760871629
|-terastallize|p1a: Ogerpon|Grass
|detailschange|p1a: Ogerpon|Ogerpon-Teal-Tera, F, tera:Grass
|-ability|p1a: Ogerpon|Embody Aspect (Teal)|boost
|-boost|p1a: Ogerpon|spe|1
|move|p1a: Ogerpon|Play Rough|p2a: Kilowattrel
|-damage|p2a: Kilowattrel|29/100
|-damage|p1a: Ogerpon|91/100|[from] item: Life Orb
|move|p2a: Kilowattrel|Hurricane|p1a: Ogerpon
|-supereffective|p1a: Ogerpon
|-damage|p1a: Ogerpon|0 fnt
|faint|p1a: Ogerpon
|detailschange|p1: Ogerpon|Ogerpon, F|[silent]
|
|-weather|RainDance|[upkeep]
|-fieldend|move: Grassy Terrain
|upkeep
|-message|jingqmmx forfeited.
|
|win|Oosugsagnjkd
|raw|jingqmmx's rating: 1156 &rarr; <strong>1131</strong><br />(-25 for losing)
|raw|Oosugsagnjkd's rating: 1150 &rarr; <strong>1175</strong><br />(+25 for winning)
|l|☆jingqmmx
|player|p1|
|l|☆Oosugsagnjkd
|player|p2|
