|j|☆sorenn
|j|☆luca1996
|t:|1760736967
|gametype|singles
|player|p1|sorenn|madame-gen4dp|1420
|player|p2|luca1996|boarder|1380
|gen|9
|tier|[Gen 9] OU
|rated|
|rule|HP Percentage Mod: HP is shown in percentages
|rule|Endless Battle Clause: Forcing endless battles is banned
|rule|Species Clause: Limit one of each Pokémon
|rule|OHKO Clause: OHKO moves are banned
|rule|Evasion Items Clause: Evasion items are banned
|rule|Evasion Moves Clause: Evasion moves are banned
|rule|Evasion Abilities Clause: Evasion abilities are banned
|rule|Sleep Moves Clause: Sleep-inducing moves are banned
|clearpoke
|poke|p1|Meowscarada, M|
|poke|p1|Blissey, F|
|poke|p1|Cresselia, F|
|poke|p1|Maushold-Four|
|poke|p1|Quagsire, F|
|poke|p1|Dragapult, M|
|poke|p2|Gurdurr, F|
|poke|p2|Araquanid, F|
|poke|p2|Moltres-Galar|
|poke|p2|Entei|
|poke|p2|Great Tusk|
|poke|p2|Primarina, F|
|teampreview
|inactive|Battle timer is ON: inactive players will automatically lose when time's up. (requested by sorenn)
|
|t:|1760736988
|teamsize|p1|6
|teamsize|p2|6
|start
|switch|p1a: U.N.I.T.E|Maushold-Four|100/100
|switch|p2a: Gurdurr|Gurdurr, F|100/100
|turn|1
|
|t:|1760736992
|switch|p1a: Pearline|Cresselia, F, shiny|100/100
|move|p2a: Gurdurr|Knock Off|p1a: Pearline
|-supereffective|p1a: Pearline
|-damage|p1a: Pearline|68/100
|-enditem|p1a: Pearline|Light Clay|[from] move: Knock Off|[of] p2a: Gurdurr
|
|upkeep
|turn|2
|
|t:|1760736997
|switch|p2a: Moltres|Moltres-Galar|100/100
|move|p1a: Pearline|Reflect|p1a: Pearline
|-sidestart|p1: sorenn|Reflect
|
|upkeep
|turn|3
|
|t:|1760737000
|switch|p1a: Fat Ma|Blissey, F, shiny|100/100
|move|p2a: Moltres|Fiery Wrath|p1a: Fat Ma
|-damage|p1a: Fat Ma|86/100
|
|upkeep
|turn|4
|
|t:|1760737005
|switch|p2a: Gurdurr|Gurdurr, F|100/100
|move|p1a: Fat Ma|Trick|p2a: Gurdurr
|-activate|p1a: Fat Ma|move: Trick|[of] p2a: Gurdurr
|-item|p2a: Gurdurr|Choice Band|[from] move: Trick
|-item|p1a: Fat Ma|Eviolite|[from] move: Trick
|
|upkeep
|turn|5
|
|t:|1760737011
|switch|p1a: Pearline|Cresselia, F, shiny|68/100
|move|p2a: Gurdurr|Knock Off|p1a: Pearline
|-supereffective|p1a: Pearline
|-damage|p1a: Pearline|50/100
|
|upkeep
|turn|6
|
|t:|1760737014
|move|p1a: Pearline|Moonlight|p1a: Pearline
|-heal|p1a: Pearline|99/100
|move|p2a: Gurdurr|Knock Off|p1a: Pearline
|-supereffective|p1a: Pearline
|-damage|p1a: Pearline|82/100
|
|-sideend|p1: sorenn|Reflect
|upkeep
|turn|7
|
|t:|1760737017
|move|p1a: Pearline|Thunder Wave|p2a: Gurdurr
|-status|p2a: Gurdurr|par
|move|p2a: Gurdurr|Knock Off|p1a: Pearline
|-supereffective|p1a: Pearline
|-damage|p1a: Pearline|50/100
|
|upkeep
|turn|8
|
|t:|1760737020
|switch|p2a: Entei|Entei|100/100
|move|p1a: Pearline|Reflect|p1a: Pearline
|-sidestart|p1: sorenn|Reflect
|
|upkeep
|turn|9
|
|t:|1760737024
|switch|p2a: Gurdurr|Gurdurr, F|100/100 par
|move|p1a: Pearline|Thunder Wave|p2a: Gurdurr
|-fail|p2a: Gurdurr|par
|
|upkeep
|turn|10
|
|t:|1760737028
|switch|p2a: Araquanid|Araquanid, F|100/100
|move|p1a: Pearline|Moonlight|p1a: Pearline
|-heal|p1a: Pearline|100/100
|
|upkeep
|turn|11
|
|t:|1760737031
|switch|p1a: U.N.I.T.E|Maushold-Four|100/100
|move|p2a: Araquanid|Sticky Web|p1a: U.N.I.T.E
|-sidestart|p1: sorenn|move: Sticky Web
|
|upkeep
|turn|12
|
|t:|1760737034
|switch|p2a: Gurdurr|Gurdurr, F|100/100 par
|move|p1a: U.N.I.T.E|Population Bomb|p2a: Gurdurr
|-damage|p2a: Gurdurr|89/100 par
|-damage|p2a: Gurdurr|78/100 par
|-damage|p2a: Gurdurr|66/100 par
|-damage|p2a: Gurdurr|54/100 par
|-damage|p2a: Gurdurr|42/100 par
|-damage|p2a: Gurdurr|29/100 par
|-damage|p2a: Gurdurr|17/100 par
|-damage|p2a: Gurdurr|5/100 par
|-damage|p2a: Gurdurr|0 fnt
|faint|p2a: Gurdurr
|-hitcount|p2: Gurdurr|9
|
|-sideend|p1: sorenn|Reflect
|upkeep
|c|☆luca1996|that move is so dumb
|
|t:|1760737041
|switch|p2a: Great Tusk|Great Tusk|100/100
|turn|13
|c|☆sorenn|what
|
|t:|1760737052
|switch|p1a: Pearline|Cresselia, F, shiny|100/100
|move|p2a: Great Tusk|Earthquake|p1a: Pearline
|-immune|p1a: Pearline|[from] ability: Levitate
|
|upkeep
|turn|14
|c|☆luca1996|population bomb
|
|t:|1760737058
|-end|p2a: Great Tusk|Protosynthesis|[silent]
|switch|p2a: Araquanid|Araquanid, F|100/100
|move|p1a: Pearline|Reflect|p1a: Pearline
|-sidestart|p1: sorenn|Reflect
|
|upkeep
|turn|15
|c|☆sorenn|lol yea
|
|t:|1760737065
|move|p1a: Pearline|Thunder Wave|p2a: Araquanid
|-status|p2a: Araquanid|par
|cant|p2a: Araquanid|par
|
|upkeep
|turn|16
|
|t:|1760737069
|switch|p1a: U.N.I.T.E|Maushold-Four|100/100
|-activate|p1a: U.N.I.T.E|move: Sticky Web
|-unboost|p1a: U.N.I.T.E|spe|1
|move|p2a: Araquanid|Lunge|p1a: U.N.I.T.E
|-damage|p1a: U.N.I.T.E|77/100
|-unboost|p1a: U.N.I.T.E|atk|1
|
|upkeep
|turn|17
|c|☆luca1996|im probs gonna leave soon
|
|t:|1760737076
|move|p1a: U.N.I.T.E|Tidy Up|p1a: U.N.I.T.E
|-sideend|p1: sorenn|Sticky Web
|-activate|p1a: U.N.I.T.E|move: Tidy Up
|-boost|p1a: U.N.I.T.E|atk|1
|-boost|p1a: U.N.I.T.E|spe|1
|move|p2a: Araquanid|Liquidation|p1a: U.N.I.T.E
|-damage|p1a: U.N.I.T.E|28/100
|
|upkeep
|turn|18
|c|☆sorenn|go ahead
|
|t:|1760737082
|move|p1a: U.N.I.T.E|Population Bomb|p2a: Araquanid
|-damage|p2a: Araquanid|89/100 par
|-damage|p2a: Araquanid|77/100 par
|-damage|p2a: Araquanid|66/100 par
|-damage|p2a: Araquanid|54/100 par
|-damage|p2a: Araquanid|42/100 par
|-damage|p2a: Araquanid|30/100 par
|-damage|p2a: Araquanid|18/100 par
|-crit|p2a: Araquanid
|-damage|p2a: Araquanid|1/100 par
|-damage|p2a: Araquanid|0 fnt
|faint|p2a: Araquanid
|-hitcount|p2: Araquanid|9
|
|-sideend|p1: sorenn|Reflect
|upkeep
|
|t:|1760737088
|switch|p2a: Entei|Entei|100/100
|turn|19
|
|t:|1760737095
|switch|p1a: Pearline|Cresselia, F, shiny|100/100
|move|p2a: Entei|Extreme Speed|p1a: Pearline
|-damage|p1a: Pearline|86/100
|
|upkeep
|turn|20
|
|t:|1760737102
|move|p2a: Entei|Swagger|p1a: Pearline
|-boost|p1a: Pearline|atk|2
|-start|p1a: Pearline|confusion
|-enditem|p2a: Entei|Mirror Herb
|-boost|p2a: Entei|atk|2|[from] item: Mirror Herb
|-activate|p1a: Pearline|confusion
|move|p1a: Pearline|Reflect|p1a: Pearline
|-sidestart|p1: sorenn|Reflect
|
|upkeep
|turn|21
|
|t:|1760737109
|move|p2a: Entei|Sacred Fire|p1a: Pearline
|-damage|p1a: Pearline|61/100
|-status|p1a: Pearline|brn
|-end|p1a: Pearline|confusion
|move|p1a: Pearline|Thunder Wave|p2a: Entei
|-status|p2a: Entei|par
|
|-damage|p1a: Pearline|55/100 brn|[from] brn
|upkeep
|turn|22
|
|t:|1760737114
|switch|p1a: Maria Flores|Quagsire, F, shiny|100/100
|move|p2a: Entei|Sacred Fire|p1a: Maria Flores
|-resisted|p1a: Maria Flores
|-damage|p1a: Maria Flores|92/100
|
|-heal|p1a: Maria Flores|98/100|[from] item: Leftovers
|upkeep
|turn|23
|
|t:|1760737118
|switch|p2a: Primarina|Primarina, F|100/100
|move|p1a: Maria Flores|Earthquake|p2a: Primarina
|-damage|p2a: Primarina|66/100
|
|-heal|p1a: Maria Flores|100/100|[from] item: Leftovers
|upkeep
|turn|24
|
|t:|1760737122
|switch|p1a: Fat Ma|Blissey, F, shiny|86/100
|move|p2a: Primarina|Moonblast|p1a: Fat Ma
|-damage|p1a: Fat Ma|66/100
|
|-sideend|p1: sorenn|Reflect
|upkeep
|turn|25
|
|t:|1760737125
|move|p2a: Primarina|Psychic Noise|p1a: Fat Ma
|-damage|p1a: Fat Ma|55/100
|-start|p1a: Fat Ma|move: Heal Block
|move|p1a: Fat Ma|Seismic Toss|p2a: Primarina
|-damage|p2a: Primarina|38/100
|
|upkeep
|turn|26
|
|t:|1760737128
|move|p2a: Primarina|Moonblast|p1a: Fat Ma
|-damage|p1a: Fat Ma|34/100
|-unboost|p1a: Fat Ma|spa|1
|move|p1a: Fat Ma|Seismic Toss|p2a: Primarina
|-damage|p2a: Primarina|11/100
|
|-end|p1a: Fat Ma|move: Heal Block
|upkeep
|turn|27
|
|t:|1760737134
|move|p2a: Primarina|Psychic Noise|p1a: Fat Ma
|-damage|p1a: Fat Ma|22/100
|-start|p1a: Fat Ma|move: Heal Block
|move|p1a: Fat Ma|Seismic Toss|p2a: Primarina
|-damage|p2a: Primarina|0 fnt
|faint|p2a: Primarina
|
|upkeep
|
|t:|1760737139
|switch|p2a: Moltres|Moltres-Galar|100/100
|turn|28
|
|t:|1760737149
|move|p2a: Moltres|Fiery Wrath|p1a: Fat Ma
|-damage|p1a: Fat Ma|8/100
|move|p1a: Fat Ma|Seismic Toss|p2a: Moltres
|-damage|p2a: Moltres|74/100
|
|-end|p1a: Fat Ma|move: Heal Block
|upkeep
|turn|29
|
|t:|1760737176
|move|p2a: Moltres|Fiery Wrath|p1a: Fat Ma
|-damage|p1a: Fat Ma|0 fnt
|faint|p1a: Fat Ma
|
|upkeep
|
|t:|1760737179
|switch|p1a: U.N.I.T.E|Maushold-Four|28/100
|turn|30
|
|t:|1760737182
|move|p1a: U.N.I.T.E|Population Bomb|p2a: Moltres
|-damage|p2a: Moltres|63/100
|-damage|p2a: Moltres|53/100
|-damage|p2a: Moltres|41/100
|-damage|p2a: Moltres|29/100
|-damage|p2a: Moltres|19/100
|-damage|p2a: Moltres|8/100
|-damage|p2a: Moltres|0 fnt
|faint|p2a: Moltres
|-hitcount|p2: Moltres|7
|
|upkeep
|c|☆luca1996|just waiting for it to miss
|
|t:|1760737196
|switch|p2a: Great Tusk|Great Tusk|100/100
|turn|31
|c|☆sorenn|i have wide lens
|c|☆sorenn|99 accuracy
|c|☆luca1996|ooo
|c|☆luca1996|smart
|
|t:|1760737218
|switch|p1a: Pearline|Cresselia, F, shiny|55/100 brn
|move|p2a: Great Tusk|Ice Spinner|p1a: Pearline
|-crit|p1a: Pearline
|-damage|p1a: Pearline|31/100 brn
|
|-damage|p1a: Pearline|25/100 brn|[from] brn
|upkeep
|turn|32
|c|☆luca1996|i hate it even more
|
|t:|1760737228
|-end|p2a: Great Tusk|Protosynthesis|[silent]
|switch|p2a: Entei|Entei|100/100 par
|move|p1a: Pearline|Moonlight|p1a: Pearline
|-heal|p1a: Pearline|75/100 brn
|
|-damage|p1a: Pearline|69/100 brn|[from] brn
|upkeep
|turn|33
|
|t:|1760737231
|move|p1a: Pearline|Reflect|p1a: Pearline
|-sidestart|p1: sorenn|Reflect
|move|p2a: Entei|Swagger|p1a: Pearline
|-boost|p1a: Pearline|atk|2
|-start|p1a: Pearline|confusion
|
|-damage|p1a: Pearline|62/100 brn|[from] brn
|upkeep
|turn|34
|
|t:|1760737237
|switch|p1a: Spoooookkyyyy|Dragapult, M, shiny|100/100
|move|p2a: Entei|Sacred Fire|p1a: Spoooookkyyyy
|-resisted|p1a: Spoooookkyyyy
|-damage|p1a: Spoooookkyyyy|84/100
|-status|p1a: Spoooookkyyyy|brn
|
|-damage|p1a: Spoooookkyyyy|78/100 brn|[from] brn
|upkeep
|turn|35
|
|t:|1760737241
|move|p1a: Spoooookkyyyy|Shadow Ball|p2a: Entei
|-damage|p2a: Entei|35/100 par
|move|p2a: Entei|Stomping Tantrum|p1a: Spoooookkyyyy
|-damage|p1a: Spoooookkyyyy|61/100 brn
|
|-damage|p1a: Spoooookkyyyy|55/100 brn|[from] brn
|upkeep
|turn|36
|
|t:|1760737243
|move|p1a: Spoooookkyyyy|Shadow Ball|p2a: Entei
|-damage|p2a: Entei|0 fnt
|faint|p2a: Entei
|
|-damage|p1a: Spoooookkyyyy|49/100 brn|[from] brn
|upkeep
|
|t:|1760737245
|switch|p2a: Great Tusk|Great Tusk|100/100
|turn|37
|
|t:|1760737248
|move|p1a: Spoooookkyyyy|Shadow Ball|p2a: Great Tusk
|-damage|p2a: Great Tusk|66/100
|move|p2a: Great Tusk|Earthquake|p1a: Spoooookkyyyy
|-damage|p1a: Spoooookkyyyy|7/100 brn
|
|-damage|p1a: Spoooookkyyyy|1/100 brn|[from] brn
|-sideend|p1: sorenn|Reflect
|upkeep
|turn|38
|
|t:|1760737252
|move|p1a: Spoooookkyyyy|Shadow Ball|p2a: Great Tusk
|-damage|p2a: Great Tusk|27/100
|move|p2a: Great Tusk|Earthquake|p1a: Spoooookkyyyy
|-damage|p1a: Spoooookkyyyy|0 fnt
|faint|p1a: Spoooookkyyyy
|
|upkeep
|c|☆luca1996|gg
|
|t:|1760737256
|switch|p1a: U.N.I.T.E|Maushold-Four|28/100
|turn|39
|
|t:|1760737258
|move|p1a: U.N.I.T.E|Population Bomb|p2a: Great Tusk
|-damage|p2a: Great Tusk|19/100
|-damage|p2a: Great Tusk|11/100
|-damage|p2a: Great Tusk|2/100
|-damage|p2a: Great Tusk|0 fnt
|faint|p2a: Great Tusk
|-end|p2a: Great Tusk|Protosynthesis|[silent]
|-hitcount|p2: Great Tusk|4
|
|win|sorenn
|raw|sorenn's rating: 1420 &rarr; <strong>1438</strong><br />(+18 for winning)
|raw|luca1996's rating: 1380 &rarr; <strong>1362</strong><br />(-18 for losing)
|c|☆sorenn|gg
|l|☆luca1996
|player|p2|
