|j|☆ShadowAuraaa
|j|☆Manambintsoa
|t:|1760858400
|gametype|singles
|player|p1|ShadowAuraaa|dawn|1484
|player|p2|Manambintsoa|clown|1513
|gen|9
|tier|[Gen 9] OU
|rated|
|rule|HP Percentage Mod: HP is shown in percentages
|rule|Endless Battle Clause: Forcing endless battles is banned
|rule|Species Clause: Limit one of each Pokémon
|rule|OHKO Clause: OHKO moves are banned
|rule|Evasion Items Clause: Evasion items are banned
|rule|Evasion Moves Clause: Evasion moves are banned
|rule|Evasion Abilities Clause: Evasion abilities are banned
|rule|Sleep Moves Clause: Sleep-inducing moves are banned
|clearpoke
|poke|p1|Pelipper, F|
|poke|p1|Barraskewda, F|
|poke|p1|Zapdos|
|poke|p1|Kingdra, F|
|poke|p1|Iron Treads|
|poke|p1|Enamorus, F|
|poke|p2|Slowking-Galar, F|
|poke|p2|Corviknight, F|
|poke|p2|Skeledirge, M|
|poke|p2|Meowscarada, F|
|poke|p2|Garganacl, M|
|poke|p2|Kyurem|
|teampreview
|inactive|Battle timer is ON: inactive players will automatically lose when time's up. (requested by ShadowAuraaa)
|
|t:|1760858408
|teamsize|p1|6
|teamsize|p2|6
|start
|switch|p1a: Pelipper|Pelipper, F|100/100
|switch|p2a: Slowking|Slowking-Galar, F|100/100
|-weather|RainDance|[from] ability: Drizzle|[of] p1a: Pelipper
|turn|1
|
|t:|1760858415
|move|p1a: Pelipper|Knock Off|p2a: Slowking
|-supereffective|p2a: Slowking
|-damage|p2a: Slowking|76/100
|-enditem|p2a: Slowking|Assault Vest|[from] move: Knock Off|[of] p1a: Pelipper
|move|p2a: Slowking|Sludge Bomb|p1a: Pelipper
|-damage|p1a: Pelipper|42/100
|
|-weather|RainDance|[upkeep]
|upkeep
|turn|2
|
|t:|1760858423
|switch|p1a: Iron Treads|Iron Treads|100/100
|move|p2a: Slowking|Psychic|p1a: Iron Treads
|-resisted|p1a: Iron Treads
|-damage|p1a: Iron Treads|67/100
|
|-weather|RainDance|[upkeep]
|-heal|p1a: Iron Treads|73/100|[from] item: Leftovers
|upkeep
|turn|3
|
|t:|1760858431
|switch|p2a: Corviknight|Corviknight, F, shiny|100/100
|-ability|p2a: Corviknight|Pressure
|move|p1a: Iron Treads|Volt Switch|p2a: Corviknight
|-supereffective|p2a: Corviknight
|-damage|p2a: Corviknight|77/100
|
|t:|1760858438
|-end|p1a: Iron Treads|Quark Drive|[silent]
|switch|p1a: Kingdra|Kingdra, F|100/100|[from] Volt Switch
|
|-weather|RainDance|[upkeep]
|upkeep
|turn|4
|
|t:|1760858447
|move|p1a: Kingdra|Surf|p2a: Corviknight
|-damage|p2a: Corviknight|0 fnt
|faint|p2a: Corviknight
|
|-weather|RainDance|[upkeep]
|upkeep
|
|t:|1760858451
|switch|p2a: Slowking|Slowking-Galar, F|100/100
|turn|5
|
|t:|1760858454
|move|p1a: Kingdra|Surf|p2a: Slowking
|-damage|p2a: Slowking|29/100
|move|p2a: Slowking|Psychic|p1a: Kingdra
|-damage|p1a: Kingdra|42/100
|
|-weather|RainDance|[upkeep]
|upkeep
|turn|6
|
|t:|1760858462
|move|p1a: Kingdra|Surf|p2a: Slowking
|-damage|p2a: Slowking|0 fnt
|faint|p2a: Slowking
|
|-weather|RainDance|[upkeep]
|upkeep
|
|t:|1760858465
|switch|p2a: Meowscarada|Meowscarada, F|100/100
|turn|7
|
|t:|1760858482
|switch|p1a: Iron Treads|Iron Treads|73/100
|move|p2a: Meowscarada|U-turn|p1a: Iron Treads
|-start|p2a: Meowscarada|typechange|Bug|[from] ability: Protean
|-resisted|p1a: Iron Treads
|-damage|p1a: Iron Treads|59/100
|
|t:|1760858490
|switch|p2a: Kyurem|Kyurem|100/100|[from] U-turn
|-ability|p2a: Kyurem|Pressure
|
|-weather|RainDance|[upkeep]
|-heal|p1a: Iron Treads|65/100|[from] item: Leftovers
|upkeep
|turn|8
|
|t:|1760858496
|move|p2a: Kyurem|Ice Beam|p1a: Iron Treads
|-damage|p1a: Iron Treads|0 fnt
|faint|p1a: Iron Treads
|-end|p1a: Iron Treads|Quark Drive|[silent]
|
|-weather|none
|upkeep
|
|t:|1760858507
|switch|p1a: Pelipper|Pelipper, F|42/100
|-weather|RainDance|[from] ability: Drizzle|[of] p1a: Pelipper
|turn|9
|
|t:|1760858537
|switch|p1a: Enamorus|Enamorus, F|100/100
|move|p2a: Kyurem|Ice Beam|p1a: Enamorus
|-supereffective|p1a: Enamorus
|-damage|p1a: Enamorus|0 fnt
|faint|p1a: Enamorus
|
|-weather|RainDance|[upkeep]
|upkeep
|
|t:|1760858541
|switch|p1a: Barraskewda|Barraskewda, F|100/100
|turn|10
|
|t:|1760858563
|switch|p2a: Skeledirge|Skeledirge, M|100/100
|move|p1a: Barraskewda|Liquidation|p2a: Skeledirge
|-supereffective|p2a: Skeledirge
|-damage|p2a: Skeledirge|0 fnt
|faint|p2a: Skeledirge
|
|-weather|RainDance|[upkeep]
|upkeep
|
|t:|1760858573
|switch|p2a: Kyurem|Kyurem|100/100
|-ability|p2a: Kyurem|Pressure
|turn|11
|
|t:|1760858582
|switch|p1a: Zapdos|Zapdos|100/100
|move|p2a: Kyurem|Dragon Pulse|p1a: Zapdos
|-crit|p1a: Zapdos
|-damage|p1a: Zapdos|0 fnt
|faint|p1a: Zapdos
|
|-weather|RainDance|[upkeep]
|upkeep
|
|t:|1760858587
|switch|p1a: Kingdra|Kingdra, F|42/100
|turn|12
|
|t:|1760858605
|switch|p2a: Garganacl|Garganacl, M|100/100
|move|p1a: Kingdra|Draco Meteor|p2a: Garganacl
|-damage|p2a: Garganacl|23/100
|-unboost|p1a: Kingdra|spa|2
|
|-weather|RainDance|[upkeep]
|-heal|p2a: Garganacl|29/100|[from] item: Leftovers
|upkeep
|turn|13
|
|t:|1760858612
|move|p1a: Kingdra|Draco Meteor|p2a: Garganacl
|-damage|p2a: Garganacl|0 fnt
|-unboost|p1a: Kingdra|spa|2
|faint|p2a: Garganacl
|
|-weather|RainDance|[upkeep]
|upkeep
|
|t:|1760858621
|switch|p2a: Meowscarada|Meowscarada, F|100/100
|turn|14
|
|t:|1760858624
|move|p1a: Kingdra|Draco Meteor|p2a: Meowscarada
|-damage|p2a: Meowscarada|59/100
|-unboost|p1a: Kingdra|spa|2
|move|p2a: Meowscarada|Flower Trick|p1a: Kingdra
|-start|p2a: Meowscarada|typechange|Grass|[from] ability: Protean
|-crit|p1a: Kingdra
|-damage|p1a: Kingdra|0 fnt
|faint|p1a: Kingdra
|
|-weather|RainDance|[upkeep]
|upkeep
|
|t:|1760858632
|switch|p1a: Barraskewda|Barraskewda, F|100/100
|turn|15
|
|t:|1760858644
|move|p1a: Barraskewda|Close Combat|p2a: Meowscarada
|-damage|p2a: Meowscarada|0 fnt
|-unboost|p1a: Barraskewda|def|1
|-unboost|p1a: Barraskewda|spd|1
|faint|p2a: Meowscarada
|
|-weather|RainDance|[upkeep]
|upkeep
|
|t:|1760858647
|switch|p2a: Kyurem|Kyurem|100/100
|-ability|p2a: Kyurem|Pressure
|turn|16
|
|t:|1760858655
|switch|p1a: Pelipper|Pelipper, F|42/100
|-terastallize|p2a: Kyurem|Dragon
|move|p2a: Kyurem|Dragon Pulse|p1a: Pelipper
|-damage|p1a: Pelipper|0 fnt
|faint|p1a: Pelipper
|
|-weather|none
|upkeep
|
|t:|1760858663
|switch|p1a: Barraskewda|Barraskewda, F|100/100
|turn|17
|
|t:|1760858667
|-terastallize|p1a: Barraskewda|Water
|move|p1a: Barraskewda|Liquidation|p2a: Kyurem
|-resisted|p2a: Kyurem
|-damage|p2a: Kyurem|54/100
|-unboost|p2a: Kyurem|def|1
|move|p2a: Kyurem|Dragon Pulse|p1a: Barraskewda
|-damage|p1a: Barraskewda|0 fnt
|faint|p1a: Barraskewda
|
|win|Manambintsoa
|raw|ShadowAuraaa's rating: 1484 &rarr; <strong>1466</strong><br />(-18 for losing)
|raw|Manambintsoa's rating: 1513 &rarr; <strong>1531</strong><br />(+18 for winning)
|l|☆ShadowAuraaa
|player|p1|
|l|☆Manambintsoa
|player|p2|
