|j|☆lechuga_aguada
|j|☆lumi678
|t:|1760839475
|gametype|singles
|player|p1|lechuga_aguada|bugcatcher-gen4dp|1172
|player|p2|lumi678|caitlin|1104
|gen|9
|tier|[Gen 9] OU
|rated|
|rule|HP Percentage Mod: HP is shown in percentages
|rule|Endless Battle Clause: Forcing endless battles is banned
|rule|Species Clause: Limit one of each Pokémon
|rule|OHKO Clause: OHKO moves are banned
|rule|Evasion Items Clause: Evasion items are banned
|rule|Evasion Moves Clause: Evasion moves are banned
|rule|Evasion Abilities Clause: Evasion abilities are banned
|rule|Sleep Moves Clause: Sleep-inducing moves are banned
|clearpoke
|poke|p1|Garganacl, M|
|poke|p1|Slowking-Galar, M|
|poke|p1|Great Tusk|
|poke|p1|Moltres|
|poke|p1|Dragonite, F|
|poke|p1|Primarina, M|
|poke|p2|Glimmora, M|
|poke|p2|Hatterene, F|
|poke|p2|Dragapult, M|
|poke|p2|Ogerpon-Wellspring, F|
|poke|p2|Zamazenta-*|
|poke|p2|Darkrai|
|teampreview
|
|t:|1760839499
|teamsize|p1|6
|teamsize|p2|6
|start
|switch|p1a: Great Tusk|Great Tusk|100/100
|switch|p2a: Glimmora|Glimmora, M|100/100
|turn|1
|
|t:|1760839506
|move|p1a: Great Tusk|Headlong Rush|p2a: Glimmora
|-supereffective|p2a: Glimmora
|-enditem|p2a: Glimmora|Focus Sash
|-damage|p2a: Glimmora|1/100
|-unboost|p1a: Great Tusk|def|1
|-unboost|p1a: Great Tusk|spd|1
|-activate|p2a: Glimmora|ability: Toxic Debris
|-sidestart|p1: lechuga_aguada|move: Toxic Spikes
|move|p2a: Glimmora|Stealth Rock|p1a: Great Tusk
|-sidestart|p1: lechuga_aguada|move: Stealth Rock
|
|upkeep
|turn|2
|
|t:|1760839512
|switch|p2a: Dragapult|Dragapult, M|100/100
|move|p1a: Great Tusk|Rapid Spin|p2a: Dragapult
|-immune|p2a: Dragapult
|
|upkeep
|turn|3
|
|t:|1760839526
|-end|p1a: Great Tusk|Protosynthesis|[silent]
|switch|p1a: Slowking|Slowking-Galar, M|100/100
|-sideend|p1: lechuga_aguada|move: Toxic Spikes|[of] p1a: Slowking
|move|p2a: Dragapult|Dragon Darts|p1a: Slowking
|-damage|p1a: Slowking|61/100
|-anim|p2a: Dragapult|Dragon Darts|p1a: Slowking
|-damage|p1a: Slowking|23/100
|
|upkeep
|turn|4
|
|t:|1760839542
|switch|p1a: Garganacl|Garganacl, M|100/100
|-damage|p1a: Garganacl|88/100|[from] Stealth Rock
|move|p2a: Dragapult|Dragon Darts|p1a: Garganacl
|-damage|p1a: Garganacl|70/100
|-anim|p2a: Dragapult|Dragon Darts|p1a: Garganacl
|-damage|p1a: Garganacl|49/100
|
|-heal|p1a: Garganacl|55/100|[from] item: Leftovers
|upkeep
|turn|5
|
|t:|1760839548
|switch|p2a: Glimmora|Glimmora, M|1/100
|move|p1a: Garganacl|Recover|p1a: Garganacl
|-heal|p1a: Garganacl|100/100
|
|upkeep
|turn|6
|
|t:|1760839579
|switch|p1a: Great Tusk|Great Tusk|100/100
|move|p2a: Glimmora|Earth Power|p1a: Great Tusk
|-damage|p1a: Great Tusk|53/100
|
|upkeep
|turn|7
|
|t:|1760839585
|switch|p2a: Dragapult|Dragapult, M|100/100
|move|p1a: Great Tusk|Knock Off|p2a: Dragapult
|-supereffective|p2a: Dragapult
|-damage|p2a: Dragapult|6/100
|-enditem|p2a: Dragapult|Choice Band|[from] move: Knock Off|[of] p1a: Great Tusk
|
|upkeep
|turn|8
|
|t:|1760839593
|-end|p1a: Great Tusk|Protosynthesis|[silent]
|switch|p1a: Garganacl|Garganacl, M|100/100
|-damage|p1a: Garganacl|88/100|[from] Stealth Rock
|move|p2a: Dragapult|Dragon Darts|p1a: Garganacl
|-damage|p1a: Garganacl|75/100
|-anim|p2a: Dragapult|Dragon Darts|p1a: Garganacl
|-damage|p1a: Garganacl|62/100
|
|-heal|p1a: Garganacl|68/100|[from] item: Leftovers
|upkeep
|turn|9
|
|t:|1760839599
|move|p2a: Dragapult|U-turn|p1a: Garganacl
|-damage|p1a: Garganacl|57/100
|
|t:|1760839601
|switch|p2a: Ogerpon|Ogerpon-Wellspring, F|100/100|[from] U-turn
|move|p1a: Garganacl|Stealth Rock|p2a: Ogerpon
|-sidestart|p2: lumi678|move: Stealth Rock
|
|-heal|p1a: Garganacl|63/100|[from] item: Leftovers
|upkeep
|turn|10
|
|t:|1760839628
|switch|p1a: Dragonite|Dragonite, F|100/100
|-terastallize|p2a: Ogerpon|Water
|detailschange|p2a: Ogerpon|Ogerpon-Wellspring-Tera, F, tera:Water
|-ability|p2a: Ogerpon|Embody Aspect (Wellspring)|boost
|-boost|p2a: Ogerpon|spd|1
|move|p2a: Ogerpon|Ivy Cudgel|p1a: Dragonite|[anim] Ivy Cudgel Water
|-resisted|p1a: Dragonite
|-damage|p1a: Dragonite|80/100
|
|upkeep
|turn|11
|
|t:|1760839635
|move|p2a: Ogerpon|Play Rough|p1a: Dragonite
|-supereffective|p1a: Dragonite
|-damage|p1a: Dragonite|3/100
|move|p1a: Dragonite|Dragon Dance|p1a: Dragonite
|-boost|p1a: Dragonite|atk|1
|-boost|p1a: Dragonite|spe|1
|
|upkeep
|turn|12
|
|t:|1760839659
|move|p1a: Dragonite|Earthquake|p2a: Ogerpon
|-damage|p2a: Ogerpon|22/100
|move|p2a: Ogerpon|Ivy Cudgel|p1a: Dragonite|[anim] Ivy Cudgel Water
|-resisted|p1a: Dragonite
|-damage|p1a: Dragonite|0 fnt
|faint|p1a: Dragonite
|
|upkeep
|
|t:|1760839694
|switch|p1a: Moltres|Moltres|100/100
|turn|13
|
|t:|1760839707
|-terastallize|p1a: Moltres|Water
|move|p2a: Ogerpon|Ivy Cudgel|p1a: Moltres|[anim] Ivy Cudgel Water
|-resisted|p1a: Moltres
|-damage|p1a: Moltres|75/100
|move|p1a: Moltres|Roar|p2a: Ogerpon
|drag|p2a: Dragapult|Dragapult, M|6/100
|-damage|p2a: Dragapult|0 fnt|[from] Stealth Rock
|faint|p2a: Dragapult
|
|upkeep
|
|t:|1760839713
|switch|p2a: Ogerpon|Ogerpon-Wellspring-Tera, F, tera:Water|22/100
|-damage|p2a: Ogerpon|9/100|[from] Stealth Rock
|-ability|p2a: Ogerpon|Embody Aspect (Wellspring)|boost
|-boost|p2a: Ogerpon|spd|1
|turn|14
|
|t:|1760839749
|move|p2a: Ogerpon|Power Whip|p1a: Moltres|[miss]
|-miss|p2a: Ogerpon|p1a: Moltres
|move|p1a: Moltres|U-turn|p2a: Ogerpon
|-crit|p2a: Ogerpon
|-damage|p2a: Ogerpon|0 fnt
|faint|p2a: Ogerpon
|detailschange|p2: Ogerpon|Ogerpon-Wellspring, F|[silent]
|
|t:|1760839753
|switch|p1a: Great Tusk|Great Tusk|53/100|[from] U-turn
|
|upkeep
|
|t:|1760839757
|switch|p2a: Glimmora|Glimmora, M|1/100
|-damage|p2a: Glimmora|0 fnt|[from] Stealth Rock
|faint|p2a: Glimmora
|
|t:|1760839759
|switch|p2a: Hatterene|Hatterene, F|100/100
|-damage|p2a: Hatterene|88/100|[from] Stealth Rock
|turn|15
|
|t:|1760839770
|move|p1a: Great Tusk|Rapid Spin|p2a: Hatterene
|-damage|p2a: Hatterene|74/100
|-boost|p1a: Great Tusk|spe|1
|-sideend|p1: lechuga_aguada|Stealth Rock|[from] move: Rapid Spin|[of] p1a: Great Tusk
|move|p2a: Hatterene|Calm Mind|p2a: Hatterene
|-boost|p2a: Hatterene|spa|1
|-boost|p2a: Hatterene|spd|1
|
|-heal|p2a: Hatterene|80/100|[from] item: Leftovers
|upkeep
|turn|16
|
|t:|1760839774
|move|p1a: Great Tusk|Headlong Rush|p2a: Hatterene
|-damage|p2a: Hatterene|29/100
|-unboost|p1a: Great Tusk|def|1
|-unboost|p1a: Great Tusk|spd|1
|move|p2a: Hatterene|Draining Kiss|p1a: Great Tusk
|-supereffective|p1a: Great Tusk
|-damage|p1a: Great Tusk|0 fnt
|-heal|p2a: Hatterene|75/100|[from] drain|[of] p1a: Great Tusk
|faint|p1a: Great Tusk
|-end|p1a: Great Tusk|Protosynthesis|[silent]
|
|-heal|p2a: Hatterene|81/100|[from] item: Leftovers
|upkeep
|
|t:|1760839798
|switch|p1a: Garganacl|Garganacl, M|63/100
|turn|17
|
|t:|1760839802
|move|p2a: Hatterene|Calm Mind|p2a: Hatterene
|-boost|p2a: Hatterene|spa|1
|-boost|p2a: Hatterene|spd|1
|move|p1a: Garganacl|Salt Cure|p2a: Hatterene
|-damage|p2a: Hatterene|69/100
|-start|p2a: Hatterene|Salt Cure
|
|-heal|p2a: Hatterene|75/100|[from] item: Leftovers
|-heal|p1a: Garganacl|69/100|[from] item: Leftovers
|-damage|p2a: Hatterene|63/100|[from] Salt Cure
|upkeep
|turn|18
|
|t:|1760839809
|move|p2a: Hatterene|Draining Kiss|p1a: Garganacl
|-damage|p1a: Garganacl|27/100
|-heal|p2a: Hatterene|100/100|[from] drain|[of] p1a: Garganacl
|move|p1a: Garganacl|Salt Cure|p2a: Hatterene
|-damage|p2a: Hatterene|88/100
|
|-heal|p2a: Hatterene|94/100|[from] item: Leftovers
|-heal|p1a: Garganacl|33/100|[from] item: Leftovers
|-damage|p2a: Hatterene|82/100|[from] Salt Cure
|upkeep
|turn|19
|
|t:|1760839815
|move|p1a: Garganacl|Protect|p1a: Garganacl
|-singleturn|p1a: Garganacl|Protect
|move|p2a: Hatterene|Draining Kiss|p1a: Garganacl
|-activate|p1a: Garganacl|move: Protect
|
|-heal|p2a: Hatterene|88/100|[from] item: Leftovers
|-heal|p1a: Garganacl|40/100|[from] item: Leftovers
|-damage|p2a: Hatterene|75/100|[from] Salt Cure
|upkeep
|turn|20
|
|t:|1760839826
|switch|p1a: Slowking|Slowking-Galar, M|56/100
|move|p2a: Hatterene|Draining Kiss|p1a: Slowking
|-resisted|p1a: Slowking
|-damage|p1a: Slowking|42/100
|-heal|p2a: Hatterene|88/100|[from] drain|[of] p1a: Slowking
|
|-heal|p2a: Hatterene|94/100|[from] item: Leftovers
|-damage|p2a: Hatterene|82/100|[from] Salt Cure
|upkeep
|turn|21
|
|t:|1760839836
|switch|p1a: Garganacl|Garganacl, M|40/100
|move|p2a: Hatterene|Psychic Noise|p1a: Garganacl
|-damage|p1a: Garganacl|0 fnt
|faint|p1a: Garganacl
|
|-heal|p2a: Hatterene|88/100|[from] item: Leftovers
|-damage|p2a: Hatterene|76/100|[from] Salt Cure
|upkeep
|
|t:|1760839857
|switch|p1a: Moltres|Moltres, tera:Water|75/100
|turn|22
|
|t:|1760839860
|move|p2a: Hatterene|Draining Kiss|p1a: Moltres
|-damage|p1a: Moltres|32/100
|-heal|p2a: Hatterene|100/100|[from] drain|[of] p1a: Moltres
|move|p1a: Moltres|Roar|p2a: Hatterene
|move|p2a: Hatterene|Roar|p1a: Moltres|[from] ability: Magic Bounce
|drag|p1a: Slowking|Slowking-Galar, M|76/100
|
|-damage|p2a: Hatterene|88/100|[from] Salt Cure
|upkeep
|turn|23
|
|t:|1760839867
|move|p2a: Hatterene|Psychic Noise|p1a: Slowking
|-damage|p1a: Slowking|36/100
|-start|p1a: Slowking|move: Heal Block
|move|p1a: Slowking|Sludge Bomb|p2a: Hatterene
|-supereffective|p2a: Hatterene
|-damage|p2a: Hatterene|50/100
|
|-heal|p2a: Hatterene|56/100|[from] item: Leftovers
|-damage|p2a: Hatterene|44/100|[from] Salt Cure
|upkeep
|turn|24
|
|t:|1760839873
|switch|p1a: Moltres|Moltres, tera:Water|32/100
|move|p2a: Hatterene|Psychic Noise|p1a: Moltres
|-damage|p1a: Moltres|0 fnt
|faint|p1a: Moltres
|
|-heal|p2a: Hatterene|50/100|[from] item: Leftovers
|-damage|p2a: Hatterene|38/100|[from] Salt Cure
|upkeep
|
|t:|1760839879
|switch|p1a: Slowking|Slowking-Galar, M|69/100
|turn|25
|
|t:|1760839884
|move|p2a: Hatterene|Mystical Fire|p1a: Slowking
|-damage|p1a: Slowking|44/100
|-unboost|p1a: Slowking|spa|1
|move|p1a: Slowking|Sludge Bomb|p2a: Hatterene
|-supereffective|p2a: Hatterene
|-damage|p2a: Hatterene|13/100
|
|-heal|p2a: Hatterene|19/100|[from] item: Leftovers
|-damage|p2a: Hatterene|6/100|[from] Salt Cure
|upkeep
|turn|26
|
|t:|1760839889
|move|p2a: Hatterene|Psychic Noise|p1a: Slowking
|-damage|p1a: Slowking|4/100
|-start|p1a: Slowking|move: Heal Block
|move|p1a: Slowking|Sludge Bomb|p2a: Hatterene
|-supereffective|p2a: Hatterene
|-damage|p2a: Hatterene|0 fnt
|faint|p2a: Hatterene
|
|upkeep
|
|t:|1760839895
|switch|p2a: Zamazenta|Zamazenta|100/100
|-damage|p2a: Zamazenta|94/100|[from] Stealth Rock
|-ability|p2a: Zamazenta|Dauntless Shield|boost
|-boost|p2a: Zamazenta|def|1
|turn|27
|
|t:|1760839899
|move|p2a: Zamazenta|Crunch|p1a: Slowking
|-supereffective|p1a: Slowking
|-damage|p1a: Slowking|0 fnt
|faint|p1a: Slowking
|-damage|p2a: Zamazenta|84/100|[from] item: Life Orb
|
|upkeep
|
|t:|1760839902
|switch|p1a: Primarina|Primarina, M|100/100
|turn|28
|
|t:|1760839905
|move|p2a: Zamazenta|Heavy Slam|p1a: Primarina
|-damage|p1a: Primarina|43/100
|-damage|p2a: Zamazenta|75/100|[from] item: Life Orb
|move|p1a: Primarina|Moonblast|p2a: Zamazenta
|-supereffective|p2a: Zamazenta
|-damage|p2a: Zamazenta|0 fnt
|faint|p2a: Zamazenta
|
|upkeep
|
|t:|1760839909
|switch|p2a: Darkrai|Darkrai|100/100
|turn|29
|
|t:|1760839911
|move|p2a: Darkrai|Sludge Bomb|p1a: Primarina
|-supereffective|p1a: Primarina
|-damage|p1a: Primarina|0 fnt
|faint|p1a: Primarina
|
|win|lumi678
|raw|lechuga_aguada's rating: 1172 &rarr; <strong>1142</strong><br />(-30 for losing)
|raw|lumi678's rating: 1104 &rarr; <strong>1134</strong><br />(+30 for winning)
|l|☆lumi678
|player|p2|
