|j|☆acrenb
|j|☆anewajou
|t:|1760727453
|gametype|singles
|player|p1|acrenb|roughneck|1451
|player|p2|anewajou|266|1444
|gen|9
|tier|[Gen 9] OU
|rated|
|rule|HP Percentage Mod: HP is shown in percentages
|rule|Endless Battle Clause: Forcing endless battles is banned
|rule|Species Clause: Limit one of each Pokémon
|rule|OHKO Clause: OHKO moves are banned
|rule|Evasion Items Clause: Evasion items are banned
|rule|Evasion Moves Clause: Evasion moves are banned
|rule|Evasion Abilities Clause: Evasion abilities are banned
|rule|Sleep Moves Clause: Sleep-inducing moves are banned
|clearpoke
|poke|p1|Ogerpon-Wellspring, F|
|poke|p1|Dragapult, F|
|poke|p1|Zamazenta-*|
|poke|p1|Moltres|
|poke|p1|Garganacl, F|
|poke|p1|Iron Treads|
|poke|p2|Frosmoth, F|
|poke|p2|Heatran, F|
|poke|p2|Ninetales-Alola, M|
|poke|p2|Dragapult, M|
|poke|p2|Quaquaval, M|
|poke|p2|Conkeldurr, M|
|teampreview
|inactive|Battle timer is ON: inactive players will automatically lose when time's up. (requested by acrenb)
|
|t:|1760727472
|teamsize|p1|6
|teamsize|p2|6
|start
|switch|p1a: Iron Treads|Iron Treads|100/100
|switch|p2a: Dragapult|Dragapult, M|100/100
|turn|1
|
|t:|1760727480
|move|p2a: Dragapult|Will-O-Wisp|p1a: Iron Treads
|-status|p1a: Iron Treads|brn
|move|p1a: Iron Treads|Knock Off|p2a: Dragapult
|-supereffective|p2a: Dragapult
|-damage|p2a: Dragapult|70/100
|-enditem|p2a: Dragapult|Spell Tag|[from] move: Knock Off|[of] p1a: Iron Treads
|
|-damage|p1a: Iron Treads|94/100 brn|[from] brn
|upkeep
|turn|2
|
|t:|1760727498
|move|p2a: Dragapult|Hex|p1a: Iron Treads
|-damage|p1a: Iron Treads|53/100 brn
|move|p1a: Iron Treads|Stealth Rock|p2a: Dragapult
|-sidestart|p2: anewajou|move: Stealth Rock
|
|-heal|p1a: Iron Treads|59/100 brn|[from] item: Leftovers
|-damage|p1a: Iron Treads|53/100 brn|[from] brn
|upkeep
|turn|3
|
|t:|1760727506
|-end|p1a: Iron Treads|Quark Drive|[silent]
|switch|p1a: Garganacl|Garganacl, F|100/100
|move|p2a: Dragapult|Dragon Dance|p2a: Dragapult
|-boost|p2a: Dragapult|atk|1
|-boost|p2a: Dragapult|spe|1
|
|upkeep
|turn|4
|
|t:|1760727512
|switch|p2a: Conkeldurr|Conkeldurr, M|100/100
|-damage|p2a: Conkeldurr|94/100|[from] Stealth Rock
|move|p1a: Garganacl|Salt Cure|p2a: Conkeldurr
|-resisted|p2a: Conkeldurr
|-damage|p2a: Conkeldurr|88/100
|-start|p2a: Conkeldurr|Salt Cure
|
|-heal|p2a: Conkeldurr|94/100|[from] item: Leftovers
|-damage|p2a: Conkeldurr|81/100|[from] Salt Cure
|upkeep
|turn|5
|
|t:|1760727527
|switch|p1a: Dragapult|Dragapult, F|100/100
|move|p2a: Conkeldurr|Defog|p1a: Dragapult
|-unboost|p1a: Dragapult|evasion|1
|-sideend|p2: anewajou|Stealth Rock|[from] move: Defog|[of] p2a: Conkeldurr
|
|-heal|p2a: Conkeldurr|88/100|[from] item: Leftovers
|-damage|p2a: Conkeldurr|75/100|[from] Salt Cure
|upkeep
|turn|6
|
|t:|1760727536
|move|p1a: Dragapult|U-turn|p2a: Conkeldurr
|-resisted|p2a: Conkeldurr
|-damage|p2a: Conkeldurr|67/100
|
|t:|1760727539
|switch|p1a: Moltres|Moltres|100/100|[from] U-turn
|move|p2a: Conkeldurr|Ice Punch|p1a: Moltres
|-damage|p1a: Moltres|75/100
|
|-heal|p2a: Conkeldurr|73/100|[from] item: Leftovers
|-damage|p2a: Conkeldurr|60/100|[from] Salt Cure
|upkeep
|turn|7
|
|t:|1760727548
|switch|p1a: Iron Treads|Iron Treads|53/100 brn
|switch|p2a: Ninetales|Ninetales-Alola, M|100/100
|-weather|Snowscape|[from] ability: Snow Warning|[of] p2a: Ninetales
|
|-weather|Snowscape|[upkeep]
|-heal|p1a: Iron Treads|59/100 brn|[from] item: Leftovers
|-damage|p1a: Iron Treads|53/100 brn|[from] brn
|upkeep
|turn|8
|
|t:|1760727559
|move|p2a: Ninetales|Aurora Veil|p2a: Ninetales
|-sidestart|p2: anewajou|move: Aurora Veil
|move|p1a: Iron Treads|Knock Off|p2a: Ninetales
|-resisted|p2a: Ninetales
|-damage|p2a: Ninetales|98/100
|-enditem|p2a: Ninetales|Light Clay|[from] move: Knock Off|[of] p1a: Iron Treads
|
|-weather|Snowscape|[upkeep]
|-heal|p1a: Iron Treads|59/100 brn|[from] item: Leftovers
|-damage|p1a: Iron Treads|53/100 brn|[from] brn
|upkeep
|turn|9
|
|t:|1760727567
|move|p2a: Ninetales|Freeze-Dry|p1a: Iron Treads
|-damage|p1a: Iron Treads|38/100 brn
|move|p1a: Iron Treads|Stealth Rock|p2a: Ninetales
|-sidestart|p2: anewajou|move: Stealth Rock
|
|-weather|Snowscape|[upkeep]
|-heal|p1a: Iron Treads|44/100 brn|[from] item: Leftovers
|-damage|p1a: Iron Treads|38/100 brn|[from] brn
|upkeep
|turn|10
|
|t:|1760727576
|-end|p1a: Iron Treads|Quark Drive|[silent]
|switch|p1a: Garganacl|Garganacl, F|100/100
|move|p2a: Ninetales|Encore||[still]
|-fail|p2a: Ninetales
|
|-weather|Snowscape|[upkeep]
|upkeep
|turn|11
|
|t:|1760727581
|move|p2a: Ninetales|Freeze-Dry|p1a: Garganacl
|-damage|p1a: Garganacl|87/100
|move|p1a: Garganacl|Salt Cure|p2a: Ninetales
|-supereffective|p2a: Ninetales
|-damage|p2a: Ninetales|87/100
|-start|p2a: Ninetales|Salt Cure
|
|-weather|none
|-heal|p1a: Garganacl|93/100|[from] item: Leftovers
|-damage|p2a: Ninetales|74/100|[from] Salt Cure
|upkeep
|turn|12
|
|t:|1760727592
|move|p2a: Ninetales|Disable|p1a: Garganacl
|-start|p1a: Garganacl|Disable|Salt Cure
|move|p1a: Garganacl|Body Press|p2a: Ninetales
|-damage|p2a: Ninetales|61/100
|
|-heal|p1a: Garganacl|99/100|[from] item: Leftovers
|-damage|p2a: Ninetales|48/100|[from] Salt Cure
|upkeep
|turn|13
|
|t:|1760727601
|switch|p2a: Conkeldurr|Conkeldurr, M|60/100
|-damage|p2a: Conkeldurr|54/100|[from] Stealth Rock
|move|p1a: Garganacl|Body Press|p2a: Conkeldurr
|-damage|p2a: Conkeldurr|43/100
|
|-heal|p1a: Garganacl|100/100|[from] item: Leftovers
|-heal|p2a: Conkeldurr|49/100|[from] item: Leftovers
|upkeep
|turn|14
|
|t:|1760727615
|switch|p1a: Dragapult|Dragapult, F|100/100
|move|p2a: Conkeldurr|Defog|p1a: Dragapult
|-unboost|p1a: Dragapult|evasion|1
|-sideend|p2: anewajou|Stealth Rock|[from] move: Defog|[of] p2a: Conkeldurr
|
|-heal|p2a: Conkeldurr|55/100|[from] item: Leftovers
|upkeep
|turn|15
|
|t:|1760727624
|-terastallize|p1a: Dragapult|Dragon
|move|p1a: Dragapult|Draco Meteor|p2a: Conkeldurr
|-damage|p2a: Conkeldurr|0 fnt
|-unboost|p1a: Dragapult|spa|2
|faint|p2a: Conkeldurr
|
|-sideend|p2: anewajou|move: Aurora Veil
|upkeep
|inactive|anewajou has 120 seconds left.
|
|t:|1760727656
|switch|p2a: Ninetales|Ninetales-Alola, M|48/100
|-weather|Snowscape|[from] ability: Snow Warning|[of] p2a: Ninetales
|turn|16
|
|t:|1760727664
|move|p1a: Dragapult|U-turn|p2a: Ninetales
|-resisted|p2a: Ninetales
|-damage|p2a: Ninetales|41/100
|
|t:|1760727667
|switch|p1a: Iron Treads|Iron Treads|38/100 brn|[from] U-turn
|move|p2a: Ninetales|Aurora Veil|p2a: Ninetales
|-sidestart|p2: anewajou|move: Aurora Veil
|
|-weather|Snowscape|[upkeep]
|-heal|p1a: Iron Treads|44/100 brn|[from] item: Leftovers
|-damage|p1a: Iron Treads|38/100 brn|[from] brn
|upkeep
|turn|17
|
|t:|1760727675
|switch|p2a: Frosmoth|Frosmoth, F|100/100
|move|p1a: Iron Treads|Stealth Rock|p2a: Frosmoth
|-sidestart|p2: anewajou|move: Stealth Rock
|
|-weather|Snowscape|[upkeep]
|-heal|p1a: Iron Treads|44/100 brn|[from] item: Leftovers
|-damage|p1a: Iron Treads|38/100 brn|[from] brn
|upkeep
|turn|18
|
|t:|1760727682
|-end|p1a: Iron Treads|Quark Drive|[silent]
|switch|p1a: Moltres|Moltres|75/100
|move|p2a: Frosmoth|Quiver Dance|p2a: Frosmoth
|-boost|p2a: Frosmoth|spa|1
|-boost|p2a: Frosmoth|spd|1
|-boost|p2a: Frosmoth|spe|1
|
|-weather|Snowscape|[upkeep]
|upkeep
|turn|19
|
|t:|1760727687
|move|p2a: Frosmoth|Quiver Dance|p2a: Frosmoth
|-boost|p2a: Frosmoth|spa|1
|-boost|p2a: Frosmoth|spd|1
|-boost|p2a: Frosmoth|spe|1
|move|p1a: Moltres|Roar|p2a: Frosmoth
|drag|p2a: Ninetales|Ninetales-Alola, M|41/100
|-damage|p2a: Ninetales|17/100|[from] Stealth Rock
|
|-weather|Snowscape|[upkeep]
|upkeep
|turn|20
|
|t:|1760727696
|move|p2a: Ninetales|Encore|p1a: Moltres
|-start|p1a: Moltres|Encore
|move|p1a: Moltres|Roar|p2a: Ninetales
|drag|p2a: Frosmoth|Frosmoth, F|100/100
|-damage|p2a: Frosmoth|51/100|[from] Stealth Rock
|
|-weather|none
|-heal|p2a: Frosmoth|57/100|[from] item: Leftovers
|-sideend|p2: anewajou|move: Aurora Veil
|upkeep
|turn|21
|
|t:|1760727706
|move|p2a: Frosmoth|Ice Beam|p1a: Moltres
|-damage|p1a: Moltres|44/100
|move|p1a: Moltres|Roar|p2a: Frosmoth
|drag|p2a: Heatran|Heatran, F|100/100
|-damage|p2a: Heatran|88/100|[from] Stealth Rock
|-item|p2a: Heatran|Air Balloon
|
|upkeep
|turn|22
|
|t:|1760727715
|switch|p1a: Garganacl|Garganacl, F|100/100
|move|p2a: Heatran|Stealth Rock|p1a: Garganacl
|-sidestart|p1: acrenb|move: Stealth Rock
|
|upkeep
|turn|23
|
|t:|1760727722
|move|p2a: Heatran|Earth Power|p1a: Garganacl
|-supereffective|p1a: Garganacl
|-damage|p1a: Garganacl|65/100
|move|p1a: Garganacl|Iron Defense|p1a: Garganacl
|-boost|p1a: Garganacl|def|2
|
|-heal|p1a: Garganacl|71/100|[from] item: Leftovers
|upkeep
|turn|24
|
|t:|1760727731
|move|p2a: Heatran|Earth Power|p1a: Garganacl
|-supereffective|p1a: Garganacl
|-damage|p1a: Garganacl|40/100
|move|p1a: Garganacl|Body Press|p2a: Heatran
|-supereffective|p2a: Heatran
|-damage|p2a: Heatran|13/100
|-enditem|p2a: Heatran|Air Balloon
|
|-heal|p1a: Garganacl|46/100|[from] item: Leftovers
|upkeep
|turn|25
|
|t:|1760727740
|move|p2a: Heatran|Taunt|p1a: Garganacl
|-start|p1a: Garganacl|move: Taunt
|cant|p1a: Garganacl|move: Taunt|Recover
|
|-heal|p1a: Garganacl|52/100|[from] item: Leftovers
|upkeep
|turn|26
|
|t:|1760727746
|move|p2a: Heatran|Earth Power|p1a: Garganacl
|-supereffective|p1a: Garganacl
|-damage|p1a: Garganacl|19/100
|move|p1a: Garganacl|Salt Cure|p2a: Heatran
|-damage|p2a: Heatran|1/100
|-start|p2a: Heatran|Salt Cure
|
|-heal|p1a: Garganacl|26/100|[from] item: Leftovers
|-damage|p2a: Heatran|0 fnt|[from] Salt Cure
|faint|p2a: Heatran
|upkeep
|
|t:|1760727757
|switch|p2a: Frosmoth|Frosmoth, F|57/100
|-damage|p2a: Frosmoth|7/100|[from] Stealth Rock
|turn|27
|
|t:|1760727761
|move|p2a: Frosmoth|Ice Beam|p1a: Garganacl
|-damage|p1a: Garganacl|3/100
|move|p1a: Garganacl|Salt Cure|p2a: Frosmoth
|-supereffective|p2a: Frosmoth
|-damage|p2a: Frosmoth|0 fnt
|faint|p2a: Frosmoth
|
|-heal|p1a: Garganacl|9/100|[from] item: Leftovers
|-end|p1a: Garganacl|move: Taunt
|upkeep
|
|t:|1760727768
|switch|p2a: Quaquaval|Quaquaval, M|100/100
|-damage|p2a: Quaquaval|95/100|[from] Stealth Rock
|turn|28
|
|t:|1760727783
|switch|p1a: Ogerpon|Ogerpon-Wellspring, F|100/100
|-damage|p1a: Ogerpon|88/100|[from] Stealth Rock
|move|p2a: Quaquaval|Triple Axel|p1a: Ogerpon
|-crit|p1a: Ogerpon
|-damage|p1a: Ogerpon|76/100
|-hitcount|p1a: Ogerpon|1
|
|upkeep
|turn|29
|
|t:|1760727789
|switch|p2a: Ninetales|Ninetales-Alola, M|17/100
|-damage|p2a: Ninetales|0 fnt|[from] Stealth Rock
|faint|p2a: Ninetales
|move|p1a: Ogerpon|Trailblaze|p2: Ninetales|[notarget]
|-fail|p1a: Ogerpon
|
|upkeep
|
|t:|1760727791
|switch|p2a: Dragapult|Dragapult, M|70/100
|-damage|p2a: Dragapult|58/100|[from] Stealth Rock
|turn|30
|
|t:|1760727800
|move|p2a: Dragapult|Will-O-Wisp|p1a: Ogerpon
|-status|p1a: Ogerpon|brn
|move|p1a: Ogerpon|Ivy Cudgel|p2a: Dragapult|[anim] Ivy Cudgel Water
|-resisted|p2a: Dragapult
|-crit|p2a: Dragapult
|-damage|p2a: Dragapult|30/100
|
|-damage|p1a: Ogerpon|70/100 brn|[from] brn
|upkeep
|turn|31
|
|t:|1760727811
|switch|p1a: Garganacl|Garganacl, F|9/100
|-damage|p1a: Garganacl|0 fnt|[from] Stealth Rock
|faint|p1a: Garganacl
|move|p2a: Dragapult|Hex|p1: Garganacl|[notarget]
|-fail|p2a: Dragapult
|
|upkeep
|
|t:|1760727819
|switch|p1a: Zamazenta|Zamazenta|100/100
|-damage|p1a: Zamazenta|94/100|[from] Stealth Rock
|-ability|p1a: Zamazenta|Dauntless Shield|boost
|-boost|p1a: Zamazenta|def|1
|turn|32
|
|t:|1760727824
|move|p2a: Dragapult|Will-O-Wisp|p1a: Zamazenta
|-status|p1a: Zamazenta|brn
|move|p1a: Zamazenta|Crunch|p2a: Dragapult
|-supereffective|p2a: Dragapult
|-damage|p2a: Dragapult|0 fnt
|faint|p2a: Dragapult
|
|-damage|p1a: Zamazenta|88/100 brn|[from] brn
|upkeep
|
|t:|1760727826
|switch|p2a: Quaquaval|Quaquaval, M|95/100
|-damage|p2a: Quaquaval|89/100|[from] Stealth Rock
|turn|33
|
|t:|1760727841
|move|p1a: Zamazenta|Close Combat|p2a: Quaquaval
|-damage|p2a: Quaquaval|52/100
|-unboost|p1a: Zamazenta|def|1
|-unboost|p1a: Zamazenta|spd|1
|move|p2a: Quaquaval|Triple Axel|p1a: Zamazenta
|-crit|p1a: Zamazenta
|-damage|p1a: Zamazenta|78/100 brn
|-damage|p1a: Zamazenta|65/100 brn
|-damage|p1a: Zamazenta|44/100 brn
|-hitcount|p1a: Zamazenta|3
|
|-damage|p1a: Zamazenta|38/100 brn|[from] brn
|upkeep
|turn|34
|
|t:|1760727854
|switch|p1a: Moltres|Moltres|44/100
|move|p2a: Quaquaval|Aqua Step|p1a: Moltres
|-supereffective|p1a: Moltres
|-damage|p1a: Moltres|0 fnt
|-boost|p2a: Quaquaval|spe|1
|faint|p1a: Moltres
|-ability|p2a: Quaquaval|Moxie|boost
|-boost|p2a: Quaquaval|atk|1
|
|upkeep
|
|t:|1760727862
|switch|p1a: Dragapult|Dragapult, F, tera:Dragon|100/100
|turn|35
|
|t:|1760727869
|move|p1a: Dragapult|Will-O-Wisp|p2a: Quaquaval|[miss]
|-miss|p1a: Dragapult|p2a: Quaquaval
|move|p2a: Quaquaval|Triple Axel|p1a: Dragapult
|-supereffective|p1a: Dragapult
|-damage|p1a: Dragapult|68/100
|-supereffective|p1a: Dragapult
|-crit|p1a: Dragapult
|-damage|p1a: Dragapult|0 fnt
|faint|p1a: Dragapult
|-ability|p2a: Quaquaval|Moxie|boost
|-boost|p2a: Quaquaval|atk|1
|-hitcount|p1: Dragapult|2
|
|upkeep
|
|t:|1760727873
|switch|p1a: Ogerpon|Ogerpon-Wellspring, F|70/100 brn
|-damage|p1a: Ogerpon|57/100 brn|[from] Stealth Rock
|turn|36
|
|t:|1760727884
|-terastallize|p2a: Quaquaval|Electric
|move|p2a: Quaquaval|Tera Blast|p1a: Ogerpon|[anim] Tera Blast Electric
|-damage|p1a: Ogerpon|0 fnt
|faint|p1a: Ogerpon
|-ability|p2a: Quaquaval|Moxie|boost
|-boost|p2a: Quaquaval|atk|1
|
|upkeep
|-message|acrenb forfeited.
|
|win|anewajou
|raw|acrenb's rating: 1451 &rarr; <strong>1431</strong><br />(-20 for losing)
|raw|anewajou's rating: 1444 &rarr; <strong>1464</strong><br />(+20 for winning)
|l|☆acrenb
|player|p1|
