|j|☆Magcla
|j|☆levijoseph
|t:|1760847776
|gametype|singles
|player|p1|Magcla|may-masters2|1540
|player|p2|levijoseph|nate|1605
|gen|9
|tier|[Gen 9] OU
|rated|
|rule|HP Percentage Mod: HP is shown in percentages
|rule|Endless Battle Clause: Forcing endless battles is banned
|rule|Species Clause: Limit one of each Pokémon
|rule|OHKO Clause: OHKO moves are banned
|rule|Evasion Items Clause: Evasion items are banned
|rule|Evasion Moves Clause: Evasion moves are banned
|rule|Evasion Abilities Clause: Evasion abilities are banned
|rule|Sleep Moves Clause: Sleep-inducing moves are banned
|clearpoke
|poke|p1|Clefable, F|
|poke|p1|Blaziken, F|
|poke|p1|Comfey, M|
|poke|p1|Gholdengo|
|poke|p1|Great Tusk|
|poke|p1|Weavile, F|
|poke|p2|Serperior, M|
|poke|p2|Clefable, F|
|poke|p2|Thundurus, M|
|poke|p2|Scizor, F|
|poke|p2|Smeargle, F|
|poke|p2|Ceruledge, F|
|teampreview
|inactive|Battle timer is ON: inactive players will automatically lose when time's up. (requested by levijoseph)
|
|t:|1760847803
|teamsize|p1|6
|teamsize|p2|6
|start
|switch|p1a: Weavile|Weavile, F|100/100
|switch|p2a: Smeargle|Smeargle, F|100/100
|-ability|p1a: Weavile|Pressure
|turn|1
|
|t:|1760847811
|move|p1a: Weavile|Triple Axel|p2a: Smeargle
|-damage|p2a: Smeargle|78/100
|-damage|p2a: Smeargle|27/100
|-damage|p2a: Smeargle|0 fnt
|faint|p2a: Smeargle
|-hitcount|p2: Smeargle|3
|
|upkeep
|
|t:|1760847815
|switch|p2a: Scizor|Scizor, F|100/100
|turn|2
|
|t:|1760847824
|switch|p1a: Great Tusk|Great Tusk|100/100
|-enditem|p1a: Great Tusk|Booster Energy
|-activate|p1a: Great Tusk|ability: Protosynthesis|[fromitem]
|-start|p1a: Great Tusk|protosynthesisatk
|move|p2a: Scizor|Swords Dance|p2a: Scizor
|-boost|p2a: Scizor|atk|2
|
|upkeep
|turn|3
|
|t:|1760847826
|move|p1a: Great Tusk|Headlong Rush|p2a: Scizor
|-damage|p2a: Scizor|24/100
|-unboost|p1a: Great Tusk|def|1
|-unboost|p1a: Great Tusk|spd|1
|move|p2a: Scizor|Dual Wingbeat|p1a: Great Tusk
|-supereffective|p1a: Great Tusk
|-damage|p1a: Great Tusk|0 fnt
|faint|p1a: Great Tusk
|-end|p1a: Great Tusk|Protosynthesis|[silent]
|-hitcount|p1: Great Tusk|1
|
|upkeep
|
|t:|1760847834
|switch|p1a: Gholdengo|Gholdengo|100/100
|turn|4
|
|t:|1760847841
|move|p2a: Scizor|Bullet Punch|p1a: Gholdengo
|-resisted|p1a: Gholdengo
|-damage|p1a: Gholdengo|52/100
|move|p1a: Gholdengo|Shadow Ball|p2a: Scizor
|-damage|p2a: Scizor|0 fnt
|faint|p2a: Scizor
|
|upkeep
|
|t:|1760847845
|switch|p2a: Thundurus|Thundurus, M|100/100
|turn|5
|
|t:|1760847849
|switch|p1a: Clefable|Clefable, F|100/100
|move|p2a: Thundurus|Nasty Plot|p2a: Thundurus
|-boost|p2a: Thundurus|spa|2
|
|upkeep
|turn|6
|
|t:|1760847853
|move|p2a: Thundurus|Thunder Wave|p1a: Clefable
|-status|p1a: Clefable|par
|cant|p1a: Clefable|par
|
|upkeep
|turn|7
|
|t:|1760847859
|move|p2a: Thundurus|Wildbolt Storm|p1a: Clefable
|-damage|p1a: Clefable|25/100 par
|cant|p1a: Clefable|par
|
|upkeep
|turn|8
|
|t:|1760847863
|move|p2a: Thundurus|Wildbolt Storm|p1a: Clefable
|-damage|p1a: Clefable|0 fnt
|faint|p1a: Clefable
|
|upkeep
|
|t:|1760847866
|switch|p1a: Weavile|Weavile, F|100/100
|-ability|p1a: Weavile|Pressure
|turn|9
|
|t:|1760847876
|move|p1a: Weavile|Triple Axel|p2a: Thundurus
|-supereffective|p2a: Thundurus
|-damage|p2a: Thundurus|70/100
|-supereffective|p2a: Thundurus
|-damage|p2a: Thundurus|14/100
|-supereffective|p2a: Thundurus
|-damage|p2a: Thundurus|0 fnt
|faint|p2a: Thundurus
|-hitcount|p2: Thundurus|3
|
|upkeep
|
|t:|1760847883
|switch|p2a: Ceruledge|Ceruledge, F|100/100
|turn|10
|
|t:|1760847886
|move|p1a: Weavile|Knock Off|p2a: Ceruledge
|-supereffective|p2a: Ceruledge
|-damage|p2a: Ceruledge|0 fnt
|-enditem|p2a: Ceruledge|Leftovers|[from] move: Knock Off|[of] p1a: Weavile
|faint|p2a: Ceruledge
|
|upkeep
|
|t:|1760847889
|switch|p2a: Serperior|Serperior, M|100/100
|turn|11
|
|t:|1760847891
|move|p1a: Weavile|Triple Axel|p2a: Serperior
|-supereffective|p2a: Serperior
|-damage|p2a: Serperior|82/100
|-supereffective|p2a: Serperior
|-damage|p2a: Serperior|41/100
|-supereffective|p2a: Serperior
|-damage|p2a: Serperior|0 fnt
|faint|p2a: Serperior
|-hitcount|p2: Serperior|3
|
|upkeep
|
|t:|1760847896
|switch|p2a: Clefable|Clefable, F|100/100
|turn|12
|
|t:|1760847899
|move|p1a: Weavile|Triple Axel|p2a: Clefable
|-damage|p2a: Clefable|89/100
|-hitcount|p2a: Clefable|1
|move|p2a: Clefable|Cosmic Power|p2a: Clefable
|-boost|p2a: Clefable|def|1
|-boost|p2a: Clefable|spd|1
|
|-heal|p2a: Clefable|95/100|[from] item: Leftovers
|upkeep
|turn|13
|
|t:|1760847905
|switch|p1a: Gholdengo|Gholdengo|52/100
|move|p2a: Clefable|Moonblast|p1a: Gholdengo
|-resisted|p1a: Gholdengo
|-damage|p1a: Gholdengo|27/100
|
|-heal|p2a: Clefable|100/100|[from] item: Leftovers
|upkeep
|turn|14
|
|t:|1760847908
|move|p1a: Gholdengo|Trick|p2a: Clefable
|-activate|p1a: Gholdengo|move: Trick|[of] p2a: Clefable
|-item|p2a: Clefable|Choice Scarf|[from] move: Trick
|-item|p1a: Gholdengo|Leftovers|[from] move: Trick
|move|p2a: Clefable|Moonblast|p1a: Gholdengo
|-resisted|p1a: Gholdengo
|-damage|p1a: Gholdengo|1/100
|
|-heal|p1a: Gholdengo|7/100|[from] item: Leftovers
|upkeep
|turn|15
|-message|levijoseph forfeited.
|
|win|Magcla
|raw|Magcla's rating: 1540 &rarr; <strong>1564</strong><br />(+24 for winning)
|raw|levijoseph's rating: 1605 &rarr; <strong>1581</strong><br />(-24 for losing)
|l|☆levijoseph
|player|p2|
|l|☆Magcla
|player|p1|
