|j|☆Madam Ferix
|j|☆dia90
|t:|1760822380
|gametype|singles
|player|p1|Madam Ferix|nita|1477
|player|p2|dia90|265|1553
|gen|9
|tier|[Gen 9] OU
|rated|
|rule|HP Percentage Mod: HP is shown in percentages
|rule|Endless Battle Clause: Forcing endless battles is banned
|rule|Species Clause: Limit one of each Pokémon
|rule|OHKO Clause: OHKO moves are banned
|rule|Evasion Items Clause: Evasion items are banned
|rule|Evasion Moves Clause: Evasion moves are banned
|rule|Evasion Abilities Clause: Evasion abilities are banned
|rule|Sleep Moves Clause: Sleep-inducing moves are banned
|clearpoke
|poke|p1|Zamazenta-*|
|poke|p1|Ting-Lu|
|poke|p1|Sinistcha|
|poke|p1|Slowking-Galar, F|
|poke|p1|Glimmora, F|
|poke|p1|Tornadus-Therian, M|
|poke|p2|Samurott-Hisui, F|
|poke|p2|Rillaboom, M|
|poke|p2|Gholdengo|
|poke|p2|Emboar, M|
|poke|p2|Dondozo, M|
|poke|p2|Iron Treads|
|teampreview
|
|t:|1760822391
|teamsize|p1|6
|teamsize|p2|6
|start
|switch|p1a: Meta-festation|Tornadus-Therian, M|100/100
|switch|p2a: Gholdengo|Gholdengo|100/100
|turn|1
|
|t:|1760822396
|move|p1a: Meta-festation|Knock Off|p2a: Gholdengo
|-supereffective|p2a: Gholdengo
|-damage|p2a: Gholdengo|74/100
|-enditem|p2a: Gholdengo|Leftovers|[from] move: Knock Off|[of] p1a: Meta-festation
|move|p2a: Gholdengo|Thunder Wave|p1a: Meta-festation
|-status|p1a: Meta-festation|par
|
|upkeep
|turn|2
|
|t:|1760822409
|move|p2a: Gholdengo|Hex|p1a: Meta-festation
|-crit|p1a: Meta-festation
|-damage|p1a: Meta-festation|45/100 par
|cant|p1a: Meta-festation|par
|
|upkeep
|turn|3
|
|t:|1760822416
|switch|p2a: Samurott|Samurott-Hisui, F|100/100
|switch|p1a: Fracture Conjurer|Ting-Lu|100/100
|-ability|p1a: Fracture Conjurer|Vessel of Ruin
|
|upkeep
|turn|4
|
|t:|1760822423
|move|p2a: Samurott|Razor Shell|p1a: Fracture Conjurer
|-supereffective|p1a: Fracture Conjurer
|-damage|p1a: Fracture Conjurer|2/100
|-unboost|p1a: Fracture Conjurer|def|1
|move|p1a: Fracture Conjurer|Stealth Rock|p2a: Samurott
|-sidestart|p2: dia90|move: Stealth Rock
|
|-heal|p1a: Fracture Conjurer|9/100|[from] item: Leftovers
|upkeep
|turn|5
|
|t:|1760822435
|switch|p1a: The Best Offense|Zamazenta|100/100
|-ability|p1a: The Best Offense|Dauntless Shield|boost
|-boost|p1a: The Best Offense|def|1
|move|p2a: Samurott|Razor Shell|p1a: The Best Offense
|-damage|p1a: The Best Offense|56/100
|
|upkeep
|turn|6
|
|t:|1760822447
|switch|p2a: Dondozo|Dondozo, M|100/100
|-damage|p2a: Dondozo|88/100|[from] Stealth Rock
|move|p1a: The Best Offense|Iron Defense|p1a: The Best Offense
|-boost|p1a: The Best Offense|def|2
|
|-heal|p2a: Dondozo|94/100|[from] item: Leftovers
|upkeep
|turn|7
|
|t:|1760822456
|switch|p1a: Elephant's Foot|Sinistcha|100/100
|move|p2a: Dondozo|Wave Crash|p1a: Elephant's Foot
|-resisted|p1a: Elephant's Foot
|-damage|p1a: Elephant's Foot|87/100
|-damage|p2a: Dondozo|91/100|[from] Recoil
|
|-heal|p2a: Dondozo|97/100|[from] item: Leftovers
|upkeep
|turn|8
|
|t:|1760822477
|switch|p2a: Rillaboom|Rillaboom, M|100/100
|-damage|p2a: Rillaboom|88/100|[from] Stealth Rock
|-fieldstart|move: Grassy Terrain|[from] ability: Grassy Surge|[of] p2a: Rillaboom
|move|p1a: Elephant's Foot|Matcha Gotcha|p2a: Rillaboom
|-resisted|p2a: Rillaboom
|-damage|p2a: Rillaboom|66/100
|-heal|p1a: Elephant's Foot|99/100|[from] drain|[of] p2a: Rillaboom
|-status|p2a: Rillaboom|brn
|
|-heal|p2a: Rillaboom|73/100 brn|[from] Grassy Terrain
|-heal|p1a: Elephant's Foot|100/100|[from] Grassy Terrain
|-damage|p2a: Rillaboom|66/100 brn|[from] brn
|upkeep
|turn|9
|
|t:|1760822491
|move|p2a: Rillaboom|Knock Off|p1a: Elephant's Foot
|-supereffective|p1a: Elephant's Foot
|-damage|p1a: Elephant's Foot|74/100
|-enditem|p1a: Elephant's Foot|Heavy-Duty Boots|[from] move: Knock Off|[of] p2a: Rillaboom
|move|p1a: Elephant's Foot|Calm Mind|p1a: Elephant's Foot
|-boost|p1a: Elephant's Foot|spa|1
|-boost|p1a: Elephant's Foot|spd|1
|
|-heal|p2a: Rillaboom|73/100 brn|[from] Grassy Terrain
|-heal|p1a: Elephant's Foot|80/100|[from] Grassy Terrain
|-damage|p2a: Rillaboom|66/100 brn|[from] brn
|upkeep
|turn|10
|
|t:|1760822501
|move|p2a: Rillaboom|U-turn|p1a: Elephant's Foot
|-damage|p1a: Elephant's Foot|72/100
|
|t:|1760822508
|switch|p2a: Emboar|Emboar, M|100/100|[from] U-turn
|-damage|p2a: Emboar|88/100|[from] Stealth Rock
|move|p1a: Elephant's Foot|Calm Mind|p1a: Elephant's Foot
|-boost|p1a: Elephant's Foot|spa|1
|-boost|p1a: Elephant's Foot|spd|1
|
|-heal|p1a: Elephant's Foot|78/100|[from] Grassy Terrain
|-heal|p2a: Emboar|94/100|[from] Grassy Terrain
|upkeep
|turn|11
|
|t:|1760822518
|switch|p1a: Lesbians are Nigh|Glimmora, F|100/100
|move|p2a: Emboar|Bulk Up|p2a: Emboar
|-boost|p2a: Emboar|atk|1
|-boost|p2a: Emboar|def|1
|
|-heal|p2a: Emboar|99/100|[from] Grassy Terrain
|upkeep
|turn|12
|
|t:|1760822525
|move|p1a: Lesbians are Nigh|Meteor Beam||[still]
|-prepare|p1a: Lesbians are Nigh|Meteor Beam
|-boost|p1a: Lesbians are Nigh|spa|1
|-enditem|p1a: Lesbians are Nigh|Power Herb
|-anim|p1a: Lesbians are Nigh|Meteor Beam|p2a: Emboar
|-damage|p2a: Emboar|0 fnt
|faint|p2a: Emboar
|
|upkeep
|
|t:|1760822532
|switch|p2a: Iron Treads|Iron Treads|100/100
|-damage|p2a: Iron Treads|98/100|[from] Stealth Rock
|turn|13
|
|t:|1760822539
|-terastallize|p1a: Lesbians are Nigh|Ghost
|move|p1a: Lesbians are Nigh|Earth Power|p2a: Iron Treads
|-supereffective|p2a: Iron Treads
|-damage|p2a: Iron Treads|33/100
|move|p2a: Iron Treads|Knock Off|p1a: Lesbians are Nigh
|-supereffective|p1a: Lesbians are Nigh
|-damage|p1a: Lesbians are Nigh|55/100
|-activate|p1a: Lesbians are Nigh|ability: Toxic Debris
|-sidestart|p2: dia90|move: Toxic Spikes
|
|-heal|p1a: Lesbians are Nigh|61/100|[from] Grassy Terrain
|-heal|p2a: Iron Treads|39/100|[from] Grassy Terrain
|upkeep
|turn|14
|
|t:|1760822552
|-end|p2a: Iron Treads|Quark Drive|[silent]
|switch|p2a: Dondozo|Dondozo, M|97/100
|-damage|p2a: Dondozo|85/100|[from] Stealth Rock
|-status|p2a: Dondozo|psn
|move|p1a: Lesbians are Nigh|Earth Power|p2a: Dondozo
|-damage|p2a: Dondozo|66/100 psn
|
|-heal|p1a: Lesbians are Nigh|67/100|[from] Grassy Terrain
|-heal|p2a: Dondozo|72/100 psn|[from] Grassy Terrain
|-heal|p2a: Dondozo|78/100 psn|[from] item: Leftovers
|-damage|p2a: Dondozo|66/100 psn|[from] psn
|upkeep
|turn|15
|
|t:|1760822564
|move|p1a: Lesbians are Nigh|Spikes|p2a: Dondozo
|-sidestart|p2: dia90|Spikes
|move|p2a: Dondozo|Wave Crash|p1a: Lesbians are Nigh
|-damage|p1a: Lesbians are Nigh|14/100
|-activate|p1a: Lesbians are Nigh|ability: Toxic Debris
|-sidestart|p2: dia90|move: Toxic Spikes
|-damage|p2a: Dondozo|55/100 psn|[from] Recoil
|
|-heal|p1a: Lesbians are Nigh|20/100|[from] Grassy Terrain
|-heal|p2a: Dondozo|61/100 psn|[from] Grassy Terrain
|-heal|p2a: Dondozo|67/100 psn|[from] item: Leftovers
|-damage|p2a: Dondozo|55/100 psn|[from] psn
|-fieldend|move: Grassy Terrain
|upkeep
|turn|16
|
|t:|1760822575
|move|p1a: Lesbians are Nigh|Spikes|p2a: Dondozo
|-sidestart|p2: dia90|Spikes
|move|p2a: Dondozo|Wave Crash|p1a: Lesbians are Nigh
|-damage|p1a: Lesbians are Nigh|0 fnt
|faint|p1a: Lesbians are Nigh
|-damage|p2a: Dondozo|51/100 psn|[from] Recoil
|
|-heal|p2a: Dondozo|57/100 psn|[from] item: Leftovers
|-damage|p2a: Dondozo|45/100 psn|[from] psn
|upkeep
|
|t:|1760822580
|switch|p1a: Meta-festation|Tornadus-Therian, M|78/100 par
|turn|17
|
|t:|1760822589
|cant|p1a: Meta-festation|par
|move|p2a: Dondozo|Rest|p2a: Dondozo
|-status|p2a: Dondozo|slp|[from] move: Rest
|-heal|p2a: Dondozo|100/100 slp|[silent]
|
|upkeep
|turn|18
|
|t:|1760822598
|switch|p2a: Iron Treads|Iron Treads|39/100
|-damage|p2a: Iron Treads|37/100|[from] Stealth Rock
|-damage|p2a: Iron Treads|20/100|[from] Spikes
|move|p1a: Meta-festation|Knock Off|p2a: Iron Treads
|-damage|p2a: Iron Treads|4/100
|-enditem|p2a: Iron Treads|Assault Vest|[from] move: Knock Off|[of] p1a: Meta-festation
|
|upkeep
|turn|19
|
|t:|1760822608
|switch|p1a: Elephant's Foot|Sinistcha|78/100
|move|p2a: Iron Treads|Knock Off|p1a: Elephant's Foot
|-supereffective|p1a: Elephant's Foot
|-damage|p1a: Elephant's Foot|52/100
|
|upkeep
|turn|20
|
|t:|1760822613
|move|p2a: Iron Treads|Iron Head|p1a: Elephant's Foot
|-crit|p1a: Elephant's Foot
|-damage|p1a: Elephant's Foot|19/100
|move|p1a: Elephant's Foot|Strength Sap|p2a: Iron Treads
|-unboost|p2a: Iron Treads|atk|1
|-heal|p1a: Elephant's Foot|100/100
|
|upkeep
|turn|21
|
|t:|1760822621
|move|p2a: Iron Treads|Iron Head|p1a: Elephant's Foot
|-damage|p1a: Elephant's Foot|84/100
|move|p1a: Elephant's Foot|Hex|p2a: Iron Treads
|-crit|p2a: Iron Treads
|-damage|p2a: Iron Treads|0 fnt
|faint|p2a: Iron Treads
|-end|p2a: Iron Treads|Quark Drive|[silent]
|
|upkeep
|
|t:|1760822629
|switch|p2a: Samurott|Samurott-Hisui, F|100/100
|-damage|p2a: Samurott|88/100|[from] Stealth Rock
|-status|p2a: Samurott|tox
|-damage|p2a: Samurott|71/100 tox|[from] Spikes
|turn|22
|
|t:|1760822639
|switch|p1a: Fracture Conjurer|Ting-Lu|9/100
|-ability|p1a: Fracture Conjurer|Vessel of Ruin
|move|p2a: Samurott|Ceaseless Edge|p1a: Fracture Conjurer
|-resisted|p1a: Fracture Conjurer
|-damage|p1a: Fracture Conjurer|0 fnt
|-sidestart|p1: Madam Ferix|Spikes
|faint|p1a: Fracture Conjurer
|
|-damage|p2a: Samurott|65/100 tox|[from] psn
|upkeep
|
|t:|1760822649
|switch|p1a: The Best Offense|Zamazenta|56/100
|-damage|p1a: The Best Offense|44/100|[from] Spikes
|turn|23
|
|t:|1760822661
|switch|p1a: No Laughing Matter|Slowking-Galar, F|100/100
|switch|p2a: Rillaboom|Rillaboom, M|66/100 brn
|-damage|p2a: Rillaboom|54/100 brn|[from] Stealth Rock
|-damage|p2a: Rillaboom|37/100 brn|[from] Spikes
|-fieldstart|move: Grassy Terrain|[from] ability: Grassy Surge|[of] p2a: Rillaboom
|
|-heal|p2a: Rillaboom|44/100 brn|[from] Grassy Terrain
|-damage|p2a: Rillaboom|37/100 brn|[from] brn
|upkeep
|turn|24
|
|t:|1760822674
|move|p2a: Rillaboom|U-turn|p1a: No Laughing Matter
|-damage|p1a: No Laughing Matter|88/100
|
|t:|1760822677
|switch|p2a: Gholdengo|Gholdengo|74/100|[from] U-turn
|-damage|p2a: Gholdengo|68/100|[from] Stealth Rock
|-damage|p2a: Gholdengo|51/100|[from] Spikes
|move|p1a: No Laughing Matter|Future Sight|p2a: Gholdengo
|-start|p1a: No Laughing Matter|move: Future Sight
|
|-heal|p2a: Gholdengo|57/100|[from] Grassy Terrain
|-heal|p1a: No Laughing Matter|94/100|[from] Grassy Terrain
|upkeep
|turn|25
|
|t:|1760822688
|switch|p1a: Meta-festation|Tornadus-Therian, M|100/100 par
|move|p2a: Gholdengo|Thunder Wave|p1a: Meta-festation
|-fail|p1a: Meta-festation|par
|
|-heal|p2a: Gholdengo|63/100|[from] Grassy Terrain
|upkeep
|turn|26
|
|t:|1760822697
|move|p2a: Gholdengo|Hex|p1a: Meta-festation
|-crit|p1a: Meta-festation
|-damage|p1a: Meta-festation|39/100 par
|move|p1a: Meta-festation|U-turn|p2a: Gholdengo
|-resisted|p2a: Gholdengo
|-damage|p2a: Gholdengo|61/100
|
|t:|1760822705
|switch|p1a: The Best Offense|Zamazenta|44/100|[from] U-turn
|-damage|p1a: The Best Offense|31/100|[from] Spikes
|
|-end|p2a: Gholdengo|move: Future Sight
|-resisted|p2a: Gholdengo
|-damage|p2a: Gholdengo|40/100
|-heal|p1a: The Best Offense|38/100|[from] Grassy Terrain
|-heal|p2a: Gholdengo|47/100|[from] Grassy Terrain
|upkeep
|turn|27
|
|t:|1760822715
|move|p1a: The Best Offense|Rest|p1a: The Best Offense
|-status|p1a: The Best Offense|slp|[from] move: Rest
|-heal|p1a: The Best Offense|100/100 slp|[silent]
|-enditem|p1a: The Best Offense|Chesto Berry|[eat]
|-curestatus|p1a: The Best Offense|slp|[msg]
|move|p2a: Gholdengo|Thunder Wave|p1a: The Best Offense
|-status|p1a: The Best Offense|par
|
|-heal|p2a: Gholdengo|53/100|[from] Grassy Terrain
|upkeep
|turn|28
|
|t:|1760822725
|move|p2a: Gholdengo|Recover|p2a: Gholdengo
|-heal|p2a: Gholdengo|100/100
|move|p1a: The Best Offense|Crunch|p2a: Gholdengo
|-supereffective|p2a: Gholdengo
|-damage|p2a: Gholdengo|73/100
|-unboost|p2a: Gholdengo|def|1
|
|-heal|p2a: Gholdengo|79/100|[from] Grassy Terrain
|upkeep
|turn|29
|
|t:|1760822733
|move|p2a: Gholdengo|Hex|p1a: The Best Offense
|-damage|p1a: The Best Offense|53/100 par
|move|p1a: The Best Offense|Crunch|p2a: Gholdengo
|-supereffective|p2a: Gholdengo
|-damage|p2a: Gholdengo|35/100
|-unboost|p2a: Gholdengo|def|1
|
|-heal|p2a: Gholdengo|41/100|[from] Grassy Terrain
|-heal|p1a: The Best Offense|59/100 par|[from] Grassy Terrain
|upkeep
|turn|30
|
|t:|1760822748
|switch|p2a: Dondozo|Dondozo, M|100/100 slp
|-damage|p2a: Dondozo|88/100 slp|[from] Stealth Rock
|-damage|p2a: Dondozo|71/100 slp|[from] Spikes
|cant|p1a: The Best Offense|par
|
|-heal|p1a: The Best Offense|65/100 par|[from] Grassy Terrain
|-heal|p2a: Dondozo|77/100 slp|[from] Grassy Terrain
|-heal|p2a: Dondozo|84/100 slp|[from] item: Leftovers
|-fieldend|move: Grassy Terrain
|upkeep
|turn|31
|
|t:|1760822766
|switch|p1a: Elephant's Foot|Sinistcha|84/100
|-damage|p1a: Elephant's Foot|71/100|[from] Spikes
|switch|p2a: Samurott|Samurott-Hisui, F|65/100 tox
|-damage|p2a: Samurott|53/100 tox|[from] Stealth Rock
|-damage|p2a: Samurott|36/100 tox|[from] Spikes
|
|-damage|p2a: Samurott|30/100 tox|[from] psn
|upkeep
|turn|32
|
|t:|1760822776
|switch|p1a: The Best Offense|Zamazenta|65/100 par
|-damage|p1a: The Best Offense|53/100 par|[from] Spikes
|move|p2a: Samurott|Ceaseless Edge|p1a: The Best Offense
|-resisted|p1a: The Best Offense
|-damage|p1a: The Best Offense|27/100 par
|-sidestart|p1: Madam Ferix|Spikes
|
|-damage|p2a: Samurott|17/100 tox|[from] psn
|upkeep
|turn|33
|
|t:|1760822784
|move|p2a: Samurott|Ceaseless Edge|p1a: The Best Offense|[miss]
|-miss|p2a: Samurott|p1a: The Best Offense
|cant|p1a: The Best Offense|par
|
|-damage|p2a: Samurott|0 fnt|[from] psn
|faint|p2a: Samurott
|upkeep
|
|t:|1760822793
|switch|p2a: Gholdengo|Gholdengo|41/100
|-damage|p2a: Gholdengo|35/100|[from] Stealth Rock
|-damage|p2a: Gholdengo|18/100|[from] Spikes
|turn|34
|
|t:|1760822801
|move|p2a: Gholdengo|Hex|p1a: The Best Offense
|-damage|p1a: The Best Offense|0 fnt
|faint|p1a: The Best Offense
|
|upkeep
|
|t:|1760822805
|switch|p1a: Meta-festation|Tornadus-Therian, M|72/100 par
|turn|35
|
|t:|1760822809
|move|p2a: Gholdengo|Recover|p2a: Gholdengo
|-heal|p2a: Gholdengo|68/100
|cant|p1a: Meta-festation|par
|
|upkeep
|turn|36
|
|t:|1760822813
|move|p2a: Gholdengo|Hex|p1a: Meta-festation
|-damage|p1a: Meta-festation|33/100 par
|cant|p1a: Meta-festation|par
|
|upkeep
|turn|37
|
|t:|1760822818
|move|p2a: Gholdengo|Hex|p1a: Meta-festation
|-damage|p1a: Meta-festation|0 fnt
|faint|p1a: Meta-festation
|
|upkeep
|
|t:|1760822827
|switch|p1a: Elephant's Foot|Sinistcha|71/100
|-damage|p1a: Elephant's Foot|55/100|[from] Spikes
|turn|38
|
|t:|1760822836
|move|p2a: Gholdengo|Thunder Wave|p1a: Elephant's Foot
|-status|p1a: Elephant's Foot|par
|move|p1a: Elephant's Foot|Hex|p2a: Gholdengo
|-supereffective|p2a: Gholdengo
|-damage|p2a: Gholdengo|15/100
|
|upkeep
|turn|39
|-message|Madam Ferix forfeited.
|
|win|dia90
|raw|Madam Ferix's rating: 1477 &rarr; <strong>1461</strong><br />(-16 for losing)
|raw|dia90's rating: 1553 &rarr; <strong>1569</strong><br />(+16 for winning)
|l|☆Madam Ferix
|player|p1|
|l|☆dia90
|player|p2|
