|j|☆highbrownsugar97
|j|☆blkjptr
|t:|1760848197
|gametype|singles
|player|p1|highbrownsugar97|silver|1369
|player|p2|blkjptr|caitlin|1366
|gen|9
|tier|[Gen 9] OU
|rated|
|rule|HP Percentage Mod: HP is shown in percentages
|rule|Endless Battle Clause: Forcing endless battles is banned
|rule|Species Clause: Limit one of each Pokémon
|rule|OHKO Clause: OHKO moves are banned
|rule|Evasion Items Clause: Evasion items are banned
|rule|Evasion Moves Clause: Evasion moves are banned
|rule|Evasion Abilities Clause: Evasion abilities are banned
|rule|Sleep Moves Clause: Sleep-inducing moves are banned
|clearpoke
|poke|p1|Ting-Lu|
|poke|p1|Hatterene, F|
|poke|p1|Great Tusk|
|poke|p1|Ceruledge, F|
|poke|p1|Dragonite, F|
|poke|p1|Kyurem|
|poke|p2|Braviary-Hisui, M|
|poke|p2|Ting-Lu|
|poke|p2|Cobalion|
|poke|p2|Zapdos|
|poke|p2|Skarmory, M|
|poke|p2|Araquanid, M|
|teampreview
|inactive|Battle timer is ON: inactive players will automatically lose when time's up. (requested by blkjptr)
|j| Squallskip
|c| Squallskip|Cobalion team!
|c| Squallskip|I have always tried making a Cobalion team
|c| Squallskip|And failing
|c| Squallskip|Since Zama is better
|
|t:|1760848224
|teamsize|p1|6
|teamsize|p2|6
|start
|switch|p1a: Kyurem|Kyurem|100/100
|switch|p2a: Araquanid|Araquanid, M|100/100
|-ability|p1a: Kyurem|Pressure
|turn|1
|
|t:|1760848230
|move|p1a: Kyurem|Freeze-Dry|p2a: Araquanid
|-supereffective|p2a: Araquanid
|-crit|p2a: Araquanid
|-damage|p2a: Araquanid|0 fnt
|faint|p2a: Araquanid
|
|upkeep
|
|t:|1760848233
|switch|p2a: Cobalion|Cobalion|100/100
|turn|2
|
|t:|1760848240
|switch|p1a: Ting-Lu|Ting-Lu|100/100
|-ability|p1a: Ting-Lu|Vessel of Ruin
|move|p2a: Cobalion|Volt Switch|p1a: Ting-Lu
|-immune|p1a: Ting-Lu
|
|upkeep
|turn|3
|
|t:|1760848249
|move|p2a: Cobalion|Stealth Rock|p1a: Ting-Lu
|-sidestart|p1: highbrownsugar97|move: Stealth Rock
|move|p1a: Ting-Lu|Stealth Rock|p2a: Cobalion
|-sidestart|p2: blkjptr|move: Stealth Rock
|
|upkeep
|turn|4
|
|t:|1760848255
|move|p2a: Cobalion|Iron Defense|p2a: Cobalion
|-boost|p2a: Cobalion|def|2
|move|p1a: Ting-Lu|Ruination|p2a: Cobalion
|-damage|p2a: Cobalion|50/100
|-ability|p2a: Cobalion|Justified|boost
|-boost|p2a: Cobalion|atk|1
|
|-heal|p2a: Cobalion|57/100|[from] item: Leftovers
|upkeep
|turn|5
|
|t:|1760848263
|move|p2a: Cobalion|Body Press|p1a: Ting-Lu
|-supereffective|p1a: Ting-Lu
|-damage|p1a: Ting-Lu|32/100
|move|p1a: Ting-Lu|Whirlwind|p2a: Cobalion
|drag|p2a: Skarmory|Skarmory, M|100/100
|-damage|p2a: Skarmory|88/100|[from] Stealth Rock
|
|-heal|p1a: Ting-Lu|39/100|[from] item: Leftovers
|upkeep
|turn|6
|
|t:|1760848272
|switch|p1a: Hatterene|Hatterene, F|100/100
|-damage|p1a: Hatterene|88/100|[from] Stealth Rock
|move|p2a: Skarmory|Body Press|p1a: Hatterene
|-resisted|p1a: Hatterene
|-damage|p1a: Hatterene|81/100
|
|upkeep
|turn|7
|
|t:|1760848281
|switch|p2a: Ting-Lu|Ting-Lu|100/100
|-damage|p2a: Ting-Lu|94/100|[from] Stealth Rock
|-ability|p2a: Ting-Lu|Vessel of Ruin
|move|p1a: Hatterene|Draining Kiss|p2a: Ting-Lu
|-supereffective|p2a: Ting-Lu
|-damage|p2a: Ting-Lu|77/100
|-heal|p1a: Hatterene|99/100|[from] drain|[of] p2a: Ting-Lu
|
|upkeep
|turn|8
|
|t:|1760848290
|switch|p1a: Great Tusk|Great Tusk|100/100
|-damage|p1a: Great Tusk|98/100|[from] Stealth Rock
|move|p2a: Ting-Lu|Heavy Slam|p1a: Great Tusk
|-damage|p1a: Great Tusk|86/100
|
|-heal|p1a: Great Tusk|93/100|[from] item: Leftovers
|upkeep
|turn|9
|
|t:|1760848299
|switch|p2a: Zapdos|Zapdos|100/100
|move|p1a: Great Tusk|Rapid Spin|p2a: Zapdos
|-damage|p2a: Zapdos|91/100
|-boost|p1a: Great Tusk|spe|1
|-status|p1a: Great Tusk|par|[from] ability: Static|[of] p2a: Zapdos
|-sideend|p1: highbrownsugar97|Stealth Rock|[from] move: Rapid Spin|[of] p1a: Great Tusk
|
|-heal|p1a: Great Tusk|99/100 par|[from] item: Leftovers
|upkeep
|turn|10
|
|t:|1760848304
|-end|p1a: Great Tusk|Protosynthesis|[silent]
|switch|p1a: Ting-Lu|Ting-Lu|39/100
|-ability|p1a: Ting-Lu|Vessel of Ruin
|move|p2a: Zapdos|Volt Switch|p1a: Ting-Lu
|-immune|p1a: Ting-Lu
|
|-heal|p1a: Ting-Lu|45/100|[from] item: Leftovers
|upkeep
|turn|11
|
|t:|1760848313
|switch|p2a: Cobalion|Cobalion|57/100
|-damage|p2a: Cobalion|54/100|[from] Stealth Rock
|move|p1a: Ting-Lu|Whirlwind|p2a: Cobalion
|drag|p2a: Ting-Lu|Ting-Lu|77/100
|-damage|p2a: Ting-Lu|71/100|[from] Stealth Rock
|-ability|p2a: Ting-Lu|Vessel of Ruin
|
|-heal|p1a: Ting-Lu|51/100|[from] item: Leftovers
|upkeep
|turn|12
|
|t:|1760848323
|switch|p1a: Great Tusk|Great Tusk|99/100 par
|move|p2a: Ting-Lu|Earthquake|p1a: Great Tusk
|-damage|p1a: Great Tusk|71/100 par
|
|-heal|p1a: Great Tusk|77/100 par|[from] item: Leftovers
|upkeep
|turn|13
|
|t:|1760848334
|move|p2a: Ting-Lu|Ruination|p1a: Great Tusk
|-damage|p1a: Great Tusk|39/100 par
|cant|p1a: Great Tusk|par
|
|-heal|p1a: Great Tusk|45/100 par|[from] item: Leftovers
|upkeep
|turn|14
|
|t:|1760848339
|switch|p2a: Zapdos|Zapdos|91/100
|move|p1a: Great Tusk|Knock Off|p2a: Zapdos
|-damage|p2a: Zapdos|70/100
|-enditem|p2a: Zapdos|Heavy-Duty Boots|[from] move: Knock Off|[of] p1a: Great Tusk
|
|-heal|p1a: Great Tusk|51/100 par|[from] item: Leftovers
|upkeep
|turn|15
|
|t:|1760848350
|-end|p1a: Great Tusk|Protosynthesis|[silent]
|switch|p1a: Ting-Lu|Ting-Lu|51/100
|-ability|p1a: Ting-Lu|Vessel of Ruin
|move|p2a: Zapdos|Hurricane|p1a: Ting-Lu
|-damage|p1a: Ting-Lu|30/100
|
|-heal|p1a: Ting-Lu|36/100|[from] item: Leftovers
|upkeep
|turn|16
|
|t:|1760848357
|move|p2a: Zapdos|Hurricane|p1a: Ting-Lu
|-damage|p1a: Ting-Lu|17/100
|move|p1a: Ting-Lu|Whirlwind|p2a: Zapdos
|drag|p2a: Ting-Lu|Ting-Lu|71/100
|-damage|p2a: Ting-Lu|65/100|[from] Stealth Rock
|-ability|p2a: Ting-Lu|Vessel of Ruin
|
|-heal|p1a: Ting-Lu|24/100|[from] item: Leftovers
|upkeep
|turn|17
|
|t:|1760848363
|switch|p1a: Hatterene|Hatterene, F|99/100
|move|p2a: Ting-Lu|Earthquake|p1a: Hatterene
|-damage|p1a: Hatterene|45/100
|
|upkeep
|turn|18
|
|t:|1760848369
|move|p2a: Ting-Lu|Heavy Slam|p1a: Hatterene
|-supereffective|p1a: Hatterene
|-damage|p1a: Hatterene|0 fnt
|faint|p1a: Hatterene
|
|upkeep
|
|t:|1760848376
|switch|p1a: Kyurem|Kyurem|100/100
|-ability|p1a: Kyurem|Pressure
|turn|19
|
|t:|1760848380
|move|p1a: Kyurem|Ice Beam|p2a: Ting-Lu
|-supereffective|p2a: Ting-Lu
|-damage|p2a: Ting-Lu|18/100
|move|p2a: Ting-Lu|Earthquake|p1a: Kyurem
|-damage|p1a: Kyurem|56/100
|
|upkeep
|turn|20
|
|t:|1760848384
|move|p1a: Kyurem|Ice Beam|p2a: Ting-Lu
|-supereffective|p2a: Ting-Lu
|-damage|p2a: Ting-Lu|0 fnt
|faint|p2a: Ting-Lu
|
|upkeep
|
|t:|1760848388
|switch|p2a: Cobalion|Cobalion|54/100
|-damage|p2a: Cobalion|50/100|[from] Stealth Rock
|turn|21
|
|t:|1760848395
|switch|p1a: Ting-Lu|Ting-Lu|24/100
|-ability|p1a: Ting-Lu|Vessel of Ruin
|move|p2a: Cobalion|Body Press|p1a: Ting-Lu
|-supereffective|p1a: Ting-Lu
|-damage|p1a: Ting-Lu|0 fnt
|faint|p1a: Ting-Lu
|
|-heal|p2a: Cobalion|57/100|[from] item: Leftovers
|upkeep
|
|t:|1760848403
|switch|p1a: Ceruledge|Ceruledge, F|100/100
|turn|22
|
|t:|1760848410
|move|p2a: Cobalion|Volt Switch|p1a: Ceruledge
|-damage|p1a: Ceruledge|83/100
|
|t:|1760848412
|switch|p2a: Zapdos|Zapdos|70/100|[from] Volt Switch
|-damage|p2a: Zapdos|45/100|[from] Stealth Rock
|move|p1a: Ceruledge|Swords Dance|p1a: Ceruledge
|-boost|p1a: Ceruledge|atk|2
|
|upkeep
|turn|23
|
|t:|1760848420
|move|p1a: Ceruledge|Bitter Blade|p2a: Zapdos
|-damage|p2a: Zapdos|0 fnt
|-heal|p1a: Ceruledge|100/100|[from] drain|[of] p2a: Zapdos
|faint|p2a: Zapdos
|
|upkeep
|
|t:|1760848425
|switch|p2a: Braviary|Braviary-Hisui, M|100/100
|-damage|p2a: Braviary|76/100|[from] Stealth Rock
|turn|24
|
|t:|1760848429
|move|p1a: Ceruledge|Shadow Sneak|p2a: Braviary
|-supereffective|p2a: Braviary
|-damage|p2a: Braviary|0 fnt
|faint|p2a: Braviary
|
|upkeep
|-message|blkjptr forfeited.
|
|win|highbrownsugar97
|raw|highbrownsugar97's rating: 1369 &rarr; <strong>1389</strong><br />(+20 for winning)
|raw|blkjptr's rating: 1366 &rarr; <strong>1346</strong><br />(-20 for losing)
|l|☆blkjptr
|player|p2|
|l|☆highbrownsugar97
|player|p1|
|l| Squallskip
