|j|☆jigobo
|j|☆Chuck2025
|t:|1760762836
|gametype|singles
|player|p1|jigobo|parasollady-gen4|1437
|player|p2|Chuck2025|265|1398
|gen|9
|tier|[Gen 9] OU
|rated|
|rule|HP Percentage Mod: HP is shown in percentages
|rule|Endless Battle Clause: Forcing endless battles is banned
|rule|Species Clause: Limit one of each Pokémon
|rule|OHKO Clause: OHKO moves are banned
|rule|Evasion Items Clause: Evasion items are banned
|rule|Evasion Moves Clause: Evasion moves are banned
|rule|Evasion Abilities Clause: Evasion abilities are banned
|rule|Sleep Moves Clause: Sleep-inducing moves are banned
|clearpoke
|poke|p1|Raging Bolt|
|poke|p1|Gholdengo|
|poke|p1|Kingambit, F|
|poke|p1|Great Tusk|
|poke|p1|Meowscarada, F|
|poke|p1|Moltres|
|poke|p2|Dragonite, M|
|poke|p2|Volcanion|
|poke|p2|Zamazenta-*|
|poke|p2|Meloetta|
|poke|p2|Iron Hands|
|poke|p2|Ogerpon-Wellspring, F|
|teampreview
|inactive|Battle timer is ON: inactive players will automatically lose when time's up. (requested by jigobo)
|
|t:|1760762852
|teamsize|p1|6
|teamsize|p2|6
|start
|switch|p1a: Raging Bolt|Raging Bolt|100/100
|switch|p2a: Volcanion|Volcanion|100/100
|turn|1
|
|t:|1760762865
|switch|p2a: Meloetta|Meloetta|100/100
|move|p1a: Raging Bolt|Volt Switch|p2a: Meloetta
|-damage|p2a: Meloetta|65/100
|
|t:|1760762870
|-end|p1a: Raging Bolt|Protosynthesis|[silent]
|switch|p1a: Meowscarada|Meowscarada, F|100/100|[from] Volt Switch
|
|upkeep
|turn|2
|
|t:|1760762878
|switch|p2a: Iron Hands|Iron Hands, shiny|100/100
|move|p1a: Meowscarada|U-turn|p2a: Iron Hands
|-start|p1a: Meowscarada|typechange|Bug|[from] ability: Protean
|-resisted|p2a: Iron Hands
|-crit|p2a: Iron Hands
|-damage|p2a: Iron Hands|84/100
|-damage|p1a: Meowscarada|84/100|[from] item: Rocky Helmet|[of] p2a: Iron Hands
|
|t:|1760762885
|switch|p1a: Great Tusk|Great Tusk|100/100|[from] U-turn
|-enditem|p1a: Great Tusk|Booster Energy
|-activate|p1a: Great Tusk|ability: Protosynthesis|[fromitem]
|-start|p1a: Great Tusk|protosynthesisatk
|
|upkeep
|turn|3
|
|t:|1760762893
|-end|p2a: Iron Hands|Quark Drive|[silent]
|switch|p2a: Meloetta|Meloetta|65/100
|move|p1a: Great Tusk|Headlong Rush|p2a: Meloetta
|-damage|p2a: Meloetta|0 fnt
|-unboost|p1a: Great Tusk|def|1
|-unboost|p1a: Great Tusk|spd|1
|faint|p2a: Meloetta
|
|upkeep
|
|t:|1760762904
|switch|p2a: Ogerpon|Ogerpon-Wellspring, F|100/100
|turn|4
|
|t:|1760762908
|-end|p1a: Great Tusk|Protosynthesis|[silent]
|switch|p1a: Moltres|Moltres|100/100
|move|p2a: Ogerpon|Play Rough|p1a: Moltres
|-resisted|p1a: Moltres
|-damage|p1a: Moltres|86/100
|-status|p2a: Ogerpon|brn|[from] ability: Flame Body|[of] p1a: Moltres
|
|-damage|p2a: Ogerpon|95/100 brn|[from] brn
|upkeep
|turn|5
|
|t:|1760762920
|switch|p2a: Volcanion|Volcanion|100/100
|move|p1a: Moltres|U-turn|p2a: Volcanion
|-resisted|p2a: Volcanion
|-damage|p2a: Volcanion|95/100
|
|t:|1760762925
|switch|p1a: Raging Bolt|Raging Bolt|100/100|[from] U-turn
|
|upkeep
|turn|6
|
|t:|1760762931
|-terastallize|p2a: Volcanion|Bug
|move|p1a: Raging Bolt|Volt Switch|p2a: Volcanion
|-damage|p2a: Volcanion|51/100
|
|t:|1760762936
|-end|p1a: Raging Bolt|Protosynthesis|[silent]
|switch|p1a: Moltres|Moltres|86/100|[from] Volt Switch
|move|p2a: Volcanion|Earth Power|p1a: Moltres
|-immune|p1a: Moltres
|
|upkeep
|turn|7
|-message|Chuck2025 forfeited.
|
|win|jigobo
|raw|jigobo's rating: 1437 &rarr; <strong>1455</strong><br />(+18 for winning)
|raw|Chuck2025's rating: 1398 &rarr; <strong>1380</strong><br />(-18 for losing)
|l|☆Chuck2025
|player|p2|
|l|☆jigobo
|player|p1|
