|j|☆patz3r
|j|☆lumfocidestruccio
|t:|1760782408
|gametype|singles
|player|p1|patz3r|nate-pokestar3|1120
|player|p2|lumfocidestruccio|wallace|1139
|gen|9
|tier|[Gen 9] OU
|rated|
|rule|HP Percentage Mod: HP is shown in percentages
|rule|Endless Battle Clause: Forcing endless battles is banned
|rule|Species Clause: Limit one of each Pokémon
|rule|OHKO Clause: OHKO moves are banned
|rule|Evasion Items Clause: Evasion items are banned
|rule|Evasion Moves Clause: Evasion moves are banned
|rule|Evasion Abilities Clause: Evasion abilities are banned
|rule|Sleep Moves Clause: Sleep-inducing moves are banned
|clearpoke
|poke|p1|Darkrai|
|poke|p1|Samurott-Hisui, F|
|poke|p1|Iron Treads|
|poke|p1|Dragapult, M|
|poke|p1|Alomomola, F|
|poke|p1|Landorus-Therian, M|
|poke|p2|Vaporeon, F|
|poke|p2|Umbreon, M|
|poke|p2|Sylveon, F|
|poke|p2|Glaceon, M|
|poke|p2|Flareon, M|
|poke|p2|Jolteon, F|
|teampreview
|c|☆patz3r|lol
|
|t:|1760782423
|teamsize|p1|6
|teamsize|p2|6
|start
|switch|p1a: Landorus|Landorus-Therian, M|100/100
|switch|p2a: Jolteon|Jolteon, F|100/100
|-ability|p1a: Landorus|Intimidate|boost
|-unboost|p2a: Jolteon|atk|1
|turn|1
|
|t:|1760782430
|-terastallize|p2a: Jolteon|Ice
|move|p2a: Jolteon|Tera Blast|p1a: Landorus|[anim] Tera Blast Ice
|-supereffective|p1a: Landorus
|-damage|p1a: Landorus|0 fnt
|faint|p1a: Landorus
|
|upkeep
|c|☆patz3r|ok
|
|t:|1760782438
|switch|p1a: Dragapult|Dragapult, M|100/100
|turn|2
|
|t:|1760782448
|switch|p1a: Iron Treads|Iron Treads|100/100
|switch|p2a: Umbreon|Umbreon, M|100/100
|
|upkeep
|turn|3
|
|t:|1760782455
|switch|p2a: Flareon|Flareon, M|100/100
|move|p1a: Iron Treads|Knock Off|p2a: Flareon
|-damage|p2a: Flareon|40/100
|-enditem|p2a: Flareon|Toxic Orb|[from] move: Knock Off|[of] p1a: Iron Treads
|
|upkeep
|turn|4
|
|t:|1760782463
|-end|p1a: Iron Treads|Quark Drive|[silent]
|switch|p1a: Alomomola|Alomomola, F|100/100
|move|p2a: Flareon|Flame Charge|p1a: Alomomola
|-resisted|p1a: Alomomola
|-damage|p1a: Alomomola|93/100
|-boost|p2a: Flareon|spe|1
|
|upkeep
|turn|5
|
|t:|1760782471
|switch|p2a: Jolteon|Jolteon, F, tera:Ice|100/100
|move|p1a: Alomomola|Flip Turn|p2a: Jolteon
|-damage|p2a: Jolteon|71/100
|
|t:|1760782509
|switch|p1a: Samurott|Samurott-Hisui, F|100/100|[from] Flip Turn
|
|upkeep
|turn|6
|
|t:|1760782520
|switch|p2a: Umbreon|Umbreon, M|100/100
|switch|p1a: Iron Treads|Iron Treads|100/100
|
|upkeep
|turn|7
|
|t:|1760782527
|move|p1a: Iron Treads|Knock Off|p2a: Umbreon
|-resisted|p2a: Umbreon
|-damage|p2a: Umbreon|91/100
|-enditem|p2a: Umbreon|Leftovers|[from] move: Knock Off|[of] p1a: Iron Treads
|move|p2a: Umbreon|Taunt|p1a: Iron Treads
|-start|p1a: Iron Treads|move: Taunt
|
|upkeep
|turn|8
|
|t:|1760782535
|move|p1a: Iron Treads|Earthquake|p2a: Umbreon
|-damage|p2a: Umbreon|63/100
|move|p2a: Umbreon|Foul Play|p1a: Iron Treads
|-damage|p1a: Iron Treads|63/100
|
|upkeep
|turn|9
|
|t:|1760782546
|-end|p1a: Iron Treads|Quark Drive|[silent]
|switch|p1a: Alomomola|Alomomola, F|100/100
|move|p2a: Umbreon|Moonlight|p2a: Umbreon
|-heal|p2a: Umbreon|100/100
|
|upkeep
|turn|10
|
|t:|1760782550
|move|p2a: Umbreon|Toxic|p1a: Alomomola
|-status|p1a: Alomomola|tox
|move|p1a: Alomomola|Scald|p2a: Umbreon
|-damage|p2a: Umbreon|93/100
|
|-damage|p1a: Alomomola|94/100 tox|[from] psn
|upkeep
|turn|11
|
|t:|1760782557
|move|p2a: Umbreon|Taunt|p1a: Alomomola
|-start|p1a: Alomomola|move: Taunt
|move|p1a: Alomomola|Flip Turn|p2a: Umbreon
|-damage|p2a: Umbreon|82/100
|
|t:|1760782570
|switch|p1a: Dragapult|Dragapult, M|100/100|[from] Flip Turn
|
|upkeep
|turn|12
|
|t:|1760782580
|move|p1a: Dragapult|U-turn|p2a: Umbreon
|-supereffective|p2a: Umbreon
|-damage|p2a: Umbreon|57/100
|
|t:|1760782584
|switch|p1a: Alomomola|Alomomola, F|100/100 tox|[from] U-turn
|move|p2a: Umbreon|Foul Play|p1a: Alomomola
|-damage|p1a: Alomomola|87/100 tox
|
|-damage|p1a: Alomomola|81/100 tox|[from] psn
|upkeep
|turn|13
|
|t:|1760782590
|switch|p1a: Dragapult|Dragapult, M|100/100
|move|p2a: Umbreon|Toxic|p1a: Dragapult
|-status|p1a: Dragapult|tox
|
|-damage|p1a: Dragapult|95/100 tox|[from] psn
|upkeep
|turn|14
|
|t:|1760782593
|move|p1a: Dragapult|U-turn|p2a: Umbreon
|-supereffective|p2a: Umbreon
|-damage|p2a: Umbreon|33/100
|
|t:|1760782598
|switch|p1a: Alomomola|Alomomola, F|100/100 tox|[from] U-turn
|move|p2a: Umbreon|Moonlight|p2a: Umbreon
|-heal|p2a: Umbreon|83/100
|
|-damage|p1a: Alomomola|94/100 tox|[from] psn
|upkeep
|turn|15
|
|t:|1760782609
|move|p2a: Umbreon|Foul Play|p1a: Alomomola
|-damage|p1a: Alomomola|81/100 tox
|move|p1a: Alomomola|Wish|p1a: Alomomola
|
|-damage|p1a: Alomomola|69/100 tox|[from] psn
|upkeep
|turn|16
|
|t:|1760782614
|move|p2a: Umbreon|Foul Play|p1a: Alomomola
|-damage|p1a: Alomomola|55/100 tox
|move|p1a: Alomomola|Flip Turn|p2a: Umbreon
|-damage|p2a: Umbreon|72/100
|
|t:|1760782619
|switch|p1a: Iron Treads|Iron Treads|63/100|[from] Flip Turn
|
|-heal|p1a: Iron Treads|100/100|[from] move: Wish|[wisher] Alomomola
|upkeep
|turn|17
|
|t:|1760782627
|move|p1a: Iron Treads|Earthquake|p2a: Umbreon
|-damage|p2a: Umbreon|41/100
|move|p2a: Umbreon|Taunt|p1a: Iron Treads
|-start|p1a: Iron Treads|move: Taunt
|
|upkeep
|turn|18
|
|t:|1760782631
|move|p1a: Iron Treads|Earthquake|p2a: Umbreon
|-damage|p2a: Umbreon|10/100
|move|p2a: Umbreon|Moonlight|p2a: Umbreon
|-heal|p2a: Umbreon|60/100
|
|upkeep
|turn|19
|
|t:|1760782638
|switch|p2a: Vaporeon|Vaporeon, F|100/100
|move|p1a: Iron Treads|Earthquake|p2a: Vaporeon
|-damage|p2a: Vaporeon|67/100
|
|-heal|p2a: Vaporeon|74/100|[from] item: Leftovers
|upkeep
|turn|20
|
|t:|1760782645
|-end|p1a: Iron Treads|Quark Drive|[silent]
|switch|p1a: Samurott|Samurott-Hisui, F|100/100
|move|p2a: Vaporeon|Wish|p2a: Vaporeon
|
|-heal|p2a: Vaporeon|80/100|[from] item: Leftovers
|upkeep
|turn|21
|
|t:|1760782649
|move|p1a: Samurott|Ceaseless Edge|p2a: Vaporeon
|-damage|p2a: Vaporeon|50/100
|-sidestart|p2: lumfocidestruccio|Spikes
|move|p2a: Vaporeon|Scald|p1a: Samurott
|-resisted|p1a: Samurott
|-damage|p1a: Samurott|90/100
|
|-heal|p2a: Vaporeon|99/100|[from] move: Wish|[wisher] Vaporeon
|-heal|p2a: Vaporeon|100/100|[from] item: Leftovers
|upkeep
|turn|22
|
|t:|1760782662
|move|p1a: Samurott|Ceaseless Edge|p2a: Vaporeon
|-damage|p2a: Vaporeon|69/100
|-sidestart|p2: lumfocidestruccio|Spikes
|move|p2a: Vaporeon|Wish|p2a: Vaporeon
|
|-heal|p2a: Vaporeon|75/100|[from] item: Leftovers
|upkeep
|turn|23
|
|t:|1760782668
|switch|p1a: Dragapult|Dragapult, M|95/100 tox
|move|p2a: Vaporeon|Flip Turn|p1a: Dragapult
|-resisted|p1a: Dragapult
|-damage|p1a: Dragapult|84/100 tox
|
|t:|1760782674
|switch|p2a: Sylveon|Sylveon, F|100/100|[from] Flip Turn
|-damage|p2a: Sylveon|84/100|[from] Spikes
|
|-heal|p2a: Sylveon|100/100|[from] move: Wish|[wisher] Vaporeon
|-damage|p1a: Dragapult|78/100 tox|[from] psn
|upkeep
|turn|24
|
|t:|1760782688
|-terastallize|p1a: Dragapult|Fairy
|move|p1a: Dragapult|Will-O-Wisp|p2a: Sylveon
|-status|p2a: Sylveon|brn
|move|p2a: Sylveon|Body Slam|p1a: Dragapult
|-damage|p1a: Dragapult|58/100 tox
|
|-damage|p1a: Dragapult|46/100 tox|[from] psn
|-damage|p2a: Sylveon|94/100 brn|[from] brn
|upkeep
|turn|25
|
|t:|1760782696
|move|p1a: Dragapult|Hex|p2a: Sylveon
|-damage|p2a: Sylveon|58/100 brn
|move|p2a: Sylveon|Curse|p2a: Sylveon
|-unboost|p2a: Sylveon|spe|1
|-boost|p2a: Sylveon|atk|1
|-boost|p2a: Sylveon|def|1
|
|-heal|p2a: Sylveon|64/100 brn|[from] item: Leftovers
|-damage|p1a: Dragapult|28/100 tox|[from] psn
|-damage|p2a: Sylveon|58/100 brn|[from] brn
|upkeep
|turn|26
|
|t:|1760782703
|move|p1a: Dragapult|U-turn|p2a: Sylveon
|-resisted|p2a: Sylveon
|-damage|p2a: Sylveon|52/100 brn
|
|t:|1760782707
|switch|p1a: Alomomola|Alomomola, F|88/100 tox|[from] U-turn
|move|p2a: Sylveon|Curse|p2a: Sylveon
|-unboost|p2a: Sylveon|spe|1
|-boost|p2a: Sylveon|atk|1
|-boost|p2a: Sylveon|def|1
|
|-heal|p2a: Sylveon|58/100 brn|[from] item: Leftovers
|-damage|p1a: Alomomola|82/100 tox|[from] psn
|-damage|p2a: Sylveon|52/100 brn|[from] brn
|upkeep
|turn|27
|
|t:|1760782713
|move|p1a: Alomomola|Wish|p1a: Alomomola
|move|p2a: Sylveon|Body Slam|p1a: Alomomola
|-damage|p1a: Alomomola|65/100 tox
|
|-heal|p2a: Sylveon|58/100 brn|[from] item: Leftovers
|-damage|p1a: Alomomola|53/100 tox|[from] psn
|-damage|p2a: Sylveon|52/100 brn|[from] brn
|upkeep
|turn|28
|
|t:|1760782725
|move|p1a: Alomomola|Scald|p2a: Sylveon
|-damage|p2a: Sylveon|43/100 brn
|move|p2a: Sylveon|Body Slam|p1a: Alomomola
|-damage|p1a: Alomomola|36/100 tox
|
|-heal|p1a: Alomomola|86/100 tox|[from] move: Wish|[wisher] Alomomola
|-heal|p2a: Sylveon|49/100 brn|[from] item: Leftovers
|-damage|p1a: Alomomola|67/100 tox|[from] psn
|-damage|p2a: Sylveon|43/100 brn|[from] brn
|upkeep
|turn|29
|
|t:|1760782730
|move|p1a: Alomomola|Wish|p1a: Alomomola
|move|p2a: Sylveon|Curse|p2a: Sylveon
|-unboost|p2a: Sylveon|spe|1
|-boost|p2a: Sylveon|atk|1
|-boost|p2a: Sylveon|def|1
|
|-heal|p2a: Sylveon|49/100 brn|[from] item: Leftovers
|-damage|p1a: Alomomola|42/100 tox|[from] psn
|-damage|p2a: Sylveon|43/100 brn|[from] brn
|upkeep
|turn|30
|
|t:|1760782737
|move|p1a: Alomomola|Flip Turn|p2a: Sylveon
|-damage|p2a: Sylveon|36/100 brn
|
|t:|1760782740
|switch|p1a: Samurott|Samurott-Hisui, F|90/100|[from] Flip Turn
|move|p2a: Sylveon|Body Slam|p1a: Samurott
|-supereffective|p1a: Samurott
|-damage|p1a: Samurott|13/100
|
|-heal|p1a: Samurott|82/100|[from] move: Wish|[wisher] Alomomola
|-heal|p2a: Sylveon|42/100 brn|[from] item: Leftovers
|-damage|p2a: Sylveon|36/100 brn|[from] brn
|upkeep
|turn|31
|
|t:|1760782749
|move|p1a: Samurott|Razor Shell|p2a: Sylveon
|-crit|p2a: Sylveon
|-damage|p2a: Sylveon|0 fnt
|faint|p2a: Sylveon
|
|upkeep
|
|t:|1760782761
|switch|p2a: Glaceon|Glaceon, M, shiny|100/100
|-damage|p2a: Glaceon|84/100|[from] Spikes
|turn|32
|
|t:|1760782769
|move|p2a: Glaceon|Freeze-Dry|p1a: Samurott
|-supereffective|p1a: Samurott
|-damage|p1a: Samurott|25/100
|move|p1a: Samurott|Ceaseless Edge|p2a: Glaceon
|-damage|p2a: Glaceon|31/100
|-sidestart|p2: lumfocidestruccio|Spikes
|
|upkeep
|turn|33
|
|t:|1760782775
|switch|p1a: Darkrai|Darkrai|100/100
|move|p2a: Glaceon|Freeze-Dry|p1a: Darkrai
|-damage|p1a: Darkrai|53/100
|
|-heal|p1a: Darkrai|59/100|[from] item: Leftovers
|upkeep
|turn|34
|
|t:|1760782782
|move|p1a: Darkrai|Dark Pulse|p2a: Glaceon
|-damage|p2a: Glaceon|0 fnt
|faint|p2a: Glaceon
|
|-heal|p1a: Darkrai|65/100|[from] item: Leftovers
|upkeep
|
|t:|1760782791
|switch|p2a: Umbreon|Umbreon, M|60/100
|-damage|p2a: Umbreon|35/100|[from] Spikes
|turn|35
|
|t:|1760782802
|switch|p1a: Dragapult|Dragapult, M, tera:Fairy|28/100 tox
|move|p2a: Umbreon|Toxic|p1a: Dragapult
|-fail|p1a: Dragapult|tox
|
|-damage|p1a: Dragapult|22/100 tox|[from] psn
|upkeep
|turn|36
|
|t:|1760782810
|move|p1a: Dragapult|Dragon Darts|p2a: Umbreon
|-damage|p2a: Umbreon|22/100
|-anim|p1a: Dragapult|Dragon Darts|p2a: Umbreon
|-damage|p2a: Umbreon|8/100
|move|p2a: Umbreon|Moonlight|p2a: Umbreon
|-heal|p2a: Umbreon|58/100
|
|-damage|p1a: Dragapult|10/100 tox|[from] psn
|upkeep
|turn|37
|
|t:|1760782814
|move|p1a: Dragapult|U-turn|p2a: Umbreon
|-supereffective|p2a: Umbreon
|-damage|p2a: Umbreon|31/100
|
|t:|1760782817
|switch|p1a: Alomomola|Alomomola, F|76/100 tox|[from] U-turn
|move|p2a: Umbreon|Moonlight|p2a: Umbreon
|-heal|p2a: Umbreon|81/100
|
|-damage|p1a: Alomomola|70/100 tox|[from] psn
|upkeep
|turn|38
|
|t:|1760782821
|move|p2a: Umbreon|Taunt|p1a: Alomomola
|-start|p1a: Alomomola|move: Taunt
|cant|p1a: Alomomola|move: Taunt|Wish
|
|-damage|p1a: Alomomola|57/100 tox|[from] psn
|upkeep
|turn|39
|
|t:|1760782826
|move|p2a: Umbreon|Foul Play|p1a: Alomomola
|-damage|p1a: Alomomola|43/100 tox
|move|p1a: Alomomola|Scald|p2a: Umbreon
|-damage|p2a: Umbreon|73/100
|
|-damage|p1a: Alomomola|24/100 tox|[from] psn
|upkeep
|turn|40
|
|t:|1760782833
|switch|p1a: Iron Treads|Iron Treads|100/100
|move|p2a: Umbreon|Foul Play|p1a: Iron Treads
|-damage|p1a: Iron Treads|63/100
|
|upkeep
|turn|41
|
|t:|1760782841
|move|p1a: Iron Treads|Earthquake|p2a: Umbreon
|-damage|p2a: Umbreon|45/100
|move|p2a: Umbreon|Foul Play|p1a: Iron Treads
|-crit|p1a: Iron Treads
|-damage|p1a: Iron Treads|5/100
|
|upkeep
|turn|42
|c|☆patz3r|lol
|
|t:|1760782852
|-end|p1a: Iron Treads|Quark Drive|[silent]
|switch|p1a: Alomomola|Alomomola, F|57/100 tox
|move|p2a: Umbreon|Moonlight|p2a: Umbreon
|-heal|p2a: Umbreon|95/100
|
|-damage|p1a: Alomomola|51/100 tox|[from] psn
|upkeep
|turn|43
|
|t:|1760782855
|switch|p1a: Samurott|Samurott-Hisui, F|25/100
|move|p2a: Umbreon|Taunt|p1a: Samurott
|-start|p1a: Samurott|move: Taunt
|
|upkeep
|turn|44
|
|t:|1760782859
|switch|p1a: Alomomola|Alomomola, F|85/100 tox
|move|p2a: Umbreon|Foul Play|p1a: Alomomola
|-damage|p1a: Alomomola|72/100 tox
|
|-damage|p1a: Alomomola|65/100 tox|[from] psn
|upkeep
|turn|45
|
|t:|1760782863
|move|p2a: Umbreon|Taunt|p1a: Alomomola
|-start|p1a: Alomomola|move: Taunt
|cant|p1a: Alomomola|move: Taunt|Wish
|
|-damage|p1a: Alomomola|53/100 tox|[from] psn
|upkeep
|turn|46
|
|t:|1760782867
|move|p2a: Umbreon|Foul Play|p1a: Alomomola
|-damage|p1a: Alomomola|40/100 tox
|move|p1a: Alomomola|Flip Turn|p2a: Umbreon
|-damage|p2a: Umbreon|86/100
|
|t:|1760782875
|switch|p1a: Samurott|Samurott-Hisui, F|25/100|[from] Flip Turn
|
|upkeep
|turn|47
|
|t:|1760782880
|switch|p1a: Alomomola|Alomomola, F|74/100 tox
|move|p2a: Umbreon|Foul Play|p1a: Alomomola
|-damage|p1a: Alomomola|60/100 tox
|
|-damage|p1a: Alomomola|54/100 tox|[from] psn
|upkeep
|turn|48
|
|t:|1760782885
|move|p2a: Umbreon|Taunt|p1a: Alomomola
|-start|p1a: Alomomola|move: Taunt
|move|p1a: Alomomola|Flip Turn|p2a: Umbreon
|-damage|p2a: Umbreon|75/100
|
|t:|1760782887
|switch|p1a: Darkrai|Darkrai|65/100|[from] Flip Turn
|
|-heal|p1a: Darkrai|71/100|[from] item: Leftovers
|upkeep
|turn|49
|
|t:|1760782895
|switch|p1a: Dragapult|Dragapult, M, tera:Fairy|10/100 tox
|move|p2a: Umbreon|Toxic|p1a: Dragapult
|-fail|p1a: Dragapult|tox
|
|-damage|p1a: Dragapult|4/100 tox|[from] psn
|upkeep
|turn|50
|
|t:|1760782900
|move|p1a: Dragapult|U-turn|p2a: Umbreon
|-supereffective|p2a: Umbreon
|-damage|p2a: Umbreon|47/100
|
|t:|1760782904
|switch|p1a: Alomomola|Alomomola, F|87/100 tox|[from] U-turn
|move|p2a: Umbreon|Moonlight|p2a: Umbreon
|-heal|p2a: Umbreon|97/100
|
|-damage|p1a: Alomomola|81/100 tox|[from] psn
|upkeep
|turn|51
|
|t:|1760782909
|move|p2a: Umbreon|Taunt|p1a: Alomomola
|-start|p1a: Alomomola|move: Taunt
|move|p1a: Alomomola|Flip Turn|p2a: Umbreon
|-damage|p2a: Umbreon|87/100
|
|t:|1760782918
|switch|p1a: Iron Treads|Iron Treads|5/100|[from] Flip Turn
|
|upkeep
|turn|52
|
|t:|1760782921
|move|p1a: Iron Treads|Earthquake|p2a: Umbreon
|-crit|p2a: Umbreon
|-damage|p2a: Umbreon|37/100
|move|p2a: Umbreon|Foul Play|p1a: Iron Treads
|-damage|p1a: Iron Treads|0 fnt
|faint|p1a: Iron Treads
|-end|p1a: Iron Treads|Quark Drive|[silent]
|
|upkeep
|
|t:|1760782930
|switch|p1a: Darkrai|Darkrai|71/100
|turn|53
|
|t:|1760782932
|move|p1a: Darkrai|Sludge Bomb|p2a: Umbreon
|-damage|p2a: Umbreon|16/100
|move|p2a: Umbreon|Moonlight|p2a: Umbreon
|-heal|p2a: Umbreon|66/100
|
|-heal|p1a: Darkrai|77/100|[from] item: Leftovers
|upkeep
|turn|54
|
|t:|1760782935
|move|p1a: Darkrai|Sludge Bomb|p2a: Umbreon
|-damage|p2a: Umbreon|47/100
|move|p2a: Umbreon|Toxic|p1a: Darkrai
|-status|p1a: Darkrai|tox
|
|-heal|p1a: Darkrai|83/100 tox|[from] item: Leftovers
|-damage|p1a: Darkrai|77/100 tox|[from] psn
|upkeep
|turn|55
|
|t:|1760782942
|switch|p1a: Alomomola|Alomomola, F|100/100 tox
|move|p2a: Umbreon|Foul Play|p1a: Alomomola
|-damage|p1a: Alomomola|87/100 tox
|
|-damage|p1a: Alomomola|81/100 tox|[from] psn
|upkeep
|turn|56
|
|t:|1760782944
|move|p2a: Umbreon|Taunt|p1a: Alomomola
|-start|p1a: Alomomola|move: Taunt
|move|p1a: Alomomola|Flip Turn|p2a: Umbreon
|-damage|p2a: Umbreon|37/100
|
|t:|1760782950
|switch|p1a: Samurott|Samurott-Hisui, F|25/100|[from] Flip Turn
|
|upkeep
|turn|57
|
|t:|1760782953
|switch|p1a: Alomomola|Alomomola, F|100/100 tox
|move|p2a: Umbreon|Foul Play|p1a: Alomomola
|-damage|p1a: Alomomola|86/100 tox
|
|-damage|p1a: Alomomola|80/100 tox|[from] psn
|upkeep
|turn|58
|
|t:|1760782957
|move|p2a: Umbreon|Taunt|p1a: Alomomola
|-start|p1a: Alomomola|move: Taunt
|move|p1a: Alomomola|Flip Turn|p2a: Umbreon
|-damage|p2a: Umbreon|26/100
|
|t:|1760782960
|switch|p1a: Samurott|Samurott-Hisui, F|25/100|[from] Flip Turn
|
|upkeep
|turn|59
|
|t:|1760782963
|switch|p1a: Alomomola|Alomomola, F|100/100 tox
|switch|p2a: Vaporeon|Vaporeon, F|75/100
|-damage|p2a: Vaporeon|50/100|[from] Spikes
|
|-heal|p2a: Vaporeon|56/100|[from] item: Leftovers
|-damage|p1a: Alomomola|94/100 tox|[from] psn
|upkeep
|turn|60
|
|t:|1760782968
|move|p1a: Alomomola|Wish|p1a: Alomomola
|move|p2a: Vaporeon|Wish|p2a: Vaporeon
|
|-heal|p2a: Vaporeon|62/100|[from] item: Leftovers
|-damage|p1a: Alomomola|82/100 tox|[from] psn
|upkeep
|turn|61
|
|t:|1760782976
|move|p1a: Alomomola|Flip Turn|p2a: Vaporeon
|-heal|p2a: Vaporeon|87/100|[from] ability: Water Absorb|[of] p1a: Alomomola
|move|p2a: Vaporeon|Flip Turn|p1a: Alomomola
|-resisted|p1a: Alomomola
|-damage|p1a: Alomomola|78/100 tox
|
|t:|1760782987
|switch|p2a: Jolteon|Jolteon, F, tera:Ice|71/100|[from] Flip Turn
|-damage|p2a: Jolteon|47/100|[from] Spikes
|
|-heal|p2a: Jolteon|100/100|[from] move: Wish|[wisher] Vaporeon
|-heal|p1a: Alomomola|100/100 tox|[from] move: Wish|[wisher] Alomomola
|-damage|p1a: Alomomola|82/100 tox|[from] psn
|upkeep
|turn|62
|
|t:|1760782997
|move|p2a: Jolteon|Volt Switch|p1a: Alomomola
|-supereffective|p1a: Alomomola
|-damage|p1a: Alomomola|0 fnt
|faint|p1a: Alomomola
|
|t:|1760783003
|switch|p2a: Flareon|Flareon, M|40/100|[from] Volt Switch
|-damage|p2a: Flareon|15/100|[from] Spikes
|
|upkeep
|
|t:|1760783008
|switch|p1a: Samurott|Samurott-Hisui, F|25/100
|turn|63
|
|t:|1760783012
|move|p2a: Flareon|Quick Attack|p1a: Samurott
|-damage|p1a: Samurott|11/100
|move|p1a: Samurott|Sucker Punch||[still]
|-fail|p1a: Samurott
|
|upkeep
|turn|64
|-message|patz3r forfeited.
|
|win|lumfocidestruccio
|raw|patz3r's rating: 1120 &rarr; <strong>1096</strong><br />(-24 for losing)
|raw|lumfocidestruccio's rating: 1139 &rarr; <strong>1163</strong><br />(+24 for winning)
|l|☆patz3r
|player|p1|
