|j|☆Asrzzz
|j|☆minershrub
|t:|1760881949
|gametype|singles
|player|p1|Asrzzz|alder|1450
|player|p2|minershrub|acetrainer-gen4dp|1486
|gen|9
|tier|[Gen 9] OU
|rated|
|rule|HP Percentage Mod: HP is shown in percentages
|rule|Endless Battle Clause: Forcing endless battles is banned
|rule|Species Clause: Limit one of each Pokémon
|rule|OHKO Clause: OHKO moves are banned
|rule|Evasion Items Clause: Evasion items are banned
|rule|Evasion Moves Clause: Evasion moves are banned
|rule|Evasion Abilities Clause: Evasion abilities are banned
|rule|Sleep Moves Clause: Sleep-inducing moves are banned
|clearpoke
|poke|p1|Pecharunt|
|poke|p1|Moltres-Galar|
|poke|p1|Ninetales-Alola, F|
|poke|p1|Corviknight, M|
|poke|p1|Kommo-o, F|
|poke|p1|Rillaboom, F|
|poke|p2|Zapdos|
|poke|p2|Kingambit, M|
|poke|p2|Landorus-Therian, M|
|poke|p2|Cinderace, M|
|poke|p2|Garganacl, F|
|poke|p2|Dragapult, F|
|teampreview
|
|t:|1760881965
|teamsize|p1|6
|teamsize|p2|6
|start
|switch|p1a: Ninetales|Ninetales-Alola, F|100/100
|switch|p2a: Cinderace|Cinderace, M|100/100
|-weather|Snowscape|[from] ability: Snow Warning|[of] p1a: Ninetales
|turn|1
|
|t:|1760881982
|switch|p1a: Kommo-o|Kommo-o, F|100/100
|move|p2a: Cinderace|Pyro Ball|p1a: Kommo-o
|-immune|p1a: Kommo-o|[from] ability: Bulletproof
|
|-weather|Snowscape|[upkeep]
|upkeep
|turn|2
|
|t:|1760881991
|move|p2a: Cinderace|U-turn|p1a: Kommo-o
|-start|p2a: Cinderace|typechange|Bug|[from] ability: Libero
|-resisted|p1a: Kommo-o
|-damage|p1a: Kommo-o|88/100
|
|t:|1760882003
|switch|p2a: Zapdos|Zapdos|100/100|[from] U-turn
|move|p1a: Kommo-o|Clangorous Soul|p1a: Kommo-o
|-boost|p1a: Kommo-o|atk|1
|-boost|p1a: Kommo-o|def|1
|-boost|p1a: Kommo-o|spa|1
|-boost|p1a: Kommo-o|spd|1
|-boost|p1a: Kommo-o|spe|1
|-damage|p1a: Kommo-o|55/100
|
|-weather|Snowscape|[upkeep]
|-heal|p1a: Kommo-o|61/100|[from] item: Leftovers
|upkeep
|turn|3
|
|t:|1760882017
|move|p1a: Kommo-o|Fire Punch|p2a: Zapdos
|-damage|p2a: Zapdos|66/100
|-status|p1a: Kommo-o|par|[from] ability: Static|[of] p2a: Zapdos
|move|p2a: Zapdos|Hurricane|p1a: Kommo-o
|-supereffective|p1a: Kommo-o
|-damage|p1a: Kommo-o|0 fnt
|faint|p1a: Kommo-o
|
|-weather|Snowscape|[upkeep]
|upkeep
|
|t:|1760882029
|switch|p1a: Moltres|Moltres-Galar|100/100
|turn|4
|
|t:|1760882046
|move|p2a: Zapdos|Discharge|p1a: Moltres
|-supereffective|p1a: Moltres
|-damage|p1a: Moltres|62/100
|move|p1a: Moltres|Nasty Plot|p1a: Moltres
|-boost|p1a: Moltres|spa|2
|
|-weather|Snowscape|[upkeep]
|upkeep
|turn|5
|
|t:|1760882054
|move|p2a: Zapdos|Volt Switch|p1a: Moltres
|-supereffective|p1a: Moltres
|-damage|p1a: Moltres|29/100
|-ability|p1a: Moltres|Berserk|boost
|-boost|p1a: Moltres|spa|1
|
|t:|1760882058
|switch|p2a: Mr. Terrific|Kingambit, M|100/100|[from] Volt Switch
|move|p1a: Moltres|Fiery Wrath|p2a: Mr. Terrific
|-resisted|p2a: Mr. Terrific
|-damage|p2a: Mr. Terrific|75/100
|
|-weather|none
|upkeep
|turn|6
|
|t:|1760882069
|move|p1a: Moltres|Pain Split|p2a: Mr. Terrific
|-sethp|p2a: Mr. Terrific|51/100|[from] move: Pain Split|[silent]
|-sethp|p1a: Moltres|54/100|[from] move: Pain Split
|move|p2a: Mr. Terrific|Low Kick|p1a: Moltres
|-damage|p1a: Moltres|25/100
|-ability|p1a: Moltres|Berserk|boost
|-boost|p1a: Moltres|spa|1
|
|upkeep
|turn|7
|
|t:|1760882085
|move|p1a: Moltres|Pain Split|p2a: Mr. Terrific
|-sethp|p2a: Mr. Terrific|37/100|[from] move: Pain Split|[silent]
|-sethp|p1a: Moltres|39/100|[from] move: Pain Split
|move|p2a: Mr. Terrific|Iron Head|p1a: Moltres
|-damage|p1a: Moltres|0 fnt
|faint|p1a: Moltres
|
|upkeep
|
|t:|1760882095
|switch|p1a: Rillaboom|Rillaboom, F|100/100
|-fieldstart|move: Grassy Terrain|[from] ability: Grassy Surge|[of] p1a: Rillaboom
|turn|8
|
|t:|1760882101
|move|p2a: Mr. Terrific|Sucker Punch||[still]
|-fail|p2a: Mr. Terrific
|move|p1a: Rillaboom|Swords Dance|p1a: Rillaboom
|-boost|p1a: Rillaboom|atk|2
|
|-heal|p2a: Mr. Terrific|44/100|[from] Grassy Terrain
|upkeep
|turn|9
|
|t:|1760882109
|move|p2a: Mr. Terrific|Sucker Punch||[still]
|-fail|p2a: Mr. Terrific
|move|p1a: Rillaboom|Swords Dance|p1a: Rillaboom
|-boost|p1a: Rillaboom|atk|2
|
|-heal|p2a: Mr. Terrific|50/100|[from] Grassy Terrain
|upkeep
|turn|10
|
|t:|1760882117
|move|p1a: Rillaboom|Grassy Glide|p2a: Mr. Terrific
|-resisted|p2a: Mr. Terrific
|-damage|p2a: Mr. Terrific|10/100
|move|p2a: Mr. Terrific|Iron Head|p1a: Rillaboom
|-damage|p1a: Rillaboom|48/100
|
|-heal|p1a: Rillaboom|54/100|[from] Grassy Terrain
|-heal|p2a: Mr. Terrific|16/100|[from] Grassy Terrain
|upkeep
|turn|11
|
|t:|1760882127
|move|p1a: Rillaboom|Grassy Glide|p2a: Mr. Terrific
|-resisted|p2a: Mr. Terrific
|-damage|p2a: Mr. Terrific|0 fnt
|faint|p2a: Mr. Terrific
|-end|p2a: Mr. Terrific|fallenundefined|[silent]
|
|-heal|p1a: Rillaboom|61/100|[from] Grassy Terrain
|upkeep
|
|t:|1760882136
|switch|p2a: Zapdos|Zapdos|66/100
|turn|12
|
|t:|1760882143
|-terastallize|p1a: Rillaboom|Grass
|move|p1a: Rillaboom|Grassy Glide|p2a: Zapdos
|-resisted|p2a: Zapdos
|-damage|p2a: Zapdos|0 fnt
|faint|p2a: Zapdos
|
|-heal|p1a: Rillaboom|67/100|[from] Grassy Terrain
|-fieldend|move: Grassy Terrain
|upkeep
|
|t:|1760882148
|switch|p2a: Cinderace|Cinderace, M|100/100
|turn|13
|
|t:|1760882156
|switch|p1a: Pecharunt|Pecharunt|100/100
|move|p2a: Cinderace|Pyro Ball|p1a: Pecharunt
|-damage|p1a: Pecharunt|80/100
|-status|p1a: Pecharunt|brn
|
|-heal|p1a: Pecharunt|87/100 brn|[from] item: Leftovers
|-damage|p1a: Pecharunt|80/100 brn|[from] brn
|upkeep
|turn|14
|
|t:|1760882166
|move|p2a: Cinderace|U-turn|p1a: Pecharunt
|-start|p2a: Cinderace|typechange|Bug|[from] ability: Libero
|-resisted|p1a: Pecharunt
|-damage|p1a: Pecharunt|77/100 brn
|
|t:|1760882168
|switch|p2a: Landorus|Landorus-Therian, M|100/100|[from] U-turn
|-ability|p2a: Landorus|Intimidate|boost
|-unboost|p1a: Pecharunt|atk|1
|move|p1a: Pecharunt|Parting Shot|p2a: Landorus
|-unboost|p2a: Landorus|atk|1
|-unboost|p2a: Landorus|spa|1
|
|t:|1760882178
|switch|p1a: Ninetales|Ninetales-Alola, F|100/100|[from] Parting Shot
|-weather|Snowscape|[from] ability: Snow Warning|[of] p1a: Ninetales
|
|-weather|Snowscape|[upkeep]
|upkeep
|turn|15
|
|t:|1760882186
|move|p1a: Ninetales|Blizzard|p2a: Landorus
|-supereffective|p2a: Landorus
|-damage|p2a: Landorus|0 fnt
|faint|p2a: Landorus
|
|-weather|Snowscape|[upkeep]
|upkeep
|
|t:|1760882189
|switch|p2a: Cinderace|Cinderace, M|100/100
|turn|16
|
|t:|1760882195
|switch|p1a: Pecharunt|Pecharunt|77/100 brn
|move|p2a: Cinderace|Pyro Ball|p1a: Pecharunt
|-damage|p1a: Pecharunt|54/100 brn
|
|-weather|Snowscape|[upkeep]
|-heal|p1a: Pecharunt|60/100 brn|[from] item: Leftovers
|-damage|p1a: Pecharunt|54/100 brn|[from] brn
|upkeep
|turn|17
|
|t:|1760882205
|move|p2a: Cinderace|Pyro Ball|p1a: Pecharunt
|-damage|p1a: Pecharunt|31/100 brn
|move|p1a: Pecharunt|Recover|p1a: Pecharunt
|-heal|p1a: Pecharunt|81/100 brn
|
|-weather|Snowscape|[upkeep]
|-heal|p1a: Pecharunt|87/100 brn|[from] item: Leftovers
|-damage|p1a: Pecharunt|81/100 brn|[from] brn
|upkeep
|turn|18
|
|t:|1760882214
|move|p2a: Cinderace|U-turn|p1a: Pecharunt
|-start|p2a: Cinderace|typechange|Bug|[from] ability: Libero
|-resisted|p1a: Pecharunt
|-damage|p1a: Pecharunt|78/100 brn
|
|t:|1760882216
|switch|p2a: Immovable Object|Garganacl, F|100/100|[from] U-turn
|move|p1a: Pecharunt|Malignant Chain|p2a: Immovable Object
|-resisted|p2a: Immovable Object
|-damage|p2a: Immovable Object|91/100
|
|-weather|none
|-heal|p1a: Pecharunt|84/100 brn|[from] item: Leftovers
|-heal|p2a: Immovable Object|97/100|[from] item: Leftovers
|-damage|p1a: Pecharunt|78/100 brn|[from] brn
|upkeep
|turn|19
|
|t:|1760882245
|move|p1a: Pecharunt|Parting Shot|p2a: Immovable Object
|-unboost|p2a: Immovable Object|atk|1
|-unboost|p2a: Immovable Object|spa|1
|
|t:|1760882248
|switch|p1a: Rillaboom|Rillaboom, F, tera:Grass|67/100|[from] Parting Shot
|-fieldstart|move: Grassy Terrain|[from] ability: Grassy Surge|[of] p1a: Rillaboom
|move|p2a: Immovable Object|Iron Defense|p2a: Immovable Object
|-boost|p2a: Immovable Object|def|2
|
|-heal|p1a: Rillaboom|73/100|[from] Grassy Terrain
|-heal|p2a: Immovable Object|100/100|[from] Grassy Terrain
|upkeep
|turn|20
|
|t:|1760882260
|-terastallize|p2a: Immovable Object|Ghost
|move|p1a: Rillaboom|Swords Dance|p1a: Rillaboom
|-boost|p1a: Rillaboom|atk|2
|move|p2a: Immovable Object|Iron Defense|p2a: Immovable Object
|-boost|p2a: Immovable Object|def|2
|
|-heal|p1a: Rillaboom|79/100|[from] Grassy Terrain
|upkeep
|turn|21
|
|t:|1760882270
|move|p1a: Rillaboom|Knock Off|p2a: Immovable Object
|-supereffective|p2a: Immovable Object
|-damage|p2a: Immovable Object|69/100
|-enditem|p2a: Immovable Object|Leftovers|[from] move: Knock Off|[of] p1a: Rillaboom
|move|p2a: Immovable Object|Iron Defense|p2a: Immovable Object
|-boost|p2a: Immovable Object|def|2
|
|-heal|p1a: Rillaboom|85/100|[from] Grassy Terrain
|-heal|p2a: Immovable Object|75/100|[from] Grassy Terrain
|upkeep
|turn|22
|
|t:|1760882282
|move|p1a: Rillaboom|Swords Dance|p1a: Rillaboom
|-boost|p1a: Rillaboom|atk|2
|move|p2a: Immovable Object|Body Press|p1a: Rillaboom
|-damage|p1a: Rillaboom|0 fnt
|faint|p1a: Rillaboom
|
|-heal|p2a: Immovable Object|81/100|[from] Grassy Terrain
|upkeep
|
|t:|1760882292
|switch|p1a: Pecharunt|Pecharunt|78/100 brn
|turn|23
|
|t:|1760882312
|move|p1a: Pecharunt|Shadow Ball|p2a: Immovable Object
|-supereffective|p2a: Immovable Object
|-damage|p2a: Immovable Object|63/100
|move|p2a: Immovable Object|Salt Cure|p1a: Pecharunt
|-damage|p1a: Pecharunt|74/100 brn
|-start|p1a: Pecharunt|Salt Cure
|
|-heal|p1a: Pecharunt|80/100 brn|[from] Grassy Terrain
|-heal|p1a: Pecharunt|86/100 brn|[from] item: Leftovers
|-heal|p2a: Immovable Object|70/100|[from] Grassy Terrain
|-damage|p1a: Pecharunt|80/100 brn|[from] brn
|-damage|p1a: Pecharunt|67/100 brn|[from] Salt Cure
|-fieldend|move: Grassy Terrain
|upkeep
|turn|24
|
|t:|1760882329
|move|p1a: Pecharunt|Shadow Ball|p2a: Immovable Object
|-supereffective|p2a: Immovable Object
|-damage|p2a: Immovable Object|53/100
|-unboost|p2a: Immovable Object|spd|1
|move|p2a: Immovable Object|Recover|p2a: Immovable Object
|-heal|p2a: Immovable Object|100/100
|
|-heal|p1a: Pecharunt|73/100 brn|[from] item: Leftovers
|-damage|p1a: Pecharunt|67/100 brn|[from] brn
|-damage|p1a: Pecharunt|55/100 brn|[from] Salt Cure
|upkeep
|turn|25
|
|t:|1760882354
|move|p1a: Pecharunt|Recover|p1a: Pecharunt
|-heal|p1a: Pecharunt|100/100 brn
|move|p2a: Immovable Object|Salt Cure|p1a: Pecharunt
|-damage|p1a: Pecharunt|96/100 brn
|
|-heal|p1a: Pecharunt|100/100 brn|[from] item: Leftovers
|-damage|p1a: Pecharunt|94/100 brn|[from] brn
|-damage|p1a: Pecharunt|82/100 brn|[from] Salt Cure
|upkeep
|turn|26
|
|t:|1760882364
|move|p1a: Pecharunt|Shadow Ball|p2a: Immovable Object
|-supereffective|p2a: Immovable Object
|-damage|p2a: Immovable Object|76/100
|move|p2a: Immovable Object|Salt Cure|p1a: Pecharunt
|-damage|p1a: Pecharunt|77/100 brn
|
|-heal|p1a: Pecharunt|83/100 brn|[from] item: Leftovers
|-damage|p1a: Pecharunt|77/100 brn|[from] brn
|-damage|p1a: Pecharunt|65/100 brn|[from] Salt Cure
|upkeep
|turn|27
|
|t:|1760882375
|move|p1a: Pecharunt|Shadow Ball|p2a: Immovable Object
|-supereffective|p2a: Immovable Object
|-damage|p2a: Immovable Object|52/100
|move|p2a: Immovable Object|Salt Cure|p1a: Pecharunt
|-damage|p1a: Pecharunt|61/100 brn
|
|-heal|p1a: Pecharunt|67/100 brn|[from] item: Leftovers
|-damage|p1a: Pecharunt|61/100 brn|[from] brn
|-damage|p1a: Pecharunt|48/100 brn|[from] Salt Cure
|upkeep
|turn|28
|
|t:|1760882387
|move|p1a: Pecharunt|Shadow Ball|p2a: Immovable Object
|-supereffective|p2a: Immovable Object
|-damage|p2a: Immovable Object|27/100
|move|p2a: Immovable Object|Recover|p2a: Immovable Object
|-heal|p2a: Immovable Object|77/100
|
|-heal|p1a: Pecharunt|54/100 brn|[from] item: Leftovers
|-damage|p1a: Pecharunt|48/100 brn|[from] brn
|-damage|p1a: Pecharunt|36/100 brn|[from] Salt Cure
|upkeep
|turn|29
|
|t:|1760882402
|move|p1a: Pecharunt|Recover|p1a: Pecharunt
|-heal|p1a: Pecharunt|86/100 brn
|move|p2a: Immovable Object|Salt Cure|p1a: Pecharunt
|-damage|p1a: Pecharunt|81/100 brn
|
|-heal|p1a: Pecharunt|87/100 brn|[from] item: Leftovers
|-damage|p1a: Pecharunt|81/100 brn|[from] brn
|-damage|p1a: Pecharunt|69/100 brn|[from] Salt Cure
|upkeep
|turn|30
|
|t:|1760882413
|switch|p2a: Cinderace|Cinderace, M|100/100
|move|p1a: Pecharunt|Shadow Ball|p2a: Cinderace
|-damage|p2a: Cinderace|73/100
|
|-heal|p1a: Pecharunt|75/100 brn|[from] item: Leftovers
|-damage|p1a: Pecharunt|69/100 brn|[from] brn
|-damage|p1a: Pecharunt|57/100 brn|[from] Salt Cure
|upkeep
|turn|31
|
|t:|1760882423
|move|p2a: Cinderace|Pyro Ball|p1a: Pecharunt
|-damage|p1a: Pecharunt|34/100 brn
|move|p1a: Pecharunt|Malignant Chain|p2a: Cinderace
|-damage|p2a: Cinderace|39/100
|
|-heal|p1a: Pecharunt|40/100 brn|[from] item: Leftovers
|-damage|p1a: Pecharunt|34/100 brn|[from] brn
|-damage|p1a: Pecharunt|21/100 brn|[from] Salt Cure
|upkeep
|turn|32
|
|t:|1760882435
|move|p2a: Cinderace|U-turn|p1a: Pecharunt
|-start|p2a: Cinderace|typechange|Bug|[from] ability: Libero
|-resisted|p1a: Pecharunt
|-crit|p1a: Pecharunt
|-damage|p1a: Pecharunt|17/100 brn
|
|t:|1760882437
|switch|p2a: Immovable Object|Garganacl, F, tera:Ghost|77/100|[from] U-turn
|move|p1a: Pecharunt|Recover|p1a: Pecharunt
|-heal|p1a: Pecharunt|67/100 brn
|
|-heal|p1a: Pecharunt|73/100 brn|[from] item: Leftovers
|-damage|p1a: Pecharunt|67/100 brn|[from] brn
|-damage|p1a: Pecharunt|54/100 brn|[from] Salt Cure
|upkeep
|turn|33
|
|t:|1760882450
|move|p1a: Pecharunt|Shadow Ball|p2a: Immovable Object
|-supereffective|p2a: Immovable Object
|-damage|p2a: Immovable Object|59/100
|move|p2a: Immovable Object|Iron Defense|p2a: Immovable Object
|-boost|p2a: Immovable Object|def|2
|
|-heal|p1a: Pecharunt|60/100 brn|[from] item: Leftovers
|-damage|p1a: Pecharunt|54/100 brn|[from] brn
|-damage|p1a: Pecharunt|42/100 brn|[from] Salt Cure
|upkeep
|turn|34
|
|t:|1760882461
|move|p1a: Pecharunt|Recover|p1a: Pecharunt
|-heal|p1a: Pecharunt|92/100 brn
|move|p2a: Immovable Object|Iron Defense|p2a: Immovable Object
|-boost|p2a: Immovable Object|def|2
|
|-heal|p1a: Pecharunt|98/100 brn|[from] item: Leftovers
|-damage|p1a: Pecharunt|92/100 brn|[from] brn
|-damage|p1a: Pecharunt|80/100 brn|[from] Salt Cure
|upkeep
|turn|35
|
|t:|1760882472
|switch|p1a: Corviknight|Corviknight, M|100/100
|move|p2a: Immovable Object|Recover|p2a: Immovable Object
|-heal|p2a: Immovable Object|100/100
|
|upkeep
|turn|36
|
|t:|1760882479
|switch|p1a: Pecharunt|Pecharunt|80/100 brn
|move|p2a: Immovable Object|Salt Cure|p1a: Pecharunt
|-damage|p1a: Pecharunt|73/100 brn
|-start|p1a: Pecharunt|Salt Cure
|
|-heal|p1a: Pecharunt|79/100 brn|[from] item: Leftovers
|-damage|p1a: Pecharunt|73/100 brn|[from] brn
|-damage|p1a: Pecharunt|60/100 brn|[from] Salt Cure
|upkeep
|turn|37
|
|t:|1760882490
|move|p1a: Pecharunt|Shadow Ball|p2a: Immovable Object
|-supereffective|p2a: Immovable Object
|-damage|p2a: Immovable Object|84/100
|move|p2a: Immovable Object|Iron Defense|p2a: Immovable Object
|-boost|p2a: Immovable Object|def|2
|
|-heal|p1a: Pecharunt|66/100 brn|[from] item: Leftovers
|-damage|p1a: Pecharunt|60/100 brn|[from] brn
|-damage|p1a: Pecharunt|48/100 brn|[from] Salt Cure
|upkeep
|turn|38
|
|t:|1760882502
|move|p1a: Pecharunt|Parting Shot|p2a: Immovable Object
|-unboost|p2a: Immovable Object|atk|1
|-unboost|p2a: Immovable Object|spa|1
|
|t:|1760882505
|switch|p1a: Corviknight|Corviknight, M|100/100|[from] Parting Shot
|move|p2a: Immovable Object|Salt Cure|p1a: Corviknight
|-damage|p1a: Corviknight|93/100
|-start|p1a: Corviknight|Salt Cure
|
|-damage|p1a: Corviknight|68/100|[from] Salt Cure
|upkeep
|turn|39
|
|t:|1760882515
|move|p1a: Corviknight|Brave Bird|p2a: Immovable Object
|-damage|p2a: Immovable Object|79/100
|-damage|p1a: Corviknight|66/100|[from] Recoil
|move|p2a: Immovable Object|Body Press|p1a: Corviknight
|-damage|p1a: Corviknight|0 fnt
|-damage|p2a: Immovable Object|62/100|[from] item: Rocky Helmet|[of] p1a: Corviknight
|faint|p1a: Corviknight
|
|upkeep
|
|t:|1760882525
|switch|p1a: Ninetales|Ninetales-Alola, F|100/100
|-weather|Snowscape|[from] ability: Snow Warning|[of] p1a: Ninetales
|turn|40
|
|t:|1760882530
|move|p1a: Ninetales|Nasty Plot|p1a: Ninetales
|-boost|p1a: Ninetales|spa|2
|move|p2a: Immovable Object|Recover|p2a: Immovable Object
|-heal|p2a: Immovable Object|100/100
|
|-weather|Snowscape|[upkeep]
|upkeep
|turn|41
|
|t:|1760882537
|move|p1a: Ninetales|Nasty Plot|p1a: Ninetales
|-boost|p1a: Ninetales|spa|2
|move|p2a: Immovable Object|Salt Cure|p1a: Ninetales
|-supereffective|p1a: Ninetales
|-damage|p1a: Ninetales|81/100
|-start|p1a: Ninetales|Salt Cure
|
|-weather|Snowscape|[upkeep]
|-damage|p1a: Ninetales|69/100|[from] Salt Cure
|upkeep
|turn|42
|
|t:|1760882547
|move|p1a: Ninetales|Blizzard|p2a: Immovable Object
|-damage|p2a: Immovable Object|25/100
|move|p2a: Immovable Object|Body Press|p1a: Ninetales
|-damage|p1a: Ninetales|0 fnt
|faint|p1a: Ninetales
|
|-weather|Snowscape|[upkeep]
|upkeep
|
|t:|1760882556
|switch|p1a: Pecharunt|Pecharunt|48/100 brn
|turn|43
|
|t:|1760882560
|move|p1a: Pecharunt|Shadow Ball|p2a: Immovable Object
|-supereffective|p2a: Immovable Object
|-damage|p2a: Immovable Object|10/100
|move|p2a: Immovable Object|Recover|p2a: Immovable Object
|-heal|p2a: Immovable Object|60/100
|
|-weather|Snowscape|[upkeep]
|-heal|p1a: Pecharunt|54/100 brn|[from] item: Leftovers
|-damage|p1a: Pecharunt|48/100 brn|[from] brn
|upkeep
|turn|44
|c|☆Asrzzz|Ta mère la pute
|n|‽Asrzzz|asrzzz
|c|~|/log Asrzzz was locked from talking by Artemis. (☆Asrzzz: Ta mère la pute)
|c|~|/raw <small>This action was done automatically. Want to learn more about the AI? <a href="https://www.smogon.com/forums/threads/3570628/#post-9056769">Visit the information thread</a>.</small>
|
|t:|1760882605
|move|p1a: Pecharunt|Shadow Ball|p2a: Immovable Object
|-supereffective|p2a: Immovable Object
|-damage|p2a: Immovable Object|43/100
|-unboost|p2a: Immovable Object|spd|1
|move|p2a: Immovable Object|Salt Cure|p1a: Pecharunt
|-damage|p1a: Pecharunt|43/100 brn
|-start|p1a: Pecharunt|Salt Cure
|
|-weather|none
|-heal|p1a: Pecharunt|49/100 brn|[from] item: Leftovers
|-damage|p1a: Pecharunt|43/100 brn|[from] brn
|-damage|p1a: Pecharunt|31/100 brn|[from] Salt Cure
|upkeep
|turn|45
|c|☆minershrub|LOL
|-message|Asrzzz forfeited.
|
|win|minershrub
