|j|☆kingkong427
|j|☆tipptopp20
|t:|1760804643
|gametype|singles
|player|p1|kingkong427|ethan|1761
|player|p2|tipptopp20|cynthia-gen4|1713
|gen|9
|tier|[Gen 9] OU
|rated|
|rule|HP Percentage Mod: HP is shown in percentages
|rule|Endless Battle Clause: Forcing endless battles is banned
|rule|Species Clause: Limit one of each Pokémon
|rule|OHKO Clause: OHKO moves are banned
|rule|Evasion Items Clause: Evasion items are banned
|rule|Evasion Moves Clause: Evasion moves are banned
|rule|Evasion Abilities Clause: Evasion abilities are banned
|rule|Sleep Moves Clause: Sleep-inducing moves are banned
|clearpoke
|poke|p1|Garchomp, M|
|poke|p1|Iron Treads|
|poke|p1|Zamazenta-*|
|poke|p1|Darkrai|
|poke|p1|Primarina, F|
|poke|p1|Gholdengo|
|poke|p2|Latios, M|
|poke|p2|Alomomola, F|
|poke|p2|Clodsire, M|
|poke|p2|Weavile, F|
|poke|p2|Okidogi, M|
|poke|p2|Forretress, F|
|teampreview
|
|t:|1760804664
|teamsize|p1|6
|teamsize|p2|6
|start
|switch|p1a: Garchomp|Garchomp, M|100/100
|switch|p2a: Latios|Latios, M|100/100
|turn|1
|j| weigh666
|
|t:|1760804675
|switch|p1a: Iron Treads|Iron Treads|100/100
|-enditem|p1a: Iron Treads|Booster Energy
|-activate|p1a: Iron Treads|ability: Quark Drive|[fromitem]
|-start|p1a: Iron Treads|quarkdrivespe
|move|p2a: Latios|Flip Turn|p1a: Iron Treads
|-supereffective|p1a: Iron Treads
|-damage|p1a: Iron Treads|81/100
|
|t:|1760804684
|switch|p2a: Alomomola|Alomomola, F|100/100|[from] Flip Turn
|
|upkeep
|turn|2
|
|t:|1760804687
|move|p1a: Iron Treads|Stealth Rock|p2a: Alomomola
|-sidestart|p2: tipptopp20|move: Stealth Rock
|move|p2a: Alomomola|Flip Turn|p1a: Iron Treads
|-supereffective|p1a: Iron Treads
|-damage|p1a: Iron Treads|54/100
|
|t:|1760804692
|switch|p2a: Clodsire|Clodsire, M|100/100|[from] Flip Turn
|-damage|p2a: Clodsire|94/100|[from] Stealth Rock
|
|-heal|p2a: Clodsire|100/100|[from] item: Leftovers
|upkeep
|turn|3
|
|t:|1760804700
|-end|p1a: Iron Treads|Quark Drive|[silent]
|switch|p1a: Garchomp|Garchomp, M|100/100
|switch|p2a: Alomomola|Alomomola, F|100/100
|-damage|p2a: Alomomola|88/100|[from] Stealth Rock
|
|-heal|p2a: Alomomola|94/100|[from] item: Leftovers
|upkeep
|turn|4
|
|t:|1760804710
|switch|p1a: Iron Treads|Iron Treads|54/100
|move|p2a: Alomomola|Flip Turn|p1a: Iron Treads
|-supereffective|p1a: Iron Treads
|-damage|p1a: Iron Treads|29/100
|
|t:|1760804713
|switch|p2a: Latios|Latios, M|100/100|[from] Flip Turn
|-damage|p2a: Latios|88/100|[from] Stealth Rock
|
|upkeep
|turn|5
|
|t:|1760804724
|move|p2a: Latios|Draco Meteor|p1a: Iron Treads
|-resisted|p1a: Iron Treads
|-damage|p1a: Iron Treads|0 fnt
|-unboost|p2a: Latios|spa|2
|faint|p1a: Iron Treads
|-end|p1a: Iron Treads|Quark Drive|[silent]
|
|upkeep
|
|t:|1760804731
|switch|p1a: Darkrai|Darkrai|100/100
|turn|6
|
|t:|1760804733
|switch|p2a: Clodsire|Clodsire, M|100/100
|-damage|p2a: Clodsire|94/100|[from] Stealth Rock
|move|p1a: Darkrai|Trick|p2a: Clodsire
|-activate|p1a: Darkrai|move: Trick|[of] p2a: Clodsire
|-item|p2a: Clodsire|Choice Scarf|[from] move: Trick
|-item|p1a: Darkrai|Leftovers|[from] move: Trick
|
|upkeep
|turn|7
|
|t:|1760804745
|switch|p1a: Gholdengo|Gholdengo|100/100
|-item|p1a: Gholdengo|Air Balloon
|move|p2a: Clodsire|Toxic|p1a: Gholdengo
|-immune|p1a: Gholdengo|[from] ability: Good as Gold
|
|upkeep
|turn|8
|
|t:|1760804749
|switch|p2a: Latios|Latios, M|88/100
|-damage|p2a: Latios|76/100|[from] Stealth Rock
|move|p1a: Gholdengo|Nasty Plot|p1a: Gholdengo
|-boost|p1a: Gholdengo|spa|2
|
|upkeep
|turn|9
|
|t:|1760804754
|-terastallize|p2a: Latios|Fire
|move|p2a: Latios|Tera Blast|p1a: Gholdengo|[anim] Tera Blast Fire
|-supereffective|p1a: Gholdengo
|-damage|p1a: Gholdengo|0 fnt
|-enditem|p1a: Gholdengo|Air Balloon
|faint|p1a: Gholdengo
|
|upkeep
|
|t:|1760804758
|switch|p1a: Primarina|Primarina, F|100/100
|turn|10
|
|t:|1760804760
|switch|p2a: Okidogi|Okidogi, M|100/100
|-damage|p2a: Okidogi|95/100|[from] Stealth Rock
|move|p1a: Primarina|Calm Mind|p1a: Primarina
|-boost|p1a: Primarina|spa|1
|-boost|p1a: Primarina|spd|1
|
|upkeep
|turn|11
|
|t:|1760804764
|move|p2a: Okidogi|Gunk Shot|p1a: Primarina
|-supereffective|p1a: Primarina
|-damage|p1a: Primarina|0 fnt
|faint|p1a: Primarina
|
|upkeep
|
|t:|1760804770
|switch|p1a: Zamazenta|Zamazenta|100/100
|-ability|p1a: Zamazenta|Dauntless Shield|boost
|-boost|p1a: Zamazenta|def|1
|turn|12
|
|t:|1760804774
|switch|p2a: Clodsire|Clodsire, M|94/100
|-damage|p2a: Clodsire|88/100|[from] Stealth Rock
|move|p1a: Zamazenta|Iron Defense|p1a: Zamazenta
|-boost|p1a: Zamazenta|def|2
|
|upkeep
|turn|13
|
|t:|1760804777
|move|p1a: Zamazenta|Substitute|p1a: Zamazenta
|-start|p1a: Zamazenta|Substitute
|-damage|p1a: Zamazenta|76/100
|move|p2a: Clodsire|Toxic||[still]
|-fail|p2a: Clodsire
|
|-heal|p1a: Zamazenta|82/100|[from] item: Leftovers
|upkeep
|turn|14
|l| weigh666
|inactive|Battle timer is ON: inactive players will automatically lose when time's up. (requested by kingkong427)
|
|t:|1760804790
|switch|p2a: Forretress|Forretress, F|100/100
|move|p1a: Zamazenta|Iron Defense|p1a: Zamazenta
|-boost|p1a: Zamazenta|def|2
|
|-heal|p1a: Zamazenta|88/100|[from] item: Leftovers
|upkeep
|turn|15
|
|t:|1760804792
|move|p1a: Zamazenta|Body Press|p2a: Forretress
|-damage|p2a: Forretress|37/100
|move|p2a: Forretress|Rapid Spin|p1a: Zamazenta
|-activate|p1a: Zamazenta|move: Substitute|[damage]
|-sideend|p2: tipptopp20|Stealth Rock|[from] move: Rapid Spin|[of] p2a: Forretress
|-boost|p2a: Forretress|spe|1
|
|-heal|p1a: Zamazenta|94/100|[from] item: Leftovers
|upkeep
|turn|16
|
|t:|1760804797
|switch|p2a: Clodsire|Clodsire, M|88/100
|move|p1a: Zamazenta|Body Press|p2a: Clodsire
|-resisted|p2a: Clodsire
|-damage|p2a: Clodsire|70/100
|
|-heal|p1a: Zamazenta|100/100|[from] item: Leftovers
|upkeep
|turn|17
|
|t:|1760804800
|switch|p2a: Alomomola|Alomomola, F|100/100
|move|p1a: Zamazenta|Crunch|p2a: Alomomola
|-damage|p2a: Alomomola|89/100
|
|-heal|p2a: Alomomola|95/100|[from] item: Leftovers
|upkeep
|turn|18
|
|t:|1760804803
|move|p2a: Alomomola|Protect|p2a: Alomomola
|-singleturn|p2a: Alomomola|Protect
|move|p1a: Zamazenta|Body Press|p2a: Alomomola
|-activate|p2a: Alomomola|move: Protect
|
|-heal|p2a: Alomomola|100/100|[from] item: Leftovers
|upkeep
|turn|19
|
|t:|1760804805
|move|p1a: Zamazenta|Crunch|p2a: Alomomola
|-crit|p2a: Alomomola
|-damage|p2a: Alomomola|84/100
|move|p2a: Alomomola|Wish|p2a: Alomomola
|
|-heal|p2a: Alomomola|91/100|[from] item: Leftovers
|upkeep
|turn|20
|
|t:|1760804811
|switch|p2a: Clodsire|Clodsire, M|70/100
|move|p1a: Zamazenta|Iron Defense|p1a: Zamazenta
|-boost|p1a: Zamazenta|def|1
|
|-heal|p2a: Clodsire|100/100|[from] move: Wish|[wisher] Alomomola
|upkeep
|turn|21
|
|t:|1760804820
|move|p1a: Zamazenta|Crunch|p2a: Clodsire
|-damage|p2a: Clodsire|76/100
|move|p2a: Clodsire|Stealth Rock|p1a: Zamazenta
|-sidestart|p1: kingkong427|move: Stealth Rock
|
|upkeep
|turn|22
|
|t:|1760804823
|move|p1a: Zamazenta|Body Press|p2a: Clodsire
|-resisted|p2a: Clodsire
|-damage|p2a: Clodsire|59/100
|move|p2a: Clodsire|Stealth Rock||[still]
|-fail|p2a: Clodsire
|
|upkeep
|turn|23
|
|t:|1760804826
|switch|p2a: Alomomola|Alomomola, F|100/100
|move|p1a: Zamazenta|Body Press|p2a: Alomomola
|-damage|p2a: Alomomola|33/100
|
|-heal|p2a: Alomomola|39/100|[from] item: Leftovers
|upkeep
|turn|24
|
|t:|1760804831
|move|p2a: Alomomola|Protect|p2a: Alomomola
|-singleturn|p2a: Alomomola|Protect
|move|p1a: Zamazenta|Body Press|p2a: Alomomola
|-activate|p2a: Alomomola|move: Protect
|
|-heal|p2a: Alomomola|45/100|[from] item: Leftovers
|upkeep
|turn|25
|
|t:|1760804836
|switch|p2a: Clodsire|Clodsire, M|59/100
|move|p1a: Zamazenta|Crunch|p2a: Clodsire
|-damage|p2a: Clodsire|35/100
|
|upkeep
|turn|26
|
|t:|1760804840
|move|p1a: Zamazenta|Body Press|p2a: Clodsire
|-resisted|p2a: Clodsire
|-damage|p2a: Clodsire|18/100
|move|p2a: Clodsire|Recover|p2a: Clodsire
|-heal|p2a: Clodsire|68/100
|
|upkeep
|turn|27
|
|t:|1760804868
|switch|p2a: Alomomola|Alomomola, F|79/100
|move|p1a: Zamazenta|Crunch|p2a: Alomomola
|-damage|p2a: Alomomola|68/100
|-unboost|p2a: Alomomola|def|1
|
|-heal|p2a: Alomomola|74/100|[from] item: Leftovers
|upkeep
|turn|28
|
|t:|1760804876
|move|p1a: Zamazenta|Crunch|p2a: Alomomola
|-damage|p2a: Alomomola|56/100
|move|p2a: Alomomola|Wish|p2a: Alomomola
|
|-heal|p2a: Alomomola|62/100|[from] item: Leftovers
|upkeep
|turn|29
|
|t:|1760804887
|switch|p2a: Clodsire|Clodsire, M|68/100
|move|p1a: Zamazenta|Crunch|p2a: Clodsire
|-damage|p2a: Clodsire|43/100
|
|-heal|p2a: Clodsire|99/100|[from] move: Wish|[wisher] Alomomola
|upkeep
|turn|30
|
|t:|1760804897
|switch|p2a: Alomomola|Alomomola, F|96/100
|move|p1a: Zamazenta|Crunch|p2a: Alomomola
|-damage|p2a: Alomomola|84/100
|
|-heal|p2a: Alomomola|90/100|[from] item: Leftovers
|upkeep
|turn|31
|
|t:|1760804901
|move|p2a: Alomomola|Protect|p2a: Alomomola
|-singleturn|p2a: Alomomola|Protect
|move|p1a: Zamazenta|Iron Defense|p1a: Zamazenta
|-boost|p1a: Zamazenta|def|0
|
|-heal|p2a: Alomomola|96/100|[from] item: Leftovers
|upkeep
|turn|32
|
|t:|1760804905
|move|p1a: Zamazenta|Iron Defense|p1a: Zamazenta
|-boost|p1a: Zamazenta|def|0
|move|p2a: Alomomola|Wish|p2a: Alomomola
|
|-heal|p2a: Alomomola|100/100|[from] item: Leftovers
|upkeep
|turn|33
|
|t:|1760804910
|move|p1a: Zamazenta|Iron Defense|p1a: Zamazenta
|-boost|p1a: Zamazenta|def|0
|move|p2a: Alomomola|Flip Turn|p1a: Zamazenta
|-activate|p1a: Zamazenta|move: Substitute|[damage]
|
|t:|1760804911
|switch|p2a: Forretress|Forretress, F|37/100|[from] Flip Turn
|
|-heal|p2a: Forretress|100/100|[from] move: Wish|[wisher] Alomomola
|upkeep
|turn|34
|
|t:|1760804929
|switch|p2a: Clodsire|Clodsire, M|99/100
|move|p1a: Zamazenta|Crunch|p2a: Clodsire
|-damage|p2a: Clodsire|78/100
|
|upkeep
|turn|35
|
|t:|1760804939
|switch|p2a: Forretress|Forretress, F|100/100
|move|p1a: Zamazenta|Crunch|p2a: Forretress
|-damage|p2a: Forretress|89/100
|
|upkeep
|turn|36
|
|t:|1760804945
|switch|p2a: Clodsire|Clodsire, M|78/100
|move|p1a: Zamazenta|Body Press|p2a: Clodsire
|-resisted|p2a: Clodsire
|-damage|p2a: Clodsire|61/100
|
|upkeep
|turn|37
|
|t:|1760804946
|switch|p2a: Alomomola|Alomomola, F|100/100
|move|p1a: Zamazenta|Crunch|p2a: Alomomola
|-damage|p2a: Alomomola|89/100
|
|-heal|p2a: Alomomola|95/100|[from] item: Leftovers
|upkeep
|turn|38
|
|t:|1760804953
|move|p2a: Alomomola|Protect|p2a: Alomomola
|-singleturn|p2a: Alomomola|Protect
|move|p1a: Zamazenta|Body Press|p2a: Alomomola
|-activate|p2a: Alomomola|move: Protect
|
|-heal|p2a: Alomomola|100/100|[from] item: Leftovers
|upkeep
|turn|39
|
|t:|1760804956
|move|p1a: Zamazenta|Body Press|p2a: Alomomola
|-damage|p2a: Alomomola|34/100
|move|p2a: Alomomola|Wish|p2a: Alomomola
|
|-heal|p2a: Alomomola|40/100|[from] item: Leftovers
|upkeep
|turn|40
|
|t:|1760804965
|move|p2a: Alomomola|Protect|p2a: Alomomola
|-singleturn|p2a: Alomomola|Protect
|move|p1a: Zamazenta|Iron Defense|p1a: Zamazenta
|-boost|p1a: Zamazenta|def|0
|
|-heal|p2a: Alomomola|90/100|[from] move: Wish|[wisher] Alomomola
|-heal|p2a: Alomomola|96/100|[from] item: Leftovers
|upkeep
|turn|41
|
|t:|1760804967
|move|p1a: Zamazenta|Iron Defense|p1a: Zamazenta
|-boost|p1a: Zamazenta|def|0
|move|p2a: Alomomola|Wish|p2a: Alomomola
|
|-heal|p2a: Alomomola|100/100|[from] item: Leftovers
|upkeep
|turn|42
|
|t:|1760804976
|move|p1a: Zamazenta|Crunch|p2a: Alomomola
|-damage|p2a: Alomomola|90/100
|-unboost|p2a: Alomomola|def|1
|move|p2a: Alomomola|Flip Turn|p1a: Zamazenta
|-activate|p1a: Zamazenta|move: Substitute|[damage]
|
|t:|1760804980
|switch|p2a: Clodsire|Clodsire, M|61/100|[from] Flip Turn
|
|-heal|p2a: Clodsire|100/100|[from] move: Wish|[wisher] Alomomola
|upkeep
|turn|43
|
|t:|1760804989
|switch|p1a: Garchomp|Garchomp, M|100/100
|-damage|p1a: Garchomp|94/100|[from] Stealth Rock
|switch|p2a: Alomomola|Alomomola, F|100/100
|
|upkeep
|turn|44
|
|t:|1760804994
|move|p1a: Garchomp|Swords Dance|p1a: Garchomp
|-boost|p1a: Garchomp|atk|2
|move|p2a: Alomomola|Flip Turn|p1a: Garchomp
|-damage|p1a: Garchomp|78/100
|-damage|p2a: Alomomola|88/100|[from] ability: Rough Skin|[of] p1a: Garchomp
|inactive|tipptopp20 has 120 seconds left.
|
|t:|1760805034
|switch|p2a: Latios|Latios, M, tera:Fire|76/100|[from] Flip Turn
|
|upkeep
|turn|45
|
|t:|1760805040
|switch|p1a: Darkrai|Darkrai|100/100
|-damage|p1a: Darkrai|88/100|[from] Stealth Rock
|move|p2a: Latios|Luster Purge|p1a: Darkrai
|-immune|p1a: Darkrai
|
|-heal|p1a: Darkrai|94/100|[from] item: Leftovers
|upkeep
|turn|46
|
|t:|1760805051
|switch|p2a: Clodsire|Clodsire, M|100/100
|move|p1a: Darkrai|Dark Pulse|p2a: Clodsire
|-damage|p2a: Clodsire|77/100
|
|-heal|p1a: Darkrai|99/100|[from] item: Leftovers
|upkeep
|turn|47
|
|t:|1760805058
|move|p1a: Darkrai|Ice Beam|p2a: Clodsire
|-supereffective|p2a: Clodsire
|-damage|p2a: Clodsire|45/100
|move|p2a: Clodsire|Toxic|p1a: Darkrai
|-status|p1a: Darkrai|tox
|
|-heal|p1a: Darkrai|100/100 tox|[from] item: Leftovers
|-damage|p1a: Darkrai|94/100 tox|[from] psn
|upkeep
|turn|48
|
|t:|1760805061
|switch|p2a: Weavile|Weavile, F|100/100
|move|p1a: Darkrai|Dark Pulse|p2a: Weavile
|-resisted|p2a: Weavile
|-damage|p2a: Weavile|71/100
|
|-heal|p1a: Darkrai|100/100 tox|[from] item: Leftovers
|-damage|p1a: Darkrai|88/100 tox|[from] psn
|upkeep
|turn|49
|
|t:|1760805066
|switch|p2a: Clodsire|Clodsire, M|45/100
|move|p1a: Darkrai|Dark Pulse|p2a: Clodsire
|-damage|p2a: Clodsire|20/100
|
|-heal|p1a: Darkrai|94/100 tox|[from] item: Leftovers
|-damage|p1a: Darkrai|76/100 tox|[from] psn
|upkeep
|turn|50
|
|t:|1760805070
|switch|p2a: Weavile|Weavile, F|71/100
|move|p1a: Darkrai|Dark Pulse|p2a: Weavile
|-resisted|p2a: Weavile
|-damage|p2a: Weavile|39/100
|
|-heal|p1a: Darkrai|82/100 tox|[from] item: Leftovers
|-damage|p1a: Darkrai|58/100 tox|[from] psn
|upkeep
|turn|51
|
|t:|1760805075
|move|p1a: Darkrai|Sludge Bomb|p2a: Weavile
|-damage|p2a: Weavile|0 fnt
|faint|p2a: Weavile
|
|-heal|p1a: Darkrai|64/100 tox|[from] item: Leftovers
|-damage|p1a: Darkrai|34/100 tox|[from] psn
|upkeep
|inactive|tipptopp20 has 120 seconds left.
|
|t:|1760805122
|switch|p2a: Forretress|Forretress, F|89/100
|turn|52
|
|t:|1760805124
|move|p1a: Darkrai|Dark Pulse|p2a: Forretress
|-damage|p2a: Forretress|27/100
|move|p2a: Forretress|Volt Switch|p1a: Darkrai
|-damage|p1a: Darkrai|20/100 tox
|
|t:|1760805127
|switch|p2a: Okidogi|Okidogi, M|95/100|[from] Volt Switch
|
|-heal|p1a: Darkrai|26/100 tox|[from] item: Leftovers
|-damage|p1a: Darkrai|0 fnt|[from] psn
|faint|p1a: Darkrai
|upkeep
|
|t:|1760805129
|switch|p1a: Garchomp|Garchomp, M|78/100
|-damage|p1a: Garchomp|72/100|[from] Stealth Rock
|turn|53
|
|t:|1760805131
|move|p1a: Garchomp|Swords Dance|p1a: Garchomp
|-boost|p1a: Garchomp|atk|2
|move|p2a: Okidogi|Ice Punch|p1a: Garchomp
|-supereffective|p1a: Garchomp
|-crit|p1a: Garchomp
|-damage|p1a: Garchomp|0 fnt
|-damage|p2a: Okidogi|82/100|[from] ability: Rough Skin|[of] p1a: Garchomp
|faint|p1a: Garchomp
|
|upkeep
|-message|kingkong427 forfeited.
|
|win|tipptopp20
|raw|kingkong427's rating: 1761 &rarr; <strong>1738</strong><br />(-23 for losing)
|raw|tipptopp20's rating: 1713 &rarr; <strong>1736</strong><br />(+23 for winning)
|l|☆kingkong427
|player|p1|
|l|☆tipptopp20
|player|p2|
