|badge|p2|bronze|gen9ou|100-7
|uhtml|medal-msg|<div class="broadcast-blue">Curious what those medals under the avatar are? PS now has Ladder Seasons! For more information, check out the <a href="https://www.smogon.com/forums/threads/3740067/">thread on Smogon.</a></div>
|j|☆abravioustinkaton
|j|☆DivJudgement
|t:|1760818303
|gametype|singles
|player|p1|abravioustinkaton|lacey|1803
|player|p2|DivJudgement|dragontamer-gen6|1915
|gen|9
|tier|[Gen 9] OU
|rated|
|rule|HP Percentage Mod: HP is shown in percentages
|rule|Endless Battle Clause: Forcing endless battles is banned
|rule|Species Clause: Limit one of each Pokémon
|rule|OHKO Clause: OHKO moves are banned
|rule|Evasion Items Clause: Evasion items are banned
|rule|Evasion Moves Clause: Evasion moves are banned
|rule|Evasion Abilities Clause: Evasion abilities are banned
|rule|Sleep Moves Clause: Sleep-inducing moves are banned
|clearpoke
|poke|p1|Ogerpon-Wellspring, F|
|poke|p1|Kingambit, F|
|poke|p1|Landorus-Therian, M|
|poke|p1|Glimmora, F|
|poke|p1|Dragapult, F|
|poke|p1|Iron Valiant|
|poke|p2|Slowking-Galar, F|
|poke|p2|Kyurem|
|poke|p2|Cinderace, M|
|poke|p2|Tornadus-Therian, M|
|poke|p2|Hydrapple, M|
|poke|p2|Kingambit, F|
|teampreview
|inactive|Battle timer is ON: inactive players will automatically lose when time's up. (requested by DivJudgement)
|inactive|DivJudgement has 120 seconds left.
|inactive|DivJudgement has 90 seconds left.
|inactive|DivJudgement has 60 seconds left.
|j| Squallskip2
|
|t:|1760818403
|teamsize|p1|6
|teamsize|p2|6
|start
|switch|p1a: Dragapult|Dragapult, F|100/100
|switch|p2a: Depressed Drunk|Slowking-Galar, F|100/100
|turn|1
|
|t:|1760818411
|move|p1a: Dragapult|Shadow Ball|p2a: Depressed Drunk
|-supereffective|p2a: Depressed Drunk
|-damage|p2a: Depressed Drunk|24/100
|move|p2a: Depressed Drunk|Ice Beam|p1a: Dragapult
|-supereffective|p1a: Dragapult
|-damage|p1a: Dragapult|42/100
|
|upkeep
|turn|2
|
|t:|1760818415
|switch|p2a: Raging Drunk|Kingambit, F|100/100
|move|p1a: Dragapult|Shadow Ball|p2a: Raging Drunk
|-resisted|p2a: Raging Drunk
|-damage|p2a: Raging Drunk|75/100
|-unboost|p2a: Raging Drunk|spd|1
|
|upkeep
|turn|3
|
|t:|1760818417
|-end|p2a: Raging Drunk|fallenundefined|[silent]
|switch|p2a: Thieving Drunk|Tornadus-Therian, M|100/100
|move|p1a: Dragapult|Shadow Ball|p2a: Thieving Drunk
|-damage|p2a: Thieving Drunk|44/100
|
|upkeep
|turn|4
|
|t:|1760818420
|switch|p2a: Raging Drunk|Kingambit, F|75/100
|move|p1a: Dragapult|Shadow Ball|p2a: Raging Drunk
|-resisted|p2a: Raging Drunk
|-damage|p2a: Raging Drunk|47/100
|-unboost|p2a: Raging Drunk|spd|1
|
|upkeep
|turn|5
|
|t:|1760818423
|switch|p1a: Landorus|Landorus-Therian, M|100/100
|-ability|p1a: Landorus|Intimidate|boost
|-unboost|p2a: Raging Drunk|atk|1
|move|p2a: Raging Drunk|Sucker Punch||[still]
|-fail|p2a: Raging Drunk
|
|upkeep
|turn|6
|
|t:|1760818427
|-end|p2a: Raging Drunk|fallenundefined|[silent]
|switch|p2a: Thieving Drunk|Tornadus-Therian, M|77/100
|move|p1a: Landorus|Stealth Rock|p2a: Thieving Drunk
|-sidestart|p2: DivJudgement|move: Stealth Rock
|
|upkeep
|turn|7
|
|t:|1760818430
|move|p2a: Thieving Drunk|Bleakwind Storm|p1a: Landorus
|-damage|p1a: Landorus|59/100
|-unboost|p1a: Landorus|spe|1
|move|p1a: Landorus|U-turn|p2a: Thieving Drunk
|-resisted|p2a: Thieving Drunk
|-damage|p2a: Thieving Drunk|63/100
|
|t:|1760818432
|switch|p1a: Glimmora|Glimmora, F|100/100|[from] U-turn
|
|upkeep
|turn|8
|
|t:|1760818434
|move|p2a: Thieving Drunk|Knock Off|p1a: Glimmora
|-damage|p1a: Glimmora|74/100
|-activate|p1a: Glimmora|ability: Toxic Debris
|-sidestart|p2: DivJudgement|move: Toxic Spikes
|-enditem|p1a: Glimmora|Power Herb|[from] move: Knock Off|[of] p2a: Thieving Drunk
|move|p1a: Glimmora|Earth Power|p2a: Thieving Drunk
|-immune|p2a: Thieving Drunk
|
|upkeep
|turn|9
|
|t:|1760818443
|move|p2a: Thieving Drunk|Bleakwind Storm|p1a: Glimmora|[miss]
|-miss|p2a: Thieving Drunk|p1a: Glimmora
|move|p1a: Glimmora|Earth Power|p2a: Thieving Drunk
|-immune|p2a: Thieving Drunk
|
|upkeep
|turn|10
|
|t:|1760818449
|move|p2a: Thieving Drunk|Bleakwind Storm|p1a: Glimmora
|-resisted|p1a: Glimmora
|-damage|p1a: Glimmora|48/100
|move|p1a: Glimmora|Mortal Spin|p2a: Thieving Drunk
|-damage|p2a: Thieving Drunk|55/100
|-status|p2a: Thieving Drunk|psn
|
|-damage|p2a: Thieving Drunk|43/100 psn|[from] psn
|upkeep
|turn|11
|j| yweryerr
|
|t:|1760818457
|move|p2a: Thieving Drunk|Bleakwind Storm|p1a: Glimmora|[miss]
|-miss|p2a: Thieving Drunk|p1a: Glimmora
|move|p1a: Glimmora|Earth Power|p2a: Thieving Drunk
|-immune|p2a: Thieving Drunk
|
|-damage|p2a: Thieving Drunk|30/100 psn|[from] psn
|upkeep
|turn|12
|
|t:|1760818467
|move|p2a: Thieving Drunk|Bleakwind Storm|p1a: Glimmora
|-resisted|p1a: Glimmora
|-damage|p1a: Glimmora|23/100
|-unboost|p1a: Glimmora|spe|1
|move|p1a: Glimmora|Mortal Spin|p2a: Thieving Drunk
|-damage|p2a: Thieving Drunk|24/100 psn
|
|-damage|p2a: Thieving Drunk|11/100 psn|[from] psn
|upkeep
|turn|13
|
|t:|1760818470
|move|p2a: Thieving Drunk|Bleakwind Storm|p1a: Glimmora
|-resisted|p1a: Glimmora
|-crit|p1a: Glimmora
|-damage|p1a: Glimmora|0 fnt
|faint|p1a: Glimmora
|
|-damage|p2a: Thieving Drunk|0 fnt|[from] psn
|faint|p2a: Thieving Drunk
|upkeep
|
|t:|1760818475
|switch|p2a: Raging Drunk|Kingambit, F|47/100
|switch|p1a: Dragapult|Dragapult, F|42/100
|-damage|p2a: Raging Drunk|41/100|[from] Stealth Rock
|-activate|p2a: Raging Drunk|ability: Supreme Overlord
|-start|p2a: Raging Drunk|fallen1|[silent]
|turn|14
|
|t:|1760818479
|switch|p1a: Landorus|Landorus-Therian, M|59/100
|-ability|p1a: Landorus|Intimidate|boost
|-unboost|p2a: Raging Drunk|atk|1
|move|p2a: Raging Drunk|Sucker Punch||[still]
|-fail|p2a: Raging Drunk
|
|upkeep
|turn|15
|
|t:|1760818488
|-end|p2a: Raging Drunk|fallen1|[silent]
|switch|p2a: Depressed Drunk|Slowking-Galar, F|58/100
|-damage|p2a: Depressed Drunk|45/100|[from] Stealth Rock
|-sideend|p2: DivJudgement|move: Toxic Spikes|[of] p2a: Depressed Drunk
|move|p1a: Landorus|U-turn|p2a: Depressed Drunk
|-damage|p2a: Depressed Drunk|28/100
|
|t:|1760818497
|switch|p1a: Dragapult|Dragapult, F|42/100|[from] U-turn
|
|upkeep
|turn|16
|
|t:|1760818500
|move|p1a: Dragapult|Shadow Ball|p2a: Depressed Drunk
|-supereffective|p2a: Depressed Drunk
|-damage|p2a: Depressed Drunk|0 fnt
|faint|p2a: Depressed Drunk
|
|upkeep
|
|t:|1760818501
|switch|p2a: Boro Breath|Cinderace, M|100/100
|turn|17
|
|t:|1760818503
|-terastallize|p1a: Dragapult|Ghost
|move|p1a: Dragapult|Shadow Ball|p2a: Boro Breath
|-damage|p2a: Boro Breath|10/100
|move|p2a: Boro Breath|Court Change|p2a: Boro Breath
|-start|p2a: Boro Breath|typechange|Normal|[from] ability: Libero
|-swapsideconditions
|-activate|p2a: Boro Breath|move: Court Change
|
|upkeep
|turn|18
|
|t:|1760818507
|switch|p1a: Landorus|Landorus-Therian, M|59/100
|-damage|p1a: Landorus|46/100|[from] Stealth Rock
|-ability|p1a: Landorus|Intimidate|boost
|-unboost|p2a: Boro Breath|atk|1
|move|p2a: Boro Breath|Pyro Ball|p1a: Landorus
|-damage|p1a: Landorus|24/100
|
|upkeep
|turn|19
|
|t:|1760818512
|-terastallize|p2a: Boro Breath|Fire
|move|p2a: Boro Breath|Pyro Ball|p1a: Landorus
|-damage|p1a: Landorus|0 fnt
|faint|p1a: Landorus
|
|upkeep
|
|t:|1760818516
|switch|p1a: Dragapult|Dragapult, F, tera:Ghost|42/100
|-damage|p1a: Dragapult|30/100|[from] Stealth Rock
|turn|20
|
|t:|1760818524
|switch|p2a: Ragnaraku|Kyurem|100/100
|-ability|p2a: Ragnaraku|Pressure
|move|p1a: Dragapult|Shadow Ball|p2a: Ragnaraku
|-damage|p2a: Ragnaraku|39/100
|-unboost|p2a: Ragnaraku|spd|1
|
|upkeep
|turn|21
|
|t:|1760818526
|move|p1a: Dragapult|Shadow Ball|p2a: Ragnaraku
|-damage|p2a: Ragnaraku|0 fnt
|faint|p2a: Ragnaraku
|
|upkeep
|
|t:|1760818527
|switch|p2a: Raging Drunk|Kingambit, F|41/100
|-activate|p2a: Raging Drunk|ability: Supreme Overlord
|-start|p2a: Raging Drunk|fallen3|[silent]
|turn|22
|
|t:|1760818532
|move|p1a: Dragapult|Shadow Ball|p2a: Raging Drunk
|-resisted|p2a: Raging Drunk
|-damage|p2a: Raging Drunk|7/100
|move|p2a: Raging Drunk|Kowtow Cleave|p1a: Dragapult
|-supereffective|p1a: Dragapult
|-damage|p1a: Dragapult|0 fnt
|faint|p1a: Dragapult
|
|upkeep
|
|t:|1760818536
|switch|p1a: Iron Valiant|Iron Valiant|100/100
|-damage|p1a: Iron Valiant|94/100|[from] Stealth Rock
|-enditem|p1a: Iron Valiant|Booster Energy
|-activate|p1a: Iron Valiant|ability: Quark Drive|[fromitem]
|-start|p1a: Iron Valiant|quarkdrivespe
|turn|23
|
|t:|1760818543
|move|p2a: Raging Drunk|Sucker Punch|p1a: Iron Valiant
|-resisted|p1a: Iron Valiant
|-damage|p1a: Iron Valiant|75/100
|move|p1a: Iron Valiant|Knock Off|p2a: Raging Drunk
|-resisted|p2a: Raging Drunk
|-damage|p2a: Raging Drunk|0 fnt
|-enditem|p2a: Raging Drunk|Dread Plate|[from] move: Knock Off|[of] p1a: Iron Valiant
|faint|p2a: Raging Drunk
|-end|p2a: Raging Drunk|fallen3|[silent]
|
|upkeep
|
|t:|1760818545
|switch|p2a: Laughing Drunk|Hydrapple, M|100/100
|turn|24
|
|t:|1760818548
|move|p1a: Iron Valiant|Spirit Break|p2a: Laughing Drunk
|-supereffective|p2a: Laughing Drunk
|-damage|p2a: Laughing Drunk|55/100
|-unboost|p2a: Laughing Drunk|spa|1
|-damage|p1a: Iron Valiant|59/100|[from] item: Rocky Helmet|[of] p2a: Laughing Drunk
|move|p2a: Laughing Drunk|Giga Drain|p1a: Iron Valiant
|-damage|p1a: Iron Valiant|21/100
|-heal|p2a: Laughing Drunk|69/100|[from] drain|[of] p1a: Iron Valiant
|
|upkeep
|turn|25
|
|t:|1760818560
|switch|p2a: Boro Breath|Cinderace, M, tera:Fire|10/100
|move|p1a: Iron Valiant|Spirit Break|p2a: Boro Breath
|-resisted|p2a: Boro Breath
|-damage|p2a: Boro Breath|0 fnt
|faint|p2a: Boro Breath
|
|upkeep
|
|t:|1760818561
|switch|p2a: Laughing Drunk|Hydrapple, M|100/100
|turn|26
|
|t:|1760818564
|move|p1a: Iron Valiant|Spirit Break|p2a: Laughing Drunk
|-supereffective|p2a: Laughing Drunk
|-damage|p2a: Laughing Drunk|55/100
|-unboost|p2a: Laughing Drunk|spa|1
|-damage|p1a: Iron Valiant|5/100|[from] item: Rocky Helmet|[of] p2a: Laughing Drunk
|move|p2a: Laughing Drunk|Giga Drain|p1a: Iron Valiant
|-damage|p1a: Iron Valiant|0 fnt
|-heal|p2a: Laughing Drunk|57/100|[from] drain|[of] p1a: Iron Valiant
|faint|p1a: Iron Valiant
|-end|p1a: Iron Valiant|Quark Drive|[silent]
|
|upkeep
|
|t:|1760818566
|switch|p1a: Ogerpon|Ogerpon-Wellspring, F|100/100
|-damage|p1a: Ogerpon|88/100|[from] Stealth Rock
|turn|27
|
|t:|1760818568
|move|p1a: Ogerpon|Taunt|p2a: Laughing Drunk
|-start|p2a: Laughing Drunk|move: Taunt
|move|p2a: Laughing Drunk|Giga Drain|p1a: Ogerpon
|-damage|p1a: Ogerpon|63/100
|-heal|p2a: Laughing Drunk|66/100|[from] drain|[of] p1a: Ogerpon
|
|upkeep
|turn|28
|
|t:|1760818571
|move|p1a: Ogerpon|Play Rough|p2a: Laughing Drunk|[miss]
|-miss|p1a: Ogerpon|p2a: Laughing Drunk
|move|p2a: Laughing Drunk|Giga Drain|p1a: Ogerpon
|-damage|p1a: Ogerpon|40/100
|-heal|p2a: Laughing Drunk|75/100|[from] drain|[of] p1a: Ogerpon
|
|upkeep
|turn|29
|
|t:|1760818573
|move|p1a: Ogerpon|Play Rough|p2a: Laughing Drunk
|-supereffective|p2a: Laughing Drunk
|-damage|p2a: Laughing Drunk|36/100
|-damage|p1a: Ogerpon|24/100|[from] item: Rocky Helmet|[of] p2a: Laughing Drunk
|move|p2a: Laughing Drunk|Giga Drain|p1a: Ogerpon
|-damage|p1a: Ogerpon|0 fnt
|-heal|p2a: Laughing Drunk|45/100|[from] drain|[of] p1a: Ogerpon
|faint|p1a: Ogerpon
|
|-end|p2a: Laughing Drunk|move: Taunt
|upkeep
|
|t:|1760818575
|switch|p1a: Kingambit|Kingambit, F|100/100
|-damage|p1a: Kingambit|94/100|[from] Stealth Rock
|-activate|p1a: Kingambit|ability: Supreme Overlord
|-start|p1a: Kingambit|fallen5|[silent]
|turn|30
|
|t:|1760818578
|move|p1a: Kingambit|Swords Dance|p1a: Kingambit
|-boost|p1a: Kingambit|atk|2
|move|p2a: Laughing Drunk|Body Press|p1a: Kingambit
|-supereffective|p1a: Kingambit
|-damage|p1a: Kingambit|12/100
|
|-heal|p1a: Kingambit|19/100|[from] item: Leftovers
|upkeep
|turn|31
|
|t:|1760818580
|move|p1a: Kingambit|Kowtow Cleave|p2a: Laughing Drunk
|-damage|p2a: Laughing Drunk|0 fnt
|-damage|p1a: Kingambit|2/100|[from] item: Rocky Helmet|[of] p2a: Laughing Drunk
|faint|p2a: Laughing Drunk
|
|win|abravioustinkaton
|raw|abravioustinkaton's rating: 1803 &rarr; <strong>1829</strong><br />(+26 for winning)
|raw|DivJudgement's rating: 1915 &rarr; <strong>1889</strong><br />(-26 for losing)
|l|☆DivJudgement
|player|p2|
|l|☆abravioustinkaton
|player|p1|
