|j|☆HighRol
|j|☆exroen
|t:|1760877364
|gametype|singles
|player|p1|HighRol|ltsurge|1076
|player|p2|exroen|266|1105
|gen|9
|tier|[Gen 9] OU
|rated|
|rule|HP Percentage Mod: HP is shown in percentages
|rule|Endless Battle Clause: Forcing endless battles is banned
|rule|Species Clause: Limit one of each Pokémon
|rule|OHKO Clause: OHKO moves are banned
|rule|Evasion Items Clause: Evasion items are banned
|rule|Evasion Moves Clause: Evasion moves are banned
|rule|Evasion Abilities Clause: Evasion abilities are banned
|rule|Sleep Moves Clause: Sleep-inducing moves are banned
|clearpoke
|poke|p1|Zoroark-Hisui, M|
|poke|p1|Haxorus, M|
|poke|p1|Toxtricity, M|
|poke|p1|Cinderace, M|
|poke|p1|Corviknight, M|
|poke|p1|Gastrodon, M|
|poke|p2|Dragonite, F|
|poke|p2|Skarmory, F|
|poke|p2|Iron Valiant|
|poke|p2|Skeledirge, F|
|poke|p2|Gholdengo|
|poke|p2|Great Tusk|
|teampreview
|
|t:|1760877383
|teamsize|p1|6
|teamsize|p2|6
|start
|switch|p1a: Gastrodon|Gastrodon, M, shiny|100/100
|switch|p2a: Great Tusk|Great Tusk|100/100
|turn|1
|
|t:|1760877402
|move|p2a: Great Tusk|Knock Off|p1a: Gastrodon
|-crit|p1a: Gastrodon
|-damage|p1a: Gastrodon|51/100
|-enditem|p1a: Gastrodon|Leftovers|[from] move: Knock Off|[of] p2a: Great Tusk
|move|p1a: Gastrodon|Ice Beam|p2a: Great Tusk
|-supereffective|p2a: Great Tusk
|-damage|p2a: Great Tusk|79/100
|
|upkeep
|turn|2
|
|t:|1760877415
|move|p2a: Great Tusk|Knock Off|p1a: Gastrodon
|-damage|p1a: Gastrodon|31/100
|move|p1a: Gastrodon|Recover|p1a: Gastrodon
|-heal|p1a: Gastrodon|81/100
|
|upkeep
|turn|3
|
|t:|1760877429
|move|p2a: Great Tusk|Headlong Rush|p1a: Gastrodon
|-damage|p1a: Gastrodon|27/100
|-unboost|p2a: Great Tusk|def|1
|-unboost|p2a: Great Tusk|spd|1
|move|p1a: Gastrodon|Surf|p2a: Great Tusk
|-supereffective|p2a: Great Tusk
|-damage|p2a: Great Tusk|27/100
|
|upkeep
|turn|4
|
|t:|1760877441
|move|p2a: Great Tusk|Headlong Rush|p1a: Gastrodon
|-damage|p1a: Gastrodon|0 fnt
|-unboost|p2a: Great Tusk|def|1
|-unboost|p2a: Great Tusk|spd|1
|faint|p1a: Gastrodon
|
|upkeep
|
|t:|1760877451
|switch|p1a: Cinderace|Cinderace, M, shiny|100/100
|turn|5
|
|t:|1760877456
|-end|p2a: Great Tusk|Protosynthesis|[silent]
|switch|p2a: Skeledirge|Skeledirge, F|100/100
|move|p1a: Cinderace|High Jump Kick|p2a: Skeledirge
|-start|p1a: Cinderace|typechange|Fighting|[from] ability: Libero
|-immune|p2a: Skeledirge
|-damage|p1a: Cinderace|51/100|[from] highjumpkick
|
|upkeep
|turn|6
|
|t:|1760877472
|move|p1a: Cinderace|U-turn|p2a: Skeledirge
|-resisted|p2a: Skeledirge
|-damage|p2a: Skeledirge|97/100
|
|t:|1760877481
|switch|p1a: Toxtricity|Toxtricity, M, shiny|100/100|[from] U-turn
|move|p2a: Skeledirge|Torch Song|p1a: Toxtricity
|-damage|p1a: Toxtricity|36/100
|-boost|p2a: Skeledirge|spa|1
|replace|p1a: Zoroark|Zoroark-Hisui, M, shiny
|-end|p1a: Zoroark|Illusion
|
|upkeep
|turn|7
|
|t:|1760877496
|move|p1a: Zoroark|Shadow Ball|p2a: Skeledirge
|-supereffective|p2a: Skeledirge
|-damage|p2a: Skeledirge|27/100
|move|p2a: Skeledirge|Shadow Ball|p1a: Zoroark
|-immune|p1a: Zoroark
|
|upkeep
|turn|8
|
|t:|1760877514
|switch|p2a: Skarmory|Skarmory, F|100/100
|move|p1a: Zoroark|Shadow Ball|p2a: Skarmory
|-damage|p2a: Skarmory|43/100
|-unboost|p2a: Skarmory|spd|1
|
|upkeep
|turn|9
|
|t:|1760877525
|move|p1a: Zoroark|Shadow Ball|p2a: Skarmory
|-damage|p2a: Skarmory|0 fnt
|faint|p2a: Skarmory
|
|upkeep
|
|t:|1760877530
|switch|p2a: Gholdengo|Gholdengo|100/100
|turn|10
|
|t:|1760877538
|-terastallize|p2a: Gholdengo|Fairy
|move|p1a: Zoroark|Shadow Ball|p2a: Gholdengo
|-crit|p2a: Gholdengo
|-damage|p2a: Gholdengo|38/100
|move|p2a: Gholdengo|Make It Rain|p1a: Zoroark
|-damage|p1a: Zoroark|0 fnt
|-unboost|p2a: Gholdengo|spa|1
|faint|p1a: Zoroark
|
|-heal|p2a: Gholdengo|44/100|[from] item: Leftovers
|upkeep
|
|t:|1760877562
|switch|p1a: Haxorus|Haxorus, M, shiny|100/100
|-ability|p1a: Haxorus|Mold Breaker
|turn|11
|
|t:|1760877575
|switch|p2a: Great Tusk|Great Tusk|27/100
|-terastallize|p1a: Haxorus|Steel
|move|p1a: Haxorus|Iron Head|p2a: Great Tusk
|-damage|p2a: Great Tusk|0 fnt
|faint|p2a: Great Tusk
|-end|p2a: Great Tusk|Protosynthesis|[silent]
|
|upkeep
|
|t:|1760877584
|switch|p2a: Skeledirge|Skeledirge, F|27/100
|turn|12
|
|t:|1760877595
|move|p1a: Haxorus|Dragon Dance|p1a: Haxorus
|-boost|p1a: Haxorus|atk|1
|-boost|p1a: Haxorus|spe|1
|move|p2a: Skeledirge|Slack Off|p2a: Skeledirge
|-heal|p2a: Skeledirge|77/100
|
|upkeep
|turn|13
|
|t:|1760877606
|move|p1a: Haxorus|Earthquake|p2a: Skeledirge
|-supereffective|p2a: Skeledirge
|-damage|p2a: Skeledirge|0 fnt
|faint|p2a: Skeledirge
|
|upkeep
|
|t:|1760877616
|switch|p2a: Iron Valiant|Iron Valiant|100/100
|turn|14
|
|t:|1760877622
|move|p2a: Iron Valiant|Close Combat|p1a: Haxorus
|-supereffective|p1a: Haxorus
|-damage|p1a: Haxorus|0 fnt
|-unboost|p2a: Iron Valiant|def|1
|-unboost|p2a: Iron Valiant|spd|1
|faint|p1a: Haxorus
|
|upkeep
|
|t:|1760877632
|switch|p1a: Corviknight|Corviknight, M, shiny|100/100
|turn|15
|
|t:|1760877637
|-end|p2a: Iron Valiant|Quark Drive|[silent]
|switch|p2a: Gholdengo|Gholdengo, tera:Fairy|44/100
|move|p1a: Corviknight|Brave Bird|p2a: Gholdengo
|-damage|p2a: Gholdengo|11/100
|-damage|p1a: Corviknight|90/100|[from] Recoil
|
|-heal|p2a: Gholdengo|17/100|[from] item: Leftovers
|-heal|p1a: Corviknight|96/100|[from] item: Leftovers
|upkeep
|turn|16
|
|t:|1760877649
|move|p2a: Gholdengo|Recover|p2a: Gholdengo
|-heal|p2a: Gholdengo|67/100
|move|p1a: Corviknight|Brave Bird|p2a: Gholdengo
|-damage|p2a: Gholdengo|29/100
|-damage|p1a: Corviknight|84/100|[from] Recoil
|
|-heal|p2a: Gholdengo|35/100|[from] item: Leftovers
|-heal|p1a: Corviknight|91/100|[from] item: Leftovers
|upkeep
|turn|17
|
|t:|1760877658
|move|p2a: Gholdengo|Recover|p2a: Gholdengo
|-heal|p2a: Gholdengo|85/100
|move|p1a: Corviknight|Brave Bird|p2a: Gholdengo
|-damage|p2a: Gholdengo|52/100
|-damage|p1a: Corviknight|80/100|[from] Recoil
|
|-heal|p2a: Gholdengo|58/100|[from] item: Leftovers
|-heal|p1a: Corviknight|87/100|[from] item: Leftovers
|upkeep
|turn|18
|
|t:|1760877672
|move|p2a: Gholdengo|Recover|p2a: Gholdengo
|-heal|p2a: Gholdengo|100/100
|move|p1a: Corviknight|Brave Bird|p2a: Gholdengo
|-damage|p2a: Gholdengo|64/100
|-damage|p1a: Corviknight|75/100|[from] Recoil
|
|-heal|p2a: Gholdengo|70/100|[from] item: Leftovers
|-heal|p1a: Corviknight|81/100|[from] item: Leftovers
|upkeep
|turn|19
|
|t:|1760877686
|move|p2a: Gholdengo|Nasty Plot|p2a: Gholdengo
|-boost|p2a: Gholdengo|spa|2
|move|p1a: Corviknight|Brave Bird|p2a: Gholdengo
|-crit|p2a: Gholdengo
|-damage|p2a: Gholdengo|18/100
|-damage|p1a: Corviknight|65/100|[from] Recoil
|
|-heal|p2a: Gholdengo|24/100|[from] item: Leftovers
|-heal|p1a: Corviknight|71/100|[from] item: Leftovers
|upkeep
|turn|20
|
|t:|1760877706
|move|p2a: Gholdengo|Recover|p2a: Gholdengo
|-heal|p2a: Gholdengo|74/100
|move|p1a: Corviknight|Brave Bird|p2a: Gholdengo
|-damage|p2a: Gholdengo|41/100
|-damage|p1a: Corviknight|61/100|[from] Recoil
|
|-heal|p2a: Gholdengo|47/100|[from] item: Leftovers
|-heal|p1a: Corviknight|67/100|[from] item: Leftovers
|upkeep
|turn|21
|
|t:|1760877716
|move|p2a: Gholdengo|Recover|p2a: Gholdengo
|-heal|p2a: Gholdengo|97/100
|move|p1a: Corviknight|Brave Bird|p2a: Gholdengo
|-damage|p2a: Gholdengo|62/100
|-damage|p1a: Corviknight|56/100|[from] Recoil
|
|-heal|p2a: Gholdengo|68/100|[from] item: Leftovers
|-heal|p1a: Corviknight|63/100|[from] item: Leftovers
|upkeep
|turn|22
|
|t:|1760877737
|move|p2a: Gholdengo|Shadow Ball|p1a: Corviknight
|-crit|p1a: Corviknight
|-damage|p1a: Corviknight|0 fnt
|faint|p1a: Corviknight
|
|-heal|p2a: Gholdengo|74/100|[from] item: Leftovers
|upkeep
|
|t:|1760877746
|switch|p1a: Cinderace|Cinderace, M, shiny|51/100
|turn|23
|
|t:|1760877754
|switch|p2a: Dragonite|Dragonite, F|100/100
|move|p1a: Cinderace|Gunk Shot|p2a: Dragonite
|-start|p1a: Cinderace|typechange|Poison|[from] ability: Libero
|-damage|p2a: Dragonite|69/100
|
|upkeep
|turn|24
|
|t:|1760877770
|move|p1a: Cinderace|U-turn|p2a: Dragonite
|-resisted|p2a: Dragonite
|-damage|p2a: Dragonite|57/100
|
|t:|1760877774
|switch|p1a: Toxtricity|Toxtricity, M, shiny|100/100|[from] U-turn
|move|p2a: Dragonite|Dragon Dance|p2a: Dragonite
|-boost|p2a: Dragonite|atk|1
|-boost|p2a: Dragonite|spe|1
|
|upkeep
|turn|25
|
|t:|1760877785
|move|p2a: Dragonite|Earthquake|p1a: Toxtricity
|-supereffective|p1a: Toxtricity
|-damage|p1a: Toxtricity|0 fnt
|faint|p1a: Toxtricity
|
|upkeep
|
|t:|1760877791
|switch|p1a: Cinderace|Cinderace, M, shiny|51/100
|turn|26
|
|t:|1760877800
|move|p2a: Dragonite|Extreme Speed|p1a: Cinderace
|-damage|p1a: Cinderace|0 fnt
|faint|p1a: Cinderace
|
|win|exroen
|raw|HighRol's rating: 1076 &rarr; <strong>1056</strong><br />(-20 for losing)
|raw|exroen's rating: 1105 &rarr; <strong>1128</strong><br />(+23 for winning)
|l|☆exroen
|player|p2|
|l|☆HighRol
|player|p1|
