|j|☆snesness
|j|☆kills your
|t:|1760836698
|gametype|singles
|player|p1|snesness|2|1362
|player|p2|kills your|iono|1328
|gen|9
|tier|[Gen 9] OU
|rated|
|rule|HP Percentage Mod: HP is shown in percentages
|rule|Endless Battle Clause: Forcing endless battles is banned
|rule|Species Clause: Limit one of each Pokémon
|rule|OHKO Clause: OHKO moves are banned
|rule|Evasion Items Clause: Evasion items are banned
|rule|Evasion Moves Clause: Evasion moves are banned
|rule|Evasion Abilities Clause: Evasion abilities are banned
|rule|Sleep Moves Clause: Sleep-inducing moves are banned
|clearpoke
|poke|p1|Samurott-Hisui, M|
|poke|p1|Landorus-Therian, M|
|poke|p1|Pecharunt|
|poke|p1|Scizor, M|
|poke|p1|Latios, M|
|poke|p1|Zamazenta-*|
|poke|p2|Ninetales, M|
|poke|p2|Hatterene, F|
|poke|p2|Leafeon, F|
|poke|p2|Raging Bolt|
|poke|p2|Great Tusk|
|poke|p2|Walking Wake|
|teampreview
|j| venomania
|c|☆snesness|Glhf!
|
|t:|1760836723
|teamsize|p1|6
|teamsize|p2|6
|start
|switch|p1a: Samurott|Samurott-Hisui, M, shiny|100/100
|switch|p2a: Ninetales|Ninetales, M|100/100
|-weather|SunnyDay|[from] ability: Drought|[of] p2a: Ninetales
|turn|1
|inactive|Battle timer is ON: inactive players will automatically lose when time's up. (requested by snesness)
|
|t:|1760836733
|switch|p2a: Hatterene|Hatterene, F|100/100
|move|p1a: Samurott|Ceaseless Edge|p2a: Hatterene
|-damage|p2a: Hatterene|59/100
|-sidestart|p2: kills your|Spikes
|-enditem|p2a: Hatterene|Eject Button
|
|t:|1760836737
|switch|p2a: Leafeon|Leafeon, F|100/100
|-damage|p2a: Leafeon|88/100|[from] Spikes
|
|-weather|SunnyDay|[upkeep]
|upkeep
|turn|2
|
|t:|1760836757
|switch|p1a: Pecharunt|Pecharunt|100/100
|move|p2a: Leafeon|Swords Dance|p2a: Leafeon
|-boost|p2a: Leafeon|atk|2
|
|-weather|SunnyDay|[upkeep]
|upkeep
|turn|3
|
|t:|1760836766
|-terastallize|p2a: Leafeon|Fire
|move|p2a: Leafeon|Tera Blast|p1a: Pecharunt|[anim] Tera Blast Fire
|-damage|p1a: Pecharunt|11/100
|-damage|p2a: Leafeon|78/100|[from] item: Life Orb
|move|p1a: Pecharunt|Malignant Chain|p2a: Leafeon
|-damage|p2a: Leafeon|26/100
|
|-weather|SunnyDay|[upkeep]
|upkeep
|turn|4
|inactive|snesness has 120 seconds left.
|
|t:|1760836816
|switch|p1a: Zamazenta|Zamazenta|100/100
|-ability|p1a: Zamazenta|Dauntless Shield|boost
|-boost|p1a: Zamazenta|def|1
|move|p2a: Leafeon|Synthesis|p2a: Leafeon
|-heal|p2a: Leafeon|93/100
|
|-weather|SunnyDay|[upkeep]
|upkeep
|turn|5
|
|t:|1760836827
|move|p2a: Leafeon|Solar Blade||[still]
|-prepare|p2a: Leafeon|Solar Blade
|-anim|p2a: Leafeon|Solar Blade|p1a: Zamazenta
|-damage|p1a: Zamazenta|15/100
|-damage|p2a: Leafeon|83/100|[from] item: Life Orb
|move|p1a: Zamazenta|Iron Defense|p1a: Zamazenta
|-boost|p1a: Zamazenta|def|2
|
|-weather|SunnyDay|[upkeep]
|-heal|p1a: Zamazenta|21/100|[from] item: Leftovers
|upkeep
|turn|6
|inactive|snesness has 90 seconds left.
|
|t:|1760836873
|switch|p1a: Pecharunt|Pecharunt|11/100
|move|p2a: Leafeon|Solar Blade||[still]
|-prepare|p2a: Leafeon|Solar Blade
|-anim|p2a: Leafeon|Solar Blade|p1a: Pecharunt
|-resisted|p1a: Pecharunt
|-damage|p1a: Pecharunt|0 fnt
|faint|p1a: Pecharunt
|-damage|p2a: Leafeon|73/100|[from] item: Life Orb
|
|-weather|SunnyDay|[upkeep]
|upkeep
|inactive|snesness has 60 seconds left.
|
|t:|1760836891
|switch|p1a: Latios|Latios, M|100/100
|turn|7
|
|t:|1760836898
|move|p2a: Leafeon|Solar Blade||[still]
|-prepare|p2a: Leafeon|Solar Blade
|-anim|p2a: Leafeon|Solar Blade|p1a: Latios
|-resisted|p1a: Latios
|-damage|p1a: Latios|0 fnt
|faint|p1a: Latios
|-damage|p2a: Leafeon|63/100|[from] item: Life Orb
|
|-weather|SunnyDay|[upkeep]
|upkeep
|
|t:|1760836907
|switch|p1a: Landorus|Landorus-Therian, M|100/100
|-ability|p1a: Landorus|Intimidate|boost
|-unboost|p2a: Leafeon|atk|1
|turn|8
|
|t:|1760836916
|move|p2a: Leafeon|Solar Blade||[still]
|-prepare|p2a: Leafeon|Solar Blade
|-anim|p2a: Leafeon|Solar Blade|p1a: Landorus
|-damage|p1a: Landorus|0 fnt
|-damage|p2a: Leafeon|46/100|[from] item: Rocky Helmet|[of] p1a: Landorus
|faint|p1a: Landorus
|-damage|p2a: Leafeon|36/100|[from] item: Life Orb
|
|-weather|none
|upkeep
|inactive|snesness has 60 seconds left.
|-message|snesness forfeited.
|
|win|kills your
|raw|snesness's rating: 1362 &rarr; <strong>1340</strong><br />(-22 for losing)
|raw|kills your's rating: 1328 &rarr; <strong>1350</strong><br />(+22 for winning)
|l|☆snesness
|player|p1|
