|j|☆dleeppo
|j|☆yobluntsoskimpy
|t:|1760875995
|gametype|singles
|player|p1|dleeppo|102|1233
|player|p2|yobluntsoskimpy|rancher|1233
|gen|9
|tier|[Gen 9] OU
|rated|
|rule|HP Percentage Mod: HP is shown in percentages
|rule|Endless Battle Clause: Forcing endless battles is banned
|rule|Species Clause: Limit one of each Pokémon
|rule|OHKO Clause: OHKO moves are banned
|rule|Evasion Items Clause: Evasion items are banned
|rule|Evasion Moves Clause: Evasion moves are banned
|rule|Evasion Abilities Clause: Evasion abilities are banned
|rule|Sleep Moves Clause: Sleep-inducing moves are banned
|clearpoke
|poke|p1|Diancie|
|poke|p1|Hatterene, F|
|poke|p1|Ursaluna, F|
|poke|p1|Porygon2|
|poke|p1|Medicham, F|
|poke|p1|Sinistcha|
|poke|p2|Empoleon, F|
|poke|p2|Cinderace, M|
|poke|p2|Vikavolt, M|
|poke|p2|Hatterene, F|
|poke|p2|Sinistcha|
|poke|p2|Hoopa-Unbound|
|teampreview
|inactive|Battle timer is ON: inactive players will automatically lose when time's up. (requested by yobluntsoskimpy)
|
|t:|1760876009
|teamsize|p1|6
|teamsize|p2|6
|start
|switch|p1a: Medicham|Medicham, F|100/100
|switch|p2a: Vikavolt|Vikavolt, M|100/100
|turn|1
|
|t:|1760876021
|move|p1a: Medicham|Close Combat|p2a: Vikavolt
|-resisted|p2a: Vikavolt
|-damage|p2a: Vikavolt|54/100
|-unboost|p1a: Medicham|def|1
|-unboost|p1a: Medicham|spd|1
|-damage|p1a: Medicham|91/100|[from] item: Life Orb
|move|p2a: Vikavolt|Sticky Web|p1a: Medicham
|-sidestart|p1: dleeppo|move: Sticky Web
|
|-heal|p2a: Vikavolt|60/100|[from] item: Leftovers
|upkeep
|turn|2
|
|t:|1760876045
|switch|p1a: Porygon2|Porygon2|100/100
|-activate|p1a: Porygon2|move: Sticky Web
|-unboost|p1a: Porygon2|spe|1
|-ability|p1a: Porygon2|Download|boost
|-boost|p1a: Porygon2|spa|1
|move|p2a: Vikavolt|Energy Ball|p1a: Porygon2
|-damage|p1a: Porygon2|79/100
|
|-heal|p2a: Vikavolt|66/100|[from] item: Leftovers
|upkeep
|turn|3
|inactive|yobluntsoskimpy has 120 seconds left.
|
|t:|1760876087
|switch|p2a: Sinistcha|Sinistcha|100/100
|move|p1a: Porygon2|Trick Room|p1a: Porygon2
|-fieldstart|move: Trick Room|[of] p1a: Porygon2
|
|upkeep
|turn|4
|
|t:|1760876096
|switch|p2a: Vikavolt|Vikavolt, M|66/100
|move|p1a: Porygon2|Ice Beam|p2a: Vikavolt
|-damage|p2a: Vikavolt|15/100
|
|-heal|p2a: Vikavolt|21/100|[from] item: Leftovers
|upkeep
|turn|5
|inactive|yobluntsoskimpy has 120 seconds left.
|
|t:|1760876106
|move|p1a: Porygon2|Thunderbolt|p2a: Vikavolt
|-resisted|p2a: Vikavolt
|-damage|p2a: Vikavolt|0 fnt
|faint|p2a: Vikavolt
|
|upkeep
|
|t:|1760876123
|switch|p2a: Hoopa|Hoopa-Unbound|100/100
|turn|6
|
|t:|1760876132
|switch|p1a: Diancie|Diancie|100/100
|-activate|p1a: Diancie|move: Sticky Web
|-fail|p1a: Diancie|unboost|[from] ability: Clear Body|[of] p1a: Diancie
|move|p2a: Hoopa|Drain Punch|p1a: Diancie
|-damage|p1a: Diancie|74/100
|
|upkeep
|turn|7
|inactive|yobluntsoskimpy has 120 seconds left.
|
|t:|1760876142
|switch|p2a: Cinderace|Cinderace, M|100/100
|move|p1a: Diancie|Diamond Storm|p2a: Cinderace
|-supereffective|p2a: Cinderace
|-damage|p2a: Cinderace|0 fnt
|-boost|p1a: Diancie|def|2
|faint|p2a: Cinderace
|-damage|p1a: Diancie|64/100|[from] item: Life Orb
|
|-fieldend|move: Trick Room
|upkeep
|inactive|yobluntsoskimpy has 120 seconds left.
|-message|yobluntsoskimpy forfeited.
|
|win|dleeppo
|raw|dleeppo's rating: 1233 &rarr; <strong>1258</strong><br />(+25 for winning)
|raw|yobluntsoskimpy's rating: 1233 &rarr; <strong>1208</strong><br />(-25 for losing)
|l|☆yobluntsoskimpy
|player|p2|
|l|☆dleeppo
|player|p1|
