|j|☆Ostenberg
|j|☆Kretensky
|t:|1760763987
|gametype|singles
|player|p1|Ostenberg|dawn|1320
|player|p2|Kretensky|schoolkidf|1313
|gen|9
|tier|[Gen 9] OU
|rated|
|rule|HP Percentage Mod: HP is shown in percentages
|rule|Endless Battle Clause: Forcing endless battles is banned
|rule|Species Clause: Limit one of each Pokémon
|rule|OHKO Clause: OHKO moves are banned
|rule|Evasion Items Clause: Evasion items are banned
|rule|Evasion Moves Clause: Evasion moves are banned
|rule|Evasion Abilities Clause: Evasion abilities are banned
|rule|Sleep Moves Clause: Sleep-inducing moves are banned
|clearpoke
|poke|p1|Ribombee, F|
|poke|p1|Cinderace, F|
|poke|p1|Kingambit, F|
|poke|p1|Lokix, F|
|poke|p1|Serperior, F|
|poke|p1|Dragonite, M|
|poke|p2|Dragonite, F|
|poke|p2|Kyurem|
|poke|p2|Landorus-Therian, M|
|poke|p2|Samurott-Hisui, F|
|poke|p2|Iron Crown|
|poke|p2|Rillaboom, M|
|teampreview
|
|t:|1760764002
|teamsize|p1|6
|teamsize|p2|6
|start
|switch|p1a: Ribombee|Ribombee, F|100/100
|switch|p2a: Iron Crown|Iron Crown|100/100
|turn|1
|inactive|Battle timer is ON: inactive players will automatically lose when time's up. (requested by Kretensky)
|c|☆Kretensky|boots spam....
|
|t:|1760764025
|move|p1a: Ribombee|Sticky Web|p2a: Iron Crown
|-sidestart|p2: Kretensky|move: Sticky Web
|move|p2a: Iron Crown|Tachyon Cutter|p1a: Ribombee
|-supereffective|p1a: Ribombee
|-damage|p1a: Ribombee|8/100
|-supereffective|p1a: Ribombee
|-damage|p1a: Ribombee|0 fnt
|faint|p1a: Ribombee
|-hitcount|p1: Ribombee|2
|
|upkeep
|
|t:|1760764041
|switch|p1a: Cinderace|Cinderace, F|100/100
|turn|2
|
|t:|1760764051
|move|p1a: Cinderace|Pyro Ball|p2a: Iron Crown
|-supereffective|p2a: Iron Crown
|-damage|p2a: Iron Crown|0 fnt
|faint|p2a: Iron Crown
|-end|p2a: Iron Crown|Quark Drive|[silent]
|
|upkeep
|
|t:|1760764053
|switch|p2a: Landorus|Landorus-Therian, M|100/100
|-ability|p2a: Landorus|Intimidate|boost
|-unboost|p1a: Cinderace|atk|1
|turn|3
|
|t:|1760764060
|move|p1a: Cinderace|Court Change|p1a: Cinderace
|-start|p1a: Cinderace|typechange|Normal|[from] ability: Libero
|-swapsideconditions
|-activate|p1a: Cinderace|move: Court Change
|move|p2a: Landorus|Stealth Rock|p1a: Cinderace
|-sidestart|p1: Ostenberg|move: Stealth Rock
|
|upkeep
|turn|4
|
|t:|1760764077
|move|p1a: Cinderace|Pyro Ball|p2a: Landorus
|-damage|p2a: Landorus|69/100
|move|p2a: Landorus|U-turn|p1a: Cinderace
|-damage|p1a: Cinderace|65/100
|
|t:|1760764083
|switch|p2a: Samurott|Samurott-Hisui, F|100/100|[from] U-turn
|
|upkeep
|turn|5
|
|t:|1760764091
|move|p1a: Cinderace|Court Change|p1a: Cinderace
|-swapsideconditions
|-activate|p1a: Cinderace|move: Court Change
|move|p2a: Samurott|Ceaseless Edge|p1a: Cinderace
|-damage|p1a: Cinderace|2/100
|-sidestart|p1: Ostenberg|Spikes
|
|upkeep
|turn|6
|
|t:|1760764103
|move|p2a: Samurott|Aqua Jet|p1a: Cinderace
|-damage|p1a: Cinderace|0 fnt
|faint|p1a: Cinderace
|
|upkeep
|inactive|Ostenberg has 120 seconds left.
|
|t:|1760764135
|switch|p1a: Lokix|Lokix, F|100/100
|turn|7
|
|t:|1760764142
|switch|p2a: Landorus|Landorus-Therian, M|69/100
|-damage|p2a: Landorus|57/100|[from] Stealth Rock
|-ability|p2a: Landorus|Intimidate|boost
|-unboost|p1a: Lokix|atk|1
|move|p1a: Lokix|First Impression|p2a: Landorus
|-resisted|p2a: Landorus
|-damage|p2a: Landorus|20/100
|-damage|p1a: Lokix|84/100|[from] item: Rocky Helmet|[of] p2a: Landorus
|
|upkeep
|turn|8
|
|t:|1760764155
|move|p2a: Landorus|Stealth Rock|p1a: Lokix
|-sidestart|p1: Ostenberg|move: Stealth Rock
|move|p1a: Lokix|U-turn|p2a: Landorus
|-resisted|p2a: Landorus
|-damage|p2a: Landorus|0 fnt
|-damage|p1a: Lokix|67/100|[from] item: Rocky Helmet|[of] p2a: Landorus
|faint|p2a: Landorus
|inactive|Ostenberg has 120 seconds left.
|
|t:|1760764168
|switch|p1a: Serperior|Serperior, F|100/100|[from] U-turn
|-damage|p1a: Serperior|88/100|[from] Spikes
|-damage|p1a: Serperior|76/100|[from] Stealth Rock
|
|upkeep
|
|t:|1760764181
|switch|p2a: The Janitor|Dragonite, F, shiny|100/100
|turn|9
|
|t:|1760764189
|move|p1a: Serperior|Glare|p2a: The Janitor
|-status|p2a: The Janitor|par
|move|p2a: The Janitor|Encore|p1a: Serperior
|-start|p1a: Serperior|Encore
|
|upkeep
|turn|10
|
|t:|1760764203
|switch|p1a: Dragonite|Dragonite, M|100/100
|-damage|p1a: Dragonite|75/100|[from] Stealth Rock
|move|p2a: The Janitor|Dragon Dance|p2a: The Janitor
|-boost|p2a: The Janitor|atk|1
|-boost|p2a: The Janitor|spe|1
|
|upkeep
|turn|11
|
|t:|1760764211
|move|p1a: Dragonite|Dragon Dance|p1a: Dragonite
|-boost|p1a: Dragonite|atk|1
|-boost|p1a: Dragonite|spe|1
|move|p2a: The Janitor|Dragon Dance|p2a: The Janitor
|-boost|p2a: The Janitor|atk|1
|-boost|p2a: The Janitor|spe|1
|
|upkeep
|turn|12
|
|t:|1760764220
|-terastallize|p2a: The Janitor|Flying
|move|p1a: Dragonite|Dragon Dance|p1a: Dragonite
|-boost|p1a: Dragonite|atk|1
|-boost|p1a: Dragonite|spe|1
|move|p2a: The Janitor|Tera Blast|p1a: Dragonite|[anim] Tera Blast Flying
|-crit|p1a: Dragonite
|-damage|p1a: Dragonite|0 fnt
|faint|p1a: Dragonite
|
|upkeep
|
|t:|1760764232
|switch|p1a: Lokix|Lokix, F|67/100
|turn|13
|
|t:|1760764239
|move|p1a: Lokix|First Impression|p2a: The Janitor
|-resisted|p2a: The Janitor
|-damage|p2a: The Janitor|76/100 par
|move|p2a: The Janitor|Tera Blast|p1a: Lokix|[anim] Tera Blast Flying
|-supereffective|p1a: Lokix
|-damage|p1a: Lokix|0 fnt
|faint|p1a: Lokix
|
|upkeep
|-message|Ostenberg forfeited.
|
|win|Kretensky
|raw|Ostenberg's rating: 1320 &rarr; <strong>1300</strong><br />(-20 for losing)
|raw|Kretensky's rating: 1313 &rarr; <strong>1333</strong><br />(+20 for winning)
|l|☆Ostenberg
|player|p1|
