|j|☆veer raizada
|j|☆Mondeydoo
|t:|1760849859
|gametype|singles
|player|p1|veer raizada|policeman-gen4|1149
|player|p2|Mondeydoo|hoopster|1098
|gen|9
|tier|[Gen 9] OU
|rated|
|rule|HP Percentage Mod: HP is shown in percentages
|rule|Endless Battle Clause: Forcing endless battles is banned
|rule|Species Clause: Limit one of each Pokémon
|rule|OHKO Clause: OHKO moves are banned
|rule|Evasion Items Clause: Evasion items are banned
|rule|Evasion Moves Clause: Evasion moves are banned
|rule|Evasion Abilities Clause: Evasion abilities are banned
|rule|Sleep Moves Clause: Sleep-inducing moves are banned
|clearpoke
|poke|p1|Venusaur, F|
|poke|p1|Garganacl, F|
|poke|p1|Gholdengo|
|poke|p1|Gliscor, F|
|poke|p1|Heatran, F|
|poke|p1|Primarina, F|
|poke|p2|Dragonite, F|
|poke|p2|Deoxys-Speed|
|poke|p2|Rhydon, M|
|poke|p2|Tornadus-Therian, M|
|poke|p2|Muk, M|
|poke|p2|Heatran, M|
|teampreview
|
|t:|1760849865
|teamsize|p1|6
|teamsize|p2|6
|start
|switch|p1a: Venusaur|Venusaur, F|100/100
|switch|p2a: Heatran|Heatran, M, shiny|100/100
|turn|1
|
|t:|1760849890
|switch|p1a: Primarina|Primarina, F, shiny|100/100
|move|p2a: Heatran|Magma Storm|p1a: Primarina
|-resisted|p1a: Primarina
|-damage|p1a: Primarina|90/100
|-activate|p1a: Primarina|move: Magma Storm|[of] p2a: Heatran
|
|-damage|p1a: Primarina|77/100|[from] move: Magma Storm|[partiallytrapped]
|upkeep
|turn|2
|
|t:|1760849904
|move|p2a: Heatran|Will-O-Wisp|p1a: Primarina
|-status|p1a: Primarina|brn
|move|p1a: Primarina|Surf|p2a: Heatran
|-supereffective|p2a: Heatran
|-damage|p2a: Heatran|37/100
|
|-heal|p2a: Heatran|43/100|[from] item: Leftovers
|-damage|p1a: Primarina|71/100 brn|[from] brn
|-damage|p1a: Primarina|59/100 brn|[from] move: Magma Storm|[partiallytrapped]
|upkeep
|turn|3
|
|t:|1760849919
|move|p2a: Heatran|Protect|p2a: Heatran
|-singleturn|p2a: Heatran|Protect
|move|p1a: Primarina|Surf|p2a: Heatran
|-activate|p2a: Heatran|move: Protect
|
|-heal|p2a: Heatran|49/100|[from] item: Leftovers
|-damage|p1a: Primarina|53/100 brn|[from] brn
|-damage|p1a: Primarina|40/100 brn|[from] move: Magma Storm|[partiallytrapped]
|upkeep
|turn|4
|
|t:|1760849930
|move|p2a: Heatran|Dig||[still]
|-prepare|p2a: Heatran|Dig
|move|p1a: Primarina|Surf|p2a: Heatran|[miss]
|-miss|p1a: Primarina|p2a: Heatran
|
|-heal|p2a: Heatran|55/100|[from] item: Leftovers
|-damage|p1a: Primarina|34/100 brn|[from] brn
|-damage|p1a: Primarina|22/100 brn|[from] move: Magma Storm|[partiallytrapped]
|upkeep
|turn|5
|
|t:|1760849943
|move|p2a: Heatran|Dig|p1a: Primarina|[from] lockedmove
|-damage|p1a: Primarina|4/100 brn
|move|p1a: Primarina|Flip Turn|p2a: Heatran
|-supereffective|p2a: Heatran
|-damage|p2a: Heatran|36/100
|
|t:|1760849951
|switch|p1a: Gliscor|Gliscor, F|100/100|[from] Flip Turn
|
|-heal|p2a: Heatran|42/100|[from] item: Leftovers
|-status|p1a: Gliscor|tox|[from] item: Toxic Orb
|upkeep
|turn|6
|
|t:|1760849960
|move|p1a: Gliscor|Earthquake|p2a: Heatran
|-supereffective|p2a: Heatran
|-damage|p2a: Heatran|0 fnt
|faint|p2a: Heatran
|
|upkeep
|
|t:|1760849970
|switch|p2a: Deoxys|Deoxys-Speed, shiny|100/100
|-ability|p2a: Deoxys|Pressure
|turn|7
|
|t:|1760849975
|move|p2a: Deoxys|Nasty Plot|p2a: Deoxys
|-boost|p2a: Deoxys|spa|2
|move|p1a: Gliscor|Knock Off|p2a: Deoxys
|-supereffective|p2a: Deoxys
|-damage|p2a: Deoxys|22/100
|-enditem|p2a: Deoxys|Focus Sash|[from] move: Knock Off|[of] p1a: Gliscor
|
|upkeep
|turn|8
|
|t:|1760849984
|move|p2a: Deoxys|Icy Wind|p1a: Gliscor
|-supereffective|p1a: Gliscor
|-damage|p1a: Gliscor|0 fnt
|faint|p1a: Gliscor
|
|upkeep
|
|t:|1760849999
|switch|p1a: Primarina|Primarina, F, shiny|4/100 brn
|turn|9
|
|t:|1760850004
|move|p2a: Deoxys|Psybeam|p1a: Primarina
|-damage|p1a: Primarina|0 fnt
|faint|p1a: Primarina
|
|upkeep
|
|t:|1760850013
|switch|p1a: Garganacl|Garganacl, F|100/100
|turn|10
|
|t:|1760850022
|move|p2a: Deoxys|Zap Cannon|p1a: Garganacl
|-damage|p1a: Garganacl|52/100
|move|p1a: Garganacl|Earthquake|p2a: Deoxys
|-damage|p2a: Deoxys|0 fnt
|faint|p2a: Deoxys
|
|-heal|p1a: Garganacl|58/100|[from] item: Leftovers
|upkeep
|
|t:|1760850034
|switch|p2a: Tornadus|Tornadus-Therian, M, shiny|100/100
|turn|11
|
|t:|1760850039
|move|p2a: Tornadus|Focus Blast|p1a: Garganacl
|-supereffective|p1a: Garganacl
|-damage|p1a: Garganacl|0 fnt
|faint|p1a: Garganacl
|
|upkeep
|
|t:|1760850045
|switch|p1a: Venusaur|Venusaur, F|100/100
|turn|12
|
|t:|1760850051
|switch|p2a: Dragonite|Dragonite, F, shiny|100/100
|-terastallize|p1a: Venusaur|Fire
|move|p1a: Venusaur|Sunny Day|p1a: Venusaur
|-weather|SunnyDay
|
|-weather|SunnyDay|[upkeep]
|upkeep
|turn|13
|
|t:|1760850063
|move|p1a: Venusaur|Growth|p1a: Venusaur
|-boost|p1a: Venusaur|atk|2
|-boost|p1a: Venusaur|spa|2
|move|p2a: Dragonite|Dragon Dance|p2a: Dragonite
|-boost|p2a: Dragonite|atk|1
|-boost|p2a: Dragonite|spe|1
|
|-weather|SunnyDay|[upkeep]
|upkeep
|turn|14
|
|t:|1760850072
|move|p1a: Venusaur|Weather Ball|p2a: Dragonite
|-resisted|p2a: Dragonite
|-damage|p2a: Dragonite|63/100
|move|p2a: Dragonite|Dragon Dance|p2a: Dragonite
|-boost|p2a: Dragonite|atk|1
|-boost|p2a: Dragonite|spe|1
|
|-weather|SunnyDay|[upkeep]
|upkeep
|turn|15
|
|t:|1760850086
|move|p1a: Venusaur|Weather Ball|p2a: Dragonite
|-resisted|p2a: Dragonite
|-damage|p2a: Dragonite|0 fnt
|faint|p2a: Dragonite
|
|-weather|SunnyDay|[upkeep]
|upkeep
|
|t:|1760850097
|switch|p2a: Muk|Muk, M, shiny|100/100
|turn|16
|
|t:|1760850101
|move|p1a: Venusaur|Weather Ball|p2a: Muk
|-damage|p2a: Muk|5/100
|move|p2a: Muk|Toxic|p1a: Venusaur
|-status|p1a: Venusaur|tox
|
|-weather|none
|-heal|p2a: Muk|11/100|[from] item: Black Sludge
|-damage|p1a: Venusaur|95/100 tox|[from] psn
|upkeep
|turn|17
|
|t:|1760850114
|move|p1a: Venusaur|Sunny Day|p1a: Venusaur
|-weather|SunnyDay
|move|p2a: Muk|Pain Split|p1a: Venusaur
|-sethp|p1a: Venusaur|54/100 tox|[from] move: Pain Split|[silent]
|-sethp|p2a: Muk|40/100|[from] move: Pain Split
|
|-weather|SunnyDay|[upkeep]
|-heal|p2a: Muk|46/100|[from] item: Black Sludge
|-damage|p1a: Venusaur|42/100 tox|[from] psn
|upkeep
|turn|18
|
|t:|1760850125
|move|p2a: Muk|Protect|p2a: Muk
|-singleturn|p2a: Muk|Protect
|move|p1a: Venusaur|Weather Ball|p2a: Muk
|-activate|p2a: Muk|move: Protect
|
|-weather|SunnyDay|[upkeep]
|-heal|p2a: Muk|52/100|[from] item: Black Sludge
|-damage|p1a: Venusaur|24/100 tox|[from] psn
|upkeep
|turn|19
|
|t:|1760850135
|move|p2a: Muk|Protect|p2a: Muk
|-singleturn|p2a: Muk|Protect
|move|p1a: Venusaur|Weather Ball|p2a: Muk
|-activate|p2a: Muk|move: Protect
|
|-weather|SunnyDay|[upkeep]
|-heal|p2a: Muk|58/100|[from] item: Black Sludge
|-damage|p1a: Venusaur|0 fnt|[from] psn
|faint|p1a: Venusaur
|upkeep
|
|t:|1760850148
|switch|p1a: Heatran|Heatran, F, shiny|100/100
|-item|p1a: Heatran|Air Balloon
|turn|20
|
|t:|1760850155
|move|p1a: Heatran|Will-O-Wisp|p2a: Muk
|-status|p2a: Muk|brn
|move|p2a: Muk|Knock Off|p1a: Heatran
|-damage|p1a: Heatran|90/100
|-enditem|p1a: Heatran|Air Balloon
|
|-weather|SunnyDay|[upkeep]
|-heal|p2a: Muk|64/100 brn|[from] item: Black Sludge
|-damage|p2a: Muk|58/100 brn|[from] brn
|upkeep
|turn|21
|
|t:|1760850168
|move|p1a: Heatran|Magma Storm|p2a: Muk|[miss]
|-miss|p1a: Heatran|p2a: Muk
|move|p2a: Muk|Pain Split|p1a: Heatran
|-sethp|p1a: Heatran|76/100|[from] move: Pain Split|[silent]
|-sethp|p2a: Muk|71/100 brn|[from] move: Pain Split
|
|-weather|none
|-heal|p2a: Muk|77/100 brn|[from] item: Black Sludge
|-damage|p2a: Muk|71/100 brn|[from] brn
|upkeep
|turn|22
|
|t:|1760850179
|move|p1a: Heatran|Magma Storm|p2a: Muk
|-damage|p2a: Muk|40/100 brn
|-activate|p2a: Muk|move: Magma Storm|[of] p1a: Heatran
|move|p2a: Muk|Knock Off|p1a: Heatran
|-damage|p1a: Heatran|69/100
|
|-heal|p2a: Muk|46/100 brn|[from] item: Black Sludge
|-damage|p2a: Muk|40/100 brn|[from] brn
|-damage|p2a: Muk|28/100 brn|[from] move: Magma Storm|[partiallytrapped]
|upkeep
|turn|23
|
|t:|1760850190
|move|p1a: Heatran|Earth Power|p2a: Muk
|-supereffective|p2a: Muk
|-damage|p2a: Muk|0 fnt
|faint|p2a: Muk
|
|upkeep
|
|t:|1760850197
|switch|p2a: Rhydon|Rhydon, M, shiny|100/100
|turn|24
|
|t:|1760850204
|-terastallize|p2a: Rhydon|Flying
|move|p1a: Heatran|Will-O-Wisp|p2a: Rhydon
|-status|p2a: Rhydon|brn
|move|p2a: Rhydon|Curse|p2a: Rhydon
|-unboost|p2a: Rhydon|spe|1
|-boost|p2a: Rhydon|atk|1
|-boost|p2a: Rhydon|def|1
|
|-damage|p2a: Rhydon|94/100 brn|[from] brn
|upkeep
|turn|25
|
|t:|1760850216
|move|p1a: Heatran|Magma Storm|p2a: Rhydon
|-damage|p2a: Rhydon|68/100 brn
|-activate|p2a: Rhydon|move: Magma Storm|[of] p1a: Heatran
|move|p2a: Rhydon|Curse|p2a: Rhydon
|-unboost|p2a: Rhydon|spe|1
|-boost|p2a: Rhydon|atk|1
|-boost|p2a: Rhydon|def|1
|
|-damage|p2a: Rhydon|62/100 brn|[from] brn
|-damage|p2a: Rhydon|50/100 brn|[from] move: Magma Storm|[partiallytrapped]
|upkeep
|turn|26
|
|t:|1760850228
|move|p1a: Heatran|Taunt|p2a: Rhydon
|-start|p2a: Rhydon|move: Taunt
|cant|p2a: Rhydon|move: Taunt|Rest
|
|-damage|p2a: Rhydon|44/100 brn|[from] brn
|-damage|p2a: Rhydon|32/100 brn|[from] move: Magma Storm|[partiallytrapped]
|upkeep
|turn|27
|
|t:|1760850237
|move|p1a: Heatran|Magma Storm|p2a: Rhydon|[miss]
|-miss|p1a: Heatran|p2a: Rhydon
|move|p2a: Rhydon|Stone Edge|p1a: Heatran
|-damage|p1a: Heatran|30/100
|
|-damage|p2a: Rhydon|26/100 brn|[from] brn
|-damage|p2a: Rhydon|13/100 brn|[from] move: Magma Storm|[partiallytrapped]
|upkeep
|turn|28
|
|t:|1760850247
|move|p1a: Heatran|Magma Storm|p2a: Rhydon|[miss]
|-miss|p1a: Heatran|p2a: Rhydon
|move|p2a: Rhydon|Stone Edge|p1a: Heatran
|-damage|p1a: Heatran|0 fnt
|faint|p1a: Heatran
|
|-damage|p2a: Rhydon|7/100 brn|[from] brn
|-end|p2a: Rhydon|Magma Storm|[partiallytrapped]|[silent]
|-end|p2a: Rhydon|move: Taunt
|upkeep
|
|t:|1760850259
|switch|p1a: Gholdengo|Gholdengo|100/100
|turn|29
|
|t:|1760850266
|move|p1a: Gholdengo|Psyshock|p2a: Rhydon
|-damage|p2a: Rhydon|0 fnt
|faint|p2a: Rhydon
|
|upkeep
|
|t:|1760850271
|switch|p2a: Tornadus|Tornadus-Therian, M, shiny|100/100
|turn|30
|
|t:|1760850277
|move|p2a: Tornadus|Heat Wave|p1a: Gholdengo
|-supereffective|p1a: Gholdengo
|-damage|p1a: Gholdengo|0 fnt
|faint|p1a: Gholdengo
|
|win|Mondeydoo
|raw|veer raizada's rating: 1149 &rarr; <strong>1120</strong><br />(-29 for losing)
|raw|Mondeydoo's rating: 1098 &rarr; <strong>1127</strong><br />(+29 for winning)
|c|☆veer raizada|gg
|l|☆veer raizada
|player|p1|
|l|☆Mondeydoo
|player|p2|
