|j|☆blackgokuking
|j|☆Mreda
|t:|1760738823
|gametype|singles
|player|p1|blackgokuking|depotagent|1493
|player|p2|Mreda|265|1469
|gen|9
|tier|[Gen 9] OU
|rated|
|rule|HP Percentage Mod: HP is shown in percentages
|rule|Endless Battle Clause: Forcing endless battles is banned
|rule|Species Clause: Limit one of each Pokémon
|rule|OHKO Clause: OHKO moves are banned
|rule|Evasion Items Clause: Evasion items are banned
|rule|Evasion Moves Clause: Evasion moves are banned
|rule|Evasion Abilities Clause: Evasion abilities are banned
|rule|Sleep Moves Clause: Sleep-inducing moves are banned
|clearpoke
|poke|p1|Rillaboom, F|
|poke|p1|Magnezone|
|poke|p1|Great Tusk|
|poke|p1|Dragapult, F|
|poke|p1|Kingambit, F|
|poke|p1|Tornadus-Therian, M|
|poke|p2|Moltres|
|poke|p2|Zamazenta-*|
|poke|p2|Corviknight, M|
|poke|p2|Garchomp, M|
|poke|p2|Clodsire, M|
|poke|p2|Kingambit, F|
|teampreview
|
|t:|1760738832
|teamsize|p1|6
|teamsize|p2|6
|start
|switch|p1a: Great Tusk|Great Tusk|100/100
|switch|p2a: Megalodon|Garchomp, M|100/100
|turn|1
|
|t:|1760738840
|switch|p2a: Marco|Moltres|100/100
|move|p1a: Great Tusk|Stealth Rock|p2a: Marco
|-sidestart|p2: Mreda|move: Stealth Rock
|
|upkeep
|turn|2
|
|t:|1760738846
|-end|p1a: Great Tusk|Protosynthesis|[silent]
|switch|p1a: Tornadus|Tornadus-Therian, M|100/100
|move|p2a: Marco|Flamethrower|p1a: Tornadus
|-damage|p1a: Tornadus|76/100
|-status|p1a: Tornadus|brn
|
|-damage|p1a: Tornadus|70/100 brn|[from] brn
|upkeep
|turn|3
|
|t:|1760738856
|switch|p2a: Jogäider|Clodsire, M|100/100
|-damage|p2a: Jogäider|94/100|[from] Stealth Rock
|move|p1a: Tornadus|Knock Off|p2a: Jogäider
|-damage|p2a: Jogäider|82/100
|-enditem|p2a: Jogäider|Leftovers|[from] move: Knock Off|[of] p1a: Tornadus
|
|-damage|p1a: Tornadus|64/100 brn|[from] brn
|upkeep
|turn|4
|
|t:|1760738869
|switch|p2a: Igriş|Corviknight, M|100/100
|-damage|p2a: Igriş|88/100|[from] Stealth Rock
|-ability|p2a: Igriş|Pressure
|move|p1a: Tornadus|U-turn|p2a: Igriş
|-resisted|p2a: Igriş
|-crit|p2a: Igriş
|-damage|p2a: Igriş|87/100
|-damage|p1a: Tornadus|47/100 brn|[from] item: Rocky Helmet|[of] p2a: Igriş
|
|t:|1760738871
|switch|p1a: Magnezone|Magnezone|100/100|[from] U-turn
|
|upkeep
|turn|5
|
|t:|1760738897
|-terastallize|p2a: Igriş|Dragon
|move|p1a: Magnezone|Thunderbolt|p2a: Igriş
|-resisted|p2a: Igriş
|-damage|p2a: Igriş|50/100
|move|p2a: Igriş|Defog|p1a: Magnezone
|-unboost|p1a: Magnezone|evasion|1
|-sideend|p2: Mreda|Stealth Rock|[from] move: Defog|[of] p2a: Igriş
|
|upkeep
|turn|6
|
|t:|1760738907
|switch|p1a: Great Tusk|Great Tusk|100/100
|move|p2a: Igriş|Roost|p2a: Igriş
|-heal|p2a: Igriş|99/100
|
|upkeep
|turn|7
|
|t:|1760738914
|move|p1a: Great Tusk|Stealth Rock|p2a: Igriş
|-sidestart|p2: Mreda|move: Stealth Rock
|move|p2a: Igriş|Brave Bird|p1a: Great Tusk
|-supereffective|p1a: Great Tusk
|-damage|p1a: Great Tusk|66/100
|-damage|p2a: Igriş|84/100|[from] item: Rocky Helmet|[of] p1a: Great Tusk
|-damage|p2a: Igriş|71/100|[from] Recoil
|
|upkeep
|turn|8
|
|t:|1760738925
|-end|p1a: Great Tusk|Protosynthesis|[silent]
|switch|p1a: Magnezone|Magnezone|100/100
|move|p2a: Igriş|Defog|p1a: Magnezone
|-unboost|p1a: Magnezone|evasion|1
|-sideend|p2: Mreda|Stealth Rock|[from] move: Defog|[of] p2a: Igriş
|
|upkeep
|turn|9
|
|t:|1760738933
|switch|p2a: Jogäider|Clodsire, M|82/100
|move|p1a: Magnezone|Flash Cannon|p2a: Jogäider
|-damage|p2a: Jogäider|48/100
|
|upkeep
|turn|10
|
|t:|1760738949
|switch|p1a: Rillaboom|Rillaboom, F|100/100
|-fieldstart|move: Grassy Terrain|[from] ability: Grassy Surge|[of] p1a: Rillaboom
|move|p2a: Jogäider|Recover|p2a: Jogäider
|-heal|p2a: Jogäider|98/100
|
|-heal|p2a: Jogäider|100/100|[from] Grassy Terrain
|upkeep
|turn|11
|
|t:|1760738959
|switch|p2a: Marco|Moltres|100/100
|move|p1a: Rillaboom|Knock Off|p2a: Marco
|-damage|p2a: Marco|62/100
|-enditem|p2a: Marco|Heavy-Duty Boots|[from] move: Knock Off|[of] p1a: Rillaboom
|
|upkeep
|turn|12
|
|t:|1760738968
|switch|p1a: Tornadus|Tornadus-Therian, M|81/100 brn
|move|p2a: Marco|U-turn|p1a: Tornadus
|-resisted|p1a: Tornadus
|-damage|p1a: Tornadus|73/100 brn
|
|t:|1760738973
|switch|p2a: Megalodon|Garchomp, M|100/100|[from] U-turn
|
|-damage|p1a: Tornadus|67/100 brn|[from] brn
|upkeep
|turn|13
|
|t:|1760738982
|switch|p1a: Great Tusk|Great Tusk|66/100
|move|p2a: Megalodon|Scale Shot|p1a: Great Tusk
|-damage|p1a: Great Tusk|60/100
|-damage|p1a: Great Tusk|53/100
|-damage|p1a: Great Tusk|47/100
|-damage|p1a: Great Tusk|41/100
|-damage|p1a: Great Tusk|35/100
|-hitcount|p1a: Great Tusk|5
|-unboost|p2a: Megalodon|def|1
|-boost|p2a: Megalodon|spe|1
|
|-heal|p1a: Great Tusk|41/100|[from] Grassy Terrain
|upkeep
|turn|14
|
|t:|1760739003
|switch|p2a: Marco|Moltres|62/100
|move|p1a: Great Tusk|Ice Spinner|p2a: Marco
|-damage|p2a: Marco|45/100
|-fieldend|move: Grassy Terrain
|
|upkeep
|turn|15
|
|t:|1760739011
|move|p2a: Marco|Flamethrower|p1a: Great Tusk
|-damage|p1a: Great Tusk|0 fnt
|faint|p1a: Great Tusk
|-end|p1a: Great Tusk|Protosynthesis|[silent]
|
|upkeep
|
|t:|1760739014
|switch|p1a: Dragapult|Dragapult, F|100/100
|turn|16
|
|t:|1760739018
|switch|p2a: Jogäider|Clodsire, M|100/100
|move|p1a: Dragapult|Shadow Ball|p2a: Jogäider
|-damage|p2a: Jogäider|71/100
|
|upkeep
|turn|17
|
|t:|1760739026
|switch|p1a: Magnezone|Magnezone|100/100
|move|p2a: Jogäider|Stealth Rock|p1a: Magnezone
|-sidestart|p1: blackgokuking|move: Stealth Rock
|
|upkeep
|turn|18
|
|t:|1760739033
|move|p1a: Magnezone|Flash Cannon|p2a: Jogäider
|-damage|p2a: Jogäider|40/100
|move|p2a: Jogäider|Recover|p2a: Jogäider
|-heal|p2a: Jogäider|90/100
|
|upkeep
|turn|19
|
|t:|1760739039
|switch|p1a: Rillaboom|Rillaboom, F|100/100
|-damage|p1a: Rillaboom|88/100|[from] Stealth Rock
|-fieldstart|move: Grassy Terrain|[from] ability: Grassy Surge|[of] p1a: Rillaboom
|move|p2a: Jogäider|Earthquake|p1a: Rillaboom
|-resisted|p1a: Rillaboom
|-damage|p1a: Rillaboom|81/100
|
|-heal|p1a: Rillaboom|87/100|[from] Grassy Terrain
|-heal|p2a: Jogäider|96/100|[from] Grassy Terrain
|upkeep
|turn|20
|
|t:|1760739050
|switch|p2a: Marco|Moltres|45/100
|move|p1a: Rillaboom|Wood Hammer|p2a: Marco
|-resisted|p2a: Marco
|-damage|p2a: Marco|23/100
|-status|p1a: Rillaboom|brn|[from] ability: Flame Body|[of] p2a: Marco
|-damage|p1a: Rillaboom|79/100 brn|[from] Recoil
|
|-heal|p1a: Rillaboom|85/100 brn|[from] Grassy Terrain
|-damage|p1a: Rillaboom|79/100 brn|[from] brn
|upkeep
|turn|21
|
|t:|1760739063
|switch|p1a: Dragapult|Dragapult, F|100/100
|-damage|p1a: Dragapult|88/100|[from] Stealth Rock
|move|p2a: Marco|Roost|p2a: Marco
|-heal|p2a: Marco|73/100
|-singleturn|p2a: Marco|move: Roost
|
|-heal|p1a: Dragapult|94/100|[from] Grassy Terrain
|-heal|p2a: Marco|79/100|[from] Grassy Terrain
|upkeep
|turn|22
|
|t:|1760739075
|switch|p2a: Jogäider|Clodsire, M|96/100
|move|p1a: Dragapult|Draco Meteor|p2a: Jogäider
|-damage|p2a: Jogäider|48/100
|-unboost|p1a: Dragapult|spa|2
|
|-heal|p1a: Dragapult|99/100|[from] Grassy Terrain
|-heal|p2a: Jogäider|55/100|[from] Grassy Terrain
|upkeep
|turn|23
|
|t:|1760739085
|move|p1a: Dragapult|Draco Meteor|p2a: Jogäider
|-damage|p2a: Jogäider|31/100
|-unboost|p1a: Dragapult|spa|2
|move|p2a: Jogäider|Toxic|p1a: Dragapult
|-status|p1a: Dragapult|tox
|
|-heal|p1a: Dragapult|100/100 tox|[from] Grassy Terrain
|-heal|p2a: Jogäider|37/100|[from] Grassy Terrain
|-damage|p1a: Dragapult|95/100 tox|[from] psn
|-fieldend|move: Grassy Terrain
|upkeep
|turn|24
|
|t:|1760739097
|switch|p1a: Rillaboom|Rillaboom, F|79/100 brn
|-damage|p1a: Rillaboom|67/100 brn|[from] Stealth Rock
|-fieldstart|move: Grassy Terrain|[from] ability: Grassy Surge|[of] p1a: Rillaboom
|move|p2a: Jogäider|Recover|p2a: Jogäider
|-heal|p2a: Jogäider|87/100
|
|-heal|p1a: Rillaboom|73/100 brn|[from] Grassy Terrain
|-heal|p2a: Jogäider|93/100|[from] Grassy Terrain
|-damage|p1a: Rillaboom|67/100 brn|[from] brn
|upkeep
|turn|25
|
|t:|1760739109
|switch|p2a: Marco|Moltres|79/100
|move|p1a: Rillaboom|U-turn|p2a: Marco
|-resisted|p2a: Marco
|-damage|p2a: Marco|75/100
|
|t:|1760739112
|switch|p1a: Dragapult|Dragapult, F|95/100 tox|[from] U-turn
|-damage|p1a: Dragapult|82/100 tox|[from] Stealth Rock
|
|-heal|p1a: Dragapult|88/100 tox|[from] Grassy Terrain
|-damage|p1a: Dragapult|82/100 tox|[from] psn
|upkeep
|turn|26
|
|t:|1760739121
|switch|p2a: Jogäider|Clodsire, M|93/100
|move|p1a: Dragapult|Draco Meteor|p2a: Jogäider
|-damage|p2a: Jogäider|48/100
|-unboost|p1a: Dragapult|spa|2
|
|-heal|p1a: Dragapult|88/100 tox|[from] Grassy Terrain
|-heal|p2a: Jogäider|54/100|[from] Grassy Terrain
|-damage|p1a: Dragapult|76/100 tox|[from] psn
|upkeep
|turn|27
|
|t:|1760739134
|switch|p1a: Kingambit|Kingambit, F|100/100
|-damage|p1a: Kingambit|94/100|[from] Stealth Rock
|-activate|p1a: Kingambit|ability: Supreme Overlord
|-start|p1a: Kingambit|fallen1|[silent]
|move|p2a: Jogäider|Recover|p2a: Jogäider
|-heal|p2a: Jogäider|100/100
|
|-heal|p1a: Kingambit|100/100|[from] Grassy Terrain
|upkeep
|turn|28
|
|t:|1760739144
|switch|p2a: Marco|Moltres|75/100
|move|p1a: Kingambit|Swords Dance|p1a: Kingambit
|-boost|p1a: Kingambit|atk|2
|
|-fieldend|move: Grassy Terrain
|upkeep
|turn|29
|
|t:|1760739153
|-end|p1a: Kingambit|fallen1|[silent]
|switch|p1a: Dragapult|Dragapult, F|76/100 tox
|-damage|p1a: Dragapult|64/100 tox|[from] Stealth Rock
|move|p2a: Marco|Flamethrower|p1a: Dragapult
|-resisted|p1a: Dragapult
|-damage|p1a: Dragapult|37/100 tox
|
|-damage|p1a: Dragapult|31/100 tox|[from] psn
|upkeep
|turn|30
|
|t:|1760739163
|switch|p2a: Jogäider|Clodsire, M|100/100
|move|p1a: Dragapult|Shadow Ball|p2a: Jogäider
|-damage|p2a: Jogäider|72/100
|
|-damage|p1a: Dragapult|19/100 tox|[from] psn
|upkeep
|turn|31
|
|t:|1760739173
|switch|p1a: Rillaboom|Rillaboom, F|67/100 brn
|-damage|p1a: Rillaboom|54/100 brn|[from] Stealth Rock
|-fieldstart|move: Grassy Terrain|[from] ability: Grassy Surge|[of] p1a: Rillaboom
|move|p2a: Jogäider|Earthquake|p1a: Rillaboom
|-resisted|p1a: Rillaboom
|-damage|p1a: Rillaboom|47/100 brn
|
|-heal|p1a: Rillaboom|53/100 brn|[from] Grassy Terrain
|-heal|p2a: Jogäider|78/100|[from] Grassy Terrain
|-damage|p1a: Rillaboom|47/100 brn|[from] brn
|upkeep
|turn|32
|
|t:|1760739185
|switch|p2a: Igriş|Corviknight, M, tera:Dragon|71/100
|-ability|p2a: Igriş|Pressure
|move|p1a: Rillaboom|U-turn|p2a: Igriş
|-damage|p2a: Igriş|59/100
|-damage|p1a: Rillaboom|30/100 brn|[from] item: Rocky Helmet|[of] p2a: Igriş
|
|t:|1760739189
|switch|p1a: Kingambit|Kingambit, F|100/100|[from] U-turn
|-damage|p1a: Kingambit|94/100|[from] Stealth Rock
|-activate|p1a: Kingambit|ability: Supreme Overlord
|-start|p1a: Kingambit|fallen1|[silent]
|
|-heal|p2a: Igriş|65/100|[from] Grassy Terrain
|-heal|p1a: Kingambit|100/100|[from] Grassy Terrain
|upkeep
|turn|33
|
|t:|1760739201
|switch|p2a: Marco|Moltres|75/100
|move|p1a: Kingambit|Swords Dance|p1a: Kingambit
|-boost|p1a: Kingambit|atk|2
|
|upkeep
|turn|34
|
|t:|1760739207
|move|p1a: Kingambit|Sucker Punch|p2a: Marco
|-damage|p2a: Marco|0 fnt
|-status|p1a: Kingambit|brn|[from] ability: Flame Body|[of] p2a: Marco
|faint|p2a: Marco
|
|-damage|p1a: Kingambit|94/100 brn|[from] brn
|upkeep
|
|t:|1760739227
|switch|p2a: Igriş|Corviknight, M, tera:Dragon|65/100
|-ability|p2a: Igriş|Pressure
|turn|35
|
|t:|1760739232
|move|p2a: Igriş|Body Press|p1a: Kingambit
|-supereffective|p1a: Kingambit
|-damage|p1a: Kingambit|15/100 brn
|move|p1a: Kingambit|Kowtow Cleave|p2a: Igriş
|-damage|p2a: Igriş|28/100
|-damage|p1a: Kingambit|0 fnt|[from] item: Rocky Helmet|[of] p2a: Igriş
|faint|p1a: Kingambit
|-end|p1a: Kingambit|fallen1|[silent]
|
|-heal|p2a: Igriş|34/100|[from] Grassy Terrain
|-fieldend|move: Grassy Terrain
|upkeep
|-message|blackgokuking forfeited.
|
|win|Mreda
|raw|blackgokuking's rating: 1493 &rarr; <strong>1472</strong><br />(-21 for losing)
|raw|Mreda's rating: 1469 &rarr; <strong>1490</strong><br />(+21 for winning)
|l|☆blackgokuking
|player|p1|
