|j|☆SpongeGar & Patar
|j|‽theonlydork
|t:|1760746827
|gametype|singles
|player|p1|SpongeGar & Patar|101|1823
|player|p2|theonlydork|266|1896
|gen|9
|tier|[Gen 9] OU
|rated|
|rule|HP Percentage Mod: HP is shown in percentages
|rule|Endless Battle Clause: Forcing endless battles is banned
|rule|Species Clause: Limit one of each Pokémon
|rule|OHKO Clause: OHKO moves are banned
|rule|Evasion Items Clause: Evasion items are banned
|rule|Evasion Moves Clause: Evasion moves are banned
|rule|Evasion Abilities Clause: Evasion abilities are banned
|rule|Sleep Moves Clause: Sleep-inducing moves are banned
|clearpoke
|poke|p1|Kyurem|
|poke|p1|Corviknight, M|
|poke|p1|Ting-Lu|
|poke|p1|Dondozo, F|
|poke|p1|Slowking-Galar, L99, M|
|poke|p1|Cinderace, M|
|poke|p2|Zamazenta-*|
|poke|p2|Ting-Lu|
|poke|p2|Glimmora, F|
|poke|p2|Gholdengo|
|poke|p2|Ogerpon-Wellspring, F|
|poke|p2|Dragonite, M|
|teampreview
|inactive|Battle timer is ON: inactive players will automatically lose when time's up. (requested by theonlydork)
|
|t:|1760746878
|teamsize|p1|6
|teamsize|p2|6
|start
|switch|p1a: Kyurem|Kyurem|100/100
|switch|p2a: Gholdengo|Gholdengo|100/100
|-ability|p1a: Kyurem|Pressure
|turn|1
|inactive|SpongeGar & Patar also wants the timer to be on.
|inactive|SpongeGar & Patar has 120 seconds left.
|
|t:|1760746926
|-terastallize|p1a: Kyurem|Ground
|move|p2a: Gholdengo|Make It Rain|p1a: Kyurem
|-damage|p1a: Kyurem|39/100
|-unboost|p2a: Gholdengo|spa|1
|move|p1a: Kyurem|Earth Power|p2a: Gholdengo
|-supereffective|p2a: Gholdengo
|-damage|p2a: Gholdengo|0 fnt
|faint|p2a: Gholdengo
|
|-heal|p1a: Kyurem|45/100|[from] item: Leftovers
|upkeep
|
|t:|1760746940
|switch|p2a: Ogerpon|Ogerpon-Wellspring, F|100/100
|turn|2
|j| Despote
|inactive|SpongeGar & Patar has 90 seconds left.
|
|t:|1760746989
|move|p1a: Kyurem|Protect|p1a: Kyurem
|-singleturn|p1a: Kyurem|Protect
|move|p2a: Ogerpon|Ivy Cudgel|p1a: Kyurem|[anim] Ivy Cudgel Water
|-activate|p1a: Kyurem|move: Protect
|
|-heal|p1a: Kyurem|51/100|[from] item: Leftovers
|upkeep
|turn|3
|inactive|SpongeGar & Patar has 60 seconds left.
|
|t:|1760747038
|switch|p1a: Dondozo|Dondozo, F|100/100
|move|p2a: Ogerpon|Ivy Cudgel|p1a: Dondozo|[anim] Ivy Cudgel Water
|-resisted|p1a: Dondozo
|-damage|p1a: Dondozo|87/100
|
|-heal|p1a: Dondozo|93/100|[from] item: Leftovers
|upkeep
|turn|4
|
|t:|1760747049
|switch|p1a: Corviknight|Corviknight, M|100/100
|-ability|p1a: Corviknight|Pressure
|move|p2a: Ogerpon|Power Whip|p1a: Corviknight
|-resisted|p1a: Corviknight
|-damage|p1a: Corviknight|89/100
|-damage|p2a: Ogerpon|84/100|[from] item: Rocky Helmet|[of] p1a: Corviknight
|
|upkeep
|turn|5
|
|t:|1760747058
|switch|p2a: Glimmora|Glimmora, F|100/100
|move|p1a: Corviknight|Brave Bird|p2a: Glimmora
|-resisted|p2a: Glimmora
|-damage|p2a: Glimmora|88/100
|-activate|p2a: Glimmora|ability: Toxic Debris
|-sidestart|p1: SpongeGar & Patar|move: Toxic Spikes
|-damage|p1a: Corviknight|85/100|[from] Recoil
|-enditem|p2a: Glimmora|Red Card|[of] p1a: Corviknight
|drag|p1a: Slowking|Slowking-Galar, L99, M|100/100
|-sideend|p1: SpongeGar & Patar|move: Toxic Spikes|[of] p1a: Slowking
|
|upkeep
|turn|6
|
|t:|1760747069
|move|p2a: Glimmora|Stealth Rock|p1a: Slowking
|-sidestart|p1: SpongeGar & Patar|move: Stealth Rock
|move|p1a: Slowking|Future Sight|p2a: Glimmora
|-start|p1a: Slowking|move: Future Sight
|
|upkeep
|turn|7
|
|t:|1760747081
|switch|p2a: Ting-Lu|Ting-Lu|100/100
|-ability|p2a: Ting-Lu|Vessel of Ruin
|move|p1a: Slowking|Toxic|p2a: Ting-Lu
|-status|p2a: Ting-Lu|tox
|
|-damage|p2a: Ting-Lu|94/100 tox|[from] psn
|upkeep
|turn|8
|inactive|SpongeGar & Patar has 60 seconds left.
|
|t:|1760747096
|switch|p1a: Corviknight|Corviknight, M|85/100
|-damage|p1a: Corviknight|73/100|[from] Stealth Rock
|-ability|p1a: Corviknight|Pressure
|move|p2a: Ting-Lu|Ruination|p1a: Corviknight
|-damage|p1a: Corviknight|37/100
|
|-end|p2a: Ting-Lu|move: Future Sight
|-immune|p2a: Ting-Lu
|-heal|p2a: Ting-Lu|100/100 tox|[from] item: Leftovers
|-damage|p2a: Ting-Lu|88/100 tox|[from] psn
|upkeep
|turn|9
|
|t:|1760747113
|move|p1a: Corviknight|Roost|p1a: Corviknight
|-heal|p1a: Corviknight|87/100
|-singleturn|p1a: Corviknight|move: Roost
|move|p2a: Ting-Lu|Earthquake|p1a: Corviknight
|-supereffective|p1a: Corviknight
|-damage|p1a: Corviknight|28/100
|
|-heal|p2a: Ting-Lu|94/100 tox|[from] item: Leftovers
|-damage|p2a: Ting-Lu|76/100 tox|[from] psn
|upkeep
|turn|10
|
|t:|1760747123
|switch|p2a: Ogerpon|Ogerpon-Wellspring, F|84/100
|move|p1a: Corviknight|Roost|p1a: Corviknight
|-heal|p1a: Corviknight|78/100
|-singleturn|p1a: Corviknight|move: Roost
|
|upkeep
|turn|11
|
|t:|1760747132
|-terastallize|p2a: Ogerpon|Water
|detailschange|p2a: Ogerpon|Ogerpon-Wellspring-Tera, F, tera:Water
|-ability|p2a: Ogerpon|Embody Aspect (Wellspring)|boost
|-boost|p2a: Ogerpon|spd|1
|move|p2a: Ogerpon|Knock Off|p1a: Corviknight
|-crit|p1a: Corviknight
|-damage|p1a: Corviknight|44/100
|-damage|p2a: Ogerpon|67/100|[from] item: Rocky Helmet|[of] p1a: Corviknight
|-enditem|p1a: Corviknight|Rocky Helmet|[from] move: Knock Off|[of] p2a: Ogerpon
|move|p1a: Corviknight|Roost|p1a: Corviknight
|-heal|p1a: Corviknight|94/100
|-singleturn|p1a: Corviknight|move: Roost
|
|upkeep
|turn|12
|l| Despote
|
|t:|1760747142
|move|p2a: Ogerpon|Ivy Cudgel|p1a: Corviknight|[anim] Ivy Cudgel Water
|-damage|p1a: Corviknight|48/100
|move|p1a: Corviknight|Roost|p1a: Corviknight
|-heal|p1a: Corviknight|98/100
|-singleturn|p1a: Corviknight|move: Roost
|
|upkeep
|turn|13
|
|t:|1760747151
|move|p2a: Ogerpon|Ivy Cudgel|p1a: Corviknight|[anim] Ivy Cudgel Water
|-damage|p1a: Corviknight|53/100
|move|p1a: Corviknight|Roost|p1a: Corviknight
|-heal|p1a: Corviknight|100/100
|-singleturn|p1a: Corviknight|move: Roost
|
|upkeep
|turn|14
|
|t:|1760747161
|move|p2a: Ogerpon|Ivy Cudgel|p1a: Corviknight|[anim] Ivy Cudgel Water
|-damage|p1a: Corviknight|52/100
|move|p1a: Corviknight|Roost|p1a: Corviknight
|-heal|p1a: Corviknight|100/100
|-singleturn|p1a: Corviknight|move: Roost
|
|upkeep
|turn|15
|inactive|SpongeGar & Patar has 90 seconds left.
|
|t:|1760747170
|move|p2a: Ogerpon|Ivy Cudgel|p1a: Corviknight|[anim] Ivy Cudgel Water
|-damage|p1a: Corviknight|54/100
|move|p1a: Corviknight|Roost|p1a: Corviknight
|-heal|p1a: Corviknight|100/100
|-singleturn|p1a: Corviknight|move: Roost
|
|upkeep
|turn|16
|
|t:|1760747179
|switch|p2a: Glimmora|Glimmora, F|88/100
|move|p1a: Corviknight|Roost||[still]
|-fail|p1a: Corviknight|heal
|
|upkeep
|turn|17
|inactive|SpongeGar & Patar has 90 seconds left.
|inactive|SpongeGar & Patar has 60 seconds left.
|
|t:|1760747228
|switch|p1a: Kyurem|Kyurem, tera:Ground|51/100
|-damage|p1a: Kyurem|45/100|[from] Stealth Rock
|-ability|p1a: Kyurem|Pressure
|move|p2a: Glimmora|Power Gem|p1a: Kyurem
|-resisted|p1a: Kyurem
|-damage|p1a: Kyurem|30/100
|
|-heal|p1a: Kyurem|36/100|[from] item: Leftovers
|upkeep
|turn|18
|inactive|SpongeGar & Patar has 60 seconds left.
|inactive|SpongeGar & Patar has 30 seconds left.
|
|t:|1760747278
|switch|p2a: Zamazenta|Zamazenta|100/100
|-ability|p2a: Zamazenta|Dauntless Shield|boost
|-boost|p2a: Zamazenta|def|1
|move|p1a: Kyurem|Freeze-Dry|p2a: Zamazenta
|-damage|p2a: Zamazenta|66/100
|
|-heal|p2a: Zamazenta|73/100|[from] item: Leftovers
|-heal|p1a: Kyurem|42/100|[from] item: Leftovers
|upkeep
|turn|19
|inactive|SpongeGar & Patar has 30 seconds left.
|
|t:|1760747288
|switch|p2a: Ogerpon|Ogerpon-Wellspring-Tera, F, tera:Water|67/100
|-ability|p2a: Ogerpon|Embody Aspect (Wellspring)|boost
|-boost|p2a: Ogerpon|spd|1
|switch|p1a: Dondozo|Dondozo, F|93/100
|-damage|p1a: Dondozo|80/100|[from] Stealth Rock
|
|-heal|p1a: Dondozo|87/100|[from] item: Leftovers
|upkeep
|turn|20
|inactive|SpongeGar & Patar has 30 seconds left.
|
|t:|1760747297
|move|p2a: Ogerpon|Power Whip|p1a: Dondozo
|-supereffective|p1a: Dondozo
|-damage|p1a: Dondozo|24/100
|move|p1a: Dondozo|Body Press|p2a: Ogerpon
|-damage|p2a: Ogerpon|33/100
|
|-heal|p1a: Dondozo|30/100|[from] item: Leftovers
|upkeep
|turn|21
|
|t:|1760747307
|switch|p1a: Corviknight|Corviknight, M|100/100
|-damage|p1a: Corviknight|88/100|[from] Stealth Rock
|-ability|p1a: Corviknight|Pressure
|move|p2a: Ogerpon|Power Whip|p1a: Corviknight
|-resisted|p1a: Corviknight
|-damage|p1a: Corviknight|77/100
|
|upkeep
|turn|22
|
|t:|1760747316
|move|p2a: Ogerpon|Ivy Cudgel|p1a: Corviknight|[anim] Ivy Cudgel Water
|-crit|p1a: Corviknight
|-damage|p1a: Corviknight|0 fnt
|faint|p1a: Corviknight
|
|upkeep
|
|t:|1760747326
|switch|p1a: Cinderace|Cinderace, M|100/100
|turn|23
|
|t:|1760747335
|switch|p2a: Glimmora|Glimmora, F|88/100
|move|p1a: Cinderace|U-turn|p2a: Glimmora
|-resisted|p2a: Glimmora
|-damage|p2a: Glimmora|81/100
|-activate|p2a: Glimmora|ability: Toxic Debris
|-sidestart|p1: SpongeGar & Patar|move: Toxic Spikes
|
|t:|1760747344
|switch|p1a: Kyurem|Kyurem, tera:Ground|42/100|[from] U-turn
|-damage|p1a: Kyurem|36/100|[from] Stealth Rock
|-status|p1a: Kyurem|psn
|-ability|p1a: Kyurem|Pressure
|
|-heal|p1a: Kyurem|42/100 psn|[from] item: Leftovers
|-damage|p1a: Kyurem|30/100 psn|[from] psn
|upkeep
|turn|24
|
|t:|1760747356
|switch|p2a: Zamazenta|Zamazenta|73/100
|move|p1a: Kyurem|Earth Power|p2a: Zamazenta
|-damage|p2a: Zamazenta|33/100
|
|-heal|p2a: Zamazenta|39/100|[from] item: Leftovers
|-heal|p1a: Kyurem|36/100 psn|[from] item: Leftovers
|-damage|p1a: Kyurem|24/100 psn|[from] psn
|upkeep
|turn|25
|
|t:|1760747366
|move|p2a: Zamazenta|Body Press|p1a: Kyurem
|-damage|p1a: Kyurem|0 fnt
|faint|p1a: Kyurem
|
|-heal|p2a: Zamazenta|45/100|[from] item: Leftovers
|upkeep
|
|t:|1760747375
|switch|p1a: Cinderace|Cinderace, M|100/100
|turn|26
|inactive|SpongeGar & Patar has 60 seconds left.
|
|t:|1760747384
|move|p2a: Zamazenta|Body Press|p1a: Cinderace
|-damage|p1a: Cinderace|56/100
|move|p1a: Cinderace|Court Change|p1a: Cinderace
|-swapsideconditions
|-activate|p1a: Cinderace|move: Court Change
|
|-heal|p2a: Zamazenta|51/100|[from] item: Leftovers
|upkeep
|turn|27
|
|t:|1760747394
|move|p2a: Zamazenta|Body Press|p1a: Cinderace
|-damage|p1a: Cinderace|11/100
|move|p1a: Cinderace|Will-O-Wisp|p2a: Zamazenta
|-status|p2a: Zamazenta|brn
|
|-heal|p2a: Zamazenta|58/100 brn|[from] item: Leftovers
|-damage|p2a: Zamazenta|51/100 brn|[from] brn
|upkeep
|turn|28
|
|t:|1760747404
|switch|p2a: Glimmora|Glimmora, F|81/100
|-damage|p2a: Glimmora|69/100|[from] Stealth Rock
|-sideend|p2: theonlydork|move: Toxic Spikes|[of] p2a: Glimmora
|switch|p1a: Dondozo|Dondozo, F|30/100
|
|-heal|p1a: Dondozo|36/100|[from] item: Leftovers
|upkeep
|turn|29
|
|t:|1760747413
|move|p2a: Glimmora|Power Gem|p1a: Dondozo
|-damage|p1a: Dondozo|4/100
|move|p1a: Dondozo|Rest|p1a: Dondozo
|-status|p1a: Dondozo|slp|[from] move: Rest
|-heal|p1a: Dondozo|100/100 slp|[silent]
|
|upkeep
|turn|30
|
|t:|1760747423
|move|p2a: Glimmora|Mortal Spin|p1a: Dondozo
|-damage|p1a: Dondozo|98/100 slp
|-sideend|p2: theonlydork|Stealth Rock|[from] move: Mortal Spin|[of] p2a: Glimmora
|cant|p1a: Dondozo|slp
|
|-heal|p1a: Dondozo|100/100 slp|[from] item: Leftovers
|upkeep
|turn|31
|
|t:|1760747432
|move|p2a: Glimmora|Stealth Rock|p1a: Dondozo
|-sidestart|p1: SpongeGar & Patar|move: Stealth Rock
|cant|p1a: Dondozo|slp
|
|upkeep
|turn|32
|inactive|SpongeGar & Patar has 90 seconds left.
|
|t:|1760747442
|move|p2a: Glimmora|Power Gem|p1a: Dondozo
|-damage|p1a: Dondozo|69/100 slp
|-curestatus|p1a: Dondozo|slp|[msg]
|move|p1a: Dondozo|Curse|p1a: Dondozo
|-unboost|p1a: Dondozo|spe|1
|-boost|p1a: Dondozo|atk|1
|-boost|p1a: Dondozo|def|1
|
|-heal|p1a: Dondozo|75/100|[from] item: Leftovers
|upkeep
|turn|33
|
|t:|1760747451
|move|p2a: Glimmora|Mortal Spin|p1a: Dondozo
|-damage|p1a: Dondozo|73/100
|-status|p1a: Dondozo|psn
|move|p1a: Dondozo|Waterfall|p2a: Glimmora
|-supereffective|p2a: Glimmora
|-damage|p2a: Glimmora|8/100
|-activate|p2a: Glimmora|ability: Toxic Debris
|-sidestart|p1: SpongeGar & Patar|move: Toxic Spikes
|
|-heal|p1a: Dondozo|79/100 psn|[from] item: Leftovers
|-damage|p1a: Dondozo|67/100 psn|[from] psn
|upkeep
|turn|34
|
|t:|1760747461
|move|p2a: Glimmora|Power Gem|p1a: Dondozo
|-damage|p1a: Dondozo|32/100 psn
|move|p1a: Dondozo|Rest|p1a: Dondozo
|-status|p1a: Dondozo|slp|[from] move: Rest
|-heal|p1a: Dondozo|100/100 slp|[silent]
|
|upkeep
|turn|35
|
|t:|1760747471
|switch|p2a: Zamazenta|Zamazenta|51/100 brn
|cant|p1a: Dondozo|slp
|
|-heal|p2a: Zamazenta|58/100 brn|[from] item: Leftovers
|-damage|p2a: Zamazenta|51/100 brn|[from] brn
|upkeep
|turn|36
|inactive|SpongeGar & Patar has 90 seconds left.
|
|t:|1760747519
|cant|p1a: Dondozo|slp
|move|p2a: Zamazenta|Roar|p1a: Dondozo
|drag|p1a: Slowking|Slowking-Galar, L99, M|100/100
|-sideend|p1: SpongeGar & Patar|move: Toxic Spikes|[of] p1a: Slowking
|
|-heal|p2a: Zamazenta|58/100 brn|[from] item: Leftovers
|-damage|p2a: Zamazenta|51/100 brn|[from] brn
|upkeep
|turn|37
|inactive|SpongeGar & Patar has 60 seconds left.
|
|t:|1760747568
|switch|p2a: Ting-Lu|Ting-Lu|76/100 tox
|-ability|p2a: Ting-Lu|Vessel of Ruin
|move|p1a: Slowking|Future Sight|p2a: Ting-Lu
|-start|p1a: Slowking|move: Future Sight
|
|-heal|p2a: Ting-Lu|82/100 tox|[from] item: Leftovers
|-damage|p2a: Ting-Lu|76/100 tox|[from] psn
|upkeep
|turn|38
|
|t:|1760747577
|switch|p1a: Dondozo|Dondozo, F|100/100 slp
|-damage|p1a: Dondozo|88/100 slp|[from] Stealth Rock
|move|p2a: Ting-Lu|Earthquake|p1a: Dondozo
|-damage|p1a: Dondozo|68/100 slp
|
|-heal|p2a: Ting-Lu|82/100 tox|[from] item: Leftovers
|-heal|p1a: Dondozo|75/100 slp|[from] item: Leftovers
|-damage|p2a: Ting-Lu|69/100 tox|[from] psn
|upkeep
|turn|39
|
|t:|1760747586
|move|p2a: Ting-Lu|Spikes|p1a: Dondozo
|-sidestart|p1: SpongeGar & Patar|Spikes
|-curestatus|p1a: Dondozo|slp|[msg]
|move|p1a: Dondozo|Curse|p1a: Dondozo
|-unboost|p1a: Dondozo|spe|1
|-boost|p1a: Dondozo|atk|1
|-boost|p1a: Dondozo|def|1
|
|-end|p2a: Ting-Lu|move: Future Sight
|-immune|p2a: Ting-Lu
|-heal|p2a: Ting-Lu|76/100 tox|[from] item: Leftovers
|-heal|p1a: Dondozo|81/100|[from] item: Leftovers
|-damage|p2a: Ting-Lu|57/100 tox|[from] psn
|upkeep
|turn|40
|
|t:|1760747596
|move|p2a: Ting-Lu|Ruination|p1a: Dondozo
|-damage|p1a: Dondozo|41/100
|move|p1a: Dondozo|Curse|p1a: Dondozo
|-unboost|p1a: Dondozo|spe|1
|-boost|p1a: Dondozo|atk|1
|-boost|p1a: Dondozo|def|1
|
|-heal|p2a: Ting-Lu|63/100 tox|[from] item: Leftovers
|-heal|p1a: Dondozo|47/100|[from] item: Leftovers
|-damage|p2a: Ting-Lu|38/100 tox|[from] psn
|upkeep
|turn|41
|
|t:|1760747605
|switch|p2a: Glimmora|Glimmora, F|8/100
|move|p1a: Dondozo|Curse|p1a: Dondozo
|-unboost|p1a: Dondozo|spe|1
|-boost|p1a: Dondozo|atk|1
|-boost|p1a: Dondozo|def|1
|
|-heal|p1a: Dondozo|53/100|[from] item: Leftovers
|upkeep
|turn|42
|inactive|SpongeGar & Patar has 60 seconds left.
|
|t:|1760747616
|move|p2a: Glimmora|Power Gem|p1a: Dondozo
|-damage|p1a: Dondozo|18/100
|move|p1a: Dondozo|Rest|p1a: Dondozo
|-status|p1a: Dondozo|slp|[from] move: Rest
|-heal|p1a: Dondozo|100/100 slp|[silent]
|
|upkeep
|turn|43
|
|t:|1760747626
|switch|p1a: Slowking|Slowking-Galar, L99, M|100/100
|move|p2a: Glimmora|Power Gem|p1a: Slowking
|-damage|p1a: Slowking|78/100
|
|upkeep
|turn|44
|
|t:|1760747635
|move|p2a: Glimmora|Earth Power|p1a: Slowking
|-supereffective|p1a: Slowking
|-damage|p1a: Slowking|46/100
|-prepare|p1a: Slowking|Chilly Reception|[premajor]
|move|p1a: Slowking|Chilly Reception|p1a: Slowking
|-weather|Snowscape
|
|t:|1760747644
|switch|p1a: Cinderace|Cinderace, M|11/100|[from] Chilly Reception
|
|-weather|Snowscape|[upkeep]
|upkeep
|turn|45
|
|t:|1760747654
|switch|p1a: Slowking|Slowking-Galar, L99, M|80/100
|move|p2a: Glimmora|Mortal Spin|p1a: Slowking
|-resisted|p1a: Slowking
|-damage|p1a: Slowking|76/100
|
|-weather|Snowscape|[upkeep]
|upkeep
|turn|46
|
|t:|1760747663
|move|p2a: Glimmora|Earth Power|p1a: Slowking
|-supereffective|p1a: Slowking
|-damage|p1a: Slowking|46/100
|-prepare|p1a: Slowking|Chilly Reception|[premajor]
|move|p1a: Slowking|Chilly Reception|p1a: Slowking
|
|t:|1760747672
|switch|p1a: Cinderace|Cinderace, M|11/100|[from] Chilly Reception
|
|-weather|Snowscape|[upkeep]
|upkeep
|turn|47
|
|t:|1760747682
|switch|p1a: Slowking|Slowking-Galar, L99, M|79/100
|move|p2a: Glimmora|Mortal Spin|p1a: Slowking
|-resisted|p1a: Slowking
|-damage|p1a: Slowking|76/100
|
|-weather|Snowscape|[upkeep]
|upkeep
|turn|48
|inactive|SpongeGar & Patar has 90 seconds left.
|
|t:|1760747691
|move|p2a: Glimmora|Earth Power|p1a: Slowking
|-supereffective|p1a: Slowking
|-damage|p1a: Slowking|44/100
|-prepare|p1a: Slowking|Chilly Reception|[premajor]
|move|p1a: Slowking|Chilly Reception|p1a: Slowking
|inactive|SpongeGar & Patar has 90 seconds left.
|
|t:|1760747700
|switch|p1a: Cinderace|Cinderace, M|11/100|[from] Chilly Reception
|
|-weather|none
|upkeep
|turn|49
|
|t:|1760747709
|switch|p1a: Slowking|Slowking-Galar, L99, M|77/100
|move|p2a: Glimmora|Mortal Spin|p1a: Slowking
|-resisted|p1a: Slowking
|-damage|p1a: Slowking|74/100
|
|upkeep
|turn|50
|
|t:|1760747719
|move|p2a: Glimmora|Earth Power|p1a: Slowking
|-supereffective|p1a: Slowking
|-damage|p1a: Slowking|40/100
|-unboost|p1a: Slowking|spd|1
|-prepare|p1a: Slowking|Chilly Reception|[premajor]
|move|p1a: Slowking|Chilly Reception|p1a: Slowking
|-weather|Snowscape
|
|t:|1760747728
|switch|p1a: Cinderace|Cinderace, M|11/100|[from] Chilly Reception
|
|-weather|Snowscape|[upkeep]
|upkeep
|turn|51
|
|t:|1760747737
|switch|p1a: Slowking|Slowking-Galar, L99, M|73/100
|move|p2a: Glimmora|Mortal Spin|p1a: Slowking
|-resisted|p1a: Slowking
|-damage|p1a: Slowking|70/100
|
|-weather|Snowscape|[upkeep]
|upkeep
|turn|52
|
|t:|1760747747
|move|p2a: Glimmora|Earth Power|p1a: Slowking
|-supereffective|p1a: Slowking
|-damage|p1a: Slowking|36/100
|-prepare|p1a: Slowking|Chilly Reception|[premajor]
|move|p1a: Slowking|Chilly Reception|p1a: Slowking
|
|t:|1760747756
|switch|p1a: Cinderace|Cinderace, M|11/100|[from] Chilly Reception
|
|-weather|Snowscape|[upkeep]
|upkeep
|turn|53
|
|t:|1760747765
|switch|p1a: Slowking|Slowking-Galar, L99, M|69/100
|move|p2a: Glimmora|Mortal Spin|p1a: Slowking
|-resisted|p1a: Slowking
|-damage|p1a: Slowking|66/100
|
|-weather|Snowscape|[upkeep]
|upkeep
|turn|54
|inactive|SpongeGar & Patar has 120 seconds left.
|
|t:|1760747775
|move|p2a: Glimmora|Earth Power|p1a: Slowking
|-supereffective|p1a: Slowking
|-damage|p1a: Slowking|32/100
|-prepare|p1a: Slowking|Chilly Reception|[premajor]
|move|p1a: Slowking|Chilly Reception|p1a: Slowking
|inactive|SpongeGar & Patar has 120 seconds left.
|
|t:|1760747784
|switch|p1a: Cinderace|Cinderace, M|11/100|[from] Chilly Reception
|
|-weather|none
|upkeep
|turn|55
|
|t:|1760747793
|switch|p1a: Slowking|Slowking-Galar, L99, M|65/100
|move|p2a: Glimmora|Earth Power|p1a: Slowking
|-supereffective|p1a: Slowking
|-damage|p1a: Slowking|32/100
|
|upkeep
|turn|56
|
|t:|1760747803
|switch|p1a: Ting-Lu|Ting-Lu|100/100
|-damage|p1a: Ting-Lu|94/100|[from] Stealth Rock
|-damage|p1a: Ting-Lu|82/100|[from] Spikes
|-ability|p1a: Ting-Lu|Vessel of Ruin
|move|p2a: Glimmora|Earth Power|p1a: Ting-Lu
|-damage|p1a: Ting-Lu|71/100
|-unboost|p1a: Ting-Lu|spd|1
|
|-heal|p1a: Ting-Lu|77/100|[from] item: Leftovers
|upkeep
|turn|57
|
|t:|1760747813
|move|p2a: Glimmora|Mortal Spin|p1a: Ting-Lu
|-resisted|p1a: Ting-Lu
|-damage|p1a: Ting-Lu|75/100
|-status|p1a: Ting-Lu|psn
|move|p1a: Ting-Lu|Rest|p1a: Ting-Lu
|-status|p1a: Ting-Lu|slp|[from] move: Rest
|-heal|p1a: Ting-Lu|100/100 slp|[silent]
|
|upkeep
|turn|58
|
|t:|1760747822
|switch|p2a: Ogerpon|Ogerpon-Wellspring-Tera, F, tera:Water|33/100
|-ability|p2a: Ogerpon|Embody Aspect (Wellspring)|boost
|-boost|p2a: Ogerpon|spd|1
|cant|p1a: Ting-Lu|slp
|move|p1a: Ting-Lu|Sleep Talk|p1a: Ting-Lu
|move|p1a: Ting-Lu|Earthquake|p2a: Ogerpon|[from] move: Sleep Talk
|-damage|p2a: Ogerpon|0 fnt
|faint|p2a: Ogerpon
|detailschange|p2: Ogerpon|Ogerpon-Wellspring, F|[silent]
|
|upkeep
|-message|theonlydork forfeited.
|
|win|SpongeGar & Patar
|raw|SpongeGar &amp; Patar's rating: 1823 &rarr; <strong>1847</strong><br />(+24 for winning)
|raw|theonlydork's rating: 1896 &rarr; <strong>1872</strong><br />(-24 for losing)
|l|☆SpongeGar & Patar
|player|p1|
|l|‽theonlydork
|player|p2|
