|j|☆N00676918
|j|☆kshuaib734
|t:|1760790953
|gametype|singles
|player|p1|N00676918|2|1618
|player|p2|kshuaib734|steven|1811
|gen|9
|tier|[Gen 9] OU
|rated|
|rule|HP Percentage Mod: HP is shown in percentages
|rule|Endless Battle Clause: Forcing endless battles is banned
|rule|Species Clause: Limit one of each Pokémon
|rule|OHKO Clause: OHKO moves are banned
|rule|Evasion Items Clause: Evasion items are banned
|rule|Evasion Moves Clause: Evasion moves are banned
|rule|Evasion Abilities Clause: Evasion abilities are banned
|rule|Sleep Moves Clause: Sleep-inducing moves are banned
|clearpoke
|poke|p1|Kyurem|
|poke|p1|Cinderace, M|
|poke|p1|Iron Moth|
|poke|p1|Lokix, M|
|poke|p1|Primarina, M|
|poke|p1|Thundurus-Therian, M|
|poke|p2|Tyranitar, M|
|poke|p2|Overqwil, F|
|poke|p2|Pelipper, M|
|poke|p2|Quaquaval, F|
|poke|p2|Kingdra, M|
|poke|p2|Excadrill, M|
|teampreview
|inactive|Battle timer is ON: inactive players will automatically lose when time's up. (requested by kshuaib734)
|
|t:|1760790970
|teamsize|p1|6
|teamsize|p2|6
|start
|switch|p1a: Thundurus|Thundurus-Therian, M|100/100
|switch|p2a: King Tyrant|Tyranitar, M|100/100
|-weather|Sandstorm|[from] ability: Sand Stream|[of] p2a: King Tyrant
|turn|1
|
|t:|1760790977
|move|p1a: Thundurus|Focus Blast|p2a: King Tyrant
|-supereffective|p2a: King Tyrant
|-damage|p2a: King Tyrant|0 fnt
|faint|p2a: King Tyrant
|
|-weather|Sandstorm|[upkeep]
|-damage|p1a: Thundurus|94/100|[from] Sandstorm
|upkeep
|
|t:|1760790983
|switch|p2a: Tyrant's Legacy|Excadrill, M|100/100
|turn|2
|
|t:|1760790992
|move|p2a: Tyrant's Legacy|Stealth Rock|p1a: Thundurus
|-sidestart|p1: N00676918|move: Stealth Rock
|move|p1a: Thundurus|Focus Blast|p2a: Tyrant's Legacy
|-supereffective|p2a: Tyrant's Legacy
|-damage|p2a: Tyrant's Legacy|0 fnt
|faint|p2a: Tyrant's Legacy
|
|-weather|Sandstorm|[upkeep]
|-damage|p1a: Thundurus|88/100|[from] Sandstorm
|upkeep
|
|t:|1760791006
|switch|p2a: Tyrant's Downpour|Pelipper, M|100/100
|-weather|RainDance|[from] ability: Drizzle|[of] p2a: Tyrant's Downpour
|turn|3
|
|t:|1760791011
|move|p1a: Thundurus|Thunderbolt|p2a: Tyrant's Downpour
|-supereffective|p2a: Tyrant's Downpour
|-damage|p2a: Tyrant's Downpour|0 fnt
|faint|p2a: Tyrant's Downpour
|
|-weather|RainDance|[upkeep]
|upkeep
|
|t:|1760791018
|switch|p2a: Tyrant's Vengeance|Kingdra, M|100/100
|turn|4
|
|t:|1760791022
|move|p2a: Tyrant's Vengeance|Weather Ball|p1a: Thundurus
|-damage|p1a: Thundurus|0 fnt
|faint|p1a: Thundurus
|
|-weather|RainDance|[upkeep]
|upkeep
|
|t:|1760791030
|switch|p1a: Primarina|Primarina, M|100/100
|-damage|p1a: Primarina|88/100|[from] Stealth Rock
|turn|5
|
|t:|1760791036
|move|p2a: Tyrant's Vengeance|Weather Ball|p1a: Primarina
|-resisted|p1a: Primarina
|-damage|p1a: Primarina|43/100
|move|p1a: Primarina|Draining Kiss|p2a: Tyrant's Vengeance
|-supereffective|p2a: Tyrant's Vengeance
|-damage|p2a: Tyrant's Vengeance|47/100
|-heal|p1a: Primarina|80/100|[from] drain|[of] p2a: Tyrant's Vengeance
|
|-weather|RainDance|[upkeep]
|-heal|p1a: Primarina|86/100|[from] item: Leftovers
|upkeep
|turn|6
|
|t:|1760791046
|switch|p2a: Tyrant's Enforcer|Overqwil, F|100/100
|move|p1a: Primarina|Draining Kiss|p2a: Tyrant's Enforcer
|-damage|p2a: Tyrant's Enforcer|72/100
|-heal|p1a: Primarina|100/100|[from] drain|[of] p2a: Tyrant's Enforcer
|-damage|p1a: Primarina|84/100|[from] item: Rocky Helmet|[of] p2a: Tyrant's Enforcer
|
|-weather|RainDance|[upkeep]
|-heal|p1a: Primarina|90/100|[from] item: Leftovers
|upkeep
|turn|7
|
|t:|1760791061
|switch|p1a: Iron Moth|Iron Moth|100/100
|-damage|p1a: Iron Moth|76/100|[from] Stealth Rock
|move|p2a: Tyrant's Enforcer|Spikes|p1a: Iron Moth
|-sidestart|p1: N00676918|Spikes
|
|-weather|RainDance|[upkeep]
|upkeep
|turn|8
|
|t:|1760791073
|move|p2a: Tyrant's Enforcer|Crunch|p1a: Iron Moth
|-damage|p1a: Iron Moth|6/100
|-unboost|p1a: Iron Moth|def|1
|move|p1a: Iron Moth|Dazzling Gleam|p2a: Tyrant's Enforcer
|-damage|p2a: Tyrant's Enforcer|12/100
|
|-weather|RainDance|[upkeep]
|upkeep
|turn|9
|
|t:|1760791081
|move|p2a: Tyrant's Enforcer|Fell Stinger|p1a: Iron Moth
|-resisted|p1a: Iron Moth
|-damage|p1a: Iron Moth|0 fnt
|faint|p1a: Iron Moth
|-end|p1a: Iron Moth|Quark Drive|[silent]
|-boost|p2a: Tyrant's Enforcer|atk|3
|
|-weather|RainDance|[upkeep]
|upkeep
|
|t:|1760791090
|switch|p1a: Lokix|Lokix, M|100/100
|-damage|p1a: Lokix|75/100|[from] Stealth Rock
|-damage|p1a: Lokix|63/100|[from] Spikes
|turn|10
|
|t:|1760791097
|move|p1a: Lokix|First Impression|p2a: Tyrant's Enforcer
|-damage|p2a: Tyrant's Enforcer|0 fnt
|-damage|p1a: Lokix|47/100|[from] item: Rocky Helmet|[of] p2a: Tyrant's Enforcer
|faint|p2a: Tyrant's Enforcer
|
|-weather|none
|upkeep
|
|t:|1760791107
|switch|p2a: Tyrant's Vengeance|Kingdra, M|47/100
|turn|11
|
|t:|1760791115
|move|p1a: Lokix|U-turn|p2a: Tyrant's Vengeance
|-crit|p2a: Tyrant's Vengeance
|-damage|p2a: Tyrant's Vengeance|0 fnt
|faint|p2a: Tyrant's Vengeance
|
|t:|1760791122
|switch|p1a: Primarina|Primarina, M|90/100|[from] U-turn
|-damage|p1a: Primarina|78/100|[from] Stealth Rock
|-damage|p1a: Primarina|65/100|[from] Spikes
|
|-heal|p1a: Primarina|71/100|[from] item: Leftovers
|upkeep
|-message|kshuaib734 forfeited.
|
|win|N00676918
|raw|N00676918's rating: 1618 &rarr; <strong>1648</strong><br />(+30 for winning)
|raw|kshuaib734's rating: 1811 &rarr; <strong>1781</strong><br />(-30 for losing)
|l|☆kshuaib734
|player|p2|
|l|☆N00676918
|player|p1|
