|j|☆n3684q
|j|☆Bastouf0795
|t:|1760720958
|gametype|singles
|player|p1|n3684q|102|1399
|player|p2|Bastouf0795|dragontamer|1411
|gen|9
|tier|[Gen 9] OU
|rated|
|rule|HP Percentage Mod: HP is shown in percentages
|rule|Endless Battle Clause: Forcing endless battles is banned
|rule|Species Clause: Limit one of each Pokémon
|rule|OHKO Clause: OHKO moves are banned
|rule|Evasion Items Clause: Evasion items are banned
|rule|Evasion Moves Clause: Evasion moves are banned
|rule|Evasion Abilities Clause: Evasion abilities are banned
|rule|Sleep Moves Clause: Sleep-inducing moves are banned
|clearpoke
|poke|p1|Probopass, M|
|poke|p1|Iron Crown|
|poke|p1|Sinistcha|
|poke|p1|Grimmsnarl, M|
|poke|p1|Kyurem|
|poke|p1|Great Tusk|
|poke|p2|Enamorus, F|
|poke|p2|Samurott-Hisui, F|
|poke|p2|Dragonite, M|
|poke|p2|Great Tusk|
|poke|p2|Iron Valiant|
|poke|p2|Gholdengo|
|teampreview
|inactive|Battle timer is ON: inactive players will automatically lose when time's up. (requested by n3684q)
|
|t:|1760720967
|teamsize|p1|6
|teamsize|p2|6
|start
|switch|p1a: Norton|Grimmsnarl, M|100/100
|switch|p2a: Samurott|Samurott-Hisui, F|100/100
|turn|1
|
|t:|1760720974
|move|p2a: Samurott|Brick Break|p1a: Norton
|-damage|p1a: Norton|81/100
|move|p1a: Norton|Spirit Break|p2a: Samurott
|-supereffective|p2a: Samurott
|-damage|p2a: Samurott|26/100
|-unboost|p2a: Samurott|spa|1
|
|upkeep
|turn|2
|
|t:|1760720981
|switch|p2a: Gholdengo|Gholdengo|100/100
|-item|p2a: Gholdengo|Air Balloon
|move|p1a: Norton|Reflect|p1a: Norton
|-sidestart|p1: n3684q|Reflect
|
|upkeep
|turn|3
|
|t:|1760720984
|move|p2a: Gholdengo|Make It Rain|p1a: Norton
|-supereffective|p1a: Norton
|-damage|p1a: Norton|0 fnt
|-unboost|p2a: Gholdengo|spa|1
|faint|p1a: Norton
|
|upkeep
|
|t:|1760720988
|switch|p1a: Great Tusk|Great Tusk|100/100
|turn|4
|
|t:|1760720992
|switch|p2a: Samurott|Samurott-Hisui, F|26/100
|move|p1a: Great Tusk|Knock Off|p2a: Samurott
|-resisted|p2a: Samurott
|-crit|p2a: Samurott
|-damage|p2a: Samurott|0 fnt
|-enditem|p2a: Samurott|Choice Scarf|[from] move: Knock Off|[of] p1a: Great Tusk
|faint|p2a: Samurott
|
|upkeep
|
|t:|1760720996
|switch|p2a: Iron Valiant|Iron Valiant|100/100
|-enditem|p2a: Iron Valiant|Booster Energy
|-activate|p2a: Iron Valiant|ability: Quark Drive|[fromitem]
|-start|p2a: Iron Valiant|quarkdrivespe
|turn|5
|
|t:|1760721001
|move|p2a: Iron Valiant|Moonblast|p1a: Great Tusk
|-supereffective|p1a: Great Tusk
|-damage|p1a: Great Tusk|28/100
|-unboost|p1a: Great Tusk|spa|1
|move|p1a: Great Tusk|Headlong Rush|p2a: Iron Valiant
|-damage|p2a: Iron Valiant|15/100
|-unboost|p1a: Great Tusk|def|1
|-unboost|p1a: Great Tusk|spd|1
|
|upkeep
|turn|6
|
|t:|1760721012
|move|p2a: Iron Valiant|Aura Sphere|p1a: Great Tusk
|-damage|p1a: Great Tusk|0 fnt
|faint|p1a: Great Tusk
|-end|p1a: Great Tusk|Protosynthesis|[silent]
|
|upkeep
|
|t:|1760721018
|switch|p1a: Iron Mugulis|Sinistcha|100/100
|turn|7
|
|t:|1760721023
|move|p2a: Iron Valiant|Moonblast|p1a: Iron Mugulis
|-damage|p1a: Iron Mugulis|46/100
|-unboost|p1a: Iron Mugulis|spa|1
|move|p1a: Iron Mugulis|Calm Mind|p1a: Iron Mugulis
|-boost|p1a: Iron Mugulis|spa|1
|-boost|p1a: Iron Mugulis|spd|1
|
|upkeep
|turn|8
|
|t:|1760721029
|move|p2a: Iron Valiant|Moonblast|p1a: Iron Mugulis
|-damage|p1a: Iron Mugulis|10/100
|move|p1a: Iron Mugulis|Strength Sap|p2a: Iron Valiant
|-unboost|p2a: Iron Valiant|atk|1
|-heal|p1a: Iron Mugulis|79/100
|
|upkeep
|turn|9
|
|t:|1760721038
|move|p2a: Iron Valiant|Moonblast|p1a: Iron Mugulis
|-damage|p1a: Iron Mugulis|45/100
|move|p1a: Iron Mugulis|Calm Mind|p1a: Iron Mugulis
|-boost|p1a: Iron Mugulis|spa|1
|-boost|p1a: Iron Mugulis|spd|1
|
|-sideend|p1: n3684q|Reflect
|upkeep
|turn|10
|
|t:|1760721043
|move|p2a: Iron Valiant|Psyshock|p1a: Iron Mugulis
|-damage|p1a: Iron Mugulis|25/100
|move|p1a: Iron Mugulis|Strength Sap|p2a: Iron Valiant
|-unboost|p2a: Iron Valiant|atk|1
|-heal|p1a: Iron Mugulis|70/100
|
|upkeep
|turn|11
|
|t:|1760721049
|move|p2a: Iron Valiant|Moonblast|p1a: Iron Mugulis
|-damage|p1a: Iron Mugulis|40/100
|move|p1a: Iron Mugulis|Matcha Gotcha|p2a: Iron Valiant
|-damage|p2a: Iron Valiant|0 fnt
|-heal|p1a: Iron Mugulis|46/100|[from] drain|[of] p2a: Iron Valiant
|faint|p2a: Iron Valiant
|-end|p2a: Iron Valiant|Quark Drive|[silent]
|
|upkeep
|
|t:|1760721065
|switch|p2a: Enamorus|Enamorus, F|100/100
|turn|12
|
|t:|1760721070
|move|p2a: Enamorus|Sludge Bomb|p1a: Iron Mugulis
|-damage|p1a: Iron Mugulis|28/100
|move|p1a: Iron Mugulis|Shadow Ball|p2a: Enamorus
|-damage|p2a: Enamorus|37/100
|-boost|p2a: Enamorus|spd|1
|
|upkeep
|turn|13
|
|t:|1760721077
|move|p2a: Enamorus|Sludge Bomb|p1a: Iron Mugulis
|-damage|p1a: Iron Mugulis|9/100
|-status|p1a: Iron Mugulis|psn
|move|p1a: Iron Mugulis|Shadow Ball|p2a: Enamorus
|-damage|p2a: Enamorus|0 fnt
|faint|p2a: Enamorus
|
|-damage|p1a: Iron Mugulis|0 fnt|[from] psn
|faint|p1a: Iron Mugulis
|upkeep
|
|t:|1760721086
|switch|p2a: Great Tusk|Great Tusk|100/100
|switch|p1a: Itsume Probo|Probopass, M|100/100
|-enditem|p2a: Great Tusk|Booster Energy
|-activate|p2a: Great Tusk|ability: Protosynthesis|[fromitem]
|-start|p2a: Great Tusk|protosynthesisatk
|turn|14
|
|t:|1760721094
|move|p2a: Great Tusk|Rapid Spin|p1a: Itsume Probo
|-resisted|p1a: Itsume Probo
|-damage|p1a: Itsume Probo|97/100
|-boost|p2a: Great Tusk|spe|1
|-damage|p2a: Great Tusk|84/100|[from] item: Rocky Helmet|[of] p1a: Itsume Probo
|move|p1a: Itsume Probo|Stealth Rock|p2a: Great Tusk
|-sidestart|p2: Bastouf0795|move: Stealth Rock
|
|upkeep
|turn|15
|
|t:|1760721100
|move|p2a: Great Tusk|Headlong Rush|p1a: Itsume Probo
|-supereffective|p1a: Itsume Probo
|-damage|p1a: Itsume Probo|0 fnt
|-unboost|p2a: Great Tusk|def|1
|-unboost|p2a: Great Tusk|spd|1
|-damage|p2a: Great Tusk|68/100|[from] item: Rocky Helmet|[of] p1a: Itsume Probo
|faint|p1a: Itsume Probo
|
|upkeep
|
|t:|1760721108
|switch|p1a: Iron CHOP|Iron Crown|100/100
|turn|16
|
|t:|1760721112
|-terastallize|p2a: Great Tusk|Ground
|-terastallize|p1a: Iron CHOP|Water
|move|p2a: Great Tusk|Headlong Rush|p1a: Iron CHOP
|-damage|p1a: Iron CHOP|0 fnt
|-unboost|p2a: Great Tusk|def|1
|-unboost|p2a: Great Tusk|spd|1
|faint|p1a: Iron CHOP
|-end|p1a: Iron CHOP|Quark Drive|[silent]
|
|upkeep
|
|t:|1760721120
|switch|p1a: Freeze Corleone|Kyurem|100/100
|-ability|p1a: Freeze Corleone|Pressure
|turn|17
|
|t:|1760721124
|move|p2a: Great Tusk|Close Combat|p1a: Freeze Corleone
|-supereffective|p1a: Freeze Corleone
|-damage|p1a: Freeze Corleone|0 fnt
|-unboost|p2a: Great Tusk|def|1
|-unboost|p2a: Great Tusk|spd|1
|faint|p1a: Freeze Corleone
|
|win|Bastouf0795
|raw|n3684q's rating: 1399 &rarr; <strong>1380</strong><br />(-19 for losing)
|raw|Bastouf0795's rating: 1411 &rarr; <strong>1430</strong><br />(+19 for winning)
|l|☆n3684q
|player|p1|
|l|☆Bastouf0795
|player|p2|
