|j|☆gospel88
|j|☆Chief_Ironside
|t:|1760761082
|gametype|singles
|player|p1|gospel88|acetrainer-gen4dp|1346
|player|p2|Chief_Ironside|crasherwake|1377
|gen|9
|tier|[Gen 9] OU
|rated|
|rule|HP Percentage Mod: HP is shown in percentages
|rule|Endless Battle Clause: Forcing endless battles is banned
|rule|Species Clause: Limit one of each Pokémon
|rule|OHKO Clause: OHKO moves are banned
|rule|Evasion Items Clause: Evasion items are banned
|rule|Evasion Moves Clause: Evasion moves are banned
|rule|Evasion Abilities Clause: Evasion abilities are banned
|rule|Sleep Moves Clause: Sleep-inducing moves are banned
|clearpoke
|poke|p1|Venusaur, M|
|poke|p1|Zapdos|
|poke|p1|Houndoom, F|
|poke|p1|Mimikyu, F|
|poke|p1|Dragonite, F|
|poke|p1|Kingdra, M|
|poke|p2|Breloom, M|
|poke|p2|Infernape, M|
|poke|p2|Mandibuzz, F|
|poke|p2|Heatran, M|
|poke|p2|Araquanid, M|
|poke|p2|Latias, F|
|teampreview
|inactive|Battle timer is ON: inactive players will automatically lose when time's up. (requested by Chief_Ironside)
|
|t:|1760761112
|teamsize|p1|6
|teamsize|p2|6
|start
|switch|p1a: MeteorSwarm|Kingdra, M|100/100
|switch|p2a: Infernape|Infernape, M|100/100
|turn|1
|
|t:|1760761121
|move|p2a: Infernape|U-turn|p1a: MeteorSwarm
|-damage|p1a: MeteorSwarm|65/100
|
|t:|1760761127
|switch|p2a: Breloom|Breloom, M|100/100|[from] U-turn
|move|p1a: MeteorSwarm|Scald|p2a: Breloom
|-resisted|p2a: Breloom
|-damage|p2a: Breloom|69/100
|
|upkeep
|turn|2
|
|t:|1760761136
|move|p2a: Breloom|Bullet Seed|p1a: MeteorSwarm
|-damage|p1a: MeteorSwarm|45/100
|-damage|p1a: MeteorSwarm|23/100
|-damage|p1a: MeteorSwarm|4/100
|-damage|p1a: MeteorSwarm|0 fnt
|faint|p1a: MeteorSwarm
|-hitcount|p1: MeteorSwarm|4
|
|upkeep
|
|t:|1760761146
|switch|p1a: Venusaur|Venusaur, M|100/100
|turn|3
|
|t:|1760761150
|switch|p2a: Heatran|Heatran, M|100/100
|move|p1a: Venusaur|Curse|p1a: Venusaur
|-unboost|p1a: Venusaur|spe|1
|-boost|p1a: Venusaur|atk|1
|-boost|p1a: Venusaur|def|1
|
|upkeep
|turn|4
|
|t:|1760761158
|move|p2a: Heatran|Magma Storm|p1a: Venusaur|[miss]
|-miss|p2a: Heatran|p1a: Venusaur
|move|p1a: Venusaur|Leech Seed|p2a: Heatran
|-start|p2a: Heatran|move: Leech Seed
|
|-damage|p2a: Heatran|88/100|[from] Leech Seed|[of] p1a: Venusaur
|upkeep
|turn|5
|
|t:|1760761167
|move|p1a: Venusaur|Protect|p1a: Venusaur
|-singleturn|p1a: Venusaur|Protect
|move|p2a: Heatran|Taunt|p1a: Venusaur
|-activate|p1a: Venusaur|move: Protect
|
|-heal|p2a: Heatran|94/100|[from] item: Leftovers
|-damage|p2a: Heatran|82/100|[from] Leech Seed|[of] p1a: Venusaur
|upkeep
|turn|6
|
|t:|1760761191
|-terastallize|p1a: Venusaur|Dark
|move|p2a: Heatran|Taunt|p1a: Venusaur
|-start|p1a: Venusaur|move: Taunt
|move|p1a: Venusaur|Tera Blast|p2a: Heatran|[anim] Tera Blast Dark
|-damage|p2a: Heatran|44/100
|
|-heal|p2a: Heatran|50/100|[from] item: Leftovers
|-damage|p2a: Heatran|37/100|[from] Leech Seed|[of] p1a: Venusaur
|upkeep
|turn|7
|
|t:|1760761207
|switch|p2a: Araquanid|Araquanid, M|100/100
|move|p1a: Venusaur|Tera Blast|p2a: Araquanid|[anim] Tera Blast Dark
|-damage|p2a: Araquanid|66/100
|
|upkeep
|turn|8
|
|t:|1760761214
|move|p1a: Venusaur|Tera Blast|p2a: Araquanid|[anim] Tera Blast Dark
|-damage|p2a: Araquanid|29/100
|move|p2a: Araquanid|Surf|p1a: Venusaur
|-damage|p1a: Venusaur|66/100
|
|-heal|p1a: Venusaur|72/100|[from] item: Leftovers
|-end|p1a: Venusaur|move: Taunt
|upkeep
|turn|9
|
|t:|1760761225
|move|p2a: Araquanid|Endure|p2a: Araquanid
|-singleturn|p2a: Araquanid|move: Endure
|move|p1a: Venusaur|Tera Blast|p2a: Araquanid|[anim] Tera Blast Dark
|-activate|p2a: Araquanid|move: Endure
|-damage|p2a: Araquanid|1/100
|
|-heal|p1a: Venusaur|78/100|[from] item: Leftovers
|upkeep
|turn|10
|-enditem|p2a: Araquanid|Custap Berry|[eat]
|-activate|p2a: Araquanid|item: Custap Berry|[consumed]
|
|t:|1760761233
|move|p1a: Venusaur|Protect|p1a: Venusaur
|-singleturn|p1a: Venusaur|Protect
|move|p2a: Araquanid|Sticky Web|p1a: Venusaur
|-sidestart|p1: gospel88|move: Sticky Web
|
|-heal|p1a: Venusaur|84/100|[from] item: Leftovers
|upkeep
|turn|11
|
|t:|1760761242
|switch|p2a: Infernape|Infernape, M|100/100
|move|p1a: Venusaur|Tera Blast|p2a: Infernape|[anim] Tera Blast Dark
|-resisted|p2a: Infernape
|-damage|p2a: Infernape|75/100
|
|-heal|p1a: Venusaur|90/100|[from] item: Leftovers
|upkeep
|turn|12
|
|t:|1760761253
|switch|p1a: Zapdos|Zapdos|100/100
|move|p2a: Infernape|Close Combat|p1a: Zapdos
|-resisted|p1a: Zapdos
|-damage|p1a: Zapdos|68/100
|-unboost|p2a: Infernape|def|1
|-unboost|p2a: Infernape|spd|1
|-damage|p2a: Infernape|58/100|[from] item: Rocky Helmet|[of] p1a: Zapdos
|
|upkeep
|turn|13
|
|t:|1760761265
|switch|p2a: Araquanid|Araquanid, M|1/100
|move|p1a: Zapdos|Discharge|p2a: Araquanid
|-supereffective|p2a: Araquanid
|-damage|p2a: Araquanid|0 fnt
|faint|p2a: Araquanid
|
|upkeep
|
|t:|1760761269
|switch|p2a: Latias|Latias, F|100/100
|turn|14
|
|t:|1760761290
|switch|p1a: Venusaur|Venusaur, M, tera:Dark|90/100
|-activate|p1a: Venusaur|move: Sticky Web
|-unboost|p1a: Venusaur|spe|1
|move|p2a: Latias|Calm Mind|p2a: Latias
|-boost|p2a: Latias|spa|1
|-boost|p2a: Latias|spd|1
|
|-heal|p1a: Venusaur|96/100|[from] item: Leftovers
|upkeep
|turn|15
|
|t:|1760761304
|move|p2a: Latias|Agility|p2a: Latias
|-boost|p2a: Latias|spe|2
|move|p1a: Venusaur|Leech Seed|p2a: Latias
|-start|p2a: Latias|move: Leech Seed
|
|-heal|p1a: Venusaur|100/100|[from] item: Leftovers
|-damage|p2a: Latias|88/100|[from] Leech Seed|[of] p1a: Venusaur
|upkeep
|turn|16
|
|t:|1760761323
|move|p2a: Latias|Aura Sphere|p1a: Venusaur
|-supereffective|p1a: Venusaur
|-damage|p1a: Venusaur|60/100
|move|p1a: Venusaur|Curse|p1a: Venusaur
|-unboost|p1a: Venusaur|spe|1
|-boost|p1a: Venusaur|atk|1
|-boost|p1a: Venusaur|def|1
|
|-heal|p1a: Venusaur|66/100|[from] item: Leftovers
|-damage|p2a: Latias|76/100|[from] Leech Seed|[of] p1a: Venusaur
|-heal|p1a: Venusaur|79/100|[silent]
|upkeep
|turn|17
|
|t:|1760761336
|move|p2a: Latias|Calm Mind|p2a: Latias
|-boost|p2a: Latias|spa|1
|-boost|p2a: Latias|spd|1
|move|p1a: Venusaur|Tera Blast|p2a: Latias|[anim] Tera Blast Dark
|-supereffective|p2a: Latias
|-damage|p2a: Latias|15/100
|-enditem|p2a: Latias|Weakness Policy
|-boost|p2a: Latias|atk|2|[from] item: Weakness Policy
|-boost|p2a: Latias|spa|2|[from] item: Weakness Policy
|
|-heal|p1a: Venusaur|85/100|[from] item: Leftovers
|-damage|p2a: Latias|2/100|[from] Leech Seed|[of] p1a: Venusaur
|-heal|p1a: Venusaur|97/100|[silent]
|upkeep
|turn|18
|
|t:|1760761348
|move|p1a: Venusaur|Protect|p1a: Venusaur
|-singleturn|p1a: Venusaur|Protect
|move|p2a: Latias|Aura Sphere|p1a: Venusaur
|-activate|p1a: Venusaur|move: Protect
|
|-heal|p1a: Venusaur|100/100|[from] item: Leftovers
|-damage|p2a: Latias|0 fnt|[from] Leech Seed|[of] p1a: Venusaur
|faint|p2a: Latias
|upkeep
|-message|Chief_Ironside forfeited.
|
|win|gospel88
|raw|gospel88's rating: 1346 &rarr; <strong>1368</strong><br />(+22 for winning)
|raw|Chief_Ironside's rating: 1377 &rarr; <strong>1355</strong><br />(-22 for losing)
|l|☆Chief_Ironside
|player|p2|
|l|☆gospel88
|player|p1|
