|j|☆big clif
|j|☆yesterdaymister
|t:|1760887023
|gametype|singles
|player|p1|big clif|cynthia-gen4|1620
|player|p2|yesterdaymister|striker|1676
|gen|9
|tier|[Gen 9] OU
|rated|
|rule|HP Percentage Mod: HP is shown in percentages
|rule|Endless Battle Clause: Forcing endless battles is banned
|rule|Species Clause: Limit one of each Pokémon
|rule|OHKO Clause: OHKO moves are banned
|rule|Evasion Items Clause: Evasion items are banned
|rule|Evasion Moves Clause: Evasion moves are banned
|rule|Evasion Abilities Clause: Evasion abilities are banned
|rule|Sleep Moves Clause: Sleep-inducing moves are banned
|clearpoke
|poke|p1|Enamorus, F|
|poke|p1|Raging Bolt|
|poke|p1|Blaziken, F|
|poke|p1|Ogerpon-Wellspring, F|
|poke|p1|Kingambit, F|
|poke|p1|Glimmora, F|
|poke|p2|Ninetales, M|
|poke|p2|Ceruledge, M|
|poke|p2|Venusaur, M|
|poke|p2|Hatterene, F|
|poke|p2|Great Tusk|
|poke|p2|Walking Wake|
|teampreview
|inactive|Battle timer is ON: inactive players will automatically lose when time's up. (requested by yesterdaymister)
|inactive|big clif also wants the timer to be on.
|c|☆big clif|glhf
|c|☆yesterdaymister|u too
|
|t:|1760887035
|teamsize|p1|6
|teamsize|p2|6
|start
|switch|p1a: Ogerpon|Ogerpon-Wellspring, F|100/100
|switch|p2a: arda guler|Ninetales, M|100/100
|-weather|SunnyDay|[from] ability: Drought|[of] p2a: arda guler
|turn|1
|
|t:|1760887045
|switch|p2a: maccabi|Hatterene, F|100/100
|move|p1a: Ogerpon|Play Rough|p2a: maccabi
|-damage|p2a: maccabi|72/100
|-unboost|p2a: maccabi|atk|1
|-enditem|p2a: maccabi|Eject Button
|
|t:|1760887054
|switch|p2a: hans vanaken|Venusaur, M|100/100
|
|-weather|SunnyDay|[upkeep]
|upkeep
|turn|2
|j| iamfrhaan007
|inactive|big clif has 120 seconds left.
|
|t:|1760887090
|switch|p1a: Glimmora|Glimmora, F|100/100
|move|p2a: hans vanaken|Growth|p2a: hans vanaken
|-boost|p2a: hans vanaken|atk|2
|-boost|p2a: hans vanaken|spa|2
|
|-weather|SunnyDay|[upkeep]
|upkeep
|turn|3
|j| jsnsddk
|inactive|big clif has 120 seconds left.
|
|t:|1760887106
|move|p2a: hans vanaken|Giga Drain|p1a: Glimmora
|-damage|p1a: Glimmora|0 fnt
|faint|p1a: Glimmora
|-damage|p2a: hans vanaken|91/100|[from] item: Life Orb
|
|-weather|SunnyDay|[upkeep]
|upkeep
|
|t:|1760887126
|switch|p1a: Raging Bolt|Raging Bolt|100/100
|-activate|p1a: Raging Bolt|ability: Protosynthesis
|-start|p1a: Raging Bolt|protosynthesisspa
|turn|4
|inactive|big clif has 90 seconds left.
|
|t:|1760887150
|move|p2a: hans vanaken|Sludge Bomb|p1a: Raging Bolt
|-damage|p1a: Raging Bolt|1/100
|-damage|p2a: hans vanaken|81/100|[from] item: Life Orb
|move|p1a: Raging Bolt|Dragon Pulse|p2a: hans vanaken
|-damage|p2a: hans vanaken|0 fnt
|faint|p2a: hans vanaken
|
|-weather|SunnyDay|[upkeep]
|upkeep
|
|t:|1760887157
|switch|p2a: mignolet|Great Tusk|100/100
|-activate|p2a: mignolet|ability: Protosynthesis
|-start|p2a: mignolet|protosynthesisspe
|turn|5
|inactive|big clif has 90 seconds left.
|
|t:|1760887174
|-end|p1a: Raging Bolt|Protosynthesis|[silent]
|switch|p1a: Enamorus|Enamorus, F|100/100
|move|p2a: mignolet|Stealth Rock|p1a: Enamorus
|-sidestart|p1: big clif|move: Stealth Rock
|
|-weather|SunnyDay|[upkeep]
|upkeep
|turn|6
|inactive|big clif has 90 seconds left.
|inactive|big clif has 60 seconds left.
|
|t:|1760887231
|-end|p2a: mignolet|Protosynthesis|[silent]
|switch|p2a: lebron|Ceruledge, M|100/100
|-terastallize|p1a: Enamorus|Stellar
|move|p1a: Enamorus|Tera Blast|p2a: lebron|[anim] Tera Blast Stellar
|-damage|p2a: lebron|45/100
|-boost|p1a: Enamorus|atk|1
|-boost|p1a: Enamorus|spa|1
|
|-weather|SunnyDay|[upkeep]
|upkeep
|turn|7
|inactive|yesterdaymister has 120 seconds left.
|
|t:|1760887257
|move|p1a: Enamorus|Tera Blast|p2a: lebron|[anim] Tera Blast Stellar
|-damage|p2a: lebron|0 fnt
|-boost|p1a: Enamorus|atk|1
|-boost|p1a: Enamorus|spa|1
|faint|p2a: lebron
|
|-weather|SunnyDay|[upkeep]
|upkeep
|
|t:|1760887262
|switch|p2a: chama|Walking Wake|100/100
|-activate|p2a: chama|ability: Protosynthesis
|-start|p2a: chama|protosynthesisspa
|turn|8
|inactive|big clif has 60 seconds left.
|
|t:|1760887281
|switch|p1a: Raging Bolt|Raging Bolt|1/100
|-damage|p1a: Raging Bolt|0 fnt|[from] Stealth Rock
|faint|p1a: Raging Bolt
|-end|p1a: Raging Bolt|Protosynthesis|[silent]
|move|p2a: chama|Flamethrower|p1: Raging Bolt|[notarget]
|-fail|p2a: chama
|
|-weather|none
|-end|p2a: chama|Protosynthesis
|upkeep
|
|t:|1760887294
|switch|p1a: Ogerpon|Ogerpon-Wellspring, F|100/100
|-damage|p1a: Ogerpon|88/100|[from] Stealth Rock
|turn|9
|inactive|yesterdaymister has 120 seconds left.
|
|t:|1760887315
|-end|p2a: chama|Protosynthesis|[silent]
|switch|p2a: arda guler|Ninetales, M|100/100
|-weather|SunnyDay|[from] ability: Drought|[of] p2a: arda guler
|move|p1a: Ogerpon|Ivy Cudgel|p2a: arda guler|[anim] Ivy Cudgel Water
|-supereffective|p2a: arda guler
|-damage|p2a: arda guler|33/100
|
|-weather|SunnyDay|[upkeep]
|upkeep
|turn|10
|inactive|yesterdaymister has 120 seconds left.
|j| amimec
|
|t:|1760887328
|switch|p2a: maccabi|Hatterene, F|72/100
|move|p1a: Ogerpon|Ivy Cudgel|p2a: maccabi|[anim] Ivy Cudgel Water
|-damage|p2a: maccabi|47/100
|
|-weather|SunnyDay|[upkeep]
|upkeep
|turn|11
|inactive|big clif has 60 seconds left.
|
|t:|1760887340
|move|p1a: Ogerpon|U-turn|p2a: maccabi
|-crit|p2a: maccabi
|-damage|p2a: maccabi|12/100
|inactive|big clif has 60 seconds left.
|
|t:|1760887347
|switch|p1a: Blaziken|Blaziken, F|100/100|[from] U-turn
|-damage|p1a: Blaziken|88/100|[from] Stealth Rock
|move|p2a: maccabi|Nuzzle|p1a: Blaziken
|-damage|p1a: Blaziken|82/100
|-status|p1a: Blaziken|par
|
|-weather|SunnyDay|[upkeep]
|upkeep
|turn|12
|
|t:|1760887355
|move|p1a: Blaziken|Knock Off|p2a: maccabi
|-damage|p2a: maccabi|0 fnt
|faint|p2a: maccabi
|-damage|p1a: Blaziken|72/100 par|[from] item: Life Orb
|
|-weather|SunnyDay|[upkeep]
|-ability|p1a: Blaziken|Speed Boost|boost
|-boost|p1a: Blaziken|spe|1
|upkeep
|
|t:|1760887358
|switch|p2a: chama|Walking Wake|100/100
|-activate|p2a: chama|ability: Protosynthesis
|-start|p2a: chama|protosynthesisspa
|turn|13
|
|t:|1760887365
|move|p1a: Blaziken|Protect|p1a: Blaziken
|-singleturn|p1a: Blaziken|Protect
|move|p2a: chama|Flamethrower|p1a: Blaziken
|-activate|p1a: Blaziken|move: Protect
|
|-weather|SunnyDay|[upkeep]
|-ability|p1a: Blaziken|Speed Boost|boost
|-boost|p1a: Blaziken|spe|1
|upkeep
|turn|14
|
|t:|1760887375
|move|p2a: chama|Flamethrower|p1a: Blaziken
|-resisted|p1a: Blaziken
|-damage|p1a: Blaziken|0 fnt
|faint|p1a: Blaziken
|
|-weather|SunnyDay|[upkeep]
|upkeep
|inactive|big clif has 60 seconds left.
|
|t:|1760887402
|switch|p1a: Kingambit|Kingambit, F|100/100
|-damage|p1a: Kingambit|94/100|[from] Stealth Rock
|-activate|p1a: Kingambit|ability: Supreme Overlord
|-start|p1a: Kingambit|fallen3|[silent]
|turn|15
|
|t:|1760887416
|-end|p2a: chama|Protosynthesis|[silent]
|switch|p2a: mignolet|Great Tusk|100/100
|-activate|p2a: mignolet|ability: Protosynthesis
|-start|p2a: mignolet|protosynthesisspe
|move|p1a: Kingambit|Sucker Punch||[still]
|-fail|p1a: Kingambit
|
|-weather|SunnyDay|[upkeep]
|-heal|p1a: Kingambit|100/100|[from] item: Leftovers
|upkeep
|turn|16
|
|t:|1760887428
|move|p2a: mignolet|Ice Spinner|p1a: Kingambit
|-resisted|p1a: Kingambit
|-damage|p1a: Kingambit|90/100
|move|p1a: Kingambit|Low Kick|p2a: mignolet
|-damage|p2a: mignolet|59/100
|-damage|p1a: Kingambit|74/100|[from] item: Rocky Helmet|[of] p2a: mignolet
|
|-weather|none
|-end|p2a: mignolet|Protosynthesis
|-heal|p1a: Kingambit|80/100|[from] item: Leftovers
|upkeep
|turn|17
|inactive|big clif has 60 seconds left.
|
|t:|1760887446
|move|p1a: Kingambit|Sucker Punch|p2a: mignolet
|-resisted|p2a: mignolet
|-damage|p2a: mignolet|42/100
|-damage|p1a: Kingambit|64/100|[from] item: Rocky Helmet|[of] p2a: mignolet
|move|p2a: mignolet|Headlong Rush|p1a: Kingambit
|-supereffective|p1a: Kingambit
|-damage|p1a: Kingambit|0 fnt
|-unboost|p2a: mignolet|def|1
|-unboost|p2a: mignolet|spd|1
|faint|p1a: Kingambit
|-end|p1a: Kingambit|fallen3|[silent]
|
|upkeep
|
|t:|1760887451
|switch|p1a: Enamorus|Enamorus, F, tera:Stellar|100/100
|-damage|p1a: Enamorus|76/100|[from] Stealth Rock
|turn|18
|inactive|big clif has 60 seconds left.
|j| Ardaninhoo
|
|t:|1760887473
|-end|p2a: mignolet|Protosynthesis|[silent]
|switch|p2a: arda guler|Ninetales, M|33/100
|-weather|SunnyDay|[from] ability: Drought|[of] p2a: arda guler
|move|p1a: Enamorus|Tera Blast|p2a: arda guler|[anim] Tera Blast Stellar
|-damage|p2a: arda guler|0 fnt
|-boost|p1a: Enamorus|atk|1
|-boost|p1a: Enamorus|spa|1
|faint|p2a: arda guler
|
|-weather|SunnyDay|[upkeep]
|upkeep
|
|t:|1760887477
|switch|p2a: chama|Walking Wake|100/100
|-activate|p2a: chama|ability: Protosynthesis
|-start|p2a: chama|protosynthesisspa
|turn|19
|l| Ardaninhoo
|inactive|big clif has 60 seconds left.
|
|t:|1760887510
|switch|p1a: Ogerpon|Ogerpon-Wellspring, F|88/100
|-damage|p1a: Ogerpon|76/100|[from] Stealth Rock
|move|p2a: chama|Flamethrower|p1a: Ogerpon
|-damage|p1a: Ogerpon|0 fnt
|faint|p1a: Ogerpon
|
|-weather|SunnyDay|[upkeep]
|upkeep
|
|t:|1760887512
|switch|p1a: Enamorus|Enamorus, F, tera:Stellar|76/100
|-damage|p1a: Enamorus|51/100|[from] Stealth Rock
|turn|20
|j| Ardaninhoo
|
|t:|1760887523
|-terastallize|p2a: chama|Water
|move|p1a: Enamorus|Moonblast|p2a: chama
|-damage|p2a: chama|17/100
|move|p2a: chama|Flamethrower|p1a: Enamorus
|-damage|p1a: Enamorus|0 fnt
|faint|p1a: Enamorus
|
|win|yesterdaymister
|raw|big clif's rating: 1620 &rarr; <strong>1603</strong><br />(-17 for losing)
|raw|yesterdaymister's rating: 1676 &rarr; <strong>1693</strong><br />(+17 for winning)
|l|☆big clif
|player|p1|
|l|☆yesterdaymister
|player|p2|
|l| iamfrhaan007
|l| amimec
