|j|☆Denis ist toll amk
|j|☆wangischangis
|t:|1760848330
|gametype|singles
|player|p1|Denis ist toll amk|266|1127
|player|p2|wangischangis|170|1137
|gen|9
|tier|[Gen 9] OU
|rated|
|rule|HP Percentage Mod: HP is shown in percentages
|rule|Endless Battle Clause: Forcing endless battles is banned
|rule|Species Clause: Limit one of each Pokémon
|rule|OHKO Clause: OHKO moves are banned
|rule|Evasion Items Clause: Evasion items are banned
|rule|Evasion Moves Clause: Evasion moves are banned
|rule|Evasion Abilities Clause: Evasion abilities are banned
|rule|Sleep Moves Clause: Sleep-inducing moves are banned
|clearpoke
|poke|p1|Great Tusk|
|poke|p1|Kingambit, F|
|poke|p1|Scizor, M|
|poke|p1|Pecharunt|
|poke|p1|Dragonite, M|
|poke|p1|Arcanine-Hisui, M|
|poke|p2|Alomomola, F|
|poke|p2|Scizor, M|
|poke|p2|Incineroar, F|
|poke|p2|Porygon2|
|poke|p2|Glimmora, M|
|poke|p2|Gliscor, F|
|teampreview
|
|t:|1760848343
|teamsize|p1|6
|teamsize|p2|6
|start
|switch|p1a: Arcanine|Arcanine-Hisui, M|100/100
|switch|p2a: Gliscor|Gliscor, F|100/100
|turn|1
|
|t:|1760848352
|move|p2a: Gliscor|Protect|p2a: Gliscor
|-singleturn|p2a: Gliscor|Protect
|move|p1a: Arcanine|Double-Edge|p2a: Gliscor
|-activate|p2a: Gliscor|move: Protect
|
|-status|p2a: Gliscor|tox|[from] item: Toxic Orb
|upkeep
|turn|2
|
|t:|1760848358
|move|p1a: Arcanine|Double-Edge|p2a: Gliscor
|-crit|p2a: Gliscor
|-damage|p2a: Gliscor|40/100 tox
|move|p2a: Gliscor|Earthquake|p1a: Arcanine
|-supereffective|p1a: Arcanine
|-damage|p1a: Arcanine|0 fnt
|faint|p1a: Arcanine
|
|-heal|p2a: Gliscor|52/100 tox|[from] ability: Poison Heal
|upkeep
|
|t:|1760848366
|switch|p1a: Great Tusk|Great Tusk|100/100
|turn|3
|
|t:|1760848373
|move|p2a: Gliscor|Protect|p2a: Gliscor
|-singleturn|p2a: Gliscor|Protect
|move|p1a: Great Tusk|Ice Spinner|p2a: Gliscor
|-activate|p2a: Gliscor|move: Protect
|
|-heal|p2a: Gliscor|65/100 tox|[from] ability: Poison Heal
|upkeep
|turn|4
|
|t:|1760848378
|switch|p2a: Alomomola|Alomomola, F|100/100
|move|p1a: Great Tusk|Ice Spinner|p2a: Alomomola
|-resisted|p2a: Alomomola
|-damage|p2a: Alomomola|89/100
|-enditem|p2a: Alomomola|Eject Button
|-damage|p1a: Great Tusk|91/100|[from] item: Life Orb
|
|t:|1760848389
|switch|p2a: Incineroar|Incineroar, F|100/100
|-ability|p2a: Incineroar|Intimidate|boost
|-unboost|p1a: Great Tusk|atk|1
|
|upkeep
|turn|5
|
|t:|1760848395
|-end|p1a: Great Tusk|Protosynthesis|[silent]
|switch|p1a: Dragonite|Dragonite, M|100/100
|move|p2a: Incineroar|Fake Out|p1a: Dragonite
|-damage|p1a: Dragonite|84/100
|
|upkeep
|turn|6
|
|t:|1760848400
|move|p1a: Dragonite|Dragon Dance|p1a: Dragonite
|-boost|p1a: Dragonite|atk|1
|-boost|p1a: Dragonite|spe|1
|move|p2a: Incineroar|Knock Off|p1a: Dragonite
|-damage|p1a: Dragonite|16/100
|-enditem|p1a: Dragonite|Loaded Dice|[from] move: Knock Off|[of] p2a: Incineroar
|
|upkeep
|turn|7
|
|t:|1760848406
|move|p1a: Dragonite|Earthquake|p2a: Incineroar
|-supereffective|p2a: Incineroar
|-damage|p2a: Incineroar|0 fnt
|faint|p2a: Incineroar
|
|upkeep
|
|t:|1760848417
|switch|p2a: Porygon2|Porygon2|100/100
|-ability|p2a: Porygon2|Download|boost
|-boost|p2a: Porygon2|atk|1
|turn|8
|
|t:|1760848422
|move|p1a: Dragonite|Scale Shot|p2a: Porygon2
|-damage|p2a: Porygon2|87/100
|-damage|p2a: Porygon2|73/100
|-damage|p2a: Porygon2|58/100
|-damage|p2a: Porygon2|44/100
|-damage|p2a: Porygon2|28/100
|-hitcount|p2a: Porygon2|5
|-unboost|p1a: Dragonite|def|1
|-boost|p1a: Dragonite|spe|1
|move|p2a: Porygon2|Trick Room|p2a: Porygon2
|-fieldstart|move: Trick Room|[of] p2a: Porygon2
|
|upkeep
|turn|9
|
|t:|1760848427
|move|p2a: Porygon2|Ice Beam|p1a: Dragonite
|-supereffective|p1a: Dragonite
|-damage|p1a: Dragonite|0 fnt
|faint|p1a: Dragonite
|
|upkeep
|
|t:|1760848430
|switch|p1a: Pecharunt|Pecharunt|100/100
|turn|10
|
|t:|1760848433
|-terastallize|p2a: Porygon2|Ground
|move|p2a: Porygon2|Tera Blast|p1a: Pecharunt|[anim] Tera Blast Ground
|-supereffective|p1a: Pecharunt
|-damage|p1a: Pecharunt|64/100
|move|p1a: Pecharunt|Substitute|p1a: Pecharunt
|-start|p1a: Pecharunt|Substitute
|-damage|p1a: Pecharunt|39/100
|
|upkeep
|turn|11
|
|t:|1760848439
|move|p2a: Porygon2|Tera Blast|p1a: Pecharunt|[anim] Tera Blast Ground
|-supereffective|p1a: Pecharunt
|-end|p1a: Pecharunt|Substitute
|move|p1a: Pecharunt|Malignant Chain|p2a: Porygon2
|-resisted|p2a: Porygon2
|-damage|p2a: Porygon2|19/100
|-status|p2a: Porygon2|tox
|-start|p2a: Porygon2|confusion|[from] ability: Poison Puppeteer|[of] p1a: Pecharunt
|
|-damage|p2a: Porygon2|13/100 tox|[from] psn
|upkeep
|turn|12
|
|t:|1760848451
|switch|p2a: Alomomola|Alomomola, F|100/100
|move|p1a: Pecharunt|Destiny Bond|p1a: Pecharunt
|-singlemove|p1a: Pecharunt|Destiny Bond
|
|-fieldend|move: Trick Room
|upkeep
|turn|13
|c|☆wangischangis|!data pecharunt
|c| wangischangis|/raw <div class="message"><ul class="utilichart"><li class="result"><span class="col numcol">OU</span> <span class="col iconcol"><psicon pokemon="pecharunt"/></span> <span class="col pokemonnamecol" style="white-space:nowrap"><a href="https://dex.pokemonshowdown.com/pokemon/pecharunt" target="_blank">Pecharunt</a></span> <span class="col typecol"><img src="https://play.pokemonshowdown.com/sprites/types/Poison.png" alt="Poison" height="14" width="32"><img src="https://play.pokemonshowdown.com/sprites/types/Ghost.png" alt="Ghost" height="14" width="32"></span> <span style="float:left;min-height:26px"><span class="col abilitycol">Poison Puppeteer</span><span class="col abilitycol"></span></span><span style="float:left;min-height:26px"><span class="col statcol"><em>HP</em><br />88</span> <span class="col statcol"><em>Atk</em><br />88</span> <span class="col statcol"><em>Def</em><br />160</span> <span class="col statcol"><em>SpA</em><br />88</span> <span class="col statcol"><em>SpD</em><br />88</span> <span class="col statcol"><em>Spe</em><br />88</span> <span class="col bstcol"><em>BST<br />600</em></span> </span></li><li style="clear:both"></li></ul></div>

|
|t:|1760848458
|move|p1a: Pecharunt|Malignant Chain|p2a: Alomomola
|-damage|p2a: Alomomola|74/100
|-status|p2a: Alomomola|tox
|-start|p2a: Alomomola|confusion|[from] ability: Poison Puppeteer|[of] p1a: Pecharunt
|-activate|p2a: Alomomola|confusion
|-damage|p2a: Alomomola|69/100 tox|[from] confusion
|
|-damage|p2a: Alomomola|63/100 tox|[from] psn
|upkeep
|turn|14
|
|t:|1760848464
|switch|p2a: Porygon2|Porygon2, tera:Ground|13/100 tox
|-ability|p2a: Porygon2|Download|boost
|-boost|p2a: Porygon2|spa|1
|move|p1a: Pecharunt|Substitute|p1a: Pecharunt
|-start|p1a: Pecharunt|Substitute
|-damage|p1a: Pecharunt|14/100
|
|-damage|p2a: Porygon2|7/100 tox|[from] psn
|upkeep
|turn|15
|
|t:|1760848474
|switch|p2a: Alomomola|Alomomola, F|97/100 tox
|move|p1a: Pecharunt|Malignant Chain|p2a: Alomomola
|-damage|p2a: Alomomola|71/100 tox
|
|-damage|p2a: Alomomola|64/100 tox|[from] psn
|upkeep
|turn|16
|
|t:|1760848478
|move|p1a: Pecharunt|Parting Shot|p2a: Alomomola
|-unboost|p2a: Alomomola|atk|1
|-unboost|p2a: Alomomola|spa|1
|
|t:|1760848481
|switch|p1a: Scizor|Scizor, M|100/100|[from] Parting Shot
|move|p2a: Alomomola|Wish|p2a: Alomomola
|
|-damage|p2a: Alomomola|52/100 tox|[from] psn
|upkeep
|turn|17
|
|t:|1760848488
|move|p1a: Scizor|Dual Wingbeat|p2a: Alomomola
|-damage|p2a: Alomomola|29/100 tox
|-damage|p2a: Alomomola|5/100 tox
|-hitcount|p2a: Alomomola|2
|move|p2a: Alomomola|Flip Turn|p1a: Scizor
|-damage|p1a: Scizor|89/100
|
|t:|1760848491
|switch|p2a: Porygon2|Porygon2, tera:Ground|7/100 tox|[from] Flip Turn
|-ability|p2a: Porygon2|Download|boost
|-boost|p2a: Porygon2|spa|1
|
|-heal|p2a: Porygon2|78/100 tox|[from] move: Wish|[wisher] Alomomola
|-damage|p2a: Porygon2|72/100 tox|[from] psn
|upkeep
|turn|18
|
|t:|1760848500
|move|p1a: Scizor|Dual Wingbeat|p2a: Porygon2|[miss]
|-miss|p1a: Scizor|p2a: Porygon2
|move|p2a: Porygon2|Tera Blast|p1a: Scizor|[anim] Tera Blast Ground
|-damage|p1a: Scizor|31/100
|
|-damage|p2a: Porygon2|60/100 tox|[from] psn
|upkeep
|turn|19
|
|t:|1760848506
|switch|p1a: Great Tusk|Great Tusk|91/100
|move|p2a: Porygon2|Tera Blast|p1a: Great Tusk|[anim] Tera Blast Ground
|-damage|p1a: Great Tusk|13/100
|
|-damage|p2a: Porygon2|41/100 tox|[from] psn
|upkeep
|turn|20
|
|t:|1760848511
|move|p1a: Great Tusk|Ice Spinner|p2a: Porygon2
|-supereffective|p2a: Porygon2
|-damage|p2a: Porygon2|0 fnt
|faint|p2a: Porygon2
|-damage|p1a: Great Tusk|3/100|[from] item: Life Orb
|
|upkeep
|
|t:|1760848513
|switch|p2a: Scizor|Scizor, M|100/100
|turn|21
|
|t:|1760848517
|-end|p1a: Great Tusk|Protosynthesis|[silent]
|switch|p1a: Pecharunt|Pecharunt|14/100
|move|p2a: Scizor|Bullet Punch|p1a: Pecharunt
|-damage|p1a: Pecharunt|0 fnt
|faint|p1a: Pecharunt
|
|upkeep
|
|t:|1760848520
|switch|p1a: Scizor|Scizor, M|31/100
|turn|22
|
|t:|1760848525
|switch|p2a: Gliscor|Gliscor, F|65/100 tox
|move|p1a: Scizor|Dual Wingbeat|p2a: Gliscor
|-damage|p2a: Gliscor|40/100 tox
|-damage|p2a: Gliscor|14/100 tox
|-hitcount|p2a: Gliscor|2
|
|-heal|p2a: Gliscor|27/100 tox|[from] ability: Poison Heal
|upkeep
|turn|23
|
|t:|1760848527
|move|p2a: Gliscor|Protect|p2a: Gliscor
|-singleturn|p2a: Gliscor|Protect
|move|p1a: Scizor|Dual Wingbeat|p2a: Gliscor
|-activate|p2a: Gliscor|move: Protect
|
|-heal|p2a: Gliscor|39/100 tox|[from] ability: Poison Heal
|upkeep
|turn|24
|
|t:|1760848533
|move|p2a: Gliscor|Earthquake|p1a: Scizor
|-damage|p1a: Scizor|0 fnt
|faint|p1a: Scizor
|
|-heal|p2a: Gliscor|52/100 tox|[from] ability: Poison Heal
|upkeep
|
|t:|1760848536
|switch|p1a: Great Tusk|Great Tusk|3/100
|turn|25
|
|t:|1760848554
|move|p2a: Gliscor|Protect|p2a: Gliscor
|-singleturn|p2a: Gliscor|Protect
|move|p1a: Great Tusk|Ice Spinner|p2a: Gliscor
|-activate|p2a: Gliscor|move: Protect
|
|-heal|p2a: Gliscor|64/100 tox|[from] ability: Poison Heal
|upkeep
|turn|26
|
|t:|1760848561
|switch|p2a: Alomomola|Alomomola, F|39/100 tox
|move|p1a: Great Tusk|Ice Spinner|p2a: Alomomola
|-resisted|p2a: Alomomola
|-damage|p2a: Alomomola|27/100 tox
|-damage|p1a: Great Tusk|0 fnt|[from] item: Life Orb
|faint|p1a: Great Tusk
|-end|p1a: Great Tusk|Protosynthesis|[silent]
|
|-damage|p2a: Alomomola|21/100 tox|[from] psn
|upkeep
|
|t:|1760848563
|switch|p1a: Kingambit|Kingambit, F|100/100
|-activate|p1a: Kingambit|ability: Supreme Overlord
|-start|p1a: Kingambit|fallen5|[silent]
|turn|27
|
|t:|1760848566
|switch|p2a: Gliscor|Gliscor, F|64/100 tox
|move|p1a: Kingambit|Sucker Punch||[still]
|-fail|p1a: Kingambit
|
|-heal|p2a: Gliscor|77/100 tox|[from] ability: Poison Heal
|upkeep
|turn|28
|
|t:|1760848569
|move|p1a: Kingambit|Sucker Punch|p2a: Gliscor
|-damage|p2a: Gliscor|19/100 tox
|-damage|p1a: Kingambit|91/100|[from] item: Life Orb
|move|p2a: Gliscor|Earthquake|p1a: Kingambit
|-supereffective|p1a: Kingambit
|-damage|p1a: Kingambit|35/100
|
|-heal|p2a: Gliscor|31/100 tox|[from] ability: Poison Heal
|upkeep
|turn|29
|
|t:|1760848573
|move|p1a: Kingambit|Sucker Punch||[still]
|-fail|p1a: Kingambit
|move|p2a: Gliscor|Stealth Rock|p1a: Kingambit
|-sidestart|p1: Denis ist toll amk|move: Stealth Rock
|
|-heal|p2a: Gliscor|44/100 tox|[from] ability: Poison Heal
|upkeep
|turn|30
|
|t:|1760848575
|move|p2a: Gliscor|Protect|p2a: Gliscor
|-singleturn|p2a: Gliscor|Protect
|move|p1a: Kingambit|Sucker Punch||[still]
|-fail|p1a: Kingambit
|
|-heal|p2a: Gliscor|56/100 tox|[from] ability: Poison Heal
|upkeep
|turn|31
|
|t:|1760848581
|move|p2a: Gliscor|Earthquake|p1a: Kingambit
|-supereffective|p1a: Kingambit
|-damage|p1a: Kingambit|0 fnt
|faint|p1a: Kingambit
|-end|p1a: Kingambit|fallen5|[silent]
|
|win|wangischangis
|raw|Denis ist toll amk's rating: 1127 &rarr; <strong>1103</strong><br />(-24 for losing)
|raw|wangischangis's rating: 1137 &rarr; <strong>1161</strong><br />(+24 for winning)
|l|☆Denis ist toll amk
|player|p1|
|l|☆wangischangis
|player|p2|
