|j|☆CountryBoyz
|j|☆skater66
|t:|1760884406
|gametype|singles
|player|p1|CountryBoyz|265|1354
|player|p2|skater66|266|1332
|gen|9
|tier|[Gen 9] OU
|rated|
|rule|HP Percentage Mod: HP is shown in percentages
|rule|Endless Battle Clause: Forcing endless battles is banned
|rule|Species Clause: Limit one of each Pokémon
|rule|OHKO Clause: OHKO moves are banned
|rule|Evasion Items Clause: Evasion items are banned
|rule|Evasion Moves Clause: Evasion moves are banned
|rule|Evasion Abilities Clause: Evasion abilities are banned
|rule|Sleep Moves Clause: Sleep-inducing moves are banned
|clearpoke
|poke|p1|Raikou|
|poke|p1|Dragonite, M|
|poke|p1|Enamorus, F|
|poke|p1|Zapdos|
|poke|p1|Tsareena, F|
|poke|p1|Ting-Lu|
|poke|p2|Dragapult, M|
|poke|p2|Blaziken, M|
|poke|p2|Zapdos|
|poke|p2|Ditto|
|poke|p2|Glimmora, M|
|poke|p2|Great Tusk|
|teampreview
|inactive|Battle timer is ON: inactive players will automatically lose when time's up. (requested by skater66)
|
|t:|1760884413
|teamsize|p1|6
|teamsize|p2|6
|start
|switch|p1a: Tsareena|Tsareena, F|100/100
|switch|p2a: Glimmora|Glimmora, M|100/100
|turn|1
|
|t:|1760884418
|move|p2a: Glimmora|Mortal Spin|p1a: Tsareena
|-supereffective|p1a: Tsareena
|-damage|p1a: Tsareena|87/100
|-status|p1a: Tsareena|psn
|move|p1a: Tsareena|Power Whip|p2a: Glimmora
|-damage|p2a: Glimmora|27/100
|-activate|p2a: Glimmora|ability: Toxic Debris
|-sidestart|p1: CountryBoyz|move: Toxic Spikes
|
|-damage|p1a: Tsareena|74/100 psn|[from] psn
|upkeep
|turn|2
|
|t:|1760884432
|switch|p2a: Zapdos|Zapdos|100/100
|move|p1a: Tsareena|Rapid Spin|p2a: Zapdos
|-damage|p2a: Zapdos|80/100
|-boost|p1a: Tsareena|spe|1
|-sideend|p1: CountryBoyz|Toxic Spikes|[from] move: Rapid Spin|[of] p1a: Tsareena
|
|-damage|p1a: Tsareena|62/100 psn|[from] psn
|upkeep
|turn|3
|
|t:|1760884442
|move|p2a: Zapdos|Volt Switch|p1a: Tsareena
|-resisted|p1a: Tsareena
|-damage|p1a: Tsareena|47/100 psn
|-damage|p2a: Zapdos|70/100|[from] item: Life Orb
|
|t:|1760884451
|switch|p2a: Blaziken|Blaziken, M|100/100|[from] Volt Switch
|move|p1a: Tsareena|Knock Off|p2a: Blaziken
|-resisted|p2a: Blaziken
|-damage|p2a: Blaziken|74/100
|-enditem|p2a: Blaziken|Leftovers|[from] move: Knock Off|[of] p1a: Tsareena
|
|-damage|p1a: Tsareena|34/100 psn|[from] psn
|upkeep
|turn|4
|
|t:|1760884463
|move|p1a: Tsareena|Low Kick|p2a: Blaziken
|-damage|p2a: Blaziken|30/100
|move|p2a: Blaziken|Swords Dance|p2a: Blaziken
|-boost|p2a: Blaziken|atk|2
|
|-damage|p1a: Tsareena|22/100 psn|[from] psn
|-ability|p2a: Blaziken|Speed Boost|boost
|-boost|p2a: Blaziken|spe|1
|upkeep
|turn|5
|
|t:|1760884480
|move|p2a: Blaziken|Knock Off|p1a: Tsareena
|-damage|p1a: Tsareena|0 fnt
|-enditem|p1a: Tsareena|Assault Vest|[from] move: Knock Off|[of] p2a: Blaziken
|faint|p1a: Tsareena
|
|-ability|p2a: Blaziken|Speed Boost|boost
|-boost|p2a: Blaziken|spe|1
|upkeep
|
|t:|1760884485
|switch|p1a: Dragonite|Dragonite, M, shiny|100/100
|turn|6
|
|t:|1760884489
|move|p1a: Dragonite|Extreme Speed|p2a: Blaziken
|-damage|p2a: Blaziken|0 fnt
|faint|p2a: Blaziken
|
|upkeep
|
|t:|1760884501
|switch|p2a: Great Tusk|Great Tusk|100/100
|-enditem|p2a: Great Tusk|Booster Energy
|-activate|p2a: Great Tusk|ability: Protosynthesis|[fromitem]
|-start|p2a: Great Tusk|protosynthesisatk
|turn|7
|
|t:|1760884514
|switch|p1a: Zapdos|Zapdos|100/100
|move|p2a: Great Tusk|Rapid Spin|p1a: Zapdos
|-damage|p1a: Zapdos|82/100
|-boost|p2a: Great Tusk|spe|1
|-damage|p2a: Great Tusk|84/100|[from] item: Rocky Helmet|[of] p1a: Zapdos
|-status|p2a: Great Tusk|par|[from] ability: Static|[of] p1a: Zapdos
|
|upkeep
|turn|8
|
|t:|1760884522
|move|p1a: Zapdos|Hurricane|p2a: Great Tusk
|-supereffective|p2a: Great Tusk
|-damage|p2a: Great Tusk|0 fnt
|faint|p2a: Great Tusk
|-end|p2a: Great Tusk|Protosynthesis|[silent]
|
|upkeep
|
|t:|1760884528
|switch|p2a: Glimmora|Glimmora, M|27/100
|turn|9
|
|t:|1760884535
|move|p2a: Glimmora|Meteor Beam||[still]
|-prepare|p2a: Glimmora|Meteor Beam
|-boost|p2a: Glimmora|spa|1
|-enditem|p2a: Glimmora|Power Herb
|-anim|p2a: Glimmora|Meteor Beam|p1a: Zapdos
|-supereffective|p1a: Zapdos
|-damage|p1a: Zapdos|0 fnt
|faint|p1a: Zapdos
|
|upkeep
|
|t:|1760884547
|switch|p1a: Enamorus|Enamorus, F|100/100
|turn|10
|
|t:|1760884551
|move|p1a: Enamorus|Moonblast|p2a: Glimmora
|-resisted|p2a: Glimmora
|-damage|p2a: Glimmora|0 fnt
|faint|p2a: Glimmora
|
|upkeep
|
|t:|1760884558
|switch|p2a: Zapdos|Zapdos|70/100
|turn|11
|
|t:|1760884563
|-terastallize|p1a: Enamorus|Fairy
|move|p1a: Enamorus|Moonblast|p2a: Zapdos
|-damage|p2a: Zapdos|0 fnt
|faint|p2a: Zapdos
|
|upkeep
|
|t:|1760884580
|switch|p2a: Dragapult|Dragapult, M|100/100
|turn|12
|
|t:|1760884584
|move|p2a: Dragapult|U-turn|p1a: Enamorus
|-resisted|p1a: Enamorus
|-damage|p1a: Enamorus|71/100
|
|t:|1760884586
|switch|p2a: Ditto|Ditto|100/100|[from] U-turn
|-transform|p2a: Ditto|p1a: Enamorus|[from] ability: Imposter
|move|p1a: Enamorus|Moonblast|p2a: Ditto
|-damage|p2a: Ditto|0 fnt
|faint|p2a: Ditto
|
|upkeep
|
|t:|1760884594
|switch|p2a: Dragapult|Dragapult, M|100/100
|turn|13
|
|t:|1760884598
|move|p2a: Dragapult|Phantom Force||[still]
|-prepare|p2a: Dragapult|Phantom Force
|move|p1a: Enamorus|Moonblast|p2a: Dragapult|[miss]
|-miss|p1a: Enamorus|p2a: Dragapult
|
|upkeep
|turn|14
|
|t:|1760884603
|switch|p1a: Ting-Lu|Ting-Lu|100/100
|-ability|p1a: Ting-Lu|Vessel of Ruin
|move|p2a: Dragapult|Phantom Force|p1a: Ting-Lu|[from] lockedmove
|-resisted|p1a: Ting-Lu
|-damage|p1a: Ting-Lu|83/100
|-damage|p2a: Dragapult|84/100|[from] item: Rocky Helmet|[of] p1a: Ting-Lu
|
|upkeep
|turn|15
|-message|skater66 forfeited.
|
|win|CountryBoyz
|raw|CountryBoyz's rating: 1354 &rarr; <strong>1373</strong><br />(+19 for winning)
|raw|skater66's rating: 1332 &rarr; <strong>1313</strong><br />(-19 for losing)
|l|☆skater66
|player|p2|
