|j|☆Final boss11
|j|☆salty pepperer
|t:|1760736657
|gametype|singles
|player|p1|Final boss11|cynthia-gen4|1374
|player|p2|salty pepperer|1|1367
|gen|9
|tier|[Gen 9] OU
|rated|
|rule|HP Percentage Mod: HP is shown in percentages
|rule|Endless Battle Clause: Forcing endless battles is banned
|rule|Species Clause: Limit one of each Pokémon
|rule|OHKO Clause: OHKO moves are banned
|rule|Evasion Items Clause: Evasion items are banned
|rule|Evasion Moves Clause: Evasion moves are banned
|rule|Evasion Abilities Clause: Evasion abilities are banned
|rule|Sleep Moves Clause: Sleep-inducing moves are banned
|clearpoke
|poke|p1|Lokix, F|
|poke|p1|Pecharunt|
|poke|p1|Alomomola, M|
|poke|p1|Great Tusk|
|poke|p1|Kingambit, F|
|poke|p1|Latios, M|
|poke|p2|Ursaluna, F|
|poke|p2|Alomomola, F|
|poke|p2|Rillaboom, M|
|poke|p2|Tinkaton, F|
|poke|p2|Quaquaval, M|
|poke|p2|Latios, M|
|teampreview
|inactive|Battle timer is ON: inactive players will automatically lose when time's up. (requested by Final boss11)
|inactive|Final boss11 has 120 seconds left.
|
|t:|1760736691
|teamsize|p1|6
|teamsize|p2|6
|start
|switch|p1a: Lokix|Lokix, F, shiny|100/100
|switch|p2a: Tinkaton|Tinkaton, F|100/100
|-ability|p2a: Tinkaton|Mold Breaker
|turn|1
|
|t:|1760736716
|switch|p1a: Great Tusk|Great Tusk|100/100
|move|p2a: Tinkaton|Gigaton Hammer|p1a: Great Tusk
|-damage|p1a: Great Tusk|73/100
|
|upkeep
|turn|2
|inactive|salty pepperer has 120 seconds left.
|
|t:|1760736746
|switch|p2a: Rillaboom|Rillaboom, M|100/100
|-fieldstart|move: Grassy Terrain|[from] ability: Grassy Surge|[of] p2a: Rillaboom
|move|p1a: Great Tusk|Stealth Rock|p2a: Rillaboom
|-sidestart|p2: salty pepperer|move: Stealth Rock
|
|-heal|p1a: Great Tusk|80/100|[from] Grassy Terrain
|upkeep
|turn|3
|inactive|salty pepperer has 120 seconds left.
|inactive|salty pepperer has 90 seconds left.
|
|t:|1760736792
|-end|p1a: Great Tusk|Protosynthesis|[silent]
|switch|p1a: Pecharunt|Pecharunt|100/100
|-item|p1a: Pecharunt|Air Balloon
|move|p2a: Rillaboom|U-turn|p1a: Pecharunt
|-resisted|p1a: Pecharunt
|-damage|p1a: Pecharunt|98/100
|-enditem|p1a: Pecharunt|Air Balloon
|
|t:|1760736798
|switch|p2a: Latios|Latios, M|100/100|[from] U-turn
|-damage|p2a: Latios|88/100|[from] Stealth Rock
|
|-heal|p1a: Pecharunt|100/100|[from] Grassy Terrain
|upkeep
|turn|4
|inactive|salty pepperer has 90 seconds left.
|
|t:|1760736818
|switch|p1a: Alomomola|Alomomola, M|100/100
|move|p2a: Latios|Aura Sphere|p1a: Alomomola
|-damage|p1a: Alomomola|81/100
|
|-heal|p1a: Alomomola|88/100|[from] Grassy Terrain
|upkeep
|turn|5
|inactive|salty pepperer has 90 seconds left.
|
|t:|1760736833
|switch|p2a: Ursaluna|Ursaluna, F|100/100
|-damage|p2a: Ursaluna|94/100|[from] Stealth Rock
|move|p1a: Alomomola|Play Rough|p2a: Ursaluna|[miss]
|-miss|p1a: Alomomola|p2a: Ursaluna
|
|-heal|p2a: Ursaluna|100/100|[from] Grassy Terrain
|-heal|p1a: Alomomola|94/100|[from] Grassy Terrain
|-status|p2a: Ursaluna|brn|[from] item: Flame Orb
|upkeep
|turn|6
|inactive|salty pepperer has 90 seconds left.
|
|t:|1760736847
|move|p2a: Ursaluna|Fire Punch|p1a: Alomomola
|-resisted|p1a: Alomomola
|-damage|p1a: Alomomola|80/100
|-status|p1a: Alomomola|brn
|move|p1a: Alomomola|Flip Turn|p2a: Ursaluna
|-supereffective|p2a: Ursaluna
|-damage|p2a: Ursaluna|90/100 brn
|inactive|Final boss11 has 120 seconds left.
|
|t:|1760736873
|switch|p1a: Latios|Latios, M|100/100|[from] Flip Turn
|
|-heal|p2a: Ursaluna|96/100 brn|[from] Grassy Terrain
|-damage|p2a: Ursaluna|90/100 brn|[from] brn
|upkeep
|turn|7
|inactive|Final boss11 has 90 seconds left.
|
|t:|1760736903
|switch|p2a: Tinkaton|Tinkaton, F|100/100
|-damage|p2a: Tinkaton|94/100|[from] Stealth Rock
|-ability|p2a: Tinkaton|Mold Breaker
|move|p1a: Latios|Luster Purge|p2a: Tinkaton
|-resisted|p2a: Tinkaton
|-damage|p2a: Tinkaton|61/100
|-unboost|p2a: Tinkaton|spd|1
|
|-heal|p2a: Tinkaton|67/100|[from] Grassy Terrain
|-heal|p2a: Tinkaton|73/100|[from] item: Leftovers
|upkeep
|turn|8
|inactive|Final boss11 has 90 seconds left.
|inactive|salty pepperer has 90 seconds left.
|
|t:|1760736927
|switch|p1a: Great Tusk|Great Tusk|80/100
|switch|p2a: Latios|Latios, M|88/100
|-damage|p2a: Latios|76/100|[from] Stealth Rock
|
|-heal|p1a: Great Tusk|86/100|[from] Grassy Terrain
|upkeep
|turn|9
|
|t:|1760736934
|-end|p1a: Great Tusk|Protosynthesis|[silent]
|switch|p1a: Alomomola|Alomomola, M|100/100 brn
|move|p2a: Latios|Draco Meteor|p1a: Alomomola
|-damage|p1a: Alomomola|56/100 brn
|-unboost|p2a: Latios|spa|2
|
|-heal|p1a: Alomomola|62/100 brn|[from] Grassy Terrain
|-damage|p1a: Alomomola|56/100 brn|[from] brn
|-fieldend|move: Grassy Terrain
|upkeep
|turn|10
|
|t:|1760736945
|switch|p2a: Rillaboom|Rillaboom, M|100/100
|-damage|p2a: Rillaboom|88/100|[from] Stealth Rock
|-fieldstart|move: Grassy Terrain|[from] ability: Grassy Surge|[of] p2a: Rillaboom
|move|p1a: Alomomola|Flip Turn|p2a: Rillaboom
|-resisted|p2a: Rillaboom
|-damage|p2a: Rillaboom|85/100
|
|t:|1760736955
|switch|p1a: Lokix|Lokix, F, shiny|100/100|[from] Flip Turn
|
|-heal|p2a: Rillaboom|91/100|[from] Grassy Terrain
|upkeep
|turn|11
|inactive|salty pepperer has 90 seconds left.
|
|t:|1760736986
|switch|p2a: Alomomola|Alomomola, F|100/100
|move|p1a: Lokix|First Impression|p2a: Alomomola
|-damage|p2a: Alomomola|68/100
|
|-heal|p2a: Alomomola|75/100|[from] Grassy Terrain
|upkeep
|turn|12
|
|t:|1760736997
|switch|p1a: Alomomola|Alomomola, M|89/100 brn
|move|p2a: Alomomola|Flip Turn|p1a: Alomomola
|-resisted|p1a: Alomomola
|-damage|p1a: Alomomola|84/100 brn
|
|t:|1760737002
|switch|p2a: Ursaluna|Ursaluna, F|90/100 brn|[from] Flip Turn
|-damage|p2a: Ursaluna|84/100 brn|[from] Stealth Rock
|
|-heal|p2a: Ursaluna|90/100 brn|[from] Grassy Terrain
|-heal|p1a: Alomomola|90/100 brn|[from] Grassy Terrain
|-damage|p2a: Ursaluna|84/100 brn|[from] brn
|-damage|p1a: Alomomola|84/100 brn|[from] brn
|upkeep
|turn|13
|inactive|Final boss11 has 120 seconds left.
|inactive|salty pepperer has 90 seconds left.
|
|t:|1760737009
|move|p2a: Ursaluna|Facade|p1a: Alomomola
|-damage|p1a: Alomomola|11/100 brn
|move|p1a: Alomomola|Flip Turn|p2a: Ursaluna
|-supereffective|p2a: Ursaluna
|-damage|p2a: Ursaluna|72/100 brn
|inactive|Final boss11 has 120 seconds left.
|inactive|Final boss11 has 90 seconds left.
|
|t:|1760737045
|switch|p1a: Latios|Latios, M|100/100|[from] Flip Turn
|
|-heal|p2a: Ursaluna|78/100 brn|[from] Grassy Terrain
|-damage|p2a: Ursaluna|72/100 brn|[from] brn
|upkeep
|turn|14
|inactive|salty pepperer has 90 seconds left.
|inactive|salty pepperer has 60 seconds left.
|
|t:|1760737100
|switch|p2a: Tinkaton|Tinkaton, F|73/100
|-damage|p2a: Tinkaton|67/100|[from] Stealth Rock
|-ability|p2a: Tinkaton|Mold Breaker
|move|p1a: Latios|Luster Purge|p2a: Tinkaton
|-resisted|p2a: Tinkaton
|-damage|p2a: Tinkaton|31/100
|-unboost|p2a: Tinkaton|spd|1
|
|-heal|p2a: Tinkaton|37/100|[from] Grassy Terrain
|-heal|p2a: Tinkaton|43/100|[from] item: Leftovers
|upkeep
|turn|15
|inactive|salty pepperer has 60 seconds left.
|
|t:|1760737115
|switch|p2a: Latios|Latios, M|76/100
|-damage|p2a: Latios|64/100|[from] Stealth Rock
|move|p1a: Latios|Luster Purge|p2a: Latios
|-resisted|p2a: Latios
|-damage|p2a: Latios|24/100
|
|upkeep
|turn|16
|inactive|salty pepperer has 60 seconds left.
|
|t:|1760737122
|switch|p1a: Alomomola|Alomomola, M|44/100 brn
|move|p2a: Latios|Draco Meteor|p1a: Alomomola
|-damage|p1a: Alomomola|1/100 brn
|-unboost|p2a: Latios|spa|2
|
|-heal|p1a: Alomomola|7/100 brn|[from] Grassy Terrain
|-damage|p1a: Alomomola|1/100 brn|[from] brn
|upkeep
|turn|17
|
|t:|1760737143
|switch|p1a: Pecharunt|Pecharunt|100/100
|move|p2a: Latios|Draco Meteor|p1a: Pecharunt
|-damage|p1a: Pecharunt|63/100
|-unboost|p2a: Latios|spa|2
|
|-heal|p1a: Pecharunt|69/100|[from] Grassy Terrain
|-fieldend|move: Grassy Terrain
|upkeep
|turn|18
|
|t:|1760737154
|switch|p2a: Ursaluna|Ursaluna, F|72/100 brn
|-damage|p2a: Ursaluna|66/100 brn|[from] Stealth Rock
|move|p1a: Pecharunt|Malignant Chain|p2a: Ursaluna
|-resisted|p2a: Ursaluna
|-damage|p2a: Ursaluna|52/100 brn
|
|-damage|p2a: Ursaluna|46/100 brn|[from] brn
|upkeep
|turn|19
|
|t:|1760737171
|switch|p1a: Great Tusk|Great Tusk|86/100
|move|p2a: Ursaluna|Headlong Rush|p1a: Great Tusk
|-damage|p1a: Great Tusk|21/100
|-unboost|p2a: Ursaluna|def|1
|-unboost|p2a: Ursaluna|spd|1
|-damage|p2a: Ursaluna|30/100 brn|[from] item: Rocky Helmet|[of] p1a: Great Tusk
|
|-damage|p2a: Ursaluna|23/100 brn|[from] brn
|upkeep
|turn|20
|
|t:|1760737183
|switch|p2a: Alomomola|Alomomola, F|100/100
|move|p1a: Great Tusk|Headlong Rush|p2a: Alomomola
|-damage|p2a: Alomomola|64/100
|-unboost|p1a: Great Tusk|def|1
|-unboost|p1a: Great Tusk|spd|1
|
|upkeep
|turn|21
|
|t:|1760737201
|-end|p1a: Great Tusk|Protosynthesis|[silent]
|switch|p1a: Alomomola|Alomomola, M|34/100 brn
|move|p2a: Alomomola|Wish|p2a: Alomomola
|
|-damage|p1a: Alomomola|28/100 brn|[from] brn
|upkeep
|turn|22
|
|t:|1760737213
|move|p2a: Alomomola|Flip Turn|p1a: Alomomola
|-resisted|p1a: Alomomola
|-damage|p1a: Alomomola|23/100 brn
|
|t:|1760737216
|switch|p2a: Ursaluna|Ursaluna, F|23/100 brn|[from] Flip Turn
|-damage|p2a: Ursaluna|17/100 brn|[from] Stealth Rock
|move|p1a: Alomomola|Scald|p2a: Ursaluna
|-supereffective|p2a: Ursaluna
|-damage|p2a: Ursaluna|0 fnt
|faint|p2a: Ursaluna
|
|-damage|p1a: Alomomola|17/100 brn|[from] brn
|upkeep
|inactive|salty pepperer has 60 seconds left.
|
|t:|1760737247
|switch|p2a: Rillaboom|Rillaboom, M|91/100
|-damage|p2a: Rillaboom|78/100|[from] Stealth Rock
|-fieldstart|move: Grassy Terrain|[from] ability: Grassy Surge|[of] p2a: Rillaboom
|turn|23
|
|t:|1760737261
|switch|p1a: Great Tusk|Great Tusk|21/100
|move|p2a: Rillaboom|Knock Off|p1a: Great Tusk
|-resisted|p1a: Great Tusk
|-damage|p1a: Great Tusk|11/100
|-damage|p2a: Rillaboom|62/100|[from] item: Rocky Helmet|[of] p1a: Great Tusk
|-enditem|p1a: Great Tusk|Rocky Helmet|[from] move: Knock Off|[of] p2a: Rillaboom
|
|-heal|p1a: Great Tusk|17/100|[from] Grassy Terrain
|-heal|p2a: Rillaboom|68/100|[from] Grassy Terrain
|upkeep
|turn|24
|
|t:|1760737275
|move|p2a: Rillaboom|Grassy Glide|p1a: Great Tusk
|-supereffective|p1a: Great Tusk
|-damage|p1a: Great Tusk|0 fnt
|faint|p1a: Great Tusk
|-end|p1a: Great Tusk|Protosynthesis|[silent]
|
|-heal|p2a: Rillaboom|74/100|[from] Grassy Terrain
|upkeep
|inactive|Final boss11 has 90 seconds left.
|
|t:|1760737301
|switch|p1a: Pecharunt|Pecharunt|69/100
|turn|25
|inactive|Final boss11 has 90 seconds left.
|
|t:|1760737312
|switch|p2a: Tinkaton|Tinkaton, F|43/100
|-damage|p2a: Tinkaton|37/100|[from] Stealth Rock
|-ability|p2a: Tinkaton|Mold Breaker
|move|p1a: Pecharunt|Foul Play|p2a: Tinkaton
|-resisted|p2a: Tinkaton
|-damage|p2a: Tinkaton|28/100
|
|-heal|p2a: Tinkaton|34/100|[from] Grassy Terrain
|-heal|p2a: Tinkaton|40/100|[from] item: Leftovers
|-heal|p1a: Pecharunt|75/100|[from] Grassy Terrain
|upkeep
|turn|26
|inactive|Final boss11 has 90 seconds left.
|inactive|salty pepperer has 60 seconds left.
|
|t:|1760737348
|switch|p1a: Alomomola|Alomomola, M|50/100 brn
|move|p2a: Tinkaton|Stealth Rock|p1a: Alomomola
|-sidestart|p1: Final boss11|move: Stealth Rock
|
|-heal|p2a: Tinkaton|46/100|[from] Grassy Terrain
|-heal|p2a: Tinkaton|52/100|[from] item: Leftovers
|-heal|p1a: Alomomola|57/100 brn|[from] Grassy Terrain
|-damage|p1a: Alomomola|50/100 brn|[from] brn
|upkeep
|turn|27
|inactive|Final boss11 has 90 seconds left.
|inactive|salty pepperer has 60 seconds left.
|inactive|salty pepperer has 30 seconds left.
|inactive|salty pepperer has 20 seconds left.
|
|t:|1760737394
|switch|p2a: Alomomola|Alomomola, F|97/100
|move|p1a: Alomomola|Flip Turn|p2a: Alomomola
|-resisted|p2a: Alomomola
|-damage|p2a: Alomomola|95/100
|
|t:|1760737408
|switch|p1a: Pecharunt|Pecharunt|75/100|[from] Flip Turn
|-damage|p1a: Pecharunt|63/100|[from] Stealth Rock
|
|-heal|p1a: Pecharunt|69/100|[from] Grassy Terrain
|-heal|p2a: Alomomola|100/100|[from] Grassy Terrain
|upkeep
|turn|28
|inactive|salty pepperer has 30 seconds left.
|
|t:|1760737416
|switch|p2a: Tinkaton|Tinkaton, F|52/100
|-damage|p2a: Tinkaton|46/100|[from] Stealth Rock
|-ability|p2a: Tinkaton|Mold Breaker
|move|p1a: Pecharunt|Parting Shot|p2a: Tinkaton
|-unboost|p2a: Tinkaton|atk|1
|-unboost|p2a: Tinkaton|spa|1
|
|t:|1760737430
|switch|p1a: Latios|Latios, M|100/100|[from] Parting Shot
|-damage|p1a: Latios|88/100|[from] Stealth Rock
|
|-heal|p2a: Tinkaton|52/100|[from] Grassy Terrain
|-heal|p2a: Tinkaton|58/100|[from] item: Leftovers
|upkeep
|turn|29
|inactive|Final boss11 has 60 seconds left.
|
|t:|1760737473
|move|p1a: Latios|Aura Sphere|p2a: Tinkaton
|-damage|p2a: Tinkaton|21/100
|move|p2a: Tinkaton|Thunder Wave|p1a: Latios
|-status|p1a: Latios|par
|
|-heal|p2a: Tinkaton|28/100|[from] Grassy Terrain
|-heal|p2a: Tinkaton|34/100|[from] item: Leftovers
|upkeep
|turn|30
|
|t:|1760737490
|switch|p2a: Quaquaval|Quaquaval, M|100/100
|-damage|p2a: Quaquaval|94/100|[from] Stealth Rock
|move|p1a: Latios|Aura Sphere|p2a: Quaquaval
|-damage|p2a: Quaquaval|63/100
|
|-heal|p2a: Quaquaval|69/100|[from] Grassy Terrain
|-fieldend|move: Grassy Terrain
|upkeep
|turn|31
|inactive|Final boss11 has 60 seconds left.
|inactive|salty pepperer has 30 seconds left.
|
|t:|1760737513
|switch|p1a: Pecharunt|Pecharunt|69/100
|-damage|p1a: Pecharunt|57/100|[from] Stealth Rock
|move|p2a: Quaquaval|Rapid Spin|p1a: Pecharunt
|-immune|p1a: Pecharunt
|
|upkeep
|turn|32
|inactive|salty pepperer has 30 seconds left.
|
|t:|1760737523
|switch|p2a: Tinkaton|Tinkaton, F|34/100
|-damage|p2a: Tinkaton|28/100|[from] Stealth Rock
|-ability|p2a: Tinkaton|Mold Breaker
|move|p1a: Pecharunt|Malignant Chain|p2a: Tinkaton
|-immune|p2a: Tinkaton
|
|-heal|p2a: Tinkaton|34/100|[from] item: Leftovers
|upkeep
|turn|33
|inactive|salty pepperer has 30 seconds left.
|
|t:|1760737535
|move|p2a: Tinkaton|Encore|p1a: Pecharunt
|-start|p1a: Pecharunt|Encore
|move|p1a: Pecharunt|Malignant Chain|p2a: Tinkaton
|-immune|p2a: Tinkaton
|
|-heal|p2a: Tinkaton|40/100|[from] item: Leftovers
|upkeep
|turn|34
|
|t:|1760737548
|switch|p1a: Latios|Latios, M|88/100 par
|-damage|p1a: Latios|76/100 par|[from] Stealth Rock
|move|p2a: Tinkaton|Thunder Wave|p1a: Latios
|-fail|p1a: Latios|par
|
|-heal|p2a: Tinkaton|46/100|[from] item: Leftovers
|upkeep
|turn|35
|inactive|salty pepperer has 30 seconds left.
|
|t:|1760737565
|move|p2a: Tinkaton|Gigaton Hammer|p1a: Latios
|-damage|p1a: Latios|17/100 par
|move|p1a: Latios|Luster Purge|p2a: Tinkaton
|-resisted|p2a: Tinkaton
|-damage|p2a: Tinkaton|8/100
|-unboost|p2a: Tinkaton|spd|1
|
|-heal|p2a: Tinkaton|14/100|[from] item: Leftovers
|upkeep
|turn|36
|inactive|salty pepperer has 30 seconds left.
|
|t:|1760737577
|switch|p2a: Latios|Latios, M|24/100
|-damage|p2a: Latios|12/100|[from] Stealth Rock
|move|p1a: Latios|Luster Purge|p2a: Latios
|-resisted|p2a: Latios
|-damage|p2a: Latios|0 fnt
|faint|p2a: Latios
|
|upkeep
|inactive|salty pepperer has 30 seconds left.
|
|t:|1760737585
|switch|p2a: Rillaboom|Rillaboom, M|74/100
|-damage|p2a: Rillaboom|62/100|[from] Stealth Rock
|-fieldstart|move: Grassy Terrain|[from] ability: Grassy Surge|[of] p2a: Rillaboom
|turn|37
|
|t:|1760737590
|move|p2a: Rillaboom|Knock Off|p1a: Latios
|-supereffective|p1a: Latios
|-damage|p1a: Latios|0 fnt
|-enditem|p1a: Latios|Choice Specs|[from] move: Knock Off|[of] p2a: Rillaboom
|faint|p1a: Latios
|
|-heal|p2a: Rillaboom|68/100|[from] Grassy Terrain
|upkeep
|
|t:|1760737603
|switch|p1a: Lokix|Lokix, F, shiny|100/100
|-damage|p1a: Lokix|76/100|[from] Stealth Rock
|turn|38
|
|t:|1760737611
|switch|p2a: Alomomola|Alomomola, F|100/100
|move|p1a: Lokix|First Impression|p2a: Alomomola
|-damage|p2a: Alomomola|70/100
|
|-heal|p1a: Lokix|82/100|[from] Grassy Terrain
|-heal|p2a: Alomomola|76/100|[from] Grassy Terrain
|upkeep
|turn|39
|
|t:|1760737619
|switch|p1a: Alomomola|Alomomola, M|84/100 brn
|-damage|p1a: Alomomola|71/100 brn|[from] Stealth Rock
|move|p2a: Alomomola|Wish|p2a: Alomomola
|
|-heal|p2a: Alomomola|82/100|[from] Grassy Terrain
|-heal|p1a: Alomomola|78/100 brn|[from] Grassy Terrain
|-damage|p1a: Alomomola|71/100 brn|[from] brn
|upkeep
|turn|40
|inactive|salty pepperer has 60 seconds left.
|
|t:|1760737628
|switch|p2a: Rillaboom|Rillaboom, M|68/100
|-damage|p2a: Rillaboom|55/100|[from] Stealth Rock
|move|p1a: Alomomola|Flip Turn|p2a: Rillaboom
|-resisted|p2a: Rillaboom
|-damage|p2a: Rillaboom|52/100
|inactive|Final boss11 has 120 seconds left.
|
|t:|1760737644
|switch|p1a: Lokix|Lokix, F, shiny|82/100|[from] Flip Turn
|-damage|p1a: Lokix|57/100|[from] Stealth Rock
|
|-heal|p2a: Rillaboom|100/100|[from] move: Wish|[wisher] Alomomola
|-heal|p1a: Lokix|63/100|[from] Grassy Terrain
|upkeep
|turn|41
|
|t:|1760737652
|switch|p2a: Alomomola|Alomomola, F|100/100
|move|p1a: Lokix|Knock Off|p2a: Alomomola
|-damage|p2a: Alomomola|67/100
|-enditem|p2a: Alomomola|Heavy-Duty Boots|[from] move: Knock Off|[of] p1a: Lokix
|
|-heal|p1a: Lokix|69/100|[from] Grassy Terrain
|-heal|p2a: Alomomola|73/100|[from] Grassy Terrain
|upkeep
|turn|42
|inactive|salty pepperer has 60 seconds left.
|
|t:|1760737672
|switch|p1a: Kingambit|Kingambit, F|100/100
|-damage|p1a: Kingambit|94/100|[from] Stealth Rock
|-activate|p1a: Kingambit|ability: Supreme Overlord
|-start|p1a: Kingambit|fallen2|[silent]
|move|p2a: Alomomola|Wish|p2a: Alomomola
|
|-heal|p2a: Alomomola|79/100|[from] Grassy Terrain
|-heal|p1a: Kingambit|100/100|[from] Grassy Terrain
|upkeep
|turn|43
|inactive|salty pepperer has 60 seconds left.
|inactive|Final boss11 has 120 seconds left.
|
|t:|1760737711
|move|p2a: Alomomola|Flip Turn|p1a: Kingambit
|-damage|p1a: Kingambit|88/100
|
|t:|1760737723
|switch|p2a: Quaquaval|Quaquaval, M|69/100|[from] Flip Turn
|-damage|p2a: Quaquaval|63/100|[from] Stealth Rock
|move|p1a: Kingambit|Kowtow Cleave|p2a: Quaquaval
|-resisted|p2a: Quaquaval
|-damage|p2a: Quaquaval|16/100
|
|-heal|p2a: Quaquaval|95/100|[from] move: Wish|[wisher] Alomomola
|-heal|p2a: Quaquaval|100/100|[from] Grassy Terrain
|-heal|p1a: Kingambit|95/100|[from] Grassy Terrain
|upkeep
|turn|44
|
|t:|1760737740
|-end|p1a: Kingambit|fallen2|[silent]
|switch|p1a: Pecharunt|Pecharunt|57/100
|-damage|p1a: Pecharunt|44/100|[from] Stealth Rock
|move|p2a: Quaquaval|Knock Off|p1a: Pecharunt
|-supereffective|p1a: Pecharunt
|-damage|p1a: Pecharunt|25/100
|
|-heal|p1a: Pecharunt|31/100|[from] Grassy Terrain
|-fieldend|move: Grassy Terrain
|upkeep
|turn|45
|inactive|salty pepperer has 30 seconds left.
|inactive|salty pepperer has 20 seconds left.
|
|t:|1760737777
|move|p2a: Quaquaval|Aqua Step|p1a: Pecharunt
|-damage|p1a: Pecharunt|10/100
|-boost|p2a: Quaquaval|spe|1
|move|p1a: Pecharunt|Parting Shot|p2a: Quaquaval
|-unboost|p2a: Quaquaval|atk|1
|-unboost|p2a: Quaquaval|spa|1
|inactive|Final boss11 has 90 seconds left.
|
|t:|1760737815
|switch|p1a: Lokix|Lokix, F, shiny|69/100|[from] Parting Shot
|-damage|p1a: Lokix|44/100|[from] Stealth Rock
|
|upkeep
|turn|46
|inactive|salty pepperer has 30 seconds left.
|
|t:|1760737822
|switch|p2a: Alomomola|Alomomola, F|100/100
|-damage|p2a: Alomomola|88/100|[from] Stealth Rock
|-terastallize|p1a: Lokix|Bug
|move|p1a: Lokix|Leech Life|p2a: Alomomola
|-damage|p2a: Alomomola|47/100
|-heal|p1a: Lokix|83/100|[from] drain|[of] p2a: Alomomola
|
|upkeep
|turn|47
|inactive|salty pepperer has 30 seconds left.
|
|t:|1760737835
|move|p1a: Lokix|Leech Life|p2a: Alomomola
|-damage|p2a: Alomomola|8/100
|-heal|p1a: Lokix|100/100|[from] drain|[of] p2a: Alomomola
|move|p2a: Alomomola|Flip Turn|p1a: Lokix
|-damage|p1a: Lokix|77/100
|inactive|salty pepperer has 30 seconds left.
|inactive|salty pepperer has 20 seconds left.
|inactive|salty pepperer has 15 seconds left.
|inactive|salty pepperer has 10 seconds left.
|
|t:|1760737864
|switch|p2a: Tinkaton|Tinkaton, F|14/100|[from] Flip Turn
|-damage|p2a: Tinkaton|8/100|[from] Stealth Rock
|-ability|p2a: Tinkaton|Mold Breaker
|
|-heal|p2a: Tinkaton|14/100|[from] item: Leftovers
|upkeep
|turn|48
|inactive|salty pepperer has 20 seconds left this turn.
|inactive|salty pepperer has 15 seconds left.
|inactive|Final boss11 has 90 seconds left.
|
|t:|1760737889
|switch|p1a: Alomomola|Alomomola, M|100/100 brn
|-damage|p1a: Alomomola|88/100 brn|[from] Stealth Rock
|move|p2a: Tinkaton|Gigaton Hammer|p1a: Alomomola
|-resisted|p1a: Alomomola
|-damage|p1a: Alomomola|74/100 brn
|
|-heal|p2a: Tinkaton|21/100|[from] item: Leftovers
|-damage|p1a: Alomomola|68/100 brn|[from] brn
|upkeep
|turn|49
|inactive|salty pepperer has 25 seconds left this turn.
|inactive|Final boss11 has 90 seconds left.
|inactive|salty pepperer has 20 seconds left.
|inactive|salty pepperer has 15 seconds left.
|
|t:|1760737902
|switch|p2a: Rillaboom|Rillaboom, M|100/100
|-damage|p2a: Rillaboom|88/100|[from] Stealth Rock
|-fieldstart|move: Grassy Terrain|[from] ability: Grassy Surge|[of] p2a: Rillaboom
|switch|p1a: Lokix|Lokix, F, shiny, tera:Bug|77/100
|-damage|p1a: Lokix|52/100|[from] Stealth Rock
|
|-heal|p1a: Lokix|58/100|[from] Grassy Terrain
|-heal|p2a: Rillaboom|94/100|[from] Grassy Terrain
|upkeep
|turn|50
|inactive|salty pepperer has 25 seconds left this turn.
|inactive|salty pepperer has 20 seconds left.
|inactive|salty pepperer has 15 seconds left.
|inactive|salty pepperer has 10 seconds left.
|inactive|salty pepperer has 5 seconds left.
|-message|salty pepperer lost due to inactivity.
|
|win|Final boss11
|raw|Final boss11's rating: 1374 &rarr; <strong>1394</strong><br />(+20 for winning)
|raw|salty pepperer's rating: 1367 &rarr; <strong>1347</strong><br />(-20 for losing)
|l|☆salty pepperer
|player|p2|
|c|☆Final boss11|Gg
