|j|☆The Kobold King
|j|☆the same as here
|t:|1760875242
|gametype|singles
|player|p1|The Kobold King|lance|1367
|player|p2|the same as here|janitor|1350
|gen|9
|tier|[Gen 9] OU
|rated|
|rule|HP Percentage Mod: HP is shown in percentages
|rule|Endless Battle Clause: Forcing endless battles is banned
|rule|Species Clause: Limit one of each Pokémon
|rule|OHKO Clause: OHKO moves are banned
|rule|Evasion Items Clause: Evasion items are banned
|rule|Evasion Moves Clause: Evasion moves are banned
|rule|Evasion Abilities Clause: Evasion abilities are banned
|rule|Sleep Moves Clause: Sleep-inducing moves are banned
|clearpoke
|poke|p1|Great Tusk|
|poke|p1|Heatran, M|
|poke|p1|Weavile, M|
|poke|p1|Primarina, M|
|poke|p1|Ogerpon, F|
|poke|p1|Pecharunt|
|poke|p2|Gholdengo|
|poke|p2|Samurott-Hisui, M|
|poke|p2|Slowking-Galar, M|
|poke|p2|Zamazenta-*|
|poke|p2|Kyurem|
|poke|p2|Great Tusk|
|teampreview
|inactive|Battle timer is ON: inactive players will automatically lose when time's up. (requested by the same as here)
|
|t:|1760875299
|teamsize|p1|6
|teamsize|p2|6
|start
|switch|p1a: Bandit|Weavile, M, shiny|100/100
|switch|p2a: Kyurem|Kyurem|100/100
|-ability|p1a: Bandit|Pressure
|-ability|p2a: Kyurem|Pressure
|turn|1
|
|t:|1760875304
|move|p2a: Kyurem|Protect|p2a: Kyurem
|-singleturn|p2a: Kyurem|Protect
|move|p1a: Bandit|Low Kick|p2a: Kyurem
|-activate|p2a: Kyurem|move: Protect
|
|upkeep
|turn|2
|
|t:|1760875313
|switch|p2a: Slowking|Slowking-Galar, M|100/100
|move|p1a: Bandit|Low Kick|p2a: Slowking
|-resisted|p2a: Slowking
|-damage|p2a: Slowking|90/100
|
|upkeep
|turn|3
|
|t:|1760875319
|switch|p1a: Chaos|Heatran, M, shiny|100/100
|-item|p1a: Chaos|Air Balloon
|move|p2a: Slowking|Thunder Wave|p1a: Chaos
|-status|p1a: Chaos|par
|
|upkeep
|turn|4
|inactive|the same as here has 120 seconds left.
|
|t:|1760875364
|switch|p2a: Samurott|Samurott-Hisui, M|100/100
|move|p1a: Chaos|Taunt|p2a: Samurott
|-start|p2a: Samurott|move: Taunt
|
|upkeep
|turn|5
|
|t:|1760875384
|switch|p1a: Anonymous|Ogerpon, F|100/100
|move|p2a: Samurott|Knock Off|p1a: Anonymous
|-damage|p1a: Anonymous|54/100
|-enditem|p1a: Anonymous|Choice Band|[from] move: Knock Off|[of] p2a: Samurott
|
|upkeep
|turn|6
|inactive|the same as here has 120 seconds left.
|inactive|the same as here has 90 seconds left.
|
|t:|1760875439
|switch|p2a: Gholdengo|Gholdengo|100/100
|-item|p2a: Gholdengo|Air Balloon
|move|p1a: Anonymous|U-turn|p2a: Gholdengo
|-resisted|p2a: Gholdengo
|-damage|p2a: Gholdengo|96/100
|-enditem|p2a: Gholdengo|Air Balloon
|
|t:|1760875460
|switch|p1a: Bandit|Weavile, M, shiny|100/100|[from] U-turn
|-ability|p1a: Bandit|Pressure
|
|upkeep
|turn|7
|inactive|the same as here has 60 seconds left.
|
|t:|1760875497
|switch|p2a: Zamazenta|Zamazenta|100/100
|-ability|p2a: Zamazenta|Dauntless Shield|boost
|-boost|p2a: Zamazenta|def|1
|move|p1a: Bandit|Knock Off|p2a: Zamazenta
|-resisted|p2a: Zamazenta
|-damage|p2a: Zamazenta|79/100
|-enditem|p2a: Zamazenta|Choice Band|[from] move: Knock Off|[of] p1a: Bandit
|
|upkeep
|turn|8
|inactive|the same as here has 60 seconds left.
|
|t:|1760875507
|switch|p1a: Overseer|Pecharunt|100/100
|move|p2a: Zamazenta|Crunch|p1a: Overseer
|-supereffective|p1a: Overseer
|-damage|p1a: Overseer|76/100
|-damage|p2a: Zamazenta|63/100|[from] item: Rocky Helmet|[of] p1a: Overseer
|
|upkeep
|turn|9
|inactive|the same as here has 60 seconds left.
|
|t:|1760875524
|switch|p2a: Gholdengo|Gholdengo|96/100
|move|p1a: Overseer|Shadow Ball|p2a: Gholdengo
|-supereffective|p2a: Gholdengo
|-damage|p2a: Gholdengo|49/100
|-unboost|p2a: Gholdengo|spd|1
|
|upkeep
|turn|10
|
|t:|1760875531
|switch|p2a: Samurott|Samurott-Hisui, M|100/100
|move|p1a: Overseer|Shadow Ball|p2a: Samurott
|-resisted|p2a: Samurott
|-damage|p2a: Samurott|94/100
|
|upkeep
|turn|11
|
|t:|1760875540
|switch|p1a: Celestine|Primarina, M, shiny|100/100
|move|p2a: Samurott|Knock Off|p1a: Celestine
|-resisted|p1a: Celestine
|-damage|p1a: Celestine|79/100
|-enditem|p1a: Celestine|Assault Vest|[from] move: Knock Off|[of] p2a: Samurott
|
|upkeep
|turn|12
|
|t:|1760875546
|switch|p2a: Slowking|Slowking-Galar, M|100/100
|move|p1a: Celestine|Whirlpool|p2a: Slowking
|-damage|p2a: Slowking|89/100
|-activate|p2a: Slowking|move: Whirlpool|[of] p1a: Celestine
|
|-damage|p2a: Slowking|77/100|[from] move: Whirlpool|[partiallytrapped]
|upkeep
|turn|13
|
|t:|1760875556
|move|p1a: Celestine|Flip Turn|p2a: Slowking
|-damage|p2a: Slowking|61/100
|
|t:|1760875560
|switch|p1a: Chaos|Heatran, M, shiny|100/100 par|[from] Flip Turn
|-item|p1a: Chaos|Air Balloon
|move|p2a: Slowking|Thunder Wave|p1a: Chaos
|-fail|p1a: Chaos|par
|
|-end|p2a: Slowking|Whirlpool|[partiallytrapped]|[silent]
|upkeep
|turn|14
|inactive|the same as here has 90 seconds left.
|
|t:|1760875566
|move|p1a: Chaos|Stealth Rock|p2a: Slowking
|-sidestart|p2: the same as here|move: Stealth Rock
|-prepare|p2a: Slowking|Chilly Reception|[premajor]
|move|p2a: Slowking|Chilly Reception|p2a: Slowking
|-weather|Snowscape
|inactive|the same as here has 90 seconds left.
|
|t:|1760875571
|switch|p2a: Zamazenta|Zamazenta|63/100|[from] Chilly Reception
|-damage|p2a: Zamazenta|56/100|[from] Stealth Rock
|
|-weather|Snowscape|[upkeep]
|upkeep
|turn|15
|
|t:|1760875579
|switch|p2a: Samurott|Samurott-Hisui, M|94/100
|-damage|p2a: Samurott|81/100|[from] Stealth Rock
|move|p1a: Chaos|Magma Storm|p2a: Samurott
|-resisted|p2a: Samurott
|-damage|p2a: Samurott|65/100
|-activate|p2a: Samurott|move: Magma Storm|[of] p1a: Chaos
|
|-weather|Snowscape|[upkeep]
|-damage|p2a: Samurott|53/100|[from] move: Magma Storm|[partiallytrapped]
|upkeep
|turn|16
|
|t:|1760875592
|move|p2a: Samurott|Ceaseless Edge|p1a: Chaos
|-damage|p1a: Chaos|68/100 par
|-enditem|p1a: Chaos|Air Balloon
|-sidestart|p1: The Kobold King|Spikes
|move|p1a: Chaos|Earth Power|p2a: Samurott
|-damage|p2a: Samurott|36/100
|
|-weather|Snowscape|[upkeep]
|-damage|p2a: Samurott|24/100|[from] move: Magma Storm|[partiallytrapped]
|upkeep
|turn|17
|
|t:|1760875600
|move|p2a: Samurott|Aqua Cutter|p1a: Chaos
|-supereffective|p1a: Chaos
|-damage|p1a: Chaos|0 fnt
|faint|p1a: Chaos
|
|-weather|Snowscape|[upkeep]
|-end|p2a: Samurott|Magma Storm|[partiallytrapped]|[silent]
|upkeep
|
|t:|1760875605
|switch|p1a: Anonymous|Ogerpon, F|54/100
|-damage|p1a: Anonymous|42/100|[from] Spikes
|turn|18
|
|t:|1760875616
|move|p1a: Anonymous|U-turn|p2a: Samurott
|-supereffective|p2a: Samurott
|-damage|p2a: Samurott|0 fnt
|faint|p2a: Samurott
|
|t:|1760875627
|switch|p1a: Behemoth|Great Tusk, shiny|100/100|[from] U-turn
|
|-weather|none
|upkeep
|inactive|the same as here has 90 seconds left.
|
|t:|1760875658
|switch|p2a: Great Tusk|Great Tusk|100/100
|turn|19
|inactive|the same as here has 90 seconds left.
|
|t:|1760875671
|move|p1a: Behemoth|Rapid Spin|p2a: Great Tusk
|-damage|p2a: Great Tusk|88/100
|-boost|p1a: Behemoth|spe|1
|-sideend|p1: The Kobold King|Spikes|[from] move: Rapid Spin|[of] p1a: Behemoth
|move|p2a: Great Tusk|Headlong Rush|p1a: Behemoth
|-crit|p1a: Behemoth
|-damage|p1a: Behemoth|31/100
|-unboost|p2a: Great Tusk|def|1
|-unboost|p2a: Great Tusk|spd|1
|
|upkeep
|turn|20
|inactive|the same as here has 90 seconds left.
|
|t:|1760875694
|-end|p2a: Great Tusk|Protosynthesis|[silent]
|switch|p2a: Zamazenta|Zamazenta|56/100
|-damage|p2a: Zamazenta|50/100|[from] Stealth Rock
|move|p1a: Behemoth|Headlong Rush|p2a: Zamazenta
|-damage|p2a: Zamazenta|0 fnt
|-unboost|p1a: Behemoth|def|1
|-unboost|p1a: Behemoth|spd|1
|faint|p2a: Zamazenta
|
|upkeep
|inactive|the same as here has 90 seconds left.
|
|t:|1760875701
|switch|p2a: Great Tusk|Great Tusk|88/100
|turn|21
|
|t:|1760875718
|move|p1a: Behemoth|Headlong Rush|p2a: Great Tusk
|-damage|p2a: Great Tusk|43/100
|-unboost|p1a: Behemoth|def|1
|-unboost|p1a: Behemoth|spd|1
|move|p2a: Great Tusk|Rapid Spin|p1a: Behemoth
|-damage|p1a: Behemoth|6/100
|-boost|p2a: Great Tusk|spe|1
|-sideend|p2: the same as here|Stealth Rock|[from] move: Rapid Spin|[of] p2a: Great Tusk
|
|upkeep
|turn|22
|
|t:|1760875726
|move|p2a: Great Tusk|Rapid Spin|p1a: Behemoth
|-damage|p1a: Behemoth|0 fnt
|-boost|p2a: Great Tusk|spe|1
|faint|p1a: Behemoth
|-end|p1a: Behemoth|Protosynthesis|[silent]
|
|upkeep
|
|t:|1760875737
|switch|p1a: Celestine|Primarina, M, shiny|79/100
|turn|23
|
|t:|1760875750
|-end|p2a: Great Tusk|Protosynthesis|[silent]
|switch|p2a: Slowking|Slowking-Galar, M|95/100
|move|p1a: Celestine|Psychic Noise|p2a: Slowking
|-damage|p2a: Slowking|72/100
|-start|p2a: Slowking|move: Heal Block
|
|upkeep
|turn|24
|
|t:|1760875768
|move|p1a: Celestine|Flip Turn|p2a: Slowking
|-damage|p2a: Slowking|58/100
|
|t:|1760875774
|switch|p1a: Overseer|Pecharunt|76/100|[from] Flip Turn
|move|p2a: Slowking|Thunder Wave|p1a: Overseer
|-status|p1a: Overseer|par
|
|-end|p2a: Slowking|move: Heal Block
|upkeep
|turn|25
|
|t:|1760875783
|cant|p1a: Overseer|par
|-prepare|p2a: Slowking|Chilly Reception|[premajor]
|move|p2a: Slowking|Chilly Reception|p2a: Slowking
|-weather|Snowscape
|
|t:|1760875790
|switch|p2a: Kyurem|Kyurem|100/100|[from] Chilly Reception
|-ability|p2a: Kyurem|Pressure
|
|-weather|Snowscape|[upkeep]
|upkeep
|turn|26
|
|t:|1760875817
|move|p2a: Kyurem|Substitute|p2a: Kyurem
|-start|p2a: Kyurem|Substitute
|-damage|p2a: Kyurem|75/100
|move|p1a: Overseer|Malignant Chain|p2a: Kyurem
|-end|p2a: Kyurem|Substitute
|
|-weather|Snowscape|[upkeep]
|-heal|p2a: Kyurem|82/100|[from] item: Leftovers
|upkeep
|turn|27
|inactive|the same as here has 120 seconds left.
|
|t:|1760875829
|move|p2a: Kyurem|Substitute|p2a: Kyurem
|-start|p2a: Kyurem|Substitute
|-damage|p2a: Kyurem|57/100
|move|p1a: Overseer|Malignant Chain|p2a: Kyurem
|-end|p2a: Kyurem|Substitute
|
|-weather|Snowscape|[upkeep]
|-heal|p2a: Kyurem|63/100|[from] item: Leftovers
|upkeep
|turn|28
|
|t:|1760875834
|move|p2a: Kyurem|Protect|p2a: Kyurem
|-singleturn|p2a: Kyurem|Protect
|move|p1a: Overseer|Malignant Chain|p2a: Kyurem
|-activate|p2a: Kyurem|move: Protect
|
|-weather|Snowscape|[upkeep]
|-heal|p2a: Kyurem|69/100|[from] item: Leftovers
|upkeep
|turn|29
|
|t:|1760875845
|move|p2a: Kyurem|Substitute|p2a: Kyurem
|-start|p2a: Kyurem|Substitute
|-damage|p2a: Kyurem|44/100
|move|p1a: Overseer|Parting Shot|p2a: Kyurem
|-unboost|p2a: Kyurem|atk|1
|-unboost|p2a: Kyurem|spa|1
|
|t:|1760875865
|switch|p1a: Celestine|Primarina, M, shiny|79/100|[from] Parting Shot
|
|-weather|none
|-heal|p2a: Kyurem|50/100|[from] item: Leftovers
|upkeep
|turn|30
|l|☆The Kobold King
|inactive|The Kobold King disconnected and has a minute to reconnect!
|player|p1|
|inactive|The Kobold King has 30 seconds to reconnect!
|inactive|The Kobold King has 20 seconds to reconnect!
|inactive|The Kobold King has 15 seconds to reconnect!
|inactive|The Kobold King has 10 seconds to reconnect!
|inactive|The Kobold King has 5 seconds to reconnect!
|-message|The Kobold King lost due to inactivity.
|
|win|the same as here
|raw|The Kobold King's rating: 1367 &rarr; <strong>1346</strong><br />(-21 for losing)
|raw|the same as here's rating: 1350 &rarr; <strong>1371</strong><br />(+21 for winning)
