|j|☆ChopsFCC
|j|☆kinsword
|t:|1760793020
|gametype|singles
|player|p1|ChopsFCC|101|1533
|player|p2|kinsword|1|1516
|gen|9
|tier|[Gen 9] OU
|rated|
|rule|HP Percentage Mod: HP is shown in percentages
|rule|Endless Battle Clause: Forcing endless battles is banned
|rule|Species Clause: Limit one of each Pokémon
|rule|OHKO Clause: OHKO moves are banned
|rule|Evasion Items Clause: Evasion items are banned
|rule|Evasion Moves Clause: Evasion moves are banned
|rule|Evasion Abilities Clause: Evasion abilities are banned
|rule|Sleep Moves Clause: Sleep-inducing moves are banned
|clearpoke
|poke|p1|Tyranitar, F|
|poke|p1|Primarina, M|
|poke|p1|Excadrill, M|
|poke|p1|Pecharunt|
|poke|p1|Tornadus-Therian, M|
|poke|p1|Moltres|
|poke|p2|Charizard, M|
|poke|p2|Ursaluna, F|
|poke|p2|Azumarill, M|
|poke|p2|Corviknight, F|
|poke|p2|Fezandipiti, M|
|poke|p2|Meowscarada, M|
|teampreview
|inactive|Battle timer is ON: inactive players will automatically lose when time's up. (requested by ChopsFCC)
|
|t:|1760793035
|teamsize|p1|6
|teamsize|p2|6
|start
|switch|p1a: Moltres|Moltres|100/100
|switch|p2a: Azumarill|Azumarill, M|100/100
|turn|1
|
|t:|1760793043
|switch|p2a: Charizard|Charizard, M|100/100
|move|p1a: Moltres|Will-O-Wisp|p2a: Charizard
|-immune|p2a: Charizard
|
|upkeep
|turn|2
|
|t:|1760793059
|switch|p1a: Tyranitar|Tyranitar, F|100/100
|-weather|Sandstorm|[from] ability: Sand Stream|[of] p1a: Tyranitar
|move|p2a: Charizard|Hurricane|p1a: Tyranitar
|-resisted|p1a: Tyranitar
|-damage|p1a: Tyranitar|86/100
|-start|p1a: Tyranitar|confusion
|
|-weather|Sandstorm|[upkeep]
|-damage|p2a: Charizard|94/100|[from] Sandstorm
|-heal|p1a: Tyranitar|92/100|[from] item: Leftovers
|upkeep
|turn|3
|
|t:|1760793072
|switch|p2a: Ursaluna|Ursaluna, F|100/100
|switch|p1a: Tornadus|Tornadus-Therian, M|100/100
|
|-weather|Sandstorm|[upkeep]
|-damage|p1a: Tornadus|94/100|[from] Sandstorm
|-status|p2a: Ursaluna|brn|[from] item: Flame Orb
|upkeep
|turn|4
|
|t:|1760793092
|move|p1a: Tornadus|Bleakwind Storm|p2a: Ursaluna
|-damage|p2a: Ursaluna|34/100 brn
|-unboost|p2a: Ursaluna|spe|1
|-damage|p1a: Tornadus|85/100|[from] item: Life Orb
|move|p2a: Ursaluna|Facade|p1a: Tornadus
|-damage|p1a: Tornadus|0 fnt
|faint|p1a: Tornadus
|
|-weather|Sandstorm|[upkeep]
|-damage|p2a: Ursaluna|27/100 brn|[from] brn
|upkeep
|inactive|ChopsFCC has 120 seconds left.
|
|t:|1760793110
|switch|p1a: Excadrill|Excadrill, M|100/100
|turn|5
|inactive|ChopsFCC has 120 seconds left.
|
|t:|1760793115
|switch|p2a: Corviknight|Corviknight, F|100/100
|move|p1a: Excadrill|Swords Dance|p1a: Excadrill
|-boost|p1a: Excadrill|atk|2
|
|-weather|Sandstorm|[upkeep]
|upkeep
|turn|6
|inactive|ChopsFCC has 120 seconds left.
|
|t:|1760793127
|-terastallize|p1a: Excadrill|Ground
|move|p1a: Excadrill|Rapid Spin|p2a: Corviknight
|-resisted|p2a: Corviknight
|-damage|p2a: Corviknight|89/100
|-boost|p1a: Excadrill|spe|1
|-damage|p1a: Excadrill|84/100|[from] item: Rocky Helmet|[of] p2a: Corviknight
|move|p2a: Corviknight|Body Press|p1a: Excadrill
|-damage|p1a: Excadrill|47/100
|
|-weather|none
|upkeep
|turn|7
|inactive|ChopsFCC has 120 seconds left.
|
|t:|1760793139
|move|p1a: Excadrill|Rock Blast|p2a: Corviknight|[miss]
|-miss|p1a: Excadrill|p2a: Corviknight
|move|p2a: Corviknight|Body Press|p1a: Excadrill
|-damage|p1a: Excadrill|8/100
|
|upkeep
|turn|8
|
|t:|1760793146
|move|p1a: Excadrill|Rock Blast|p2a: Corviknight
|-damage|p2a: Corviknight|76/100
|-damage|p2a: Corviknight|64/100
|-damage|p2a: Corviknight|52/100
|-damage|p2a: Corviknight|39/100
|-hitcount|p2a: Corviknight|4
|move|p2a: Corviknight|Body Press|p1a: Excadrill
|-damage|p1a: Excadrill|0 fnt
|faint|p1a: Excadrill
|
|upkeep
|
|t:|1760793157
|switch|p1a: Primarina|Primarina, M|100/100
|turn|9
|
|t:|1760793166
|switch|p2a: Azumarill|Azumarill, M|100/100
|move|p1a: Primarina|Surf|p2a: Azumarill
|-resisted|p2a: Azumarill
|-crit|p2a: Azumarill
|-damage|p2a: Azumarill|75/100
|
|upkeep
|turn|10
|
|t:|1760793174
|switch|p1a: Pecharunt|Pecharunt|100/100
|move|p2a: Azumarill|Knock Off|p1a: Pecharunt
|-supereffective|p1a: Pecharunt
|-damage|p1a: Pecharunt|65/100
|-damage|p2a: Azumarill|58/100|[from] item: Rocky Helmet|[of] p1a: Pecharunt
|-enditem|p1a: Pecharunt|Rocky Helmet|[from] move: Knock Off|[of] p2a: Azumarill
|
|upkeep
|turn|11
|
|t:|1760793186
|switch|p2a: Corviknight|Corviknight, F|39/100
|move|p1a: Pecharunt|Parting Shot|p2a: Corviknight
|-ability|p2a: Corviknight|Mirror Armor
|-unboost|p1a: Pecharunt|atk|1
|-ability|p2a: Corviknight|Mirror Armor
|-unboost|p1a: Pecharunt|spa|1
|
|t:|1760793193
|switch|p1a: Primarina|Primarina, M|100/100|[from] Parting Shot
|
|upkeep
|turn|12
|
|t:|1760793199
|switch|p2a: Fezandipiti|Fezandipiti, M|100/100
|move|p1a: Primarina|Psychic Noise|p2a: Fezandipiti
|-supereffective|p2a: Fezandipiti
|-damage|p2a: Fezandipiti|62/100
|-start|p2a: Fezandipiti|move: Heal Block
|
|upkeep
|turn|13
|
|t:|1760793213
|switch|p1a: Pecharunt|Pecharunt|65/100
|move|p2a: Fezandipiti|Nasty Plot|p2a: Fezandipiti
|-boost|p2a: Fezandipiti|spa|2
|
|-end|p2a: Fezandipiti|move: Heal Block
|upkeep
|turn|14
|
|t:|1760793221
|move|p2a: Fezandipiti|Heat Wave|p1a: Pecharunt
|-damage|p1a: Pecharunt|25/100
|-status|p1a: Pecharunt|brn
|move|p1a: Pecharunt|Parting Shot|p2a: Fezandipiti
|-unboost|p2a: Fezandipiti|atk|1
|-unboost|p2a: Fezandipiti|spa|1
|
|t:|1760793226
|switch|p1a: Tyranitar|Tyranitar, F|92/100|[from] Parting Shot
|-weather|Sandstorm|[from] ability: Sand Stream|[of] p1a: Tyranitar
|
|-weather|Sandstorm|[upkeep]
|-damage|p2a: Fezandipiti|56/100|[from] Sandstorm
|-heal|p2a: Fezandipiti|62/100|[from] item: Leftovers
|-heal|p1a: Tyranitar|98/100|[from] item: Leftovers
|upkeep
|turn|15
|
|t:|1760793237
|move|p2a: Fezandipiti|Moonblast|p1a: Tyranitar
|-supereffective|p1a: Tyranitar
|-damage|p1a: Tyranitar|61/100
|move|p1a: Tyranitar|Stealth Rock|p2a: Fezandipiti
|-sidestart|p2: kinsword|move: Stealth Rock
|
|-weather|Sandstorm|[upkeep]
|-damage|p2a: Fezandipiti|56/100|[from] Sandstorm
|-heal|p2a: Fezandipiti|62/100|[from] item: Leftovers
|-heal|p1a: Tyranitar|67/100|[from] item: Leftovers
|upkeep
|turn|16
|
|t:|1760793253
|switch|p1a: Primarina|Primarina, M|100/100
|move|p2a: Fezandipiti|Moonblast|p1a: Primarina
|-damage|p1a: Primarina|73/100
|
|-weather|Sandstorm|[upkeep]
|-damage|p2a: Fezandipiti|56/100|[from] Sandstorm
|-damage|p1a: Primarina|67/100|[from] Sandstorm
|-heal|p2a: Fezandipiti|62/100|[from] item: Leftovers
|upkeep
|turn|17
|
|t:|1760793264
|move|p2a: Fezandipiti|Sludge Bomb|p1a: Primarina
|-supereffective|p1a: Primarina
|-damage|p1a: Primarina|10/100
|move|p1a: Primarina|Surf|p2a: Fezandipiti
|-damage|p2a: Fezandipiti|12/100
|
|-weather|Sandstorm|[upkeep]
|-damage|p2a: Fezandipiti|6/100|[from] Sandstorm
|-damage|p1a: Primarina|4/100|[from] Sandstorm
|-heal|p2a: Fezandipiti|12/100|[from] item: Leftovers
|upkeep
|turn|18
|
|t:|1760793276
|move|p2a: Fezandipiti|Moonblast|p1a: Primarina
|-damage|p1a: Primarina|0 fnt
|faint|p1a: Primarina
|
|-weather|none
|-heal|p2a: Fezandipiti|18/100|[from] item: Leftovers
|upkeep
|-message|ChopsFCC forfeited.
|
|win|kinsword
|raw|ChopsFCC's rating: 1533 &rarr; <strong>1512</strong><br />(-21 for losing)
|raw|kinsword's rating: 1516 &rarr; <strong>1537</strong><br />(+21 for winning)
|l|☆ChopsFCC
|player|p1|
|l|☆kinsword
|player|p2|
