|j|☆Oh! Besomorph
|j|☆exposed king
|t:|1760806093
|gametype|singles
|player|p1|Oh! Besomorph|170|1457
|player|p2|exposed king|102|1478
|gen|9
|tier|[Gen 9] OU
|rated|
|rule|HP Percentage Mod: HP is shown in percentages
|rule|Endless Battle Clause: Forcing endless battles is banned
|rule|Species Clause: Limit one of each Pokémon
|rule|OHKO Clause: OHKO moves are banned
|rule|Evasion Items Clause: Evasion items are banned
|rule|Evasion Moves Clause: Evasion moves are banned
|rule|Evasion Abilities Clause: Evasion abilities are banned
|rule|Sleep Moves Clause: Sleep-inducing moves are banned
|clearpoke
|poke|p1|Kingambit, M|
|poke|p1|Glimmora, M|
|poke|p1|Zamazenta-*|
|poke|p1|Iron Valiant|
|poke|p1|Iron Moth|
|poke|p1|Ogerpon-Wellspring, F|
|poke|p2|Darkrai|
|poke|p2|Garchomp, F|
|poke|p2|Ditto|
|poke|p2|Azumarill, F|
|poke|p2|Thundurus-Therian, M|
|poke|p2|Volcanion|
|teampreview
|inactive|Battle timer is ON: inactive players will automatically lose when time's up. (requested by exposed king)
|
|t:|1760806123
|teamsize|p1|6
|teamsize|p2|6
|start
|switch|p1a: Glimmora|Glimmora, M|100/100
|switch|p2a: Thundurus|Thundurus-Therian, M|100/100
|turn|1
|inactive|Oh! Besomorph has 120 seconds left.
|
|t:|1760806166
|move|p2a: Thundurus|Volt Switch|p1a: Glimmora
|-damage|p1a: Glimmora|40/100
|
|t:|1760806173
|switch|p2a: Garchomp|Garchomp, F|100/100|[from] Volt Switch
|move|p1a: Glimmora|Stealth Rock|p2a: Garchomp
|-sidestart|p2: exposed king|move: Stealth Rock
|
|upkeep
|turn|2
|
|t:|1760806178
|move|p1a: Glimmora|Mortal Spin|p2a: Garchomp
|-resisted|p2a: Garchomp
|-damage|p2a: Garchomp|98/100
|-status|p2a: Garchomp|psn
|-damage|p1a: Glimmora|27/100|[from] ability: Rough Skin|[of] p2a: Garchomp
|-damage|p1a: Glimmora|11/100|[from] item: Rocky Helmet|[of] p2a: Garchomp
|move|p2a: Garchomp|Spikes|p1a: Glimmora
|-sidestart|p1: Oh! Besomorph|Spikes
|
|-damage|p2a: Garchomp|86/100 psn|[from] psn
|upkeep
|turn|3
|
|t:|1760806186
|move|p1a: Glimmora|Earth Power|p2a: Garchomp
|-damage|p2a: Garchomp|54/100 psn
|move|p2a: Garchomp|Spikes|p1a: Glimmora
|-sidestart|p1: Oh! Besomorph|Spikes
|
|-damage|p2a: Garchomp|41/100 psn|[from] psn
|upkeep
|turn|4
|
|t:|1760806192
|move|p1a: Glimmora|Mortal Spin|p2a: Garchomp
|-resisted|p2a: Garchomp
|-damage|p2a: Garchomp|39/100 psn
|-damage|p1a: Glimmora|0 fnt|[from] ability: Rough Skin|[of] p2a: Garchomp
|faint|p1a: Glimmora
|move|p2a: Garchomp|Spikes|p1: Glimmora
|-sidestart|p1: Oh! Besomorph|Spikes
|
|-damage|p2a: Garchomp|27/100 psn|[from] psn
|upkeep
|
|t:|1760806207
|switch|p1a: Iron Valiant|Iron Valiant|100/100
|-damage|p1a: Iron Valiant|76/100|[from] Spikes
|-enditem|p1a: Iron Valiant|Booster Energy
|-activate|p1a: Iron Valiant|ability: Quark Drive|[fromitem]
|-start|p1a: Iron Valiant|quarkdrivespe
|turn|5
|
|t:|1760806217
|switch|p2a: Volcanion|Volcanion|100/100
|move|p1a: Iron Valiant|Moonblast|p2a: Volcanion
|-resisted|p2a: Volcanion
|-damage|p2a: Volcanion|80/100
|-unboost|p2a: Volcanion|spa|1
|
|upkeep
|turn|6
|
|t:|1760806228
|move|p1a: Iron Valiant|Destiny Bond|p1a: Iron Valiant
|-singlemove|p1a: Iron Valiant|Destiny Bond
|move|p2a: Volcanion|Steam Eruption|p1a: Iron Valiant
|-damage|p1a: Iron Valiant|16/100
|
|upkeep
|turn|7
|
|t:|1760806236
|switch|p2a: Azumarill|Azumarill, F|100/100
|-damage|p2a: Azumarill|88/100|[from] Stealth Rock
|move|p1a: Iron Valiant|Psyshock|p2a: Azumarill
|-damage|p2a: Azumarill|59/100
|
|upkeep
|turn|8
|
|t:|1760806242
|-end|p1a: Iron Valiant|Quark Drive|[silent]
|switch|p1a: Ogerpon|Ogerpon-Wellspring, F|100/100
|-damage|p1a: Ogerpon|76/100|[from] Spikes
|move|p2a: Azumarill|Aqua Jet|p1a: Ogerpon
|-heal|p1a: Ogerpon|100/100|[from] ability: Water Absorb|[of] p2a: Azumarill
|
|upkeep
|turn|9
|
|t:|1760806254
|move|p1a: Ogerpon|Power Whip|p2a: Azumarill
|-supereffective|p2a: Azumarill
|-damage|p2a: Azumarill|0 fnt
|faint|p2a: Azumarill
|
|upkeep
|inactive|exposed king has 120 seconds left.
|
|t:|1760806284
|switch|p2a: Darkrai|Darkrai|100/100
|-damage|p2a: Darkrai|88/100|[from] Stealth Rock
|turn|10
|
|t:|1760806293
|switch|p1a: Kingambit|Kingambit, M|100/100
|-damage|p1a: Kingambit|76/100|[from] Spikes
|-activate|p1a: Kingambit|ability: Supreme Overlord
|-start|p1a: Kingambit|fallen1|[silent]
|move|p2a: Darkrai|Focus Blast|p1a: Kingambit|[miss]
|-miss|p2a: Darkrai|p1a: Kingambit
|
|upkeep
|turn|11
|
|t:|1760806313
|-terastallize|p1a: Kingambit|Flying
|move|p2a: Darkrai|Focus Blast|p1a: Kingambit|[miss]
|-miss|p2a: Darkrai|p1a: Kingambit
|move|p1a: Kingambit|Iron Head|p2a: Darkrai
|-damage|p2a: Darkrai|20/100
|
|upkeep
|turn|12
|
|t:|1760806327
|switch|p2a: Garchomp|Garchomp, F|27/100 psn
|-damage|p2a: Garchomp|20/100 psn|[from] Stealth Rock
|move|p1a: Kingambit|Swords Dance|p1a: Kingambit
|-boost|p1a: Kingambit|atk|2
|
|-damage|p2a: Garchomp|8/100 psn|[from] psn
|upkeep
|turn|13
|
|t:|1760806333
|move|p1a: Kingambit|Sucker Punch|p2a: Garchomp
|-damage|p2a: Garchomp|0 fnt
|-damage|p1a: Kingambit|63/100|[from] ability: Rough Skin|[of] p2a: Garchomp
|-damage|p1a: Kingambit|47/100|[from] item: Rocky Helmet|[of] p2a: Garchomp
|faint|p2a: Garchomp
|
|upkeep
|
|t:|1760806336
|switch|p2a: Ditto|Ditto|100/100
|-transform|p2a: Ditto|p1a: Kingambit|[from] ability: Imposter
|-activate|p2a: Ditto|ability: Supreme Overlord
|-start|p2a: Ditto|fallen2|[silent]
|-start|p2a: Ditto|typechange|Dark/Steel|[silent]
|turn|14
|
|t:|1760806350
|move|p1a: Kingambit|Sucker Punch|p2a: Ditto
|-resisted|p2a: Ditto
|-damage|p2a: Ditto|51/100
|move|p2a: Ditto|Kowtow Cleave|p1a: Kingambit
|-crit|p1a: Kingambit
|-damage|p1a: Kingambit|0 fnt
|faint|p1a: Kingambit
|-end|p1a: Kingambit|fallen1|[silent]
|
|upkeep
|
|t:|1760806360
|switch|p1a: Iron Valiant|Iron Valiant|16/100
|-damage|p1a: Iron Valiant|0 fnt|[from] Spikes
|faint|p1a: Iron Valiant
|-end|p1a: Iron Valiant|Quark Drive|[silent]
|
|t:|1760806364
|switch|p1a: Iron Moth|Iron Moth|100/100
|-damage|p1a: Iron Moth|76/100|[from] Spikes
|-enditem|p1a: Iron Moth|Booster Energy
|-activate|p1a: Iron Moth|ability: Quark Drive|[fromitem]
|-start|p1a: Iron Moth|quarkdrivespe
|turn|15
|inactive|exposed king has 120 seconds left.
|
|t:|1760806398
|-terastallize|p2a: Ditto|Normal
|move|p1a: Iron Moth|Fiery Dance|p2a: Ditto
|-damage|p2a: Ditto|0 fnt
|-boost|p1a: Iron Moth|spa|1
|faint|p2a: Ditto
|-end|p2a: Ditto|fallen2|[silent]
|
|upkeep
|inactive|exposed king has 120 seconds left.
|c|☆exposed king|wtf that doesnt kill
|c|☆exposed king|it does 50 msx
|c|☆exposed king|max
|inactive|exposed king has 90 seconds left.
|
|t:|1760806435
|switch|p2a: Volcanion|Volcanion|80/100
|turn|16
|
|t:|1760806439
|move|p1a: Iron Moth|Substitute|p1a: Iron Moth
|-start|p1a: Iron Moth|Substitute
|-damage|p1a: Iron Moth|51/100
|move|p2a: Volcanion|Earth Power|p1a: Iron Moth
|-supereffective|p1a: Iron Moth
|-end|p1a: Iron Moth|Substitute
|
|upkeep
|turn|17
|
|t:|1760806448
|move|p1a: Iron Moth|Sludge Wave|p2a: Volcanion
|-damage|p2a: Volcanion|17/100
|move|p2a: Volcanion|Earth Power|p1a: Iron Moth
|-supereffective|p1a: Iron Moth
|-damage|p1a: Iron Moth|0 fnt
|faint|p1a: Iron Moth
|-end|p1a: Iron Moth|Quark Drive|[silent]
|
|upkeep
|
|t:|1760806455
|switch|p1a: Ogerpon|Ogerpon-Wellspring, F|100/100
|-damage|p1a: Ogerpon|76/100|[from] Spikes
|turn|18
|inactive|exposed king has 120 seconds left.
|
|t:|1760806465
|move|p1a: Ogerpon|Knock Off|p2a: Volcanion
|-damage|p2a: Volcanion|0 fnt
|-enditem|p2a: Volcanion|Heavy-Duty Boots|[from] move: Knock Off|[of] p1a: Ogerpon
|faint|p2a: Volcanion
|
|upkeep
|
|t:|1760806467
|switch|p2a: Darkrai|Darkrai|20/100
|-damage|p2a: Darkrai|8/100|[from] Stealth Rock
|turn|19
|inactive|exposed king has 120 seconds left.
|
|t:|1760806487
|move|p2a: Darkrai|Dark Pulse|p1a: Ogerpon
|-damage|p1a: Ogerpon|0 fnt
|faint|p1a: Ogerpon
|
|upkeep
|
|t:|1760806490
|switch|p1a: Zamazenta|Zamazenta, shiny|100/100
|-damage|p1a: Zamazenta|76/100|[from] Spikes
|-ability|p1a: Zamazenta|Dauntless Shield|boost
|-boost|p1a: Zamazenta|def|1
|turn|20
|
|t:|1760806501
|switch|p2a: Thundurus|Thundurus-Therian, M|100/100
|-damage|p2a: Thundurus|76/100|[from] Stealth Rock
|move|p1a: Zamazenta|Body Press|p2a: Thundurus
|-resisted|p2a: Thundurus
|-damage|p2a: Thundurus|34/100
|
|-heal|p1a: Zamazenta|82/100|[from] item: Leftovers
|upkeep
|turn|21
|j| Dude201
|l| Dude201
|
|t:|1760806511
|move|p2a: Thundurus|Thunderbolt|p1a: Zamazenta
|-damage|p1a: Zamazenta|26/100
|move|p1a: Zamazenta|Body Press|p2a: Thundurus
|-resisted|p2a: Thundurus
|-damage|p2a: Thundurus|0 fnt
|faint|p2a: Thundurus
|
|-heal|p1a: Zamazenta|32/100|[from] item: Leftovers
|upkeep
|
|t:|1760806515
|switch|p2a: Darkrai|Darkrai|8/100
|-damage|p2a: Darkrai|0 fnt|[from] Stealth Rock
|faint|p2a: Darkrai
|
|win|Oh! Besomorph
|raw|Oh! Besomorph's rating: 1457 &rarr; <strong>1478</strong><br />(+21 for winning)
|raw|exposed king's rating: 1478 &rarr; <strong>1457</strong><br />(-21 for losing)
|l|☆exposed king
|player|p2|
|l|☆Oh! Besomorph
|player|p1|
