|j|☆NebulaTrainer
|j|☆james2341
|t:|1760882842
|gametype|singles
|player|p1|NebulaTrainer|cynthia-gen4|1629
|player|p2|james2341|101|1655
|gen|9
|tier|[Gen 9] OU
|rated|
|rule|HP Percentage Mod: HP is shown in percentages
|rule|Endless Battle Clause: Forcing endless battles is banned
|rule|Species Clause: Limit one of each Pokémon
|rule|OHKO Clause: OHKO moves are banned
|rule|Evasion Items Clause: Evasion items are banned
|rule|Evasion Moves Clause: Evasion moves are banned
|rule|Evasion Abilities Clause: Evasion abilities are banned
|rule|Sleep Moves Clause: Sleep-inducing moves are banned
|clearpoke
|poke|p1|Hippowdon, M|
|poke|p1|Excadrill, M|
|poke|p1|Hydrapple, F|
|poke|p1|Tornadus-Therian, M|
|poke|p1|Heatran, M|
|poke|p1|Keldeo-Resolute|
|poke|p2|Ogerpon-Wellspring, F|
|poke|p2|Grimmsnarl, M|
|poke|p2|Great Tusk|
|poke|p2|Iron Treads|
|poke|p2|Comfey, F|
|poke|p2|Lucario, M|
|teampreview
|inactive|Battle timer is ON: inactive players will automatically lose when time's up. (requested by james2341)
|
|t:|1760882868
|teamsize|p1|6
|teamsize|p2|6
|start
|switch|p1a: Heatran|Heatran, M, shiny|100/100
|switch|p2a: Iron Treads|Iron Treads, shiny|100/100
|-enditem|p2a: Iron Treads|Booster Energy
|-activate|p2a: Iron Treads|ability: Quark Drive|[fromitem]
|-start|p2a: Iron Treads|quarkdrivespe
|turn|1
|
|t:|1760882898
|switch|p1a: Hippowdon|Hippowdon, M, shiny|100/100
|-weather|Sandstorm|[from] ability: Sand Stream|[of] p1a: Hippowdon
|move|p2a: Iron Treads|Stealth Rock|p1a: Hippowdon
|-sidestart|p1: NebulaTrainer|move: Stealth Rock
|
|-weather|Sandstorm|[upkeep]
|upkeep
|turn|2
|inactive|NebulaTrainer has 120 seconds left.
|
|t:|1760882927
|move|p2a: Iron Treads|Earth Power|p1a: Hippowdon
|-damage|p1a: Hippowdon|66/100
|move|p1a: Hippowdon|Stealth Rock|p2a: Iron Treads
|-sidestart|p2: james2341|move: Stealth Rock
|
|-weather|Sandstorm|[upkeep]
|upkeep
|turn|3
|
|t:|1760882934
|move|p2a: Iron Treads|Rapid Spin|p1a: Hippowdon
|-damage|p1a: Hippowdon|60/100
|-boost|p2a: Iron Treads|spe|1
|-sideend|p2: james2341|Stealth Rock|[from] move: Rapid Spin|[of] p2a: Iron Treads
|move|p1a: Hippowdon|Earthquake|p2a: Iron Treads
|-supereffective|p2a: Iron Treads
|-damage|p2a: Iron Treads|27/100
|
|-weather|Sandstorm|[upkeep]
|upkeep
|turn|4
|inactive|NebulaTrainer has 120 seconds left.
|
|t:|1760882944
|move|p2a: Iron Treads|Earth Power|p1a: Hippowdon
|-damage|p1a: Hippowdon|25/100
|move|p1a: Hippowdon|Slack Off|p1a: Hippowdon
|-heal|p1a: Hippowdon|75/100
|
|-weather|Sandstorm|[upkeep]
|upkeep
|turn|5
|inactive|NebulaTrainer has 120 seconds left.
|
|t:|1760882952
|move|p2a: Iron Treads|Earth Power|p1a: Hippowdon
|-damage|p1a: Hippowdon|39/100
|move|p1a: Hippowdon|Earthquake|p2a: Iron Treads
|-supereffective|p2a: Iron Treads
|-damage|p2a: Iron Treads|0 fnt
|faint|p2a: Iron Treads
|-end|p2a: Iron Treads|Quark Drive|[silent]
|
|-weather|Sandstorm|[upkeep]
|upkeep
|
|t:|1760882967
|switch|p2a: Grimmsnarl|Grimmsnarl, M|100/100
|turn|6
|
|t:|1760882975
|move|p2a: Grimmsnarl|Taunt|p1a: Hippowdon
|-start|p1a: Hippowdon|move: Taunt
|cant|p1a: Hippowdon|move: Taunt|Slack Off
|
|-weather|Sandstorm|[upkeep]
|-damage|p2a: Grimmsnarl|94/100|[from] Sandstorm
|upkeep
|turn|7
|
|t:|1760882982
|switch|p1a: Excadrill|Excadrill, M, shiny|100/100
|-damage|p1a: Excadrill|97/100|[from] Stealth Rock
|move|p2a: Grimmsnarl|Reflect|p2a: Grimmsnarl
|-sidestart|p2: james2341|Reflect
|
|-weather|Sandstorm|[upkeep]
|-damage|p2a: Grimmsnarl|88/100|[from] Sandstorm
|-heal|p1a: Excadrill|100/100|[from] item: Leftovers
|upkeep
|turn|8
|
|t:|1760882992
|move|p2a: Grimmsnarl|Parting Shot|p1a: Excadrill
|-unboost|p1a: Excadrill|atk|1
|-unboost|p1a: Excadrill|spa|1
|
|t:|1760883005
|switch|p2a: Ogerpon|Ogerpon-Wellspring, F|100/100|[from] Parting Shot
|move|p1a: Excadrill|Rapid Spin|p2a: Ogerpon
|-damage|p2a: Ogerpon|93/100
|-boost|p1a: Excadrill|spe|1
|-sideend|p1: NebulaTrainer|Stealth Rock|[from] move: Rapid Spin|[of] p1a: Excadrill
|
|-weather|none
|upkeep
|turn|9
|
|t:|1760883016
|switch|p1a: Hydrapple|Hydrapple, F|100/100
|move|p2a: Ogerpon|Swords Dance|p2a: Ogerpon
|-boost|p2a: Ogerpon|atk|2
|
|upkeep
|turn|10
|
|t:|1760883026
|switch|p1a: Tornadus|Tornadus-Therian, M, shiny|100/100
|move|p2a: Ogerpon|Play Rough|p1a: Tornadus
|-damage|p1a: Tornadus|27/100
|
|upkeep
|turn|11
|
|t:|1760883038
|switch|p2a: Grimmsnarl|Grimmsnarl, M|88/100
|move|p1a: Tornadus|Hurricane|p2a: Grimmsnarl|[miss]
|-miss|p1a: Tornadus|p2a: Grimmsnarl
|
|upkeep
|turn|12
|
|t:|1760883046
|switch|p1a: Hippowdon|Hippowdon, M, shiny|39/100
|-weather|Sandstorm|[from] ability: Sand Stream|[of] p1a: Hippowdon
|move|p2a: Grimmsnarl|Light Screen|p2a: Grimmsnarl
|-sidestart|p2: james2341|move: Light Screen
|
|-weather|Sandstorm|[upkeep]
|-damage|p2a: Grimmsnarl|82/100|[from] Sandstorm
|upkeep
|turn|13
|
|t:|1760883056
|switch|p1a: Excadrill|Excadrill, M, shiny|100/100
|move|p2a: Grimmsnarl|Taunt|p1a: Excadrill
|-start|p1a: Excadrill|move: Taunt
|
|-weather|Sandstorm|[upkeep]
|-damage|p2a: Grimmsnarl|76/100|[from] Sandstorm
|upkeep
|turn|14
|
|t:|1760883065
|move|p2a: Grimmsnarl|Taunt||[still]
|-fail|p2a: Grimmsnarl
|move|p1a: Excadrill|Earthquake|p2a: Grimmsnarl
|-damage|p2a: Grimmsnarl|55/100
|
|-weather|Sandstorm|[upkeep]
|-damage|p2a: Grimmsnarl|49/100|[from] Sandstorm
|-sideend|p2: james2341|Reflect
|upkeep
|turn|15
|
|t:|1760883073
|move|p2a: Grimmsnarl|Reflect|p2a: Grimmsnarl
|-sidestart|p2: james2341|Reflect
|move|p1a: Excadrill|Iron Head|p2a: Grimmsnarl
|-supereffective|p2a: Grimmsnarl
|-damage|p2a: Grimmsnarl|15/100
|
|-weather|Sandstorm|[upkeep]
|-damage|p2a: Grimmsnarl|9/100|[from] Sandstorm
|-end|p1a: Excadrill|move: Taunt
|upkeep
|turn|16
|
|t:|1760883082
|move|p2a: Grimmsnarl|Parting Shot|p1a: Excadrill
|-unboost|p1a: Excadrill|atk|1
|-unboost|p1a: Excadrill|spa|1
|
|t:|1760883086
|switch|p2a: Ogerpon|Ogerpon-Wellspring, F|93/100|[from] Parting Shot
|move|p1a: Excadrill|Rapid Spin|p2a: Ogerpon
|-damage|p2a: Ogerpon|85/100
|-boost|p1a: Excadrill|spe|1
|
|-weather|Sandstorm|[upkeep]
|-damage|p2a: Ogerpon|79/100|[from] Sandstorm
|upkeep
|turn|17
|
|t:|1760883104
|switch|p1a: Tornadus|Tornadus-Therian, M, shiny|60/100
|move|p2a: Ogerpon|Swords Dance|p2a: Ogerpon
|-boost|p2a: Ogerpon|atk|2
|
|-weather|Sandstorm|[upkeep]
|-damage|p1a: Tornadus|54/100|[from] Sandstorm
|-damage|p2a: Ogerpon|73/100|[from] Sandstorm
|upkeep
|turn|18
|
|t:|1760883114
|-terastallize|p2a: Ogerpon|Water
|detailschange|p2a: Ogerpon|Ogerpon-Wellspring-Tera, F, tera:Water
|-ability|p2a: Ogerpon|Embody Aspect (Wellspring)|boost
|-boost|p2a: Ogerpon|spd|1
|move|p1a: Tornadus|Hurricane|p2a: Ogerpon
|-damage|p2a: Ogerpon|58/100
|move|p2a: Ogerpon|Trailblaze|p1a: Tornadus
|-resisted|p1a: Tornadus
|-damage|p1a: Tornadus|23/100
|-boost|p2a: Ogerpon|spe|1
|
|-weather|Sandstorm|[upkeep]
|-damage|p2a: Ogerpon|52/100|[from] Sandstorm
|-damage|p1a: Tornadus|17/100|[from] Sandstorm
|upkeep
|turn|19
|
|t:|1760883130
|switch|p1a: Hydrapple|Hydrapple, F|100/100
|move|p2a: Ogerpon|Ivy Cudgel|p1a: Hydrapple|[anim] Ivy Cudgel Water
|-resisted|p1a: Hydrapple
|-damage|p1a: Hydrapple|69/100
|
|-weather|none
|-sideend|p2: james2341|move: Light Screen
|upkeep
|turn|20
|
|t:|1760883138
|switch|p1a: Heatran|Heatran, M, shiny|100/100
|move|p2a: Ogerpon|Play Rough|p1a: Heatran
|-resisted|p1a: Heatran
|-damage|p1a: Heatran|87/100
|
|-heal|p1a: Heatran|93/100|[from] item: Leftovers
|upkeep
|turn|21
|
|t:|1760883147
|move|p1a: Heatran|Protect|p1a: Heatran
|-singleturn|p1a: Heatran|Protect
|move|p2a: Ogerpon|Ivy Cudgel|p1a: Heatran|[anim] Ivy Cudgel Water
|-activate|p1a: Heatran|move: Protect
|
|-heal|p1a: Heatran|99/100|[from] item: Leftovers
|upkeep
|turn|22
|
|t:|1760883159
|move|p2a: Ogerpon|Ivy Cudgel|p1a: Heatran|[anim] Ivy Cudgel Water
|-supereffective|p1a: Heatran
|-crit|p1a: Heatran
|-damage|p1a: Heatran|0 fnt
|faint|p1a: Heatran
|
|-sideend|p2: james2341|Reflect
|upkeep
|
|t:|1760883166
|switch|p1a: Hydrapple|Hydrapple, F|100/100
|turn|23
|
|t:|1760883170
|-terastallize|p1a: Hydrapple|Fairy
|move|p2a: Ogerpon|Play Rough|p1a: Hydrapple
|-damage|p1a: Hydrapple|42/100
|move|p1a: Hydrapple|Giga Drain|p2a: Ogerpon
|-supereffective|p2a: Ogerpon
|-damage|p2a: Ogerpon|0 fnt
|-heal|p1a: Hydrapple|61/100|[from] drain|[of] p2a: Ogerpon
|faint|p2a: Ogerpon
|detailschange|p2: Ogerpon|Ogerpon-Wellspring, F|[silent]
|
|upkeep
|
|t:|1760883176
|switch|p2a: Grimmsnarl|Grimmsnarl, M|9/100
|turn|24
|
|t:|1760883185
|move|p2a: Grimmsnarl|Light Screen|p2a: Grimmsnarl
|-sidestart|p2: james2341|move: Light Screen
|move|p1a: Hydrapple|Giga Drain|p2a: Grimmsnarl
|-damage|p2a: Grimmsnarl|0 fnt
|-heal|p1a: Hydrapple|65/100|[from] drain|[of] p2a: Grimmsnarl
|faint|p2a: Grimmsnarl
|
|upkeep
|
|t:|1760883194
|switch|p2a: Lucario|Lucario, M|100/100
|turn|25
|
|t:|1760883198
|switch|p1a: Hippowdon|Hippowdon, M, shiny|39/100
|-weather|Sandstorm|[from] ability: Sand Stream|[of] p1a: Hippowdon
|move|p2a: Lucario|Swords Dance|p2a: Lucario
|-boost|p2a: Lucario|atk|2
|
|-weather|Sandstorm|[upkeep]
|upkeep
|turn|26
|
|t:|1760883208
|move|p2a: Lucario|Extreme Speed|p1a: Hippowdon
|-damage|p1a: Hippowdon|2/100
|-damage|p2a: Lucario|91/100|[from] item: Life Orb
|move|p1a: Hippowdon|Whirlwind|p2a: Lucario
|drag|p2a: Comfey|Comfey, F, shiny|100/100
|
|-weather|Sandstorm|[upkeep]
|-damage|p2a: Comfey|94/100|[from] Sandstorm
|-heal|p2a: Comfey|100/100|[from] item: Leftovers
|upkeep
|turn|27
|
|t:|1760883219
|move|p2a: Comfey|Calm Mind|p2a: Comfey
|-boost|p2a: Comfey|spa|1
|-boost|p2a: Comfey|spd|1
|move|p1a: Hippowdon|Stealth Rock|p2a: Comfey
|-sidestart|p2: james2341|move: Stealth Rock
|
|-weather|Sandstorm|[upkeep]
|-damage|p2a: Comfey|94/100|[from] Sandstorm
|-heal|p2a: Comfey|100/100|[from] item: Leftovers
|upkeep
|turn|28
|
|t:|1760883229
|switch|p1a: Tornadus|Tornadus-Therian, M, shiny|50/100
|move|p2a: Comfey|Giga Drain|p1a: Tornadus
|-resisted|p1a: Tornadus
|-damage|p1a: Tornadus|40/100
|
|-weather|Sandstorm|[upkeep]
|-damage|p1a: Tornadus|34/100|[from] Sandstorm
|-damage|p2a: Comfey|94/100|[from] Sandstorm
|-heal|p2a: Comfey|100/100|[from] item: Leftovers
|upkeep
|turn|29
|
|t:|1760883239
|move|p1a: Tornadus|U-turn|p2a: Comfey
|-resisted|p2a: Comfey
|-damage|p2a: Comfey|91/100
|
|t:|1760883242
|switch|p1a: Excadrill|Excadrill, M, shiny|100/100|[from] U-turn
|move|p2a: Comfey|Calm Mind|p2a: Comfey
|-boost|p2a: Comfey|spa|1
|-boost|p2a: Comfey|spd|1
|
|-weather|Sandstorm|[upkeep]
|-damage|p2a: Comfey|85/100|[from] Sandstorm
|-heal|p2a: Comfey|91/100|[from] item: Leftovers
|upkeep
|turn|30
|
|t:|1760883252
|move|p2a: Comfey|Giga Drain|p1a: Excadrill
|-damage|p1a: Excadrill|48/100
|-heal|p2a: Comfey|100/100|[from] drain|[of] p1a: Excadrill
|move|p1a: Excadrill|Iron Head|p2a: Comfey
|-supereffective|p2a: Comfey
|-damage|p2a: Comfey|0 fnt
|faint|p2a: Comfey
|
|-weather|Sandstorm|[upkeep]
|-heal|p1a: Excadrill|54/100|[from] item: Leftovers
|upkeep
|
|t:|1760883261
|switch|p2a: Great Tusk|Great Tusk, shiny|100/100
|-damage|p2a: Great Tusk|98/100|[from] Stealth Rock
|-enditem|p2a: Great Tusk|Booster Energy
|-activate|p2a: Great Tusk|ability: Protosynthesis|[fromitem]
|-start|p2a: Great Tusk|protosynthesisspe
|turn|31
|
|t:|1760883268
|switch|p1a: Hydrapple|Hydrapple, F, tera:Fairy|99/100
|move|p2a: Great Tusk|Bulk Up|p2a: Great Tusk
|-boost|p2a: Great Tusk|atk|1
|-boost|p2a: Great Tusk|def|1
|
|-weather|Sandstorm|[upkeep]
|-damage|p1a: Hydrapple|92/100|[from] Sandstorm
|-sideend|p2: james2341|move: Light Screen
|upkeep
|turn|32
|
|t:|1760883277
|move|p2a: Great Tusk|Headlong Rush|p1a: Hydrapple
|-damage|p1a: Hydrapple|31/100
|-unboost|p2a: Great Tusk|def|1
|-unboost|p2a: Great Tusk|spd|1
|move|p1a: Hydrapple|Giga Drain|p2a: Great Tusk
|-supereffective|p2a: Great Tusk
|-damage|p2a: Great Tusk|0 fnt
|-heal|p1a: Hydrapple|82/100|[from] drain|[of] p2a: Great Tusk
|faint|p2a: Great Tusk
|-end|p2a: Great Tusk|Protosynthesis|[silent]
|
|-weather|none
|upkeep
|l|☆james2341
|inactive|james2341 disconnected and has a minute to reconnect!
|player|p2|
|j|☆james2341
|inactive|james2341 reconnected and has 125 seconds left.
|player|p2|james2341|101|
|
|t:|1760883306
|switch|p2a: Lucario|Lucario, M|91/100
|-damage|p2a: Lucario|88/100|[from] Stealth Rock
|turn|33
|inactive|james2341 has 120 seconds left.
|l|☆james2341
|inactive|james2341 disconnected and has a minute to reconnect!
|player|p2|
|j|☆james2341
|inactive|james2341 reconnected and has 85 seconds left.
|player|p2|james2341|101|
|
|t:|1760883358
|move|p2a: Lucario|Swords Dance|p2a: Lucario
|-boost|p2a: Lucario|atk|2
|move|p1a: Hydrapple|Earth Power|p2a: Lucario
|-supereffective|p2a: Lucario
|-damage|p2a: Lucario|0 fnt
|faint|p2a: Lucario
|
|win|NebulaTrainer
|raw|NebulaTrainer's rating: 1609 &rarr; <strong>1632</strong><br />(+23 for winning)
|raw|james2341's rating: 1655 &rarr; <strong>1632</strong><br />(-23 for losing)
|l|☆james2341
|player|p2|
|l|☆NebulaTrainer
|player|p1|
