|j|☆DurantLatios拉帝欧斯侠
|j|☆levi6969
|t:|1760855497
|gametype|singles
|player|p1|DurantLatios拉帝欧斯侠|102|1351
|player|p2|levi6969|2|1409
|gen|9
|tier|[Gen 9] OU
|rated|
|rule|HP Percentage Mod: HP is shown in percentages
|rule|Endless Battle Clause: Forcing endless battles is banned
|rule|Species Clause: Limit one of each Pokémon
|rule|OHKO Clause: OHKO moves are banned
|rule|Evasion Items Clause: Evasion items are banned
|rule|Evasion Moves Clause: Evasion moves are banned
|rule|Evasion Abilities Clause: Evasion abilities are banned
|rule|Sleep Moves Clause: Sleep-inducing moves are banned
|clearpoke
|poke|p1|Latios, M|
|poke|p1|Tyranitar, F|
|poke|p1|Excadrill, F|
|poke|p1|Moltres|
|poke|p1|Primarina, M|
|poke|p1|Ogerpon-Wellspring, F|
|poke|p2|Hitmonchan, M|
|poke|p2|Orthworm, M|
|poke|p2|Porygon2|
|poke|p2|Ursaluna, F|
|poke|p2|Hatterene, F|
|poke|p2|Tentacruel, M|
|teampreview
|inactive|Battle timer is ON: inactive players will automatically lose when time's up. (requested by DurantLatios拉帝欧斯侠)
|inactive|levi6969 has 120 seconds left.
|
|t:|1760855554
|teamsize|p1|6
|teamsize|p2|6
|start
|switch|p1a: Latios|Latios, M|100/100
|switch|p2a: Orthworm|Orthworm, M, shiny|100/100
|turn|1
|
|t:|1760855575
|move|p1a: Latios|Aura Sphere|p2a: Orthworm
|-supereffective|p2a: Orthworm
|-damage|p2a: Orthworm|7/100
|move|p2a: Orthworm|Stealth Rock|p1a: Latios
|-sidestart|p1: DurantLatios拉帝欧斯侠|move: Stealth Rock
|
|-heal|p2a: Orthworm|13/100|[from] item: Leftovers
|upkeep
|turn|2
|
|t:|1760855580
|switch|p2a: Tentacruel|Tentacruel, M, shiny|100/100
|move|p1a: Latios|Aura Sphere|p2a: Tentacruel
|-resisted|p2a: Tentacruel
|-crit|p2a: Tentacruel
|-damage|p2a: Tentacruel|75/100
|
|upkeep
|turn|3
|
|t:|1760855589
|switch|p1a: Tyranitar|Tyranitar, F|100/100
|-damage|p1a: Tyranitar|88/100|[from] Stealth Rock
|-weather|Sandstorm|[from] ability: Sand Stream|[of] p1a: Tyranitar
|switch|p2a: Porygon2|Porygon2|100/100
|-ability|p2a: Porygon2|Download|boost
|-boost|p2a: Porygon2|atk|1
|
|-weather|Sandstorm|[upkeep]
|-damage|p2a: Porygon2|94/100|[from] Sandstorm
|-heal|p1a: Tyranitar|94/100|[from] item: Leftovers
|upkeep
|turn|4
|
|t:|1760855597
|move|p1a: Tyranitar|Stealth Rock|p2a: Porygon2
|-sidestart|p2: levi6969|move: Stealth Rock
|move|p2a: Porygon2|Trick Room|p2a: Porygon2
|-fieldstart|move: Trick Room|[of] p2a: Porygon2
|
|-weather|Sandstorm|[upkeep]
|-damage|p2a: Porygon2|88/100|[from] Sandstorm
|-heal|p1a: Tyranitar|100/100|[from] item: Leftovers
|upkeep
|turn|5
|
|t:|1760855602
|switch|p2a: Orthworm|Orthworm, M, shiny|13/100
|-damage|p2a: Orthworm|7/100|[from] Stealth Rock
|move|p1a: Tyranitar|Knock Off|p2a: Orthworm
|-damage|p2a: Orthworm|0 fnt
|-enditem|p2a: Orthworm|Leftovers|[from] move: Knock Off|[of] p1a: Tyranitar
|faint|p2a: Orthworm
|
|-weather|Sandstorm|[upkeep]
|upkeep
|
|t:|1760855605
|switch|p2a: Hatterene|Hatterene, F, shiny|100/100
|-damage|p2a: Hatterene|88/100|[from] Stealth Rock
|turn|6
|
|t:|1760855608
|move|p2a: Hatterene|Calm Mind|p2a: Hatterene
|-boost|p2a: Hatterene|spa|1
|-boost|p2a: Hatterene|spd|1
|move|p1a: Tyranitar|Knock Off|p2a: Hatterene
|-damage|p2a: Hatterene|49/100
|-enditem|p2a: Hatterene|Covert Cloak|[from] move: Knock Off|[of] p1a: Tyranitar
|
|-weather|Sandstorm|[upkeep]
|-damage|p2a: Hatterene|43/100|[from] Sandstorm
|upkeep
|turn|7
|
|t:|1760855616
|move|p2a: Hatterene|Draining Kiss|p1a: Tyranitar
|-supereffective|p1a: Tyranitar
|-damage|p1a: Tyranitar|75/100
|-heal|p2a: Hatterene|68/100|[from] drain|[of] p1a: Tyranitar
|move|p1a: Tyranitar|Rock Blast|p2a: Hatterene
|-damage|p2a: Hatterene|58/100
|-damage|p2a: Hatterene|49/100
|-hitcount|p2a: Hatterene|2
|
|-weather|none
|-heal|p1a: Tyranitar|81/100|[from] item: Leftovers
|upkeep
|turn|8
|
|t:|1760855627
|move|p2a: Hatterene|Draining Kiss|p1a: Tyranitar
|-supereffective|p1a: Tyranitar
|-damage|p1a: Tyranitar|43/100
|-heal|p2a: Hatterene|85/100|[from] drain|[of] p1a: Tyranitar
|move|p1a: Tyranitar|Rock Blast|p2a: Hatterene|[miss]
|-miss|p1a: Tyranitar|p2a: Hatterene
|
|-heal|p1a: Tyranitar|50/100|[from] item: Leftovers
|-fieldend|move: Trick Room
|upkeep
|turn|9
|j| blackgokuking
|
|t:|1760855650
|move|p1a: Tyranitar|Rock Blast|p2a: Hatterene
|-damage|p2a: Hatterene|75/100
|-damage|p2a: Hatterene|66/100
|-damage|p2a: Hatterene|55/100
|-damage|p2a: Hatterene|45/100
|-damage|p2a: Hatterene|36/100
|-hitcount|p2a: Hatterene|5
|move|p2a: Hatterene|Calm Mind|p2a: Hatterene
|-boost|p2a: Hatterene|spa|1
|-boost|p2a: Hatterene|spd|1
|
|-heal|p1a: Tyranitar|56/100|[from] item: Leftovers
|upkeep
|turn|10
|
|t:|1760855655
|move|p1a: Tyranitar|Rock Blast|p2a: Hatterene
|-damage|p2a: Hatterene|27/100
|-damage|p2a: Hatterene|17/100
|-hitcount|p2a: Hatterene|2
|move|p2a: Hatterene|Draining Kiss|p1a: Tyranitar
|-supereffective|p1a: Tyranitar
|-damage|p1a: Tyranitar|0 fnt
|-heal|p2a: Hatterene|70/100|[from] drain|[of] p1a: Tyranitar
|faint|p1a: Tyranitar
|
|upkeep
|
|t:|1760855661
|switch|p1a: Ogerpon|Ogerpon-Wellspring, F|100/100
|-damage|p1a: Ogerpon|88/100|[from] Stealth Rock
|turn|11
|
|t:|1760855668
|-terastallize|p2a: Hatterene|Water
|move|p1a: Ogerpon|Ivy Cudgel|p2a: Hatterene|[anim] Ivy Cudgel Water
|-resisted|p2a: Hatterene
|-damage|p2a: Hatterene|45/100
|move|p2a: Hatterene|Draining Kiss|p1a: Ogerpon
|-damage|p1a: Ogerpon|33/100
|-heal|p2a: Hatterene|85/100|[from] drain|[of] p1a: Ogerpon
|
|upkeep
|turn|12
|
|t:|1760855673
|move|p1a: Ogerpon|Power Whip|p2a: Hatterene
|-supereffective|p2a: Hatterene
|-damage|p2a: Hatterene|0 fnt
|faint|p2a: Hatterene
|
|upkeep
|
|t:|1760855681
|switch|p2a: Porygon2|Porygon2|88/100
|-damage|p2a: Porygon2|76/100|[from] Stealth Rock
|-ability|p2a: Porygon2|Download|boost
|-boost|p2a: Porygon2|atk|1
|turn|13
|
|t:|1760855690
|switch|p1a: Excadrill|Excadrill, F|100/100
|-damage|p1a: Excadrill|97/100|[from] Stealth Rock
|-item|p1a: Excadrill|Air Balloon
|move|p2a: Porygon2|Trick Room|p2a: Porygon2
|-fieldstart|move: Trick Room|[of] p2a: Porygon2
|
|upkeep
|turn|14
|
|t:|1760855697
|switch|p2a: Tentacruel|Tentacruel, M, shiny|75/100
|-damage|p2a: Tentacruel|62/100|[from] Stealth Rock
|move|p1a: Excadrill|Rapid Spin|p2a: Tentacruel
|-crit|p2a: Tentacruel
|-damage|p2a: Tentacruel|33/100
|-boost|p1a: Excadrill|spe|1
|-damage|p1a: Excadrill|81/100|[from] item: Rocky Helmet|[of] p2a: Tentacruel
|-sideend|p1: DurantLatios拉帝欧斯侠|Stealth Rock|[from] move: Rapid Spin|[of] p1a: Excadrill
|
|upkeep
|turn|15
|
|t:|1760855705
|switch|p1a: Ogerpon|Ogerpon-Wellspring, F|33/100
|move|p2a: Tentacruel|Rapid Spin|p1a: Ogerpon
|-damage|p1a: Ogerpon|22/100
|-boost|p2a: Tentacruel|spe|1
|-sideend|p2: levi6969|Stealth Rock|[from] move: Rapid Spin|[of] p2a: Tentacruel
|
|upkeep
|turn|16
|
|t:|1760855715
|move|p1a: Ogerpon|Power Whip|p2a: Tentacruel
|-damage|p2a: Tentacruel|0 fnt
|-damage|p1a: Ogerpon|5/100|[from] item: Rocky Helmet|[of] p2a: Tentacruel
|faint|p2a: Tentacruel
|
|upkeep
|
|t:|1760855719
|switch|p2a: Hitmonchan|Hitmonchan, M|100/100
|turn|17
|
|t:|1760855723
|switch|p1a: Moltres|Moltres|100/100
|move|p2a: Hitmonchan|Bullet Punch|p1a: Moltres
|-resisted|p1a: Moltres
|-damage|p1a: Moltres|94/100
|
|-fieldend|move: Trick Room
|upkeep
|turn|18
|
|t:|1760855727
|switch|p2a: Ursaluna|Ursaluna, F, shiny|100/100
|move|p1a: Moltres|U-turn|p2a: Ursaluna
|-damage|p2a: Ursaluna|91/100
|
|t:|1760855731
|switch|p1a: Ogerpon|Ogerpon-Wellspring, F|5/100|[from] U-turn
|
|-heal|p2a: Ursaluna|97/100|[from] item: Leftovers
|upkeep
|turn|19
|
|t:|1760855735
|move|p2a: Ursaluna|Protect|p2a: Ursaluna
|-singleturn|p2a: Ursaluna|Protect
|move|p1a: Ogerpon|Ivy Cudgel|p2a: Ursaluna|[anim] Ivy Cudgel Water
|-activate|p2a: Ursaluna|move: Protect
|
|-heal|p2a: Ursaluna|100/100|[from] item: Leftovers
|upkeep
|turn|20
|
|t:|1760855742
|-terastallize|p1a: Ogerpon|Water
|detailschange|p1a: Ogerpon|Ogerpon-Wellspring-Tera, F, tera:Water
|-ability|p1a: Ogerpon|Embody Aspect (Wellspring)|boost
|-boost|p1a: Ogerpon|spd|1
|move|p1a: Ogerpon|Ivy Cudgel|p2a: Ursaluna|[anim] Ivy Cudgel Water
|-supereffective|p2a: Ursaluna
|-damage|p2a: Ursaluna|0 fnt
|faint|p2a: Ursaluna
|
|upkeep
|
|t:|1760855745
|switch|p2a: Porygon2|Porygon2|76/100
|-ability|p2a: Porygon2|Download|boost
|-boost|p2a: Porygon2|atk|1
|turn|21
|-message|levi6969 forfeited.
|
|win|DurantLatios拉帝欧斯侠
|raw|DurantLatios拉帝欧斯侠's rating: 1351 &rarr; <strong>1374</strong><br />(+23 for winning)
|raw|levi6969's rating: 1409 &rarr; <strong>1386</strong><br />(-23 for losing)
|l|☆levi6969
|player|p2|
