|j|☆excelio21
|j|☆Damage-Advantage
|t:|1760799537
|gametype|singles
|player|p1|excelio21|riley|1392
|player|p2|Damage-Advantage|guitarist|1420
|gen|9
|tier|[Gen 9] OU
|rated|
|rule|HP Percentage Mod: HP is shown in percentages
|rule|Endless Battle Clause: Forcing endless battles is banned
|rule|Species Clause: Limit one of each Pokémon
|rule|OHKO Clause: OHKO moves are banned
|rule|Evasion Items Clause: Evasion items are banned
|rule|Evasion Moves Clause: Evasion moves are banned
|rule|Evasion Abilities Clause: Evasion abilities are banned
|rule|Sleep Moves Clause: Sleep-inducing moves are banned
|clearpoke
|poke|p1|Ogerpon-Wellspring, F|
|poke|p1|Blissey, F|
|poke|p1|Weezing-Galar, F|
|poke|p1|Primarina, F|
|poke|p1|Weavile, M|
|poke|p1|Pelipper, F|
|poke|p2|Scovillain, F|
|poke|p2|Ninetales, F|
|poke|p2|Walking Wake|
|poke|p2|Raging Bolt|
|poke|p2|Great Tusk|
|poke|p2|Hatterene, F|
|teampreview
|c|☆Damage-Advantage|hf
|inactive|Battle timer is ON: inactive players will automatically lose when time's up. (requested by Damage-Advantage)
|
|t:|1760799567
|teamsize|p1|6
|teamsize|p2|6
|start
|switch|p1a: Primarina|Primarina, F|100/100
|switch|p2a: Walking Wake|Walking Wake|100/100
|turn|1
|
|t:|1760799574
|move|p2a: Walking Wake|Flip Turn|p1a: Primarina
|-resisted|p1a: Primarina
|-damage|p1a: Primarina|91/100
|
|t:|1760799577
|-end|p2a: Walking Wake|Protosynthesis|[silent]
|switch|p2a: Ninetales|Ninetales, F, shiny|100/100|[from] Flip Turn
|-weather|SunnyDay|[from] ability: Drought|[of] p2a: Ninetales
|move|p1a: Primarina|Moonblast|p2a: Ninetales
|-resisted|p2a: Ninetales
|-damage|p2a: Ninetales|56/100
|-unboost|p2a: Ninetales|spa|1
|
|-weather|SunnyDay|[upkeep]
|upkeep
|turn|2
|
|t:|1760799589
|switch|p2a: Hatterene|Hatterene, F, shiny|100/100
|switch|p1a: Pelipper|Pelipper, F|100/100
|-weather|RainDance|[from] ability: Drizzle|[of] p1a: Pelipper
|
|-weather|RainDance|[upkeep]
|upkeep
|turn|3
|
|t:|1760799598
|move|p1a: Pelipper|Surf|p2a: Hatterene
|-damage|p2a: Hatterene|9/100
|-enditem|p2a: Hatterene|Eject Button
|
|t:|1760799603
|switch|p2a: Raging Bolt|Raging Bolt|100/100
|
|-weather|RainDance|[upkeep]
|upkeep
|turn|4
|
|t:|1760799611
|-end|p2a: Raging Bolt|Protosynthesis|[silent]
|switch|p2a: Great Tusk|Great Tusk|100/100
|switch|p1a: Blissey|Blissey, F|100/100
|
|-weather|RainDance|[upkeep]
|upkeep
|turn|5
|
|t:|1760799626
|move|p2a: Great Tusk|Ice Spinner|p1a: Blissey
|-damage|p1a: Blissey|63/100
|move|p1a: Blissey|Stealth Rock|p2a: Great Tusk
|-sidestart|p2: Damage-Advantage|move: Stealth Rock
|
|-weather|RainDance|[upkeep]
|-heal|p1a: Blissey|69/100|[from] item: Leftovers
|upkeep
|turn|6
|
|t:|1760799639
|-end|p2a: Great Tusk|Protosynthesis|[silent]
|switch|p2a: Hatterene|Hatterene, F, shiny|9/100
|-damage|p2a: Hatterene|0 fnt|[from] Stealth Rock
|faint|p2a: Hatterene
|switch|p1a: Pelipper|Pelipper, F|100/100
|
|-weather|none
|upkeep
|
|t:|1760799647
|switch|p2a: Raging Bolt|Raging Bolt|100/100
|-damage|p2a: Raging Bolt|88/100|[from] Stealth Rock
|turn|7
|
|t:|1760799658
|switch|p1a: Blissey|Blissey, F|69/100
|move|p2a: Raging Bolt|Thunderbolt|p1a: Blissey
|-damage|p1a: Blissey|44/100
|-status|p1a: Blissey|par
|-damage|p2a: Raging Bolt|78/100|[from] item: Life Orb
|
|-heal|p1a: Blissey|51/100 par|[from] item: Leftovers
|upkeep
|turn|8
|
|t:|1760799664
|-end|p2a: Raging Bolt|Protosynthesis|[silent]
|switch|p2a: Great Tusk|Great Tusk|100/100
|-damage|p2a: Great Tusk|98/100|[from] Stealth Rock
|move|p1a: Blissey|Seismic Toss|p2a: Great Tusk
|-damage|p2a: Great Tusk|71/100
|
|-heal|p1a: Blissey|57/100 par|[from] item: Leftovers
|upkeep
|turn|9
|
|t:|1760799674
|-curestatus|p1a: Blissey|par|[from] ability: Natural Cure
|switch|p1a: Pelipper|Pelipper, F|100/100
|-weather|RainDance|[from] ability: Drizzle|[of] p1a: Pelipper
|move|p2a: Great Tusk|Rapid Spin|p1a: Pelipper
|-damage|p1a: Pelipper|71/100
|-boost|p2a: Great Tusk|spe|1
|-sideend|p2: Damage-Advantage|Stealth Rock|[from] move: Rapid Spin|[of] p2a: Great Tusk
|
|-weather|RainDance|[upkeep]
|upkeep
|turn|10
|
|t:|1760799686
|-end|p2a: Great Tusk|Protosynthesis|[silent]
|switch|p2a: Raging Bolt|Raging Bolt|78/100
|move|p1a: Pelipper|Hurricane|p2a: Raging Bolt
|-resisted|p2a: Raging Bolt
|-damage|p2a: Raging Bolt|43/100
|
|-weather|RainDance|[upkeep]
|upkeep
|turn|11
|
|t:|1760799699
|switch|p1a: Blissey|Blissey, F|57/100
|move|p2a: Raging Bolt|Thunderbolt|p1a: Blissey
|-damage|p1a: Blissey|31/100
|-damage|p2a: Raging Bolt|33/100|[from] item: Life Orb
|
|-weather|RainDance|[upkeep]
|-heal|p1a: Blissey|37/100|[from] item: Leftovers
|upkeep
|turn|12
|
|t:|1760799704
|-end|p2a: Raging Bolt|Protosynthesis|[silent]
|switch|p2a: Great Tusk|Great Tusk|71/100
|move|p1a: Blissey|Soft-Boiled|p1a: Blissey
|-heal|p1a: Blissey|87/100
|
|-weather|RainDance|[upkeep]
|-heal|p1a: Blissey|93/100|[from] item: Leftovers
|upkeep
|turn|13
|
|t:|1760799710
|switch|p1a: Weezing|Weezing-Galar, F|100/100
|move|p2a: Great Tusk|Close Combat|p1a: Weezing
|-resisted|p1a: Weezing
|-damage|p1a: Weezing|82/100
|-unboost|p2a: Great Tusk|def|1
|-unboost|p2a: Great Tusk|spd|1
|
|-weather|none
|-heal|p1a: Weezing|88/100|[from] item: Black Sludge
|upkeep
|turn|14
|
|t:|1760799717
|-end|p2a: Great Tusk|Protosynthesis|[silent]
|switch|p2a: Ninetales|Ninetales, F, shiny|56/100
|-weather|SunnyDay|[from] ability: Drought|[of] p2a: Ninetales
|move|p1a: Weezing|Sludge Wave|p2a: Ninetales
|-damage|p2a: Ninetales|23/100
|
|-weather|SunnyDay|[upkeep]
|-heal|p1a: Weezing|94/100|[from] item: Black Sludge
|upkeep
|turn|15
|
|t:|1760799727
|switch|p2a: Great Tusk|Great Tusk|71/100
|-activate|p2a: Great Tusk|ability: Protosynthesis
|-start|p2a: Great Tusk|protosynthesisatk
|switch|p1a: Pelipper|Pelipper, F|71/100
|-weather|RainDance|[from] ability: Drizzle|[of] p1a: Pelipper
|-end|p2a: Great Tusk|Protosynthesis
|
|-weather|RainDance|[upkeep]
|upkeep
|turn|16
|
|t:|1760799736
|-end|p2a: Great Tusk|Protosynthesis|[silent]
|switch|p2a: Raging Bolt|Raging Bolt|33/100
|move|p1a: Pelipper|Ice Beam|p2a: Raging Bolt
|-supereffective|p2a: Raging Bolt
|-damage|p2a: Raging Bolt|0 fnt
|faint|p2a: Raging Bolt
|-end|p2a: Raging Bolt|Protosynthesis|[silent]
|
|-weather|RainDance|[upkeep]
|upkeep
|
|t:|1760799740
|switch|p2a: Ninetales|Ninetales, F, shiny|23/100
|-weather|SunnyDay|[from] ability: Drought|[of] p2a: Ninetales
|turn|17
|
|t:|1760799744
|switch|p2a: Walking Wake|Walking Wake|100/100
|-activate|p2a: Walking Wake|ability: Protosynthesis
|-start|p2a: Walking Wake|protosynthesisspa
|switch|p1a: Blissey|Blissey, F|93/100
|
|-weather|SunnyDay|[upkeep]
|-heal|p1a: Blissey|99/100|[from] item: Leftovers
|upkeep
|turn|18
|
|t:|1760799760
|-terastallize|p2a: Walking Wake|Water
|move|p2a: Walking Wake|Hydro Steam|p1a: Blissey
|-damage|p1a: Blissey|37/100
|move|p1a: Blissey|Stealth Rock|p2a: Walking Wake
|-sidestart|p2: Damage-Advantage|move: Stealth Rock
|
|-weather|SunnyDay|[upkeep]
|-heal|p1a: Blissey|43/100|[from] item: Leftovers
|upkeep
|turn|19
|
|t:|1760799771
|-end|p2a: Walking Wake|Protosynthesis|[silent]
|switch|p2a: Scovillain|Scovillain, F|100/100
|-damage|p2a: Scovillain|76/100|[from] Stealth Rock
|switch|p1a: Pelipper|Pelipper, F|71/100
|-weather|RainDance|[from] ability: Drizzle|[of] p1a: Pelipper
|
|-weather|RainDance|[upkeep]
|upkeep
|turn|20
|
|t:|1760799779
|switch|p2a: Walking Wake|Walking Wake, tera:Water|100/100
|-damage|p2a: Walking Wake|88/100|[from] Stealth Rock
|move|p1a: Pelipper|Hurricane|p2a: Walking Wake
|-damage|p2a: Walking Wake|6/100
|-start|p2a: Walking Wake|confusion
|
|-weather|RainDance|[upkeep]
|upkeep
|turn|21
|
|t:|1760799792
|switch|p1a: Primarina|Primarina, F|91/100
|-activate|p2a: Walking Wake|confusion
|-damage|p2a: Walking Wake|0 fnt|[from] confusion
|faint|p2a: Walking Wake
|-end|p2a: Walking Wake|Protosynthesis|[silent]
|
|-weather|RainDance|[upkeep]
|upkeep
|
|t:|1760799797
|switch|p2a: Ninetales|Ninetales, F, shiny|23/100
|-damage|p2a: Ninetales|0 fnt|[from] Stealth Rock
|faint|p2a: Ninetales
|-message|Damage-Advantage forfeited.
|
|win|excelio21
|raw|excelio21's rating: 1392 &rarr; <strong>1414</strong><br />(+22 for winning)
|raw|Damage-Advantage's rating: 1420 &rarr; <strong>1398</strong><br />(-22 for losing)
|l|☆Damage-Advantage
|player|p2|
