|j|☆grimppyyyy god
|j|☆Lotadfan22
|t:|1760797734
|gametype|singles
|player|p1|grimppyyyy god|riley|1247
|player|p2|Lotadfan22|blaine|1243
|gen|9
|tier|[Gen 9] OU
|rated|
|rule|HP Percentage Mod: HP is shown in percentages
|rule|Endless Battle Clause: Forcing endless battles is banned
|rule|Species Clause: Limit one of each Pokémon
|rule|OHKO Clause: OHKO moves are banned
|rule|Evasion Items Clause: Evasion items are banned
|rule|Evasion Moves Clause: Evasion moves are banned
|rule|Evasion Abilities Clause: Evasion abilities are banned
|rule|Sleep Moves Clause: Sleep-inducing moves are banned
|clearpoke
|poke|p1|Glimmora, F|
|poke|p1|Overqwil, M|
|poke|p1|Pelipper, F|
|poke|p1|Kingdra, F|
|poke|p1|Barraskewda, M|
|poke|p1|Golurk|
|poke|p2|Dragonite, F|
|poke|p2|Arcanine-Hisui, M|
|poke|p2|Primarina, M|
|poke|p2|Rillaboom, M|
|poke|p2|Great Tusk|
|poke|p2|Kingambit, M|
|teampreview
|
|t:|1760797756
|teamsize|p1|6
|teamsize|p2|6
|start
|switch|p1a: Glimmora|Glimmora, F|100/100
|switch|p2a: Primarina|Primarina, M|100/100
|turn|1
|c|☆grimppyyyy god|Wow what
|c|☆Lotadfan22|hm
|
|t:|1760797788
|switch|p2a: Great Tusk|Great Tusk|100/100
|move|p1a: Glimmora|Toxic Spikes|p2a: Great Tusk
|-sidestart|p2: Lotadfan22|move: Toxic Spikes
|
|upkeep
|turn|2
|
|t:|1760797794
|switch|p1a: Pelipper|Pelipper, F|100/100
|-weather|RainDance|[from] ability: Drizzle|[of] p1a: Pelipper
|move|p2a: Great Tusk|Stealth Rock|p1a: Pelipper
|-sidestart|p1: grimppyyyy god|move: Stealth Rock
|
|-weather|RainDance|[upkeep]
|upkeep
|turn|3
|
|t:|1760797805
|-end|p2a: Great Tusk|Protosynthesis|[silent]
|switch|p2a: Dragonite|Dragonite, F|100/100
|switch|p1a: Golurk|Golurk|100/100
|-damage|p1a: Golurk|94/100|[from] Stealth Rock
|
|-weather|RainDance|[upkeep]
|-heal|p1a: Golurk|100/100|[from] item: Leftovers
|upkeep
|turn|4
|
|t:|1760797818
|move|p2a: Dragonite|Earthquake|p1a: Golurk
|-damage|p1a: Golurk|60/100
|move|p1a: Golurk|Ice Punch|p2a: Dragonite
|-supereffective|p2a: Dragonite
|-damage|p2a: Dragonite|30/100
|
|-weather|RainDance|[upkeep]
|-heal|p1a: Golurk|66/100|[from] item: Leftovers
|upkeep
|turn|5
|
|t:|1760797845
|switch|p2a: Great Tusk|Great Tusk|100/100
|move|p1a: Golurk|Earthquake|p2a: Great Tusk
|-damage|p2a: Great Tusk|57/100
|
|-weather|RainDance|[upkeep]
|-heal|p1a: Golurk|72/100|[from] item: Leftovers
|upkeep
|turn|6
|
|t:|1760797857
|move|p2a: Great Tusk|Ice Spinner|p1a: Golurk
|-supereffective|p1a: Golurk
|-damage|p1a: Golurk|9/100
|move|p1a: Golurk|Ice Punch|p2a: Great Tusk
|-supereffective|p2a: Great Tusk
|-damage|p2a: Great Tusk|12/100
|
|-weather|RainDance|[upkeep]
|-heal|p1a: Golurk|15/100|[from] item: Leftovers
|upkeep
|turn|7
|
|t:|1760797870
|move|p2a: Great Tusk|Ice Spinner|p1a: Golurk
|-supereffective|p1a: Golurk
|-damage|p1a: Golurk|0 fnt
|faint|p1a: Golurk
|
|-weather|RainDance|[upkeep]
|upkeep
|
|t:|1760797883
|switch|p1a: Barraskewda|Barraskewda, M|100/100
|-damage|p1a: Barraskewda|88/100|[from] Stealth Rock
|turn|8
|inactive|Battle timer is ON: inactive players will automatically lose when time's up. (requested by grimppyyyy god)
|
|t:|1760797913
|move|p1a: Barraskewda|Flip Turn|p2a: Great Tusk
|-supereffective|p2a: Great Tusk
|-damage|p2a: Great Tusk|0 fnt
|faint|p2a: Great Tusk
|-end|p2a: Great Tusk|Protosynthesis|[silent]
|
|t:|1760797924
|switch|p1a: Glimmora|Glimmora, F|100/100|[from] Flip Turn
|-damage|p1a: Glimmora|88/100|[from] Stealth Rock
|
|-weather|RainDance|[upkeep]
|upkeep
|
|t:|1760797932
|switch|p2a: Primarina|Primarina, M|100/100
|-status|p2a: Primarina|psn
|turn|9
|
|t:|1760797942
|move|p1a: Glimmora|Sludge Bomb|p2a: Primarina
|-supereffective|p2a: Primarina
|-damage|p2a: Primarina|56/100 psn
|move|p2a: Primarina|Surf|p1a: Glimmora
|-supereffective|p1a: Glimmora
|-damage|p1a: Glimmora|0 fnt
|faint|p1a: Glimmora
|
|-weather|none
|-damage|p2a: Primarina|43/100 psn|[from] psn
|upkeep
|
|t:|1760797959
|switch|p1a: Pelipper|Pelipper, F|100/100
|-damage|p1a: Pelipper|76/100|[from] Stealth Rock
|-weather|RainDance|[from] ability: Drizzle|[of] p1a: Pelipper
|turn|10
|
|t:|1760797967
|move|p2a: Primarina|Psychic Noise|p1a: Pelipper
|-damage|p1a: Pelipper|39/100
|-start|p1a: Pelipper|move: Heal Block
|move|p1a: Pelipper|U-turn|p2a: Primarina
|-resisted|p2a: Primarina
|-damage|p2a: Primarina|37/100 psn
|
|t:|1760797975
|switch|p1a: Overqwil|Overqwil, M|100/100|[from] U-turn
|-damage|p1a: Overqwil|88/100|[from] Stealth Rock
|
|-weather|RainDance|[upkeep]
|-damage|p2a: Primarina|25/100 psn|[from] psn
|upkeep
|turn|11
|
|t:|1760797984
|move|p1a: Overqwil|Barb Barrage|p2a: Primarina
|-supereffective|p2a: Primarina
|-damage|p2a: Primarina|0 fnt
|faint|p2a: Primarina
|
|-weather|RainDance|[upkeep]
|upkeep
|
|t:|1760797993
|switch|p2a: Dragonite|Dragonite, F|30/100
|turn|12
|inactive|grimppyyyy god has 120 seconds left.
|
|t:|1760798035
|-terastallize|p1a: Overqwil|Dragon
|move|p1a: Overqwil|Swords Dance|p1a: Overqwil
|-boost|p1a: Overqwil|atk|2
|move|p2a: Dragonite|Roost|p2a: Dragonite
|-heal|p2a: Dragonite|80/100
|-singleturn|p2a: Dragonite|move: Roost
|
|-weather|RainDance|[upkeep]
|upkeep
|turn|13
|
|t:|1760798048
|-terastallize|p2a: Dragonite|Fairy
|move|p1a: Overqwil|Scale Shot|p2a: Dragonite
|-immune|p2a: Dragonite
|move|p2a: Dragonite|Tera Blast|p1a: Overqwil|[anim] Tera Blast Fairy
|-supereffective|p1a: Overqwil
|-damage|p1a: Overqwil|0 fnt
|faint|p1a: Overqwil
|
|-weather|RainDance|[upkeep]
|upkeep
|
|t:|1760798061
|switch|p1a: Barraskewda|Barraskewda, M|88/100
|-damage|p1a: Barraskewda|76/100|[from] Stealth Rock
|turn|14
|
|t:|1760798068
|switch|p2a: Rillaboom|Rillaboom, M|100/100
|-status|p2a: Rillaboom|psn
|-fieldstart|move: Grassy Terrain|[from] ability: Grassy Surge|[of] p2a: Rillaboom
|move|p1a: Barraskewda|Liquidation|p2a: Rillaboom
|-resisted|p2a: Rillaboom
|-damage|p2a: Rillaboom|41/100 psn
|
|-weather|RainDance|[upkeep]
|-heal|p1a: Barraskewda|82/100|[from] Grassy Terrain
|-heal|p2a: Rillaboom|47/100 psn|[from] Grassy Terrain
|-damage|p2a: Rillaboom|35/100 psn|[from] psn
|upkeep
|turn|15
|
|t:|1760798083
|move|p2a: Rillaboom|Grassy Glide|p1a: Barraskewda
|-supereffective|p1a: Barraskewda
|-damage|p1a: Barraskewda|0 fnt
|faint|p1a: Barraskewda
|
|-weather|RainDance|[upkeep]
|-heal|p2a: Rillaboom|41/100 psn|[from] Grassy Terrain
|-damage|p2a: Rillaboom|28/100 psn|[from] psn
|upkeep
|
|t:|1760798092
|switch|p1a: Kingdra|Kingdra, F|100/100
|-damage|p1a: Kingdra|88/100|[from] Stealth Rock
|turn|16
|
|t:|1760798100
|move|p2a: Rillaboom|Grassy Glide|p1a: Kingdra
|-damage|p1a: Kingdra|15/100
|move|p1a: Kingdra|Weather Ball|p2a: Rillaboom
|-resisted|p2a: Rillaboom
|-damage|p2a: Rillaboom|0 fnt
|faint|p2a: Rillaboom
|
|-weather|RainDance|[upkeep]
|-heal|p1a: Kingdra|21/100|[from] Grassy Terrain
|upkeep
|
|t:|1760798113
|switch|p2a: Arcanine|Arcanine-Hisui, M|100/100
|-status|p2a: Arcanine|psn
|turn|17
|
|t:|1760798118
|move|p2a: Arcanine|Extreme Speed|p1a: Kingdra
|-damage|p1a: Kingdra|0 fnt
|faint|p1a: Kingdra
|
|-weather|none
|-damage|p2a: Arcanine|88/100 psn|[from] psn
|upkeep
|-message|grimppyyyy god forfeited.
|
|win|Lotadfan22
|raw|grimppyyyy god's rating: 1247 &rarr; <strong>1222</strong><br />(-25 for losing)
|raw|Lotadfan22's rating: 1243 &rarr; <strong>1268</strong><br />(+25 for winning)
|l|☆grimppyyyy god
|player|p1|
