|j|☆ahastoss
|j|☆Manbaby319
|t:|1760887603
|gametype|singles
|player|p1|ahastoss|1|1171
|player|p2|Manbaby319|266|1162
|gen|9
|tier|[Gen 9] OU
|rated|
|rule|HP Percentage Mod: HP is shown in percentages
|rule|Endless Battle Clause: Forcing endless battles is banned
|rule|Species Clause: Limit one of each Pokémon
|rule|OHKO Clause: OHKO moves are banned
|rule|Evasion Items Clause: Evasion items are banned
|rule|Evasion Moves Clause: Evasion moves are banned
|rule|Evasion Abilities Clause: Evasion abilities are banned
|rule|Sleep Moves Clause: Sleep-inducing moves are banned
|clearpoke
|poke|p1|Ting-Lu|
|poke|p1|Primarina, F|
|poke|p1|Moltres|
|poke|p1|Iron Valiant|
|poke|p1|Great Tusk|
|poke|p1|Gholdengo|
|poke|p2|Dusknoir, F|
|poke|p2|Exeggutor-Alola, M|
|poke|p2|Torkoal, F|
|poke|p2|Indeedee-F, F|
|poke|p2|Hoopa-Unbound|
|poke|p2|Walking Wake|
|teampreview
|inactive|Battle timer is ON: inactive players will automatically lose when time's up. (requested by ahastoss)
|
|t:|1760887621
|teamsize|p1|6
|teamsize|p2|6
|start
|switch|p1a: Primarina|Primarina, F|100/100
|switch|p2a: Dusknoir|Dusknoir, F, shiny|100/100
|-ability|p2a: Dusknoir|Pressure
|turn|1
|inactive|Manbaby319 has 120 seconds left.
|
|t:|1760887667
|switch|p1a: Ting-Lu|Ting-Lu|100/100
|-ability|p1a: Ting-Lu|Vessel of Ruin
|move|p2a: Dusknoir|Will-O-Wisp|p1a: Ting-Lu
|-status|p1a: Ting-Lu|brn
|
|-damage|p1a: Ting-Lu|94/100 brn|[from] brn
|upkeep
|turn|2
|
|t:|1760887688
|move|p1a: Ting-Lu|Stealth Rock|p2a: Dusknoir
|-sidestart|p2: Manbaby319|move: Stealth Rock
|move|p2a: Dusknoir|Trick Room|p2a: Dusknoir
|-fieldstart|move: Trick Room|[of] p2a: Dusknoir
|
|-damage|p1a: Ting-Lu|88/100 brn|[from] brn
|upkeep
|turn|3
|
|t:|1760887696
|switch|p2a: Torkoal|Torkoal, F, shiny|100/100
|-damage|p2a: Torkoal|76/100|[from] Stealth Rock
|-weather|SunnyDay|[from] ability: Drought|[of] p2a: Torkoal
|move|p1a: Ting-Lu|Ruination|p2a: Torkoal
|-damage|p2a: Torkoal|38/100
|
|-weather|SunnyDay|[upkeep]
|-damage|p1a: Ting-Lu|82/100 brn|[from] brn
|upkeep
|turn|4
|
|t:|1760887707
|move|p2a: Torkoal|Rapid Spin|p1a: Ting-Lu
|-damage|p1a: Ting-Lu|78/100 brn
|-boost|p2a: Torkoal|spe|1
|-damage|p2a: Torkoal|22/100|[from] item: Rocky Helmet|[of] p1a: Ting-Lu
|-sideend|p2: Manbaby319|Stealth Rock|[from] move: Rapid Spin|[of] p2a: Torkoal
|move|p1a: Ting-Lu|Earthquake|p2a: Torkoal
|-supereffective|p2a: Torkoal
|-damage|p2a: Torkoal|0 fnt
|faint|p2a: Torkoal
|
|-weather|SunnyDay|[upkeep]
|-damage|p1a: Ting-Lu|72/100 brn|[from] brn
|upkeep
|
|t:|1760887716
|switch|p2a: Exeggutor|Exeggutor-Alola, M, shiny|100/100
|turn|5
|
|t:|1760887720
|switch|p1a: Moltres|Moltres|100/100
|move|p2a: Exeggutor|Growth|p2a: Exeggutor
|-boost|p2a: Exeggutor|atk|2
|-boost|p2a: Exeggutor|spa|2
|
|-weather|SunnyDay|[upkeep]
|upkeep
|turn|6
|inactive|Manbaby319 has 120 seconds left.
|
|t:|1760887737
|move|p2a: Exeggutor|Growth|p2a: Exeggutor
|-boost|p2a: Exeggutor|atk|2
|-boost|p2a: Exeggutor|spa|2
|move|p1a: Moltres|Flamethrower|p2a: Exeggutor
|-damage|p2a: Exeggutor|44/100
|-status|p2a: Exeggutor|brn
|-enditem|p2a: Exeggutor|Sitrus Berry|[eat]
|-heal|p2a: Exeggutor|69/100 brn|[from] item: Sitrus Berry
|
|-weather|SunnyDay|[upkeep]
|-damage|p2a: Exeggutor|63/100 brn|[from] brn
|-fieldend|move: Trick Room
|-item|p2a: Exeggutor|Sitrus Berry|[from] ability: Harvest
|upkeep
|turn|7
|
|t:|1760887758
|-terastallize|p2a: Exeggutor|Psychic
|move|p1a: Moltres|Brave Bird|p2a: Exeggutor
|-damage|p2a: Exeggutor|24/100 brn
|-enditem|p2a: Exeggutor|Sitrus Berry|[eat]
|-heal|p2a: Exeggutor|49/100 brn|[from] item: Sitrus Berry
|-damage|p1a: Moltres|87/100|[from] Recoil
|move|p2a: Exeggutor|Psyshock|p1a: Moltres
|-damage|p1a: Moltres|10/100
|
|-weather|SunnyDay|[upkeep]
|-damage|p2a: Exeggutor|43/100 brn|[from] brn
|-item|p2a: Exeggutor|Sitrus Berry|[from] ability: Harvest
|upkeep
|-enditem|p2a: Exeggutor|Sitrus Berry|[eat]
|-heal|p2a: Exeggutor|68/100 brn|[from] item: Sitrus Berry
|turn|8
|inactive|Manbaby319 has 90 seconds left.
|
|t:|1760887780
|move|p1a: Moltres|Flamethrower|p2a: Exeggutor
|-damage|p2a: Exeggutor|14/100 brn
|move|p2a: Exeggutor|Giga Drain|p1a: Moltres
|-resisted|p1a: Moltres
|-damage|p1a: Moltres|0 fnt
|-heal|p2a: Exeggutor|18/100 brn|[from] drain|[of] p1a: Moltres
|faint|p1a: Moltres
|
|-weather|SunnyDay|[upkeep]
|-damage|p2a: Exeggutor|12/100 brn|[from] brn
|-item|p2a: Exeggutor|Sitrus Berry|[from] ability: Harvest
|upkeep
|-enditem|p2a: Exeggutor|Sitrus Berry|[eat]
|-heal|p2a: Exeggutor|37/100 brn|[from] item: Sitrus Berry
|
|t:|1760887796
|switch|p1a: Gholdengo|Gholdengo|100/100
|-item|p1a: Gholdengo|Air Balloon
|turn|9
|inactive|Manbaby319 has 90 seconds left.
|
|t:|1760887824
|switch|p2a: Walking Wake|Walking Wake|100/100
|-activate|p2a: Walking Wake|ability: Protosynthesis
|-start|p2a: Walking Wake|protosynthesisspe
|move|p1a: Gholdengo|Hex|p2a: Walking Wake
|-damage|p2a: Walking Wake|80/100
|
|-weather|SunnyDay|[upkeep]
|upkeep
|turn|10
|
|t:|1760887840
|switch|p1a: Primarina|Primarina, F|100/100
|move|p2a: Walking Wake|Weather Ball|p1a: Primarina
|-resisted|p1a: Primarina
|-damage|p1a: Primarina|88/100
|
|-weather|none
|-end|p2a: Walking Wake|Protosynthesis
|upkeep
|turn|11
|
|t:|1760887857
|-end|p2a: Walking Wake|Protosynthesis|[silent]
|switch|p2a: Indeedee|Indeedee-F, F, shiny|100/100
|-fieldstart|move: Psychic Terrain|[from] ability: Psychic Surge|[of] p2a: Indeedee
|move|p1a: Primarina|Flip Turn|p2a: Indeedee
|-damage|p2a: Indeedee|86/100
|
|t:|1760887871
|switch|p1a: Ting-Lu|Ting-Lu|72/100 brn|[from] Flip Turn
|-ability|p1a: Ting-Lu|Vessel of Ruin
|
|-damage|p1a: Ting-Lu|65/100 brn|[from] brn
|upkeep
|turn|12
|
|t:|1760887895
|move|p1a: Ting-Lu|Stealth Rock|p2a: Indeedee
|-sidestart|p2: Manbaby319|move: Stealth Rock
|move|p2a: Indeedee|Trick Room|p2a: Indeedee
|-fieldstart|move: Trick Room|[of] p2a: Indeedee
|
|-damage|p1a: Ting-Lu|59/100 brn|[from] brn
|upkeep
|turn|13
|
|t:|1760887902
|move|p1a: Ting-Lu|Spikes|p2a: Indeedee
|-sidestart|p2: Manbaby319|Spikes
|move|p2a: Indeedee|Healing Wish|p2a: Indeedee
|faint|p2a: Indeedee
|
|-damage|p1a: Ting-Lu|53/100 brn|[from] brn
|upkeep
|
|t:|1760887909
|switch|p2a: Exeggutor|Exeggutor-Alola, M, shiny, tera:Psychic|37/100 brn
|-heal|p2a: Exeggutor|100/100|[from] move: Healing Wish
|-damage|p2a: Exeggutor|88/100|[from] Stealth Rock
|-damage|p2a: Exeggutor|76/100|[from] Spikes
|turn|14
|
|t:|1760887922
|switch|p1a: Primarina|Primarina, F|88/100
|move|p2a: Exeggutor|Dragon Tail|p1a: Primarina
|-immune|p1a: Primarina
|
|upkeep
|turn|15
|
|t:|1760887933
|move|p2a: Exeggutor|Giga Drain|p1a: Primarina
|-supereffective|p1a: Primarina
|-damage|p1a: Primarina|50/100
|-heal|p2a: Exeggutor|94/100|[from] drain|[of] p1a: Primarina
|move|p1a: Primarina|Hyper Voice|p2a: Exeggutor
|-damage|p2a: Exeggutor|40/100
|
|-fieldend|move: Psychic Terrain
|upkeep
|turn|16
|
|t:|1760887944
|move|p2a: Exeggutor|Giga Drain|p1a: Primarina
|-supereffective|p1a: Primarina
|-damage|p1a: Primarina|11/100
|-heal|p2a: Exeggutor|58/100|[from] drain|[of] p1a: Primarina
|move|p1a: Primarina|Hyper Voice|p2a: Exeggutor
|-damage|p2a: Exeggutor|5/100
|
|-fieldend|move: Trick Room
|upkeep
|turn|17
|
|t:|1760887952
|move|p1a: Primarina|Moonblast|p2a: Exeggutor
|-damage|p2a: Exeggutor|0 fnt
|faint|p2a: Exeggutor
|
|upkeep
|
|t:|1760887956
|switch|p2a: Dusknoir|Dusknoir, F, shiny|100/100
|-damage|p2a: Dusknoir|88/100|[from] Stealth Rock
|-damage|p2a: Dusknoir|76/100|[from] Spikes
|-ability|p2a: Dusknoir|Pressure
|turn|18
|
|t:|1760887964
|move|p1a: Primarina|Hyper Voice|p2a: Dusknoir
|-damage|p2a: Dusknoir|35/100
|move|p2a: Dusknoir|Will-O-Wisp|p1a: Primarina
|-status|p1a: Primarina|brn
|
|-heal|p2a: Dusknoir|41/100|[from] item: Leftovers
|-damage|p1a: Primarina|5/100 brn|[from] brn
|upkeep
|turn|19
|
|t:|1760887975
|move|p2a: Dusknoir|Protect|p2a: Dusknoir
|-singleturn|p2a: Dusknoir|Protect
|move|p1a: Primarina|Hyper Voice|p2a: Dusknoir
|-activate|p2a: Dusknoir|move: Protect
|
|-heal|p2a: Dusknoir|47/100|[from] item: Leftovers
|-damage|p1a: Primarina|0 fnt|[from] brn
|faint|p1a: Primarina
|upkeep
|
|t:|1760887984
|switch|p1a: Gholdengo|Gholdengo|100/100
|-item|p1a: Gholdengo|Air Balloon
|turn|20
|
|t:|1760887998
|-terastallize|p1a: Gholdengo|Dark
|move|p1a: Gholdengo|Thunder Wave|p2a: Dusknoir|[miss]
|-miss|p1a: Gholdengo|p2a: Dusknoir
|move|p2a: Dusknoir|Trick Room|p2a: Dusknoir
|-fieldstart|move: Trick Room|[of] p2a: Dusknoir
|
|-heal|p2a: Dusknoir|54/100|[from] item: Leftovers
|upkeep
|turn|21
|
|t:|1760888012
|move|p2a: Dusknoir|Will-O-Wisp|p1a: Gholdengo
|-immune|p1a: Gholdengo|[from] ability: Good as Gold
|move|p1a: Gholdengo|Thunder Wave|p2a: Dusknoir
|-status|p2a: Dusknoir|par
|
|-heal|p2a: Dusknoir|60/100 par|[from] item: Leftovers
|upkeep
|turn|22
|
|t:|1760888021
|move|p2a: Dusknoir|Protect|p2a: Dusknoir
|-singleturn|p2a: Dusknoir|Protect
|move|p1a: Gholdengo|Hex|p2a: Dusknoir
|-activate|p2a: Dusknoir|move: Protect
|
|-heal|p2a: Dusknoir|66/100 par|[from] item: Leftovers
|upkeep
|turn|23
|
|t:|1760888030
|switch|p2a: Hoopa|Hoopa-Unbound|100/100
|-damage|p2a: Hoopa|88/100|[from] Stealth Rock
|-damage|p2a: Hoopa|76/100|[from] Spikes
|move|p1a: Gholdengo|Hex|p2a: Hoopa
|-damage|p2a: Hoopa|54/100
|
|upkeep
|turn|24
|
|t:|1760888037
|move|p2a: Hoopa|Brick Break|p1a: Gholdengo
|-supereffective|p1a: Gholdengo
|-damage|p1a: Gholdengo|38/100
|-enditem|p1a: Gholdengo|Air Balloon
|move|p1a: Gholdengo|Thunder Wave|p2a: Hoopa
|-status|p2a: Hoopa|par
|
|-fieldend|move: Trick Room
|upkeep
|turn|25
|inactive|Manbaby319 has 120 seconds left.
|
|t:|1760888050
|move|p1a: Gholdengo|Hex|p2a: Hoopa
|-damage|p2a: Hoopa|7/100 par
|move|p2a: Hoopa|Brick Break|p1a: Gholdengo
|-supereffective|p1a: Gholdengo
|-damage|p1a: Gholdengo|0 fnt
|faint|p1a: Gholdengo
|
|upkeep
|
|t:|1760888058
|switch|p1a: Great Tusk|Great Tusk|100/100
|turn|26
|
|t:|1760888064
|switch|p2a: Dusknoir|Dusknoir, F, shiny|66/100 par
|-damage|p2a: Dusknoir|54/100 par|[from] Stealth Rock
|-damage|p2a: Dusknoir|41/100 par|[from] Spikes
|-ability|p2a: Dusknoir|Pressure
|move|p1a: Great Tusk|Bulk Up|p1a: Great Tusk
|-boost|p1a: Great Tusk|atk|1
|-boost|p1a: Great Tusk|def|1
|
|-heal|p2a: Dusknoir|47/100 par|[from] item: Leftovers
|upkeep
|turn|27
|
|t:|1760888070
|move|p1a: Great Tusk|Headlong Rush|p2a: Dusknoir
|-damage|p2a: Dusknoir|0 fnt
|-unboost|p1a: Great Tusk|def|1
|-unboost|p1a: Great Tusk|spd|1
|faint|p2a: Dusknoir
|
|upkeep
|
|t:|1760888075
|switch|p2a: Hoopa|Hoopa-Unbound|7/100 par
|-damage|p2a: Hoopa|0 fnt|[from] Stealth Rock
|faint|p2a: Hoopa
|
|t:|1760888078
|switch|p2a: Walking Wake|Walking Wake|80/100
|-damage|p2a: Walking Wake|68/100|[from] Stealth Rock
|-damage|p2a: Walking Wake|55/100|[from] Spikes
|turn|28
|
|t:|1760888085
|move|p2a: Walking Wake|Hydro Steam|p1a: Great Tusk
|-supereffective|p1a: Great Tusk
|-damage|p1a: Great Tusk|0 fnt
|faint|p1a: Great Tusk
|-end|p1a: Great Tusk|Protosynthesis|[silent]
|
|upkeep
|
|t:|1760888090
|switch|p1a: Iron Valiant|Iron Valiant|100/100
|-enditem|p1a: Iron Valiant|Booster Energy
|-activate|p1a: Iron Valiant|ability: Quark Drive|[fromitem]
|-start|p1a: Iron Valiant|quarkdrivespe
|turn|29
|
|t:|1760888097
|move|p1a: Iron Valiant|Destiny Bond|p1a: Iron Valiant
|-singlemove|p1a: Iron Valiant|Destiny Bond
|move|p2a: Walking Wake|Hydro Steam|p1a: Iron Valiant
|-damage|p1a: Iron Valiant|27/100
|
|upkeep
|turn|30
|
|t:|1760888106
|move|p1a: Iron Valiant|Close Combat|p2a: Walking Wake
|-damage|p2a: Walking Wake|0 fnt
|-unboost|p1a: Iron Valiant|def|1
|-unboost|p1a: Iron Valiant|spd|1
|faint|p2a: Walking Wake
|-end|p2a: Walking Wake|Protosynthesis|[silent]
|
|win|ahastoss
|raw|ahastoss's rating: 1171 &rarr; <strong>1195</strong><br />(+24 for winning)
|raw|Manbaby319's rating: 1162 &rarr; <strong>1138</strong><br />(-24 for losing)
|l|☆ahastoss
|player|p1|
|c|☆Manbaby319|Gg
