|j|☆luizindn
|j|☆big amogus
|t:|1760764824
|gametype|singles
|player|p1|luizindn|102|1134
|player|p2|big amogus|unknown|1188
|gen|9
|tier|[Gen 9] OU
|rated|
|rule|HP Percentage Mod: HP is shown in percentages
|rule|Endless Battle Clause: Forcing endless battles is banned
|rule|Species Clause: Limit one of each Pokémon
|rule|OHKO Clause: OHKO moves are banned
|rule|Evasion Items Clause: Evasion items are banned
|rule|Evasion Moves Clause: Evasion moves are banned
|rule|Evasion Abilities Clause: Evasion abilities are banned
|rule|Sleep Moves Clause: Sleep-inducing moves are banned
|clearpoke
|poke|p1|Charizard, M|
|poke|p1|Dragapult, F|
|poke|p1|Iron Valiant|
|poke|p1|Rillaboom, M|
|poke|p1|Magnezone|
|poke|p1|Krookodile, F|
|poke|p2|Araquanid, F|
|poke|p2|Lokix, M|
|poke|p2|Forretress, M|
|poke|p2|Yanmega, M|
|poke|p2|Ribombee, M|
|poke|p2|Galvantula, M|
|teampreview
|inactive|Battle timer is ON: inactive players will automatically lose when time's up. (requested by luizindn)
|
|t:|1760764842
|teamsize|p1|6
|teamsize|p2|6
|start
|switch|p1a: Charizard|Charizard, M|100/100
|switch|p2a: Galvantula|Galvantula, M|100/100
|turn|1
|
|t:|1760764854
|move|p1a: Charizard|Flamethrower|p2a: Galvantula
|-supereffective|p2a: Galvantula
|-enditem|p2a: Galvantula|Focus Sash
|-damage|p2a: Galvantula|1/100
|move|p2a: Galvantula|Sticky Web|p1a: Charizard
|-sidestart|p1: luizindn|move: Sticky Web
|
|upkeep
|turn|2
|
|t:|1760764863
|move|p1a: Charizard|Flamethrower|p2a: Galvantula
|-supereffective|p2a: Galvantula
|-damage|p2a: Galvantula|0 fnt
|faint|p2a: Galvantula
|
|upkeep
|
|t:|1760764866
|switch|p2a: Araquanid|Araquanid, F|100/100
|turn|3
|
|t:|1760764869
|move|p1a: Charizard|Flamethrower|p2a: Araquanid
|-damage|p2a: Araquanid|82/100
|move|p2a: Araquanid|Liquidation|p1a: Charizard
|-supereffective|p1a: Charizard
|-damage|p1a: Charizard|0 fnt
|faint|p1a: Charizard
|
|upkeep
|
|t:|1760764878
|switch|p1a: Magnezone|Magnezone|100/100
|-activate|p1a: Magnezone|move: Sticky Web
|-unboost|p1a: Magnezone|spe|1
|turn|4
|
|t:|1760764884
|move|p2a: Araquanid|Liquidation|p1a: Magnezone
|-damage|p1a: Magnezone|16/100
|-unboost|p1a: Magnezone|def|1
|move|p1a: Magnezone|Volt Switch|p2a: Araquanid
|-supereffective|p2a: Araquanid
|-damage|p2a: Araquanid|13/100
|
|t:|1760764893
|switch|p1a: Rillaboom|Rillaboom, M|100/100|[from] Volt Switch
|-activate|p1a: Rillaboom|move: Sticky Web
|-unboost|p1a: Rillaboom|spe|1
|-fieldstart|move: Grassy Terrain|[from] ability: Grassy Surge|[of] p1a: Rillaboom
|
|-heal|p2a: Araquanid|19/100|[from] Grassy Terrain
|upkeep
|turn|5
|
|t:|1760764901
|switch|p2a: Forretress|Forretress, M|100/100
|move|p1a: Rillaboom|Grassy Glide|p2a: Forretress
|-resisted|p2a: Forretress
|-damage|p2a: Forretress|92/100
|-damage|p1a: Rillaboom|91/100|[from] item: Life Orb
|
|-heal|p1a: Rillaboom|97/100|[from] Grassy Terrain
|-heal|p2a: Forretress|99/100|[from] Grassy Terrain
|-heal|p2a: Forretress|100/100|[from] item: Leftovers
|upkeep
|turn|6
|
|t:|1760764913
|move|p1a: Rillaboom|Knock Off|p2a: Forretress
|-damage|p2a: Forretress|71/100
|-enditem|p2a: Forretress|Leftovers|[from] move: Knock Off|[of] p1a: Rillaboom
|-damage|p1a: Rillaboom|87/100|[from] item: Life Orb
|move|p2a: Forretress|Stealth Rock|p1a: Rillaboom
|-sidestart|p1: luizindn|move: Stealth Rock
|
|-heal|p1a: Rillaboom|93/100|[from] Grassy Terrain
|-heal|p2a: Forretress|77/100|[from] Grassy Terrain
|upkeep
|turn|7
|
|t:|1760764919
|move|p1a: Rillaboom|Swords Dance|p1a: Rillaboom
|-boost|p1a: Rillaboom|atk|2
|move|p2a: Forretress|Spikes|p1a: Rillaboom
|-sidestart|p1: luizindn|Spikes
|
|-heal|p1a: Rillaboom|99/100|[from] Grassy Terrain
|-heal|p2a: Forretress|84/100|[from] Grassy Terrain
|upkeep
|turn|8
|
|t:|1760764925
|move|p1a: Rillaboom|Swords Dance|p1a: Rillaboom
|-boost|p1a: Rillaboom|atk|2
|move|p2a: Forretress|Volt Switch|p1a: Rillaboom
|-resisted|p1a: Rillaboom
|-damage|p1a: Rillaboom|92/100
|
|t:|1760764927
|switch|p2a: Yanmega|Yanmega, M|100/100|[from] Volt Switch
|
|-heal|p1a: Rillaboom|98/100|[from] Grassy Terrain
|-fieldend|move: Grassy Terrain
|upkeep
|turn|9
|
|t:|1760764944
|move|p2a: Yanmega|Bug Buzz|p1a: Rillaboom
|-supereffective|p1a: Rillaboom
|-damage|p1a: Rillaboom|0 fnt
|faint|p1a: Rillaboom
|-enditem|p2a: Yanmega|Throat Spray
|-boost|p2a: Yanmega|spa|1|[from] item: Throat Spray
|
|upkeep
|
|t:|1760764948
|switch|p1a: Magnezone|Magnezone|16/100
|-activate|p1a: Magnezone|move: Sticky Web
|-unboost|p1a: Magnezone|spe|1
|-damage|p1a: Magnezone|10/100|[from] Stealth Rock
|-damage|p1a: Magnezone|0 fnt|[from] Spikes
|faint|p1a: Magnezone
|
|t:|1760764953
|switch|p1a: Dragapult|Dragapult, F|100/100
|-activate|p1a: Dragapult|move: Sticky Web
|-fail|p1a: Dragapult|unboost|[from] ability: Clear Body|[of] p1a: Dragapult
|-damage|p1a: Dragapult|88/100|[from] Stealth Rock
|-damage|p1a: Dragapult|76/100|[from] Spikes
|turn|10
|
|t:|1760764965
|move|p1a: Dragapult|Dragon Darts|p2a: Yanmega
|-damage|p2a: Yanmega|66/100
|-anim|p1a: Dragapult|Dragon Darts|p2a: Yanmega
|-damage|p2a: Yanmega|35/100
|move|p2a: Yanmega|Air Slash|p1a: Dragapult
|-damage|p1a: Dragapult|1/100
|
|upkeep
|turn|11
|
|t:|1760764984
|switch|p2a: Ribombee|Ribombee, M|100/100
|move|p1a: Dragapult|Dragon Darts|p2a: Ribombee
|-immune|p2a: Ribombee
|
|upkeep
|turn|12
|
|t:|1760764992
|-terastallize|p1a: Dragapult|Poison
|move|p1a: Dragapult|Tera Blast|p2a: Ribombee|[anim] Tera Blast Poison
|-supereffective|p2a: Ribombee
|-damage|p2a: Ribombee|0 fnt
|faint|p2a: Ribombee
|
|upkeep
|
|t:|1760764996
|switch|p2a: Lokix|Lokix, M|100/100
|turn|13
|
|t:|1760765002
|move|p2a: Lokix|First Impression|p1a: Dragapult
|-resisted|p1a: Dragapult
|-damage|p1a: Dragapult|0 fnt
|faint|p1a: Dragapult
|
|upkeep
|
|t:|1760765004
|switch|p1a: Iron Valiant|Iron Valiant|100/100
|-activate|p1a: Iron Valiant|move: Sticky Web
|-unboost|p1a: Iron Valiant|spe|1
|-damage|p1a: Iron Valiant|94/100|[from] Stealth Rock
|-damage|p1a: Iron Valiant|82/100|[from] Spikes
|-enditem|p1a: Iron Valiant|Booster Energy
|-activate|p1a: Iron Valiant|ability: Quark Drive|[fromitem]
|-start|p1a: Iron Valiant|quarkdriveatk
|turn|14
|
|t:|1760765008
|move|p2a: Lokix|U-turn|p1a: Iron Valiant
|-resisted|p1a: Iron Valiant
|-damage|p1a: Iron Valiant|58/100
|
|t:|1760765018
|switch|p2a: Forretress|Forretress, M|84/100|[from] U-turn
|move|p1a: Iron Valiant|Swords Dance|p1a: Iron Valiant
|-boost|p1a: Iron Valiant|atk|2
|
|upkeep
|turn|15
|
|t:|1760765030
|move|p1a: Iron Valiant|Close Combat|p2a: Forretress
|-damage|p2a: Forretress|0 fnt
|-unboost|p1a: Iron Valiant|def|1
|-unboost|p1a: Iron Valiant|spd|1
|faint|p2a: Forretress
|
|upkeep
|
|t:|1760765035
|switch|p2a: Yanmega|Yanmega, M|35/100
|turn|16
|
|t:|1760765048
|-end|p1a: Iron Valiant|Quark Drive|[silent]
|switch|p1a: Krookodile|Krookodile, F|100/100
|-activate|p1a: Krookodile|move: Sticky Web
|-unboost|p1a: Krookodile|spe|1
|-damage|p1a: Krookodile|94/100|[from] Stealth Rock
|-damage|p1a: Krookodile|82/100|[from] Spikes
|move|p2a: Yanmega|Psychic Noise|p1a: Krookodile
|-immune|p1a: Krookodile
|
|upkeep
|turn|17
|
|t:|1760765057
|move|p2a: Yanmega|Bug Buzz|p1a: Krookodile
|-supereffective|p1a: Krookodile
|-damage|p1a: Krookodile|0 fnt
|faint|p1a: Krookodile
|
|upkeep
|
|t:|1760765061
|switch|p1a: Iron Valiant|Iron Valiant|58/100
|-activate|p1a: Iron Valiant|move: Sticky Web
|-unboost|p1a: Iron Valiant|spe|1
|-damage|p1a: Iron Valiant|52/100|[from] Stealth Rock
|-damage|p1a: Iron Valiant|40/100|[from] Spikes
|turn|18
|
|t:|1760765087
|move|p2a: Yanmega|Giga Drain|p1a: Iron Valiant
|-damage|p1a: Iron Valiant|0 fnt
|-heal|p2a: Yanmega|53/100|[from] drain|[of] p1a: Iron Valiant
|faint|p1a: Iron Valiant
|-end|p1a: Iron Valiant|Quark Drive|[silent]
|
|win|big amogus
|raw|luizindn's rating: 1134 &rarr; <strong>1113</strong><br />(-21 for losing)
|raw|big amogus's rating: 1188 &rarr; <strong>1209</strong><br />(+21 for winning)
|c|☆big amogus|gg
|l|☆big amogus
|player|p2|
|l|☆luizindn
|player|p1|
