|j|☆yonderfarer
|j|☆Mexi-Squad
|t:|1760761527
|gametype|singles
|player|p1|yonderfarer|blue|1282
|player|p2|Mexi-Squad|1|1310
|gen|9
|tier|[Gen 9] OU
|rated|
|rule|HP Percentage Mod: HP is shown in percentages
|rule|Endless Battle Clause: Forcing endless battles is banned
|rule|Species Clause: Limit one of each Pokémon
|rule|OHKO Clause: OHKO moves are banned
|rule|Evasion Items Clause: Evasion items are banned
|rule|Evasion Moves Clause: Evasion moves are banned
|rule|Evasion Abilities Clause: Evasion abilities are banned
|rule|Sleep Moves Clause: Sleep-inducing moves are banned
|clearpoke
|poke|p1|Hatterene, F|
|poke|p1|Iron Crown|
|poke|p1|Darkrai|
|poke|p1|Golurk|
|poke|p1|Quaquaval, F|
|poke|p1|Raging Bolt|
|poke|p2|Slowking-Galar, M|
|poke|p2|Zamazenta-*|
|poke|p2|Rotom-Wash|
|poke|p2|Enamorus, F|
|poke|p2|Kingambit, F|
|poke|p2|Corviknight, M|
|teampreview
|inactive|Battle timer is ON: inactive players will automatically lose when time's up. (requested by yonderfarer)
|
|t:|1760761547
|teamsize|p1|6
|teamsize|p2|6
|start
|switch|p1a: Golurk|Golurk|100/100
|switch|p2a: Enamorus|Enamorus, F|100/100
|turn|1
|
|t:|1760761576
|switch|p2a: Rotom|Rotom-Wash|100/100
|move|p1a: Golurk|Stone Edge|p2a: Rotom
|-damage|p2a: Rotom|73/100
|
|-heal|p2a: Rotom|79/100|[from] item: Leftovers
|upkeep
|turn|2
|
|t:|1760761586
|switch|p1a: Raging Bolt|Raging Bolt|100/100
|move|p2a: Rotom|Hydro Pump|p1a: Raging Bolt
|-resisted|p1a: Raging Bolt
|-damage|p1a: Raging Bolt|85/100
|
|-heal|p2a: Rotom|85/100|[from] item: Leftovers
|upkeep
|turn|3
|
|t:|1760761592
|switch|p2a: Slowking|Slowking-Galar, M|100/100
|move|p1a: Raging Bolt|Volt Switch|p2a: Slowking
|-damage|p2a: Slowking|70/100
|
|t:|1760761597
|-end|p1a: Raging Bolt|Protosynthesis|[silent]
|switch|p1a: Darkrai|Darkrai|100/100|[from] Volt Switch
|
|upkeep
|turn|4
|
|t:|1760761608
|move|p1a: Darkrai|Nasty Plot|p1a: Darkrai
|-boost|p1a: Darkrai|spa|2
|move|p2a: Slowking|Sludge Bomb|p1a: Darkrai
|-damage|p1a: Darkrai|42/100
|
|upkeep
|turn|5
|
|t:|1760761617
|switch|p2a: Corviknight|Corviknight, M|100/100
|-ability|p2a: Corviknight|Pressure
|move|p1a: Darkrai|Dark Pulse|p2a: Corviknight
|-damage|p2a: Corviknight|12/100
|
|upkeep
|turn|6
|
|t:|1760761620
|move|p1a: Darkrai|Dark Pulse|p2a: Corviknight
|-damage|p2a: Corviknight|0 fnt
|faint|p2a: Corviknight
|
|upkeep
|
|t:|1760761624
|switch|p2a: Zamazenta|Zamazenta|100/100
|-ability|p2a: Zamazenta|Dauntless Shield|boost
|-boost|p2a: Zamazenta|def|1
|turn|7
|
|t:|1760761633
|-terastallize|p1a: Darkrai|Ghost
|move|p2a: Zamazenta|Body Press|p1a: Darkrai
|-immune|p1a: Darkrai
|move|p1a: Darkrai|Sludge Bomb|p2a: Zamazenta
|-damage|p2a: Zamazenta|40/100
|-status|p2a: Zamazenta|psn
|
|-heal|p2a: Zamazenta|47/100 psn|[from] item: Leftovers
|-damage|p2a: Zamazenta|34/100 psn|[from] psn
|upkeep
|turn|8
|
|t:|1760761641
|move|p2a: Zamazenta|Crunch|p1a: Darkrai
|-supereffective|p1a: Darkrai
|-damage|p1a: Darkrai|0 fnt
|faint|p1a: Darkrai
|
|-heal|p2a: Zamazenta|40/100 psn|[from] item: Leftovers
|-damage|p2a: Zamazenta|28/100 psn|[from] psn
|upkeep
|
|t:|1760761657
|switch|p1a: Raging Bolt|Raging Bolt|85/100
|turn|9
|
|t:|1760761663
|move|p1a: Raging Bolt|Thunderclap||[still]
|-fail|p1a: Raging Bolt
|move|p2a: Zamazenta|Substitute|p2a: Zamazenta
|-start|p2a: Zamazenta|Substitute
|-damage|p2a: Zamazenta|3/100 psn
|
|-heal|p2a: Zamazenta|9/100 psn|[from] item: Leftovers
|-damage|p2a: Zamazenta|0 fnt|[from] psn
|faint|p2a: Zamazenta
|upkeep
|
|t:|1760761669
|switch|p2a: Enamorus|Enamorus, F|100/100
|turn|10
|c|☆yonderfarer|lol
|
|t:|1760761675
|move|p1a: Raging Bolt|Thunderclap|p2a: Enamorus
|-supereffective|p2a: Enamorus
|-damage|p2a: Enamorus|0 fnt
|faint|p2a: Enamorus
|
|upkeep
|
|t:|1760761684
|switch|p2a: Kingambit|Kingambit, F|100/100
|-activate|p2a: Kingambit|ability: Supreme Overlord
|-start|p2a: Kingambit|fallen3|[silent]
|turn|11
|
|t:|1760761694
|-end|p1a: Raging Bolt|Protosynthesis|[silent]
|switch|p1a: Golurk|Golurk|100/100
|move|p2a: Kingambit|Swords Dance|p2a: Kingambit
|-boost|p2a: Kingambit|atk|2
|
|upkeep
|turn|12
|
|t:|1760761709
|move|p1a: Golurk|Dynamic Punch|p2a: Kingambit
|-supereffective|p2a: Kingambit
|-damage|p2a: Kingambit|0 fnt
|faint|p2a: Kingambit
|-end|p2a: Kingambit|fallen3|[silent]
|
|upkeep
|
|t:|1760761714
|switch|p2a: Rotom|Rotom-Wash|85/100
|turn|13
|
|t:|1760761718
|move|p2a: Rotom|Hydro Pump|p1a: Golurk
|-supereffective|p1a: Golurk
|-damage|p1a: Golurk|44/100
|move|p1a: Golurk|Poltergeist|p2a: Rotom
|-activate|p2a: Rotom|move: Poltergeist|Leftovers
|-damage|p2a: Rotom|37/100
|
|-heal|p2a: Rotom|43/100|[from] item: Leftovers
|upkeep
|turn|14
|
|t:|1760761726
|move|p2a: Rotom|Hydro Pump|p1a: Golurk
|-supereffective|p1a: Golurk
|-damage|p1a: Golurk|0 fnt
|faint|p1a: Golurk
|
|-heal|p2a: Rotom|49/100|[from] item: Leftovers
|upkeep
|
|t:|1760761731
|switch|p1a: Iron Crown|Iron Crown|100/100
|-enditem|p1a: Iron Crown|Booster Energy
|-activate|p1a: Iron Crown|ability: Quark Drive|[fromitem]
|-start|p1a: Iron Crown|quarkdrivespa
|turn|15
|
|t:|1760761737
|move|p1a: Iron Crown|Calm Mind|p1a: Iron Crown
|-boost|p1a: Iron Crown|spa|1
|-boost|p1a: Iron Crown|spd|1
|move|p2a: Rotom|Thunder Wave|p1a: Iron Crown
|-status|p1a: Iron Crown|par
|
|-heal|p2a: Rotom|55/100|[from] item: Leftovers
|upkeep
|turn|16
|
|t:|1760761743
|move|p2a: Rotom|Volt Switch|p1a: Iron Crown
|-damage|p1a: Iron Crown|84/100 par
|
|t:|1760761745
|switch|p2a: Slowking|Slowking-Galar, M|100/100|[from] Volt Switch
|cant|p1a: Iron Crown|par
|
|upkeep
|turn|17
|
|t:|1760761751
|move|p1a: Iron Crown|Tachyon Cutter|p2a: Slowking
|-damage|p2a: Slowking|74/100
|-damage|p2a: Slowking|47/100
|-hitcount|p2a: Slowking|2
|move|p2a: Slowking|Flamethrower|p1a: Iron Crown
|-supereffective|p1a: Iron Crown
|-damage|p1a: Iron Crown|46/100 par
|
|upkeep
|turn|18
|
|t:|1760761755
|move|p1a: Iron Crown|Tachyon Cutter|p2a: Slowking
|-damage|p2a: Slowking|23/100
|-damage|p2a: Slowking|0 fnt
|faint|p2a: Slowking
|-hitcount|p2: Slowking|2
|
|upkeep
|
|t:|1760761757
|switch|p2a: Rotom|Rotom-Wash|55/100
|turn|19
|
|t:|1760761761
|move|p2a: Rotom|Hydro Pump|p1a: Iron Crown
|-damage|p1a: Iron Crown|19/100 par
|move|p1a: Iron Crown|Psychic|p2a: Rotom
|-damage|p2a: Rotom|0 fnt
|faint|p2a: Rotom
|
|win|yonderfarer
|raw|yonderfarer's rating: 1282 &rarr; <strong>1309</strong><br />(+27 for winning)
|raw|Mexi-Squad's rating: 1310 &rarr; <strong>1288</strong><br />(-22 for losing)
|l|☆yonderfarer
|player|p1|
|l|☆Mexi-Squad
|player|p2|
