|badge|p2|bronze|gen9ou|100-7
|uhtml|medal-msg|<div class="broadcast-blue">Curious what those medals under the avatar are? PS now has Ladder Seasons! For more information, check out the <a href="https://www.smogon.com/forums/threads/3740067/">thread on Smogon.</a></div>
|j|☆Grindset mindset
|j|☆tua94892
|t:|1760731674
|gametype|singles
|player|p1|Grindset mindset|skyla|1696
|player|p2|tua94892|169|1869
|gen|9
|tier|[Gen 9] OU
|rated|
|rule|HP Percentage Mod: HP is shown in percentages
|rule|Endless Battle Clause: Forcing endless battles is banned
|rule|Species Clause: Limit one of each Pokémon
|rule|OHKO Clause: OHKO moves are banned
|rule|Evasion Items Clause: Evasion items are banned
|rule|Evasion Moves Clause: Evasion moves are banned
|rule|Evasion Abilities Clause: Evasion abilities are banned
|rule|Sleep Moves Clause: Sleep-inducing moves are banned
|clearpoke
|poke|p1|Ogerpon-Cornerstone, F|
|poke|p1|Primarina, F|
|poke|p1|Armarouge, F|
|poke|p1|Raging Bolt|
|poke|p1|Great Tusk|
|poke|p1|Zapdos-Galar|
|poke|p2|Hydrapple, M|
|poke|p2|Slowking-Galar, F|
|poke|p2|Cinderace, M|
|poke|p2|Darkrai|
|poke|p2|Manaphy|
|poke|p2|Cobalion|
|teampreview
|inactive|Battle timer is ON: inactive players will automatically lose when time's up. (requested by Grindset mindset)
|
|t:|1760731687
|teamsize|p1|6
|teamsize|p2|6
|start
|switch|p1a: Zapdos|Zapdos-Galar|100/100
|switch|p2a: Manaphy|Manaphy|100/100
|turn|1
|
|t:|1760731692
|move|p1a: Zapdos|Brave Bird|p2a: Manaphy
|-damage|p2a: Manaphy|16/100
|-damage|p1a: Zapdos|69/100|[from] Recoil
|move|p2a: Manaphy|Scald|p1a: Zapdos
|-damage|p1a: Zapdos|31/100
|-status|p1a: Zapdos|brn
|
|-heal|p2a: Manaphy|22/100|[from] item: Leftovers
|-damage|p1a: Zapdos|25/100 brn|[from] brn
|upkeep
|turn|2
|
|t:|1760731704
|switch|p2a: Cobalion|Cobalion|100/100
|move|p1a: Zapdos|Brave Bird|p2a: Cobalion
|-damage|p2a: Cobalion|72/100
|-damage|p1a: Zapdos|15/100 brn|[from] Recoil
|
|-heal|p2a: Cobalion|78/100|[from] item: Leftovers
|-damage|p1a: Zapdos|8/100 brn|[from] brn
|upkeep
|turn|3
|
|t:|1760731712
|switch|p1a: Armarouge|Armarouge, F|100/100
|move|p2a: Cobalion|Iron Defense|p2a: Cobalion
|-boost|p2a: Cobalion|def|2
|
|-heal|p2a: Cobalion|84/100|[from] item: Leftovers
|upkeep
|turn|4
|
|t:|1760731722
|switch|p1a: Great Tusk|Great Tusk|100/100
|-enditem|p1a: Great Tusk|Booster Energy
|-activate|p1a: Great Tusk|ability: Protosynthesis|[fromitem]
|-start|p1a: Great Tusk|protosynthesisatk
|switch|p2a: Slowking|Slowking-Galar, F|100/100
|
|upkeep
|turn|5
|
|t:|1760731725
|move|p1a: Great Tusk|Headlong Rush|p2a: Slowking
|-supereffective|p2a: Slowking
|-damage|p2a: Slowking|0 fnt
|-unboost|p1a: Great Tusk|def|1
|-unboost|p1a: Great Tusk|spd|1
|faint|p2a: Slowking
|
|upkeep
|
|t:|1760731729
|switch|p2a: Manaphy|Manaphy|22/100
|turn|6
|
|t:|1760731733
|-end|p1a: Great Tusk|Protosynthesis|[silent]
|switch|p1a: Zapdos|Zapdos-Galar|8/100 brn
|move|p2a: Manaphy|Ice Beam|p1a: Zapdos
|-supereffective|p1a: Zapdos
|-damage|p1a: Zapdos|0 fnt
|faint|p1a: Zapdos
|
|-heal|p2a: Manaphy|28/100|[from] item: Leftovers
|upkeep
|
|t:|1760731735
|switch|p1a: Ogerpon|Ogerpon-Cornerstone, F|100/100
|turn|7
|
|t:|1760731737
|switch|p2a: Cobalion|Cobalion|84/100
|move|p1a: Ogerpon|Ivy Cudgel|p2a: Cobalion|[anim] Ivy Cudgel Rock
|-resisted|p2a: Cobalion
|-crit|p2a: Cobalion
|-damage|p2a: Cobalion|69/100
|
|-heal|p2a: Cobalion|75/100|[from] item: Leftovers
|upkeep
|turn|8
|
|t:|1760731746
|switch|p1a: Armarouge|Armarouge, F|100/100
|move|p2a: Cobalion|Flash Cannon|p1a: Armarouge
|-resisted|p1a: Armarouge
|-damage|p1a: Armarouge|82/100
|
|-heal|p2a: Cobalion|81/100|[from] item: Leftovers
|upkeep
|turn|9
|
|t:|1760731752
|switch|p2a: Manaphy|Manaphy|28/100
|move|p1a: Armarouge|Armor Cannon|p2a: Manaphy
|-resisted|p2a: Manaphy
|-damage|p2a: Manaphy|1/100
|-unboost|p1a: Armarouge|def|1
|-unboost|p1a: Armarouge|spd|1
|
|-heal|p2a: Manaphy|7/100|[from] item: Leftovers
|upkeep
|turn|10
|
|t:|1760731760
|switch|p1a: Raging Bolt|Raging Bolt|100/100
|move|p2a: Manaphy|Take Heart|p2a: Manaphy
|-boost|p2a: Manaphy|spa|1
|-boost|p2a: Manaphy|spd|1
|
|-heal|p2a: Manaphy|13/100|[from] item: Leftovers
|upkeep
|turn|11
|
|t:|1760731772
|move|p2a: Manaphy|Ice Beam|p1a: Raging Bolt
|-supereffective|p1a: Raging Bolt
|-damage|p1a: Raging Bolt|38/100
|-status|p1a: Raging Bolt|frz
|cant|p1a: Raging Bolt|frz
|
|-heal|p2a: Manaphy|19/100|[from] item: Leftovers
|-heal|p1a: Raging Bolt|45/100 frz|[from] item: Leftovers
|upkeep
|turn|12
|
|t:|1760731784
|move|p2a: Manaphy|Ice Beam|p1a: Raging Bolt
|-supereffective|p1a: Raging Bolt
|-damage|p1a: Raging Bolt|0 fnt
|faint|p1a: Raging Bolt
|-end|p1a: Raging Bolt|Protosynthesis|[silent]
|
|-heal|p2a: Manaphy|25/100|[from] item: Leftovers
|upkeep
|
|t:|1760731789
|switch|p1a: Ogerpon|Ogerpon-Cornerstone, F|100/100
|turn|13
|
|t:|1760731792
|switch|p2a: Cobalion|Cobalion|81/100
|move|p1a: Ogerpon|Low Kick|p2a: Cobalion
|-supereffective|p2a: Cobalion
|-damage|p2a: Cobalion|27/100
|
|-heal|p2a: Cobalion|33/100|[from] item: Leftovers
|upkeep
|turn|14
|
|t:|1760731796
|switch|p2a: Hydrapple|Hydrapple, M|100/100
|move|p1a: Ogerpon|Low Kick|p2a: Hydrapple
|-damage|p2a: Hydrapple|79/100
|
|upkeep
|turn|15
|
|t:|1760731807
|switch|p1a: Primarina|Primarina, F|100/100
|move|p2a: Hydrapple|Leaf Storm|p1a: Primarina
|-supereffective|p1a: Primarina
|-damage|p1a: Primarina|25/100
|-unboost|p2a: Hydrapple|spa|2
|
|upkeep
|turn|16
|
|t:|1760731820
|switch|p2a: Cobalion|Cobalion|33/100
|move|p1a: Primarina|Surf|p2a: Cobalion
|-damage|p2a: Cobalion|0 fnt
|faint|p2a: Cobalion
|
|upkeep
|
|t:|1760731828
|switch|p2a: Manaphy|Manaphy|25/100
|turn|17
|
|t:|1760731832
|move|p2a: Manaphy|Energy Ball|p1a: Primarina
|-supereffective|p1a: Primarina
|-damage|p1a: Primarina|0 fnt
|faint|p1a: Primarina
|
|-heal|p2a: Manaphy|31/100|[from] item: Leftovers
|upkeep
|
|t:|1760731834
|switch|p1a: Ogerpon|Ogerpon-Cornerstone, F|100/100
|turn|18
|
|t:|1760731842
|move|p1a: Ogerpon|Ivy Cudgel|p2a: Manaphy|[anim] Ivy Cudgel Rock
|-damage|p2a: Manaphy|0 fnt
|faint|p2a: Manaphy
|
|upkeep
|
|t:|1760731845
|switch|p2a: Cinderace|Cinderace, M|100/100
|turn|19
|
|t:|1760731848
|switch|p1a: Armarouge|Armarouge, F|82/100
|move|p2a: Cinderace|U-turn|p1a: Armarouge
|-start|p2a: Cinderace|typechange|Bug|[from] ability: Libero
|-damage|p1a: Armarouge|46/100
|-ability|p1a: Armarouge|Weak Armor|boost
|-unboost|p1a: Armarouge|def|1
|-boost|p1a: Armarouge|spe|2
|
|t:|1760731856
|switch|p2a: Hydrapple|Hydrapple, M|100/100|[from] U-turn
|
|upkeep
|turn|20
|
|t:|1760731859
|move|p1a: Armarouge|Endure|p1a: Armarouge
|-singleturn|p1a: Armarouge|move: Endure
|move|p2a: Hydrapple|Earth Power|p1a: Armarouge
|-supereffective|p1a: Armarouge
|-activate|p1a: Armarouge|move: Endure
|-damage|p1a: Armarouge|1/100
|-unboost|p1a: Armarouge|spd|1
|-enditem|p1a: Armarouge|Weakness Policy
|-boost|p1a: Armarouge|atk|2|[from] item: Weakness Policy
|-boost|p1a: Armarouge|spa|2|[from] item: Weakness Policy
|
|upkeep
|turn|21
|
|t:|1760731868
|move|p1a: Armarouge|Stored Power|p2a: Hydrapple
|-damage|p2a: Hydrapple|0 fnt
|faint|p2a: Hydrapple
|
|upkeep
|
|t:|1760731871
|switch|p2a: Cinderace|Cinderace, M|100/100
|turn|22
|
|t:|1760731874
|move|p1a: Armarouge|Endure|p1a: Armarouge
|-singleturn|p1a: Armarouge|move: Endure
|move|p2a: Cinderace|Sucker Punch||[still]
|-fail|p2a: Cinderace
|
|upkeep
|turn|23
|
|t:|1760731877
|move|p2a: Cinderace|Sucker Punch||[still]
|-fail|p2a: Cinderace
|move|p1a: Armarouge|Psychic Terrain|p1a: Armarouge
|-fieldstart|move: Psychic Terrain
|
|upkeep
|turn|24
|
|t:|1760731883
|switch|p2a: Darkrai|Darkrai|100/100
|move|p1a: Armarouge|Stored Power|p2a: Darkrai
|-immune|p2a: Darkrai
|
|upkeep
|turn|25
|
|t:|1760731892
|move|p1a: Armarouge|Armor Cannon|p2a: Darkrai
|-damage|p2a: Darkrai|0 fnt
|-unboost|p1a: Armarouge|def|1
|-unboost|p1a: Armarouge|spd|1
|faint|p2a: Darkrai
|
|upkeep
|
|t:|1760731899
|switch|p2a: Cinderace|Cinderace, M|100/100
|turn|26
|
|t:|1760731902
|move|p2a: Cinderace|Sucker Punch|p1a: Armarouge
|-start|p2a: Cinderace|typechange|Dark|[from] ability: Libero
|-activate|p1a: Armarouge|move: Psychic Terrain
|move|p1a: Armarouge|Stored Power|p2a: Cinderace
|-immune|p2a: Cinderace
|
|upkeep
|turn|27
|
|t:|1760731910
|-terastallize|p2a: Cinderace|Water
|move|p1a: Armarouge|Armor Cannon|p2a: Cinderace
|-resisted|p2a: Cinderace
|-damage|p2a: Cinderace|15/100
|-unboost|p1a: Armarouge|def|1
|-unboost|p1a: Armarouge|spd|1
|move|p2a: Cinderace|U-turn|p1a: Armarouge
|-damage|p1a: Armarouge|0 fnt
|faint|p1a: Armarouge
|
|-fieldend|move: Psychic Terrain
|upkeep
|
|t:|1760731914
|switch|p1a: Great Tusk|Great Tusk|100/100
|turn|28
|
|t:|1760731921
|move|p2a: Cinderace|Pyro Ball|p1a: Great Tusk|[miss]
|-miss|p2a: Cinderace|p1a: Great Tusk
|move|p1a: Great Tusk|Rapid Spin|p2a: Cinderace
|-damage|p2a: Cinderace|0 fnt
|-boost|p1a: Great Tusk|spe|1
|faint|p2a: Cinderace
|
|win|Grindset mindset
|raw|Grindset mindset's rating: 1696 &rarr; <strong>1725</strong><br />(+29 for winning)
|raw|tua94892's rating: 1869 &rarr; <strong>1840</strong><br />(-29 for losing)
|l|☆tua94892
|player|p2|
|l|☆Grindset mindset
|player|p1|
