|j|☆vic1704
|j|☆Flothauvinho
|t:|1760882311
|gametype|singles
|player|p1|vic1704|medium|1138
|player|p2|Flothauvinho|infielder|1112
|gen|9
|tier|[Gen 9] OU
|rated|
|rule|HP Percentage Mod: HP is shown in percentages
|rule|Endless Battle Clause: Forcing endless battles is banned
|rule|Species Clause: Limit one of each Pokémon
|rule|OHKO Clause: OHKO moves are banned
|rule|Evasion Items Clause: Evasion items are banned
|rule|Evasion Moves Clause: Evasion moves are banned
|rule|Evasion Abilities Clause: Evasion abilities are banned
|rule|Sleep Moves Clause: Sleep-inducing moves are banned
|clearpoke
|poke|p1|Hoopa-Unbound|
|poke|p1|Weavile, F|
|poke|p1|Iron Hands|
|poke|p1|Arboliva, F|
|poke|p1|Revavroom, M|
|poke|p1|Porygon-Z|
|poke|p2|Dragonite, F|
|poke|p2|Raging Bolt|
|poke|p2|Gliscor, F|
|poke|p2|Darkrai|
|poke|p2|Torterra, M|
|poke|p2|Cloyster, F|
|teampreview
|inactive|Battle timer is ON: inactive players will automatically lose when time's up. (requested by vic1704)
|inactive|Flothauvinho also wants the timer to be on.
|
|t:|1760882325
|teamsize|p1|6
|teamsize|p2|6
|start
|switch|p1a: ITS GIVING CRAZY|Porygon-Z|100/100
|switch|p2a: Cloyster|Cloyster, F|100/100
|-ability|p1a: ITS GIVING CRAZY|Download|boost
|-boost|p1a: ITS GIVING CRAZY|spa|1
|turn|1
|
|t:|1760882351
|move|p1a: ITS GIVING CRAZY|Thunderbolt|p2a: Cloyster
|-supereffective|p2a: Cloyster
|-enditem|p2a: Cloyster|Focus Sash
|-damage|p2a: Cloyster|1/100
|move|p2a: Cloyster|Shell Smash|p2a: Cloyster
|-unboost|p2a: Cloyster|def|1
|-unboost|p2a: Cloyster|spd|1
|-boost|p2a: Cloyster|atk|2
|-boost|p2a: Cloyster|spa|2
|-boost|p2a: Cloyster|spe|2
|
|upkeep
|turn|2
|
|t:|1760882365
|-terastallize|p2a: Cloyster|Ground
|move|p2a: Cloyster|Icicle Spear|p1a: ITS GIVING CRAZY
|-damage|p1a: ITS GIVING CRAZY|66/100
|-damage|p1a: ITS GIVING CRAZY|33/100
|-damage|p1a: ITS GIVING CRAZY|0 fnt
|faint|p1a: ITS GIVING CRAZY
|-hitcount|p1: ITS GIVING CRAZY|3
|
|upkeep
|
|t:|1760882372
|switch|p1a: Drive on ur mom|Revavroom, M|100/100
|turn|3
|
|t:|1760882386
|move|p2a: Cloyster|Protect|p2a: Cloyster
|-singleturn|p2a: Cloyster|Protect
|move|p1a: Drive on ur mom|Iron Head|p2a: Cloyster
|-activate|p2a: Cloyster|move: Protect
|
|upkeep
|turn|4
|
|t:|1760882396
|move|p2a: Cloyster|Icicle Spear|p1a: Drive on ur mom
|-resisted|p1a: Drive on ur mom
|-damage|p1a: Drive on ur mom|89/100
|-resisted|p1a: Drive on ur mom
|-damage|p1a: Drive on ur mom|79/100
|-resisted|p1a: Drive on ur mom
|-damage|p1a: Drive on ur mom|67/100
|-resisted|p1a: Drive on ur mom
|-damage|p1a: Drive on ur mom|57/100
|-resisted|p1a: Drive on ur mom
|-damage|p1a: Drive on ur mom|47/100
|-hitcount|p1a: Drive on ur mom|5
|move|p1a: Drive on ur mom|Iron Head|p2a: Cloyster
|-damage|p2a: Cloyster|0 fnt
|faint|p2a: Cloyster
|
|upkeep
|
|t:|1760882408
|switch|p2a: Torterra|Torterra, M|100/100
|turn|5
|
|t:|1760882413
|move|p1a: Drive on ur mom|Shift Gear|p1a: Drive on ur mom
|-boost|p1a: Drive on ur mom|spe|2
|-boost|p1a: Drive on ur mom|atk|1
|move|p2a: Torterra|Shell Smash|p2a: Torterra
|-unboost|p2a: Torterra|def|1
|-unboost|p2a: Torterra|spd|1
|-boost|p2a: Torterra|atk|2
|-boost|p2a: Torterra|spa|2
|-boost|p2a: Torterra|spe|2
|
|upkeep
|turn|6
|
|t:|1760882428
|move|p1a: Drive on ur mom|Temper Flare|p2a: Torterra
|-supereffective|p2a: Torterra
|-crit|p2a: Torterra
|-damage|p2a: Torterra|0 fnt
|faint|p2a: Torterra
|
|upkeep
|-message|Flothauvinho forfeited.
|
|win|vic1704
|raw|vic1704's rating: 1138 &rarr; <strong>1161</strong><br />(+23 for winning)
|raw|Flothauvinho's rating: 1112 &rarr; <strong>1089</strong><br />(-23 for losing)
|l|☆Flothauvinho
|player|p2|
|l|☆vic1704
|player|p1|
