|j|☆Ziggytear
|j|☆snoppp
|t:|1760849901
|gametype|singles
|player|p1|Ziggytear|1|1217
|player|p2|snoppp|bruno|1259
|gen|9
|tier|[Gen 9] OU
|rated|
|rule|HP Percentage Mod: HP is shown in percentages
|rule|Endless Battle Clause: Forcing endless battles is banned
|rule|Species Clause: Limit one of each Pokémon
|rule|OHKO Clause: OHKO moves are banned
|rule|Evasion Items Clause: Evasion items are banned
|rule|Evasion Moves Clause: Evasion moves are banned
|rule|Evasion Abilities Clause: Evasion abilities are banned
|rule|Sleep Moves Clause: Sleep-inducing moves are banned
|clearpoke
|poke|p1|Espeon, M|
|poke|p1|Raging Bolt|
|poke|p1|Scizor, M|
|poke|p1|Volcanion|
|poke|p1|Greninja-*, M|
|poke|p1|Dragonite, M|
|poke|p2|Kyurem|
|poke|p2|Garganacl, F|
|poke|p2|Ninetales-Alola, M|
|poke|p2|Cinderace, M|
|poke|p2|Ogerpon-Wellspring, F|
|poke|p2|Slowking-Galar, F|
|teampreview
|
|t:|1760849909
|teamsize|p1|6
|teamsize|p2|6
|start
|switch|p1a: Espeon|Espeon, M|100/100
|switch|p2a: Ninetales|Ninetales-Alola, M|100/100
|-weather|Snowscape|[from] ability: Snow Warning|[of] p2a: Ninetales
|turn|1
|
|t:|1760849930
|move|p2a: Ninetales|Aurora Veil|p2a: Ninetales
|-sidestart|p2: snoppp|move: Aurora Veil
|move|p1a: Espeon|Future Sight|p2a: Ninetales
|-start|p1a: Espeon|move: Future Sight
|
|-weather|Snowscape|[upkeep]
|upkeep
|turn|2
|
|t:|1760849947
|move|p2a: Ninetales|Freeze-Dry|p1a: Espeon
|-damage|p1a: Espeon|67/100
|move|p1a: Espeon|Light Screen|p1a: Espeon
|-sidestart|p1: Ziggytear|move: Light Screen
|
|-weather|Snowscape|[upkeep]
|upkeep
|turn|3
|
|t:|1760849968
|move|p2a: Ninetales|Encore|p1a: Espeon
|move|p1a: Espeon|Encore||[from] ability: Magic Bounce|[still]
|-fail|p1a: Espeon
|move|p1a: Espeon|Reflect|p1a: Espeon
|-sidestart|p1: Ziggytear|Reflect
|
|-weather|Snowscape|[upkeep]
|-end|p2a: Ninetales|move: Future Sight
|-damage|p2a: Ninetales|57/100
|upkeep
|turn|4
|
|t:|1760849987
|switch|p2a: Kyurem|Kyurem|100/100
|-ability|p2a: Kyurem|Pressure
|move|p1a: Espeon|Dazzling Gleam|p2a: Kyurem
|-supereffective|p2a: Kyurem
|-damage|p2a: Kyurem|73/100
|
|-weather|Snowscape|[upkeep]
|upkeep
|turn|5
|inactive|Battle timer is ON: inactive players will automatically lose when time's up. (requested by Ziggytear)
|
|t:|1760849992
|move|p1a: Espeon|Dazzling Gleam|p2a: Kyurem
|-supereffective|p2a: Kyurem
|-damage|p2a: Kyurem|42/100
|move|p2a: Kyurem|Dragon Dance|p2a: Kyurem
|-boost|p2a: Kyurem|atk|1
|-boost|p2a: Kyurem|spe|1
|
|-weather|none
|upkeep
|turn|6
|
|t:|1760849996
|move|p2a: Kyurem|Icicle Spear|p1a: Espeon
|-damage|p1a: Espeon|49/100
|-damage|p1a: Espeon|33/100
|-damage|p1a: Espeon|13/100
|-damage|p1a: Espeon|0 fnt
|faint|p1a: Espeon
|-hitcount|p1: Espeon|4
|
|-sideend|p1: Ziggytear|move: Light Screen
|upkeep
|
|t:|1760850000
|switch|p1a: Scizor|Scizor, M|100/100
|turn|7
|
|t:|1760850004
|switch|p2a: Cinderace|Cinderace, M|100/100
|move|p1a: Scizor|Swords Dance|p1a: Scizor
|-boost|p1a: Scizor|atk|2
|
|-sideend|p1: Ziggytear|Reflect
|upkeep
|turn|8
|
|t:|1760850010
|-terastallize|p1a: Scizor|Fire
|move|p2a: Cinderace|Pyro Ball|p1a: Scizor
|-resisted|p1a: Scizor
|-damage|p1a: Scizor|73/100
|move|p1a: Scizor|Trailblaze|p2a: Cinderace
|-resisted|p2a: Cinderace
|-damage|p2a: Cinderace|83/100
|-boost|p1a: Scizor|spe|1
|
|-sideend|p2: snoppp|move: Aurora Veil
|upkeep
|turn|9
|
|t:|1760850016
|move|p2a: Cinderace|Pyro Ball|p1a: Scizor
|-resisted|p1a: Scizor
|-damage|p1a: Scizor|46/100
|move|p1a: Scizor|Trailblaze|p2a: Cinderace
|-resisted|p2a: Cinderace
|-damage|p2a: Cinderace|40/100
|-boost|p1a: Scizor|spe|1
|
|upkeep
|turn|10
|
|t:|1760850028
|move|p1a: Scizor|Bullet Punch|p2a: Cinderace
|-resisted|p2a: Cinderace
|-damage|p2a: Cinderace|2/100
|move|p2a: Cinderace|Pyro Ball|p1a: Scizor
|-resisted|p1a: Scizor
|-damage|p1a: Scizor|2/100
|
|upkeep
|turn|11
|
|t:|1760850033
|move|p1a: Scizor|Bullet Punch|p2a: Cinderace
|-resisted|p2a: Cinderace
|-damage|p2a: Cinderace|0 fnt
|faint|p2a: Cinderace
|
|upkeep
|
|t:|1760850034
|switch|p2a: Slowking|Slowking-Galar, F|100/100
|turn|12
|
|t:|1760850041
|move|p1a: Scizor|Bullet Punch|p2a: Slowking
|-damage|p2a: Slowking|8/100
|move|p2a: Slowking|Sludge Bomb|p1a: Scizor
|-damage|p1a: Scizor|0 fnt
|faint|p1a: Scizor
|
|upkeep
|
|t:|1760850044
|switch|p1a: Greninja|Greninja, M|100/100
|turn|13
|
|t:|1760850047
|switch|p2a: Ninetales|Ninetales-Alola, M|57/100
|-weather|Snowscape|[from] ability: Snow Warning|[of] p2a: Ninetales
|move|p1a: Greninja|Water Shuriken|p2a: Ninetales
|-damage|p2a: Ninetales|48/100
|-damage|p2a: Ninetales|39/100
|-hitcount|p2a: Ninetales|2
|
|-weather|Snowscape|[upkeep]
|upkeep
|turn|14
|
|t:|1760850052
|move|p1a: Greninja|Sludge Wave|p2a: Ninetales
|-supereffective|p2a: Ninetales
|-damage|p2a: Ninetales|0 fnt
|faint|p2a: Ninetales
|-ability|p1a: Greninja|Battle Bond|boost
|-boost|p1a: Greninja|atk|1
|-boost|p1a: Greninja|spa|1
|-boost|p1a: Greninja|spe|1
|-activate|p1a: Greninja|ability: Battle Bond
|
|-weather|Snowscape|[upkeep]
|upkeep
|
|t:|1760850057
|switch|p2a: Ogerpon|Ogerpon-Wellspring, F|100/100
|turn|15
|
|t:|1760850063
|-terastallize|p2a: Ogerpon|Water
|detailschange|p2a: Ogerpon|Ogerpon-Wellspring-Tera, F, tera:Water
|-ability|p2a: Ogerpon|Embody Aspect (Wellspring)|boost
|-boost|p2a: Ogerpon|spd|1
|move|p1a: Greninja|Sludge Wave|p2a: Ogerpon
|-damage|p2a: Ogerpon|65/100
|move|p2a: Ogerpon|Horn Leech|p1a: Greninja
|-supereffective|p1a: Greninja
|-damage|p1a: Greninja|0 fnt
|-heal|p2a: Ogerpon|100/100|[from] drain|[of] p1a: Greninja
|faint|p1a: Greninja
|
|-weather|Snowscape|[upkeep]
|upkeep
|
|t:|1760850072
|switch|p1a: Dragonite|Dragonite, M|100/100
|turn|16
|
|t:|1760850076
|move|p2a: Ogerpon|U-turn|p1a: Dragonite
|-resisted|p1a: Dragonite
|-damage|p1a: Dragonite|93/100
|
|t:|1760850078
|switch|p2a: Garganacl|Garganacl, F|100/100|[from] U-turn
|move|p1a: Dragonite|Agility|p1a: Dragonite
|-boost|p1a: Dragonite|spe|2
|
|-weather|Snowscape|[upkeep]
|upkeep
|turn|17
|
|t:|1760850083
|move|p1a: Dragonite|Thunder Punch|p2a: Garganacl
|-damage|p2a: Garganacl|84/100
|move|p2a: Garganacl|Salt Cure|p1a: Dragonite
|-supereffective|p1a: Dragonite
|-damage|p1a: Dragonite|63/100
|-start|p1a: Dragonite|Salt Cure
|-enditem|p1a: Dragonite|Weakness Policy
|-boost|p1a: Dragonite|atk|2|[from] item: Weakness Policy
|-boost|p1a: Dragonite|spa|2|[from] item: Weakness Policy
|
|-weather|none
|-heal|p2a: Garganacl|90/100|[from] item: Leftovers
|-damage|p1a: Dragonite|51/100|[from] Salt Cure
|upkeep
|turn|18
|
|t:|1760850087
|move|p1a: Dragonite|Thunder Punch|p2a: Garganacl
|-damage|p2a: Garganacl|54/100
|move|p2a: Garganacl|Stealth Rock|p1a: Dragonite
|-sidestart|p1: Ziggytear|move: Stealth Rock
|
|-heal|p2a: Garganacl|60/100|[from] item: Leftovers
|-damage|p1a: Dragonite|39/100|[from] Salt Cure
|upkeep
|turn|19
|
|t:|1760850090
|move|p1a: Dragonite|Ice Spinner|p2a: Garganacl
|-damage|p2a: Garganacl|24/100
|move|p2a: Garganacl|Recover|p2a: Garganacl
|-heal|p2a: Garganacl|74/100
|
|-heal|p2a: Garganacl|80/100|[from] item: Leftovers
|-damage|p1a: Dragonite|26/100|[from] Salt Cure
|upkeep
|turn|20
|
|t:|1760850096
|move|p1a: Dragonite|Ice Spinner|p2a: Garganacl
|-damage|p2a: Garganacl|43/100
|move|p2a: Garganacl|Recover|p2a: Garganacl
|-heal|p2a: Garganacl|93/100
|
|-heal|p2a: Garganacl|99/100|[from] item: Leftovers
|-damage|p1a: Dragonite|14/100|[from] Salt Cure
|upkeep
|turn|21
|
|t:|1760850101
|move|p2a: Garganacl|Protect|p2a: Garganacl
|-singleturn|p2a: Garganacl|Protect
|move|p1a: Dragonite|Ice Spinner|p2a: Garganacl
|-activate|p2a: Garganacl|move: Protect
|
|-heal|p2a: Garganacl|100/100|[from] item: Leftovers
|-damage|p1a: Dragonite|1/100|[from] Salt Cure
|upkeep
|turn|22
|
|t:|1760850108
|move|p1a: Dragonite|Ice Spinner|p2a: Garganacl
|-damage|p2a: Garganacl|62/100
|move|p2a: Garganacl|Recover|p2a: Garganacl
|-heal|p2a: Garganacl|100/100
|
|-damage|p1a: Dragonite|0 fnt|[from] Salt Cure
|faint|p1a: Dragonite
|upkeep
|
|t:|1760850111
|switch|p1a: Volcanion|Volcanion|100/100
|-damage|p1a: Volcanion|76/100|[from] Stealth Rock
|turn|23
|
|t:|1760850121
|switch|p2a: Ogerpon|Ogerpon-Wellspring-Tera, F, tera:Water|100/100
|-ability|p2a: Ogerpon|Embody Aspect (Wellspring)|boost
|-boost|p2a: Ogerpon|spd|1
|move|p1a: Volcanion|Steam Eruption|p2a: Ogerpon
|-resisted|p2a: Ogerpon
|-damage|p2a: Ogerpon|79/100
|
|upkeep
|turn|24
|
|t:|1760850127
|move|p2a: Ogerpon|Knock Off|p1a: Volcanion
|-damage|p1a: Volcanion|37/100
|-enditem|p1a: Volcanion|Metronome|[from] move: Knock Off|[of] p2a: Ogerpon
|move|p1a: Volcanion|Sludge Bomb|p2a: Ogerpon
|-damage|p2a: Ogerpon|53/100
|
|upkeep
|turn|25
|
|t:|1760850131
|move|p2a: Ogerpon|Horn Leech|p1a: Volcanion
|-damage|p1a: Volcanion|0 fnt
|-heal|p2a: Ogerpon|72/100|[from] drain|[of] p1a: Volcanion
|faint|p1a: Volcanion
|
|upkeep
|
|t:|1760850134
|switch|p1a: Raging Bolt|Raging Bolt|100/100
|-damage|p1a: Raging Bolt|88/100|[from] Stealth Rock
|-enditem|p1a: Raging Bolt|Booster Energy
|-activate|p1a: Raging Bolt|ability: Protosynthesis|[fromitem]
|-start|p1a: Raging Bolt|protosynthesisspe
|turn|26
|
|t:|1760850141
|switch|p2a: Slowking|Slowking-Galar, F|42/100
|move|p1a: Raging Bolt|Calm Mind|p1a: Raging Bolt
|-boost|p1a: Raging Bolt|spa|1
|-boost|p1a: Raging Bolt|spd|1
|
|upkeep
|turn|27
|
|t:|1760850145
|move|p1a: Raging Bolt|Dragon Pulse|p2a: Slowking
|-damage|p2a: Slowking|10/100
|move|p2a: Slowking|Toxic|p1a: Raging Bolt
|-status|p1a: Raging Bolt|tox
|
|-damage|p1a: Raging Bolt|82/100 tox|[from] psn
|upkeep
|turn|28
|
|t:|1760850148
|move|p1a: Raging Bolt|Dragon Pulse|p2a: Slowking
|-damage|p2a: Slowking|0 fnt
|faint|p2a: Slowking
|
|-damage|p1a: Raging Bolt|70/100 tox|[from] psn
|upkeep
|
|t:|1760850150
|switch|p2a: Garganacl|Garganacl, F|100/100
|turn|29
|
|t:|1760850152
|move|p1a: Raging Bolt|Dragon Pulse|p2a: Garganacl
|-damage|p2a: Garganacl|55/100
|move|p2a: Garganacl|Salt Cure|p1a: Raging Bolt
|-damage|p1a: Raging Bolt|58/100 tox
|-start|p1a: Raging Bolt|Salt Cure
|
|-heal|p2a: Garganacl|61/100|[from] item: Leftovers
|-damage|p1a: Raging Bolt|40/100 tox|[from] psn
|-damage|p1a: Raging Bolt|27/100 tox|[from] Salt Cure
|upkeep
|turn|30
|
|t:|1760850155
|move|p2a: Garganacl|Protect|p2a: Garganacl
|-singleturn|p2a: Garganacl|Protect
|move|p1a: Raging Bolt|Dragon Pulse|p2a: Garganacl
|-activate|p2a: Garganacl|move: Protect
|
|-heal|p2a: Garganacl|67/100|[from] item: Leftovers
|-damage|p1a: Raging Bolt|3/100 tox|[from] psn
|-damage|p1a: Raging Bolt|0 fnt|[from] Salt Cure
|faint|p1a: Raging Bolt
|-end|p1a: Raging Bolt|Protosynthesis|[silent]
|
|win|snoppp
|raw|Ziggytear's rating: 1217 &rarr; <strong>1195</strong><br />(-22 for losing)
|raw|snoppp's rating: 1259 &rarr; <strong>1281</strong><br />(+22 for winning)
|l|☆snoppp
|player|p2|
