|j|☆HZBKAI2
|j|☆katoluvsu
|t:|1760762135
|gametype|singles
|player|p1|HZBKAI2|266|1085
|player|p2|katoluvsu|n|1091
|gen|9
|tier|[Gen 9] OU
|rated|
|rule|HP Percentage Mod: HP is shown in percentages
|rule|Endless Battle Clause: Forcing endless battles is banned
|rule|Species Clause: Limit one of each Pokémon
|rule|OHKO Clause: OHKO moves are banned
|rule|Evasion Items Clause: Evasion items are banned
|rule|Evasion Moves Clause: Evasion moves are banned
|rule|Evasion Abilities Clause: Evasion abilities are banned
|rule|Sleep Moves Clause: Sleep-inducing moves are banned
|clearpoke
|poke|p1|Latias, F|
|poke|p1|Ceruledge, M|
|poke|p1|Iron Valiant|
|poke|p1|Moltres-Galar|
|poke|p1|Glimmora, M|
|poke|p1|Scizor, F|
|poke|p2|Gallade, M|
|poke|p2|Indeedee, M|
|poke|p2|Iron Valiant|
|poke|p2|Quaquaval, F|
|poke|p2|Hatterene, F|
|poke|p2|Toxicroak, M|
|teampreview
|
|t:|1760762149
|teamsize|p1|6
|teamsize|p2|6
|start
|switch|p1a: Scizor|Scizor, F|100/100
|switch|p2a: Indeedee|Indeedee, M, shiny|100/100
|-fieldstart|move: Psychic Terrain|[from] ability: Psychic Surge|[of] p2a: Indeedee
|turn|1
|
|t:|1760762152
|move|p2a: Indeedee|Healing Wish|p2a: Indeedee
|faint|p2a: Indeedee
|move|p1a: Scizor|Knock Off|p2: Indeedee|[notarget]
|-fail|p1a: Scizor
|
|upkeep
|
|t:|1760762155
|switch|p2a: Gallade|Gallade, M, shiny|100/100
|turn|2
|
|t:|1760762157
|move|p2a: Gallade|Agility|p2a: Gallade
|-boost|p2a: Gallade|spe|2
|move|p1a: Scizor|Knock Off|p2a: Gallade
|-damage|p2a: Gallade|19/100
|-enditem|p2a: Gallade|Life Orb|[from] move: Knock Off|[of] p1a: Scizor
|-damage|p1a: Scizor|91/100|[from] item: Life Orb
|
|upkeep
|turn|3
|l|☆katoluvsu
|player|p2|
|j|☆katoluvsu
|player|p2|katoluvsu|n|
|
|t:|1760762169
|move|p2a: Gallade|Sacred Sword|p1a: Scizor
|-crit|p1a: Scizor
|-damage|p1a: Scizor|0 fnt
|faint|p1a: Scizor
|
|upkeep
|
|t:|1760762169
|switch|p1a: Ceruledge|Ceruledge, M|100/100
|turn|4
|
|t:|1760762173
|move|p2a: Gallade|Psycho Cut|p1a: Ceruledge
|-enditem|p1a: Ceruledge|Focus Sash
|-damage|p1a: Ceruledge|1/100
|-ability|p1a: Ceruledge|Weak Armor|boost
|-unboost|p1a: Ceruledge|def|1
|-boost|p1a: Ceruledge|spe|2
|move|p1a: Ceruledge|Poltergeist||[still]
|-fail|p1a: Ceruledge
|
|upkeep
|turn|5
|
|t:|1760762178
|-terastallize|p1a: Ceruledge|Ghost
|move|p1a: Ceruledge|Poltergeist||[still]
|-fail|p1a: Ceruledge
|move|p2a: Gallade|Psycho Cut|p1a: Ceruledge
|-damage|p1a: Ceruledge|0 fnt
|faint|p1a: Ceruledge
|
|upkeep
|
|t:|1760762179
|switch|p1a: Iron Valiant|Iron Valiant|100/100
|-enditem|p1a: Iron Valiant|Booster Energy
|-activate|p1a: Iron Valiant|ability: Quark Drive|[fromitem]
|-start|p1a: Iron Valiant|quarkdrivespe
|turn|6
|
|t:|1760762192
|move|p1a: Iron Valiant|Moonblast|p2a: Gallade
|-supereffective|p2a: Gallade
|-damage|p2a: Gallade|0 fnt
|faint|p2a: Gallade
|
|upkeep
|
|t:|1760762203
|switch|p2a: Toxicroak|Toxicroak, M, shiny|100/100
|turn|7
|
|t:|1760762210
|move|p1a: Iron Valiant|Moonblast|p2a: Toxicroak
|-crit|p2a: Toxicroak
|-damage|p2a: Toxicroak|22/100
|move|p2a: Toxicroak|Poison Jab|p1a: Iron Valiant
|-supereffective|p1a: Iron Valiant
|-damage|p1a: Iron Valiant|0 fnt
|faint|p1a: Iron Valiant
|-end|p1a: Iron Valiant|Quark Drive|[silent]
|
|upkeep
|
|t:|1760762210
|switch|p1a: Latias|Latias, F|100/100
|turn|8
|
|t:|1760762216
|move|p2a: Toxicroak|Knock Off|p1a: Latias
|-supereffective|p1a: Latias
|-damage|p1a: Latias|52/100
|-enditem|p1a: Latias|Weakness Policy
|-boost|p1a: Latias|atk|2|[from] item: Weakness Policy
|-boost|p1a: Latias|spa|2|[from] item: Weakness Policy
|move|p1a: Latias|Stored Power|p2a: Toxicroak
|-supereffective|p2a: Toxicroak
|-damage|p2a: Toxicroak|0 fnt
|faint|p2a: Toxicroak
|
|-fieldend|move: Psychic Terrain
|upkeep
|
|t:|1760762225
|switch|p2a: Quaquaval|Quaquaval, F, shiny|100/100
|turn|9
|
|t:|1760762227
|-terastallize|p2a: Quaquaval|Ground
|move|p2a: Quaquaval|Aqua Step|p1a: Latias
|-resisted|p1a: Latias
|-damage|p1a: Latias|37/100
|-boost|p2a: Quaquaval|spe|1
|move|p1a: Latias|Aura Sphere|p2a: Quaquaval
|-damage|p2a: Quaquaval|65/100
|
|upkeep
|turn|10
|
|t:|1760762235
|move|p2a: Quaquaval|Aqua Step|p1a: Latias
|-resisted|p1a: Latias
|-damage|p1a: Latias|21/100
|-boost|p2a: Quaquaval|spe|1
|move|p1a: Latias|Aura Sphere|p2a: Quaquaval
|-damage|p2a: Quaquaval|28/100
|
|upkeep
|turn|11
|
|t:|1760762247
|move|p2a: Quaquaval|Rapid Spin|p1a: Latias
|-damage|p1a: Latias|8/100
|-boost|p2a: Quaquaval|spe|1
|move|p1a: Latias|Aura Sphere|p2a: Quaquaval
|-damage|p2a: Quaquaval|0 fnt
|faint|p2a: Quaquaval
|
|upkeep
|
|t:|1760762250
|switch|p2a: Iron Valiant|Iron Valiant, shiny|100/100
|-enditem|p2a: Iron Valiant|Booster Energy
|-activate|p2a: Iron Valiant|ability: Quark Drive|[fromitem]
|-start|p2a: Iron Valiant|quarkdrivespe
|turn|12
|
|t:|1760762260
|move|p2a: Iron Valiant|Shadow Ball|p1a: Latias
|-supereffective|p1a: Latias
|-damage|p1a: Latias|0 fnt
|faint|p1a: Latias
|
|upkeep
|
|t:|1760762260
|switch|p1a: Moltres|Moltres-Galar|100/100
|turn|13
|
|t:|1760762273
|move|p2a: Iron Valiant|Moonblast|p1a: Moltres
|-supereffective|p1a: Moltres
|-damage|p1a: Moltres|16/100
|-ability|p1a: Moltres|Berserk|boost
|-boost|p1a: Moltres|spa|1
|-enditem|p1a: Moltres|Sitrus Berry|[eat]
|-heal|p1a: Moltres|41/100|[from] item: Sitrus Berry
|move|p1a: Moltres|Hurricane|p2a: Iron Valiant
|-supereffective|p2a: Iron Valiant
|-damage|p2a: Iron Valiant|0 fnt
|faint|p2a: Iron Valiant
|-end|p2a: Iron Valiant|Quark Drive|[silent]
|
|upkeep
|
|t:|1760762276
|switch|p2a: Hatterene|Hatterene, F, shiny|100/100
|turn|14
|
|t:|1760762285
|move|p1a: Moltres|Fiery Wrath|p2a: Hatterene
|-damage|p2a: Hatterene|32/100
|move|p2a: Hatterene|Mystical Fire|p1a: Moltres
|-crit|p1a: Moltres
|-damage|p1a: Moltres|5/100
|-unboost|p1a: Moltres|spa|1
|
|upkeep
|turn|15
|
|t:|1760762289
|move|p1a: Moltres|Fiery Wrath|p2a: Hatterene
|-crit|p2a: Hatterene
|-damage|p2a: Hatterene|0 fnt
|faint|p2a: Hatterene
|
|win|HZBKAI2
|raw|HZBKAI2's rating: 1085 &rarr; <strong>1113</strong><br />(+28 for winning)
|raw|katoluvsu's rating: 1091 &rarr; <strong>1067</strong><br />(-24 for losing)
|l|☆HZBKAI2
|player|p1|
|l|☆katoluvsu
|player|p2|
