|j|☆bxjjne c
|j|☆Frowzysx
|t:|1760837640
|gametype|singles
|player|p1|bxjjne c|1|1213
|player|p2|Frowzysx|palmer|1195
|gen|9
|tier|[Gen 9] OU
|rated|
|rule|HP Percentage Mod: HP is shown in percentages
|rule|Endless Battle Clause: Forcing endless battles is banned
|rule|Species Clause: Limit one of each Pokémon
|rule|OHKO Clause: OHKO moves are banned
|rule|Evasion Items Clause: Evasion items are banned
|rule|Evasion Moves Clause: Evasion moves are banned
|rule|Evasion Abilities Clause: Evasion abilities are banned
|rule|Sleep Moves Clause: Sleep-inducing moves are banned
|clearpoke
|poke|p1|Kyurem|
|poke|p1|Corviknight, M|
|poke|p1|Heatran, M|
|poke|p1|Great Tusk|
|poke|p1|Gliscor, F|
|poke|p1|Conkeldurr, M|
|poke|p2|Chandelure, F|
|poke|p2|Samurott-Hisui, F|
|poke|p2|Ogerpon-Wellspring, F|
|poke|p2|Zapdos|
|poke|p2|Cinderace, F|
|poke|p2|Darkrai|
|teampreview
|inactive|Battle timer is ON: inactive players will automatically lose when time's up. (requested by Frowzysx)
|inactive|bxjjne c also wants the timer to be on.
|
|t:|1760837654
|teamsize|p1|6
|teamsize|p2|6
|start
|switch|p1a: Great Tusk|Great Tusk|100/100
|switch|p2a: Darkrai|Darkrai|100/100
|turn|1
|
|t:|1760837661
|move|p2a: Darkrai|Trick|p1a: Great Tusk
|-activate|p2a: Darkrai|move: Trick|[of] p1a: Great Tusk
|-item|p1a: Great Tusk|Choice Scarf|[from] move: Trick
|-item|p2a: Darkrai|Expert Belt|[from] move: Trick
|move|p1a: Great Tusk|Brick Break|p2a: Darkrai
|-supereffective|p2a: Darkrai
|-damage|p2a: Darkrai|0 fnt
|faint|p2a: Darkrai
|
|upkeep
|
|t:|1760837669
|switch|p2a: Chandelure|Chandelure, F, shiny|100/100
|turn|2
|
|t:|1760837677
|-end|p1a: Great Tusk|Protosynthesis|[silent]
|switch|p1a: Heatran|Heatran, M|100/100
|move|p2a: Chandelure|Shadow Ball|p1a: Heatran
|-damage|p1a: Heatran|76/100
|-unboost|p1a: Heatran|spd|1
|
|upkeep
|turn|3
|
|t:|1760837687
|-terastallize|p2a: Chandelure|Grass
|move|p2a: Chandelure|Shadow Ball|p1a: Heatran
|-damage|p1a: Heatran|36/100
|-unboost|p1a: Heatran|spd|1
|move|p1a: Heatran|Ancient Power|p2a: Chandelure
|-damage|p2a: Chandelure|69/100
|
|upkeep
|turn|4
|
|t:|1760837704
|switch|p1a: Great Tusk|Great Tusk|100/100
|move|p2a: Chandelure|Shadow Ball|p1a: Great Tusk
|-damage|p1a: Great Tusk|36/100
|
|upkeep
|turn|5
|
|t:|1760837712
|switch|p2a: Samurott|Samurott-Hisui, F|100/100
|move|p1a: Great Tusk|Knock Off|p2a: Samurott
|-resisted|p2a: Samurott
|-damage|p2a: Samurott|84/100
|-enditem|p2a: Samurott|Assault Vest|[from] move: Knock Off|[of] p1a: Great Tusk
|
|upkeep
|turn|6
|
|t:|1760837722
|-end|p1a: Great Tusk|Protosynthesis|[silent]
|switch|p1a: Corviknight|Corviknight, M|100/100
|move|p2a: Samurott|Knock Off|p1a: Corviknight
|-damage|p1a: Corviknight|67/100
|-damage|p2a: Samurott|67/100|[from] item: Rocky Helmet|[of] p1a: Corviknight
|-enditem|p1a: Corviknight|Rocky Helmet|[from] move: Knock Off|[of] p2a: Samurott
|
|upkeep
|turn|7
|
|t:|1760837730
|move|p2a: Samurott|Razor Shell|p1a: Corviknight
|-damage|p1a: Corviknight|28/100
|-ability|p1a: Corviknight|Mirror Armor
|-unboost|p2a: Samurott|def|1
|move|p1a: Corviknight|Bulk Up|p1a: Corviknight
|-boost|p1a: Corviknight|atk|1
|-boost|p1a: Corviknight|def|1
|
|upkeep
|turn|8
|
|t:|1760837740
|move|p2a: Samurott|Razor Shell|p1a: Corviknight
|-damage|p1a: Corviknight|0 fnt
|faint|p1a: Corviknight
|
|upkeep
|
|t:|1760837748
|switch|p1a: Great Tusk|Great Tusk|36/100
|turn|9
|
|t:|1760837752
|switch|p2a: Zapdos|Zapdos|100/100
|move|p1a: Great Tusk|Brick Break|p2a: Zapdos
|-resisted|p2a: Zapdos
|-damage|p2a: Zapdos|87/100
|-status|p1a: Great Tusk|par|[from] ability: Static|[of] p2a: Zapdos
|
|upkeep
|turn|10
|
|t:|1760837760
|move|p2a: Zapdos|Hurricane|p1a: Great Tusk
|-supereffective|p1a: Great Tusk
|-damage|p1a: Great Tusk|0 fnt
|faint|p1a: Great Tusk
|-end|p1a: Great Tusk|Protosynthesis|[silent]
|
|upkeep
|
|t:|1760837763
|switch|p1a: Heatran|Heatran, M|36/100
|turn|11
|
|t:|1760837768
|move|p2a: Zapdos|Volt Switch|p1a: Heatran
|-damage|p1a: Heatran|21/100
|
|t:|1760837773
|switch|p2a: Samurott|Samurott-Hisui, F|67/100|[from] Volt Switch
|move|p1a: Heatran|Ancient Power|p2a: Samurott
|-damage|p2a: Samurott|43/100
|
|upkeep
|turn|12
|
|t:|1760837780
|move|p2a: Samurott|Razor Shell|p1a: Heatran
|-supereffective|p1a: Heatran
|-damage|p1a: Heatran|0 fnt
|faint|p1a: Heatran
|
|upkeep
|
|t:|1760837783
|switch|p1a: Kyurem|Kyurem|100/100
|-ability|p1a: Kyurem|Pressure
|turn|13
|
|t:|1760837789
|move|p1a: Kyurem|Earth Power|p2a: Samurott
|-damage|p2a: Samurott|11/100
|move|p2a: Samurott|Knock Off|p1a: Kyurem
|-damage|p1a: Kyurem|60/100
|-enditem|p1a: Kyurem|Leftovers|[from] move: Knock Off|[of] p2a: Samurott
|
|upkeep
|turn|14
|
|t:|1760837796
|move|p2a: Samurott|Sucker Punch|p1a: Kyurem
|-damage|p1a: Kyurem|32/100
|move|p1a: Kyurem|Earth Power|p2a: Samurott
|-damage|p2a: Samurott|0 fnt
|faint|p2a: Samurott
|
|upkeep
|
|t:|1760837804
|switch|p2a: Ogerpon|Ogerpon-Wellspring, F|100/100
|turn|15
|
|t:|1760837813
|move|p2a: Ogerpon|Knock Off|p1a: Kyurem
|-damage|p1a: Kyurem|8/100
|move|p1a: Kyurem|Freeze-Dry|p2a: Ogerpon
|-supereffective|p2a: Ogerpon
|-damage|p2a: Ogerpon|0 fnt
|faint|p2a: Ogerpon
|
|upkeep
|
|t:|1760837823
|switch|p2a: Chandelure|Chandelure, F, shiny, tera:Grass|69/100
|turn|16
|
|t:|1760837828
|move|p2a: Chandelure|Fire Blast|p1a: Kyurem
|-damage|p1a: Kyurem|0 fnt
|faint|p1a: Kyurem
|
|upkeep
|
|t:|1760837833
|switch|p1a: Conkeldurr|Conkeldurr, M|100/100
|turn|17
|
|t:|1760837838
|move|p2a: Chandelure|Fire Blast|p1a: Conkeldurr
|-damage|p1a: Conkeldurr|24/100
|move|p1a: Conkeldurr|Poison Jab|p2a: Chandelure
|-supereffective|p2a: Chandelure
|-damage|p2a: Chandelure|0 fnt
|faint|p2a: Chandelure
|
|-status|p1a: Conkeldurr|brn|[from] item: Flame Orb
|upkeep
|
|t:|1760837848
|switch|p2a: Zapdos|Zapdos|87/100
|turn|18
|
|t:|1760837851
|move|p1a: Conkeldurr|Mach Punch|p2a: Zapdos
|-resisted|p2a: Zapdos
|-damage|p2a: Zapdos|74/100
|move|p2a: Zapdos|Hurricane|p1a: Conkeldurr
|-supereffective|p1a: Conkeldurr
|-damage|p1a: Conkeldurr|0 fnt
|faint|p1a: Conkeldurr
|
|upkeep
|
|t:|1760837856
|switch|p1a: Gliscor|Gliscor, F|100/100
|turn|19
|
|t:|1760837860
|move|p2a: Zapdos|Hurricane|p1a: Gliscor|[miss]
|-miss|p2a: Zapdos|p1a: Gliscor
|move|p1a: Gliscor|Agility|p1a: Gliscor
|-boost|p1a: Gliscor|spe|2
|
|-status|p1a: Gliscor|tox|[from] item: Toxic Orb
|upkeep
|turn|20
|
|t:|1760837868
|move|p1a: Gliscor|Swords Dance|p1a: Gliscor
|-boost|p1a: Gliscor|atk|2
|move|p2a: Zapdos|Hurricane|p1a: Gliscor
|-damage|p1a: Gliscor|45/100 tox
|
|-heal|p1a: Gliscor|58/100 tox|[from] ability: Poison Heal
|upkeep
|turn|21
|
|t:|1760837876
|move|p1a: Gliscor|Facade|p2a: Zapdos
|-damage|p2a: Zapdos|31/100
|move|p2a: Zapdos|Hurricane|p1a: Gliscor
|-damage|p1a: Gliscor|3/100 tox
|
|-heal|p1a: Gliscor|16/100 tox|[from] ability: Poison Heal
|upkeep
|turn|22
|
|t:|1760837885
|-terastallize|p1a: Gliscor|Normal
|move|p1a: Gliscor|Facade|p2a: Zapdos
|-damage|p2a: Zapdos|0 fnt
|faint|p2a: Zapdos
|
|-heal|p1a: Gliscor|28/100 tox|[from] ability: Poison Heal
|upkeep
|
|t:|1760837892
|switch|p2a: Cinderace|Cinderace, F|100/100
|turn|23
|
|t:|1760837896
|move|p1a: Gliscor|Earthquake|p2a: Cinderace
|-supereffective|p2a: Cinderace
|-damage|p2a: Cinderace|0 fnt
|faint|p2a: Cinderace
|
|win|bxjjne c
|raw|bxjjne c's rating: 1213 &rarr; <strong>1237</strong><br />(+24 for winning)
|raw|Frowzysx's rating: 1195 &rarr; <strong>1171</strong><br />(-24 for losing)
|l|☆bxjjne c
|player|p1|
