|j|☆Hexylo
|j|☆DrainGangBuilds
|t:|1760804834
|gametype|singles
|player|p1|Hexylo|lucas|1216
|player|p2|DrainGangBuilds|galacticgrunt|1258
|gen|9
|tier|[Gen 9] OU
|rated|
|rule|HP Percentage Mod: HP is shown in percentages
|rule|Endless Battle Clause: Forcing endless battles is banned
|rule|Species Clause: Limit one of each Pokémon
|rule|OHKO Clause: OHKO moves are banned
|rule|Evasion Items Clause: Evasion items are banned
|rule|Evasion Moves Clause: Evasion moves are banned
|rule|Evasion Abilities Clause: Evasion abilities are banned
|rule|Sleep Moves Clause: Sleep-inducing moves are banned
|clearpoke
|poke|p1|Inteleon, M|
|poke|p1|Meowscarada, F|
|poke|p1|Corviknight, M|
|poke|p1|Garganacl, M|
|poke|p1|Cinderace, F|
|poke|p1|Hatterene, F|
|poke|p2|Iron Valiant|
|poke|p2|Shiftry, F|
|poke|p2|Great Tusk|
|poke|p2|Moltres|
|poke|p2|Primarina, F|
|poke|p2|Dragonite, M|
|teampreview
|
|t:|1760804840
|teamsize|p1|6
|teamsize|p2|6
|start
|switch|p1a: The Rock|Garganacl, M|100/100
|switch|p2a: Shiftry|Shiftry, F|100/100
|turn|1
|
|t:|1760804850
|switch|p2a: Primarina|Primarina, F, shiny|100/100
|move|p1a: The Rock|Salt Cure|p2a: Primarina
|-damage|p2a: Primarina|79/100
|-start|p2a: Primarina|Salt Cure
|
|-damage|p2a: Primarina|54/100|[from] Salt Cure
|upkeep
|turn|2
|
|t:|1760804857
|move|p1a: The Rock|Protect|p1a: The Rock
|-singleturn|p1a: The Rock|Protect
|move|p2a: Primarina|Surf|p1a: The Rock
|-activate|p1a: The Rock|move: Protect
|
|-damage|p2a: Primarina|29/100|[from] Salt Cure
|upkeep
|turn|3
|
|t:|1760804867
|switch|p1a: Chase Young|Inteleon, M|100/100
|move|p2a: Primarina|Surf|p1a: Chase Young
|-resisted|p1a: Chase Young
|-damage|p1a: Chase Young|36/100
|
|-damage|p2a: Primarina|4/100|[from] Salt Cure
|upkeep
|turn|4
|
|t:|1760804875
|switch|p2a: Shiftry|Shiftry, F|100/100
|move|p1a: Chase Young|Flip Turn|p2a: Shiftry
|-resisted|p2a: Shiftry
|-damage|p2a: Shiftry|87/100
|
|t:|1760804883
|switch|p1a: Itachi|Corviknight, M|100/100|[from] Flip Turn
|-ability|p1a: Itachi|Pressure
|
|upkeep
|turn|5
|
|t:|1760804890
|move|p2a: Shiftry|Tailwind|p2a: Shiftry
|-sidestart|p2: DrainGangBuilds|move: Tailwind
|-ability|p2a: Shiftry|Wind Rider|boost
|-boost|p2a: Shiftry|atk|1
|move|p1a: Itachi|Brave Bird|p2a: Shiftry
|-supereffective|p2a: Shiftry
|-damage|p2a: Shiftry|0 fnt
|faint|p2a: Shiftry
|-damage|p1a: Itachi|77/100|[from] Recoil
|
|upkeep
|
|t:|1760804900
|switch|p2a: Great Tusk|Great Tusk|100/100
|-enditem|p2a: Great Tusk|Booster Energy
|-activate|p2a: Great Tusk|ability: Protosynthesis|[fromitem]
|-start|p2a: Great Tusk|protosynthesisatk
|turn|6
|
|t:|1760804906
|switch|p1a: Wanda|Hatterene, F|100/100
|move|p2a: Great Tusk|Close Combat|p1a: Wanda
|-resisted|p1a: Wanda
|-damage|p1a: Wanda|81/100
|-unboost|p2a: Great Tusk|def|1
|-unboost|p2a: Great Tusk|spd|1
|
|-heal|p1a: Wanda|87/100|[from] item: Leftovers
|upkeep
|turn|7
|
|t:|1760804914
|move|p2a: Great Tusk|Headlong Rush|p1a: Wanda
|-damage|p1a: Wanda|0 fnt
|-unboost|p2a: Great Tusk|def|1
|-unboost|p2a: Great Tusk|spd|1
|faint|p1a: Wanda
|
|upkeep
|
|t:|1760804922
|switch|p1a: Itachi|Corviknight, M|77/100
|-ability|p1a: Itachi|Pressure
|turn|8
|
|t:|1760804950
|-end|p2a: Great Tusk|Protosynthesis|[silent]
|switch|p2a: Primarina|Primarina, F, shiny|4/100
|move|p1a: Itachi|Brave Bird|p2a: Primarina
|-damage|p2a: Primarina|0 fnt
|faint|p2a: Primarina
|-damage|p1a: Itachi|76/100|[from] Recoil
|
|-sideend|p2: DrainGangBuilds|move: Tailwind
|upkeep
|
|t:|1760804954
|switch|p2a: Moltres|Moltres, shiny|100/100
|turn|9
|
|t:|1760804961
|switch|p2a: Great Tusk|Great Tusk|100/100
|switch|p1a: The Rock|Garganacl, M|100/100
|
|upkeep
|turn|10
|
|t:|1760804967
|-terastallize|p1a: The Rock|Ghost
|move|p2a: Great Tusk|Close Combat|p1a: The Rock
|-immune|p1a: The Rock
|move|p1a: The Rock|Salt Cure|p2a: Great Tusk
|-resisted|p2a: Great Tusk
|-damage|p2a: Great Tusk|98/100
|-start|p2a: Great Tusk|Salt Cure
|
|-damage|p2a: Great Tusk|86/100|[from] Salt Cure
|upkeep
|turn|11
|
|t:|1760804981
|-end|p2a: Great Tusk|Protosynthesis|[silent]
|switch|p2a: Moltres|Moltres, shiny|100/100
|switch|p1a: Bonnie|Cinderace, F|100/100
|
|upkeep
|turn|12
|
|t:|1760804986
|move|p1a: Bonnie|Pyro Ball|p2a: Moltres
|-resisted|p2a: Moltres
|-damage|p2a: Moltres|68/100
|move|p2a: Moltres|Agility|p2a: Moltres
|-boost|p2a: Moltres|spe|2
|
|upkeep
|turn|13
|
|t:|1760804992
|move|p2a: Moltres|Hurricane|p1a: Bonnie|[miss]
|-miss|p2a: Moltres|p1a: Bonnie
|move|p1a: Bonnie|Pyro Ball|p2a: Moltres
|-resisted|p2a: Moltres
|-damage|p2a: Moltres|34/100
|
|upkeep
|turn|14
|
|t:|1760804998
|move|p1a: Bonnie|Sucker Punch|p2a: Moltres
|-start|p1a: Bonnie|typechange|Dark|[from] ability: Libero
|-damage|p2a: Moltres|0 fnt
|-status|p1a: Bonnie|brn|[from] ability: Flame Body|[of] p2a: Moltres
|faint|p2a: Moltres
|
|-damage|p1a: Bonnie|95/100 brn|[from] brn
|upkeep
|
|t:|1760805003
|switch|p2a: Iron Valiant|Iron Valiant|100/100
|-enditem|p2a: Iron Valiant|Booster Energy
|-activate|p2a: Iron Valiant|ability: Quark Drive|[fromitem]
|-start|p2a: Iron Valiant|quarkdrivespe
|turn|15
|
|t:|1760805012
|switch|p1a: Chase Young|Inteleon, M|36/100
|move|p2a: Iron Valiant|Moonblast|p1a: Chase Young
|-damage|p1a: Chase Young|0 fnt
|faint|p1a: Chase Young
|
|upkeep
|
|t:|1760805021
|switch|p1a: Itachi|Corviknight, M|76/100
|-ability|p1a: Itachi|Pressure
|turn|16
|
|t:|1760805031
|-terastallize|p2a: Iron Valiant|Ghost
|move|p2a: Iron Valiant|Calm Mind|p2a: Iron Valiant
|-boost|p2a: Iron Valiant|spa|1
|-boost|p2a: Iron Valiant|spd|1
|move|p1a: Itachi|Iron Defense|p1a: Itachi
|-boost|p1a: Itachi|def|2
|
|upkeep
|turn|17
|
|t:|1760805038
|move|p2a: Iron Valiant|Shadow Ball|p1a: Itachi
|-damage|p1a: Itachi|37/100
|move|p1a: Itachi|Brave Bird|p2a: Iron Valiant
|-damage|p2a: Iron Valiant|52/100
|-damage|p1a: Itachi|26/100|[from] Recoil
|
|upkeep
|turn|18
|
|t:|1760805047
|move|p2a: Iron Valiant|Shadow Ball|p1a: Itachi
|-damage|p1a: Itachi|0 fnt
|faint|p1a: Itachi
|
|upkeep
|
|t:|1760805054
|switch|p1a: The Rock|Garganacl, M, tera:Ghost|100/100
|turn|19
|
|t:|1760805057
|move|p2a: Iron Valiant|Substitute|p2a: Iron Valiant
|-start|p2a: Iron Valiant|Substitute
|-damage|p2a: Iron Valiant|27/100
|move|p1a: The Rock|Salt Cure|p2a: Iron Valiant
|-activate|p2a: Iron Valiant|move: Substitute|[damage]
|
|upkeep
|turn|20
|
|t:|1760805063
|move|p2a: Iron Valiant|Moonblast|p1a: The Rock
|-damage|p1a: The Rock|54/100
|move|p1a: The Rock|Salt Cure|p2a: Iron Valiant
|-end|p2a: Iron Valiant|Substitute
|
|-heal|p1a: The Rock|60/100|[from] item: Leftovers
|upkeep
|turn|21
|
|t:|1760805070
|move|p2a: Iron Valiant|Substitute|p2a: Iron Valiant
|-start|p2a: Iron Valiant|Substitute
|-damage|p2a: Iron Valiant|3/100
|move|p1a: The Rock|Salt Cure|p2a: Iron Valiant
|-activate|p2a: Iron Valiant|move: Substitute|[damage]
|
|-heal|p1a: The Rock|67/100|[from] item: Leftovers
|upkeep
|turn|22
|
|t:|1760805078
|move|p1a: The Rock|Protect|p1a: The Rock
|-singleturn|p1a: The Rock|Protect
|move|p2a: Iron Valiant|Moonblast|p1a: The Rock
|-activate|p1a: The Rock|move: Protect
|
|-heal|p1a: The Rock|73/100|[from] item: Leftovers
|upkeep
|turn|23
|
|t:|1760805085
|move|p2a: Iron Valiant|Moonblast|p1a: The Rock
|-damage|p1a: The Rock|29/100
|-unboost|p1a: The Rock|spa|1
|move|p1a: The Rock|Salt Cure|p2a: Iron Valiant
|-end|p2a: Iron Valiant|Substitute
|
|-heal|p1a: The Rock|36/100|[from] item: Leftovers
|upkeep
|turn|24
|
|t:|1760805093
|move|p2a: Iron Valiant|Moonblast|p1a: The Rock
|-damage|p1a: The Rock|0 fnt
|faint|p1a: The Rock
|
|upkeep
|
|t:|1760805098
|switch|p1a: Bonnie|Cinderace, F|95/100 brn
|turn|25
|
|t:|1760805102
|move|p1a: Bonnie|Sucker Punch||[still]
|-fail|p1a: Bonnie
|move|p2a: Iron Valiant|Calm Mind|p2a: Iron Valiant
|-boost|p2a: Iron Valiant|spa|1
|-boost|p2a: Iron Valiant|spd|1
|
|-damage|p1a: Bonnie|89/100 brn|[from] brn
|upkeep
|turn|26
|
|t:|1760805109
|move|p2a: Iron Valiant|Moonblast|p1a: Bonnie
|-resisted|p1a: Bonnie
|-damage|p1a: Bonnie|17/100 brn
|-unboost|p1a: Bonnie|spa|1
|move|p1a: Bonnie|Pyro Ball|p2a: Iron Valiant
|-damage|p2a: Iron Valiant|0 fnt
|faint|p2a: Iron Valiant
|-end|p2a: Iron Valiant|Quark Drive|[silent]
|
|-damage|p1a: Bonnie|11/100 brn|[from] brn
|upkeep
|
|t:|1760805111
|switch|p2a: Great Tusk|Great Tusk|86/100
|turn|27
|
|t:|1760805120
|move|p1a: Bonnie|High Jump Kick|p2a: Great Tusk
|-start|p1a: Bonnie|typechange|Fighting|[from] ability: Libero
|-damage|p2a: Great Tusk|65/100
|move|p2a: Great Tusk|Rapid Spin|p1a: Bonnie
|-damage|p1a: Bonnie|0 fnt
|-boost|p2a: Great Tusk|spe|1
|faint|p1a: Bonnie
|
|upkeep
|
|t:|1760805129
|switch|p1a: Katnappe|Meowscarada, F|100/100
|turn|28
|
|t:|1760805132
|move|p2a: Great Tusk|Close Combat|p1a: Katnappe
|-supereffective|p1a: Katnappe
|-damage|p1a: Katnappe|0 fnt
|-unboost|p2a: Great Tusk|def|1
|-unboost|p2a: Great Tusk|spd|1
|faint|p1a: Katnappe
|
|win|DrainGangBuilds
|raw|Hexylo's rating: 1216 &rarr; <strong>1194</strong><br />(-22 for losing)
|raw|DrainGangBuilds's rating: 1258 &rarr; <strong>1280</strong><br />(+22 for winning)
|l|☆Hexylo
|player|p1|
