|j|☆kshuaib734
|j|☆TrentMercer
|t:|1760805933
|gametype|singles
|player|p1|kshuaib734|steven|1847
|player|p2|TrentMercer|n|1670
|gen|9
|tier|[Gen 9] OU
|rated|
|rule|HP Percentage Mod: HP is shown in percentages
|rule|Endless Battle Clause: Forcing endless battles is banned
|rule|Species Clause: Limit one of each Pokémon
|rule|OHKO Clause: OHKO moves are banned
|rule|Evasion Items Clause: Evasion items are banned
|rule|Evasion Moves Clause: Evasion moves are banned
|rule|Evasion Abilities Clause: Evasion abilities are banned
|rule|Sleep Moves Clause: Sleep-inducing moves are banned
|clearpoke
|poke|p1|Tyranitar, M|
|poke|p1|Overqwil, F|
|poke|p1|Pelipper, M|
|poke|p1|Quaquaval, M|
|poke|p1|Kingdra, F|
|poke|p1|Excadrill, M|
|poke|p2|Great Tusk|
|poke|p2|Slowking-Galar, M|
|poke|p2|Zapdos|
|poke|p2|Crawdaunt, M|
|poke|p2|Chandelure, F|
|poke|p2|Scizor, M|
|teampreview
|inactive|Battle timer is ON: inactive players will automatically lose when time's up. (requested by kshuaib734)
|j| GracieVGC
|
|t:|1760805949
|teamsize|p1|6
|teamsize|p2|6
|start
|switch|p1a: King Tyrant|Tyranitar, M|100/100
|switch|p2a: Crawdaunt|Crawdaunt, M|100/100
|-weather|Sandstorm|[from] ability: Sand Stream|[of] p1a: King Tyrant
|turn|1
|
|t:|1760805964
|switch|p1a: Tyrant's Downpour|Pelipper, M|100/100
|-weather|RainDance|[from] ability: Drizzle|[of] p1a: Tyrant's Downpour
|move|p2a: Crawdaunt|Crabhammer|p1a: Tyrant's Downpour
|-resisted|p1a: Tyrant's Downpour
|-damage|p1a: Tyrant's Downpour|44/100
|
|-weather|RainDance|[upkeep]
|upkeep
|turn|2
|
|t:|1760805975
|move|p2a: Crawdaunt|Crabhammer|p1a: Tyrant's Downpour
|-resisted|p1a: Tyrant's Downpour
|-damage|p1a: Tyrant's Downpour|0 fnt
|faint|p1a: Tyrant's Downpour
|
|-weather|RainDance|[upkeep]
|upkeep
|
|t:|1760805985
|switch|p1a: Tyrant's Vengeance|Kingdra, F|100/100
|turn|3
|
|t:|1760805991
|switch|p2a: Slowking|Slowking-Galar, M|100/100
|-terastallize|p1a: Tyrant's Vengeance|Water
|move|p1a: Tyrant's Vengeance|Weather Ball|p2a: Slowking
|-damage|p2a: Slowking|28/100
|
|-weather|RainDance|[upkeep]
|upkeep
|turn|4
|
|t:|1760806012
|switch|p2a: Scizor|Scizor, M|100/100
|move|p1a: Tyrant's Vengeance|Weather Ball|p2a: Scizor
|-damage|p2a: Scizor|0 fnt
|faint|p2a: Scizor
|
|-weather|RainDance|[upkeep]
|upkeep
|
|t:|1760806019
|switch|p2a: Slowking|Slowking-Galar, M|61/100
|turn|5
|
|t:|1760806027
|-terastallize|p2a: Slowking|Water
|move|p1a: Tyrant's Vengeance|Weather Ball|p2a: Slowking
|-resisted|p2a: Slowking
|-damage|p2a: Slowking|29/100
|move|p2a: Slowking|Sludge Bomb|p1a: Tyrant's Vengeance
|-damage|p1a: Tyrant's Vengeance|53/100
|
|-weather|RainDance|[upkeep]
|upkeep
|turn|6
|c|☆kshuaib734|no trick room?
|c|☆TrentMercer|no
|inactive|TrentMercer has 120 seconds left.
|
|t:|1760806058
|switch|p2a: Chandelure|Chandelure, F, shiny|100/100
|move|p1a: Tyrant's Vengeance|Weather Ball|p2a: Chandelure
|-supereffective|p2a: Chandelure
|-crit|p2a: Chandelure
|-damage|p2a: Chandelure|0 fnt
|faint|p2a: Chandelure
|
|-weather|RainDance|[upkeep]
|upkeep
|l| GracieVGC
|inactive|TrentMercer has 120 seconds left.
|
|t:|1760806066
|switch|p2a: Slowking|Slowking-Galar, M, tera:Water|62/100
|turn|7
|
|t:|1760806070
|move|p1a: Tyrant's Vengeance|Weather Ball|p2a: Slowking
|-resisted|p2a: Slowking
|-damage|p2a: Slowking|28/100
|move|p2a: Slowking|Sludge Bomb|p1a: Tyrant's Vengeance
|-damage|p1a: Tyrant's Vengeance|4/100
|
|-weather|RainDance|[upkeep]
|upkeep
|turn|8
|
|t:|1760806078
|move|p1a: Tyrant's Vengeance|Weather Ball|p2a: Slowking
|-resisted|p2a: Slowking
|-damage|p2a: Slowking|0 fnt
|faint|p2a: Slowking
|
|-weather|none
|upkeep
|
|t:|1760806086
|switch|p2a: Great Tusk|Great Tusk|100/100
|-enditem|p2a: Great Tusk|Booster Energy
|-activate|p2a: Great Tusk|ability: Protosynthesis|[fromitem]
|-start|p2a: Great Tusk|protosynthesisatk
|turn|9
|
|t:|1760806101
|switch|p1a: Tyrant's Enforcer|Overqwil, F|100/100
|move|p2a: Great Tusk|Rapid Spin|p1a: Tyrant's Enforcer
|-damage|p1a: Tyrant's Enforcer|79/100
|-boost|p2a: Great Tusk|spe|1
|-damage|p2a: Great Tusk|84/100|[from] item: Rocky Helmet|[of] p1a: Tyrant's Enforcer
|
|upkeep
|turn|10
|
|t:|1760806109
|move|p2a: Great Tusk|Headlong Rush|p1a: Tyrant's Enforcer
|-supereffective|p1a: Tyrant's Enforcer
|-damage|p1a: Tyrant's Enforcer|0 fnt
|-unboost|p2a: Great Tusk|def|1
|-unboost|p2a: Great Tusk|spd|1
|-damage|p2a: Great Tusk|68/100|[from] item: Rocky Helmet|[of] p1a: Tyrant's Enforcer
|faint|p1a: Tyrant's Enforcer
|
|upkeep
|
|t:|1760806118
|switch|p1a: King Tyrant|Tyranitar, M|100/100
|-weather|Sandstorm|[from] ability: Sand Stream|[of] p1a: King Tyrant
|turn|11
|
|t:|1760806128
|switch|p1a: Tyrant's Vengeance|Kingdra, F, tera:Water|4/100
|move|p2a: Great Tusk|Headlong Rush|p1a: Tyrant's Vengeance
|-damage|p1a: Tyrant's Vengeance|0 fnt
|-unboost|p2a: Great Tusk|def|1
|-unboost|p2a: Great Tusk|spd|1
|faint|p1a: Tyrant's Vengeance
|
|-weather|Sandstorm|[upkeep]
|upkeep
|
|t:|1760806136
|switch|p1a: Tyrant's Legacy|Excadrill, M|100/100
|turn|12
|
|t:|1760806141
|-end|p2a: Great Tusk|Protosynthesis|[silent]
|switch|p2a: Zapdos|Zapdos|100/100
|move|p1a: Tyrant's Legacy|Iron Head|p2a: Zapdos
|-resisted|p2a: Zapdos
|-damage|p2a: Zapdos|79/100
|-status|p1a: Tyrant's Legacy|par|[from] ability: Static|[of] p2a: Zapdos
|-damage|p1a: Tyrant's Legacy|91/100 par|[from] item: Life Orb
|
|-weather|Sandstorm|[upkeep]
|-damage|p2a: Zapdos|73/100|[from] Sandstorm
|upkeep
|turn|13
|
|t:|1760806154
|move|p1a: Tyrant's Legacy|Stealth Rock|p2a: Zapdos
|-sidestart|p2: TrentMercer|move: Stealth Rock
|move|p2a: Zapdos|Hurricane|p1a: Tyrant's Legacy
|-resisted|p1a: Tyrant's Legacy
|-damage|p1a: Tyrant's Legacy|60/100 par
|
|-weather|Sandstorm|[upkeep]
|-damage|p2a: Zapdos|67/100|[from] Sandstorm
|upkeep
|turn|14
|
|t:|1760806161
|switch|p2a: Crawdaunt|Crawdaunt, M|100/100
|-damage|p2a: Crawdaunt|88/100|[from] Stealth Rock
|move|p1a: Tyrant's Legacy|Iron Head|p2a: Crawdaunt
|-resisted|p2a: Crawdaunt
|-damage|p2a: Crawdaunt|46/100
|-damage|p1a: Tyrant's Legacy|50/100 par|[from] item: Life Orb
|
|-weather|Sandstorm|[upkeep]
|-damage|p2a: Crawdaunt|40/100|[from] Sandstorm
|upkeep
|turn|15
|
|t:|1760806171
|move|p2a: Crawdaunt|Aqua Jet|p1a: Tyrant's Legacy
|-supereffective|p1a: Tyrant's Legacy
|-damage|p1a: Tyrant's Legacy|0 fnt
|faint|p1a: Tyrant's Legacy
|
|-weather|none
|upkeep
|
|t:|1760806184
|switch|p1a: Tyrant's Endgame|Quaquaval, M|100/100
|turn|16
|
|t:|1760806194
|switch|p2a: Zapdos|Zapdos|67/100
|move|p1a: Tyrant's Endgame|Wave Crash|p2a: Zapdos
|-damage|p2a: Zapdos|12/100
|-damage|p1a: Tyrant's Endgame|78/100|[from] Recoil
|
|upkeep
|turn|17
|
|t:|1760806202
|move|p1a: Tyrant's Endgame|Aqua Jet|p2a: Zapdos
|-damage|p2a: Zapdos|0 fnt
|faint|p2a: Zapdos
|-ability|p1a: Tyrant's Endgame|Moxie|boost
|-boost|p1a: Tyrant's Endgame|atk|1
|
|upkeep
|
|t:|1760806210
|switch|p2a: Crawdaunt|Crawdaunt, M|40/100
|-damage|p2a: Crawdaunt|27/100|[from] Stealth Rock
|turn|18
|
|t:|1760806219
|move|p2a: Crawdaunt|Aqua Jet|p1a: Tyrant's Endgame
|-resisted|p1a: Tyrant's Endgame
|-damage|p1a: Tyrant's Endgame|52/100
|move|p1a: Tyrant's Endgame|Aqua Step|p2a: Crawdaunt
|-resisted|p2a: Crawdaunt
|-damage|p2a: Crawdaunt|0 fnt
|-boost|p1a: Tyrant's Endgame|spe|1
|faint|p2a: Crawdaunt
|-ability|p1a: Tyrant's Endgame|Moxie|boost
|-boost|p1a: Tyrant's Endgame|atk|1
|
|upkeep
|
|t:|1760806223
|switch|p2a: Great Tusk|Great Tusk|68/100
|-damage|p2a: Great Tusk|65/100|[from] Stealth Rock
|turn|19
|
|t:|1760806230
|move|p1a: Tyrant's Endgame|Wave Crash|p2a: Great Tusk
|-supereffective|p2a: Great Tusk
|-damage|p2a: Great Tusk|0 fnt
|faint|p2a: Great Tusk
|-end|p2a: Great Tusk|Protosynthesis|[silent]
|-damage|p1a: Tyrant's Endgame|26/100|[from] Recoil
|
|win|kshuaib734
|raw|kshuaib734's rating: 1847 &rarr; <strong>1858</strong><br />(+11 for winning)
|raw|TrentMercer's rating: 1670 &rarr; <strong>1659</strong><br />(-11 for losing)
|l|☆TrentMercer
|player|p2|
|l|☆kshuaib734
|player|p1|
