|j|☆hsp20040923
|j|☆Justiroo
|t:|1760851980
|gametype|singles
|player|p1|hsp20040923|pokemonbreeder|1094
|player|p2|Justiroo|102|1081
|gen|9
|tier|[Gen 9] OU
|rated|
|rule|HP Percentage Mod: HP is shown in percentages
|rule|Endless Battle Clause: Forcing endless battles is banned
|rule|Species Clause: Limit one of each Pokémon
|rule|OHKO Clause: OHKO moves are banned
|rule|Evasion Items Clause: Evasion items are banned
|rule|Evasion Moves Clause: Evasion moves are banned
|rule|Evasion Abilities Clause: Evasion abilities are banned
|rule|Sleep Moves Clause: Sleep-inducing moves are banned
|clearpoke
|poke|p1|Ting-Lu|
|poke|p1|Heatran, F|
|poke|p1|Enamorus, F|
|poke|p1|Ceruledge, M|
|poke|p1|Great Tusk|
|poke|p1|Raging Bolt|
|poke|p2|Corviknight, F|
|poke|p2|Gliscor, F|
|poke|p2|Hydreigon, F|
|poke|p2|Iron Moth|
|poke|p2|Milotic, M|
|poke|p2|Glimmora, M|
|teampreview
|
|t:|1760851999
|teamsize|p1|6
|teamsize|p2|6
|start
|switch|p1a: Ting-Lu|Ting-Lu|100/100
|switch|p2a: Iron Moth|Iron Moth|100/100
|-ability|p1a: Ting-Lu|Vessel of Ruin
|-enditem|p2a: Iron Moth|Booster Energy
|-activate|p2a: Iron Moth|ability: Quark Drive|[fromitem]
|-start|p2a: Iron Moth|quarkdrivespa
|turn|1
|
|t:|1760852012
|move|p2a: Iron Moth|Energy Ball|p1a: Ting-Lu
|-supereffective|p1a: Ting-Lu
|-damage|p1a: Ting-Lu|62/100
|move|p1a: Ting-Lu|Stealth Rock|p2a: Iron Moth
|-sidestart|p2: Justiroo|move: Stealth Rock
|
|-heal|p1a: Ting-Lu|68/100|[from] item: Leftovers
|upkeep
|turn|2
|
|t:|1760852022
|switch|p1a: Heatran|Heatran, F|100/100
|move|p2a: Iron Moth|Fiery Dance|p1a: Heatran
|-start|p1a: Heatran|ability: Flash Fire
|
|upkeep
|turn|3
|
|t:|1760852033
|-end|p2a: Iron Moth|Quark Drive|[silent]
|switch|p2a: Milotic|Milotic, M|100/100
|-damage|p2a: Milotic|88/100|[from] Stealth Rock
|move|p1a: Heatran|Earth Power|p2a: Milotic
|-damage|p2a: Milotic|67/100
|
|-status|p2a: Milotic|brn|[from] item: Flame Orb
|upkeep
|turn|4
|
|t:|1760852052
|-end|p1a: Heatran|ability: Flash Fire|[silent]
|switch|p1a: Raging Bolt|Raging Bolt|100/100
|move|p2a: Milotic|Recover|p2a: Milotic
|-heal|p2a: Milotic|100/100 brn
|
|-damage|p2a: Milotic|94/100 brn|[from] brn
|upkeep
|turn|5
|
|t:|1760852064
|switch|p2a: Gliscor|Gliscor, F, shiny|100/100
|-damage|p2a: Gliscor|88/100|[from] Stealth Rock
|move|p1a: Raging Bolt|Draco Meteor|p2a: Gliscor
|-damage|p2a: Gliscor|0 fnt
|-unboost|p1a: Raging Bolt|spa|2
|faint|p2a: Gliscor
|
|upkeep
|
|t:|1760852087
|switch|p2a: Iron Moth|Iron Moth|100/100
|-damage|p2a: Iron Moth|76/100|[from] Stealth Rock
|turn|6
|
|t:|1760852093
|-end|p1a: Raging Bolt|Protosynthesis|[silent]
|switch|p1a: Ting-Lu|Ting-Lu|68/100
|-ability|p1a: Ting-Lu|Vessel of Ruin
|move|p2a: Iron Moth|Sludge Wave|p1a: Ting-Lu
|-resisted|p1a: Ting-Lu
|-damage|p1a: Ting-Lu|58/100
|
|-heal|p1a: Ting-Lu|64/100|[from] item: Leftovers
|upkeep
|turn|7
|
|t:|1760852106
|switch|p1a: Heatran|Heatran, F|100/100
|move|p2a: Iron Moth|Energy Ball|p1a: Heatran
|-resisted|p1a: Heatran
|-damage|p1a: Heatran|96/100
|
|upkeep
|turn|8
|
|t:|1760852116
|-terastallize|p2a: Iron Moth|Ground
|move|p2a: Iron Moth|Tera Blast|p1a: Heatran|[anim] Tera Blast Ground
|-supereffective|p1a: Heatran
|-damage|p1a: Heatran|3/100
|move|p1a: Heatran|Earth Power|p2a: Iron Moth
|-damage|p2a: Iron Moth|45/100
|-unboost|p2a: Iron Moth|spd|1
|
|upkeep
|turn|9
|
|t:|1760852128
|switch|p1a: Ting-Lu|Ting-Lu|64/100
|-ability|p1a: Ting-Lu|Vessel of Ruin
|move|p2a: Iron Moth|Tera Blast|p1a: Ting-Lu|[anim] Tera Blast Ground
|-damage|p1a: Ting-Lu|44/100
|
|-heal|p1a: Ting-Lu|50/100|[from] item: Leftovers
|upkeep
|turn|10
|
|t:|1760852145
|move|p2a: Iron Moth|Fiery Dance|p1a: Ting-Lu
|-damage|p1a: Ting-Lu|32/100
|move|p1a: Ting-Lu|Spikes|p2a: Iron Moth
|-sidestart|p2: Justiroo|Spikes
|
|-heal|p1a: Ting-Lu|38/100|[from] item: Leftovers
|upkeep
|turn|11
|
|t:|1760852151
|move|p2a: Iron Moth|Energy Ball|p1a: Ting-Lu
|-supereffective|p1a: Ting-Lu
|-damage|p1a: Ting-Lu|11/100
|move|p1a: Ting-Lu|Spikes|p2a: Iron Moth
|-sidestart|p2: Justiroo|Spikes
|
|-heal|p1a: Ting-Lu|18/100|[from] item: Leftovers
|upkeep
|turn|12
|
|t:|1760852169
|move|p2a: Iron Moth|Fiery Dance|p1a: Ting-Lu
|-damage|p1a: Ting-Lu|0 fnt
|-boost|p2a: Iron Moth|spa|1
|faint|p1a: Ting-Lu
|
|upkeep
|
|t:|1760852173
|switch|p1a: Enamorus|Enamorus, F|100/100
|turn|13
|
|t:|1760852189
|move|p2a: Iron Moth|Sludge Wave|p1a: Enamorus
|-supereffective|p1a: Enamorus
|-damage|p1a: Enamorus|0 fnt
|faint|p1a: Enamorus
|
|upkeep
|
|t:|1760852199
|switch|p1a: Ceruledge|Ceruledge, M|100/100
|turn|14
|
|t:|1760852210
|move|p2a: Iron Moth|Tera Blast|p1a: Ceruledge|[anim] Tera Blast Ground
|-supereffective|p1a: Ceruledge
|-enditem|p1a: Ceruledge|Focus Sash
|-damage|p1a: Ceruledge|1/100
|move|p1a: Ceruledge|Bitter Blade|p2a: Iron Moth
|-damage|p2a: Iron Moth|0 fnt
|-heal|p1a: Ceruledge|20/100|[from] drain|[of] p2a: Iron Moth
|faint|p2a: Iron Moth
|-end|p2a: Iron Moth|Quark Drive|[silent]
|
|upkeep
|
|t:|1760852218
|switch|p2a: Milotic|Milotic, M|94/100 brn
|-damage|p2a: Milotic|82/100 brn|[from] Stealth Rock
|-damage|p2a: Milotic|65/100 brn|[from] Spikes
|turn|15
|
|t:|1760852227
|move|p1a: Ceruledge|Destiny Bond|p1a: Ceruledge
|-singlemove|p1a: Ceruledge|Destiny Bond
|move|p2a: Milotic|Alluring Voice|p1a: Ceruledge
|-resisted|p1a: Ceruledge
|-damage|p1a: Ceruledge|11/100
|
|-damage|p2a: Milotic|59/100 brn|[from] brn
|upkeep
|turn|16
|
|t:|1760852239
|move|p1a: Ceruledge|Poltergeist|p2a: Milotic
|-activate|p2a: Milotic|move: Poltergeist|Flame Orb
|-damage|p2a: Milotic|30/100 brn
|move|p2a: Milotic|Recover|p2a: Milotic
|-heal|p2a: Milotic|80/100 brn
|
|-damage|p2a: Milotic|74/100 brn|[from] brn
|upkeep
|turn|17
|
|t:|1760852253
|switch|p2a: Corviknight|Corviknight, F|100/100
|-damage|p2a: Corviknight|88/100|[from] Stealth Rock
|-ability|p2a: Corviknight|Pressure
|move|p1a: Ceruledge|Destiny Bond|p1a: Ceruledge
|-singlemove|p1a: Ceruledge|Destiny Bond
|
|-heal|p2a: Corviknight|94/100|[from] item: Leftovers
|upkeep
|turn|18
|
|t:|1760852263
|-terastallize|p1a: Ceruledge|Fire
|move|p1a: Ceruledge|Bitter Blade|p2a: Corviknight
|-supereffective|p2a: Corviknight
|-damage|p2a: Corviknight|14/100
|-heal|p1a: Ceruledge|58/100|[from] drain|[of] p2a: Corviknight
|move|p2a: Corviknight|Defog|p1a: Ceruledge
|-unboost|p1a: Ceruledge|evasion|1
|-sideend|p2: Justiroo|Spikes|[from] move: Defog|[of] p2a: Corviknight
|-sideend|p2: Justiroo|Stealth Rock|[from] move: Defog|[of] p2a: Corviknight
|
|-heal|p2a: Corviknight|20/100|[from] item: Leftovers
|upkeep
|turn|19
|
|t:|1760852278
|switch|p2a: Milotic|Milotic, M|74/100 brn
|move|p1a: Ceruledge|Bitter Blade|p2a: Milotic
|-resisted|p2a: Milotic
|-crit|p2a: Milotic
|-damage|p2a: Milotic|52/100 brn
|-heal|p1a: Ceruledge|71/100|[from] drain|[of] p2a: Milotic
|
|-damage|p2a: Milotic|45/100 brn|[from] brn
|upkeep
|turn|20
|
|t:|1760852289
|move|p1a: Ceruledge|Poltergeist|p2a: Milotic|[miss]
|-miss|p1a: Ceruledge|p2a: Milotic
|move|p2a: Milotic|Recover|p2a: Milotic
|-heal|p2a: Milotic|95/100 brn
|
|-damage|p2a: Milotic|89/100 brn|[from] brn
|upkeep
|turn|21
|
|t:|1760852302
|move|p1a: Ceruledge|Destiny Bond|p1a: Ceruledge
|-singlemove|p1a: Ceruledge|Destiny Bond
|move|p2a: Milotic|Scald|p1a: Ceruledge
|-supereffective|p1a: Ceruledge
|-damage|p1a: Ceruledge|20/100
|
|-damage|p2a: Milotic|83/100 brn|[from] brn
|upkeep
|turn|22
|
|t:|1760852314
|move|p1a: Ceruledge|Poltergeist|p2a: Milotic|[miss]
|-miss|p1a: Ceruledge|p2a: Milotic
|move|p2a: Milotic|Scald|p1a: Ceruledge
|-supereffective|p1a: Ceruledge
|-damage|p1a: Ceruledge|0 fnt
|faint|p1a: Ceruledge
|
|-damage|p2a: Milotic|77/100 brn|[from] brn
|upkeep
|
|t:|1760852326
|switch|p1a: Raging Bolt|Raging Bolt|100/100
|turn|23
|
|t:|1760852343
|switch|p2a: Corviknight|Corviknight, F|20/100
|-ability|p2a: Corviknight|Pressure
|move|p1a: Raging Bolt|Volt Switch|p2a: Corviknight
|-supereffective|p2a: Corviknight
|-damage|p2a: Corviknight|0 fnt
|faint|p2a: Corviknight
|
|t:|1760852354
|-end|p1a: Raging Bolt|Protosynthesis|[silent]
|switch|p1a: Heatran|Heatran, F|3/100|[from] Volt Switch
|
|upkeep
|
|t:|1760852366
|switch|p2a: Glimmora|Glimmora, M|100/100
|turn|24
|
|t:|1760852381
|move|p2a: Glimmora|Earth Power|p1a: Heatran
|-supereffective|p1a: Heatran
|-damage|p1a: Heatran|0 fnt
|faint|p1a: Heatran
|
|upkeep
|
|t:|1760852386
|switch|p1a: Great Tusk|Great Tusk|100/100
|-enditem|p1a: Great Tusk|Booster Energy
|-activate|p1a: Great Tusk|ability: Protosynthesis|[fromitem]
|-start|p1a: Great Tusk|protosynthesisatk
|turn|25
|
|t:|1760852395
|move|p2a: Glimmora|Toxic|p1a: Great Tusk
|-status|p1a: Great Tusk|tox
|move|p1a: Great Tusk|Rapid Spin|p2a: Glimmora
|-resisted|p2a: Glimmora
|-crit|p2a: Glimmora
|-damage|p2a: Glimmora|80/100
|-boost|p1a: Great Tusk|spe|1
|-activate|p2a: Glimmora|ability: Toxic Debris
|-sidestart|p1: hsp20040923|move: Toxic Spikes
|-sideend|p1: hsp20040923|Toxic Spikes|[from] move: Rapid Spin|[of] p1a: Great Tusk
|
|-damage|p1a: Great Tusk|94/100 tox|[from] psn
|upkeep
|turn|26
|
|t:|1760852410
|move|p1a: Great Tusk|Earthquake|p2a: Glimmora
|-supereffective|p2a: Glimmora
|-damage|p2a: Glimmora|0 fnt
|-activate|p2a: Glimmora|ability: Toxic Debris
|-sidestart|p1: hsp20040923|move: Toxic Spikes
|faint|p2a: Glimmora
|
|-damage|p1a: Great Tusk|82/100 tox|[from] psn
|upkeep
|
|t:|1760852416
|switch|p2a: Milotic|Milotic, M|77/100 brn
|turn|27
|
|t:|1760852420
|move|p1a: Great Tusk|Close Combat|p2a: Milotic
|-damage|p2a: Milotic|37/100 brn
|-unboost|p1a: Great Tusk|def|1
|-unboost|p1a: Great Tusk|spd|1
|move|p2a: Milotic|Alluring Voice|p1a: Great Tusk
|-supereffective|p1a: Great Tusk
|-damage|p1a: Great Tusk|7/100 tox
|
|-damage|p1a: Great Tusk|0 fnt|[from] psn
|faint|p1a: Great Tusk
|-end|p1a: Great Tusk|Protosynthesis|[silent]
|-damage|p2a: Milotic|31/100 brn|[from] brn
|upkeep
|
|t:|1760852426
|switch|p1a: Raging Bolt|Raging Bolt|100/100
|-status|p1a: Raging Bolt|psn
|turn|28
|
|t:|1760852430
|move|p1a: Raging Bolt|Draco Meteor|p2a: Milotic
|-damage|p2a: Milotic|0 fnt
|-unboost|p1a: Raging Bolt|spa|2
|faint|p2a: Milotic
|
|-damage|p1a: Raging Bolt|88/100 psn|[from] psn
|upkeep
|
|t:|1760852434
|switch|p2a: Hydreigon|Hydreigon, F|100/100
|turn|29
|
|t:|1760852439
|move|p2a: Hydreigon|Draco Meteor|p1a: Raging Bolt
|-supereffective|p1a: Raging Bolt
|-damage|p1a: Raging Bolt|0 fnt
|-unboost|p2a: Hydreigon|spa|2
|faint|p1a: Raging Bolt
|-end|p1a: Raging Bolt|Protosynthesis|[silent]
|
|win|Justiroo
|raw|hsp20040923's rating: 1094 &rarr; <strong>1069</strong><br />(-25 for losing)
|raw|Justiroo's rating: 1081 &rarr; <strong>1110</strong><br />(+29 for winning)
|l|☆Justiroo
|player|p2|
