|j|☆hdhdgshdg
|j|☆Vastcheetah03
|t:|1760858527
|gametype|singles
|player|p1|hdhdgshdg|lucas|1099
|player|p2|Vastcheetah03|lance|1156
|gen|9
|tier|[Gen 9] OU
|rated|
|rule|HP Percentage Mod: HP is shown in percentages
|rule|Endless Battle Clause: Forcing endless battles is banned
|rule|Species Clause: Limit one of each Pokémon
|rule|OHKO Clause: OHKO moves are banned
|rule|Evasion Items Clause: Evasion items are banned
|rule|Evasion Moves Clause: Evasion moves are banned
|rule|Evasion Abilities Clause: Evasion abilities are banned
|rule|Sleep Moves Clause: Sleep-inducing moves are banned
|clearpoke
|poke|p1|Kingambit, F|
|poke|p1|Samurott-Hisui, M|
|poke|p1|Lokix, M|
|poke|p1|Weavile, M|
|poke|p1|Krookodile, M|
|poke|p1|Iron Jugulis|
|poke|p2|Shaymin|
|poke|p2|Donphan, M|
|poke|p2|Yanmega, M|
|poke|p2|Milotic, M|
|poke|p2|Bastiodon, M|
|poke|p2|Ceruledge, M|
|teampreview
|inactive|Battle timer is ON: inactive players will automatically lose when time's up. (requested by Vastcheetah03)
|
|t:|1760858534
|teamsize|p1|6
|teamsize|p2|6
|start
|switch|p1a: Samurott|Samurott-Hisui, M|100/100
|switch|p2a: Bastiodon|Bastiodon, M, shiny|100/100
|turn|1
|
|t:|1760858543
|move|p1a: Samurott|Ceaseless Edge|p2a: Bastiodon
|-damage|p2a: Bastiodon|70/100
|-sidestart|p2: Vastcheetah03|Spikes
|move|p2a: Bastiodon|Body Press|p1a: Samurott
|-supereffective|p1a: Samurott
|-damage|p1a: Samurott|25/100
|
|-heal|p2a: Bastiodon|76/100|[from] item: Leftovers
|upkeep
|turn|2
|
|t:|1760858553
|move|p1a: Samurott|Ceaseless Edge|p2a: Bastiodon
|-damage|p2a: Bastiodon|46/100
|-sidestart|p2: Vastcheetah03|Spikes
|move|p2a: Bastiodon|Body Press|p1a: Samurott
|-supereffective|p1a: Samurott
|-damage|p1a: Samurott|0 fnt
|faint|p1a: Samurott
|
|-heal|p2a: Bastiodon|52/100|[from] item: Leftovers
|upkeep
|
|t:|1760858559
|switch|p1a: Krookodile|Krookodile, M|100/100
|turn|3
|
|t:|1760858571
|-terastallize|p1a: Krookodile|Dragon
|move|p1a: Krookodile|Scale Shot|p2a: Bastiodon
|-resisted|p2a: Bastiodon
|-damage|p2a: Bastiodon|47/100
|-resisted|p2a: Bastiodon
|-damage|p2a: Bastiodon|42/100
|-resisted|p2a: Bastiodon
|-damage|p2a: Bastiodon|38/100
|-resisted|p2a: Bastiodon
|-damage|p2a: Bastiodon|33/100
|-hitcount|p2a: Bastiodon|4
|-unboost|p1a: Krookodile|def|1
|-boost|p1a: Krookodile|spe|1
|move|p2a: Bastiodon|Stealth Rock|p1a: Krookodile
|-sidestart|p1: hdhdgshdg|move: Stealth Rock
|
|-heal|p2a: Bastiodon|39/100|[from] item: Leftovers
|upkeep
|turn|4
|
|t:|1760858588
|move|p1a: Krookodile|Earthquake|p2a: Bastiodon
|-supereffective|p2a: Bastiodon
|-damage|p2a: Bastiodon|0 fnt
|faint|p2a: Bastiodon
|-ability|p1a: Krookodile|Moxie|boost
|-boost|p1a: Krookodile|atk|1
|
|upkeep
|
|t:|1760858604
|switch|p2a: Shaymin|Shaymin|100/100
|-damage|p2a: Shaymin|84/100|[from] Spikes
|turn|5
|
|t:|1760858609
|move|p2a: Shaymin|Seed Flare|p1a: Krookodile
|-resisted|p1a: Krookodile
|-damage|p1a: Krookodile|68/100
|move|p1a: Krookodile|Scale Shot|p2a: Shaymin
|-damage|p2a: Shaymin|62/100
|-damage|p2a: Shaymin|42/100
|-damage|p2a: Shaymin|24/100
|-damage|p2a: Shaymin|5/100
|-damage|p2a: Shaymin|0 fnt
|faint|p2a: Shaymin
|-ability|p1a: Krookodile|Moxie|boost
|-boost|p1a: Krookodile|atk|1
|-hitcount|p2: Shaymin|5
|-unboost|p1a: Krookodile|def|1
|-boost|p1a: Krookodile|spe|1
|
|upkeep
|
|t:|1760858625
|switch|p2a: Donphan|Donphan, M, shiny|100/100
|-damage|p2a: Donphan|84/100|[from] Spikes
|turn|6
|
|t:|1760858630
|move|p1a: Krookodile|Scale Shot|p2a: Donphan
|-damage|p2a: Donphan|62/100
|-damage|p2a: Donphan|43/100
|-damage|p2a: Donphan|23/100
|-damage|p2a: Donphan|3/100
|-crit|p2a: Donphan
|-damage|p2a: Donphan|0 fnt
|faint|p2a: Donphan
|-ability|p1a: Krookodile|Moxie|boost
|-boost|p1a: Krookodile|atk|1
|-hitcount|p2: Donphan|5
|-unboost|p1a: Krookodile|def|1
|-boost|p1a: Krookodile|spe|1
|
|upkeep
|
|t:|1760858643
|switch|p2a: Milotic|Milotic, M, shiny|100/100
|-damage|p2a: Milotic|84/100|[from] Spikes
|turn|7
|
|t:|1760858648
|-terastallize|p2a: Milotic|Fairy
|move|p1a: Krookodile|Scale Shot|p2a: Milotic
|-immune|p2a: Milotic
|move|p2a: Milotic|Recover|p2a: Milotic
|-heal|p2a: Milotic|100/100
|
|-status|p2a: Milotic|brn|[from] item: Flame Orb
|upkeep
|turn|8
|
|t:|1760858658
|move|p1a: Krookodile|Earthquake|p2a: Milotic
|-damage|p2a: Milotic|10/100 brn
|move|p2a: Milotic|Ice Beam|p1a: Krookodile
|-supereffective|p1a: Krookodile
|-damage|p1a: Krookodile|0 fnt
|faint|p1a: Krookodile
|
|-damage|p2a: Milotic|4/100 brn|[from] brn
|upkeep
|
|t:|1760858667
|switch|p1a: Lokix|Lokix, M|100/100
|-damage|p1a: Lokix|76/100|[from] Stealth Rock
|turn|9
|
|t:|1760858672
|move|p1a: Lokix|First Impression|p2a: Milotic
|-resisted|p2a: Milotic
|-damage|p2a: Milotic|0 fnt
|faint|p2a: Milotic
|
|upkeep
|
|t:|1760858678
|switch|p2a: Yanmega|Yanmega, M, shiny|100/100
|turn|10
|
|t:|1760858685
|move|p1a: Lokix|Sucker Punch|p2a: Yanmega
|-damage|p2a: Yanmega|58/100
|move|p2a: Yanmega|Bug Buzz|p1a: Lokix
|-supereffective|p1a: Lokix
|-damage|p1a: Lokix|0 fnt
|faint|p1a: Lokix
|-enditem|p2a: Yanmega|Throat Spray
|-boost|p2a: Yanmega|spa|1|[from] item: Throat Spray
|
|-ability|p2a: Yanmega|Speed Boost|boost
|-boost|p2a: Yanmega|spe|1
|upkeep
|
|t:|1760858701
|switch|p1a: Kingambit|Kingambit, F|100/100
|-damage|p1a: Kingambit|94/100|[from] Stealth Rock
|-activate|p1a: Kingambit|ability: Supreme Overlord
|-start|p1a: Kingambit|fallen3|[silent]
|turn|11
|
|t:|1760858707
|move|p2a: Yanmega|Protect|p2a: Yanmega
|-singleturn|p2a: Yanmega|Protect
|move|p1a: Kingambit|Sucker Punch||[still]
|-fail|p1a: Kingambit
|
|-heal|p1a: Kingambit|100/100|[from] item: Leftovers
|-ability|p2a: Yanmega|Speed Boost|boost
|-boost|p2a: Yanmega|spe|1
|upkeep
|turn|12
|
|t:|1760858718
|move|p2a: Yanmega|Bug Buzz|p1a: Kingambit
|-damage|p1a: Kingambit|31/100
|move|p1a: Kingambit|Kowtow Cleave|p2a: Yanmega
|-damage|p2a: Yanmega|0 fnt
|faint|p2a: Yanmega
|
|-heal|p1a: Kingambit|37/100|[from] item: Leftovers
|upkeep
|
|t:|1760858728
|switch|p2a: Ceruledge|Ceruledge, M, shiny|100/100
|-damage|p2a: Ceruledge|84/100|[from] Spikes
|turn|13
|
|t:|1760858733
|move|p1a: Kingambit|Sucker Punch||[still]
|-fail|p1a: Kingambit
|move|p2a: Ceruledge|Swords Dance|p2a: Ceruledge
|-boost|p2a: Ceruledge|atk|2
|
|-heal|p1a: Kingambit|43/100|[from] item: Leftovers
|upkeep
|turn|14
|
|t:|1760858741
|move|p2a: Ceruledge|Shadow Sneak|p1a: Kingambit
|-resisted|p1a: Kingambit
|-damage|p1a: Kingambit|29/100
|move|p1a: Kingambit|Sucker Punch||[still]
|-fail|p1a: Kingambit
|
|-heal|p1a: Kingambit|35/100|[from] item: Leftovers
|upkeep
|turn|15
|
|t:|1760858749
|move|p2a: Ceruledge|Bitter Blade|p1a: Kingambit
|-supereffective|p1a: Kingambit
|-damage|p1a: Kingambit|0 fnt
|-heal|p2a: Ceruledge|100/100|[from] drain|[of] p1a: Kingambit
|faint|p1a: Kingambit
|-end|p1a: Kingambit|fallen3|[silent]
|
|upkeep
|
|t:|1760858761
|switch|p1a: Iron Jugulis|Iron Jugulis|100/100
|-damage|p1a: Iron Jugulis|76/100|[from] Stealth Rock
|turn|16
|
|t:|1760858772
|move|p1a: Iron Jugulis|Air Slash|p2a: Ceruledge
|-damage|p2a: Ceruledge|37/100
|cant|p2a: Ceruledge|flinch
|
|upkeep
|turn|17
|
|t:|1760858777
|move|p1a: Iron Jugulis|Air Slash|p2a: Ceruledge
|-damage|p2a: Ceruledge|0 fnt
|faint|p2a: Ceruledge
|
|win|hdhdgshdg
|raw|hdhdgshdg's rating: 1099 &rarr; <strong>1128</strong><br />(+29 for winning)
|raw|Vastcheetah03's rating: 1156 &rarr; <strong>1127</strong><br />(-29 for losing)
|l|☆hdhdgshdg
|player|p1|
|l|☆Vastcheetah03
|player|p2|
