|j|☆Askeladd793
|j|☆Tao Shinhan_87
|t:|1760846971
|gametype|singles
|player|p1|Askeladd793|266|1405
|player|p2|Tao Shinhan_87|pokemonranger-gen4|1425
|gen|9
|tier|[Gen 9] OU
|rated|
|rule|HP Percentage Mod: HP is shown in percentages
|rule|Endless Battle Clause: Forcing endless battles is banned
|rule|Species Clause: Limit one of each Pokémon
|rule|OHKO Clause: OHKO moves are banned
|rule|Evasion Items Clause: Evasion items are banned
|rule|Evasion Moves Clause: Evasion moves are banned
|rule|Evasion Abilities Clause: Evasion abilities are banned
|rule|Sleep Moves Clause: Sleep-inducing moves are banned
|clearpoke
|poke|p1|Tyranitar, F|
|poke|p1|Gholdengo|
|poke|p1|Zamazenta-*|
|poke|p1|Rillaboom, M|
|poke|p1|Garchomp, M|
|poke|p1|Zapdos|
|poke|p2|Ursaluna, F|
|poke|p2|Hatterene, F|
|poke|p2|Cresselia, F|
|poke|p2|Enamorus-Therian, F|
|poke|p2|Kingambit, M|
|poke|p2|Iron Hands|
|teampreview
|
|t:|1760846984
|teamsize|p1|6
|teamsize|p2|6
|start
|switch|p1a: Garchomp|Garchomp, M|100/100
|switch|p2a: five nights|Hatterene, F|100/100
|turn|1
|
|t:|1760846991
|move|p1a: Garchomp|Earthquake|p2a: five nights
|-damage|p2a: five nights|56/100
|move|p2a: five nights|Trick Room|p2a: five nights
|-fieldstart|move: Trick Room|[of] p2a: five nights
|
|upkeep
|turn|2
|
|t:|1760846995
|switch|p1a: Gholdengo|Gholdengo|100/100
|-item|p1a: Gholdengo|Air Balloon
|move|p2a: five nights|Dazzling Gleam|p1a: Gholdengo
|-resisted|p1a: Gholdengo
|-damage|p1a: Gholdengo|78/100
|-enditem|p1a: Gholdengo|Air Balloon
|
|upkeep
|turn|3
|
|t:|1760847003
|move|p2a: five nights|Psychic Noise|p1a: Gholdengo
|-resisted|p1a: Gholdengo
|-damage|p1a: Gholdengo|58/100
|-start|p1a: Gholdengo|move: Heal Block
|move|p1a: Gholdengo|Hex|p2a: five nights
|-supereffective|p2a: five nights
|-damage|p2a: five nights|0 fnt
|faint|p2a: five nights
|
|upkeep
|
|t:|1760847010
|switch|p2a: freddy fazbear|Ursaluna, F|100/100
|turn|4
|
|t:|1760847021
|move|p2a: freddy fazbear|Fire Punch|p1a: Gholdengo
|-supereffective|p1a: Gholdengo
|-damage|p1a: Gholdengo|16/100
|move|p1a: Gholdengo|Make It Rain|p2a: freddy fazbear
|-damage|p2a: freddy fazbear|53/100
|-unboost|p1a: Gholdengo|spa|1
|
|-end|p1a: Gholdengo|move: Heal Block
|-status|p2a: freddy fazbear|brn|[from] item: Flame Orb
|upkeep
|turn|5
|
|t:|1760847029
|move|p2a: freddy fazbear|Fire Punch|p1a: Gholdengo
|-supereffective|p1a: Gholdengo
|-damage|p1a: Gholdengo|0 fnt
|faint|p1a: Gholdengo
|
|-damage|p2a: freddy fazbear|47/100 brn|[from] brn
|-fieldend|move: Trick Room
|upkeep
|
|t:|1760847035
|switch|p1a: Zamazenta|Zamazenta|100/100
|-ability|p1a: Zamazenta|Dauntless Shield|boost
|-boost|p1a: Zamazenta|def|1
|turn|6
|
|t:|1760847048
|switch|p2a: Enamorus|Enamorus-Therian, F|100/100
|move|p1a: Zamazenta|Close Combat|p2a: Enamorus
|-resisted|p2a: Enamorus
|-damage|p2a: Enamorus|87/100
|-unboost|p1a: Zamazenta|def|1
|-unboost|p1a: Zamazenta|spd|1
|
|upkeep
|turn|7
|
|t:|1760847059
|move|p1a: Zamazenta|Heavy Slam|p2a: Enamorus
|-supereffective|p2a: Enamorus
|-damage|p2a: Enamorus|26/100
|move|p2a: Enamorus|Moonblast|p1a: Zamazenta
|-supereffective|p1a: Zamazenta
|-damage|p1a: Zamazenta|0 fnt
|faint|p1a: Zamazenta
|
|upkeep
|
|t:|1760847096
|switch|p1a: Zapdos|Zapdos|100/100
|turn|8
|
|t:|1760847112
|move|p1a: Zapdos|Heat Wave|p2a: Enamorus
|-damage|p2a: Enamorus|0 fnt
|faint|p2a: Enamorus
|
|upkeep
|
|t:|1760847114
|switch|p2a: Cresselia|Cresselia, F|100/100
|turn|9
|
|t:|1760847123
|move|p1a: Zapdos|Hurricane|p2a: Cresselia
|-damage|p2a: Cresselia|63/100
|-start|p2a: Cresselia|confusion
|-activate|p2a: Cresselia|confusion
|move|p2a: Cresselia|Trick Room|p2a: Cresselia
|-fieldstart|move: Trick Room|[of] p2a: Cresselia
|
|upkeep
|turn|10
|
|t:|1760847135
|switch|p2a: Iron Hands|Iron Hands|100/100
|-enditem|p2a: Iron Hands|Booster Energy
|-activate|p2a: Iron Hands|ability: Quark Drive|[fromitem]
|-start|p2a: Iron Hands|quarkdriveatk
|move|p1a: Zapdos|Volt Switch|p2a: Iron Hands
|-resisted|p2a: Iron Hands
|-damage|p2a: Iron Hands|87/100
|
|t:|1760847154
|switch|p1a: Garchomp|Garchomp, M|100/100|[from] Volt Switch
|
|upkeep
|turn|11
|
|t:|1760847159
|move|p2a: Iron Hands|Ice Punch|p1a: Garchomp
|-supereffective|p1a: Garchomp
|-damage|p1a: Garchomp|0 fnt
|-damage|p2a: Iron Hands|74/100|[from] ability: Rough Skin|[of] p1a: Garchomp
|-damage|p2a: Iron Hands|58/100|[from] item: Rocky Helmet|[of] p1a: Garchomp
|faint|p1a: Garchomp
|
|upkeep
|
|t:|1760847163
|switch|p1a: Zapdos|Zapdos|100/100
|turn|12
|
|t:|1760847179
|move|p2a: Iron Hands|Ice Punch|p1a: Zapdos
|-supereffective|p1a: Zapdos
|-damage|p1a: Zapdos|13/100
|move|p1a: Zapdos|Hurricane|p2a: Iron Hands|[miss]
|-miss|p1a: Zapdos|p2a: Iron Hands
|
|upkeep
|turn|13
|
|t:|1760847185
|move|p2a: Iron Hands|Ice Punch|p1a: Zapdos
|-supereffective|p1a: Zapdos
|-damage|p1a: Zapdos|0 fnt
|faint|p1a: Zapdos
|
|-fieldend|move: Trick Room
|upkeep
|
|t:|1760847187
|switch|p1a: Rillaboom|Rillaboom, M|100/100
|-fieldstart|move: Grassy Terrain|[from] ability: Grassy Surge|[of] p1a: Rillaboom
|turn|14
|
|t:|1760847192
|-terastallize|p1a: Rillaboom|Grass
|move|p1a: Rillaboom|Wood Hammer|p2a: Iron Hands
|-damage|p2a: Iron Hands|0 fnt
|faint|p2a: Iron Hands
|-end|p2a: Iron Hands|Quark Drive|[silent]
|-damage|p1a: Rillaboom|74/100|[from] Recoil
|
|-heal|p1a: Rillaboom|81/100|[from] Grassy Terrain
|upkeep
|
|t:|1760847196
|switch|p2a: Cresselia|Cresselia, F|63/100
|turn|15
|
|t:|1760847201
|-terastallize|p2a: Cresselia|Poison
|move|p1a: Rillaboom|Wood Hammer|p2a: Cresselia
|-resisted|p2a: Cresselia
|-damage|p2a: Cresselia|35/100
|-damage|p1a: Rillaboom|69/100|[from] Recoil
|move|p2a: Cresselia|Trick Room|p2a: Cresselia
|-fieldstart|move: Trick Room|[of] p2a: Cresselia
|
|-heal|p1a: Rillaboom|75/100|[from] Grassy Terrain
|upkeep
|turn|16
|
|t:|1760847220
|switch|p1a: Tyranitar|Tyranitar, F|100/100
|-weather|Sandstorm|[from] ability: Sand Stream|[of] p1a: Tyranitar
|move|p2a: Cresselia|Lunar Dance|p2a: Cresselia
|faint|p2a: Cresselia
|
|-weather|Sandstorm|[upkeep]
|upkeep
|
|t:|1760847221
|switch|p2a: freddy fazbear|Ursaluna, F|47/100 brn
|-heal|p2a: freddy fazbear|100/100|[from] move: Lunar Dance
|turn|17
|
|t:|1760847228
|move|p2a: freddy fazbear|Swords Dance|p2a: freddy fazbear
|-boost|p2a: freddy fazbear|atk|2
|move|p1a: Tyranitar|Low Kick|p2a: freddy fazbear
|-supereffective|p2a: freddy fazbear
|-damage|p2a: freddy fazbear|45/100
|
|-weather|Sandstorm|[upkeep]
|-heal|p2a: freddy fazbear|51/100|[from] Grassy Terrain
|-status|p2a: freddy fazbear|brn|[from] item: Flame Orb
|upkeep
|turn|18
|
|t:|1760847238
|move|p2a: freddy fazbear|Headlong Rush|p1a: Tyranitar
|-supereffective|p1a: Tyranitar
|-damage|p1a: Tyranitar|0 fnt
|-unboost|p2a: freddy fazbear|def|1
|-unboost|p2a: freddy fazbear|spd|1
|faint|p1a: Tyranitar
|
|-weather|Sandstorm|[upkeep]
|-heal|p2a: freddy fazbear|57/100 brn|[from] Grassy Terrain
|-damage|p2a: freddy fazbear|51/100 brn|[from] brn
|-fieldend|move: Grassy Terrain
|upkeep
|
|t:|1760847241
|switch|p1a: Rillaboom|Rillaboom, M, tera:Grass|75/100
|-fieldstart|move: Grassy Terrain|[from] ability: Grassy Surge|[of] p1a: Rillaboom
|turn|19
|
|t:|1760847252
|move|p1a: Rillaboom|Grassy Glide|p2a: freddy fazbear
|-supereffective|p2a: freddy fazbear
|-damage|p2a: freddy fazbear|0 fnt
|faint|p2a: freddy fazbear
|
|-weather|Sandstorm|[upkeep]
|-damage|p1a: Rillaboom|69/100|[from] Sandstorm
|-heal|p1a: Rillaboom|75/100|[from] Grassy Terrain
|-fieldend|move: Trick Room
|upkeep
|
|t:|1760847254
|switch|p2a: william afton|Kingambit, M|100/100
|-activate|p2a: william afton|ability: Supreme Overlord
|-start|p2a: william afton|fallen5|[silent]
|turn|20
|
|t:|1760847260
|move|p2a: william afton|Sucker Punch|p1a: Rillaboom
|-damage|p1a: Rillaboom|7/100
|move|p1a: Rillaboom|Wood Hammer|p2a: william afton
|-resisted|p2a: william afton
|-damage|p2a: william afton|62/100
|-damage|p1a: Rillaboom|0 fnt|[from] Recoil
|faint|p1a: Rillaboom
|
|win|Tao Shinhan_87
|raw|Askeladd793's rating: 1405 &rarr; <strong>1386</strong><br />(-19 for losing)
|raw|Tao Shinhan_87's rating: 1425 &rarr; <strong>1444</strong><br />(+19 for winning)
|l|☆Askeladd793
|player|p1|
|l|☆Tao Shinhan_87
|player|p2|
