|j|☆waterdrinker48
|j|☆beentheredonepat
|t:|1760795965
|gametype|singles
|player|p1|waterdrinker48|miku-ghost|1162
|player|p2|beentheredonepat|ethan|1172
|gen|9
|tier|[Gen 9] OU
|rated|
|rule|HP Percentage Mod: HP is shown in percentages
|rule|Endless Battle Clause: Forcing endless battles is banned
|rule|Species Clause: Limit one of each Pokémon
|rule|OHKO Clause: OHKO moves are banned
|rule|Evasion Items Clause: Evasion items are banned
|rule|Evasion Moves Clause: Evasion moves are banned
|rule|Evasion Abilities Clause: Evasion abilities are banned
|rule|Sleep Moves Clause: Sleep-inducing moves are banned
|clearpoke
|poke|p1|Hoopa-Unbound|
|poke|p1|Slowking-Galar, M|
|poke|p1|Dragapult, F|
|poke|p1|Great Tusk|
|poke|p1|Clefable, M|
|poke|p1|Zapdos|
|poke|p2|Typhlosion, M|
|poke|p2|Ninetales, M|
|poke|p2|Shiftry, M|
|poke|p2|Ursaluna, F|
|poke|p2|Torkoal, F|
|poke|p2|Hatterene, F|
|teampreview
|inactive|Battle timer is ON: inactive players will automatically lose when time's up. (requested by waterdrinker48)
|inactive|beentheredonepat also wants the timer to be on.
|
|t:|1760795974
|teamsize|p1|6
|teamsize|p2|6
|start
|switch|p1a: Slowking|Slowking-Galar, M|100/100
|switch|p2a: Nymph|Hatterene, F|100/100
|turn|1
|
|t:|1760795980
|move|p1a: Slowking|Future Sight|p2a: Nymph
|-start|p1a: Slowking|move: Future Sight
|move|p2a: Nymph|Trick Room|p2a: Nymph
|-fieldstart|move: Trick Room|[of] p2a: Nymph
|
|upkeep
|turn|2
|
|t:|1760795986
|move|p1a: Slowking|Thunder Wave|p2a: Nymph
|move|p2a: Nymph|Thunder Wave|p1a: Slowking|[from] ability: Magic Bounce
|-status|p1a: Slowking|par
|move|p2a: Nymph|Psybeam|p1a: Slowking
|-damage|p1a: Slowking|81/100 par
|
|upkeep
|turn|3
|
|t:|1760795998
|switch|p2a: Shinobi|Shiftry, M|100/100
|-prepare|p1a: Slowking|Chilly Reception|[premajor]
|move|p1a: Slowking|Chilly Reception|p1a: Slowking
|-weather|Snowscape
|
|t:|1760796004
|switch|p1a: Zapdos|Zapdos|100/100|[from] Chilly Reception
|
|-weather|Snowscape|[upkeep]
|-end|p2a: Shinobi|move: Future Sight
|-immune|p2a: Shinobi
|upkeep
|turn|4
|
|t:|1760796016
|switch|p2a: Nymph|Hatterene, F|100/100
|move|p1a: Zapdos|Hurricane|p2a: Nymph
|-damage|p2a: Nymph|55/100
|-start|p2a: Nymph|confusion
|
|-weather|Snowscape|[upkeep]
|-heal|p2a: Nymph|61/100|[from] item: Leftovers
|upkeep
|turn|5
|
|t:|1760796023
|switch|p1a: Slowking|Slowking-Galar, M|100/100 par
|-activate|p2a: Nymph|confusion
|-damage|p2a: Nymph|52/100|[from] confusion
|
|-weather|Snowscape|[upkeep]
|-heal|p2a: Nymph|59/100|[from] item: Leftovers
|-fieldend|move: Trick Room
|upkeep
|turn|6
|
|t:|1760796031
|-activate|p2a: Nymph|confusion
|move|p2a: Nymph|Healing Wish|p2a: Nymph
|faint|p2a: Nymph
|cant|p1a: Slowking|par
|
|-weather|Snowscape|[upkeep]
|upkeep
|
|t:|1760796037
|switch|p2a: Sol|Torkoal, F|100/100
|-weather|SunnyDay|[from] ability: Drought|[of] p2a: Sol
|turn|7
|
|t:|1760796041
|move|p2a: Sol|Stealth Rock|p1a: Slowking
|-sidestart|p1: waterdrinker48|move: Stealth Rock
|-prepare|p1a: Slowking|Chilly Reception|[premajor]
|move|p1a: Slowking|Chilly Reception|p1a: Slowking
|-weather|Snowscape
|
|t:|1760796049
|switch|p1a: Zapdos|Zapdos|100/100|[from] Chilly Reception
|
|-weather|Snowscape|[upkeep]
|upkeep
|turn|8
|
|t:|1760796060
|switch|p2a: Shinobi|Shiftry, M|100/100
|move|p1a: Zapdos|Discharge|p2a: Shinobi
|-resisted|p2a: Shinobi
|-damage|p2a: Shinobi|74/100
|
|-weather|Snowscape|[upkeep]
|upkeep
|turn|9
|
|t:|1760796066
|move|p2a: Shinobi|Tailwind|p2a: Shinobi
|-sidestart|p2: beentheredonepat|move: Tailwind
|-ability|p2a: Shinobi|Wind Rider|boost
|-boost|p2a: Shinobi|atk|1
|move|p1a: Zapdos|U-turn|p2a: Shinobi
|-supereffective|p2a: Shinobi
|-damage|p2a: Shinobi|0 fnt
|faint|p2a: Shinobi
|
|t:|1760796071
|switch|p1a: Dragapult|Dragapult, F|100/100|[from] U-turn
|-damage|p1a: Dragapult|88/100|[from] Stealth Rock
|
|-weather|Snowscape|[upkeep]
|upkeep
|
|t:|1760796076
|switch|p2a: Tollomot|Ninetales, M|100/100
|-weather|SunnyDay|[from] ability: Drought|[of] p2a: Tollomot
|turn|10
|
|t:|1760796082
|move|p2a: Tollomot|Overheat|p1a: Dragapult
|-resisted|p1a: Dragapult
|-damage|p1a: Dragapult|43/100
|-unboost|p2a: Tollomot|spa|2
|-enditem|p2a: Tollomot|Eject Pack
|
|t:|1760796085
|switch|p2a: Sol|Torkoal, F|100/100
|move|p1a: Dragapult|Draco Meteor|p2a: Sol
|-damage|p2a: Sol|0 fnt
|-unboost|p1a: Dragapult|spa|2
|faint|p2a: Sol
|
|-weather|SunnyDay|[upkeep]
|upkeep
|
|t:|1760796087
|switch|p2a: Charlie|Typhlosion, M|100/100
|turn|11
|
|t:|1760796092
|-terastallize|p2a: Charlie|Fire
|move|p2a: Charlie|Eruption|p1a: Dragapult
|-resisted|p1a: Dragapult
|-damage|p1a: Dragapult|0 fnt
|faint|p1a: Dragapult
|
|-weather|SunnyDay|[upkeep]
|upkeep
|
|t:|1760796104
|switch|p1a: Zapdos|Zapdos|100/100
|turn|12
|
|t:|1760796107
|move|p2a: Charlie|Eruption|p1a: Zapdos
|-damage|p1a: Zapdos|0 fnt
|faint|p1a: Zapdos
|
|-weather|SunnyDay|[upkeep]
|-sideend|p2: beentheredonepat|move: Tailwind
|upkeep
|
|t:|1760796115
|switch|p1a: Slowking|Slowking-Galar, M|100/100 par
|turn|13
|
|t:|1760796120
|move|p2a: Charlie|Eruption|p1a: Slowking
|-damage|p1a: Slowking|6/100 par
|-prepare|p1a: Slowking|Chilly Reception|[premajor]
|cant|p1a: Slowking|par
|
|-weather|SunnyDay|[upkeep]
|upkeep
|turn|14
|
|t:|1760796126
|move|p2a: Charlie|Eruption|p1a: Slowking
|-damage|p1a: Slowking|0 fnt
|faint|p1a: Slowking
|
|-weather|none
|upkeep
|
|t:|1760796128
|switch|p1a: Great Tusk|Great Tusk|100/100
|turn|15
|
|t:|1760796132
|switch|p2a: Tollomot|Ninetales, M|100/100
|-weather|SunnyDay|[from] ability: Drought|[of] p2a: Tollomot
|-activate|p1a: Great Tusk|ability: Protosynthesis
|-start|p1a: Great Tusk|protosynthesisatk
|move|p1a: Great Tusk|Rapid Spin|p2a: Tollomot
|-damage|p2a: Tollomot|75/100
|-boost|p1a: Great Tusk|spe|1
|-sideend|p1: waterdrinker48|Stealth Rock|[from] move: Rapid Spin|[of] p1a: Great Tusk
|
|-weather|SunnyDay|[upkeep]
|upkeep
|turn|16
|
|t:|1760796144
|move|p1a: Great Tusk|Headlong Rush|p2a: Tollomot
|-supereffective|p2a: Tollomot
|-damage|p2a: Tollomot|0 fnt
|-unboost|p1a: Great Tusk|def|1
|-unboost|p1a: Great Tusk|spd|1
|faint|p2a: Tollomot
|
|-weather|SunnyDay|[upkeep]
|upkeep
|
|t:|1760796148
|switch|p2a: Charlie|Typhlosion, M, tera:Fire|100/100
|turn|17
|
|t:|1760796154
|move|p1a: Great Tusk|Headlong Rush|p2a: Charlie
|-supereffective|p2a: Charlie
|-damage|p2a: Charlie|0 fnt
|-unboost|p1a: Great Tusk|def|1
|-unboost|p1a: Great Tusk|spd|1
|faint|p2a: Charlie
|
|-weather|SunnyDay|[upkeep]
|upkeep
|
|t:|1760796156
|switch|p2a: Mama Bear|Ursaluna, F|100/100
|turn|18
|
|t:|1760796158
|move|p1a: Great Tusk|Ice Spinner|p2a: Mama Bear
|-supereffective|p2a: Mama Bear
|-damage|p2a: Mama Bear|42/100
|move|p2a: Mama Bear|Ice Punch|p1a: Great Tusk
|-supereffective|p1a: Great Tusk
|-damage|p1a: Great Tusk|5/100
|
|-weather|SunnyDay|[upkeep]
|-status|p2a: Mama Bear|brn|[from] item: Flame Orb
|upkeep
|turn|19
|
|t:|1760796161
|move|p1a: Great Tusk|Ice Spinner|p2a: Mama Bear
|-supereffective|p2a: Mama Bear
|-damage|p2a: Mama Bear|0 fnt
|faint|p2a: Mama Bear
|
|win|waterdrinker48
|raw|waterdrinker48's rating: 1162 &rarr; <strong>1188</strong><br />(+26 for winning)
|raw|beentheredonepat's rating: 1172 &rarr; <strong>1146</strong><br />(-26 for losing)
|l|☆waterdrinker48
|player|p1|
|l|☆beentheredonepat
|player|p2|
