|j|☆dihellgo
|j|☆KuroNoTamashi
|t:|1760720932
|gametype|singles
|player|p1|dihellgo|1|1368
|player|p2|KuroNoTamashi|101|1319
|gen|9
|tier|[Gen 9] OU
|rated|
|rule|HP Percentage Mod: HP is shown in percentages
|rule|Endless Battle Clause: Forcing endless battles is banned
|rule|Species Clause: Limit one of each Pokémon
|rule|OHKO Clause: OHKO moves are banned
|rule|Evasion Items Clause: Evasion items are banned
|rule|Evasion Moves Clause: Evasion moves are banned
|rule|Evasion Abilities Clause: Evasion abilities are banned
|rule|Sleep Moves Clause: Sleep-inducing moves are banned
|clearpoke
|poke|p1|Scizor, M|
|poke|p1|Dragapult, F|
|poke|p1|Landorus-Therian, M|
|poke|p1|Cinderace, M|
|poke|p1|Iron Moth|
|poke|p1|Rotom-Wash|
|poke|p2|Ursaluna, F|
|poke|p2|Mimikyu, M|
|poke|p2|Hatterene, F|
|poke|p2|Copperajah, M|
|poke|p2|Crawdaunt, M|
|poke|p2|Hoopa|
|teampreview
|
|t:|1760720940
|teamsize|p1|6
|teamsize|p2|6
|start
|switch|p1a: Iron Moth|Iron Moth|100/100
|switch|p2a: Hatterene|Hatterene, F|100/100
|turn|1
|
|t:|1760720948
|move|p1a: Iron Moth|Sludge Wave|p2a: Hatterene
|-supereffective|p2a: Hatterene
|-enditem|p2a: Hatterene|Focus Sash
|-damage|p2a: Hatterene|1/100
|move|p2a: Hatterene|Trick Room|p2a: Hatterene
|-fieldstart|move: Trick Room|[of] p2a: Hatterene
|
|upkeep
|turn|2
|
|t:|1760720964
|-end|p1a: Iron Moth|Quark Drive|[silent]
|switch|p1a: Dragapult|Dragapult, F|100/100
|move|p2a: Hatterene|Future Sight|p1a: Dragapult
|-start|p2a: Hatterene|move: Future Sight
|
|upkeep
|turn|3
|
|t:|1760720973
|switch|p1a: Scizor|Scizor, M|100/100
|move|p2a: Hatterene|Misty Explosion|p1a: Scizor
|-resisted|p1a: Scizor
|-damage|p1a: Scizor|61/100
|faint|p2a: Hatterene
|
|upkeep
|
|t:|1760720977
|switch|p2a: Ursaluna|Ursaluna, F, shiny|100/100
|turn|4
|
|t:|1760720986
|switch|p1a: Landorus|Landorus-Therian, M|100/100
|-ability|p1a: Landorus|Intimidate|boost
|-unboost|p2a: Ursaluna|atk|1
|move|p2a: Ursaluna|Fire Punch|p1a: Landorus
|-damage|p1a: Landorus|78/100
|
|-end|p1a: Landorus|move: Future Sight
|-damage|p1a: Landorus|0 fnt
|faint|p1a: Landorus
|-status|p2a: Ursaluna|brn|[from] item: Flame Orb
|upkeep
|l|☆KuroNoTamashi
|player|p2|
|
|t:|1760721008
|switch|p1a: Rotom|Rotom-Wash|100/100
|turn|5
|j|☆KuroNoTamashi
|player|p2|KuroNoTamashi|101|
|
|t:|1760721017
|switch|p1a: Dragapult|Dragapult, F|100/100
|-terastallize|p2a: Ursaluna|Normal
|move|p2a: Ursaluna|Facade|p1a: Dragapult
|-immune|p1a: Dragapult
|
|-damage|p2a: Ursaluna|94/100 brn|[from] brn
|-fieldend|move: Trick Room
|upkeep
|turn|6
|l|☆KuroNoTamashi
|player|p2|
|
|t:|1760721043
|switch|p2a: Mimikyu|Mimikyu, M|100/100
|move|p1a: Dragapult|U-turn|p2a: Mimikyu
|-activate|p2a: Mimikyu|ability: Disguise
|-damage|p2a: Mimikyu|100/100
|detailschange|p2a: Mimikyu|Mimikyu-Busted, M
|-damage|p2a: Mimikyu|88/100|[from] pokemon: Mimikyu-Busted
|
|t:|1760721053
|switch|p1a: Iron Moth|Iron Moth|100/100|[from] U-turn
|
|upkeep
|turn|7
|inactive|Battle timer is ON: inactive players will automatically lose when time's up. (requested by dihellgo)
|j|☆KuroNoTamashi
|inactive|KuroNoTamashi reconnected and has 150 seconds left.
|player|p2|KuroNoTamashi|101|
|
|t:|1760721083
|move|p1a: Iron Moth|Sludge Wave|p2a: Mimikyu
|-crit|p2a: Mimikyu
|-damage|p2a: Mimikyu|0 fnt
|faint|p2a: Mimikyu
|
|upkeep
|
|t:|1760721091
|switch|p2a: Copperajah|Copperajah, M, shiny|100/100
|turn|8
|
|t:|1760721098
|-end|p1a: Iron Moth|Quark Drive|[silent]
|switch|p1a: Cinderace|Cinderace, M|100/100
|move|p2a: Copperajah|Play Rough|p1a: Cinderace
|-resisted|p1a: Cinderace
|-damage|p1a: Cinderace|58/100
|
|upkeep
|turn|9
|
|t:|1760721111
|move|p1a: Cinderace|Pyro Ball|p2a: Copperajah
|-supereffective|p2a: Copperajah
|-damage|p2a: Copperajah|0 fnt
|faint|p2a: Copperajah
|-damage|p1a: Cinderace|48/100|[from] item: Life Orb
|
|upkeep
|
|t:|1760721115
|switch|p2a: Crawdaunt|Crawdaunt, M|100/100
|turn|10
|
|t:|1760721129
|move|p1a: Cinderace|U-turn|p2a: Crawdaunt
|-start|p1a: Cinderace|typechange|Bug|[from] ability: Libero
|-supereffective|p2a: Crawdaunt
|-damage|p2a: Crawdaunt|0 fnt
|faint|p2a: Crawdaunt
|-damage|p1a: Cinderace|38/100|[from] item: Life Orb
|l|☆KuroNoTamashi
|inactive|KuroNoTamashi disconnected and has a minute to reconnect!
|player|p2|
|j|☆KuroNoTamashi
|inactive|KuroNoTamashi reconnected.
|player|p2|KuroNoTamashi|101|
|inactive|dihellgo has 120 seconds left.
|
|t:|1760721154
|switch|p1a: Dragapult|Dragapult, F|100/100|[from] U-turn
|
|upkeep
|
|t:|1760721156
|switch|p2a: Hoopa|Hoopa|100/100
|turn|11
|
|t:|1760721160
|move|p1a: Dragapult|Shadow Ball|p2a: Hoopa
|-supereffective|p2a: Hoopa
|-enditem|p2a: Hoopa|Focus Sash
|-damage|p2a: Hoopa|1/100
|-unboost|p2a: Hoopa|spd|1
|move|p2a: Hoopa|Trick Room|p2a: Hoopa
|-fieldstart|move: Trick Room|[of] p2a: Hoopa
|
|upkeep
|turn|12
|
|t:|1760721170
|move|p2a: Hoopa|Shadow Ball|p1a: Dragapult
|-supereffective|p1a: Dragapult
|-damage|p1a: Dragapult|0 fnt
|faint|p1a: Dragapult
|-item|p2a: Hoopa|Choice Specs|[from] ability: Magician|[of] p1: Dragapult
|
|upkeep
|
|t:|1760721174
|switch|p1a: Scizor|Scizor, M|61/100
|turn|13
|
|t:|1760721177
|move|p1a: Scizor|Bullet Punch|p2a: Hoopa
|-damage|p2a: Hoopa|0 fnt
|faint|p2a: Hoopa
|-damage|p1a: Scizor|51/100|[from] item: Life Orb
|
|upkeep
|
|t:|1760721178
|switch|p2a: Ursaluna|Ursaluna, F, shiny, tera:Normal|94/100 brn
|turn|14
|
|t:|1760721188
|move|p1a: Scizor|Bullet Punch|p2a: Ursaluna
|-damage|p2a: Ursaluna|60/100 brn
|-damage|p1a: Scizor|41/100|[from] item: Life Orb
|move|p2a: Ursaluna|Facade|p1a: Scizor
|-resisted|p1a: Scizor
|-damage|p1a: Scizor|0 fnt
|faint|p1a: Scizor
|
|-damage|p2a: Ursaluna|54/100 brn|[from] brn
|upkeep
|
|t:|1760721196
|switch|p1a: Rotom|Rotom-Wash|100/100
|turn|15
|
|t:|1760721199
|move|p2a: Ursaluna|Facade|p1a: Rotom
|-damage|p1a: Rotom|0 fnt
|faint|p1a: Rotom
|
|-damage|p2a: Ursaluna|48/100 brn|[from] brn
|-fieldend|move: Trick Room
|upkeep
|
|t:|1760721206
|switch|p1a: Iron Moth|Iron Moth|100/100
|turn|16
|
|t:|1760721208
|move|p1a: Iron Moth|Sludge Wave|p2a: Ursaluna
|-damage|p2a: Ursaluna|0 fnt
|faint|p2a: Ursaluna
|
|win|dihellgo
|raw|dihellgo's rating: 1368 &rarr; <strong>1385</strong><br />(+17 for winning)
|raw|KuroNoTamashi's rating: 1319 &rarr; <strong>1302</strong><br />(-17 for losing)
|l|☆KuroNoTamashi
|player|p2|
|l|☆dihellgo
|player|p1|
