|j|☆hisohisokurione
|j|☆AteTom96
|t:|1760872598
|gametype|singles
|player|p1|hisohisokurione|unknown|1086
|player|p2|AteTom96|lucas|1068
|gen|9
|tier|[Gen 9] OU
|rated|
|rule|HP Percentage Mod: HP is shown in percentages
|rule|Endless Battle Clause: Forcing endless battles is banned
|rule|Species Clause: Limit one of each Pokémon
|rule|OHKO Clause: OHKO moves are banned
|rule|Evasion Items Clause: Evasion items are banned
|rule|Evasion Moves Clause: Evasion moves are banned
|rule|Evasion Abilities Clause: Evasion abilities are banned
|rule|Sleep Moves Clause: Sleep-inducing moves are banned
|clearpoke
|poke|p1|Registeel|
|poke|p1|Glimmora, M|
|poke|p1|Dragonite, F|
|poke|p1|Torkoal, F|
|poke|p1|Mew|
|poke|p1|Dedenne, F|
|poke|p2|Corviknight, M|
|poke|p2|Garchomp, M|
|poke|p2|Mimikyu, F|
|poke|p2|Gastrodon, F|
|poke|p2|Hydreigon, M|
|poke|p2|Glimmora, F|
|teampreview
|
|t:|1760872602
|teamsize|p1|6
|teamsize|p2|6
|start
|switch|p1a: Dedenne|Dedenne, F|100/100
|switch|p2a: Glimmora|Glimmora, F|100/100
|-item|p2a: Glimmora|Air Balloon
|turn|1
|
|t:|1760872610
|move|p1a: Dedenne|Discharge|p2a: Glimmora
|-damage|p2a: Glimmora|63/100
|-enditem|p2a: Glimmora|Air Balloon
|move|p2a: Glimmora|Power Gem|p1a: Dedenne
|-damage|p1a: Dedenne|18/100
|
|upkeep
|turn|2
|
|t:|1760872636
|move|p1a: Dedenne|Volt Switch|p2a: Glimmora
|-damage|p2a: Glimmora|28/100
|
|t:|1760872641
|switch|p1a: Registeel|Registeel|100/100|[from] Volt Switch
|move|p2a: Glimmora|Power Gem|p1a: Registeel
|-resisted|p1a: Registeel
|-damage|p1a: Registeel|90/100
|
|-heal|p1a: Registeel|96/100|[from] item: Leftovers
|upkeep
|turn|3
|
|t:|1760872652
|switch|p2a: Gastrodon|Gastrodon, F|100/100
|move|p1a: Registeel|Iron Defense|p1a: Registeel
|-boost|p1a: Registeel|def|2
|
|-heal|p1a: Registeel|100/100|[from] item: Leftovers
|upkeep
|turn|4
|
|t:|1760872665
|move|p1a: Registeel|Amnesia|p1a: Registeel
|-boost|p1a: Registeel|spd|2
|move|p2a: Gastrodon|Earth Power|p1a: Registeel
|-supereffective|p1a: Registeel
|-crit|p1a: Registeel
|-damage|p1a: Registeel|59/100
|
|-heal|p1a: Registeel|65/100|[from] item: Leftovers
|upkeep
|turn|5
|
|t:|1760872685
|move|p1a: Registeel|Amnesia|p1a: Registeel
|-boost|p1a: Registeel|spd|2
|move|p2a: Gastrodon|Earth Power|p1a: Registeel
|-supereffective|p1a: Registeel
|-damage|p1a: Registeel|55/100
|
|-heal|p1a: Registeel|61/100|[from] item: Leftovers
|upkeep
|turn|6
|
|t:|1760872703
|switch|p2a: Garchomp|Garchomp, M|100/100
|move|p1a: Registeel|Amnesia|p1a: Registeel
|-boost|p1a: Registeel|spd|2
|
|-heal|p1a: Registeel|68/100|[from] item: Leftovers
|upkeep
|turn|7
|
|t:|1760872712
|move|p2a: Garchomp|Swords Dance|p2a: Garchomp
|-boost|p2a: Garchomp|atk|2
|move|p1a: Registeel|Iron Defense|p1a: Registeel
|-boost|p1a: Registeel|def|2
|
|-heal|p1a: Registeel|74/100|[from] item: Leftovers
|upkeep
|turn|8
|
|t:|1760872720
|move|p2a: Garchomp|Swords Dance|p2a: Garchomp
|-boost|p2a: Garchomp|atk|2
|move|p1a: Registeel|Iron Defense|p1a: Registeel
|-boost|p1a: Registeel|def|2
|
|-heal|p1a: Registeel|80/100|[from] item: Leftovers
|upkeep
|turn|9
|
|t:|1760872729
|move|p2a: Garchomp|Swords Dance|p2a: Garchomp
|-boost|p2a: Garchomp|atk|2
|move|p1a: Registeel|Body Press|p2a: Garchomp
|-damage|p2a: Garchomp|0 fnt
|-damage|p1a: Registeel|67/100|[from] ability: Rough Skin|[of] p2a: Garchomp
|-damage|p1a: Registeel|51/100|[from] item: Rocky Helmet|[of] p2a: Garchomp
|faint|p2a: Garchomp
|
|-heal|p1a: Registeel|57/100|[from] item: Leftovers
|upkeep
|-message|AteTom96 forfeited.
|
|win|hisohisokurione
|raw|hisohisokurione's rating: 1086 &rarr; <strong>1112</strong><br />(+26 for winning)
|raw|AteTom96's rating: 1068 &rarr; <strong>1049</strong><br />(-19 for losing)
|l|☆AteTom96
|player|p2|
|l|☆hisohisokurione
|player|p1|
