|j|☆levi6969
|j|☆snewport01
|t:|1760818416
|gametype|singles
|player|p1|levi6969|266|1367
|player|p2|snewport01|2|1331
|gen|9
|tier|[Gen 9] OU
|rated|
|rule|HP Percentage Mod: HP is shown in percentages
|rule|Endless Battle Clause: Forcing endless battles is banned
|rule|Species Clause: Limit one of each Pokémon
|rule|OHKO Clause: OHKO moves are banned
|rule|Evasion Items Clause: Evasion items are banned
|rule|Evasion Moves Clause: Evasion moves are banned
|rule|Evasion Abilities Clause: Evasion abilities are banned
|rule|Sleep Moves Clause: Sleep-inducing moves are banned
|clearpoke
|poke|p1|Tinkaton, F|
|poke|p1|Great Tusk|
|poke|p1|Ninetales-Alola, M|
|poke|p1|Articuno-Galar|
|poke|p1|Incineroar, M|
|poke|p1|Dragapult, F|
|poke|p2|Gholdengo|
|poke|p2|Iron Treads|
|poke|p2|Moltres|
|poke|p2|Samurott-Hisui, M|
|poke|p2|Sinistcha|
|poke|p2|Ting-Lu|
|teampreview
|
|t:|1760818428
|teamsize|p1|6
|teamsize|p2|6
|start
|switch|p1a: Dragapult|Dragapult, F|100/100
|switch|p2a: Ting-Lu|Ting-Lu|100/100
|-ability|p2a: Ting-Lu|Vessel of Ruin
|turn|1
|inactive|Battle timer is ON: inactive players will automatically lose when time's up. (requested by levi6969)
|
|t:|1760818437
|move|p1a: Dragapult|U-turn|p2a: Ting-Lu
|-supereffective|p2a: Ting-Lu
|-damage|p2a: Ting-Lu|60/100
|
|t:|1760818441
|switch|p1a: Ninetales|Ninetales-Alola, M, shiny|100/100|[from] U-turn
|-weather|Snowscape|[from] ability: Snow Warning|[of] p1a: Ninetales
|move|p2a: Ting-Lu|Stealth Rock|p1a: Ninetales
|-sidestart|p1: levi6969|move: Stealth Rock
|
|-weather|Snowscape|[upkeep]
|-heal|p2a: Ting-Lu|66/100|[from] item: Leftovers
|upkeep
|turn|2
|
|t:|1760818456
|switch|p2a: Gholdengo|Gholdengo|100/100
|move|p1a: Ninetales|Aurora Veil|p1a: Ninetales
|-sidestart|p1: levi6969|move: Aurora Veil
|
|-weather|Snowscape|[upkeep]
|upkeep
|turn|3
|
|t:|1760818467
|switch|p1a: Tinkaton|Tinkaton, F|100/100
|-damage|p1a: Tinkaton|94/100|[from] Stealth Rock
|move|p2a: Gholdengo|Nasty Plot|p2a: Gholdengo
|-boost|p2a: Gholdengo|spa|2
|
|-weather|Snowscape|[upkeep]
|upkeep
|turn|4
|
|t:|1760818475
|move|p1a: Tinkaton|Ice Hammer|p2a: Gholdengo
|-resisted|p2a: Gholdengo
|-damage|p2a: Gholdengo|86/100
|-unboost|p1a: Tinkaton|spe|1
|-enditem|p1a: Tinkaton|Eject Pack
|
|t:|1760818484
|switch|p1a: Articuno|Articuno-Galar|100/100
|-damage|p1a: Articuno|76/100|[from] Stealth Rock
|move|p2a: Gholdengo|Thunderbolt|p1a: Articuno
|-supereffective|p1a: Articuno
|-damage|p1a: Articuno|16/100
|-enditem|p1a: Articuno|Weakness Policy
|-boost|p1a: Articuno|atk|2|[from] item: Weakness Policy
|-boost|p1a: Articuno|spa|2|[from] item: Weakness Policy
|
|-weather|Snowscape|[upkeep]
|upkeep
|turn|5
|
|t:|1760818497
|move|p1a: Articuno|Stored Power|p2a: Gholdengo
|-resisted|p2a: Gholdengo
|-damage|p2a: Gholdengo|38/100
|move|p2a: Gholdengo|Thunderbolt|p1a: Articuno
|-supereffective|p1a: Articuno
|-damage|p1a: Articuno|0 fnt
|faint|p1a: Articuno
|
|-weather|none
|upkeep
|
|t:|1760818517
|switch|p1a: Dragapult|Dragapult, F|100/100
|-damage|p1a: Dragapult|88/100|[from] Stealth Rock
|turn|6
|
|t:|1760818533
|switch|p2a: Moltres|Moltres|100/100
|move|p1a: Dragapult|Dragon Darts|p2a: Moltres
|-damage|p2a: Moltres|74/100
|-anim|p1a: Dragapult|Dragon Darts|p2a: Moltres
|-damage|p2a: Moltres|47/100
|
|upkeep
|turn|7
|
|t:|1760818541
|move|p1a: Dragapult|Dragon Darts|p2a: Moltres
|-damage|p2a: Moltres|23/100
|-anim|p1a: Dragapult|Dragon Darts|p2a: Moltres
|-damage|p2a: Moltres|0 fnt
|faint|p2a: Moltres
|
|upkeep
|
|t:|1760818547
|switch|p2a: Iron Treads|Iron Treads|100/100
|turn|8
|
|t:|1760818554
|switch|p1a: Great Tusk|Great Tusk|100/100
|-damage|p1a: Great Tusk|98/100|[from] Stealth Rock
|-enditem|p1a: Great Tusk|Booster Energy
|-activate|p1a: Great Tusk|ability: Protosynthesis|[fromitem]
|-start|p1a: Great Tusk|protosynthesisspe
|move|p2a: Iron Treads|Ice Spinner|p1a: Great Tusk
|-supereffective|p1a: Great Tusk
|-damage|p1a: Great Tusk|86/100
|
|upkeep
|turn|9
|
|t:|1760818570
|-end|p1a: Great Tusk|Protosynthesis|[silent]
|switch|p1a: Dragapult|Dragapult, F|88/100
|-damage|p1a: Dragapult|76/100|[from] Stealth Rock
|-end|p2a: Iron Treads|Quark Drive|[silent]
|switch|p2a: Ting-Lu|Ting-Lu|66/100
|-ability|p2a: Ting-Lu|Vessel of Ruin
|
|-heal|p2a: Ting-Lu|72/100|[from] item: Leftovers
|-sideend|p1: levi6969|move: Aurora Veil
|upkeep
|turn|10
|
|t:|1760818581
|-terastallize|p1a: Dragapult|Dragon
|move|p1a: Dragapult|Dragon Darts|p2a: Ting-Lu
|-damage|p2a: Ting-Lu|46/100
|-anim|p1a: Dragapult|Dragon Darts|p2a: Ting-Lu
|-damage|p2a: Ting-Lu|20/100
|move|p2a: Ting-Lu|Whirlwind|p1a: Dragapult
|drag|p1a: Tinkaton|Tinkaton, F|94/100
|-damage|p1a: Tinkaton|88/100|[from] Stealth Rock
|
|-heal|p2a: Ting-Lu|26/100|[from] item: Leftovers
|upkeep
|turn|11
|
|t:|1760818593
|move|p1a: Tinkaton|Ice Hammer|p2a: Ting-Lu
|-supereffective|p2a: Ting-Lu
|-damage|p2a: Ting-Lu|0 fnt
|-unboost|p1a: Tinkaton|spe|1
|faint|p2a: Ting-Lu
|
|upkeep
|
|t:|1760818604
|switch|p2a: Iron Treads|Iron Treads|100/100
|turn|12
|
|t:|1760818617
|switch|p1a: Great Tusk|Great Tusk|86/100
|-damage|p1a: Great Tusk|83/100|[from] Stealth Rock
|move|p2a: Iron Treads|Earthquake|p1a: Great Tusk
|-damage|p1a: Great Tusk|58/100
|
|upkeep
|turn|13
|
|t:|1760818639
|-end|p2a: Iron Treads|Quark Drive|[silent]
|switch|p2a: Sinistcha|Sinistcha|100/100
|move|p1a: Great Tusk|Headlong Rush|p2a: Sinistcha
|-resisted|p2a: Sinistcha
|-damage|p2a: Sinistcha|83/100
|-unboost|p1a: Great Tusk|def|1
|-unboost|p1a: Great Tusk|spd|1
|
|upkeep
|turn|14
|
|t:|1760818652
|-end|p1a: Great Tusk|Protosynthesis|[silent]
|switch|p1a: Tinkaton|Tinkaton, F|88/100
|-damage|p1a: Tinkaton|82/100|[from] Stealth Rock
|move|p2a: Sinistcha|Matcha Gotcha|p1a: Tinkaton
|-resisted|p1a: Tinkaton
|-damage|p1a: Tinkaton|66/100
|-heal|p2a: Sinistcha|91/100|[from] drain|[of] p1a: Tinkaton
|
|upkeep
|turn|15
|
|t:|1760818663
|move|p1a: Tinkaton|Gigaton Hammer|p2a: Sinistcha
|-damage|p2a: Sinistcha|52/100
|move|p2a: Sinistcha|Strength Sap|p1a: Tinkaton
|-unboost|p1a: Tinkaton|atk|1
|-heal|p2a: Sinistcha|100/100
|
|upkeep
|turn|16
|
|t:|1760818673
|move|p1a: Tinkaton|Swords Dance|p1a: Tinkaton
|-boost|p1a: Tinkaton|atk|2
|move|p2a: Sinistcha|Matcha Gotcha|p1a: Tinkaton
|-resisted|p1a: Tinkaton
|-damage|p1a: Tinkaton|50/100
|
|upkeep
|turn|17
|
|t:|1760818681
|move|p1a: Tinkaton|Swords Dance|p1a: Tinkaton
|-boost|p1a: Tinkaton|atk|2
|move|p2a: Sinistcha|Strength Sap|p1a: Tinkaton
|-unboost|p1a: Tinkaton|atk|1
|
|upkeep
|turn|18
|
|t:|1760818688
|move|p1a: Tinkaton|Gigaton Hammer|p2a: Sinistcha
|-damage|p2a: Sinistcha|25/100
|move|p2a: Sinistcha|Matcha Gotcha|p1a: Tinkaton
|-resisted|p1a: Tinkaton
|-damage|p1a: Tinkaton|33/100
|-heal|p2a: Sinistcha|33/100|[from] drain|[of] p1a: Tinkaton
|
|upkeep
|turn|19
|
|t:|1760818699
|move|p1a: Tinkaton|Ice Hammer|p2a: Sinistcha
|-supereffective|p2a: Sinistcha
|-damage|p2a: Sinistcha|0 fnt
|-unboost|p1a: Tinkaton|spe|1
|faint|p2a: Sinistcha
|
|upkeep
|
|t:|1760818712
|switch|p2a: Samurott|Samurott-Hisui, M|100/100
|turn|20
|
|t:|1760818724
|move|p2a: Samurott|Razor Shell|p1a: Tinkaton
|-damage|p1a: Tinkaton|0 fnt
|faint|p1a: Tinkaton
|
|upkeep
|
|t:|1760818740
|switch|p1a: Dragapult|Dragapult, F, tera:Dragon|76/100
|-damage|p1a: Dragapult|64/100|[from] Stealth Rock
|turn|21
|
|t:|1760818745
|switch|p2a: Iron Treads|Iron Treads|100/100
|move|p1a: Dragapult|U-turn|p2a: Iron Treads
|-resisted|p2a: Iron Treads
|-damage|p2a: Iron Treads|87/100
|
|t:|1760818753
|switch|p1a: Great Tusk|Great Tusk|58/100|[from] U-turn
|-damage|p1a: Great Tusk|55/100|[from] Stealth Rock
|
|upkeep
|turn|22
|
|t:|1760818759
|move|p1a: Great Tusk|Headlong Rush|p2a: Iron Treads
|-supereffective|p2a: Iron Treads
|-damage|p2a: Iron Treads|4/100
|-unboost|p1a: Great Tusk|def|1
|-unboost|p1a: Great Tusk|spd|1
|move|p2a: Iron Treads|Ice Spinner|p1a: Great Tusk
|-supereffective|p1a: Great Tusk
|-damage|p1a: Great Tusk|16/100
|
|upkeep
|turn|23
|
|t:|1760818767
|move|p1a: Great Tusk|Rapid Spin|p2a: Iron Treads
|-resisted|p2a: Iron Treads
|-damage|p2a: Iron Treads|0 fnt
|-boost|p1a: Great Tusk|spe|1
|-sideend|p1: levi6969|Stealth Rock|[from] move: Rapid Spin|[of] p1a: Great Tusk
|faint|p2a: Iron Treads
|-end|p2a: Iron Treads|Quark Drive|[silent]
|
|upkeep
|
|t:|1760818774
|switch|p2a: Samurott|Samurott-Hisui, M|100/100
|turn|24
|
|t:|1760818783
|move|p1a: Great Tusk|Headlong Rush|p2a: Samurott
|-damage|p2a: Samurott|38/100
|-unboost|p1a: Great Tusk|def|1
|-unboost|p1a: Great Tusk|spd|1
|move|p2a: Samurott|Flip Turn|p1a: Great Tusk
|-supereffective|p1a: Great Tusk
|-damage|p1a: Great Tusk|0 fnt
|faint|p1a: Great Tusk
|-end|p1a: Great Tusk|Protosynthesis|[silent]
|
|t:|1760818792
|switch|p2a: Gholdengo|Gholdengo|38/100|[from] Flip Turn
|
|upkeep
|
|t:|1760818794
|switch|p1a: Ninetales|Ninetales-Alola, M, shiny|100/100
|-weather|Snowscape|[from] ability: Snow Warning|[of] p1a: Ninetales
|turn|25
|
|t:|1760818802
|move|p1a: Ninetales|Aurora Veil|p1a: Ninetales
|-sidestart|p1: levi6969|move: Aurora Veil
|move|p2a: Gholdengo|Make It Rain|p1a: Ninetales
|-supereffective|p1a: Ninetales
|-damage|p1a: Ninetales|0 fnt
|-unboost|p2a: Gholdengo|spa|1
|faint|p1a: Ninetales
|
|-weather|Snowscape|[upkeep]
|upkeep
|
|t:|1760818815
|switch|p1a: Incineroar|Incineroar, M|100/100
|-ability|p1a: Incineroar|Intimidate|boost
|-unboost|p2a: Gholdengo|atk|1
|turn|26
|
|t:|1760818844
|switch|p2a: Samurott|Samurott-Hisui, M|38/100
|move|p1a: Incineroar|Flame Charge|p2a: Samurott
|-resisted|p2a: Samurott
|-damage|p2a: Samurott|25/100
|-boost|p1a: Incineroar|spe|1
|
|-weather|Snowscape|[upkeep]
|upkeep
|turn|27
|
|t:|1760818852
|-terastallize|p2a: Samurott|Water
|move|p2a: Samurott|Razor Shell|p1a: Incineroar
|-supereffective|p1a: Incineroar
|-damage|p1a: Incineroar|34/100
|-enditem|p1a: Incineroar|Weakness Policy
|-boost|p1a: Incineroar|atk|2|[from] item: Weakness Policy
|-boost|p1a: Incineroar|spa|2|[from] item: Weakness Policy
|move|p1a: Incineroar|Flame Charge|p2a: Samurott
|-resisted|p2a: Samurott
|-damage|p2a: Samurott|0 fnt
|-boost|p1a: Incineroar|spe|1
|faint|p2a: Samurott
|
|-weather|Snowscape|[upkeep]
|upkeep
|
|t:|1760818864
|switch|p2a: Gholdengo|Gholdengo|38/100
|turn|28
|
|t:|1760818868
|move|p1a: Incineroar|Power Trip|p2a: Gholdengo
|-supereffective|p2a: Gholdengo
|-damage|p2a: Gholdengo|0 fnt
|faint|p2a: Gholdengo
|
|win|levi6969
|raw|levi6969's rating: 1367 &rarr; <strong>1385</strong><br />(+18 for winning)
|raw|snewport01's rating: 1331 &rarr; <strong>1313</strong><br />(-18 for losing)
|l|☆levi6969
|player|p1|
|l|☆snewport01
|player|p2|
