|j|☆levi6969
|j|☆teatrero mugroso
|t:|1760752610
|gametype|singles
|player|p1|levi6969|102|1322
|player|p2|teatrero mugroso|blue|1282
|gen|9
|tier|[Gen 9] OU
|rated|
|rule|HP Percentage Mod: HP is shown in percentages
|rule|Endless Battle Clause: Forcing endless battles is banned
|rule|Species Clause: Limit one of each Pokémon
|rule|OHKO Clause: OHKO moves are banned
|rule|Evasion Items Clause: Evasion items are banned
|rule|Evasion Moves Clause: Evasion moves are banned
|rule|Evasion Abilities Clause: Evasion abilities are banned
|rule|Sleep Moves Clause: Sleep-inducing moves are banned
|clearpoke
|poke|p1|Avalugg-Hisui, F|
|poke|p1|Sandy Shocks|
|poke|p1|Samurott-Hisui, F|
|poke|p1|Iron Crown|
|poke|p1|Enamorus, F|
|poke|p1|Amoonguss, F|
|poke|p2|Clefable, M|
|poke|p2|Blastoise, F|
|poke|p2|Gengar, M|
|poke|p2|Magneton|
|poke|p2|Dragonite, F|
|poke|p2|Moltres|
|teampreview
|inactive|Battle timer is ON: inactive players will automatically lose when time's up. (requested by teatrero mugroso)
|
|t:|1760752622
|teamsize|p1|6
|teamsize|p2|6
|start
|switch|p1a: Avalugg|Avalugg-Hisui, F, shiny|100/100
|switch|p2a: Blastoise|Blastoise, F|100/100
|turn|1
|
|t:|1760752631
|switch|p1a: Amoonguss|Amoonguss, F|100/100
|move|p2a: Blastoise|Body Press|p1a: Amoonguss
|-resisted|p1a: Amoonguss
|-damage|p1a: Amoonguss|91/100
|-damage|p2a: Blastoise|84/100|[from] item: Rocky Helmet|[of] p1a: Amoonguss
|
|-heal|p2a: Blastoise|90/100|[from] item: Leftovers
|upkeep
|turn|2
|
|t:|1760752646
|switch|p2a: Magneton|Magneton|100/100
|move|p1a: Amoonguss|Toxic|p2a: Magneton
|-immune|p2a: Magneton
|
|upkeep
|turn|3
|
|t:|1760752653
|switch|p1a: Sandy Shocks|Sandy Shocks, shiny|100/100
|move|p2a: Magneton|Flash Cannon|p1a: Sandy Shocks
|-resisted|p1a: Sandy Shocks
|-damage|p1a: Sandy Shocks|78/100
|
|upkeep
|turn|4
|
|t:|1760752662
|switch|p2a: Clefable|Clefable, M|100/100
|move|p1a: Sandy Shocks|Discharge|p2a: Clefable
|-damage|p2a: Clefable|77/100
|-status|p2a: Clefable|par
|
|-heal|p2a: Clefable|83/100 par|[from] item: Leftovers
|upkeep
|turn|5
|
|t:|1760752671
|move|p1a: Sandy Shocks|Discharge|p2a: Clefable
|-damage|p2a: Clefable|60/100 par
|move|p2a: Clefable|Stealth Rock|p1a: Sandy Shocks
|-sidestart|p1: levi6969|move: Stealth Rock
|
|-heal|p2a: Clefable|66/100 par|[from] item: Leftovers
|upkeep
|turn|6
|
|t:|1760752678
|move|p1a: Sandy Shocks|Discharge|p2a: Clefable
|-damage|p2a: Clefable|42/100 par
|cant|p2a: Clefable|par
|
|-heal|p2a: Clefable|49/100 par|[from] item: Leftovers
|upkeep
|turn|7
|
|t:|1760752685
|move|p1a: Sandy Shocks|Discharge|p2a: Clefable
|-damage|p2a: Clefable|26/100 par
|move|p2a: Clefable|Moonlight|p2a: Clefable
|-heal|p2a: Clefable|76/100 par
|
|-heal|p2a: Clefable|82/100 par|[from] item: Leftovers
|upkeep
|turn|8
|
|t:|1760752692
|move|p1a: Sandy Shocks|Discharge|p2a: Clefable
|-damage|p2a: Clefable|59/100 par
|move|p2a: Clefable|Moonlight|p2a: Clefable
|-heal|p2a: Clefable|100/100 par
|
|upkeep
|turn|9
|
|t:|1760752699
|move|p1a: Sandy Shocks|Discharge|p2a: Clefable
|-crit|p2a: Clefable
|-damage|p2a: Clefable|69/100 par
|move|p2a: Clefable|Moonblast|p1a: Sandy Shocks
|-damage|p1a: Sandy Shocks|54/100
|-unboost|p1a: Sandy Shocks|spa|1
|
|-heal|p2a: Clefable|75/100 par|[from] item: Leftovers
|upkeep
|turn|10
|
|t:|1760752708
|-end|p1a: Sandy Shocks|Protosynthesis|[silent]
|switch|p1a: Iron Crown|Iron Crown|100/100
|-damage|p1a: Iron Crown|94/100|[from] Stealth Rock
|move|p2a: Clefable|Thunder Wave|p1a: Iron Crown
|-status|p1a: Iron Crown|par
|
|-heal|p2a: Clefable|81/100 par|[from] item: Leftovers
|upkeep
|turn|11
|
|t:|1760752721
|switch|p2a: Magneton|Magneton|100/100
|move|p1a: Iron Crown|Volt Switch|p2a: Magneton
|-resisted|p2a: Magneton
|-damage|p2a: Magneton|68/100
|
|t:|1760752732
|-end|p1a: Iron Crown|Quark Drive|[silent]
|switch|p1a: Sandy Shocks|Sandy Shocks, shiny|54/100|[from] Volt Switch
|-damage|p1a: Sandy Shocks|48/100|[from] Stealth Rock
|
|upkeep
|turn|12
|
|t:|1760752737
|switch|p2a: Clefable|Clefable, M|81/100 par
|move|p1a: Sandy Shocks|Earth Power|p2a: Clefable
|-crit|p2a: Clefable
|-damage|p2a: Clefable|44/100 par
|
|-heal|p2a: Clefable|50/100 par|[from] item: Leftovers
|upkeep
|turn|13
|
|t:|1760752748
|-end|p1a: Sandy Shocks|Protosynthesis|[silent]
|switch|p1a: Avalugg|Avalugg-Hisui, F, shiny|100/100
|move|p2a: Clefable|Moonlight|p2a: Clefable
|-heal|p2a: Clefable|99/100 par
|
|-heal|p2a: Clefable|100/100 par|[from] item: Leftovers
|upkeep
|turn|14
|
|t:|1760752756
|switch|p2a: Blastoise|Blastoise, F|90/100
|move|p1a: Avalugg|Mountain Gale|p2a: Blastoise
|-resisted|p2a: Blastoise
|-damage|p2a: Blastoise|72/100
|
|-heal|p2a: Blastoise|78/100|[from] item: Leftovers
|upkeep
|turn|15
|
|t:|1760752764
|switch|p1a: Amoonguss|Amoonguss, F|100/100
|-damage|p1a: Amoonguss|88/100|[from] Stealth Rock
|move|p2a: Blastoise|Body Press|p1a: Amoonguss
|-resisted|p1a: Amoonguss
|-damage|p1a: Amoonguss|79/100
|-damage|p2a: Blastoise|62/100|[from] item: Rocky Helmet|[of] p1a: Amoonguss
|
|-heal|p2a: Blastoise|68/100|[from] item: Leftovers
|upkeep
|turn|16
|
|t:|1760752775
|switch|p2a: Magneton|Magneton|68/100
|move|p1a: Amoonguss|Foul Play|p2a: Magneton
|-damage|p2a: Magneton|53/100
|
|upkeep
|turn|17
|
|t:|1760752782
|move|p2a: Magneton|Flash Cannon|p1a: Amoonguss
|-damage|p1a: Amoonguss|26/100
|move|p1a: Amoonguss|Foul Play|p2a: Magneton
|-damage|p2a: Magneton|38/100
|
|upkeep
|turn|18
|
|t:|1760752787
|switch|p1a: Iron Crown|Iron Crown|94/100 par
|-damage|p1a: Iron Crown|88/100 par|[from] Stealth Rock
|move|p2a: Magneton|Flash Cannon|p1a: Iron Crown
|-resisted|p1a: Iron Crown
|-crit|p1a: Iron Crown
|-damage|p1a: Iron Crown|43/100 par
|
|upkeep
|turn|19
|
|t:|1760752804
|move|p2a: Magneton|Flash Cannon|p1a: Iron Crown
|-resisted|p1a: Iron Crown
|-damage|p1a: Iron Crown|12/100 par
|move|p1a: Iron Crown|Focus Blast|p2a: Magneton|[miss]
|-miss|p1a: Iron Crown|p2a: Magneton
|
|upkeep
|turn|20
|
|t:|1760752810
|move|p2a: Magneton|Flash Cannon|p1a: Iron Crown
|-resisted|p1a: Iron Crown
|-damage|p1a: Iron Crown|0 fnt
|faint|p1a: Iron Crown
|-end|p1a: Iron Crown|Quark Drive|[silent]
|
|upkeep
|
|t:|1760752824
|switch|p1a: Enamorus|Enamorus, F|100/100
|-damage|p1a: Enamorus|76/100|[from] Stealth Rock
|turn|21
|
|t:|1760752833
|switch|p2a: Clefable|Clefable, M|100/100 par
|move|p1a: Enamorus|Earth Power|p2a: Clefable
|-damage|p2a: Clefable|77/100 par
|-unboost|p2a: Clefable|spd|1
|
|-heal|p1a: Enamorus|82/100|[from] item: Leftovers
|-heal|p2a: Clefable|83/100 par|[from] item: Leftovers
|upkeep
|turn|22
|
|t:|1760752843
|move|p1a: Enamorus|Substitute|p1a: Enamorus
|-start|p1a: Enamorus|Substitute
|-damage|p1a: Enamorus|57/100
|move|p2a: Clefable|Moonblast|p1a: Enamorus
|-end|p1a: Enamorus|Substitute
|
|-heal|p1a: Enamorus|63/100|[from] item: Leftovers
|-heal|p2a: Clefable|89/100 par|[from] item: Leftovers
|upkeep
|turn|23
|
|t:|1760752860
|move|p1a: Enamorus|Substitute|p1a: Enamorus
|-start|p1a: Enamorus|Substitute
|-damage|p1a: Enamorus|38/100
|cant|p2a: Clefable|par
|
|-heal|p1a: Enamorus|44/100|[from] item: Leftovers
|-heal|p2a: Clefable|95/100 par|[from] item: Leftovers
|upkeep
|turn|24
|
|t:|1760752866
|move|p1a: Enamorus|Moonblast|p2a: Clefable
|-damage|p2a: Clefable|47/100 par
|move|p2a: Clefable|Moonblast|p1a: Enamorus
|-end|p1a: Enamorus|Substitute
|
|-heal|p1a: Enamorus|51/100|[from] item: Leftovers
|-heal|p2a: Clefable|53/100 par|[from] item: Leftovers
|upkeep
|turn|25
|
|t:|1760752874
|move|p1a: Enamorus|Moonblast|p2a: Clefable
|-damage|p2a: Clefable|4/100 par
|move|p2a: Clefable|Moonblast|p1a: Enamorus
|-damage|p1a: Enamorus|4/100
|-unboost|p1a: Enamorus|spa|1
|
|-heal|p1a: Enamorus|10/100|[from] item: Leftovers
|-heal|p2a: Clefable|10/100 par|[from] item: Leftovers
|upkeep
|turn|26
|
|t:|1760752882
|move|p1a: Enamorus|Moonblast|p2a: Clefable
|-damage|p2a: Clefable|0 fnt
|faint|p2a: Clefable
|
|-heal|p1a: Enamorus|16/100|[from] item: Leftovers
|upkeep
|
|t:|1760752900
|switch|p2a: Gengar|Gengar, M|100/100
|turn|27
|
|t:|1760752917
|switch|p1a: Sandy Shocks|Sandy Shocks, shiny|48/100
|-damage|p1a: Sandy Shocks|42/100|[from] Stealth Rock
|move|p2a: Gengar|Sludge Wave|p1a: Sandy Shocks
|-resisted|p1a: Sandy Shocks
|-damage|p1a: Sandy Shocks|23/100
|
|upkeep
|turn|28
|
|t:|1760752924
|move|p2a: Gengar|Shadow Ball|p1a: Sandy Shocks
|-damage|p1a: Sandy Shocks|0 fnt
|faint|p1a: Sandy Shocks
|-end|p1a: Sandy Shocks|Protosynthesis|[silent]
|
|upkeep
|
|t:|1760752929
|switch|p1a: Avalugg|Avalugg-Hisui, F, shiny|100/100
|turn|29
|
|t:|1760752933
|move|p2a: Gengar|Focus Blast|p1a: Avalugg
|-supereffective|p1a: Avalugg
|-ability|p1a: Avalugg|Sturdy
|-damage|p1a: Avalugg|1/100
|move|p1a: Avalugg|Earthquake|p2a: Gengar
|-supereffective|p2a: Gengar
|-enditem|p2a: Gengar|Focus Sash
|-damage|p2a: Gengar|1/100
|
|upkeep
|turn|30
|
|t:|1760752943
|switch|p2a: Blastoise|Blastoise, F|68/100
|move|p1a: Avalugg|Mountain Gale|p2a: Blastoise
|-resisted|p2a: Blastoise
|-damage|p2a: Blastoise|49/100
|
|-heal|p2a: Blastoise|55/100|[from] item: Leftovers
|upkeep
|turn|31
|
|t:|1760752950
|-terastallize|p1a: Avalugg|Ghost
|move|p2a: Blastoise|Flip Turn|p1a: Avalugg
|-damage|p1a: Avalugg|0 fnt
|faint|p1a: Avalugg
|
|t:|1760752975
|switch|p2a: Gengar|Gengar, M|1/100|[from] Flip Turn
|
|upkeep
|
|t:|1760752978
|switch|p1a: Samurott|Samurott-Hisui, F|100/100
|-damage|p1a: Samurott|88/100|[from] Stealth Rock
|turn|32
|
|t:|1760752984
|move|p1a: Samurott|Ceaseless Edge|p2a: Gengar
|-supereffective|p2a: Gengar
|-damage|p2a: Gengar|0 fnt
|-sidestart|p2: teatrero mugroso|Spikes
|faint|p2a: Gengar
|
|upkeep
|
|t:|1760752993
|switch|p2a: Blastoise|Blastoise, F|55/100
|-damage|p2a: Blastoise|42/100|[from] Spikes
|turn|33
|
|t:|1760753000
|switch|p1a: Amoonguss|Amoonguss, F|60/100
|-damage|p1a: Amoonguss|47/100|[from] Stealth Rock
|move|p2a: Blastoise|Body Press|p1a: Amoonguss
|-resisted|p1a: Amoonguss
|-damage|p1a: Amoonguss|37/100
|-damage|p2a: Blastoise|26/100|[from] item: Rocky Helmet|[of] p1a: Amoonguss
|
|-heal|p2a: Blastoise|32/100|[from] item: Leftovers
|upkeep
|turn|34
|
|t:|1760753011
|switch|p2a: Magneton|Magneton|38/100
|-damage|p2a: Magneton|25/100|[from] Spikes
|move|p1a: Amoonguss|Foul Play|p2a: Magneton
|-damage|p2a: Magneton|10/100
|
|upkeep
|turn|35
|
|t:|1760753019
|switch|p1a: Enamorus|Enamorus, F|16/100
|-damage|p1a: Enamorus|0 fnt|[from] Stealth Rock
|faint|p1a: Enamorus
|move|p2a: Magneton|Flash Cannon|p1: Enamorus|[notarget]
|-fail|p2a: Magneton
|
|upkeep
|
|t:|1760753024
|switch|p1a: Samurott|Samurott-Hisui, F|88/100
|-damage|p1a: Samurott|76/100|[from] Stealth Rock
|turn|36
|
|t:|1760753032
|switch|p2a: Moltres|Moltres|100/100
|move|p1a: Samurott|Ceaseless Edge|p2a: Moltres
|-damage|p2a: Moltres|60/100
|-status|p1a: Samurott|brn|[from] ability: Flame Body|[of] p2a: Moltres
|-sidestart|p2: teatrero mugroso|Spikes
|
|-damage|p1a: Samurott|69/100 brn|[from] brn
|upkeep
|turn|37
|-message|levi6969 forfeited.
|
|win|teatrero mugroso
|raw|levi6969's rating: 1306 &rarr; <strong>1285</strong><br />(-21 for losing)
|raw|teatrero mugroso's rating: 1282 &rarr; <strong>1309</strong><br />(+27 for winning)
|l|☆levi6969
|player|p1|
|l|☆teatrero mugroso
|player|p2|
