|j|☆Blue Chew Mew
|j|☆ImAntsy
|t:|1760847608
|gametype|singles
|player|p1|Blue Chew Mew|169|1267
|player|p2|ImAntsy|backpacker|1323
|gen|9
|tier|[Gen 9] OU
|rated|
|rule|HP Percentage Mod: HP is shown in percentages
|rule|Endless Battle Clause: Forcing endless battles is banned
|rule|Species Clause: Limit one of each Pokémon
|rule|OHKO Clause: OHKO moves are banned
|rule|Evasion Items Clause: Evasion items are banned
|rule|Evasion Moves Clause: Evasion moves are banned
|rule|Evasion Abilities Clause: Evasion abilities are banned
|rule|Sleep Moves Clause: Sleep-inducing moves are banned
|clearpoke
|poke|p1|Greninja-*, M|
|poke|p1|Pecharunt|
|poke|p1|Ogerpon-Wellspring, F|
|poke|p1|Corviknight, F|
|poke|p1|Garganacl, F|
|poke|p1|Iron Valiant|
|poke|p2|Tinkaton, F|
|poke|p2|Great Tusk|
|poke|p2|Garganacl, M|
|poke|p2|Keldeo-Resolute|
|poke|p2|Zapdos|
|poke|p2|Dragapult, M|
|teampreview
|inactive|Battle timer is ON: inactive players will automatically lose when time's up. (requested by Blue Chew Mew)
|
|t:|1760847623
|teamsize|p1|6
|teamsize|p2|6
|start
|switch|p1a: Garganacl|Garganacl, F|100/100
|switch|p2a: Dragapult|Dragapult, M|100/100
|turn|1
|
|t:|1760847629
|move|p2a: Dragapult|U-turn|p1a: Garganacl
|-damage|p1a: Garganacl|90/100
|
|t:|1760847634
|switch|p2a: Great Tusk|Great Tusk|100/100|[from] U-turn
|move|p1a: Garganacl|Salt Cure|p2a: Great Tusk
|-resisted|p2a: Great Tusk
|-crit|p2a: Great Tusk
|-damage|p2a: Great Tusk|97/100
|-start|p2a: Great Tusk|Salt Cure
|
|-heal|p1a: Garganacl|96/100|[from] item: Leftovers
|-damage|p2a: Great Tusk|84/100|[from] Salt Cure
|upkeep
|turn|2
|
|t:|1760847647
|move|p1a: Garganacl|Protect|p1a: Garganacl
|-singleturn|p1a: Garganacl|Protect
|move|p2a: Great Tusk|Headlong Rush|p1a: Garganacl
|-activate|p1a: Garganacl|move: Protect
|
|-heal|p1a: Garganacl|100/100|[from] item: Leftovers
|-damage|p2a: Great Tusk|72/100|[from] Salt Cure
|upkeep
|turn|3
|
|t:|1760847656
|-end|p2a: Great Tusk|Protosynthesis|[silent]
|switch|p2a: Garganacl|Garganacl, M|100/100
|switch|p1a: Corviknight|Corviknight, F|100/100
|-ability|p1a: Corviknight|Pressure
|
|upkeep
|turn|4
|
|t:|1760847665
|move|p1a: Corviknight|Body Press|p2a: Garganacl
|-supereffective|p2a: Garganacl
|-damage|p2a: Garganacl|73/100
|move|p2a: Garganacl|Salt Cure|p1a: Corviknight
|-damage|p1a: Corviknight|89/100
|-start|p1a: Corviknight|Salt Cure
|
|-heal|p2a: Garganacl|79/100|[from] item: Leftovers
|-damage|p1a: Corviknight|64/100|[from] Salt Cure
|upkeep
|turn|5
|
|t:|1760847676
|switch|p1a: Iron Valiant|Iron Valiant|100/100
|switch|p2a: Zapdos|Zapdos|100/100
|
|upkeep
|turn|6
|
|t:|1760847683
|move|p1a: Iron Valiant|Moonblast|p2a: Zapdos
|-damage|p2a: Zapdos|39/100
|-damage|p1a: Iron Valiant|91/100|[from] item: Life Orb
|move|p2a: Zapdos|Hurricane|p1a: Iron Valiant
|-supereffective|p1a: Iron Valiant
|-damage|p1a: Iron Valiant|0 fnt
|faint|p1a: Iron Valiant
|-end|p1a: Iron Valiant|Quark Drive|[silent]
|
|upkeep
|
|t:|1760847704
|switch|p1a: Ogerpon|Ogerpon-Wellspring, F|100/100
|turn|7
|
|t:|1760847713
|-terastallize|p1a: Ogerpon|Water
|detailschange|p1a: Ogerpon|Ogerpon-Wellspring-Tera, F, tera:Water
|-ability|p1a: Ogerpon|Embody Aspect (Wellspring)|boost
|-boost|p1a: Ogerpon|spd|1
|-terastallize|p2a: Zapdos|Grass
|move|p1a: Ogerpon|Ivy Cudgel|p2a: Zapdos|[anim] Ivy Cudgel Water
|-resisted|p2a: Zapdos
|-damage|p2a: Zapdos|11/100
|move|p2a: Zapdos|Roost|p2a: Zapdos
|-heal|p2a: Zapdos|62/100
|
|upkeep
|turn|8
|
|t:|1760847727
|move|p1a: Ogerpon|U-turn|p2a: Zapdos
|-supereffective|p2a: Zapdos
|-damage|p2a: Zapdos|21/100
|
|t:|1760847731
|switch|p1a: Garganacl|Garganacl, F|100/100|[from] U-turn
|move|p2a: Zapdos|Thunder Wave|p1a: Garganacl
|-immune|p1a: Garganacl|[from] ability: Purifying Salt
|
|upkeep
|turn|9
|
|t:|1760847739
|move|p2a: Zapdos|Roost|p2a: Zapdos
|-heal|p2a: Zapdos|72/100
|move|p1a: Garganacl|Salt Cure|p2a: Zapdos
|-damage|p2a: Zapdos|61/100
|-start|p2a: Zapdos|Salt Cure
|
|-damage|p2a: Zapdos|49/100|[from] Salt Cure
|upkeep
|turn|10
|
|t:|1760847749
|switch|p1a: Ogerpon|Ogerpon-Wellspring-Tera, F, tera:Water|100/100
|-ability|p1a: Ogerpon|Embody Aspect (Wellspring)|boost
|-boost|p1a: Ogerpon|spd|1
|move|p2a: Zapdos|Roost|p2a: Zapdos
|-heal|p2a: Zapdos|99/100
|
|-damage|p2a: Zapdos|87/100|[from] Salt Cure
|upkeep
|turn|11
|
|t:|1760847761
|move|p1a: Ogerpon|U-turn|p2a: Zapdos
|-supereffective|p2a: Zapdos
|-damage|p2a: Zapdos|44/100
|
|t:|1760847764
|switch|p1a: Garganacl|Garganacl, F|100/100|[from] U-turn
|move|p2a: Zapdos|Volt Switch|p1a: Garganacl
|-damage|p1a: Garganacl|75/100
|
|t:|1760847769
|switch|p2a: Keldeo|Keldeo-Resolute|100/100|[from] Volt Switch
|
|-heal|p1a: Garganacl|81/100|[from] item: Leftovers
|upkeep
|turn|12
|
|t:|1760847777
|switch|p1a: Ogerpon|Ogerpon-Wellspring-Tera, F, tera:Water|100/100
|-ability|p1a: Ogerpon|Embody Aspect (Wellspring)|boost
|-boost|p1a: Ogerpon|spd|1
|move|p2a: Keldeo|Secret Sword|p1a: Ogerpon
|-damage|p1a: Ogerpon|21/100
|
|upkeep
|turn|13
|
|t:|1760847788
|switch|p2a: Great Tusk|Great Tusk|72/100
|move|p1a: Ogerpon|Horn Leech|p2a: Great Tusk
|-supereffective|p2a: Great Tusk
|-damage|p2a: Great Tusk|8/100
|-heal|p1a: Ogerpon|60/100|[from] drain|[of] p2a: Great Tusk
|
|upkeep
|turn|14
|
|t:|1760847796
|move|p1a: Ogerpon|Horn Leech|p2a: Great Tusk
|-supereffective|p2a: Great Tusk
|-damage|p2a: Great Tusk|0 fnt
|-heal|p1a: Ogerpon|65/100|[from] drain|[of] p2a: Great Tusk
|faint|p2a: Great Tusk
|-end|p2a: Great Tusk|Protosynthesis|[silent]
|
|upkeep
|
|t:|1760847803
|switch|p2a: Zapdos|Zapdos, tera:Grass|44/100
|turn|15
|
|t:|1760847808
|move|p1a: Ogerpon|U-turn|p2a: Zapdos
|-supereffective|p2a: Zapdos
|-damage|p2a: Zapdos|2/100
|
|t:|1760847812
|switch|p1a: Garganacl|Garganacl, F|81/100|[from] U-turn
|move|p2a: Zapdos|Roost|p2a: Zapdos
|-heal|p2a: Zapdos|52/100
|
|-heal|p1a: Garganacl|87/100|[from] item: Leftovers
|upkeep
|turn|16
|
|t:|1760847821
|move|p2a: Zapdos|Volt Switch|p1a: Garganacl
|-damage|p1a: Garganacl|63/100
|
|t:|1760847830
|switch|p2a: Tinkaton|Tinkaton, F|100/100|[from] Volt Switch
|-ability|p2a: Tinkaton|Mold Breaker
|-item|p2a: Tinkaton|Air Balloon
|move|p1a: Garganacl|Salt Cure|p2a: Tinkaton
|-resisted|p2a: Tinkaton
|-damage|p2a: Tinkaton|93/100
|-start|p2a: Tinkaton|Salt Cure
|-enditem|p2a: Tinkaton|Air Balloon
|
|-heal|p1a: Garganacl|69/100|[from] item: Leftovers
|-damage|p2a: Tinkaton|68/100|[from] Salt Cure
|upkeep
|turn|17
|
|t:|1760847844
|move|p1a: Garganacl|Protect|p1a: Garganacl
|-singleturn|p1a: Garganacl|Protect
|move|p2a: Tinkaton|Stealth Rock|p1a: Garganacl
|-sidestart|p1: Blue Chew Mew|move: Stealth Rock
|
|-heal|p1a: Garganacl|75/100|[from] item: Leftovers
|-damage|p2a: Tinkaton|43/100|[from] Salt Cure
|upkeep
|turn|18
|
|t:|1760847856
|switch|p1a: Pecharunt|Pecharunt|100/100
|move|p2a: Tinkaton|Encore||[still]
|-fail|p2a: Tinkaton
|
|-damage|p2a: Tinkaton|18/100|[from] Salt Cure
|upkeep
|turn|19
|
|t:|1760847864
|move|p2a: Tinkaton|Thunder Wave|p1a: Pecharunt
|-status|p1a: Pecharunt|par
|move|p1a: Pecharunt|Parting Shot|p2a: Tinkaton
|-unboost|p2a: Tinkaton|atk|1
|-unboost|p2a: Tinkaton|spa|1
|
|t:|1760847871
|switch|p1a: Ogerpon|Ogerpon-Wellspring-Tera, F, tera:Water|65/100|[from] Parting Shot
|-damage|p1a: Ogerpon|53/100|[from] Stealth Rock
|-ability|p1a: Ogerpon|Embody Aspect (Wellspring)|boost
|-boost|p1a: Ogerpon|spd|1
|
|-damage|p2a: Tinkaton|0 fnt|[from] Salt Cure
|faint|p2a: Tinkaton
|upkeep
|
|t:|1760847876
|switch|p2a: Dragapult|Dragapult, M|100/100
|turn|20
|
|t:|1760847891
|switch|p1a: Corviknight|Corviknight, F|64/100
|-damage|p1a: Corviknight|52/100|[from] Stealth Rock
|-ability|p1a: Corviknight|Pressure
|move|p2a: Dragapult|Dragon Darts|p1a: Corviknight
|-resisted|p1a: Corviknight
|-damage|p1a: Corviknight|44/100
|-anim|p2a: Dragapult|Dragon Darts|p1a: Corviknight
|-resisted|p1a: Corviknight
|-damage|p1a: Corviknight|36/100
|
|upkeep
|turn|21
|
|t:|1760847902
|move|p2a: Dragapult|Hex|p1a: Corviknight
|-damage|p1a: Corviknight|16/100
|move|p1a: Corviknight|Roost|p1a: Corviknight
|-heal|p1a: Corviknight|66/100
|-singleturn|p1a: Corviknight|move: Roost
|
|upkeep
|turn|22
|
|t:|1760847909
|move|p2a: Dragapult|Will-O-Wisp|p1a: Corviknight
|-status|p1a: Corviknight|brn
|move|p1a: Corviknight|Roost|p1a: Corviknight
|-heal|p1a: Corviknight|100/100 brn
|-singleturn|p1a: Corviknight|move: Roost
|
|-damage|p1a: Corviknight|94/100 brn|[from] brn
|upkeep
|turn|23
|
|t:|1760847921
|switch|p1a: Garganacl|Garganacl, F|75/100
|-damage|p1a: Garganacl|63/100|[from] Stealth Rock
|move|p2a: Dragapult|Hex|p1a: Garganacl
|-damage|p1a: Garganacl|51/100
|
|-heal|p1a: Garganacl|58/100|[from] item: Leftovers
|upkeep
|turn|24
|
|t:|1760847931
|move|p2a: Dragapult|Dragon Darts|p1a: Garganacl
|-damage|p1a: Garganacl|45/100
|-anim|p2a: Dragapult|Dragon Darts|p1a: Garganacl
|-damage|p1a: Garganacl|34/100
|move|p1a: Garganacl|Salt Cure|p2a: Dragapult
|-damage|p2a: Dragapult|82/100
|-start|p2a: Dragapult|Salt Cure
|
|-heal|p1a: Garganacl|40/100|[from] item: Leftovers
|-damage|p2a: Dragapult|69/100|[from] Salt Cure
|upkeep
|turn|25
|
|t:|1760847942
|switch|p2a: Keldeo|Keldeo-Resolute|100/100
|move|p1a: Garganacl|Protect||[still]
|-fail|p1a: Garganacl
|
|-heal|p1a: Garganacl|46/100|[from] item: Leftovers
|upkeep
|turn|26
|
|t:|1760847951
|switch|p1a: Pecharunt|Pecharunt|100/100 par
|move|p2a: Keldeo|Secret Sword|p1a: Pecharunt
|-immune|p1a: Pecharunt
|
|upkeep
|turn|27
|
|t:|1760847959
|switch|p2a: Garganacl|Garganacl, M|79/100
|move|p1a: Pecharunt|Malignant Chain|p2a: Garganacl
|-resisted|p2a: Garganacl
|-damage|p2a: Garganacl|64/100
|
|-heal|p2a: Garganacl|70/100|[from] item: Leftovers
|upkeep
|turn|28
|
|t:|1760847980
|move|p2a: Garganacl|Salt Cure|p1a: Pecharunt
|-damage|p1a: Pecharunt|91/100 par
|-start|p1a: Pecharunt|Salt Cure
|move|p1a: Pecharunt|Parting Shot|p2a: Garganacl
|-unboost|p2a: Garganacl|atk|1
|-unboost|p2a: Garganacl|spa|1
|
|t:|1760847986
|switch|p1a: Garganacl|Garganacl, F|46/100|[from] Parting Shot
|-damage|p1a: Garganacl|34/100|[from] Stealth Rock
|
|-heal|p1a: Garganacl|40/100|[from] item: Leftovers
|-heal|p2a: Garganacl|76/100|[from] item: Leftovers
|upkeep
|turn|29
|
|t:|1760847993
|move|p1a: Garganacl|Salt Cure|p2a: Garganacl
|-damage|p2a: Garganacl|67/100
|-start|p2a: Garganacl|Salt Cure
|move|p2a: Garganacl|Salt Cure|p1a: Garganacl
|-damage|p1a: Garganacl|35/100
|-start|p1a: Garganacl|Salt Cure
|
|-heal|p1a: Garganacl|41/100|[from] item: Leftovers
|-heal|p2a: Garganacl|74/100|[from] item: Leftovers
|-damage|p1a: Garganacl|28/100|[from] Salt Cure
|-damage|p2a: Garganacl|61/100|[from] Salt Cure
|upkeep
|turn|30
|
|t:|1760848004
|switch|p1a: Ogerpon|Ogerpon-Wellspring-Tera, F, tera:Water|53/100
|-damage|p1a: Ogerpon|40/100|[from] Stealth Rock
|-ability|p1a: Ogerpon|Embody Aspect (Wellspring)|boost
|-boost|p1a: Ogerpon|spd|1
|switch|p2a: Keldeo|Keldeo-Resolute|100/100
|
|upkeep
|turn|31
|
|t:|1760848013
|switch|p2a: Zapdos|Zapdos, tera:Grass|52/100
|move|p1a: Ogerpon|Horn Leech|p2a: Zapdos
|-resisted|p2a: Zapdos
|-damage|p2a: Zapdos|37/100
|-heal|p1a: Ogerpon|50/100|[from] drain|[of] p2a: Zapdos
|
|upkeep
|turn|32
|
|t:|1760848022
|move|p1a: Ogerpon|U-turn|p2a: Zapdos
|-supereffective|p2a: Zapdos
|-damage|p2a: Zapdos|0 fnt
|faint|p2a: Zapdos
|-message|ImAntsy forfeited.
|
|win|Blue Chew Mew
|raw|Blue Chew Mew's rating: 1267 &rarr; <strong>1296</strong><br />(+29 for winning)
|raw|ImAntsy's rating: 1323 &rarr; <strong>1300</strong><br />(-23 for losing)
|l|☆ImAntsy
|player|p2|
|l|☆Blue Chew Mew
|player|p1|
