|j|☆ChessDennis
|j|☆healboy009
|t:|1760881629
|gametype|singles
|player|p1|ChessDennis|1|1412
|player|p2|healboy009|backpacker|1336
|gen|9
|tier|[Gen 9] OU
|rated|
|rule|HP Percentage Mod: HP is shown in percentages
|rule|Endless Battle Clause: Forcing endless battles is banned
|rule|Species Clause: Limit one of each Pokémon
|rule|OHKO Clause: OHKO moves are banned
|rule|Evasion Items Clause: Evasion items are banned
|rule|Evasion Moves Clause: Evasion moves are banned
|rule|Evasion Abilities Clause: Evasion abilities are banned
|rule|Sleep Moves Clause: Sleep-inducing moves are banned
|clearpoke
|poke|p1|Garchomp, M|
|poke|p1|Walking Wake|
|poke|p1|Thundurus-Therian, M|
|poke|p1|Gholdengo|
|poke|p1|Clefable, F|
|poke|p1|Cinderace, M|
|poke|p2|Dipplin, F|
|poke|p2|Weezing-Galar, M|
|poke|p2|Dondozo, F|
|poke|p2|Registeel|
|poke|p2|Garganacl, F|
|poke|p2|Mesprit|
|teampreview
|inactive|Battle timer is ON: inactive players will automatically lose when time's up. (requested by healboy009)
|
|t:|1760881666
|teamsize|p1|6
|teamsize|p2|6
|start
|switch|p1a: Clefable|Clefable, F|100/100
|switch|p2a: Dipplin|Dipplin, F|100/100
|turn|1
|
|t:|1760881673
|move|p1a: Clefable|Knock Off|p2a: Dipplin
|-damage|p2a: Dipplin|90/100
|-activate|p2a: Dipplin|ability: Sticky Hold
|move|p2a: Dipplin|Giga Drain|p1a: Clefable
|-damage|p1a: Clefable|79/100
|-heal|p2a: Dipplin|100/100|[from] drain|[of] p1a: Clefable
|
|upkeep
|turn|2
|
|t:|1760881680
|move|p1a: Clefable|Moonblast|p2a: Dipplin
|-supereffective|p2a: Dipplin
|-damage|p2a: Dipplin|40/100
|move|p2a: Dipplin|Giga Drain|p1a: Clefable
|-damage|p1a: Clefable|58/100
|-heal|p2a: Dipplin|50/100|[from] drain|[of] p1a: Clefable
|
|upkeep
|turn|3
|
|t:|1760881690
|switch|p2a: Mesprit|Mesprit|100/100
|move|p1a: Clefable|Knock Off|p2a: Mesprit
|-supereffective|p2a: Mesprit
|-damage|p2a: Mesprit|64/100
|-enditem|p2a: Mesprit|Leftovers|[from] move: Knock Off|[of] p1a: Clefable
|
|upkeep
|turn|4
|
|t:|1760881697
|move|p1a: Clefable|Moonlight|p1a: Clefable
|-heal|p1a: Clefable|100/100
|move|p2a: Mesprit|Trick Room|p2a: Mesprit
|-fieldstart|move: Trick Room|[of] p2a: Mesprit
|
|upkeep
|turn|5
|
|t:|1760881702
|move|p1a: Clefable|Moonblast|p2a: Mesprit
|-damage|p2a: Mesprit|27/100
|-unboost|p2a: Mesprit|spa|1
|move|p2a: Mesprit|U-turn|p1a: Clefable
|-resisted|p1a: Clefable
|-damage|p1a: Clefable|90/100
|
|t:|1760881709
|switch|p2a: Registeel|Registeel|100/100|[from] U-turn
|
|upkeep
|turn|6
|
|t:|1760881713
|switch|p1a: Garchomp|Garchomp, M|100/100
|move|p2a: Registeel|Iron Head|p1a: Garchomp
|-damage|p1a: Garchomp|80/100
|-damage|p2a: Registeel|88/100|[from] ability: Rough Skin|[of] p1a: Garchomp
|-damage|p2a: Registeel|72/100|[from] item: Rocky Helmet|[of] p1a: Garchomp
|
|-heal|p2a: Registeel|78/100|[from] item: Leftovers
|upkeep
|turn|7
|
|t:|1760881721
|switch|p2a: Dipplin|Dipplin, F|50/100
|move|p1a: Garchomp|Stealth Rock|p2a: Dipplin
|-sidestart|p2: healboy009|move: Stealth Rock
|
|upkeep
|turn|8
|
|t:|1760881727
|switch|p1a: Clefable|Clefable, F|90/100
|move|p2a: Dipplin|Recover|p2a: Dipplin
|-heal|p2a: Dipplin|100/100
|
|-fieldend|move: Trick Room
|upkeep
|turn|9
|
|t:|1760881731
|switch|p2a: Registeel|Registeel|78/100
|-damage|p2a: Registeel|72/100|[from] Stealth Rock
|move|p1a: Clefable|Moonblast|p2a: Registeel
|-resisted|p2a: Registeel
|-damage|p2a: Registeel|57/100
|
|-heal|p2a: Registeel|63/100|[from] item: Leftovers
|upkeep
|turn|10
|-message|healboy009 forfeited.
|
|win|ChessDennis
|raw|ChessDennis's rating: 1412 &rarr; <strong>1428</strong><br />(+16 for winning)
|raw|healboy009's rating: 1336 &rarr; <strong>1320</strong><br />(-16 for losing)
|l|☆healboy009
|player|p2|
|l|☆ChessDennis
|player|p1|
