|j|☆FittedCrib05
|j|☆pantuxd
|t:|1760825285
|gametype|singles
|player|p1|FittedCrib05|wallace|1349
|player|p2|pantuxd|169|1395
|gen|9
|tier|[Gen 9] OU
|rated|
|rule|HP Percentage Mod: HP is shown in percentages
|rule|Endless Battle Clause: Forcing endless battles is banned
|rule|Species Clause: Limit one of each Pokémon
|rule|OHKO Clause: OHKO moves are banned
|rule|Evasion Items Clause: Evasion items are banned
|rule|Evasion Moves Clause: Evasion moves are banned
|rule|Evasion Abilities Clause: Evasion abilities are banned
|rule|Sleep Moves Clause: Sleep-inducing moves are banned
|clearpoke
|poke|p1|Suicune|
|poke|p1|Weavile, M|
|poke|p1|Walking Wake|
|poke|p1|Shaymin|
|poke|p1|Cinderace, M|
|poke|p1|Gliscor, M|
|poke|p2|Ninetales, F|
|poke|p2|Charizard, M|
|poke|p2|Great Tusk|
|poke|p2|Walking Wake|
|poke|p2|Hatterene, F|
|poke|p2|Lilligant-Hisui, F|
|teampreview
|inactive|Battle timer is ON: inactive players will automatically lose when time's up. (requested by pantuxd)
|
|t:|1760825304
|teamsize|p1|6
|teamsize|p2|6
|start
|switch|p1a: Walking Wake|Walking Wake|100/100
|switch|p2a: Ninetales|Ninetales, F|100/100
|-weather|SunnyDay|[from] ability: Drought|[of] p2a: Ninetales
|-activate|p1a: Walking Wake|ability: Protosynthesis
|-start|p1a: Walking Wake|protosynthesisspe
|turn|1
|
|t:|1760825322
|switch|p2a: Hatterene|Hatterene, F|100/100
|move|p1a: Walking Wake|Hydro Steam|p2a: Hatterene
|-damage|p2a: Hatterene|35/100
|-enditem|p2a: Hatterene|Eject Button
|
|t:|1760825328
|switch|p2a: Lilligant|Lilligant-Hisui, F|100/100
|
|-weather|SunnyDay|[upkeep]
|upkeep
|turn|2
|
|t:|1760825331
|-end|p1a: Walking Wake|Protosynthesis|[silent]
|switch|p1a: Shaymin|Shaymin, shiny|100/100
|move|p2a: Lilligant|Solar Blade||[still]
|-prepare|p2a: Lilligant|Solar Blade
|-anim|p2a: Lilligant|Solar Blade|p1a: Shaymin
|-resisted|p1a: Shaymin
|-damage|p1a: Shaymin|75/100
|-damage|p2a: Lilligant|84/100|[from] item: Rocky Helmet|[of] p1a: Shaymin
|-damage|p2a: Lilligant|74/100|[from] item: Life Orb
|
|-weather|SunnyDay|[upkeep]
|upkeep
|turn|3
|
|t:|1760825338
|move|p2a: Lilligant|Close Combat|p1a: Shaymin
|-damage|p1a: Shaymin|20/100
|-unboost|p2a: Lilligant|def|1
|-unboost|p2a: Lilligant|spd|1
|-damage|p2a: Lilligant|58/100|[from] item: Rocky Helmet|[of] p1a: Shaymin
|-damage|p2a: Lilligant|48/100|[from] item: Life Orb
|move|p1a: Shaymin|Earth Power|p2a: Lilligant
|-resisted|p2a: Lilligant
|-damage|p2a: Lilligant|23/100
|
|-weather|SunnyDay|[upkeep]
|upkeep
|turn|4
|
|t:|1760825345
|switch|p1a: Walking Wake|Walking Wake|100/100
|-activate|p1a: Walking Wake|ability: Protosynthesis
|-start|p1a: Walking Wake|protosynthesisspe
|move|p2a: Lilligant|Solar Blade||[still]
|-prepare|p2a: Lilligant|Solar Blade
|-anim|p2a: Lilligant|Solar Blade|p1a: Walking Wake
|-damage|p1a: Walking Wake|18/100
|-damage|p2a: Lilligant|13/100|[from] item: Life Orb
|
|-weather|SunnyDay|[upkeep]
|upkeep
|turn|5
|
|t:|1760825354
|move|p1a: Walking Wake|Hydro Steam|p2a: Lilligant
|-resisted|p2a: Lilligant
|-damage|p2a: Lilligant|0 fnt
|faint|p2a: Lilligant
|
|-weather|SunnyDay|[upkeep]
|upkeep
|inactive|pantuxd has 120 seconds left.
|
|t:|1760825391
|switch|p2a: Walking Wake|Walking Wake|100/100
|-activate|p2a: Walking Wake|ability: Protosynthesis
|-start|p2a: Walking Wake|protosynthesisspe
|turn|6
|
|t:|1760825399
|-end|p1a: Walking Wake|Protosynthesis|[silent]
|switch|p1a: Main course|Suicune|100/100
|-ability|p1a: Main course|Pressure
|move|p2a: Walking Wake|Hydro Steam|p1a: Main course
|-resisted|p1a: Main course
|-damage|p1a: Main course|74/100
|-damage|p2a: Walking Wake|91/100|[from] item: Life Orb
|
|-weather|SunnyDay|[upkeep]
|-heal|p1a: Main course|80/100|[from] item: Leftovers
|upkeep
|turn|7
|
|t:|1760825408
|-end|p2a: Walking Wake|Protosynthesis|[silent]
|switch|p2a: Hatterene|Hatterene, F|35/100
|move|p1a: Main course|Calm Mind|p1a: Main course
|-boost|p1a: Main course|spa|1
|-boost|p1a: Main course|spd|1
|
|-weather|SunnyDay|[upkeep]
|-heal|p1a: Main course|86/100|[from] item: Leftovers
|upkeep
|turn|8
|j| Squallskip2
|
|t:|1760825416
|move|p1a: Main course|Protect|p1a: Main course
|-singleturn|p1a: Main course|Protect
|move|p2a: Hatterene|Nuzzle|p1a: Main course
|-activate|p1a: Main course|move: Protect
|
|-weather|none
|-heal|p1a: Main course|92/100|[from] item: Leftovers
|upkeep
|turn|9
|
|t:|1760825420
|switch|p1a: Shaymin|Shaymin, shiny|20/100
|move|p2a: Hatterene|Nuzzle|p1a: Shaymin
|-resisted|p1a: Shaymin
|-damage|p1a: Shaymin|18/100
|-status|p1a: Shaymin|par
|-damage|p2a: Hatterene|18/100|[from] item: Rocky Helmet|[of] p1a: Shaymin
|
|upkeep
|turn|10
|
|t:|1760825425
|move|p1a: Shaymin|Synthesis|p1a: Shaymin
|-heal|p1a: Shaymin|68/100 par
|move|p2a: Hatterene|Psychic Noise|p1a: Shaymin
|-damage|p1a: Shaymin|41/100 par
|-start|p1a: Shaymin|move: Heal Block
|
|upkeep
|turn|11
|c| Squallskip2|I'm here to go grab FittedCrib05's team since I got soloed by the Suicune
|j| fafewf
|l|☆FittedCrib05
|inactive|FittedCrib05 disconnected and has a minute to reconnect!
|player|p1|
|inactive|FittedCrib05 has 30 seconds to reconnect!
|l| fafewf
|inactive|FittedCrib05 has 20 seconds to reconnect!
|j| fafewf
|inactive|FittedCrib05 has 15 seconds to reconnect!
|inactive|FittedCrib05 has 10 seconds to reconnect!
|inactive|FittedCrib05 has 5 seconds to reconnect!
|-message|FittedCrib05 lost due to inactivity.
|
|win|pantuxd
|raw|FittedCrib05's rating: 1366 &rarr; <strong>1348</strong><br />(-18 for losing)
|raw|pantuxd's rating: 1395 &rarr; <strong>1413</strong><br />(+18 for winning)
|l| Squallskip2
|l|☆pantuxd
|player|p2|
|l| fafewf
