|j|☆gock glocker
|j|☆Hummusgrubbus
|t:|1760848089
|gametype|singles
|player|p1|gock glocker|101|1547
|player|p2|Hummusgrubbus|1|1516
|gen|9
|tier|[Gen 9] OU
|rated|
|rule|HP Percentage Mod: HP is shown in percentages
|rule|Endless Battle Clause: Forcing endless battles is banned
|rule|Species Clause: Limit one of each Pokémon
|rule|OHKO Clause: OHKO moves are banned
|rule|Evasion Items Clause: Evasion items are banned
|rule|Evasion Moves Clause: Evasion moves are banned
|rule|Evasion Abilities Clause: Evasion abilities are banned
|rule|Sleep Moves Clause: Sleep-inducing moves are banned
|clearpoke
|poke|p1|Pecharunt|
|poke|p1|Garganacl, M|
|poke|p1|Hatterene, F|
|poke|p1|Iron Treads|
|poke|p1|Samurott-Hisui, F|
|poke|p1|Dragonite, M|
|poke|p2|Iron Valiant|
|poke|p2|Great Tusk|
|poke|p2|Rillaboom, F|
|poke|p2|Slowking-Galar, F|
|poke|p2|Kyurem|
|poke|p2|Weezing-Galar, M|
|teampreview
|inactive|Battle timer is ON: inactive players will automatically lose when time's up. (requested by gock glocker)
|j| Living Wasteland
|inactive|gock glocker has 120 seconds left.
|inactive|gock glocker has 90 seconds left.
|inactive|gock glocker has 60 seconds left.
|
|t:|1760848198
|teamsize|p1|6
|teamsize|p2|6
|start
|switch|p1a: Pecharunt|Pecharunt|100/100
|switch|p2a: Rillaboom|Rillaboom, F|100/100
|-fieldstart|move: Grassy Terrain|[from] ability: Grassy Surge|[of] p2a: Rillaboom
|turn|1
|
|t:|1760848205
|switch|p2a: Slowking|Slowking-Galar, F|100/100
|move|p1a: Pecharunt|Malignant Chain|p2a: Slowking
|-resisted|p2a: Slowking
|-crit|p2a: Slowking
|-damage|p2a: Slowking|90/100
|
|-heal|p2a: Slowking|96/100|[from] Grassy Terrain
|upkeep
|turn|2
|inactive|gock glocker has 120 seconds left.
|
|t:|1760848221
|move|p1a: Pecharunt|Nasty Plot|p1a: Pecharunt
|-boost|p1a: Pecharunt|spa|2
|move|p2a: Slowking|Future Sight|p1a: Pecharunt
|-start|p2a: Slowking|move: Future Sight
|
|-heal|p2a: Slowking|100/100|[from] Grassy Terrain
|upkeep
|turn|3
|
|t:|1760848229
|move|p1a: Pecharunt|Shadow Ball|p2a: Slowking
|-supereffective|p2a: Slowking
|-damage|p2a: Slowking|52/100
|move|p2a: Slowking|Mud Shot|p1a: Pecharunt
|-supereffective|p1a: Pecharunt
|-damage|p1a: Pecharunt|65/100
|
|-heal|p1a: Pecharunt|71/100|[from] Grassy Terrain
|-heal|p2a: Slowking|58/100|[from] Grassy Terrain
|upkeep
|turn|4
|
|t:|1760848239
|switch|p1a: Samurott|Samurott-Hisui, F|100/100
|move|p2a: Slowking|Focus Blast|p1a: Samurott
|-supereffective|p1a: Samurott
|-damage|p1a: Samurott|0 fnt
|faint|p1a: Samurott
|
|-hint|Future Sight did not hit because the target is fainted.
|-heal|p2a: Slowking|64/100|[from] Grassy Terrain
|upkeep
|
|t:|1760848248
|switch|p1a: Iron Treads|Iron Treads|100/100
|turn|5
|
|t:|1760848253
|move|p1a: Iron Treads|Knock Off|p2a: Slowking
|-supereffective|p2a: Slowking
|-damage|p2a: Slowking|13/100
|-enditem|p2a: Slowking|Assault Vest|[from] move: Knock Off|[of] p1a: Iron Treads
|move|p2a: Slowking|Focus Blast|p1a: Iron Treads
|-supereffective|p1a: Iron Treads
|-damage|p1a: Iron Treads|32/100
|
|-heal|p1a: Iron Treads|38/100|[from] Grassy Terrain
|-heal|p1a: Iron Treads|44/100|[from] item: Leftovers
|-heal|p2a: Slowking|19/100|[from] Grassy Terrain
|-fieldend|move: Grassy Terrain
|upkeep
|turn|6
|
|t:|1760848262
|switch|p2a: Great Tusk|Great Tusk|100/100
|move|p1a: Iron Treads|Stealth Rock|p2a: Great Tusk
|-sidestart|p2: Hummusgrubbus|move: Stealth Rock
|
|-heal|p1a: Iron Treads|50/100|[from] item: Leftovers
|upkeep
|turn|7
|
|t:|1760848271
|-end|p1a: Iron Treads|Quark Drive|[silent]
|switch|p1a: Hatterene|Hatterene, F|100/100
|move|p2a: Great Tusk|Stealth Rock|p1a: Hatterene
|move|p1a: Hatterene|Stealth Rock||[from] ability: Magic Bounce|[still]
|-fail|p1a: Hatterene
|
|upkeep
|turn|8
|
|t:|1760848282
|move|p2a: Great Tusk|Rapid Spin|p1a: Hatterene
|-damage|p1a: Hatterene|87/100
|-boost|p2a: Great Tusk|spe|1
|-damage|p2a: Great Tusk|84/100|[from] item: Rocky Helmet|[of] p1a: Hatterene
|-sideend|p2: Hummusgrubbus|Stealth Rock|[from] move: Rapid Spin|[of] p2a: Great Tusk
|move|p1a: Hatterene|Psychic Noise|p2a: Great Tusk
|-supereffective|p2a: Great Tusk
|-damage|p2a: Great Tusk|0 fnt
|faint|p2a: Great Tusk
|-end|p2a: Great Tusk|Protosynthesis|[silent]
|
|upkeep
|
|t:|1760848290
|switch|p2a: Slowking|Slowking-Galar, F|53/100
|turn|9
|inactive|gock glocker has 120 seconds left.
|
|t:|1760848320
|switch|p1a: Garganacl|Garganacl, M|100/100
|switch|p2a: Rillaboom|Rillaboom, F|100/100
|-fieldstart|move: Grassy Terrain|[from] ability: Grassy Surge|[of] p2a: Rillaboom
|
|upkeep
|turn|10
|
|t:|1760848325
|move|p1a: Garganacl|Protect|p1a: Garganacl
|-singleturn|p1a: Garganacl|Protect
|move|p2a: Rillaboom|Wood Hammer|p1a: Garganacl
|-activate|p1a: Garganacl|move: Protect
|
|upkeep
|turn|11
|inactive|gock glocker has 120 seconds left.
|
|t:|1760848365
|switch|p1a: Pecharunt|Pecharunt|71/100
|move|p2a: Rillaboom|U-turn|p1a: Pecharunt
|-resisted|p1a: Pecharunt
|-damage|p1a: Pecharunt|67/100
|
|t:|1760848372
|switch|p2a: Slowking|Slowking-Galar, F|86/100|[from] U-turn
|
|-heal|p1a: Pecharunt|73/100|[from] Grassy Terrain
|-heal|p2a: Slowking|92/100|[from] Grassy Terrain
|upkeep
|turn|12
|
|t:|1760848381
|move|p1a: Pecharunt|Shadow Ball|p2a: Slowking
|-supereffective|p2a: Slowking
|-damage|p2a: Slowking|58/100
|move|p2a: Slowking|Future Sight|p1a: Pecharunt
|-start|p2a: Slowking|move: Future Sight
|
|-heal|p1a: Pecharunt|79/100|[from] Grassy Terrain
|-heal|p2a: Slowking|64/100|[from] Grassy Terrain
|upkeep
|turn|13
|inactive|gock glocker has 120 seconds left.
|
|t:|1760848388
|switch|p1a: Garganacl|Garganacl, M|100/100
|move|p2a: Slowking|Mud Shot|p1a: Garganacl
|-supereffective|p1a: Garganacl
|-damage|p1a: Garganacl|78/100
|-unboost|p1a: Garganacl|spe|1
|
|-heal|p2a: Slowking|70/100|[from] Grassy Terrain
|-heal|p1a: Garganacl|84/100|[from] Grassy Terrain
|-heal|p1a: Garganacl|91/100|[from] item: Leftovers
|-fieldend|move: Grassy Terrain
|upkeep
|turn|14
|
|t:|1760848392
|move|p1a: Garganacl|Protect|p1a: Garganacl
|-singleturn|p1a: Garganacl|Protect
|move|p2a: Slowking|Focus Blast|p1a: Garganacl
|-activate|p1a: Garganacl|move: Protect
|
|-end|p1a: Garganacl|move: Future Sight
|-damage|p1a: Garganacl|53/100
|-heal|p1a: Garganacl|59/100|[from] item: Leftovers
|upkeep
|turn|15
|
|t:|1760848398
|move|p2a: Slowking|Future Sight|p1a: Garganacl
|-start|p2a: Slowking|move: Future Sight
|move|p1a: Garganacl|Recover|p1a: Garganacl
|-heal|p1a: Garganacl|100/100
|
|upkeep
|turn|16
|l| Living Wasteland
|
|t:|1760848412
|switch|p2a: Weezing|Weezing-Galar, M|100/100
|-ability|p2a: Weezing|Neutralizing Gas
|move|p1a: Garganacl|Stealth Rock|p2a: Weezing
|-sidestart|p2: Hummusgrubbus|move: Stealth Rock
|
|upkeep
|turn|17
|
|t:|1760848431
|move|p1a: Garganacl|Protect|p1a: Garganacl
|-singleturn|p1a: Garganacl|Protect
|move|p2a: Weezing|Will-O-Wisp|p1a: Garganacl
|-activate|p1a: Garganacl|move: Protect
|
|-end|p1a: Garganacl|move: Future Sight
|-damage|p1a: Garganacl|64/100
|-heal|p1a: Garganacl|70/100|[from] item: Leftovers
|upkeep
|turn|18
|
|t:|1760848439
|move|p2a: Weezing|Toxic|p1a: Garganacl
|-status|p1a: Garganacl|tox
|move|p1a: Garganacl|Salt Cure|p2a: Weezing
|-damage|p2a: Weezing|92/100
|-start|p2a: Weezing|Salt Cure
|
|-heal|p2a: Weezing|98/100|[from] item: Leftovers
|-heal|p1a: Garganacl|76/100 tox|[from] item: Leftovers
|-damage|p1a: Garganacl|70/100 tox|[from] psn
|-damage|p2a: Weezing|85/100|[from] Salt Cure
|upkeep
|turn|19
|
|t:|1760848454
|-end|p2a: Weezing|ability: Neutralizing Gas
|switch|p2a: Slowking|Slowking-Galar, F|100/100
|-damage|p2a: Slowking|88/100|[from] Stealth Rock
|switch|p1a: Iron Treads|Iron Treads|50/100
|
|-heal|p1a: Iron Treads|57/100|[from] item: Leftovers
|upkeep
|turn|20
|
|t:|1760848467
|move|p1a: Iron Treads|Earthquake|p2a: Slowking
|-supereffective|p2a: Slowking
|-damage|p2a: Slowking|7/100
|move|p2a: Slowking|Flamethrower|p1a: Iron Treads
|-supereffective|p1a: Iron Treads
|-damage|p1a: Iron Treads|2/100
|
|-heal|p1a: Iron Treads|8/100|[from] item: Leftovers
|upkeep
|turn|21
|
|t:|1760848476
|switch|p2a: Rillaboom|Rillaboom, F|100/100
|-damage|p2a: Rillaboom|88/100|[from] Stealth Rock
|-fieldstart|move: Grassy Terrain|[from] ability: Grassy Surge|[of] p2a: Rillaboom
|move|p1a: Iron Treads|Rapid Spin|p2a: Rillaboom
|-damage|p2a: Rillaboom|73/100
|-boost|p1a: Iron Treads|spe|1
|
|-heal|p1a: Iron Treads|15/100|[from] Grassy Terrain
|-heal|p1a: Iron Treads|21/100|[from] item: Leftovers
|-heal|p2a: Rillaboom|79/100|[from] Grassy Terrain
|upkeep
|turn|22
|inactive|gock glocker has 120 seconds left.
|
|t:|1760848520
|-end|p1a: Iron Treads|Quark Drive|[silent]
|switch|p1a: Pecharunt|Pecharunt|79/100
|move|p2a: Rillaboom|U-turn|p1a: Pecharunt
|-resisted|p1a: Pecharunt
|-damage|p1a: Pecharunt|75/100
|
|t:|1760848524
|switch|p2a: Slowking|Slowking-Galar, F|41/100|[from] U-turn
|-damage|p2a: Slowking|28/100|[from] Stealth Rock
|
|-heal|p1a: Pecharunt|81/100|[from] Grassy Terrain
|-heal|p2a: Slowking|34/100|[from] Grassy Terrain
|upkeep
|turn|23
|inactive|gock glocker has 120 seconds left.
|
|t:|1760848537
|switch|p2a: Kyurem|Kyurem|100/100
|-damage|p2a: Kyurem|76/100|[from] Stealth Rock
|-ability|p2a: Kyurem|Pressure
|move|p1a: Pecharunt|Shadow Ball|p2a: Kyurem
|-damage|p2a: Kyurem|52/100
|
|-heal|p2a: Kyurem|58/100|[from] Grassy Terrain
|-heal|p1a: Pecharunt|87/100|[from] Grassy Terrain
|upkeep
|turn|24
|
|t:|1760848544
|-terastallize|p2a: Kyurem|Ground
|move|p2a: Kyurem|Earth Power|p1a: Pecharunt
|-supereffective|p1a: Pecharunt
|-damage|p1a: Pecharunt|0 fnt
|faint|p1a: Pecharunt
|
|-heal|p2a: Kyurem|64/100|[from] Grassy Terrain
|upkeep
|
|t:|1760848547
|switch|p1a: Hatterene|Hatterene, F|87/100
|turn|25
|
|t:|1760848559
|move|p2a: Kyurem|Earth Power|p1a: Hatterene
|-damage|p1a: Hatterene|30/100
|move|p1a: Hatterene|Psychic Noise|p2a: Kyurem
|-damage|p2a: Kyurem|31/100
|-start|p2a: Kyurem|move: Heal Block
|
|-heal|p1a: Hatterene|36/100|[from] Grassy Terrain
|-fieldend|move: Grassy Terrain
|upkeep
|turn|26
|
|t:|1760848566
|switch|p2a: Rillaboom|Rillaboom, F|79/100
|-damage|p2a: Rillaboom|67/100|[from] Stealth Rock
|-fieldstart|move: Grassy Terrain|[from] ability: Grassy Surge|[of] p2a: Rillaboom
|move|p1a: Hatterene|Draining Kiss|p2a: Rillaboom
|-damage|p2a: Rillaboom|37/100
|-heal|p1a: Hatterene|61/100|[from] drain|[of] p2a: Rillaboom
|
|-heal|p2a: Rillaboom|43/100|[from] Grassy Terrain
|-heal|p1a: Hatterene|67/100|[from] Grassy Terrain
|upkeep
|turn|27
|
|t:|1760848586
|switch|p1a: Iron Treads|Iron Treads|21/100
|move|p2a: Rillaboom|Wood Hammer|p1a: Iron Treads
|-damage|p1a: Iron Treads|0 fnt
|faint|p1a: Iron Treads
|-end|p1a: Iron Treads|Quark Drive|[silent]
|-damage|p2a: Rillaboom|36/100|[from] Recoil
|
|-heal|p2a: Rillaboom|42/100|[from] Grassy Terrain
|upkeep
|
|t:|1760848589
|switch|p1a: Dragonite|Dragonite, M|100/100
|turn|28
|
|t:|1760848592
|move|p2a: Rillaboom|U-turn|p1a: Dragonite
|-resisted|p1a: Dragonite
|-damage|p1a: Dragonite|94/100
|
|t:|1760848595
|switch|p2a: Weezing|Weezing-Galar, M|85/100|[from] U-turn
|-ability|p2a: Weezing|Neutralizing Gas
|-damage|p2a: Weezing|73/100|[from] Stealth Rock
|move|p1a: Dragonite|Dragon Dance|p1a: Dragonite
|-boost|p1a: Dragonite|atk|1
|-boost|p1a: Dragonite|spe|1
|
|-heal|p2a: Weezing|79/100|[from] Grassy Terrain
|-heal|p2a: Weezing|85/100|[from] item: Leftovers
|upkeep
|turn|29
|
|t:|1760848605
|-terastallize|p1a: Dragonite|Fire
|move|p1a: Dragonite|Dragon Dance|p1a: Dragonite
|-boost|p1a: Dragonite|atk|1
|-boost|p1a: Dragonite|spe|1
|move|p2a: Weezing|Will-O-Wisp|p1a: Dragonite
|-immune|p1a: Dragonite
|
|-heal|p1a: Dragonite|99/100|[from] Grassy Terrain
|-heal|p2a: Weezing|91/100|[from] Grassy Terrain
|-heal|p2a: Weezing|97/100|[from] item: Leftovers
|upkeep
|turn|30
|
|t:|1760848609
|move|p1a: Dragonite|Encore|p2a: Weezing
|-start|p2a: Weezing|Encore
|move|p2a: Weezing|Will-O-Wisp|p1a: Dragonite
|-immune|p1a: Dragonite
|
|-heal|p1a: Dragonite|100/100|[from] Grassy Terrain
|-heal|p2a: Weezing|100/100|[from] Grassy Terrain
|-fieldend|move: Grassy Terrain
|upkeep
|turn|31
|
|t:|1760848612
|-end|p2a: Weezing|ability: Neutralizing Gas
|switch|p2a: Rillaboom|Rillaboom, F|42/100
|-damage|p2a: Rillaboom|30/100|[from] Stealth Rock
|-fieldstart|move: Grassy Terrain|[from] ability: Grassy Surge|[of] p2a: Rillaboom
|move|p1a: Dragonite|Dragon Dance|p1a: Dragonite
|-boost|p1a: Dragonite|atk|1
|-boost|p1a: Dragonite|spe|1
|
|-heal|p2a: Rillaboom|36/100|[from] Grassy Terrain
|upkeep
|turn|32
|
|t:|1760848616
|move|p1a: Dragonite|Fire Punch|p2a: Rillaboom
|-supereffective|p2a: Rillaboom
|-damage|p2a: Rillaboom|0 fnt
|faint|p2a: Rillaboom
|
|upkeep
|
|t:|1760848618
|switch|p2a: Weezing|Weezing-Galar, M|100/100
|-ability|p2a: Weezing|Neutralizing Gas
|-damage|p2a: Weezing|88/100|[from] Stealth Rock
|turn|33
|
|t:|1760848622
|move|p1a: Dragonite|Fire Punch|p2a: Weezing
|-damage|p2a: Weezing|19/100
|-status|p2a: Weezing|brn
|move|p2a: Weezing|Haze|p2a: Weezing
|-clearallboost
|
|-heal|p2a: Weezing|25/100 brn|[from] Grassy Terrain
|-heal|p2a: Weezing|31/100 brn|[from] item: Leftovers
|-damage|p2a: Weezing|25/100 brn|[from] brn
|upkeep
|turn|34
|
|t:|1760848636
|move|p1a: Dragonite|Encore|p2a: Weezing
|-start|p2a: Weezing|Encore
|move|p2a: Weezing|Haze|p2a: Weezing
|-clearallboost
|
|-heal|p2a: Weezing|31/100 brn|[from] Grassy Terrain
|-heal|p2a: Weezing|37/100 brn|[from] item: Leftovers
|-damage|p2a: Weezing|31/100 brn|[from] brn
|upkeep
|turn|35
|
|t:|1760848640
|move|p1a: Dragonite|Dragon Dance|p1a: Dragonite
|-boost|p1a: Dragonite|atk|1
|-boost|p1a: Dragonite|spe|1
|move|p2a: Weezing|Haze|p2a: Weezing
|-clearallboost
|
|-heal|p2a: Weezing|37/100 brn|[from] Grassy Terrain
|-heal|p2a: Weezing|43/100 brn|[from] item: Leftovers
|-damage|p2a: Weezing|37/100 brn|[from] brn
|-fieldend|move: Grassy Terrain
|upkeep
|turn|36
|
|t:|1760848645
|move|p1a: Dragonite|Dragon Dance|p1a: Dragonite
|-boost|p1a: Dragonite|atk|1
|-boost|p1a: Dragonite|spe|1
|move|p2a: Weezing|Haze|p2a: Weezing
|-clearallboost
|
|-heal|p2a: Weezing|43/100 brn|[from] item: Leftovers
|-damage|p2a: Weezing|37/100 brn|[from] brn
|-end|p2a: Weezing|Encore
|upkeep
|turn|37
|
|t:|1760848650
|move|p1a: Dragonite|Encore|p2a: Weezing
|-start|p2a: Weezing|Encore
|move|p2a: Weezing|Haze|p2a: Weezing
|-clearallboost
|
|-heal|p2a: Weezing|43/100 brn|[from] item: Leftovers
|-damage|p2a: Weezing|37/100 brn|[from] brn
|upkeep
|turn|38
|
|t:|1760848656
|move|p1a: Dragonite|Dragon Dance|p1a: Dragonite
|-boost|p1a: Dragonite|atk|1
|-boost|p1a: Dragonite|spe|1
|move|p2a: Weezing|Haze|p2a: Weezing
|-clearallboost
|
|-heal|p2a: Weezing|43/100 brn|[from] item: Leftovers
|-damage|p2a: Weezing|37/100 brn|[from] brn
|upkeep
|turn|39
|
|t:|1760848668
|move|p1a: Dragonite|Fire Punch|p2a: Weezing
|-damage|p2a: Weezing|9/100 brn
|move|p2a: Weezing|Haze|p2a: Weezing
|-clearallboost
|
|-heal|p2a: Weezing|15/100 brn|[from] item: Leftovers
|-damage|p2a: Weezing|9/100 brn|[from] brn
|-end|p2a: Weezing|Encore
|upkeep
|turn|40
|
|t:|1760848673
|move|p1a: Dragonite|Encore|p2a: Weezing
|-start|p2a: Weezing|Encore
|move|p2a: Weezing|Haze|p2a: Weezing
|-clearallboost
|
|-heal|p2a: Weezing|15/100 brn|[from] item: Leftovers
|-damage|p2a: Weezing|9/100 brn|[from] brn
|upkeep
|turn|41
|
|t:|1760848675
|move|p1a: Dragonite|Dragon Dance|p1a: Dragonite
|-boost|p1a: Dragonite|atk|1
|-boost|p1a: Dragonite|spe|1
|move|p2a: Weezing|Haze|p2a: Weezing
|-clearallboost
|
|-heal|p2a: Weezing|15/100 brn|[from] item: Leftovers
|-damage|p2a: Weezing|9/100 brn|[from] brn
|upkeep
|turn|42
|
|t:|1760848685
|move|p1a: Dragonite|Dragon Dance|p1a: Dragonite
|-boost|p1a: Dragonite|atk|1
|-boost|p1a: Dragonite|spe|1
|move|p2a: Weezing|Haze|p2a: Weezing
|-clearallboost
|
|-heal|p2a: Weezing|15/100 brn|[from] item: Leftovers
|-damage|p2a: Weezing|9/100 brn|[from] brn
|-end|p2a: Weezing|Encore
|upkeep
|turn|43
|
|t:|1760848712
|move|p1a: Dragonite|Fire Punch|p2a: Weezing
|-damage|p2a: Weezing|0 fnt
|faint|p2a: Weezing
|-end|p2a: Weezing|ability: Neutralizing Gas
|
|upkeep
|
|t:|1760848715
|switch|p2a: Slowking|Slowking-Galar, F|68/100
|-damage|p2a: Slowking|55/100|[from] Stealth Rock
|turn|44
|
|t:|1760848721
|move|p1a: Dragonite|Scale Shot|p2a: Slowking
|-damage|p2a: Slowking|39/100
|-damage|p2a: Slowking|23/100
|-damage|p2a: Slowking|7/100
|-damage|p2a: Slowking|0 fnt
|faint|p2a: Slowking
|-hitcount|p2: Slowking|4
|-unboost|p1a: Dragonite|def|1
|-boost|p1a: Dragonite|spe|1
|
|upkeep
|
|t:|1760848729
|switch|p2a: Iron Valiant|Iron Valiant|100/100
|-damage|p2a: Iron Valiant|94/100|[from] Stealth Rock
|turn|45
|
|t:|1760848744
|move|p1a: Dragonite|Dragon Dance|p1a: Dragonite
|-boost|p1a: Dragonite|atk|1
|-boost|p1a: Dragonite|spe|1
|move|p2a: Iron Valiant|Close Combat|p1a: Dragonite
|-damage|p1a: Dragonite|43/100
|-unboost|p2a: Iron Valiant|def|1
|-unboost|p2a: Iron Valiant|spd|1
|-damage|p2a: Iron Valiant|85/100|[from] item: Life Orb
|
|upkeep
|turn|46
|
|t:|1760848747
|move|p1a: Dragonite|Fire Punch|p2a: Iron Valiant
|-damage|p2a: Iron Valiant|0 fnt
|faint|p2a: Iron Valiant
|-end|p2a: Iron Valiant|Quark Drive|[silent]
|
|upkeep
|
|t:|1760848749
|switch|p2a: Kyurem|Kyurem, tera:Ground|31/100
|-damage|p2a: Kyurem|25/100|[from] Stealth Rock
|-ability|p2a: Kyurem|Pressure
|turn|47
|
|t:|1760848756
|move|p1a: Dragonite|Fire Punch|p2a: Kyurem
|-damage|p2a: Kyurem|0 fnt
|faint|p2a: Kyurem
|
|win|gock glocker
|raw|gock glocker's rating: 1547 &rarr; <strong>1565</strong><br />(+18 for winning)
|raw|Hummusgrubbus's rating: 1516 &rarr; <strong>1498</strong><br />(-18 for losing)
|l|☆Hummusgrubbus
|player|p2|
