|j|‽lol_nymbus
|j|‽I'mAtSchoolRNfrfr
|t:|1760718734
|gametype|singles
|player|p1|lol_nymbus|101|1248
|player|p2|I'mAtSchoolRNfrfr|caitlin|1249
|gen|9
|tier|[Gen 9] OU
|rated|
|rule|HP Percentage Mod: HP is shown in percentages
|rule|Endless Battle Clause: Forcing endless battles is banned
|rule|Species Clause: Limit one of each Pokémon
|rule|OHKO Clause: OHKO moves are banned
|rule|Evasion Items Clause: Evasion items are banned
|rule|Evasion Moves Clause: Evasion moves are banned
|rule|Evasion Abilities Clause: Evasion abilities are banned
|rule|Sleep Moves Clause: Sleep-inducing moves are banned
|clearpoke
|poke|p1|Iron Treads|
|poke|p1|Ninetales-Alola, F|
|poke|p1|Darkrai|
|poke|p1|Latias, F|
|poke|p1|Kingambit, M|
|poke|p1|Primarina, F|
|poke|p2|Landorus-Therian, M|
|poke|p2|Samurott-Hisui, F|
|poke|p2|Pecharunt|
|poke|p2|Scizor, M|
|poke|p2|Latios, M|
|poke|p2|Zamazenta-*|
|teampreview
|
|t:|1760718771
|teamsize|p1|6
|teamsize|p2|6
|start
|switch|p1a: Darkrai|Darkrai|100/100
|switch|p2a: Landorus|Landorus-Therian, M|100/100
|-ability|p2a: Landorus|Intimidate|boost
|-unboost|p1a: Darkrai|atk|1
|turn|1
|
|t:|1760718774
|move|p1a: Darkrai|Ice Beam|p2a: Landorus
|-supereffective|p2a: Landorus
|-damage|p2a: Landorus|0 fnt
|faint|p2a: Landorus
|
|upkeep
|
|t:|1760718778
|switch|p2a: Samurott|Samurott-Hisui, F|100/100
|turn|2
|
|t:|1760718783
|switch|p1a: Ninetales|Ninetales-Alola, F|100/100
|-weather|Snowscape|[from] ability: Snow Warning|[of] p1a: Ninetales
|move|p2a: Samurott|Ceaseless Edge|p1a: Ninetales
|-resisted|p1a: Ninetales
|-damage|p1a: Ninetales|79/100
|-sidestart|p1: lol_nymbus|Spikes
|
|-weather|Snowscape|[upkeep]
|upkeep
|turn|3
|
|t:|1760718787
|move|p1a: Ninetales|Aurora Veil|p1a: Ninetales
|-sidestart|p1: lol_nymbus|move: Aurora Veil
|move|p2a: Samurott|Knock Off|p1a: Ninetales
|-resisted|p1a: Ninetales
|-damage|p1a: Ninetales|69/100
|-enditem|p1a: Ninetales|Light Clay|[from] move: Knock Off|[of] p2a: Samurott
|
|-weather|Snowscape|[upkeep]
|upkeep
|turn|4
|
|t:|1760718791
|switch|p1a: Latias|Latias, F|100/100
|move|p2a: Samurott|Razor Shell|p1a: Latias|[miss]
|-miss|p2a: Samurott|p1a: Latias
|
|-weather|Snowscape|[upkeep]
|upkeep
|turn|5
|
|t:|1760718795
|move|p1a: Latias|Agility|p1a: Latias
|-boost|p1a: Latias|spe|2
|move|p2a: Samurott|Knock Off|p1a: Latias
|-supereffective|p1a: Latias
|-damage|p1a: Latias|59/100
|-enditem|p1a: Latias|Weakness Policy
|-boost|p1a: Latias|atk|2|[from] item: Weakness Policy
|-boost|p1a: Latias|spa|2|[from] item: Weakness Policy
|
|-weather|Snowscape|[upkeep]
|upkeep
|turn|6
|
|t:|1760718798
|-terastallize|p1a: Latias|Fairy
|move|p2a: Samurott|Sucker Punch||[still]
|-fail|p2a: Samurott
|move|p1a: Latias|Calm Mind|p1a: Latias
|-boost|p1a: Latias|spa|1
|-boost|p1a: Latias|spd|1
|
|-weather|none
|upkeep
|turn|7
|
|t:|1760718803
|switch|p2a: Pecharunt|Pecharunt|100/100
|move|p1a: Latias|Calm Mind|p1a: Latias
|-boost|p1a: Latias|spa|1
|-boost|p1a: Latias|spd|1
|
|upkeep
|turn|8
|
|t:|1760718805
|move|p1a: Latias|Stored Power|p2a: Pecharunt
|-supereffective|p2a: Pecharunt
|-damage|p2a: Pecharunt|0 fnt
|faint|p2a: Pecharunt
|
|upkeep
|
|t:|1760718808
|switch|p2a: Latios|Latios, M|100/100
|turn|9
|
|t:|1760718811
|-terastallize|p2a: Latios|Steel
|move|p1a: Latias|Draining Kiss|p2a: Latios
|-resisted|p2a: Latios
|-damage|p2a: Latios|67/100
|-heal|p1a: Latias|80/100|[from] drain|[of] p2a: Latios
|move|p2a: Latios|Calm Mind|p2a: Latios
|-boost|p2a: Latios|spa|1
|-boost|p2a: Latios|spd|1
|
|upkeep
|turn|10
|
|t:|1760718814
|move|p1a: Latias|Stored Power|p2a: Latios
|-resisted|p2a: Latios
|-damage|p2a: Latios|0 fnt
|faint|p2a: Latios
|
|-sideend|p1: lol_nymbus|move: Aurora Veil
|upkeep
|-message|I'mAtSchoolRNfrfr forfeited.
|
|win|lol_nymbus
|raw|lol_nymbus's rating: 1248 &rarr; <strong>1273</strong><br />(+25 for winning)
|raw|I&apos;mAtSchoolRNfrfr's rating: 1249 &rarr; <strong>1224</strong><br />(-25 for losing)
|l|‽I'mAtSchoolRNfrfr
|player|p2|
