|j|☆Blackinamerica999
|j|☆tete kal
|t:|1760885411
|gametype|singles
|player|p1|Blackinamerica999|266|1210
|player|p2|tete kal|palmer|1160
|gen|9
|tier|[Gen 9] OU
|rated|
|rule|HP Percentage Mod: HP is shown in percentages
|rule|Endless Battle Clause: Forcing endless battles is banned
|rule|Species Clause: Limit one of each Pokémon
|rule|OHKO Clause: OHKO moves are banned
|rule|Evasion Items Clause: Evasion items are banned
|rule|Evasion Moves Clause: Evasion moves are banned
|rule|Evasion Abilities Clause: Evasion abilities are banned
|rule|Sleep Moves Clause: Sleep-inducing moves are banned
|clearpoke
|poke|p1|Excadrill, M|
|poke|p1|Tyranitar, F|
|poke|p1|Iron Boulder|
|poke|p1|Iron Treads|
|poke|p1|Quaquaval, F|
|poke|p1|Iron Moth|
|poke|p2|Great Tusk|
|poke|p2|Moltres|
|poke|p2|Slowking-Galar, M|
|poke|p2|Ninetales-Alola, M|
|poke|p2|Dragapult, F|
|poke|p2|Sandslash-Alola, F|
|teampreview
|inactive|Battle timer is ON: inactive players will automatically lose when time's up. (requested by tete kal)
|
|t:|1760885421
|teamsize|p1|6
|teamsize|p2|6
|start
|switch|p1a: Iron Moth|Iron Moth|100/100
|switch|p2a: Great Tusk|Great Tusk|100/100
|turn|1
|
|t:|1760885430
|-end|p2a: Great Tusk|Protosynthesis|[silent]
|switch|p2a: Slowking|Slowking-Galar, M|100/100
|move|p1a: Iron Moth|Energy Ball|p2a: Slowking
|-resisted|p2a: Slowking
|-damage|p2a: Slowking|91/100
|
|-heal|p2a: Slowking|97/100|[from] item: Black Sludge
|upkeep
|turn|2
|
|t:|1760885442
|-end|p1a: Iron Moth|Quark Drive|[silent]
|switch|p1a: Iron Treads|Iron Treads|100/100
|-item|p1a: Iron Treads|Air Balloon
|move|p2a: Slowking|Thunder Wave|p1a: Iron Treads
|-immune|p1a: Iron Treads
|
|-heal|p2a: Slowking|100/100|[from] item: Black Sludge
|upkeep
|turn|3
|
|t:|1760885451
|switch|p2a: Moltres|Moltres|100/100
|move|p1a: Iron Treads|Rapid Spin|p2a: Moltres
|-damage|p2a: Moltres|92/100
|-boost|p1a: Iron Treads|spe|1
|-status|p1a: Iron Treads|brn|[from] ability: Flame Body|[of] p2a: Moltres
|
|-damage|p1a: Iron Treads|94/100 brn|[from] brn
|upkeep
|turn|4
|
|t:|1760885463
|move|p1a: Iron Treads|Volt Switch|p2a: Moltres
|-supereffective|p2a: Moltres
|-damage|p2a: Moltres|68/100
|
|t:|1760885466
|-end|p1a: Iron Treads|Quark Drive|[silent]
|switch|p1a: Tyranitar|Tyranitar, F|100/100|[from] Volt Switch
|-weather|Sandstorm|[from] ability: Sand Stream|[of] p1a: Tyranitar
|move|p2a: Moltres|U-turn|p1a: Tyranitar
|-supereffective|p1a: Tyranitar
|-damage|p1a: Tyranitar|79/100
|
|t:|1760885474
|switch|p2a: Ninetales|Ninetales-Alola, M|100/100|[from] U-turn
|-weather|Snowscape|[from] ability: Snow Warning|[of] p2a: Ninetales
|
|-weather|Snowscape|[upkeep]
|upkeep
|turn|5
|
|t:|1760885479
|move|p2a: Ninetales|Aurora Veil|p2a: Ninetales
|-sidestart|p2: tete kal|move: Aurora Veil
|move|p1a: Tyranitar|Stealth Rock|p2a: Ninetales
|-sidestart|p2: tete kal|move: Stealth Rock
|
|-weather|Snowscape|[upkeep]
|upkeep
|turn|6
|
|t:|1760885486
|switch|p2a: Great Tusk|Great Tusk|100/100
|-damage|p2a: Great Tusk|98/100|[from] Stealth Rock
|switch|p1a: Quaquaval|Quaquaval, F|100/100
|
|-weather|Snowscape|[upkeep]
|-heal|p2a: Great Tusk|100/100|[from] item: Leftovers
|upkeep
|turn|7
|
|t:|1760885491
|move|p2a: Great Tusk|Rapid Spin|p1a: Quaquaval
|-damage|p1a: Quaquaval|77/100
|-boost|p2a: Great Tusk|spe|1
|-sideend|p2: tete kal|Stealth Rock|[from] move: Rapid Spin|[of] p2a: Great Tusk
|move|p1a: Quaquaval|Aqua Step|p2a: Great Tusk
|-supereffective|p2a: Great Tusk
|-damage|p2a: Great Tusk|71/100
|-boost|p1a: Quaquaval|spe|1
|
|-weather|Snowscape|[upkeep]
|-heal|p2a: Great Tusk|77/100|[from] item: Leftovers
|upkeep
|turn|8
|
|t:|1760885501
|move|p2a: Great Tusk|Close Combat|p1a: Quaquaval
|-damage|p1a: Quaquaval|0 fnt
|-unboost|p2a: Great Tusk|def|1
|-unboost|p2a: Great Tusk|spd|1
|faint|p1a: Quaquaval
|
|-weather|none
|-heal|p2a: Great Tusk|84/100|[from] item: Leftovers
|upkeep
|
|t:|1760885512
|switch|p1a: Iron Moth|Iron Moth|100/100
|turn|9
|
|t:|1760885523
|-end|p2a: Great Tusk|Protosynthesis|[silent]
|switch|p2a: Slowking|Slowking-Galar, M|100/100
|move|p1a: Iron Moth|Fire Blast|p2a: Slowking
|-damage|p2a: Slowking|83/100
|
|-heal|p2a: Slowking|89/100|[from] item: Black Sludge
|upkeep
|turn|10
|
|t:|1760885531
|-end|p1a: Iron Moth|Quark Drive|[silent]
|switch|p1a: Iron Treads|Iron Treads|94/100 brn
|-item|p1a: Iron Treads|Air Balloon
|move|p2a: Slowking|Future Sight|p1a: Iron Treads
|-start|p2a: Slowking|move: Future Sight
|
|-heal|p2a: Slowking|95/100|[from] item: Black Sludge
|-damage|p1a: Iron Treads|88/100 brn|[from] brn
|upkeep
|turn|11
|
|t:|1760885536
|move|p1a: Iron Treads|Volt Switch|p2a: Slowking
|-damage|p2a: Slowking|92/100
|
|t:|1760885540
|-end|p1a: Iron Treads|Quark Drive|[silent]
|switch|p1a: Iron Boulder|Iron Boulder|100/100|[from] Volt Switch
|-enditem|p1a: Iron Boulder|Booster Energy
|-activate|p1a: Iron Boulder|ability: Quark Drive|[fromitem]
|-start|p1a: Iron Boulder|quarkdrivespe
|-prepare|p2a: Slowking|Chilly Reception|[premajor]
|move|p2a: Slowking|Chilly Reception|p2a: Slowking
|-weather|Snowscape
|
|t:|1760885551
|switch|p2a: Dragapult|Dragapult, F|100/100|[from] Chilly Reception
|
|-weather|Snowscape|[upkeep]
|upkeep
|turn|12
|
|t:|1760885565
|move|p1a: Iron Boulder|Swords Dance|p1a: Iron Boulder
|-boost|p1a: Iron Boulder|atk|2
|move|p2a: Dragapult|Shadow Ball|p1a: Iron Boulder
|-supereffective|p1a: Iron Boulder
|-damage|p1a: Iron Boulder|0 fnt
|faint|p1a: Iron Boulder
|-end|p1a: Iron Boulder|Quark Drive|[silent]
|
|-weather|Snowscape|[upkeep]
|-hint|Future Sight did not hit because the target is fainted.
|-sideend|p2: tete kal|move: Aurora Veil
|upkeep
|
|t:|1760885574
|switch|p1a: Tyranitar|Tyranitar, F|79/100
|-weather|Sandstorm|[from] ability: Sand Stream|[of] p1a: Tyranitar
|turn|13
|
|t:|1760885584
|switch|p2a: Ninetales|Ninetales-Alola, M|100/100
|-weather|Snowscape|[from] ability: Snow Warning|[of] p2a: Ninetales
|switch|p1a: Excadrill|Excadrill, M|100/100
|
|-weather|Snowscape|[upkeep]
|upkeep
|turn|14
|
|t:|1760885595
|switch|p2a: Moltres|Moltres|68/100
|switch|p1a: Tyranitar|Tyranitar, F|79/100
|-weather|Sandstorm|[from] ability: Sand Stream|[of] p1a: Tyranitar
|
|-weather|Sandstorm|[upkeep]
|-damage|p2a: Moltres|62/100|[from] Sandstorm
|upkeep
|turn|15
|
|t:|1760885601
|move|p2a: Moltres|Will-O-Wisp|p1a: Tyranitar
|-status|p1a: Tyranitar|brn
|move|p1a: Tyranitar|Thunder Wave|p2a: Moltres
|-status|p2a: Moltres|par
|
|-weather|Sandstorm|[upkeep]
|-damage|p2a: Moltres|56/100 par|[from] Sandstorm
|-damage|p1a: Tyranitar|73/100 brn|[from] brn
|upkeep
|turn|16
|
|t:|1760885607
|move|p1a: Tyranitar|Stealth Rock|p2a: Moltres
|-sidestart|p2: tete kal|move: Stealth Rock
|cant|p2a: Moltres|par
|
|-weather|Sandstorm|[upkeep]
|-damage|p2a: Moltres|50/100 par|[from] Sandstorm
|-damage|p1a: Tyranitar|66/100 brn|[from] brn
|upkeep
|turn|17
|
|t:|1760885612
|move|p1a: Tyranitar|Crunch|p2a: Moltres
|-damage|p2a: Moltres|38/100 par
|move|p2a: Moltres|U-turn|p1a: Tyranitar
|-supereffective|p1a: Tyranitar
|-damage|p1a: Tyranitar|45/100 brn
|
|t:|1760885616
|switch|p2a: Great Tusk|Great Tusk|84/100|[from] U-turn
|-damage|p2a: Great Tusk|81/100|[from] Stealth Rock
|
|-weather|Sandstorm|[upkeep]
|-heal|p2a: Great Tusk|87/100|[from] item: Leftovers
|-damage|p1a: Tyranitar|39/100 brn|[from] brn
|upkeep
|turn|18
|
|t:|1760885623
|move|p2a: Great Tusk|Rapid Spin|p1a: Tyranitar
|-resisted|p1a: Tyranitar
|-damage|p1a: Tyranitar|32/100 brn
|-boost|p2a: Great Tusk|spe|1
|-sideend|p2: tete kal|Stealth Rock|[from] move: Rapid Spin|[of] p2a: Great Tusk
|move|p1a: Tyranitar|Roar|p2a: Great Tusk
|-end|p2a: Great Tusk|Protosynthesis|[silent]
|drag|p2a: Moltres|Moltres|38/100 par
|
|-weather|none
|-damage|p1a: Tyranitar|26/100 brn|[from] brn
|upkeep
|turn|19
|
|t:|1760885634
|move|p1a: Tyranitar|Stealth Rock|p2a: Moltres
|-sidestart|p2: tete kal|move: Stealth Rock
|cant|p2a: Moltres|par
|
|-damage|p1a: Tyranitar|20/100 brn|[from] brn
|upkeep
|turn|20
|
|t:|1760885638
|move|p1a: Tyranitar|Crunch|p2a: Moltres
|-damage|p2a: Moltres|25/100 par
|move|p2a: Moltres|Roost|p2a: Moltres
|-heal|p2a: Moltres|75/100 par
|-singleturn|p2a: Moltres|move: Roost
|
|-damage|p1a: Tyranitar|14/100 brn|[from] brn
|upkeep
|turn|21
|
|t:|1760885648
|switch|p1a: Iron Treads|Iron Treads|88/100 brn
|-item|p1a: Iron Treads|Air Balloon
|move|p2a: Moltres|U-turn|p1a: Iron Treads
|-resisted|p1a: Iron Treads
|-damage|p1a: Iron Treads|83/100 brn
|-enditem|p1a: Iron Treads|Air Balloon
|
|t:|1760885658
|switch|p2a: Great Tusk|Great Tusk|87/100|[from] U-turn
|-damage|p2a: Great Tusk|84/100|[from] Stealth Rock
|
|-heal|p2a: Great Tusk|90/100|[from] item: Leftovers
|-damage|p1a: Iron Treads|77/100 brn|[from] brn
|upkeep
|turn|22
|
|t:|1760885664
|move|p2a: Great Tusk|Rapid Spin|p1a: Iron Treads
|-resisted|p1a: Iron Treads
|-damage|p1a: Iron Treads|71/100 brn
|-boost|p2a: Great Tusk|spe|1
|-sideend|p2: tete kal|Stealth Rock|[from] move: Rapid Spin|[of] p2a: Great Tusk
|move|p1a: Iron Treads|Ice Spinner|p2a: Great Tusk
|-supereffective|p2a: Great Tusk
|-damage|p2a: Great Tusk|75/100
|
|-heal|p2a: Great Tusk|82/100|[from] item: Leftovers
|-damage|p1a: Iron Treads|65/100 brn|[from] brn
|upkeep
|turn|23
|
|t:|1760885673
|move|p2a: Great Tusk|Earthquake|p1a: Iron Treads
|-supereffective|p1a: Iron Treads
|-damage|p1a: Iron Treads|0 fnt
|faint|p1a: Iron Treads
|-end|p1a: Iron Treads|Quark Drive|[silent]
|
|-heal|p2a: Great Tusk|88/100|[from] item: Leftovers
|upkeep
|
|t:|1760885677
|switch|p1a: Iron Moth|Iron Moth|100/100
|turn|24
|
|t:|1760885685
|-end|p2a: Great Tusk|Protosynthesis|[silent]
|switch|p2a: Slowking|Slowking-Galar, M|100/100
|move|p1a: Iron Moth|Fire Blast|p2a: Slowking
|-damage|p2a: Slowking|63/100
|
|-heal|p2a: Slowking|69/100|[from] item: Black Sludge
|upkeep
|turn|25
|
|t:|1760885692
|move|p1a: Iron Moth|Fire Blast|p2a: Slowking
|-damage|p2a: Slowking|32/100
|move|p2a: Slowking|Future Sight|p1a: Iron Moth
|-start|p2a: Slowking|move: Future Sight
|
|-heal|p2a: Slowking|39/100|[from] item: Black Sludge
|upkeep
|turn|26
|
|t:|1760885698
|-terastallize|p1a: Iron Moth|Fire
|move|p1a: Iron Moth|Fire Blast|p2a: Slowking
|-damage|p2a: Slowking|0 fnt
|faint|p2a: Slowking
|
|upkeep
|
|t:|1760885718
|switch|p2a: Moltres|Moltres|75/100 par
|turn|27
|
|t:|1760885723
|-end|p1a: Iron Moth|Quark Drive|[silent]
|switch|p1a: Tyranitar|Tyranitar, F|14/100 brn
|-weather|Sandstorm|[from] ability: Sand Stream|[of] p1a: Tyranitar
|move|p2a: Moltres|Roost|p2a: Moltres
|-heal|p2a: Moltres|100/100 par
|-singleturn|p2a: Moltres|move: Roost
|
|-weather|Sandstorm|[upkeep]
|-damage|p2a: Moltres|94/100 par|[from] Sandstorm
|-end|p1a: Tyranitar|move: Future Sight
|-immune|p1a: Tyranitar
|-damage|p1a: Tyranitar|7/100 brn|[from] brn
|upkeep
|turn|28
|
|t:|1760885727
|switch|p1a: Iron Moth|Iron Moth, tera:Fire|100/100
|switch|p2a: Great Tusk|Great Tusk|88/100
|
|-weather|Sandstorm|[upkeep]
|-damage|p1a: Iron Moth|95/100|[from] Sandstorm
|-heal|p2a: Great Tusk|94/100|[from] item: Leftovers
|upkeep
|turn|29
|
|t:|1760885737
|-end|p2a: Great Tusk|Protosynthesis|[silent]
|switch|p2a: Moltres|Moltres|94/100 par
|move|p1a: Iron Moth|Fire Blast|p2a: Moltres
|-resisted|p2a: Moltres
|-damage|p2a: Moltres|52/100 par
|
|-weather|Sandstorm|[upkeep]
|-damage|p1a: Iron Moth|89/100|[from] Sandstorm
|-damage|p2a: Moltres|46/100 par|[from] Sandstorm
|upkeep
|turn|30
|
|t:|1760885744
|-end|p1a: Iron Moth|Quark Drive|[silent]
|switch|p1a: Excadrill|Excadrill, M|100/100
|cant|p2a: Moltres|par
|
|-weather|Sandstorm|[upkeep]
|-damage|p2a: Moltres|40/100 par|[from] Sandstorm
|upkeep
|turn|31
|
|t:|1760885758
|move|p1a: Excadrill|Rock Slide|p2a: Moltres
|-supereffective|p2a: Moltres
|-damage|p2a: Moltres|0 fnt
|faint|p2a: Moltres
|
|-weather|none
|upkeep
|
|t:|1760885768
|switch|p2a: Great Tusk|Great Tusk|94/100
|turn|32
|
|t:|1760885779
|switch|p1a: Tyranitar|Tyranitar, F|7/100 brn
|-weather|Sandstorm|[from] ability: Sand Stream|[of] p1a: Tyranitar
|move|p2a: Great Tusk|Rapid Spin|p1a: Tyranitar
|-resisted|p1a: Tyranitar
|-damage|p1a: Tyranitar|1/100 brn
|-boost|p2a: Great Tusk|spe|1
|
|-weather|Sandstorm|[upkeep]
|-heal|p2a: Great Tusk|99/100|[from] item: Leftovers
|-damage|p1a: Tyranitar|0 fnt|[from] brn
|faint|p1a: Tyranitar
|upkeep
|
|t:|1760885787
|switch|p1a: Iron Moth|Iron Moth, tera:Fire|89/100
|turn|33
|
|t:|1760885797
|move|p1a: Iron Moth|Energy Ball|p2a: Great Tusk
|-supereffective|p2a: Great Tusk
|-damage|p2a: Great Tusk|0 fnt
|faint|p2a: Great Tusk
|-end|p2a: Great Tusk|Protosynthesis|[silent]
|
|-weather|Sandstorm|[upkeep]
|-damage|p1a: Iron Moth|83/100|[from] Sandstorm
|upkeep
|
|t:|1760885801
|switch|p2a: Ninetales|Ninetales-Alola, M|100/100
|-weather|Snowscape|[from] ability: Snow Warning|[of] p2a: Ninetales
|turn|34
|
|t:|1760885805
|move|p1a: Iron Moth|Energy Ball|p2a: Ninetales
|-damage|p2a: Ninetales|55/100
|move|p2a: Ninetales|Aurora Veil|p2a: Ninetales
|-sidestart|p2: tete kal|move: Aurora Veil
|
|-weather|Snowscape|[upkeep]
|upkeep
|turn|35
|
|t:|1760885814
|-end|p1a: Iron Moth|Quark Drive|[silent]
|switch|p1a: Excadrill|Excadrill, M|100/100
|move|p2a: Ninetales|Freeze-Dry|p1a: Excadrill
|-damage|p1a: Excadrill|66/100
|
|-weather|Snowscape|[upkeep]
|upkeep
|turn|36
|
|t:|1760885823
|switch|p2a: Dragapult|Dragapult, F|100/100
|move|p1a: Excadrill|Iron Head|p2a: Dragapult
|-damage|p2a: Dragapult|55/100
|
|-weather|Snowscape|[upkeep]
|upkeep
|turn|37
|
|t:|1760885828
|move|p2a: Dragapult|Flamethrower|p1a: Excadrill
|-supereffective|p1a: Excadrill
|-damage|p1a: Excadrill|0 fnt
|faint|p1a: Excadrill
|
|-weather|Snowscape|[upkeep]
|upkeep
|
|t:|1760885830
|switch|p1a: Iron Moth|Iron Moth, tera:Fire|83/100
|turn|38
|
|t:|1760885834
|move|p1a: Iron Moth|Fire Blast|p2a: Dragapult|[miss]
|-miss|p1a: Iron Moth|p2a: Dragapult
|move|p2a: Dragapult|Flamethrower|p1a: Iron Moth
|-resisted|p1a: Iron Moth
|-damage|p1a: Iron Moth|63/100
|
|-weather|none
|upkeep
|turn|39
|
|t:|1760885837
|move|p1a: Iron Moth|Fire Blast|p2a: Dragapult
|-resisted|p2a: Dragapult
|-damage|p2a: Dragapult|26/100
|move|p2a: Dragapult|Flamethrower|p1a: Iron Moth
|-resisted|p1a: Iron Moth
|-damage|p1a: Iron Moth|44/100
|
|upkeep
|turn|40
|
|t:|1760885840
|move|p1a: Iron Moth|Fire Blast|p2a: Dragapult
|-resisted|p2a: Dragapult
|-damage|p2a: Dragapult|0 fnt
|faint|p2a: Dragapult
|
|upkeep
|
|t:|1760885844
|switch|p2a: Ninetales|Ninetales-Alola, M|55/100
|-weather|Snowscape|[from] ability: Snow Warning|[of] p2a: Ninetales
|turn|41
|
|t:|1760885847
|-activate|p1a: Iron Moth|move: Struggle
|move|p1a: Iron Moth|Struggle|p2a: Ninetales
|-damage|p2a: Ninetales|52/100
|-damage|p1a: Iron Moth|19/100|[from] recoil
|move|p2a: Ninetales|Moonblast|p1a: Iron Moth
|-resisted|p1a: Iron Moth
|-damage|p1a: Iron Moth|0 fnt
|faint|p1a: Iron Moth
|-end|p1a: Iron Moth|Quark Drive|[silent]
|
|win|tete kal
|raw|Blackinamerica999's rating: 1210 &rarr; <strong>1181</strong><br />(-29 for losing)
|raw|tete kal's rating: 1160 &rarr; <strong>1189</strong><br />(+29 for winning)
|l|☆Blackinamerica999
|player|p1|
