|j|☆Srita Kaguya
|j|‽mantikarp2.0
|t:|1760772060
|gametype|singles
|player|p1|Srita Kaguya|janine|1649
|player|p2|mantikarp2.0|medium|1689
|gen|9
|tier|[Gen 9] OU
|rated|
|rule|HP Percentage Mod: HP is shown in percentages
|rule|Endless Battle Clause: Forcing endless battles is banned
|rule|Species Clause: Limit one of each Pokémon
|rule|OHKO Clause: OHKO moves are banned
|rule|Evasion Items Clause: Evasion items are banned
|rule|Evasion Moves Clause: Evasion moves are banned
|rule|Evasion Abilities Clause: Evasion abilities are banned
|rule|Sleep Moves Clause: Sleep-inducing moves are banned
|clearpoke
|poke|p1|Clodsire, M|
|poke|p1|Quagsire, M|
|poke|p1|Blissey, F|
|poke|p1|Dondozo, M|
|poke|p1|Skarmory, F|
|poke|p1|Clefable, F|
|poke|p2|Dragapult, M|
|poke|p2|Corviknight, F|
|poke|p2|Slowking-Galar, M|
|poke|p2|Kyurem|
|poke|p2|Heatran, F|
|poke|p2|Great Tusk|
|teampreview
|l|‽mantikarp2.0
|player|p2|
|j|‽mantikarp2.0
|player|p2|mantikarp2.0|medium|
|n|‽mantikarp2.0|mantikarp20
|n|‽mantikarp2.0|mantikarp20
|inactive|Battle timer is ON: inactive players will automatically lose when time's up. (requested by mantikarp2.0)
|
|t:|1760772124
|teamsize|p1|6
|teamsize|p2|6
|start
|switch|p1a: Clefable|Clefable, F|100/100
|switch|p2a: Kyurem|Kyurem|100/100
|-ability|p2a: Kyurem|Pressure
|turn|1
|
|t:|1760772132
|move|p2a: Kyurem|Ice Beam|p1a: Clefable
|-damage|p1a: Clefable|29/100
|move|p1a: Clefable|Knock Off|p2a: Kyurem
|-crit|p2a: Kyurem
|-damage|p2a: Kyurem|81/100
|-enditem|p2a: Kyurem|Choice Specs|[from] move: Knock Off|[of] p1a: Clefable
|
|-heal|p1a: Clefable|35/100|[from] item: Leftovers
|upkeep
|turn|2
|
|t:|1760772143
|move|p1a: Clefable|Protect|p1a: Clefable
|-singleturn|p1a: Clefable|Protect
|move|p2a: Kyurem|Blizzard|p1a: Clefable
|-activate|p1a: Clefable|move: Protect
|
|-heal|p1a: Clefable|41/100|[from] item: Leftovers
|upkeep
|turn|3
|
|t:|1760772146
|switch|p1a: Blissey|Blissey, F|100/100
|move|p2a: Kyurem|Ice Beam|p1a: Blissey
|-damage|p1a: Blissey|86/100
|
|upkeep
|turn|4
|
|t:|1760772151
|switch|p2a: Corviknight|Corviknight, F|100/100
|-ability|p2a: Corviknight|Pressure
|switch|p1a: Clefable|Clefable, F|41/100
|
|-heal|p1a: Clefable|47/100|[from] item: Leftovers
|upkeep
|turn|5
|
|t:|1760772157
|move|p2a: Corviknight|U-turn|p1a: Clefable
|-resisted|p1a: Clefable
|-damage|p1a: Clefable|42/100
|
|t:|1760772159
|switch|p2a: Heatran|Heatran, F|100/100|[from] U-turn
|move|p1a: Clefable|Wish|p1a: Clefable
|
|-heal|p1a: Clefable|48/100|[from] item: Leftovers
|upkeep
|turn|6
|
|t:|1760772162
|move|p1a: Clefable|Protect|p1a: Clefable
|-singleturn|p1a: Clefable|Protect
|move|p2a: Heatran|Stealth Rock|p1a: Clefable
|-sidestart|p1: Srita Kaguya|move: Stealth Rock
|
|-heal|p1a: Clefable|98/100|[from] move: Wish|[wisher] Clefable
|-heal|p1a: Clefable|100/100|[from] item: Leftovers
|upkeep
|turn|7
|
|t:|1760772172
|switch|p1a: Clodsire|Clodsire, M|100/100
|move|p2a: Heatran|Taunt|p1a: Clodsire
|-start|p1a: Clodsire|move: Taunt
|
|upkeep
|turn|8
|
|t:|1760772175
|switch|p2a: Corviknight|Corviknight, F|100/100
|-ability|p2a: Corviknight|Pressure
|move|p1a: Clodsire|Earthquake|p2a: Corviknight
|-immune|p2a: Corviknight
|
|upkeep
|turn|9
|
|t:|1760772180
|switch|p1a: Clefable|Clefable, F|100/100
|move|p2a: Corviknight|U-turn|p1a: Clefable
|-resisted|p1a: Clefable
|-damage|p1a: Clefable|95/100
|
|t:|1760772185
|switch|p2a: Slowking|Slowking-Galar, M|100/100|[from] U-turn
|
|-heal|p1a: Clefable|100/100|[from] item: Leftovers
|upkeep
|turn|10
|
|t:|1760772188
|move|p1a: Clefable|Knock Off|p2a: Slowking
|-supereffective|p2a: Slowking
|-damage|p2a: Slowking|67/100
|-enditem|p2a: Slowking|Heavy-Duty Boots|[from] move: Knock Off|[of] p1a: Clefable
|move|p2a: Slowking|Thunder Wave|p1a: Clefable
|-status|p1a: Clefable|par
|
|upkeep
|turn|11
|
|t:|1760772194
|switch|p1a: Blissey|Blissey, F|86/100
|move|p2a: Slowking|Future Sight|p1a: Blissey
|-start|p2a: Slowking|move: Future Sight
|
|upkeep
|turn|12
|
|t:|1760772202
|switch|p1a: Clefable|Clefable, F|100/100 par
|-prepare|p2a: Slowking|Chilly Reception|[premajor]
|move|p2a: Slowking|Chilly Reception|p2a: Slowking
|-weather|Snowscape
|
|t:|1760772226
|switch|p2a: Kyurem|Kyurem|81/100|[from] Chilly Reception
|-ability|p2a: Kyurem|Pressure
|
|-weather|Snowscape|[upkeep]
|upkeep
|turn|13
|
|t:|1760772233
|switch|p2a: Slowking|Slowking-Galar, M|99/100
|switch|p1a: Blissey|Blissey, F|86/100
|
|-weather|Snowscape|[upkeep]
|-end|p1a: Blissey|move: Future Sight
|-damage|p1a: Blissey|72/100
|upkeep
|turn|14
|
|t:|1760772239
|move|p1a: Blissey|Soft-Boiled|p1a: Blissey
|-heal|p1a: Blissey|100/100
|move|p2a: Slowking|Future Sight|p1a: Blissey
|-start|p2a: Slowking|move: Future Sight
|
|-weather|Snowscape|[upkeep]
|upkeep
|turn|15
|
|t:|1760772244
|switch|p1a: Clefable|Clefable, F|100/100 par
|-prepare|p2a: Slowking|Chilly Reception|[premajor]
|move|p2a: Slowking|Chilly Reception|p2a: Slowking
|
|t:|1760772248
|switch|p2a: Heatran|Heatran, F|100/100|[from] Chilly Reception
|
|-weather|Snowscape|[upkeep]
|upkeep
|turn|16
|
|t:|1760772253
|move|p1a: Clefable|Protect|p1a: Clefable
|-singleturn|p1a: Clefable|Protect
|move|p2a: Heatran|Taunt|p1a: Clefable
|-activate|p1a: Clefable|move: Protect
|
|-weather|none
|-end|p1a: Clefable|move: Future Sight
|-damage|p1a: Clefable|57/100 par
|-heal|p1a: Clefable|63/100 par|[from] item: Leftovers
|upkeep
|turn|17
|
|t:|1760772261
|switch|p1a: Clodsire|Clodsire, M|100/100
|move|p2a: Heatran|Taunt|p1a: Clodsire
|-start|p1a: Clodsire|move: Taunt
|
|upkeep
|turn|18
|
|t:|1760772268
|switch|p2a: Corviknight|Corviknight, F|100/100
|-ability|p2a: Corviknight|Pressure
|switch|p1a: Clefable|Clefable, F|63/100 par
|
|-heal|p1a: Clefable|69/100 par|[from] item: Leftovers
|upkeep
|turn|19
|
|t:|1760772275
|move|p2a: Corviknight|U-turn|p1a: Clefable
|-resisted|p1a: Clefable
|-damage|p1a: Clefable|64/100 par
|
|t:|1760772278
|switch|p2a: Slowking|Slowking-Galar, M|100/100|[from] U-turn
|move|p1a: Clefable|Wish|p1a: Clefable
|
|-heal|p1a: Clefable|70/100 par|[from] item: Leftovers
|upkeep
|turn|20
|
|t:|1760772282
|switch|p1a: Clodsire|Clodsire, M|100/100
|move|p2a: Slowking|Future Sight|p1a: Clodsire
|-start|p2a: Slowking|move: Future Sight
|
|upkeep
|turn|21
|
|t:|1760772286
|switch|p2a: Corviknight|Corviknight, F|100/100
|-ability|p2a: Corviknight|Pressure
|move|p1a: Clodsire|Stealth Rock|p2a: Corviknight
|-sidestart|p2: mantikarp2.0|move: Stealth Rock
|
|upkeep
|turn|22
|
|t:|1760772291
|switch|p1a: Skarmory|Skarmory, F|100/100
|-damage|p1a: Skarmory|88/100|[from] Stealth Rock
|move|p2a: Corviknight|Iron Defense|p2a: Corviknight
|-boost|p2a: Corviknight|def|2
|
|-end|p1a: Skarmory|move: Future Sight
|-resisted|p1a: Skarmory
|-damage|p1a: Skarmory|60/100
|upkeep
|turn|23
|
|t:|1760772298
|move|p1a: Skarmory|Spikes|p2a: Corviknight
|-sidestart|p2: mantikarp2.0|Spikes
|move|p2a: Corviknight|U-turn|p1a: Skarmory
|-resisted|p1a: Skarmory
|-damage|p1a: Skarmory|58/100
|-damage|p2a: Corviknight|84/100|[from] item: Rocky Helmet|[of] p1a: Skarmory
|
|t:|1760772300
|switch|p2a: Heatran|Heatran, F|100/100|[from] U-turn
|-damage|p2a: Heatran|88/100|[from] Stealth Rock
|-damage|p2a: Heatran|76/100|[from] Spikes
|
|-heal|p2a: Heatran|82/100|[from] item: Leftovers
|upkeep
|turn|24
|-message|mantikarp2.0 forfeited.
|
|win|Srita Kaguya
|raw|Srita Kaguya's rating: 1649 &rarr; <strong>1671</strong><br />(+22 for winning)
|raw|mantikarp2.0's rating: 1689 &rarr; <strong>1667</strong><br />(-22 for losing)
|l|‽mantikarp2.0
|player|p2|
