|j|☆exposed king
|j|☆abGodc
|t:|1760804551
|gametype|singles
|player|p1|exposed king|102|1429
|player|p2|abGodc|iris-gen5bw2|1479
|gen|9
|tier|[Gen 9] OU
|rated|
|rule|HP Percentage Mod: HP is shown in percentages
|rule|Endless Battle Clause: Forcing endless battles is banned
|rule|Species Clause: Limit one of each Pokémon
|rule|OHKO Clause: OHKO moves are banned
|rule|Evasion Items Clause: Evasion items are banned
|rule|Evasion Moves Clause: Evasion moves are banned
|rule|Evasion Abilities Clause: Evasion abilities are banned
|rule|Sleep Moves Clause: Sleep-inducing moves are banned
|clearpoke
|poke|p1|Darkrai|
|poke|p1|Garchomp, M|
|poke|p1|Ditto|
|poke|p1|Azumarill, F|
|poke|p1|Thundurus-Therian, M|
|poke|p1|Volcanion|
|poke|p2|Iron Crown|
|poke|p2|Hydrapple, M|
|poke|p2|Garganacl, M|
|poke|p2|Alomomola, M|
|poke|p2|Iron Treads|
|poke|p2|Gliscor, M|
|teampreview
|inactive|Battle timer is ON: inactive players will automatically lose when time's up. (requested by abGodc)
|
|t:|1760804581
|teamsize|p1|6
|teamsize|p2|6
|start
|switch|p1a: Ditto|Ditto|100/100
|switch|p2a: Hydrapple|Hydrapple, M|100/100
|-transform|p1a: Ditto|p2a: Hydrapple|[from] ability: Imposter
|turn|1
|
|t:|1760804589
|switch|p2a: Alomomola|Alomomola, M|100/100
|move|p1a: Ditto|Fickle Beam|p2a: Alomomola
|-damage|p2a: Alomomola|82/100
|
|upkeep
|turn|2
|
|t:|1760804595
|switch|p1a: Volcanion|Volcanion|100/100
|move|p2a: Alomomola|Flip Turn|p1a: Volcanion
|-immune|p1a: Volcanion|[from] ability: Water Absorb
|
|upkeep
|turn|3
|
|t:|1760804603
|move|p1a: Volcanion|Steam Eruption|p2a: Alomomola
|-resisted|p2a: Alomomola
|-damage|p2a: Alomomola|67/100
|move|p2a: Alomomola|Mirror Coat|p1a: Volcanion
|-damage|p1a: Volcanion|59/100
|
|upkeep
|turn|4
|
|t:|1760804610
|switch|p1a: Thundurus|Thundurus-Therian, M|100/100
|move|p2a: Alomomola|Body Slam|p1a: Thundurus
|-damage|p1a: Thundurus|75/100
|
|upkeep
|turn|5
|
|t:|1760804615
|switch|p2a: Gliscor|Gliscor, M|100/100
|move|p1a: Thundurus|Volt Switch|p2a: Gliscor
|-immune|p2a: Gliscor
|
|-status|p2a: Gliscor|tox|[from] item: Toxic Orb
|upkeep
|turn|6
|
|t:|1760804619
|switch|p1a: Ditto|Ditto|100/100
|-transform|p1a: Ditto|p2a: Gliscor|[from] ability: Imposter
|move|p2a: Gliscor|Spikes|p1a: Ditto
|-sidestart|p1: exposed king|Spikes
|
|upkeep
|turn|7
|
|t:|1760804628
|move|p1a: Ditto|Spikes|p2a: Gliscor
|-sidestart|p2: abGodc|Spikes
|move|p2a: Gliscor|Spikes|p1a: Ditto
|-sidestart|p1: exposed king|Spikes
|
|upkeep
|turn|8
|
|t:|1760804632
|move|p1a: Ditto|Spikes|p2a: Gliscor
|-sidestart|p2: abGodc|Spikes
|move|p2a: Gliscor|Spikes|p1a: Ditto
|-sidestart|p1: exposed king|Spikes
|
|upkeep
|turn|9
|
|t:|1760804637
|switch|p2a: Iron Treads|Iron Treads|100/100
|-damage|p2a: Iron Treads|84/100|[from] Spikes
|move|p1a: Ditto|Spikes|p2a: Iron Treads
|-sidestart|p2: abGodc|Spikes
|
|upkeep
|turn|10
|
|t:|1760804643
|switch|p1a: Garchomp|Garchomp, M|100/100
|-damage|p1a: Garchomp|76/100|[from] Spikes
|move|p2a: Iron Treads|Rapid Spin|p1a: Garchomp
|-damage|p1a: Garchomp|64/100
|-boost|p2a: Iron Treads|spe|1
|-damage|p2a: Iron Treads|72/100|[from] ability: Rough Skin|[of] p1a: Garchomp
|-damage|p2a: Iron Treads|55/100|[from] item: Rocky Helmet|[of] p1a: Garchomp
|-sideend|p2: abGodc|Spikes|[from] move: Rapid Spin|[of] p2a: Iron Treads
|
|upkeep
|turn|11
|
|t:|1760804649
|move|p2a: Iron Treads|Ice Spinner|p1a: Garchomp
|-supereffective|p1a: Garchomp
|-damage|p1a: Garchomp|0 fnt
|-damage|p2a: Iron Treads|43/100|[from] ability: Rough Skin|[of] p1a: Garchomp
|-damage|p2a: Iron Treads|26/100|[from] item: Rocky Helmet|[of] p1a: Garchomp
|faint|p1a: Garchomp
|
|upkeep
|
|t:|1760804653
|switch|p1a: Azumarill|Azumarill, F|100/100
|-damage|p1a: Azumarill|76/100|[from] Spikes
|turn|12
|
|t:|1760804659
|-end|p2a: Iron Treads|Quark Drive|[silent]
|switch|p2a: Alomomola|Alomomola, M|99/100
|move|p1a: Azumarill|Aqua Jet|p2a: Alomomola
|-resisted|p2a: Alomomola
|-damage|p2a: Alomomola|91/100
|
|upkeep
|turn|13
|
|t:|1760804662
|move|p2a: Alomomola|Body Slam|p1a: Azumarill
|-damage|p1a: Azumarill|57/100
|move|p1a: Azumarill|Knock Off|p2a: Alomomola
|-damage|p2a: Alomomola|64/100
|-enditem|p2a: Alomomola|Assault Vest|[from] move: Knock Off|[of] p1a: Azumarill
|
|upkeep
|turn|14
|
|t:|1760804668
|move|p2a: Alomomola|Flip Turn|p1a: Azumarill
|-resisted|p1a: Azumarill
|-damage|p1a: Azumarill|49/100
|
|t:|1760804673
|switch|p2a: Iron Crown|Iron Crown|100/100|[from] Flip Turn
|move|p1a: Azumarill|Play Rough|p2a: Iron Crown
|-resisted|p2a: Iron Crown
|-crit|p2a: Iron Crown
|-damage|p2a: Iron Crown|53/100
|
|upkeep
|turn|15
|
|t:|1760804682
|switch|p1a: Thundurus|Thundurus-Therian, M|75/100
|move|p2a: Iron Crown|Volt Switch|p1a: Thundurus
|-heal|p1a: Thundurus|99/100|[from] ability: Volt Absorb|[of] p2a: Iron Crown
|
|upkeep
|turn|16
|
|t:|1760804690
|-end|p2a: Iron Crown|Quark Drive|[silent]
|switch|p2a: Garganacl|Garganacl, M|100/100
|move|p1a: Thundurus|Dark Pulse|p2a: Garganacl
|-damage|p2a: Garganacl|79/100
|
|-heal|p2a: Garganacl|85/100|[from] item: Leftovers
|upkeep
|turn|17
|
|t:|1760804694
|switch|p1a: Ditto|Ditto|100/100
|-transform|p1a: Ditto|p2a: Garganacl|[from] ability: Imposter
|move|p2a: Garganacl|Stealth Rock|p1a: Ditto
|-sidestart|p1: exposed king|move: Stealth Rock
|
|-heal|p2a: Garganacl|91/100|[from] item: Leftovers
|upkeep
|turn|18
|
|t:|1760804699
|move|p1a: Ditto|Stealth Rock|p2a: Garganacl
|-sidestart|p2: abGodc|move: Stealth Rock
|move|p2a: Garganacl|Salt Cure|p1a: Ditto
|-damage|p1a: Ditto|87/100
|-start|p1a: Ditto|Salt Cure
|
|-heal|p2a: Garganacl|97/100|[from] item: Leftovers
|-damage|p1a: Ditto|75/100|[from] Salt Cure
|upkeep
|turn|19
|
|t:|1760804702
|move|p2a: Garganacl|Salt Cure|p1a: Ditto
|-damage|p1a: Ditto|63/100
|move|p1a: Ditto|Salt Cure|p2a: Garganacl
|-damage|p2a: Garganacl|88/100
|-start|p2a: Garganacl|Salt Cure
|
|-heal|p2a: Garganacl|94/100|[from] item: Leftovers
|-damage|p2a: Garganacl|82/100|[from] Salt Cure
|-damage|p1a: Ditto|51/100|[from] Salt Cure
|upkeep
|turn|20
|
|t:|1760804709
|switch|p2a: Iron Treads|Iron Treads|26/100
|-damage|p2a: Iron Treads|23/100|[from] Stealth Rock
|move|p1a: Ditto|Recover|p1a: Ditto
|-heal|p1a: Ditto|100/100
|
|-damage|p1a: Ditto|88/100|[from] Salt Cure
|upkeep
|turn|21
|
|t:|1760804714
|move|p1a: Ditto|Protect|p1a: Ditto
|-singleturn|p1a: Ditto|Protect
|move|p2a: Iron Treads|Earthquake|p1a: Ditto
|-activate|p1a: Ditto|move: Protect
|
|-damage|p1a: Ditto|76/100|[from] Salt Cure
|upkeep
|turn|22
|
|t:|1760804718
|move|p2a: Iron Treads|Rapid Spin|p1a: Ditto
|-resisted|p1a: Ditto
|-damage|p1a: Ditto|68/100
|-boost|p2a: Iron Treads|spe|1
|-sideend|p2: abGodc|Stealth Rock|[from] move: Rapid Spin|[of] p2a: Iron Treads
|move|p1a: Ditto|Salt Cure|p2a: Iron Treads
|-resisted|p2a: Iron Treads
|-damage|p2a: Iron Treads|20/100
|-start|p2a: Iron Treads|Salt Cure
|
|-damage|p2a: Iron Treads|0 fnt|[from] Salt Cure
|faint|p2a: Iron Treads
|-end|p2a: Iron Treads|Quark Drive|[silent]
|-damage|p1a: Ditto|56/100|[from] Salt Cure
|upkeep
|
|t:|1760804721
|switch|p2a: Iron Crown|Iron Crown|53/100
|turn|23
|
|t:|1760804724
|switch|p1a: Thundurus|Thundurus-Therian, M|99/100
|-damage|p1a: Thundurus|75/100|[from] Stealth Rock
|move|p2a: Iron Crown|Tachyon Cutter|p1a: Thundurus
|-resisted|p1a: Thundurus
|-damage|p1a: Thundurus|52/100
|-resisted|p1a: Thundurus
|-damage|p1a: Thundurus|25/100
|-hitcount|p1a: Thundurus|2
|
|upkeep
|turn|24
|
|t:|1760804735
|-end|p2a: Iron Crown|Quark Drive|[silent]
|switch|p2a: Alomomola|Alomomola, M|97/100
|-terastallize|p1a: Thundurus|Flying
|move|p1a: Thundurus|Tera Blast|p2a: Alomomola|[anim] Tera Blast Flying
|-damage|p2a: Alomomola|38/100
|
|upkeep
|turn|25
|
|t:|1760804738
|switch|p2a: Garganacl|Garganacl, M|82/100
|move|p1a: Thundurus|Tera Blast|p2a: Garganacl|[anim] Tera Blast Flying
|-resisted|p2a: Garganacl
|-damage|p2a: Garganacl|61/100
|
|-heal|p2a: Garganacl|67/100|[from] item: Leftovers
|upkeep
|turn|26
|
|t:|1760804743
|switch|p1a: Ditto|Ditto|56/100
|-transform|p1a: Ditto|p2a: Garganacl|[from] ability: Imposter
|move|p2a: Garganacl|Salt Cure|p1a: Ditto
|-damage|p1a: Ditto|44/100
|-start|p1a: Ditto|Salt Cure
|
|-heal|p2a: Garganacl|74/100|[from] item: Leftovers
|-damage|p1a: Ditto|32/100|[from] Salt Cure
|upkeep
|turn|27
|
|t:|1760804752
|move|p1a: Ditto|Recover|p1a: Ditto
|-heal|p1a: Ditto|82/100
|move|p2a: Garganacl|Salt Cure|p1a: Ditto
|-damage|p1a: Ditto|69/100
|
|-heal|p2a: Garganacl|80/100|[from] item: Leftovers
|-damage|p1a: Ditto|57/100|[from] Salt Cure
|upkeep
|turn|28
|
|t:|1760804754
|move|p2a: Garganacl|Protect|p2a: Garganacl
|-singleturn|p2a: Garganacl|Protect
|move|p1a: Ditto|Salt Cure|p2a: Garganacl
|-activate|p2a: Garganacl|move: Protect
|
|-heal|p2a: Garganacl|86/100|[from] item: Leftovers
|-damage|p1a: Ditto|45/100|[from] Salt Cure
|upkeep
|turn|29
|
|t:|1760804758
|switch|p2a: Iron Crown|Iron Crown|53/100
|move|p1a: Ditto|Recover|p1a: Ditto
|-heal|p1a: Ditto|95/100
|
|-damage|p1a: Ditto|82/100|[from] Salt Cure
|upkeep
|turn|30
|
|t:|1760804764
|switch|p1a: Volcanion|Volcanion|59/100
|move|p2a: Iron Crown|Tachyon Cutter|p1a: Volcanion
|-resisted|p1a: Volcanion
|-crit|p1a: Volcanion
|-damage|p1a: Volcanion|48/100
|-resisted|p1a: Volcanion
|-damage|p1a: Volcanion|39/100
|-hitcount|p1a: Volcanion|2
|
|upkeep
|turn|31
|
|t:|1760804770
|-end|p2a: Iron Crown|Quark Drive|[silent]
|switch|p2a: Alomomola|Alomomola, M|71/100
|move|p1a: Volcanion|Earth Power|p2a: Alomomola
|-crit|p2a: Alomomola
|-damage|p2a: Alomomola|32/100
|
|upkeep
|turn|32
|
|t:|1760804776
|switch|p1a: Ditto|Ditto|82/100
|-transform|p1a: Ditto|p2a: Alomomola|[from] ability: Imposter
|move|p2a: Alomomola|Mirror Coat||[still]
|-fail|p2a: Alomomola
|
|upkeep
|turn|33
|
|t:|1760804786
|switch|p2a: Hydrapple|Hydrapple, M|100/100
|move|p1a: Ditto|Body Slam|p2a: Hydrapple
|-damage|p2a: Hydrapple|91/100
|-status|p2a: Hydrapple|par
|
|upkeep
|turn|34
|
|t:|1760804792
|move|p1a: Ditto|Flip Turn|p2a: Hydrapple
|-resisted|p2a: Hydrapple
|-damage|p2a: Hydrapple|89/100 par
|
|t:|1760804803
|switch|p1a: Azumarill|Azumarill, F|49/100|[from] Flip Turn
|-damage|p1a: Azumarill|24/100|[from] Spikes
|-damage|p1a: Azumarill|11/100|[from] Stealth Rock
|move|p2a: Hydrapple|Giga Drain|p1a: Azumarill
|-supereffective|p1a: Azumarill
|-damage|p1a: Azumarill|0 fnt
|-heal|p2a: Hydrapple|94/100 par|[from] drain|[of] p1a: Azumarill
|faint|p1a: Azumarill
|
|upkeep
|
|t:|1760804822
|switch|p1a: Darkrai|Darkrai|100/100
|-damage|p1a: Darkrai|76/100|[from] Spikes
|-damage|p1a: Darkrai|63/100|[from] Stealth Rock
|turn|35
|
|t:|1760804827
|switch|p2a: Alomomola|Alomomola, M|65/100
|move|p1a: Darkrai|Dark Pulse|p2a: Alomomola
|-damage|p2a: Alomomola|9/100
|
|upkeep
|turn|36
|
|t:|1760804837
|switch|p2a: Gliscor|Gliscor, M|100/100 tox
|move|p1a: Darkrai|Dark Pulse|p2a: Gliscor
|-damage|p2a: Gliscor|43/100 tox
|
|-heal|p2a: Gliscor|55/100 tox|[from] ability: Poison Heal
|upkeep
|turn|37
|
|t:|1760804843
|move|p2a: Gliscor|Protect|p2a: Gliscor
|-singleturn|p2a: Gliscor|Protect
|move|p1a: Darkrai|Dark Pulse|p2a: Gliscor
|-activate|p2a: Gliscor|move: Protect
|
|-heal|p2a: Gliscor|68/100 tox|[from] ability: Poison Heal
|upkeep
|turn|38
|
|t:|1760804854
|move|p1a: Darkrai|Dark Pulse|p2a: Gliscor
|-damage|p2a: Gliscor|10/100 tox
|cant|p2a: Gliscor|flinch
|
|-heal|p2a: Gliscor|22/100 tox|[from] ability: Poison Heal
|upkeep
|turn|39
|
|t:|1760804858
|move|p2a: Gliscor|Protect|p2a: Gliscor
|-singleturn|p2a: Gliscor|Protect
|move|p1a: Darkrai|Dark Pulse|p2a: Gliscor
|-activate|p2a: Gliscor|move: Protect
|
|-heal|p2a: Gliscor|35/100 tox|[from] ability: Poison Heal
|upkeep
|turn|40
|
|t:|1760804862
|move|p1a: Darkrai|Dark Pulse|p2a: Gliscor
|-damage|p2a: Gliscor|0 fnt
|faint|p2a: Gliscor
|
|upkeep
|
|t:|1760804863
|switch|p2a: Garganacl|Garganacl, M|86/100
|turn|41
|
|t:|1760804866
|switch|p1a: Ditto|Ditto|100/100
|-transform|p1a: Ditto|p2a: Garganacl|[from] ability: Imposter
|-terastallize|p2a: Garganacl|Fairy
|move|p2a: Garganacl|Salt Cure|p1a: Ditto
|-damage|p1a: Ditto|89/100
|-start|p1a: Ditto|Salt Cure
|
|-heal|p2a: Garganacl|92/100|[from] item: Leftovers
|-damage|p1a: Ditto|77/100|[from] Salt Cure
|upkeep
|turn|42
|
|t:|1760804873
|move|p2a: Garganacl|Protect|p2a: Garganacl
|-singleturn|p2a: Garganacl|Protect
|move|p1a: Ditto|Stealth Rock|p2a: Garganacl
|-sidestart|p2: abGodc|move: Stealth Rock
|
|-heal|p2a: Garganacl|98/100|[from] item: Leftovers
|-damage|p1a: Ditto|64/100|[from] Salt Cure
|upkeep
|turn|43
|
|t:|1760804878
|switch|p2a: Hydrapple|Hydrapple, M|100/100 par
|move|p1a: Ditto|Salt Cure|p2a: Hydrapple
|-damage|p2a: Hydrapple|93/100 par
|-start|p2a: Hydrapple|Salt Cure
|
|-damage|p1a: Ditto|52/100|[from] Salt Cure
|-damage|p2a: Hydrapple|81/100 par|[from] Salt Cure
|upkeep
|turn|44
|
|t:|1760804883
|switch|p2a: Alomomola|Alomomola, M|42/100
|-damage|p2a: Alomomola|30/100|[from] Stealth Rock
|move|p1a: Ditto|Protect||[still]
|-fail|p1a: Ditto
|
|-damage|p1a: Ditto|40/100|[from] Salt Cure
|upkeep
|turn|45
|
|t:|1760804888
|switch|p2a: Hydrapple|Hydrapple, M|100/100 par
|move|p1a: Ditto|Recover|p1a: Ditto
|-heal|p1a: Ditto|90/100
|
|-damage|p1a: Ditto|77/100|[from] Salt Cure
|upkeep
|turn|46
|
|t:|1760804893
|switch|p1a: Thundurus|Thundurus-Therian, M, tera:Flying|25/100
|-damage|p1a: Thundurus|0 fnt|[from] Stealth Rock
|faint|p1a: Thundurus
|move|p2a: Hydrapple|Nasty Plot|p2a: Hydrapple
|-boost|p2a: Hydrapple|spa|2
|
|upkeep
|
|t:|1760804899
|switch|p1a: Darkrai|Darkrai|63/100
|-damage|p1a: Darkrai|38/100|[from] Spikes
|-damage|p1a: Darkrai|26/100|[from] Stealth Rock
|turn|47
|
|t:|1760804905
|switch|p2a: Alomomola|Alomomola, M|63/100
|-damage|p2a: Alomomola|51/100|[from] Stealth Rock
|move|p1a: Darkrai|Ice Beam|p2a: Alomomola
|-resisted|p2a: Alomomola
|-damage|p2a: Alomomola|32/100
|
|upkeep
|turn|48
|
|t:|1760804916
|move|p1a: Darkrai|Ice Beam|p2a: Alomomola
|-resisted|p2a: Alomomola
|-damage|p2a: Alomomola|11/100
|move|p2a: Alomomola|Body Slam|p1a: Darkrai
|-damage|p1a: Darkrai|7/100
|-status|p1a: Darkrai|par
|
|upkeep
|turn|49
|
|t:|1760804921
|switch|p2a: Iron Crown|Iron Crown|53/100
|-damage|p2a: Iron Crown|46/100|[from] Stealth Rock
|move|p1a: Darkrai|Ice Beam|p2a: Iron Crown
|-resisted|p2a: Iron Crown
|-damage|p2a: Iron Crown|23/100
|
|upkeep
|turn|50
|
|t:|1760804928
|move|p2a: Iron Crown|Volt Switch|p1a: Darkrai
|-damage|p1a: Darkrai|0 fnt
|faint|p1a: Darkrai
|
|t:|1760804932
|-end|p2a: Iron Crown|Quark Drive|[silent]
|switch|p2a: Alomomola|Alomomola, M|44/100|[from] Volt Switch
|-damage|p2a: Alomomola|32/100|[from] Stealth Rock
|
|upkeep
|
|t:|1760804940
|switch|p1a: Volcanion|Volcanion|39/100
|turn|51
|
|t:|1760804943
|move|p1a: Volcanion|Earth Power|p2a: Alomomola
|-damage|p2a: Alomomola|8/100
|move|p2a: Alomomola|Mirror Coat|p1a: Volcanion
|-damage|p1a: Volcanion|0 fnt
|faint|p1a: Volcanion
|
|upkeep
|-message|exposed king forfeited.
|
|win|abGodc
|raw|exposed king's rating: 1429 &rarr; <strong>1412</strong><br />(-17 for losing)
|raw|abGodc's rating: 1479 &rarr; <strong>1496</strong><br />(+17 for winning)
|l|☆exposed king
|player|p1|
|l|☆abGodc
|player|p2|
