|j|☆itsyumiiiii
|j|☆Kaz2109
|t:|1760732537
|gametype|singles
|player|p1|itsyumiiiii|iris|1413
|player|p2|Kaz2109|lady-gen4|1422
|gen|9
|tier|[Gen 9] OU
|rated|
|rule|HP Percentage Mod: HP is shown in percentages
|rule|Endless Battle Clause: Forcing endless battles is banned
|rule|Species Clause: Limit one of each Pokémon
|rule|OHKO Clause: OHKO moves are banned
|rule|Evasion Items Clause: Evasion items are banned
|rule|Evasion Moves Clause: Evasion moves are banned
|rule|Evasion Abilities Clause: Evasion abilities are banned
|rule|Sleep Moves Clause: Sleep-inducing moves are banned
|clearpoke
|poke|p1|Zamazenta-*|
|poke|p1|Iron Crown|
|poke|p1|Glimmora, F|
|poke|p1|Quaquaval, M|
|poke|p1|Garchomp, M|
|poke|p1|Heatran, F|
|poke|p2|Pelipper, F|
|poke|p2|Ogerpon-Wellspring, F|
|poke|p2|Barraskewda, F|
|poke|p2|Tornadus-Therian, M|
|poke|p2|Raging Bolt|
|poke|p2|Iron Treads|
|teampreview
|inactive|Battle timer is ON: inactive players will automatically lose when time's up. (requested by itsyumiiiii)
|
|t:|1760732554
|teamsize|p1|6
|teamsize|p2|6
|start
|switch|p1a: Zamazenta|Zamazenta|100/100
|switch|p2a: Iron Treads|Iron Treads|100/100
|-ability|p1a: Zamazenta|Dauntless Shield|boost
|-boost|p1a: Zamazenta|def|1
|turn|1
|
|t:|1760732559
|-end|p2a: Iron Treads|Quark Drive|[silent]
|switch|p2a: Pelipper|Pelipper, F|100/100
|-weather|RainDance|[from] ability: Drizzle|[of] p2a: Pelipper
|move|p1a: Zamazenta|Reflect|p1a: Zamazenta
|-sidestart|p1: itsyumiiiii|Reflect
|
|-weather|RainDance|[upkeep]
|upkeep
|turn|2
|
|t:|1760732566
|move|p1a: Zamazenta|Light Screen|p1a: Zamazenta
|-sidestart|p1: itsyumiiiii|move: Light Screen
|move|p2a: Pelipper|Hurricane|p1a: Zamazenta
|-supereffective|p1a: Zamazenta
|-damage|p1a: Zamazenta|73/100
|
|-weather|RainDance|[upkeep]
|upkeep
|turn|3
|
|t:|1760732580
|switch|p1a: Glimmora|Glimmora, F|100/100
|move|p2a: Pelipper|Surf|p1a: Glimmora
|-supereffective|p1a: Glimmora
|-damage|p1a: Glimmora|40/100
|-enditem|p1a: Glimmora|Red Card|[of] p2a: Pelipper
|drag|p2a: Tornadus|Tornadus-Therian, M|100/100
|
|-weather|RainDance|[upkeep]
|upkeep
|turn|4
|
|t:|1760732591
|-terastallize|p2a: Tornadus|Ground
|move|p2a: Tornadus|Nasty Plot|p2a: Tornadus
|-boost|p2a: Tornadus|spa|2
|move|p1a: Glimmora|Stealth Rock|p2a: Tornadus
|-sidestart|p2: Kaz2109|move: Stealth Rock
|
|-weather|RainDance|[upkeep]
|upkeep
|turn|5
|
|t:|1760732598
|move|p2a: Tornadus|Tera Blast|p1a: Glimmora|[anim] Tera Blast Ground
|-supereffective|p1a: Glimmora
|-damage|p1a: Glimmora|0 fnt
|faint|p1a: Glimmora
|
|-weather|RainDance|[upkeep]
|upkeep
|
|t:|1760732602
|switch|p1a: Iron Crown|Iron Crown|100/100
|turn|6
|
|t:|1760732606
|move|p2a: Tornadus|Tera Blast|p1a: Iron Crown|[anim] Tera Blast Ground
|-supereffective|p1a: Iron Crown
|-crit|p1a: Iron Crown
|-damage|p1a: Iron Crown|0 fnt
|faint|p1a: Iron Crown
|-end|p1a: Iron Crown|Quark Drive|[silent]
|
|-weather|RainDance|[upkeep]
|upkeep
|-message|itsyumiiiii forfeited.
|
|win|Kaz2109
|raw|itsyumiiiii's rating: 1413 &rarr; <strong>1394</strong><br />(-19 for losing)
|raw|Kaz2109's rating: 1422 &rarr; <strong>1441</strong><br />(+19 for winning)
|l|☆itsyumiiiii
|player|p1|
