|j|☆Dawdumdum
|j|☆Barrales
|t:|1760827184
|gametype|singles
|player|p1|Dawdumdum|parasollady|1042
|player|p2|Barrales|169|1056
|gen|9
|tier|[Gen 9] OU
|rated|
|rule|HP Percentage Mod: HP is shown in percentages
|rule|Endless Battle Clause: Forcing endless battles is banned
|rule|Species Clause: Limit one of each Pokémon
|rule|OHKO Clause: OHKO moves are banned
|rule|Evasion Items Clause: Evasion items are banned
|rule|Evasion Moves Clause: Evasion moves are banned
|rule|Evasion Abilities Clause: Evasion abilities are banned
|rule|Sleep Moves Clause: Sleep-inducing moves are banned
|clearpoke
|poke|p1|Leavanny, F|
|poke|p1|Mamoswine, M|
|poke|p1|Cresselia, F|
|poke|p1|Quaquaval, M|
|poke|p1|Haxorus, M|
|poke|p1|Torkoal, F|
|poke|p2|Incineroar, M|
|poke|p2|Serperior, F|
|poke|p2|Hydreigon, M|
|poke|p2|Quaquaval, F|
|poke|p2|Slowking-Galar, F|
|poke|p2|Gliscor, F|
|teampreview
|
|t:|1760827191
|teamsize|p1|6
|teamsize|p2|6
|start
|switch|p1a: Mamoswine|Mamoswine, M|100/100
|switch|p2a: Gliscor|Gliscor, F|100/100
|turn|1
|
|t:|1760827203
|move|p2a: Gliscor|Protect|p2a: Gliscor
|-singleturn|p2a: Gliscor|Protect
|move|p1a: Mamoswine|Icicle Crash|p2a: Gliscor
|-activate|p2a: Gliscor|move: Protect
|
|-status|p2a: Gliscor|tox|[from] item: Toxic Orb
|upkeep
|turn|2
|
|t:|1760827222
|switch|p2a: Quaquaval|Quaquaval, F|100/100
|move|p1a: Mamoswine|Icicle Crash|p2a: Quaquaval
|-resisted|p2a: Quaquaval
|-damage|p2a: Quaquaval|73/100
|
|upkeep
|turn|3
|
|t:|1760827237
|move|p2a: Quaquaval|Aqua Step|p1a: Mamoswine
|-supereffective|p1a: Mamoswine
|-damage|p1a: Mamoswine|4/100
|-boost|p2a: Quaquaval|spe|1
|move|p1a: Mamoswine|Body Slam|p2a: Quaquaval
|-damage|p2a: Quaquaval|35/100
|-status|p2a: Quaquaval|par
|
|upkeep
|turn|4
|
|t:|1760827251
|move|p1a: Mamoswine|Earthquake|p2a: Quaquaval
|-damage|p2a: Quaquaval|0 fnt
|faint|p2a: Quaquaval
|
|upkeep
|
|t:|1760827254
|switch|p2a: Serperior|Serperior, F|100/100
|turn|5
|
|t:|1760827259
|move|p2a: Serperior|Leaf Storm|p1a: Mamoswine
|-supereffective|p1a: Mamoswine
|-damage|p1a: Mamoswine|0 fnt
|-boost|p2a: Serperior|spa|2
|faint|p1a: Mamoswine
|-damage|p2a: Serperior|91/100|[from] item: Life Orb
|
|upkeep
|
|t:|1760827267
|switch|p1a: Quaquaval|Quaquaval, M|100/100
|turn|6
|
|t:|1760827276
|-terastallize|p2a: Serperior|Water
|move|p2a: Serperior|Leech Seed|p1a: Quaquaval
|-start|p1a: Quaquaval|move: Leech Seed
|move|p1a: Quaquaval|U-turn|p2a: Serperior
|-damage|p2a: Serperior|46/100
|
|t:|1760827283
|switch|p1a: Haxorus|Haxorus, M, shiny|100/100|[from] U-turn
|-ability|p1a: Haxorus|Mold Breaker
|
|upkeep
|turn|7
|
|t:|1760827287
|move|p2a: Serperior|Dragon Pulse|p1a: Haxorus
|-supereffective|p1a: Haxorus
|-damage|p1a: Haxorus|0 fnt
|faint|p1a: Haxorus
|-damage|p2a: Serperior|36/100|[from] item: Life Orb
|
|upkeep
|
|t:|1760827291
|switch|p1a: Quaquaval|Quaquaval, M|100/100
|turn|8
|
|t:|1760827301
|move|p2a: Serperior|Leaf Storm|p1a: Quaquaval|[miss]
|-miss|p2a: Serperior|p1a: Quaquaval
|move|p1a: Quaquaval|Aqua Step|p2a: Serperior
|-resisted|p2a: Serperior
|-damage|p2a: Serperior|2/100
|-boost|p1a: Quaquaval|spe|1
|
|upkeep
|turn|9
|
|t:|1760827308
|move|p1a: Quaquaval|Aqua Step|p2a: Serperior
|-resisted|p2a: Serperior
|-damage|p2a: Serperior|0 fnt
|-boost|p1a: Quaquaval|spe|1
|faint|p2a: Serperior
|-ability|p1a: Quaquaval|Moxie|boost
|-boost|p1a: Quaquaval|atk|1
|
|upkeep
|
|t:|1760827315
|switch|p2a: Slowking|Slowking-Galar, F|100/100
|turn|10
|
|t:|1760827321
|move|p1a: Quaquaval|Aqua Step|p2a: Slowking
|-damage|p2a: Slowking|12/100
|-boost|p1a: Quaquaval|spe|1
|-damage|p1a: Quaquaval|84/100|[from] item: Rocky Helmet|[of] p2a: Slowking
|move|p2a: Slowking|Toxic|p1a: Quaquaval
|-status|p1a: Quaquaval|tox
|
|-damage|p1a: Quaquaval|78/100 tox|[from] psn
|upkeep
|turn|11
|
|t:|1760827332
|switch|p2a: Hydreigon|Hydreigon, M|100/100
|move|p1a: Quaquaval|Aqua Step|p2a: Hydreigon
|-resisted|p2a: Hydreigon
|-damage|p2a: Hydreigon|50/100
|-boost|p1a: Quaquaval|spe|1
|
|-damage|p1a: Quaquaval|66/100 tox|[from] psn
|upkeep
|turn|12
|
|t:|1760827341
|move|p1a: Quaquaval|Aqua Step|p2a: Hydreigon
|-resisted|p2a: Hydreigon
|-damage|p2a: Hydreigon|0 fnt
|-boost|p1a: Quaquaval|spe|1
|faint|p2a: Hydreigon
|-ability|p1a: Quaquaval|Moxie|boost
|-boost|p1a: Quaquaval|atk|1
|
|-damage|p1a: Quaquaval|47/100 tox|[from] psn
|upkeep
|
|t:|1760827348
|switch|p2a: Slowking|Slowking-Galar, F|45/100
|turn|13
|
|t:|1760827352
|switch|p2a: Incineroar|Incineroar, M|100/100
|-ability|p2a: Incineroar|Intimidate|boost
|-unboost|p1a: Quaquaval|atk|1
|move|p1a: Quaquaval|Aqua Step|p2a: Incineroar
|-supereffective|p2a: Incineroar
|-damage|p2a: Incineroar|0 fnt
|-boost|p1a: Quaquaval|spe|1
|faint|p2a: Incineroar
|-ability|p1a: Quaquaval|Moxie|boost
|-boost|p1a: Quaquaval|atk|1
|
|-damage|p1a: Quaquaval|23/100 tox|[from] psn
|upkeep
|
|t:|1760827361
|switch|p2a: Slowking|Slowking-Galar, F|78/100
|turn|14
|
|t:|1760827368
|move|p1a: Quaquaval|Aqua Step|p2a: Slowking
|-crit|p2a: Slowking
|-damage|p2a: Slowking|0 fnt
|-damage|p1a: Quaquaval|7/100 tox|[from] item: Rocky Helmet|[of] p2a: Slowking
|faint|p2a: Slowking
|-ability|p1a: Quaquaval|Moxie|boost
|-boost|p1a: Quaquaval|atk|1
|
|-damage|p1a: Quaquaval|0 fnt|[from] psn
|faint|p1a: Quaquaval
|upkeep
|
|t:|1760827374
|switch|p1a: Cresselia|Cresselia, F|100/100
|switch|p2a: Gliscor|Gliscor, F|100/100 tox
|turn|15
|
|t:|1760827380
|move|p2a: Gliscor|Stealth Rock|p1a: Cresselia
|-sidestart|p1: Dawdumdum|move: Stealth Rock
|move|p1a: Cresselia|Future Sight|p2a: Gliscor
|-start|p1a: Cresselia|move: Future Sight
|
|upkeep
|turn|16
|
|t:|1760827385
|move|p2a: Gliscor|Earthquake|p1a: Cresselia
|-immune|p1a: Cresselia|[from] ability: Levitate
|move|p1a: Cresselia|Calm Mind|p1a: Cresselia
|-boost|p1a: Cresselia|spa|1
|-boost|p1a: Cresselia|spd|1
|
|upkeep
|turn|17
|
|t:|1760827391
|move|p2a: Gliscor|Protect|p2a: Gliscor
|-singleturn|p2a: Gliscor|Protect
|move|p1a: Cresselia|Moonblast|p2a: Gliscor
|-activate|p2a: Gliscor|move: Protect
|
|-end|p2a: Gliscor|move: Future Sight
|-damage|p2a: Gliscor|39/100 tox
|-heal|p2a: Gliscor|51/100 tox|[from] ability: Poison Heal
|upkeep
|turn|18
|
|t:|1760827399
|move|p2a: Gliscor|Acrobatics|p1a: Cresselia
|-damage|p1a: Cresselia|87/100
|move|p1a: Cresselia|Moonblast|p2a: Gliscor
|-damage|p2a: Gliscor|16/100 tox
|
|-heal|p2a: Gliscor|28/100 tox|[from] ability: Poison Heal
|upkeep
|turn|19
|
|t:|1760827406
|move|p2a: Gliscor|Protect|p2a: Gliscor
|-singleturn|p2a: Gliscor|Protect
|move|p1a: Cresselia|Moonblast|p2a: Gliscor
|-activate|p2a: Gliscor|move: Protect
|
|-heal|p2a: Gliscor|41/100 tox|[from] ability: Poison Heal
|upkeep
|turn|20
|
|t:|1760827415
|move|p2a: Gliscor|Acrobatics|p1a: Cresselia
|-damage|p1a: Cresselia|75/100
|move|p1a: Cresselia|Moonblast|p2a: Gliscor
|-damage|p2a: Gliscor|5/100 tox
|
|-heal|p2a: Gliscor|17/100 tox|[from] ability: Poison Heal
|upkeep
|turn|21
|
|t:|1760827420
|move|p2a: Gliscor|Protect|p2a: Gliscor
|-singleturn|p2a: Gliscor|Protect
|move|p1a: Cresselia|Moonblast|p2a: Gliscor
|-activate|p2a: Gliscor|move: Protect
|
|-heal|p2a: Gliscor|30/100 tox|[from] ability: Poison Heal
|upkeep
|turn|22
|
|t:|1760827425
|move|p2a: Gliscor|Acrobatics|p1a: Cresselia
|-damage|p1a: Cresselia|62/100
|move|p1a: Cresselia|Future Sight|p2a: Gliscor
|-start|p1a: Cresselia|move: Future Sight
|
|-heal|p2a: Gliscor|42/100 tox|[from] ability: Poison Heal
|upkeep
|turn|23
|
|t:|1760827434
|move|p2a: Gliscor|Protect|p2a: Gliscor
|-singleturn|p2a: Gliscor|Protect
|move|p1a: Cresselia|Moonblast|p2a: Gliscor
|-activate|p2a: Gliscor|move: Protect
|
|-heal|p2a: Gliscor|54/100 tox|[from] ability: Poison Heal
|upkeep
|turn|24
|
|t:|1760827441
|move|p2a: Gliscor|Acrobatics|p1a: Cresselia
|-damage|p1a: Cresselia|50/100
|move|p1a: Cresselia|Moonblast|p2a: Gliscor
|-damage|p2a: Gliscor|21/100 tox
|
|-end|p2a: Gliscor|move: Future Sight
|-damage|p2a: Gliscor|0 fnt
|faint|p2a: Gliscor
|
|win|Dawdumdum
|raw|Dawdumdum's rating: 1042 &rarr; <strong>1077</strong><br />(+35 for winning)
|raw|Barrales's rating: 1056 &rarr; <strong>1037</strong><br />(-19 for losing)
|l|☆Barrales
|player|p2|
