|j|☆Etarnus XD
|j|☆roi_gluant
|t:|1760869404
|gametype|singles
|player|p1|Etarnus XD|266|1353
|player|p2|roi_gluant|plasmagrunt-gen5bw|1345
|gen|9
|tier|[Gen 9] OU
|rated|
|rule|HP Percentage Mod: HP is shown in percentages
|rule|Endless Battle Clause: Forcing endless battles is banned
|rule|Species Clause: Limit one of each Pokémon
|rule|OHKO Clause: OHKO moves are banned
|rule|Evasion Items Clause: Evasion items are banned
|rule|Evasion Moves Clause: Evasion moves are banned
|rule|Evasion Abilities Clause: Evasion abilities are banned
|rule|Sleep Moves Clause: Sleep-inducing moves are banned
|clearpoke
|poke|p1|Inteleon, F|
|poke|p1|Incineroar, M|
|poke|p1|Rillaboom, F|
|poke|p1|Toxicroak, F|
|poke|p1|Iron Treads|
|poke|p1|Enamorus, F|
|poke|p2|Samurott-Hisui, M|
|poke|p2|Deoxys-Defense|
|poke|p2|Great Tusk|
|poke|p2|Kingambit, F|
|poke|p2|Gholdengo|
|poke|p2|Clefable, M|
|teampreview
|inactive|Battle timer is ON: inactive players will automatically lose when time's up. (requested by roi_gluant)
|
|t:|1760869425
|teamsize|p1|6
|teamsize|p2|6
|start
|switch|p1a: Rillaboom|Rillaboom, F|100/100
|switch|p2a: Samurott|Samurott-Hisui, M|100/100
|-fieldstart|move: Grassy Terrain|[from] ability: Grassy Surge|[of] p1a: Rillaboom
|turn|1
|
|t:|1760869433
|move|p2a: Samurott|Ceaseless Edge|p1a: Rillaboom
|-damage|p1a: Rillaboom|58/100
|-sidestart|p1: Etarnus XD|Spikes
|move|p1a: Rillaboom|U-turn|p2a: Samurott
|-supereffective|p2a: Samurott
|-crit|p2a: Samurott
|-damage|p2a: Samurott|5/100
|
|t:|1760869452
|switch|p1a: Toxicroak|Toxicroak, F|100/100|[from] U-turn
|-damage|p1a: Toxicroak|88/100|[from] Spikes
|
|-heal|p2a: Samurott|11/100|[from] Grassy Terrain
|-heal|p1a: Toxicroak|94/100|[from] Grassy Terrain
|-heal|p1a: Toxicroak|100/100|[from] item: Leftovers
|upkeep
|turn|2
|
|t:|1760869472
|move|p2a: Samurott|Ceaseless Edge|p1a: Toxicroak
|-resisted|p1a: Toxicroak
|-damage|p1a: Toxicroak|65/100
|-sidestart|p1: Etarnus XD|Spikes
|move|p1a: Toxicroak|Swords Dance|p1a: Toxicroak
|-boost|p1a: Toxicroak|atk|2
|
|-heal|p2a: Samurott|18/100|[from] Grassy Terrain
|-heal|p1a: Toxicroak|71/100|[from] Grassy Terrain
|-heal|p1a: Toxicroak|77/100|[from] item: Leftovers
|upkeep
|turn|3
|
|t:|1760869484
|move|p1a: Toxicroak|Sucker Punch|p2a: Samurott
|-resisted|p2a: Samurott
|-damage|p2a: Samurott|0 fnt
|faint|p2a: Samurott
|
|-heal|p1a: Toxicroak|84/100|[from] Grassy Terrain
|-heal|p1a: Toxicroak|90/100|[from] item: Leftovers
|upkeep
|
|t:|1760869493
|switch|p2a: Great Tusk|Great Tusk|100/100
|turn|4
|
|t:|1760869498
|-terastallize|p1a: Toxicroak|Dark
|move|p1a: Toxicroak|Close Combat|p2a: Great Tusk
|-damage|p2a: Great Tusk|48/100
|-unboost|p1a: Toxicroak|def|1
|-unboost|p1a: Toxicroak|spd|1
|move|p2a: Great Tusk|Headlong Rush|p1a: Toxicroak
|-damage|p1a: Toxicroak|0 fnt
|-unboost|p2a: Great Tusk|def|1
|-unboost|p2a: Great Tusk|spd|1
|faint|p1a: Toxicroak
|
|-heal|p2a: Great Tusk|54/100|[from] Grassy Terrain
|-heal|p2a: Great Tusk|60/100|[from] item: Leftovers
|upkeep
|
|t:|1760869514
|switch|p1a: Inteleon|Inteleon, F|100/100
|-damage|p1a: Inteleon|84/100|[from] Spikes
|turn|5
|
|t:|1760869519
|-end|p2a: Great Tusk|Protosynthesis|[silent]
|switch|p2a: Clefable|Clefable, M|100/100
|move|p1a: Inteleon|Snipe Shot|p2a: Clefable
|-damage|p2a: Clefable|60/100
|
|-heal|p1a: Inteleon|90/100|[from] Grassy Terrain
|-heal|p2a: Clefable|66/100|[from] Grassy Terrain
|-heal|p2a: Clefable|72/100|[from] item: Leftovers
|upkeep
|turn|6
|
|t:|1760869529
|move|p1a: Inteleon|Snipe Shot|p2a: Clefable
|-damage|p2a: Clefable|32/100
|move|p2a: Clefable|Calm Mind|p2a: Clefable
|-boost|p2a: Clefable|spa|1
|-boost|p2a: Clefable|spd|1
|
|-heal|p1a: Inteleon|96/100|[from] Grassy Terrain
|-heal|p2a: Clefable|38/100|[from] Grassy Terrain
|-heal|p2a: Clefable|44/100|[from] item: Leftovers
|upkeep
|turn|7
|
|t:|1760869540
|move|p1a: Inteleon|Snipe Shot|p2a: Clefable
|-damage|p2a: Clefable|16/100
|move|p2a: Clefable|Moonlight|p2a: Clefable
|-heal|p2a: Clefable|66/100
|
|-heal|p1a: Inteleon|100/100|[from] Grassy Terrain
|-heal|p2a: Clefable|73/100|[from] Grassy Terrain
|-heal|p2a: Clefable|79/100|[from] item: Leftovers
|upkeep
|turn|8
|
|t:|1760869552
|move|p1a: Inteleon|Snipe Shot|p2a: Clefable
|-crit|p2a: Clefable
|-damage|p2a: Clefable|0 fnt
|faint|p2a: Clefable
|
|-fieldend|move: Grassy Terrain
|upkeep
|
|t:|1760869560
|switch|p2a: Gholdengo|Gholdengo|100/100
|-item|p2a: Gholdengo|Air Balloon
|turn|9
|
|t:|1760869566
|move|p1a: Inteleon|Dark Pulse|p2a: Gholdengo
|-supereffective|p2a: Gholdengo
|-damage|p2a: Gholdengo|36/100
|-enditem|p2a: Gholdengo|Air Balloon
|move|p2a: Gholdengo|Thunder Wave|p1a: Inteleon
|-status|p1a: Inteleon|par
|
|upkeep
|turn|10
|
|t:|1760869577
|move|p2a: Gholdengo|Hex|p1a: Inteleon
|-damage|p1a: Inteleon|0 fnt
|faint|p1a: Inteleon
|
|upkeep
|
|t:|1760869585
|switch|p1a: Enamorus|Enamorus, F|100/100
|turn|11
|
|t:|1760869590
|move|p1a: Enamorus|Earth Power|p2a: Gholdengo
|-supereffective|p2a: Gholdengo
|-damage|p2a: Gholdengo|0 fnt
|faint|p2a: Gholdengo
|
|upkeep
|
|t:|1760869596
|switch|p2a: Deoxys|Deoxys-Defense|100/100
|-ability|p2a: Deoxys|Pressure
|turn|12
|
|t:|1760869604
|switch|p1a: Incineroar|Incineroar, M|100/100
|-ability|p1a: Incineroar|Intimidate|boost
|-unboost|p2a: Deoxys|atk|1
|move|p2a: Deoxys|Cosmic Power|p2a: Deoxys
|-boost|p2a: Deoxys|def|1
|-boost|p2a: Deoxys|spd|1
|
|upkeep
|turn|13
|
|t:|1760869613
|move|p2a: Deoxys|Cosmic Power|p2a: Deoxys
|-boost|p2a: Deoxys|def|1
|-boost|p2a: Deoxys|spd|1
|move|p1a: Incineroar|Knock Off|p2a: Deoxys
|-supereffective|p2a: Deoxys
|-damage|p2a: Deoxys|72/100
|-enditem|p2a: Deoxys|Leftovers|[from] move: Knock Off|[of] p1a: Incineroar
|
|upkeep
|turn|14
|
|t:|1760869624
|move|p2a: Deoxys|Cosmic Power|p2a: Deoxys
|-boost|p2a: Deoxys|def|1
|-boost|p2a: Deoxys|spd|1
|move|p1a: Incineroar|Will-O-Wisp|p2a: Deoxys
|-status|p2a: Deoxys|brn
|
|-damage|p2a: Deoxys|66/100 brn|[from] brn
|upkeep
|turn|15
|
|t:|1760869635
|switch|p1a: Enamorus|Enamorus, F|100/100
|move|p2a: Deoxys|Cosmic Power|p2a: Deoxys
|-boost|p2a: Deoxys|def|1
|-boost|p2a: Deoxys|spd|1
|
|-damage|p2a: Deoxys|60/100 brn|[from] brn
|upkeep
|turn|16
|
|t:|1760869644
|move|p1a: Enamorus|Calm Mind|p1a: Enamorus
|-boost|p1a: Enamorus|spa|1
|-boost|p1a: Enamorus|spd|1
|move|p2a: Deoxys|Stored Power|p1a: Enamorus
|-damage|p1a: Enamorus|33/100
|
|-heal|p1a: Enamorus|39/100|[from] item: Leftovers
|-damage|p2a: Deoxys|53/100 brn|[from] brn
|upkeep
|turn|17
|
|t:|1760869663
|move|p1a: Enamorus|Substitute|p1a: Enamorus
|-start|p1a: Enamorus|Substitute
|-damage|p1a: Enamorus|14/100
|move|p2a: Deoxys|Cosmic Power|p2a: Deoxys
|-boost|p2a: Deoxys|def|1
|-boost|p2a: Deoxys|spd|1
|
|-heal|p1a: Enamorus|21/100|[from] item: Leftovers
|-damage|p2a: Deoxys|47/100 brn|[from] brn
|upkeep
|turn|18
|
|t:|1760869675
|move|p1a: Enamorus|Calm Mind|p1a: Enamorus
|-boost|p1a: Enamorus|spa|1
|-boost|p1a: Enamorus|spd|1
|move|p2a: Deoxys|Recover|p2a: Deoxys
|-heal|p2a: Deoxys|97/100 brn
|
|-heal|p1a: Enamorus|27/100|[from] item: Leftovers
|-damage|p2a: Deoxys|91/100 brn|[from] brn
|upkeep
|turn|19
|
|t:|1760869687
|move|p1a: Enamorus|Calm Mind|p1a: Enamorus
|-boost|p1a: Enamorus|spa|1
|-boost|p1a: Enamorus|spd|1
|move|p2a: Deoxys|Cosmic Power|p2a: Deoxys
|-boost|p2a: Deoxys|def|1
|-boost|p2a: Deoxys|spd|1
|
|-heal|p1a: Enamorus|33/100|[from] item: Leftovers
|-damage|p2a: Deoxys|85/100 brn|[from] brn
|upkeep
|turn|20
|
|t:|1760869697
|move|p1a: Enamorus|Calm Mind|p1a: Enamorus
|-boost|p1a: Enamorus|spa|1
|-boost|p1a: Enamorus|spd|1
|move|p2a: Deoxys|Stored Power|p1a: Enamorus
|-end|p1a: Enamorus|Substitute
|
|-heal|p1a: Enamorus|39/100|[from] item: Leftovers
|-damage|p2a: Deoxys|78/100 brn|[from] brn
|upkeep
|turn|21
|
|t:|1760869708
|move|p1a: Enamorus|Moonblast|p2a: Deoxys
|-damage|p2a: Deoxys|48/100 brn
|move|p2a: Deoxys|Stored Power|p1a: Enamorus
|-damage|p1a: Enamorus|0 fnt
|faint|p1a: Enamorus
|
|-damage|p2a: Deoxys|41/100 brn|[from] brn
|upkeep
|
|t:|1760869718
|switch|p1a: Incineroar|Incineroar, M|100/100
|-ability|p1a: Incineroar|Intimidate|boost
|-unboost|p2a: Deoxys|atk|1
|turn|22
|
|t:|1760869724
|move|p2a: Deoxys|Recover|p2a: Deoxys
|-heal|p2a: Deoxys|91/100 brn
|move|p1a: Incineroar|Knock Off|p2a: Deoxys
|-supereffective|p2a: Deoxys
|-damage|p2a: Deoxys|81/100 brn
|
|-damage|p2a: Deoxys|75/100 brn|[from] brn
|upkeep
|turn|23
|
|t:|1760869736
|move|p2a: Deoxys|Focus Blast|p1a: Incineroar
|-supereffective|p1a: Incineroar
|-damage|p1a: Incineroar|61/100
|move|p1a: Incineroar|Knock Off|p2a: Deoxys
|-supereffective|p2a: Deoxys
|-damage|p2a: Deoxys|65/100 brn
|
|-damage|p2a: Deoxys|58/100 brn|[from] brn
|upkeep
|turn|24
|
|t:|1760869746
|move|p2a: Deoxys|Focus Blast|p1a: Incineroar
|-supereffective|p1a: Incineroar
|-damage|p1a: Incineroar|20/100
|move|p1a: Incineroar|Parting Shot|p2a: Deoxys
|-unboost|p2a: Deoxys|atk|1
|-unboost|p2a: Deoxys|spa|1
|-message|Etarnus XD forfeited.
|
|win|roi_gluant
|raw|Etarnus XD's rating: 1353 &rarr; <strong>1333</strong><br />(-20 for losing)
|raw|roi_gluant's rating: 1345 &rarr; <strong>1365</strong><br />(+20 for winning)
|l|☆Etarnus XD
|player|p1|
|l|☆roi_gluant
|player|p2|
