|j|☆Allheckers
|j|☆thiereo
|t:|1760862786
|gametype|singles
|player|p1|Allheckers|sabrina|1069
|player|p2|thiereo|lucas|1097
|gen|9
|tier|[Gen 9] OU
|rated|
|rule|HP Percentage Mod: HP is shown in percentages
|rule|Endless Battle Clause: Forcing endless battles is banned
|rule|Species Clause: Limit one of each Pokémon
|rule|OHKO Clause: OHKO moves are banned
|rule|Evasion Items Clause: Evasion items are banned
|rule|Evasion Moves Clause: Evasion moves are banned
|rule|Evasion Abilities Clause: Evasion abilities are banned
|rule|Sleep Moves Clause: Sleep-inducing moves are banned
|clearpoke
|poke|p1|Keldeo-Resolute|
|poke|p1|Masquerain, F|
|poke|p1|Sableye, F|
|poke|p1|Glimmora, M|
|poke|p1|Whimsicott, F|
|poke|p1|Polteageist-Antique|
|poke|p2|Tyranitar, F|
|poke|p2|Armarouge, M|
|poke|p2|Incineroar, F|
|poke|p2|Leavanny, M|
|poke|p2|Excadrill, M|
|poke|p2|Articuno|
|teampreview
|inactive|Battle timer is ON: inactive players will automatically lose when time's up. (requested by thiereo)
|
|t:|1760862798
|teamsize|p1|6
|teamsize|p2|6
|start
|switch|p1a: Masquerain|Masquerain, F|100/100
|switch|p2a: Armarouge|Armarouge, M|100/100
|-ability|p1a: Masquerain|Intimidate|boost
|-unboost|p2a: Armarouge|atk|1
|turn|1
|
|t:|1760862807
|move|p1a: Masquerain|Sticky Web|p2a: Armarouge
|-sidestart|p2: thiereo|move: Sticky Web
|move|p2a: Armarouge|Trick Room|p2a: Armarouge
|-fieldstart|move: Trick Room|[of] p2a: Armarouge
|
|upkeep
|turn|2
|
|t:|1760862817
|move|p2a: Armarouge|Armor Cannon|p1a: Masquerain
|-supereffective|p1a: Masquerain
|-damage|p1a: Masquerain|0 fnt
|-unboost|p2a: Armarouge|def|1
|-unboost|p2a: Armarouge|spd|1
|faint|p1a: Masquerain
|
|upkeep
|
|t:|1760862835
|switch|p1a: Keldeo|Keldeo-Resolute|100/100
|turn|3
|inactive|thiereo has 120 seconds left.
|c|☆thiereo|!weak Keldeo
|c| thiereo|/raw <div class="infobox">Keldeo (ignoring abilities):<br /><span class="message-effect-weak">Weaknesses</span>: Electric, Fairy, Flying, Grass, Psychic<br /><span class="message-effect-resist">Resistances</span>: Bug, Dark, Fire, Ice, Rock, Steel, Water<br /><span class="message-effect-immune">Immunities</span>: <span class="gray">None</span></div>
|
|t:|1760862877
|move|p2a: Armarouge|Aura Sphere|p1a: Keldeo
|-damage|p1a: Keldeo|71/100
|move|p1a: Keldeo|Surf|p2a: Armarouge
|-supereffective|p2a: Armarouge
|-damage|p2a: Armarouge|0 fnt
|faint|p2a: Armarouge
|
|upkeep
|
|t:|1760862881
|switch|p2a: Tyranitar|Tyranitar, F|100/100
|-activate|p2a: Tyranitar|move: Sticky Web
|-unboost|p2a: Tyranitar|spe|1
|-weather|Sandstorm|[from] ability: Sand Stream|[of] p2a: Tyranitar
|turn|4
|inactive|thiereo has 120 seconds left.
|
|t:|1760862898
|move|p1a: Keldeo|Vacuum Wave|p2a: Tyranitar
|-supereffective|p2a: Tyranitar
|-damage|p2a: Tyranitar|76/100
|move|p2a: Tyranitar|Thunder Punch|p1a: Keldeo
|-supereffective|p1a: Keldeo
|-damage|p1a: Keldeo|15/100
|
|-weather|Sandstorm|[upkeep]
|-damage|p1a: Keldeo|9/100|[from] Sandstorm
|upkeep
|turn|5
|inactive|thiereo has 120 seconds left.
|
|t:|1760862915
|switch|p1a: Whimsicott|Whimsicott, F|100/100
|move|p2a: Tyranitar|Thunder Punch|p1a: Whimsicott
|-resisted|p1a: Whimsicott
|-damage|p1a: Whimsicott|86/100
|
|-weather|Sandstorm|[upkeep]
|-damage|p1a: Whimsicott|80/100|[from] Sandstorm
|-heal|p1a: Whimsicott|86/100|[from] item: Leftovers
|-fieldend|move: Trick Room
|upkeep
|turn|6
|
|t:|1760862923
|switch|p2a: Excadrill|Excadrill, M|100/100
|-item|p2a: Excadrill|Air Balloon
|move|p1a: Whimsicott|Moonblast|p2a: Excadrill
|-resisted|p2a: Excadrill
|-damage|p2a: Excadrill|79/100
|-unboost|p2a: Excadrill|spa|1
|-enditem|p2a: Excadrill|Air Balloon
|
|-weather|Sandstorm|[upkeep]
|-damage|p1a: Whimsicott|80/100|[from] Sandstorm
|-heal|p1a: Whimsicott|86/100|[from] item: Leftovers
|upkeep
|turn|7
|
|t:|1760862936
|switch|p1a: Sableye|Sableye, F|100/100
|move|p2a: Excadrill|Rapid Spin|p1a: Sableye
|-immune|p1a: Sableye
|
|-weather|Sandstorm|[upkeep]
|-damage|p1a: Sableye|95/100|[from] Sandstorm
|-heal|p1a: Sableye|100/100|[from] item: Leftovers
|upkeep
|turn|8
|
|t:|1760862945
|switch|p2a: Incineroar|Incineroar, F|100/100
|-ability|p2a: Incineroar|Intimidate|boost
|-unboost|p1a: Sableye|atk|1
|move|p1a: Sableye|Will-O-Wisp|p2a: Incineroar
|-immune|p2a: Incineroar
|
|-weather|none
|upkeep
|turn|9
|
|t:|1760862956
|move|p2a: Incineroar|Knock Off|p1a: Sableye
|-damage|p1a: Sableye|50/100
|-enditem|p1a: Sableye|Leftovers|[from] move: Knock Off|[of] p2a: Incineroar
|move|p1a: Sableye|Knock Off|p2a: Incineroar
|-resisted|p2a: Incineroar
|-damage|p2a: Incineroar|92/100
|-enditem|p2a: Incineroar|Heavy-Duty Boots|[from] move: Knock Off|[of] p1a: Sableye
|
|upkeep
|turn|10
|
|t:|1760862978
|move|p1a: Sableye|Recover|p1a: Sableye
|-heal|p1a: Sableye|99/100
|move|p2a: Incineroar|Flare Blitz|p1a: Sableye
|-damage|p1a: Sableye|38/100
|-damage|p2a: Incineroar|76/100|[from] Recoil
|
|upkeep
|turn|11
|c|☆thiereo|!weak Sableye
|c| thiereo|/raw <div class="infobox">Sableye (ignoring abilities):<br /><span class="message-effect-weak">Weaknesses</span>: Fairy<br /><span class="message-effect-resist">Resistances</span>: Poison<br /><span class="message-effect-immune">Immunities</span>: Fighting, Normal, Psychic, Prankster, Trapping</div>
|inactive|thiereo has 120 seconds left.
|
|t:|1760863015
|move|p1a: Sableye|Recover|p1a: Sableye
|-heal|p1a: Sableye|89/100
|move|p2a: Incineroar|Will-O-Wisp|p1a: Sableye
|-status|p1a: Sableye|brn
|
|-damage|p1a: Sableye|83/100 brn|[from] brn
|upkeep
|turn|12
|
|t:|1760863028
|switch|p1a: Glimmora|Glimmora, M, shiny|100/100
|move|p2a: Incineroar|Flare Blitz|p1a: Glimmora
|-resisted|p1a: Glimmora
|-damage|p1a: Glimmora|73/100
|-activate|p1a: Glimmora|ability: Toxic Debris
|-sidestart|p2: thiereo|move: Toxic Spikes
|-damage|p2a: Incineroar|69/100|[from] Recoil
|
|upkeep
|turn|13
|inactive|thiereo has 120 seconds left.
|
|t:|1760863039
|switch|p2a: Excadrill|Excadrill, M|79/100
|-activate|p2a: Excadrill|move: Sticky Web
|-unboost|p2a: Excadrill|spe|1
|move|p1a: Glimmora|Earth Power|p2a: Excadrill
|-supereffective|p2a: Excadrill
|-damage|p2a: Excadrill|0 fnt
|faint|p2a: Excadrill
|
|upkeep
|inactive|thiereo has 120 seconds left.
|
|t:|1760863050
|switch|p2a: Articuno|Articuno|100/100
|-ability|p2a: Articuno|Pressure
|turn|14
|
|t:|1760863053
|-terastallize|p2a: Articuno|Ground
|move|p1a: Glimmora|Power Gem|p2a: Articuno
|-resisted|p2a: Articuno
|-damage|p2a: Articuno|82/100
|move|p2a: Articuno|Tera Blast|p1a: Glimmora|[anim] Tera Blast Ground
|-supereffective|p1a: Glimmora
|-damage|p1a: Glimmora|0 fnt
|faint|p1a: Glimmora
|-damage|p2a: Articuno|72/100|[from] item: Life Orb
|
|upkeep
|
|t:|1760863058
|switch|p1a: Keldeo|Keldeo-Resolute|9/100
|turn|15
|
|t:|1760863075
|move|p1a: Keldeo|Surf|p2a: Articuno
|-supereffective|p2a: Articuno
|-damage|p2a: Articuno|0 fnt
|faint|p2a: Articuno
|
|upkeep
|
|t:|1760863083
|switch|p2a: Leavanny|Leavanny, M|100/100
|-activate|p2a: Leavanny|move: Sticky Web
|-unboost|p2a: Leavanny|spe|1
|-status|p2a: Leavanny|psn
|turn|16
|c|☆thiereo|gg
|
|t:|1760863089
|switch|p1a: Whimsicott|Whimsicott, F|86/100
|move|p2a: Leavanny|Electroweb|p1a: Whimsicott
|-resisted|p1a: Whimsicott
|-damage|p1a: Whimsicott|78/100
|-unboost|p1a: Whimsicott|spe|1
|
|-heal|p1a: Whimsicott|84/100|[from] item: Leftovers
|-damage|p2a: Leavanny|88/100 psn|[from] psn
|upkeep
|turn|17
|c|☆thiereo|damn glimmora
|
|t:|1760863097
|move|p1a: Whimsicott|Encore|p2a: Leavanny
|-start|p2a: Leavanny|Encore
|move|p2a: Leavanny|Electroweb|p1a: Whimsicott|[miss]
|-miss|p2a: Leavanny|p1a: Whimsicott
|
|-heal|p1a: Whimsicott|90/100|[from] item: Leftovers
|-damage|p2a: Leavanny|76/100 psn|[from] psn
|upkeep
|turn|18
|
|t:|1760863104
|switch|p2a: Tyranitar|Tyranitar, F|76/100
|-activate|p2a: Tyranitar|move: Sticky Web
|-unboost|p2a: Tyranitar|spe|1
|-status|p2a: Tyranitar|psn
|-weather|Sandstorm|[from] ability: Sand Stream|[of] p2a: Tyranitar
|move|p1a: Whimsicott|Substitute|p1a: Whimsicott
|-start|p1a: Whimsicott|Substitute
|-damage|p1a: Whimsicott|65/100
|
|-weather|Sandstorm|[upkeep]
|-damage|p1a: Whimsicott|59/100|[from] Sandstorm
|-heal|p1a: Whimsicott|65/100|[from] item: Leftovers
|-damage|p2a: Tyranitar|64/100 psn|[from] psn
|upkeep
|turn|19
|
|t:|1760863108
|move|p1a: Whimsicott|Moonblast|p2a: Tyranitar
|-supereffective|p2a: Tyranitar
|-damage|p2a: Tyranitar|45/100 psn
|move|p2a: Tyranitar|Earthquake|p1a: Whimsicott
|-resisted|p1a: Whimsicott
|-activate|p1a: Whimsicott|move: Substitute|[damage]
|
|-weather|Sandstorm|[upkeep]
|-damage|p1a: Whimsicott|59/100|[from] Sandstorm
|-heal|p1a: Whimsicott|65/100|[from] item: Leftovers
|-damage|p2a: Tyranitar|33/100 psn|[from] psn
|upkeep
|turn|20
|
|t:|1760863115
|move|p1a: Whimsicott|Moonblast|p2a: Tyranitar
|-supereffective|p2a: Tyranitar
|-damage|p2a: Tyranitar|16/100 psn
|move|p2a: Tyranitar|Rock Slide|p1a: Whimsicott
|-end|p1a: Whimsicott|Substitute
|
|-weather|Sandstorm|[upkeep]
|-damage|p1a: Whimsicott|59/100|[from] Sandstorm
|-heal|p1a: Whimsicott|65/100|[from] item: Leftovers
|-damage|p2a: Tyranitar|4/100 psn|[from] psn
|upkeep
|turn|21
|-message|thiereo forfeited.
|
|win|Allheckers
|raw|Allheckers's rating: 1069 &rarr; <strong>1101</strong><br />(+32 for winning)
|raw|thiereo's rating: 1097 &rarr; <strong>1070</strong><br />(-27 for losing)
|l|☆thiereo
|player|p2|
|l|☆Allheckers
|player|p1|
