|j|☆caijin
|j|☆FreguesMidnight
|t:|1760844959
|gametype|singles
|player|p1|caijin|bianca|1069
|player|p2|FreguesMidnight|burglar|1052
|gen|9
|tier|[Gen 9] OU
|rated|
|rule|HP Percentage Mod: HP is shown in percentages
|rule|Endless Battle Clause: Forcing endless battles is banned
|rule|Species Clause: Limit one of each Pokémon
|rule|OHKO Clause: OHKO moves are banned
|rule|Evasion Items Clause: Evasion items are banned
|rule|Evasion Moves Clause: Evasion moves are banned
|rule|Evasion Abilities Clause: Evasion abilities are banned
|rule|Sleep Moves Clause: Sleep-inducing moves are banned
|clearpoke
|poke|p1|Serperior, F|
|poke|p1|Meowstic, M|
|poke|p1|Chandelure, M|
|poke|p1|Pawmot, F|
|poke|p1|Noivern, M|
|poke|p1|Florges-Blue, F|
|poke|p2|Skarmory, M|
|poke|p2|Pikachu, M|
|poke|p2|Primarina, M|
|poke|p2|Ting-Lu|
|poke|p2|Alomomola, M|
|poke|p2|Salamence, M|
|teampreview
|inactive|Battle timer is ON: inactive players will automatically lose when time's up. (requested by caijin)
|
|t:|1760844980
|teamsize|p1|6
|teamsize|p2|6
|start
|switch|p1a: Camellia|Serperior, F|100/100
|switch|p2a: Ting-Lu|Ting-Lu|100/100
|-ability|p2a: Ting-Lu|Vessel of Ruin
|turn|1
|
|t:|1760844990
|move|p1a: Camellia|Coil|p1a: Camellia
|-boost|p1a: Camellia|atk|1
|-boost|p1a: Camellia|def|1
|-boost|p1a: Camellia|accuracy|1
|move|p2a: Ting-Lu|Whirlwind|p1a: Camellia
|drag|p1a: Shyouko|Chandelure, M|100/100
|
|upkeep
|turn|2
|
|t:|1760845004
|switch|p1a: Mirror|Meowstic, M|100/100
|move|p2a: Ting-Lu|Stealth Rock|p1a: Mirror
|-sidestart|p1: caijin|move: Stealth Rock
|
|upkeep
|turn|3
|
|t:|1760845011
|move|p1a: Mirror|Reflect|p1a: Mirror
|-sidestart|p1: caijin|Reflect
|move|p2a: Ting-Lu|Spikes|p1a: Mirror
|-sidestart|p1: caijin|Spikes
|
|upkeep
|turn|4
|
|t:|1760845015
|move|p1a: Mirror|Light Screen|p1a: Mirror
|-sidestart|p1: caijin|move: Light Screen
|move|p2a: Ting-Lu|Spikes|p1a: Mirror
|-sidestart|p1: caijin|Spikes
|
|upkeep
|turn|5
|
|t:|1760845020
|switch|p1a: Misty|Noivern, M|100/100
|move|p2a: Ting-Lu|Spikes|p1a: Misty
|-sidestart|p1: caijin|Spikes
|
|upkeep
|turn|6
|
|t:|1760845026
|move|p1a: Misty|Defog|p2a: Ting-Lu
|-unboost|p2a: Ting-Lu|evasion|1
|-sideend|p1: caijin|Spikes|[from] move: Defog|[of] p1a: Misty
|-sideend|p1: caijin|Stealth Rock|[from] move: Defog|[of] p1a: Misty
|move|p2a: Ting-Lu|Whirlwind|p1a: Misty
|drag|p1a: Mirror|Meowstic, M|100/100
|
|upkeep
|turn|7
|
|t:|1760845036
|switch|p1a: Camellia|Serperior, F|100/100
|move|p2a: Ting-Lu|Stealth Rock|p1a: Camellia
|-sidestart|p1: caijin|move: Stealth Rock
|
|upkeep
|turn|8
|
|t:|1760845042
|move|p1a: Camellia|Bullet Seed|p2a: Ting-Lu
|-supereffective|p2a: Ting-Lu
|-damage|p2a: Ting-Lu|91/100
|-supereffective|p2a: Ting-Lu
|-damage|p2a: Ting-Lu|83/100
|-supereffective|p2a: Ting-Lu
|-damage|p2a: Ting-Lu|73/100
|-supereffective|p2a: Ting-Lu
|-damage|p2a: Ting-Lu|65/100
|-supereffective|p2a: Ting-Lu
|-damage|p2a: Ting-Lu|55/100
|-hitcount|p2a: Ting-Lu|5
|move|p2a: Ting-Lu|Whirlwind|p1a: Camellia
|drag|p1a: Misty|Noivern, M|100/100
|
|upkeep
|turn|9
|
|t:|1760845057
|switch|p2a: Alomomola|Alomomola, M|100/100
|move|p1a: Misty|Defog|p2a: Alomomola
|-unboost|p2a: Alomomola|evasion|1
|-sideend|p1: caijin|Stealth Rock|[from] move: Defog|[of] p1a: Misty
|
|upkeep
|turn|10
|
|t:|1760845067
|move|p1a: Misty|Draco Meteor|p2a: Alomomola
|-damage|p2a: Alomomola|53/100
|-unboost|p1a: Misty|spa|2
|move|p2a: Alomomola|Wish|p2a: Alomomola
|
|-sideend|p1: caijin|Reflect
|upkeep
|turn|11
|
|t:|1760845075
|switch|p1a: Mirror|Meowstic, M|100/100
|move|p2a: Alomomola|Flip Turn|p1a: Mirror
|-damage|p1a: Mirror|82/100
|
|t:|1760845077
|switch|p2a: Ting-Lu|Ting-Lu|55/100|[from] Flip Turn
|-ability|p2a: Ting-Lu|Vessel of Ruin
|
|-heal|p2a: Ting-Lu|100/100|[from] move: Wish|[wisher] Alomomola
|-sideend|p1: caijin|move: Light Screen
|upkeep
|turn|12
|
|t:|1760845094
|move|p1a: Mirror|Reflect|p1a: Mirror
|-sidestart|p1: caijin|Reflect
|move|p2a: Ting-Lu|Stealth Rock|p1a: Mirror
|-sidestart|p1: caijin|move: Stealth Rock
|
|upkeep
|turn|13
|
|t:|1760845098
|move|p1a: Mirror|Light Screen|p1a: Mirror
|-sidestart|p1: caijin|move: Light Screen
|move|p2a: Ting-Lu|Earthquake|p1a: Mirror
|-damage|p1a: Mirror|60/100
|
|upkeep
|turn|14
|
|t:|1760845108
|switch|p1a: Misty|Noivern, M|100/100
|move|p2a: Ting-Lu|Whirlwind|p1a: Misty
|drag|p1a: Camellia|Serperior, F|100/100
|-damage|p1a: Camellia|88/100|[from] Stealth Rock
|
|upkeep
|turn|15
|
|t:|1760845116
|move|p1a: Camellia|Bullet Seed|p2a: Ting-Lu
|-supereffective|p2a: Ting-Lu
|-damage|p2a: Ting-Lu|92/100
|-supereffective|p2a: Ting-Lu
|-damage|p2a: Ting-Lu|83/100
|-supereffective|p2a: Ting-Lu
|-damage|p2a: Ting-Lu|75/100
|-supereffective|p2a: Ting-Lu
|-damage|p2a: Ting-Lu|67/100
|-hitcount|p2a: Ting-Lu|4
|move|p2a: Ting-Lu|Whirlwind|p1a: Camellia
|drag|p1a: Lisianthus|Florges-Blue, F|100/100
|-damage|p1a: Lisianthus|88/100|[from] Stealth Rock
|
|upkeep
|turn|16
|
|t:|1760845133
|switch|p2a: Skarmory|Skarmory, M, shiny|100/100
|move|p1a: Lisianthus|Moonblast|p2a: Skarmory
|-resisted|p2a: Skarmory
|-damage|p2a: Skarmory|66/100
|
|-heal|p2a: Skarmory|72/100|[from] item: Leftovers
|upkeep
|turn|17
|
|t:|1760845142
|move|p1a: Lisianthus|Chilling Water|p2a: Skarmory
|-damage|p2a: Skarmory|46/100
|-unboost|p2a: Skarmory|atk|1
|move|p2a: Skarmory|Iron Head|p1a: Lisianthus
|-supereffective|p1a: Lisianthus
|-damage|p1a: Lisianthus|51/100
|
|-heal|p2a: Skarmory|52/100|[from] item: Leftovers
|upkeep
|turn|18
|
|t:|1760845152
|switch|p1a: Misty|Noivern, M|100/100
|move|p2a: Skarmory|Iron Head|p1a: Misty
|-damage|p1a: Misty|87/100
|
|-heal|p2a: Skarmory|58/100|[from] item: Leftovers
|upkeep
|turn|19
|
|t:|1760845161
|move|p1a: Misty|Defog|p2a: Skarmory
|-unboost|p2a: Skarmory|evasion|1
|-sideend|p1: caijin|Stealth Rock|[from] move: Defog|[of] p1a: Misty
|move|p2a: Skarmory|Swords Dance|p2a: Skarmory
|-boost|p2a: Skarmory|atk|2
|
|-heal|p2a: Skarmory|64/100|[from] item: Leftovers
|-sideend|p1: caijin|Reflect
|upkeep
|turn|20
|
|t:|1760845171
|move|p1a: Misty|Draco Meteor|p2a: Skarmory
|-resisted|p2a: Skarmory
|-crit|p2a: Skarmory
|-damage|p2a: Skarmory|2/100
|-unboost|p1a: Misty|spa|2
|move|p2a: Skarmory|Iron Head|p1a: Misty
|-damage|p1a: Misty|27/100
|
|-heal|p2a: Skarmory|8/100|[from] item: Leftovers
|-sideend|p1: caijin|move: Light Screen
|upkeep
|turn|21
|
|t:|1760845181
|move|p1a: Misty|Boomburst|p2a: Skarmory
|-resisted|p2a: Skarmory
|-damage|p2a: Skarmory|0 fnt
|faint|p2a: Skarmory
|
|upkeep
|
|t:|1760845184
|switch|p2a: Primarina|Primarina, M|100/100
|turn|22
|
|t:|1760845195
|switch|p1a: Mirror|Meowstic, M|60/100
|move|p2a: Primarina|Hyper Voice|p1a: Mirror
|-damage|p1a: Mirror|0 fnt
|faint|p1a: Mirror
|-enditem|p2a: Primarina|Throat Spray
|-boost|p2a: Primarina|spa|1|[from] item: Throat Spray
|
|upkeep
|
|t:|1760845204
|switch|p1a: Camellia|Serperior, F|88/100
|turn|23
|
|t:|1760845223
|move|p1a: Camellia|Bullet Seed|p2a: Primarina
|-supereffective|p2a: Primarina
|-damage|p2a: Primarina|79/100
|-supereffective|p2a: Primarina
|-damage|p2a: Primarina|59/100
|-supereffective|p2a: Primarina
|-damage|p2a: Primarina|37/100
|-supereffective|p2a: Primarina
|-damage|p2a: Primarina|16/100
|-supereffective|p2a: Primarina
|-damage|p2a: Primarina|0 fnt
|faint|p2a: Primarina
|-hitcount|p2: Primarina|5
|
|upkeep
|
|t:|1760845226
|switch|p2a: Ting-Lu|Ting-Lu|67/100
|-ability|p2a: Ting-Lu|Vessel of Ruin
|turn|24
|
|t:|1760845237
|move|p1a: Camellia|Bullet Seed|p2a: Ting-Lu
|-supereffective|p2a: Ting-Lu
|-damage|p2a: Ting-Lu|58/100
|-supereffective|p2a: Ting-Lu
|-damage|p2a: Ting-Lu|50/100
|-enditem|p2a: Ting-Lu|Sitrus Berry|[eat]
|-heal|p2a: Ting-Lu|74/100|[from] item: Sitrus Berry
|-supereffective|p2a: Ting-Lu
|-damage|p2a: Ting-Lu|66/100
|-supereffective|p2a: Ting-Lu
|-damage|p2a: Ting-Lu|57/100
|-hitcount|p2a: Ting-Lu|4
|move|p2a: Ting-Lu|Stealth Rock|p1a: Camellia
|-sidestart|p1: caijin|move: Stealth Rock
|
|upkeep
|turn|25
|
|t:|1760845249
|move|p1a: Camellia|Bullet Seed|p2a: Ting-Lu
|-supereffective|p2a: Ting-Lu
|-damage|p2a: Ting-Lu|48/100
|-supereffective|p2a: Ting-Lu
|-damage|p2a: Ting-Lu|39/100
|-supereffective|p2a: Ting-Lu
|-damage|p2a: Ting-Lu|30/100
|-supereffective|p2a: Ting-Lu
|-damage|p2a: Ting-Lu|22/100
|-hitcount|p2a: Ting-Lu|4
|move|p2a: Ting-Lu|Whirlwind|p1a: Camellia
|drag|p1a: Lisianthus|Florges-Blue, F|51/100
|-damage|p1a: Lisianthus|38/100|[from] Stealth Rock
|
|upkeep
|turn|26
|
|t:|1760845264
|switch|p2a: Pikachu|Pikachu, M|100/100
|move|p1a: Lisianthus|Chilling Water|p2a: Pikachu
|-damage|p2a: Pikachu|56/100
|-unboost|p2a: Pikachu|atk|1
|
|upkeep
|turn|27
|
|t:|1760845271
|move|p2a: Pikachu|Thunderbolt|p1a: Lisianthus
|-damage|p1a: Lisianthus|1/100
|move|p1a: Lisianthus|Synthesis|p1a: Lisianthus
|-heal|p1a: Lisianthus|51/100
|
|upkeep
|turn|28
|
|t:|1760845278
|move|p2a: Pikachu|Thunder Wave|p1a: Lisianthus
|-status|p1a: Lisianthus|par
|-enditem|p1a: Lisianthus|Lum Berry|[eat]
|-curestatus|p1a: Lisianthus|par|[msg]
|move|p1a: Lisianthus|Synthesis|p1a: Lisianthus
|-heal|p1a: Lisianthus|100/100
|
|upkeep
|turn|29
|
|t:|1760845289
|-terastallize|p1a: Lisianthus|Grass
|move|p2a: Pikachu|Thunder Wave|p1a: Lisianthus
|-block|p1a: Lisianthus|ability: Flower Veil|[of] p1a: Lisianthus
|move|p1a: Lisianthus|Moonblast|p2a: Pikachu
|-damage|p2a: Pikachu|0 fnt
|faint|p2a: Pikachu
|
|upkeep
|
|t:|1760845298
|switch|p2a: Salamence|Salamence, M|100/100
|turn|30
|
|t:|1760845305
|move|p2a: Salamence|Dragon Dance|p2a: Salamence
|-boost|p2a: Salamence|atk|1
|-boost|p2a: Salamence|spe|1
|move|p1a: Lisianthus|Moonblast|p2a: Salamence
|-supereffective|p2a: Salamence
|-damage|p2a: Salamence|0 fnt
|faint|p2a: Salamence
|
|upkeep
|-message|FreguesMidnight forfeited.
|
|win|caijin
|raw|caijin's rating: 1069 &rarr; <strong>1097</strong><br />(+28 for winning)
|raw|FreguesMidnight's rating: 1052 &rarr; <strong>1035</strong><br />(-17 for losing)
|l|☆FreguesMidnight
|player|p2|
