|j|☆AlmightyHD
|j|☆quolius
|t:|1760820233
|gametype|singles
|player|p1|AlmightyHD|acetrainerf-gen4dp|1468
|player|p2|quolius|1|1547
|gen|9
|tier|[Gen 9] OU
|rated|
|rule|HP Percentage Mod: HP is shown in percentages
|rule|Endless Battle Clause: Forcing endless battles is banned
|rule|Species Clause: Limit one of each Pokémon
|rule|OHKO Clause: OHKO moves are banned
|rule|Evasion Items Clause: Evasion items are banned
|rule|Evasion Moves Clause: Evasion moves are banned
|rule|Evasion Abilities Clause: Evasion abilities are banned
|rule|Sleep Moves Clause: Sleep-inducing moves are banned
|clearpoke
|poke|p1|Dragonite, F|
|poke|p1|Tyranitar, F|
|poke|p1|Excadrill, M|
|poke|p1|Ogerpon-Wellspring, F|
|poke|p1|Moltres|
|poke|p1|Uxie|
|poke|p2|Garchomp, M|
|poke|p2|Meowscarada, F|
|poke|p2|Gholdengo|
|poke|p2|Excadrill, M|
|poke|p2|Tyranitar, M|
|poke|p2|Ogerpon-Wellspring, F|
|teampreview
|inactive|Battle timer is ON: inactive players will automatically lose when time's up. (requested by quolius)
|
|t:|1760820246
|teamsize|p1|6
|teamsize|p2|6
|start
|switch|p1a: Dragonite|Dragonite, F|100/100
|switch|p2a: Meowscarada|Meowscarada, F|100/100
|turn|1
|
|t:|1760820257
|-terastallize|p1a: Dragonite|Normal
|move|p1a: Dragonite|Extreme Speed|p2a: Meowscarada
|-damage|p2a: Meowscarada|0 fnt
|faint|p2a: Meowscarada
|
|upkeep
|
|t:|1760820262
|switch|p2a: Garchomp|Garchomp, M|100/100
|turn|2
|
|t:|1760820283
|switch|p1a: Tyranitar|Tyranitar, F, shiny|100/100
|-weather|Sandstorm|[from] ability: Sand Stream|[of] p1a: Tyranitar
|move|p2a: Garchomp|Stealth Rock|p1a: Tyranitar
|-sidestart|p1: AlmightyHD|move: Stealth Rock
|
|-weather|Sandstorm|[upkeep]
|upkeep
|turn|3
|
|t:|1760820287
|move|p2a: Garchomp|Spikes|p1a: Tyranitar
|-sidestart|p1: AlmightyHD|Spikes
|move|p1a: Tyranitar|Ice Punch|p2a: Garchomp
|-supereffective|p2a: Garchomp
|-damage|p2a: Garchomp|0 fnt
|-damage|p1a: Tyranitar|88/100|[from] ability: Rough Skin|[of] p2a: Garchomp
|-damage|p1a: Tyranitar|72/100|[from] item: Rocky Helmet|[of] p2a: Garchomp
|faint|p2a: Garchomp
|
|-weather|Sandstorm|[upkeep]
|upkeep
|
|t:|1760820294
|switch|p2a: Excadrill|Excadrill, M|100/100
|-item|p2a: Excadrill|Air Balloon
|turn|4
|
|t:|1760820300
|move|p2a: Excadrill|Swords Dance|p2a: Excadrill
|-boost|p2a: Excadrill|atk|2
|move|p1a: Tyranitar|Ice Punch|p2a: Excadrill
|-damage|p2a: Excadrill|35/100
|-enditem|p2a: Excadrill|Air Balloon
|
|-weather|Sandstorm|[upkeep]
|upkeep
|turn|5
|
|t:|1760820304
|switch|p1a: Uxie|Uxie, shiny|100/100
|-damage|p1a: Uxie|88/100|[from] Stealth Rock
|move|p2a: Excadrill|Earthquake|p1a: Uxie
|-immune|p1a: Uxie|[from] ability: Levitate
|
|-weather|Sandstorm|[upkeep]
|-damage|p1a: Uxie|82/100|[from] Sandstorm
|upkeep
|turn|6
|
|t:|1760820309
|move|p2a: Excadrill|Rock Slide|p1a: Uxie|[miss]
|-miss|p2a: Excadrill|p1a: Uxie
|move|p1a: Uxie|Knock Off|p2a: Excadrill
|-damage|p2a: Excadrill|19/100
|
|-weather|none
|upkeep
|turn|7
|
|t:|1760820315
|move|p2a: Excadrill|Rapid Spin|p1a: Uxie
|-damage|p1a: Uxie|57/100
|-boost|p2a: Excadrill|spe|1
|-damage|p2a: Excadrill|2/100|[from] item: Rocky Helmet|[of] p1a: Uxie
|move|p1a: Uxie|Knock Off|p2a: Excadrill
|-damage|p2a: Excadrill|0 fnt
|faint|p2a: Excadrill
|
|upkeep
|
|t:|1760820323
|switch|p2a: Gholdengo|Gholdengo|100/100
|turn|8
|
|t:|1760820332
|move|p2a: Gholdengo|Shadow Ball|p1a: Uxie
|-supereffective|p1a: Uxie
|-damage|p1a: Uxie|0 fnt
|faint|p1a: Uxie
|
|upkeep
|
|t:|1760820336
|switch|p1a: Dragonite|Dragonite, F, tera:Normal|100/100
|-damage|p1a: Dragonite|88/100|[from] Stealth Rock
|-damage|p1a: Dragonite|76/100|[from] Spikes
|turn|9
|
|t:|1760820342
|switch|p2a: Tyranitar|Tyranitar, M|100/100
|-weather|Sandstorm|[from] ability: Sand Stream|[of] p2a: Tyranitar
|move|p1a: Dragonite|Outrage|p2a: Tyranitar
|-damage|p2a: Tyranitar|14/100
|
|-weather|Sandstorm|[upkeep]
|-damage|p1a: Dragonite|70/100|[from] Sandstorm
|upkeep
|turn|10
|
|t:|1760820357
|switch|p2a: Gholdengo|Gholdengo|100/100
|move|p1a: Dragonite|Outrage|p2a: Gholdengo|[from] lockedmove
|-resisted|p2a: Gholdengo
|-damage|p2a: Gholdengo|43/100
|
|-weather|Sandstorm|[upkeep]
|-damage|p1a: Dragonite|63/100|[from] Sandstorm
|upkeep
|turn|11
|
|t:|1760820361
|move|p2a: Gholdengo|Make It Rain|p1a: Dragonite
|-damage|p1a: Dragonite|0 fnt
|-unboost|p2a: Gholdengo|spa|1
|faint|p1a: Dragonite
|
|-weather|Sandstorm|[upkeep]
|upkeep
|
|t:|1760820372
|switch|p1a: Ogerpon|Ogerpon-Wellspring, F|100/100
|-damage|p1a: Ogerpon|88/100|[from] Stealth Rock
|-damage|p1a: Ogerpon|76/100|[from] Spikes
|turn|12
|
|t:|1760820388
|switch|p2a: Tyranitar|Tyranitar, M|14/100
|move|p1a: Ogerpon|Horn Leech|p2a: Tyranitar
|-supereffective|p2a: Tyranitar
|-damage|p2a: Tyranitar|0 fnt
|-heal|p1a: Ogerpon|85/100|[from] drain|[of] p2a: Tyranitar
|faint|p2a: Tyranitar
|
|-weather|Sandstorm|[upkeep]
|-damage|p1a: Ogerpon|79/100|[from] Sandstorm
|upkeep
|
|t:|1760820394
|switch|p2a: Ogerpon|Ogerpon-Wellspring, F|100/100
|turn|13
|
|t:|1760820403
|move|p1a: Ogerpon|Horn Leech|p2a: Ogerpon
|-damage|p2a: Ogerpon|39/100
|-heal|p1a: Ogerpon|100/100|[from] drain|[of] p2a: Ogerpon
|move|p2a: Ogerpon|Trailblaze|p1a: Ogerpon
|-damage|p1a: Ogerpon|59/100
|-boost|p2a: Ogerpon|spe|1
|
|-weather|Sandstorm|[upkeep]
|-damage|p2a: Ogerpon|33/100|[from] Sandstorm
|-damage|p1a: Ogerpon|53/100|[from] Sandstorm
|upkeep
|turn|14
|
|t:|1760820410
|move|p2a: Ogerpon|Knock Off|p1a: Ogerpon
|-damage|p1a: Ogerpon|20/100
|move|p1a: Ogerpon|Horn Leech|p2a: Ogerpon
|-damage|p2a: Ogerpon|0 fnt
|-heal|p1a: Ogerpon|37/100|[from] drain|[of] p2a: Ogerpon
|faint|p2a: Ogerpon
|
|-weather|Sandstorm|[upkeep]
|-damage|p1a: Ogerpon|31/100|[from] Sandstorm
|upkeep
|
|t:|1760820412
|switch|p2a: Gholdengo|Gholdengo|43/100
|turn|15
|
|t:|1760820418
|move|p2a: Gholdengo|Shadow Ball|p1a: Ogerpon
|-damage|p1a: Ogerpon|0 fnt
|faint|p1a: Ogerpon
|
|-weather|Sandstorm|[upkeep]
|upkeep
|
|t:|1760820420
|switch|p1a: Excadrill|Excadrill, M|100/100
|-damage|p1a: Excadrill|97/100|[from] Stealth Rock
|-item|p1a: Excadrill|Air Balloon
|turn|16
|
|t:|1760820423
|-terastallize|p2a: Gholdengo|Fairy
|move|p1a: Excadrill|Earthquake|p2a: Gholdengo
|-damage|p2a: Gholdengo|0 fnt
|faint|p2a: Gholdengo
|
|win|AlmightyHD
|raw|AlmightyHD's rating: 1468 &rarr; <strong>1492</strong><br />(+24 for winning)
|raw|quolius's rating: 1547 &rarr; <strong>1523</strong><br />(-24 for losing)
|l|☆quolius
|player|p2|
|l|☆AlmightyHD
|player|p1|
