|j|☆D197
|j|☆melenchon-le-goat
|t:|1760862893
|gametype|singles
|player|p1|D197|clerkf|1145
|player|p2|melenchon-le-goat|265|1187
|gen|9
|tier|[Gen 9] OU
|rated|
|rule|HP Percentage Mod: HP is shown in percentages
|rule|Endless Battle Clause: Forcing endless battles is banned
|rule|Species Clause: Limit one of each Pokémon
|rule|OHKO Clause: OHKO moves are banned
|rule|Evasion Items Clause: Evasion items are banned
|rule|Evasion Moves Clause: Evasion moves are banned
|rule|Evasion Abilities Clause: Evasion abilities are banned
|rule|Sleep Moves Clause: Sleep-inducing moves are banned
|clearpoke
|poke|p1|Ribombee, F|
|poke|p1|Dragapult, F|
|poke|p1|Flareon, F|
|poke|p1|Magneton|
|poke|p1|Vileplume, F|
|poke|p1|Gallade, M|
|poke|p2|Dragonite, M|
|poke|p2|Deoxys-Speed|
|poke|p2|Zapdos|
|poke|p2|Hatterene, F|
|poke|p2|Glimmora, F|
|poke|p2|Blaziken, M|
|teampreview
|inactive|Battle timer is ON: inactive players will automatically lose when time's up. (requested by D197)
|
|t:|1760862901
|teamsize|p1|6
|teamsize|p2|6
|start
|switch|p1a: 鴛掌|Ribombee, F, shiny|100/100
|switch|p2a: Blaziken|Blaziken, M|100/100
|turn|1
|
|t:|1760862912
|switch|p2a: Glimmora|Glimmora, F|100/100
|-terastallize|p1a: 鴛掌|Ground
|move|p1a: 鴛掌|Tera Blast|p2a: Glimmora|[anim] Tera Blast Ground
|-supereffective|p2a: Glimmora
|-enditem|p2a: Glimmora|Focus Sash
|-damage|p2a: Glimmora|1/100
|
|upkeep
|turn|2
|
|t:|1760862922
|move|p1a: 鴛掌|Tera Blast|p2a: Glimmora|[anim] Tera Blast Ground
|-supereffective|p2a: Glimmora
|-damage|p2a: Glimmora|0 fnt
|faint|p2a: Glimmora
|
|upkeep
|
|t:|1760862930
|switch|p2a: Deoxys|Deoxys-Speed|100/100
|-ability|p2a: Deoxys|Pressure
|turn|3
|
|t:|1760862946
|switch|p1a: 火心|Flareon, F|100/100
|move|p2a: Deoxys|Ice Beam|p1a: 火心
|-resisted|p1a: 火心
|-damage|p1a: 火心|85/100
|
|-status|p1a: 火心|tox|[from] item: Toxic Orb
|upkeep
|turn|4
|
|t:|1760862959
|move|p2a: Deoxys|Psycho Boost|p1a: 火心
|-damage|p1a: 火心|21/100 tox
|-unboost|p2a: Deoxys|spa|2
|move|p1a: 火心|Facade|p2a: Deoxys
|-enditem|p2a: Deoxys|Focus Sash
|-damage|p2a: Deoxys|1/100
|
|-damage|p1a: 火心|14/100 tox|[from] psn
|upkeep
|turn|5
|
|t:|1760862970
|move|p1a: 火心|Protect|p1a: 火心
|-singleturn|p1a: 火心|Protect
|move|p2a: Deoxys|Psycho Boost|p1a: 火心
|-activate|p1a: 火心|move: Protect
|
|-damage|p1a: 火心|2/100 tox|[from] psn
|upkeep
|turn|6
|
|t:|1760862990
|move|p1a: 火心|Quick Attack|p2a: Deoxys
|-damage|p2a: Deoxys|0 fnt
|faint|p2a: Deoxys
|
|-damage|p1a: 火心|0 fnt|[from] psn
|faint|p1a: 火心
|upkeep
|
|t:|1760863009
|switch|p2a: Zapdos|Zapdos|100/100
|switch|p1a: 鴛掌|Ribombee, F, shiny, tera:Ground|100/100
|turn|7
|
|t:|1760863021
|move|p1a: 鴛掌|Moonblast|p2a: Zapdos
|-damage|p2a: Zapdos|39/100
|move|p2a: Zapdos|Hurricane|p1a: 鴛掌
|-damage|p1a: 鴛掌|0 fnt
|faint|p1a: 鴛掌
|
|upkeep
|
|t:|1760863032
|switch|p1a: 雷眼|Magneton|100/100
|turn|8
|
|t:|1760863038
|move|p2a: Zapdos|Volt Switch|p1a: 雷眼
|-resisted|p1a: 雷眼
|-damage|p1a: 雷眼|83/100
|
|t:|1760863047
|switch|p2a: Dragonite|Dragonite, M|100/100|[from] Volt Switch
|move|p1a: 雷眼|Flash Cannon|p2a: Dragonite
|-damage|p2a: Dragonite|71/100
|
|upkeep
|turn|9
|
|t:|1760863065
|switch|p1a: 梅掌|Dragapult, F|100/100
|move|p2a: Dragonite|Dragon Dance|p2a: Dragonite
|-boost|p2a: Dragonite|atk|1
|-boost|p2a: Dragonite|spe|1
|
|upkeep
|turn|10
|
|t:|1760863080
|switch|p2a: Hatterene|Hatterene, F|100/100
|move|p1a: 梅掌|Dragon Darts|p2a: Hatterene
|-immune|p2a: Hatterene
|
|upkeep
|turn|11
|
|t:|1760863095
|switch|p1a: 斑葉|Vileplume, F|100/100
|move|p2a: Hatterene|Nuzzle|p1a: 斑葉
|-resisted|p1a: 斑葉
|-damage|p1a: 斑葉|99/100
|-status|p1a: 斑葉|par
|-damage|p2a: Hatterene|84/100|[from] item: Rocky Helmet|[of] p1a: 斑葉
|-status|p2a: Hatterene|psn|[from] ability: Effect Spore|[of] p1a: 斑葉
|
|-damage|p2a: Hatterene|72/100 psn|[from] psn
|upkeep
|turn|12
|inactive|D197 has 120 seconds left.
|
|t:|1760863111
|switch|p2a: Zapdos|Zapdos|39/100
|move|p1a: 斑葉|Leech Seed|p2a: Zapdos
|-start|p2a: Zapdos|move: Leech Seed
|
|-damage|p2a: Zapdos|27/100|[from] Leech Seed|[of] p1a: 斑葉
|-heal|p1a: 斑葉|100/100 par|[silent]
|upkeep
|turn|13
|
|t:|1760863121
|switch|p1a: 梅掌|Dragapult, F|100/100
|move|p2a: Zapdos|Roost|p2a: Zapdos
|-heal|p2a: Zapdos|77/100
|-singleturn|p2a: Zapdos|move: Roost
|
|-damage|p2a: Zapdos|65/100|[from] Leech Seed|[of] p1a: 梅掌
|upkeep
|turn|14
|
|t:|1760863133
|switch|p2a: Hatterene|Hatterene, F|72/100 psn
|move|p1a: 梅掌|Dragon Dance|p1a: 梅掌
|-boost|p1a: 梅掌|atk|1
|-boost|p1a: 梅掌|spe|1
|
|-damage|p2a: Hatterene|59/100 psn|[from] psn
|upkeep
|turn|15
|inactive|D197 has 120 seconds left.
|
|t:|1760863150
|move|p1a: 梅掌|Acrobatics|p2a: Hatterene
|-damage|p2a: Hatterene|30/100 psn
|move|p2a: Hatterene|Nuzzle|p1a: 梅掌
|-resisted|p1a: 梅掌
|-damage|p1a: 梅掌|98/100
|-status|p1a: 梅掌|par
|
|-damage|p2a: Hatterene|18/100 psn|[from] psn
|upkeep
|turn|16
|inactive|D197 has 120 seconds left.
|
|t:|1760863162
|move|p1a: 梅掌|Sucker Punch|p2a: Hatterene
|-damage|p2a: Hatterene|0 fnt
|faint|p2a: Hatterene
|
|upkeep
|
|t:|1760863182
|switch|p2a: Zapdos|Zapdos|65/100
|turn|17
|
|t:|1760863188
|move|p1a: 梅掌|Dragon Darts|p2a: Zapdos
|-damage|p2a: Zapdos|24/100
|-anim|p1a: 梅掌|Dragon Darts|p2a: Zapdos
|-crit|p2a: Zapdos
|-damage|p2a: Zapdos|0 fnt
|faint|p2a: Zapdos
|
|upkeep
|
|t:|1760863195
|switch|p2a: Blaziken|Blaziken, M|100/100
|turn|18
|
|t:|1760863200
|cant|p1a: 梅掌|par
|move|p2a: Blaziken|Swords Dance|p2a: Blaziken
|-boost|p2a: Blaziken|atk|2
|
|-ability|p2a: Blaziken|Speed Boost|boost
|-boost|p2a: Blaziken|spe|1
|upkeep
|turn|19
|
|t:|1760863213
|move|p2a: Blaziken|Knock Off|p1a: 梅掌
|-supereffective|p1a: 梅掌
|-damage|p1a: 梅掌|0 fnt
|-enditem|p1a: 梅掌|Focus Sash|[from] move: Knock Off|[of] p2a: Blaziken
|faint|p1a: 梅掌
|
|-ability|p2a: Blaziken|Speed Boost|boost
|-boost|p2a: Blaziken|spe|1
|upkeep
|
|t:|1760863221
|switch|p1a: 斑葉|Vileplume, F|100/100 par
|turn|20
|
|t:|1760863226
|move|p2a: Blaziken|Flare Blitz|p1a: 斑葉
|-supereffective|p1a: 斑葉
|-damage|p1a: 斑葉|0 fnt
|-damage|p2a: Blaziken|84/100|[from] item: Rocky Helmet|[of] p1a: 斑葉
|faint|p1a: 斑葉
|-damage|p2a: Blaziken|51/100|[from] Recoil
|
|-ability|p2a: Blaziken|Speed Boost|boost
|-boost|p2a: Blaziken|spe|1
|upkeep
|
|t:|1760863246
|switch|p1a: 刃掌|Gallade, M|100/100
|turn|21
|
|t:|1760863251
|move|p2a: Blaziken|Flare Blitz|p1a: 刃掌
|-damage|p1a: 刃掌|0 fnt
|faint|p1a: 刃掌
|-damage|p2a: Blaziken|25/100|[from] Recoil
|
|-ability|p2a: Blaziken|Speed Boost|boost
|-boost|p2a: Blaziken|spe|1
|upkeep
|
|t:|1760863258
|switch|p1a: 雷眼|Magneton|83/100
|turn|22
|c|☆D197|GG
|
|t:|1760863267
|move|p2a: Blaziken|Close Combat|p1a: 雷眼
|-supereffective|p1a: 雷眼
|-damage|p1a: 雷眼|0 fnt
|-unboost|p2a: Blaziken|def|1
|-unboost|p2a: Blaziken|spd|1
|faint|p1a: 雷眼
|
|win|melenchon-le-goat
|raw|D197's rating: 1145 &rarr; <strong>1123</strong><br />(-22 for losing)
|raw|melenchon-le-goat's rating: 1187 &rarr; <strong>1209</strong><br />(+22 for winning)
|c|☆D197|:LD
|l|☆melenchon-le-goat
|player|p2|
|c|☆D197|NICS　ＢＲＯ
|l|☆D197
|player|p1|
