|j|☆pcklee
|j|☆Hgfhhfghfff
|t:|1760840470
|gametype|singles
|player|p1|pcklee|266|1610
|player|p2|Hgfhhfghfff|170|1629
|gen|9
|tier|[Gen 9] OU
|rated|
|rule|HP Percentage Mod: HP is shown in percentages
|rule|Endless Battle Clause: Forcing endless battles is banned
|rule|Species Clause: Limit one of each Pokémon
|rule|OHKO Clause: OHKO moves are banned
|rule|Evasion Items Clause: Evasion items are banned
|rule|Evasion Moves Clause: Evasion moves are banned
|rule|Evasion Abilities Clause: Evasion abilities are banned
|rule|Sleep Moves Clause: Sleep-inducing moves are banned
|clearpoke
|poke|p1|Kingambit, M|
|poke|p1|Great Tusk|
|poke|p1|Dragapult, M|
|poke|p1|Iron Valiant|
|poke|p1|Heatran, F|
|poke|p1|Rillaboom, F|
|poke|p2|Scream Tail|
|poke|p2|Haxorus, F|
|poke|p2|Iron Hands|
|poke|p2|Talonflame, F|
|poke|p2|Meowscarada, M|
|poke|p2|Swampert, F|
|teampreview
|j| venomania
|inactive|Battle timer is ON: inactive players will automatically lose when time's up. (requested by Hgfhhfghfff)
|
|t:|1760840498
|teamsize|p1|6
|teamsize|p2|6
|start
|switch|p1a: Dragapult|Dragapult, M|100/100
|switch|p2a: Swampert|Swampert, F|100/100
|turn|1
|
|t:|1760840508
|move|p1a: Dragapult|Will-O-Wisp|p2a: Swampert
|-status|p2a: Swampert|brn
|move|p2a: Swampert|Stealth Rock|p1a: Dragapult
|-sidestart|p1: pcklee|move: Stealth Rock
|
|-damage|p2a: Swampert|94/100 brn|[from] brn
|upkeep
|turn|2
|l| venomania
|
|t:|1760840531
|move|p1a: Dragapult|U-turn|p2a: Swampert
|-damage|p2a: Swampert|79/100 brn
|
|t:|1760840535
|switch|p1a: Rillaboom|Rillaboom, F|100/100|[from] U-turn
|-damage|p1a: Rillaboom|88/100|[from] Stealth Rock
|-fieldstart|move: Grassy Terrain|[from] ability: Grassy Surge|[of] p1a: Rillaboom
|move|p2a: Swampert|Mirror Coat||[still]
|-fail|p2a: Swampert
|
|-heal|p1a: Rillaboom|94/100|[from] Grassy Terrain
|-heal|p2a: Swampert|85/100 brn|[from] Grassy Terrain
|-heal|p2a: Swampert|91/100 brn|[from] item: Leftovers
|-damage|p2a: Swampert|85/100 brn|[from] brn
|upkeep
|turn|3
|
|t:|1760840551
|switch|p2a: Talonflame|Talonflame, F|100/100
|move|p1a: Rillaboom|Knock Off|p2a: Talonflame
|-damage|p2a: Talonflame|37/100
|-enditem|p2a: Talonflame|Heavy-Duty Boots|[from] move: Knock Off|[of] p1a: Rillaboom
|
|-heal|p1a: Rillaboom|99/100|[from] Grassy Terrain
|upkeep
|turn|4
|
|t:|1760840562
|switch|p1a: Heatran|Heatran, F|100/100
|-damage|p1a: Heatran|88/100|[from] Stealth Rock
|move|p2a: Talonflame|Roost|p2a: Talonflame
|-heal|p2a: Talonflame|87/100
|-singleturn|p2a: Talonflame|move: Roost
|
|-heal|p2a: Talonflame|94/100|[from] Grassy Terrain
|-heal|p1a: Heatran|94/100|[from] Grassy Terrain
|-heal|p1a: Heatran|100/100|[from] item: Leftovers
|upkeep
|turn|5
|
|t:|1760840575
|move|p2a: Talonflame|U-turn|p1a: Heatran
|-resisted|p1a: Heatran
|-crit|p1a: Heatran
|-damage|p1a: Heatran|96/100
|
|t:|1760840578
|switch|p2a: Swampert|Swampert, F|85/100 brn|[from] U-turn
|move|p1a: Heatran|Stealth Rock|p2a: Swampert
|-sidestart|p2: Hgfhhfghfff|move: Stealth Rock
|
|-heal|p1a: Heatran|100/100|[from] Grassy Terrain
|-heal|p2a: Swampert|91/100 brn|[from] Grassy Terrain
|-heal|p2a: Swampert|98/100 brn|[from] item: Leftovers
|-damage|p2a: Swampert|91/100 brn|[from] brn
|upkeep
|turn|6
|
|t:|1760840588
|switch|p1a: Rillaboom|Rillaboom, F|99/100
|-damage|p1a: Rillaboom|88/100|[from] Stealth Rock
|move|p2a: Swampert|Flip Turn|p1a: Rillaboom
|-resisted|p1a: Rillaboom
|-crit|p1a: Rillaboom
|-damage|p1a: Rillaboom|78/100
|
|t:|1760840596
|switch|p2a: Talonflame|Talonflame, F|94/100|[from] Flip Turn
|-damage|p2a: Talonflame|44/100|[from] Stealth Rock
|
|-heal|p1a: Rillaboom|84/100|[from] Grassy Terrain
|-fieldend|move: Grassy Terrain
|upkeep
|turn|7
|
|t:|1760840619
|switch|p1a: Dragapult|Dragapult, M|100/100
|move|p2a: Talonflame|Defog|p1a: Dragapult
|-unboost|p1a: Dragapult|evasion|1
|-sideend|p1: pcklee|Stealth Rock|[from] move: Defog|[of] p2a: Talonflame
|-sideend|p2: Hgfhhfghfff|Stealth Rock|[from] move: Defog|[of] p2a: Talonflame
|
|upkeep
|turn|8
|
|t:|1760840628
|move|p1a: Dragapult|Draco Meteor|p2a: Talonflame
|-damage|p2a: Talonflame|0 fnt
|-unboost|p1a: Dragapult|spa|2
|faint|p2a: Talonflame
|
|upkeep
|
|t:|1760840643
|switch|p2a: Haxorus|Haxorus, F|100/100
|-ability|p2a: Haxorus|Mold Breaker
|turn|9
|
|t:|1760840650
|move|p1a: Dragapult|Will-O-Wisp|p2a: Haxorus
|-status|p2a: Haxorus|brn
|-enditem|p2a: Haxorus|Lum Berry|[eat]
|-curestatus|p2a: Haxorus|brn|[msg]
|move|p2a: Haxorus|Scale Shot|p1a: Dragapult
|-supereffective|p1a: Dragapult
|-damage|p1a: Dragapult|66/100
|-supereffective|p1a: Dragapult
|-damage|p1a: Dragapult|32/100
|-supereffective|p1a: Dragapult
|-damage|p1a: Dragapult|0 fnt
|faint|p1a: Dragapult
|-hitcount|p1: Dragapult|3
|-unboost|p2a: Haxorus|def|1
|-boost|p2a: Haxorus|spe|1
|
|upkeep
|inactive|pcklee has 120 seconds left.
|
|t:|1760840681
|switch|p1a: Iron Valiant|Iron Valiant|100/100
|-enditem|p1a: Iron Valiant|Booster Energy
|-activate|p1a: Iron Valiant|ability: Quark Drive|[fromitem]
|-start|p1a: Iron Valiant|quarkdrivespe
|turn|10
|
|t:|1760840686
|switch|p2a: Scream Tail|Scream Tail|100/100
|move|p1a: Iron Valiant|Moonblast|p2a: Scream Tail
|-damage|p2a: Scream Tail|76/100
|
|-heal|p2a: Scream Tail|82/100|[from] item: Leftovers
|upkeep
|turn|11
|
|t:|1760840699
|-end|p1a: Iron Valiant|Quark Drive|[silent]
|switch|p1a: Heatran|Heatran, F|100/100
|-end|p2a: Scream Tail|Protosynthesis|[silent]
|switch|p2a: Swampert|Swampert, F|91/100 brn
|
|-heal|p2a: Swampert|98/100 brn|[from] item: Leftovers
|-damage|p2a: Swampert|91/100 brn|[from] brn
|upkeep
|turn|12
|
|t:|1760840710
|move|p1a: Heatran|Stealth Rock|p2a: Swampert
|-sidestart|p2: Hgfhhfghfff|move: Stealth Rock
|move|p2a: Swampert|Earthquake|p1a: Heatran
|-supereffective|p1a: Heatran
|-damage|p1a: Heatran|43/100
|
|-heal|p1a: Heatran|49/100|[from] item: Leftovers
|-heal|p2a: Swampert|98/100 brn|[from] item: Leftovers
|-damage|p2a: Swampert|91/100 brn|[from] brn
|upkeep
|turn|13
|
|t:|1760840718
|switch|p1a: Rillaboom|Rillaboom, F|84/100
|-fieldstart|move: Grassy Terrain|[from] ability: Grassy Surge|[of] p1a: Rillaboom
|move|p2a: Swampert|Stealth Rock|p1a: Rillaboom
|-sidestart|p1: pcklee|move: Stealth Rock
|
|-heal|p1a: Rillaboom|91/100|[from] Grassy Terrain
|-heal|p2a: Swampert|98/100 brn|[from] Grassy Terrain
|-heal|p2a: Swampert|100/100 brn|[from] item: Leftovers
|-damage|p2a: Swampert|94/100 brn|[from] brn
|upkeep
|turn|14
|
|t:|1760840738
|switch|p2a: Iron Hands|Iron Hands|100/100
|-damage|p2a: Iron Hands|94/100|[from] Stealth Rock
|-terastallize|p1a: Rillaboom|Grass
|move|p1a: Rillaboom|Wood Hammer|p2a: Iron Hands
|-damage|p2a: Iron Hands|19/100
|-damage|p1a: Rillaboom|55/100|[from] Recoil
|
|-heal|p1a: Rillaboom|61/100|[from] Grassy Terrain
|-heal|p2a: Iron Hands|25/100|[from] Grassy Terrain
|-heal|p2a: Iron Hands|32/100|[from] item: Leftovers
|upkeep
|turn|15
|
|t:|1760840752
|move|p1a: Rillaboom|Wood Hammer|p2a: Iron Hands
|-damage|p2a: Iron Hands|0 fnt
|faint|p2a: Iron Hands
|-end|p2a: Iron Hands|Quark Drive|[silent]
|-damage|p1a: Rillaboom|47/100|[from] Recoil
|
|-heal|p1a: Rillaboom|53/100|[from] Grassy Terrain
|upkeep
|
|t:|1760840765
|switch|p2a: Meowscarada|Meowscarada, M|100/100
|-damage|p2a: Meowscarada|88/100|[from] Stealth Rock
|turn|16
|
|t:|1760840779
|switch|p1a: Heatran|Heatran, F|49/100
|-damage|p1a: Heatran|37/100|[from] Stealth Rock
|move|p2a: Meowscarada|U-turn|p1a: Heatran
|-start|p2a: Meowscarada|typechange|Bug|[from] ability: Protean
|-resisted|p1a: Heatran
|-damage|p1a: Heatran|30/100
|
|t:|1760840783
|switch|p2a: Haxorus|Haxorus, F|100/100|[from] U-turn
|-damage|p2a: Haxorus|88/100|[from] Stealth Rock
|-ability|p2a: Haxorus|Mold Breaker
|
|-heal|p2a: Haxorus|94/100|[from] Grassy Terrain
|-heal|p1a: Heatran|36/100|[from] Grassy Terrain
|-heal|p1a: Heatran|42/100|[from] item: Leftovers
|upkeep
|turn|17
|
|t:|1760840798
|move|p2a: Haxorus|Earthquake|p1a: Heatran
|-supereffective|p1a: Heatran
|-damage|p1a: Heatran|0 fnt
|faint|p1a: Heatran
|
|-heal|p2a: Haxorus|100/100|[from] Grassy Terrain
|-fieldend|move: Grassy Terrain
|upkeep
|
|t:|1760840812
|switch|p1a: Iron Valiant|Iron Valiant|100/100
|-damage|p1a: Iron Valiant|94/100|[from] Stealth Rock
|turn|18
|
|t:|1760840818
|switch|p2a: Scream Tail|Scream Tail|82/100
|-damage|p2a: Scream Tail|69/100|[from] Stealth Rock
|move|p1a: Iron Valiant|Shadow Ball|p2a: Scream Tail
|-supereffective|p2a: Scream Tail
|-damage|p2a: Scream Tail|43/100
|
|-heal|p2a: Scream Tail|49/100|[from] item: Leftovers
|upkeep
|turn|19
|
|t:|1760840832
|move|p1a: Iron Valiant|Shadow Ball|p2a: Scream Tail
|-supereffective|p2a: Scream Tail
|-damage|p2a: Scream Tail|19/100
|move|p2a: Scream Tail|Wish|p2a: Scream Tail
|
|-heal|p2a: Scream Tail|26/100|[from] item: Leftovers
|upkeep
|turn|20
|
|t:|1760840838
|move|p2a: Scream Tail|Protect|p2a: Scream Tail
|-singleturn|p2a: Scream Tail|Protect
|move|p1a: Iron Valiant|Encore|p2a: Scream Tail
|-activate|p2a: Scream Tail|move: Protect
|
|-heal|p2a: Scream Tail|76/100|[from] move: Wish|[wisher] Scream Tail
|-heal|p2a: Scream Tail|82/100|[from] item: Leftovers
|upkeep
|turn|21
|
|t:|1760840849
|move|p1a: Iron Valiant|Moonblast|p2a: Scream Tail
|-damage|p2a: Scream Tail|59/100
|-unboost|p2a: Scream Tail|spa|1
|move|p2a: Scream Tail|Psychic Noise|p1a: Iron Valiant
|-supereffective|p1a: Iron Valiant
|-damage|p1a: Iron Valiant|48/100
|-start|p1a: Iron Valiant|move: Heal Block
|
|-heal|p2a: Scream Tail|65/100|[from] item: Leftovers
|upkeep
|turn|22
|
|t:|1760840859
|move|p1a: Iron Valiant|Shadow Ball|p2a: Scream Tail
|-supereffective|p2a: Scream Tail
|-damage|p2a: Scream Tail|39/100
|move|p2a: Scream Tail|Wish|p2a: Scream Tail
|
|-heal|p2a: Scream Tail|45/100|[from] item: Leftovers
|-end|p1a: Iron Valiant|move: Heal Block
|upkeep
|turn|23
|
|t:|1760840866
|move|p2a: Scream Tail|Protect|p2a: Scream Tail
|-singleturn|p2a: Scream Tail|Protect
|move|p1a: Iron Valiant|Shadow Ball|p2a: Scream Tail
|-activate|p2a: Scream Tail|move: Protect
|
|-heal|p2a: Scream Tail|95/100|[from] move: Wish|[wisher] Scream Tail
|-heal|p2a: Scream Tail|100/100|[from] item: Leftovers
|upkeep
|turn|24
|
|t:|1760840875
|move|p1a: Iron Valiant|Encore|p2a: Scream Tail
|-start|p2a: Scream Tail|Encore
|move|p2a: Scream Tail|Protect||[still]
|-fail|p2a: Scream Tail
|
|upkeep
|turn|25
|
|t:|1760840883
|-end|p2a: Scream Tail|Protosynthesis|[silent]
|switch|p2a: Swampert|Swampert, F|94/100 brn
|-damage|p2a: Swampert|88/100 brn|[from] Stealth Rock
|move|p1a: Iron Valiant|Moonblast|p2a: Swampert
|-damage|p2a: Swampert|60/100 brn
|
|-heal|p2a: Swampert|66/100 brn|[from] item: Leftovers
|-damage|p2a: Swampert|60/100 brn|[from] brn
|upkeep
|turn|26
|
|t:|1760840896
|move|p1a: Iron Valiant|Moonblast|p2a: Swampert
|-damage|p2a: Swampert|29/100 brn
|move|p2a: Swampert|Flip Turn|p1a: Iron Valiant
|-crit|p1a: Iron Valiant
|-damage|p1a: Iron Valiant|17/100
|
|t:|1760840900
|switch|p2a: Meowscarada|Meowscarada, M|88/100|[from] Flip Turn
|-damage|p2a: Meowscarada|76/100|[from] Stealth Rock
|
|upkeep
|turn|27
|
|t:|1760840908
|move|p2a: Meowscarada|Flower Trick|p1a: Iron Valiant
|-start|p2a: Meowscarada|typechange|Grass|[from] ability: Protean
|-crit|p1a: Iron Valiant
|-damage|p1a: Iron Valiant|0 fnt
|faint|p1a: Iron Valiant
|-end|p1a: Iron Valiant|Quark Drive|[silent]
|
|upkeep
|
|t:|1760840928
|switch|p1a: Rillaboom|Rillaboom, F, tera:Grass|53/100
|-damage|p1a: Rillaboom|40/100|[from] Stealth Rock
|-fieldstart|move: Grassy Terrain|[from] ability: Grassy Surge|[of] p1a: Rillaboom
|turn|28
|
|t:|1760840935
|move|p2a: Meowscarada|Triple Axel|p1a: Rillaboom
|-supereffective|p1a: Rillaboom
|-damage|p1a: Rillaboom|27/100
|-supereffective|p1a: Rillaboom
|-damage|p1a: Rillaboom|0 fnt
|faint|p1a: Rillaboom
|-hitcount|p1: Rillaboom|2
|
|-heal|p2a: Meowscarada|82/100|[from] Grassy Terrain
|upkeep
|
|t:|1760840945
|switch|p1a: Kingambit|Kingambit, M|100/100
|-damage|p1a: Kingambit|94/100|[from] Stealth Rock
|-activate|p1a: Kingambit|ability: Supreme Overlord
|-start|p1a: Kingambit|fallen4|[silent]
|turn|29
|
|t:|1760840952
|move|p1a: Kingambit|Sucker Punch|p2a: Meowscarada
|-crit|p2a: Meowscarada
|-damage|p2a: Meowscarada|0 fnt
|faint|p2a: Meowscarada
|
|-heal|p1a: Kingambit|100/100|[from] Grassy Terrain
|upkeep
|
|t:|1760840959
|switch|p2a: Scream Tail|Scream Tail|100/100
|-damage|p2a: Scream Tail|88/100|[from] Stealth Rock
|turn|30
|j| simplegent
|
|t:|1760840964
|move|p2a: Scream Tail|Encore|p1a: Kingambit
|-start|p1a: Kingambit|Encore
|move|p1a: Kingambit|Sucker Punch||[still]
|-fail|p1a: Kingambit
|
|-heal|p2a: Scream Tail|94/100|[from] Grassy Terrain
|-heal|p2a: Scream Tail|100/100|[from] item: Leftovers
|upkeep
|turn|31
|
|t:|1760840973
|move|p1a: Kingambit|Sucker Punch|p2a: Scream Tail
|-damage|p2a: Scream Tail|58/100
|move|p2a: Scream Tail|Psychic Noise|p1a: Kingambit
|-immune|p1a: Kingambit
|
|-heal|p2a: Scream Tail|64/100|[from] Grassy Terrain
|-heal|p2a: Scream Tail|70/100|[from] item: Leftovers
|upkeep
|turn|32
|
|t:|1760840981
|move|p1a: Kingambit|Sucker Punch||[still]
|-fail|p1a: Kingambit
|move|p2a: Scream Tail|Wish|p2a: Scream Tail
|
|-heal|p2a: Scream Tail|76/100|[from] Grassy Terrain
|-heal|p2a: Scream Tail|83/100|[from] item: Leftovers
|-end|p1a: Kingambit|Encore
|-fieldend|move: Grassy Terrain
|upkeep
|turn|33
|
|t:|1760840991
|-end|p1a: Kingambit|fallen4|[silent]
|switch|p1a: Great Tusk|Great Tusk|100/100
|-damage|p1a: Great Tusk|98/100|[from] Stealth Rock
|-enditem|p1a: Great Tusk|Booster Energy
|-activate|p1a: Great Tusk|ability: Protosynthesis|[fromitem]
|-start|p1a: Great Tusk|protosynthesisatk
|move|p2a: Scream Tail|Encore||[still]
|-fail|p2a: Scream Tail
|
|-heal|p2a: Scream Tail|100/100|[from] move: Wish|[wisher] Scream Tail
|upkeep
|turn|34
|
|t:|1760841009
|move|p1a: Great Tusk|Rapid Spin|p2a: Scream Tail
|-damage|p2a: Scream Tail|82/100
|-boost|p1a: Great Tusk|spe|1
|-sideend|p1: pcklee|Stealth Rock|[from] move: Rapid Spin|[of] p1a: Great Tusk
|move|p2a: Scream Tail|Psychic Noise|p1a: Great Tusk
|-supereffective|p1a: Great Tusk
|-damage|p1a: Great Tusk|43/100
|-start|p1a: Great Tusk|move: Heal Block
|
|-heal|p2a: Scream Tail|89/100|[from] item: Leftovers
|upkeep
|turn|35
|
|t:|1760841023
|move|p2a: Scream Tail|Protect|p2a: Scream Tail
|-singleturn|p2a: Scream Tail|Protect
|move|p1a: Great Tusk|Headlong Rush|p2a: Scream Tail
|-activate|p2a: Scream Tail|move: Protect
|
|-heal|p2a: Scream Tail|95/100|[from] item: Leftovers
|-end|p1a: Great Tusk|move: Heal Block
|upkeep
|turn|36
|
|t:|1760841034
|move|p1a: Great Tusk|Headlong Rush|p2a: Scream Tail
|-damage|p2a: Scream Tail|30/100
|-unboost|p1a: Great Tusk|def|1
|-unboost|p1a: Great Tusk|spd|1
|move|p2a: Scream Tail|Psychic Noise|p1a: Great Tusk
|-supereffective|p1a: Great Tusk
|-damage|p1a: Great Tusk|0 fnt
|faint|p1a: Great Tusk
|-end|p1a: Great Tusk|Protosynthesis|[silent]
|
|-heal|p2a: Scream Tail|36/100|[from] item: Leftovers
|upkeep
|
|t:|1760841044
|switch|p1a: Kingambit|Kingambit, M|100/100
|-activate|p1a: Kingambit|ability: Supreme Overlord
|-start|p1a: Kingambit|fallen5|[silent]
|turn|37
|
|t:|1760841050
|move|p2a: Scream Tail|Protect|p2a: Scream Tail
|-singleturn|p2a: Scream Tail|Protect
|move|p1a: Kingambit|Iron Head|p2a: Scream Tail
|-activate|p2a: Scream Tail|move: Protect
|
|-heal|p2a: Scream Tail|42/100|[from] item: Leftovers
|upkeep
|turn|38
|
|t:|1760841057
|move|p2a: Scream Tail|Encore|p1a: Kingambit
|-start|p1a: Kingambit|Encore
|move|p1a: Kingambit|Iron Head|p2a: Scream Tail
|-supereffective|p2a: Scream Tail
|-damage|p2a: Scream Tail|0 fnt
|faint|p2a: Scream Tail
|-end|p2a: Scream Tail|Protosynthesis|[silent]
|
|upkeep
|
|t:|1760841062
|switch|p2a: Haxorus|Haxorus, F|100/100
|-damage|p2a: Haxorus|88/100|[from] Stealth Rock
|-ability|p2a: Haxorus|Mold Breaker
|turn|39
|
|t:|1760841067
|-terastallize|p2a: Haxorus|Electric
|move|p2a: Haxorus|Earthquake|p1a: Kingambit
|-supereffective|p1a: Kingambit
|-damage|p1a: Kingambit|42/100
|move|p1a: Kingambit|Iron Head|p2a: Haxorus
|-resisted|p2a: Haxorus
|-damage|p2a: Haxorus|42/100
|
|-heal|p1a: Kingambit|49/100|[from] item: Leftovers
|upkeep
|turn|40
|
|t:|1760841076
|move|p2a: Haxorus|Tera Blast|p1a: Kingambit|[anim] Tera Blast Electric
|-damage|p1a: Kingambit|13/100
|move|p1a: Kingambit|Iron Head|p2a: Haxorus
|-resisted|p2a: Haxorus
|-damage|p2a: Haxorus|0 fnt
|faint|p2a: Haxorus
|
|-heal|p1a: Kingambit|19/100|[from] item: Leftovers
|-end|p1a: Kingambit|Encore
|upkeep
|
|t:|1760841082
|switch|p2a: Swampert|Swampert, F|29/100 brn
|-damage|p2a: Swampert|23/100 brn|[from] Stealth Rock
|turn|41
|
|t:|1760841093
|move|p1a: Kingambit|Sucker Punch|p2a: Swampert
|-damage|p2a: Swampert|0 fnt
|faint|p2a: Swampert
|
|win|pcklee
|raw|pcklee's rating: 1610 &rarr; <strong>1631</strong><br />(+21 for winning)
|raw|Hgfhhfghfff's rating: 1629 &rarr; <strong>1608</strong><br />(-21 for losing)
|c|☆pcklee|gg
|l|☆Hgfhhfghfff
|player|p2|
|l|☆pcklee
|player|p1|
|l| simplegent
