|j|☆delaynomorehiih666
|j|☆Sarim_malik_
|t:|1760878104
|gametype|singles
|player|p1|delaynomorehiih666|gentleman-gen4|1095
|player|p2|Sarim_malik_|red|1117
|gen|9
|tier|[Gen 9] OU
|rated|
|rule|HP Percentage Mod: HP is shown in percentages
|rule|Endless Battle Clause: Forcing endless battles is banned
|rule|Species Clause: Limit one of each Pokémon
|rule|OHKO Clause: OHKO moves are banned
|rule|Evasion Items Clause: Evasion items are banned
|rule|Evasion Moves Clause: Evasion moves are banned
|rule|Evasion Abilities Clause: Evasion abilities are banned
|rule|Sleep Moves Clause: Sleep-inducing moves are banned
|clearpoke
|poke|p1|Gyarados, M|
|poke|p1|Snorlax, M|
|poke|p1|Goodra, F|
|poke|p1|Sableye, M|
|poke|p1|Corviknight, M|
|poke|p1|Arcanine-Hisui, M|
|poke|p2|Jolteon, M|
|poke|p2|Rillaboom, M|
|poke|p2|Charizard, M|
|poke|p2|Quaquaval, M|
|poke|p2|Krookodile, M|
|poke|p2|Dragapult, M|
|teampreview
|inactive|Battle timer is ON: inactive players will automatically lose when time's up. (requested by Sarim_malik_)
|
|t:|1760878130
|teamsize|p1|6
|teamsize|p2|6
|start
|switch|p1a: Sableye|Sableye, M, shiny|100/100
|switch|p2a: Donaldo|Quaquaval, M|100/100
|turn|1
|inactive|delaynomorehiih666 has 120 seconds left.
|
|t:|1760878166
|move|p2a: Donaldo|Wave Crash|p1a: Sableye
|-damage|p1a: Sableye|22/100
|-damage|p2a: Donaldo|80/100|[from] Recoil
|move|p1a: Sableye|Night Shade|p2a: Donaldo
|-damage|p2a: Donaldo|48/100
|
|-heal|p2a: Donaldo|54/100|[from] item: Leftovers
|upkeep
|turn|2
|inactive|delaynomorehiih666 has 120 seconds left.
|
|t:|1760878174
|switch|p1a: Corviknight|Corviknight, M|100/100
|move|p2a: Donaldo|Wave Crash|p1a: Corviknight
|-damage|p1a: Corviknight|54/100
|-damage|p2a: Donaldo|38/100|[from] item: Rocky Helmet|[of] p1a: Corviknight
|-damage|p2a: Donaldo|21/100|[from] Recoil
|
|-heal|p2a: Donaldo|27/100|[from] item: Leftovers
|upkeep
|turn|3
|inactive|delaynomorehiih666 has 120 seconds left.
|
|t:|1760878192
|switch|p2a: Zape|Jolteon, M|100/100
|move|p1a: Corviknight|Iron Head|p2a: Zape
|-resisted|p2a: Zape
|-damage|p2a: Zape|68/100
|
|upkeep
|turn|4
|inactive|delaynomorehiih666 has 120 seconds left.
|
|t:|1760878211
|switch|p1a: Snorlax|Snorlax, M|100/100
|move|p2a: Zape|Volt Switch|p1a: Snorlax
|-damage|p1a: Snorlax|71/100
|
|t:|1760878216
|switch|p2a: Donaldo|Quaquaval, M|27/100|[from] Volt Switch
|
|-heal|p2a: Donaldo|33/100|[from] item: Leftovers
|-heal|p1a: Snorlax|77/100|[from] item: Leftovers
|upkeep
|turn|5
|
|t:|1760878224
|switch|p1a: Corviknight|Corviknight, M|54/100
|move|p2a: Donaldo|Wave Crash|p1a: Corviknight
|-damage|p1a: Corviknight|11/100
|-damage|p2a: Donaldo|17/100|[from] item: Rocky Helmet|[of] p1a: Corviknight
|-damage|p2a: Donaldo|1/100|[from] Recoil
|
|-heal|p2a: Donaldo|8/100|[from] item: Leftovers
|upkeep
|turn|6
|
|t:|1760878237
|move|p2a: Donaldo|Close Combat|p1a: Corviknight
|-damage|p1a: Corviknight|0 fnt
|-unboost|p2a: Donaldo|def|1
|-unboost|p2a: Donaldo|spd|1
|-damage|p2a: Donaldo|0 fnt|[from] item: Rocky Helmet|[of] p1a: Corviknight
|faint|p1a: Corviknight
|faint|p2a: Donaldo
|
|upkeep
|
|t:|1760878245
|switch|p2a: Zape|Jolteon, M|68/100
|switch|p1a: Arcanine|Arcanine-Hisui, M|100/100
|turn|7
|
|t:|1760878254
|move|p1a: Arcanine|Head Smash|p2a: Zape
|-damage|p2a: Zape|0 fnt
|faint|p2a: Zape
|
|upkeep
|
|t:|1760878259
|switch|p2a: Krok|Krookodile, M|100/100
|turn|8
|
|t:|1760878271
|move|p2a: Krok|Knock Off|p1a: Arcanine
|-damage|p1a: Arcanine|35/100
|-enditem|p1a: Arcanine|Choice Scarf|[from] move: Knock Off|[of] p2a: Krok
|move|p1a: Arcanine|Head Smash|p2a: Krok
|-resisted|p2a: Krok
|-damage|p2a: Krok|52/100
|
|upkeep
|turn|9
|
|t:|1760878282
|switch|p1a: Sableye|Sableye, M, shiny|22/100
|move|p2a: Krok|Knock Off|p1a: Sableye
|-damage|p1a: Sableye|0 fnt
|-enditem|p1a: Sableye|Focus Sash|[from] move: Knock Off|[of] p2a: Krok
|faint|p1a: Sableye
|-ability|p2a: Krok|Moxie|boost
|-boost|p2a: Krok|atk|1
|
|upkeep
|inactive|delaynomorehiih666 has 120 seconds left.
|
|t:|1760878316
|switch|p1a: Arcanine|Arcanine-Hisui, M|35/100
|turn|10
|
|t:|1760878320
|move|p1a: Arcanine|Extreme Speed|p2a: Krok
|-damage|p2a: Krok|19/100
|move|p2a: Krok|Knock Off|p1a: Arcanine
|-damage|p1a: Arcanine|0 fnt
|faint|p1a: Arcanine
|-ability|p2a: Krok|Moxie|boost
|-boost|p2a: Krok|atk|1
|
|upkeep
|inactive|delaynomorehiih666 has 120 seconds left.
|
|t:|1760878331
|switch|p1a: Goodra|Goodra, F|100/100
|turn|11
|
|t:|1760878337
|move|p2a: Krok|Knock Off|p1a: Goodra
|-damage|p1a: Goodra|9/100
|-ability|p1a: Goodra|Gooey
|-unboost|p2a: Krok|spe|1
|-enditem|p1a: Goodra|Leftovers|[from] move: Knock Off|[of] p2a: Krok
|move|p1a: Goodra|Draco Meteor|p2a: Krok
|-damage|p2a: Krok|0 fnt
|-unboost|p1a: Goodra|spa|2
|faint|p2a: Krok
|
|upkeep
|
|t:|1760878355
|switch|p2a: Draco|Dragapult, M|100/100
|turn|12
|
|t:|1760878365
|move|p2a: Draco|U-turn|p1a: Goodra
|-damage|p1a: Goodra|0 fnt
|-ability|p1a: Goodra|Gooey
|-unboost|p2a: Draco|spe|1
|faint|p1a: Goodra
|
|t:|1760878375
|switch|p2a: Ignell|Charizard, M|100/100|[from] U-turn
|
|upkeep
|
|t:|1760878381
|switch|p1a: Gyarados|Gyarados, M|100/100
|turn|13
|
|t:|1760878390
|move|p2a: Ignell|Will-O-Wisp|p1a: Gyarados
|-status|p1a: Gyarados|brn
|move|p1a: Gyarados|Dragon Dance|p1a: Gyarados
|-boost|p1a: Gyarados|atk|1
|-boost|p1a: Gyarados|spe|1
|
|-damage|p1a: Gyarados|94/100 brn|[from] brn
|upkeep
|turn|14
|
|t:|1760878398
|move|p1a: Gyarados|Substitute|p1a: Gyarados
|-start|p1a: Gyarados|Substitute
|-damage|p1a: Gyarados|70/100 brn
|move|p2a: Ignell|Hurricane|p1a: Gyarados
|-end|p1a: Gyarados|Substitute
|-damage|p2a: Ignell|91/100|[from] item: Life Orb
|
|-damage|p1a: Gyarados|64/100 brn|[from] brn
|upkeep
|turn|15
|
|t:|1760878407
|move|p1a: Gyarados|Waterfall|p2a: Ignell
|-supereffective|p2a: Ignell
|-damage|p2a: Ignell|0 fnt
|faint|p2a: Ignell
|-ability|p1a: Gyarados|Moxie|boost
|-boost|p1a: Gyarados|atk|1
|
|-damage|p1a: Gyarados|58/100 brn|[from] brn
|upkeep
|
|t:|1760878412
|switch|p2a: Monke|Rillaboom, M|100/100
|-fieldstart|move: Grassy Terrain|[from] ability: Grassy Surge|[of] p2a: Monke
|turn|16
|
|t:|1760878419
|-terastallize|p1a: Gyarados|Dragon
|-terastallize|p2a: Monke|Grass
|move|p2a: Monke|Grassy Glide|p1a: Gyarados
|-resisted|p1a: Gyarados
|-damage|p1a: Gyarados|4/100 brn
|move|p1a: Gyarados|Scale Shot|p2a: Monke
|-damage|p2a: Monke|84/100
|-damage|p2a: Monke|68/100
|-damage|p2a: Monke|54/100
|-damage|p2a: Monke|40/100
|-crit|p2a: Monke
|-damage|p2a: Monke|16/100
|-hitcount|p2a: Monke|5
|-unboost|p1a: Gyarados|def|1
|-boost|p1a: Gyarados|spe|1
|
|-heal|p1a: Gyarados|10/100 brn|[from] Grassy Terrain
|-heal|p2a: Monke|22/100|[from] Grassy Terrain
|-damage|p1a: Gyarados|4/100 brn|[from] brn
|upkeep
|turn|17
|
|t:|1760878437
|move|p2a: Monke|Grassy Glide|p1a: Gyarados
|-resisted|p1a: Gyarados
|-damage|p1a: Gyarados|0 fnt
|faint|p1a: Gyarados
|
|-heal|p2a: Monke|28/100|[from] Grassy Terrain
|upkeep
|
|t:|1760878444
|switch|p1a: Snorlax|Snorlax, M|77/100
|turn|18
|
|t:|1760878447
|move|p2a: Monke|Grassy Glide|p1a: Snorlax
|-damage|p1a: Snorlax|0 fnt
|faint|p1a: Snorlax
|
|win|Sarim_malik_
|raw|delaynomorehiih666's rating: 1095 &rarr; <strong>1072</strong><br />(-23 for losing)
|raw|Sarim_malik_'s rating: 1117 &rarr; <strong>1140</strong><br />(+23 for winning)
|l|☆delaynomorehiih666
|player|p1|
|l|☆Sarim_malik_
|player|p2|
