|j|☆neonlikeburritos
|j|☆Amongsusgyatt
|t:|1760783867
|gametype|singles
|player|p1|neonlikeburritos|hilbert|1333
|player|p2|Amongsusgyatt|2|1256
|gen|9
|tier|[Gen 9] OU
|rated|
|rule|HP Percentage Mod: HP is shown in percentages
|rule|Endless Battle Clause: Forcing endless battles is banned
|rule|Species Clause: Limit one of each Pokémon
|rule|OHKO Clause: OHKO moves are banned
|rule|Evasion Items Clause: Evasion items are banned
|rule|Evasion Moves Clause: Evasion moves are banned
|rule|Evasion Abilities Clause: Evasion abilities are banned
|rule|Sleep Moves Clause: Sleep-inducing moves are banned
|clearpoke
|poke|p1|Scizor, F|
|poke|p1|Blaziken, M|
|poke|p1|Decidueye, F|
|poke|p1|Primarina, F|
|poke|p1|Froslass, F|
|poke|p1|Galvantula, M|
|poke|p2|Delphox, F|
|poke|p2|Dragalge, F|
|poke|p2|Excadrill, M|
|poke|p2|Clefable, M|
|poke|p2|Scrafty, M|
|poke|p2|Dragonite, M|
|teampreview
|
|t:|1760783891
|teamsize|p1|6
|teamsize|p2|6
|start
|switch|p1a: Lemon|Galvantula, M|100/100
|switch|p2a: Excadrill|Excadrill, M|100/100
|-ability|p2a: Excadrill|Mold Breaker
|turn|1
|
|t:|1760783901
|switch|p1a: Basil|Decidueye, F|100/100
|move|p2a: Excadrill|Earthquake|p1a: Basil
|-resisted|p1a: Basil
|-damage|p1a: Basil|59/100
|
|upkeep
|turn|2
|
|t:|1760783908
|switch|p2a: Dragalge|Dragalge, F|100/100
|move|p1a: Basil|Leaf Blade|p2a: Dragalge
|-resisted|p2a: Dragalge
|-damage|p2a: Dragalge|90/100
|
|upkeep
|turn|3
|
|t:|1760783924
|switch|p1a: Herbata|Scizor, F, shiny|100/100
|move|p2a: Dragalge|Sludge Bomb|p1a: Herbata
|-immune|p1a: Herbata
|
|upkeep
|turn|4
|
|t:|1760783930
|move|p1a: Herbata|Knock Off|p2a: Dragalge
|-damage|p2a: Dragalge|42/100
|-enditem|p2a: Dragalge|Assault Vest|[from] move: Knock Off|[of] p1a: Herbata
|move|p2a: Dragalge|Scald|p1a: Herbata
|-damage|p1a: Herbata|75/100
|-status|p1a: Herbata|brn
|
|-damage|p1a: Herbata|69/100 brn|[from] brn
|upkeep
|turn|5
|
|t:|1760783957
|switch|p1a: Cream Soda|Primarina, F|100/100
|move|p2a: Dragalge|Flip Turn|p1a: Cream Soda
|-resisted|p1a: Cream Soda
|-damage|p1a: Cream Soda|93/100
|
|t:|1760783968
|switch|p2a: Clefable|Clefable, M|100/100|[from] Flip Turn
|
|upkeep
|turn|6
|
|t:|1760783978
|move|p1a: Cream Soda|Flip Turn|p2a: Clefable
|-damage|p2a: Clefable|85/100
|
|t:|1760783983
|switch|p1a: Lemon|Galvantula, M|100/100|[from] Flip Turn
|move|p2a: Clefable|Moonblast|p1a: Lemon
|-enditem|p1a: Lemon|Focus Sash
|-damage|p1a: Lemon|1/100
|-unboost|p1a: Lemon|spa|1
|
|upkeep
|turn|7
|
|t:|1760783993
|switch|p2a: Excadrill|Excadrill, M|100/100
|-ability|p2a: Excadrill|Mold Breaker
|move|p1a: Lemon|Sticky Web|p2a: Excadrill
|-sidestart|p2: Amongsusgyatt|move: Sticky Web
|
|upkeep
|turn|8
|
|t:|1760783999
|switch|p1a: Basil|Decidueye, F|59/100
|move|p2a: Excadrill|Iron Head|p1a: Basil
|-damage|p1a: Basil|0 fnt
|faint|p1a: Basil
|
|upkeep
|inactive|Battle timer is ON: inactive players will automatically lose when time's up. (requested by neonlikeburritos)
|
|t:|1760784010
|switch|p1a: Zmrzlina|Froslass, F, shiny|100/100
|turn|9
|
|t:|1760784015
|move|p1a: Zmrzlina|Icy Wind|p2a: Excadrill
|-damage|p2a: Excadrill|83/100
|-unboost|p2a: Excadrill|spe|1
|move|p2a: Excadrill|Iron Head|p1a: Zmrzlina
|-supereffective|p1a: Zmrzlina
|-enditem|p1a: Zmrzlina|Focus Sash
|-damage|p1a: Zmrzlina|1/100
|
|upkeep
|turn|10
|
|t:|1760784024
|move|p1a: Zmrzlina|Destiny Bond|p1a: Zmrzlina
|-singlemove|p1a: Zmrzlina|Destiny Bond
|move|p2a: Excadrill|Iron Head|p1a: Zmrzlina
|-supereffective|p1a: Zmrzlina
|-damage|p1a: Zmrzlina|0 fnt
|-start|p2a: Excadrill|Disable|Iron Head|[from] ability: Cursed Body|[of] p1a: Zmrzlina
|faint|p1a: Zmrzlina
|-activate|p1a: Zmrzlina|move: Destiny Bond
|faint|p2a: Excadrill
|
|upkeep
|
|t:|1760784040
|switch|p1a: Tabasco|Blaziken, M|100/100
|switch|p2a: Dragalge|Dragalge, F|42/100
|-activate|p2a: Dragalge|move: Sticky Web
|-unboost|p2a: Dragalge|spe|1
|turn|11
|
|t:|1760784050
|move|p1a: Tabasco|Protect|p1a: Tabasco
|-singleturn|p1a: Tabasco|Protect
|move|p2a: Dragalge|Scald|p1a: Tabasco
|-activate|p1a: Tabasco|move: Protect
|
|-ability|p1a: Tabasco|Speed Boost|boost
|-boost|p1a: Tabasco|spe|1
|upkeep
|turn|12
|
|t:|1760784055
|move|p1a: Tabasco|Close Combat|p2a: Dragalge
|-resisted|p2a: Dragalge
|-damage|p2a: Dragalge|4/100
|-unboost|p1a: Tabasco|def|1
|-unboost|p1a: Tabasco|spd|1
|-damage|p1a: Tabasco|91/100|[from] item: Life Orb
|move|p2a: Dragalge|Scald|p1a: Tabasco
|-supereffective|p1a: Tabasco
|-damage|p1a: Tabasco|3/100
|
|-ability|p1a: Tabasco|Speed Boost|boost
|-boost|p1a: Tabasco|spe|1
|upkeep
|turn|13
|
|t:|1760784066
|move|p1a: Tabasco|Close Combat|p2a: Dragalge
|-resisted|p2a: Dragalge
|-damage|p2a: Dragalge|0 fnt
|-unboost|p1a: Tabasco|def|1
|-unboost|p1a: Tabasco|spd|1
|faint|p2a: Dragalge
|-damage|p1a: Tabasco|0 fnt|[from] item: Life Orb
|faint|p1a: Tabasco
|
|upkeep
|
|t:|1760784079
|switch|p1a: Lemon|Galvantula, M|1/100
|switch|p2a: Delphox|Delphox, F|100/100
|turn|14
|
|t:|1760784089
|switch|p2a: Scrafty|Scrafty, M|100/100
|-activate|p2a: Scrafty|move: Sticky Web
|-unboost|p2a: Scrafty|spe|1
|-ability|p2a: Scrafty|Intimidate|boost
|-unboost|p1a: Lemon|atk|1
|move|p1a: Lemon|Bug Buzz|p2a: Scrafty
|-damage|p2a: Scrafty|77/100
|
|upkeep
|turn|15
|
|t:|1760784098
|move|p1a: Lemon|Sticky Web||[still]
|-fail|p1a: Lemon
|move|p2a: Scrafty|Knock Off|p1a: Lemon
|-damage|p1a: Lemon|0 fnt
|faint|p1a: Lemon
|
|upkeep
|
|t:|1760784111
|switch|p1a: Cream Soda|Primarina, F|93/100
|turn|16
|
|t:|1760784114
|move|p1a: Cream Soda|Moonblast|p2a: Scrafty
|-supereffective|p2a: Scrafty
|-damage|p2a: Scrafty|0 fnt
|faint|p2a: Scrafty
|
|upkeep
|
|t:|1760784118
|switch|p2a: Clefable|Clefable, M|85/100
|-activate|p2a: Clefable|move: Sticky Web
|-unboost|p2a: Clefable|spe|1
|turn|17
|
|t:|1760784133
|move|p1a: Cream Soda|Surf|p2a: Clefable
|-damage|p2a: Clefable|39/100
|move|p2a: Clefable|Moonblast|p1a: Cream Soda
|-damage|p1a: Cream Soda|59/100
|-unboost|p1a: Cream Soda|spa|1
|
|upkeep
|turn|18
|
|t:|1760784137
|move|p1a: Cream Soda|Surf|p2a: Clefable
|-damage|p2a: Clefable|5/100
|move|p2a: Clefable|Moonblast|p1a: Cream Soda
|-crit|p1a: Cream Soda
|-damage|p1a: Cream Soda|7/100
|
|upkeep
|turn|19
|
|t:|1760784141
|move|p1a: Cream Soda|Flip Turn|p2a: Clefable
|-damage|p2a: Clefable|0 fnt
|faint|p2a: Clefable
|
|t:|1760784143
|switch|p1a: Herbata|Scizor, F, shiny|69/100 brn|[from] Flip Turn
|
|-damage|p1a: Herbata|63/100 brn|[from] brn
|upkeep
|
|t:|1760784145
|switch|p2a: Delphox|Delphox, F|100/100
|turn|20
|
|t:|1760784166
|move|p2a: Delphox|Flamethrower|p1a: Herbata
|-supereffective|p1a: Herbata
|-damage|p1a: Herbata|0 fnt
|faint|p1a: Herbata
|
|upkeep
|
|t:|1760784168
|switch|p1a: Cream Soda|Primarina, F|7/100
|turn|21
|
|t:|1760784172
|-terastallize|p1a: Cream Soda|Poison
|move|p2a: Delphox|Flamethrower|p1a: Cream Soda
|-damage|p1a: Cream Soda|0 fnt
|faint|p1a: Cream Soda
|
|win|Amongsusgyatt
|raw|neonlikeburritos's rating: 1333 &rarr; <strong>1309</strong><br />(-24 for losing)
|raw|Amongsusgyatt's rating: 1256 &rarr; <strong>1286</strong><br />(+30 for winning)
|l|☆neonlikeburritos
|player|p1|
|l|☆Amongsusgyatt
|player|p2|
