|j|☆healorant
|j|☆ILovePecharuntRah
|t:|1760815294
|gametype|singles
|player|p1|healorant|alder|1748
|player|p2|ILovePecharuntRah|miku-ghost|1681
|gen|9
|tier|[Gen 9] OU
|rated|
|rule|HP Percentage Mod: HP is shown in percentages
|rule|Endless Battle Clause: Forcing endless battles is banned
|rule|Species Clause: Limit one of each Pokémon
|rule|OHKO Clause: OHKO moves are banned
|rule|Evasion Items Clause: Evasion items are banned
|rule|Evasion Moves Clause: Evasion moves are banned
|rule|Evasion Abilities Clause: Evasion abilities are banned
|rule|Sleep Moves Clause: Sleep-inducing moves are banned
|clearpoke
|poke|p1|Ursaluna, F|
|poke|p1|Rillaboom, F|
|poke|p1|Zamazenta-*|
|poke|p1|Raging Bolt|
|poke|p1|Weezing-Galar, M|
|poke|p1|Garganacl, M|
|poke|p2|Kyurem|
|poke|p2|Rillaboom, F|
|poke|p2|Ting-Lu|
|poke|p2|Iron Jugulis|
|poke|p2|Gholdengo|
|poke|p2|Tentacruel, F|
|teampreview
|
|t:|1760815310
|teamsize|p1|6
|teamsize|p2|6
|start
|switch|p1a: Garganacl|Garganacl, M|100/100
|switch|p2a: Ting-Lu|Ting-Lu|100/100
|-ability|p2a: Ting-Lu|Vessel of Ruin
|turn|1
|inactive|Battle timer is ON: inactive players will automatically lose when time's up. (requested by healorant)
|
|t:|1760815326
|move|p2a: Ting-Lu|Stealth Rock|p1a: Garganacl
|-sidestart|p1: healorant|move: Stealth Rock
|move|p1a: Garganacl|Stealth Rock|p2a: Ting-Lu
|-sidestart|p2: ILovePecharuntRah|move: Stealth Rock
|
|upkeep
|turn|2
|
|t:|1760815329
|move|p2a: Ting-Lu|Ruination|p1a: Garganacl|[miss]
|-miss|p2a: Ting-Lu|p1a: Garganacl
|move|p1a: Garganacl|Salt Cure|p2a: Ting-Lu
|-resisted|p2a: Ting-Lu
|-damage|p2a: Ting-Lu|96/100
|-start|p2a: Ting-Lu|Salt Cure
|
|-heal|p2a: Ting-Lu|100/100|[from] item: Leftovers
|-damage|p2a: Ting-Lu|88/100|[from] Salt Cure
|upkeep
|turn|3
|
|t:|1760815335
|move|p2a: Ting-Lu|Spikes|p1a: Garganacl
|-sidestart|p1: healorant|Spikes
|move|p1a: Garganacl|Salt Cure|p2a: Ting-Lu
|-resisted|p2a: Ting-Lu
|-damage|p2a: Ting-Lu|84/100
|
|-heal|p2a: Ting-Lu|91/100|[from] item: Leftovers
|-damage|p2a: Ting-Lu|78/100|[from] Salt Cure
|upkeep
|turn|4
|
|t:|1760815339
|switch|p2a: Rillaboom|Rillaboom, F|100/100
|-damage|p2a: Rillaboom|88/100|[from] Stealth Rock
|-fieldstart|move: Grassy Terrain|[from] ability: Grassy Surge|[of] p2a: Rillaboom
|switch|p1a: Weezing|Weezing-Galar, M|100/100
|-ability|p1a: Weezing|Neutralizing Gas
|
|-heal|p2a: Rillaboom|94/100|[from] Grassy Terrain
|upkeep
|turn|5
|
|t:|1760815343
|move|p2a: Rillaboom|U-turn|p1a: Weezing
|-resisted|p1a: Weezing
|-damage|p1a: Weezing|96/100
|
|t:|1760815348
|switch|p2a: Kyurem|Kyurem|100/100|[from] U-turn
|-damage|p2a: Kyurem|75/100|[from] Stealth Rock
|move|p1a: Weezing|Defog|p2a: Kyurem
|-unboost|p2a: Kyurem|evasion|1
|-sideend|p2: ILovePecharuntRah|Stealth Rock|[from] move: Defog|[of] p1a: Weezing
|-sideend|p1: healorant|Spikes|[from] move: Defog|[of] p1a: Weezing
|-sideend|p1: healorant|Stealth Rock|[from] move: Defog|[of] p1a: Weezing
|-fieldend|move: Grassy Terrain
|
|-heal|p2a: Kyurem|82/100|[from] item: Leftovers
|upkeep
|turn|6
|
|t:|1760815361
|-end|p1a: Weezing|ability: Neutralizing Gas
|-ability|p2a: Kyurem|Pressure
|switch|p1a: Ursaluna|Ursaluna, F|100/100
|move|p2a: Kyurem|Substitute|p2a: Kyurem
|-start|p2a: Kyurem|Substitute
|-damage|p2a: Kyurem|57/100
|
|-heal|p2a: Kyurem|63/100|[from] item: Leftovers
|upkeep
|turn|7
|
|t:|1760815364
|move|p2a: Kyurem|Freeze-Dry|p1a: Ursaluna
|-supereffective|p1a: Ursaluna
|-damage|p1a: Ursaluna|56/100
|move|p1a: Ursaluna|Body Slam|p2a: Kyurem
|-end|p2a: Kyurem|Substitute
|
|-heal|p2a: Kyurem|69/100|[from] item: Leftovers
|upkeep
|turn|8
|
|t:|1760815368
|move|p2a: Kyurem|Protect|p2a: Kyurem
|-singleturn|p2a: Kyurem|Protect
|move|p1a: Ursaluna|Body Slam|p2a: Kyurem
|-activate|p2a: Kyurem|move: Protect
|
|-heal|p2a: Kyurem|75/100|[from] item: Leftovers
|upkeep
|turn|9
|
|t:|1760815375
|switch|p2a: Ting-Lu|Ting-Lu|78/100
|-ability|p2a: Ting-Lu|Vessel of Ruin
|move|p1a: Ursaluna|Body Slam|p2a: Ting-Lu
|-damage|p2a: Ting-Lu|49/100
|
|-heal|p2a: Ting-Lu|55/100|[from] item: Leftovers
|upkeep
|turn|10
|
|t:|1760815381
|move|p1a: Ursaluna|Headlong Rush|p2a: Ting-Lu
|-damage|p2a: Ting-Lu|14/100
|-unboost|p1a: Ursaluna|def|1
|-unboost|p1a: Ursaluna|spd|1
|move|p2a: Ting-Lu|Stealth Rock|p1a: Ursaluna
|-sidestart|p1: healorant|move: Stealth Rock
|
|-heal|p2a: Ting-Lu|20/100|[from] item: Leftovers
|upkeep
|turn|11
|
|t:|1760815385
|switch|p2a: Rillaboom|Rillaboom, F|94/100
|-fieldstart|move: Grassy Terrain|[from] ability: Grassy Surge|[of] p2a: Rillaboom
|move|p1a: Ursaluna|Body Slam|p2a: Rillaboom
|-crit|p2a: Rillaboom
|-damage|p2a: Rillaboom|16/100
|-status|p2a: Rillaboom|par
|
|-heal|p1a: Ursaluna|62/100|[from] Grassy Terrain
|-heal|p2a: Rillaboom|22/100 par|[from] Grassy Terrain
|upkeep
|turn|12
|
|t:|1760815388
|switch|p1a: Weezing|Weezing-Galar, M|96/100
|-ability|p1a: Weezing|Neutralizing Gas
|move|p2a: Rillaboom|Grassy Glide|p1a: Weezing
|-resisted|p1a: Weezing
|-damage|p1a: Weezing|83/100
|
|-heal|p1a: Weezing|89/100|[from] Grassy Terrain
|-heal|p2a: Rillaboom|28/100 par|[from] Grassy Terrain
|upkeep
|turn|13
|
|t:|1760815401
|switch|p2a: Gholdengo|Gholdengo|100/100
|-enditem|p2a: Gholdengo|Grassy Seed
|-boost|p2a: Gholdengo|def|1|[from] item: Grassy Seed
|move|p1a: Weezing|Sludge Bomb|p2a: Gholdengo
|-immune|p2a: Gholdengo
|
|-heal|p1a: Weezing|95/100|[from] Grassy Terrain
|upkeep
|turn|14
|
|t:|1760815411
|-end|p1a: Weezing|ability: Neutralizing Gas
|switch|p1a: Raging Bolt|Raging Bolt|100/100
|-damage|p1a: Raging Bolt|88/100|[from] Stealth Rock
|move|p2a: Gholdengo|Nasty Plot|p2a: Gholdengo
|-boost|p2a: Gholdengo|spa|2
|
|-heal|p1a: Raging Bolt|94/100|[from] Grassy Terrain
|upkeep
|turn|15
|
|t:|1760815415
|move|p1a: Raging Bolt|Thunderbolt|p2a: Gholdengo
|-damage|p2a: Gholdengo|17/100
|move|p2a: Gholdengo|Shadow Ball|p1a: Raging Bolt
|-damage|p1a: Raging Bolt|14/100
|
|-heal|p1a: Raging Bolt|20/100|[from] Grassy Terrain
|-heal|p2a: Gholdengo|23/100|[from] Grassy Terrain
|upkeep
|turn|16
|
|t:|1760815442
|switch|p2a: Ting-Lu|Ting-Lu|20/100
|-ability|p2a: Ting-Lu|Vessel of Ruin
|move|p1a: Raging Bolt|Thunderbolt|p2a: Ting-Lu
|-immune|p2a: Ting-Lu
|
|-heal|p1a: Raging Bolt|26/100|[from] Grassy Terrain
|-heal|p2a: Ting-Lu|26/100|[from] Grassy Terrain
|-heal|p2a: Ting-Lu|32/100|[from] item: Leftovers
|upkeep
|turn|17
|
|t:|1760815468
|move|p1a: Raging Bolt|Thunderbolt|p2a: Ting-Lu
|-immune|p2a: Ting-Lu
|move|p2a: Ting-Lu|Whirlwind|p1a: Raging Bolt
|-end|p1a: Raging Bolt|Protosynthesis|[silent]
|drag|p1a: Weezing|Weezing-Galar, M|95/100
|-ability|p1a: Weezing|Neutralizing Gas
|
|-heal|p1a: Weezing|100/100|[from] Grassy Terrain
|-heal|p2a: Ting-Lu|38/100|[from] Grassy Terrain
|-heal|p2a: Ting-Lu|44/100|[from] item: Leftovers
|upkeep
|turn|18
|
|t:|1760815474
|switch|p2a: Gholdengo|Gholdengo|23/100
|move|p1a: Weezing|Toxic Spikes|p2a: Gholdengo
|-sidestart|p2: ILovePecharuntRah|move: Toxic Spikes
|
|-heal|p2a: Gholdengo|29/100|[from] Grassy Terrain
|-fieldend|move: Grassy Terrain
|upkeep
|turn|19
|
|t:|1760815479
|-end|p1a: Weezing|ability: Neutralizing Gas
|switch|p1a: Ursaluna|Ursaluna, F|62/100
|-damage|p1a: Ursaluna|56/100|[from] Stealth Rock
|move|p2a: Gholdengo|Recover|p2a: Gholdengo
|-heal|p2a: Gholdengo|79/100
|
|upkeep
|turn|20
|
|t:|1760815487
|move|p2a: Gholdengo|Make It Rain|p1a: Ursaluna
|-damage|p1a: Ursaluna|15/100
|-unboost|p2a: Gholdengo|spa|1
|move|p1a: Ursaluna|Headlong Rush|p2a: Gholdengo
|-supereffective|p2a: Gholdengo
|-damage|p2a: Gholdengo|0 fnt
|-unboost|p1a: Ursaluna|def|1
|-unboost|p1a: Ursaluna|spd|1
|faint|p2a: Gholdengo
|
|upkeep
|
|t:|1760815495
|switch|p2a: Tentacruel|Tentacruel, F|100/100
|-sideend|p2: ILovePecharuntRah|move: Toxic Spikes|[of] p2a: Tentacruel
|turn|21
|
|t:|1760815521
|switch|p1a: Weezing|Weezing-Galar, M|100/100
|-ability|p1a: Weezing|Neutralizing Gas
|move|p2a: Tentacruel|Sludge Bomb|p1a: Weezing
|-damage|p1a: Weezing|68/100
|
|upkeep
|turn|22
|
|t:|1760815528
|move|p2a: Tentacruel|Sludge Bomb|p1a: Weezing
|-damage|p1a: Weezing|36/100
|move|p1a: Weezing|Defog|p2a: Tentacruel
|-unboost|p2a: Tentacruel|evasion|1
|-sideend|p1: healorant|Stealth Rock|[from] move: Defog|[of] p1a: Weezing
|
|upkeep
|turn|23
|
|t:|1760815531
|move|p2a: Tentacruel|Knock Off|p1a: Weezing
|-resisted|p1a: Weezing
|-damage|p1a: Weezing|30/100
|-enditem|p1a: Weezing|Heavy-Duty Boots|[from] move: Knock Off|[of] p2a: Tentacruel
|move|p1a: Weezing|Pain Split|p2a: Tentacruel
|-sethp|p2a: Tentacruel|64/100|[from] move: Pain Split|[silent]
|-sethp|p1a: Weezing|70/100|[from] move: Pain Split
|
|-heal|p2a: Tentacruel|70/100|[from] item: Leftovers
|upkeep
|turn|24
|
|t:|1760815540
|move|p2a: Tentacruel|Toxic|p1a: Weezing
|-immune|p1a: Weezing
|move|p1a: Weezing|Toxic Spikes|p2a: Tentacruel
|-sidestart|p2: ILovePecharuntRah|move: Toxic Spikes
|
|-heal|p2a: Tentacruel|76/100|[from] item: Leftovers
|upkeep
|turn|25
|
|t:|1760815545
|-end|p1a: Weezing|ability: Neutralizing Gas
|switch|p1a: Garganacl|Garganacl, M|100/100
|move|p2a: Tentacruel|Rapid Spin|p1a: Garganacl
|-resisted|p1a: Garganacl
|-damage|p1a: Garganacl|98/100
|-boost|p2a: Tentacruel|spe|1
|-sideend|p2: ILovePecharuntRah|Toxic Spikes|[from] move: Rapid Spin|[of] p2a: Tentacruel
|
|-heal|p2a: Tentacruel|82/100|[from] item: Leftovers
|-heal|p1a: Garganacl|100/100|[from] item: Leftovers
|upkeep
|turn|26
|
|t:|1760815554
|move|p2a: Tentacruel|Knock Off|p1a: Garganacl
|-damage|p1a: Garganacl|90/100
|-enditem|p1a: Garganacl|Leftovers|[from] move: Knock Off|[of] p2a: Tentacruel
|move|p1a: Garganacl|Salt Cure|p2a: Tentacruel
|-damage|p2a: Tentacruel|63/100
|-start|p2a: Tentacruel|Salt Cure
|
|-heal|p2a: Tentacruel|69/100|[from] item: Leftovers
|-damage|p2a: Tentacruel|44/100|[from] Salt Cure
|upkeep
|turn|27
|
|t:|1760815557
|switch|p2a: Rillaboom|Rillaboom, F|28/100 par
|-fieldstart|move: Grassy Terrain|[from] ability: Grassy Surge|[of] p2a: Rillaboom
|move|p1a: Garganacl|Salt Cure|p2a: Rillaboom
|-damage|p2a: Rillaboom|13/100 par
|-start|p2a: Rillaboom|Salt Cure
|
|-heal|p2a: Rillaboom|19/100 par|[from] Grassy Terrain
|-heal|p1a: Garganacl|96/100|[from] Grassy Terrain
|-damage|p2a: Rillaboom|6/100 par|[from] Salt Cure
|upkeep
|turn|28
|
|t:|1760815566
|switch|p2a: Kyurem|Kyurem|75/100
|-ability|p2a: Kyurem|Pressure
|move|p1a: Garganacl|Protect||[still]
|-fail|p1a: Garganacl
|
|-heal|p2a: Kyurem|81/100|[from] Grassy Terrain
|-heal|p2a: Kyurem|88/100|[from] item: Leftovers
|-heal|p1a: Garganacl|100/100|[from] Grassy Terrain
|upkeep
|turn|29
|
|t:|1760815591
|switch|p1a: Zamazenta|Zamazenta|100/100
|-ability|p1a: Zamazenta|Dauntless Shield|boost
|-boost|p1a: Zamazenta|def|1
|-terastallize|p2a: Kyurem|Ground
|move|p2a: Kyurem|Substitute|p2a: Kyurem
|-start|p2a: Kyurem|Substitute
|-damage|p2a: Kyurem|63/100
|
|-heal|p2a: Kyurem|69/100|[from] Grassy Terrain
|-heal|p2a: Kyurem|75/100|[from] item: Leftovers
|upkeep
|turn|30
|
|t:|1760815598
|move|p1a: Zamazenta|Crunch|p2a: Kyurem
|-end|p2a: Kyurem|Substitute
|-damage|p1a: Zamazenta|91/100|[from] item: Life Orb
|move|p2a: Kyurem|Freeze-Dry|p1a: Zamazenta
|-damage|p1a: Zamazenta|55/100
|
|-heal|p1a: Zamazenta|61/100|[from] Grassy Terrain
|-heal|p2a: Kyurem|81/100|[from] Grassy Terrain
|-heal|p2a: Kyurem|87/100|[from] item: Leftovers
|upkeep
|turn|31
|
|t:|1760815604
|move|p2a: Kyurem|Protect|p2a: Kyurem
|-singleturn|p2a: Kyurem|Protect
|move|p1a: Zamazenta|Close Combat|p2a: Kyurem
|-activate|p2a: Kyurem|move: Protect
|
|-heal|p1a: Zamazenta|68/100|[from] Grassy Terrain
|-heal|p2a: Kyurem|94/100|[from] Grassy Terrain
|-heal|p2a: Kyurem|99/100|[from] item: Leftovers
|upkeep
|turn|32
|
|t:|1760815611
|switch|p2a: Rillaboom|Rillaboom, F|6/100 par
|move|p1a: Zamazenta|Close Combat|p2a: Rillaboom
|-damage|p2a: Rillaboom|0 fnt
|-unboost|p1a: Zamazenta|def|1
|-unboost|p1a: Zamazenta|spd|1
|faint|p2a: Rillaboom
|-damage|p1a: Zamazenta|58/100|[from] item: Life Orb
|
|-heal|p1a: Zamazenta|64/100|[from] Grassy Terrain
|upkeep
|
|t:|1760815615
|switch|p2a: Iron Jugulis|Iron Jugulis|100/100
|-enditem|p2a: Iron Jugulis|Booster Energy
|-activate|p2a: Iron Jugulis|ability: Quark Drive|[fromitem]
|-start|p2a: Iron Jugulis|quarkdrivespe
|turn|33
|
|t:|1760815625
|switch|p1a: Raging Bolt|Raging Bolt|26/100
|move|p2a: Iron Jugulis|Hurricane|p1a: Raging Bolt
|-resisted|p1a: Raging Bolt
|-damage|p1a: Raging Bolt|0 fnt
|faint|p1a: Raging Bolt
|-end|p1a: Raging Bolt|Protosynthesis|[silent]
|
|upkeep
|
|t:|1760815627
|switch|p1a: Garganacl|Garganacl, M|100/100
|turn|34
|
|t:|1760815634
|move|p2a: Iron Jugulis|Hydro Pump|p1a: Garganacl
|-supereffective|p1a: Garganacl
|-damage|p1a: Garganacl|50/100
|move|p1a: Garganacl|Salt Cure|p2a: Iron Jugulis
|-supereffective|p2a: Iron Jugulis
|-damage|p2a: Iron Jugulis|66/100
|-start|p2a: Iron Jugulis|Salt Cure
|
|-heal|p1a: Garganacl|56/100|[from] Grassy Terrain
|-damage|p2a: Iron Jugulis|53/100|[from] Salt Cure
|-fieldend|move: Grassy Terrain
|upkeep
|turn|35
|
|t:|1760815639
|move|p2a: Iron Jugulis|Dark Pulse|p1a: Garganacl
|-damage|p1a: Garganacl|30/100
|move|p1a: Garganacl|Salt Cure|p2a: Iron Jugulis
|-supereffective|p2a: Iron Jugulis
|-damage|p2a: Iron Jugulis|17/100
|
|-damage|p2a: Iron Jugulis|4/100|[from] Salt Cure
|upkeep
|turn|36
|
|t:|1760815643
|move|p1a: Garganacl|Protect|p1a: Garganacl
|-singleturn|p1a: Garganacl|Protect
|move|p2a: Iron Jugulis|Taunt|p1a: Garganacl
|-activate|p1a: Garganacl|move: Protect
|
|-damage|p2a: Iron Jugulis|0 fnt|[from] Salt Cure
|faint|p2a: Iron Jugulis
|-end|p2a: Iron Jugulis|Quark Drive|[silent]
|upkeep
|
|t:|1760815646
|switch|p2a: Kyurem|Kyurem, tera:Ground|99/100
|-ability|p2a: Kyurem|Pressure
|turn|37
|
|t:|1760815652
|switch|p1a: Zamazenta|Zamazenta|64/100
|move|p2a: Kyurem|Earth Power|p1a: Zamazenta
|-damage|p1a: Zamazenta|23/100
|
|-heal|p2a: Kyurem|100/100|[from] item: Leftovers
|upkeep
|turn|38
|
|t:|1760815669
|switch|p2a: Ting-Lu|Ting-Lu|44/100
|-ability|p2a: Ting-Lu|Vessel of Ruin
|move|p1a: Zamazenta|Close Combat|p2a: Ting-Lu
|-supereffective|p2a: Ting-Lu
|-crit|p2a: Ting-Lu
|-damage|p2a: Ting-Lu|0 fnt
|-unboost|p1a: Zamazenta|def|1
|-unboost|p1a: Zamazenta|spd|1
|faint|p2a: Ting-Lu
|-damage|p1a: Zamazenta|13/100|[from] item: Life Orb
|
|upkeep
|
|t:|1760815671
|switch|p2a: Tentacruel|Tentacruel, F|44/100
|turn|39
|
|t:|1760815677
|move|p1a: Zamazenta|Close Combat|p2a: Tentacruel
|-resisted|p2a: Tentacruel
|-damage|p2a: Tentacruel|0 fnt
|-unboost|p1a: Zamazenta|def|1
|-unboost|p1a: Zamazenta|spd|1
|faint|p2a: Tentacruel
|-damage|p1a: Zamazenta|4/100|[from] item: Life Orb
|
|upkeep
|
|t:|1760815680
|switch|p2a: Kyurem|Kyurem, tera:Ground|100/100
|-ability|p2a: Kyurem|Pressure
|turn|40
|j| surfinbeard
|
|t:|1760815687
|move|p1a: Zamazenta|Close Combat|p2a: Kyurem
|-damage|p2a: Kyurem|24/100
|-unboost|p1a: Zamazenta|def|1
|-unboost|p1a: Zamazenta|spd|1
|-damage|p1a: Zamazenta|0 fnt|[from] item: Life Orb
|faint|p1a: Zamazenta
|move|p2a: Kyurem|Substitute|p2a: Kyurem
|-fail|p2a: Kyurem|move: Substitute|[weak]
|
|-heal|p2a: Kyurem|30/100|[from] item: Leftovers
|upkeep
|
|t:|1760815690
|switch|p1a: Rillaboom|Rillaboom, F|100/100
|-fieldstart|move: Grassy Terrain|[from] ability: Grassy Surge|[of] p1a: Rillaboom
|turn|41
|c|☆ILovePecharuntRah|ggs
|
|t:|1760815694
|move|p2a: Kyurem|Protect|p2a: Kyurem
|-singleturn|p2a: Kyurem|Protect
|move|p1a: Rillaboom|Grassy Glide|p2a: Kyurem
|-activate|p2a: Kyurem|move: Protect
|
|-heal|p2a: Kyurem|37/100|[from] Grassy Terrain
|-heal|p2a: Kyurem|43/100|[from] item: Leftovers
|upkeep
|turn|42
|c|☆healorant|gg
|
|t:|1760815698
|move|p1a: Rillaboom|Grassy Glide|p2a: Kyurem
|-supereffective|p2a: Kyurem
|-damage|p2a: Kyurem|0 fnt
|faint|p2a: Kyurem
|
|win|healorant
|raw|healorant's rating: 1748 &rarr; <strong>1764</strong><br />(+16 for winning)
|raw|ILovePecharuntRah's rating: 1681 &rarr; <strong>1665</strong><br />(-16 for losing)
|l|☆ILovePecharuntRah
|player|p2|
|l|☆healorant
|player|p1|
|l| surfinbeard
