|j|☆SamiFawad
|j|☆t1nkt0n
|t:|1760767855
|gametype|singles
|player|p1|SamiFawad|101|1433
|player|p2|t1nkt0n|shadowtriad|1408
|gen|9
|tier|[Gen 9] OU
|rated|
|rule|HP Percentage Mod: HP is shown in percentages
|rule|Endless Battle Clause: Forcing endless battles is banned
|rule|Species Clause: Limit one of each Pokémon
|rule|OHKO Clause: OHKO moves are banned
|rule|Evasion Items Clause: Evasion items are banned
|rule|Evasion Moves Clause: Evasion moves are banned
|rule|Evasion Abilities Clause: Evasion abilities are banned
|rule|Sleep Moves Clause: Sleep-inducing moves are banned
|clearpoke
|poke|p1|Tornadus-Therian, M|
|poke|p1|Meowscarada, F|
|poke|p1|Great Tusk|
|poke|p1|Clodsire, M|
|poke|p1|Iron Crown|
|poke|p1|Ogerpon, F|
|poke|p2|Deoxys-Speed|
|poke|p2|Blaziken, M|
|poke|p2|Zamazenta-*|
|poke|p2|Kyurem|
|poke|p2|Moltres-Galar|
|poke|p2|Gholdengo|
|teampreview
|
|t:|1760767860
|teamsize|p1|6
|teamsize|p2|6
|start
|switch|p1a: Iron Crown|Iron Crown|100/100
|switch|p2a: Kyurem|Kyurem|100/100
|-ability|p2a: Kyurem|Pressure
|turn|1
|
|t:|1760767871
|switch|p2a: Gholdengo|Gholdengo|100/100
|-item|p2a: Gholdengo|Air Balloon
|move|p1a: Iron Crown|Tachyon Cutter|p2a: Gholdengo
|-resisted|p2a: Gholdengo
|-damage|p2a: Gholdengo|79/100
|-enditem|p2a: Gholdengo|Air Balloon
|-resisted|p2a: Gholdengo
|-damage|p2a: Gholdengo|57/100
|-hitcount|p2a: Gholdengo|2
|
|upkeep
|turn|2
|
|t:|1760767882
|-end|p1a: Iron Crown|Quark Drive|[silent]
|switch|p1a: Meowscarada|Meowscarada, F|100/100
|switch|p2a: Kyurem|Kyurem|100/100
|-ability|p2a: Kyurem|Pressure
|
|upkeep
|turn|3
|
|t:|1760767893
|move|p1a: Meowscarada|Triple Axel|p2a: Kyurem|[miss]
|-start|p1a: Meowscarada|typechange|Ice|[from] ability: Protean
|-miss|p1a: Meowscarada|p2a: Kyurem
|move|p2a: Kyurem|Dragon Dance|p2a: Kyurem
|-boost|p2a: Kyurem|atk|1
|-boost|p2a: Kyurem|spe|1
|
|upkeep
|turn|4
|
|t:|1760767898
|move|p2a: Kyurem|Earth Power|p1a: Meowscarada
|-damage|p1a: Meowscarada|54/100
|move|p1a: Meowscarada|Knock Off|p2a: Kyurem
|-damage|p2a: Kyurem|66/100
|-enditem|p2a: Kyurem|Never-Melt Ice|[from] move: Knock Off|[of] p1a: Meowscarada
|
|upkeep
|turn|5
|
|t:|1760767904
|move|p2a: Kyurem|Dragon Dance|p2a: Kyurem
|-boost|p2a: Kyurem|atk|1
|-boost|p2a: Kyurem|spe|1
|move|p1a: Meowscarada|U-turn|p2a: Kyurem
|-damage|p2a: Kyurem|42/100
|
|t:|1760767908
|switch|p1a: Iron Crown|Iron Crown|100/100|[from] U-turn
|
|upkeep
|turn|6
|
|t:|1760767913
|move|p2a: Kyurem|Earth Power|p1a: Iron Crown
|-supereffective|p1a: Iron Crown
|-damage|p1a: Iron Crown|41/100
|move|p1a: Iron Crown|Tachyon Cutter|p2a: Kyurem
|-supereffective|p2a: Kyurem
|-damage|p2a: Kyurem|0 fnt
|faint|p2a: Kyurem
|-hitcount|p2: Kyurem|1
|
|upkeep
|
|t:|1760767917
|switch|p2a: Blaziken|Blaziken, M|100/100
|turn|7
|
|t:|1760767920
|-end|p1a: Iron Crown|Quark Drive|[silent]
|switch|p1a: Great Tusk|Great Tusk|100/100
|move|p2a: Blaziken|Swords Dance|p2a: Blaziken
|-boost|p2a: Blaziken|atk|2
|
|-ability|p2a: Blaziken|Speed Boost|boost
|-boost|p2a: Blaziken|spe|1
|upkeep
|turn|8
|
|t:|1760767923
|move|p2a: Blaziken|Close Combat|p1a: Great Tusk
|-damage|p1a: Great Tusk|23/100
|-unboost|p2a: Blaziken|def|1
|-unboost|p2a: Blaziken|spd|1
|-damage|p2a: Blaziken|84/100|[from] item: Rocky Helmet|[of] p1a: Great Tusk
|-damage|p2a: Blaziken|74/100|[from] item: Life Orb
|move|p1a: Great Tusk|Body Press|p2a: Blaziken
|-damage|p2a: Blaziken|0 fnt
|faint|p2a: Blaziken
|
|upkeep
|
|t:|1760767929
|switch|p2a: Moltres|Moltres-Galar|100/100
|turn|9
|
|t:|1760767934
|move|p2a: Moltres|Agility|p2a: Moltres
|-boost|p2a: Moltres|spe|2
|move|p1a: Great Tusk|Knock Off|p2a: Moltres
|-resisted|p2a: Moltres
|-damage|p2a: Moltres|84/100
|-enditem|p2a: Moltres|Sitrus Berry|[from] move: Knock Off|[of] p1a: Great Tusk
|
|upkeep
|turn|10
|
|t:|1760767939
|move|p2a: Moltres|Nasty Plot|p2a: Moltres
|-boost|p2a: Moltres|spa|2
|move|p1a: Great Tusk|Stealth Rock|p2a: Moltres
|-sidestart|p2: t1nkt0n|move: Stealth Rock
|
|upkeep
|turn|11
|
|t:|1760767944
|move|p2a: Moltres|Fiery Wrath|p1a: Great Tusk
|-resisted|p1a: Great Tusk
|-damage|p1a: Great Tusk|0 fnt
|faint|p1a: Great Tusk
|-end|p1a: Great Tusk|Protosynthesis|[silent]
|
|upkeep
|
|t:|1760767951
|switch|p1a: Clodsire|Clodsire, M|100/100
|turn|12
|
|t:|1760767958
|move|p2a: Moltres|Fiery Wrath|p1a: Clodsire
|-damage|p1a: Clodsire|60/100
|move|p1a: Clodsire|Toxic|p2a: Moltres
|-status|p2a: Moltres|tox
|
|-heal|p1a: Clodsire|66/100|[from] item: Leftovers
|-damage|p2a: Moltres|78/100 tox|[from] psn
|upkeep
|turn|13
|
|t:|1760767962
|move|p2a: Moltres|Fiery Wrath|p1a: Clodsire
|-damage|p1a: Clodsire|23/100
|move|p1a: Clodsire|Recover|p1a: Clodsire
|-heal|p1a: Clodsire|73/100
|
|-heal|p1a: Clodsire|79/100|[from] item: Leftovers
|-damage|p2a: Moltres|65/100 tox|[from] psn
|upkeep
|turn|14
|
|t:|1760767966
|move|p2a: Moltres|Fiery Wrath|p1a: Clodsire
|-crit|p1a: Clodsire
|-damage|p1a: Clodsire|14/100
|move|p1a: Clodsire|Recover|p1a: Clodsire
|-heal|p1a: Clodsire|64/100
|
|-heal|p1a: Clodsire|70/100|[from] item: Leftovers
|-damage|p2a: Moltres|47/100 tox|[from] psn
|upkeep
|turn|15
|
|t:|1760767971
|switch|p1a: Meowscarada|Meowscarada, F|54/100
|move|p2a: Moltres|Fiery Wrath|p1a: Meowscarada
|-resisted|p1a: Meowscarada
|-damage|p1a: Meowscarada|0 fnt
|faint|p1a: Meowscarada
|
|-damage|p2a: Moltres|22/100 tox|[from] psn
|upkeep
|
|t:|1760767975
|switch|p1a: Clodsire|Clodsire, M|70/100
|turn|16
|
|t:|1760767977
|move|p2a: Moltres|Fiery Wrath|p1a: Clodsire
|-damage|p1a: Clodsire|31/100
|move|p1a: Clodsire|Recover|p1a: Clodsire
|-heal|p1a: Clodsire|81/100
|
|-heal|p1a: Clodsire|87/100|[from] item: Leftovers
|-damage|p2a: Moltres|0 fnt|[from] psn
|faint|p2a: Moltres
|upkeep
|
|t:|1760767984
|switch|p2a: Zamazenta|Zamazenta|100/100
|-damage|p2a: Zamazenta|94/100|[from] Stealth Rock
|-ability|p2a: Zamazenta|Dauntless Shield|boost
|-boost|p2a: Zamazenta|def|1
|turn|17
|
|t:|1760767988
|switch|p1a: Tornadus|Tornadus-Therian, M|100/100
|move|p2a: Zamazenta|Substitute|p2a: Zamazenta
|-start|p2a: Zamazenta|Substitute
|-damage|p2a: Zamazenta|69/100
|
|-heal|p2a: Zamazenta|76/100|[from] item: Leftovers
|upkeep
|turn|18
|
|t:|1760767991
|-terastallize|p2a: Zamazenta|Steel
|move|p2a: Zamazenta|Iron Defense|p2a: Zamazenta
|-boost|p2a: Zamazenta|def|2
|move|p1a: Tornadus|Bleakwind Storm|p2a: Zamazenta
|-resisted|p2a: Zamazenta
|-activate|p2a: Zamazenta|move: Substitute|[damage]
|
|-heal|p2a: Zamazenta|82/100|[from] item: Leftovers
|upkeep
|turn|19
|
|t:|1760767997
|move|p2a: Zamazenta|Body Press|p1a: Tornadus
|-resisted|p1a: Tornadus
|-damage|p1a: Tornadus|55/100
|move|p1a: Tornadus|Heat Wave|p2a: Zamazenta
|-supereffective|p2a: Zamazenta
|-end|p2a: Zamazenta|Substitute
|
|-heal|p2a: Zamazenta|88/100|[from] item: Leftovers
|upkeep
|turn|20
|
|t:|1760768006
|move|p2a: Zamazenta|Body Press|p1a: Tornadus
|-resisted|p1a: Tornadus
|-damage|p1a: Tornadus|12/100
|move|p1a: Tornadus|Heat Wave|p2a: Zamazenta|[miss]
|-miss|p1a: Tornadus|p2a: Zamazenta
|
|-heal|p2a: Zamazenta|94/100|[from] item: Leftovers
|upkeep
|turn|21
|
|t:|1760768011
|move|p2a: Zamazenta|Body Press|p1a: Tornadus
|-resisted|p1a: Tornadus
|-damage|p1a: Tornadus|0 fnt
|faint|p1a: Tornadus
|
|-heal|p2a: Zamazenta|99/100|[from] item: Leftovers
|upkeep
|
|t:|1760768019
|switch|p1a: Ogerpon|Ogerpon, F|100/100
|turn|22
|
|t:|1760768024
|-terastallize|p1a: Ogerpon|Grass
|detailschange|p1a: Ogerpon|Ogerpon-Teal-Tera, F, tera:Grass
|-ability|p1a: Ogerpon|Embody Aspect (Teal)|boost
|-boost|p1a: Ogerpon|spe|1
|move|p1a: Ogerpon|Low Kick|p2a: Zamazenta
|-supereffective|p2a: Zamazenta
|-damage|p2a: Zamazenta|78/100
|move|p2a: Zamazenta|Body Press|p1a: Ogerpon
|-damage|p1a: Ogerpon|0 fnt
|faint|p1a: Ogerpon
|detailschange|p1: Ogerpon|Ogerpon, F|[silent]
|
|-heal|p2a: Zamazenta|84/100|[from] item: Leftovers
|upkeep
|-message|SamiFawad forfeited.
|
|win|t1nkt0n
|raw|SamiFawad's rating: 1433 &rarr; <strong>1412</strong><br />(-21 for losing)
|raw|t1nkt0n's rating: 1408 &rarr; <strong>1429</strong><br />(+21 for winning)
|l|☆SamiFawad
|player|p1|
|l|☆t1nkt0n
|player|p2|
