|j|☆310YM4N74N3R0
|j|☆gen6izdasht
|t:|1760786797
|gametype|singles
|player|p1|310YM4N74N3R0|pokemonrangerf|1650
|player|p2|gen6izdasht|266|1708
|gen|9
|tier|[Gen 9] OU
|rated|
|rule|HP Percentage Mod: HP is shown in percentages
|rule|Endless Battle Clause: Forcing endless battles is banned
|rule|Species Clause: Limit one of each Pokémon
|rule|OHKO Clause: OHKO moves are banned
|rule|Evasion Items Clause: Evasion items are banned
|rule|Evasion Moves Clause: Evasion moves are banned
|rule|Evasion Abilities Clause: Evasion abilities are banned
|rule|Sleep Moves Clause: Sleep-inducing moves are banned
|clearpoke
|poke|p1|Landorus-Therian, M|
|poke|p1|Yanmega, F|
|poke|p1|Rillaboom, M|
|poke|p1|Blaziken, F|
|poke|p1|Blastoise, M|
|poke|p1|Tyranitar, F|
|poke|p2|Araquanid, M|
|poke|p2|Cinderace, M|
|poke|p2|Kingambit, F|
|poke|p2|Enamorus, F|
|poke|p2|Serperior, F|
|poke|p2|Ceruledge, M|
|teampreview
|j| Raining Drawing
|l| Raining Drawing
|
|t:|1760786814
|teamsize|p1|6
|teamsize|p2|6
|start
|switch|p1a: Tyranitar|Tyranitar, F|100/100
|switch|p2a: Ceruledge|Ceruledge, M|100/100
|-weather|Sandstorm|[from] ability: Sand Stream|[of] p1a: Tyranitar
|turn|1
|inactive|Battle timer is ON: inactive players will automatically lose when time's up. (requested by 310YM4N74N3R0)
|inactive|gen6izdasht has 120 seconds left.
|
|t:|1760786874
|move|p2a: Ceruledge|Close Combat|p1a: Tyranitar
|-supereffective|p1a: Tyranitar
|-damage|p1a: Tyranitar|0 fnt
|-unboost|p2a: Ceruledge|def|1
|-unboost|p2a: Ceruledge|spd|1
|faint|p1a: Tyranitar
|
|-weather|Sandstorm|[upkeep]
|-damage|p2a: Ceruledge|94/100|[from] Sandstorm
|upkeep
|
|t:|1760786882
|switch|p1a: Blaziken|Blaziken, F|100/100
|turn|2
|
|t:|1760786911
|switch|p1a: Landorus|Landorus-Therian, M|100/100
|-ability|p1a: Landorus|Intimidate|boost
|-unboost|p2a: Ceruledge|atk|1
|move|p2a: Ceruledge|Swords Dance|p2a: Ceruledge
|-boost|p2a: Ceruledge|atk|2
|
|-weather|Sandstorm|[upkeep]
|-damage|p2a: Ceruledge|88/100|[from] Sandstorm
|upkeep
|turn|3
|
|t:|1760786921
|switch|p2a: Enamorus|Enamorus, F|100/100
|move|p1a: Landorus|Stealth Rock|p2a: Enamorus
|-sidestart|p2: gen6izdasht|move: Stealth Rock
|
|-weather|Sandstorm|[upkeep]
|-damage|p2a: Enamorus|94/100|[from] Sandstorm
|upkeep
|turn|4
|
|t:|1760786927
|move|p2a: Enamorus|Moonblast|p1a: Landorus
|-damage|p1a: Landorus|17/100
|move|p1a: Landorus|Rock Tomb|p2a: Enamorus
|-supereffective|p2a: Enamorus
|-damage|p2a: Enamorus|24/100
|-boost|p2a: Enamorus|spe|1
|
|-weather|Sandstorm|[upkeep]
|-damage|p2a: Enamorus|18/100|[from] Sandstorm
|upkeep
|turn|5
|
|t:|1760786935
|move|p2a: Enamorus|Moonblast|p1a: Landorus
|-damage|p1a: Landorus|0 fnt
|faint|p1a: Landorus
|
|-weather|none
|upkeep
|
|t:|1760786941
|switch|p1a: Rillaboom|Rillaboom, M|100/100
|-fieldstart|move: Grassy Terrain|[from] ability: Grassy Surge|[of] p1a: Rillaboom
|-enditem|p1a: Rillaboom|Grassy Seed
|-boost|p1a: Rillaboom|def|1|[from] item: Grassy Seed
|turn|6
|
|t:|1760786944
|switch|p2a: Cinderace|Cinderace, M|100/100
|move|p1a: Rillaboom|Grassy Glide|p2a: Cinderace
|-resisted|p2a: Cinderace
|-damage|p2a: Cinderace|78/100
|
|-heal|p2a: Cinderace|84/100|[from] Grassy Terrain
|upkeep
|turn|7
|
|t:|1760786960
|switch|p1a: Blaziken|Blaziken, F|100/100
|move|p2a: Cinderace|Court Change|p2a: Cinderace
|-swapsideconditions
|-activate|p2a: Cinderace|move: Court Change
|
|-heal|p2a: Cinderace|90/100|[from] Grassy Terrain
|upkeep
|turn|8
|
|t:|1760786981
|move|p2a: Cinderace|Taunt|p1a: Blaziken
|-start|p1a: Blaziken|move: Taunt
|cant|p1a: Blaziken|move: Taunt|Swords Dance
|
|-heal|p2a: Cinderace|96/100|[from] Grassy Terrain
|-ability|p1a: Blaziken|Speed Boost|boost
|-boost|p1a: Blaziken|spe|1
|upkeep
|turn|9
|
|t:|1760787006
|switch|p2a: Araquanid|Araquanid, M|100/100
|move|p1a: Blaziken|Close Combat|p2a: Araquanid
|-resisted|p2a: Araquanid
|-damage|p2a: Araquanid|65/100
|-unboost|p1a: Blaziken|def|1
|-unboost|p1a: Blaziken|spd|1
|
|-heal|p2a: Araquanid|71/100|[from] Grassy Terrain
|-ability|p1a: Blaziken|Speed Boost|boost
|-boost|p1a: Blaziken|spe|1
|upkeep
|turn|10
|
|t:|1760787016
|move|p1a: Blaziken|Close Combat|p2a: Araquanid
|-resisted|p2a: Araquanid
|-damage|p2a: Araquanid|40/100
|-unboost|p1a: Blaziken|def|1
|-unboost|p1a: Blaziken|spd|1
|move|p2a: Araquanid|Surf|p1a: Blaziken
|-supereffective|p1a: Blaziken
|-enditem|p1a: Blaziken|Focus Sash
|-damage|p1a: Blaziken|1/100
|
|-heal|p1a: Blaziken|7/100|[from] Grassy Terrain
|-heal|p2a: Araquanid|46/100|[from] Grassy Terrain
|-end|p1a: Blaziken|move: Taunt
|-fieldend|move: Grassy Terrain
|-ability|p1a: Blaziken|Speed Boost|boost
|-boost|p1a: Blaziken|spe|1
|upkeep
|turn|11
|
|t:|1760787024
|switch|p2a: Ceruledge|Ceruledge, M|88/100
|move|p1a: Blaziken|Swords Dance|p1a: Blaziken
|-boost|p1a: Blaziken|atk|2
|
|-ability|p1a: Blaziken|Speed Boost|boost
|-boost|p1a: Blaziken|spe|1
|upkeep
|turn|12
|
|t:|1760787029
|move|p2a: Ceruledge|Shadow Sneak|p1a: Blaziken
|-damage|p1a: Blaziken|0 fnt
|faint|p1a: Blaziken
|
|upkeep
|
|t:|1760787033
|switch|p1a: Blastoise|Blastoise, M|100/100
|-damage|p1a: Blastoise|88/100|[from] Stealth Rock
|turn|13
|
|t:|1760787038
|move|p2a: Ceruledge|Close Combat|p1a: Blastoise
|-damage|p1a: Blastoise|38/100
|-unboost|p2a: Ceruledge|def|1
|-unboost|p2a: Ceruledge|spd|1
|move|p1a: Blastoise|Shell Smash|p1a: Blastoise
|-unboost|p1a: Blastoise|def|1
|-unboost|p1a: Blastoise|spd|1
|-boost|p1a: Blastoise|atk|2
|-boost|p1a: Blastoise|spa|2
|-boost|p1a: Blastoise|spe|2
|
|upkeep
|turn|14
|
|t:|1760787043
|-terastallize|p2a: Ceruledge|Ghost
|move|p2a: Ceruledge|Shadow Sneak|p1a: Blastoise
|-damage|p1a: Blastoise|0 fnt
|faint|p1a: Blastoise
|
|upkeep
|
|t:|1760787056
|switch|p1a: Yanmega|Yanmega, F|100/100
|-damage|p1a: Yanmega|51/100|[from] Stealth Rock
|turn|15
|
|t:|1760787063
|move|p2a: Ceruledge|Shadow Sneak|p1a: Yanmega
|-damage|p1a: Yanmega|14/100
|move|p1a: Yanmega|Air Slash|p2a: Ceruledge
|-damage|p2a: Ceruledge|22/100
|
|-ability|p1a: Yanmega|Speed Boost|boost
|-boost|p1a: Yanmega|spe|1
|upkeep
|turn|16
|
|t:|1760787071
|move|p1a: Yanmega|Protect|p1a: Yanmega
|-singleturn|p1a: Yanmega|Protect
|move|p2a: Ceruledge|Shadow Sneak|p1a: Yanmega
|-activate|p1a: Yanmega|move: Protect
|
|-ability|p1a: Yanmega|Speed Boost|boost
|-boost|p1a: Yanmega|spe|1
|upkeep
|turn|17
|
|t:|1760787076
|move|p2a: Ceruledge|Shadow Sneak|p1a: Yanmega
|-damage|p1a: Yanmega|0 fnt
|faint|p1a: Yanmega
|
|upkeep
|
|t:|1760787078
|switch|p1a: Rillaboom|Rillaboom, M|100/100
|-damage|p1a: Rillaboom|88/100|[from] Stealth Rock
|-fieldstart|move: Grassy Terrain|[from] ability: Grassy Surge|[of] p1a: Rillaboom
|turn|18
|
|t:|1760787082
|move|p2a: Ceruledge|Bitter Blade|p1a: Rillaboom
|-supereffective|p1a: Rillaboom
|-damage|p1a: Rillaboom|1/100
|-heal|p2a: Ceruledge|73/100|[from] drain|[of] p1a: Rillaboom
|move|p1a: Rillaboom|Swords Dance|p1a: Rillaboom
|-boost|p1a: Rillaboom|atk|2
|
|-heal|p2a: Ceruledge|79/100|[from] Grassy Terrain
|-heal|p1a: Rillaboom|8/100|[from] Grassy Terrain
|upkeep
|turn|19
|
|t:|1760787094
|move|p2a: Ceruledge|Shadow Sneak|p1a: Rillaboom
|-damage|p1a: Rillaboom|0 fnt
|faint|p1a: Rillaboom
|
|win|gen6izdasht
|raw|310YM4N74N3R0's rating: 1650 &rarr; <strong>1633</strong><br />(-17 for losing)
|raw|gen6izdasht's rating: 1708 &rarr; <strong>1725</strong><br />(+17 for winning)
|l|☆310YM4N74N3R0
|player|p1|
|l|☆gen6izdasht
|player|p2|
