|j|☆thenextsupreme
|j|☆HZBKAI3
|t:|1760849705
|gametype|singles
|player|p1|thenextsupreme|170|1053
|player|p2|HZBKAI3|265|1054
|gen|9
|tier|[Gen 9] OU
|rated|
|rule|HP Percentage Mod: HP is shown in percentages
|rule|Endless Battle Clause: Forcing endless battles is banned
|rule|Species Clause: Limit one of each Pokémon
|rule|OHKO Clause: OHKO moves are banned
|rule|Evasion Items Clause: Evasion items are banned
|rule|Evasion Moves Clause: Evasion moves are banned
|rule|Evasion Abilities Clause: Evasion abilities are banned
|rule|Sleep Moves Clause: Sleep-inducing moves are banned
|clearpoke
|poke|p1|Gallade, M|
|poke|p1|Talonflame, F|
|poke|p1|Milotic, F|
|poke|p1|Mudsdale, M|
|poke|p1|Gengar, M|
|poke|p1|Goodra-Hisui, M|
|poke|p2|Latias, F|
|poke|p2|Tinkaton, F|
|poke|p2|Pelipper, F|
|poke|p2|Gastrodon, F|
|poke|p2|Moltres|
|poke|p2|Goodra-Hisui, M|
|teampreview
|
|t:|1760849710
|teamsize|p1|6
|teamsize|p2|6
|start
|switch|p1a: Talonflame|Talonflame, F|100/100
|switch|p2a: Tinkaton|Tinkaton, F|100/100
|-item|p2a: Tinkaton|Air Balloon
|turn|1
|
|t:|1760849715
|move|p1a: Talonflame|Flare Blitz|p2a: Tinkaton
|-supereffective|p2a: Tinkaton
|-damage|p2a: Tinkaton|0 fnt
|-enditem|p2a: Tinkaton|Air Balloon
|faint|p2a: Tinkaton
|-damage|p1a: Talonflame|59/100|[from] Recoil
|
|upkeep
|
|t:|1760849715
|switch|p2a: Gastrodon|Gastrodon, F|100/100
|turn|2
|
|t:|1760849724
|move|p1a: Talonflame|U-turn|p2a: Gastrodon
|-damage|p2a: Gastrodon|82/100
|
|t:|1760849726
|switch|p1a: Milotic|Milotic, F|100/100|[from] U-turn
|move|p2a: Gastrodon|Surf|p1a: Milotic
|-resisted|p1a: Milotic
|-damage|p1a: Milotic|87/100
|
|-heal|p1a: Milotic|93/100|[from] item: Leftovers
|upkeep
|turn|3
|
|t:|1760849735
|move|p2a: Gastrodon|Earth Power|p1a: Milotic
|-damage|p1a: Milotic|62/100
|move|p1a: Milotic|Dragon Tail|p2a: Gastrodon
|-damage|p2a: Gastrodon|73/100
|drag|p2a: Pelipper|Pelipper, F|100/100
|-weather|RainDance|[from] ability: Drizzle|[of] p2a: Pelipper
|
|-weather|RainDance|[upkeep]
|-heal|p1a: Milotic|68/100|[from] item: Leftovers
|upkeep
|turn|4
|
|t:|1760849745
|move|p2a: Pelipper|Hurricane|p1a: Milotic
|-damage|p1a: Milotic|42/100
|move|p1a: Milotic|Dragon Tail|p2a: Pelipper
|-damage|p2a: Pelipper|93/100
|drag|p2a: Gastrodon|Gastrodon, F|73/100
|
|-weather|RainDance|[upkeep]
|-heal|p1a: Milotic|48/100|[from] item: Leftovers
|upkeep
|turn|5
|
|t:|1760849753
|move|p1a: Milotic|Recover|p1a: Milotic
|-heal|p1a: Milotic|98/100
|move|p2a: Gastrodon|Earth Power|p1a: Milotic
|-damage|p1a: Milotic|71/100
|
|-weather|RainDance|[upkeep]
|-heal|p1a: Milotic|77/100|[from] item: Leftovers
|upkeep
|turn|6
|
|t:|1760849761
|switch|p1a: Gengar|Gengar, M|100/100
|-item|p1a: Gengar|Air Balloon
|move|p2a: Gastrodon|Earth Power|p1a: Gengar
|-immune|p1a: Gengar
|
|-weather|RainDance|[upkeep]
|upkeep
|turn|7
|
|t:|1760849769
|move|p1a: Gengar|Energy Ball|p2a: Gastrodon
|-supereffective|p2a: Gastrodon
|-damage|p2a: Gastrodon|0 fnt
|faint|p2a: Gastrodon
|
|-weather|RainDance|[upkeep]
|upkeep
|
|t:|1760849769
|switch|p2a: Pelipper|Pelipper, F|93/100
|turn|8
|
|t:|1760849778
|switch|p1a: Goodra|Goodra-Hisui, M|100/100
|move|p2a: Pelipper|Knock Off|p1a: Goodra
|-damage|p1a: Goodra|88/100
|-damage|p2a: Pelipper|76/100|[from] item: Rocky Helmet|[of] p1a: Goodra
|-enditem|p1a: Goodra|Rocky Helmet|[from] move: Knock Off|[of] p2a: Pelipper
|
|-weather|RainDance|[upkeep]
|upkeep
|turn|9
|
|t:|1760849785
|move|p1a: Goodra|Thunderbolt|p2a: Pelipper
|-supereffective|p2a: Pelipper
|-damage|p2a: Pelipper|0 fnt
|faint|p2a: Pelipper
|
|-weather|RainDance|[upkeep]
|upkeep
|
|t:|1760849786
|switch|p2a: Latias|Latias, F|100/100
|turn|10
|
|t:|1760849794
|-terastallize|p1a: Goodra|Fairy
|move|p2a: Latias|Aura Sphere|p1a: Goodra
|-resisted|p1a: Goodra
|-damage|p1a: Goodra|81/100
|move|p1a: Goodra|Draco Meteor|p2a: Latias
|-supereffective|p2a: Latias
|-damage|p2a: Latias|2/100
|-unboost|p1a: Goodra|spa|2
|-enditem|p2a: Latias|Weakness Policy
|-boost|p2a: Latias|atk|2|[from] item: Weakness Policy
|-boost|p2a: Latias|spa|2|[from] item: Weakness Policy
|
|-weather|none
|upkeep
|turn|11
|
|t:|1760849805
|switch|p2a: Goodra|Goodra-Hisui, M|100/100
|move|p1a: Goodra|Ice Beam|p2a: Goodra
|-damage|p2a: Goodra|93/100
|
|upkeep
|turn|12
|
|t:|1760849817
|move|p1a: Goodra|Ice Beam|p2a: Goodra
|-damage|p2a: Goodra|86/100
|move|p2a: Goodra|Flash Cannon|p1a: Goodra
|-supereffective|p1a: Goodra
|-damage|p1a: Goodra|23/100
|
|upkeep
|turn|13
|
|t:|1760849823
|switch|p1a: Milotic|Milotic, F|77/100
|move|p2a: Goodra|Flash Cannon|p1a: Milotic
|-resisted|p1a: Milotic
|-damage|p1a: Milotic|63/100
|
|-heal|p1a: Milotic|69/100|[from] item: Leftovers
|upkeep
|turn|14
|
|t:|1760849830
|move|p1a: Milotic|Scald|p2a: Goodra
|-resisted|p2a: Goodra
|-damage|p2a: Goodra|80/100
|-status|p2a: Goodra|brn
|move|p2a: Goodra|Dragon Tail|p1a: Milotic
|-damage|p1a: Milotic|63/100
|drag|p1a: Goodra|Goodra-Hisui, M, tera:Fairy|23/100
|
|-damage|p2a: Goodra|74/100 brn|[from] brn
|upkeep
|turn|15
|
|t:|1760849840
|move|p1a: Goodra|Draco Meteor|p2a: Goodra
|-damage|p2a: Goodra|48/100 brn
|-unboost|p1a: Goodra|spa|2
|move|p2a: Goodra|Flash Cannon|p1a: Goodra
|-supereffective|p1a: Goodra
|-damage|p1a: Goodra|0 fnt
|faint|p1a: Goodra
|
|-damage|p2a: Goodra|42/100 brn|[from] brn
|upkeep
|
|t:|1760849849
|switch|p1a: Talonflame|Talonflame, F|59/100
|turn|16
|
|t:|1760849851
|move|p1a: Talonflame|Flare Blitz|p2a: Goodra
|-damage|p2a: Goodra|0 fnt
|faint|p2a: Goodra
|-damage|p1a: Talonflame|43/100|[from] Recoil
|
|upkeep
|
|t:|1760849851
|switch|p2a: Moltres|Moltres|100/100
|turn|17
|
|t:|1760849858
|move|p1a: Talonflame|U-turn|p2a: Moltres
|-resisted|p2a: Moltres
|-damage|p2a: Moltres|98/100
|
|t:|1760849861
|switch|p1a: Mudsdale|Mudsdale, M|100/100|[from] U-turn
|move|p2a: Moltres|Flamethrower|p1a: Mudsdale
|-damage|p1a: Mudsdale|77/100
|-status|p1a: Mudsdale|brn
|-ability|p1a: Mudsdale|Stamina|boost
|-boost|p1a: Mudsdale|def|1
|
|-damage|p1a: Mudsdale|71/100 brn|[from] brn
|upkeep
|turn|18
|
|t:|1760849870
|move|p2a: Moltres|Flamethrower|p1a: Mudsdale
|-damage|p1a: Mudsdale|48/100 brn
|-ability|p1a: Mudsdale|Stamina|boost
|-boost|p1a: Mudsdale|def|1
|move|p1a: Mudsdale|Rock Slide|p2a: Moltres
|-supereffective|p2a: Moltres
|-damage|p2a: Moltres|56/100
|
|-damage|p1a: Mudsdale|42/100 brn|[from] brn
|upkeep
|turn|19
|
|t:|1760849879
|move|p2a: Moltres|Flamethrower|p1a: Mudsdale
|-damage|p1a: Mudsdale|17/100 brn
|-ability|p1a: Mudsdale|Stamina|boost
|-boost|p1a: Mudsdale|def|1
|move|p1a: Mudsdale|Rock Slide|p2a: Moltres
|-supereffective|p2a: Moltres
|-damage|p2a: Moltres|16/100
|
|-damage|p1a: Mudsdale|11/100 brn|[from] brn
|upkeep
|turn|20
|
|t:|1760849888
|move|p2a: Moltres|Flamethrower|p1a: Mudsdale
|-damage|p1a: Mudsdale|0 fnt
|faint|p1a: Mudsdale
|
|upkeep
|
|t:|1760849892
|switch|p1a: Milotic|Milotic, F|63/100
|turn|21
|
|t:|1760849895
|move|p2a: Moltres|U-turn|p1a: Milotic
|-damage|p1a: Milotic|53/100
|
|t:|1760849895
|switch|p2a: Latias|Latias, F|2/100|[from] U-turn
|move|p1a: Milotic|Scald|p2a: Latias
|-resisted|p2a: Latias
|-damage|p2a: Latias|0 fnt
|faint|p2a: Latias
|
|-heal|p1a: Milotic|59/100|[from] item: Leftovers
|upkeep
|
|t:|1760849896
|switch|p2a: Moltres|Moltres|16/100
|turn|22
|
|t:|1760849906
|move|p2a: Moltres|U-turn|p1a: Milotic
|-damage|p1a: Milotic|49/100
|move|p1a: Milotic|Scald|p2a: Moltres
|-supereffective|p2a: Moltres
|-damage|p2a: Moltres|0 fnt
|faint|p2a: Moltres
|
|win|thenextsupreme
|raw|thenextsupreme's rating: 1053 &rarr; <strong>1085</strong><br />(+32 for winning)
|raw|HZBKAI3's rating: 1054 &rarr; <strong>1036</strong><br />(-18 for losing)
|l|☆HZBKAI3
|player|p2|
|l|☆thenextsupreme
|player|p1|
