|j|☆aint_shyamling_206
|j|☆deeclerbee
|t:|1760776626
|gametype|singles
|player|p1|aint_shyamling_206|102|1168
|player|p2|deeclerbee|2|1197
|gen|9
|tier|[Gen 9] OU
|rated|
|rule|HP Percentage Mod: HP is shown in percentages
|rule|Endless Battle Clause: Forcing endless battles is banned
|rule|Species Clause: Limit one of each Pokémon
|rule|OHKO Clause: OHKO moves are banned
|rule|Evasion Items Clause: Evasion items are banned
|rule|Evasion Moves Clause: Evasion moves are banned
|rule|Evasion Abilities Clause: Evasion abilities are banned
|rule|Sleep Moves Clause: Sleep-inducing moves are banned
|clearpoke
|poke|p1|Garchomp, M|
|poke|p1|Darkrai|
|poke|p1|Gholdengo|
|poke|p1|Ogerpon-Wellspring, F|
|poke|p1|Iron Valiant|
|poke|p1|Iron Treads|
|poke|p2|Diancie|
|poke|p2|Hatterene, F|
|poke|p2|Ursaluna, M|
|poke|p2|Porygon2|
|poke|p2|Medicham, F|
|poke|p2|Sinistcha|
|teampreview
|inactive|Battle timer is ON: inactive players will automatically lose when time's up. (requested by deeclerbee)
|
|t:|1760776648
|teamsize|p1|6
|teamsize|p2|6
|start
|switch|p1a: Iron Treads|Iron Treads|100/100
|switch|p2a: Hatterene|Hatterene, F|100/100
|turn|1
|
|t:|1760776654
|move|p1a: Iron Treads|Knock Off|p2a: Hatterene
|-damage|p2a: Hatterene|75/100
|-enditem|p2a: Hatterene|Focus Sash|[from] move: Knock Off|[of] p1a: Iron Treads
|move|p2a: Hatterene|Trick Room|p2a: Hatterene
|-fieldstart|move: Trick Room|[of] p2a: Hatterene
|
|upkeep
|turn|2
|
|t:|1760776664
|move|p2a: Hatterene|Healing Wish|p2a: Hatterene
|faint|p2a: Hatterene
|move|p1a: Iron Treads|Earthquake|p2: Hatterene|[notarget]
|-fail|p1a: Iron Treads
|
|upkeep
|
|t:|1760776682
|switch|p2a: Ursaluna|Ursaluna, M|100/100
|turn|3
|
|t:|1760776702
|-end|p1a: Iron Treads|Quark Drive|[silent]
|switch|p1a: Gholdengo|Gholdengo|100/100
|-item|p1a: Gholdengo|Air Balloon
|move|p2a: Ursaluna|Headlong Rush|p1a: Gholdengo
|-immune|p1a: Gholdengo
|
|-status|p2a: Ursaluna|brn|[from] item: Flame Orb
|upkeep
|turn|4
|
|t:|1760776720
|move|p2a: Ursaluna|Crunch|p1a: Gholdengo
|-supereffective|p1a: Gholdengo
|-damage|p1a: Gholdengo|33/100
|-enditem|p1a: Gholdengo|Air Balloon
|move|p1a: Gholdengo|Hex|p2a: Ursaluna
|-immune|p2a: Ursaluna
|
|-damage|p2a: Ursaluna|94/100 brn|[from] brn
|upkeep
|turn|5
|
|t:|1760776734
|move|p2a: Ursaluna|Crunch|p1a: Gholdengo
|-supereffective|p1a: Gholdengo
|-damage|p1a: Gholdengo|0 fnt
|faint|p1a: Gholdengo
|
|-damage|p2a: Ursaluna|88/100 brn|[from] brn
|-fieldend|move: Trick Room
|upkeep
|inactive|aint_shyamling_206 has 120 seconds left.
|
|t:|1760776753
|switch|p1a: Darkrai|Darkrai|100/100
|turn|6
|
|t:|1760776766
|switch|p2a: Diancie|Diancie|100/100
|move|p1a: Darkrai|Dark Pulse|p2a: Diancie
|-resisted|p2a: Diancie
|-damage|p2a: Diancie|83/100
|
|upkeep
|turn|7
|inactive|aint_shyamling_206 has 120 seconds left.
|
|t:|1760776792
|switch|p1a: Iron Treads|Iron Treads|100/100
|move|p2a: Diancie|Trick Room|p2a: Diancie
|-fieldstart|move: Trick Room|[of] p2a: Diancie
|
|upkeep
|turn|8
|
|t:|1760776809
|-terastallize|p2a: Diancie|Grass
|move|p2a: Diancie|Diamond Storm|p1a: Iron Treads
|-resisted|p1a: Iron Treads
|-damage|p1a: Iron Treads|87/100
|-boost|p2a: Diancie|def|2
|-damage|p2a: Diancie|73/100|[from] item: Life Orb
|move|p1a: Iron Treads|Earthquake|p2a: Diancie
|-resisted|p2a: Diancie
|-damage|p2a: Diancie|65/100
|
|-heal|p1a: Iron Treads|93/100|[from] item: Leftovers
|upkeep
|turn|9
|
|t:|1760776819
|move|p2a: Diancie|Body Press|p1a: Iron Treads
|-supereffective|p1a: Iron Treads
|-damage|p1a: Iron Treads|0 fnt
|faint|p1a: Iron Treads
|-end|p1a: Iron Treads|Quark Drive|[silent]
|-damage|p2a: Diancie|55/100|[from] item: Life Orb
|
|upkeep
|
|t:|1760776826
|switch|p1a: Darkrai|Darkrai|100/100
|turn|10
|
|t:|1760776831
|-terastallize|p1a: Darkrai|Poison
|move|p2a: Diancie|Diamond Storm|p1a: Darkrai
|-damage|p1a: Darkrai|20/100
|-boost|p2a: Diancie|def|2
|-damage|p2a: Diancie|45/100|[from] item: Life Orb
|move|p1a: Darkrai|Sludge Bomb|p2a: Diancie
|-supereffective|p2a: Diancie
|-damage|p2a: Diancie|0 fnt
|faint|p2a: Diancie
|
|upkeep
|
|t:|1760776853
|switch|p2a: Porygon2|Porygon2|100/100
|-ability|p2a: Porygon2|Download|boost
|-boost|p2a: Porygon2|spa|1
|turn|11
|inactive|aint_shyamling_206 has 120 seconds left.
|
|t:|1760776878
|switch|p1a: Garchomp|Garchomp, M|100/100
|move|p2a: Porygon2|Tri Attack|p1a: Garchomp
|-crit|p1a: Garchomp
|-damage|p1a: Garchomp|20/100
|
|-fieldend|move: Trick Room
|upkeep
|turn|12
|inactive|aint_shyamling_206 has 120 seconds left.
|
|t:|1760776886
|move|p1a: Garchomp|Earthquake|p2a: Porygon2
|-damage|p2a: Porygon2|71/100
|move|p2a: Porygon2|Trick Room|p2a: Porygon2
|-fieldstart|move: Trick Room|[of] p2a: Porygon2
|
|upkeep
|turn|13
|
|t:|1760776890
|move|p2a: Porygon2|Tri Attack|p1a: Garchomp
|-damage|p1a: Garchomp|0 fnt
|faint|p1a: Garchomp
|
|upkeep
|
|t:|1760776903
|switch|p1a: Ogerpon|Ogerpon-Wellspring, F|100/100
|turn|14
|
|t:|1760776917
|move|p2a: Porygon2|Tri Attack|p1a: Ogerpon
|-crit|p1a: Ogerpon
|-damage|p1a: Ogerpon|9/100
|move|p1a: Ogerpon|Synthesis|p1a: Ogerpon
|-heal|p1a: Ogerpon|59/100
|
|upkeep
|turn|15
|
|t:|1760776929
|move|p2a: Porygon2|Tri Attack|p1a: Ogerpon
|-damage|p1a: Ogerpon|0 fnt
|faint|p1a: Ogerpon
|
|upkeep
|
|t:|1760776933
|switch|p1a: Iron Valiant|Iron Valiant|100/100
|-enditem|p1a: Iron Valiant|Booster Energy
|-activate|p1a: Iron Valiant|ability: Quark Drive|[fromitem]
|-start|p1a: Iron Valiant|quarkdrivespe
|turn|16
|
|t:|1760776941
|move|p2a: Porygon2|Tri Attack|p1a: Iron Valiant
|-damage|p1a: Iron Valiant|0 fnt
|faint|p1a: Iron Valiant
|-end|p1a: Iron Valiant|Quark Drive|[silent]
|
|-fieldend|move: Trick Room
|upkeep
|
|t:|1760776945
|switch|p1a: Darkrai|Darkrai, tera:Poison|20/100
|turn|17
|
|t:|1760776950
|move|p1a: Darkrai|Sludge Bomb|p2a: Porygon2
|-damage|p2a: Porygon2|41/100
|-status|p2a: Porygon2|psn
|move|p2a: Porygon2|Tri Attack|p1a: Darkrai
|-damage|p1a: Darkrai|0 fnt
|faint|p1a: Darkrai
|
|win|deeclerbee
|raw|aint_shyamling_206's rating: 1168 &rarr; <strong>1145</strong><br />(-23 for losing)
|raw|deeclerbee's rating: 1197 &rarr; <strong>1220</strong><br />(+23 for winning)
|l|☆aint_shyamling_206
|player|p1|
|l|☆deeclerbee
|player|p2|
