|j|☆FenixFyre04
|j|☆DarkoneZ
|t:|1760784852
|gametype|singles
|player|p1|FenixFyre04|steven|1297
|player|p2|DarkoneZ|1|1226
|gen|9
|tier|[Gen 9] OU
|rated|
|rule|HP Percentage Mod: HP is shown in percentages
|rule|Endless Battle Clause: Forcing endless battles is banned
|rule|Species Clause: Limit one of each Pokémon
|rule|OHKO Clause: OHKO moves are banned
|rule|Evasion Items Clause: Evasion items are banned
|rule|Evasion Moves Clause: Evasion moves are banned
|rule|Evasion Abilities Clause: Evasion abilities are banned
|rule|Sleep Moves Clause: Sleep-inducing moves are banned
|clearpoke
|poke|p1|Hatterene, F|
|poke|p1|Mimikyu, F|
|poke|p1|Gholdengo|
|poke|p1|Slowbro-Galar, M|
|poke|p1|Slither Wing|
|poke|p1|Braviary-Hisui, M|
|poke|p2|Serperior, M|
|poke|p2|Skeledirge, F|
|poke|p2|Gliscor, M|
|poke|p2|Heatran, M|
|poke|p2|Toxapex, F|
|poke|p2|Corviknight, F|
|teampreview
|inactive|Battle timer is ON: inactive players will automatically lose when time's up. (requested by DarkoneZ)
|inactive|FenixFyre04 also wants the timer to be on.
|
|t:|1760784867
|teamsize|p1|6
|teamsize|p2|6
|start
|switch|p1a: Hatterene|Hatterene, F|100/100
|switch|p2a: Toxic Avenger|Gliscor, M, shiny|100/100
|turn|1
|
|t:|1760784874
|move|p2a: Toxic Avenger|Earthquake|p1a: Hatterene
|-damage|p1a: Hatterene|66/100
|move|p1a: Hatterene|Psychic Noise|p2a: Toxic Avenger
|-damage|p2a: Toxic Avenger|27/100
|-start|p2a: Toxic Avenger|move: Heal Block
|-damage|p1a: Hatterene|56/100|[from] item: Life Orb
|
|-status|p2a: Toxic Avenger|tox|[from] item: Toxic Orb
|upkeep
|turn|2
|
|t:|1760784884
|switch|p2a: Lava Lamp|Heatran, M|100/100
|move|p1a: Hatterene|Trick Room|p1a: Hatterene
|-fieldstart|move: Trick Room|[of] p1a: Hatterene
|
|upkeep
|turn|3
|inactive|FenixFyre04 has 120 seconds left.
|
|t:|1760784915
|move|p1a: Hatterene|Psychic Noise|p2a: Lava Lamp
|-resisted|p2a: Lava Lamp
|-damage|p2a: Lava Lamp|74/100
|-start|p2a: Lava Lamp|move: Heal Block
|-damage|p1a: Hatterene|47/100|[from] item: Life Orb
|move|p2a: Lava Lamp|Magma Storm|p1a: Hatterene
|-damage|p1a: Hatterene|0 fnt
|faint|p1a: Hatterene
|
|upkeep
|inactive|FenixFyre04 has 120 seconds left.
|
|t:|1760784941
|switch|p1a: Braviary|Braviary-Hisui, M|100/100
|turn|4
|
|t:|1760784950
|move|p1a: Braviary|Calm Mind|p1a: Braviary
|-boost|p1a: Braviary|spa|1
|-boost|p1a: Braviary|spd|1
|move|p2a: Lava Lamp|Stealth Rock|p1a: Braviary
|-sidestart|p1: FenixFyre04|move: Stealth Rock
|
|-end|p2a: Lava Lamp|move: Heal Block
|upkeep
|turn|5
|
|t:|1760784965
|move|p1a: Braviary|Psychic|p2a: Lava Lamp
|-resisted|p2a: Lava Lamp
|-damage|p2a: Lava Lamp|25/100
|move|p2a: Lava Lamp|Magma Storm|p1a: Braviary
|-damage|p1a: Braviary|63/100
|-activate|p1a: Braviary|move: Magma Storm|[of] p2a: Lava Lamp
|
|-heal|p2a: Lava Lamp|31/100|[from] item: Leftovers
|-damage|p1a: Braviary|51/100|[from] move: Magma Storm|[partiallytrapped]
|upkeep
|turn|6
|inactive|DarkoneZ has 120 seconds left.
|
|t:|1760785000
|move|p1a: Braviary|Psychic|p2a: Lava Lamp
|-resisted|p2a: Lava Lamp
|-damage|p2a: Lava Lamp|0 fnt
|faint|p2a: Lava Lamp
|
|-end|p1a: Braviary|Magma Storm|[partiallytrapped]|[silent]
|-fieldend|move: Trick Room
|upkeep
|inactive|DarkoneZ has 120 seconds left.
|
|t:|1760785008
|switch|p2a: AussieRulez|Skeledirge, F|100/100
|turn|7
|
|t:|1760785016
|move|p2a: AussieRulez|Torch Song|p1a: Braviary
|-damage|p1a: Braviary|19/100
|-boost|p2a: AussieRulez|spa|1
|move|p1a: Braviary|Roost|p1a: Braviary
|-heal|p1a: Braviary|69/100
|-singleturn|p1a: Braviary|move: Roost
|
|upkeep
|turn|8
|
|t:|1760785025
|move|p2a: AussieRulez|Torch Song|p1a: Braviary
|-damage|p1a: Braviary|20/100
|-boost|p2a: AussieRulez|spa|1
|move|p1a: Braviary|Hurricane|p2a: AussieRulez|[miss]
|-miss|p1a: Braviary|p2a: AussieRulez
|
|upkeep
|turn|9
|
|t:|1760785034
|move|p2a: AussieRulez|Torch Song|p1a: Braviary
|-damage|p1a: Braviary|0 fnt
|-boost|p2a: AussieRulez|spa|1
|faint|p1a: Braviary
|
|upkeep
|
|t:|1760785038
|switch|p1a: Mimikyu|Mimikyu, F|100/100
|-damage|p1a: Mimikyu|88/100|[from] Stealth Rock
|turn|10
|
|t:|1760785042
|-terastallize|p2a: AussieRulez|Fairy
|move|p2a: AussieRulez|Will-O-Wisp|p1a: Mimikyu
|-status|p1a: Mimikyu|brn
|move|p1a: Mimikyu|Trick Room|p1a: Mimikyu
|-fieldstart|move: Trick Room|[of] p1a: Mimikyu
|
|-damage|p1a: Mimikyu|82/100 brn|[from] brn
|upkeep
|turn|11
|
|t:|1760785052
|move|p2a: AussieRulez|Hex|p1a: Mimikyu
|-activate|p1a: Mimikyu|ability: Disguise
|-damage|p1a: Mimikyu|82/100 brn
|detailschange|p1a: Mimikyu|Mimikyu-Busted, F
|-damage|p1a: Mimikyu|70/100 brn|[from] pokemon: Mimikyu-Busted
|-enditem|p1a: Mimikyu|Red Card|[of] p2a: AussieRulez
|drag|p2a: Harold|Corviknight, F, shiny|100/100
|move|p1a: Mimikyu|Curse|p2a: Harold
|-start|p2a: Harold|Curse|[of] p1a: Mimikyu
|-damage|p1a: Mimikyu|20/100 brn
|
|-damage|p1a: Mimikyu|14/100 brn|[from] brn
|-damage|p2a: Harold|76/100|[from] Curse
|upkeep
|turn|12
|
|t:|1760785074
|switch|p1a: Gholdengo|Gholdengo|100/100
|-damage|p1a: Gholdengo|94/100|[from] Stealth Rock
|move|p2a: Harold|U-turn|p1a: Gholdengo
|-resisted|p1a: Gholdengo
|-damage|p1a: Gholdengo|91/100
|
|t:|1760785089
|switch|p2a: Toxic Avenger|Gliscor, M, shiny|27/100 tox|[from] U-turn
|
|-heal|p2a: Toxic Avenger|39/100 tox|[from] ability: Poison Heal
|upkeep
|turn|13
|
|t:|1760785097
|move|p1a: Gholdengo|Shadow Ball|p2a: Toxic Avenger
|-damage|p2a: Toxic Avenger|0 fnt
|faint|p2a: Toxic Avenger
|
|upkeep
|
|t:|1760785103
|switch|p2a: AussieRulez|Skeledirge, F, tera:Fairy|100/100
|turn|14
|
|t:|1760785121
|-terastallize|p1a: Gholdengo|Steel
|move|p1a: Gholdengo|Make It Rain|p2a: AussieRulez
|-supereffective|p2a: AussieRulez
|-damage|p2a: AussieRulez|0 fnt
|-unboost|p1a: Gholdengo|spa|1
|faint|p2a: AussieRulez
|
|-fieldend|move: Trick Room
|upkeep
|
|t:|1760785137
|switch|p2a: Complex|Serperior, M, shiny|100/100
|turn|15
|
|t:|1760785152
|switch|p1a: Slither Wing|Slither Wing|100/100
|-damage|p1a: Slither Wing|88/100|[from] Stealth Rock
|move|p2a: Complex|Leaf Storm|p1a: Slither Wing|[miss]
|-miss|p2a: Complex|p1a: Slither Wing
|
|upkeep
|turn|16
|
|t:|1760785163
|move|p2a: Complex|Glare|p1a: Slither Wing
|-status|p1a: Slither Wing|par
|move|p1a: Slither Wing|U-turn|p2a: Complex
|-supereffective|p2a: Complex
|-damage|p2a: Complex|0 fnt
|faint|p2a: Complex
|
|t:|1760785176
|-end|p1a: Slither Wing|Protosynthesis|[silent]
|switch|p1a: Slowbro|Slowbro-Galar, M|100/100|[from] U-turn
|-damage|p1a: Slowbro|88/100|[from] Stealth Rock
|
|upkeep
|
|t:|1760785181
|switch|p2a: Harold|Corviknight, F, shiny|76/100
|turn|17
|
|t:|1760785185
|move|p2a: Harold|Brave Bird|p1a: Slowbro
|-damage|p1a: Slowbro|57/100
|-damage|p2a: Harold|65/100|[from] Recoil
|move|p1a: Slowbro|Nasty Plot|p1a: Slowbro
|-boost|p1a: Slowbro|spa|2
|
|upkeep
|turn|18
|
|t:|1760785193
|move|p2a: Harold|Brave Bird|p1a: Slowbro
|-damage|p1a: Slowbro|26/100
|-damage|p2a: Harold|55/100|[from] Recoil
|move|p1a: Slowbro|Ice Beam|p2a: Harold
|-damage|p2a: Harold|0 fnt
|faint|p2a: Harold
|-damage|p1a: Slowbro|16/100|[from] item: Life Orb
|
|upkeep
|
|t:|1760785201
|switch|p2a: My Ex|Toxapex, F, shiny|100/100
|turn|19
|
|t:|1760785205
|move|p2a: My Ex|Chilling Water|p1a: Slowbro
|-damage|p1a: Slowbro|3/100
|-unboost|p1a: Slowbro|atk|1
|move|p1a: Slowbro|Psyshock|p2a: My Ex
|-supereffective|p2a: My Ex
|-damage|p2a: My Ex|0 fnt
|faint|p2a: My Ex
|-damage|p1a: Slowbro|0 fnt|[from] item: Life Orb
|faint|p1a: Slowbro
|
|win|FenixFyre04
|raw|FenixFyre04's rating: 1297 &rarr; <strong>1317</strong><br />(+20 for winning)
|raw|DarkoneZ's rating: 1226 &rarr; <strong>1206</strong><br />(-20 for losing)
|l|☆FenixFyre04
|player|p1|
|l|☆DarkoneZ
|player|p2|
