|j|☆Yz99999
|j|☆leontief47
|t:|1760721773
|gametype|singles
|player|p1|Yz99999|2|1595
|player|p2|leontief47|clerk|1687
|gen|9
|tier|[Gen 9] OU
|rated|
|rule|HP Percentage Mod: HP is shown in percentages
|rule|Endless Battle Clause: Forcing endless battles is banned
|rule|Species Clause: Limit one of each Pokémon
|rule|OHKO Clause: OHKO moves are banned
|rule|Evasion Items Clause: Evasion items are banned
|rule|Evasion Moves Clause: Evasion moves are banned
|rule|Evasion Abilities Clause: Evasion abilities are banned
|rule|Sleep Moves Clause: Sleep-inducing moves are banned
|clearpoke
|poke|p1|Garganacl, F|
|poke|p1|Corviknight, F|
|poke|p1|Great Tusk|
|poke|p1|Scizor, F|
|poke|p1|Raging Bolt|
|poke|p1|Maushold|
|poke|p2|Rillaboom, F|
|poke|p2|Ogerpon-Cornerstone, F|
|poke|p2|Raging Bolt|
|poke|p2|Zamazenta-*|
|poke|p2|Hawlucha, F|
|poke|p2|Iron Treads|
|teampreview
|inactive|Battle timer is ON: inactive players will automatically lose when time's up. (requested by Yz99999)
|
|t:|1760721788
|teamsize|p1|6
|teamsize|p2|6
|start
|switch|p1a: Maushold|Maushold|100/100
|switch|p2a: Iron Treads|Iron Treads|100/100
|-enditem|p2a: Iron Treads|Booster Energy
|-activate|p2a: Iron Treads|ability: Quark Drive|[fromitem]
|-start|p2a: Iron Treads|quarkdrivespe
|turn|1
|
|t:|1760721792
|switch|p1a: Great Tusk|Great Tusk|100/100
|move|p2a: Iron Treads|Earth Power|p1a: Great Tusk
|-damage|p1a: Great Tusk|54/100
|-unboost|p1a: Great Tusk|spd|1
|
|upkeep
|turn|2
|
|t:|1760721794
|-end|p1a: Great Tusk|Protosynthesis|[silent]
|switch|p1a: Corviknight|Corviknight, F|100/100
|-ability|p1a: Corviknight|Pressure
|move|p2a: Iron Treads|Earth Power|p1a: Corviknight
|-immune|p1a: Corviknight
|
|upkeep
|turn|3
|
|t:|1760721796
|move|p2a: Iron Treads|Stealth Rock|p1a: Corviknight
|-sidestart|p1: Yz99999|move: Stealth Rock
|move|p1a: Corviknight|U-turn|p2a: Iron Treads
|-resisted|p2a: Iron Treads
|-damage|p2a: Iron Treads|95/100
|
|t:|1760721799
|switch|p1a: Great Tusk|Great Tusk|54/100|[from] U-turn
|
|upkeep
|turn|4
|
|t:|1760721801
|move|p2a: Iron Treads|Steel Beam|p1a: Great Tusk
|-damage|p1a: Great Tusk|0 fnt
|-damage|p2a: Iron Treads|44/100|[from] steelbeam
|faint|p1a: Great Tusk
|-end|p1a: Great Tusk|Protosynthesis|[silent]
|
|upkeep
|
|t:|1760721805
|switch|p1a: Scizor|Scizor, F|100/100
|-damage|p1a: Scizor|88/100|[from] Stealth Rock
|turn|5
|
|t:|1760721807
|move|p2a: Iron Treads|Earth Power|p1a: Scizor
|-damage|p1a: Scizor|49/100
|move|p1a: Scizor|U-turn|p2a: Iron Treads
|-resisted|p2a: Iron Treads
|-damage|p2a: Iron Treads|19/100
|
|t:|1760721811
|switch|p1a: Maushold|Maushold|100/100|[from] U-turn
|-damage|p1a: Maushold|88/100|[from] Stealth Rock
|
|upkeep
|turn|6
|
|t:|1760721813
|switch|p1a: Corviknight|Corviknight, F|100/100
|-damage|p1a: Corviknight|88/100|[from] Stealth Rock
|-ability|p1a: Corviknight|Pressure
|move|p2a: Iron Treads|Steel Beam|p1a: Corviknight|[miss]
|-miss|p2a: Iron Treads|p1a: Corviknight
|-damage|p2a: Iron Treads|0 fnt|[from] steelbeam
|faint|p2a: Iron Treads
|-end|p2a: Iron Treads|Quark Drive|[silent]
|
|upkeep
|
|t:|1760721816
|switch|p2a: Raging Bolt|Raging Bolt|100/100
|turn|7
|
|t:|1760721818
|switch|p1a: Scizor|Scizor, F|49/100
|-damage|p1a: Scizor|36/100|[from] Stealth Rock
|move|p2a: Raging Bolt|Thunderbolt|p1a: Scizor
|-damage|p1a: Scizor|0 fnt
|faint|p1a: Scizor
|
|upkeep
|
|t:|1760721821
|switch|p1a: Maushold|Maushold|88/100
|-damage|p1a: Maushold|76/100|[from] Stealth Rock
|turn|8
|
|t:|1760721824
|-terastallize|p1a: Maushold|Normal
|move|p1a: Maushold|Population Bomb|p2a: Raging Bolt
|-damage|p2a: Raging Bolt|88/100
|-damage|p2a: Raging Bolt|75/100
|-damage|p2a: Raging Bolt|64/100
|-damage|p2a: Raging Bolt|51/100
|-damage|p2a: Raging Bolt|39/100
|-damage|p2a: Raging Bolt|27/100
|-damage|p2a: Raging Bolt|15/100
|-damage|p2a: Raging Bolt|3/100
|-damage|p2a: Raging Bolt|0 fnt
|faint|p2a: Raging Bolt
|-end|p2a: Raging Bolt|Protosynthesis|[silent]
|-hitcount|p2: Raging Bolt|9
|
|upkeep
|
|t:|1760721827
|switch|p2a: Rillaboom|Rillaboom, F|100/100
|-fieldstart|move: Grassy Terrain|[from] ability: Grassy Surge|[of] p2a: Rillaboom
|turn|9
|
|t:|1760721830
|switch|p1a: Corviknight|Corviknight, F|88/100
|-damage|p1a: Corviknight|76/100|[from] Stealth Rock
|-ability|p1a: Corviknight|Pressure
|move|p2a: Rillaboom|Grassy Glide|p1a: Corviknight
|-resisted|p1a: Corviknight
|-damage|p1a: Corviknight|67/100
|-damage|p2a: Rillaboom|84/100|[from] item: Rocky Helmet|[of] p1a: Corviknight
|
|-heal|p2a: Rillaboom|90/100|[from] Grassy Terrain
|upkeep
|turn|10
|
|t:|1760721834
|move|p2a: Rillaboom|U-turn|p1a: Corviknight
|-resisted|p1a: Corviknight
|-damage|p1a: Corviknight|62/100
|-damage|p2a: Rillaboom|73/100|[from] item: Rocky Helmet|[of] p1a: Corviknight
|
|t:|1760721837
|switch|p2a: Ogerpon|Ogerpon-Cornerstone, F|100/100|[from] U-turn
|move|p1a: Corviknight|Defog|p2a: Ogerpon
|-unboost|p2a: Ogerpon|evasion|1
|-sideend|p1: Yz99999|Stealth Rock|[from] move: Defog|[of] p1a: Corviknight
|-fieldend|move: Grassy Terrain
|
|upkeep
|turn|11
|
|t:|1760721838
|move|p2a: Ogerpon|Swords Dance|p2a: Ogerpon
|-boost|p2a: Ogerpon|atk|2
|move|p1a: Corviknight|U-turn|p2a: Ogerpon
|-supereffective|p2a: Ogerpon
|-damage|p2a: Ogerpon|61/100
|
|t:|1760721840
|switch|p1a: Maushold|Maushold, tera:Normal|76/100|[from] U-turn
|
|upkeep
|turn|12
|j| roarcat
|
|t:|1760721846
|move|p1a: Maushold|Population Bomb|p2a: Ogerpon
|-resisted|p2a: Ogerpon
|-damage|p2a: Ogerpon|50/100
|-resisted|p2a: Ogerpon
|-damage|p2a: Ogerpon|40/100
|-resisted|p2a: Ogerpon
|-damage|p2a: Ogerpon|30/100
|-resisted|p2a: Ogerpon
|-damage|p2a: Ogerpon|21/100
|-resisted|p2a: Ogerpon
|-damage|p2a: Ogerpon|10/100
|-resisted|p2a: Ogerpon
|-damage|p2a: Ogerpon|0 fnt
|faint|p2a: Ogerpon
|-hitcount|p2: Ogerpon|6
|
|upkeep
|
|t:|1760721849
|switch|p2a: Zamazenta|Zamazenta|100/100
|-ability|p2a: Zamazenta|Dauntless Shield|boost
|-boost|p2a: Zamazenta|def|1
|turn|13
|
|t:|1760721856
|move|p2a: Zamazenta|Close Combat|p1a: Maushold
|-supereffective|p1a: Maushold
|-damage|p1a: Maushold|0 fnt
|-unboost|p2a: Zamazenta|def|1
|-unboost|p2a: Zamazenta|spd|1
|faint|p1a: Maushold
|-damage|p2a: Zamazenta|91/100|[from] item: Life Orb
|
|upkeep
|
|t:|1760721858
|switch|p1a: Raging Bolt|Raging Bolt|100/100
|turn|14
|
|t:|1760721863
|move|p2a: Zamazenta|Close Combat|p1a: Raging Bolt
|-damage|p1a: Raging Bolt|32/100
|-unboost|p2a: Zamazenta|def|1
|-unboost|p2a: Zamazenta|spd|1
|-damage|p2a: Zamazenta|81/100|[from] item: Life Orb
|move|p1a: Raging Bolt|Draco Meteor|p2a: Zamazenta|[miss]
|-miss|p1a: Raging Bolt|p2a: Zamazenta
|
|upkeep
|turn|15
|
|t:|1760721869
|switch|p2a: Rillaboom|Rillaboom, F|73/100
|-fieldstart|move: Grassy Terrain|[from] ability: Grassy Surge|[of] p2a: Rillaboom
|move|p1a: Raging Bolt|Draco Meteor|p2a: Rillaboom
|-damage|p2a: Rillaboom|0 fnt
|-unboost|p1a: Raging Bolt|spa|2
|faint|p2a: Rillaboom
|
|-heal|p1a: Raging Bolt|38/100|[from] Grassy Terrain
|upkeep
|
|t:|1760721873
|switch|p2a: Zamazenta|Zamazenta|81/100
|turn|16
|
|t:|1760721876
|-end|p1a: Raging Bolt|Protosynthesis|[silent]
|switch|p1a: Corviknight|Corviknight, F|62/100
|-ability|p1a: Corviknight|Pressure
|move|p2a: Zamazenta|Ice Fang|p1a: Corviknight
|-damage|p1a: Corviknight|39/100
|-damage|p2a: Zamazenta|64/100|[from] item: Rocky Helmet|[of] p1a: Corviknight
|-damage|p2a: Zamazenta|54/100|[from] item: Life Orb
|
|-heal|p2a: Zamazenta|60/100|[from] Grassy Terrain
|upkeep
|turn|17
|
|t:|1760721880
|move|p2a: Zamazenta|Close Combat|p1a: Corviknight
|-damage|p1a: Corviknight|0 fnt
|-unboost|p2a: Zamazenta|def|1
|-unboost|p2a: Zamazenta|spd|1
|-damage|p2a: Zamazenta|44/100|[from] item: Rocky Helmet|[of] p1a: Corviknight
|faint|p1a: Corviknight
|-damage|p2a: Zamazenta|34/100|[from] item: Life Orb
|
|-heal|p2a: Zamazenta|40/100|[from] Grassy Terrain
|upkeep
|
|t:|1760721882
|switch|p1a: Raging Bolt|Raging Bolt|38/100
|turn|18
|
|t:|1760721883
|move|p2a: Zamazenta|Close Combat|p1a: Raging Bolt
|-damage|p1a: Raging Bolt|0 fnt
|-unboost|p2a: Zamazenta|def|1
|-unboost|p2a: Zamazenta|spd|1
|faint|p1a: Raging Bolt
|-end|p1a: Raging Bolt|Protosynthesis|[silent]
|-damage|p2a: Zamazenta|30/100|[from] item: Life Orb
|
|-heal|p2a: Zamazenta|36/100|[from] Grassy Terrain
|upkeep
|-message|Yz99999 forfeited.
|
|win|leontief47
|raw|Yz99999's rating: 1595 &rarr; <strong>1580</strong><br />(-15 for losing)
|raw|leontief47's rating: 1687 &rarr; <strong>1702</strong><br />(+15 for winning)
|l|☆Yz99999
|player|p1|
