|j|☆Fitis3
|j|☆idkbroitsucks
|t:|1760783421
|gametype|singles
|player|p1|Fitis3|169|1169
|player|p2|idkbroitsucks|265|1170
|gen|9
|tier|[Gen 9] OU
|rated|
|rule|HP Percentage Mod: HP is shown in percentages
|rule|Endless Battle Clause: Forcing endless battles is banned
|rule|Species Clause: Limit one of each Pokémon
|rule|OHKO Clause: OHKO moves are banned
|rule|Evasion Items Clause: Evasion items are banned
|rule|Evasion Moves Clause: Evasion moves are banned
|rule|Evasion Abilities Clause: Evasion abilities are banned
|rule|Sleep Moves Clause: Sleep-inducing moves are banned
|clearpoke
|poke|p1|Gliscor, M|
|poke|p1|Iron Valiant|
|poke|p1|Hatterene, F|
|poke|p1|Clodsire, M|
|poke|p1|Tyranitar, F|
|poke|p1|Typhlosion-Hisui, M|
|poke|p2|Weavile, M|
|poke|p2|Clefable, F|
|poke|p2|Gastrodon-East, M|
|poke|p2|Serperior, M|
|poke|p2|Dragonite, F|
|poke|p2|Quagsire, M|
|teampreview
|inactive|Battle timer is ON: inactive players will automatically lose when time's up. (requested by Fitis3)
|
|t:|1760783444
|teamsize|p1|6
|teamsize|p2|6
|start
|switch|p1a: Hatterene|Hatterene, F|100/100
|switch|p2a: Quagsire|Quagsire, M|100/100
|turn|1
|
|t:|1760783453
|move|p2a: Quagsire|Toxic|p1a: Hatterene
|move|p1a: Hatterene|Toxic|p2a: Quagsire|[from] ability: Magic Bounce
|-status|p2a: Quagsire|tox
|move|p1a: Hatterene|Draining Kiss|p2a: Quagsire
|-damage|p2a: Quagsire|73/100 tox
|
|-heal|p2a: Quagsire|79/100 tox|[from] item: Leftovers
|-damage|p2a: Quagsire|73/100 tox|[from] psn
|upkeep
|turn|2
|
|t:|1760783470
|switch|p2a: Serperior|Serperior, M|100/100
|move|p1a: Hatterene|Mystical Fire|p2a: Serperior
|-supereffective|p2a: Serperior
|-damage|p2a: Serperior|46/100
|-boost|p2a: Serperior|spa|1
|
|upkeep
|turn|3
|
|t:|1760783477
|move|p2a: Serperior|Leaf Storm|p1a: Hatterene
|-damage|p1a: Hatterene|7/100
|-boost|p2a: Serperior|spa|2
|-damage|p2a: Serperior|36/100|[from] item: Life Orb
|move|p1a: Hatterene|Draining Kiss|p2a: Serperior
|-damage|p2a: Serperior|11/100
|-heal|p1a: Hatterene|25/100|[from] drain|[of] p2a: Serperior
|
|-heal|p1a: Hatterene|31/100|[from] item: Leftovers
|upkeep
|turn|4
|
|t:|1760783489
|move|p2a: Serperior|Leaf Storm|p1a: Hatterene
|-damage|p1a: Hatterene|0 fnt
|-boost|p2a: Serperior|spa|2
|faint|p1a: Hatterene
|-damage|p2a: Serperior|1/100|[from] item: Life Orb
|
|upkeep
|
|t:|1760783494
|switch|p1a: Iron Valiant|Iron Valiant|100/100
|turn|5
|
|t:|1760783501
|move|p1a: Iron Valiant|Moonblast|p2a: Serperior
|-damage|p2a: Serperior|0 fnt
|faint|p2a: Serperior
|
|upkeep
|
|t:|1760783508
|switch|p2a: Quagsire|Quagsire, M|73/100 tox
|turn|6
|
|t:|1760783517
|-end|p1a: Iron Valiant|Quark Drive|[silent]
|switch|p1a: Clodsire|Clodsire, M|100/100
|move|p2a: Quagsire|Toxic|p1a: Clodsire
|-immune|p1a: Clodsire
|
|-heal|p2a: Quagsire|79/100 tox|[from] item: Leftovers
|-damage|p2a: Quagsire|73/100 tox|[from] psn
|upkeep
|turn|7
|
|t:|1760783526
|move|p2a: Quagsire|Stealth Rock|p1a: Clodsire
|-sidestart|p1: Fitis3|move: Stealth Rock
|move|p1a: Clodsire|Earthquake|p2a: Quagsire
|-damage|p2a: Quagsire|54/100 tox
|
|-heal|p2a: Quagsire|60/100 tox|[from] item: Leftovers
|-damage|p2a: Quagsire|48/100 tox|[from] psn
|upkeep
|turn|8
|
|t:|1760783551
|switch|p2a: Dragonite|Dragonite, F|100/100
|move|p1a: Clodsire|Earthquake|p2a: Dragonite
|-immune|p2a: Dragonite
|
|upkeep
|turn|9
|
|t:|1760783560
|move|p2a: Dragonite|Dragon Dance|p2a: Dragonite
|-boost|p2a: Dragonite|atk|1
|-boost|p2a: Dragonite|spe|1
|move|p1a: Clodsire|Toxic|p2a: Dragonite
|-status|p2a: Dragonite|tox
|
|-damage|p2a: Dragonite|94/100 tox|[from] psn
|upkeep
|turn|10
|
|t:|1760783584
|move|p2a: Dragonite|Dragon Dance|p2a: Dragonite
|-boost|p2a: Dragonite|atk|1
|-boost|p2a: Dragonite|spe|1
|move|p1a: Clodsire|Haze|p1a: Clodsire
|-clearallboost
|
|-heal|p2a: Dragonite|100/100 tox|[from] item: Leftovers
|-damage|p2a: Dragonite|88/100 tox|[from] psn
|upkeep
|turn|11
|
|t:|1760783593
|move|p2a: Dragonite|Earthquake|p1a: Clodsire
|-supereffective|p1a: Clodsire
|-damage|p1a: Clodsire|16/100
|move|p1a: Clodsire|Haze|p1a: Clodsire
|-clearallboost
|
|-heal|p2a: Dragonite|94/100 tox|[from] item: Leftovers
|-heal|p1a: Clodsire|23/100|[from] item: Leftovers
|-damage|p2a: Dragonite|76/100 tox|[from] psn
|upkeep
|turn|12
|
|t:|1760783601
|switch|p1a: Gliscor|Gliscor, M|100/100
|-damage|p1a: Gliscor|88/100|[from] Stealth Rock
|move|p2a: Dragonite|Earthquake|p1a: Gliscor
|-immune|p1a: Gliscor
|
|-heal|p2a: Dragonite|82/100 tox|[from] item: Leftovers
|-damage|p2a: Dragonite|57/100 tox|[from] psn
|-status|p1a: Gliscor|tox|[from] item: Toxic Orb
|upkeep
|turn|13
|
|t:|1760783615
|switch|p2a: Clefable|Clefable, F|100/100
|move|p1a: Gliscor|Agility|p1a: Gliscor
|-boost|p1a: Gliscor|spe|2
|
|-heal|p1a: Gliscor|100/100 tox|[from] ability: Poison Heal
|upkeep
|turn|14
|inactive|Fitis3 has 120 seconds left.
|
|t:|1760783659
|move|p1a: Gliscor|Swords Dance|p1a: Gliscor
|-boost|p1a: Gliscor|atk|2
|move|p2a: Clefable|Cosmic Power|p2a: Clefable
|-boost|p2a: Clefable|def|1
|-boost|p2a: Clefable|spd|1
|
|upkeep
|turn|15
|inactive|idkbroitsucks has 120 seconds left.
|
|t:|1760783692
|move|p1a: Gliscor|Facade|p2a: Clefable
|-damage|p2a: Clefable|56/100
|move|p2a: Clefable|Cosmic Power|p2a: Clefable
|-boost|p2a: Clefable|def|1
|-boost|p2a: Clefable|spd|1
|
|-heal|p2a: Clefable|62/100|[from] item: Leftovers
|upkeep
|turn|16
|
|t:|1760783701
|move|p1a: Gliscor|Swords Dance|p1a: Gliscor
|-boost|p1a: Gliscor|atk|2
|move|p2a: Clefable|Moonlight|p2a: Clefable
|-heal|p2a: Clefable|100/100
|
|upkeep
|turn|17
|
|t:|1760783706
|-terastallize|p1a: Gliscor|Normal
|move|p1a: Gliscor|Facade|p2a: Clefable
|-damage|p2a: Clefable|21/100
|move|p2a: Clefable|Cosmic Power|p2a: Clefable
|-boost|p2a: Clefable|def|1
|-boost|p2a: Clefable|spd|1
|
|-heal|p2a: Clefable|27/100|[from] item: Leftovers
|upkeep
|turn|18
|
|t:|1760783716
|move|p1a: Gliscor|Facade|p2a: Clefable
|-damage|p2a: Clefable|0 fnt
|faint|p2a: Clefable
|
|upkeep
|
|t:|1760783720
|switch|p2a: Quagsire|Quagsire, M|48/100 tox
|turn|19
|
|t:|1760783727
|move|p1a: Gliscor|Facade|p2a: Quagsire
|-damage|p2a: Quagsire|5/100 tox
|move|p2a: Quagsire|Body Press|p1a: Gliscor
|-supereffective|p1a: Gliscor
|-damage|p1a: Gliscor|59/100 tox
|
|-heal|p2a: Quagsire|11/100 tox|[from] item: Leftovers
|-heal|p1a: Gliscor|71/100 tox|[from] ability: Poison Heal
|-damage|p2a: Quagsire|5/100 tox|[from] psn
|upkeep
|turn|20
|
|t:|1760783737
|move|p1a: Gliscor|Facade|p2a: Quagsire
|-damage|p2a: Quagsire|0 fnt
|faint|p2a: Quagsire
|
|-heal|p1a: Gliscor|83/100 tox|[from] ability: Poison Heal
|upkeep
|
|t:|1760783743
|switch|p2a: Gastrodon|Gastrodon-East, M|100/100
|turn|21
|-message|idkbroitsucks forfeited.
|
|win|Fitis3
|raw|Fitis3's rating: 1169 &rarr; <strong>1194</strong><br />(+25 for winning)
|raw|idkbroitsucks's rating: 1170 &rarr; <strong>1145</strong><br />(-25 for losing)
|l|☆idkbroitsucks
|player|p2|
|l|☆Fitis3
|player|p1|
