|j|☆sminey
|j|☆michaelgoalise
|t:|1760769003
|gametype|singles
|player|p1|sminey|palmer|1592
|player|p2|michaelgoalise|2|1589
|gen|9
|tier|[Gen 9] OU
|rated|
|rule|HP Percentage Mod: HP is shown in percentages
|rule|Endless Battle Clause: Forcing endless battles is banned
|rule|Species Clause: Limit one of each Pokémon
|rule|OHKO Clause: OHKO moves are banned
|rule|Evasion Items Clause: Evasion items are banned
|rule|Evasion Moves Clause: Evasion moves are banned
|rule|Evasion Abilities Clause: Evasion abilities are banned
|rule|Sleep Moves Clause: Sleep-inducing moves are banned
|clearpoke
|poke|p1|Cinderace, F|
|poke|p1|Zapdos|
|poke|p1|Latios, M|
|poke|p1|Weavile, F|
|poke|p1|Clefable, M|
|poke|p1|Slowking-Galar, M|
|poke|p2|Tyranitar, F|
|poke|p2|Excadrill, F|
|poke|p2|Iron Valiant|
|poke|p2|Palossand, M|
|poke|p2|Corviknight, M|
|poke|p2|Ogerpon-Wellspring, F|
|teampreview
|inactive|Battle timer is ON: inactive players will automatically lose when time's up. (requested by michaelgoalise)
|inactive|michaelgoalise has 120 seconds left.
|
|t:|1760769047
|teamsize|p1|6
|teamsize|p2|6
|start
|switch|p1a: Cinderace|Cinderace, F|100/100
|switch|p2a: Corviknight|Corviknight, M|100/100
|-ability|p2a: Corviknight|Pressure
|turn|1
|
|t:|1760769055
|switch|p2a: Palossand|Palossand, M|100/100
|move|p1a: Cinderace|Pyro Ball|p2a: Palossand
|-damage|p2a: Palossand|62/100
|
|upkeep
|turn|2
|
|t:|1760769073
|move|p1a: Cinderace|Pyro Ball|p2a: Palossand
|-damage|p2a: Palossand|25/100
|move|p2a: Palossand|Stealth Rock|p1a: Cinderace
|-sidestart|p1: sminey|move: Stealth Rock
|
|upkeep
|turn|3
|
|t:|1760769079
|switch|p2a: Tyranitar|Tyranitar, F|100/100
|-weather|Sandstorm|[from] ability: Sand Stream|[of] p2a: Tyranitar
|move|p1a: Cinderace|Pyro Ball|p2a: Tyranitar
|-resisted|p2a: Tyranitar
|-damage|p2a: Tyranitar|78/100
|-status|p2a: Tyranitar|brn
|
|-weather|Sandstorm|[upkeep]
|-damage|p1a: Cinderace|95/100|[from] Sandstorm
|-heal|p2a: Tyranitar|84/100 brn|[from] item: Leftovers
|-damage|p2a: Tyranitar|78/100 brn|[from] brn
|upkeep
|turn|4
|
|t:|1760769102
|switch|p2a: Excadrill|Excadrill, F|100/100
|move|p1a: Cinderace|U-turn|p2a: Excadrill
|-start|p1a: Cinderace|typechange|Bug|[from] ability: Libero
|-resisted|p2a: Excadrill
|-damage|p2a: Excadrill|78/100
|
|t:|1760769128
|switch|p1a: Zapdos|Zapdos|100/100|[from] U-turn
|
|-weather|Sandstorm|[upkeep]
|-damage|p1a: Zapdos|94/100|[from] Sandstorm
|upkeep
|turn|5
|
|t:|1760769143
|switch|p2a: Tyranitar|Tyranitar, F|78/100 brn
|move|p1a: Zapdos|Hurricane|p2a: Tyranitar
|-resisted|p2a: Tyranitar
|-damage|p2a: Tyranitar|68/100 brn
|
|-weather|Sandstorm|[upkeep]
|-damage|p1a: Zapdos|88/100|[from] Sandstorm
|-heal|p2a: Tyranitar|74/100 brn|[from] item: Leftovers
|-damage|p2a: Tyranitar|68/100 brn|[from] brn
|upkeep
|turn|6
|
|t:|1760769149
|move|p1a: Zapdos|Volt Switch|p2a: Tyranitar
|-damage|p2a: Tyranitar|55/100 brn
|
|t:|1760769152
|switch|p1a: Clefable|Clefable, M|100/100|[from] Volt Switch
|move|p2a: Tyranitar|Knock Off|p1a: Clefable
|-resisted|p1a: Clefable
|-damage|p1a: Clefable|92/100
|-enditem|p1a: Clefable|Heavy-Duty Boots|[from] move: Knock Off|[of] p2a: Tyranitar
|
|-weather|Sandstorm|[upkeep]
|-damage|p1a: Clefable|86/100|[from] Sandstorm
|-heal|p2a: Tyranitar|61/100 brn|[from] item: Leftovers
|-damage|p2a: Tyranitar|55/100 brn|[from] brn
|upkeep
|turn|7
|
|t:|1760769171
|switch|p2a: Excadrill|Excadrill, F|78/100
|move|p1a: Clefable|Knock Off|p2a: Excadrill
|-damage|p2a: Excadrill|55/100
|-enditem|p2a: Excadrill|Choice Band|[from] move: Knock Off|[of] p1a: Clefable
|
|-weather|none
|upkeep
|turn|8
|
|t:|1760769185
|switch|p2a: Tyranitar|Tyranitar, F|55/100 brn
|-weather|Sandstorm|[from] ability: Sand Stream|[of] p2a: Tyranitar
|switch|p1a: Zapdos|Zapdos|88/100
|
|-weather|Sandstorm|[upkeep]
|-damage|p1a: Zapdos|82/100|[from] Sandstorm
|-heal|p2a: Tyranitar|61/100 brn|[from] item: Leftovers
|-damage|p2a: Tyranitar|55/100 brn|[from] brn
|upkeep
|turn|9
|
|t:|1760769192
|move|p1a: Zapdos|Volt Switch|p2a: Tyranitar
|-damage|p2a: Tyranitar|42/100 brn
|
|t:|1760769196
|switch|p1a: Clefable|Clefable, M|86/100|[from] Volt Switch
|-damage|p1a: Clefable|73/100|[from] Stealth Rock
|move|p2a: Tyranitar|Ice Beam|p1a: Clefable
|-damage|p1a: Clefable|53/100
|
|-weather|Sandstorm|[upkeep]
|-damage|p1a: Clefable|47/100|[from] Sandstorm
|-heal|p2a: Tyranitar|48/100 brn|[from] item: Leftovers
|-damage|p2a: Tyranitar|42/100 brn|[from] brn
|upkeep
|turn|10
|
|t:|1760769209
|move|p1a: Clefable|Moonblast|p2a: Tyranitar
|-supereffective|p2a: Tyranitar
|-damage|p2a: Tyranitar|17/100 brn
|-unboost|p2a: Tyranitar|spa|1
|move|p2a: Tyranitar|Thunder Wave|p1a: Clefable
|-status|p1a: Clefable|par
|
|-weather|Sandstorm|[upkeep]
|-damage|p1a: Clefable|41/100 par|[from] Sandstorm
|-heal|p2a: Tyranitar|23/100 brn|[from] item: Leftovers
|-damage|p2a: Tyranitar|17/100 brn|[from] brn
|upkeep
|turn|11
|
|t:|1760769225
|switch|p2a: Excadrill|Excadrill, F|55/100
|move|p1a: Clefable|Moonblast|p2a: Excadrill
|-resisted|p2a: Excadrill
|-damage|p2a: Excadrill|33/100
|-unboost|p2a: Excadrill|spa|1
|
|-weather|Sandstorm|[upkeep]
|-damage|p1a: Clefable|35/100 par|[from] Sandstorm
|upkeep
|turn|12
|inactive|michaelgoalise has 120 seconds left.
|
|t:|1760769265
|switch|p1a: Zapdos|Zapdos|82/100
|-terastallize|p2a: Excadrill|Ice
|move|p2a: Excadrill|Tera Blast|p1a: Zapdos|[anim] Tera Blast Ice
|-supereffective|p1a: Zapdos
|-damage|p1a: Zapdos|21/100
|
|-weather|none
|upkeep
|turn|13
|inactive|michaelgoalise has 120 seconds left.
|
|t:|1760769285
|move|p2a: Excadrill|Tera Blast|p1a: Zapdos|[anim] Tera Blast Ice
|-supereffective|p1a: Zapdos
|-damage|p1a: Zapdos|0 fnt
|faint|p1a: Zapdos
|
|upkeep
|
|t:|1760769286
|switch|p1a: Cinderace|Cinderace, F|95/100
|turn|14
|inactive|michaelgoalise has 120 seconds left.
|
|t:|1760769306
|switch|p2a: Ogerpon|Ogerpon-Wellspring, F|100/100
|move|p1a: Cinderace|Pyro Ball|p2a: Ogerpon
|-damage|p2a: Ogerpon|26/100
|
|upkeep
|turn|15
|
|t:|1760769314
|move|p1a: Cinderace|Pyro Ball|p2a: Ogerpon
|-damage|p2a: Ogerpon|0 fnt
|faint|p2a: Ogerpon
|
|upkeep
|
|t:|1760769318
|switch|p2a: Tyranitar|Tyranitar, F|17/100 brn
|-weather|Sandstorm|[from] ability: Sand Stream|[of] p2a: Tyranitar
|turn|16
|inactive|michaelgoalise has 120 seconds left.
|
|t:|1760769336
|switch|p2a: Excadrill|Excadrill, F, tera:Ice|33/100
|move|p1a: Cinderace|U-turn|p2a: Excadrill
|-start|p1a: Cinderace|typechange|Bug|[from] ability: Libero
|-damage|p2a: Excadrill|0 fnt
|faint|p2a: Excadrill
|
|t:|1760769348
|switch|p1a: Latios|Latios, M|100/100|[from] U-turn
|-damage|p1a: Latios|88/100|[from] Stealth Rock
|
|-weather|Sandstorm|[upkeep]
|-damage|p1a: Latios|82/100|[from] Sandstorm
|upkeep
|inactive|michaelgoalise has 120 seconds left.
|
|t:|1760769362
|switch|p2a: Iron Valiant|Iron Valiant|100/100
|-enditem|p2a: Iron Valiant|Booster Energy
|-activate|p2a: Iron Valiant|ability: Quark Drive|[fromitem]
|-start|p2a: Iron Valiant|quarkdrivespe
|turn|17
|inactive|michaelgoalise has 120 seconds left.
|
|t:|1760769371
|switch|p1a: Slowking|Slowking-Galar, M|100/100
|-damage|p1a: Slowking|88/100|[from] Stealth Rock
|move|p2a: Iron Valiant|Moonblast|p1a: Slowking
|-resisted|p1a: Slowking
|-damage|p1a: Slowking|79/100
|
|-weather|Sandstorm|[upkeep]
|-damage|p2a: Iron Valiant|94/100|[from] Sandstorm
|-damage|p1a: Slowking|73/100|[from] Sandstorm
|upkeep
|turn|18
|
|t:|1760769376
|-end|p2a: Iron Valiant|Quark Drive|[silent]
|switch|p2a: Tyranitar|Tyranitar, F|17/100 brn
|move|p1a: Slowking|Sludge Bomb|p2a: Tyranitar
|-resisted|p2a: Tyranitar
|-damage|p2a: Tyranitar|9/100 brn
|
|-weather|Sandstorm|[upkeep]
|-damage|p1a: Slowking|66/100|[from] Sandstorm
|-heal|p2a: Tyranitar|15/100 brn|[from] item: Leftovers
|-damage|p2a: Tyranitar|9/100 brn|[from] brn
|upkeep
|turn|19
|
|t:|1760769385
|switch|p1a: Clefable|Clefable, M|35/100 par
|-damage|p1a: Clefable|22/100 par|[from] Stealth Rock
|move|p2a: Tyranitar|Stone Edge|p1a: Clefable
|-crit|p1a: Clefable
|-damage|p1a: Clefable|0 fnt
|faint|p1a: Clefable
|
|-weather|Sandstorm|[upkeep]
|-heal|p2a: Tyranitar|15/100 brn|[from] item: Leftovers
|-damage|p2a: Tyranitar|9/100 brn|[from] brn
|upkeep
|
|t:|1760769392
|switch|p1a: Cinderace|Cinderace, F|95/100
|turn|20
|
|t:|1760769396
|switch|p2a: Palossand|Palossand, M|25/100
|move|p1a: Cinderace|Pyro Ball|p2a: Palossand
|-damage|p2a: Palossand|0 fnt
|faint|p2a: Palossand
|
|-weather|none
|upkeep
|
|t:|1760769406
|switch|p2a: Corviknight|Corviknight, M|100/100
|-ability|p2a: Corviknight|Pressure
|turn|21
|
|t:|1760769411
|-terastallize|p1a: Cinderace|Fire
|move|p1a: Cinderace|Pyro Ball|p2a: Corviknight
|-supereffective|p2a: Corviknight
|-crit|p2a: Corviknight
|-damage|p2a: Corviknight|0 fnt
|faint|p2a: Corviknight
|
|upkeep
|-message|michaelgoalise forfeited.
|
|win|sminey
|raw|sminey's rating: 1592 &rarr; <strong>1612</strong><br />(+20 for winning)
|raw|michaelgoalise's rating: 1589 &rarr; <strong>1569</strong><br />(-20 for losing)
|l|☆michaelgoalise
|player|p2|
|l|☆sminey
|player|p1|
