|j|☆kekeknndao
|j|☆rawbraines
|t:|1760808012
|gametype|singles
|player|p1|kekeknndao|169|1288
|player|p2|rawbraines|smasher|1242
|gen|9
|tier|[Gen 9] OU
|rated|
|rule|HP Percentage Mod: HP is shown in percentages
|rule|Endless Battle Clause: Forcing endless battles is banned
|rule|Species Clause: Limit one of each Pokémon
|rule|OHKO Clause: OHKO moves are banned
|rule|Evasion Items Clause: Evasion items are banned
|rule|Evasion Moves Clause: Evasion moves are banned
|rule|Evasion Abilities Clause: Evasion abilities are banned
|rule|Sleep Moves Clause: Sleep-inducing moves are banned
|clearpoke
|poke|p1|Ursaluna, M|
|poke|p1|Cresselia, F|
|poke|p1|Iron Valiant|
|poke|p1|Hatterene, F|
|poke|p1|Keldeo-Resolute|
|poke|p1|Ogerpon, F|
|poke|p2|Weezing, M|
|poke|p2|Latias, F|
|poke|p2|Meowscarada, F|
|poke|p2|Suicune|
|poke|p2|Avalugg-Hisui, F|
|poke|p2|Arcanine, F|
|teampreview
|
|t:|1760808023
|teamsize|p1|6
|teamsize|p2|6
|start
|switch|p1a: Keldeo|Keldeo-Resolute|100/100
|switch|p2a: Avalugg|Avalugg-Hisui, F|100/100
|turn|1
|inactive|Battle timer is ON: inactive players will automatically lose when time's up. (requested by kekeknndao)
|
|t:|1760808034
|-terastallize|p2a: Avalugg|Fairy
|move|p1a: Keldeo|Secret Sword|p2a: Avalugg
|-resisted|p2a: Avalugg
|-damage|p2a: Avalugg|87/100
|move|p2a: Avalugg|Stealth Rock|p1a: Keldeo
|-sidestart|p1: kekeknndao|move: Stealth Rock
|
|upkeep
|turn|2
|
|t:|1760808052
|switch|p1a: Cresselia|Cresselia, F, shiny|100/100
|-damage|p1a: Cresselia|88/100|[from] Stealth Rock
|switch|p2a: Suicune|Suicune|100/100
|-ability|p2a: Suicune|Pressure
|
|upkeep
|turn|3
|
|t:|1760808062
|move|p2a: Suicune|Calm Mind|p2a: Suicune
|-boost|p2a: Suicune|spa|1
|-boost|p2a: Suicune|spd|1
|move|p1a: Cresselia|Trick Room|p1a: Cresselia
|-fieldstart|move: Trick Room|[of] p1a: Cresselia
|
|upkeep
|turn|4
|
|t:|1760808067
|move|p1a: Cresselia|Psychic|p2a: Suicune
|-damage|p2a: Suicune|91/100
|move|p2a: Suicune|Calm Mind|p2a: Suicune
|-boost|p2a: Suicune|spa|1
|-boost|p2a: Suicune|spd|1
|
|-heal|p2a: Suicune|97/100|[from] item: Leftovers
|upkeep
|turn|5
|
|t:|1760808079
|switch|p1a: Ursaluna|Ursaluna, M, shiny|100/100
|-damage|p1a: Ursaluna|94/100|[from] Stealth Rock
|move|p2a: Suicune|Ice Beam|p1a: Ursaluna
|-supereffective|p1a: Ursaluna
|-damage|p1a: Ursaluna|29/100
|
|-heal|p2a: Suicune|100/100|[from] item: Leftovers
|-status|p1a: Ursaluna|brn|[from] item: Flame Orb
|upkeep
|turn|6
|
|t:|1760808090
|-terastallize|p1a: Ursaluna|Normal
|move|p2a: Suicune|Protect|p2a: Suicune
|-singleturn|p2a: Suicune|Protect
|move|p1a: Ursaluna|Facade|p2a: Suicune
|-activate|p2a: Suicune|move: Protect
|
|-damage|p1a: Ursaluna|23/100 brn|[from] brn
|upkeep
|turn|7
|
|t:|1760808119
|switch|p2a: Avalugg|Avalugg-Hisui, F, tera:Fairy|87/100
|move|p1a: Ursaluna|Facade|p2a: Avalugg
|-damage|p2a: Avalugg|24/100
|
|-damage|p1a: Ursaluna|17/100 brn|[from] brn
|-fieldend|move: Trick Room
|upkeep
|turn|8
|
|t:|1760808137
|switch|p1a: Hatterene|Hatterene, F, shiny|100/100
|-damage|p1a: Hatterene|88/100|[from] Stealth Rock
|move|p2a: Avalugg|Recover|p2a: Avalugg
|-heal|p2a: Avalugg|74/100
|
|upkeep
|turn|9
|
|t:|1760808145
|switch|p2a: Suicune|Suicune|100/100
|-ability|p2a: Suicune|Pressure
|move|p1a: Hatterene|Psychic Noise|p2a: Suicune
|-damage|p2a: Suicune|75/100
|-start|p2a: Suicune|move: Heal Block
|
|upkeep
|turn|10
|
|t:|1760808155
|move|p2a: Suicune|Ice Beam|p1a: Hatterene
|-damage|p1a: Hatterene|69/100
|move|p1a: Hatterene|Trick Room|p1a: Hatterene
|-fieldstart|move: Trick Room|[of] p1a: Hatterene
|
|-end|p2a: Suicune|move: Heal Block
|upkeep
|turn|11
|
|t:|1760808162
|switch|p1a: Ursaluna|Ursaluna, M, shiny, tera:Normal|17/100 brn
|-damage|p1a: Ursaluna|5/100 brn|[from] Stealth Rock
|move|p2a: Suicune|Shadow Ball|p1a: Ursaluna
|-immune|p1a: Ursaluna
|
|-heal|p2a: Suicune|81/100|[from] item: Leftovers
|-damage|p1a: Ursaluna|0 fnt|[from] brn
|faint|p1a: Ursaluna
|upkeep
|
|t:|1760808179
|switch|p1a: Ogerpon|Ogerpon, F|100/100
|-damage|p1a: Ogerpon|88/100|[from] Stealth Rock
|turn|12
|
|t:|1760808196
|move|p2a: Suicune|Ice Beam|p1a: Ogerpon
|-supereffective|p1a: Ogerpon
|-damage|p1a: Ogerpon|46/100
|move|p1a: Ogerpon|Ivy Cudgel|p2a: Suicune
|-supereffective|p2a: Suicune
|-crit|p2a: Suicune
|-damage|p2a: Suicune|0 fnt
|faint|p2a: Suicune
|
|upkeep
|
|t:|1760808208
|switch|p2a: Weezing|Weezing, M|100/100
|turn|13
|
|t:|1760808212
|switch|p1a: Hatterene|Hatterene, F, shiny|69/100
|-damage|p1a: Hatterene|57/100|[from] Stealth Rock
|move|p2a: Weezing|Sludge Bomb|p1a: Hatterene
|-supereffective|p1a: Hatterene
|-damage|p1a: Hatterene|0 fnt
|faint|p1a: Hatterene
|
|upkeep
|
|t:|1760808221
|switch|p1a: Cresselia|Cresselia, F, shiny|88/100
|-damage|p1a: Cresselia|76/100|[from] Stealth Rock
|turn|14
|
|t:|1760808227
|move|p2a: Weezing|Toxic|p1a: Cresselia
|-status|p1a: Cresselia|tox
|move|p1a: Cresselia|Psychic|p2a: Weezing
|-supereffective|p2a: Weezing
|-crit|p2a: Weezing
|-damage|p2a: Weezing|1/100
|
|-damage|p1a: Cresselia|70/100 tox|[from] psn
|-fieldend|move: Trick Room
|upkeep
|turn|15
|
|t:|1760808238
|switch|p2a: Latias|Latias, F|100/100
|move|p1a: Cresselia|Ice Beam|p2a: Latias
|-supereffective|p2a: Latias
|-damage|p2a: Latias|69/100
|
|-damage|p1a: Cresselia|57/100 tox|[from] psn
|upkeep
|turn|16
|
|t:|1760808249
|move|p2a: Latias|Light Screen|p2a: Latias
|-sidestart|p2: rawbraines|move: Light Screen
|move|p1a: Cresselia|Psychic|p2a: Latias
|-resisted|p2a: Latias
|-damage|p2a: Latias|64/100
|
|-damage|p1a: Cresselia|39/100 tox|[from] psn
|upkeep
|turn|17
|
|t:|1760808257
|move|p2a: Latias|Reflect|p2a: Latias
|-sidestart|p2: rawbraines|Reflect
|move|p1a: Cresselia|Ice Beam|p2a: Latias
|-supereffective|p2a: Latias
|-damage|p2a: Latias|49/100
|
|-damage|p1a: Cresselia|15/100 tox|[from] psn
|upkeep
|turn|18
|
|t:|1760808264
|move|p2a: Latias|Recover|p2a: Latias
|-heal|p2a: Latias|99/100
|move|p1a: Cresselia|Ice Beam|p2a: Latias
|-supereffective|p2a: Latias
|-damage|p2a: Latias|84/100
|-status|p2a: Latias|frz
|
|-damage|p1a: Cresselia|0 fnt|[from] psn
|faint|p1a: Cresselia
|upkeep
|
|t:|1760808282
|switch|p1a: Iron Valiant|Iron Valiant|100/100
|-damage|p1a: Iron Valiant|94/100|[from] Stealth Rock
|-enditem|p1a: Iron Valiant|Booster Energy
|-activate|p1a: Iron Valiant|ability: Quark Drive|[fromitem]
|-start|p1a: Iron Valiant|quarkdrivespe
|turn|19
|
|t:|1760808296
|move|p1a: Iron Valiant|Moonblast|p2a: Latias
|-supereffective|p2a: Latias
|-damage|p2a: Latias|42/100 frz
|cant|p2a: Latias|frz
|
|upkeep
|turn|20
|
|t:|1760808302
|move|p1a: Iron Valiant|Moonblast|p2a: Latias
|-supereffective|p2a: Latias
|-damage|p2a: Latias|0 fnt
|faint|p2a: Latias
|
|upkeep
|
|t:|1760808311
|switch|p2a: Meowscarada|Meowscarada, F|100/100
|turn|21
|
|t:|1760808317
|move|p1a: Iron Valiant|Moonblast|p2a: Meowscarada
|-supereffective|p2a: Meowscarada
|-damage|p2a: Meowscarada|30/100
|-unboost|p2a: Meowscarada|spa|1
|move|p2a: Meowscarada|Flower Trick|p1a: Iron Valiant
|-start|p2a: Meowscarada|typechange|Grass|[from] ability: Protean
|-crit|p1a: Iron Valiant
|-damage|p1a: Iron Valiant|29/100
|
|upkeep
|turn|22
|
|t:|1760808332
|switch|p2a: Weezing|Weezing, M|1/100
|move|p1a: Iron Valiant|Moonblast|p2a: Weezing
|-resisted|p2a: Weezing
|-damage|p2a: Weezing|0 fnt
|faint|p2a: Weezing
|
|upkeep
|
|t:|1760808335
|switch|p2a: Arcanine|Arcanine, F|100/100
|-ability|p2a: Arcanine|Intimidate|boost
|-unboost|p1a: Iron Valiant|atk|1
|turn|23
|
|t:|1760808349
|move|p2a: Arcanine|Extreme Speed|p1a: Iron Valiant
|-damage|p1a: Iron Valiant|0 fnt
|faint|p1a: Iron Valiant
|-end|p1a: Iron Valiant|Quark Drive|[silent]
|
|-sideend|p2: rawbraines|move: Light Screen
|upkeep
|
|t:|1760808360
|switch|p1a: Keldeo|Keldeo-Resolute|100/100
|-damage|p1a: Keldeo|94/100|[from] Stealth Rock
|turn|24
|
|t:|1760808377
|switch|p2a: Avalugg|Avalugg-Hisui, F, tera:Fairy|74/100
|move|p1a: Keldeo|Surf|p2a: Avalugg
|-damage|p2a: Avalugg|0 fnt
|faint|p2a: Avalugg
|
|-sideend|p2: rawbraines|Reflect
|upkeep
|
|t:|1760808382
|switch|p2a: Meowscarada|Meowscarada, F|30/100
|turn|25
|
|t:|1760808386
|switch|p1a: Ogerpon|Ogerpon, F|46/100
|-damage|p1a: Ogerpon|34/100|[from] Stealth Rock
|move|p2a: Meowscarada|Flower Trick|p1a: Ogerpon
|-start|p2a: Meowscarada|typechange|Grass|[from] ability: Protean
|-resisted|p1a: Ogerpon
|-crit|p1a: Ogerpon
|-damage|p1a: Ogerpon|0 fnt
|faint|p1a: Ogerpon
|
|upkeep
|
|t:|1760808396
|switch|p1a: Keldeo|Keldeo-Resolute|94/100
|-damage|p1a: Keldeo|88/100|[from] Stealth Rock
|turn|26
|
|t:|1760808408
|move|p1a: Keldeo|Vacuum Wave|p2a: Meowscarada
|-damage|p2a: Meowscarada|0 fnt
|faint|p2a: Meowscarada
|
|upkeep
|
|t:|1760808420
|switch|p2a: Arcanine|Arcanine, F|100/100
|-ability|p2a: Arcanine|Intimidate|boost
|-unboost|p1a: Keldeo|atk|1
|turn|27
|
|t:|1760808428
|move|p1a: Keldeo|Vacuum Wave|p2a: Arcanine
|-damage|p2a: Arcanine|63/100
|move|p2a: Arcanine|Close Combat|p1a: Keldeo
|-damage|p1a: Keldeo|37/100
|-unboost|p2a: Arcanine|def|1
|-unboost|p2a: Arcanine|spd|1
|
|upkeep
|turn|28
|
|t:|1760808436
|move|p1a: Keldeo|Vacuum Wave|p2a: Arcanine
|-crit|p2a: Arcanine
|-damage|p2a: Arcanine|0 fnt
|faint|p2a: Arcanine
|
|win|kekeknndao
|raw|kekeknndao's rating: 1288 &rarr; <strong>1310</strong><br />(+22 for winning)
|raw|rawbraines's rating: 1242 &rarr; <strong>1220</strong><br />(-22 for losing)
|l|☆kekeknndao
|player|p1|
