|j|☆WDMYJM
|j|☆kabutopzboy
|t:|1760770728
|gametype|singles
|player|p1|WDMYJM|170|1191
|player|p2|kabutopzboy|acetrainer-gen4|1241
|gen|9
|tier|[Gen 9] OU
|rated|
|rule|HP Percentage Mod: HP is shown in percentages
|rule|Endless Battle Clause: Forcing endless battles is banned
|rule|Species Clause: Limit one of each Pokémon
|rule|OHKO Clause: OHKO moves are banned
|rule|Evasion Items Clause: Evasion items are banned
|rule|Evasion Moves Clause: Evasion moves are banned
|rule|Evasion Abilities Clause: Evasion abilities are banned
|rule|Sleep Moves Clause: Sleep-inducing moves are banned
|clearpoke
|poke|p1|Gardevoir, F|
|poke|p1|Hatterene, F|
|poke|p1|Cinderace, F|
|poke|p1|Venusaur, M|
|poke|p1|Greninja-*, M|
|poke|p1|Talonflame, F|
|poke|p2|Dragapult, F|
|poke|p2|Great Tusk|
|poke|p2|Zangoose, F|
|poke|p2|Zapdos|
|poke|p2|Clodsire, F|
|poke|p2|Ursaluna, F|
|teampreview
|
|t:|1760770759
|teamsize|p1|6
|teamsize|p2|6
|start
|switch|p1a: Hatterene|Hatterene, F|100/100
|switch|p2a: Clodsire|Clodsire, F|100/100
|turn|1
|
|t:|1760770772
|switch|p2a: Zapp|Zapdos|100/100
|move|p1a: Hatterene|Psychic Terrain|p1a: Hatterene
|-fieldstart|move: Psychic Terrain
|
|upkeep
|turn|2
|
|t:|1760770777
|move|p2a: Zapp|Discharge|p1a: Hatterene
|-damage|p1a: Hatterene|64/100
|-status|p1a: Hatterene|par
|cant|p1a: Hatterene|par
|
|upkeep
|turn|3
|
|t:|1760770784
|move|p2a: Zapp|Tailwind|p2a: Zapp
|-sidestart|p2: kabutopzboy|move: Tailwind
|move|p1a: Hatterene|Expanding Force|p2a: Zapp
|-damage|p2a: Zapp|24/100
|
|-heal|p2a: Zapp|30/100|[from] item: Leftovers
|upkeep
|turn|4
|
|t:|1760770790
|switch|p2a: Ursaluna|Ursaluna, F|100/100
|move|p1a: Hatterene|Expanding Force|p2a: Ursaluna
|-damage|p2a: Ursaluna|28/100
|
|-status|p2a: Ursaluna|brn|[from] item: Flame Orb
|upkeep
|turn|5
|
|t:|1760770801
|move|p2a: Ursaluna|Facade|p1a: Hatterene
|-damage|p1a: Hatterene|0 fnt
|faint|p1a: Hatterene
|
|-damage|p2a: Ursaluna|22/100 brn|[from] brn
|upkeep
|
|t:|1760770826
|switch|p1a: Venusaur|Venusaur, M|100/100
|turn|6
|
|t:|1760770841
|move|p2a: Ursaluna|Earthquake|p1a: Venusaur
|-damage|p1a: Venusaur|45/100
|move|p1a: Venusaur|Synthesis|p1a: Venusaur
|-heal|p1a: Venusaur|95/100
|
|-heal|p1a: Venusaur|100/100|[from] item: Leftovers
|-damage|p2a: Ursaluna|16/100 brn|[from] brn
|-sideend|p2: kabutopzboy|move: Tailwind
|upkeep
|turn|7
|
|t:|1760770853
|switch|p2a: Zapp|Zapdos|30/100
|move|p1a: Venusaur|Knock Off|p2a: Zapp
|-damage|p2a: Zapp|13/100
|-enditem|p2a: Zapp|Leftovers|[from] move: Knock Off|[of] p1a: Venusaur
|
|upkeep
|turn|8
|
|t:|1760770862
|move|p2a: Zapp|Roost|p2a: Zapp
|-heal|p2a: Zapp|63/100
|-singleturn|p2a: Zapp|move: Roost
|move|p1a: Venusaur|Knock Off|p2a: Zapp
|-damage|p2a: Zapp|50/100
|-status|p1a: Venusaur|par|[from] ability: Static|[of] p2a: Zapp
|
|-fieldend|move: Psychic Terrain
|upkeep
|turn|9
|
|t:|1760770871
|move|p2a: Zapp|Tailwind|p2a: Zapp
|-sidestart|p2: kabutopzboy|move: Tailwind
|move|p1a: Venusaur|Toxic|p2a: Zapp
|-status|p2a: Zapp|tox
|
|-damage|p2a: Zapp|44/100 tox|[from] psn
|upkeep
|turn|10
|
|t:|1760770877
|move|p2a: Zapp|Brave Bird|p1a: Venusaur
|-supereffective|p1a: Venusaur
|-damage|p1a: Venusaur|32/100 par
|-damage|p2a: Zapp|19/100 tox|[from] Recoil
|cant|p1a: Venusaur|par
|
|-heal|p1a: Venusaur|38/100 par|[from] item: Leftovers
|-damage|p2a: Zapp|6/100 tox|[from] psn
|upkeep
|turn|11
|
|t:|1760770886
|move|p2a: Zapp|Brave Bird|p1a: Venusaur
|-supereffective|p1a: Venusaur
|-damage|p1a: Venusaur|0 fnt
|faint|p1a: Venusaur
|-damage|p2a: Zapp|0 fnt|[from] Recoil
|faint|p2a: Zapp
|
|upkeep
|
|t:|1760770893
|switch|p2a: Zangoose|Zangoose, F, shiny|100/100
|switch|p1a: Cinderace|Cinderace, F|100/100
|turn|12
|
|t:|1760770900
|move|p2a: Zangoose|Protect|p2a: Zangoose
|-singleturn|p2a: Zangoose|Protect
|move|p1a: Cinderace|High Jump Kick|p2a: Zangoose
|-start|p1a: Cinderace|typechange|Fighting|[from] ability: Libero
|-activate|p2a: Zangoose|move: Protect
|-damage|p1a: Cinderace|50/100|[from] highjumpkick
|
|-sideend|p2: kabutopzboy|move: Tailwind
|-status|p2a: Zangoose|tox|[from] item: Toxic Orb
|upkeep
|turn|13
|
|t:|1760770912
|switch|p2a: Dragapult|Dragapult, F|100/100
|move|p1a: Cinderace|Pyro Ball|p2a: Dragapult
|-resisted|p2a: Dragapult
|-damage|p2a: Dragapult|82/100
|
|upkeep
|turn|14
|
|t:|1760770919
|move|p1a: Cinderace|Sucker Punch||[still]
|-fail|p1a: Cinderace
|move|p2a: Dragapult|Will-O-Wisp|p1a: Cinderace
|-status|p1a: Cinderace|brn
|
|-damage|p1a: Cinderace|45/100 brn|[from] brn
|upkeep
|turn|15
|
|t:|1760770927
|switch|p2a: Clodsire|Clodsire, F|100/100
|move|p1a: Cinderace|Pyro Ball|p2a: Clodsire
|-damage|p2a: Clodsire|86/100
|-status|p2a: Clodsire|brn
|
|-damage|p1a: Cinderace|39/100 brn|[from] brn
|-damage|p2a: Clodsire|80/100 brn|[from] brn
|upkeep
|turn|16
|
|t:|1760770936
|switch|p1a: Talonflame|Talonflame, F|100/100
|move|p2a: Clodsire|Toxic Spikes|p1a: Talonflame
|-sidestart|p1: WDMYJM|move: Toxic Spikes
|
|-damage|p2a: Clodsire|74/100 brn|[from] brn
|upkeep
|turn|17
|
|t:|1760770949
|move|p1a: Talonflame|Rain Dance|p1a: Talonflame
|-weather|RainDance
|move|p2a: Clodsire|Toxic Spikes|p1a: Talonflame
|-sidestart|p1: WDMYJM|move: Toxic Spikes
|
|-weather|RainDance|[upkeep]
|-damage|p2a: Clodsire|68/100 brn|[from] brn
|upkeep
|turn|18
|
|t:|1760770956
|switch|p1a: Greninja|Greninja, M|100/100
|-status|p1a: Greninja|tox
|move|p2a: Clodsire|Sludge Bomb|p1a: Greninja
|-damage|p1a: Greninja|76/100 tox
|
|-weather|RainDance|[upkeep]
|-damage|p1a: Greninja|70/100 tox|[from] psn
|-damage|p2a: Clodsire|61/100 brn|[from] brn
|upkeep
|turn|19
|
|t:|1760770967
|switch|p2a: Ursaluna|Ursaluna, F|16/100 brn
|-terastallize|p1a: Greninja|Water
|move|p1a: Greninja|Hydro Pump|p2a: Ursaluna|[miss]
|-miss|p1a: Greninja|p2a: Ursaluna
|
|-weather|RainDance|[upkeep]
|-damage|p1a: Greninja|59/100 tox|[from] psn
|-damage|p2a: Ursaluna|10/100 brn|[from] brn
|upkeep
|turn|20
|
|t:|1760770976
|move|p1a: Greninja|Hydro Pump|p2a: Ursaluna
|-supereffective|p2a: Ursaluna
|-damage|p2a: Ursaluna|0 fnt
|faint|p2a: Ursaluna
|-ability|p1a: Greninja|Battle Bond|boost
|-boost|p1a: Greninja|atk|1
|-boost|p1a: Greninja|spa|1
|-boost|p1a: Greninja|spe|1
|-activate|p1a: Greninja|ability: Battle Bond
|
|-weather|RainDance|[upkeep]
|-damage|p1a: Greninja|41/100 tox|[from] psn
|upkeep
|
|t:|1760770993
|switch|p2a: Zangoose|Zangoose, F, shiny|100/100 tox
|turn|21
|
|t:|1760770997
|move|p2a: Zangoose|Protect|p2a: Zangoose
|-singleturn|p2a: Zangoose|Protect
|move|p1a: Greninja|Hydro Pump|p2a: Zangoose
|-activate|p2a: Zangoose|move: Protect
|
|-weather|RainDance|[upkeep]
|-damage|p1a: Greninja|17/100 tox|[from] psn
|-damage|p2a: Zangoose|95/100 tox|[from] psn
|upkeep
|turn|22
|
|t:|1760771004
|switch|p2a: Clodsire|Clodsire, F|61/100 brn
|move|p1a: Greninja|Hydro Pump|p2a: Clodsire
|-supereffective|p2a: Clodsire
|-damage|p2a: Clodsire|0 fnt
|faint|p2a: Clodsire
|
|-weather|RainDance|[upkeep]
|-damage|p1a: Greninja|0 fnt|[from] psn
|faint|p1a: Greninja
|upkeep
|
|t:|1760771016
|switch|p1a: Cinderace|Cinderace, F|39/100 brn
|switch|p2a: Great Tusk|Great Tusk|100/100
|-enditem|p2a: Great Tusk|Booster Energy
|-activate|p2a: Great Tusk|ability: Protosynthesis|[fromitem]
|-start|p2a: Great Tusk|protosynthesisspe
|turn|23
|
|t:|1760771023
|switch|p1a: Talonflame|Talonflame, F|100/100
|move|p2a: Great Tusk|Bulk Up|p2a: Great Tusk
|-boost|p2a: Great Tusk|atk|1
|-boost|p2a: Great Tusk|def|1
|
|-weather|RainDance|[upkeep]
|upkeep
|turn|24
|
|t:|1760771033
|-terastallize|p2a: Great Tusk|Ice
|move|p1a: Talonflame|Brave Bird|p2a: Great Tusk
|-damage|p2a: Great Tusk|80/100
|-damage|p1a: Talonflame|91/100|[from] Recoil
|move|p2a: Great Tusk|Ice Spinner|p1a: Talonflame
|-damage|p1a: Talonflame|11/100
|
|-weather|none
|upkeep
|turn|25
|
|t:|1760771044
|move|p2a: Great Tusk|Ice Spinner|p1a: Talonflame
|-damage|p1a: Talonflame|0 fnt
|faint|p1a: Talonflame
|
|upkeep
|
|t:|1760771051
|switch|p1a: Gardevoir|Gardevoir, F|100/100
|-status|p1a: Gardevoir|tox
|turn|26
|
|t:|1760771055
|move|p2a: Great Tusk|Headlong Rush|p1a: Gardevoir
|-damage|p1a: Gardevoir|0 fnt
|-unboost|p2a: Great Tusk|def|1
|-unboost|p2a: Great Tusk|spd|1
|faint|p1a: Gardevoir
|
|upkeep
|-message|WDMYJM forfeited.
|
|win|kabutopzboy
|raw|WDMYJM's rating: 1191 &rarr; <strong>1170</strong><br />(-21 for losing)
|raw|kabutopzboy's rating: 1241 &rarr; <strong>1262</strong><br />(+21 for winning)
|l|☆WDMYJM
|player|p1|
|l|☆kabutopzboy
|player|p2|
