|j|☆Sorenn
|j|☆hopefuldream
|t:|1760760628
|gametype|singles
|player|p1|Sorenn|mira|1409
|player|p2|hopefuldream|101|1375
|gen|9
|tier|[Gen 9] OU
|rated|
|rule|HP Percentage Mod: HP is shown in percentages
|rule|Endless Battle Clause: Forcing endless battles is banned
|rule|Species Clause: Limit one of each Pokémon
|rule|OHKO Clause: OHKO moves are banned
|rule|Evasion Items Clause: Evasion items are banned
|rule|Evasion Moves Clause: Evasion moves are banned
|rule|Evasion Abilities Clause: Evasion abilities are banned
|rule|Sleep Moves Clause: Sleep-inducing moves are banned
|clearpoke
|poke|p1|Maushold-Four|
|poke|p1|Meowscarada, M|
|poke|p1|Blissey, F|
|poke|p1|Cresselia, F|
|poke|p1|Quagsire, F|
|poke|p1|Dragapult, M|
|poke|p2|Tyranitar, F|
|poke|p2|Excadrill, F|
|poke|p2|Garganacl, F|
|poke|p2|Skarmory, F|
|poke|p2|Gholdengo|
|poke|p2|Alomomola, F|
|teampreview
|inactive|Battle timer is ON: inactive players will automatically lose when time's up. (requested by hopefuldream)
|
|t:|1760760638
|teamsize|p1|6
|teamsize|p2|6
|start
|switch|p1a: Connie|Meowscarada, M, shiny|100/100
|switch|p2a: Tyranitar|Tyranitar, F|100/100
|-weather|Sandstorm|[from] ability: Sand Stream|[of] p2a: Tyranitar
|turn|1
|
|t:|1760760642
|switch|p2a: Skarmory|Skarmory, F|100/100
|move|p1a: Connie|Play Rough|p2a: Skarmory|[miss]
|-start|p1a: Connie|typechange|Fairy|[from] ability: Protean
|-miss|p1a: Connie|p2a: Skarmory
|
|-weather|Sandstorm|[upkeep]
|-damage|p1a: Connie|94/100|[from] Sandstorm
|upkeep
|turn|2
|
|t:|1760760651
|switch|p1a: Ymir|Dragapult, M|100/100
|move|p2a: Skarmory|Spikes|p1a: Ymir
|-sidestart|p1: Sorenn|Spikes
|
|-weather|Sandstorm|[upkeep]
|-damage|p1a: Ymir|95/100|[from] Sandstorm
|upkeep
|turn|3
|
|t:|1760760659
|switch|p2a: Garganacl|Garganacl, F|100/100
|move|p1a: Ymir|Shadow Ball|p2a: Garganacl
|-damage|p2a: Garganacl|89/100
|-unboost|p2a: Garganacl|spd|1
|
|-weather|Sandstorm|[upkeep]
|-damage|p1a: Ymir|89/100|[from] Sandstorm
|upkeep
|turn|4
|
|t:|1760760663
|switch|p1a: Rose|Blissey, F, shiny|100/100
|-damage|p1a: Rose|88/100|[from] Spikes
|move|p2a: Garganacl|Salt Cure|p1a: Rose
|-damage|p1a: Rose|76/100
|-start|p1a: Rose|Salt Cure
|
|-weather|Sandstorm|[upkeep]
|-damage|p1a: Rose|70/100|[from] Sandstorm
|-damage|p1a: Rose|57/100|[from] Salt Cure
|upkeep
|turn|5
|
|t:|1760760668
|switch|p2a: Skarmory|Skarmory, F|100/100
|move|p1a: Rose|Trick|p2a: Skarmory
|-activate|p1a: Rose|move: Trick|[of] p2a: Skarmory
|-item|p2a: Skarmory|Choice Band|[from] move: Trick
|-item|p1a: Rose|Rocky Helmet|[from] move: Trick
|
|-weather|none
|-damage|p1a: Rose|45/100|[from] Salt Cure
|upkeep
|turn|6
|
|t:|1760760674
|move|p2a: Skarmory|Spikes|p1a: Rose
|-sidestart|p1: Sorenn|Spikes
|move|p1a: Rose|Soft-Boiled|p1a: Rose
|-heal|p1a: Rose|95/100
|
|-damage|p1a: Rose|82/100|[from] Salt Cure
|upkeep
|turn|7
|
|t:|1760760676
|switch|p1a: Historia|Maushold-Four|100/100
|-damage|p1a: Historia|84/100|[from] Spikes
|move|p2a: Skarmory|Spikes|p1a: Historia
|-sidestart|p1: Sorenn|Spikes
|
|upkeep
|turn|8
|
|t:|1760760681
|switch|p2a: Tyranitar|Tyranitar, F|100/100
|-weather|Sandstorm|[from] ability: Sand Stream|[of] p2a: Tyranitar
|move|p1a: Historia|Tidy Up|p1a: Historia
|-sideend|p1: Sorenn|Spikes
|-activate|p1a: Historia|move: Tidy Up
|-boost|p1a: Historia|atk|1
|-boost|p1a: Historia|spe|1
|
|-weather|Sandstorm|[upkeep]
|-damage|p1a: Historia|78/100|[from] Sandstorm
|upkeep
|turn|9
|
|t:|1760760686
|switch|p2a: Gholdengo|Gholdengo|100/100
|move|p1a: Historia|Low Kick|p2a: Gholdengo
|-immune|p2a: Gholdengo
|
|-weather|Sandstorm|[upkeep]
|-damage|p1a: Historia|71/100|[from] Sandstorm
|upkeep
|turn|10
|
|t:|1760760690
|move|p1a: Historia|Bite|p2a: Gholdengo
|-supereffective|p2a: Gholdengo
|-damage|p2a: Gholdengo|56/100
|move|p2a: Gholdengo|Thunder Wave|p1a: Historia
|-status|p1a: Historia|par
|
|-weather|Sandstorm|[upkeep]
|-damage|p1a: Historia|65/100 par|[from] Sandstorm
|upkeep
|turn|11
|
|t:|1760760693
|switch|p1a: Rose|Blissey, F, shiny|82/100
|move|p2a: Gholdengo|Recover|p2a: Gholdengo
|-heal|p2a: Gholdengo|100/100
|
|-weather|Sandstorm|[upkeep]
|-damage|p1a: Rose|76/100|[from] Sandstorm
|upkeep
|turn|12
|
|t:|1760760698
|switch|p2a: Skarmory|Skarmory, F|100/100
|move|p1a: Rose|Heal Bell|p1a: Rose
|-activate|p1a: Rose|move: Heal Bell
|-curestatus|p1: Historia|par|[msg]
|
|-weather|none
|upkeep
|turn|13
|
|t:|1760760700
|switch|p1a: Historia|Maushold-Four|65/100
|move|p2a: Skarmory|Spikes|p1a: Historia
|-sidestart|p1: Sorenn|Spikes
|
|upkeep
|turn|14
|
|t:|1760760704
|switch|p2a: Garganacl|Garganacl, F|89/100
|move|p1a: Historia|Tidy Up|p1a: Historia
|-sideend|p1: Sorenn|Spikes
|-activate|p1a: Historia|move: Tidy Up
|-boost|p1a: Historia|atk|1
|-boost|p1a: Historia|spe|1
|
|upkeep
|turn|15
|
|t:|1760760711
|switch|p2a: Gholdengo|Gholdengo|100/100
|move|p1a: Historia|Low Kick|p2a: Gholdengo
|-immune|p2a: Gholdengo
|
|upkeep
|turn|16
|
|t:|1760760715
|move|p1a: Historia|Bite|p2a: Gholdengo
|-supereffective|p2a: Gholdengo
|-damage|p2a: Gholdengo|51/100
|cant|p2a: Gholdengo|flinch
|
|upkeep
|turn|17
|
|t:|1760760718
|move|p1a: Historia|Bite|p2a: Gholdengo
|-supereffective|p2a: Gholdengo
|-damage|p2a: Gholdengo|7/100
|move|p2a: Gholdengo|Recover|p2a: Gholdengo
|-heal|p2a: Gholdengo|57/100
|
|upkeep
|turn|18
|
|t:|1760760724
|switch|p2a: Skarmory|Skarmory, F|100/100
|move|p1a: Historia|Bite|p2a: Skarmory
|-damage|p2a: Skarmory|79/100
|
|upkeep
|turn|19
|
|t:|1760760733
|switch|p1a: Ymir|Dragapult, M|89/100
|move|p2a: Skarmory|Body Press|p1a: Ymir
|-immune|p1a: Ymir
|
|upkeep
|turn|20
|
|t:|1760760740
|switch|p2a: Tyranitar|Tyranitar, F|100/100
|-weather|Sandstorm|[from] ability: Sand Stream|[of] p2a: Tyranitar
|move|p1a: Ymir|Hydro Pump|p2a: Tyranitar
|-supereffective|p2a: Tyranitar
|-damage|p2a: Tyranitar|58/100
|
|-weather|Sandstorm|[upkeep]
|-damage|p1a: Ymir|83/100|[from] Sandstorm
|upkeep
|turn|21
|
|t:|1760760745
|move|p1a: Ymir|Hydro Pump|p2a: Tyranitar
|-supereffective|p2a: Tyranitar
|-damage|p2a: Tyranitar|20/100
|move|p2a: Tyranitar|Stealth Rock|p1a: Ymir
|-sidestart|p1: Sorenn|move: Stealth Rock
|
|-weather|Sandstorm|[upkeep]
|-damage|p1a: Ymir|77/100|[from] Sandstorm
|upkeep
|turn|22
|
|t:|1760760748
|switch|p2a: Alomomola|Alomomola, F|100/100
|move|p1a: Ymir|Hydro Pump|p2a: Alomomola
|-resisted|p2a: Alomomola
|-damage|p2a: Alomomola|81/100
|
|-weather|Sandstorm|[upkeep]
|-damage|p1a: Ymir|71/100|[from] Sandstorm
|-damage|p2a: Alomomola|75/100|[from] Sandstorm
|upkeep
|turn|23
|
|t:|1760760751
|switch|p1a: Connie|Meowscarada, M, shiny|94/100
|-damage|p1a: Connie|82/100|[from] Stealth Rock
|move|p2a: Alomomola|Wish|p2a: Alomomola
|
|-weather|Sandstorm|[upkeep]
|-damage|p1a: Connie|76/100|[from] Sandstorm
|-damage|p2a: Alomomola|68/100|[from] Sandstorm
|upkeep
|turn|24
|
|t:|1760760759
|switch|p2a: Gholdengo|Gholdengo|57/100
|move|p1a: Connie|Flower Trick|p2a: Gholdengo
|-start|p1a: Connie|typechange|Grass|[from] ability: Protean
|-resisted|p2a: Gholdengo
|-crit|p2a: Gholdengo
|-damage|p2a: Gholdengo|29/100
|
|-weather|none
|-heal|p2a: Gholdengo|91/100|[from] move: Wish|[wisher] Alomomola
|upkeep
|turn|25
|
|t:|1760760767
|switch|p1a: Ymir|Dragapult, M|71/100
|-damage|p1a: Ymir|58/100|[from] Stealth Rock
|move|p2a: Gholdengo|Thunder Wave|p1a: Ymir
|-status|p1a: Ymir|par
|
|upkeep
|turn|26
|
|t:|1760760771
|switch|p2a: Alomomola|Alomomola, F|100/100
|switch|p1a: Rose|Blissey, F, shiny|76/100
|-damage|p1a: Rose|64/100|[from] Stealth Rock
|
|upkeep
|turn|27
|
|t:|1760760775
|move|p1a: Rose|Heal Bell|p1a: Rose
|-activate|p1a: Rose|move: Heal Bell
|-curestatus|p1: Ymir|par|[msg]
|move|p2a: Alomomola|Wish|p2a: Alomomola
|
|upkeep
|turn|28
|inactive|Sorenn has 120 seconds left.
|
|t:|1760760811
|switch|p1a: Historia|Maushold-Four|65/100
|-damage|p1a: Historia|53/100|[from] Stealth Rock
|move|p2a: Alomomola|Flip Turn|p1a: Historia
|-damage|p1a: Historia|29/100
|
|t:|1760760814
|switch|p2a: Tyranitar|Tyranitar, F|20/100|[from] Flip Turn
|-weather|Sandstorm|[from] ability: Sand Stream|[of] p2a: Tyranitar
|
|-weather|Sandstorm|[upkeep]
|-damage|p1a: Historia|23/100|[from] Sandstorm
|-heal|p2a: Tyranitar|78/100|[from] move: Wish|[wisher] Alomomola
|upkeep
|turn|29
|
|t:|1760760823
|switch|p2a: Excadrill|Excadrill, F|100/100
|-item|p2a: Excadrill|Air Balloon
|move|p1a: Historia|Tidy Up|p1a: Historia
|-sideend|p1: Sorenn|Stealth Rock
|-activate|p1a: Historia|move: Tidy Up
|-boost|p1a: Historia|atk|1
|-boost|p1a: Historia|spe|1
|
|-weather|Sandstorm|[upkeep]
|-damage|p1a: Historia|16/100|[from] Sandstorm
|upkeep
|turn|30
|
|t:|1760760830
|move|p2a: Excadrill|Earthquake|p1a: Historia
|-crit|p1a: Historia
|-damage|p1a: Historia|0 fnt
|faint|p1a: Historia
|
|-weather|Sandstorm|[upkeep]
|upkeep
|
|t:|1760760835
|switch|p1a: Sina|Cresselia, F|100/100
|turn|31
|
|t:|1760760840
|switch|p2a: Gholdengo|Gholdengo|91/100
|move|p1a: Sina|Reflect|p1a: Sina
|-sidestart|p1: Sorenn|Reflect
|
|-weather|Sandstorm|[upkeep]
|-damage|p1a: Sina|94/100|[from] Sandstorm
|upkeep
|turn|32
|
|t:|1760760843
|switch|p1a: Ymir|Dragapult, M|58/100
|move|p2a: Gholdengo|Thunder Wave|p1a: Ymir
|-status|p1a: Ymir|par
|
|-weather|none
|upkeep
|turn|33
|
|t:|1760760847
|move|p2a: Gholdengo|Hex|p1a: Ymir
|-supereffective|p1a: Ymir
|-damage|p1a: Ymir|0 fnt
|faint|p1a: Ymir
|
|upkeep
|-message|Sorenn forfeited.
|
|win|hopefuldream
|raw|Sorenn's rating: 1409 &rarr; <strong>1387</strong><br />(-22 for losing)
|raw|hopefuldream's rating: 1375 &rarr; <strong>1397</strong><br />(+22 for winning)
|l|☆Sorenn
|player|p1|
|l|☆hopefuldream
|player|p2|
