|j|☆Lmanzz
|j|☆crackstone
|t:|1760796305
|gametype|singles
|player|p1|Lmanzz|170|1268
|player|p2|crackstone|265|1319
|gen|9
|tier|[Gen 9] OU
|rated|
|rule|HP Percentage Mod: HP is shown in percentages
|rule|Endless Battle Clause: Forcing endless battles is banned
|rule|Species Clause: Limit one of each Pokémon
|rule|OHKO Clause: OHKO moves are banned
|rule|Evasion Items Clause: Evasion items are banned
|rule|Evasion Moves Clause: Evasion moves are banned
|rule|Evasion Abilities Clause: Evasion abilities are banned
|rule|Sleep Moves Clause: Sleep-inducing moves are banned
|clearpoke
|poke|p1|Alomomola, M|
|poke|p1|Blissey, F|
|poke|p1|Clodsire, M|
|poke|p1|Clefable, F|
|poke|p1|Trevenant, M|
|poke|p1|Hydrapple, F|
|poke|p2|Kingambit, M|
|poke|p2|Garchomp, M|
|poke|p2|Ting-Lu|
|poke|p2|Keldeo|
|poke|p2|Iron Moth|
|poke|p2|Gholdengo|
|teampreview
|inactive|Battle timer is ON: inactive players will automatically lose when time's up. (requested by Lmanzz)
|
|t:|1760796312
|teamsize|p1|6
|teamsize|p2|6
|start
|switch|p1a: Trevenant|Trevenant, M|100/100
|switch|p2a: Ting-Lu|Ting-Lu|100/100
|-ability|p2a: Ting-Lu|Vessel of Ruin
|turn|1
|
|t:|1760796323
|move|p1a: Trevenant|Will-O-Wisp|p2a: Ting-Lu
|-status|p2a: Ting-Lu|brn
|move|p2a: Ting-Lu|Stealth Rock|p1a: Trevenant
|-sidestart|p1: Lmanzz|move: Stealth Rock
|
|-damage|p2a: Ting-Lu|94/100 brn|[from] brn
|upkeep
|turn|2
|
|t:|1760796330
|move|p1a: Trevenant|Substitute|p1a: Trevenant
|-start|p1a: Trevenant|Substitute
|-damage|p1a: Trevenant|76/100
|move|p2a: Ting-Lu|Spikes|p1a: Trevenant
|-sidestart|p1: Lmanzz|Spikes
|
|-heal|p2a: Ting-Lu|100/100 brn|[from] item: Leftovers
|-damage|p2a: Ting-Lu|94/100 brn|[from] brn
|upkeep
|turn|3
|
|t:|1760796334
|move|p1a: Trevenant|Leech Seed|p2a: Ting-Lu
|-start|p2a: Ting-Lu|move: Leech Seed
|move|p2a: Ting-Lu|Whirlwind|p1a: Trevenant
|drag|p1a: Blissey|Blissey, F|100/100
|
|-heal|p2a: Ting-Lu|100/100 brn|[from] item: Leftovers
|-damage|p2a: Ting-Lu|88/100 brn|[from] Leech Seed|[of] p1a: Blissey
|-damage|p2a: Ting-Lu|82/100 brn|[from] brn
|upkeep
|turn|4
|
|t:|1760796346
|switch|p1a: Clefable|Clefable, F|100/100
|switch|p2a: Gholdengo|Gholdengo|100/100
|
|upkeep
|turn|5
|
|t:|1760796358
|move|p2a: Gholdengo|Make It Rain|p1a: Clefable
|-supereffective|p1a: Clefable
|-damage|p1a: Clefable|0 fnt
|-unboost|p2a: Gholdengo|spa|1
|faint|p1a: Clefable
|
|upkeep
|
|t:|1760796369
|switch|p1a: Hydrapple|Hydrapple, F|100/100
|turn|6
|
|t:|1760796384
|switch|p2a: Anomаly|Iron Moth|100/100
|-enditem|p2a: Anomаly|Booster Energy
|-activate|p2a: Anomаly|ability: Quark Drive|[fromitem]
|-start|p2a: Anomаly|quarkdrivespe
|move|p1a: Hydrapple|Earth Power|p2a: Anomаly
|-supereffective|p2a: Anomаly
|-damage|p2a: Anomаly|0 fnt
|faint|p2a: Anomаly
|-end|p2a: Anomаly|Quark Drive|[silent]
|
|upkeep
|
|t:|1760796404
|switch|p2a: Garchomp|Garchomp, M, shiny|100/100
|turn|7
|
|t:|1760796410
|move|p2a: Garchomp|Swords Dance|p2a: Garchomp
|-boost|p2a: Garchomp|atk|2
|move|p1a: Hydrapple|Fickle Beam|p2a: Garchomp|[anim] Fickle Beam All Out
|-activate|p1a: Hydrapple|move: Fickle Beam
|-supereffective|p2a: Garchomp
|-damage|p2a: Garchomp|0 fnt
|faint|p2a: Garchomp
|
|upkeep
|
|t:|1760796417
|switch|p2a: Meruem|Kingambit, M|100/100
|-activate|p2a: Meruem|ability: Supreme Overlord
|-start|p2a: Meruem|fallen2|[silent]
|turn|8
|
|t:|1760796422
|move|p2a: Meruem|Iron Head|p1a: Hydrapple
|-damage|p1a: Hydrapple|67/100
|move|p1a: Hydrapple|Earth Power|p2a: Meruem
|-supereffective|p2a: Meruem
|-damage|p2a: Meruem|50/100
|
|-heal|p2a: Meruem|56/100|[from] item: Leftovers
|upkeep
|turn|9
|
|t:|1760796427
|move|p2a: Meruem|Iron Head|p1a: Hydrapple
|-damage|p1a: Hydrapple|36/100
|cant|p1a: Hydrapple|flinch
|
|-heal|p2a: Meruem|62/100|[from] item: Leftovers
|upkeep
|turn|10
|
|t:|1760796433
|move|p2a: Meruem|Iron Head|p1a: Hydrapple
|-damage|p1a: Hydrapple|1/100
|move|p1a: Hydrapple|Recover|p1a: Hydrapple
|-heal|p1a: Hydrapple|51/100
|
|-heal|p2a: Meruem|68/100|[from] item: Leftovers
|upkeep
|turn|11
|
|t:|1760796438
|move|p2a: Meruem|Iron Head|p1a: Hydrapple
|-damage|p1a: Hydrapple|18/100
|move|p1a: Hydrapple|Recover|p1a: Hydrapple
|-heal|p1a: Hydrapple|68/100
|
|-heal|p2a: Meruem|74/100|[from] item: Leftovers
|upkeep
|turn|12
|
|t:|1760796444
|move|p2a: Meruem|Iron Head|p1a: Hydrapple
|-damage|p1a: Hydrapple|33/100
|move|p1a: Hydrapple|Earth Power|p2a: Meruem
|-supereffective|p2a: Meruem
|-damage|p2a: Meruem|20/100
|
|-heal|p2a: Meruem|26/100|[from] item: Leftovers
|upkeep
|turn|13
|
|t:|1760796451
|switch|p1a: Alomomola|Alomomola, M|100/100
|move|p2a: Meruem|Iron Head|p1a: Alomomola
|-resisted|p1a: Alomomola
|-damage|p1a: Alomomola|85/100
|
|-heal|p2a: Meruem|32/100|[from] item: Leftovers
|upkeep
|turn|14
|
|t:|1760796457
|move|p2a: Meruem|Swords Dance|p2a: Meruem
|-boost|p2a: Meruem|atk|2
|move|p1a: Alomomola|Wish|p1a: Alomomola
|
|-heal|p2a: Meruem|38/100|[from] item: Leftovers
|upkeep
|turn|15
|
|t:|1760796462
|move|p2a: Meruem|Low Kick|p1a: Alomomola
|-damage|p1a: Alomomola|55/100
|move|p1a: Alomomola|Scald|p2a: Meruem
|-damage|p2a: Meruem|23/100
|
|-heal|p1a: Alomomola|100/100|[from] move: Wish|[wisher] Alomomola
|-heal|p2a: Meruem|29/100|[from] item: Leftovers
|upkeep
|turn|16
|
|t:|1760796470
|move|p2a: Meruem|Iron Head|p1a: Alomomola
|-resisted|p1a: Alomomola
|-damage|p1a: Alomomola|69/100
|move|p1a: Alomomola|Scald|p2a: Meruem
|-damage|p2a: Meruem|15/100
|-status|p2a: Meruem|brn
|
|-heal|p2a: Meruem|21/100 brn|[from] item: Leftovers
|-damage|p2a: Meruem|15/100 brn|[from] brn
|upkeep
|turn|17
|
|t:|1760796476
|-end|p2a: Meruem|fallen2|[silent]
|switch|p2a: Gholdengo|Gholdengo|100/100
|move|p1a: Alomomola|Wish|p1a: Alomomola
|
|upkeep
|turn|18
|
|t:|1760796488
|switch|p1a: Clodsire|Clodsire, M|100/100
|-damage|p1a: Clodsire|94/100|[from] Stealth Rock
|-damage|p1a: Clodsire|82/100|[from] Spikes
|move|p2a: Gholdengo|Nasty Plot|p2a: Gholdengo
|-boost|p2a: Gholdengo|spa|2
|
|-heal|p1a: Clodsire|100/100|[from] move: Wish|[wisher] Alomomola
|upkeep
|turn|19
|
|t:|1760796500
|move|p2a: Gholdengo|Make It Rain|p1a: Clodsire
|-damage|p1a: Clodsire|57/100
|-unboost|p2a: Gholdengo|spa|1
|move|p1a: Clodsire|Earthquake|p2a: Gholdengo
|-supereffective|p2a: Gholdengo
|-damage|p2a: Gholdengo|41/100
|
|-heal|p1a: Clodsire|63/100|[from] item: Leftovers
|upkeep
|turn|20
|
|t:|1760796506
|move|p2a: Gholdengo|Make It Rain|p1a: Clodsire
|-damage|p1a: Clodsire|20/100
|-unboost|p2a: Gholdengo|spa|1
|move|p1a: Clodsire|Earthquake|p2a: Gholdengo
|-supereffective|p2a: Gholdengo
|-damage|p2a: Gholdengo|0 fnt
|faint|p2a: Gholdengo
|
|-heal|p1a: Clodsire|26/100|[from] item: Leftovers
|upkeep
|
|t:|1760796514
|switch|p2a: Ting-Lu|Ting-Lu|82/100 brn
|-ability|p2a: Ting-Lu|Vessel of Ruin
|turn|21
|
|t:|1760796521
|move|p2a: Ting-Lu|Spikes|p1a: Clodsire
|-sidestart|p1: Lmanzz|Spikes
|move|p1a: Clodsire|Spikes|p2a: Ting-Lu
|-sidestart|p2: crackstone|Spikes
|
|-heal|p2a: Ting-Lu|88/100 brn|[from] item: Leftovers
|-heal|p1a: Clodsire|33/100|[from] item: Leftovers
|-damage|p2a: Ting-Lu|82/100 brn|[from] brn
|upkeep
|turn|22
|
|t:|1760796526
|move|p2a: Ting-Lu|Earthquake|p1a: Clodsire
|-supereffective|p1a: Clodsire
|-damage|p1a: Clodsire|0 fnt
|faint|p1a: Clodsire
|
|-heal|p2a: Ting-Lu|88/100 brn|[from] item: Leftovers
|-damage|p2a: Ting-Lu|82/100 brn|[from] brn
|upkeep
|
|t:|1760796530
|switch|p1a: Hydrapple|Hydrapple, F|33/100
|turn|23
|
|t:|1760796536
|switch|p2a: Keldeo|Keldeo, shiny|100/100
|move|p1a: Hydrapple|Giga Drain|p2a: Keldeo
|-supereffective|p2a: Keldeo
|-damage|p2a: Keldeo|24/100
|-heal|p1a: Hydrapple|63/100|[from] drain|[of] p2a: Keldeo
|
|upkeep
|turn|24
|
|t:|1760796544
|move|p2a: Keldeo|Aura Sphere|p1a: Hydrapple
|-damage|p1a: Hydrapple|25/100
|move|p1a: Hydrapple|Giga Drain|p2a: Keldeo
|-supereffective|p2a: Keldeo
|-damage|p2a: Keldeo|0 fnt
|-heal|p1a: Hydrapple|34/100|[from] drain|[of] p2a: Keldeo
|faint|p2a: Keldeo
|
|upkeep
|-message|crackstone forfeited.
|
|win|Lmanzz
|raw|Lmanzz's rating: 1268 &rarr; <strong>1297</strong><br />(+29 for winning)
|raw|crackstone's rating: 1319 &rarr; <strong>1296</strong><br />(-23 for losing)
|l|☆crackstone
|player|p2|
|l|☆Lmanzz
|player|p1|
