|badge|p2|bronze|gen9ou|100-7
|uhtml|medal-msg|<div class="broadcast-blue">Curious what those medals under the avatar are? PS now has Ladder Seasons! For more information, check out the <a href="https://www.smogon.com/forums/threads/3740067/">thread on Smogon.</a></div>
|j|☆Shockmoth
|j|☆Ho3nConfirm3d
|t:|1760823766
|gametype|singles
|player|p1|Shockmoth|wattson|1799
|player|p2|Ho3nConfirm3d|#scl5shoguns|1886
|gen|9
|tier|[Gen 9] OU
|rated|
|rule|HP Percentage Mod: HP is shown in percentages
|rule|Endless Battle Clause: Forcing endless battles is banned
|rule|Species Clause: Limit one of each Pokémon
|rule|OHKO Clause: OHKO moves are banned
|rule|Evasion Items Clause: Evasion items are banned
|rule|Evasion Moves Clause: Evasion moves are banned
|rule|Evasion Abilities Clause: Evasion abilities are banned
|rule|Sleep Moves Clause: Sleep-inducing moves are banned
|clearpoke
|poke|p1|Frosmoth, F|
|poke|p1|Pincurchin, M|
|poke|p1|Raichu-Alola, F|
|poke|p1|Iron Hands|
|poke|p1|Rotom-Wash|
|poke|p1|Pawmot, F|
|poke|p2|Iron Boulder|
|poke|p2|Iron Valiant|
|poke|p2|Gholdengo|
|poke|p2|Ninetales-Alola, M|
|poke|p2|Glimmora, F|
|poke|p2|Dragonite, M|
|teampreview
|inactive|Battle timer is ON: inactive players will automatically lose when time's up. (requested by Shockmoth)
|
|t:|1760823785
|teamsize|p1|6
|teamsize|p2|6
|start
|switch|p1a: OH YEAH!!! YEAH!!|Pincurchin, M|100/100
|switch|p2a: Ninetales|Ninetales-Alola, M|100/100
|-weather|Snowscape|[from] ability: Snow Warning|[of] p2a: Ninetales
|-fieldstart|move: Electric Terrain|[from] ability: Electric Surge|[of] p1a: OH YEAH!!! YEAH!!
|turn|1
|
|t:|1760823787
|move|p2a: Ninetales|Aurora Veil|p2a: Ninetales
|-sidestart|p2: Ho3nConfirm3d|move: Aurora Veil
|move|p1a: OH YEAH!!! YEAH!!|Thunder Wave|p2a: Ninetales
|-status|p2a: Ninetales|par
|
|-weather|Snowscape|[upkeep]
|upkeep
|turn|2
|
|t:|1760823789
|switch|p2a: Glimmora|Glimmora, F|100/100
|switch|p1a: Finger Eleven|Frosmoth, F, shiny|100/100
|
|-weather|Snowscape|[upkeep]
|upkeep
|turn|3
|
|t:|1760823803
|-terastallize|p1a: Finger Eleven|Electric
|move|p2a: Glimmora|Meteor Beam||[still]
|-prepare|p2a: Glimmora|Meteor Beam
|-boost|p2a: Glimmora|spa|1
|-enditem|p2a: Glimmora|Power Herb
|-anim|p2a: Glimmora|Meteor Beam|p1a: Finger Eleven
|-damage|p1a: Finger Eleven|48/100
|move|p1a: Finger Eleven|Quiver Dance|p1a: Finger Eleven
|-boost|p1a: Finger Eleven|spa|1
|-boost|p1a: Finger Eleven|spd|1
|-boost|p1a: Finger Eleven|spe|1
|
|-weather|Snowscape|[upkeep]
|upkeep
|turn|4
|
|t:|1760823810
|move|p1a: Finger Eleven|Defog|p2a: Glimmora
|-unboost|p2a: Glimmora|evasion|1
|-sideend|p2: Ho3nConfirm3d|move: Aurora Veil
|-fieldend|move: Electric Terrain
|move|p2a: Glimmora|Mortal Spin|p1a: Finger Eleven
|-damage|p1a: Finger Eleven|38/100
|-status|p1a: Finger Eleven|psn
|
|-weather|Snowscape|[upkeep]
|-damage|p1a: Finger Eleven|25/100 psn|[from] psn
|upkeep
|turn|5
|
|t:|1760823812
|move|p1a: Finger Eleven|Tera Blast|p2a: Glimmora|[anim] Tera Blast Electric
|-damage|p2a: Glimmora|26/100
|move|p2a: Glimmora|Stealth Rock|p1a: Finger Eleven
|-sidestart|p1: Shockmoth|move: Stealth Rock
|
|-weather|none
|-damage|p1a: Finger Eleven|13/100 psn|[from] psn
|upkeep
|turn|6
|
|t:|1760823817
|switch|p2a: Ninetales|Ninetales-Alola, M|100/100 par
|-weather|Snowscape|[from] ability: Snow Warning|[of] p2a: Ninetales
|move|p1a: Finger Eleven|Tera Blast|p2a: Ninetales|[anim] Tera Blast Electric
|-damage|p2a: Ninetales|40/100 par
|
|-weather|Snowscape|[upkeep]
|-damage|p1a: Finger Eleven|0 fnt|[from] psn
|faint|p1a: Finger Eleven
|upkeep
|
|t:|1760823820
|switch|p1a: Surf's Up (2007)|Raichu-Alola, F|100/100
|-damage|p1a: Surf's Up (2007)|88/100|[from] Stealth Rock
|turn|7
|
|t:|1760823826
|switch|p2a: Glimmora|Glimmora, F|26/100
|move|p1a: Surf's Up (2007)|Volt Switch|p2a: Glimmora
|-damage|p2a: Glimmora|0 fnt
|faint|p2a: Glimmora
|
|t:|1760823830
|switch|p1a: William O' Wisp|Rotom-Wash|100/100|[from] Volt Switch
|-damage|p1a: William O' Wisp|88/100|[from] Stealth Rock
|
|-weather|Snowscape|[upkeep]
|upkeep
|
|t:|1760823855
|switch|p2a: Gholdengo|Gholdengo|100/100
|turn|8
|
|t:|1760823857
|move|p2a: Gholdengo|Nasty Plot|p2a: Gholdengo
|-boost|p2a: Gholdengo|spa|2
|move|p1a: William O' Wisp|Volt Switch|p2a: Gholdengo
|-damage|p2a: Gholdengo|66/100
|
|t:|1760823860
|switch|p1a: Surf's Up (2007)|Raichu-Alola, F|88/100|[from] Volt Switch
|-damage|p1a: Surf's Up (2007)|76/100|[from] Stealth Rock
|
|-weather|Snowscape|[upkeep]
|upkeep
|turn|9
|
|t:|1760823862
|move|p1a: Surf's Up (2007)|Volt Switch|p2a: Gholdengo
|-damage|p2a: Gholdengo|13/100
|
|t:|1760823864
|switch|p1a: OH YEAH!!! YEAH!!|Pincurchin, M|100/100|[from] Volt Switch
|-damage|p1a: OH YEAH!!! YEAH!!|88/100|[from] Stealth Rock
|-fieldstart|move: Electric Terrain|[from] ability: Electric Surge|[of] p1a: OH YEAH!!! YEAH!!
|move|p2a: Gholdengo|Make It Rain|p1a: OH YEAH!!! YEAH!!
|-resisted|p1a: OH YEAH!!! YEAH!!
|-damage|p1a: OH YEAH!!! YEAH!!|0 fnt
|-unboost|p2a: Gholdengo|spa|1
|faint|p1a: OH YEAH!!! YEAH!!
|
|-weather|Snowscape|[upkeep]
|upkeep
|
|t:|1760823866
|switch|p1a: Surf's Up (2007)|Raichu-Alola, F|76/100
|-damage|p1a: Surf's Up (2007)|64/100|[from] Stealth Rock
|turn|10
|
|t:|1760823869
|move|p1a: Surf's Up (2007)|Volt Switch|p2a: Gholdengo
|-damage|p2a: Gholdengo|0 fnt
|faint|p2a: Gholdengo
|
|t:|1760823870
|switch|p1a: William O' Wisp|Rotom-Wash|88/100|[from] Volt Switch
|-damage|p1a: William O' Wisp|76/100|[from] Stealth Rock
|
|-weather|none
|upkeep
|j| langford99
|
|t:|1760823885
|switch|p2a: Iron Valiant|Iron Valiant|100/100
|-activate|p2a: Iron Valiant|ability: Quark Drive
|-start|p2a: Iron Valiant|quarkdrivespe
|turn|11
|
|t:|1760823900
|move|p2a: Iron Valiant|Close Combat|p1a: William O' Wisp
|-damage|p1a: William O' Wisp|6/100
|-unboost|p2a: Iron Valiant|def|1
|-unboost|p2a: Iron Valiant|spd|1
|move|p1a: William O' Wisp|Volt Switch|p2a: Iron Valiant
|-damage|p2a: Iron Valiant|10/100
|
|t:|1760823902
|switch|p1a: Surf's Up (2007)|Raichu-Alola, F|64/100|[from] Volt Switch
|-damage|p1a: Surf's Up (2007)|51/100|[from] Stealth Rock
|
|upkeep
|turn|12
|inactive|Shockmoth has 120 seconds left.
|
|t:|1760823933
|move|p1a: Surf's Up (2007)|Volt Switch|p2a: Iron Valiant
|-damage|p2a: Iron Valiant|0 fnt
|faint|p2a: Iron Valiant
|-end|p2a: Iron Valiant|Quark Drive|[silent]
|inactive|Shockmoth has 120 seconds left.
|inactive|Shockmoth has 90 seconds left.
|
|t:|1760823996
|switch|p1a: William O' Wisp|Rotom-Wash|6/100|[from] Volt Switch
|-damage|p1a: William O' Wisp|0 fnt|[from] Stealth Rock
|faint|p1a: William O' Wisp
|
|upkeep
|j| roll&shoot
|inactive|Ho3nConfirm3d has 120 seconds left.
|
|t:|1760824037
|switch|p2a: Dragonite|Dragonite, M|100/100
|switch|p1a: Surf's Up (2007)|Raichu-Alola, F|51/100
|-damage|p1a: Surf's Up (2007)|39/100|[from] Stealth Rock
|turn|13
|inactive|Shockmoth has 60 seconds left.
|j| crowv2
|inactive|Shockmoth has 30 seconds left.
|inactive|Shockmoth has 20 seconds left.
|
|t:|1760824099
|move|p2a: Dragonite|Extreme Speed|p1a: Surf's Up (2007)
|-damage|p1a: Surf's Up (2007)|0 fnt
|faint|p1a: Surf's Up (2007)
|
|upkeep
|inactive|Shockmoth has 25 seconds left this turn.
|
|t:|1760824100
|switch|p1a: Evanescence|Pawmot, F|100/100
|-damage|p1a: Evanescence|94/100|[from] Stealth Rock
|turn|14
|
|t:|1760824104
|move|p1a: Evanescence|Nuzzle|p2a: Dragonite
|-damage|p2a: Dragonite|95/100
|-status|p2a: Dragonite|par
|cant|p2a: Dragonite|par
|
|upkeep
|turn|15
|
|t:|1760824110
|move|p1a: Evanescence|Revival Blessing|p1a: Evanescence
|-enditem|p1a: Evanescence|Leppa Berry|[eat]
|-activate|p1a: Evanescence|item: Leppa Berry|Revival Blessing|[consumed]
|
|t:|1760824117
|-heal|p1: William O' Wisp|50/100|[from] move: Revival Blessing
|move|p2a: Dragonite|Earthquake|p1a: Evanescence
|-supereffective|p1a: Evanescence
|-damage|p1a: Evanescence|0 fnt
|faint|p1a: Evanescence
|
|upkeep
|
|t:|1760824118
|switch|p1a: William O' Wisp|Rotom-Wash|50/100
|-damage|p1a: William O' Wisp|38/100|[from] Stealth Rock
|turn|16
|inactive|Ho3nConfirm3d has 120 seconds left.
|
|t:|1760824160
|-terastallize|p2a: Dragonite|Normal
|move|p2a: Dragonite|Extreme Speed|p1a: William O' Wisp
|-damage|p1a: William O' Wisp|0 fnt
|faint|p1a: William O' Wisp
|
|-fieldend|move: Electric Terrain
|upkeep
|
|t:|1760824184
|switch|p1a: Iron Deficiency|Iron Hands|100/100
|-damage|p1a: Iron Deficiency|94/100|[from] Stealth Rock
|turn|17
|
|t:|1760824196
|switch|p2a: Ninetales|Ninetales-Alola, M|40/100 par
|-weather|Snowscape|[from] ability: Snow Warning|[of] p2a: Ninetales
|move|p1a: Iron Deficiency|Swords Dance|p1a: Iron Deficiency
|-boost|p1a: Iron Deficiency|atk|2
|
|-weather|Snowscape|[upkeep]
|upkeep
|turn|18
|
|t:|1760824199
|move|p2a: Ninetales|Encore|p1a: Iron Deficiency
|-start|p1a: Iron Deficiency|Encore
|move|p1a: Iron Deficiency|Swords Dance|p1a: Iron Deficiency
|-boost|p1a: Iron Deficiency|atk|2
|
|-weather|Snowscape|[upkeep]
|upkeep
|turn|19
|
|t:|1760824211
|move|p2a: Ninetales|Freeze-Dry|p1a: Iron Deficiency
|-damage|p1a: Iron Deficiency|75/100
|move|p1a: Iron Deficiency|Swords Dance|p1a: Iron Deficiency
|-boost|p1a: Iron Deficiency|atk|2
|
|-weather|Snowscape|[upkeep]
|upkeep
|turn|20
|
|t:|1760824218
|move|p2a: Ninetales|Freeze-Dry|p1a: Iron Deficiency
|-crit|p1a: Iron Deficiency
|-damage|p1a: Iron Deficiency|44/100
|move|p1a: Iron Deficiency|Swords Dance|p1a: Iron Deficiency
|-boost|p1a: Iron Deficiency|atk|0
|
|-weather|Snowscape|[upkeep]
|-end|p1a: Iron Deficiency|Encore
|upkeep
|turn|21
|-activate|p1a: Iron Deficiency|item: Quick Claw
|
|t:|1760824221
|move|p1a: Iron Deficiency|Drain Punch|p2a: Ninetales
|-damage|p2a: Ninetales|0 fnt
|-heal|p1a: Iron Deficiency|59/100|[from] drain|[of] p2a: Ninetales
|faint|p2a: Ninetales
|
|-weather|none
|upkeep
|
|t:|1760824225
|switch|p2a: Iron Boulder|Iron Boulder|100/100
|-enditem|p2a: Iron Boulder|Booster Energy
|-activate|p2a: Iron Boulder|ability: Quark Drive|[fromitem]
|-start|p2a: Iron Boulder|quarkdrivespe
|turn|22
|
|t:|1760824226
|move|p2a: Iron Boulder|Earthquake|p1a: Iron Deficiency
|-supereffective|p1a: Iron Deficiency
|-damage|p1a: Iron Deficiency|18/100
|move|p1a: Iron Deficiency|Drain Punch|p2a: Iron Boulder
|-damage|p2a: Iron Boulder|0 fnt
|-heal|p1a: Iron Deficiency|53/100|[from] drain|[of] p2a: Iron Boulder
|faint|p2a: Iron Boulder
|-end|p2a: Iron Boulder|Quark Drive|[silent]
|
|upkeep
|
|t:|1760824228
|switch|p2a: Dragonite|Dragonite, M, tera:Normal|95/100 par
|turn|23
|
|t:|1760824230
|move|p1a: Iron Deficiency|Drain Punch|p2a: Dragonite
|-supereffective|p2a: Dragonite
|-damage|p2a: Dragonite|0 fnt
|-heal|p1a: Iron Deficiency|87/100|[from] drain|[of] p2a: Dragonite
|faint|p2a: Dragonite
|
|win|Shockmoth
|raw|Shockmoth's rating: 1799 &rarr; <strong>1823</strong><br />(+24 for winning)
|raw|Ho3nConfirm3d's rating: 1865 &rarr; <strong>1841</strong><br />(-24 for losing)
|l|☆Ho3nConfirm3d
|player|p2|
|c|☆Shockmoth|Gg
|c| crowv2|quick claw is a cruel lover
|l| roll&shoot
|c|☆Shockmoth|Truth
