|j|☆big clif
|j|☆darkarrow
|t:|1760817999
|gametype|singles
|player|p1|big clif|cynthia-gen4|1645
|player|p2|darkarrow|102|1713
|gen|9
|tier|[Gen 9] OU
|rated|
|rule|HP Percentage Mod: HP is shown in percentages
|rule|Endless Battle Clause: Forcing endless battles is banned
|rule|Species Clause: Limit one of each Pokémon
|rule|OHKO Clause: OHKO moves are banned
|rule|Evasion Items Clause: Evasion items are banned
|rule|Evasion Moves Clause: Evasion moves are banned
|rule|Evasion Abilities Clause: Evasion abilities are banned
|rule|Sleep Moves Clause: Sleep-inducing moves are banned
|clearpoke
|poke|p1|Deoxys-Speed|
|poke|p1|Moltres-Galar|
|poke|p1|Blaziken, F|
|poke|p1|Gholdengo|
|poke|p1|Kyurem|
|poke|p1|Zamazenta-*|
|poke|p2|Dragonite, F|
|poke|p2|Zamazenta-*|
|poke|p2|Landorus-Therian, M|
|poke|p2|Gholdengo|
|poke|p2|Darkrai|
|poke|p2|Hatterene, F|
|teampreview
|inactive|Battle timer is ON: inactive players will automatically lose when time's up. (requested by big clif)
|c|☆big clif|glhf
|
|t:|1760818015
|teamsize|p1|6
|teamsize|p2|6
|start
|switch|p1a: Deoxys|Deoxys-Speed|100/100
|switch|p2a: Landorus|Landorus-Therian, M|100/100
|-ability|p1a: Deoxys|Pressure
|-ability|p2a: Landorus|Intimidate|boost
|-unboost|p1a: Deoxys|atk|1
|turn|1
|
|t:|1760818020
|switch|p2a: Hatterene|Hatterene, F|100/100
|move|p1a: Deoxys|Reflect|p1a: Deoxys
|-sidestart|p1: big clif|Reflect
|
|upkeep
|turn|2
|
|t:|1760818029
|move|p1a: Deoxys|Light Screen|p1a: Deoxys
|-sidestart|p1: big clif|move: Light Screen
|move|p2a: Hatterene|Mystical Fire|p1a: Deoxys
|-damage|p1a: Deoxys|85/100
|-unboost|p1a: Deoxys|spa|1
|
|upkeep
|turn|3
|
|t:|1760818059
|switch|p1a: Gholdengo|Gholdengo|100/100
|-item|p1a: Gholdengo|Air Balloon
|move|p2a: Hatterene|Mystical Fire|p1a: Gholdengo
|-supereffective|p1a: Gholdengo
|-damage|p1a: Gholdengo|72/100
|-unboost|p1a: Gholdengo|spa|1
|-enditem|p1a: Gholdengo|Air Balloon
|
|upkeep
|turn|4
|inactive|big clif has 120 seconds left.
|
|t:|1760818080
|switch|p2a: Darkrai|Darkrai|100/100
|move|p1a: Gholdengo|Nasty Plot|p1a: Gholdengo
|-boost|p1a: Gholdengo|spa|2
|
|upkeep
|turn|5
|
|t:|1760818084
|move|p2a: Darkrai|Dark Pulse|p1a: Gholdengo
|-supereffective|p1a: Gholdengo
|-damage|p1a: Gholdengo|30/100
|move|p1a: Gholdengo|Make It Rain|p2a: Darkrai
|-damage|p2a: Darkrai|0 fnt
|-unboost|p1a: Gholdengo|spa|1
|faint|p2a: Darkrai
|
|upkeep
|
|t:|1760818099
|switch|p2a: Landorus|Landorus-Therian, M|100/100
|-ability|p2a: Landorus|Intimidate|boost
|-unboost|p1a: Gholdengo|atk|1
|turn|6
|
|t:|1760818106
|switch|p1a: Moltres|Moltres-Galar|100/100
|move|p2a: Landorus|Stealth Rock|p1a: Moltres
|-sidestart|p1: big clif|move: Stealth Rock
|
|upkeep
|turn|7
|
|t:|1760818114
|move|p1a: Moltres|Agility|p1a: Moltres
|-boost|p1a: Moltres|spe|2
|move|p2a: Landorus|U-turn|p1a: Moltres
|-damage|p1a: Moltres|88/100
|
|t:|1760818123
|switch|p2a: Zamazenta|Zamazenta|100/100|[from] U-turn
|-ability|p2a: Zamazenta|Dauntless Shield|boost
|-boost|p2a: Zamazenta|def|1
|
|upkeep
|turn|8
|
|t:|1760818131
|-terastallize|p2a: Zamazenta|Fire
|move|p1a: Moltres|Hurricane|p2a: Zamazenta|[miss]
|-miss|p1a: Moltres|p2a: Zamazenta
|move|p2a: Zamazenta|Roar|p1a: Moltres
|drag|p1a: Kyurem|Kyurem|100/100
|-ability|p1a: Kyurem|Pressure
|
|-sideend|p1: big clif|Reflect
|upkeep
|turn|9
|
|t:|1760818149
|switch|p1a: Deoxys|Deoxys-Speed|85/100
|-damage|p1a: Deoxys|73/100|[from] Stealth Rock
|-ability|p1a: Deoxys|Pressure
|move|p2a: Zamazenta|Iron Defense|p2a: Zamazenta
|-boost|p2a: Zamazenta|def|2
|
|-sideend|p1: big clif|move: Light Screen
|upkeep
|turn|10
|
|t:|1760818156
|switch|p2a: Hatterene|Hatterene, F|100/100
|move|p1a: Deoxys|Taunt|p2a: Hatterene
|move|p2a: Hatterene|Taunt|p1a: Deoxys|[from] ability: Magic Bounce
|-start|p1a: Deoxys|move: Taunt
|
|upkeep
|turn|11
|
|t:|1760818167
|switch|p1a: Gholdengo|Gholdengo|30/100
|-damage|p1a: Gholdengo|24/100|[from] Stealth Rock
|move|p2a: Hatterene|Mystical Fire|p1a: Gholdengo
|-supereffective|p1a: Gholdengo
|-damage|p1a: Gholdengo|0 fnt
|faint|p1a: Gholdengo
|
|upkeep
|
|t:|1760818174
|switch|p1a: Deoxys|Deoxys-Speed|73/100
|-damage|p1a: Deoxys|61/100|[from] Stealth Rock
|-ability|p1a: Deoxys|Pressure
|turn|12
|
|t:|1760818180
|move|p1a: Deoxys|Light Screen|p1a: Deoxys
|-sidestart|p1: big clif|move: Light Screen
|move|p2a: Hatterene|Mystical Fire|p1a: Deoxys
|-damage|p1a: Deoxys|46/100
|-unboost|p1a: Deoxys|spa|1
|
|upkeep
|turn|13
|
|t:|1760818184
|move|p1a: Deoxys|Reflect|p1a: Deoxys
|-sidestart|p1: big clif|Reflect
|move|p2a: Hatterene|Mystical Fire|p1a: Deoxys
|-damage|p1a: Deoxys|30/100
|-unboost|p1a: Deoxys|spa|1
|
|upkeep
|turn|14
|
|t:|1760818187
|switch|p1a: Kyurem|Kyurem|100/100
|-ability|p1a: Kyurem|Pressure
|move|p2a: Hatterene|Mystical Fire|p1a: Kyurem
|-damage|p1a: Kyurem|89/100
|-unboost|p1a: Kyurem|spa|1
|
|upkeep
|turn|15
|
|t:|1760818196
|switch|p2a: Landorus|Landorus-Therian, M|100/100
|-ability|p2a: Landorus|Intimidate|boost
|-unboost|p1a: Kyurem|atk|1
|move|p1a: Kyurem|Dragon Dance|p1a: Kyurem
|-boost|p1a: Kyurem|atk|1
|-boost|p1a: Kyurem|spe|1
|
|upkeep
|turn|16
|
|t:|1760818205
|switch|p2a: Hatterene|Hatterene, F|100/100
|move|p1a: Kyurem|Dragon Dance|p1a: Kyurem
|-boost|p1a: Kyurem|atk|1
|-boost|p1a: Kyurem|spe|1
|
|upkeep
|turn|17
|
|t:|1760818225
|switch|p2a: Landorus|Landorus-Therian, M|100/100
|-ability|p2a: Landorus|Intimidate|boost
|-unboost|p1a: Kyurem|atk|1
|move|p1a: Kyurem|Icicle Spear|p2a: Landorus
|-supereffective|p2a: Landorus
|-damage|p2a: Landorus|58/100
|-supereffective|p2a: Landorus
|-damage|p2a: Landorus|14/100
|-hitcount|p2a: Landorus|2
|
|upkeep
|turn|18
|
|t:|1760818229
|move|p1a: Kyurem|Dragon Dance|p1a: Kyurem
|-boost|p1a: Kyurem|atk|1
|-boost|p1a: Kyurem|spe|1
|move|p2a: Landorus|U-turn|p1a: Kyurem
|-crit|p1a: Kyurem
|-damage|p1a: Kyurem|55/100
|
|t:|1760818231
|switch|p2a: Hatterene|Hatterene, F|100/100|[from] U-turn
|
|upkeep
|turn|19
|
|t:|1760818234
|switch|p2a: Landorus|Landorus-Therian, M|14/100
|-ability|p2a: Landorus|Intimidate|boost
|-unboost|p1a: Kyurem|atk|1
|move|p1a: Kyurem|Icicle Spear|p2a: Landorus
|-supereffective|p2a: Landorus
|-damage|p2a: Landorus|0 fnt
|faint|p2a: Landorus
|-hitcount|p2: Landorus|1
|
|-sideend|p1: big clif|move: Light Screen
|upkeep
|
|t:|1760818237
|switch|p2a: Zamazenta|Zamazenta, tera:Fire|100/100
|turn|20
|
|t:|1760818240
|move|p1a: Kyurem|Earth Power|p2a: Zamazenta
|-supereffective|p2a: Zamazenta
|-damage|p2a: Zamazenta|69/100
|move|p2a: Zamazenta|Iron Defense|p2a: Zamazenta
|-boost|p2a: Zamazenta|def|2
|
|-heal|p2a: Zamazenta|75/100|[from] item: Leftovers
|-sideend|p1: big clif|Reflect
|upkeep
|turn|21
|
|t:|1760818246
|move|p1a: Kyurem|Earth Power|p2a: Zamazenta
|-supereffective|p2a: Zamazenta
|-damage|p2a: Zamazenta|38/100
|move|p2a: Zamazenta|Body Press|p1a: Kyurem
|-supereffective|p1a: Kyurem
|-damage|p1a: Kyurem|0 fnt
|faint|p1a: Kyurem
|
|-heal|p2a: Zamazenta|44/100|[from] item: Leftovers
|upkeep
|
|t:|1760818264
|switch|p1a: Deoxys|Deoxys-Speed|30/100
|-damage|p1a: Deoxys|18/100|[from] Stealth Rock
|-ability|p1a: Deoxys|Pressure
|turn|22
|
|t:|1760818268
|move|p1a: Deoxys|Reflect|p1a: Deoxys
|-sidestart|p1: big clif|Reflect
|move|p2a: Zamazenta|Body Press|p1a: Deoxys
|-resisted|p1a: Deoxys
|-damage|p1a: Deoxys|0 fnt
|faint|p1a: Deoxys
|
|-heal|p2a: Zamazenta|50/100|[from] item: Leftovers
|upkeep
|
|t:|1760818281
|switch|p1a: Moltres|Moltres-Galar|88/100
|-damage|p1a: Moltres|63/100|[from] Stealth Rock
|turn|23
|
|t:|1760818295
|switch|p2a: Hatterene|Hatterene, F|100/100
|move|p1a: Moltres|Agility|p1a: Moltres
|-boost|p1a: Moltres|spe|2
|
|upkeep
|turn|24
|
|t:|1760818299
|move|p1a: Moltres|Fiery Wrath|p2a: Hatterene
|-damage|p2a: Hatterene|71/100
|cant|p2a: Hatterene|flinch
|
|upkeep
|turn|25
|
|t:|1760818305
|move|p1a: Moltres|Fiery Wrath|p2a: Hatterene
|-damage|p2a: Hatterene|46/100
|move|p2a: Hatterene|Mystical Fire|p1a: Moltres
|-damage|p1a: Moltres|41/100
|-unboost|p1a: Moltres|spa|1
|-ability|p1a: Moltres|Berserk|boost
|-boost|p1a: Moltres|spa|1
|-enditem|p1a: Moltres|Sitrus Berry|[eat]
|-heal|p1a: Moltres|66/100|[from] item: Sitrus Berry
|
|upkeep
|turn|26
|
|t:|1760818316
|move|p1a: Moltres|Nasty Plot|p1a: Moltres
|-boost|p1a: Moltres|spa|2
|move|p2a: Hatterene|Draining Kiss|p1a: Moltres
|-supereffective|p1a: Moltres
|-damage|p1a: Moltres|23/100
|-heal|p2a: Hatterene|79/100|[from] drain|[of] p1a: Moltres
|-ability|p1a: Moltres|Berserk|boost
|-boost|p1a: Moltres|spa|1
|
|upkeep
|turn|27
|
|t:|1760818323
|switch|p2a: Gholdengo|Gholdengo|100/100
|move|p1a: Moltres|Fiery Wrath|p2a: Gholdengo
|-supereffective|p2a: Gholdengo
|-damage|p2a: Gholdengo|0 fnt
|faint|p2a: Gholdengo
|
|upkeep
|
|t:|1760818328
|switch|p2a: Dragonite|Dragonite, F|100/100
|turn|28
|
|t:|1760818331
|move|p1a: Moltres|Fiery Wrath|p2a: Dragonite
|-damage|p2a: Dragonite|44/100
|cant|p2a: Dragonite|flinch
|
|upkeep
|turn|29
|
|t:|1760818344
|switch|p2a: Zamazenta|Zamazenta, tera:Fire|50/100
|move|p1a: Moltres|Fiery Wrath|p2a: Zamazenta
|-damage|p2a: Zamazenta|0 fnt
|faint|p2a: Zamazenta
|
|-sideend|p1: big clif|Reflect
|upkeep
|
|t:|1760818346
|switch|p2a: Dragonite|Dragonite, F|44/100
|turn|30
|
|t:|1760818348
|move|p2a: Dragonite|Extreme Speed|p1a: Moltres
|-damage|p1a: Moltres|0 fnt
|faint|p1a: Moltres
|
|upkeep
|
|t:|1760818354
|switch|p1a: Zamazenta|Zamazenta|100/100
|-damage|p1a: Zamazenta|94/100|[from] Stealth Rock
|-ability|p1a: Zamazenta|Dauntless Shield|boost
|-boost|p1a: Zamazenta|def|1
|turn|31
|
|t:|1760818363
|switch|p2a: Hatterene|Hatterene, F|79/100
|move|p1a: Zamazenta|Heavy Slam|p2a: Hatterene
|-supereffective|p2a: Hatterene
|-damage|p2a: Hatterene|1/100
|
|-heal|p1a: Zamazenta|100/100|[from] item: Leftovers
|upkeep
|turn|32
|
|t:|1760818366
|move|p1a: Zamazenta|Heavy Slam|p2a: Hatterene
|-supereffective|p2a: Hatterene
|-damage|p2a: Hatterene|0 fnt
|faint|p2a: Hatterene
|
|upkeep
|-message|darkarrow forfeited.
|
|win|big clif
|raw|big clif's rating: 1645 &rarr; <strong>1669</strong><br />(+24 for winning)
|raw|darkarrow's rating: 1713 &rarr; <strong>1689</strong><br />(-24 for losing)
|l|☆darkarrow
|player|p2|
|l|☆big clif
|player|p1|
