|j|☆Havestol
|j|☆BorderofSeal
|t:|1760738364
|gametype|singles
|player|p1|Havestol|mars|1578
|player|p2|BorderofSeal|169|1603
|gen|9
|tier|[Gen 9] OU
|rated|
|rule|HP Percentage Mod: HP is shown in percentages
|rule|Endless Battle Clause: Forcing endless battles is banned
|rule|Species Clause: Limit one of each Pokémon
|rule|OHKO Clause: OHKO moves are banned
|rule|Evasion Items Clause: Evasion items are banned
|rule|Evasion Moves Clause: Evasion moves are banned
|rule|Evasion Abilities Clause: Evasion abilities are banned
|rule|Sleep Moves Clause: Sleep-inducing moves are banned
|clearpoke
|poke|p1|Spiritomb, M|
|poke|p1|Ting-Lu|
|poke|p1|Gholdengo|
|poke|p1|Moltres|
|poke|p1|Alomomola, M|
|poke|p1|Dragonite, F|
|poke|p2|Heatran, F|
|poke|p2|Ogerpon-Wellspring, F|
|poke|p2|Slowking-Galar, M|
|poke|p2|Rillaboom, F|
|poke|p2|Landorus-Therian, M|
|poke|p2|Gholdengo|
|teampreview
|inactive|Battle timer is ON: inactive players will automatically lose when time's up. (requested by BorderofSeal)
|inactive|Havestol has 120 seconds left.
|
|t:|1760738433
|teamsize|p1|6
|teamsize|p2|6
|start
|switch|p1a: Spiritomb|Spiritomb, M|100/100
|switch|p2a: Slowking|Slowking-Galar, M|100/100
|turn|1
|
|t:|1760738437
|move|p1a: Spiritomb|Foul Play|p2a: Slowking
|-supereffective|p2a: Slowking
|-damage|p2a: Slowking|78/100
|move|p2a: Slowking|Thunder Wave|p1a: Spiritomb
|-status|p1a: Spiritomb|par
|
|upkeep
|turn|2
|
|t:|1760738444
|move|p2a: Slowking|Future Sight|p1a: Spiritomb
|-start|p2a: Slowking|move: Future Sight
|move|p1a: Spiritomb|Foul Play|p2a: Slowking
|-supereffective|p2a: Slowking
|-damage|p2a: Slowking|55/100
|
|upkeep
|turn|3
|
|t:|1760738447
|-prepare|p2a: Slowking|Chilly Reception|[premajor]
|move|p2a: Slowking|Chilly Reception|p2a: Slowking
|-weather|Snowscape
|
|t:|1760738450
|switch|p2a: Heatran|Heatran, F|100/100|[from] Chilly Reception
|cant|p1a: Spiritomb|par
|
|-weather|Snowscape|[upkeep]
|upkeep
|turn|4
|
|t:|1760738455
|move|p2a: Heatran|Magma Storm|p1a: Spiritomb
|-damage|p1a: Spiritomb|51/100 par
|-activate|p1a: Spiritomb|move: Magma Storm|[of] p2a: Heatran
|move|p1a: Spiritomb|Rest|p1a: Spiritomb
|-status|p1a: Spiritomb|slp|[from] move: Rest
|-heal|p1a: Spiritomb|100/100 slp|[silent]
|
|-weather|Snowscape|[upkeep]
|-end|p1a: Spiritomb|move: Future Sight
|-immune|p1a: Spiritomb
|-damage|p1a: Spiritomb|88/100 slp|[from] move: Magma Storm|[partiallytrapped]
|upkeep
|turn|5
|
|t:|1760738465
|switch|p1a: Ting-Lu|Ting-Lu|100/100
|-ability|p1a: Ting-Lu|Vessel of Ruin
|move|p2a: Heatran|Earth Power|p1a: Ting-Lu
|-crit|p1a: Ting-Lu
|-damage|p1a: Ting-Lu|83/100
|
|-weather|Snowscape|[upkeep]
|-heal|p1a: Ting-Lu|90/100|[from] item: Leftovers
|upkeep
|turn|6
|
|t:|1760738469
|move|p2a: Heatran|Will-O-Wisp|p1a: Ting-Lu|[miss]
|-miss|p2a: Heatran|p1a: Ting-Lu
|move|p1a: Ting-Lu|Spikes|p2a: Heatran
|-sidestart|p2: BorderofSeal|Spikes
|
|-weather|Snowscape|[upkeep]
|-heal|p1a: Ting-Lu|96/100|[from] item: Leftovers
|upkeep
|turn|7
|
|t:|1760738472
|switch|p1a: Moltres|Moltres|100/100
|move|p2a: Heatran|Will-O-Wisp|p1a: Moltres|[miss]
|-miss|p2a: Heatran|p1a: Moltres
|
|-weather|none
|upkeep
|turn|8
|
|t:|1760738476
|switch|p2a: Slowking|Slowking-Galar, M|88/100
|move|p1a: Moltres|Roar|p2a: Slowking
|drag|p2a: Ogerpon|Ogerpon-Wellspring, F|100/100
|-damage|p2a: Ogerpon|88/100|[from] Spikes
|
|upkeep
|turn|9
|
|t:|1760738491
|switch|p1a: Dragonite|Dragonite, F|100/100
|move|p2a: Ogerpon|Ivy Cudgel|p1a: Dragonite|[anim] Ivy Cudgel Water
|-resisted|p1a: Dragonite
|-damage|p1a: Dragonite|73/100
|
|upkeep
|turn|10
|
|t:|1760738496
|move|p2a: Ogerpon|Play Rough|p1a: Dragonite
|-supereffective|p1a: Dragonite
|-damage|p1a: Dragonite|5/100
|move|p1a: Dragonite|Dragon Tail|p2a: Ogerpon
|-damage|p2a: Ogerpon|45/100
|drag|p2a: Landorus|Landorus-Therian, M|100/100
|-ability|p2a: Landorus|Intimidate|boost
|-fail|p1a: Dragonite|unboost|Attack|[from] ability: Inner Focus|[of] p1a: Dragonite
|
|upkeep
|turn|11
|
|t:|1760738504
|move|p1a: Dragonite|Extreme Speed|p2a: Landorus
|-damage|p2a: Landorus|77/100
|-damage|p1a: Dragonite|0 fnt|[from] item: Rocky Helmet|[of] p2a: Landorus
|faint|p1a: Dragonite
|move|p2a: Landorus|Taunt|p1: Dragonite|[notarget]
|-fail|p2a: Landorus
|
|upkeep
|
|t:|1760738516
|switch|p1a: Gholdengo|Gholdengo|100/100
|-item|p1a: Gholdengo|Air Balloon
|turn|12
|
|t:|1760738520
|move|p2a: Landorus|Stealth Rock|p1a: Gholdengo
|-sidestart|p1: Havestol|move: Stealth Rock
|move|p1a: Gholdengo|Nasty Plot|p1a: Gholdengo
|-boost|p1a: Gholdengo|spa|2
|
|upkeep
|turn|13
|
|t:|1760738528
|move|p2a: Landorus|U-turn|p1a: Gholdengo
|-resisted|p1a: Gholdengo
|-damage|p1a: Gholdengo|97/100
|-enditem|p1a: Gholdengo|Air Balloon
|
|t:|1760738531
|switch|p2a: Heatran|Heatran, F|100/100|[from] U-turn
|-damage|p2a: Heatran|88/100|[from] Spikes
|move|p1a: Gholdengo|Nasty Plot|p1a: Gholdengo
|-boost|p1a: Gholdengo|spa|2
|
|-heal|p2a: Heatran|94/100|[from] item: Leftovers
|upkeep
|turn|14
|inactive|Havestol has 120 seconds left.
|
|t:|1760738562
|-terastallize|p1a: Gholdengo|Fairy
|move|p1a: Gholdengo|Shadow Ball|p2a: Heatran
|-damage|p2a: Heatran|32/100
|-unboost|p2a: Heatran|spd|1
|move|p2a: Heatran|Magma Storm|p1a: Gholdengo
|-damage|p1a: Gholdengo|52/100
|-activate|p1a: Gholdengo|move: Magma Storm|[of] p2a: Heatran
|
|-heal|p2a: Heatran|38/100|[from] item: Leftovers
|-damage|p1a: Gholdengo|39/100|[from] move: Magma Storm|[partiallytrapped]
|upkeep
|turn|15
|
|t:|1760738574
|move|p1a: Gholdengo|Recover|p1a: Gholdengo
|-heal|p1a: Gholdengo|89/100
|move|p2a: Heatran|Earth Power|p1a: Gholdengo
|-damage|p1a: Gholdengo|66/100
|
|-heal|p2a: Heatran|45/100|[from] item: Leftovers
|-damage|p1a: Gholdengo|53/100|[from] move: Magma Storm|[partiallytrapped]
|upkeep
|turn|16
|
|t:|1760738583
|move|p1a: Gholdengo|Shadow Ball|p2a: Heatran
|-damage|p2a: Heatran|0 fnt
|faint|p2a: Heatran
|
|-end|p1a: Gholdengo|Magma Storm|[partiallytrapped]|[silent]
|upkeep
|
|t:|1760738587
|switch|p2a: Rillaboom|Rillaboom, F|100/100
|-damage|p2a: Rillaboom|88/100|[from] Spikes
|-fieldstart|move: Grassy Terrain|[from] ability: Grassy Surge|[of] p2a: Rillaboom
|turn|17
|
|t:|1760738592
|switch|p1a: Moltres|Moltres|100/100
|move|p2a: Rillaboom|Wood Hammer|p1a: Moltres
|-resisted|p1a: Moltres
|-damage|p1a: Moltres|73/100
|-damage|p2a: Rillaboom|78/100|[from] Recoil
|
|-heal|p2a: Rillaboom|84/100|[from] Grassy Terrain
|upkeep
|turn|18
|
|t:|1760738597
|switch|p2a: Slowking|Slowking-Galar, M|100/100
|move|p1a: Moltres|Will-O-Wisp|p2a: Slowking
|-status|p2a: Slowking|brn
|
|-damage|p2a: Slowking|94/100 brn|[from] brn
|upkeep
|turn|19
|
|t:|1760738604
|move|p1a: Moltres|Flamethrower|p2a: Slowking
|-damage|p2a: Slowking|67/100 brn
|move|p2a: Slowking|Future Sight|p1a: Moltres
|-start|p2a: Slowking|move: Future Sight
|
|-heal|p2a: Slowking|73/100 brn|[from] Grassy Terrain
|-damage|p2a: Slowking|67/100 brn|[from] brn
|upkeep
|turn|20
|
|t:|1760738613
|move|p1a: Moltres|Flamethrower|p2a: Slowking
|-damage|p2a: Slowking|35/100 brn
|-prepare|p2a: Slowking|Chilly Reception|[premajor]
|move|p2a: Slowking|Chilly Reception|p2a: Slowking
|-weather|Snowscape
|
|t:|1760738616
|switch|p2a: Ogerpon|Ogerpon-Wellspring, F|45/100|[from] Chilly Reception
|-damage|p2a: Ogerpon|33/100|[from] Spikes
|
|-weather|Snowscape|[upkeep]
|-heal|p2a: Ogerpon|39/100|[from] Grassy Terrain
|upkeep
|turn|21
|
|t:|1760738629
|move|p2a: Ogerpon|Ivy Cudgel|p1a: Moltres|[anim] Ivy Cudgel Water
|-supereffective|p1a: Moltres
|-damage|p1a: Moltres|0 fnt
|faint|p1a: Moltres
|
|-weather|Snowscape|[upkeep]
|-hint|Future Sight did not hit because the target is fainted.
|-heal|p2a: Ogerpon|45/100|[from] Grassy Terrain
|-fieldend|move: Grassy Terrain
|upkeep
|
|t:|1760738631
|switch|p1a: Spiritomb|Spiritomb, M|88/100 slp
|-damage|p1a: Spiritomb|75/100 slp|[from] Stealth Rock
|turn|22
|
|t:|1760738635
|switch|p2a: Rillaboom|Rillaboom, F|84/100
|-damage|p2a: Rillaboom|72/100|[from] Spikes
|-fieldstart|move: Grassy Terrain|[from] ability: Grassy Surge|[of] p2a: Rillaboom
|cant|p1a: Spiritomb|slp
|move|p1a: Spiritomb|Sleep Talk|p1a: Spiritomb
|move|p1a: Spiritomb|Rest||[from] move: Sleep Talk|[still]
|-fail|p1a: Spiritomb
|
|-weather|Snowscape|[upkeep]
|-heal|p2a: Rillaboom|78/100|[from] Grassy Terrain
|-heal|p1a: Spiritomb|82/100 slp|[from] Grassy Terrain
|-heal|p1a: Spiritomb|88/100 slp|[from] item: Leftovers
|upkeep
|turn|23
|
|t:|1760738644
|move|p2a: Rillaboom|Knock Off|p1a: Spiritomb
|-damage|p1a: Spiritomb|48/100 slp
|-enditem|p1a: Spiritomb|Leftovers|[from] move: Knock Off|[of] p2a: Rillaboom
|cant|p1a: Spiritomb|slp
|move|p1a: Spiritomb|Sleep Talk|p1a: Spiritomb
|move|p1a: Spiritomb|Foul Play|p2a: Rillaboom|[from] move: Sleep Talk
|-damage|p2a: Rillaboom|22/100
|
|-weather|Snowscape|[upkeep]
|-heal|p2a: Rillaboom|28/100|[from] Grassy Terrain
|-heal|p1a: Spiritomb|54/100 slp|[from] Grassy Terrain
|upkeep
|turn|24
|
|t:|1760738648
|switch|p2a: Landorus|Landorus-Therian, M|77/100
|-ability|p2a: Landorus|Intimidate|boost
|-unboost|p1a: Spiritomb|atk|1
|-curestatus|p1a: Spiritomb|slp|[msg]
|move|p1a: Spiritomb|Foul Play|p2a: Landorus
|-damage|p2a: Landorus|53/100
|-damage|p1a: Spiritomb|38/100|[from] item: Rocky Helmet|[of] p2a: Landorus
|
|-weather|none
|-heal|p1a: Spiritomb|44/100|[from] Grassy Terrain
|upkeep
|turn|25
|
|t:|1760738656
|switch|p1a: Alomomola|Alomomola, M|100/100
|move|p2a: Landorus|Taunt|p1a: Alomomola
|-start|p1a: Alomomola|move: Taunt
|
|upkeep
|turn|26
|
|t:|1760738661
|move|p2a: Landorus|U-turn|p1a: Alomomola
|-damage|p1a: Alomomola|91/100
|
|t:|1760738663
|switch|p2a: Ogerpon|Ogerpon-Wellspring, F|45/100|[from] U-turn
|-damage|p2a: Ogerpon|32/100|[from] Spikes
|move|p1a: Alomomola|Body Slam|p2a: Ogerpon
|-damage|p2a: Ogerpon|11/100
|-status|p2a: Ogerpon|par
|
|-heal|p2a: Ogerpon|17/100 par|[from] Grassy Terrain
|-heal|p1a: Alomomola|97/100|[from] Grassy Terrain
|-fieldend|move: Grassy Terrain
|upkeep
|turn|27
|
|t:|1760738670
|move|p2a: Ogerpon|Horn Leech|p1a: Alomomola
|-supereffective|p1a: Alomomola
|-damage|p1a: Alomomola|52/100
|-heal|p2a: Ogerpon|57/100 par|[from] drain|[of] p1a: Alomomola
|move|p1a: Alomomola|Body Slam|p2a: Ogerpon
|-crit|p2a: Ogerpon
|-damage|p2a: Ogerpon|29/100 par
|
|-end|p1a: Alomomola|move: Taunt
|upkeep
|turn|28
|
|t:|1760738677
|move|p2a: Ogerpon|Horn Leech|p1a: Alomomola
|-supereffective|p1a: Alomomola
|-damage|p1a: Alomomola|3/100
|-heal|p2a: Ogerpon|72/100 par|[from] drain|[of] p1a: Alomomola
|move|p1a: Alomomola|Wish|p1a: Alomomola
|
|upkeep
|turn|29
|
|t:|1760738689
|switch|p1a: Spiritomb|Spiritomb, M|44/100
|-damage|p1a: Spiritomb|31/100|[from] Stealth Rock
|move|p2a: Ogerpon|Ivy Cudgel|p1a: Spiritomb|[anim] Ivy Cudgel Water
|-damage|p1a: Spiritomb|0 fnt
|faint|p1a: Spiritomb
|
|upkeep
|
|t:|1760738694
|switch|p1a: Gholdengo|Gholdengo, tera:Fairy|53/100
|-damage|p1a: Gholdengo|41/100|[from] Stealth Rock
|turn|30
|
|t:|1760738699
|switch|p2a: Slowking|Slowking-Galar, M|68/100 brn
|move|p1a: Gholdengo|Recover|p1a: Gholdengo
|-heal|p1a: Gholdengo|91/100
|
|-damage|p2a: Slowking|62/100 brn|[from] brn
|upkeep
|turn|31
|
|t:|1760738705
|switch|p1a: Ting-Lu|Ting-Lu|96/100
|-damage|p1a: Ting-Lu|90/100|[from] Stealth Rock
|-ability|p1a: Ting-Lu|Vessel of Ruin
|move|p2a: Slowking|Sludge Bomb|p1a: Ting-Lu
|-resisted|p1a: Ting-Lu
|-damage|p1a: Ting-Lu|82/100
|
|-heal|p1a: Ting-Lu|88/100|[from] item: Leftovers
|-damage|p2a: Slowking|56/100 brn|[from] brn
|upkeep
|turn|32
|
|t:|1760738712
|-prepare|p2a: Slowking|Chilly Reception|[premajor]
|move|p2a: Slowking|Chilly Reception|p2a: Slowking
|-weather|Snowscape
|
|t:|1760738714
|switch|p2a: Rillaboom|Rillaboom, F|28/100|[from] Chilly Reception
|-damage|p2a: Rillaboom|16/100|[from] Spikes
|-fieldstart|move: Grassy Terrain|[from] ability: Grassy Surge|[of] p2a: Rillaboom
|move|p1a: Ting-Lu|Whirlwind|p2a: Rillaboom
|drag|p2a: Landorus|Landorus-Therian, M|53/100
|-ability|p2a: Landorus|Intimidate|boost
|-unboost|p1a: Ting-Lu|atk|1
|
|-weather|Snowscape|[upkeep]
|-heal|p1a: Ting-Lu|94/100|[from] Grassy Terrain
|-heal|p1a: Ting-Lu|100/100|[from] item: Leftovers
|upkeep
|turn|33
|
|t:|1760738720
|move|p2a: Landorus|Taunt|p1a: Ting-Lu
|-start|p1a: Ting-Lu|move: Taunt
|move|p1a: Ting-Lu|Ruination|p2a: Landorus
|-damage|p2a: Landorus|27/100
|
|-weather|Snowscape|[upkeep]
|upkeep
|turn|34
|
|t:|1760738724
|move|p2a: Landorus|U-turn|p1a: Ting-Lu
|-supereffective|p1a: Ting-Lu
|-damage|p1a: Ting-Lu|83/100
|
|t:|1760738727
|switch|p2a: Rillaboom|Rillaboom, F|16/100|[from] U-turn
|-damage|p2a: Rillaboom|4/100|[from] Spikes
|move|p1a: Ting-Lu|Ruination|p2a: Rillaboom
|-damage|p2a: Rillaboom|2/100
|
|-weather|Snowscape|[upkeep]
|-heal|p2a: Rillaboom|8/100|[from] Grassy Terrain
|-heal|p1a: Ting-Lu|89/100|[from] Grassy Terrain
|-heal|p1a: Ting-Lu|95/100|[from] item: Leftovers
|upkeep
|turn|35
|
|t:|1760738733
|move|p2a: Rillaboom|Wood Hammer|p1a: Ting-Lu
|-supereffective|p1a: Ting-Lu
|-crit|p1a: Ting-Lu
|-damage|p1a: Ting-Lu|0 fnt
|faint|p1a: Ting-Lu
|-damage|p2a: Rillaboom|0 fnt|[from] Recoil
|faint|p2a: Rillaboom
|
|-weather|Snowscape|[upkeep]
|upkeep
|
|t:|1760738739
|switch|p2a: Ogerpon|Ogerpon-Wellspring, F|72/100 par
|switch|p1a: Gholdengo|Gholdengo, tera:Fairy|91/100
|-damage|p1a: Gholdengo|78/100|[from] Stealth Rock
|-damage|p2a: Ogerpon|60/100 par|[from] Spikes
|turn|36
|
|t:|1760738747
|move|p1a: Gholdengo|Nasty Plot|p1a: Gholdengo
|-boost|p1a: Gholdengo|spa|2
|cant|p2a: Ogerpon|par
|
|-weather|none
|-heal|p1a: Gholdengo|84/100|[from] Grassy Terrain
|-heal|p2a: Ogerpon|66/100 par|[from] Grassy Terrain
|-fieldend|move: Grassy Terrain
|upkeep
|turn|37
|
|t:|1760738751
|move|p1a: Gholdengo|Shadow Ball|p2a: Ogerpon
|-damage|p2a: Ogerpon|0 fnt
|faint|p2a: Ogerpon
|
|upkeep
|
|t:|1760738753
|switch|p2a: Gholdengo|Gholdengo|100/100
|-damage|p2a: Gholdengo|88/100|[from] Spikes
|turn|38
|
|t:|1760738762
|switch|p1a: Alomomola|Alomomola, M|37/100
|move|p2a: Gholdengo|Make It Rain|p1a: Alomomola
|-resisted|p1a: Alomomola
|-damage|p1a: Alomomola|2/100
|-unboost|p2a: Gholdengo|spa|1
|
|upkeep
|turn|39
|
|t:|1760738767
|move|p2a: Gholdengo|Make It Rain|p1a: Alomomola
|-resisted|p1a: Alomomola
|-damage|p1a: Alomomola|0 fnt
|-unboost|p2a: Gholdengo|spa|1
|faint|p1a: Alomomola
|
|upkeep
|
|t:|1760738768
|switch|p1a: Gholdengo|Gholdengo, tera:Fairy|84/100
|-damage|p1a: Gholdengo|72/100|[from] Stealth Rock
|turn|40
|
|t:|1760738771
|switch|p2a: Landorus|Landorus-Therian, M|27/100
|-ability|p2a: Landorus|Intimidate|boost
|-unboost|p1a: Gholdengo|atk|1
|move|p1a: Gholdengo|Nasty Plot|p1a: Gholdengo
|-boost|p1a: Gholdengo|spa|2
|
|upkeep
|turn|41
|
|t:|1760738774
|move|p1a: Gholdengo|Recover|p1a: Gholdengo
|-heal|p1a: Gholdengo|100/100
|move|p2a: Landorus|Scorching Sands|p1a: Gholdengo
|-crit|p1a: Gholdengo
|-damage|p1a: Gholdengo|65/100
|
|upkeep
|turn|42
|
|t:|1760738781
|move|p2a: Landorus|Scorching Sands|p1a: Gholdengo
|-damage|p1a: Gholdengo|38/100
|move|p1a: Gholdengo|Shadow Ball|p2a: Landorus
|-damage|p2a: Landorus|0 fnt
|faint|p2a: Landorus
|
|upkeep
|
|t:|1760738786
|switch|p2a: Gholdengo|Gholdengo|88/100
|-damage|p2a: Gholdengo|76/100|[from] Spikes
|turn|43
|
|t:|1760738788
|move|p2a: Gholdengo|Make It Rain|p1a: Gholdengo
|-supereffective|p1a: Gholdengo
|-damage|p1a: Gholdengo|0 fnt
|-unboost|p2a: Gholdengo|spa|1
|faint|p1a: Gholdengo
|
|win|BorderofSeal
|raw|Havestol's rating: 1578 &rarr; <strong>1559</strong><br />(-19 for losing)
|raw|BorderofSeal's rating: 1603 &rarr; <strong>1622</strong><br />(+19 for winning)
|l|☆BorderofSeal
|player|p2|
