|j|☆motorskk
|j|☆EdgarproUranium
|t:|1760879873
|gametype|singles
|player|p1|motorskk|battlegirl-gen4|1506
|player|p2|EdgarproUranium|parasollady|1508
|gen|9
|tier|[Gen 9] OU
|rated|
|rule|HP Percentage Mod: HP is shown in percentages
|rule|Endless Battle Clause: Forcing endless battles is banned
|rule|Species Clause: Limit one of each Pokémon
|rule|OHKO Clause: OHKO moves are banned
|rule|Evasion Items Clause: Evasion items are banned
|rule|Evasion Moves Clause: Evasion moves are banned
|rule|Evasion Abilities Clause: Evasion abilities are banned
|rule|Sleep Moves Clause: Sleep-inducing moves are banned
|clearpoke
|poke|p1|Tinkaton, F|
|poke|p1|Darkrai|
|poke|p1|Samurott-Hisui, F|
|poke|p1|Zapdos|
|poke|p1|Sinistcha|
|poke|p1|Clodsire, F|
|poke|p2|Lilligant-Hisui, F|
|poke|p2|Iron Crown|
|poke|p2|Alomomola, F|
|poke|p2|Glimmora, F|
|poke|p2|Weavile, F|
|poke|p2|Heatran, M|
|teampreview
|inactive|Battle timer is ON: inactive players will automatically lose when time's up. (requested by motorskk)
|
|t:|1760879890
|teamsize|p1|6
|teamsize|p2|6
|start
|switch|p1a: Zapdos|Zapdos|100/100
|switch|p2a: Iron Crown|Iron Crown|100/100
|turn|1
|
|t:|1760879895
|move|p2a: Iron Crown|Psychic Noise|p1a: Zapdos
|-damage|p1a: Zapdos|45/100
|-start|p1a: Zapdos|move: Heal Block
|move|p1a: Zapdos|Thunder Wave|p2a: Iron Crown
|-status|p2a: Iron Crown|par
|
|upkeep
|turn|2
|
|t:|1760879908
|switch|p1a: Darkrai|Darkrai|100/100
|-end|p2a: Iron Crown|Quark Drive|[silent]
|switch|p2a: Weavile|Weavile, F|100/100
|-ability|p2a: Weavile|Pressure
|
|upkeep
|turn|3
|
|t:|1760879930
|switch|p2a: Glimmora|Glimmora, F|100/100
|switch|p1a: Tinkaton|Tinkaton, F|100/100
|-item|p1a: Tinkaton|Air Balloon
|
|upkeep
|turn|4
|
|t:|1760879939
|move|p1a: Tinkaton|Stealth Rock|p2a: Glimmora
|-sidestart|p2: EdgarproUranium|move: Stealth Rock
|move|p2a: Glimmora|Stealth Rock|p1a: Tinkaton
|-sidestart|p1: motorskk|move: Stealth Rock
|
|upkeep
|turn|5
|
|t:|1760879962
|move|p1a: Tinkaton|Knock Off|p2a: Glimmora
|-damage|p2a: Glimmora|77/100
|-activate|p2a: Glimmora|ability: Toxic Debris
|-sidestart|p1: motorskk|move: Toxic Spikes
|-enditem|p2a: Glimmora|Red Card|[from] move: Knock Off|[of] p1a: Tinkaton
|move|p2a: Glimmora|Power Gem|p1a: Tinkaton
|-resisted|p1a: Tinkaton
|-damage|p1a: Tinkaton|83/100
|-enditem|p1a: Tinkaton|Air Balloon
|
|upkeep
|turn|6
|
|t:|1760879975
|move|p1a: Tinkaton|Gigaton Hammer|p2a: Glimmora
|-supereffective|p2a: Glimmora
|-damage|p2a: Glimmora|0 fnt
|-activate|p2a: Glimmora|ability: Toxic Debris
|-sidestart|p1: motorskk|move: Toxic Spikes
|faint|p2a: Glimmora
|
|upkeep
|
|t:|1760879987
|switch|p2a: Heatran|Heatran, M|100/100
|-damage|p2a: Heatran|88/100|[from] Stealth Rock
|turn|7
|
|t:|1760879990
|switch|p1a: Clodsire|Clodsire, F|100/100
|-sideend|p1: motorskk|move: Toxic Spikes|[of] p1a: Clodsire
|move|p2a: Heatran|Magma Storm|p1a: Clodsire|[miss]
|-miss|p2a: Heatran|p1a: Clodsire
|
|-heal|p2a: Heatran|94/100|[from] item: Leftovers
|upkeep
|turn|8
|
|t:|1760880005
|move|p2a: Heatran|Taunt|p1a: Clodsire
|-start|p1a: Clodsire|move: Taunt
|cant|p1a: Clodsire|move: Taunt|Toxic
|
|-heal|p2a: Heatran|99/100|[from] item: Leftovers
|upkeep
|turn|9
|
|t:|1760880010
|-terastallize|p2a: Heatran|Grass
|move|p2a: Heatran|Magma Storm|p1a: Clodsire|[miss]
|-miss|p2a: Heatran|p1a: Clodsire
|move|p1a: Clodsire|Earthquake|p2a: Heatran
|-resisted|p2a: Heatran
|-damage|p2a: Heatran|90/100
|
|-heal|p2a: Heatran|96/100|[from] item: Leftovers
|upkeep
|turn|10
|inactive|motorskk has 120 seconds left.
|
|t:|1760880046
|switch|p1a: Zapdos|Zapdos|45/100
|move|p2a: Heatran|Magma Storm|p1a: Zapdos
|-damage|p1a: Zapdos|4/100
|-activate|p1a: Zapdos|move: Magma Storm|[of] p2a: Heatran
|
|-heal|p2a: Heatran|100/100|[from] item: Leftovers
|-damage|p1a: Zapdos|0 fnt|[from] move: Magma Storm|[partiallytrapped]
|faint|p1a: Zapdos
|upkeep
|
|t:|1760880058
|switch|p1a: Darkrai|Darkrai|100/100
|-damage|p1a: Darkrai|88/100|[from] Stealth Rock
|turn|11
|
|t:|1760880076
|move|p1a: Darkrai|Sludge Bomb|p2a: Heatran
|-supereffective|p2a: Heatran
|-damage|p2a: Heatran|50/100
|move|p2a: Heatran|Magma Storm|p1a: Darkrai|[miss]
|-miss|p2a: Heatran|p1a: Darkrai
|
|-heal|p2a: Heatran|56/100|[from] item: Leftovers
|upkeep
|turn|12
|
|t:|1760880092
|switch|p2a: Iron Crown|Iron Crown|100/100 par
|-damage|p2a: Iron Crown|94/100 par|[from] Stealth Rock
|move|p1a: Darkrai|Sludge Bomb|p2a: Iron Crown
|-immune|p2a: Iron Crown
|
|upkeep
|turn|13
|
|t:|1760880097
|move|p1a: Darkrai|Dark Pulse|p2a: Iron Crown
|-supereffective|p2a: Iron Crown
|-damage|p2a: Iron Crown|0 fnt
|faint|p2a: Iron Crown
|-end|p2a: Iron Crown|Quark Drive|[silent]
|
|upkeep
|
|t:|1760880103
|switch|p2a: Weavile|Weavile, F|100/100
|-damage|p2a: Weavile|76/100|[from] Stealth Rock
|-ability|p2a: Weavile|Pressure
|turn|14
|inactive|motorskk has 120 seconds left.
|
|t:|1760880118
|switch|p1a: Tinkaton|Tinkaton, F|83/100
|-damage|p1a: Tinkaton|77/100|[from] Stealth Rock
|move|p2a: Weavile|Triple Axel|p1a: Tinkaton
|-resisted|p1a: Tinkaton
|-damage|p1a: Tinkaton|69/100
|-hitcount|p1a: Tinkaton|1
|-enditem|p2a: Weavile|Choice Band|[silent]|[from] ability: Pickpocket|[of] p2a: Weavile
|-item|p1a: Tinkaton|Choice Band|[from] ability: Pickpocket|[of] p2a: Weavile
|
|upkeep
|turn|15
|
|t:|1760880135
|switch|p2a: Alomomola|Alomomola, F|100/100
|-damage|p2a: Alomomola|88/100|[from] Stealth Rock
|move|p1a: Tinkaton|Knock Off|p2a: Alomomola
|-damage|p2a: Alomomola|74/100
|-damage|p1a: Tinkaton|52/100|[from] item: Rocky Helmet|[of] p2a: Alomomola
|-enditem|p2a: Alomomola|Rocky Helmet|[from] move: Knock Off|[of] p1a: Tinkaton
|
|upkeep
|turn|16
|
|t:|1760880151
|switch|p1a: Samurott|Samurott-Hisui, F|100/100
|move|p2a: Alomomola|Wish|p2a: Alomomola
|
|upkeep
|turn|17
|
|t:|1760880158
|move|p1a: Samurott|Ceaseless Edge|p2a: Alomomola
|-damage|p2a: Alomomola|50/100
|-sidestart|p2: EdgarproUranium|Spikes
|move|p2a: Alomomola|Flip Turn|p1a: Samurott
|-resisted|p1a: Samurott
|-crit|p1a: Samurott
|-damage|p1a: Samurott|87/100
|
|t:|1760880162
|switch|p2a: Lilligant|Lilligant-Hisui, F|100/100|[from] Flip Turn
|-damage|p2a: Lilligant|94/100|[from] Stealth Rock
|-damage|p2a: Lilligant|82/100|[from] Spikes
|
|-heal|p2a: Lilligant|100/100|[from] move: Wish|[wisher] Alomomola
|upkeep
|turn|18
|
|t:|1760880165
|switch|p1a: Sinistcha|Sinistcha|100/100
|move|p2a: Lilligant|Victory Dance|p2a: Lilligant
|-boost|p2a: Lilligant|atk|1
|-boost|p2a: Lilligant|def|1
|-boost|p2a: Lilligant|spe|1
|
|upkeep
|turn|19
|
|t:|1760880174
|move|p2a: Lilligant|Triple Axel|p1a: Sinistcha
|-supereffective|p1a: Sinistcha
|-damage|p1a: Sinistcha|81/100
|-supereffective|p1a: Sinistcha
|-damage|p1a: Sinistcha|40/100
|-supereffective|p1a: Sinistcha
|-damage|p1a: Sinistcha|0 fnt
|faint|p1a: Sinistcha
|-hitcount|p1: Sinistcha|3
|
|upkeep
|inactive|motorskk has 120 seconds left.
|
|t:|1760880198
|switch|p1a: Clodsire|Clodsire, F|100/100
|turn|20
|
|t:|1760880205
|-terastallize|p1a: Clodsire|Steel
|move|p2a: Lilligant|Triple Axel|p1a: Clodsire
|-resisted|p1a: Clodsire
|-damage|p1a: Clodsire|95/100
|-hitcount|p1a: Clodsire|1
|move|p1a: Clodsire|Toxic|p2a: Lilligant
|-status|p2a: Lilligant|tox
|
|-damage|p2a: Lilligant|94/100 tox|[from] psn
|upkeep
|turn|21
|inactive|motorskk has 120 seconds left.
|
|t:|1760880214
|move|p2a: Lilligant|Close Combat|p1a: Clodsire
|-supereffective|p1a: Clodsire
|-damage|p1a: Clodsire|0 fnt
|-unboost|p2a: Lilligant|def|1
|-unboost|p2a: Lilligant|spd|1
|faint|p1a: Clodsire
|
|-damage|p2a: Lilligant|82/100 tox|[from] psn
|upkeep
|inactive|motorskk has 120 seconds left.
|-message|motorskk forfeited.
|
|win|EdgarproUranium
|raw|motorskk's rating: 1506 &rarr; <strong>1486</strong><br />(-20 for losing)
|raw|EdgarproUranium's rating: 1508 &rarr; <strong>1528</strong><br />(+20 for winning)
|l|☆motorskk
|player|p1|
|l|☆EdgarproUranium
|player|p2|
