|j|☆TheReddread
|j|☆xam02
|t:|1760777404
|gametype|singles
|player|p1|TheReddread|rosa|1229
|player|p2|xam02|ghetsis-gen5bw|1182
|gen|9
|tier|[Gen 9] OU
|rated|
|rule|HP Percentage Mod: HP is shown in percentages
|rule|Endless Battle Clause: Forcing endless battles is banned
|rule|Species Clause: Limit one of each Pokémon
|rule|OHKO Clause: OHKO moves are banned
|rule|Evasion Items Clause: Evasion items are banned
|rule|Evasion Moves Clause: Evasion moves are banned
|rule|Evasion Abilities Clause: Evasion abilities are banned
|rule|Sleep Moves Clause: Sleep-inducing moves are banned
|clearpoke
|poke|p1|Venusaur, M|
|poke|p1|Torkoal, M|
|poke|p1|Charizard, M|
|poke|p1|Hitmontop, M|
|poke|p1|Jolteon, F|
|poke|p1|Rampardos, F|
|poke|p2|Gholdengo|
|poke|p2|Iron Moth|
|poke|p2|Kyurem|
|poke|p2|Zamazenta-*|
|poke|p2|Samurott-Hisui, F|
|poke|p2|Braviary, M|
|teampreview
|
|t:|1760777421
|teamsize|p1|6
|teamsize|p2|6
|start
|switch|p1a: Torkoal|Torkoal, M|100/100
|switch|p2a: Samurott|Samurott-Hisui, F|100/100
|-weather|SunnyDay|[from] ability: Drought|[of] p1a: Torkoal
|turn|1
|
|t:|1760777448
|move|p2a: Samurott|Ceaseless Edge|p1a: Torkoal
|-damage|p1a: Torkoal|69/100
|-sidestart|p1: TheReddread|Spikes
|move|p1a: Torkoal|Will-O-Wisp|p2a: Samurott
|-status|p2a: Samurott|brn
|
|-weather|SunnyDay|[upkeep]
|-damage|p2a: Samurott|94/100 brn|[from] brn
|upkeep
|turn|2
|
|t:|1760777464
|move|p2a: Samurott|Aqua Cutter|p1a: Torkoal
|-supereffective|p1a: Torkoal
|-crit|p1a: Torkoal
|-damage|p1a: Torkoal|43/100
|move|p1a: Torkoal|Stealth Rock|p2a: Samurott
|-sidestart|p2: xam02|move: Stealth Rock
|
|-weather|SunnyDay|[upkeep]
|-damage|p2a: Samurott|88/100 brn|[from] brn
|upkeep
|turn|3
|
|t:|1760777471
|switch|p1a: Hitmontop|Hitmontop, M|100/100
|-damage|p1a: Hitmontop|88/100|[from] Spikes
|-ability|p1a: Hitmontop|Intimidate|boost
|-unboost|p2a: Samurott|atk|1
|move|p2a: Samurott|Ceaseless Edge|p1a: Hitmontop
|-resisted|p1a: Hitmontop
|-damage|p1a: Hitmontop|79/100
|-sidestart|p1: TheReddread|Spikes
|
|-weather|SunnyDay|[upkeep]
|-heal|p1a: Hitmontop|86/100|[from] item: Leftovers
|-damage|p2a: Samurott|82/100 brn|[from] brn
|upkeep
|turn|4
|
|t:|1760777477
|move|p2a: Samurott|Ceaseless Edge|p1a: Hitmontop
|-resisted|p1a: Hitmontop
|-damage|p1a: Hitmontop|77/100
|-sidestart|p1: TheReddread|Spikes
|move|p1a: Hitmontop|Rapid Spin|p2a: Samurott
|-damage|p2a: Samurott|61/100 brn
|-boost|p1a: Hitmontop|spe|1
|-sideend|p1: TheReddread|Spikes|[from] move: Rapid Spin|[of] p1a: Hitmontop
|
|-weather|SunnyDay|[upkeep]
|-heal|p1a: Hitmontop|83/100|[from] item: Leftovers
|-damage|p2a: Samurott|55/100 brn|[from] brn
|upkeep
|turn|5
|
|t:|1760777488
|-terastallize|p2a: Samurott|Ghost
|move|p2a: Samurott|Ceaseless Edge|p1a: Hitmontop|[miss]
|-miss|p2a: Samurott|p1a: Hitmontop
|move|p1a: Hitmontop|Bulk Up|p1a: Hitmontop
|-boost|p1a: Hitmontop|atk|1
|-boost|p1a: Hitmontop|def|1
|
|-weather|SunnyDay|[upkeep]
|-heal|p1a: Hitmontop|89/100|[from] item: Leftovers
|-damage|p2a: Samurott|49/100 brn|[from] brn
|upkeep
|turn|6
|
|t:|1760777494
|move|p2a: Samurott|Ceaseless Edge|p1a: Hitmontop
|-resisted|p1a: Hitmontop
|-damage|p1a: Hitmontop|83/100
|-sidestart|p1: TheReddread|Spikes
|move|p1a: Hitmontop|Bulk Up|p1a: Hitmontop
|-boost|p1a: Hitmontop|atk|1
|-boost|p1a: Hitmontop|def|1
|
|-weather|SunnyDay|[upkeep]
|-heal|p1a: Hitmontop|90/100|[from] item: Leftovers
|-damage|p2a: Samurott|43/100 brn|[from] brn
|upkeep
|turn|7
|
|t:|1760777499
|move|p2a: Samurott|Ceaseless Edge|p1a: Hitmontop
|-resisted|p1a: Hitmontop
|-crit|p1a: Hitmontop
|-damage|p1a: Hitmontop|72/100
|-sidestart|p1: TheReddread|Spikes
|move|p1a: Hitmontop|Bulk Up|p1a: Hitmontop
|-boost|p1a: Hitmontop|atk|1
|-boost|p1a: Hitmontop|def|1
|
|-weather|SunnyDay|[upkeep]
|-heal|p1a: Hitmontop|78/100|[from] item: Leftovers
|-damage|p2a: Samurott|36/100 brn|[from] brn
|upkeep
|turn|8
|
|t:|1760777504
|move|p2a: Samurott|Ceaseless Edge|p1a: Hitmontop
|-resisted|p1a: Hitmontop
|-damage|p1a: Hitmontop|75/100
|-sidestart|p1: TheReddread|Spikes
|move|p1a: Hitmontop|Bulk Up|p1a: Hitmontop
|-boost|p1a: Hitmontop|atk|1
|-boost|p1a: Hitmontop|def|1
|
|-weather|none
|-heal|p1a: Hitmontop|81/100|[from] item: Leftovers
|-damage|p2a: Samurott|30/100 brn|[from] brn
|upkeep
|turn|9
|
|t:|1760777513
|move|p2a: Samurott|Knock Off|p1a: Hitmontop
|-resisted|p1a: Hitmontop
|-damage|p1a: Hitmontop|78/100
|-enditem|p1a: Hitmontop|Leftovers|[from] move: Knock Off|[of] p2a: Samurott
|move|p1a: Hitmontop|Bulk Up|p1a: Hitmontop
|-boost|p1a: Hitmontop|atk|1
|-boost|p1a: Hitmontop|def|1
|
|-damage|p2a: Samurott|24/100 brn|[from] brn
|upkeep
|turn|10
|
|t:|1760777524
|move|p2a: Samurott|Aqua Cutter|p1a: Hitmontop
|-damage|p1a: Hitmontop|72/100
|move|p1a: Hitmontop|Ice Spinner|p2a: Samurott
|-damage|p2a: Samurott|0 fnt
|faint|p2a: Samurott
|
|upkeep
|
|t:|1760777554
|switch|p2a: Gholdengo|Gholdengo|100/100
|-damage|p2a: Gholdengo|94/100|[from] Stealth Rock
|turn|11
|
|t:|1760777562
|move|p2a: Gholdengo|Focus Blast|p1a: Hitmontop
|-damage|p1a: Hitmontop|29/100
|move|p1a: Hitmontop|Ice Spinner|p2a: Gholdengo
|-resisted|p2a: Gholdengo
|-damage|p2a: Gholdengo|45/100
|
|upkeep
|turn|12
|
|t:|1760777578
|switch|p1a: Torkoal|Torkoal, M|43/100
|-damage|p1a: Torkoal|19/100|[from] Spikes
|-weather|SunnyDay|[from] ability: Drought|[of] p1a: Torkoal
|move|p2a: Gholdengo|Focus Blast|p1a: Torkoal
|-damage|p1a: Torkoal|0 fnt
|faint|p1a: Torkoal
|
|-weather|SunnyDay|[upkeep]
|upkeep
|
|t:|1760777586
|switch|p1a: Charizard|Charizard, M|100/100
|turn|13
|
|t:|1760777595
|switch|p2a: Braviary|Braviary, M|100/100
|move|p1a: Charizard|Fire Blast|p2a: Braviary
|-damage|p2a: Braviary|0 fnt
|faint|p2a: Braviary
|
|-weather|SunnyDay|[upkeep]
|-damage|p1a: Charizard|88/100|[from] ability: Solar Power|[of] p1a: Charizard
|upkeep
|
|t:|1760777604
|switch|p2a: Iron Moth|Iron Moth|100/100
|-damage|p2a: Iron Moth|76/100|[from] Stealth Rock
|-enditem|p2a: Iron Moth|Booster Energy
|-activate|p2a: Iron Moth|ability: Quark Drive|[fromitem]
|-start|p2a: Iron Moth|quarkdrivespa
|turn|14
|
|t:|1760777611
|-terastallize|p1a: Charizard|Fire
|move|p2a: Iron Moth|Sludge Wave|p1a: Charizard
|-damage|p1a: Charizard|0 fnt
|faint|p1a: Charizard
|
|-weather|SunnyDay|[upkeep]
|upkeep
|
|t:|1760777617
|switch|p1a: Rampardos|Rampardos, F|100/100
|-damage|p1a: Rampardos|76/100|[from] Spikes
|turn|15
|
|t:|1760777627
|switch|p1a: Hitmontop|Hitmontop, M|29/100
|-damage|p1a: Hitmontop|4/100|[from] Spikes
|-ability|p1a: Hitmontop|Intimidate|boost
|-unboost|p2a: Iron Moth|atk|1
|move|p2a: Iron Moth|Energy Ball|p1a: Hitmontop
|-damage|p1a: Hitmontop|0 fnt
|faint|p1a: Hitmontop
|
|-weather|SunnyDay|[upkeep]
|upkeep
|
|t:|1760777633
|switch|p1a: Rampardos|Rampardos, F|76/100
|-damage|p1a: Rampardos|51/100|[from] Spikes
|turn|16
|
|t:|1760777636
|move|p1a: Rampardos|Head Smash|p2a: Iron Moth
|-supereffective|p2a: Iron Moth
|-damage|p2a: Iron Moth|0 fnt
|faint|p2a: Iron Moth
|-end|p2a: Iron Moth|Quark Drive|[silent]
|-damage|p1a: Rampardos|17/100|[from] Recoil
|
|-weather|SunnyDay|[upkeep]
|upkeep
|
|t:|1760777641
|switch|p2a: Zamazenta|Zamazenta|100/100
|-damage|p2a: Zamazenta|94/100|[from] Stealth Rock
|-ability|p2a: Zamazenta|Dauntless Shield|boost
|-boost|p2a: Zamazenta|def|1
|turn|17
|
|t:|1760777649
|move|p2a: Zamazenta|Body Press|p1a: Rampardos
|-supereffective|p1a: Rampardos
|-damage|p1a: Rampardos|0 fnt
|faint|p1a: Rampardos
|
|-weather|SunnyDay|[upkeep]
|-heal|p2a: Zamazenta|100/100|[from] item: Leftovers
|upkeep
|
|t:|1760777652
|switch|p1a: Venusaur|Venusaur, M|100/100
|-damage|p1a: Venusaur|76/100|[from] Spikes
|turn|18
|
|t:|1760777657
|move|p1a: Venusaur|Growth|p1a: Venusaur
|-boost|p1a: Venusaur|atk|2
|-boost|p1a: Venusaur|spa|2
|move|p2a: Zamazenta|Iron Defense|p2a: Zamazenta
|-boost|p2a: Zamazenta|def|2
|
|-weather|SunnyDay|[upkeep]
|-heal|p1a: Venusaur|82/100|[from] item: Leftovers
|upkeep
|turn|19
|
|t:|1760777667
|move|p1a: Venusaur|Solar Beam||[still]
|-prepare|p1a: Venusaur|Solar Beam
|-anim|p1a: Venusaur|Solar Beam|p2a: Zamazenta
|-damage|p2a: Zamazenta|0 fnt
|faint|p2a: Zamazenta
|
|-weather|none
|-heal|p1a: Venusaur|88/100|[from] item: Leftovers
|upkeep
|
|t:|1760777672
|switch|p2a: Kyurem|Kyurem|100/100
|-damage|p2a: Kyurem|76/100|[from] Stealth Rock
|-ability|p2a: Kyurem|Pressure
|turn|20
|
|t:|1760777679
|move|p2a: Kyurem|Icicle Spear|p1a: Venusaur
|-supereffective|p1a: Venusaur
|-damage|p1a: Venusaur|53/100
|-supereffective|p1a: Venusaur
|-damage|p1a: Venusaur|14/100
|-supereffective|p1a: Venusaur
|-damage|p1a: Venusaur|0 fnt
|faint|p1a: Venusaur
|-hitcount|p1: Venusaur|3
|
|upkeep
|
|t:|1760777681
|switch|p1a: Jolteon|Jolteon, F|100/100
|-damage|p1a: Jolteon|76/100|[from] Spikes
|turn|21
|
|t:|1760777689
|move|p1a: Jolteon|Shadow Ball|p2a: Kyurem
|-damage|p2a: Kyurem|50/100
|move|p2a: Kyurem|Dragon Dance|p2a: Kyurem
|-boost|p2a: Kyurem|atk|1
|-boost|p2a: Kyurem|spe|1
|
|-heal|p1a: Jolteon|82/100|[from] item: Leftovers
|upkeep
|turn|22
|
|t:|1760777696
|move|p2a: Kyurem|Icicle Spear|p1a: Jolteon
|-damage|p1a: Jolteon|38/100
|-damage|p1a: Jolteon|0 fnt
|faint|p1a: Jolteon
|-hitcount|p1: Jolteon|2
|
|win|xam02
|raw|TheReddread's rating: 1229 &rarr; <strong>1201</strong><br />(-28 for losing)
|raw|xam02's rating: 1182 &rarr; <strong>1210</strong><br />(+28 for winning)
|l|☆xam02
|player|p2|
|l|☆TheReddread
|player|p1|
