|j|☆boardchairman
|j|☆SweetPoison12
|t:|1760850817
|gametype|singles
|player|p1|boardchairman|hilbert-wonderlauncher|1081
|player|p2|SweetPoison12|miku-ghost|1107
|gen|9
|tier|[Gen 9] OU
|rated|
|rule|HP Percentage Mod: HP is shown in percentages
|rule|Endless Battle Clause: Forcing endless battles is banned
|rule|Species Clause: Limit one of each Pokémon
|rule|OHKO Clause: OHKO moves are banned
|rule|Evasion Items Clause: Evasion items are banned
|rule|Evasion Moves Clause: Evasion moves are banned
|rule|Evasion Abilities Clause: Evasion abilities are banned
|rule|Sleep Moves Clause: Sleep-inducing moves are banned
|clearpoke
|poke|p1|Venomoth, F|
|poke|p1|Leavanny, F|
|poke|p1|Vivillon-Fancy, M|
|poke|p1|Vikavolt, M|
|poke|p1|Lokix, M|
|poke|p1|Ariados, M|
|poke|p2|Meowscarada, M|
|poke|p2|Gliscor, F|
|poke|p2|Dragapult, M|
|poke|p2|Darkrai|
|poke|p2|Ogerpon, F|
|poke|p2|Tentacruel, F|
|teampreview
|inactive|Battle timer is ON: inactive players will automatically lose when time's up. (requested by boardchairman)
|
|t:|1760850820
|teamsize|p1|6
|teamsize|p2|6
|start
|switch|p1a: Ariados|Ariados, M|100/100
|switch|p2a: Meowscarada|Meowscarada, M|100/100
|turn|1
|
|t:|1760850830
|move|p2a: Meowscarada|Knock Off|p1a: Ariados
|-start|p2a: Meowscarada|typechange|Dark|[from] ability: Protean
|-damage|p1a: Ariados|7/100
|-enditem|p1a: Ariados|Scope Lens|[from] move: Knock Off|[of] p2a: Meowscarada
|move|p1a: Ariados|Leech Life|p2a: Meowscarada
|-supereffective|p2a: Meowscarada
|-damage|p2a: Meowscarada|0 fnt
|-heal|p1a: Ariados|60/100|[from] drain|[of] p2a: Meowscarada
|faint|p2a: Meowscarada
|
|upkeep
|
|t:|1760850839
|switch|p2a: Dragapult|Dragapult, M|100/100
|turn|2
|
|t:|1760850845
|move|p2a: Dragapult|Draco Meteor|p1a: Ariados
|-damage|p1a: Ariados|0 fnt
|-unboost|p2a: Dragapult|spa|2
|faint|p1a: Ariados
|
|upkeep
|
|t:|1760850853
|switch|p1a: Vivillon|Vivillon-Fancy, M|100/100
|turn|3
|
|t:|1760850857
|switch|p2a: Ogerpon|Ogerpon, F|100/100
|move|p1a: Vivillon|Sunny Day|p1a: Vivillon
|-weather|SunnyDay
|
|-weather|SunnyDay|[upkeep]
|upkeep
|turn|4
|
|t:|1760850868
|move|p2a: Ogerpon|Knock Off|p1a: Vivillon
|-damage|p1a: Vivillon|28/100
|-enditem|p1a: Vivillon|Heat Rock|[from] move: Knock Off|[of] p2a: Ogerpon
|-damage|p2a: Ogerpon|91/100|[from] item: Life Orb
|move|p1a: Vivillon|Bug Buzz|p2a: Ogerpon
|-supereffective|p2a: Ogerpon
|-damage|p2a: Ogerpon|26/100
|
|-weather|SunnyDay|[upkeep]
|upkeep
|turn|5
|
|t:|1760850881
|move|p2a: Ogerpon|Play Rough|p1a: Vivillon
|-damage|p1a: Vivillon|0 fnt
|faint|p1a: Vivillon
|-damage|p2a: Ogerpon|16/100|[from] item: Life Orb
|
|-weather|SunnyDay|[upkeep]
|upkeep
|
|t:|1760850889
|switch|p1a: Leavanny|Leavanny, F|100/100
|turn|6
|
|t:|1760850893
|move|p2a: Ogerpon|Spiky Shield|p2a: Ogerpon
|-singleturn|p2a: Ogerpon|move: Protect
|move|p1a: Leavanny|Swords Dance|p1a: Leavanny
|-boost|p1a: Leavanny|atk|2
|
|-weather|SunnyDay|[upkeep]
|upkeep
|turn|7
|
|t:|1760850904
|move|p1a: Leavanny|X-Scissor|p2a: Ogerpon
|-supereffective|p2a: Ogerpon
|-damage|p2a: Ogerpon|0 fnt
|faint|p2a: Ogerpon
|-damage|p1a: Leavanny|91/100|[from] item: Life Orb
|
|-weather|SunnyDay|[upkeep]
|upkeep
|
|t:|1760850906
|switch|p2a: Gliscor|Gliscor, F|100/100
|turn|8
|
|t:|1760850914
|move|p1a: Leavanny|Triple Axel|p2a: Gliscor
|-supereffective|p2a: Gliscor
|-damage|p2a: Gliscor|35/100
|-supereffective|p2a: Gliscor
|-damage|p2a: Gliscor|0 fnt
|faint|p2a: Gliscor
|-hitcount|p2: Gliscor|2
|-damage|p1a: Leavanny|81/100|[from] item: Life Orb
|
|-weather|SunnyDay|[upkeep]
|upkeep
|inactive|SweetPoison12 has 120 seconds left.
|
|t:|1760850948
|switch|p2a: Tentacruel|Tentacruel, F|100/100
|turn|9
|
|t:|1760850952
|-terastallize|p1a: Leavanny|Ground
|move|p1a: Leavanny|Tera Blast|p2a: Tentacruel|[anim] Tera Blast Ground
|-supereffective|p2a: Tentacruel
|-damage|p2a: Tentacruel|0 fnt
|faint|p2a: Tentacruel
|-damage|p1a: Leavanny|71/100|[from] item: Life Orb
|
|-weather|SunnyDay|[upkeep]
|upkeep
|
|t:|1760850959
|switch|p2a: Darkrai|Darkrai|100/100
|turn|10
|
|t:|1760850964
|move|p1a: Leavanny|X-Scissor|p2a: Darkrai
|-supereffective|p2a: Darkrai
|-enditem|p2a: Darkrai|Focus Sash
|-damage|p2a: Darkrai|1/100
|-damage|p1a: Leavanny|61/100|[from] item: Life Orb
|move|p2a: Darkrai|Ice Beam|p1a: Leavanny
|-supereffective|p1a: Leavanny
|-damage|p1a: Leavanny|0 fnt
|faint|p1a: Leavanny
|
|-weather|none
|upkeep
|
|t:|1760850977
|switch|p1a: Venomoth|Venomoth, F|100/100
|turn|11
|
|t:|1760850986
|move|p1a: Venomoth|Sludge Wave|p2a: Darkrai
|-damage|p2a: Darkrai|0 fnt
|faint|p2a: Darkrai
|
|upkeep
|
|t:|1760850990
|switch|p2a: Dragapult|Dragapult, M|100/100
|turn|12
|
|t:|1760850995
|move|p2a: Dragapult|Fire Blast|p1a: Venomoth|[miss]
|-miss|p2a: Dragapult|p1a: Venomoth
|move|p1a: Venomoth|Sludge Wave|p2a: Dragapult
|-resisted|p2a: Dragapult
|-damage|p2a: Dragapult|48/100
|
|upkeep
|turn|13
|
|t:|1760851002
|move|p2a: Dragapult|Fire Blast|p1a: Venomoth
|-supereffective|p1a: Venomoth
|-damage|p1a: Venomoth|0 fnt
|faint|p1a: Venomoth
|
|upkeep
|
|t:|1760851010
|switch|p1a: Lokix|Lokix, M|100/100
|turn|14
|
|t:|1760851016
|-terastallize|p2a: Dragapult|Dragon
|move|p1a: Lokix|First Impression|p2a: Dragapult
|-damage|p2a: Dragapult|0 fnt
|faint|p2a: Dragapult
|-damage|p1a: Lokix|91/100|[from] item: Life Orb
|
|win|boardchairman
|raw|boardchairman's rating: 1081 &rarr; <strong>1111</strong><br />(+30 for winning)
|raw|SweetPoison12's rating: 1107 &rarr; <strong>1080</strong><br />(-27 for losing)
|l|☆SweetPoison12
|player|p2|
|l|☆boardchairman
|player|p1|
