|j|☆steveurkle
|j|☆TrentMercer
|t:|1760748536
|gametype|singles
|player|p1|steveurkle|101|1611
|player|p2|TrentMercer|n|1680
|gen|9
|tier|[Gen 9] OU
|rated|
|rule|HP Percentage Mod: HP is shown in percentages
|rule|Endless Battle Clause: Forcing endless battles is banned
|rule|Species Clause: Limit one of each Pokémon
|rule|OHKO Clause: OHKO moves are banned
|rule|Evasion Items Clause: Evasion items are banned
|rule|Evasion Moves Clause: Evasion moves are banned
|rule|Evasion Abilities Clause: Evasion abilities are banned
|rule|Sleep Moves Clause: Sleep-inducing moves are banned
|clearpoke
|poke|p1|Dragapult, F|
|poke|p1|Weezing-Galar, F|
|poke|p1|Slowking, F|
|poke|p1|Iron Boulder|
|poke|p1|Ting-Lu|
|poke|p1|Pelipper, F|
|poke|p2|Great Tusk|
|poke|p2|Slowking-Galar, F|
|poke|p2|Zapdos|
|poke|p2|Crawdaunt, M|
|poke|p2|Chandelure, F|
|poke|p2|Scizor, M|
|teampreview
|inactive|Battle timer is ON: inactive players will automatically lose when time's up. (requested by steveurkle)
|inactive|TrentMercer has 120 seconds left.
|
|t:|1760748569
|teamsize|p1|6
|teamsize|p2|6
|start
|switch|p1a: Pelipper|Pelipper, F|100/100
|switch|p2a: Chandelure|Chandelure, F, shiny|100/100
|-weather|RainDance|[from] ability: Drizzle|[of] p1a: Pelipper
|turn|1
|
|t:|1760748576
|switch|p2a: Slowking|Slowking-Galar, F|100/100
|move|p1a: Pelipper|Weather Ball|p2a: Slowking
|-damage|p2a: Slowking|51/100
|
|-weather|RainDance|[upkeep]
|upkeep
|turn|2
|
|t:|1760748584
|move|p1a: Pelipper|Weather Ball|p2a: Slowking
|-damage|p2a: Slowking|3/100
|move|p2a: Slowking|Sludge Bomb|p1a: Pelipper
|-damage|p1a: Pelipper|42/100
|
|-weather|RainDance|[upkeep]
|upkeep
|turn|3
|
|t:|1760748592
|switch|p2a: Zapdos|Zapdos|100/100
|move|p1a: Pelipper|Weather Ball|p2a: Zapdos
|-damage|p2a: Zapdos|0 fnt
|faint|p2a: Zapdos
|
|-weather|RainDance|[upkeep]
|upkeep
|
|t:|1760748604
|switch|p2a: Chandelure|Chandelure, F, shiny|100/100
|turn|4
|
|t:|1760748608
|switch|p1a: Ting-Lu|Ting-Lu|100/100
|-ability|p1a: Ting-Lu|Vessel of Ruin
|-terastallize|p2a: Chandelure|Grass
|move|p2a: Chandelure|Energy Ball|p1a: Ting-Lu
|-supereffective|p1a: Ting-Lu
|-damage|p1a: Ting-Lu|56/100
|
|-weather|RainDance|[upkeep]
|-heal|p1a: Ting-Lu|62/100|[from] item: Leftovers
|upkeep
|turn|5
|
|t:|1760748621
|move|p2a: Chandelure|Energy Ball|p1a: Ting-Lu
|-supereffective|p1a: Ting-Lu
|-damage|p1a: Ting-Lu|21/100
|-unboost|p1a: Ting-Lu|spd|1
|move|p1a: Ting-Lu|Ruination|p2a: Chandelure
|-damage|p2a: Chandelure|51/100
|
|-weather|none
|-heal|p1a: Ting-Lu|27/100|[from] item: Leftovers
|upkeep
|turn|6
|
|t:|1760748632
|move|p2a: Chandelure|Energy Ball|p1a: Ting-Lu
|-supereffective|p1a: Ting-Lu
|-damage|p1a: Ting-Lu|0 fnt
|faint|p1a: Ting-Lu
|
|upkeep
|
|t:|1760748640
|switch|p1a: Dragapult|Dragapult, F|100/100
|turn|7
|
|t:|1760748651
|switch|p2a: Slowking|Slowking-Galar, F|36/100
|move|p1a: Dragapult|Dragon Darts|p2a: Slowking
|-damage|p2a: Slowking|0 fnt
|faint|p2a: Slowking
|
|upkeep
|
|t:|1760748656
|switch|p2a: Chandelure|Chandelure, F, shiny, tera:Grass|51/100
|turn|8
|
|t:|1760748663
|switch|p1a: Pelipper|Pelipper, F|42/100
|-weather|RainDance|[from] ability: Drizzle|[of] p1a: Pelipper
|move|p2a: Chandelure|Shadow Ball|p1a: Pelipper
|-damage|p1a: Pelipper|0 fnt
|faint|p1a: Pelipper
|
|-weather|RainDance|[upkeep]
|upkeep
|
|t:|1760748677
|switch|p1a: Iron Boulder|Iron Boulder|100/100
|-enditem|p1a: Iron Boulder|Booster Energy
|-activate|p1a: Iron Boulder|ability: Quark Drive|[fromitem]
|-start|p1a: Iron Boulder|quarkdrivespe
|turn|9
|
|t:|1760748691
|switch|p2a: Great Tusk|Great Tusk|100/100
|-enditem|p2a: Great Tusk|Booster Energy
|-activate|p2a: Great Tusk|ability: Protosynthesis|[fromitem]
|-start|p2a: Great Tusk|protosynthesisatk
|move|p1a: Iron Boulder|Mighty Cleave|p2a: Great Tusk
|-resisted|p2a: Great Tusk
|-damage|p2a: Great Tusk|93/100
|
|-weather|RainDance|[upkeep]
|upkeep
|turn|10
|
|t:|1760748706
|-terastallize|p1a: Iron Boulder|Fairy
|move|p1a: Iron Boulder|Swords Dance|p1a: Iron Boulder
|-boost|p1a: Iron Boulder|atk|2
|move|p2a: Great Tusk|Headlong Rush|p1a: Iron Boulder
|-damage|p1a: Iron Boulder|0 fnt
|-unboost|p2a: Great Tusk|def|1
|-unboost|p2a: Great Tusk|spd|1
|faint|p1a: Iron Boulder
|-end|p1a: Iron Boulder|Quark Drive|[silent]
|
|-weather|RainDance|[upkeep]
|upkeep
|
|t:|1760748719
|switch|p1a: Dragapult|Dragapult, F|100/100
|turn|11
|
|t:|1760748729
|move|p1a: Dragapult|Dragon Darts|p2a: Great Tusk
|-damage|p2a: Great Tusk|51/100
|-anim|p1a: Dragapult|Dragon Darts|p2a: Great Tusk
|-damage|p2a: Great Tusk|14/100
|move|p2a: Great Tusk|Headlong Rush|p1a: Dragapult
|-damage|p1a: Dragapult|0 fnt
|-unboost|p2a: Great Tusk|def|1
|-unboost|p2a: Great Tusk|spd|1
|faint|p1a: Dragapult
|
|-weather|RainDance|[upkeep]
|upkeep
|-message|steveurkle forfeited.
|
|win|TrentMercer
|raw|steveurkle's rating: 1611 &rarr; <strong>1595</strong><br />(-16 for losing)
|raw|TrentMercer's rating: 1680 &rarr; <strong>1696</strong><br />(+16 for winning)
|l|☆steveurkle
|player|p1|
|l|☆TrentMercer
|player|p2|
