|j|‽Kadoooooow
|j|☆yxng_sith
|t:|1760737600
|gametype|singles
|player|p1|Kadoooooow|266|1417
|player|p2|yxng_sith|266|1360
|gen|9
|tier|[Gen 9] OU
|rated|
|rule|HP Percentage Mod: HP is shown in percentages
|rule|Endless Battle Clause: Forcing endless battles is banned
|rule|Species Clause: Limit one of each Pokémon
|rule|OHKO Clause: OHKO moves are banned
|rule|Evasion Items Clause: Evasion items are banned
|rule|Evasion Moves Clause: Evasion moves are banned
|rule|Evasion Abilities Clause: Evasion abilities are banned
|rule|Sleep Moves Clause: Sleep-inducing moves are banned
|clearpoke
|poke|p1|Haxorus, F|
|poke|p1|Veluza, M|
|poke|p1|Raging Bolt|
|poke|p1|Cinderace, M|
|poke|p1|Kyurem|
|poke|p1|Kingambit, M|
|poke|p2|Gliscor, M|
|poke|p2|Dragapult, M|
|poke|p2|Vileplume, M|
|poke|p2|Slowking-Galar, M|
|poke|p2|Hoopa-Unbound|
|poke|p2|Hitmontop, M|
|teampreview
|inactive|Battle timer is ON: inactive players will automatically lose when time's up. (requested by yxng_sith)
|
|t:|1760737614
|teamsize|p1|6
|teamsize|p2|6
|start
|switch|p1a: Haxorus|Haxorus, F|100/100
|switch|p2a: Hoopa|Hoopa-Unbound|100/100
|-ability|p1a: Haxorus|Mold Breaker
|turn|1
|
|t:|1760737622
|move|p1a: Haxorus|Dragon Claw|p2a: Hoopa
|-damage|p2a: Hoopa|50/100
|move|p2a: Hoopa|Trick Room|p2a: Hoopa
|-fieldstart|move: Trick Room|[of] p2a: Hoopa
|
|upkeep
|turn|2
|
|t:|1760737628
|move|p2a: Hoopa|Hyperspace Fury|p1a: Haxorus
|-damage|p1a: Haxorus|39/100
|-unboost|p2a: Hoopa|def|1
|-enditem|p2a: Hoopa|Eject Pack
|
|t:|1760737635
|switch|p2a: Vileplume|Vileplume, M|100/100
|move|p1a: Haxorus|Dragon Claw|p2a: Vileplume
|-damage|p2a: Vileplume|59/100
|-damage|p1a: Haxorus|23/100|[from] item: Rocky Helmet|[of] p2a: Vileplume
|
|upkeep
|turn|3
|
|t:|1760737643
|move|p2a: Vileplume|Strength Sap|p1a: Haxorus
|-unboost|p1a: Haxorus|atk|1
|-heal|p2a: Vileplume|100/100
|move|p1a: Haxorus|Dragon Claw|p2a: Vileplume
|-damage|p2a: Vileplume|73/100
|-damage|p1a: Haxorus|6/100|[from] item: Rocky Helmet|[of] p2a: Vileplume
|
|upkeep
|turn|4
|
|t:|1760737650
|move|p2a: Vileplume|Strength Sap|p1a: Haxorus
|-unboost|p1a: Haxorus|atk|1
|-heal|p2a: Vileplume|100/100
|move|p1a: Haxorus|Dragon Dance|p1a: Haxorus
|-boost|p1a: Haxorus|atk|1
|-boost|p1a: Haxorus|spe|1
|
|upkeep
|turn|5
|
|t:|1760737659
|move|p2a: Vileplume|Giga Drain|p1a: Haxorus
|-resisted|p1a: Haxorus
|-damage|p1a: Haxorus|0 fnt
|faint|p1a: Haxorus
|
|-fieldend|move: Trick Room
|upkeep
|
|t:|1760737667
|switch|p1a: Kyurem|Kyurem|100/100
|-ability|p1a: Kyurem|Pressure
|turn|6
|inactive|yxng_sith has 120 seconds left.
|
|t:|1760737722
|-terastallize|p2a: Vileplume|Water
|move|p1a: Kyurem|Freeze-Dry|p2a: Vileplume
|-supereffective|p2a: Vileplume
|-damage|p2a: Vileplume|0 fnt
|faint|p2a: Vileplume
|
|upkeep
|
|t:|1760737729
|switch|p2a: Hoopa|Hoopa-Unbound|50/100
|turn|7
|
|t:|1760737733
|move|p1a: Kyurem|Freeze-Dry|p2a: Hoopa
|-damage|p2a: Hoopa|11/100
|move|p2a: Hoopa|Trick Room|p2a: Hoopa
|-fieldstart|move: Trick Room|[of] p2a: Hoopa
|
|upkeep
|turn|8
|
|t:|1760737738
|move|p2a: Hoopa|Drain Punch|p1a: Kyurem
|-supereffective|p1a: Kyurem
|-damage|p1a: Kyurem|53/100
|-heal|p2a: Hoopa|37/100|[from] drain|[of] p1a: Kyurem
|-item|p2a: Hoopa|Choice Specs|[from] ability: Magician|[of] p1a: Kyurem
|move|p1a: Kyurem|Freeze-Dry|p2a: Hoopa
|-damage|p2a: Hoopa|10/100
|
|upkeep
|turn|9
|inactive|yxng_sith has 120 seconds left.
|
|t:|1760737756
|switch|p1a: Cinderace|Cinderace, M|100/100
|move|p2a: Hoopa|Drain Punch|p1a: Cinderace
|-damage|p1a: Cinderace|62/100
|-heal|p2a: Hoopa|26/100|[from] drain|[of] p1a: Cinderace
|
|upkeep
|turn|10
|
|t:|1760737771
|switch|p2a: Slowking|Slowking-Galar, M|100/100
|move|p1a: Cinderace|Sucker Punch||[still]
|-fail|p1a: Cinderace
|
|upkeep
|turn|11
|
|t:|1760737778
|switch|p2a: Gliscor|Gliscor, M|100/100
|move|p1a: Cinderace|U-turn|p2a: Gliscor
|-start|p1a: Cinderace|typechange|Bug|[from] ability: Libero
|-resisted|p2a: Gliscor
|-damage|p2a: Gliscor|88/100
|
|t:|1760737785
|switch|p1a: Kyurem|Kyurem|53/100|[from] U-turn
|-ability|p1a: Kyurem|Pressure
|
|-fieldend|move: Trick Room
|-status|p2a: Gliscor|tox|[from] item: Toxic Orb
|upkeep
|turn|12
|inactive|yxng_sith has 120 seconds left.
|
|t:|1760737797
|move|p2a: Gliscor|Protect|p2a: Gliscor
|-singleturn|p2a: Gliscor|Protect
|move|p1a: Kyurem|Ice Beam|p2a: Gliscor
|-activate|p2a: Gliscor|move: Protect
|
|-heal|p2a: Gliscor|100/100 tox|[from] ability: Poison Heal
|upkeep
|turn|13
|
|t:|1760737803
|switch|p2a: Slowking|Slowking-Galar, M|100/100
|move|p1a: Kyurem|Ice Beam|p2a: Slowking
|-damage|p2a: Slowking|79/100
|
|upkeep
|turn|14
|
|t:|1760737809
|move|p1a: Kyurem|Earth Power|p2a: Slowking
|-supereffective|p2a: Slowking
|-damage|p2a: Slowking|49/100
|move|p2a: Slowking|Focus Blast|p1a: Kyurem
|-supereffective|p1a: Kyurem
|-damage|p1a: Kyurem|0 fnt
|faint|p1a: Kyurem
|
|upkeep
|
|t:|1760737814
|switch|p1a: Veluza|Veluza, M|100/100
|-ability|p1a: Veluza|Mold Breaker
|turn|15
|
|t:|1760737817
|switch|p2a: Dragapult|Dragapult, M|100/100
|move|p1a: Veluza|Fillet Away|p1a: Veluza
|-boost|p1a: Veluza|atk|2
|-boost|p1a: Veluza|spa|2
|-boost|p1a: Veluza|spe|2
|-damage|p1a: Veluza|51/100
|
|upkeep
|turn|16
|
|t:|1760737843
|move|p1a: Veluza|Ice Beam|p2a: Dragapult
|-supereffective|p2a: Dragapult
|-crit|p2a: Dragapult
|-damage|p2a: Dragapult|0 fnt
|faint|p2a: Dragapult
|
|upkeep
|
|t:|1760737849
|switch|p2a: Slowking|Slowking-Galar, M|83/100
|turn|17
|inactive|yxng_sith has 120 seconds left.
|
|t:|1760737866
|move|p1a: Veluza|Psychic|p2a: Slowking
|-crit|p2a: Slowking
|-damage|p2a: Slowking|33/100
|move|p2a: Slowking|Sludge Bomb|p1a: Veluza
|-damage|p1a: Veluza|0 fnt
|faint|p1a: Veluza
|
|upkeep
|
|t:|1760737874
|switch|p1a: Cinderace|Cinderace, M|62/100
|turn|18
|
|t:|1760737881
|switch|p2a: Gliscor|Gliscor, M|100/100 tox
|move|p1a: Cinderace|U-turn|p2a: Gliscor
|-start|p1a: Cinderace|typechange|Bug|[from] ability: Libero
|-resisted|p2a: Gliscor
|-damage|p2a: Gliscor|87/100 tox
|
|t:|1760737887
|switch|p1a: Kingambit|Kingambit, M|100/100|[from] U-turn
|-activate|p1a: Kingambit|ability: Supreme Overlord
|-start|p1a: Kingambit|fallen3|[silent]
|
|-heal|p2a: Gliscor|99/100 tox|[from] ability: Poison Heal
|upkeep
|turn|19
|
|t:|1760737893
|-terastallize|p1a: Kingambit|Ghost
|move|p2a: Gliscor|Knock Off|p1a: Kingambit
|-supereffective|p1a: Kingambit
|-damage|p1a: Kingambit|62/100
|-enditem|p1a: Kingambit|Leftovers|[from] move: Knock Off|[of] p2a: Gliscor
|move|p1a: Kingambit|Swords Dance|p1a: Kingambit
|-boost|p1a: Kingambit|atk|2
|
|-heal|p2a: Gliscor|100/100 tox|[from] ability: Poison Heal
|upkeep
|turn|20
|
|t:|1760737901
|move|p2a: Gliscor|Toxic|p1a: Kingambit
|-status|p1a: Kingambit|tox
|move|p1a: Kingambit|Kowtow Cleave|p2a: Gliscor
|-damage|p2a: Gliscor|0 fnt
|faint|p2a: Gliscor
|
|-damage|p1a: Kingambit|56/100 tox|[from] psn
|upkeep
|
|t:|1760737916
|switch|p2a: Hoopa|Hoopa-Unbound|26/100
|turn|21
|
|t:|1760737922
|move|p1a: Kingambit|Sucker Punch|p2a: Hoopa
|-damage|p2a: Hoopa|0 fnt
|faint|p2a: Hoopa
|
|-damage|p1a: Kingambit|44/100 tox|[from] psn
|upkeep
|
|t:|1760737926
|switch|p2a: Hitmontop|Hitmontop, M|100/100
|turn|22
|
|t:|1760737950
|-end|p1a: Kingambit|fallen3|[silent]
|switch|p1a: Raging Bolt|Raging Bolt|100/100
|-enditem|p1a: Raging Bolt|Booster Energy
|-activate|p1a: Raging Bolt|ability: Protosynthesis|[fromitem]
|-start|p1a: Raging Bolt|protosynthesisspa
|move|p2a: Hitmontop|Mach Punch|p1a: Raging Bolt
|-damage|p1a: Raging Bolt|75/100
|
|upkeep
|turn|23
|
|t:|1760737962
|switch|p2a: Slowking|Slowking-Galar, M|66/100
|move|p1a: Raging Bolt|Calm Mind|p1a: Raging Bolt
|-boost|p1a: Raging Bolt|spa|1
|-boost|p1a: Raging Bolt|spd|1
|
|upkeep
|turn|24
|
|t:|1760737967
|move|p1a: Raging Bolt|Thunderbolt|p2a: Slowking
|-damage|p2a: Slowking|11/100
|move|p2a: Slowking|Ice Beam|p1a: Raging Bolt
|-supereffective|p1a: Raging Bolt
|-damage|p1a: Raging Bolt|36/100
|
|upkeep
|turn|25
|
|t:|1760737974
|move|p1a: Raging Bolt|Thunderbolt|p2a: Slowking
|-damage|p2a: Slowking|0 fnt
|faint|p2a: Slowking
|
|upkeep
|
|t:|1760737977
|switch|p2a: Hitmontop|Hitmontop, M|100/100
|turn|26
|
|t:|1760737979
|move|p1a: Raging Bolt|Thunderclap|p2a: Hitmontop
|-damage|p2a: Hitmontop|20/100
|move|p2a: Hitmontop|Triple Axel|p1a: Raging Bolt
|-supereffective|p1a: Raging Bolt
|-damage|p1a: Raging Bolt|19/100
|-hitcount|p1a: Raging Bolt|1
|
|upkeep
|turn|27
|
|t:|1760737986
|move|p1a: Raging Bolt|Thunderclap|p2a: Hitmontop
|-damage|p2a: Hitmontop|0 fnt
|faint|p2a: Hitmontop
|
|win|Kadoooooow
|raw|Kadoooooow's rating: 1417 &rarr; <strong>1434</strong><br />(+17 for winning)
|raw|yxng_sith's rating: 1360 &rarr; <strong>1343</strong><br />(-17 for losing)
|l|☆yxng_sith
|player|p2|
|l|‽Kadoooooow
|player|p1|
