|j|☆Vampire army8378
|j|☆ArkossJ
|t:|1760872867
|gametype|singles
|player|p1|Vampire army8378|ninjaboy|1114
|player|p2|ArkossJ|palmer|1093
|gen|9
|tier|[Gen 9] OU
|rated|
|rule|HP Percentage Mod: HP is shown in percentages
|rule|Endless Battle Clause: Forcing endless battles is banned
|rule|Species Clause: Limit one of each Pokémon
|rule|OHKO Clause: OHKO moves are banned
|rule|Evasion Items Clause: Evasion items are banned
|rule|Evasion Moves Clause: Evasion moves are banned
|rule|Evasion Abilities Clause: Evasion abilities are banned
|rule|Sleep Moves Clause: Sleep-inducing moves are banned
|clearpoke
|poke|p1|Mimikyu, M|
|poke|p1|Hitmontop, M|
|poke|p1|Zarude|
|poke|p1|Kommo-o, M|
|poke|p1|Pawmot, F|
|poke|p1|Falinks|
|poke|p2|Corviknight, F|
|poke|p2|Kingambit, F|
|poke|p2|Landorus-Therian, M|
|poke|p2|Greninja-*, M|
|poke|p2|Klefki, M|
|poke|p2|Ceruledge, M|
|teampreview
|inactive|Battle timer is ON: inactive players will automatically lose when time's up. (requested by Vampire army8378)
|inactive|ArkossJ also wants the timer to be on.
|
|t:|1760872877
|teamsize|p1|6
|teamsize|p2|6
|start
|switch|p1a: Hoplites|Falinks, shiny|100/100
|switch|p2a: Klefki|Klefki, M|100/100
|turn|1
|
|t:|1760872890
|switch|p1a: Eddy(tekken)|Hitmontop, M|100/100
|move|p2a: Klefki|Thunder Wave|p1a: Eddy(tekken)
|-status|p1a: Eddy(tekken)|par
|
|upkeep
|turn|2
|
|t:|1760872896
|move|p2a: Klefki|Reflect|p2a: Klefki
|-sidestart|p2: ArkossJ|Reflect
|cant|p1a: Eddy(tekken)|par
|
|upkeep
|turn|3
|
|t:|1760872900
|move|p2a: Klefki|Light Screen|p2a: Klefki
|-sidestart|p2: ArkossJ|move: Light Screen
|move|p1a: Eddy(tekken)|Mach Punch|p2a: Klefki
|-damage|p2a: Klefki|89/100
|
|upkeep
|turn|4
|
|t:|1760872903
|move|p2a: Klefki|Draining Kiss|p1a: Eddy(tekken)
|-supereffective|p1a: Eddy(tekken)
|-damage|p1a: Eddy(tekken)|71/100 par
|-heal|p2a: Klefki|100/100|[from] drain|[of] p1a: Eddy(tekken)
|-enditem|p1a: Eddy(tekken)|Red Card|[of] p2a: Klefki
|drag|p2a: Ceruledge|Ceruledge, M|100/100
|move|p1a: Eddy(tekken)|Triple Axel|p2a: Ceruledge
|-resisted|p2a: Ceruledge
|-damage|p2a: Ceruledge|97/100
|-ability|p2a: Ceruledge|Weak Armor|boost
|-unboost|p2a: Ceruledge|def|1
|-boost|p2a: Ceruledge|spe|2
|-hitcount|p2a: Ceruledge|1
|
|upkeep
|turn|5
|
|t:|1760872917
|move|p2a: Ceruledge|Bitter Blade|p1a: Eddy(tekken)
|-damage|p1a: Eddy(tekken)|18/100 par
|-heal|p2a: Ceruledge|100/100|[from] drain|[of] p1a: Eddy(tekken)
|move|p1a: Eddy(tekken)|Triple Axel|p2a: Ceruledge
|-resisted|p2a: Ceruledge
|-damage|p2a: Ceruledge|96/100
|-ability|p2a: Ceruledge|Weak Armor|boost
|-unboost|p2a: Ceruledge|def|1
|-boost|p2a: Ceruledge|spe|2
|-resisted|p2a: Ceruledge
|-damage|p2a: Ceruledge|84/100
|-ability|p2a: Ceruledge|Weak Armor|boost
|-unboost|p2a: Ceruledge|def|1
|-boost|p2a: Ceruledge|spe|2
|-hitcount|p2a: Ceruledge|2
|
|upkeep
|turn|6
|
|t:|1760872932
|move|p2a: Ceruledge|Bitter Blade|p1a: Eddy(tekken)
|-damage|p1a: Eddy(tekken)|0 fnt
|-heal|p2a: Ceruledge|93/100|[from] drain|[of] p1a: Eddy(tekken)
|faint|p1a: Eddy(tekken)
|
|upkeep
|
|t:|1760872940
|switch|p1a: Hoplites|Falinks, shiny|100/100
|turn|7
|
|t:|1760872945
|move|p2a: Ceruledge|Bitter Blade|p1a: Hoplites
|-damage|p1a: Hoplites|42/100
|-heal|p2a: Ceruledge|100/100|[from] drain|[of] p1a: Hoplites
|move|p1a: Hoplites|No Retreat|p1a: Hoplites
|-boost|p1a: Hoplites|atk|1
|-boost|p1a: Hoplites|def|1
|-boost|p1a: Hoplites|spa|1
|-boost|p1a: Hoplites|spd|1
|-boost|p1a: Hoplites|spe|1
|-start|p1a: Hoplites|move: No Retreat
|
|-heal|p1a: Hoplites|48/100|[from] item: Leftovers
|upkeep
|turn|8
|
|t:|1760872951
|move|p2a: Ceruledge|Bitter Blade|p1a: Hoplites
|-damage|p1a: Hoplites|12/100
|move|p1a: Hoplites|Knock Off|p2a: Ceruledge
|-supereffective|p2a: Ceruledge
|-damage|p2a: Ceruledge|0 fnt
|-enditem|p2a: Ceruledge|Weakness Policy|[from] move: Knock Off|[of] p1a: Hoplites
|faint|p2a: Ceruledge
|
|-heal|p1a: Hoplites|19/100|[from] item: Leftovers
|upkeep
|
|t:|1760872959
|switch|p2a: Greninja|Greninja, M|100/100
|turn|9
|
|t:|1760872965
|move|p2a: Greninja|Extrasensory|p1a: Hoplites
|-supereffective|p1a: Hoplites
|-damage|p1a: Hoplites|0 fnt
|faint|p1a: Hoplites
|-ability|p2a: Greninja|Battle Bond|boost
|-boost|p2a: Greninja|atk|1
|-boost|p2a: Greninja|spa|1
|-boost|p2a: Greninja|spe|1
|-activate|p2a: Greninja|ability: Battle Bond
|-damage|p2a: Greninja|91/100|[from] item: Life Orb
|
|-sideend|p2: ArkossJ|Reflect
|upkeep
|
|t:|1760872970
|switch|p1a: APE TOGETHER STRON|Zarude|100/100
|turn|10
|
|t:|1760872986
|move|p2a: Greninja|Ice Beam|p1a: APE TOGETHER STRON
|-supereffective|p1a: APE TOGETHER STRON
|-damage|p1a: APE TOGETHER STRON|36/100
|-enditem|p1a: APE TOGETHER STRON|Weakness Policy
|-boost|p1a: APE TOGETHER STRON|atk|2|[from] item: Weakness Policy
|-boost|p1a: APE TOGETHER STRON|spa|2|[from] item: Weakness Policy
|-damage|p2a: Greninja|81/100|[from] item: Life Orb
|move|p1a: APE TOGETHER STRON|Trailblaze|p2a: Greninja
|-supereffective|p2a: Greninja
|-damage|p2a: Greninja|0 fnt
|-boost|p1a: APE TOGETHER STRON|spe|1
|faint|p2a: Greninja
|
|-sideend|p2: ArkossJ|move: Light Screen
|upkeep
|-message|ArkossJ forfeited.
|
|win|Vampire army8378
|raw|Vampire army8378's rating: 1114 &rarr; <strong>1137</strong><br />(+23 for winning)
|raw|ArkossJ's rating: 1093 &rarr; <strong>1070</strong><br />(-23 for losing)
|l|☆ArkossJ
|player|p2|
|l|☆Vampire army8378
|player|p1|
