|j|☆Youky.on
|j|☆zard._slayer
|t:|1760866214
|gametype|singles
|player|p1|Youky.on|102|1335
|player|p2|zard._slayer|benga|1264
|gen|9
|tier|[Gen 9] OU
|rated|
|rule|HP Percentage Mod: HP is shown in percentages
|rule|Endless Battle Clause: Forcing endless battles is banned
|rule|Species Clause: Limit one of each Pokémon
|rule|OHKO Clause: OHKO moves are banned
|rule|Evasion Items Clause: Evasion items are banned
|rule|Evasion Moves Clause: Evasion moves are banned
|rule|Evasion Abilities Clause: Evasion abilities are banned
|rule|Sleep Moves Clause: Sleep-inducing moves are banned
|clearpoke
|poke|p1|Glimmora, M|
|poke|p1|Kingambit, M|
|poke|p1|Darkrai|
|poke|p1|Zamazenta-*|
|poke|p1|Dragonite, M|
|poke|p1|Iron Valiant|
|poke|p2|Typhlosion-Hisui, M|
|poke|p2|Walking Wake|
|poke|p2|Great Tusk|
|poke|p2|Torkoal, F|
|poke|p2|Hoopa-Unbound|
|poke|p2|Alomomola, M|
|teampreview
|inactive|Battle timer is ON: inactive players will automatically lose when time's up. (requested by Youky.on)
|
|t:|1760866222
|teamsize|p1|6
|teamsize|p2|6
|start
|switch|p1a: Glimmora|Glimmora, M|100/100
|switch|p2a: mvp|Torkoal, F|100/100
|-weather|SunnyDay|[from] ability: Drought|[of] p2a: mvp
|turn|1
|
|t:|1760866229
|switch|p2a: medic|Alomomola, M, shiny|100/100
|move|p1a: Glimmora|Stealth Rock|p2a: medic
|-sidestart|p2: zard._slayer|move: Stealth Rock
|
|-weather|SunnyDay|[upkeep]
|upkeep
|turn|2
|
|t:|1760866241
|switch|p1a: Dragonite|Dragonite, M|100/100
|move|p2a: medic|Protect||[still]
|-fail|p2a: medic
|
|-weather|SunnyDay|[upkeep]
|upkeep
|turn|3
|
|t:|1760866246
|move|p1a: Dragonite|Dragon Dance|p1a: Dragonite
|-boost|p1a: Dragonite|atk|1
|-boost|p1a: Dragonite|spe|1
|move|p2a: medic|Flip Turn|p1a: Dragonite
|-resisted|p1a: Dragonite
|-damage|p1a: Dragonite|99/100
|
|t:|1760866255
|switch|p2a: great wall|Great Tusk|100/100|[from] Flip Turn
|-damage|p2a: great wall|98/100|[from] Stealth Rock
|-activate|p2a: great wall|ability: Protosynthesis
|-start|p2a: great wall|protosynthesisatk
|
|-weather|SunnyDay|[upkeep]
|upkeep
|turn|4
|
|t:|1760866266
|-terastallize|p1a: Dragonite|Normal
|move|p1a: Dragonite|Dragon Dance|p1a: Dragonite
|-boost|p1a: Dragonite|atk|1
|-boost|p1a: Dragonite|spe|1
|move|p2a: great wall|Ice Spinner|p1a: Dragonite
|-damage|p1a: Dragonite|38/100
|-damage|p2a: great wall|88/100|[from] item: Life Orb
|
|-weather|SunnyDay|[upkeep]
|upkeep
|turn|5
|
|t:|1760866281
|-terastallize|p2a: great wall|Steel
|move|p1a: Dragonite|Earthquake|p2a: great wall
|-supereffective|p2a: great wall
|-damage|p2a: great wall|0 fnt
|faint|p2a: great wall
|-end|p2a: great wall|Protosynthesis|[silent]
|
|-weather|SunnyDay|[upkeep]
|upkeep
|c|☆zard._slayer|lmao oof
|
|t:|1760866302
|switch|p2a: Walking terror|Walking Wake|100/100
|-damage|p2a: Walking terror|88/100|[from] Stealth Rock
|-activate|p2a: Walking terror|ability: Protosynthesis
|-start|p2a: Walking terror|protosynthesisspe
|turn|6
|
|t:|1760866315
|move|p2a: Walking terror|Hydro Steam|p1a: Dragonite
|-damage|p1a: Dragonite|0 fnt
|faint|p1a: Dragonite
|-damage|p2a: Walking terror|78/100|[from] item: Life Orb
|
|-weather|SunnyDay|[upkeep]
|upkeep
|
|t:|1760866321
|switch|p1a: Iron Valiant|Iron Valiant|100/100
|-enditem|p1a: Iron Valiant|Booster Energy
|-activate|p1a: Iron Valiant|ability: Quark Drive|[fromitem]
|-start|p1a: Iron Valiant|quarkdrivespe
|turn|7
|
|t:|1760866331
|move|p1a: Iron Valiant|Moonblast|p2a: Walking terror
|-supereffective|p2a: Walking terror
|-damage|p2a: Walking terror|0 fnt
|faint|p2a: Walking terror
|-end|p2a: Walking terror|Protosynthesis|[silent]
|
|-weather|SunnyDay|[upkeep]
|upkeep
|
|t:|1760866338
|switch|p2a: medic|Alomomola, M, shiny|100/100
|-damage|p2a: medic|88/100|[from] Stealth Rock
|turn|8
|
|t:|1760866343
|move|p1a: Iron Valiant|Calm Mind|p1a: Iron Valiant
|-boost|p1a: Iron Valiant|spa|1
|-boost|p1a: Iron Valiant|spd|1
|move|p2a: medic|Wish|p2a: medic
|
|-weather|none
|upkeep
|turn|9
|
|t:|1760866350
|switch|p2a: magma|Typhlosion-Hisui, M, shiny|100/100
|-damage|p2a: magma|76/100|[from] Stealth Rock
|move|p1a: Iron Valiant|Calm Mind|p1a: Iron Valiant
|-boost|p1a: Iron Valiant|spa|1
|-boost|p1a: Iron Valiant|spd|1
|
|-heal|p2a: magma|100/100|[from] move: Wish|[wisher] medic
|upkeep
|turn|10
|
|t:|1760866359
|move|p1a: Iron Valiant|Shadow Ball|p2a: magma
|-supereffective|p2a: magma
|-damage|p2a: magma|0 fnt
|faint|p2a: magma
|
|upkeep
|
|t:|1760866365
|switch|p2a: Hoopa|Hoopa-Unbound|100/100
|-damage|p2a: Hoopa|88/100|[from] Stealth Rock
|turn|11
|inactive|Youky.on has 120 seconds left.
|
|t:|1760866406
|move|p1a: Iron Valiant|Moonblast|p2a: Hoopa
|-supereffective|p2a: Hoopa
|-damage|p2a: Hoopa|0 fnt
|faint|p2a: Hoopa
|
|upkeep
|
|t:|1760866412
|switch|p2a: medic|Alomomola, M, shiny|100/100
|-damage|p2a: medic|88/100|[from] Stealth Rock
|turn|12
|
|t:|1760866416
|move|p1a: Iron Valiant|Calm Mind|p1a: Iron Valiant
|-boost|p1a: Iron Valiant|spa|1
|-boost|p1a: Iron Valiant|spd|1
|move|p2a: medic|Flip Turn|p1a: Iron Valiant
|-damage|p1a: Iron Valiant|78/100
|
|t:|1760866421
|switch|p2a: mvp|Torkoal, F|100/100|[from] Flip Turn
|-damage|p2a: mvp|76/100|[from] Stealth Rock
|-weather|SunnyDay|[from] ability: Drought|[of] p2a: mvp
|
|-weather|SunnyDay|[upkeep]
|upkeep
|turn|13
|
|t:|1760866428
|move|p1a: Iron Valiant|Moonblast|p2a: mvp
|-resisted|p2a: mvp
|-damage|p2a: mvp|10/100
|-unboost|p2a: mvp|spa|1
|move|p2a: mvp|Rapid Spin|p1a: Iron Valiant
|-damage|p1a: Iron Valiant|66/100
|-boost|p2a: mvp|spe|1
|-sideend|p2: zard._slayer|Stealth Rock|[from] move: Rapid Spin|[of] p2a: mvp
|
|-weather|SunnyDay|[upkeep]
|upkeep
|turn|14
|
|t:|1760866437
|move|p1a: Iron Valiant|Moonblast|p2a: mvp
|-resisted|p2a: mvp
|-damage|p2a: mvp|0 fnt
|faint|p2a: mvp
|
|-weather|SunnyDay|[upkeep]
|upkeep
|
|t:|1760866442
|switch|p2a: medic|Alomomola, M, shiny|100/100
|turn|15
|
|t:|1760866446
|move|p1a: Iron Valiant|Moonblast|p2a: medic
|-damage|p2a: medic|5/100
|-unboost|p2a: medic|spa|1
|move|p2a: medic|Mirror Coat|p1a: Iron Valiant
|-damage|p1a: Iron Valiant|0 fnt
|faint|p1a: Iron Valiant
|-end|p1a: Iron Valiant|Quark Drive|[silent]
|
|-weather|SunnyDay|[upkeep]
|upkeep
|
|t:|1760866451
|switch|p1a: Kingambit|Kingambit, M|100/100
|-activate|p1a: Kingambit|ability: Supreme Overlord
|-start|p1a: Kingambit|fallen2|[silent]
|turn|16
|
|t:|1760866457
|move|p2a: medic|Protect|p2a: medic
|-singleturn|p2a: medic|Protect
|move|p1a: Kingambit|Iron Head|p2a: medic
|-activate|p2a: medic|move: Protect
|
|-weather|SunnyDay|[upkeep]
|upkeep
|turn|17
|
|t:|1760866463
|move|p1a: Kingambit|Iron Head|p2a: medic
|-resisted|p2a: medic
|-damage|p2a: medic|0 fnt
|-damage|p1a: Kingambit|84/100|[from] item: Rocky Helmet|[of] p2a: medic
|faint|p2a: medic
|
|win|Youky.on
|raw|Youky.on's rating: 1335 &rarr; <strong>1351</strong><br />(+16 for winning)
|raw|zard._slayer's rating: 1264 &rarr; <strong>1244</strong><br />(-20 for losing)
|c|☆zard._slayer|ggs
|l|☆zard._slayer
|player|p2|
|l|☆Youky.on
|player|p1|
