|j|☆Winter6097
|j|☆svetlanadelrey
|t:|1760763793
|gametype|singles
|player|p1|Winter6097|dancer|1409
|player|p2|svetlanadelrey|elesa|1471
|gen|9
|tier|[Gen 9] OU
|rated|
|rule|HP Percentage Mod: HP is shown in percentages
|rule|Endless Battle Clause: Forcing endless battles is banned
|rule|Species Clause: Limit one of each Pokémon
|rule|OHKO Clause: OHKO moves are banned
|rule|Evasion Items Clause: Evasion items are banned
|rule|Evasion Moves Clause: Evasion moves are banned
|rule|Evasion Abilities Clause: Evasion abilities are banned
|rule|Sleep Moves Clause: Sleep-inducing moves are banned
|clearpoke
|poke|p1|Polteageist|
|poke|p1|Indeedee-F, F|
|poke|p1|Hatterene, F|
|poke|p1|Hoopa-Unbound|
|poke|p1|Hawlucha, F|
|poke|p1|Delphox, M|
|poke|p2|Lokix, F|
|poke|p2|Cinderace, M|
|poke|p2|Great Tusk|
|poke|p2|Alomomola, F|
|poke|p2|Enamorus, F|
|poke|p2|Slowking-Galar, F|
|teampreview
|inactive|Battle timer is ON: inactive players will automatically lose when time's up. (requested by svetlanadelrey)
|inactive|Winter6097 also wants the timer to be on.
|inactive|svetlanadelrey has 120 seconds left.
|
|t:|1760763826
|teamsize|p1|6
|teamsize|p2|6
|start
|switch|p1a: Maiden|Indeedee-F, F|100/100
|switch|p2a: Lokix|Lokix, F|100/100
|-fieldstart|move: Psychic Terrain|[from] ability: Psychic Surge|[of] p1a: Maiden
|turn|1
|
|t:|1760763833
|switch|p1a: Anti-Hazard|Hatterene, F|100/100
|move|p2a: Lokix|U-turn|p1a: Anti-Hazard
|-damage|p1a: Anti-Hazard|42/100
|-enditem|p1a: Anti-Hazard|Eject Button
|
|t:|1760763836
|switch|p1a: Delphox|Delphox, M|100/100
|
|upkeep
|turn|2
|
|t:|1760763845
|switch|p2a: Alomomola|Alomomola, F|100/100
|move|p1a: Delphox|Nasty Plot|p1a: Delphox
|-boost|p1a: Delphox|spa|2
|
|upkeep
|turn|3
|
|t:|1760763848
|move|p1a: Delphox|Expanding Force|p2a: Alomomola
|-damage|p2a: Alomomola|33/100
|move|p2a: Alomomola|Mirror Coat|p1a: Delphox
|-enditem|p1a: Delphox|Focus Sash
|-damage|p1a: Delphox|1/100
|
|upkeep
|turn|4
|
|t:|1760763852
|move|p2a: Alomomola|Aqua Jet|p1a: Delphox
|-activate|p1a: Delphox|move: Psychic Terrain
|move|p1a: Delphox|Expanding Force|p2a: Alomomola
|-damage|p2a: Alomomola|0 fnt
|faint|p2a: Alomomola
|-item|p1a: Delphox|Assault Vest|[from] ability: Magician|[of] p2: Alomomola
|
|upkeep
|
|t:|1760763864
|switch|p2a: Enamorus|Enamorus, F|100/100
|turn|5
|
|t:|1760763869
|move|p2a: Enamorus|Moonblast|p1a: Delphox
|-resisted|p1a: Delphox
|-damage|p1a: Delphox|0 fnt
|faint|p1a: Delphox
|
|upkeep
|
|t:|1760763881
|switch|p1a: Hawlucha|Hawlucha, F|100/100
|-enditem|p1a: Hawlucha|Psychic Seed
|-boost|p1a: Hawlucha|spd|1|[from] item: Psychic Seed
|turn|6
|
|t:|1760763892
|-terastallize|p1a: Hawlucha|Steel
|move|p1a: Hawlucha|Swords Dance|p1a: Hawlucha
|-boost|p1a: Hawlucha|atk|2
|move|p2a: Enamorus|Moonblast|p1a: Hawlucha
|-resisted|p1a: Hawlucha
|-damage|p1a: Hawlucha|71/100
|
|upkeep
|turn|7
|
|t:|1760763908
|move|p1a: Hawlucha|Acrobatics|p2a: Enamorus
|-damage|p2a: Enamorus|0 fnt
|faint|p2a: Enamorus
|
|upkeep
|inactive|svetlanadelrey has 120 seconds left.
|inactive|svetlanadelrey has 90 seconds left.
|
|t:|1760763959
|switch|p2a: Slowking|Slowking-Galar, F|100/100
|turn|8
|
|t:|1760763962
|move|p1a: Hawlucha|Acrobatics|p2a: Slowking
|-damage|p2a: Slowking|31/100
|-prepare|p2a: Slowking|Chilly Reception|[premajor]
|move|p2a: Slowking|Chilly Reception|p2a: Slowking
|-weather|Snowscape
|
|t:|1760763965
|switch|p2a: Lokix|Lokix, F|100/100|[from] Chilly Reception
|
|-weather|Snowscape|[upkeep]
|-fieldend|move: Psychic Terrain
|upkeep
|turn|9
|
|t:|1760763973
|move|p1a: Hawlucha|Acrobatics|p2a: Lokix
|-supereffective|p2a: Lokix
|-crit|p2a: Lokix
|-damage|p2a: Lokix|0 fnt
|faint|p2a: Lokix
|
|-weather|Snowscape|[upkeep]
|upkeep
|-message|svetlanadelrey forfeited.
|
|win|Winter6097
|raw|Winter6097's rating: 1409 &rarr; <strong>1433</strong><br />(+24 for winning)
|raw|svetlanadelrey's rating: 1471 &rarr; <strong>1447</strong><br />(-24 for losing)
|l|☆svetlanadelrey
|player|p2|
|l|☆Winter6097
|player|p1|
