|j|☆ashmer06
|j|☆crockcorak
|t:|1760873352
|gametype|singles
|player|p1|ashmer06|266|1453
|player|p2|crockcorak|1|1475
|gen|9
|tier|[Gen 9] OU
|rated|
|rule|HP Percentage Mod: HP is shown in percentages
|rule|Endless Battle Clause: Forcing endless battles is banned
|rule|Species Clause: Limit one of each Pokémon
|rule|OHKO Clause: OHKO moves are banned
|rule|Evasion Items Clause: Evasion items are banned
|rule|Evasion Moves Clause: Evasion moves are banned
|rule|Evasion Abilities Clause: Evasion abilities are banned
|rule|Sleep Moves Clause: Sleep-inducing moves are banned
|clearpoke
|poke|p1|Grimmsnarl, M|
|poke|p1|Ursaluna, F|
|poke|p1|Slowbro-Galar, M|
|poke|p1|Iron Hands|
|poke|p1|Kingambit, M|
|poke|p1|Enamorus-Therian, F|
|poke|p2|Gliscor, F|
|poke|p2|Gholdengo|
|poke|p2|Zamazenta-*|
|poke|p2|Meowscarada, M|
|poke|p2|Hatterene, F|
|poke|p2|Iron Moth|
|teampreview
|inactive|Battle timer is ON: inactive players will automatically lose when time's up. (requested by ashmer06)
|
|t:|1760873367
|teamsize|p1|6
|teamsize|p2|6
|start
|switch|p1a: Grimmsnarl|Grimmsnarl, M|100/100
|switch|p2a: Hatterene|Hatterene, F|100/100
|turn|1
|
|t:|1760873371
|move|p1a: Grimmsnarl|Light Screen|p1a: Grimmsnarl
|-sidestart|p1: ashmer06|move: Light Screen
|move|p2a: Hatterene|Calm Mind|p2a: Hatterene
|-boost|p2a: Hatterene|spa|1
|-boost|p2a: Hatterene|spd|1
|
|upkeep
|turn|2
|
|t:|1760873377
|switch|p1a: Ursaluna|Ursaluna, F|100/100
|move|p2a: Hatterene|Calm Mind|p2a: Hatterene
|-boost|p2a: Hatterene|spa|1
|-boost|p2a: Hatterene|spd|1
|
|upkeep
|turn|3
|
|t:|1760873388
|move|p1a: Ursaluna|Swords Dance|p1a: Ursaluna
|-boost|p1a: Ursaluna|atk|2
|move|p2a: Hatterene|Psychic Noise|p1a: Ursaluna
|-damage|p1a: Ursaluna|71/100
|-start|p1a: Ursaluna|move: Heal Block
|
|upkeep
|turn|4
|-activate|p1a: Ursaluna|item: Quick Claw
|
|t:|1760873394
|switch|p2a: Gholdengo|Gholdengo|100/100
|-item|p2a: Gholdengo|Air Balloon
|move|p1a: Ursaluna|Headlong Rush|p2a: Gholdengo
|-immune|p2a: Gholdengo
|
|-end|p1a: Ursaluna|move: Heal Block
|upkeep
|turn|5
|
|t:|1760873404
|move|p2a: Gholdengo|Make It Rain|p1a: Ursaluna
|-damage|p1a: Ursaluna|43/100
|-unboost|p2a: Gholdengo|spa|1
|move|p1a: Ursaluna|Crunch|p2a: Gholdengo
|-supereffective|p2a: Gholdengo
|-damage|p2a: Gholdengo|0 fnt
|-enditem|p2a: Gholdengo|Air Balloon
|faint|p2a: Gholdengo
|
|upkeep
|
|t:|1760873410
|switch|p2a: Meowscarada|Meowscarada, M|100/100
|turn|6
|
|t:|1760873415
|switch|p1a: Iron Hands|Iron Hands|100/100
|move|p2a: Meowscarada|Flower Trick|p1a: Iron Hands
|-start|p2a: Meowscarada|typechange|Grass|[from] ability: Protean
|-crit|p1a: Iron Hands
|-damage|p1a: Iron Hands|69/100
|
|upkeep
|turn|7
|
|t:|1760873425
|move|p2a: Meowscarada|U-turn|p1a: Iron Hands
|-resisted|p1a: Iron Hands
|-damage|p1a: Iron Hands|62/100
|
|t:|1760873428
|switch|p2a: Gliscor|Gliscor, F|100/100|[from] U-turn
|move|p1a: Iron Hands|Swords Dance|p1a: Iron Hands
|-boost|p1a: Iron Hands|atk|2
|
|-status|p2a: Gliscor|tox|[from] item: Toxic Orb
|upkeep
|turn|8
|
|t:|1760873432
|move|p2a: Gliscor|Earthquake|p1a: Iron Hands
|-supereffective|p1a: Iron Hands
|-damage|p1a: Iron Hands|24/100
|move|p1a: Iron Hands|Ice Punch|p2a: Gliscor
|-supereffective|p2a: Gliscor
|-crit|p2a: Gliscor
|-damage|p2a: Gliscor|0 fnt
|faint|p2a: Gliscor
|
|-sideend|p1: ashmer06|move: Light Screen
|upkeep
|
|t:|1760873442
|switch|p2a: Meowscarada|Meowscarada, M|100/100
|turn|9
|
|t:|1760873447
|move|p2a: Meowscarada|Play Rough|p1a: Iron Hands
|-start|p2a: Meowscarada|typechange|Fairy|[from] ability: Protean
|-supereffective|p1a: Iron Hands
|-damage|p1a: Iron Hands|0 fnt
|faint|p1a: Iron Hands
|-end|p1a: Iron Hands|Quark Drive|[silent]
|
|upkeep
|
|t:|1760873453
|switch|p1a: Grimmsnarl|Grimmsnarl, M|100/100
|turn|10
|
|t:|1760873457
|move|p1a: Grimmsnarl|Reflect|p1a: Grimmsnarl
|-sidestart|p1: ashmer06|Reflect
|move|p2a: Meowscarada|Knock Off|p1a: Grimmsnarl
|-resisted|p1a: Grimmsnarl
|-damage|p1a: Grimmsnarl|97/100
|-enditem|p1a: Grimmsnarl|Light Clay|[from] move: Knock Off|[of] p2a: Meowscarada
|
|upkeep
|turn|11
|
|t:|1760873465
|move|p1a: Grimmsnarl|Light Screen|p1a: Grimmsnarl
|-sidestart|p1: ashmer06|move: Light Screen
|move|p2a: Meowscarada|Flower Trick|p1a: Grimmsnarl
|-crit|p1a: Grimmsnarl
|-damage|p1a: Grimmsnarl|70/100
|
|upkeep
|turn|12
|
|t:|1760873473
|switch|p1a: Enamorus|Enamorus-Therian, F|100/100
|move|p2a: Meowscarada|U-turn|p1a: Enamorus
|-resisted|p1a: Enamorus
|-damage|p1a: Enamorus|98/100
|
|t:|1760873479
|switch|p2a: Hatterene|Hatterene, F|100/100|[from] U-turn
|
|upkeep
|turn|13
|-activate|p1a: Enamorus|item: Quick Claw
|
|t:|1760873483
|move|p1a: Enamorus|Moonblast|p2a: Hatterene
|-damage|p2a: Hatterene|40/100
|move|p2a: Hatterene|Calm Mind|p2a: Hatterene
|-boost|p2a: Hatterene|spa|1
|-boost|p2a: Hatterene|spd|1
|
|upkeep
|turn|14
|
|t:|1760873488
|move|p1a: Enamorus|Calm Mind|p1a: Enamorus
|-boost|p1a: Enamorus|spa|1
|-boost|p1a: Enamorus|spd|1
|move|p2a: Hatterene|Draining Kiss|p1a: Enamorus
|-damage|p1a: Enamorus|88/100
|-heal|p2a: Hatterene|48/100|[from] drain|[of] p1a: Enamorus
|
|upkeep
|turn|15
|
|t:|1760873505
|-terastallize|p2a: Hatterene|Poison
|move|p1a: Enamorus|Moonblast|p2a: Hatterene
|-resisted|p2a: Hatterene
|-damage|p2a: Hatterene|18/100
|move|p2a: Hatterene|Calm Mind|p2a: Hatterene
|-boost|p2a: Hatterene|spa|1
|-boost|p2a: Hatterene|spd|1
|
|-sideend|p1: ashmer06|move: Light Screen
|upkeep
|turn|16
|
|t:|1760873513
|move|p1a: Enamorus|Earth Power|p2a: Hatterene
|-supereffective|p2a: Hatterene
|-damage|p2a: Hatterene|0 fnt
|faint|p2a: Hatterene
|
|upkeep
|
|t:|1760873518
|switch|p2a: Zamazenta|Zamazenta|100/100
|-ability|p2a: Zamazenta|Dauntless Shield|boost
|-boost|p2a: Zamazenta|def|1
|turn|17
|
|t:|1760873523
|move|p2a: Zamazenta|Heavy Slam|p1a: Enamorus
|-supereffective|p1a: Enamorus
|-damage|p1a: Enamorus|63/100
|move|p1a: Enamorus|Moonblast|p2a: Zamazenta
|-supereffective|p2a: Zamazenta
|-damage|p2a: Zamazenta|0 fnt
|faint|p2a: Zamazenta
|
|-sideend|p1: ashmer06|Reflect
|upkeep
|
|t:|1760873526
|switch|p2a: Iron Moth|Iron Moth|100/100
|-enditem|p2a: Iron Moth|Booster Energy
|-activate|p2a: Iron Moth|ability: Quark Drive|[fromitem]
|-start|p2a: Iron Moth|quarkdrivespe
|turn|18
|
|t:|1760873531
|move|p2a: Iron Moth|Sludge Wave|p1a: Enamorus
|-supereffective|p1a: Enamorus
|-damage|p1a: Enamorus|0 fnt
|faint|p1a: Enamorus
|
|upkeep
|
|t:|1760873535
|switch|p1a: Grimmsnarl|Grimmsnarl, M|70/100
|turn|19
|
|t:|1760873539
|move|p1a: Grimmsnarl|Light Screen|p1a: Grimmsnarl
|-sidestart|p1: ashmer06|move: Light Screen
|move|p2a: Iron Moth|Sludge Wave|p1a: Grimmsnarl
|-supereffective|p1a: Grimmsnarl
|-damage|p1a: Grimmsnarl|13/100
|
|upkeep
|turn|20
|
|t:|1760873542
|move|p1a: Grimmsnarl|Reflect|p1a: Grimmsnarl
|-sidestart|p1: ashmer06|Reflect
|move|p2a: Iron Moth|Sludge Wave|p1a: Grimmsnarl
|-supereffective|p1a: Grimmsnarl
|-damage|p1a: Grimmsnarl|0 fnt
|faint|p1a: Grimmsnarl
|
|upkeep
|
|t:|1760873554
|switch|p1a: Slowbro|Slowbro-Galar, M|100/100
|turn|21
|-activate|p1a: Slowbro|ability: Quick Draw
|
|t:|1760873560
|move|p1a: Slowbro|Psyshock|p2a: Iron Moth
|-supereffective|p2a: Iron Moth
|-damage|p2a: Iron Moth|0 fnt
|faint|p2a: Iron Moth
|-end|p2a: Iron Moth|Quark Drive|[silent]
|
|upkeep
|
|t:|1760873562
|switch|p2a: Meowscarada|Meowscarada, M|100/100
|turn|22
|
|t:|1760873565
|move|p2a: Meowscarada|Knock Off|p1a: Slowbro
|-start|p2a: Meowscarada|typechange|Dark|[from] ability: Protean
|-supereffective|p1a: Slowbro
|-damage|p1a: Slowbro|55/100
|-enditem|p1a: Slowbro|Quick Claw|[from] move: Knock Off|[of] p2a: Meowscarada
|move|p1a: Slowbro|Sludge Bomb|p2a: Meowscarada
|-damage|p2a: Meowscarada|38/100
|-status|p2a: Meowscarada|psn
|
|-damage|p2a: Meowscarada|25/100 psn|[from] psn
|upkeep
|turn|23
|-activate|p1a: Slowbro|ability: Quick Draw
|
|t:|1760873572
|move|p1a: Slowbro|Sludge Bomb|p2a: Meowscarada
|-damage|p2a: Meowscarada|0 fnt
|faint|p2a: Meowscarada
|
|win|ashmer06
|raw|ashmer06's rating: 1453 &rarr; <strong>1474</strong><br />(+21 for winning)
|raw|crockcorak's rating: 1475 &rarr; <strong>1454</strong><br />(-21 for losing)
|l|☆crockcorak
|player|p2|
|l|☆ashmer06
|player|p1|
