|j|☆MalicousTxT
|j|☆Shakeyourabdomen
|t:|1760853653
|gametype|singles
|player|p1|MalicousTxT|265|
|player|p2|Shakeyourabdomen|caitlin|
|gen|9
|tier|[Gen 9] OU
|rule|HP Percentage Mod: HP is shown in percentages
|rule|Endless Battle Clause: Forcing endless battles is banned
|rule|Species Clause: Limit one of each Pokémon
|rule|OHKO Clause: OHKO moves are banned
|rule|Evasion Items Clause: Evasion items are banned
|rule|Evasion Moves Clause: Evasion moves are banned
|rule|Evasion Abilities Clause: Evasion abilities are banned
|rule|Sleep Moves Clause: Sleep-inducing moves are banned
|clearpoke
|poke|p1|Gholdengo|
|poke|p1|Tyranitar, M|
|poke|p1|Hippowdon, M|
|poke|p1|Houndstone, M|
|poke|p1|Ogerpon-Wellspring, F|
|poke|p1|Alomomola, F|
|poke|p2|Reuniclus, M|
|poke|p2|Kingambit, F|
|poke|p2|Ogerpon-Wellspring, F|
|poke|p2|Landorus-Therian, M|
|poke|p2|Iron Valiant|
|poke|p2|Cinderace, F|
|teampreview
|c|☆Shakeyourabdomen|alomomola
|c|☆Shakeyourabdomen|die
|c|☆Shakeyourabdomen|perish
|c|☆MalicousTxT|tragically mispelt my own name
|c|☆MalicousTxT|also yea uhhhh
|inactive|Battle timer is ON: inactive players will automatically lose when time's up. (requested by Shakeyourabdomen)
|c|☆MalicousTxT|slow pivot = wishfish
|
|t:|1760853694
|teamsize|p1|6
|teamsize|p2|6
|start
|switch|p1a: Hippowdon|Hippowdon, M|100/100
|switch|p2a: Terratomere|Ogerpon-Wellspring, F|100/100
|-weather|Sandstorm|[from] ability: Sand Stream|[of] p1a: Hippowdon
|turn|1
|
|t:|1760853702
|switch|p1a: Alomomola|Alomomola, F|100/100
|move|p2a: Terratomere|Substitute|p2a: Terratomere
|-start|p2a: Terratomere|Substitute
|-damage|p2a: Terratomere|76/100
|
|-weather|Sandstorm|[upkeep]
|-damage|p2a: Terratomere|70/100|[from] Sandstorm
|-damage|p1a: Alomomola|94/100|[from] Sandstorm
|upkeep
|turn|2
|
|t:|1760853713
|move|p2a: Terratomere|Swords Dance|p2a: Terratomere
|-boost|p2a: Terratomere|atk|2
|move|p1a: Alomomola|Flip Turn|p2a: Terratomere
|-heal|p2a: Terratomere|95/100|[from] ability: Water Absorb|[of] p1a: Alomomola
|
|-weather|Sandstorm|[upkeep]
|-damage|p2a: Terratomere|89/100|[from] Sandstorm
|-damage|p1a: Alomomola|88/100|[from] Sandstorm
|upkeep
|turn|3
|
|t:|1760853724
|switch|p1a: Ogerpon|Ogerpon-Wellspring, F|100/100
|move|p2a: Terratomere|Horn Leech|p1a: Ogerpon
|-damage|p1a: Ogerpon|0 fnt
|-heal|p2a: Terratomere|100/100|[from] drain|[of] p1a: Ogerpon
|faint|p1a: Ogerpon
|
|-weather|Sandstorm|[upkeep]
|-damage|p2a: Terratomere|95/100|[from] Sandstorm
|upkeep
|
|t:|1760853734
|switch|p1a: Gholdengo|Gholdengo|100/100
|turn|4
|inactive|Shakeyourabdomen has 270 seconds left.
|
|t:|1760853766
|move|p2a: Terratomere|Ivy Cudgel|p1a: Gholdengo|[anim] Ivy Cudgel Water
|-damage|p1a: Gholdengo|21/100
|move|p1a: Gholdengo|Make It Rain|p2a: Terratomere
|-resisted|p2a: Terratomere
|-end|p2a: Terratomere|Substitute
|-unboost|p1a: Gholdengo|spa|1
|-enditem|p1a: Gholdengo|Eject Pack
|c|☆Shakeyourabdomen|shouldve ripped another sd
|j| Aj_genius
|c|☆MalicousTxT|i don't got a good counter for this guy LOL
|
|t:|1760853795
|switch|p1a: Houndstone|Houndstone, M|100/100
|
|-weather|Sandstorm|[upkeep]
|-damage|p2a: Terratomere|89/100|[from] Sandstorm
|upkeep
|turn|5
|n| Aj_genius|ajgenius
|inactive|Shakeyourabdomen has 270 seconds left.
|c| Aj_genius|Hi
|c|☆MalicousTxT|sup
|c|☆MalicousTxT|im getting a new one torn into me rq LOL
|c|☆Shakeyourabdomen|i dont know what moves this guy gets
|
|t:|1760853833
|switch|p2a: Murasama|Kingambit, F|100/100
|-terastallize|p1a: Houndstone|Ghost
|move|p1a: Houndstone|Poltergeist|p2a: Murasama
|-activate|p2a: Murasama|move: Poltergeist|Leftovers
|-resisted|p2a: Murasama
|-damage|p2a: Murasama|71/100
|
|-weather|Sandstorm|[upkeep]
|-heal|p2a: Murasama|77/100|[from] item: Leftovers
|upkeep
|turn|6
|c| Aj_genius|wait hi guys
|c|☆MalicousTxT|last respect is banned heavily
|c|☆Shakeyourabdomen|thank gawds
|c|☆Shakeyourabdomen|hi
|inactive|MalicousTxT has 270 seconds left.
|
|t:|1760853849
|switch|p1a: Alomomola|Alomomola, F|100/100
|move|p2a: Murasama|Sucker Punch||[still]
|-fail|p2a: Murasama
|
|-weather|Sandstorm|[upkeep]
|-damage|p1a: Alomomola|94/100|[from] Sandstorm
|-heal|p2a: Murasama|83/100|[from] item: Leftovers
|upkeep
|turn|7
|c| Aj_genius|whos winning
|c|☆MalicousTxT|him
|
|t:|1760853862
|-end|p2a: Murasama|fallenundefined|[silent]
|switch|p2a: Metastasis|Reuniclus, M|100/100
|move|p1a: Alomomola|Wish|p1a: Alomomola
|
|-weather|Sandstorm|[upkeep]
|-damage|p1a: Alomomola|88/100|[from] Sandstorm
|upkeep
|turn|8
|c|☆MalicousTxT|i don't have a counter for this
|c| Aj_genius|lock in txt
|
|t:|1760853874
|move|p1a: Alomomola|Mirror Coat||[still]
|-fail|p1a: Alomomola
|move|p2a: Metastasis|Trick Room|p2a: Metastasis
|-fieldstart|move: Trick Room|[of] p2a: Metastasis
|
|-weather|none
|-heal|p1a: Alomomola|100/100|[from] move: Wish|[wisher] Alomomola
|upkeep
|turn|9
|inactive|Shakeyourabdomen has 270 seconds left.
|
|t:|1760853887
|move|p2a: Metastasis|Psychic Noise|p1a: Alomomola
|-damage|p1a: Alomomola|40/100
|-start|p1a: Alomomola|move: Heal Block
|cant|p1a: Alomomola|move: Heal Block|Wish
|
|upkeep
|turn|10
|inactive|Shakeyourabdomen has 270 seconds left.
|inactive|MalicousTxT has 270 seconds left.
|
|t:|1760853904
|switch|p1a: Tyranitar|Tyranitar, M|100/100
|-weather|Sandstorm|[from] ability: Sand Stream|[of] p1a: Tyranitar
|move|p2a: Metastasis|Focus Blast|p1a: Tyranitar
|-supereffective|p1a: Tyranitar
|-damage|p1a: Tyranitar|23/100
|
|-weather|Sandstorm|[upkeep]
|upkeep
|turn|11
|c|☆Shakeyourabdomen|ur lucky ur av
|inactive|Shakeyourabdomen has 270 seconds left.
|c|☆Shakeyourabdomen|ttar wouldve been dead
|
|t:|1760853917
|switch|p2a: Earth|Landorus-Therian, M|100/100
|-ability|p2a: Earth|Intimidate|boost
|-unboost|p1a: Tyranitar|atk|1
|move|p1a: Tyranitar|Knock Off|p2a: Earth
|-damage|p2a: Earth|66/100
|-damage|p1a: Tyranitar|6/100|[from] item: Rocky Helmet|[of] p2a: Earth
|-enditem|p2a: Earth|Rocky Helmet|[from] move: Knock Off|[of] p1a: Tyranitar
|
|-weather|Sandstorm|[upkeep]
|upkeep
|turn|12
|c|☆MalicousTxT|no shit lol
|inactive|Shakeyourabdomen has 270 seconds left.
|
|t:|1760853930
|move|p1a: Tyranitar|Rock Blast|p2a: Earth
|-damage|p2a: Earth|57/100
|-damage|p2a: Earth|48/100
|-damage|p2a: Earth|38/100
|-hitcount|p2a: Earth|3
|move|p2a: Earth|U-turn|p1a: Tyranitar
|-supereffective|p1a: Tyranitar
|-damage|p1a: Tyranitar|0 fnt
|faint|p1a: Tyranitar
|inactive|Shakeyourabdomen has 270 seconds left.
|c|☆MalicousTxT|next time im running ice fang </3
|
|t:|1760853952
|switch|p2a: Murasama|Kingambit, F|83/100|[from] U-turn
|
|-weather|Sandstorm|[upkeep]
|-heal|p2a: Murasama|89/100|[from] item: Leftovers
|-fieldend|move: Trick Room
|upkeep
|l| Aj_genius
|
|t:|1760853965
|switch|p1a: Hippowdon|Hippowdon, M|100/100
|turn|13
|
|t:|1760853969
|-end|p2a: Murasama|fallenundefined|[silent]
|switch|p2a: Terratomere|Ogerpon-Wellspring, F|89/100
|move|p1a: Hippowdon|Earthquake|p2a: Terratomere
|-resisted|p2a: Terratomere
|-crit|p2a: Terratomere
|-damage|p2a: Terratomere|52/100
|
|-weather|Sandstorm|[upkeep]
|-damage|p2a: Terratomere|46/100|[from] Sandstorm
|upkeep
|turn|14
|
|t:|1760853978
|move|p2a: Terratomere|Horn Leech|p1a: Hippowdon
|-supereffective|p1a: Hippowdon
|-damage|p1a: Hippowdon|57/100
|-heal|p2a: Terratomere|76/100|[from] drain|[of] p1a: Hippowdon
|move|p1a: Hippowdon|Earthquake|p2a: Terratomere
|-resisted|p2a: Terratomere
|-damage|p2a: Terratomere|51/100
|
|-weather|none
|upkeep
|turn|15
|
|t:|1760853985
|switch|p1a: Gholdengo|Gholdengo|21/100
|move|p2a: Terratomere|Swords Dance|p2a: Terratomere
|-boost|p2a: Terratomere|atk|2
|
|upkeep
|turn|16
|
|t:|1760853993
|move|p2a: Terratomere|Substitute|p2a: Terratomere
|-start|p2a: Terratomere|Substitute
|-damage|p2a: Terratomere|26/100
|move|p1a: Gholdengo|Shadow Ball|p2a: Terratomere
|-end|p2a: Terratomere|Substitute
|
|upkeep
|turn|17
|j| Aj_genius
|
|t:|1760854001
|move|p2a: Terratomere|Ivy Cudgel|p1a: Gholdengo|[anim] Ivy Cudgel Water
|-damage|p1a: Gholdengo|0 fnt
|faint|p1a: Gholdengo
|
|upkeep
|
|t:|1760854003
|switch|p1a: Hippowdon|Hippowdon, M|57/100
|-weather|Sandstorm|[from] ability: Sand Stream|[of] p1a: Hippowdon
|turn|18
|
|t:|1760854009
|move|p1a: Hippowdon|Protect|p1a: Hippowdon
|-singleturn|p1a: Hippowdon|Protect
|move|p2a: Terratomere|Horn Leech|p1a: Hippowdon
|-activate|p1a: Hippowdon|move: Protect
|
|-weather|Sandstorm|[upkeep]
|-damage|p2a: Terratomere|20/100|[from] Sandstorm
|upkeep
|turn|19
|
|t:|1760854020
|move|p2a: Terratomere|Horn Leech|p1a: Hippowdon
|-supereffective|p1a: Hippowdon
|-damage|p1a: Hippowdon|0 fnt
|-heal|p2a: Terratomere|59/100|[from] drain|[of] p1a: Hippowdon
|faint|p1a: Hippowdon
|
|-weather|Sandstorm|[upkeep]
|-damage|p2a: Terratomere|53/100|[from] Sandstorm
|upkeep
|
|t:|1760854023
|switch|p1a: Houndstone|Houndstone, M, tera:Ghost|100/100
|turn|20
|c| Aj_genius|Bruh lock in
|c|☆MalicousTxT|deadass i don't have a ogerpon spring counter
|c|☆MalicousTxT|I forgot that I'd have to also deal with it myself
|inactive|Shakeyourabdomen has 270 seconds left.
|c| Aj_genius|idk what dat mean
|c|☆Shakeyourabdomen|if ur body press
|c|☆Shakeyourabdomen|houndstone
|c|☆Shakeyourabdomen|im gonna merk u
|
|t:|1760854072
|switch|p2a: Murasama|Kingambit, F|89/100
|move|p1a: Houndstone|Poltergeist|p2a: Murasama
|-activate|p2a: Murasama|move: Poltergeist|Leftovers
|-resisted|p2a: Murasama
|-damage|p2a: Murasama|60/100
|
|-weather|Sandstorm|[upkeep]
|-heal|p2a: Murasama|66/100|[from] item: Leftovers
|upkeep
|turn|21
|c|☆MalicousTxT|lol im not
|c|☆MalicousTxT|i ran shadow sneak cause i wasn't sure of my speed teir after sand but it looks like I should be able to run it next time
|
|t:|1760854101
|move|p1a: Houndstone|Play Rough|p2a: Murasama
|-damage|p2a: Murasama|44/100
|-unboost|p2a: Murasama|atk|1
|move|p2a: Murasama|Kowtow Cleave|p1a: Houndstone
|-supereffective|p1a: Houndstone
|-crit|p1a: Houndstone
|-damage|p1a: Houndstone|0 fnt
|faint|p1a: Houndstone
|
|-weather|Sandstorm|[upkeep]
|-heal|p2a: Murasama|50/100|[from] item: Leftovers
|upkeep
|
|t:|1760854104
|switch|p1a: Alomomola|Alomomola, F|73/100
|turn|22
|
|t:|1760854109
|-end|p2a: Murasama|fallenundefined|[silent]
|switch|p2a: Metastasis|Reuniclus, M|100/100
|move|p1a: Alomomola|Scald|p2a: Metastasis
|-damage|p2a: Metastasis|88/100
|-status|p2a: Metastasis|brn
|
|-weather|Sandstorm|[upkeep]
|-damage|p1a: Alomomola|67/100|[from] Sandstorm
|upkeep
|turn|23
|c|☆MalicousTxT|ggs
|
|t:|1760854116
|move|p1a: Alomomola|Mirror Coat||[still]
|-fail|p1a: Alomomola
|move|p2a: Metastasis|Trick Room|p2a: Metastasis
|-fieldstart|move: Trick Room|[of] p2a: Metastasis
|
|-weather|Sandstorm|[upkeep]
|-damage|p1a: Alomomola|61/100|[from] Sandstorm
|upkeep
|turn|24
|
|t:|1760854119
|move|p2a: Metastasis|Psychic Noise|p1a: Alomomola
|-damage|p1a: Alomomola|0 fnt
|faint|p1a: Alomomola
|
|win|Shakeyourabdomen
|c|☆Shakeyourabdomen|gg
|c|☆MalicousTxT|aight one sec lol
|c|☆MalicousTxT|im gonna firstly fix my name and then the team
|l|☆MalicousTxT
|player|p1|
