|j|☆DYS0N
|j|☆Dr. Elite
|t:|1760800829
|gametype|singles
|player|p1|DYS0N|volkner|1521
|player|p2|Dr. Elite|#drelite|1480
|gen|9
|tier|[Gen 9] OU
|rated|
|rule|HP Percentage Mod: HP is shown in percentages
|rule|Endless Battle Clause: Forcing endless battles is banned
|rule|Species Clause: Limit one of each Pokémon
|rule|OHKO Clause: OHKO moves are banned
|rule|Evasion Items Clause: Evasion items are banned
|rule|Evasion Moves Clause: Evasion moves are banned
|rule|Evasion Abilities Clause: Evasion abilities are banned
|rule|Sleep Moves Clause: Sleep-inducing moves are banned
|clearpoke
|poke|p1|Gliscor, F|
|poke|p1|Glimmora, M|
|poke|p1|Raging Bolt|
|poke|p1|Tyranitar, F|
|poke|p1|Scizor, M|
|poke|p1|Deoxys-Speed|
|poke|p2|Espeon, F|
|poke|p2|Farigiraf, F|
|poke|p2|Slowbro-Galar, M|
|poke|p2|Meowstic, M|
|poke|p2|Malamar, M|
|poke|p2|Oricorio-Pa'u, F|
|teampreview
|
|t:|1760800848
|teamsize|p1|6
|teamsize|p2|6
|start
|switch|p1a: Deoxys|Deoxys-Speed, shiny|100/100
|switch|p2a: Goodness|Malamar, M|100/100
|-ability|p1a: Deoxys|Pressure
|turn|1
|
|t:|1760800871
|switch|p1a: Raging Bolt|Raging Bolt|100/100
|-enditem|p1a: Raging Bolt|Booster Energy
|-activate|p1a: Raging Bolt|ability: Protosynthesis|[fromitem]
|-start|p1a: Raging Bolt|protosynthesisspa
|move|p2a: Goodness|Superpower|p1a: Raging Bolt
|-damage|p1a: Raging Bolt|77/100
|-boost|p2a: Goodness|atk|1
|-boost|p2a: Goodness|def|1
|
|upkeep
|turn|2
|
|t:|1760800885
|move|p1a: Raging Bolt|Thunderbolt|p2a: Goodness
|-damage|p2a: Goodness|50/100
|move|p2a: Goodness|Superpower|p1a: Raging Bolt
|-damage|p1a: Raging Bolt|40/100
|-boost|p2a: Goodness|atk|1
|-boost|p2a: Goodness|def|1
|
|-heal|p2a: Goodness|56/100|[from] item: Leftovers
|upkeep
|turn|3
|
|t:|1760800895
|move|p1a: Raging Bolt|Thunderbolt|p2a: Goodness
|-damage|p2a: Goodness|9/100
|move|p2a: Goodness|Superpower|p1a: Raging Bolt
|-damage|p1a: Raging Bolt|0 fnt
|-boost|p2a: Goodness|atk|1
|-boost|p2a: Goodness|def|1
|faint|p1a: Raging Bolt
|-end|p1a: Raging Bolt|Protosynthesis|[silent]
|
|-heal|p2a: Goodness|15/100|[from] item: Leftovers
|upkeep
|
|t:|1760800902
|switch|p1a: Glimmora|Glimmora, M|100/100
|turn|4
|
|t:|1760800907
|move|p1a: Glimmora|Dazzling Gleam|p2a: Goodness
|-supereffective|p2a: Goodness
|-damage|p2a: Goodness|0 fnt
|faint|p2a: Goodness
|
|upkeep
|
|t:|1760800912
|switch|p2a: Kindness|Meowstic, M|100/100
|turn|5
|
|t:|1760800918
|move|p2a: Kindness|Thunder Wave|p1a: Glimmora
|-status|p1a: Glimmora|par
|move|p1a: Glimmora|Meteor Beam||[still]
|-prepare|p1a: Glimmora|Meteor Beam
|-boost|p1a: Glimmora|spa|1
|-enditem|p1a: Glimmora|Power Herb
|-anim|p1a: Glimmora|Meteor Beam|p2a: Kindness
|-damage|p2a: Kindness|2/100
|-enditem|p2a: Kindness|Eject Button
|
|t:|1760800924
|switch|p2a: Faithfulness|Oricorio-Pa'u, F|100/100
|
|upkeep
|turn|6
|
|t:|1760800930
|move|p2a: Faithfulness|Quiver Dance|p2a: Faithfulness
|-boost|p2a: Faithfulness|spa|1
|-boost|p2a: Faithfulness|spd|1
|-boost|p2a: Faithfulness|spe|1
|cant|p1a: Glimmora|par
|
|upkeep
|turn|7
|
|t:|1760800937
|move|p2a: Faithfulness|Quiver Dance|p2a: Faithfulness
|-boost|p2a: Faithfulness|spa|1
|-boost|p2a: Faithfulness|spd|1
|-boost|p2a: Faithfulness|spe|1
|move|p1a: Glimmora|Mortal Spin|p2a: Faithfulness
|-damage|p2a: Faithfulness|95/100
|
|upkeep
|turn|8
|
|t:|1760800944
|move|p2a: Faithfulness|Quiver Dance|p2a: Faithfulness
|-boost|p2a: Faithfulness|spa|1
|-boost|p2a: Faithfulness|spd|1
|-boost|p2a: Faithfulness|spe|1
|move|p1a: Glimmora|Dazzling Gleam|p2a: Faithfulness
|-damage|p2a: Faithfulness|74/100
|
|upkeep
|turn|9
|
|t:|1760800948
|move|p2a: Faithfulness|Quiver Dance|p2a: Faithfulness
|-boost|p2a: Faithfulness|spa|1
|-boost|p2a: Faithfulness|spd|1
|-boost|p2a: Faithfulness|spe|1
|cant|p1a: Glimmora|par
|
|upkeep
|turn|10
|
|t:|1760800952
|move|p2a: Faithfulness|Quiver Dance|p2a: Faithfulness
|-boost|p2a: Faithfulness|spa|1
|-boost|p2a: Faithfulness|spd|1
|-boost|p2a: Faithfulness|spe|1
|move|p1a: Glimmora|Dazzling Gleam|p2a: Faithfulness
|-damage|p2a: Faithfulness|59/100
|
|upkeep
|turn|11
|
|t:|1760800957
|move|p2a: Faithfulness|Quiver Dance|p2a: Faithfulness
|-boost|p2a: Faithfulness|spa|1
|-boost|p2a: Faithfulness|spd|1
|-boost|p2a: Faithfulness|spe|1
|cant|p1a: Glimmora|par
|
|upkeep
|turn|12
|
|t:|1760800962
|move|p2a: Faithfulness|Air Slash|p1a: Glimmora
|-resisted|p1a: Glimmora
|-damage|p1a: Glimmora|29/100 par
|move|p1a: Glimmora|Meteor Beam||[still]
|-prepare|p1a: Glimmora|Meteor Beam
|-boost|p1a: Glimmora|spa|1
|
|upkeep
|turn|13
|
|t:|1760800968
|move|p2a: Faithfulness|Roost|p2a: Faithfulness
|-heal|p2a: Faithfulness|100/100
|-singleturn|p2a: Faithfulness|move: Roost
|move|p1a: Glimmora|Meteor Beam|p2a: Faithfulness|[from] lockedmove|[miss]
|-miss|p1a: Glimmora|p2a: Faithfulness
|
|upkeep
|turn|14
|c|☆DYS0N|yeah?
|
|t:|1760800991
|move|p2a: Faithfulness|Air Slash|p1a: Glimmora
|-resisted|p1a: Glimmora
|-damage|p1a: Glimmora|0 fnt
|faint|p1a: Glimmora
|
|upkeep
|
|t:|1760800993
|switch|p1a: Tyranitar|Tyranitar, F|100/100
|-weather|Sandstorm|[from] ability: Sand Stream|[of] p1a: Tyranitar
|turn|15
|
|t:|1760800997
|switch|p1a: Deoxys|Deoxys-Speed, shiny|100/100
|-ability|p1a: Deoxys|Pressure
|-terastallize|p2a: Faithfulness|Fighting
|move|p2a: Faithfulness|Air Slash|p1a: Deoxys
|-damage|p1a: Deoxys|0 fnt
|faint|p1a: Deoxys
|
|-weather|Sandstorm|[upkeep]
|-damage|p2a: Faithfulness|94/100|[from] Sandstorm
|upkeep
|
|t:|1760801008
|switch|p1a: Tyranitar|Tyranitar, F|100/100
|turn|16
|
|t:|1760801012
|move|p2a: Faithfulness|Air Slash|p1a: Tyranitar
|-resisted|p1a: Tyranitar
|-damage|p1a: Tyranitar|77/100
|cant|p1a: Tyranitar|flinch
|
|-weather|Sandstorm|[upkeep]
|-damage|p2a: Faithfulness|88/100|[from] Sandstorm
|-heal|p1a: Tyranitar|83/100|[from] item: Leftovers
|upkeep
|turn|17
|
|t:|1760801020
|move|p2a: Faithfulness|Air Slash|p1a: Tyranitar
|-resisted|p1a: Tyranitar
|-damage|p1a: Tyranitar|61/100
|move|p1a: Tyranitar|Stealth Rock|p2a: Faithfulness
|-sidestart|p2: Dr. Elite|move: Stealth Rock
|
|-weather|Sandstorm|[upkeep]
|-damage|p2a: Faithfulness|82/100|[from] Sandstorm
|-heal|p1a: Tyranitar|67/100|[from] item: Leftovers
|upkeep
|turn|18
|
|t:|1760801023
|move|p2a: Faithfulness|Air Slash|p1a: Tyranitar
|-resisted|p1a: Tyranitar
|-damage|p1a: Tyranitar|45/100
|move|p1a: Tyranitar|Dragon Tail|p2a: Faithfulness
|-damage|p2a: Faithfulness|64/100
|drag|p2a: Joy|Farigiraf, F, shiny|100/100
|-damage|p2a: Joy|88/100|[from] Stealth Rock
|
|-weather|Sandstorm|[upkeep]
|-damage|p2a: Joy|82/100|[from] Sandstorm
|-heal|p1a: Tyranitar|51/100|[from] item: Leftovers
|upkeep
|turn|19
|
|t:|1760801035
|move|p2a: Joy|Nasty Plot|p2a: Joy
|-boost|p2a: Joy|spa|2
|move|p1a: Tyranitar|Dragon Tail|p2a: Joy
|-damage|p2a: Joy|65/100
|drag|p2a: Patience|Slowbro-Galar, M|100/100
|-damage|p2a: Patience|88/100|[from] Stealth Rock
|
|-weather|none
|-heal|p1a: Tyranitar|57/100|[from] item: Leftovers
|upkeep
|turn|20
|
|t:|1760801042
|switch|p1a: Gliscor|Gliscor, F|100/100
|move|p2a: Patience|Drain Punch|p1a: Gliscor
|-resisted|p1a: Gliscor
|-damage|p1a: Gliscor|94/100
|-heal|p2a: Patience|91/100|[from] drain|[of] p1a: Gliscor
|
|-status|p1a: Gliscor|tox|[from] item: Toxic Orb
|upkeep
|turn|21
|
|t:|1760801050
|switch|p2a: Kindness|Meowstic, M|2/100
|-damage|p2a: Kindness|0 fnt|[from] Stealth Rock
|faint|p2a: Kindness
|move|p1a: Gliscor|Knock Off|p2: Kindness|[notarget]
|-fail|p1a: Gliscor
|
|-heal|p1a: Gliscor|100/100 tox|[from] ability: Poison Heal
|upkeep
|
|t:|1760801053
|switch|p2a: Joy|Farigiraf, F, shiny|65/100
|-damage|p2a: Joy|52/100|[from] Stealth Rock
|turn|22
|
|t:|1760801057
|move|p1a: Gliscor|Taunt|p2a: Joy
|-start|p2a: Joy|move: Taunt
|cant|p2a: Joy|move: Taunt|Agility
|
|upkeep
|turn|23
|
|t:|1760801063
|move|p1a: Gliscor|Toxic|p2a: Joy
|-status|p2a: Joy|tox
|move|p2a: Joy|Stored Power|p1a: Gliscor
|-damage|p1a: Gliscor|90/100 tox
|
|-heal|p1a: Gliscor|100/100 tox|[from] ability: Poison Heal
|-damage|p2a: Joy|46/100 tox|[from] psn
|upkeep
|turn|24
|
|t:|1760801067
|move|p1a: Gliscor|Spikes|p2a: Joy
|-sidestart|p2: Dr. Elite|Spikes
|move|p2a: Joy|Stored Power|p1a: Gliscor
|-damage|p1a: Gliscor|92/100 tox
|
|-heal|p1a: Gliscor|100/100 tox|[from] ability: Poison Heal
|-damage|p2a: Joy|34/100 tox|[from] psn
|-end|p2a: Joy|move: Taunt
|upkeep
|turn|25
|
|t:|1760801072
|switch|p2a: Love|Espeon, F|100/100
|-damage|p2a: Love|88/100|[from] Stealth Rock
|-damage|p2a: Love|76/100|[from] Spikes
|move|p1a: Gliscor|Taunt|p2a: Love
|move|p2a: Love|Taunt|p1a: Gliscor|[from] ability: Magic Bounce
|-start|p1a: Gliscor|move: Taunt
|
|upkeep
|turn|26
|
|t:|1760801075
|move|p2a: Love|Calm Mind|p2a: Love
|-boost|p2a: Love|spa|1
|-boost|p2a: Love|spd|1
|move|p1a: Gliscor|Knock Off|p2a: Love
|-supereffective|p2a: Love
|-damage|p2a: Love|34/100
|-enditem|p2a: Love|Kee Berry|[from] move: Knock Off|[of] p1a: Gliscor
|
|upkeep
|turn|27
|
|t:|1760801077
|move|p2a: Love|Morning Sun|p2a: Love
|-heal|p2a: Love|84/100
|move|p1a: Gliscor|Knock Off|p2a: Love
|-supereffective|p2a: Love
|-damage|p2a: Love|54/100
|
|upkeep
|turn|28
|
|t:|1760801080
|move|p2a: Love|Morning Sun|p2a: Love
|-heal|p2a: Love|100/100
|move|p1a: Gliscor|Knock Off|p2a: Love
|-supereffective|p2a: Love
|-crit|p2a: Love
|-damage|p2a: Love|56/100
|
|-end|p1a: Gliscor|move: Taunt
|upkeep
|turn|29
|
|t:|1760801084
|move|p2a: Love|Calm Mind|p2a: Love
|-boost|p2a: Love|spa|1
|-boost|p2a: Love|spd|1
|move|p1a: Gliscor|Knock Off|p2a: Love
|-supereffective|p2a: Love
|-damage|p2a: Love|25/100
|
|upkeep
|turn|30
|
|t:|1760801086
|switch|p1a: Tyranitar|Tyranitar, F|57/100
|-weather|Sandstorm|[from] ability: Sand Stream|[of] p1a: Tyranitar
|move|p2a: Love|Morning Sun|p2a: Love
|-heal|p2a: Love|50/100
|
|-weather|Sandstorm|[upkeep]
|-damage|p2a: Love|44/100|[from] Sandstorm
|-heal|p1a: Tyranitar|63/100|[from] item: Leftovers
|upkeep
|turn|31
|
|t:|1760801100
|switch|p1a: Gliscor|Gliscor, F|100/100 tox
|move|p2a: Love|Draining Kiss|p1a: Gliscor
|-damage|p1a: Gliscor|67/100 tox
|-heal|p2a: Love|71/100|[from] drain|[of] p1a: Gliscor
|
|-weather|Sandstorm|[upkeep]
|-damage|p2a: Love|65/100|[from] Sandstorm
|-heal|p1a: Gliscor|80/100 tox|[from] ability: Poison Heal
|upkeep
|turn|32
|
|t:|1760801104
|move|p2a: Love|Calm Mind|p2a: Love
|-boost|p2a: Love|spa|1
|-boost|p2a: Love|spd|1
|move|p1a: Gliscor|Knock Off|p2a: Love
|-supereffective|p2a: Love
|-damage|p2a: Love|35/100
|
|-weather|Sandstorm|[upkeep]
|-damage|p2a: Love|29/100|[from] Sandstorm
|-heal|p1a: Gliscor|92/100 tox|[from] ability: Poison Heal
|upkeep
|turn|33
|
|t:|1760801116
|move|p2a: Love|Draining Kiss|p1a: Gliscor
|-damage|p1a: Gliscor|49/100 tox
|-heal|p2a: Love|63/100|[from] drain|[of] p1a: Gliscor
|move|p1a: Gliscor|Knock Off|p2a: Love
|-supereffective|p2a: Love
|-damage|p2a: Love|33/100
|
|-weather|Sandstorm|[upkeep]
|-damage|p2a: Love|27/100|[from] Sandstorm
|-heal|p1a: Gliscor|62/100 tox|[from] ability: Poison Heal
|upkeep
|turn|34
|
|t:|1760801120
|move|p2a: Love|Draining Kiss|p1a: Gliscor
|-damage|p1a: Gliscor|21/100 tox
|-heal|p2a: Love|60/100|[from] drain|[of] p1a: Gliscor
|move|p1a: Gliscor|Knock Off|p2a: Love
|-supereffective|p2a: Love
|-damage|p2a: Love|30/100
|
|-weather|none
|-heal|p1a: Gliscor|33/100 tox|[from] ability: Poison Heal
|upkeep
|turn|35
|
|t:|1760801126
|move|p2a: Love|Draining Kiss|p1a: Gliscor
|-damage|p1a: Gliscor|0 fnt
|-heal|p2a: Love|56/100|[from] drain|[of] p1a: Gliscor
|faint|p1a: Gliscor
|
|upkeep
|
|t:|1760801130
|switch|p1a: Scizor|Scizor, M|100/100
|turn|36
|
|t:|1760801138
|move|p1a: Scizor|Bullet Punch|p2a: Love
|-damage|p2a: Love|14/100
|-damage|p1a: Scizor|91/100|[from] item: Life Orb
|move|p2a: Love|Stored Power|p1a: Scizor
|-resisted|p1a: Scizor
|-damage|p1a: Scizor|0 fnt
|faint|p1a: Scizor
|
|upkeep
|
|t:|1760801145
|switch|p1a: Tyranitar|Tyranitar, F|63/100
|-weather|Sandstorm|[from] ability: Sand Stream|[of] p1a: Tyranitar
|turn|37
|
|t:|1760801156
|-terastallize|p1a: Tyranitar|Ghost
|move|p2a: Love|Draining Kiss|p1a: Tyranitar
|-damage|p1a: Tyranitar|41/100
|-heal|p2a: Love|34/100|[from] drain|[of] p1a: Tyranitar
|move|p1a: Tyranitar|Knock Off|p2a: Love
|-supereffective|p2a: Love
|-damage|p2a: Love|0 fnt
|faint|p2a: Love
|
|-weather|Sandstorm|[upkeep]
|-damage|p1a: Tyranitar|35/100|[from] Sandstorm
|-heal|p1a: Tyranitar|41/100|[from] item: Leftovers
|upkeep
|
|t:|1760801174
|switch|p2a: Joy|Farigiraf, F, shiny|34/100 tox
|-damage|p2a: Joy|22/100 tox|[from] Stealth Rock
|-damage|p2a: Joy|9/100 tox|[from] Spikes
|turn|38
|
|t:|1760801180
|move|p2a: Joy|Stored Power|p1a: Tyranitar
|-damage|p1a: Tyranitar|36/100
|move|p1a: Tyranitar|Knock Off|p2a: Joy
|-supereffective|p2a: Joy
|-damage|p2a: Joy|0 fnt
|-enditem|p2a: Joy|Weakness Policy|[from] move: Knock Off|[of] p1a: Tyranitar
|faint|p2a: Joy
|
|-weather|Sandstorm|[upkeep]
|-damage|p1a: Tyranitar|30/100|[from] Sandstorm
|-heal|p1a: Tyranitar|36/100|[from] item: Leftovers
|upkeep
|
|t:|1760801182
|switch|p2a: Patience|Slowbro-Galar, M|91/100
|-damage|p2a: Patience|79/100|[from] Stealth Rock
|-damage|p2a: Patience|66/100|[from] Spikes
|turn|39
|
|t:|1760801194
|move|p2a: Patience|Earthquake|p1a: Tyranitar
|-damage|p1a: Tyranitar|11/100
|move|p1a: Tyranitar|Dragon Tail|p2a: Patience
|-damage|p2a: Patience|50/100
|drag|p2a: Faithfulness|Oricorio-Pa'u, F, tera:Fighting|64/100
|-damage|p2a: Faithfulness|58/100|[from] Stealth Rock
|-damage|p2a: Faithfulness|46/100|[from] Spikes
|
|-weather|Sandstorm|[upkeep]
|-damage|p2a: Faithfulness|39/100|[from] Sandstorm
|-damage|p1a: Tyranitar|5/100|[from] Sandstorm
|-heal|p1a: Tyranitar|11/100|[from] item: Leftovers
|upkeep
|turn|40
|
|t:|1760801208
|move|p2a: Faithfulness|Roost|p2a: Faithfulness
|-heal|p2a: Faithfulness|89/100
|move|p1a: Tyranitar|Dragon Tail|p2a: Faithfulness
|-damage|p2a: Faithfulness|73/100
|drag|p2a: Patience|Slowbro-Galar, M|50/100
|-damage|p2a: Patience|38/100|[from] Stealth Rock
|-damage|p2a: Patience|25/100|[from] Spikes
|
|-weather|Sandstorm|[upkeep]
|-damage|p1a: Tyranitar|5/100|[from] Sandstorm
|-damage|p2a: Patience|19/100|[from] Sandstorm
|-heal|p1a: Tyranitar|11/100|[from] item: Leftovers
|upkeep
|turn|41
|
|t:|1760801214
|move|p1a: Tyranitar|Knock Off|p2a: Patience
|-supereffective|p2a: Patience
|-damage|p2a: Patience|0 fnt
|-enditem|p2a: Patience|Quick Claw|[from] move: Knock Off|[of] p1a: Tyranitar
|faint|p2a: Patience
|
|-weather|none
|-heal|p1a: Tyranitar|17/100|[from] item: Leftovers
|upkeep
|
|t:|1760801216
|switch|p2a: Faithfulness|Oricorio-Pa'u, F, tera:Fighting|73/100
|-damage|p2a: Faithfulness|67/100|[from] Stealth Rock
|-damage|p2a: Faithfulness|54/100|[from] Spikes
|turn|42
|
|t:|1760801221
|move|p2a: Faithfulness|Air Slash|p1a: Tyranitar
|-crit|p1a: Tyranitar
|-damage|p1a: Tyranitar|0 fnt
|faint|p1a: Tyranitar
|
|win|Dr. Elite
|raw|DYS0N's rating: 1521 &rarr; <strong>1499</strong><br />(-22 for losing)
|raw|Dr. Elite's rating: 1480 &rarr; <strong>1502</strong><br />(+22 for winning)
|l|☆DYS0N
|player|p1|
|l|☆Dr. Elite
|player|p2|
