|j|☆N4ts0s
|j|☆lil scoom89
|t:|1760792935
|gametype|singles
|player|p1|N4ts0s|266|1157
|player|p2|lil scoom89|policeman-gen4|1258
|gen|9
|tier|[Gen 9] OU
|rated|
|rule|HP Percentage Mod: HP is shown in percentages
|rule|Endless Battle Clause: Forcing endless battles is banned
|rule|Species Clause: Limit one of each Pokémon
|rule|OHKO Clause: OHKO moves are banned
|rule|Evasion Items Clause: Evasion items are banned
|rule|Evasion Moves Clause: Evasion moves are banned
|rule|Evasion Abilities Clause: Evasion abilities are banned
|rule|Sleep Moves Clause: Sleep-inducing moves are banned
|clearpoke
|poke|p1|Pelipper, F|
|poke|p1|Barraskewda, M|
|poke|p1|Empoleon, M|
|poke|p1|Moltres-Galar|
|poke|p1|Eelektross, F|
|poke|p1|Ninetales-Alola, M|
|poke|p2|Mienshao, M|
|poke|p2|Iron Moth|
|poke|p2|Corviknight, F|
|poke|p2|Chansey, F|
|poke|p2|Rillaboom, M|
|poke|p2|Zamazenta-*|
|teampreview
|inactive|Battle timer is ON: inactive players will automatically lose when time's up. (requested by lil scoom89)
|
|t:|1760792951
|teamsize|p1|6
|teamsize|p2|6
|start
|switch|p1a: Big Quack|Pelipper, F|100/100
|switch|p2a: Chansey|Chansey, F|100/100
|-weather|RainDance|[from] ability: Drizzle|[of] p1a: Big Quack
|turn|1
|
|t:|1760792958
|move|p1a: Big Quack|U-turn|p2a: Chansey
|-damage|p2a: Chansey|95/100
|
|t:|1760792961
|switch|p1a: Mini eel boss|Eelektross, F|100/100|[from] U-turn
|move|p2a: Chansey|Thunder Wave|p1a: Mini eel boss
|-immune|p1a: Mini eel boss
|
|-weather|RainDance|[upkeep]
|upkeep
|turn|2
|
|t:|1760792973
|switch|p2a: Rillaboom|Rillaboom, M|100/100
|-fieldstart|move: Grassy Terrain|[from] ability: Grassy Surge|[of] p2a: Rillaboom
|move|p1a: Mini eel boss|Coil|p1a: Mini eel boss
|-boost|p1a: Mini eel boss|atk|1
|-boost|p1a: Mini eel boss|def|1
|-boost|p1a: Mini eel boss|accuracy|1
|
|-weather|RainDance|[upkeep]
|upkeep
|turn|3
|
|t:|1760792982
|move|p2a: Rillaboom|Knock Off|p1a: Mini eel boss
|-damage|p1a: Mini eel boss|77/100
|-enditem|p1a: Mini eel boss|Custap Berry|[from] move: Knock Off|[of] p2a: Rillaboom
|move|p1a: Mini eel boss|Coil|p1a: Mini eel boss
|-boost|p1a: Mini eel boss|atk|1
|-boost|p1a: Mini eel boss|def|1
|-boost|p1a: Mini eel boss|accuracy|1
|
|-weather|RainDance|[upkeep]
|upkeep
|turn|4
|
|t:|1760792989
|switch|p2a: Zamazenta|Zamazenta|100/100
|-ability|p2a: Zamazenta|Dauntless Shield|boost
|-boost|p2a: Zamazenta|def|1
|-enditem|p2a: Zamazenta|Grassy Seed
|-boost|p2a: Zamazenta|def|1|[from] item: Grassy Seed
|move|p1a: Mini eel boss|Drain Punch|p2a: Zamazenta
|-crit|p2a: Zamazenta
|-damage|p2a: Zamazenta|49/100
|-heal|p1a: Mini eel boss|100/100|[from] drain|[of] p2a: Zamazenta
|
|-weather|RainDance|[upkeep]
|-heal|p2a: Zamazenta|55/100|[from] Grassy Terrain
|upkeep
|turn|5
|
|t:|1760792995
|switch|p1a: Big Quack|Pelipper, F|100/100
|move|p2a: Zamazenta|Body Press|p1a: Big Quack
|-resisted|p1a: Big Quack
|-damage|p1a: Big Quack|54/100
|
|-weather|RainDance|[upkeep]
|-heal|p2a: Zamazenta|61/100|[from] Grassy Terrain
|upkeep
|turn|6
|
|t:|1760793002
|switch|p2a: Chansey|Chansey, F|95/100
|move|p1a: Big Quack|Hurricane|p2a: Chansey
|-crit|p2a: Chansey
|-damage|p2a: Chansey|71/100
|
|-weather|RainDance|[upkeep]
|-heal|p2a: Chansey|77/100|[from] Grassy Terrain
|-fieldend|move: Grassy Terrain
|upkeep
|turn|7
|
|t:|1760793006
|move|p1a: Big Quack|U-turn|p2a: Chansey
|-damage|p2a: Chansey|71/100
|
|t:|1760793008
|switch|p1a: Mini eel boss|Eelektross, F|100/100|[from] U-turn
|move|p2a: Chansey|Stealth Rock|p1a: Mini eel boss
|-sidestart|p1: N4ts0s|move: Stealth Rock
|
|-weather|RainDance|[upkeep]
|upkeep
|turn|8
|
|t:|1760793012
|switch|p2a: Zamazenta|Zamazenta|61/100
|move|p1a: Mini eel boss|Coil|p1a: Mini eel boss
|-boost|p1a: Mini eel boss|atk|1
|-boost|p1a: Mini eel boss|def|1
|-boost|p1a: Mini eel boss|accuracy|1
|
|-weather|none
|upkeep
|turn|9
|
|t:|1760793018
|move|p2a: Zamazenta|Body Press|p1a: Mini eel boss
|-damage|p1a: Mini eel boss|72/100
|move|p1a: Mini eel boss|Liquidation|p2a: Zamazenta
|-damage|p2a: Zamazenta|36/100
|
|upkeep
|turn|10
|
|t:|1760793023
|move|p2a: Zamazenta|Body Press|p1a: Mini eel boss
|-damage|p1a: Mini eel boss|42/100
|move|p1a: Mini eel boss|Drain Punch|p2a: Zamazenta
|-damage|p2a: Zamazenta|9/100
|-heal|p1a: Mini eel boss|57/100|[from] drain|[of] p2a: Zamazenta
|
|upkeep
|turn|11
|
|t:|1760793027
|move|p2a: Zamazenta|Body Press|p1a: Mini eel boss
|-damage|p1a: Mini eel boss|26/100
|move|p1a: Mini eel boss|Drain Punch|p2a: Zamazenta
|-damage|p2a: Zamazenta|0 fnt
|-heal|p1a: Mini eel boss|31/100|[from] drain|[of] p2a: Zamazenta
|faint|p2a: Zamazenta
|
|upkeep
|
|t:|1760793036
|switch|p2a: Iron Moth|Iron Moth|100/100
|turn|12
|
|t:|1760793040
|switch|p1a: Big Quack|Pelipper, F|54/100
|-damage|p1a: Big Quack|29/100|[from] Stealth Rock
|-weather|RainDance|[from] ability: Drizzle|[of] p1a: Big Quack
|move|p2a: Iron Moth|Fiery Dance|p1a: Big Quack
|-resisted|p1a: Big Quack
|-damage|p1a: Big Quack|16/100
|
|-weather|RainDance|[upkeep]
|upkeep
|turn|13
|
|t:|1760793051
|switch|p1a: BeepBeep (boss 2)|Empoleon, M, shiny|100/100
|-damage|p1a: BeepBeep (boss 2)|95/100|[from] Stealth Rock
|move|p2a: Iron Moth|Sludge Wave|p1a: BeepBeep (boss 2)
|-immune|p1a: BeepBeep (boss 2)
|
|-weather|RainDance|[upkeep]
|upkeep
|turn|14
|c|☆lil scoom89|oh
|
|t:|1760793066
|-terastallize|p2a: Iron Moth|Electric
|move|p2a: Iron Moth|Discharge|p1a: BeepBeep (boss 2)
|-supereffective|p1a: BeepBeep (boss 2)
|-damage|p1a: BeepBeep (boss 2)|0 fnt
|faint|p1a: BeepBeep (boss 2)
|
|-weather|RainDance|[upkeep]
|upkeep
|
|t:|1760793073
|switch|p1a: TorpedoFish(boss1)|Barraskewda, M, shiny|100/100
|-damage|p1a: TorpedoFish(boss1)|88/100|[from] Stealth Rock
|turn|15
|
|t:|1760793089
|-end|p2a: Iron Moth|Quark Drive|[silent]
|switch|p2a: Mienshao|Mienshao, M|100/100
|move|p1a: TorpedoFish(boss1)|Liquidation|p2a: Mienshao
|-damage|p2a: Mienshao|0 fnt
|faint|p2a: Mienshao
|
|-weather|RainDance|[upkeep]
|upkeep
|
|t:|1760793094
|switch|p2a: Corviknight|Corviknight, F|100/100
|turn|16
|
|t:|1760793100
|switch|p1a: Ninetales|Ninetales-Alola, M|100/100
|-damage|p1a: Ninetales|76/100|[from] Stealth Rock
|-weather|Snowscape|[from] ability: Snow Warning|[of] p1a: Ninetales
|move|p2a: Corviknight|U-turn|p1a: Ninetales
|-resisted|p1a: Ninetales
|-crit|p1a: Ninetales
|-damage|p1a: Ninetales|65/100
|
|t:|1760793102
|switch|p2a: Iron Moth|Iron Moth, tera:Electric|100/100|[from] U-turn
|
|-weather|Snowscape|[upkeep]
|upkeep
|turn|17
|
|t:|1760793112
|switch|p1a: Big Quack|Pelipper, F|16/100
|-damage|p1a: Big Quack|0 fnt|[from] Stealth Rock
|faint|p1a: Big Quack
|move|p2a: Iron Moth|Sludge Wave|p1: Big Quack|[notarget]
|-fail|p2a: Iron Moth
|
|-weather|Snowscape|[upkeep]
|upkeep
|
|t:|1760793128
|switch|p1a: TorpedoFish(boss1)|Barraskewda, M, shiny|88/100
|-damage|p1a: TorpedoFish(boss1)|76/100|[from] Stealth Rock
|turn|18
|
|t:|1760793131
|-end|p2a: Iron Moth|Quark Drive|[silent]
|switch|p2a: Corviknight|Corviknight, F|100/100
|-terastallize|p1a: TorpedoFish(boss1)|Psychic
|move|p1a: TorpedoFish(boss1)|Psychic Fangs|p2a: Corviknight
|-resisted|p2a: Corviknight
|-damage|p2a: Corviknight|79/100
|-damage|p1a: TorpedoFish(boss1)|60/100|[from] item: Rocky Helmet|[of] p2a: Corviknight
|
|-weather|Snowscape|[upkeep]
|upkeep
|turn|19
|
|t:|1760793138
|switch|p1a: Mini eel boss|Eelektross, F|31/100
|-damage|p1a: Mini eel boss|19/100|[from] Stealth Rock
|move|p2a: Corviknight|U-turn|p1a: Mini eel boss
|-damage|p1a: Mini eel boss|3/100
|
|t:|1760793146
|switch|p2a: Rillaboom|Rillaboom, M|100/100|[from] U-turn
|-fieldstart|move: Grassy Terrain|[from] ability: Grassy Surge|[of] p2a: Rillaboom
|
|-weather|Snowscape|[upkeep]
|upkeep
|turn|20
|
|t:|1760793149
|move|p2a: Rillaboom|U-turn|p1a: Mini eel boss
|-damage|p1a: Mini eel boss|0 fnt
|faint|p1a: Mini eel boss
|
|t:|1760793159
|switch|p2a: Corviknight|Corviknight, F|79/100|[from] U-turn
|
|-weather|none
|upkeep
|
|t:|1760793163
|switch|p1a: Ninetales|Ninetales-Alola, M|65/100
|-damage|p1a: Ninetales|40/100|[from] Stealth Rock
|-weather|Snowscape|[from] ability: Snow Warning|[of] p1a: Ninetales
|turn|21
|
|t:|1760793167
|switch|p2a: Chansey|Chansey, F|71/100
|move|p1a: Ninetales|Aurora Veil|p1a: Ninetales
|-sidestart|p1: N4ts0s|move: Aurora Veil
|
|-weather|Snowscape|[upkeep]
|-heal|p1a: Ninetales|46/100|[from] Grassy Terrain
|-heal|p2a: Chansey|77/100|[from] Grassy Terrain
|upkeep
|turn|22
|
|t:|1760793172
|move|p1a: Ninetales|Moonblast|p2a: Chansey
|-damage|p2a: Chansey|68/100
|-unboost|p2a: Chansey|spa|1
|move|p2a: Chansey|Thunder Wave|p1a: Ninetales
|-status|p1a: Ninetales|par
|
|-weather|Snowscape|[upkeep]
|-heal|p1a: Ninetales|52/100 par|[from] Grassy Terrain
|-heal|p2a: Chansey|74/100|[from] Grassy Terrain
|upkeep
|turn|23
|
|t:|1760793176
|move|p1a: Ninetales|Encore|p2a: Chansey
|-start|p2a: Chansey|Encore
|move|p2a: Chansey|Thunder Wave|p1a: Ninetales
|-fail|p1a: Ninetales|par
|
|-weather|Snowscape|[upkeep]
|-heal|p1a: Ninetales|58/100 par|[from] Grassy Terrain
|-heal|p2a: Chansey|80/100|[from] Grassy Terrain
|-fieldend|move: Grassy Terrain
|upkeep
|turn|24
|
|t:|1760793180
|move|p1a: Ninetales|Moonblast|p2a: Chansey
|-damage|p2a: Chansey|70/100
|move|p2a: Chansey|Thunder Wave|p1a: Ninetales
|-fail|p1a: Ninetales|par
|
|-weather|Snowscape|[upkeep]
|upkeep
|turn|25
|
|t:|1760793182
|switch|p2a: Corviknight|Corviknight, F|79/100
|move|p1a: Ninetales|Moonblast|p2a: Corviknight
|-resisted|p2a: Corviknight
|-damage|p2a: Corviknight|63/100
|-ability|p2a: Corviknight|Mirror Armor
|-unboost|p1a: Ninetales|spa|1
|
|-weather|none
|upkeep
|turn|26
|
|t:|1760793189
|cant|p1a: Ninetales|par
|move|p2a: Corviknight|U-turn|p1a: Ninetales
|-resisted|p1a: Ninetales
|-damage|p1a: Ninetales|53/100 par
|
|t:|1760793194
|switch|p2a: Iron Moth|Iron Moth, tera:Electric|100/100|[from] U-turn
|
|upkeep
|turn|27
|
|t:|1760793200
|move|p2a: Iron Moth|Sludge Wave|p1a: Ninetales
|-supereffective|p1a: Ninetales
|-damage|p1a: Ninetales|0 fnt
|faint|p1a: Ninetales
|
|upkeep
|
|t:|1760793207
|switch|p1a: TorpedoFish(boss1)|Barraskewda, M, shiny, tera:Psychic|60/100
|-damage|p1a: TorpedoFish(boss1)|48/100|[from] Stealth Rock
|turn|28
|
|t:|1760793211
|-end|p2a: Iron Moth|Quark Drive|[silent]
|switch|p2a: Corviknight|Corviknight, F|63/100
|move|p1a: TorpedoFish(boss1)|Psychic Fangs|p2a: Corviknight
|-resisted|p2a: Corviknight
|-damage|p2a: Corviknight|42/100
|-damage|p1a: TorpedoFish(boss1)|31/100|[from] item: Rocky Helmet|[of] p2a: Corviknight
|
|-sideend|p1: N4ts0s|move: Aurora Veil
|upkeep
|turn|29
|
|t:|1760793213
|move|p1a: TorpedoFish(boss1)|Psychic Fangs|p2a: Corviknight
|-resisted|p2a: Corviknight
|-damage|p2a: Corviknight|22/100
|-damage|p1a: TorpedoFish(boss1)|15/100|[from] item: Rocky Helmet|[of] p2a: Corviknight
|move|p2a: Corviknight|Roost|p2a: Corviknight
|-heal|p2a: Corviknight|72/100
|-singleturn|p2a: Corviknight|move: Roost
|
|upkeep
|turn|30
|
|t:|1760793216
|move|p1a: TorpedoFish(boss1)|Psychic Fangs|p2a: Corviknight
|-resisted|p2a: Corviknight
|-damage|p2a: Corviknight|51/100
|-damage|p1a: TorpedoFish(boss1)|0 fnt|[from] item: Rocky Helmet|[of] p2a: Corviknight
|faint|p1a: TorpedoFish(boss1)
|move|p2a: Corviknight|U-turn|p1: TorpedoFish(boss1)|[notarget]
|-fail|p2a: Corviknight
|
|upkeep
|
|t:|1760793218
|switch|p1a: Moltres (boss 3)|Moltres-Galar, shiny|100/100
|-damage|p1a: Moltres (boss 3)|76/100|[from] Stealth Rock
|turn|31
|
|t:|1760793224
|move|p1a: Moltres (boss 3)|Agility|p1a: Moltres (boss 3)
|-boost|p1a: Moltres (boss 3)|spe|2
|move|p2a: Corviknight|Body Press|p1a: Moltres (boss 3)
|-damage|p1a: Moltres (boss 3)|47/100
|-ability|p1a: Moltres (boss 3)|Berserk|boost
|-boost|p1a: Moltres (boss 3)|spa|1
|-enditem|p1a: Moltres (boss 3)|Sitrus Berry|[eat]
|-heal|p1a: Moltres (boss 3)|72/100|[from] item: Sitrus Berry
|
|upkeep
|turn|32
|
|t:|1760793234
|switch|p2a: Chansey|Chansey, F|70/100
|move|p1a: Moltres (boss 3)|Fiery Wrath|p2a: Chansey
|-damage|p2a: Chansey|50/100
|
|upkeep
|turn|33
|c|☆lil scoom89|how’d you get it shiny
|
|t:|1760793240
|move|p1a: Moltres (boss 3)|Nasty Plot|p1a: Moltres (boss 3)
|-boost|p1a: Moltres (boss 3)|spa|2
|move|p2a: Chansey|Thunder Wave|p1a: Moltres (boss 3)
|-status|p1a: Moltres (boss 3)|par
|
|upkeep
|turn|34
|
|t:|1760793242
|move|p1a: Moltres (boss 3)|Agility|p1a: Moltres (boss 3)
|-boost|p1a: Moltres (boss 3)|spe|2
|move|p2a: Chansey|Soft-Boiled|p2a: Chansey
|-heal|p2a: Chansey|99/100
|
|upkeep
|turn|35
|c|☆N4ts0s|you can literally make them all shiny when u make the team
|
|t:|1760793255
|switch|p2a: Corviknight|Corviknight, F|51/100
|move|p1a: Moltres (boss 3)|Agility|p1a: Moltres (boss 3)
|-boost|p1a: Moltres (boss 3)|spe|2
|
|upkeep
|turn|36
|c|☆lil scoom89|no you can’t get that shiny
|
|t:|1760793266
|move|p1a: Moltres (boss 3)|Fiery Wrath|p2a: Corviknight
|-damage|p2a: Corviknight|0 fnt
|faint|p2a: Corviknight
|
|upkeep
|
|t:|1760793271
|switch|p2a: Iron Moth|Iron Moth, tera:Electric|100/100
|turn|37
|c|☆N4ts0s|moltres galar shiny is like normal moltres
|
|t:|1760793277
|move|p1a: Moltres (boss 3)|Fiery Wrath|p2a: Iron Moth
|-damage|p2a: Iron Moth|49/100
|cant|p2a: Iron Moth|flinch
|
|upkeep
|turn|38
|
|t:|1760793281
|move|p1a: Moltres (boss 3)|Fiery Wrath|p2a: Iron Moth
|-damage|p2a: Iron Moth|0 fnt
|faint|p2a: Iron Moth
|-end|p2a: Iron Moth|Quark Drive|[silent]
|
|upkeep
|
|t:|1760793288
|switch|p2a: Rillaboom|Rillaboom, M|100/100
|-fieldstart|move: Grassy Terrain|[from] ability: Grassy Surge|[of] p2a: Rillaboom
|turn|39
|
|t:|1760793300
|move|p2a: Rillaboom|Grassy Glide|p1a: Moltres (boss 3)
|-resisted|p1a: Moltres (boss 3)
|-damage|p1a: Moltres (boss 3)|52/100 par
|cant|p1a: Moltres (boss 3)|par
|
|upkeep
|turn|40
|
|t:|1760793312
|move|p2a: Rillaboom|Grassy Glide|p1a: Moltres (boss 3)
|-resisted|p1a: Moltres (boss 3)
|-damage|p1a: Moltres (boss 3)|33/100 par
|-ability|p1a: Moltres (boss 3)|Berserk|boost
|-boost|p1a: Moltres (boss 3)|spa|1
|move|p1a: Moltres (boss 3)|Fiery Wrath|p2a: Rillaboom
|-damage|p2a: Rillaboom|0 fnt
|faint|p2a: Rillaboom
|
|upkeep
|
|t:|1760793315
|switch|p2a: Chansey|Chansey, F|99/100
|turn|41
|
|t:|1760793322
|move|p1a: Moltres (boss 3)|Fiery Wrath|p2a: Chansey
|-damage|p2a: Chansey|62/100
|move|p2a: Chansey|Seismic Toss|p1a: Moltres (boss 3)
|-damage|p1a: Moltres (boss 3)|5/100 par
|
|-heal|p2a: Chansey|68/100|[from] Grassy Terrain
|upkeep
|turn|42
|
|t:|1760793325
|move|p1a: Moltres (boss 3)|Fiery Wrath|p2a: Chansey
|-damage|p2a: Chansey|32/100
|move|p2a: Chansey|Seismic Toss|p1a: Moltres (boss 3)
|-damage|p1a: Moltres (boss 3)|0 fnt
|faint|p1a: Moltres (boss 3)
|
|win|lil scoom89
|raw|N4ts0s's rating: 1157 &rarr; <strong>1139</strong><br />(-18 for losing)
|raw|lil scoom89's rating: 1258 &rarr; <strong>1276</strong><br />(+18 for winning)
|l|☆lil scoom89
|player|p2|
|l|☆N4ts0s
|player|p1|
