|j|☆quoge gaming
|j|☆sus skibidi
|t:|1760850369
|gametype|singles
|player|p1|quoge gaming|clay|1469
|player|p2|sus skibidi|miku-fire|1449
|gen|9
|tier|[Gen 9] OU
|rated|
|rule|HP Percentage Mod: HP is shown in percentages
|rule|Endless Battle Clause: Forcing endless battles is banned
|rule|Species Clause: Limit one of each Pokémon
|rule|OHKO Clause: OHKO moves are banned
|rule|Evasion Items Clause: Evasion items are banned
|rule|Evasion Moves Clause: Evasion moves are banned
|rule|Evasion Abilities Clause: Evasion abilities are banned
|rule|Sleep Moves Clause: Sleep-inducing moves are banned
|clearpoke
|poke|p1|Kingambit, F|
|poke|p1|Cinderace, F|
|poke|p1|Landorus-Therian, M|
|poke|p1|Iron Valiant|
|poke|p1|Kyurem|
|poke|p1|Slowking-Galar, M|
|poke|p2|Heatran, F|
|poke|p2|Ogerpon-Wellspring, F|
|poke|p2|Dragonite, M|
|poke|p2|Hatterene, F|
|poke|p2|Garganacl, M|
|poke|p2|Great Tusk|
|teampreview
|inactive|Battle timer is ON: inactive players will automatically lose when time's up. (requested by sus skibidi)
|
|t:|1760850399
|teamsize|p1|6
|teamsize|p2|6
|start
|switch|p1a: Slowking|Slowking-Galar, M, shiny|100/100
|switch|p2a: Forever More Quoth|Hatterene, F|100/100
|turn|1
|
|t:|1760850404
|move|p2a: Forever More Quoth|Nuzzle|p1a: Slowking
|-damage|p1a: Slowking|96/100
|-status|p1a: Slowking|par
|-prepare|p1a: Slowking|Chilly Reception|[premajor]
|move|p1a: Slowking|Chilly Reception|p1a: Slowking
|-weather|Snowscape
|
|t:|1760850410
|switch|p1a: Kingambit|Kingambit, F|100/100|[from] Chilly Reception
|
|-weather|Snowscape|[upkeep]
|upkeep
|turn|2
|
|t:|1760850414
|move|p1a: Kingambit|Iron Head|p2a: Forever More Quoth
|-supereffective|p2a: Forever More Quoth
|-damage|p2a: Forever More Quoth|21/100
|-damage|p1a: Kingambit|84/100|[from] item: Rocky Helmet|[of] p2a: Forever More Quoth
|cant|p2a: Forever More Quoth|flinch
|
|-weather|Snowscape|[upkeep]
|-heal|p1a: Kingambit|90/100|[from] item: Leftovers
|upkeep
|turn|3
|
|t:|1760850421
|move|p1a: Kingambit|Iron Head|p2a: Forever More Quoth
|-supereffective|p2a: Forever More Quoth
|-damage|p2a: Forever More Quoth|0 fnt
|-damage|p1a: Kingambit|74/100|[from] item: Rocky Helmet|[of] p2a: Forever More Quoth
|faint|p2a: Forever More Quoth
|
|-weather|Snowscape|[upkeep]
|-heal|p1a: Kingambit|80/100|[from] item: Leftovers
|upkeep
|
|t:|1760850430
|switch|p2a: Dodge|Heatran, F|100/100
|-item|p2a: Dodge|Air Balloon
|turn|4
|
|t:|1760850434
|-end|p1a: Kingambit|fallenundefined|[silent]
|switch|p1a: Slowking|Slowking-Galar, M, shiny|100/100 par
|move|p2a: Dodge|Flamethrower|p1a: Slowking
|-damage|p1a: Slowking|74/100 par
|
|-weather|Snowscape|[upkeep]
|upkeep
|turn|5
|
|t:|1760850439
|move|p2a: Dodge|Earth Power|p1a: Slowking
|-supereffective|p1a: Slowking
|-damage|p1a: Slowking|37/100 par
|move|p1a: Slowking|Psychic Noise|p2a: Dodge
|-resisted|p2a: Dodge
|-damage|p2a: Dodge|87/100
|-start|p2a: Dodge|move: Heal Block
|-enditem|p2a: Dodge|Air Balloon
|
|-weather|none
|upkeep
|turn|6
|
|t:|1760850443
|switch|p1a: Landorus|Landorus-Therian, M, shiny|100/100
|-ability|p1a: Landorus|Intimidate|boost
|-unboost|p2a: Dodge|atk|1
|move|p2a: Dodge|Flamethrower|p1a: Landorus
|-damage|p1a: Landorus|36/100
|
|-end|p2a: Dodge|move: Heal Block
|upkeep
|turn|7
|
|t:|1760850449
|switch|p2a: Awel Sum|Ogerpon-Wellspring, F|100/100
|move|p1a: Landorus|Earthquake|p2a: Awel Sum
|-resisted|p2a: Awel Sum
|-damage|p2a: Awel Sum|71/100
|
|upkeep
|turn|8
|
|t:|1760850458
|switch|p1a: Kyurem|Kyurem, shiny|100/100
|-ability|p1a: Kyurem|Pressure
|move|p2a: Awel Sum|Ivy Cudgel|p1a: Kyurem|[anim] Ivy Cudgel Water
|-resisted|p1a: Kyurem
|-damage|p1a: Kyurem|70/100
|
|-heal|p1a: Kyurem|76/100|[from] item: Leftovers
|upkeep
|turn|9
|
|t:|1760850480
|move|p2a: Awel Sum|Play Rough|p1a: Kyurem
|-supereffective|p1a: Kyurem
|-damage|p1a: Kyurem|8/100
|move|p1a: Kyurem|Substitute|p1a: Kyurem
|-fail|p1a: Kyurem|move: Substitute|[weak]
|
|-heal|p1a: Kyurem|14/100|[from] item: Leftovers
|upkeep
|turn|10
|
|t:|1760850486
|move|p1a: Kyurem|Protect|p1a: Kyurem
|-singleturn|p1a: Kyurem|Protect
|move|p2a: Awel Sum|Ivy Cudgel|p1a: Kyurem|[anim] Ivy Cudgel Water
|-activate|p1a: Kyurem|move: Protect
|
|-heal|p1a: Kyurem|20/100|[from] item: Leftovers
|upkeep
|turn|11
|
|t:|1760850495
|switch|p1a: Slowking|Slowking-Galar, M, shiny|70/100 par
|move|p2a: Awel Sum|Ivy Cudgel|p1a: Slowking|[anim] Ivy Cudgel Water
|-damage|p1a: Slowking|6/100 par
|
|upkeep
|turn|12
|
|t:|1760850500
|move|p2a: Awel Sum|Trailblaze|p1a: Slowking
|-resisted|p1a: Slowking
|-damage|p1a: Slowking|0 fnt
|-boost|p2a: Awel Sum|spe|1
|faint|p1a: Slowking
|
|upkeep
|
|t:|1760850512
|switch|p1a: Kingambit|Kingambit, F|80/100
|-activate|p1a: Kingambit|ability: Supreme Overlord
|-start|p1a: Kingambit|fallen1|[silent]
|turn|13
|
|t:|1760850520
|move|p2a: Awel Sum|Ivy Cudgel|p1a: Kingambit|[anim] Ivy Cudgel Water
|-damage|p1a: Kingambit|25/100
|move|p1a: Kingambit|Kowtow Cleave|p2a: Awel Sum
|-damage|p2a: Awel Sum|1/100
|
|-heal|p1a: Kingambit|32/100|[from] item: Leftovers
|upkeep
|turn|14
|
|t:|1760850526
|move|p1a: Kingambit|Sucker Punch|p2a: Awel Sum
|-damage|p2a: Awel Sum|0 fnt
|faint|p2a: Awel Sum
|
|-heal|p1a: Kingambit|38/100|[from] item: Leftovers
|upkeep
|
|t:|1760850529
|switch|p2a: Dodge|Heatran, F|87/100
|turn|15
|
|t:|1760850553
|-end|p1a: Kingambit|fallen1|[silent]
|switch|p1a: Kyurem|Kyurem, shiny|20/100
|-ability|p1a: Kyurem|Pressure
|move|p2a: Dodge|Flame Charge|p1a: Kyurem
|-damage|p1a: Kyurem|6/100
|-boost|p2a: Dodge|spe|1
|
|-heal|p1a: Kyurem|12/100|[from] item: Leftovers
|upkeep
|turn|16
|inactive|sus skibidi has 120 seconds left.
|l|☆sus skibidi
|inactive|sus skibidi disconnected and has a minute to reconnect!
|player|p2|
|inactive|sus skibidi has 30 seconds to reconnect!
|j|☆sus skibidi
|inactive|sus skibidi reconnected and has 80 seconds left.
|player|p2|sus skibidi|miku-fire|
|inactive|sus skibidi has 60 seconds left.
|
|t:|1760850658
|move|p2a: Dodge|Flame Charge|p1a: Kyurem
|-damage|p1a: Kyurem|0 fnt
|-boost|p2a: Dodge|spe|1
|faint|p1a: Kyurem
|
|upkeep
|
|t:|1760850671
|switch|p1a: Landorus|Landorus-Therian, M, shiny|36/100
|-ability|p1a: Landorus|Intimidate|boost
|-unboost|p2a: Dodge|atk|1
|turn|17
|
|t:|1760850677
|move|p2a: Dodge|Flamethrower|p1a: Landorus
|-damage|p1a: Landorus|0 fnt
|faint|p1a: Landorus
|
|upkeep
|
|t:|1760850682
|switch|p1a: Iron Valiant|Iron Valiant|100/100
|-enditem|p1a: Iron Valiant|Booster Energy
|-activate|p1a: Iron Valiant|ability: Quark Drive|[fromitem]
|-start|p1a: Iron Valiant|quarkdrivespe
|turn|18
|inactive|sus skibidi has 60 seconds left.
|
|t:|1760850687
|-terastallize|p2a: Dodge|Fairy
|move|p2a: Dodge|Tera Blast|p1a: Iron Valiant|[anim] Tera Blast Fairy
|-supereffective|p1a: Iron Valiant
|-damage|p1a: Iron Valiant|0 fnt
|faint|p1a: Iron Valiant
|-end|p1a: Iron Valiant|Quark Drive|[silent]
|
|upkeep
|
|t:|1760850692
|switch|p1a: Cinderace|Cinderace, F, shiny|100/100
|turn|19
|-message|quoge gaming forfeited.
|
|win|sus skibidi
|raw|quoge gaming's rating: 1469 &rarr; <strong>1448</strong><br />(-21 for losing)
|raw|sus skibidi's rating: 1449 &rarr; <strong>1470</strong><br />(+21 for winning)
|l|☆quoge gaming
|player|p1|
