|j|☆g3thyp
|j|☆Kis Vegallomas
|t:|1760734292
|gametype|singles
|player|p1|g3thyp|backersf|1437
|player|p2|Kis Vegallomas|1|1440
|gen|9
|tier|[Gen 9] OU
|rated|
|rule|HP Percentage Mod: HP is shown in percentages
|rule|Endless Battle Clause: Forcing endless battles is banned
|rule|Species Clause: Limit one of each Pokémon
|rule|OHKO Clause: OHKO moves are banned
|rule|Evasion Items Clause: Evasion items are banned
|rule|Evasion Moves Clause: Evasion moves are banned
|rule|Evasion Abilities Clause: Evasion abilities are banned
|rule|Sleep Moves Clause: Sleep-inducing moves are banned
|clearpoke
|poke|p1|Tyranitar, M|
|poke|p1|Deoxys-Speed|
|poke|p1|Pecharunt|
|poke|p1|Rotom-Wash|
|poke|p1|Hatterene, F|
|poke|p1|Landorus-Therian, M|
|poke|p2|Garchomp, F|
|poke|p2|Slowking-Galar, M|
|poke|p2|Keldeo-Resolute|
|poke|p2|Grimmsnarl, M|
|poke|p2|Iron Crown|
|poke|p2|Primeape, M|
|teampreview
|inactive|Battle timer is ON: inactive players will automatically lose when time's up. (requested by g3thyp)
|
|t:|1760734303
|teamsize|p1|6
|teamsize|p2|6
|start
|switch|p1a: Deoxys|Deoxys-Speed|100/100
|switch|p2a: Garchomp|Garchomp, F|100/100
|-ability|p1a: Deoxys|Pressure
|turn|1
|
|t:|1760734311
|move|p1a: Deoxys|Ice Beam|p2a: Garchomp
|-supereffective|p2a: Garchomp
|-damage|p2a: Garchomp|5/100
|-status|p2a: Garchomp|frz
|-curestatus|p2a: Garchomp|frz|[msg]
|move|p2a: Garchomp|Scale Shot|p1a: Deoxys
|-damage|p1a: Deoxys|79/100
|-damage|p1a: Deoxys|59/100
|-damage|p1a: Deoxys|38/100
|-damage|p1a: Deoxys|16/100
|-hitcount|p1a: Deoxys|4
|-unboost|p2a: Garchomp|def|1
|-boost|p2a: Garchomp|spe|1
|
|upkeep
|turn|2
|
|t:|1760734324
|switch|p2a: Slowking|Slowking-Galar, M|100/100
|move|p1a: Deoxys|Ice Beam|p2a: Slowking
|-damage|p2a: Slowking|81/100
|
|upkeep
|turn|3
|
|t:|1760734330
|switch|p1a: Tyranitar|Tyranitar, M|100/100
|-weather|Sandstorm|[from] ability: Sand Stream|[of] p1a: Tyranitar
|move|p2a: Slowking|Ice Beam|p1a: Tyranitar
|-damage|p1a: Tyranitar|80/100
|
|-weather|Sandstorm|[upkeep]
|-damage|p2a: Slowking|75/100|[from] Sandstorm
|-heal|p1a: Tyranitar|86/100|[from] item: Leftovers
|upkeep
|turn|4
|
|t:|1760734333
|switch|p2a: Primeape|Primeape, M|100/100
|move|p1a: Tyranitar|Stealth Rock|p2a: Primeape
|-sidestart|p2: Kis Vegallomas|move: Stealth Rock
|
|-weather|Sandstorm|[upkeep]
|-damage|p2a: Primeape|95/100|[from] Sandstorm
|-heal|p1a: Tyranitar|93/100|[from] item: Leftovers
|upkeep
|turn|5
|
|t:|1760734335
|switch|p1a: Landorus|Landorus-Therian, M|100/100
|-ability|p1a: Landorus|Intimidate|boost
|-unboost|p2a: Primeape|atk|1
|-ability|p2a: Primeape|Defiant|boost
|-boost|p2a: Primeape|atk|2
|move|p2a: Primeape|Bulk Up|p2a: Primeape
|-boost|p2a: Primeape|atk|1
|-boost|p2a: Primeape|def|1
|
|-weather|Sandstorm|[upkeep]
|-damage|p2a: Primeape|89/100|[from] Sandstorm
|upkeep
|turn|6
|
|t:|1760734342
|move|p1a: Landorus|Earthquake|p2a: Primeape
|-damage|p2a: Primeape|50/100
|move|p2a: Primeape|Bulk Up|p2a: Primeape
|-boost|p2a: Primeape|atk|1
|-boost|p2a: Primeape|def|1
|
|-weather|Sandstorm|[upkeep]
|-damage|p2a: Primeape|45/100|[from] Sandstorm
|upkeep
|turn|7
|
|t:|1760734353
|switch|p1a: Pecharunt|Pecharunt|100/100
|move|p2a: Primeape|Rage Fist|p1a: Pecharunt
|-supereffective|p1a: Pecharunt
|-damage|p1a: Pecharunt|44/100
|-damage|p2a: Primeape|28/100|[from] item: Rocky Helmet|[of] p1a: Pecharunt
|
|-weather|none
|upkeep
|turn|8
|
|t:|1760734357
|move|p2a: Primeape|Rage Fist|p1a: Pecharunt
|-supereffective|p1a: Pecharunt
|-damage|p1a: Pecharunt|0 fnt
|-damage|p2a: Primeape|12/100|[from] item: Rocky Helmet|[of] p1a: Pecharunt
|faint|p1a: Pecharunt
|
|upkeep
|
|t:|1760734362
|switch|p1a: Deoxys|Deoxys-Speed|16/100
|-ability|p1a: Deoxys|Pressure
|turn|9
|
|t:|1760734366
|move|p1a: Deoxys|Ice Beam|p2a: Primeape
|-damage|p2a: Primeape|0 fnt
|faint|p2a: Primeape
|
|upkeep
|
|t:|1760734372
|switch|p2a: Iron Crown|Iron Crown|100/100
|-damage|p2a: Iron Crown|95/100|[from] Stealth Rock
|turn|10
|
|t:|1760734380
|switch|p1a: Rotom|Rotom-Wash|100/100
|move|p2a: Iron Crown|Tachyon Cutter|p1a: Rotom
|-resisted|p1a: Rotom
|-damage|p1a: Rotom|94/100
|-resisted|p1a: Rotom
|-damage|p1a: Rotom|86/100
|-hitcount|p1a: Rotom|2
|
|-heal|p1a: Rotom|92/100|[from] item: Leftovers
|upkeep
|turn|11
|
|t:|1760734387
|-end|p2a: Iron Crown|Quark Drive|[silent]
|switch|p2a: Grimmsnarl|Grimmsnarl, M|100/100
|-damage|p2a: Grimmsnarl|88/100|[from] Stealth Rock
|move|p1a: Rotom|Will-O-Wisp|p2a: Grimmsnarl
|-status|p2a: Grimmsnarl|brn
|
|-heal|p1a: Rotom|99/100|[from] item: Leftovers
|-damage|p2a: Grimmsnarl|82/100 brn|[from] brn
|upkeep
|turn|12
|
|t:|1760734395
|move|p2a: Grimmsnarl|Light Screen|p2a: Grimmsnarl
|-sidestart|p2: Kis Vegallomas|move: Light Screen
|move|p1a: Rotom|Volt Switch|p2a: Grimmsnarl
|-damage|p2a: Grimmsnarl|73/100 brn
|
|t:|1760734405
|switch|p1a: Tyranitar|Tyranitar, M|93/100|[from] Volt Switch
|-weather|Sandstorm|[from] ability: Sand Stream|[of] p1a: Tyranitar
|
|-weather|Sandstorm|[upkeep]
|-damage|p2a: Grimmsnarl|67/100 brn|[from] Sandstorm
|-heal|p1a: Tyranitar|99/100|[from] item: Leftovers
|-damage|p2a: Grimmsnarl|61/100 brn|[from] brn
|upkeep
|turn|13
|
|t:|1760734418
|move|p2a: Grimmsnarl|Reflect|p2a: Grimmsnarl
|-sidestart|p2: Kis Vegallomas|Reflect
|move|p1a: Tyranitar|Knock Off|p2a: Grimmsnarl
|-resisted|p2a: Grimmsnarl
|-damage|p2a: Grimmsnarl|55/100 brn
|-enditem|p2a: Grimmsnarl|Light Clay|[from] move: Knock Off|[of] p1a: Tyranitar
|
|-weather|Sandstorm|[upkeep]
|-damage|p2a: Grimmsnarl|48/100 brn|[from] Sandstorm
|-heal|p1a: Tyranitar|100/100|[from] item: Leftovers
|-damage|p2a: Grimmsnarl|42/100 brn|[from] brn
|upkeep
|turn|14
|
|t:|1760734431
|switch|p2a: Keldeo|Keldeo-Resolute|100/100
|-damage|p2a: Keldeo|94/100|[from] Stealth Rock
|move|p1a: Tyranitar|Thunder Wave|p2a: Keldeo
|-status|p2a: Keldeo|par
|
|-weather|Sandstorm|[upkeep]
|-damage|p2a: Keldeo|88/100 par|[from] Sandstorm
|-heal|p2a: Keldeo|94/100 par|[from] item: Leftovers
|upkeep
|turn|15
|
|t:|1760734435
|switch|p1a: Rotom|Rotom-Wash|99/100
|move|p2a: Keldeo|Calm Mind|p2a: Keldeo
|-boost|p2a: Keldeo|spa|1
|-boost|p2a: Keldeo|spd|1
|
|-weather|Sandstorm|[upkeep]
|-damage|p1a: Rotom|92/100|[from] Sandstorm
|-damage|p2a: Keldeo|88/100 par|[from] Sandstorm
|-heal|p1a: Rotom|99/100|[from] item: Leftovers
|-heal|p2a: Keldeo|94/100 par|[from] item: Leftovers
|upkeep
|turn|16
|
|t:|1760734440
|move|p1a: Rotom|Volt Switch|p2a: Keldeo
|-supereffective|p2a: Keldeo
|-crit|p2a: Keldeo
|-damage|p2a: Keldeo|13/100 par
|
|t:|1760734445
|switch|p1a: Hatterene|Hatterene, F|100/100|[from] Volt Switch
|move|p2a: Keldeo|Secret Sword|p1a: Hatterene
|-resisted|p1a: Hatterene
|-damage|p1a: Hatterene|84/100
|
|-weather|none
|-heal|p2a: Keldeo|19/100 par|[from] item: Leftovers
|upkeep
|turn|17
|
|t:|1760734448
|move|p2a: Keldeo|Surf|p1a: Hatterene
|-damage|p1a: Hatterene|42/100
|move|p1a: Hatterene|Draining Kiss|p2a: Keldeo
|-supereffective|p2a: Keldeo
|-damage|p2a: Keldeo|0 fnt
|-heal|p1a: Hatterene|56/100|[from] drain|[of] p2a: Keldeo
|faint|p2a: Keldeo
|
|upkeep
|
|t:|1760734454
|switch|p2a: Slowking|Slowking-Galar, M|100/100
|-damage|p2a: Slowking|88/100|[from] Stealth Rock
|turn|18
|
|t:|1760734461
|switch|p1a: Rotom|Rotom-Wash|99/100
|move|p2a: Slowking|Sludge Bomb|p1a: Rotom
|-damage|p1a: Rotom|21/100
|-status|p1a: Rotom|psn
|
|-heal|p1a: Rotom|27/100 psn|[from] item: Leftovers
|-damage|p1a: Rotom|14/100 psn|[from] psn
|upkeep
|turn|19
|
|t:|1760734469
|move|p1a: Rotom|Pain Split|p2a: Slowking
|-sethp|p2a: Slowking|49/100|[from] move: Pain Split|[silent]
|-sethp|p1a: Rotom|64/100 psn|[from] move: Pain Split
|move|p2a: Slowking|Sludge Bomb|p1a: Rotom
|-damage|p1a: Rotom|0 fnt
|faint|p1a: Rotom
|
|-sideend|p2: Kis Vegallomas|move: Light Screen
|upkeep
|
|t:|1760734472
|switch|p1a: Tyranitar|Tyranitar, M|100/100
|-weather|Sandstorm|[from] ability: Sand Stream|[of] p1a: Tyranitar
|turn|20
|
|t:|1760734479
|switch|p2a: Garchomp|Garchomp, F|5/100
|-damage|p2a: Garchomp|0 fnt|[from] Stealth Rock
|faint|p2a: Garchomp
|move|p1a: Tyranitar|Knock Off|p2: Garchomp|[notarget]
|-fail|p1a: Tyranitar
|
|-weather|Sandstorm|[upkeep]
|-sideend|p2: Kis Vegallomas|Reflect
|upkeep
|
|t:|1760734490
|switch|p2a: Iron Crown|Iron Crown|95/100
|-damage|p2a: Iron Crown|89/100|[from] Stealth Rock
|turn|21
|
|t:|1760734494
|-terastallize|p1a: Tyranitar|Flying
|move|p2a: Iron Crown|Agility|p2a: Iron Crown
|-boost|p2a: Iron Crown|spe|2
|move|p1a: Tyranitar|Knock Off|p2a: Iron Crown
|-supereffective|p2a: Iron Crown
|-crit|p2a: Iron Crown
|-damage|p2a: Iron Crown|0 fnt
|-enditem|p2a: Iron Crown|Weakness Policy|[from] move: Knock Off|[of] p1a: Tyranitar
|faint|p2a: Iron Crown
|-end|p2a: Iron Crown|Quark Drive|[silent]
|
|-weather|Sandstorm|[upkeep]
|-damage|p1a: Tyranitar|94/100|[from] Sandstorm
|-heal|p1a: Tyranitar|100/100|[from] item: Leftovers
|upkeep
|-message|Kis Vegallomas forfeited.
|
|win|g3thyp
|raw|g3thyp's rating: 1437 &rarr; <strong>1457</strong><br />(+20 for winning)
|raw|Kis Vegallomas's rating: 1440 &rarr; <strong>1420</strong><br />(-20 for losing)
|l|☆Kis Vegallomas
|player|p2|
|l|☆g3thyp
|player|p1|
