|j|☆arj.uno
|j|☆heartsdesu28
|t:|1760789738
|gametype|singles
|player|p1|arj.uno|doctor|1178
|player|p2|heartsdesu28|102|1144
|gen|9
|tier|[Gen 9] OU
|rated|
|rule|HP Percentage Mod: HP is shown in percentages
|rule|Endless Battle Clause: Forcing endless battles is banned
|rule|Species Clause: Limit one of each Pokémon
|rule|OHKO Clause: OHKO moves are banned
|rule|Evasion Items Clause: Evasion items are banned
|rule|Evasion Moves Clause: Evasion moves are banned
|rule|Evasion Abilities Clause: Evasion abilities are banned
|rule|Sleep Moves Clause: Sleep-inducing moves are banned
|clearpoke
|poke|p1|Shiftry, M|
|poke|p1|Ninetales, F|
|poke|p1|Exeggutor-Alola, F|
|poke|p1|Grimmsnarl, M|
|poke|p1|Metagross|
|poke|p1|Cinderace, M|
|poke|p2|Kingambit, M|
|poke|p2|Dragonite, F|
|poke|p2|Primarina, F|
|poke|p2|Kingdra, M|
|poke|p2|Deoxys-Speed|
|poke|p2|Darkrai|
|teampreview
|
|t:|1760789750
|teamsize|p1|6
|teamsize|p2|6
|start
|switch|p1a: Grimmsnarl|Grimmsnarl, M|100/100
|switch|p2a: Deoxys|Deoxys-Speed|100/100
|-ability|p2a: Deoxys|Pressure
|turn|1
|
|t:|1760789757
|move|p1a: Grimmsnarl|Misty Terrain|p1a: Grimmsnarl
|-fieldstart|move: Misty Terrain
|move|p2a: Deoxys|Rain Dance|p2a: Deoxys
|-weather|RainDance
|
|-weather|RainDance|[upkeep]
|upkeep
|turn|2
|
|t:|1760789763
|move|p1a: Grimmsnarl|Light Screen|p1a: Grimmsnarl
|-sidestart|p1: arj.uno|move: Light Screen
|move|p2a: Deoxys|Light Screen|p2a: Deoxys
|-sidestart|p2: heartsdesu28|move: Light Screen
|
|-weather|RainDance|[upkeep]
|upkeep
|turn|3
|
|t:|1760789766
|move|p1a: Grimmsnarl|Reflect|p1a: Grimmsnarl
|-sidestart|p1: arj.uno|Reflect
|move|p2a: Deoxys|Reflect|p2a: Deoxys
|-sidestart|p2: heartsdesu28|Reflect
|
|-weather|RainDance|[upkeep]
|upkeep
|turn|4
|
|t:|1760789768
|switch|p1a: Metagross|Metagross|100/100
|move|p2a: Deoxys|Brick Break|p1a: Metagross
|-sideend|p1: arj.uno|Reflect
|-sideend|p1: arj.uno|move: Light Screen
|-damage|p1a: Metagross|84/100
|
|-weather|RainDance|[upkeep]
|upkeep
|turn|5
|inactive|Battle timer is ON: inactive players will automatically lose when time's up. (requested by arj.uno)
|
|t:|1760789795
|switch|p2a: Darkrai|Darkrai|100/100
|move|p1a: Metagross|Agility|p1a: Metagross
|-boost|p1a: Metagross|spe|2
|
|-weather|RainDance|[upkeep]
|-fieldend|Misty Terrain
|upkeep
|turn|6
|
|t:|1760789803
|move|p1a: Metagross|Meteor Mash|p2a: Darkrai
|-damage|p2a: Darkrai|64/100
|move|p2a: Darkrai|Dark Pulse|p1a: Metagross
|-supereffective|p1a: Metagross
|-damage|p1a: Metagross|0 fnt
|faint|p1a: Metagross
|
|-weather|RainDance|[upkeep]
|-heal|p2a: Darkrai|70/100|[from] item: Leftovers
|-sideend|p2: heartsdesu28|move: Light Screen
|upkeep
|
|t:|1760789806
|switch|p1a: Cinderace|Cinderace, M|100/100
|turn|7
|
|t:|1760789814
|switch|p2a: Kingdra|Kingdra, M|100/100
|move|p1a: Cinderace|Court Change|p1a: Cinderace
|-start|p1a: Cinderace|typechange|Normal|[from] ability: Libero
|-swapsideconditions
|-activate|p1a: Cinderace|move: Court Change
|
|-weather|RainDance|[upkeep]
|-sideend|p1: arj.uno|Reflect
|upkeep
|turn|8
|
|t:|1760789827
|switch|p1a: Ninetales|Ninetales, F|100/100
|-weather|SunnyDay|[from] ability: Drought|[of] p1a: Ninetales
|move|p2a: Kingdra|Substitute|p2a: Kingdra
|-start|p2a: Kingdra|Substitute
|-damage|p2a: Kingdra|75/100
|
|-weather|SunnyDay|[upkeep]
|upkeep
|turn|9
|
|t:|1760789831
|move|p1a: Ninetales|Flamethrower|p2a: Kingdra
|-resisted|p2a: Kingdra
|-activate|p2a: Kingdra|move: Substitute|[damage]
|move|p2a: Kingdra|Focus Energy|p2a: Kingdra
|-start|p2a: Kingdra|move: Focus Energy
|
|-weather|SunnyDay|[upkeep]
|upkeep
|turn|10
|
|t:|1760789835
|move|p1a: Ninetales|Psyshock|p2a: Kingdra
|-end|p2a: Kingdra|Substitute
|move|p2a: Kingdra|Hydro Pump|p1a: Ninetales
|-supereffective|p1a: Ninetales
|-crit|p1a: Ninetales
|-damage|p1a: Ninetales|21/100
|
|-weather|SunnyDay|[upkeep]
|upkeep
|turn|11
|
|t:|1760789842
|switch|p1a: Grimmsnarl|Grimmsnarl, M|100/100
|move|p2a: Kingdra|Hydro Pump|p1a: Grimmsnarl|[miss]
|-miss|p2a: Kingdra|p1a: Grimmsnarl
|
|-weather|SunnyDay|[upkeep]
|upkeep
|turn|12
|
|t:|1760789846
|move|p2a: Kingdra|Substitute|p2a: Kingdra
|-start|p2a: Kingdra|Substitute
|-damage|p2a: Kingdra|50/100
|move|p1a: Grimmsnarl|Draining Kiss|p2a: Kingdra
|-supereffective|p2a: Kingdra
|-end|p2a: Kingdra|Substitute
|
|-weather|SunnyDay|[upkeep]
|upkeep
|turn|13
|
|t:|1760789852
|move|p2a: Kingdra|Hydro Pump|p1a: Grimmsnarl
|-crit|p1a: Grimmsnarl
|-damage|p1a: Grimmsnarl|75/100
|move|p1a: Grimmsnarl|Draining Kiss|p2a: Kingdra
|-supereffective|p2a: Kingdra
|-damage|p2a: Kingdra|13/100
|-heal|p1a: Grimmsnarl|96/100|[from] drain|[of] p2a: Kingdra
|
|-weather|SunnyDay|[upkeep]
|upkeep
|turn|14
|
|t:|1760789855
|move|p2a: Kingdra|Hydro Pump|p1a: Grimmsnarl
|-crit|p1a: Grimmsnarl
|-damage|p1a: Grimmsnarl|71/100
|move|p1a: Grimmsnarl|Draining Kiss|p2a: Kingdra
|-supereffective|p2a: Kingdra
|-damage|p2a: Kingdra|0 fnt
|-heal|p1a: Grimmsnarl|78/100|[from] drain|[of] p2a: Kingdra
|faint|p2a: Kingdra
|
|-weather|SunnyDay|[upkeep]
|upkeep
|
|t:|1760789874
|switch|p2a: Primarina|Primarina, F|100/100
|turn|15
|
|t:|1760789877
|move|p1a: Grimmsnarl|Light Screen|p1a: Grimmsnarl
|-sidestart|p1: arj.uno|move: Light Screen
|move|p2a: Primarina|Whirlpool|p1a: Grimmsnarl
|-damage|p1a: Grimmsnarl|75/100
|-activate|p1a: Grimmsnarl|move: Whirlpool|[of] p2a: Primarina
|
|-weather|none
|-damage|p1a: Grimmsnarl|62/100|[from] move: Whirlpool|[partiallytrapped]
|upkeep
|turn|16
|
|t:|1760789881
|move|p1a: Grimmsnarl|Reflect|p1a: Grimmsnarl
|-sidestart|p1: arj.uno|Reflect
|move|p2a: Primarina|Perish Song|p2a: Primarina
|-start|p1a: Grimmsnarl|perish3|[silent]
|-start|p2a: Primarina|perish3|[silent]
|-fieldactivate|move: Perish Song
|
|-damage|p1a: Grimmsnarl|50/100|[from] move: Whirlpool|[partiallytrapped]
|-start|p2a: Primarina|perish3
|-start|p1a: Grimmsnarl|perish3
|upkeep
|turn|17
|
|t:|1760789889
|move|p2a: Primarina|Protect|p2a: Primarina
|-singleturn|p2a: Primarina|Protect
|move|p1a: Grimmsnarl|Draining Kiss|p2a: Primarina
|-activate|p2a: Primarina|move: Protect
|
|-damage|p1a: Grimmsnarl|38/100|[from] move: Whirlpool|[partiallytrapped]
|-start|p2a: Primarina|perish2
|-start|p1a: Grimmsnarl|perish2
|upkeep
|turn|18
|
|t:|1760789894
|move|p1a: Grimmsnarl|Draining Kiss|p2a: Primarina
|-damage|p2a: Primarina|90/100
|-heal|p1a: Grimmsnarl|45/100|[from] drain|[of] p2a: Primarina
|move|p2a: Primarina|Draining Kiss|p1a: Grimmsnarl
|-supereffective|p1a: Grimmsnarl
|-damage|p1a: Grimmsnarl|29/100
|-heal|p2a: Primarina|100/100|[from] drain|[of] p1a: Grimmsnarl
|
|-damage|p1a: Grimmsnarl|17/100|[from] move: Whirlpool|[partiallytrapped]
|-start|p1a: Grimmsnarl|perish1
|-start|p2a: Primarina|perish1
|upkeep
|turn|19
|
|t:|1760789901
|switch|p2a: Deoxys|Deoxys-Speed|100/100
|-ability|p2a: Deoxys|Pressure
|move|p1a: Grimmsnarl|Misty Terrain|p1a: Grimmsnarl
|-fieldstart|move: Misty Terrain
|
|-end|p1a: Grimmsnarl|Whirlpool|[partiallytrapped]|[silent]
|-start|p1a: Grimmsnarl|perish0
|faint|p1a: Grimmsnarl
|upkeep
|
|t:|1760789908
|switch|p1a: Cinderace|Cinderace, M|100/100
|turn|20
|
|t:|1760789928
|move|p2a: Deoxys|Light Screen|p2a: Deoxys
|-sidestart|p2: heartsdesu28|move: Light Screen
|move|p1a: Cinderace|Will-O-Wisp|p2a: Deoxys
|-activate|p2a: Deoxys|move: Misty Terrain
|
|upkeep
|turn|21
|
|t:|1760789932
|move|p2a: Deoxys|Reflect|p2a: Deoxys
|-sidestart|p2: heartsdesu28|Reflect
|move|p1a: Cinderace|Shadow Ball|p2a: Deoxys
|-start|p1a: Cinderace|typechange|Ghost|[from] ability: Libero
|-supereffective|p2a: Deoxys
|-damage|p2a: Deoxys|78/100
|
|upkeep
|turn|22
|
|t:|1760789941
|move|p2a: Deoxys|Rain Dance|p2a: Deoxys
|-weather|RainDance
|move|p1a: Cinderace|Will-O-Wisp|p2a: Deoxys
|-activate|p2a: Deoxys|move: Misty Terrain
|
|-weather|RainDance|[upkeep]
|-sideend|p1: arj.uno|move: Light Screen
|upkeep
|turn|23
|
|t:|1760789954
|switch|p2a: Darkrai|Darkrai|70/100
|move|p1a: Cinderace|Court Change|p1a: Cinderace
|-swapsideconditions
|-activate|p1a: Cinderace|move: Court Change
|
|-weather|RainDance|[upkeep]
|-heal|p2a: Darkrai|76/100|[from] item: Leftovers
|-sideend|p2: heartsdesu28|Reflect
|-fieldend|Misty Terrain
|upkeep
|turn|24
|
|t:|1760789959
|move|p2a: Darkrai|Dark Pulse|p1a: Cinderace
|-supereffective|p1a: Cinderace
|-damage|p1a: Cinderace|50/100
|move|p1a: Cinderace|Will-O-Wisp|p2a: Darkrai
|-status|p2a: Darkrai|brn
|
|-weather|RainDance|[upkeep]
|-heal|p2a: Darkrai|82/100 brn|[from] item: Leftovers
|-damage|p2a: Darkrai|76/100 brn|[from] brn
|-sideend|p1: arj.uno|move: Light Screen
|upkeep
|turn|25
|
|t:|1760789964
|move|p2a: Darkrai|Dark Pulse|p1a: Cinderace
|-supereffective|p1a: Cinderace
|-damage|p1a: Cinderace|0 fnt
|faint|p1a: Cinderace
|
|-weather|RainDance|[upkeep]
|-heal|p2a: Darkrai|82/100 brn|[from] item: Leftovers
|-damage|p2a: Darkrai|76/100 brn|[from] brn
|-sideend|p1: arj.uno|Reflect
|upkeep
|
|t:|1760789967
|switch|p1a: Ninetales|Ninetales, F|21/100
|-weather|SunnyDay|[from] ability: Drought|[of] p1a: Ninetales
|turn|26
|
|t:|1760789971
|move|p2a: Darkrai|Dark Pulse|p1a: Ninetales
|-damage|p1a: Ninetales|0 fnt
|faint|p1a: Ninetales
|
|-weather|SunnyDay|[upkeep]
|-heal|p2a: Darkrai|82/100 brn|[from] item: Leftovers
|-damage|p2a: Darkrai|76/100 brn|[from] brn
|upkeep
|
|t:|1760789973
|switch|p1a: Exeggutor|Exeggutor-Alola, F|100/100
|turn|27
|
|t:|1760789980
|switch|p2a: Deoxys|Deoxys-Speed|78/100
|-ability|p2a: Deoxys|Pressure
|move|p1a: Exeggutor|Flamethrower|p2a: Deoxys
|-damage|p2a: Deoxys|20/100
|
|-weather|SunnyDay|[upkeep]
|upkeep
|turn|28
|
|t:|1760789989
|move|p2a: Deoxys|Light Screen|p2a: Deoxys
|-sidestart|p2: heartsdesu28|move: Light Screen
|move|p1a: Exeggutor|Flamethrower|p2a: Deoxys
|-damage|p2a: Deoxys|0 fnt
|faint|p2a: Deoxys
|
|-weather|SunnyDay|[upkeep]
|upkeep
|
|t:|1760789997
|switch|p2a: Darkrai|Darkrai|76/100 brn
|turn|29
|
|t:|1760790000
|move|p2a: Darkrai|Nasty Plot|p2a: Darkrai
|-boost|p2a: Darkrai|spa|2
|move|p1a: Exeggutor|Substitute|p1a: Exeggutor
|-start|p1a: Exeggutor|Substitute
|-damage|p1a: Exeggutor|76/100
|
|-weather|SunnyDay|[upkeep]
|-heal|p2a: Darkrai|82/100 brn|[from] item: Leftovers
|-damage|p2a: Darkrai|76/100 brn|[from] brn
|upkeep
|turn|30
|
|t:|1760790008
|move|p2a: Darkrai|Dark Pulse|p1a: Exeggutor
|-end|p1a: Exeggutor|Substitute
|move|p1a: Exeggutor|Flamethrower|p2a: Darkrai
|-damage|p2a: Darkrai|43/100 brn
|
|-weather|SunnyDay|[upkeep]
|-heal|p2a: Darkrai|49/100 brn|[from] item: Leftovers
|-damage|p2a: Darkrai|43/100 brn|[from] brn
|upkeep
|turn|31
|
|t:|1760790011
|move|p2a: Darkrai|Dark Pulse|p1a: Exeggutor
|-crit|p1a: Exeggutor
|-damage|p1a: Exeggutor|0 fnt
|faint|p1a: Exeggutor
|
|-weather|SunnyDay|[upkeep]
|-heal|p2a: Darkrai|49/100 brn|[from] item: Leftovers
|-damage|p2a: Darkrai|43/100 brn|[from] brn
|upkeep
|
|t:|1760790013
|switch|p1a: Shiftry|Shiftry, M|100/100
|turn|32
|
|t:|1760790018
|move|p1a: Shiftry|Air Slash|p2a: Darkrai
|-damage|p2a: Darkrai|29/100 brn
|move|p2a: Darkrai|Focus Blast|p1a: Shiftry
|-supereffective|p1a: Shiftry
|-enditem|p1a: Shiftry|Focus Sash
|-damage|p1a: Shiftry|1/100
|
|-weather|SunnyDay|[upkeep]
|-heal|p2a: Darkrai|35/100 brn|[from] item: Leftovers
|-damage|p2a: Darkrai|29/100 brn|[from] brn
|-sideend|p2: heartsdesu28|move: Light Screen
|upkeep
|turn|33
|
|t:|1760790020
|move|p1a: Shiftry|Air Slash|p2a: Darkrai
|-damage|p2a: Darkrai|2/100 brn
|move|p2a: Darkrai|Dark Pulse|p1a: Shiftry
|-resisted|p1a: Shiftry
|-damage|p1a: Shiftry|0 fnt
|faint|p1a: Shiftry
|
|win|heartsdesu28
|raw|arj.uno's rating: 1178 &rarr; <strong>1151</strong><br />(-27 for losing)
|raw|heartsdesu28's rating: 1144 &rarr; <strong>1171</strong><br />(+27 for winning)
|l|☆heartsdesu28
|player|p2|
|l|☆arj.uno
|player|p1|
