|j|☆Srgtcobra
|j|☆Kinghuddy
|t:|1760832977
|gametype|singles
|player|p1|Srgtcobra|2|1264
|player|p2|Kinghuddy|1|1322
|gen|9
|tier|[Gen 9] OU
|rated|
|rule|HP Percentage Mod: HP is shown in percentages
|rule|Endless Battle Clause: Forcing endless battles is banned
|rule|Species Clause: Limit one of each Pokémon
|rule|OHKO Clause: OHKO moves are banned
|rule|Evasion Items Clause: Evasion items are banned
|rule|Evasion Moves Clause: Evasion moves are banned
|rule|Evasion Abilities Clause: Evasion abilities are banned
|rule|Sleep Moves Clause: Sleep-inducing moves are banned
|clearpoke
|poke|p1|Regirock|
|poke|p1|Goodra-Hisui, M|
|poke|p1|Enamorus-Therian, F|
|poke|p1|Deoxys-Speed|
|poke|p1|Dragapult, M|
|poke|p1|Mandibuzz, F|
|poke|p2|Rillaboom, F|
|poke|p2|Raging Bolt|
|poke|p2|Iron Valiant|
|poke|p2|Iron Treads|
|poke|p2|Zamazenta-*|
|poke|p2|Pecharunt|
|teampreview
|inactive|Battle timer is ON: inactive players will automatically lose when time's up. (requested by Srgtcobra)
|
|t:|1760832997
|teamsize|p1|6
|teamsize|p2|6
|start
|switch|p1a: Dragapult|Dragapult, M|100/100
|switch|p2a: Pecharunt|Pecharunt|100/100
|turn|1
|
|t:|1760833008
|move|p1a: Dragapult|U-turn|p2a: Pecharunt
|-resisted|p2a: Pecharunt
|-damage|p2a: Pecharunt|97/100
|-damage|p1a: Dragapult|84/100|[from] item: Rocky Helmet|[of] p2a: Pecharunt
|
|t:|1760833010
|switch|p1a: Goodra|Goodra-Hisui, M|100/100|[from] U-turn
|move|p2a: Pecharunt|Malignant Chain|p1a: Goodra
|-immune|p1a: Goodra
|
|upkeep
|turn|2
|
|t:|1760833022
|move|p2a: Pecharunt|Parting Shot|p1a: Goodra
|-unboost|p1a: Goodra|atk|1
|-unboost|p1a: Goodra|spa|1
|
|t:|1760833027
|switch|p2a: Iron Treads|Iron Treads|100/100|[from] Parting Shot
|-enditem|p2a: Iron Treads|Booster Energy
|-activate|p2a: Iron Treads|ability: Quark Drive|[fromitem]
|-start|p2a: Iron Treads|quarkdriveatk
|move|p1a: Goodra|Knock Off|p2a: Iron Treads
|-damage|p2a: Iron Treads|90/100
|
|upkeep
|turn|3
|
|t:|1760833040
|switch|p1a: Mandibuzz|Mandibuzz, F|100/100
|move|p2a: Iron Treads|Ice Spinner|p1a: Mandibuzz
|-supereffective|p1a: Mandibuzz
|-damage|p1a: Mandibuzz|43/100
|
|upkeep
|turn|4
|
|t:|1760833054
|move|p2a: Iron Treads|Ice Spinner|p1a: Mandibuzz
|-supereffective|p1a: Mandibuzz
|-damage|p1a: Mandibuzz|0 fnt
|faint|p1a: Mandibuzz
|
|upkeep
|
|t:|1760833059
|switch|p1a: Regirock|Regirock, shiny|100/100
|turn|5
|
|t:|1760833063
|move|p2a: Iron Treads|Iron Head|p1a: Regirock
|-supereffective|p1a: Regirock
|-damage|p1a: Regirock|52/100
|move|p1a: Regirock|Body Press|p2a: Iron Treads
|-supereffective|p2a: Iron Treads
|-damage|p2a: Iron Treads|11/100
|
|-heal|p1a: Regirock|58/100|[from] item: Leftovers
|upkeep
|turn|6
|
|t:|1760833074
|switch|p1a: Dragapult|Dragapult, M|84/100
|move|p2a: Iron Treads|Iron Head|p1a: Dragapult
|-damage|p1a: Dragapult|13/100
|
|upkeep
|turn|7
|
|t:|1760833085
|-end|p2a: Iron Treads|Quark Drive|[silent]
|switch|p2a: Pecharunt|Pecharunt|97/100
|move|p1a: Dragapult|Dragon Darts|p2a: Pecharunt
|-damage|p2a: Pecharunt|79/100
|-anim|p1a: Dragapult|Dragon Darts|p2a: Pecharunt
|-damage|p2a: Pecharunt|63/100
|
|upkeep
|turn|8
|
|t:|1760833097
|move|p1a: Dragapult|Dragon Darts|p2a: Pecharunt
|-damage|p2a: Pecharunt|45/100
|-anim|p1a: Dragapult|Dragon Darts|p2a: Pecharunt
|-damage|p2a: Pecharunt|27/100
|move|p2a: Pecharunt|Recover|p2a: Pecharunt
|-heal|p2a: Pecharunt|77/100
|
|upkeep
|turn|9
|
|t:|1760833106
|switch|p1a: Goodra|Goodra-Hisui, M|100/100
|move|p2a: Pecharunt|Malignant Chain|p1a: Goodra
|-immune|p1a: Goodra
|
|upkeep
|turn|10
|
|t:|1760833114
|move|p2a: Pecharunt|Parting Shot|p1a: Goodra
|-unboost|p1a: Goodra|atk|1
|-unboost|p1a: Goodra|spa|1
|
|t:|1760833119
|switch|p2a: Iron Treads|Iron Treads|11/100|[from] Parting Shot
|move|p1a: Goodra|Dragon Tail|p2a: Iron Treads
|-resisted|p2a: Iron Treads
|-damage|p2a: Iron Treads|4/100
|-end|p2a: Iron Treads|Quark Drive|[silent]
|drag|p2a: Pecharunt|Pecharunt|77/100
|
|upkeep
|turn|11
|
|t:|1760833132
|move|p2a: Pecharunt|Recover|p2a: Pecharunt
|-heal|p2a: Pecharunt|100/100
|move|p1a: Goodra|Draco Meteor|p2a: Pecharunt
|-damage|p2a: Pecharunt|70/100
|-unboost|p1a: Goodra|spa|2
|
|upkeep
|turn|12
|
|t:|1760833143
|move|p2a: Pecharunt|Parting Shot|p1a: Goodra
|-unboost|p1a: Goodra|atk|1
|-unboost|p1a: Goodra|spa|1
|
|t:|1760833147
|switch|p2a: Zamazenta|Zamazenta|100/100|[from] Parting Shot
|-ability|p2a: Zamazenta|Dauntless Shield|boost
|-boost|p2a: Zamazenta|def|1
|move|p1a: Goodra|Dragon Tail|p2a: Zamazenta
|-damage|p2a: Zamazenta|96/100
|drag|p2a: Iron Treads|Iron Treads|4/100
|
|upkeep
|turn|13
|
|t:|1760833159
|move|p2a: Iron Treads|Earthquake|p1a: Goodra
|-supereffective|p1a: Goodra
|-damage|p1a: Goodra|0 fnt
|faint|p1a: Goodra
|
|upkeep
|
|t:|1760833163
|switch|p1a: Dragapult|Dragapult, M|13/100
|turn|14
|
|t:|1760833171
|-end|p2a: Iron Treads|Quark Drive|[silent]
|switch|p2a: Pecharunt|Pecharunt|70/100
|move|p1a: Dragapult|U-turn|p2a: Pecharunt
|-resisted|p2a: Pecharunt
|-damage|p2a: Pecharunt|67/100
|-damage|p1a: Dragapult|0 fnt|[from] item: Rocky Helmet|[of] p2a: Pecharunt
|faint|p1a: Dragapult
|
|upkeep
|
|t:|1760833178
|switch|p1a: Deoxys|Deoxys-Speed|100/100
|-ability|p1a: Deoxys|Pressure
|turn|15
|
|t:|1760833191
|move|p1a: Deoxys|Dark Pulse|p2a: Pecharunt
|-supereffective|p2a: Pecharunt
|-damage|p2a: Pecharunt|4/100
|-damage|p1a: Deoxys|91/100|[from] item: Life Orb
|move|p2a: Pecharunt|Destiny Bond|p2a: Pecharunt
|-singlemove|p2a: Pecharunt|Destiny Bond
|
|upkeep
|turn|16
|
|t:|1760833211
|move|p1a: Deoxys|Dark Pulse|p2a: Pecharunt
|-supereffective|p2a: Pecharunt
|-crit|p2a: Pecharunt
|-damage|p2a: Pecharunt|0 fnt
|faint|p2a: Pecharunt
|-activate|p2a: Pecharunt|move: Destiny Bond
|faint|p1a: Deoxys
|
|upkeep
|
|t:|1760833224
|switch|p1a: Regirock|Regirock, shiny|58/100
|switch|p2a: Iron Treads|Iron Treads|4/100
|turn|17
|
|t:|1760833233
|move|p2a: Iron Treads|Iron Head|p1a: Regirock
|-supereffective|p1a: Regirock
|-damage|p1a: Regirock|22/100
|move|p1a: Regirock|Body Press|p2a: Iron Treads
|-supereffective|p2a: Iron Treads
|-damage|p2a: Iron Treads|0 fnt
|faint|p2a: Iron Treads
|-end|p2a: Iron Treads|Quark Drive|[silent]
|
|-heal|p1a: Regirock|28/100|[from] item: Leftovers
|upkeep
|
|t:|1760833244
|switch|p2a: Zamazenta|Zamazenta|96/100
|turn|18
|
|t:|1760833250
|move|p2a: Zamazenta|Iron Head|p1a: Regirock
|-supereffective|p1a: Regirock
|-damage|p1a: Regirock|9/100
|move|p1a: Regirock|Curse|p1a: Regirock
|-unboost|p1a: Regirock|spe|1
|-boost|p1a: Regirock|atk|1
|-boost|p1a: Regirock|def|1
|
|-heal|p1a: Regirock|15/100|[from] item: Leftovers
|upkeep
|turn|19
|
|t:|1760833260
|move|p2a: Zamazenta|Body Press|p1a: Regirock
|-supereffective|p1a: Regirock
|-damage|p1a: Regirock|0 fnt
|faint|p1a: Regirock
|
|upkeep
|
|t:|1760833263
|switch|p1a: Enamorus|Enamorus-Therian, F|100/100
|turn|20
|
|t:|1760833268
|move|p2a: Zamazenta|Iron Head|p1a: Enamorus
|-supereffective|p1a: Enamorus
|-damage|p1a: Enamorus|66/100
|cant|p1a: Enamorus|flinch
|
|upkeep
|turn|21
|
|t:|1760833274
|move|p2a: Zamazenta|Iron Head|p1a: Enamorus
|-supereffective|p1a: Enamorus
|-damage|p1a: Enamorus|28/100
|move|p1a: Enamorus|Calm Mind|p1a: Enamorus
|-boost|p1a: Enamorus|spa|1
|-boost|p1a: Enamorus|spd|1
|
|upkeep
|turn|22
|
|t:|1760833281
|-terastallize|p2a: Zamazenta|Steel
|-terastallize|p1a: Enamorus|Water
|move|p2a: Zamazenta|Iron Head|p1a: Enamorus
|-resisted|p1a: Enamorus
|-damage|p1a: Enamorus|13/100
|move|p1a: Enamorus|Draining Kiss|p2a: Zamazenta
|-resisted|p2a: Zamazenta
|-damage|p2a: Zamazenta|84/100
|-heal|p1a: Enamorus|23/100|[from] drain|[of] p2a: Zamazenta
|
|upkeep
|turn|23
|
|t:|1760833294
|move|p2a: Zamazenta|Body Press|p1a: Enamorus
|-damage|p1a: Enamorus|0 fnt
|faint|p1a: Enamorus
|
|win|Kinghuddy
|raw|Srgtcobra's rating: 1264 &rarr; <strong>1243</strong><br />(-21 for losing)
|raw|Kinghuddy's rating: 1322 &rarr; <strong>1339</strong><br />(+17 for winning)
|l|☆Kinghuddy
|player|p2|
|l|☆Srgtcobra
|player|p1|
