|j|☆MonsterZogg
|j|☆vondvtch
|t:|1760803766
|gametype|singles
|player|p1|MonsterZogg|pokemonrangerf|1106
|player|p2|vondvtch|cheren-gen5bw2|1097
|gen|9
|tier|[Gen 9] OU
|rated|
|rule|HP Percentage Mod: HP is shown in percentages
|rule|Endless Battle Clause: Forcing endless battles is banned
|rule|Species Clause: Limit one of each Pokémon
|rule|OHKO Clause: OHKO moves are banned
|rule|Evasion Items Clause: Evasion items are banned
|rule|Evasion Moves Clause: Evasion moves are banned
|rule|Evasion Abilities Clause: Evasion abilities are banned
|rule|Sleep Moves Clause: Sleep-inducing moves are banned
|clearpoke
|poke|p1|Haxorus, F|
|poke|p1|Salamence, F|
|poke|p1|Goodra, F|
|poke|p1|Garchomp, F|
|poke|p1|Cyclizar, F|
|poke|p1|Dragonite, F|
|poke|p2|Ninetales, M|
|poke|p2|Victreebel, F|
|poke|p2|Charizard, M|
|poke|p2|Iron Boulder|
|poke|p2|Walking Wake|
|poke|p2|Cinderace, M|
|teampreview
|inactive|Battle timer is ON: inactive players will automatically lose when time's up. (requested by vondvtch)
|
|t:|1760803786
|teamsize|p1|6
|teamsize|p2|6
|start
|switch|p1a: Goodra|Goodra, F|100/100
|switch|p2a: Ninetales|Ninetales, M|100/100
|-weather|SunnyDay|[from] ability: Drought|[of] p2a: Ninetales
|turn|1
|
|t:|1760803797
|switch|p2a: Victreebel|Victreebel, F, shiny|100/100
|move|p1a: Goodra|Sludge Bomb|p2a: Victreebel
|-damage|p2a: Victreebel|72/100
|
|-weather|SunnyDay|[upkeep]
|upkeep
|turn|2
|
|t:|1760803801
|move|p2a: Victreebel|Knock Off|p1a: Goodra
|-damage|p1a: Goodra|73/100
|-ability|p1a: Goodra|Gooey
|-unboost|p2a: Victreebel|spe|1
|-enditem|p1a: Goodra|Assault Vest|[from] move: Knock Off|[of] p2a: Victreebel
|move|p1a: Goodra|Flamethrower|p2a: Victreebel
|-supereffective|p2a: Victreebel
|-damage|p2a: Victreebel|0 fnt
|faint|p2a: Victreebel
|
|-weather|SunnyDay|[upkeep]
|upkeep
|
|t:|1760803813
|switch|p2a: Walking Wake|Walking Wake|100/100
|-activate|p2a: Walking Wake|ability: Protosynthesis
|-start|p2a: Walking Wake|protosynthesisspa
|turn|3
|
|t:|1760803819
|move|p2a: Walking Wake|Draco Meteor|p1a: Goodra
|-supereffective|p1a: Goodra
|-damage|p1a: Goodra|0 fnt
|-unboost|p2a: Walking Wake|spa|2
|faint|p1a: Goodra
|
|-weather|SunnyDay|[upkeep]
|upkeep
|
|t:|1760803848
|switch|p1a: Haxorus|Haxorus, F, shiny|100/100
|-ability|p1a: Haxorus|Mold Breaker
|turn|4
|
|t:|1760803855
|-end|p2a: Walking Wake|Protosynthesis|[silent]
|switch|p2a: Cinderace|Cinderace, M|100/100
|move|p1a: Haxorus|Outrage|p2a: Cinderace
|-damage|p2a: Cinderace|0 fnt
|faint|p2a: Cinderace
|
|-weather|SunnyDay|[upkeep]
|upkeep
|
|t:|1760803864
|switch|p2a: Walking Wake|Walking Wake|100/100
|-activate|p2a: Walking Wake|ability: Protosynthesis
|-start|p2a: Walking Wake|protosynthesisspa
|turn|5
|
|t:|1760803877
|move|p2a: Walking Wake|Draco Meteor|p1a: Haxorus
|-supereffective|p1a: Haxorus
|-enditem|p1a: Haxorus|Focus Sash
|-damage|p1a: Haxorus|1/100
|-unboost|p2a: Walking Wake|spa|2
|move|p1a: Haxorus|Outrage|p2a: Walking Wake|[from] lockedmove
|-supereffective|p2a: Walking Wake
|-damage|p2a: Walking Wake|0 fnt
|faint|p2a: Walking Wake
|-end|p2a: Walking Wake|Protosynthesis|[silent]
|-start|p1a: Haxorus|confusion|[fatigue]
|
|-weather|SunnyDay|[upkeep]
|upkeep
|
|t:|1760803885
|switch|p2a: Charizard|Charizard, M|100/100
|turn|6
|
|t:|1760803892
|move|p2a: Charizard|Air Slash|p1a: Haxorus
|-damage|p1a: Haxorus|0 fnt
|faint|p1a: Haxorus
|
|-weather|SunnyDay|[upkeep]
|-damage|p2a: Charizard|88/100|[from] ability: Solar Power|[of] p2a: Charizard
|upkeep
|
|t:|1760803909
|switch|p1a: Salamence|Salamence, F|100/100
|turn|7
|
|t:|1760803912
|move|p2a: Charizard|Air Slash|p1a: Salamence|[miss]
|-miss|p2a: Charizard|p1a: Salamence
|move|p1a: Salamence|Outrage|p2a: Charizard
|-damage|p2a: Charizard|0 fnt
|faint|p2a: Charizard
|-ability|p1a: Salamence|Moxie|boost
|-boost|p1a: Salamence|atk|1
|
|-weather|SunnyDay|[upkeep]
|upkeep
|
|t:|1760803914
|switch|p2a: Iron Boulder|Iron Boulder|100/100
|-enditem|p2a: Iron Boulder|Booster Energy
|-activate|p2a: Iron Boulder|ability: Quark Drive|[fromitem]
|-start|p2a: Iron Boulder|quarkdrivespe
|turn|8
|
|t:|1760803919
|move|p2a: Iron Boulder|Mighty Cleave|p1a: Salamence
|-supereffective|p1a: Salamence
|-damage|p1a: Salamence|0 fnt
|faint|p1a: Salamence
|
|-weather|none
|upkeep
|
|t:|1760803935
|switch|p1a: Dragonite|Dragonite, F|100/100
|turn|9
|
|t:|1760803940
|move|p2a: Iron Boulder|Swords Dance|p2a: Iron Boulder
|-boost|p2a: Iron Boulder|atk|2
|move|p1a: Dragonite|Hurricane|p2a: Iron Boulder
|-resisted|p2a: Iron Boulder
|-damage|p2a: Iron Boulder|77/100
|-start|p2a: Iron Boulder|confusion
|
|upkeep
|turn|10
|
|t:|1760803946
|-activate|p2a: Iron Boulder|confusion
|move|p2a: Iron Boulder|Mighty Cleave|p1a: Dragonite
|-supereffective|p1a: Dragonite
|-damage|p1a: Dragonite|0 fnt
|faint|p1a: Dragonite
|
|upkeep
|
|t:|1760803949
|switch|p1a: Garchomp|Garchomp, F|100/100
|turn|11
|
|t:|1760803953
|-terastallize|p2a: Iron Boulder|Grass
|-activate|p2a: Iron Boulder|confusion
|move|p2a: Iron Boulder|Solar Blade||[still]
|-prepare|p2a: Iron Boulder|Solar Blade
|move|p1a: Garchomp|Outrage|p2a: Iron Boulder
|-damage|p2a: Iron Boulder|2/100
|
|upkeep
|turn|12
|
|t:|1760803960
|-end|p2a: Iron Boulder|confusion
|move|p2a: Iron Boulder|Solar Blade|p1a: Garchomp|[from] lockedmove
|-damage|p1a: Garchomp|0 fnt
|-damage|p2a: Iron Boulder|0 fnt|[from] ability: Rough Skin|[of] p1a: Garchomp
|faint|p1a: Garchomp
|faint|p2a: Iron Boulder
|-end|p2a: Iron Boulder|Quark Drive|[silent]
|
|upkeep
|
|t:|1760803965
|switch|p2a: Ninetales|Ninetales, M|100/100
|switch|p1a: Cyclizar|Cyclizar, F|100/100
|-weather|SunnyDay|[from] ability: Drought|[of] p2a: Ninetales
|turn|13
|c|☆MonsterZogg|wow
|c|☆MonsterZogg|whos the stronger shitmon
|
|t:|1760803977
|move|p1a: Cyclizar|Knock Off|p2a: Ninetales
|-damage|p2a: Ninetales|59/100
|-enditem|p2a: Ninetales|Heat Rock|[from] move: Knock Off|[of] p1a: Cyclizar
|move|p2a: Ninetales|Overheat|p1a: Cyclizar
|-resisted|p1a: Cyclizar
|-damage|p1a: Cyclizar|41/100
|-unboost|p2a: Ninetales|spa|2
|
|-weather|SunnyDay|[upkeep]
|upkeep
|turn|14
|
|t:|1760803982
|move|p1a: Cyclizar|Crunch|p2a: Ninetales
|-damage|p2a: Ninetales|22/100
|-unboost|p2a: Ninetales|def|1
|move|p2a: Ninetales|Overheat|p1a: Cyclizar
|-resisted|p1a: Cyclizar
|-damage|p1a: Cyclizar|12/100
|-unboost|p2a: Ninetales|spa|2
|
|-weather|SunnyDay|[upkeep]
|upkeep
|turn|15
|
|t:|1760803986
|move|p1a: Cyclizar|Crunch|p2a: Ninetales
|-damage|p2a: Ninetales|0 fnt
|faint|p2a: Ninetales
|
|win|MonsterZogg
|raw|MonsterZogg's rating: 1106 &rarr; <strong>1130</strong><br />(+24 for winning)
|raw|vondvtch's rating: 1097 &rarr; <strong>1073</strong><br />(-24 for losing)
|l|☆vondvtch
|player|p2|
|c|☆MonsterZogg|ggs man
