|j|☆sumumufu
|j|☆daitav
|t:|1760762857
|gametype|singles
|player|p1|sumumufu|2|1151
|player|p2|daitav|266|1199
|gen|9
|tier|[Gen 9] OU
|rated|
|rule|HP Percentage Mod: HP is shown in percentages
|rule|Endless Battle Clause: Forcing endless battles is banned
|rule|Species Clause: Limit one of each Pokémon
|rule|OHKO Clause: OHKO moves are banned
|rule|Evasion Items Clause: Evasion items are banned
|rule|Evasion Moves Clause: Evasion moves are banned
|rule|Evasion Abilities Clause: Evasion abilities are banned
|rule|Sleep Moves Clause: Sleep-inducing moves are banned
|clearpoke
|poke|p1|Tyranitar, M|
|poke|p1|Hippowdon, M|
|poke|p1|Excadrill, F|
|poke|p1|Tentacruel, F|
|poke|p1|Pelipper, M|
|poke|p1|Goodra-Hisui, F|
|poke|p2|Weavile, M|
|poke|p2|Slowking-Galar, F|
|poke|p2|Scizor, F|
|poke|p2|Landorus-Therian, M|
|poke|p2|Cinderace, M|
|poke|p2|Samurott-Hisui, M|
|teampreview
|inactive|Battle timer is ON: inactive players will automatically lose when time's up. (requested by daitav)
|
|t:|1760762870
|teamsize|p1|6
|teamsize|p2|6
|start
|switch|p1a: Hippowdon|Hippowdon, M|100/100
|switch|p2a: Samurott|Samurott-Hisui, M|100/100
|-weather|Sandstorm|[from] ability: Sand Stream|[of] p1a: Hippowdon
|turn|1
|
|t:|1760762882
|switch|p1a: Goodra|Goodra-Hisui, F|100/100
|move|p2a: Samurott|Ceaseless Edge|p1a: Goodra|[miss]
|-miss|p2a: Samurott|p1a: Goodra
|
|-weather|Sandstorm|[upkeep]
|-damage|p2a: Samurott|94/100|[from] Sandstorm
|upkeep
|turn|2
|
|t:|1760762896
|move|p2a: Samurott|Ceaseless Edge|p1a: Goodra
|-damage|p1a: Goodra|57/100
|-sidestart|p1: sumumufu|Spikes
|move|p1a: Goodra|Weather Ball|p2a: Samurott
|-damage|p2a: Samurott|42/100
|
|-weather|Sandstorm|[upkeep]
|-damage|p2a: Samurott|36/100|[from] Sandstorm
|-heal|p1a: Goodra|63/100|[from] item: Leftovers
|upkeep
|turn|3
|
|t:|1760762908
|switch|p2a: Slowking|Slowking-Galar, F|100/100
|move|p1a: Goodra|Weather Ball|p2a: Slowking
|-damage|p2a: Slowking|80/100
|
|-weather|Sandstorm|[upkeep]
|-damage|p2a: Slowking|74/100|[from] Sandstorm
|-heal|p1a: Goodra|69/100|[from] item: Leftovers
|upkeep
|turn|4
|
|t:|1760762920
|move|p1a: Goodra|Flash Cannon|p2a: Slowking
|-damage|p2a: Slowking|51/100
|-unboost|p2a: Slowking|spd|1
|-prepare|p2a: Slowking|Chilly Reception|[premajor]
|move|p2a: Slowking|Chilly Reception|p2a: Slowking
|-weather|Snowscape
|
|t:|1760762930
|switch|p2a: Landorus|Landorus-Therian, M|100/100|[from] Chilly Reception
|-ability|p2a: Landorus|Intimidate|boost
|-unboost|p1a: Goodra|atk|1
|
|-weather|Snowscape|[upkeep]
|-heal|p1a: Goodra|75/100|[from] item: Leftovers
|upkeep
|turn|5
|
|t:|1760762942
|move|p2a: Landorus|Stealth Rock|p1a: Goodra
|-sidestart|p1: sumumufu|move: Stealth Rock
|move|p1a: Goodra|Weather Ball|p2a: Landorus
|-supereffective|p2a: Landorus
|-damage|p2a: Landorus|0 fnt
|faint|p2a: Landorus
|
|-weather|Snowscape|[upkeep]
|-heal|p1a: Goodra|81/100|[from] item: Leftovers
|upkeep
|
|t:|1760762956
|switch|p2a: Cinderace|Cinderace, M|100/100
|turn|6
|
|t:|1760762962
|switch|p1a: Pelipper|Pelipper, M|100/100
|-damage|p1a: Pelipper|76/100|[from] Stealth Rock
|-weather|RainDance|[from] ability: Drizzle|[of] p1a: Pelipper
|move|p2a: Cinderace|Pyro Ball|p1a: Pelipper
|-resisted|p1a: Pelipper
|-damage|p1a: Pelipper|65/100
|
|-weather|RainDance|[upkeep]
|upkeep
|turn|7
|
|t:|1760762973
|move|p2a: Cinderace|U-turn|p1a: Pelipper
|-start|p2a: Cinderace|typechange|Bug|[from] ability: Libero
|-resisted|p1a: Pelipper
|-damage|p1a: Pelipper|52/100
|
|t:|1760762978
|switch|p2a: Slowking|Slowking-Galar, F|84/100|[from] U-turn
|move|p1a: Pelipper|Surf|p2a: Slowking
|-damage|p2a: Slowking|55/100
|
|-weather|RainDance|[upkeep]
|upkeep
|turn|8
|
|t:|1760762987
|switch|p1a: Tentacruel|Tentacruel, F|100/100
|-damage|p1a: Tentacruel|88/100|[from] Spikes
|-damage|p1a: Tentacruel|76/100|[from] Stealth Rock
|-prepare|p2a: Slowking|Chilly Reception|[premajor]
|move|p2a: Slowking|Chilly Reception|p2a: Slowking
|-weather|Snowscape
|
|t:|1760762992
|switch|p2a: Samurott|Samurott-Hisui, M|36/100|[from] Chilly Reception
|
|-weather|Snowscape|[upkeep]
|-heal|p1a: Tentacruel|82/100|[from] item: Black Sludge
|upkeep
|turn|9
|
|t:|1760763003
|move|p2a: Samurott|Ceaseless Edge|p1a: Tentacruel
|-damage|p1a: Tentacruel|24/100
|-sidestart|p1: sumumufu|Spikes
|move|p1a: Tentacruel|Rapid Spin|p2a: Samurott
|-damage|p2a: Samurott|26/100
|-boost|p1a: Tentacruel|spe|1
|-sideend|p1: sumumufu|Spikes|[from] move: Rapid Spin|[of] p1a: Tentacruel
|-sideend|p1: sumumufu|Stealth Rock|[from] move: Rapid Spin|[of] p1a: Tentacruel
|
|-weather|Snowscape|[upkeep]
|-heal|p1a: Tentacruel|30/100|[from] item: Black Sludge
|upkeep
|turn|10
|
|t:|1760763016
|move|p2a: Samurott|Ceaseless Edge|p1a: Tentacruel
|-damage|p1a: Tentacruel|0 fnt
|-sidestart|p1: sumumufu|Spikes
|faint|p1a: Tentacruel
|
|-weather|Snowscape|[upkeep]
|upkeep
|
|t:|1760763025
|switch|p1a: Goodra|Goodra-Hisui, F|81/100
|-damage|p1a: Goodra|68/100|[from] Spikes
|turn|11
|
|t:|1760763030
|move|p2a: Samurott|Ceaseless Edge|p1a: Goodra
|-damage|p1a: Goodra|21/100
|-sidestart|p1: sumumufu|Spikes
|move|p1a: Goodra|Weather Ball|p2a: Samurott
|-resisted|p2a: Samurott
|-damage|p2a: Samurott|1/100
|
|-weather|Snowscape|[upkeep]
|-heal|p1a: Goodra|27/100|[from] item: Leftovers
|upkeep
|turn|12
|
|t:|1760763042
|switch|p1a: Hippowdon|Hippowdon, M|100/100
|-damage|p1a: Hippowdon|84/100|[from] Spikes
|-weather|Sandstorm|[from] ability: Sand Stream|[of] p1a: Hippowdon
|move|p2a: Samurott|Ceaseless Edge|p1a: Hippowdon
|-damage|p1a: Hippowdon|61/100
|-sidestart|p1: sumumufu|Spikes
|
|-weather|Sandstorm|[upkeep]
|-damage|p2a: Samurott|0 fnt|[from] Sandstorm
|faint|p2a: Samurott
|upkeep
|
|t:|1760763061
|switch|p2a: Weavile|Weavile, M|100/100
|-ability|p2a: Weavile|Pressure
|turn|13
|
|t:|1760763069
|move|p2a: Weavile|Triple Axel|p1a: Hippowdon
|-supereffective|p1a: Hippowdon
|-damage|p1a: Hippowdon|51/100
|-supereffective|p1a: Hippowdon
|-damage|p1a: Hippowdon|31/100
|-supereffective|p1a: Hippowdon
|-damage|p1a: Hippowdon|2/100
|-hitcount|p1a: Hippowdon|3
|move|p1a: Hippowdon|Earthquake|p2a: Weavile
|-damage|p2a: Weavile|38/100
|
|-weather|Sandstorm|[upkeep]
|-damage|p2a: Weavile|32/100|[from] Sandstorm
|upkeep
|turn|14
|
|t:|1760763081
|move|p2a: Weavile|Knock Off|p1a: Hippowdon
|-damage|p1a: Hippowdon|0 fnt
|-enditem|p1a: Hippowdon|Smooth Rock|[from] move: Knock Off|[of] p2a: Weavile
|faint|p1a: Hippowdon
|
|-weather|Sandstorm|[upkeep]
|-damage|p2a: Weavile|26/100|[from] Sandstorm
|upkeep
|
|t:|1760763090
|switch|p1a: Excadrill|Excadrill, F|100/100
|-item|p1a: Excadrill|Air Balloon
|turn|15
|
|t:|1760763106
|switch|p2a: Cinderace|Cinderace, M|100/100
|move|p1a: Excadrill|Swords Dance|p1a: Excadrill
|-boost|p1a: Excadrill|atk|2
|
|-weather|Sandstorm|[upkeep]
|-damage|p2a: Cinderace|95/100|[from] Sandstorm
|upkeep
|turn|16
|
|t:|1760763115
|-terastallize|p1a: Excadrill|Ground
|move|p2a: Cinderace|Sucker Punch|p1a: Excadrill
|-start|p2a: Cinderace|typechange|Dark|[from] ability: Libero
|-damage|p1a: Excadrill|53/100
|-enditem|p1a: Excadrill|Air Balloon
|move|p1a: Excadrill|Earthquake|p2a: Cinderace
|-damage|p2a: Cinderace|0 fnt
|faint|p2a: Cinderace
|
|-weather|Sandstorm|[upkeep]
|upkeep
|
|t:|1760763138
|switch|p2a: Weavile|Weavile, M|26/100
|-ability|p2a: Weavile|Pressure
|turn|17
|
|t:|1760763143
|-terastallize|p2a: Weavile|Ice
|move|p2a: Weavile|Ice Shard|p1a: Excadrill
|-supereffective|p1a: Excadrill
|-damage|p1a: Excadrill|0 fnt
|faint|p1a: Excadrill
|
|-weather|Sandstorm|[upkeep]
|-damage|p2a: Weavile|20/100|[from] Sandstorm
|upkeep
|
|t:|1760763152
|switch|p1a: Tyranitar|Tyranitar, M|100/100
|-damage|p1a: Tyranitar|75/100|[from] Spikes
|turn|18
|
|t:|1760763157
|move|p2a: Weavile|Triple Axel|p1a: Tyranitar
|-damage|p1a: Tyranitar|64/100
|-damage|p1a: Tyranitar|42/100
|-damage|p1a: Tyranitar|10/100
|-hitcount|p1a: Tyranitar|3
|move|p1a: Tyranitar|Earthquake|p2a: Weavile
|-damage|p2a: Weavile|0 fnt
|faint|p2a: Weavile
|
|-weather|Sandstorm|[upkeep]
|upkeep
|
|t:|1760763165
|switch|p2a: Scizor|Scizor, F|100/100
|turn|19
|
|t:|1760763173
|switch|p1a: Pelipper|Pelipper, M|52/100
|-weather|RainDance|[from] ability: Drizzle|[of] p1a: Pelipper
|move|p2a: Scizor|U-turn|p1a: Pelipper
|-resisted|p1a: Pelipper
|-damage|p1a: Pelipper|29/100
|
|t:|1760763180
|switch|p2a: Slowking|Slowking-Galar, F|89/100|[from] U-turn
|
|-weather|RainDance|[upkeep]
|upkeep
|turn|20
|
|t:|1760763185
|move|p1a: Pelipper|Roost|p1a: Pelipper
|-heal|p1a: Pelipper|79/100
|-singleturn|p1a: Pelipper|move: Roost
|move|p2a: Slowking|Sludge Bomb|p1a: Pelipper
|-damage|p1a: Pelipper|29/100
|-status|p1a: Pelipper|psn
|
|-weather|RainDance|[upkeep]
|-damage|p1a: Pelipper|17/100 psn|[from] psn
|upkeep
|turn|21
|
|t:|1760763197
|move|p1a: Pelipper|Hurricane|p2a: Slowking
|-damage|p2a: Slowking|69/100
|move|p2a: Slowking|Future Sight|p1a: Pelipper
|-start|p2a: Slowking|move: Future Sight
|
|-weather|RainDance|[upkeep]
|-damage|p1a: Pelipper|5/100 psn|[from] psn
|upkeep
|turn|22
|
|t:|1760763205
|move|p1a: Pelipper|Hurricane|p2a: Slowking
|-damage|p2a: Slowking|46/100
|-prepare|p2a: Slowking|Chilly Reception|[premajor]
|move|p2a: Slowking|Chilly Reception|p2a: Slowking
|-weather|Snowscape
|
|t:|1760763212
|switch|p2a: Scizor|Scizor, F|100/100|[from] Chilly Reception
|
|-weather|Snowscape|[upkeep]
|-damage|p1a: Pelipper|0 fnt|[from] psn
|faint|p1a: Pelipper
|upkeep
|
|t:|1760763220
|switch|p1a: Goodra|Goodra-Hisui, F|27/100
|-damage|p1a: Goodra|2/100|[from] Spikes
|turn|23
|
|t:|1760763230
|move|p2a: Scizor|Bullet Punch|p1a: Goodra
|-resisted|p1a: Goodra
|-damage|p1a: Goodra|0 fnt
|faint|p1a: Goodra
|
|-weather|Snowscape|[upkeep]
|-hint|Future Sight did not hit because the target is fainted.
|upkeep
|-message|sumumufu forfeited.
|
|win|daitav
|raw|sumumufu's rating: 1151 &rarr; <strong>1129</strong><br />(-22 for losing)
|raw|daitav's rating: 1199 &rarr; <strong>1221</strong><br />(+22 for winning)
|l|☆sumumufu
|player|p1|
|l|☆daitav
|player|p2|
