|badge|p1|bronze|gen9ou|100-7
|uhtml|medal-msg|<div class="broadcast-blue">Curious what those medals under the avatar are? PS now has Ladder Seasons! For more information, check out the <a href="https://www.smogon.com/forums/threads/3740067/">thread on Smogon.</a></div>
|j|☆xdye
|j|☆mir merchant
|t:|1760820921
|gametype|singles
|player|p1|xdye|iris-gen5bw2|1844
|player|p2|mir merchant|170|1826
|gen|9
|tier|[Gen 9] OU
|rated|
|rule|HP Percentage Mod: HP is shown in percentages
|rule|Endless Battle Clause: Forcing endless battles is banned
|rule|Species Clause: Limit one of each Pokémon
|rule|OHKO Clause: OHKO moves are banned
|rule|Evasion Items Clause: Evasion items are banned
|rule|Evasion Moves Clause: Evasion moves are banned
|rule|Evasion Abilities Clause: Evasion abilities are banned
|rule|Sleep Moves Clause: Sleep-inducing moves are banned
|clearpoke
|poke|p1|Blissey, F|
|poke|p1|Gliscor, M|
|poke|p1|Mandibuzz, F|
|poke|p1|Pecharunt|
|poke|p1|Talonflame, F|
|poke|p1|Toxapex, M|
|poke|p2|Raging Bolt|
|poke|p2|Iron Treads|
|poke|p2|Ting-Lu|
|poke|p2|Gholdengo|
|poke|p2|Zamazenta-*|
|poke|p2|Tornadus-Therian, M|
|teampreview
|c|☆xdye|hf
|inactive|Battle timer is ON: inactive players will automatically lose when time's up. (requested by mir merchant)
|
|t:|1760820935
|teamsize|p1|6
|teamsize|p2|6
|start
|switch|p1a: Toxapex|Toxapex, M|100/100
|switch|p2a: Ting-Lu|Ting-Lu|100/100
|-ability|p2a: Ting-Lu|Vessel of Ruin
|turn|1
|
|t:|1760820939
|move|p2a: Ting-Lu|Earthquake|p1a: Toxapex
|-supereffective|p1a: Toxapex
|-damage|p1a: Toxapex|34/100
|move|p1a: Toxapex|Toxic|p2a: Ting-Lu
|-status|p2a: Ting-Lu|tox
|
|-damage|p2a: Ting-Lu|94/100 tox|[from] psn
|upkeep
|turn|2
|
|t:|1760820943
|switch|p1a: Gliscor|Gliscor, M|100/100
|move|p2a: Ting-Lu|Stealth Rock|p1a: Gliscor
|-sidestart|p1: xdye|move: Stealth Rock
|
|-damage|p2a: Ting-Lu|82/100 tox|[from] psn
|-status|p1a: Gliscor|tox|[from] item: Toxic Orb
|upkeep
|turn|3
|
|t:|1760820946
|switch|p2a: Tornadus|Tornadus-Therian, M|100/100
|move|p1a: Gliscor|Spikes|p2a: Tornadus
|-sidestart|p2: mir merchant|Spikes
|
|upkeep
|turn|4
|
|t:|1760820948
|move|p2a: Tornadus|Nasty Plot|p2a: Tornadus
|-boost|p2a: Tornadus|spa|2
|move|p1a: Gliscor|Knock Off|p2a: Tornadus
|-damage|p2a: Tornadus|70/100
|-enditem|p2a: Tornadus|Life Orb|[from] move: Knock Off|[of] p1a: Gliscor
|
|upkeep
|turn|5
|
|t:|1760820953
|switch|p1a: Toxapex|Toxapex, M|68/100
|move|p2a: Tornadus|Nasty Plot|p2a: Tornadus
|-boost|p2a: Tornadus|spa|2
|
|upkeep
|turn|6
|
|t:|1760820957
|switch|p1a: Blissey|Blissey, F|100/100
|move|p2a: Tornadus|Bleakwind Storm|p1a: Blissey|[miss]
|-miss|p2a: Tornadus|p1a: Blissey
|
|upkeep
|turn|7
|
|t:|1760820962
|move|p2a: Tornadus|Focus Blast|p1a: Blissey
|-supereffective|p1a: Blissey
|-damage|p1a: Blissey|28/100
|move|p1a: Blissey|Calm Mind|p1a: Blissey
|-boost|p1a: Blissey|spa|1
|-boost|p1a: Blissey|spd|1
|
|upkeep
|turn|8
|
|t:|1760820966
|switch|p1a: Toxapex|Toxapex, M|100/100
|move|p2a: Tornadus|Focus Blast|p1a: Toxapex
|-resisted|p1a: Toxapex
|-damage|p1a: Toxapex|67/100
|
|upkeep
|turn|9
|
|t:|1760820975
|switch|p1a: Blissey|Blissey, F|28/100
|move|p2a: Tornadus|Bleakwind Storm|p1a: Blissey|[miss]
|-miss|p2a: Tornadus|p1a: Blissey
|
|upkeep
|turn|10
|
|t:|1760820982
|-terastallize|p2a: Tornadus|Dark
|move|p2a: Tornadus|Dark Pulse|p1a: Blissey
|-damage|p1a: Blissey|0 fnt
|faint|p1a: Blissey
|
|upkeep
|
|t:|1760820985
|switch|p1a: Toxapex|Toxapex, M|100/100
|turn|11
|
|t:|1760820987
|move|p2a: Tornadus|Bleakwind Storm|p1a: Toxapex
|-damage|p1a: Toxapex|5/100
|move|p1a: Toxapex|Haze|p1a: Toxapex
|-clearallboost
|
|upkeep
|turn|12
|
|t:|1760820991
|move|p2a: Tornadus|Dark Pulse|p1a: Toxapex
|-damage|p1a: Toxapex|0 fnt
|faint|p1a: Toxapex
|
|upkeep
|
|t:|1760821004
|switch|p1a: Gliscor|Gliscor, M|100/100 tox
|-damage|p1a: Gliscor|88/100 tox|[from] Stealth Rock
|turn|13
|
|t:|1760821009
|switch|p2a: Iron Treads|Iron Treads|100/100
|-damage|p2a: Iron Treads|88/100|[from] Spikes
|-enditem|p2a: Iron Treads|Booster Energy
|-activate|p2a: Iron Treads|ability: Quark Drive|[fromitem]
|-start|p2a: Iron Treads|quarkdrivespe
|move|p1a: Gliscor|Earthquake|p2a: Iron Treads
|-supereffective|p2a: Iron Treads
|-damage|p2a: Iron Treads|32/100
|
|-heal|p1a: Gliscor|100/100 tox|[from] ability: Poison Heal
|upkeep
|turn|14
|
|t:|1760821014
|switch|p1a: Talonflame|Talonflame, F|100/100
|move|p2a: Iron Treads|Ice Spinner|p1a: Talonflame
|-damage|p1a: Talonflame|77/100
|
|upkeep
|turn|15
|
|t:|1760821018
|move|p2a: Iron Treads|Stone Edge|p1a: Talonflame|[miss]
|-miss|p2a: Iron Treads|p1a: Talonflame
|move|p1a: Talonflame|Flamethrower|p2a: Iron Treads
|-supereffective|p2a: Iron Treads
|-damage|p2a: Iron Treads|0 fnt
|faint|p2a: Iron Treads
|-end|p2a: Iron Treads|Quark Drive|[silent]
|
|upkeep
|
|t:|1760821022
|switch|p2a: Raging Bolt|Raging Bolt|100/100
|-damage|p2a: Raging Bolt|88/100|[from] Spikes
|-enditem|p2a: Raging Bolt|Booster Energy
|-activate|p2a: Raging Bolt|ability: Protosynthesis|[fromitem]
|-start|p2a: Raging Bolt|protosynthesisspa
|turn|16
|
|t:|1760821031
|move|p1a: Talonflame|Will-O-Wisp|p2a: Raging Bolt|[miss]
|-miss|p1a: Talonflame|p2a: Raging Bolt
|move|p2a: Raging Bolt|Dragon Pulse|p1a: Talonflame
|-damage|p1a: Talonflame|0 fnt
|faint|p1a: Talonflame
|
|upkeep
|
|t:|1760821033
|switch|p1a: Gliscor|Gliscor, M|100/100 tox
|-damage|p1a: Gliscor|88/100 tox|[from] Stealth Rock
|turn|17
|
|t:|1760821038
|move|p1a: Gliscor|Earthquake|p2a: Raging Bolt
|-supereffective|p2a: Raging Bolt
|-damage|p2a: Raging Bolt|32/100
|move|p2a: Raging Bolt|Dragon Pulse|p1a: Gliscor
|-damage|p1a: Gliscor|28/100 tox
|
|-heal|p1a: Gliscor|41/100 tox|[from] ability: Poison Heal
|upkeep
|turn|18
|
|t:|1760821044
|-end|p2a: Raging Bolt|Protosynthesis|[silent]
|switch|p2a: Gholdengo|Gholdengo|100/100
|-item|p2a: Gholdengo|Air Balloon
|move|p1a: Gliscor|Earthquake|p2a: Gholdengo
|-immune|p2a: Gholdengo
|
|-heal|p1a: Gliscor|53/100 tox|[from] ability: Poison Heal
|upkeep
|turn|19
|
|t:|1760821050
|move|p2a: Gholdengo|Nasty Plot|p2a: Gholdengo
|-boost|p2a: Gholdengo|spa|2
|move|p1a: Gliscor|Knock Off|p2a: Gholdengo
|-supereffective|p2a: Gholdengo
|-damage|p2a: Gholdengo|59/100
|-enditem|p2a: Gholdengo|Air Balloon
|
|-heal|p1a: Gliscor|66/100 tox|[from] ability: Poison Heal
|upkeep
|turn|20
|
|t:|1760821053
|move|p1a: Gliscor|Protect|p1a: Gliscor
|-singleturn|p1a: Gliscor|Protect
|move|p2a: Gholdengo|Make It Rain|p1a: Gliscor
|-activate|p1a: Gliscor|move: Protect
|
|-heal|p1a: Gliscor|78/100 tox|[from] ability: Poison Heal
|upkeep
|turn|21
|
|t:|1760821072
|move|p2a: Gholdengo|Make It Rain|p1a: Gliscor
|-damage|p1a: Gliscor|0 fnt
|-unboost|p2a: Gholdengo|spa|1
|faint|p1a: Gliscor
|
|upkeep
|
|t:|1760821076
|switch|p1a: Mandibuzz|Mandibuzz, F|100/100
|turn|22
|
|t:|1760821078
|move|p2a: Gholdengo|Make It Rain|p1a: Mandibuzz
|-damage|p1a: Mandibuzz|21/100
|-unboost|p2a: Gholdengo|spa|1
|move|p1a: Mandibuzz|Foul Play|p2a: Gholdengo
|-supereffective|p2a: Gholdengo
|-damage|p2a: Gholdengo|28/100
|
|upkeep
|turn|23
|
|t:|1760821083
|move|p2a: Gholdengo|Recover|p2a: Gholdengo
|-heal|p2a: Gholdengo|78/100
|move|p1a: Mandibuzz|Foul Play|p2a: Gholdengo
|-supereffective|p2a: Gholdengo
|-damage|p2a: Gholdengo|51/100
|
|upkeep
|turn|24
|c|☆xdye|gg
|
|t:|1760821086
|move|p2a: Gholdengo|Nasty Plot|p2a: Gholdengo
|-boost|p2a: Gholdengo|spa|2
|move|p1a: Mandibuzz|Foul Play|p2a: Gholdengo
|-supereffective|p2a: Gholdengo
|-damage|p2a: Gholdengo|22/100
|
|upkeep
|turn|25
|
|t:|1760821090
|move|p2a: Gholdengo|Recover|p2a: Gholdengo
|-heal|p2a: Gholdengo|72/100
|move|p1a: Mandibuzz|Foul Play|p2a: Gholdengo
|-supereffective|p2a: Gholdengo
|-damage|p2a: Gholdengo|42/100
|
|upkeep
|turn|26
|
|t:|1760821092
|move|p2a: Gholdengo|Recover|p2a: Gholdengo
|-heal|p2a: Gholdengo|92/100
|move|p1a: Mandibuzz|Foul Play|p2a: Gholdengo
|-supereffective|p2a: Gholdengo
|-damage|p2a: Gholdengo|62/100
|
|upkeep
|turn|27
|
|t:|1760821094
|move|p2a: Gholdengo|Shadow Ball|p1a: Mandibuzz
|-resisted|p1a: Mandibuzz
|-damage|p1a: Mandibuzz|0 fnt
|faint|p1a: Mandibuzz
|
|upkeep
|
|t:|1760821096
|switch|p1a: Pecharunt|Pecharunt|100/100
|turn|28
|
|t:|1760821099
|-terastallize|p1a: Pecharunt|Dark
|move|p2a: Gholdengo|Shadow Ball|p1a: Pecharunt
|-resisted|p1a: Pecharunt
|-damage|p1a: Pecharunt|62/100
|-unboost|p1a: Pecharunt|spd|1
|move|p1a: Pecharunt|Foul Play|p2a: Gholdengo
|-supereffective|p2a: Gholdengo
|-damage|p2a: Gholdengo|33/100
|
|upkeep
|turn|29
|c|☆mir merchant|gg
|
|t:|1760821108
|move|p2a: Gholdengo|Make It Rain|p1a: Pecharunt
|-crit|p1a: Pecharunt
|-damage|p1a: Pecharunt|0 fnt
|-unboost|p2a: Gholdengo|spa|1
|faint|p1a: Pecharunt
|
|win|mir merchant
|raw|xdye's rating: 1844 &rarr; <strong>1823</strong><br />(-21 for losing)
|raw|mir merchant's rating: 1826 &rarr; <strong>1847</strong><br />(+21 for winning)
|l|☆mir merchant
|player|p2|
|l|☆xdye
|player|p1|
