|j|☆Dop a da
|j|☆ykykp
|t:|1760857286
|gametype|singles
|player|p1|Dop a da|1|1405
|player|p2|ykykp|170|1460
|gen|9
|tier|[Gen 9] OU
|rated|
|rule|HP Percentage Mod: HP is shown in percentages
|rule|Endless Battle Clause: Forcing endless battles is banned
|rule|Species Clause: Limit one of each Pokémon
|rule|OHKO Clause: OHKO moves are banned
|rule|Evasion Items Clause: Evasion items are banned
|rule|Evasion Moves Clause: Evasion moves are banned
|rule|Evasion Abilities Clause: Evasion abilities are banned
|rule|Sleep Moves Clause: Sleep-inducing moves are banned
|clearpoke
|poke|p1|Blastoise, F|
|poke|p1|Rillaboom, F|
|poke|p1|Great Tusk|
|poke|p1|Garganacl, F|
|poke|p1|Dragapult, F|
|poke|p1|Iron Moth|
|poke|p2|Gardevoir, F|
|poke|p2|Sylveon, F|
|poke|p2|Maushold-Four|
|poke|p2|Deoxys-Speed|
|poke|p2|Iron Moth|
|poke|p2|Dragonite, M|
|teampreview
|inactive|Battle timer is ON: inactive players will automatically lose when time's up. (requested by ykykp)
|
|t:|1760857303
|teamsize|p1|6
|teamsize|p2|6
|start
|switch|p1a: Garganacl|Garganacl, F|100/100
|switch|p2a: Iron Moth|Iron Moth|100/100
|-enditem|p2a: Iron Moth|Booster Energy
|-activate|p2a: Iron Moth|ability: Quark Drive|[fromitem]
|-start|p2a: Iron Moth|quarkdrivespe
|turn|1
|
|t:|1760857329
|move|p2a: Iron Moth|Substitute|p2a: Iron Moth
|-start|p2a: Iron Moth|Substitute
|-damage|p2a: Iron Moth|76/100
|move|p1a: Garganacl|Salt Cure|p2a: Iron Moth
|-supereffective|p2a: Iron Moth
|-end|p2a: Iron Moth|Substitute
|
|upkeep
|turn|2
|
|t:|1760857335
|move|p2a: Iron Moth|Energy Ball|p1a: Garganacl
|-supereffective|p1a: Garganacl
|-damage|p1a: Garganacl|58/100
|move|p1a: Garganacl|Salt Cure|p2a: Iron Moth
|-supereffective|p2a: Iron Moth
|-damage|p2a: Iron Moth|33/100
|-start|p2a: Iron Moth|Salt Cure
|
|-heal|p1a: Garganacl|64/100|[from] item: Leftovers
|-damage|p2a: Iron Moth|21/100|[from] Salt Cure
|upkeep
|turn|3
|
|t:|1760857343
|move|p2a: Iron Moth|Energy Ball|p1a: Garganacl
|-supereffective|p1a: Garganacl
|-damage|p1a: Garganacl|24/100
|move|p1a: Garganacl|Recover|p1a: Garganacl
|-heal|p1a: Garganacl|74/100
|
|-heal|p1a: Garganacl|80/100|[from] item: Leftovers
|-damage|p2a: Iron Moth|8/100|[from] Salt Cure
|upkeep
|turn|4
|
|t:|1760857347
|move|p2a: Iron Moth|Energy Ball|p1a: Garganacl
|-supereffective|p1a: Garganacl
|-damage|p1a: Garganacl|40/100
|move|p1a: Garganacl|Recover|p1a: Garganacl
|-heal|p1a: Garganacl|90/100
|
|-heal|p1a: Garganacl|96/100|[from] item: Leftovers
|-damage|p2a: Iron Moth|0 fnt|[from] Salt Cure
|faint|p2a: Iron Moth
|-end|p2a: Iron Moth|Quark Drive|[silent]
|upkeep
|
|t:|1760857355
|switch|p2a: Dragonite|Dragonite, M, shiny|100/100
|turn|5
|
|t:|1760857358
|move|p2a: Dragonite|Encore|p1a: Garganacl
|-start|p1a: Garganacl|Encore
|move|p1a: Garganacl|Recover|p1a: Garganacl
|-heal|p1a: Garganacl|100/100
|
|upkeep
|turn|6
|
|t:|1760857375
|switch|p1a: Dragapult|Dragapult, F|100/100
|move|p2a: Dragonite|Dragon Dance|p2a: Dragonite
|-boost|p2a: Dragonite|atk|1
|-boost|p2a: Dragonite|spe|1
|
|upkeep
|turn|7
|
|t:|1760857382
|-terastallize|p2a: Dragonite|Ghost
|move|p2a: Dragonite|Tera Blast|p1a: Dragapult|[anim] Tera Blast Ghost
|-supereffective|p1a: Dragapult
|-damage|p1a: Dragapult|0 fnt
|faint|p1a: Dragapult
|
|upkeep
|
|t:|1760857400
|switch|p1a: Rillaboom|Rillaboom, F|100/100
|-fieldstart|move: Grassy Terrain|[from] ability: Grassy Surge|[of] p1a: Rillaboom
|turn|8
|
|t:|1760857407
|move|p2a: Dragonite|Tera Blast|p1a: Rillaboom|[anim] Tera Blast Ghost
|-damage|p1a: Rillaboom|44/100
|move|p1a: Rillaboom|Knock Off|p2a: Dragonite
|-supereffective|p2a: Dragonite
|-damage|p2a: Dragonite|61/100
|-enditem|p2a: Dragonite|Heavy-Duty Boots|[from] move: Knock Off|[of] p1a: Rillaboom
|
|-heal|p2a: Dragonite|68/100|[from] Grassy Terrain
|-heal|p1a: Rillaboom|50/100|[from] Grassy Terrain
|upkeep
|turn|9
|
|t:|1760857416
|move|p2a: Dragonite|Tera Blast|p1a: Rillaboom|[anim] Tera Blast Ghost
|-damage|p1a: Rillaboom|0 fnt
|faint|p1a: Rillaboom
|
|-heal|p2a: Dragonite|74/100|[from] Grassy Terrain
|upkeep
|
|t:|1760857421
|switch|p1a: Great Tusk|Great Tusk|100/100
|turn|10
|inactive|ykykp has 120 seconds left.
|
|t:|1760857463
|move|p2a: Dragonite|Dragon Dance|p2a: Dragonite
|-boost|p2a: Dragonite|atk|1
|-boost|p2a: Dragonite|spe|1
|move|p1a: Great Tusk|Headlong Rush|p2a: Dragonite
|-damage|p2a: Dragonite|1/100
|-unboost|p1a: Great Tusk|def|1
|-unboost|p1a: Great Tusk|spd|1
|
|-heal|p2a: Dragonite|8/100|[from] Grassy Terrain
|upkeep
|turn|11
|
|t:|1760857475
|move|p2a: Dragonite|Tera Blast|p1a: Great Tusk|[anim] Tera Blast Ghost
|-damage|p1a: Great Tusk|5/100
|move|p1a: Great Tusk|Ice Spinner|p2a: Dragonite
|-damage|p2a: Dragonite|0 fnt
|-fieldend|move: Grassy Terrain
|faint|p2a: Dragonite
|
|upkeep
|
|t:|1760857483
|switch|p2a: Deoxys|Deoxys-Speed|100/100
|-ability|p2a: Deoxys|Pressure
|turn|12
|inactive|ykykp has 120 seconds left.
|
|t:|1760857496
|-end|p1a: Great Tusk|Protosynthesis|[silent]
|switch|p1a: Blastoise|Blastoise, F|100/100
|move|p2a: Deoxys|Knock Off|p1a: Blastoise
|-damage|p1a: Blastoise|66/100
|-enditem|p1a: Blastoise|White Herb|[from] move: Knock Off|[of] p2a: Deoxys
|-damage|p2a: Deoxys|91/100|[from] item: Life Orb
|
|upkeep
|turn|13
|inactive|ykykp has 120 seconds left.
|
|t:|1760857507
|move|p2a: Deoxys|Thunderbolt|p1a: Blastoise
|-supereffective|p1a: Blastoise
|-damage|p1a: Blastoise|4/100
|-damage|p2a: Deoxys|81/100|[from] item: Life Orb
|move|p1a: Blastoise|Surf|p2a: Deoxys
|-damage|p2a: Deoxys|0 fnt
|faint|p2a: Deoxys
|
|upkeep
|inactive|ykykp has 120 seconds left.
|
|t:|1760857514
|switch|p2a: Maushold|Maushold-Four|100/100
|turn|14
|
|t:|1760857519
|switch|p1a: Garganacl|Garganacl, F|100/100
|move|p2a: Maushold|Population Bomb|p1a: Garganacl
|-resisted|p1a: Garganacl
|-damage|p1a: Garganacl|97/100
|-resisted|p1a: Garganacl
|-damage|p1a: Garganacl|94/100
|-resisted|p1a: Garganacl
|-damage|p1a: Garganacl|91/100
|-resisted|p1a: Garganacl
|-damage|p1a: Garganacl|87/100
|-resisted|p1a: Garganacl
|-damage|p1a: Garganacl|84/100
|-resisted|p1a: Garganacl
|-damage|p1a: Garganacl|80/100
|-resisted|p1a: Garganacl
|-damage|p1a: Garganacl|76/100
|-resisted|p1a: Garganacl
|-damage|p1a: Garganacl|73/100
|-resisted|p1a: Garganacl
|-damage|p1a: Garganacl|69/100
|-resisted|p1a: Garganacl
|-damage|p1a: Garganacl|65/100
|-hitcount|p1a: Garganacl|10
|
|-heal|p1a: Garganacl|71/100|[from] item: Leftovers
|upkeep
|turn|15
|inactive|ykykp has 120 seconds left.
|
|t:|1760857543
|switch|p2a: Gardevoir|Gardevoir, F|100/100
|-ability|p2a: Gardevoir|Purifying Salt|Trace|[from] ability: Trace|[of] p1a: Garganacl
|move|p1a: Garganacl|Salt Cure|p2a: Gardevoir
|-crit|p2a: Gardevoir
|-damage|p2a: Gardevoir|81/100
|-start|p2a: Gardevoir|Salt Cure
|
|-heal|p1a: Garganacl|77/100|[from] item: Leftovers
|-damage|p2a: Gardevoir|68/100|[from] Salt Cure
|upkeep
|turn|16
|
|t:|1760857562
|switch|p1a: Blastoise|Blastoise, F|4/100
|move|p2a: Gardevoir|Psychic Noise|p1a: Blastoise
|-damage|p1a: Blastoise|0 fnt
|faint|p1a: Blastoise
|
|-damage|p2a: Gardevoir|56/100|[from] Salt Cure
|upkeep
|
|t:|1760857567
|switch|p1a: Iron Moth|Iron Moth|100/100
|-enditem|p1a: Iron Moth|Booster Energy
|-activate|p1a: Iron Moth|ability: Quark Drive|[fromitem]
|-start|p1a: Iron Moth|quarkdrivespe
|turn|17
|
|t:|1760857580
|switch|p2a: Maushold|Maushold-Four|100/100
|move|p1a: Iron Moth|Fiery Dance|p2a: Maushold
|-damage|p2a: Maushold|44/100
|
|upkeep
|turn|18
|
|t:|1760857587
|move|p1a: Iron Moth|Fiery Dance|p2a: Maushold
|-damage|p2a: Maushold|0 fnt
|-boost|p1a: Iron Moth|spa|1
|faint|p2a: Maushold
|
|upkeep
|
|t:|1760857591
|switch|p2a: Sylveon|Sylveon, F|100/100
|turn|19
|
|t:|1760857593
|move|p1a: Iron Moth|Sludge Wave|p2a: Sylveon
|-supereffective|p2a: Sylveon
|-damage|p2a: Sylveon|1/100
|move|p2a: Sylveon|Psyshock|p1a: Iron Moth
|-supereffective|p1a: Iron Moth
|-damage|p1a: Iron Moth|0 fnt
|faint|p1a: Iron Moth
|-end|p1a: Iron Moth|Quark Drive|[silent]
|
|upkeep
|
|t:|1760857598
|switch|p1a: Great Tusk|Great Tusk|5/100
|turn|20
|
|t:|1760857601
|switch|p2a: Gardevoir|Gardevoir, F|56/100
|move|p1a: Great Tusk|Rapid Spin|p2a: Gardevoir
|-damage|p2a: Gardevoir|40/100
|-boost|p1a: Great Tusk|spe|1
|-damage|p1a: Great Tusk|0 fnt|[from] item: Rocky Helmet|[of] p2a: Gardevoir
|faint|p1a: Great Tusk
|-end|p1a: Great Tusk|Protosynthesis|[silent]
|
|upkeep
|
|t:|1760857604
|switch|p1a: Garganacl|Garganacl, F|77/100
|-ability|p2a: Gardevoir|Purifying Salt|Trace|[from] ability: Trace|[of] p1a: Garganacl
|turn|21
|
|t:|1760857613
|move|p2a: Gardevoir|Psychic Noise|p1a: Garganacl
|-damage|p1a: Garganacl|56/100
|-start|p1a: Garganacl|move: Heal Block
|move|p1a: Garganacl|Salt Cure|p2a: Gardevoir
|-damage|p2a: Gardevoir|28/100
|-start|p2a: Gardevoir|Salt Cure
|
|-damage|p2a: Gardevoir|15/100|[from] Salt Cure
|upkeep
|turn|22
|
|t:|1760857624
|move|p2a: Gardevoir|Healing Wish|p2a: Gardevoir
|faint|p2a: Gardevoir
|move|p1a: Garganacl|Iron Defense|p1a: Garganacl
|-boost|p1a: Garganacl|def|2
|
|-end|p1a: Garganacl|move: Heal Block
|upkeep
|
|t:|1760857627
|switch|p2a: Sylveon|Sylveon, F|1/100
|-heal|p2a: Sylveon|100/100|[from] move: Healing Wish
|turn|23
|
|t:|1760857636
|move|p2a: Sylveon|Hyper Beam|p1a: Garganacl
|-damage|p1a: Garganacl|0 fnt
|-mustrecharge|p2a: Sylveon
|faint|p1a: Garganacl
|
|win|ykykp
|raw|Dop a da's rating: 1405 &rarr; <strong>1388</strong><br />(-17 for losing)
|raw|ykykp's rating: 1460 &rarr; <strong>1477</strong><br />(+17 for winning)
|l|☆Dop a da
|player|p1|
|l|☆ykykp
|player|p2|
