|j|☆Fragments
|j|☆V1C7ORYY
|inactive|Battle timer is ON: inactive players will automatically lose when time's up.
|t:|1760851450
|gametype|singles
|player|p1|Fragments|#bssplxespathras|
|player|p2|V1C7ORYY|bugcatcher-gen4dp|
|gen|9
|tier|[Gen 9] OU
|rated|Tournament battle
|rule|HP Percentage Mod: HP is shown in percentages
|rule|Endless Battle Clause: Forcing endless battles is banned
|rule|Species Clause: Limit one of each Pokémon
|rule|OHKO Clause: OHKO moves are banned
|rule|Evasion Items Clause: Evasion items are banned
|rule|Evasion Moves Clause: Evasion moves are banned
|rule|Evasion Abilities Clause: Evasion abilities are banned
|rule|Sleep Moves Clause: Sleep-inducing moves are banned
|clearpoke
|poke|p1|Skeledirge, M|
|poke|p1|Zamazenta-*|
|poke|p1|Ting-Lu|
|poke|p1|Clefable, F|
|poke|p1|Dragonite, F|
|poke|p1|Eelektross, F|
|poke|p2|Zamazenta-*|
|poke|p2|Ninetales-Alola, F|
|poke|p2|Darkrai|
|poke|p2|Ceruledge, M|
|poke|p2|Gliscor, M|
|poke|p2|Hatterene, F|
|teampreview
|j|*Lady Monita ☀
|j| BB-8-NU
|j| hepepi
|
|t:|1760851476
|teamsize|p1|6
|teamsize|p2|6
|start
|switch|p1a: Skeledirge|Skeledirge, M|100/100
|switch|p2a: Ninetales|Ninetales-Alola, F|100/100
|-weather|Snowscape|[from] ability: Snow Warning|[of] p2a: Ninetales
|turn|1
|j|+Etjx
|
|t:|1760851491
|move|p2a: Ninetales|Aurora Veil|p2a: Ninetales
|-sidestart|p2: V1C7ORYY|move: Aurora Veil
|move|p1a: Skeledirge|Torch Song|p2a: Ninetales
|-supereffective|p2a: Ninetales
|-damage|p2a: Ninetales|74/100
|-boost|p1a: Skeledirge|spa|1
|
|-weather|Snowscape|[upkeep]
|upkeep
|turn|2
|
|t:|1760851514
|switch|p2a: Ceruledge|Ceruledge, M|100/100
|move|p1a: Skeledirge|Earth Power|p2a: Ceruledge
|-supereffective|p2a: Ceruledge
|-damage|p2a: Ceruledge|74/100
|
|-weather|Snowscape|[upkeep]
|upkeep
|turn|3
|inactive|V1C7ORYY has 120 seconds left.
|
|t:|1760851539
|switch|p1a: Ting-Lu|Ting-Lu|100/100
|-ability|p1a: Ting-Lu|Vessel of Ruin
|move|p2a: Ceruledge|Bulk Up|p2a: Ceruledge
|-boost|p2a: Ceruledge|atk|1
|-boost|p2a: Ceruledge|def|1
|
|-weather|Snowscape|[upkeep]
|upkeep
|turn|4
|
|t:|1760851557
|move|p2a: Ceruledge|Bitter Blade|p1a: Ting-Lu
|-damage|p1a: Ting-Lu|70/100
|-heal|p2a: Ceruledge|96/100|[from] drain|[of] p1a: Ting-Lu
|move|p1a: Ting-Lu|Stealth Rock|p2a: Ceruledge
|-sidestart|p2: V1C7ORYY|move: Stealth Rock
|
|-weather|Snowscape|[upkeep]
|-heal|p1a: Ting-Lu|76/100|[from] item: Leftovers
|upkeep
|turn|5
|
|t:|1760851566
|move|p2a: Ceruledge|Bulk Up|p2a: Ceruledge
|-boost|p2a: Ceruledge|atk|1
|-boost|p2a: Ceruledge|def|1
|move|p1a: Ting-Lu|Spikes|p2a: Ceruledge
|-sidestart|p2: V1C7ORYY|Spikes
|
|-weather|none
|-heal|p1a: Ting-Lu|82/100|[from] item: Leftovers
|upkeep
|turn|6
|
|t:|1760851572
|move|p2a: Ceruledge|Taunt|p1a: Ting-Lu
|-start|p1a: Ting-Lu|move: Taunt
|cant|p1a: Ting-Lu|move: Taunt|Whirlwind
|
|-heal|p1a: Ting-Lu|89/100|[from] item: Leftovers
|upkeep
|turn|7
|inactive|V1C7ORYY has 120 seconds left.
|
|t:|1760851580
|switch|p1a: Dragonite|Dragonite, F|100/100
|move|p2a: Ceruledge|Bitter Blade|p1a: Dragonite
|-resisted|p1a: Dragonite
|-damage|p1a: Dragonite|86/100
|-heal|p2a: Ceruledge|100/100|[from] drain|[of] p1a: Dragonite
|
|upkeep
|turn|8
|inactive|V1C7ORYY has 120 seconds left.
|
|t:|1760851594
|move|p2a: Ceruledge|Bitter Blade|p1a: Dragonite
|-resisted|p1a: Dragonite
|-damage|p1a: Dragonite|56/100
|move|p1a: Dragonite|Dragon Tail|p2a: Ceruledge
|-damage|p2a: Ceruledge|92/100
|drag|p2a: Zamazenta|Zamazenta|100/100
|-damage|p2a: Zamazenta|94/100|[from] Stealth Rock
|-damage|p2a: Zamazenta|82/100|[from] Spikes
|-ability|p2a: Zamazenta|Dauntless Shield|boost
|-boost|p2a: Zamazenta|def|1
|
|-sideend|p2: V1C7ORYY|move: Aurora Veil
|upkeep
|turn|9
|inactive|V1C7ORYY has 120 seconds left.
|
|t:|1760851606
|move|p2a: Zamazenta|Body Press|p1a: Dragonite
|-resisted|p1a: Dragonite
|-damage|p1a: Dragonite|35/100
|move|p1a: Dragonite|Roost|p1a: Dragonite
|-heal|p1a: Dragonite|85/100
|-singleturn|p1a: Dragonite|move: Roost
|
|upkeep
|turn|10
|
|t:|1760851613
|move|p2a: Zamazenta|Iron Defense|p2a: Zamazenta
|-boost|p2a: Zamazenta|def|2
|move|p1a: Dragonite|Roost|p1a: Dragonite
|-heal|p1a: Dragonite|100/100
|-singleturn|p1a: Dragonite|move: Roost
|
|upkeep
|turn|11
|l|+Etjx
|
|t:|1760851618
|switch|p1a: Skeledirge|Skeledirge, M|100/100
|move|p2a: Zamazenta|Body Press|p1a: Skeledirge
|-immune|p1a: Skeledirge
|
|upkeep
|turn|12
|
|t:|1760851624
|move|p2a: Zamazenta|Crunch|p1a: Skeledirge
|-supereffective|p1a: Skeledirge
|-damage|p1a: Skeledirge|61/100
|move|p1a: Skeledirge|Will-O-Wisp|p2a: Zamazenta
|-status|p2a: Zamazenta|brn
|
|-damage|p2a: Zamazenta|76/100 brn|[from] brn
|upkeep
|turn|13
|
|t:|1760851648
|switch|p2a: Ceruledge|Ceruledge, M|92/100
|-damage|p2a: Ceruledge|67/100|[from] Stealth Rock
|-damage|p2a: Ceruledge|55/100|[from] Spikes
|move|p1a: Skeledirge|Slack Off|p1a: Skeledirge
|-heal|p1a: Skeledirge|100/100
|
|upkeep
|turn|14
|
|t:|1760851662
|switch|p1a: Dragonite|Dragonite, F|100/100
|move|p2a: Ceruledge|Shadow Sneak|p1a: Dragonite
|-damage|p1a: Dragonite|93/100
|
|upkeep
|turn|15
|inactive|V1C7ORYY has 120 seconds left.
|
|t:|1760851688
|move|p2a: Ceruledge|Bulk Up|p2a: Ceruledge
|-boost|p2a: Ceruledge|atk|1
|-boost|p2a: Ceruledge|def|1
|move|p1a: Dragonite|Earthquake|p2a: Ceruledge
|-supereffective|p2a: Ceruledge
|-crit|p2a: Ceruledge
|-damage|p2a: Ceruledge|0 fnt
|faint|p2a: Ceruledge
|
|upkeep
|
|t:|1760851701
|switch|p2a: Ninetales|Ninetales-Alola, F|74/100
|-damage|p2a: Ninetales|49/100|[from] Stealth Rock
|-damage|p2a: Ninetales|37/100|[from] Spikes
|-weather|Snowscape|[from] ability: Snow Warning|[of] p2a: Ninetales
|turn|16
|
|t:|1760851710
|switch|p1a: Skeledirge|Skeledirge, M|100/100
|move|p2a: Ninetales|Aurora Veil|p2a: Ninetales
|-sidestart|p2: V1C7ORYY|move: Aurora Veil
|
|-weather|Snowscape|[upkeep]
|upkeep
|turn|17
|inactive|V1C7ORYY has 120 seconds left.
|
|t:|1760851742
|switch|p2a: Darkrai|Darkrai|100/100
|-damage|p2a: Darkrai|88/100|[from] Stealth Rock
|-damage|p2a: Darkrai|76/100|[from] Spikes
|move|p1a: Skeledirge|Will-O-Wisp|p2a: Darkrai
|-status|p2a: Darkrai|brn
|
|-weather|Snowscape|[upkeep]
|-heal|p2a: Darkrai|82/100 brn|[from] item: Leftovers
|-damage|p2a: Darkrai|76/100 brn|[from] brn
|upkeep
|turn|18
|
|t:|1760851758
|switch|p1a: Ting-Lu|Ting-Lu|89/100
|-ability|p1a: Ting-Lu|Vessel of Ruin
|move|p2a: Darkrai|Dark Pulse|p1a: Ting-Lu
|-resisted|p1a: Ting-Lu
|-damage|p1a: Ting-Lu|80/100
|
|-weather|Snowscape|[upkeep]
|-heal|p2a: Darkrai|82/100 brn|[from] item: Leftovers
|-heal|p1a: Ting-Lu|86/100|[from] item: Leftovers
|-damage|p2a: Darkrai|76/100 brn|[from] brn
|upkeep
|turn|19
|
|t:|1760851767
|move|p2a: Darkrai|Nasty Plot|p2a: Darkrai
|-boost|p2a: Darkrai|spa|2
|move|p1a: Ting-Lu|Spikes|p2a: Darkrai
|-sidestart|p2: V1C7ORYY|Spikes
|
|-weather|Snowscape|[upkeep]
|-heal|p2a: Darkrai|82/100 brn|[from] item: Leftovers
|-heal|p1a: Ting-Lu|92/100|[from] item: Leftovers
|-damage|p2a: Darkrai|76/100 brn|[from] brn
|upkeep
|turn|20
|
|t:|1760851773
|move|p2a: Darkrai|Focus Blast|p1a: Ting-Lu
|-supereffective|p1a: Ting-Lu
|-damage|p1a: Ting-Lu|25/100
|move|p1a: Ting-Lu|Whirlwind|p2a: Darkrai
|drag|p2a: Ninetales|Ninetales-Alola, F|37/100
|-damage|p2a: Ninetales|12/100|[from] Stealth Rock
|-damage|p2a: Ninetales|0 fnt|[from] Spikes
|faint|p2a: Ninetales
|
|-weather|none
|-heal|p1a: Ting-Lu|31/100|[from] item: Leftovers
|upkeep
|inactive|V1C7ORYY has 90 seconds left.
|
|t:|1760851795
|switch|p2a: Hatterene|Hatterene, F|100/100
|-damage|p2a: Hatterene|88/100|[from] Stealth Rock
|-damage|p2a: Hatterene|72/100|[from] Spikes
|turn|21
|
|t:|1760851799
|move|p1a: Ting-Lu|Ruination|p2a: Hatterene|[miss]
|-miss|p1a: Ting-Lu|p2a: Hatterene
|move|p2a: Hatterene|Calm Mind|p2a: Hatterene
|-boost|p2a: Hatterene|spa|1
|-boost|p2a: Hatterene|spd|1
|
|-heal|p1a: Ting-Lu|37/100|[from] item: Leftovers
|-heal|p2a: Hatterene|78/100|[from] item: Leftovers
|upkeep
|turn|22
|
|t:|1760851804
|move|p1a: Ting-Lu|Ruination|p2a: Hatterene
|-damage|p2a: Hatterene|39/100
|move|p2a: Hatterene|Draining Kiss|p1a: Ting-Lu
|-supereffective|p1a: Ting-Lu
|-damage|p1a: Ting-Lu|7/100
|-heal|p2a: Hatterene|76/100|[from] drain|[of] p1a: Ting-Lu
|
|-heal|p1a: Ting-Lu|13/100|[from] item: Leftovers
|-heal|p2a: Hatterene|82/100|[from] item: Leftovers
|upkeep
|turn|23
|
|t:|1760851814
|move|p1a: Ting-Lu|Ruination|p2a: Hatterene
|-damage|p2a: Hatterene|42/100
|move|p2a: Hatterene|Draining Kiss|p1a: Ting-Lu
|-supereffective|p1a: Ting-Lu
|-damage|p1a: Ting-Lu|0 fnt
|-heal|p2a: Hatterene|57/100|[from] drain|[of] p1a: Ting-Lu
|faint|p1a: Ting-Lu
|
|-heal|p2a: Hatterene|63/100|[from] item: Leftovers
|-sideend|p2: V1C7ORYY|move: Aurora Veil
|upkeep
|
|t:|1760851819
|switch|p1a: Eelektross|Eelektross, F|100/100
|turn|24
|
|t:|1760851832
|-terastallize|p1a: Eelektross|Steel
|move|p1a: Eelektross|Coil|p1a: Eelektross
|-boost|p1a: Eelektross|atk|1
|-boost|p1a: Eelektross|def|1
|-boost|p1a: Eelektross|accuracy|1
|move|p2a: Hatterene|Draining Kiss|p1a: Eelektross
|-resisted|p1a: Eelektross
|-crit|p1a: Eelektross
|-damage|p1a: Eelektross|81/100
|-heal|p2a: Hatterene|80/100|[from] drain|[of] p1a: Eelektross
|
|-heal|p1a: Eelektross|87/100|[from] item: Leftovers
|-heal|p2a: Hatterene|86/100|[from] item: Leftovers
|upkeep
|turn|25
|
|t:|1760851841
|move|p1a: Eelektross|Supercell Slam|p2a: Hatterene
|-damage|p2a: Hatterene|41/100
|move|p2a: Hatterene|Mystical Fire|p1a: Eelektross
|-supereffective|p1a: Eelektross
|-damage|p1a: Eelektross|33/100
|-unboost|p1a: Eelektross|spa|1
|
|-heal|p1a: Eelektross|39/100|[from] item: Leftovers
|-heal|p2a: Hatterene|47/100|[from] item: Leftovers
|upkeep
|turn|26
|inactive|V1C7ORYY has 120 seconds left.
|
|t:|1760851852
|move|p1a: Eelektross|Supercell Slam|p2a: Hatterene
|-damage|p2a: Hatterene|2/100
|move|p2a: Hatterene|Mystical Fire|p1a: Eelektross
|-supereffective|p1a: Eelektross
|-damage|p1a: Eelektross|0 fnt
|faint|p1a: Eelektross
|
|-heal|p2a: Hatterene|8/100|[from] item: Leftovers
|upkeep
|
|t:|1760851864
|switch|p1a: Zamazenta|Zamazenta|100/100
|-ability|p1a: Zamazenta|Dauntless Shield|boost
|-boost|p1a: Zamazenta|def|1
|turn|27
|
|t:|1760851871
|move|p1a: Zamazenta|Crunch|p2a: Hatterene
|-damage|p2a: Hatterene|0 fnt
|faint|p2a: Hatterene
|
|upkeep
|inactive|V1C7ORYY has 120 seconds left.
|
|t:|1760851884
|switch|p2a: Zamazenta|Zamazenta|76/100 brn
|-damage|p2a: Zamazenta|70/100 brn|[from] Stealth Rock
|-damage|p2a: Zamazenta|53/100 brn|[from] Spikes
|turn|28
|
|t:|1760851888
|move|p1a: Zamazenta|Close Combat|p2a: Zamazenta
|-damage|p2a: Zamazenta|5/100 brn
|-unboost|p1a: Zamazenta|def|1
|-unboost|p1a: Zamazenta|spd|1
|move|p2a: Zamazenta|Iron Defense|p2a: Zamazenta
|-boost|p2a: Zamazenta|def|2
|
|-damage|p2a: Zamazenta|0 fnt|[from] brn
|faint|p2a: Zamazenta
|upkeep
|
|t:|1760851895
|switch|p2a: Darkrai|Darkrai|76/100 brn
|-damage|p2a: Darkrai|63/100 brn|[from] Stealth Rock
|-damage|p2a: Darkrai|47/100 brn|[from] Spikes
|turn|29
|
|t:|1760851902
|move|p1a: Zamazenta|Close Combat|p2a: Darkrai
|-supereffective|p2a: Darkrai
|-damage|p2a: Darkrai|0 fnt
|-unboost|p1a: Zamazenta|def|1
|-unboost|p1a: Zamazenta|spd|1
|faint|p2a: Darkrai
|
|upkeep
|
|t:|1760851906
|switch|p2a: Gliscor|Gliscor, M|100/100
|-damage|p2a: Gliscor|88/100|[from] Stealth Rock
|turn|30
|
|t:|1760851910
|move|p1a: Zamazenta|Ice Fang|p2a: Gliscor
|-supereffective|p2a: Gliscor
|-damage|p2a: Gliscor|24/100
|move|p2a: Gliscor|Agility|p2a: Gliscor
|-boost|p2a: Gliscor|spe|2
|
|-status|p2a: Gliscor|tox|[from] item: Toxic Orb
|upkeep
|turn|31
|
|t:|1760851925
|-terastallize|p2a: Gliscor|Normal
|move|p2a: Gliscor|Swords Dance|p2a: Gliscor
|-boost|p2a: Gliscor|atk|2
|move|p1a: Zamazenta|Close Combat|p2a: Gliscor
|-supereffective|p2a: Gliscor
|-damage|p2a: Gliscor|0 fnt
|-unboost|p1a: Zamazenta|def|1
|-unboost|p1a: Zamazenta|spd|1
|faint|p2a: Gliscor
|
|win|Fragments
|n|☆Fragments|fragments
|n|☆V1C7ORYY|v1c7oryy
|n|*Lady Monita ☀|ladymonita
|n| BB-8-NU|bb8nu
|n| hepepi|hepepi
|l|*Lady Monita ☀
