|j|☆Jagonite
|j|☆james2341
|t:|1760827148
|gametype|singles
|player|p1|Jagonite|swimmer|1496
|player|p2|james2341|2|1538
|gen|9
|tier|[Gen 9] OU
|rated|
|rule|HP Percentage Mod: HP is shown in percentages
|rule|Endless Battle Clause: Forcing endless battles is banned
|rule|Species Clause: Limit one of each Pokémon
|rule|OHKO Clause: OHKO moves are banned
|rule|Evasion Items Clause: Evasion items are banned
|rule|Evasion Moves Clause: Evasion moves are banned
|rule|Evasion Abilities Clause: Evasion abilities are banned
|rule|Sleep Moves Clause: Sleep-inducing moves are banned
|clearpoke
|poke|p1|Ting-Lu|
|poke|p1|Ogerpon-Wellspring, F|
|poke|p1|Pecharunt|
|poke|p1|Dragonite, F|
|poke|p1|Gholdengo|
|poke|p1|Great Tusk|
|poke|p2|Ogerpon-Wellspring, F|
|poke|p2|Grimmsnarl, M|
|poke|p2|Great Tusk|
|poke|p2|Iron Treads|
|poke|p2|Comfey, F|
|poke|p2|Lucario, M|
|teampreview
|inactive|Battle timer is ON: inactive players will automatically lose when time's up. (requested by james2341)
|
|t:|1760827176
|teamsize|p1|6
|teamsize|p2|6
|start
|switch|p1a: Gholdengo|Gholdengo|100/100
|switch|p2a: Iron Treads|Iron Treads, shiny|100/100
|-enditem|p2a: Iron Treads|Booster Energy
|-activate|p2a: Iron Treads|ability: Quark Drive|[fromitem]
|-start|p2a: Iron Treads|quarkdrivespe
|turn|1
|
|t:|1760827183
|switch|p1a: Ogerpon|Ogerpon-Wellspring, F|100/100
|move|p2a: Iron Treads|Earth Power|p1a: Ogerpon
|-resisted|p1a: Ogerpon
|-damage|p1a: Ogerpon|84/100
|
|upkeep
|turn|2
|
|t:|1760827185
|move|p2a: Iron Treads|Stealth Rock|p1a: Ogerpon
|-sidestart|p1: Jagonite|move: Stealth Rock
|move|p1a: Ogerpon|Ivy Cudgel|p2a: Iron Treads|[anim] Ivy Cudgel Water
|-supereffective|p2a: Iron Treads
|-crit|p2a: Iron Treads
|-damage|p2a: Iron Treads|0 fnt
|faint|p2a: Iron Treads
|-end|p2a: Iron Treads|Quark Drive|[silent]
|
|upkeep
|inactive|james2341 has 120 seconds left.
|
|t:|1760827231
|switch|p2a: Grimmsnarl|Grimmsnarl, M|100/100
|turn|3
|inactive|Jagonite has 120 seconds left.
|l|☆james2341
|inactive|james2341 disconnected and has a minute to reconnect!
|player|p2|
|j|☆james2341
|inactive|james2341 reconnected.
|player|p2|james2341|2|
|inactive|Jagonite has 90 seconds left.
|
|t:|1760827302
|move|p2a: Grimmsnarl|Reflect|p2a: Grimmsnarl
|-sidestart|p2: james2341|Reflect
|move|p1a: Ogerpon|Ivy Cudgel|p2a: Grimmsnarl|[anim] Ivy Cudgel Water
|-crit|p2a: Grimmsnarl
|-damage|p2a: Grimmsnarl|24/100
|
|upkeep
|turn|4
|
|t:|1760827306
|move|p2a: Grimmsnarl|Parting Shot|p1a: Ogerpon
|-unboost|p1a: Ogerpon|atk|1
|-unboost|p1a: Ogerpon|spa|1
|
|t:|1760827310
|switch|p2a: Ogerpon|Ogerpon-Wellspring, F|100/100|[from] Parting Shot
|move|p1a: Ogerpon|Ivy Cudgel|p2a: Ogerpon|[anim] Ivy Cudgel Water
|-immune|p2a: Ogerpon|[from] ability: Water Absorb
|
|upkeep
|turn|5
|
|t:|1760827314
|move|p2a: Ogerpon|Swords Dance|p2a: Ogerpon
|-boost|p2a: Ogerpon|atk|2
|move|p1a: Ogerpon|U-turn|p2a: Ogerpon
|-supereffective|p2a: Ogerpon
|-damage|p2a: Ogerpon|77/100
|
|t:|1760827317
|switch|p1a: Pecharunt|Pecharunt|100/100|[from] U-turn
|
|upkeep
|turn|6
|
|t:|1760827321
|-terastallize|p2a: Ogerpon|Water
|detailschange|p2a: Ogerpon|Ogerpon-Wellspring-Tera, F, tera:Water
|-ability|p2a: Ogerpon|Embody Aspect (Wellspring)|boost
|-boost|p2a: Ogerpon|spd|1
|move|p2a: Ogerpon|Ivy Cudgel|p1a: Pecharunt|[anim] Ivy Cudgel Water
|-crit|p1a: Pecharunt
|-damage|p1a: Pecharunt|0 fnt
|faint|p1a: Pecharunt
|
|upkeep
|inactive|Jagonite has 120 seconds left.
|
|t:|1760827329
|switch|p1a: Gholdengo|Gholdengo|100/100
|-damage|p1a: Gholdengo|94/100|[from] Stealth Rock
|turn|7
|
|t:|1760827334
|move|p1a: Gholdengo|Thunder Wave|p2a: Ogerpon
|-status|p2a: Ogerpon|par
|move|p2a: Ogerpon|Trailblaze|p1a: Gholdengo
|-resisted|p1a: Gholdengo
|-damage|p1a: Gholdengo|59/100
|-boost|p2a: Ogerpon|spe|1
|
|upkeep
|turn|8
|
|t:|1760827339
|switch|p1a: Dragonite|Dragonite, F|100/100
|-damage|p1a: Dragonite|76/100|[from] Stealth Rock
|move|p2a: Ogerpon|Ivy Cudgel|p1a: Dragonite|[anim] Ivy Cudgel Water
|-resisted|p1a: Dragonite
|-damage|p1a: Dragonite|7/100
|
|upkeep
|turn|9
|
|t:|1760827345
|move|p2a: Ogerpon|Trailblaze|p1a: Dragonite
|-resisted|p1a: Dragonite
|-damage|p1a: Dragonite|0 fnt
|-boost|p2a: Ogerpon|spe|1
|faint|p1a: Dragonite
|
|upkeep
|
|t:|1760827356
|switch|p1a: Gholdengo|Gholdengo|59/100
|-damage|p1a: Gholdengo|53/100|[from] Stealth Rock
|turn|10
|
|t:|1760827358
|move|p1a: Gholdengo|Shadow Ball|p2a: Ogerpon
|-damage|p2a: Ogerpon|44/100 par
|cant|p2a: Ogerpon|par
|
|-sideend|p2: james2341|Reflect
|upkeep
|turn|11
|
|t:|1760827363
|move|p1a: Gholdengo|Shadow Ball|p2a: Ogerpon
|-damage|p2a: Ogerpon|12/100 par
|cant|p2a: Ogerpon|par
|
|upkeep
|turn|12
|
|t:|1760827367
|move|p1a: Gholdengo|Shadow Ball|p2a: Ogerpon
|-damage|p2a: Ogerpon|0 fnt
|faint|p2a: Ogerpon
|detailschange|p2: Ogerpon|Ogerpon-Wellspring, F|[silent]
|
|upkeep
|
|t:|1760827368
|switch|p2a: Grimmsnarl|Grimmsnarl, M|24/100
|turn|13
|
|t:|1760827370
|move|p2a: Grimmsnarl|Light Screen|p2a: Grimmsnarl
|-sidestart|p2: james2341|move: Light Screen
|move|p1a: Gholdengo|Shadow Ball|p2a: Grimmsnarl
|-resisted|p2a: Grimmsnarl
|-damage|p2a: Grimmsnarl|13/100
|
|upkeep
|turn|14
|
|t:|1760827376
|move|p2a: Grimmsnarl|Reflect|p2a: Grimmsnarl
|-sidestart|p2: james2341|Reflect
|move|p1a: Gholdengo|Shadow Ball|p2a: Grimmsnarl
|-resisted|p2a: Grimmsnarl
|-damage|p2a: Grimmsnarl|1/100
|-unboost|p2a: Grimmsnarl|spd|1
|
|upkeep
|turn|15
|
|t:|1760827378
|switch|p2a: Lucario|Lucario, M|100/100
|move|p1a: Gholdengo|Shadow Ball|p2a: Lucario
|-damage|p2a: Lucario|66/100
|
|upkeep
|turn|16
|
|t:|1760827380
|move|p1a: Gholdengo|Shadow Ball|p2a: Lucario
|-damage|p2a: Lucario|30/100
|-unboost|p2a: Lucario|spd|1
|move|p2a: Lucario|Swords Dance|p2a: Lucario
|-boost|p2a: Lucario|atk|2
|
|upkeep
|turn|17
|
|t:|1760827384
|move|p1a: Gholdengo|Shadow Ball|p2a: Lucario
|-damage|p2a: Lucario|0 fnt
|faint|p2a: Lucario
|
|upkeep
|
|t:|1760827385
|switch|p2a: Comfey|Comfey, F, shiny|100/100
|turn|18
|
|t:|1760827390
|switch|p1a: Ogerpon|Ogerpon-Wellspring, F|84/100
|-damage|p1a: Ogerpon|71/100|[from] Stealth Rock
|move|p2a: Comfey|Calm Mind|p2a: Comfey
|-boost|p2a: Comfey|spa|1
|-boost|p2a: Comfey|spd|1
|
|upkeep
|turn|19
|
|t:|1760827392
|move|p1a: Ogerpon|Encore|p2a: Comfey
|-start|p2a: Comfey|Encore
|move|p2a: Comfey|Calm Mind|p2a: Comfey
|-boost|p2a: Comfey|spa|1
|-boost|p2a: Comfey|spd|1
|
|upkeep
|turn|20
|
|t:|1760827396
|move|p1a: Ogerpon|Ivy Cudgel|p2a: Comfey|[anim] Ivy Cudgel Water
|-damage|p2a: Comfey|66/100
|move|p2a: Comfey|Calm Mind|p2a: Comfey
|-boost|p2a: Comfey|spa|1
|-boost|p2a: Comfey|spd|1
|
|-heal|p2a: Comfey|72/100|[from] item: Leftovers
|-sideend|p2: james2341|move: Light Screen
|upkeep
|turn|21
|
|t:|1760827401
|-terastallize|p1a: Ogerpon|Water
|detailschange|p1a: Ogerpon|Ogerpon-Wellspring-Tera, F, tera:Water
|-ability|p1a: Ogerpon|Embody Aspect (Wellspring)|boost
|-boost|p1a: Ogerpon|spd|1
|move|p1a: Ogerpon|Ivy Cudgel|p2a: Comfey|[anim] Ivy Cudgel Water
|-damage|p2a: Comfey|22/100
|move|p2a: Comfey|Calm Mind|p2a: Comfey
|-boost|p2a: Comfey|spa|1
|-boost|p2a: Comfey|spd|1
|
|-heal|p2a: Comfey|28/100|[from] item: Leftovers
|-end|p2a: Comfey|Encore
|-sideend|p2: james2341|Reflect
|upkeep
|turn|22
|
|t:|1760827405
|move|p2a: Comfey|Giga Drain|p1a: Ogerpon
|-supereffective|p1a: Ogerpon
|-damage|p1a: Ogerpon|0 fnt
|-heal|p2a: Comfey|63/100|[from] drain|[of] p1a: Ogerpon
|faint|p1a: Ogerpon
|detailschange|p1: Ogerpon|Ogerpon-Wellspring, F|[silent]
|
|-heal|p2a: Comfey|69/100|[from] item: Leftovers
|upkeep
|
|t:|1760827409
|switch|p1a: Gholdengo|Gholdengo|53/100
|-damage|p1a: Gholdengo|47/100|[from] Stealth Rock
|turn|23
|
|t:|1760827421
|move|p2a: Comfey|Draining Kiss|p1a: Gholdengo
|-resisted|p1a: Gholdengo
|-crit|p1a: Gholdengo
|-damage|p1a: Gholdengo|0 fnt
|-heal|p2a: Comfey|100/100|[from] drain|[of] p1a: Gholdengo
|faint|p1a: Gholdengo
|
|upkeep
|-message|Jagonite forfeited.
|
|win|james2341
|raw|Jagonite's rating: 1496 &rarr; <strong>1478</strong><br />(-18 for losing)
|raw|james2341's rating: 1538 &rarr; <strong>1556</strong><br />(+18 for winning)
|l|☆Jagonite
|player|p1|
