|j|☆cglob
|j|☆LilLuxio
|inactive|Battle timer is ON: inactive players will automatically lose when time's up.
|t:|1760822770
|gametype|singles
|player|p1|cglob|101|
|player|p2|LilLuxio|parasollady|
|gen|9
|tier|[Gen 9] OU
|rated|Tournament battle
|rule|HP Percentage Mod: HP is shown in percentages
|rule|Endless Battle Clause: Forcing endless battles is banned
|rule|Species Clause: Limit one of each Pokémon
|rule|OHKO Clause: OHKO moves are banned
|rule|Evasion Items Clause: Evasion items are banned
|rule|Evasion Moves Clause: Evasion moves are banned
|rule|Evasion Abilities Clause: Evasion abilities are banned
|rule|Sleep Moves Clause: Sleep-inducing moves are banned
|raw|<div class="infobox"><details class="readmore" open><summary><strong>1 custom rule:</strong></summary> -wobbuffet</details></div>
|clearpoke
|poke|p1|Cloyster, M|
|poke|p1|Galvantula, M|
|poke|p1|Golett|
|poke|p2|Arboliva, M|
|poke|p2|Cottonee, M|
|poke|p2|Dodrio, F|
|teampreview
|j|*Lady Monita ☀
|
|t:|1760822793
|teamsize|p1|3
|teamsize|p2|3
|start
|switch|p1a: Golett|Golett|100/100
|switch|p2a: Dodrio|Dodrio, F|100/100
|turn|1
|
|t:|1760822809
|move|p2a: Dodrio|Drill Peck|p1a: Golett
|-damage|p1a: Golett|52/100
|move|p1a: Golett|Dynamic Punch|p2a: Dodrio
|-damage|p2a: Dodrio|66/100
|-start|p2a: Dodrio|confusion
|
|upkeep
|turn|2
|
|t:|1760822816
|-activate|p2a: Dodrio|confusion
|-damage|p2a: Dodrio|44/100|[from] confusion
|move|p1a: Golett|Dynamic Punch|p2a: Dodrio
|-damage|p2a: Dodrio|13/100
|
|upkeep
|turn|3
|
|t:|1760822822
|-activate|p2a: Dodrio|confusion
|move|p2a: Dodrio|Drill Peck|p1a: Golett
|-damage|p1a: Golett|8/100
|move|p1a: Golett|Dynamic Punch|p2a: Dodrio
|-damage|p2a: Dodrio|0 fnt
|faint|p2a: Dodrio
|
|upkeep
|
|t:|1760822837
|switch|p2a: Arboliva|Arboliva, M|100/100
|turn|4
|
|t:|1760822850
|move|p2a: Arboliva|Energy Ball|p1a: Golett
|-supereffective|p1a: Golett
|-damage|p1a: Golett|0 fnt
|faint|p1a: Golett
|
|upkeep
|
|t:|1760822854
|switch|p1a: Galvantula|Galvantula, M|100/100
|turn|5
|
|t:|1760822859
|move|p1a: Galvantula|Bug Buzz|p2a: Arboliva
|-supereffective|p2a: Arboliva
|-damage|p2a: Arboliva|0 fnt
|-fieldstart|move: Grassy Terrain|[from] ability: Seed Sower|[of] p2a: Arboliva
|faint|p2a: Arboliva
|
|upkeep
|
|t:|1760822866
|switch|p2a: Cottonee|Cottonee, M|100/100
|turn|6
|
|t:|1760822876
|-terastallize|p1a: Galvantula|Grass
|-terastallize|p2a: Cottonee|Steel
|move|p2a: Cottonee|Encore|p1a: Galvantula
|-start|p1a: Galvantula|Encore
|move|p1a: Galvantula|Bug Buzz|p2a: Cottonee
|-resisted|p2a: Cottonee
|-damage|p2a: Cottonee|62/100
|
|-heal|p2a: Cottonee|68/100|[from] Grassy Terrain
|upkeep
|turn|7
|
|t:|1760822893
|move|p2a: Cottonee|Protect|p2a: Cottonee
|-singleturn|p2a: Cottonee|Protect
|move|p1a: Galvantula|Bug Buzz|p2a: Cottonee
|-activate|p2a: Cottonee|move: Protect
|
|-heal|p2a: Cottonee|74/100|[from] Grassy Terrain
|upkeep
|turn|8
|-message|LilLuxio forfeited.
|
|win|cglob
|n|☆cglob|cglob
|n|☆LilLuxio|lilluxio
|n|*Lady Monita ☀|ladymonita
