|j|☆dtma
|j|☆raulino3055
|t:|1760720084
|gametype|singles
|player|p1|dtma|101|1422
|player|p2|raulino3055|jasmine|1368
|gen|9
|tier|[Gen 9] OU
|rated|
|rule|HP Percentage Mod: HP is shown in percentages
|rule|Endless Battle Clause: Forcing endless battles is banned
|rule|Species Clause: Limit one of each Pokémon
|rule|OHKO Clause: OHKO moves are banned
|rule|Evasion Items Clause: Evasion items are banned
|rule|Evasion Moves Clause: Evasion moves are banned
|rule|Evasion Abilities Clause: Evasion abilities are banned
|rule|Sleep Moves Clause: Sleep-inducing moves are banned
|clearpoke
|poke|p1|Dragonite, M|
|poke|p1|Great Tusk|
|poke|p1|Primarina, F|
|poke|p1|Serperior, F|
|poke|p1|Weavile, M|
|poke|p1|Ninetales-Alola, F|
|poke|p2|Deoxys-Defense|
|poke|p2|Conkeldurr, M|
|poke|p2|Hatterene, F|
|poke|p2|Hoopa-Unbound|
|poke|p2|Mimikyu, M|
|poke|p2|Ursaluna, M|
|teampreview
|inactive|Battle timer is ON: inactive players will automatically lose when time's up. (requested by dtma)
|
|t:|1760720100
|teamsize|p1|6
|teamsize|p2|6
|start
|switch|p1a: Weavile|Weavile, M|100/100
|switch|p2a: Deoxys|Deoxys-Defense|100/100
|-ability|p2a: Deoxys|Pressure
|turn|1
|
|t:|1760720129
|-terastallize|p2a: Deoxys|Fairy
|move|p1a: Weavile|Knock Off|p2a: Deoxys
|-resisted|p2a: Deoxys
|-crit|p2a: Deoxys
|-damage|p2a: Deoxys|75/100
|-enditem|p2a: Deoxys|Mental Herb|[from] move: Knock Off|[of] p1a: Weavile
|move|p2a: Deoxys|Stealth Rock|p1a: Weavile
|-sidestart|p1: dtma|move: Stealth Rock
|
|upkeep
|turn|2
|
|t:|1760720138
|move|p1a: Weavile|Triple Axel|p2a: Deoxys
|-damage|p2a: Deoxys|67/100
|-hitcount|p2a: Deoxys|1
|move|p2a: Deoxys|Trick Room|p2a: Deoxys
|-fieldstart|move: Trick Room|[of] p2a: Deoxys
|
|upkeep
|turn|3
|c|☆raulino3055|My ass hurts
|
|t:|1760720146
|move|p1a: Weavile|Triple Axel|p2a: Deoxys
|-damage|p2a: Deoxys|60/100
|-damage|p2a: Deoxys|45/100
|-damage|p2a: Deoxys|21/100
|-hitcount|p2a: Deoxys|3
|move|p2a: Deoxys|Teleport|p2a: Deoxys
|
|t:|1760720151
|switch|p2a: Conkeldurr|Conkeldurr, M|100/100|[from] Teleport
|
|-status|p2a: Conkeldurr|brn|[from] item: Flame Orb
|upkeep
|turn|4
|c|☆raulino3055|I mean
|
|t:|1760720159
|move|p2a: Conkeldurr|Close Combat|p1a: Weavile
|-supereffective|p1a: Weavile
|-enditem|p1a: Weavile|Focus Sash
|-damage|p1a: Weavile|1/100
|-unboost|p2a: Conkeldurr|def|1
|-unboost|p2a: Conkeldurr|spd|1
|-enditem|p2a: Conkeldurr|Flame Orb|[silent]|[from] ability: Pickpocket|[of] p2a: Conkeldurr
|-item|p1a: Weavile|Flame Orb|[from] ability: Pickpocket|[of] p2a: Conkeldurr
|move|p1a: Weavile|Triple Axel|p2a: Conkeldurr
|-damage|p2a: Conkeldurr|87/100 brn
|-damage|p2a: Conkeldurr|64/100 brn
|-damage|p2a: Conkeldurr|25/100 brn
|-hitcount|p2a: Conkeldurr|3
|
|-damage|p2a: Conkeldurr|19/100 brn|[from] brn
|-status|p1a: Weavile|brn|[from] item: Flame Orb
|upkeep
|turn|5
|c|☆raulino3055|My ass
|
|t:|1760720174
|move|p2a: Conkeldurr|Mach Punch|p1a: Weavile
|-supereffective|p1a: Weavile
|-damage|p1a: Weavile|0 fnt
|faint|p1a: Weavile
|
|-damage|p2a: Conkeldurr|13/100 brn|[from] brn
|upkeep
|
|t:|1760720181
|switch|p1a: Great Tusk|Great Tusk|100/100
|-damage|p1a: Great Tusk|98/100|[from] Stealth Rock
|-enditem|p1a: Great Tusk|Booster Energy
|-activate|p1a: Great Tusk|ability: Protosynthesis|[fromitem]
|-start|p1a: Great Tusk|protosynthesisatk
|turn|6
|
|t:|1760720200
|move|p2a: Conkeldurr|Close Combat|p1a: Great Tusk
|-crit|p1a: Great Tusk
|-damage|p1a: Great Tusk|0 fnt
|-unboost|p2a: Conkeldurr|def|1
|-unboost|p2a: Conkeldurr|spd|1
|faint|p1a: Great Tusk
|-end|p1a: Great Tusk|Protosynthesis|[silent]
|
|-damage|p2a: Conkeldurr|7/100 brn|[from] brn
|-fieldend|move: Trick Room
|upkeep
|
|t:|1760720206
|switch|p1a: Ninetales|Ninetales-Alola, F|100/100
|-damage|p1a: Ninetales|75/100|[from] Stealth Rock
|-weather|Snowscape|[from] ability: Snow Warning|[of] p1a: Ninetales
|turn|7
|c|☆raulino3055|Can you read what I'm saying?
|c|☆raulino3055|My ass
|
|t:|1760720220
|move|p1a: Ninetales|Aurora Veil|p1a: Ninetales
|-sidestart|p1: dtma|move: Aurora Veil
|move|p2a: Conkeldurr|Close Combat|p1a: Ninetales
|-damage|p1a: Ninetales|24/100
|-unboost|p2a: Conkeldurr|def|1
|-unboost|p2a: Conkeldurr|spd|1
|
|-weather|Snowscape|[upkeep]
|-damage|p2a: Conkeldurr|0 fnt|[from] brn
|faint|p2a: Conkeldurr
|upkeep
|
|t:|1760720223
|switch|p2a: Hoopa|Hoopa-Unbound|100/100
|turn|8
|
|t:|1760720234
|move|p1a: Ninetales|Moonblast|p2a: Hoopa
|-supereffective|p2a: Hoopa
|-damage|p2a: Hoopa|44/100
|move|p2a: Hoopa|Trick Room|p2a: Hoopa
|-fieldstart|move: Trick Room|[of] p2a: Hoopa
|-enditem|p2a: Hoopa|Room Service
|-unboost|p2a: Hoopa|spe|1|[from] item: Room Service
|
|-weather|Snowscape|[upkeep]
|upkeep
|turn|9
|c|☆raulino3055|My not so tiny and precious ass
|c|☆raulino3055|It hurts 🤕
|c|☆dtma|ưhy
|inactive|dtma has 120 seconds left.
|
|t:|1760720267
|move|p2a: Hoopa|Brick Break|p1a: Ninetales
|-sideend|p1: dtma|move: Aurora Veil
|-damage|p1a: Ninetales|0 fnt
|faint|p1a: Ninetales
|-item|p2a: Hoopa|Light Clay|[from] ability: Magician|[of] p1: Ninetales
|
|-weather|Snowscape|[upkeep]
|upkeep
|inactive|dtma has 120 seconds left.
|
|t:|1760720274
|switch|p1a: Dragonite|Dragonite, M|100/100
|-damage|p1a: Dragonite|76/100|[from] Stealth Rock
|turn|10
|c|☆raulino3055|You can read! You were just being a naughty dog
|
|t:|1760720291
|move|p2a: Hoopa|Dark Pulse|p1a: Dragonite
|-damage|p1a: Dragonite|19/100
|move|p1a: Dragonite|Dragon Dance|p1a: Dragonite
|-boost|p1a: Dragonite|atk|1
|-boost|p1a: Dragonite|spe|1
|
|-weather|Snowscape|[upkeep]
|upkeep
|turn|11
|
|t:|1760720306
|switch|p2a: Mimikyu|Mimikyu, M|100/100
|move|p1a: Dragonite|Extreme Speed|p2a: Mimikyu
|-immune|p2a: Mimikyu
|
|-weather|none
|upkeep
|turn|12
|c|☆dtma|:)
|
|t:|1760720319
|move|p2a: Mimikyu|Play Rough|p1a: Dragonite
|-supereffective|p1a: Dragonite
|-damage|p1a: Dragonite|0 fnt
|faint|p1a: Dragonite
|
|-fieldend|move: Trick Room
|upkeep
|c|☆raulino3055|Next time, call an ambulance
|c|☆raulino3055|My ass hurts
|c|☆raulino3055|Rly bad
|c|☆raulino3055|Anal fracture
|inactive|dtma has 120 seconds left.
|c|☆dtma|chỉ có người mù công nghệ mới nói thế
|
|t:|1760720341
|switch|p1a: Serperior|Serperior, F|100/100
|-damage|p1a: Serperior|88/100|[from] Stealth Rock
|turn|13
|c|☆raulino3055|What could it beeeeere?
|
|t:|1760720348
|-terastallize|p1a: Serperior|Steel
|move|p1a: Serperior|Substitute|p1a: Serperior
|-start|p1a: Serperior|Substitute
|-damage|p1a: Serperior|63/100
|move|p2a: Mimikyu|Trick Room|p2a: Mimikyu
|-fieldstart|move: Trick Room|[of] p2a: Mimikyu
|
|-heal|p1a: Serperior|69/100|[from] item: Leftovers
|upkeep
|turn|14
|c|☆raulino3055|Lol nice try
|inactive|dtma has 120 seconds left.
|c|☆raulino3055|But my ass keeps hurting so bad
|
|t:|1760720374
|switch|p2a: Hoopa|Hoopa-Unbound|44/100
|move|p1a: Serperior|Glare|p2a: Hoopa
|-status|p2a: Hoopa|par
|
|-heal|p1a: Serperior|75/100|[from] item: Leftovers
|upkeep
|turn|15
|
|t:|1760720389
|cant|p2a: Hoopa|par
|move|p1a: Serperior|Leaf Storm|p2a: Hoopa
|-damage|p2a: Hoopa|6/100 par
|-boost|p1a: Serperior|spa|2
|
|-heal|p1a: Serperior|82/100|[from] item: Leftovers
|upkeep
|turn|16
|
|t:|1760720395
|move|p2a: Hoopa|Dark Pulse|p1a: Serperior
|-end|p1a: Serperior|Substitute
|move|p1a: Serperior|Leaf Storm|p2a: Hoopa|[miss]
|-miss|p1a: Serperior|p2a: Hoopa
|
|-heal|p1a: Serperior|88/100|[from] item: Leftovers
|upkeep
|turn|17
|
|t:|1760720401
|move|p2a: Hoopa|Dark Pulse|p1a: Serperior
|-damage|p1a: Serperior|24/100
|cant|p1a: Serperior|flinch
|
|-heal|p1a: Serperior|30/100|[from] item: Leftovers
|-fieldend|move: Trick Room
|upkeep
|turn|18
|
|t:|1760720407
|move|p1a: Serperior|Substitute|p1a: Serperior
|-start|p1a: Serperior|Substitute
|-damage|p1a: Serperior|5/100
|move|p2a: Hoopa|Trick Room|p2a: Hoopa
|-fieldstart|move: Trick Room|[of] p2a: Hoopa
|
|-heal|p1a: Serperior|11/100|[from] item: Leftovers
|upkeep
|turn|19
|
|t:|1760720411
|move|p2a: Hoopa|Psychic Noise|p1a: Serperior
|-resisted|p1a: Serperior
|-damage|p1a: Serperior|0 fnt
|faint|p1a: Serperior
|
|upkeep
|c|☆raulino3055|LOOOOOOOLLLLLL
|
|t:|1760720416
|switch|p1a: Primarina|Primarina, F|100/100
|-damage|p1a: Primarina|88/100|[from] Stealth Rock
|turn|20
|-message|dtma forfeited.
|
|win|raulino3055
|raw|dtma's rating: 1422 &rarr; <strong>1399</strong><br />(-23 for losing)
|raw|raulino3055's rating: 1368 &rarr; <strong>1391</strong><br />(+23 for winning)
|l|☆dtma
|player|p1|
|l|☆raulino3055
|player|p2|
