|j|☆Maltyy
|j|☆ThyR34p3r
|t:|1760783533
|gametype|singles
|player|p1|Maltyy|harlequin|1402
|player|p2|ThyR34p3r|roxie|1455
|gen|9
|tier|[Gen 9] OU
|rated|
|rule|HP Percentage Mod: HP is shown in percentages
|rule|Endless Battle Clause: Forcing endless battles is banned
|rule|Species Clause: Limit one of each Pokémon
|rule|OHKO Clause: OHKO moves are banned
|rule|Evasion Items Clause: Evasion items are banned
|rule|Evasion Moves Clause: Evasion moves are banned
|rule|Evasion Abilities Clause: Evasion abilities are banned
|rule|Sleep Moves Clause: Sleep-inducing moves are banned
|clearpoke
|poke|p1|Lokix, F|
|poke|p1|Cinderace, F|
|poke|p1|Great Tusk|
|poke|p1|Alomomola, F|
|poke|p1|Enamorus, F|
|poke|p1|Slowking-Galar, M|
|poke|p2|Glimmora, F|
|poke|p2|Zoroark-Hisui, F|
|poke|p2|Great Tusk|
|poke|p2|Iron Valiant|
|poke|p2|Zamazenta-*|
|poke|p2|Ceruledge, F|
|teampreview
|inactive|Battle timer is ON: inactive players will automatically lose when time's up. (requested by ThyR34p3r)
|
|t:|1760783555
|teamsize|p1|6
|teamsize|p2|6
|start
|switch|p1a: Enamorus|Enamorus, F|100/100
|switch|p2a: Glimmora|Glimmora, F|100/100
|turn|1
|
|t:|1760783566
|switch|p1a: Alomomola|Alomomola, F|100/100
|move|p2a: Glimmora|Mortal Spin|p1a: Alomomola
|-damage|p1a: Alomomola|96/100
|-status|p1a: Alomomola|psn
|
|-damage|p1a: Alomomola|83/100 psn|[from] psn
|upkeep
|turn|2
|c|☆Maltyy|oh wow it’s actually real
|c|☆ThyR34p3r|LMAOO
|
|t:|1760783583
|move|p2a: Glimmora|Stealth Rock|p1a: Alomomola
|-sidestart|p1: Maltyy|move: Stealth Rock
|move|p1a: Alomomola|Flip Turn|p2a: Glimmora
|-supereffective|p2a: Glimmora
|-damage|p2a: Glimmora|58/100
|-activate|p2a: Glimmora|ability: Toxic Debris
|-sidestart|p1: Maltyy|move: Toxic Spikes
|
|t:|1760783595
|switch|p1a: Great Tusk|Great Tusk|100/100|[from] Flip Turn
|-damage|p1a: Great Tusk|98/100|[from] Stealth Rock
|-status|p1a: Great Tusk|psn
|
|-heal|p1a: Great Tusk|100/100 psn|[from] item: Leftovers
|-damage|p1a: Great Tusk|88/100 psn|[from] psn
|upkeep
|turn|3
|c|☆ThyR34p3r|lad didn't expect the lead to be a lead
|
|t:|1760783609
|switch|p2a: Ceruledge|Ceruledge, F|100/100
|move|p1a: Great Tusk|Rapid Spin|p2a: Ceruledge
|-immune|p2a: Ceruledge
|
|-heal|p1a: Great Tusk|94/100 psn|[from] item: Leftovers
|-damage|p1a: Great Tusk|82/100 psn|[from] psn
|upkeep
|turn|4
|
|t:|1760783619
|move|p2a: Ceruledge|Poltergeist|p1a: Great Tusk
|-activate|p1a: Great Tusk|move: Poltergeist|Leftovers
|-damage|p1a: Great Tusk|44/100 psn
|move|p1a: Great Tusk|Bulk Up|p1a: Great Tusk
|-boost|p1a: Great Tusk|atk|1
|-boost|p1a: Great Tusk|def|1
|
|-heal|p1a: Great Tusk|50/100 psn|[from] item: Leftovers
|-damage|p1a: Great Tusk|37/100 psn|[from] psn
|upkeep
|turn|5
|
|t:|1760783626
|move|p2a: Ceruledge|Poltergeist|p1a: Great Tusk
|-activate|p1a: Great Tusk|move: Poltergeist|Leftovers
|-damage|p1a: Great Tusk|12/100 psn
|move|p1a: Great Tusk|Earthquake|p2a: Ceruledge
|-damage|p2a: Ceruledge|0 fnt
|replace|p2a: Zoroark|Zoroark-Hisui, F, shiny
|-end|p2a: Zoroark|Illusion
|faint|p2a: Zoroark
|
|-heal|p1a: Great Tusk|18/100 psn|[from] item: Leftovers
|-damage|p1a: Great Tusk|5/100 psn|[from] psn
|upkeep
|
|t:|1760783637
|switch|p2a: Glimmora|Glimmora, F|58/100
|turn|6
|c|☆Maltyy|ok that onesurprised me
|
|t:|1760783645
|-end|p1a: Great Tusk|Protosynthesis|[silent]
|switch|p1a: Slowking|Slowking-Galar, M|100/100
|-damage|p1a: Slowking|88/100|[from] Stealth Rock
|-sideend|p1: Maltyy|move: Toxic Spikes|[of] p1a: Slowking
|move|p2a: Glimmora|Power Gem|p1a: Slowking
|-damage|p1a: Slowking|57/100
|
|upkeep
|turn|7
|c|☆ThyR34p3r|T-T
|c|☆Maltyy|didnt think zoroark would be physical
|
|t:|1760783663
|move|p2a: Glimmora|Earth Power|p1a: Slowking
|-supereffective|p1a: Slowking
|-enditem|p1a: Slowking|Shuca Berry|[eat]
|-enditem|p1a: Slowking|Shuca Berry|[weaken]
|-damage|p1a: Slowking|31/100
|move|p1a: Slowking|Future Sight|p2a: Glimmora
|-start|p1a: Slowking|move: Future Sight
|
|upkeep
|turn|8
|c|☆ThyR34p3r|yup strabgely he's stronger phisically than specially
|
|t:|1760783677
|switch|p2a: Zamazenta|Zamazenta|100/100
|-ability|p2a: Zamazenta|Dauntless Shield|boost
|-boost|p2a: Zamazenta|def|1
|switch|p1a: Alomomola|Alomomola, F|100/100 psn
|-damage|p1a: Alomomola|88/100 psn|[from] Stealth Rock
|
|-damage|p1a: Alomomola|76/100 psn|[from] psn
|upkeep
|turn|9
|c|☆Maltyy|crazy
|
|t:|1760783696
|-terastallize|p2a: Zamazenta|Dark
|move|p2a: Zamazenta|Stone Edge|p1a: Alomomola
|-damage|p1a: Alomomola|45/100 psn
|-damage|p2a: Zamazenta|91/100|[from] item: Life Orb
|move|p1a: Alomomola|Flip Turn|p2a: Zamazenta
|-damage|p2a: Zamazenta|80/100
|c|☆ThyR34p3r|yeah lol
|inactive|Maltyy has 120 seconds left.
|l|☆Maltyy
|inactive|Maltyy disconnected and has a minute to reconnect!
|player|p1|
|c|☆ThyR34p3r|</3
|j|☆Maltyy
|inactive|Maltyy reconnected and has 90 seconds left.
|player|p1|Maltyy|harlequin|
|
|t:|1760783761
|switch|p1a: Enamorus|Enamorus, F|100/100|[from] Flip Turn
|-damage|p1a: Enamorus|76/100|[from] Stealth Rock
|
|-end|p2a: Zamazenta|move: Future Sight
|-immune|p2a: Zamazenta
|upkeep
|turn|10
|inactive|Maltyy has 90 seconds left.
|
|t:|1760783771
|move|p1a: Enamorus|Moonblast|p2a: Zamazenta
|-supereffective|p2a: Zamazenta
|-damage|p2a: Zamazenta|0 fnt
|faint|p2a: Zamazenta
|
|upkeep
|
|t:|1760783777
|switch|p2a: Glimmora|Glimmora, F|58/100
|turn|11
|
|t:|1760783793
|switch|p1a: Alomomola|Alomomola, F|78/100 psn
|-damage|p1a: Alomomola|66/100 psn|[from] Stealth Rock
|move|p2a: Glimmora|Earth Power|p1a: Alomomola
|-crit|p1a: Alomomola
|-damage|p1a: Alomomola|45/100 psn
|
|-damage|p1a: Alomomola|32/100 psn|[from] psn
|upkeep
|turn|12
|
|t:|1760783802
|move|p2a: Glimmora|Power Gem|p1a: Alomomola
|-damage|p1a: Alomomola|11/100 psn
|move|p1a: Alomomola|Mirror Coat|p2a: Glimmora
|-damage|p2a: Glimmora|0 fnt
|faint|p2a: Glimmora
|
|-damage|p1a: Alomomola|0 fnt|[from] psn
|faint|p1a: Alomomola
|upkeep
|
|t:|1760783810
|switch|p2a: Great Tusk|Great Tusk|100/100
|switch|p1a: Cinderace|Cinderace, F|100/100
|turn|13
|
|t:|1760783819
|move|p1a: Cinderace|Will-O-Wisp|p2a: Great Tusk
|-status|p2a: Great Tusk|brn
|move|p2a: Great Tusk|Rapid Spin|p1a: Cinderace
|-damage|p1a: Cinderace|90/100
|-boost|p2a: Great Tusk|spe|1
|
|-damage|p2a: Great Tusk|94/100 brn|[from] brn
|upkeep
|turn|14
|
|t:|1760783830
|-terastallize|p1a: Cinderace|Ghost
|move|p2a: Great Tusk|Headlong Rush|p1a: Cinderace
|-damage|p1a: Cinderace|52/100
|-unboost|p2a: Great Tusk|def|1
|-unboost|p2a: Great Tusk|spd|1
|move|p1a: Cinderace|Court Change|p1a: Cinderace
|-swapsideconditions
|-activate|p1a: Cinderace|move: Court Change
|
|-damage|p2a: Great Tusk|88/100 brn|[from] brn
|upkeep
|turn|15
|
|t:|1760783840
|move|p2a: Great Tusk|Headlong Rush|p1a: Cinderace
|-damage|p1a: Cinderace|12/100
|-unboost|p2a: Great Tusk|def|1
|-unboost|p2a: Great Tusk|spd|1
|move|p1a: Cinderace|U-turn|p2a: Great Tusk
|-resisted|p2a: Great Tusk
|-damage|p2a: Great Tusk|74/100 brn
|
|t:|1760783844
|switch|p1a: Enamorus|Enamorus, F|76/100|[from] U-turn
|
|-damage|p2a: Great Tusk|68/100 brn|[from] brn
|upkeep
|turn|16
|inactive|Maltyy has 120 seconds left.
|
|t:|1760783853
|move|p1a: Enamorus|Earth Power|p2a: Great Tusk
|-damage|p2a: Great Tusk|0 fnt
|faint|p2a: Great Tusk
|-end|p2a: Great Tusk|Protosynthesis|[silent]
|
|upkeep
|
|t:|1760783863
|switch|p2a: Iron Valiant|Iron Valiant|100/100
|-damage|p2a: Iron Valiant|94/100|[from] Stealth Rock
|turn|17
|
|t:|1760783876
|move|p1a: Enamorus|Earth Power|p2a: Iron Valiant
|-damage|p2a: Iron Valiant|26/100
|-unboost|p2a: Iron Valiant|spd|1
|move|p2a: Iron Valiant|Knock Off|p1a: Enamorus
|-resisted|p1a: Enamorus
|-damage|p1a: Enamorus|44/100
|-enditem|p1a: Enamorus|Choice Scarf|[from] move: Knock Off|[of] p2a: Iron Valiant
|-damage|p2a: Iron Valiant|16/100|[from] item: Life Orb
|
|upkeep
|turn|18
|c|☆ThyR34p3r|oh you stayed in
|
|t:|1760783891
|switch|p1a: Cinderace|Cinderace, F, tera:Ghost|12/100
|move|p2a: Iron Valiant|Thunderbolt|p1a: Cinderace
|-damage|p1a: Cinderace|0 fnt
|faint|p1a: Cinderace
|-damage|p2a: Iron Valiant|6/100|[from] item: Life Orb
|
|upkeep
|
|t:|1760783896
|switch|p1a: Lokix|Lokix, F|100/100
|turn|19
|
|t:|1760783902
|move|p1a: Lokix|First Impression|p2a: Iron Valiant
|-resisted|p2a: Iron Valiant
|-damage|p2a: Iron Valiant|0 fnt
|faint|p2a: Iron Valiant
|-end|p2a: Iron Valiant|Quark Drive|[silent]
|
|upkeep
|c|☆ThyR34p3r|Losweeps </3
|
|t:|1760783910
|switch|p2a: Ceruledge|Ceruledge, F|100/100
|-damage|p2a: Ceruledge|76/100|[from] Stealth Rock
|turn|20
|
|t:|1760783914
|switch|p1a: Great Tusk|Great Tusk|5/100 psn
|move|p2a: Ceruledge|Swords Dance|p2a: Ceruledge
|-boost|p2a: Ceruledge|atk|2
|
|-heal|p1a: Great Tusk|12/100 psn|[from] item: Leftovers
|-damage|p1a: Great Tusk|0 fnt|[from] psn
|faint|p1a: Great Tusk
|-end|p1a: Great Tusk|Protosynthesis|[silent]
|upkeep
|c|☆ThyR34p3r|ggwp lol
|
|t:|1760783924
|switch|p1a: Enamorus|Enamorus, F|44/100
|turn|21
|
|t:|1760783927
|move|p1a: Enamorus|Earth Power|p2a: Ceruledge
|-supereffective|p2a: Ceruledge
|-damage|p2a: Ceruledge|0 fnt
|faint|p2a: Ceruledge
|
|win|Maltyy
|raw|Maltyy's rating: 1402 &rarr; <strong>1425</strong><br />(+23 for winning)
|raw|ThyR34p3r's rating: 1455 &rarr; <strong>1432</strong><br />(-23 for losing)
|l|☆ThyR34p3r
|player|p2|
|c|☆Maltyy|gg
