|j|☆yonkolevelpirate
|j|☆RK Earth 9000
|t:|1760723276
|gametype|singles
|player|p1|yonkolevelpirate|2|1176
|player|p2|RK Earth 9000|volkner|1128
|gen|9
|tier|[Gen 9] OU
|rated|
|rule|HP Percentage Mod: HP is shown in percentages
|rule|Endless Battle Clause: Forcing endless battles is banned
|rule|Species Clause: Limit one of each Pokémon
|rule|OHKO Clause: OHKO moves are banned
|rule|Evasion Items Clause: Evasion items are banned
|rule|Evasion Moves Clause: Evasion moves are banned
|rule|Evasion Abilities Clause: Evasion abilities are banned
|rule|Sleep Moves Clause: Sleep-inducing moves are banned
|clearpoke
|poke|p1|Zapdos|
|poke|p1|Heatran, F|
|poke|p1|Alomomola, F|
|poke|p1|Gliscor, M|
|poke|p1|Raging Bolt|
|poke|p1|Pecharunt|
|poke|p2|Jirachi|
|poke|p2|Cresselia, F|
|poke|p2|Iron Moth|
|poke|p2|Registeel|
|poke|p2|Tentacruel, F|
|poke|p2|Manaphy|
|teampreview
|inactive|Battle timer is ON: inactive players will automatically lose when time's up. (requested by yonkolevelpirate)
|inactive|RK Earth 9000 has 120 seconds left.
|
|t:|1760723327
|teamsize|p1|6
|teamsize|p2|6
|start
|switch|p1a: Zapdos|Zapdos|100/100
|switch|p2a: Registeel|Registeel, shiny|100/100
|turn|1
|
|t:|1760723337
|move|p1a: Zapdos|Discharge|p2a: Registeel
|-damage|p2a: Registeel|75/100
|-status|p2a: Registeel|par
|move|p2a: Registeel|Stealth Rock|p1a: Zapdos
|-sidestart|p1: yonkolevelpirate|move: Stealth Rock
|
|upkeep
|turn|2
|
|t:|1760723350
|switch|p2a: Cresselia|Cresselia, F, shiny|100/100
|move|p1a: Zapdos|U-turn|p2a: Cresselia
|-supereffective|p2a: Cresselia
|-damage|p2a: Cresselia|83/100
|
|t:|1760723353
|switch|p1a: Gliscor|Gliscor, M|100/100|[from] U-turn
|-damage|p1a: Gliscor|88/100|[from] Stealth Rock
|
|-heal|p2a: Cresselia|89/100|[from] item: Leftovers
|-status|p1a: Gliscor|tox|[from] item: Toxic Orb
|upkeep
|turn|3
|
|t:|1760723363
|move|p1a: Gliscor|Knock Off|p2a: Cresselia
|-supereffective|p2a: Cresselia
|-damage|p2a: Cresselia|59/100
|-enditem|p2a: Cresselia|Leftovers|[from] move: Knock Off|[of] p1a: Gliscor
|move|p2a: Cresselia|Calm Mind|p2a: Cresselia
|-boost|p2a: Cresselia|spa|1
|-boost|p2a: Cresselia|spd|1
|
|-heal|p1a: Gliscor|100/100 tox|[from] ability: Poison Heal
|upkeep
|turn|4
|
|t:|1760723373
|move|p1a: Gliscor|Toxic|p2a: Cresselia
|-status|p2a: Cresselia|tox
|move|p2a: Cresselia|Skill Swap|p1a: Gliscor
|-activate|p2a: Cresselia|move: Skill Swap|Poison Heal|Levitate|[of] p1a: Gliscor
|
|-damage|p1a: Gliscor|88/100 tox|[from] psn
|-heal|p2a: Cresselia|72/100 tox|[from] ability: Poison Heal
|upkeep
|turn|5
|c|☆yonkolevelpirate|Yo
|c|☆yonkolevelpirate|I'm fucking goober
|inactive|yonkolevelpirate has 120 seconds left.
|c|☆yonkolevelpirate|Egg on my face fr
|
|t:|1760723416
|switch|p1a: Pecharunt|Pecharunt|100/100
|move|p2a: Cresselia|Calm Mind|p2a: Cresselia
|-boost|p2a: Cresselia|spa|1
|-boost|p2a: Cresselia|spd|1
|
|-heal|p2a: Cresselia|84/100 tox|[from] ability: Poison Heal
|upkeep
|turn|6
|inactive|RK Earth 9000 has 120 seconds left.
|
|t:|1760723440
|-terastallize|p2a: Cresselia|Electric
|move|p1a: Pecharunt|Parting Shot|p2a: Cresselia
|-unboost|p2a: Cresselia|atk|1
|-unboost|p2a: Cresselia|spa|1
|
|t:|1760723445
|switch|p1a: Gliscor|Gliscor, M|88/100 tox|[from] Parting Shot
|-damage|p1a: Gliscor|76/100 tox|[from] Stealth Rock
|move|p2a: Cresselia|Calm Mind|p2a: Cresselia
|-boost|p2a: Cresselia|spa|1
|-boost|p2a: Cresselia|spd|1
|
|-heal|p1a: Gliscor|88/100 tox|[from] ability: Poison Heal
|-heal|p2a: Cresselia|97/100 tox|[from] ability: Poison Heal
|upkeep
|turn|7
|
|t:|1760723457
|move|p1a: Gliscor|Spikes|p2a: Cresselia
|-sidestart|p2: RK Earth 9000|Spikes
|move|p2a: Cresselia|Ice Beam|p1a: Gliscor
|-supereffective|p1a: Gliscor
|-crit|p1a: Gliscor
|-damage|p1a: Gliscor|0 fnt
|faint|p1a: Gliscor
|
|-heal|p2a: Cresselia|100/100 tox|[from] ability: Poison Heal
|upkeep
|
|t:|1760723464
|switch|p1a: Heatran|Heatran, F|100/100
|-damage|p1a: Heatran|88/100|[from] Stealth Rock
|turn|8
|
|t:|1760723470
|move|p1a: Heatran|Iron Defense|p1a: Heatran
|-boost|p1a: Heatran|def|2
|move|p2a: Cresselia|Thunderbolt|p1a: Heatran
|-damage|p1a: Heatran|36/100
|
|-heal|p1a: Heatran|42/100|[from] item: Leftovers
|upkeep
|turn|9
|
|t:|1760723478
|-terastallize|p1a: Heatran|Fighting
|move|p1a: Heatran|Body Press|p2a: Cresselia
|-damage|p2a: Cresselia|55/100 tox
|move|p2a: Cresselia|Thunderbolt|p1a: Heatran
|-damage|p1a: Heatran|0 fnt
|faint|p1a: Heatran
|
|-heal|p2a: Cresselia|67/100 tox|[from] ability: Poison Heal
|upkeep
|-message|yonkolevelpirate forfeited.
|
|win|RK Earth 9000
|raw|yonkolevelpirate's rating: 1176 &rarr; <strong>1148</strong><br />(-28 for losing)
|raw|RK Earth 9000's rating: 1128 &rarr; <strong>1156</strong><br />(+28 for winning)
|l|☆yonkolevelpirate
|player|p1|
