|j|☆V4-l4ck1n
|j|☆rraindancerr
|t:|1760800706
|gametype|singles
|player|p1|V4-l4ck1n|265|1335
|player|p2|rraindancerr|wallace|1342
|gen|9
|tier|[Gen 9] OU
|rated|
|rule|HP Percentage Mod: HP is shown in percentages
|rule|Endless Battle Clause: Forcing endless battles is banned
|rule|Species Clause: Limit one of each Pokémon
|rule|OHKO Clause: OHKO moves are banned
|rule|Evasion Items Clause: Evasion items are banned
|rule|Evasion Moves Clause: Evasion moves are banned
|rule|Evasion Abilities Clause: Evasion abilities are banned
|rule|Sleep Moves Clause: Sleep-inducing moves are banned
|clearpoke
|poke|p1|Garchomp, F|
|poke|p1|Ribombee, F|
|poke|p1|Great Tusk|
|poke|p1|Heatran, M|
|poke|p1|Cacturne, M|
|poke|p1|Gengar, F|
|poke|p2|Pelipper, F|
|poke|p2|Barraskewda, M|
|poke|p2|Zapdos|
|poke|p2|Ogerpon-Cornerstone, F|
|poke|p2|Iron Treads|
|poke|p2|Hatterene, F|
|teampreview
|inactive|Battle timer is ON: inactive players will automatically lose when time's up. (requested by rraindancerr)
|
|t:|1760800715
|teamsize|p1|6
|teamsize|p2|6
|start
|switch|p1a: Ribombee|Ribombee, F|100/100
|switch|p2a: Pelipper|Pelipper, F, shiny|100/100
|-weather|RainDance|[from] ability: Drizzle|[of] p2a: Pelipper
|turn|1
|
|t:|1760800718
|switch|p2a: Hatterene|Hatterene, F, shiny|100/100
|move|p1a: Ribombee|Sticky Web|p2a: Hatterene
|move|p2a: Hatterene|Sticky Web|p1a: Ribombee|[from] ability: Magic Bounce
|-sidestart|p1: V4-l4ck1n|move: Sticky Web
|
|-weather|RainDance|[upkeep]
|upkeep
|turn|2
|
|t:|1760800728
|switch|p1a: Heatran|Heatran, M|100/100
|-activate|p1a: Heatran|move: Sticky Web
|-unboost|p1a: Heatran|spe|1
|switch|p2a: Barraskewda|Barraskewda, M|100/100
|
|-weather|RainDance|[upkeep]
|upkeep
|turn|3
|
|t:|1760800735
|move|p1a: Heatran|Protect|p1a: Heatran
|-singleturn|p1a: Heatran|Protect
|move|p2a: Barraskewda|Liquidation|p1a: Heatran
|-activate|p1a: Heatran|move: Protect
|
|-weather|RainDance|[upkeep]
|upkeep
|turn|4
|
|t:|1760800739
|switch|p1a: Cacturne|Cacturne, M, shiny|100/100
|-activate|p1a: Cacturne|move: Sticky Web
|-unboost|p1a: Cacturne|spe|1
|move|p2a: Barraskewda|Liquidation|p1a: Cacturne
|-immune|p1a: Cacturne|[from] ability: Water Absorb
|
|-weather|RainDance|[upkeep]
|upkeep
|turn|5
|
|t:|1760800750
|switch|p2a: Zapdos|Zapdos, shiny|100/100
|move|p1a: Cacturne|Knock Off|p2a: Zapdos
|-damage|p2a: Zapdos|31/100
|-enditem|p2a: Zapdos|Assault Vest|[from] move: Knock Off|[of] p1a: Cacturne
|
|-weather|RainDance|[upkeep]
|upkeep
|turn|6
|
|t:|1760800759
|move|p1a: Cacturne|Sucker Punch|p2a: Zapdos
|-damage|p2a: Zapdos|0 fnt
|faint|p2a: Zapdos
|
|-weather|RainDance|[upkeep]
|upkeep
|
|t:|1760800762
|switch|p2a: Barraskewda|Barraskewda, M|100/100
|turn|7
|
|t:|1760800768
|switch|p1a: Gengar|Gengar, F|100/100
|-activate|p1a: Gengar|move: Sticky Web
|-unboost|p1a: Gengar|spe|1
|move|p2a: Barraskewda|Poison Jab|p1a: Gengar
|-resisted|p1a: Gengar
|-damage|p1a: Gengar|79/100
|
|-weather|RainDance|[upkeep]
|upkeep
|turn|8
|
|t:|1760800779
|switch|p2a: Iron Treads|Iron Treads|100/100
|-enditem|p2a: Iron Treads|Booster Energy
|-activate|p2a: Iron Treads|ability: Quark Drive|[fromitem]
|-start|p2a: Iron Treads|quarkdrivespe
|move|p1a: Gengar|Thunder|p2a: Iron Treads
|-immune|p2a: Iron Treads
|
|-weather|none
|upkeep
|turn|9
|
|t:|1760800785
|switch|p1a: Great Tusk|Great Tusk|100/100
|move|p2a: Iron Treads|Earthquake|p1a: Great Tusk
|-damage|p1a: Great Tusk|67/100
|
|upkeep
|turn|10
|
|t:|1760800791
|-end|p2a: Iron Treads|Quark Drive|[silent]
|switch|p2a: Pelipper|Pelipper, F, shiny|100/100
|-weather|RainDance|[from] ability: Drizzle|[of] p2a: Pelipper
|move|p1a: Great Tusk|Rapid Spin|p2a: Pelipper
|-damage|p2a: Pelipper|87/100
|-boost|p1a: Great Tusk|spe|1
|-sideend|p1: V4-l4ck1n|Sticky Web|[from] move: Rapid Spin|[of] p1a: Great Tusk
|
|-weather|RainDance|[upkeep]
|upkeep
|turn|11
|
|t:|1760800802
|-end|p1a: Great Tusk|Protosynthesis|[silent]
|switch|p1a: Heatran|Heatran, M|100/100
|move|p2a: Pelipper|Hurricane|p1a: Heatran
|-resisted|p1a: Heatran
|-damage|p1a: Heatran|90/100
|-start|p1a: Heatran|confusion
|
|-weather|RainDance|[upkeep]
|-heal|p1a: Heatran|96/100|[from] item: Leftovers
|upkeep
|turn|12
|
|t:|1760800812
|-activate|p1a: Heatran|confusion
|move|p1a: Heatran|Protect|p1a: Heatran
|-singleturn|p1a: Heatran|Protect
|move|p2a: Pelipper|U-turn|p1a: Heatran
|-activate|p1a: Heatran|move: Protect
|
|-weather|RainDance|[upkeep]
|-heal|p1a: Heatran|100/100|[from] item: Leftovers
|upkeep
|turn|13
|
|t:|1760800819
|-activate|p1a: Heatran|confusion
|-damage|p1a: Heatran|95/100|[from] confusion
|move|p2a: Pelipper|U-turn|p1a: Heatran
|-resisted|p1a: Heatran
|-damage|p1a: Heatran|94/100
|
|t:|1760800845
|switch|p2a: Ogerpon|Ogerpon-Cornerstone, F|100/100|[from] U-turn
|
|-weather|RainDance|[upkeep]
|-heal|p1a: Heatran|99/100|[from] item: Leftovers
|upkeep
|turn|14
|
|t:|1760800851
|-terastallize|p2a: Ogerpon|Rock
|detailschange|p2a: Ogerpon|Ogerpon-Cornerstone-Tera, F, tera:Rock
|-ability|p2a: Ogerpon|Embody Aspect (Cornerstone)|boost
|-boost|p2a: Ogerpon|def|1
|move|p2a: Ogerpon|Ivy Cudgel|p1a: Heatran|[anim] Ivy Cudgel Rock
|-crit|p1a: Heatran
|-damage|p1a: Heatran|4/100
|-end|p1a: Heatran|confusion
|move|p1a: Heatran|Will-O-Wisp|p2a: Ogerpon
|-status|p2a: Ogerpon|brn
|
|-weather|RainDance|[upkeep]
|-heal|p1a: Heatran|10/100|[from] item: Leftovers
|-damage|p2a: Ogerpon|95/100 brn|[from] brn
|upkeep
|turn|15
|
|t:|1760800862
|move|p1a: Heatran|Protect|p1a: Heatran
|-singleturn|p1a: Heatran|Protect
|move|p2a: Ogerpon|Ivy Cudgel|p1a: Heatran|[anim] Ivy Cudgel Rock
|-activate|p1a: Heatran|move: Protect
|
|-weather|RainDance|[upkeep]
|-heal|p1a: Heatran|16/100|[from] item: Leftovers
|-damage|p2a: Ogerpon|89/100 brn|[from] brn
|upkeep
|turn|16
|
|t:|1760800867
|switch|p1a: Great Tusk|Great Tusk|67/100
|move|p2a: Ogerpon|U-turn|p1a: Great Tusk
|-resisted|p1a: Great Tusk
|-damage|p1a: Great Tusk|62/100
|
|t:|1760800871
|switch|p2a: Hatterene|Hatterene, F, shiny|100/100|[from] U-turn
|
|-weather|RainDance|[upkeep]
|upkeep
|turn|17
|
|t:|1760800875
|move|p1a: Great Tusk|Earthquake|p2a: Hatterene
|-damage|p2a: Hatterene|55/100
|-enditem|p2a: Hatterene|Eject Button
|
|t:|1760800879
|switch|p2a: Ogerpon|Ogerpon-Cornerstone-Tera, F, tera:Rock|89/100 brn
|-ability|p2a: Ogerpon|Embody Aspect (Cornerstone)|boost
|-boost|p2a: Ogerpon|def|1
|
|-weather|none
|-damage|p2a: Ogerpon|83/100 brn|[from] brn
|upkeep
|turn|18
|
|t:|1760800887
|switch|p2a: Pelipper|Pelipper, F, shiny|87/100
|-weather|RainDance|[from] ability: Drizzle|[of] p2a: Pelipper
|move|p1a: Great Tusk|Earthquake|p2a: Pelipper
|-immune|p2a: Pelipper
|
|-weather|RainDance|[upkeep]
|upkeep
|turn|19
|
|t:|1760800898
|-end|p1a: Great Tusk|Protosynthesis|[silent]
|switch|p1a: Heatran|Heatran, M|16/100
|move|p2a: Pelipper|U-turn|p1a: Heatran
|-resisted|p1a: Heatran
|-damage|p1a: Heatran|14/100
|
|t:|1760800905
|switch|p2a: Hatterene|Hatterene, F, shiny|55/100|[from] U-turn
|
|-weather|RainDance|[upkeep]
|-heal|p1a: Heatran|21/100|[from] item: Leftovers
|upkeep
|turn|20
|
|t:|1760800913
|move|p1a: Heatran|Magma Storm|p2a: Hatterene
|-damage|p2a: Hatterene|34/100
|-activate|p2a: Hatterene|move: Magma Storm|[of] p1a: Heatran
|move|p2a: Hatterene|Healing Wish|p2a: Hatterene
|faint|p2a: Hatterene
|
|-weather|RainDance|[upkeep]
|-heal|p1a: Heatran|27/100|[from] item: Leftovers
|upkeep
|
|t:|1760800916
|switch|p2a: Ogerpon|Ogerpon-Cornerstone-Tera, F, tera:Rock|83/100 brn
|-heal|p2a: Ogerpon|100/100|[from] move: Healing Wish
|-ability|p2a: Ogerpon|Embody Aspect (Cornerstone)|boost
|-boost|p2a: Ogerpon|def|1
|turn|21
|
|t:|1760800924
|move|p1a: Heatran|Protect|p1a: Heatran
|-singleturn|p1a: Heatran|Protect
|move|p2a: Ogerpon|Ivy Cudgel|p1a: Heatran|[anim] Ivy Cudgel Rock
|-activate|p1a: Heatran|move: Protect
|
|-weather|RainDance|[upkeep]
|-heal|p1a: Heatran|33/100|[from] item: Leftovers
|upkeep
|turn|22
|
|t:|1760800929
|switch|p1a: Great Tusk|Great Tusk|62/100
|move|p2a: Ogerpon|Ivy Cudgel|p1a: Great Tusk|[anim] Ivy Cudgel Rock
|-resisted|p1a: Great Tusk
|-damage|p1a: Great Tusk|49/100
|
|-weather|RainDance|[upkeep]
|upkeep
|turn|23
|
|t:|1760800942
|move|p2a: Ogerpon|Power Whip|p1a: Great Tusk
|-supereffective|p1a: Great Tusk
|-crit|p1a: Great Tusk
|-damage|p1a: Great Tusk|0 fnt
|faint|p1a: Great Tusk
|-end|p1a: Great Tusk|Protosynthesis|[silent]
|
|-weather|RainDance|[upkeep]
|upkeep
|
|t:|1760800950
|switch|p1a: Ribombee|Ribombee, F|100/100
|turn|24
|
|t:|1760800965
|move|p1a: Ribombee|Sticky Web|p2a: Ogerpon
|-sidestart|p2: rraindancerr|move: Sticky Web
|move|p2a: Ogerpon|Ivy Cudgel|p1a: Ribombee|[anim] Ivy Cudgel Rock
|-supereffective|p1a: Ribombee
|-enditem|p1a: Ribombee|Focus Sash
|-damage|p1a: Ribombee|1/100
|
|-weather|RainDance|[upkeep]
|upkeep
|turn|25
|
|t:|1760800972
|move|p1a: Ribombee|Moonblast|p2a: Ogerpon
|-crit|p2a: Ogerpon
|-damage|p2a: Ogerpon|34/100
|-unboost|p2a: Ogerpon|spa|1
|move|p2a: Ogerpon|Ivy Cudgel|p1a: Ribombee|[anim] Ivy Cudgel Rock
|-supereffective|p1a: Ribombee
|-damage|p1a: Ribombee|0 fnt
|faint|p1a: Ribombee
|
|-weather|none
|upkeep
|
|t:|1760800979
|switch|p1a: Garchomp|Garchomp, F|100/100
|turn|26
|
|t:|1760800986
|move|p2a: Ogerpon|Play Rough|p1a: Garchomp
|-supereffective|p1a: Garchomp
|-damage|p1a: Garchomp|33/100
|-damage|p2a: Ogerpon|21/100|[from] ability: Rough Skin|[of] p1a: Garchomp
|move|p1a: Garchomp|Swords Dance|p1a: Garchomp
|-boost|p1a: Garchomp|atk|2
|
|upkeep
|turn|27
|
|t:|1760801001
|switch|p1a: Heatran|Heatran, M|33/100
|move|p2a: Ogerpon|Ivy Cudgel|p1a: Heatran|[anim] Ivy Cudgel Rock
|-damage|p1a: Heatran|0 fnt
|faint|p1a: Heatran
|
|upkeep
|
|t:|1760801007
|switch|p1a: Cacturne|Cacturne, M, shiny|100/100
|turn|28
|
|t:|1760801017
|switch|p2a: Pelipper|Pelipper, F, shiny|87/100
|-weather|RainDance|[from] ability: Drizzle|[of] p2a: Pelipper
|move|p1a: Cacturne|Knock Off|p2a: Pelipper
|-damage|p2a: Pelipper|39/100
|-enditem|p2a: Pelipper|Damp Rock|[from] move: Knock Off|[of] p1a: Cacturne
|
|-weather|RainDance|[upkeep]
|upkeep
|turn|29
|
|t:|1760801027
|move|p1a: Cacturne|Sucker Punch|p2a: Pelipper
|-damage|p2a: Pelipper|7/100
|move|p2a: Pelipper|U-turn|p1a: Cacturne
|-supereffective|p1a: Cacturne
|-damage|p1a: Cacturne|48/100
|
|t:|1760801029
|switch|p2a: Iron Treads|Iron Treads|100/100|[from] U-turn
|-activate|p2a: Iron Treads|move: Sticky Web
|-unboost|p2a: Iron Treads|spe|1
|
|-weather|RainDance|[upkeep]
|upkeep
|turn|30
|
|t:|1760801037
|switch|p1a: Gengar|Gengar, F|79/100
|move|p2a: Iron Treads|Earthquake|p1a: Gengar
|-supereffective|p1a: Gengar
|-damage|p1a: Gengar|0 fnt
|-start|p2a: Iron Treads|Disable|Earthquake|[from] ability: Cursed Body|[of] p1a: Gengar
|faint|p1a: Gengar
|
|-weather|RainDance|[upkeep]
|upkeep
|
|t:|1760801041
|switch|p1a: Garchomp|Garchomp, F|33/100
|turn|31
|
|t:|1760801052
|move|p1a: Garchomp|Earthquake|p2a: Iron Treads
|-supereffective|p2a: Iron Treads
|-damage|p2a: Iron Treads|13/100
|move|p2a: Iron Treads|Rapid Spin|p1a: Garchomp
|-damage|p1a: Garchomp|17/100
|-boost|p2a: Iron Treads|spe|1
|-damage|p2a: Iron Treads|0 fnt|[from] ability: Rough Skin|[of] p1a: Garchomp
|faint|p2a: Iron Treads
|-end|p2a: Iron Treads|Quark Drive|[silent]
|
|-weather|RainDance|[upkeep]
|upkeep
|
|t:|1760801076
|switch|p2a: Barraskewda|Barraskewda, M|100/100
|-activate|p2a: Barraskewda|move: Sticky Web
|-unboost|p2a: Barraskewda|spe|1
|turn|32
|
|t:|1760801080
|switch|p1a: Cacturne|Cacturne, M, shiny|48/100
|move|p2a: Barraskewda|Poison Jab|p1a: Cacturne
|-supereffective|p1a: Cacturne
|-damage|p1a: Cacturne|0 fnt
|faint|p1a: Cacturne
|
|-weather|RainDance|[upkeep]
|upkeep
|
|t:|1760801085
|switch|p1a: Garchomp|Garchomp, F|17/100
|turn|33
|
|t:|1760801088
|move|p2a: Barraskewda|Poison Jab|p1a: Garchomp
|-resisted|p1a: Garchomp
|-damage|p1a: Garchomp|0 fnt
|-damage|p2a: Barraskewda|88/100|[from] ability: Rough Skin|[of] p1a: Garchomp
|faint|p1a: Garchomp
|
|win|rraindancerr
|raw|V4-l4ck1n's rating: 1335 &rarr; <strong>1315</strong><br />(-20 for losing)
|raw|rraindancerr's rating: 1342 &rarr; <strong>1362</strong><br />(+20 for winning)
|l|☆V4-l4ck1n
|player|p1|
|l|☆rraindancerr
|player|p2|
