|j|☆bigtestsofbig
|j|☆AlmightyHD
|t:|1760819301
|gametype|singles
|player|p1|bigtestsofbig|2|1510
|player|p2|AlmightyHD|acetrainerf-gen4dp|1491
|gen|9
|tier|[Gen 9] OU
|rated|
|rule|HP Percentage Mod: HP is shown in percentages
|rule|Endless Battle Clause: Forcing endless battles is banned
|rule|Species Clause: Limit one of each Pokémon
|rule|OHKO Clause: OHKO moves are banned
|rule|Evasion Items Clause: Evasion items are banned
|rule|Evasion Moves Clause: Evasion moves are banned
|rule|Evasion Abilities Clause: Evasion abilities are banned
|rule|Sleep Moves Clause: Sleep-inducing moves are banned
|clearpoke
|poke|p1|Empoleon, F|
|poke|p1|Zapdos|
|poke|p1|Kyurem|
|poke|p1|Iron Valiant|
|poke|p1|Skeledirge, F|
|poke|p1|Great Tusk|
|poke|p2|Dragonite, F|
|poke|p2|Tyranitar, M|
|poke|p2|Excadrill, M|
|poke|p2|Ogerpon-Wellspring, F|
|poke|p2|Moltres|
|poke|p2|Uxie|
|teampreview
|
|t:|1760819324
|teamsize|p1|6
|teamsize|p2|6
|start
|switch|p1a: Kyurem|Kyurem|100/100
|switch|p2a: Tyranitar|Tyranitar, M, shiny|100/100
|-ability|p1a: Kyurem|Pressure
|-weather|Sandstorm|[from] ability: Sand Stream|[of] p2a: Tyranitar
|turn|1
|inactive|Battle timer is ON: inactive players will automatically lose when time's up. (requested by bigtestsofbig)
|
|t:|1760819328
|move|p1a: Kyurem|Focus Blast|p2a: Tyranitar
|-supereffective|p2a: Tyranitar
|-damage|p2a: Tyranitar|0 fnt
|faint|p2a: Tyranitar
|
|-weather|Sandstorm|[upkeep]
|-damage|p1a: Kyurem|94/100|[from] Sandstorm
|upkeep
|
|t:|1760819334
|switch|p2a: Dragonite|Dragonite, F|100/100
|turn|2
|
|t:|1760819340
|switch|p1a: Skeledirge|Skeledirge, F|100/100
|move|p2a: Dragonite|Outrage|p1a: Skeledirge
|-damage|p1a: Skeledirge|27/100
|
|-weather|Sandstorm|[upkeep]
|-damage|p2a: Dragonite|94/100|[from] Sandstorm
|-damage|p1a: Skeledirge|21/100|[from] Sandstorm
|upkeep
|turn|3
|inactive|bigtestsofbig has 120 seconds left.
|
|t:|1760819379
|-terastallize|p1a: Skeledirge|Fairy
|move|p2a: Dragonite|Outrage|p1a: Skeledirge|[from] lockedmove
|-immune|p1a: Skeledirge
|-start|p2a: Dragonite|confusion|[fatigue]
|move|p1a: Skeledirge|Slack Off|p1a: Skeledirge
|-heal|p1a: Skeledirge|71/100
|
|-weather|Sandstorm|[upkeep]
|-damage|p2a: Dragonite|88/100|[from] Sandstorm
|-damage|p1a: Skeledirge|65/100|[from] Sandstorm
|upkeep
|turn|4
|
|t:|1760819385
|switch|p2a: Uxie|Uxie, shiny|100/100
|move|p1a: Skeledirge|Will-O-Wisp|p2a: Uxie
|-status|p2a: Uxie|brn
|
|-weather|Sandstorm|[upkeep]
|-damage|p2a: Uxie|94/100 brn|[from] Sandstorm
|-damage|p1a: Skeledirge|59/100|[from] Sandstorm
|-damage|p2a: Uxie|88/100 brn|[from] brn
|upkeep
|turn|5
|
|t:|1760819391
|switch|p1a: Empoleon|Empoleon, F|100/100
|move|p2a: Uxie|Knock Off|p1a: Empoleon
|-damage|p1a: Empoleon|94/100
|-enditem|p1a: Empoleon|Assault Vest|[from] move: Knock Off|[of] p2a: Uxie
|
|-weather|none
|-damage|p2a: Uxie|82/100 brn|[from] brn
|upkeep
|turn|6
|
|t:|1760819397
|move|p2a: Uxie|Stealth Rock|p1a: Empoleon
|-sidestart|p1: bigtestsofbig|move: Stealth Rock
|move|p1a: Empoleon|Surf|p2a: Uxie
|-damage|p2a: Uxie|54/100 brn
|
|-damage|p2a: Uxie|48/100 brn|[from] brn
|upkeep
|turn|7
|
|t:|1760819401
|move|p2a: Uxie|Psychic Noise|p1a: Empoleon
|-resisted|p1a: Empoleon
|-damage|p1a: Empoleon|85/100
|-start|p1a: Empoleon|move: Heal Block
|move|p1a: Empoleon|Surf|p2a: Uxie
|-damage|p2a: Uxie|19/100 brn
|
|-damage|p2a: Uxie|13/100 brn|[from] brn
|upkeep
|turn|8
|
|t:|1760819406
|move|p2a: Uxie|Pain Split|p1a: Empoleon
|-sethp|p1a: Empoleon|49/100|[from] move: Pain Split|[silent]
|-sethp|p2a: Uxie|51/100 brn|[from] move: Pain Split
|move|p1a: Empoleon|Ice Beam|p2a: Uxie
|-damage|p2a: Uxie|32/100 brn
|
|-damage|p2a: Uxie|26/100 brn|[from] brn
|-end|p1a: Empoleon|move: Heal Block
|upkeep
|turn|9
|
|t:|1760819410
|switch|p2a: Ogerpon|Ogerpon-Wellspring, F|100/100
|move|p1a: Empoleon|Surf|p2a: Ogerpon
|-immune|p2a: Ogerpon|[from] ability: Water Absorb
|
|upkeep
|turn|10
|
|t:|1760819414
|move|p2a: Ogerpon|Swords Dance|p2a: Ogerpon
|-boost|p2a: Ogerpon|atk|2
|move|p1a: Empoleon|Ice Beam|p2a: Ogerpon
|-damage|p2a: Ogerpon|73/100
|
|upkeep
|turn|11
|
|t:|1760819418
|move|p2a: Ogerpon|Swords Dance|p2a: Ogerpon
|-boost|p2a: Ogerpon|atk|2
|move|p1a: Empoleon|Ice Beam|p2a: Ogerpon
|-damage|p2a: Ogerpon|41/100
|
|upkeep
|turn|12
|
|t:|1760819421
|move|p2a: Ogerpon|Horn Leech|p1a: Empoleon
|-damage|p1a: Empoleon|0 fnt
|-heal|p2a: Ogerpon|71/100|[from] drain|[of] p1a: Empoleon
|faint|p1a: Empoleon
|
|upkeep
|
|t:|1760819429
|switch|p1a: Iron Valiant|Iron Valiant|100/100
|-damage|p1a: Iron Valiant|94/100|[from] Stealth Rock
|-enditem|p1a: Iron Valiant|Booster Energy
|-activate|p1a: Iron Valiant|ability: Quark Drive|[fromitem]
|-start|p1a: Iron Valiant|quarkdrivespe
|turn|13
|
|t:|1760819432
|-terastallize|p2a: Ogerpon|Water
|detailschange|p2a: Ogerpon|Ogerpon-Wellspring-Tera, F, tera:Water
|-ability|p2a: Ogerpon|Embody Aspect (Wellspring)|boost
|-boost|p2a: Ogerpon|spd|1
|move|p1a: Iron Valiant|Destiny Bond|p1a: Iron Valiant
|-singlemove|p1a: Iron Valiant|Destiny Bond
|move|p2a: Ogerpon|Ivy Cudgel|p1a: Iron Valiant|[anim] Ivy Cudgel Water
|-damage|p1a: Iron Valiant|0 fnt
|faint|p1a: Iron Valiant
|-activate|p1a: Iron Valiant|move: Destiny Bond
|-end|p1a: Iron Valiant|Quark Drive|[silent]
|faint|p2a: Ogerpon
|detailschange|p2: Ogerpon|Ogerpon-Wellspring, F|[silent]
|
|upkeep
|
|t:|1760819451
|switch|p1a: Kyurem|Kyurem|94/100
|switch|p2a: Dragonite|Dragonite, F|88/100
|-damage|p1a: Kyurem|70/100|[from] Stealth Rock
|-ability|p1a: Kyurem|Pressure
|turn|14
|
|t:|1760819454
|switch|p2a: Uxie|Uxie, shiny|26/100 brn
|move|p1a: Kyurem|Ice Beam|p2a: Uxie
|-damage|p2a: Uxie|0 fnt
|faint|p2a: Uxie
|
|upkeep
|
|t:|1760819463
|switch|p2a: Moltres|Moltres|100/100
|turn|15
|
|t:|1760819468
|move|p1a: Kyurem|Ice Beam|p2a: Moltres
|-damage|p2a: Moltres|27/100
|move|p2a: Moltres|Flamethrower|p1a: Kyurem
|-damage|p1a: Kyurem|33/100
|
|upkeep
|turn|16
|
|t:|1760819474
|move|p1a: Kyurem|Ice Beam|p2a: Moltres
|-damage|p2a: Moltres|0 fnt
|faint|p2a: Moltres
|
|upkeep
|inactive|AlmightyHD has 120 seconds left.
|
|t:|1760819506
|switch|p2a: Dragonite|Dragonite, F|88/100
|turn|17
|
|t:|1760819511
|move|p2a: Dragonite|Extreme Speed|p1a: Kyurem
|-damage|p1a: Kyurem|0 fnt
|faint|p1a: Kyurem
|
|upkeep
|
|t:|1760819521
|switch|p1a: Skeledirge|Skeledirge, F, tera:Fairy|59/100
|turn|18
|
|t:|1760819525
|move|p2a: Dragonite|Extreme Speed|p1a: Skeledirge
|-damage|p1a: Skeledirge|26/100
|move|p1a: Skeledirge|Will-O-Wisp|p2a: Dragonite
|-status|p2a: Dragonite|brn
|
|-damage|p2a: Dragonite|82/100 brn|[from] brn
|upkeep
|turn|19
|
|t:|1760819530
|switch|p2a: Excadrill|Excadrill, M|100/100
|-item|p2a: Excadrill|Air Balloon
|move|p1a: Skeledirge|Will-O-Wisp|p2a: Excadrill|[miss]
|-miss|p1a: Skeledirge|p2a: Excadrill
|
|upkeep
|turn|20
|
|t:|1760819539
|move|p2a: Excadrill|Iron Head|p1a: Skeledirge
|-supereffective|p1a: Skeledirge
|-damage|p1a: Skeledirge|0 fnt
|faint|p1a: Skeledirge
|
|upkeep
|
|t:|1760819543
|switch|p1a: Great Tusk|Great Tusk|100/100
|turn|21
|
|t:|1760819557
|switch|p2a: Dragonite|Dragonite, F|82/100 brn
|move|p1a: Great Tusk|Rapid Spin|p2a: Dragonite
|-damage|p2a: Dragonite|64/100 brn
|-boost|p1a: Great Tusk|spe|1
|-sideend|p1: bigtestsofbig|Stealth Rock|[from] move: Rapid Spin|[of] p1a: Great Tusk
|
|-damage|p2a: Dragonite|58/100 brn|[from] brn
|upkeep
|turn|22
|
|t:|1760819565
|move|p1a: Great Tusk|Ice Spinner|p2a: Dragonite
|-supereffective|p2a: Dragonite
|-damage|p2a: Dragonite|0 fnt
|faint|p2a: Dragonite
|
|upkeep
|
|t:|1760819567
|switch|p2a: Excadrill|Excadrill, M|100/100
|-item|p2a: Excadrill|Air Balloon
|turn|23
|
|t:|1760819570
|move|p1a: Great Tusk|Rapid Spin|p2a: Excadrill
|-resisted|p2a: Excadrill
|-damage|p2a: Excadrill|88/100
|-boost|p1a: Great Tusk|spe|1
|-enditem|p2a: Excadrill|Air Balloon
|move|p2a: Excadrill|Rapid Spin|p1a: Great Tusk
|-damage|p1a: Great Tusk|88/100
|-boost|p2a: Excadrill|spe|1
|
|upkeep
|turn|24
|
|t:|1760819573
|move|p1a: Great Tusk|Headlong Rush|p2a: Excadrill
|-supereffective|p2a: Excadrill
|-damage|p2a: Excadrill|0 fnt
|-unboost|p1a: Great Tusk|def|1
|-unboost|p1a: Great Tusk|spd|1
|faint|p2a: Excadrill
|
|win|bigtestsofbig
|raw|bigtestsofbig's rating: 1510 &rarr; <strong>1529</strong><br />(+19 for winning)
|raw|AlmightyHD's rating: 1491 &rarr; <strong>1472</strong><br />(-19 for losing)
|l|☆AlmightyHD
|player|p2|
|l|☆bigtestsofbig
|player|p1|
