|j|☆MobShadow
|j|‽charizardrekt
|t:|1760810393
|gametype|singles
|player|p1|MobShadow|giovanni|1051
|player|p2|charizardrekt|169|1073
|gen|9
|tier|[Gen 9] OU
|rated|
|rule|HP Percentage Mod: HP is shown in percentages
|rule|Endless Battle Clause: Forcing endless battles is banned
|rule|Species Clause: Limit one of each Pokémon
|rule|OHKO Clause: OHKO moves are banned
|rule|Evasion Items Clause: Evasion items are banned
|rule|Evasion Moves Clause: Evasion moves are banned
|rule|Evasion Abilities Clause: Evasion abilities are banned
|rule|Sleep Moves Clause: Sleep-inducing moves are banned
|clearpoke
|poke|p1|Charizard, F|
|poke|p1|Greninja-*, F|
|poke|p1|Zapdos-Galar|
|poke|p1|Tyranitar, F|
|poke|p1|Toucannon, M|
|poke|p1|Serperior, F|
|poke|p2|Iron Moth|
|poke|p2|Raging Bolt|
|poke|p2|Corviknight, M|
|poke|p2|Enamorus, F|
|poke|p2|Garganacl, F|
|poke|p2|Bellibolt, F|
|teampreview
|inactive|Battle timer is ON: inactive players will automatically lose when time's up. (requested by charizardrekt)
|
|t:|1760810402
|teamsize|p1|6
|teamsize|p2|6
|start
|switch|p1a: Toucannon|Toucannon, M|100/100
|switch|p2a: Raging Bolt|Raging Bolt|100/100
|-enditem|p2a: Raging Bolt|Booster Energy
|-activate|p2a: Raging Bolt|ability: Protosynthesis|[fromitem]
|-start|p2a: Raging Bolt|protosynthesisspa
|turn|1
|c|☆MobShadow|Salve
|
|t:|1760810419
|move|p2a: Raging Bolt|Calm Mind|p2a: Raging Bolt
|-boost|p2a: Raging Bolt|spa|1
|-boost|p2a: Raging Bolt|spd|1
|move|p1a: Toucannon|Boomburst|p2a: Raging Bolt
|-crit|p2a: Raging Bolt
|-damage|p2a: Raging Bolt|31/100
|
|upkeep
|turn|2
|
|t:|1760810428
|move|p2a: Raging Bolt|Thunderclap|p1a: Toucannon
|-supereffective|p1a: Toucannon
|-damage|p1a: Toucannon|0 fnt
|faint|p1a: Toucannon
|
|upkeep
|
|t:|1760810437
|switch|p1a: Serperior|Serperior, F|100/100
|turn|3
|
|t:|1760810441
|move|p1a: Serperior|Leaf Blade|p2a: Raging Bolt
|-resisted|p2a: Raging Bolt
|-damage|p2a: Raging Bolt|19/100
|move|p2a: Raging Bolt|Draco Meteor|p1a: Serperior
|-damage|p1a: Serperior|0 fnt
|-unboost|p2a: Raging Bolt|spa|2
|faint|p1a: Serperior
|
|upkeep
|
|t:|1760810450
|switch|p1a: Tyranitar|Tyranitar, F|100/100
|-weather|Sandstorm|[from] ability: Sand Stream|[of] p1a: Tyranitar
|turn|4
|
|t:|1760810454
|-end|p2a: Raging Bolt|Protosynthesis|[silent]
|switch|p2a: Garganacl|Garganacl, F|100/100
|move|p1a: Tyranitar|Ice Beam|p2a: Garganacl
|-damage|p2a: Garganacl|86/100
|
|-weather|Sandstorm|[upkeep]
|-heal|p2a: Garganacl|92/100|[from] item: Leftovers
|upkeep
|turn|5
|
|t:|1760810462
|switch|p1a: Greninja|Greninja, F|100/100
|move|p2a: Garganacl|Iron Defense|p2a: Garganacl
|-boost|p2a: Garganacl|def|2
|
|-weather|Sandstorm|[upkeep]
|-damage|p1a: Greninja|95/100|[from] Sandstorm
|-heal|p1a: Greninja|100/100|[from] item: Leftovers
|-heal|p2a: Garganacl|98/100|[from] item: Leftovers
|upkeep
|turn|6
|
|t:|1760810472
|-terastallize|p1a: Greninja|Water
|move|p1a: Greninja|Surf|p2a: Garganacl
|-supereffective|p2a: Garganacl
|-damage|p2a: Garganacl|32/100
|move|p2a: Garganacl|Body Press|p1a: Greninja
|-damage|p1a: Greninja|0 fnt
|faint|p1a: Greninja
|
|-weather|Sandstorm|[upkeep]
|-heal|p2a: Garganacl|38/100|[from] item: Leftovers
|upkeep
|
|t:|1760810476
|switch|p1a: Zapdos|Zapdos-Galar|100/100
|turn|7
|
|t:|1760810485
|move|p1a: Zapdos|Close Combat|p2a: Garganacl
|-supereffective|p2a: Garganacl
|-damage|p2a: Garganacl|0 fnt
|-unboost|p1a: Zapdos|def|1
|-unboost|p1a: Zapdos|spd|1
|faint|p2a: Garganacl
|
|-weather|Sandstorm|[upkeep]
|-damage|p1a: Zapdos|94/100|[from] Sandstorm
|upkeep
|
|t:|1760810489
|switch|p2a: Raging Bolt|Raging Bolt|19/100
|turn|8
|
|t:|1760810495
|move|p2a: Raging Bolt|Thunderclap|p1a: Zapdos
|-supereffective|p1a: Zapdos
|-damage|p1a: Zapdos|0 fnt
|faint|p1a: Zapdos
|
|-weather|none
|upkeep
|
|t:|1760810498
|switch|p1a: Charizard|Charizard, F|100/100
|turn|9
|
|t:|1760810502
|move|p2a: Raging Bolt|Thunderclap|p1a: Charizard
|-supereffective|p1a: Charizard
|-damage|p1a: Charizard|0 fnt
|faint|p1a: Charizard
|
|upkeep
|
|t:|1760810504
|switch|p1a: Tyranitar|Tyranitar, F|100/100
|-weather|Sandstorm|[from] ability: Sand Stream|[of] p1a: Tyranitar
|turn|10
|
|t:|1760810514
|move|p2a: Raging Bolt|Draco Meteor|p1a: Tyranitar
|-damage|p1a: Tyranitar|48/100
|-unboost|p2a: Raging Bolt|spa|2
|move|p1a: Tyranitar|Ice Beam|p2a: Raging Bolt
|-supereffective|p2a: Raging Bolt
|-damage|p2a: Raging Bolt|0 fnt
|faint|p2a: Raging Bolt
|-end|p2a: Raging Bolt|Protosynthesis|[silent]
|
|-weather|Sandstorm|[upkeep]
|-heal|p1a: Tyranitar|55/100|[from] item: Leftovers
|upkeep
|
|t:|1760810524
|switch|p2a: Enamorus|Enamorus, F|100/100
|turn|11
|
|t:|1760810533
|move|p2a: Enamorus|Superpower|p1a: Tyranitar
|-supereffective|p1a: Tyranitar
|-damage|p1a: Tyranitar|0 fnt
|-boost|p2a: Enamorus|atk|1
|-boost|p2a: Enamorus|def|1
|faint|p1a: Tyranitar
|
|win|charizardrekt
|raw|MobShadow's rating: 1051 &rarr; <strong>1034</strong><br />(-17 for losing)
|raw|charizardrekt's rating: 1073 &rarr; <strong>1100</strong><br />(+27 for winning)
|l|☆MobShadow
|player|p1|
