|j|☆olaf-18
|j|☆Mr Tpen
|t:|1760877982
|gametype|singles
|player|p1|olaf-18|170|1616
|player|p2|Mr Tpen|101|1743
|gen|9
|tier|[Gen 9] OU
|rated|
|rule|HP Percentage Mod: HP is shown in percentages
|rule|Endless Battle Clause: Forcing endless battles is banned
|rule|Species Clause: Limit one of each Pokémon
|rule|OHKO Clause: OHKO moves are banned
|rule|Evasion Items Clause: Evasion items are banned
|rule|Evasion Moves Clause: Evasion moves are banned
|rule|Evasion Abilities Clause: Evasion abilities are banned
|rule|Sleep Moves Clause: Sleep-inducing moves are banned
|clearpoke
|poke|p1|Slowking-Galar, F|
|poke|p1|Armarouge, F|
|poke|p1|Ursaluna, M|
|poke|p1|Great Tusk|
|poke|p1|Scizor, M|
|poke|p1|Kyurem|
|poke|p2|Enamorus, F|
|poke|p2|Kyurem|
|poke|p2|Landorus-Therian, M|
|poke|p2|Kingambit, F|
|poke|p2|Ogerpon-Wellspring, F|
|poke|p2|Glimmora, F|
|teampreview
|inactive|Battle timer is ON: inactive players will automatically lose when time's up. (requested by Mr Tpen)
|
|t:|1760877994
|teamsize|p1|6
|teamsize|p2|6
|start
|switch|p1a: Great Tusk|Great Tusk|100/100
|switch|p2a: Ogerpon|Ogerpon-Wellspring, F|100/100
|-enditem|p1a: Great Tusk|Booster Energy
|-activate|p1a: Great Tusk|ability: Protosynthesis|[fromitem]
|-start|p1a: Great Tusk|protosynthesisatk
|turn|1
|
|t:|1760878004
|move|p2a: Ogerpon|Ivy Cudgel|p1a: Great Tusk|[anim] Ivy Cudgel Water
|-supereffective|p1a: Great Tusk
|-damage|p1a: Great Tusk|13/100
|move|p1a: Great Tusk|Rapid Spin|p2a: Ogerpon
|-damage|p2a: Ogerpon|66/100
|-boost|p1a: Great Tusk|spe|1
|
|upkeep
|turn|2
|
|t:|1760878013
|switch|p2a: Landorus|Landorus-Therian, M|100/100
|-ability|p2a: Landorus|Intimidate|boost
|-unboost|p1a: Great Tusk|atk|1
|move|p1a: Great Tusk|Stealth Rock|p2a: Landorus
|-sidestart|p2: Mr Tpen|move: Stealth Rock
|
|upkeep
|turn|3
|
|t:|1760878025
|move|p1a: Great Tusk|Knock Off|p2a: Landorus
|-damage|p2a: Landorus|67/100
|-damage|p1a: Great Tusk|0 fnt|[from] item: Rocky Helmet|[of] p2a: Landorus
|faint|p1a: Great Tusk
|-end|p1a: Great Tusk|Protosynthesis|[silent]
|move|p2a: Landorus|Stealth Rock|p1: Great Tusk
|-sidestart|p1: olaf-18|move: Stealth Rock
|
|upkeep
|
|t:|1760878035
|switch|p1a: Kyurem|Kyurem|100/100
|-damage|p1a: Kyurem|76/100|[from] Stealth Rock
|-ability|p1a: Kyurem|Pressure
|turn|4
|
|t:|1760878043
|move|p2a: Landorus|Earthquake|p1a: Kyurem
|-damage|p1a: Kyurem|28/100
|move|p1a: Kyurem|Dragon Dance|p1a: Kyurem
|-boost|p1a: Kyurem|atk|1
|-boost|p1a: Kyurem|spe|1
|
|upkeep
|turn|5
|
|t:|1760878047
|switch|p2a: Glimmora|Glimmora, F|100/100
|-damage|p2a: Glimmora|88/100|[from] Stealth Rock
|move|p1a: Kyurem|Icicle Spear|p2a: Glimmora
|-damage|p2a: Glimmora|71/100
|-activate|p2a: Glimmora|ability: Toxic Debris
|-sidestart|p1: olaf-18|move: Toxic Spikes
|-crit|p2a: Glimmora
|-damage|p2a: Glimmora|46/100
|-activate|p2a: Glimmora|ability: Toxic Debris
|-sidestart|p1: olaf-18|move: Toxic Spikes
|-damage|p2a: Glimmora|30/100
|-damage|p2a: Glimmora|13/100
|-hitcount|p2a: Glimmora|4
|-enditem|p2a: Glimmora|Red Card|[of] p1a: Kyurem
|drag|p1a: Slowking|Slowking-Galar, F|100/100
|-sideend|p1: olaf-18|move: Toxic Spikes|[of] p1a: Slowking
|
|upkeep
|turn|6
|
|t:|1760878054
|move|p2a: Glimmora|Mortal Spin|p1a: Slowking
|-resisted|p1a: Slowking
|-damage|p1a: Slowking|97/100
|-sideend|p2: Mr Tpen|Stealth Rock|[from] move: Mortal Spin|[of] p2a: Glimmora
|move|p1a: Slowking|Trick Room|p1a: Slowking
|-fieldstart|move: Trick Room|[of] p1a: Slowking
|
|upkeep
|turn|7
|
|t:|1760878061
|switch|p2a: Landorus|Landorus-Therian, M|67/100
|-ability|p2a: Landorus|Intimidate|boost
|-unboost|p1a: Slowking|atk|1
|move|p1a: Slowking|Ice Beam|p2a: Landorus
|-supereffective|p2a: Landorus
|-damage|p2a: Landorus|0 fnt
|faint|p2a: Landorus
|
|upkeep
|
|t:|1760878065
|switch|p2a: Kingambit|Kingambit, F|100/100
|-activate|p2a: Kingambit|ability: Supreme Overlord
|-start|p2a: Kingambit|fallen1|[silent]
|-item|p2a: Kingambit|Air Balloon
|turn|8
|
|t:|1760878068
|switch|p1a: Kyurem|Kyurem|28/100
|-damage|p1a: Kyurem|4/100|[from] Stealth Rock
|-ability|p1a: Kyurem|Pressure
|move|p2a: Kingambit|Sucker Punch||[still]
|-fail|p2a: Kingambit
|
|upkeep
|turn|9
|
|t:|1760878071
|move|p2a: Kingambit|Sucker Punch|p1a: Kyurem
|-damage|p1a: Kyurem|0 fnt
|faint|p1a: Kyurem
|
|upkeep
|
|t:|1760878076
|switch|p1a: Scizor|Scizor, M|100/100
|-damage|p1a: Scizor|88/100|[from] Stealth Rock
|turn|10
|
|t:|1760878078
|-end|p2a: Kingambit|fallen1|[silent]
|switch|p2a: Glimmora|Glimmora, F|13/100
|move|p1a: Scizor|U-turn|p2a: Glimmora
|-resisted|p2a: Glimmora
|-damage|p2a: Glimmora|0 fnt
|-activate|p2a: Glimmora|ability: Toxic Debris
|-sidestart|p1: olaf-18|move: Toxic Spikes
|faint|p2a: Glimmora
|-damage|p1a: Scizor|78/100|[from] item: Life Orb
|
|t:|1760878081
|switch|p1a: Slowking|Slowking-Galar, F|100/100|[from] U-turn
|-sideend|p1: olaf-18|move: Toxic Spikes|[of] p1a: Slowking
|
|-fieldend|move: Trick Room
|upkeep
|
|t:|1760878084
|switch|p2a: Ogerpon|Ogerpon-Wellspring, F|66/100
|turn|11
|
|t:|1760878097
|move|p2a: Ogerpon|Taunt|p1a: Slowking
|-start|p1a: Slowking|move: Taunt
|cant|p1a: Slowking|move: Taunt|Trick Room
|
|upkeep
|turn|12
|
|t:|1760878101
|move|p2a: Ogerpon|Knock Off|p1a: Slowking
|-supereffective|p1a: Slowking
|-damage|p1a: Slowking|26/100
|-enditem|p1a: Slowking|Heavy-Duty Boots|[from] move: Knock Off|[of] p2a: Ogerpon
|move|p1a: Slowking|Sludge Bomb|p2a: Ogerpon
|-supereffective|p2a: Ogerpon
|-damage|p2a: Ogerpon|0 fnt
|faint|p2a: Ogerpon
|
|upkeep
|
|t:|1760878109
|switch|p2a: Kyurem|Kyurem|100/100
|-ability|p2a: Kyurem|Pressure
|turn|13
|j| Scoob252525
|
|t:|1760878113
|move|p2a: Kyurem|Ice Beam|p1a: Slowking
|-damage|p1a: Slowking|0 fnt
|faint|p1a: Slowking
|
|upkeep
|
|t:|1760878120
|switch|p1a: Armarouge|Armarouge, F|100/100
|-damage|p1a: Armarouge|76/100|[from] Stealth Rock
|turn|14
|
|t:|1760878123
|move|p2a: Kyurem|Ice Beam|p1a: Armarouge
|-resisted|p1a: Armarouge
|-damage|p1a: Armarouge|48/100
|move|p1a: Armarouge|Armor Cannon|p2a: Kyurem
|-damage|p2a: Kyurem|42/100
|-unboost|p1a: Armarouge|def|1
|-unboost|p1a: Armarouge|spd|1
|
|upkeep
|turn|15
|
|t:|1760878127
|move|p2a: Kyurem|Ice Beam|p1a: Armarouge
|-resisted|p1a: Armarouge
|-damage|p1a: Armarouge|5/100
|move|p1a: Armarouge|Armor Cannon|p2a: Kyurem
|-damage|p2a: Kyurem|0 fnt
|-unboost|p1a: Armarouge|def|1
|-unboost|p1a: Armarouge|spd|1
|faint|p2a: Kyurem
|
|upkeep
|
|t:|1760878131
|switch|p2a: Enamorus|Enamorus, F|100/100
|turn|16
|
|t:|1760878137
|move|p2a: Enamorus|Earth Power|p1a: Armarouge
|-supereffective|p1a: Armarouge
|-damage|p1a: Armarouge|0 fnt
|faint|p1a: Armarouge
|
|upkeep
|
|t:|1760878139
|switch|p1a: Scizor|Scizor, M|78/100
|-damage|p1a: Scizor|66/100|[from] Stealth Rock
|turn|17
|
|t:|1760878142
|switch|p2a: Kingambit|Kingambit, F|100/100
|-activate|p2a: Kingambit|ability: Supreme Overlord
|-start|p2a: Kingambit|fallen4|[silent]
|-item|p2a: Kingambit|Air Balloon
|move|p1a: Scizor|Bullet Punch|p2a: Kingambit
|-resisted|p2a: Kingambit
|-damage|p2a: Kingambit|80/100
|-enditem|p2a: Kingambit|Air Balloon
|-damage|p1a: Scizor|56/100|[from] item: Life Orb
|
|upkeep
|turn|18
|
|t:|1760878153
|-terastallize|p2a: Kingambit|Ghost
|move|p2a: Kingambit|Swords Dance|p2a: Kingambit
|-boost|p2a: Kingambit|atk|2
|move|p1a: Scizor|U-turn|p2a: Kingambit
|-resisted|p2a: Kingambit
|-damage|p2a: Kingambit|56/100
|-damage|p1a: Scizor|46/100|[from] item: Life Orb
|
|t:|1760878164
|switch|p1a: Ursaluna|Ursaluna, M|100/100|[from] U-turn
|-damage|p1a: Ursaluna|94/100|[from] Stealth Rock
|
|-status|p1a: Ursaluna|brn|[from] item: Flame Orb
|upkeep
|turn|19
|
|t:|1760878167
|move|p2a: Kingambit|Low Kick|p1a: Ursaluna
|-supereffective|p1a: Ursaluna
|-damage|p1a: Ursaluna|0 fnt
|faint|p1a: Ursaluna
|
|upkeep
|
|t:|1760878169
|switch|p1a: Scizor|Scizor, M|46/100
|-damage|p1a: Scizor|34/100|[from] Stealth Rock
|turn|20
|
|t:|1760878171
|move|p2a: Kingambit|Sucker Punch|p1a: Scizor
|-damage|p1a: Scizor|0 fnt
|faint|p1a: Scizor
|
|win|Mr Tpen
|raw|olaf-18's rating: 1616 &rarr; <strong>1603</strong><br />(-13 for losing)
|raw|Mr Tpen's rating: 1743 &rarr; <strong>1756</strong><br />(+13 for winning)
|l|☆Mr Tpen
|player|p2|
