|j|☆temporarylight
|j|‽ItsMrstealyourrank
|t:|1760833427
|gametype|singles
|player|p1|temporarylight|rika|1614
|player|p2|ItsMrstealyourrank|brawly|1642
|gen|9
|tier|[Gen 9] OU
|rated|
|rule|HP Percentage Mod: HP is shown in percentages
|rule|Endless Battle Clause: Forcing endless battles is banned
|rule|Species Clause: Limit one of each Pokémon
|rule|OHKO Clause: OHKO moves are banned
|rule|Evasion Items Clause: Evasion items are banned
|rule|Evasion Moves Clause: Evasion moves are banned
|rule|Evasion Abilities Clause: Evasion abilities are banned
|rule|Sleep Moves Clause: Sleep-inducing moves are banned
|clearpoke
|poke|p1|Hatterene, F|
|poke|p1|Hoopa-Unbound|
|poke|p1|Volcanion|
|poke|p1|Kingambit, F|
|poke|p1|Cresselia, F|
|poke|p1|Ursaluna, F|
|poke|p2|Ninetales-Alola, F|
|poke|p2|Klefki, M|
|poke|p2|Maushold-Four|
|poke|p2|Latias, F|
|poke|p2|Kyurem|
|poke|p2|Frosmoth, F|
|teampreview
|inactive|Battle timer is ON: inactive players will automatically lose when time's up. (requested by ItsMrstealyourrank)
|c|☆temporarylight|fun
|
|t:|1760833444
|teamsize|p1|6
|teamsize|p2|6
|start
|switch|p1a: Volcanion|Volcanion|100/100
|switch|p2a: Ninetales|Ninetales-Alola, F|100/100
|-weather|Snowscape|[from] ability: Snow Warning|[of] p2a: Ninetales
|turn|1
|
|t:|1760833446
|move|p2a: Ninetales|Aurora Veil|p2a: Ninetales
|-sidestart|p2: ItsMrstealyourrank|move: Aurora Veil
|move|p1a: Volcanion|Fire Blast|p2a: Ninetales
|-supereffective|p2a: Ninetales
|-damage|p2a: Ninetales|5/100
|
|-weather|Snowscape|[upkeep]
|upkeep
|turn|2
|
|t:|1760833459
|switch|p1a: Hoopa|Hoopa-Unbound|100/100
|move|p2a: Ninetales|Freeze-Dry|p1a: Hoopa
|-damage|p1a: Hoopa|84/100
|
|-weather|Snowscape|[upkeep]
|upkeep
|turn|3
|
|t:|1760833466
|move|p2a: Ninetales|Freeze-Dry|p1a: Hoopa
|-damage|p1a: Hoopa|68/100
|move|p1a: Hoopa|Trick Room|p1a: Hoopa
|-fieldstart|move: Trick Room|[of] p1a: Hoopa
|
|-weather|Snowscape|[upkeep]
|upkeep
|turn|4
|
|t:|1760833476
|move|p1a: Hoopa|Expanding Force|p2a: Ninetales
|-damage|p2a: Ninetales|0 fnt
|faint|p2a: Ninetales
|
|-weather|Snowscape|[upkeep]
|upkeep
|
|t:|1760833480
|switch|p2a: Frosmoth|Frosmoth, F|100/100
|turn|5
|
|t:|1760833486
|move|p1a: Hoopa|Hyperspace Fury|p2a: Frosmoth
|-damage|p2a: Frosmoth|71/100
|-unboost|p1a: Hoopa|def|1
|-enditem|p1a: Hoopa|Eject Pack
|
|t:|1760833488
|switch|p1a: Ursaluna|Ursaluna, F|100/100
|move|p2a: Frosmoth|Ice Beam|p1a: Ursaluna
|-supereffective|p1a: Ursaluna
|-damage|p1a: Ursaluna|0 fnt
|faint|p1a: Ursaluna
|
|-weather|none
|-heal|p2a: Frosmoth|77/100|[from] item: Leftovers
|upkeep
|
|t:|1760833499
|switch|p1a: Kingambit|Kingambit, F, shiny|100/100
|-activate|p1a: Kingambit|ability: Supreme Overlord
|-start|p1a: Kingambit|fallen1|[silent]
|turn|6
|
|t:|1760833508
|switch|p2a: Klefki|Klefki, M|100/100
|move|p1a: Kingambit|Kowtow Cleave|p2a: Klefki
|-resisted|p2a: Klefki
|-crit|p2a: Klefki
|-damage|p2a: Klefki|54/100
|
|upkeep
|turn|7
|
|t:|1760833518
|-end|p1a: Kingambit|fallen1|[silent]
|switch|p1a: Hatterene|Hatterene, F|100/100
|move|p2a: Klefki|Reflect|p2a: Klefki
|-sidestart|p2: ItsMrstealyourrank|Reflect
|
|-fieldend|move: Trick Room
|upkeep
|turn|8
|
|t:|1760833525
|move|p2a: Klefki|Light Screen|p2a: Klefki
|-sidestart|p2: ItsMrstealyourrank|move: Light Screen
|move|p1a: Hatterene|Mystical Fire|p2a: Klefki
|-supereffective|p2a: Klefki
|-damage|p2a: Klefki|27/100
|-unboost|p2a: Klefki|spa|1
|
|-sideend|p2: ItsMrstealyourrank|move: Aurora Veil
|upkeep
|turn|9
|
|t:|1760833528
|switch|p2a: Maushold|Maushold-Four|100/100
|move|p1a: Hatterene|Mystical Fire|p2a: Maushold
|-damage|p2a: Maushold|84/100
|-unboost|p2a: Maushold|spa|1
|
|upkeep
|turn|10
|
|t:|1760833540
|move|p2a: Maushold|Population Bomb|p1a: Hatterene
|-damage|p1a: Hatterene|89/100
|-damage|p1a: Hatterene|78/100
|-damage|p1a: Hatterene|68/100
|-damage|p1a: Hatterene|57/100
|-damage|p1a: Hatterene|47/100
|-damage|p1a: Hatterene|36/100
|-damage|p1a: Hatterene|26/100
|-damage|p1a: Hatterene|15/100
|-damage|p1a: Hatterene|3/100
|-damage|p1a: Hatterene|0 fnt
|faint|p1a: Hatterene
|-hitcount|p1: Hatterene|10
|
|upkeep
|
|t:|1760833550
|switch|p1a: Kingambit|Kingambit, F, shiny|100/100
|-activate|p1a: Kingambit|ability: Supreme Overlord
|-start|p1a: Kingambit|fallen2|[silent]
|turn|11
|
|t:|1760833561
|-terastallize|p1a: Kingambit|Dark
|move|p2a: Maushold|Tidy Up|p2a: Maushold
|-boost|p2a: Maushold|atk|1
|-boost|p2a: Maushold|spe|1
|move|p1a: Kingambit|Kowtow Cleave|p2a: Maushold
|-damage|p2a: Maushold|17/100
|
|upkeep
|turn|12
|
|t:|1760833568
|move|p1a: Kingambit|Sucker Punch|p2a: Maushold
|-damage|p2a: Maushold|0 fnt
|faint|p2a: Maushold
|
|upkeep
|
|t:|1760833572
|switch|p2a: Latias|Latias, F|100/100
|turn|13
|
|t:|1760833581
|-end|p1a: Kingambit|fallen2|[silent]
|switch|p1a: Hoopa|Hoopa-Unbound|68/100
|move|p2a: Latias|Aura Sphere|p1a: Hoopa
|-damage|p1a: Hoopa|48/100
|
|upkeep
|turn|14
|
|t:|1760833586
|move|p2a: Latias|Aura Sphere|p1a: Hoopa
|-crit|p1a: Hoopa
|-damage|p1a: Hoopa|18/100
|move|p1a: Hoopa|Trick Room|p1a: Hoopa
|-fieldstart|move: Trick Room|[of] p1a: Hoopa
|
|-sideend|p2: ItsMrstealyourrank|Reflect
|upkeep
|turn|15
|
|t:|1760833590
|move|p1a: Hoopa|Hyperspace Fury|p2a: Latias
|-supereffective|p2a: Latias
|-damage|p2a: Latias|0 fnt
|-unboost|p1a: Hoopa|def|1
|faint|p2a: Latias
|-item|p1a: Hoopa|Weakness Policy|[from] ability: Magician|[of] p2: Latias
|
|-sideend|p2: ItsMrstealyourrank|move: Light Screen
|upkeep
|
|t:|1760833591
|switch|p2a: Klefki|Klefki, M|27/100
|turn|16
|
|t:|1760833603
|move|p2a: Klefki|Reflect|p2a: Klefki
|-sidestart|p2: ItsMrstealyourrank|Reflect
|move|p1a: Hoopa|Hyperspace Fury|p2a: Klefki
|-resisted|p2a: Klefki
|-damage|p2a: Klefki|13/100
|-unboost|p1a: Hoopa|def|1
|
|upkeep
|turn|17
|
|t:|1760833609
|move|p2a: Klefki|Light Screen|p2a: Klefki
|-sidestart|p2: ItsMrstealyourrank|move: Light Screen
|move|p1a: Hoopa|Trick Room|p1a: Hoopa
|-fieldend|move: Trick Room
|
|upkeep
|turn|18
|
|t:|1760833612
|move|p2a: Klefki|Spikes|p1a: Hoopa
|-sidestart|p1: temporarylight|Spikes
|move|p1a: Hoopa|Trick Room|p1a: Hoopa
|-fieldstart|move: Trick Room|[of] p1a: Hoopa
|
|upkeep
|turn|19
|
|t:|1760833622
|switch|p1a: Kingambit|Kingambit, F, shiny, tera:Dark|100/100
|-damage|p1a: Kingambit|88/100|[from] Spikes
|-activate|p1a: Kingambit|ability: Supreme Overlord
|-start|p1a: Kingambit|fallen2|[silent]
|move|p2a: Klefki|Spikes|p1a: Kingambit
|-sidestart|p1: temporarylight|Spikes
|
|upkeep
|turn|20
|
|t:|1760833627
|move|p2a: Klefki|Spikes|p1a: Kingambit
|-sidestart|p1: temporarylight|Spikes
|move|p1a: Kingambit|Swords Dance|p1a: Kingambit
|-boost|p1a: Kingambit|atk|2
|
|upkeep
|turn|21
|
|t:|1760833631
|move|p2a: Klefki|Spikes||[still]
|-fail|p2a: Klefki
|move|p1a: Kingambit|Swords Dance|p1a: Kingambit
|-boost|p1a: Kingambit|atk|2
|
|upkeep
|turn|22
|
|t:|1760833638
|move|p2a: Klefki|Light Screen||[still]
|-fail|p2a: Klefki
|move|p1a: Kingambit|Kowtow Cleave|p2a: Klefki
|-resisted|p2a: Klefki
|-damage|p2a: Klefki|0 fnt
|faint|p2a: Klefki
|
|-fieldend|move: Trick Room
|upkeep
|
|t:|1760833640
|switch|p2a: Kyurem|Kyurem, shiny|100/100
|-ability|p2a: Kyurem|Pressure
|turn|23
|
|t:|1760833651
|move|p2a: Kyurem|Dragon Dance|p2a: Kyurem
|-boost|p2a: Kyurem|atk|1
|-boost|p2a: Kyurem|spe|1
|move|p1a: Kingambit|Kowtow Cleave|p2a: Kyurem
|-damage|p2a: Kyurem|0 fnt
|faint|p2a: Kyurem
|
|-sideend|p2: ItsMrstealyourrank|Reflect
|upkeep
|
|t:|1760833652
|switch|p2a: Frosmoth|Frosmoth, F|77/100
|turn|24
|
|t:|1760833656
|move|p2a: Frosmoth|Substitute|p2a: Frosmoth
|-start|p2a: Frosmoth|Substitute
|-damage|p2a: Frosmoth|53/100
|move|p1a: Kingambit|Kowtow Cleave|p2a: Frosmoth
|-end|p2a: Frosmoth|Substitute
|
|-heal|p2a: Frosmoth|59/100|[from] item: Leftovers
|-sideend|p2: ItsMrstealyourrank|move: Light Screen
|upkeep
|turn|25
|
|t:|1760833658
|move|p2a: Frosmoth|Ice Beam|p1a: Kingambit
|-damage|p1a: Kingambit|40/100
|move|p1a: Kingambit|Kowtow Cleave|p2a: Frosmoth
|-damage|p2a: Frosmoth|0 fnt
|faint|p2a: Frosmoth
|
|win|temporarylight
|raw|temporarylight's rating: 1614 &rarr; <strong>1636</strong><br />(+22 for winning)
|raw|ItsMrstealyourrank's rating: 1642 &rarr; <strong>1620</strong><br />(-22 for losing)
|l|‽ItsMrstealyourrank
|player|p2|
|l|☆temporarylight
|player|p1|
