|j|☆maractus' no1 fan
|j|☆jakkuza
|t:|1760819342
|gametype|singles
|player|p1|maractus' no1 fan|265|1366
|player|p2|jakkuza|266|1316
|gen|9
|tier|[Gen 9] OU
|rated|
|rule|HP Percentage Mod: HP is shown in percentages
|rule|Endless Battle Clause: Forcing endless battles is banned
|rule|Species Clause: Limit one of each Pokémon
|rule|OHKO Clause: OHKO moves are banned
|rule|Evasion Items Clause: Evasion items are banned
|rule|Evasion Moves Clause: Evasion moves are banned
|rule|Evasion Abilities Clause: Evasion abilities are banned
|rule|Sleep Moves Clause: Sleep-inducing moves are banned
|clearpoke
|poke|p1|Ogerpon, F|
|poke|p1|Rillaboom, F|
|poke|p1|Hawlucha, F|
|poke|p1|Hatterene, F|
|poke|p1|Ninetales-Alola, F|
|poke|p1|Great Tusk|
|poke|p2|Reuniclus, F|
|poke|p2|Garganacl, M|
|poke|p2|Cinderace, M|
|poke|p2|Hatterene, F|
|poke|p2|Ursaluna, M|
|poke|p2|Ditto|
|teampreview
|inactive|Battle timer is ON: inactive players will automatically lose when time's up. (requested by jakkuza)
|
|t:|1760819358
|teamsize|p1|6
|teamsize|p2|6
|start
|switch|p1a: Rillaboom|Rillaboom, F|100/100
|switch|p2a: Hatterene|Hatterene, F|100/100
|-fieldstart|move: Grassy Terrain|[from] ability: Grassy Surge|[of] p1a: Rillaboom
|turn|1
|
|t:|1760819365
|move|p1a: Rillaboom|Wood Hammer|p2a: Hatterene
|-damage|p2a: Hatterene|1/100
|-damage|p1a: Rillaboom|70/100|[from] Recoil
|move|p2a: Hatterene|Nuzzle|p1a: Rillaboom
|-resisted|p1a: Rillaboom
|-damage|p1a: Rillaboom|68/100
|-status|p1a: Rillaboom|par
|
|-heal|p1a: Rillaboom|74/100 par|[from] Grassy Terrain
|-heal|p2a: Hatterene|7/100|[from] Grassy Terrain
|-heal|p2a: Hatterene|13/100|[from] item: Leftovers
|upkeep
|turn|2
|
|t:|1760819382
|switch|p2a: Ditto|Ditto, shiny|100/100
|-transform|p2a: Ditto|p1a: Rillaboom|[from] ability: Imposter
|move|p1a: Rillaboom|U-turn|p2a: Ditto
|-supereffective|p2a: Ditto
|-damage|p2a: Ditto|40/100
|
|t:|1760819391
|switch|p1a: Ninetales|Ninetales-Alola, F|100/100|[from] U-turn
|-weather|Snowscape|[from] ability: Snow Warning|[of] p1a: Ninetales
|
|-weather|Snowscape|[upkeep]
|-heal|p2a: Ditto|46/100|[from] Grassy Terrain
|upkeep
|turn|3
|
|t:|1760819399
|move|p2a: Ditto|Knock Off|p1a: Ninetales
|-resisted|p1a: Ninetales
|-damage|p1a: Ninetales|87/100
|-enditem|p1a: Ninetales|Light Clay|[from] move: Knock Off|[of] p2a: Ditto
|move|p1a: Ninetales|Aurora Veil|p1a: Ninetales
|-sidestart|p1: maractus' no1 fan|move: Aurora Veil
|
|-weather|Snowscape|[upkeep]
|-heal|p2a: Ditto|52/100|[from] Grassy Terrain
|-heal|p1a: Ninetales|93/100|[from] Grassy Terrain
|upkeep
|turn|4
|
|t:|1760819413
|switch|p2a: Garganacl|Garganacl, M|100/100
|switch|p1a: Hatterene|Hatterene, F|100/100
|-enditem|p1a: Hatterene|Grassy Seed
|-boost|p1a: Hatterene|def|1|[from] item: Grassy Seed
|
|-weather|Snowscape|[upkeep]
|upkeep
|turn|5
|
|t:|1760819425
|move|p1a: Hatterene|Agility|p1a: Hatterene
|-boost|p1a: Hatterene|spe|2
|move|p2a: Garganacl|Salt Cure|p1a: Hatterene
|-damage|p1a: Hatterene|96/100
|-start|p1a: Hatterene|Salt Cure
|
|-weather|Snowscape|[upkeep]
|-heal|p1a: Hatterene|100/100|[from] Grassy Terrain
|-damage|p1a: Hatterene|88/100|[from] Salt Cure
|upkeep
|turn|6
|
|t:|1760819445
|switch|p2a: Reuniclus|Reuniclus, F|100/100
|move|p1a: Hatterene|Agility|p1a: Hatterene
|-boost|p1a: Hatterene|spe|2
|
|-weather|none
|-heal|p1a: Hatterene|94/100|[from] Grassy Terrain
|-damage|p1a: Hatterene|82/100|[from] Salt Cure
|upkeep
|turn|7
|
|t:|1760819458
|move|p1a: Hatterene|Calm Mind|p1a: Hatterene
|-boost|p1a: Hatterene|spa|1
|-boost|p1a: Hatterene|spd|1
|move|p2a: Reuniclus|Calm Mind|p2a: Reuniclus
|-boost|p2a: Reuniclus|spa|1
|-boost|p2a: Reuniclus|spd|1
|
|-heal|p1a: Hatterene|88/100|[from] Grassy Terrain
|-damage|p1a: Hatterene|76/100|[from] Salt Cure
|-sideend|p1: maractus' no1 fan|move: Aurora Veil
|upkeep
|turn|8
|
|t:|1760819463
|move|p1a: Hatterene|Calm Mind|p1a: Hatterene
|-boost|p1a: Hatterene|spa|1
|-boost|p1a: Hatterene|spd|1
|move|p2a: Reuniclus|Calm Mind|p2a: Reuniclus
|-boost|p2a: Reuniclus|spa|1
|-boost|p2a: Reuniclus|spd|1
|
|-heal|p1a: Hatterene|82/100|[from] Grassy Terrain
|-damage|p1a: Hatterene|69/100|[from] Salt Cure
|-fieldend|move: Grassy Terrain
|upkeep
|turn|9
|
|t:|1760819472
|move|p1a: Hatterene|Calm Mind|p1a: Hatterene
|-boost|p1a: Hatterene|spa|1
|-boost|p1a: Hatterene|spd|1
|move|p2a: Reuniclus|Calm Mind|p2a: Reuniclus
|-boost|p2a: Reuniclus|spa|1
|-boost|p2a: Reuniclus|spd|1
|
|-damage|p1a: Hatterene|57/100|[from] Salt Cure
|upkeep
|turn|10
|
|t:|1760819478
|move|p1a: Hatterene|Stored Power|p2a: Reuniclus
|-resisted|p2a: Reuniclus
|-damage|p2a: Reuniclus|58/100
|move|p2a: Reuniclus|Calm Mind|p2a: Reuniclus
|-boost|p2a: Reuniclus|spa|1
|-boost|p2a: Reuniclus|spd|1
|
|-heal|p2a: Reuniclus|64/100|[from] item: Leftovers
|-damage|p1a: Hatterene|45/100|[from] Salt Cure
|upkeep
|turn|11
|
|t:|1760819484
|-terastallize|p2a: Reuniclus|Dark
|move|p1a: Hatterene|Stored Power|p2a: Reuniclus
|-immune|p2a: Reuniclus
|move|p2a: Reuniclus|Calm Mind|p2a: Reuniclus
|-boost|p2a: Reuniclus|spa|1
|-boost|p2a: Reuniclus|spd|1
|
|-heal|p2a: Reuniclus|70/100|[from] item: Leftovers
|-damage|p1a: Hatterene|33/100|[from] Salt Cure
|upkeep
|turn|12
|
|t:|1760819490
|move|p1a: Hatterene|Draining Kiss|p2a: Reuniclus
|-supereffective|p2a: Reuniclus
|-damage|p2a: Reuniclus|45/100
|-heal|p1a: Hatterene|57/100|[from] drain|[of] p2a: Reuniclus
|move|p2a: Reuniclus|Acid Armor|p2a: Reuniclus
|-boost|p2a: Reuniclus|def|2
|
|-heal|p2a: Reuniclus|51/100|[from] item: Leftovers
|-damage|p1a: Hatterene|45/100|[from] Salt Cure
|upkeep
|turn|13
|
|t:|1760819499
|move|p1a: Hatterene|Draining Kiss|p2a: Reuniclus
|-supereffective|p2a: Reuniclus
|-damage|p2a: Reuniclus|25/100
|-heal|p1a: Hatterene|71/100|[from] drain|[of] p2a: Reuniclus
|move|p2a: Reuniclus|Calm Mind|p2a: Reuniclus
|-boost|p2a: Reuniclus|spa|1
|-boost|p2a: Reuniclus|spd|1
|
|-heal|p2a: Reuniclus|32/100|[from] item: Leftovers
|-damage|p1a: Hatterene|59/100|[from] Salt Cure
|upkeep
|turn|14
|
|t:|1760819506
|move|p1a: Hatterene|Draining Kiss|p2a: Reuniclus
|-supereffective|p2a: Reuniclus
|-damage|p2a: Reuniclus|11/100
|-heal|p1a: Hatterene|79/100|[from] drain|[of] p2a: Reuniclus
|move|p2a: Reuniclus|Recover|p2a: Reuniclus
|-heal|p2a: Reuniclus|61/100
|
|-heal|p2a: Reuniclus|67/100|[from] item: Leftovers
|-damage|p1a: Hatterene|67/100|[from] Salt Cure
|upkeep
|turn|15
|
|t:|1760819512
|move|p1a: Hatterene|Calm Mind|p1a: Hatterene
|-boost|p1a: Hatterene|spa|1
|-boost|p1a: Hatterene|spd|1
|move|p2a: Reuniclus|Flash Cannon|p1a: Hatterene
|-supereffective|p1a: Hatterene
|-damage|p1a: Hatterene|8/100
|
|-heal|p2a: Reuniclus|74/100|[from] item: Leftovers
|-damage|p1a: Hatterene|0 fnt|[from] Salt Cure
|faint|p1a: Hatterene
|upkeep
|-message|maractus' no1 fan forfeited.
|
|win|jakkuza
|raw|maractus&apos; no1 fan's rating: 1366 &rarr; <strong>1343</strong><br />(-23 for losing)
|raw|jakkuza's rating: 1316 &rarr; <strong>1339</strong><br />(+23 for winning)
|l|☆maractus' no1 fan
|player|p1|
