|j|☆If You Fly You die
|j|☆boifmister
|t:|1760801137
|gametype|singles
|player|p1|If You Fly You die|rocketgrunt|1252
|player|p2|boifmister|2|1225
|gen|9
|tier|[Gen 9] OU
|rated|
|rule|HP Percentage Mod: HP is shown in percentages
|rule|Endless Battle Clause: Forcing endless battles is banned
|rule|Species Clause: Limit one of each Pokémon
|rule|OHKO Clause: OHKO moves are banned
|rule|Evasion Items Clause: Evasion items are banned
|rule|Evasion Moves Clause: Evasion moves are banned
|rule|Evasion Abilities Clause: Evasion abilities are banned
|rule|Sleep Moves Clause: Sleep-inducing moves are banned
|clearpoke
|poke|p1|Hatterene, F|
|poke|p1|Samurott-Hisui, M|
|poke|p1|Scizor, M|
|poke|p1|Pecharunt|
|poke|p1|Enamorus, F|
|poke|p1|Raging Bolt|
|poke|p2|Slowbro-Galar, F|
|poke|p2|Indeedee, M|
|poke|p2|Reuniclus, F|
|poke|p2|Hatterene, F|
|poke|p2|Arboliva, F|
|poke|p2|Hawlucha, M|
|teampreview
|
|t:|1760801143
|teamsize|p1|6
|teamsize|p2|6
|start
|switch|p1a: Samurott|Samurott-Hisui, M|100/100
|switch|p2a: Indeedee|Indeedee, M|100/100
|-fieldstart|move: Psychic Terrain|[from] ability: Psychic Surge|[of] p2a: Indeedee
|turn|1
|
|t:|1760801150
|-terastallize|p2a: Indeedee|Fairy
|move|p2a: Indeedee|Dazzling Gleam|p1a: Samurott
|-supereffective|p1a: Samurott
|-enditem|p1a: Samurott|Focus Sash
|-damage|p1a: Samurott|1/100
|move|p1a: Samurott|Ceaseless Edge|p2a: Indeedee
|-resisted|p2a: Indeedee
|-damage|p2a: Indeedee|51/100
|-sidestart|p2: boifmister|Spikes
|
|upkeep
|turn|2
|
|t:|1760801168
|switch|p1a: Pecharunt|Pecharunt|100/100
|move|p2a: Indeedee|Dazzling Gleam|p1a: Pecharunt
|-resisted|p1a: Pecharunt
|-damage|p1a: Pecharunt|78/100
|
|-heal|p1a: Pecharunt|84/100|[from] item: Leftovers
|upkeep
|turn|3
|
|t:|1760801177
|-terastallize|p1a: Pecharunt|Dark
|move|p2a: Indeedee|Expanding Force|p1a: Pecharunt
|-immune|p1a: Pecharunt
|move|p1a: Pecharunt|Nasty Plot|p1a: Pecharunt
|-boost|p1a: Pecharunt|spa|2
|
|-heal|p1a: Pecharunt|90/100|[from] item: Leftovers
|upkeep
|turn|4
|
|t:|1760801224
|move|p2a: Indeedee|Dazzling Gleam|p1a: Pecharunt
|-supereffective|p1a: Pecharunt
|-damage|p1a: Pecharunt|3/100
|move|p1a: Pecharunt|Malignant Chain|p2a: Indeedee
|-supereffective|p2a: Indeedee
|-damage|p2a: Indeedee|0 fnt
|faint|p2a: Indeedee
|
|-heal|p1a: Pecharunt|9/100|[from] item: Leftovers
|upkeep
|
|t:|1760801235
|switch|p2a: Arboliva|Arboliva, F|100/100
|-damage|p2a: Arboliva|88/100|[from] Spikes
|turn|5
|
|t:|1760801245
|move|p1a: Pecharunt|Recover|p1a: Pecharunt
|-heal|p1a: Pecharunt|59/100
|move|p2a: Arboliva|Petal Dance|p1a: Pecharunt
|-damage|p1a: Pecharunt|0 fnt
|faint|p1a: Pecharunt
|
|upkeep
|
|t:|1760801255
|switch|p1a: Samurott|Samurott-Hisui, M|1/100
|turn|6
|
|t:|1760801257
|move|p1a: Samurott|Ceaseless Edge|p2a: Arboliva
|-damage|p2a: Arboliva|42/100
|-fieldstart|move: Grassy Terrain|[from] ability: Seed Sower|[of] p2a: Arboliva
|-sidestart|p2: boifmister|Spikes
|move|p2a: Arboliva|Petal Dance|p1a: Samurott|[from] lockedmove
|-supereffective|p1a: Samurott
|-damage|p1a: Samurott|0 fnt
|faint|p1a: Samurott
|
|-heal|p2a: Arboliva|48/100|[from] Grassy Terrain
|upkeep
|
|t:|1760801273
|switch|p1a: Hatterene|Hatterene, F|100/100
|turn|7
|
|t:|1760801276
|move|p2a: Arboliva|Petal Dance|p1a: Hatterene|[from] lockedmove
|-damage|p1a: Hatterene|0 fnt
|faint|p1a: Hatterene
|-start|p2a: Arboliva|confusion|[fatigue]
|
|-heal|p2a: Arboliva|55/100|[from] Grassy Terrain
|upkeep
|c|☆If You Fly You die|geeeeeeezus wtf
|
|t:|1760801286
|switch|p1a: Scizor|Scizor, M|100/100
|turn|8
|
|t:|1760801288
|move|p1a: Scizor|U-turn|p2a: Arboliva
|-supereffective|p2a: Arboliva
|-damage|p2a: Arboliva|0 fnt
|faint|p2a: Arboliva
|-damage|p1a: Scizor|91/100|[from] item: Life Orb
|inactive|Battle timer is ON: inactive players will automatically lose when time's up. (requested by boifmister)
|
|t:|1760801293
|switch|p1a: Raging Bolt|Raging Bolt|100/100|[from] U-turn
|
|upkeep
|
|t:|1760801304
|switch|p2a: Hatterene|Hatterene, F|100/100
|-damage|p2a: Hatterene|84/100|[from] Spikes
|turn|9
|
|t:|1760801333
|move|p1a: Raging Bolt|Volt Switch|p2a: Hatterene
|-damage|p2a: Hatterene|58/100
|
|t:|1760801337
|-end|p1a: Raging Bolt|Protosynthesis|[silent]
|switch|p1a: Scizor|Scizor, M|91/100|[from] Volt Switch
|move|p2a: Hatterene|Draining Kiss|p1a: Scizor
|-resisted|p1a: Scizor
|-damage|p1a: Scizor|76/100
|-heal|p2a: Hatterene|70/100|[from] drain|[of] p1a: Scizor
|
|-heal|p1a: Scizor|82/100|[from] Grassy Terrain
|-heal|p2a: Hatterene|76/100|[from] Grassy Terrain
|upkeep
|turn|10
|
|t:|1760801348
|move|p1a: Scizor|U-turn|p2a: Hatterene
|-damage|p2a: Hatterene|20/100
|-damage|p1a: Scizor|72/100|[from] item: Life Orb
|
|t:|1760801351
|switch|p1a: Raging Bolt|Raging Bolt|100/100|[from] U-turn
|move|p2a: Hatterene|Mystical Fire|p1a: Raging Bolt
|-resisted|p1a: Raging Bolt
|-damage|p1a: Raging Bolt|89/100
|-unboost|p1a: Raging Bolt|spa|1
|
|-heal|p1a: Raging Bolt|95/100|[from] Grassy Terrain
|-heal|p2a: Hatterene|26/100|[from] Grassy Terrain
|-fieldend|move: Grassy Terrain
|upkeep
|turn|11
|
|t:|1760801357
|move|p1a: Raging Bolt|Volt Switch|p2a: Hatterene
|-damage|p2a: Hatterene|10/100
|
|t:|1760801361
|-end|p1a: Raging Bolt|Protosynthesis|[silent]
|switch|p1a: Enamorus|Enamorus, F|100/100|[from] Volt Switch
|move|p2a: Hatterene|Draining Kiss|p1a: Enamorus
|-damage|p1a: Enamorus|57/100
|-heal|p2a: Hatterene|39/100|[from] drain|[of] p1a: Enamorus
|
|-heal|p1a: Enamorus|63/100|[from] item: Leftovers
|upkeep
|turn|12
|
|t:|1760801366
|move|p1a: Enamorus|Superpower|p2a: Hatterene
|-resisted|p2a: Hatterene
|-damage|p2a: Hatterene|28/100
|-boost|p1a: Enamorus|atk|1
|-boost|p1a: Enamorus|def|1
|move|p2a: Hatterene|Nuzzle|p1a: Enamorus
|-supereffective|p1a: Enamorus
|-damage|p1a: Enamorus|54/100
|-status|p1a: Enamorus|par
|
|-heal|p1a: Enamorus|60/100 par|[from] item: Leftovers
|upkeep
|turn|13
|
|t:|1760801373
|cant|p1a: Enamorus|par
|move|p2a: Hatterene|Draining Kiss|p1a: Enamorus
|-damage|p1a: Enamorus|18/100 par
|-heal|p2a: Hatterene|57/100|[from] drain|[of] p1a: Enamorus
|
|-heal|p1a: Enamorus|24/100 par|[from] item: Leftovers
|upkeep
|turn|14
|
|t:|1760801378
|move|p1a: Enamorus|Iron Head|p2a: Hatterene
|-supereffective|p2a: Hatterene
|-damage|p2a: Hatterene|0 fnt
|faint|p2a: Hatterene
|
|-heal|p1a: Enamorus|30/100 par|[from] item: Leftovers
|upkeep
|
|t:|1760801389
|switch|p2a: Reuniclus|Reuniclus, F|100/100
|turn|15
|
|t:|1760801402
|move|p1a: Enamorus|Play Rough|p2a: Reuniclus
|-damage|p2a: Reuniclus|32/100
|move|p2a: Reuniclus|Acid Armor|p2a: Reuniclus
|-boost|p2a: Reuniclus|def|2
|
|-heal|p1a: Enamorus|36/100 par|[from] item: Leftovers
|-heal|p2a: Reuniclus|38/100|[from] item: Leftovers
|upkeep
|turn|16
|
|t:|1760801406
|move|p1a: Enamorus|Play Rough|p2a: Reuniclus|[miss]
|-miss|p1a: Enamorus|p2a: Reuniclus
|move|p2a: Reuniclus|Recover|p2a: Reuniclus
|-heal|p2a: Reuniclus|88/100
|
|-heal|p1a: Enamorus|43/100 par|[from] item: Leftovers
|-heal|p2a: Reuniclus|94/100|[from] item: Leftovers
|upkeep
|turn|17
|
|t:|1760801423
|move|p1a: Enamorus|Superpower|p2a: Reuniclus
|-resisted|p2a: Reuniclus
|-damage|p2a: Reuniclus|80/100
|-boost|p1a: Enamorus|atk|1
|-boost|p1a: Enamorus|def|1
|move|p2a: Reuniclus|Acid Armor|p2a: Reuniclus
|-boost|p2a: Reuniclus|def|2
|
|-heal|p1a: Enamorus|49/100 par|[from] item: Leftovers
|-heal|p2a: Reuniclus|86/100|[from] item: Leftovers
|upkeep
|turn|18
|
|t:|1760801431
|cant|p1a: Enamorus|par
|move|p2a: Reuniclus|Calm Mind|p2a: Reuniclus
|-boost|p2a: Reuniclus|spa|1
|-boost|p2a: Reuniclus|spd|1
|
|-heal|p1a: Enamorus|55/100 par|[from] item: Leftovers
|-heal|p2a: Reuniclus|92/100|[from] item: Leftovers
|upkeep
|turn|19
|
|t:|1760801436
|move|p1a: Enamorus|Substitute|p1a: Enamorus
|-start|p1a: Enamorus|Substitute
|-damage|p1a: Enamorus|30/100 par
|move|p2a: Reuniclus|Stored Power|p1a: Enamorus
|-end|p1a: Enamorus|Substitute
|
|-heal|p1a: Enamorus|36/100 par|[from] item: Leftovers
|-heal|p2a: Reuniclus|98/100|[from] item: Leftovers
|upkeep
|turn|20
|
|t:|1760801446
|move|p1a: Enamorus|Play Rough|p2a: Reuniclus|[miss]
|-miss|p1a: Enamorus|p2a: Reuniclus
|move|p2a: Reuniclus|Stored Power|p1a: Enamorus
|-damage|p1a: Enamorus|0 fnt
|faint|p1a: Enamorus
|
|-heal|p2a: Reuniclus|100/100|[from] item: Leftovers
|upkeep
|
|t:|1760801450
|switch|p1a: Scizor|Scizor, M|72/100
|turn|21
|
|t:|1760801455
|move|p1a: Scizor|U-turn|p2a: Reuniclus
|-supereffective|p2a: Reuniclus
|-damage|p2a: Reuniclus|65/100
|-damage|p1a: Scizor|62/100|[from] item: Life Orb
|
|t:|1760801459
|switch|p1a: Raging Bolt|Raging Bolt|95/100|[from] U-turn
|move|p2a: Reuniclus|Stored Power|p1a: Raging Bolt
|-damage|p1a: Raging Bolt|18/100
|
|-heal|p2a: Reuniclus|71/100|[from] item: Leftovers
|upkeep
|turn|22
|c|☆If You Fly You die|gg wow
|
|t:|1760801469
|move|p1a: Raging Bolt|Draco Meteor|p2a: Reuniclus
|-damage|p2a: Reuniclus|42/100
|-unboost|p1a: Raging Bolt|spa|2
|move|p2a: Reuniclus|Stored Power|p1a: Raging Bolt
|-damage|p1a: Raging Bolt|0 fnt
|faint|p1a: Raging Bolt
|-end|p1a: Raging Bolt|Protosynthesis|[silent]
|
|-heal|p2a: Reuniclus|48/100|[from] item: Leftovers
|upkeep
|
|t:|1760801473
|switch|p1a: Scizor|Scizor, M|62/100
|turn|23
|c|☆If You Fly You die|i give up
|
|t:|1760801480
|move|p1a: Scizor|Bullet Punch|p2a: Reuniclus
|-damage|p2a: Reuniclus|33/100
|-damage|p1a: Scizor|52/100|[from] item: Life Orb
|move|p2a: Reuniclus|Stored Power|p1a: Scizor
|-resisted|p1a: Scizor
|-damage|p1a: Scizor|4/100
|
|-heal|p2a: Reuniclus|39/100|[from] item: Leftovers
|upkeep
|turn|24
|
|t:|1760801485
|move|p1a: Scizor|U-turn|p2a: Reuniclus
|-supereffective|p2a: Reuniclus
|-damage|p2a: Reuniclus|6/100
|-damage|p1a: Scizor|0 fnt|[from] item: Life Orb
|faint|p1a: Scizor
|
|win|boifmister
|raw|If You Fly You die's rating: 1252 &rarr; <strong>1225</strong><br />(-27 for losing)
|raw|boifmister's rating: 1225 &rarr; <strong>1252</strong><br />(+27 for winning)
|l|☆If You Fly You die
|player|p1|
|l|☆boifmister
|player|p2|
