|inactive|Battle timer is ON: inactive players will automatically lose when time's up.
|t:|1760721893
|gametype|singles
|player|p1|FayaWizard|#fayawizard|
|player|p2|Mik3ymon|aromalady-gen6|
|gen|9
|tier|[Gen 9] OU
|rule|HP Percentage Mod: HP is shown in percentages
|rule|Endless Battle Clause: Forcing endless battles is banned
|rule|Species Clause: Limit one of each Pokémon
|rule|OHKO Clause: OHKO moves are banned
|rule|Evasion Items Clause: Evasion items are banned
|rule|Evasion Moves Clause: Evasion moves are banned
|rule|Evasion Abilities Clause: Evasion abilities are banned
|rule|Sleep Moves Clause: Sleep-inducing moves are banned
|clearpoke
|poke|p1|Ninetales-Alola, F|
|poke|p1|Kingambit, M|
|poke|p1|Hatterene, F|
|poke|p1|Ogerpon-Wellspring, F|
|poke|p1|Rhyperior, M|
|poke|p1|Primarina, M|
|poke|p2|Zamazenta-*|
|poke|p2|Ogerpon-Wellspring, F|
|poke|p2|Gholdengo|
|poke|p2|Great Tusk|
|poke|p2|Tornadus-Therian, M|
|poke|p2|Garchomp, F|
|teampreview
|c|☆FayaWizard|glhf
|c|☆Mik3ymon|this is how easy it is to play pokemon
|
|t:|1760721910
|teamsize|p1|6
|teamsize|p2|6
|start
|switch|p1a: Ninetales|Ninetales-Alola, F|100/100
|switch|p2a: Tornadus|Tornadus-Therian, M|100/100
|-weather|Snowscape|[from] ability: Snow Warning|[of] p1a: Ninetales
|turn|1
|
|t:|1760721919
|move|p2a: Tornadus|Knock Off|p1a: Ninetales
|-resisted|p1a: Ninetales
|-damage|p1a: Ninetales|93/100
|-enditem|p1a: Ninetales|Light Clay|[from] move: Knock Off|[of] p2a: Tornadus
|move|p1a: Ninetales|Aurora Veil|p1a: Ninetales
|-sidestart|p1: FayaWizard|move: Aurora Veil
|
|-weather|Snowscape|[upkeep]
|upkeep
|turn|2
|
|t:|1760721948
|switch|p1a: Ogerpon|Ogerpon-Wellspring, F|100/100
|move|p2a: Tornadus|Bleakwind Storm|p1a: Ogerpon
|-supereffective|p1a: Ogerpon
|-damage|p1a: Ogerpon|61/100
|
|-weather|Snowscape|[upkeep]
|upkeep
|turn|3
|
|t:|1760721961
|switch|p1a: Rhyperior|Rhyperior, M|100/100
|move|p2a: Tornadus|Bleakwind Storm|p1a: Rhyperior
|-resisted|p1a: Rhyperior
|-damage|p1a: Rhyperior|86/100
|
|-weather|Snowscape|[upkeep]
|upkeep
|turn|4
|
|t:|1760721967
|move|p2a: Tornadus|U-turn|p1a: Rhyperior
|-damage|p1a: Rhyperior|81/100
|
|t:|1760721978
|switch|p2a: Great Tusk|Great Tusk|100/100|[from] U-turn
|move|p1a: Rhyperior|Rock Polish|p1a: Rhyperior
|-boost|p1a: Rhyperior|spe|2
|
|-weather|Snowscape|[upkeep]
|upkeep
|turn|5
|
|t:|1760721983
|move|p1a: Rhyperior|Earthquake|p2a: Great Tusk
|-damage|p2a: Great Tusk|60/100
|move|p2a: Great Tusk|Knock Off|p1a: Rhyperior
|-crit|p1a: Rhyperior
|-damage|p1a: Rhyperior|49/100
|-enditem|p1a: Rhyperior|Weakness Policy|[from] move: Knock Off|[of] p2a: Great Tusk
|
|-weather|none
|-sideend|p1: FayaWizard|move: Aurora Veil
|upkeep
|turn|6
|c|☆FayaWizard|:(
|
|t:|1760721990
|move|p1a: Rhyperior|Earthquake|p2a: Great Tusk
|-damage|p2a: Great Tusk|20/100
|move|p2a: Great Tusk|Headlong Rush|p1a: Rhyperior
|-supereffective|p1a: Rhyperior
|-damage|p1a: Rhyperior|0 fnt
|-unboost|p2a: Great Tusk|def|1
|-unboost|p2a: Great Tusk|spd|1
|faint|p1a: Rhyperior
|
|upkeep
|
|t:|1760721995
|switch|p1a: Ogerpon|Ogerpon-Wellspring, F|61/100
|turn|7
|
|t:|1760722002
|-end|p2a: Great Tusk|Protosynthesis|[silent]
|switch|p2a: Tornadus|Tornadus-Therian, M|100/100
|move|p1a: Ogerpon|Trailblaze|p2a: Tornadus
|-resisted|p2a: Tornadus
|-damage|p2a: Tornadus|83/100
|-boost|p1a: Ogerpon|spe|1
|
|upkeep
|turn|8
|
|t:|1760722009
|-terastallize|p1a: Ogerpon|Water
|detailschange|p1a: Ogerpon|Ogerpon-Wellspring-Tera, F, tera:Water
|-ability|p1a: Ogerpon|Embody Aspect (Wellspring)|boost
|-boost|p1a: Ogerpon|spd|1
|move|p1a: Ogerpon|Ivy Cudgel|p2a: Tornadus|[anim] Ivy Cudgel Water
|-crit|p2a: Tornadus
|-damage|p2a: Tornadus|0 fnt
|faint|p2a: Tornadus
|
|upkeep
|
|t:|1760722016
|switch|p2a: Ogerpon|Ogerpon-Wellspring, F|100/100
|turn|9
|
|t:|1760722020
|switch|p1a: Ninetales|Ninetales-Alola, F|93/100
|-weather|Snowscape|[from] ability: Snow Warning|[of] p1a: Ninetales
|move|p2a: Ogerpon|Trailblaze|p1a: Ninetales
|-damage|p1a: Ninetales|70/100
|-boost|p2a: Ogerpon|spe|1
|
|-weather|Snowscape|[upkeep]
|upkeep
|turn|10
|
|t:|1760722033
|move|p2a: Ogerpon|Swords Dance|p2a: Ogerpon
|-boost|p2a: Ogerpon|atk|2
|move|p1a: Ninetales|Aurora Veil|p1a: Ninetales
|-sidestart|p1: FayaWizard|move: Aurora Veil
|
|-weather|Snowscape|[upkeep]
|upkeep
|turn|11
|
|t:|1760722038
|switch|p2a: Gholdengo|Gholdengo|100/100
|move|p1a: Ninetales|Freeze-Dry|p2a: Gholdengo
|-resisted|p2a: Gholdengo
|-damage|p2a: Gholdengo|90/100
|
|-weather|Snowscape|[upkeep]
|upkeep
|turn|12
|
|t:|1760722044
|switch|p1a: Ogerpon|Ogerpon-Wellspring-Tera, F, tera:Water|61/100
|-ability|p1a: Ogerpon|Embody Aspect (Wellspring)|boost
|-boost|p1a: Ogerpon|spd|1
|move|p2a: Gholdengo|Nasty Plot|p2a: Gholdengo
|-boost|p2a: Gholdengo|spa|2
|
|-weather|Snowscape|[upkeep]
|upkeep
|turn|13
|inactive|Mik3ymon has 270 seconds left.
|
|t:|1760722094
|switch|p2a: Great Tusk|Great Tusk|20/100
|move|p1a: Ogerpon|Swords Dance|p1a: Ogerpon
|-boost|p1a: Ogerpon|atk|2
|
|-weather|none
|upkeep
|turn|14
|
|t:|1760722101
|-end|p2a: Great Tusk|Protosynthesis|[silent]
|switch|p2a: Garchomp|Garchomp, F|100/100
|move|p1a: Ogerpon|Trailblaze|p2a: Garchomp
|-damage|p2a: Garchomp|66/100
|-boost|p1a: Ogerpon|spe|1
|-damage|p1a: Ogerpon|48/100|[from] ability: Rough Skin|[of] p2a: Garchomp
|-damage|p1a: Ogerpon|32/100|[from] item: Rocky Helmet|[of] p2a: Garchomp
|
|-sideend|p1: FayaWizard|move: Aurora Veil
|upkeep
|turn|15
|
|t:|1760722108
|switch|p2a: Great Tusk|Great Tusk|20/100
|move|p1a: Ogerpon|Ivy Cudgel|p2a: Great Tusk|[anim] Ivy Cudgel Water
|-supereffective|p2a: Great Tusk
|-damage|p2a: Great Tusk|0 fnt
|faint|p2a: Great Tusk
|-end|p2a: Great Tusk|Protosynthesis|[silent]
|
|upkeep
|
|t:|1760722113
|switch|p2a: Ogerpon|Ogerpon-Wellspring, F|100/100
|turn|16
|inactive|FayaWizard has 270 seconds left.
|
|t:|1760722146
|move|p1a: Ogerpon|Play Rough|p2a: Ogerpon
|-damage|p2a: Ogerpon|9/100
|move|p2a: Ogerpon|Trailblaze|p1a: Ogerpon
|-supereffective|p1a: Ogerpon
|-damage|p1a: Ogerpon|0 fnt
|-boost|p2a: Ogerpon|spe|1
|faint|p1a: Ogerpon
|detailschange|p1: Ogerpon|Ogerpon-Wellspring, F|[silent]
|
|upkeep
|inactive|FayaWizard has 270 seconds left.
|
|t:|1760722152
|switch|p1a: Ninetales|Ninetales-Alola, F|70/100
|-weather|Snowscape|[from] ability: Snow Warning|[of] p1a: Ninetales
|turn|17
|
|t:|1760722160
|move|p2a: Ogerpon|Ivy Cudgel|p1a: Ninetales|[anim] Ivy Cudgel Water
|-damage|p1a: Ninetales|17/100
|move|p1a: Ninetales|Freeze-Dry|p2a: Ogerpon
|-supereffective|p2a: Ogerpon
|-damage|p2a: Ogerpon|0 fnt
|faint|p2a: Ogerpon
|
|-weather|Snowscape|[upkeep]
|upkeep
|inactive|Mik3ymon has 270 seconds left.
|
|t:|1760722179
|switch|p2a: Zamazenta|Zamazenta|100/100
|-ability|p2a: Zamazenta|Dauntless Shield|boost
|-boost|p2a: Zamazenta|def|1
|turn|18
|
|t:|1760722181
|move|p2a: Zamazenta|Body Press|p1a: Ninetales
|-damage|p1a: Ninetales|0 fnt
|faint|p1a: Ninetales
|
|-weather|Snowscape|[upkeep]
|upkeep
|
|t:|1760722183
|switch|p1a: Primarina|Primarina, M|100/100
|turn|19
|
|t:|1760722187
|switch|p2a: Gholdengo|Gholdengo|90/100
|move|p1a: Primarina|Hydro Pump|p2a: Gholdengo
|-damage|p2a: Gholdengo|26/100
|
|-weather|Snowscape|[upkeep]
|upkeep
|turn|20
|
|t:|1760722192
|move|p2a: Gholdengo|Make It Rain|p1a: Primarina
|-damage|p1a: Primarina|48/100
|-unboost|p2a: Gholdengo|spa|1
|move|p1a: Primarina|Hydro Pump|p2a: Gholdengo|[miss]
|-miss|p1a: Primarina|p2a: Gholdengo
|
|-weather|Snowscape|[upkeep]
|-heal|p1a: Primarina|54/100|[from] item: Leftovers
|upkeep
|turn|21
|
|t:|1760722197
|move|p2a: Gholdengo|Make It Rain|p1a: Primarina
|-damage|p1a: Primarina|23/100
|-unboost|p2a: Gholdengo|spa|1
|move|p1a: Primarina|Hydro Pump|p2a: Gholdengo
|-damage|p2a: Gholdengo|0 fnt
|faint|p2a: Gholdengo
|
|-weather|none
|-heal|p1a: Primarina|29/100|[from] item: Leftovers
|upkeep
|c|☆FayaWizard|well thats karma ig
|
|t:|1760722200
|switch|p2a: Garchomp|Garchomp, F|66/100
|turn|22
|
|t:|1760722203
|move|p2a: Garchomp|Earthquake|p1a: Primarina
|-damage|p1a: Primarina|0 fnt
|faint|p1a: Primarina
|
|upkeep
|
|t:|1760722206
|switch|p1a: Hatterene|Hatterene, F|100/100
|turn|23
|
|t:|1760722208
|move|p2a: Garchomp|Earthquake|p1a: Hatterene
|-damage|p1a: Hatterene|62/100
|move|p1a: Hatterene|Draining Kiss|p2a: Garchomp
|-supereffective|p2a: Garchomp
|-damage|p2a: Garchomp|24/100
|-heal|p1a: Hatterene|100/100|[from] drain|[of] p2a: Garchomp
|-damage|p1a: Hatterene|88/100|[from] ability: Rough Skin|[of] p2a: Garchomp
|-damage|p1a: Hatterene|72/100|[from] item: Rocky Helmet|[of] p2a: Garchomp
|
|-heal|p1a: Hatterene|78/100|[from] item: Leftovers
|upkeep
|turn|24
|
|t:|1760722212
|move|p2a: Garchomp|Earthquake|p1a: Hatterene
|-damage|p1a: Hatterene|44/100
|move|p1a: Hatterene|Draining Kiss|p2a: Garchomp
|-supereffective|p2a: Garchomp
|-damage|p2a: Garchomp|0 fnt
|-heal|p1a: Hatterene|67/100|[from] drain|[of] p2a: Garchomp
|-damage|p1a: Hatterene|55/100|[from] ability: Rough Skin|[of] p2a: Garchomp
|-damage|p1a: Hatterene|39/100|[from] item: Rocky Helmet|[of] p2a: Garchomp
|faint|p2a: Garchomp
|
|-heal|p1a: Hatterene|45/100|[from] item: Leftovers
|upkeep
|
|t:|1760722215
|switch|p2a: Zamazenta|Zamazenta|100/100
|turn|25
|
|t:|1760722220
|switch|p1a: Kingambit|Kingambit, M|100/100
|-activate|p1a: Kingambit|ability: Supreme Overlord
|-start|p1a: Kingambit|fallen4|[silent]
|-terastallize|p2a: Zamazenta|Dark
|move|p2a: Zamazenta|Crunch|p1a: Kingambit
|-resisted|p1a: Kingambit
|-damage|p1a: Kingambit|88/100
|
|-heal|p1a: Kingambit|94/100|[from] item: Leftovers
|upkeep
|turn|26
|
|t:|1760722225
|move|p2a: Zamazenta|Body Press|p1a: Kingambit
|-supereffective|p1a: Kingambit
|-damage|p1a: Kingambit|0 fnt
|faint|p1a: Kingambit
|-end|p1a: Kingambit|fallen4|[silent]
|
|upkeep
|
|t:|1760722227
|switch|p1a: Hatterene|Hatterene, F|45/100
|turn|27
|
|t:|1760722231
|move|p2a: Zamazenta|Crunch|p1a: Hatterene
|-damage|p1a: Hatterene|18/100
|-unboost|p1a: Hatterene|def|1
|move|p1a: Hatterene|Draining Kiss|p2a: Zamazenta
|-supereffective|p2a: Zamazenta
|-damage|p2a: Zamazenta|64/100
|-heal|p1a: Hatterene|48/100|[from] drain|[of] p2a: Zamazenta
|
|-heal|p1a: Hatterene|54/100|[from] item: Leftovers
|upkeep
|turn|28
|
|t:|1760722235
|move|p2a: Zamazenta|Crunch|p1a: Hatterene
|-damage|p1a: Hatterene|13/100
|move|p1a: Hatterene|Draining Kiss|p2a: Zamazenta
|-supereffective|p2a: Zamazenta
|-damage|p2a: Zamazenta|25/100
|-heal|p1a: Hatterene|45/100|[from] drain|[of] p2a: Zamazenta
|
|-heal|p1a: Hatterene|51/100|[from] item: Leftovers
|upkeep
|turn|29
|
|t:|1760722243
|move|p2a: Zamazenta|Crunch|p1a: Hatterene
|-damage|p1a: Hatterene|11/100
|move|p1a: Hatterene|Draining Kiss|p2a: Zamazenta
|-supereffective|p2a: Zamazenta
|-damage|p2a: Zamazenta|0 fnt
|-heal|p1a: Hatterene|30/100|[from] drain|[of] p2a: Zamazenta
|faint|p2a: Zamazenta
|
|win|FayaWizard
|player|p2|
|c|☆FayaWizard|ggs
