|j|☆BigG5
|j|☆Auburn Hills
|t:|1760734429
|gametype|singles
|player|p1|BigG5|2|1623
|player|p2|Auburn Hills|alder|1661
|gen|9
|tier|[Gen 9] OU
|rated|
|rule|HP Percentage Mod: HP is shown in percentages
|rule|Endless Battle Clause: Forcing endless battles is banned
|rule|Species Clause: Limit one of each Pokémon
|rule|OHKO Clause: OHKO moves are banned
|rule|Evasion Items Clause: Evasion items are banned
|rule|Evasion Moves Clause: Evasion moves are banned
|rule|Evasion Abilities Clause: Evasion abilities are banned
|rule|Sleep Moves Clause: Sleep-inducing moves are banned
|clearpoke
|poke|p1|Pelipper, M|
|poke|p1|Moltres|
|poke|p1|Basculegion, M|
|poke|p1|Raging Bolt|
|poke|p1|Iron Treads|
|poke|p1|Keldeo|
|poke|p2|Iron Moth|
|poke|p2|Umbreon, M|
|poke|p2|Garchomp, M|
|poke|p2|Glimmora, M|
|poke|p2|Gholdengo|
|poke|p2|Dragonite, F|
|teampreview
|
|t:|1760734452
|teamsize|p1|6
|teamsize|p2|6
|start
|switch|p1a: Keldeo|Keldeo|100/100
|switch|p2a: Julia Jacklin|Glimmora, M|100/100
|turn|1
|inactive|Battle timer is ON: inactive players will automatically lose when time's up. (requested by BigG5)
|inactive|Auburn Hills also wants the timer to be on.
|
|t:|1760734458
|switch|p2a: Alvvays|Umbreon, M|100/100
|move|p1a: Keldeo|Surf|p2a: Alvvays
|-damage|p2a: Alvvays|77/100
|
|-heal|p2a: Alvvays|83/100|[from] item: Leftovers
|upkeep
|turn|2
|
|t:|1760734464
|move|p1a: Keldeo|Aura Sphere|p2a: Alvvays
|-supereffective|p2a: Alvvays
|-damage|p2a: Alvvays|37/100
|move|p2a: Alvvays|Foul Play|p1a: Keldeo
|-resisted|p1a: Keldeo
|-damage|p1a: Keldeo|87/100
|-ability|p1a: Keldeo|Justified|boost
|-boost|p1a: Keldeo|atk|1
|
|-heal|p2a: Alvvays|43/100|[from] item: Leftovers
|upkeep
|turn|3
|
|t:|1760734472
|move|p2a: Alvvays|Protect|p2a: Alvvays
|-singleturn|p2a: Alvvays|Protect
|move|p1a: Keldeo|Aura Sphere|p2a: Alvvays
|-activate|p2a: Alvvays|move: Protect
|
|-heal|p2a: Alvvays|49/100|[from] item: Leftovers
|upkeep
|turn|4
|
|t:|1760734474
|move|p1a: Keldeo|Aura Sphere|p2a: Alvvays
|-supereffective|p2a: Alvvays
|-damage|p2a: Alvvays|7/100
|move|p2a: Alvvays|Wish|p2a: Alvvays
|
|-heal|p2a: Alvvays|13/100|[from] item: Leftovers
|upkeep
|turn|5
|
|t:|1760734486
|move|p2a: Alvvays|Protect|p2a: Alvvays
|-singleturn|p2a: Alvvays|Protect
|move|p1a: Keldeo|Flip Turn|p2a: Alvvays
|-activate|p2a: Alvvays|move: Protect
|
|-heal|p2a: Alvvays|63/100|[from] move: Wish|[wisher] Alvvays
|-heal|p2a: Alvvays|69/100|[from] item: Leftovers
|upkeep
|turn|6
|
|t:|1760734491
|move|p1a: Keldeo|Flip Turn|p2a: Alvvays
|-damage|p2a: Alvvays|52/100
|
|t:|1760734494
|switch|p1a: Pelipper|Pelipper, M|100/100|[from] Flip Turn
|-weather|RainDance|[from] ability: Drizzle|[of] p1a: Pelipper
|move|p2a: Alvvays|Thunder Wave|p1a: Pelipper
|-status|p1a: Pelipper|par
|
|-weather|RainDance|[upkeep]
|-heal|p2a: Alvvays|58/100|[from] item: Leftovers
|upkeep
|turn|7
|
|t:|1760734498
|move|p2a: Alvvays|Wish|p2a: Alvvays
|cant|p1a: Pelipper|par
|
|-weather|RainDance|[upkeep]
|-heal|p2a: Alvvays|64/100|[from] item: Leftovers
|upkeep
|turn|8
|
|t:|1760734502
|move|p2a: Alvvays|Foul Play|p1a: Pelipper
|-damage|p1a: Pelipper|86/100 par
|move|p1a: Pelipper|U-turn|p2a: Alvvays
|-supereffective|p2a: Alvvays
|-damage|p2a: Alvvays|49/100
|
|t:|1760734507
|switch|p1a: Basculegion|Basculegion, M, shiny|100/100|[from] U-turn
|
|-weather|RainDance|[upkeep]
|-heal|p2a: Alvvays|98/100|[from] move: Wish|[wisher] Alvvays
|-heal|p2a: Alvvays|100/100|[from] item: Leftovers
|upkeep
|turn|9
|
|t:|1760734513
|-terastallize|p2a: Alvvays|Water
|move|p1a: Basculegion|Flip Turn|p2a: Alvvays
|-resisted|p2a: Alvvays
|-damage|p2a: Alvvays|77/100
|
|t:|1760734518
|switch|p1a: Keldeo|Keldeo|87/100|[from] Flip Turn
|move|p2a: Alvvays|Foul Play|p1a: Keldeo
|-resisted|p1a: Keldeo
|-damage|p1a: Keldeo|74/100
|-ability|p1a: Keldeo|Justified|boost
|-boost|p1a: Keldeo|atk|1
|
|-weather|RainDance|[upkeep]
|-heal|p2a: Alvvays|83/100|[from] item: Leftovers
|upkeep
|turn|10
|
|t:|1760734522
|move|p1a: Keldeo|Flip Turn|p2a: Alvvays
|-resisted|p2a: Alvvays
|-damage|p2a: Alvvays|70/100
|
|t:|1760734525
|switch|p1a: Raging Bolt|Raging Bolt|100/100|[from] Flip Turn
|-enditem|p1a: Raging Bolt|Booster Energy
|-activate|p1a: Raging Bolt|ability: Protosynthesis|[fromitem]
|-start|p1a: Raging Bolt|protosynthesisspa
|move|p2a: Alvvays|Wish|p2a: Alvvays
|
|-weather|RainDance|[upkeep]
|-heal|p2a: Alvvays|76/100|[from] item: Leftovers
|upkeep
|turn|11
|
|t:|1760734529
|switch|p2a: Rat Tally|Garchomp, M|100/100
|move|p1a: Raging Bolt|Weather Ball|p2a: Rat Tally
|-damage|p2a: Rat Tally|19/100
|
|-weather|RainDance|[upkeep]
|-heal|p2a: Rat Tally|74/100|[from] move: Wish|[wisher] Alvvays
|upkeep
|turn|12
|
|t:|1760734541
|-end|p1a: Raging Bolt|Protosynthesis|[silent]
|switch|p1a: Moltres|Moltres|100/100
|move|p2a: Rat Tally|Scale Shot|p1a: Moltres
|-damage|p1a: Moltres|91/100
|-damage|p1a: Moltres|82/100
|-damage|p1a: Moltres|74/100
|-damage|p1a: Moltres|65/100
|-damage|p1a: Moltres|56/100
|-hitcount|p1a: Moltres|5
|-unboost|p2a: Rat Tally|def|1
|-boost|p2a: Rat Tally|spe|1
|
|-weather|RainDance|[upkeep]
|upkeep
|turn|13
|
|t:|1760734548
|move|p2a: Rat Tally|Scale Shot|p1a: Moltres
|-damage|p1a: Moltres|46/100
|-damage|p1a: Moltres|36/100
|-damage|p1a: Moltres|27/100
|-damage|p1a: Moltres|17/100
|-damage|p1a: Moltres|8/100
|-hitcount|p1a: Moltres|5
|-unboost|p2a: Rat Tally|def|1
|-boost|p2a: Rat Tally|spe|1
|move|p1a: Moltres|Will-O-Wisp|p2a: Rat Tally
|-status|p2a: Rat Tally|brn
|
|-weather|none
|-damage|p2a: Rat Tally|68/100 brn|[from] brn
|upkeep
|turn|14
|
|t:|1760734562
|move|p2a: Rat Tally|Tera Blast|p1a: Moltres
|-damage|p1a: Moltres|0 fnt
|faint|p1a: Moltres
|
|-damage|p2a: Rat Tally|62/100 brn|[from] brn
|upkeep
|
|t:|1760734579
|switch|p1a: Pelipper|Pelipper, M|86/100 par
|-weather|RainDance|[from] ability: Drizzle|[of] p1a: Pelipper
|turn|15
|
|t:|1760734583
|move|p2a: Rat Tally|Scale Shot|p1a: Pelipper
|-damage|p1a: Pelipper|81/100 par
|-crit|p1a: Pelipper
|-damage|p1a: Pelipper|73/100 par
|-damage|p1a: Pelipper|69/100 par
|-damage|p1a: Pelipper|63/100 par
|-hitcount|p1a: Pelipper|4
|-unboost|p2a: Rat Tally|def|1
|-boost|p2a: Rat Tally|spe|1
|move|p1a: Pelipper|U-turn|p2a: Rat Tally
|-damage|p2a: Rat Tally|39/100 brn
|-damage|p1a: Pelipper|51/100 par|[from] ability: Rough Skin|[of] p2a: Rat Tally
|
|t:|1760734587
|switch|p1a: Basculegion|Basculegion, M, shiny|100/100|[from] U-turn
|
|-weather|RainDance|[upkeep]
|-damage|p2a: Rat Tally|33/100 brn|[from] brn
|upkeep
|turn|16
|
|t:|1760734590
|move|p1a: Basculegion|Aqua Jet|p2a: Rat Tally
|-damage|p2a: Rat Tally|0 fnt
|-damage|p1a: Basculegion|88/100|[from] ability: Rough Skin|[of] p2a: Rat Tally
|faint|p2a: Rat Tally
|
|-weather|RainDance|[upkeep]
|upkeep
|
|t:|1760734596
|switch|p2a: Elucid|Dragonite, F|100/100
|turn|17
|
|t:|1760734609
|switch|p1a: Keldeo|Keldeo|74/100
|move|p2a: Elucid|Dragon Dance|p2a: Elucid
|-boost|p2a: Elucid|atk|1
|-boost|p2a: Elucid|spe|1
|
|-weather|RainDance|[upkeep]
|upkeep
|turn|18
|
|t:|1760734614
|move|p2a: Elucid|Dragon Dance|p2a: Elucid
|-boost|p2a: Elucid|atk|1
|-boost|p2a: Elucid|spe|1
|move|p1a: Keldeo|Flip Turn|p2a: Elucid
|-resisted|p2a: Elucid
|-damage|p2a: Elucid|95/100
|
|t:|1760734618
|switch|p1a: Raging Bolt|Raging Bolt|100/100|[from] Flip Turn
|
|-weather|RainDance|[upkeep]
|upkeep
|turn|19
|
|t:|1760734623
|-terastallize|p1a: Raging Bolt|Fairy
|move|p2a: Elucid|Earthquake|p1a: Raging Bolt
|-damage|p1a: Raging Bolt|29/100
|move|p1a: Raging Bolt|Draco Meteor|p2a: Elucid
|-supereffective|p2a: Elucid
|-damage|p2a: Elucid|0 fnt
|-unboost|p1a: Raging Bolt|spa|2
|faint|p2a: Elucid
|
|-weather|RainDance|[upkeep]
|upkeep
|
|t:|1760734629
|switch|p2a: Julia Jacklin|Glimmora, M|100/100
|turn|20
|
|t:|1760734635
|-end|p1a: Raging Bolt|Protosynthesis|[silent]
|switch|p1a: Iron Treads|Iron Treads|100/100
|-item|p1a: Iron Treads|Air Balloon
|move|p2a: Julia Jacklin|Earth Power|p1a: Iron Treads
|-immune|p1a: Iron Treads
|
|-weather|RainDance|[upkeep]
|upkeep
|turn|21
|
|t:|1760734639
|switch|p2a: Smino|Gholdengo|100/100
|move|p1a: Iron Treads|Stealth Rock|p2a: Smino
|-sidestart|p2: Auburn Hills|move: Stealth Rock
|
|-weather|RainDance|[upkeep]
|upkeep
|turn|22
|
|t:|1760734641
|move|p2a: Smino|Trick|p1a: Iron Treads
|-activate|p2a: Smino|move: Trick|[of] p1a: Iron Treads
|-item|p1a: Iron Treads|Choice Scarf|[from] move: Trick
|-item|p2a: Smino|Air Balloon
|-item|p2a: Smino|Air Balloon|[from] move: Trick
|move|p1a: Iron Treads|Knock Off|p2a: Smino
|-supereffective|p2a: Smino
|-damage|p2a: Smino|50/100
|-enditem|p2a: Smino|Air Balloon
|
|-weather|none
|upkeep
|turn|23
|
|t:|1760734650
|move|p1a: Iron Treads|Knock Off|p2a: Smino
|-supereffective|p2a: Smino
|-damage|p2a: Smino|17/100
|move|p2a: Smino|Trick|p1a: Iron Treads
|-activate|p2a: Smino|move: Trick|[of] p1a: Iron Treads
|-enditem|p1a: Iron Treads|Choice Scarf|[silent]|[from] move: Trick
|-item|p2a: Smino|Choice Scarf|[from] move: Trick
|
|upkeep
|turn|24
|
|t:|1760734658
|move|p2a: Smino|Shadow Ball|p1a: Iron Treads
|-damage|p1a: Iron Treads|50/100
|move|p1a: Iron Treads|Earthquake|p2a: Smino
|-supereffective|p2a: Smino
|-damage|p2a: Smino|0 fnt
|faint|p2a: Smino
|
|upkeep
|
|t:|1760734665
|switch|p2a: Carly Rae|Iron Moth|100/100
|-damage|p2a: Carly Rae|76/100|[from] Stealth Rock
|-enditem|p2a: Carly Rae|Booster Energy
|-activate|p2a: Carly Rae|ability: Quark Drive|[fromitem]
|-start|p2a: Carly Rae|quarkdrivespe
|turn|25
|
|t:|1760734671
|move|p2a: Carly Rae|Fiery Dance|p1a: Iron Treads
|-supereffective|p1a: Iron Treads
|-damage|p1a: Iron Treads|0 fnt
|faint|p1a: Iron Treads
|-end|p1a: Iron Treads|Quark Drive|[silent]
|
|upkeep
|
|t:|1760734673
|switch|p1a: Pelipper|Pelipper, M|51/100 par
|-weather|RainDance|[from] ability: Drizzle|[of] p1a: Pelipper
|turn|26
|
|t:|1760734675
|move|p2a: Carly Rae|Discharge|p1a: Pelipper
|-supereffective|p1a: Pelipper
|-damage|p1a: Pelipper|0 fnt
|faint|p1a: Pelipper
|
|-weather|RainDance|[upkeep]
|upkeep
|
|t:|1760734679
|switch|p1a: Basculegion|Basculegion, M, shiny|88/100
|turn|27
|
|t:|1760734681
|-end|p2a: Carly Rae|Quark Drive|[silent]
|switch|p2a: Julia Jacklin|Glimmora, M|100/100
|-damage|p2a: Julia Jacklin|88/100|[from] Stealth Rock
|move|p1a: Basculegion|Wave Crash|p2a: Julia Jacklin
|-supereffective|p2a: Julia Jacklin
|-damage|p2a: Julia Jacklin|0 fnt
|-activate|p2a: Julia Jacklin|ability: Toxic Debris
|-sidestart|p1: BigG5|move: Toxic Spikes
|faint|p2a: Julia Jacklin
|-damage|p1a: Basculegion|65/100|[from] Recoil
|
|-weather|RainDance|[upkeep]
|upkeep
|
|t:|1760734683
|switch|p2a: Alvvays|Umbreon, M, tera:Water|76/100
|-damage|p2a: Alvvays|64/100|[from] Stealth Rock
|turn|28
|
|t:|1760734689
|switch|p1a: Keldeo|Keldeo|74/100
|move|p2a: Alvvays|Wish|p2a: Alvvays
|
|-weather|RainDance|[upkeep]
|-heal|p2a: Alvvays|70/100|[from] item: Leftovers
|upkeep
|turn|29
|
|t:|1760734694
|move|p1a: Keldeo|Flip Turn|p2a: Alvvays
|-resisted|p2a: Alvvays
|-damage|p2a: Alvvays|62/100
|
|t:|1760734697
|switch|p1a: Raging Bolt|Raging Bolt, tera:Fairy|29/100|[from] Flip Turn
|-status|p1a: Raging Bolt|psn
|move|p2a: Alvvays|Thunder Wave||[still]
|-fail|p2a: Alvvays
|
|-weather|RainDance|[upkeep]
|-heal|p2a: Alvvays|100/100|[from] move: Wish|[wisher] Alvvays
|-damage|p1a: Raging Bolt|16/100 psn|[from] psn
|upkeep
|turn|30
|
|t:|1760734706
|move|p2a: Alvvays|Protect|p2a: Alvvays
|-singleturn|p2a: Alvvays|Protect
|move|p1a: Raging Bolt|Thunder|p2a: Alvvays
|-activate|p2a: Alvvays|move: Protect
|
|-weather|RainDance|[upkeep]
|-damage|p1a: Raging Bolt|4/100 psn|[from] psn
|upkeep
|turn|31
|
|t:|1760734709
|switch|p2a: Carly Rae|Iron Moth|76/100
|-damage|p2a: Carly Rae|51/100|[from] Stealth Rock
|move|p1a: Raging Bolt|Thunder|p2a: Carly Rae
|-damage|p2a: Carly Rae|0 fnt
|faint|p2a: Carly Rae
|-end|p2a: Carly Rae|Quark Drive|[silent]
|
|-weather|RainDance|[upkeep]
|-damage|p1a: Raging Bolt|0 fnt|[from] psn
|faint|p1a: Raging Bolt
|-end|p1a: Raging Bolt|Protosynthesis|[silent]
|upkeep
|
|t:|1760734718
|switch|p2a: Alvvays|Umbreon, M, tera:Water|100/100
|switch|p1a: Basculegion|Basculegion, M, shiny|65/100
|-status|p1a: Basculegion|psn
|-damage|p2a: Alvvays|88/100|[from] Stealth Rock
|turn|32
|
|t:|1760734721
|move|p2a: Alvvays|Protect|p2a: Alvvays
|-singleturn|p2a: Alvvays|Protect
|move|p1a: Basculegion|Wave Crash|p2a: Alvvays
|-activate|p2a: Alvvays|move: Protect
|
|-weather|RainDance|[upkeep]
|-heal|p2a: Alvvays|94/100|[from] item: Leftovers
|-damage|p1a: Basculegion|53/100 psn|[from] psn
|upkeep
|turn|33
|
|t:|1760734725
|move|p1a: Basculegion|Wave Crash|p2a: Alvvays
|-resisted|p2a: Alvvays
|-damage|p2a: Alvvays|40/100
|-damage|p1a: Basculegion|34/100 psn|[from] Recoil
|move|p2a: Alvvays|Wish|p2a: Alvvays
|
|-weather|none
|-heal|p2a: Alvvays|46/100|[from] item: Leftovers
|-damage|p1a: Basculegion|22/100 psn|[from] psn
|upkeep
|turn|34
|
|t:|1760734728
|move|p2a: Alvvays|Protect|p2a: Alvvays
|-singleturn|p2a: Alvvays|Protect
|move|p1a: Basculegion|Wave Crash|p2a: Alvvays
|-activate|p2a: Alvvays|move: Protect
|
|-heal|p2a: Alvvays|96/100|[from] move: Wish|[wisher] Alvvays
|-heal|p2a: Alvvays|100/100|[from] item: Leftovers
|-damage|p1a: Basculegion|10/100 psn|[from] psn
|upkeep
|turn|35
|
|t:|1760734733
|move|p1a: Basculegion|Wave Crash|p2a: Alvvays
|-resisted|p2a: Alvvays
|-damage|p2a: Alvvays|66/100
|-damage|p1a: Basculegion|0 fnt|[from] Recoil
|faint|p1a: Basculegion
|move|p2a: Alvvays|Wish|p2a: Alvvays
|
|-heal|p2a: Alvvays|72/100|[from] item: Leftovers
|upkeep
|
|t:|1760734735
|switch|p1a: Keldeo|Keldeo|74/100
|turn|36
|
|t:|1760734738
|move|p1a: Keldeo|Surf|p2a: Alvvays
|-resisted|p2a: Alvvays
|-damage|p2a: Alvvays|60/100
|move|p2a: Alvvays|Thunder Wave|p1a: Keldeo
|-status|p1a: Keldeo|par
|
|-heal|p2a: Alvvays|100/100|[from] move: Wish|[wisher] Alvvays
|upkeep
|turn|37
|
|t:|1760734742
|move|p1a: Keldeo|Aura Sphere|p2a: Alvvays
|-damage|p2a: Alvvays|79/100
|move|p2a: Alvvays|Wish|p2a: Alvvays
|
|-heal|p2a: Alvvays|85/100|[from] item: Leftovers
|upkeep
|turn|38
|
|t:|1760734746
|move|p1a: Keldeo|Aura Sphere|p2a: Alvvays
|-damage|p2a: Alvvays|63/100
|move|p2a: Alvvays|Foul Play|p1a: Keldeo
|-resisted|p1a: Keldeo
|-damage|p1a: Keldeo|62/100 par
|-ability|p1a: Keldeo|Justified|boost
|-boost|p1a: Keldeo|atk|1
|
|-heal|p2a: Alvvays|100/100|[from] move: Wish|[wisher] Alvvays
|upkeep
|turn|39
|
|t:|1760734749
|move|p1a: Keldeo|Aura Sphere|p2a: Alvvays
|-damage|p2a: Alvvays|79/100
|move|p2a: Alvvays|Foul Play|p1a: Keldeo
|-resisted|p1a: Keldeo
|-damage|p1a: Keldeo|42/100 par
|-ability|p1a: Keldeo|Justified|boost
|-boost|p1a: Keldeo|atk|1
|
|-heal|p2a: Alvvays|85/100|[from] item: Leftovers
|upkeep
|turn|40
|
|t:|1760734751
|move|p1a: Keldeo|Aura Sphere|p2a: Alvvays
|-damage|p2a: Alvvays|65/100
|move|p2a: Alvvays|Wish|p2a: Alvvays
|
|-heal|p2a: Alvvays|71/100|[from] item: Leftovers
|upkeep
|turn|41
|
|t:|1760734753
|cant|p1a: Keldeo|par
|move|p2a: Alvvays|Foul Play|p1a: Keldeo
|-resisted|p1a: Keldeo
|-damage|p1a: Keldeo|14/100 par
|-ability|p1a: Keldeo|Justified|boost
|-boost|p1a: Keldeo|atk|1
|
|-heal|p2a: Alvvays|100/100|[from] move: Wish|[wisher] Alvvays
|upkeep
|turn|42
|
|t:|1760734756
|move|p1a: Keldeo|Flip Turn|p2a: Alvvays
|-resisted|p2a: Alvvays
|-damage|p2a: Alvvays|86/100
|move|p2a: Alvvays|Foul Play|p1a: Keldeo
|-resisted|p1a: Keldeo
|-damage|p1a: Keldeo|0 fnt
|faint|p1a: Keldeo
|
|win|Auburn Hills
|raw|BigG5's rating: 1623 &rarr; <strong>1605</strong><br />(-18 for losing)
|raw|Auburn Hills's rating: 1661 &rarr; <strong>1679</strong><br />(+18 for winning)
|l|☆BigG5
|player|p1|
|l|☆Auburn Hills
|player|p2|
