|j|☆farhannn
|j|☆MagmaticHorse80
|t:|1760852124
|gametype|singles
|player|p1|farhannn|265|1215
|player|p2|MagmaticHorse80|2|1242
|gen|9
|tier|[Gen 9] OU
|rated|
|rule|HP Percentage Mod: HP is shown in percentages
|rule|Endless Battle Clause: Forcing endless battles is banned
|rule|Species Clause: Limit one of each Pokémon
|rule|OHKO Clause: OHKO moves are banned
|rule|Evasion Items Clause: Evasion items are banned
|rule|Evasion Moves Clause: Evasion moves are banned
|rule|Evasion Abilities Clause: Evasion abilities are banned
|rule|Sleep Moves Clause: Sleep-inducing moves are banned
|clearpoke
|poke|p1|Corviknight, F|
|poke|p1|Heatran, F|
|poke|p1|Scizor, M|
|poke|p1|Cobalion|
|poke|p1|Excadrill, F|
|poke|p1|Gholdengo|
|poke|p2|Zoroark-Hisui, M|
|poke|p2|Corviknight, F|
|poke|p2|Sinistcha|
|poke|p2|Clodsire, M|
|poke|p2|Great Tusk|
|poke|p2|Iron Moth|
|teampreview
|inactive|Battle timer is ON: inactive players will automatically lose when time's up. (requested by farhannn)
|
|t:|1760852151
|teamsize|p1|6
|teamsize|p2|6
|start
|switch|p1a: Cobalion|Cobalion|100/100
|switch|p2a: Clodsire|Clodsire, M|100/100
|turn|1
|
|t:|1760852170
|switch|p1a: Excadrill|Excadrill, F|100/100
|-ability|p1a: Excadrill|Mold Breaker
|move|p2a: Clodsire|Stealth Rock|p1a: Excadrill
|-sidestart|p1: farhannn|move: Stealth Rock
|
|upkeep
|turn|2
|
|t:|1760852190
|switch|p2a: Corviknight|Corviknight, F|100/100
|-ability|p2a: Corviknight|Pressure
|move|p1a: Excadrill|Earthquake|p2a: Corviknight
|-immune|p2a: Corviknight
|
|upkeep
|turn|3
|
|t:|1760852203
|switch|p1a: Corviknight|Corviknight, F|100/100
|-damage|p1a: Corviknight|88/100|[from] Stealth Rock
|-ability|p1a: Corviknight|Pressure
|move|p2a: Corviknight|Brave Bird|p1a: Corviknight
|-resisted|p1a: Corviknight
|-damage|p1a: Corviknight|77/100
|-damage|p2a: Corviknight|97/100|[from] Recoil
|
|-heal|p1a: Corviknight|84/100|[from] item: Leftovers
|upkeep
|turn|4
|
|t:|1760852216
|move|p1a: Corviknight|Defog|p2a: Corviknight
|-unboost|p2a: Corviknight|evasion|1
|-sideend|p1: farhannn|Stealth Rock|[from] move: Defog|[of] p1a: Corviknight
|move|p2a: Corviknight|U-turn|p1a: Corviknight
|-resisted|p1a: Corviknight
|-damage|p1a: Corviknight|81/100
|
|t:|1760852224
|switch|p2a: Iron Moth|Iron Moth|100/100|[from] U-turn
|-enditem|p2a: Iron Moth|Booster Energy
|-activate|p2a: Iron Moth|ability: Quark Drive|[fromitem]
|-start|p2a: Iron Moth|quarkdrivespe
|
|-heal|p1a: Corviknight|88/100|[from] item: Leftovers
|upkeep
|turn|5
|
|t:|1760852235
|switch|p1a: Heatran|Heatran, F|100/100
|move|p2a: Iron Moth|Fiery Dance|p1a: Heatran
|-start|p1a: Heatran|ability: Flash Fire
|
|upkeep
|turn|6
|
|t:|1760852249
|-end|p2a: Iron Moth|Quark Drive|[silent]
|switch|p2a: Great Tusk|Great Tusk|100/100
|move|p1a: Heatran|Earth Power|p2a: Great Tusk
|-damage|p2a: Great Tusk|64/100
|
|upkeep
|turn|7
|
|t:|1760852263
|-end|p1a: Heatran|ability: Flash Fire|[silent]
|switch|p1a: Corviknight|Corviknight, F|88/100
|-ability|p1a: Corviknight|Pressure
|move|p2a: Great Tusk|Close Combat|p1a: Corviknight
|-damage|p1a: Corviknight|48/100
|-unboost|p2a: Great Tusk|def|1
|-unboost|p2a: Great Tusk|spd|1
|
|-heal|p1a: Corviknight|54/100|[from] item: Leftovers
|upkeep
|turn|8
|inactive|MagmaticHorse80 has 120 seconds left.
|
|t:|1760852293
|-end|p2a: Great Tusk|Protosynthesis|[silent]
|switch|p2a: Iron Moth|Iron Moth|100/100
|move|p1a: Corviknight|Brave Bird|p2a: Iron Moth
|-damage|p2a: Iron Moth|28/100
|replace|p2a: Zoroark|Zoroark-Hisui, M
|-end|p2a: Zoroark|Illusion
|-damage|p1a: Corviknight|39/100|[from] Recoil
|
|-heal|p1a: Corviknight|45/100|[from] item: Leftovers
|upkeep
|turn|9
|
|t:|1760852306
|switch|p1a: Heatran|Heatran, F|100/100
|move|p2a: Zoroark|Focus Blast|p1a: Heatran
|-supereffective|p1a: Heatran
|-damage|p1a: Heatran|41/100
|-damage|p2a: Zoroark|18/100|[from] item: Life Orb
|
|-heal|p1a: Heatran|47/100|[from] item: Leftovers
|upkeep
|turn|10
|
|t:|1760852324
|move|p2a: Zoroark|Bitter Malice|p1a: Heatran
|-damage|p1a: Heatran|13/100
|-unboost|p1a: Heatran|atk|1
|-damage|p2a: Zoroark|8/100|[from] item: Life Orb
|move|p1a: Heatran|Flash Cannon|p2a: Zoroark
|-damage|p2a: Zoroark|0 fnt
|faint|p2a: Zoroark
|
|-heal|p1a: Heatran|20/100|[from] item: Leftovers
|upkeep
|inactive|MagmaticHorse80 has 90 seconds left.
|
|t:|1760852346
|switch|p2a: Great Tusk|Great Tusk|64/100
|turn|11
|
|t:|1760852356
|move|p2a: Great Tusk|Close Combat|p1a: Heatran
|-supereffective|p1a: Heatran
|-damage|p1a: Heatran|0 fnt
|-unboost|p2a: Great Tusk|def|1
|-unboost|p2a: Great Tusk|spd|1
|faint|p1a: Heatran
|
|upkeep
|
|t:|1760852359
|switch|p1a: Corviknight|Corviknight, F|45/100
|-ability|p1a: Corviknight|Pressure
|turn|12
|
|t:|1760852376
|-end|p2a: Great Tusk|Protosynthesis|[silent]
|switch|p2a: Corviknight|Corviknight, F|97/100
|-ability|p2a: Corviknight|Pressure
|move|p1a: Corviknight|Roost|p1a: Corviknight
|-heal|p1a: Corviknight|95/100
|-singleturn|p1a: Corviknight|move: Roost
|
|-heal|p1a: Corviknight|100/100|[from] item: Leftovers
|upkeep
|turn|13
|
|t:|1760852387
|switch|p1a: Cobalion|Cobalion|100/100
|move|p2a: Corviknight|U-turn|p1a: Cobalion
|-resisted|p1a: Cobalion
|-damage|p1a: Cobalion|98/100
|
|t:|1760852394
|switch|p2a: Great Tusk|Great Tusk|64/100|[from] U-turn
|
|upkeep
|turn|14
|
|t:|1760852407
|move|p2a: Great Tusk|Headlong Rush|p1a: Cobalion
|-supereffective|p1a: Cobalion
|-damage|p1a: Cobalion|0 fnt
|-unboost|p2a: Great Tusk|def|1
|-unboost|p2a: Great Tusk|spd|1
|faint|p1a: Cobalion
|
|upkeep
|
|t:|1760852415
|switch|p1a: Gholdengo|Gholdengo|100/100
|-item|p1a: Gholdengo|Air Balloon
|turn|15
|
|t:|1760852424
|-end|p2a: Great Tusk|Protosynthesis|[silent]
|switch|p2a: Corviknight|Corviknight, F|97/100
|-ability|p2a: Corviknight|Pressure
|move|p1a: Gholdengo|Shadow Ball|p2a: Corviknight
|-damage|p2a: Corviknight|60/100
|
|upkeep
|turn|16
|inactive|MagmaticHorse80 has 120 seconds left.
|
|t:|1760852451
|move|p1a: Gholdengo|Nasty Plot|p1a: Gholdengo
|-boost|p1a: Gholdengo|spa|2
|move|p2a: Corviknight|Brave Bird|p1a: Gholdengo
|-resisted|p1a: Gholdengo
|-damage|p1a: Gholdengo|80/100
|-enditem|p1a: Gholdengo|Air Balloon
|-damage|p2a: Corviknight|55/100|[from] Recoil
|
|upkeep
|turn|17
|
|t:|1760852462
|move|p1a: Gholdengo|Shadow Ball|p2a: Corviknight
|-damage|p2a: Corviknight|0 fnt
|faint|p2a: Corviknight
|
|upkeep
|inactive|MagmaticHorse80 has 90 seconds left.
|
|t:|1760852497
|switch|p2a: Clodsire|Clodsire, M|100/100
|turn|18
|
|t:|1760852508
|move|p1a: Gholdengo|Make It Rain|p2a: Clodsire
|-damage|p2a: Clodsire|64/100
|-unboost|p1a: Gholdengo|spa|1
|move|p2a: Clodsire|Earthquake|p1a: Gholdengo
|-supereffective|p1a: Gholdengo
|-damage|p1a: Gholdengo|18/100
|
|upkeep
|turn|19
|inactive|MagmaticHorse80 has 60 seconds left.
|
|t:|1760852530
|move|p1a: Gholdengo|Make It Rain|p2a: Clodsire
|-damage|p2a: Clodsire|26/100
|-unboost|p1a: Gholdengo|spa|1
|move|p2a: Clodsire|Earthquake|p1a: Gholdengo
|-supereffective|p1a: Gholdengo
|-damage|p1a: Gholdengo|0 fnt
|faint|p1a: Gholdengo
|
|upkeep
|
|t:|1760852536
|switch|p1a: Scizor|Scizor, M|100/100
|turn|20
|
|t:|1760852547
|move|p1a: Scizor|U-turn|p2a: Clodsire
|-resisted|p2a: Clodsire
|-damage|p2a: Clodsire|0 fnt
|faint|p2a: Clodsire
|
|t:|1760852552
|switch|p1a: Excadrill|Excadrill, F|100/100|[from] U-turn
|-ability|p1a: Excadrill|Mold Breaker
|
|upkeep
|inactive|MagmaticHorse80 has 60 seconds left.
|
|t:|1760852573
|switch|p2a: Sinistcha|Sinistcha|100/100
|turn|21
|inactive|MagmaticHorse80 has 60 seconds left.
|
|t:|1760852595
|switch|p1a: Scizor|Scizor, M|100/100
|move|p2a: Sinistcha|Matcha Gotcha|p1a: Scizor
|-resisted|p1a: Scizor
|-damage|p1a: Scizor|88/100
|
|upkeep
|turn|22
|
|t:|1760852604
|move|p1a: Scizor|U-turn|p2a: Sinistcha
|-damage|p2a: Sinistcha|40/100
|
|t:|1760852608
|switch|p1a: Corviknight|Corviknight, F|100/100|[from] U-turn
|-ability|p1a: Corviknight|Pressure
|move|p2a: Sinistcha|Strength Sap|p1a: Corviknight
|-unboost|p1a: Corviknight|atk|1
|-heal|p2a: Sinistcha|99/100
|
|-heal|p2a: Sinistcha|100/100|[from] item: Leftovers
|upkeep
|turn|23
|inactive|MagmaticHorse80 has 60 seconds left.
|
|t:|1760852620
|switch|p1a: Scizor|Scizor, M|88/100
|move|p2a: Sinistcha|Calm Mind|p2a: Sinistcha
|-boost|p2a: Sinistcha|spa|1
|-boost|p2a: Sinistcha|spd|1
|
|upkeep
|turn|24
|inactive|MagmaticHorse80 has 60 seconds left.
|
|t:|1760852637
|move|p1a: Scizor|U-turn|p2a: Sinistcha
|-damage|p2a: Sinistcha|41/100
|
|t:|1760852641
|switch|p1a: Corviknight|Corviknight, F|100/100|[from] U-turn
|-ability|p1a: Corviknight|Pressure
|move|p2a: Sinistcha|Strength Sap|p1a: Corviknight
|-unboost|p1a: Corviknight|atk|1
|-heal|p2a: Sinistcha|100/100
|
|upkeep
|turn|25
|inactive|MagmaticHorse80 has 60 seconds left.
|
|t:|1760852657
|switch|p1a: Scizor|Scizor, M|88/100
|move|p2a: Sinistcha|Calm Mind|p2a: Sinistcha
|-boost|p2a: Sinistcha|spa|1
|-boost|p2a: Sinistcha|spd|1
|
|upkeep
|turn|26
|
|t:|1760852662
|move|p1a: Scizor|Knock Off|p2a: Sinistcha
|-supereffective|p2a: Sinistcha
|-damage|p2a: Sinistcha|5/100
|-enditem|p2a: Sinistcha|Leftovers|[from] move: Knock Off|[of] p1a: Scizor
|move|p2a: Sinistcha|Strength Sap|p1a: Scizor
|-unboost|p1a: Scizor|atk|1
|-heal|p2a: Sinistcha|100/100
|
|upkeep
|turn|27
|inactive|MagmaticHorse80 has 60 seconds left.
|-message|farhannn forfeited.
|
|win|MagmaticHorse80
|raw|farhannn's rating: 1215 &rarr; <strong>1192</strong><br />(-23 for losing)
|raw|MagmaticHorse80's rating: 1242 &rarr; <strong>1265</strong><br />(+23 for winning)
|l|☆farhannn
|player|p1|
|l|☆MagmaticHorse80
|player|p2|
