|j|☆12cech
|j|☆HZBKAI3
|t:|1760850803
|gametype|singles
|player|p1|12cech|266|1058
|player|p2|HZBKAI3|265|1101
|gen|9
|tier|[Gen 9] OU
|rated|
|rule|HP Percentage Mod: HP is shown in percentages
|rule|Endless Battle Clause: Forcing endless battles is banned
|rule|Species Clause: Limit one of each Pokémon
|rule|OHKO Clause: OHKO moves are banned
|rule|Evasion Items Clause: Evasion items are banned
|rule|Evasion Moves Clause: Evasion moves are banned
|rule|Evasion Abilities Clause: Evasion abilities are banned
|rule|Sleep Moves Clause: Sleep-inducing moves are banned
|clearpoke
|poke|p1|Ninetales-Alola, F|
|poke|p1|Kyurem|
|poke|p1|Zamazenta-*|
|poke|p1|Deoxys-Defense|
|poke|p1|Maushold-Four|
|poke|p1|Walking Wake|
|poke|p2|Latias, F|
|poke|p2|Tinkaton, F|
|poke|p2|Pelipper, M|
|poke|p2|Gastrodon, F|
|poke|p2|Moltres|
|poke|p2|Goodra-Hisui, M|
|teampreview
|
|t:|1760850824
|teamsize|p1|6
|teamsize|p2|6
|start
|switch|p1a: Walking Wake|Walking Wake|100/100
|switch|p2a: Latias|Latias, F|100/100
|turn|1
|
|t:|1760850839
|-end|p1a: Walking Wake|Protosynthesis|[silent]
|switch|p1a: Ninetales|Ninetales-Alola, F|100/100
|-weather|Snowscape|[from] ability: Snow Warning|[of] p1a: Ninetales
|move|p2a: Latias|Aura Sphere|p1a: Ninetales
|-crit|p1a: Ninetales
|-damage|p1a: Ninetales|67/100
|
|-weather|Snowscape|[upkeep]
|upkeep
|turn|2
|inactive|Battle timer is ON: inactive players will automatically lose when time's up. (requested by 12cech)
|
|t:|1760850851
|move|p1a: Ninetales|Aurora Veil|p1a: Ninetales
|-sidestart|p1: 12cech|move: Aurora Veil
|move|p2a: Latias|Aura Sphere|p1a: Ninetales
|-crit|p1a: Ninetales
|-damage|p1a: Ninetales|29/100
|
|-weather|Snowscape|[upkeep]
|upkeep
|turn|3
|
|t:|1760850859
|move|p1a: Ninetales|Moonblast|p2a: Latias
|-supereffective|p2a: Latias
|-damage|p2a: Latias|41/100
|-enditem|p2a: Latias|Weakness Policy
|-boost|p2a: Latias|atk|2|[from] item: Weakness Policy
|-boost|p2a: Latias|spa|2|[from] item: Weakness Policy
|move|p2a: Latias|Aura Sphere|p1a: Ninetales
|-damage|p1a: Ninetales|8/100
|
|-weather|Snowscape|[upkeep]
|upkeep
|turn|4
|
|t:|1760850870
|move|p1a: Ninetales|Moonblast|p2a: Latias
|-supereffective|p2a: Latias
|-damage|p2a: Latias|0 fnt
|faint|p2a: Latias
|
|-weather|Snowscape|[upkeep]
|upkeep
|
|t:|1760850870
|switch|p2a: Tinkaton|Tinkaton, F|100/100
|-item|p2a: Tinkaton|Air Balloon
|turn|5
|
|t:|1760850891
|switch|p1a: Deoxys|Deoxys-Defense|100/100
|-ability|p1a: Deoxys|Pressure
|move|p2a: Tinkaton|Gigaton Hammer|p1a: Deoxys
|-damage|p1a: Deoxys|87/100
|
|-weather|none
|-heal|p1a: Deoxys|94/100|[from] item: Leftovers
|upkeep
|turn|6
|
|t:|1760850907
|move|p2a: Tinkaton|Thunder Wave|p1a: Deoxys
|-status|p1a: Deoxys|par
|cant|p1a: Deoxys|par
|
|-heal|p1a: Deoxys|99/100 par|[from] item: Leftovers
|upkeep
|turn|7
|
|t:|1760850915
|move|p2a: Tinkaton|Gigaton Hammer|p1a: Deoxys
|-damage|p1a: Deoxys|87/100 par
|cant|p1a: Deoxys|par
|
|-heal|p1a: Deoxys|93/100 par|[from] item: Leftovers
|upkeep
|turn|8
|
|t:|1760850917
|move|p2a: Tinkaton|Thunder Wave|p1a: Deoxys
|-fail|p1a: Deoxys|par
|cant|p1a: Deoxys|par
|
|-heal|p1a: Deoxys|99/100 par|[from] item: Leftovers
|upkeep
|turn|9
|
|t:|1760850919
|move|p2a: Tinkaton|Gigaton Hammer|p1a: Deoxys
|-damage|p1a: Deoxys|84/100 par
|move|p1a: Deoxys|Cosmic Power|p1a: Deoxys
|-boost|p1a: Deoxys|def|1
|-boost|p1a: Deoxys|spd|1
|
|-heal|p1a: Deoxys|91/100 par|[from] item: Leftovers
|-sideend|p1: 12cech|move: Aurora Veil
|upkeep
|turn|10
|
|t:|1760850922
|move|p2a: Tinkaton|Thunder Wave|p1a: Deoxys
|-fail|p1a: Deoxys|par
|move|p1a: Deoxys|Cosmic Power|p1a: Deoxys
|-boost|p1a: Deoxys|def|1
|-boost|p1a: Deoxys|spd|1
|
|-heal|p1a: Deoxys|97/100 par|[from] item: Leftovers
|upkeep
|turn|11
|
|t:|1760850925
|move|p2a: Tinkaton|Gigaton Hammer|p1a: Deoxys
|-damage|p1a: Deoxys|81/100 par
|move|p1a: Deoxys|Cosmic Power|p1a: Deoxys
|-boost|p1a: Deoxys|def|1
|-boost|p1a: Deoxys|spd|1
|
|-heal|p1a: Deoxys|87/100 par|[from] item: Leftovers
|upkeep
|turn|12
|
|t:|1760850927
|move|p2a: Tinkaton|Thunder Wave|p1a: Deoxys
|-fail|p1a: Deoxys|par
|move|p1a: Deoxys|Cosmic Power|p1a: Deoxys
|-boost|p1a: Deoxys|def|1
|-boost|p1a: Deoxys|spd|1
|
|-heal|p1a: Deoxys|94/100 par|[from] item: Leftovers
|upkeep
|turn|13
|
|t:|1760850929
|move|p2a: Tinkaton|Thunder Wave|p1a: Deoxys
|-fail|p1a: Deoxys|par
|move|p1a: Deoxys|Cosmic Power|p1a: Deoxys
|-boost|p1a: Deoxys|def|1
|-boost|p1a: Deoxys|spd|1
|
|-heal|p1a: Deoxys|99/100 par|[from] item: Leftovers
|upkeep
|turn|14
|
|t:|1760850938
|move|p2a: Tinkaton|Thunder Wave|p1a: Deoxys
|-fail|p1a: Deoxys|par
|move|p1a: Deoxys|Cosmic Power|p1a: Deoxys
|-boost|p1a: Deoxys|def|1
|-boost|p1a: Deoxys|spd|1
|
|-heal|p1a: Deoxys|100/100 par|[from] item: Leftovers
|upkeep
|turn|15
|
|t:|1760850942
|move|p2a: Tinkaton|Thunder Wave|p1a: Deoxys
|-fail|p1a: Deoxys|par
|move|p1a: Deoxys|Stored Power|p2a: Tinkaton
|-resisted|p2a: Tinkaton
|-damage|p2a: Tinkaton|70/100
|-enditem|p2a: Tinkaton|Air Balloon
|
|upkeep
|turn|16
|
|t:|1760850951
|move|p2a: Tinkaton|Thunder Wave|p1a: Deoxys
|-fail|p1a: Deoxys|par
|move|p1a: Deoxys|Stored Power|p2a: Tinkaton
|-resisted|p2a: Tinkaton
|-damage|p2a: Tinkaton|43/100
|
|upkeep
|turn|17
|
|t:|1760850958
|move|p2a: Tinkaton|Thunder Wave|p1a: Deoxys
|-fail|p1a: Deoxys|par
|move|p1a: Deoxys|Stored Power|p2a: Tinkaton
|-resisted|p2a: Tinkaton
|-damage|p2a: Tinkaton|12/100
|
|upkeep
|turn|18
|
|t:|1760850966
|move|p2a: Tinkaton|Thunder Wave|p1a: Deoxys
|-fail|p1a: Deoxys|par
|move|p1a: Deoxys|Stored Power|p2a: Tinkaton
|-resisted|p2a: Tinkaton
|-damage|p2a: Tinkaton|0 fnt
|faint|p2a: Tinkaton
|
|upkeep
|
|t:|1760850966
|switch|p2a: Pelipper|Pelipper, M|100/100
|-weather|RainDance|[from] ability: Drizzle|[of] p2a: Pelipper
|turn|19
|
|t:|1760850978
|move|p2a: Pelipper|U-turn|p1a: Deoxys
|-supereffective|p1a: Deoxys
|-damage|p1a: Deoxys|97/100 par
|
|t:|1760850978
|switch|p2a: Moltres|Moltres|100/100|[from] U-turn
|cant|p1a: Deoxys|par
|
|-weather|RainDance|[upkeep]
|-heal|p1a: Deoxys|100/100 par|[from] item: Leftovers
|upkeep
|turn|20
|
|t:|1760850990
|move|p2a: Moltres|U-turn|p1a: Deoxys
|-supereffective|p1a: Deoxys
|-damage|p1a: Deoxys|95/100 par
|
|t:|1760850991
|switch|p2a: Pelipper|Pelipper, M|100/100|[from] U-turn
|move|p1a: Deoxys|Stored Power|p2a: Pelipper
|-damage|p2a: Pelipper|3/100
|
|-weather|RainDance|[upkeep]
|-heal|p1a: Deoxys|100/100 par|[from] item: Leftovers
|upkeep
|turn|21
|
|t:|1760851002
|move|p2a: Pelipper|U-turn|p1a: Deoxys
|-supereffective|p1a: Deoxys
|-damage|p1a: Deoxys|97/100 par
|
|t:|1760851002
|switch|p2a: Moltres|Moltres|100/100|[from] U-turn
|move|p1a: Deoxys|Stored Power|p2a: Moltres
|-damage|p2a: Moltres|27/100
|
|-weather|RainDance|[upkeep]
|-heal|p1a: Deoxys|100/100 par|[from] item: Leftovers
|upkeep
|turn|22
|
|t:|1760851018
|move|p2a: Moltres|U-turn|p1a: Deoxys
|-supereffective|p1a: Deoxys
|-damage|p1a: Deoxys|95/100 par
|
|t:|1760851018
|switch|p2a: Gastrodon|Gastrodon, F|100/100|[from] U-turn
|move|p1a: Deoxys|Stored Power|p2a: Gastrodon
|-damage|p2a: Gastrodon|37/100
|
|-weather|RainDance|[upkeep]
|-heal|p1a: Deoxys|100/100 par|[from] item: Leftovers
|upkeep
|turn|23
|
|t:|1760851030
|move|p2a: Gastrodon|Earth Power|p1a: Deoxys
|-damage|p1a: Deoxys|94/100 par
|move|p1a: Deoxys|Cosmic Power|p1a: Deoxys
|-boost|p1a: Deoxys|def|0
|-boost|p1a: Deoxys|spd|0
|
|-weather|RainDance|[upkeep]
|-heal|p1a: Deoxys|99/100 par|[from] item: Leftovers
|upkeep
|turn|24
|
|t:|1760851039
|move|p2a: Gastrodon|Earth Power|p1a: Deoxys
|-damage|p1a: Deoxys|93/100 par
|cant|p1a: Deoxys|par
|
|-weather|RainDance|[upkeep]
|-heal|p1a: Deoxys|99/100 par|[from] item: Leftovers
|upkeep
|turn|25
|
|t:|1760851048
|move|p2a: Gastrodon|Earth Power|p1a: Deoxys
|-damage|p1a: Deoxys|92/100 par
|move|p1a: Deoxys|Stored Power|p2a: Gastrodon
|-damage|p2a: Gastrodon|0 fnt
|faint|p2a: Gastrodon
|
|-weather|RainDance|[upkeep]
|-heal|p1a: Deoxys|98/100 par|[from] item: Leftovers
|upkeep
|
|t:|1760851048
|switch|p2a: Goodra|Goodra-Hisui, M|100/100
|turn|26
|
|t:|1760851061
|move|p2a: Goodra|Flash Cannon|p1a: Deoxys
|-damage|p1a: Deoxys|92/100 par
|move|p1a: Deoxys|Drain Punch|p2a: Goodra
|-supereffective|p2a: Goodra
|-damage|p2a: Goodra|79/100
|-heal|p1a: Deoxys|100/100 par|[from] drain|[of] p2a: Goodra
|
|-weather|none
|upkeep
|turn|27
|
|t:|1760851072
|move|p2a: Goodra|Flash Cannon|p1a: Deoxys
|-damage|p1a: Deoxys|94/100 par
|move|p1a: Deoxys|Stored Power|p2a: Goodra
|-resisted|p2a: Goodra
|-damage|p2a: Goodra|66/100
|
|-heal|p1a: Deoxys|99/100 par|[from] item: Leftovers
|upkeep
|turn|28
|
|t:|1760851084
|move|p2a: Goodra|Flash Cannon|p1a: Deoxys
|-damage|p1a: Deoxys|93/100 par
|-unboost|p1a: Deoxys|spd|1
|cant|p1a: Deoxys|par
|
|-heal|p1a: Deoxys|99/100 par|[from] item: Leftovers
|upkeep
|turn|29
|
|t:|1760851093
|move|p2a: Goodra|Flash Cannon|p1a: Deoxys
|-damage|p1a: Deoxys|92/100 par
|move|p1a: Deoxys|Drain Punch|p2a: Goodra
|-supereffective|p2a: Goodra
|-damage|p2a: Goodra|45/100
|-heal|p1a: Deoxys|100/100 par|[from] drain|[of] p2a: Goodra
|
|upkeep
|turn|30
|
|t:|1760851101
|move|p2a: Goodra|Flash Cannon|p1a: Deoxys
|-damage|p1a: Deoxys|93/100 par
|-unboost|p1a: Deoxys|spd|1
|move|p1a: Deoxys|Drain Punch|p2a: Goodra
|-supereffective|p2a: Goodra
|-damage|p2a: Goodra|22/100
|-heal|p1a: Deoxys|100/100 par|[from] drain|[of] p2a: Goodra
|
|upkeep
|turn|31
|
|t:|1760851111
|move|p2a: Goodra|Flash Cannon|p1a: Deoxys
|-damage|p1a: Deoxys|92/100 par
|-unboost|p1a: Deoxys|spd|1
|cant|p1a: Deoxys|par
|
|-heal|p1a: Deoxys|98/100 par|[from] item: Leftovers
|upkeep
|turn|32
|
|t:|1760851120
|move|p2a: Goodra|Flash Cannon|p1a: Deoxys
|-damage|p1a: Deoxys|86/100 par
|move|p1a: Deoxys|Cosmic Power|p1a: Deoxys
|-boost|p1a: Deoxys|def|0
|-boost|p1a: Deoxys|spd|1
|
|-heal|p1a: Deoxys|92/100 par|[from] item: Leftovers
|upkeep
|turn|33
|
|t:|1760851129
|move|p2a: Goodra|Flash Cannon|p1a: Deoxys
|-damage|p1a: Deoxys|84/100 par
|cant|p1a: Deoxys|par
|
|-heal|p1a: Deoxys|90/100 par|[from] item: Leftovers
|upkeep
|turn|34
|
|t:|1760851147
|move|p2a: Goodra|Flamethrower|p1a: Deoxys
|-damage|p1a: Deoxys|83/100 par
|cant|p1a: Deoxys|par
|
|-heal|p1a: Deoxys|90/100 par|[from] item: Leftovers
|upkeep
|turn|35
|
|t:|1760851155
|move|p2a: Goodra|Flamethrower|p1a: Deoxys
|-damage|p1a: Deoxys|83/100 par
|move|p1a: Deoxys|Cosmic Power|p1a: Deoxys
|-boost|p1a: Deoxys|def|0
|-boost|p1a: Deoxys|spd|1
|
|-heal|p1a: Deoxys|90/100 par|[from] item: Leftovers
|upkeep
|turn|36
|
|t:|1760851164
|move|p2a: Goodra|Flamethrower|p1a: Deoxys
|-damage|p1a: Deoxys|84/100 par
|move|p1a: Deoxys|Drain Punch|p2a: Goodra
|-supereffective|p2a: Goodra
|-damage|p2a: Goodra|0 fnt
|-heal|p1a: Deoxys|97/100 par|[from] drain|[of] p2a: Goodra
|faint|p2a: Goodra
|
|-heal|p1a: Deoxys|100/100 par|[from] item: Leftovers
|upkeep
|
|t:|1760851164
|switch|p2a: Moltres|Moltres|27/100
|turn|37
|inactive|12cech has 120 seconds left.
|
|t:|1760851196
|move|p2a: Moltres|U-turn|p1a: Deoxys
|-supereffective|p1a: Deoxys
|-damage|p1a: Deoxys|95/100 par
|
|t:|1760851196
|switch|p2a: Pelipper|Pelipper, M|3/100|[from] U-turn
|-weather|RainDance|[from] ability: Drizzle|[of] p2a: Pelipper
|move|p1a: Deoxys|Stored Power|p2a: Pelipper
|-damage|p2a: Pelipper|0 fnt
|faint|p2a: Pelipper
|
|-weather|RainDance|[upkeep]
|-heal|p1a: Deoxys|100/100 par|[from] item: Leftovers
|upkeep
|
|t:|1760851197
|switch|p2a: Moltres|Moltres|27/100
|turn|38
|inactive|12cech has 120 seconds left.
|
|t:|1760851223
|move|p2a: Moltres|U-turn|p1a: Deoxys
|-supereffective|p1a: Deoxys
|-damage|p1a: Deoxys|96/100 par
|move|p1a: Deoxys|Stored Power|p2a: Moltres
|-damage|p2a: Moltres|0 fnt
|faint|p2a: Moltres
|
|win|12cech
|raw|12cech's rating: 1058 &rarr; <strong>1093</strong><br />(+35 for winning)
|raw|HZBKAI3's rating: 1101 &rarr; <strong>1073</strong><br />(-28 for losing)
|l|☆HZBKAI3
|player|p2|
|l|☆12cech
|player|p1|
