|j|☆petertonetto
|j|☆player jack
|t:|1760854849
|gametype|singles
|player|p1|petertonetto|266|1289
|player|p2|player jack|roxie|1280
|gen|9
|tier|[Gen 9] OU
|rated|
|rule|HP Percentage Mod: HP is shown in percentages
|rule|Endless Battle Clause: Forcing endless battles is banned
|rule|Species Clause: Limit one of each Pokémon
|rule|OHKO Clause: OHKO moves are banned
|rule|Evasion Items Clause: Evasion items are banned
|rule|Evasion Moves Clause: Evasion moves are banned
|rule|Evasion Abilities Clause: Evasion abilities are banned
|rule|Sleep Moves Clause: Sleep-inducing moves are banned
|clearpoke
|poke|p1|Torkoal, M|
|poke|p1|Typhlosion-Hisui, M|
|poke|p1|Walking Wake|
|poke|p1|Glimmora, F|
|poke|p1|Scizor, F|
|poke|p1|Ceruledge, M|
|poke|p2|Iron Treads|
|poke|p2|Rillaboom, F|
|poke|p2|Falinks|
|poke|p2|Landorus-Therian, M|
|poke|p2|Hatterene, F|
|poke|p2|Zoroark-Hisui, F|
|teampreview
|inactive|Battle timer is ON: inactive players will automatically lose when time's up. (requested by petertonetto)
|
|t:|1760854866
|teamsize|p1|6
|teamsize|p2|6
|start
|switch|p1a: Torkoal|Torkoal, M|100/100
|switch|p2a: Landorus|Landorus-Therian, M, shiny|100/100
|-ability|p2a: Landorus|Intimidate|boost
|-unboost|p1a: Torkoal|atk|1
|-weather|SunnyDay|[from] ability: Drought|[of] p1a: Torkoal
|turn|1
|
|t:|1760854875
|-terastallize|p1a: Torkoal|Flying
|move|p2a: Landorus|Earthquake|p1a: Torkoal
|-immune|p1a: Torkoal
|move|p1a: Torkoal|Overheat|p2a: Landorus
|-damage|p2a: Landorus|0 fnt
|-unboost|p1a: Torkoal|spa|2
|faint|p2a: Landorus
|
|-weather|SunnyDay|[upkeep]
|upkeep
|
|t:|1760854884
|switch|p2a: Falinks|Falinks, shiny|100/100
|turn|2
|
|t:|1760854888
|switch|p1a: Ceruledge|Ceruledge, M|100/100
|move|p2a: Falinks|No Retreat|p2a: Falinks
|-boost|p2a: Falinks|atk|1
|-boost|p2a: Falinks|def|1
|-boost|p2a: Falinks|spa|1
|-boost|p2a: Falinks|spd|1
|-boost|p2a: Falinks|spe|1
|-start|p2a: Falinks|move: No Retreat
|
|-weather|SunnyDay|[upkeep]
|upkeep
|turn|3
|
|t:|1760854899
|move|p2a: Falinks|High Horsepower|p1a: Ceruledge
|-supereffective|p1a: Ceruledge
|-enditem|p1a: Ceruledge|Focus Sash
|-damage|p1a: Ceruledge|1/100
|-ability|p1a: Ceruledge|Weak Armor|boost
|-unboost|p1a: Ceruledge|def|1
|-boost|p1a: Ceruledge|spe|2
|move|p1a: Ceruledge|Swords Dance|p1a: Ceruledge
|-boost|p1a: Ceruledge|atk|2
|
|-weather|SunnyDay|[upkeep]
|upkeep
|turn|4
|
|t:|1760854909
|move|p1a: Ceruledge|Bitter Blade|p2a: Falinks
|-damage|p2a: Falinks|0 fnt
|-heal|p1a: Ceruledge|48/100|[from] drain|[of] p2a: Falinks
|faint|p2a: Falinks
|
|-weather|SunnyDay|[upkeep]
|upkeep
|
|t:|1760854913
|switch|p2a: Hatterene|Hatterene, F, shiny|100/100
|turn|5
|
|t:|1760854917
|move|p1a: Ceruledge|Poltergeist|p2a: Hatterene
|-immune|p2a: Hatterene
|move|p2a: Hatterene|Shadow Ball|p1a: Ceruledge
|-supereffective|p1a: Ceruledge
|-damage|p1a: Ceruledge|0 fnt
|faint|p1a: Ceruledge
|
|-weather|SunnyDay|[upkeep]
|upkeep
|
|t:|1760854926
|switch|p1a: Glimmora|Glimmora, F|100/100
|turn|6
|
|t:|1760854931
|move|p2a: Hatterene|Shadow Ball|p1a: Glimmora
|-damage|p1a: Glimmora|37/100
|move|p1a: Glimmora|Mortal Spin|p2a: Hatterene
|-resisted|p2a: Hatterene
|-damage|p2a: Hatterene|94/100
|-status|p2a: Hatterene|psn
|replace|p2a: Zoroark|Zoroark-Hisui, F, shiny
|-end|p2a: Zoroark|Illusion
|
|-weather|SunnyDay|[upkeep]
|-damage|p2a: Zoroark|82/100 psn|[from] psn
|upkeep
|turn|7
|
|t:|1760854941
|move|p2a: Zoroark|Shadow Ball|p1a: Glimmora
|-damage|p1a: Glimmora|0 fnt
|faint|p1a: Glimmora
|
|-weather|SunnyDay|[upkeep]
|-damage|p2a: Zoroark|70/100 psn|[from] psn
|upkeep
|
|t:|1760854949
|switch|p1a: Typhlosion|Typhlosion-Hisui, M|100/100
|turn|8
|
|t:|1760854952
|move|p1a: Typhlosion|Eruption|p2a: Zoroark
|-damage|p2a: Zoroark|0 fnt
|faint|p2a: Zoroark
|
|-weather|none
|upkeep
|
|t:|1760854969
|switch|p2a: Iron Treads|Iron Treads, shiny|100/100
|-enditem|p2a: Iron Treads|Booster Energy
|-activate|p2a: Iron Treads|ability: Quark Drive|[fromitem]
|-start|p2a: Iron Treads|quarkdrivespe
|turn|9
|
|t:|1760854977
|switch|p1a: Torkoal|Torkoal, M, tera:Flying|100/100
|-weather|SunnyDay|[from] ability: Drought|[of] p1a: Torkoal
|move|p2a: Iron Treads|Stealth Rock|p1a: Torkoal
|-sidestart|p1: petertonetto|move: Stealth Rock
|
|-weather|SunnyDay|[upkeep]
|upkeep
|turn|10
|
|t:|1760854984
|move|p2a: Iron Treads|Volt Switch|p1a: Torkoal
|-supereffective|p1a: Torkoal
|-damage|p1a: Torkoal|74/100
|
|t:|1760854989
|-end|p2a: Iron Treads|Quark Drive|[silent]
|switch|p2a: Hatterene|Hatterene, F, shiny|100/100|[from] Volt Switch
|move|p1a: Torkoal|Overheat|p2a: Hatterene
|-damage|p2a: Hatterene|23/100
|-unboost|p1a: Torkoal|spa|2
|
|-weather|SunnyDay|[upkeep]
|upkeep
|turn|11
|
|t:|1760854997
|switch|p1a: Scizor|Scizor, F|100/100
|-damage|p1a: Scizor|88/100|[from] Stealth Rock
|move|p2a: Hatterene|Draining Kiss|p1a: Scizor
|-resisted|p1a: Scizor
|-damage|p1a: Scizor|66/100
|-heal|p2a: Hatterene|41/100|[from] drain|[of] p1a: Scizor
|
|-weather|SunnyDay|[upkeep]
|upkeep
|turn|12
|
|t:|1760855007
|switch|p2a: Iron Treads|Iron Treads, shiny|100/100
|move|p1a: Scizor|Swords Dance|p1a: Scizor
|-boost|p1a: Scizor|atk|2
|
|-weather|SunnyDay|[upkeep]
|upkeep
|turn|13
|
|t:|1760855021
|move|p2a: Iron Treads|Heavy Slam|p1a: Scizor
|-resisted|p1a: Scizor
|-damage|p1a: Scizor|51/100
|move|p1a: Scizor|Dual Wingbeat|p2a: Iron Treads
|-resisted|p2a: Iron Treads
|-damage|p2a: Iron Treads|75/100
|-resisted|p2a: Iron Treads
|-damage|p2a: Iron Treads|51/100
|-hitcount|p2a: Iron Treads|2
|-damage|p1a: Scizor|41/100|[from] item: Life Orb
|
|-weather|SunnyDay|[upkeep]
|upkeep
|turn|14
|
|t:|1760855035
|move|p2a: Iron Treads|Heavy Slam|p1a: Scizor
|-resisted|p1a: Scizor
|-damage|p1a: Scizor|27/100
|move|p1a: Scizor|Dual Wingbeat|p2a: Iron Treads
|-resisted|p2a: Iron Treads
|-damage|p2a: Iron Treads|27/100
|-resisted|p2a: Iron Treads
|-damage|p2a: Iron Treads|2/100
|-hitcount|p2a: Iron Treads|2
|-damage|p1a: Scizor|17/100|[from] item: Life Orb
|
|-weather|SunnyDay|[upkeep]
|upkeep
|turn|15
|
|t:|1760855045
|move|p1a: Scizor|Bullet Punch|p2a: Iron Treads
|-resisted|p2a: Iron Treads
|-damage|p2a: Iron Treads|0 fnt
|faint|p2a: Iron Treads
|-end|p2a: Iron Treads|Quark Drive|[silent]
|-damage|p1a: Scizor|7/100|[from] item: Life Orb
|
|-weather|SunnyDay|[upkeep]
|upkeep
|
|t:|1760855063
|switch|p2a: Rillaboom|Rillaboom, F, shiny|100/100
|-fieldstart|move: Grassy Terrain|[from] ability: Grassy Surge|[of] p2a: Rillaboom
|turn|16
|
|t:|1760855067
|move|p2a: Rillaboom|Grassy Glide|p1a: Scizor
|-resisted|p1a: Scizor
|-damage|p1a: Scizor|0 fnt
|faint|p1a: Scizor
|
|-weather|none
|upkeep
|
|t:|1760855073
|switch|p1a: Torkoal|Torkoal, M, tera:Flying|74/100
|-damage|p1a: Torkoal|50/100|[from] Stealth Rock
|-weather|SunnyDay|[from] ability: Drought|[of] p1a: Torkoal
|turn|17
|
|t:|1760855097
|-terastallize|p2a: Rillaboom|Fire
|move|p2a: Rillaboom|Leech Seed|p1a: Torkoal
|-start|p1a: Torkoal|move: Leech Seed
|move|p1a: Torkoal|Overheat|p2a: Rillaboom
|-resisted|p2a: Rillaboom
|-damage|p2a: Rillaboom|52/100
|-unboost|p1a: Torkoal|spa|2
|
|-weather|SunnyDay|[upkeep]
|-heal|p2a: Rillaboom|59/100|[from] Grassy Terrain
|-damage|p1a: Torkoal|37/100|[from] Leech Seed|[of] p2a: Rillaboom
|-heal|p2a: Rillaboom|68/100|[silent]
|upkeep
|turn|18
|
|t:|1760855109
|move|p2a: Rillaboom|Grassy Glide|p1a: Torkoal
|-resisted|p1a: Torkoal
|-damage|p1a: Torkoal|22/100
|move|p1a: Torkoal|Rapid Spin|p2a: Rillaboom
|-crit|p2a: Rillaboom
|-damage|p2a: Rillaboom|53/100
|-boost|p1a: Torkoal|spe|1
|-end|p1a: Torkoal|Leech Seed|[from] move: Rapid Spin|[of] p1a: Torkoal
|-sideend|p1: petertonetto|Stealth Rock|[from] move: Rapid Spin|[of] p1a: Torkoal
|
|-weather|SunnyDay|[upkeep]
|-heal|p2a: Rillaboom|59/100|[from] Grassy Terrain
|upkeep
|turn|19
|
|t:|1760855120
|move|p2a: Rillaboom|Leech Seed|p1a: Torkoal
|-start|p1a: Torkoal|move: Leech Seed
|move|p1a: Torkoal|Earthquake|p2a: Rillaboom
|-supereffective|p2a: Rillaboom
|-damage|p2a: Rillaboom|39/100
|
|-weather|SunnyDay|[upkeep]
|-heal|p2a: Rillaboom|45/100|[from] Grassy Terrain
|-damage|p1a: Torkoal|9/100|[from] Leech Seed|[of] p2a: Rillaboom
|-heal|p2a: Rillaboom|54/100|[silent]
|upkeep
|turn|20
|
|t:|1760855128
|move|p2a: Rillaboom|Grassy Glide|p1a: Torkoal
|-resisted|p1a: Torkoal
|-damage|p1a: Torkoal|0 fnt
|faint|p1a: Torkoal
|
|-weather|SunnyDay|[upkeep]
|-heal|p2a: Rillaboom|60/100|[from] Grassy Terrain
|upkeep
|
|t:|1760855137
|switch|p1a: Walking Wake|Walking Wake|100/100
|-activate|p1a: Walking Wake|ability: Protosynthesis
|-start|p1a: Walking Wake|protosynthesisspe
|turn|21
|
|t:|1760855141
|move|p2a: Rillaboom|Grassy Glide|p1a: Walking Wake
|-damage|p1a: Walking Wake|56/100
|move|p1a: Walking Wake|Hydro Steam|p2a: Rillaboom
|-supereffective|p2a: Rillaboom
|-damage|p2a: Rillaboom|0 fnt
|faint|p2a: Rillaboom
|
|-weather|SunnyDay|[upkeep]
|-heal|p1a: Walking Wake|62/100|[from] Grassy Terrain
|upkeep
|
|t:|1760855144
|switch|p2a: Hatterene|Hatterene, F, shiny|41/100
|turn|22
|
|t:|1760855152
|move|p1a: Walking Wake|Hydro Steam|p2a: Hatterene
|-damage|p2a: Hatterene|0 fnt
|faint|p2a: Hatterene
|
|win|petertonetto
|raw|petertonetto's rating: 1289 &rarr; <strong>1313</strong><br />(+24 for winning)
|raw|player jack's rating: 1280 &rarr; <strong>1256</strong><br />(-24 for losing)
|l|☆player jack
|player|p2|
|l|☆petertonetto
|player|p1|
