|j|☆Chris466
|j|☆himal_ad321
|t:|1760839473
|gametype|singles
|player|p1|Chris466|red|1348
|player|p2|himal_ad321|cynthia|1329
|gen|9
|tier|[Gen 9] OU
|rated|
|rule|HP Percentage Mod: HP is shown in percentages
|rule|Endless Battle Clause: Forcing endless battles is banned
|rule|Species Clause: Limit one of each Pokémon
|rule|OHKO Clause: OHKO moves are banned
|rule|Evasion Items Clause: Evasion items are banned
|rule|Evasion Moves Clause: Evasion moves are banned
|rule|Evasion Abilities Clause: Evasion abilities are banned
|rule|Sleep Moves Clause: Sleep-inducing moves are banned
|clearpoke
|poke|p1|Iron Moth|
|poke|p1|Iron Hands|
|poke|p1|Kyurem|
|poke|p1|Gholdengo|
|poke|p1|Gliscor, M|
|poke|p1|Samurott-Hisui, F|
|poke|p2|Arcanine-Hisui, M|
|poke|p2|Darkrai|
|poke|p2|Great Tusk|
|poke|p2|Hatterene, F|
|poke|p2|Ogerpon-Wellspring, F|
|poke|p2|Zapdos|
|teampreview
|inactive|Battle timer is ON: inactive players will automatically lose when time's up. (requested by himal_ad321)
|
|t:|1760839486
|teamsize|p1|6
|teamsize|p2|6
|start
|switch|p1a: Gholdengo|Gholdengo|100/100
|switch|p2a: Hatterene|Hatterene, F|100/100
|turn|1
|
|t:|1760839492
|switch|p2a: Zapdos|Zapdos|100/100
|move|p1a: Gholdengo|Thunder Wave|p2a: Zapdos
|-immune|p2a: Zapdos
|
|upkeep
|turn|2
|
|t:|1760839504
|switch|p1a: Gliscor|Gliscor, M|100/100
|move|p2a: Zapdos|Volt Switch|p1a: Gliscor
|-immune|p1a: Gliscor
|
|-status|p1a: Gliscor|tox|[from] item: Toxic Orb
|upkeep
|turn|3
|
|t:|1760839510
|move|p2a: Zapdos|Hurricane|p1a: Gliscor|[miss]
|-miss|p2a: Zapdos|p1a: Gliscor
|move|p1a: Gliscor|Stealth Rock|p2a: Zapdos
|-sidestart|p2: himal_ad321|move: Stealth Rock
|
|upkeep
|turn|4
|
|t:|1760839513
|move|p2a: Zapdos|Hurricane|p1a: Gliscor
|-damage|p1a: Gliscor|63/100 tox
|move|p1a: Gliscor|U-turn|p2a: Zapdos
|-resisted|p2a: Zapdos
|-damage|p2a: Zapdos|95/100
|
|t:|1760839517
|switch|p1a: Kyurem|Kyurem|100/100|[from] U-turn
|-ability|p1a: Kyurem|Pressure
|
|upkeep
|turn|5
|
|t:|1760839531
|switch|p2a: Hatterene|Hatterene, F|100/100
|-damage|p2a: Hatterene|88/100|[from] Stealth Rock
|move|p1a: Kyurem|Ice Beam|p2a: Hatterene
|-damage|p2a: Hatterene|61/100
|
|upkeep
|turn|6
|
|t:|1760839543
|switch|p1a: Gholdengo|Gholdengo|100/100
|move|p2a: Hatterene|Nuzzle|p1a: Gholdengo
|-damage|p1a: Gholdengo|98/100
|-status|p1a: Gholdengo|par
|-damage|p2a: Hatterene|44/100|[from] item: Rocky Helmet|[of] p1a: Gholdengo
|
|upkeep
|turn|7
|
|t:|1760839553
|switch|p2a: Great Tusk|Great Tusk|100/100
|-damage|p2a: Great Tusk|98/100|[from] Stealth Rock
|move|p1a: Gholdengo|Thunder Wave|p2a: Great Tusk
|-immune|p2a: Great Tusk
|
|upkeep
|turn|8
|
|t:|1760839559
|move|p2a: Great Tusk|Stealth Rock|p1a: Gholdengo
|-sidestart|p1: Chris466|move: Stealth Rock
|move|p1a: Gholdengo|Make It Rain|p2a: Great Tusk
|-damage|p2a: Great Tusk|24/100
|-unboost|p1a: Gholdengo|spa|1
|
|upkeep
|turn|9
|
|t:|1760839567
|switch|p1a: Gliscor|Gliscor, M|63/100 tox
|-damage|p1a: Gliscor|50/100 tox|[from] Stealth Rock
|move|p2a: Great Tusk|Headlong Rush|p1a: Gliscor
|-immune|p1a: Gliscor
|
|-heal|p1a: Gliscor|63/100 tox|[from] ability: Poison Heal
|upkeep
|turn|10
|
|t:|1760839573
|move|p1a: Gliscor|Protect|p1a: Gliscor
|-singleturn|p1a: Gliscor|Protect
|move|p2a: Great Tusk|Rapid Spin|p1a: Gliscor
|-activate|p1a: Gliscor|move: Protect
|
|-heal|p1a: Gliscor|75/100 tox|[from] ability: Poison Heal
|upkeep
|turn|11
|
|t:|1760839579
|move|p2a: Great Tusk|Ice Spinner|p1a: Gliscor
|-supereffective|p1a: Gliscor
|-damage|p1a: Gliscor|0 fnt
|faint|p1a: Gliscor
|
|upkeep
|
|t:|1760839582
|switch|p1a: Kyurem|Kyurem|100/100
|-ability|p1a: Kyurem|Pressure
|turn|12
|
|t:|1760839596
|-end|p2a: Great Tusk|Protosynthesis|[silent]
|switch|p2a: Hatterene|Hatterene, F|44/100
|-damage|p2a: Hatterene|32/100|[from] Stealth Rock
|move|p1a: Kyurem|Scale Shot|p2a: Hatterene
|-immune|p2a: Hatterene
|
|upkeep
|turn|13
|
|t:|1760839606
|switch|p1a: Samurott|Samurott-Hisui, F|100/100
|-damage|p1a: Samurott|88/100|[from] Stealth Rock
|move|p2a: Hatterene|Draining Kiss|p1a: Samurott
|-supereffective|p1a: Samurott
|-damage|p1a: Samurott|33/100
|-heal|p2a: Hatterene|82/100|[from] drain|[of] p1a: Samurott
|
|-heal|p1a: Samurott|39/100|[from] item: Leftovers
|upkeep
|turn|14
|
|t:|1760839616
|move|p1a: Samurott|Knock Off|p2a: Hatterene
|-damage|p2a: Hatterene|38/100
|-enditem|p2a: Hatterene|Assault Vest|[from] move: Knock Off|[of] p1a: Samurott
|move|p2a: Hatterene|Draining Kiss|p1a: Samurott
|-supereffective|p1a: Samurott
|-crit|p1a: Samurott
|-damage|p1a: Samurott|0 fnt
|-heal|p2a: Hatterene|73/100|[from] drain|[of] p1a: Samurott
|faint|p1a: Samurott
|
|upkeep
|
|t:|1760839620
|switch|p1a: Gholdengo|Gholdengo|98/100 par
|-damage|p1a: Gholdengo|92/100 par|[from] Stealth Rock
|turn|15
|
|t:|1760839632
|switch|p1a: Kyurem|Kyurem|100/100
|-ability|p1a: Kyurem|Pressure
|switch|p2a: Zapdos|Zapdos|95/100
|
|upkeep
|turn|16
|
|t:|1760839645
|move|p1a: Kyurem|Freeze-Dry|p2a: Zapdos
|-supereffective|p2a: Zapdos
|-damage|p2a: Zapdos|22/100
|move|p2a: Zapdos|Thunder Wave|p1a: Kyurem
|-status|p1a: Kyurem|par
|
|upkeep
|turn|17
|
|t:|1760839655
|move|p2a: Zapdos|Volt Switch|p1a: Kyurem
|-resisted|p1a: Kyurem
|-damage|p1a: Kyurem|86/100 par
|
|t:|1760839659
|switch|p2a: Hatterene|Hatterene, F|73/100|[from] Volt Switch
|-damage|p2a: Hatterene|60/100|[from] Stealth Rock
|cant|p1a: Kyurem|par
|
|upkeep
|turn|18
|
|t:|1760839667
|switch|p1a: Iron Moth|Iron Moth|100/100
|-damage|p1a: Iron Moth|76/100|[from] Stealth Rock
|-enditem|p1a: Iron Moth|Booster Energy
|-activate|p1a: Iron Moth|ability: Quark Drive|[fromitem]
|-start|p1a: Iron Moth|quarkdrivespe
|move|p2a: Hatterene|Draining Kiss|p1a: Iron Moth
|-resisted|p1a: Iron Moth
|-damage|p1a: Iron Moth|69/100
|-heal|p2a: Hatterene|65/100|[from] drain|[of] p1a: Iron Moth
|
|upkeep
|turn|19
|
|t:|1760839681
|-terastallize|p2a: Hatterene|Water
|move|p1a: Iron Moth|Sludge Wave|p2a: Hatterene
|-damage|p2a: Hatterene|19/100
|move|p2a: Hatterene|Psyshock|p1a: Iron Moth
|-supereffective|p1a: Iron Moth
|-damage|p1a: Iron Moth|0 fnt
|faint|p1a: Iron Moth
|-end|p1a: Iron Moth|Quark Drive|[silent]
|
|upkeep
|
|t:|1760839684
|switch|p1a: Iron Hands|Iron Hands|100/100
|-damage|p1a: Iron Hands|94/100|[from] Stealth Rock
|turn|20
|
|t:|1760839690
|move|p1a: Iron Hands|Drain Punch|p2a: Hatterene
|-damage|p2a: Hatterene|0 fnt
|-heal|p1a: Iron Hands|99/100|[from] drain|[of] p2a: Hatterene
|faint|p2a: Hatterene
|
|upkeep
|
|t:|1760839698
|switch|p2a: Zapdos|Zapdos|22/100
|turn|21
|
|t:|1760839701
|move|p2a: Zapdos|Roost|p2a: Zapdos
|-heal|p2a: Zapdos|73/100
|-singleturn|p2a: Zapdos|move: Roost
|move|p1a: Iron Hands|Earthquake|p2a: Zapdos
|-supereffective|p2a: Zapdos
|-damage|p2a: Zapdos|16/100
|
|upkeep
|turn|22
|
|t:|1760839707
|move|p2a: Zapdos|Hurricane|p1a: Iron Hands|[miss]
|-miss|p2a: Zapdos|p1a: Iron Hands
|move|p1a: Iron Hands|Ice Punch|p2a: Zapdos
|-supereffective|p2a: Zapdos
|-damage|p2a: Zapdos|0 fnt
|faint|p2a: Zapdos
|
|upkeep
|
|t:|1760839726
|switch|p2a: Great Tusk|Great Tusk|24/100
|-damage|p2a: Great Tusk|21/100|[from] Stealth Rock
|turn|23
|
|t:|1760839735
|-end|p1a: Iron Hands|Quark Drive|[silent]
|switch|p1a: Gholdengo|Gholdengo|92/100 par
|-damage|p1a: Gholdengo|85/100 par|[from] Stealth Rock
|move|p2a: Great Tusk|Rapid Spin|p1a: Gholdengo
|-immune|p1a: Gholdengo
|
|upkeep
|turn|24
|
|t:|1760839740
|move|p2a: Great Tusk|Headlong Rush|p1a: Gholdengo
|-supereffective|p1a: Gholdengo
|-damage|p1a: Gholdengo|0 fnt
|-unboost|p2a: Great Tusk|def|1
|-unboost|p2a: Great Tusk|spd|1
|-damage|p2a: Great Tusk|4/100|[from] item: Rocky Helmet|[of] p1a: Gholdengo
|faint|p1a: Gholdengo
|
|upkeep
|
|t:|1760839746
|switch|p1a: Kyurem|Kyurem|86/100 par
|-ability|p1a: Kyurem|Pressure
|turn|25
|
|t:|1760839752
|move|p2a: Great Tusk|Rapid Spin|p1a: Kyurem
|-damage|p1a: Kyurem|70/100 par
|-boost|p2a: Great Tusk|spe|1
|-sideend|p2: himal_ad321|Stealth Rock|[from] move: Rapid Spin|[of] p2a: Great Tusk
|move|p1a: Kyurem|Ice Beam|p2a: Great Tusk
|-supereffective|p2a: Great Tusk
|-damage|p2a: Great Tusk|0 fnt
|faint|p2a: Great Tusk
|-end|p2a: Great Tusk|Protosynthesis|[silent]
|
|upkeep
|
|t:|1760839766
|switch|p2a: Arcanine|Arcanine-Hisui, M|100/100
|turn|26
|
|t:|1760839771
|move|p2a: Arcanine|Flare Blitz|p1a: Kyurem
|-damage|p1a: Kyurem|0 fnt
|faint|p1a: Kyurem
|
|upkeep
|
|t:|1760839773
|switch|p1a: Iron Hands|Iron Hands|99/100
|-damage|p1a: Iron Hands|94/100|[from] Stealth Rock
|turn|27
|
|t:|1760839776
|move|p2a: Arcanine|Flare Blitz|p1a: Iron Hands
|-damage|p1a: Iron Hands|37/100
|move|p1a: Iron Hands|Drain Punch|p2a: Arcanine
|-supereffective|p2a: Arcanine
|-crit|p2a: Arcanine
|-damage|p2a: Arcanine|0 fnt
|-heal|p1a: Iron Hands|69/100|[from] drain|[of] p2a: Arcanine
|faint|p2a: Arcanine
|
|upkeep
|
|t:|1760839791
|switch|p2a: Ogerpon|Ogerpon-Wellspring, F|100/100
|turn|28
|
|t:|1760839795
|-terastallize|p1a: Iron Hands|Bug
|move|p2a: Ogerpon|Ivy Cudgel|p1a: Iron Hands|[anim] Ivy Cudgel Water
|-damage|p1a: Iron Hands|29/100
|move|p1a: Iron Hands|Drain Punch|p2a: Ogerpon
|-damage|p2a: Ogerpon|39/100
|-heal|p1a: Iron Hands|47/100|[from] drain|[of] p2a: Ogerpon
|
|upkeep
|turn|29
|
|t:|1760839803
|move|p2a: Ogerpon|Ivy Cudgel|p1a: Iron Hands|[anim] Ivy Cudgel Water
|-damage|p1a: Iron Hands|12/100
|move|p1a: Iron Hands|Drain Punch|p2a: Ogerpon
|-damage|p2a: Ogerpon|0 fnt
|-heal|p1a: Iron Hands|24/100|[from] drain|[of] p2a: Ogerpon
|faint|p2a: Ogerpon
|
|upkeep
|
|t:|1760839808
|switch|p2a: Darkrai|Darkrai|100/100
|turn|30
|
|t:|1760839816
|move|p2a: Darkrai|Dark Pulse|p1a: Iron Hands
|-damage|p1a: Iron Hands|0 fnt
|faint|p1a: Iron Hands
|-end|p1a: Iron Hands|Quark Drive|[silent]
|
|win|himal_ad321
|raw|Chris466's rating: 1348 &rarr; <strong>1327</strong><br />(-21 for losing)
|raw|himal_ad321's rating: 1329 &rarr; <strong>1350</strong><br />(+21 for winning)
