|j|☆greatesttuskethy
|j|☆Clairrr03
|t:|1760726877
|gametype|singles
|player|p1|greatesttuskethy|1|1504
|player|p2|Clairrr03|170|1502
|gen|9
|tier|[Gen 9] OU
|rated|
|rule|HP Percentage Mod: HP is shown in percentages
|rule|Endless Battle Clause: Forcing endless battles is banned
|rule|Species Clause: Limit one of each Pokémon
|rule|OHKO Clause: OHKO moves are banned
|rule|Evasion Items Clause: Evasion items are banned
|rule|Evasion Moves Clause: Evasion moves are banned
|rule|Evasion Abilities Clause: Evasion abilities are banned
|rule|Sleep Moves Clause: Sleep-inducing moves are banned
|clearpoke
|poke|p1|Raging Bolt|
|poke|p1|Ogerpon-Wellspring, F|
|poke|p1|Slowking-Galar, F|
|poke|p1|Zamazenta-*|
|poke|p1|Corviknight, F|
|poke|p1|Iron Treads|
|poke|p2|Ceruledge, M|
|poke|p2|Kyurem|
|poke|p2|Iron Treads|
|poke|p2|Primarina, M|
|poke|p2|Mandibuzz, F|
|poke|p2|Rillaboom, F|
|teampreview
|inactive|Battle timer is ON: inactive players will automatically lose when time's up. (requested by Clairrr03)
|inactive|greatesttuskethy has 120 seconds left.
|inactive|greatesttuskethy has 90 seconds left.
|
|t:|1760726952
|teamsize|p1|6
|teamsize|p2|6
|start
|switch|p1a: Slowking|Slowking-Galar, F|100/100
|switch|p2a: Kyurem|Kyurem|100/100
|-ability|p2a: Kyurem|Pressure
|turn|1
|
|t:|1760726959
|switch|p2a: Iron Treads|Iron Treads|100/100
|move|p1a: Slowking|Sludge Bomb|p2a: Iron Treads
|-immune|p2a: Iron Treads
|
|upkeep
|turn|2
|
|t:|1760726969
|switch|p1a: Corviknight|Corviknight, F, shiny|100/100
|-ability|p1a: Corviknight|Pressure
|move|p2a: Iron Treads|Stealth Rock|p1a: Corviknight
|-sidestart|p1: greatesttuskethy|move: Stealth Rock
|
|upkeep
|turn|3
|
|t:|1760726976
|-end|p2a: Iron Treads|Quark Drive|[silent]
|switch|p2a: Ceruledge|Ceruledge, M|100/100
|move|p1a: Corviknight|U-turn|p2a: Ceruledge
|-resisted|p2a: Ceruledge
|-damage|p2a: Ceruledge|96/100
|
|t:|1760726982
|switch|p1a: Ogerpon|Ogerpon-Wellspring, F|100/100|[from] U-turn
|-damage|p1a: Ogerpon|88/100|[from] Stealth Rock
|
|upkeep
|turn|4
|
|t:|1760726991
|switch|p2a: Rillaboom|Rillaboom, F|100/100
|-fieldstart|move: Grassy Terrain|[from] ability: Grassy Surge|[of] p2a: Rillaboom
|move|p1a: Ogerpon|Horn Leech|p2a: Rillaboom
|-resisted|p2a: Rillaboom
|-damage|p2a: Rillaboom|72/100
|-heal|p1a: Ogerpon|100/100|[from] drain|[of] p2a: Rillaboom
|
|-heal|p2a: Rillaboom|78/100|[from] Grassy Terrain
|upkeep
|turn|5
|
|t:|1760727012
|switch|p1a: Corviknight|Corviknight, F, shiny|100/100
|-damage|p1a: Corviknight|88/100|[from] Stealth Rock
|-ability|p1a: Corviknight|Pressure
|move|p2a: Rillaboom|Knock Off|p1a: Corviknight
|-damage|p1a: Corviknight|60/100
|-enditem|p1a: Corviknight|Covert Cloak|[from] move: Knock Off|[of] p2a: Rillaboom
|-damage|p2a: Rillaboom|68/100|[from] item: Life Orb
|
|-heal|p2a: Rillaboom|74/100|[from] Grassy Terrain
|upkeep
|turn|6
|
|t:|1760727020
|move|p2a: Rillaboom|Swords Dance|p2a: Rillaboom
|-boost|p2a: Rillaboom|atk|2
|move|p1a: Corviknight|Roost|p1a: Corviknight
|-heal|p1a: Corviknight|100/100
|-singleturn|p1a: Corviknight|move: Roost
|
|-heal|p2a: Rillaboom|80/100|[from] Grassy Terrain
|upkeep
|turn|7
|
|t:|1760727026
|move|p2a: Rillaboom|Knock Off|p1a: Corviknight
|-damage|p1a: Corviknight|62/100
|-damage|p2a: Rillaboom|70/100|[from] item: Life Orb
|move|p1a: Corviknight|Brave Bird|p2a: Rillaboom
|-supereffective|p2a: Rillaboom
|-damage|p2a: Rillaboom|0 fnt
|faint|p2a: Rillaboom
|-damage|p1a: Corviknight|43/100|[from] Recoil
|
|upkeep
|
|t:|1760727031
|switch|p2a: Ceruledge|Ceruledge, M|96/100
|turn|8
|
|t:|1760727054
|move|p2a: Ceruledge|Bitter Blade|p1a: Corviknight
|-supereffective|p1a: Corviknight
|-damage|p1a: Corviknight|0 fnt
|-heal|p2a: Ceruledge|100/100|[from] drain|[of] p1a: Corviknight
|faint|p1a: Corviknight
|
|-fieldend|move: Grassy Terrain
|upkeep
|
|t:|1760727058
|switch|p1a: Raging Bolt|Raging Bolt|100/100
|-damage|p1a: Raging Bolt|88/100|[from] Stealth Rock
|turn|9
|
|t:|1760727078
|switch|p2a: Iron Treads|Iron Treads|100/100
|move|p1a: Raging Bolt|Calm Mind|p1a: Raging Bolt
|-boost|p1a: Raging Bolt|spa|1
|-boost|p1a: Raging Bolt|spd|1
|
|-heal|p1a: Raging Bolt|94/100|[from] item: Leftovers
|upkeep
|turn|10
|
|t:|1760727096
|-end|p1a: Raging Bolt|Protosynthesis|[silent]
|switch|p1a: Ogerpon|Ogerpon-Wellspring, F|100/100
|-damage|p1a: Ogerpon|88/100|[from] Stealth Rock
|move|p2a: Iron Treads|Earthquake|p1a: Ogerpon
|-resisted|p1a: Ogerpon
|-damage|p1a: Ogerpon|59/100
|
|upkeep
|turn|11
|
|t:|1760727111
|move|p1a: Ogerpon|Play Rough|p2a: Iron Treads|[miss]
|-miss|p1a: Ogerpon|p2a: Iron Treads
|move|p2a: Iron Treads|Knock Off|p1a: Ogerpon
|-damage|p1a: Ogerpon|34/100
|
|upkeep
|turn|12
|
|t:|1760727118
|-end|p2a: Iron Treads|Quark Drive|[silent]
|switch|p2a: Kyurem|Kyurem|100/100
|-ability|p2a: Kyurem|Pressure
|move|p1a: Ogerpon|Horn Leech|p2a: Kyurem
|-resisted|p2a: Kyurem
|-crit|p2a: Kyurem
|-damage|p2a: Kyurem|68/100
|-heal|p1a: Ogerpon|56/100|[from] drain|[of] p2a: Kyurem
|
|upkeep
|turn|13
|
|t:|1760727126
|switch|p1a: Slowking|Slowking-Galar, F|100/100
|-damage|p1a: Slowking|88/100|[from] Stealth Rock
|move|p2a: Kyurem|Draco Meteor|p1a: Slowking
|-damage|p1a: Slowking|54/100
|-unboost|p2a: Kyurem|spa|2
|
|upkeep
|turn|14
|
|t:|1760727133
|switch|p2a: Iron Treads|Iron Treads|100/100
|move|p1a: Slowking|Flamethrower|p2a: Iron Treads
|-supereffective|p2a: Iron Treads
|-damage|p2a: Iron Treads|35/100
|
|-heal|p2a: Iron Treads|41/100|[from] item: Leftovers
|upkeep
|turn|15
|
|t:|1760727160
|switch|p1a: Iron Treads|Iron Treads|100/100
|-damage|p1a: Iron Treads|97/100|[from] Stealth Rock
|move|p2a: Iron Treads|Stealth Rock||[still]
|-fail|p2a: Iron Treads
|
|-heal|p2a: Iron Treads|48/100|[from] item: Leftovers
|-heal|p1a: Iron Treads|100/100|[from] item: Leftovers
|upkeep
|turn|16
|c|☆Clairrr03|woops
|
|t:|1760727171
|move|p2a: Iron Treads|Earthquake|p1a: Iron Treads
|-supereffective|p1a: Iron Treads
|-damage|p1a: Iron Treads|33/100
|move|p1a: Iron Treads|Stealth Rock|p2a: Iron Treads
|-sidestart|p2: Clairrr03|move: Stealth Rock
|
|-heal|p2a: Iron Treads|54/100|[from] item: Leftovers
|-heal|p1a: Iron Treads|40/100|[from] item: Leftovers
|upkeep
|turn|17
|inactive|Clairrr03 has 120 seconds left.
|
|t:|1760727201
|move|p2a: Iron Treads|Earthquake|p1a: Iron Treads
|-supereffective|p1a: Iron Treads
|-damage|p1a: Iron Treads|0 fnt
|faint|p1a: Iron Treads
|-end|p1a: Iron Treads|Quark Drive|[silent]
|
|-heal|p2a: Iron Treads|60/100|[from] item: Leftovers
|upkeep
|
|t:|1760727203
|switch|p1a: Ogerpon|Ogerpon-Wellspring, F|56/100
|-damage|p1a: Ogerpon|44/100|[from] Stealth Rock
|turn|18
|inactive|Clairrr03 has 120 seconds left.
|inactive|Clairrr03 has 90 seconds left.
|
|t:|1760727252
|move|p1a: Ogerpon|Ivy Cudgel|p2a: Iron Treads|[anim] Ivy Cudgel Water
|-supereffective|p2a: Iron Treads
|-damage|p2a: Iron Treads|0 fnt
|faint|p2a: Iron Treads
|-end|p2a: Iron Treads|Quark Drive|[silent]
|
|upkeep
|
|t:|1760727258
|switch|p2a: Mandibuzz|Mandibuzz, F|100/100
|turn|19
|inactive|Clairrr03 has 90 seconds left.
|
|t:|1760727275
|move|p1a: Ogerpon|Swords Dance|p1a: Ogerpon
|-boost|p1a: Ogerpon|atk|2
|move|p2a: Mandibuzz|Roost||[still]
|-fail|p2a: Mandibuzz|heal
|
|upkeep
|turn|20
|inactive|Clairrr03 has 90 seconds left.
|inactive|greatesttuskethy has 120 seconds left.
|inactive|Clairrr03 has 60 seconds left.
|
|t:|1760727319
|-terastallize|p1a: Ogerpon|Water
|detailschange|p1a: Ogerpon|Ogerpon-Wellspring-Tera, F, tera:Water
|-ability|p1a: Ogerpon|Embody Aspect (Wellspring)|boost
|-boost|p1a: Ogerpon|spd|1
|move|p1a: Ogerpon|Ivy Cudgel|p2a: Mandibuzz|[anim] Ivy Cudgel Water
|-crit|p2a: Mandibuzz
|-damage|p2a: Mandibuzz|0 fnt
|faint|p2a: Mandibuzz
|
|upkeep
|
|t:|1760727323
|switch|p2a: Kyurem|Kyurem|68/100
|-damage|p2a: Kyurem|43/100|[from] Stealth Rock
|-ability|p2a: Kyurem|Pressure
|turn|21
|
|t:|1760727327
|switch|p1a: Slowking|Slowking-Galar, F|87/100
|-damage|p1a: Slowking|74/100|[from] Stealth Rock
|move|p2a: Kyurem|Freeze-Dry|p1a: Slowking
|-damage|p1a: Slowking|54/100
|
|upkeep
|turn|22
|
|t:|1760727331
|switch|p2a: Primarina|Primarina, M|100/100
|-damage|p2a: Primarina|88/100|[from] Stealth Rock
|move|p1a: Slowking|Sludge Bomb|p2a: Primarina
|-supereffective|p2a: Primarina
|-damage|p2a: Primarina|45/100
|-status|p2a: Primarina|psn
|
|-damage|p2a: Primarina|33/100 psn|[from] psn
|upkeep
|turn|23
|inactive|Clairrr03 has 90 seconds left.
|
|t:|1760727355
|move|p2a: Primarina|Moonblast|p1a: Slowking
|-resisted|p1a: Slowking
|-damage|p1a: Slowking|41/100
|move|p1a: Slowking|Psychic Noise|p2a: Primarina
|-damage|p2a: Primarina|15/100 psn
|-start|p2a: Primarina|move: Heal Block
|
|-damage|p2a: Primarina|3/100 psn|[from] psn
|upkeep
|turn|24
|
|t:|1760727367
|move|p2a: Primarina|Moonblast|p1a: Slowking
|-resisted|p1a: Slowking
|-damage|p1a: Slowking|27/100
|move|p1a: Slowking|Flamethrower|p2a: Primarina
|-resisted|p2a: Primarina
|-damage|p2a: Primarina|0 fnt
|faint|p2a: Primarina
|
|upkeep
|
|t:|1760727393
|switch|p2a: Ceruledge|Ceruledge, M|100/100
|-damage|p2a: Ceruledge|76/100|[from] Stealth Rock
|turn|25
|
|t:|1760727398
|move|p2a: Ceruledge|Bitter Blade|p1a: Slowking
|-crit|p1a: Slowking
|-damage|p1a: Slowking|0 fnt
|-heal|p2a: Ceruledge|94/100|[from] drain|[of] p1a: Slowking
|faint|p1a: Slowking
|
|upkeep
|
|t:|1760727401
|switch|p1a: Ogerpon|Ogerpon-Wellspring-Tera, F, tera:Water|44/100
|-damage|p1a: Ogerpon|31/100|[from] Stealth Rock
|-ability|p1a: Ogerpon|Embody Aspect (Wellspring)|boost
|-boost|p1a: Ogerpon|spd|1
|turn|26
|
|t:|1760727403
|move|p1a: Ogerpon|Ivy Cudgel|p2a: Ceruledge|[anim] Ivy Cudgel Water
|-supereffective|p2a: Ceruledge
|-damage|p2a: Ceruledge|0 fnt
|faint|p2a: Ceruledge
|
|upkeep
|
|t:|1760727406
|switch|p2a: Kyurem|Kyurem|43/100
|-damage|p2a: Kyurem|18/100|[from] Stealth Rock
|-ability|p2a: Kyurem|Pressure
|turn|27
|
|t:|1760727413
|-terastallize|p2a: Kyurem|Ice
|move|p2a: Kyurem|Freeze-Dry|p1a: Ogerpon
|-supereffective|p1a: Ogerpon
|-damage|p1a: Ogerpon|0 fnt
|faint|p1a: Ogerpon
|detailschange|p1: Ogerpon|Ogerpon-Wellspring, F|[silent]
|
|upkeep
|
|t:|1760727415
|switch|p1a: Raging Bolt|Raging Bolt|94/100
|-damage|p1a: Raging Bolt|82/100|[from] Stealth Rock
|turn|28
|
|t:|1760727422
|move|p1a: Raging Bolt|Thunderclap|p2a: Kyurem
|-damage|p2a: Kyurem|0 fnt
|faint|p2a: Kyurem
|
|win|greatesttuskethy
|raw|greatesttuskethy's rating: 1504 &rarr; <strong>1524</strong><br />(+20 for winning)
|raw|Clairrr03's rating: 1502 &rarr; <strong>1482</strong><br />(-20 for losing)
