|j|☆SemperMamba
|j|☆Howsthatforaname
|t:|1760783523
|gametype|singles
|player|p1|SemperMamba|blackbelt-gen4dp|1277
|player|p2|Howsthatforaname|wattson|1320
|gen|9
|tier|[Gen 9] OU
|rated|
|rule|HP Percentage Mod: HP is shown in percentages
|rule|Endless Battle Clause: Forcing endless battles is banned
|rule|Species Clause: Limit one of each Pokémon
|rule|OHKO Clause: OHKO moves are banned
|rule|Evasion Items Clause: Evasion items are banned
|rule|Evasion Moves Clause: Evasion moves are banned
|rule|Evasion Abilities Clause: Evasion abilities are banned
|rule|Sleep Moves Clause: Sleep-inducing moves are banned
|clearpoke
|poke|p1|Meowscarada, F|
|poke|p1|Moltres|
|poke|p1|Blissey, F|
|poke|p1|Landorus-Therian, M|
|poke|p1|Iron Treads|
|poke|p1|Azumarill, F|
|poke|p2|Dragonite, M|
|poke|p2|Jolteon, M|
|poke|p2|Meganium, M|
|poke|p2|Scizor, M|
|poke|p2|Poliwrath, M|
|poke|p2|Pelipper, M|
|teampreview
|
|t:|1760783532
|teamsize|p1|6
|teamsize|p2|6
|start
|switch|p1a: Meowscarada|Meowscarada, F|100/100
|switch|p2a: Pelipper|Pelipper, M|100/100
|-weather|RainDance|[from] ability: Drizzle|[of] p2a: Pelipper
|turn|1
|
|t:|1760783538
|move|p1a: Meowscarada|Thunder Punch|p2a: Pelipper
|-start|p1a: Meowscarada|typechange|Electric|[from] ability: Protean
|-supereffective|p2a: Pelipper
|-crit|p2a: Pelipper
|-damage|p2a: Pelipper|0 fnt
|faint|p2a: Pelipper
|
|-weather|RainDance|[upkeep]
|upkeep
|
|t:|1760783561
|switch|p2a: Meganium|Meganium, M|100/100
|turn|2
|
|t:|1760783569
|switch|p1a: Blissey|Blissey, F|100/100
|move|p2a: Meganium|Knock Off|p1a: Blissey
|-damage|p1a: Blissey|80/100
|-enditem|p1a: Blissey|Leftovers|[from] move: Knock Off|[of] p2a: Meganium
|
|-weather|RainDance|[upkeep]
|upkeep
|turn|3
|
|t:|1760783580
|move|p2a: Meganium|Body Press|p1a: Blissey
|-supereffective|p1a: Blissey
|-damage|p1a: Blissey|28/100
|move|p1a: Blissey|Thunder Wave|p2a: Meganium
|-status|p2a: Meganium|par
|
|-weather|RainDance|[upkeep]
|upkeep
|turn|4
|
|t:|1760783593
|switch|p1a: Landorus|Landorus-Therian, M|100/100
|-ability|p1a: Landorus|Intimidate|boost
|-unboost|p2a: Meganium|atk|1
|move|p2a: Meganium|Leech Seed|p1a: Landorus
|-start|p1a: Landorus|move: Leech Seed
|
|-weather|RainDance|[upkeep]
|-damage|p1a: Landorus|88/100|[from] Leech Seed|[of] p2a: Meganium
|upkeep
|turn|5
|
|t:|1760783602
|switch|p2a: Poliwrath|Poliwrath, M|100/100
|move|p1a: Landorus|U-turn|p2a: Poliwrath
|-resisted|p2a: Poliwrath
|-crit|p2a: Poliwrath
|-damage|p2a: Poliwrath|82/100
|
|t:|1760783606
|switch|p1a: Azumarill|Azumarill, F|100/100|[from] U-turn
|
|-weather|RainDance|[upkeep]
|upkeep
|turn|6
|
|t:|1760783615
|switch|p2a: Meganium|Meganium, M|100/100 par
|move|p1a: Azumarill|Knock Off|p2a: Meganium
|-damage|p2a: Meganium|75/100 par
|-enditem|p2a: Meganium|Big Root|[from] move: Knock Off|[of] p1a: Azumarill
|
|-weather|RainDance|[upkeep]
|upkeep
|turn|7
|
|t:|1760783630
|switch|p1a: Moltres|Moltres|100/100
|cant|p2a: Meganium|par
|
|-weather|RainDance|[upkeep]
|upkeep
|turn|8
|
|t:|1760783640
|move|p1a: Moltres|U-turn|p2a: Meganium
|-supereffective|p2a: Meganium
|-damage|p2a: Meganium|53/100 par
|
|t:|1760783645
|switch|p1a: Landorus|Landorus-Therian, M|88/100|[from] U-turn
|-ability|p1a: Landorus|Intimidate|boost
|-unboost|p2a: Meganium|atk|1
|cant|p2a: Meganium|par
|
|-weather|none
|upkeep
|turn|9
|
|t:|1760783664
|move|p1a: Landorus|Stealth Rock|p2a: Meganium
|-sidestart|p2: Howsthatforaname|move: Stealth Rock
|move|p2a: Meganium|Leech Seed|p1a: Landorus
|-start|p1a: Landorus|move: Leech Seed
|
|-damage|p1a: Landorus|76/100|[from] Leech Seed|[of] p2a: Meganium
|-heal|p2a: Meganium|67/100 par|[silent]
|upkeep
|turn|10
|
|t:|1760783673
|switch|p1a: Moltres|Moltres|100/100
|move|p2a: Meganium|Leech Seed|p1a: Moltres
|-start|p1a: Moltres|move: Leech Seed
|
|-damage|p1a: Moltres|88/100|[from] Leech Seed|[of] p2a: Meganium
|-heal|p2a: Meganium|82/100 par|[silent]
|upkeep
|turn|11
|
|t:|1760783680
|move|p1a: Moltres|U-turn|p2a: Meganium
|-supereffective|p2a: Meganium
|-damage|p2a: Meganium|57/100 par
|
|t:|1760783686
|switch|p1a: Blissey|Blissey, F|28/100|[from] U-turn
|move|p2a: Meganium|Knock Off|p1a: Blissey
|-damage|p1a: Blissey|19/100
|
|upkeep
|turn|12
|
|t:|1760783693
|move|p1a: Blissey|Soft-Boiled|p1a: Blissey
|-heal|p1a: Blissey|69/100
|move|p2a: Meganium|Leech Seed|p1a: Blissey
|-start|p1a: Blissey|move: Leech Seed
|
|-damage|p1a: Blissey|56/100|[from] Leech Seed|[of] p2a: Meganium
|-heal|p2a: Meganium|84/100 par|[silent]
|upkeep
|turn|13
|
|t:|1760783702
|switch|p1a: Landorus|Landorus-Therian, M|76/100
|-ability|p1a: Landorus|Intimidate|boost
|-unboost|p2a: Meganium|atk|1
|move|p2a: Meganium|Knock Off|p1a: Landorus
|-damage|p1a: Landorus|66/100
|-enditem|p1a: Landorus|Choice Scarf|[from] move: Knock Off|[of] p2a: Meganium
|
|upkeep
|turn|14
|
|t:|1760783713
|move|p1a: Landorus|U-turn|p2a: Meganium
|-supereffective|p2a: Meganium
|-damage|p2a: Meganium|49/100 par
|
|t:|1760783717
|switch|p1a: Meowscarada|Meowscarada, F|100/100|[from] U-turn
|cant|p2a: Meganium|par
|
|upkeep
|turn|15
|
|t:|1760783739
|move|p1a: Meowscarada|Shadow Claw|p2a: Meganium
|-start|p1a: Meowscarada|typechange|Ghost|[from] ability: Protean
|-damage|p2a: Meganium|11/100 par
|move|p2a: Meganium|Body Press|p1a: Meowscarada
|-immune|p1a: Meowscarada
|
|upkeep
|turn|16
|
|t:|1760783747
|move|p1a: Meowscarada|Shadow Claw|p2a: Meganium
|-damage|p2a: Meganium|0 fnt
|faint|p2a: Meganium
|
|upkeep
|
|t:|1760783757
|switch|p2a: Dragonite|Dragonite, M|100/100
|turn|17
|
|t:|1760783764
|switch|p1a: Landorus|Landorus-Therian, M|66/100
|-ability|p1a: Landorus|Intimidate|boost
|-unboost|p2a: Dragonite|atk|1
|move|p2a: Dragonite|Hurricane|p1a: Landorus
|-damage|p1a: Landorus|8/100
|
|upkeep
|turn|18
|
|t:|1760783781
|move|p2a: Dragonite|Extreme Speed|p1a: Landorus
|-damage|p1a: Landorus|0 fnt
|faint|p1a: Landorus
|
|upkeep
|
|t:|1760783783
|switch|p1a: Moltres|Moltres|88/100
|turn|19
|
|t:|1760783798
|move|p2a: Dragonite|Thunder|p1a: Moltres
|-supereffective|p1a: Moltres
|-damage|p1a: Moltres|14/100
|move|p1a: Moltres|U-turn|p2a: Dragonite
|-resisted|p2a: Dragonite
|-damage|p2a: Dragonite|96/100
|
|t:|1760783802
|switch|p1a: Azumarill|Azumarill, F|100/100|[from] U-turn
|
|upkeep
|turn|20
|
|t:|1760783816
|-terastallize|p2a: Dragonite|Flying
|move|p2a: Dragonite|Hurricane|p1a: Azumarill
|-damage|p1a: Azumarill|14/100
|move|p1a: Azumarill|Ice Spinner|p2a: Dragonite
|-supereffective|p2a: Dragonite
|-damage|p2a: Dragonite|35/100
|
|-heal|p1a: Azumarill|20/100|[from] item: Leftovers
|upkeep
|turn|21
|
|t:|1760783834
|switch|p1a: Iron Treads|Iron Treads|100/100
|move|p2a: Dragonite|Extreme Speed|p1a: Iron Treads
|-resisted|p1a: Iron Treads
|-damage|p1a: Iron Treads|94/100
|
|upkeep
|turn|22
|
|t:|1760783841
|switch|p2a: Scizor|Scizor, M|100/100
|-damage|p2a: Scizor|88/100|[from] Stealth Rock
|move|p1a: Iron Treads|Ice Spinner|p2a: Scizor
|-resisted|p2a: Scizor
|-damage|p2a: Scizor|78/100
|
|-heal|p2a: Scizor|84/100|[from] item: Leftovers
|upkeep
|turn|23
|
|t:|1760783857
|move|p1a: Iron Treads|Knock Off|p2a: Scizor
|-damage|p2a: Scizor|61/100
|-enditem|p2a: Scizor|Leftovers|[from] move: Knock Off|[of] p1a: Iron Treads
|move|p2a: Scizor|Defog|p1a: Iron Treads
|-unboost|p1a: Iron Treads|evasion|1
|-sideend|p2: Howsthatforaname|Stealth Rock|[from] move: Defog|[of] p2a: Scizor
|
|upkeep
|turn|24
|
|t:|1760783896
|move|p1a: Iron Treads|Rapid Spin|p2a: Scizor
|-resisted|p2a: Scizor
|-damage|p2a: Scizor|55/100
|-boost|p1a: Iron Treads|spe|1
|move|p2a: Scizor|Close Combat|p1a: Iron Treads
|-supereffective|p1a: Iron Treads
|-damage|p1a: Iron Treads|26/100
|-unboost|p2a: Scizor|def|1
|-unboost|p2a: Scizor|spd|1
|
|upkeep
|turn|25
|inactive|Battle timer is ON: inactive players will automatically lose when time's up. (requested by SemperMamba)
|
|t:|1760783994
|-end|p1a: Iron Treads|Quark Drive|[silent]
|switch|p1a: Moltres|Moltres|14/100
|move|p2a: Scizor|Bullet Punch|p1a: Moltres
|-resisted|p1a: Moltres
|-damage|p1a: Moltres|2/100
|-status|p2a: Scizor|brn|[from] ability: Flame Body|[of] p1a: Moltres
|
|-damage|p2a: Scizor|49/100 brn|[from] brn
|upkeep
|turn|26
|inactive|SemperMamba has 120 seconds left.
|
|t:|1760784025
|move|p2a: Scizor|Bullet Punch|p1a: Moltres
|-resisted|p1a: Moltres
|-damage|p1a: Moltres|0 fnt
|faint|p1a: Moltres
|
|-damage|p2a: Scizor|42/100 brn|[from] brn
|upkeep
|
|t:|1760784027
|switch|p1a: Azumarill|Azumarill, F|20/100
|turn|27
|
|t:|1760784032
|move|p1a: Azumarill|Aqua Jet|p2a: Scizor
|-damage|p2a: Scizor|10/100 brn
|move|p2a: Scizor|Bullet Punch|p1a: Azumarill
|-damage|p1a: Azumarill|2/100
|
|-heal|p1a: Azumarill|9/100|[from] item: Leftovers
|-damage|p2a: Scizor|4/100 brn|[from] brn
|upkeep
|turn|28
|
|t:|1760784039
|move|p1a: Azumarill|Aqua Jet|p2a: Scizor
|-crit|p2a: Scizor
|-damage|p2a: Scizor|0 fnt
|faint|p2a: Scizor
|
|-heal|p1a: Azumarill|15/100|[from] item: Leftovers
|upkeep
|
|t:|1760784045
|switch|p2a: Dragonite|Dragonite, M, tera:Flying|35/100
|turn|29
|
|t:|1760784051
|move|p2a: Dragonite|Extreme Speed|p1a: Azumarill
|-damage|p1a: Azumarill|0 fnt
|faint|p1a: Azumarill
|
|upkeep
|
|t:|1760784055
|switch|p1a: Meowscarada|Meowscarada, F|100/100
|turn|30
|
|t:|1760784072
|-terastallize|p1a: Meowscarada|Ghost
|move|p2a: Dragonite|Extreme Speed|p1a: Meowscarada
|-immune|p1a: Meowscarada
|move|p1a: Meowscarada|Shadow Claw|p2a: Dragonite
|-damage|p2a: Dragonite|0 fnt
|faint|p2a: Dragonite
|
|upkeep
|
|t:|1760784083
|switch|p2a: Poliwrath|Poliwrath, M|82/100
|turn|31
|
|t:|1760784088
|switch|p1a: Iron Treads|Iron Treads|26/100
|move|p2a: Poliwrath|Liquidation|p1a: Iron Treads
|-supereffective|p1a: Iron Treads
|-damage|p1a: Iron Treads|0 fnt
|faint|p1a: Iron Treads
|-end|p1a: Iron Treads|Quark Drive|[silent]
|-damage|p2a: Poliwrath|72/100|[from] item: Life Orb
|
|upkeep
|
|t:|1760784091
|switch|p1a: Meowscarada|Meowscarada, F, tera:Ghost|100/100
|turn|32
|
|t:|1760784119
|move|p1a: Meowscarada|Flower Trick|p2a: Poliwrath
|-supereffective|p2a: Poliwrath
|-crit|p2a: Poliwrath
|-damage|p2a: Poliwrath|0 fnt
|faint|p2a: Poliwrath
|
|upkeep
|
|t:|1760784124
|switch|p2a: Jolteon|Jolteon, M|100/100
|turn|33
|
|t:|1760784128
|switch|p1a: Blissey|Blissey, F|56/100
|move|p2a: Jolteon|Thunder|p1a: Blissey
|-damage|p1a: Blissey|37/100
|
|upkeep
|turn|34
|
|t:|1760784135
|move|p2a: Jolteon|Calm Mind|p2a: Jolteon
|-boost|p2a: Jolteon|spa|1
|-boost|p2a: Jolteon|spd|1
|move|p1a: Blissey|Soft-Boiled|p1a: Blissey
|-heal|p1a: Blissey|87/100
|
|upkeep
|turn|35
|
|t:|1760784141
|move|p2a: Jolteon|Calm Mind|p2a: Jolteon
|-boost|p2a: Jolteon|spa|1
|-boost|p2a: Jolteon|spd|1
|move|p1a: Blissey|Seismic Toss|p2a: Jolteon
|-damage|p2a: Jolteon|64/100
|
|upkeep
|turn|36
|
|t:|1760784149
|move|p2a: Jolteon|Thunder|p1a: Blissey
|-damage|p1a: Blissey|49/100
|-status|p1a: Blissey|par
|move|p1a: Blissey|Seismic Toss|p2a: Jolteon
|-damage|p2a: Jolteon|27/100
|
|upkeep
|turn|37
|
|t:|1760784156
|move|p2a: Jolteon|Thunder|p1a: Blissey|[miss]
|-miss|p2a: Jolteon|p1a: Blissey
|move|p1a: Blissey|Seismic Toss|p2a: Jolteon
|-damage|p2a: Jolteon|0 fnt
|faint|p2a: Jolteon
|
|win|SemperMamba
|raw|SemperMamba's rating: 1277 &rarr; <strong>1305</strong><br />(+28 for winning)
|raw|Howsthatforaname's rating: 1320 &rarr; <strong>1298</strong><br />(-22 for losing)
|l|☆Howsthatforaname
|player|p2|
|l|☆SemperMamba
|player|p1|
