|j|☆sminey
|j|☆Andher
|t:|1760852775
|gametype|singles
|player|p1|sminey|palmer|1530
|player|p2|Andher|shadowtriad|1477
|gen|9
|tier|[Gen 9] OU
|rated|
|rule|HP Percentage Mod: HP is shown in percentages
|rule|Endless Battle Clause: Forcing endless battles is banned
|rule|Species Clause: Limit one of each Pokémon
|rule|OHKO Clause: OHKO moves are banned
|rule|Evasion Items Clause: Evasion items are banned
|rule|Evasion Moves Clause: Evasion moves are banned
|rule|Evasion Abilities Clause: Evasion abilities are banned
|rule|Sleep Moves Clause: Sleep-inducing moves are banned
|clearpoke
|poke|p1|Cinderace, M|
|poke|p1|Zapdos|
|poke|p1|Latios, M|
|poke|p1|Weavile, M|
|poke|p1|Clefable, F|
|poke|p1|Slowking-Galar, M|
|poke|p2|Corviknight, F|
|poke|p2|Samurott-Hisui, F|
|poke|p2|Kingambit, M|
|poke|p2|Skeledirge, F|
|poke|p2|Dragapult, F|
|poke|p2|Gengar, F|
|teampreview
|inactive|Battle timer is ON: inactive players will automatically lose when time's up. (requested by sminey)
|
|t:|1760852790
|teamsize|p1|6
|teamsize|p2|6
|start
|switch|p1a: Zapdos|Zapdos|100/100
|switch|p2a: Ombra|Dragapult, F|100/100
|turn|1
|inactive|Andher has 120 seconds left.
|
|t:|1760852833
|-terastallize|p2a: Ombra|Ground
|move|p2a: Ombra|Will-O-Wisp|p1a: Zapdos
|-status|p1a: Zapdos|brn
|move|p1a: Zapdos|Thunder Wave|p2a: Ombra
|-immune|p2a: Ombra
|
|-damage|p1a: Zapdos|94/100 brn|[from] brn
|upkeep
|turn|2
|
|t:|1760852843
|switch|p2a: Shogun|Kingambit, M|100/100
|switch|p1a: Weavile|Weavile, M|100/100
|-ability|p1a: Weavile|Pressure
|
|upkeep
|turn|3
|
|t:|1760852854
|switch|p1a: Zapdos|Zapdos|94/100 brn
|-end|p2a: Shogun|fallenundefined|[silent]
|switch|p2a: Cavaller|Corviknight, F|100/100
|-ability|p2a: Cavaller|Pressure
|
|-damage|p1a: Zapdos|88/100 brn|[from] brn
|upkeep
|turn|4
|inactive|Andher has 90 seconds left.
|
|t:|1760852887
|switch|p2a: Ombra|Dragapult, F, tera:Ground|100/100
|move|p1a: Zapdos|Hurricane|p2a: Ombra|[miss]
|-miss|p1a: Zapdos|p2a: Ombra
|
|-damage|p1a: Zapdos|82/100 brn|[from] brn
|upkeep
|turn|5
|
|t:|1760852898
|switch|p1a: Slowking|Slowking-Galar, M|100/100
|move|p2a: Ombra|Shadow Ball|p1a: Slowking
|-supereffective|p1a: Slowking
|-damage|p1a: Slowking|60/100
|
|upkeep
|turn|6
|inactive|Andher has 90 seconds left.
|
|t:|1760852924
|switch|p2a: Shogun|Kingambit, M|100/100
|move|p1a: Slowking|Ice Beam|p2a: Shogun
|-resisted|p2a: Shogun
|-damage|p2a: Shogun|92/100
|-status|p2a: Shogun|frz
|
|-heal|p2a: Shogun|98/100 frz|[from] item: Leftovers
|upkeep
|turn|7
|inactive|Andher has 90 seconds left.
|
|t:|1760852932
|switch|p1a: Cinderace|Cinderace, M|100/100
|-curestatus|p2a: Shogun|frz|[msg]
|move|p2a: Shogun|Iron Head|p1a: Cinderace
|-resisted|p1a: Cinderace
|-damage|p1a: Cinderace|75/100
|
|-heal|p2a: Shogun|100/100|[from] item: Leftovers
|upkeep
|turn|8
|
|t:|1760852941
|-end|p2a: Shogun|fallenundefined|[silent]
|switch|p2a: Mort|Skeledirge, F|100/100
|move|p1a: Cinderace|U-turn|p2a: Mort
|-start|p1a: Cinderace|typechange|Bug|[from] ability: Libero
|-resisted|p2a: Mort
|-damage|p2a: Mort|94/100
|
|t:|1760852948
|switch|p1a: Latios|Latios, M|100/100|[from] U-turn
|
|upkeep
|turn|9
|
|t:|1760852953
|move|p1a: Latios|Draco Meteor|p2a: Mort
|-damage|p2a: Mort|39/100
|-unboost|p1a: Latios|spa|2
|move|p2a: Mort|Torch Song|p1a: Latios
|-resisted|p1a: Latios
|-damage|p1a: Latios|86/100
|-boost|p2a: Mort|spa|1
|
|upkeep
|turn|10
|
|t:|1760852963
|switch|p2a: Shogun|Kingambit, M|100/100
|move|p1a: Latios|Draco Meteor|p2a: Shogun
|-resisted|p2a: Shogun
|-damage|p2a: Shogun|88/100
|-unboost|p1a: Latios|spa|2
|
|-heal|p2a: Shogun|94/100|[from] item: Leftovers
|upkeep
|turn|11
|
|t:|1760852988
|switch|p1a: Zapdos|Zapdos|82/100 brn
|move|p2a: Shogun|Swords Dance|p2a: Shogun
|-boost|p2a: Shogun|atk|2
|
|-heal|p2a: Shogun|99/100|[from] item: Leftovers
|-damage|p1a: Zapdos|76/100 brn|[from] brn
|upkeep
|turn|12
|
|t:|1760853003
|-end|p2a: Shogun|fallenundefined|[silent]
|switch|p2a: Ombra|Dragapult, F, tera:Ground|100/100
|move|p1a: Zapdos|Hurricane|p2a: Ombra|[miss]
|-miss|p1a: Zapdos|p2a: Ombra
|
|-damage|p1a: Zapdos|70/100 brn|[from] brn
|upkeep
|turn|13
|
|t:|1760853012
|switch|p1a: Slowking|Slowking-Galar, M|94/100
|move|p2a: Ombra|Shadow Ball|p1a: Slowking
|-supereffective|p1a: Slowking
|-crit|p1a: Slowking
|-damage|p1a: Slowking|34/100
|
|upkeep
|turn|14
|
|t:|1760853021
|switch|p1a: Weavile|Weavile, M|100/100
|-ability|p1a: Weavile|Pressure
|move|p2a: Ombra|Shadow Ball|p1a: Weavile
|-resisted|p1a: Weavile
|-damage|p1a: Weavile|67/100
|
|upkeep
|turn|15
|
|t:|1760853035
|switch|p2a: Cavaller|Corviknight, F|100/100
|-ability|p2a: Cavaller|Pressure
|move|p1a: Weavile|Knock Off|p2a: Cavaller
|-crit|p2a: Cavaller
|-damage|p2a: Cavaller|54/100
|-damage|p1a: Weavile|51/100|[from] item: Rocky Helmet|[of] p2a: Cavaller
|-enditem|p2a: Cavaller|Rocky Helmet|[from] move: Knock Off|[of] p1a: Weavile
|
|upkeep
|turn|16
|
|t:|1760853043
|switch|p1a: Zapdos|Zapdos|70/100 brn
|move|p2a: Cavaller|Roost|p2a: Cavaller
|-heal|p2a: Cavaller|100/100
|-singleturn|p2a: Cavaller|move: Roost
|
|-damage|p1a: Zapdos|64/100 brn|[from] brn
|upkeep
|turn|17
|
|t:|1760853067
|switch|p2a: Ombra|Dragapult, F, tera:Ground|100/100
|move|p1a: Zapdos|Roost|p1a: Zapdos
|-heal|p1a: Zapdos|100/100 brn
|-singleturn|p1a: Zapdos|move: Roost
|
|-damage|p1a: Zapdos|94/100 brn|[from] brn
|upkeep
|turn|18
|
|t:|1760853075
|move|p2a: Ombra|Shadow Ball|p1a: Zapdos
|-damage|p1a: Zapdos|46/100 brn
|move|p1a: Zapdos|Hurricane|p2a: Ombra
|-damage|p2a: Ombra|43/100
|-start|p2a: Ombra|confusion
|
|-damage|p1a: Zapdos|40/100 brn|[from] brn
|upkeep
|turn|19
|
|t:|1760853085
|switch|p1a: Slowking|Slowking-Galar, M|67/100
|-activate|p2a: Ombra|confusion
|-damage|p2a: Ombra|32/100|[from] confusion
|
|upkeep
|turn|20
|
|t:|1760853095
|switch|p2a: Shogun|Kingambit, M|99/100
|move|p1a: Slowking|Flamethrower|p2a: Shogun
|-supereffective|p2a: Shogun
|-damage|p2a: Shogun|64/100
|
|-heal|p2a: Shogun|70/100|[from] item: Leftovers
|upkeep
|turn|21
|inactive|Andher has 120 seconds left.
|inactive|Andher has 90 seconds left.
|
|t:|1760853141
|switch|p1a: Zapdos|Zapdos|40/100 brn
|move|p2a: Shogun|Kowtow Cleave|p1a: Zapdos
|-damage|p1a: Zapdos|10/100 brn
|-status|p2a: Shogun|par|[from] ability: Static|[of] p1a: Zapdos
|
|-heal|p2a: Shogun|76/100 par|[from] item: Leftovers
|-damage|p1a: Zapdos|4/100 brn|[from] brn
|upkeep
|turn|22
|
|t:|1760853150
|move|p1a: Zapdos|Roost|p1a: Zapdos
|-heal|p1a: Zapdos|54/100 brn
|-singleturn|p1a: Zapdos|move: Roost
|move|p2a: Shogun|Swords Dance|p2a: Shogun
|-boost|p2a: Shogun|atk|2
|
|-heal|p2a: Shogun|82/100 par|[from] item: Leftovers
|-damage|p1a: Zapdos|48/100 brn|[from] brn
|upkeep
|turn|23
|inactive|Andher has 90 seconds left.
|
|t:|1760853162
|move|p1a: Zapdos|Roost|p1a: Zapdos
|-heal|p1a: Zapdos|98/100 brn
|-singleturn|p1a: Zapdos|move: Roost
|move|p2a: Shogun|Kowtow Cleave|p1a: Zapdos
|-damage|p1a: Zapdos|32/100 brn
|
|-heal|p2a: Shogun|88/100 par|[from] item: Leftovers
|-damage|p1a: Zapdos|26/100 brn|[from] brn
|upkeep
|turn|24
|inactive|Andher has 90 seconds left.
|
|t:|1760853173
|move|p1a: Zapdos|Volt Switch|p2a: Shogun
|-damage|p2a: Shogun|67/100 par
|
|t:|1760853175
|switch|p1a: Clefable|Clefable, F|100/100|[from] Volt Switch
|move|p2a: Shogun|Kowtow Cleave|p1a: Clefable
|-resisted|p1a: Clefable
|-damage|p1a: Clefable|86/100
|
|-heal|p2a: Shogun|73/100 par|[from] item: Leftovers
|upkeep
|turn|25
|
|t:|1760853183
|-terastallize|p1a: Clefable|Poison
|move|p1a: Clefable|Moonblast|p2a: Shogun
|-damage|p2a: Shogun|49/100 par
|move|p2a: Shogun|Iron Head|p1a: Clefable
|-damage|p1a: Clefable|57/100
|
|-heal|p2a: Shogun|55/100 par|[from] item: Leftovers
|upkeep
|turn|26
|
|t:|1760853191
|-end|p2a: Shogun|fallenundefined|[silent]
|switch|p2a: Por|Gengar, F, shiny|100/100
|move|p1a: Clefable|Knock Off|p2a: Por
|-supereffective|p2a: Por
|-damage|p2a: Por|43/100
|-enditem|p2a: Por|Choice Scarf|[from] move: Knock Off|[of] p1a: Clefable
|
|upkeep
|turn|27
|
|t:|1760853201
|switch|p1a: Slowking|Slowking-Galar, M|99/100
|move|p2a: Por|Shadow Ball|p1a: Slowking
|-supereffective|p1a: Slowking
|-damage|p1a: Slowking|61/100
|-unboost|p1a: Slowking|spd|1
|
|upkeep
|turn|28
|
|t:|1760853208
|move|p2a: Por|Shadow Ball|p1a: Slowking
|-supereffective|p1a: Slowking
|-damage|p1a: Slowking|5/100
|move|p1a: Slowking|Psyshock|p2a: Por
|-supereffective|p2a: Por
|-crit|p2a: Por
|-damage|p2a: Por|0 fnt
|-start|p1a: Slowking|Disable|Psyshock|[from] ability: Cursed Body|[of] p2a: Por
|faint|p2a: Por
|
|upkeep
|
|t:|1760853220
|switch|p2a: Ombra|Dragapult, F, tera:Ground|32/100
|turn|29
|
|t:|1760853230
|move|p2a: Ombra|Shadow Ball|p1a: Slowking
|-supereffective|p1a: Slowking
|-damage|p1a: Slowking|0 fnt
|faint|p1a: Slowking
|
|upkeep
|
|t:|1760853247
|switch|p1a: Cinderace|Cinderace, M|75/100
|turn|30
|inactive|Andher has 120 seconds left.
|inactive|Andher has 90 seconds left.
|
|t:|1760853289
|switch|p2a: Mort|Skeledirge, F|39/100
|move|p1a: Cinderace|Sucker Punch||[still]
|-fail|p1a: Cinderace
|
|upkeep
|turn|31
|
|t:|1760853294
|move|p1a: Cinderace|U-turn|p2a: Mort
|-start|p1a: Cinderace|typechange|Bug|[from] ability: Libero
|-resisted|p2a: Mort
|-damage|p2a: Mort|32/100
|
|t:|1760853300
|switch|p1a: Latios|Latios, M|86/100|[from] U-turn
|move|p2a: Mort|Slack Off|p2a: Mort
|-heal|p2a: Mort|82/100
|
|upkeep
|turn|32
|
|t:|1760853312
|move|p1a: Latios|Flip Turn|p2a: Mort
|-supereffective|p2a: Mort
|-damage|p2a: Mort|65/100
|
|t:|1760853316
|switch|p1a: Cinderace|Cinderace, M|75/100|[from] Flip Turn
|move|p2a: Mort|Torch Song|p1a: Cinderace
|-resisted|p1a: Cinderace
|-damage|p1a: Cinderace|54/100
|-boost|p2a: Mort|spa|1
|
|upkeep
|turn|33
|
|t:|1760853323
|move|p1a: Cinderace|U-turn|p2a: Mort
|-start|p1a: Cinderace|typechange|Bug|[from] ability: Libero
|-resisted|p2a: Mort
|-damage|p2a: Mort|58/100
|
|t:|1760853328
|switch|p1a: Latios|Latios, M|86/100|[from] U-turn
|move|p2a: Mort|Slack Off|p2a: Mort
|-heal|p2a: Mort|100/100
|
|upkeep
|turn|34
|inactive|Andher has 120 seconds left.
|
|t:|1760853334
|move|p1a: Latios|Luster Purge|p2a: Mort
|-damage|p2a: Mort|60/100
|move|p2a: Mort|Shadow Ball|p1a: Latios
|-supereffective|p1a: Latios
|-damage|p1a: Latios|0 fnt
|faint|p1a: Latios
|
|upkeep
|
|t:|1760853338
|switch|p1a: Weavile|Weavile, M|51/100
|-ability|p1a: Weavile|Pressure
|turn|35
|
|t:|1760853344
|switch|p2a: Cavaller|Corviknight, F|100/100
|-ability|p2a: Cavaller|Pressure
|move|p1a: Weavile|Knock Off|p2a: Cavaller
|-damage|p2a: Cavaller|80/100
|
|upkeep
|turn|36
|
|t:|1760853355
|move|p1a: Weavile|Swords Dance|p1a: Weavile
|-boost|p1a: Weavile|atk|2
|move|p2a: Cavaller|Brave Bird|p1a: Weavile
|-damage|p1a: Weavile|0 fnt
|faint|p1a: Weavile
|-damage|p2a: Cavaller|67/100|[from] Recoil
|
|upkeep
|-message|sminey forfeited.
|
|win|Andher
|raw|sminey's rating: 1530 &rarr; <strong>1507</strong><br />(-23 for losing)
|raw|Andher's rating: 1477 &rarr; <strong>1500</strong><br />(+23 for winning)
|l|☆sminey
|player|p1|
|l|☆Andher
|player|p2|
