|j|☆nevidebla
|j|☆peiomo
|t:|1760773757
|gametype|singles
|player|p1|nevidebla|psychicf-gen4|1238
|player|p2|peiomo|zinnia|1182
|gen|9
|tier|[Gen 9] OU
|rated|
|rule|HP Percentage Mod: HP is shown in percentages
|rule|Endless Battle Clause: Forcing endless battles is banned
|rule|Species Clause: Limit one of each Pokémon
|rule|OHKO Clause: OHKO moves are banned
|rule|Evasion Items Clause: Evasion items are banned
|rule|Evasion Moves Clause: Evasion moves are banned
|rule|Evasion Abilities Clause: Evasion abilities are banned
|rule|Sleep Moves Clause: Sleep-inducing moves are banned
|clearpoke
|poke|p1|Ogerpon-Wellspring, F|
|poke|p1|Zamazenta-*|
|poke|p1|Hydreigon, M|
|poke|p1|Heatran, F|
|poke|p1|Slowking-Galar, M|
|poke|p1|Weezing-Galar, M|
|poke|p2|Pecharunt|
|poke|p2|Murkrow, M|
|poke|p2|Alomomola, F|
|poke|p2|Kyurem|
|poke|p2|Moltres|
|poke|p2|Iron Treads|
|teampreview
|inactive|Battle timer is ON: inactive players will automatically lose when time's up. (requested by peiomo)
|
|t:|1760773800
|teamsize|p1|6
|teamsize|p2|6
|start
|switch|p1a: Hydreigon|Hydreigon, M|100/100
|switch|p2a: Murkrow|Murkrow, M|100/100
|turn|1
|
|t:|1760773820
|move|p2a: Murkrow|Tailwind|p2a: Murkrow
|-sidestart|p2: peiomo|move: Tailwind
|move|p1a: Hydreigon|Draco Meteor|p2a: Murkrow
|-damage|p2a: Murkrow|47/100
|-unboost|p1a: Hydreigon|spa|2
|
|upkeep
|turn|2
|
|t:|1760773840
|move|p1a: Hydreigon|Draco Meteor|p2a: Murkrow
|-damage|p2a: Murkrow|21/100
|-unboost|p1a: Hydreigon|spa|2
|move|p2a: Murkrow|U-turn|p1a: Hydreigon
|-supereffective|p1a: Hydreigon
|-damage|p1a: Hydreigon|70/100
|inactive|peiomo has 120 seconds left.
|
|t:|1760773871
|switch|p2a: Kyurem|Kyurem, shiny|100/100|[from] U-turn
|-ability|p2a: Kyurem|Pressure
|
|upkeep
|turn|3
|inactive|peiomo has 120 seconds left.
|
|t:|1760773888
|switch|p1a: Zamazenta|Zamazenta|100/100
|-ability|p1a: Zamazenta|Dauntless Shield|boost
|-boost|p1a: Zamazenta|def|1
|move|p2a: Kyurem|Freeze-Dry|p1a: Zamazenta
|-damage|p1a: Zamazenta|70/100
|
|-heal|p1a: Zamazenta|76/100|[from] item: Leftovers
|upkeep
|turn|4
|
|t:|1760773894
|move|p2a: Kyurem|Dragon Pulse|p1a: Zamazenta
|-damage|p1a: Zamazenta|36/100
|move|p1a: Zamazenta|Body Press|p2a: Kyurem
|-supereffective|p2a: Kyurem
|-damage|p2a: Kyurem|0 fnt
|faint|p2a: Kyurem
|
|-heal|p1a: Zamazenta|42/100|[from] item: Leftovers
|-sideend|p2: peiomo|move: Tailwind
|upkeep
|
|t:|1760773902
|switch|p2a: Murkrow|Murkrow, M|21/100
|turn|5
|
|t:|1760773909
|move|p2a: Murkrow|Thunder Wave|p1a: Zamazenta
|-status|p1a: Zamazenta|par
|move|p1a: Zamazenta|Body Press|p2a: Murkrow
|-damage|p2a: Murkrow|0 fnt
|faint|p2a: Murkrow
|
|-heal|p1a: Zamazenta|48/100 par|[from] item: Leftovers
|upkeep
|
|t:|1760773916
|switch|p2a: Moltres|Moltres|100/100
|turn|6
|
|t:|1760773921
|switch|p1a: Heatran|Heatran, F|100/100
|move|p2a: Moltres|Air Slash|p1a: Heatran
|-resisted|p1a: Heatran
|-damage|p1a: Heatran|88/100
|-damage|p2a: Moltres|91/100|[from] item: Life Orb
|
|-heal|p1a: Heatran|94/100|[from] item: Leftovers
|upkeep
|turn|7
|inactive|nevidebla has 120 seconds left.
|inactive|peiomo has 120 seconds left.
|inactive|peiomo has 90 seconds left.
|
|t:|1760773997
|switch|p2a: Alomomola|Alomomola, F, shiny|100/100
|switch|p1a: Hydreigon|Hydreigon, M|70/100
|
|upkeep
|turn|8
|inactive|nevidebla has 120 seconds left.
|
|t:|1760774007
|move|p1a: Hydreigon|Dark Pulse|p2a: Alomomola
|-crit|p2a: Alomomola
|-damage|p2a: Alomomola|25/100
|move|p2a: Alomomola|Wish|p2a: Alomomola
|
|upkeep
|turn|9
|
|t:|1760774013
|move|p2a: Alomomola|Protect|p2a: Alomomola
|-singleturn|p2a: Alomomola|Protect
|move|p1a: Hydreigon|Dark Pulse|p2a: Alomomola
|-activate|p2a: Alomomola|move: Protect
|
|-heal|p2a: Alomomola|75/100|[from] move: Wish|[wisher] Alomomola
|upkeep
|turn|10
|inactive|peiomo has 90 seconds left.
|inactive|peiomo has 60 seconds left.
|
|t:|1760774050
|switch|p1a: Ogerpon|Ogerpon-Wellspring, F|100/100
|move|p2a: Alomomola|Scald|p1a: Ogerpon
|-immune|p1a: Ogerpon|[from] ability: Water Absorb
|
|upkeep
|turn|11
|
|t:|1760774067
|switch|p2a: Iron Treads|Iron Treads, shiny|100/100
|move|p1a: Ogerpon|Swords Dance|p1a: Ogerpon
|-boost|p1a: Ogerpon|atk|2
|
|upkeep
|turn|12
|
|t:|1760774079
|move|p1a: Ogerpon|Ivy Cudgel|p2a: Iron Treads|[anim] Ivy Cudgel Water
|-supereffective|p2a: Iron Treads
|-damage|p2a: Iron Treads|0 fnt
|faint|p2a: Iron Treads
|-end|p2a: Iron Treads|Quark Drive|[silent]
|
|upkeep
|
|t:|1760774085
|switch|p2a: Pecharunt|Pecharunt|100/100
|turn|13
|
|t:|1760774093
|move|p1a: Ogerpon|Knock Off|p2a: Pecharunt
|-supereffective|p2a: Pecharunt
|-damage|p2a: Pecharunt|7/100
|-enditem|p2a: Pecharunt|Leftovers|[from] move: Knock Off|[of] p1a: Ogerpon
|move|p2a: Pecharunt|Malignant Chain|p1a: Ogerpon
|-supereffective|p1a: Ogerpon
|-damage|p1a: Ogerpon|6/100
|-status|p1a: Ogerpon|tox
|-start|p1a: Ogerpon|confusion|[from] ability: Poison Puppeteer|[of] p2a: Pecharunt
|
|-damage|p1a: Ogerpon|0 fnt|[from] psn
|faint|p1a: Ogerpon
|upkeep
|
|t:|1760774103
|switch|p1a: Hydreigon|Hydreigon, M|70/100
|turn|14
|
|t:|1760774116
|switch|p2a: Moltres|Moltres|91/100
|move|p1a: Hydreigon|Dark Pulse|p2a: Moltres
|-damage|p2a: Moltres|61/100
|
|upkeep
|turn|15
|
|t:|1760774123
|move|p1a: Hydreigon|Dark Pulse|p2a: Moltres
|-damage|p2a: Moltres|31/100
|move|p2a: Moltres|Heat Wave|p1a: Hydreigon
|-resisted|p1a: Hydreigon
|-damage|p1a: Hydreigon|40/100
|-damage|p2a: Moltres|21/100|[from] item: Life Orb
|
|upkeep
|turn|16
|inactive|peiomo has 90 seconds left.
|
|t:|1760774129
|switch|p2a: Alomomola|Alomomola, F, shiny|100/100
|move|p1a: Hydreigon|Dark Pulse|p2a: Alomomola
|-damage|p2a: Alomomola|51/100
|
|upkeep
|turn|17
|inactive|peiomo has 90 seconds left.
|
|t:|1760774140
|move|p1a: Hydreigon|Dark Pulse|p2a: Alomomola
|-damage|p2a: Alomomola|3/100
|move|p2a: Alomomola|Scald|p1a: Hydreigon
|-resisted|p1a: Hydreigon
|-damage|p1a: Hydreigon|32/100
|
|upkeep
|turn|18
|
|t:|1760774149
|move|p1a: Hydreigon|Dark Pulse|p2a: Alomomola
|-damage|p2a: Alomomola|0 fnt
|faint|p2a: Alomomola
|
|upkeep
|
|t:|1760774157
|switch|p2a: Moltres|Moltres|21/100
|turn|19
|
|t:|1760774166
|move|p1a: Hydreigon|Dark Pulse|p2a: Moltres
|-damage|p2a: Moltres|0 fnt
|faint|p2a: Moltres
|
|upkeep
|
|t:|1760774172
|switch|p2a: Pecharunt|Pecharunt|7/100
|turn|20
|inactive|nevidebla has 120 seconds left.
|inactive|nevidebla has 90 seconds left.
|inactive|nevidebla has 60 seconds left.
|inactive|nevidebla has 30 seconds left.
|inactive|nevidebla has 20 seconds left.
|inactive|nevidebla has 15 seconds left.
|inactive|nevidebla has 10 seconds left.
|inactive|nevidebla has 5 seconds left.
|-message|nevidebla lost due to inactivity.
|
|win|peiomo
|raw|nevidebla's rating: 1238 &rarr; <strong>1209</strong><br />(-29 for losing)
|raw|peiomo's rating: 1182 &rarr; <strong>1211</strong><br />(+29 for winning)
