|j|☆Kroodos
|j|☆Scaaltt
|t:|1760796130
|gametype|singles
|player|p1|Kroodos|170|1356
|player|p2|Scaaltt|102|1343
|gen|9
|tier|[Gen 9] OU
|rated|
|rule|HP Percentage Mod: HP is shown in percentages
|rule|Endless Battle Clause: Forcing endless battles is banned
|rule|Species Clause: Limit one of each Pokémon
|rule|OHKO Clause: OHKO moves are banned
|rule|Evasion Items Clause: Evasion items are banned
|rule|Evasion Moves Clause: Evasion moves are banned
|rule|Evasion Abilities Clause: Evasion abilities are banned
|rule|Sleep Moves Clause: Sleep-inducing moves are banned
|clearpoke
|poke|p1|Kingambit, F|
|poke|p1|Iron Moth|
|poke|p1|Samurott-Hisui, F|
|poke|p1|Zapdos|
|poke|p1|Kyurem|
|poke|p1|Golurk|
|poke|p2|Iron Moth|
|poke|p2|Garchomp, M|
|poke|p2|Walking Wake|
|poke|p2|Dondozo, M|
|poke|p2|Chansey, F|
|poke|p2|Forretress, F|
|teampreview
|inactive|Battle timer is ON: inactive players will automatically lose when time's up. (requested by Kroodos)
|
|t:|1760796138
|teamsize|p1|6
|teamsize|p2|6
|start
|switch|p1a: Samurott|Samurott-Hisui, F|100/100
|switch|p2a: Forretress|Forretress, F, shiny|100/100
|turn|1
|
|t:|1760796146
|move|p1a: Samurott|Knock Off|p2a: Forretress
|-damage|p2a: Forretress|76/100
|-damage|p1a: Samurott|84/100|[from] item: Rocky Helmet|[of] p2a: Forretress
|-enditem|p2a: Forretress|Rocky Helmet|[from] move: Knock Off|[of] p1a: Samurott
|move|p2a: Forretress|Toxic Spikes|p1a: Samurott
|-sidestart|p1: Kroodos|move: Toxic Spikes
|
|upkeep
|turn|2
|
|t:|1760796154
|move|p1a: Samurott|Ceaseless Edge|p2a: Forretress
|-damage|p2a: Forretress|51/100
|-sidestart|p2: Scaaltt|Spikes
|move|p2a: Forretress|Iron Defense|p2a: Forretress
|-boost|p2a: Forretress|def|2
|
|upkeep
|turn|3
|
|t:|1760796162
|switch|p1a: Golurk|Golurk|100/100
|-status|p1a: Golurk|psn
|move|p2a: Forretress|Toxic Spikes|p1a: Golurk
|-sidestart|p1: Kroodos|move: Toxic Spikes
|
|-damage|p1a: Golurk|88/100 psn|[from] psn
|upkeep
|turn|4
|
|t:|1760796182
|switch|p2a: Dondozo|Dondozo, M, shiny|100/100
|-damage|p2a: Dondozo|88/100|[from] Spikes
|move|p1a: Golurk|Earthquake|p2a: Dondozo
|-damage|p2a: Dondozo|50/100
|
|-heal|p2a: Dondozo|56/100|[from] item: Leftovers
|-damage|p1a: Golurk|76/100 psn|[from] psn
|upkeep
|turn|5
|
|t:|1760796193
|switch|p1a: Zapdos|Zapdos|100/100
|move|p2a: Dondozo|Waterfall|p1a: Zapdos
|-damage|p1a: Zapdos|82/100
|
|-heal|p2a: Dondozo|63/100|[from] item: Leftovers
|upkeep
|turn|6
|
|t:|1760796209
|switch|p1a: Samurott|Samurott-Hisui, F|84/100
|-status|p1a: Samurott|tox
|switch|p2a: Chansey|Chansey, F, shiny|100/100
|-damage|p2a: Chansey|88/100|[from] Spikes
|
|-damage|p1a: Samurott|78/100 tox|[from] psn
|upkeep
|turn|7
|
|t:|1760796221
|switch|p2a: Dondozo|Dondozo, M, shiny|63/100
|-damage|p2a: Dondozo|50/100|[from] Spikes
|move|p1a: Samurott|Ceaseless Edge|p2a: Dondozo
|-damage|p2a: Dondozo|30/100
|-sidestart|p2: Scaaltt|Spikes
|
|-heal|p2a: Dondozo|36/100|[from] item: Leftovers
|-damage|p1a: Samurott|65/100 tox|[from] psn
|upkeep
|turn|8
|
|t:|1760796230
|move|p1a: Samurott|Knock Off|p2a: Dondozo
|-damage|p2a: Dondozo|17/100
|-enditem|p2a: Dondozo|Leftovers|[from] move: Knock Off|[of] p1a: Samurott
|move|p2a: Dondozo|Rest|p2a: Dondozo
|-status|p2a: Dondozo|slp|[from] move: Rest
|-heal|p2a: Dondozo|100/100 slp|[silent]
|
|-damage|p1a: Samurott|47/100 tox|[from] psn
|upkeep
|turn|9
|
|t:|1760796255
|move|p1a: Samurott|Ceaseless Edge|p2a: Dondozo
|-damage|p2a: Dondozo|79/100 slp
|-sidestart|p2: Scaaltt|Spikes
|cant|p2a: Dondozo|slp
|
|-damage|p1a: Samurott|22/100 tox|[from] psn
|upkeep
|turn|10
|
|t:|1760796272
|switch|p1a: Zapdos|Zapdos|82/100
|cant|p2a: Dondozo|slp
|
|upkeep
|turn|11
|
|t:|1760796278
|switch|p2a: Chansey|Chansey, F, shiny|88/100
|-damage|p2a: Chansey|63/100|[from] Spikes
|move|p1a: Zapdos|Volt Switch|p2a: Chansey
|-damage|p2a: Chansey|56/100
|
|t:|1760796283
|switch|p1a: Samurott|Samurott-Hisui, F|22/100 tox|[from] Volt Switch
|
|-damage|p1a: Samurott|15/100 tox|[from] psn
|upkeep
|turn|12
|
|t:|1760796295
|switch|p2a: Forretress|Forretress, F, shiny|51/100
|-damage|p2a: Forretress|26/100|[from] Spikes
|move|p1a: Samurott|Knock Off|p2a: Forretress
|-damage|p2a: Forretress|9/100
|
|-damage|p1a: Samurott|3/100 tox|[from] psn
|upkeep
|turn|13
|
|t:|1760796304
|move|p1a: Samurott|Ceaseless Edge|p2a: Forretress|[miss]
|-miss|p1a: Samurott|p2a: Forretress
|move|p2a: Forretress|Rapid Spin|p1a: Samurott
|-damage|p1a: Samurott|0 fnt
|-boost|p2a: Forretress|spe|1
|-sideend|p2: Scaaltt|Spikes|[from] move: Rapid Spin|[of] p2a: Forretress
|faint|p1a: Samurott
|
|upkeep
|
|t:|1760796314
|switch|p1a: Iron Moth|Iron Moth|100/100
|-sideend|p1: Kroodos|move: Toxic Spikes|[of] p1a: Iron Moth
|-enditem|p1a: Iron Moth|Booster Energy
|-activate|p1a: Iron Moth|ability: Quark Drive|[fromitem]
|-start|p1a: Iron Moth|quarkdrivespe
|turn|14
|
|t:|1760796322
|switch|p2a: Chansey|Chansey, F, shiny|56/100
|move|p1a: Iron Moth|Fiery Dance|p2a: Chansey
|-crit|p2a: Chansey
|-damage|p2a: Chansey|42/100
|-boost|p1a: Iron Moth|spa|1
|
|upkeep
|turn|15
|
|t:|1760796330
|move|p1a: Iron Moth|Substitute|p1a: Iron Moth
|-start|p1a: Iron Moth|Substitute
|-damage|p1a: Iron Moth|76/100
|move|p2a: Chansey|Thunder Wave||[still]
|-fail|p2a: Chansey
|
|upkeep
|turn|16
|
|t:|1760796338
|move|p1a: Iron Moth|Sludge Wave|p2a: Chansey
|-damage|p2a: Chansey|27/100
|move|p2a: Chansey|Soft-Boiled|p2a: Chansey
|-heal|p2a: Chansey|77/100
|
|upkeep
|turn|17
|
|t:|1760796345
|move|p1a: Iron Moth|Fiery Dance|p2a: Chansey
|-damage|p2a: Chansey|64/100
|-boost|p1a: Iron Moth|spa|1
|move|p2a: Chansey|Seismic Toss|p1a: Iron Moth
|-end|p1a: Iron Moth|Substitute
|
|upkeep
|turn|18
|
|t:|1760796355
|move|p1a: Iron Moth|Substitute|p1a: Iron Moth
|-start|p1a: Iron Moth|Substitute
|-damage|p1a: Iron Moth|51/100
|move|p2a: Chansey|Seismic Toss|p1a: Iron Moth
|-end|p1a: Iron Moth|Substitute
|
|upkeep
|turn|19
|
|t:|1760796367
|move|p1a: Iron Moth|Fiery Dance|p2a: Chansey
|-damage|p2a: Chansey|46/100
|-boost|p1a: Iron Moth|spa|1
|move|p2a: Chansey|Seismic Toss|p1a: Iron Moth
|-damage|p1a: Iron Moth|17/100
|
|upkeep
|turn|20
|
|t:|1760796378
|move|p1a: Iron Moth|Sludge Wave|p2a: Chansey
|-damage|p2a: Chansey|20/100
|move|p2a: Chansey|Soft-Boiled|p2a: Chansey
|-heal|p2a: Chansey|70/100
|
|upkeep
|turn|21
|
|t:|1760796384
|move|p1a: Iron Moth|Sludge Wave|p2a: Chansey
|-damage|p2a: Chansey|44/100
|move|p2a: Chansey|Soft-Boiled|p2a: Chansey
|-heal|p2a: Chansey|94/100
|
|upkeep
|turn|22
|
|t:|1760796390
|move|p1a: Iron Moth|Sludge Wave|p2a: Chansey
|-damage|p2a: Chansey|65/100
|move|p2a: Chansey|Seismic Toss|p1a: Iron Moth
|-damage|p1a: Iron Moth|0 fnt
|faint|p1a: Iron Moth
|-end|p1a: Iron Moth|Quark Drive|[silent]
|
|upkeep
|
|t:|1760796395
|switch|p1a: Golurk|Golurk|76/100 psn
|turn|23
|
|t:|1760796399
|switch|p2a: Dondozo|Dondozo, M, shiny|79/100 slp
|move|p1a: Golurk|Dynamic Punch|p2a: Dondozo
|-damage|p2a: Dondozo|54/100 slp
|-start|p2a: Dondozo|confusion
|
|-damage|p1a: Golurk|64/100 psn|[from] psn
|upkeep
|turn|24
|
|t:|1760796410
|move|p1a: Golurk|Dynamic Punch|p2a: Dondozo
|-damage|p2a: Dondozo|28/100 slp
|-curestatus|p2a: Dondozo|slp|[msg]
|-activate|p2a: Dondozo|confusion
|move|p2a: Dondozo|Rest|p2a: Dondozo
|-status|p2a: Dondozo|slp|[from] move: Rest
|-heal|p2a: Dondozo|100/100 slp|[silent]
|
|-damage|p1a: Golurk|51/100 psn|[from] psn
|upkeep
|turn|25
|
|t:|1760796421
|move|p1a: Golurk|Dynamic Punch|p2a: Dondozo
|-damage|p2a: Dondozo|76/100 slp
|cant|p2a: Dondozo|slp
|
|-damage|p1a: Golurk|39/100 psn|[from] psn
|upkeep
|turn|26
|
|t:|1760796427
|switch|p1a: Zapdos|Zapdos|82/100
|cant|p2a: Dondozo|slp
|
|upkeep
|turn|27
|
|t:|1760796432
|switch|p2a: Chansey|Chansey, F, shiny|65/100
|move|p1a: Zapdos|Hurricane|p2a: Chansey
|-damage|p2a: Chansey|54/100
|
|upkeep
|turn|28
|
|t:|1760796439
|move|p1a: Zapdos|Thunder Wave|p2a: Chansey
|-status|p2a: Chansey|par
|move|p2a: Chansey|Stealth Rock|p1a: Zapdos
|-sidestart|p1: Kroodos|move: Stealth Rock
|
|upkeep
|turn|29
|
|t:|1760796447
|move|p1a: Zapdos|Hurricane|p2a: Chansey|[miss]
|-miss|p1a: Zapdos|p2a: Chansey
|move|p2a: Chansey|Soft-Boiled|p2a: Chansey
|-heal|p2a: Chansey|100/100 par
|
|upkeep
|turn|30
|
|t:|1760796453
|move|p1a: Zapdos|Hurricane|p2a: Chansey|[miss]
|-miss|p1a: Zapdos|p2a: Chansey
|move|p2a: Chansey|Seismic Toss|p1a: Zapdos
|-damage|p1a: Zapdos|56/100
|
|upkeep
|turn|31
|
|t:|1760796462
|move|p1a: Zapdos|Roost|p1a: Zapdos
|-heal|p1a: Zapdos|100/100
|-singleturn|p1a: Zapdos|move: Roost
|move|p2a: Chansey|Seismic Toss|p1a: Zapdos
|-damage|p1a: Zapdos|74/100
|
|upkeep
|turn|32
|
|t:|1760796469
|move|p1a: Zapdos|Hurricane|p2a: Chansey|[miss]
|-miss|p1a: Zapdos|p2a: Chansey
|move|p2a: Chansey|Seismic Toss|p1a: Zapdos
|-damage|p1a: Zapdos|48/100
|
|upkeep
|turn|33
|
|t:|1760796476
|-curestatus|p2a: Chansey|par|[from] ability: Natural Cure
|switch|p2a: Garchomp|Garchomp, M, shiny|100/100
|move|p1a: Zapdos|Roost|p1a: Zapdos
|-heal|p1a: Zapdos|98/100
|-singleturn|p1a: Zapdos|move: Roost
|
|upkeep
|turn|34
|
|t:|1760796484
|switch|p1a: Golurk|Golurk|39/100 psn
|-damage|p1a: Golurk|33/100 psn|[from] Stealth Rock
|move|p2a: Garchomp|Scale Shot|p1a: Golurk
|-damage|p1a: Golurk|19/100 psn
|-damage|p1a: Golurk|4/100 psn
|-damage|p1a: Golurk|0 fnt
|faint|p1a: Golurk
|-hitcount|p1: Golurk|3
|-unboost|p2a: Garchomp|def|1
|-boost|p2a: Garchomp|spe|1
|
|upkeep
|
|t:|1760796498
|switch|p1a: Kyurem|Kyurem|100/100
|-damage|p1a: Kyurem|76/100|[from] Stealth Rock
|-ability|p1a: Kyurem|Pressure
|turn|35
|
|t:|1760796511
|-terastallize|p2a: Garchomp|Steel
|-terastallize|p1a: Kyurem|Ground
|move|p2a: Garchomp|Iron Head|p1a: Kyurem
|-damage|p1a: Kyurem|36/100
|move|p1a: Kyurem|Scale Shot|p2a: Garchomp
|-resisted|p2a: Garchomp
|-damage|p2a: Garchomp|90/100
|-resisted|p2a: Garchomp
|-damage|p2a: Garchomp|80/100
|-resisted|p2a: Garchomp
|-crit|p2a: Garchomp
|-damage|p2a: Garchomp|65/100
|-resisted|p2a: Garchomp
|-damage|p2a: Garchomp|56/100
|-resisted|p2a: Garchomp
|-damage|p2a: Garchomp|47/100
|-hitcount|p2a: Garchomp|5
|-unboost|p1a: Kyurem|def|1
|-boost|p1a: Kyurem|spe|1
|
|upkeep
|turn|36
|
|t:|1760796528
|move|p2a: Garchomp|Iron Head|p1a: Kyurem
|-damage|p1a: Kyurem|0 fnt
|faint|p1a: Kyurem
|
|upkeep
|
|t:|1760796531
|switch|p1a: Zapdos|Zapdos|98/100
|turn|37
|
|t:|1760796540
|move|p2a: Garchomp|Scale Shot|p1a: Zapdos
|-damage|p1a: Zapdos|90/100
|-damage|p1a: Zapdos|80/100
|-damage|p1a: Zapdos|71/100
|-damage|p1a: Zapdos|61/100
|-damage|p1a: Zapdos|51/100
|-hitcount|p1a: Zapdos|5
|-unboost|p2a: Garchomp|def|1
|-boost|p2a: Garchomp|spe|1
|move|p1a: Zapdos|Thunder Wave|p2a: Garchomp
|-status|p2a: Garchomp|par
|
|upkeep
|turn|38
|
|t:|1760796553
|cant|p2a: Garchomp|par
|move|p1a: Zapdos|Roost|p1a: Zapdos
|-heal|p1a: Zapdos|100/100
|-singleturn|p1a: Zapdos|move: Roost
|
|upkeep
|turn|39
|
|t:|1760796561
|cant|p2a: Garchomp|par
|move|p1a: Zapdos|Hurricane|p2a: Garchomp
|-resisted|p2a: Garchomp
|-damage|p2a: Garchomp|21/100 par
|
|upkeep
|turn|40
|
|t:|1760796567
|cant|p2a: Garchomp|par
|move|p1a: Zapdos|Hurricane|p2a: Garchomp|[miss]
|-miss|p1a: Zapdos|p2a: Garchomp
|
|upkeep
|turn|41
|
|t:|1760796572
|move|p2a: Garchomp|Scale Shot|p1a: Zapdos
|-crit|p1a: Zapdos
|-damage|p1a: Zapdos|86/100
|-damage|p1a: Zapdos|77/100
|-damage|p1a: Zapdos|68/100
|-damage|p1a: Zapdos|58/100
|-damage|p1a: Zapdos|48/100
|-hitcount|p1a: Zapdos|5
|-unboost|p2a: Garchomp|def|1
|-boost|p2a: Garchomp|spe|1
|move|p1a: Zapdos|Hurricane|p2a: Garchomp
|-resisted|p2a: Garchomp
|-damage|p2a: Garchomp|0 fnt
|faint|p2a: Garchomp
|
|upkeep
|
|t:|1760796587
|switch|p2a: Iron Moth|Iron Moth, shiny|100/100
|-enditem|p2a: Iron Moth|Booster Energy
|-activate|p2a: Iron Moth|ability: Quark Drive|[fromitem]
|-start|p2a: Iron Moth|quarkdrivespa
|turn|42
|
|t:|1760796593
|move|p2a: Iron Moth|Sludge Wave|p1a: Zapdos
|-damage|p1a: Zapdos|0 fnt
|faint|p1a: Zapdos
|
|upkeep
|
|t:|1760796596
|switch|p1a: Kingambit|Kingambit, F|100/100
|-damage|p1a: Kingambit|94/100|[from] Stealth Rock
|-activate|p1a: Kingambit|ability: Supreme Overlord
|-start|p1a: Kingambit|fallen5|[silent]
|turn|43
|
|t:|1760796616
|-end|p2a: Iron Moth|Quark Drive|[silent]
|switch|p2a: Dondozo|Dondozo, M, shiny|76/100 slp
|move|p1a: Kingambit|Kowtow Cleave|p2a: Dondozo
|-damage|p2a: Dondozo|42/100 slp
|
|upkeep
|turn|44
|
|t:|1760796628
|move|p1a: Kingambit|Kowtow Cleave|p2a: Dondozo
|-damage|p2a: Dondozo|12/100 slp
|-curestatus|p2a: Dondozo|slp|[msg]
|move|p2a: Dondozo|Body Press|p1a: Kingambit
|-supereffective|p1a: Kingambit
|-damage|p1a: Kingambit|0 fnt
|faint|p1a: Kingambit
|-end|p1a: Kingambit|fallen5|[silent]
|
|win|Scaaltt
|raw|Kroodos's rating: 1356 &rarr; <strong>1335</strong><br />(-21 for losing)
|raw|Scaaltt's rating: 1343 &rarr; <strong>1364</strong><br />(+21 for winning)
|l|☆Kroodos
|player|p1|
|l|☆Scaaltt
|player|p2|
