|j|☆jadhe
|j|☆True_Oracle
|t:|1760878393
|gametype|singles
|player|p1|jadhe|102|1237
|player|p2|True_Oracle|iris|1274
|gen|9
|tier|[Gen 9] OU
|rated|
|rule|HP Percentage Mod: HP is shown in percentages
|rule|Endless Battle Clause: Forcing endless battles is banned
|rule|Species Clause: Limit one of each Pokémon
|rule|OHKO Clause: OHKO moves are banned
|rule|Evasion Items Clause: Evasion items are banned
|rule|Evasion Moves Clause: Evasion moves are banned
|rule|Evasion Abilities Clause: Evasion abilities are banned
|rule|Sleep Moves Clause: Sleep-inducing moves are banned
|clearpoke
|poke|p1|Gliscor, M|
|poke|p1|Tropius, F|
|poke|p1|Cinderace, F|
|poke|p1|Indeedee, M|
|poke|p1|Iron Treads|
|poke|p1|Heatran, F|
|poke|p2|Alomomola, F|
|poke|p2|Slowking-Galar, M|
|poke|p2|Lokix, F|
|poke|p2|Iron Valiant|
|poke|p2|Great Tusk|
|poke|p2|Gholdengo|
|teampreview
|
|t:|1760878402
|teamsize|p1|6
|teamsize|p2|6
|start
|switch|p1a: Cinderace|Cinderace, F|100/100
|switch|p2a: Lokix|Lokix, F, shiny|100/100
|turn|1
|
|t:|1760878405
|switch|p1a: Gliscor|Gliscor, M|100/100
|switch|p2a: Alomomola|Alomomola, F, shiny|100/100
|
|-status|p1a: Gliscor|tox|[from] item: Toxic Orb
|upkeep
|turn|2
|
|t:|1760878412
|move|p1a: Gliscor|Toxic|p2a: Alomomola
|-status|p2a: Alomomola|tox
|move|p2a: Alomomola|Flip Turn|p1a: Gliscor
|-supereffective|p1a: Gliscor
|-damage|p1a: Gliscor|80/100 tox
|
|t:|1760878422
|switch|p2a: Lokix|Lokix, F, shiny|100/100|[from] Flip Turn
|
|-heal|p1a: Gliscor|93/100 tox|[from] ability: Poison Heal
|upkeep
|turn|3
|
|t:|1760878428
|move|p1a: Gliscor|Protect|p1a: Gliscor
|-singleturn|p1a: Gliscor|Protect
|move|p2a: Lokix|U-turn|p1a: Gliscor
|-activate|p1a: Gliscor|move: Protect
|
|-heal|p1a: Gliscor|100/100 tox|[from] ability: Poison Heal
|upkeep
|turn|4
|
|t:|1760878433
|move|p2a: Lokix|U-turn|p1a: Gliscor
|-resisted|p1a: Gliscor
|-damage|p1a: Gliscor|66/100 tox
|
|t:|1760878436
|switch|p2a: Alomomola|Alomomola, F, shiny|100/100 tox|[from] U-turn
|move|p1a: Gliscor|Toxic|p2a: Alomomola
|-fail|p2a: Alomomola|tox
|
|-heal|p1a: Gliscor|78/100 tox|[from] ability: Poison Heal
|-damage|p2a: Alomomola|94/100 tox|[from] psn
|upkeep
|turn|5
|
|t:|1760878441
|move|p1a: Gliscor|Substitute|p1a: Gliscor
|-start|p1a: Gliscor|Substitute
|-damage|p1a: Gliscor|54/100 tox
|move|p2a: Alomomola|Flip Turn|p1a: Gliscor
|-supereffective|p1a: Gliscor
|-activate|p1a: Gliscor|move: Substitute|[damage]
|
|t:|1760878443
|switch|p2a: Lokix|Lokix, F, shiny|100/100|[from] Flip Turn
|
|-heal|p1a: Gliscor|66/100 tox|[from] ability: Poison Heal
|upkeep
|turn|6
|
|t:|1760878456
|move|p1a: Gliscor|Protect|p1a: Gliscor
|-singleturn|p1a: Gliscor|Protect
|move|p2a: Lokix|U-turn|p1a: Gliscor
|-activate|p1a: Gliscor|move: Protect
|
|-heal|p1a: Gliscor|78/100 tox|[from] ability: Poison Heal
|upkeep
|turn|7
|c|☆True_Oracle|oh so ur just lame
|
|t:|1760878475
|switch|p1a: Tropius|Tropius, F|100/100
|move|p2a: Lokix|U-turn|p1a: Tropius
|-damage|p1a: Tropius|47/100
|-enditem|p1a: Tropius|Sitrus Berry|[eat]
|-heal|p1a: Tropius|72/100|[from] item: Sitrus Berry
|
|t:|1760878484
|switch|p2a: Slowking|Slowking-Galar, M, shiny|100/100|[from] U-turn
|
|upkeep
|turn|8
|
|t:|1760878492
|switch|p1a: Gliscor|Gliscor, M|78/100 tox
|move|p2a: Slowking|Ice Beam|p1a: Gliscor
|-supereffective|p1a: Gliscor
|-damage|p1a: Gliscor|0 fnt
|faint|p1a: Gliscor
|
|upkeep
|
|t:|1760878507
|switch|p1a: Iron Treads|Iron Treads|100/100
|-enditem|p1a: Iron Treads|Booster Energy
|-activate|p1a: Iron Treads|ability: Quark Drive|[fromitem]
|-start|p1a: Iron Treads|quarkdrivespe
|turn|9
|
|t:|1760878513
|switch|p2a: Alomomola|Alomomola, F, shiny|100/100 tox
|move|p1a: Iron Treads|Earthquake|p2a: Alomomola
|-damage|p2a: Alomomola|82/100 tox
|
|-damage|p2a: Alomomola|76/100 tox|[from] psn
|upkeep
|turn|10
|
|t:|1760878521
|-end|p1a: Iron Treads|Quark Drive|[silent]
|switch|p1a: Tropius|Tropius, F|72/100
|move|p2a: Alomomola|Scald|p1a: Tropius
|-resisted|p1a: Tropius
|-damage|p1a: Tropius|65/100
|
|-damage|p2a: Alomomola|63/100 tox|[from] psn
|upkeep
|turn|11
|
|t:|1760878532
|switch|p2a: Slowking|Slowking-Galar, M, shiny|100/100
|move|p1a: Tropius|Substitute|p1a: Tropius
|-start|p1a: Tropius|Substitute
|-damage|p1a: Tropius|40/100
|
|upkeep
|turn|12
|
|t:|1760878536
|move|p1a: Tropius|Leech Seed|p2a: Slowking
|-start|p2a: Slowking|move: Leech Seed
|move|p2a: Slowking|Psychic Noise|p1a: Tropius
|-damage|p1a: Tropius|14/100
|-start|p1a: Tropius|move: Heal Block
|
|-damage|p2a: Slowking|88/100|[from] Leech Seed|[of] p1a: Tropius
|-item|p1a: Tropius|Sitrus Berry|[from] ability: Harvest
|upkeep
|turn|13
|
|t:|1760878547
|move|p1a: Tropius|Protect|p1a: Tropius
|-singleturn|p1a: Tropius|Protect
|move|p2a: Slowking|Psychic Noise|p1a: Tropius
|-activate|p1a: Tropius|move: Protect
|
|-damage|p2a: Slowking|76/100|[from] Leech Seed|[of] p1a: Tropius
|-end|p1a: Tropius|move: Heal Block
|upkeep
|-enditem|p1a: Tropius|Sitrus Berry|[eat]
|-heal|p1a: Tropius|39/100|[from] item: Sitrus Berry
|turn|14
|
|t:|1760878562
|move|p1a: Tropius|Giga Drain|p2a: Slowking
|-resisted|p2a: Slowking
|-damage|p2a: Slowking|68/100
|-heal|p1a: Tropius|43/100|[from] drain|[of] p2a: Slowking
|move|p2a: Slowking|Psychic Noise|p1a: Tropius
|-damage|p1a: Tropius|15/100
|-start|p1a: Tropius|move: Heal Block
|
|-damage|p2a: Slowking|55/100|[from] Leech Seed|[of] p1a: Tropius
|-item|p1a: Tropius|Sitrus Berry|[from] ability: Harvest
|upkeep
|turn|15
|
|t:|1760878574
|move|p1a: Tropius|Protect|p1a: Tropius
|-singleturn|p1a: Tropius|Protect
|-prepare|p2a: Slowking|Chilly Reception|[premajor]
|move|p2a: Slowking|Chilly Reception|p2a: Slowking
|-weather|Snowscape
|
|t:|1760878591
|switch|p2a: Gholdengo|Gholdengo|100/100|[from] Chilly Reception
|
|-weather|Snowscape|[upkeep]
|-end|p1a: Tropius|move: Heal Block
|upkeep
|-enditem|p1a: Tropius|Sitrus Berry|[eat]
|-heal|p1a: Tropius|40/100|[from] item: Sitrus Berry
|turn|16
|
|t:|1760878595
|switch|p1a: Iron Treads|Iron Treads|100/100
|move|p2a: Gholdengo|Trick|p1a: Iron Treads
|-activate|p2a: Gholdengo|move: Trick|[of] p1a: Iron Treads
|-item|p1a: Iron Treads|Choice Scarf|[from] move: Trick
|-enditem|p2a: Gholdengo|Choice Scarf|[silent]|[from] move: Trick
|
|-weather|Snowscape|[upkeep]
|upkeep
|turn|17
|
|t:|1760878612
|switch|p2a: Great Tusk|Great Tusk|100/100
|move|p1a: Iron Treads|Knock Off|p2a: Great Tusk
|-resisted|p2a: Great Tusk
|-crit|p2a: Great Tusk
|-damage|p2a: Great Tusk|89/100
|-enditem|p2a: Great Tusk|Heavy-Duty Boots|[from] move: Knock Off|[of] p1a: Iron Treads
|
|-weather|Snowscape|[upkeep]
|upkeep
|turn|18
|
|t:|1760878631
|-end|p1a: Iron Treads|Quark Drive|[silent]
|switch|p1a: Tropius|Tropius, F|40/100
|move|p2a: Great Tusk|Stealth Rock|p1a: Tropius
|-sidestart|p1: jadhe|move: Stealth Rock
|
|-weather|Snowscape|[upkeep]
|-item|p1a: Tropius|Sitrus Berry|[from] ability: Harvest
|upkeep
|-enditem|p1a: Tropius|Sitrus Berry|[eat]
|-heal|p1a: Tropius|64/100|[from] item: Sitrus Berry
|turn|19
|
|t:|1760878641
|-terastallize|p1a: Tropius|Water
|move|p2a: Great Tusk|Ice Spinner|p1a: Tropius
|-resisted|p1a: Tropius
|-damage|p1a: Tropius|53/100
|move|p1a: Tropius|Substitute|p1a: Tropius
|-start|p1a: Tropius|Substitute
|-damage|p1a: Tropius|28/100
|
|-weather|none
|upkeep
|turn|20
|
|t:|1760878659
|-end|p2a: Great Tusk|Protosynthesis|[silent]
|switch|p2a: Slowking|Slowking-Galar, M, shiny|88/100
|move|p1a: Tropius|Leech Seed|p2a: Slowking
|-start|p2a: Slowking|move: Leech Seed
|
|-damage|p2a: Slowking|76/100|[from] Leech Seed|[of] p1a: Tropius
|-heal|p1a: Tropius|40/100|[silent]
|upkeep
|turn|21
|
|t:|1760878666
|switch|p2a: Lokix|Lokix, F, shiny|100/100
|move|p1a: Tropius|Protect||[still]
|-fail|p1a: Tropius
|
|upkeep
|turn|22
|
|t:|1760878672
|move|p2a: Lokix|U-turn|p1a: Tropius
|-end|p1a: Tropius|Substitute
|
|t:|1760878676
|switch|p2a: Slowking|Slowking-Galar, M, shiny|100/100|[from] U-turn
|move|p1a: Tropius|Leech Seed|p2a: Slowking
|-start|p2a: Slowking|move: Leech Seed
|
|-damage|p2a: Slowking|88/100|[from] Leech Seed|[of] p1a: Tropius
|-heal|p1a: Tropius|52/100|[silent]
|-item|p1a: Tropius|Sitrus Berry|[from] ability: Harvest
|upkeep
|turn|23
|
|t:|1760878687
|move|p1a: Tropius|Protect|p1a: Tropius
|-singleturn|p1a: Tropius|Protect
|move|p2a: Slowking|Psychic Noise|p1a: Tropius
|-activate|p1a: Tropius|move: Protect
|
|-damage|p2a: Slowking|76/100|[from] Leech Seed|[of] p1a: Tropius
|-heal|p1a: Tropius|64/100|[silent]
|upkeep
|turn|24
|
|t:|1760878696
|switch|p1a: Indeedee|Indeedee, M|100/100
|-damage|p1a: Indeedee|88/100|[from] Stealth Rock
|-fieldstart|move: Psychic Terrain|[from] ability: Psychic Surge|[of] p1a: Indeedee
|move|p2a: Slowking|Psychic Noise|p1a: Indeedee
|-resisted|p1a: Indeedee
|-damage|p1a: Indeedee|61/100
|-start|p1a: Indeedee|move: Heal Block
|
|-damage|p2a: Slowking|63/100|[from] Leech Seed|[of] p1a: Indeedee
|upkeep
|turn|25
|
|t:|1760878716
|switch|p2a: Lokix|Lokix, F, shiny|100/100
|move|p1a: Indeedee|Trick|p2a: Lokix
|-activate|p1a: Indeedee|move: Trick|[of] p2a: Lokix
|-item|p2a: Lokix|Choice Scarf|[from] move: Trick
|-item|p1a: Indeedee|Choice Band|[from] move: Trick
|
|-end|p1a: Indeedee|move: Heal Block
|upkeep
|turn|26
|
|t:|1760878730
|switch|p1a: Iron Treads|Iron Treads|100/100
|-damage|p1a: Iron Treads|97/100|[from] Stealth Rock
|move|p2a: Lokix|U-turn|p1a: Iron Treads
|-resisted|p1a: Iron Treads
|-damage|p1a: Iron Treads|71/100
|c|☆True_Oracle|thanks
|
|t:|1760878748
|switch|p2a: Alomomola|Alomomola, F, shiny|97/100 tox|[from] U-turn
|
|-damage|p2a: Alomomola|91/100 tox|[from] psn
|upkeep
|turn|27
|
|t:|1760878754
|move|p1a: Iron Treads|Rapid Spin|p2a: Alomomola
|-damage|p2a: Alomomola|84/100 tox
|-boost|p1a: Iron Treads|spe|1
|-damage|p1a: Iron Treads|55/100|[from] item: Rocky Helmet|[of] p2a: Alomomola
|-sideend|p1: jadhe|Stealth Rock|[from] move: Rapid Spin|[of] p1a: Iron Treads
|move|p2a: Alomomola|Scald|p1a: Iron Treads
|-supereffective|p1a: Iron Treads
|-damage|p1a: Iron Treads|22/100
|
|-damage|p2a: Alomomola|71/100 tox|[from] psn
|upkeep
|turn|28
|
|t:|1760878762
|-end|p1a: Iron Treads|Quark Drive|[silent]
|switch|p1a: Tropius|Tropius, F, tera:Water|64/100
|move|p2a: Alomomola|Flip Turn|p1a: Tropius
|-resisted|p1a: Tropius
|-damage|p1a: Tropius|56/100
|
|t:|1760878766
|switch|p2a: Lokix|Lokix, F, shiny|100/100|[from] Flip Turn
|
|-fieldend|move: Psychic Terrain
|upkeep
|turn|29
|
|t:|1760878773
|move|p2a: Lokix|Leech Life|p1a: Tropius
|-crit|p1a: Tropius
|-damage|p1a: Tropius|0 fnt
|faint|p1a: Tropius
|
|upkeep
|
|t:|1760878780
|switch|p1a: Cinderace|Cinderace, F|100/100
|turn|30
|c|☆True_Oracle|lmao
|
|t:|1760878786
|switch|p2a: Alomomola|Alomomola, F, shiny|100/100 tox
|move|p1a: Cinderace|Gunk Shot|p2a: Alomomola|[miss]
|-start|p1a: Cinderace|typechange|Poison|[from] ability: Libero
|-miss|p1a: Cinderace|p2a: Alomomola
|
|-damage|p2a: Alomomola|94/100 tox|[from] psn
|upkeep
|turn|31
|
|t:|1760878795
|move|p1a: Cinderace|Gunk Shot|p2a: Alomomola
|-damage|p2a: Alomomola|52/100 tox
|-damage|p1a: Cinderace|91/100|[from] item: Life Orb
|move|p2a: Alomomola|Flip Turn|p1a: Cinderace
|-damage|p1a: Cinderace|68/100
|
|t:|1760878802
|switch|p2a: Great Tusk|Great Tusk|89/100|[from] Flip Turn
|
|upkeep
|turn|32
|
|t:|1760878816
|move|p1a: Cinderace|U-turn|p2a: Great Tusk
|-resisted|p2a: Great Tusk
|-damage|p2a: Great Tusk|80/100
|-damage|p1a: Cinderace|58/100|[from] item: Life Orb
|
|t:|1760878820
|switch|p1a: Heatran|Heatran, F|100/100|[from] U-turn
|-item|p1a: Heatran|Air Balloon
|move|p2a: Great Tusk|Stealth Rock|p1a: Heatran
|-sidestart|p1: jadhe|move: Stealth Rock
|
|upkeep
|turn|33
|
|t:|1760878829
|move|p2a: Great Tusk|Rapid Spin|p1a: Heatran
|-resisted|p1a: Heatran
|-damage|p1a: Heatran|94/100
|-boost|p2a: Great Tusk|spe|1
|-enditem|p1a: Heatran|Air Balloon
|move|p1a: Heatran|Stealth Rock|p2a: Great Tusk
|-sidestart|p2: True_Oracle|move: Stealth Rock
|
|upkeep
|turn|34
|
|t:|1760878836
|switch|p1a: Indeedee|Indeedee, M|61/100
|-damage|p1a: Indeedee|49/100|[from] Stealth Rock
|-fieldstart|move: Psychic Terrain|[from] ability: Psychic Surge|[of] p1a: Indeedee
|move|p2a: Great Tusk|Headlong Rush|p1a: Indeedee
|-damage|p1a: Indeedee|0 fnt
|-unboost|p2a: Great Tusk|def|1
|-unboost|p2a: Great Tusk|spd|1
|faint|p1a: Indeedee
|
|upkeep
|
|t:|1760878847
|switch|p1a: Iron Treads|Iron Treads|22/100
|-damage|p1a: Iron Treads|19/100|[from] Stealth Rock
|turn|35
|
|t:|1760878851
|-end|p2a: Great Tusk|Protosynthesis|[silent]
|switch|p2a: Alomomola|Alomomola, F, shiny|85/100 tox
|-damage|p2a: Alomomola|73/100 tox|[from] Stealth Rock
|move|p1a: Iron Treads|Ice Spinner|p2a: Alomomola
|-resisted|p2a: Alomomola
|-damage|p2a: Alomomola|68/100 tox
|-damage|p1a: Iron Treads|2/100|[from] item: Rocky Helmet|[of] p2a: Alomomola
|-fieldend|move: Psychic Terrain
|
|-damage|p2a: Alomomola|62/100 tox|[from] psn
|upkeep
|turn|36
|c|☆jadhe|Alomomola is the devil
|
|t:|1760878880
|move|p1a: Iron Treads|Ice Spinner|p2a: Alomomola
|-resisted|p2a: Alomomola
|-damage|p2a: Alomomola|56/100 tox
|-damage|p1a: Iron Treads|0 fnt|[from] item: Rocky Helmet|[of] p2a: Alomomola
|faint|p1a: Iron Treads
|-end|p1a: Iron Treads|Quark Drive|[silent]
|move|p2a: Alomomola|Flip Turn|p1: Iron Treads|[notarget]
|-fail|p2a: Alomomola
|
|-damage|p2a: Alomomola|44/100 tox|[from] psn
|upkeep
|
|t:|1760878891
|switch|p1a: Cinderace|Cinderace, F|58/100
|-damage|p1a: Cinderace|33/100|[from] Stealth Rock
|turn|37
|c|☆True_Oracle|ur running a double sub stall team what are u talking about
|
|t:|1760878913
|move|p1a: Cinderace|Gunk Shot|p2a: Alomomola
|-start|p1a: Cinderace|typechange|Poison|[from] ability: Libero
|-damage|p2a: Alomomola|4/100 tox
|-damage|p1a: Cinderace|23/100|[from] item: Life Orb
|move|p2a: Alomomola|Wish|p2a: Alomomola
|
|-damage|p2a: Alomomola|0 fnt|[from] psn
|faint|p2a: Alomomola
|upkeep
|
|t:|1760878930
|switch|p2a: Lokix|Lokix, F, shiny|100/100
|-damage|p2a: Lokix|76/100|[from] Stealth Rock
|turn|38
|
|t:|1760878942
|move|p1a: Cinderace|Sucker Punch|p2a: Lokix
|-resisted|p2a: Lokix
|-damage|p2a: Lokix|52/100
|-damage|p1a: Cinderace|13/100|[from] item: Life Orb
|move|p2a: Lokix|U-turn|p1a: Cinderace
|-resisted|p1a: Cinderace
|-crit|p1a: Cinderace
|-damage|p1a: Cinderace|0 fnt
|faint|p1a: Cinderace
|
|t:|1760878947
|switch|p2a: Great Tusk|Great Tusk|80/100|[from] U-turn
|-damage|p2a: Great Tusk|77/100|[from] Stealth Rock
|
|-heal|p2a: Great Tusk|100/100|[from] move: Wish|[wisher] Alomomola
|upkeep
|
|t:|1760878949
|switch|p1a: Heatran|Heatran, F|94/100
|-damage|p1a: Heatran|82/100|[from] Stealth Rock
|turn|39
|-message|jadhe forfeited.
|
|win|True_Oracle
|raw|jadhe's rating: 1237 &rarr; <strong>1215</strong><br />(-22 for losing)
|raw|True_Oracle's rating: 1274 &rarr; <strong>1296</strong><br />(+22 for winning)
|l|☆jadhe
|player|p1|
|l|☆True_Oracle
|player|p2|
