|j|☆Oosugsagnjkd
|j|☆teraicescyther
|t:|1760870910
|gametype|singles
|player|p1|Oosugsagnjkd|pokemonrangerf|1174
|player|p2|teraicescyther|colress|1192
|gen|9
|tier|[Gen 9] OU
|rated|
|rule|HP Percentage Mod: HP is shown in percentages
|rule|Endless Battle Clause: Forcing endless battles is banned
|rule|Species Clause: Limit one of each Pokémon
|rule|OHKO Clause: OHKO moves are banned
|rule|Evasion Items Clause: Evasion items are banned
|rule|Evasion Moves Clause: Evasion moves are banned
|rule|Evasion Abilities Clause: Evasion abilities are banned
|rule|Sleep Moves Clause: Sleep-inducing moves are banned
|clearpoke
|poke|p1|Brambleghast, M|
|poke|p1|Kilowattrel, F|
|poke|p1|Dachsbun, F|
|poke|p1|Pelipper, M|
|poke|p1|Avalugg, M|
|poke|p1|Forretress, F|
|poke|p2|Clefable, F|
|poke|p2|Iron Treads|
|poke|p2|Heatran, M|
|poke|p2|Glimmora, F|
|poke|p2|Ogerpon-Wellspring, F|
|poke|p2|Gholdengo|
|teampreview
|inactive|Battle timer is ON: inactive players will automatically lose when time's up. (requested by teraicescyther)
|
|t:|1760870922
|teamsize|p1|6
|teamsize|p2|6
|start
|switch|p1a: Forretress|Forretress, F|100/100
|switch|p2a: Gholdengo|Gholdengo|100/100
|turn|1
|
|t:|1760870928
|switch|p1a: Pelipper|Pelipper, M, shiny|100/100
|-weather|RainDance|[from] ability: Drizzle|[of] p1a: Pelipper
|move|p2a: Gholdengo|Trick|p1a: Pelipper
|-activate|p2a: Gholdengo|move: Trick|[of] p1a: Pelipper
|-item|p1a: Pelipper|Choice Scarf|[from] move: Trick
|-item|p2a: Gholdengo|Damp Rock|[from] move: Trick
|
|-weather|RainDance|[upkeep]
|upkeep
|turn|2
|
|t:|1760870943
|move|p1a: Pelipper|Hurricane|p2a: Gholdengo
|-resisted|p2a: Gholdengo
|-damage|p2a: Gholdengo|78/100
|move|p2a: Gholdengo|Shadow Ball|p1a: Pelipper
|-damage|p1a: Pelipper|39/100
|
|-weather|RainDance|[upkeep]
|upkeep
|turn|3
|
|t:|1760870947
|move|p1a: Pelipper|Hurricane|p2a: Gholdengo
|-resisted|p2a: Gholdengo
|-damage|p2a: Gholdengo|53/100
|move|p2a: Gholdengo|Shadow Ball|p1a: Pelipper
|-damage|p1a: Pelipper|0 fnt
|faint|p1a: Pelipper
|
|-weather|RainDance|[upkeep]
|upkeep
|
|t:|1760870953
|switch|p1a: Brambleghast|Brambleghast, M|100/100
|turn|4
|
|t:|1760870959
|move|p1a: Brambleghast|Poltergeist|p2a: Gholdengo
|-activate|p2a: Gholdengo|move: Poltergeist|Damp Rock
|-supereffective|p2a: Gholdengo
|-damage|p2a: Gholdengo|0 fnt
|faint|p2a: Gholdengo
|
|-weather|RainDance|[upkeep]
|upkeep
|
|t:|1760870976
|switch|p2a: Clefable|Clefable, F, shiny|100/100
|turn|5
|
|t:|1760870982
|switch|p1a: Kilowattrel|Kilowattrel, F|100/100
|move|p2a: Clefable|Knock Off|p1a: Kilowattrel
|-damage|p1a: Kilowattrel|71/100
|-enditem|p1a: Kilowattrel|Choice Specs|[from] move: Knock Off|[of] p2a: Clefable
|
|-weather|RainDance|[upkeep]
|upkeep
|turn|6
|
|t:|1760870988
|-terastallize|p1a: Kilowattrel|Flying
|move|p1a: Kilowattrel|Hurricane|p2a: Clefable
|-damage|p2a: Clefable|37/100
|-start|p2a: Clefable|confusion
|-activate|p2a: Clefable|confusion
|move|p2a: Clefable|Moonblast|p1a: Kilowattrel
|-damage|p1a: Kilowattrel|12/100
|
|-weather|RainDance|[upkeep]
|-heal|p2a: Clefable|44/100|[from] item: Leftovers
|upkeep
|turn|7
|
|t:|1760870994
|switch|p2a: Iron Treads|Iron Treads, shiny|100/100
|move|p1a: Kilowattrel|Hurricane|p2a: Iron Treads
|-resisted|p2a: Iron Treads
|-damage|p2a: Iron Treads|67/100
|
|-weather|RainDance|[upkeep]
|upkeep
|turn|8
|
|t:|1760870999
|move|p1a: Kilowattrel|Weather Ball|p2a: Iron Treads
|-supereffective|p2a: Iron Treads
|-damage|p2a: Iron Treads|0 fnt
|faint|p2a: Iron Treads
|-end|p2a: Iron Treads|Quark Drive|[silent]
|
|-weather|none
|upkeep
|
|t:|1760871008
|switch|p2a: Clefable|Clefable, F, shiny|44/100
|turn|9
|
|t:|1760871011
|move|p1a: Kilowattrel|Hurricane|p2a: Clefable|[miss]
|-miss|p1a: Kilowattrel|p2a: Clefable
|move|p2a: Clefable|Healing Wish|p2a: Clefable
|faint|p2a: Clefable
|
|upkeep
|
|t:|1760871017
|switch|p2a: Glimmora|Glimmora, F, shiny|100/100
|turn|10
|
|t:|1760871021
|move|p1a: Kilowattrel|Thunder|p2a: Glimmora
|-damage|p2a: Glimmora|30/100
|-status|p2a: Glimmora|par
|move|p2a: Glimmora|Mortal Spin|p1a: Kilowattrel
|-damage|p1a: Kilowattrel|0 fnt
|faint|p1a: Kilowattrel
|
|upkeep
|
|t:|1760871030
|switch|p1a: Brambleghast|Brambleghast, M|100/100
|turn|11
|
|t:|1760871035
|switch|p2a: Heatran|Heatran, M|100/100
|-item|p2a: Heatran|Air Balloon
|move|p1a: Brambleghast|Poltergeist|p2a: Heatran
|-activate|p2a: Heatran|move: Poltergeist|Air Balloon
|-damage|p2a: Heatran|70/100
|-enditem|p2a: Heatran|Air Balloon
|
|upkeep
|turn|12
|
|t:|1760871044
|switch|p1a: Dachsbun|Dachsbun, F|100/100
|move|p2a: Heatran|Flash Cannon|p1a: Dachsbun
|-supereffective|p1a: Dachsbun
|-damage|p1a: Dachsbun|0 fnt
|faint|p1a: Dachsbun
|
|upkeep
|
|t:|1760871050
|switch|p1a: Avalugg|Avalugg, M, shiny|100/100
|turn|13
|
|t:|1760871053
|move|p2a: Heatran|Will-O-Wisp|p1a: Avalugg
|-status|p1a: Avalugg|brn
|move|p1a: Avalugg|Mirror Coat||[still]
|-fail|p1a: Avalugg
|
|-damage|p1a: Avalugg|94/100 brn|[from] brn
|upkeep
|turn|14
|
|t:|1760871058
|switch|p2a: Glimmora|Glimmora, F, shiny|30/100 par
|-heal|p2a: Glimmora|100/100|[from] move: Healing Wish
|move|p1a: Avalugg|Mirror Coat||[still]
|-fail|p1a: Avalugg
|
|-heal|p1a: Avalugg|100/100 brn|[from] item: Leftovers
|-damage|p1a: Avalugg|94/100 brn|[from] brn
|upkeep
|turn|15
|
|t:|1760871068
|switch|p2a: Heatran|Heatran, M|70/100
|move|p1a: Avalugg|Mirror Coat||[still]
|-fail|p1a: Avalugg
|
|-heal|p1a: Avalugg|100/100 brn|[from] item: Leftovers
|-damage|p1a: Avalugg|94/100 brn|[from] brn
|upkeep
|turn|16
|
|t:|1760871074
|move|p2a: Heatran|Will-O-Wisp|p1a: Avalugg
|-fail|p1a: Avalugg|brn
|move|p1a: Avalugg|Body Press|p2a: Heatran
|-supereffective|p2a: Heatran
|-damage|p2a: Heatran|45/100
|
|-heal|p1a: Avalugg|100/100 brn|[from] item: Leftovers
|-damage|p1a: Avalugg|94/100 brn|[from] brn
|upkeep
|turn|17
|
|t:|1760871077
|move|p2a: Heatran|Magma Storm|p1a: Avalugg
|-supereffective|p1a: Avalugg
|-damage|p1a: Avalugg|0 fnt
|faint|p1a: Avalugg
|
|upkeep
|
|t:|1760871081
|switch|p1a: Brambleghast|Brambleghast, M|100/100
|turn|18
|
|t:|1760871087
|move|p1a: Brambleghast|Strength Sap|p2a: Heatran
|-unboost|p2a: Heatran|atk|1
|move|p2a: Heatran|Magma Storm|p1a: Brambleghast
|-supereffective|p1a: Brambleghast
|-damage|p1a: Brambleghast|0 fnt
|faint|p1a: Brambleghast
|
|upkeep
|-message|Oosugsagnjkd forfeited.
|
|win|teraicescyther
|raw|Oosugsagnjkd's rating: 1174 &rarr; <strong>1150</strong><br />(-24 for losing)
|raw|teraicescyther's rating: 1192 &rarr; <strong>1216</strong><br />(+24 for winning)
|l|☆Oosugsagnjkd
|player|p1|
