|j|☆Sisterfister03
|j|☆Adamsludicoloo
|t:|1760742373
|gametype|singles
|player|p1|Sisterfister03|169|1164
|player|p2|Adamsludicoloo|brock|1131
|gen|9
|tier|[Gen 9] OU
|rated|
|rule|HP Percentage Mod: HP is shown in percentages
|rule|Endless Battle Clause: Forcing endless battles is banned
|rule|Species Clause: Limit one of each Pokémon
|rule|OHKO Clause: OHKO moves are banned
|rule|Evasion Items Clause: Evasion items are banned
|rule|Evasion Moves Clause: Evasion moves are banned
|rule|Evasion Abilities Clause: Evasion abilities are banned
|rule|Sleep Moves Clause: Sleep-inducing moves are banned
|clearpoke
|poke|p1|Spidops, M|
|poke|p1|Quaquaval, M|
|poke|p1|Kyurem|
|poke|p1|Skeledirge, F|
|poke|p1|Gallade, M|
|poke|p1|Iron Treads|
|poke|p2|Floatzel, M|
|poke|p2|Staraptor, F|
|poke|p2|Hitmonchan, M|
|poke|p2|Rotom-Wash|
|poke|p2|Ludicolo, M|
|poke|p2|Quagsire, F|
|teampreview
|
|t:|1760742381
|teamsize|p1|6
|teamsize|p2|6
|start
|switch|p1a: Spidops|Spidops, M|100/100
|switch|p2a: Rotom|Rotom-Wash|100/100
|turn|1
|inactive|Battle timer is ON: inactive players will automatically lose when time's up. (requested by Adamsludicoloo)
|
|t:|1760742388
|move|p2a: Rotom|Rain Dance|p2a: Rotom
|-weather|RainDance
|move|p1a: Spidops|Sticky Web|p2a: Rotom
|-sidestart|p2: Adamsludicoloo|move: Sticky Web
|
|-weather|RainDance|[upkeep]
|upkeep
|turn|2
|
|t:|1760742393
|move|p2a: Rotom|Thunder|p1a: Spidops
|-damage|p1a: Spidops|45/100
|-status|p1a: Spidops|par
|move|p1a: Spidops|Toxic Spikes|p2a: Rotom
|-sidestart|p2: Adamsludicoloo|move: Toxic Spikes
|
|-weather|RainDance|[upkeep]
|upkeep
|turn|3
|
|t:|1760742400
|move|p2a: Rotom|Volt Switch|p1a: Spidops
|-damage|p1a: Spidops|4/100 par
|
|t:|1760742404
|switch|p2a: Hitmonchan|Hitmonchan, M|100/100|[from] Volt Switch
|-activate|p2a: Hitmonchan|move: Sticky Web
|-unboost|p2a: Hitmonchan|spe|1
|-status|p2a: Hitmonchan|psn
|move|p1a: Spidops|Toxic Spikes|p2a: Hitmonchan
|-sidestart|p2: Adamsludicoloo|move: Toxic Spikes
|
|-weather|RainDance|[upkeep]
|-damage|p2a: Hitmonchan|88/100 psn|[from] psn
|upkeep
|turn|4
|
|t:|1760742412
|move|p2a: Hitmonchan|Rapid Spin|p1a: Spidops
|-damage|p1a: Spidops|0 fnt
|-boost|p2a: Hitmonchan|spe|1
|-sideend|p2: Adamsludicoloo|Toxic Spikes|[from] move: Rapid Spin|[of] p2a: Hitmonchan
|-sideend|p2: Adamsludicoloo|Sticky Web|[from] move: Rapid Spin|[of] p2a: Hitmonchan
|faint|p1a: Spidops
|
|-weather|RainDance|[upkeep]
|-damage|p2a: Hitmonchan|76/100 psn|[from] psn
|upkeep
|
|t:|1760742434
|switch|p1a: Gallade|Gallade, M|100/100
|turn|5
|
|t:|1760742446
|switch|p2a: Quagsire|Quagsire, F|100/100
|move|p1a: Gallade|Agility|p1a: Gallade
|-boost|p1a: Gallade|spe|2
|
|-weather|RainDance|[upkeep]
|upkeep
|turn|6
|
|t:|1760742451
|move|p1a: Gallade|Leaf Blade|p2a: Quagsire
|-supereffective|p2a: Quagsire
|-damage|p2a: Quagsire|0 fnt
|faint|p2a: Quagsire
|
|-weather|RainDance|[upkeep]
|upkeep
|
|t:|1760742468
|switch|p2a: Floatzel|Floatzel, M|100/100
|turn|7
|
|t:|1760742472
|move|p2a: Floatzel|Wave Crash|p1a: Gallade
|-enditem|p1a: Gallade|Focus Sash
|-damage|p1a: Gallade|1/100
|-damage|p2a: Floatzel|71/100|[from] Recoil
|move|p1a: Gallade|Leaf Blade|p2a: Floatzel
|-supereffective|p2a: Floatzel
|-damage|p2a: Floatzel|0 fnt
|faint|p2a: Floatzel
|
|-weather|RainDance|[upkeep]
|upkeep
|
|t:|1760742482
|switch|p2a: Hitmonchan|Hitmonchan, M|76/100 psn
|turn|8
|
|t:|1760742487
|move|p2a: Hitmonchan|Mach Punch|p1a: Gallade
|-resisted|p1a: Gallade
|-damage|p1a: Gallade|0 fnt
|faint|p1a: Gallade
|
|-weather|none
|-damage|p2a: Hitmonchan|64/100 psn|[from] psn
|upkeep
|
|t:|1760742492
|switch|p1a: Skeledirge|Skeledirge, F, shiny|100/100
|turn|9
|
|t:|1760742500
|switch|p2a: Rotom|Rotom-Wash|100/100
|move|p1a: Skeledirge|Flame Charge|p2a: Rotom
|-resisted|p2a: Rotom
|-damage|p2a: Rotom|91/100
|-boost|p1a: Skeledirge|spe|1
|
|upkeep
|turn|10
|
|t:|1760742510
|-terastallize|p1a: Skeledirge|Fairy
|move|p1a: Skeledirge|Torch Song|p2a: Rotom
|-resisted|p2a: Rotom
|-damage|p2a: Rotom|67/100
|-boost|p1a: Skeledirge|spa|1
|move|p2a: Rotom|Thunder Wave|p1a: Skeledirge
|-status|p1a: Skeledirge|par
|
|upkeep
|turn|11
|
|t:|1760742518
|move|p2a: Rotom|Rain Dance|p2a: Rotom
|-weather|RainDance
|move|p1a: Skeledirge|Flame Charge|p2a: Rotom
|-resisted|p2a: Rotom
|-damage|p2a: Rotom|63/100
|-boost|p1a: Skeledirge|spe|1
|
|-weather|RainDance|[upkeep]
|upkeep
|turn|12
|
|t:|1760742528
|move|p2a: Rotom|Volt Switch|p1a: Skeledirge
|-damage|p1a: Skeledirge|73/100 par
|
|t:|1760742532
|switch|p2a: Ludicolo|Ludicolo, M|100/100|[from] Volt Switch
|move|p1a: Skeledirge|Flame Charge|p2a: Ludicolo
|-damage|p2a: Ludicolo|93/100
|-boost|p1a: Skeledirge|spe|1
|
|-weather|RainDance|[upkeep]
|-heal|p2a: Ludicolo|99/100|[from] item: Leftovers
|upkeep
|turn|13
|
|t:|1760742541
|move|p2a: Ludicolo|Substitute|p2a: Ludicolo
|-start|p2a: Ludicolo|Substitute
|-damage|p2a: Ludicolo|74/100
|cant|p1a: Skeledirge|par
|
|-weather|RainDance|[upkeep]
|-heal|p2a: Ludicolo|80/100|[from] item: Leftovers
|upkeep
|turn|14
|
|t:|1760742546
|move|p2a: Ludicolo|Leech Seed|p1a: Skeledirge
|-start|p1a: Skeledirge|move: Leech Seed
|move|p1a: Skeledirge|Torch Song|p2a: Ludicolo
|-damage|p2a: Ludicolo|57/100
|-boost|p1a: Skeledirge|spa|1
|
|-weather|RainDance|[upkeep]
|-heal|p2a: Ludicolo|63/100|[from] item: Leftovers
|-damage|p1a: Skeledirge|60/100 par|[from] Leech Seed|[of] p2a: Ludicolo
|-heal|p2a: Ludicolo|75/100|[silent]
|upkeep
|turn|15
|
|t:|1760742557
|move|p2a: Ludicolo|Protect|p2a: Ludicolo
|-singleturn|p2a: Ludicolo|Protect
|move|p1a: Skeledirge|Torch Song|p2a: Ludicolo
|-activate|p2a: Ludicolo|move: Protect
|
|-weather|RainDance|[upkeep]
|-heal|p2a: Ludicolo|81/100|[from] item: Leftovers
|-damage|p1a: Skeledirge|48/100 par|[from] Leech Seed|[of] p2a: Ludicolo
|-heal|p2a: Ludicolo|93/100|[silent]
|upkeep
|turn|16
|
|t:|1760742566
|move|p2a: Ludicolo|Chilling Water|p1a: Skeledirge
|-damage|p1a: Skeledirge|27/100 par
|-unboost|p1a: Skeledirge|atk|1
|move|p1a: Skeledirge|Torch Song|p2a: Ludicolo
|-damage|p2a: Ludicolo|66/100
|-boost|p1a: Skeledirge|spa|1
|
|-weather|RainDance|[upkeep]
|-heal|p2a: Ludicolo|72/100|[from] item: Leftovers
|-damage|p1a: Skeledirge|15/100 par|[from] Leech Seed|[of] p2a: Ludicolo
|-heal|p2a: Ludicolo|84/100|[silent]
|upkeep
|turn|17
|
|t:|1760742579
|move|p2a: Ludicolo|Protect|p2a: Ludicolo
|-singleturn|p2a: Ludicolo|Protect
|move|p1a: Skeledirge|Torch Song|p2a: Ludicolo
|-activate|p2a: Ludicolo|move: Protect
|
|-weather|RainDance|[upkeep]
|-heal|p2a: Ludicolo|90/100|[from] item: Leftovers
|-damage|p1a: Skeledirge|3/100 par|[from] Leech Seed|[of] p2a: Ludicolo
|-heal|p2a: Ludicolo|100/100|[silent]
|upkeep
|turn|18
|
|t:|1760742585
|move|p2a: Ludicolo|Chilling Water|p1a: Skeledirge
|-damage|p1a: Skeledirge|0 fnt
|faint|p1a: Skeledirge
|
|-weather|none
|upkeep
|
|t:|1760742589
|switch|p1a: Kyurem|Kyurem|100/100
|-ability|p1a: Kyurem|Pressure
|turn|19
|
|t:|1760742605
|move|p1a: Kyurem|Dragon Dance|p1a: Kyurem
|-boost|p1a: Kyurem|atk|1
|-boost|p1a: Kyurem|spe|1
|move|p2a: Ludicolo|Leech Seed|p1a: Kyurem
|-start|p1a: Kyurem|move: Leech Seed
|
|-damage|p1a: Kyurem|88/100|[from] Leech Seed|[of] p2a: Ludicolo
|upkeep
|turn|20
|
|t:|1760742613
|move|p1a: Kyurem|Icicle Spear|p2a: Ludicolo
|-end|p2a: Ludicolo|Substitute
|-damage|p2a: Ludicolo|72/100
|-damage|p2a: Ludicolo|43/100
|-damage|p2a: Ludicolo|18/100
|-hitcount|p2a: Ludicolo|4
|move|p2a: Ludicolo|Chilling Water|p1a: Kyurem
|-resisted|p1a: Kyurem
|-damage|p1a: Kyurem|81/100
|-unboost|p1a: Kyurem|atk|1
|
|-heal|p2a: Ludicolo|24/100|[from] item: Leftovers
|-damage|p1a: Kyurem|68/100|[from] Leech Seed|[of] p2a: Ludicolo
|-heal|p2a: Ludicolo|37/100|[silent]
|upkeep
|turn|21
|
|t:|1760742629
|move|p1a: Kyurem|Dragon Dance|p1a: Kyurem
|-boost|p1a: Kyurem|atk|1
|-boost|p1a: Kyurem|spe|1
|move|p2a: Ludicolo|Chilling Water|p1a: Kyurem
|-resisted|p1a: Kyurem
|-damage|p1a: Kyurem|60/100
|-unboost|p1a: Kyurem|atk|1
|
|-heal|p2a: Ludicolo|43/100|[from] item: Leftovers
|-damage|p1a: Kyurem|48/100|[from] Leech Seed|[of] p2a: Ludicolo
|-heal|p2a: Ludicolo|56/100|[silent]
|upkeep
|turn|22
|
|t:|1760742639
|move|p2a: Ludicolo|Protect|p2a: Ludicolo
|-singleturn|p2a: Ludicolo|Protect
|move|p1a: Kyurem|Icicle Spear|p2a: Ludicolo
|-activate|p2a: Ludicolo|move: Protect
|
|-heal|p2a: Ludicolo|62/100|[from] item: Leftovers
|-damage|p1a: Kyurem|36/100|[from] Leech Seed|[of] p2a: Ludicolo
|-heal|p2a: Ludicolo|76/100|[silent]
|upkeep
|turn|23
|
|t:|1760742648
|move|p2a: Ludicolo|Protect||[still]
|-fail|p2a: Ludicolo
|move|p1a: Kyurem|Icicle Spear|p2a: Ludicolo
|-damage|p2a: Ludicolo|58/100
|-damage|p2a: Ludicolo|39/100
|-damage|p2a: Ludicolo|20/100
|-damage|p2a: Ludicolo|1/100
|-hitcount|p2a: Ludicolo|4
|
|-heal|p2a: Ludicolo|7/100|[from] item: Leftovers
|-damage|p1a: Kyurem|23/100|[from] Leech Seed|[of] p2a: Ludicolo
|-heal|p2a: Ludicolo|21/100|[silent]
|upkeep
|turn|24
|
|t:|1760742660
|move|p1a: Kyurem|Dragon Dance|p1a: Kyurem
|-boost|p1a: Kyurem|atk|1
|-boost|p1a: Kyurem|spe|1
|move|p2a: Ludicolo|Chilling Water|p1a: Kyurem
|-resisted|p1a: Kyurem
|-damage|p1a: Kyurem|15/100
|-unboost|p1a: Kyurem|atk|1
|
|-heal|p2a: Ludicolo|27/100|[from] item: Leftovers
|-damage|p1a: Kyurem|3/100|[from] Leech Seed|[of] p2a: Ludicolo
|-heal|p2a: Ludicolo|40/100|[silent]
|upkeep
|turn|25
|
|t:|1760742670
|move|p2a: Ludicolo|Protect|p2a: Ludicolo
|-singleturn|p2a: Ludicolo|Protect
|move|p1a: Kyurem|Icicle Spear|p2a: Ludicolo
|-activate|p2a: Ludicolo|move: Protect
|
|-heal|p2a: Ludicolo|46/100|[from] item: Leftovers
|-damage|p1a: Kyurem|0 fnt|[from] Leech Seed|[of] p2a: Ludicolo
|-heal|p2a: Ludicolo|48/100|[silent]
|faint|p1a: Kyurem
|upkeep
|
|t:|1760742676
|switch|p1a: Quaquaval|Quaquaval, M|100/100
|turn|26
|
|t:|1760742686
|switch|p2a: Rotom|Rotom-Wash|63/100
|move|p1a: Quaquaval|Aqua Step|p2a: Rotom
|-resisted|p2a: Rotom
|-damage|p2a: Rotom|36/100
|-boost|p1a: Quaquaval|spe|1
|
|upkeep
|turn|27
|
|t:|1760742698
|move|p1a: Quaquaval|Close Combat|p2a: Rotom
|-damage|p2a: Rotom|0 fnt
|-unboost|p1a: Quaquaval|def|1
|-unboost|p1a: Quaquaval|spd|1
|faint|p2a: Rotom
|
|upkeep
|
|t:|1760742711
|switch|p2a: Hitmonchan|Hitmonchan, M|64/100 psn
|turn|28
|
|t:|1760742720
|move|p1a: Quaquaval|Brave Bird|p2a: Hitmonchan
|-supereffective|p2a: Hitmonchan
|-damage|p2a: Hitmonchan|0 fnt
|faint|p2a: Hitmonchan
|-damage|p1a: Quaquaval|80/100|[from] Recoil
|
|upkeep
|
|t:|1760742737
|switch|p2a: Staraptor|Staraptor, F|100/100
|turn|29
|c|☆Sisterfister03|Forgot to give him moxie :(
|c|☆Sisterfister03|You'd be done for
|
|t:|1760742761
|move|p2a: Staraptor|Brave Bird|p1a: Quaquaval
|-supereffective|p1a: Quaquaval
|-damage|p1a: Quaquaval|0 fnt
|faint|p1a: Quaquaval
|-damage|p2a: Staraptor|74/100|[from] Recoil
|
|upkeep
|
|t:|1760742769
|switch|p1a: Iron Treads|Iron Treads|100/100
|-enditem|p1a: Iron Treads|Booster Energy
|-activate|p1a: Iron Treads|ability: Quark Drive|[fromitem]
|-start|p1a: Iron Treads|quarkdrivespe
|turn|30
|
|t:|1760742778
|switch|p2a: Ludicolo|Ludicolo, M|48/100
|move|p1a: Iron Treads|Iron Head|p2a: Ludicolo
|-resisted|p2a: Ludicolo
|-damage|p2a: Ludicolo|26/100
|
|-heal|p2a: Ludicolo|32/100|[from] item: Leftovers
|upkeep
|turn|31
|
|t:|1760742786
|move|p1a: Iron Treads|Body Press|p2a: Ludicolo
|-damage|p2a: Ludicolo|4/100
|move|p2a: Ludicolo|Leech Seed|p1a: Iron Treads
|-start|p1a: Iron Treads|move: Leech Seed
|
|-heal|p2a: Ludicolo|10/100|[from] item: Leftovers
|-damage|p1a: Iron Treads|88/100|[from] Leech Seed|[of] p2a: Ludicolo
|-heal|p2a: Ludicolo|21/100|[silent]
|upkeep
|turn|32
|
|t:|1760742794
|move|p2a: Ludicolo|Protect|p2a: Ludicolo
|-singleturn|p2a: Ludicolo|Protect
|move|p1a: Iron Treads|Body Press|p2a: Ludicolo
|-activate|p2a: Ludicolo|move: Protect
|
|-heal|p2a: Ludicolo|27/100|[from] item: Leftovers
|-damage|p1a: Iron Treads|76/100|[from] Leech Seed|[of] p2a: Ludicolo
|-heal|p2a: Ludicolo|38/100|[silent]
|upkeep
|turn|33
|-message|Sisterfister03 forfeited.
|
|win|Adamsludicoloo
|raw|Sisterfister03's rating: 1164 &rarr; <strong>1137</strong><br />(-27 for losing)
|raw|Adamsludicoloo's rating: 1131 &rarr; <strong>1158</strong><br />(+27 for winning)
|l|☆Sisterfister03
|player|p1|
|c|☆Adamsludicoloo|gg:D
