|j|☆volcanionisgrand
|j|☆motorskk
|t:|1760719867
|gametype|singles
|player|p1|volcanionisgrand|burglar-gen1|1542
|player|p2|motorskk|battlegirl-gen4|1562
|gen|9
|tier|[Gen 9] OU
|rated|
|rule|HP Percentage Mod: HP is shown in percentages
|rule|Endless Battle Clause: Forcing endless battles is banned
|rule|Species Clause: Limit one of each Pokémon
|rule|OHKO Clause: OHKO moves are banned
|rule|Evasion Items Clause: Evasion items are banned
|rule|Evasion Moves Clause: Evasion moves are banned
|rule|Evasion Abilities Clause: Evasion abilities are banned
|rule|Sleep Moves Clause: Sleep-inducing moves are banned
|clearpoke
|poke|p1|Mew|
|poke|p1|Tinkaton, F|
|poke|p1|Ting-Lu|
|poke|p1|Kingambit, M|
|poke|p1|Dragapult, M|
|poke|p1|Enamorus, F|
|poke|p2|Tinkaton, F|
|poke|p2|Darkrai|
|poke|p2|Samurott-Hisui, F|
|poke|p2|Moltres|
|poke|p2|Clodsire, M|
|poke|p2|Hatterene, F|
|teampreview
|inactive|Battle timer is ON: inactive players will automatically lose when time's up. (requested by motorskk)
|j| Clock Obsessed
|inactive|motorskk has 120 seconds left.
|
|t:|1760719925
|teamsize|p1|6
|teamsize|p2|6
|start
|switch|p1a: Tinkaton|Tinkaton, F|100/100
|switch|p2a: Moltres|Moltres|100/100
|-ability|p1a: Tinkaton|Mold Breaker
|-item|p1a: Tinkaton|Air Balloon
|turn|1
|
|t:|1760719943
|move|p1a: Tinkaton|Stealth Rock|p2a: Moltres
|-sidestart|p2: motorskk|move: Stealth Rock
|move|p2a: Moltres|Flamethrower|p1a: Tinkaton
|-supereffective|p1a: Tinkaton
|-damage|p1a: Tinkaton|41/100
|-enditem|p1a: Tinkaton|Air Balloon
|
|upkeep
|turn|2
|inactive|motorskk has 120 seconds left.
|
|t:|1760719973
|move|p1a: Tinkaton|Thunder Wave|p2a: Moltres
|-status|p2a: Moltres|par
|cant|p2a: Moltres|par
|
|upkeep
|turn|3
|inactive|motorskk has 120 seconds left.
|
|t:|1760719987
|switch|p1a: Dragapult|Dragapult, M|100/100
|move|p2a: Moltres|Flamethrower|p1a: Dragapult
|-resisted|p1a: Dragapult
|-damage|p1a: Dragapult|71/100
|
|upkeep
|turn|4
|
|t:|1760719994
|switch|p2a: Clodsire|Clodsire, M|100/100
|-damage|p2a: Clodsire|94/100|[from] Stealth Rock
|move|p1a: Dragapult|Hex|p2a: Clodsire
|-damage|p2a: Clodsire|79/100
|
|-heal|p2a: Clodsire|85/100|[from] item: Leftovers
|upkeep
|turn|5
|
|t:|1760720006
|move|p1a: Dragapult|Dragon Darts|p2a: Clodsire
|-crit|p2a: Clodsire
|-damage|p2a: Clodsire|43/100
|-anim|p1a: Dragapult|Dragon Darts|p2a: Clodsire
|-damage|p2a: Clodsire|18/100
|move|p2a: Clodsire|Curse|p2a: Clodsire
|-unboost|p2a: Clodsire|spe|1
|-boost|p2a: Clodsire|atk|1
|-boost|p2a: Clodsire|def|1
|
|-heal|p2a: Clodsire|24/100|[from] item: Leftovers
|upkeep
|turn|6
|
|t:|1760720017
|-terastallize|p2a: Clodsire|Steel
|move|p1a: Dragapult|Dragon Darts|p2a: Clodsire
|-resisted|p2a: Clodsire
|-damage|p2a: Clodsire|15/100
|-anim|p1a: Dragapult|Dragon Darts|p2a: Clodsire
|-resisted|p2a: Clodsire
|-damage|p2a: Clodsire|6/100
|move|p2a: Clodsire|Recover|p2a: Clodsire
|-heal|p2a: Clodsire|56/100
|
|-heal|p2a: Clodsire|62/100|[from] item: Leftovers
|upkeep
|turn|7
|
|t:|1760720027
|move|p1a: Dragapult|Will-O-Wisp|p2a: Clodsire
|-status|p2a: Clodsire|brn
|move|p2a: Clodsire|Curse|p2a: Clodsire
|-unboost|p2a: Clodsire|spe|1
|-boost|p2a: Clodsire|atk|1
|-boost|p2a: Clodsire|def|1
|
|-heal|p2a: Clodsire|68/100 brn|[from] item: Leftovers
|-damage|p2a: Clodsire|62/100 brn|[from] brn
|upkeep
|turn|8
|
|t:|1760720038
|move|p1a: Dragapult|U-turn|p2a: Clodsire
|-resisted|p2a: Clodsire
|-damage|p2a: Clodsire|55/100 brn
|
|t:|1760720047
|switch|p1a: Ting-Lu|Ting-Lu|100/100|[from] U-turn
|-ability|p1a: Ting-Lu|Vessel of Ruin
|move|p2a: Clodsire|Earthquake|p1a: Ting-Lu
|-damage|p1a: Ting-Lu|90/100
|
|-heal|p2a: Clodsire|61/100 brn|[from] item: Leftovers
|-damage|p2a: Clodsire|55/100 brn|[from] brn
|upkeep
|turn|9
|
|t:|1760720059
|switch|p2a: Tinkaton|Tinkaton, F|100/100
|-damage|p2a: Tinkaton|94/100|[from] Stealth Rock
|-ability|p2a: Tinkaton|Mold Breaker
|-item|p2a: Tinkaton|Air Balloon
|move|p1a: Ting-Lu|Earthquake|p2a: Tinkaton
|-immune|p2a: Tinkaton
|
|upkeep
|turn|10
|
|t:|1760720075
|move|p2a: Tinkaton|Encore|p1a: Ting-Lu
|-start|p1a: Ting-Lu|Encore
|move|p1a: Ting-Lu|Earthquake|p2a: Tinkaton
|-immune|p2a: Tinkaton
|
|upkeep
|turn|11
|
|t:|1760720084
|switch|p1a: Mew|Mew|100/100
|move|p2a: Tinkaton|Stealth Rock|p1a: Mew
|-sidestart|p1: volcanionisgrand|move: Stealth Rock
|
|upkeep
|turn|12
|
|t:|1760720096
|switch|p2a: Hatterene|Hatterene, F|100/100
|-damage|p2a: Hatterene|88/100|[from] Stealth Rock
|move|p1a: Mew|Dragon Dance|p1a: Mew
|-boost|p1a: Mew|atk|1
|-boost|p1a: Mew|spe|1
|
|upkeep
|turn|13
|
|t:|1760720104
|move|p1a: Mew|Knock Off|p2a: Hatterene
|-damage|p2a: Hatterene|51/100
|-damage|p1a: Mew|84/100|[from] item: Rocky Helmet|[of] p2a: Hatterene
|-enditem|p2a: Hatterene|Rocky Helmet|[from] move: Knock Off|[of] p1a: Mew
|move|p2a: Hatterene|Nuzzle|p1a: Mew
|-damage|p1a: Mew|80/100
|-status|p1a: Mew|par
|-activate|p1a: Mew|ability: Synchronize
|-status|p2a: Hatterene|par
|
|upkeep
|turn|14
|
|t:|1760720112
|cant|p1a: Mew|par
|move|p2a: Hatterene|Pain Split|p1a: Mew
|-sethp|p1a: Mew|64/100 par|[from] move: Pain Split|[silent]
|-sethp|p2a: Hatterene|69/100 par|[from] move: Pain Split
|
|upkeep
|turn|15
|
|t:|1760720117
|cant|p1a: Mew|par
|move|p2a: Hatterene|Draining Kiss|p1a: Mew
|-damage|p1a: Mew|41/100 par
|-heal|p2a: Hatterene|87/100 par|[from] drain|[of] p1a: Mew
|
|upkeep
|turn|16
|
|t:|1760720123
|move|p1a: Mew|Psychic Fangs|p2a: Hatterene
|-resisted|p2a: Hatterene
|-damage|p2a: Hatterene|59/100 par
|move|p2a: Hatterene|Draining Kiss|p1a: Mew
|-damage|p1a: Mew|20/100 par
|-heal|p2a: Hatterene|77/100 par|[from] drain|[of] p1a: Mew
|
|upkeep
|turn|17
|
|t:|1760720128
|move|p1a: Mew|Psychic Fangs|p2a: Hatterene
|-resisted|p2a: Hatterene
|-damage|p2a: Hatterene|44/100 par
|move|p2a: Hatterene|Draining Kiss|p1a: Mew
|-damage|p1a: Mew|0 fnt
|-heal|p2a: Hatterene|59/100 par|[from] drain|[of] p1a: Mew
|faint|p1a: Mew
|
|upkeep
|
|t:|1760720136
|switch|p1a: Dragapult|Dragapult, M|71/100
|-damage|p1a: Dragapult|59/100|[from] Stealth Rock
|turn|18
|
|t:|1760720160
|switch|p2a: Samurott|Samurott-Hisui, F|100/100
|move|p1a: Dragapult|Hex|p2a: Samurott
|-resisted|p2a: Samurott
|-damage|p2a: Samurott|82/100
|
|upkeep
|turn|19
|inactive|motorskk has 120 seconds left.
|
|t:|1760720194
|move|p1a: Dragapult|Dragon Darts|p2a: Samurott
|-damage|p2a: Samurott|52/100
|-anim|p1a: Dragapult|Dragon Darts|p2a: Samurott
|-damage|p2a: Samurott|20/100
|move|p2a: Samurott|Razor Shell|p1a: Dragapult
|-resisted|p1a: Dragapult
|-damage|p1a: Dragapult|26/100
|
|upkeep
|turn|20
|
|t:|1760720201
|move|p2a: Samurott|Sucker Punch|p1a: Dragapult
|-supereffective|p1a: Dragapult
|-damage|p1a: Dragapult|0 fnt
|faint|p1a: Dragapult
|
|upkeep
|
|t:|1760720205
|switch|p1a: Enamorus|Enamorus, F|100/100
|-damage|p1a: Enamorus|76/100|[from] Stealth Rock
|turn|21
|
|t:|1760720215
|move|p1a: Enamorus|Moonblast|p2a: Samurott
|-supereffective|p2a: Samurott
|-damage|p2a: Samurott|0 fnt
|faint|p2a: Samurott
|
|upkeep
|inactive|motorskk has 120 seconds left.
|
|t:|1760720229
|switch|p2a: Tinkaton|Tinkaton, F|94/100
|-damage|p2a: Tinkaton|88/100|[from] Stealth Rock
|-ability|p2a: Tinkaton|Mold Breaker
|-item|p2a: Tinkaton|Air Balloon
|turn|22
|
|t:|1760720240
|move|p1a: Enamorus|Moonblast|p2a: Tinkaton
|-resisted|p2a: Tinkaton
|-damage|p2a: Tinkaton|67/100
|-unboost|p2a: Tinkaton|spa|1
|-enditem|p2a: Tinkaton|Air Balloon
|move|p2a: Tinkaton|Gigaton Hammer|p1a: Enamorus
|-supereffective|p1a: Enamorus
|-damage|p1a: Enamorus|0 fnt
|faint|p1a: Enamorus
|
|upkeep
|
|t:|1760720241
|switch|p1a: Ting-Lu|Ting-Lu|90/100
|-damage|p1a: Ting-Lu|84/100|[from] Stealth Rock
|-ability|p1a: Ting-Lu|Vessel of Ruin
|turn|23
|l| Clock Obsessed
|
|t:|1760720251
|switch|p2a: Moltres|Moltres|100/100 par
|move|p1a: Ting-Lu|Earthquake|p2a: Moltres
|-immune|p2a: Moltres
|
|upkeep
|turn|24
|
|t:|1760720266
|move|p1a: Ting-Lu|Ruination|p2a: Moltres
|-damage|p2a: Moltres|51/100 par
|move|p2a: Moltres|U-turn|p1a: Ting-Lu
|-supereffective|p1a: Ting-Lu
|-damage|p1a: Ting-Lu|71/100
|-damage|p2a: Moltres|34/100 par|[from] item: Rocky Helmet|[of] p1a: Ting-Lu
|inactive|motorskk has 120 seconds left.
|
|t:|1760720293
|switch|p2a: Hatterene|Hatterene, F|59/100 par|[from] U-turn
|-damage|p2a: Hatterene|47/100 par|[from] Stealth Rock
|
|upkeep
|turn|25
|inactive|motorskk has 120 seconds left.
|
|t:|1760720300
|move|p1a: Ting-Lu|Earthquake|p2a: Hatterene
|-damage|p2a: Hatterene|18/100 par
|move|p2a: Hatterene|Draining Kiss|p1a: Ting-Lu
|-supereffective|p1a: Ting-Lu
|-damage|p1a: Ting-Lu|43/100
|-heal|p2a: Hatterene|52/100 par|[from] drain|[of] p1a: Ting-Lu
|-damage|p2a: Hatterene|36/100 par|[from] item: Rocky Helmet|[of] p1a: Ting-Lu
|
|upkeep
|turn|26
|
|t:|1760720308
|move|p1a: Ting-Lu|Earthquake|p2a: Hatterene
|-damage|p2a: Hatterene|3/100 par
|move|p2a: Hatterene|Draining Kiss|p1a: Ting-Lu
|-supereffective|p1a: Ting-Lu
|-damage|p1a: Ting-Lu|13/100
|-heal|p2a: Hatterene|39/100 par|[from] drain|[of] p1a: Ting-Lu
|-damage|p2a: Hatterene|22/100 par|[from] item: Rocky Helmet|[of] p1a: Ting-Lu
|
|upkeep
|turn|27
|
|t:|1760720321
|move|p1a: Ting-Lu|Earthquake|p2a: Hatterene
|-damage|p2a: Hatterene|0 fnt
|faint|p2a: Hatterene
|
|upkeep
|
|t:|1760720322
|switch|p2a: Moltres|Moltres|34/100 par
|turn|28
|
|t:|1760720330
|move|p1a: Ting-Lu|Earthquake|p2a: Moltres
|-immune|p2a: Moltres
|move|p2a: Moltres|Roost|p2a: Moltres
|-heal|p2a: Moltres|84/100 par
|-singleturn|p2a: Moltres|move: Roost
|
|upkeep
|turn|29
|
|t:|1760720339
|switch|p2a: Tinkaton|Tinkaton, F|67/100
|-damage|p2a: Tinkaton|61/100|[from] Stealth Rock
|-ability|p2a: Tinkaton|Mold Breaker
|move|p1a: Ting-Lu|Ruination|p2a: Tinkaton|[miss]
|-miss|p1a: Ting-Lu|p2a: Tinkaton
|
|upkeep
|turn|30
|
|t:|1760720344
|move|p2a: Tinkaton|Gigaton Hammer|p1a: Ting-Lu
|-damage|p1a: Ting-Lu|0 fnt
|faint|p1a: Ting-Lu
|
|upkeep
|
|t:|1760720348
|switch|p1a: Tinkaton|Tinkaton, F|41/100
|-damage|p1a: Tinkaton|35/100|[from] Stealth Rock
|-ability|p1a: Tinkaton|Mold Breaker
|turn|31
|
|t:|1760720356
|move|p2a: Tinkaton|Thunder Wave|p1a: Tinkaton
|-status|p1a: Tinkaton|par
|move|p1a: Tinkaton|Thunder Wave|p2a: Tinkaton
|-status|p2a: Tinkaton|par
|
|upkeep
|turn|32
|
|t:|1760720367
|switch|p2a: Moltres|Moltres|84/100 par
|switch|p1a: Kingambit|Kingambit, M|100/100
|-damage|p1a: Kingambit|94/100|[from] Stealth Rock
|-activate|p1a: Kingambit|ability: Supreme Overlord
|-start|p1a: Kingambit|fallen4|[silent]
|
|-heal|p1a: Kingambit|100/100|[from] item: Leftovers
|upkeep
|turn|33
|
|t:|1760720382
|-end|p1a: Kingambit|fallen4|[silent]
|switch|p1a: Tinkaton|Tinkaton, F|35/100 par
|-damage|p1a: Tinkaton|29/100 par|[from] Stealth Rock
|-ability|p1a: Tinkaton|Mold Breaker
|move|p2a: Moltres|Flamethrower|p1a: Tinkaton
|-supereffective|p1a: Tinkaton
|-damage|p1a: Tinkaton|0 fnt
|faint|p1a: Tinkaton
|
|upkeep
|
|t:|1760720387
|switch|p1a: Kingambit|Kingambit, M|100/100
|-damage|p1a: Kingambit|94/100|[from] Stealth Rock
|-activate|p1a: Kingambit|ability: Supreme Overlord
|-start|p1a: Kingambit|fallen5|[silent]
|turn|34
|
|t:|1760720392
|move|p1a: Kingambit|Swords Dance|p1a: Kingambit
|-boost|p1a: Kingambit|atk|2
|move|p2a: Moltres|Flamethrower|p1a: Kingambit
|-supereffective|p1a: Kingambit
|-crit|p1a: Kingambit
|-damage|p1a: Kingambit|0 fnt
|faint|p1a: Kingambit
|-end|p1a: Kingambit|fallen5|[silent]
|
|win|motorskk
|raw|volcanionisgrand's rating: 1565 &rarr; <strong>1545</strong><br />(-20 for losing)
|raw|motorskk's rating: 1562 &rarr; <strong>1582</strong><br />(+20 for winning)
|l|☆volcanionisgrand
|player|p1|
|l|☆motorskk
|player|p2|
