|j|☆Barronmaster
|j|☆vghhjg
|t:|1760790336
|gametype|singles
|player|p1|Barronmaster|palmer|1599
|player|p2|vghhjg|265|1632
|gen|9
|tier|[Gen 9] OU
|rated|
|rule|HP Percentage Mod: HP is shown in percentages
|rule|Endless Battle Clause: Forcing endless battles is banned
|rule|Species Clause: Limit one of each Pokémon
|rule|OHKO Clause: OHKO moves are banned
|rule|Evasion Items Clause: Evasion items are banned
|rule|Evasion Moves Clause: Evasion moves are banned
|rule|Evasion Abilities Clause: Evasion abilities are banned
|rule|Sleep Moves Clause: Sleep-inducing moves are banned
|clearpoke
|poke|p1|Hoopa-Unbound|
|poke|p1|Ninetales-Alola, M|
|poke|p1|Slowking-Galar, M|
|poke|p1|Cloyster, F|
|poke|p1|Zoroark, M|
|poke|p1|Indeedee, M|
|poke|p2|Ribombee, F|
|poke|p2|Gholdengo|
|poke|p2|Dragonite, F|
|poke|p2|Great Tusk|
|poke|p2|Pecharunt|
|poke|p2|Kingambit, F|
|teampreview
|
|t:|1760790371
|teamsize|p1|6
|teamsize|p2|6
|start
|switch|p1a: Ninetales|Ninetales-Alola, M|100/100
|switch|p2a: Pecharunt|Pecharunt|100/100
|-weather|Snowscape|[from] ability: Snow Warning|[of] p1a: Ninetales
|turn|1
|c|☆vghhjg|hey hello!
|
|t:|1760790383
|-terastallize|p1a: Ninetales|Steel
|move|p1a: Ninetales|Nasty Plot|p1a: Ninetales
|-boost|p1a: Ninetales|spa|2
|move|p2a: Pecharunt|Malignant Chain|p1a: Ninetales
|-immune|p1a: Ninetales
|
|-weather|Snowscape|[upkeep]
|upkeep
|turn|2
|
|t:|1760790400
|switch|p2a: Dragonite|Dragonite, F|100/100
|move|p1a: Ninetales|Blizzard|p2a: Dragonite
|-supereffective|p2a: Dragonite
|-damage|p2a: Dragonite|0 fnt
|faint|p2a: Dragonite
|
|-weather|Snowscape|[upkeep]
|upkeep
|
|t:|1760790403
|switch|p2a: Ribombee|Ribombee, F|100/100
|turn|3
|
|t:|1760790410
|move|p2a: Ribombee|Stun Spore|p1a: Ninetales|[miss]
|-miss|p2a: Ribombee|p1a: Ninetales
|move|p1a: Ninetales|Blizzard|p2a: Ribombee
|-enditem|p2a: Ribombee|Focus Sash
|-damage|p2a: Ribombee|1/100
|
|-weather|Snowscape|[upkeep]
|upkeep
|turn|4
|
|t:|1760790414
|move|p2a: Ribombee|Stun Spore|p1a: Ninetales
|-status|p1a: Ninetales|par
|move|p1a: Ninetales|Aurora Veil|p1a: Ninetales
|-sidestart|p1: Barronmaster|move: Aurora Veil
|
|-weather|Snowscape|[upkeep]
|upkeep
|turn|5
|
|t:|1760790419
|switch|p1a: Slowking|Slowking-Galar, M|100/100
|move|p2a: Ribombee|Sticky Web|p1a: Slowking
|-sidestart|p1: Barronmaster|move: Sticky Web
|
|-weather|none
|upkeep
|turn|6
|
|t:|1760790422
|move|p2a: Ribombee|Stun Spore|p1a: Slowking|[miss]
|-miss|p2a: Ribombee|p1a: Slowking
|move|p1a: Slowking|Nasty Plot|p1a: Slowking
|-boost|p1a: Slowking|spa|2
|
|upkeep
|turn|7
|
|t:|1760790425
|move|p2a: Ribombee|Stun Spore|p1a: Slowking
|-status|p1a: Slowking|par
|move|p1a: Slowking|Psychic Noise|p2a: Ribombee
|-damage|p2a: Ribombee|0 fnt
|faint|p2a: Ribombee
|
|upkeep
|
|t:|1760790434
|switch|p2a: Great Tusk|Great Tusk|100/100
|turn|8
|
|t:|1760790438
|move|p2a: Great Tusk|Stealth Rock|p1a: Slowking
|-sidestart|p1: Barronmaster|move: Stealth Rock
|move|p1a: Slowking|Trick Room|p1a: Slowking
|-fieldstart|move: Trick Room|[of] p1a: Slowking
|
|upkeep
|turn|9
|
|t:|1760790452
|move|p1a: Slowking|Flamethrower|p2a: Great Tusk
|-damage|p2a: Great Tusk|4/100
|move|p2a: Great Tusk|Knock Off|p1a: Slowking
|-supereffective|p1a: Slowking
|-damage|p1a: Slowking|65/100 par
|-enditem|p1a: Slowking|Leftovers|[from] move: Knock Off|[of] p2a: Great Tusk
|
|upkeep
|turn|10
|
|t:|1760790459
|move|p1a: Slowking|Psychic Noise|p2a: Great Tusk
|-supereffective|p2a: Great Tusk
|-damage|p2a: Great Tusk|0 fnt
|faint|p2a: Great Tusk
|-end|p2a: Great Tusk|Protosynthesis|[silent]
|
|upkeep
|inactive|Battle timer is ON: inactive players will automatically lose when time's up. (requested by Barronmaster)
|
|t:|1760790487
|switch|p2a: Kingambit|Kingambit, F|100/100
|-activate|p2a: Kingambit|ability: Supreme Overlord
|-start|p2a: Kingambit|fallen3|[silent]
|turn|11
|
|t:|1760790504
|move|p2a: Kingambit|Sucker Punch|p1a: Slowking
|-supereffective|p1a: Slowking
|-damage|p1a: Slowking|1/100 par
|move|p1a: Slowking|Flamethrower|p2a: Kingambit
|-supereffective|p2a: Kingambit
|-damage|p2a: Kingambit|0 fnt
|faint|p2a: Kingambit
|-end|p2a: Kingambit|fallen3|[silent]
|
|-sideend|p1: Barronmaster|move: Aurora Veil
|upkeep
|c|☆Barronmaster|Gg
|c|☆vghhjg|lmao
|c|☆Barronmaster|Hello
|c|☆vghhjg|hello :P
|inactive|vghhjg has 120 seconds left.
|c|☆Barronmaster|You p
|
|t:|1760790557
|switch|p2a: Pecharunt|Pecharunt|100/100
|turn|12
|c|☆vghhjg|?
|
|t:|1760790567
|cant|p1a: Slowking|par
|move|p2a: Pecharunt|Nasty Plot|p2a: Pecharunt
|-boost|p2a: Pecharunt|spa|2
|
|-fieldend|move: Trick Room
|upkeep
|turn|13
|
|t:|1760790578
|move|p2a: Pecharunt|Hex|p1a: Slowking
|-supereffective|p1a: Slowking
|-damage|p1a: Slowking|0 fnt
|faint|p1a: Slowking
|
|upkeep
|
|t:|1760790580
|switch|p1a: Hoopa|Hoopa-Unbound|100/100
|-activate|p1a: Hoopa|move: Sticky Web
|-unboost|p1a: Hoopa|spe|1
|-damage|p1a: Hoopa|88/100|[from] Stealth Rock
|turn|14
|inactive|vghhjg has 120 seconds left.
|
|t:|1760790589
|move|p2a: Pecharunt|Malignant Chain|p1a: Hoopa
|-damage|p1a: Hoopa|48/100
|-status|p1a: Hoopa|tox
|-start|p1a: Hoopa|confusion|[from] ability: Poison Puppeteer|[of] p2a: Pecharunt
|-activate|p1a: Hoopa|confusion
|-damage|p1a: Hoopa|20/100 tox|[from] confusion
|
|-damage|p1a: Hoopa|14/100 tox|[from] psn
|upkeep
|turn|15
|
|t:|1760790599
|move|p2a: Pecharunt|Hex|p1a: Hoopa
|-damage|p1a: Hoopa|0 fnt
|faint|p1a: Hoopa
|
|upkeep
|
|t:|1760790603
|switch|p1a: Indeedee|Indeedee, M|100/100
|-activate|p1a: Indeedee|move: Sticky Web
|-unboost|p1a: Indeedee|spe|1
|-damage|p1a: Indeedee|88/100|[from] Stealth Rock
|-fieldstart|move: Psychic Terrain|[from] ability: Psychic Surge|[of] p1a: Indeedee
|turn|16
|
|t:|1760790609
|move|p2a: Pecharunt|Malignant Chain|p1a: Indeedee
|-crit|p1a: Indeedee
|-damage|p1a: Indeedee|0 fnt
|faint|p1a: Indeedee
|
|upkeep
|c|☆Barronmaster|What a f j
|
|t:|1760790627
|switch|p1a: Ninetales|Ninetales-Alola, M, tera:Steel|100/100 par
|-activate|p1a: Ninetales|move: Sticky Web
|-unboost|p1a: Ninetales|spe|1
|-damage|p1a: Ninetales|94/100 par|[from] Stealth Rock
|-weather|Snowscape|[from] ability: Snow Warning|[of] p1a: Ninetales
|turn|17
|
|t:|1760790630
|move|p2a: Pecharunt|Hex|p1a: Ninetales
|-damage|p1a: Ninetales|0 fnt
|faint|p1a: Ninetales
|
|-weather|Snowscape|[upkeep]
|upkeep
|
|t:|1760790633
|switch|p1a: Cloyster|Cloyster, F|100/100
|-activate|p1a: Cloyster|move: Sticky Web
|-unboost|p1a: Cloyster|spe|1
|-damage|p1a: Cloyster|88/100|[from] Stealth Rock
|turn|18
|
|t:|1760790639
|move|p2a: Pecharunt|Malignant Chain|p1a: Cloyster
|-damage|p1a: Cloyster|0 fnt
|replace|p1a: Zoroark|Zoroark, M
|-end|p1a: Zoroark|Illusion
|faint|p1a: Zoroark
|
|-weather|Snowscape|[upkeep]
|upkeep
|-message|Barronmaster forfeited.
|
|win|vghhjg
|raw|Barronmaster's rating: 1599 &rarr; <strong>1581</strong><br />(-18 for losing)
|raw|vghhjg's rating: 1632 &rarr; <strong>1650</strong><br />(+18 for winning)
|l|☆Barronmaster
|player|p1|
|l|☆vghhjg
|player|p2|
