|j|☆GEM0816
|j|☆Charle_phate
|t:|1760766113
|gametype|singles
|player|p1|GEM0816|lady|1262
|player|p2|Charle_phate|blue|1319
|gen|9
|tier|[Gen 9] OU
|rated|
|rule|HP Percentage Mod: HP is shown in percentages
|rule|Endless Battle Clause: Forcing endless battles is banned
|rule|Species Clause: Limit one of each Pokémon
|rule|OHKO Clause: OHKO moves are banned
|rule|Evasion Items Clause: Evasion items are banned
|rule|Evasion Moves Clause: Evasion moves are banned
|rule|Evasion Abilities Clause: Evasion abilities are banned
|rule|Sleep Moves Clause: Sleep-inducing moves are banned
|clearpoke
|poke|p1|Gallade, M|
|poke|p1|Zoroark-Hisui, M|
|poke|p1|Corviknight, M|
|poke|p1|Clodsire, M|
|poke|p1|Arcanine, M|
|poke|p1|Dachsbun, M|
|poke|p2|Serperior, M|
|poke|p2|Rotom-Wash|
|poke|p2|Zapdos|
|poke|p2|Heatran, M|
|poke|p2|Clefable, M|
|poke|p2|Landorus-Therian, M|
|teampreview
|inactive|Battle timer is ON: inactive players will automatically lose when time's up. (requested by Charle_phate)
|
|t:|1760766119
|teamsize|p1|6
|teamsize|p2|6
|start
|switch|p1a: 艾路雷朵|Gallade, M|100/100
|switch|p2a: Rotom|Rotom-Wash|100/100
|turn|1
|
|t:|1760766133
|switch|p1a: 土王|Clodsire, M|100/100
|move|p2a: Rotom|Will-O-Wisp|p1a: 土王
|-status|p1a: 土王|brn
|
|-damage|p1a: 土王|94/100 brn|[from] brn
|upkeep
|turn|2
|
|t:|1760766158
|switch|p2a: Heatran|Heatran, M|100/100
|move|p1a: 土王|Toxic|p2a: Heatran
|-immune|p2a: Heatran
|
|-heal|p1a: 土王|100/100 brn|[from] item: Black Sludge
|-damage|p1a: 土王|94/100 brn|[from] brn
|upkeep
|turn|3
|inactive|Charle_phate has 120 seconds left.
|
|t:|1760766180
|move|p2a: Heatran|Substitute|p2a: Heatran
|-start|p2a: Heatran|Substitute
|-damage|p2a: Heatran|76/100
|move|p1a: 土王|Earthquake|p2a: Heatran
|-supereffective|p2a: Heatran
|-end|p2a: Heatran|Substitute
|
|-heal|p2a: Heatran|82/100|[from] item: Leftovers
|-heal|p1a: 土王|100/100 brn|[from] item: Black Sludge
|-damage|p1a: 土王|94/100 brn|[from] brn
|upkeep
|turn|4
|inactive|Charle_phate has 120 seconds left.
|
|t:|1760766195
|switch|p2a: Serperior|Serperior, M|100/100
|move|p1a: 土王|Earthquake|p2a: Serperior
|-resisted|p2a: Serperior
|-damage|p2a: Serperior|92/100
|
|-heal|p2a: Serperior|98/100|[from] item: Leftovers
|-heal|p1a: 土王|100/100 brn|[from] item: Black Sludge
|-damage|p1a: 土王|94/100 brn|[from] brn
|upkeep
|turn|5
|inactive|Charle_phate has 120 seconds left.
|
|t:|1760766211
|move|p2a: Serperior|Substitute|p2a: Serperior
|-start|p2a: Serperior|Substitute
|-damage|p2a: Serperior|73/100
|move|p1a: 土王|Poison Jab|p2a: Serperior
|-supereffective|p2a: Serperior
|-end|p2a: Serperior|Substitute
|
|-heal|p2a: Serperior|80/100|[from] item: Leftovers
|-heal|p1a: 土王|100/100 brn|[from] item: Black Sludge
|-damage|p1a: 土王|94/100 brn|[from] brn
|upkeep
|turn|6
|inactive|Charle_phate has 120 seconds left.
|
|t:|1760766231
|switch|p2a: Clefable|Clefable, M|100/100
|move|p1a: 土王|Poison Jab|p2a: Clefable
|-supereffective|p2a: Clefable
|-damage|p2a: Clefable|85/100
|
|-heal|p2a: Clefable|91/100|[from] item: Leftovers
|-heal|p1a: 土王|100/100 brn|[from] item: Black Sludge
|-damage|p1a: 土王|94/100 brn|[from] brn
|upkeep
|turn|7
|
|t:|1760766243
|move|p2a: Clefable|Defense Curl|p2a: Clefable
|-boost|p2a: Clefable|def|1
|move|p1a: 土王|Toxic|p2a: Clefable
|-status|p2a: Clefable|tox
|
|-heal|p2a: Clefable|97/100 tox|[from] item: Leftovers
|-heal|p1a: 土王|100/100 brn|[from] item: Black Sludge
|-damage|p1a: 土王|94/100 brn|[from] brn
|upkeep
|turn|8
|
|t:|1760766254
|move|p2a: Clefable|Calm Mind|p2a: Clefable
|-boost|p2a: Clefable|spa|1
|-boost|p2a: Clefable|spd|1
|move|p1a: 土王|Poison Jab|p2a: Clefable
|-supereffective|p2a: Clefable
|-damage|p2a: Clefable|87/100 tox
|
|-heal|p2a: Clefable|93/100 tox|[from] item: Leftovers
|-heal|p1a: 土王|100/100 brn|[from] item: Black Sludge
|-damage|p1a: 土王|94/100 brn|[from] brn
|upkeep
|turn|9
|
|t:|1760766273
|switch|p1a: 艾路雷朵|Gallade, M|100/100
|move|p2a: Clefable|Calm Mind|p2a: Clefable
|-boost|p2a: Clefable|spa|1
|-boost|p2a: Clefable|spd|1
|
|-heal|p2a: Clefable|99/100 tox|[from] item: Leftovers
|upkeep
|turn|10
|
|t:|1760766289
|-terastallize|p1a: 艾路雷朵|Grass
|move|p1a: 艾路雷朵|Leaf Blade|p2a: Clefable
|-damage|p2a: Clefable|38/100 tox
|move|p2a: Clefable|Stored Power|p1a: 艾路雷朵
|-damage|p1a: 艾路雷朵|51/100
|
|-heal|p2a: Clefable|44/100 tox|[from] item: Leftovers
|upkeep
|turn|11
|inactive|Charle_phate has 90 seconds left.
|
|t:|1760766320
|-terastallize|p2a: Clefable|Fire
|move|p1a: 艾路雷朵|Leaf Blade|p2a: Clefable
|-resisted|p2a: Clefable
|-damage|p2a: Clefable|16/100 tox
|move|p2a: Clefable|Draining Kiss|p1a: 艾路雷朵
|-damage|p1a: 艾路雷朵|19/100
|-heal|p2a: Clefable|35/100 tox|[from] drain|[of] p1a: 艾路雷朵
|
|-heal|p2a: Clefable|41/100 tox|[from] item: Leftovers
|upkeep
|turn|12
|
|t:|1760766339
|switch|p1a: 土王|Clodsire, M|94/100 brn
|move|p2a: Clefable|Draining Kiss|p1a: 土王
|-resisted|p1a: 土王
|-damage|p1a: 土王|85/100 brn
|-heal|p2a: Clefable|49/100 tox|[from] drain|[of] p1a: 土王
|
|-heal|p2a: Clefable|55/100 tox|[from] item: Leftovers
|-heal|p1a: 土王|91/100 brn|[from] item: Black Sludge
|-damage|p1a: 土王|85/100 brn|[from] brn
|upkeep
|turn|13
|
|t:|1760766352
|move|p2a: Clefable|Defense Curl|p2a: Clefable
|-boost|p2a: Clefable|def|1
|move|p1a: 土王|Earthquake|p2a: Clefable
|-supereffective|p2a: Clefable
|-damage|p2a: Clefable|45/100 tox
|
|-heal|p2a: Clefable|52/100 tox|[from] item: Leftovers
|-heal|p1a: 土王|91/100 brn|[from] item: Black Sludge
|-damage|p1a: 土王|85/100 brn|[from] brn
|upkeep
|turn|14
|
|t:|1760766365
|switch|p1a: 艾路雷朵|Gallade, M, tera:Grass|19/100
|move|p2a: Clefable|Defense Curl|p2a: Clefable
|-boost|p2a: Clefable|def|1
|
|-heal|p2a: Clefable|58/100 tox|[from] item: Leftovers
|upkeep
|turn|15
|
|t:|1760766375
|move|p1a: 艾路雷朵|Sacred Sword|p2a: Clefable
|-damage|p2a: Clefable|0 fnt
|faint|p2a: Clefable
|
|upkeep
|inactive|Charle_phate has 60 seconds left.
|
|t:|1760766401
|switch|p2a: Zapdos|Zapdos|100/100
|turn|16
|
|t:|1760766408
|switch|p1a: 土王|Clodsire, M|85/100 brn
|move|p2a: Zapdos|Discharge|p1a: 土王
|-immune|p1a: 土王
|
|-heal|p1a: 土王|91/100 brn|[from] item: Black Sludge
|-damage|p1a: 土王|85/100 brn|[from] brn
|upkeep
|turn|17
|inactive|Charle_phate has 60 seconds left.
|
|t:|1760766428
|move|p2a: Zapdos|Hurricane|p1a: 土王
|-damage|p1a: 土王|55/100 brn
|-start|p1a: 土王|confusion
|-activate|p1a: 土王|confusion
|move|p1a: 土王|Toxic|p2a: Zapdos
|-status|p2a: Zapdos|tox
|-enditem|p2a: Zapdos|Lum Berry|[eat]
|-curestatus|p2a: Zapdos|tox|[msg]
|
|-heal|p1a: 土王|61/100 brn|[from] item: Black Sludge
|-damage|p1a: 土王|55/100 brn|[from] brn
|upkeep
|turn|18
|inactive|Charle_phate has 60 seconds left.
|
|t:|1760766442
|switch|p2a: Heatran|Heatran, M|82/100
|-end|p1a: 土王|confusion
|move|p1a: 土王|Toxic|p2a: Heatran
|-immune|p2a: Heatran
|
|-heal|p2a: Heatran|88/100|[from] item: Leftovers
|-heal|p1a: 土王|61/100 brn|[from] item: Black Sludge
|-damage|p1a: 土王|55/100 brn|[from] brn
|upkeep
|turn|19
|inactive|Charle_phate has 60 seconds left.
|inactive|Charle_phate has 30 seconds left.
|inactive|Charle_phate has 20 seconds left.
|inactive|Charle_phate has 15 seconds left.
|inactive|Charle_phate has 10 seconds left.
|
|t:|1760766505
|move|p2a: Heatran|Substitute|p2a: Heatran
|-start|p2a: Heatran|Substitute
|-damage|p2a: Heatran|63/100
|move|p1a: 土王|Earthquake|p2a: Heatran
|-supereffective|p2a: Heatran
|-end|p2a: Heatran|Substitute
|
|-heal|p2a: Heatran|69/100|[from] item: Leftovers
|-heal|p1a: 土王|61/100 brn|[from] item: Black Sludge
|-damage|p1a: 土王|55/100 brn|[from] brn
|upkeep
|turn|20
|inactive|Charle_phate has 20 seconds left this turn.
|inactive|Charle_phate has 15 seconds left.
|inactive|Charle_phate has 10 seconds left.
|inactive|Charle_phate has 5 seconds left.
|
|t:|1760766523
|move|p2a: Heatran|Ancient Power|p1a: 土王
|-resisted|p1a: 土王
|-damage|p1a: 土王|51/100 brn
|move|p1a: 土王|Earthquake|p2a: Heatran
|-supereffective|p2a: Heatran
|-damage|p2a: Heatran|22/100
|
|-heal|p2a: Heatran|28/100|[from] item: Leftovers
|-heal|p1a: 土王|57/100 brn|[from] item: Black Sludge
|-damage|p1a: 土王|51/100 brn|[from] brn
|upkeep
|turn|21
|inactive|Charle_phate has 15 seconds left this turn.
|inactive|Charle_phate has 10 seconds left.
|
|t:|1760766533
|move|p2a: Heatran|Magma Storm|p1a: 土王
|-damage|p1a: 土王|29/100 brn
|-activate|p1a: 土王|move: Magma Storm|[of] p2a: Heatran
|move|p1a: 土王|Earthquake|p2a: Heatran
|-supereffective|p2a: Heatran
|-damage|p2a: Heatran|0 fnt
|faint|p2a: Heatran
|
|-heal|p1a: 土王|35/100 brn|[from] item: Black Sludge
|-damage|p1a: 土王|29/100 brn|[from] brn
|-end|p1a: 土王|Magma Storm|[partiallytrapped]|[silent]
|upkeep
|inactive|Charle_phate has 15 seconds left this turn.
|inactive|Charle_phate has 10 seconds left.
|inactive|Charle_phate has 5 seconds left.
|
|t:|1760766544
|switch|p2a: Landorus|Landorus-Therian, M|100/100
|-ability|p2a: Landorus|Intimidate|boost
|-unboost|p1a: 土王|atk|1
|turn|22
|inactive|Charle_phate has 15 seconds left this turn.
|inactive|Charle_phate has 10 seconds left.
|
|t:|1760766551
|switch|p1a: 钢铠鸦|Corviknight, M|100/100
|move|p2a: Landorus|Earthquake|p1a: 钢铠鸦
|-immune|p1a: 钢铠鸦
|
|upkeep
|turn|23
|inactive|Charle_phate has 20 seconds left this turn.
|
|t:|1760766561
|switch|p2a: Zapdos|Zapdos|100/100
|switch|p1a: 麻花犬|Dachsbun, M|100/100
|
|upkeep
|turn|24
|inactive|Charle_phate has 30 seconds left this turn.
|
|t:|1760766568
|move|p2a: Zapdos|Discharge|p1a: 麻花犬
|-damage|p1a: 麻花犬|45/100
|move|p1a: 麻花犬|Wish|p1a: 麻花犬
|
|-heal|p1a: 麻花犬|51/100|[from] item: Leftovers
|upkeep
|turn|25
|inactive|Charle_phate has 30 seconds left.
|
|t:|1760766578
|switch|p1a: 土王|Clodsire, M|29/100 brn
|move|p2a: Zapdos|Hurricane|p1a: 土王
|-damage|p1a: 土王|0 fnt
|faint|p1a: 土王
|
|upkeep
|
|t:|1760766587
|switch|p1a: 麻花犬|Dachsbun, M|51/100
|turn|26
|
|t:|1760766591
|move|p1a: 麻花犬|Protect|p1a: 麻花犬
|-singleturn|p1a: 麻花犬|Protect
|move|p2a: Zapdos|Discharge|p1a: 麻花犬
|-activate|p1a: 麻花犬|move: Protect
|
|-heal|p1a: 麻花犬|57/100|[from] item: Leftovers
|upkeep
|turn|27
|
|t:|1760766600
|move|p2a: Zapdos|Discharge|p1a: 麻花犬
|-damage|p1a: 麻花犬|3/100
|-status|p1a: 麻花犬|par
|move|p1a: 麻花犬|Wish|p1a: 麻花犬
|
|-heal|p1a: 麻花犬|9/100 par|[from] item: Leftovers
|upkeep
|turn|28
|
|t:|1760766612
|move|p1a: 麻花犬|Protect|p1a: 麻花犬
|-singleturn|p1a: 麻花犬|Protect
|move|p2a: Zapdos|Ancient Power|p1a: 麻花犬
|-activate|p1a: 麻花犬|move: Protect
|
|-heal|p1a: 麻花犬|59/100 par|[from] move: Wish|[wisher] 麻花犬
|-heal|p1a: 麻花犬|65/100 par|[from] item: Leftovers
|upkeep
|turn|29
|
|t:|1760766622
|move|p2a: Zapdos|Hurricane|p1a: 麻花犬|[miss]
|-miss|p2a: Zapdos|p1a: 麻花犬
|move|p1a: 麻花犬|Wish|p1a: 麻花犬
|
|-heal|p1a: 麻花犬|71/100 par|[from] item: Leftovers
|upkeep
|turn|30
|
|t:|1760766636
|switch|p2a: Serperior|Serperior, M|80/100
|switch|p1a: 艾路雷朵|Gallade, M, tera:Grass|19/100
|
|-heal|p1a: 艾路雷朵|70/100|[from] move: Wish|[wisher] 麻花犬
|-heal|p2a: Serperior|86/100|[from] item: Leftovers
|upkeep
|turn|31
|inactive|Charle_phate has 60 seconds left.
|
|t:|1760766648
|move|p2a: Serperior|Glare|p1a: 艾路雷朵
|-status|p1a: 艾路雷朵|par
|cant|p1a: 艾路雷朵|par
|
|-heal|p2a: Serperior|92/100|[from] item: Leftovers
|upkeep
|turn|32
|inactive|Charle_phate has 60 seconds left.
|
|t:|1760766657
|move|p2a: Serperior|Substitute|p2a: Serperior
|-start|p2a: Serperior|Substitute
|-damage|p2a: Serperior|67/100
|move|p1a: 艾路雷朵|Triple Axel|p2a: Serperior
|-supereffective|p2a: Serperior
|-end|p2a: Serperior|Substitute
|-supereffective|p2a: Serperior
|-damage|p2a: Serperior|15/100
|-supereffective|p2a: Serperior
|-damage|p2a: Serperior|0 fnt
|faint|p2a: Serperior
|-hitcount|p2: Serperior|3
|
|upkeep
|inactive|Charle_phate has 60 seconds left.
|
|t:|1760766670
|switch|p2a: Landorus|Landorus-Therian, M|100/100
|-ability|p2a: Landorus|Intimidate|boost
|-unboost|p1a: 艾路雷朵|atk|1
|turn|33
|inactive|Charle_phate has 60 seconds left.
|
|t:|1760766681
|move|p2a: Landorus|Stealth Rock|p1a: 艾路雷朵
|-sidestart|p1: GEM0816|move: Stealth Rock
|move|p1a: 艾路雷朵|Triple Axel|p2a: Landorus
|-supereffective|p2a: Landorus
|-damage|p2a: Landorus|68/100
|-hitcount|p2a: Landorus|1
|
|-heal|p2a: Landorus|74/100|[from] item: Leftovers
|upkeep
|turn|34
|inactive|Charle_phate has 60 seconds left.
|
|t:|1760766692
|move|p2a: Landorus|Earthquake|p1a: 艾路雷朵
|-resisted|p1a: 艾路雷朵
|-damage|p1a: 艾路雷朵|26/100 par
|move|p1a: 艾路雷朵|Triple Axel|p2a: Landorus
|-supereffective|p2a: Landorus
|-damage|p2a: Landorus|39/100
|-supereffective|p2a: Landorus
|-damage|p2a: Landorus|0 fnt
|faint|p2a: Landorus
|-hitcount|p2: Landorus|2
|
|upkeep
|inactive|Charle_phate has 60 seconds left.
|
|t:|1760766710
|switch|p2a: Zapdos|Zapdos|100/100
|turn|35
|
|t:|1760766721
|move|p2a: Zapdos|Discharge|p1a: 艾路雷朵
|-resisted|p1a: 艾路雷朵
|-damage|p1a: 艾路雷朵|6/100 par
|move|p1a: 艾路雷朵|Triple Axel|p2a: Zapdos
|-supereffective|p2a: Zapdos
|-damage|p2a: Zapdos|85/100
|-supereffective|p2a: Zapdos
|-damage|p2a: Zapdos|52/100
|-supereffective|p2a: Zapdos
|-damage|p2a: Zapdos|3/100
|-hitcount|p2a: Zapdos|3
|
|upkeep
|turn|36
|
|t:|1760766733
|move|p2a: Zapdos|Roost|p2a: Zapdos
|-heal|p2a: Zapdos|53/100
|-singleturn|p2a: Zapdos|move: Roost
|move|p1a: 艾路雷朵|Triple Axel|p2a: Zapdos
|-damage|p2a: Zapdos|45/100
|-crit|p2a: Zapdos
|-damage|p2a: Zapdos|14/100
|-damage|p2a: Zapdos|0 fnt
|faint|p2a: Zapdos
|-hitcount|p2: Zapdos|3
|
|upkeep
|
|t:|1760766745
|switch|p2a: Rotom|Rotom-Wash|100/100
|turn|37
|
|t:|1760766769
|switch|p1a: 疯狗|Arcanine, M|100/100
|-damage|p1a: 疯狗|75/100|[from] Stealth Rock
|-ability|p1a: 疯狗|Intimidate|boost
|-unboost|p2a: Rotom|atk|1
|move|p2a: Rotom|Charge Beam|p1a: 疯狗
|-damage|p1a: 疯狗|58/100
|-boost|p2a: Rotom|spa|1
|
|upkeep
|turn|38
|
|t:|1760766787
|move|p1a: 疯狗|Extreme Speed|p2a: Rotom
|-damage|p2a: Rotom|77/100
|move|p2a: Rotom|Thunder Wave|p1a: 疯狗
|-status|p1a: 疯狗|par
|
|-heal|p2a: Rotom|84/100|[from] item: Leftovers
|upkeep
|turn|39
|
|t:|1760766798
|move|p1a: 疯狗|Extreme Speed|p2a: Rotom
|-damage|p2a: Rotom|61/100
|move|p2a: Rotom|Hydro Pump|p1a: 疯狗
|-supereffective|p1a: 疯狗
|-damage|p1a: 疯狗|0 fnt
|faint|p1a: 疯狗
|
|-heal|p2a: Rotom|67/100|[from] item: Leftovers
|upkeep
|
|t:|1760766805
|switch|p1a: 钢铠鸦|Corviknight, M|100/100
|-damage|p1a: 钢铠鸦|88/100|[from] Stealth Rock
|turn|40
|
|t:|1760766824
|move|p2a: Rotom|Will-O-Wisp|p1a: 钢铠鸦
|-status|p1a: 钢铠鸦|brn
|move|p1a: 钢铠鸦|Defog|p2a: Rotom
|-unboost|p2a: Rotom|evasion|1
|-sideend|p1: GEM0816|Stealth Rock|[from] move: Defog|[of] p1a: 钢铠鸦
|
|-heal|p2a: Rotom|73/100|[from] item: Leftovers
|-heal|p1a: 钢铠鸦|94/100 brn|[from] item: Leftovers
|-damage|p1a: 钢铠鸦|88/100 brn|[from] brn
|upkeep
|turn|41
|inactive|Charle_phate has 30 seconds left.
|
|t:|1760766843
|move|p2a: Rotom|Charge Beam|p1a: 钢铠鸦
|-supereffective|p1a: 钢铠鸦
|-crit|p1a: 钢铠鸦
|-damage|p1a: 钢铠鸦|5/100 brn
|-boost|p2a: Rotom|spa|1
|move|p1a: 钢铠鸦|Body Press|p2a: Rotom
|-damage|p2a: Rotom|60/100
|
|-heal|p2a: Rotom|67/100|[from] item: Leftovers
|-heal|p1a: 钢铠鸦|11/100 brn|[from] item: Leftovers
|-damage|p1a: 钢铠鸦|5/100 brn|[from] brn
|upkeep
|turn|42
|inactive|Charle_phate has 30 seconds left.
|inactive|Charle_phate has 20 seconds left.
|inactive|Charle_phate has 15 seconds left.
|
|t:|1760766868
|move|p2a: Rotom|Charge Beam|p1a: 钢铠鸦
|-supereffective|p1a: 钢铠鸦
|-damage|p1a: 钢铠鸦|0 fnt
|-boost|p2a: Rotom|spa|1
|faint|p1a: 钢铠鸦
|
|-heal|p2a: Rotom|73/100|[from] item: Leftovers
|upkeep
|
|t:|1760766873
|switch|p1a: 麻花犬|Dachsbun, M|71/100 par
|turn|43
|inactive|Charle_phate has 30 seconds left this turn.
|inactive|Charle_phate has 20 seconds left.
|
|t:|1760766885
|move|p2a: Rotom|Hydro Pump|p1a: 麻花犬
|-damage|p1a: 麻花犬|0 fnt
|faint|p1a: 麻花犬
|
|-heal|p2a: Rotom|79/100|[from] item: Leftovers
|upkeep
|
|t:|1760766888
|switch|p1a: 艾路雷朵|Gallade, M, tera:Grass|6/100 par
|turn|44
|inactive|Charle_phate has 30 seconds left.
|inactive|Charle_phate has 20 seconds left.
|
|t:|1760766906
|move|p2a: Rotom|Charge Beam|p1a: 艾路雷朵
|-resisted|p1a: 艾路雷朵
|-damage|p1a: 艾路雷朵|0 fnt
|-boost|p2a: Rotom|spa|1
|faint|p1a: 艾路雷朵
|
|-heal|p2a: Rotom|85/100|[from] item: Leftovers
|upkeep
|
|t:|1760766909
|switch|p1a: 索罗亚克|Zoroark-Hisui, M|100/100
|turn|45
|inactive|Charle_phate has 30 seconds left.
|
|t:|1760766918
|move|p1a: 索罗亚克|Bitter Malice|p2a: Rotom
|-damage|p2a: Rotom|54/100
|-unboost|p2a: Rotom|atk|1
|move|p2a: Rotom|Thunder Wave|p1a: 索罗亚克|[miss]
|-miss|p2a: Rotom|p1a: 索罗亚克
|
|-heal|p2a: Rotom|61/100|[from] item: Leftovers
|upkeep
|turn|46
|inactive|Charle_phate has 30 seconds left.
|
|t:|1760766937
|move|p1a: 索罗亚克|Bitter Malice|p2a: Rotom
|-damage|p2a: Rotom|29/100
|-unboost|p2a: Rotom|atk|1
|move|p2a: Rotom|Thunder Wave|p1a: 索罗亚克
|-status|p1a: 索罗亚克|par
|
|-heal|p2a: Rotom|35/100|[from] item: Leftovers
|upkeep
|turn|47
|inactive|Charle_phate has 30 seconds left.
|
|t:|1760766943
|cant|p1a: 索罗亚克|par
|move|p2a: Rotom|Hydro Pump|p1a: 索罗亚克
|-damage|p1a: 索罗亚克|0 fnt
|faint|p1a: 索罗亚克
|
|win|Charle_phate
|raw|GEM0816's rating: 1262 &rarr; <strong>1244</strong><br />(-18 for losing)
|raw|Charle_phate's rating: 1360 &rarr; <strong>1375</strong><br />(+15 for winning)
|l|☆GEM0816
|player|p1|
|l|☆Charle_phate
|player|p2|
