|j|☆Pkcoach
|j|☆yyetu5678
|t:|1760857918
|gametype|singles
|player|p1|Pkcoach|mira|1182
|player|p2|yyetu5678|265|1133
|gen|9
|tier|[Gen 9] OU
|rated|
|rule|HP Percentage Mod: HP is shown in percentages
|rule|Endless Battle Clause: Forcing endless battles is banned
|rule|Species Clause: Limit one of each Pokémon
|rule|OHKO Clause: OHKO moves are banned
|rule|Evasion Items Clause: Evasion items are banned
|rule|Evasion Moves Clause: Evasion moves are banned
|rule|Evasion Abilities Clause: Evasion abilities are banned
|rule|Sleep Moves Clause: Sleep-inducing moves are banned
|clearpoke
|poke|p1|Lokix, M|
|poke|p1|Corviknight, M|
|poke|p1|Grimmsnarl, M|
|poke|p1|Landorus-Therian, M|
|poke|p1|Rotom-Wash|
|poke|p1|Slowking-Galar, M|
|poke|p2|Corviknight, F|
|poke|p2|Alomomola, M|
|poke|p2|Dugtrio, M|
|poke|p2|Lokix, F|
|poke|p2|Salazzle, F|
|poke|p2|Tyranitar, M|
|teampreview
|inactive|Battle timer is ON: inactive players will automatically lose when time's up. (requested by Pkcoach)
|
|t:|1760857934
|teamsize|p1|6
|teamsize|p2|6
|start
|switch|p1a: Rotom|Rotom-Wash, shiny|100/100
|switch|p2a: Alomomola|Alomomola, M|100/100
|turn|1
|
|t:|1760857941
|move|p1a: Rotom|Volt Switch|p2a: Alomomola
|-supereffective|p2a: Alomomola
|-damage|p2a: Alomomola|12/100
|
|t:|1760857945
|switch|p1a: Grimmsnarl|Grimmsnarl, M|100/100|[from] Volt Switch
|move|p2a: Alomomola|Light Screen|p2a: Alomomola
|-sidestart|p2: yyetu5678|move: Light Screen
|
|upkeep
|turn|2
|
|t:|1760857955
|switch|p2a: Salazzle|Salazzle, F|100/100
|move|p1a: Grimmsnarl|Light Screen|p1a: Grimmsnarl
|-sidestart|p1: Pkcoach|move: Light Screen
|
|upkeep
|turn|3
|
|t:|1760857961
|move|p1a: Grimmsnarl|Parting Shot|p2a: Salazzle
|-unboost|p2a: Salazzle|atk|1
|-unboost|p2a: Salazzle|spa|1
|
|t:|1760857965
|switch|p1a: Rotom|Rotom-Wash, shiny|100/100|[from] Parting Shot
|move|p2a: Salazzle|Toxic|p1a: Rotom
|-status|p1a: Rotom|tox
|
|-damage|p1a: Rotom|94/100 tox|[from] psn
|upkeep
|turn|4
|
|t:|1760857980
|switch|p2a: Tyranitar|Tyranitar, M|100/100
|-weather|Sandstorm|[from] ability: Sand Stream|[of] p2a: Tyranitar
|move|p1a: Rotom|Volt Switch|p2a: Tyranitar
|-damage|p2a: Tyranitar|89/100
|
|t:|1760857988
|switch|p1a: Corviknight|Corviknight, M, shiny|100/100|[from] Volt Switch
|
|-weather|Sandstorm|[upkeep]
|upkeep
|turn|5
|
|t:|1760858013
|switch|p2a: Salazzle|Salazzle, F|100/100
|move|p1a: Corviknight|Body Press|p2a: Salazzle
|-resisted|p2a: Salazzle
|-damage|p2a: Salazzle|78/100
|
|-weather|Sandstorm|[upkeep]
|-damage|p2a: Salazzle|72/100|[from] Sandstorm
|-sideend|p2: yyetu5678|move: Light Screen
|upkeep
|turn|6
|
|t:|1760858029
|switch|p1a: Rotom|Rotom-Wash, shiny|94/100 tox
|move|p2a: Salazzle|Toxic|p1a: Rotom
|-fail|p1a: Rotom|tox
|
|-weather|Sandstorm|[upkeep]
|-damage|p1a: Rotom|88/100 tox|[from] Sandstorm
|-damage|p2a: Salazzle|66/100|[from] Sandstorm
|-damage|p1a: Rotom|82/100 tox|[from] psn
|upkeep
|turn|7
|
|t:|1760858046
|-terastallize|p2a: Salazzle|Dragon
|move|p1a: Rotom|Hydro Pump|p2a: Salazzle
|-resisted|p2a: Salazzle
|-damage|p2a: Salazzle|25/100
|move|p2a: Salazzle|Dragon Pulse|p1a: Rotom
|-damage|p1a: Rotom|61/100 tox
|
|-weather|Sandstorm|[upkeep]
|-damage|p1a: Rotom|54/100 tox|[from] Sandstorm
|-damage|p2a: Salazzle|19/100|[from] Sandstorm
|-damage|p1a: Rotom|42/100 tox|[from] psn
|upkeep
|turn|8
|
|t:|1760858059
|switch|p2a: Alomomola|Alomomola, M|45/100
|move|p1a: Rotom|Hydro Pump|p2a: Alomomola|[miss]
|-miss|p1a: Rotom|p2a: Alomomola
|
|-weather|none
|-damage|p1a: Rotom|23/100 tox|[from] psn
|upkeep
|turn|9
|
|t:|1760858070
|switch|p1a: Slowking|Slowking-Galar, M, shiny|100/100
|switch|p2a: Corviknight|Corviknight, F|100/100
|
|-sideend|p1: Pkcoach|move: Light Screen
|upkeep
|turn|10
|
|t:|1760858078
|move|p2a: Corviknight|Tailwind|p2a: Corviknight
|-sidestart|p2: yyetu5678|move: Tailwind
|move|p1a: Slowking|Future Sight|p2a: Corviknight
|-start|p1a: Slowking|move: Future Sight
|
|upkeep
|turn|11
|
|t:|1760858088
|switch|p2a: Tyranitar|Tyranitar, M|89/100
|-weather|Sandstorm|[from] ability: Sand Stream|[of] p2a: Tyranitar
|move|p1a: Slowking|Fire Blast|p2a: Tyranitar
|-resisted|p2a: Tyranitar
|-crit|p2a: Tyranitar
|-damage|p2a: Tyranitar|71/100
|-status|p2a: Tyranitar|brn
|
|-weather|Sandstorm|[upkeep]
|-damage|p1a: Slowking|94/100|[from] Sandstorm
|-damage|p2a: Tyranitar|65/100 brn|[from] brn
|upkeep
|turn|12
|
|t:|1760858105
|switch|p1a: Corviknight|Corviknight, M, shiny|100/100
|move|p2a: Tyranitar|Knock Off|p1a: Corviknight
|-damage|p1a: Corviknight|87/100
|-damage|p2a: Tyranitar|49/100 brn|[from] item: Rocky Helmet|[of] p1a: Corviknight
|-enditem|p1a: Corviknight|Rocky Helmet|[from] move: Knock Off|[of] p2a: Tyranitar
|
|-weather|Sandstorm|[upkeep]
|-end|p2a: Tyranitar|move: Future Sight
|-immune|p2a: Tyranitar
|-damage|p2a: Tyranitar|43/100 brn|[from] brn
|upkeep
|turn|13
|inactive|yyetu5678 has 120 seconds left.
|
|t:|1760858123
|switch|p2a: Alomomola|Alomomola, M|78/100
|move|p1a: Corviknight|Body Press|p2a: Alomomola
|-damage|p2a: Alomomola|60/100
|-damage|p1a: Corviknight|71/100|[from] item: Rocky Helmet|[of] p2a: Alomomola
|
|-weather|Sandstorm|[upkeep]
|-damage|p2a: Alomomola|54/100|[from] Sandstorm
|-sideend|p2: yyetu5678|move: Tailwind
|upkeep
|turn|14
|inactive|yyetu5678 has 120 seconds left.
|
|t:|1760858135
|switch|p1a: Slowking|Slowking-Galar, M, shiny|100/100
|move|p2a: Alomomola|Wish|p2a: Alomomola
|
|-weather|Sandstorm|[upkeep]
|-damage|p2a: Alomomola|48/100|[from] Sandstorm
|-damage|p1a: Slowking|94/100|[from] Sandstorm
|upkeep
|turn|15
|inactive|yyetu5678 has 120 seconds left.
|
|t:|1760858147
|move|p2a: Alomomola|Flip Turn|p1a: Slowking
|-damage|p1a: Slowking|70/100
|
|t:|1760858151
|switch|p2a: Salazzle|Salazzle, F, tera:Dragon|19/100|[from] Flip Turn
|move|p1a: Slowking|Focus Blast|p2a: Salazzle|[miss]
|-miss|p1a: Slowking|p2a: Salazzle
|
|-weather|none
|-heal|p2a: Salazzle|100/100|[from] move: Wish|[wisher] Alomomola
|upkeep
|turn|16
|
|t:|1760858163
|move|p2a: Salazzle|Toxic|p1a: Slowking
|-status|p1a: Slowking|tox
|move|p1a: Slowking|Future Sight|p2a: Salazzle
|-start|p1a: Slowking|move: Future Sight
|
|-damage|p1a: Slowking|64/100 tox|[from] psn
|upkeep
|turn|17
|
|t:|1760858171
|switch|p2a: Tyranitar|Tyranitar, M|43/100 brn
|-weather|Sandstorm|[from] ability: Sand Stream|[of] p2a: Tyranitar
|move|p1a: Slowking|Acid Spray|p2a: Tyranitar
|-resisted|p2a: Tyranitar
|-damage|p2a: Tyranitar|36/100 brn
|-unboost|p2a: Tyranitar|spd|2
|
|-weather|Sandstorm|[upkeep]
|-damage|p1a: Slowking|58/100 tox|[from] Sandstorm
|-damage|p1a: Slowking|46/100 tox|[from] psn
|-damage|p2a: Tyranitar|30/100 brn|[from] brn
|upkeep
|turn|18
|
|t:|1760858190
|switch|p2a: Alomomola|Alomomola, M|81/100
|switch|p1a: LANDO|Landorus-Therian, M, shiny|100/100
|-ability|p1a: LANDO|Intimidate|boost
|-unboost|p2a: Alomomola|atk|1
|
|-weather|Sandstorm|[upkeep]
|-damage|p2a: Alomomola|75/100|[from] Sandstorm
|-end|p2a: Alomomola|move: Future Sight
|-damage|p2a: Alomomola|0 fnt
|faint|p2a: Alomomola
|upkeep
|inactive|yyetu5678 has 120 seconds left.
|
|t:|1760858211
|switch|p2a: Salazzle|Salazzle, F, tera:Dragon|100/100
|turn|19
|
|t:|1760858219
|move|p1a: LANDO|Earthquake|p2a: Salazzle
|-damage|p2a: Salazzle|4/100
|move|p2a: Salazzle|Toxic|p1a: LANDO
|-status|p1a: LANDO|tox
|
|-weather|Sandstorm|[upkeep]
|-damage|p2a: Salazzle|0 fnt|[from] Sandstorm
|faint|p2a: Salazzle
|-damage|p1a: LANDO|95/100 tox|[from] psn
|upkeep
|
|t:|1760858241
|switch|p2a: Corviknight|Corviknight, F|100/100
|turn|20
|
|t:|1760858246
|switch|p1a: Slowking|Slowking-Galar, M, shiny|79/100 tox
|move|p2a: Corviknight|Reflect|p2a: Corviknight
|-sidestart|p2: yyetu5678|Reflect
|
|-weather|Sandstorm|[upkeep]
|-damage|p1a: Slowking|73/100 tox|[from] Sandstorm
|-damage|p1a: Slowking|67/100 tox|[from] psn
|upkeep
|turn|21
|
|t:|1760858260
|move|p2a: Corviknight|U-turn|p1a: Slowking
|-damage|p1a: Slowking|51/100 tox
|
|t:|1760858268
|switch|p2a: Dugtrio|Dugtrio, M|100/100|[from] U-turn
|move|p1a: Slowking|Focus Blast|p2a: Dugtrio
|-damage|p2a: Dugtrio|7/100
|
|-weather|none
|-damage|p1a: Slowking|39/100 tox|[from] psn
|upkeep
|turn|22
|
|t:|1760858287
|switch|p1a: LANDO|Landorus-Therian, M, shiny|95/100 tox
|-ability|p1a: LANDO|Intimidate|boost
|-unboost|p2a: Dugtrio|atk|1
|move|p2a: Dugtrio|Smack Down|p1a: LANDO
|-damage|p1a: LANDO|82/100 tox
|-start|p1a: LANDO|Smack Down
|
|-damage|p1a: LANDO|76/100 tox|[from] psn
|upkeep
|turn|23
|
|t:|1760858299
|switch|p2a: Corviknight|Corviknight, F|100/100
|move|p1a: LANDO|Stone Edge|p2a: Corviknight
|-damage|p2a: Corviknight|84/100
|
|-damage|p1a: LANDO|64/100 tox|[from] psn
|upkeep
|turn|24
|
|t:|1760858312
|switch|p1a: Slowking|Slowking-Galar, M, shiny|72/100 tox
|move|p2a: Corviknight|Body Press|p1a: Slowking
|-resisted|p1a: Slowking
|-damage|p1a: Slowking|67/100 tox
|
|-damage|p1a: Slowking|61/100 tox|[from] psn
|-sideend|p2: yyetu5678|Reflect
|upkeep
|turn|25
|
|t:|1760858322
|move|p2a: Corviknight|Reflect|p2a: Corviknight
|-sidestart|p2: yyetu5678|Reflect
|move|p1a: Slowking|Fire Blast|p2a: Corviknight
|-supereffective|p2a: Corviknight
|-damage|p2a: Corviknight|13/100
|
|-damage|p1a: Slowking|48/100 tox|[from] psn
|upkeep
|turn|26
|-message|yyetu5678 forfeited.
|
|win|Pkcoach
|raw|Pkcoach's rating: 1182 &rarr; <strong>1203</strong><br />(+21 for winning)
|raw|yyetu5678's rating: 1133 &rarr; <strong>1112</strong><br />(-21 for losing)
|l|☆yyetu5678
|player|p2|
|l|☆Pkcoach
|player|p1|
|j|☆Pkcoach
|player|p1|Pkcoach|mira|
|l|☆Pkcoach
|player|p1|
