|j|☆lyeskoriche
|j|☆HZBKAI7
|t:|1760849552
|gametype|singles
|player|p1|lyeskoriche|bugcatcher-gen4dp|1165
|player|p2|HZBKAI7|2|1148
|gen|9
|tier|[Gen 9] OU
|rated|
|rule|HP Percentage Mod: HP is shown in percentages
|rule|Endless Battle Clause: Forcing endless battles is banned
|rule|Species Clause: Limit one of each Pokémon
|rule|OHKO Clause: OHKO moves are banned
|rule|Evasion Items Clause: Evasion items are banned
|rule|Evasion Moves Clause: Evasion moves are banned
|rule|Evasion Abilities Clause: Evasion abilities are banned
|rule|Sleep Moves Clause: Sleep-inducing moves are banned
|clearpoke
|poke|p1|Bronzong|
|poke|p1|Bellibolt, F|
|poke|p1|Slowbro-Galar, M|
|poke|p1|Rillaboom, M|
|poke|p1|Venomoth, F|
|poke|p1|Mandibuzz, F|
|poke|p2|Kingambit, F|
|poke|p2|Iron Treads|
|poke|p2|Necrozma|
|poke|p2|Pecharunt|
|poke|p2|Enamorus, F|
|poke|p2|Samurott-Hisui, F|
|teampreview
|
|t:|1760849564
|teamsize|p1|6
|teamsize|p2|6
|start
|switch|p1a: Rillaboom|Rillaboom, M|100/100
|switch|p2a: Kingambit|Kingambit, F, shiny|100/100
|-fieldstart|move: Grassy Terrain|[from] ability: Grassy Surge|[of] p1a: Rillaboom
|turn|1
|
|t:|1760849570
|move|p1a: Rillaboom|Swords Dance|p1a: Rillaboom
|-boost|p1a: Rillaboom|atk|2
|move|p2a: Kingambit|Kowtow Cleave|p1a: Rillaboom
|-damage|p1a: Rillaboom|59/100
|
|-heal|p1a: Rillaboom|65/100|[from] Grassy Terrain
|upkeep
|turn|2
|
|t:|1760849577
|move|p1a: Rillaboom|Knock Off|p2a: Kingambit
|-resisted|p2a: Kingambit
|-damage|p2a: Kingambit|83/100
|-enditem|p2a: Kingambit|Black Glasses|[from] move: Knock Off|[of] p1a: Rillaboom
|move|p2a: Kingambit|Kowtow Cleave|p1a: Rillaboom
|-damage|p1a: Rillaboom|33/100
|
|-heal|p1a: Rillaboom|39/100|[from] Grassy Terrain
|-heal|p2a: Kingambit|89/100|[from] Grassy Terrain
|upkeep
|turn|3
|
|t:|1760849585
|move|p1a: Rillaboom|Grassy Glide|p2a: Kingambit
|-resisted|p2a: Kingambit
|-damage|p2a: Kingambit|68/100
|move|p2a: Kingambit|Kowtow Cleave|p1a: Rillaboom
|-damage|p1a: Rillaboom|7/100
|
|-heal|p1a: Rillaboom|14/100|[from] Grassy Terrain
|-heal|p2a: Kingambit|74/100|[from] Grassy Terrain
|upkeep
|turn|4
|
|t:|1760849601
|move|p1a: Rillaboom|Grassy Glide|p2a: Kingambit
|-resisted|p2a: Kingambit
|-damage|p2a: Kingambit|53/100
|move|p2a: Kingambit|Kowtow Cleave|p1a: Rillaboom
|-damage|p1a: Rillaboom|0 fnt
|faint|p1a: Rillaboom
|
|-heal|p2a: Kingambit|59/100|[from] Grassy Terrain
|upkeep
|
|t:|1760849613
|switch|p1a: Mandibuzz|Mandibuzz, F, shiny|100/100
|turn|5
|
|t:|1760849619
|move|p1a: Mandibuzz|Nasty Plot|p1a: Mandibuzz
|-boost|p1a: Mandibuzz|spa|2
|move|p2a: Kingambit|Iron Head|p1a: Mandibuzz
|-damage|p1a: Mandibuzz|57/100
|-ability|p1a: Mandibuzz|Weak Armor|boost
|-unboost|p1a: Mandibuzz|def|1
|-boost|p1a: Mandibuzz|spe|2
|
|-heal|p2a: Kingambit|65/100|[from] Grassy Terrain
|-fieldend|move: Grassy Terrain
|upkeep
|turn|6
|
|t:|1760849623
|move|p1a: Mandibuzz|Air Slash|p2a: Kingambit
|-resisted|p2a: Kingambit
|-damage|p2a: Kingambit|33/100
|-damage|p1a: Mandibuzz|47/100|[from] item: Life Orb
|move|p2a: Kingambit|Iron Head|p1a: Mandibuzz
|-damage|p1a: Mandibuzz|0 fnt
|faint|p1a: Mandibuzz
|
|upkeep
|
|t:|1760849635
|switch|p1a: Venomoth|Venomoth, F|100/100
|turn|7
|
|t:|1760849636
|move|p1a: Venomoth|Bug Buzz|p2a: Kingambit
|-damage|p2a: Kingambit|4/100
|-enditem|p1a: Venomoth|Throat Spray
|-boost|p1a: Venomoth|spa|1|[from] item: Throat Spray
|move|p2a: Kingambit|Kowtow Cleave|p1a: Venomoth
|-damage|p1a: Venomoth|20/100
|
|upkeep
|turn|8
|
|t:|1760849641
|move|p1a: Venomoth|Bug Buzz|p2a: Kingambit
|-damage|p2a: Kingambit|0 fnt
|faint|p2a: Kingambit
|-end|p2a: Kingambit|fallenundefined|[silent]
|
|upkeep
|
|t:|1760849641
|switch|p2a: Necrozma|Necrozma, shiny|100/100
|turn|9
|
|t:|1760849646
|move|p1a: Venomoth|Morning Sun|p1a: Venomoth
|-heal|p1a: Venomoth|70/100
|move|p2a: Necrozma|Photon Geyser|p1a: Venomoth
|-supereffective|p1a: Venomoth
|-damage|p1a: Venomoth|0 fnt
|faint|p1a: Venomoth
|
|upkeep
|
|t:|1760849657
|switch|p1a: Bronzong|Bronzong, shiny|100/100
|turn|10
|
|t:|1760849659
|move|p2a: Necrozma|Earth Power|p1a: Bronzong
|-immune|p1a: Bronzong|[from] ability: Levitate
|move|p1a: Bronzong|Trick|p2a: Necrozma
|-activate|p1a: Bronzong|move: Trick|[of] p2a: Necrozma
|-item|p2a: Necrozma|Choice Band|[from] move: Trick
|-item|p1a: Bronzong|Colbur Berry|[from] move: Trick
|
|upkeep
|turn|11
|
|t:|1760849663
|move|p2a: Necrozma|Earth Power|p1a: Bronzong
|-immune|p1a: Bronzong|[from] ability: Levitate
|move|p1a: Bronzong|Trick Room|p1a: Bronzong
|-fieldstart|move: Trick Room|[of] p1a: Bronzong
|
|upkeep
|turn|12
|
|t:|1760849666
|move|p1a: Bronzong|Gyro Ball|p2a: Necrozma
|-damage|p2a: Necrozma|84/100
|move|p2a: Necrozma|Earth Power|p1a: Bronzong
|-immune|p1a: Bronzong|[from] ability: Levitate
|
|upkeep
|turn|13
|
|t:|1760849670
|move|p1a: Bronzong|Zen Headbutt|p2a: Necrozma
|-resisted|p2a: Necrozma
|-damage|p2a: Necrozma|73/100
|move|p2a: Necrozma|Earth Power|p1a: Bronzong
|-immune|p1a: Bronzong|[from] ability: Levitate
|
|upkeep
|turn|14
|
|t:|1760849675
|move|p1a: Bronzong|Zen Headbutt|p2a: Necrozma
|-resisted|p2a: Necrozma
|-damage|p2a: Necrozma|62/100
|move|p2a: Necrozma|Earth Power|p1a: Bronzong
|-immune|p1a: Bronzong|[from] ability: Levitate
|
|upkeep
|turn|15
|
|t:|1760849679
|move|p1a: Bronzong|Zen Headbutt|p2a: Necrozma
|-resisted|p2a: Necrozma
|-damage|p2a: Necrozma|52/100
|move|p2a: Necrozma|Earth Power|p1a: Bronzong
|-immune|p1a: Bronzong|[from] ability: Levitate
|
|-fieldend|move: Trick Room
|upkeep
|turn|16
|
|t:|1760849682
|move|p2a: Necrozma|Earth Power|p1a: Bronzong
|-immune|p1a: Bronzong|[from] ability: Levitate
|move|p1a: Bronzong|Trick Room|p1a: Bronzong
|-fieldstart|move: Trick Room|[of] p1a: Bronzong
|
|upkeep
|turn|17
|
|t:|1760849684
|move|p1a: Bronzong|Zen Headbutt|p2a: Necrozma
|-resisted|p2a: Necrozma
|-damage|p2a: Necrozma|41/100
|move|p2a: Necrozma|Earth Power|p1a: Bronzong
|-immune|p1a: Bronzong|[from] ability: Levitate
|
|upkeep
|turn|18
|
|t:|1760849686
|move|p1a: Bronzong|Zen Headbutt|p2a: Necrozma
|-resisted|p2a: Necrozma
|-damage|p2a: Necrozma|30/100
|cant|p2a: Necrozma|flinch
|
|upkeep
|turn|19
|
|t:|1760849689
|move|p1a: Bronzong|Zen Headbutt|p2a: Necrozma
|-resisted|p2a: Necrozma
|-damage|p2a: Necrozma|20/100
|move|p2a: Necrozma|Earth Power|p1a: Bronzong
|-immune|p1a: Bronzong|[from] ability: Levitate
|
|upkeep
|turn|20
|
|t:|1760849692
|move|p1a: Bronzong|Gyro Ball|p2a: Necrozma
|-damage|p2a: Necrozma|5/100
|move|p2a: Necrozma|Earth Power|p1a: Bronzong
|-immune|p1a: Bronzong|[from] ability: Levitate
|
|-fieldend|move: Trick Room
|upkeep
|turn|21
|
|t:|1760849694
|move|p2a: Necrozma|Earth Power|p1a: Bronzong
|-immune|p1a: Bronzong|[from] ability: Levitate
|move|p1a: Bronzong|Trick Room|p1a: Bronzong
|-fieldstart|move: Trick Room|[of] p1a: Bronzong
|
|upkeep
|turn|22
|
|t:|1760849697
|move|p1a: Bronzong|Zen Headbutt|p2a: Necrozma
|-resisted|p2a: Necrozma
|-damage|p2a: Necrozma|0 fnt
|faint|p2a: Necrozma
|
|upkeep
|
|t:|1760849697
|switch|p2a: Iron Treads|Iron Treads|100/100
|turn|23
|
|t:|1760849708
|move|p1a: Bronzong|Gyro Ball|p2a: Iron Treads
|-resisted|p2a: Iron Treads
|-damage|p2a: Iron Treads|85/100
|move|p2a: Iron Treads|Earthquake|p1a: Bronzong
|-immune|p1a: Bronzong|[from] ability: Levitate
|
|upkeep
|turn|24
|
|t:|1760849714
|move|p1a: Bronzong|Zen Headbutt|p2a: Iron Treads
|-resisted|p2a: Iron Treads
|-damage|p2a: Iron Treads|74/100
|move|p2a: Iron Treads|Earthquake|p1a: Bronzong
|-immune|p1a: Bronzong|[from] ability: Levitate
|
|upkeep
|turn|25
|
|t:|1760849717
|move|p1a: Bronzong|Zen Headbutt|p2a: Iron Treads
|-resisted|p2a: Iron Treads
|-damage|p2a: Iron Treads|62/100
|move|p2a: Iron Treads|Earthquake|p1a: Bronzong
|-immune|p1a: Bronzong|[from] ability: Levitate
|
|-fieldend|move: Trick Room
|upkeep
|turn|26
|
|t:|1760849720
|move|p2a: Iron Treads|Earthquake|p1a: Bronzong
|-immune|p1a: Bronzong|[from] ability: Levitate
|move|p1a: Bronzong|Trick Room|p1a: Bronzong
|-fieldstart|move: Trick Room|[of] p1a: Bronzong
|
|upkeep
|turn|27
|
|t:|1760849722
|move|p1a: Bronzong|Zen Headbutt|p2a: Iron Treads
|-resisted|p2a: Iron Treads
|-crit|p2a: Iron Treads
|-damage|p2a: Iron Treads|45/100
|move|p2a: Iron Treads|Earthquake|p1a: Bronzong
|-immune|p1a: Bronzong|[from] ability: Levitate
|
|upkeep
|turn|28
|
|t:|1760849724
|move|p1a: Bronzong|Zen Headbutt|p2a: Iron Treads
|-resisted|p2a: Iron Treads
|-damage|p2a: Iron Treads|34/100
|cant|p2a: Iron Treads|flinch
|
|upkeep
|turn|29
|
|t:|1760849726
|move|p1a: Bronzong|Zen Headbutt|p2a: Iron Treads
|-resisted|p2a: Iron Treads
|-damage|p2a: Iron Treads|23/100
|move|p2a: Iron Treads|Earthquake|p1a: Bronzong
|-immune|p1a: Bronzong|[from] ability: Levitate
|
|upkeep
|turn|30
|
|t:|1760849729
|move|p1a: Bronzong|Zen Headbutt|p2a: Iron Treads
|-resisted|p2a: Iron Treads
|-damage|p2a: Iron Treads|11/100
|move|p2a: Iron Treads|Earthquake|p1a: Bronzong
|-immune|p1a: Bronzong|[from] ability: Levitate
|
|-fieldend|move: Trick Room
|upkeep
|turn|31
|
|t:|1760849731
|move|p2a: Iron Treads|Earthquake|p1a: Bronzong
|-immune|p1a: Bronzong|[from] ability: Levitate
|move|p1a: Bronzong|Trick Room|p1a: Bronzong
|-fieldstart|move: Trick Room|[of] p1a: Bronzong
|
|upkeep
|turn|32
|
|t:|1760849733
|move|p1a: Bronzong|Zen Headbutt|p2a: Iron Treads
|-resisted|p2a: Iron Treads
|-damage|p2a: Iron Treads|0 fnt
|faint|p2a: Iron Treads
|-end|p2a: Iron Treads|Quark Drive|[silent]
|
|upkeep
|
|t:|1760849733
|switch|p2a: Pecharunt|Pecharunt|100/100
|-item|p2a: Pecharunt|Air Balloon
|turn|33
|
|t:|1760849736
|move|p1a: Bronzong|Zen Headbutt|p2a: Pecharunt|[miss]
|-miss|p1a: Bronzong|p2a: Pecharunt
|move|p2a: Pecharunt|Shadow Ball|p1a: Bronzong
|-supereffective|p1a: Bronzong
|-damage|p1a: Bronzong|51/100
|-unboost|p1a: Bronzong|spd|1
|
|upkeep
|turn|34
|
|t:|1760849738
|move|p1a: Bronzong|Zen Headbutt|p2a: Pecharunt
|-supereffective|p2a: Pecharunt
|-damage|p2a: Pecharunt|72/100
|-enditem|p2a: Pecharunt|Air Balloon
|move|p2a: Pecharunt|Shadow Ball|p1a: Bronzong
|-supereffective|p1a: Bronzong
|-damage|p1a: Bronzong|0 fnt
|faint|p1a: Bronzong
|
|upkeep
|
|t:|1760849746
|switch|p1a: Bellibolt|Bellibolt, F|100/100
|turn|35
|
|t:|1760849749
|move|p1a: Bellibolt|Acid Spray|p2a: Pecharunt
|-resisted|p2a: Pecharunt
|-damage|p2a: Pecharunt|69/100
|-unboost|p2a: Pecharunt|spd|2
|move|p2a: Pecharunt|Malignant Chain|p1a: Bellibolt
|-damage|p1a: Bellibolt|81/100
|-status|p1a: Bellibolt|tox
|-start|p1a: Bellibolt|confusion|[from] ability: Poison Puppeteer|[of] p2a: Pecharunt
|-start|p1a: Bellibolt|Charge|Malignant Chain|[from] ability: Electromorphosis
|
|-damage|p1a: Bellibolt|75/100 tox|[from] psn
|-fieldend|move: Trick Room
|upkeep
|turn|36
|
|t:|1760849757
|move|p2a: Pecharunt|Malignant Chain|p1a: Bellibolt
|-damage|p1a: Bellibolt|56/100 tox
|-start|p1a: Bellibolt|Charge|Malignant Chain|[from] ability: Electromorphosis
|-activate|p1a: Bellibolt|confusion
|move|p1a: Bellibolt|Parabolic Charge|p2a: Pecharunt
|-damage|p2a: Pecharunt|0 fnt
|-heal|p1a: Bellibolt|90/100 tox|[from] drain|[of] p2a: Pecharunt
|faint|p2a: Pecharunt
|-end|p1a: Bellibolt|Charge|[silent]
|
|-damage|p1a: Bellibolt|78/100 tox|[from] psn
|upkeep
|
|t:|1760849757
|switch|p2a: Enamorus|Enamorus, F, shiny|100/100
|turn|37
|
|t:|1760849769
|-terastallize|p1a: Bellibolt|Electric
|move|p2a: Enamorus|Earth Power|p1a: Bellibolt
|-supereffective|p1a: Bellibolt
|-damage|p1a: Bellibolt|38/100 tox
|-start|p1a: Bellibolt|Charge|Earth Power|[from] ability: Electromorphosis
|-end|p1a: Bellibolt|confusion
|move|p1a: Bellibolt|Parabolic Charge|p2a: Enamorus
|-supereffective|p2a: Enamorus
|-damage|p2a: Enamorus|0 fnt
|-heal|p1a: Bellibolt|78/100 tox|[from] drain|[of] p2a: Enamorus
|faint|p2a: Enamorus
|-end|p1a: Bellibolt|Charge|[silent]
|
|-damage|p1a: Bellibolt|60/100 tox|[from] psn
|upkeep
|
|t:|1760849769
|switch|p2a: Samurott|Samurott-Hisui, F, shiny|100/100
|turn|38
|
|t:|1760849779
|move|p2a: Samurott|Razor Shell|p1a: Bellibolt
|-damage|p1a: Bellibolt|0 fnt
|faint|p1a: Bellibolt
|
|upkeep
|
|t:|1760849782
|switch|p1a: Slowbro|Slowbro-Galar, M|100/100
|turn|39
|
|t:|1760849785
|move|p2a: Samurott|Razor Shell|p1a: Slowbro
|-damage|p1a: Slowbro|33/100
|move|p1a: Slowbro|Drain Punch|p2a: Samurott
|-supereffective|p2a: Samurott
|-damage|p2a: Samurott|14/100
|-heal|p1a: Slowbro|75/100|[from] drain|[of] p2a: Samurott
|
|upkeep
|turn|40
|-activate|p1a: Slowbro|ability: Quick Draw
|
|t:|1760849792
|move|p1a: Slowbro|Drain Punch|p2a: Samurott
|-supereffective|p2a: Samurott
|-damage|p2a: Samurott|0 fnt
|-heal|p1a: Slowbro|82/100|[from] drain|[of] p2a: Samurott
|faint|p2a: Samurott
|
|win|lyeskoriche
|raw|lyeskoriche's rating: 1195 &rarr; <strong>1217</strong><br />(+22 for winning)
|raw|HZBKAI7's rating: 1148 &rarr; <strong>1126</strong><br />(-22 for losing)
|l|☆HZBKAI7
|player|p2|
|l|☆lyeskoriche
|player|p1|
