|j|☆eatsleepjdm
|j|☆ELMATADORXD79
|t:|1760823740
|gametype|singles
|player|p1|eatsleepjdm|265|1462
|player|p2|ELMATADORXD79|102|1366
|gen|9
|tier|[Gen 9] OU
|rated|
|rule|HP Percentage Mod: HP is shown in percentages
|rule|Endless Battle Clause: Forcing endless battles is banned
|rule|Species Clause: Limit one of each Pokémon
|rule|OHKO Clause: OHKO moves are banned
|rule|Evasion Items Clause: Evasion items are banned
|rule|Evasion Moves Clause: Evasion moves are banned
|rule|Evasion Abilities Clause: Evasion abilities are banned
|rule|Sleep Moves Clause: Sleep-inducing moves are banned
|clearpoke
|poke|p1|Sableye, M|
|poke|p1|Slowking-Galar, M|
|poke|p1|Great Tusk|
|poke|p1|Ogerpon-Wellspring, F|
|poke|p1|Scizor, F|
|poke|p1|Enamorus, F|
|poke|p2|Samurott-Hisui, F|
|poke|p2|Tornadus-Therian, M|
|poke|p2|Pecharunt|
|poke|p2|Great Tusk|
|poke|p2|Clefable, F|
|poke|p2|Zamazenta-*|
|teampreview
|inactive|Battle timer is ON: inactive players will automatically lose when time's up. (requested by ELMATADORXD79)
|
|t:|1760823750
|teamsize|p1|6
|teamsize|p2|6
|start
|switch|p1a: Ogerpon|Ogerpon-Wellspring, F|100/100
|switch|p2a: Samurott|Samurott-Hisui, F|100/100
|turn|1
|
|t:|1760823754
|switch|p2a: Tornadus|Tornadus-Therian, M|100/100
|move|p1a: Ogerpon|U-turn|p2a: Tornadus
|-resisted|p2a: Tornadus
|-damage|p2a: Tornadus|82/100
|
|t:|1760823758
|switch|p1a: Slowking|Slowking-Galar, M|100/100|[from] U-turn
|
|upkeep
|turn|2
|
|t:|1760823764
|switch|p2a: Samurott|Samurott-Hisui, F|100/100
|move|p1a: Slowking|Trick|p2a: Samurott
|-activate|p1a: Slowking|move: Trick|[of] p2a: Samurott
|-item|p2a: Samurott|Black Sludge|[from] move: Trick
|-item|p1a: Slowking|Assault Vest|[from] move: Trick
|
|-damage|p2a: Samurott|88/100|[from] item: Black Sludge
|upkeep
|turn|3
|
|t:|1760823776
|switch|p1a: Sableye|Sableye, M|100/100
|move|p2a: Samurott|Ceaseless Edge|p1a: Sableye
|-damage|p1a: Sableye|56/100
|-damage|p2a: Samurott|71/100|[from] item: Rocky Helmet|[of] p1a: Sableye
|-sidestart|p1: eatsleepjdm|Spikes
|
|-damage|p2a: Samurott|59/100|[from] item: Black Sludge
|upkeep
|turn|4
|
|t:|1760823783
|move|p1a: Sableye|Reflect|p1a: Sableye
|-sidestart|p1: eatsleepjdm|Reflect
|move|p2a: Samurott|Knock Off|p1a: Sableye
|-damage|p1a: Sableye|36/100
|-damage|p2a: Samurott|42/100|[from] item: Rocky Helmet|[of] p1a: Sableye
|-enditem|p1a: Sableye|Rocky Helmet|[from] move: Knock Off|[of] p2a: Samurott
|
|-damage|p2a: Samurott|30/100|[from] item: Black Sludge
|upkeep
|turn|5
|
|t:|1760823790
|move|p1a: Sableye|Recover|p1a: Sableye
|-heal|p1a: Sableye|87/100
|move|p2a: Samurott|Razor Shell|p1a: Sableye
|-damage|p1a: Sableye|65/100
|-unboost|p1a: Sableye|def|1
|
|-damage|p2a: Samurott|17/100|[from] item: Black Sludge
|upkeep
|turn|6
|
|t:|1760823804
|switch|p1a: Great Tusk|Great Tusk|100/100
|move|p2a: Samurott|Ceaseless Edge|p1a: Great Tusk
|-resisted|p1a: Great Tusk
|-damage|p1a: Great Tusk|94/100
|-sidestart|p1: eatsleepjdm|Spikes
|
|-damage|p2a: Samurott|5/100|[from] item: Black Sludge
|upkeep
|turn|7
|
|t:|1760823811
|switch|p2a: Pecharunt|Pecharunt|100/100
|move|p1a: Great Tusk|Stealth Rock|p2a: Pecharunt
|-sidestart|p2: ELMATADORXD79|move: Stealth Rock
|
|upkeep
|turn|8
|
|t:|1760823829
|move|p1a: Great Tusk|Earthquake|p2a: Pecharunt
|-supereffective|p2a: Pecharunt
|-damage|p2a: Pecharunt|61/100
|move|p2a: Pecharunt|Malignant Chain|p1a: Great Tusk
|-resisted|p1a: Great Tusk
|-damage|p1a: Great Tusk|75/100
|-status|p1a: Great Tusk|tox
|-start|p1a: Great Tusk|confusion|[from] ability: Poison Puppeteer|[of] p2a: Pecharunt
|
|-damage|p1a: Great Tusk|69/100 tox|[from] psn
|-sideend|p1: eatsleepjdm|Reflect
|upkeep
|turn|9
|
|t:|1760823835
|-end|p1a: Great Tusk|Protosynthesis|[silent]
|switch|p1a: Sableye|Sableye, M|65/100
|-damage|p1a: Sableye|48/100|[from] Spikes
|move|p2a: Pecharunt|Recover|p2a: Pecharunt
|-heal|p2a: Pecharunt|100/100
|
|upkeep
|turn|10
|
|t:|1760823841
|switch|p2a: Samurott|Samurott-Hisui, F|5/100
|-damage|p2a: Samurott|0 fnt|[from] Stealth Rock
|faint|p2a: Samurott
|move|p1a: Sableye|Encore|p2: Samurott|[notarget]
|-fail|p1a: Sableye
|
|upkeep
|
|t:|1760823848
|switch|p2a: Tornadus|Tornadus-Therian, M|100/100
|-damage|p2a: Tornadus|76/100|[from] Stealth Rock
|turn|11
|
|t:|1760823852
|move|p1a: Sableye|Recover|p1a: Sableye
|-heal|p1a: Sableye|99/100
|move|p2a: Tornadus|Bleakwind Storm|p1a: Sableye
|-damage|p1a: Sableye|8/100
|-damage|p2a: Tornadus|66/100|[from] item: Life Orb
|
|upkeep
|turn|12
|
|t:|1760823861
|move|p1a: Sableye|Reflect|p1a: Sableye
|-sidestart|p1: eatsleepjdm|Reflect
|move|p2a: Tornadus|Bleakwind Storm|p1a: Sableye
|-damage|p1a: Sableye|0 fnt
|faint|p1a: Sableye
|-damage|p2a: Tornadus|56/100|[from] item: Life Orb
|
|upkeep
|
|t:|1760823876
|switch|p1a: Slowking|Slowking-Galar, M|100/100
|-damage|p1a: Slowking|84/100|[from] Spikes
|turn|13
|
|t:|1760823887
|switch|p2a: Pecharunt|Pecharunt|100/100
|move|p1a: Slowking|Future Sight|p2a: Pecharunt
|-start|p1a: Slowking|move: Future Sight
|
|upkeep
|turn|14
|
|t:|1760823895
|switch|p1a: Great Tusk|Great Tusk|69/100 tox
|move|p2a: Pecharunt|Parting Shot|p1a: Great Tusk
|-unboost|p1a: Great Tusk|atk|1
|-unboost|p1a: Great Tusk|spa|1
|
|t:|1760823900
|switch|p2a: Tornadus|Tornadus-Therian, M|89/100|[from] Parting Shot
|-damage|p2a: Tornadus|65/100|[from] Stealth Rock
|
|-damage|p1a: Great Tusk|63/100 tox|[from] psn
|upkeep
|turn|15
|
|t:|1760823905
|-end|p1a: Great Tusk|Protosynthesis|[silent]
|switch|p1a: Slowking|Slowking-Galar, M|100/100
|-damage|p1a: Slowking|84/100|[from] Spikes
|move|p2a: Tornadus|Grass Knot|p1a: Slowking
|-resisted|p1a: Slowking
|-crit|p1a: Slowking
|-damage|p1a: Slowking|74/100
|-damage|p2a: Tornadus|55/100|[from] item: Life Orb
|
|-end|p2a: Tornadus|move: Future Sight
|-crit|p2a: Tornadus
|-damage|p2a: Tornadus|0 fnt
|faint|p2a: Tornadus
|upkeep
|
|t:|1760823907
|switch|p2a: Great Tusk|Great Tusk|100/100
|turn|16
|
|t:|1760823913
|move|p2a: Great Tusk|Rapid Spin|p1a: Slowking
|-damage|p1a: Slowking|65/100
|-boost|p2a: Great Tusk|spe|1
|-sideend|p2: ELMATADORXD79|Stealth Rock|[from] move: Rapid Spin|[of] p2a: Great Tusk
|move|p1a: Slowking|Future Sight|p2a: Great Tusk
|-start|p1a: Slowking|move: Future Sight
|
|-sideend|p1: eatsleepjdm|Reflect
|upkeep
|turn|17
|
|t:|1760823919
|switch|p1a: Great Tusk|Great Tusk|63/100 tox
|move|p2a: Great Tusk|Knock Off|p1a: Great Tusk
|-resisted|p1a: Great Tusk
|-damage|p1a: Great Tusk|53/100 tox
|-enditem|p1a: Great Tusk|Heavy-Duty Boots|[from] move: Knock Off|[of] p2a: Great Tusk
|
|-damage|p1a: Great Tusk|47/100 tox|[from] psn
|upkeep
|turn|18
|
|t:|1760823928
|move|p2a: Great Tusk|Headlong Rush|p1a: Great Tusk
|-damage|p1a: Great Tusk|14/100 tox
|-unboost|p2a: Great Tusk|def|1
|-unboost|p2a: Great Tusk|spd|1
|move|p1a: Great Tusk|Stealth Rock|p2a: Great Tusk
|-sidestart|p2: ELMATADORXD79|move: Stealth Rock
|
|-end|p2a: Great Tusk|move: Future Sight
|-supereffective|p2a: Great Tusk
|-damage|p2a: Great Tusk|0 fnt
|faint|p2a: Great Tusk
|-end|p2a: Great Tusk|Protosynthesis|[silent]
|-damage|p1a: Great Tusk|1/100 tox|[from] psn
|upkeep
|
|t:|1760823933
|switch|p2a: Zamazenta|Zamazenta|100/100
|-damage|p2a: Zamazenta|94/100|[from] Stealth Rock
|-ability|p2a: Zamazenta|Dauntless Shield|boost
|-boost|p2a: Zamazenta|def|1
|turn|19
|
|t:|1760823936
|move|p2a: Zamazenta|Crunch|p1a: Great Tusk
|-resisted|p1a: Great Tusk
|-damage|p1a: Great Tusk|0 fnt
|faint|p1a: Great Tusk
|-end|p1a: Great Tusk|Protosynthesis|[silent]
|
|upkeep
|
|t:|1760823941
|switch|p1a: Enamorus|Enamorus, F|100/100
|turn|20
|
|t:|1760823952
|-terastallize|p2a: Zamazenta|Steel
|move|p1a: Enamorus|Moonblast|p2a: Zamazenta
|-resisted|p2a: Zamazenta
|-damage|p2a: Zamazenta|79/100
|move|p2a: Zamazenta|Heavy Slam|p1a: Enamorus
|-supereffective|p1a: Enamorus
|-damage|p1a: Enamorus|0 fnt
|faint|p1a: Enamorus
|
|upkeep
|
|t:|1760823960
|switch|p1a: Scizor|Scizor, F|100/100
|-damage|p1a: Scizor|84/100|[from] Spikes
|turn|21
|
|t:|1760823963
|move|p2a: Zamazenta|Close Combat|p1a: Scizor
|-damage|p1a: Scizor|30/100
|-unboost|p2a: Zamazenta|def|1
|-unboost|p2a: Zamazenta|spd|1
|move|p1a: Scizor|Close Combat|p2a: Zamazenta
|-supereffective|p2a: Zamazenta
|-damage|p2a: Zamazenta|0 fnt
|-unboost|p1a: Scizor|def|1
|-unboost|p1a: Scizor|spd|1
|faint|p2a: Zamazenta
|
|upkeep
|
|t:|1760823968
|switch|p2a: Pecharunt|Pecharunt|100/100
|turn|22
|
|t:|1760823973
|switch|p1a: Slowking|Slowking-Galar, M|99/100
|-damage|p1a: Slowking|82/100|[from] Spikes
|move|p2a: Pecharunt|Foul Play|p1a: Slowking
|-supereffective|p1a: Slowking
|-damage|p1a: Slowking|59/100
|
|upkeep
|turn|23
|
|t:|1760823977
|move|p2a: Pecharunt|Parting Shot|p1a: Slowking
|-unboost|p1a: Slowking|atk|1
|-unboost|p1a: Slowking|spa|1
|
|t:|1760823979
|switch|p2a: Clefable|Clefable, F|100/100|[from] Parting Shot
|move|p1a: Slowking|Future Sight|p2a: Clefable
|-start|p1a: Slowking|move: Future Sight
|
|upkeep
|turn|24
|
|t:|1760823985
|move|p2a: Clefable|Flamethrower|p1a: Slowking
|-damage|p1a: Slowking|51/100
|move|p1a: Slowking|Sludge Bomb|p2a: Clefable
|-supereffective|p2a: Clefable
|-damage|p2a: Clefable|56/100
|
|-heal|p2a: Clefable|62/100|[from] item: Leftovers
|upkeep
|turn|25
|
|t:|1760823993
|move|p2a: Clefable|Moonlight|p2a: Clefable
|-heal|p2a: Clefable|100/100
|move|p1a: Slowking|Sludge Bomb|p2a: Clefable
|-supereffective|p2a: Clefable
|-damage|p2a: Clefable|56/100
|
|-end|p2a: Clefable|move: Future Sight
|-damage|p2a: Clefable|26/100
|-heal|p2a: Clefable|32/100|[from] item: Leftovers
|upkeep
|turn|26
|
|t:|1760823997
|move|p2a: Clefable|Calm Mind|p2a: Clefable
|-boost|p2a: Clefable|spa|1
|-boost|p2a: Clefable|spd|1
|move|p1a: Slowking|Future Sight|p2a: Clefable
|-start|p1a: Slowking|move: Future Sight
|
|-heal|p2a: Clefable|38/100|[from] item: Leftovers
|upkeep
|turn|27
|
|t:|1760824000
|move|p2a: Clefable|Moonlight|p2a: Clefable
|-heal|p2a: Clefable|88/100
|move|p1a: Slowking|Sludge Bomb|p2a: Clefable
|-supereffective|p2a: Clefable
|-damage|p2a: Clefable|61/100
|
|-heal|p2a: Clefable|67/100|[from] item: Leftovers
|upkeep
|turn|28
|
|t:|1760824006
|move|p2a: Clefable|Moonlight|p2a: Clefable
|-heal|p2a: Clefable|100/100
|move|p1a: Slowking|Sludge Bomb|p2a: Clefable
|-supereffective|p2a: Clefable
|-damage|p2a: Clefable|73/100
|
|-end|p2a: Clefable|move: Future Sight
|-damage|p2a: Clefable|56/100
|-heal|p2a: Clefable|62/100|[from] item: Leftovers
|upkeep
|turn|29
|
|t:|1760824009
|switch|p1a: Ogerpon|Ogerpon-Wellspring, F|100/100
|-damage|p1a: Ogerpon|84/100|[from] Spikes
|move|p2a: Clefable|Calm Mind|p2a: Clefable
|-boost|p2a: Clefable|spa|1
|-boost|p2a: Clefable|spd|1
|
|-heal|p2a: Clefable|68/100|[from] item: Leftovers
|upkeep
|turn|30
|
|t:|1760824013
|switch|p2a: Pecharunt|Pecharunt|100/100
|-terastallize|p1a: Ogerpon|Water
|detailschange|p1a: Ogerpon|Ogerpon-Wellspring-Tera, F, tera:Water
|-ability|p1a: Ogerpon|Embody Aspect (Wellspring)|boost
|-boost|p1a: Ogerpon|spd|1
|move|p1a: Ogerpon|Ivy Cudgel|p2a: Pecharunt|[anim] Ivy Cudgel Water
|-damage|p2a: Pecharunt|64/100
|
|upkeep
|turn|31
|
|t:|1760824018
|move|p1a: Ogerpon|Ivy Cudgel|p2a: Pecharunt|[anim] Ivy Cudgel Water
|-damage|p2a: Pecharunt|25/100
|move|p2a: Pecharunt|Recover|p2a: Pecharunt
|-heal|p2a: Pecharunt|75/100
|
|upkeep
|turn|32
|
|t:|1760824023
|move|p1a: Ogerpon|Ivy Cudgel|p2a: Pecharunt|[anim] Ivy Cudgel Water
|-damage|p2a: Pecharunt|35/100
|move|p2a: Pecharunt|Recover|p2a: Pecharunt
|-heal|p2a: Pecharunt|85/100
|
|upkeep
|turn|33
|
|t:|1760824026
|move|p1a: Ogerpon|Ivy Cudgel|p2a: Pecharunt|[anim] Ivy Cudgel Water
|-damage|p2a: Pecharunt|47/100
|move|p2a: Pecharunt|Parting Shot|p1a: Ogerpon
|-unboost|p1a: Ogerpon|atk|1
|-unboost|p1a: Ogerpon|spa|1
|
|t:|1760824029
|switch|p2a: Clefable|Clefable, F|68/100|[from] Parting Shot
|
|-heal|p2a: Clefable|74/100|[from] item: Leftovers
|upkeep
|turn|34
|
|t:|1760824039
|switch|p1a: Scizor|Scizor, F|30/100
|-damage|p1a: Scizor|13/100|[from] Spikes
|move|p2a: Clefable|Moonblast|p1a: Scizor
|-resisted|p1a: Scizor
|-damage|p1a: Scizor|0 fnt
|faint|p1a: Scizor
|
|-heal|p2a: Clefable|80/100|[from] item: Leftovers
|upkeep
|
|t:|1760824040
|switch|p1a: Ogerpon|Ogerpon-Wellspring-Tera, F, tera:Water|84/100
|-damage|p1a: Ogerpon|67/100|[from] Spikes
|-ability|p1a: Ogerpon|Embody Aspect (Wellspring)|boost
|-boost|p1a: Ogerpon|spd|1
|turn|35
|
|t:|1760824048
|move|p1a: Ogerpon|Ivy Cudgel|p2a: Clefable|[anim] Ivy Cudgel Water
|-damage|p2a: Clefable|20/100
|move|p2a: Clefable|Moonblast|p1a: Ogerpon
|-damage|p1a: Ogerpon|42/100
|-unboost|p1a: Ogerpon|spa|1
|
|-heal|p2a: Clefable|26/100|[from] item: Leftovers
|upkeep
|turn|36
|
|t:|1760824051
|move|p1a: Ogerpon|Ivy Cudgel|p2a: Clefable|[anim] Ivy Cudgel Water
|-damage|p2a: Clefable|0 fnt
|faint|p2a: Clefable
|
|upkeep
|
|t:|1760824053
|switch|p2a: Pecharunt|Pecharunt|47/100
|turn|37
|
|t:|1760824056
|move|p1a: Ogerpon|Ivy Cudgel|p2a: Pecharunt|[anim] Ivy Cudgel Water
|-damage|p2a: Pecharunt|6/100
|move|p2a: Pecharunt|Recover|p2a: Pecharunt
|-heal|p2a: Pecharunt|56/100
|
|upkeep
|turn|38
|
|t:|1760824058
|move|p1a: Ogerpon|Ivy Cudgel|p2a: Pecharunt|[anim] Ivy Cudgel Water
|-damage|p2a: Pecharunt|17/100
|move|p2a: Pecharunt|Recover|p2a: Pecharunt
|-heal|p2a: Pecharunt|67/100
|
|upkeep
|turn|39
|
|t:|1760824060
|move|p1a: Ogerpon|Ivy Cudgel|p2a: Pecharunt|[anim] Ivy Cudgel Water
|-damage|p2a: Pecharunt|30/100
|move|p2a: Pecharunt|Recover|p2a: Pecharunt
|-heal|p2a: Pecharunt|80/100
|
|upkeep
|turn|40
|
|t:|1760824063
|move|p1a: Ogerpon|Ivy Cudgel|p2a: Pecharunt|[anim] Ivy Cudgel Water
|-damage|p2a: Pecharunt|43/100
|move|p2a: Pecharunt|Parting Shot|p1a: Ogerpon
|-unboost|p1a: Ogerpon|atk|1
|-unboost|p1a: Ogerpon|spa|1
|
|upkeep
|turn|41
|
|t:|1760824068
|move|p1a: Ogerpon|Ivy Cudgel|p2a: Pecharunt|[anim] Ivy Cudgel Water
|-damage|p2a: Pecharunt|18/100
|move|p2a: Pecharunt|Recover|p2a: Pecharunt
|-heal|p2a: Pecharunt|68/100
|
|upkeep
|turn|42
|
|t:|1760824071
|move|p1a: Ogerpon|Ivy Cudgel|p2a: Pecharunt|[anim] Ivy Cudgel Water
|-damage|p2a: Pecharunt|43/100
|move|p2a: Pecharunt|Malignant Chain|p1a: Ogerpon
|-damage|p1a: Ogerpon|19/100
|-status|p1a: Ogerpon|tox
|-start|p1a: Ogerpon|confusion|[from] ability: Poison Puppeteer|[of] p2a: Pecharunt
|
|-damage|p1a: Ogerpon|13/100 tox|[from] psn
|upkeep
|turn|43
|
|t:|1760824077
|-activate|p1a: Ogerpon|confusion
|-damage|p1a: Ogerpon|1/100 tox|[from] confusion
|move|p2a: Pecharunt|Recover|p2a: Pecharunt
|-heal|p2a: Pecharunt|93/100
|
|-damage|p1a: Ogerpon|0 fnt|[from] psn
|faint|p1a: Ogerpon
|detailschange|p1: Ogerpon|Ogerpon-Wellspring, F|[silent]
|upkeep
|
|t:|1760824078
|switch|p1a: Slowking|Slowking-Galar, M|85/100
|-damage|p1a: Slowking|68/100|[from] Spikes
|turn|44
|
|t:|1760824082
|move|p2a: Pecharunt|Foul Play|p1a: Slowking
|-supereffective|p1a: Slowking
|-damage|p1a: Slowking|45/100
|move|p1a: Slowking|Future Sight|p2a: Pecharunt
|-start|p1a: Slowking|move: Future Sight
|
|upkeep
|turn|45
|
|t:|1760824087
|move|p2a: Pecharunt|Foul Play|p1a: Slowking
|-supereffective|p1a: Slowking
|-damage|p1a: Slowking|21/100
|move|p1a: Slowking|Sludge Bomb|p2a: Pecharunt
|-resisted|p2a: Pecharunt
|-damage|p2a: Pecharunt|84/100
|
|upkeep
|turn|46
|
|t:|1760824091
|move|p2a: Pecharunt|Foul Play|p1a: Slowking
|-supereffective|p1a: Slowking
|-damage|p1a: Slowking|0 fnt
|faint|p1a: Slowking
|
|win|ELMATADORXD79
|raw|eatsleepjdm's rating: 1462 &rarr; <strong>1437</strong><br />(-25 for losing)
|raw|ELMATADORXD79's rating: 1366 &rarr; <strong>1391</strong><br />(+25 for winning)
|l|☆eatsleepjdm
|player|p1|
|c|☆ELMATADORXD79|gg
|l|☆ELMATADORXD79
|player|p2|
