|j|☆9thJimLeader
|j|☆lmey1209
|t:|1760890475
|gametype|singles
|player|p1|9thJimLeader|baker|1269
|player|p2|lmey1209|169|1252
|gen|9
|tier|[Gen 9] OU
|rated|
|rule|HP Percentage Mod: HP is shown in percentages
|rule|Endless Battle Clause: Forcing endless battles is banned
|rule|Species Clause: Limit one of each Pokémon
|rule|OHKO Clause: OHKO moves are banned
|rule|Evasion Items Clause: Evasion items are banned
|rule|Evasion Moves Clause: Evasion moves are banned
|rule|Evasion Abilities Clause: Evasion abilities are banned
|rule|Sleep Moves Clause: Sleep-inducing moves are banned
|clearpoke
|poke|p1|Raging Bolt|
|poke|p1|Chesnaught, M|
|poke|p1|Primarina, M|
|poke|p1|Dragonite, M|
|poke|p1|Iron Boulder|
|poke|p1|Great Tusk|
|poke|p2|Heracross, M|
|poke|p2|Charizard, F|
|poke|p2|Garchomp, F|
|poke|p2|Rotom-Wash|
|poke|p2|Iron Treads|
|poke|p2|Tyranitar, F|
|teampreview
|inactive|Battle timer is ON: inactive players will automatically lose when time's up. (requested by 9thJimLeader)
|
|t:|1760890486
|teamsize|p1|6
|teamsize|p2|6
|start
|switch|p1a: Primarina|Primarina, M|100/100
|switch|p2a: Rotom|Rotom-Wash|100/100
|turn|1
|
|t:|1760890491
|move|p2a: Rotom|Volt Switch|p1a: Primarina
|-supereffective|p1a: Primarina
|-damage|p1a: Primarina|51/100
|
|t:|1760890502
|switch|p2a: Iron Treads|Iron Treads|100/100|[from] Volt Switch
|move|p1a: Primarina|Moonblast|p2a: Iron Treads
|-resisted|p2a: Iron Treads
|-damage|p2a: Iron Treads|74/100
|
|upkeep
|turn|2
|
|t:|1760890510
|-end|p2a: Iron Treads|Quark Drive|[silent]
|switch|p2a: Rotom|Rotom-Wash|100/100
|switch|p1a: Chesnaught|Chesnaught, M|100/100
|
|upkeep
|turn|3
|
|t:|1760890516
|move|p2a: Rotom|Trick|p1a: Chesnaught
|-activate|p2a: Rotom|move: Trick|[of] p1a: Chesnaught
|-item|p1a: Chesnaught|Choice Scarf|[from] move: Trick
|-item|p2a: Rotom|Rocky Helmet|[from] move: Trick
|move|p1a: Chesnaught|Body Press|p2a: Rotom
|-damage|p2a: Rotom|47/100
|-damage|p1a: Chesnaught|84/100|[from] item: Rocky Helmet|[of] p2a: Rotom
|
|upkeep
|turn|4
|
|t:|1760890523
|switch|p2a: Garchomp|Garchomp, F|100/100
|move|p1a: Chesnaught|Body Press|p2a: Garchomp
|-damage|p2a: Garchomp|54/100
|-damage|p1a: Chesnaught|72/100|[from] ability: Rough Skin|[of] p2a: Garchomp
|
|upkeep
|turn|5
|
|t:|1760890533
|move|p2a: Garchomp|Scale Shot|p1a: Chesnaught
|-damage|p1a: Chesnaught|64/100
|-damage|p1a: Chesnaught|58/100
|-damage|p1a: Chesnaught|50/100
|-hitcount|p1a: Chesnaught|3
|-unboost|p2a: Garchomp|def|1
|-boost|p2a: Garchomp|spe|1
|move|p1a: Chesnaught|Body Press|p2a: Garchomp
|-damage|p2a: Garchomp|0 fnt
|-damage|p1a: Chesnaught|38/100|[from] ability: Rough Skin|[of] p2a: Garchomp
|faint|p2a: Garchomp
|
|upkeep
|
|t:|1760890536
|switch|p2a: Iron Treads|Iron Treads|74/100
|turn|6
|
|t:|1760890539
|move|p2a: Iron Treads|Ice Spinner|p1a: Chesnaught
|-supereffective|p1a: Chesnaught
|-damage|p1a: Chesnaught|9/100
|move|p1a: Chesnaught|Body Press|p2a: Iron Treads
|-supereffective|p2a: Iron Treads
|-damage|p2a: Iron Treads|0 fnt
|faint|p2a: Iron Treads
|-end|p2a: Iron Treads|Quark Drive|[silent]
|
|upkeep
|
|t:|1760890543
|switch|p2a: Rotom|Rotom-Wash|47/100
|turn|7
|
|t:|1760890546
|move|p2a: Rotom|Hydro Pump|p1a: Chesnaught
|-resisted|p1a: Chesnaught
|-damage|p1a: Chesnaught|0 fnt
|faint|p1a: Chesnaught
|
|upkeep
|
|t:|1760890551
|switch|p1a: Primarina|Primarina, M|51/100
|turn|8
|inactive|lmey1209 has 120 seconds left.
|
|t:|1760890587
|move|p2a: Rotom|Volt Switch|p1a: Primarina
|-supereffective|p1a: Primarina
|-damage|p1a: Primarina|0 fnt
|faint|p1a: Primarina
|
|t:|1760890599
|switch|p2a: Charizard|Charizard, F|100/100|[from] Volt Switch
|
|upkeep
|
|t:|1760890601
|switch|p1a: Dragonite|Dragonite, M|100/100
|turn|9
|
|t:|1760890605
|move|p2a: Charizard|Ancient Power|p1a: Dragonite
|-supereffective|p1a: Dragonite
|-damage|p1a: Dragonite|82/100
|move|p1a: Dragonite|Scale Shot|p2a: Charizard
|-damage|p2a: Charizard|81/100
|-damage|p2a: Charizard|60/100
|-damage|p2a: Charizard|40/100
|-damage|p2a: Charizard|18/100
|-damage|p2a: Charizard|0 fnt
|faint|p2a: Charizard
|-hitcount|p2: Charizard|5
|-unboost|p1a: Dragonite|def|1
|-boost|p1a: Dragonite|spe|1
|
|upkeep
|
|t:|1760890610
|switch|p2a: Tyranitar|Tyranitar, F|100/100
|-weather|Sandstorm|[from] ability: Sand Stream|[of] p2a: Tyranitar
|turn|10
|
|t:|1760890617
|switch|p1a: Great Tusk|Great Tusk|100/100
|-enditem|p1a: Great Tusk|Booster Energy
|-activate|p1a: Great Tusk|ability: Protosynthesis|[fromitem]
|-start|p1a: Great Tusk|protosynthesisatk
|move|p2a: Tyranitar|Thunder Wave|p1a: Great Tusk
|-immune|p1a: Great Tusk
|
|-weather|Sandstorm|[upkeep]
|upkeep
|turn|11
|
|t:|1760890622
|switch|p2a: Heracross|Heracross, M|100/100
|move|p1a: Great Tusk|Close Combat|p2a: Heracross
|-resisted|p2a: Heracross
|-damage|p2a: Heracross|49/100
|-unboost|p1a: Great Tusk|def|1
|-unboost|p1a: Great Tusk|spd|1
|
|-weather|Sandstorm|[upkeep]
|-damage|p2a: Heracross|43/100|[from] Sandstorm
|-status|p2a: Heracross|brn|[from] item: Flame Orb
|upkeep
|turn|12
|
|t:|1760890626
|move|p1a: Great Tusk|Close Combat|p2a: Heracross
|-resisted|p2a: Heracross
|-damage|p2a: Heracross|0 fnt
|-unboost|p1a: Great Tusk|def|1
|-unboost|p1a: Great Tusk|spd|1
|faint|p2a: Heracross
|
|-weather|Sandstorm|[upkeep]
|upkeep
|
|t:|1760890629
|switch|p2a: Rotom|Rotom-Wash|47/100
|turn|13
|
|t:|1760890632
|move|p1a: Great Tusk|Close Combat|p2a: Rotom
|-damage|p2a: Rotom|0 fnt
|-unboost|p1a: Great Tusk|def|1
|-unboost|p1a: Great Tusk|spd|1
|-damage|p1a: Great Tusk|84/100|[from] item: Rocky Helmet|[of] p2a: Rotom
|faint|p2a: Rotom
|
|-weather|Sandstorm|[upkeep]
|upkeep
|
|t:|1760890635
|switch|p2a: Tyranitar|Tyranitar, F|100/100
|turn|14
|
|t:|1760890636
|-terastallize|p2a: Tyranitar|Flying
|move|p1a: Great Tusk|Close Combat|p2a: Tyranitar
|-resisted|p2a: Tyranitar
|-damage|p2a: Tyranitar|71/100
|-unboost|p1a: Great Tusk|def|1
|-unboost|p1a: Great Tusk|spd|1
|move|p2a: Tyranitar|Knock Off|p1a: Great Tusk
|-resisted|p1a: Great Tusk
|-damage|p1a: Great Tusk|50/100
|
|-weather|none
|-heal|p2a: Tyranitar|77/100|[from] item: Leftovers
|upkeep
|turn|15
|
|t:|1760890639
|move|p1a: Great Tusk|Rock Slide|p2a: Tyranitar
|-supereffective|p2a: Tyranitar
|-damage|p2a: Tyranitar|24/100
|cant|p2a: Tyranitar|flinch
|
|-heal|p2a: Tyranitar|30/100|[from] item: Leftovers
|upkeep
|turn|16
|
|t:|1760890643
|move|p1a: Great Tusk|Rock Slide|p2a: Tyranitar
|-supereffective|p2a: Tyranitar
|-damage|p2a: Tyranitar|0 fnt
|faint|p2a: Tyranitar
|
|win|9thJimLeader
|raw|9thJimLeader's rating: 1269 &rarr; <strong>1293</strong><br />(+24 for winning)
|raw|lmey1209's rating: 1252 &rarr; <strong>1228</strong><br />(-24 for losing)
|l|☆lmey1209
|player|p2|
|l|☆9thJimLeader
|player|p1|
