|j|☆ovulationman
|j|☆Mini rhiinoo
|t:|1760760803
|gametype|singles
|player|p1|ovulationman|ghetsis-gen5bw|1206
|player|p2|Mini rhiinoo|101|1167
|gen|9
|tier|[Gen 9] OU
|rated|
|rule|HP Percentage Mod: HP is shown in percentages
|rule|Endless Battle Clause: Forcing endless battles is banned
|rule|Species Clause: Limit one of each Pokémon
|rule|OHKO Clause: OHKO moves are banned
|rule|Evasion Items Clause: Evasion items are banned
|rule|Evasion Moves Clause: Evasion moves are banned
|rule|Evasion Abilities Clause: Evasion abilities are banned
|rule|Sleep Moves Clause: Sleep-inducing moves are banned
|clearpoke
|poke|p1|Ursaluna, M|
|poke|p1|Garganacl, M|
|poke|p1|Landorus-Therian, M|
|poke|p1|Weezing-Galar, M|
|poke|p1|Zapdos|
|poke|p1|Slowking-Galar, F|
|poke|p2|Ceruledge, F|
|poke|p2|Walking Wake|
|poke|p2|Lilligant-Hisui, F|
|poke|p2|Ninetales, F|
|poke|p2|Skeledirge, M|
|poke|p2|Deoxys-Speed|
|teampreview
|inactive|Battle timer is ON: inactive players will automatically lose when time's up. (requested by Mini rhiinoo)
|
|t:|1760760808
|teamsize|p1|6
|teamsize|p2|6
|start
|switch|p1a: Garganacl|Garganacl, M|100/100
|switch|p2a: Deoxys|Deoxys-Speed|100/100
|-ability|p2a: Deoxys|Pressure
|turn|1
|
|t:|1760760818
|move|p2a: Deoxys|Stealth Rock|p1a: Garganacl
|-sidestart|p1: ovulationman|move: Stealth Rock
|move|p1a: Garganacl|Stealth Rock|p2a: Deoxys
|-sidestart|p2: Mini rhiinoo|move: Stealth Rock
|
|upkeep
|turn|2
|
|t:|1760760824
|move|p2a: Deoxys|Spikes|p1a: Garganacl
|-sidestart|p1: ovulationman|Spikes
|move|p1a: Garganacl|Salt Cure|p2a: Deoxys
|-damage|p2a: Deoxys|79/100
|-start|p2a: Deoxys|Salt Cure
|
|-damage|p2a: Deoxys|67/100|[from] Salt Cure
|upkeep
|turn|3
|
|t:|1760760834
|switch|p1a: Weezing|Weezing-Galar, M, shiny|100/100
|-ability|p1a: Weezing|Neutralizing Gas
|move|p2a: Deoxys|Spikes|p1a: Weezing
|-sidestart|p1: ovulationman|Spikes
|
|-damage|p2a: Deoxys|55/100|[from] Salt Cure
|upkeep
|turn|4
|
|t:|1760760844
|move|p2a: Deoxys|Psycho Boost|p1a: Weezing
|-supereffective|p1a: Weezing
|-damage|p1a: Weezing|0 fnt
|-unboost|p2a: Deoxys|spa|2
|faint|p1a: Weezing
|-end|p1a: Weezing|ability: Neutralizing Gas
|-ability|p2a: Deoxys|Pressure
|
|-damage|p2a: Deoxys|42/100|[from] Salt Cure
|upkeep
|
|t:|1760760851
|switch|p1a: Landorus|Landorus-Therian, M|100/100
|-damage|p1a: Landorus|88/100|[from] Stealth Rock
|-ability|p1a: Landorus|Intimidate|boost
|-unboost|p2a: Deoxys|atk|1
|turn|5
|
|t:|1760760862
|move|p2a: Deoxys|Spikes|p1a: Landorus
|-sidestart|p1: ovulationman|Spikes
|move|p1a: Landorus|U-turn|p2a: Deoxys
|-supereffective|p2a: Deoxys
|-damage|p2a: Deoxys|0 fnt
|faint|p2a: Deoxys
|
|t:|1760760871
|switch|p1a: Garganacl|Garganacl, M|100/100|[from] U-turn
|-damage|p1a: Garganacl|88/100|[from] Stealth Rock
|-damage|p1a: Garganacl|63/100|[from] Spikes
|
|-heal|p1a: Garganacl|69/100|[from] item: Leftovers
|upkeep
|
|t:|1760760883
|switch|p2a: Lilligant|Lilligant-Hisui, F|100/100
|-damage|p2a: Lilligant|95/100|[from] Stealth Rock
|turn|6
|
|t:|1760760890
|-terastallize|p1a: Garganacl|Fairy
|move|p2a: Lilligant|Close Combat|p1a: Garganacl
|-resisted|p1a: Garganacl
|-damage|p1a: Garganacl|40/100
|-unboost|p2a: Lilligant|def|1
|-unboost|p2a: Lilligant|spd|1
|move|p1a: Garganacl|Salt Cure|p2a: Lilligant
|-resisted|p2a: Lilligant
|-damage|p2a: Lilligant|78/100
|-start|p2a: Lilligant|Salt Cure
|
|-heal|p1a: Garganacl|47/100|[from] item: Leftovers
|-damage|p2a: Lilligant|66/100|[from] Salt Cure
|upkeep
|turn|7
|
|t:|1760760896
|move|p2a: Lilligant|Close Combat|p1a: Garganacl
|-resisted|p1a: Garganacl
|-crit|p1a: Garganacl
|-damage|p1a: Garganacl|2/100
|-unboost|p2a: Lilligant|def|1
|-unboost|p2a: Lilligant|spd|1
|move|p1a: Garganacl|Recover|p1a: Garganacl
|-heal|p1a: Garganacl|52/100
|
|-heal|p1a: Garganacl|58/100|[from] item: Leftovers
|-damage|p2a: Lilligant|53/100|[from] Salt Cure
|upkeep
|turn|8
|
|t:|1760760901
|move|p2a: Lilligant|Close Combat|p1a: Garganacl
|-resisted|p1a: Garganacl
|-damage|p1a: Garganacl|32/100
|-unboost|p2a: Lilligant|def|1
|-unboost|p2a: Lilligant|spd|1
|move|p1a: Garganacl|Recover|p1a: Garganacl
|-heal|p1a: Garganacl|82/100
|
|-heal|p1a: Garganacl|88/100|[from] item: Leftovers
|-damage|p2a: Lilligant|41/100|[from] Salt Cure
|upkeep
|turn|9
|
|t:|1760760916
|switch|p2a: Ninetales|Ninetales, F|100/100
|-damage|p2a: Ninetales|76/100|[from] Stealth Rock
|-weather|SunnyDay|[from] ability: Drought|[of] p2a: Ninetales
|move|p1a: Garganacl|Salt Cure|p2a: Ninetales
|-supereffective|p2a: Ninetales
|-damage|p2a: Ninetales|34/100
|-start|p2a: Ninetales|Salt Cure
|
|-weather|SunnyDay|[upkeep]
|-heal|p1a: Garganacl|94/100|[from] item: Leftovers
|-damage|p2a: Ninetales|22/100|[from] Salt Cure
|upkeep
|turn|10
|
|t:|1760760931
|move|p2a: Ninetales|Fire Blast|p1a: Garganacl
|-damage|p1a: Garganacl|21/100
|move|p1a: Garganacl|Salt Cure|p2a: Ninetales
|-supereffective|p2a: Ninetales
|-damage|p2a: Ninetales|0 fnt
|faint|p2a: Ninetales
|
|-weather|SunnyDay|[upkeep]
|-heal|p1a: Garganacl|27/100|[from] item: Leftovers
|upkeep
|
|t:|1760760935
|switch|p2a: Walking Wake|Walking Wake|100/100
|-damage|p2a: Walking Wake|88/100|[from] Stealth Rock
|-activate|p2a: Walking Wake|ability: Protosynthesis
|-start|p2a: Walking Wake|protosynthesisspe
|turn|11
|
|t:|1760760946
|move|p1a: Garganacl|Protect|p1a: Garganacl
|-singleturn|p1a: Garganacl|Protect
|move|p2a: Walking Wake|Hydro Steam|p1a: Garganacl
|-activate|p1a: Garganacl|move: Protect
|
|-weather|SunnyDay|[upkeep]
|-heal|p2a: Walking Wake|94/100|[from] item: Leftovers
|-heal|p1a: Garganacl|33/100|[from] item: Leftovers
|upkeep
|turn|12
|
|t:|1760760956
|switch|p1a: Slowking|Slowking-Galar, F|100/100
|-damage|p1a: Slowking|88/100|[from] Stealth Rock
|-damage|p1a: Slowking|63/100|[from] Spikes
|move|p2a: Walking Wake|Hydro Steam|p1a: Slowking
|-damage|p1a: Slowking|34/100
|
|-weather|SunnyDay|[upkeep]
|-heal|p2a: Walking Wake|100/100|[from] item: Leftovers
|upkeep
|turn|13
|
|t:|1760760969
|move|p2a: Walking Wake|Hydro Steam|p1a: Slowking
|-damage|p1a: Slowking|6/100
|move|p1a: Slowking|Sludge Bomb|p2a: Walking Wake
|-damage|p2a: Walking Wake|49/100
|
|-weather|none
|-end|p2a: Walking Wake|Protosynthesis
|-heal|p2a: Walking Wake|55/100|[from] item: Leftovers
|upkeep
|turn|14
|
|t:|1760760973
|move|p2a: Walking Wake|Hydro Steam|p1a: Slowking
|-damage|p1a: Slowking|0 fnt
|faint|p1a: Slowking
|
|-heal|p2a: Walking Wake|61/100|[from] item: Leftovers
|upkeep
|
|t:|1760760980
|switch|p1a: Landorus|Landorus-Therian, M|88/100
|-damage|p1a: Landorus|76/100|[from] Stealth Rock
|-ability|p1a: Landorus|Intimidate|boost
|-unboost|p2a: Walking Wake|atk|1
|turn|15
|
|t:|1760760997
|move|p1a: Landorus|Earthquake|p2a: Walking Wake
|-damage|p2a: Walking Wake|2/100
|move|p2a: Walking Wake|Draco Meteor|p1a: Landorus
|-damage|p1a: Landorus|0 fnt
|-unboost|p2a: Walking Wake|spa|2
|faint|p1a: Landorus
|
|-heal|p2a: Walking Wake|8/100|[from] item: Leftovers
|upkeep
|
|t:|1760761006
|switch|p1a: Ursaluna|Ursaluna, M, shiny|100/100
|-damage|p1a: Ursaluna|94/100|[from] Stealth Rock
|-damage|p1a: Ursaluna|69/100|[from] Spikes
|turn|16
|
|t:|1760761020
|-end|p2a: Walking Wake|Protosynthesis|[silent]
|switch|p2a: Skeledirge|Skeledirge, M|100/100
|-damage|p2a: Skeledirge|76/100|[from] Stealth Rock
|move|p1a: Ursaluna|Ice Punch|p2a: Skeledirge
|-resisted|p2a: Skeledirge
|-damage|p2a: Skeledirge|61/100
|
|-status|p1a: Ursaluna|brn|[from] item: Flame Orb
|upkeep
|turn|17
|
|t:|1760761025
|move|p2a: Skeledirge|Torch Song|p1a: Ursaluna
|-damage|p1a: Ursaluna|37/100 brn
|-boost|p2a: Skeledirge|spa|1
|move|p1a: Ursaluna|Headlong Rush|p2a: Skeledirge
|-supereffective|p2a: Skeledirge
|-damage|p2a: Skeledirge|0 fnt
|-unboost|p1a: Ursaluna|def|1
|-unboost|p1a: Ursaluna|spd|1
|faint|p2a: Skeledirge
|
|-damage|p1a: Ursaluna|31/100 brn|[from] brn
|upkeep
|
|t:|1760761031
|switch|p2a: Walking Wake|Walking Wake|8/100
|-damage|p2a: Walking Wake|0 fnt|[from] Stealth Rock
|faint|p2a: Walking Wake
|-end|p2a: Walking Wake|Protosynthesis|[silent]
|
|t:|1760761036
|switch|p2a: Lilligant|Lilligant-Hisui, F|41/100
|-damage|p2a: Lilligant|35/100|[from] Stealth Rock
|turn|18
|
|t:|1760761042
|move|p2a: Lilligant|Ice Spinner|p1a: Ursaluna
|-supereffective|p1a: Ursaluna
|-damage|p1a: Ursaluna|0 fnt
|faint|p1a: Ursaluna
|
|upkeep
|
|t:|1760761044
|switch|p1a: Garganacl|Garganacl, M, tera:Fairy|33/100
|-damage|p1a: Garganacl|21/100|[from] Stealth Rock
|-damage|p1a: Garganacl|0 fnt|[from] Spikes
|faint|p1a: Garganacl
|
|t:|1760761047
|switch|p1a: Zapdos|Zapdos|100/100
|-damage|p1a: Zapdos|76/100|[from] Stealth Rock
|turn|19
|
|t:|1760761055
|move|p1a: Zapdos|Thunderbolt|p2a: Lilligant
|-resisted|p2a: Lilligant
|-damage|p2a: Lilligant|0 fnt
|faint|p2a: Lilligant
|
|upkeep
|
|t:|1760761062
|switch|p2a: Ceruledge|Ceruledge, F|100/100
|-damage|p2a: Ceruledge|75/100|[from] Stealth Rock
|turn|20
|
|t:|1760761073
|move|p1a: Zapdos|Thunderbolt|p2a: Ceruledge
|-damage|p2a: Ceruledge|6/100
|move|p2a: Ceruledge|Bitter Blade|p1a: Zapdos
|-damage|p1a: Zapdos|10/100
|-heal|p2a: Ceruledge|41/100|[from] drain|[of] p1a: Zapdos
|-status|p2a: Ceruledge|par|[from] ability: Static|[of] p1a: Zapdos
|-damage|p2a: Ceruledge|31/100 par|[from] item: Life Orb
|
|upkeep
|turn|21
|
|t:|1760761080
|move|p1a: Zapdos|Thunderbolt|p2a: Ceruledge
|-damage|p2a: Ceruledge|0 fnt
|faint|p2a: Ceruledge
|
|win|ovulationman
|raw|ovulationman's rating: 1206 &rarr; <strong>1228</strong><br />(+22 for winning)
|raw|Mini rhiinoo's rating: 1167 &rarr; <strong>1145</strong><br />(-22 for losing)
|l|☆ovulationman
|player|p1|
|l|☆Mini rhiinoo
|player|p2|
