|j|☆michael00000000
|j|☆Torontotalonflames
|t:|1760758266
|gametype|singles
|player|p1|michael00000000|clair|1789
|player|p2|Torontotalonflames|cynthia-gen4|1712
|gen|9
|tier|[Gen 9] OU
|rated|
|rule|HP Percentage Mod: HP is shown in percentages
|rule|Endless Battle Clause: Forcing endless battles is banned
|rule|Species Clause: Limit one of each Pokémon
|rule|OHKO Clause: OHKO moves are banned
|rule|Evasion Items Clause: Evasion items are banned
|rule|Evasion Moves Clause: Evasion moves are banned
|rule|Evasion Abilities Clause: Evasion abilities are banned
|rule|Sleep Moves Clause: Sleep-inducing moves are banned
|clearpoke
|poke|p1|Gardevoir, F|
|poke|p1|Iron Valiant|
|poke|p1|Arcanine, M|
|poke|p1|Hatterene, F|
|poke|p1|Dragapult, F|
|poke|p1|Milotic, F|
|poke|p2|Dragapult, F|
|poke|p2|Serperior, M|
|poke|p2|Moltres|
|poke|p2|Samurott-Hisui, M|
|poke|p2|Iron Treads|
|poke|p2|Garganacl, M|
|teampreview
|inactive|Battle timer is ON: inactive players will automatically lose when time's up. (requested by Torontotalonflames)
|inactive|Torontotalonflames has 120 seconds left.
|
|t:|1760758298
|teamsize|p1|6
|teamsize|p2|6
|start
|switch|p1a: Ceteres|Milotic, F, shiny|100/100
|switch|p2a: Iron Treads|Iron Treads|100/100
|turn|1
|
|t:|1760758303
|move|p2a: Iron Treads|Volt Switch|p1a: Ceteres
|-supereffective|p1a: Ceteres
|-damage|p1a: Ceteres|83/100
|
|t:|1760758309
|-end|p2a: Iron Treads|Quark Drive|[silent]
|switch|p2a: Samurott|Samurott-Hisui, M|100/100|[from] Volt Switch
|move|p1a: Ceteres|Scald|p2a: Samurott
|-resisted|p2a: Samurott
|-damage|p2a: Samurott|88/100
|-status|p2a: Samurott|brn
|
|-heal|p1a: Ceteres|89/100|[from] item: Leftovers
|-damage|p2a: Samurott|82/100 brn|[from] brn
|upkeep
|turn|2
|
|t:|1760758316
|switch|p1a: Noir|Hatterene, F, shiny|100/100
|move|p2a: Samurott|Ceaseless Edge|p1a: Noir
|-damage|p1a: Noir|74/100
|-sidestart|p1: michael00000000|Spikes
|
|-damage|p2a: Samurott|76/100 brn|[from] brn
|upkeep
|turn|3
|
|t:|1760758318
|move|p2a: Samurott|Ceaseless Edge|p1a: Noir
|-damage|p1a: Noir|50/100
|-sidestart|p1: michael00000000|Spikes
|move|p1a: Noir|Future Sight|p2a: Samurott
|-start|p1a: Noir|move: Future Sight
|
|-damage|p2a: Samurott|70/100 brn|[from] brn
|upkeep
|turn|4
|
|t:|1760758321
|move|p2a: Samurott|Ceaseless Edge|p1a: Noir
|-damage|p1a: Noir|23/100
|-sidestart|p1: michael00000000|Spikes
|move|p1a: Noir|Draining Kiss|p2a: Samurott
|-supereffective|p2a: Samurott
|-damage|p2a: Samurott|21/100 brn
|-heal|p1a: Noir|68/100|[from] drain|[of] p2a: Samurott
|
|-damage|p2a: Samurott|15/100 brn|[from] brn
|upkeep
|turn|5
|
|t:|1760758324
|move|p2a: Samurott|Ceaseless Edge|p1a: Noir
|-damage|p1a: Noir|44/100
|move|p1a: Noir|Draining Kiss|p2a: Samurott
|-supereffective|p2a: Samurott
|-damage|p2a: Samurott|0 fnt
|-heal|p1a: Noir|57/100|[from] drain|[of] p2a: Samurott
|faint|p2a: Samurott
|
|-hint|Future Sight did not hit because the target is fainted.
|upkeep
|
|t:|1760758329
|switch|p2a: Iron Treads|Iron Treads|100/100
|turn|6
|
|t:|1760758332
|move|p2a: Iron Treads|Knock Off|p1a: Noir
|-damage|p1a: Noir|25/100
|-enditem|p1a: Noir|Assault Vest|[from] move: Knock Off|[of] p2a: Iron Treads
|move|p1a: Noir|Mystical Fire|p2a: Iron Treads
|-supereffective|p2a: Iron Treads
|-damage|p2a: Iron Treads|58/100
|-unboost|p2a: Iron Treads|spa|1
|
|upkeep
|turn|7
|
|t:|1760758334
|move|p2a: Iron Treads|Earthquake|p1a: Noir
|-damage|p1a: Noir|0 fnt
|faint|p1a: Noir
|
|upkeep
|
|t:|1760758341
|switch|p1a: Ceteres|Milotic, F, shiny|89/100
|-damage|p1a: Ceteres|64/100|[from] Spikes
|turn|8
|
|t:|1760758344
|move|p2a: Iron Treads|Volt Switch|p1a: Ceteres
|-supereffective|p1a: Ceteres
|-damage|p1a: Ceteres|53/100
|
|t:|1760758350
|-end|p2a: Iron Treads|Quark Drive|[silent]
|switch|p2a: Garganacl|Garganacl, M|100/100|[from] Volt Switch
|move|p1a: Ceteres|Recover|p1a: Ceteres
|-heal|p1a: Ceteres|100/100
|
|upkeep
|turn|9
|
|t:|1760758353
|-terastallize|p2a: Garganacl|Water
|move|p1a: Ceteres|Scald|p2a: Garganacl
|-resisted|p2a: Garganacl
|-damage|p2a: Garganacl|90/100
|move|p2a: Garganacl|Stealth Rock|p1a: Ceteres
|-sidestart|p1: michael00000000|move: Stealth Rock
|
|-heal|p2a: Garganacl|96/100|[from] item: Leftovers
|upkeep
|turn|10
|
|t:|1760758360
|switch|p1a: Hermé|Iron Valiant, shiny|100/100
|-damage|p1a: Hermé|76/100|[from] Spikes
|-damage|p1a: Hermé|69/100|[from] Stealth Rock
|-enditem|p1a: Hermé|Booster Energy
|-activate|p1a: Hermé|ability: Quark Drive|[fromitem]
|-start|p1a: Hermé|quarkdrivespe
|move|p2a: Garganacl|Salt Cure|p1a: Hermé
|-resisted|p1a: Hermé
|-damage|p1a: Hermé|61/100
|-start|p1a: Hermé|Salt Cure
|
|-heal|p2a: Garganacl|100/100|[from] item: Leftovers
|-damage|p1a: Hermé|48/100|[from] Salt Cure
|upkeep
|turn|11
|
|t:|1760758363
|switch|p2a: Moltres|Moltres|100/100
|move|p1a: Hermé|Knock Off|p2a: Moltres
|-damage|p2a: Moltres|66/100
|-status|p1a: Hermé|brn|[from] ability: Flame Body|[of] p2a: Moltres
|-enditem|p2a: Moltres|Heavy-Duty Boots|[from] move: Knock Off|[of] p1a: Hermé
|
|-damage|p1a: Hermé|42/100 brn|[from] brn
|-damage|p1a: Hermé|30/100 brn|[from] Salt Cure
|upkeep
|turn|12
|
|t:|1760758367
|move|p1a: Hermé|Moonblast|p2a: Moltres
|-resisted|p2a: Moltres
|-damage|p2a: Moltres|53/100
|move|p2a: Moltres|Roost|p2a: Moltres
|-heal|p2a: Moltres|100/100
|-singleturn|p2a: Moltres|move: Roost
|
|-damage|p1a: Hermé|23/100 brn|[from] brn
|-damage|p1a: Hermé|11/100 brn|[from] Salt Cure
|upkeep
|turn|13
|
|t:|1760758370
|move|p1a: Hermé|Destiny Bond|p1a: Hermé
|-singlemove|p1a: Hermé|Destiny Bond
|move|p2a: Moltres|Roar|p1a: Hermé
|-end|p1a: Hermé|Quark Drive|[silent]
|drag|p1a: Rhea|Gardevoir, F, shiny|100/100
|-damage|p1a: Rhea|76/100|[from] Spikes
|-damage|p1a: Rhea|63/100|[from] Stealth Rock
|-ability|p1a: Rhea|Flame Body|Trace|[from] ability: Trace|[of] p2a: Moltres
|
|upkeep
|turn|14
|
|t:|1760758373
|switch|p2a: Iron Treads|Iron Treads|58/100
|move|p1a: Rhea|Thunderbolt|p2a: Iron Treads
|-immune|p2a: Iron Treads
|
|upkeep
|turn|15
|
|t:|1760758379
|move|p2a: Iron Treads|Knock Off|p1a: Rhea
|-damage|p1a: Rhea|19/100
|-status|p2a: Iron Treads|brn|[from] ability: Flame Body|[of] p1a: Rhea
|-enditem|p1a: Rhea|Assault Vest|[from] move: Knock Off|[of] p2a: Iron Treads
|move|p1a: Rhea|Mystical Fire|p2a: Iron Treads
|-supereffective|p2a: Iron Treads
|-damage|p2a: Iron Treads|21/100 brn
|-unboost|p2a: Iron Treads|spa|1
|
|-damage|p2a: Iron Treads|15/100 brn|[from] brn
|upkeep
|turn|16
|
|t:|1760758383
|move|p2a: Iron Treads|Earthquake|p1a: Rhea
|-damage|p1a: Rhea|0 fnt
|faint|p1a: Rhea
|
|-damage|p2a: Iron Treads|8/100 brn|[from] brn
|upkeep
|c|☆michael00000000|gg im cooked
|
|t:|1760758387
|switch|p1a: Mercé|Dragapult, F, shiny|100/100
|-damage|p1a: Mercé|76/100|[from] Spikes
|-damage|p1a: Mercé|63/100|[from] Stealth Rock
|turn|17
|
|t:|1760758391
|move|p1a: Mercé|Hex|p2a: Iron Treads
|-damage|p2a: Iron Treads|0 fnt
|faint|p2a: Iron Treads
|-end|p2a: Iron Treads|Quark Drive|[silent]
|
|upkeep
|
|t:|1760758398
|switch|p2a: Garganacl|Garganacl, M, tera:Water|100/100
|turn|18
|
|t:|1760758406
|move|p1a: Mercé|Hex|p2a: Garganacl
|-damage|p2a: Garganacl|90/100
|move|p2a: Garganacl|Salt Cure|p1a: Mercé
|-damage|p1a: Mercé|42/100
|-start|p1a: Mercé|Salt Cure
|
|-heal|p2a: Garganacl|96/100|[from] item: Leftovers
|-damage|p1a: Mercé|30/100|[from] Salt Cure
|upkeep
|turn|19
|
|t:|1760758410
|move|p1a: Mercé|Hex|p2a: Garganacl
|-damage|p2a: Garganacl|85/100
|move|p2a: Garganacl|Salt Cure|p1a: Mercé
|-damage|p1a: Mercé|13/100
|
|-heal|p2a: Garganacl|91/100|[from] item: Leftovers
|-damage|p1a: Mercé|0 fnt|[from] Salt Cure
|faint|p1a: Mercé
|upkeep
|
|t:|1760758411
|switch|p1a: Nimbus|Arcanine, M|100/100
|-damage|p1a: Nimbus|76/100|[from] Spikes
|-damage|p1a: Nimbus|51/100|[from] Stealth Rock
|-ability|p1a: Nimbus|Intimidate|boost
|-unboost|p2a: Garganacl|atk|1
|turn|20
|
|t:|1760758426
|move|p1a: Nimbus|Crunch|p2a: Garganacl
|-damage|p2a: Garganacl|67/100
|move|p2a: Garganacl|Salt Cure|p1a: Nimbus
|-supereffective|p1a: Nimbus
|-damage|p1a: Nimbus|26/100
|-start|p1a: Nimbus|Salt Cure
|
|-heal|p2a: Garganacl|74/100|[from] item: Leftovers
|-damage|p1a: Nimbus|14/100|[from] Salt Cure
|upkeep
|turn|21
|
|t:|1760758430
|move|p1a: Nimbus|Crunch|p2a: Garganacl
|-damage|p2a: Garganacl|49/100
|move|p2a: Garganacl|Salt Cure|p1a: Nimbus
|-supereffective|p1a: Nimbus
|-damage|p1a: Nimbus|0 fnt
|faint|p1a: Nimbus
|
|-heal|p2a: Garganacl|55/100|[from] item: Leftovers
|upkeep
|-message|michael00000000 forfeited.
|
|win|Torontotalonflames
|raw|michael00000000's rating: 1789 &rarr; <strong>1765</strong><br />(-24 for losing)
|raw|Torontotalonflames's rating: 1712 &rarr; <strong>1736</strong><br />(+24 for winning)
|l|☆michael00000000
|player|p1|
|l|☆Torontotalonflames
|player|p2|
