|j|☆Spwert
|j|☆Chris466
|t:|1760838516
|gametype|singles
|player|p1|Spwert|yellow|1392
|player|p2|Chris466|red|1346
|gen|9
|tier|[Gen 9] OU
|rated|
|rule|HP Percentage Mod: HP is shown in percentages
|rule|Endless Battle Clause: Forcing endless battles is banned
|rule|Species Clause: Limit one of each Pokémon
|rule|OHKO Clause: OHKO moves are banned
|rule|Evasion Items Clause: Evasion items are banned
|rule|Evasion Moves Clause: Evasion moves are banned
|rule|Evasion Abilities Clause: Evasion abilities are banned
|rule|Sleep Moves Clause: Sleep-inducing moves are banned
|clearpoke
|poke|p1|Iron Valiant|
|poke|p1|Landorus-Therian, M|
|poke|p1|Tornadus-Therian, M|
|poke|p1|Hatterene, F|
|poke|p1|Kingambit, F|
|poke|p1|Samurott-Hisui, M|
|poke|p2|Primarina, F|
|poke|p2|Cyclizar, F|
|poke|p2|Landorus-Therian, M|
|poke|p2|Slowking-Galar, M|
|poke|p2|Okidogi, M|
|poke|p2|Rillaboom, M|
|teampreview
|
|t:|1760838520
|teamsize|p1|6
|teamsize|p2|6
|start
|switch|p1a: Samurott|Samurott-Hisui, M|100/100
|switch|p2a: Landorus|Landorus-Therian, M|100/100
|-ability|p2a: Landorus|Intimidate|boost
|-unboost|p1a: Samurott|atk|1
|turn|1
|
|t:|1760838522
|move|p2a: Landorus|Grass Knot|p1a: Samurott
|-supereffective|p1a: Samurott
|-damage|p1a: Samurott|33/100
|move|p1a: Samurott|Ceaseless Edge|p2a: Landorus|[miss]
|-miss|p1a: Samurott|p2a: Landorus
|
|upkeep
|turn|2
|
|t:|1760838526
|switch|p1a: Tornadus|Tornadus-Therian, M|100/100
|move|p2a: Landorus|Grass Knot|p1a: Tornadus
|-resisted|p1a: Tornadus
|-damage|p1a: Tornadus|93/100
|
|upkeep
|turn|3
|
|t:|1760838529
|switch|p2a: Slowking|Slowking-Galar, M|100/100
|move|p1a: Tornadus|Bleakwind Storm|p2a: Slowking|[miss]
|-miss|p1a: Tornadus|p2a: Slowking
|
|upkeep
|turn|4
|
|t:|1760838530
|move|p1a: Tornadus|Knock Off|p2a: Slowking
|-supereffective|p2a: Slowking
|-damage|p2a: Slowking|62/100
|-enditem|p2a: Slowking|Heavy-Duty Boots|[from] move: Knock Off|[of] p1a: Tornadus
|move|p2a: Slowking|Toxic Spikes|p1a: Tornadus
|-sidestart|p1: Spwert|move: Toxic Spikes
|
|upkeep
|turn|5
|
|t:|1760838536
|move|p1a: Tornadus|U-turn|p2a: Slowking
|-damage|p2a: Slowking|47/100
|
|t:|1760838537
|switch|p1a: Samurott|Samurott-Hisui, M|33/100|[from] U-turn
|-status|p1a: Samurott|psn
|-prepare|p2a: Slowking|Chilly Reception|[premajor]
|move|p2a: Slowking|Chilly Reception|p2a: Slowking
|-weather|Snowscape
|
|t:|1760838541
|switch|p2a: Landorus|Landorus-Therian, M|100/100|[from] Chilly Reception
|-ability|p2a: Landorus|Intimidate|boost
|-unboost|p1a: Samurott|atk|1
|
|-weather|Snowscape|[upkeep]
|-damage|p1a: Samurott|20/100 psn|[from] psn
|upkeep
|turn|6
|
|t:|1760838543
|switch|p1a: Tornadus|Tornadus-Therian, M|100/100
|move|p2a: Landorus|Grass Knot|p1a: Tornadus
|-resisted|p1a: Tornadus
|-crit|p1a: Tornadus
|-damage|p1a: Tornadus|87/100
|
|-weather|Snowscape|[upkeep]
|upkeep
|turn|7
|
|t:|1760838546
|move|p1a: Tornadus|Bleakwind Storm|p2a: Landorus|[miss]
|-miss|p1a: Tornadus|p2a: Landorus
|move|p2a: Landorus|Stealth Rock|p1a: Tornadus
|-sidestart|p1: Spwert|move: Stealth Rock
|
|-weather|Snowscape|[upkeep]
|upkeep
|turn|8
|
|t:|1760838548
|move|p1a: Tornadus|Bleakwind Storm|p2a: Landorus|[miss]
|-miss|p1a: Tornadus|p2a: Landorus
|move|p2a: Landorus|U-turn|p1a: Tornadus
|-resisted|p1a: Tornadus
|-damage|p1a: Tornadus|77/100
|c|☆Spwert|Dude
|
|t:|1760838553
|switch|p2a: Slowking|Slowking-Galar, M|80/100|[from] U-turn
|
|-weather|Snowscape|[upkeep]
|upkeep
|turn|9
|
|t:|1760838556
|move|p1a: Tornadus|Bleakwind Storm|p2a: Slowking
|-damage|p2a: Slowking|60/100
|move|p2a: Slowking|Ice Beam|p1a: Tornadus
|-supereffective|p1a: Tornadus
|-damage|p1a: Tornadus|44/100
|
|-weather|none
|upkeep
|turn|10
|
|t:|1760838559
|move|p1a: Tornadus|U-turn|p2a: Slowking
|-damage|p2a: Slowking|43/100
|
|t:|1760838561
|switch|p1a: Kingambit|Kingambit, F|100/100|[from] U-turn
|-damage|p1a: Kingambit|94/100|[from] Stealth Rock
|-prepare|p2a: Slowking|Chilly Reception|[premajor]
|move|p2a: Slowking|Chilly Reception|p2a: Slowking
|-weather|Snowscape
|
|t:|1760838563
|switch|p2a: Okidogi|Okidogi, M|100/100|[from] Chilly Reception
|
|-weather|Snowscape|[upkeep]
|-heal|p1a: Kingambit|100/100|[from] item: Leftovers
|upkeep
|turn|11
|
|t:|1760838565
|-end|p1a: Kingambit|fallenundefined|[silent]
|switch|p1a: Samurott|Samurott-Hisui, M|20/100 psn
|-damage|p1a: Samurott|8/100 psn|[from] Stealth Rock
|move|p2a: Okidogi|Close Combat|p1a: Samurott
|-supereffective|p1a: Samurott
|-damage|p1a: Samurott|0 fnt
|-unboost|p2a: Okidogi|def|1
|-unboost|p2a: Okidogi|spd|1
|faint|p1a: Samurott
|
|-weather|Snowscape|[upkeep]
|upkeep
|
|t:|1760838567
|switch|p1a: Tornadus|Tornadus-Therian, M|77/100
|-damage|p1a: Tornadus|52/100|[from] Stealth Rock
|turn|12
|
|t:|1760838571
|switch|p2a: Slowking|Slowking-Galar, M|77/100
|move|p1a: Tornadus|Bleakwind Storm|p2a: Slowking
|-damage|p2a: Slowking|54/100
|-unboost|p2a: Slowking|spe|1
|
|-weather|Snowscape|[upkeep]
|upkeep
|turn|13
|
|t:|1760838576
|move|p1a: Tornadus|U-turn|p2a: Slowking
|-damage|p2a: Slowking|38/100
|
|t:|1760838577
|switch|p1a: Kingambit|Kingambit, F|100/100|[from] U-turn
|-damage|p1a: Kingambit|94/100|[from] Stealth Rock
|-activate|p1a: Kingambit|ability: Supreme Overlord
|-start|p1a: Kingambit|fallen1|[silent]
|move|p2a: Slowking|Future Sight|p1a: Kingambit
|-start|p2a: Slowking|move: Future Sight
|
|-weather|Snowscape|[upkeep]
|-heal|p1a: Kingambit|100/100|[from] item: Leftovers
|upkeep
|turn|14
|
|t:|1760838580
|switch|p2a: Landorus|Landorus-Therian, M|100/100
|-ability|p2a: Landorus|Intimidate|boost
|-unboost|p1a: Kingambit|atk|1
|move|p1a: Kingambit|Iron Head|p2a: Landorus
|-damage|p2a: Landorus|57/100
|-damage|p1a: Kingambit|84/100|[from] item: Rocky Helmet|[of] p2a: Landorus
|
|-weather|none
|-heal|p1a: Kingambit|90/100|[from] item: Leftovers
|upkeep
|turn|15
|
|t:|1760838588
|-end|p1a: Kingambit|fallen1|[silent]
|switch|p1a: Tornadus|Tornadus-Therian, M|85/100
|-damage|p1a: Tornadus|60/100|[from] Stealth Rock
|move|p2a: Landorus|Earth Power|p1a: Tornadus
|-immune|p1a: Tornadus
|
|-end|p1a: Tornadus|move: Future Sight
|-damage|p1a: Tornadus|30/100
|upkeep
|turn|16
|
|t:|1760838591
|switch|p2a: Slowking|Slowking-Galar, M|72/100
|move|p1a: Tornadus|Bleakwind Storm|p2a: Slowking
|-damage|p2a: Slowking|52/100
|
|upkeep
|turn|17
|
|t:|1760838593
|move|p1a: Tornadus|U-turn|p2a: Slowking
|-damage|p2a: Slowking|36/100
|
|t:|1760838595
|switch|p1a: Kingambit|Kingambit, F|90/100|[from] U-turn
|-damage|p1a: Kingambit|84/100|[from] Stealth Rock
|-activate|p1a: Kingambit|ability: Supreme Overlord
|-start|p1a: Kingambit|fallen1|[silent]
|-prepare|p2a: Slowking|Chilly Reception|[premajor]
|move|p2a: Slowking|Chilly Reception|p2a: Slowking
|-weather|Snowscape
|
|t:|1760838597
|switch|p2a: Okidogi|Okidogi, M|100/100|[from] Chilly Reception
|
|-weather|Snowscape|[upkeep]
|-heal|p1a: Kingambit|90/100|[from] item: Leftovers
|upkeep
|turn|18
|
|t:|1760838604
|-end|p1a: Kingambit|fallen1|[silent]
|switch|p1a: Tornadus|Tornadus-Therian, M|63/100
|-damage|p1a: Tornadus|38/100|[from] Stealth Rock
|move|p2a: Okidogi|Close Combat|p1a: Tornadus
|-resisted|p1a: Tornadus
|-damage|p1a: Tornadus|2/100
|-unboost|p2a: Okidogi|def|1
|-unboost|p2a: Okidogi|spd|1
|
|-weather|Snowscape|[upkeep]
|upkeep
|turn|19
|
|t:|1760838607
|move|p2a: Okidogi|Close Combat|p1a: Tornadus
|-resisted|p1a: Tornadus
|-damage|p1a: Tornadus|0 fnt
|-unboost|p2a: Okidogi|def|1
|-unboost|p2a: Okidogi|spd|1
|faint|p1a: Tornadus
|
|-weather|Snowscape|[upkeep]
|upkeep
|
|t:|1760838610
|switch|p1a: Hatterene|Hatterene, F|100/100
|-status|p1a: Hatterene|psn
|-damage|p1a: Hatterene|88/100 psn|[from] Stealth Rock
|turn|20
|
|t:|1760838616
|switch|p2a: Slowking|Slowking-Galar, M|70/100
|-terastallize|p1a: Hatterene|Water
|move|p1a: Hatterene|Psychic Noise|p2a: Slowking
|-damage|p2a: Slowking|50/100
|-start|p2a: Slowking|move: Heal Block
|
|-weather|Snowscape|[upkeep]
|-damage|p1a: Hatterene|76/100 psn|[from] psn
|upkeep
|turn|21
|
|t:|1760838619
|move|p1a: Hatterene|Nuzzle|p2a: Slowking
|-damage|p2a: Slowking|46/100
|-status|p2a: Slowking|par
|-prepare|p2a: Slowking|Chilly Reception|[premajor]
|cant|p2a: Slowking|par
|
|-weather|none
|-damage|p1a: Hatterene|64/100 psn|[from] psn
|-end|p2a: Slowking|move: Heal Block
|upkeep
|turn|22
|
|t:|1760838621
|move|p1a: Hatterene|Psychic Noise|p2a: Slowking
|-damage|p2a: Slowking|28/100 par
|-start|p2a: Slowking|move: Heal Block
|-prepare|p2a: Slowking|Chilly Reception|[premajor]
|cant|p2a: Slowking|par
|
|-damage|p1a: Hatterene|51/100 psn|[from] psn
|upkeep
|turn|23
|
|t:|1760838624
|move|p1a: Hatterene|Psychic Noise|p2a: Slowking
|-damage|p2a: Slowking|9/100 par
|-prepare|p2a: Slowking|Chilly Reception|[premajor]
|move|p2a: Slowking|Chilly Reception|p2a: Slowking
|-weather|Snowscape
|
|t:|1760838627
|switch|p2a: Primarina|Primarina, F|100/100|[from] Chilly Reception
|
|-weather|Snowscape|[upkeep]
|-damage|p1a: Hatterene|39/100 psn|[from] psn
|upkeep
|turn|24
|
|t:|1760838630
|move|p2a: Primarina|Substitute|p2a: Primarina
|-start|p2a: Primarina|Substitute
|-damage|p2a: Primarina|75/100
|move|p1a: Hatterene|Nuzzle|p2a: Primarina
|-supereffective|p2a: Primarina
|-activate|p2a: Primarina|move: Substitute|[damage]
|
|-weather|Snowscape|[upkeep]
|-heal|p2a: Primarina|82/100|[from] item: Leftovers
|-damage|p1a: Hatterene|27/100 psn|[from] psn
|upkeep
|turn|25
|
|t:|1760838632
|move|p2a: Primarina|Calm Mind|p2a: Primarina
|-boost|p2a: Primarina|spa|1
|-boost|p2a: Primarina|spd|1
|move|p1a: Hatterene|Psychic Noise|p2a: Primarina
|-damage|p2a: Primarina|63/100
|-start|p2a: Primarina|move: Heal Block
|
|-weather|Snowscape|[upkeep]
|-damage|p1a: Hatterene|15/100 psn|[from] psn
|upkeep
|turn|26
|
|t:|1760838636
|move|p2a: Primarina|Calm Mind|p2a: Primarina
|-boost|p2a: Primarina|spa|1
|-boost|p2a: Primarina|spd|1
|move|p1a: Hatterene|Psychic Noise|p2a: Primarina
|-damage|p2a: Primarina|49/100
|
|-weather|Snowscape|[upkeep]
|-damage|p1a: Hatterene|2/100 psn|[from] psn
|-end|p2a: Primarina|move: Heal Block
|upkeep
|turn|27
|
|t:|1760838639
|move|p2a: Primarina|Draining Kiss|p1a: Hatterene
|-damage|p1a: Hatterene|0 fnt
|-heal|p2a: Primarina|50/100|[from] drain|[of] p1a: Hatterene
|-damage|p2a: Primarina|33/100|[from] item: Rocky Helmet|[of] p1a: Hatterene
|faint|p1a: Hatterene
|
|-weather|none
|-heal|p2a: Primarina|40/100|[from] item: Leftovers
|upkeep
|
|t:|1760838646
|switch|p1a: Iron Valiant|Iron Valiant|100/100
|-status|p1a: Iron Valiant|psn
|-damage|p1a: Iron Valiant|94/100 psn|[from] Stealth Rock
|-enditem|p1a: Iron Valiant|Booster Energy
|-activate|p1a: Iron Valiant|ability: Quark Drive|[fromitem]
|-start|p1a: Iron Valiant|quarkdrivespe
|turn|28
|
|t:|1760838648
|move|p1a: Iron Valiant|Moonblast|p2a: Primarina
|-end|p2a: Primarina|Substitute
|move|p2a: Primarina|Draining Kiss|p1a: Iron Valiant
|-supereffective|p1a: Iron Valiant
|-damage|p1a: Iron Valiant|0 fnt
|-heal|p2a: Primarina|95/100|[from] drain|[of] p1a: Iron Valiant
|faint|p1a: Iron Valiant
|-end|p1a: Iron Valiant|Quark Drive|[silent]
|
|-heal|p2a: Primarina|100/100|[from] item: Leftovers
|upkeep
|
|t:|1760838652
|switch|p1a: Landorus|Landorus-Therian, M|100/100
|-damage|p1a: Landorus|88/100|[from] Stealth Rock
|-ability|p1a: Landorus|Intimidate|boost
|-unboost|p2a: Primarina|atk|1
|turn|29
|
|t:|1760838654
|move|p1a: Landorus|Earthquake|p2a: Primarina
|-damage|p2a: Primarina|53/100
|move|p2a: Primarina|Psychic Noise|p1a: Landorus
|-supereffective|p1a: Landorus
|-damage|p1a: Landorus|0 fnt
|faint|p1a: Landorus
|
|-heal|p2a: Primarina|59/100|[from] item: Leftovers
|upkeep
|
|t:|1760838656
|switch|p1a: Kingambit|Kingambit, F|90/100
|-damage|p1a: Kingambit|84/100|[from] Stealth Rock
|-activate|p1a: Kingambit|ability: Supreme Overlord
|-start|p1a: Kingambit|fallen5|[silent]
|turn|30
|
|t:|1760838659
|move|p1a: Kingambit|Iron Head|p2a: Primarina
|-damage|p2a: Primarina|1/100
|cant|p2a: Primarina|flinch
|
|-heal|p1a: Kingambit|90/100|[from] item: Leftovers
|-heal|p2a: Primarina|7/100|[from] item: Leftovers
|upkeep
|turn|31
|
|t:|1760838663
|move|p1a: Kingambit|Kowtow Cleave|p2a: Primarina
|-resisted|p2a: Primarina
|-damage|p2a: Primarina|0 fnt
|faint|p2a: Primarina
|
|-heal|p1a: Kingambit|96/100|[from] item: Leftovers
|upkeep
|
|t:|1760838664
|switch|p2a: Landorus|Landorus-Therian, M|57/100
|-ability|p2a: Landorus|Intimidate|boost
|-unboost|p1a: Kingambit|atk|1
|turn|32
|
|t:|1760838670
|move|p2a: Landorus|Earth Power|p1a: Kingambit
|-supereffective|p1a: Kingambit
|-damage|p1a: Kingambit|0 fnt
|faint|p1a: Kingambit
|-end|p1a: Kingambit|fallen5|[silent]
|
|win|Chris466
|raw|Spwert's rating: 1392 &rarr; <strong>1369</strong><br />(-23 for losing)
|raw|Chris466's rating: 1346 &rarr; <strong>1369</strong><br />(+23 for winning)
|l|☆Spwert
|player|p1|
