|j|☆WarwickCorvette
|j|☆i f ing love pkmn
|t:|1760771312
|gametype|singles
|player|p1|WarwickCorvette|102|1125
|player|p2|i f ing love pkmn|red|1132
|gen|9
|tier|[Gen 9] OU
|rated|
|rule|HP Percentage Mod: HP is shown in percentages
|rule|Endless Battle Clause: Forcing endless battles is banned
|rule|Species Clause: Limit one of each Pokémon
|rule|OHKO Clause: OHKO moves are banned
|rule|Evasion Items Clause: Evasion items are banned
|rule|Evasion Moves Clause: Evasion moves are banned
|rule|Evasion Abilities Clause: Evasion abilities are banned
|rule|Sleep Moves Clause: Sleep-inducing moves are banned
|clearpoke
|poke|p1|Magnezone|
|poke|p1|Salamence, M|
|poke|p1|Dragapult, F|
|poke|p1|Chandelure, F|
|poke|p1|Ninetales-Alola, M|
|poke|p1|Mamoswine, M|
|poke|p2|Sandy Shocks|
|poke|p2|Exeggutor, M|
|poke|p2|Torkoal, F|
|poke|p2|Lilligant-Hisui, F|
|poke|p2|Ninetales, M|
|poke|p2|Heatran, F|
|teampreview
|inactive|Battle timer is ON: inactive players will automatically lose when time's up. (requested by WarwickCorvette)
|
|t:|1760771326
|teamsize|p1|6
|teamsize|p2|6
|start
|switch|p1a: Mamoswine|Mamoswine, M|100/100
|switch|p2a: Mozilla|Ninetales, M, shiny|100/100
|-weather|SunnyDay|[from] ability: Drought|[of] p2a: Mozilla
|turn|1
|
|t:|1760771334
|move|p2a: Mozilla|Solar Beam||[still]
|-prepare|p2a: Mozilla|Solar Beam
|-anim|p2a: Mozilla|Solar Beam|p1a: Mamoswine
|-supereffective|p1a: Mamoswine
|-damage|p1a: Mamoswine|10/100
|move|p1a: Mamoswine|Earthquake|p2a: Mozilla
|-supereffective|p2a: Mozilla
|-damage|p2a: Mozilla|0 fnt
|faint|p2a: Mozilla
|
|-weather|SunnyDay|[upkeep]
|upkeep
|
|t:|1760771342
|switch|p2a: Faceplant|Exeggutor, M, shiny|100/100
|turn|2
|
|t:|1760771347
|move|p1a: Mamoswine|Ice Shard|p2a: Faceplant
|-supereffective|p2a: Faceplant
|-damage|p2a: Faceplant|50/100
|move|p2a: Faceplant|Growth|p2a: Faceplant
|-boost|p2a: Faceplant|atk|2
|-boost|p2a: Faceplant|spa|2
|
|-weather|SunnyDay|[upkeep]
|upkeep
|turn|3
|
|t:|1760771360
|-terastallize|p2a: Faceplant|Fire
|move|p1a: Mamoswine|Ice Shard|p2a: Faceplant
|-resisted|p2a: Faceplant
|-damage|p2a: Faceplant|38/100
|move|p2a: Faceplant|Tera Blast|p1a: Mamoswine|[anim] Tera Blast Fire
|-supereffective|p1a: Mamoswine
|-damage|p1a: Mamoswine|0 fnt
|faint|p1a: Mamoswine
|-damage|p2a: Faceplant|28/100|[from] item: Life Orb
|
|-weather|SunnyDay|[upkeep]
|upkeep
|
|t:|1760771382
|switch|p1a: Ninetales|Ninetales-Alola, M|100/100
|-weather|Snowscape|[from] ability: Snow Warning|[of] p1a: Ninetales
|turn|4
|
|t:|1760771397
|switch|p1a: Salamence|Salamence, M|100/100
|-ability|p1a: Salamence|Intimidate|boost
|-unboost|p2a: Faceplant|atk|1
|move|p2a: Faceplant|Tera Blast|p1a: Salamence|[anim] Tera Blast Fire
|-resisted|p1a: Salamence
|-damage|p1a: Salamence|26/100
|-damage|p2a: Faceplant|18/100|[from] item: Life Orb
|
|-weather|Snowscape|[upkeep]
|upkeep
|turn|5
|
|t:|1760771409
|switch|p2a: SandyCheeks|Sandy Shocks, shiny|100/100
|-enditem|p2a: SandyCheeks|Booster Energy
|-activate|p2a: SandyCheeks|ability: Protosynthesis|[fromitem]
|-start|p2a: SandyCheeks|protosynthesisspe
|move|p1a: Salamence|Dual Wingbeat|p2a: SandyCheeks
|-resisted|p2a: SandyCheeks
|-damage|p2a: SandyCheeks|87/100
|-resisted|p2a: SandyCheeks
|-damage|p2a: SandyCheeks|74/100
|-hitcount|p2a: SandyCheeks|2
|
|-weather|Snowscape|[upkeep]
|upkeep
|turn|6
|
|t:|1760771421
|switch|p1a: Magnezone|Magnezone|100/100
|move|p2a: SandyCheeks|Thunderbolt|p1a: Magnezone
|-resisted|p1a: Magnezone
|-damage|p1a: Magnezone|84/100
|
|-weather|Snowscape|[upkeep]
|upkeep
|turn|7
|
|t:|1760771432
|-terastallize|p1a: Magnezone|Water
|move|p2a: SandyCheeks|Stealth Rock|p1a: Magnezone
|-sidestart|p1: WarwickCorvette|move: Stealth Rock
|move|p1a: Magnezone|Tera Blast|p2a: SandyCheeks|[anim] Tera Blast Water
|-supereffective|p2a: SandyCheeks
|-damage|p2a: SandyCheeks|0 fnt
|faint|p2a: SandyCheeks
|-end|p2a: SandyCheeks|Protosynthesis|[silent]
|
|-weather|Snowscape|[upkeep]
|upkeep
|
|t:|1760771438
|switch|p2a: Clarisse|Lilligant-Hisui, F, shiny|100/100
|turn|8
|
|t:|1760771454
|move|p2a: Clarisse|Triple Axel|p1a: Magnezone
|-resisted|p1a: Magnezone
|-damage|p1a: Magnezone|80/100
|-resisted|p1a: Magnezone
|-crit|p1a: Magnezone
|-damage|p1a: Magnezone|68/100
|-resisted|p1a: Magnezone
|-damage|p1a: Magnezone|56/100
|-hitcount|p1a: Magnezone|3
|-damage|p2a: Clarisse|91/100|[from] item: Life Orb
|move|p1a: Magnezone|Volt Switch|p2a: Clarisse
|-resisted|p2a: Clarisse
|-damage|p2a: Clarisse|53/100
|
|t:|1760771465
|switch|p1a: Salamence|Salamence, M|26/100|[from] Volt Switch
|-damage|p1a: Salamence|1/100|[from] Stealth Rock
|-ability|p1a: Salamence|Intimidate|boost
|-unboost|p2a: Clarisse|atk|1
|
|-weather|none
|upkeep
|turn|9
|
|t:|1760771478
|move|p2a: Clarisse|Triple Axel|p1a: Salamence
|-supereffective|p1a: Salamence
|-damage|p1a: Salamence|0 fnt
|faint|p1a: Salamence
|-hitcount|p1: Salamence|1
|-damage|p2a: Clarisse|43/100|[from] item: Life Orb
|
|upkeep
|
|t:|1760771495
|switch|p1a: Dragapult|Dragapult, F|100/100
|-damage|p1a: Dragapult|88/100|[from] Stealth Rock
|turn|10
|
|t:|1760771501
|switch|p2a: Raphael|Torkoal, F, shiny|100/100
|-weather|SunnyDay|[from] ability: Drought|[of] p2a: Raphael
|move|p1a: Dragapult|Dragon Darts|p2a: Raphael
|-damage|p2a: Raphael|80/100
|-anim|p1a: Dragapult|Dragon Darts|p2a: Raphael
|-damage|p2a: Raphael|62/100
|-damage|p1a: Dragapult|78/100|[from] item: Life Orb
|
|-weather|SunnyDay|[upkeep]
|upkeep
|turn|11
|
|t:|1760771513
|move|p1a: Dragapult|Shadow Ball|p2a: Raphael
|-damage|p2a: Raphael|19/100
|-damage|p1a: Dragapult|69/100|[from] item: Life Orb
|move|p2a: Raphael|Will-O-Wisp|p1a: Dragapult
|-status|p1a: Dragapult|brn
|
|-weather|SunnyDay|[upkeep]
|-damage|p1a: Dragapult|63/100 brn|[from] brn
|upkeep
|turn|12
|
|t:|1760771523
|move|p1a: Dragapult|Shadow Ball|p2a: Raphael
|-damage|p2a: Raphael|0 fnt
|faint|p2a: Raphael
|-damage|p1a: Dragapult|53/100 brn|[from] item: Life Orb
|
|-weather|SunnyDay|[upkeep]
|-damage|p1a: Dragapult|47/100 brn|[from] brn
|upkeep
|
|t:|1760771527
|switch|p2a: Clarisse|Lilligant-Hisui, F, shiny|43/100
|turn|13
|
|t:|1760771534
|switch|p1a: Ninetales|Ninetales-Alola, M|100/100
|-damage|p1a: Ninetales|76/100|[from] Stealth Rock
|-weather|Snowscape|[from] ability: Snow Warning|[of] p1a: Ninetales
|move|p2a: Clarisse|Triple Axel|p1a: Ninetales
|-resisted|p1a: Ninetales
|-damage|p1a: Ninetales|71/100
|-resisted|p1a: Ninetales
|-damage|p1a: Ninetales|63/100
|-resisted|p1a: Ninetales
|-damage|p1a: Ninetales|50/100
|-hitcount|p1a: Ninetales|3
|-damage|p2a: Clarisse|33/100|[from] item: Life Orb
|
|-weather|Snowscape|[upkeep]
|upkeep
|turn|14
|
|t:|1760771549
|move|p1a: Ninetales|Aurora Veil|p1a: Ninetales
|-sidestart|p1: WarwickCorvette|move: Aurora Veil
|move|p2a: Clarisse|Close Combat|p1a: Ninetales
|-damage|p1a: Ninetales|14/100
|-unboost|p2a: Clarisse|def|1
|-unboost|p2a: Clarisse|spd|1
|-damage|p2a: Clarisse|23/100|[from] item: Life Orb
|
|-weather|Snowscape|[upkeep]
|upkeep
|turn|15
|
|t:|1760771559
|move|p1a: Ninetales|Encore|p2a: Clarisse
|-start|p2a: Clarisse|Encore
|move|p2a: Clarisse|Close Combat|p1a: Ninetales
|-damage|p1a: Ninetales|0 fnt
|-unboost|p2a: Clarisse|def|1
|-unboost|p2a: Clarisse|spd|1
|faint|p1a: Ninetales
|-damage|p2a: Clarisse|13/100|[from] item: Life Orb
|
|-weather|Snowscape|[upkeep]
|upkeep
|
|t:|1760771570
|switch|p1a: Chandelure|Chandelure, F|100/100
|-damage|p1a: Chandelure|76/100|[from] Stealth Rock
|turn|16
|
|t:|1760771575
|move|p1a: Chandelure|Shadow Ball|p2a: Clarisse
|-crit|p2a: Clarisse
|-damage|p2a: Clarisse|0 fnt
|faint|p2a: Clarisse
|
|-weather|Snowscape|[upkeep]
|upkeep
|
|t:|1760771577
|switch|p2a: Lasagna|Heatran, F, shiny|100/100
|turn|17
|
|t:|1760771584
|move|p1a: Chandelure|Shadow Ball|p2a: Lasagna
|-damage|p2a: Lasagna|74/100
|move|p2a: Lasagna|Earth Power|p1a: Chandelure
|-supereffective|p1a: Chandelure
|-damage|p1a: Chandelure|25/100
|
|-weather|none
|upkeep
|turn|18
|
|t:|1760771593
|move|p1a: Chandelure|Shadow Ball|p2a: Lasagna
|-damage|p2a: Lasagna|49/100
|move|p2a: Lasagna|Earth Power|p1a: Chandelure
|-supereffective|p1a: Chandelure
|-damage|p1a: Chandelure|0 fnt
|faint|p1a: Chandelure
|
|upkeep
|
|t:|1760771601
|switch|p1a: Magnezone|Magnezone, tera:Water|56/100
|-damage|p1a: Magnezone|43/100|[from] Stealth Rock
|turn|19
|
|t:|1760771617
|move|p2a: Lasagna|Earth Power|p1a: Magnezone
|-crit|p1a: Magnezone
|-damage|p1a: Magnezone|7/100
|move|p1a: Magnezone|Tera Blast|p2a: Lasagna|[anim] Tera Blast Water
|-supereffective|p2a: Lasagna
|-damage|p2a: Lasagna|0 fnt
|faint|p2a: Lasagna
|
|upkeep
|
|t:|1760771619
|switch|p2a: Faceplant|Exeggutor, M, shiny, tera:Fire|18/100
|turn|20
|
|t:|1760771627
|move|p2a: Faceplant|Psychic|p1a: Magnezone
|-damage|p1a: Magnezone|0 fnt
|faint|p1a: Magnezone
|-damage|p2a: Faceplant|8/100|[from] item: Life Orb
|
|upkeep
|
|t:|1760771633
|switch|p1a: Dragapult|Dragapult, F|47/100 brn
|-damage|p1a: Dragapult|35/100 brn|[from] Stealth Rock
|turn|21
|
|t:|1760771638
|move|p1a: Dragapult|Shadow Ball|p2a: Faceplant
|-damage|p2a: Faceplant|0 fnt
|faint|p2a: Faceplant
|-damage|p1a: Dragapult|25/100 brn|[from] item: Life Orb
|
|win|WarwickCorvette
|raw|WarwickCorvette's rating: 1125 &rarr; <strong>1151</strong><br />(+26 for winning)
|raw|i f ing love pkmn's rating: 1132 &rarr; <strong>1106</strong><br />(-26 for losing)
|l|☆i f ing love pkmn
|player|p2|
|l|☆WarwickCorvette
|player|p1|
