|j|☆fregene97
|j|☆OP Earthquakes
|t:|1760726997
|gametype|singles
|player|p1|fregene97|266|1540
|player|p2|OP Earthquakes|giovanni-masters|1496
|gen|9
|tier|[Gen 9] OU
|rated|
|rule|HP Percentage Mod: HP is shown in percentages
|rule|Endless Battle Clause: Forcing endless battles is banned
|rule|Species Clause: Limit one of each Pokémon
|rule|OHKO Clause: OHKO moves are banned
|rule|Evasion Items Clause: Evasion items are banned
|rule|Evasion Moves Clause: Evasion moves are banned
|rule|Evasion Abilities Clause: Evasion abilities are banned
|rule|Sleep Moves Clause: Sleep-inducing moves are banned
|clearpoke
|poke|p1|Darkrai|
|poke|p1|Great Tusk|
|poke|p1|Iron Moth|
|poke|p1|Rillaboom, M|
|poke|p1|Raging Bolt|
|poke|p1|Zamazenta-*|
|poke|p2|Excadrill, M|
|poke|p2|Hawlucha, M|
|poke|p2|Kyurem|
|poke|p2|Tyranitar, F|
|poke|p2|Pawmot, M|
|poke|p2|Klefki, F|
|teampreview
|inactive|Battle timer is ON: inactive players will automatically lose when time's up. (requested by OP Earthquakes)
|c|☆OP Earthquakes|GLHF!
|
|t:|1760727007
|teamsize|p1|6
|teamsize|p2|6
|start
|switch|p1a: Rillaboom|Rillaboom, M|100/100
|switch|p2a: Frieza|Kyurem, shiny|100/100
|-ability|p2a: Frieza|Pressure
|-fieldstart|move: Grassy Terrain|[from] ability: Grassy Surge|[of] p1a: Rillaboom
|turn|1
|
|t:|1760727023
|switch|p1a: Zamazenta|Zamazenta|100/100
|-ability|p1a: Zamazenta|Dauntless Shield|boost
|-boost|p1a: Zamazenta|def|1
|move|p2a: Frieza|Freeze-Dry|p1a: Zamazenta
|-damage|p1a: Zamazenta|70/100
|
|-heal|p1a: Zamazenta|76/100|[from] Grassy Terrain
|-heal|p1a: Zamazenta|82/100|[from] item: Leftovers
|upkeep
|turn|2
|
|t:|1760727034
|switch|p2a: Itachi|Hawlucha, M, shiny|100/100
|-ability|p2a: Itachi|Mold Breaker
|move|p1a: Zamazenta|Iron Defense|p1a: Zamazenta
|-boost|p1a: Zamazenta|def|2
|
|-heal|p1a: Zamazenta|88/100|[from] Grassy Terrain
|-heal|p1a: Zamazenta|94/100|[from] item: Leftovers
|upkeep
|turn|3
|
|t:|1760727040
|-terastallize|p1a: Zamazenta|Fire
|move|p1a: Zamazenta|Iron Defense|p1a: Zamazenta
|-boost|p1a: Zamazenta|def|2
|move|p2a: Itachi|Swords Dance|p2a: Itachi
|-boost|p2a: Itachi|atk|2
|
|-heal|p1a: Zamazenta|100/100|[from] Grassy Terrain
|upkeep
|turn|4
|
|t:|1760727052
|move|p2a: Itachi|Encore|p1a: Zamazenta
|-start|p1a: Zamazenta|Encore
|move|p1a: Zamazenta|Iron Defense|p1a: Zamazenta
|-boost|p1a: Zamazenta|def|1
|
|upkeep
|turn|5
|
|t:|1760727061
|switch|p2a: Shukaku|Tyranitar, F, shiny|100/100
|-weather|Sandstorm|[from] ability: Sand Stream|[of] p2a: Shukaku
|move|p1a: Zamazenta|Iron Defense|p1a: Zamazenta
|-boost|p1a: Zamazenta|def|0
|
|-weather|Sandstorm|[upkeep]
|-damage|p1a: Zamazenta|94/100|[from] Sandstorm
|-heal|p1a: Zamazenta|100/100|[from] Grassy Terrain
|-fieldend|move: Grassy Terrain
|upkeep
|turn|6
|
|t:|1760727067
|move|p1a: Zamazenta|Iron Defense|p1a: Zamazenta
|-boost|p1a: Zamazenta|def|0
|move|p2a: Shukaku|Roar|p1a: Zamazenta
|drag|p1a: Darkrai|Darkrai|100/100
|
|-weather|Sandstorm|[upkeep]
|-damage|p1a: Darkrai|94/100|[from] Sandstorm
|-heal|p1a: Darkrai|100/100|[from] item: Leftovers
|upkeep
|turn|7
|
|t:|1760727072
|move|p1a: Darkrai|Ice Beam|p2a: Shukaku
|-damage|p2a: Shukaku|81/100
|move|p2a: Shukaku|Thunder Wave|p1a: Darkrai
|-status|p1a: Darkrai|par
|
|-weather|Sandstorm|[upkeep]
|-damage|p1a: Darkrai|94/100 par|[from] Sandstorm
|-heal|p1a: Darkrai|100/100 par|[from] item: Leftovers
|upkeep
|turn|8
|
|t:|1760727078
|move|p1a: Darkrai|Ice Beam|p2a: Shukaku
|-damage|p2a: Shukaku|61/100
|move|p2a: Shukaku|Stealth Rock|p1a: Darkrai
|-sidestart|p1: fregene97|move: Stealth Rock
|
|-weather|Sandstorm|[upkeep]
|-damage|p1a: Darkrai|94/100 par|[from] Sandstorm
|-heal|p1a: Darkrai|100/100 par|[from] item: Leftovers
|upkeep
|turn|9
|
|t:|1760727089
|switch|p2a: Klefki|Klefki, F, shiny|100/100
|cant|p1a: Darkrai|par
|
|-weather|Sandstorm|[upkeep]
|-damage|p1a: Darkrai|94/100 par|[from] Sandstorm
|-heal|p1a: Darkrai|100/100 par|[from] item: Leftovers
|upkeep
|turn|10
|
|t:|1760727095
|move|p2a: Klefki|Light Screen|p2a: Klefki
|-sidestart|p2: OP Earthquakes|move: Light Screen
|move|p1a: Darkrai|Dark Pulse|p2a: Klefki
|-resisted|p2a: Klefki
|-damage|p2a: Klefki|88/100
|
|-weather|Sandstorm|[upkeep]
|-damage|p1a: Darkrai|94/100 par|[from] Sandstorm
|-heal|p1a: Darkrai|100/100 par|[from] item: Leftovers
|upkeep
|turn|11
|
|t:|1760727103
|switch|p2a: OP|Excadrill, M|100/100
|move|p1a: Darkrai|Ice Beam|p2a: OP
|-damage|p2a: OP|78/100
|
|-weather|Sandstorm|[upkeep]
|-damage|p1a: Darkrai|94/100 par|[from] Sandstorm
|-heal|p1a: Darkrai|100/100 par|[from] item: Leftovers
|upkeep
|turn|12
|
|t:|1760727110
|move|p2a: OP|Iron Head|p1a: Darkrai
|-damage|p1a: Darkrai|2/100 par
|cant|p1a: Darkrai|flinch
|
|-weather|none
|-heal|p1a: Darkrai|8/100 par|[from] item: Leftovers
|upkeep
|turn|13
|
|t:|1760727115
|move|p2a: OP|Iron Head|p1a: Darkrai
|-damage|p1a: Darkrai|0 fnt
|faint|p1a: Darkrai
|
|upkeep
|
|t:|1760727121
|switch|p1a: Zamazenta|Zamazenta, tera:Fire|100/100
|-damage|p1a: Zamazenta|75/100|[from] Stealth Rock
|turn|14
|
|t:|1760727124
|switch|p2a: Itachi|Hawlucha, M, shiny|100/100
|-ability|p2a: Itachi|Mold Breaker
|move|p1a: Zamazenta|Iron Defense|p1a: Zamazenta
|-boost|p1a: Zamazenta|def|2
|
|-heal|p1a: Zamazenta|82/100|[from] item: Leftovers
|-sideend|p2: OP Earthquakes|move: Light Screen
|upkeep
|turn|15
|
|t:|1760727129
|move|p1a: Zamazenta|Body Press|p2a: Itachi
|-resisted|p2a: Itachi
|-damage|p2a: Itachi|56/100
|-enditem|p2a: Itachi|Red Card|[of] p1a: Zamazenta
|drag|p1a: Rillaboom|Rillaboom, M|100/100
|-damage|p1a: Rillaboom|88/100|[from] Stealth Rock
|-fieldstart|move: Grassy Terrain|[from] ability: Grassy Surge|[of] p1a: Rillaboom
|move|p2a: Itachi|Encore||[still]
|-fail|p2a: Itachi
|
|-heal|p1a: Rillaboom|94/100|[from] Grassy Terrain
|upkeep
|turn|16
|
|t:|1760727136
|move|p2a: Itachi|Brave Bird|p1a: Rillaboom
|-supereffective|p1a: Rillaboom
|-damage|p1a: Rillaboom|0 fnt
|faint|p1a: Rillaboom
|-damage|p2a: Itachi|20/100|[from] Recoil
|
|upkeep
|
|t:|1760727140
|switch|p1a: Iron Moth|Iron Moth|100/100
|-damage|p1a: Iron Moth|76/100|[from] Stealth Rock
|-enditem|p1a: Iron Moth|Booster Energy
|-activate|p1a: Iron Moth|ability: Quark Drive|[fromitem]
|-start|p1a: Iron Moth|quarkdrivespe
|turn|17
|
|t:|1760727146
|switch|p2a: Shukaku|Tyranitar, F, shiny|61/100
|-weather|Sandstorm|[from] ability: Sand Stream|[of] p2a: Shukaku
|move|p1a: Iron Moth|Fiery Dance|p2a: Shukaku
|-resisted|p2a: Shukaku
|-damage|p2a: Shukaku|47/100
|-boost|p1a: Iron Moth|spa|1
|
|-weather|Sandstorm|[upkeep]
|-damage|p1a: Iron Moth|70/100|[from] Sandstorm
|-heal|p1a: Iron Moth|76/100|[from] Grassy Terrain
|-heal|p2a: Shukaku|53/100|[from] Grassy Terrain
|upkeep
|turn|18
|
|t:|1760727150
|move|p1a: Iron Moth|Substitute|p1a: Iron Moth
|-start|p1a: Iron Moth|Substitute
|-damage|p1a: Iron Moth|51/100
|move|p2a: Shukaku|Roar|p1a: Iron Moth
|-end|p1a: Iron Moth|Quark Drive|[silent]
|drag|p1a: Great Tusk|Great Tusk|100/100
|
|-weather|Sandstorm|[upkeep]
|-heal|p2a: Shukaku|59/100|[from] Grassy Terrain
|upkeep
|turn|19
|
|t:|1760727158
|move|p1a: Great Tusk|Rapid Spin|p2a: Shukaku
|-resisted|p2a: Shukaku
|-damage|p2a: Shukaku|53/100
|-boost|p1a: Great Tusk|spe|1
|-sideend|p1: fregene97|Stealth Rock|[from] move: Rapid Spin|[of] p1a: Great Tusk
|move|p2a: Shukaku|Ice Beam|p1a: Great Tusk
|-supereffective|p1a: Great Tusk
|-damage|p1a: Great Tusk|27/100
|
|-weather|Sandstorm|[upkeep]
|-heal|p1a: Great Tusk|33/100|[from] Grassy Terrain
|-heal|p2a: Shukaku|59/100|[from] Grassy Terrain
|-fieldend|move: Grassy Terrain
|upkeep
|turn|20
|c|☆OP Earthquakes|GG
|
|t:|1760727181
|move|p1a: Great Tusk|Headlong Rush|p2a: Shukaku
|-supereffective|p2a: Shukaku
|-damage|p2a: Shukaku|0 fnt
|-unboost|p1a: Great Tusk|def|1
|-unboost|p1a: Great Tusk|spd|1
|faint|p2a: Shukaku
|
|-weather|Sandstorm|[upkeep]
|upkeep
|
|t:|1760727185
|switch|p2a: OP|Excadrill, M|78/100
|turn|21
|
|t:|1760727187
|move|p2a: OP|Earthquake|p1a: Great Tusk
|-damage|p1a: Great Tusk|0 fnt
|faint|p1a: Great Tusk
|-end|p1a: Great Tusk|Protosynthesis|[silent]
|
|-weather|Sandstorm|[upkeep]
|upkeep
|
|t:|1760727191
|switch|p1a: Zamazenta|Zamazenta, tera:Fire|82/100
|turn|22
|
|t:|1760727193
|move|p2a: OP|Earthquake|p1a: Zamazenta
|-supereffective|p1a: Zamazenta
|-damage|p1a: Zamazenta|0 fnt
|faint|p1a: Zamazenta
|
|-weather|Sandstorm|[upkeep]
|upkeep
|
|t:|1760727197
|switch|p1a: Iron Moth|Iron Moth|51/100
|turn|23
|
|t:|1760727199
|move|p2a: OP|Earthquake|p1a: Iron Moth
|-supereffective|p1a: Iron Moth
|-damage|p1a: Iron Moth|0 fnt
|faint|p1a: Iron Moth
|-end|p1a: Iron Moth|Quark Drive|[silent]
|
|-weather|Sandstorm|[upkeep]
|upkeep
|
|t:|1760727202
|switch|p1a: Raging Bolt|Raging Bolt|100/100
|-enditem|p1a: Raging Bolt|Booster Energy
|-activate|p1a: Raging Bolt|ability: Protosynthesis|[fromitem]
|-start|p1a: Raging Bolt|protosynthesisspa
|turn|24
|
|t:|1760727206
|move|p2a: OP|Earthquake|p1a: Raging Bolt
|-supereffective|p1a: Raging Bolt
|-damage|p1a: Raging Bolt|0 fnt
|faint|p1a: Raging Bolt
|-end|p1a: Raging Bolt|Protosynthesis|[silent]
|
|win|OP Earthquakes
|raw|fregene97's rating: 1540 &rarr; <strong>1517</strong><br />(-23 for losing)
|raw|OP Earthquakes's rating: 1496 &rarr; <strong>1519</strong><br />(+23 for winning)
|l|☆fregene97
|player|p1|
