|j|☆2muchradio
|j|☆giogiovannio
|t:|1760799445
|gametype|singles
|player|p1|2muchradio|sabrina|1597
|player|p2|giogiovannio|drayden|1508
|gen|9
|tier|[Gen 9] OU
|rated|
|rule|HP Percentage Mod: HP is shown in percentages
|rule|Endless Battle Clause: Forcing endless battles is banned
|rule|Species Clause: Limit one of each Pokémon
|rule|OHKO Clause: OHKO moves are banned
|rule|Evasion Items Clause: Evasion items are banned
|rule|Evasion Moves Clause: Evasion moves are banned
|rule|Evasion Abilities Clause: Evasion abilities are banned
|rule|Sleep Moves Clause: Sleep-inducing moves are banned
|clearpoke
|poke|p1|Rillaboom, M|
|poke|p1|Alomomola, L99, M|
|poke|p1|Hawlucha, F|
|poke|p1|Great Tusk|
|poke|p1|Dragapult, M|
|poke|p1|Tinkaton, F|
|poke|p2|Mabosstiff, F|
|poke|p2|Darkrai|
|poke|p2|Kingambit, F|
|poke|p2|Araquanid, F|
|poke|p2|Glimmora, F|
|poke|p2|Zamazenta-*|
|teampreview
|inactive|Battle timer is ON: inactive players will automatically lose when time's up. (requested by 2muchradio)
|
|t:|1760799459
|teamsize|p1|6
|teamsize|p2|6
|start
|switch|p1a: Tinkaton|Tinkaton, F|100/100
|switch|p2a: Araquanid|Araquanid, F|100/100
|-item|p1a: Tinkaton|Air Balloon
|turn|1
|
|t:|1760799465
|move|p1a: Tinkaton|Stealth Rock|p2a: Araquanid
|-sidestart|p2: giogiovannio|move: Stealth Rock
|move|p2a: Araquanid|Sticky Web|p1a: Tinkaton
|-sidestart|p1: 2muchradio|move: Sticky Web
|
|upkeep
|turn|2
|
|t:|1760799467
|move|p1a: Tinkaton|Encore|p2a: Araquanid
|-start|p2a: Araquanid|Encore
|move|p2a: Araquanid|Sticky Web||[still]
|-fail|p2a: Araquanid
|
|upkeep
|turn|3
|
|t:|1760799471
|switch|p2a: Kingambit|Kingambit, F|100/100
|-damage|p2a: Kingambit|94/100|[from] Stealth Rock
|move|p1a: Tinkaton|Thunder Wave|p2a: Kingambit
|-status|p2a: Kingambit|par
|
|-heal|p2a: Kingambit|100/100 par|[from] item: Leftovers
|upkeep
|turn|4
|
|t:|1760799479
|switch|p1a: Great Tusk|Great Tusk|100/100
|-activate|p1a: Great Tusk|move: Sticky Web
|-unboost|p1a: Great Tusk|spe|1
|-enditem|p1a: Great Tusk|Booster Energy
|-activate|p1a: Great Tusk|ability: Protosynthesis|[fromitem]
|-start|p1a: Great Tusk|protosynthesisatk
|cant|p2a: Kingambit|par
|
|upkeep
|turn|5
|
|t:|1760799489
|-end|p2a: Kingambit|fallenundefined|[silent]
|switch|p2a: Araquanid|Araquanid, F|100/100
|-damage|p2a: Araquanid|75/100|[from] Stealth Rock
|move|p1a: Great Tusk|Rapid Spin|p2a: Araquanid
|-damage|p2a: Araquanid|55/100
|-boost|p1a: Great Tusk|spe|1
|-sideend|p1: 2muchradio|Sticky Web|[from] move: Rapid Spin|[of] p1a: Great Tusk
|
|upkeep
|turn|6
|
|t:|1760799499
|move|p1a: Great Tusk|Stone Edge|p2a: Araquanid
|-supereffective|p2a: Araquanid
|-damage|p2a: Araquanid|0 fnt
|faint|p2a: Araquanid
|
|upkeep
|
|t:|1760799524
|switch|p2a: Darkrai|Darkrai|100/100
|-damage|p2a: Darkrai|88/100|[from] Stealth Rock
|turn|7
|
|t:|1760799535
|move|p2a: Darkrai|Ice Beam|p1a: Great Tusk
|-supereffective|p1a: Great Tusk
|-damage|p1a: Great Tusk|3/100
|move|p1a: Great Tusk|Rapid Spin|p2a: Darkrai
|-damage|p2a: Darkrai|61/100
|-boost|p1a: Great Tusk|spe|1
|
|upkeep
|turn|8
|
|t:|1760799552
|move|p2a: Darkrai|Ice Beam|p1a: Great Tusk
|-supereffective|p1a: Great Tusk
|-damage|p1a: Great Tusk|0 fnt
|faint|p1a: Great Tusk
|-end|p1a: Great Tusk|Protosynthesis|[silent]
|
|upkeep
|
|t:|1760799560
|switch|p1a: Alomomola|Alomomola, L99, M|100/100
|turn|9
|
|t:|1760799566
|switch|p2a: Mabosstiff|Mabosstiff, F|100/100
|-damage|p2a: Mabosstiff|88/100|[from] Stealth Rock
|move|p1a: Alomomola|Flip Turn|p2a: Mabosstiff
|-damage|p2a: Mabosstiff|70/100
|
|t:|1760799572
|switch|p1a: Rillaboom|Rillaboom, M|100/100|[from] Flip Turn
|-fieldstart|move: Grassy Terrain|[from] ability: Grassy Surge|[of] p1a: Rillaboom
|
|-heal|p2a: Mabosstiff|76/100|[from] Grassy Terrain
|upkeep
|turn|10
|
|t:|1760799580
|switch|p2a: Glimmora|Glimmora, F|100/100
|-damage|p2a: Glimmora|88/100|[from] Stealth Rock
|move|p1a: Rillaboom|U-turn|p2a: Glimmora
|-resisted|p2a: Glimmora
|-damage|p2a: Glimmora|65/100
|-activate|p2a: Glimmora|ability: Toxic Debris
|-sidestart|p1: 2muchradio|move: Toxic Spikes
|
|t:|1760799585
|switch|p1a: Tinkaton|Tinkaton, F|100/100|[from] U-turn
|-item|p1a: Tinkaton|Air Balloon
|
|-heal|p2a: Glimmora|71/100|[from] Grassy Terrain
|upkeep
|turn|11
|
|t:|1760799590
|switch|p2a: Kingambit|Kingambit, F|100/100 par
|-damage|p2a: Kingambit|94/100 par|[from] Stealth Rock
|-activate|p2a: Kingambit|ability: Supreme Overlord
|-start|p2a: Kingambit|fallen1|[silent]
|move|p1a: Tinkaton|Gigaton Hammer|p2a: Kingambit
|-resisted|p2a: Kingambit
|-damage|p2a: Kingambit|74/100 par
|
|-heal|p2a: Kingambit|80/100 par|[from] Grassy Terrain
|-heal|p2a: Kingambit|86/100 par|[from] item: Leftovers
|upkeep
|turn|12
|inactive|2muchradio has 120 seconds left.
|
|t:|1760799623
|switch|p1a: Alomomola|Alomomola, L99, M|100/100
|-status|p1a: Alomomola|psn
|move|p2a: Kingambit|Swords Dance|p2a: Kingambit
|-boost|p2a: Kingambit|atk|2
|
|-heal|p2a: Kingambit|93/100 par|[from] Grassy Terrain
|-heal|p2a: Kingambit|99/100 par|[from] item: Leftovers
|-damage|p1a: Alomomola|88/100 psn|[from] psn
|upkeep
|turn|13
|
|t:|1760799628
|move|p1a: Alomomola|Flip Turn|p2a: Kingambit
|-damage|p2a: Kingambit|85/100 par
|
|t:|1760799631
|switch|p1a: Hawlucha|Hawlucha, F|100/100|[from] Flip Turn
|-enditem|p1a: Hawlucha|Grassy Seed
|-boost|p1a: Hawlucha|def|1|[from] item: Grassy Seed
|move|p2a: Kingambit|Kowtow Cleave|p1a: Hawlucha
|-resisted|p1a: Hawlucha
|-damage|p1a: Hawlucha|56/100
|
|-heal|p2a: Kingambit|91/100 par|[from] Grassy Terrain
|-heal|p2a: Kingambit|97/100 par|[from] item: Leftovers
|-fieldend|move: Grassy Terrain
|upkeep
|turn|14
|
|t:|1760799639
|-terastallize|p2a: Kingambit|Ghost
|move|p1a: Hawlucha|Close Combat|p2a: Kingambit
|-immune|p2a: Kingambit
|move|p2a: Kingambit|Iron Head|p1a: Hawlucha
|-damage|p1a: Hawlucha|0 fnt
|faint|p1a: Hawlucha
|
|-heal|p2a: Kingambit|100/100 par|[from] item: Leftovers
|upkeep
|
|t:|1760799653
|switch|p1a: Dragapult|Dragapult, M|100/100
|turn|15
|
|t:|1760799656
|-terastallize|p1a: Dragapult|Fairy
|move|p2a: Kingambit|Sucker Punch|p1a: Dragapult
|-resisted|p1a: Dragapult
|-damage|p1a: Dragapult|39/100
|move|p1a: Dragapult|Hex|p2a: Kingambit
|-supereffective|p2a: Kingambit
|-damage|p2a: Kingambit|0 fnt
|faint|p2a: Kingambit
|-end|p2a: Kingambit|fallen1|[silent]
|
|upkeep
|
|t:|1760799661
|switch|p2a: Darkrai|Darkrai|61/100
|-damage|p2a: Darkrai|49/100|[from] Stealth Rock
|turn|16
|
|t:|1760799666
|switch|p1a: Tinkaton|Tinkaton, F|100/100
|-item|p1a: Tinkaton|Air Balloon
|move|p2a: Darkrai|Ice Beam|p1a: Tinkaton
|-resisted|p1a: Tinkaton
|-damage|p1a: Tinkaton|86/100
|-enditem|p1a: Tinkaton|Air Balloon
|
|upkeep
|turn|17
|
|t:|1760799675
|switch|p2a: Mabosstiff|Mabosstiff, F|76/100
|-damage|p2a: Mabosstiff|64/100|[from] Stealth Rock
|move|p1a: Tinkaton|Thunder Wave|p2a: Mabosstiff
|-status|p2a: Mabosstiff|par
|
|upkeep
|turn|18
|
|t:|1760799682
|move|p1a: Tinkaton|Gigaton Hammer|p2a: Mabosstiff
|-damage|p2a: Mabosstiff|11/100 par
|move|p2a: Mabosstiff|Wild Charge|p1a: Tinkaton
|-damage|p1a: Tinkaton|26/100
|-damage|p2a: Mabosstiff|0 fnt|[from] Recoil
|-enditem|p2a: Mabosstiff|Choice Band|[silent]|[from] ability: Pickpocket|[of] p2a: Mabosstiff
|-item|p1a: Tinkaton|Choice Band|[from] ability: Pickpocket|[of] p2a: Mabosstiff
|faint|p2a: Mabosstiff
|
|upkeep
|
|t:|1760799690
|switch|p2a: Glimmora|Glimmora, F|71/100
|-damage|p2a: Glimmora|58/100|[from] Stealth Rock
|turn|19
|
|t:|1760799694
|switch|p1a: Alomomola|Alomomola, L99, M|100/100 psn
|move|p2a: Glimmora|Meteor Beam||[still]
|-prepare|p2a: Glimmora|Meteor Beam
|-boost|p2a: Glimmora|spa|1
|-enditem|p2a: Glimmora|Power Herb
|-anim|p2a: Glimmora|Meteor Beam|p1a: Alomomola
|-damage|p1a: Alomomola|50/100 psn
|
|-damage|p1a: Alomomola|37/100 psn|[from] psn
|upkeep
|turn|20
|
|t:|1760799704
|move|p2a: Glimmora|Earth Power|p1a: Alomomola
|-damage|p1a: Alomomola|10/100 psn
|move|p1a: Alomomola|Mirror Coat|p2a: Glimmora
|-damage|p2a: Glimmora|0 fnt
|faint|p2a: Glimmora
|
|-damage|p1a: Alomomola|0 fnt|[from] psn
|faint|p1a: Alomomola
|upkeep
|
|t:|1760799717
|switch|p2a: Darkrai|Darkrai|49/100
|switch|p1a: Dragapult|Dragapult, M, tera:Fairy|39/100
|-damage|p2a: Darkrai|36/100|[from] Stealth Rock
|turn|21
|
|t:|1760799722
|switch|p1a: Tinkaton|Tinkaton, F|26/100
|move|p2a: Darkrai|Dark Pulse|p1a: Tinkaton
|-resisted|p1a: Tinkaton
|-damage|p1a: Tinkaton|9/100
|
|upkeep
|turn|22
|
|t:|1760799726
|move|p2a: Darkrai|Dark Pulse|p1a: Tinkaton
|-resisted|p1a: Tinkaton
|-damage|p1a: Tinkaton|0 fnt
|faint|p1a: Tinkaton
|
|upkeep
|
|t:|1760799728
|switch|p1a: Rillaboom|Rillaboom, M|100/100
|-status|p1a: Rillaboom|psn
|-fieldstart|move: Grassy Terrain|[from] ability: Grassy Surge|[of] p1a: Rillaboom
|turn|23
|
|t:|1760799733
|move|p1a: Rillaboom|Grassy Glide|p2a: Darkrai
|-damage|p2a: Darkrai|0 fnt
|faint|p2a: Darkrai
|
|-damage|p1a: Rillaboom|88/100 psn|[from] psn
|upkeep
|
|t:|1760799735
|switch|p2a: Zamazenta|Zamazenta|100/100
|-damage|p2a: Zamazenta|94/100|[from] Stealth Rock
|-ability|p2a: Zamazenta|Dauntless Shield|boost
|-boost|p2a: Zamazenta|def|1
|turn|24
|
|t:|1760799737
|move|p1a: Rillaboom|Grassy Glide|p2a: Zamazenta
|-damage|p2a: Zamazenta|63/100
|move|p2a: Zamazenta|Iron Defense|p2a: Zamazenta
|-boost|p2a: Zamazenta|def|2
|
|-heal|p2a: Zamazenta|69/100|[from] Grassy Terrain
|-heal|p2a: Zamazenta|75/100|[from] item: Leftovers
|-heal|p1a: Rillaboom|94/100 psn|[from] Grassy Terrain
|-damage|p1a: Rillaboom|82/100 psn|[from] psn
|upkeep
|turn|25
|
|t:|1760799740
|move|p1a: Rillaboom|Grassy Glide|p2a: Zamazenta
|-damage|p2a: Zamazenta|59/100
|move|p2a: Zamazenta|Body Press|p1a: Rillaboom
|-damage|p1a: Rillaboom|0 fnt
|faint|p1a: Rillaboom
|
|-heal|p2a: Zamazenta|65/100|[from] Grassy Terrain
|-heal|p2a: Zamazenta|71/100|[from] item: Leftovers
|upkeep
|
|t:|1760799743
|switch|p1a: Dragapult|Dragapult, M, tera:Fairy|39/100
|turn|26
|
|t:|1760799749
|move|p1a: Dragapult|Will-O-Wisp|p2a: Zamazenta
|-status|p2a: Zamazenta|brn
|move|p2a: Zamazenta|Body Press|p1a: Dragapult
|-resisted|p1a: Dragapult
|-damage|p1a: Dragapult|10/100
|
|-heal|p1a: Dragapult|16/100|[from] Grassy Terrain
|-heal|p2a: Zamazenta|77/100 brn|[from] Grassy Terrain
|-heal|p2a: Zamazenta|83/100 brn|[from] item: Leftovers
|-damage|p2a: Zamazenta|77/100 brn|[from] brn
|upkeep
|turn|27
|
|t:|1760799754
|move|p1a: Dragapult|Hex|p2a: Zamazenta
|-damage|p2a: Zamazenta|36/100 brn
|move|p2a: Zamazenta|Body Press|p1a: Dragapult
|-resisted|p1a: Dragapult
|-damage|p1a: Dragapult|0 fnt
|faint|p1a: Dragapult
|
|win|giogiovannio
|raw|2muchradio's rating: 1597 &rarr; <strong>1573</strong><br />(-24 for losing)
|raw|giogiovannio's rating: 1528 &rarr; <strong>1552</strong><br />(+24 for winning)
|l|☆2muchradio
|player|p1|
|l|☆giogiovannio
|player|p2|
|j|☆giogiovannio
|player|p2|giogiovannio|drayden|
|l|☆giogiovannio
|player|p2|
