|j|☆v1396449132
|j|☆Oddyb
|t:|1760774718
|gametype|singles
|player|p1|v1396449132|169|1087
|player|p2|Oddyb|lucas|1121
|gen|9
|tier|[Gen 9] OU
|rated|
|rule|HP Percentage Mod: HP is shown in percentages
|rule|Endless Battle Clause: Forcing endless battles is banned
|rule|Species Clause: Limit one of each Pokémon
|rule|OHKO Clause: OHKO moves are banned
|rule|Evasion Items Clause: Evasion items are banned
|rule|Evasion Moves Clause: Evasion moves are banned
|rule|Evasion Abilities Clause: Evasion abilities are banned
|rule|Sleep Moves Clause: Sleep-inducing moves are banned
|clearpoke
|poke|p1|Jirachi|
|poke|p1|Gliscor, M|
|poke|p1|Empoleon, M|
|poke|p1|Serperior, M|
|poke|p1|Landorus-Therian, M|
|poke|p1|Incineroar, M|
|poke|p2|Necrozma|
|poke|p2|Cloyster, M|
|poke|p2|Porygon-Z|
|poke|p2|Regidrago|
|poke|p2|Lucario, M|
|poke|p2|Iron Thorns|
|teampreview
|inactive|Battle timer is ON: inactive players will automatically lose when time's up. (requested by Oddyb)
|
|t:|1760774730
|teamsize|p1|6
|teamsize|p2|6
|start
|switch|p1a: Incineroar|Incineroar, M, shiny|100/100
|switch|p2a: Lucario|Lucario, M|100/100
|-ability|p1a: Incineroar|Intimidate|boost
|-unboost|p2a: Lucario|atk|1
|turn|1
|
|t:|1760774737
|move|p1a: Incineroar|Fake Out|p2a: Lucario
|-resisted|p2a: Lucario
|-damage|p2a: Lucario|93/100
|cant|p2a: Lucario|flinch
|-ability|p2a: Lucario|Steadfast|boost
|-boost|p2a: Lucario|spe|1
|
|upkeep
|turn|2
|
|t:|1760774743
|move|p2a: Lucario|Aura Sphere|p1a: Incineroar
|-supereffective|p1a: Incineroar
|-damage|p1a: Incineroar|42/100
|-damage|p2a: Lucario|83/100|[from] item: Life Orb
|move|p1a: Incineroar|Knock Off|p2a: Lucario
|-resisted|p2a: Lucario
|-damage|p2a: Lucario|53/100
|-enditem|p2a: Lucario|Life Orb|[from] move: Knock Off|[of] p1a: Incineroar
|
|upkeep
|turn|3
|
|t:|1760774753
|move|p2a: Lucario|Aura Sphere|p1a: Incineroar
|-supereffective|p1a: Incineroar
|-damage|p1a: Incineroar|0 fnt
|faint|p1a: Incineroar
|
|upkeep
|
|t:|1760774758
|switch|p1a: Landorus|Landorus-Therian, M, shiny|100/100
|-ability|p1a: Landorus|Intimidate|boost
|-unboost|p2a: Lucario|atk|1
|turn|4
|
|t:|1760774764
|move|p2a: Lucario|Flash Cannon|p1a: Landorus
|-damage|p1a: Landorus|62/100
|move|p1a: Landorus|Earthquake|p2a: Lucario
|-supereffective|p2a: Lucario
|-damage|p2a: Lucario|0 fnt
|faint|p2a: Lucario
|
|-heal|p1a: Landorus|68/100|[from] item: Leftovers
|upkeep
|
|t:|1760774773
|switch|p2a: Cloyster|Cloyster, M|100/100
|turn|5
|
|t:|1760774778
|move|p1a: Landorus|Stealth Rock|p2a: Cloyster
|-sidestart|p2: Oddyb|move: Stealth Rock
|move|p2a: Cloyster|Shell Smash|p2a: Cloyster
|-unboost|p2a: Cloyster|def|1
|-unboost|p2a: Cloyster|spd|1
|-boost|p2a: Cloyster|atk|2
|-boost|p2a: Cloyster|spa|2
|-boost|p2a: Cloyster|spe|2
|-enditem|p2a: Cloyster|White Herb
|-clearnegativeboost|p2a: Cloyster|[silent]
|
|-heal|p1a: Landorus|74/100|[from] item: Leftovers
|upkeep
|turn|6
|
|t:|1760774787
|move|p2a: Cloyster|Icicle Spear|p1a: Landorus
|-supereffective|p1a: Landorus
|-damage|p1a: Landorus|0 fnt
|faint|p1a: Landorus
|-hitcount|p1: Landorus|1
|
|upkeep
|
|t:|1760774793
|switch|p1a: Serperior|Serperior, M, shiny|100/100
|turn|7
|
|t:|1760774796
|-terastallize|p1a: Serperior|Rock
|move|p2a: Cloyster|Icicle Spear|p1a: Serperior
|-damage|p1a: Serperior|73/100
|-damage|p1a: Serperior|43/100
|-damage|p1a: Serperior|15/100
|-damage|p1a: Serperior|0 fnt
|faint|p1a: Serperior
|-hitcount|p1: Serperior|4
|
|upkeep
|-message|v1396449132 forfeited.
|
|win|Oddyb
|raw|v1396449132's rating: 1087 &rarr; <strong>1066</strong><br />(-21 for losing)
|raw|Oddyb's rating: 1121 &rarr; <strong>1144</strong><br />(+23 for winning)
|l|☆v1396449132
|player|p1|
|l|☆Oddyb
|player|p2|
