|j|☆A Welcome Guest
|j|‽theonlydork
|t:|1760745950
|gametype|singles
|player|p1|A Welcome Guest|n|1826
|player|p2|theonlydork|266|1863
|gen|9
|tier|[Gen 9] OU
|rated|
|rule|HP Percentage Mod: HP is shown in percentages
|rule|Endless Battle Clause: Forcing endless battles is banned
|rule|Species Clause: Limit one of each Pokémon
|rule|OHKO Clause: OHKO moves are banned
|rule|Evasion Items Clause: Evasion items are banned
|rule|Evasion Moves Clause: Evasion moves are banned
|rule|Evasion Abilities Clause: Evasion abilities are banned
|rule|Sleep Moves Clause: Sleep-inducing moves are banned
|clearpoke
|poke|p1|Rotom-Heat|
|poke|p1|Blissey, F|
|poke|p1|Clodsire, M|
|poke|p1|Clefable, M|
|poke|p1|Skarmory, F|
|poke|p1|Hydrapple, F|
|poke|p2|Zamazenta-*|
|poke|p2|Ting-Lu|
|poke|p2|Glimmora, F|
|poke|p2|Gholdengo|
|poke|p2|Ogerpon-Wellspring, F|
|poke|p2|Dragonite, M|
|teampreview
|c|☆A Welcome Guest|hf
|inactive|Battle timer is ON: inactive players will automatically lose when time's up. (requested by theonlydork)
|
|t:|1760745998
|teamsize|p1|6
|teamsize|p2|6
|start
|switch|p1a: Hydrapple|Hydrapple, F|100/100
|switch|p2a: Glimmora|Glimmora, F|100/100
|turn|1
|
|t:|1760746006
|switch|p2a: Ogerpon|Ogerpon-Wellspring, F|100/100
|switch|p1a: Clodsire|Clodsire, M|100/100
|
|upkeep
|turn|2
|j| Champion reko
|
|t:|1760746029
|move|p2a: Ogerpon|Knock Off|p1a: Clodsire
|-damage|p1a: Clodsire|58/100
|-enditem|p1a: Clodsire|Heavy-Duty Boots|[from] move: Knock Off|[of] p2a: Ogerpon
|move|p1a: Clodsire|Toxic|p2a: Ogerpon
|-status|p2a: Ogerpon|tox
|
|-damage|p2a: Ogerpon|95/100 tox|[from] psn
|upkeep
|turn|3
|
|t:|1760746034
|switch|p1a: Hydrapple|Hydrapple, F|100/100
|move|p2a: Ogerpon|Ivy Cudgel|p1a: Hydrapple|[anim] Ivy Cudgel Water
|-resisted|p1a: Hydrapple
|-damage|p1a: Hydrapple|93/100
|
|-damage|p2a: Ogerpon|83/100 tox|[from] psn
|upkeep
|turn|4
|
|t:|1760746050
|move|p2a: Ogerpon|Play Rough|p1a: Hydrapple
|-supereffective|p1a: Hydrapple
|-damage|p1a: Hydrapple|53/100
|move|p1a: Hydrapple|Fickle Beam|p2a: Ogerpon|[anim] Fickle Beam All Out
|-activate|p1a: Hydrapple|move: Fickle Beam
|-damage|p2a: Ogerpon|5/100 tox
|
|-damage|p2a: Ogerpon|0 fnt|[from] psn
|faint|p2a: Ogerpon
|upkeep
|
|t:|1760746065
|switch|p2a: Gholdengo|Gholdengo|100/100
|turn|5
|
|t:|1760746077
|switch|p1a: Blissey|Blissey, F|100/100
|move|p2a: Gholdengo|Trick|p1a: Blissey
|-activate|p2a: Gholdengo|move: Trick|[of] p1a: Blissey
|-item|p1a: Blissey|Choice Scarf|[from] move: Trick
|-item|p2a: Gholdengo|Heavy-Duty Boots|[from] move: Trick
|
|upkeep
|turn|6
|
|t:|1760746087
|switch|p2a: Ting-Lu|Ting-Lu|100/100
|-ability|p2a: Ting-Lu|Vessel of Ruin
|move|p1a: Blissey|Trick|p2a: Ting-Lu
|-activate|p1a: Blissey|move: Trick|[of] p2a: Ting-Lu
|-item|p2a: Ting-Lu|Choice Scarf|[from] move: Trick
|-item|p1a: Blissey|Leftovers|[from] move: Trick
|
|upkeep
|turn|7
|l| Champion reko
|
|t:|1760746116
|switch|p1a: Clefable|Clefable, M|100/100
|move|p2a: Ting-Lu|Spikes|p1a: Clefable
|-sidestart|p1: A Welcome Guest|Spikes
|
|upkeep
|turn|8
|
|t:|1760746122
|move|p2a: Ting-Lu|Spikes|p1a: Clefable
|-sidestart|p1: A Welcome Guest|Spikes
|move|p1a: Clefable|Stealth Rock|p2a: Ting-Lu
|-sidestart|p2: theonlydork|move: Stealth Rock
|
|upkeep
|turn|9
|
|t:|1760746131
|switch|p2a: Glimmora|Glimmora, F|100/100
|-damage|p2a: Glimmora|88/100|[from] Stealth Rock
|switch|p1a: Rotom|Rotom-Heat|100/100
|
|upkeep
|turn|10
|
|t:|1760746139
|switch|p1a: Blissey|Blissey, F|100/100
|-damage|p1a: Blissey|84/100|[from] Spikes
|move|p2a: Glimmora|Power Gem|p1a: Blissey
|-damage|p1a: Blissey|73/100
|
|-heal|p1a: Blissey|79/100|[from] item: Leftovers
|upkeep
|turn|11
|
|t:|1760746146
|move|p1a: Blissey|Protect|p1a: Blissey
|-singleturn|p1a: Blissey|Protect
|move|p2a: Glimmora|Stealth Rock|p1a: Blissey
|-sidestart|p1: A Welcome Guest|move: Stealth Rock
|
|-heal|p1a: Blissey|86/100|[from] item: Leftovers
|upkeep
|turn|12
|
|t:|1760746151
|move|p2a: Glimmora|Mortal Spin|p1a: Blissey
|-damage|p1a: Blissey|80/100
|-status|p1a: Blissey|psn
|-sideend|p2: theonlydork|Stealth Rock|[from] move: Mortal Spin|[of] p2a: Glimmora
|move|p1a: Blissey|Seismic Toss|p2a: Glimmora
|-damage|p2a: Glimmora|61/100
|-activate|p2a: Glimmora|ability: Toxic Debris
|-sidestart|p1: A Welcome Guest|move: Toxic Spikes
|-enditem|p2a: Glimmora|Red Card|[of] p1a: Blissey
|-curestatus|p1a: Blissey|psn|[from] ability: Natural Cure
|drag|p1a: Rotom|Rotom-Heat|100/100
|
|upkeep
|turn|13
|
|t:|1760746179
|move|p1a: Rotom|Volt Switch|p2a: Glimmora
|-damage|p2a: Glimmora|35/100
|
|t:|1760746182
|switch|p1a: Clodsire|Clodsire, M|58/100|[from] Volt Switch
|-damage|p1a: Clodsire|41/100|[from] Spikes
|-damage|p1a: Clodsire|35/100|[from] Stealth Rock
|-sideend|p1: A Welcome Guest|move: Toxic Spikes|[of] p1a: Clodsire
|move|p2a: Glimmora|Power Gem|p1a: Clodsire
|-resisted|p1a: Clodsire
|-damage|p1a: Clodsire|27/100
|
|upkeep
|turn|14
|inactive|A Welcome Guest has 120 seconds left.
|j| bloodhound q50
|
|t:|1760746230
|switch|p1a: Clefable|Clefable, M|100/100
|move|p2a: Glimmora|Earth Power|p1a: Clefable
|-damage|p1a: Clefable|76/100
|
|upkeep
|turn|15
|inactive|theonlydork has 120 seconds left.
|
|t:|1760746280
|move|p2a: Glimmora|Mortal Spin|p1a: Clefable
|-supereffective|p1a: Clefable
|-damage|p1a: Clefable|66/100
|-status|p1a: Clefable|psn
|move|p1a: Clefable|Stealth Rock|p2a: Glimmora
|-sidestart|p2: theonlydork|move: Stealth Rock
|
|-damage|p2a: Glimmora|23/100|[from] item: Sticky Barb
|upkeep
|turn|16
|
|t:|1760746291
|move|p2a: Glimmora|Power Gem|p1a: Clefable
|-damage|p1a: Clefable|33/100 psn
|move|p1a: Clefable|Moonlight|p1a: Clefable
|-heal|p1a: Clefable|83/100 psn
|
|-damage|p2a: Glimmora|10/100|[from] item: Sticky Barb
|upkeep
|turn|17
|
|t:|1760746295
|switch|p2a: Gholdengo|Gholdengo|100/100
|move|p1a: Clefable|Moonlight|p1a: Clefable
|-heal|p1a: Clefable|100/100 psn
|
|upkeep
|turn|18
|inactive|A Welcome Guest has 120 seconds left.
|
|t:|1760746316
|switch|p1a: Blissey|Blissey, F|80/100
|-damage|p1a: Blissey|63/100|[from] Spikes
|-damage|p1a: Blissey|51/100|[from] Stealth Rock
|move|p2a: Gholdengo|Shadow Ball|p1a: Blissey
|-immune|p1a: Blissey
|
|-heal|p1a: Blissey|57/100|[from] item: Leftovers
|upkeep
|turn|19
|
|t:|1760746320
|move|p2a: Gholdengo|Nasty Plot|p2a: Gholdengo
|-boost|p2a: Gholdengo|spa|2
|move|p1a: Blissey|Seismic Toss|p2a: Gholdengo
|-immune|p2a: Gholdengo
|
|-heal|p1a: Blissey|63/100|[from] item: Leftovers
|upkeep
|turn|20
|inactive|theonlydork has 120 seconds left.
|inactive|A Welcome Guest has 120 seconds left.
|
|t:|1760746347
|move|p2a: Gholdengo|Shadow Ball|p1a: Blissey
|-immune|p1a: Blissey
|move|p1a: Blissey|Seismic Toss|p2a: Gholdengo
|-immune|p2a: Gholdengo
|
|-heal|p1a: Blissey|69/100|[from] item: Leftovers
|upkeep
|turn|21
|
|t:|1760746351
|move|p2a: Gholdengo|Nasty Plot|p2a: Gholdengo
|-boost|p2a: Gholdengo|spa|2
|move|p1a: Blissey|Seismic Toss|p2a: Gholdengo
|-immune|p2a: Gholdengo
|
|-heal|p1a: Blissey|75/100|[from] item: Leftovers
|upkeep
|turn|22
|
|t:|1760746356
|move|p2a: Gholdengo|Make It Rain|p1a: Blissey
|-damage|p1a: Blissey|15/100
|-unboost|p2a: Gholdengo|spa|1
|move|p1a: Blissey|Soft-Boiled|p1a: Blissey
|-heal|p1a: Blissey|65/100
|
|-heal|p1a: Blissey|71/100|[from] item: Leftovers
|upkeep
|turn|23
|
|t:|1760746364
|move|p2a: Gholdengo|Shadow Ball|p1a: Blissey
|-immune|p1a: Blissey
|move|p1a: Blissey|Soft-Boiled|p1a: Blissey
|-heal|p1a: Blissey|100/100
|
|upkeep
|turn|24
|c| bloodhound q50|Trick Blissey?
|
|t:|1760746370
|move|p2a: Gholdengo|Shadow Ball|p1a: Blissey
|-immune|p1a: Blissey
|move|p1a: Blissey|Seismic Toss|p2a: Gholdengo
|-immune|p2a: Gholdengo
|
|upkeep
|turn|25
|c| bloodhound q50|ayo
|
|t:|1760746374
|move|p2a: Gholdengo|Shadow Ball|p1a: Blissey
|-immune|p1a: Blissey
|move|p1a: Blissey|Seismic Toss|p2a: Gholdengo
|-immune|p2a: Gholdengo
|
|upkeep
|turn|26
|
|t:|1760746383
|move|p2a: Gholdengo|Shadow Ball|p1a: Blissey
|-immune|p1a: Blissey
|move|p1a: Blissey|Seismic Toss|p2a: Gholdengo
|-immune|p2a: Gholdengo
|
|upkeep
|turn|27
|
|t:|1760746385
|move|p2a: Gholdengo|Nasty Plot|p2a: Gholdengo
|-boost|p2a: Gholdengo|spa|2
|move|p1a: Blissey|Seismic Toss|p2a: Gholdengo
|-immune|p2a: Gholdengo
|
|upkeep
|turn|28
|
|t:|1760746391
|-terastallize|p2a: Gholdengo|Steel
|move|p2a: Gholdengo|Make It Rain|p1a: Blissey
|-damage|p1a: Blissey|7/100
|-unboost|p2a: Gholdengo|spa|1
|move|p1a: Blissey|Seismic Toss|p2a: Gholdengo
|-damage|p2a: Gholdengo|69/100
|
|-heal|p1a: Blissey|13/100|[from] item: Leftovers
|upkeep
|turn|29
|
|t:|1760746403
|move|p2a: Gholdengo|Make It Rain|p1a: Blissey
|-damage|p1a: Blissey|0 fnt
|-unboost|p2a: Gholdengo|spa|1
|faint|p1a: Blissey
|
|upkeep
|c| bloodhound q50|sheesh
|j| Despote
|
|t:|1760746427
|switch|p1a: Hydrapple|Hydrapple, F|87/100
|turn|30
|
|t:|1760746432
|switch|p1a: Rotom|Rotom-Heat|100/100
|move|p2a: Gholdengo|Make It Rain|p1a: Rotom
|-resisted|p1a: Rotom
|-damage|p1a: Rotom|40/100
|-unboost|p2a: Gholdengo|spa|1
|
|upkeep
|turn|31
|
|t:|1760746441
|move|p2a: Gholdengo|Shadow Ball|p1a: Rotom
|-damage|p1a: Rotom|0 fnt
|faint|p1a: Rotom
|
|upkeep
|
|t:|1760746447
|switch|p1a: Hydrapple|Hydrapple, F|100/100
|turn|32
|
|t:|1760746462
|switch|p1a: Clefable|Clefable, M|100/100 psn
|move|p2a: Gholdengo|Make It Rain|p1a: Clefable
|-supereffective|p1a: Clefable
|-damage|p1a: Clefable|0 fnt
|-unboost|p2a: Gholdengo|spa|1
|faint|p1a: Clefable
|
|upkeep
|
|t:|1760746464
|switch|p1a: Hydrapple|Hydrapple, F|100/100
|turn|33
|
|t:|1760746469
|switch|p2a: Dragonite|Dragonite, M|100/100
|move|p1a: Hydrapple|Earth Power|p2a: Dragonite
|-immune|p2a: Dragonite
|
|upkeep
|turn|34
|
|t:|1760746473
|switch|p1a: Clodsire|Clodsire, M|27/100
|-damage|p1a: Clodsire|10/100|[from] Spikes
|-damage|p1a: Clodsire|4/100|[from] Stealth Rock
|move|p2a: Dragonite|Ice Spinner|p1a: Clodsire
|-supereffective|p1a: Clodsire
|-damage|p1a: Clodsire|0 fnt
|faint|p1a: Clodsire
|
|upkeep
|
|t:|1760746476
|switch|p1a: Skarmory|Skarmory, F|100/100
|-damage|p1a: Skarmory|88/100|[from] Stealth Rock
|turn|35
|
|t:|1760746484
|switch|p2a: Zamazenta|Zamazenta|100/100
|-damage|p2a: Zamazenta|94/100|[from] Stealth Rock
|-ability|p2a: Zamazenta|Dauntless Shield|boost
|-boost|p2a: Zamazenta|def|1
|move|p1a: Skarmory|Brave Bird|p2a: Zamazenta
|-supereffective|p2a: Zamazenta
|-crit|p2a: Zamazenta
|-damage|p2a: Zamazenta|23/100
|-damage|p1a: Skarmory|65/100|[from] Recoil
|
|-heal|p2a: Zamazenta|29/100|[from] item: Leftovers
|upkeep
|turn|36
|
|t:|1760746492
|move|p2a: Zamazenta|Iron Defense|p2a: Zamazenta
|-boost|p2a: Zamazenta|def|2
|move|p1a: Skarmory|Iron Defense|p1a: Skarmory
|-boost|p1a: Skarmory|def|2
|
|-heal|p2a: Zamazenta|35/100|[from] item: Leftovers
|upkeep
|turn|37
|
|t:|1760746502
|move|p1a: Skarmory|Iron Defense|p1a: Skarmory
|-boost|p1a: Skarmory|def|2
|move|p2a: Zamazenta|Roar|p1a: Skarmory
|drag|p1a: Hydrapple|Hydrapple, F|100/100
|
|-heal|p2a: Zamazenta|41/100|[from] item: Leftovers
|upkeep
|turn|38
|
|t:|1760746508
|-terastallize|p1a: Hydrapple|Poison
|move|p2a: Zamazenta|Body Press|p1a: Hydrapple
|-resisted|p1a: Hydrapple
|-damage|p1a: Hydrapple|72/100
|move|p1a: Hydrapple|Giga Drain|p2a: Zamazenta
|-damage|p2a: Zamazenta|12/100
|-heal|p1a: Hydrapple|83/100|[from] drain|[of] p2a: Zamazenta
|
|-heal|p2a: Zamazenta|18/100|[from] item: Leftovers
|upkeep
|turn|39
|
|t:|1760746519
|switch|p2a: Glimmora|Glimmora, F|10/100
|-damage|p2a: Glimmora|0 fnt|[from] Stealth Rock
|faint|p2a: Glimmora
|move|p1a: Hydrapple|Giga Drain|p2: Glimmora|[notarget]
|-fail|p1a: Hydrapple
|
|upkeep
|
|t:|1760746522
|switch|p2a: Dragonite|Dragonite, M|100/100
|turn|40
|
|t:|1760746533
|switch|p2a: Gholdengo|Gholdengo, tera:Steel|69/100
|switch|p1a: Skarmory|Skarmory, F|65/100
|-damage|p1a: Skarmory|53/100|[from] Stealth Rock
|
|upkeep
|turn|41
|
|t:|1760746538
|move|p2a: Gholdengo|Shadow Ball|p1a: Skarmory
|-damage|p1a: Skarmory|0 fnt
|faint|p1a: Skarmory
|
|upkeep
|
|t:|1760746540
|switch|p1a: Hydrapple|Hydrapple, F, tera:Poison|100/100
|turn|42
|j| taw
|
|t:|1760746546
|move|p2a: Gholdengo|Nasty Plot|p2a: Gholdengo
|-boost|p2a: Gholdengo|spa|2
|move|p1a: Hydrapple|Earth Power|p2a: Gholdengo
|-supereffective|p2a: Gholdengo
|-crit|p2a: Gholdengo
|-damage|p2a: Gholdengo|0 fnt
|faint|p2a: Gholdengo
|
|upkeep
|
|t:|1760746553
|switch|p2a: Dragonite|Dragonite, M|100/100
|turn|43
|
|t:|1760746557
|move|p2a: Dragonite|Dragon Dance|p2a: Dragonite
|-boost|p2a: Dragonite|atk|1
|-boost|p2a: Dragonite|spe|1
|move|p1a: Hydrapple|Fickle Beam|p2a: Dragonite|[anim] Fickle Beam All Out
|-activate|p1a: Hydrapple|move: Fickle Beam
|-supereffective|p2a: Dragonite
|-damage|p2a: Dragonite|38/100
|
|upkeep
|turn|44
|
|t:|1760746561
|move|p2a: Dragonite|Earthquake|p1a: Hydrapple
|-supereffective|p1a: Hydrapple
|-damage|p1a: Hydrapple|39/100
|move|p1a: Hydrapple|Fickle Beam|p2a: Dragonite|[anim] Fickle Beam All Out
|-activate|p1a: Hydrapple|move: Fickle Beam
|-supereffective|p2a: Dragonite
|-crit|p2a: Dragonite
|-damage|p2a: Dragonite|0 fnt
|faint|p2a: Dragonite
|
|upkeep
|
|t:|1760746567
|switch|p2a: Ting-Lu|Ting-Lu|100/100
|-damage|p2a: Ting-Lu|94/100|[from] Stealth Rock
|-ability|p2a: Ting-Lu|Vessel of Ruin
|turn|45
|
|t:|1760746569
|move|p2a: Ting-Lu|Earthquake|p1a: Hydrapple
|-supereffective|p1a: Hydrapple
|-damage|p1a: Hydrapple|0 fnt
|faint|p1a: Hydrapple
|
|win|theonlydork
|raw|A Welcome Guest's rating: 1826 &rarr; <strong>1808</strong><br />(-18 for losing)
|raw|theonlydork's rating: 1863 &rarr; <strong>1881</strong><br />(+18 for winning)
|c|☆A Welcome Guest|gg
|l|‽theonlydork
|player|p2|
|l|☆A Welcome Guest
|player|p1|
|l| taw
|l| Despote
