|j|☆wangischangis
|j|☆eucalipto69!
|t:|1760749181
|gametype|singles
|player|p1|wangischangis|1|1172
|player|p2|eucalipto69!|169|1185
|gen|9
|tier|[Gen 9] OU
|rated|
|rule|HP Percentage Mod: HP is shown in percentages
|rule|Endless Battle Clause: Forcing endless battles is banned
|rule|Species Clause: Limit one of each Pokémon
|rule|OHKO Clause: OHKO moves are banned
|rule|Evasion Items Clause: Evasion items are banned
|rule|Evasion Moves Clause: Evasion moves are banned
|rule|Evasion Abilities Clause: Evasion abilities are banned
|rule|Sleep Moves Clause: Sleep-inducing moves are banned
|clearpoke
|poke|p1|Alomomola, F|
|poke|p1|Scizor, M|
|poke|p1|Incineroar, F|
|poke|p1|Porygon2|
|poke|p1|Glimmora, F|
|poke|p1|Gliscor, F|
|poke|p2|Clefable, F|
|poke|p2|Dragonite, F|
|poke|p2|Scrafty, M|
|poke|p2|Meganium, M|
|poke|p2|Pyroar, M|
|poke|p2|Skarmory, M|
|teampreview
|inactive|Battle timer is ON: inactive players will automatically lose when time's up. (requested by eucalipto69!)
|
|t:|1760749217
|teamsize|p1|6
|teamsize|p2|6
|start
|switch|p1a: Gliscor|Gliscor, F|100/100
|switch|p2a: Clefable|Clefable, F|100/100
|turn|1
|inactive|eucalipto69! has 120 seconds left.
|
|t:|1760749262
|move|p1a: Gliscor|Protect|p1a: Gliscor
|-singleturn|p1a: Gliscor|Protect
|move|p2a: Clefable|Moonblast|p1a: Gliscor
|-activate|p1a: Gliscor|move: Protect
|
|-status|p1a: Gliscor|tox|[from] item: Toxic Orb
|upkeep
|turn|2
|
|t:|1760749281
|move|p1a: Gliscor|Poison Jab|p2a: Clefable
|-supereffective|p2a: Clefable
|-damage|p2a: Clefable|55/100
|move|p2a: Clefable|Moonblast|p1a: Gliscor
|-damage|p1a: Gliscor|40/100 tox
|
|-heal|p1a: Gliscor|53/100 tox|[from] ability: Poison Heal
|upkeep
|turn|3
|inactive|eucalipto69! has 120 seconds left.
|
|t:|1760749308
|move|p1a: Gliscor|Protect|p1a: Gliscor
|-singleturn|p1a: Gliscor|Protect
|move|p2a: Clefable|Moonblast|p1a: Gliscor
|-activate|p1a: Gliscor|move: Protect
|
|-heal|p1a: Gliscor|65/100 tox|[from] ability: Poison Heal
|upkeep
|turn|4
|
|t:|1760749317
|move|p1a: Gliscor|Stealth Rock|p2a: Clefable
|-sidestart|p2: eucalipto69!|move: Stealth Rock
|move|p2a: Clefable|Moonblast|p1a: Gliscor
|-damage|p1a: Gliscor|2/100 tox
|
|-heal|p1a: Gliscor|14/100 tox|[from] ability: Poison Heal
|upkeep
|turn|5
|inactive|eucalipto69! has 90 seconds left.
|
|t:|1760749356
|move|p1a: Gliscor|Protect|p1a: Gliscor
|-singleturn|p1a: Gliscor|Protect
|move|p2a: Clefable|Moonblast|p1a: Gliscor
|-activate|p1a: Gliscor|move: Protect
|
|-heal|p1a: Gliscor|27/100 tox|[from] ability: Poison Heal
|upkeep
|turn|6
|
|t:|1760749365
|switch|p1a: Alomomola|Alomomola, F|100/100
|move|p2a: Clefable|Moonblast|p1a: Alomomola
|-crit|p1a: Alomomola
|-damage|p1a: Alomomola|3/100
|-enditem|p1a: Alomomola|Eject Button
|
|t:|1760749369
|switch|p1a: Gliscor|Gliscor, F|27/100 tox
|
|-heal|p1a: Gliscor|39/100 tox|[from] ability: Poison Heal
|upkeep
|turn|7
|
|t:|1760749371
|move|p1a: Gliscor|Protect|p1a: Gliscor
|-singleturn|p1a: Gliscor|Protect
|move|p2a: Clefable|Moonblast|p1a: Gliscor
|-activate|p1a: Gliscor|move: Protect
|
|-heal|p1a: Gliscor|52/100 tox|[from] ability: Poison Heal
|upkeep
|turn|8
|
|t:|1760749378
|switch|p1a: Scizor|Scizor, M|100/100
|move|p2a: Clefable|Moonblast|p1a: Scizor
|-resisted|p1a: Scizor
|-damage|p1a: Scizor|75/100
|-unboost|p1a: Scizor|spa|1
|
|upkeep
|turn|9
|
|t:|1760749384
|switch|p2a: Skarmory|Skarmory, M|100/100
|-damage|p2a: Skarmory|88/100|[from] Stealth Rock
|move|p1a: Scizor|Bullet Punch|p2a: Skarmory
|-resisted|p2a: Skarmory
|-damage|p2a: Skarmory|78/100
|-damage|p1a: Scizor|59/100|[from] item: Rocky Helmet|[of] p2a: Skarmory
|
|upkeep
|turn|10
|
|t:|1760749395
|switch|p1a: Alomomola|Alomomola, F|37/100
|move|p2a: Skarmory|Stealth Rock|p1a: Alomomola
|-sidestart|p1: wangischangis|move: Stealth Rock
|
|upkeep
|turn|11
|
|t:|1760749405
|switch|p2a: Clefable|Clefable, F|55/100
|move|p1a: Alomomola|Wish|p1a: Alomomola
|
|upkeep
|turn|12
|
|t:|1760749410
|switch|p1a: Scizor|Scizor, M|59/100
|-damage|p1a: Scizor|46/100|[from] Stealth Rock
|move|p2a: Clefable|Moonblast|p1a: Scizor
|-resisted|p1a: Scizor
|-damage|p1a: Scizor|22/100
|
|-heal|p1a: Scizor|100/100|[from] move: Wish|[wisher] Alomomola
|upkeep
|turn|13
|
|t:|1760749414
|move|p1a: Scizor|Bullet Punch|p2a: Clefable
|-supereffective|p2a: Clefable
|-damage|p2a: Clefable|0 fnt
|faint|p2a: Clefable
|
|upkeep
|
|t:|1760749425
|switch|p2a: Dragonite|Dragonite, F|100/100
|turn|14
|
|t:|1760749438
|move|p1a: Scizor|Bullet Punch|p2a: Dragonite
|-damage|p2a: Dragonite|83/100
|move|p2a: Dragonite|Dragon Dance|p2a: Dragonite
|-boost|p2a: Dragonite|atk|1
|-boost|p2a: Dragonite|spe|1
|
|upkeep
|turn|15
|
|t:|1760749445
|switch|p1a: Glimmora|Glimmora, F|100/100
|-damage|p1a: Glimmora|88/100|[from] Stealth Rock
|move|p2a: Dragonite|Roost|p2a: Dragonite
|-heal|p2a: Dragonite|100/100
|-singleturn|p2a: Dragonite|move: Roost
|
|upkeep
|turn|16
|
|t:|1760749450
|move|p2a: Dragonite|Earthquake|p1a: Glimmora
|-supereffective|p1a: Glimmora
|-damage|p1a: Glimmora|0 fnt
|-activate|p1a: Glimmora|ability: Toxic Debris
|-sidestart|p2: eucalipto69!|move: Toxic Spikes
|faint|p1a: Glimmora
|
|upkeep
|
|t:|1760749454
|switch|p1a: Porygon2|Porygon2|100/100
|-damage|p1a: Porygon2|88/100|[from] Stealth Rock
|-ability|p1a: Porygon2|Download|boost
|-boost|p1a: Porygon2|atk|1
|turn|17
|
|t:|1760749464
|-terastallize|p2a: Dragonite|Normal
|move|p2a: Dragonite|Extreme Speed|p1a: Porygon2
|-damage|p1a: Porygon2|41/100
|move|p1a: Porygon2|Trick Room|p1a: Porygon2
|-fieldstart|move: Trick Room|[of] p1a: Porygon2
|
|upkeep
|turn|18
|
|t:|1760749469
|move|p2a: Dragonite|Extreme Speed|p1a: Porygon2
|-damage|p1a: Porygon2|0 fnt
|faint|p1a: Porygon2
|
|upkeep
|
|t:|1760749473
|switch|p1a: Incineroar|Incineroar, F|100/100
|-damage|p1a: Incineroar|76/100|[from] Stealth Rock
|-ability|p1a: Incineroar|Intimidate|boost
|-unboost|p2a: Dragonite|atk|1
|turn|19
|
|t:|1760749490
|move|p1a: Incineroar|Fake Out|p2a: Dragonite
|-damage|p2a: Dragonite|93/100
|cant|p2a: Dragonite|flinch
|
|-heal|p1a: Incineroar|82/100|[from] item: Leftovers
|upkeep
|turn|20
|
|t:|1760749516
|switch|p2a: Scrafty|Scrafty, M|100/100
|-damage|p2a: Scrafty|95/100|[from] Stealth Rock
|-status|p2a: Scrafty|psn
|-ability|p2a: Scrafty|Intimidate|boost
|-unboost|p1a: Incineroar|atk|1
|move|p1a: Incineroar|Flare Blitz|p2a: Scrafty
|-damage|p2a: Scrafty|55/100 psn
|-damage|p1a: Incineroar|70/100|[from] Recoil
|
|-heal|p1a: Incineroar|77/100|[from] item: Leftovers
|-damage|p2a: Scrafty|43/100 psn|[from] psn
|upkeep
|turn|21
|
|t:|1760749524
|move|p2a: Scrafty|Fake Out|p1a: Incineroar
|-damage|p1a: Incineroar|65/100
|cant|p1a: Incineroar|flinch
|
|-heal|p1a: Incineroar|71/100|[from] item: Leftovers
|-damage|p2a: Scrafty|30/100 psn|[from] psn
|-fieldend|move: Trick Room
|upkeep
|turn|22
|
|t:|1760749529
|switch|p1a: Alomomola|Alomomola, F|70/100
|-damage|p1a: Alomomola|58/100|[from] Stealth Rock
|move|p2a: Scrafty|Drain Punch|p1a: Alomomola
|-damage|p1a: Alomomola|39/100
|-heal|p2a: Scrafty|45/100 psn|[from] drain|[of] p1a: Alomomola
|
|-damage|p2a: Scrafty|33/100 psn|[from] psn
|upkeep
|turn|23
|
|t:|1760749535
|switch|p1a: Gliscor|Gliscor, F|52/100 tox
|-damage|p1a: Gliscor|39/100 tox|[from] Stealth Rock
|move|p2a: Scrafty|Knock Off|p1a: Gliscor
|-damage|p1a: Gliscor|8/100 tox
|-enditem|p1a: Gliscor|Toxic Orb|[from] move: Knock Off|[of] p2a: Scrafty
|
|-heal|p1a: Gliscor|20/100 tox|[from] ability: Poison Heal
|-damage|p2a: Scrafty|21/100 psn|[from] psn
|upkeep
|turn|24
|
|t:|1760749547
|switch|p2a: Dragonite|Dragonite, F, tera:Normal|93/100
|move|p1a: Gliscor|Protect||[still]
|-fail|p1a: Gliscor
|
|-heal|p1a: Gliscor|33/100 tox|[from] ability: Poison Heal
|upkeep
|turn|25
|inactive|wangischangis has 120 seconds left.
|
|t:|1760749584
|move|p1a: Gliscor|Protect|p1a: Gliscor
|-singleturn|p1a: Gliscor|Protect
|move|p2a: Dragonite|Extreme Speed|p1a: Gliscor
|-activate|p1a: Gliscor|move: Protect
|
|-heal|p1a: Gliscor|45/100 tox|[from] ability: Poison Heal
|upkeep
|turn|26
|inactive|wangischangis has 120 seconds left.
|
|t:|1760749591
|switch|p1a: Incineroar|Incineroar, F|71/100
|-damage|p1a: Incineroar|46/100|[from] Stealth Rock
|-ability|p1a: Incineroar|Intimidate|boost
|-unboost|p2a: Dragonite|atk|1
|move|p2a: Dragonite|Dragon Dance|p2a: Dragonite
|-boost|p2a: Dragonite|atk|1
|-boost|p2a: Dragonite|spe|1
|
|-heal|p1a: Incineroar|52/100|[from] item: Leftovers
|upkeep
|turn|27
|
|t:|1760749596
|move|p1a: Incineroar|Fake Out|p2a: Dragonite
|-damage|p2a: Dragonite|78/100
|cant|p2a: Dragonite|flinch
|
|-heal|p1a: Incineroar|58/100|[from] item: Leftovers
|upkeep
|turn|28
|
|t:|1760749603
|move|p2a: Dragonite|Dragon Dance|p2a: Dragonite
|-boost|p2a: Dragonite|atk|1
|-boost|p2a: Dragonite|spe|1
|move|p1a: Incineroar|Knock Off|p2a: Dragonite
|-damage|p2a: Dragonite|21/100
|-enditem|p2a: Dragonite|Heavy-Duty Boots|[from] move: Knock Off|[of] p1a: Incineroar
|
|-heal|p1a: Incineroar|64/100|[from] item: Leftovers
|upkeep
|turn|29
|
|t:|1760749612
|move|p2a: Dragonite|Roost|p2a: Dragonite
|-heal|p2a: Dragonite|71/100
|move|p1a: Incineroar|Knock Off|p2a: Dragonite
|-damage|p2a: Dragonite|33/100
|
|-heal|p1a: Incineroar|70/100|[from] item: Leftovers
|upkeep
|turn|30
|
|t:|1760749617
|move|p2a: Dragonite|Roost|p2a: Dragonite
|-heal|p2a: Dragonite|83/100
|move|p1a: Incineroar|Flare Blitz|p2a: Dragonite
|-damage|p2a: Dragonite|12/100
|-damage|p1a: Incineroar|51/100|[from] Recoil
|
|-heal|p1a: Incineroar|57/100|[from] item: Leftovers
|upkeep
|turn|31
|
|t:|1760749630
|move|p2a: Dragonite|Earthquake|p1a: Incineroar
|-supereffective|p1a: Incineroar
|-damage|p1a: Incineroar|0 fnt
|faint|p1a: Incineroar
|
|upkeep
|
|t:|1760749633
|switch|p1a: Scizor|Scizor, M|100/100
|-damage|p1a: Scizor|88/100|[from] Stealth Rock
|turn|32
|
|t:|1760749639
|move|p2a: Dragonite|Extreme Speed|p1a: Scizor
|-resisted|p1a: Scizor
|-damage|p1a: Scizor|54/100
|move|p1a: Scizor|Trailblaze|p2a: Dragonite
|-damage|p2a: Dragonite|0 fnt
|-boost|p1a: Scizor|spe|1
|faint|p2a: Dragonite
|
|upkeep
|
|t:|1760749667
|switch|p2a: Scrafty|Scrafty, M|21/100 psn
|-damage|p2a: Scrafty|15/100 psn|[from] Stealth Rock
|-ability|p2a: Scrafty|Intimidate|boost
|-unboost|p1a: Scizor|atk|1
|turn|33
|inactive|wangischangis has 120 seconds left.
|
|t:|1760749701
|move|p2a: Scrafty|Fake Out|p1a: Scizor
|-resisted|p1a: Scizor
|-damage|p1a: Scizor|48/100
|cant|p1a: Scizor|flinch
|
|-damage|p2a: Scrafty|3/100 psn|[from] psn
|upkeep
|turn|34
|
|t:|1760749707
|move|p1a: Scizor|Trailblaze|p2a: Scrafty
|-damage|p2a: Scrafty|0 fnt
|-boost|p1a: Scizor|spe|1
|faint|p2a: Scrafty
|
|upkeep
|
|t:|1760749710
|switch|p2a: Skarmory|Skarmory, M|78/100
|-damage|p2a: Skarmory|66/100|[from] Stealth Rock
|turn|35
|c|☆wangischangis|!weak skarmory
|c| wangischangis|/raw <div class="infobox">Skarmory (ignoring abilities):<br /><span class="message-effect-weak">Weaknesses</span>: Electric, Fire<br /><span class="message-effect-resist">Resistances</span>: <b>Bug</b>, Dragon, Fairy, Flying, <b>Grass</b>, Normal, Psychic, Steel<br /><span class="message-effect-immune">Immunities</span>: Ground, Poison, Sandstorm damage, Toxic</div>
|
|t:|1760749725
|move|p1a: Scizor|Bullet Punch|p2a: Skarmory
|-resisted|p2a: Skarmory
|-damage|p2a: Skarmory|59/100
|-damage|p1a: Scizor|31/100|[from] item: Rocky Helmet|[of] p2a: Skarmory
|move|p2a: Skarmory|Body Press|p1a: Scizor
|-damage|p1a: Scizor|1/100
|
|upkeep
|turn|36
|
|t:|1760749733
|switch|p1a: Alomomola|Alomomola, F|72/100
|-damage|p1a: Alomomola|60/100|[from] Stealth Rock
|move|p2a: Skarmory|Roost|p2a: Skarmory
|-heal|p2a: Skarmory|100/100
|-singleturn|p2a: Skarmory|move: Roost
|
|upkeep
|turn|37
|
|t:|1760749756
|move|p2a: Skarmory|Body Press|p1a: Alomomola
|-damage|p1a: Alomomola|42/100
|move|p1a: Alomomola|Wish|p1a: Alomomola
|
|upkeep
|turn|38
|
|t:|1760749765
|switch|p2a: Pyroar|Pyroar, M|100/100
|-ability|p2a: Pyroar|Unnerve
|-damage|p2a: Pyroar|76/100|[from] Stealth Rock
|-status|p2a: Pyroar|psn
|move|p1a: Alomomola|Flip Turn|p2a: Pyroar
|-supereffective|p2a: Pyroar
|-damage|p2a: Pyroar|29/100 psn
|
|t:|1760749774
|switch|p1a: Gliscor|Gliscor, F|45/100 tox|[from] Flip Turn
|-damage|p1a: Gliscor|33/100 tox|[from] Stealth Rock
|
|-heal|p1a: Gliscor|100/100 tox|[from] move: Wish|[wisher] Alomomola
|-damage|p2a: Pyroar|16/100 psn|[from] psn
|upkeep
|turn|39
|
|t:|1760749784
|move|p1a: Gliscor|Protect|p1a: Gliscor
|-singleturn|p1a: Gliscor|Protect
|move|p2a: Pyroar|Overheat|p1a: Gliscor
|-activate|p1a: Gliscor|move: Protect
|
|-damage|p2a: Pyroar|4/100 psn|[from] psn
|upkeep
|turn|40
|
|t:|1760749787
|switch|p1a: Alomomola|Alomomola, F|75/100
|-damage|p1a: Alomomola|62/100|[from] Stealth Rock
|move|p2a: Pyroar|Overheat|p1a: Alomomola
|-resisted|p1a: Alomomola
|-damage|p1a: Alomomola|29/100
|-unboost|p2a: Pyroar|spa|2
|
|-damage|p2a: Pyroar|0 fnt|[from] psn
|faint|p2a: Pyroar
|upkeep
|
|t:|1760749800
|switch|p2a: Meganium|Meganium, M|100/100
|-damage|p2a: Meganium|88/100|[from] Stealth Rock
|-status|p2a: Meganium|psn
|turn|41
|
|t:|1760749803
|switch|p1a: Scizor|Scizor, M|1/100
|-damage|p1a: Scizor|0 fnt|[from] Stealth Rock
|faint|p1a: Scizor
|move|p2a: Meganium|Encore|p1: Scizor|[notarget]
|-fail|p2a: Meganium
|
|-heal|p2a: Meganium|94/100 psn|[from] item: Leftovers
|-damage|p2a: Meganium|82/100 psn|[from] psn
|upkeep
|
|t:|1760749806
|switch|p1a: Alomomola|Alomomola, F|62/100
|-damage|p1a: Alomomola|50/100|[from] Stealth Rock
|turn|42
|
|t:|1760749811
|move|p2a: Meganium|Leech Seed|p1a: Alomomola
|-start|p1a: Alomomola|move: Leech Seed
|move|p1a: Alomomola|Wish|p1a: Alomomola
|
|-heal|p2a: Meganium|88/100 psn|[from] item: Leftovers
|-damage|p1a: Alomomola|37/100|[from] Leech Seed|[of] p2a: Meganium
|-heal|p2a: Meganium|100/100 psn|[silent]
|-damage|p2a: Meganium|88/100 psn|[from] psn
|upkeep
|turn|43
|
|t:|1760749818
|switch|p1a: Gliscor|Gliscor, F|100/100 tox
|-damage|p1a: Gliscor|88/100 tox|[from] Stealth Rock
|move|p2a: Meganium|Encore||[still]
|-fail|p2a: Meganium
|
|-heal|p1a: Gliscor|100/100 tox|[from] move: Wish|[wisher] Alomomola
|-heal|p2a: Meganium|94/100 psn|[from] item: Leftovers
|-damage|p2a: Meganium|82/100 psn|[from] psn
|upkeep
|turn|44
|
|t:|1760749822
|move|p1a: Gliscor|Poison Jab|p2a: Meganium
|-supereffective|p2a: Meganium
|-damage|p2a: Meganium|49/100 psn
|move|p2a: Meganium|Leech Seed|p1a: Gliscor
|-start|p1a: Gliscor|move: Leech Seed
|
|-heal|p2a: Meganium|55/100 psn|[from] item: Leftovers
|-damage|p1a: Gliscor|88/100 tox|[from] Leech Seed|[of] p2a: Meganium
|-heal|p2a: Meganium|68/100 psn|[silent]
|-heal|p1a: Gliscor|100/100 tox|[from] ability: Poison Heal
|-damage|p2a: Meganium|55/100 psn|[from] psn
|upkeep
|turn|45
|
|t:|1760749851
|move|p1a: Gliscor|Poison Jab|p2a: Meganium
|-supereffective|p2a: Meganium
|-damage|p2a: Meganium|23/100 psn
|move|p2a: Meganium|Encore|p1a: Gliscor
|-start|p1a: Gliscor|Encore
|
|-heal|p2a: Meganium|29/100 psn|[from] item: Leftovers
|-damage|p1a: Gliscor|88/100 tox|[from] Leech Seed|[of] p2a: Meganium
|-heal|p2a: Meganium|41/100 psn|[silent]
|-heal|p1a: Gliscor|100/100 tox|[from] ability: Poison Heal
|-damage|p2a: Meganium|29/100 psn|[from] psn
|upkeep
|turn|46
|
|t:|1760749879
|move|p1a: Gliscor|Poison Jab|p2a: Meganium
|-supereffective|p2a: Meganium
|-damage|p2a: Meganium|0 fnt
|faint|p2a: Meganium
|
|upkeep
|
|t:|1760749893
|switch|p2a: Skarmory|Skarmory, M|100/100
|-damage|p2a: Skarmory|88/100|[from] Stealth Rock
|turn|47
|inactive|eucalipto69! has 120 seconds left.
|
|t:|1760749922
|switch|p1a: Alomomola|Alomomola, F|71/100
|-damage|p1a: Alomomola|58/100|[from] Stealth Rock
|move|p2a: Skarmory|Brave Bird|p1a: Alomomola
|-damage|p1a: Alomomola|40/100
|-damage|p2a: Skarmory|78/100|[from] Recoil
|
|upkeep
|turn|48
|
|t:|1760749932
|switch|p1a: Gliscor|Gliscor, F|100/100 tox
|-damage|p1a: Gliscor|88/100 tox|[from] Stealth Rock
|move|p2a: Skarmory|Brave Bird|p1a: Gliscor
|-damage|p1a: Gliscor|63/100 tox
|-damage|p2a: Skarmory|70/100|[from] Recoil
|
|-heal|p1a: Gliscor|76/100 tox|[from] ability: Poison Heal
|upkeep
|turn|49
|
|t:|1760749939
|move|p1a: Gliscor|Earthquake|p2a: Skarmory
|-immune|p2a: Skarmory
|move|p2a: Skarmory|Brave Bird|p1a: Gliscor
|-damage|p1a: Gliscor|50/100 tox
|-damage|p2a: Skarmory|61/100|[from] Recoil
|
|-heal|p1a: Gliscor|63/100 tox|[from] ability: Poison Heal
|upkeep
|turn|50
|
|t:|1760749944
|move|p1a: Gliscor|Protect|p1a: Gliscor
|-singleturn|p1a: Gliscor|Protect
|move|p2a: Skarmory|Roost|p2a: Skarmory
|-heal|p2a: Skarmory|100/100
|-singleturn|p2a: Skarmory|move: Roost
|
|-heal|p1a: Gliscor|75/100 tox|[from] ability: Poison Heal
|upkeep
|turn|51
|
|t:|1760749951
|move|p1a: Gliscor|Stealth Rock||[still]
|-fail|p1a: Gliscor
|move|p2a: Skarmory|Brave Bird|p1a: Gliscor
|-damage|p1a: Gliscor|51/100 tox
|-damage|p2a: Skarmory|92/100|[from] Recoil
|
|-heal|p1a: Gliscor|63/100 tox|[from] ability: Poison Heal
|upkeep
|turn|52
|
|t:|1760749962
|move|p1a: Gliscor|Poison Jab|p2a: Skarmory
|-immune|p2a: Skarmory
|move|p2a: Skarmory|Brave Bird|p1a: Gliscor
|-damage|p1a: Gliscor|38/100 tox
|-damage|p2a: Skarmory|83/100|[from] Recoil
|
|-heal|p1a: Gliscor|50/100 tox|[from] ability: Poison Heal
|upkeep
|turn|53
|
|t:|1760749971
|move|p1a: Gliscor|Protect|p1a: Gliscor
|-singleturn|p1a: Gliscor|Protect
|move|p2a: Skarmory|Brave Bird|p1a: Gliscor
|-activate|p1a: Gliscor|move: Protect
|
|-heal|p1a: Gliscor|63/100 tox|[from] ability: Poison Heal
|upkeep
|turn|54
|
|t:|1760749990
|switch|p1a: Alomomola|Alomomola, F|73/100
|-damage|p1a: Alomomola|61/100|[from] Stealth Rock
|move|p2a: Skarmory|Brave Bird|p1a: Alomomola
|-damage|p1a: Alomomola|44/100
|-damage|p2a: Skarmory|74/100|[from] Recoil
|
|upkeep
|turn|55
|
|t:|1760750007
|move|p1a: Alomomola|Protect|p1a: Alomomola
|-singleturn|p1a: Alomomola|Protect
|move|p2a: Skarmory|Brave Bird|p1a: Alomomola
|-activate|p1a: Alomomola|move: Protect
|
|upkeep
|turn|56
|
|t:|1760750012
|move|p2a: Skarmory|Brave Bird|p1a: Alomomola
|-damage|p1a: Alomomola|25/100
|-damage|p2a: Skarmory|64/100|[from] Recoil
|move|p1a: Alomomola|Wish|p1a: Alomomola
|
|upkeep
|turn|57
|
|t:|1760750017
|move|p1a: Alomomola|Protect|p1a: Alomomola
|-singleturn|p1a: Alomomola|Protect
|move|p2a: Skarmory|Stealth Rock||[still]
|-fail|p2a: Skarmory
|
|-heal|p1a: Alomomola|75/100|[from] move: Wish|[wisher] Alomomola
|upkeep
|turn|58
|
|t:|1760750022
|move|p2a: Skarmory|Brave Bird|p1a: Alomomola
|-damage|p1a: Alomomola|56/100
|-damage|p2a: Skarmory|54/100|[from] Recoil
|move|p1a: Alomomola|Wish|p1a: Alomomola
|
|upkeep
|turn|59
|
|t:|1760750031
|switch|p1a: Gliscor|Gliscor, F|63/100 tox
|-damage|p1a: Gliscor|50/100 tox|[from] Stealth Rock
|move|p2a: Skarmory|Stealth Rock||[still]
|-fail|p2a: Skarmory
|
|-heal|p1a: Gliscor|100/100 tox|[from] move: Wish|[wisher] Alomomola
|upkeep
|turn|60
|
|t:|1760750038
|switch|p1a: Alomomola|Alomomola, F|90/100
|-damage|p1a: Alomomola|77/100|[from] Stealth Rock
|move|p2a: Skarmory|Stealth Rock||[still]
|-fail|p2a: Skarmory
|
|upkeep
|turn|61
|
|t:|1760750043
|move|p2a: Skarmory|Body Press|p1a: Alomomola
|-crit|p1a: Alomomola
|-damage|p1a: Alomomola|51/100
|move|p1a: Alomomola|Wish|p1a: Alomomola
|
|upkeep
|turn|62
|
|t:|1760750061
|move|p1a: Alomomola|Protect|p1a: Alomomola
|-singleturn|p1a: Alomomola|Protect
|move|p2a: Skarmory|Brave Bird|p1a: Alomomola
|-activate|p1a: Alomomola|move: Protect
|
|-heal|p1a: Alomomola|100/100|[from] move: Wish|[wisher] Alomomola
|upkeep
|turn|63
|
|t:|1760750077
|move|p2a: Skarmory|Stealth Rock||[still]
|-fail|p2a: Skarmory
|move|p1a: Alomomola|Wish|p1a: Alomomola
|
|upkeep
|turn|64
|
|t:|1760750084
|move|p2a: Skarmory|Stealth Rock||[still]
|-fail|p2a: Skarmory
|move|p1a: Alomomola|Flip Turn|p2a: Skarmory
|-damage|p2a: Skarmory|44/100
|-damage|p1a: Alomomola|84/100|[from] item: Rocky Helmet|[of] p2a: Skarmory
|
|t:|1760750087
|switch|p1a: Gliscor|Gliscor, F|100/100 tox|[from] Flip Turn
|-damage|p1a: Gliscor|88/100 tox|[from] Stealth Rock
|
|-heal|p1a: Gliscor|100/100 tox|[from] move: Wish|[wisher] Alomomola
|upkeep
|turn|65
|
|t:|1760750097
|move|p1a: Gliscor|Earthquake|p2a: Skarmory
|-immune|p2a: Skarmory
|move|p2a: Skarmory|Stealth Rock||[still]
|-fail|p2a: Skarmory
|
|upkeep
|turn|66
|
|t:|1760750102
|move|p1a: Gliscor|Poison Jab|p2a: Skarmory
|-immune|p2a: Skarmory
|move|p2a: Skarmory|Stealth Rock||[still]
|-fail|p2a: Skarmory
|
|upkeep
|turn|67
|
|t:|1760750111
|switch|p1a: Alomomola|Alomomola, F|100/100
|-damage|p1a: Alomomola|88/100|[from] Stealth Rock
|move|p2a: Skarmory|Stealth Rock||[still]
|-fail|p2a: Skarmory
|
|upkeep
|turn|68
|
|t:|1760750121
|move|p2a: Skarmory|Roost|p2a: Skarmory
|-heal|p2a: Skarmory|94/100
|-singleturn|p2a: Skarmory|move: Roost
|move|p1a: Alomomola|Flip Turn|p2a: Skarmory
|-damage|p2a: Skarmory|85/100
|-damage|p1a: Alomomola|71/100|[from] item: Rocky Helmet|[of] p2a: Skarmory
|
|t:|1760750126
|switch|p1a: Gliscor|Gliscor, F|100/100 tox|[from] Flip Turn
|-damage|p1a: Gliscor|88/100 tox|[from] Stealth Rock
|
|-heal|p1a: Gliscor|100/100 tox|[from] ability: Poison Heal
|upkeep
|turn|69
|
|t:|1760750133
|switch|p1a: Alomomola|Alomomola, F|100/100
|-damage|p1a: Alomomola|88/100|[from] Stealth Rock
|move|p2a: Skarmory|Stealth Rock||[still]
|-fail|p2a: Skarmory
|
|upkeep
|turn|70
|
|t:|1760750141
|move|p2a: Skarmory|Stealth Rock||[still]
|-fail|p2a: Skarmory
|move|p1a: Alomomola|Flip Turn|p2a: Skarmory
|-damage|p2a: Skarmory|76/100
|-damage|p1a: Alomomola|71/100|[from] item: Rocky Helmet|[of] p2a: Skarmory
|
|t:|1760750144
|switch|p1a: Gliscor|Gliscor, F|100/100 tox|[from] Flip Turn
|-damage|p1a: Gliscor|88/100 tox|[from] Stealth Rock
|
|-heal|p1a: Gliscor|100/100 tox|[from] ability: Poison Heal
|upkeep
|turn|71
|
|t:|1760750153
|switch|p1a: Alomomola|Alomomola, F|100/100
|-damage|p1a: Alomomola|88/100|[from] Stealth Rock
|move|p2a: Skarmory|Stealth Rock||[still]
|-fail|p2a: Skarmory
|
|upkeep
|turn|72
|
|t:|1760750168
|move|p2a: Skarmory|Stealth Rock||[still]
|-fail|p2a: Skarmory
|move|p1a: Alomomola|Flip Turn|p2a: Skarmory
|-damage|p2a: Skarmory|66/100
|-damage|p1a: Alomomola|71/100|[from] item: Rocky Helmet|[of] p2a: Skarmory
|
|t:|1760750175
|switch|p1a: Gliscor|Gliscor, F|100/100 tox|[from] Flip Turn
|-damage|p1a: Gliscor|88/100 tox|[from] Stealth Rock
|
|-heal|p1a: Gliscor|100/100 tox|[from] ability: Poison Heal
|upkeep
|turn|73
|
|t:|1760750181
|switch|p1a: Alomomola|Alomomola, F|100/100
|-damage|p1a: Alomomola|88/100|[from] Stealth Rock
|move|p2a: Skarmory|Brave Bird|p1a: Alomomola
|-damage|p1a: Alomomola|70/100
|-damage|p2a: Skarmory|57/100|[from] Recoil
|
|upkeep
|turn|74
|
|t:|1760750185
|move|p2a: Skarmory|Body Press|p1a: Alomomola
|-damage|p1a: Alomomola|52/100
|move|p1a: Alomomola|Flip Turn|p2a: Skarmory
|-damage|p2a: Skarmory|48/100
|-damage|p1a: Alomomola|36/100|[from] item: Rocky Helmet|[of] p2a: Skarmory
|
|t:|1760750188
|switch|p1a: Gliscor|Gliscor, F|100/100 tox|[from] Flip Turn
|-damage|p1a: Gliscor|88/100 tox|[from] Stealth Rock
|
|-heal|p1a: Gliscor|100/100 tox|[from] ability: Poison Heal
|upkeep
|turn|75
|
|t:|1760750195
|switch|p1a: Alomomola|Alomomola, F|69/100
|-damage|p1a: Alomomola|57/100|[from] Stealth Rock
|move|p2a: Skarmory|Body Press|p1a: Alomomola
|-crit|p1a: Alomomola
|-damage|p1a: Alomomola|29/100
|
|upkeep
|turn|76
|
|t:|1760750205
|move|p2a: Skarmory|Roost|p2a: Skarmory
|-heal|p2a: Skarmory|98/100
|-singleturn|p2a: Skarmory|move: Roost
|move|p1a: Alomomola|Wish|p1a: Alomomola
|
|upkeep
|turn|77
|
|t:|1760750217
|move|p1a: Alomomola|Protect|p1a: Alomomola
|-singleturn|p1a: Alomomola|Protect
|move|p2a: Skarmory|Body Press|p1a: Alomomola
|-activate|p1a: Alomomola|move: Protect
|
|-heal|p1a: Alomomola|79/100|[from] move: Wish|[wisher] Alomomola
|upkeep
|turn|78
|
|t:|1760750234
|move|p2a: Skarmory|Stealth Rock||[still]
|-fail|p2a: Skarmory
|move|p1a: Alomomola|Flip Turn|p2a: Skarmory
|-crit|p2a: Skarmory
|-damage|p2a: Skarmory|84/100
|-damage|p1a: Alomomola|62/100|[from] item: Rocky Helmet|[of] p2a: Skarmory
|
|t:|1760750236
|switch|p1a: Gliscor|Gliscor, F|100/100 tox|[from] Flip Turn
|-damage|p1a: Gliscor|88/100 tox|[from] Stealth Rock
|
|-heal|p1a: Gliscor|100/100 tox|[from] ability: Poison Heal
|upkeep
|turn|79
|-message|eucalipto69! forfeited.
|
|win|wangischangis
|raw|wangischangis's rating: 1172 &rarr; <strong>1198</strong><br />(+26 for winning)
|raw|eucalipto69!'s rating: 1185 &rarr; <strong>1159</strong><br />(-26 for losing)
|l|☆eucalipto69!
|player|p2|
|l|☆wangischangis
|player|p1|
