|j|☆jingqmmx
|j|☆boifmister
|t:|1760780843
|gametype|singles
|player|p1|jingqmmx|n|1129
|player|p2|boifmister|2|1149
|gen|9
|tier|[Gen 9] OU
|rated|
|rule|HP Percentage Mod: HP is shown in percentages
|rule|Endless Battle Clause: Forcing endless battles is banned
|rule|Species Clause: Limit one of each Pokémon
|rule|OHKO Clause: OHKO moves are banned
|rule|Evasion Items Clause: Evasion items are banned
|rule|Evasion Moves Clause: Evasion moves are banned
|rule|Evasion Abilities Clause: Evasion abilities are banned
|rule|Sleep Moves Clause: Sleep-inducing moves are banned
|clearpoke
|poke|p1|Dragonite, M|
|poke|p1|Ogerpon-Wellspring, F|
|poke|p1|Gholdengo|
|poke|p1|Landorus-Therian, M|
|poke|p1|Ting-Lu|
|poke|p1|Dondozo, F|
|poke|p2|Slowbro-Galar, M|
|poke|p2|Indeedee, M|
|poke|p2|Reuniclus, M|
|poke|p2|Hatterene, F|
|poke|p2|Arboliva, F|
|poke|p2|Hawlucha, F|
|teampreview
|
|t:|1760780861
|teamsize|p1|6
|teamsize|p2|6
|start
|switch|p1a: Dragonite|Dragonite, M|100/100
|switch|p2a: Indeedee|Indeedee, M|100/100
|-fieldstart|move: Psychic Terrain|[from] ability: Psychic Surge|[of] p2a: Indeedee
|turn|1
|
|t:|1760780877
|-terastallize|p2a: Indeedee|Fairy
|move|p2a: Indeedee|Dazzling Gleam|p1a: Dragonite
|-supereffective|p1a: Dragonite
|-damage|p1a: Dragonite|62/100
|move|p1a: Dragonite|Outrage|p2a: Indeedee
|-immune|p2a: Indeedee
|
|upkeep
|turn|2
|
|t:|1760780888
|switch|p1a: Gholdengo|Gholdengo|100/100
|move|p2a: Indeedee|Dazzling Gleam|p1a: Gholdengo
|-resisted|p1a: Gholdengo
|-damage|p1a: Gholdengo|81/100
|
|upkeep
|turn|3
|
|t:|1760780898
|move|p1a: Gholdengo|Trick|p2a: Indeedee
|-activate|p1a: Gholdengo|move: Trick|[of] p2a: Indeedee
|-item|p2a: Indeedee|Choice Scarf|[from] move: Trick
|-item|p1a: Gholdengo|Terrain Extender|[from] move: Trick
|move|p2a: Indeedee|Expanding Force|p1a: Gholdengo
|-resisted|p1a: Gholdengo
|-damage|p1a: Gholdengo|38/100
|
|upkeep
|turn|4
|
|t:|1760780910
|move|p2a: Indeedee|Expanding Force|p1a: Gholdengo
|-resisted|p1a: Gholdengo
|-damage|p1a: Gholdengo|0 fnt
|faint|p1a: Gholdengo
|
|upkeep
|inactive|Battle timer is ON: inactive players will automatically lose when time's up. (requested by boifmister)
|
|t:|1760780926
|switch|p1a: Ogerpon|Ogerpon-Wellspring, F|100/100
|turn|5
|
|t:|1760780936
|-terastallize|p1a: Ogerpon|Water
|detailschange|p1a: Ogerpon|Ogerpon-Wellspring-Tera, F, tera:Water
|-ability|p1a: Ogerpon|Embody Aspect (Wellspring)|boost
|-boost|p1a: Ogerpon|spd|1
|move|p2a: Indeedee|Expanding Force|p1a: Ogerpon
|-damage|p1a: Ogerpon|44/100
|move|p1a: Ogerpon|Ivy Cudgel|p2a: Indeedee|[anim] Ivy Cudgel Water
|-damage|p2a: Indeedee|0 fnt
|faint|p2a: Indeedee
|
|upkeep
|
|t:|1760780962
|switch|p2a: Arboliva|Arboliva, F|100/100
|turn|6
|
|t:|1760780972
|move|p1a: Ogerpon|Swords Dance|p1a: Ogerpon
|-boost|p1a: Ogerpon|atk|2
|move|p2a: Arboliva|Petal Dance|p1a: Ogerpon
|-supereffective|p1a: Ogerpon
|-damage|p1a: Ogerpon|0 fnt
|faint|p1a: Ogerpon
|detailschange|p1: Ogerpon|Ogerpon-Wellspring, F|[silent]
|
|upkeep
|
|t:|1760780984
|switch|p1a: Dragonite|Dragonite, M|62/100
|turn|7
|
|t:|1760780988
|move|p1a: Dragonite|Dragon Dance|p1a: Dragonite
|-boost|p1a: Dragonite|atk|1
|-boost|p1a: Dragonite|spe|1
|move|p2a: Arboliva|Petal Dance|p1a: Dragonite|[from] lockedmove
|-resisted|p1a: Dragonite
|-damage|p1a: Dragonite|37/100
|
|upkeep
|turn|8
|
|t:|1760780997
|move|p1a: Dragonite|Fire Punch|p2a: Arboliva
|-supereffective|p2a: Arboliva
|-damage|p2a: Arboliva|5/100
|-status|p2a: Arboliva|brn
|-fieldstart|move: Grassy Terrain|[from] ability: Seed Sower|[of] p2a: Arboliva
|move|p2a: Arboliva|Petal Dance|p1a: Dragonite|[from] lockedmove
|-resisted|p1a: Dragonite
|-damage|p1a: Dragonite|5/100
|-start|p2a: Arboliva|confusion|[fatigue]
|
|-heal|p2a: Arboliva|11/100 brn|[from] Grassy Terrain
|-damage|p2a: Arboliva|5/100 brn|[from] brn
|upkeep
|turn|9
|
|t:|1760781016
|move|p1a: Dragonite|Extreme Speed|p2a: Arboliva
|-damage|p2a: Arboliva|0 fnt
|faint|p2a: Arboliva
|
|upkeep
|
|t:|1760781018
|switch|p2a: Hawlucha|Hawlucha, F|100/100
|-enditem|p2a: Hawlucha|Grassy Seed
|-boost|p2a: Hawlucha|def|1|[from] item: Grassy Seed
|turn|10
|
|t:|1760781040
|move|p2a: Hawlucha|Acrobatics|p1a: Dragonite
|-damage|p1a: Dragonite|0 fnt
|faint|p1a: Dragonite
|
|upkeep
|
|t:|1760781046
|switch|p1a: Landorus|Landorus-Therian, M|100/100
|-ability|p1a: Landorus|Intimidate|boost
|-unboost|p2a: Hawlucha|atk|1
|turn|11
|
|t:|1760781056
|move|p2a: Hawlucha|Swords Dance|p2a: Hawlucha
|-boost|p2a: Hawlucha|atk|2
|move|p1a: Landorus|Stealth Rock|p2a: Hawlucha
|-sidestart|p2: boifmister|move: Stealth Rock
|
|upkeep
|turn|12
|
|t:|1760781069
|switch|p1a: Dondozo|Dondozo, F|100/100
|move|p2a: Hawlucha|Acrobatics|p1a: Dondozo
|-damage|p1a: Dondozo|77/100
|
|-heal|p1a: Dondozo|83/100|[from] Grassy Terrain
|-heal|p1a: Dondozo|90/100|[from] item: Leftovers
|-fieldend|move: Grassy Terrain
|upkeep
|turn|13
|
|t:|1760781082
|move|p2a: Hawlucha|Acrobatics|p1a: Dondozo
|-damage|p1a: Dondozo|69/100
|move|p1a: Dondozo|Waterfall|p2a: Hawlucha
|-damage|p2a: Hawlucha|62/100
|
|-heal|p1a: Dondozo|75/100|[from] item: Leftovers
|upkeep
|turn|14
|
|t:|1760781091
|move|p2a: Hawlucha|Acrobatics|p1a: Dondozo
|-damage|p1a: Dondozo|51/100
|move|p1a: Dondozo|Waterfall|p2a: Hawlucha
|-damage|p2a: Hawlucha|21/100
|
|-heal|p1a: Dondozo|57/100|[from] item: Leftovers
|upkeep
|turn|15
|
|t:|1760781101
|move|p2a: Hawlucha|Acrobatics|p1a: Dondozo
|-damage|p1a: Dondozo|36/100
|move|p1a: Dondozo|Waterfall|p2a: Hawlucha
|-damage|p2a: Hawlucha|0 fnt
|faint|p2a: Hawlucha
|
|-heal|p1a: Dondozo|42/100|[from] item: Leftovers
|upkeep
|
|t:|1760781112
|switch|p2a: Hatterene|Hatterene, F|100/100
|-damage|p2a: Hatterene|88/100|[from] Stealth Rock
|turn|16
|
|t:|1760781125
|move|p2a: Hatterene|Nuzzle|p1a: Dondozo
|-supereffective|p1a: Dondozo
|-damage|p1a: Dondozo|38/100
|-status|p1a: Dondozo|par
|cant|p1a: Dondozo|par
|
|-heal|p1a: Dondozo|44/100 par|[from] item: Leftovers
|upkeep
|turn|17
|
|t:|1760781135
|move|p2a: Hatterene|Draining Kiss|p1a: Dondozo
|-damage|p1a: Dondozo|21/100 par
|-heal|p2a: Hatterene|100/100|[from] drain|[of] p1a: Dondozo
|cant|p1a: Dondozo|par
|
|-heal|p1a: Dondozo|27/100 par|[from] item: Leftovers
|upkeep
|turn|18
|
|t:|1760781144
|move|p2a: Hatterene|Draining Kiss|p1a: Dondozo
|-damage|p1a: Dondozo|0 fnt
|faint|p1a: Dondozo
|
|upkeep
|
|t:|1760781152
|switch|p1a: Ting-Lu|Ting-Lu|100/100
|-ability|p1a: Ting-Lu|Vessel of Ruin
|turn|19
|
|t:|1760781168
|move|p1a: Ting-Lu|Earthquake|p2a: Hatterene
|-damage|p2a: Hatterene|57/100
|move|p2a: Hatterene|Draining Kiss|p1a: Ting-Lu
|-supereffective|p1a: Ting-Lu
|-damage|p1a: Ting-Lu|79/100
|-heal|p2a: Hatterene|83/100|[from] drain|[of] p1a: Ting-Lu
|
|upkeep
|turn|20
|
|t:|1760781179
|move|p1a: Ting-Lu|Earthquake|p2a: Hatterene
|-damage|p2a: Hatterene|40/100
|move|p2a: Hatterene|Draining Kiss|p1a: Ting-Lu
|-supereffective|p1a: Ting-Lu
|-damage|p1a: Ting-Lu|55/100
|-heal|p2a: Hatterene|70/100|[from] drain|[of] p1a: Ting-Lu
|
|upkeep
|turn|21
|
|t:|1760781187
|move|p1a: Ting-Lu|Earthquake|p2a: Hatterene
|-damage|p2a: Hatterene|25/100
|move|p2a: Hatterene|Draining Kiss|p1a: Ting-Lu
|-supereffective|p1a: Ting-Lu
|-damage|p1a: Ting-Lu|35/100
|-heal|p2a: Hatterene|49/100|[from] drain|[of] p1a: Ting-Lu
|-enditem|p1a: Ting-Lu|Sitrus Berry|[eat]
|-heal|p1a: Ting-Lu|60/100|[from] item: Sitrus Berry
|
|upkeep
|turn|22
|
|t:|1760781200
|move|p1a: Ting-Lu|Earthquake|p2a: Hatterene
|-damage|p2a: Hatterene|6/100
|move|p2a: Hatterene|Draining Kiss|p1a: Ting-Lu
|-supereffective|p1a: Ting-Lu
|-damage|p1a: Ting-Lu|38/100
|-heal|p2a: Hatterene|32/100|[from] drain|[of] p1a: Ting-Lu
|
|upkeep
|turn|23
|
|t:|1760781215
|move|p1a: Ting-Lu|Earthquake|p2a: Hatterene
|-damage|p2a: Hatterene|0 fnt
|faint|p2a: Hatterene
|
|upkeep
|inactive|boifmister has 120 seconds left.
|inactive|boifmister has 90 seconds left.
|inactive|boifmister has 60 seconds left.
|
|t:|1760781319
|switch|p2a: Slowbro|Slowbro-Galar, M|100/100
|-damage|p2a: Slowbro|88/100|[from] Stealth Rock
|turn|24
|
|t:|1760781329
|move|p1a: Ting-Lu|Earthquake|p2a: Slowbro
|-supereffective|p2a: Slowbro
|-damage|p2a: Slowbro|22/100
|move|p2a: Slowbro|Ice Beam|p1a: Ting-Lu
|-supereffective|p1a: Ting-Lu
|-damage|p1a: Ting-Lu|15/100
|
|upkeep
|turn|25
|inactive|boifmister has 60 seconds left.
|-activate|p2a: Slowbro|ability: Quick Draw
|
|t:|1760781337
|move|p2a: Slowbro|Ice Beam|p1a: Ting-Lu
|-supereffective|p1a: Ting-Lu
|-damage|p1a: Ting-Lu|0 fnt
|faint|p1a: Ting-Lu
|
|upkeep
|
|t:|1760781345
|switch|p1a: Landorus|Landorus-Therian, M|100/100
|-ability|p1a: Landorus|Intimidate|boost
|-unboost|p2a: Slowbro|atk|1
|turn|26
|
|t:|1760781352
|move|p1a: Landorus|Earthquake|p2a: Slowbro
|-supereffective|p2a: Slowbro
|-damage|p2a: Slowbro|0 fnt
|faint|p2a: Slowbro
|
|upkeep
|
|t:|1760781357
|switch|p2a: Reuniclus|Reuniclus, M|100/100
|turn|27
|
|t:|1760781375
|move|p1a: Landorus|U-turn|p2a: Reuniclus
|-supereffective|p2a: Reuniclus
|-damage|p2a: Reuniclus|52/100
|move|p2a: Reuniclus|Acid Armor|p2a: Reuniclus
|-boost|p2a: Reuniclus|def|2
|
|-heal|p2a: Reuniclus|58/100|[from] item: Leftovers
|upkeep
|turn|28
|inactive|boifmister has 90 seconds left.
|inactive|jingqmmx has 120 seconds left.
|
|t:|1760781405
|move|p1a: Landorus|U-turn|p2a: Reuniclus
|-supereffective|p2a: Reuniclus
|-damage|p2a: Reuniclus|37/100
|move|p2a: Reuniclus|Recover|p2a: Reuniclus
|-heal|p2a: Reuniclus|87/100
|
|-heal|p2a: Reuniclus|93/100|[from] item: Leftovers
|upkeep
|turn|29
|
|t:|1760781414
|move|p1a: Landorus|Taunt|p2a: Reuniclus
|-start|p2a: Reuniclus|move: Taunt
|cant|p2a: Reuniclus|move: Taunt|Acid Armor
|
|-heal|p2a: Reuniclus|99/100|[from] item: Leftovers
|upkeep
|turn|30
|inactive|boifmister has 90 seconds left.
|
|t:|1760781430
|move|p1a: Landorus|U-turn|p2a: Reuniclus
|-supereffective|p2a: Reuniclus
|-damage|p2a: Reuniclus|78/100
|move|p2a: Reuniclus|Stored Power|p1a: Landorus
|-damage|p1a: Landorus|74/100
|
|-heal|p2a: Reuniclus|84/100|[from] item: Leftovers
|upkeep
|turn|31
|
|t:|1760781439
|move|p1a: Landorus|U-turn|p2a: Reuniclus
|-supereffective|p2a: Reuniclus
|-damage|p2a: Reuniclus|62/100
|move|p2a: Reuniclus|Stored Power|p1a: Landorus
|-damage|p1a: Landorus|46/100
|
|-heal|p2a: Reuniclus|68/100|[from] item: Leftovers
|-end|p2a: Reuniclus|move: Taunt
|upkeep
|turn|32
|
|t:|1760781449
|move|p1a: Landorus|U-turn|p2a: Reuniclus
|-supereffective|p2a: Reuniclus
|-damage|p2a: Reuniclus|46/100
|move|p2a: Reuniclus|Stored Power|p1a: Landorus
|-damage|p1a: Landorus|19/100
|
|-heal|p2a: Reuniclus|52/100|[from] item: Leftovers
|upkeep
|turn|33
|-message|jingqmmx forfeited.
|
|win|boifmister
|raw|jingqmmx's rating: 1129 &rarr; <strong>1105</strong><br />(-24 for losing)
|raw|boifmister's rating: 1149 &rarr; <strong>1173</strong><br />(+24 for winning)
|l|☆jingqmmx
|player|p1|
|l|☆boifmister
|player|p2|
