|j|☆EdgingCeaselesslly
|j|☆Charle_phate
|t:|1760848460
|gametype|singles
|player|p1|EdgingCeaselesslly|blaine|1462
|player|p2|Charle_phate|blue|1424
|gen|9
|tier|[Gen 9] OU
|rated|
|rule|HP Percentage Mod: HP is shown in percentages
|rule|Endless Battle Clause: Forcing endless battles is banned
|rule|Species Clause: Limit one of each Pokémon
|rule|OHKO Clause: OHKO moves are banned
|rule|Evasion Items Clause: Evasion items are banned
|rule|Evasion Moves Clause: Evasion moves are banned
|rule|Evasion Abilities Clause: Evasion abilities are banned
|rule|Sleep Moves Clause: Sleep-inducing moves are banned
|clearpoke
|poke|p1|Landorus-Therian, M|
|poke|p1|Samurott-Hisui, M|
|poke|p1|Scizor, M|
|poke|p1|Latios, M|
|poke|p1|Zamazenta-*|
|poke|p1|Gholdengo|
|poke|p2|Serperior, F|
|poke|p2|Rotom-Wash|
|poke|p2|Zapdos|
|poke|p2|Heatran, M|
|poke|p2|Clefable, M|
|poke|p2|Landorus-Therian, M|
|teampreview
|inactive|Battle timer is ON: inactive players will automatically lose when time's up. (requested by EdgingCeaselesslly)
|
|t:|1760848463
|teamsize|p1|6
|teamsize|p2|6
|start
|switch|p1a: Landorus|Landorus-Therian, M|100/100
|switch|p2a: Rotom|Rotom-Wash|100/100
|-ability|p1a: Landorus|Intimidate|boost
|-unboost|p2a: Rotom|atk|1
|turn|1
|
|t:|1760848478
|switch|p1a: Latios|Latios, M|100/100
|move|p2a: Rotom|Will-O-Wisp|p1a: Latios|[miss]
|-miss|p2a: Rotom|p1a: Latios
|
|upkeep
|turn|2
|
|t:|1760848484
|move|p1a: Latios|Psychic Noise|p2a: Rotom
|-damage|p2a: Rotom|61/100
|-start|p2a: Rotom|move: Heal Block
|move|p2a: Rotom|Thunder Wave|p1a: Latios
|-status|p1a: Latios|par
|
|upkeep
|turn|3
|
|t:|1760848496
|switch|p2a: Heatran|Heatran, M|100/100
|cant|p1a: Latios|par
|
|upkeep
|turn|4
|
|t:|1760848501
|switch|p1a: Samurott|Samurott-Hisui, M|100/100
|move|p2a: Heatran|Substitute|p2a: Heatran
|-start|p2a: Heatran|Substitute
|-damage|p2a: Heatran|76/100
|
|-heal|p2a: Heatran|82/100|[from] item: Leftovers
|upkeep
|turn|5
|
|t:|1760848508
|move|p1a: Samurott|Ceaseless Edge|p2a: Heatran
|-end|p2a: Heatran|Substitute
|-sidestart|p2: Charle_phate|Spikes
|move|p2a: Heatran|Lava Plume|p1a: Samurott
|-resisted|p1a: Samurott
|-damage|p1a: Samurott|85/100
|
|-heal|p2a: Heatran|88/100|[from] item: Leftovers
|upkeep
|turn|6
|
|t:|1760848514
|switch|p2a: Serperior|Serperior, F|100/100
|-damage|p2a: Serperior|88/100|[from] Spikes
|move|p1a: Samurott|Ceaseless Edge|p2a: Serperior
|-damage|p2a: Serperior|29/100
|-sidestart|p2: Charle_phate|Spikes
|
|-heal|p2a: Serperior|35/100|[from] item: Leftovers
|upkeep
|turn|7
|
|t:|1760848538
|switch|p1a: Scizor|Scizor, M|100/100
|move|p2a: Serperior|Glare|p1a: Scizor
|-status|p1a: Scizor|par
|
|-heal|p2a: Serperior|42/100|[from] item: Leftovers
|upkeep
|turn|8
|
|t:|1760848548
|switch|p2a: Zapdos|Zapdos|100/100
|move|p1a: Scizor|Bullet Punch|p2a: Zapdos
|-resisted|p2a: Zapdos
|-damage|p2a: Zapdos|84/100
|
|upkeep
|turn|9
|
|t:|1760848558
|switch|p1a: Latios|Latios, M|100/100 par
|move|p2a: Zapdos|Ancient Power|p1a: Latios
|-damage|p1a: Latios|78/100 par
|
|upkeep
|turn|10
|
|t:|1760848564
|move|p2a: Zapdos|Ancient Power|p1a: Latios
|-damage|p1a: Latios|54/100 par
|-boost|p2a: Zapdos|atk|1
|-boost|p2a: Zapdos|def|1
|-boost|p2a: Zapdos|spa|1
|-boost|p2a: Zapdos|spd|1
|-boost|p2a: Zapdos|spe|1
|cant|p1a: Latios|par
|
|upkeep
|turn|11
|
|t:|1760848575
|move|p2a: Zapdos|Hurricane|p1a: Latios
|-damage|p1a: Latios|0 fnt
|faint|p1a: Latios
|
|upkeep
|
|t:|1760848578
|switch|p1a: Zamazenta|Zamazenta|100/100
|-ability|p1a: Zamazenta|Dauntless Shield|boost
|-boost|p1a: Zamazenta|def|1
|turn|12
|
|t:|1760848582
|-terastallize|p1a: Zamazenta|Fire
|move|p2a: Zapdos|Hurricane|p1a: Zamazenta
|-damage|p1a: Zamazenta|24/100
|-start|p1a: Zamazenta|confusion
|-activate|p1a: Zamazenta|confusion
|-damage|p1a: Zamazenta|19/100|[from] confusion
|
|-heal|p1a: Zamazenta|25/100|[from] item: Leftovers
|upkeep
|turn|13
|
|t:|1760848592
|move|p2a: Zapdos|Ancient Power|p1a: Zamazenta
|-supereffective|p1a: Zamazenta
|-damage|p1a: Zamazenta|0 fnt
|faint|p1a: Zamazenta
|
|upkeep
|
|t:|1760848596
|switch|p1a: Landorus|Landorus-Therian, M|100/100
|-ability|p1a: Landorus|Intimidate|boost
|-unboost|p2a: Zapdos|atk|1
|turn|14
|
|t:|1760848599
|move|p2a: Zapdos|Hurricane|p1a: Landorus
|-crit|p1a: Landorus
|-damage|p1a: Landorus|0 fnt
|faint|p1a: Landorus
|
|upkeep
|
|t:|1760848603
|switch|p1a: Samurott|Samurott-Hisui, M|85/100
|turn|15
|
|t:|1760848606
|move|p2a: Zapdos|Discharge|p1a: Samurott
|-supereffective|p1a: Samurott
|-damage|p1a: Samurott|0 fnt
|faint|p1a: Samurott
|
|upkeep
|-message|EdgingCeaselesslly forfeited.
|
|win|Charle_phate
|raw|EdgingCeaselesslly's rating: 1462 &rarr; <strong>1440</strong><br />(-22 for losing)
|raw|Charle_phate's rating: 1424 &rarr; <strong>1446</strong><br />(+22 for winning)
|l|☆EdgingCeaselesslly
|player|p1|
|l|☆Charle_phate
|player|p2|
