|j|☆sus skibidi
|j|☆Sorrow170
|t:|1760756377
|gametype|singles
|player|p1|sus skibidi|miku-ice|1473
|player|p2|Sorrow170|brendan-masters|1417
|gen|9
|tier|[Gen 9] OU
|rated|
|rule|HP Percentage Mod: HP is shown in percentages
|rule|Endless Battle Clause: Forcing endless battles is banned
|rule|Species Clause: Limit one of each Pokémon
|rule|OHKO Clause: OHKO moves are banned
|rule|Evasion Items Clause: Evasion items are banned
|rule|Evasion Moves Clause: Evasion moves are banned
|rule|Evasion Abilities Clause: Evasion abilities are banned
|rule|Sleep Moves Clause: Sleep-inducing moves are banned
|clearpoke
|poke|p1|Heatran, M|
|poke|p1|Ogerpon-Wellspring, F|
|poke|p1|Dragonite, F|
|poke|p1|Hatterene, F|
|poke|p1|Garganacl, M|
|poke|p1|Great Tusk|
|poke|p2|Kyurem|
|poke|p2|Tinkaton, F|
|poke|p2|Ting-Lu|
|poke|p2|Dragonite, F|
|poke|p2|Pecharunt|
|poke|p2|Darkrai|
|teampreview
|inactive|Battle timer is ON: inactive players will automatically lose when time's up. (requested by Sorrow170)
|inactive|sus skibidi also wants the timer to be on.
|inactive|sus skibidi has 120 seconds left.
|inactive|sus skibidi has 90 seconds left.
|
|t:|1760756444
|teamsize|p1|6
|teamsize|p2|6
|start
|switch|p1a: Awel Sum|Ogerpon-Wellspring, F|100/100
|switch|p2a: Tinkaton|Tinkaton, F|100/100
|-ability|p2a: Tinkaton|Mold Breaker
|-item|p2a: Tinkaton|Air Balloon
|turn|1
|
|t:|1760756456
|move|p1a: Awel Sum|Ivy Cudgel|p2a: Tinkaton|[anim] Ivy Cudgel Water
|-damage|p2a: Tinkaton|22/100
|-enditem|p2a: Tinkaton|Air Balloon
|move|p2a: Tinkaton|Gigaton Hammer|p1a: Awel Sum
|-resisted|p1a: Awel Sum
|-damage|p1a: Awel Sum|75/100
|
|upkeep
|turn|2
|
|t:|1760756468
|switch|p2a: Pecharunt|Pecharunt|100/100
|move|p1a: Awel Sum|Ivy Cudgel|p2a: Pecharunt|[anim] Ivy Cudgel Water
|-damage|p2a: Pecharunt|69/100
|
|upkeep
|turn|3
|
|t:|1760756473
|switch|p1a: Guanciale|Garganacl, M, shiny|100/100
|move|p2a: Pecharunt|Malignant Chain|p1a: Guanciale
|-resisted|p1a: Guanciale
|-damage|p1a: Guanciale|91/100
|
|-heal|p1a: Guanciale|97/100|[from] item: Leftovers
|upkeep
|turn|4
|
|t:|1760756477
|move|p2a: Pecharunt|Parting Shot|p1a: Guanciale
|-unboost|p1a: Guanciale|atk|1
|-unboost|p1a: Guanciale|spa|1
|
|t:|1760756480
|switch|p2a: Ting-Lu|Ting-Lu|100/100|[from] Parting Shot
|-ability|p2a: Ting-Lu|Vessel of Ruin
|move|p1a: Guanciale|Salt Cure|p2a: Ting-Lu
|-resisted|p2a: Ting-Lu
|-damage|p2a: Ting-Lu|98/100
|-start|p2a: Ting-Lu|Salt Cure
|
|-heal|p2a: Ting-Lu|100/100|[from] item: Leftovers
|-heal|p1a: Guanciale|100/100|[from] item: Leftovers
|-damage|p2a: Ting-Lu|88/100|[from] Salt Cure
|upkeep
|turn|5
|
|t:|1760756483
|switch|p1a: Forever More Quoth|Hatterene, F|100/100
|move|p2a: Ting-Lu|Ruination|p1a: Forever More Quoth
|-damage|p1a: Forever More Quoth|51/100
|
|-heal|p2a: Ting-Lu|94/100|[from] item: Leftovers
|-damage|p2a: Ting-Lu|82/100|[from] Salt Cure
|upkeep
|turn|6
|
|t:|1760756488
|switch|p2a: Tinkaton|Tinkaton, F|22/100
|-ability|p2a: Tinkaton|Mold Breaker
|move|p1a: Forever More Quoth|Dazzling Gleam|p2a: Tinkaton
|-resisted|p2a: Tinkaton
|-damage|p2a: Tinkaton|7/100
|
|upkeep
|turn|7
|
|t:|1760756493
|switch|p1a: Awel Sum|Ogerpon-Wellspring, F|75/100
|move|p2a: Tinkaton|Gigaton Hammer|p1a: Awel Sum
|-resisted|p1a: Awel Sum
|-damage|p1a: Awel Sum|49/100
|
|upkeep
|turn|8
|
|t:|1760756497
|move|p1a: Awel Sum|Ivy Cudgel|p2a: Tinkaton|[anim] Ivy Cudgel Water
|-damage|p2a: Tinkaton|0 fnt
|faint|p2a: Tinkaton
|
|upkeep
|
|t:|1760756500
|switch|p2a: Pecharunt|Pecharunt|69/100
|turn|9
|
|t:|1760756506
|switch|p1a: Guanciale|Garganacl, M, shiny|100/100
|move|p2a: Pecharunt|Parting Shot|p1a: Guanciale
|-unboost|p1a: Guanciale|atk|1
|-unboost|p1a: Guanciale|spa|1
|
|t:|1760756518
|switch|p2a: Ting-Lu|Ting-Lu|82/100|[from] Parting Shot
|-ability|p2a: Ting-Lu|Vessel of Ruin
|
|-heal|p2a: Ting-Lu|88/100|[from] item: Leftovers
|upkeep
|turn|10
|
|t:|1760756522
|switch|p1a: Forever More Quoth|Hatterene, F|51/100
|move|p2a: Ting-Lu|Ruination|p1a: Forever More Quoth
|-damage|p1a: Forever More Quoth|26/100
|
|-heal|p2a: Ting-Lu|94/100|[from] item: Leftovers
|upkeep
|turn|11
|
|t:|1760756527
|move|p2a: Ting-Lu|Earthquake|p1a: Forever More Quoth
|-damage|p1a: Forever More Quoth|0 fnt
|faint|p1a: Forever More Quoth
|
|-heal|p2a: Ting-Lu|100/100|[from] item: Leftovers
|upkeep
|
|t:|1760756533
|switch|p1a: Awel Sum|Ogerpon-Wellspring, F|49/100
|turn|12
|
|t:|1760756540
|switch|p2a: Kyurem|Kyurem|100/100
|-ability|p2a: Kyurem|Pressure
|move|p1a: Awel Sum|Swords Dance|p1a: Awel Sum
|-boost|p1a: Awel Sum|atk|2
|
|upkeep
|turn|13
|
|t:|1760756562
|switch|p2a: Pecharunt|Pecharunt|69/100
|move|p1a: Awel Sum|Play Rough|p2a: Pecharunt
|-resisted|p2a: Pecharunt
|-damage|p2a: Pecharunt|49/100
|-unboost|p2a: Pecharunt|atk|1
|
|upkeep
|turn|14
|
|t:|1760756575
|move|p1a: Awel Sum|Ivy Cudgel|p2a: Pecharunt|[anim] Ivy Cudgel Water
|-damage|p2a: Pecharunt|0 fnt
|faint|p2a: Pecharunt
|
|upkeep
|
|t:|1760756577
|switch|p2a: Darkrai|Darkrai|100/100
|turn|15
|
|t:|1760756590
|switch|p1a: Guanciale|Garganacl, M, shiny|100/100
|move|p2a: Darkrai|Dark Pulse|p1a: Guanciale
|-damage|p1a: Guanciale|71/100
|
|-heal|p1a: Guanciale|77/100|[from] item: Leftovers
|upkeep
|turn|16
|
|t:|1760756593
|move|p2a: Darkrai|Knock Off|p1a: Guanciale
|-damage|p1a: Guanciale|59/100
|-enditem|p1a: Guanciale|Leftovers|[from] move: Knock Off|[of] p2a: Darkrai
|move|p1a: Guanciale|Salt Cure|p2a: Darkrai
|-damage|p2a: Darkrai|82/100
|-start|p2a: Darkrai|Salt Cure
|
|-damage|p2a: Darkrai|70/100|[from] Salt Cure
|upkeep
|turn|17
|
|t:|1760756597
|switch|p2a: Ting-Lu|Ting-Lu|100/100
|-ability|p2a: Ting-Lu|Vessel of Ruin
|move|p1a: Guanciale|Recover|p1a: Guanciale
|-heal|p1a: Guanciale|100/100
|
|upkeep
|turn|18
|
|t:|1760756599
|switch|p1a: Awel Sum|Ogerpon-Wellspring, F|49/100
|move|p2a: Ting-Lu|Spikes|p1a: Awel Sum
|-sidestart|p1: sus skibidi|Spikes
|
|upkeep
|turn|19
|
|t:|1760756604
|move|p1a: Awel Sum|Trailblaze|p2a: Ting-Lu
|-supereffective|p2a: Ting-Lu
|-damage|p2a: Ting-Lu|64/100
|-boost|p1a: Awel Sum|spe|1
|move|p2a: Ting-Lu|Whirlwind|p1a: Awel Sum
|drag|p1a: Horned Up Big Dawg|Great Tusk|100/100
|-damage|p1a: Horned Up Big Dawg|88/100|[from] Spikes
|-enditem|p1a: Horned Up Big Dawg|Booster Energy
|-activate|p1a: Horned Up Big Dawg|ability: Protosynthesis|[fromitem]
|-start|p1a: Horned Up Big Dawg|protosynthesisspe
|
|-heal|p2a: Ting-Lu|70/100|[from] item: Leftovers
|upkeep
|turn|20
|
|t:|1760756615
|move|p1a: Horned Up Big Dawg|Ice Spinner|p2a: Ting-Lu
|-supereffective|p2a: Ting-Lu
|-damage|p2a: Ting-Lu|44/100
|move|p2a: Ting-Lu|Ruination|p1a: Horned Up Big Dawg
|-damage|p1a: Horned Up Big Dawg|44/100
|
|-heal|p2a: Ting-Lu|50/100|[from] item: Leftovers
|upkeep
|turn|21
|
|t:|1760756620
|move|p1a: Horned Up Big Dawg|Headlong Rush|p2a: Ting-Lu
|-damage|p2a: Ting-Lu|22/100
|-unboost|p1a: Horned Up Big Dawg|def|1
|-unboost|p1a: Horned Up Big Dawg|spd|1
|move|p2a: Ting-Lu|Earthquake|p1a: Horned Up Big Dawg
|-damage|p1a: Horned Up Big Dawg|10/100
|
|-heal|p2a: Ting-Lu|28/100|[from] item: Leftovers
|upkeep
|turn|22
|
|t:|1760756631
|move|p1a: Horned Up Big Dawg|Ice Spinner|p2a: Ting-Lu
|-supereffective|p2a: Ting-Lu
|-damage|p2a: Ting-Lu|2/100
|move|p2a: Ting-Lu|Spikes|p1a: Horned Up Big Dawg
|-sidestart|p1: sus skibidi|Spikes
|
|-heal|p2a: Ting-Lu|8/100|[from] item: Leftovers
|upkeep
|turn|23
|
|t:|1760756637
|move|p1a: Horned Up Big Dawg|Rapid Spin|p2a: Ting-Lu
|-damage|p2a: Ting-Lu|1/100
|-boost|p1a: Horned Up Big Dawg|spe|1
|-sideend|p1: sus skibidi|Spikes|[from] move: Rapid Spin|[of] p1a: Horned Up Big Dawg
|move|p2a: Ting-Lu|Earthquake|p1a: Horned Up Big Dawg
|-damage|p1a: Horned Up Big Dawg|0 fnt
|faint|p1a: Horned Up Big Dawg
|-end|p1a: Horned Up Big Dawg|Protosynthesis|[silent]
|
|-heal|p2a: Ting-Lu|7/100|[from] item: Leftovers
|upkeep
|
|t:|1760756640
|switch|p1a: Awel Sum|Ogerpon-Wellspring, F|49/100
|turn|24
|
|t:|1760756643
|move|p1a: Awel Sum|Trailblaze|p2a: Ting-Lu
|-supereffective|p2a: Ting-Lu
|-damage|p2a: Ting-Lu|0 fnt
|-boost|p1a: Awel Sum|spe|1
|faint|p2a: Ting-Lu
|
|upkeep
|
|t:|1760756646
|switch|p2a: Dragonite|Dragonite, F|100/100
|turn|25
|
|t:|1760756654
|move|p1a: Awel Sum|Ivy Cudgel|p2a: Dragonite|[anim] Ivy Cudgel Water
|-resisted|p2a: Dragonite
|-crit|p2a: Dragonite
|-damage|p2a: Dragonite|73/100
|move|p2a: Dragonite|Dragon Dance|p2a: Dragonite
|-boost|p2a: Dragonite|atk|1
|-boost|p2a: Dragonite|spe|1
|
|upkeep
|turn|26
|
|t:|1760756661
|-terastallize|p2a: Dragonite|Ghost
|move|p1a: Awel Sum|Play Rough|p2a: Dragonite
|-crit|p2a: Dragonite
|-damage|p2a: Dragonite|6/100
|move|p2a: Dragonite|Dragon Dance|p2a: Dragonite
|-boost|p2a: Dragonite|atk|1
|-boost|p2a: Dragonite|spe|1
|
|upkeep
|turn|27
|
|t:|1760756670
|move|p2a: Dragonite|Tera Blast|p1a: Awel Sum|[anim] Tera Blast Ghost
|-damage|p1a: Awel Sum|0 fnt
|faint|p1a: Awel Sum
|
|upkeep
|c|☆Sorrow170|ofc bro
|
|t:|1760756691
|switch|p1a: Good Night gngy|Dragonite, F|100/100
|turn|28
|
|t:|1760756705
|move|p2a: Dragonite|Tera Blast|p1a: Good Night gngy|[anim] Tera Blast Ghost
|-damage|p1a: Good Night gngy|54/100
|move|p1a: Good Night gngy|Fire Punch|p2a: Dragonite
|-damage|p2a: Dragonite|0 fnt
|faint|p2a: Dragonite
|
|upkeep
|
|t:|1760756710
|switch|p2a: Kyurem|Kyurem|100/100
|-ability|p2a: Kyurem|Pressure
|turn|29
|
|t:|1760756715
|move|p2a: Kyurem|Ice Beam|p1a: Good Night gngy
|-supereffective|p1a: Good Night gngy
|-damage|p1a: Good Night gngy|0 fnt
|faint|p1a: Good Night gngy
|
|upkeep
|
|t:|1760756729
|switch|p1a: Guanciale|Garganacl, M, shiny|100/100
|turn|30
|
|t:|1760756733
|move|p2a: Kyurem|Earth Power|p1a: Guanciale
|-supereffective|p1a: Guanciale
|-damage|p1a: Guanciale|56/100
|move|p1a: Guanciale|Salt Cure|p2a: Kyurem
|-supereffective|p2a: Kyurem
|-damage|p2a: Kyurem|76/100
|-start|p2a: Kyurem|Salt Cure
|
|-damage|p2a: Kyurem|64/100|[from] Salt Cure
|upkeep
|turn|31
|
|t:|1760756739
|move|p2a: Kyurem|Earth Power|p1a: Guanciale
|-supereffective|p1a: Guanciale
|-damage|p1a: Guanciale|7/100
|move|p1a: Guanciale|Recover|p1a: Guanciale
|-heal|p1a: Guanciale|57/100
|
|-damage|p2a: Kyurem|51/100|[from] Salt Cure
|upkeep
|turn|32
|
|t:|1760756745
|move|p2a: Kyurem|Earth Power|p1a: Guanciale
|-supereffective|p1a: Guanciale
|-damage|p1a: Guanciale|13/100
|move|p1a: Guanciale|Recover|p1a: Guanciale
|-heal|p1a: Guanciale|63/100
|
|-damage|p2a: Kyurem|39/100|[from] Salt Cure
|upkeep
|turn|33
|
|t:|1760756752
|move|p2a: Kyurem|Earth Power|p1a: Guanciale
|-supereffective|p1a: Guanciale
|-damage|p1a: Guanciale|18/100
|move|p1a: Guanciale|Salt Cure|p2a: Kyurem
|-supereffective|p2a: Kyurem
|-crit|p2a: Kyurem
|-damage|p2a: Kyurem|2/100
|
|-damage|p2a: Kyurem|0 fnt|[from] Salt Cure
|faint|p2a: Kyurem
|upkeep
|
|t:|1760756756
|switch|p2a: Darkrai|Darkrai|70/100
|turn|34
|
|t:|1760756758
|move|p2a: Darkrai|Dark Pulse|p1a: Guanciale
|-damage|p1a: Guanciale|0 fnt
|faint|p1a: Guanciale
|
|upkeep
|
|t:|1760756760
|switch|p1a: Dodge|Heatran, M|100/100
|-item|p1a: Dodge|Air Balloon
|turn|35
|
|t:|1760756769
|move|p2a: Darkrai|Sludge Bomb|p1a: Dodge
|-immune|p1a: Dodge
|move|p1a: Dodge|Flame Charge|p2a: Darkrai
|-damage|p2a: Darkrai|51/100
|-boost|p1a: Dodge|spe|1
|
|upkeep
|turn|36
|
|t:|1760756785
|move|p1a: Dodge|Flamethrower|p2a: Darkrai
|-damage|p2a: Darkrai|0 fnt
|faint|p2a: Darkrai
|
|win|sus skibidi
|raw|sus skibidi's rating: 1473 &rarr; <strong>1490</strong><br />(+17 for winning)
|raw|Sorrow170's rating: 1417 &rarr; <strong>1400</strong><br />(-17 for losing)
|l|☆Sorrow170
|player|p2|
