|j|☆Passerby bye
|j|☆zuizuizuiqinag
|t:|1760790446
|gametype|singles
|player|p1|Passerby bye|scientist-gen4|1296
|player|p2|zuizuizuiqinag|265|1361
|gen|9
|tier|[Gen 9] OU
|rated|
|rule|HP Percentage Mod: HP is shown in percentages
|rule|Endless Battle Clause: Forcing endless battles is banned
|rule|Species Clause: Limit one of each Pokémon
|rule|OHKO Clause: OHKO moves are banned
|rule|Evasion Items Clause: Evasion items are banned
|rule|Evasion Moves Clause: Evasion moves are banned
|rule|Evasion Abilities Clause: Evasion abilities are banned
|rule|Sleep Moves Clause: Sleep-inducing moves are banned
|clearpoke
|poke|p1|Wigglytuff, F|
|poke|p1|Gliscor, M|
|poke|p1|Houndoom, F|
|poke|p1|Magnezone|
|poke|p1|Slowbro, F|
|poke|p1|Vileplume, M|
|poke|p2|Ninetales, F|
|poke|p2|Raging Bolt|
|poke|p2|Charizard, F|
|poke|p2|Zamazenta-*|
|poke|p2|Great Tusk|
|poke|p2|Venusaur, F|
|teampreview
|
|t:|1760790461
|teamsize|p1|6
|teamsize|p2|6
|start
|switch|p1a: Magnezone|Magnezone|100/100
|switch|p2a: Ninetales|Ninetales, F, shiny|100/100
|-weather|SunnyDay|[from] ability: Drought|[of] p2a: Ninetales
|turn|1
|inactive|Battle timer is ON: inactive players will automatically lose when time's up. (requested by zuizuizuiqinag)
|
|t:|1760790471
|switch|p1a: Houndoom|Houndoom, F|100/100
|move|p2a: Ninetales|Weather Ball|p1a: Houndoom
|-start|p1a: Houndoom|ability: Flash Fire
|
|-weather|SunnyDay|[upkeep]
|upkeep
|turn|2
|
|t:|1760790480
|switch|p2a: Raging Bolt|Raging Bolt|100/100
|-activate|p2a: Raging Bolt|ability: Protosynthesis
|-start|p2a: Raging Bolt|protosynthesisspa
|move|p1a: Houndoom|Fire Blast|p2a: Raging Bolt
|-resisted|p2a: Raging Bolt
|-damage|p2a: Raging Bolt|42/100
|
|-weather|SunnyDay|[upkeep]
|upkeep
|turn|3
|
|t:|1760790488
|move|p2a: Raging Bolt|Thunderclap|p1a: Houndoom
|-damage|p1a: Houndoom|0 fnt
|faint|p1a: Houndoom
|
|-weather|SunnyDay|[upkeep]
|upkeep
|
|t:|1760790499
|switch|p1a: Wigglytuff|Wigglytuff, F|100/100
|turn|4
|
|t:|1760790502
|move|p2a: Raging Bolt|Thunderclap|p1a: Wigglytuff
|-damage|p1a: Wigglytuff|52/100
|move|p1a: Wigglytuff|Draining Kiss|p2a: Raging Bolt
|-supereffective|p2a: Raging Bolt
|-damage|p2a: Raging Bolt|3/100
|-heal|p1a: Wigglytuff|79/100|[from] drain|[of] p2a: Raging Bolt
|
|-weather|SunnyDay|[upkeep]
|upkeep
|turn|5
|
|t:|1760790509
|-end|p2a: Raging Bolt|Protosynthesis|[silent]
|switch|p2a: Venusaur|Venusaur, F|100/100
|move|p1a: Wigglytuff|Draining Kiss|p2a: Venusaur
|-resisted|p2a: Venusaur
|-damage|p2a: Venusaur|91/100
|-heal|p1a: Wigglytuff|84/100|[from] drain|[of] p2a: Venusaur
|
|-weather|SunnyDay|[upkeep]
|upkeep
|turn|6
|
|t:|1760790530
|move|p2a: Venusaur|Growth|p2a: Venusaur
|-boost|p2a: Venusaur|atk|2
|-boost|p2a: Venusaur|spa|2
|move|p1a: Wigglytuff|Fire Blast|p2a: Venusaur
|-supereffective|p2a: Venusaur
|-damage|p2a: Venusaur|3/100
|
|-weather|SunnyDay|[upkeep]
|upkeep
|turn|7
|
|t:|1760790545
|-terastallize|p1a: Wigglytuff|Steel
|move|p2a: Venusaur|Weather Ball|p1a: Wigglytuff
|-supereffective|p1a: Wigglytuff
|-damage|p1a: Wigglytuff|0 fnt
|faint|p1a: Wigglytuff
|-damage|p2a: Venusaur|0 fnt|[from] item: Life Orb
|faint|p2a: Venusaur
|
|-weather|SunnyDay|[upkeep]
|upkeep
|inactive|Passerby bye has 120 seconds left.
|
|t:|1760790558
|switch|p2a: Charizard|Charizard, F, shiny|100/100
|switch|p1a: Gliscor|Gliscor, M|100/100
|turn|8
|inactive|Passerby bye has 120 seconds left.
|
|t:|1760790590
|move|p2a: Charizard|Weather Ball|p1a: Gliscor
|-crit|p1a: Gliscor
|-damage|p1a: Gliscor|0 fnt
|faint|p1a: Gliscor
|
|-weather|none
|upkeep
|inactive|Passerby bye has 90 seconds left.
|
|t:|1760790612
|switch|p1a: Slowbro|Slowbro, F|100/100
|turn|9
|
|t:|1760790617
|switch|p2a: Ninetales|Ninetales, F, shiny|100/100
|-weather|SunnyDay|[from] ability: Drought|[of] p2a: Ninetales
|move|p1a: Slowbro|Nasty Plot|p1a: Slowbro
|-boost|p1a: Slowbro|spa|2
|
|-weather|SunnyDay|[upkeep]
|upkeep
|turn|10
|inactive|Passerby bye has 90 seconds left.
|
|t:|1760790634
|move|p2a: Ninetales|Solar Beam||[still]
|-prepare|p2a: Ninetales|Solar Beam
|-anim|p2a: Ninetales|Solar Beam|p1a: Slowbro
|-supereffective|p1a: Slowbro
|-damage|p1a: Slowbro|54/100
|move|p1a: Slowbro|Psyshock|p2a: Ninetales
|-damage|p2a: Ninetales|22/100
|
|-weather|SunnyDay|[upkeep]
|upkeep
|turn|11
|inactive|zuizuizuiqinag has 120 seconds left.
|
|t:|1760790684
|switch|p2a: Great Tusk|Great Tusk|100/100
|-activate|p2a: Great Tusk|ability: Protosynthesis
|-start|p2a: Great Tusk|protosynthesisatk
|move|p1a: Slowbro|Psyshock|p2a: Great Tusk
|-supereffective|p2a: Great Tusk
|-damage|p2a: Great Tusk|36/100
|
|-weather|SunnyDay|[upkeep]
|upkeep
|turn|12
|
|t:|1760790698
|move|p2a: Great Tusk|Earthquake|p1a: Slowbro
|-damage|p1a: Slowbro|8/100
|move|p1a: Slowbro|Slack Off|p1a: Slowbro
|-heal|p1a: Slowbro|58/100
|
|-weather|SunnyDay|[upkeep]
|upkeep
|turn|13
|
|t:|1760790703
|move|p2a: Great Tusk|Earthquake|p1a: Slowbro
|-damage|p1a: Slowbro|13/100
|move|p1a: Slowbro|Slack Off|p1a: Slowbro
|-heal|p1a: Slowbro|63/100
|
|-weather|SunnyDay|[upkeep]
|upkeep
|turn|14
|
|t:|1760790718
|move|p2a: Great Tusk|Earthquake|p1a: Slowbro
|-damage|p1a: Slowbro|23/100
|move|p1a: Slowbro|Psyshock|p2a: Great Tusk
|-supereffective|p2a: Great Tusk
|-damage|p2a: Great Tusk|0 fnt
|faint|p2a: Great Tusk
|-end|p2a: Great Tusk|Protosynthesis|[silent]
|
|-weather|SunnyDay|[upkeep]
|upkeep
|
|t:|1760790725
|switch|p2a: Raging Bolt|Raging Bolt|3/100
|-activate|p2a: Raging Bolt|ability: Protosynthesis
|-start|p2a: Raging Bolt|protosynthesisspa
|turn|15
|
|t:|1760790731
|move|p2a: Raging Bolt|Volt Switch|p1a: Slowbro
|-supereffective|p1a: Slowbro
|-damage|p1a: Slowbro|0 fnt
|faint|p1a: Slowbro
|
|t:|1760790735
|-end|p2a: Raging Bolt|Protosynthesis|[silent]
|switch|p2a: Charizard|Charizard, F, shiny|100/100|[from] Volt Switch
|
|-weather|SunnyDay|[upkeep]
|-damage|p2a: Charizard|88/100|[from] ability: Solar Power|[of] p2a: Charizard
|upkeep
|inactive|Passerby bye has 120 seconds left.
|
|t:|1760790745
|switch|p1a: Vileplume|Vileplume, M|100/100
|turn|16
|
|t:|1760790752
|move|p2a: Charizard|Weather Ball|p1a: Vileplume
|-supereffective|p1a: Vileplume
|-damage|p1a: Vileplume|0 fnt
|faint|p1a: Vileplume
|
|-weather|none
|upkeep
|
|t:|1760790761
|switch|p1a: Magnezone|Magnezone|100/100
|turn|17
|
|t:|1760790771
|move|p2a: Charizard|Overheat|p1a: Magnezone
|-supereffective|p1a: Magnezone
|-damage|p1a: Magnezone|0 fnt
|-unboost|p2a: Charizard|spa|2
|faint|p1a: Magnezone
|
|win|zuizuizuiqinag
|raw|Passerby bye's rating: 1296 &rarr; <strong>1276</strong><br />(-20 for losing)
|raw|zuizuizuiqinag's rating: 1361 &rarr; <strong>1377</strong><br />(+16 for winning)
|l|☆zuizuizuiqinag
|player|p2|
