|j|☆KennytheslugSmith
|j|☆undertalethemovie
|t:|1760857668
|gametype|singles
|player|p1|KennytheslugSmith|scientist-gen4dp|1133
|player|p2|undertalethemovie|n|1175
|gen|9
|tier|[Gen 9] OU
|rated|
|rule|HP Percentage Mod: HP is shown in percentages
|rule|Endless Battle Clause: Forcing endless battles is banned
|rule|Species Clause: Limit one of each Pokémon
|rule|OHKO Clause: OHKO moves are banned
|rule|Evasion Items Clause: Evasion items are banned
|rule|Evasion Moves Clause: Evasion moves are banned
|rule|Evasion Abilities Clause: Evasion abilities are banned
|rule|Sleep Moves Clause: Sleep-inducing moves are banned
|clearpoke
|poke|p1|Hydrapple, M|
|poke|p1|Skarmory, F|
|poke|p1|Tyranitar, M|
|poke|p1|Alomomola, M|
|poke|p1|Clodsire, M|
|poke|p1|Clefable, M|
|poke|p2|Clodsire, F|
|poke|p2|Ogerpon-Wellspring, F|
|poke|p2|Zoroark-Hisui, F|
|poke|p2|Zamazenta-*|
|poke|p2|Cinderace, M|
|poke|p2|Deoxys-Speed|
|teampreview
|
|t:|1760857688
|teamsize|p1|6
|teamsize|p2|6
|start
|switch|p1a: Clefable|Clefable, M|100/100
|switch|p2a: The Writer|Ogerpon-Wellspring, F|100/100
|turn|1
|inactive|Battle timer is ON: inactive players will automatically lose when time's up. (requested by undertalethemovie)
|inactive|KennytheslugSmith also wants the timer to be on.
|
|t:|1760857694
|move|p1a: Clefable|Protect|p1a: Clefable
|-singleturn|p1a: Clefable|Protect
|move|p2a: The Writer|U-turn|p1a: Clefable
|-activate|p1a: Clefable|move: Protect
|
|upkeep
|turn|2
|
|t:|1760857700
|move|p2a: The Writer|U-turn|p1a: Clefable
|-resisted|p1a: Clefable
|-damage|p1a: Clefable|90/100
|
|t:|1760857706
|switch|p2a: Mumbo|Clodsire, F|100/100|[from] U-turn
|-item|p2a: Mumbo|Air Balloon
|move|p1a: Clefable|Knock Off|p2a: Mumbo
|-damage|p2a: Mumbo|85/100
|-enditem|p2a: Mumbo|Air Balloon
|
|upkeep
|turn|3
|
|t:|1760857718
|switch|p1a: Skarmory|Skarmory, F|100/100
|move|p2a: Mumbo|Toxic|p1a: Skarmory
|-immune|p1a: Skarmory
|
|upkeep
|turn|4
|
|t:|1760857725
|switch|p2a: The Writer|Ogerpon-Wellspring, F|100/100
|-item|p2a: The Writer|Air Balloon
|move|p1a: Skarmory|Spikes|p2a: The Writer
|-sidestart|p2: undertalethemovie|Spikes
|
|upkeep
|turn|5
|
|t:|1760857735
|switch|p1a: Clodsire|Clodsire, M|100/100
|move|p2a: The Writer|Will-O-Wisp|p1a: Clodsire
|-status|p1a: Clodsire|brn
|
|-damage|p1a: Clodsire|94/100 brn|[from] brn
|upkeep
|turn|6
|
|t:|1760857744
|move|p2a: The Writer|Detect|p2a: The Writer
|-singleturn|p2a: The Writer|Protect
|move|p1a: Clodsire|Toxic|p2a: The Writer
|-activate|p2a: The Writer|move: Protect
|
|-damage|p1a: Clodsire|88/100 brn|[from] brn
|upkeep
|turn|7
|
|t:|1760857754
|switch|p2a: Mumbo|Clodsire, F|85/100
|-damage|p2a: Mumbo|73/100|[from] Spikes
|move|p1a: Clodsire|Earthquake|p2a: Mumbo
|-supereffective|p2a: Mumbo
|-damage|p2a: Mumbo|43/100
|
|-damage|p1a: Clodsire|82/100 brn|[from] brn
|upkeep
|turn|8
|
|t:|1760857764
|switch|p1a: Skarmory|Skarmory, F|100/100
|-terastallize|p2a: Mumbo|Flying
|move|p2a: Mumbo|Recover|p2a: Mumbo
|-heal|p2a: Mumbo|93/100
|
|upkeep
|turn|9
|-message|undertalethemovie forfeited.
|
|win|KennytheslugSmith
|raw|KennytheslugSmith's rating: 1133 &rarr; <strong>1161</strong><br />(+28 for winning)
|raw|undertalethemovie's rating: 1175 &rarr; <strong>1147</strong><br />(-28 for losing)
|l|☆undertalethemovie
|player|p2|
