|j|☆Supa Dupa Hoopa
|j|☆LEITDOLONG
|t:|1760731618
|gametype|singles
|player|p1|Supa Dupa Hoopa|265|1493
|player|p2|LEITDOLONG|ethan|1488
|gen|9
|tier|[Gen 9] OU
|rated|
|rule|HP Percentage Mod: HP is shown in percentages
|rule|Endless Battle Clause: Forcing endless battles is banned
|rule|Species Clause: Limit one of each Pokémon
|rule|OHKO Clause: OHKO moves are banned
|rule|Evasion Items Clause: Evasion items are banned
|rule|Evasion Moves Clause: Evasion moves are banned
|rule|Evasion Abilities Clause: Evasion abilities are banned
|rule|Sleep Moves Clause: Sleep-inducing moves are banned
|clearpoke
|poke|p1|Samurott-Hisui, F|
|poke|p1|Dragapult, F|
|poke|p1|Corviknight, F|
|poke|p1|Clodsire, F|
|poke|p1|Meowscarada, F|
|poke|p1|Toxtricity-Low-Key, M|
|poke|p2|Araquanid, M|
|poke|p2|Lokix, M|
|poke|p2|Great Tusk|
|poke|p2|Raging Bolt|
|poke|p2|Alomomola, F|
|poke|p2|Iron Crown|
|teampreview
|inactive|Battle timer is ON: inactive players will automatically lose when time's up. (requested by LEITDOLONG)
|j| tars0
|
|t:|1760731623
|teamsize|p1|6
|teamsize|p2|6
|start
|switch|p1a: Samurott|Samurott-Hisui, F|100/100
|switch|p2a: Araquanid|Araquanid, M|100/100
|turn|1
|
|t:|1760731628
|move|p1a: Samurott|Ceaseless Edge|p2a: Araquanid
|-damage|p2a: Araquanid|58/100
|-damage|p1a: Samurott|84/100|[from] item: Rocky Helmet|[of] p2a: Araquanid
|-sidestart|p2: LEITDOLONG|Spikes
|move|p2a: Araquanid|Leech Life|p1a: Samurott
|-supereffective|p1a: Samurott
|-damage|p1a: Samurott|21/100
|-heal|p2a: Araquanid|93/100|[from] drain|[of] p1a: Samurott
|
|-heal|p1a: Samurott|28/100|[from] item: Leftovers
|upkeep
|turn|2
|
|t:|1760731639
|move|p1a: Samurott|Flip Turn|p2a: Araquanid
|-resisted|p2a: Araquanid
|-damage|p2a: Araquanid|81/100
|-damage|p1a: Samurott|11/100|[from] item: Rocky Helmet|[of] p2a: Araquanid
|
|t:|1760731643
|switch|p1a: Toxtricity|Toxtricity-Low-Key, M|100/100|[from] Flip Turn
|move|p2a: Araquanid|Liquidation|p1a: Toxtricity
|-damage|p1a: Toxtricity|3/100
|-unboost|p1a: Toxtricity|def|1
|
|upkeep
|turn|3
|
|t:|1760731651
|switch|p2a: Great Tusk|Great Tusk|100/100
|-damage|p2a: Great Tusk|88/100|[from] Spikes
|move|p1a: Toxtricity|Overdrive|p2a: Great Tusk
|-immune|p2a: Great Tusk
|
|-heal|p2a: Great Tusk|94/100|[from] item: Leftovers
|upkeep
|turn|4
|
|t:|1760731659
|switch|p1a: Dragapult|Dragapult, F|100/100
|move|p2a: Great Tusk|Knock Off|p1a: Dragapult
|-supereffective|p1a: Dragapult
|-damage|p1a: Dragapult|8/100
|-enditem|p1a: Dragapult|Choice Specs|[from] move: Knock Off|[of] p2a: Great Tusk
|
|-heal|p2a: Great Tusk|100/100|[from] item: Leftovers
|upkeep
|turn|5
|
|t:|1760731671
|-end|p2a: Great Tusk|Protosynthesis|[silent]
|switch|p2a: Iron Crown|Iron Crown|100/100
|-damage|p2a: Iron Crown|88/100|[from] Spikes
|move|p1a: Dragapult|Will-O-Wisp|p2a: Iron Crown
|-status|p2a: Iron Crown|brn
|
|-heal|p2a: Iron Crown|94/100 brn|[from] item: Leftovers
|-damage|p2a: Iron Crown|88/100 brn|[from] brn
|upkeep
|turn|6
|
|t:|1760731680
|-end|p2a: Iron Crown|Quark Drive|[silent]
|switch|p2a: Alomomola|Alomomola, F|100/100
|-damage|p2a: Alomomola|88/100|[from] Spikes
|move|p1a: Dragapult|Shadow Ball|p2a: Alomomola
|-damage|p2a: Alomomola|47/100
|-unboost|p2a: Alomomola|spd|1
|
|-heal|p2a: Alomomola|53/100|[from] item: Leftovers
|upkeep
|turn|7
|
|t:|1760731692
|switch|p2a: Raging Bolt|Raging Bolt|100/100
|-damage|p2a: Raging Bolt|88/100|[from] Spikes
|move|p1a: Dragapult|Will-O-Wisp|p2a: Raging Bolt
|-status|p2a: Raging Bolt|brn
|
|-damage|p2a: Raging Bolt|82/100 brn|[from] brn
|upkeep
|turn|8
|
|t:|1760731701
|switch|p1a: Clodsire|Clodsire, F|100/100
|move|p2a: Raging Bolt|Thunderclap||[still]
|-fail|p2a: Raging Bolt
|
|-damage|p2a: Raging Bolt|76/100 brn|[from] brn
|upkeep
|turn|9
|
|t:|1760731708
|-end|p2a: Raging Bolt|Protosynthesis|[silent]
|switch|p2a: Araquanid|Araquanid, M|81/100
|-damage|p2a: Araquanid|68/100|[from] Spikes
|move|p1a: Clodsire|Toxic|p2a: Araquanid
|-status|p2a: Araquanid|tox
|
|-damage|p2a: Araquanid|62/100 tox|[from] psn
|upkeep
|turn|10
|
|t:|1760731716
|move|p2a: Araquanid|Sticky Web|p1a: Clodsire
|-sidestart|p1: Supa Dupa Hoopa|move: Sticky Web
|move|p1a: Clodsire|Stealth Rock|p2a: Araquanid
|-sidestart|p2: LEITDOLONG|move: Stealth Rock
|
|-damage|p2a: Araquanid|50/100 tox|[from] psn
|upkeep
|turn|11
|
|t:|1760731722
|move|p2a: Araquanid|Liquidation|p1a: Clodsire
|-immune|p1a: Clodsire|[from] ability: Water Absorb
|move|p1a: Clodsire|Toxic|p2a: Araquanid
|-fail|p2a: Araquanid|tox
|
|-damage|p2a: Araquanid|31/100 tox|[from] psn
|upkeep
|turn|12
|l| tars0
|
|t:|1760731729
|move|p2a: Araquanid|Leech Life|p1a: Clodsire
|-resisted|p1a: Clodsire
|-damage|p1a: Clodsire|84/100
|-heal|p2a: Araquanid|42/100 tox|[from] drain|[of] p1a: Clodsire
|move|p1a: Clodsire|Toxic|p2a: Araquanid
|-fail|p2a: Araquanid|tox
|
|-heal|p1a: Clodsire|91/100|[from] item: Leftovers
|-damage|p2a: Araquanid|18/100 tox|[from] psn
|upkeep
|turn|13
|
|t:|1760731740
|switch|p1a: Corviknight|Corviknight, F|100/100
|-ability|p1a: Corviknight|Pressure
|move|p2a: Araquanid|Leech Life|p1a: Corviknight
|-resisted|p1a: Corviknight
|-damage|p1a: Corviknight|96/100
|-heal|p2a: Araquanid|20/100 tox|[from] drain|[of] p1a: Corviknight
|
|-heal|p1a: Corviknight|100/100|[from] item: Leftovers
|-damage|p2a: Araquanid|0 fnt|[from] psn
|faint|p2a: Araquanid
|upkeep
|
|t:|1760731742
|switch|p2a: Great Tusk|Great Tusk|100/100
|-damage|p2a: Great Tusk|88/100|[from] Spikes
|-damage|p2a: Great Tusk|85/100|[from] Stealth Rock
|turn|14
|
|t:|1760731756
|switch|p1a: Dragapult|Dragapult, F|8/100
|-activate|p1a: Dragapult|move: Sticky Web
|-fail|p1a: Dragapult|unboost|[from] ability: Clear Body|[of] p1a: Dragapult
|move|p2a: Great Tusk|Headlong Rush|p1a: Dragapult
|-damage|p1a: Dragapult|0 fnt
|-unboost|p2a: Great Tusk|def|1
|-unboost|p2a: Great Tusk|spd|1
|faint|p1a: Dragapult
|
|-heal|p2a: Great Tusk|91/100|[from] item: Leftovers
|upkeep
|
|t:|1760731766
|switch|p1a: Meowscarada|Meowscarada, F|100/100
|-activate|p1a: Meowscarada|move: Sticky Web
|-unboost|p1a: Meowscarada|spe|1
|turn|15
|
|t:|1760731771
|-terastallize|p2a: Great Tusk|Steel
|move|p1a: Meowscarada|Flower Trick|p2a: Great Tusk
|-start|p1a: Meowscarada|typechange|Grass|[from] ability: Protean
|-resisted|p2a: Great Tusk
|-crit|p2a: Great Tusk
|-damage|p2a: Great Tusk|66/100
|move|p2a: Great Tusk|Rapid Spin|p1a: Meowscarada
|-damage|p1a: Meowscarada|73/100
|-boost|p2a: Great Tusk|spe|1
|-sideend|p2: LEITDOLONG|Spikes|[from] move: Rapid Spin|[of] p2a: Great Tusk
|-sideend|p2: LEITDOLONG|Stealth Rock|[from] move: Rapid Spin|[of] p2a: Great Tusk
|
|-heal|p2a: Great Tusk|72/100|[from] item: Leftovers
|upkeep
|turn|16
|
|t:|1760731783
|switch|p1a: Corviknight|Corviknight, F|100/100
|-ability|p1a: Corviknight|Pressure
|move|p2a: Great Tusk|Close Combat|p1a: Corviknight
|-damage|p1a: Corviknight|61/100
|-unboost|p2a: Great Tusk|def|1
|-unboost|p2a: Great Tusk|spd|1
|
|-heal|p2a: Great Tusk|79/100|[from] item: Leftovers
|-heal|p1a: Corviknight|67/100|[from] item: Leftovers
|upkeep
|turn|17
|
|t:|1760731795
|-end|p2a: Great Tusk|Protosynthesis|[silent]
|switch|p2a: Alomomola|Alomomola, F|86/100
|move|p1a: Corviknight|Bulk Up|p1a: Corviknight
|-boost|p1a: Corviknight|atk|1
|-boost|p1a: Corviknight|def|1
|
|-heal|p1a: Corviknight|74/100|[from] item: Leftovers
|-heal|p2a: Alomomola|93/100|[from] item: Leftovers
|upkeep
|turn|18
|
|t:|1760731803
|move|p1a: Corviknight|Bulk Up|p1a: Corviknight
|-boost|p1a: Corviknight|atk|1
|-boost|p1a: Corviknight|def|1
|move|p2a: Alomomola|Scald|p1a: Corviknight
|-crit|p1a: Corviknight
|-damage|p1a: Corviknight|52/100
|
|-heal|p1a: Corviknight|59/100|[from] item: Leftovers
|-heal|p2a: Alomomola|99/100|[from] item: Leftovers
|upkeep
|turn|19
|
|t:|1760731818
|move|p1a: Corviknight|Bulk Up|p1a: Corviknight
|-boost|p1a: Corviknight|atk|1
|-boost|p1a: Corviknight|def|1
|move|p2a: Alomomola|Wish|p2a: Alomomola
|
|-heal|p1a: Corviknight|65/100|[from] item: Leftovers
|-heal|p2a: Alomomola|100/100|[from] item: Leftovers
|upkeep
|turn|20
|
|t:|1760731828
|move|p1a: Corviknight|Power Trip|p2a: Alomomola
|-damage|p2a: Alomomola|63/100
|move|p2a: Alomomola|Flip Turn|p1a: Corviknight
|-damage|p1a: Corviknight|61/100
|
|t:|1760731831
|switch|p2a: Raging Bolt|Raging Bolt|76/100 brn|[from] Flip Turn
|
|-heal|p2a: Raging Bolt|100/100 brn|[from] move: Wish|[wisher] Alomomola
|-heal|p1a: Corviknight|67/100|[from] item: Leftovers
|-damage|p2a: Raging Bolt|94/100 brn|[from] brn
|upkeep
|turn|21
|
|t:|1760731845
|move|p2a: Raging Bolt|Volt Switch|p1a: Corviknight
|-supereffective|p1a: Corviknight
|-damage|p1a: Corviknight|0 fnt
|faint|p1a: Corviknight
|-message|Supa Dupa Hoopa forfeited.
|
|win|LEITDOLONG
|raw|Supa Dupa Hoopa's rating: 1493 &rarr; <strong>1473</strong><br />(-20 for losing)
|raw|LEITDOLONG's rating: 1488 &rarr; <strong>1508</strong><br />(+20 for winning)
|l|☆LEITDOLONG
|player|p2|
