|j|☆beebeebaobao
|j|☆Crogenius2
|t:|1760721516
|gametype|singles
|player|p1|beebeebaobao|twins-gen4dp|1548
|player|p2|Crogenius2|wattson|1560
|gen|9
|tier|[Gen 9] OU
|rated|
|rule|HP Percentage Mod: HP is shown in percentages
|rule|Endless Battle Clause: Forcing endless battles is banned
|rule|Species Clause: Limit one of each Pokémon
|rule|OHKO Clause: OHKO moves are banned
|rule|Evasion Items Clause: Evasion items are banned
|rule|Evasion Moves Clause: Evasion moves are banned
|rule|Evasion Abilities Clause: Evasion abilities are banned
|rule|Sleep Moves Clause: Sleep-inducing moves are banned
|clearpoke
|poke|p1|Hatterene, F|
|poke|p1|Kyurem|
|poke|p1|Slowking-Galar, M|
|poke|p1|Ursaluna, M|
|poke|p1|Rillaboom, M|
|poke|p1|Kingambit, M|
|poke|p2|Vaporeon, F|
|poke|p2|Garchomp, M|
|poke|p2|Gholdengo|
|poke|p2|Darkrai|
|poke|p2|Scizor, F|
|poke|p2|Great Tusk|
|teampreview
|inactive|Battle timer is ON: inactive players will automatically lose when time's up. (requested by Crogenius2)
|
|t:|1760721525
|teamsize|p1|6
|teamsize|p2|6
|start
|switch|p1a: Kingambit|Kingambit, M|100/100
|switch|p2a: Scizor|Scizor, F|100/100
|turn|1
|
|t:|1760721536
|move|p2a: Scizor|U-turn|p1a: Kingambit
|-damage|p1a: Kingambit|60/100
|
|t:|1760721538
|switch|p2a: Garchomp|Garchomp, M|100/100|[from] U-turn
|move|p1a: Kingambit|Kowtow Cleave|p2a: Garchomp
|-damage|p2a: Garchomp|70/100
|-damage|p1a: Kingambit|47/100|[from] ability: Rough Skin|[of] p2a: Garchomp
|-damage|p1a: Kingambit|31/100|[from] item: Rocky Helmet|[of] p2a: Garchomp
|
|-heal|p1a: Kingambit|37/100|[from] item: Leftovers
|upkeep
|turn|2
|
|t:|1760721544
|-end|p1a: Kingambit|fallenundefined|[silent]
|switch|p1a: Hatterene|Hatterene, F|100/100
|move|p2a: Garchomp|Earthquake|p1a: Hatterene
|-damage|p1a: Hatterene|67/100
|
|upkeep
|turn|3
|
|t:|1760721551
|switch|p2a: Scizor|Scizor, F|100/100
|move|p1a: Hatterene|Draining Kiss|p2a: Scizor
|-resisted|p2a: Scizor
|-damage|p2a: Scizor|87/100
|-heal|p1a: Hatterene|78/100|[from] drain|[of] p2a: Scizor
|
|upkeep
|turn|4
|
|t:|1760721563
|switch|p1a: Kingambit|Kingambit, M|37/100
|move|p2a: Scizor|U-turn|p1a: Kingambit
|-damage|p1a: Kingambit|0 fnt
|faint|p1a: Kingambit
|-end|p1a: Kingambit|fallenundefined|[silent]
|
|t:|1760721567
|switch|p2a: Darkrai|Darkrai|100/100|[from] U-turn
|
|upkeep
|
|t:|1760721575
|switch|p1a: Rillaboom|Rillaboom, M|100/100
|-fieldstart|move: Grassy Terrain|[from] ability: Grassy Surge|[of] p1a: Rillaboom
|turn|5
|
|t:|1760721577
|switch|p2a: Garchomp|Garchomp, M|70/100
|switch|p1a: Ursaluna|Ursaluna, M|100/100
|
|-heal|p2a: Garchomp|76/100|[from] Grassy Terrain
|upkeep
|turn|6
|
|t:|1760721580
|move|p2a: Garchomp|Earthquake|p1a: Ursaluna
|-damage|p1a: Ursaluna|86/100
|move|p1a: Ursaluna|Bulk Up|p1a: Ursaluna
|-boost|p1a: Ursaluna|atk|1
|-boost|p1a: Ursaluna|def|1
|
|-heal|p2a: Garchomp|83/100|[from] Grassy Terrain
|-heal|p1a: Ursaluna|92/100|[from] Grassy Terrain
|-heal|p1a: Ursaluna|99/100|[from] item: Leftovers
|upkeep
|turn|7
|
|t:|1760721582
|move|p1a: Ursaluna|Ice Punch|p2a: Garchomp
|-supereffective|p2a: Garchomp
|-damage|p2a: Garchomp|0 fnt
|-damage|p1a: Ursaluna|86/100|[from] ability: Rough Skin|[of] p2a: Garchomp
|-damage|p1a: Ursaluna|69/100|[from] item: Rocky Helmet|[of] p2a: Garchomp
|faint|p2a: Garchomp
|
|-heal|p1a: Ursaluna|76/100|[from] Grassy Terrain
|-heal|p1a: Ursaluna|82/100|[from] item: Leftovers
|upkeep
|
|t:|1760721603
|switch|p2a: Darkrai|Darkrai|100/100
|turn|8
|
|t:|1760721609
|move|p1a: Ursaluna|Protect|p1a: Ursaluna
|-singleturn|p1a: Ursaluna|Protect
|move|p2a: Darkrai|Ice Beam|p1a: Ursaluna
|-activate|p1a: Ursaluna|move: Protect
|
|-heal|p1a: Ursaluna|88/100|[from] Grassy Terrain
|-heal|p1a: Ursaluna|94/100|[from] item: Leftovers
|upkeep
|turn|9
|
|t:|1760721612
|move|p2a: Darkrai|Ice Beam|p1a: Ursaluna
|-supereffective|p1a: Ursaluna
|-damage|p1a: Ursaluna|40/100
|move|p1a: Ursaluna|High Horsepower|p2a: Darkrai|[miss]
|-miss|p1a: Ursaluna|p2a: Darkrai
|
|-heal|p1a: Ursaluna|46/100|[from] Grassy Terrain
|-heal|p1a: Ursaluna|53/100|[from] item: Leftovers
|-fieldend|move: Grassy Terrain
|upkeep
|turn|10
|
|t:|1760721623
|move|p1a: Ursaluna|Protect|p1a: Ursaluna
|-singleturn|p1a: Ursaluna|Protect
|move|p2a: Darkrai|Ice Beam|p1a: Ursaluna
|-activate|p1a: Ursaluna|move: Protect
|
|-heal|p1a: Ursaluna|59/100|[from] item: Leftovers
|upkeep
|turn|11
|
|t:|1760721636
|switch|p1a: Slowking|Slowking-Galar, M|100/100
|move|p2a: Darkrai|Ice Beam|p1a: Slowking
|-damage|p1a: Slowking|74/100
|
|upkeep
|turn|12
|
|t:|1760721640
|switch|p2a: Scizor|Scizor, F|87/100
|-prepare|p1a: Slowking|Chilly Reception|[premajor]
|move|p1a: Slowking|Chilly Reception|p1a: Slowking
|-weather|Snowscape
|
|t:|1760721650
|switch|p1a: Ursaluna|Ursaluna, M|59/100|[from] Chilly Reception
|
|-weather|Snowscape|[upkeep]
|-heal|p1a: Ursaluna|65/100|[from] item: Leftovers
|upkeep
|turn|13
|
|t:|1760721654
|move|p1a: Ursaluna|Protect|p1a: Ursaluna
|-singleturn|p1a: Ursaluna|Protect
|move|p2a: Scizor|Bullet Punch|p1a: Ursaluna
|-activate|p1a: Ursaluna|move: Protect
|
|-weather|Snowscape|[upkeep]
|-heal|p1a: Ursaluna|71/100|[from] item: Leftovers
|upkeep
|turn|14
|
|t:|1760721659
|move|p2a: Scizor|Bullet Punch|p1a: Ursaluna
|-damage|p1a: Ursaluna|38/100
|move|p1a: Ursaluna|High Horsepower|p2a: Scizor
|-damage|p2a: Scizor|43/100
|
|-weather|Snowscape|[upkeep]
|-heal|p1a: Ursaluna|44/100|[from] item: Leftovers
|upkeep
|turn|15
|
|t:|1760721668
|switch|p2a: Darkrai|Darkrai|100/100
|move|p1a: Ursaluna|High Horsepower|p2a: Darkrai
|-damage|p2a: Darkrai|43/100
|
|-weather|Snowscape|[upkeep]
|-heal|p1a: Ursaluna|50/100|[from] item: Leftovers
|upkeep
|turn|16
|
|t:|1760721675
|-terastallize|p2a: Darkrai|Dark
|move|p1a: Ursaluna|Protect|p1a: Ursaluna
|-singleturn|p1a: Ursaluna|Protect
|move|p2a: Darkrai|Dark Pulse|p1a: Ursaluna
|-activate|p1a: Ursaluna|move: Protect
|
|-weather|none
|-heal|p1a: Ursaluna|56/100|[from] item: Leftovers
|upkeep
|turn|17
|inactive|beebeebaobao has 120 seconds left.
|
|t:|1760721708
|move|p2a: Darkrai|Dark Pulse|p1a: Ursaluna
|-damage|p1a: Ursaluna|6/100
|move|p1a: Ursaluna|High Horsepower|p2a: Darkrai
|-damage|p2a: Darkrai|0 fnt
|faint|p2a: Darkrai
|
|-heal|p1a: Ursaluna|12/100|[from] item: Leftovers
|upkeep
|
|t:|1760721711
|switch|p2a: Great Tusk|Great Tusk|100/100
|turn|18
|
|t:|1760721721
|move|p2a: Great Tusk|Rapid Spin|p1a: Ursaluna
|-damage|p1a: Ursaluna|0 fnt
|-boost|p2a: Great Tusk|spe|1
|faint|p1a: Ursaluna
|
|upkeep
|
|t:|1760721722
|switch|p1a: Hatterene|Hatterene, F|78/100
|turn|19
|
|t:|1760721734
|-end|p2a: Great Tusk|Protosynthesis|[silent]
|switch|p2a: Gholdengo|Gholdengo|100/100
|move|p1a: Hatterene|Psychic Noise|p2a: Gholdengo
|-resisted|p2a: Gholdengo
|-damage|p2a: Gholdengo|80/100
|-start|p2a: Gholdengo|move: Heal Block
|
|upkeep
|turn|20
|
|t:|1760721739
|switch|p1a: Slowking|Slowking-Galar, M|100/100
|move|p2a: Gholdengo|Shadow Ball|p1a: Slowking
|-supereffective|p1a: Slowking
|-damage|p1a: Slowking|51/100
|
|-end|p2a: Gholdengo|move: Heal Block
|upkeep
|turn|21
|
|t:|1760721744
|move|p2a: Gholdengo|Shadow Ball|p1a: Slowking
|-supereffective|p1a: Slowking
|-damage|p1a: Slowking|0 fnt
|faint|p1a: Slowking
|
|upkeep
|
|t:|1760721747
|switch|p1a: Rillaboom|Rillaboom, M|100/100
|-fieldstart|move: Grassy Terrain|[from] ability: Grassy Surge|[of] p1a: Rillaboom
|turn|22
|
|t:|1760721753
|move|p2a: Gholdengo|Shadow Ball|p1a: Rillaboom
|-damage|p1a: Rillaboom|48/100
|move|p1a: Rillaboom|U-turn|p2a: Gholdengo
|-resisted|p2a: Gholdengo
|-damage|p2a: Gholdengo|69/100
|
|t:|1760721758
|switch|p1a: Kyurem|Kyurem|100/100|[from] U-turn
|-ability|p1a: Kyurem|Pressure
|
|-heal|p2a: Gholdengo|75/100|[from] Grassy Terrain
|upkeep
|turn|23
|
|t:|1760721762
|move|p2a: Gholdengo|Shadow Ball|p1a: Kyurem
|-damage|p1a: Kyurem|63/100
|move|p1a: Kyurem|Earth Power|p2a: Gholdengo
|-supereffective|p2a: Gholdengo
|-damage|p2a: Gholdengo|3/100
|
|-heal|p2a: Gholdengo|9/100|[from] Grassy Terrain
|-heal|p1a: Kyurem|69/100|[from] Grassy Terrain
|-heal|p1a: Kyurem|75/100|[from] item: Leftovers
|upkeep
|turn|24
|
|t:|1760721768
|move|p1a: Kyurem|Protect|p1a: Kyurem
|-singleturn|p1a: Kyurem|Protect
|move|p2a: Gholdengo|Shadow Ball|p1a: Kyurem
|-activate|p1a: Kyurem|move: Protect
|
|-heal|p2a: Gholdengo|15/100|[from] Grassy Terrain
|-heal|p1a: Kyurem|82/100|[from] Grassy Terrain
|-heal|p1a: Kyurem|88/100|[from] item: Leftovers
|upkeep
|turn|25
|
|t:|1760721771
|move|p2a: Gholdengo|Shadow Ball|p1a: Kyurem
|-damage|p1a: Kyurem|52/100
|move|p1a: Kyurem|Earth Power|p2a: Gholdengo
|-supereffective|p2a: Gholdengo
|-damage|p2a: Gholdengo|0 fnt
|faint|p2a: Gholdengo
|
|-heal|p1a: Kyurem|58/100|[from] Grassy Terrain
|-heal|p1a: Kyurem|64/100|[from] item: Leftovers
|upkeep
|
|t:|1760721773
|switch|p2a: Scizor|Scizor, F|43/100
|turn|26
|
|t:|1760721777
|move|p1a: Kyurem|Protect|p1a: Kyurem
|-singleturn|p1a: Kyurem|Protect
|move|p2a: Scizor|Bullet Punch|p1a: Kyurem
|-activate|p1a: Kyurem|move: Protect
|
|-heal|p1a: Kyurem|71/100|[from] Grassy Terrain
|-heal|p1a: Kyurem|77/100|[from] item: Leftovers
|-heal|p2a: Scizor|49/100|[from] Grassy Terrain
|-fieldend|move: Grassy Terrain
|upkeep
|turn|27
|
|t:|1760721781
|-terastallize|p1a: Kyurem|Ground
|move|p2a: Scizor|Bullet Punch|p1a: Kyurem
|-damage|p1a: Kyurem|26/100
|move|p1a: Kyurem|Earth Power|p2a: Scizor
|-damage|p2a: Scizor|0 fnt
|faint|p2a: Scizor
|
|-heal|p1a: Kyurem|32/100|[from] item: Leftovers
|upkeep
|
|t:|1760721785
|switch|p2a: Vaporeon|Vaporeon, F|100/100
|turn|28
|
|t:|1760721793
|switch|p1a: Hatterene|Hatterene, F|78/100
|move|p2a: Vaporeon|Wish|p2a: Vaporeon
|
|upkeep
|turn|29
|
|t:|1760721801
|move|p2a: Vaporeon|Calm Mind|p2a: Vaporeon
|-boost|p2a: Vaporeon|spa|1
|-boost|p2a: Vaporeon|spd|1
|move|p1a: Hatterene|Nuzzle|p2a: Vaporeon
|-supereffective|p2a: Vaporeon
|-damage|p2a: Vaporeon|91/100
|-status|p2a: Vaporeon|par
|
|-heal|p2a: Vaporeon|100/100 par|[from] move: Wish|[wisher] Vaporeon
|upkeep
|turn|30
|
|t:|1760721804
|move|p1a: Hatterene|Psychic Noise|p2a: Vaporeon
|-damage|p2a: Vaporeon|89/100 par
|-start|p2a: Vaporeon|move: Heal Block
|move|p2a: Vaporeon|Scald|p1a: Hatterene
|-damage|p1a: Hatterene|28/100
|
|upkeep
|turn|31
|
|t:|1760721810
|move|p1a: Hatterene|Draining Kiss|p2a: Vaporeon
|-damage|p2a: Vaporeon|80/100 par
|-heal|p1a: Hatterene|38/100|[from] drain|[of] p2a: Vaporeon
|move|p2a: Vaporeon|Calm Mind|p2a: Vaporeon
|-boost|p2a: Vaporeon|spa|1
|-boost|p2a: Vaporeon|spd|1
|
|-end|p2a: Vaporeon|move: Heal Block
|upkeep
|turn|32
|
|t:|1760721815
|move|p2a: Vaporeon|Protect|p2a: Vaporeon
|-singleturn|p2a: Vaporeon|Protect
|move|p1a: Hatterene|Pain Split|p2a: Vaporeon
|-activate|p2a: Vaporeon|move: Protect
|
|-heal|p2a: Vaporeon|87/100 par|[from] item: Leftovers
|upkeep
|turn|33
|
|t:|1760721819
|move|p1a: Hatterene|Pain Split|p2a: Vaporeon
|-sethp|p2a: Vaporeon|56/100 par|[from] move: Pain Split|[silent]
|-sethp|p1a: Hatterene|82/100|[from] move: Pain Split
|move|p2a: Vaporeon|Scald|p1a: Hatterene
|-damage|p1a: Hatterene|18/100
|
|-heal|p2a: Vaporeon|63/100 par|[from] item: Leftovers
|upkeep
|turn|34
|
|t:|1760721825
|switch|p2a: Great Tusk|Great Tusk|100/100
|move|p1a: Hatterene|Psychic Noise|p2a: Great Tusk
|-supereffective|p2a: Great Tusk
|-damage|p2a: Great Tusk|1/100
|-start|p2a: Great Tusk|move: Heal Block
|
|upkeep
|turn|35
|
|t:|1760721833
|move|p2a: Great Tusk|Rapid Spin|p1a: Hatterene
|-damage|p1a: Hatterene|4/100
|-boost|p2a: Great Tusk|spe|1
|-damage|p2a: Great Tusk|0 fnt|[from] item: Rocky Helmet|[of] p1a: Hatterene
|faint|p2a: Great Tusk
|-end|p2a: Great Tusk|Protosynthesis|[silent]
|move|p1a: Hatterene|Psychic Noise|p2: Great Tusk|[notarget]
|-fail|p1a: Hatterene
|
|upkeep
|-message|Crogenius2 forfeited.
|
|win|beebeebaobao
|raw|beebeebaobao's rating: 1548 &rarr; <strong>1569</strong><br />(+21 for winning)
|raw|Crogenius2's rating: 1560 &rarr; <strong>1539</strong><br />(-21 for losing)
|l|☆Crogenius2
|player|p2|
|l|☆beebeebaobao
|player|p1|
