|badge|p1|bronze|gen9ubers|100-7
|uhtml|medal-msg|<div class="broadcast-blue">Curious what those medals under the avatar are? PS now has Ladder Seasons! For more information, check out the <a href="https://www.smogon.com/forums/threads/3740067/">thread on Smogon.</a></div>
|j|☆Nikator98
|j|☆powerfull_rock
|t:|1760792642
|gametype|singles
|player|p1|Nikator98|giovanni|1655
|player|p2|powerfull_rock|blackbelt|1711
|gen|9
|tier|[Gen 9] OU
|rated|
|rule|HP Percentage Mod: HP is shown in percentages
|rule|Endless Battle Clause: Forcing endless battles is banned
|rule|Species Clause: Limit one of each Pokémon
|rule|OHKO Clause: OHKO moves are banned
|rule|Evasion Items Clause: Evasion items are banned
|rule|Evasion Moves Clause: Evasion moves are banned
|rule|Evasion Abilities Clause: Evasion abilities are banned
|rule|Sleep Moves Clause: Sleep-inducing moves are banned
|clearpoke
|poke|p1|Metagross|
|poke|p1|Great Tusk|
|poke|p1|Haxorus, M|
|poke|p1|Iron Moth|
|poke|p1|Zoroark-Hisui, M|
|poke|p1|Ninetales-Alola, F|
|poke|p2|Clodsire, F|
|poke|p2|Conkeldurr, F|
|poke|p2|Enamorus, F|
|poke|p2|Ceruledge, M|
|poke|p2|Skarmory, M|
|poke|p2|Sinistcha|
|teampreview
|inactive|Battle timer is ON: inactive players will automatically lose when time's up. (requested by powerfull_rock)
|
|t:|1760792653
|teamsize|p1|6
|teamsize|p2|6
|start
|switch|p1a: Kumaryia|Great Tusk, shiny|100/100
|switch|p2a: Wide Shoulder|Conkeldurr, F, shiny|100/100
|turn|1
|
|t:|1760792659
|move|p1a: Kumaryia|Bitter Malice|p2a: Wide Shoulder
|-damage|p2a: Wide Shoulder|31/100
|-unboost|p2a: Wide Shoulder|atk|1
|move|p2a: Wide Shoulder|Knock Off|p1a: Kumaryia
|-supereffective|p1a: Kumaryia
|-crit|p1a: Kumaryia
|-damage|p1a: Kumaryia|0 fnt
|replace|p1a: Van Helsing|Zoroark-Hisui, M, shiny
|-end|p1a: Van Helsing|Illusion
|-enditem|p1a: Van Helsing|Choice Specs|[from] move: Knock Off|[of] p2a: Wide Shoulder
|faint|p1a: Van Helsing
|
|-status|p2a: Wide Shoulder|brn|[from] item: Flame Orb
|upkeep
|inactive|Nikator98 has 120 seconds left.
|
|t:|1760792694
|switch|p1a: Asfaloth|Ninetales-Alola, F, shiny|100/100
|-weather|Snowscape|[from] ability: Snow Warning|[of] p1a: Asfaloth
|turn|2
|
|t:|1760792700
|move|p1a: Asfaloth|Moonblast|p2a: Wide Shoulder
|-supereffective|p2a: Wide Shoulder
|-damage|p2a: Wide Shoulder|0 fnt
|faint|p2a: Wide Shoulder
|
|-weather|Snowscape|[upkeep]
|upkeep
|
|t:|1760792707
|switch|p2a: Clean Edge|Ceruledge, M|100/100
|turn|3
|
|t:|1760792712
|move|p1a: Asfaloth|Aurora Veil|p1a: Asfaloth
|-sidestart|p1: Nikator98|move: Aurora Veil
|move|p2a: Clean Edge|Bulk Up|p2a: Clean Edge
|-boost|p2a: Clean Edge|atk|1
|-boost|p2a: Clean Edge|def|1
|
|-weather|Snowscape|[upkeep]
|upkeep
|turn|4
|j| 3idk
|
|t:|1760792722
|move|p2a: Clean Edge|Shadow Sneak|p1a: Asfaloth
|-damage|p1a: Asfaloth|88/100
|move|p1a: Asfaloth|Encore|p2a: Clean Edge
|-start|p2a: Clean Edge|Encore
|
|-weather|Snowscape|[upkeep]
|upkeep
|turn|5
|
|t:|1760792738
|switch|p1a: Kumaryia|Great Tusk, shiny|100/100
|switch|p2a: Metal Wing|Skarmory, M|100/100
|
|-weather|Snowscape|[upkeep]
|upkeep
|turn|6
|
|t:|1760792748
|move|p1a: Kumaryia|Knock Off|p2a: Metal Wing
|-damage|p2a: Metal Wing|77/100
|-enditem|p2a: Metal Wing|Leftovers|[from] move: Knock Off|[of] p1a: Kumaryia
|move|p2a: Metal Wing|Brave Bird|p1a: Kumaryia
|-supereffective|p1a: Kumaryia
|-crit|p1a: Kumaryia
|-damage|p1a: Kumaryia|31/100
|-damage|p2a: Metal Wing|51/100|[from] Recoil
|
|-weather|none
|upkeep
|turn|7
|inactive|Nikator98 has 120 seconds left.
|
|t:|1760792780
|-end|p1a: Kumaryia|Protosynthesis|[silent]
|switch|p1a: Arquillian Sentry|Metagross|100/100
|move|p2a: Metal Wing|Roost|p2a: Metal Wing
|-heal|p2a: Metal Wing|100/100
|-singleturn|p2a: Metal Wing|move: Roost
|
|upkeep
|turn|8
|
|t:|1760792790
|move|p1a: Arquillian Sentry|Stealth Rock|p2a: Metal Wing
|-sidestart|p2: powerfull_rock|move: Stealth Rock
|move|p2a: Metal Wing|Spikes|p1a: Arquillian Sentry
|-sidestart|p1: Nikator98|Spikes
|
|upkeep
|turn|9
|
|t:|1760792803
|switch|p1a: Asfaloth|Ninetales-Alola, F, shiny|88/100
|-damage|p1a: Asfaloth|76/100|[from] Spikes
|-weather|Snowscape|[from] ability: Snow Warning|[of] p1a: Asfaloth
|move|p2a: Metal Wing|Spikes|p1a: Asfaloth
|-sidestart|p1: Nikator98|Spikes
|
|-weather|Snowscape|[upkeep]
|upkeep
|turn|10
|
|t:|1760792811
|move|p1a: Asfaloth|Freeze-Dry|p2a: Metal Wing
|-damage|p2a: Metal Wing|80/100
|move|p2a: Metal Wing|Spikes|p1a: Asfaloth
|-sidestart|p1: Nikator98|Spikes
|
|-weather|Snowscape|[upkeep]
|-sideend|p1: Nikator98|move: Aurora Veil
|upkeep
|turn|11
|
|t:|1760792818
|switch|p2a: Clean Edge|Ceruledge, M|100/100
|move|p1a: Asfaloth|Aurora Veil|p1a: Asfaloth
|-sidestart|p1: Nikator98|move: Aurora Veil
|
|-weather|Snowscape|[upkeep]
|upkeep
|turn|12
|
|t:|1760792824
|move|p1a: Asfaloth|Freeze-Dry|p2a: Clean Edge
|-resisted|p2a: Clean Edge
|-damage|p2a: Clean Edge|91/100
|move|p2a: Clean Edge|Bitter Blade|p1a: Asfaloth
|-supereffective|p1a: Asfaloth
|-damage|p1a: Asfaloth|42/100
|-heal|p2a: Clean Edge|100/100|[from] drain|[of] p1a: Asfaloth
|
|-weather|Snowscape|[upkeep]
|upkeep
|turn|13
|
|t:|1760792852
|move|p1a: Asfaloth|Encore|p2a: Clean Edge
|-start|p2a: Clean Edge|Encore
|move|p2a: Clean Edge|Bitter Blade|p1a: Asfaloth
|-supereffective|p1a: Asfaloth
|-damage|p1a: Asfaloth|7/100
|
|-weather|none
|upkeep
|turn|14
|
|t:|1760792859
|move|p1a: Asfaloth|Freeze-Dry|p2a: Clean Edge
|-resisted|p2a: Clean Edge
|-damage|p2a: Clean Edge|91/100
|move|p2a: Clean Edge|Bitter Blade|p1a: Asfaloth
|-supereffective|p1a: Asfaloth
|-damage|p1a: Asfaloth|0 fnt
|-heal|p2a: Clean Edge|94/100|[from] drain|[of] p1a: Asfaloth
|faint|p1a: Asfaloth
|
|upkeep
|
|t:|1760792867
|switch|p1a: Kumaryia|Great Tusk, shiny|31/100
|turn|15
|
|t:|1760792871
|switch|p2a: Broken Vessel|Sinistcha, shiny|100/100
|move|p1a: Kumaryia|Knock Off|p2a: Broken Vessel
|-supereffective|p2a: Broken Vessel
|-damage|p2a: Broken Vessel|48/100
|-enditem|p2a: Broken Vessel|Heavy-Duty Boots|[from] move: Knock Off|[of] p1a: Kumaryia
|
|upkeep
|turn|16
|
|t:|1760792895
|-terastallize|p1a: Kumaryia|Ice
|move|p1a: Kumaryia|Ice Spinner|p2a: Broken Vessel
|-supereffective|p2a: Broken Vessel
|-crit|p2a: Broken Vessel
|-damage|p2a: Broken Vessel|0 fnt
|faint|p2a: Broken Vessel
|
|upkeep
|
|t:|1760792899
|switch|p2a: Love Snake|Enamorus, F|100/100
|-damage|p2a: Love Snake|76/100|[from] Stealth Rock
|turn|17
|
|t:|1760792904
|-end|p1a: Kumaryia|Protosynthesis|[silent]
|switch|p1a: Arquillian Sentry|Metagross|100/100
|-damage|p1a: Arquillian Sentry|76/100|[from] Spikes
|move|p2a: Love Snake|Moonblast|p1a: Arquillian Sentry
|-resisted|p1a: Arquillian Sentry
|-damage|p1a: Arquillian Sentry|61/100
|
|-heal|p2a: Love Snake|82/100|[from] item: Leftovers
|upkeep
|turn|18
|
|t:|1760792914
|move|p2a: Love Snake|Substitute|p2a: Love Snake
|-start|p2a: Love Snake|Substitute
|-damage|p2a: Love Snake|57/100
|move|p1a: Arquillian Sentry|Meteor Mash|p2a: Love Snake
|-supereffective|p2a: Love Snake
|-end|p2a: Love Snake|Substitute
|
|-heal|p2a: Love Snake|63/100|[from] item: Leftovers
|-sideend|p1: Nikator98|move: Aurora Veil
|upkeep
|turn|19
|
|t:|1760792922
|switch|p2a: Metal Wing|Skarmory, M|80/100
|-damage|p2a: Metal Wing|67/100|[from] Stealth Rock
|move|p1a: Arquillian Sentry|Psychic Fangs|p2a: Metal Wing
|-resisted|p2a: Metal Wing
|-damage|p2a: Metal Wing|47/100
|
|upkeep
|turn|20
|
|t:|1760792929
|move|p1a: Arquillian Sentry|Meteor Mash|p2a: Metal Wing
|-resisted|p2a: Metal Wing
|-crit|p2a: Metal Wing
|-damage|p2a: Metal Wing|17/100
|move|p2a: Metal Wing|Roost|p2a: Metal Wing
|-heal|p2a: Metal Wing|67/100
|-singleturn|p2a: Metal Wing|move: Roost
|
|upkeep
|turn|21
|
|t:|1760792937
|move|p1a: Arquillian Sentry|Meteor Mash|p2a: Metal Wing
|-resisted|p2a: Metal Wing
|-damage|p2a: Metal Wing|48/100
|move|p2a: Metal Wing|Whirlwind|p1a: Arquillian Sentry
|drag|p1a: Gothmog|Iron Moth|100/100
|-damage|p1a: Gothmog|76/100|[from] Spikes
|-enditem|p1a: Gothmog|Booster Energy
|-activate|p1a: Gothmog|ability: Quark Drive|[fromitem]
|-start|p1a: Gothmog|quarkdrivespe
|
|upkeep
|turn|22
|
|t:|1760792946
|switch|p2a: Clean Edge|Ceruledge, M|94/100
|move|p1a: Gothmog|Fiery Dance|p2a: Clean Edge
|-start|p2a: Clean Edge|ability: Flash Fire
|
|upkeep
|turn|23
|
|t:|1760792958
|-end|p1a: Gothmog|Quark Drive|[silent]
|switch|p1a: Lacelle|Haxorus, M|100/100
|-damage|p1a: Lacelle|76/100|[from] Spikes
|-ability|p1a: Lacelle|Mold Breaker
|move|p2a: Clean Edge|Bulk Up|p2a: Clean Edge
|-boost|p2a: Clean Edge|atk|1
|-boost|p2a: Clean Edge|def|1
|
|upkeep
|turn|24
|
|t:|1760792970
|-terastallize|p2a: Clean Edge|Bug
|move|p1a: Lacelle|Scale Shot|p2a: Clean Edge
|-damage|p2a: Clean Edge|83/100
|-damage|p2a: Clean Edge|73/100
|-damage|p2a: Clean Edge|61/100
|-damage|p2a: Clean Edge|50/100
|-hitcount|p2a: Clean Edge|4
|-unboost|p1a: Lacelle|def|1
|-boost|p1a: Lacelle|spe|1
|move|p2a: Clean Edge|Poltergeist|p1a: Lacelle
|-activate|p1a: Lacelle|move: Poltergeist|Loaded Dice
|-damage|p1a: Lacelle|0 fnt
|faint|p1a: Lacelle
|
|upkeep
|
|t:|1760792995
|switch|p1a: Kumaryia|Great Tusk, shiny, tera:Ice|31/100
|turn|25
|
|t:|1760792999
|move|p1a: Kumaryia|Ice Spinner|p2a: Clean Edge
|-damage|p2a: Clean Edge|20/100
|move|p2a: Clean Edge|Bitter Blade|p1a: Kumaryia
|-supereffective|p1a: Kumaryia
|-damage|p1a: Kumaryia|0 fnt
|-heal|p2a: Clean Edge|36/100|[from] drain|[of] p1a: Kumaryia
|faint|p1a: Kumaryia
|-end|p1a: Kumaryia|Protosynthesis|[silent]
|
|upkeep
|
|t:|1760793008
|switch|p1a: Gothmog|Iron Moth|76/100
|-damage|p1a: Gothmog|51/100|[from] Spikes
|turn|26
|
|t:|1760793014
|move|p1a: Gothmog|Sludge Wave|p2a: Clean Edge
|-damage|p2a: Clean Edge|0 fnt
|faint|p2a: Clean Edge
|
|upkeep
|
|t:|1760793016
|switch|p2a: Fat Body|Clodsire, F, shiny|100/100
|-damage|p2a: Fat Body|94/100|[from] Stealth Rock
|turn|27
|
|t:|1760793027
|-end|p1a: Gothmog|Quark Drive|[silent]
|switch|p1a: Arquillian Sentry|Metagross|61/100
|-damage|p1a: Arquillian Sentry|36/100|[from] Spikes
|move|p2a: Fat Body|Earthquake|p1a: Arquillian Sentry
|-supereffective|p1a: Arquillian Sentry
|-damage|p1a: Arquillian Sentry|0 fnt
|faint|p1a: Arquillian Sentry
|
|-heal|p2a: Fat Body|100/100|[from] item: Leftovers
|upkeep
|-message|Nikator98 forfeited.
|
|win|powerfull_rock
|raw|Nikator98's rating: 1655 &rarr; <strong>1638</strong><br />(-17 for losing)
|raw|powerfull_rock's rating: 1711 &rarr; <strong>1728</strong><br />(+17 for winning)
|l|☆Nikator98
|player|p1|
|l|☆powerfull_rock
|player|p2|
