|j|☆mlap3000
|j|☆the same as here
|t:|1760752131
|gametype|singles
|player|p1|mlap3000|volkner|1416
|player|p2|the same as here|janitor|1393
|gen|9
|tier|[Gen 9] OU
|rated|
|rule|HP Percentage Mod: HP is shown in percentages
|rule|Endless Battle Clause: Forcing endless battles is banned
|rule|Species Clause: Limit one of each Pokémon
|rule|OHKO Clause: OHKO moves are banned
|rule|Evasion Items Clause: Evasion items are banned
|rule|Evasion Moves Clause: Evasion moves are banned
|rule|Evasion Abilities Clause: Evasion abilities are banned
|rule|Sleep Moves Clause: Sleep-inducing moves are banned
|clearpoke
|poke|p1|Primarina, F|
|poke|p1|Cinderace, M|
|poke|p1|Garchomp, M|
|poke|p1|Gliscor, F|
|poke|p1|Zamazenta-*|
|poke|p1|Darkrai|
|poke|p2|Gholdengo|
|poke|p2|Samurott-Hisui, M|
|poke|p2|Slowking-Galar, M|
|poke|p2|Zamazenta-*|
|poke|p2|Landorus-Therian, M|
|poke|p2|Great Tusk|
|teampreview
|
|t:|1760752159
|teamsize|p1|6
|teamsize|p2|6
|start
|switch|p1a: Primarina|Primarina, F|100/100
|switch|p2a: Great Tusk|Great Tusk|100/100
|turn|1
|inactive|Battle timer is ON: inactive players will automatically lose when time's up. (requested by mlap3000)
|
|t:|1760752165
|-end|p2a: Great Tusk|Protosynthesis|[silent]
|switch|p2a: Slowking|Slowking-Galar, M|100/100
|move|p1a: Primarina|Surf|p2a: Slowking
|-damage|p2a: Slowking|73/100
|
|upkeep
|turn|2
|
|t:|1760752177
|move|p1a: Primarina|Shadow Ball|p2a: Slowking
|-supereffective|p2a: Slowking
|-damage|p2a: Slowking|41/100
|-unboost|p2a: Slowking|spd|1
|move|p2a: Slowking|Future Sight|p1a: Primarina
|-start|p2a: Slowking|move: Future Sight
|
|upkeep
|turn|3
|inactive|the same as here has 120 seconds left.
|
|t:|1760752217
|switch|p2a: Samurott|Samurott-Hisui, M|100/100
|move|p1a: Primarina|Shadow Ball|p2a: Samurott
|-resisted|p2a: Samurott
|-damage|p2a: Samurott|93/100
|
|upkeep
|turn|4
|inactive|the same as here has 120 seconds left.
|
|t:|1760752223
|move|p2a: Samurott|Flip Turn|p1a: Primarina
|-resisted|p1a: Primarina
|-damage|p1a: Primarina|86/100
|
|t:|1760752226
|switch|p2a: Slowking|Slowking-Galar, M|74/100|[from] Flip Turn
|move|p1a: Primarina|Moonblast|p2a: Slowking
|-resisted|p2a: Slowking
|-damage|p2a: Slowking|57/100
|-unboost|p2a: Slowking|spa|1
|
|-end|p1a: Primarina|move: Future Sight
|-damage|p1a: Primarina|67/100
|upkeep
|turn|5
|inactive|the same as here has 120 seconds left.
|
|t:|1760752249
|move|p1a: Primarina|Shadow Ball|p2a: Slowking
|-supereffective|p2a: Slowking
|-crit|p2a: Slowking
|-damage|p2a: Slowking|0 fnt
|faint|p2a: Slowking
|
|upkeep
|inactive|the same as here has 120 seconds left.
|inactive|the same as here has 90 seconds left.
|
|t:|1760752285
|switch|p2a: Landorus|Landorus-Therian, M|100/100
|-ability|p2a: Landorus|Intimidate|boost
|-unboost|p1a: Primarina|atk|1
|turn|6
|
|t:|1760752290
|move|p2a: Landorus|Stealth Rock|p1a: Primarina
|-sidestart|p1: mlap3000|move: Stealth Rock
|move|p1a: Primarina|Surf|p2a: Landorus
|-supereffective|p2a: Landorus
|-damage|p2a: Landorus|0 fnt
|faint|p2a: Landorus
|
|upkeep
|
|t:|1760752295
|switch|p2a: Samurott|Samurott-Hisui, M|93/100
|turn|7
|
|t:|1760752300
|move|p2a: Samurott|Knock Off|p1a: Primarina
|-resisted|p1a: Primarina
|-damage|p1a: Primarina|44/100
|-enditem|p1a: Primarina|Assault Vest|[from] move: Knock Off|[of] p2a: Samurott
|move|p1a: Primarina|Moonblast|p2a: Samurott
|-supereffective|p2a: Samurott
|-damage|p2a: Samurott|33/100
|
|upkeep
|turn|8
|
|t:|1760752309
|move|p2a: Samurott|Ceaseless Edge|p1a: Primarina
|-resisted|p1a: Primarina
|-damage|p1a: Primarina|20/100
|-sidestart|p1: mlap3000|Spikes
|move|p1a: Primarina|Moonblast|p2a: Samurott
|-supereffective|p2a: Samurott
|-damage|p2a: Samurott|0 fnt
|faint|p2a: Samurott
|
|upkeep
|
|t:|1760752327
|switch|p2a: Zamazenta|Zamazenta|100/100
|-ability|p2a: Zamazenta|Dauntless Shield|boost
|-boost|p2a: Zamazenta|def|1
|turn|9
|
|t:|1760752333
|move|p2a: Zamazenta|Close Combat|p1a: Primarina
|-resisted|p1a: Primarina
|-damage|p1a: Primarina|0 fnt
|-unboost|p2a: Zamazenta|def|1
|-unboost|p2a: Zamazenta|spd|1
|faint|p1a: Primarina
|
|upkeep
|inactive|mlap3000 has 120 seconds left.
|
|t:|1760752364
|switch|p1a: Garchomp|Garchomp, M|100/100
|-damage|p1a: Garchomp|94/100|[from] Stealth Rock
|-damage|p1a: Garchomp|82/100|[from] Spikes
|turn|10
|inactive|the same as here has 120 seconds left.
|
|t:|1760752376
|move|p2a: Zamazenta|Close Combat|p1a: Garchomp
|-damage|p1a: Garchomp|0 fnt
|-unboost|p2a: Zamazenta|def|1
|-unboost|p2a: Zamazenta|spd|1
|-damage|p2a: Zamazenta|88/100|[from] ability: Rough Skin|[of] p1a: Garchomp
|faint|p1a: Garchomp
|
|upkeep
|inactive|mlap3000 has 120 seconds left.
|
|t:|1760752419
|switch|p1a: Gliscor|Gliscor, F|100/100
|-damage|p1a: Gliscor|88/100|[from] Stealth Rock
|turn|11
|
|t:|1760752427
|switch|p2a: Gholdengo|Gholdengo|100/100
|-item|p2a: Gholdengo|Air Balloon
|move|p1a: Gliscor|Knock Off|p2a: Gholdengo
|-supereffective|p2a: Gholdengo
|-crit|p2a: Gholdengo
|-damage|p2a: Gholdengo|58/100
|-enditem|p2a: Gholdengo|Air Balloon
|
|-status|p1a: Gliscor|tox|[from] item: Toxic Orb
|upkeep
|turn|12
|inactive|the same as here has 120 seconds left.
|
|t:|1760752452
|move|p1a: Gliscor|Earthquake|p2a: Gholdengo
|-supereffective|p2a: Gholdengo
|-damage|p2a: Gholdengo|7/100
|move|p2a: Gholdengo|Hex|p1a: Gliscor
|-damage|p1a: Gliscor|38/100 tox
|
|-heal|p1a: Gliscor|50/100 tox|[from] ability: Poison Heal
|upkeep
|turn|13
|inactive|mlap3000 has 120 seconds left.
|
|t:|1760752460
|move|p1a: Gliscor|Knock Off|p2a: Gholdengo
|-supereffective|p2a: Gholdengo
|-damage|p2a: Gholdengo|0 fnt
|faint|p2a: Gholdengo
|
|-heal|p1a: Gliscor|63/100 tox|[from] ability: Poison Heal
|upkeep
|
|t:|1760752462
|switch|p2a: Great Tusk|Great Tusk|100/100
|turn|14
|
|t:|1760752470
|move|p2a: Great Tusk|Rapid Spin|p1a: Gliscor
|-damage|p1a: Gliscor|48/100 tox
|-boost|p2a: Great Tusk|spe|1
|move|p1a: Gliscor|Toxic|p2a: Great Tusk
|-status|p2a: Great Tusk|tox
|
|-damage|p2a: Great Tusk|94/100 tox|[from] psn
|-heal|p1a: Gliscor|60/100 tox|[from] ability: Poison Heal
|upkeep
|turn|15
|
|t:|1760752488
|move|p1a: Gliscor|Protect|p1a: Gliscor
|-singleturn|p1a: Gliscor|Protect
|move|p2a: Great Tusk|Ice Spinner|p1a: Gliscor
|-activate|p1a: Gliscor|move: Protect
|
|-damage|p2a: Great Tusk|82/100 tox|[from] psn
|-heal|p1a: Gliscor|73/100 tox|[from] ability: Poison Heal
|upkeep
|turn|16
|inactive|mlap3000 has 120 seconds left.
|
|t:|1760752508
|-terastallize|p1a: Gliscor|Water
|move|p2a: Great Tusk|Ice Spinner|p1a: Gliscor
|-resisted|p1a: Gliscor
|-damage|p1a: Gliscor|62/100 tox
|move|p1a: Gliscor|Earthquake|p2a: Great Tusk
|-damage|p2a: Great Tusk|57/100 tox
|
|-damage|p2a: Great Tusk|38/100 tox|[from] psn
|-heal|p1a: Gliscor|75/100 tox|[from] ability: Poison Heal
|upkeep
|turn|17
|inactive|mlap3000 has 120 seconds left.
|
|t:|1760752527
|move|p2a: Great Tusk|Headlong Rush|p1a: Gliscor
|-damage|p1a: Gliscor|27/100 tox
|-unboost|p2a: Great Tusk|def|1
|-unboost|p2a: Great Tusk|spd|1
|move|p1a: Gliscor|Toxic|p2a: Great Tusk|[miss]
|-miss|p1a: Gliscor|p2a: Great Tusk
|
|-damage|p2a: Great Tusk|13/100 tox|[from] psn
|-heal|p1a: Gliscor|39/100 tox|[from] ability: Poison Heal
|upkeep
|turn|18
|inactive|mlap3000 has 120 seconds left.
|
|t:|1760752537
|move|p1a: Gliscor|Protect|p1a: Gliscor
|-singleturn|p1a: Gliscor|Protect
|move|p2a: Great Tusk|Headlong Rush|p1a: Gliscor
|-activate|p1a: Gliscor|move: Protect
|
|-damage|p2a: Great Tusk|0 fnt|[from] psn
|faint|p2a: Great Tusk
|-end|p2a: Great Tusk|Protosynthesis|[silent]
|-heal|p1a: Gliscor|52/100 tox|[from] ability: Poison Heal
|upkeep
|
|t:|1760752538
|switch|p2a: Zamazenta|Zamazenta|88/100
|turn|19
|
|t:|1760752548
|-terastallize|p2a: Zamazenta|Fighting
|move|p2a: Zamazenta|Close Combat|p1a: Gliscor
|-damage|p1a: Gliscor|0 fnt
|-unboost|p2a: Zamazenta|def|1
|-unboost|p2a: Zamazenta|spd|1
|faint|p1a: Gliscor
|
|upkeep
|
|t:|1760752556
|switch|p1a: Cinderace|Cinderace, M|100/100
|turn|20
|
|t:|1760752559
|move|p2a: Zamazenta|Close Combat|p1a: Cinderace
|-damage|p1a: Cinderace|0 fnt
|-unboost|p2a: Zamazenta|def|1
|-unboost|p2a: Zamazenta|spd|1
|faint|p1a: Cinderace
|
|upkeep
|
|t:|1760752567
|switch|p1a: Darkrai|Darkrai|100/100
|-damage|p1a: Darkrai|88/100|[from] Stealth Rock
|-damage|p1a: Darkrai|76/100|[from] Spikes
|turn|21
|
|t:|1760752575
|move|p2a: Zamazenta|Close Combat|p1a: Darkrai
|-supereffective|p1a: Darkrai
|-crit|p1a: Darkrai
|-damage|p1a: Darkrai|0 fnt
|-unboost|p2a: Zamazenta|def|1
|-unboost|p2a: Zamazenta|spd|1
|faint|p1a: Darkrai
|
|upkeep
|
|t:|1760752582
|switch|p1a: 16 bron|Zamazenta|100/100
|-damage|p1a: 16 bron|94/100|[from] Stealth Rock
|-damage|p1a: 16 bron|82/100|[from] Spikes
|-ability|p1a: 16 bron|Dauntless Shield|boost
|-boost|p1a: 16 bron|def|1
|turn|22
|
|t:|1760752588
|move|p2a: Zamazenta|Close Combat|p1a: 16 bron
|-damage|p1a: 16 bron|24/100
|-unboost|p2a: Zamazenta|def|1
|-unboost|p2a: Zamazenta|spd|1
|move|p1a: 16 bron|Body Press|p2a: Zamazenta
|-damage|p2a: Zamazenta|0 fnt
|faint|p2a: Zamazenta
|
|win|mlap3000
|raw|mlap3000's rating: 1416 &rarr; <strong>1435</strong><br />(+19 for winning)
|raw|the same as here's rating: 1393 &rarr; <strong>1374</strong><br />(-19 for losing)
|c|☆mlap3000|gg
|l|☆the same as here
|player|p2|
