|badge|p1|bronze|gen9doublesou|100-7
|badge|p1|bronze|gen9ubers|100-7
|uhtml|medal-msg|<div class="broadcast-blue">Curious what those medals under the avatar are? PS now has Ladder Seasons! For more information, check out the <a href="https://www.smogon.com/forums/threads/3740067/">thread on Smogon.</a></div>
|j|☆RoaringMoonlight2
|j|☆Allan2004
|t:|1760891894
|gametype|singles
|player|p1|RoaringMoonlight2|turo-ai|
|player|p2|Allan2004|silver-gen2|
|gen|9
|tier|[Gen 9] OU
|rated|Tournament battle
|rule|HP Percentage Mod: HP is shown in percentages
|rule|Endless Battle Clause: Forcing endless battles is banned
|rule|Species Clause: Limit one of each Pokémon
|rule|OHKO Clause: OHKO moves are banned
|rule|Evasion Items Clause: Evasion items are banned
|rule|Evasion Moves Clause: Evasion moves are banned
|rule|Evasion Abilities Clause: Evasion abilities are banned
|rule|Sleep Moves Clause: Sleep-inducing moves are banned
|clearpoke
|poke|p1|Glimmora, F|
|poke|p1|Iron Valiant|
|poke|p1|Raging Bolt|
|poke|p1|Ogerpon-Wellspring, F|
|poke|p1|Kingambit, F|
|poke|p1|Ceruledge, F|
|poke|p2|Samurott-Hisui, M|
|poke|p2|Iron Valiant|
|poke|p2|Kyurem|
|poke|p2|Great Tusk|
|poke|p2|Gholdengo|
|poke|p2|Kingambit, M|
|teampreview
|inactive|Battle timer is ON: inactive players will automatically lose when time's up. (requested by RoaringMoonlight2)
|inactive|Allan2004 also wants the timer to be on.
|j| Despotia
|c|☆Allan2004|hf
|j| sky trace
|c|☆RoaringMoonlight2|toi aussi
|j|+palapapop
|
|t:|1760891915
|teamsize|p1|6
|teamsize|p2|6
|start
|switch|p1a: Terminator|Iron Valiant|100/100
|switch|p2a: Samurott|Samurott-Hisui, M|100/100
|-enditem|p1a: Terminator|Booster Energy
|-activate|p1a: Terminator|ability: Quark Drive|[fromitem]
|-start|p1a: Terminator|quarkdrivespe
|turn|1
|
|t:|1760891919
|move|p1a: Terminator|Moonblast|p2a: Samurott
|-supereffective|p2a: Samurott
|-crit|p2a: Samurott
|-enditem|p2a: Samurott|Focus Sash
|-damage|p2a: Samurott|1/100
|move|p2a: Samurott|Razor Shell|p1a: Terminator
|-damage|p1a: Terminator|35/100
|-unboost|p1a: Terminator|def|1
|
|upkeep
|turn|2
|
|t:|1760891923
|move|p2a: Samurott|Aqua Jet|p1a: Terminator
|-damage|p1a: Terminator|2/100
|move|p1a: Terminator|Moonblast|p2a: Samurott
|-supereffective|p2a: Samurott
|-damage|p2a: Samurott|0 fnt
|faint|p2a: Samurott
|
|upkeep
|
|t:|1760891937
|switch|p2a: Kingambit|Kingambit, M|100/100
|-activate|p2a: Kingambit|ability: Supreme Overlord
|-start|p2a: Kingambit|fallen1|[silent]
|turn|3
|j| Guysmash
|
|t:|1760891940
|move|p2a: Kingambit|Sucker Punch|p1a: Terminator
|-resisted|p1a: Terminator
|-damage|p1a: Terminator|0 fnt
|faint|p1a: Terminator
|-end|p1a: Terminator|Quark Drive|[silent]
|
|upkeep
|
|t:|1760891942
|switch|p1a: Escrameur|Ceruledge, F|100/100
|turn|4
|
|t:|1760891948
|move|p1a: Escrameur|Bitter Blade|p2a: Kingambit
|-supereffective|p2a: Kingambit
|-damage|p2a: Kingambit|33/100
|move|p2a: Kingambit|Kowtow Cleave|p1a: Escrameur
|-supereffective|p1a: Escrameur
|-enditem|p1a: Escrameur|Focus Sash
|-damage|p1a: Escrameur|1/100
|-ability|p1a: Escrameur|Weak Armor|boost
|-unboost|p1a: Escrameur|def|1
|-boost|p1a: Escrameur|spe|2
|
|upkeep
|turn|5
|
|t:|1760891955
|move|p1a: Escrameur|Shadow Sneak|p2a: Kingambit
|-resisted|p2a: Kingambit
|-damage|p2a: Kingambit|25/100
|move|p2a: Kingambit|Kowtow Cleave|p1a: Escrameur
|-supereffective|p1a: Escrameur
|-damage|p1a: Escrameur|0 fnt
|faint|p1a: Escrameur
|
|upkeep
|
|t:|1760891962
|switch|p1a: Raille-Cou|Raging Bolt|100/100
|turn|6
|
|t:|1760891967
|-end|p2a: Kingambit|fallen1|[silent]
|switch|p2a: Great Tusk|Great Tusk|100/100
|move|p1a: Raille-Cou|Thunderbolt|p2a: Great Tusk
|-immune|p2a: Great Tusk
|
|upkeep
|turn|7
|
|t:|1760891973
|-end|p1a: Raille-Cou|Protosynthesis|[silent]
|switch|p1a: Masqurécage|Ogerpon-Wellspring, F|100/100
|move|p2a: Great Tusk|Stealth Rock|p1a: Masqurécage
|-sidestart|p1: RoaringMoonlight2|move: Stealth Rock
|
|upkeep
|turn|8
|
|t:|1760891984
|-end|p2a: Great Tusk|Protosynthesis|[silent]
|switch|p2a: Kingambit|Kingambit, M|25/100
|-activate|p2a: Kingambit|ability: Supreme Overlord
|-start|p2a: Kingambit|fallen1|[silent]
|move|p1a: Masqurécage|Ivy Cudgel|p2a: Kingambit|[anim] Ivy Cudgel Water
|-crit|p2a: Kingambit
|-damage|p2a: Kingambit|0 fnt
|faint|p2a: Kingambit
|-end|p2a: Kingambit|fallen1|[silent]
|
|upkeep
|
|t:|1760891991
|switch|p2a: Kyurem|Kyurem|100/100
|-ability|p2a: Kyurem|Pressure
|turn|9
|
|t:|1760891998
|switch|p1a: Général 50/50|Kingambit, F|100/100
|-damage|p1a: Général 50/50|94/100|[from] Stealth Rock
|-activate|p1a: Général 50/50|ability: Supreme Overlord
|-start|p1a: Général 50/50|fallen2|[silent]
|move|p2a: Kyurem|Freeze-Dry|p1a: Général 50/50
|-resisted|p1a: Général 50/50
|-damage|p1a: Général 50/50|64/100
|
|upkeep
|turn|10
|j| Viola ~ Lunala ^__
|
|t:|1760892004
|switch|p2a: Great Tusk|Great Tusk|100/100
|move|p1a: Général 50/50|Low Kick|p2a: Great Tusk
|-damage|p2a: Great Tusk|66/100
|
|upkeep
|turn|11
|
|t:|1760892010
|-end|p1a: Général 50/50|fallen2|[silent]
|switch|p1a: Masqurécage|Ogerpon-Wellspring, F|100/100
|-damage|p1a: Masqurécage|88/100|[from] Stealth Rock
|move|p2a: Great Tusk|Knock Off|p1a: Masqurécage
|-damage|p1a: Masqurécage|61/100
|
|upkeep
|turn|12
|l| Viola ~ Lunala ^__
|j|^tf
|inactive|Allan2004 has 120 seconds left.
|
|t:|1760892040
|-end|p2a: Great Tusk|Protosynthesis|[silent]
|switch|p2a: Kyurem|Kyurem|100/100
|-ability|p2a: Kyurem|Pressure
|move|p1a: Masqurécage|Ivy Cudgel|p2a: Kyurem|[anim] Ivy Cudgel Water
|-resisted|p2a: Kyurem
|-damage|p2a: Kyurem|70/100
|
|upkeep
|turn|13
|
|t:|1760892048
|move|p1a: Masqurécage|Ivy Cudgel|p2a: Kyurem|[anim] Ivy Cudgel Water
|-resisted|p2a: Kyurem
|-crit|p2a: Kyurem
|-damage|p2a: Kyurem|25/100
|move|p2a: Kyurem|Freeze-Dry|p1a: Masqurécage
|-supereffective|p1a: Masqurécage
|-damage|p1a: Masqurécage|0 fnt
|faint|p1a: Masqurécage
|
|upkeep
|
|t:|1760892053
|switch|p1a: Général 50/50|Kingambit, F|64/100
|-damage|p1a: Général 50/50|58/100|[from] Stealth Rock
|-activate|p1a: Général 50/50|ability: Supreme Overlord
|-start|p1a: Général 50/50|fallen3|[silent]
|turn|14
|
|t:|1760892071
|move|p2a: Kyurem|Freeze-Dry|p1a: Général 50/50
|-resisted|p1a: Général 50/50
|-damage|p1a: Général 50/50|27/100
|-status|p1a: Général 50/50|frz
|cant|p1a: Général 50/50|frz
|
|upkeep
|turn|15
|c|☆Allan2004|mb
|
|t:|1760892079
|cant|p1a: Général 50/50|frz
|move|p2a: Kyurem|Freeze-Dry|p1a: Général 50/50
|-resisted|p1a: Général 50/50
|-damage|p1a: Général 50/50|0 fnt
|faint|p1a: Général 50/50
|-end|p1a: Général 50/50|fallen3|[silent]
|
|upkeep
|
|t:|1760892085
|switch|p1a: Fleur de Cuivre|Glimmora, F|100/100
|-damage|p1a: Fleur de Cuivre|88/100|[from] Stealth Rock
|turn|16
|inactive|Allan2004 has 120 seconds left.
|
|t:|1760892116
|move|p2a: Kyurem|Freeze-Dry|p1a: Fleur de Cuivre
|-damage|p1a: Fleur de Cuivre|19/100
|move|p1a: Fleur de Cuivre|Mortal Spin|p2a: Kyurem
|-damage|p2a: Kyurem|20/100
|-status|p2a: Kyurem|psn
|-sideend|p1: RoaringMoonlight2|Stealth Rock|[from] move: Mortal Spin|[of] p1a: Fleur de Cuivre
|
|-damage|p2a: Kyurem|8/100 psn|[from] psn
|upkeep
|turn|17
|
|t:|1760892121
|move|p2a: Kyurem|Freeze-Dry|p1a: Fleur de Cuivre
|-damage|p1a: Fleur de Cuivre|0 fnt
|faint|p1a: Fleur de Cuivre
|
|-damage|p2a: Kyurem|0 fnt|[from] psn
|faint|p2a: Kyurem
|upkeep
|
|t:|1760892127
|switch|p2a: Great Tusk|Great Tusk|66/100
|switch|p1a: Raille-Cou|Raging Bolt|100/100
|turn|18
|
|t:|1760892130
|-terastallize|p1a: Raille-Cou|Fairy
|move|p2a: Great Tusk|Headlong Rush|p1a: Raille-Cou
|-damage|p1a: Raille-Cou|54/100
|-unboost|p2a: Great Tusk|def|1
|-unboost|p2a: Great Tusk|spd|1
|move|p1a: Raille-Cou|Calm Mind|p1a: Raille-Cou
|-boost|p1a: Raille-Cou|spa|1
|-boost|p1a: Raille-Cou|spd|1
|
|-heal|p1a: Raille-Cou|60/100|[from] item: Leftovers
|upkeep
|turn|19
|
|t:|1760892140
|move|p2a: Great Tusk|Headlong Rush|p1a: Raille-Cou
|-damage|p1a: Raille-Cou|12/100
|-unboost|p2a: Great Tusk|def|1
|-unboost|p2a: Great Tusk|spd|1
|move|p1a: Raille-Cou|Dragon Pulse|p2a: Great Tusk
|-damage|p2a: Great Tusk|0 fnt
|faint|p2a: Great Tusk
|-end|p2a: Great Tusk|Protosynthesis|[silent]
|
|-heal|p1a: Raille-Cou|18/100|[from] item: Leftovers
|upkeep
|
|t:|1760892143
|switch|p2a: Gholdengo|Gholdengo|100/100
|-item|p2a: Gholdengo|Air Balloon
|turn|20
|
|t:|1760892148
|move|p2a: Gholdengo|Shadow Ball|p1a: Raille-Cou
|-damage|p1a: Raille-Cou|0 fnt
|faint|p1a: Raille-Cou
|-end|p1a: Raille-Cou|Protosynthesis|[silent]
|
|win|Allan2004
|n|☆RoaringMoonlight2|roaringmoonlight2
|n|☆Allan2004|allan2004
|n| Despotia|despotia
|n| sky trace|skytrace
|n|+palapapop|palapapop
|n| Guysmash|guysmash
|n| tf|tf
