|j|☆hgfjtgrtntr
|j|☆IC1
|t:|1760816838
|gametype|singles
|player|p1|hgfjtgrtntr|102|1109
|player|p2|IC1|102|1123
|gen|9
|tier|[Gen 9] OU
|rated|
|rule|HP Percentage Mod: HP is shown in percentages
|rule|Endless Battle Clause: Forcing endless battles is banned
|rule|Species Clause: Limit one of each Pokémon
|rule|OHKO Clause: OHKO moves are banned
|rule|Evasion Items Clause: Evasion items are banned
|rule|Evasion Moves Clause: Evasion moves are banned
|rule|Evasion Abilities Clause: Evasion abilities are banned
|rule|Sleep Moves Clause: Sleep-inducing moves are banned
|clearpoke
|poke|p1|Metagross|
|poke|p1|Hydreigon, M|
|poke|p1|Garchomp, F|
|poke|p1|Primarina, M|
|poke|p1|Great Tusk|
|poke|p1|Iron Moth|
|poke|p2|Ogerpon-Wellspring, F|
|poke|p2|Kingambit, M|
|poke|p2|Landorus-Therian, M|
|poke|p2|Glimmora, F|
|poke|p2|Dragapult, F|
|poke|p2|Iron Valiant|
|teampreview
|
|t:|1760816848
|teamsize|p1|6
|teamsize|p2|6
|start
|switch|p1a: Great Tusk|Great Tusk|100/100
|switch|p2a: Glimmora|Glimmora, F|100/100
|turn|1
|
|t:|1760816860
|switch|p2a: Ogerpon|Ogerpon-Wellspring, F|100/100
|move|p1a: Great Tusk|Rapid Spin|p2a: Ogerpon
|-damage|p2a: Ogerpon|80/100
|-boost|p1a: Great Tusk|spe|1
|
|upkeep
|turn|2
|
|t:|1760816872
|-end|p1a: Great Tusk|Protosynthesis|[silent]
|switch|p1a: Hydreigon|Hydreigon, M|100/100
|move|p2a: Ogerpon|Ivy Cudgel|p1a: Hydreigon|[anim] Ivy Cudgel Water
|-resisted|p1a: Hydreigon
|-damage|p1a: Hydreigon|66/100
|
|upkeep
|turn|3
|inactive|Battle timer is ON: inactive players will automatically lose when time's up. (requested by hgfjtgrtntr)
|
|t:|1760816883
|switch|p2a: Iron Valiant|Iron Valiant|100/100
|-enditem|p2a: Iron Valiant|Booster Energy
|-activate|p2a: Iron Valiant|ability: Quark Drive|[fromitem]
|-start|p2a: Iron Valiant|quarkdrivespe
|move|p1a: Hydreigon|Draco Meteor|p2a: Iron Valiant
|-immune|p2a: Iron Valiant
|
|upkeep
|turn|4
|
|t:|1760816891
|switch|p1a: Metagross|Metagross|100/100
|move|p2a: Iron Valiant|Swords Dance|p2a: Iron Valiant
|-boost|p2a: Iron Valiant|atk|2
|
|upkeep
|turn|5
|
|t:|1760816898
|switch|p1a: Garchomp|Garchomp, F|100/100
|move|p2a: Iron Valiant|Knock Off|p1a: Garchomp
|-damage|p1a: Garchomp|48/100
|-damage|p2a: Iron Valiant|88/100|[from] ability: Rough Skin|[of] p1a: Garchomp
|-damage|p2a: Iron Valiant|71/100|[from] item: Rocky Helmet|[of] p1a: Garchomp
|-enditem|p1a: Garchomp|Rocky Helmet|[from] move: Knock Off|[of] p2a: Iron Valiant
|
|upkeep
|turn|6
|
|t:|1760816909
|move|p1a: Garchomp|Endure|p1a: Garchomp
|-singleturn|p1a: Garchomp|move: Endure
|move|p2a: Iron Valiant|Knock Off|p1a: Garchomp
|-damage|p1a: Garchomp|10/100
|-damage|p2a: Iron Valiant|59/100|[from] ability: Rough Skin|[of] p1a: Garchomp
|
|upkeep
|turn|7
|
|t:|1760816915
|move|p1a: Garchomp|Endure||[still]
|-fail|p1a: Garchomp
|move|p2a: Iron Valiant|Spirit Break|p1a: Garchomp
|-supereffective|p1a: Garchomp
|-crit|p1a: Garchomp
|-damage|p1a: Garchomp|0 fnt
|-damage|p2a: Iron Valiant|47/100|[from] ability: Rough Skin|[of] p1a: Garchomp
|faint|p1a: Garchomp
|
|upkeep
|
|t:|1760816919
|switch|p1a: Primarina|Primarina, M|100/100
|turn|8
|
|t:|1760816938
|move|p2a: Iron Valiant|Knock Off|p1a: Primarina
|-resisted|p1a: Primarina
|-damage|p1a: Primarina|68/100
|-enditem|p1a: Primarina|Assault Vest|[from] move: Knock Off|[of] p2a: Iron Valiant
|move|p1a: Primarina|Draining Kiss|p2a: Iron Valiant
|-supereffective|p2a: Iron Valiant
|-damage|p2a: Iron Valiant|0 fnt
|-heal|p1a: Primarina|98/100|[from] drain|[of] p2a: Iron Valiant
|faint|p2a: Iron Valiant
|-end|p2a: Iron Valiant|Quark Drive|[silent]
|
|upkeep
|
|t:|1760816942
|switch|p2a: Glimmora|Glimmora, F|100/100
|turn|9
|
|t:|1760816952
|move|p2a: Glimmora|Mortal Spin|p1a: Primarina
|-supereffective|p1a: Primarina
|-damage|p1a: Primarina|86/100
|-status|p1a: Primarina|psn
|move|p1a: Primarina|Psychic Noise|p2a: Glimmora
|-supereffective|p2a: Glimmora
|-damage|p2a: Glimmora|0 fnt
|faint|p2a: Glimmora
|
|-damage|p1a: Primarina|74/100 psn|[from] psn
|upkeep
|
|t:|1760816964
|switch|p2a: Ogerpon|Ogerpon-Wellspring, F|80/100
|turn|10
|
|t:|1760816967
|move|p2a: Ogerpon|Horn Leech|p1a: Primarina
|-supereffective|p1a: Primarina
|-damage|p1a: Primarina|0 fnt
|-heal|p2a: Ogerpon|100/100|[from] drain|[of] p1a: Primarina
|faint|p1a: Primarina
|
|upkeep
|
|t:|1760816971
|switch|p1a: Iron Moth|Iron Moth|100/100
|turn|11
|
|t:|1760816977
|-terastallize|p1a: Iron Moth|Grass
|move|p2a: Ogerpon|Ivy Cudgel|p1a: Iron Moth|[anim] Ivy Cudgel Water
|-resisted|p1a: Iron Moth
|-damage|p1a: Iron Moth|53/100
|move|p1a: Iron Moth|Sludge Wave|p2a: Ogerpon
|-supereffective|p2a: Ogerpon
|-damage|p2a: Ogerpon|0 fnt
|faint|p2a: Ogerpon
|
|upkeep
|
|t:|1760816982
|switch|p2a: Dragapult|Dragapult, F|100/100
|turn|12
|
|t:|1760816985
|move|p2a: Dragapult|Flamethrower|p1a: Iron Moth
|-supereffective|p1a: Iron Moth
|-damage|p1a: Iron Moth|0 fnt
|faint|p1a: Iron Moth
|-end|p1a: Iron Moth|Quark Drive|[silent]
|
|upkeep
|
|t:|1760816989
|switch|p1a: Hydreigon|Hydreigon, M|66/100
|turn|13
|c|☆IC1|thatw as rusty xd
|
|t:|1760816995
|switch|p2a: Kingambit|Kingambit, M|100/100
|-activate|p2a: Kingambit|ability: Supreme Overlord
|-start|p2a: Kingambit|fallen3|[silent]
|move|p1a: Hydreigon|U-turn|p2a: Kingambit
|-damage|p2a: Kingambit|90/100
|
|t:|1760816998
|switch|p1a: Great Tusk|Great Tusk|100/100|[from] U-turn
|
|-heal|p2a: Kingambit|96/100|[from] item: Leftovers
|upkeep
|turn|14
|
|t:|1760817008
|-end|p2a: Kingambit|fallen3|[silent]
|switch|p2a: Landorus|Landorus-Therian, M|100/100
|-ability|p2a: Landorus|Intimidate|boost
|-unboost|p1a: Great Tusk|atk|1
|move|p1a: Great Tusk|Ice Spinner|p2a: Landorus
|-supereffective|p2a: Landorus
|-damage|p2a: Landorus|14/100
|-damage|p1a: Great Tusk|84/100|[from] item: Rocky Helmet|[of] p2a: Landorus
|
|upkeep
|turn|15
|
|t:|1760817016
|move|p2a: Landorus|Stealth Rock|p1a: Great Tusk
|-sidestart|p1: hgfjtgrtntr|move: Stealth Rock
|move|p1a: Great Tusk|Ice Spinner|p2a: Landorus
|-supereffective|p2a: Landorus
|-damage|p2a: Landorus|0 fnt
|-damage|p1a: Great Tusk|68/100|[from] item: Rocky Helmet|[of] p2a: Landorus
|faint|p2a: Landorus
|
|upkeep
|
|t:|1760817026
|switch|p2a: Dragapult|Dragapult, F|100/100
|turn|16
|inactive|IC1 has 120 seconds left.
|
|t:|1760817065
|-end|p1a: Great Tusk|Protosynthesis|[silent]
|switch|p1a: Metagross|Metagross|100/100
|-damage|p1a: Metagross|94/100|[from] Stealth Rock
|move|p2a: Dragapult|Draco Meteor|p1a: Metagross
|-resisted|p1a: Metagross
|-damage|p1a: Metagross|67/100
|-unboost|p2a: Dragapult|spa|2
|
|upkeep
|turn|17
|
|t:|1760817071
|switch|p2a: Kingambit|Kingambit, M|96/100
|-activate|p2a: Kingambit|ability: Supreme Overlord
|-start|p2a: Kingambit|fallen4|[silent]
|-singleturn|p1a: Metagross|move: Focus Punch
|move|p1a: Metagross|Focus Punch|p2a: Kingambit
|-supereffective|p2a: Kingambit
|-damage|p2a: Kingambit|0 fnt
|faint|p2a: Kingambit
|-end|p2a: Kingambit|fallen4|[silent]
|
|upkeep
|inactive|IC1 has 120 seconds left.
|
|t:|1760817086
|switch|p2a: Dragapult|Dragapult, F|100/100
|turn|18
|inactive|IC1 has 120 seconds left.
|
|t:|1760817096
|-terastallize|p2a: Dragapult|Ghost
|move|p2a: Dragapult|Shadow Ball|p1a: Metagross
|-supereffective|p1a: Metagross
|-damage|p1a: Metagross|0 fnt
|faint|p1a: Metagross
|
|upkeep
|
|t:|1760817100
|switch|p1a: Hydreigon|Hydreigon, M|66/100
|-damage|p1a: Hydreigon|54/100|[from] Stealth Rock
|turn|19
|
|t:|1760817103
|move|p1a: Hydreigon|Dark Pulse|p2a: Dragapult
|-supereffective|p2a: Dragapult
|-damage|p2a: Dragapult|0 fnt
|faint|p2a: Dragapult
|
|win|hgfjtgrtntr
|raw|hgfjtgrtntr's rating: 1139 &rarr; <strong>1163</strong><br />(+24 for winning)
|raw|IC1's rating: 1123 &rarr; <strong>1099</strong><br />(-24 for losing)
