|j|☆KennytheslugSmith
|j|☆Crooksinet
|t:|1760870822
|gametype|singles
|player|p1|KennytheslugSmith|scientist-gen4dp|1461
|player|p2|Crooksinet|265|1446
|gen|9
|tier|[Gen 9] OU
|rated|
|rule|HP Percentage Mod: HP is shown in percentages
|rule|Endless Battle Clause: Forcing endless battles is banned
|rule|Species Clause: Limit one of each Pokémon
|rule|OHKO Clause: OHKO moves are banned
|rule|Evasion Items Clause: Evasion items are banned
|rule|Evasion Moves Clause: Evasion moves are banned
|rule|Evasion Abilities Clause: Evasion abilities are banned
|rule|Sleep Moves Clause: Sleep-inducing moves are banned
|clearpoke
|poke|p1|Hydrapple, M|
|poke|p1|Skarmory, F|
|poke|p1|Tyranitar, F|
|poke|p1|Alomomola, M|
|poke|p1|Clodsire, F|
|poke|p1|Clefable, F|
|poke|p2|Dragapult, M|
|poke|p2|Deoxys-Speed|
|poke|p2|Dragonite, F|
|poke|p2|Great Tusk|
|poke|p2|Toxapex, M|
|poke|p2|Blissey, F|
|teampreview
|inactive|Battle timer is ON: inactive players will automatically lose when time's up. (requested by KennytheslugSmith)
|
|t:|1760870836
|teamsize|p1|6
|teamsize|p2|6
|start
|switch|p1a: Tyranitar|Tyranitar, F|100/100
|switch|p2a: Dragapult|Dragapult, M|100/100
|-weather|Sandstorm|[from] ability: Sand Stream|[of] p1a: Tyranitar
|turn|1
|
|t:|1760870847
|move|p2a: Dragapult|U-turn|p1a: Tyranitar
|-supereffective|p1a: Tyranitar
|-damage|p1a: Tyranitar|51/100
|
|t:|1760870851
|switch|p2a: Toxapex|Toxapex, M, shiny|100/100|[from] U-turn
|move|p1a: Tyranitar|Knock Off|p2a: Toxapex
|-damage|p2a: Toxapex|72/100
|-enditem|p2a: Toxapex|Black Sludge|[from] move: Knock Off|[of] p1a: Tyranitar
|
|-weather|Sandstorm|[upkeep]
|-damage|p2a: Toxapex|65/100|[from] Sandstorm
|upkeep
|turn|2
|
|t:|1760870871
|move|p1a: Tyranitar|Stealth Rock|p2a: Toxapex
|-sidestart|p2: Crooksinet|move: Stealth Rock
|move|p2a: Toxapex|Toxic|p1a: Tyranitar
|-status|p1a: Tyranitar|tox
|
|-weather|Sandstorm|[upkeep]
|-damage|p2a: Toxapex|59/100|[from] Sandstorm
|-damage|p1a: Tyranitar|45/100 tox|[from] psn
|upkeep
|turn|3
|
|t:|1760870880
|switch|p1a: Clodsire|Clodsire, F|100/100
|switch|p2a: Great Tusk|Great Tusk|100/100
|-damage|p2a: Great Tusk|98/100|[from] Stealth Rock
|-enditem|p2a: Great Tusk|Booster Energy
|-activate|p2a: Great Tusk|ability: Protosynthesis|[fromitem]
|-start|p2a: Great Tusk|protosynthesisatk
|
|-weather|Sandstorm|[upkeep]
|upkeep
|turn|4
|
|t:|1760870890
|switch|p1a: Skarmory|Skarmory, F|100/100
|move|p2a: Great Tusk|Rapid Spin|p1a: Skarmory
|-resisted|p1a: Skarmory
|-damage|p1a: Skarmory|94/100
|-boost|p2a: Great Tusk|spe|1
|-sideend|p2: Crooksinet|Stealth Rock|[from] move: Rapid Spin|[of] p2a: Great Tusk
|
|-weather|Sandstorm|[upkeep]
|upkeep
|turn|5
|
|t:|1760870900
|move|p2a: Great Tusk|Close Combat|p1a: Skarmory
|-damage|p1a: Skarmory|39/100
|-unboost|p2a: Great Tusk|def|1
|-unboost|p2a: Great Tusk|spd|1
|move|p1a: Skarmory|Spikes|p2a: Great Tusk
|-sidestart|p2: Crooksinet|Spikes
|
|-weather|none
|upkeep
|turn|6
|
|t:|1760870908
|switch|p1a: Clefable|Clefable, F|100/100
|move|p2a: Great Tusk|Close Combat|p1a: Clefable
|-resisted|p1a: Clefable
|-damage|p1a: Clefable|72/100
|-unboost|p2a: Great Tusk|def|1
|-unboost|p2a: Great Tusk|spd|1
|
|-damage|p2a: Great Tusk|85/100|[from] item: Sticky Barb
|upkeep
|turn|7
|
|t:|1760870919
|-end|p2a: Great Tusk|Protosynthesis|[silent]
|switch|p2a: Blissey|Blissey, F, shiny|100/100
|-damage|p2a: Blissey|88/100|[from] Spikes
|move|p1a: Clefable|Moonblast|p2a: Blissey
|-damage|p2a: Blissey|77/100
|-unboost|p2a: Blissey|spa|1
|
|-heal|p2a: Blissey|83/100|[from] item: Leftovers
|upkeep
|turn|8
|
|t:|1760870929
|move|p1a: Clefable|Knock Off|p2a: Blissey
|-damage|p2a: Blissey|69/100
|-enditem|p2a: Blissey|Leftovers|[from] move: Knock Off|[of] p1a: Clefable
|move|p2a: Blissey|Stealth Rock|p1a: Clefable
|-sidestart|p1: KennytheslugSmith|move: Stealth Rock
|
|upkeep
|turn|9
|
|t:|1760870935
|move|p1a: Clefable|Wish|p1a: Clefable
|move|p2a: Blissey|Thunder Wave|p1a: Clefable
|-status|p1a: Clefable|par
|
|upkeep
|turn|10
|
|t:|1760870943
|switch|p1a: Tyranitar|Tyranitar, F|45/100 tox
|-weather|Sandstorm|[from] ability: Sand Stream|[of] p1a: Tyranitar
|move|p2a: Blissey|Seismic Toss|p1a: Tyranitar
|-damage|p1a: Tyranitar|21/100 tox
|
|-weather|Sandstorm|[upkeep]
|-damage|p2a: Blissey|63/100|[from] Sandstorm
|-heal|p1a: Tyranitar|69/100 tox|[from] move: Wish|[wisher] Clefable
|-damage|p1a: Tyranitar|63/100 tox|[from] psn
|upkeep
|turn|11
|
|t:|1760870957
|switch|p2a: Great Tusk|Great Tusk|85/100
|-damage|p2a: Great Tusk|73/100|[from] Spikes
|switch|p1a: Alomomola|Alomomola, M, shiny|100/100
|
|-weather|Sandstorm|[upkeep]
|-damage|p1a: Alomomola|94/100|[from] Sandstorm
|-damage|p2a: Great Tusk|60/100|[from] item: Sticky Barb
|upkeep
|turn|12
|
|t:|1760870967
|-end|p2a: Great Tusk|Protosynthesis|[silent]
|switch|p2a: Blissey|Blissey, F, shiny|63/100
|-damage|p2a: Blissey|51/100|[from] Spikes
|move|p1a: Alomomola|Protect||[still]
|-fail|p1a: Alomomola
|
|-weather|Sandstorm|[upkeep]
|-damage|p2a: Blissey|44/100|[from] Sandstorm
|-damage|p1a: Alomomola|88/100|[from] Sandstorm
|upkeep
|turn|13
|
|t:|1760870977
|move|p2a: Blissey|Soft-Boiled|p2a: Blissey
|-heal|p2a: Blissey|94/100
|move|p1a: Alomomola|Flip Turn|p2a: Blissey
|-damage|p2a: Blissey|81/100
|
|t:|1760870983
|switch|p1a: Skarmory|Skarmory, F|39/100|[from] Flip Turn
|
|-weather|Sandstorm|[upkeep]
|-damage|p2a: Blissey|75/100|[from] Sandstorm
|upkeep
|turn|14
|
|t:|1760870993
|switch|p2a: Great Tusk|Great Tusk|60/100
|-damage|p2a: Great Tusk|48/100|[from] Spikes
|move|p1a: Skarmory|Roost|p1a: Skarmory
|-heal|p1a: Skarmory|89/100
|-singleturn|p1a: Skarmory|move: Roost
|
|-weather|none
|-damage|p2a: Great Tusk|36/100|[from] item: Sticky Barb
|upkeep
|turn|15
|
|t:|1760871004
|move|p2a: Great Tusk|Rapid Spin|p1a: Skarmory
|-resisted|p1a: Skarmory
|-damage|p1a: Skarmory|84/100
|-boost|p2a: Great Tusk|spe|1
|-sideend|p2: Crooksinet|Spikes|[from] move: Rapid Spin|[of] p2a: Great Tusk
|move|p1a: Skarmory|Spikes|p2a: Great Tusk
|-sidestart|p2: Crooksinet|Spikes
|
|-damage|p2a: Great Tusk|23/100|[from] item: Sticky Barb
|upkeep
|turn|16
|
|t:|1760871012
|move|p2a: Great Tusk|Close Combat|p1a: Skarmory
|-damage|p1a: Skarmory|45/100
|-unboost|p2a: Great Tusk|def|1
|-unboost|p2a: Great Tusk|spd|1
|move|p1a: Skarmory|Spikes|p2a: Great Tusk
|-sidestart|p2: Crooksinet|Spikes
|
|-damage|p2a: Great Tusk|11/100|[from] item: Sticky Barb
|upkeep
|turn|17
|
|t:|1760871022
|move|p2a: Great Tusk|Rapid Spin|p1a: Skarmory
|-resisted|p1a: Skarmory
|-damage|p1a: Skarmory|40/100
|-boost|p2a: Great Tusk|spe|1
|-sideend|p2: Crooksinet|Spikes|[from] move: Rapid Spin|[of] p2a: Great Tusk
|move|p1a: Skarmory|Roost|p1a: Skarmory
|-heal|p1a: Skarmory|90/100
|-singleturn|p1a: Skarmory|move: Roost
|
|-damage|p2a: Great Tusk|0 fnt|[from] item: Sticky Barb
|faint|p2a: Great Tusk
|-end|p2a: Great Tusk|Protosynthesis|[silent]
|upkeep
|
|t:|1760871026
|switch|p2a: Deoxys|Deoxys-Speed|100/100
|-ability|p2a: Deoxys|Pressure
|turn|18
|
|t:|1760871041
|switch|p1a: Tyranitar|Tyranitar, F|63/100 tox
|-weather|Sandstorm|[from] ability: Sand Stream|[of] p1a: Tyranitar
|move|p2a: Deoxys|Thunderbolt|p1a: Tyranitar
|-damage|p1a: Tyranitar|46/100 tox
|
|-weather|Sandstorm|[upkeep]
|-damage|p2a: Deoxys|94/100|[from] Sandstorm
|-damage|p1a: Tyranitar|40/100 tox|[from] psn
|upkeep
|turn|19
|
|t:|1760871052
|switch|p2a: Toxapex|Toxapex, M, shiny|92/100
|switch|p1a: Clodsire|Clodsire, F|100/100
|
|-weather|Sandstorm|[upkeep]
|-damage|p2a: Toxapex|86/100|[from] Sandstorm
|upkeep
|turn|20
|
|t:|1760871061
|switch|p2a: Dragapult|Dragapult, M|100/100
|move|p1a: Clodsire|Earthquake|p2a: Dragapult
|-damage|p2a: Dragapult|66/100
|
|-weather|Sandstorm|[upkeep]
|-damage|p2a: Dragapult|60/100|[from] Sandstorm
|upkeep
|turn|21
|
|t:|1760871071
|switch|p1a: Clefable|Clefable, F|72/100 par
|move|p2a: Dragapult|Dragon Darts|p1a: Clefable
|-immune|p1a: Clefable
|
|-weather|Sandstorm|[upkeep]
|-damage|p2a: Dragapult|54/100|[from] Sandstorm
|upkeep
|turn|22
|
|t:|1760871080
|switch|p2a: Blissey|Blissey, F, shiny|75/100
|cant|p1a: Clefable|par
|
|-weather|none
|upkeep
|turn|23
|
|t:|1760871098
|switch|p2a: Dragapult|Dragapult, M|54/100
|cant|p1a: Clefable|par
|
|upkeep
|turn|24
|
|t:|1760871104
|move|p1a: Clefable|Protect|p1a: Clefable
|-singleturn|p1a: Clefable|Protect
|move|p2a: Dragapult|U-turn|p1a: Clefable
|-activate|p1a: Clefable|move: Protect
|
|upkeep
|turn|25
|
|t:|1760871109
|move|p2a: Dragapult|U-turn|p1a: Clefable
|-resisted|p1a: Clefable
|-damage|p1a: Clefable|59/100 par
|
|t:|1760871112
|switch|p2a: Blissey|Blissey, F, shiny|75/100|[from] U-turn
|move|p1a: Clefable|Wish|p1a: Clefable
|
|upkeep
|turn|26
|
|t:|1760871118
|switch|p1a: Tyranitar|Tyranitar, F|40/100 tox
|-weather|Sandstorm|[from] ability: Sand Stream|[of] p1a: Tyranitar
|move|p2a: Blissey|Seismic Toss|p1a: Tyranitar
|-damage|p1a: Tyranitar|15/100 tox
|
|-weather|Sandstorm|[upkeep]
|-damage|p2a: Blissey|69/100|[from] Sandstorm
|-heal|p1a: Tyranitar|64/100 tox|[from] move: Wish|[wisher] Clefable
|-damage|p1a: Tyranitar|57/100 tox|[from] psn
|upkeep
|turn|27
|
|t:|1760871131
|switch|p1a: Alomomola|Alomomola, M, shiny|100/100
|move|p2a: Blissey|Seismic Toss|p1a: Alomomola
|-damage|p1a: Alomomola|79/100
|
|-weather|Sandstorm|[upkeep]
|-damage|p2a: Blissey|63/100|[from] Sandstorm
|-damage|p1a: Alomomola|73/100|[from] Sandstorm
|upkeep
|turn|28
|
|t:|1760871140
|move|p2a: Blissey|Thunder Wave|p1a: Alomomola
|-status|p1a: Alomomola|par
|move|p1a: Alomomola|Wish|p1a: Alomomola
|
|-weather|Sandstorm|[upkeep]
|-damage|p2a: Blissey|57/100|[from] Sandstorm
|-damage|p1a: Alomomola|67/100 par|[from] Sandstorm
|upkeep
|turn|29
|
|t:|1760871147
|move|p2a: Blissey|Soft-Boiled|p2a: Blissey
|-heal|p2a: Blissey|100/100
|move|p1a: Alomomola|Flip Turn|p2a: Blissey
|-damage|p2a: Blissey|85/100
|
|t:|1760871153
|switch|p1a: Tyranitar|Tyranitar, F|57/100 tox|[from] Flip Turn
|
|-weather|Sandstorm|[upkeep]
|-damage|p2a: Blissey|79/100|[from] Sandstorm
|-heal|p1a: Tyranitar|100/100 tox|[from] move: Wish|[wisher] Alomomola
|-damage|p1a: Tyranitar|94/100 tox|[from] psn
|upkeep
|turn|30
|
|t:|1760871164
|move|p2a: Blissey|Seismic Toss|p1a: Tyranitar
|-damage|p1a: Tyranitar|70/100 tox
|move|p1a: Tyranitar|Stealth Rock|p2a: Blissey
|-sidestart|p2: Crooksinet|move: Stealth Rock
|
|-weather|none
|-damage|p1a: Tyranitar|57/100 tox|[from] psn
|upkeep
|turn|31
|
|t:|1760871176
|switch|p1a: Alomomola|Alomomola, M, shiny|99/100 par
|move|p2a: Blissey|Seismic Toss|p1a: Alomomola
|-damage|p1a: Alomomola|79/100 par
|
|upkeep
|turn|32
|
|t:|1760871185
|switch|p2a: Dragapult|Dragapult, M|54/100
|-damage|p2a: Dragapult|42/100|[from] Stealth Rock
|cant|p1a: Alomomola|par
|
|upkeep
|turn|33
|
|t:|1760871192
|move|p2a: Dragapult|U-turn|p1a: Alomomola
|-damage|p1a: Alomomola|58/100 par
|
|t:|1760871194
|switch|p2a: Toxapex|Toxapex, M, shiny|100/100|[from] U-turn
|-damage|p2a: Toxapex|88/100|[from] Stealth Rock
|move|p1a: Alomomola|Wish|p1a: Alomomola
|
|upkeep
|turn|34
|
|t:|1760871203
|move|p2a: Toxapex|Chilling Water|p1a: Alomomola
|-resisted|p1a: Alomomola
|-damage|p1a: Alomomola|54/100 par
|-unboost|p1a: Alomomola|atk|1
|move|p1a: Alomomola|Flip Turn|p2a: Toxapex
|-resisted|p2a: Toxapex
|-damage|p2a: Toxapex|85/100
|
|t:|1760871214
|switch|p1a: Tyranitar|Tyranitar, F|57/100 tox|[from] Flip Turn
|-weather|Sandstorm|[from] ability: Sand Stream|[of] p1a: Tyranitar
|
|-weather|Sandstorm|[upkeep]
|-damage|p2a: Toxapex|78/100|[from] Sandstorm
|-heal|p1a: Tyranitar|100/100 tox|[from] move: Wish|[wisher] Alomomola
|-damage|p1a: Tyranitar|94/100 tox|[from] psn
|upkeep
|turn|35
|
|t:|1760871226
|switch|p1a: Clefable|Clefable, F|59/100 par
|move|p2a: Toxapex|Chilling Water|p1a: Clefable
|-damage|p1a: Clefable|49/100 par
|-unboost|p1a: Clefable|atk|1
|
|-weather|Sandstorm|[upkeep]
|-damage|p2a: Toxapex|72/100|[from] Sandstorm
|upkeep
|turn|36
|
|t:|1760871238
|move|p2a: Toxapex|Chilling Water|p1a: Clefable
|-damage|p1a: Clefable|40/100 par
|-unboost|p1a: Clefable|atk|1
|cant|p1a: Clefable|par
|
|-weather|Sandstorm|[upkeep]
|-damage|p2a: Toxapex|66/100|[from] Sandstorm
|upkeep
|turn|37
|
|t:|1760871248
|switch|p2a: Deoxys|Deoxys-Speed|94/100
|-damage|p2a: Deoxys|82/100|[from] Stealth Rock
|-ability|p2a: Deoxys|Pressure
|move|p1a: Clefable|Wish|p1a: Clefable
|
|-weather|Sandstorm|[upkeep]
|-damage|p2a: Deoxys|76/100|[from] Sandstorm
|upkeep
|turn|38
|
|t:|1760871266
|switch|p2a: Blissey|Blissey, F, shiny|79/100
|-damage|p2a: Blissey|67/100|[from] Stealth Rock
|move|p1a: Clefable|Protect||[still]
|-fail|p1a: Clefable
|
|-weather|none
|-heal|p1a: Clefable|90/100 par|[from] move: Wish|[wisher] Clefable
|upkeep
|turn|39
|
|t:|1760871276
|switch|p1a: Alomomola|Alomomola, M, shiny|87/100 par
|move|p2a: Blissey|Seismic Toss|p1a: Alomomola
|-damage|p1a: Alomomola|66/100 par
|
|upkeep
|turn|40
|
|t:|1760871284
|move|p2a: Blissey|Seismic Toss|p1a: Alomomola
|-damage|p1a: Alomomola|45/100 par
|move|p1a: Alomomola|Flip Turn|p2a: Blissey
|-damage|p2a: Blissey|52/100
|
|t:|1760871290
|switch|p1a: Skarmory|Skarmory, F|90/100|[from] Flip Turn
|
|upkeep
|turn|41
|
|t:|1760871295
|switch|p2a: Deoxys|Deoxys-Speed|76/100
|-damage|p2a: Deoxys|63/100|[from] Stealth Rock
|-ability|p2a: Deoxys|Pressure
|move|p1a: Skarmory|Spikes|p2a: Deoxys
|-sidestart|p2: Crooksinet|Spikes
|
|upkeep
|turn|42
|
|t:|1760871311
|switch|p1a: Tyranitar|Tyranitar, F|94/100 tox
|-weather|Sandstorm|[from] ability: Sand Stream|[of] p1a: Tyranitar
|move|p2a: Deoxys|Ice Beam|p1a: Tyranitar
|-damage|p1a: Tyranitar|77/100 tox
|
|-weather|Sandstorm|[upkeep]
|-damage|p2a: Deoxys|57/100|[from] Sandstorm
|-damage|p1a: Tyranitar|71/100 tox|[from] psn
|upkeep
|turn|43
|
|t:|1760871322
|switch|p2a: Toxapex|Toxapex, M, shiny|99/100
|-damage|p2a: Toxapex|87/100|[from] Stealth Rock
|-damage|p2a: Toxapex|74/100|[from] Spikes
|switch|p1a: Alomomola|Alomomola, M, shiny|78/100 par
|
|-weather|Sandstorm|[upkeep]
|-damage|p2a: Toxapex|68/100|[from] Sandstorm
|-damage|p1a: Alomomola|72/100 par|[from] Sandstorm
|upkeep
|turn|44
|
|t:|1760871345
|switch|p2a: Blissey|Blissey, F, shiny|52/100
|-damage|p2a: Blissey|40/100|[from] Stealth Rock
|-damage|p2a: Blissey|27/100|[from] Spikes
|switch|p1a: Skarmory|Skarmory, F|90/100
|
|-weather|Sandstorm|[upkeep]
|-damage|p2a: Blissey|21/100|[from] Sandstorm
|upkeep
|turn|45
|
|t:|1760871356
|move|p1a: Skarmory|Body Press|p2a: Blissey
|-supereffective|p2a: Blissey
|-damage|p2a: Blissey|0 fnt
|faint|p2a: Blissey
|
|-weather|Sandstorm|[upkeep]
|upkeep
|
|t:|1760871378
|switch|p2a: Dragonite|Dragonite, F|100/100
|turn|46
|
|t:|1760871382
|move|p2a: Dragonite|Dragon Dance|p2a: Dragonite
|-boost|p2a: Dragonite|atk|1
|-boost|p2a: Dragonite|spe|1
|move|p1a: Skarmory|Iron Defense|p1a: Skarmory
|-boost|p1a: Skarmory|def|2
|
|-weather|none
|upkeep
|turn|47
|
|t:|1760871389
|move|p2a: Dragonite|Dragon Dance|p2a: Dragonite
|-boost|p2a: Dragonite|atk|1
|-boost|p2a: Dragonite|spe|1
|move|p1a: Skarmory|Body Press|p2a: Dragonite
|-resisted|p2a: Dragonite
|-damage|p2a: Dragonite|84/100
|
|upkeep
|turn|48
|inactive|Crooksinet has 120 seconds left.
|
|t:|1760871434
|move|p2a: Dragonite|Dragon Dance|p2a: Dragonite
|-boost|p2a: Dragonite|atk|1
|-boost|p2a: Dragonite|spe|1
|move|p1a: Skarmory|Iron Defense|p1a: Skarmory
|-boost|p1a: Skarmory|def|2
|
|upkeep
|turn|49
|
|t:|1760871451
|move|p2a: Dragonite|Dragon Dance|p2a: Dragonite
|-boost|p2a: Dragonite|atk|1
|-boost|p2a: Dragonite|spe|1
|move|p1a: Skarmory|Body Press|p2a: Dragonite
|-resisted|p2a: Dragonite
|-damage|p2a: Dragonite|36/100
|
|upkeep
|turn|50
|
|t:|1760871459
|move|p2a: Dragonite|Roost|p2a: Dragonite
|-heal|p2a: Dragonite|87/100
|-singleturn|p2a: Dragonite|move: Roost
|move|p1a: Skarmory|Iron Defense|p1a: Skarmory
|-boost|p1a: Skarmory|def|2
|
|upkeep
|turn|51
|inactive|Crooksinet has 120 seconds left.
|
|t:|1760871469
|move|p2a: Dragonite|Roost|p2a: Dragonite
|-heal|p2a: Dragonite|100/100
|-singleturn|p2a: Dragonite|move: Roost
|move|p1a: Skarmory|Body Press|p2a: Dragonite
|-damage|p2a: Dragonite|31/100
|
|upkeep
|turn|52
|
|t:|1760871476
|-terastallize|p2a: Dragonite|Normal
|move|p2a: Dragonite|Extreme Speed|p1a: Skarmory
|-resisted|p1a: Skarmory
|-damage|p1a: Skarmory|78/100
|move|p1a: Skarmory|Body Press|p2a: Dragonite
|-supereffective|p2a: Dragonite
|-damage|p2a: Dragonite|0 fnt
|faint|p2a: Dragonite
|
|upkeep
|inactive|Crooksinet has 120 seconds left.
|
|t:|1760871494
|switch|p2a: Toxapex|Toxapex, M, shiny|100/100
|-damage|p2a: Toxapex|88/100|[from] Stealth Rock
|-damage|p2a: Toxapex|75/100|[from] Spikes
|turn|53
|
|t:|1760871499
|move|p1a: Skarmory|Body Press|p2a: Toxapex
|-resisted|p2a: Toxapex
|-damage|p2a: Toxapex|40/100
|move|p2a: Toxapex|Chilling Water|p1a: Skarmory
|-damage|p1a: Skarmory|65/100
|-unboost|p1a: Skarmory|atk|1
|
|upkeep
|turn|54
|
|t:|1760871507
|move|p1a: Skarmory|Body Press|p2a: Toxapex
|-resisted|p2a: Toxapex
|-damage|p2a: Toxapex|4/100
|move|p2a: Toxapex|Chilling Water|p1a: Skarmory
|-damage|p1a: Skarmory|52/100
|-unboost|p1a: Skarmory|atk|1
|
|upkeep
|turn|55
|
|t:|1760871515
|move|p1a: Skarmory|Roost|p1a: Skarmory
|-heal|p1a: Skarmory|100/100
|-singleturn|p1a: Skarmory|move: Roost
|move|p2a: Toxapex|Chilling Water|p1a: Skarmory
|-damage|p1a: Skarmory|87/100
|-unboost|p1a: Skarmory|atk|1
|
|upkeep
|turn|56
|
|t:|1760871527
|move|p1a: Skarmory|Spikes|p2a: Toxapex
|-sidestart|p2: Crooksinet|Spikes
|move|p2a: Toxapex|Chilling Water|p1a: Skarmory
|-damage|p1a: Skarmory|73/100
|-unboost|p1a: Skarmory|atk|1
|
|upkeep
|turn|57
|
|t:|1760871534
|move|p1a: Skarmory|Spikes|p2a: Toxapex
|-sidestart|p2: Crooksinet|Spikes
|move|p2a: Toxapex|Chilling Water|p1a: Skarmory
|-crit|p1a: Skarmory
|-damage|p1a: Skarmory|53/100
|-unboost|p1a: Skarmory|atk|1
|
|upkeep
|turn|58
|
|t:|1760871542
|move|p1a: Skarmory|Roost|p1a: Skarmory
|-heal|p1a: Skarmory|100/100
|-singleturn|p1a: Skarmory|move: Roost
|move|p2a: Toxapex|Toxic|p1a: Skarmory
|-immune|p1a: Skarmory
|
|upkeep
|turn|59
|inactive|Crooksinet has 120 seconds left.
|
|t:|1760871598
|move|p1a: Skarmory|Body Press|p2a: Toxapex
|-resisted|p2a: Toxapex
|-damage|p2a: Toxapex|0 fnt
|faint|p2a: Toxapex
|
|upkeep
|
|t:|1760871600
|switch|p2a: Deoxys|Deoxys-Speed|57/100
|-damage|p2a: Deoxys|44/100|[from] Stealth Rock
|-damage|p2a: Deoxys|20/100|[from] Spikes
|-ability|p2a: Deoxys|Pressure
|turn|60
|
|t:|1760871611
|switch|p1a: Tyranitar|Tyranitar, F|71/100 tox
|-weather|Sandstorm|[from] ability: Sand Stream|[of] p1a: Tyranitar
|move|p2a: Deoxys|Ice Beam|p1a: Tyranitar
|-damage|p1a: Tyranitar|54/100 tox
|
|-weather|Sandstorm|[upkeep]
|-damage|p2a: Deoxys|13/100|[from] Sandstorm
|-damage|p1a: Tyranitar|48/100 tox|[from] psn
|upkeep
|turn|61
|
|t:|1760871634
|switch|p1a: Alomomola|Alomomola, M, shiny|100/100 par
|move|p2a: Deoxys|Ice Beam|p1a: Alomomola
|-resisted|p1a: Alomomola
|-damage|p1a: Alomomola|83/100 par
|
|-weather|Sandstorm|[upkeep]
|-damage|p2a: Deoxys|7/100|[from] Sandstorm
|-damage|p1a: Alomomola|77/100 par|[from] Sandstorm
|upkeep
|turn|62
|
|t:|1760871644
|move|p1a: Alomomola|Protect|p1a: Alomomola
|-singleturn|p1a: Alomomola|Protect
|move|p2a: Deoxys|Ice Beam|p1a: Alomomola
|-activate|p1a: Alomomola|move: Protect
|
|-weather|Sandstorm|[upkeep]
|-damage|p2a: Deoxys|1/100|[from] Sandstorm
|-damage|p1a: Alomomola|71/100 par|[from] Sandstorm
|upkeep
|turn|63
|
|t:|1760871653
|move|p2a: Deoxys|Ice Beam|p1a: Alomomola
|-resisted|p1a: Alomomola
|-damage|p1a: Alomomola|51/100 par
|move|p1a: Alomomola|Flip Turn|p2a: Deoxys
|-damage|p2a: Deoxys|0 fnt
|faint|p2a: Deoxys
|
|t:|1760871663
|switch|p1a: Clefable|Clefable, F|90/100 par|[from] Flip Turn
|
|-weather|Sandstorm|[upkeep]
|upkeep
|
|t:|1760871668
|switch|p2a: Dragapult|Dragapult, M|42/100
|-damage|p2a: Dragapult|30/100|[from] Stealth Rock
|-damage|p2a: Dragapult|5/100|[from] Spikes
|turn|64
|
|t:|1760871673
|move|p1a: Clefable|Protect|p1a: Clefable
|-singleturn|p1a: Clefable|Protect
|move|p2a: Dragapult|Psychic Fangs|p1a: Clefable
|-activate|p1a: Clefable|move: Protect
|
|-weather|none
|upkeep
|turn|65
|
|t:|1760871684
|switch|p1a: Tyranitar|Tyranitar, F|48/100 tox
|-weather|Sandstorm|[from] ability: Sand Stream|[of] p1a: Tyranitar
|move|p2a: Dragapult|Psychic Fangs|p1a: Tyranitar
|-immune|p1a: Tyranitar
|
|-weather|Sandstorm|[upkeep]
|-damage|p2a: Dragapult|0 fnt|[from] Sandstorm
|faint|p2a: Dragapult
|
|win|KennytheslugSmith
|raw|KennytheslugSmith's rating: 1461 &rarr; <strong>1479</strong><br />(+18 for winning)
|raw|Crooksinet's rating: 1429 &rarr; <strong>1411</strong><br />(-18 for losing)
