|j|☆Dem Big Bois
|j|☆Crow76VGC
|t:|1760823153
|gametype|singles
|player|p1|Dem Big Bois|101|1326
|player|p2|Crow76VGC|janitor|1325
|gen|9
|tier|[Gen 9] OU
|rated|
|rule|HP Percentage Mod: HP is shown in percentages
|rule|Endless Battle Clause: Forcing endless battles is banned
|rule|Species Clause: Limit one of each Pokémon
|rule|OHKO Clause: OHKO moves are banned
|rule|Evasion Items Clause: Evasion items are banned
|rule|Evasion Moves Clause: Evasion moves are banned
|rule|Evasion Abilities Clause: Evasion abilities are banned
|rule|Sleep Moves Clause: Sleep-inducing moves are banned
|clearpoke
|poke|p1|Snorlax, M|
|poke|p1|Clefable, F|
|poke|p1|Porygon2|
|poke|p1|Maushold|
|poke|p1|Cinccino, M|
|poke|p1|Dunsparce, F|
|poke|p2|Gliscor, M|
|poke|p2|Gengar, M|
|poke|p2|Glimmora, F|
|poke|p2|Iron Moth|
|poke|p2|Pecharunt|
|poke|p2|Slowking-Galar, F|
|teampreview
|
|t:|1760823159
|teamsize|p1|6
|teamsize|p2|6
|start
|switch|p1a: Cinccino|Cinccino, M|100/100
|switch|p2a: Glimmora|Glimmora, F|100/100
|turn|1
|
|t:|1760823169
|move|p1a: Cinccino|Triple Axel|p2a: Glimmora
|-damage|p2a: Glimmora|93/100
|-activate|p2a: Glimmora|ability: Toxic Debris
|-sidestart|p1: Dem Big Bois|move: Toxic Spikes
|-damage|p2a: Glimmora|79/100
|-activate|p2a: Glimmora|ability: Toxic Debris
|-sidestart|p1: Dem Big Bois|move: Toxic Spikes
|-damage|p2a: Glimmora|55/100
|-hitcount|p2a: Glimmora|3
|move|p2a: Glimmora|Mortal Spin|p1a: Cinccino
|-damage|p1a: Cinccino|90/100
|-status|p1a: Cinccino|psn
|
|-damage|p1a: Cinccino|78/100 psn|[from] psn
|upkeep
|turn|2
|
|t:|1760823187
|move|p1a: Cinccino|Bullet Seed|p2a: Glimmora
|-damage|p2a: Glimmora|46/100
|-damage|p2a: Glimmora|36/100
|-damage|p2a: Glimmora|27/100
|-damage|p2a: Glimmora|18/100
|-damage|p2a: Glimmora|7/100
|-hitcount|p2a: Glimmora|5
|move|p2a: Glimmora|Power Gem|p1a: Cinccino
|-damage|p1a: Cinccino|1/100 psn
|
|-damage|p1a: Cinccino|0 fnt|[from] psn
|faint|p1a: Cinccino
|upkeep
|
|t:|1760823205
|switch|p1a: Maushold|Maushold|100/100
|-status|p1a: Maushold|tox
|turn|3
|
|t:|1760823211
|move|p1a: Maushold|Tidy Up|p1a: Maushold
|-sideend|p1: Dem Big Bois|Toxic Spikes
|-activate|p1a: Maushold|move: Tidy Up
|-boost|p1a: Maushold|atk|1
|-boost|p1a: Maushold|spe|1
|move|p2a: Glimmora|Power Gem|p1a: Maushold
|-damage|p1a: Maushold|40/100 tox
|
|-damage|p1a: Maushold|34/100 tox|[from] psn
|upkeep
|turn|4
|
|t:|1760823221
|move|p1a: Maushold|U-turn|p2a: Glimmora
|-resisted|p2a: Glimmora
|-damage|p2a: Glimmora|0 fnt
|-activate|p2a: Glimmora|ability: Toxic Debris
|-sidestart|p1: Dem Big Bois|move: Toxic Spikes
|faint|p2a: Glimmora
|
|t:|1760823232
|switch|p1a: Dunsparce|Dunsparce, F|100/100|[from] U-turn
|-status|p1a: Dunsparce|psn
|
|-damage|p1a: Dunsparce|88/100 psn|[from] psn
|upkeep
|
|t:|1760823243
|switch|p2a: Gengar|Gengar, M|100/100
|turn|5
|
|t:|1760823248
|move|p2a: Gengar|Trick|p1a: Dunsparce
|-activate|p2a: Gengar|move: Trick|[of] p1a: Dunsparce
|-item|p1a: Dunsparce|Choice Scarf|[from] move: Trick
|-item|p2a: Gengar|Eviolite|[from] move: Trick
|move|p1a: Dunsparce|Ancient Power|p2a: Gengar
|-damage|p2a: Gengar|84/100
|
|-damage|p1a: Dunsparce|76/100 psn|[from] psn
|upkeep
|turn|6
|
|t:|1760823256
|switch|p2a: Slowking|Slowking-Galar, F|100/100
|move|p1a: Dunsparce|Ancient Power|p2a: Slowking
|-damage|p2a: Slowking|96/100
|
|-damage|p1a: Dunsparce|63/100 psn|[from] psn
|upkeep
|turn|7
|
|t:|1760823262
|move|p1a: Dunsparce|Ancient Power|p2a: Slowking
|-damage|p2a: Slowking|92/100
|move|p2a: Slowking|Low Sweep|p1a: Dunsparce
|-supereffective|p1a: Dunsparce
|-damage|p1a: Dunsparce|44/100 psn
|-unboost|p1a: Dunsparce|spe|1
|
|-damage|p1a: Dunsparce|32/100 psn|[from] psn
|upkeep
|turn|8
|
|t:|1760823270
|move|p1a: Dunsparce|Ancient Power|p2a: Slowking
|-damage|p2a: Slowking|87/100
|move|p2a: Slowking|Low Sweep|p1a: Dunsparce
|-supereffective|p1a: Dunsparce
|-damage|p1a: Dunsparce|13/100 psn
|-unboost|p1a: Dunsparce|spe|1
|
|-damage|p1a: Dunsparce|0 fnt|[from] psn
|faint|p1a: Dunsparce
|upkeep
|
|t:|1760823278
|switch|p1a: Maushold|Maushold|34/100 tox
|turn|9
|
|t:|1760823284
|move|p1a: Maushold|Tidy Up|p1a: Maushold
|-sideend|p1: Dem Big Bois|Toxic Spikes
|-activate|p1a: Maushold|move: Tidy Up
|-boost|p1a: Maushold|atk|1
|-boost|p1a: Maushold|spe|1
|move|p2a: Slowking|Psychic Noise|p1a: Maushold
|-damage|p1a: Maushold|0 fnt
|faint|p1a: Maushold
|
|upkeep
|
|t:|1760823298
|switch|p1a: Snorlax|Snorlax, M|100/100
|turn|10
|
|t:|1760823304
|move|p1a: Snorlax|Earthquake|p2a: Slowking
|-supereffective|p2a: Slowking
|-damage|p2a: Slowking|42/100
|move|p2a: Slowking|Low Sweep|p1a: Snorlax
|-supereffective|p1a: Snorlax
|-damage|p1a: Snorlax|83/100
|-unboost|p1a: Snorlax|spe|1
|
|-heal|p1a: Snorlax|89/100|[from] item: Leftovers
|upkeep
|turn|11
|
|t:|1760823315
|switch|p2a: Gliscor|Gliscor, M|100/100
|move|p1a: Snorlax|Body Slam|p2a: Gliscor
|-damage|p2a: Gliscor|67/100
|
|-heal|p1a: Snorlax|96/100|[from] item: Leftovers
|-status|p2a: Gliscor|tox|[from] item: Toxic Orb
|upkeep
|turn|12
|
|t:|1760823324
|move|p2a: Gliscor|Protect|p2a: Gliscor
|-singleturn|p2a: Gliscor|Protect
|move|p1a: Snorlax|Body Slam|p2a: Gliscor
|-activate|p2a: Gliscor|move: Protect
|
|-heal|p1a: Snorlax|100/100|[from] item: Leftovers
|-heal|p2a: Gliscor|80/100 tox|[from] ability: Poison Heal
|upkeep
|turn|13
|
|t:|1760823332
|move|p2a: Gliscor|Swords Dance|p2a: Gliscor
|-boost|p2a: Gliscor|atk|2
|move|p1a: Snorlax|Body Slam|p2a: Gliscor
|-damage|p2a: Gliscor|48/100 tox
|
|-heal|p2a: Gliscor|61/100 tox|[from] ability: Poison Heal
|upkeep
|turn|14
|
|t:|1760823340
|switch|p1a: Clefable|Clefable, F|100/100
|move|p2a: Gliscor|Earthquake|p1a: Clefable
|-damage|p1a: Clefable|69/100
|
|-heal|p1a: Clefable|75/100|[from] item: Leftovers
|-heal|p2a: Gliscor|73/100 tox|[from] ability: Poison Heal
|upkeep
|turn|15
|
|t:|1760823351
|switch|p2a: Gengar|Gengar, M|84/100
|move|p1a: Clefable|Alluring Voice|p2a: Gengar
|-resisted|p2a: Gengar
|-damage|p2a: Gengar|63/100
|-start|p1a: Clefable|Disable|Alluring Voice|[from] ability: Cursed Body|[of] p2a: Gengar
|
|-heal|p1a: Clefable|81/100|[from] item: Leftovers
|upkeep
|turn|16
|
|t:|1760823364
|move|p2a: Gengar|Trick|p1a: Clefable
|-activate|p2a: Gengar|move: Trick|[of] p1a: Clefable
|-item|p1a: Clefable|Eviolite|[from] move: Trick
|-item|p2a: Gengar|Leftovers|[from] move: Trick
|move|p1a: Clefable|Thunderbolt|p2a: Gengar
|-damage|p2a: Gengar|33/100
|
|-heal|p2a: Gengar|39/100|[from] item: Leftovers
|upkeep
|turn|17
|inactive|Battle timer is ON: inactive players will automatically lose when time's up. (requested by Crow76VGC)
|
|t:|1760823375
|move|p2a: Gengar|Clear Smog|p1a: Clefable
|-supereffective|p1a: Clefable
|-damage|p1a: Clefable|36/100
|-clearboost|p1a: Clefable
|move|p1a: Clefable|Thunderbolt|p2a: Gengar
|-damage|p2a: Gengar|4/100
|
|-heal|p2a: Gengar|10/100|[from] item: Leftovers
|upkeep
|turn|18
|
|t:|1760823383
|move|p2a: Gengar|Clear Smog|p1a: Clefable
|-supereffective|p1a: Clefable
|-damage|p1a: Clefable|0 fnt
|-clearboost|p1a: Clefable
|faint|p1a: Clefable
|
|-heal|p2a: Gengar|17/100|[from] item: Leftovers
|upkeep
|
|t:|1760823394
|switch|p1a: Porygon2|Porygon2|100/100
|turn|19
|
|t:|1760823401
|move|p2a: Gengar|Destiny Bond|p2a: Gengar
|-singlemove|p2a: Gengar|Destiny Bond
|move|p1a: Porygon2|Thunderbolt|p2a: Gengar
|-damage|p2a: Gengar|0 fnt
|faint|p2a: Gengar
|-activate|p2a: Gengar|move: Destiny Bond
|faint|p1a: Porygon2
|
|upkeep
|
|t:|1760823413
|switch|p2a: Iron Moth|Iron Moth|100/100
|switch|p1a: Snorlax|Snorlax, M|100/100
|-enditem|p2a: Iron Moth|Booster Energy
|-activate|p2a: Iron Moth|ability: Quark Drive|[fromitem]
|-start|p2a: Iron Moth|quarkdrivespa
|turn|20
|
|t:|1760823422
|-terastallize|p2a: Iron Moth|Fairy
|move|p2a: Iron Moth|Fiery Dance|p1a: Snorlax
|-damage|p1a: Snorlax|88/100
|-boost|p2a: Iron Moth|spa|1
|move|p1a: Snorlax|Earthquake|p2a: Iron Moth
|-damage|p2a: Iron Moth|56/100
|
|-heal|p1a: Snorlax|94/100|[from] item: Leftovers
|upkeep
|turn|21
|
|t:|1760823433
|move|p2a: Iron Moth|Fiery Dance|p1a: Snorlax
|-damage|p1a: Snorlax|75/100
|move|p1a: Snorlax|Body Slam|p2a: Iron Moth
|-damage|p2a: Iron Moth|3/100
|
|-heal|p1a: Snorlax|81/100|[from] item: Leftovers
|upkeep
|turn|22
|
|t:|1760823440
|move|p2a: Iron Moth|Sludge Wave|p1a: Snorlax
|-damage|p1a: Snorlax|38/100
|move|p1a: Snorlax|Body Slam|p2a: Iron Moth
|-damage|p2a: Iron Moth|0 fnt
|faint|p2a: Iron Moth
|-end|p2a: Iron Moth|Quark Drive|[silent]
|
|-heal|p1a: Snorlax|44/100|[from] item: Leftovers
|upkeep
|
|t:|1760823444
|switch|p2a: Pecharunt|Pecharunt|100/100
|turn|23
|
|t:|1760823450
|move|p2a: Pecharunt|Malignant Chain|p1a: Snorlax
|-damage|p1a: Snorlax|29/100
|-status|p1a: Snorlax|tox
|-start|p1a: Snorlax|confusion|[from] ability: Poison Puppeteer|[of] p2a: Pecharunt
|-activate|p1a: Snorlax|confusion
|-damage|p1a: Snorlax|20/100 tox|[from] confusion
|
|-heal|p1a: Snorlax|26/100 tox|[from] item: Leftovers
|-damage|p1a: Snorlax|20/100 tox|[from] psn
|upkeep
|turn|24
|
|t:|1760823460
|move|p2a: Pecharunt|Malignant Chain|p1a: Snorlax
|-damage|p1a: Snorlax|5/100 tox
|-activate|p1a: Snorlax|confusion
|move|p1a: Snorlax|Rest|p1a: Snorlax
|-status|p1a: Snorlax|slp|[from] move: Rest
|-heal|p1a: Snorlax|100/100 slp|[silent]
|
|upkeep
|turn|25
|
|t:|1760823467
|switch|p2a: Gliscor|Gliscor, M|73/100 tox
|cant|p1a: Snorlax|slp
|-end|p1a: Snorlax|confusion
|move|p1a: Snorlax|Sleep Talk|p1a: Snorlax
|move|p1a: Snorlax|Body Slam|p2a: Gliscor|[from] move: Sleep Talk
|-damage|p2a: Gliscor|42/100 tox
|
|-heal|p2a: Gliscor|54/100 tox|[from] ability: Poison Heal
|upkeep
|turn|26
|
|t:|1760823476
|move|p2a: Gliscor|Protect|p2a: Gliscor
|-singleturn|p2a: Gliscor|Protect
|cant|p1a: Snorlax|slp
|move|p1a: Snorlax|Sleep Talk|p1a: Snorlax
|move|p1a: Snorlax|Earthquake|p2a: Gliscor|[from] move: Sleep Talk
|-activate|p2a: Gliscor|move: Protect
|
|-heal|p2a: Gliscor|67/100 tox|[from] ability: Poison Heal
|upkeep
|turn|27
|
|t:|1760823486
|-terastallize|p1a: Snorlax|Normal
|move|p2a: Gliscor|Swords Dance|p2a: Gliscor
|-boost|p2a: Gliscor|atk|2
|-curestatus|p1a: Snorlax|slp|[msg]
|move|p1a: Snorlax|Body Slam|p2a: Gliscor
|-damage|p2a: Gliscor|22/100 tox
|
|-heal|p2a: Gliscor|35/100 tox|[from] ability: Poison Heal
|upkeep
|turn|28
|
|t:|1760823499
|move|p2a: Gliscor|Protect|p2a: Gliscor
|-singleturn|p2a: Gliscor|Protect
|move|p1a: Snorlax|Body Slam|p2a: Gliscor
|-activate|p2a: Gliscor|move: Protect
|
|-heal|p2a: Gliscor|47/100 tox|[from] ability: Poison Heal
|upkeep
|turn|29
|
|t:|1760823508
|move|p2a: Gliscor|Earthquake|p1a: Snorlax
|-damage|p1a: Snorlax|21/100
|move|p1a: Snorlax|Body Slam|p2a: Gliscor
|-damage|p2a: Gliscor|4/100 tox
|
|-heal|p1a: Snorlax|27/100|[from] item: Leftovers
|-heal|p2a: Gliscor|17/100 tox|[from] ability: Poison Heal
|upkeep
|turn|30
|
|t:|1760823518
|move|p2a: Gliscor|Earthquake|p1a: Snorlax
|-damage|p1a: Snorlax|0 fnt
|faint|p1a: Snorlax
|
|win|Crow76VGC
|raw|Dem Big Bois's rating: 1326 &rarr; <strong>1306</strong><br />(-20 for losing)
|raw|Crow76VGC's rating: 1325 &rarr; <strong>1345</strong><br />(+20 for winning)
|c|☆Dem Big Bois|gg
|l|☆Crow76VGC
|player|p2|
|l|☆Dem Big Bois
|player|p1|
