|j|☆raikiriA
|j|☆cjefkejjfe
|t:|1760834500
|gametype|singles
|player|p1|raikiriA|benga|1029
|player|p2|cjefkejjfe|2|1000
|gen|9
|tier|[Gen 9] OU
|rated|
|rule|HP Percentage Mod: HP is shown in percentages
|rule|Endless Battle Clause: Forcing endless battles is banned
|rule|Species Clause: Limit one of each Pokémon
|rule|OHKO Clause: OHKO moves are banned
|rule|Evasion Items Clause: Evasion items are banned
|rule|Evasion Moves Clause: Evasion moves are banned
|rule|Evasion Abilities Clause: Evasion abilities are banned
|rule|Sleep Moves Clause: Sleep-inducing moves are banned
|clearpoke
|poke|p1|Dragapult, M|
|poke|p1|Toxapex, F|
|poke|p1|Chansey, F|
|poke|p1|Hawlucha, M|
|poke|p1|Blaziken, F|
|poke|p1|Whimsicott, M|
|poke|p2|Quagsire, F|
|poke|p2|Quaquaval, M|
|poke|p2|Slowking, M|
|poke|p2|Overqwil, M|
|poke|p2|Talonflame, M|
|poke|p2|Necrozma|
|teampreview
|
|t:|1760834530
|teamsize|p1|6
|teamsize|p2|6
|start
|switch|p1a: Whimsicott|Whimsicott, M|100/100
|switch|p2a: Quagsire|Quagsire, F|100/100
|turn|1
|
|t:|1760834537
|move|p1a: Whimsicott|Stun Spore|p2a: Quagsire
|-status|p2a: Quagsire|par
|move|p2a: Quagsire|Stealth Rock|p1a: Whimsicott
|-sidestart|p1: raikiriA|move: Stealth Rock
|
|upkeep
|turn|2
|
|t:|1760834543
|move|p1a: Whimsicott|Encore|p2a: Quagsire
|-start|p2a: Quagsire|Encore
|cant|p2a: Quagsire|par
|
|upkeep
|turn|3
|
|t:|1760834549
|switch|p2a: Slowking|Slowking, M|100/100
|move|p1a: Whimsicott|Leech Seed|p2a: Slowking
|-start|p2a: Slowking|move: Leech Seed
|
|-damage|p2a: Slowking|88/100|[from] Leech Seed|[of] p1a: Whimsicott
|upkeep
|turn|4
|
|t:|1760834556
|switch|p2a: Quagsire|Quagsire, F|100/100 par
|move|p1a: Whimsicott|Stun Spore|p2a: Quagsire
|-fail|p2a: Quagsire|par
|
|upkeep
|turn|5
|
|t:|1760834561
|move|p1a: Whimsicott|Leech Seed|p2a: Quagsire
|-start|p2a: Quagsire|move: Leech Seed
|cant|p2a: Quagsire|par
|
|-damage|p2a: Quagsire|88/100 par|[from] Leech Seed|[of] p1a: Whimsicott
|upkeep
|turn|6
|
|t:|1760834566
|move|p1a: Whimsicott|Tailwind|p1a: Whimsicott
|-sidestart|p1: raikiriA|move: Tailwind
|move|p2a: Quagsire|Spikes|p1a: Whimsicott
|-sidestart|p1: raikiriA|Spikes
|
|-heal|p2a: Quagsire|94/100 par|[from] item: Leftovers
|-damage|p2a: Quagsire|82/100 par|[from] Leech Seed|[of] p1a: Whimsicott
|upkeep
|turn|7
|
|t:|1760834576
|move|p1a: Whimsicott|Encore|p2a: Quagsire
|-start|p2a: Quagsire|Encore
|move|p2a: Quagsire|Spikes|p1a: Whimsicott
|-sidestart|p1: raikiriA|Spikes
|
|-heal|p2a: Quagsire|88/100 par|[from] item: Leftovers
|-damage|p2a: Quagsire|75/100 par|[from] Leech Seed|[of] p1a: Whimsicott
|upkeep
|turn|8
|
|t:|1760834586
|move|p1a: Whimsicott|Leech Seed|p2a: Quagsire|[miss]
|-miss|p1a: Whimsicott|p2a: Quagsire
|cant|p2a: Quagsire|par
|
|-heal|p2a: Quagsire|81/100 par|[from] item: Leftovers
|-damage|p2a: Quagsire|69/100 par|[from] Leech Seed|[of] p1a: Whimsicott
|upkeep
|turn|9
|
|t:|1760834595
|move|p1a: Whimsicott|Leech Seed||[still]
|-fail|p1a: Whimsicott
|move|p2a: Quagsire|Spikes|p1a: Whimsicott
|-sidestart|p1: raikiriA|Spikes
|
|-heal|p2a: Quagsire|75/100 par|[from] item: Leftovers
|-damage|p2a: Quagsire|63/100 par|[from] Leech Seed|[of] p1a: Whimsicott
|-end|p2a: Quagsire|Encore
|-sideend|p1: raikiriA|move: Tailwind
|upkeep
|turn|10
|
|t:|1760834616
|switch|p2a: Talonflame|Talonflame, M|100/100
|move|p1a: Whimsicott|Tailwind|p1a: Whimsicott
|-sidestart|p1: raikiriA|move: Tailwind
|
|upkeep
|turn|11
|
|t:|1760834624
|move|p1a: Whimsicott|Stun Spore|p2a: Talonflame
|-status|p2a: Talonflame|par
|move|p2a: Talonflame|Hurricane|p1a: Whimsicott
|-supereffective|p1a: Whimsicott
|-damage|p1a: Whimsicott|0 fnt
|faint|p1a: Whimsicott
|
|upkeep
|
|t:|1760834634
|switch|p1a: Hawlucha|Hawlucha, M|100/100
|-damage|p1a: Hawlucha|88/100|[from] Stealth Rock
|turn|12
|
|t:|1760834639
|cant|p2a: Talonflame|par
|move|p1a: Hawlucha|Substitute|p1a: Hawlucha
|-start|p1a: Hawlucha|Substitute
|-damage|p1a: Hawlucha|63/100
|
|upkeep
|turn|13
|
|t:|1760834646
|move|p2a: Talonflame|Hurricane|p1a: Hawlucha
|-supereffective|p1a: Hawlucha
|-end|p1a: Hawlucha|Substitute
|move|p1a: Hawlucha|Swords Dance|p1a: Hawlucha
|-boost|p1a: Hawlucha|atk|2
|
|-sideend|p1: raikiriA|move: Tailwind
|upkeep
|turn|14
|
|t:|1760834661
|move|p2a: Talonflame|Hurricane|p1a: Hawlucha|[miss]
|-miss|p2a: Talonflame|p1a: Hawlucha
|move|p1a: Hawlucha|Substitute|p1a: Hawlucha
|-start|p1a: Hawlucha|Substitute
|-damage|p1a: Hawlucha|38/100
|
|upkeep
|turn|15
|
|t:|1760834669
|move|p2a: Talonflame|Hurricane|p1a: Hawlucha
|-supereffective|p1a: Hawlucha
|-end|p1a: Hawlucha|Substitute
|move|p1a: Hawlucha|Swords Dance|p1a: Hawlucha
|-boost|p1a: Hawlucha|atk|2
|
|upkeep
|turn|16
|
|t:|1760834676
|move|p2a: Talonflame|Hurricane|p1a: Hawlucha
|-supereffective|p1a: Hawlucha
|-damage|p1a: Hawlucha|0 fnt
|faint|p1a: Hawlucha
|
|upkeep
|
|t:|1760834682
|switch|p1a: Toxapex|Toxapex, F|100/100
|-damage|p1a: Toxapex|88/100|[from] Stealth Rock
|-damage|p1a: Toxapex|63/100|[from] Spikes
|turn|17
|
|t:|1760834690
|switch|p2a: Quagsire|Quagsire, F|63/100 par
|move|p1a: Toxapex|Recover|p1a: Toxapex
|-heal|p1a: Toxapex|100/100
|
|-heal|p2a: Quagsire|69/100 par|[from] item: Leftovers
|upkeep
|turn|18
|
|t:|1760834697
|move|p1a: Toxapex|Toxic Spikes|p2a: Quagsire
|-sidestart|p2: cjefkejjfe|move: Toxic Spikes
|move|p2a: Quagsire|Earthquake|p1a: Toxapex
|-supereffective|p1a: Toxapex
|-damage|p1a: Toxapex|60/100
|
|-heal|p1a: Toxapex|67/100|[from] item: Black Sludge
|-heal|p2a: Quagsire|75/100 par|[from] item: Leftovers
|upkeep
|turn|19
|
|t:|1760834701
|move|p1a: Toxapex|Toxic Spikes|p2a: Quagsire
|-sidestart|p2: cjefkejjfe|move: Toxic Spikes
|move|p2a: Quagsire|Earthquake|p1a: Toxapex
|-supereffective|p1a: Toxapex
|-damage|p1a: Toxapex|29/100
|
|-heal|p1a: Toxapex|35/100|[from] item: Black Sludge
|-heal|p2a: Quagsire|81/100 par|[from] item: Leftovers
|upkeep
|turn|20
|
|t:|1760834705
|move|p1a: Toxapex|Recover|p1a: Toxapex
|-heal|p1a: Toxapex|85/100
|move|p2a: Quagsire|Earthquake|p1a: Toxapex
|-supereffective|p1a: Toxapex
|-damage|p1a: Toxapex|48/100
|
|-heal|p1a: Toxapex|54/100|[from] item: Black Sludge
|-heal|p2a: Quagsire|87/100 par|[from] item: Leftovers
|upkeep
|turn|21
|
|t:|1760834708
|move|p1a: Toxapex|Recover|p1a: Toxapex
|-heal|p1a: Toxapex|100/100
|move|p2a: Quagsire|Earthquake|p1a: Toxapex
|-supereffective|p1a: Toxapex
|-damage|p1a: Toxapex|67/100
|
|-heal|p1a: Toxapex|73/100|[from] item: Black Sludge
|-heal|p2a: Quagsire|93/100 par|[from] item: Leftovers
|upkeep
|turn|22
|
|t:|1760834721
|move|p1a: Toxapex|Recover|p1a: Toxapex
|-heal|p1a: Toxapex|100/100
|move|p2a: Quagsire|Earthquake|p1a: Toxapex
|-supereffective|p1a: Toxapex
|-damage|p1a: Toxapex|63/100
|
|-heal|p1a: Toxapex|69/100|[from] item: Black Sludge
|-heal|p2a: Quagsire|99/100 par|[from] item: Leftovers
|upkeep
|turn|23
|
|t:|1760834725
|move|p1a: Toxapex|Baneful Bunker|p1a: Toxapex
|-singleturn|p1a: Toxapex|move: Protect
|move|p2a: Quagsire|Earthquake|p1a: Toxapex
|-activate|p1a: Toxapex|move: Protect
|
|-heal|p1a: Toxapex|75/100|[from] item: Black Sludge
|-heal|p2a: Quagsire|100/100 par|[from] item: Leftovers
|upkeep
|turn|24
|
|t:|1760834727
|move|p1a: Toxapex|Baneful Bunker|p1a: Toxapex
|-singleturn|p1a: Toxapex|move: Protect
|cant|p2a: Quagsire|par
|
|-heal|p1a: Toxapex|82/100|[from] item: Black Sludge
|upkeep
|turn|25
|
|t:|1760834730
|move|p1a: Toxapex|Baneful Bunker||[still]
|-fail|p1a: Toxapex
|cant|p2a: Quagsire|par
|
|-heal|p1a: Toxapex|88/100|[from] item: Black Sludge
|upkeep
|turn|26
|
|t:|1760834734
|move|p1a: Toxapex|Baneful Bunker|p1a: Toxapex
|-singleturn|p1a: Toxapex|move: Protect
|move|p2a: Quagsire|Spikes||[still]
|-fail|p2a: Quagsire
|
|-heal|p1a: Toxapex|94/100|[from] item: Black Sludge
|upkeep
|turn|27
|
|t:|1760834739
|move|p1a: Toxapex|Haze|p1a: Toxapex
|-clearallboost
|move|p2a: Quagsire|Earthquake|p1a: Toxapex
|-supereffective|p1a: Toxapex
|-damage|p1a: Toxapex|61/100
|
|-heal|p1a: Toxapex|67/100|[from] item: Black Sludge
|upkeep
|turn|28
|
|t:|1760834745
|move|p1a: Toxapex|Baneful Bunker|p1a: Toxapex
|-singleturn|p1a: Toxapex|move: Protect
|cant|p2a: Quagsire|par
|
|-heal|p1a: Toxapex|73/100|[from] item: Black Sludge
|upkeep
|turn|29
|
|t:|1760834747
|move|p1a: Toxapex|Baneful Bunker|p1a: Toxapex
|-singleturn|p1a: Toxapex|move: Protect
|move|p2a: Quagsire|Earthquake|p1a: Toxapex
|-activate|p1a: Toxapex|move: Protect
|
|-heal|p1a: Toxapex|79/100|[from] item: Black Sludge
|upkeep
|turn|30
|
|t:|1760834752
|move|p1a: Toxapex|Haze|p1a: Toxapex
|-clearallboost
|move|p2a: Quagsire|Earthquake|p1a: Toxapex
|-supereffective|p1a: Toxapex
|-damage|p1a: Toxapex|43/100
|
|-heal|p1a: Toxapex|50/100|[from] item: Black Sludge
|upkeep
|turn|31
|
|t:|1760834759
|move|p1a: Toxapex|Toxic Spikes||[still]
|-fail|p1a: Toxapex
|move|p2a: Quagsire|Earthquake|p1a: Toxapex
|-supereffective|p1a: Toxapex
|-damage|p1a: Toxapex|9/100
|
|-heal|p1a: Toxapex|16/100|[from] item: Black Sludge
|upkeep
|turn|32
|
|t:|1760834761
|move|p1a: Toxapex|Recover|p1a: Toxapex
|-heal|p1a: Toxapex|66/100
|move|p2a: Quagsire|Spikes||[still]
|-fail|p2a: Quagsire
|
|-heal|p1a: Toxapex|72/100|[from] item: Black Sludge
|upkeep
|turn|33
|
|t:|1760834764
|move|p1a: Toxapex|Baneful Bunker|p1a: Toxapex
|-singleturn|p1a: Toxapex|move: Protect
|move|p2a: Quagsire|Earthquake|p1a: Toxapex
|-activate|p1a: Toxapex|move: Protect
|
|-heal|p1a: Toxapex|78/100|[from] item: Black Sludge
|upkeep
|turn|34
|
|t:|1760834767
|move|p1a: Toxapex|Baneful Bunker||[still]
|-fail|p1a: Toxapex
|move|p2a: Quagsire|Earthquake|p1a: Toxapex
|-supereffective|p1a: Toxapex
|-damage|p1a: Toxapex|44/100
|
|-heal|p1a: Toxapex|50/100|[from] item: Black Sludge
|upkeep
|turn|35
|
|t:|1760834769
|move|p1a: Toxapex|Baneful Bunker|p1a: Toxapex
|-singleturn|p1a: Toxapex|move: Protect
|cant|p2a: Quagsire|par
|
|-heal|p1a: Toxapex|56/100|[from] item: Black Sludge
|upkeep
|turn|36
|
|t:|1760834771
|move|p1a: Toxapex|Baneful Bunker|p1a: Toxapex
|-singleturn|p1a: Toxapex|move: Protect
|cant|p2a: Quagsire|par
|
|-heal|p1a: Toxapex|63/100|[from] item: Black Sludge
|upkeep
|turn|37
|
|t:|1760834774
|move|p1a: Toxapex|Haze|p1a: Toxapex
|-clearallboost
|cant|p2a: Quagsire|par
|
|-heal|p1a: Toxapex|69/100|[from] item: Black Sludge
|upkeep
|turn|38
|
|t:|1760834776
|move|p1a: Toxapex|Haze|p1a: Toxapex
|-clearallboost
|move|p2a: Quagsire|Earthquake|p1a: Toxapex
|-supereffective|p1a: Toxapex
|-damage|p1a: Toxapex|29/100
|
|-heal|p1a: Toxapex|36/100|[from] item: Black Sludge
|upkeep
|turn|39
|
|t:|1760834779
|move|p1a: Toxapex|Recover|p1a: Toxapex
|-heal|p1a: Toxapex|86/100
|move|p2a: Quagsire|Stealth Rock||[still]
|-fail|p2a: Quagsire
|
|-heal|p1a: Toxapex|92/100|[from] item: Black Sludge
|upkeep
|turn|40
|
|t:|1760834782
|move|p1a: Toxapex|Toxic Spikes||[still]
|-fail|p1a: Toxapex
|move|p2a: Quagsire|Stealth Rock||[still]
|-fail|p2a: Quagsire
|
|-heal|p1a: Toxapex|98/100|[from] item: Black Sludge
|upkeep
|turn|41
|
|t:|1760834784
|move|p1a: Toxapex|Toxic Spikes||[still]
|-fail|p1a: Toxapex
|move|p2a: Quagsire|Stealth Rock||[still]
|-fail|p2a: Quagsire
|
|-heal|p1a: Toxapex|100/100|[from] item: Black Sludge
|upkeep
|turn|42
|
|t:|1760834785
|move|p1a: Toxapex|Toxic Spikes||[still]
|-fail|p1a: Toxapex
|move|p2a: Quagsire|Stealth Rock||[still]
|-fail|p2a: Quagsire
|
|upkeep
|turn|43
|
|t:|1760834787
|move|p1a: Toxapex|Toxic Spikes||[still]
|-fail|p1a: Toxapex
|cant|p2a: Quagsire|par
|
|upkeep
|turn|44
|
|t:|1760834788
|move|p1a: Toxapex|Toxic Spikes||[still]
|-fail|p1a: Toxapex
|move|p2a: Quagsire|Earthquake|p1a: Toxapex
|-supereffective|p1a: Toxapex
|-damage|p1a: Toxapex|67/100
|
|-heal|p1a: Toxapex|73/100|[from] item: Black Sludge
|upkeep
|turn|45
|
|t:|1760834803
|switch|p1a: Dragapult|Dragapult, M|100/100
|-damage|p1a: Dragapult|88/100|[from] Stealth Rock
|-damage|p1a: Dragapult|63/100|[from] Spikes
|move|p2a: Quagsire|Earthquake|p1a: Dragapult
|-crit|p1a: Dragapult
|-damage|p1a: Dragapult|0 fnt
|faint|p1a: Dragapult
|
|upkeep
|
|t:|1760834814
|switch|p1a: Blaziken|Blaziken, F|100/100
|-damage|p1a: Blaziken|88/100|[from] Stealth Rock
|-damage|p1a: Blaziken|63/100|[from] Spikes
|turn|46
|
|t:|1760834828
|move|p1a: Blaziken|Swords Dance|p1a: Blaziken
|-boost|p1a: Blaziken|atk|2
|move|p2a: Quagsire|Earthquake|p1a: Blaziken
|-supereffective|p1a: Blaziken
|-damage|p1a: Blaziken|0 fnt
|faint|p1a: Blaziken
|
|upkeep
|-message|raikiriA forfeited.
|
|win|cjefkejjfe
|raw|raikiriA's rating: 1029 &rarr; <strong>1013</strong><br />(-16 for losing)
|raw|cjefkejjfe's rating: 1000 &rarr; <strong>1043</strong><br />(+43 for winning)
|l|☆raikiriA
|player|p1|
