|j|☆jadhe
|j|☆best_fighter_euw
|t:|1760790395
|gametype|singles
|player|p1|jadhe|2|1148
|player|p2|best_fighter_euw|266|1193
|gen|9
|tier|[Gen 9] OU
|rated|
|rule|HP Percentage Mod: HP is shown in percentages
|rule|Endless Battle Clause: Forcing endless battles is banned
|rule|Species Clause: Limit one of each Pokémon
|rule|OHKO Clause: OHKO moves are banned
|rule|Evasion Items Clause: Evasion items are banned
|rule|Evasion Moves Clause: Evasion moves are banned
|rule|Evasion Abilities Clause: Evasion abilities are banned
|rule|Sleep Moves Clause: Sleep-inducing moves are banned
|clearpoke
|poke|p1|Gliscor, M|
|poke|p1|Tropius, F|
|poke|p1|Cinderace, F|
|poke|p1|Indeedee, M|
|poke|p1|Iron Treads|
|poke|p1|Heatran, F|
|poke|p2|Corviknight, F|
|poke|p2|Glimmora, F|
|poke|p2|Rillaboom, F|
|poke|p2|Heatran, M|
|poke|p2|Primarina, M|
|poke|p2|Scizor, F|
|teampreview
|inactive|Battle timer is ON: inactive players will automatically lose when time's up. (requested by best_fighter_euw)
|
|t:|1760790409
|teamsize|p1|6
|teamsize|p2|6
|start
|switch|p1a: Tropius|Tropius, F|100/100
|switch|p2a: Glimmora|Glimmora, F|100/100
|turn|1
|
|t:|1760790415
|switch|p1a: Gliscor|Gliscor, M|100/100
|move|p2a: Glimmora|Sludge Wave|p1a: Gliscor
|-resisted|p1a: Gliscor
|-damage|p1a: Gliscor|72/100
|
|-status|p1a: Gliscor|tox|[from] item: Toxic Orb
|upkeep
|turn|2
|
|t:|1760790422
|move|p2a: Glimmora|Stealth Rock|p1a: Gliscor
|-sidestart|p1: jadhe|move: Stealth Rock
|move|p1a: Gliscor|Substitute|p1a: Gliscor
|-start|p1a: Gliscor|Substitute
|-damage|p1a: Gliscor|47/100 tox
|
|-heal|p1a: Gliscor|60/100 tox|[from] ability: Poison Heal
|upkeep
|turn|3
|
|t:|1760790427
|move|p2a: Glimmora|Sludge Wave|p1a: Gliscor
|-resisted|p1a: Gliscor
|-end|p1a: Gliscor|Substitute
|move|p1a: Gliscor|Earthquake|p2a: Glimmora
|-supereffective|p2a: Glimmora
|-enditem|p2a: Glimmora|Focus Sash
|-damage|p2a: Glimmora|1/100
|-activate|p2a: Glimmora|ability: Toxic Debris
|-sidestart|p1: jadhe|move: Toxic Spikes
|
|-heal|p1a: Gliscor|72/100 tox|[from] ability: Poison Heal
|upkeep
|turn|4
|
|t:|1760790434
|move|p2a: Glimmora|Sludge Wave|p1a: Gliscor
|-resisted|p1a: Gliscor
|-damage|p1a: Gliscor|39/100 tox
|move|p1a: Gliscor|Substitute|p1a: Gliscor
|-start|p1a: Gliscor|Substitute
|-damage|p1a: Gliscor|15/100 tox
|
|-heal|p1a: Gliscor|27/100 tox|[from] ability: Poison Heal
|upkeep
|turn|5
|
|t:|1760790438
|move|p1a: Gliscor|Protect|p1a: Gliscor
|-singleturn|p1a: Gliscor|Protect
|move|p2a: Glimmora|Sludge Wave|p1a: Gliscor
|-activate|p1a: Gliscor|move: Protect
|
|-heal|p1a: Gliscor|39/100 tox|[from] ability: Poison Heal
|upkeep
|turn|6
|
|t:|1760790449
|move|p2a: Glimmora|Sludge Wave|p1a: Gliscor
|-resisted|p1a: Gliscor
|-end|p1a: Gliscor|Substitute
|move|p1a: Gliscor|Substitute|p1a: Gliscor
|-start|p1a: Gliscor|Substitute
|-damage|p1a: Gliscor|15/100 tox
|
|-heal|p1a: Gliscor|27/100 tox|[from] ability: Poison Heal
|upkeep
|turn|7
|
|t:|1760790458
|move|p1a: Gliscor|Protect|p1a: Gliscor
|-singleturn|p1a: Gliscor|Protect
|move|p2a: Glimmora|Sludge Wave|p1a: Gliscor
|-activate|p1a: Gliscor|move: Protect
|
|-heal|p1a: Gliscor|39/100 tox|[from] ability: Poison Heal
|upkeep
|turn|8
|
|t:|1760790474
|switch|p1a: Iron Treads|Iron Treads|100/100
|-damage|p1a: Iron Treads|97/100|[from] Stealth Rock
|-enditem|p1a: Iron Treads|Booster Energy
|-activate|p1a: Iron Treads|ability: Quark Drive|[fromitem]
|-start|p1a: Iron Treads|quarkdrivespe
|move|p2a: Glimmora|Sludge Wave|p1a: Iron Treads
|-immune|p1a: Iron Treads
|
|upkeep
|turn|9
|
|t:|1760790479
|move|p1a: Iron Treads|Rapid Spin|p2a: Glimmora
|-resisted|p2a: Glimmora
|-crit|p2a: Glimmora
|-damage|p2a: Glimmora|0 fnt
|-boost|p1a: Iron Treads|spe|1
|-activate|p2a: Glimmora|ability: Toxic Debris
|-sidestart|p1: jadhe|move: Toxic Spikes
|-sideend|p1: jadhe|Toxic Spikes|[from] move: Rapid Spin|[of] p1a: Iron Treads
|-sideend|p1: jadhe|Stealth Rock|[from] move: Rapid Spin|[of] p1a: Iron Treads
|faint|p2a: Glimmora
|
|upkeep
|
|t:|1760790485
|switch|p2a: Heatran|Heatran, M|100/100
|turn|10
|
|t:|1760790487
|switch|p2a: Corviknight|Corviknight, F|100/100
|-ability|p2a: Corviknight|Pressure
|move|p1a: Iron Treads|Earthquake|p2a: Corviknight
|-immune|p2a: Corviknight
|
|upkeep
|turn|11
|
|t:|1760790503
|-end|p1a: Iron Treads|Quark Drive|[silent]
|switch|p1a: Heatran|Heatran, F|100/100
|-item|p1a: Heatran|Air Balloon
|move|p2a: Corviknight|Body Press|p1a: Heatran
|-supereffective|p1a: Heatran
|-damage|p1a: Heatran|59/100
|-enditem|p1a: Heatran|Air Balloon
|
|upkeep
|turn|12
|
|t:|1760790511
|switch|p2a: Heatran|Heatran, M|100/100
|move|p1a: Heatran|Flamethrower|p2a: Heatran
|-start|p2a: Heatran|ability: Flash Fire
|
|upkeep
|turn|13
|inactive|jadhe has 120 seconds left.
|
|t:|1760790544
|switch|p1a: Tropius|Tropius, F|100/100
|move|p2a: Heatran|Earth Power|p1a: Tropius
|-immune|p1a: Tropius
|
|upkeep
|turn|14
|
|t:|1760790561
|-terastallize|p1a: Tropius|Water
|move|p2a: Heatran|Flamethrower|p1a: Tropius
|-resisted|p1a: Tropius
|-damage|p1a: Tropius|69/100
|-status|p1a: Tropius|brn
|move|p1a: Tropius|Substitute|p1a: Tropius
|-start|p1a: Tropius|Substitute
|-damage|p1a: Tropius|44/100 brn
|-enditem|p1a: Tropius|Sitrus Berry|[eat]
|-heal|p1a: Tropius|69/100 brn|[from] item: Sitrus Berry
|
|-damage|p1a: Tropius|63/100 brn|[from] brn
|-item|p1a: Tropius|Sitrus Berry|[from] ability: Harvest
|upkeep
|turn|15
|
|t:|1760790574
|-end|p2a: Heatran|ability: Flash Fire|[silent]
|switch|p2a: Rillaboom|Rillaboom, F|100/100
|-fieldstart|move: Grassy Terrain|[from] ability: Grassy Surge|[of] p2a: Rillaboom
|move|p1a: Tropius|Leech Seed|p2a: Rillaboom
|-immune|p2a: Rillaboom
|
|-heal|p1a: Tropius|69/100 brn|[from] Grassy Terrain
|-damage|p1a: Tropius|63/100 brn|[from] brn
|upkeep
|turn|16
|
|t:|1760790579
|move|p2a: Rillaboom|Grassy Glide|p1a: Tropius
|-supereffective|p1a: Tropius
|-end|p1a: Tropius|Substitute
|move|p1a: Tropius|Air Slash|p2a: Rillaboom
|-supereffective|p2a: Rillaboom
|-damage|p2a: Rillaboom|17/100
|
|-heal|p2a: Rillaboom|23/100|[from] Grassy Terrain
|-heal|p1a: Tropius|69/100 brn|[from] Grassy Terrain
|-damage|p1a: Tropius|63/100 brn|[from] brn
|upkeep
|turn|17
|
|t:|1760790590
|switch|p1a: Cinderace|Cinderace, F|100/100
|move|p2a: Rillaboom|Grassy Glide|p1a: Cinderace
|-resisted|p1a: Cinderace
|-damage|p1a: Cinderace|58/100
|
|-heal|p1a: Cinderace|64/100|[from] Grassy Terrain
|-heal|p2a: Rillaboom|30/100|[from] Grassy Terrain
|upkeep
|turn|18
|
|t:|1760790607
|switch|p2a: Primarina|Primarina, M|100/100
|move|p1a: Cinderace|U-turn|p2a: Primarina
|-start|p1a: Cinderace|typechange|Bug|[from] ability: Libero
|-resisted|p2a: Primarina
|-damage|p2a: Primarina|71/100
|-damage|p1a: Cinderace|54/100|[from] item: Life Orb
|
|t:|1760790628
|switch|p1a: Tropius|Tropius, F, tera:Water|63/100 brn|[from] U-turn
|
|-heal|p2a: Primarina|77/100|[from] Grassy Terrain
|-heal|p1a: Tropius|69/100 brn|[from] Grassy Terrain
|-damage|p1a: Tropius|63/100 brn|[from] brn
|upkeep
|turn|19
|
|t:|1760790640
|move|p2a: Primarina|Energy Ball|p1a: Tropius
|-supereffective|p1a: Tropius
|-crit|p1a: Tropius
|-damage|p1a: Tropius|0 fnt
|faint|p1a: Tropius
|
|-heal|p2a: Primarina|84/100|[from] Grassy Terrain
|-fieldend|move: Grassy Terrain
|upkeep
|
|t:|1760790653
|switch|p1a: Cinderace|Cinderace, F|54/100
|turn|20
|
|t:|1760790671
|switch|p2a: Corviknight|Corviknight, F|100/100
|-ability|p2a: Corviknight|Pressure
|move|p1a: Cinderace|Gunk Shot|p2a: Corviknight
|-start|p1a: Cinderace|typechange|Poison|[from] ability: Libero
|-immune|p2a: Corviknight
|
|upkeep
|turn|21
|
|t:|1760790680
|move|p1a: Cinderace|U-turn|p2a: Corviknight
|-resisted|p2a: Corviknight
|-damage|p2a: Corviknight|96/100
|-damage|p1a: Cinderace|44/100|[from] item: Life Orb
|
|t:|1760790698
|switch|p1a: Heatran|Heatran, F|59/100|[from] U-turn
|move|p2a: Corviknight|Body Press|p1a: Heatran
|-supereffective|p1a: Heatran
|-damage|p1a: Heatran|18/100
|
|-heal|p2a: Corviknight|100/100|[from] item: Leftovers
|upkeep
|turn|22
|
|t:|1760790704
|move|p1a: Heatran|Stealth Rock|p2a: Corviknight
|-sidestart|p2: best_fighter_euw|move: Stealth Rock
|move|p2a: Corviknight|Body Press|p1a: Heatran
|-supereffective|p1a: Heatran
|-damage|p1a: Heatran|0 fnt
|faint|p1a: Heatran
|
|upkeep
|
|t:|1760790709
|switch|p1a: Cinderace|Cinderace, F|44/100
|turn|23
|
|t:|1760790712
|move|p1a: Cinderace|Pyro Ball|p2a: Corviknight
|-supereffective|p2a: Corviknight
|-damage|p2a: Corviknight|8/100
|-status|p2a: Corviknight|brn
|-damage|p1a: Cinderace|34/100|[from] item: Life Orb
|move|p2a: Corviknight|Defog|p1a: Cinderace
|-unboost|p1a: Cinderace|evasion|1
|-sideend|p2: best_fighter_euw|Stealth Rock|[from] move: Defog|[of] p2a: Corviknight
|
|-heal|p2a: Corviknight|14/100 brn|[from] item: Leftovers
|-damage|p2a: Corviknight|8/100 brn|[from] brn
|upkeep
|turn|24
|
|t:|1760790723
|move|p1a: Cinderace|U-turn|p2a: Corviknight
|-start|p1a: Cinderace|typechange|Bug|[from] ability: Libero
|-resisted|p2a: Corviknight
|-damage|p2a: Corviknight|1/100 brn
|-damage|p1a: Cinderace|24/100|[from] item: Life Orb
|
|t:|1760790730
|switch|p1a: Gliscor|Gliscor, M|39/100 tox|[from] U-turn
|move|p2a: Corviknight|Body Press|p1a: Gliscor
|-resisted|p1a: Gliscor
|-damage|p1a: Gliscor|35/100 tox
|
|-heal|p2a: Corviknight|8/100 brn|[from] item: Leftovers
|-heal|p1a: Gliscor|48/100 tox|[from] ability: Poison Heal
|-damage|p2a: Corviknight|1/100 brn|[from] brn
|upkeep
|turn|25
|
|t:|1760790737
|move|p1a: Gliscor|Protect|p1a: Gliscor
|-singleturn|p1a: Gliscor|Protect
|move|p2a: Corviknight|Roost|p2a: Corviknight
|-heal|p2a: Corviknight|51/100 brn
|-singleturn|p2a: Corviknight|move: Roost
|
|-heal|p2a: Corviknight|58/100 brn|[from] item: Leftovers
|-heal|p1a: Gliscor|60/100 tox|[from] ability: Poison Heal
|-damage|p2a: Corviknight|51/100 brn|[from] brn
|upkeep
|turn|26
|
|t:|1760790748
|switch|p1a: Cinderace|Cinderace, F|24/100
|move|p2a: Corviknight|Roost|p2a: Corviknight
|-heal|p2a: Corviknight|100/100 brn
|-singleturn|p2a: Corviknight|move: Roost
|
|-damage|p2a: Corviknight|94/100 brn|[from] brn
|upkeep
|turn|27
|
|t:|1760790750
|move|p1a: Cinderace|Pyro Ball|p2a: Corviknight
|-supereffective|p2a: Corviknight
|-damage|p2a: Corviknight|0 fnt
|faint|p2a: Corviknight
|-damage|p1a: Cinderace|14/100|[from] item: Life Orb
|
|upkeep
|
|t:|1760790758
|switch|p2a: Rillaboom|Rillaboom, F|30/100
|-fieldstart|move: Grassy Terrain|[from] ability: Grassy Surge|[of] p2a: Rillaboom
|turn|28
|
|t:|1760790767
|switch|p1a: Indeedee|Indeedee, M|100/100
|-fieldstart|move: Psychic Terrain|[from] ability: Psychic Surge|[of] p1a: Indeedee
|move|p2a: Rillaboom|Grassy Glide|p1a: Indeedee
|-damage|p1a: Indeedee|11/100
|
|upkeep
|turn|29
|
|t:|1760790776
|switch|p2a: Heatran|Heatran, M|100/100
|move|p1a: Indeedee|Psychic|p2a: Heatran
|-resisted|p2a: Heatran
|-damage|p2a: Heatran|87/100
|
|upkeep
|turn|30
|
|t:|1760790793
|switch|p1a: Iron Treads|Iron Treads|97/100
|move|p2a: Heatran|Earth Power|p1a: Iron Treads
|-supereffective|p1a: Iron Treads
|-damage|p1a: Iron Treads|33/100
|
|upkeep
|turn|31
|
|t:|1760790804
|move|p1a: Iron Treads|Earthquake|p2a: Heatran
|-supereffective|p2a: Heatran
|-damage|p2a: Heatran|0 fnt
|faint|p2a: Heatran
|
|upkeep
|
|t:|1760790808
|switch|p2a: Rillaboom|Rillaboom, F|30/100
|-fieldstart|move: Grassy Terrain|[from] ability: Grassy Surge|[of] p2a: Rillaboom
|turn|32
|
|t:|1760790813
|-end|p1a: Iron Treads|Quark Drive|[silent]
|switch|p1a: Gliscor|Gliscor, M|60/100 tox
|move|p2a: Rillaboom|Grassy Glide|p1a: Gliscor
|-damage|p1a: Gliscor|23/100 tox
|
|-heal|p2a: Rillaboom|36/100|[from] Grassy Terrain
|-heal|p1a: Gliscor|35/100 tox|[from] ability: Poison Heal
|upkeep
|turn|33
|
|t:|1760790819
|move|p1a: Gliscor|Protect|p1a: Gliscor
|-singleturn|p1a: Gliscor|Protect
|move|p2a: Rillaboom|Grassy Glide|p1a: Gliscor
|-activate|p1a: Gliscor|move: Protect
|
|-heal|p2a: Rillaboom|42/100|[from] Grassy Terrain
|-heal|p1a: Gliscor|48/100 tox|[from] ability: Poison Heal
|upkeep
|turn|34
|
|t:|1760790823
|move|p2a: Rillaboom|Grassy Glide|p1a: Gliscor
|-damage|p1a: Gliscor|14/100 tox
|move|p1a: Gliscor|Toxic|p2a: Rillaboom
|-status|p2a: Rillaboom|tox
|
|-heal|p2a: Rillaboom|48/100 tox|[from] Grassy Terrain
|-damage|p2a: Rillaboom|42/100 tox|[from] psn
|-heal|p1a: Gliscor|27/100 tox|[from] ability: Poison Heal
|upkeep
|turn|35
|
|t:|1760790829
|switch|p2a: Scizor|Scizor, F|100/100
|move|p1a: Gliscor|Protect||[still]
|-fail|p1a: Gliscor
|
|-heal|p1a: Gliscor|39/100 tox|[from] ability: Poison Heal
|upkeep
|turn|36
|inactive|jadhe has 120 seconds left.
|
|t:|1760790861
|switch|p1a: Iron Treads|Iron Treads|33/100
|move|p2a: Scizor|Swords Dance|p2a: Scizor
|-boost|p2a: Scizor|atk|2
|
|-heal|p1a: Iron Treads|39/100|[from] Grassy Terrain
|-fieldend|move: Grassy Terrain
|upkeep
|turn|37
|inactive|jadhe has 120 seconds left.
|
|t:|1760790885
|move|p1a: Iron Treads|Earthquake|p2a: Scizor
|-damage|p2a: Scizor|62/100
|move|p2a: Scizor|Bug Bite|p1a: Iron Treads
|-resisted|p1a: Iron Treads
|-damage|p1a: Iron Treads|3/100
|
|-heal|p2a: Scizor|68/100|[from] item: Leftovers
|upkeep
|turn|38
|
|t:|1760790891
|move|p2a: Scizor|Bullet Punch|p1a: Iron Treads
|-resisted|p1a: Iron Treads
|-damage|p1a: Iron Treads|0 fnt
|faint|p1a: Iron Treads
|-end|p1a: Iron Treads|Quark Drive|[silent]
|
|-heal|p2a: Scizor|74/100|[from] item: Leftovers
|upkeep
|
|t:|1760790899
|switch|p1a: Indeedee|Indeedee, M|11/100
|-fieldstart|move: Psychic Terrain|[from] ability: Psychic Surge|[of] p1a: Indeedee
|turn|39
|
|t:|1760790910
|switch|p2a: Rillaboom|Rillaboom, F|42/100 tox
|-fieldstart|move: Grassy Terrain|[from] ability: Grassy Surge|[of] p2a: Rillaboom
|move|p1a: Indeedee|Encore||[still]
|-fail|p1a: Indeedee
|
|-heal|p1a: Indeedee|17/100|[from] Grassy Terrain
|-heal|p2a: Rillaboom|48/100 tox|[from] Grassy Terrain
|-damage|p2a: Rillaboom|42/100 tox|[from] psn
|upkeep
|turn|40
|
|t:|1760790917
|switch|p1a: Gliscor|Gliscor, M|39/100 tox
|move|p2a: Rillaboom|Grassy Glide|p1a: Gliscor
|-damage|p1a: Gliscor|4/100 tox
|
|-heal|p2a: Rillaboom|48/100 tox|[from] Grassy Terrain
|-damage|p2a: Rillaboom|36/100 tox|[from] psn
|-heal|p1a: Gliscor|16/100 tox|[from] ability: Poison Heal
|upkeep
|turn|41
|
|t:|1760790933
|switch|p2a: Primarina|Primarina, M|84/100
|switch|p1a: Indeedee|Indeedee, M|17/100
|-fieldstart|move: Psychic Terrain|[from] ability: Psychic Surge|[of] p1a: Indeedee
|
|upkeep
|turn|42
|inactive|jadhe has 120 seconds left.
|
|t:|1760790957
|move|p1a: Indeedee|Psychic|p2a: Primarina
|-damage|p2a: Primarina|31/100
|move|p2a: Primarina|Sparkling Aria|p1a: Indeedee
|-crit|p1a: Indeedee
|-damage|p1a: Indeedee|0 fnt
|faint|p1a: Indeedee
|
|upkeep
|inactive|jadhe has 120 seconds left.
|
|t:|1760790983
|switch|p1a: Cinderace|Cinderace, F|14/100
|turn|43
|
|t:|1760790989
|move|p1a: Cinderace|Gunk Shot|p2a: Primarina
|-start|p1a: Cinderace|typechange|Poison|[from] ability: Libero
|-supereffective|p2a: Primarina
|-damage|p2a: Primarina|0 fnt
|faint|p2a: Primarina
|-damage|p1a: Cinderace|4/100|[from] item: Life Orb
|
|upkeep
|
|t:|1760790993
|switch|p2a: Rillaboom|Rillaboom, F|36/100 tox
|-fieldstart|move: Grassy Terrain|[from] ability: Grassy Surge|[of] p2a: Rillaboom
|turn|44
|inactive|jadhe has 120 seconds left.
|
|t:|1760791006
|move|p1a: Cinderace|Sucker Punch|p2a: Rillaboom
|-damage|p2a: Rillaboom|5/100 tox
|-damage|p1a: Cinderace|0 fnt|[from] item: Life Orb
|faint|p1a: Cinderace
|move|p2a: Rillaboom|Grassy Glide|p1: Cinderace|[notarget]
|-fail|p2a: Rillaboom
|
|-heal|p2a: Rillaboom|11/100 tox|[from] Grassy Terrain
|-damage|p2a: Rillaboom|5/100 tox|[from] psn
|upkeep
|
|t:|1760791013
|switch|p1a: Gliscor|Gliscor, M|16/100 tox
|turn|45
|inactive|jadhe has 120 seconds left.
|
|t:|1760791018
|move|p2a: Rillaboom|Grassy Glide|p1a: Gliscor
|-damage|p1a: Gliscor|0 fnt
|faint|p1a: Gliscor
|
|win|best_fighter_euw
|raw|jadhe's rating: 1148 &rarr; <strong>1126</strong><br />(-22 for losing)
|raw|best_fighter_euw's rating: 1193 &rarr; <strong>1215</strong><br />(+22 for winning)
|l|☆best_fighter_euw
|player|p2|
|l|☆jadhe
|player|p1|
