|j|☆FenixFyre04
|j|☆V4-l4ck1n
|t:|1760785641
|gametype|singles
|player|p1|FenixFyre04|steven|1338
|player|p2|V4-l4ck1n|101|1317
|gen|9
|tier|[Gen 9] OU
|rated|
|rule|HP Percentage Mod: HP is shown in percentages
|rule|Endless Battle Clause: Forcing endless battles is banned
|rule|Species Clause: Limit one of each Pokémon
|rule|OHKO Clause: OHKO moves are banned
|rule|Evasion Items Clause: Evasion items are banned
|rule|Evasion Moves Clause: Evasion moves are banned
|rule|Evasion Abilities Clause: Evasion abilities are banned
|rule|Sleep Moves Clause: Sleep-inducing moves are banned
|clearpoke
|poke|p1|Hatterene, F|
|poke|p1|Mimikyu, F|
|poke|p1|Gholdengo|
|poke|p1|Slowking, M|
|poke|p1|Slither Wing|
|poke|p1|Braviary-Hisui, M|
|poke|p2|Garchomp, M|
|poke|p2|Ribombee, M|
|poke|p2|Great Tusk|
|poke|p2|Heatran, F|
|poke|p2|Cacturne, M|
|poke|p2|Gengar, F|
|teampreview
|inactive|Battle timer is ON: inactive players will automatically lose when time's up. (requested by FenixFyre04)
|inactive|FenixFyre04 has 120 seconds left.
|
|t:|1760785672
|teamsize|p1|6
|teamsize|p2|6
|start
|switch|p1a: Gholdengo|Gholdengo|100/100
|switch|p2a: Gengar|Gengar, F|100/100
|turn|1
|
|t:|1760785685
|-terastallize|p1a: Gholdengo|Steel
|move|p2a: Gengar|Shadow Ball|p1a: Gholdengo
|-damage|p1a: Gholdengo|43/100
|-damage|p2a: Gengar|91/100|[from] item: Life Orb
|move|p1a: Gholdengo|Shadow Ball|p2a: Gengar
|-supereffective|p2a: Gengar
|-damage|p2a: Gengar|0 fnt
|faint|p2a: Gengar
|
|upkeep
|
|t:|1760785696
|switch|p2a: Garchomp|Garchomp, M|100/100
|turn|2
|
|t:|1760785712
|switch|p1a: Slither Wing|Slither Wing|100/100
|move|p2a: Garchomp|Swords Dance|p2a: Garchomp
|-boost|p2a: Garchomp|atk|2
|
|upkeep
|turn|3
|
|t:|1760785721
|-terastallize|p2a: Garchomp|Fire
|move|p2a: Garchomp|Fire Fang|p1a: Slither Wing
|-supereffective|p1a: Slither Wing
|-damage|p1a: Slither Wing|0 fnt
|faint|p1a: Slither Wing
|-end|p1a: Slither Wing|Protosynthesis|[silent]
|
|upkeep
|
|t:|1760785731
|switch|p1a: Slowking|Slowking, M|100/100
|turn|4
|
|t:|1760785735
|move|p2a: Garchomp|Scale Shot|p1a: Slowking|[miss]
|-miss|p2a: Garchomp|p1a: Slowking
|move|p1a: Slowking|Trick Room|p1a: Slowking
|-fieldstart|move: Trick Room|[of] p1a: Slowking
|
|upkeep
|turn|5
|
|t:|1760785741
|switch|p2a: Cacturne|Cacturne, M, shiny|100/100
|move|p1a: Slowking|Scald|p2a: Cacturne
|-immune|p2a: Cacturne|[from] ability: Water Absorb
|
|upkeep
|turn|6
|
|t:|1760785753
|switch|p1a: Braviary|Braviary-Hisui, M|100/100
|move|p2a: Cacturne|Knock Off|p1a: Braviary
|-supereffective|p1a: Braviary
|-damage|p1a: Braviary|10/100
|-enditem|p1a: Braviary|Heavy-Duty Boots|[from] move: Knock Off|[of] p2a: Cacturne
|
|upkeep
|turn|7
|
|t:|1760785760
|move|p2a: Cacturne|Sucker Punch|p1a: Braviary
|-supereffective|p1a: Braviary
|-damage|p1a: Braviary|0 fnt
|faint|p1a: Braviary
|
|upkeep
|
|t:|1760785767
|switch|p1a: Gholdengo|Gholdengo, tera:Steel|43/100
|turn|8
|
|t:|1760785774
|switch|p2a: Heatran|Heatran, F|100/100
|move|p1a: Gholdengo|Make It Rain|p2a: Heatran
|-resisted|p2a: Heatran
|-damage|p2a: Heatran|82/100
|-unboost|p1a: Gholdengo|spa|1
|
|-heal|p2a: Heatran|89/100|[from] item: Leftovers
|-fieldend|move: Trick Room
|upkeep
|turn|9
|
|t:|1760785783
|switch|p2a: Cacturne|Cacturne, M, shiny|100/100
|switch|p1a: Slowking|Slowking, M|100/100
|
|upkeep
|turn|10
|
|t:|1760785792
|move|p2a: Cacturne|Knock Off|p1a: Slowking
|-supereffective|p1a: Slowking
|-crit|p1a: Slowking
|-damage|p1a: Slowking|0 fnt
|-enditem|p1a: Slowking|Heavy-Duty Boots|[from] move: Knock Off|[of] p2a: Cacturne
|faint|p1a: Slowking
|
|upkeep
|
|t:|1760785798
|switch|p1a: Hatterene|Hatterene, F|100/100
|turn|11
|
|t:|1760785803
|move|p2a: Cacturne|Knock Off|p1a: Hatterene
|-damage|p1a: Hatterene|28/100
|-enditem|p1a: Hatterene|Life Orb|[from] move: Knock Off|[of] p2a: Cacturne
|move|p1a: Hatterene|Trick Room|p1a: Hatterene
|-fieldstart|move: Trick Room|[of] p1a: Hatterene
|
|upkeep
|turn|12
|
|t:|1760785811
|move|p2a: Cacturne|Sucker Punch||[still]
|-fail|p2a: Cacturne
|move|p1a: Hatterene|Healing Wish|p1a: Hatterene
|faint|p1a: Hatterene
|
|upkeep
|
|t:|1760785821
|switch|p1a: Gholdengo|Gholdengo, tera:Steel|43/100
|-heal|p1a: Gholdengo|100/100|[from] move: Healing Wish
|turn|13
|
|t:|1760785837
|switch|p2a: Heatran|Heatran, F|89/100
|move|p1a: Gholdengo|Nasty Plot|p1a: Gholdengo
|-boost|p1a: Gholdengo|spa|2
|
|-heal|p2a: Heatran|95/100|[from] item: Leftovers
|upkeep
|turn|14
|
|t:|1760785846
|move|p1a: Gholdengo|Shadow Ball|p2a: Heatran
|-damage|p2a: Heatran|40/100
|move|p2a: Heatran|Earth Power|p1a: Gholdengo
|-supereffective|p1a: Gholdengo
|-damage|p1a: Gholdengo|54/100
|
|-heal|p2a: Heatran|46/100|[from] item: Leftovers
|upkeep
|turn|15
|
|t:|1760785855
|move|p2a: Heatran|Protect|p2a: Heatran
|-singleturn|p2a: Heatran|Protect
|move|p1a: Gholdengo|Shadow Ball|p2a: Heatran
|-activate|p2a: Heatran|move: Protect
|
|-heal|p2a: Heatran|53/100|[from] item: Leftovers
|-fieldend|move: Trick Room
|upkeep
|turn|16
|
|t:|1760785865
|move|p2a: Heatran|Earth Power|p1a: Gholdengo
|-supereffective|p1a: Gholdengo
|-damage|p1a: Gholdengo|0 fnt
|faint|p1a: Gholdengo
|
|-heal|p2a: Heatran|59/100|[from] item: Leftovers
|upkeep
|
|t:|1760785868
|switch|p1a: Mimikyu|Mimikyu, F|100/100
|turn|17
|
|t:|1760785872
|move|p2a: Heatran|Earth Power|p1a: Mimikyu
|-activate|p1a: Mimikyu|ability: Disguise
|-damage|p1a: Mimikyu|100/100
|detailschange|p1a: Mimikyu|Mimikyu-Busted, F
|-damage|p1a: Mimikyu|88/100|[from] pokemon: Mimikyu-Busted
|-enditem|p1a: Mimikyu|Red Card|[of] p2a: Heatran
|drag|p2a: Garchomp|Garchomp, M, tera:Fire|100/100
|move|p1a: Mimikyu|Trick Room|p1a: Mimikyu
|-fieldstart|move: Trick Room|[of] p1a: Mimikyu
|
|upkeep
|turn|18
|
|t:|1760785884
|move|p1a: Mimikyu|Destiny Bond|p1a: Mimikyu
|-singlemove|p1a: Mimikyu|Destiny Bond
|move|p2a: Garchomp|Earthquake|p1a: Mimikyu
|-damage|p1a: Mimikyu|36/100
|
|upkeep
|turn|19
|-message|FenixFyre04 forfeited.
|
|win|V4-l4ck1n
|raw|FenixFyre04's rating: 1338 &rarr; <strong>1317</strong><br />(-21 for losing)
|raw|V4-l4ck1n's rating: 1317 &rarr; <strong>1338</strong><br />(+21 for winning)
|l|☆FenixFyre04
|player|p1|
|l|☆V4-l4ck1n
|player|p2|
