|badge|p2|silver|gen9ou|30-7
|uhtml|medal-msg|<div class="broadcast-blue">Curious what those medals under the avatar are? PS now has Ladder Seasons! For more information, check out the <a href="https://www.smogon.com/forums/threads/3740067/">thread on Smogon.</a></div>
|j|☆SpongeGar & Patar
|j|☆DivJudgement
|t:|1760799050
|gametype|singles
|player|p1|SpongeGar & Patar|101|1854
|player|p2|DivJudgement|dragontamer-gen6|1930
|gen|9
|tier|[Gen 9] OU
|rated|
|rule|HP Percentage Mod: HP is shown in percentages
|rule|Endless Battle Clause: Forcing endless battles is banned
|rule|Species Clause: Limit one of each Pokémon
|rule|OHKO Clause: OHKO moves are banned
|rule|Evasion Items Clause: Evasion items are banned
|rule|Evasion Moves Clause: Evasion moves are banned
|rule|Evasion Abilities Clause: Evasion abilities are banned
|rule|Sleep Moves Clause: Sleep-inducing moves are banned
|clearpoke
|poke|p1|Kyurem|
|poke|p1|Corviknight, M|
|poke|p1|Ting-Lu|
|poke|p1|Dondozo, M|
|poke|p1|Slowking-Galar, L99, M|
|poke|p1|Cinderace, M|
|poke|p2|Slowking-Galar, M|
|poke|p2|Kyurem|
|poke|p2|Cinderace, F|
|poke|p2|Tornadus-Therian, M|
|poke|p2|Hydrapple, F|
|poke|p2|Kingambit, F|
|teampreview
|inactive|Battle timer is ON: inactive players will automatically lose when time's up. (requested by DivJudgement)
|inactive|SpongeGar & Patar has 120 seconds left.
|
|t:|1760799101
|teamsize|p1|6
|teamsize|p2|6
|start
|switch|p1a: Slowking|Slowking-Galar, L99, M|100/100
|switch|p2a: Thieving Drunk|Tornadus-Therian, M|100/100
|turn|1
|inactive|SpongeGar & Patar also wants the timer to be on.
|inactive|SpongeGar & Patar has 120 seconds left.
|inactive|DivJudgement has 120 seconds left.
|
|t:|1760799150
|move|p2a: Thieving Drunk|Knock Off|p1a: Slowking
|-supereffective|p1a: Slowking
|-damage|p1a: Slowking|61/100
|-enditem|p1a: Slowking|Heavy-Duty Boots|[from] move: Knock Off|[of] p2a: Thieving Drunk
|move|p1a: Slowking|Future Sight|p2a: Thieving Drunk
|-start|p1a: Slowking|move: Future Sight
|
|upkeep
|turn|2
|inactive|DivJudgement has 120 seconds left.
|j| crackstone
|inactive|SpongeGar & Patar has 90 seconds left.
|
|t:|1760799199
|move|p2a: Thieving Drunk|Taunt|p1a: Slowking
|-start|p1a: Slowking|move: Taunt
|-prepare|p1a: Slowking|Chilly Reception|[premajor]
|cant|p1a: Slowking|move: Taunt|Chilly Reception
|
|upkeep
|turn|3
|inactive|DivJudgement has 120 seconds left.
|inactive|SpongeGar & Patar has 60 seconds left.
|inactive|DivJudgement has 90 seconds left.
|
|t:|1760799248
|switch|p1a: Kyurem|Kyurem|100/100
|-ability|p1a: Kyurem|Pressure
|move|p2a: Thieving Drunk|U-turn|p1a: Kyurem
|-damage|p1a: Kyurem|86/100
|
|t:|1760799250
|switch|p2a: Depressed Drunk|Slowking-Galar, M|100/100|[from] U-turn
|
|-end|p2a: Depressed Drunk|move: Future Sight
|-damage|p2a: Depressed Drunk|67/100
|-heal|p1a: Kyurem|93/100|[from] item: Leftovers
|upkeep
|turn|4
|
|t:|1760799259
|move|p1a: Kyurem|Freeze-Dry|p2a: Depressed Drunk
|-damage|p2a: Depressed Drunk|39/100
|-prepare|p2a: Depressed Drunk|Chilly Reception|[premajor]
|move|p2a: Depressed Drunk|Chilly Reception|p2a: Depressed Drunk
|-weather|Snowscape
|
|t:|1760799266
|switch|p2a: Boro Breath|Cinderace, F|100/100|[from] Chilly Reception
|
|-weather|Snowscape|[upkeep]
|-heal|p1a: Kyurem|99/100|[from] item: Leftovers
|upkeep
|turn|5
|
|t:|1760799275
|move|p2a: Boro Breath|U-turn|p1a: Kyurem
|-start|p2a: Boro Breath|typechange|Bug|[from] ability: Libero
|-damage|p1a: Kyurem|79/100
|
|t:|1760799277
|switch|p2a: Thieving Drunk|Tornadus-Therian, M|100/100|[from] U-turn
|move|p1a: Kyurem|Freeze-Dry|p2a: Thieving Drunk
|-supereffective|p2a: Thieving Drunk
|-damage|p2a: Thieving Drunk|22/100
|
|-weather|Snowscape|[upkeep]
|-heal|p1a: Kyurem|86/100|[from] item: Leftovers
|upkeep
|turn|6
|
|t:|1760799287
|move|p2a: Thieving Drunk|Knock Off|p1a: Kyurem
|-damage|p1a: Kyurem|74/100
|-enditem|p1a: Kyurem|Leftovers|[from] move: Knock Off|[of] p2a: Thieving Drunk
|move|p1a: Kyurem|Freeze-Dry|p2a: Thieving Drunk
|-supereffective|p2a: Thieving Drunk
|-damage|p2a: Thieving Drunk|0 fnt
|faint|p2a: Thieving Drunk
|
|-weather|Snowscape|[upkeep]
|upkeep
|
|t:|1760799291
|switch|p2a: Boro Breath|Cinderace, F|100/100
|turn|7
|
|t:|1760799301
|move|p2a: Boro Breath|Pyro Ball|p1a: Kyurem|[miss]
|-miss|p2a: Boro Breath|p1a: Kyurem
|move|p1a: Kyurem|Freeze-Dry|p2a: Boro Breath
|-resisted|p2a: Boro Breath
|-damage|p2a: Boro Breath|76/100
|-status|p2a: Boro Breath|frz
|
|-weather|Snowscape|[upkeep]
|upkeep
|turn|8
|
|t:|1760799311
|switch|p2a: Ragnaraku|Kyurem|100/100
|-ability|p2a: Ragnaraku|Pressure
|move|p1a: Kyurem|Earth Power|p2a: Ragnaraku
|-damage|p2a: Ragnaraku|72/100
|
|-weather|none
|upkeep
|turn|9
|
|t:|1760799321
|move|p1a: Kyurem|Protect|p1a: Kyurem
|-singleturn|p1a: Kyurem|Protect
|move|p2a: Ragnaraku|Freeze-Dry|p1a: Kyurem
|-activate|p1a: Kyurem|move: Protect
|
|upkeep
|turn|10
|
|t:|1760799331
|switch|p2a: Depressed Drunk|Slowking-Galar, M|73/100
|move|p1a: Kyurem|Freeze-Dry|p2a: Depressed Drunk
|-damage|p2a: Depressed Drunk|46/100
|
|upkeep
|turn|11
|
|t:|1760799342
|move|p1a: Kyurem|Earth Power|p2a: Depressed Drunk
|-supereffective|p2a: Depressed Drunk
|-damage|p2a: Depressed Drunk|2/100
|-unboost|p2a: Depressed Drunk|spd|1
|-prepare|p2a: Depressed Drunk|Chilly Reception|[premajor]
|move|p2a: Depressed Drunk|Chilly Reception|p2a: Depressed Drunk
|-weather|Snowscape
|
|t:|1760799345
|switch|p2a: Ragnaraku|Kyurem|72/100|[from] Chilly Reception
|-ability|p2a: Ragnaraku|Pressure
|
|-weather|Snowscape|[upkeep]
|upkeep
|turn|12
|inactive|SpongeGar & Patar has 90 seconds left.
|
|t:|1760799354
|move|p1a: Kyurem|Protect|p1a: Kyurem
|-singleturn|p1a: Kyurem|Protect
|move|p2a: Ragnaraku|Freeze-Dry|p1a: Kyurem
|-activate|p1a: Kyurem|move: Protect
|
|-weather|Snowscape|[upkeep]
|upkeep
|turn|13
|inactive|SpongeGar & Patar has 90 seconds left.
|inactive|SpongeGar & Patar has 60 seconds left.
|
|t:|1760799403
|switch|p1a: Slowking|Slowking-Galar, L99, M|94/100
|move|p2a: Ragnaraku|Freeze-Dry|p1a: Slowking
|-damage|p1a: Slowking|59/100
|
|-weather|Snowscape|[upkeep]
|upkeep
|turn|14
|inactive|SpongeGar & Patar has 60 seconds left.
|inactive|DivJudgement has 120 seconds left.
|inactive|SpongeGar & Patar has 30 seconds left.
|inactive|SpongeGar & Patar has 20 seconds left.
|
|t:|1760799453
|switch|p2a: Depressed Drunk|Slowking-Galar, M|35/100
|move|p1a: Slowking|Sludge Bomb|p2a: Depressed Drunk
|-resisted|p2a: Depressed Drunk
|-damage|p2a: Depressed Drunk|24/100
|
|-weather|Snowscape|[upkeep]
|upkeep
|turn|15
|inactive|SpongeGar & Patar has 30 seconds left this turn.
|inactive|SpongeGar & Patar has 20 seconds left.
|inactive|DivJudgement has 120 seconds left.
|
|t:|1760799489
|-prepare|p2a: Depressed Drunk|Chilly Reception|[premajor]
|move|p2a: Depressed Drunk|Chilly Reception|p2a: Depressed Drunk
|
|t:|1760799492
|switch|p2a: Raging Drunk|Kingambit, F|100/100|[from] Chilly Reception
|-activate|p2a: Raging Drunk|ability: Supreme Overlord
|-start|p2a: Raging Drunk|fallen1|[silent]
|move|p1a: Slowking|Sludge Bomb|p2a: Raging Drunk
|-immune|p2a: Raging Drunk
|
|-weather|none
|upkeep
|turn|16
|inactive|SpongeGar & Patar has 30 seconds left.
|
|t:|1760799501
|-end|p2a: Raging Drunk|fallen1|[silent]
|switch|p2a: Depressed Drunk|Slowking-Galar, M|57/100
|switch|p1a: Dondozo|Dondozo, M|100/100
|
|upkeep
|turn|17
|
|t:|1760799511
|move|p1a: Dondozo|Waterfall|p2a: Depressed Drunk
|-damage|p2a: Depressed Drunk|37/100
|-prepare|p2a: Depressed Drunk|Chilly Reception|[premajor]
|move|p2a: Depressed Drunk|Chilly Reception|p2a: Depressed Drunk
|-weather|Snowscape
|
|t:|1760799512
|switch|p2a: Ragnaraku|Kyurem|72/100|[from] Chilly Reception
|-ability|p2a: Ragnaraku|Pressure
|
|-weather|Snowscape|[upkeep]
|upkeep
|turn|18
|
|t:|1760799522
|switch|p1a: Slowking|Slowking-Galar, L99, M|93/100
|-terastallize|p2a: Ragnaraku|Ice
|move|p2a: Ragnaraku|Blizzard|p1a: Slowking
|-damage|p1a: Slowking|18/100
|
|-weather|Snowscape|[upkeep]
|upkeep
|turn|19
|
|t:|1760799531
|switch|p1a: Cinderace|Cinderace, M|100/100
|move|p2a: Ragnaraku|Blizzard|p1a: Cinderace
|-resisted|p1a: Cinderace
|-damage|p1a: Cinderace|26/100
|
|-weather|Snowscape|[upkeep]
|upkeep
|turn|20
|
|t:|1760799541
|switch|p2a: Laughing Drunk|Hydrapple, F|100/100
|move|p1a: Cinderace|Pyro Ball|p2a: Laughing Drunk
|-damage|p2a: Laughing Drunk|60/100
|
|-weather|Snowscape|[upkeep]
|upkeep
|turn|21
|inactive|SpongeGar & Patar has 60 seconds left.
|
|t:|1760799552
|move|p1a: Cinderace|Pyro Ball|p2a: Laughing Drunk
|-damage|p2a: Laughing Drunk|20/100
|move|p2a: Laughing Drunk|Fickle Beam|p1a: Cinderace
|-damage|p1a: Cinderace|0 fnt
|faint|p1a: Cinderace
|
|-weather|none
|upkeep
|j| wgw2333
|
|t:|1760799562
|switch|p1a: Slowking|Slowking-Galar, L99, M|51/100
|turn|22
|inactive|SpongeGar & Patar has 60 seconds left.
|
|t:|1760799571
|switch|p2a: Depressed Drunk|Slowking-Galar, M|70/100
|move|p1a: Slowking|Sludge Bomb|p2a: Depressed Drunk
|-resisted|p2a: Depressed Drunk
|-damage|p2a: Depressed Drunk|57/100
|
|upkeep
|turn|23
|inactive|SpongeGar & Patar has 60 seconds left.
|
|t:|1760799582
|switch|p2a: Raging Drunk|Kingambit, F|100/100
|-activate|p2a: Raging Drunk|ability: Supreme Overlord
|-start|p2a: Raging Drunk|fallen1|[silent]
|move|p1a: Slowking|Toxic|p2a: Raging Drunk
|-immune|p2a: Raging Drunk
|
|upkeep
|turn|24
|
|t:|1760799591
|-end|p2a: Raging Drunk|fallen1|[silent]
|switch|p2a: Ragnaraku|Kyurem, tera:Ice|72/100
|-ability|p2a: Ragnaraku|Pressure
|move|p1a: Slowking|Toxic|p2a: Ragnaraku
|-status|p2a: Ragnaraku|tox
|
|-damage|p2a: Ragnaraku|65/100 tox|[from] psn
|upkeep
|turn|25
|
|t:|1760799601
|move|p2a: Ragnaraku|Freeze-Dry|p1a: Slowking
|-damage|p1a: Slowking|0 fnt
|faint|p1a: Slowking
|
|-damage|p2a: Ragnaraku|53/100 tox|[from] psn
|upkeep
|
|t:|1760799610
|switch|p1a: Kyurem|Kyurem|74/100
|-ability|p1a: Kyurem|Pressure
|turn|26
|
|t:|1760799620
|switch|p2a: Depressed Drunk|Slowking-Galar, M|90/100
|move|p1a: Kyurem|Protect||[still]
|-fail|p1a: Kyurem
|
|upkeep
|turn|27
|
|t:|1760799629
|-terastallize|p1a: Kyurem|Ground
|move|p1a: Kyurem|Earth Power|p2a: Depressed Drunk
|-supereffective|p2a: Depressed Drunk
|-damage|p2a: Depressed Drunk|18/100
|move|p2a: Depressed Drunk|Focus Blast|p1a: Kyurem
|-damage|p1a: Kyurem|48/100
|
|upkeep
|turn|28
|
|t:|1760799640
|move|p1a: Kyurem|Earth Power|p2a: Depressed Drunk
|-supereffective|p2a: Depressed Drunk
|-damage|p2a: Depressed Drunk|0 fnt
|faint|p2a: Depressed Drunk
|
|upkeep
|
|t:|1760799641
|switch|p2a: Boro Breath|Cinderace, F|76/100 frz
|turn|29
|inactive|SpongeGar & Patar has 90 seconds left.
|
|t:|1760799650
|switch|p1a: Dondozo|Dondozo, M|100/100
|-curestatus|p2a: Boro Breath|frz|[from] move: Pyro Ball
|move|p2a: Boro Breath|Pyro Ball|p1a: Dondozo
|-resisted|p1a: Dondozo
|-damage|p1a: Dondozo|89/100
|
|-heal|p1a: Dondozo|95/100|[from] item: Leftovers
|upkeep
|turn|30
|inactive|SpongeGar & Patar has 90 seconds left.
|inactive|SpongeGar & Patar has 60 seconds left.
|
|t:|1760799699
|switch|p1a: Kyurem|Kyurem, tera:Ground|48/100
|-ability|p1a: Kyurem|Pressure
|move|p2a: Boro Breath|Pyro Ball|p1a: Kyurem
|-damage|p1a: Kyurem|0 fnt
|faint|p1a: Kyurem
|
|upkeep
|inactive|SpongeGar & Patar has 30 seconds left.
|inactive|SpongeGar & Patar has 20 seconds left.
|inactive|SpongeGar & Patar has 15 seconds left.
|
|t:|1760799748
|switch|p1a: Corviknight|Corviknight, M|100/100
|-ability|p1a: Corviknight|Pressure
|turn|31
|inactive|SpongeGar & Patar has 25 seconds left this turn.
|inactive|SpongeGar & Patar has 20 seconds left.
|
|t:|1760799757
|move|p2a: Boro Breath|U-turn|p1a: Corviknight
|-start|p2a: Boro Breath|typechange|Bug|[from] ability: Libero
|-resisted|p1a: Corviknight
|-damage|p1a: Corviknight|96/100
|-damage|p2a: Boro Breath|59/100|[from] item: Rocky Helmet|[of] p1a: Corviknight
|
|t:|1760799759
|switch|p2a: Laughing Drunk|Hydrapple, F|54/100|[from] U-turn
|move|p1a: Corviknight|Brave Bird|p2a: Laughing Drunk
|-supereffective|p2a: Laughing Drunk
|-damage|p2a: Laughing Drunk|13/100
|-damage|p1a: Corviknight|79/100|[from] item: Rocky Helmet|[of] p2a: Laughing Drunk
|-damage|p1a: Corviknight|66/100|[from] Recoil
|
|upkeep
|turn|32
|inactive|SpongeGar & Patar has 30 seconds left.
|
|t:|1760799769
|move|p1a: Corviknight|Roost|p1a: Corviknight
|-heal|p1a: Corviknight|100/100
|-singleturn|p1a: Corviknight|move: Roost
|move|p2a: Laughing Drunk|Earth Power|p1a: Corviknight
|-supereffective|p1a: Corviknight
|-damage|p1a: Corviknight|57/100
|
|upkeep
|turn|33
|
|t:|1760799779
|move|p1a: Corviknight|Roost|p1a: Corviknight
|-heal|p1a: Corviknight|100/100
|-singleturn|p1a: Corviknight|move: Roost
|move|p2a: Laughing Drunk|Earth Power|p1a: Corviknight
|-supereffective|p1a: Corviknight
|-damage|p1a: Corviknight|53/100
|
|upkeep
|turn|34
|
|t:|1760799788
|switch|p2a: Boro Breath|Cinderace, F|59/100
|move|p1a: Corviknight|Roost|p1a: Corviknight
|-heal|p1a: Corviknight|100/100
|-singleturn|p1a: Corviknight|move: Roost
|
|upkeep
|turn|35
|
|t:|1760799798
|move|p2a: Boro Breath|Pyro Ball|p1a: Corviknight
|-supereffective|p1a: Corviknight
|-damage|p1a: Corviknight|39/100
|move|p1a: Corviknight|Brave Bird|p2a: Boro Breath
|-damage|p2a: Boro Breath|5/100
|-damage|p1a: Corviknight|25/100|[from] Recoil
|
|upkeep
|turn|36
|
|t:|1760799809
|switch|p1a: Dondozo|Dondozo, M|95/100
|move|p2a: Boro Breath|High Jump Kick|p1a: Dondozo
|-start|p2a: Boro Breath|typechange|Fighting|[from] ability: Libero
|-damage|p1a: Dondozo|66/100
|
|-heal|p1a: Dondozo|72/100|[from] item: Leftovers
|upkeep
|turn|37
|
|t:|1760799818
|switch|p2a: Ragnaraku|Kyurem, tera:Ice|53/100 tox
|-ability|p2a: Ragnaraku|Pressure
|move|p1a: Dondozo|Curse|p1a: Dondozo
|-unboost|p1a: Dondozo|spe|1
|-boost|p1a: Dondozo|atk|1
|-boost|p1a: Dondozo|def|1
|
|-heal|p1a: Dondozo|79/100|[from] item: Leftovers
|-damage|p2a: Ragnaraku|47/100 tox|[from] psn
|upkeep
|turn|38
|
|t:|1760799828
|switch|p1a: Corviknight|Corviknight, M|25/100
|-ability|p1a: Corviknight|Pressure
|move|p2a: Ragnaraku|Freeze-Dry|p1a: Corviknight
|-damage|p1a: Corviknight|0 fnt
|faint|p1a: Corviknight
|
|-damage|p2a: Ragnaraku|35/100 tox|[from] psn
|upkeep
|
|t:|1760799837
|switch|p1a: Ting-Lu|Ting-Lu|100/100
|-ability|p1a: Ting-Lu|Vessel of Ruin
|turn|39
|inactive|SpongeGar & Patar has 60 seconds left.
|
|t:|1760799846
|move|p2a: Ragnaraku|Freeze-Dry|p1a: Ting-Lu
|-supereffective|p1a: Ting-Lu
|-damage|p1a: Ting-Lu|36/100
|move|p1a: Ting-Lu|Rest|p1a: Ting-Lu
|-status|p1a: Ting-Lu|slp|[from] move: Rest
|-heal|p1a: Ting-Lu|100/100 slp|[silent]
|
|-damage|p2a: Ragnaraku|16/100 tox|[from] psn
|upkeep
|turn|40
|
|t:|1760799856
|switch|p2a: Laughing Drunk|Hydrapple, F|46/100
|cant|p1a: Ting-Lu|slp
|move|p1a: Ting-Lu|Sleep Talk|p1a: Ting-Lu
|move|p1a: Ting-Lu|Rest||[from] move: Sleep Talk|[still]
|-fail|p1a: Ting-Lu
|
|upkeep
|turn|41
|
|t:|1760799865
|move|p2a: Laughing Drunk|Giga Drain|p1a: Ting-Lu
|-supereffective|p1a: Ting-Lu
|-damage|p1a: Ting-Lu|76/100 slp
|-heal|p2a: Laughing Drunk|61/100|[from] drain|[of] p1a: Ting-Lu
|cant|p1a: Ting-Lu|slp
|move|p1a: Ting-Lu|Sleep Talk|p1a: Ting-Lu
|move|p1a: Ting-Lu|Rest||[from] move: Sleep Talk|[still]
|-fail|p1a: Ting-Lu
|
|-heal|p1a: Ting-Lu|82/100 slp|[from] item: Leftovers
|upkeep
|turn|42
|
|t:|1760799875
|move|p2a: Laughing Drunk|Body Press|p1a: Ting-Lu
|-supereffective|p1a: Ting-Lu
|-damage|p1a: Ting-Lu|53/100 slp
|-curestatus|p1a: Ting-Lu|slp|[msg]
|move|p1a: Ting-Lu|Rest|p1a: Ting-Lu
|-status|p1a: Ting-Lu|slp|[from] move: Rest
|-heal|p1a: Ting-Lu|100/100 slp|[silent]
|
|upkeep
|turn|43
|
|t:|1760799885
|move|p2a: Laughing Drunk|Body Press|p1a: Ting-Lu
|-supereffective|p1a: Ting-Lu
|-damage|p1a: Ting-Lu|71/100 slp
|cant|p1a: Ting-Lu|slp
|move|p1a: Ting-Lu|Sleep Talk|p1a: Ting-Lu
|move|p1a: Ting-Lu|Payback|p2a: Laughing Drunk|[from] move: Sleep Talk
|-damage|p2a: Laughing Drunk|42/100
|-damage|p1a: Ting-Lu|54/100 slp|[from] item: Rocky Helmet|[of] p2a: Laughing Drunk
|
|-heal|p1a: Ting-Lu|61/100 slp|[from] item: Leftovers
|upkeep
|turn|44
|
|t:|1760799895
|switch|p1a: Dondozo|Dondozo, M|79/100
|move|p2a: Laughing Drunk|Body Press|p1a: Dondozo
|-damage|p1a: Dondozo|66/100
|
|-heal|p1a: Dondozo|72/100|[from] item: Leftovers
|upkeep
|turn|45
|
|t:|1760799904
|switch|p1a: Ting-Lu|Ting-Lu|61/100 slp
|-ability|p1a: Ting-Lu|Vessel of Ruin
|move|p2a: Laughing Drunk|Giga Drain|p1a: Ting-Lu
|-supereffective|p1a: Ting-Lu
|-damage|p1a: Ting-Lu|37/100 slp
|-heal|p2a: Laughing Drunk|56/100|[from] drain|[of] p1a: Ting-Lu
|
|-heal|p1a: Ting-Lu|43/100 slp|[from] item: Leftovers
|upkeep
|turn|46
|inactive|SpongeGar & Patar has 90 seconds left.
|
|t:|1760799914
|move|p2a: Laughing Drunk|Body Press|p1a: Ting-Lu
|-supereffective|p1a: Ting-Lu
|-damage|p1a: Ting-Lu|12/100 slp
|cant|p1a: Ting-Lu|slp
|move|p1a: Ting-Lu|Sleep Talk|p1a: Ting-Lu
|move|p1a: Ting-Lu|Rest||[from] move: Sleep Talk|[still]
|-fail|p1a: Ting-Lu
|
|-heal|p1a: Ting-Lu|18/100 slp|[from] item: Leftovers
|upkeep
|turn|47
|
|t:|1760799923
|move|p2a: Laughing Drunk|Body Press|p1a: Ting-Lu
|-supereffective|p1a: Ting-Lu
|-damage|p1a: Ting-Lu|0 fnt
|faint|p1a: Ting-Lu
|
|upkeep
|
|t:|1760799931
|switch|p1a: Dondozo|Dondozo, M|72/100
|turn|48
|
|t:|1760799938
|move|p2a: Laughing Drunk|Giga Drain|p1a: Dondozo
|-supereffective|p1a: Dondozo
|-damage|p1a: Dondozo|11/100
|-heal|p2a: Laughing Drunk|93/100|[from] drain|[of] p1a: Dondozo
|move|p1a: Dondozo|Rest|p1a: Dondozo
|-status|p1a: Dondozo|slp|[from] move: Rest
|-heal|p1a: Dondozo|100/100 slp|[silent]
|
|upkeep
|turn|49
|
|t:|1760799943
|move|p2a: Laughing Drunk|Giga Drain|p1a: Dondozo
|-supereffective|p1a: Dondozo
|-damage|p1a: Dondozo|38/100 slp
|-heal|p2a: Laughing Drunk|100/100|[from] drain|[of] p1a: Dondozo
|cant|p1a: Dondozo|slp
|
|-heal|p1a: Dondozo|44/100 slp|[from] item: Leftovers
|upkeep
|turn|50
|
|t:|1760799948
|move|p2a: Laughing Drunk|Giga Drain|p1a: Dondozo
|-supereffective|p1a: Dondozo
|-damage|p1a: Dondozo|0 fnt
|faint|p1a: Dondozo
|
|win|DivJudgement
|raw|SpongeGar &amp; Patar's rating: 1854 &rarr; <strong>1838</strong><br />(-16 for losing)
|raw|DivJudgement's rating: 1930 &rarr; <strong>1946</strong><br />(+16 for winning)
|l|☆SpongeGar & Patar
|player|p1|
|l|☆DivJudgement
|player|p2|
|l| crackstone
