|j|☆maisiemeow
|j|☆Adri4n10
|t:|1760836545
|gametype|singles
|player|p1|maisiemeow|iris|1339
|player|p2|Adri4n10|volkner|1289
|gen|9
|tier|[Gen 9] OU
|rated|
|rule|HP Percentage Mod: HP is shown in percentages
|rule|Endless Battle Clause: Forcing endless battles is banned
|rule|Species Clause: Limit one of each Pokémon
|rule|OHKO Clause: OHKO moves are banned
|rule|Evasion Items Clause: Evasion items are banned
|rule|Evasion Moves Clause: Evasion moves are banned
|rule|Evasion Abilities Clause: Evasion abilities are banned
|rule|Sleep Moves Clause: Sleep-inducing moves are banned
|clearpoke
|poke|p1|Garchomp, M|
|poke|p1|Darkrai|
|poke|p1|Gholdengo|
|poke|p1|Ogerpon-Wellspring, F|
|poke|p1|Iron Valiant|
|poke|p1|Iron Treads|
|poke|p2|Kingambit, M|
|poke|p2|Great Tusk|
|poke|p2|Ogerpon-Wellspring, F|
|poke|p2|Toxtricity, M|
|poke|p2|Dragapult, F|
|poke|p2|Dragonite, F|
|teampreview
|inactive|Battle timer is ON: inactive players will automatically lose when time's up. (requested by maisiemeow)
|
|t:|1760836551
|teamsize|p1|6
|teamsize|p2|6
|start
|switch|p1a: Garchomp|Garchomp, M|100/100
|switch|p2a: Dragapult|Dragapult, F|100/100
|turn|1
|
|t:|1760836556
|switch|p1a: Iron Treads|Iron Treads|100/100
|move|p2a: Dragapult|Will-O-Wisp|p1a: Iron Treads
|-status|p1a: Iron Treads|brn
|
|-damage|p1a: Iron Treads|95/100 brn|[from] brn
|upkeep
|turn|2
|
|t:|1760836562
|move|p2a: Dragapult|Hex|p1a: Iron Treads
|-damage|p1a: Iron Treads|54/100 brn
|move|p1a: Iron Treads|Knock Off|p2a: Dragapult
|-supereffective|p2a: Dragapult
|-damage|p2a: Dragapult|65/100
|-enditem|p2a: Dragapult|Focus Sash|[from] move: Knock Off|[of] p1a: Iron Treads
|
|-damage|p1a: Iron Treads|48/100 brn|[from] brn
|upkeep
|turn|3
|
|t:|1760836583
|switch|p2a: Great Tusk|Great Tusk|100/100
|-enditem|p2a: Great Tusk|Booster Energy
|-activate|p2a: Great Tusk|ability: Protosynthesis|[fromitem]
|-start|p2a: Great Tusk|protosynthesisspe
|move|p1a: Iron Treads|Ice Spinner|p2a: Great Tusk
|-supereffective|p2a: Great Tusk
|-damage|p2a: Great Tusk|88/100
|
|-damage|p1a: Iron Treads|42/100 brn|[from] brn
|upkeep
|turn|4
|
|t:|1760836594
|-end|p1a: Iron Treads|Quark Drive|[silent]
|switch|p1a: Garchomp|Garchomp, M|100/100
|move|p2a: Great Tusk|Ice Spinner|p1a: Garchomp
|-supereffective|p1a: Garchomp
|-damage|p1a: Garchomp|46/100
|-damage|p2a: Great Tusk|75/100|[from] ability: Rough Skin|[of] p1a: Garchomp
|-damage|p2a: Great Tusk|59/100|[from] item: Rocky Helmet|[of] p1a: Garchomp
|
|upkeep
|turn|5
|
|t:|1760836615
|-terastallize|p1a: Garchomp|Ghost
|move|p2a: Great Tusk|Ice Spinner|p1a: Garchomp
|-damage|p1a: Garchomp|30/100
|-damage|p2a: Great Tusk|46/100|[from] ability: Rough Skin|[of] p1a: Garchomp
|-damage|p2a: Great Tusk|30/100|[from] item: Rocky Helmet|[of] p1a: Garchomp
|move|p1a: Garchomp|Spikes|p2a: Great Tusk
|-sidestart|p2: Adri4n10|Spikes
|
|upkeep
|turn|6
|
|t:|1760836626
|move|p2a: Great Tusk|Headlong Rush|p1a: Garchomp
|-damage|p1a: Garchomp|0 fnt
|-unboost|p2a: Great Tusk|def|1
|-unboost|p2a: Great Tusk|spd|1
|-damage|p2a: Great Tusk|17/100|[from] ability: Rough Skin|[of] p1a: Garchomp
|-damage|p2a: Great Tusk|0 fnt|[from] item: Rocky Helmet|[of] p1a: Garchomp
|faint|p1a: Garchomp
|faint|p2a: Great Tusk
|-end|p2a: Great Tusk|Protosynthesis|[silent]
|
|upkeep
|
|t:|1760836635
|switch|p2a: Dragapult|Dragapult, F|65/100
|switch|p1a: Iron Treads|Iron Treads|42/100 brn
|-damage|p2a: Dragapult|53/100|[from] Spikes
|turn|7
|
|t:|1760836643
|move|p2a: Dragapult|Hex|p1a: Iron Treads
|-damage|p1a: Iron Treads|6/100 brn
|move|p1a: Iron Treads|Ice Spinner|p2a: Dragapult
|-supereffective|p2a: Dragapult
|-crit|p2a: Dragapult
|-damage|p2a: Dragapult|8/100
|
|-damage|p1a: Iron Treads|0 fnt|[from] brn
|faint|p1a: Iron Treads
|-end|p1a: Iron Treads|Quark Drive|[silent]
|upkeep
|
|t:|1760836649
|switch|p1a: Gholdengo|Gholdengo|100/100
|turn|8
|
|t:|1760836655
|switch|p1a: Darkrai|Darkrai|100/100
|move|p2a: Dragapult|Hex|p1a: Darkrai
|-resisted|p1a: Darkrai
|-damage|p1a: Darkrai|79/100
|
|upkeep
|turn|9
|
|t:|1760836660
|move|p2a: Dragapult|Thunder Wave|p1a: Darkrai
|-status|p1a: Darkrai|par
|move|p1a: Darkrai|Dark Pulse|p2a: Dragapult
|-supereffective|p2a: Dragapult
|-damage|p2a: Dragapult|0 fnt
|faint|p2a: Dragapult
|
|upkeep
|
|t:|1760836666
|switch|p2a: Toxtricity|Toxtricity, M|100/100
|-damage|p2a: Toxtricity|88/100|[from] Spikes
|turn|10
|
|t:|1760836670
|move|p2a: Toxtricity|Shift Gear|p2a: Toxtricity
|-boost|p2a: Toxtricity|spe|2
|-boost|p2a: Toxtricity|atk|1
|cant|p1a: Darkrai|par
|
|upkeep
|turn|11
|
|t:|1760836676
|move|p2a: Toxtricity|Boomburst|p1a: Darkrai
|-damage|p1a: Darkrai|0 fnt
|faint|p1a: Darkrai
|-damage|p2a: Toxtricity|78/100|[from] item: Life Orb
|
|upkeep
|
|t:|1760836683
|switch|p1a: Gholdengo|Gholdengo|100/100
|turn|12
|
|t:|1760836688
|move|p2a: Toxtricity|Overdrive|p1a: Gholdengo
|-damage|p1a: Gholdengo|32/100
|-damage|p2a: Toxtricity|68/100|[from] item: Life Orb
|move|p1a: Gholdengo|Make It Rain|p2a: Toxtricity
|-resisted|p2a: Toxtricity
|-damage|p2a: Toxtricity|14/100
|-unboost|p1a: Gholdengo|spa|1
|
|-heal|p1a: Gholdengo|38/100|[from] item: Leftovers
|upkeep
|turn|13
|
|t:|1760836702
|move|p2a: Toxtricity|Overdrive|p1a: Gholdengo
|-damage|p1a: Gholdengo|0 fnt
|faint|p1a: Gholdengo
|-damage|p2a: Toxtricity|4/100|[from] item: Life Orb
|
|upkeep
|
|t:|1760836711
|switch|p1a: Ogerpon|Ogerpon-Wellspring, F|100/100
|turn|14
|
|t:|1760836717
|move|p2a: Toxtricity|Overdrive|p1a: Ogerpon
|-damage|p1a: Ogerpon|33/100
|-damage|p2a: Toxtricity|0 fnt|[from] item: Life Orb
|faint|p2a: Toxtricity
|move|p1a: Ogerpon|Synthesis|p1a: Ogerpon
|-heal|p1a: Ogerpon|83/100
|
|upkeep
|
|t:|1760836724
|switch|p2a: Dragonite|Dragonite, F|100/100
|turn|15
|
|t:|1760836730
|move|p1a: Ogerpon|Knock Off|p2a: Dragonite
|-damage|p2a: Dragonite|81/100
|-enditem|p2a: Dragonite|Leftovers|[from] move: Knock Off|[of] p1a: Ogerpon
|move|p2a: Dragonite|Substitute|p2a: Dragonite
|-start|p2a: Dragonite|Substitute
|-damage|p2a: Dragonite|57/100
|
|upkeep
|turn|16
|
|t:|1760836736
|move|p1a: Ogerpon|Encore|p2a: Dragonite
|-start|p2a: Dragonite|Encore
|move|p2a: Dragonite|Substitute|p2a: Dragonite
|-fail|p2a: Dragonite|move: Substitute
|
|upkeep
|turn|17
|
|t:|1760836742
|move|p1a: Ogerpon|Ivy Cudgel|p2a: Dragonite|[anim] Ivy Cudgel Water
|-resisted|p2a: Dragonite
|-end|p2a: Dragonite|Substitute
|move|p2a: Dragonite|Substitute|p2a: Dragonite
|-start|p2a: Dragonite|Substitute
|-damage|p2a: Dragonite|32/100
|
|upkeep
|turn|18
|
|t:|1760836745
|switch|p2a: Ogerpon|Ogerpon-Wellspring, F|100/100
|-damage|p2a: Ogerpon|88/100|[from] Spikes
|move|p1a: Ogerpon|Ivy Cudgel|p2a: Ogerpon|[anim] Ivy Cudgel Water
|-heal|p2a: Ogerpon|100/100|[from] ability: Water Absorb|[of] p1a: Ogerpon
|
|upkeep
|turn|19
|
|t:|1760836754
|move|p2a: Ogerpon|Swords Dance|p2a: Ogerpon
|-boost|p2a: Ogerpon|atk|2
|move|p1a: Ogerpon|Encore|p2a: Ogerpon
|-start|p2a: Ogerpon|Encore
|
|upkeep
|turn|20
|
|t:|1760836759
|switch|p2a: Kingambit|Kingambit, M|100/100
|-damage|p2a: Kingambit|88/100|[from] Spikes
|-activate|p2a: Kingambit|ability: Supreme Overlord
|-start|p2a: Kingambit|fallen3|[silent]
|move|p1a: Ogerpon|Knock Off|p2a: Kingambit
|-resisted|p2a: Kingambit
|-damage|p2a: Kingambit|73/100
|-enditem|p2a: Kingambit|Leftovers|[from] move: Knock Off|[of] p1a: Ogerpon
|
|upkeep
|turn|21
|
|t:|1760836763
|move|p1a: Ogerpon|Ivy Cudgel|p2a: Kingambit|[anim] Ivy Cudgel Water
|-damage|p2a: Kingambit|30/100
|move|p2a: Kingambit|Iron Head|p1a: Ogerpon
|-resisted|p1a: Ogerpon
|-damage|p1a: Ogerpon|46/100
|
|upkeep
|turn|22
|
|t:|1760836768
|move|p1a: Ogerpon|Synthesis|p1a: Ogerpon
|-heal|p1a: Ogerpon|96/100
|move|p2a: Kingambit|Iron Head|p1a: Ogerpon
|-resisted|p1a: Ogerpon
|-damage|p1a: Ogerpon|57/100
|
|upkeep
|turn|23
|
|t:|1760836774
|-end|p2a: Kingambit|fallen3|[silent]
|switch|p2a: Ogerpon|Ogerpon-Wellspring, F|100/100
|-damage|p2a: Ogerpon|88/100|[from] Spikes
|move|p1a: Ogerpon|Ivy Cudgel|p2a: Ogerpon|[anim] Ivy Cudgel Water
|-heal|p2a: Ogerpon|100/100|[from] ability: Water Absorb|[of] p1a: Ogerpon
|
|upkeep
|turn|24
|
|t:|1760836781
|move|p1a: Ogerpon|Synthesis|p1a: Ogerpon
|-heal|p1a: Ogerpon|100/100
|move|p2a: Ogerpon|Superpower|p1a: Ogerpon
|-damage|p1a: Ogerpon|45/100
|-unboost|p2a: Ogerpon|atk|1
|-unboost|p2a: Ogerpon|def|1
|
|upkeep
|turn|25
|
|t:|1760836790
|move|p1a: Ogerpon|Synthesis|p1a: Ogerpon
|-heal|p1a: Ogerpon|95/100
|move|p2a: Ogerpon|Superpower|p1a: Ogerpon
|-damage|p1a: Ogerpon|58/100
|-unboost|p2a: Ogerpon|atk|1
|-unboost|p2a: Ogerpon|def|1
|
|upkeep
|turn|26
|
|t:|1760836796
|switch|p2a: Kingambit|Kingambit, M|30/100
|-damage|p2a: Kingambit|18/100|[from] Spikes
|-activate|p2a: Kingambit|ability: Supreme Overlord
|-start|p2a: Kingambit|fallen3|[silent]
|move|p1a: Ogerpon|Synthesis|p1a: Ogerpon
|-heal|p1a: Ogerpon|100/100
|
|upkeep
|turn|27
|-message|Adri4n10 forfeited.
|
|win|maisiemeow
|raw|maisiemeow's rating: 1339 &rarr; <strong>1356</strong><br />(+17 for winning)
|raw|Adri4n10's rating: 1289 &rarr; <strong>1268</strong><br />(-21 for losing)
|l|☆Adri4n10
|player|p2|
|l|☆maisiemeow
|player|p1|
