|j|☆potayo
|j|☆Gojiratar
|t:|1760882555
|gametype|singles
|player|p1|potayo|101|1374
|player|p2|Gojiratar|rancher|1517
|gen|9
|tier|[Gen 9] OU
|rated|
|rule|HP Percentage Mod: HP is shown in percentages
|rule|Endless Battle Clause: Forcing endless battles is banned
|rule|Species Clause: Limit one of each Pokémon
|rule|OHKO Clause: OHKO moves are banned
|rule|Evasion Items Clause: Evasion items are banned
|rule|Evasion Moves Clause: Evasion moves are banned
|rule|Evasion Abilities Clause: Evasion abilities are banned
|rule|Sleep Moves Clause: Sleep-inducing moves are banned
|clearpoke
|poke|p1|Cinderace, M|
|poke|p1|Kingambit, M|
|poke|p1|Mimikyu, M|
|poke|p1|Serperior, M|
|poke|p1|Hitmonlee, M|
|poke|p1|Araquanid, F|
|poke|p2|Tyranitar, M|
|poke|p2|Ting-Lu|
|poke|p2|Zamazenta-*|
|poke|p2|Corviknight, M|
|poke|p2|Dragapult, M|
|poke|p2|Rillaboom, M|
|teampreview
|
|t:|1760882575
|teamsize|p1|6
|teamsize|p2|6
|start
|switch|p1a: Araquanid|Araquanid, F|100/100
|switch|p2a: Dragapult|Dragapult, M|100/100
|turn|1
|
|t:|1760882587
|move|p2a: Dragapult|Dragon Darts|p1a: Araquanid
|-damage|p1a: Araquanid|79/100
|-anim|p2a: Dragapult|Dragon Darts|p1a: Araquanid
|-damage|p1a: Araquanid|58/100
|move|p1a: Araquanid|Sticky Web|p2a: Dragapult
|-sidestart|p2: Gojiratar|move: Sticky Web
|
|upkeep
|turn|2
|
|t:|1760882593
|move|p2a: Dragapult|U-turn|p1a: Araquanid
|-damage|p1a: Araquanid|36/100
|
|t:|1760882595
|switch|p2a: Corviknight|Corviknight, M|100/100|[from] U-turn
|-ability|p2a: Corviknight|Pressure
|move|p1a: Araquanid|Surf|p2a: Corviknight
|-damage|p2a: Corviknight|46/100
|
|upkeep
|turn|3
|
|t:|1760882599
|move|p2a: Corviknight|U-turn|p1a: Araquanid
|-damage|p1a: Araquanid|21/100
|
|t:|1760882601
|switch|p2a: Rillaboom|Rillaboom, M|100/100|[from] U-turn
|-activate|p2a: Rillaboom|move: Sticky Web
|-unboost|p2a: Rillaboom|spe|1
|-fieldstart|move: Grassy Terrain|[from] ability: Grassy Surge|[of] p2a: Rillaboom
|move|p1a: Araquanid|Surf|p2a: Rillaboom
|-resisted|p2a: Rillaboom
|-damage|p2a: Rillaboom|66/100
|
|-heal|p2a: Rillaboom|73/100|[from] Grassy Terrain
|-heal|p1a: Araquanid|28/100|[from] Grassy Terrain
|upkeep
|turn|4
|
|t:|1760882618
|move|p2a: Rillaboom|U-turn|p1a: Araquanid
|-damage|p1a: Araquanid|0 fnt
|faint|p1a: Araquanid
|
|t:|1760882623
|switch|p2a: Corviknight|Corviknight, M|46/100|[from] U-turn
|-ability|p2a: Corviknight|Pressure
|
|upkeep
|
|t:|1760882634
|switch|p1a: Cinderace|Cinderace, M|100/100
|turn|5
|
|t:|1760882640
|move|p1a: Cinderace|Pyro Ball|p2a: Corviknight
|-supereffective|p2a: Corviknight
|-damage|p2a: Corviknight|0 fnt
|faint|p2a: Corviknight
|
|upkeep
|
|t:|1760882650
|switch|p2a: Zamazenta|Zamazenta|100/100
|-ability|p2a: Zamazenta|Dauntless Shield|boost
|-boost|p2a: Zamazenta|def|1
|turn|6
|
|t:|1760882657
|switch|p1a: Mimikyu|Mimikyu, M|100/100
|move|p2a: Zamazenta|Close Combat|p1a: Mimikyu
|-immune|p1a: Mimikyu
|
|upkeep
|turn|7
|
|t:|1760882663
|move|p1a: Mimikyu|Will-O-Wisp|p2a: Zamazenta
|-status|p2a: Zamazenta|brn
|move|p2a: Zamazenta|Roar|p1a: Mimikyu
|drag|p1a: Serperior|Serperior, M|100/100
|
|-damage|p2a: Zamazenta|94/100 brn|[from] brn
|-fieldend|move: Grassy Terrain
|upkeep
|turn|8
|
|t:|1760882688
|switch|p1a: Mimikyu|Mimikyu, M|100/100
|move|p2a: Zamazenta|Close Combat|p1a: Mimikyu
|-immune|p1a: Mimikyu
|
|-damage|p2a: Zamazenta|88/100 brn|[from] brn
|upkeep
|turn|9
|
|t:|1760882701
|move|p2a: Zamazenta|Heavy Slam|p1a: Mimikyu
|-activate|p1a: Mimikyu|ability: Disguise
|-damage|p1a: Mimikyu|100/100
|detailschange|p1a: Mimikyu|Mimikyu-Busted, M
|-damage|p1a: Mimikyu|88/100|[from] pokemon: Mimikyu-Busted
|-enditem|p1a: Mimikyu|Red Card|[of] p2a: Zamazenta
|drag|p2a: Tyranitar|Tyranitar, M|100/100
|-activate|p2a: Tyranitar|move: Sticky Web
|-unboost|p2a: Tyranitar|spe|1
|-weather|Sandstorm|[from] ability: Sand Stream|[of] p2a: Tyranitar
|move|p1a: Mimikyu|Will-O-Wisp|p2a: Tyranitar
|-status|p2a: Tyranitar|brn
|
|-weather|Sandstorm|[upkeep]
|-damage|p1a: Mimikyu|82/100|[from] Sandstorm
|-damage|p2a: Tyranitar|94/100 brn|[from] brn
|upkeep
|turn|10
|
|t:|1760882720
|switch|p1a: Cinderace|Cinderace, M|100/100
|move|p2a: Tyranitar|Knock Off|p1a: Cinderace
|-damage|p1a: Cinderace|43/100
|-enditem|p1a: Cinderace|Heavy-Duty Boots|[from] move: Knock Off|[of] p2a: Tyranitar
|
|-weather|Sandstorm|[upkeep]
|-damage|p1a: Cinderace|37/100|[from] Sandstorm
|-damage|p2a: Tyranitar|88/100 brn|[from] brn
|upkeep
|turn|11
|
|t:|1760882729
|switch|p2a: Dragapult|Dragapult, M|100/100
|move|p1a: Cinderace|Court Change|p1a: Cinderace
|-start|p1a: Cinderace|typechange|Normal|[from] ability: Libero
|-swapsideconditions
|-activate|p1a: Cinderace|move: Court Change
|
|-weather|Sandstorm|[upkeep]
|-damage|p2a: Dragapult|95/100|[from] Sandstorm
|-damage|p1a: Cinderace|31/100|[from] Sandstorm
|upkeep
|turn|12
|
|t:|1760882741
|move|p2a: Dragapult|Will-O-Wisp|p1a: Cinderace
|-status|p1a: Cinderace|brn
|move|p1a: Cinderace|U-turn|p2a: Dragapult
|-resisted|p2a: Dragapult
|-damage|p2a: Dragapult|87/100
|
|t:|1760882760
|switch|p1a: Hitmonlee|Hitmonlee, M|100/100|[from] U-turn
|-activate|p1a: Hitmonlee|move: Sticky Web
|-unboost|p1a: Hitmonlee|spe|1
|-enditem|p1a: Hitmonlee|White Herb
|-clearnegativeboost|p1a: Hitmonlee|[silent]
|
|-weather|Sandstorm|[upkeep]
|-damage|p1a: Hitmonlee|95/100|[from] Sandstorm
|-damage|p2a: Dragapult|81/100|[from] Sandstorm
|upkeep
|turn|13
|
|t:|1760882766
|move|p1a: Hitmonlee|Knock Off|p2a: Dragapult
|-supereffective|p2a: Dragapult
|-damage|p2a: Dragapult|0 fnt
|-enditem|p2a: Dragapult|Heavy-Duty Boots|[from] move: Knock Off|[of] p1a: Hitmonlee
|faint|p2a: Dragapult
|
|-weather|none
|upkeep
|
|t:|1760882770
|switch|p2a: Rillaboom|Rillaboom, M|73/100
|-fieldstart|move: Grassy Terrain|[from] ability: Grassy Surge|[of] p2a: Rillaboom
|turn|14
|
|t:|1760882778
|move|p2a: Rillaboom|Grassy Glide|p1a: Hitmonlee
|-damage|p1a: Hitmonlee|0 fnt
|faint|p1a: Hitmonlee
|
|-heal|p2a: Rillaboom|79/100|[from] Grassy Terrain
|upkeep
|
|t:|1760882782
|switch|p1a: Serperior|Serperior, M|100/100
|-activate|p1a: Serperior|move: Sticky Web
|-boost|p1a: Serperior|spe|1
|turn|15
|
|t:|1760882788
|-terastallize|p2a: Rillaboom|Grass
|move|p2a: Rillaboom|Grassy Glide|p1a: Serperior
|-resisted|p1a: Serperior
|-damage|p1a: Serperior|62/100
|move|p1a: Serperior|Leaf Storm|p2a: Rillaboom
|-resisted|p2a: Rillaboom
|-damage|p2a: Rillaboom|41/100
|-boost|p1a: Serperior|spa|2
|
|-heal|p1a: Serperior|68/100|[from] Grassy Terrain
|-heal|p2a: Rillaboom|47/100|[from] Grassy Terrain
|upkeep
|turn|16
|
|t:|1760882796
|move|p2a: Rillaboom|Grassy Glide|p1a: Serperior
|-resisted|p1a: Serperior
|-damage|p1a: Serperior|27/100
|move|p1a: Serperior|Synthesis|p1a: Serperior
|-heal|p1a: Serperior|77/100
|
|-heal|p1a: Serperior|83/100|[from] Grassy Terrain
|-heal|p2a: Rillaboom|53/100|[from] Grassy Terrain
|upkeep
|turn|17
|-message|Gojiratar forfeited.
|
|win|potayo
|raw|potayo's rating: 1374 &rarr; <strong>1402</strong><br />(+28 for winning)
|raw|Gojiratar's rating: 1517 &rarr; <strong>1489</strong><br />(-28 for losing)
|l|☆Gojiratar
|player|p2|
|l|☆potayo
|player|p1|
