|j|☆Oydess222
|j|☆gjxj0
|t:|1760784738
|gametype|singles
|player|p1|Oydess222|265|1330
|player|p2|gjxj0|265|1317
|gen|9
|tier|[Gen 9] OU
|rated|
|rule|HP Percentage Mod: HP is shown in percentages
|rule|Endless Battle Clause: Forcing endless battles is banned
|rule|Species Clause: Limit one of each Pokémon
|rule|OHKO Clause: OHKO moves are banned
|rule|Evasion Items Clause: Evasion items are banned
|rule|Evasion Moves Clause: Evasion moves are banned
|rule|Evasion Abilities Clause: Evasion abilities are banned
|rule|Sleep Moves Clause: Sleep-inducing moves are banned
|clearpoke
|poke|p1|Ambipom, F|
|poke|p1|Dragapult, F|
|poke|p1|Hatterene, F|
|poke|p1|Volcanion|
|poke|p1|Sinistcha|
|poke|p1|Forretress, F|
|poke|p2|Slowbro, M|
|poke|p2|Fezandipiti, M|
|poke|p2|Krookodile, F|
|poke|p2|Talonflame, M|
|poke|p2|Zapdos-Galar|
|poke|p2|Porygon-Z|
|teampreview
|inactive|Battle timer is ON: inactive players will automatically lose when time's up. (requested by Oydess222)
|
|t:|1760784754
|teamsize|p1|6
|teamsize|p2|6
|start
|switch|p1a: Volcanion|Volcanion|100/100
|switch|p2a: Krookodile|Krookodile, F|100/100
|-ability|p2a: Krookodile|Intimidate|boost
|-unboost|p1a: Volcanion|atk|1
|turn|1
|
|t:|1760784763
|switch|p2a: Fezandipiti|Fezandipiti, M|100/100
|move|p1a: Volcanion|Steam Eruption|p2a: Fezandipiti
|-damage|p2a: Fezandipiti|62/100
|
|-heal|p2a: Fezandipiti|68/100|[from] item: Leftovers
|upkeep
|turn|2
|
|t:|1760784768
|move|p2a: Fezandipiti|Roost|p2a: Fezandipiti
|-heal|p2a: Fezandipiti|100/100
|-singleturn|p2a: Fezandipiti|move: Roost
|move|p1a: Volcanion|Earth Power|p2a: Fezandipiti
|-supereffective|p2a: Fezandipiti
|-damage|p2a: Fezandipiti|64/100
|
|-heal|p2a: Fezandipiti|70/100|[from] item: Leftovers
|upkeep
|turn|3
|
|t:|1760784779
|switch|p1a: Forretress|Forretress, F|100/100
|move|p2a: Fezandipiti|Beat Up|p1a: Forretress
|-damage|p1a: Forretress|98/100
|-damage|p1a: Forretress|96/100
|-damage|p1a: Forretress|94/100
|-damage|p1a: Forretress|93/100
|-damage|p1a: Forretress|90/100
|-damage|p1a: Forretress|89/100
|-hitcount|p1a: Forretress|6
|
|-heal|p2a: Fezandipiti|76/100|[from] item: Leftovers
|upkeep
|turn|4
|
|t:|1760784794
|move|p2a: Fezandipiti|U-turn|p1a: Forretress
|-resisted|p1a: Forretress
|-damage|p1a: Forretress|85/100
|
|t:|1760784797
|switch|p2a: Talonflame|Talonflame, M|100/100|[from] U-turn
|move|p1a: Forretress|Thunder Wave|p2a: Talonflame
|-status|p2a: Talonflame|par
|
|upkeep
|turn|5
|
|t:|1760784803
|switch|p1a: Volcanion|Volcanion|100/100
|move|p2a: Talonflame|U-turn|p1a: Volcanion
|-resisted|p1a: Volcanion
|-damage|p1a: Volcanion|95/100
|
|t:|1760784811
|switch|p2a: Porygon-Z|Porygon-Z|100/100|[from] U-turn
|-ability|p2a: Porygon-Z|Download|boost
|-boost|p2a: Porygon-Z|spa|1
|
|upkeep
|turn|6
|
|t:|1760784815
|move|p2a: Porygon-Z|Thunderbolt|p1a: Volcanion
|-supereffective|p1a: Volcanion
|-damage|p1a: Volcanion|13/100
|move|p1a: Volcanion|Steam Eruption|p2a: Porygon-Z
|-damage|p2a: Porygon-Z|10/100
|-status|p2a: Porygon-Z|brn
|
|-damage|p2a: Porygon-Z|3/100 brn|[from] brn
|upkeep
|turn|7
|
|t:|1760784828
|-terastallize|p1a: Volcanion|Ground
|move|p2a: Porygon-Z|Shadow Ball|p1a: Volcanion
|-damage|p1a: Volcanion|0 fnt
|faint|p1a: Volcanion
|
|-damage|p2a: Porygon-Z|0 fnt|[from] brn
|faint|p2a: Porygon-Z
|upkeep
|
|t:|1760784836
|switch|p2a: Krookodile|Krookodile, F|100/100
|switch|p1a: Hatterene|Hatterene, F|100/100
|-ability|p2a: Krookodile|Intimidate|boost
|-unboost|p1a: Hatterene|atk|1
|turn|8
|
|t:|1760784843
|-terastallize|p2a: Krookodile|Poison
|move|p2a: Krookodile|Gunk Shot|p1a: Hatterene
|-supereffective|p1a: Hatterene
|-damage|p1a: Hatterene|0 fnt
|faint|p1a: Hatterene
|
|upkeep
|
|t:|1760784851
|switch|p1a: Forretress|Forretress, F|85/100
|turn|9
|
|t:|1760784854
|switch|p2a: Talonflame|Talonflame, M|100/100 par
|move|p1a: Forretress|Stealth Rock|p2a: Talonflame
|-sidestart|p2: gjxj0|move: Stealth Rock
|
|upkeep
|turn|10
|
|t:|1760784861
|switch|p1a: Dragapult|Dragapult, F|100/100
|cant|p2a: Talonflame|par
|
|upkeep
|turn|11
|
|t:|1760784867
|move|p1a: Dragapult|Phantom Force||[still]
|-prepare|p1a: Dragapult|Phantom Force
|cant|p2a: Talonflame|par
|
|upkeep
|turn|12
|
|t:|1760784871
|move|p1a: Dragapult|Phantom Force|p2a: Talonflame|[from] lockedmove
|-damage|p2a: Talonflame|53/100 par
|move|p2a: Talonflame|Defog|p1a: Dragapult
|-unboost|p1a: Dragapult|evasion|1
|-sideend|p2: gjxj0|Stealth Rock|[from] move: Defog|[of] p2a: Talonflame
|
|upkeep
|turn|13
|
|t:|1760784876
|move|p1a: Dragapult|Dragon Darts|p2a: Talonflame
|-damage|p2a: Talonflame|28/100 par
|-anim|p1a: Dragapult|Dragon Darts|p2a: Talonflame
|-damage|p2a: Talonflame|2/100 par
|move|p2a: Talonflame|Roost|p2a: Talonflame
|-heal|p2a: Talonflame|52/100 par
|-singleturn|p2a: Talonflame|move: Roost
|
|upkeep
|turn|14
|
|t:|1760784883
|switch|p2a: Slowbro|Slowbro, M|100/100
|move|p1a: Dragapult|Dragon Darts|p2a: Slowbro
|-damage|p2a: Slowbro|86/100
|-anim|p1a: Dragapult|Dragon Darts|p2a: Slowbro
|-damage|p2a: Slowbro|72/100
|
|upkeep
|turn|15
|
|t:|1760784892
|move|p1a: Dragapult|Phantom Force||[still]
|-prepare|p1a: Dragapult|Phantom Force
|move|p2a: Slowbro|Future Sight|p1a: Dragapult
|-start|p2a: Slowbro|move: Future Sight
|
|upkeep
|turn|16
|
|t:|1760784896
|move|p1a: Dragapult|Phantom Force|p2a: Slowbro|[from] lockedmove
|-supereffective|p2a: Slowbro
|-damage|p2a: Slowbro|20/100
|move|p2a: Slowbro|Slack Off|p2a: Slowbro
|-heal|p2a: Slowbro|70/100
|
|upkeep
|turn|17
|
|t:|1760784904
|move|p1a: Dragapult|Will-O-Wisp|p2a: Slowbro
|-status|p2a: Slowbro|brn
|move|p2a: Slowbro|Slack Off|p2a: Slowbro
|-heal|p2a: Slowbro|100/100 brn
|
|-end|p1a: Dragapult|move: Future Sight
|-damage|p1a: Dragapult|40/100
|-damage|p2a: Slowbro|94/100 brn|[from] brn
|upkeep
|turn|18
|
|t:|1760784909
|move|p1a: Dragapult|Dragon Darts|p2a: Slowbro
|-damage|p2a: Slowbro|79/100 brn
|-anim|p1a: Dragapult|Dragon Darts|p2a: Slowbro
|-damage|p2a: Slowbro|64/100 brn
|move|p2a: Slowbro|Scald|p1a: Dragapult
|-resisted|p1a: Dragapult
|-damage|p1a: Dragapult|22/100
|
|-damage|p2a: Slowbro|58/100 brn|[from] brn
|upkeep
|turn|19
|
|t:|1760784916
|move|p1a: Dragapult|Phantom Force||[still]
|-prepare|p1a: Dragapult|Phantom Force
|move|p2a: Slowbro|Slack Off|p2a: Slowbro
|-heal|p2a: Slowbro|100/100 brn
|
|-damage|p2a: Slowbro|94/100 brn|[from] brn
|upkeep
|turn|20
|
|t:|1760784919
|move|p1a: Dragapult|Phantom Force|p2a: Slowbro|[from] lockedmove
|-supereffective|p2a: Slowbro
|-damage|p2a: Slowbro|44/100 brn
|move|p2a: Slowbro|Scald|p1a: Dragapult
|-resisted|p1a: Dragapult
|-damage|p1a: Dragapult|4/100
|
|-damage|p2a: Slowbro|37/100 brn|[from] brn
|upkeep
|turn|21
|
|t:|1760784926
|move|p1a: Dragapult|Phantom Force||[still]
|-prepare|p1a: Dragapult|Phantom Force
|move|p2a: Slowbro|Slack Off|p2a: Slowbro
|-heal|p2a: Slowbro|88/100 brn
|
|-damage|p2a: Slowbro|81/100 brn|[from] brn
|upkeep
|turn|22
|
|t:|1760784931
|move|p1a: Dragapult|Phantom Force|p2a: Slowbro|[from] lockedmove
|-supereffective|p2a: Slowbro
|-damage|p2a: Slowbro|32/100 brn
|move|p2a: Slowbro|Slack Off|p2a: Slowbro
|-heal|p2a: Slowbro|82/100 brn
|
|-damage|p2a: Slowbro|76/100 brn|[from] brn
|upkeep
|turn|23
|
|t:|1760784937
|move|p1a: Dragapult|Phantom Force||[still]
|-prepare|p1a: Dragapult|Phantom Force
|move|p2a: Slowbro|Future Sight|p1a: Dragapult
|-start|p2a: Slowbro|move: Future Sight
|
|-damage|p2a: Slowbro|70/100 brn|[from] brn
|upkeep
|turn|24
|
|t:|1760784940
|move|p1a: Dragapult|Phantom Force|p2a: Slowbro|[from] lockedmove
|-supereffective|p2a: Slowbro
|-damage|p2a: Slowbro|18/100 brn
|move|p2a: Slowbro|Slack Off|p2a: Slowbro
|-heal|p2a: Slowbro|68/100 brn
|
|-damage|p2a: Slowbro|62/100 brn|[from] brn
|upkeep
|turn|25
|
|t:|1760784954
|switch|p2a: Fezandipiti|Fezandipiti, M|76/100
|move|p1a: Dragapult|Dragon Darts|p2a: Fezandipiti
|-immune|p2a: Fezandipiti
|
|-end|p1a: Dragapult|move: Future Sight
|-damage|p1a: Dragapult|0 fnt
|faint|p1a: Dragapult
|-heal|p2a: Fezandipiti|82/100|[from] item: Leftovers
|upkeep
|
|t:|1760784961
|switch|p1a: Ambipom|Ambipom, F|100/100
|turn|26
|
|t:|1760784966
|move|p1a: Ambipom|Fake Out|p2a: Fezandipiti
|-crit|p2a: Fezandipiti
|-damage|p2a: Fezandipiti|39/100
|cant|p2a: Fezandipiti|flinch
|
|-heal|p2a: Fezandipiti|45/100|[from] item: Leftovers
|upkeep
|turn|27
|
|t:|1760784977
|move|p1a: Ambipom|Triple Axel|p2a: Fezandipiti
|-damage|p2a: Fezandipiti|34/100
|-damage|p2a: Fezandipiti|14/100
|-damage|p2a: Fezandipiti|0 fnt
|faint|p2a: Fezandipiti
|-hitcount|p2: Fezandipiti|3
|
|upkeep
|
|t:|1760784982
|switch|p2a: Zapdos|Zapdos-Galar|100/100
|turn|28
|
|t:|1760784990
|move|p2a: Zapdos|Close Combat|p1a: Ambipom
|-supereffective|p1a: Ambipom
|-damage|p1a: Ambipom|0 fnt
|-unboost|p2a: Zapdos|def|1
|-unboost|p2a: Zapdos|spd|1
|faint|p1a: Ambipom
|
|upkeep
|
|t:|1760784996
|switch|p1a: Sinistcha|Sinistcha|100/100
|turn|29
|
|t:|1760785000
|switch|p2a: Talonflame|Talonflame, M|52/100 par
|move|p1a: Sinistcha|Strength Sap|p2a: Talonflame
|-unboost|p2a: Talonflame|atk|1
|
|upkeep
|turn|30
|
|t:|1760785005
|move|p2a: Talonflame|Fire Blast|p1a: Sinistcha|[miss]
|-miss|p2a: Talonflame|p1a: Sinistcha
|move|p1a: Sinistcha|Calm Mind|p1a: Sinistcha
|-boost|p1a: Sinistcha|spa|1
|-boost|p1a: Sinistcha|spd|1
|
|upkeep
|turn|31
|
|t:|1760785010
|move|p1a: Sinistcha|Calm Mind|p1a: Sinistcha
|-boost|p1a: Sinistcha|spa|1
|-boost|p1a: Sinistcha|spd|1
|move|p2a: Talonflame|U-turn|p1a: Sinistcha
|-damage|p1a: Sinistcha|93/100
|
|t:|1760785016
|switch|p2a: Krookodile|Krookodile, F, tera:Poison|100/100|[from] U-turn
|-ability|p2a: Krookodile|Intimidate|boost
|-unboost|p1a: Sinistcha|atk|1
|
|upkeep
|turn|32
|
|t:|1760785022
|move|p2a: Krookodile|Knock Off|p1a: Sinistcha
|-supereffective|p1a: Sinistcha
|-damage|p1a: Sinistcha|0 fnt
|-enditem|p1a: Sinistcha|Weakness Policy|[from] move: Knock Off|[of] p2a: Krookodile
|faint|p1a: Sinistcha
|
|upkeep
|
|t:|1760785025
|switch|p1a: Forretress|Forretress, F|85/100
|turn|33
|
|t:|1760785031
|move|p2a: Krookodile|Knock Off|p1a: Forretress
|-damage|p1a: Forretress|44/100
|-enditem|p1a: Forretress|Heavy-Duty Boots|[from] move: Knock Off|[of] p2a: Krookodile
|move|p1a: Forretress|Rapid Spin|p2a: Krookodile
|-damage|p2a: Krookodile|89/100
|-boost|p1a: Forretress|spe|1
|
|upkeep
|turn|34
|
|t:|1760785037
|switch|p2a: Zapdos|Zapdos-Galar|100/100
|move|p1a: Forretress|Thunder Wave|p2a: Zapdos
|-status|p2a: Zapdos|par
|
|upkeep
|turn|35
|
|t:|1760785040
|move|p2a: Zapdos|Brave Bird|p1a: Forretress
|-damage|p1a: Forretress|10/100
|-damage|p2a: Zapdos|88/100 par|[from] Recoil
|move|p1a: Forretress|Pain Split|p2a: Zapdos
|-sethp|p2a: Zapdos|49/100 par|[from] move: Pain Split|[silent]
|-sethp|p1a: Forretress|45/100|[from] move: Pain Split
|
|upkeep
|turn|36
|c|☆gjxj0|gg
|
|t:|1760785050
|cant|p2a: Zapdos|par
|move|p1a: Forretress|Pain Split|p2a: Zapdos
|-sethp|p2a: Zapdos|49/100 par|[from] move: Pain Split|[silent]
|-sethp|p1a: Forretress|45/100|[from] move: Pain Split
|
|upkeep
|turn|37
|
|t:|1760785054
|move|p2a: Zapdos|Brave Bird|p1a: Forretress
|-damage|p1a: Forretress|12/100
|-damage|p2a: Zapdos|37/100 par|[from] Recoil
|move|p1a: Forretress|Rapid Spin|p2a: Zapdos
|-damage|p2a: Zapdos|26/100 par
|-boost|p1a: Forretress|spe|1
|
|upkeep
|turn|38
|
|t:|1760785056
|move|p2a: Zapdos|Brave Bird|p1a: Forretress
|-damage|p1a: Forretress|0 fnt
|faint|p1a: Forretress
|-damage|p2a: Zapdos|22/100 par|[from] Recoil
|
|win|gjxj0
|raw|Oydess222's rating: 1330 &rarr; <strong>1309</strong><br />(-21 for losing)
|raw|gjxj0's rating: 1317 &rarr; <strong>1338</strong><br />(+21 for winning)
|l|☆Oydess222
|player|p1|
|l|☆gjxj0
|player|p2|
