|j|☆bobbydeoliscool
|j|☆froslass2themoon
|t:|1760772668
|gametype|singles
|player|p1|bobbydeoliscool|170|1484
|player|p2|froslass2themoon|170|1369
|gen|9
|tier|[Gen 9] OU
|rated|
|rule|HP Percentage Mod: HP is shown in percentages
|rule|Endless Battle Clause: Forcing endless battles is banned
|rule|Species Clause: Limit one of each Pokémon
|rule|OHKO Clause: OHKO moves are banned
|rule|Evasion Items Clause: Evasion items are banned
|rule|Evasion Moves Clause: Evasion moves are banned
|rule|Evasion Abilities Clause: Evasion abilities are banned
|rule|Sleep Moves Clause: Sleep-inducing moves are banned
|clearpoke
|poke|p1|Moltres|
|poke|p1|Zamazenta-*|
|poke|p1|Darkrai|
|poke|p1|Hydrapple, M|
|poke|p1|Ting-Lu|
|poke|p1|Tinkaton, F|
|poke|p2|Greninja-*, M|
|poke|p2|Gliscor, F|
|poke|p2|Cyclizar, F|
|poke|p2|Clefable, F|
|poke|p2|Dondozo, M|
|poke|p2|Zapdos|
|teampreview
|inactive|Battle timer is ON: inactive players will automatically lose when time's up. (requested by bobbydeoliscool)
|
|t:|1760772680
|teamsize|p1|6
|teamsize|p2|6
|start
|switch|p1a: Tinkaton|Tinkaton, F|100/100
|switch|p2a: Gliscor|Gliscor, F|100/100
|-ability|p1a: Tinkaton|Mold Breaker
|turn|1
|
|t:|1760772688
|move|p2a: Gliscor|Protect|p2a: Gliscor
|-singleturn|p2a: Gliscor|Protect
|move|p1a: Tinkaton|Stealth Rock|p2a: Gliscor
|-sidestart|p2: froslass2themoon|move: Stealth Rock
|
|-status|p2a: Gliscor|tox|[from] item: Toxic Orb
|upkeep
|turn|2
|
|t:|1760772691
|move|p1a: Tinkaton|Encore|p2a: Gliscor
|-start|p2a: Gliscor|Encore
|move|p2a: Gliscor|Protect||[still]
|-fail|p2a: Gliscor
|
|upkeep
|turn|3
|
|t:|1760772700
|move|p2a: Gliscor|Protect|p2a: Gliscor
|-singleturn|p2a: Gliscor|Protect
|move|p1a: Tinkaton|Thunder Wave|p2a: Gliscor
|-activate|p2a: Gliscor|move: Protect
|
|upkeep
|turn|4
|
|t:|1760772703
|move|p2a: Gliscor|Protect||[still]
|-fail|p2a: Gliscor
|move|p1a: Tinkaton|Gigaton Hammer|p2a: Gliscor
|-crit|p2a: Gliscor
|-damage|p2a: Gliscor|50/100 tox
|
|-heal|p2a: Gliscor|62/100 tox|[from] ability: Poison Heal
|-end|p2a: Gliscor|Encore
|upkeep
|turn|5
|
|t:|1760772707
|switch|p2a: Zapdos|Zapdos|100/100
|move|p1a: Tinkaton|Encore||[still]
|-fail|p1a: Tinkaton
|
|upkeep
|turn|6
|
|t:|1760772711
|switch|p1a: Ting-Lu|Ting-Lu|100/100
|-ability|p1a: Ting-Lu|Vessel of Ruin
|switch|p2a: Gliscor|Gliscor, F|62/100 tox
|-damage|p2a: Gliscor|50/100 tox|[from] Stealth Rock
|
|-heal|p2a: Gliscor|62/100 tox|[from] ability: Poison Heal
|upkeep
|turn|7
|
|t:|1760772714
|move|p2a: Gliscor|Toxic|p1a: Ting-Lu
|-status|p1a: Ting-Lu|tox
|move|p1a: Ting-Lu|Ruination|p2a: Gliscor
|-damage|p2a: Gliscor|31/100 tox
|
|-heal|p2a: Gliscor|44/100 tox|[from] ability: Poison Heal
|-damage|p1a: Ting-Lu|94/100 tox|[from] psn
|upkeep
|turn|8
|
|t:|1760772719
|switch|p1a: Tinkaton|Tinkaton, F|100/100
|-ability|p1a: Tinkaton|Mold Breaker
|move|p2a: Gliscor|Spikes|p1a: Tinkaton
|-sidestart|p1: bobbydeoliscool|Spikes
|
|-heal|p2a: Gliscor|56/100 tox|[from] ability: Poison Heal
|upkeep
|turn|9
|
|t:|1760772723
|move|p1a: Tinkaton|Encore|p2a: Gliscor
|-start|p2a: Gliscor|Encore
|move|p2a: Gliscor|Spikes|p1a: Tinkaton
|-sidestart|p1: bobbydeoliscool|Spikes
|
|-heal|p2a: Gliscor|68/100 tox|[from] ability: Poison Heal
|upkeep
|turn|10
|
|t:|1760772726
|switch|p2a: Zapdos|Zapdos|100/100
|move|p1a: Tinkaton|Gigaton Hammer|p2a: Zapdos
|-resisted|p2a: Zapdos
|-damage|p2a: Zapdos|85/100
|
|upkeep
|turn|11
|
|t:|1760772728
|switch|p1a: Ting-Lu|Ting-Lu|94/100 tox
|-damage|p1a: Ting-Lu|78/100 tox|[from] Spikes
|-ability|p1a: Ting-Lu|Vessel of Ruin
|switch|p2a: Gliscor|Gliscor, F|68/100 tox
|-damage|p2a: Gliscor|56/100 tox|[from] Stealth Rock
|
|-heal|p1a: Ting-Lu|84/100 tox|[from] item: Leftovers
|-heal|p2a: Gliscor|68/100 tox|[from] ability: Poison Heal
|-damage|p1a: Ting-Lu|78/100 tox|[from] psn
|upkeep
|turn|12
|
|t:|1760772733
|move|p2a: Gliscor|Spikes|p1a: Ting-Lu
|-sidestart|p1: bobbydeoliscool|Spikes
|move|p1a: Ting-Lu|Spikes|p2a: Gliscor
|-sidestart|p2: froslass2themoon|Spikes
|
|-heal|p1a: Ting-Lu|84/100 tox|[from] item: Leftovers
|-heal|p2a: Gliscor|81/100 tox|[from] ability: Poison Heal
|-damage|p1a: Ting-Lu|71/100 tox|[from] psn
|upkeep
|turn|13
|
|t:|1760772737
|move|p2a: Gliscor|Earthquake|p1a: Ting-Lu
|-damage|p1a: Ting-Lu|54/100 tox
|move|p1a: Ting-Lu|Spikes|p2a: Gliscor
|-sidestart|p2: froslass2themoon|Spikes
|
|-heal|p1a: Ting-Lu|61/100 tox|[from] item: Leftovers
|-heal|p2a: Gliscor|93/100 tox|[from] ability: Poison Heal
|-damage|p1a: Ting-Lu|42/100 tox|[from] psn
|upkeep
|turn|14
|
|t:|1760772743
|move|p2a: Gliscor|Protect|p2a: Gliscor
|-singleturn|p2a: Gliscor|Protect
|move|p1a: Ting-Lu|Ruination|p2a: Gliscor
|-activate|p2a: Gliscor|move: Protect
|
|-heal|p1a: Ting-Lu|48/100 tox|[from] item: Leftovers
|-heal|p2a: Gliscor|100/100 tox|[from] ability: Poison Heal
|-damage|p1a: Ting-Lu|23/100 tox|[from] psn
|upkeep
|turn|15
|
|t:|1760772745
|move|p2a: Gliscor|Earthquake|p1a: Ting-Lu
|-damage|p1a: Ting-Lu|4/100 tox
|move|p1a: Ting-Lu|Ruination|p2a: Gliscor
|-damage|p2a: Gliscor|50/100 tox
|
|-heal|p1a: Ting-Lu|11/100 tox|[from] item: Leftovers
|-heal|p2a: Gliscor|63/100 tox|[from] ability: Poison Heal
|-damage|p1a: Ting-Lu|0 fnt|[from] psn
|faint|p1a: Ting-Lu
|upkeep
|
|t:|1760772747
|switch|p1a: Hydrapple|Hydrapple, M|100/100
|turn|16
|
|t:|1760772755
|-terastallize|p1a: Hydrapple|Poison
|move|p2a: Gliscor|Toxic|p1a: Hydrapple
|-immune|p1a: Hydrapple
|move|p1a: Hydrapple|Nasty Plot|p1a: Hydrapple
|-boost|p1a: Hydrapple|spa|2
|
|-heal|p2a: Gliscor|75/100 tox|[from] ability: Poison Heal
|upkeep
|turn|17
|
|t:|1760772760
|move|p2a: Gliscor|Earthquake|p1a: Hydrapple
|-supereffective|p1a: Hydrapple
|-damage|p1a: Hydrapple|64/100
|move|p1a: Hydrapple|Giga Drain|p2a: Gliscor
|-damage|p2a: Gliscor|10/100 tox
|-heal|p1a: Hydrapple|91/100|[from] drain|[of] p2a: Gliscor
|
|-heal|p2a: Gliscor|22/100 tox|[from] ability: Poison Heal
|upkeep
|turn|18
|
|t:|1760772762
|move|p2a: Gliscor|Earthquake|p1a: Hydrapple
|-supereffective|p1a: Hydrapple
|-damage|p1a: Hydrapple|49/100
|move|p1a: Hydrapple|Fickle Beam|p2a: Gliscor
|-damage|p2a: Gliscor|0 fnt
|faint|p2a: Gliscor
|
|upkeep
|
|t:|1760772769
|switch|p2a: Cyclizar|Cyclizar, F|100/100
|-damage|p2a: Cyclizar|88/100|[from] Stealth Rock
|-damage|p2a: Cyclizar|72/100|[from] Spikes
|turn|19
|
|t:|1760772776
|-terastallize|p2a: Cyclizar|Fairy
|move|p2a: Cyclizar|Rapid Spin|p1a: Hydrapple
|-damage|p1a: Hydrapple|39/100
|-boost|p2a: Cyclizar|spe|1
|-sideend|p2: froslass2themoon|Spikes|[from] move: Rapid Spin|[of] p2a: Cyclizar
|-sideend|p2: froslass2themoon|Stealth Rock|[from] move: Rapid Spin|[of] p2a: Cyclizar
|move|p1a: Hydrapple|Fickle Beam|p2a: Cyclizar
|-immune|p2a: Cyclizar
|
|upkeep
|turn|20
|
|t:|1760772784
|move|p1a: Hydrapple|Giga Drain|p2a: Cyclizar
|-damage|p2a: Cyclizar|34/100
|-heal|p1a: Hydrapple|55/100|[from] drain|[of] p2a: Cyclizar
|move|p2a: Cyclizar|Dragon Tail|p1a: Hydrapple
|-damage|p1a: Hydrapple|43/100
|drag|p1a: Moltres|Moltres|100/100
|
|upkeep
|turn|21
|
|t:|1760772792
|move|p2a: Cyclizar|Knock Off|p1a: Moltres
|-damage|p1a: Moltres|85/100
|-enditem|p1a: Moltres|Heavy-Duty Boots|[from] move: Knock Off|[of] p2a: Cyclizar
|move|p1a: Moltres|Flamethrower|p2a: Cyclizar
|-damage|p2a: Cyclizar|12/100
|-status|p2a: Cyclizar|brn
|
|-damage|p2a: Cyclizar|5/100 brn|[from] brn
|upkeep
|turn|22
|
|t:|1760772798
|move|p2a: Cyclizar|U-turn|p1a: Moltres
|-resisted|p1a: Moltres
|-damage|p1a: Moltres|84/100
|
|t:|1760772799
|switch|p2a: Clefable|Clefable, F|100/100|[from] U-turn
|move|p1a: Moltres|U-turn|p2a: Clefable
|-resisted|p2a: Clefable
|-damage|p2a: Clefable|92/100
|
|t:|1760772803
|switch|p1a: Tinkaton|Tinkaton, F|100/100|[from] U-turn
|-ability|p1a: Tinkaton|Mold Breaker
|
|-heal|p2a: Clefable|98/100|[from] item: Leftovers
|upkeep
|turn|23
|
|t:|1760772807
|move|p1a: Tinkaton|Stealth Rock|p2a: Clefable
|-sidestart|p2: froslass2themoon|move: Stealth Rock
|move|p2a: Clefable|Stealth Rock|p1a: Tinkaton
|-sidestart|p1: bobbydeoliscool|move: Stealth Rock
|
|-heal|p2a: Clefable|100/100|[from] item: Leftovers
|upkeep
|turn|24
|
|t:|1760772811
|switch|p2a: Zapdos|Zapdos|85/100
|move|p1a: Tinkaton|Gigaton Hammer|p2a: Zapdos
|-resisted|p2a: Zapdos
|-damage|p2a: Zapdos|68/100
|
|upkeep
|turn|25
|
|t:|1760772819
|move|p1a: Tinkaton|Thunder Wave|p2a: Zapdos
|-immune|p2a: Zapdos
|move|p2a: Zapdos|Thunder Wave|p1a: Tinkaton
|-status|p1a: Tinkaton|par
|
|upkeep
|turn|26
|
|t:|1760772825
|move|p2a: Zapdos|Thunder Wave|p1a: Tinkaton
|-fail|p1a: Tinkaton|par
|move|p1a: Tinkaton|Encore|p2a: Zapdos
|-start|p2a: Zapdos|Encore
|
|upkeep
|turn|27
|
|t:|1760772831
|switch|p2a: Dondozo|Dondozo, M|100/100
|move|p1a: Tinkaton|Gigaton Hammer|p2a: Dondozo
|-resisted|p2a: Dondozo
|-damage|p2a: Dondozo|90/100
|
|upkeep
|turn|28
|
|t:|1760772833
|switch|p1a: Hydrapple|Hydrapple, M, tera:Poison|76/100
|switch|p2a: Zapdos|Zapdos|68/100
|
|upkeep
|turn|29
|
|t:|1760772841
|switch|p1a: Tinkaton|Tinkaton, F|100/100 par
|-ability|p1a: Tinkaton|Mold Breaker
|move|p2a: Zapdos|Thunderbolt|p1a: Tinkaton
|-damage|p1a: Tinkaton|65/100 par
|
|upkeep
|turn|30
|
|t:|1760772851
|move|p2a: Zapdos|Thunderbolt|p1a: Tinkaton
|-damage|p1a: Tinkaton|35/100 par
|cant|p1a: Tinkaton|par
|
|upkeep
|turn|31
|
|t:|1760772853
|move|p2a: Zapdos|Thunderbolt|p1a: Tinkaton
|-crit|p1a: Tinkaton
|-damage|p1a: Tinkaton|0 fnt
|faint|p1a: Tinkaton
|
|upkeep
|
|t:|1760772855
|switch|p1a: Darkrai|Darkrai, shiny|100/100
|-damage|p1a: Darkrai|76/100|[from] Spikes
|-damage|p1a: Darkrai|63/100|[from] Stealth Rock
|turn|32
|
|t:|1760772858
|switch|p2a: Clefable|Clefable, F|100/100
|move|p1a: Darkrai|Knock Off|p2a: Clefable
|-resisted|p2a: Clefable
|-damage|p2a: Clefable|84/100
|-enditem|p2a: Clefable|Leftovers|[from] move: Knock Off|[of] p1a: Darkrai
|
|upkeep
|turn|33
|
|t:|1760772865
|move|p1a: Darkrai|Sludge Bomb|p2a: Clefable
|-supereffective|p2a: Clefable
|-damage|p2a: Clefable|42/100
|move|p2a: Clefable|Moonblast|p1a: Darkrai
|-supereffective|p1a: Darkrai
|-damage|p1a: Darkrai|5/100
|
|upkeep
|turn|34
|
|t:|1760772876
|move|p1a: Darkrai|Sludge Bomb|p2a: Clefable
|-supereffective|p2a: Clefable
|-damage|p2a: Clefable|0 fnt
|faint|p2a: Clefable
|
|upkeep
|
|t:|1760772893
|switch|p2a: Dondozo|Dondozo, M|90/100
|turn|35
|
|t:|1760772896
|move|p1a: Darkrai|Knock Off|p2a: Dondozo
|-damage|p2a: Dondozo|77/100
|-enditem|p2a: Dondozo|Heavy-Duty Boots|[from] move: Knock Off|[of] p1a: Darkrai
|move|p2a: Dondozo|Waterfall|p1a: Darkrai
|-damage|p1a: Darkrai|0 fnt
|faint|p1a: Darkrai
|
|upkeep
|
|t:|1760772901
|switch|p1a: Hydrapple|Hydrapple, M, tera:Poison|100/100
|turn|36
|
|t:|1760772912
|switch|p2a: Zapdos|Zapdos|68/100
|move|p1a: Hydrapple|Nasty Plot|p1a: Hydrapple
|-boost|p1a: Hydrapple|spa|2
|
|upkeep
|turn|37
|
|t:|1760772917
|move|p2a: Zapdos|Thunderbolt|p1a: Hydrapple
|-damage|p1a: Hydrapple|65/100
|move|p1a: Hydrapple|Fickle Beam|p2a: Zapdos
|-damage|p2a: Zapdos|0 fnt
|faint|p2a: Zapdos
|
|upkeep
|inactive|froslass2themoon has 120 seconds left.
|
|t:|1760772958
|switch|p2a: Cyclizar|Cyclizar, F, tera:Fairy|39/100 brn
|-damage|p2a: Cyclizar|27/100 brn|[from] Stealth Rock
|turn|38
|inactive|froslass2themoon has 120 seconds left.
|
|t:|1760772974
|move|p2a: Cyclizar|Knock Off|p1a: Hydrapple
|-damage|p1a: Hydrapple|58/100
|-enditem|p1a: Hydrapple|Heavy-Duty Boots|[from] move: Knock Off|[of] p2a: Cyclizar
|move|p1a: Hydrapple|Giga Drain|p2a: Cyclizar
|-damage|p2a: Cyclizar|0 fnt
|-heal|p1a: Hydrapple|69/100|[from] drain|[of] p2a: Cyclizar
|faint|p2a: Cyclizar
|
|upkeep
|
|t:|1760772977
|switch|p2a: Greninja|Greninja, M|100/100
|-damage|p2a: Greninja|88/100|[from] Stealth Rock
|turn|39
|
|t:|1760772985
|move|p2a: Greninja|Ice Beam|p1a: Hydrapple
|-start|p2a: Greninja|typechange|Ice|[from] ability: Protean
|-damage|p1a: Hydrapple|21/100
|-damage|p2a: Greninja|78/100|[from] item: Life Orb
|move|p1a: Hydrapple|Giga Drain|p2a: Greninja
|-damage|p2a: Greninja|0 fnt
|-heal|p1a: Hydrapple|48/100|[from] drain|[of] p2a: Greninja
|faint|p2a: Greninja
|
|upkeep
|-message|froslass2themoon forfeited.
|
|win|bobbydeoliscool
|raw|bobbydeoliscool's rating: 1484 &rarr; <strong>1498</strong><br />(+14 for winning)
|raw|froslass2themoon's rating: 1369 &rarr; <strong>1355</strong><br />(-14 for losing)
|l|☆froslass2themoon
|player|p2|
|l|☆bobbydeoliscool
|player|p1|
