|j|☆Walking Waste
|j|‽mantikarp2.0
|t:|1760746063
|gametype|singles
|player|p1|Walking Waste|burglar-gen2|1651
|player|p2|mantikarp2.0|medium|1711
|gen|9
|tier|[Gen 9] OU
|rated|
|rule|HP Percentage Mod: HP is shown in percentages
|rule|Endless Battle Clause: Forcing endless battles is banned
|rule|Species Clause: Limit one of each Pokémon
|rule|OHKO Clause: OHKO moves are banned
|rule|Evasion Items Clause: Evasion items are banned
|rule|Evasion Moves Clause: Evasion moves are banned
|rule|Evasion Abilities Clause: Evasion abilities are banned
|rule|Sleep Moves Clause: Sleep-inducing moves are banned
|clearpoke
|poke|p1|Frosmoth, M|
|poke|p1|Cinccino, F|
|poke|p1|Incineroar, M|
|poke|p1|Weezing-Galar, F|
|poke|p1|Sinistcha|
|poke|p1|Alomomola, F|
|poke|p2|Ribombee, M|
|poke|p2|Gholdengo|
|poke|p2|Great Tusk|
|poke|p2|Raging Bolt|
|poke|p2|Ogerpon-Cornerstone, F|
|poke|p2|Ceruledge, F|
|teampreview
|inactive|Battle timer is ON: inactive players will automatically lose when time's up. (requested by Walking Waste)
|inactive|mantikarp2.0 has 120 seconds left.
|
|t:|1760746115
|teamsize|p1|6
|teamsize|p2|6
|start
|switch|p1a: Alomomola|Alomomola, F|100/100
|switch|p2a: Ribombee|Ribombee, M, shiny|100/100
|turn|1
|j| Champion reko
|j| PrincessGardevoir
|
|t:|1760746125
|move|p2a: Ribombee|Sticky Web|p1a: Alomomola
|-sidestart|p1: Walking Waste|move: Sticky Web
|move|p1a: Alomomola|Flip Turn|p2a: Ribombee
|-damage|p2a: Ribombee|68/100
|
|t:|1760746131
|switch|p1a: Incineroar|Incineroar, M|100/100|[from] Flip Turn
|-ability|p1a: Incineroar|Intimidate|boost
|-unboost|p2a: Ribombee|atk|1
|
|upkeep
|turn|2
|
|t:|1760746145
|move|p2a: Ribombee|Moonblast|p1a: Incineroar
|-damage|p1a: Incineroar|61/100
|move|p1a: Incineroar|Flare Blitz|p2a: Ribombee
|-supereffective|p2a: Ribombee
|-damage|p2a: Ribombee|0 fnt
|faint|p2a: Ribombee
|-damage|p1a: Incineroar|46/100|[from] Recoil
|
|upkeep
|
|t:|1760746151
|switch|p2a: Ogerpon|Ogerpon-Cornerstone, F|100/100
|turn|3
|
|t:|1760746160
|switch|p1a: Sinistcha|Sinistcha|100/100
|-activate|p1a: Sinistcha|move: Sticky Web
|-unboost|p1a: Sinistcha|spe|1
|move|p2a: Ogerpon|Ivy Cudgel|p1a: Sinistcha|[anim] Ivy Cudgel Rock
|-crit|p1a: Sinistcha
|-damage|p1a: Sinistcha|29/100
|
|upkeep
|turn|4
|
|t:|1760746175
|switch|p1a: Alomomola|Alomomola, F|100/100
|-activate|p1a: Alomomola|move: Sticky Web
|-unboost|p1a: Alomomola|spe|1
|move|p2a: Ogerpon|Ivy Cudgel|p1a: Alomomola|[anim] Ivy Cudgel Rock
|-crit|p1a: Alomomola
|-damage|p1a: Alomomola|37/100
|
|upkeep
|turn|5
|l| Champion reko
|
|t:|1760746183
|switch|p1a: Weezing|Weezing-Galar, F|100/100
|-ability|p1a: Weezing|Neutralizing Gas
|-activate|p1a: Weezing|move: Sticky Web
|-unboost|p1a: Weezing|spe|1
|move|p2a: Ogerpon|Ivy Cudgel|p1a: Weezing|[anim] Ivy Cudgel Rock
|-damage|p1a: Weezing|62/100
|
|upkeep
|turn|6
|
|t:|1760746194
|-terastallize|p2a: Ogerpon|Rock
|detailschange|p2a: Ogerpon|Ogerpon-Cornerstone-Tera, F, tera:Rock
|move|p2a: Ogerpon|Ivy Cudgel|p1a: Weezing|[anim] Ivy Cudgel Rock
|-damage|p1a: Weezing|10/100
|move|p1a: Weezing|Toxic|p2a: Ogerpon
|-status|p2a: Ogerpon|tox
|
|-damage|p2a: Ogerpon|95/100 tox|[from] psn
|upkeep
|turn|7
|
|t:|1760746215
|move|p2a: Ogerpon|Ivy Cudgel|p1a: Weezing|[anim] Ivy Cudgel Rock
|-crit|p1a: Weezing
|-damage|p1a: Weezing|0 fnt
|faint|p1a: Weezing
|-end|p1a: Weezing|ability: Neutralizing Gas
|-ability|p2a: Ogerpon|Embody Aspect (Cornerstone)|boost
|-boost|p2a: Ogerpon|def|1
|
|-damage|p2a: Ogerpon|83/100 tox|[from] psn
|upkeep
|
|t:|1760746221
|switch|p1a: Alomomola|Alomomola, F|70/100
|-activate|p1a: Alomomola|move: Sticky Web
|-unboost|p1a: Alomomola|spe|1
|turn|8
|
|t:|1760746232
|switch|p1a: Incineroar|Incineroar, M|46/100
|-ability|p1a: Incineroar|Intimidate|boost
|-unboost|p2a: Ogerpon|atk|1
|move|p2a: Ogerpon|Power Whip|p1a: Incineroar|[miss]
|-miss|p2a: Ogerpon|p1a: Incineroar
|
|-damage|p2a: Ogerpon|65/100 tox|[from] psn
|upkeep
|turn|9
|
|t:|1760746242
|move|p2a: Ogerpon|Ivy Cudgel|p1a: Incineroar|[anim] Ivy Cudgel Rock
|-supereffective|p1a: Incineroar
|-damage|p1a: Incineroar|0 fnt
|faint|p1a: Incineroar
|
|-damage|p2a: Ogerpon|41/100 tox|[from] psn
|upkeep
|
|t:|1760746245
|switch|p1a: Sinistcha|Sinistcha|29/100
|-activate|p1a: Sinistcha|move: Sticky Web
|-unboost|p1a: Sinistcha|spe|1
|turn|10
|
|t:|1760746248
|switch|p1a: Alomomola|Alomomola, F|100/100
|-activate|p1a: Alomomola|move: Sticky Web
|-unboost|p1a: Alomomola|spe|1
|move|p2a: Ogerpon|Ivy Cudgel|p1a: Alomomola|[anim] Ivy Cudgel Rock
|-damage|p1a: Alomomola|65/100
|
|-damage|p2a: Ogerpon|11/100 tox|[from] psn
|upkeep
|turn|11
|
|t:|1760746258
|switch|p2a: Raging Bolt|Raging Bolt|100/100
|-enditem|p2a: Raging Bolt|Booster Energy
|-activate|p2a: Raging Bolt|ability: Protosynthesis|[fromitem]
|-start|p2a: Raging Bolt|protosynthesisspa
|move|p1a: Alomomola|Wish|p1a: Alomomola
|
|upkeep
|turn|12
|
|t:|1760746264
|move|p2a: Raging Bolt|Calm Mind|p2a: Raging Bolt
|-boost|p2a: Raging Bolt|spa|1
|-boost|p2a: Raging Bolt|spd|1
|move|p1a: Alomomola|Flip Turn|p2a: Raging Bolt
|-resisted|p2a: Raging Bolt
|-damage|p2a: Raging Bolt|93/100
|
|t:|1760746269
|switch|p1a: Frosmoth|Frosmoth, M|100/100|[from] Flip Turn
|-activate|p1a: Frosmoth|move: Sticky Web
|-unboost|p1a: Frosmoth|spe|1
|
|upkeep
|turn|13
|
|t:|1760746273
|move|p2a: Raging Bolt|Dragon Pulse|p1a: Frosmoth
|-damage|p1a: Frosmoth|61/100
|move|p1a: Frosmoth|Quiver Dance|p1a: Frosmoth
|-boost|p1a: Frosmoth|spa|1
|-boost|p1a: Frosmoth|spd|1
|-boost|p1a: Frosmoth|spe|1
|
|-heal|p1a: Frosmoth|67/100|[from] item: Leftovers
|upkeep
|turn|14
|
|t:|1760746285
|switch|p1a: Alomomola|Alomomola, F|98/100
|-activate|p1a: Alomomola|move: Sticky Web
|-unboost|p1a: Alomomola|spe|1
|move|p2a: Raging Bolt|Calm Mind|p2a: Raging Bolt
|-boost|p2a: Raging Bolt|spa|1
|-boost|p2a: Raging Bolt|spd|1
|
|upkeep
|turn|15
|j| Champion reko
|
|t:|1760746300
|-terastallize|p1a: Alomomola|Fairy
|move|p2a: Raging Bolt|Thunderbolt|p1a: Alomomola
|-damage|p1a: Alomomola|0 fnt
|faint|p1a: Alomomola
|
|upkeep
|
|t:|1760746304
|switch|p1a: Frosmoth|Frosmoth, M|67/100
|-activate|p1a: Frosmoth|move: Sticky Web
|-unboost|p1a: Frosmoth|spe|1
|turn|16
|
|t:|1760746307
|move|p2a: Raging Bolt|Thunderbolt|p1a: Frosmoth
|-damage|p1a: Frosmoth|16/100
|move|p1a: Frosmoth|Quiver Dance|p1a: Frosmoth
|-boost|p1a: Frosmoth|spa|1
|-boost|p1a: Frosmoth|spd|1
|-boost|p1a: Frosmoth|spe|1
|
|-heal|p1a: Frosmoth|22/100|[from] item: Leftovers
|upkeep
|turn|17
|
|t:|1760746310
|move|p2a: Raging Bolt|Thunderbolt|p1a: Frosmoth
|-damage|p1a: Frosmoth|0 fnt
|faint|p1a: Frosmoth
|
|upkeep
|c|☆Walking Waste|WTF AM I DOING
|
|t:|1760746316
|switch|p1a: Cinccino|Cinccino, F|100/100
|-activate|p1a: Cinccino|move: Sticky Web
|-unboost|p1a: Cinccino|spe|1
|turn|18
|
|t:|1760746320
|move|p2a: Raging Bolt|Thunderbolt|p1a: Cinccino
|-damage|p1a: Cinccino|0 fnt
|faint|p1a: Cinccino
|
|upkeep
|
|t:|1760746322
|switch|p1a: Sinistcha|Sinistcha|29/100
|-activate|p1a: Sinistcha|move: Sticky Web
|-unboost|p1a: Sinistcha|spe|1
|turn|19
|
|t:|1760746324
|move|p2a: Raging Bolt|Dragon Pulse|p1a: Sinistcha
|-damage|p1a: Sinistcha|0 fnt
|faint|p1a: Sinistcha
|
|win|mantikarp2.0
|raw|Walking Waste's rating: 1651 &rarr; <strong>1634</strong><br />(-17 for losing)
|raw|mantikarp2.0's rating: 1711 &rarr; <strong>1728</strong><br />(+17 for winning)
|l|☆Walking Waste
|player|p1|
|l| Champion reko
|l|‽mantikarp2.0
|player|p2|
