|j|☆table_man_10293
|j|☆gou2
|t:|1760768210
|gametype|singles
|player|p1|table_man_10293|bruno-gen1rb|1431
|player|p2|gou2|palmer|1460
|gen|9
|tier|[Gen 9] OU
|rated|
|rule|HP Percentage Mod: HP is shown in percentages
|rule|Endless Battle Clause: Forcing endless battles is banned
|rule|Species Clause: Limit one of each Pokémon
|rule|OHKO Clause: OHKO moves are banned
|rule|Evasion Items Clause: Evasion items are banned
|rule|Evasion Moves Clause: Evasion moves are banned
|rule|Evasion Abilities Clause: Evasion abilities are banned
|rule|Sleep Moves Clause: Sleep-inducing moves are banned
|clearpoke
|poke|p1|Ninetales, F|
|poke|p1|Raging Bolt|
|poke|p1|Hatterene, F|
|poke|p1|Walking Wake|
|poke|p1|Great Tusk|
|poke|p1|Scizor, F|
|poke|p2|Tyranitar, M|
|poke|p2|Keldeo-Resolute|
|poke|p2|Heatran, F|
|poke|p2|Hydrapple, F|
|poke|p2|Tornadus-Therian, M|
|poke|p2|Excadrill, F|
|teampreview
|inactive|Battle timer is ON: inactive players will automatically lose when time's up. (requested by gou2)
|
|t:|1760768226
|teamsize|p1|6
|teamsize|p2|6
|start
|switch|p1a: Bob|Walking Wake|100/100
|switch|p2a: Keldeo|Keldeo-Resolute|100/100
|turn|1
|
|t:|1760768237
|switch|p2a: Heatran|Heatran, F, shiny|100/100
|move|p1a: Bob|Draco Meteor|p2a: Heatran
|-resisted|p2a: Heatran
|-damage|p2a: Heatran|70/100
|-unboost|p1a: Bob|spa|2
|
|-heal|p2a: Heatran|76/100|[from] item: Leftovers
|upkeep
|turn|2
|
|t:|1760768246
|-end|p1a: Bob|Protosynthesis|[silent]
|switch|p1a: jamal|Hatterene, F|100/100
|move|p2a: Heatran|Stealth Rock|p1a: jamal
|move|p1a: jamal|Stealth Rock|p2a: Heatran|[from] ability: Magic Bounce
|-sidestart|p2: gou2|move: Stealth Rock
|
|-heal|p2a: Heatran|83/100|[from] item: Leftovers
|upkeep
|turn|3
|
|t:|1760768254
|switch|p1a: Bob|Walking Wake|100/100
|move|p2a: Heatran|Magma Storm|p1a: Bob|[miss]
|-miss|p2a: Heatran|p1a: Bob
|
|-heal|p2a: Heatran|89/100|[from] item: Leftovers
|upkeep
|turn|4
|
|t:|1760768262
|switch|p2a: Keldeo|Keldeo-Resolute|100/100
|-damage|p2a: Keldeo|94/100|[from] Stealth Rock
|move|p1a: Bob|Hydro Steam|p2a: Keldeo
|-resisted|p2a: Keldeo
|-damage|p2a: Keldeo|58/100
|
|upkeep
|turn|5
|
|t:|1760768270
|move|p1a: Bob|Hydro Steam|p2a: Keldeo
|-resisted|p2a: Keldeo
|-damage|p2a: Keldeo|21/100
|move|p2a: Keldeo|Secret Sword|p1a: Bob
|-damage|p1a: Bob|29/100
|
|upkeep
|turn|6
|
|t:|1760768280
|move|p1a: Bob|Hydro Steam|p2a: Keldeo
|-resisted|p2a: Keldeo
|-damage|p2a: Keldeo|0 fnt
|faint|p2a: Keldeo
|
|upkeep
|
|t:|1760768286
|switch|p2a: Tornadus|Tornadus-Therian, M|100/100
|turn|7
|
|t:|1760768296
|-end|p1a: Bob|Protosynthesis|[silent]
|switch|p1a: aurora veil setter|Ninetales, F, shiny|100/100
|-weather|SunnyDay|[from] ability: Drought|[of] p1a: aurora veil setter
|move|p2a: Tornadus|Bleakwind Storm|p1a: aurora veil setter|[miss]
|-miss|p2a: Tornadus|p1a: aurora veil setter
|
|-weather|SunnyDay|[upkeep]
|upkeep
|turn|8
|
|t:|1760768303
|move|p2a: Tornadus|Bleakwind Storm|p1a: aurora veil setter
|-damage|p1a: aurora veil setter|65/100
|move|p1a: aurora veil setter|Will-O-Wisp|p2a: Tornadus
|-status|p2a: Tornadus|brn
|
|-weather|SunnyDay|[upkeep]
|-damage|p2a: Tornadus|94/100 brn|[from] brn
|upkeep
|turn|9
|
|t:|1760768313
|switch|p1a: FaRiGaRaIf?|Raging Bolt|100/100
|-activate|p1a: FaRiGaRaIf?|ability: Protosynthesis
|-start|p1a: FaRiGaRaIf?|protosynthesisspa
|move|p2a: Tornadus|Bleakwind Storm|p1a: FaRiGaRaIf?
|-resisted|p1a: FaRiGaRaIf?
|-damage|p1a: FaRiGaRaIf?|82/100
|-unboost|p1a: FaRiGaRaIf?|spe|1
|
|-weather|SunnyDay|[upkeep]
|-damage|p2a: Tornadus|88/100 brn|[from] brn
|upkeep
|turn|10
|
|t:|1760768321
|-terastallize|p2a: Tornadus|Poison
|move|p2a: Tornadus|Taunt|p1a: FaRiGaRaIf?
|-start|p1a: FaRiGaRaIf?|move: Taunt
|move|p1a: FaRiGaRaIf?|Draco Meteor|p2a: Tornadus
|-damage|p2a: Tornadus|0 fnt
|-unboost|p1a: FaRiGaRaIf?|spa|2
|faint|p2a: Tornadus
|
|-weather|SunnyDay|[upkeep]
|upkeep
|
|t:|1760768329
|switch|p2a: Heatran|Heatran, F, shiny|89/100
|-damage|p2a: Heatran|76/100|[from] Stealth Rock
|turn|11
|
|t:|1760768336
|-end|p1a: FaRiGaRaIf?|Protosynthesis|[silent]
|switch|p1a: jamal|Hatterene, F|100/100
|move|p2a: Heatran|Magma Storm|p1a: jamal
|-damage|p1a: jamal|37/100
|-activate|p1a: jamal|move: Magma Storm|[of] p2a: Heatran
|
|-weather|SunnyDay|[upkeep]
|-heal|p2a: Heatran|83/100|[from] item: Leftovers
|-damage|p1a: jamal|25/100|[from] move: Magma Storm|[partiallytrapped]
|upkeep
|turn|12
|
|t:|1760768346
|move|p2a: Heatran|Earth Power|p1a: jamal
|-damage|p1a: jamal|0 fnt
|faint|p1a: jamal
|
|-weather|SunnyDay|[upkeep]
|-heal|p2a: Heatran|89/100|[from] item: Leftovers
|upkeep
|
|t:|1760768363
|switch|p1a: Bob|Walking Wake|29/100
|-activate|p1a: Bob|ability: Protosynthesis
|-start|p1a: Bob|protosynthesisspe
|turn|13
|
|t:|1760768378
|move|p1a: Bob|Hydro Steam|p2a: Heatran
|-supereffective|p2a: Heatran
|-damage|p2a: Heatran|0 fnt
|faint|p2a: Heatran
|
|-weather|SunnyDay|[upkeep]
|upkeep
|
|t:|1760768383
|switch|p2a: Tyranitar|Tyranitar, M, shiny|100/100
|-damage|p2a: Tyranitar|88/100|[from] Stealth Rock
|-weather|Sandstorm|[from] ability: Sand Stream|[of] p2a: Tyranitar
|-end|p1a: Bob|Protosynthesis
|turn|14
|
|t:|1760768391
|move|p1a: Bob|Hydro Steam|p2a: Tyranitar
|-supereffective|p2a: Tyranitar
|-damage|p2a: Tyranitar|11/100
|move|p2a: Tyranitar|Earthquake|p1a: Bob
|-damage|p1a: Bob|0 fnt
|faint|p1a: Bob
|-end|p1a: Bob|Protosynthesis|[silent]
|
|-weather|Sandstorm|[upkeep]
|upkeep
|
|t:|1760768395
|switch|p1a: aurora veil setter|Ninetales, F, shiny|65/100
|-weather|SunnyDay|[from] ability: Drought|[of] p1a: aurora veil setter
|turn|15
|
|t:|1760768400
|move|p1a: aurora veil setter|Will-O-Wisp|p2a: Tyranitar
|-status|p2a: Tyranitar|brn
|move|p2a: Tyranitar|Earthquake|p1a: aurora veil setter
|-supereffective|p1a: aurora veil setter
|-damage|p1a: aurora veil setter|0 fnt
|faint|p1a: aurora veil setter
|
|-weather|SunnyDay|[upkeep]
|-damage|p2a: Tyranitar|5/100 brn|[from] brn
|upkeep
|
|t:|1760768410
|switch|p1a: stronger than you|Great Tusk, shiny|100/100
|-activate|p1a: stronger than you|ability: Protosynthesis
|-start|p1a: stronger than you|protosynthesisatk
|turn|16
|
|t:|1760768414
|move|p1a: stronger than you|Rapid Spin|p2a: Tyranitar
|-resisted|p2a: Tyranitar
|-damage|p2a: Tyranitar|0 fnt
|-boost|p1a: stronger than you|spe|1
|faint|p2a: Tyranitar
|
|-weather|SunnyDay|[upkeep]
|upkeep
|
|t:|1760768418
|switch|p2a: Hydrapple|Hydrapple, F|100/100
|-damage|p2a: Hydrapple|88/100|[from] Stealth Rock
|turn|17
|c|☆table_man_10293|gg
|
|t:|1760768424
|move|p1a: stronger than you|Ice Spinner|p2a: Hydrapple
|-supereffective|p2a: Hydrapple
|-damage|p2a: Hydrapple|0 fnt
|-damage|p1a: stronger than you|84/100|[from] item: Rocky Helmet|[of] p2a: Hydrapple
|faint|p2a: Hydrapple
|
|-weather|SunnyDay|[upkeep]
|upkeep
|
|t:|1760768432
|switch|p2a: Excadrill|Excadrill, F|100/100
|-damage|p2a: Excadrill|97/100|[from] Stealth Rock
|-item|p2a: Excadrill|Air Balloon
|turn|18
|
|t:|1760768440
|move|p1a: stronger than you|Temper Flare|p2a: Excadrill
|-supereffective|p2a: Excadrill
|-damage|p2a: Excadrill|0 fnt
|-enditem|p2a: Excadrill|Air Balloon
|faint|p2a: Excadrill
|
|win|table_man_10293
|raw|table_man_10293's rating: 1431 &rarr; <strong>1453</strong><br />(+22 for winning)
|raw|gou2's rating: 1460 &rarr; <strong>1438</strong><br />(-22 for losing)
|l|☆gou2
|player|p2|
|l|☆table_man_10293
|player|p1|
