|j|☆keyboard1242
|j|☆The Blxck
|t:|1760767567
|gametype|singles
|player|p1|keyboard1242|cynthia|1134
|player|p2|The Blxck|gardenia|1164
|gen|9
|tier|[Gen 9] OU
|rated|
|rule|HP Percentage Mod: HP is shown in percentages
|rule|Endless Battle Clause: Forcing endless battles is banned
|rule|Species Clause: Limit one of each Pokémon
|rule|OHKO Clause: OHKO moves are banned
|rule|Evasion Items Clause: Evasion items are banned
|rule|Evasion Moves Clause: Evasion moves are banned
|rule|Evasion Abilities Clause: Evasion abilities are banned
|rule|Sleep Moves Clause: Sleep-inducing moves are banned
|clearpoke
|poke|p1|Meowscarada, F|
|poke|p1|Kyurem|
|poke|p1|Gholdengo|
|poke|p1|Dragonite, M|
|poke|p1|Iron Valiant|
|poke|p1|Great Tusk|
|poke|p2|Mudsdale, F|
|poke|p2|Iron Valiant|
|poke|p2|Zoroark-Hisui, M|
|poke|p2|Scizor, M|
|poke|p2|Komala, M|
|poke|p2|Haxorus, M|
|teampreview
|inactive|Battle timer is ON: inactive players will automatically lose when time's up. (requested by keyboard1242)
|
|t:|1760767593
|teamsize|p1|6
|teamsize|p2|6
|start
|switch|p1a: Dragonite|Dragonite, M, shiny|100/100
|switch|p2a: Mudsdale|Mudsdale, F|100/100
|turn|1
|
|t:|1760767608
|move|p1a: Dragonite|Dragon Dance|p1a: Dragonite
|-boost|p1a: Dragonite|atk|1
|-boost|p1a: Dragonite|spe|1
|move|p2a: Mudsdale|Stealth Rock|p1a: Dragonite
|-sidestart|p1: keyboard1242|move: Stealth Rock
|
|upkeep
|turn|2
|
|t:|1760767617
|switch|p2a: Komala|Komala, M|100/100
|move|p1a: Dragonite|Dragon Dance|p1a: Dragonite
|-boost|p1a: Dragonite|atk|1
|-boost|p1a: Dragonite|spe|1
|
|upkeep
|turn|3
|
|t:|1760767624
|move|p1a: Dragonite|Extreme Speed|p2a: Komala
|-immune|p2a: Komala
|move|p2a: Komala|Nasty Plot|p2a: Komala
|-boost|p2a: Komala|spa|2
|
|upkeep
|turn|4
|
|t:|1760767635
|move|p1a: Dragonite|Draco Meteor|p2a: Komala
|-damage|p2a: Komala|22/100
|-unboost|p1a: Dragonite|spa|2
|replace|p2a: Zoroark|Zoroark-Hisui, M
|-end|p2a: Zoroark|Illusion
|move|p2a: Zoroark|Hyper Voice|p1a: Dragonite
|-damage|p1a: Dragonite|58/100
|
|upkeep
|turn|5
|
|t:|1760767643
|move|p1a: Dragonite|Draco Meteor|p2a: Zoroark
|-crit|p2a: Zoroark
|-damage|p2a: Zoroark|0 fnt
|-unboost|p1a: Dragonite|spa|2
|faint|p2a: Zoroark
|
|upkeep
|
|t:|1760767648
|switch|p2a: Iron Valiant|Iron Valiant|100/100
|-enditem|p2a: Iron Valiant|Booster Energy
|-activate|p2a: Iron Valiant|ability: Quark Drive|[fromitem]
|-start|p2a: Iron Valiant|quarkdrivespe
|turn|6
|inactive|keyboard1242 has 120 seconds left.
|
|t:|1760767692
|-terastallize|p1a: Dragonite|Normal
|move|p1a: Dragonite|Extreme Speed|p2a: Iron Valiant
|-damage|p2a: Iron Valiant|0 fnt
|faint|p2a: Iron Valiant
|-end|p2a: Iron Valiant|Quark Drive|[silent]
|
|upkeep
|-message|The Blxck forfeited.
|
|win|keyboard1242
|raw|keyboard1242's rating: 1134 &rarr; <strong>1161</strong><br />(+27 for winning)
|raw|The Blxck's rating: 1164 &rarr; <strong>1137</strong><br />(-27 for losing)
|l|☆The Blxck
|player|p2|
|l|☆keyboard1242
|player|p1|
