|j|☆WhenZero
|j|☆Voltaris33
|t:|1760889746
|gametype|singles
|player|p1|WhenZero|102|1456
|player|p2|Voltaris33|unknown|1550
|gen|9
|tier|[Gen 9] OU
|rated|
|rule|HP Percentage Mod: HP is shown in percentages
|rule|Endless Battle Clause: Forcing endless battles is banned
|rule|Species Clause: Limit one of each Pokémon
|rule|OHKO Clause: OHKO moves are banned
|rule|Evasion Items Clause: Evasion items are banned
|rule|Evasion Moves Clause: Evasion moves are banned
|rule|Evasion Abilities Clause: Evasion abilities are banned
|rule|Sleep Moves Clause: Sleep-inducing moves are banned
|clearpoke
|poke|p1|Rillaboom, F|
|poke|p1|Great Tusk|
|poke|p1|Darkrai|
|poke|p1|Iron Crown|
|poke|p1|Hatterene, F|
|poke|p1|Alomomola, F|
|poke|p2|Garchomp, M|
|poke|p2|Moltres-Galar|
|poke|p2|Tyranitar, F|
|poke|p2|Noivern, F|
|poke|p2|Ceruledge, F|
|poke|p2|Zapdos|
|teampreview
|inactive|Battle timer is ON: inactive players will automatically lose when time's up. (requested by WhenZero)
|inactive|Voltaris33 also wants the timer to be on.
|
|t:|1760889760
|teamsize|p1|6
|teamsize|p2|6
|start
|switch|p1a: Darkrai|Darkrai|100/100
|switch|p2a: Zapdos|Zapdos|100/100
|turn|1
|
|t:|1760889768
|switch|p1a: Hatterene|Hatterene, F|100/100
|move|p2a: Zapdos|Thunder Wave|p1a: Hatterene
|move|p1a: Hatterene|Thunder Wave|p2a: Zapdos|[from] ability: Magic Bounce|[miss]
|-miss|p1a: Hatterene|p2a: Zapdos
|
|upkeep
|turn|2
|
|t:|1760889779
|move|p2a: Zapdos|Volt Switch|p1a: Hatterene
|-damage|p1a: Hatterene|54/100
|
|t:|1760889795
|switch|p2a: Tyranitar|Tyranitar, F|100/100|[from] Volt Switch
|-weather|Sandstorm|[from] ability: Sand Stream|[of] p2a: Tyranitar
|move|p1a: Hatterene|Mystical Fire|p2a: Tyranitar
|-resisted|p2a: Tyranitar
|-damage|p2a: Tyranitar|91/100
|-unboost|p2a: Tyranitar|spa|1
|
|-weather|Sandstorm|[upkeep]
|-damage|p1a: Hatterene|48/100|[from] Sandstorm
|-heal|p1a: Hatterene|54/100|[from] item: Leftovers
|upkeep
|turn|3
|
|t:|1760889808
|switch|p1a: Great Tusk|Great Tusk|100/100
|move|p2a: Tyranitar|Knock Off|p1a: Great Tusk
|-resisted|p1a: Great Tusk
|-damage|p1a: Great Tusk|75/100
|-damage|p2a: Tyranitar|75/100|[from] item: Rocky Helmet|[of] p1a: Great Tusk
|-enditem|p1a: Great Tusk|Rocky Helmet|[from] move: Knock Off|[of] p2a: Tyranitar
|-damage|p2a: Tyranitar|65/100|[from] item: Life Orb
|
|-weather|Sandstorm|[upkeep]
|upkeep
|turn|4
|
|t:|1760889819
|switch|p2a: Noivern|Noivern, F|100/100
|move|p1a: Great Tusk|Stealth Rock|p2a: Noivern
|-sidestart|p2: Voltaris33|move: Stealth Rock
|
|-weather|Sandstorm|[upkeep]
|-damage|p2a: Noivern|94/100|[from] Sandstorm
|upkeep
|turn|5
|
|t:|1760889829
|-end|p1a: Great Tusk|Protosynthesis|[silent]
|switch|p1a: Iron Crown|Iron Crown|100/100
|move|p2a: Noivern|Draco Meteor|p1a: Iron Crown
|-resisted|p1a: Iron Crown
|-damage|p1a: Iron Crown|72/100
|-unboost|p2a: Noivern|spa|2
|
|-weather|Sandstorm|[upkeep]
|-damage|p2a: Noivern|88/100|[from] Sandstorm
|upkeep
|turn|6
|
|t:|1760889840
|move|p2a: Noivern|Defog|p1a: Iron Crown
|-unboost|p1a: Iron Crown|evasion|1
|-sideend|p2: Voltaris33|Stealth Rock|[from] move: Defog|[of] p2a: Noivern
|move|p1a: Iron Crown|Tachyon Cutter|p2a: Noivern
|-damage|p2a: Noivern|36/100
|-damage|p2a: Noivern|0 fnt
|faint|p2a: Noivern
|-hitcount|p2: Noivern|2
|
|-weather|none
|upkeep
|
|t:|1760889844
|switch|p2a: Garchomp|Garchomp, M|100/100
|turn|7
|
|t:|1760889852
|-end|p1a: Iron Crown|Quark Drive|[silent]
|switch|p1a: Great Tusk|Great Tusk|75/100
|move|p2a: Garchomp|Scale Shot|p1a: Great Tusk
|-damage|p1a: Great Tusk|66/100
|-damage|p1a: Great Tusk|58/100
|-damage|p1a: Great Tusk|50/100
|-damage|p1a: Great Tusk|41/100
|-damage|p1a: Great Tusk|33/100
|-hitcount|p1a: Great Tusk|5
|-unboost|p2a: Garchomp|def|1
|-boost|p2a: Garchomp|spe|1
|
|upkeep
|turn|8
|
|t:|1760889861
|-end|p1a: Great Tusk|Protosynthesis|[silent]
|switch|p1a: Rillaboom|Rillaboom, F|100/100
|-fieldstart|move: Grassy Terrain|[from] ability: Grassy Surge|[of] p1a: Rillaboom
|move|p2a: Garchomp|Scale Shot|p1a: Rillaboom
|-damage|p1a: Rillaboom|86/100
|-damage|p1a: Rillaboom|71/100
|-damage|p1a: Rillaboom|58/100
|-damage|p1a: Rillaboom|45/100
|-damage|p1a: Rillaboom|29/100
|-hitcount|p1a: Rillaboom|5
|-unboost|p2a: Garchomp|def|1
|-boost|p2a: Garchomp|spe|1
|
|-heal|p1a: Rillaboom|35/100|[from] Grassy Terrain
|upkeep
|turn|9
|
|t:|1760889885
|switch|p2a: Zapdos|Zapdos|100/100
|switch|p1a: Hatterene|Hatterene, F|54/100
|
|-heal|p1a: Hatterene|60/100|[from] Grassy Terrain
|-heal|p1a: Hatterene|66/100|[from] item: Leftovers
|upkeep
|turn|10
|
|t:|1760889893
|move|p2a: Zapdos|Volt Switch|p1a: Hatterene
|-damage|p1a: Hatterene|21/100
|
|t:|1760889897
|switch|p2a: Ceruledge|Ceruledge, F|100/100|[from] Volt Switch
|move|p1a: Hatterene|Draining Kiss|p2a: Ceruledge
|-resisted|p2a: Ceruledge
|-damage|p2a: Ceruledge|82/100
|-heal|p1a: Hatterene|34/100|[from] drain|[of] p2a: Ceruledge
|
|-heal|p2a: Ceruledge|88/100|[from] Grassy Terrain
|-heal|p1a: Hatterene|39/100|[from] Grassy Terrain
|-heal|p1a: Hatterene|45/100|[from] item: Leftovers
|upkeep
|turn|11
|
|t:|1760889914
|switch|p1a: Darkrai|Darkrai|100/100
|move|p2a: Ceruledge|Bitter Blade|p1a: Darkrai
|-damage|p1a: Darkrai|37/100
|-heal|p2a: Ceruledge|100/100|[from] drain|[of] p1a: Darkrai
|
|-heal|p1a: Darkrai|43/100|[from] Grassy Terrain
|-heal|p1a: Darkrai|49/100|[from] item: Leftovers
|upkeep
|turn|12
|
|t:|1760889923
|move|p1a: Darkrai|Dark Pulse|p2a: Ceruledge
|-supereffective|p2a: Ceruledge
|-crit|p2a: Ceruledge
|-enditem|p2a: Ceruledge|Focus Sash
|-damage|p2a: Ceruledge|1/100
|move|p2a: Ceruledge|Bitter Blade|p1a: Darkrai
|-damage|p1a: Darkrai|0 fnt
|-heal|p2a: Ceruledge|25/100|[from] drain|[of] p1a: Darkrai
|faint|p1a: Darkrai
|
|-heal|p2a: Ceruledge|31/100|[from] Grassy Terrain
|-fieldend|move: Grassy Terrain
|upkeep
|
|t:|1760889933
|switch|p1a: Alomomola|Alomomola, F|100/100
|turn|13
|
|t:|1760889937
|switch|p2a: Zapdos|Zapdos|100/100
|move|p1a: Alomomola|Flip Turn|p2a: Zapdos
|-damage|p2a: Zapdos|81/100
|-status|p1a: Alomomola|par|[from] ability: Static|[of] p2a: Zapdos
|-message|WhenZero forfeited.
|
|win|Voltaris33
|raw|WhenZero's rating: 1456 &rarr; <strong>1443</strong><br />(-13 for losing)
|raw|Voltaris33's rating: 1577 &rarr; <strong>1590</strong><br />(+13 for winning)
|l|☆WhenZero
|player|p1|
|l|☆Voltaris33
|player|p2|
