|j|☆maractus' no1 fan
|j|☆nrkjr45
|t:|1760754330
|gametype|singles
|player|p1|maractus' no1 fan|265|1415
|player|p2|nrkjr45|volkner|1391
|gen|9
|tier|[Gen 9] OU
|rated|
|rule|HP Percentage Mod: HP is shown in percentages
|rule|Endless Battle Clause: Forcing endless battles is banned
|rule|Species Clause: Limit one of each Pokémon
|rule|OHKO Clause: OHKO moves are banned
|rule|Evasion Items Clause: Evasion items are banned
|rule|Evasion Moves Clause: Evasion moves are banned
|rule|Evasion Abilities Clause: Evasion abilities are banned
|rule|Sleep Moves Clause: Sleep-inducing moves are banned
|clearpoke
|poke|p1|Ogerpon, F|
|poke|p1|Rillaboom, M|
|poke|p1|Hawlucha, M|
|poke|p1|Hatterene, F|
|poke|p1|Ninetales-Alola, F|
|poke|p1|Kingambit, F|
|poke|p2|Dragapult, M|
|poke|p2|Iron Crown|
|poke|p2|Maushold-Four|
|poke|p2|Torterra, F|
|poke|p2|Cloyster, F|
|poke|p2|Scizor, M|
|teampreview
|inactive|Battle timer is ON: inactive players will automatically lose when time's up. (requested by nrkjr45)
|
|t:|1760754355
|teamsize|p1|6
|teamsize|p2|6
|start
|switch|p1a: Ninetales|Ninetales-Alola, F|100/100
|switch|p2a: Torterra|Torterra, F|100/100
|-weather|Snowscape|[from] ability: Snow Warning|[of] p1a: Ninetales
|turn|1
|
|t:|1760754370
|move|p1a: Ninetales|Aurora Veil|p1a: Ninetales
|-sidestart|p1: maractus' no1 fan|move: Aurora Veil
|move|p2a: Torterra|Shell Smash|p2a: Torterra
|-unboost|p2a: Torterra|def|1
|-unboost|p2a: Torterra|spd|1
|-boost|p2a: Torterra|atk|2
|-boost|p2a: Torterra|spa|2
|-boost|p2a: Torterra|spe|2
|
|-weather|Snowscape|[upkeep]
|upkeep
|turn|2
|
|t:|1760754376
|move|p2a: Torterra|Rock Blast|p1a: Ninetales
|-supereffective|p1a: Ninetales
|-damage|p1a: Ninetales|86/100
|-supereffective|p1a: Ninetales
|-damage|p1a: Ninetales|71/100
|-supereffective|p1a: Ninetales
|-damage|p1a: Ninetales|58/100
|-supereffective|p1a: Ninetales
|-damage|p1a: Ninetales|45/100
|-hitcount|p1a: Ninetales|4
|move|p1a: Ninetales|Freeze-Dry|p2a: Torterra
|-supereffective|p2a: Torterra
|-damage|p2a: Torterra|0 fnt
|faint|p2a: Torterra
|
|-weather|Snowscape|[upkeep]
|upkeep
|
|t:|1760754387
|switch|p2a: Scizor|Scizor, M|100/100
|turn|3
|
|t:|1760754392
|switch|p1a: Rillaboom|Rillaboom, M|100/100
|-fieldstart|move: Grassy Terrain|[from] ability: Grassy Surge|[of] p1a: Rillaboom
|move|p2a: Scizor|Bullet Punch|p1a: Rillaboom
|-damage|p1a: Rillaboom|72/100
|
|-weather|Snowscape|[upkeep]
|-heal|p1a: Rillaboom|79/100|[from] Grassy Terrain
|upkeep
|turn|4
|
|t:|1760754402
|switch|p2a: Dragapult|Dragapult, M|100/100
|move|p1a: Rillaboom|U-turn|p2a: Dragapult
|-resisted|p2a: Dragapult
|-damage|p2a: Dragapult|83/100
|
|t:|1760754411
|switch|p1a: Hawlucha|Hawlucha, M|100/100|[from] U-turn
|-enditem|p1a: Hawlucha|Grassy Seed
|-boost|p1a: Hawlucha|def|1|[from] item: Grassy Seed
|
|-weather|Snowscape|[upkeep]
|-heal|p2a: Dragapult|89/100|[from] Grassy Terrain
|upkeep
|turn|5
|
|t:|1760754435
|move|p1a: Hawlucha|Swords Dance|p1a: Hawlucha
|-boost|p1a: Hawlucha|atk|2
|move|p2a: Dragapult|Phantom Force||[still]
|-prepare|p2a: Dragapult|Phantom Force
|
|-weather|none
|upkeep
|turn|6
|
|t:|1760754444
|move|p1a: Hawlucha|Swords Dance|p1a: Hawlucha
|-boost|p1a: Hawlucha|atk|2
|move|p2a: Dragapult|Phantom Force|p1a: Hawlucha|[from] lockedmove
|-damage|p1a: Hawlucha|61/100
|
|-heal|p2a: Dragapult|95/100|[from] Grassy Terrain
|upkeep
|turn|7
|inactive|nrkjr45 has 120 seconds left.
|
|t:|1760754470
|move|p1a: Hawlucha|Acrobatics|p2a: Dragapult
|-damage|p2a: Dragapult|0 fnt
|faint|p2a: Dragapult
|
|upkeep
|
|t:|1760754474
|switch|p2a: Cloyster|Cloyster, F|100/100
|turn|8
|inactive|nrkjr45 has 120 seconds left.
|
|t:|1760754490
|move|p1a: Hawlucha|Acrobatics|p2a: Cloyster
|-enditem|p2a: Cloyster|Focus Sash
|-damage|p2a: Cloyster|1/100
|move|p2a: Cloyster|Icicle Spear|p1a: Hawlucha
|-supereffective|p1a: Hawlucha
|-crit|p1a: Hawlucha
|-damage|p1a: Hawlucha|18/100
|-supereffective|p1a: Hawlucha
|-damage|p1a: Hawlucha|8/100
|-supereffective|p1a: Hawlucha
|-damage|p1a: Hawlucha|0 fnt
|faint|p1a: Hawlucha
|-hitcount|p1: Hawlucha|3
|
|-heal|p2a: Cloyster|7/100|[from] Grassy Terrain
|-sideend|p1: maractus' no1 fan|move: Aurora Veil
|upkeep
|
|t:|1760754499
|switch|p1a: Ninetales|Ninetales-Alola, F|45/100
|-weather|Snowscape|[from] ability: Snow Warning|[of] p1a: Ninetales
|turn|9
|
|t:|1760754504
|move|p1a: Ninetales|Aurora Veil|p1a: Ninetales
|-sidestart|p1: maractus' no1 fan|move: Aurora Veil
|move|p2a: Cloyster|Shell Smash|p2a: Cloyster
|-unboost|p2a: Cloyster|def|1
|-unboost|p2a: Cloyster|spd|1
|-boost|p2a: Cloyster|atk|2
|-boost|p2a: Cloyster|spa|2
|-boost|p2a: Cloyster|spe|2
|
|-weather|Snowscape|[upkeep]
|-heal|p2a: Cloyster|13/100|[from] Grassy Terrain
|-heal|p1a: Ninetales|51/100|[from] Grassy Terrain
|upkeep
|turn|10
|
|t:|1760754512
|switch|p1a: Kingambit|Kingambit, F|100/100
|-activate|p1a: Kingambit|ability: Supreme Overlord
|-start|p1a: Kingambit|fallen1|[silent]
|move|p2a: Cloyster|Rock Blast|p1a: Kingambit|[miss]
|-miss|p2a: Cloyster|p1a: Kingambit
|
|-weather|Snowscape|[upkeep]
|-heal|p2a: Cloyster|20/100|[from] Grassy Terrain
|-fieldend|move: Grassy Terrain
|upkeep
|turn|11
|
|t:|1760754530
|move|p2a: Cloyster|Drill Run|p1a: Kingambit
|-supereffective|p1a: Kingambit
|-damage|p1a: Kingambit|57/100
|move|p1a: Kingambit|Swords Dance|p1a: Kingambit
|-boost|p1a: Kingambit|atk|2
|
|-weather|Snowscape|[upkeep]
|-heal|p1a: Kingambit|64/100|[from] item: Leftovers
|upkeep
|turn|12
|
|t:|1760754536
|move|p2a: Cloyster|Shell Smash|p2a: Cloyster
|-unboost|p2a: Cloyster|def|1
|-unboost|p2a: Cloyster|spd|1
|-boost|p2a: Cloyster|atk|2
|-boost|p2a: Cloyster|spa|2
|-boost|p2a: Cloyster|spe|2
|move|p1a: Kingambit|Kowtow Cleave|p2a: Cloyster
|-damage|p2a: Cloyster|0 fnt
|faint|p2a: Cloyster
|
|-weather|Snowscape|[upkeep]
|-heal|p1a: Kingambit|70/100|[from] item: Leftovers
|upkeep
|
|t:|1760754547
|switch|p2a: Iron Crown|Iron Crown|100/100
|-enditem|p2a: Iron Crown|Booster Energy
|-activate|p2a: Iron Crown|ability: Quark Drive|[fromitem]
|-start|p2a: Iron Crown|quarkdrivespe
|turn|13
|
|t:|1760754552
|-terastallize|p2a: Iron Crown|Fighting
|move|p1a: Kingambit|Sucker Punch|p2a: Iron Crown
|-resisted|p2a: Iron Crown
|-damage|p2a: Iron Crown|55/100
|move|p2a: Iron Crown|Focus Blast|p1a: Kingambit
|-supereffective|p1a: Kingambit
|-damage|p1a: Kingambit|0 fnt
|faint|p1a: Kingambit
|-end|p1a: Kingambit|fallen1|[silent]
|
|-weather|none
|upkeep
|
|t:|1760754560
|switch|p1a: Rillaboom|Rillaboom, M|79/100
|-fieldstart|move: Grassy Terrain|[from] ability: Grassy Surge|[of] p1a: Rillaboom
|turn|14
|
|t:|1760754572
|move|p2a: Iron Crown|Psychic|p1a: Rillaboom
|-damage|p1a: Rillaboom|52/100
|move|p1a: Rillaboom|U-turn|p2a: Iron Crown
|-resisted|p2a: Iron Crown
|-damage|p2a: Iron Crown|43/100
|
|t:|1760754576
|switch|p1a: Hatterene|Hatterene, F|100/100|[from] U-turn
|-enditem|p1a: Hatterene|Grassy Seed
|-boost|p1a: Hatterene|def|1|[from] item: Grassy Seed
|
|-heal|p2a: Iron Crown|49/100|[from] Grassy Terrain
|upkeep
|turn|15
|
|t:|1760754585
|-terastallize|p1a: Hatterene|Poison
|move|p2a: Iron Crown|Tachyon Cutter|p1a: Hatterene
|-damage|p1a: Hatterene|88/100
|-damage|p1a: Hatterene|75/100
|-hitcount|p1a: Hatterene|2
|move|p1a: Hatterene|Calm Mind|p1a: Hatterene
|-boost|p1a: Hatterene|spa|1
|-boost|p1a: Hatterene|spd|1
|
|-heal|p2a: Iron Crown|56/100|[from] Grassy Terrain
|-heal|p1a: Hatterene|81/100|[from] Grassy Terrain
|upkeep
|turn|16
|
|t:|1760754594
|move|p2a: Iron Crown|Calm Mind|p2a: Iron Crown
|-boost|p2a: Iron Crown|spa|1
|-boost|p2a: Iron Crown|spd|1
|move|p1a: Hatterene|Draining Kiss|p2a: Iron Crown
|-supereffective|p2a: Iron Crown
|-damage|p2a: Iron Crown|7/100
|-heal|p1a: Hatterene|100/100|[from] drain|[of] p2a: Iron Crown
|
|-heal|p2a: Iron Crown|13/100|[from] Grassy Terrain
|-sideend|p1: maractus' no1 fan|move: Aurora Veil
|upkeep
|turn|17
|
|t:|1760754597
|move|p2a: Iron Crown|Psychic|p1a: Hatterene
|-supereffective|p1a: Hatterene
|-damage|p1a: Hatterene|17/100
|move|p1a: Hatterene|Calm Mind|p1a: Hatterene
|-boost|p1a: Hatterene|spa|1
|-boost|p1a: Hatterene|spd|1
|
|-heal|p2a: Iron Crown|20/100|[from] Grassy Terrain
|-heal|p1a: Hatterene|23/100|[from] Grassy Terrain
|upkeep
|turn|18
|
|t:|1760754600
|move|p2a: Iron Crown|Psychic|p1a: Hatterene
|-supereffective|p1a: Hatterene
|-damage|p1a: Hatterene|0 fnt
|faint|p1a: Hatterene
|
|-heal|p2a: Iron Crown|26/100|[from] Grassy Terrain
|upkeep
|
|t:|1760754606
|switch|p1a: Rillaboom|Rillaboom, M|52/100
|turn|19
|
|t:|1760754612
|move|p1a: Rillaboom|Grassy Glide|p2a: Iron Crown
|-damage|p2a: Iron Crown|0 fnt
|faint|p2a: Iron Crown
|-end|p2a: Iron Crown|Quark Drive|[silent]
|
|-heal|p1a: Rillaboom|58/100|[from] Grassy Terrain
|upkeep
|
|t:|1760754626
|switch|p2a: Scizor|Scizor, M|100/100
|turn|20
|
|t:|1760754630
|move|p2a: Scizor|Bullet Punch|p1a: Rillaboom
|-damage|p1a: Rillaboom|0 fnt
|faint|p1a: Rillaboom
|
|upkeep
|
|t:|1760754634
|switch|p1a: Ogerpon|Ogerpon, F|100/100
|turn|21
|-message|maractus' no1 fan forfeited.
|
|win|nrkjr45
|raw|maractus&apos; no1 fan's rating: 1415 &rarr; <strong>1394</strong><br />(-21 for losing)
|raw|nrkjr45's rating: 1391 &rarr; <strong>1412</strong><br />(+21 for winning)
|l|☆maractus' no1 fan
|player|p1|
|l|☆nrkjr45
|player|p2|
