|j|☆mansonabuluting
|j|☆v1n001
|t:|1760886327
|gametype|singles
|player|p1|mansonabuluting|169|1718
|player|p2|v1n001|170|1757
|gen|9
|tier|[Gen 9] OU
|rated|
|rule|HP Percentage Mod: HP is shown in percentages
|rule|Endless Battle Clause: Forcing endless battles is banned
|rule|Species Clause: Limit one of each Pokémon
|rule|OHKO Clause: OHKO moves are banned
|rule|Evasion Items Clause: Evasion items are banned
|rule|Evasion Moves Clause: Evasion moves are banned
|rule|Evasion Abilities Clause: Evasion abilities are banned
|rule|Sleep Moves Clause: Sleep-inducing moves are banned
|clearpoke
|poke|p1|Volcanion|
|poke|p1|Rillaboom, M|
|poke|p1|Hawlucha, M|
|poke|p1|Thundurus-Therian, M|
|poke|p1|Goodra-Hisui, F|
|poke|p1|Great Tusk|
|poke|p2|Rillaboom, F|
|poke|p2|Hawlucha, F|
|poke|p2|Gholdengo|
|poke|p2|Heatran, F|
|poke|p2|Glimmora, F|
|poke|p2|Ogerpon-Wellspring, F|
|teampreview
|inactive|Battle timer is ON: inactive players will automatically lose when time's up. (requested by v1n001)
|
|t:|1760886347
|teamsize|p1|6
|teamsize|p2|6
|start
|switch|p1a: Thundurus|Thundurus-Therian, M|100/100
|switch|p2a: Rillaboom|Rillaboom, F, shiny|100/100
|-fieldstart|move: Grassy Terrain|[from] ability: Grassy Surge|[of] p2a: Rillaboom
|turn|1
|
|t:|1760886353
|switch|p2a: Heatran|Heatran, F, shiny|100/100
|move|p1a: Thundurus|Volt Switch|p2a: Heatran
|-damage|p2a: Heatran|73/100
|
|t:|1760886355
|switch|p1a: Volcanion|Volcanion|100/100|[from] Volt Switch
|
|-heal|p2a: Heatran|79/100|[from] Grassy Terrain
|-heal|p2a: Heatran|85/100|[from] item: Leftovers
|upkeep
|turn|2
|j| wgw2333
|
|t:|1760886359
|move|p2a: Heatran|Earth Power|p1a: Volcanion
|-supereffective|p1a: Volcanion
|-damage|p1a: Volcanion|52/100
|move|p1a: Volcanion|Earth Power|p2a: Heatran
|-supereffective|p2a: Heatran
|-damage|p2a: Heatran|0 fnt
|faint|p2a: Heatran
|
|-heal|p1a: Volcanion|58/100|[from] Grassy Terrain
|upkeep
|
|t:|1760886365
|switch|p2a: Glimmora|Glimmora, F, shiny|100/100
|turn|3
|
|t:|1760886377
|switch|p2a: Rillaboom|Rillaboom, F, shiny|100/100
|switch|p1a: Goodra|Goodra-Hisui, F|100/100
|
|upkeep
|turn|4
|
|t:|1760886384
|switch|p1a: Hawlucha|Hawlucha, M|100/100
|-enditem|p1a: Hawlucha|Grassy Seed
|-boost|p1a: Hawlucha|def|1|[from] item: Grassy Seed
|move|p2a: Rillaboom|Swords Dance|p2a: Rillaboom
|-boost|p2a: Rillaboom|atk|2
|
|upkeep
|turn|5
|
|t:|1760886393
|switch|p2a: Gholdengo|Gholdengo|100/100
|-enditem|p2a: Gholdengo|Grassy Seed
|-boost|p2a: Gholdengo|def|1|[from] item: Grassy Seed
|move|p1a: Hawlucha|Acrobatics|p2a: Gholdengo
|-resisted|p2a: Gholdengo
|-damage|p2a: Gholdengo|89/100
|
|-heal|p2a: Gholdengo|95/100|[from] Grassy Terrain
|-fieldend|move: Grassy Terrain
|upkeep
|turn|6
|
|t:|1760886396
|switch|p1a: Goodra|Goodra-Hisui, F|100/100
|move|p2a: Gholdengo|Nasty Plot|p2a: Gholdengo
|-boost|p2a: Gholdengo|spa|2
|
|upkeep
|turn|7
|
|t:|1760886398
|-terastallize|p2a: Gholdengo|Fairy
|move|p2a: Gholdengo|Nasty Plot|p2a: Gholdengo
|-boost|p2a: Gholdengo|spa|2
|move|p1a: Goodra|Flamethrower|p2a: Gholdengo
|-damage|p2a: Gholdengo|66/100
|
|upkeep
|turn|8
|
|t:|1760886403
|move|p2a: Gholdengo|Nasty Plot|p2a: Gholdengo
|-boost|p2a: Gholdengo|spa|2
|move|p1a: Goodra|Flash Cannon|p2a: Gholdengo
|-supereffective|p2a: Gholdengo
|-damage|p2a: Gholdengo|0 fnt
|faint|p2a: Gholdengo
|
|upkeep
|
|t:|1760886405
|switch|p2a: Rillaboom|Rillaboom, F, shiny|100/100
|-fieldstart|move: Grassy Terrain|[from] ability: Grassy Surge|[of] p2a: Rillaboom
|turn|9
|
|t:|1760886409
|move|p2a: Rillaboom|Swords Dance|p2a: Rillaboom
|-boost|p2a: Rillaboom|atk|2
|move|p1a: Goodra|Flamethrower|p2a: Rillaboom
|-supereffective|p2a: Rillaboom
|-damage|p2a: Rillaboom|24/100
|
|-heal|p2a: Rillaboom|30/100|[from] Grassy Terrain
|upkeep
|turn|10
|
|t:|1760886413
|switch|p1a: Hawlucha|Hawlucha, M|100/100
|move|p2a: Rillaboom|Drain Punch|p1a: Hawlucha
|-resisted|p1a: Hawlucha
|-damage|p1a: Hawlucha|59/100
|-heal|p2a: Rillaboom|52/100|[from] drain|[of] p1a: Hawlucha
|-damage|p2a: Rillaboom|42/100|[from] item: Life Orb
|
|-heal|p2a: Rillaboom|48/100|[from] Grassy Terrain
|upkeep
|turn|11
|
|t:|1760886415
|move|p2a: Rillaboom|Grassy Glide|p1a: Hawlucha
|-resisted|p1a: Hawlucha
|-damage|p1a: Hawlucha|0 fnt
|faint|p1a: Hawlucha
|-damage|p2a: Rillaboom|38/100|[from] item: Life Orb
|
|-heal|p2a: Rillaboom|44/100|[from] Grassy Terrain
|upkeep
|
|t:|1760886427
|switch|p1a: Rillaboom|Rillaboom, M|100/100
|turn|12
|
|t:|1760886429
|move|p2a: Rillaboom|Knock Off|p1a: Rillaboom
|-damage|p1a: Rillaboom|18/100
|-enditem|p1a: Rillaboom|Choice Band|[from] move: Knock Off|[of] p2a: Rillaboom
|-damage|p2a: Rillaboom|35/100|[from] item: Life Orb
|move|p1a: Rillaboom|U-turn|p2a: Rillaboom
|-supereffective|p2a: Rillaboom
|-damage|p2a: Rillaboom|0 fnt
|faint|p2a: Rillaboom
|
|t:|1760886433
|switch|p1a: Great Tusk|Great Tusk|100/100|[from] U-turn
|
|upkeep
|
|t:|1760886440
|switch|p2a: Ogerpon|Ogerpon-Wellspring, F|100/100
|turn|13
|
|t:|1760886446
|-end|p1a: Great Tusk|Protosynthesis|[silent]
|switch|p1a: Rillaboom|Rillaboom, M|18/100
|move|p2a: Ogerpon|Swords Dance|p2a: Ogerpon
|-boost|p2a: Ogerpon|atk|2
|
|-heal|p1a: Rillaboom|24/100|[from] Grassy Terrain
|-fieldend|move: Grassy Terrain
|upkeep
|turn|14
|
|t:|1760886449
|move|p2a: Ogerpon|Trailblaze|p1a: Rillaboom
|-resisted|p1a: Rillaboom
|-damage|p1a: Rillaboom|0 fnt
|-boost|p2a: Ogerpon|spe|1
|faint|p1a: Rillaboom
|
|upkeep
|
|t:|1760886462
|switch|p1a: Goodra|Goodra-Hisui, F|100/100
|turn|15
|
|t:|1760886466
|move|p2a: Ogerpon|Ivy Cudgel|p1a: Goodra|[anim] Ivy Cudgel Water
|-resisted|p1a: Goodra
|-damage|p1a: Goodra|38/100
|move|p1a: Goodra|Draco Meteor|p2a: Ogerpon
|-damage|p2a: Ogerpon|25/100
|-unboost|p1a: Goodra|spa|2
|
|upkeep
|turn|16
|
|t:|1760886469
|switch|p1a: Volcanion|Volcanion|58/100
|move|p2a: Ogerpon|Ivy Cudgel|p1a: Volcanion|[anim] Ivy Cudgel Water
|-heal|p1a: Volcanion|83/100|[from] ability: Water Absorb|[of] p2a: Ogerpon
|
|upkeep
|turn|17
|
|t:|1760886474
|switch|p1a: Goodra|Goodra-Hisui, F|38/100
|move|p2a: Ogerpon|Trailblaze|p1a: Goodra
|-resisted|p1a: Goodra
|-damage|p1a: Goodra|21/100
|-boost|p2a: Ogerpon|spe|1
|-ability|p1a: Goodra|Gooey
|-unboost|p2a: Ogerpon|spe|1
|
|upkeep
|turn|18
|
|t:|1760886481
|move|p2a: Ogerpon|Play Rough|p1a: Goodra
|-damage|p1a: Goodra|0 fnt
|-ability|p1a: Goodra|Gooey
|-unboost|p2a: Ogerpon|spe|1
|faint|p1a: Goodra
|
|upkeep
|
|t:|1760886483
|switch|p1a: Thundurus|Thundurus-Therian, M|100/100
|turn|19
|
|t:|1760886486
|move|p1a: Thundurus|Volt Switch|p2a: Ogerpon
|-damage|p2a: Ogerpon|0 fnt
|faint|p2a: Ogerpon
|-message|v1n001 forfeited.
|
|win|mansonabuluting
|raw|mansonabuluting's rating: 1718 &rarr; <strong>1740</strong><br />(+22 for winning)
|raw|v1n001's rating: 1757 &rarr; <strong>1735</strong><br />(-22 for losing)
|l|☆v1n001
|player|p2|
|l|☆mansonabuluting
|player|p1|
|l| wgw2333
