|j|☆untitledkamii
|j|☆ykykp
|t:|1760719527
|gametype|singles
|player|p1|untitledkamii|unknownf|1594
|player|p2|ykykp|1|1547
|gen|9
|tier|[Gen 9] OU
|rated|
|rule|HP Percentage Mod: HP is shown in percentages
|rule|Endless Battle Clause: Forcing endless battles is banned
|rule|Species Clause: Limit one of each Pokémon
|rule|OHKO Clause: OHKO moves are banned
|rule|Evasion Items Clause: Evasion items are banned
|rule|Evasion Moves Clause: Evasion moves are banned
|rule|Evasion Abilities Clause: Evasion abilities are banned
|rule|Sleep Moves Clause: Sleep-inducing moves are banned
|clearpoke
|poke|p1|Ceruledge, F|
|poke|p1|Iron Valiant|
|poke|p1|Pecharunt|
|poke|p1|Iron Treads|
|poke|p1|Enamorus, F|
|poke|p1|Araquanid, F|
|poke|p2|Barraskewda, F|
|poke|p2|Pelipper, F|
|poke|p2|Tornadus-Therian, M|
|poke|p2|Decidueye-Hisui, M|
|poke|p2|Iron Treads|
|poke|p2|Iron Hands|
|teampreview
|inactive|Battle timer is ON: inactive players will automatically lose when time's up. (requested by ykykp)
|
|t:|1760719538
|teamsize|p1|6
|teamsize|p2|6
|start
|switch|p1a: Araquanid|Araquanid, F|100/100
|switch|p2a: Tornadus|Tornadus-Therian, M|100/100
|turn|1
|
|t:|1760719545
|move|p2a: Tornadus|Hurricane|p1a: Araquanid|[miss]
|-miss|p2a: Tornadus|p1a: Araquanid
|move|p1a: Araquanid|Mirror Coat||[still]
|-fail|p1a: Araquanid
|
|upkeep
|turn|2
|
|t:|1760719547
|move|p2a: Tornadus|Hurricane|p1a: Araquanid
|-supereffective|p1a: Araquanid
|-damage|p1a: Araquanid|0 fnt
|faint|p1a: Araquanid
|
|upkeep
|
|t:|1760719556
|switch|p1a: Iron Treads|Iron Treads|100/100
|-enditem|p1a: Iron Treads|Booster Energy
|-activate|p1a: Iron Treads|ability: Quark Drive|[fromitem]
|-start|p1a: Iron Treads|quarkdriveatk
|turn|3
|
|t:|1760719562
|switch|p2a: Pelipper|Pelipper, F|100/100
|-weather|RainDance|[from] ability: Drizzle|[of] p2a: Pelipper
|move|p1a: Iron Treads|Rock Tomb|p2a: Pelipper
|-supereffective|p2a: Pelipper
|-damage|p2a: Pelipper|55/100
|-unboost|p2a: Pelipper|spe|1
|
|-weather|RainDance|[upkeep]
|upkeep
|turn|4
|
|t:|1760719573
|switch|p2a: Decidueye|Decidueye-Hisui, M|100/100
|move|p1a: Iron Treads|Stealth Rock|p2a: Decidueye
|-sidestart|p2: ykykp|move: Stealth Rock
|
|-weather|RainDance|[upkeep]
|upkeep
|turn|5
|
|t:|1760719583
|-end|p1a: Iron Treads|Quark Drive|[silent]
|switch|p1a: Pecharunt|Pecharunt|100/100
|-item|p1a: Pecharunt|Air Balloon
|move|p2a: Decidueye|Defog|p1a: Pecharunt
|-unboost|p1a: Pecharunt|evasion|1
|-sideend|p2: ykykp|Stealth Rock|[from] move: Defog|[of] p2a: Decidueye
|
|-weather|RainDance|[upkeep]
|upkeep
|turn|6
|
|t:|1760719592
|move|p1a: Pecharunt|Shadow Ball|p2a: Decidueye
|-damage|p2a: Decidueye|76/100
|move|p2a: Decidueye|U-turn|p1a: Pecharunt
|-resisted|p1a: Pecharunt
|-damage|p1a: Pecharunt|98/100
|-enditem|p1a: Pecharunt|Air Balloon
|
|t:|1760719596
|switch|p2a: Tornadus|Tornadus-Therian, M|100/100|[from] U-turn
|
|-weather|RainDance|[upkeep]
|upkeep
|turn|7
|
|t:|1760719605
|switch|p1a: Iron Treads|Iron Treads|100/100
|move|p2a: Tornadus|Weather Ball|p1a: Iron Treads
|-supereffective|p1a: Iron Treads
|-damage|p1a: Iron Treads|0 fnt
|faint|p1a: Iron Treads
|-end|p1a: Iron Treads|Quark Drive|[silent]
|
|-weather|RainDance|[upkeep]
|upkeep
|
|t:|1760719624
|switch|p1a: Iron Valiant|Iron Valiant|100/100
|-enditem|p1a: Iron Valiant|Booster Energy
|-activate|p1a: Iron Valiant|ability: Quark Drive|[fromitem]
|-start|p1a: Iron Valiant|quarkdrivespe
|turn|8
|
|t:|1760719635
|switch|p2a: Iron Hands|Iron Hands|100/100
|move|p1a: Iron Valiant|Destiny Bond|p1a: Iron Valiant
|-singlemove|p1a: Iron Valiant|Destiny Bond
|
|-weather|RainDance|[upkeep]
|upkeep
|turn|9
|
|t:|1760719638
|move|p1a: Iron Valiant|Moonblast|p2a: Iron Hands
|-supereffective|p2a: Iron Hands
|-damage|p2a: Iron Hands|59/100
|move|p2a: Iron Hands|Heavy Slam|p1a: Iron Valiant
|-supereffective|p1a: Iron Valiant
|-damage|p1a: Iron Valiant|0 fnt
|faint|p1a: Iron Valiant
|-end|p1a: Iron Valiant|Quark Drive|[silent]
|
|-weather|RainDance|[upkeep]
|upkeep
|
|t:|1760719641
|switch|p1a: Ceruledge|Ceruledge, F|100/100
|turn|10
|
|t:|1760719658
|move|p1a: Ceruledge|Swords Dance|p1a: Ceruledge
|-boost|p1a: Ceruledge|atk|2
|move|p2a: Iron Hands|Supercell Slam|p1a: Ceruledge
|-damage|p1a: Ceruledge|23/100
|-ability|p1a: Ceruledge|Weak Armor|boost
|-unboost|p1a: Ceruledge|def|1
|-boost|p1a: Ceruledge|spe|2
|
|-weather|none
|upkeep
|turn|11
|
|t:|1760719668
|-end|p2a: Iron Hands|Quark Drive|[silent]
|switch|p2a: Pelipper|Pelipper, F|55/100
|-weather|RainDance|[from] ability: Drizzle|[of] p2a: Pelipper
|-terastallize|p1a: Ceruledge|Ghost
|move|p1a: Ceruledge|Poltergeist|p2a: Pelipper
|-activate|p2a: Pelipper|move: Poltergeist|Damp Rock
|-damage|p2a: Pelipper|0 fnt
|faint|p2a: Pelipper
|
|-weather|RainDance|[upkeep]
|upkeep
|
|t:|1760719672
|switch|p2a: Barraskewda|Barraskewda, F|100/100
|turn|12
|
|t:|1760719675
|move|p2a: Barraskewda|Aqua Jet|p1a: Ceruledge
|-damage|p1a: Ceruledge|0 fnt
|faint|p1a: Ceruledge
|-damage|p2a: Barraskewda|91/100|[from] item: Life Orb
|
|-weather|RainDance|[upkeep]
|upkeep
|
|t:|1760719682
|switch|p1a: Pecharunt|Pecharunt|98/100
|turn|13
|
|t:|1760719685
|move|p2a: Barraskewda|Flip Turn|p1a: Pecharunt
|-damage|p1a: Pecharunt|62/100
|-damage|p2a: Barraskewda|81/100|[from] item: Life Orb
|
|t:|1760719693
|switch|p2a: Iron Treads|Iron Treads|100/100|[from] Flip Turn
|move|p1a: Pecharunt|Malignant Chain|p2a: Iron Treads
|-immune|p2a: Iron Treads
|
|-weather|RainDance|[upkeep]
|upkeep
|turn|14
|
|t:|1760719698
|-end|p2a: Iron Treads|Quark Drive|[silent]
|switch|p2a: Tornadus|Tornadus-Therian, M|100/100
|move|p1a: Pecharunt|Shadow Ball|p2a: Tornadus
|-damage|p2a: Tornadus|69/100
|-unboost|p2a: Tornadus|spd|1
|
|-weather|RainDance|[upkeep]
|upkeep
|turn|15
|
|t:|1760719701
|move|p2a: Tornadus|Hurricane|p1a: Pecharunt
|-damage|p1a: Pecharunt|0 fnt
|faint|p1a: Pecharunt
|
|-weather|RainDance|[upkeep]
|upkeep
|-message|untitledkamii forfeited.
|
|win|ykykp
|raw|untitledkamii's rating: 1594 &rarr; <strong>1571</strong><br />(-23 for losing)
|raw|ykykp's rating: 1547 &rarr; <strong>1570</strong><br />(+23 for winning)
|l|☆untitledkamii
|player|p1|
|l|☆ykykp
|player|p2|
