|j|☆RocketMilt
|j|☆TrapLyf
|t:|1760718348
|gametype|singles
|player|p1|RocketMilt|265|1468
|player|p2|TrapLyf|170|1492
|gen|9
|tier|[Gen 9] OU
|rated|
|rule|HP Percentage Mod: HP is shown in percentages
|rule|Endless Battle Clause: Forcing endless battles is banned
|rule|Species Clause: Limit one of each Pokémon
|rule|OHKO Clause: OHKO moves are banned
|rule|Evasion Items Clause: Evasion items are banned
|rule|Evasion Moves Clause: Evasion moves are banned
|rule|Evasion Abilities Clause: Evasion abilities are banned
|rule|Sleep Moves Clause: Sleep-inducing moves are banned
|clearpoke
|poke|p1|Conkeldurr, M|
|poke|p1|Alomomola, M|
|poke|p1|Slowking-Galar, M|
|poke|p1|Meowscarada, M|
|poke|p1|Cinderace, F|
|poke|p1|Landorus-Therian, M|
|poke|p2|Greninja-*, M|
|poke|p2|Blaziken, F|
|poke|p2|Landorus-Therian, M|
|poke|p2|Kingambit, M|
|poke|p2|Ninetales-Alola, M|
|poke|p2|Dragonite, F|
|teampreview
|inactive|Battle timer is ON: inactive players will automatically lose when time's up. (requested by RocketMilt)
|
|t:|1760718371
|teamsize|p1|6
|teamsize|p2|6
|start
|switch|p1a: Meowscarada|Meowscarada, M|100/100
|switch|p2a: Landorus|Landorus-Therian, M|100/100
|-ability|p2a: Landorus|Intimidate|boost
|-unboost|p1a: Meowscarada|atk|1
|turn|1
|
|t:|1760718378
|switch|p2a: Blaziken|Blaziken, F|100/100
|move|p1a: Meowscarada|Triple Axel|p2a: Blaziken
|-start|p1a: Meowscarada|typechange|Ice|[from] ability: Protean
|-resisted|p2a: Blaziken
|-damage|p2a: Blaziken|96/100
|-resisted|p2a: Blaziken
|-damage|p2a: Blaziken|87/100
|-resisted|p2a: Blaziken
|-damage|p2a: Blaziken|73/100
|-hitcount|p2a: Blaziken|3
|
|upkeep
|turn|2
|
|t:|1760718394
|switch|p1a: Landorus|Landorus-Therian, M|100/100
|-ability|p1a: Landorus|Intimidate|boost
|-unboost|p2a: Blaziken|atk|1
|move|p2a: Blaziken|Swords Dance|p2a: Blaziken
|-boost|p2a: Blaziken|atk|2
|
|-ability|p2a: Blaziken|Speed Boost|boost
|-boost|p2a: Blaziken|spe|1
|upkeep
|turn|3
|
|t:|1760718404
|move|p2a: Blaziken|Flare Blitz|p1a: Landorus
|-damage|p1a: Landorus|0 fnt
|faint|p1a: Landorus
|-damage|p2a: Blaziken|38/100|[from] Recoil
|-damage|p2a: Blaziken|28/100|[from] item: Life Orb
|
|-ability|p2a: Blaziken|Speed Boost|boost
|-boost|p2a: Blaziken|spe|1
|upkeep
|
|t:|1760718412
|switch|p1a: Alomomola|Alomomola, M|100/100
|turn|4
|
|t:|1760718420
|switch|p2a: Ninetales|Ninetales-Alola, M|100/100
|-weather|Snowscape|[from] ability: Snow Warning|[of] p2a: Ninetales
|move|p1a: Alomomola|Flip Turn|p2a: Ninetales
|-damage|p2a: Ninetales|86/100
|
|t:|1760718424
|switch|p1a: Cinderace|Cinderace, F|100/100|[from] Flip Turn
|
|-weather|Snowscape|[upkeep]
|upkeep
|turn|5
|
|t:|1760718431
|switch|p2a: Blaziken|Blaziken, F|28/100
|move|p1a: Cinderace|Pyro Ball|p2a: Blaziken
|-resisted|p2a: Blaziken
|-damage|p2a: Blaziken|0 fnt
|faint|p2a: Blaziken
|
|-weather|Snowscape|[upkeep]
|upkeep
|
|t:|1760718451
|switch|p2a: Greninja|Greninja, M|100/100
|turn|6
|
|t:|1760718463
|switch|p1a: Conkeldurr|Conkeldurr, M|100/100
|move|p2a: Greninja|Hydro Pump|p1a: Conkeldurr
|-damage|p1a: Conkeldurr|53/100
|-damage|p2a: Greninja|91/100|[from] item: Life Orb
|
|-weather|Snowscape|[upkeep]
|upkeep
|turn|7
|
|t:|1760718475
|switch|p2a: Landorus|Landorus-Therian, M|100/100
|-ability|p2a: Landorus|Intimidate|boost
|-unboost|p1a: Conkeldurr|atk|1
|move|p1a: Conkeldurr|Ice Punch|p2a: Landorus
|-supereffective|p2a: Landorus
|-damage|p2a: Landorus|27/100
|-damage|p1a: Conkeldurr|37/100|[from] item: Rocky Helmet|[of] p2a: Landorus
|
|-weather|Snowscape|[upkeep]
|upkeep
|turn|8
|
|t:|1760718481
|switch|p1a: Alomomola|Alomomola, M|100/100
|move|p2a: Landorus|Stealth Rock|p1a: Alomomola
|-sidestart|p1: RocketMilt|move: Stealth Rock
|
|-weather|none
|upkeep
|turn|9
|
|t:|1760718484
|move|p2a: Landorus|Taunt|p1a: Alomomola
|-start|p1a: Alomomola|move: Taunt
|cant|p1a: Alomomola|move: Taunt|Wish
|
|upkeep
|turn|10
|
|t:|1760718490
|move|p2a: Landorus|Earthquake|p1a: Alomomola
|-damage|p1a: Alomomola|73/100
|move|p1a: Alomomola|Flip Turn|p2a: Landorus
|-supereffective|p2a: Landorus
|-damage|p2a: Landorus|0 fnt
|-damage|p1a: Alomomola|57/100|[from] item: Rocky Helmet|[of] p2a: Landorus
|faint|p2a: Landorus
|
|t:|1760718504
|switch|p1a: Slowking|Slowking-Galar, M|100/100|[from] Flip Turn
|
|upkeep
|
|t:|1760718514
|switch|p2a: Dragonite|Dragonite, F|100/100
|turn|11
|
|t:|1760718521
|move|p2a: Dragonite|Dragon Dance|p2a: Dragonite
|-boost|p2a: Dragonite|atk|1
|-boost|p2a: Dragonite|spe|1
|move|p1a: Slowking|Thunder Wave|p2a: Dragonite
|-status|p2a: Dragonite|par
|
|upkeep
|turn|12
|
|t:|1760718528
|move|p2a: Dragonite|Dragon Dance|p2a: Dragonite
|-boost|p2a: Dragonite|atk|1
|-boost|p2a: Dragonite|spe|1
|move|p1a: Slowking|Future Sight|p2a: Dragonite
|-start|p1a: Slowking|move: Future Sight
|
|upkeep
|turn|13
|
|t:|1760718535
|move|p2a: Dragonite|Dragon Dance|p2a: Dragonite
|-boost|p2a: Dragonite|atk|1
|-boost|p2a: Dragonite|spe|1
|-prepare|p1a: Slowking|Chilly Reception|[premajor]
|move|p1a: Slowking|Chilly Reception|p1a: Slowking
|-weather|Snowscape
|
|t:|1760718541
|switch|p1a: Meowscarada|Meowscarada, M|100/100|[from] Chilly Reception
|-damage|p1a: Meowscarada|88/100|[from] Stealth Rock
|
|-weather|Snowscape|[upkeep]
|upkeep
|turn|14
|
|t:|1760718545
|switch|p1a: Alomomola|Alomomola, M|90/100
|move|p2a: Dragonite|Extreme Speed|p1a: Alomomola
|-damage|p1a: Alomomola|46/100
|
|-weather|Snowscape|[upkeep]
|-end|p2a: Dragonite|move: Future Sight
|-damage|p2a: Dragonite|76/100 par
|upkeep
|turn|15
|
|t:|1760718553
|move|p2a: Dragonite|Dragon Dance|p2a: Dragonite
|-boost|p2a: Dragonite|atk|1
|-boost|p2a: Dragonite|spe|1
|move|p1a: Alomomola|Flip Turn|p2a: Dragonite
|-resisted|p2a: Dragonite
|-damage|p2a: Dragonite|68/100 par
|
|t:|1760718555
|switch|p1a: Conkeldurr|Conkeldurr, M|37/100|[from] Flip Turn
|-damage|p1a: Conkeldurr|31/100|[from] Stealth Rock
|
|-weather|Snowscape|[upkeep]
|upkeep
|turn|16
|
|t:|1760718562
|cant|p2a: Dragonite|par
|move|p1a: Conkeldurr|Ice Punch|p2a: Dragonite
|-supereffective|p2a: Dragonite
|-damage|p2a: Dragonite|0 fnt
|faint|p2a: Dragonite
|
|-weather|Snowscape|[upkeep]
|upkeep
|
|t:|1760718566
|switch|p2a: Ninetales|Ninetales-Alola, M|86/100
|turn|17
|
|t:|1760718573
|switch|p1a: Cinderace|Cinderace, F|100/100
|move|p2a: Ninetales|Aurora Veil|p2a: Ninetales
|-sidestart|p2: TrapLyf|move: Aurora Veil
|
|-weather|none
|upkeep
|turn|18
|
|t:|1760718587
|move|p1a: Cinderace|Court Change|p1a: Cinderace
|-start|p1a: Cinderace|typechange|Normal|[from] ability: Libero
|-swapsideconditions
|-activate|p1a: Cinderace|move: Court Change
|move|p2a: Ninetales|Snowscape|p2a: Ninetales
|-weather|Snowscape
|
|-weather|Snowscape|[upkeep]
|upkeep
|turn|19
|
|t:|1760718591
|move|p1a: Cinderace|Pyro Ball|p2a: Ninetales
|-supereffective|p2a: Ninetales
|-damage|p2a: Ninetales|21/100
|move|p2a: Ninetales|Aurora Veil|p2a: Ninetales
|-sidestart|p2: TrapLyf|move: Aurora Veil
|
|-weather|Snowscape|[upkeep]
|upkeep
|turn|20
|
|t:|1760718615
|switch|p2a: Greninja|Greninja, M|91/100
|-damage|p2a: Greninja|78/100|[from] Stealth Rock
|move|p1a: Cinderace|Pyro Ball|p2a: Greninja
|-resisted|p2a: Greninja
|-damage|p2a: Greninja|62/100
|
|-weather|Snowscape|[upkeep]
|upkeep
|turn|21
|
|t:|1760718622
|-terastallize|p2a: Greninja|Water
|move|p2a: Greninja|Hydro Pump|p1a: Cinderace
|-damage|p1a: Cinderace|35/100
|-damage|p2a: Greninja|52/100|[from] item: Life Orb
|move|p1a: Cinderace|U-turn|p2a: Greninja
|-damage|p2a: Greninja|33/100
|
|t:|1760718624
|switch|p1a: Meowscarada|Meowscarada, M|88/100|[from] U-turn
|
|-weather|Snowscape|[upkeep]
|upkeep
|turn|22
|
|t:|1760718630
|move|p2a: Greninja|Water Shuriken|p1a: Meowscarada
|-resisted|p1a: Meowscarada
|-damage|p1a: Meowscarada|84/100
|-resisted|p1a: Meowscarada
|-damage|p1a: Meowscarada|79/100
|-resisted|p1a: Meowscarada
|-damage|p1a: Meowscarada|74/100
|-hitcount|p1a: Meowscarada|3
|-damage|p2a: Greninja|23/100|[from] item: Life Orb
|move|p1a: Meowscarada|U-turn|p2a: Greninja
|-start|p1a: Meowscarada|typechange|Bug|[from] ability: Protean
|-damage|p2a: Greninja|0 fnt
|faint|p2a: Greninja
|
|t:|1760718635
|switch|p1a: Cinderace|Cinderace, F|35/100|[from] U-turn
|
|-weather|none
|upkeep
|inactive|TrapLyf has 120 seconds left.
|
|t:|1760718676
|switch|p2a: Kingambit|Kingambit, M|100/100
|-damage|p2a: Kingambit|94/100|[from] Stealth Rock
|-activate|p2a: Kingambit|ability: Supreme Overlord
|-start|p2a: Kingambit|fallen4|[silent]
|turn|23
|
|t:|1760718679
|move|p2a: Kingambit|Sucker Punch||[still]
|-fail|p2a: Kingambit
|move|p1a: Cinderace|Will-O-Wisp|p2a: Kingambit|[miss]
|-miss|p1a: Cinderace|p2a: Kingambit
|
|upkeep
|turn|24
|
|t:|1760718685
|-end|p2a: Kingambit|fallen4|[silent]
|switch|p2a: Ninetales|Ninetales-Alola, M|21/100
|-damage|p2a: Ninetales|0 fnt|[from] Stealth Rock
|faint|p2a: Ninetales
|move|p1a: Cinderace|Will-O-Wisp|p2: Ninetales|[notarget]
|-fail|p1a: Cinderace
|
|-sideend|p1: RocketMilt|move: Aurora Veil
|upkeep
|
|t:|1760718688
|switch|p2a: Kingambit|Kingambit, M|94/100
|-damage|p2a: Kingambit|88/100|[from] Stealth Rock
|-activate|p2a: Kingambit|ability: Supreme Overlord
|-start|p2a: Kingambit|fallen5|[silent]
|turn|25
|
|t:|1760718690
|move|p1a: Cinderace|Will-O-Wisp|p2a: Kingambit
|-status|p2a: Kingambit|brn
|-enditem|p2a: Kingambit|Lum Berry|[eat]
|-curestatus|p2a: Kingambit|brn|[msg]
|move|p2a: Kingambit|Swords Dance|p2a: Kingambit
|-boost|p2a: Kingambit|atk|2
|
|upkeep
|turn|26
|
|t:|1760718694
|move|p1a: Cinderace|Will-O-Wisp|p2a: Kingambit
|-status|p2a: Kingambit|brn
|move|p2a: Kingambit|Swords Dance|p2a: Kingambit
|-boost|p2a: Kingambit|atk|2
|
|-damage|p2a: Kingambit|82/100 brn|[from] brn
|-sideend|p2: TrapLyf|move: Aurora Veil
|upkeep
|turn|27
|
|t:|1760718698
|move|p2a: Kingambit|Sucker Punch|p1a: Cinderace
|-damage|p1a: Cinderace|0 fnt
|faint|p1a: Cinderace
|
|-damage|p2a: Kingambit|76/100 brn|[from] brn
|upkeep
|
|t:|1760718706
|switch|p1a: Alomomola|Alomomola, M|79/100
|turn|28
|
|t:|1760718708
|move|p2a: Kingambit|Swords Dance|p2a: Kingambit
|-boost|p2a: Kingambit|atk|2
|move|p1a: Alomomola|Wish|p1a: Alomomola
|
|-damage|p2a: Kingambit|70/100 brn|[from] brn
|upkeep
|turn|29
|
|t:|1760718715
|move|p2a: Kingambit|Kowtow Cleave|p1a: Alomomola
|-damage|p1a: Alomomola|0 fnt
|faint|p1a: Alomomola
|
|-damage|p2a: Kingambit|63/100 brn|[from] brn
|upkeep
|
|t:|1760718717
|switch|p1a: Conkeldurr|Conkeldurr, M|31/100
|turn|30
|
|t:|1760718723
|move|p2a: Kingambit|Sucker Punch|p1a: Conkeldurr
|-resisted|p1a: Conkeldurr
|-damage|p1a: Conkeldurr|0 fnt
|faint|p1a: Conkeldurr
|
|-damage|p2a: Kingambit|57/100 brn|[from] brn
|upkeep
|
|t:|1760718725
|switch|p1a: Meowscarada|Meowscarada, M|74/100
|turn|31
|
|t:|1760718728
|switch|p1a: Slowking|Slowking-Galar, M|100/100
|move|p2a: Kingambit|Sucker Punch||[still]
|-fail|p2a: Kingambit
|
|-damage|p2a: Kingambit|51/100 brn|[from] brn
|upkeep
|turn|32
|
|t:|1760718732
|move|p2a: Kingambit|Kowtow Cleave|p1a: Slowking
|-supereffective|p1a: Slowking
|-damage|p1a: Slowking|0 fnt
|faint|p1a: Slowking
|
|-damage|p2a: Kingambit|45/100 brn|[from] brn
|upkeep
|
|t:|1760718733
|switch|p1a: Meowscarada|Meowscarada, M|74/100
|turn|33
|
|t:|1760718739
|move|p2a: Kingambit|Sucker Punch|p1a: Meowscarada
|-resisted|p1a: Meowscarada
|-damage|p1a: Meowscarada|0 fnt
|faint|p1a: Meowscarada
|
|win|TrapLyf
|raw|RocketMilt's rating: 1468 &rarr; <strong>1449</strong><br />(-19 for losing)
|raw|TrapLyf's rating: 1492 &rarr; <strong>1511</strong><br />(+19 for winning)
|l|☆RocketMilt
|player|p1|
|l|☆TrapLyf
|player|p2|
