|badge|p1|silver|gen9doublesou|30-7
|badge|p1|bronze|gen9ru|100-7
|uhtml|medal-msg|<div class="broadcast-blue">Curious what those medals under the avatar are? PS now has Ladder Seasons! For more information, check out the <a href="https://www.smogon.com/forums/threads/3740067/">thread on Smogon.</a></div>
|j|☆3idk
|j|☆rollion papis
|t:|1760875854
|gametype|singles
|player|p1|3idk|cynthia-masters|1668
|player|p2|rollion papis|swimmer-gen4|1619
|gen|9
|tier|[Gen 9] OU
|rated|
|rule|HP Percentage Mod: HP is shown in percentages
|rule|Endless Battle Clause: Forcing endless battles is banned
|rule|Species Clause: Limit one of each Pokémon
|rule|OHKO Clause: OHKO moves are banned
|rule|Evasion Items Clause: Evasion items are banned
|rule|Evasion Moves Clause: Evasion moves are banned
|rule|Evasion Abilities Clause: Evasion abilities are banned
|rule|Sleep Moves Clause: Sleep-inducing moves are banned
|clearpoke
|poke|p1|Pelipper, M|
|poke|p1|Tornadus-Therian, M|
|poke|p1|Iron Treads|
|poke|p1|Decidueye-Hisui, M|
|poke|p1|Barraskewda, M|
|poke|p1|Raging Bolt|
|poke|p2|Rillaboom, M|
|poke|p2|Okidogi, M|
|poke|p2|Zamazenta-*|
|poke|p2|Iron Treads|
|poke|p2|Clefable, F|
|poke|p2|Walking Wake|
|teampreview
|inactive|Battle timer is ON: inactive players will automatically lose when time's up. (requested by 3idk)
|c|☆3idk|glhf
|inactive|rollion papis has 120 seconds left.
|
|t:|1760875899
|teamsize|p1|6
|teamsize|p2|6
|start
|switch|p1a: Tornadus|Tornadus-Therian, M|100/100
|switch|p2a: Clefable|Clefable, F|100/100
|turn|1
|inactive|rollion papis has 120 seconds left.
|
|t:|1760875949
|switch|p2a: Iron Treads|Iron Treads|100/100
|move|p1a: Tornadus|U-turn|p2a: Iron Treads
|-resisted|p2a: Iron Treads
|-damage|p2a: Iron Treads|95/100
|
|t:|1760875956
|switch|p1a: Barraskewda|Barraskewda, M|100/100|[from] U-turn
|
|-heal|p2a: Iron Treads|100/100|[from] item: Leftovers
|upkeep
|turn|2
|
|t:|1760875962
|move|p1a: Barraskewda|Flip Turn|p2a: Iron Treads
|-supereffective|p2a: Iron Treads
|-damage|p2a: Iron Treads|37/100
|-damage|p1a: Barraskewda|91/100|[from] item: Life Orb
|
|t:|1760875970
|switch|p1a: Pelipper|Pelipper, M|100/100|[from] Flip Turn
|-weather|RainDance|[from] ability: Drizzle|[of] p1a: Pelipper
|move|p2a: Iron Treads|Stealth Rock|p1a: Pelipper
|-sidestart|p1: 3idk|move: Stealth Rock
|
|-weather|RainDance|[upkeep]
|-heal|p2a: Iron Treads|43/100|[from] item: Leftovers
|upkeep
|turn|3
|inactive|rollion papis has 120 seconds left.
|
|t:|1760875977
|-end|p2a: Iron Treads|Quark Drive|[silent]
|switch|p2a: Walking Wake|Walking Wake|100/100
|switch|p1a: Decidueye|Decidueye-Hisui, M|100/100
|-damage|p1a: Decidueye|94/100|[from] Stealth Rock
|
|-weather|RainDance|[upkeep]
|upkeep
|turn|4
|inactive|rollion papis has 120 seconds left.
|
|t:|1760875990
|move|p2a: Walking Wake|Flip Turn|p1a: Decidueye
|-resisted|p1a: Decidueye
|-damage|p1a: Decidueye|85/100
|-damage|p2a: Walking Wake|84/100|[from] item: Rocky Helmet|[of] p1a: Decidueye
|
|t:|1760875994
|-end|p2a: Walking Wake|Protosynthesis|[silent]
|switch|p2a: Zamazenta|Zamazenta|100/100|[from] Flip Turn
|-ability|p2a: Zamazenta|Dauntless Shield|boost
|-boost|p2a: Zamazenta|def|1
|move|p1a: Decidueye|U-turn|p2a: Zamazenta
|-resisted|p2a: Zamazenta
|-damage|p2a: Zamazenta|96/100
|
|t:|1760875999
|switch|p1a: Tornadus|Tornadus-Therian, M|100/100|[from] U-turn
|-damage|p1a: Tornadus|76/100|[from] Stealth Rock
|
|-weather|RainDance|[upkeep]
|-heal|p2a: Zamazenta|100/100|[from] item: Leftovers
|upkeep
|turn|5
|
|t:|1760876014
|switch|p1a: Decidueye|Decidueye-Hisui, M|85/100
|-damage|p1a: Decidueye|79/100|[from] Stealth Rock
|-terastallize|p2a: Zamazenta|Steel
|move|p2a: Zamazenta|Stone Edge|p1a: Decidueye
|-resisted|p1a: Decidueye
|-damage|p1a: Decidueye|68/100
|
|-weather|RainDance|[upkeep]
|upkeep
|turn|6
|
|t:|1760876024
|switch|p2a: Okidogi|Okidogi, M|100/100
|move|p1a: Decidueye|Defog|p2a: Okidogi
|-unboost|p2a: Okidogi|evasion|1
|-sideend|p1: 3idk|Stealth Rock|[from] move: Defog|[of] p1a: Decidueye
|
|-weather|RainDance|[upkeep]
|upkeep
|turn|7
|
|t:|1760876048
|switch|p1a: Iron Treads|Iron Treads|100/100
|move|p2a: Okidogi|Drain Punch|p1a: Iron Treads
|-supereffective|p1a: Iron Treads
|-damage|p1a: Iron Treads|44/100
|
|-weather|RainDance|[upkeep]
|-heal|p1a: Iron Treads|50/100|[from] item: Leftovers
|upkeep
|turn|8
|
|t:|1760876059
|switch|p2a: Rillaboom|Rillaboom, M|100/100
|-fieldstart|move: Grassy Terrain|[from] ability: Grassy Surge|[of] p2a: Rillaboom
|move|p1a: Iron Treads|Earthquake|p2a: Rillaboom
|-resisted|p2a: Rillaboom
|-damage|p2a: Rillaboom|91/100
|
|-weather|RainDance|[upkeep]
|-heal|p1a: Iron Treads|56/100|[from] Grassy Terrain
|-heal|p1a: Iron Treads|62/100|[from] item: Leftovers
|-heal|p2a: Rillaboom|97/100|[from] Grassy Terrain
|upkeep
|turn|9
|
|t:|1760876064
|-end|p1a: Iron Treads|Quark Drive|[silent]
|switch|p1a: Tornadus|Tornadus-Therian, M|100/100
|move|p2a: Rillaboom|Swords Dance|p2a: Rillaboom
|-boost|p2a: Rillaboom|atk|2
|
|-weather|none
|-heal|p2a: Rillaboom|100/100|[from] Grassy Terrain
|upkeep
|turn|10
|
|t:|1760876073
|move|p1a: Tornadus|Hurricane|p2a: Rillaboom
|-supereffective|p2a: Rillaboom
|-damage|p2a: Rillaboom|0 fnt
|faint|p2a: Rillaboom
|
|upkeep
|
|t:|1760876091
|switch|p2a: Zamazenta|Zamazenta, tera:Steel|100/100
|turn|11
|
|t:|1760876100
|switch|p1a: Decidueye|Decidueye-Hisui, M|68/100
|move|p2a: Zamazenta|Iron Defense|p2a: Zamazenta
|-boost|p2a: Zamazenta|def|2
|
|-heal|p1a: Decidueye|74/100|[from] Grassy Terrain
|upkeep
|turn|12
|
|t:|1760876104
|switch|p1a: Pelipper|Pelipper, M|100/100
|-weather|RainDance|[from] ability: Drizzle|[of] p1a: Pelipper
|move|p2a: Zamazenta|Body Press|p1a: Pelipper
|-resisted|p1a: Pelipper
|-damage|p1a: Pelipper|70/100
|
|-weather|RainDance|[upkeep]
|upkeep
|turn|13
|
|t:|1760876112
|switch|p1a: Decidueye|Decidueye-Hisui, M|74/100
|move|p2a: Zamazenta|Stone Edge|p1a: Decidueye
|-resisted|p1a: Decidueye
|-damage|p1a: Decidueye|63/100
|
|-weather|RainDance|[upkeep]
|-heal|p1a: Decidueye|69/100|[from] Grassy Terrain
|upkeep
|turn|14
|
|t:|1760876117
|move|p2a: Zamazenta|Body Press|p1a: Decidueye
|-damage|p1a: Decidueye|17/100
|-damage|p2a: Zamazenta|84/100|[from] item: Rocky Helmet|[of] p1a: Decidueye
|move|p1a: Decidueye|U-turn|p2a: Zamazenta
|-resisted|p2a: Zamazenta
|-damage|p2a: Zamazenta|80/100
|
|t:|1760876121
|switch|p1a: Tornadus|Tornadus-Therian, M|100/100|[from] U-turn
|
|-weather|RainDance|[upkeep]
|-heal|p2a: Zamazenta|87/100|[from] Grassy Terrain
|-heal|p2a: Zamazenta|93/100|[from] item: Leftovers
|upkeep
|turn|15
|
|t:|1760876145
|switch|p2a: Iron Treads|Iron Treads|43/100
|move|p1a: Tornadus|Focus Blast|p2a: Iron Treads
|-supereffective|p2a: Iron Treads
|-damage|p2a: Iron Treads|0 fnt
|faint|p2a: Iron Treads
|-end|p2a: Iron Treads|Quark Drive|[silent]
|
|-weather|RainDance|[upkeep]
|-fieldend|move: Grassy Terrain
|upkeep
|
|t:|1760876157
|switch|p2a: Okidogi|Okidogi, M|100/100
|turn|16
|
|t:|1760876165
|switch|p1a: Decidueye|Decidueye-Hisui, M|17/100
|move|p2a: Okidogi|Bulk Up|p2a: Okidogi
|-boost|p2a: Okidogi|atk|1
|-boost|p2a: Okidogi|def|1
|
|-weather|RainDance|[upkeep]
|upkeep
|turn|17
|
|t:|1760876173
|move|p2a: Okidogi|Drain Punch|p1a: Decidueye
|-damage|p1a: Decidueye|0 fnt
|-damage|p2a: Okidogi|84/100|[from] item: Rocky Helmet|[of] p1a: Decidueye
|faint|p1a: Decidueye
|
|-weather|RainDance|[upkeep]
|-heal|p2a: Okidogi|90/100|[from] item: Leftovers
|upkeep
|
|t:|1760876176
|switch|p1a: Tornadus|Tornadus-Therian, M|100/100
|turn|18
|
|t:|1760876180
|switch|p2a: Zamazenta|Zamazenta, tera:Steel|93/100
|-terastallize|p1a: Tornadus|Flying
|move|p1a: Tornadus|Hurricane|p2a: Zamazenta
|-resisted|p2a: Zamazenta
|-damage|p2a: Zamazenta|44/100
|-start|p2a: Zamazenta|confusion
|
|-weather|RainDance|[upkeep]
|-heal|p2a: Zamazenta|51/100|[from] item: Leftovers
|upkeep
|turn|19
|
|t:|1760876193
|-activate|p2a: Zamazenta|confusion
|move|p2a: Zamazenta|Stone Edge|p1a: Tornadus|[miss]
|-miss|p2a: Zamazenta|p1a: Tornadus
|move|p1a: Tornadus|Hurricane|p2a: Zamazenta
|-resisted|p2a: Zamazenta
|-damage|p2a: Zamazenta|7/100
|
|-weather|none
|-heal|p2a: Zamazenta|13/100|[from] item: Leftovers
|upkeep
|turn|20
|c|☆3idk|mb
|
|t:|1760876210
|switch|p1a: Iron Treads|Iron Treads|62/100
|-activate|p2a: Zamazenta|confusion
|-damage|p2a: Zamazenta|4/100|[from] confusion
|
|-heal|p2a: Zamazenta|10/100|[from] item: Leftovers
|-heal|p1a: Iron Treads|68/100|[from] item: Leftovers
|upkeep
|turn|21
|
|t:|1760876215
|-end|p1a: Iron Treads|Quark Drive|[silent]
|switch|p1a: Pelipper|Pelipper, M|70/100
|-weather|RainDance|[from] ability: Drizzle|[of] p1a: Pelipper
|-activate|p2a: Zamazenta|confusion
|move|p2a: Zamazenta|Body Press|p1a: Pelipper
|-resisted|p1a: Pelipper
|-damage|p1a: Pelipper|54/100
|
|-weather|RainDance|[upkeep]
|-heal|p2a: Zamazenta|16/100|[from] item: Leftovers
|upkeep
|turn|22
|c|☆rollion papis|no problem bro, im throwing hard
|c|☆rollion papis|wanted to finess
|
|t:|1760876229
|-end|p2a: Zamazenta|confusion
|move|p2a: Zamazenta|Stone Edge|p1a: Pelipper|[miss]
|-miss|p2a: Zamazenta|p1a: Pelipper
|move|p1a: Pelipper|Surf|p2a: Zamazenta
|-damage|p2a: Zamazenta|0 fnt
|faint|p2a: Zamazenta
|
|-weather|RainDance|[upkeep]
|upkeep
|inactive|rollion papis has 120 seconds left.
|
|t:|1760876266
|switch|p2a: Walking Wake|Walking Wake|84/100
|turn|23
|
|t:|1760876270
|switch|p1a: Iron Treads|Iron Treads|68/100
|move|p2a: Walking Wake|Surf|p1a: Iron Treads
|-supereffective|p1a: Iron Treads
|-damage|p1a: Iron Treads|0 fnt
|faint|p1a: Iron Treads
|-end|p1a: Iron Treads|Quark Drive|[silent]
|
|-weather|RainDance|[upkeep]
|upkeep
|
|t:|1760876275
|switch|p1a: Tornadus|Tornadus-Therian, M, tera:Flying|100/100
|turn|24
|
|t:|1760876284
|move|p1a: Tornadus|Hurricane|p2a: Walking Wake
|-damage|p2a: Walking Wake|0 fnt
|faint|p2a: Walking Wake
|-end|p2a: Walking Wake|Protosynthesis|[silent]
|
|-weather|RainDance|[upkeep]
|upkeep
|
|t:|1760876288
|switch|p2a: Clefable|Clefable, F|100/100
|turn|25
|
|t:|1760876295
|switch|p1a: Raging Bolt|Raging Bolt|100/100
|-enditem|p1a: Raging Bolt|Booster Energy
|-activate|p1a: Raging Bolt|ability: Protosynthesis|[fromitem]
|-start|p1a: Raging Bolt|protosynthesisspa
|move|p2a: Clefable|Moonblast|p1a: Raging Bolt
|-supereffective|p1a: Raging Bolt
|-damage|p1a: Raging Bolt|38/100
|-unboost|p1a: Raging Bolt|spa|1
|
|-weather|RainDance|[upkeep]
|upkeep
|turn|26
|
|t:|1760876301
|move|p1a: Raging Bolt|Thunder|p2a: Clefable
|-crit|p2a: Clefable
|-damage|p2a: Clefable|0 fnt
|faint|p2a: Clefable
|
|-weather|RainDance|[upkeep]
|upkeep
|
|t:|1760876307
|switch|p2a: Okidogi|Okidogi, M|90/100
|turn|27
|
|t:|1760876311
|move|p1a: Raging Bolt|Thunder|p2a: Okidogi
|-damage|p2a: Okidogi|41/100
|-status|p2a: Okidogi|par
|move|p2a: Okidogi|Gunk Shot|p1a: Raging Bolt
|-damage|p1a: Raging Bolt|0 fnt
|faint|p1a: Raging Bolt
|-end|p1a: Raging Bolt|Protosynthesis|[silent]
|
|-weather|RainDance|[upkeep]
|-heal|p2a: Okidogi|47/100 par|[from] item: Leftovers
|upkeep
|
|t:|1760876315
|switch|p1a: Tornadus|Tornadus-Therian, M, tera:Flying|100/100
|turn|28
|
|t:|1760876318
|move|p1a: Tornadus|Hurricane|p2a: Okidogi
|-supereffective|p2a: Okidogi
|-damage|p2a: Okidogi|0 fnt
|faint|p2a: Okidogi
|
|win|3idk
|raw|3idk's rating: 1668 &rarr; <strong>1685</strong><br />(+17 for winning)
|raw|rollion papis's rating: 1619 &rarr; <strong>1602</strong><br />(-17 for losing)
|l|☆3idk
|player|p1|
