|j|☆Pikka888
|j|☆LastGREATEST
|t:|1760779756
|gametype|singles
|player|p1|Pikka888|1|1278
|player|p2|LastGREATEST|blue-gen7|1341
|gen|9
|tier|[Gen 9] OU
|rated|
|rule|HP Percentage Mod: HP is shown in percentages
|rule|Endless Battle Clause: Forcing endless battles is banned
|rule|Species Clause: Limit one of each Pokémon
|rule|OHKO Clause: OHKO moves are banned
|rule|Evasion Items Clause: Evasion items are banned
|rule|Evasion Moves Clause: Evasion moves are banned
|rule|Evasion Abilities Clause: Evasion abilities are banned
|rule|Sleep Moves Clause: Sleep-inducing moves are banned
|clearpoke
|poke|p1|Sinistcha|
|poke|p1|Iron Treads|
|poke|p1|Moltres|
|poke|p1|Ting-Lu|
|poke|p1|Gholdengo|
|poke|p1|Grimmsnarl, M|
|poke|p2|Slowking-Galar, M|
|poke|p2|Kingambit, M|
|poke|p2|Mimikyu, F|
|poke|p2|Ursaluna, M|
|poke|p2|Azumarill, M|
|poke|p2|Rabsca, M|
|teampreview
|
|t:|1760779777
|teamsize|p1|6
|teamsize|p2|6
|start
|switch|p1a: Gholdengo|Gholdengo|100/100
|switch|p2a: PIKABLUU|Azumarill, M|100/100
|-item|p1a: Gholdengo|Air Balloon
|turn|1
|
|t:|1760779783
|move|p1a: Gholdengo|Nasty Plot|p1a: Gholdengo
|-boost|p1a: Gholdengo|spa|2
|move|p2a: PIKABLUU|Knock Off|p1a: Gholdengo
|-supereffective|p1a: Gholdengo
|-damage|p1a: Gholdengo|15/100
|-enditem|p1a: Gholdengo|Air Balloon
|
|upkeep
|turn|2
|
|t:|1760779788
|move|p2a: PIKABLUU|Aqua Jet|p1a: Gholdengo
|-damage|p1a: Gholdengo|0 fnt
|faint|p1a: Gholdengo
|
|upkeep
|
|t:|1760779793
|switch|p1a: Sinistcha|Sinistcha|100/100
|turn|3
|
|t:|1760779797
|switch|p2a: DARTH SLO|Slowking-Galar, M|100/100
|move|p1a: Sinistcha|Matcha Gotcha|p2a: DARTH SLO
|-resisted|p2a: DARTH SLO
|-damage|p2a: DARTH SLO|87/100
|
|upkeep
|turn|4
|
|t:|1760779803
|switch|p1a: Ting-Lu|Ting-Lu|100/100
|-ability|p1a: Ting-Lu|Vessel of Ruin
|move|p2a: DARTH SLO|Trick Room|p2a: DARTH SLO
|-fieldstart|move: Trick Room|[of] p2a: DARTH SLO
|
|upkeep
|turn|5
|
|t:|1760779806
|move|p2a: DARTH SLO|Ice Beam|p1a: Ting-Lu
|-supereffective|p1a: Ting-Lu
|-damage|p1a: Ting-Lu|68/100
|-damage|p2a: DARTH SLO|77/100|[from] item: Life Orb
|move|p1a: Ting-Lu|Stealth Rock|p2a: DARTH SLO
|-sidestart|p2: LastGREATEST|move: Stealth Rock
|
|-heal|p1a: Ting-Lu|74/100|[from] item: Leftovers
|upkeep
|turn|6
|
|t:|1760779809
|move|p2a: DARTH SLO|Ice Beam|p1a: Ting-Lu
|-supereffective|p1a: Ting-Lu
|-damage|p1a: Ting-Lu|42/100
|-damage|p2a: DARTH SLO|68/100|[from] item: Life Orb
|move|p1a: Ting-Lu|Ruination|p2a: DARTH SLO
|-damage|p2a: DARTH SLO|34/100
|
|-heal|p1a: Ting-Lu|48/100|[from] item: Leftovers
|upkeep
|turn|7
|
|t:|1760779812
|move|p2a: DARTH SLO|Ice Beam|p1a: Ting-Lu
|-supereffective|p1a: Ting-Lu
|-damage|p1a: Ting-Lu|17/100
|-damage|p2a: DARTH SLO|24/100|[from] item: Life Orb
|move|p1a: Ting-Lu|Earthquake|p2a: DARTH SLO
|-supereffective|p2a: DARTH SLO
|-damage|p2a: DARTH SLO|0 fnt
|faint|p2a: DARTH SLO
|
|-heal|p1a: Ting-Lu|23/100|[from] item: Leftovers
|upkeep
|
|t:|1760779815
|switch|p2a: PIKABLUU|Azumarill, M|100/100
|-damage|p2a: PIKABLUU|88/100|[from] Stealth Rock
|turn|8
|
|t:|1760779818
|move|p2a: PIKABLUU|Play Rough|p1a: Ting-Lu
|-supereffective|p1a: Ting-Lu
|-crit|p1a: Ting-Lu
|-damage|p1a: Ting-Lu|0 fnt
|faint|p1a: Ting-Lu
|
|-fieldend|move: Trick Room
|upkeep
|
|t:|1760779826
|switch|p1a: Sinistcha|Sinistcha|100/100
|turn|9
|
|t:|1760779831
|-terastallize|p2a: PIKABLUU|Grass
|move|p1a: Sinistcha|Calm Mind|p1a: Sinistcha
|-boost|p1a: Sinistcha|spa|1
|-boost|p1a: Sinistcha|spd|1
|move|p2a: PIKABLUU|Knock Off|p1a: Sinistcha
|-supereffective|p1a: Sinistcha
|-damage|p1a: Sinistcha|47/100
|-enditem|p1a: Sinistcha|Heavy-Duty Boots|[from] move: Knock Off|[of] p2a: PIKABLUU
|
|upkeep
|turn|10
|
|t:|1760779834
|move|p1a: Sinistcha|Matcha Gotcha|p2a: PIKABLUU
|-resisted|p2a: PIKABLUU
|-damage|p2a: PIKABLUU|72/100
|-heal|p1a: Sinistcha|56/100|[from] drain|[of] p2a: PIKABLUU
|move|p2a: PIKABLUU|Knock Off|p1a: Sinistcha
|-supereffective|p1a: Sinistcha
|-damage|p1a: Sinistcha|18/100
|
|upkeep
|turn|11
|
|t:|1760779845
|move|p1a: Sinistcha|Strength Sap|p2a: PIKABLUU
|-unboost|p2a: PIKABLUU|atk|1
|-heal|p1a: Sinistcha|81/100
|move|p2a: PIKABLUU|Play Rough|p1a: Sinistcha
|-damage|p1a: Sinistcha|55/100
|
|upkeep
|turn|12
|
|t:|1760779868
|move|p1a: Sinistcha|Shadow Ball|p2a: PIKABLUU
|-damage|p2a: PIKABLUU|40/100
|-unboost|p2a: PIKABLUU|spd|1
|move|p2a: PIKABLUU|Knock Off|p1a: Sinistcha
|-supereffective|p1a: Sinistcha
|-damage|p1a: Sinistcha|29/100
|
|upkeep
|turn|13
|
|t:|1760779875
|move|p1a: Sinistcha|Shadow Ball|p2a: PIKABLUU
|-damage|p2a: PIKABLUU|0 fnt
|faint|p2a: PIKABLUU
|
|upkeep
|
|t:|1760779882
|switch|p2a: PIKABOO|Mimikyu, F|100/100
|-damage|p2a: PIKABOO|88/100|[from] Stealth Rock
|turn|14
|
|t:|1760779887
|move|p2a: PIKABOO|Shadow Sneak|p1a: Sinistcha
|-supereffective|p1a: Sinistcha
|-damage|p1a: Sinistcha|4/100
|move|p1a: Sinistcha|Matcha Gotcha|p2a: PIKABOO
|-activate|p2a: PIKABOO|ability: Disguise
|-damage|p2a: PIKABOO|88/100
|detailschange|p2a: PIKABOO|Mimikyu-Busted, F
|-damage|p2a: PIKABOO|76/100|[from] pokemon: Mimikyu-Busted
|
|upkeep
|turn|15
|
|t:|1760779895
|switch|p1a: Moltres|Moltres|100/100
|move|p2a: PIKABOO|Shadow Sneak|p1a: Moltres
|-damage|p1a: Moltres|88/100
|
|upkeep
|turn|16
|
|t:|1760779898
|move|p1a: Moltres|U-turn|p2a: PIKABOO
|-resisted|p2a: PIKABOO
|-damage|p2a: PIKABOO|71/100
|
|t:|1760779905
|switch|p1a: Iron Treads|Iron Treads|100/100|[from] U-turn
|move|p2a: PIKABOO|Trick Room|p2a: PIKABOO
|-fieldstart|move: Trick Room|[of] p2a: PIKABOO
|
|upkeep
|turn|17
|
|t:|1760779913
|move|p2a: PIKABOO|Curse|p1a: Iron Treads
|-start|p1a: Iron Treads|Curse|[of] p2a: PIKABOO
|-damage|p2a: PIKABOO|22/100
|move|p1a: Iron Treads|Knock Off|p2a: PIKABOO
|-damage|p2a: PIKABOO|0 fnt
|-enditem|p2a: PIKABOO|Mental Herb|[from] move: Knock Off|[of] p1a: Iron Treads
|faint|p2a: PIKABOO
|
|-damage|p1a: Iron Treads|76/100|[from] Curse
|upkeep
|
|t:|1760779926
|switch|p2a: COCAINE|Ursaluna, M|100/100
|-damage|p2a: COCAINE|94/100|[from] Stealth Rock
|turn|18
|
|t:|1760779931
|-terastallize|p1a: Iron Treads|Ghost
|move|p2a: COCAINE|Swords Dance|p2a: COCAINE
|-boost|p2a: COCAINE|atk|2
|move|p1a: Iron Treads|Knock Off|p2a: COCAINE
|-damage|p2a: COCAINE|77/100
|-enditem|p2a: COCAINE|Flame Orb|[from] move: Knock Off|[of] p1a: Iron Treads
|
|-heal|p1a: Iron Treads|82/100|[from] item: Leftovers
|-damage|p1a: Iron Treads|57/100|[from] Curse
|upkeep
|turn|19
|
|t:|1760779935
|move|p2a: COCAINE|Crunch|p1a: Iron Treads
|-supereffective|p1a: Iron Treads
|-damage|p1a: Iron Treads|0 fnt
|faint|p1a: Iron Treads
|-end|p1a: Iron Treads|Quark Drive|[silent]
|
|upkeep
|
|t:|1760779942
|switch|p1a: Moltres|Moltres|88/100
|turn|20
|
|t:|1760779945
|move|p2a: COCAINE|Facade|p1a: Moltres
|-damage|p1a: Moltres|30/100
|-status|p2a: COCAINE|brn|[from] ability: Flame Body|[of] p1a: Moltres
|move|p1a: Moltres|Roar|p2a: COCAINE
|drag|p2a: CHECKMATE|Kingambit, M, shiny|100/100
|-damage|p2a: CHECKMATE|94/100|[from] Stealth Rock
|-activate|p2a: CHECKMATE|ability: Supreme Overlord
|-start|p2a: CHECKMATE|fallen3|[silent]
|
|-fieldend|move: Trick Room
|upkeep
|turn|21
|
|t:|1760779951
|-end|p2a: CHECKMATE|fallen3|[silent]
|switch|p2a: COCAINE|Ursaluna, M|77/100 brn
|-damage|p2a: COCAINE|71/100 brn|[from] Stealth Rock
|move|p1a: Moltres|Roost|p1a: Moltres
|-heal|p1a: Moltres|80/100
|-singleturn|p1a: Moltres|move: Roost
|
|-damage|p2a: COCAINE|65/100 brn|[from] brn
|upkeep
|turn|22
|
|t:|1760779956
|move|p2a: COCAINE|Facade|p1a: Moltres
|-damage|p1a: Moltres|0 fnt
|faint|p1a: Moltres
|
|-damage|p2a: COCAINE|59/100 brn|[from] brn
|upkeep
|
|t:|1760779960
|switch|p1a: Sinistcha|Sinistcha|4/100
|turn|23
|
|t:|1760779970
|move|p1a: Sinistcha|Strength Sap|p2a: COCAINE
|-unboost|p2a: COCAINE|atk|1
|-heal|p1a: Sinistcha|100/100
|move|p2a: COCAINE|Swords Dance|p2a: COCAINE
|-boost|p2a: COCAINE|atk|2
|
|-damage|p2a: COCAINE|53/100 brn|[from] brn
|upkeep
|turn|24
|
|t:|1760779973
|move|p1a: Sinistcha|Calm Mind|p1a: Sinistcha
|-boost|p1a: Sinistcha|spa|1
|-boost|p1a: Sinistcha|spd|1
|move|p2a: COCAINE|Crunch|p1a: Sinistcha
|-supereffective|p1a: Sinistcha
|-damage|p1a: Sinistcha|0 fnt
|faint|p1a: Sinistcha
|
|-damage|p2a: COCAINE|47/100 brn|[from] brn
|upkeep
|inactive|Battle timer is ON: inactive players will automatically lose when time's up. (requested by LastGREATEST)
|
|t:|1760779982
|switch|p1a: Grimmsnarl|Grimmsnarl, M|100/100
|turn|25
|
|t:|1760779984
|move|p1a: Grimmsnarl|Bulk Up|p1a: Grimmsnarl
|-boost|p1a: Grimmsnarl|atk|1
|-boost|p1a: Grimmsnarl|def|1
|move|p2a: COCAINE|Facade|p1a: Grimmsnarl
|-damage|p1a: Grimmsnarl|0 fnt
|faint|p1a: Grimmsnarl
|
|win|LastGREATEST
|raw|Pikka888's rating: 1278 &rarr; <strong>1257</strong><br />(-21 for losing)
|raw|LastGREATEST's rating: 1341 &rarr; <strong>1357</strong><br />(+16 for winning)
|l|☆Pikka888
|player|p1|
|l|☆LastGREATEST
|player|p2|
