|j|☆spoons_R_bent
|j|☆Vickvolta侠
|t:|1760850233
|gametype|singles
|player|p1|spoons_R_bent|clerkf|1129
|player|p2|Vickvolta侠|bugcatcher-gen4dp|1064
|gen|9
|tier|[Gen 9] OU
|rated|
|rule|HP Percentage Mod: HP is shown in percentages
|rule|Endless Battle Clause: Forcing endless battles is banned
|rule|Species Clause: Limit one of each Pokémon
|rule|OHKO Clause: OHKO moves are banned
|rule|Evasion Items Clause: Evasion items are banned
|rule|Evasion Moves Clause: Evasion moves are banned
|rule|Evasion Abilities Clause: Evasion abilities are banned
|rule|Sleep Moves Clause: Sleep-inducing moves are banned
|clearpoke
|poke|p1|Ninetales, F|
|poke|p1|Rillaboom, M|
|poke|p1|Leavanny, F|
|poke|p1|Lilligant-Hisui, F|
|poke|p1|Cinderace, M|
|poke|p1|Skeledirge, M|
|poke|p2|Metagross|
|poke|p2|Forretress, F|
|poke|p2|Staraptor, F|
|poke|p2|Talonflame, F|
|poke|p2|Galvantula, F|
|poke|p2|Tyranitar, M|
|teampreview
|
|t:|1760850238
|teamsize|p1|6
|teamsize|p2|6
|start
|switch|p1a: Believe it!|Ninetales, F, shiny|100/100
|switch|p2a: Talonflame|Talonflame, F|100/100
|-weather|SunnyDay|[from] ability: Drought|[of] p1a: Believe it!
|turn|1
|
|t:|1760850256
|switch|p1a: Old Greg|Rillaboom, M|100/100
|-fieldstart|move: Grassy Terrain|[from] ability: Grassy Surge|[of] p1a: Old Greg
|-terastallize|p2a: Talonflame|Fire
|move|p2a: Talonflame|Flare Blitz|p1a: Old Greg
|-supereffective|p1a: Old Greg
|-damage|p1a: Old Greg|0 fnt
|faint|p1a: Old Greg
|-damage|p2a: Talonflame|56/100|[from] Recoil
|
|-weather|SunnyDay|[upkeep]
|-heal|p2a: Talonflame|62/100|[from] Grassy Terrain
|upkeep
|
|t:|1760850270
|switch|p1a: The DIRGE|Skeledirge, M|100/100
|turn|2
|
|t:|1760850278
|move|p2a: Talonflame|Flare Blitz|p1a: The DIRGE
|-resisted|p1a: The DIRGE
|-damage|p1a: The DIRGE|47/100
|-enditem|p1a: The DIRGE|Sitrus Berry|[eat]
|-heal|p1a: The DIRGE|72/100|[from] item: Sitrus Berry
|-damage|p2a: Talonflame|41/100|[from] Recoil
|move|p1a: The DIRGE|Torch Song|p2a: Talonflame
|-resisted|p2a: Talonflame
|-damage|p2a: Talonflame|6/100
|-boost|p1a: The DIRGE|spa|1
|
|-weather|SunnyDay|[upkeep]
|-heal|p2a: Talonflame|12/100|[from] Grassy Terrain
|-heal|p1a: The DIRGE|78/100|[from] Grassy Terrain
|upkeep
|turn|3
|
|t:|1760850293
|move|p2a: Talonflame|Flare Blitz|p1a: The DIRGE
|-resisted|p1a: The DIRGE
|-damage|p1a: The DIRGE|21/100
|-damage|p2a: Talonflame|0 fnt|[from] Recoil
|faint|p2a: Talonflame
|move|p1a: The DIRGE|Torch Song|p2: Talonflame|[notarget]
|-fail|p1a: The DIRGE
|
|-weather|SunnyDay|[upkeep]
|-heal|p1a: The DIRGE|27/100|[from] Grassy Terrain
|upkeep
|
|t:|1760850303
|switch|p2a: Tyranitar|Tyranitar, M|100/100
|-weather|Sandstorm|[from] ability: Sand Stream|[of] p2a: Tyranitar
|turn|4
|
|t:|1760850319
|move|p1a: The DIRGE|Alluring Voice|p2a: Tyranitar
|-supereffective|p2a: Tyranitar
|-damage|p2a: Tyranitar|82/100
|move|p2a: Tyranitar|Earthquake|p1a: The DIRGE
|-supereffective|p1a: The DIRGE
|-crit|p1a: The DIRGE
|-damage|p1a: The DIRGE|0 fnt
|faint|p1a: The DIRGE
|
|-weather|Sandstorm|[upkeep]
|-heal|p2a: Tyranitar|88/100|[from] Grassy Terrain
|upkeep
|
|t:|1760850330
|switch|p1a: Believe it!|Ninetales, F, shiny|100/100
|-weather|SunnyDay|[from] ability: Drought|[of] p1a: Believe it!
|turn|5
|
|t:|1760850336
|switch|p2a: Galvantula|Galvantula, F|100/100
|move|p1a: Believe it!|Disable||[still]
|-fail|p1a: Believe it!
|
|-weather|SunnyDay|[upkeep]
|upkeep
|turn|6
|
|t:|1760850344
|move|p2a: Galvantula|Sticky Web|p1a: Believe it!
|-sidestart|p1: spoons_R_bent|move: Sticky Web
|move|p1a: Believe it!|Encore|p2a: Galvantula
|-start|p2a: Galvantula|Encore
|
|-weather|SunnyDay|[upkeep]
|upkeep
|turn|7
|
|t:|1760850352
|switch|p2a: Tyranitar|Tyranitar, M|88/100
|-weather|Sandstorm|[from] ability: Sand Stream|[of] p2a: Tyranitar
|move|p1a: Believe it!|Will-O-Wisp|p2a: Tyranitar
|-status|p2a: Tyranitar|brn
|
|-weather|Sandstorm|[upkeep]
|-damage|p1a: Believe it!|94/100|[from] Sandstorm
|-heal|p1a: Believe it!|100/100|[from] Grassy Terrain
|-heal|p2a: Tyranitar|94/100 brn|[from] Grassy Terrain
|-damage|p2a: Tyranitar|88/100 brn|[from] brn
|upkeep
|turn|8
|
|t:|1760850367
|switch|p1a: Vegan Wrap|Leavanny, F|100/100
|-activate|p1a: Vegan Wrap|move: Sticky Web
|-unboost|p1a: Vegan Wrap|spe|1
|-enditem|p1a: Vegan Wrap|Eject Pack
|
|t:|1760850373
|switch|p1a: She's Footloose|Lilligant-Hisui, F|100/100
|-activate|p1a: She's Footloose|move: Sticky Web
|-unboost|p1a: She's Footloose|spe|1
|move|p2a: Tyranitar|Stone Edge|p1a: She's Footloose
|-resisted|p1a: She's Footloose
|-damage|p1a: She's Footloose|87/100
|
|-weather|Sandstorm|[upkeep]
|-damage|p1a: She's Footloose|81/100|[from] Sandstorm
|-heal|p1a: She's Footloose|87/100|[from] Grassy Terrain
|-heal|p2a: Tyranitar|94/100 brn|[from] Grassy Terrain
|-damage|p2a: Tyranitar|88/100 brn|[from] brn
|-fieldend|move: Grassy Terrain
|upkeep
|turn|9
|
|t:|1760850388
|move|p1a: She's Footloose|Victory Dance|p1a: She's Footloose
|-boost|p1a: She's Footloose|atk|1
|-boost|p1a: She's Footloose|def|1
|-boost|p1a: She's Footloose|spe|1
|move|p2a: Tyranitar|Earthquake|p1a: She's Footloose
|-resisted|p1a: She's Footloose
|-damage|p1a: She's Footloose|82/100
|
|-weather|Sandstorm|[upkeep]
|-damage|p1a: She's Footloose|76/100|[from] Sandstorm
|-damage|p2a: Tyranitar|82/100 brn|[from] brn
|upkeep
|turn|10
|
|t:|1760850401
|move|p1a: She's Footloose|Victory Dance|p1a: She's Footloose
|-boost|p1a: She's Footloose|atk|1
|-boost|p1a: She's Footloose|def|1
|-boost|p1a: She's Footloose|spe|1
|move|p2a: Tyranitar|Avalanche|p1a: She's Footloose
|-supereffective|p1a: She's Footloose
|-damage|p1a: She's Footloose|66/100
|
|-weather|Sandstorm|[upkeep]
|-damage|p1a: She's Footloose|60/100|[from] Sandstorm
|-damage|p2a: Tyranitar|75/100 brn|[from] brn
|upkeep
|turn|11
|
|t:|1760850413
|move|p1a: She's Footloose|Victory Dance|p1a: She's Footloose
|-boost|p1a: She's Footloose|atk|1
|-boost|p1a: She's Footloose|def|1
|-boost|p1a: She's Footloose|spe|1
|move|p2a: Tyranitar|Knock Off|p1a: She's Footloose
|-resisted|p1a: She's Footloose
|-damage|p1a: She's Footloose|55/100
|-enditem|p1a: She's Footloose|Life Orb|[from] move: Knock Off|[of] p2a: Tyranitar
|
|-weather|none
|-damage|p2a: Tyranitar|69/100 brn|[from] brn
|upkeep
|turn|12
|
|t:|1760850424
|move|p1a: She's Footloose|Victory Dance|p1a: She's Footloose
|-boost|p1a: She's Footloose|atk|1
|-boost|p1a: She's Footloose|def|1
|-boost|p1a: She's Footloose|spe|1
|move|p2a: Tyranitar|Avalanche|p1a: She's Footloose
|-supereffective|p1a: She's Footloose
|-damage|p1a: She's Footloose|48/100
|
|-damage|p2a: Tyranitar|63/100 brn|[from] brn
|upkeep
|turn|13
|
|t:|1760850435
|move|p1a: She's Footloose|Synthesis|p1a: She's Footloose
|-heal|p1a: She's Footloose|98/100
|move|p2a: Tyranitar|Avalanche|p1a: She's Footloose
|-supereffective|p1a: She's Footloose
|-damage|p1a: She's Footloose|91/100
|
|-damage|p2a: Tyranitar|57/100 brn|[from] brn
|upkeep
|turn|14
|
|t:|1760850445
|move|p1a: She's Footloose|Solar Blade||[still]
|-prepare|p1a: She's Footloose|Solar Blade
|move|p2a: Tyranitar|Earthquake|p1a: She's Footloose
|-resisted|p1a: She's Footloose
|-damage|p1a: She's Footloose|89/100
|
|-damage|p2a: Tyranitar|51/100 brn|[from] brn
|upkeep
|turn|15
|
|t:|1760850454
|move|p1a: She's Footloose|Solar Blade|p2a: Tyranitar|[from] lockedmove
|-supereffective|p2a: Tyranitar
|-damage|p2a: Tyranitar|0 fnt
|faint|p2a: Tyranitar
|
|upkeep
|
|t:|1760850460
|switch|p2a: Staraptor|Staraptor, F|100/100
|turn|16
|
|t:|1760850464
|move|p1a: She's Footloose|Triple Axel|p2a: Staraptor
|-supereffective|p2a: Staraptor
|-damage|p2a: Staraptor|43/100
|-supereffective|p2a: Staraptor
|-damage|p2a: Staraptor|0 fnt
|faint|p2a: Staraptor
|-hitcount|p2: Staraptor|2
|
|upkeep
|inactive|Battle timer is ON: inactive players will automatically lose when time's up. (requested by spoons_R_bent)
|inactive|Vickvolta侠 has 120 seconds left.
|inactive|Vickvolta侠 has 90 seconds left.
|inactive|Vickvolta侠 has 60 seconds left.
|inactive|Vickvolta侠 has 30 seconds left.
|inactive|Vickvolta侠 has 20 seconds left.
|inactive|Vickvolta侠 has 15 seconds left.
|inactive|Vickvolta侠 has 10 seconds left.
|inactive|Vickvolta侠 has 5 seconds left.
|-message|Vickvolta侠 lost due to inactivity.
|
|win|spoons_R_bent
|raw|spoons_R_bent's rating: 1129 &rarr; <strong>1151</strong><br />(+22 for winning)
|raw|Vickvolta侠's rating: 1092 &rarr; <strong>1071</strong><br />(-21 for losing)
|l|☆spoons_R_bent
|player|p1|
