|j|☆jessethegamer
|j|☆chon123
|t:|1760856101
|gametype|singles
|player|p1|jessethegamer|fisherman|1080
|player|p2|chon123|wallace|1097
|gen|9
|tier|[Gen 9] OU
|rated|
|rule|HP Percentage Mod: HP is shown in percentages
|rule|Endless Battle Clause: Forcing endless battles is banned
|rule|Species Clause: Limit one of each Pokémon
|rule|OHKO Clause: OHKO moves are banned
|rule|Evasion Items Clause: Evasion items are banned
|rule|Evasion Moves Clause: Evasion moves are banned
|rule|Evasion Abilities Clause: Evasion abilities are banned
|rule|Sleep Moves Clause: Sleep-inducing moves are banned
|clearpoke
|poke|p1|Blaziken, M|
|poke|p1|Pelipper, F|
|poke|p1|Whimsicott, F|
|poke|p1|Garchomp, F|
|poke|p1|Hawlucha, M|
|poke|p1|Raichu, M|
|poke|p2|Pelipper, M|
|poke|p2|Rillaboom, M|
|poke|p2|Kingambit, M|
|poke|p2|Floatzel, F|
|poke|p2|Ludicolo, M|
|poke|p2|Gastrodon, F|
|teampreview
|inactive|Battle timer is ON: inactive players will automatically lose when time's up. (requested by jessethegamer)
|
|t:|1760856105
|teamsize|p1|6
|teamsize|p2|6
|start
|switch|p1a: Garchomp|Garchomp, F|100/100
|switch|p2a: Pelipper|Pelipper, M|100/100
|-weather|RainDance|[from] ability: Drizzle|[of] p2a: Pelipper
|turn|1
|
|t:|1760856119
|move|p1a: Garchomp|Stealth Rock|p2a: Pelipper
|-sidestart|p2: chon123|move: Stealth Rock
|move|p2a: Pelipper|Hurricane|p1a: Garchomp
|-damage|p1a: Garchomp|67/100
|
|-weather|RainDance|[upkeep]
|upkeep
|turn|2
|
|t:|1760856129
|move|p2a: Pelipper|Hurricane|p1a: Garchomp
|-damage|p1a: Garchomp|32/100
|-start|p1a: Garchomp|confusion
|-activate|p1a: Garchomp|confusion
|move|p1a: Garchomp|Dragon Tail|p2a: Pelipper
|-damage|p2a: Pelipper|71/100
|drag|p2a: Ludicolo|Ludicolo, M|100/100
|-damage|p2a: Ludicolo|88/100|[from] Stealth Rock
|
|-weather|RainDance|[upkeep]
|upkeep
|turn|3
|
|t:|1760856142
|move|p2a: Ludicolo|Weather Ball|p1a: Garchomp
|-crit|p1a: Garchomp
|-damage|p1a: Garchomp|0 fnt
|faint|p1a: Garchomp
|
|-weather|RainDance|[upkeep]
|upkeep
|
|t:|1760856154
|switch|p1a: Raichu|Raichu, M|100/100
|turn|4
|
|t:|1760856162
|move|p2a: Ludicolo|Weather Ball|p1a: Raichu
|-damage|p1a: Raichu|40/100
|move|p1a: Raichu|Thunderbolt|p2a: Ludicolo
|-damage|p2a: Ludicolo|61/100
|
|-weather|RainDance|[upkeep]
|upkeep
|turn|5
|
|t:|1760856172
|switch|p1a: Pelipper|Pelipper, F|100/100
|move|p2a: Ludicolo|Weather Ball|p1a: Pelipper
|-resisted|p1a: Pelipper
|-damage|p1a: Pelipper|51/100
|
|-weather|RainDance|[upkeep]
|upkeep
|turn|6
|
|t:|1760856183
|move|p2a: Ludicolo|Leaf Storm|p1a: Pelipper
|-damage|p1a: Pelipper|0 fnt
|-unboost|p2a: Ludicolo|spa|2
|faint|p1a: Pelipper
|
|-weather|RainDance|[upkeep]
|upkeep
|
|t:|1760856191
|switch|p1a: Hawlucha|Hawlucha, M|100/100
|turn|7
|
|t:|1760856200
|switch|p2a: Gastrodon|Gastrodon, F|100/100
|-damage|p2a: Gastrodon|94/100|[from] Stealth Rock
|move|p1a: Hawlucha|Swords Dance|p1a: Hawlucha
|-boost|p1a: Hawlucha|atk|2
|
|-weather|RainDance|[upkeep]
|-heal|p2a: Gastrodon|100/100|[from] item: Leftovers
|upkeep
|turn|8
|
|t:|1760856211
|move|p1a: Hawlucha|Acrobatics|p2a: Gastrodon
|-damage|p2a: Gastrodon|66/100
|move|p2a: Gastrodon|Ice Beam|p1a: Hawlucha
|-supereffective|p1a: Hawlucha
|-damage|p1a: Hawlucha|32/100
|-enditem|p1a: Hawlucha|Sitrus Berry|[eat]
|-heal|p1a: Hawlucha|57/100|[from] item: Sitrus Berry
|
|-weather|none
|-heal|p2a: Gastrodon|72/100|[from] item: Leftovers
|upkeep
|turn|9
|
|t:|1760856231
|move|p1a: Hawlucha|Acrobatics|p2a: Gastrodon
|-damage|p2a: Gastrodon|1/100
|move|p2a: Gastrodon|Ice Beam|p1a: Hawlucha
|-supereffective|p1a: Hawlucha
|-damage|p1a: Hawlucha|0 fnt
|faint|p1a: Hawlucha
|
|-heal|p2a: Gastrodon|7/100|[from] item: Leftovers
|upkeep
|
|t:|1760856242
|switch|p1a: Raichu|Raichu, M|40/100
|turn|10
|
|t:|1760856247
|move|p2a: Gastrodon|Protect|p2a: Gastrodon
|-singleturn|p2a: Gastrodon|Protect
|move|p1a: Raichu|Alluring Voice|p2a: Gastrodon
|-activate|p2a: Gastrodon|move: Protect
|
|-heal|p2a: Gastrodon|13/100|[from] item: Leftovers
|upkeep
|turn|11
|
|t:|1760856256
|move|p1a: Raichu|Surf|p2a: Gastrodon
|-ability|p2a: Gastrodon|Storm Drain|boost
|-boost|p2a: Gastrodon|spa|1
|move|p2a: Gastrodon|Earth Power|p1a: Raichu
|-supereffective|p1a: Raichu
|-damage|p1a: Raichu|0 fnt
|faint|p1a: Raichu
|
|-heal|p2a: Gastrodon|19/100|[from] item: Leftovers
|upkeep
|l|☆jessethegamer
|inactive|jessethegamer disconnected and has a minute to reconnect!
|player|p1|
|inactive|jessethegamer has 30 seconds to reconnect!
|j|☆jessethegamer
|inactive|jessethegamer reconnected and has 100 seconds left.
|player|p1|jessethegamer|fisherman|
|inactive|jessethegamer has 90 seconds left.
|inactive|jessethegamer has 60 seconds left.
|inactive|jessethegamer has 30 seconds left.
|inactive|jessethegamer has 20 seconds left.
|inactive|jessethegamer has 15 seconds left.
|inactive|jessethegamer has 10 seconds left.
|inactive|jessethegamer has 5 seconds left.
|-message|jessethegamer lost due to inactivity.
|
|win|chon123
|raw|jessethegamer's rating: 1080 &rarr; <strong>1059</strong><br />(-21 for losing)
|raw|chon123's rating: 1097 &rarr; <strong>1121</strong><br />(+24 for winning)
|l|☆chon123
|player|p2|
