|j|☆Jacob14203
|j|☆Simisear's#1fan
|t:|1760880187
|gametype|singles
|player|p1|Jacob14203|169|1487
|player|p2|Simisear's#1fan|cynthia-gen4|1483
|gen|9
|tier|[Gen 9] OU
|rated|
|rule|HP Percentage Mod: HP is shown in percentages
|rule|Endless Battle Clause: Forcing endless battles is banned
|rule|Species Clause: Limit one of each Pokémon
|rule|OHKO Clause: OHKO moves are banned
|rule|Evasion Items Clause: Evasion items are banned
|rule|Evasion Moves Clause: Evasion moves are banned
|rule|Evasion Abilities Clause: Evasion abilities are banned
|rule|Sleep Moves Clause: Sleep-inducing moves are banned
|clearpoke
|poke|p1|Samurott-Hisui, F|
|poke|p1|Tornadus-Therian, M|
|poke|p1|Pecharunt|
|poke|p1|Great Tusk|
|poke|p1|Clefable, F|
|poke|p1|Zamazenta-*|
|poke|p2|Ninetales, M|
|poke|p2|Scovillain, F|
|poke|p2|Walking Wake|
|poke|p2|Hatterene, F|
|poke|p2|Great Tusk|
|poke|p2|Scizor, F|
|teampreview
|inactive|Battle timer is ON: inactive players will automatically lose when time's up. (requested by Jacob14203)
|inactive|Simisear's#1fan has 120 seconds left.
|
|t:|1760880224
|teamsize|p1|6
|teamsize|p2|6
|start
|switch|p1a: Samurott|Samurott-Hisui, F|100/100
|switch|p2a: Ninetales|Ninetales, M|100/100
|-weather|SunnyDay|[from] ability: Drought|[of] p2a: Ninetales
|turn|1
|
|t:|1760880251
|move|p2a: Ninetales|Will-O-Wisp|p1a: Samurott
|-status|p1a: Samurott|brn
|move|p1a: Samurott|Ceaseless Edge|p2a: Ninetales
|-damage|p2a: Ninetales|75/100
|-sidestart|p2: Simisear's#1fan|Spikes
|
|-weather|SunnyDay|[upkeep]
|-damage|p1a: Samurott|94/100 brn|[from] brn
|upkeep
|turn|2
|inactive|Simisear's#1fan has 120 seconds left.
|
|t:|1760880277
|switch|p2a: Hatterene|Hatterene, F|100/100
|-damage|p2a: Hatterene|88/100|[from] Spikes
|move|p1a: Samurott|Knock Off|p2a: Hatterene
|-damage|p2a: Hatterene|69/100
|-enditem|p2a: Hatterene|Eject Button|[from] move: Knock Off|[of] p1a: Samurott
|
|-weather|SunnyDay|[upkeep]
|-damage|p1a: Samurott|88/100 brn|[from] brn
|upkeep
|turn|3
|
|t:|1760880285
|move|p1a: Samurott|Ceaseless Edge|p2a: Hatterene
|-damage|p2a: Hatterene|51/100
|-sidestart|p2: Simisear's#1fan|Spikes
|move|p2a: Hatterene|Dazzling Gleam|p1a: Samurott
|-supereffective|p1a: Samurott
|-damage|p1a: Samurott|15/100 brn
|
|-weather|SunnyDay|[upkeep]
|-damage|p1a: Samurott|9/100 brn|[from] brn
|upkeep
|turn|4
|inactive|Simisear's#1fan has 120 seconds left.
|
|t:|1760880291
|move|p1a: Samurott|Ceaseless Edge|p2a: Hatterene|[miss]
|-miss|p1a: Samurott|p2a: Hatterene
|move|p2a: Hatterene|Dazzling Gleam|p1a: Samurott
|-supereffective|p1a: Samurott
|-damage|p1a: Samurott|0 fnt
|faint|p1a: Samurott
|
|-weather|SunnyDay|[upkeep]
|upkeep
|
|t:|1760880308
|switch|p1a: Clefable|Clefable, F|100/100
|turn|5
|
|t:|1760880312
|switch|p2a: Scizor|Scizor, F|100/100
|-damage|p2a: Scizor|84/100|[from] Spikes
|move|p1a: Clefable|Calm Mind|p1a: Clefable
|-boost|p1a: Clefable|spa|1
|-boost|p1a: Clefable|spd|1
|
|-weather|SunnyDay|[upkeep]
|upkeep
|turn|6
|
|t:|1760880321
|-terastallize|p1a: Clefable|Water
|move|p2a: Scizor|U-turn|p1a: Clefable
|-damage|p1a: Clefable|53/100
|
|t:|1760880326
|switch|p2a: Great Tusk|Great Tusk|100/100|[from] U-turn
|-damage|p2a: Great Tusk|84/100|[from] Spikes
|-activate|p2a: Great Tusk|ability: Protosynthesis
|-start|p2a: Great Tusk|protosynthesisspe
|move|p1a: Clefable|Flamethrower|p2a: Great Tusk
|-damage|p2a: Great Tusk|26/100
|
|-weather|SunnyDay|[upkeep]
|-heal|p1a: Clefable|59/100|[from] item: Leftovers
|upkeep
|turn|7
|
|t:|1760880339
|move|p2a: Great Tusk|Headlong Rush|p1a: Clefable
|-damage|p1a: Clefable|17/100
|-unboost|p2a: Great Tusk|def|1
|-unboost|p2a: Great Tusk|spd|1
|move|p1a: Clefable|Moonlight|p1a: Clefable
|-heal|p1a: Clefable|83/100
|
|-weather|SunnyDay|[upkeep]
|-heal|p1a: Clefable|90/100|[from] item: Leftovers
|upkeep
|turn|8
|
|t:|1760880344
|move|p2a: Great Tusk|Rapid Spin|p1a: Clefable
|-damage|p1a: Clefable|79/100
|-boost|p2a: Great Tusk|spe|1
|-sideend|p2: Simisear's#1fan|Spikes|[from] move: Rapid Spin|[of] p2a: Great Tusk
|move|p1a: Clefable|Calm Mind|p1a: Clefable
|-boost|p1a: Clefable|spa|1
|-boost|p1a: Clefable|spd|1
|
|-weather|none
|-end|p2a: Great Tusk|Protosynthesis
|-heal|p1a: Clefable|85/100|[from] item: Leftovers
|upkeep
|turn|9
|
|t:|1760880351
|move|p2a: Great Tusk|Stealth Rock|p1a: Clefable
|-sidestart|p1: Jacob14203|move: Stealth Rock
|move|p1a: Clefable|Moonlight|p1a: Clefable
|-heal|p1a: Clefable|100/100
|
|upkeep
|turn|10
|
|t:|1760880355
|-end|p2a: Great Tusk|Protosynthesis|[silent]
|switch|p2a: Ninetales|Ninetales, M|75/100
|-weather|SunnyDay|[from] ability: Drought|[of] p2a: Ninetales
|move|p1a: Clefable|Moonblast|p2a: Ninetales
|-resisted|p2a: Ninetales
|-damage|p2a: Ninetales|42/100
|-unboost|p2a: Ninetales|spa|1
|
|-weather|SunnyDay|[upkeep]
|upkeep
|turn|11
|
|t:|1760880367
|move|p2a: Ninetales|Encore|p1a: Clefable
|-start|p1a: Clefable|Encore
|move|p1a: Clefable|Moonblast|p2a: Ninetales
|-resisted|p2a: Ninetales
|-damage|p2a: Ninetales|10/100
|
|-weather|SunnyDay|[upkeep]
|upkeep
|turn|12
|
|t:|1760880373
|switch|p2a: Great Tusk|Great Tusk|26/100
|-activate|p2a: Great Tusk|ability: Protosynthesis
|-start|p2a: Great Tusk|protosynthesisspe
|move|p1a: Clefable|Moonblast|p2a: Great Tusk
|-supereffective|p2a: Great Tusk
|-crit|p2a: Great Tusk
|-damage|p2a: Great Tusk|0 fnt
|faint|p2a: Great Tusk
|-end|p2a: Great Tusk|Protosynthesis|[silent]
|
|-weather|SunnyDay|[upkeep]
|upkeep
|
|t:|1760880376
|switch|p2a: Scovillain|Scovillain, F|100/100
|turn|13
|
|t:|1760880396
|move|p2a: Scovillain|Growth|p2a: Scovillain
|-boost|p2a: Scovillain|atk|2
|-boost|p2a: Scovillain|spa|2
|move|p1a: Clefable|Moonblast|p2a: Scovillain
|-resisted|p2a: Scovillain
|-damage|p2a: Scovillain|46/100
|
|-weather|SunnyDay|[upkeep]
|-end|p1a: Clefable|Encore
|upkeep
|turn|14
|
|t:|1760880407
|move|p2a: Scovillain|Giga Drain|p1a: Clefable
|-supereffective|p1a: Clefable
|-damage|p1a: Clefable|15/100
|-heal|p2a: Scovillain|100/100|[from] drain|[of] p1a: Clefable
|-damage|p2a: Scovillain|91/100|[from] item: Life Orb
|move|p1a: Clefable|Moonblast|p2a: Scovillain
|-resisted|p2a: Scovillain
|-damage|p2a: Scovillain|31/100
|
|-weather|SunnyDay|[upkeep]
|-heal|p1a: Clefable|21/100|[from] item: Leftovers
|upkeep
|turn|15
|
|t:|1760880425
|move|p2a: Scovillain|Giga Drain|p1a: Clefable
|-supereffective|p1a: Clefable
|-damage|p1a: Clefable|0 fnt
|-heal|p2a: Scovillain|46/100|[from] drain|[of] p1a: Clefable
|faint|p1a: Clefable
|-damage|p2a: Scovillain|36/100|[from] item: Life Orb
|
|-weather|SunnyDay|[upkeep]
|upkeep
|
|t:|1760880429
|switch|p1a: Zamazenta|Zamazenta|100/100
|-damage|p1a: Zamazenta|94/100|[from] Stealth Rock
|-ability|p1a: Zamazenta|Dauntless Shield|boost
|-boost|p1a: Zamazenta|def|1
|turn|16
|
|t:|1760880434
|move|p2a: Scovillain|Flamethrower|p1a: Zamazenta
|-damage|p1a: Zamazenta|0 fnt
|faint|p1a: Zamazenta
|-damage|p2a: Scovillain|26/100|[from] item: Life Orb
|
|-weather|SunnyDay|[upkeep]
|upkeep
|
|t:|1760880451
|switch|p1a: Pecharunt|Pecharunt|100/100
|-damage|p1a: Pecharunt|88/100|[from] Stealth Rock
|turn|17
|
|t:|1760880456
|move|p2a: Scovillain|Flamethrower|p1a: Pecharunt
|-damage|p1a: Pecharunt|0 fnt
|faint|p1a: Pecharunt
|-damage|p2a: Scovillain|16/100|[from] item: Life Orb
|
|-weather|none
|upkeep
|
|t:|1760880460
|switch|p1a: Great Tusk|Great Tusk|100/100
|turn|18
|
|t:|1760880466
|switch|p2a: Ninetales|Ninetales, M|10/100
|-weather|SunnyDay|[from] ability: Drought|[of] p2a: Ninetales
|-activate|p1a: Great Tusk|ability: Protosynthesis
|-start|p1a: Great Tusk|protosynthesisatk
|move|p1a: Great Tusk|Rapid Spin|p2a: Ninetales
|-damage|p2a: Ninetales|0 fnt
|-boost|p1a: Great Tusk|spe|1
|-sideend|p1: Jacob14203|Stealth Rock|[from] move: Rapid Spin|[of] p1a: Great Tusk
|faint|p2a: Ninetales
|
|-weather|SunnyDay|[upkeep]
|upkeep
|
|t:|1760880489
|switch|p2a: Scovillain|Scovillain, F|16/100
|turn|19
|inactive|Simisear's#1fan has 120 seconds left.
|inactive|Simisear's#1fan has 90 seconds left.
|
|t:|1760880546
|move|p2a: Scovillain|Giga Drain|p1a: Great Tusk
|-supereffective|p1a: Great Tusk
|-damage|p1a: Great Tusk|0 fnt
|-heal|p2a: Scovillain|91/100|[from] drain|[of] p1a: Great Tusk
|faint|p1a: Great Tusk
|-end|p1a: Great Tusk|Protosynthesis|[silent]
|-damage|p2a: Scovillain|81/100|[from] item: Life Orb
|
|-weather|SunnyDay|[upkeep]
|upkeep
|inactive|Jacob14203 has 120 seconds left.
|l|☆Jacob14203
|inactive|Jacob14203 disconnected and has a minute to reconnect!
|player|p1|
|inactive|Jacob14203 has 30 seconds to reconnect!
|inactive|Jacob14203 has 20 seconds to reconnect!
|inactive|Jacob14203 has 15 seconds to reconnect!
|inactive|Jacob14203 has 10 seconds to reconnect!
|inactive|Jacob14203 has 5 seconds to reconnect!
|-message|Jacob14203 lost due to inactivity.
|
|win|Simisear's#1fan
|raw|Jacob14203's rating: 1487 &rarr; <strong>1467</strong><br />(-20 for losing)
|raw|Simisear&apos;s#1fan's rating: 1483 &rarr; <strong>1503</strong><br />(+20 for winning)
|l|☆Simisear's#1fan
|player|p2|
