|j|☆Vikavolt22
|j|☆jadhe
|t:|1760794591
|gametype|singles
|player|p1|Vikavolt22|2|1179
|player|p2|jadhe|2|1168
|gen|9
|tier|[Gen 9] OU
|rated|
|rule|HP Percentage Mod: HP is shown in percentages
|rule|Endless Battle Clause: Forcing endless battles is banned
|rule|Species Clause: Limit one of each Pokémon
|rule|OHKO Clause: OHKO moves are banned
|rule|Evasion Items Clause: Evasion items are banned
|rule|Evasion Moves Clause: Evasion moves are banned
|rule|Evasion Abilities Clause: Evasion abilities are banned
|rule|Sleep Moves Clause: Sleep-inducing moves are banned
|clearpoke
|poke|p1|Meowscarada, F|
|poke|p1|Dragapult, M|
|poke|p1|Dondozo, F|
|poke|p1|Heatran, M|
|poke|p1|Rotom-Wash|
|poke|p1|Landorus-Therian, M|
|poke|p2|Gliscor, F|
|poke|p2|Tropius, F|
|poke|p2|Cinderace, M|
|poke|p2|Indeedee, M|
|poke|p2|Iron Treads|
|poke|p2|Heatran, F|
|teampreview
|inactive|Battle timer is ON: inactive players will automatically lose when time's up. (requested by jadhe)
|
|t:|1760794610
|teamsize|p1|6
|teamsize|p2|6
|start
|switch|p1a: Meowscarada|Meowscarada, F|100/100
|switch|p2a: Tropius|Tropius, F|100/100
|turn|1
|
|t:|1760794619
|move|p2a: Tropius|Protect|p2a: Tropius
|-singleturn|p2a: Tropius|Protect
|move|p1a: Meowscarada|U-turn|p2a: Tropius
|-start|p1a: Meowscarada|typechange|Bug|[from] ability: Protean
|-activate|p2a: Tropius|move: Protect
|
|upkeep
|turn|2
|
|t:|1760794628
|move|p1a: Meowscarada|U-turn|p2a: Tropius
|-damage|p2a: Tropius|61/100
|-damage|p1a: Meowscarada|91/100|[from] item: Life Orb
|
|t:|1760794634
|switch|p1a: Landorus|Landorus-Therian, M|100/100|[from] U-turn
|-ability|p1a: Landorus|Intimidate|boost
|-unboost|p2a: Tropius|atk|1
|move|p2a: Tropius|Substitute|p2a: Tropius
|-start|p2a: Tropius|Substitute
|-damage|p2a: Tropius|36/100
|-enditem|p2a: Tropius|Sitrus Berry|[eat]
|-heal|p2a: Tropius|61/100|[from] item: Sitrus Berry
|
|upkeep
|turn|3
|
|t:|1760794643
|move|p1a: Landorus|Stealth Rock|p2a: Tropius
|-sidestart|p2: jadhe|move: Stealth Rock
|move|p2a: Tropius|Leech Seed|p1a: Landorus
|-start|p1a: Landorus|move: Leech Seed
|
|-damage|p1a: Landorus|88/100|[from] Leech Seed|[of] p2a: Tropius
|-heal|p2a: Tropius|70/100|[silent]
|-item|p2a: Tropius|Sitrus Berry|[from] ability: Harvest
|upkeep
|turn|4
|
|t:|1760794655
|move|p1a: Landorus|U-turn|p2a: Tropius
|-end|p2a: Tropius|Substitute
|
|t:|1760794670
|switch|p1a: Dragapult|Dragapult, M, shiny|100/100|[from] U-turn
|move|p2a: Tropius|Air Slash|p1a: Dragapult
|-damage|p1a: Dragapult|61/100
|
|upkeep
|turn|5
|
|t:|1760794680
|move|p1a: Dragapult|Dragon Darts|p2a: Tropius
|-damage|p2a: Tropius|48/100
|-enditem|p2a: Tropius|Sitrus Berry|[eat]
|-heal|p2a: Tropius|73/100|[from] item: Sitrus Berry
|-anim|p1a: Dragapult|Dragon Darts|p2a: Tropius
|-damage|p2a: Tropius|50/100
|move|p2a: Tropius|Leech Seed|p1a: Dragapult
|-start|p1a: Dragapult|move: Leech Seed
|
|-damage|p1a: Dragapult|48/100|[from] Leech Seed|[of] p2a: Tropius
|-heal|p2a: Tropius|59/100|[silent]
|-item|p2a: Tropius|Sitrus Berry|[from] ability: Harvest
|upkeep
|turn|6
|
|t:|1760794689
|move|p2a: Tropius|Protect|p2a: Tropius
|-singleturn|p2a: Tropius|Protect
|move|p1a: Dragapult|Dragon Darts|p2a: Tropius
|-activate|p2a: Tropius|move: Protect
|
|-damage|p1a: Dragapult|36/100|[from] Leech Seed|[of] p2a: Tropius
|-heal|p2a: Tropius|69/100|[silent]
|upkeep
|turn|7
|
|t:|1760794698
|move|p1a: Dragapult|Dragon Darts|p2a: Tropius
|-damage|p2a: Tropius|45/100
|-enditem|p2a: Tropius|Sitrus Berry|[eat]
|-heal|p2a: Tropius|70/100|[from] item: Sitrus Berry
|-anim|p1a: Dragapult|Dragon Darts|p2a: Tropius
|-damage|p2a: Tropius|44/100
|move|p2a: Tropius|Air Slash|p1a: Dragapult
|-damage|p1a: Dragapult|0 fnt
|faint|p1a: Dragapult
|
|-item|p2a: Tropius|Sitrus Berry|[from] ability: Harvest
|upkeep
|-enditem|p2a: Tropius|Sitrus Berry|[eat]
|-heal|p2a: Tropius|68/100|[from] item: Sitrus Berry
|
|t:|1760794708
|switch|p1a: Heatran|Heatran, M|100/100
|turn|8
|
|t:|1760794715
|-terastallize|p2a: Tropius|Water
|move|p1a: Heatran|Magma Storm|p2a: Tropius
|-resisted|p2a: Tropius
|-damage|p2a: Tropius|48/100
|-activate|p2a: Tropius|move: Magma Storm|[of] p1a: Heatran
|move|p2a: Tropius|Leech Seed|p1a: Heatran
|-start|p1a: Heatran|move: Leech Seed
|
|-damage|p1a: Heatran|88/100|[from] Leech Seed|[of] p2a: Tropius
|-heal|p2a: Tropius|59/100|[silent]
|-damage|p2a: Tropius|47/100|[from] move: Magma Storm|[partiallytrapped]
|upkeep
|turn|9
|
|t:|1760794724
|move|p1a: Heatran|Taunt|p2a: Tropius
|-start|p2a: Tropius|move: Taunt
|cant|p2a: Tropius|move: Taunt|Substitute
|
|-heal|p1a: Heatran|94/100|[from] item: Leftovers
|-damage|p1a: Heatran|82/100|[from] Leech Seed|[of] p2a: Tropius
|-heal|p2a: Tropius|59/100|[silent]
|-damage|p2a: Tropius|47/100|[from] move: Magma Storm|[partiallytrapped]
|upkeep
|turn|10
|
|t:|1760794731
|move|p1a: Heatran|Earth Power|p2a: Tropius
|-damage|p2a: Tropius|22/100
|move|p2a: Tropius|Air Slash|p1a: Heatran
|-resisted|p1a: Heatran
|-damage|p1a: Heatran|73/100
|
|-heal|p1a: Heatran|80/100|[from] item: Leftovers
|-damage|p1a: Heatran|67/100|[from] Leech Seed|[of] p2a: Tropius
|-heal|p2a: Tropius|34/100|[silent]
|-damage|p2a: Tropius|21/100|[from] move: Magma Storm|[partiallytrapped]
|upkeep
|turn|11
|
|t:|1760794753
|move|p1a: Heatran|Earth Power|p2a: Tropius
|-damage|p2a: Tropius|0 fnt
|faint|p2a: Tropius
|
|-heal|p1a: Heatran|73/100|[from] item: Leftovers
|upkeep
|
|t:|1760794758
|switch|p2a: Gliscor|Gliscor, F|100/100
|-damage|p2a: Gliscor|88/100|[from] Stealth Rock
|turn|12
|
|t:|1760794764
|switch|p1a: Landorus|Landorus-Therian, M|88/100
|-ability|p1a: Landorus|Intimidate|boost
|-unboost|p2a: Gliscor|atk|1
|move|p2a: Gliscor|Earthquake|p1a: Landorus
|-immune|p1a: Landorus
|
|-status|p2a: Gliscor|tox|[from] item: Toxic Orb
|upkeep
|turn|13
|
|t:|1760794773
|move|p1a: Landorus|Stone Edge|p2a: Gliscor
|-damage|p2a: Gliscor|63/100 tox
|move|p2a: Gliscor|Toxic|p1a: Landorus
|-status|p1a: Landorus|tox
|
|-damage|p1a: Landorus|82/100 tox|[from] psn
|-heal|p2a: Gliscor|76/100 tox|[from] ability: Poison Heal
|upkeep
|turn|14
|
|t:|1760794779
|switch|p1a: Dondozo|Dondozo, F|100/100
|move|p2a: Gliscor|Substitute|p2a: Gliscor
|-start|p2a: Gliscor|Substitute
|-damage|p2a: Gliscor|51/100 tox
|
|-heal|p2a: Gliscor|63/100 tox|[from] ability: Poison Heal
|upkeep
|turn|15
|
|t:|1760794786
|move|p2a: Gliscor|Toxic|p1a: Dondozo
|-status|p1a: Dondozo|tox
|move|p1a: Dondozo|Waterfall|p2a: Gliscor
|-supereffective|p2a: Gliscor
|-end|p2a: Gliscor|Substitute
|
|-heal|p2a: Gliscor|76/100 tox|[from] ability: Poison Heal
|-damage|p1a: Dondozo|94/100 tox|[from] psn
|upkeep
|turn|16
|
|t:|1760794794
|move|p2a: Gliscor|Protect|p2a: Gliscor
|-singleturn|p2a: Gliscor|Protect
|move|p1a: Dondozo|Waterfall|p2a: Gliscor
|-activate|p2a: Gliscor|move: Protect
|
|-heal|p1a: Dondozo|100/100 tox|[from] item: Leftovers
|-heal|p2a: Gliscor|88/100 tox|[from] ability: Poison Heal
|-damage|p1a: Dondozo|88/100 tox|[from] psn
|upkeep
|turn|17
|
|t:|1760794807
|move|p2a: Gliscor|Substitute|p2a: Gliscor
|-start|p2a: Gliscor|Substitute
|-damage|p2a: Gliscor|63/100 tox
|move|p1a: Dondozo|Curse|p1a: Dondozo
|-unboost|p1a: Dondozo|spe|1
|-boost|p1a: Dondozo|atk|1
|-boost|p1a: Dondozo|def|1
|
|-heal|p1a: Dondozo|94/100 tox|[from] item: Leftovers
|-heal|p2a: Gliscor|76/100 tox|[from] ability: Poison Heal
|-damage|p1a: Dondozo|76/100 tox|[from] psn
|upkeep
|turn|18
|
|t:|1760794815
|move|p2a: Gliscor|Earthquake|p1a: Dondozo
|-damage|p1a: Dondozo|65/100 tox
|move|p1a: Dondozo|Waterfall|p2a: Gliscor
|-supereffective|p2a: Gliscor
|-end|p2a: Gliscor|Substitute
|
|-heal|p1a: Dondozo|71/100 tox|[from] item: Leftovers
|-heal|p2a: Gliscor|88/100 tox|[from] ability: Poison Heal
|-damage|p1a: Dondozo|47/100 tox|[from] psn
|upkeep
|turn|19
|
|t:|1760794822
|move|p2a: Gliscor|Protect|p2a: Gliscor
|-singleturn|p2a: Gliscor|Protect
|move|p1a: Dondozo|Rest|p1a: Dondozo
|-status|p1a: Dondozo|slp|[from] move: Rest
|-heal|p1a: Dondozo|100/100 slp|[silent]
|
|-heal|p2a: Gliscor|100/100 tox|[from] ability: Poison Heal
|upkeep
|turn|20
|
|t:|1760794839
|move|p2a: Gliscor|Substitute|p2a: Gliscor
|-start|p2a: Gliscor|Substitute
|-damage|p2a: Gliscor|76/100 tox
|cant|p1a: Dondozo|slp
|move|p1a: Dondozo|Sleep Talk|p1a: Dondozo
|move|p1a: Dondozo|Rest||[from] move: Sleep Talk|[still]
|-fail|p1a: Dondozo
|
|-heal|p2a: Gliscor|88/100 tox|[from] ability: Poison Heal
|upkeep
|turn|21
|
|t:|1760794848
|move|p2a: Gliscor|Earthquake|p1a: Dondozo
|-damage|p1a: Dondozo|90/100 slp
|cant|p1a: Dondozo|slp
|move|p1a: Dondozo|Sleep Talk|p1a: Dondozo
|move|p1a: Dondozo|Waterfall|p2a: Gliscor|[from] move: Sleep Talk
|-supereffective|p2a: Gliscor
|-end|p2a: Gliscor|Substitute
|
|-heal|p1a: Dondozo|96/100 slp|[from] item: Leftovers
|-heal|p2a: Gliscor|100/100 tox|[from] ability: Poison Heal
|upkeep
|turn|22
|
|t:|1760794861
|move|p2a: Gliscor|Substitute|p2a: Gliscor
|-start|p2a: Gliscor|Substitute
|-damage|p2a: Gliscor|76/100 tox
|-curestatus|p1a: Dondozo|slp|[msg]
|move|p1a: Dondozo|Curse|p1a: Dondozo
|-unboost|p1a: Dondozo|spe|1
|-boost|p1a: Dondozo|atk|1
|-boost|p1a: Dondozo|def|1
|
|-heal|p1a: Dondozo|100/100|[from] item: Leftovers
|-heal|p2a: Gliscor|88/100 tox|[from] ability: Poison Heal
|upkeep
|turn|23
|
|t:|1760794865
|move|p2a: Gliscor|Toxic|p1a: Dondozo
|-status|p1a: Dondozo|tox
|move|p1a: Dondozo|Waterfall|p2a: Gliscor
|-supereffective|p2a: Gliscor
|-end|p2a: Gliscor|Substitute
|
|-heal|p2a: Gliscor|100/100 tox|[from] ability: Poison Heal
|-damage|p1a: Dondozo|94/100 tox|[from] psn
|upkeep
|turn|24
|
|t:|1760794872
|move|p2a: Gliscor|Protect|p2a: Gliscor
|-singleturn|p2a: Gliscor|Protect
|move|p1a: Dondozo|Curse|p1a: Dondozo
|-unboost|p1a: Dondozo|spe|1
|-boost|p1a: Dondozo|atk|1
|-boost|p1a: Dondozo|def|1
|
|-heal|p1a: Dondozo|100/100 tox|[from] item: Leftovers
|-damage|p1a: Dondozo|88/100 tox|[from] psn
|upkeep
|turn|25
|
|t:|1760794877
|move|p2a: Gliscor|Substitute|p2a: Gliscor
|-start|p2a: Gliscor|Substitute
|-damage|p2a: Gliscor|76/100 tox
|move|p1a: Dondozo|Waterfall|p2a: Gliscor
|-supereffective|p2a: Gliscor
|-end|p2a: Gliscor|Substitute
|
|-heal|p1a: Dondozo|94/100 tox|[from] item: Leftovers
|-heal|p2a: Gliscor|88/100 tox|[from] ability: Poison Heal
|-damage|p1a: Dondozo|76/100 tox|[from] psn
|upkeep
|turn|26
|
|t:|1760794885
|move|p2a: Gliscor|Protect|p2a: Gliscor
|-singleturn|p2a: Gliscor|Protect
|move|p1a: Dondozo|Waterfall|p2a: Gliscor
|-activate|p2a: Gliscor|move: Protect
|
|-heal|p1a: Dondozo|82/100 tox|[from] item: Leftovers
|-heal|p2a: Gliscor|100/100 tox|[from] ability: Poison Heal
|-damage|p1a: Dondozo|57/100 tox|[from] psn
|upkeep
|turn|27
|
|t:|1760794910
|move|p2a: Gliscor|Substitute|p2a: Gliscor
|-start|p2a: Gliscor|Substitute
|-damage|p2a: Gliscor|76/100 tox
|move|p1a: Dondozo|Waterfall|p2a: Gliscor
|-supereffective|p2a: Gliscor
|-end|p2a: Gliscor|Substitute
|
|-heal|p1a: Dondozo|64/100 tox|[from] item: Leftovers
|-heal|p2a: Gliscor|88/100 tox|[from] ability: Poison Heal
|-damage|p1a: Dondozo|33/100 tox|[from] psn
|upkeep
|turn|28
|
|t:|1760794917
|switch|p2a: Indeedee|Indeedee, M|100/100
|-damage|p2a: Indeedee|88/100|[from] Stealth Rock
|-fieldstart|move: Psychic Terrain|[from] ability: Psychic Surge|[of] p2a: Indeedee
|move|p1a: Dondozo|Rest|p1a: Dondozo
|-status|p1a: Dondozo|slp|[from] move: Rest
|-heal|p1a: Dondozo|100/100 slp|[silent]
|
|upkeep
|turn|29
|
|t:|1760794922
|move|p2a: Indeedee|Trick|p1a: Dondozo
|-activate|p2a: Indeedee|move: Trick|[of] p1a: Dondozo
|-item|p1a: Dondozo|Choice Scarf|[from] move: Trick
|-item|p2a: Indeedee|Leftovers|[from] move: Trick
|cant|p1a: Dondozo|slp
|move|p1a: Dondozo|Sleep Talk|p1a: Dondozo
|move|p1a: Dondozo|Waterfall|p2a: Indeedee|[from] move: Sleep Talk
|-damage|p2a: Indeedee|0 fnt
|faint|p2a: Indeedee
|
|upkeep
|
|t:|1760794929
|switch|p2a: Gliscor|Gliscor, F|88/100 tox
|-damage|p2a: Gliscor|76/100 tox|[from] Stealth Rock
|turn|30
|
|t:|1760794935
|move|p2a: Gliscor|Substitute|p2a: Gliscor
|-start|p2a: Gliscor|Substitute
|-damage|p2a: Gliscor|51/100 tox
|cant|p1a: Dondozo|slp
|move|p1a: Dondozo|Sleep Talk|p1a: Dondozo
|move|p1a: Dondozo|Waterfall|p2a: Gliscor|[from] move: Sleep Talk
|-supereffective|p2a: Gliscor
|-end|p2a: Gliscor|Substitute
|
|-heal|p2a: Gliscor|63/100 tox|[from] ability: Poison Heal
|upkeep
|turn|31
|
|t:|1760794940
|switch|p1a: Landorus|Landorus-Therian, M|82/100 tox
|-ability|p1a: Landorus|Intimidate|boost
|-unboost|p2a: Gliscor|atk|1
|move|p2a: Gliscor|Substitute|p2a: Gliscor
|-start|p2a: Gliscor|Substitute
|-damage|p2a: Gliscor|38/100 tox
|
|-damage|p1a: Landorus|76/100 tox|[from] psn
|-heal|p2a: Gliscor|51/100 tox|[from] ability: Poison Heal
|upkeep
|turn|32
|
|t:|1760794948
|move|p2a: Gliscor|Protect|p2a: Gliscor
|-singleturn|p2a: Gliscor|Protect
|move|p1a: Landorus|Stone Edge|p2a: Gliscor
|-activate|p2a: Gliscor|move: Protect
|
|-damage|p1a: Landorus|64/100 tox|[from] psn
|-heal|p2a: Gliscor|63/100 tox|[from] ability: Poison Heal
|-fieldend|move: Psychic Terrain
|upkeep
|turn|33
|
|t:|1760794956
|move|p1a: Landorus|Stone Edge|p2a: Gliscor|[miss]
|-miss|p1a: Landorus|p2a: Gliscor
|move|p2a: Gliscor|Substitute|p2a: Gliscor
|-fail|p2a: Gliscor|move: Substitute
|
|-damage|p1a: Landorus|47/100 tox|[from] psn
|-heal|p2a: Gliscor|76/100 tox|[from] ability: Poison Heal
|upkeep
|turn|34
|
|t:|1760794963
|switch|p1a: Rotom|Rotom-Wash|100/100
|move|p2a: Gliscor|Protect||[still]
|-fail|p2a: Gliscor
|
|-heal|p2a: Gliscor|88/100 tox|[from] ability: Poison Heal
|upkeep
|turn|35
|
|t:|1760794968
|-terastallize|p1a: Rotom|Steel
|move|p2a: Gliscor|Toxic|p1a: Rotom
|-immune|p1a: Rotom
|move|p1a: Rotom|Hydro Pump|p2a: Gliscor
|-supereffective|p2a: Gliscor
|-end|p2a: Gliscor|Substitute
|
|-heal|p2a: Gliscor|100/100 tox|[from] ability: Poison Heal
|upkeep
|turn|36
|
|t:|1760794984
|move|p2a: Gliscor|Protect|p2a: Gliscor
|-singleturn|p2a: Gliscor|Protect
|move|p1a: Rotom|Pain Split|p2a: Gliscor
|-activate|p2a: Gliscor|move: Protect
|
|upkeep
|turn|37
|
|t:|1760794994
|switch|p2a: Cinderace|Cinderace, M|100/100
|-damage|p2a: Cinderace|76/100|[from] Stealth Rock
|move|p1a: Rotom|Volt Switch|p2a: Cinderace
|-damage|p2a: Cinderace|40/100
|
|t:|1760795009
|switch|p1a: Landorus|Landorus-Therian, M|47/100 tox|[from] Volt Switch
|-ability|p1a: Landorus|Intimidate|boost
|-unboost|p2a: Cinderace|atk|1
|
|-damage|p1a: Landorus|41/100 tox|[from] psn
|upkeep
|turn|38
|
|t:|1760795026
|move|p2a: Cinderace|U-turn|p1a: Landorus
|-start|p2a: Cinderace|typechange|Bug|[from] ability: Libero
|-resisted|p1a: Landorus
|-crit|p1a: Landorus
|-damage|p1a: Landorus|0 fnt
|-damage|p2a: Cinderace|24/100|[from] item: Rocky Helmet|[of] p1a: Landorus
|faint|p1a: Landorus
|-damage|p2a: Cinderace|14/100|[from] item: Life Orb
|
|t:|1760795033
|switch|p2a: Iron Treads|Iron Treads|100/100|[from] U-turn
|-damage|p2a: Iron Treads|97/100|[from] Stealth Rock
|-enditem|p2a: Iron Treads|Booster Energy
|-activate|p2a: Iron Treads|ability: Quark Drive|[fromitem]
|-start|p2a: Iron Treads|quarkdrivespe
|
|upkeep
|
|t:|1760795043
|switch|p1a: Meowscarada|Meowscarada, F|91/100
|turn|39
|
|t:|1760795054
|move|p2a: Iron Treads|Ice Spinner|p1a: Meowscarada
|-supereffective|p1a: Meowscarada
|-damage|p1a: Meowscarada|19/100
|move|p1a: Meowscarada|Leaf Storm|p2a: Iron Treads
|-start|p1a: Meowscarada|typechange|Grass|[from] ability: Protean
|-damage|p2a: Iron Treads|36/100
|-unboost|p1a: Meowscarada|spa|2
|-damage|p1a: Meowscarada|9/100|[from] item: Life Orb
|
|upkeep
|turn|40
|
|t:|1760795064
|switch|p1a: Dondozo|Dondozo, F|100/100 slp
|move|p2a: Iron Treads|Rapid Spin|p1a: Dondozo
|-crit|p1a: Dondozo
|-damage|p1a: Dondozo|92/100 slp
|-boost|p2a: Iron Treads|spe|1
|-sideend|p2: jadhe|Stealth Rock|[from] move: Rapid Spin|[of] p2a: Iron Treads
|
|upkeep
|turn|41
|
|t:|1760795073
|-end|p2a: Iron Treads|Quark Drive|[silent]
|switch|p2a: Gliscor|Gliscor, F|100/100 tox
|-curestatus|p1a: Dondozo|slp|[msg]
|move|p1a: Dondozo|Waterfall|p2a: Gliscor
|-supereffective|p2a: Gliscor
|-damage|p2a: Gliscor|67/100 tox
|
|-heal|p2a: Gliscor|79/100 tox|[from] ability: Poison Heal
|upkeep
|turn|42
|
|t:|1760795086
|move|p2a: Gliscor|Toxic|p1a: Dondozo
|-status|p1a: Dondozo|tox
|move|p1a: Dondozo|Waterfall|p2a: Gliscor
|-supereffective|p2a: Gliscor
|-damage|p2a: Gliscor|46/100 tox
|
|-heal|p2a: Gliscor|59/100 tox|[from] ability: Poison Heal
|-damage|p1a: Dondozo|86/100 tox|[from] psn
|upkeep
|turn|43
|
|t:|1760795093
|switch|p1a: Rotom|Rotom-Wash, tera:Steel|100/100
|move|p2a: Gliscor|Substitute|p2a: Gliscor
|-start|p2a: Gliscor|Substitute
|-damage|p2a: Gliscor|34/100 tox
|
|-heal|p2a: Gliscor|46/100 tox|[from] ability: Poison Heal
|upkeep
|turn|44
|
|t:|1760795102
|switch|p2a: Heatran|Heatran, F|100/100
|-item|p2a: Heatran|Air Balloon
|move|p1a: Rotom|Volt Switch|p2a: Heatran
|-damage|p2a: Heatran|78/100
|-enditem|p2a: Heatran|Air Balloon
|
|t:|1760795113
|switch|p1a: Dondozo|Dondozo, F|86/100 tox|[from] Volt Switch
|
|-damage|p1a: Dondozo|80/100 tox|[from] psn
|upkeep
|turn|45
|
|t:|1760795130
|move|p2a: Heatran|Stealth Rock|p1a: Dondozo
|-sidestart|p1: Vikavolt22|move: Stealth Rock
|move|p1a: Dondozo|Waterfall|p2a: Heatran
|-supereffective|p2a: Heatran
|-damage|p2a: Heatran|32/100
|
|-damage|p1a: Dondozo|68/100 tox|[from] psn
|upkeep
|turn|46
|
|t:|1760795137
|move|p2a: Heatran|Earth Power|p1a: Dondozo
|-crit|p1a: Dondozo
|-damage|p1a: Dondozo|22/100 tox
|move|p1a: Dondozo|Waterfall|p2a: Heatran
|-supereffective|p2a: Heatran
|-damage|p2a: Heatran|0 fnt
|faint|p2a: Heatran
|
|-damage|p1a: Dondozo|4/100 tox|[from] psn
|upkeep
|inactive|jadhe has 120 seconds left.
|
|t:|1760795165
|switch|p2a: Gliscor|Gliscor, F|46/100 tox
|turn|47
|
|t:|1760795168
|move|p2a: Gliscor|Substitute|p2a: Gliscor
|-start|p2a: Gliscor|Substitute
|-damage|p2a: Gliscor|21/100 tox
|move|p1a: Dondozo|Waterfall|p2a: Gliscor
|-supereffective|p2a: Gliscor
|-end|p2a: Gliscor|Substitute
|
|-heal|p2a: Gliscor|34/100 tox|[from] ability: Poison Heal
|-damage|p1a: Dondozo|0 fnt|[from] psn
|faint|p1a: Dondozo
|upkeep
|
|t:|1760795182
|switch|p1a: Rotom|Rotom-Wash, tera:Steel|100/100
|-damage|p1a: Rotom|94/100|[from] Stealth Rock
|turn|48
|
|t:|1760795191
|move|p2a: Gliscor|Protect|p2a: Gliscor
|-singleturn|p2a: Gliscor|Protect
|move|p1a: Rotom|Hydro Pump|p2a: Gliscor
|-activate|p2a: Gliscor|move: Protect
|
|-heal|p1a: Rotom|100/100|[from] item: Leftovers
|-heal|p2a: Gliscor|46/100 tox|[from] ability: Poison Heal
|upkeep
|turn|49
|inactive|jadhe has 120 seconds left.
|
|t:|1760795225
|move|p2a: Gliscor|Substitute|p2a: Gliscor
|-start|p2a: Gliscor|Substitute
|-damage|p2a: Gliscor|21/100 tox
|move|p1a: Rotom|Hydro Pump|p2a: Gliscor
|-supereffective|p2a: Gliscor
|-end|p2a: Gliscor|Substitute
|
|-heal|p2a: Gliscor|34/100 tox|[from] ability: Poison Heal
|upkeep
|turn|50
|
|t:|1760795233
|move|p2a: Gliscor|Protect|p2a: Gliscor
|-singleturn|p2a: Gliscor|Protect
|move|p1a: Rotom|Volt Switch|p2a: Gliscor
|-activate|p2a: Gliscor|move: Protect
|
|-heal|p2a: Gliscor|46/100 tox|[from] ability: Poison Heal
|upkeep
|turn|51
|
|t:|1760795238
|move|p2a: Gliscor|Substitute|p2a: Gliscor
|-start|p2a: Gliscor|Substitute
|-damage|p2a: Gliscor|21/100 tox
|move|p1a: Rotom|Hydro Pump|p2a: Gliscor
|-supereffective|p2a: Gliscor
|-end|p2a: Gliscor|Substitute
|
|-heal|p2a: Gliscor|34/100 tox|[from] ability: Poison Heal
|upkeep
|turn|52
|
|t:|1760795248
|move|p2a: Gliscor|Substitute|p2a: Gliscor
|-start|p2a: Gliscor|Substitute
|-damage|p2a: Gliscor|9/100 tox
|move|p1a: Rotom|Volt Switch|p2a: Gliscor
|-immune|p2a: Gliscor
|
|-heal|p2a: Gliscor|21/100 tox|[from] ability: Poison Heal
|upkeep
|turn|53
|
|t:|1760795253
|move|p2a: Gliscor|Protect|p2a: Gliscor
|-singleturn|p2a: Gliscor|Protect
|move|p1a: Rotom|Volt Switch|p2a: Gliscor
|-activate|p2a: Gliscor|move: Protect
|
|-heal|p2a: Gliscor|34/100 tox|[from] ability: Poison Heal
|upkeep
|turn|54
|
|t:|1760795268
|move|p2a: Gliscor|Substitute|p2a: Gliscor
|-fail|p2a: Gliscor|move: Substitute
|move|p1a: Rotom|Hydro Pump|p2a: Gliscor
|-supereffective|p2a: Gliscor
|-end|p2a: Gliscor|Substitute
|
|-heal|p2a: Gliscor|46/100 tox|[from] ability: Poison Heal
|upkeep
|turn|55
|
|t:|1760795278
|switch|p2a: Iron Treads|Iron Treads|36/100
|move|p1a: Rotom|Volt Switch|p2a: Iron Treads
|-immune|p2a: Iron Treads
|
|upkeep
|turn|56
|
|t:|1760795287
|move|p2a: Iron Treads|Knock Off|p1a: Rotom
|-damage|p1a: Rotom|82/100
|-enditem|p1a: Rotom|Leftovers|[from] move: Knock Off|[of] p2a: Iron Treads
|move|p1a: Rotom|Will-O-Wisp|p2a: Iron Treads
|-status|p2a: Iron Treads|brn
|
|-damage|p2a: Iron Treads|30/100 brn|[from] brn
|upkeep
|turn|57
|
|t:|1760795308
|switch|p1a: Meowscarada|Meowscarada, F|9/100
|-damage|p1a: Meowscarada|0 fnt|[from] Stealth Rock
|faint|p1a: Meowscarada
|move|p2a: Iron Treads|Ice Spinner|p1: Meowscarada|[notarget]
|-fail|p2a: Iron Treads
|
|-damage|p2a: Iron Treads|24/100 brn|[from] brn
|upkeep
|
|t:|1760795315
|switch|p1a: Heatran|Heatran, M|73/100
|-damage|p1a: Heatran|61/100|[from] Stealth Rock
|turn|58
|
|t:|1760795336
|move|p2a: Iron Treads|Earthquake|p1a: Heatran
|-supereffective|p1a: Heatran
|-damage|p1a: Heatran|3/100
|move|p1a: Heatran|Earth Power|p2a: Iron Treads
|-supereffective|p2a: Iron Treads
|-damage|p2a: Iron Treads|0 fnt
|faint|p2a: Iron Treads
|-end|p2a: Iron Treads|Quark Drive|[silent]
|
|-heal|p1a: Heatran|9/100|[from] item: Leftovers
|upkeep
|
|t:|1760795348
|switch|p2a: Gliscor|Gliscor, F|46/100 tox
|turn|59
|
|t:|1760795352
|move|p2a: Gliscor|Earthquake|p1a: Heatran
|-supereffective|p1a: Heatran
|-damage|p1a: Heatran|0 fnt
|faint|p1a: Heatran
|
|-heal|p2a: Gliscor|59/100 tox|[from] ability: Poison Heal
|upkeep
|
|t:|1760795355
|switch|p1a: Rotom|Rotom-Wash, tera:Steel|82/100
|-damage|p1a: Rotom|76/100|[from] Stealth Rock
|turn|60
|
|t:|1760795366
|move|p2a: Gliscor|Protect|p2a: Gliscor
|-singleturn|p2a: Gliscor|Protect
|move|p1a: Rotom|Volt Switch|p2a: Gliscor
|-activate|p2a: Gliscor|move: Protect
|
|-heal|p2a: Gliscor|71/100 tox|[from] ability: Poison Heal
|upkeep
|turn|61
|
|t:|1760795378
|move|p2a: Gliscor|Toxic|p1a: Rotom
|-immune|p1a: Rotom
|move|p1a: Rotom|Hydro Pump|p2a: Gliscor|[miss]
|-miss|p1a: Rotom|p2a: Gliscor
|
|-heal|p2a: Gliscor|84/100 tox|[from] ability: Poison Heal
|upkeep
|turn|62
|
|t:|1760795384
|move|p2a: Gliscor|Toxic|p1a: Rotom
|-immune|p1a: Rotom
|move|p1a: Rotom|Volt Switch|p2a: Gliscor
|-immune|p2a: Gliscor
|
|-heal|p2a: Gliscor|96/100 tox|[from] ability: Poison Heal
|upkeep
|turn|63
|
|t:|1760795396
|move|p2a: Gliscor|Earthquake|p1a: Rotom
|-immune|p1a: Rotom|[from] ability: Levitate
|move|p1a: Rotom|Pain Split|p2a: Gliscor
|-sethp|p2a: Gliscor|80/100 tox|[from] move: Pain Split|[silent]
|-sethp|p1a: Rotom|94/100|[from] move: Pain Split
|
|-heal|p2a: Gliscor|93/100 tox|[from] ability: Poison Heal
|upkeep
|turn|64
|
|t:|1760795406
|move|p2a: Gliscor|Earthquake|p1a: Rotom
|-immune|p1a: Rotom|[from] ability: Levitate
|move|p1a: Rotom|Hydro Pump|p2a: Gliscor
|-supereffective|p2a: Gliscor
|-damage|p2a: Gliscor|0 fnt
|faint|p2a: Gliscor
|
|upkeep
|
|t:|1760795412
|switch|p2a: Cinderace|Cinderace, M|14/100
|turn|65
|
|t:|1760795417
|move|p2a: Cinderace|Pyro Ball|p1a: Rotom
|-supereffective|p1a: Rotom
|-damage|p1a: Rotom|0 fnt
|faint|p1a: Rotom
|-damage|p2a: Cinderace|4/100|[from] item: Life Orb
|
|win|jadhe
|raw|Vikavolt22's rating: 1179 &rarr; <strong>1153</strong><br />(-26 for losing)
|raw|jadhe's rating: 1168 &rarr; <strong>1194</strong><br />(+26 for winning)
|l|☆jadhe
|player|p2|
|l|☆Vikavolt22
|player|p1|
