|j|☆alexis77350
|j|☆erjietangxiluo
|t:|1760875762
|gametype|singles
|player|p1|alexis77350|265|1252
|player|p2|erjietangxiluo|viola-masters|1232
|gen|9
|tier|[Gen 9] OU
|rated|
|rule|HP Percentage Mod: HP is shown in percentages
|rule|Endless Battle Clause: Forcing endless battles is banned
|rule|Species Clause: Limit one of each Pokémon
|rule|OHKO Clause: OHKO moves are banned
|rule|Evasion Items Clause: Evasion items are banned
|rule|Evasion Moves Clause: Evasion moves are banned
|rule|Evasion Abilities Clause: Evasion abilities are banned
|rule|Sleep Moves Clause: Sleep-inducing moves are banned
|clearpoke
|poke|p1|Dragapult, M|
|poke|p1|Great Tusk|
|poke|p1|Kingambit, M|
|poke|p1|Alomomola, F|
|poke|p1|Slowking-Galar, M|
|poke|p1|Blaziken, M|
|poke|p2|Dragapult, F|
|poke|p2|Frosmoth, F|
|poke|p2|Ninetales-Alola, M|
|poke|p2|Dragonite, F|
|poke|p2|Alcremie, F|
|poke|p2|Hatterene, F|
|teampreview
|inactive|Battle timer is ON: inactive players will automatically lose when time's up. (requested by erjietangxiluo)
|
|t:|1760875775
|teamsize|p1|6
|teamsize|p2|6
|start
|switch|p1a: Blaziken|Blaziken, M|100/100
|switch|p2a: Ninetales|Ninetales-Alola, M|100/100
|-weather|Snowscape|[from] ability: Snow Warning|[of] p2a: Ninetales
|turn|1
|
|t:|1760875791
|move|p2a: Ninetales|Aurora Veil|p2a: Ninetales
|-sidestart|p2: erjietangxiluo|move: Aurora Veil
|move|p1a: Blaziken|Flare Blitz|p2a: Ninetales
|-supereffective|p2a: Ninetales
|-damage|p2a: Ninetales|30/100
|-damage|p1a: Blaziken|74/100|[from] Recoil
|-damage|p1a: Blaziken|64/100|[from] item: Life Orb
|
|-weather|Snowscape|[upkeep]
|-ability|p1a: Blaziken|Speed Boost|boost
|-boost|p1a: Blaziken|spe|1
|upkeep
|turn|2
|
|t:|1760875802
|switch|p2a: Hatterene|Hatterene, F|100/100
|move|p1a: Blaziken|Swords Dance|p1a: Blaziken
|-boost|p1a: Blaziken|atk|2
|
|-weather|Snowscape|[upkeep]
|-ability|p1a: Blaziken|Speed Boost|boost
|-boost|p1a: Blaziken|spe|1
|upkeep
|turn|3
|
|t:|1760875808
|move|p1a: Blaziken|Flare Blitz|p2a: Hatterene
|-damage|p2a: Hatterene|0 fnt
|faint|p2a: Hatterene
|-damage|p1a: Blaziken|36/100|[from] Recoil
|-damage|p1a: Blaziken|26/100|[from] item: Life Orb
|
|-weather|Snowscape|[upkeep]
|-ability|p1a: Blaziken|Speed Boost|boost
|-boost|p1a: Blaziken|spe|1
|upkeep
|
|t:|1760875818
|switch|p2a: Dragapult|Dragapult, F|100/100
|turn|4
|
|t:|1760875822
|move|p1a: Blaziken|Flare Blitz|p2a: Dragapult
|-resisted|p2a: Dragapult
|-damage|p2a: Dragapult|43/100
|-damage|p1a: Blaziken|2/100|[from] Recoil
|-damage|p1a: Blaziken|0 fnt|[from] item: Life Orb
|faint|p1a: Blaziken
|move|p2a: Dragapult|Dragon Darts|p1: Blaziken|[notarget]
|-fail|p2a: Dragapult
|
|-weather|Snowscape|[upkeep]
|-heal|p2a: Dragapult|49/100|[from] item: Leftovers
|upkeep
|
|t:|1760875841
|switch|p1a: Great Tusk|Great Tusk|100/100
|-enditem|p1a: Great Tusk|Booster Energy
|-activate|p1a: Great Tusk|ability: Protosynthesis|[fromitem]
|-start|p1a: Great Tusk|protosynthesisatk
|turn|5
|
|t:|1760875851
|move|p2a: Dragapult|Dragon Darts|p1a: Great Tusk
|-damage|p1a: Great Tusk|81/100
|-anim|p2a: Dragapult|Dragon Darts|p1a: Great Tusk
|-damage|p1a: Great Tusk|61/100
|move|p1a: Great Tusk|Stealth Rock|p2a: Dragapult
|-sidestart|p2: erjietangxiluo|move: Stealth Rock
|
|-weather|none
|-heal|p2a: Dragapult|55/100|[from] item: Leftovers
|upkeep
|turn|6
|
|t:|1760875857
|move|p2a: Dragapult|Dragon Dance|p2a: Dragapult
|-boost|p2a: Dragapult|atk|1
|-boost|p2a: Dragapult|spe|1
|move|p1a: Great Tusk|Ice Spinner|p2a: Dragapult
|-supereffective|p2a: Dragapult
|-damage|p2a: Dragapult|8/100
|
|-heal|p2a: Dragapult|14/100|[from] item: Leftovers
|upkeep
|turn|7
|
|t:|1760875861
|move|p2a: Dragapult|Dragon Darts|p1a: Great Tusk
|-damage|p1a: Great Tusk|29/100
|-anim|p2a: Dragapult|Dragon Darts|p1a: Great Tusk
|-damage|p1a: Great Tusk|1/100
|move|p1a: Great Tusk|Ice Spinner|p2a: Dragapult
|-supereffective|p2a: Dragapult
|-damage|p2a: Dragapult|0 fnt
|faint|p2a: Dragapult
|
|upkeep
|
|t:|1760875867
|switch|p2a: Alcremie|Alcremie, F|100/100
|-damage|p2a: Alcremie|88/100|[from] Stealth Rock
|turn|8
|
|t:|1760875872
|move|p1a: Great Tusk|Headlong Rush|p2a: Alcremie
|-damage|p2a: Alcremie|50/100
|-unboost|p1a: Great Tusk|def|1
|-unboost|p1a: Great Tusk|spd|1
|move|p2a: Alcremie|Acid Armor|p2a: Alcremie
|-boost|p2a: Alcremie|def|2
|
|-heal|p2a: Alcremie|56/100|[from] item: Leftovers
|-sideend|p2: erjietangxiluo|move: Aurora Veil
|upkeep
|turn|9
|
|t:|1760875883
|move|p1a: Great Tusk|Headlong Rush|p2a: Alcremie
|-damage|p2a: Alcremie|22/100
|-unboost|p1a: Great Tusk|def|1
|-unboost|p1a: Great Tusk|spd|1
|move|p2a: Alcremie|Recover|p2a: Alcremie
|-heal|p2a: Alcremie|72/100
|
|-heal|p2a: Alcremie|78/100|[from] item: Leftovers
|upkeep
|turn|10
|
|t:|1760875890
|-end|p1a: Great Tusk|Protosynthesis|[silent]
|switch|p1a: Kingambit|Kingambit, M|100/100
|-activate|p1a: Kingambit|ability: Supreme Overlord
|-start|p1a: Kingambit|fallen1|[silent]
|move|p2a: Alcremie|Acid Armor|p2a: Alcremie
|-boost|p2a: Alcremie|def|2
|
|-heal|p2a: Alcremie|84/100|[from] item: Leftovers
|upkeep
|turn|11
|
|t:|1760875893
|move|p2a: Alcremie|Acid Armor|p2a: Alcremie
|-boost|p2a: Alcremie|def|2
|move|p1a: Kingambit|Swords Dance|p1a: Kingambit
|-boost|p1a: Kingambit|atk|2
|
|-heal|p2a: Alcremie|90/100|[from] item: Leftovers
|upkeep
|turn|12
|
|t:|1760875899
|move|p2a: Alcremie|Alluring Voice|p1a: Kingambit
|-damage|p1a: Kingambit|72/100
|move|p1a: Kingambit|Swords Dance|p1a: Kingambit
|-boost|p1a: Kingambit|atk|2
|
|-heal|p2a: Alcremie|96/100|[from] item: Leftovers
|-heal|p1a: Kingambit|78/100|[from] item: Leftovers
|upkeep
|turn|13
|
|t:|1760875903
|move|p2a: Alcremie|Calm Mind|p2a: Alcremie
|-boost|p2a: Alcremie|spa|1
|-boost|p2a: Alcremie|spd|1
|move|p1a: Kingambit|Swords Dance|p1a: Kingambit
|-boost|p1a: Kingambit|atk|2
|
|-heal|p2a: Alcremie|100/100|[from] item: Leftovers
|-heal|p1a: Kingambit|84/100|[from] item: Leftovers
|upkeep
|turn|14
|
|t:|1760875905
|move|p2a: Alcremie|Alluring Voice|p1a: Kingambit
|-damage|p1a: Kingambit|43/100
|move|p1a: Kingambit|Iron Head|p2a: Alcremie
|-supereffective|p2a: Alcremie
|-damage|p2a: Alcremie|15/100
|
|-heal|p2a: Alcremie|21/100|[from] item: Leftovers
|-heal|p1a: Kingambit|49/100|[from] item: Leftovers
|upkeep
|turn|15
|
|t:|1760875911
|-terastallize|p2a: Alcremie|Poison
|move|p2a: Alcremie|Recover|p2a: Alcremie
|-heal|p2a: Alcremie|71/100
|move|p1a: Kingambit|Iron Head|p2a: Alcremie
|-damage|p2a: Alcremie|26/100
|
|-heal|p2a: Alcremie|32/100|[from] item: Leftovers
|-heal|p1a: Kingambit|55/100|[from] item: Leftovers
|upkeep
|turn|16
|
|t:|1760875917
|move|p2a: Alcremie|Recover|p2a: Alcremie
|-heal|p2a: Alcremie|82/100
|move|p1a: Kingambit|Iron Head|p2a: Alcremie
|-damage|p2a: Alcremie|38/100
|
|-heal|p2a: Alcremie|44/100|[from] item: Leftovers
|-heal|p1a: Kingambit|61/100|[from] item: Leftovers
|upkeep
|turn|17
|
|t:|1760875923
|move|p2a: Alcremie|Alluring Voice|p1a: Kingambit
|-damage|p1a: Kingambit|20/100
|move|p1a: Kingambit|Kowtow Cleave|p2a: Alcremie
|-damage|p2a: Alcremie|0 fnt
|faint|p2a: Alcremie
|
|-heal|p1a: Kingambit|27/100|[from] item: Leftovers
|upkeep
|
|t:|1760875935
|switch|p2a: Ninetales|Ninetales-Alola, M|30/100
|-damage|p2a: Ninetales|5/100|[from] Stealth Rock
|-weather|Snowscape|[from] ability: Snow Warning|[of] p2a: Ninetales
|turn|18
|
|t:|1760875939
|move|p2a: Ninetales|Aurora Veil|p2a: Ninetales
|-sidestart|p2: erjietangxiluo|move: Aurora Veil
|move|p1a: Kingambit|Iron Head|p2a: Ninetales
|-supereffective|p2a: Ninetales
|-damage|p2a: Ninetales|0 fnt
|faint|p2a: Ninetales
|
|-weather|Snowscape|[upkeep]
|-heal|p1a: Kingambit|33/100|[from] item: Leftovers
|upkeep
|
|t:|1760875942
|switch|p2a: Dragonite|Dragonite, F, shiny|100/100
|turn|19
|
|t:|1760875945
|move|p2a: Dragonite|Earthquake|p1a: Kingambit
|-supereffective|p1a: Kingambit
|-damage|p1a: Kingambit|0 fnt
|faint|p1a: Kingambit
|-end|p1a: Kingambit|fallen1|[silent]
|
|-weather|Snowscape|[upkeep]
|upkeep
|
|t:|1760875960
|switch|p1a: Dragapult|Dragapult, M|100/100
|turn|20
|
|t:|1760875970
|switch|p2a: Frosmoth|Frosmoth, F|100/100
|move|p1a: Dragapult|Draco Meteor|p2a: Frosmoth
|-damage|p2a: Frosmoth|36/100
|-unboost|p1a: Dragapult|spa|2
|
|-weather|Snowscape|[upkeep]
|upkeep
|turn|21
|
|t:|1760875981
|move|p1a: Dragapult|Draco Meteor|p2a: Frosmoth|[miss]
|-miss|p1a: Dragapult|p2a: Frosmoth
|move|p2a: Frosmoth|Quiver Dance|p2a: Frosmoth
|-boost|p2a: Frosmoth|spa|1
|-boost|p2a: Frosmoth|spd|1
|-boost|p2a: Frosmoth|spe|1
|
|-weather|Snowscape|[upkeep]
|upkeep
|turn|22
|
|t:|1760875991
|switch|p1a: Slowking|Slowking-Galar, M|100/100
|move|p2a: Frosmoth|Substitute|p2a: Frosmoth
|-start|p2a: Frosmoth|Substitute
|-damage|p2a: Frosmoth|11/100
|
|-weather|none
|upkeep
|turn|23
|
|t:|1760876001
|move|p2a: Frosmoth|Quiver Dance|p2a: Frosmoth
|-boost|p2a: Frosmoth|spa|1
|-boost|p2a: Frosmoth|spd|1
|-boost|p2a: Frosmoth|spe|1
|move|p1a: Slowking|Sludge Bomb|p2a: Frosmoth
|-activate|p2a: Frosmoth|move: Substitute|[damage]
|
|upkeep
|turn|24
|
|t:|1760876013
|move|p2a: Frosmoth|Quiver Dance|p2a: Frosmoth
|-boost|p2a: Frosmoth|spa|1
|-boost|p2a: Frosmoth|spd|1
|-boost|p2a: Frosmoth|spe|1
|move|p1a: Slowking|Sludge Bomb|p2a: Frosmoth
|-activate|p2a: Frosmoth|move: Substitute|[damage]
|
|upkeep
|turn|25
|
|t:|1760876017
|move|p2a: Frosmoth|Quiver Dance|p2a: Frosmoth
|-boost|p2a: Frosmoth|spa|1
|-boost|p2a: Frosmoth|spd|1
|-boost|p2a: Frosmoth|spe|1
|move|p1a: Slowking|Sludge Bomb|p2a: Frosmoth
|-activate|p2a: Frosmoth|move: Substitute|[damage]
|
|-sideend|p2: erjietangxiluo|move: Aurora Veil
|upkeep
|turn|26
|
|t:|1760876024
|move|p2a: Frosmoth|Ice Beam|p1a: Slowking
|-damage|p1a: Slowking|8/100
|move|p1a: Slowking|Sludge Bomb|p2a: Frosmoth
|-activate|p2a: Frosmoth|move: Substitute|[damage]
|
|upkeep
|turn|27
|
|t:|1760876029
|move|p2a: Frosmoth|Ice Beam|p1a: Slowking
|-damage|p1a: Slowking|0 fnt
|faint|p1a: Slowking
|
|upkeep
|
|t:|1760876031
|switch|p1a: Alomomola|Alomomola, F|100/100
|turn|28
|
|t:|1760876036
|move|p2a: Frosmoth|Tera Blast|p1a: Alomomola
|-damage|p1a: Alomomola|0 fnt
|faint|p1a: Alomomola
|
|upkeep
|-message|alexis77350 forfeited.
|
|win|erjietangxiluo
|raw|alexis77350's rating: 1252 &rarr; <strong>1227</strong><br />(-25 for losing)
|raw|erjietangxiluo's rating: 1254 &rarr; <strong>1279</strong><br />(+25 for winning)
|l|☆alexis77350
|player|p1|
|l|☆erjietangxiluo
|player|p2|
