|j|☆hbwb
|j|☆Mackoy507
|t:|1760813102
|gametype|singles
|player|p1|hbwb|170|1262
|player|p2|Mackoy507|nate|1285
|gen|9
|tier|[Gen 9] OU
|rated|
|rule|HP Percentage Mod: HP is shown in percentages
|rule|Endless Battle Clause: Forcing endless battles is banned
|rule|Species Clause: Limit one of each Pokémon
|rule|OHKO Clause: OHKO moves are banned
|rule|Evasion Items Clause: Evasion items are banned
|rule|Evasion Moves Clause: Evasion moves are banned
|rule|Evasion Abilities Clause: Evasion abilities are banned
|rule|Sleep Moves Clause: Sleep-inducing moves are banned
|clearpoke
|poke|p1|Pelipper, M|
|poke|p1|Basculegion, M|
|poke|p1|Raging Bolt|
|poke|p1|Gholdengo|
|poke|p1|Kyurem|
|poke|p1|Slowking-Galar, F|
|poke|p2|Alomomola, M|
|poke|p2|Great Tusk|
|poke|p2|Dondozo, F|
|poke|p2|Blissey, F|
|poke|p2|Heatran, M|
|poke|p2|Ogerpon-Wellspring, F|
|teampreview
|inactive|Battle timer is ON: inactive players will automatically lose when time's up. (requested by hbwb)
|
|t:|1760813131
|teamsize|p1|6
|teamsize|p2|6
|start
|switch|p1a: Kyurem|Kyurem|100/100
|switch|p2a: Ogerpon|Ogerpon-Wellspring, F|100/100
|-ability|p1a: Kyurem|Pressure
|turn|1
|
|t:|1760813144
|move|p2a: Ogerpon|Swords Dance|p2a: Ogerpon
|-boost|p2a: Ogerpon|atk|2
|move|p1a: Kyurem|Freeze-Dry|p2a: Ogerpon
|-supereffective|p2a: Ogerpon
|-damage|p2a: Ogerpon|0 fnt
|faint|p2a: Ogerpon
|
|upkeep
|
|t:|1760813168
|switch|p2a: Heatran|Heatran, M|100/100
|turn|2
|
|t:|1760813185
|switch|p1a: Pelipper|Pelipper, M|100/100
|-weather|RainDance|[from] ability: Drizzle|[of] p1a: Pelipper
|-terastallize|p2a: Heatran|Grass
|move|p2a: Heatran|Flash Cannon|p1a: Pelipper
|-resisted|p1a: Pelipper
|-damage|p1a: Pelipper|69/100
|
|-weather|RainDance|[upkeep]
|upkeep
|turn|3
|
|t:|1760813196
|move|p2a: Heatran|Flash Cannon|p1a: Pelipper
|-resisted|p1a: Pelipper
|-damage|p1a: Pelipper|34/100
|move|p1a: Pelipper|Hurricane|p2a: Heatran
|-supereffective|p2a: Heatran
|-damage|p2a: Heatran|24/100
|-start|p2a: Heatran|confusion
|
|-weather|RainDance|[upkeep]
|-heal|p2a: Heatran|30/100|[from] item: Leftovers
|upkeep
|turn|4
|
|t:|1760813209
|switch|p2a: Blissey|Blissey, F|100/100
|move|p1a: Pelipper|Hurricane|p2a: Blissey
|-damage|p2a: Blissey|87/100
|
|-weather|RainDance|[upkeep]
|-heal|p2a: Blissey|93/100|[from] item: Leftovers
|upkeep
|turn|5
|
|t:|1760813218
|move|p1a: Pelipper|U-turn|p2a: Blissey
|-damage|p2a: Blissey|85/100
|
|t:|1760813225
|switch|p1a: Basculegion|Basculegion, M|100/100|[from] U-turn
|move|p2a: Blissey|Thunder Wave|p1a: Basculegion
|-status|p1a: Basculegion|par
|
|-weather|RainDance|[upkeep]
|-heal|p2a: Blissey|91/100|[from] item: Leftovers
|upkeep
|turn|6
|
|t:|1760813242
|switch|p2a: Alomomola|Alomomola, M|100/100
|-terastallize|p1a: Basculegion|Water
|move|p1a: Basculegion|Wave Crash|p2a: Alomomola
|-resisted|p2a: Alomomola
|-damage|p2a: Alomomola|48/100
|-damage|p1a: Basculegion|84/100 par|[from] item: Rocky Helmet|[of] p2a: Alomomola
|-damage|p1a: Basculegion|60/100 par|[from] Recoil
|
|-weather|RainDance|[upkeep]
|upkeep
|turn|7
|
|t:|1760813258
|move|p2a: Alomomola|Protect|p2a: Alomomola
|-singleturn|p2a: Alomomola|Protect
|move|p1a: Basculegion|Wave Crash|p2a: Alomomola
|-activate|p2a: Alomomola|move: Protect
|
|-weather|RainDance|[upkeep]
|upkeep
|turn|8
|
|t:|1760813266
|cant|p1a: Basculegion|par
|move|p2a: Alomomola|Wish|p2a: Alomomola
|
|-weather|RainDance|[upkeep]
|upkeep
|turn|9
|
|t:|1760813271
|move|p2a: Alomomola|Protect|p2a: Alomomola
|-singleturn|p2a: Alomomola|Protect
|move|p1a: Basculegion|Wave Crash|p2a: Alomomola
|-activate|p2a: Alomomola|move: Protect
|
|-weather|none
|-heal|p2a: Alomomola|98/100|[from] move: Wish|[wisher] Alomomola
|upkeep
|turn|10
|
|t:|1760813282
|move|p2a: Alomomola|Wish|p2a: Alomomola
|cant|p1a: Basculegion|par
|
|upkeep
|turn|11
|
|t:|1760813288
|switch|p1a: Kyurem|Kyurem|100/100
|-ability|p1a: Kyurem|Pressure
|move|p2a: Alomomola|Flip Turn|p1a: Kyurem
|-resisted|p1a: Kyurem
|-damage|p1a: Kyurem|94/100
|
|t:|1760813295
|switch|p2a: Heatran|Heatran, M, tera:Grass|30/100|[from] Flip Turn
|
|-heal|p2a: Heatran|100/100|[from] move: Wish|[wisher] Alomomola
|upkeep
|turn|12
|
|t:|1760813303
|switch|p1a: Pelipper|Pelipper, M|34/100
|-weather|RainDance|[from] ability: Drizzle|[of] p1a: Pelipper
|move|p2a: Heatran|Flash Cannon|p1a: Pelipper
|-resisted|p1a: Pelipper
|-damage|p1a: Pelipper|4/100
|-unboost|p1a: Pelipper|spd|1
|
|-weather|RainDance|[upkeep]
|upkeep
|turn|13
|
|t:|1760813315
|switch|p1a: Basculegion|Basculegion, M, tera:Water|60/100 par
|move|p2a: Heatran|Flash Cannon|p1a: Basculegion
|-resisted|p1a: Basculegion
|-damage|p1a: Basculegion|33/100 par
|
|-weather|RainDance|[upkeep]
|upkeep
|turn|14
|
|t:|1760813324
|move|p1a: Basculegion|Wave Crash|p2a: Heatran
|-resisted|p2a: Heatran
|-damage|p2a: Heatran|9/100
|-damage|p1a: Basculegion|7/100 par|[from] Recoil
|move|p2a: Heatran|Earth Power|p1a: Basculegion
|-damage|p1a: Basculegion|0 fnt
|faint|p1a: Basculegion
|
|-weather|RainDance|[upkeep]
|-heal|p2a: Heatran|15/100|[from] item: Leftovers
|upkeep
|
|t:|1760813334
|switch|p1a: Slowking|Slowking-Galar, F|100/100
|turn|15
|
|t:|1760813346
|switch|p2a: Blissey|Blissey, F|91/100
|move|p1a: Slowking|Sludge Bomb|p2a: Blissey
|-crit|p2a: Blissey
|-damage|p2a: Blissey|74/100
|-status|p2a: Blissey|psn
|
|-weather|RainDance|[upkeep]
|-heal|p2a: Blissey|80/100 psn|[from] item: Leftovers
|-damage|p2a: Blissey|67/100 psn|[from] psn
|upkeep
|turn|16
|
|t:|1760813358
|move|p2a: Blissey|Heal Bell|p2a: Blissey
|-activate|p2a: Blissey|move: Heal Bell
|-curestatus|p2a: Blissey|psn|[msg]
|move|p1a: Slowking|Future Sight|p2a: Blissey
|-start|p1a: Slowking|move: Future Sight
|
|-weather|RainDance|[upkeep]
|-heal|p2a: Blissey|73/100|[from] item: Leftovers
|upkeep
|turn|17
|
|t:|1760813367
|move|p2a: Blissey|Thunder Wave|p1a: Slowking
|-status|p1a: Slowking|par
|cant|p1a: Slowking|par
|
|-weather|RainDance|[upkeep]
|-heal|p2a: Blissey|80/100|[from] item: Leftovers
|upkeep
|turn|18
|
|t:|1760813384
|move|p2a: Blissey|Seismic Toss|p1a: Slowking
|-damage|p1a: Slowking|75/100 par
|move|p1a: Slowking|Toxic|p2a: Blissey
|-status|p2a: Blissey|tox
|
|-weather|RainDance|[upkeep]
|-end|p2a: Blissey|move: Future Sight
|-damage|p2a: Blissey|66/100 tox
|-heal|p2a: Blissey|72/100 tox|[from] item: Leftovers
|-damage|p2a: Blissey|66/100 tox|[from] psn
|upkeep
|turn|19
|
|t:|1760813402
|move|p2a: Blissey|Heal Bell|p2a: Blissey
|-activate|p2a: Blissey|move: Heal Bell
|-curestatus|p2a: Blissey|tox|[msg]
|-prepare|p1a: Slowking|Chilly Reception|[premajor]
|move|p1a: Slowking|Chilly Reception|p1a: Slowking
|-weather|Snowscape
|
|t:|1760813418
|switch|p1a: Raging Bolt|Raging Bolt|100/100|[from] Chilly Reception
|
|-weather|Snowscape|[upkeep]
|-heal|p2a: Blissey|72/100|[from] item: Leftovers
|upkeep
|turn|20
|inactive|hbwb has 120 seconds left.
|
|t:|1760813433
|move|p1a: Raging Bolt|Draco Meteor|p2a: Blissey
|-damage|p2a: Blissey|32/100
|-unboost|p1a: Raging Bolt|spa|2
|move|p2a: Blissey|Soft-Boiled|p2a: Blissey
|-heal|p2a: Blissey|82/100
|
|-weather|Snowscape|[upkeep]
|-heal|p2a: Blissey|88/100|[from] item: Leftovers
|upkeep
|turn|21
|inactive|hbwb has 120 seconds left.
|
|t:|1760813456
|-end|p1a: Raging Bolt|Protosynthesis|[silent]
|switch|p1a: Kyurem|Kyurem|94/100
|-ability|p1a: Kyurem|Pressure
|move|p2a: Blissey|Seismic Toss|p1a: Kyurem
|-damage|p1a: Kyurem|68/100
|
|-weather|Snowscape|[upkeep]
|-heal|p2a: Blissey|95/100|[from] item: Leftovers
|upkeep
|turn|22
|inactive|hbwb has 120 seconds left.
|
|t:|1760813480
|move|p1a: Kyurem|Ice Beam|p2a: Blissey
|-damage|p2a: Blissey|70/100
|move|p2a: Blissey|Thunder Wave|p1a: Kyurem
|-status|p1a: Kyurem|par
|
|-weather|Snowscape|[upkeep]
|-heal|p2a: Blissey|76/100|[from] item: Leftovers
|upkeep
|turn|23
|
|t:|1760813505
|move|p1a: Kyurem|Ice Beam|p2a: Blissey
|-damage|p2a: Blissey|51/100
|move|p2a: Blissey|Seismic Toss|p1a: Kyurem
|-damage|p1a: Kyurem|43/100 par
|
|-weather|none
|-heal|p2a: Blissey|57/100|[from] item: Leftovers
|upkeep
|turn|24
|
|t:|1760813515
|move|p1a: Kyurem|Ice Beam|p2a: Blissey
|-damage|p2a: Blissey|34/100
|move|p2a: Blissey|Seismic Toss|p1a: Kyurem
|-damage|p1a: Kyurem|17/100 par
|
|-heal|p2a: Blissey|40/100|[from] item: Leftovers
|upkeep
|turn|25
|inactive|hbwb has 120 seconds left.
|
|t:|1760813523
|move|p1a: Kyurem|Ice Beam|p2a: Blissey
|-damage|p2a: Blissey|15/100
|move|p2a: Blissey|Soft-Boiled|p2a: Blissey
|-heal|p2a: Blissey|65/100
|
|-heal|p2a: Blissey|72/100|[from] item: Leftovers
|upkeep
|turn|26
|
|t:|1760813536
|move|p1a: Kyurem|Ice Beam|p2a: Blissey
|-damage|p2a: Blissey|49/100
|move|p2a: Blissey|Seismic Toss|p1a: Kyurem
|-damage|p1a: Kyurem|0 fnt
|faint|p1a: Kyurem
|
|-heal|p2a: Blissey|55/100|[from] item: Leftovers
|upkeep
|inactive|hbwb has 120 seconds left.
|
|t:|1760813547
|switch|p1a: Pelipper|Pelipper, M|4/100
|-weather|RainDance|[from] ability: Drizzle|[of] p1a: Pelipper
|turn|27
|
|t:|1760813552
|move|p1a: Pelipper|Roost|p1a: Pelipper
|-heal|p1a: Pelipper|54/100
|-singleturn|p1a: Pelipper|move: Roost
|move|p2a: Blissey|Soft-Boiled|p2a: Blissey
|-heal|p2a: Blissey|100/100
|
|-weather|RainDance|[upkeep]
|upkeep
|turn|28
|
|t:|1760813566
|move|p1a: Pelipper|Hurricane|p2a: Blissey
|-damage|p2a: Blissey|87/100
|-start|p2a: Blissey|confusion
|-activate|p2a: Blissey|confusion
|-damage|p2a: Blissey|87/100|[from] confusion
|
|-weather|RainDance|[upkeep]
|-heal|p2a: Blissey|93/100|[from] item: Leftovers
|upkeep
|turn|29
|
|t:|1760813576
|move|p1a: Pelipper|U-turn|p2a: Blissey
|-damage|p2a: Blissey|85/100
|
|t:|1760813582
|switch|p1a: Slowking|Slowking-Galar, F|100/100 par|[from] U-turn
|-activate|p2a: Blissey|confusion
|move|p2a: Blissey|Thunder Wave|p1a: Slowking
|-fail|p1a: Slowking|par
|
|-weather|RainDance|[upkeep]
|-heal|p2a: Blissey|91/100|[from] item: Leftovers
|upkeep
|turn|30
|inactive|hbwb has 120 seconds left.
|
|t:|1760813602
|-activate|p2a: Blissey|confusion
|move|p2a: Blissey|Heal Bell||[still]
|-activate|p2a: Blissey|move: Heal Bell
|-fail|p2a: Blissey
|move|p1a: Slowking|Toxic|p2a: Blissey
|-status|p2a: Blissey|tox
|
|-weather|RainDance|[upkeep]
|-heal|p2a: Blissey|97/100 tox|[from] item: Leftovers
|-damage|p2a: Blissey|91/100 tox|[from] psn
|upkeep
|turn|31
|inactive|hbwb has 120 seconds left.
|
|t:|1760813615
|-activate|p2a: Blissey|confusion
|move|p2a: Blissey|Heal Bell|p2a: Blissey
|-activate|p2a: Blissey|move: Heal Bell
|-curestatus|p2a: Blissey|tox|[msg]
|move|p1a: Slowking|Future Sight|p2a: Blissey
|-start|p1a: Slowking|move: Future Sight
|
|-weather|RainDance|[upkeep]
|-heal|p2a: Blissey|97/100|[from] item: Leftovers
|upkeep
|turn|32
|
|t:|1760813634
|-end|p2a: Blissey|confusion
|move|p2a: Blissey|Seismic Toss|p1a: Slowking
|-damage|p1a: Slowking|75/100 par
|move|p1a: Slowking|Sludge Bomb|p2a: Blissey
|-damage|p2a: Blissey|86/100
|
|-weather|RainDance|[upkeep]
|-heal|p2a: Blissey|92/100|[from] item: Leftovers
|upkeep
|turn|33
|inactive|hbwb has 120 seconds left.
|
|t:|1760813654
|switch|p2a: Great Tusk|Great Tusk|100/100
|move|p1a: Slowking|Toxic|p2a: Great Tusk
|-status|p2a: Great Tusk|tox
|
|-weather|RainDance|[upkeep]
|-end|p2a: Great Tusk|move: Future Sight
|-supereffective|p2a: Great Tusk
|-damage|p2a: Great Tusk|0 fnt
|faint|p2a: Great Tusk
|-end|p2a: Great Tusk|Protosynthesis|[silent]
|upkeep
|inactive|Mackoy507 has 120 seconds left.
|
|t:|1760813669
|switch|p2a: Dondozo|Dondozo, F|100/100
|turn|34
|
|t:|1760813675
|move|p2a: Dondozo|Liquidation|p1a: Slowking
|-damage|p1a: Slowking|15/100 par
|move|p1a: Slowking|Future Sight|p2a: Dondozo
|-start|p1a: Slowking|move: Future Sight
|
|-weather|none
|upkeep
|turn|35
|inactive|hbwb has 120 seconds left.
|
|t:|1760813724
|switch|p2a: Heatran|Heatran, M, tera:Grass|15/100
|switch|p1a: Pelipper|Pelipper, M|54/100
|-weather|RainDance|[from] ability: Drizzle|[of] p1a: Pelipper
|
|-weather|RainDance|[upkeep]
|-heal|p2a: Heatran|21/100|[from] item: Leftovers
|upkeep
|turn|36
|inactive|Mackoy507 has 120 seconds left.
|
|t:|1760813742
|switch|p2a: Blissey|Blissey, F|92/100
|move|p1a: Pelipper|Hurricane|p2a: Blissey
|-damage|p2a: Blissey|80/100
|-start|p2a: Blissey|confusion
|
|-weather|RainDance|[upkeep]
|-end|p2a: Blissey|move: Future Sight
|-damage|p2a: Blissey|65/100
|-heal|p2a: Blissey|71/100|[from] item: Leftovers
|upkeep
|turn|37
|
|t:|1760813754
|switch|p1a: Gholdengo|Gholdengo|100/100
|-activate|p2a: Blissey|confusion
|move|p2a: Blissey|Thunder Wave|p1a: Gholdengo
|-immune|p1a: Gholdengo|[from] ability: Good as Gold
|
|-weather|RainDance|[upkeep]
|-heal|p2a: Blissey|78/100|[from] item: Leftovers
|upkeep
|turn|38
|
|t:|1760813765
|move|p1a: Gholdengo|Psyshock|p2a: Blissey
|-damage|p2a: Blissey|39/100
|-activate|p2a: Blissey|confusion
|move|p2a: Blissey|Soft-Boiled|p2a: Blissey
|-heal|p2a: Blissey|89/100
|
|-weather|RainDance|[upkeep]
|-heal|p2a: Blissey|95/100|[from] item: Leftovers
|upkeep
|turn|39
|
|t:|1760813774
|switch|p2a: Alomomola|Alomomola, M|100/100
|move|p1a: Gholdengo|Psyshock|p2a: Alomomola
|-damage|p2a: Alomomola|76/100
|
|-weather|RainDance|[upkeep]
|upkeep
|turn|40
|
|t:|1760813782
|switch|p1a: Raging Bolt|Raging Bolt|100/100
|move|p2a: Alomomola|Flip Turn|p1a: Raging Bolt
|-resisted|p1a: Raging Bolt
|-damage|p1a: Raging Bolt|92/100
|
|t:|1760813792
|switch|p2a: Blissey|Blissey, F|95/100|[from] Flip Turn
|
|-weather|RainDance|[upkeep]
|-heal|p2a: Blissey|100/100|[from] item: Leftovers
|upkeep
|turn|41
|
|t:|1760813811
|-end|p1a: Raging Bolt|Protosynthesis|[silent]
|switch|p1a: Gholdengo|Gholdengo|100/100
|move|p2a: Blissey|Seismic Toss|p1a: Gholdengo
|-immune|p1a: Gholdengo
|
|-weather|RainDance|[upkeep]
|upkeep
|turn|42
|
|t:|1760813822
|move|p1a: Gholdengo|Shadow Ball|p2a: Blissey
|-immune|p2a: Blissey
|move|p2a: Blissey|Heal Bell||[still]
|-activate|p2a: Blissey|move: Heal Bell
|-fail|p2a: Blissey
|
|-weather|none
|upkeep
|turn|43
|
|t:|1760813836
|switch|p1a: Pelipper|Pelipper, M|54/100
|-weather|RainDance|[from] ability: Drizzle|[of] p1a: Pelipper
|switch|p2a: Alomomola|Alomomola, M|100/100
|
|-weather|RainDance|[upkeep]
|upkeep
|turn|44
|
|t:|1760813848
|move|p1a: Pelipper|Hurricane|p2a: Alomomola
|-damage|p2a: Alomomola|54/100
|move|p2a: Alomomola|Flip Turn|p1a: Pelipper
|-resisted|p1a: Pelipper
|-damage|p1a: Pelipper|46/100
|
|t:|1760813853
|switch|p2a: Dondozo|Dondozo, F|100/100|[from] Flip Turn
|
|-weather|RainDance|[upkeep]
|upkeep
|turn|45
|inactive|hbwb has 120 seconds left.
|
|t:|1760813859
|switch|p1a: Raging Bolt|Raging Bolt|92/100
|move|p2a: Dondozo|Liquidation|p1a: Raging Bolt
|-resisted|p1a: Raging Bolt
|-damage|p1a: Raging Bolt|70/100
|
|-weather|RainDance|[upkeep]
|upkeep
|turn|46
|
|t:|1760813867
|switch|p2a: Blissey|Blissey, F|100/100
|move|p1a: Raging Bolt|Thunder|p2a: Blissey
|-damage|p2a: Blissey|66/100
|
|-weather|RainDance|[upkeep]
|-heal|p2a: Blissey|72/100|[from] item: Leftovers
|upkeep
|turn|47
|
|t:|1760813875
|move|p1a: Raging Bolt|Thunder|p2a: Blissey
|-damage|p2a: Blissey|37/100
|move|p2a: Blissey|Soft-Boiled|p2a: Blissey
|-heal|p2a: Blissey|87/100
|
|-weather|RainDance|[upkeep]
|-heal|p2a: Blissey|93/100|[from] item: Leftovers
|upkeep
|turn|48
|
|t:|1760813888
|move|p1a: Raging Bolt|Thunder|p2a: Blissey
|-damage|p2a: Blissey|61/100
|move|p2a: Blissey|Seismic Toss|p1a: Raging Bolt
|-damage|p1a: Raging Bolt|48/100
|
|-weather|RainDance|[upkeep]
|-heal|p2a: Blissey|67/100|[from] item: Leftovers
|upkeep
|turn|49
|
|t:|1760813898
|move|p1a: Raging Bolt|Thunder|p2a: Blissey
|-damage|p2a: Blissey|35/100
|move|p2a: Blissey|Soft-Boiled|p2a: Blissey
|-heal|p2a: Blissey|85/100
|
|-weather|RainDance|[upkeep]
|-heal|p2a: Blissey|91/100|[from] item: Leftovers
|upkeep
|turn|50
|
|t:|1760813907
|move|p1a: Raging Bolt|Thunder|p2a: Blissey
|-damage|p2a: Blissey|59/100
|move|p2a: Blissey|Seismic Toss|p1a: Raging Bolt
|-damage|p1a: Raging Bolt|26/100
|
|-weather|none
|-heal|p2a: Blissey|65/100|[from] item: Leftovers
|upkeep
|turn|51
|
|t:|1760813916
|move|p1a: Raging Bolt|Thunder|p2a: Blissey
|-damage|p2a: Blissey|34/100
|move|p2a: Blissey|Seismic Toss|p1a: Raging Bolt
|-damage|p1a: Raging Bolt|4/100
|
|-heal|p2a: Blissey|40/100|[from] item: Leftovers
|upkeep
|turn|52
|
|t:|1760813925
|move|p1a: Raging Bolt|Thunder|p2a: Blissey|[miss]
|-miss|p1a: Raging Bolt|p2a: Blissey
|move|p2a: Blissey|Soft-Boiled|p2a: Blissey
|-heal|p2a: Blissey|90/100
|
|-heal|p2a: Blissey|97/100|[from] item: Leftovers
|upkeep
|turn|53
|
|t:|1760813937
|move|p1a: Raging Bolt|Thunder|p2a: Blissey|[miss]
|-miss|p1a: Raging Bolt|p2a: Blissey
|move|p2a: Blissey|Seismic Toss|p1a: Raging Bolt
|-damage|p1a: Raging Bolt|0 fnt
|faint|p1a: Raging Bolt
|-end|p1a: Raging Bolt|Protosynthesis|[silent]
|
|-heal|p2a: Blissey|100/100|[from] item: Leftovers
|upkeep
|
|t:|1760813952
|switch|p1a: Gholdengo|Gholdengo|100/100
|turn|54
|
|t:|1760813960
|move|p1a: Gholdengo|Psyshock|p2a: Blissey
|-crit|p2a: Blissey
|-damage|p2a: Blissey|45/100
|move|p2a: Blissey|Heal Bell||[still]
|-activate|p2a: Blissey|move: Heal Bell
|-fail|p2a: Blissey
|
|-heal|p2a: Blissey|51/100|[from] item: Leftovers
|upkeep
|turn|55
|
|t:|1760813968
|move|p1a: Gholdengo|Psyshock|p2a: Blissey
|-damage|p2a: Blissey|10/100
|move|p2a: Blissey|Soft-Boiled|p2a: Blissey
|-heal|p2a: Blissey|61/100
|
|-heal|p2a: Blissey|67/100|[from] item: Leftovers
|upkeep
|turn|56
|
|t:|1760813981
|switch|p2a: Dondozo|Dondozo, F|100/100
|move|p1a: Gholdengo|Psyshock|p2a: Dondozo
|-damage|p2a: Dondozo|78/100
|
|upkeep
|turn|57
|
|t:|1760813987
|switch|p1a: Slowking|Slowking-Galar, F|48/100 par
|move|p2a: Dondozo|Liquidation|p1a: Slowking
|-damage|p1a: Slowking|13/100 par
|
|upkeep
|turn|58
|
|t:|1760814007
|switch|p1a: Pelipper|Pelipper, M|46/100
|-weather|RainDance|[from] ability: Drizzle|[of] p1a: Pelipper
|move|p2a: Dondozo|Liquidation|p1a: Pelipper
|-resisted|p1a: Pelipper
|-damage|p1a: Pelipper|26/100
|-unboost|p1a: Pelipper|def|1
|
|-weather|RainDance|[upkeep]
|upkeep
|turn|59
|
|t:|1760814018
|move|p1a: Pelipper|Hurricane|p2a: Dondozo
|-damage|p2a: Dondozo|40/100
|move|p2a: Dondozo|Liquidation|p1a: Pelipper
|-resisted|p1a: Pelipper
|-damage|p1a: Pelipper|5/100
|
|-weather|RainDance|[upkeep]
|upkeep
|turn|60
|
|t:|1760814026
|move|p1a: Pelipper|Hurricane|p2a: Dondozo
|-damage|p2a: Dondozo|0 fnt
|faint|p2a: Dondozo
|
|-weather|RainDance|[upkeep]
|upkeep
|
|t:|1760814031
|switch|p2a: Heatran|Heatran, M, tera:Grass|21/100
|turn|61
|
|t:|1760814037
|move|p2a: Heatran|Flamethrower|p1a: Pelipper
|-resisted|p1a: Pelipper
|-damage|p1a: Pelipper|0 fnt
|faint|p1a: Pelipper
|
|-weather|RainDance|[upkeep]
|-heal|p2a: Heatran|27/100|[from] item: Leftovers
|upkeep
|
|t:|1760814046
|switch|p1a: Slowking|Slowking-Galar, F|46/100 par
|turn|62
|
|t:|1760814052
|switch|p2a: Blissey|Blissey, F|67/100
|move|p1a: Slowking|Sludge Bomb|p2a: Blissey
|-damage|p2a: Blissey|55/100
|
|-weather|RainDance|[upkeep]
|-heal|p2a: Blissey|61/100|[from] item: Leftovers
|upkeep
|turn|63
|
|t:|1760814067
|move|p2a: Blissey|Seismic Toss|p1a: Slowking
|-damage|p1a: Slowking|21/100 par
|cant|p1a: Slowking|par
|
|-weather|RainDance|[upkeep]
|-heal|p2a: Blissey|67/100|[from] item: Leftovers
|upkeep
|turn|64
|inactive|Mackoy507 has 120 seconds left.
|
|t:|1760814099
|switch|p1a: Gholdengo|Gholdengo|100/100
|move|p2a: Blissey|Seismic Toss|p1a: Gholdengo
|-immune|p1a: Gholdengo
|
|-weather|RainDance|[upkeep]
|-heal|p2a: Blissey|73/100|[from] item: Leftovers
|upkeep
|turn|65
|inactive|Mackoy507 has 120 seconds left.
|
|t:|1760814113
|move|p1a: Gholdengo|Psyshock|p2a: Blissey
|-damage|p2a: Blissey|30/100
|move|p2a: Blissey|Seismic Toss|p1a: Gholdengo
|-immune|p1a: Gholdengo
|
|-weather|none
|-heal|p2a: Blissey|36/100|[from] item: Leftovers
|upkeep
|turn|66
|
|t:|1760814121
|move|p1a: Gholdengo|Psyshock|p2a: Blissey
|-damage|p2a: Blissey|0 fnt
|faint|p2a: Blissey
|
|upkeep
|
|t:|1760814124
|switch|p2a: Heatran|Heatran, M, tera:Grass|27/100
|turn|67
|
|t:|1760814128
|move|p1a: Gholdengo|Psyshock|p2a: Heatran
|-damage|p2a: Heatran|0 fnt
|faint|p2a: Heatran
|
|upkeep
|
|t:|1760814130
|switch|p2a: Alomomola|Alomomola, M|88/100
|turn|68
|
|t:|1760814134
|switch|p1a: Slowking|Slowking-Galar, F|54/100 par
|move|p2a: Alomomola|Scald|p1a: Slowking
|-damage|p1a: Slowking|46/100 par
|
|upkeep
|turn|69
|
|t:|1760814141
|move|p2a: Alomomola|Wish|p2a: Alomomola
|cant|p1a: Slowking|par
|
|upkeep
|turn|70
|-message|Mackoy507 forfeited.
|
|win|hbwb
|raw|hbwb's rating: 1262 &rarr; <strong>1289</strong><br />(+27 for winning)
|raw|Mackoy507's rating: 1285 &rarr; <strong>1258</strong><br />(-27 for losing)
|l|☆Mackoy507
|player|p2|
