|j|☆AyushToop
|j|☆c3baby
|t:|1760774428
|gametype|singles
|player|p1|AyushToop|2|1123
|player|p2|c3baby|2|1153
|gen|9
|tier|[Gen 9] OU
|rated|
|rule|HP Percentage Mod: HP is shown in percentages
|rule|Endless Battle Clause: Forcing endless battles is banned
|rule|Species Clause: Limit one of each Pokémon
|rule|OHKO Clause: OHKO moves are banned
|rule|Evasion Items Clause: Evasion items are banned
|rule|Evasion Moves Clause: Evasion moves are banned
|rule|Evasion Abilities Clause: Evasion abilities are banned
|rule|Sleep Moves Clause: Sleep-inducing moves are banned
|clearpoke
|poke|p1|Greninja-*, M|
|poke|p1|Kommo-o, F|
|poke|p1|Tropius, F|
|poke|p1|Iron Moth|
|poke|p1|Scizor, F|
|poke|p1|Sinistcha-Masterpiece|
|poke|p2|Breloom, M|
|poke|p2|Milotic, F|
|poke|p2|Galvantula, M|
|poke|p2|Great Tusk|
|poke|p2|Skeledirge, F|
|poke|p2|Corviknight, F|
|teampreview
|
|t:|1760774444
|teamsize|p1|6
|teamsize|p2|6
|start
|switch|p1a: Kommo-o|Kommo-o, F|100/100
|switch|p2a: Breloom|Breloom, M, shiny|100/100
|turn|1
|inactive|Battle timer is ON: inactive players will automatically lose when time's up. (requested by AyushToop)
|
|t:|1760774459
|move|p1a: Kommo-o|Swords Dance|p1a: Kommo-o
|-boost|p1a: Kommo-o|atk|2
|move|p2a: Breloom|Aerial Ace|p1a: Kommo-o
|-supereffective|p1a: Kommo-o
|-damage|p1a: Kommo-o|35/100
|
|upkeep
|turn|2
|
|t:|1760774470
|move|p2a: Breloom|Mach Punch|p1a: Kommo-o
|-damage|p1a: Kommo-o|0 fnt
|faint|p1a: Kommo-o
|
|upkeep
|
|t:|1760774478
|switch|p1a: Iron Moth|Iron Moth|100/100
|-enditem|p1a: Iron Moth|Booster Energy
|-activate|p1a: Iron Moth|ability: Quark Drive|[fromitem]
|-start|p1a: Iron Moth|quarkdrivespa
|turn|3
|
|t:|1760774497
|switch|p2a: Milotic|Milotic, F, shiny|100/100
|move|p1a: Iron Moth|Fiery Dance|p2a: Milotic
|-resisted|p2a: Milotic
|-damage|p2a: Milotic|81/100
|
|-status|p2a: Milotic|brn|[from] item: Flame Orb
|upkeep
|turn|4
|
|t:|1760774510
|-terastallize|p1a: Iron Moth|Bug
|move|p1a: Iron Moth|Bug Buzz|p2a: Milotic
|-damage|p2a: Milotic|40/100 brn
|move|p2a: Milotic|Scald|p1a: Iron Moth
|-damage|p1a: Iron Moth|70/100
|
|-damage|p2a: Milotic|34/100 brn|[from] brn
|upkeep
|turn|5
|
|t:|1760774523
|move|p1a: Iron Moth|Bug Buzz|p2a: Milotic
|-damage|p2a: Milotic|0 fnt
|faint|p2a: Milotic
|
|upkeep
|inactive|c3baby has 120 seconds left.
|
|t:|1760774545
|switch|p2a: Great Tusk|Great Tusk, shiny|100/100
|-enditem|p2a: Great Tusk|Booster Energy
|-activate|p2a: Great Tusk|ability: Protosynthesis|[fromitem]
|-start|p2a: Great Tusk|protosynthesisatk
|turn|6
|inactive|c3baby has 120 seconds left.
|
|t:|1760774557
|move|p1a: Iron Moth|Fiery Dance|p2a: Great Tusk
|-damage|p2a: Great Tusk|17/100
|move|p2a: Great Tusk|Earthquake|p1a: Iron Moth
|-resisted|p1a: Iron Moth
|-damage|p1a: Iron Moth|2/100
|
|upkeep
|turn|7
|inactive|c3baby has 120 seconds left.
|
|t:|1760774568
|move|p1a: Iron Moth|Fiery Dance|p2a: Great Tusk
|-damage|p2a: Great Tusk|0 fnt
|-boost|p1a: Iron Moth|spa|1
|faint|p2a: Great Tusk
|-end|p2a: Great Tusk|Protosynthesis|[silent]
|
|upkeep
|inactive|c3baby has 120 seconds left.
|
|t:|1760774574
|switch|p2a: Galvantula|Galvantula, M, shiny|100/100
|turn|8
|
|t:|1760774579
|move|p2a: Galvantula|Sucker Punch|p1a: Iron Moth
|-damage|p1a: Iron Moth|0 fnt
|faint|p1a: Iron Moth
|-end|p1a: Iron Moth|Quark Drive|[silent]
|
|upkeep
|
|t:|1760774600
|switch|p1a: Greninja|Greninja, M|100/100
|turn|9
|
|t:|1760774620
|move|p1a: Greninja|Hydro Pump|p2a: Galvantula
|-damage|p2a: Galvantula|15/100
|move|p2a: Galvantula|Bug Buzz|p1a: Greninja
|-supereffective|p1a: Greninja
|-damage|p1a: Greninja|0 fnt
|faint|p1a: Greninja
|
|upkeep
|
|t:|1760774627
|switch|p1a: Scizor|Scizor, F|100/100
|turn|10
|
|t:|1760774637
|switch|p2a: Skeledirge|Skeledirge, F, shiny|100/100
|move|p1a: Scizor|Dual Wingbeat|p2a: Skeledirge|[miss]
|-miss|p1a: Scizor|p2a: Skeledirge
|
|upkeep
|turn|11
|
|t:|1760774647
|move|p2a: Skeledirge|Will-O-Wisp|p1a: Scizor
|-status|p1a: Scizor|brn
|move|p1a: Scizor|Dual Wingbeat|p2a: Skeledirge
|-damage|p2a: Skeledirge|91/100
|-damage|p2a: Skeledirge|80/100
|-hitcount|p2a: Skeledirge|2
|
|-damage|p1a: Scizor|94/100 brn|[from] brn
|upkeep
|turn|12
|
|t:|1760774663
|move|p2a: Skeledirge|Torch Song|p1a: Scizor
|-supereffective|p1a: Scizor
|-damage|p1a: Scizor|0 fnt
|-boost|p2a: Skeledirge|spa|1
|faint|p1a: Scizor
|
|upkeep
|
|t:|1760774666
|switch|p1a: Sinistcha|Sinistcha-Masterpiece|100/100
|turn|13
|
|t:|1760774677
|-terastallize|p2a: Skeledirge|Fire
|move|p1a: Sinistcha|Shadow Ball|p2a: Skeledirge
|-damage|p2a: Skeledirge|37/100
|move|p2a: Skeledirge|Hex|p1a: Sinistcha
|-supereffective|p1a: Sinistcha
|-damage|p1a: Sinistcha|16/100
|
|-heal|p1a: Sinistcha|22/100|[from] item: Leftovers
|upkeep
|turn|14
|
|t:|1760774697
|move|p1a: Sinistcha|Shadow Ball|p2a: Skeledirge
|-damage|p2a: Skeledirge|0 fnt
|faint|p2a: Skeledirge
|
|-heal|p1a: Sinistcha|28/100|[from] item: Leftovers
|upkeep
|
|t:|1760774706
|switch|p2a: Galvantula|Galvantula, M, shiny|15/100
|turn|15
|
|t:|1760774713
|switch|p1a: Tropius|Tropius, F|100/100
|move|p2a: Galvantula|Bug Buzz|p1a: Tropius
|-damage|p1a: Tropius|73/100
|
|upkeep
|turn|16
|
|t:|1760774732
|move|p2a: Galvantula|Thunder|p1a: Tropius
|-damage|p1a: Tropius|43/100
|-status|p1a: Tropius|par
|-enditem|p1a: Tropius|Sitrus Berry|[eat]
|-heal|p1a: Tropius|68/100 par|[from] item: Sitrus Berry
|move|p1a: Tropius|Leech Seed|p2a: Galvantula
|-start|p2a: Galvantula|move: Leech Seed
|
|-damage|p2a: Galvantula|3/100|[from] Leech Seed|[of] p1a: Tropius
|-heal|p1a: Tropius|77/100 par|[silent]
|-item|p1a: Tropius|Sitrus Berry|[from] ability: Harvest
|upkeep
|turn|17
|
|t:|1760774751
|switch|p2a: Breloom|Breloom, M, shiny|100/100
|move|p1a: Tropius|Protect||[still]
|-fail|p1a: Tropius
|
|upkeep
|turn|18
|
|t:|1760774762
|switch|p1a: Sinistcha|Sinistcha-Masterpiece|28/100
|move|p2a: Breloom|Bulk Up|p2a: Breloom
|-boost|p2a: Breloom|atk|1
|-boost|p2a: Breloom|def|1
|
|-heal|p1a: Sinistcha|34/100|[from] item: Leftovers
|upkeep
|turn|19
|
|t:|1760774771
|move|p2a: Breloom|Aerial Ace|p1a: Sinistcha
|-supereffective|p1a: Sinistcha
|-damage|p1a: Sinistcha|0 fnt
|faint|p1a: Sinistcha
|
|upkeep
|
|t:|1760774774
|switch|p1a: Tropius|Tropius, F|77/100 par
|turn|20
|
|t:|1760774784
|move|p2a: Breloom|Aerial Ace|p1a: Tropius
|-supereffective|p1a: Tropius
|-damage|p1a: Tropius|0 fnt
|faint|p1a: Tropius
|
|win|c3baby
|raw|AyushToop's rating: 1123 &rarr; <strong>1100</strong><br />(-23 for losing)
|raw|c3baby's rating: 1153 &rarr; <strong>1176</strong><br />(+23 for winning)
|l|☆AyushToop
|player|p1|
|l|☆c3baby
|player|p2|
