|j|☆DeeGrader
|j|☆pelukas
|t:|1760763958
|gametype|singles
|player|p1|DeeGrader|265|1103
|player|p2|pelukas|volkner|1162
|gen|9
|tier|[Gen 9] OU
|rated|
|rule|HP Percentage Mod: HP is shown in percentages
|rule|Endless Battle Clause: Forcing endless battles is banned
|rule|Species Clause: Limit one of each Pokémon
|rule|OHKO Clause: OHKO moves are banned
|rule|Evasion Items Clause: Evasion items are banned
|rule|Evasion Moves Clause: Evasion moves are banned
|rule|Evasion Abilities Clause: Evasion abilities are banned
|rule|Sleep Moves Clause: Sleep-inducing moves are banned
|clearpoke
|poke|p1|Dragonite, F|
|poke|p1|Hatterene, F|
|poke|p1|Gholdengo|
|poke|p1|Slowking-Galar, F|
|poke|p1|Great Tusk|
|poke|p1|Rotom-Wash|
|poke|p2|Skarmory, M|
|poke|p2|Heatran, M|
|poke|p2|Empoleon, M|
|poke|p2|Gholdengo|
|poke|p2|Iron Treads|
|poke|p2|Bisharp, M|
|teampreview
|inactive|Battle timer is ON: inactive players will automatically lose when time's up. (requested by pelukas)
|inactive|DeeGrader also wants the timer to be on.
|
|t:|1760763972
|teamsize|p1|6
|teamsize|p2|6
|start
|switch|p1a: Rotom|Rotom-Wash|100/100
|switch|p2a: Iron Treads|Iron Treads|100/100
|turn|1
|
|t:|1760763978
|move|p2a: Iron Treads|Volt Switch|p1a: Rotom
|-damage|p1a: Rotom|88/100
|
|t:|1760763983
|-end|p2a: Iron Treads|Quark Drive|[silent]
|switch|p2a: Empoleon|Empoleon, M|100/100|[from] Volt Switch
|move|p1a: Rotom|Hydro Pump|p2a: Empoleon
|-resisted|p2a: Empoleon
|-damage|p2a: Empoleon|81/100
|
|-heal|p1a: Rotom|95/100|[from] item: Leftovers
|-heal|p2a: Empoleon|87/100|[from] item: Leftovers
|upkeep
|turn|2
|
|t:|1760763993
|move|p1a: Rotom|Volt Switch|p2a: Empoleon
|-supereffective|p2a: Empoleon
|-crit|p2a: Empoleon
|-damage|p2a: Empoleon|12/100
|
|t:|1760763998
|switch|p1a: Great Tusk|Great Tusk|100/100|[from] Volt Switch
|move|p2a: Empoleon|Roost|p2a: Empoleon
|-heal|p2a: Empoleon|62/100
|-singleturn|p2a: Empoleon|move: Roost
|
|-heal|p2a: Empoleon|69/100|[from] item: Leftovers
|upkeep
|turn|3
|
|t:|1760764006
|switch|p2a: Skarmory|Skarmory, M|100/100
|move|p1a: Great Tusk|Knock Off|p2a: Skarmory
|-damage|p2a: Skarmory|75/100
|-ability|p2a: Skarmory|Weak Armor|boost
|-unboost|p2a: Skarmory|def|1
|-boost|p2a: Skarmory|spe|2
|-enditem|p2a: Skarmory|Heavy-Duty Boots|[from] move: Knock Off|[of] p1a: Great Tusk
|
|upkeep
|turn|4
|
|t:|1760764016
|-end|p1a: Great Tusk|Protosynthesis|[silent]
|switch|p1a: Hatterene|Hatterene, F|100/100
|move|p2a: Skarmory|Swords Dance|p2a: Skarmory
|-boost|p2a: Skarmory|atk|2
|
|upkeep
|turn|5
|
|t:|1760764022
|move|p2a: Skarmory|Dual Wingbeat|p1a: Hatterene
|-crit|p1a: Hatterene
|-damage|p1a: Hatterene|44/100
|-damage|p1a: Hatterene|5/100
|-hitcount|p1a: Hatterene|2
|move|p1a: Hatterene|Mystical Fire|p2a: Skarmory
|-supereffective|p2a: Skarmory
|-damage|p2a: Skarmory|0 fnt
|faint|p2a: Skarmory
|
|-heal|p1a: Hatterene|11/100|[from] item: Leftovers
|upkeep
|
|t:|1760764033
|switch|p2a: Gholdengo|Gholdengo|100/100
|-item|p2a: Gholdengo|Air Balloon
|turn|6
|
|t:|1760764038
|move|p2a: Gholdengo|Hex|p1a: Hatterene
|-supereffective|p1a: Hatterene
|-damage|p1a: Hatterene|0 fnt
|faint|p1a: Hatterene
|
|upkeep
|
|t:|1760764044
|switch|p1a: Great Tusk|Great Tusk|100/100
|turn|7
|
|t:|1760764056
|move|p1a: Great Tusk|Knock Off|p2a: Gholdengo
|-supereffective|p2a: Gholdengo
|-damage|p2a: Gholdengo|35/100
|-enditem|p2a: Gholdengo|Air Balloon
|move|p2a: Gholdengo|Hex|p1a: Great Tusk
|-damage|p1a: Great Tusk|58/100
|
|upkeep
|turn|8
|
|t:|1760764080
|move|p1a: Great Tusk|Knock Off|p2a: Gholdengo
|-supereffective|p2a: Gholdengo
|-damage|p2a: Gholdengo|0 fnt
|faint|p2a: Gholdengo
|
|upkeep
|
|t:|1760764082
|switch|p2a: Bisharp|Bisharp, M|100/100
|turn|9
|-message|pelukas forfeited.
|
|win|DeeGrader
|raw|DeeGrader's rating: 1103 &rarr; <strong>1132</strong><br />(+29 for winning)
|raw|pelukas's rating: 1162 &rarr; <strong>1133</strong><br />(-29 for losing)
|l|☆pelukas
|player|p2|
|l|☆DeeGrader
|player|p1|
