|j|☆310YM4N74N3R0
|j|☆moonstone saint
|t:|1760814221
|gametype|singles
|player|p1|310YM4N74N3R0|pokemonrangerf|1539
|player|p2|moonstone saint|argenta|1585
|gen|9
|tier|[Gen 9] OU
|rated|
|rule|HP Percentage Mod: HP is shown in percentages
|rule|Endless Battle Clause: Forcing endless battles is banned
|rule|Species Clause: Limit one of each Pokémon
|rule|OHKO Clause: OHKO moves are banned
|rule|Evasion Items Clause: Evasion items are banned
|rule|Evasion Moves Clause: Evasion moves are banned
|rule|Evasion Abilities Clause: Evasion abilities are banned
|rule|Sleep Moves Clause: Sleep-inducing moves are banned
|clearpoke
|poke|p1|Landorus-Therian, M|
|poke|p1|Yanmega, F|
|poke|p1|Rillaboom, M|
|poke|p1|Blaziken, F|
|poke|p1|Blastoise, M|
|poke|p1|Tyranitar, F|
|poke|p2|Deoxys-Speed|
|poke|p2|Dragonite, M|
|poke|p2|Kingambit, M|
|poke|p2|Gholdengo|
|poke|p2|Great Tusk|
|poke|p2|Ogerpon-Wellspring, F|
|teampreview
|
|t:|1760814250
|teamsize|p1|6
|teamsize|p2|6
|start
|switch|p1a: Blaziken|Blaziken, F|100/100
|switch|p2a: Ogerpon|Ogerpon-Wellspring, F|100/100
|turn|1
|inactive|Battle timer is ON: inactive players will automatically lose when time's up. (requested by 310YM4N74N3R0)
|
|t:|1760814317
|switch|p2a: Dragonite|Dragonite, M|100/100
|move|p1a: Blaziken|Close Combat|p2a: Dragonite
|-resisted|p2a: Dragonite
|-damage|p2a: Dragonite|82/100
|-unboost|p1a: Blaziken|def|1
|-unboost|p1a: Blaziken|spd|1
|
|-ability|p1a: Blaziken|Speed Boost|boost
|-boost|p1a: Blaziken|spe|1
|upkeep
|turn|2
|inactive|moonstone saint has 120 seconds left.
|
|t:|1760814376
|switch|p1a: Landorus|Landorus-Therian, M|100/100
|-ability|p1a: Landorus|Intimidate|boost
|-unboost|p2a: Dragonite|atk|1
|move|p2a: Dragonite|Outrage|p1a: Landorus
|-damage|p1a: Landorus|41/100
|-damage|p2a: Dragonite|66/100|[from] item: Rocky Helmet|[of] p1a: Landorus
|
|upkeep
|turn|3
|inactive|310YM4N74N3R0 has 120 seconds left.
|
|t:|1760814413
|-terastallize|p1a: Landorus|Steel
|move|p2a: Dragonite|Outrage|p1a: Landorus|[from] lockedmove
|-resisted|p1a: Landorus
|-damage|p1a: Landorus|13/100
|-damage|p2a: Dragonite|49/100|[from] item: Rocky Helmet|[of] p1a: Landorus
|-start|p2a: Dragonite|confusion|[fatigue]
|move|p1a: Landorus|Rock Tomb|p2a: Dragonite
|-supereffective|p2a: Dragonite
|-damage|p2a: Dragonite|0 fnt
|faint|p2a: Dragonite
|
|upkeep
|inactive|moonstone saint has 90 seconds left.
|
|t:|1760814445
|switch|p2a: Gholdengo|Gholdengo|100/100
|turn|4
|inactive|310YM4N74N3R0 has 120 seconds left.
|
|t:|1760814462
|switch|p1a: Tyranitar|Tyranitar, F|100/100
|-weather|Sandstorm|[from] ability: Sand Stream|[of] p1a: Tyranitar
|move|p2a: Gholdengo|Shadow Ball|p1a: Tyranitar
|-resisted|p1a: Tyranitar
|-damage|p1a: Tyranitar|86/100
|-unboost|p1a: Tyranitar|spd|1
|
|-weather|Sandstorm|[upkeep]
|upkeep
|turn|5
|inactive|310YM4N74N3R0 has 120 seconds left.
|inactive|moonstone saint has 90 seconds left.
|
|t:|1760814476
|switch|p2a: Great Tusk|Great Tusk|100/100
|-enditem|p2a: Great Tusk|Booster Energy
|-activate|p2a: Great Tusk|ability: Protosynthesis|[fromitem]
|-start|p2a: Great Tusk|protosynthesisspe
|switch|p1a: Blastoise|Blastoise, M|100/100
|
|-weather|Sandstorm|[upkeep]
|-damage|p1a: Blastoise|94/100|[from] Sandstorm
|upkeep
|turn|6
|inactive|310YM4N74N3R0 has 120 seconds left.
|
|t:|1760814483
|move|p2a: Great Tusk|Headlong Rush|p1a: Blastoise
|-damage|p1a: Blastoise|35/100
|-unboost|p2a: Great Tusk|def|1
|-unboost|p2a: Great Tusk|spd|1
|move|p1a: Blastoise|Ice Beam|p2a: Great Tusk
|-supereffective|p2a: Great Tusk
|-damage|p2a: Great Tusk|0 fnt
|faint|p2a: Great Tusk
|-end|p2a: Great Tusk|Protosynthesis|[silent]
|
|-weather|Sandstorm|[upkeep]
|-damage|p1a: Blastoise|29/100|[from] Sandstorm
|upkeep
|inactive|moonstone saint has 90 seconds left.
|
|t:|1760814504
|switch|p2a: Ogerpon|Ogerpon-Wellspring, F|100/100
|turn|7
|
|t:|1760814510
|move|p2a: Ogerpon|Horn Leech|p1a: Blastoise
|-supereffective|p1a: Blastoise
|-enditem|p1a: Blastoise|Rindo Berry|[eat]
|-enditem|p1a: Blastoise|Rindo Berry|[weaken]
|-damage|p1a: Blastoise|0 fnt
|faint|p1a: Blastoise
|
|-weather|Sandstorm|[upkeep]
|-damage|p2a: Ogerpon|95/100|[from] Sandstorm
|upkeep
|inactive|310YM4N74N3R0 has 120 seconds left.
|
|t:|1760814527
|switch|p1a: Rillaboom|Rillaboom, M|100/100
|-fieldstart|move: Grassy Terrain|[from] ability: Grassy Surge|[of] p1a: Rillaboom
|-enditem|p1a: Rillaboom|Grassy Seed
|-boost|p1a: Rillaboom|def|1|[from] item: Grassy Seed
|turn|8
|inactive|moonstone saint has 90 seconds left.
|
|t:|1760814542
|move|p2a: Ogerpon|U-turn|p1a: Rillaboom
|-supereffective|p1a: Rillaboom
|-damage|p1a: Rillaboom|66/100
|inactive|moonstone saint has 90 seconds left.
|
|t:|1760814550
|switch|p2a: Kingambit|Kingambit, M|100/100|[from] U-turn
|-activate|p2a: Kingambit|ability: Supreme Overlord
|-start|p2a: Kingambit|fallen2|[silent]
|move|p1a: Rillaboom|Swords Dance|p1a: Rillaboom
|-boost|p1a: Rillaboom|atk|2
|
|-weather|none
|-heal|p1a: Rillaboom|72/100|[from] Grassy Terrain
|upkeep
|turn|9
|inactive|moonstone saint has 90 seconds left.
|
|t:|1760814569
|switch|p1a: Blaziken|Blaziken, F|100/100
|move|p2a: Kingambit|Kowtow Cleave|p1a: Blaziken
|-resisted|p1a: Blaziken
|-damage|p1a: Blaziken|53/100
|
|-heal|p1a: Blaziken|59/100|[from] Grassy Terrain
|upkeep
|turn|10
|inactive|moonstone saint has 90 seconds left.
|
|t:|1760814596
|-terastallize|p2a: Kingambit|Flying
|move|p1a: Blaziken|Swords Dance|p1a: Blaziken
|-boost|p1a: Blaziken|atk|2
|move|p2a: Kingambit|Swords Dance|p2a: Kingambit
|-boost|p2a: Kingambit|atk|2
|
|-heal|p1a: Blaziken|65/100|[from] Grassy Terrain
|-ability|p1a: Blaziken|Speed Boost|boost
|-boost|p1a: Blaziken|spe|1
|upkeep
|turn|11
|inactive|310YM4N74N3R0 has 120 seconds left.
|inactive|310YM4N74N3R0 has 90 seconds left.
|
|t:|1760814659
|move|p2a: Kingambit|Sucker Punch|p1a: Blaziken
|-resisted|p1a: Blaziken
|-damage|p1a: Blaziken|0 fnt
|faint|p1a: Blaziken
|
|upkeep
|
|t:|1760814663
|switch|p1a: Landorus|Landorus-Therian, M, tera:Steel|13/100
|-ability|p1a: Landorus|Intimidate|boost
|-unboost|p2a: Kingambit|atk|1
|turn|12
|
|t:|1760814679
|move|p2a: Kingambit|Sucker Punch|p1a: Landorus
|-damage|p1a: Landorus|0 fnt
|-damage|p2a: Kingambit|84/100|[from] item: Rocky Helmet|[of] p1a: Landorus
|faint|p1a: Landorus
|
|-heal|p2a: Kingambit|90/100|[from] item: Leftovers
|-fieldend|move: Grassy Terrain
|upkeep
|
|t:|1760814684
|switch|p1a: Tyranitar|Tyranitar, F|86/100
|-weather|Sandstorm|[from] ability: Sand Stream|[of] p1a: Tyranitar
|turn|13
|
|t:|1760814691
|-end|p2a: Kingambit|fallen2|[silent]
|switch|p2a: Gholdengo|Gholdengo|100/100
|move|p1a: Tyranitar|Stone Edge|p2a: Gholdengo
|-resisted|p2a: Gholdengo
|-crit|p2a: Gholdengo
|-damage|p2a: Gholdengo|56/100
|
|-weather|Sandstorm|[upkeep]
|upkeep
|turn|14
|
|t:|1760814720
|switch|p2a: Deoxys|Deoxys-Speed|100/100
|-ability|p2a: Deoxys|Pressure
|move|p1a: Tyranitar|Dragon Dance|p1a: Tyranitar
|-boost|p1a: Tyranitar|atk|1
|-boost|p1a: Tyranitar|spe|1
|
|-weather|Sandstorm|[upkeep]
|-damage|p2a: Deoxys|94/100|[from] Sandstorm
|upkeep
|turn|15
|
|t:|1760814730
|move|p2a: Deoxys|Ice Beam|p1a: Tyranitar
|-damage|p1a: Tyranitar|64/100
|-damage|p2a: Deoxys|84/100|[from] item: Life Orb
|move|p1a: Tyranitar|Stone Edge|p2a: Deoxys|[miss]
|-miss|p1a: Tyranitar|p2a: Deoxys
|
|-weather|Sandstorm|[upkeep]
|-damage|p2a: Deoxys|78/100|[from] Sandstorm
|upkeep
|turn|16
|
|t:|1760814736
|move|p2a: Deoxys|Ice Beam|p1a: Tyranitar
|-damage|p1a: Tyranitar|41/100
|-damage|p2a: Deoxys|68/100|[from] item: Life Orb
|move|p1a: Tyranitar|Dragon Dance|p1a: Tyranitar
|-boost|p1a: Tyranitar|atk|1
|-boost|p1a: Tyranitar|spe|1
|
|-weather|Sandstorm|[upkeep]
|-damage|p2a: Deoxys|62/100|[from] Sandstorm
|upkeep
|turn|17
|
|t:|1760814745
|move|p2a: Deoxys|Ice Beam|p1a: Tyranitar
|-damage|p1a: Tyranitar|17/100
|-enditem|p1a: Tyranitar|Salac Berry|[eat]
|-boost|p1a: Tyranitar|spe|1|[from] item: Salac Berry
|-damage|p2a: Deoxys|52/100|[from] item: Life Orb
|move|p1a: Tyranitar|Stone Edge|p2a: Deoxys|[miss]
|-miss|p1a: Tyranitar|p2a: Deoxys
|
|-weather|none
|upkeep
|turn|18
|
|t:|1760814755
|move|p1a: Tyranitar|Stone Edge|p2a: Deoxys
|-damage|p2a: Deoxys|0 fnt
|faint|p2a: Deoxys
|
|upkeep
|
|t:|1760814764
|switch|p2a: Kingambit|Kingambit, M, tera:Flying|90/100
|-activate|p2a: Kingambit|ability: Supreme Overlord
|-start|p2a: Kingambit|fallen3|[silent]
|turn|19
|
|t:|1760814768
|move|p1a: Tyranitar|Dragon Dance|p1a: Tyranitar
|-boost|p1a: Tyranitar|atk|1
|-boost|p1a: Tyranitar|spe|1
|move|p2a: Kingambit|Kowtow Cleave|p1a: Tyranitar
|-resisted|p1a: Tyranitar
|-damage|p1a: Tyranitar|0 fnt
|faint|p1a: Tyranitar
|
|-heal|p2a: Kingambit|96/100|[from] item: Leftovers
|upkeep
|-message|310YM4N74N3R0 forfeited.
|
|win|moonstone saint
|raw|310YM4N74N3R0's rating: 1539 &rarr; <strong>1522</strong><br />(-17 for losing)
|raw|moonstone saint's rating: 1585 &rarr; <strong>1602</strong><br />(+17 for winning)
|l|☆310YM4N74N3R0
|player|p1|
