|j|☆kittensnax
|j|☆vghhjg
|t:|1760736357
|gametype|singles
|player|p1|kittensnax|schoolkidf|1534
|player|p2|vghhjg|2|1509
|gen|9
|tier|[Gen 9] OU
|rated|
|rule|HP Percentage Mod: HP is shown in percentages
|rule|Endless Battle Clause: Forcing endless battles is banned
|rule|Species Clause: Limit one of each Pokémon
|rule|OHKO Clause: OHKO moves are banned
|rule|Evasion Items Clause: Evasion items are banned
|rule|Evasion Moves Clause: Evasion moves are banned
|rule|Evasion Abilities Clause: Evasion abilities are banned
|rule|Sleep Moves Clause: Sleep-inducing moves are banned
|clearpoke
|poke|p1|Porygon2|
|poke|p1|Farigiraf, M|
|poke|p1|Dragonite, F|
|poke|p1|Primarina, F|
|poke|p1|Ursaluna, M|
|poke|p1|Gallade, M|
|poke|p2|Ribombee, M|
|poke|p2|Gholdengo|
|poke|p2|Dragonite, F|
|poke|p2|Comfey, M|
|poke|p2|Kingambit, F|
|poke|p2|Gliscor, M|
|teampreview
|
|t:|1760736386
|teamsize|p1|6
|teamsize|p2|6
|start
|switch|p1a: Ursaluna|Ursaluna, M|100/100
|switch|p2a: Ribombee|Ribombee, M|100/100
|turn|1
|c|☆kittensnax|Sorry if this is stupid question but why is gholdengo sometimes a model and sometimes not like did you do anything special or is it random
|
|t:|1760736428
|move|p2a: Ribombee|Sticky Web|p1a: Ursaluna
|-sidestart|p1: kittensnax|move: Sticky Web
|move|p1a: Ursaluna|Fire Punch|p2a: Ribombee
|-supereffective|p2a: Ribombee
|-enditem|p2a: Ribombee|Focus Sash
|-damage|p2a: Ribombee|1/100
|
|-status|p1a: Ursaluna|brn|[from] item: Flame Orb
|upkeep
|turn|2
|
|t:|1760736466
|move|p2a: Ribombee|Psychic Noise|p1a: Ursaluna
|-damage|p1a: Ursaluna|87/100 brn
|-start|p1a: Ursaluna|move: Heal Block
|move|p1a: Ursaluna|Facade|p2a: Ribombee
|-damage|p2a: Ribombee|0 fnt
|faint|p2a: Ribombee
|
|-damage|p1a: Ursaluna|81/100 brn|[from] brn
|upkeep
|c|☆vghhjg|good question
|c|☆vghhjg|i saw someone else mention it
|c|☆vghhjg|but i did not do anything
|c|☆vghhjg|seems random ?
|c|☆kittensnax|Interesting!
|c|☆vghhjg|someone else said they refreshed a couple of times
|c|☆vghhjg|but really no idea ! sorry brother !
|c|☆kittensnax|S'all good! ^^
|
|t:|1760736533
|switch|p2a: Kingambit|Kingambit, F|100/100
|-activate|p2a: Kingambit|ability: Supreme Overlord
|-start|p2a: Kingambit|fallen1|[silent]
|turn|3
|
|t:|1760736545
|move|p2a: Kingambit|Kowtow Cleave|p1a: Ursaluna
|-damage|p1a: Ursaluna|39/100 brn
|move|p1a: Ursaluna|Fire Punch|p2a: Kingambit
|-supereffective|p2a: Kingambit
|-damage|p2a: Kingambit|29/100
|
|-heal|p2a: Kingambit|35/100|[from] item: Leftovers
|-damage|p1a: Ursaluna|33/100 brn|[from] brn
|-end|p1a: Ursaluna|move: Heal Block
|upkeep
|turn|4
|c|☆vghhjg|oh you thought it is a bait
|
|t:|1760736564
|switch|p1a: a special boy|Porygon2|100/100
|-activate|p1a: a special boy|move: Sticky Web
|-unboost|p1a: a special boy|spe|1
|-ability|p1a: a special boy|Download|boost
|-boost|p1a: a special boy|spa|1
|move|p2a: Kingambit|Kowtow Cleave|p1a: a special boy
|-damage|p1a: a special boy|62/100
|
|-heal|p2a: Kingambit|41/100|[from] item: Leftovers
|upkeep
|turn|5
|c|☆vghhjg|i am just bad though ^^
|
|t:|1760736580
|move|p2a: Kingambit|Stealth Rock|p1a: a special boy
|-sidestart|p1: kittensnax|move: Stealth Rock
|move|p1a: a special boy|Thunderbolt|p2a: Kingambit
|-damage|p2a: Kingambit|0 fnt
|faint|p2a: Kingambit
|-end|p2a: Kingambit|fallen1|[silent]
|
|upkeep
|
|t:|1760736590
|switch|p2a: Comfey|Comfey, M|100/100
|turn|6
|c|☆kittensnax|Honestly i got a trick room team so im slower and thought maybe it had low kick or something lol
|
|t:|1760736626
|move|p2a: Comfey|Calm Mind|p2a: Comfey
|-boost|p2a: Comfey|spa|1
|-boost|p2a: Comfey|spd|1
|move|p1a: a special boy|Tera Blast|p2a: Comfey
|-damage|p2a: Comfey|62/100
|
|upkeep
|turn|7
|c|☆vghhjg|no for me it looked like you predicted a gholdengo switch
|c|☆vghhjg|and that is why you went fire punch turn 3
|c|☆vghhjg|that is what i was thinking anyway lol^^
|c|☆vghhjg|me on the other end i was just not thinking at all
|
|t:|1760736693
|switch|p1a: FaRiGiЯaꟻ|Farigiraf, M, shiny|100/100
|-activate|p1a: FaRiGiЯaꟻ|move: Sticky Web
|-unboost|p1a: FaRiGiЯaꟻ|spe|1
|-damage|p1a: FaRiGiЯaꟻ|88/100|[from] Stealth Rock
|move|p2a: Comfey|Calm Mind|p2a: Comfey
|-boost|p2a: Comfey|spa|1
|-boost|p2a: Comfey|spd|1
|
|upkeep
|turn|8
|c|☆kittensnax|Oooh kinda but its also the move that covers the most options so it felt safe ^^ yayaya
|
|t:|1760736746
|move|p2a: Comfey|Draining Kiss||[still]
|cant|p1a: FaRiGiЯaꟻ|ability: Armor Tail|Draining Kiss|[of] p2a: Comfey
|move|p1a: FaRiGiЯaꟻ|Trick Room|p1a: FaRiGiЯaꟻ
|-fieldstart|move: Trick Room|[of] p1a: FaRiGiЯaꟻ
|
|upkeep
|turn|9
|c|☆vghhjg|:D
|c|☆vghhjg|haha great to meet such a cool person like you!
|c|☆kittensnax|Same to you ^_^
|c|☆vghhjg|wait yayaya is basically hahaha in spanish no ?
|c|☆vghhjg|<3
|
|t:|1760736818
|move|p2a: Comfey|Draining Kiss||[still]
|cant|p1a: FaRiGiЯaꟻ|ability: Armor Tail|Draining Kiss|[of] p2a: Comfey
|move|p1a: FaRiGiЯaꟻ|Psyshock|p2a: Comfey
|-damage|p2a: Comfey|11/100
|
|upkeep
|turn|10
|c|☆kittensnax|Oh no its me just being silly and going yeah over n over :P
|
|t:|1760736834
|move|p1a: FaRiGiЯaꟻ|Shadow Ball|p2a: Comfey
|-damage|p2a: Comfey|0 fnt
|faint|p2a: Comfey
|
|upkeep
|c|☆vghhjg|.d
|c|☆vghhjg|just googled jajaja is really spanish laughter lol
|
|t:|1760736908
|switch|p2a: Gliscor|Gliscor, M|100/100
|turn|11
|c|☆kittensnax|YEAH lol
|
|t:|1760736925
|move|p2a: Gliscor|Protect|p2a: Gliscor
|-singleturn|p2a: Gliscor|Protect
|move|p1a: FaRiGiЯaꟻ|Tera Blast|p2a: Gliscor
|-activate|p2a: Gliscor|move: Protect
|
|-status|p2a: Gliscor|tox|[from] item: Toxic Orb
|upkeep
|turn|12
|
|t:|1760736931
|move|p1a: FaRiGiЯaꟻ|Tera Blast|p2a: Gliscor
|-damage|p2a: Gliscor|68/100 tox
|move|p2a: Gliscor|Swords Dance|p2a: Gliscor
|-boost|p2a: Gliscor|atk|2
|
|-heal|p2a: Gliscor|80/100 tox|[from] ability: Poison Heal
|-fieldend|move: Trick Room
|upkeep
|turn|13
|
|t:|1760736942
|move|p2a: Gliscor|Knock Off|p1a: FaRiGiЯaꟻ
|-supereffective|p1a: FaRiGiЯaꟻ
|-damage|p1a: FaRiGiЯaꟻ|16/100
|-enditem|p1a: FaRiGiЯaꟻ|Weakness Policy
|-boost|p1a: FaRiGiЯaꟻ|atk|2|[from] item: Weakness Policy
|-boost|p1a: FaRiGiЯaꟻ|spa|2|[from] item: Weakness Policy
|move|p1a: FaRiGiЯaꟻ|Trick Room|p1a: FaRiGiЯaꟻ
|-fieldstart|move: Trick Room|[of] p1a: FaRiGiЯaꟻ
|
|-heal|p2a: Gliscor|93/100 tox|[from] ability: Poison Heal
|upkeep
|turn|14
|c|☆vghhjg|oh no lol
|c|☆kittensnax|My insane giraffe team
|c|☆vghhjg|uff i think i can't match your mighty giraffe team
|c|☆vghhjg|will try my best though
|
|t:|1760736997
|move|p2a: Gliscor|Protect|p2a: Gliscor
|-singleturn|p2a: Gliscor|Protect
|move|p1a: FaRiGiЯaꟻ|Tera Blast|p2a: Gliscor
|-activate|p2a: Gliscor|move: Protect
|
|-heal|p2a: Gliscor|100/100 tox|[from] ability: Poison Heal
|upkeep
|turn|15
|
|t:|1760737006
|move|p1a: FaRiGiЯaꟻ|Tera Blast|p2a: Gliscor
|-damage|p2a: Gliscor|29/100 tox
|move|p2a: Gliscor|Facade|p1a: FaRiGiЯaꟻ
|-damage|p1a: FaRiGiЯaꟻ|0 fnt
|faint|p1a: FaRiGiЯaꟻ
|
|-heal|p2a: Gliscor|41/100 tox|[from] ability: Poison Heal
|upkeep
|
|t:|1760737016
|switch|p1a: Primarina|Primarina, F|100/100
|-activate|p1a: Primarina|move: Sticky Web
|-unboost|p1a: Primarina|spe|1
|-damage|p1a: Primarina|88/100|[from] Stealth Rock
|turn|16
|
|t:|1760737022
|move|p2a: Gliscor|Protect|p2a: Gliscor
|-singleturn|p2a: Gliscor|Protect
|move|p1a: Primarina|Psychic Noise|p2a: Gliscor
|-activate|p2a: Gliscor|move: Protect
|
|-heal|p2a: Gliscor|54/100 tox|[from] ability: Poison Heal
|upkeep
|turn|17
|
|t:|1760737051
|-terastallize|p2a: Gliscor|Normal
|move|p1a: Primarina|Psychic Noise|p2a: Gliscor
|-damage|p2a: Gliscor|18/100 tox
|-start|p2a: Gliscor|move: Heal Block
|move|p2a: Gliscor|Facade|p1a: Primarina
|-damage|p1a: Primarina|0 fnt
|faint|p1a: Primarina
|
|-fieldend|move: Trick Room
|upkeep
|
|t:|1760737060
|switch|p1a: Dragonite|Dragonite, F|100/100
|turn|18
|
|t:|1760737067
|move|p1a: Dragonite|Extreme Speed|p2a: Gliscor
|-damage|p2a: Gliscor|0 fnt
|faint|p2a: Gliscor
|
|upkeep
|c|☆vghhjg|oh no
|
|t:|1760737075
|switch|p2a: Gholdengo|Gholdengo|100/100
|-item|p2a: Gholdengo|Air Balloon
|turn|19
|
|t:|1760737084
|move|p2a: Gholdengo|Nasty Plot|p2a: Gholdengo
|-boost|p2a: Gholdengo|spa|2
|move|p1a: Dragonite|Thunder Punch|p2a: Gholdengo
|-damage|p2a: Gholdengo|66/100
|-enditem|p2a: Gholdengo|Air Balloon
|
|upkeep
|turn|20
|
|t:|1760737091
|-terastallize|p1a: Dragonite|Electric
|move|p2a: Gholdengo|Dazzling Gleam|p1a: Dragonite
|-crit|p1a: Dragonite
|-damage|p1a: Dragonite|64/100
|move|p1a: Dragonite|Thunder Punch|p2a: Gholdengo
|-damage|p2a: Gholdengo|19/100
|-status|p2a: Gholdengo|par
|
|upkeep
|turn|21
|
|t:|1760737097
|move|p1a: Dragonite|Thunder Punch|p2a: Gholdengo
|-damage|p2a: Gholdengo|0 fnt
|faint|p2a: Gholdengo
|
|upkeep
|c|☆vghhjg|haha this is amazing
|
|t:|1760737108
|switch|p2a: Dragonite|Dragonite, F|100/100
|turn|22
|
|t:|1760737126
|move|p2a: Dragonite|Dragon Dance|p2a: Dragonite
|-boost|p2a: Dragonite|atk|1
|-boost|p2a: Dragonite|spe|1
|move|p1a: Dragonite|Blizzard|p2a: Dragonite
|-supereffective|p2a: Dragonite
|-damage|p2a: Dragonite|58/100
|
|-heal|p2a: Dragonite|64/100|[from] item: Leftovers
|upkeep
|turn|23
|
|t:|1760737135
|move|p2a: Dragonite|Roost|p2a: Dragonite
|-heal|p2a: Dragonite|100/100
|-singleturn|p2a: Dragonite|move: Roost
|move|p1a: Dragonite|Blizzard|p2a: Dragonite
|-supereffective|p2a: Dragonite
|-damage|p2a: Dragonite|78/100
|
|-heal|p2a: Dragonite|84/100|[from] item: Leftovers
|upkeep
|turn|24
|
|t:|1760737142
|move|p2a: Dragonite|Roost|p2a: Dragonite
|-heal|p2a: Dragonite|100/100
|-singleturn|p2a: Dragonite|move: Roost
|move|p1a: Dragonite|Thunder Punch|p2a: Dragonite
|-resisted|p2a: Dragonite
|-damage|p2a: Dragonite|90/100
|
|-heal|p2a: Dragonite|96/100|[from] item: Leftovers
|upkeep
|turn|25
|c|☆kittensnax|Ooohh the scary dragonite
|
|t:|1760737166
|switch|p1a: a special boy|Porygon2|62/100
|-activate|p1a: a special boy|move: Sticky Web
|-unboost|p1a: a special boy|spe|1
|-damage|p1a: a special boy|49/100|[from] Stealth Rock
|-ability|p1a: a special boy|Download|boost
|-boost|p1a: a special boy|atk|1
|move|p2a: Dragonite|Earthquake|p1a: a special boy
|-damage|p1a: a special boy|10/100
|
|-heal|p2a: Dragonite|100/100|[from] item: Leftovers
|upkeep
|turn|26
|c|☆vghhjg|yours or mine ? :P
|c|☆vghhjg|bro is gonna pull the chople berry
|c|☆kittensnax|Yours!! Mine is pure coverage lol no dragon or flying moves
|c|☆vghhjg|i can feel it
|
|t:|1760737213
|move|p2a: Dragonite|Earthquake|p1a: a special boy
|-damage|p1a: a special boy|0 fnt
|faint|p1a: a special boy
|
|upkeep
|
|t:|1760737218
|switch|p1a: Gallade|Gallade, M|100/100
|-activate|p1a: Gallade|move: Sticky Web
|-unboost|p1a: Gallade|spe|1
|-damage|p1a: Gallade|94/100|[from] Stealth Rock
|turn|27
|c|☆vghhjg|nvm trick room got negative prop
|c|☆vghhjg|prop
|c|☆vghhjg|prio
|c|☆vghhjg|i always forget
|
|t:|1760737248
|move|p2a: Dragonite|Dragon Dance|p2a: Dragonite
|-boost|p2a: Dragonite|atk|1
|-boost|p2a: Dragonite|spe|1
|move|p1a: Gallade|Trick Room|p1a: Gallade
|-fieldstart|move: Trick Room|[of] p1a: Gallade
|
|-heal|p1a: Gallade|100/100|[from] item: Leftovers
|upkeep
|turn|28
|c|☆kittensnax|Yea its even lower than roar lol
|c|☆vghhjg|oh no
|
|t:|1760737261
|move|p1a: Gallade|Knock Off|p2a: Dragonite
|-damage|p2a: Dragonite|83/100
|-enditem|p2a: Dragonite|Leftovers|[from] move: Knock Off|[of] p1a: Gallade
|move|p2a: Dragonite|Roost|p2a: Dragonite
|-heal|p2a: Dragonite|100/100
|-singleturn|p2a: Dragonite|move: Roost
|
|upkeep
|turn|29
|
|t:|1760737269
|move|p1a: Gallade|Psycho Cut|p2a: Dragonite
|-damage|p2a: Dragonite|74/100
|move|p2a: Dragonite|Roost|p2a: Dragonite
|-heal|p2a: Dragonite|100/100
|-singleturn|p2a: Dragonite|move: Roost
|
|upkeep
|turn|30
|
|t:|1760737277
|move|p1a: Gallade|Psycho Cut|p2a: Dragonite
|-damage|p2a: Dragonite|73/100
|move|p2a: Dragonite|Roost|p2a: Dragonite
|-heal|p2a: Dragonite|100/100
|-singleturn|p2a: Dragonite|move: Roost
|
|upkeep
|turn|31
|
|t:|1760737282
|move|p1a: Gallade|Psycho Cut|p2a: Dragonite
|-damage|p2a: Dragonite|71/100
|move|p2a: Dragonite|Dragon Dance|p2a: Dragonite
|-boost|p2a: Dragonite|atk|1
|-boost|p2a: Dragonite|spe|1
|
|-fieldend|move: Trick Room
|upkeep
|turn|32
|
|t:|1760737287
|move|p2a: Dragonite|Earthquake|p1a: Gallade
|-damage|p1a: Gallade|0 fnt
|faint|p1a: Gallade
|
|upkeep
|
|t:|1760737290
|switch|p1a: Ursaluna|Ursaluna, M|33/100 brn
|-activate|p1a: Ursaluna|move: Sticky Web
|-unboost|p1a: Ursaluna|spe|1
|-damage|p1a: Ursaluna|27/100 brn|[from] Stealth Rock
|turn|33
|
|t:|1760737295
|move|p2a: Dragonite|Earthquake|p1a: Ursaluna
|-damage|p1a: Ursaluna|0 fnt
|faint|p1a: Ursaluna
|
|upkeep
|
|t:|1760737296
|switch|p1a: Dragonite|Dragonite, F, tera:Electric|64/100
|turn|34
|
|t:|1760737302
|move|p1a: Dragonite|Extreme Speed|p2a: Dragonite
|-damage|p2a: Dragonite|42/100
|move|p2a: Dragonite|Earthquake|p1a: Dragonite
|-supereffective|p1a: Dragonite
|-crit|p1a: Dragonite
|-damage|p1a: Dragonite|0 fnt
|faint|p1a: Dragonite
|
|win|vghhjg
|raw|kittensnax's rating: 1534 &rarr; <strong>1513</strong><br />(-21 for losing)
|raw|vghhjg's rating: 1509 &rarr; <strong>1530</strong><br />(+21 for winning)
|c|☆kittensnax|Gg!
|c|☆vghhjg|never thought i could win this
|c|☆vghhjg|ggs bro :P
|c|☆kittensnax|Same ^_^ ggs
|l|☆kittensnax
|player|p1|
|l|☆vghhjg
|player|p2|
