|j|☆aeromystic
|j|☆piunicoulours
|t:|1760805186
|gametype|singles
|player|p1|aeromystic|veteran|1295
|player|p2|piunicoulours|169|1283
|gen|9
|tier|[Gen 9] OU
|rated|
|rule|HP Percentage Mod: HP is shown in percentages
|rule|Endless Battle Clause: Forcing endless battles is banned
|rule|Species Clause: Limit one of each Pokémon
|rule|OHKO Clause: OHKO moves are banned
|rule|Evasion Items Clause: Evasion items are banned
|rule|Evasion Moves Clause: Evasion moves are banned
|rule|Evasion Abilities Clause: Evasion abilities are banned
|rule|Sleep Moves Clause: Sleep-inducing moves are banned
|clearpoke
|poke|p1|Flygon, M|
|poke|p1|Sceptile, M|
|poke|p1|Bisharp, F|
|poke|p1|Umbreon, F|
|poke|p1|Iron Hands|
|poke|p1|Milotic, F|
|poke|p2|Slowking-Galar, M|
|poke|p2|Zamazenta-*|
|poke|p2|Kingambit, M|
|poke|p2|Ogerpon-Wellspring, F|
|poke|p2|Raging Bolt|
|poke|p2|Landorus-Therian, M|
|teampreview
|inactive|Battle timer is ON: inactive players will automatically lose when time's up. (requested by aeromystic)
|
|t:|1760805193
|teamsize|p1|6
|teamsize|p2|6
|start
|switch|p1a: Flygon|Flygon, M|100/100
|switch|p2a: Landorus|Landorus-Therian, M|100/100
|-ability|p2a: Landorus|Intimidate|boost
|-unboost|p1a: Flygon|atk|1
|turn|1
|
|t:|1760805213
|switch|p1a: Iron Hands|Iron Hands|100/100
|move|p2a: Landorus|U-turn|p1a: Iron Hands
|-resisted|p1a: Iron Hands
|-damage|p1a: Iron Hands|91/100
|
|t:|1760805218
|switch|p2a: Slowking|Slowking-Galar, M|100/100|[from] U-turn
|
|upkeep
|turn|2
|
|t:|1760805226
|move|p1a: Iron Hands|Thunder Punch|p2a: Slowking
|-damage|p2a: Slowking|54/100
|move|p2a: Slowking|Future Sight|p1a: Iron Hands
|-start|p2a: Slowking|move: Future Sight
|
|upkeep
|turn|3
|
|t:|1760805230
|switch|p2a: Landorus|Landorus-Therian, M|100/100
|-ability|p2a: Landorus|Intimidate|boost
|-unboost|p1a: Iron Hands|atk|1
|move|p1a: Iron Hands|Thunder Punch|p2a: Landorus
|-immune|p2a: Landorus
|
|upkeep
|turn|4
|
|t:|1760805240
|move|p2a: Landorus|Earthquake|p1a: Iron Hands
|-supereffective|p1a: Iron Hands
|-damage|p1a: Iron Hands|16/100
|move|p1a: Iron Hands|Ice Punch|p2a: Landorus
|-supereffective|p2a: Landorus
|-damage|p2a: Landorus|10/100
|
|-end|p1a: Iron Hands|move: Future Sight
|-supereffective|p1a: Iron Hands
|-damage|p1a: Iron Hands|0 fnt
|faint|p1a: Iron Hands
|-end|p1a: Iron Hands|Quark Drive|[silent]
|upkeep
|
|t:|1760805251
|switch|p1a: Sceptile|Sceptile, M|100/100
|turn|5
|
|t:|1760805259
|switch|p2a: Slowking|Slowking-Galar, M|87/100
|move|p1a: Sceptile|Leaf Storm|p2a: Slowking
|-resisted|p2a: Slowking
|-damage|p2a: Slowking|75/100
|-unboost|p1a: Sceptile|spa|2
|-enditem|p1a: Sceptile|White Herb
|-clearnegativeboost|p1a: Sceptile|[silent]
|
|upkeep
|turn|6
|
|t:|1760805265
|move|p1a: Sceptile|Dragon Pulse|p2a: Slowking
|-damage|p2a: Slowking|64/100
|move|p2a: Slowking|Ice Beam|p1a: Sceptile
|-supereffective|p1a: Sceptile
|-damage|p1a: Sceptile|35/100
|
|upkeep
|turn|7
|
|t:|1760805271
|move|p1a: Sceptile|Dragon Pulse|p2a: Slowking
|-damage|p2a: Slowking|53/100
|move|p2a: Slowking|Sludge Bomb|p1a: Sceptile
|-supereffective|p1a: Sceptile
|-damage|p1a: Sceptile|0 fnt
|faint|p1a: Sceptile
|
|upkeep
|
|t:|1760805282
|switch|p1a: Umbreon|Umbreon, F, shiny|100/100
|turn|8
|-message|aeromystic forfeited.
|
|win|piunicoulours
|raw|aeromystic's rating: 1295 &rarr; <strong>1269</strong><br />(-26 for losing)
|raw|piunicoulours's rating: 1283 &rarr; <strong>1309</strong><br />(+26 for winning)
|l|☆aeromystic
|player|p1|
|l|☆piunicoulours
|player|p2|
