|j|☆AmanRises
|j|☆jewbacca675
|t:|1760820552
|gametype|singles
|player|p1|AmanRises|marshal|1405
|player|p2|jewbacca675|265|1517
|gen|9
|tier|[Gen 9] OU
|rated|
|rule|HP Percentage Mod: HP is shown in percentages
|rule|Endless Battle Clause: Forcing endless battles is banned
|rule|Species Clause: Limit one of each Pokémon
|rule|OHKO Clause: OHKO moves are banned
|rule|Evasion Items Clause: Evasion items are banned
|rule|Evasion Moves Clause: Evasion moves are banned
|rule|Evasion Abilities Clause: Evasion abilities are banned
|rule|Sleep Moves Clause: Sleep-inducing moves are banned
|clearpoke
|poke|p1|Torkoal, F|
|poke|p1|Venusaur, F|
|poke|p1|Garchomp, M|
|poke|p1|Heatran, M|
|poke|p1|Snorlax, F|
|poke|p1|Great Tusk|
|poke|p2|Pecharunt|
|poke|p2|Great Tusk|
|poke|p2|Ogerpon-Wellspring, F|
|poke|p2|Iron Crown|
|poke|p2|Landorus-Therian, M|
|poke|p2|Samurott-Hisui, M|
|teampreview
|inactive|Battle timer is ON: inactive players will automatically lose when time's up. (requested by jewbacca675)
|inactive|jewbacca675 has 120 seconds left.
|
|t:|1760820584
|teamsize|p1|6
|teamsize|p2|6
|start
|switch|p1a: Garchomp|Garchomp, M|100/100
|switch|p2a: Samurott|Samurott-Hisui, M|100/100
|turn|1
|
|t:|1760820605
|switch|p2a: Pecharunt|Pecharunt|100/100
|move|p1a: Garchomp|Stealth Rock|p2a: Pecharunt
|-sidestart|p2: jewbacca675|move: Stealth Rock
|
|upkeep
|turn|2
|
|t:|1760820611
|move|p1a: Garchomp|Earthquake|p2a: Pecharunt
|-supereffective|p2a: Pecharunt
|-damage|p2a: Pecharunt|58/100
|move|p2a: Pecharunt|Malignant Chain|p1a: Garchomp
|-resisted|p1a: Garchomp
|-damage|p1a: Garchomp|86/100
|
|upkeep
|turn|3
|
|t:|1760820618
|switch|p1a: Heatran|Heatran, M|100/100
|move|p2a: Pecharunt|Recover|p2a: Pecharunt
|-heal|p2a: Pecharunt|100/100
|
|upkeep
|turn|4
|
|t:|1760820624
|move|p2a: Pecharunt|Parting Shot|p1a: Heatran
|-unboost|p1a: Heatran|atk|1
|-unboost|p1a: Heatran|spa|1
|
|t:|1760820627
|switch|p2a: Samurott|Samurott-Hisui, M|100/100|[from] Parting Shot
|-damage|p2a: Samurott|88/100|[from] Stealth Rock
|move|p1a: Heatran|Magma Storm|p2a: Samurott
|-resisted|p2a: Samurott
|-damage|p2a: Samurott|74/100
|-activate|p2a: Samurott|move: Magma Storm|[of] p1a: Heatran
|
|-damage|p2a: Samurott|62/100|[from] move: Magma Storm|[partiallytrapped]
|upkeep
|turn|5
|
|t:|1760820636
|switch|p1a: Garchomp|Garchomp, M|86/100
|move|p2a: Samurott|Flip Turn|p1a: Garchomp
|-damage|p1a: Garchomp|65/100
|-damage|p2a: Samurott|49/100|[from] ability: Rough Skin|[of] p1a: Garchomp
|-damage|p2a: Samurott|33/100|[from] item: Rocky Helmet|[of] p1a: Garchomp
|
|t:|1760820651
|switch|p2a: Ogerpon|Ogerpon-Wellspring, F|100/100|[from] Flip Turn
|-damage|p2a: Ogerpon|88/100|[from] Stealth Rock
|
|upkeep
|turn|6
|
|t:|1760820656
|move|p2a: Ogerpon|Swords Dance|p2a: Ogerpon
|-boost|p2a: Ogerpon|atk|2
|move|p1a: Garchomp|Dragon Tail|p2a: Ogerpon
|-damage|p2a: Ogerpon|63/100
|drag|p2a: Samurott|Samurott-Hisui, M|33/100
|-damage|p2a: Samurott|20/100|[from] Stealth Rock
|
|upkeep
|turn|7
|
|t:|1760820669
|switch|p2a: Ogerpon|Ogerpon-Wellspring, F|63/100
|-damage|p2a: Ogerpon|51/100|[from] Stealth Rock
|move|p1a: Garchomp|Dragon Tail|p2a: Ogerpon
|-damage|p2a: Ogerpon|28/100
|drag|p2a: Landorus|Landorus-Therian, M|100/100
|-damage|p2a: Landorus|88/100|[from] Stealth Rock
|-ability|p2a: Landorus|Intimidate|boost
|-unboost|p1a: Garchomp|atk|1
|
|upkeep
|turn|8
|
|t:|1760820678
|move|p2a: Landorus|Earthquake|p1a: Garchomp
|-damage|p1a: Garchomp|25/100
|move|p1a: Garchomp|Dragon Tail|p2a: Landorus
|-damage|p2a: Landorus|67/100
|drag|p2a: Ogerpon|Ogerpon-Wellspring, F|28/100
|-damage|p2a: Ogerpon|15/100|[from] Stealth Rock
|
|upkeep
|turn|9
|
|t:|1760820686
|move|p2a: Ogerpon|Synthesis|p2a: Ogerpon
|-heal|p2a: Ogerpon|65/100
|move|p1a: Garchomp|Earthquake|p2a: Ogerpon
|-resisted|p2a: Ogerpon
|-damage|p2a: Ogerpon|52/100
|
|upkeep
|turn|10
|
|t:|1760820691
|move|p2a: Ogerpon|Ivy Cudgel|p1a: Garchomp|[anim] Ivy Cudgel Water
|-damage|p1a: Garchomp|0 fnt
|faint|p1a: Garchomp
|
|upkeep
|
|t:|1760820695
|switch|p1a: Torkoal|Torkoal, F, shiny|100/100
|-weather|SunnyDay|[from] ability: Drought|[of] p1a: Torkoal
|turn|11
|
|t:|1760820706
|-terastallize|p2a: Ogerpon|Water
|detailschange|p2a: Ogerpon|Ogerpon-Wellspring-Tera, F, tera:Water
|-ability|p2a: Ogerpon|Embody Aspect (Wellspring)|boost
|-boost|p2a: Ogerpon|spd|1
|move|p2a: Ogerpon|Trailblaze|p1a: Torkoal
|-resisted|p1a: Torkoal
|-damage|p1a: Torkoal|93/100
|-boost|p2a: Ogerpon|spe|1
|move|p1a: Torkoal|Will-O-Wisp|p2a: Ogerpon
|-status|p2a: Ogerpon|brn
|
|-weather|SunnyDay|[upkeep]
|-damage|p2a: Ogerpon|46/100 brn|[from] brn
|upkeep
|turn|12
|
|t:|1760820728
|switch|p1a: Heatran|Heatran, M|100/100
|move|p2a: Ogerpon|Trailblaze|p1a: Heatran
|-resisted|p1a: Heatran
|-damage|p1a: Heatran|98/100
|-boost|p2a: Ogerpon|spe|1
|
|-weather|SunnyDay|[upkeep]
|-heal|p1a: Heatran|100/100|[from] item: Leftovers
|-damage|p2a: Ogerpon|40/100 brn|[from] brn
|upkeep
|turn|13
|
|t:|1760820737
|move|p2a: Ogerpon|Synthesis|p2a: Ogerpon
|-heal|p2a: Ogerpon|100/100 brn
|move|p1a: Heatran|Solar Beam||[still]
|-prepare|p1a: Heatran|Solar Beam
|-anim|p1a: Heatran|Solar Beam|p2a: Ogerpon
|-supereffective|p2a: Ogerpon
|-damage|p2a: Ogerpon|52/100 brn
|
|-weather|SunnyDay|[upkeep]
|-damage|p2a: Ogerpon|46/100 brn|[from] brn
|upkeep
|turn|14
|
|t:|1760820748
|move|p2a: Ogerpon|Synthesis|p2a: Ogerpon
|-heal|p2a: Ogerpon|100/100 brn
|move|p1a: Heatran|Solar Beam||[still]
|-prepare|p1a: Heatran|Solar Beam
|-anim|p1a: Heatran|Solar Beam|p2a: Ogerpon
|-supereffective|p2a: Ogerpon
|-damage|p2a: Ogerpon|57/100 brn
|
|-weather|SunnyDay|[upkeep]
|-damage|p2a: Ogerpon|50/100 brn|[from] brn
|upkeep
|turn|15
|
|t:|1760820756
|move|p2a: Ogerpon|Swords Dance|p2a: Ogerpon
|-boost|p2a: Ogerpon|atk|2
|move|p1a: Heatran|Taunt|p2a: Ogerpon
|-start|p2a: Ogerpon|move: Taunt
|
|-weather|SunnyDay|[upkeep]
|-damage|p2a: Ogerpon|44/100 brn|[from] brn
|upkeep
|turn|16
|
|t:|1760820763
|move|p2a: Ogerpon|Ivy Cudgel|p1a: Heatran|[anim] Ivy Cudgel Water
|-supereffective|p1a: Heatran
|-damage|p1a: Heatran|44/100
|move|p1a: Heatran|Solar Beam||[still]
|-prepare|p1a: Heatran|Solar Beam
|-anim|p1a: Heatran|Solar Beam|p2a: Ogerpon
|-supereffective|p2a: Ogerpon
|-damage|p2a: Ogerpon|2/100 brn
|
|-weather|SunnyDay|[upkeep]
|-heal|p1a: Heatran|50/100|[from] item: Leftovers
|-damage|p2a: Ogerpon|0 fnt|[from] brn
|faint|p2a: Ogerpon
|detailschange|p2: Ogerpon|Ogerpon-Wellspring, F|[silent]
|upkeep
|
|t:|1760820767
|switch|p2a: Great Tusk|Great Tusk|100/100
|-damage|p2a: Great Tusk|98/100|[from] Stealth Rock
|-activate|p2a: Great Tusk|ability: Protosynthesis
|-start|p2a: Great Tusk|protosynthesisspe
|turn|17
|
|t:|1760820777
|move|p2a: Great Tusk|Rapid Spin|p1a: Heatran
|-resisted|p1a: Heatran
|-damage|p1a: Heatran|44/100
|-boost|p2a: Great Tusk|spe|1
|-sideend|p2: jewbacca675|Stealth Rock|[from] move: Rapid Spin|[of] p2a: Great Tusk
|move|p1a: Heatran|Solar Beam||[still]
|-prepare|p1a: Heatran|Solar Beam
|-anim|p1a: Heatran|Solar Beam|p2a: Great Tusk
|-supereffective|p2a: Great Tusk
|-damage|p2a: Great Tusk|5/100
|
|-weather|SunnyDay|[upkeep]
|-heal|p1a: Heatran|50/100|[from] item: Leftovers
|upkeep
|turn|18
|
|t:|1760820793
|move|p2a: Great Tusk|Headlong Rush|p1a: Heatran
|-supereffective|p1a: Heatran
|-damage|p1a: Heatran|0 fnt
|-unboost|p2a: Great Tusk|def|1
|-unboost|p2a: Great Tusk|spd|1
|faint|p1a: Heatran
|
|-weather|none
|-end|p2a: Great Tusk|Protosynthesis
|upkeep
|-enditem|p2a: Great Tusk|Booster Energy
|-activate|p2a: Great Tusk|ability: Protosynthesis|[fromitem]
|-start|p2a: Great Tusk|protosynthesisspe
|
|t:|1760820805
|switch|p1a: Torkoal|Torkoal, F, shiny|93/100
|-weather|SunnyDay|[from] ability: Drought|[of] p1a: Torkoal
|turn|19
|
|t:|1760820811
|move|p2a: Great Tusk|Headlong Rush|p1a: Torkoal
|-supereffective|p1a: Torkoal
|-crit|p1a: Torkoal
|-damage|p1a: Torkoal|0 fnt
|-unboost|p2a: Great Tusk|def|1
|-unboost|p2a: Great Tusk|spd|1
|faint|p1a: Torkoal
|
|-weather|SunnyDay|[upkeep]
|upkeep
|
|t:|1760820818
|switch|p1a: Venusaur|Venusaur, F|100/100
|turn|20
|
|t:|1760820828
|move|p2a: Great Tusk|Headlong Rush|p1a: Venusaur
|-damage|p1a: Venusaur|27/100
|-unboost|p2a: Great Tusk|def|1
|-unboost|p2a: Great Tusk|spd|1
|move|p1a: Venusaur|Solar Beam||[still]
|-prepare|p1a: Venusaur|Solar Beam
|-anim|p1a: Venusaur|Solar Beam|p2a: Great Tusk
|-supereffective|p2a: Great Tusk
|-damage|p2a: Great Tusk|0 fnt
|faint|p2a: Great Tusk
|-end|p2a: Great Tusk|Protosynthesis|[silent]
|-damage|p1a: Venusaur|17/100|[from] item: Life Orb
|
|-weather|SunnyDay|[upkeep]
|upkeep
|
|t:|1760820833
|switch|p2a: Pecharunt|Pecharunt|100/100
|turn|21
|
|t:|1760820840
|move|p1a: Venusaur|Earth Power|p2a: Pecharunt
|-supereffective|p2a: Pecharunt
|-damage|p2a: Pecharunt|32/100
|-damage|p1a: Venusaur|7/100|[from] item: Life Orb
|move|p2a: Pecharunt|Recover|p2a: Pecharunt
|-heal|p2a: Pecharunt|82/100
|
|-weather|SunnyDay|[upkeep]
|upkeep
|turn|22
|
|t:|1760820848
|move|p1a: Venusaur|Growth|p1a: Venusaur
|-boost|p1a: Venusaur|atk|2
|-boost|p1a: Venusaur|spa|2
|move|p2a: Pecharunt|Recover|p2a: Pecharunt
|-heal|p2a: Pecharunt|100/100
|
|-weather|SunnyDay|[upkeep]
|upkeep
|turn|23
|
|t:|1760820854
|switch|p2a: Samurott|Samurott-Hisui, M|20/100
|move|p1a: Venusaur|Earth Power|p2a: Samurott
|-damage|p2a: Samurott|0 fnt
|faint|p2a: Samurott
|-damage|p1a: Venusaur|0 fnt|[from] item: Life Orb
|faint|p1a: Venusaur
|
|-weather|SunnyDay|[upkeep]
|upkeep
|
|t:|1760820865
|switch|p1a: Great Tusk|Great Tusk|100/100
|switch|p2a: Iron Crown|Iron Crown|100/100
|-activate|p1a: Great Tusk|ability: Protosynthesis
|-start|p1a: Great Tusk|protosynthesisatk
|turn|24
|
|t:|1760820872
|move|p1a: Great Tusk|Knock Off|p2a: Iron Crown
|-supereffective|p2a: Iron Crown
|-damage|p2a: Iron Crown|0 fnt
|-enditem|p2a: Iron Crown|Choice Specs|[from] move: Knock Off|[of] p1a: Great Tusk
|faint|p2a: Iron Crown
|-end|p2a: Iron Crown|Quark Drive|[silent]
|
|-weather|SunnyDay|[upkeep]
|upkeep
|
|t:|1760820876
|switch|p2a: Landorus|Landorus-Therian, M|67/100
|-ability|p2a: Landorus|Intimidate|boost
|-unboost|p1a: Great Tusk|atk|1
|turn|25
|
|t:|1760820881
|move|p2a: Landorus|Earthquake|p1a: Great Tusk
|-damage|p1a: Great Tusk|56/100
|move|p1a: Great Tusk|Knock Off|p2a: Landorus
|-damage|p2a: Landorus|28/100
|-enditem|p2a: Landorus|Choice Scarf|[from] move: Knock Off|[of] p1a: Great Tusk
|
|-weather|SunnyDay|[upkeep]
|upkeep
|turn|26
|
|t:|1760820891
|move|p1a: Great Tusk|Knock Off|p2a: Landorus
|-damage|p2a: Landorus|2/100
|move|p2a: Landorus|Earthquake|p1a: Great Tusk
|-damage|p1a: Great Tusk|13/100
|
|-weather|none
|-end|p1a: Great Tusk|Protosynthesis
|upkeep
|turn|27
|
|t:|1760820897
|move|p1a: Great Tusk|Knock Off|p2a: Landorus
|-damage|p2a: Landorus|0 fnt
|faint|p2a: Landorus
|
|upkeep
|
|t:|1760820898
|switch|p2a: Pecharunt|Pecharunt|100/100
|turn|28
|
|t:|1760820902
|move|p1a: Great Tusk|Knock Off|p2a: Pecharunt
|-supereffective|p2a: Pecharunt
|-damage|p2a: Pecharunt|78/100
|-damage|p1a: Great Tusk|0 fnt|[from] item: Rocky Helmet|[of] p2a: Pecharunt
|faint|p1a: Great Tusk
|-end|p1a: Great Tusk|Protosynthesis|[silent]
|move|p2a: Pecharunt|Recover|p2a: Pecharunt
|-heal|p2a: Pecharunt|100/100
|
|upkeep
|
|t:|1760820909
|switch|p1a: Snorlax|Snorlax, F|100/100
|turn|29
|
|t:|1760820913
|move|p2a: Pecharunt|Malignant Chain|p1a: Snorlax
|-damage|p1a: Snorlax|87/100
|-status|p1a: Snorlax|tox
|-start|p1a: Snorlax|confusion|[from] ability: Poison Puppeteer|[of] p2a: Pecharunt
|-activate|p1a: Snorlax|confusion
|move|p1a: Snorlax|Curse|p1a: Snorlax
|-unboost|p1a: Snorlax|spe|1
|-boost|p1a: Snorlax|atk|1
|-boost|p1a: Snorlax|def|1
|
|-heal|p1a: Snorlax|93/100 tox|[from] item: Leftovers
|-damage|p1a: Snorlax|87/100 tox|[from] psn
|upkeep
|turn|30
|
|t:|1760820925
|move|p2a: Pecharunt|Foul Play|p1a: Snorlax
|-damage|p1a: Snorlax|64/100 tox
|-activate|p1a: Snorlax|confusion
|-damage|p1a: Snorlax|55/100 tox|[from] confusion
|
|-heal|p1a: Snorlax|61/100 tox|[from] item: Leftovers
|-damage|p1a: Snorlax|49/100 tox|[from] psn
|upkeep
|turn|31
|
|t:|1760820932
|move|p2a: Pecharunt|Foul Play|p1a: Snorlax
|-damage|p1a: Snorlax|27/100 tox
|-end|p1a: Snorlax|confusion
|move|p1a: Snorlax|Rest|p1a: Snorlax
|-status|p1a: Snorlax|slp|[from] move: Rest
|-heal|p1a: Snorlax|100/100 slp|[silent]
|
|upkeep
|turn|32
|
|t:|1760820942
|move|p2a: Pecharunt|Parting Shot|p1a: Snorlax
|-unboost|p1a: Snorlax|atk|1
|-unboost|p1a: Snorlax|spa|1
|cant|p1a: Snorlax|slp
|
|upkeep
|turn|33
|
|t:|1760820947
|move|p2a: Pecharunt|Parting Shot|p1a: Snorlax
|-unboost|p1a: Snorlax|atk|1
|-unboost|p1a: Snorlax|spa|1
|cant|p1a: Snorlax|slp
|
|upkeep
|turn|34
|
|t:|1760820951
|move|p2a: Pecharunt|Malignant Chain|p1a: Snorlax
|-damage|p1a: Snorlax|86/100 slp
|-curestatus|p1a: Snorlax|slp|[msg]
|move|p1a: Snorlax|Curse|p1a: Snorlax
|-unboost|p1a: Snorlax|spe|1
|-boost|p1a: Snorlax|atk|1
|-boost|p1a: Snorlax|def|1
|
|-heal|p1a: Snorlax|92/100|[from] item: Leftovers
|upkeep
|turn|35
|
|t:|1760820960
|move|p2a: Pecharunt|Malignant Chain|p1a: Snorlax
|-damage|p1a: Snorlax|78/100
|-status|p1a: Snorlax|tox
|-start|p1a: Snorlax|confusion|[from] ability: Poison Puppeteer|[of] p2a: Pecharunt
|-activate|p1a: Snorlax|confusion
|move|p1a: Snorlax|Heat Crash|p2a: Pecharunt
|-damage|p2a: Pecharunt|85/100
|-damage|p1a: Snorlax|62/100 tox|[from] item: Rocky Helmet|[of] p2a: Pecharunt
|
|-heal|p1a: Snorlax|68/100 tox|[from] item: Leftovers
|-damage|p1a: Snorlax|62/100 tox|[from] psn
|upkeep
|turn|36
|
|t:|1760820972
|move|p2a: Pecharunt|Foul Play|p1a: Snorlax
|-damage|p1a: Snorlax|50/100 tox
|-activate|p1a: Snorlax|confusion
|move|p1a: Snorlax|Rest|p1a: Snorlax
|-status|p1a: Snorlax|slp|[from] move: Rest
|-heal|p1a: Snorlax|100/100 slp|[silent]
|
|upkeep
|turn|37
|
|t:|1760820979
|move|p2a: Pecharunt|Parting Shot|p1a: Snorlax
|-unboost|p1a: Snorlax|atk|1
|-unboost|p1a: Snorlax|spa|1
|cant|p1a: Snorlax|slp
|
|upkeep
|turn|38
|
|t:|1760820983
|move|p2a: Pecharunt|Parting Shot|p1a: Snorlax
|-unboost|p1a: Snorlax|atk|1
|-unboost|p1a: Snorlax|spa|1
|cant|p1a: Snorlax|slp
|
|upkeep
|turn|39
|
|t:|1760820988
|move|p2a: Pecharunt|Parting Shot|p1a: Snorlax
|-unboost|p1a: Snorlax|atk|1
|-unboost|p1a: Snorlax|spa|1
|-curestatus|p1a: Snorlax|slp|[msg]
|-end|p1a: Snorlax|confusion
|move|p1a: Snorlax|Curse|p1a: Snorlax
|-unboost|p1a: Snorlax|spe|1
|-boost|p1a: Snorlax|atk|1
|-boost|p1a: Snorlax|def|1
|
|upkeep
|turn|40
|
|t:|1760820999
|move|p2a: Pecharunt|Malignant Chain|p1a: Snorlax
|-damage|p1a: Snorlax|87/100
|move|p1a: Snorlax|Curse|p1a: Snorlax
|-unboost|p1a: Snorlax|spe|1
|-boost|p1a: Snorlax|atk|1
|-boost|p1a: Snorlax|def|1
|
|-heal|p1a: Snorlax|93/100|[from] item: Leftovers
|upkeep
|turn|41
|
|t:|1760821008
|move|p2a: Pecharunt|Malignant Chain|p1a: Snorlax
|-damage|p1a: Snorlax|79/100
|move|p1a: Snorlax|Heat Crash|p2a: Pecharunt
|-damage|p2a: Pecharunt|75/100
|-damage|p1a: Snorlax|62/100|[from] item: Rocky Helmet|[of] p2a: Pecharunt
|
|-heal|p1a: Snorlax|68/100|[from] item: Leftovers
|upkeep
|turn|42
|
|t:|1760821016
|move|p2a: Pecharunt|Malignant Chain|p1a: Snorlax
|-damage|p1a: Snorlax|55/100
|-status|p1a: Snorlax|tox
|-start|p1a: Snorlax|confusion|[from] ability: Poison Puppeteer|[of] p2a: Pecharunt
|-activate|p1a: Snorlax|confusion
|-damage|p1a: Snorlax|53/100 tox|[from] confusion
|
|-heal|p1a: Snorlax|59/100 tox|[from] item: Leftovers
|-damage|p1a: Snorlax|53/100 tox|[from] psn
|upkeep
|turn|43
|
|t:|1760821027
|move|p2a: Pecharunt|Malignant Chain|p1a: Snorlax
|-damage|p1a: Snorlax|40/100 tox
|-activate|p1a: Snorlax|confusion
|move|p1a: Snorlax|Rest|p1a: Snorlax
|-status|p1a: Snorlax|slp|[from] move: Rest
|-heal|p1a: Snorlax|100/100 slp|[silent]
|
|upkeep
|turn|44
|
|t:|1760821035
|move|p2a: Pecharunt|Parting Shot|p1a: Snorlax
|-unboost|p1a: Snorlax|atk|1
|-unboost|p1a: Snorlax|spa|1
|cant|p1a: Snorlax|slp
|
|upkeep
|turn|45
|
|t:|1760821041
|move|p2a: Pecharunt|Parting Shot|p1a: Snorlax
|-unboost|p1a: Snorlax|atk|1
|-unboost|p1a: Snorlax|spa|0
|cant|p1a: Snorlax|slp
|
|upkeep
|turn|46
|
|t:|1760821047
|move|p2a: Pecharunt|Parting Shot|p1a: Snorlax
|-unboost|p1a: Snorlax|atk|1
|-unboost|p1a: Snorlax|spa|0
|-curestatus|p1a: Snorlax|slp|[msg]
|-end|p1a: Snorlax|confusion
|move|p1a: Snorlax|Body Slam|p2a: Pecharunt
|-immune|p2a: Pecharunt
|
|upkeep
|turn|47
|
|t:|1760821055
|move|p2a: Pecharunt|Parting Shot|p1a: Snorlax
|-unboost|p1a: Snorlax|atk|1
|-unboost|p1a: Snorlax|spa|0
|move|p1a: Snorlax|Body Slam|p2a: Pecharunt
|-immune|p2a: Pecharunt
|
|upkeep
|turn|48
|
|t:|1760821061
|move|p2a: Pecharunt|Foul Play|p1a: Snorlax
|-damage|p1a: Snorlax|98/100
|move|p1a: Snorlax|Body Slam|p2a: Pecharunt
|-immune|p2a: Pecharunt
|
|-heal|p1a: Snorlax|100/100|[from] item: Leftovers
|upkeep
|turn|49
|
|t:|1760821069
|move|p2a: Pecharunt|Foul Play|p1a: Snorlax
|-damage|p1a: Snorlax|98/100
|move|p1a: Snorlax|Body Slam|p2a: Pecharunt
|-immune|p2a: Pecharunt
|
|-heal|p1a: Snorlax|100/100|[from] item: Leftovers
|upkeep
|turn|50
|c|☆jewbacca675|if we're gonna do this let's make it quick lol
|
|t:|1760821086
|move|p2a: Pecharunt|Foul Play|p1a: Snorlax
|-damage|p1a: Snorlax|98/100
|move|p1a: Snorlax|Body Slam|p2a: Pecharunt
|-immune|p2a: Pecharunt
|
|-heal|p1a: Snorlax|100/100|[from] item: Leftovers
|upkeep
|turn|51
|c|☆AmanRises|im just too stubborn
|
|t:|1760821093
|move|p2a: Pecharunt|Foul Play|p1a: Snorlax
|-crit|p1a: Snorlax
|-damage|p1a: Snorlax|65/100
|move|p1a: Snorlax|Curse|p1a: Snorlax
|-unboost|p1a: Snorlax|spe|1
|-boost|p1a: Snorlax|atk|1
|-boost|p1a: Snorlax|def|1
|
|-heal|p1a: Snorlax|71/100|[from] item: Leftovers
|upkeep
|turn|52
|
|t:|1760821101
|move|p2a: Pecharunt|Parting Shot|p1a: Snorlax
|-unboost|p1a: Snorlax|atk|1
|-unboost|p1a: Snorlax|spa|0
|move|p1a: Snorlax|Body Slam|p2a: Pecharunt
|-immune|p2a: Pecharunt
|
|-heal|p1a: Snorlax|77/100|[from] item: Leftovers
|upkeep
|turn|53
|
|t:|1760821108
|move|p2a: Pecharunt|Foul Play|p1a: Snorlax
|-damage|p1a: Snorlax|75/100
|move|p1a: Snorlax|Body Slam|p2a: Pecharunt
|-immune|p2a: Pecharunt
|
|-heal|p1a: Snorlax|81/100|[from] item: Leftovers
|upkeep
|turn|54
|
|t:|1760821125
|move|p2a: Pecharunt|Foul Play|p1a: Snorlax
|-damage|p1a: Snorlax|79/100
|move|p1a: Snorlax|Curse|p1a: Snorlax
|-unboost|p1a: Snorlax|spe|1
|-boost|p1a: Snorlax|atk|1
|-boost|p1a: Snorlax|def|1
|
|-heal|p1a: Snorlax|85/100|[from] item: Leftovers
|upkeep
|turn|55
|
|t:|1760821134
|move|p2a: Pecharunt|Parting Shot|p1a: Snorlax
|-unboost|p1a: Snorlax|atk|1
|-unboost|p1a: Snorlax|spa|0
|move|p1a: Snorlax|Body Slam|p2a: Pecharunt
|-immune|p2a: Pecharunt
|
|-heal|p1a: Snorlax|91/100|[from] item: Leftovers
|upkeep
|turn|56
|
|t:|1760821142
|move|p2a: Pecharunt|Foul Play|p1a: Snorlax
|-damage|p1a: Snorlax|89/100
|move|p1a: Snorlax|Body Slam|p2a: Pecharunt
|-immune|p2a: Pecharunt
|
|-heal|p1a: Snorlax|96/100|[from] item: Leftovers
|upkeep
|turn|57
|
|t:|1760821149
|move|p2a: Pecharunt|Foul Play|p1a: Snorlax
|-damage|p1a: Snorlax|94/100
|move|p1a: Snorlax|Body Slam|p2a: Pecharunt
|-immune|p2a: Pecharunt
|
|-heal|p1a: Snorlax|99/100|[from] item: Leftovers
|upkeep
|turn|58
|
|t:|1760821156
|move|p2a: Pecharunt|Parting Shot|p1a: Snorlax
|-unboost|p1a: Snorlax|atk|1
|-unboost|p1a: Snorlax|spa|0
|move|p1a: Snorlax|Curse|p1a: Snorlax
|-boost|p1a: Snorlax|atk|1
|
|-heal|p1a: Snorlax|100/100|[from] item: Leftovers
|upkeep
|turn|59
|c|☆AmanRises|have you considered just letting me have this one
|inactive|jewbacca675 has 120 seconds left.
|
|t:|1760821189
|move|p2a: Pecharunt|Foul Play|p1a: Snorlax
|-damage|p1a: Snorlax|99/100
|move|p1a: Snorlax|Body Slam|p2a: Pecharunt
|-immune|p2a: Pecharunt
|
|-heal|p1a: Snorlax|100/100|[from] item: Leftovers
|upkeep
|turn|60
|c|☆jewbacca675|im stubborn too lol
|
|t:|1760821200
|move|p2a: Pecharunt|Parting Shot|p1a: Snorlax
|-unboost|p1a: Snorlax|atk|1
|-unboost|p1a: Snorlax|spa|0
|move|p1a: Snorlax|Curse|p1a: Snorlax
|-boost|p1a: Snorlax|atk|1
|
|upkeep
|turn|61
|c|☆jewbacca675|let's play it out!
|
|t:|1760821207
|move|p2a: Pecharunt|Parting Shot|p1a: Snorlax
|-unboost|p1a: Snorlax|atk|1
|-unboost|p1a: Snorlax|spa|0
|move|p1a: Snorlax|Body Slam|p2a: Pecharunt
|-immune|p2a: Pecharunt
|
|upkeep
|turn|62
|
|t:|1760821213
|move|p2a: Pecharunt|Foul Play|p1a: Snorlax
|-damage|p1a: Snorlax|99/100
|move|p1a: Snorlax|Body Slam|p2a: Pecharunt
|-immune|p2a: Pecharunt
|
|-heal|p1a: Snorlax|100/100|[from] item: Leftovers
|upkeep
|turn|63
|
|t:|1760821220
|move|p2a: Pecharunt|Foul Play|p1a: Snorlax
|-damage|p1a: Snorlax|99/100
|move|p1a: Snorlax|Heat Crash|p2a: Pecharunt
|-damage|p2a: Pecharunt|71/100
|-damage|p1a: Snorlax|82/100|[from] item: Rocky Helmet|[of] p2a: Pecharunt
|
|-heal|p1a: Snorlax|88/100|[from] item: Leftovers
|upkeep
|turn|64
|
|t:|1760821230
|move|p2a: Pecharunt|Parting Shot|p1a: Snorlax
|-unboost|p1a: Snorlax|atk|0
|-unboost|p1a: Snorlax|spa|0
|move|p1a: Snorlax|Heat Crash|p2a: Pecharunt
|-damage|p2a: Pecharunt|67/100
|-damage|p1a: Snorlax|72/100|[from] item: Rocky Helmet|[of] p2a: Pecharunt
|
|-heal|p1a: Snorlax|78/100|[from] item: Leftovers
|upkeep
|turn|65
|
|t:|1760821238
|move|p2a: Pecharunt|Foul Play|p1a: Snorlax
|-damage|p1a: Snorlax|76/100
|move|p1a: Snorlax|Heat Crash|p2a: Pecharunt
|-damage|p2a: Pecharunt|64/100
|-damage|p1a: Snorlax|60/100|[from] item: Rocky Helmet|[of] p2a: Pecharunt
|
|-heal|p1a: Snorlax|66/100|[from] item: Leftovers
|upkeep
|turn|66
|
|t:|1760821246
|move|p2a: Pecharunt|Foul Play|p1a: Snorlax
|-damage|p1a: Snorlax|65/100
|move|p1a: Snorlax|Body Slam|p2a: Pecharunt
|-immune|p2a: Pecharunt
|
|-heal|p1a: Snorlax|71/100|[from] item: Leftovers
|upkeep
|turn|67
|
|t:|1760821252
|move|p2a: Pecharunt|Foul Play|p1a: Snorlax
|-damage|p1a: Snorlax|69/100
|move|p1a: Snorlax|Rest|p1a: Snorlax
|-status|p1a: Snorlax|slp|[from] move: Rest
|-heal|p1a: Snorlax|100/100 slp|[silent]
|
|upkeep
|turn|68
|
|t:|1760821259
|move|p2a: Pecharunt|Foul Play|p1a: Snorlax
|-damage|p1a: Snorlax|99/100 slp
|cant|p1a: Snorlax|slp
|
|-heal|p1a: Snorlax|100/100 slp|[from] item: Leftovers
|upkeep
|turn|69
|
|t:|1760821265
|move|p2a: Pecharunt|Foul Play|p1a: Snorlax
|-damage|p1a: Snorlax|99/100 slp
|cant|p1a: Snorlax|slp
|
|-heal|p1a: Snorlax|100/100 slp|[from] item: Leftovers
|upkeep
|turn|70
|
|t:|1760821270
|move|p2a: Pecharunt|Foul Play|p1a: Snorlax
|-damage|p1a: Snorlax|99/100 slp
|-curestatus|p1a: Snorlax|slp|[msg]
|move|p1a: Snorlax|Body Slam|p2a: Pecharunt
|-immune|p2a: Pecharunt
|
|-heal|p1a: Snorlax|100/100|[from] item: Leftovers
|upkeep
|turn|71
|
|t:|1760821278
|move|p2a: Pecharunt|Foul Play|p1a: Snorlax
|-damage|p1a: Snorlax|99/100
|move|p1a: Snorlax|Curse|p1a: Snorlax
|-boost|p1a: Snorlax|atk|1
|
|-heal|p1a: Snorlax|100/100|[from] item: Leftovers
|upkeep
|turn|72
|
|t:|1760821287
|move|p2a: Pecharunt|Foul Play|p1a: Snorlax
|-damage|p1a: Snorlax|99/100
|move|p1a: Snorlax|Curse|p1a: Snorlax
|-boost|p1a: Snorlax|atk|1
|
|-heal|p1a: Snorlax|100/100|[from] item: Leftovers
|upkeep
|turn|73
|
|t:|1760821293
|move|p2a: Pecharunt|Parting Shot|p1a: Snorlax
|-unboost|p1a: Snorlax|atk|1
|-unboost|p1a: Snorlax|spa|0
|move|p1a: Snorlax|Body Slam|p2a: Pecharunt
|-immune|p2a: Pecharunt
|
|upkeep
|turn|74
|
|t:|1760821299
|move|p2a: Pecharunt|Parting Shot|p1a: Snorlax
|-unboost|p1a: Snorlax|atk|1
|-unboost|p1a: Snorlax|spa|0
|move|p1a: Snorlax|Heat Crash|p2a: Pecharunt
|-damage|p2a: Pecharunt|60/100
|-damage|p1a: Snorlax|84/100|[from] item: Rocky Helmet|[of] p2a: Pecharunt
|
|-heal|p1a: Snorlax|90/100|[from] item: Leftovers
|upkeep
|turn|75
|
|t:|1760821307
|move|p2a: Pecharunt|Foul Play|p1a: Snorlax
|-damage|p1a: Snorlax|88/100
|move|p1a: Snorlax|Body Slam|p2a: Pecharunt
|-immune|p2a: Pecharunt
|
|-heal|p1a: Snorlax|95/100|[from] item: Leftovers
|upkeep
|turn|76
|
|t:|1760821314
|move|p2a: Pecharunt|Parting Shot|p1a: Snorlax
|-unboost|p1a: Snorlax|atk|0
|-unboost|p1a: Snorlax|spa|0
|move|p1a: Snorlax|Body Slam|p2a: Pecharunt
|-immune|p2a: Pecharunt
|
|-heal|p1a: Snorlax|100/100|[from] item: Leftovers
|upkeep
|turn|77
|
|t:|1760821323
|move|p2a: Pecharunt|Foul Play|p1a: Snorlax
|-damage|p1a: Snorlax|99/100
|move|p1a: Snorlax|Curse|p1a: Snorlax
|-boost|p1a: Snorlax|atk|1
|
|-heal|p1a: Snorlax|100/100|[from] item: Leftovers
|upkeep
|turn|78
|
|t:|1760821329
|move|p2a: Pecharunt|Parting Shot|p1a: Snorlax
|-unboost|p1a: Snorlax|atk|1
|-unboost|p1a: Snorlax|spa|0
|move|p1a: Snorlax|Body Slam|p2a: Pecharunt
|-immune|p2a: Pecharunt
|
|upkeep
|turn|79
|
|t:|1760821335
|move|p2a: Pecharunt|Parting Shot|p1a: Snorlax
|-unboost|p1a: Snorlax|atk|0
|-unboost|p1a: Snorlax|spa|0
|move|p1a: Snorlax|Body Slam|p2a: Pecharunt
|-immune|p2a: Pecharunt
|
|upkeep
|turn|80
|
|t:|1760821340
|move|p2a: Pecharunt|Parting Shot|p1a: Snorlax
|-unboost|p1a: Snorlax|atk|0
|-unboost|p1a: Snorlax|spa|0
|move|p1a: Snorlax|Curse|p1a: Snorlax
|-boost|p1a: Snorlax|atk|1
|
|upkeep
|turn|81
|
|t:|1760821346
|move|p2a: Pecharunt|Parting Shot|p1a: Snorlax
|-unboost|p1a: Snorlax|atk|1
|-unboost|p1a: Snorlax|spa|0
|move|p1a: Snorlax|Curse|p1a: Snorlax
|-boost|p1a: Snorlax|atk|1
|
|upkeep
|turn|82
|
|t:|1760821352
|move|p2a: Pecharunt|Parting Shot|p1a: Snorlax
|-unboost|p1a: Snorlax|atk|1
|-unboost|p1a: Snorlax|spa|0
|move|p1a: Snorlax|Body Slam|p2a: Pecharunt
|-immune|p2a: Pecharunt
|
|upkeep
|turn|83
|
|t:|1760821360
|move|p2a: Pecharunt|Parting Shot|p1a: Snorlax
|-unboost|p1a: Snorlax|atk|0
|-unboost|p1a: Snorlax|spa|0
|move|p1a: Snorlax|Curse|p1a: Snorlax
|-boost|p1a: Snorlax|atk|1
|
|upkeep
|turn|84
|
|t:|1760821366
|move|p2a: Pecharunt|Parting Shot|p1a: Snorlax
|-unboost|p1a: Snorlax|atk|1
|-unboost|p1a: Snorlax|spa|0
|move|p1a: Snorlax|Body Slam|p2a: Pecharunt
|-immune|p2a: Pecharunt
|
|upkeep
|turn|85
|
|t:|1760821371
|move|p2a: Pecharunt|Parting Shot|p1a: Snorlax
|-unboost|p1a: Snorlax|atk|0
|-unboost|p1a: Snorlax|spa|0
|move|p1a: Snorlax|Heat Crash|p2a: Pecharunt
|-damage|p2a: Pecharunt|57/100
|-damage|p1a: Snorlax|84/100|[from] item: Rocky Helmet|[of] p2a: Pecharunt
|
|-heal|p1a: Snorlax|90/100|[from] item: Leftovers
|upkeep
|turn|86
|
|t:|1760821379
|move|p2a: Pecharunt|Parting Shot|p1a: Snorlax
|-unboost|p1a: Snorlax|atk|0
|-unboost|p1a: Snorlax|spa|0
|move|p1a: Snorlax|Rest|p1a: Snorlax
|-status|p1a: Snorlax|slp|[from] move: Rest
|-heal|p1a: Snorlax|100/100 slp|[silent]
|
|upkeep
|turn|87
|
|t:|1760821385
|move|p2a: Pecharunt|Recover|p2a: Pecharunt
|-heal|p2a: Pecharunt|100/100
|cant|p1a: Snorlax|slp
|
|upkeep
|turn|88
|
|t:|1760821390
|move|p2a: Pecharunt|Parting Shot|p1a: Snorlax
|-unboost|p1a: Snorlax|atk|0
|-unboost|p1a: Snorlax|spa|0
|cant|p1a: Snorlax|slp
|
|upkeep
|turn|89
|
|t:|1760821396
|move|p2a: Pecharunt|Parting Shot|p1a: Snorlax
|-unboost|p1a: Snorlax|atk|0
|-unboost|p1a: Snorlax|spa|0
|-curestatus|p1a: Snorlax|slp|[msg]
|move|p1a: Snorlax|Heat Crash|p2a: Pecharunt
|-damage|p2a: Pecharunt|97/100
|-damage|p1a: Snorlax|84/100|[from] item: Rocky Helmet|[of] p2a: Pecharunt
|
|-heal|p1a: Snorlax|90/100|[from] item: Leftovers
|upkeep
|turn|90
|
|t:|1760821405
|move|p2a: Pecharunt|Parting Shot|p1a: Snorlax
|-unboost|p1a: Snorlax|atk|0
|-unboost|p1a: Snorlax|spa|0
|move|p1a: Snorlax|Rest|p1a: Snorlax
|-status|p1a: Snorlax|slp|[from] move: Rest
|-heal|p1a: Snorlax|100/100 slp|[silent]
|
|upkeep
|turn|91
|
|t:|1760821411
|move|p2a: Pecharunt|Recover|p2a: Pecharunt
|-heal|p2a: Pecharunt|100/100
|cant|p1a: Snorlax|slp
|
|upkeep
|turn|92
|
|t:|1760821424
|move|p2a: Pecharunt|Parting Shot|p1a: Snorlax
|-unboost|p1a: Snorlax|atk|0
|-unboost|p1a: Snorlax|spa|0
|cant|p1a: Snorlax|slp
|
|upkeep
|turn|93
|
|t:|1760821432
|move|p2a: Pecharunt|Recover||[still]
|-fail|p2a: Pecharunt|heal
|-curestatus|p1a: Snorlax|slp|[msg]
|move|p1a: Snorlax|Curse|p1a: Snorlax
|-boost|p1a: Snorlax|atk|1
|
|upkeep
|turn|94
|
|t:|1760821437
|move|p2a: Pecharunt|Recover||[still]
|-fail|p2a: Pecharunt|heal
|move|p1a: Snorlax|Curse|p1a: Snorlax
|-boost|p1a: Snorlax|atk|1
|
|upkeep
|turn|95
|
|t:|1760821447
|-activate|p2a: Pecharunt|move: Struggle
|move|p2a: Pecharunt|Struggle|p1a: Snorlax
|-damage|p1a: Snorlax|98/100
|-damage|p2a: Pecharunt|75/100|[from] recoil
|move|p1a: Snorlax|Body Slam|p2a: Pecharunt
|-immune|p2a: Pecharunt
|
|-heal|p1a: Snorlax|100/100|[from] item: Leftovers
|upkeep
|turn|96
|
|t:|1760821456
|-activate|p2a: Pecharunt|move: Struggle
|move|p2a: Pecharunt|Struggle|p1a: Snorlax
|-damage|p1a: Snorlax|99/100
|-damage|p2a: Pecharunt|50/100|[from] recoil
|move|p1a: Snorlax|Heat Crash|p2a: Pecharunt
|-damage|p2a: Pecharunt|46/100
|-damage|p1a: Snorlax|82/100|[from] item: Rocky Helmet|[of] p2a: Pecharunt
|
|-heal|p1a: Snorlax|88/100|[from] item: Leftovers
|upkeep
|turn|97
|c|☆AmanRises|gg
|
|t:|1760821465
|-activate|p2a: Pecharunt|move: Struggle
|move|p2a: Pecharunt|Struggle|p1a: Snorlax
|-damage|p1a: Snorlax|86/100
|-damage|p2a: Pecharunt|21/100|[from] recoil
|move|p1a: Snorlax|Rest|p1a: Snorlax
|-status|p1a: Snorlax|slp|[from] move: Rest
|-heal|p1a: Snorlax|100/100 slp|[silent]
|
|upkeep
|turn|98
|c|☆jewbacca675|ggz
|
|t:|1760821472
|-activate|p2a: Pecharunt|move: Struggle
|move|p2a: Pecharunt|Struggle|p1a: Snorlax
|-damage|p1a: Snorlax|99/100 slp
|-damage|p2a: Pecharunt|0 fnt|[from] recoil
|faint|p2a: Pecharunt
|
|win|AmanRises
|raw|AmanRises's rating: 1405 &rarr; <strong>1431</strong><br />(+26 for winning)
|raw|jewbacca675's rating: 1517 &rarr; <strong>1491</strong><br />(-26 for losing)
|l|☆jewbacca675
|player|p2|
