|j|☆le limier
|j|☆Greeynfox
|t:|1760886897
|gametype|singles
|player|p1|le limier|ghetsis|1396
|player|p2|Greeynfox|266|1454
|gen|9
|tier|[Gen 9] OU
|rated|
|rule|HP Percentage Mod: HP is shown in percentages
|rule|Endless Battle Clause: Forcing endless battles is banned
|rule|Species Clause: Limit one of each Pokémon
|rule|OHKO Clause: OHKO moves are banned
|rule|Evasion Items Clause: Evasion items are banned
|rule|Evasion Moves Clause: Evasion moves are banned
|rule|Evasion Abilities Clause: Evasion abilities are banned
|rule|Sleep Moves Clause: Sleep-inducing moves are banned
|clearpoke
|poke|p1|Iron Treads|
|poke|p1|Iron Valiant|
|poke|p1|Rillaboom, F|
|poke|p1|Iron Moth|
|poke|p1|Zamazenta-*|
|poke|p1|Kyurem|
|poke|p2|Incineroar, F|
|poke|p2|Corviknight, F|
|poke|p2|Porygon-Z|
|poke|p2|Walking Wake|
|poke|p2|Iron Valiant|
|poke|p2|Dragapult, M|
|teampreview
|inactive|Battle timer is ON: inactive players will automatically lose when time's up. (requested by Greeynfox)
|inactive|le limier also wants the timer to be on.
|
|t:|1760886912
|teamsize|p1|6
|teamsize|p2|6
|start
|switch|p1a: Iron Moth|Iron Moth|100/100
|switch|p2a: Incineroar|Incineroar, F|100/100
|-ability|p2a: Incineroar|Intimidate|boost
|-unboost|p1a: Iron Moth|atk|1
|-enditem|p1a: Iron Moth|Booster Energy
|-activate|p1a: Iron Moth|ability: Quark Drive|[fromitem]
|-start|p1a: Iron Moth|quarkdrivespe
|turn|1
|
|t:|1760886926
|move|p1a: Iron Moth|Substitute|p1a: Iron Moth
|-start|p1a: Iron Moth|Substitute
|-damage|p1a: Iron Moth|76/100
|move|p2a: Incineroar|Earthquake|p1a: Iron Moth
|-supereffective|p1a: Iron Moth
|-end|p1a: Iron Moth|Substitute
|
|upkeep
|turn|2
|
|t:|1760886941
|-end|p1a: Iron Moth|Quark Drive|[silent]
|switch|p1a: Zamazenta|Zamazenta|100/100
|-ability|p1a: Zamazenta|Dauntless Shield|boost
|-boost|p1a: Zamazenta|def|1
|move|p2a: Incineroar|Knock Off|p1a: Zamazenta
|-resisted|p1a: Zamazenta
|-damage|p1a: Zamazenta|84/100
|-enditem|p1a: Zamazenta|Heavy-Duty Boots|[from] move: Knock Off|[of] p2a: Incineroar
|
|upkeep
|turn|3
|
|t:|1760886957
|move|p1a: Zamazenta|Heavy Slam|p2a: Incineroar
|-resisted|p2a: Incineroar
|-damage|p2a: Incineroar|91/100
|move|p2a: Incineroar|U-turn|p1a: Zamazenta
|-resisted|p1a: Zamazenta
|-damage|p1a: Zamazenta|77/100
|
|t:|1760886965
|switch|p2a: Walking Wake|Walking Wake|100/100|[from] U-turn
|
|upkeep
|turn|4
|
|t:|1760886973
|move|p1a: Zamazenta|Close Combat|p2a: Walking Wake
|-damage|p2a: Walking Wake|36/100
|-unboost|p1a: Zamazenta|def|1
|-unboost|p1a: Zamazenta|spd|1
|move|p2a: Walking Wake|Surf|p1a: Zamazenta
|-damage|p1a: Zamazenta|0 fnt
|faint|p1a: Zamazenta
|
|upkeep
|
|t:|1760886986
|switch|p1a: Rillaboom|Rillaboom, F|100/100
|-fieldstart|move: Grassy Terrain|[from] ability: Grassy Surge|[of] p1a: Rillaboom
|turn|5
|
|t:|1760886998
|-end|p2a: Walking Wake|Protosynthesis|[silent]
|switch|p2a: Incineroar|Incineroar, F|91/100
|-ability|p2a: Incineroar|Intimidate|boost
|-unboost|p1a: Rillaboom|atk|1
|move|p1a: Rillaboom|Grassy Glide|p2a: Incineroar
|-resisted|p2a: Incineroar
|-damage|p2a: Incineroar|72/100
|
|-heal|p2a: Incineroar|78/100|[from] Grassy Terrain
|upkeep
|turn|6
|
|t:|1760887008
|switch|p1a: Iron Valiant|Iron Valiant|100/100
|-enditem|p1a: Iron Valiant|Booster Energy
|-activate|p1a: Iron Valiant|ability: Quark Drive|[fromitem]
|-start|p1a: Iron Valiant|quarkdrivespe
|move|p2a: Incineroar|Knock Off|p1a: Iron Valiant
|-resisted|p1a: Iron Valiant
|-damage|p1a: Iron Valiant|90/100
|
|-heal|p1a: Iron Valiant|97/100|[from] Grassy Terrain
|-heal|p2a: Incineroar|85/100|[from] Grassy Terrain
|upkeep
|turn|7
|
|t:|1760887019
|move|p1a: Iron Valiant|Close Combat|p2a: Incineroar
|-supereffective|p2a: Incineroar
|-damage|p2a: Incineroar|0 fnt
|-unboost|p1a: Iron Valiant|def|1
|-unboost|p1a: Iron Valiant|spd|1
|faint|p2a: Incineroar
|
|-heal|p1a: Iron Valiant|100/100|[from] Grassy Terrain
|upkeep
|
|t:|1760887023
|switch|p2a: Corviknight|Corviknight, F|100/100
|-ability|p2a: Corviknight|Pressure
|turn|8
|
|t:|1760887029
|move|p1a: Iron Valiant|Knock Off|p2a: Corviknight
|-damage|p2a: Corviknight|83/100
|-damage|p1a: Iron Valiant|84/100|[from] item: Rocky Helmet|[of] p2a: Corviknight
|-enditem|p2a: Corviknight|Rocky Helmet|[from] move: Knock Off|[of] p1a: Iron Valiant
|move|p2a: Corviknight|U-turn|p1a: Iron Valiant
|-resisted|p1a: Iron Valiant
|-damage|p1a: Iron Valiant|77/100
|
|t:|1760887033
|switch|p2a: Porygon-Z|Porygon-Z|100/100|[from] U-turn
|-ability|p2a: Porygon-Z|Download|boost
|-boost|p2a: Porygon-Z|spa|1
|
|-heal|p1a: Iron Valiant|83/100|[from] Grassy Terrain
|upkeep
|turn|9
|l|☆Greeynfox
|inactive|Greeynfox disconnected and has a minute to reconnect!
|player|p2|
|inactive|Greeynfox has 30 seconds to reconnect!
|inactive|Greeynfox has 20 seconds to reconnect!
|inactive|Greeynfox has 15 seconds to reconnect!
|inactive|Greeynfox has 10 seconds to reconnect!
|inactive|Greeynfox has 5 seconds to reconnect!
|-message|Greeynfox lost due to inactivity.
|
|win|le limier
|raw|le limier's rating: 1396 &rarr; <strong>1419</strong><br />(+23 for winning)
|raw|Greeynfox's rating: 1454 &rarr; <strong>1431</strong><br />(-23 for losing)
|l|☆le limier
|player|p1|
