|j|☆longridespain
|j|☆biaunl
|t:|1760798290
|gametype|singles
|player|p1|longridespain|102|1395
|player|p2|biaunl|1|1349
|gen|9
|tier|[Gen 9] OU
|rated|
|rule|HP Percentage Mod: HP is shown in percentages
|rule|Endless Battle Clause: Forcing endless battles is banned
|rule|Species Clause: Limit one of each Pokémon
|rule|OHKO Clause: OHKO moves are banned
|rule|Evasion Items Clause: Evasion items are banned
|rule|Evasion Moves Clause: Evasion moves are banned
|rule|Evasion Abilities Clause: Evasion abilities are banned
|rule|Sleep Moves Clause: Sleep-inducing moves are banned
|clearpoke
|poke|p1|Porygon-Z|
|poke|p1|Zamazenta-*|
|poke|p1|Dragonite, M|
|poke|p1|Kingambit, M|
|poke|p1|Gengar, M|
|poke|p1|Landorus-Therian, M|
|poke|p2|Primarina, F|
|poke|p2|Gholdengo|
|poke|p2|Zamazenta-*|
|poke|p2|Tornadus-Therian, M|
|poke|p2|Cinderace, M|
|poke|p2|Iron Treads|
|teampreview
|
|t:|1760798294
|teamsize|p1|6
|teamsize|p2|6
|start
|switch|p1a: Gengar|Gengar, M|100/100
|switch|p2a: Primarina|Primarina, F|100/100
|turn|1
|
|t:|1760798301
|switch|p2a: Iron Treads|Iron Treads|100/100
|move|p1a: Gengar|Sludge Bomb|p2a: Iron Treads
|-immune|p2a: Iron Treads
|
|upkeep
|turn|2
|
|t:|1760798306
|move|p1a: Gengar|Taunt|p2a: Iron Treads
|-start|p2a: Iron Treads|move: Taunt
|move|p2a: Iron Treads|Knock Off|p1a: Gengar
|-supereffective|p1a: Gengar
|-enditem|p1a: Gengar|Focus Sash
|-damage|p1a: Gengar|1/100
|-start|p2a: Iron Treads|Disable|Knock Off|[from] ability: Cursed Body|[of] p1a: Gengar
|
|upkeep
|turn|3
|
|t:|1760798318
|move|p1a: Gengar|Destiny Bond|p1a: Gengar
|-singlemove|p1a: Gengar|Destiny Bond
|move|p2a: Iron Treads|Earthquake|p1a: Gengar
|-supereffective|p1a: Gengar
|-damage|p1a: Gengar|0 fnt
|faint|p1a: Gengar
|-activate|p1a: Gengar|move: Destiny Bond
|faint|p2a: Iron Treads
|-end|p2a: Iron Treads|Quark Drive|[silent]
|
|upkeep
|
|t:|1760798326
|switch|p1a: Dragonite|Dragonite, M|100/100
|switch|p2a: Tornadus|Tornadus-Therian, M|100/100
|turn|4
|
|t:|1760798330
|move|p2a: Tornadus|U-turn|p1a: Dragonite
|-resisted|p1a: Dragonite
|-damage|p1a: Dragonite|97/100
|-damage|p2a: Tornadus|84/100|[from] item: Rocky Helmet|[of] p1a: Dragonite
|
|t:|1760798331
|switch|p2a: Primarina|Primarina, F|100/100|[from] U-turn
|move|p1a: Dragonite|Thunderbolt|p2a: Primarina
|-supereffective|p2a: Primarina
|-damage|p2a: Primarina|50/100
|
|-heal|p2a: Primarina|56/100|[from] item: Leftovers
|upkeep
|turn|5
|
|t:|1760798343
|move|p2a: Primarina|Moonblast|p1a: Dragonite
|-supereffective|p1a: Dragonite
|-damage|p1a: Dragonite|4/100
|-unboost|p1a: Dragonite|spa|1
|move|p1a: Dragonite|Thunderbolt|p2a: Primarina
|-supereffective|p2a: Primarina
|-damage|p2a: Primarina|18/100
|
|-heal|p2a: Primarina|24/100|[from] item: Leftovers
|upkeep
|turn|6
|
|t:|1760798353
|move|p1a: Dragonite|Extreme Speed|p2a: Primarina
|-damage|p2a: Primarina|0 fnt
|faint|p2a: Primarina
|
|upkeep
|
|t:|1760798358
|switch|p2a: Gholdengo|Gholdengo|100/100
|turn|7
|
|t:|1760798363
|move|p2a: Gholdengo|Shadow Ball|p1a: Dragonite
|-damage|p1a: Dragonite|0 fnt
|faint|p1a: Dragonite
|
|upkeep
|
|t:|1760798369
|switch|p1a: Porygon-Z|Porygon-Z|100/100
|turn|8
|
|t:|1760798378
|switch|p2a: Zamazenta|Zamazenta|100/100
|-ability|p2a: Zamazenta|Dauntless Shield|boost
|-boost|p2a: Zamazenta|def|1
|-terastallize|p1a: Porygon-Z|Ghost
|move|p1a: Porygon-Z|Shadow Ball|p2a: Zamazenta
|-damage|p2a: Zamazenta|51/100
|
|-heal|p2a: Zamazenta|57/100|[from] item: Leftovers
|upkeep
|turn|9
|
|t:|1760798382
|move|p1a: Porygon-Z|Shadow Ball|p2a: Zamazenta
|-damage|p2a: Zamazenta|8/100
|move|p2a: Zamazenta|Crunch|p1a: Porygon-Z
|-supereffective|p1a: Porygon-Z
|-damage|p1a: Porygon-Z|32/100
|
|-heal|p2a: Zamazenta|14/100|[from] item: Leftovers
|upkeep
|turn|10
|
|t:|1760798387
|move|p1a: Porygon-Z|Shadow Ball|p2a: Zamazenta
|-damage|p2a: Zamazenta|0 fnt
|faint|p2a: Zamazenta
|
|upkeep
|
|t:|1760798389
|switch|p2a: Cinderace|Cinderace, M|100/100
|turn|11
|
|t:|1760798397
|switch|p1a: Landorus|Landorus-Therian, M|100/100
|-ability|p1a: Landorus|Intimidate|boost
|-unboost|p2a: Cinderace|atk|1
|move|p2a: Cinderace|Sucker Punch||[still]
|-fail|p2a: Cinderace
|
|upkeep
|turn|12
|
|t:|1760798410
|switch|p2a: Tornadus|Tornadus-Therian, M|100/100
|move|p1a: Landorus|Stone Edge|p2a: Tornadus
|-supereffective|p2a: Tornadus
|-damage|p2a: Tornadus|0 fnt
|faint|p2a: Tornadus
|
|upkeep
|
|t:|1760798416
|switch|p2a: Gholdengo|Gholdengo|100/100
|turn|13
|
|t:|1760798422
|move|p2a: Gholdengo|Make It Rain|p1a: Landorus
|-crit|p1a: Landorus
|-damage|p1a: Landorus|23/100
|-unboost|p2a: Gholdengo|spa|1
|move|p1a: Landorus|Earthquake|p2a: Gholdengo
|-supereffective|p2a: Gholdengo
|-damage|p2a: Gholdengo|0 fnt
|faint|p2a: Gholdengo
|
|upkeep
|
|t:|1760798426
|switch|p2a: Cinderace|Cinderace, M|100/100
|turn|14
|
|t:|1760798430
|move|p2a: Cinderace|Pyro Ball|p1a: Landorus
|-damage|p1a: Landorus|0 fnt
|faint|p1a: Landorus
|
|upkeep
|
|t:|1760798434
|switch|p1a: Zamazenta|Zamazenta|100/100
|-ability|p1a: Zamazenta|Dauntless Shield|boost
|-boost|p1a: Zamazenta|def|1
|turn|15
|
|t:|1760798444
|-terastallize|p2a: Cinderace|Fire
|move|p2a: Cinderace|Pyro Ball|p1a: Zamazenta
|-damage|p1a: Zamazenta|73/100
|-status|p1a: Zamazenta|brn
|move|p1a: Zamazenta|Body Press|p2a: Cinderace
|-damage|p2a: Cinderace|56/100
|
|-heal|p1a: Zamazenta|79/100 brn|[from] item: Leftovers
|-damage|p1a: Zamazenta|73/100 brn|[from] brn
|upkeep
|turn|16
|
|t:|1760798452
|move|p2a: Cinderace|Pyro Ball|p1a: Zamazenta
|-damage|p1a: Zamazenta|44/100 brn
|move|p1a: Zamazenta|Body Press|p2a: Cinderace
|-damage|p2a: Cinderace|14/100
|
|-heal|p1a: Zamazenta|50/100 brn|[from] item: Leftovers
|-damage|p1a: Zamazenta|44/100 brn|[from] brn
|upkeep
|turn|17
|
|t:|1760798457
|move|p2a: Cinderace|Pyro Ball|p1a: Zamazenta
|-crit|p1a: Zamazenta
|-damage|p1a: Zamazenta|0 fnt
|faint|p1a: Zamazenta
|
|upkeep
|
|t:|1760798463
|switch|p1a: Porygon-Z|Porygon-Z, tera:Ghost|32/100
|turn|18
|
|t:|1760798466
|move|p2a: Cinderace|Sucker Punch|p1a: Porygon-Z
|-supereffective|p1a: Porygon-Z
|-damage|p1a: Porygon-Z|0 fnt
|faint|p1a: Porygon-Z
|
|upkeep
|
|t:|1760798468
|switch|p1a: Kingambit|Kingambit, M|100/100
|-activate|p1a: Kingambit|ability: Supreme Overlord
|-start|p1a: Kingambit|fallen5|[silent]
|turn|19
|
|t:|1760798471
|move|p1a: Kingambit|Sucker Punch||[still]
|-fail|p1a: Kingambit
|move|p2a: Cinderace|Court Change||[still]
|-fail|p2a: Cinderace
|
|upkeep
|turn|20
|
|t:|1760798482
|move|p1a: Kingambit|Sucker Punch||[still]
|-fail|p1a: Kingambit
|move|p2a: Cinderace|Court Change||[still]
|-fail|p2a: Cinderace
|
|upkeep
|turn|21
|
|t:|1760798484
|move|p1a: Kingambit|Sucker Punch|p2a: Cinderace
|-damage|p2a: Cinderace|0 fnt
|faint|p2a: Cinderace
|-damage|p1a: Kingambit|91/100|[from] item: Life Orb
|
|win|longridespain
|raw|longridespain's rating: 1395 &rarr; <strong>1412</strong><br />(+17 for winning)
|raw|biaunl's rating: 1349 &rarr; <strong>1332</strong><br />(-17 for losing)
|l|☆biaunl
|player|p2|
|l|☆longridespain
|player|p1|
|j|☆longridespain
|player|p1|longridespain|102|
|l|☆longridespain
|player|p1|
