|j|☆charizardfire2
|j|☆micktown
|t:|1760852474
|gametype|singles
|player|p1|charizardfire2|102|1456
|player|p2|micktown|1|1414
|gen|9
|tier|[Gen 9] OU
|rated|
|rule|HP Percentage Mod: HP is shown in percentages
|rule|Endless Battle Clause: Forcing endless battles is banned
|rule|Species Clause: Limit one of each Pokémon
|rule|OHKO Clause: OHKO moves are banned
|rule|Evasion Items Clause: Evasion items are banned
|rule|Evasion Moves Clause: Evasion moves are banned
|rule|Evasion Abilities Clause: Evasion abilities are banned
|rule|Sleep Moves Clause: Sleep-inducing moves are banned
|clearpoke
|poke|p1|Indeedee, M|
|poke|p1|Hatterene, F|
|poke|p1|Ursaluna, F|
|poke|p1|Iron Hands|
|poke|p1|Hoopa-Unbound|
|poke|p1|Mimikyu, F|
|poke|p2|Skeledirge, M|
|poke|p2|Ogerpon-Wellspring, F|
|poke|p2|Jolteon, M|
|poke|p2|Great Tusk|
|poke|p2|Hydrapple, F|
|poke|p2|Kingambit, M|
|teampreview
|inactive|Battle timer is ON: inactive players will automatically lose when time's up. (requested by charizardfire2)
|j| preems
|
|t:|1760852485
|teamsize|p1|6
|teamsize|p2|6
|start
|switch|p1a: Subaru|Indeedee, M, shiny|100/100
|switch|p2a: Ogerpon|Ogerpon-Wellspring, F|100/100
|-fieldstart|move: Psychic Terrain|[from] ability: Psychic Surge|[of] p1a: Subaru
|turn|1
|
|t:|1760852495
|move|p2a: Ogerpon|Ivy Cudgel|p1a: Subaru|[anim] Ivy Cudgel Water
|-damage|p1a: Subaru|47/100
|move|p1a: Subaru|Trick Room|p1a: Subaru
|-fieldstart|move: Trick Room|[of] p1a: Subaru
|
|upkeep
|turn|2
|
|t:|1760852502
|move|p1a: Subaru|Expanding Force|p2a: Ogerpon
|-damage|p2a: Ogerpon|44/100
|move|p2a: Ogerpon|Ivy Cudgel|p1a: Subaru|[anim] Ivy Cudgel Water
|-damage|p1a: Subaru|0 fnt
|faint|p1a: Subaru
|
|upkeep
|
|t:|1760852505
|switch|p1a: Satella|Hatterene, F, shiny|100/100
|turn|3
|l| preems
|
|t:|1760852514
|switch|p2a: Kingambit|Kingambit, M|100/100
|move|p1a: Satella|Mystical Fire|p2a: Kingambit
|-supereffective|p2a: Kingambit
|-damage|p2a: Kingambit|26/100
|-unboost|p2a: Kingambit|spa|1
|-damage|p1a: Satella|91/100|[from] item: Life Orb
|
|-heal|p2a: Kingambit|33/100|[from] item: Leftovers
|upkeep
|turn|4
|
|t:|1760852524
|-end|p2a: Kingambit|fallenundefined|[silent]
|switch|p2a: Skeledirge|Skeledirge, M|100/100
|move|p1a: Satella|Expanding Force|p2a: Skeledirge
|-crit|p2a: Skeledirge
|-damage|p2a: Skeledirge|0 fnt
|faint|p2a: Skeledirge
|-damage|p1a: Satella|81/100|[from] item: Life Orb
|
|upkeep
|
|t:|1760852545
|switch|p2a: Ogerpon|Ogerpon-Wellspring, F|44/100
|turn|5
|
|t:|1760852574
|move|p1a: Satella|Draining Kiss|p2a: Ogerpon
|-damage|p2a: Ogerpon|5/100
|-heal|p1a: Satella|100/100|[from] drain|[of] p2a: Ogerpon
|-damage|p1a: Satella|91/100|[from] item: Life Orb
|move|p2a: Ogerpon|Ivy Cudgel|p1a: Satella|[anim] Ivy Cudgel Water
|-damage|p1a: Satella|28/100
|
|-fieldend|move: Trick Room
|upkeep
|turn|6
|
|t:|1760852583
|switch|p1a: Mimi|Mimikyu, F, shiny|100/100
|move|p2a: Ogerpon|Ivy Cudgel|p1a: Mimi|[anim] Ivy Cudgel Water
|-activate|p1a: Mimi|ability: Disguise
|-damage|p1a: Mimi|100/100
|detailschange|p1a: Mimi|Mimikyu-Busted, F, shiny
|-damage|p1a: Mimi|88/100|[from] pokemon: Mimikyu-Busted
|-enditem|p1a: Mimi|Red Card|[of] p2a: Ogerpon
|drag|p2a: Great Tusk|Great Tusk|100/100
|
|upkeep
|turn|7
|
|t:|1760852595
|move|p2a: Great Tusk|Stealth Rock|p1a: Mimi
|-sidestart|p1: charizardfire2|move: Stealth Rock
|move|p1a: Mimi|Trick Room|p1a: Mimi
|-fieldstart|move: Trick Room|[of] p1a: Mimi
|
|upkeep
|turn|8
|
|t:|1760852608
|move|p1a: Mimi|Curse|p2a: Great Tusk
|-start|p2a: Great Tusk|Curse|[of] p1a: Mimi
|-damage|p1a: Mimi|38/100
|move|p2a: Great Tusk|Headlong Rush|p1a: Mimi
|-crit|p1a: Mimi
|-damage|p1a: Mimi|0 fnt
|-unboost|p2a: Great Tusk|def|1
|-unboost|p2a: Great Tusk|spd|1
|faint|p1a: Mimi
|
|-damage|p2a: Great Tusk|76/100|[from] Curse
|-fieldend|move: Psychic Terrain
|upkeep
|
|t:|1760852611
|switch|p1a: Satella|Hatterene, F, shiny|28/100
|-damage|p1a: Satella|16/100|[from] Stealth Rock
|turn|9
|
|t:|1760852624
|-end|p2a: Great Tusk|Protosynthesis|[silent]
|switch|p2a: Kingambit|Kingambit, M|33/100
|-activate|p2a: Kingambit|ability: Supreme Overlord
|-start|p2a: Kingambit|fallen1|[silent]
|move|p1a: Satella|Draining Kiss|p2a: Kingambit
|-damage|p2a: Kingambit|0 fnt
|-heal|p1a: Satella|47/100|[from] drain|[of] p2a: Kingambit
|faint|p2a: Kingambit
|-end|p2a: Kingambit|fallen1|[silent]
|-damage|p1a: Satella|37/100|[from] item: Life Orb
|
|upkeep
|
|t:|1760852636
|switch|p2a: Jolteon|Jolteon, M|100/100
|turn|10
|l|☆charizardfire2
|inactive|charizardfire2 disconnected and has a minute to reconnect!
|player|p1|
|j|☆charizardfire2
|inactive|charizardfire2 reconnected and has 140 seconds left.
|player|p1|charizardfire2|102|
|
|t:|1760852652
|move|p1a: Satella|Draining Kiss|p2a: Jolteon
|-damage|p2a: Jolteon|47/100
|-heal|p1a: Satella|72/100|[from] drain|[of] p2a: Jolteon
|-damage|p1a: Satella|62/100|[from] item: Life Orb
|move|p2a: Jolteon|Thunderbolt|p1a: Satella
|-damage|p1a: Satella|21/100
|
|upkeep
|turn|11
|
|t:|1760852662
|switch|p2a: Ogerpon|Ogerpon-Wellspring, F|5/100
|move|p1a: Satella|Draining Kiss|p2a: Ogerpon
|-damage|p2a: Ogerpon|0 fnt
|-heal|p1a: Satella|25/100|[from] drain|[of] p2a: Ogerpon
|faint|p2a: Ogerpon
|-damage|p1a: Satella|15/100|[from] item: Life Orb
|
|-fieldend|move: Trick Room
|upkeep
|
|t:|1760852678
|switch|p2a: Great Tusk|Great Tusk|76/100
|turn|12
|
|t:|1760852689
|move|p2a: Great Tusk|Temper Flare|p1a: Satella
|-damage|p1a: Satella|0 fnt
|faint|p1a: Satella
|
|upkeep
|
|t:|1760852707
|switch|p1a: King Von|Hoopa-Unbound|100/100
|-damage|p1a: King Von|88/100|[from] Stealth Rock
|turn|13
|
|t:|1760852711
|move|p2a: Great Tusk|Headlong Rush|p1a: King Von
|-damage|p1a: King Von|20/100
|-unboost|p2a: Great Tusk|def|1
|-unboost|p2a: Great Tusk|spd|1
|move|p1a: King Von|Trick Room|p1a: King Von
|-fieldstart|move: Trick Room|[of] p1a: King Von
|
|upkeep
|turn|14
|
|t:|1760852718
|move|p1a: King Von|Expanding Force|p2a: Great Tusk
|-supereffective|p2a: Great Tusk
|-damage|p2a: Great Tusk|0 fnt
|faint|p2a: Great Tusk
|-end|p2a: Great Tusk|Protosynthesis|[silent]
|
|upkeep
|
|t:|1760852722
|switch|p2a: Hydrapple|Hydrapple, F|100/100
|turn|15
|
|t:|1760852729
|move|p2a: Hydrapple|Giga Drain|p1a: King Von
|-damage|p1a: King Von|0 fnt
|faint|p1a: King Von
|
|upkeep
|
|t:|1760852732
|switch|p1a: LEBRON|Iron Hands, shiny|100/100
|-damage|p1a: LEBRON|94/100|[from] Stealth Rock
|-enditem|p1a: LEBRON|Booster Energy
|-activate|p1a: LEBRON|ability: Quark Drive|[fromitem]
|-start|p1a: LEBRON|quarkdriveatk
|turn|16
|
|t:|1760852743
|move|p2a: Hydrapple|Earth Power|p1a: LEBRON
|-supereffective|p1a: LEBRON
|-damage|p1a: LEBRON|59/100
|move|p1a: LEBRON|Ice Punch|p2a: Hydrapple
|-supereffective|p2a: Hydrapple
|-damage|p2a: Hydrapple|9/100
|
|upkeep
|turn|17
|
|t:|1760852757
|switch|p2a: Jolteon|Jolteon, M|47/100
|move|p1a: LEBRON|Close Combat|p2a: Jolteon
|-damage|p2a: Jolteon|0 fnt
|-unboost|p1a: LEBRON|def|1
|-unboost|p1a: LEBRON|spd|1
|faint|p2a: Jolteon
|
|-fieldend|move: Trick Room
|upkeep
|
|t:|1760852765
|switch|p2a: Hydrapple|Hydrapple, F|42/100
|turn|18
|
|t:|1760852779
|-terastallize|p2a: Hydrapple|Poison
|move|p1a: LEBRON|Close Combat|p2a: Hydrapple
|-resisted|p2a: Hydrapple
|-damage|p2a: Hydrapple|15/100
|-unboost|p1a: LEBRON|def|1
|-unboost|p1a: LEBRON|spd|1
|move|p2a: Hydrapple|Giga Drain|p1a: LEBRON
|-damage|p1a: LEBRON|12/100
|-heal|p2a: Hydrapple|40/100|[from] drain|[of] p1a: LEBRON
|
|upkeep
|turn|19
|
|t:|1760852789
|move|p1a: LEBRON|Supercell Slam|p2a: Hydrapple
|-damage|p2a: Hydrapple|0 fnt
|faint|p2a: Hydrapple
|
|win|charizardfire2
|raw|charizardfire2's rating: 1456 &rarr; <strong>1474</strong><br />(+18 for winning)
|raw|micktown's rating: 1414 &rarr; <strong>1396</strong><br />(-18 for losing)
|l|☆micktown
|player|p2|
|l|☆charizardfire2
|player|p1|
