|j|☆Nevitchen
|j|☆HZBKAI3
|t:|1760830925
|gametype|singles
|player|p1|Nevitchen|2|1087
|player|p2|HZBKAI3|265|1094
|gen|9
|tier|[Gen 9] OU
|rated|
|rule|HP Percentage Mod: HP is shown in percentages
|rule|Endless Battle Clause: Forcing endless battles is banned
|rule|Species Clause: Limit one of each Pokémon
|rule|OHKO Clause: OHKO moves are banned
|rule|Evasion Items Clause: Evasion items are banned
|rule|Evasion Moves Clause: Evasion moves are banned
|rule|Evasion Abilities Clause: Evasion abilities are banned
|rule|Sleep Moves Clause: Sleep-inducing moves are banned
|clearpoke
|poke|p1|Dragonite, F|
|poke|p1|Zamazenta-*|
|poke|p1|Landorus-Therian, M|
|poke|p1|Gholdengo|
|poke|p1|Darkrai|
|poke|p1|Hatterene, F|
|poke|p2|Latias, F|
|poke|p2|Tinkaton, F|
|poke|p2|Pelipper, F|
|poke|p2|Gastrodon, F|
|poke|p2|Moltres|
|poke|p2|Goodra-Hisui, M|
|teampreview
|j| DarkOkto
|
|t:|1760830961
|teamsize|p1|6
|teamsize|p2|6
|start
|switch|p1a: Eine wolke|Landorus-Therian, M|100/100
|switch|p2a: Moltres|Moltres|100/100
|-ability|p1a: Eine wolke|Intimidate|boost
|-unboost|p2a: Moltres|atk|1
|turn|1
|
|t:|1760830978
|move|p1a: Eine wolke|Stealth Rock|p2a: Moltres
|-sidestart|p2: HZBKAI3|move: Stealth Rock
|move|p2a: Moltres|Flamethrower|p1a: Eine wolke
|-damage|p1a: Eine wolke|69/100
|
|upkeep
|turn|2
|
|t:|1760831040
|switch|p1a: Lass mich carryn|Dragonite, F|100/100
|move|p2a: Moltres|Flamethrower|p1a: Lass mich carryn
|-resisted|p1a: Lass mich carryn
|-damage|p1a: Lass mich carryn|91/100
|-status|p1a: Lass mich carryn|brn
|-enditem|p1a: Lass mich carryn|Lum Berry|[eat]
|-curestatus|p1a: Lass mich carryn|brn|[msg]
|
|upkeep
|turn|3
|
|t:|1760831075
|switch|p1a: Ka was dass ist|Hatterene, F|100/100
|move|p2a: Moltres|Flamethrower|p1a: Ka was dass ist
|-damage|p1a: Ka was dass ist|75/100
|
|upkeep
|turn|4
|
|t:|1760831085
|move|p2a: Moltres|Flamethrower|p1a: Ka was dass ist
|-damage|p1a: Ka was dass ist|52/100
|move|p1a: Ka was dass ist|Psychic Noise|p2a: Moltres
|-damage|p2a: Moltres|58/100
|-start|p2a: Moltres|move: Heal Block
|
|upkeep
|turn|5
|
|t:|1760831112
|move|p2a: Moltres|Flamethrower|p1a: Ka was dass ist
|-damage|p1a: Ka was dass ist|30/100
|move|p1a: Ka was dass ist|Psychic Noise|p2a: Moltres
|-damage|p2a: Moltres|21/100
|
|-end|p2a: Moltres|move: Heal Block
|upkeep
|turn|6
|
|t:|1760831120
|move|p2a: Moltres|Flamethrower|p1a: Ka was dass ist
|-damage|p1a: Ka was dass ist|7/100
|move|p1a: Ka was dass ist|Psychic Noise|p2a: Moltres
|-damage|p2a: Moltres|0 fnt
|faint|p2a: Moltres
|
|upkeep
|
|t:|1760831120
|switch|p2a: Tinkaton|Tinkaton, F|100/100
|-damage|p2a: Tinkaton|94/100|[from] Stealth Rock
|-item|p2a: Tinkaton|Air Balloon
|turn|7
|
|t:|1760831178
|move|p2a: Tinkaton|Gigaton Hammer|p1a: Ka was dass ist
|-supereffective|p1a: Ka was dass ist
|-damage|p1a: Ka was dass ist|0 fnt
|faint|p1a: Ka was dass ist
|
|upkeep
|
|t:|1760831236
|switch|p1a: Mirko|Gholdengo|100/100
|turn|8
|
|t:|1760831246
|move|p2a: Tinkaton|Thunder Wave|p1a: Mirko
|-immune|p1a: Mirko|[from] ability: Good as Gold
|move|p1a: Mirko|Nasty Plot|p1a: Mirko
|-boost|p1a: Mirko|spa|2
|
|upkeep
|turn|9
|
|t:|1760831271
|move|p2a: Tinkaton|Gigaton Hammer|p1a: Mirko
|-resisted|p1a: Mirko
|-damage|p1a: Mirko|79/100
|move|p1a: Mirko|Make It Rain|p2a: Tinkaton
|-damage|p2a: Tinkaton|0 fnt
|-unboost|p1a: Mirko|spa|1
|-enditem|p2a: Tinkaton|Air Balloon
|faint|p2a: Tinkaton
|
|upkeep
|
|t:|1760831272
|switch|p2a: Gastrodon|Gastrodon, F|100/100
|-damage|p2a: Gastrodon|94/100|[from] Stealth Rock
|turn|10
|
|t:|1760831354
|switch|p1a: Wau Wau|Zamazenta|100/100
|-ability|p1a: Wau Wau|Dauntless Shield|boost
|-boost|p1a: Wau Wau|def|1
|move|p2a: Gastrodon|Earth Power|p1a: Wau Wau
|-damage|p1a: Wau Wau|62/100
|
|-heal|p1a: Wau Wau|68/100|[from] item: Leftovers
|upkeep
|turn|11
|
|t:|1760831372
|move|p1a: Wau Wau|Body Press|p2a: Gastrodon
|-damage|p2a: Gastrodon|30/100
|move|p2a: Gastrodon|Earth Power|p1a: Wau Wau
|-damage|p1a: Wau Wau|29/100
|-unboost|p1a: Wau Wau|spd|1
|
|-heal|p1a: Wau Wau|35/100|[from] item: Leftovers
|upkeep
|turn|12
|
|t:|1760831381
|move|p1a: Wau Wau|Body Press|p2a: Gastrodon
|-damage|p2a: Gastrodon|0 fnt
|faint|p2a: Gastrodon
|
|-heal|p1a: Wau Wau|41/100|[from] item: Leftovers
|upkeep
|
|t:|1760831381
|switch|p2a: Pelipper|Pelipper, F|100/100
|-damage|p2a: Pelipper|76/100|[from] Stealth Rock
|-weather|RainDance|[from] ability: Drizzle|[of] p2a: Pelipper
|turn|13
|
|t:|1760831409
|move|p1a: Wau Wau|Body Press|p2a: Pelipper
|-resisted|p2a: Pelipper
|-damage|p2a: Pelipper|55/100
|move|p2a: Pelipper|Hurricane|p1a: Wau Wau
|-supereffective|p1a: Wau Wau
|-damage|p1a: Wau Wau|0 fnt
|faint|p1a: Wau Wau
|
|-weather|RainDance|[upkeep]
|upkeep
|
|t:|1760831437
|switch|p1a: Edgy guy|Darkrai|100/100
|turn|14
|
|t:|1760831477
|move|p1a: Edgy guy|Dark Pulse|p2a: Pelipper
|-damage|p2a: Pelipper|1/100
|move|p2a: Pelipper|U-turn|p1a: Edgy guy
|-supereffective|p1a: Edgy guy
|-damage|p1a: Edgy guy|78/100
|
|t:|1760831477
|switch|p2a: Latias|Latias, F|100/100|[from] U-turn
|-damage|p2a: Latias|88/100|[from] Stealth Rock
|
|-weather|RainDance|[upkeep]
|upkeep
|turn|15
|
|t:|1760831507
|move|p1a: Edgy guy|Taunt|p2a: Latias
|-start|p2a: Latias|move: Taunt
|move|p2a: Latias|Aura Sphere|p1a: Edgy guy
|-supereffective|p1a: Edgy guy
|-damage|p1a: Edgy guy|35/100
|
|-weather|RainDance|[upkeep]
|upkeep
|turn|16
|
|t:|1760831519
|move|p1a: Edgy guy|Dark Pulse|p2a: Latias
|-supereffective|p2a: Latias
|-damage|p2a: Latias|32/100
|-enditem|p2a: Latias|Weakness Policy
|-boost|p2a: Latias|atk|2|[from] item: Weakness Policy
|-boost|p2a: Latias|spa|2|[from] item: Weakness Policy
|move|p2a: Latias|Aura Sphere|p1a: Edgy guy
|-supereffective|p1a: Edgy guy
|-damage|p1a: Edgy guy|0 fnt
|faint|p1a: Edgy guy
|
|-weather|RainDance|[upkeep]
|upkeep
|
|t:|1760831566
|switch|p1a: Lass mich carryn|Dragonite, F|91/100
|turn|17
|
|t:|1760831572
|switch|p2a: Goodra|Goodra-Hisui, M|100/100
|-damage|p2a: Goodra|94/100|[from] Stealth Rock
|move|p1a: Lass mich carryn|Dragon Dance|p1a: Lass mich carryn
|-boost|p1a: Lass mich carryn|atk|1
|-boost|p1a: Lass mich carryn|spe|1
|
|-weather|RainDance|[upkeep]
|upkeep
|turn|18
|
|t:|1760831596
|-terastallize|p1a: Lass mich carryn|Flying
|move|p1a: Lass mich carryn|Tera Blast|p2a: Goodra|[anim] Tera Blast Flying
|-resisted|p2a: Goodra
|-damage|p2a: Goodra|52/100
|move|p2a: Goodra|Ice Beam|p1a: Lass mich carryn
|-supereffective|p1a: Lass mich carryn
|-damage|p1a: Lass mich carryn|31/100
|
|-weather|RainDance|[upkeep]
|upkeep
|turn|19
|
|t:|1760831604
|move|p1a: Lass mich carryn|Earthquake|p2a: Goodra
|-supereffective|p2a: Goodra
|-damage|p2a: Goodra|0 fnt
|faint|p2a: Goodra
|
|-weather|RainDance|[upkeep]
|upkeep
|
|t:|1760831604
|switch|p2a: Pelipper|Pelipper, F|1/100
|-damage|p2a: Pelipper|0 fnt|[from] Stealth Rock
|faint|p2a: Pelipper
|
|t:|1760831604
|switch|p2a: Latias|Latias, F|32/100
|-damage|p2a: Latias|19/100|[from] Stealth Rock
|turn|20
|
|t:|1760831615
|move|p1a: Lass mich carryn|Extreme Speed|p2a: Latias
|-damage|p2a: Latias|0 fnt
|faint|p2a: Latias
|
|win|Nevitchen
|raw|Nevitchen's rating: 1087 &rarr; <strong>1114</strong><br />(+27 for winning)
|raw|HZBKAI3's rating: 1094 &rarr; <strong>1069</strong><br />(-25 for losing)
|l|☆HZBKAI3
|player|p2|
|l|☆Nevitchen
|player|p1|
|j|☆Nevitchen
|player|p1|Nevitchen|2|
