|j|☆7yy7y7y7
|j|☆Clefable1001
|t:|1760718471
|gametype|singles
|player|p1|7yy7y7y7|169|1271
|player|p2|Clefable1001|psychic-gen4|1322
|gen|9
|tier|[Gen 9] OU
|rated|
|rule|HP Percentage Mod: HP is shown in percentages
|rule|Endless Battle Clause: Forcing endless battles is banned
|rule|Species Clause: Limit one of each Pokémon
|rule|OHKO Clause: OHKO moves are banned
|rule|Evasion Items Clause: Evasion items are banned
|rule|Evasion Moves Clause: Evasion moves are banned
|rule|Evasion Abilities Clause: Evasion abilities are banned
|rule|Sleep Moves Clause: Sleep-inducing moves are banned
|clearpoke
|poke|p1|Clefable, F|
|poke|p1|Dondozo, M|
|poke|p1|Blissey, F|
|poke|p1|Clodsire, M|
|poke|p1|Corviknight, F|
|poke|p1|Gliscor, F|
|poke|p2|Ogerpon-Wellspring, F|
|poke|p2|Kingambit, M|
|poke|p2|Landorus-Therian, M|
|poke|p2|Glimmora, F|
|poke|p2|Dragapult, M|
|poke|p2|Iron Valiant|
|teampreview
|inactive|Battle timer is ON: inactive players will automatically lose when time's up. (requested by 7yy7y7y7)
|
|t:|1760718477
|teamsize|p1|6
|teamsize|p2|6
|start
|switch|p1a: Gliscor|Gliscor, F|100/100
|switch|p2a: STD|Glimmora, F|100/100
|turn|1
|
|t:|1760718488
|move|p2a: STD|Spikes|p1a: Gliscor
|-sidestart|p1: 7yy7y7y7|Spikes
|move|p1a: Gliscor|Spikes|p2a: STD
|-sidestart|p2: Clefable1001|Spikes
|
|-status|p1a: Gliscor|tox|[from] item: Toxic Orb
|upkeep
|turn|2
|
|t:|1760718495
|move|p2a: STD|Spikes|p1a: Gliscor
|-sidestart|p1: 7yy7y7y7|Spikes
|move|p1a: Gliscor|Earthquake|p2a: STD
|-supereffective|p2a: STD
|-damage|p2a: STD|0 fnt
|-activate|p2a: STD|ability: Toxic Debris
|-sidestart|p1: 7yy7y7y7|move: Toxic Spikes
|faint|p2a: STD
|
|upkeep
|
|t:|1760718503
|switch|p2a: Landon|Landorus-Therian, M|100/100
|-ability|p2a: Landon|Intimidate|boost
|-unboost|p1a: Gliscor|atk|1
|turn|3
|
|t:|1760718508
|move|p2a: Landon|Taunt|p1a: Gliscor
|-start|p1a: Gliscor|move: Taunt
|cant|p1a: Gliscor|move: Taunt|Toxic
|
|upkeep
|turn|4
|
|t:|1760718513
|move|p2a: Landon|Stealth Rock|p1a: Gliscor
|-sidestart|p1: 7yy7y7y7|move: Stealth Rock
|move|p1a: Gliscor|Earthquake|p2a: Landon
|-immune|p2a: Landon
|
|upkeep
|turn|5
|
|t:|1760718520
|move|p2a: Landon|U-turn|p1a: Gliscor
|-resisted|p1a: Gliscor
|-damage|p1a: Gliscor|94/100 tox
|
|t:|1760718523
|switch|p2a: C.P.S|Dragapult, M|100/100|[from] U-turn
|-damage|p2a: C.P.S|88/100|[from] Spikes
|move|p1a: Gliscor|Earthquake|p2a: C.P.S
|-crit|p2a: C.P.S
|-damage|p2a: C.P.S|22/100
|
|-heal|p1a: Gliscor|100/100 tox|[from] ability: Poison Heal
|-end|p1a: Gliscor|move: Taunt
|upkeep
|turn|6
|
|t:|1760718535
|move|p1a: Gliscor|Protect|p1a: Gliscor
|-singleturn|p1a: Gliscor|Protect
|move|p2a: C.P.S|Shadow Ball|p1a: Gliscor
|-activate|p1a: Gliscor|move: Protect
|
|upkeep
|turn|7
|
|t:|1760718543
|move|p2a: C.P.S|Shadow Ball|p1a: Gliscor
|-damage|p1a: Gliscor|35/100 tox
|move|p1a: Gliscor|Earthquake|p2a: C.P.S
|-damage|p2a: C.P.S|0 fnt
|faint|p2a: C.P.S
|
|-heal|p1a: Gliscor|48/100 tox|[from] ability: Poison Heal
|upkeep
|
|t:|1760718548
|switch|p2a: Onion|Ogerpon-Wellspring, F|100/100
|-damage|p2a: Onion|88/100|[from] Spikes
|turn|8
|
|t:|1760718570
|-terastallize|p1a: Gliscor|Ghost
|move|p2a: Onion|Taunt|p1a: Gliscor
|-start|p1a: Gliscor|move: Taunt
|cant|p1a: Gliscor|move: Taunt|Toxic
|
|-heal|p1a: Gliscor|60/100 tox|[from] ability: Poison Heal
|upkeep
|turn|9
|
|t:|1760718580
|move|p2a: Onion|Ivy Cudgel|p1a: Gliscor|[anim] Ivy Cudgel Water
|-damage|p1a: Gliscor|27/100 tox
|move|p1a: Gliscor|Earthquake|p2a: Onion
|-resisted|p2a: Onion
|-damage|p2a: Onion|74/100
|
|-heal|p1a: Gliscor|40/100 tox|[from] ability: Poison Heal
|upkeep
|turn|10
|
|t:|1760718592
|switch|p1a: Corviknight|Corviknight, F|100/100
|-damage|p1a: Corviknight|88/100|[from] Stealth Rock
|-ability|p1a: Corviknight|Pressure
|move|p2a: Onion|Ivy Cudgel|p1a: Corviknight|[anim] Ivy Cudgel Water
|-damage|p1a: Corviknight|51/100
|
|upkeep
|turn|11
|
|t:|1760718603
|move|p2a: Onion|Taunt|p1a: Corviknight
|-start|p1a: Corviknight|move: Taunt
|cant|p1a: Corviknight|move: Taunt|Roost
|
|upkeep
|turn|12
|
|t:|1760718614
|switch|p2a: Super Soldier|Iron Valiant|100/100
|-damage|p2a: Super Soldier|88/100|[from] Spikes
|-enditem|p2a: Super Soldier|Booster Energy
|-activate|p2a: Super Soldier|ability: Quark Drive|[fromitem]
|-start|p2a: Super Soldier|quarkdrivespe
|move|p1a: Corviknight|Brave Bird|p2a: Super Soldier
|-supereffective|p2a: Super Soldier
|-damage|p2a: Super Soldier|0 fnt
|faint|p2a: Super Soldier
|-end|p2a: Super Soldier|Quark Drive|[silent]
|-damage|p1a: Corviknight|30/100|[from] Recoil
|
|upkeep
|
|t:|1760718626
|switch|p2a: Onion|Ogerpon-Wellspring, F|74/100
|-damage|p2a: Onion|62/100|[from] Spikes
|turn|13
|
|t:|1760718636
|move|p2a: Onion|Ivy Cudgel|p1a: Corviknight|[anim] Ivy Cudgel Water
|-damage|p1a: Corviknight|0 fnt
|faint|p1a: Corviknight
|
|upkeep
|
|t:|1760718644
|switch|p1a: Clefable|Clefable, F|100/100
|-status|p1a: Clefable|psn
|turn|14
|
|t:|1760718651
|move|p2a: Onion|Horn Leech|p1a: Clefable
|-damage|p1a: Clefable|66/100 psn
|-heal|p2a: Onion|85/100|[from] drain|[of] p1a: Clefable
|move|p1a: Clefable|Moonblast|p2a: Onion
|-damage|p2a: Onion|51/100
|-unboost|p2a: Onion|spa|1
|
|-heal|p1a: Clefable|72/100 psn|[from] item: Leftovers
|upkeep
|turn|15
|
|t:|1760718666
|move|p2a: Onion|Horn Leech|p1a: Clefable
|-damage|p1a: Clefable|41/100 psn
|-heal|p2a: Onion|71/100|[from] drain|[of] p1a: Clefable
|move|p1a: Clefable|Stealth Rock|p2a: Onion
|-sidestart|p2: Clefable1001|move: Stealth Rock
|
|-heal|p1a: Clefable|47/100 psn|[from] item: Leftovers
|upkeep
|turn|16
|
|t:|1760718676
|move|p2a: Onion|Horn Leech|p1a: Clefable
|-damage|p1a: Clefable|15/100 psn
|-heal|p2a: Onion|92/100|[from] drain|[of] p1a: Clefable
|move|p1a: Clefable|Moonlight|p1a: Clefable
|-heal|p1a: Clefable|65/100 psn
|
|-heal|p1a: Clefable|72/100 psn|[from] item: Leftovers
|upkeep
|turn|17
|
|t:|1760718686
|move|p2a: Onion|Ivy Cudgel|p1a: Clefable|[anim] Ivy Cudgel Water
|-damage|p1a: Clefable|24/100 psn
|move|p1a: Clefable|Knock Off|p2a: Onion
|-damage|p2a: Onion|78/100
|
|-heal|p1a: Clefable|30/100 psn|[from] item: Leftovers
|upkeep
|turn|18
|
|t:|1760718710
|switch|p1a: Clodsire|Clodsire, M|100/100
|-sideend|p1: 7yy7y7y7|move: Toxic Spikes|[of] p1a: Clodsire
|move|p2a: Onion|Ivy Cudgel|p1a: Clodsire|[anim] Ivy Cudgel Water
|-supereffective|p1a: Clodsire
|-crit|p1a: Clodsire
|-damage|p1a: Clodsire|0 fnt
|faint|p1a: Clodsire
|
|upkeep
|inactive|7yy7y7y7 has 120 seconds left.
|
|t:|1760718749
|switch|p1a: Gliscor|Gliscor, F, tera:Ghost|40/100 tox
|-damage|p1a: Gliscor|23/100 tox|[from] Spikes
|-damage|p1a: Gliscor|11/100 tox|[from] Stealth Rock
|turn|19
|
|t:|1760718756
|move|p1a: Gliscor|Protect|p1a: Gliscor
|-singleturn|p1a: Gliscor|Protect
|move|p2a: Onion|Horn Leech|p1a: Gliscor
|-activate|p1a: Gliscor|move: Protect
|
|-heal|p1a: Gliscor|23/100 tox|[from] ability: Poison Heal
|upkeep
|turn|20
|
|t:|1760718766
|move|p2a: Onion|Taunt|p1a: Gliscor
|-start|p1a: Gliscor|move: Taunt
|cant|p1a: Gliscor|move: Taunt|Toxic
|
|-heal|p1a: Gliscor|36/100 tox|[from] ability: Poison Heal
|upkeep
|turn|21
|
|t:|1760718776
|switch|p1a: Dondozo|Dondozo, M|100/100
|move|p2a: Onion|Ivy Cudgel|p1a: Dondozo|[anim] Ivy Cudgel Water
|-resisted|p1a: Dondozo
|-damage|p1a: Dondozo|88/100
|
|upkeep
|turn|22
|
|t:|1760718789
|switch|p1a: Blissey|Blissey, F|100/100
|move|p2a: Onion|Taunt|p1a: Blissey
|-start|p1a: Blissey|move: Taunt
|
|upkeep
|turn|23
|
|t:|1760718796
|move|p2a: Onion|Horn Leech|p1a: Blissey
|-damage|p1a: Blissey|58/100
|-heal|p2a: Onion|100/100|[from] drain|[of] p1a: Blissey
|move|p1a: Blissey|Seismic Toss|p2a: Onion
|-damage|p2a: Onion|67/100
|
|upkeep
|turn|24
|inactive|7yy7y7y7 has 120 seconds left.
|
|t:|1760718805
|move|p2a: Onion|Ivy Cudgel|p1a: Blissey|[anim] Ivy Cudgel Water
|-damage|p1a: Blissey|0 fnt
|faint|p1a: Blissey
|
|upkeep
|inactive|7yy7y7y7 has 120 seconds left.
|-message|7yy7y7y7 forfeited.
|
|win|Clefable1001
|raw|7yy7y7y7's rating: 1271 &rarr; <strong>1250</strong><br />(-21 for losing)
|raw|Clefable1001's rating: 1322 &rarr; <strong>1339</strong><br />(+17 for winning)
|l|☆7yy7y7y7
|player|p1|
