|j|☆Noisegamer4
|j|☆xiaoyanppd
|t:|1760849380
|gametype|singles
|player|p1|Noisegamer4|265|1122
|player|p2|xiaoyanppd|blue|1228
|gen|9
|tier|[Gen 9] OU
|rated|
|rule|HP Percentage Mod: HP is shown in percentages
|rule|Endless Battle Clause: Forcing endless battles is banned
|rule|Species Clause: Limit one of each Pokémon
|rule|OHKO Clause: OHKO moves are banned
|rule|Evasion Items Clause: Evasion items are banned
|rule|Evasion Moves Clause: Evasion moves are banned
|rule|Evasion Abilities Clause: Evasion abilities are banned
|rule|Sleep Moves Clause: Sleep-inducing moves are banned
|clearpoke
|poke|p1|Pecharunt|
|poke|p1|Glimmora, F|
|poke|p1|Araquanid, M|
|poke|p1|Gliscor, M|
|poke|p1|Heatran, F|
|poke|p1|Iron Boulder|
|poke|p2|Great Tusk|
|poke|p2|Pawmot, M|
|poke|p2|Gliscor, M|
|poke|p2|Riolu, M|
|poke|p2|Skarmory, F|
|poke|p2|Kingambit, M|
|teampreview
|
|t:|1760849388
|teamsize|p1|6
|teamsize|p2|6
|start
|switch|p1a: Araquanid|Araquanid, M|100/100
|switch|p2a: Great Tusk|Great Tusk|100/100
|-enditem|p2a: Great Tusk|Booster Energy
|-activate|p2a: Great Tusk|ability: Protosynthesis|[fromitem]
|-start|p2a: Great Tusk|protosynthesisatk
|turn|1
|
|t:|1760849397
|move|p2a: Great Tusk|Stealth Rock|p1a: Araquanid
|-sidestart|p1: Noisegamer4|move: Stealth Rock
|move|p1a: Araquanid|Chilling Water|p2a: Great Tusk
|-supereffective|p2a: Great Tusk
|-damage|p2a: Great Tusk|44/100
|-unboost|p2a: Great Tusk|atk|1
|
|upkeep
|turn|2
|
|t:|1760849412
|move|p2a: Great Tusk|Headlong Rush|p1a: Araquanid
|-resisted|p1a: Araquanid
|-damage|p1a: Araquanid|75/100
|-unboost|p2a: Great Tusk|def|1
|-unboost|p2a: Great Tusk|spd|1
|-damage|p2a: Great Tusk|27/100|[from] item: Rocky Helmet|[of] p1a: Araquanid
|move|p1a: Araquanid|Chilling Water|p2a: Great Tusk
|-supereffective|p2a: Great Tusk
|-damage|p2a: Great Tusk|0 fnt
|faint|p2a: Great Tusk
|-end|p2a: Great Tusk|Protosynthesis|[silent]
|
|upkeep
|
|t:|1760849415
|switch|p2a: Gliscor|Gliscor, M|100/100
|turn|3
|
|t:|1760849419
|move|p2a: Gliscor|Toxic Spikes|p1a: Araquanid
|-sidestart|p1: Noisegamer4|move: Toxic Spikes
|move|p1a: Araquanid|Sticky Web|p2a: Gliscor
|-sidestart|p2: xiaoyanppd|move: Sticky Web
|
|-status|p2a: Gliscor|tox|[from] item: Toxic Orb
|upkeep
|turn|4
|
|t:|1760849423
|move|p2a: Gliscor|Toxic Spikes|p1a: Araquanid
|-sidestart|p1: Noisegamer4|move: Toxic Spikes
|move|p1a: Araquanid|Chilling Water|p2a: Gliscor
|-supereffective|p2a: Gliscor
|-damage|p2a: Gliscor|73/100 tox
|-unboost|p2a: Gliscor|atk|1
|
|-heal|p2a: Gliscor|85/100 tox|[from] ability: Poison Heal
|upkeep
|turn|5
|
|t:|1760849427
|move|p2a: Gliscor|Spikes|p1a: Araquanid
|-sidestart|p1: Noisegamer4|Spikes
|move|p1a: Araquanid|Chilling Water|p2a: Gliscor
|-supereffective|p2a: Gliscor
|-damage|p2a: Gliscor|56/100 tox
|-unboost|p2a: Gliscor|atk|1
|
|-heal|p2a: Gliscor|68/100 tox|[from] ability: Poison Heal
|upkeep
|turn|6
|
|t:|1760849430
|switch|p1a: Glimmora|Glimmora, F|100/100
|-damage|p1a: Glimmora|88/100|[from] Stealth Rock
|-sideend|p1: Noisegamer4|move: Toxic Spikes|[of] p1a: Glimmora
|-damage|p1a: Glimmora|76/100|[from] Spikes
|move|p2a: Gliscor|Spikes|p1a: Glimmora
|-sidestart|p1: Noisegamer4|Spikes
|
|-heal|p2a: Gliscor|81/100 tox|[from] ability: Poison Heal
|upkeep
|turn|7
|
|t:|1760849439
|switch|p2a: Skarmory|Skarmory, F|100/100
|move|p1a: Glimmora|Mortal Spin|p2a: Skarmory
|-immune|p2a: Skarmory
|
|-status|p2a: Skarmory|brn|[from] item: Flame Orb
|upkeep
|turn|8
|
|t:|1760849450
|move|p2a: Skarmory|Taunt|p1a: Glimmora
|-start|p1a: Glimmora|move: Taunt
|cant|p1a: Glimmora|move: Taunt|Stealth Rock
|
|-damage|p2a: Skarmory|95/100 brn|[from] brn
|upkeep
|turn|9
|
|t:|1760849456
|move|p2a: Skarmory|Agility|p2a: Skarmory
|-boost|p2a: Skarmory|spe|2
|move|p1a: Glimmora|Power Gem|p2a: Skarmory
|-damage|p2a: Skarmory|17/100 brn
|
|-damage|p2a: Skarmory|11/100 brn|[from] brn
|upkeep
|turn|10
|
|t:|1760849462
|move|p1a: Glimmora|Power Gem|p2a: Skarmory
|-crit|p2a: Skarmory
|-damage|p2a: Skarmory|0 fnt
|faint|p2a: Skarmory
|
|-end|p1a: Glimmora|move: Taunt
|upkeep
|
|t:|1760849479
|switch|p2a: Pawmot|Pawmot, M|100/100
|-activate|p2a: Pawmot|move: Sticky Web
|-unboost|p2a: Pawmot|spe|1
|turn|11
|
|t:|1760849486
|move|p2a: Pawmot|Revival Blessing|p2a: Pawmot
|
|t:|1760849489
|-heal|p2: Skarmory|50/100|[from] move: Revival Blessing
|move|p1a: Glimmora|Stealth Rock|p2a: Pawmot
|-sidestart|p2: xiaoyanppd|move: Stealth Rock
|
|upkeep
|turn|12
|
|t:|1760849505
|move|p2a: Pawmot|Close Combat|p1a: Glimmora
|-damage|p1a: Glimmora|20/100
|-unboost|p2a: Pawmot|def|1
|-unboost|p2a: Pawmot|spd|1
|-activate|p1a: Glimmora|ability: Toxic Debris
|-sidestart|p2: xiaoyanppd|move: Toxic Spikes
|move|p1a: Glimmora|Power Gem|p2a: Pawmot
|-resisted|p2a: Pawmot
|-damage|p2a: Pawmot|51/100
|
|upkeep
|turn|13
|
|t:|1760849511
|move|p2a: Pawmot|Close Combat|p1a: Glimmora
|-damage|p1a: Glimmora|0 fnt
|-unboost|p2a: Pawmot|def|1
|-unboost|p2a: Pawmot|spd|1
|-activate|p1a: Glimmora|ability: Toxic Debris
|-sidestart|p2: xiaoyanppd|move: Toxic Spikes
|faint|p1a: Glimmora
|
|upkeep
|
|t:|1760849518
|switch|p1a: Araquanid|Araquanid, M|75/100
|-damage|p1a: Araquanid|50/100|[from] Stealth Rock
|-damage|p1a: Araquanid|33/100|[from] Spikes
|turn|14
|
|t:|1760849522
|move|p2a: Pawmot|Double Shock|p1a: Araquanid
|-supereffective|p1a: Araquanid
|-damage|p1a: Araquanid|0 fnt
|-start|p2a: Pawmot|typechange|???/Fighting|[from] move: Double Shock
|-damage|p2a: Pawmot|35/100|[from] item: Rocky Helmet|[of] p1a: Araquanid
|faint|p1a: Araquanid
|
|upkeep
|
|t:|1760849527
|switch|p1a: Heatran|Heatran, F|100/100
|-damage|p1a: Heatran|88/100|[from] Stealth Rock
|-item|p1a: Heatran|Air Balloon
|turn|15
|
|t:|1760849535
|-terastallize|p1a: Heatran|Flying
|move|p2a: Pawmot|Close Combat|p1a: Heatran
|-resisted|p1a: Heatran
|-damage|p1a: Heatran|62/100
|-unboost|p2a: Pawmot|def|1
|-unboost|p2a: Pawmot|spd|1
|-enditem|p1a: Heatran|Air Balloon
|move|p1a: Heatran|Magma Storm|p2a: Pawmot
|-damage|p2a: Pawmot|0 fnt
|faint|p2a: Pawmot
|
|upkeep
|
|t:|1760849540
|switch|p2a: Skarmory|Skarmory, F|50/100
|-damage|p2a: Skarmory|38/100|[from] Stealth Rock
|turn|16
|
|t:|1760849549
|move|p1a: Heatran|Magma Storm|p2a: Skarmory
|-supereffective|p2a: Skarmory
|-damage|p2a: Skarmory|0 fnt
|faint|p2a: Skarmory
|
|upkeep
|
|t:|1760849554
|switch|p2a: Gliscor|Gliscor, M|81/100 tox
|-damage|p2a: Gliscor|68/100 tox|[from] Stealth Rock
|turn|17
|
|t:|1760849560
|move|p2a: Gliscor|Knock Off|p1a: Heatran
|-damage|p1a: Heatran|49/100
|move|p1a: Heatran|Magma Storm|p2a: Gliscor
|-damage|p2a: Gliscor|20/100 tox
|-activate|p2a: Gliscor|move: Magma Storm|[of] p1a: Heatran
|
|-heal|p2a: Gliscor|32/100 tox|[from] ability: Poison Heal
|-damage|p2a: Gliscor|20/100 tox|[from] move: Magma Storm|[partiallytrapped]
|upkeep
|turn|18
|
|t:|1760849566
|move|p2a: Gliscor|Toxic Spikes|p1a: Heatran
|-sidestart|p1: Noisegamer4|move: Toxic Spikes
|move|p1a: Heatran|Flash Cannon|p2a: Gliscor
|-damage|p2a: Gliscor|0 fnt
|faint|p2a: Gliscor
|
|upkeep
|
|t:|1760849572
|switch|p2a: Riolu|Riolu, M|100/100
|-activate|p2a: Riolu|move: Sticky Web
|-unboost|p2a: Riolu|spe|1
|-damage|p2a: Riolu|95/100|[from] Stealth Rock
|-status|p2a: Riolu|tox
|turn|19
|
|t:|1760849576
|move|p2a: Riolu|Bullet Punch|p1a: Heatran
|-damage|p1a: Heatran|41/100
|move|p1a: Heatran|Magma Storm|p2a: Riolu
|-damage|p2a: Riolu|0 fnt
|faint|p2a: Riolu
|
|upkeep
|
|t:|1760849579
|switch|p2a: Kingambit|Kingambit, M|100/100
|-activate|p2a: Kingambit|move: Sticky Web
|-unboost|p2a: Kingambit|spe|1
|-damage|p2a: Kingambit|94/100|[from] Stealth Rock
|-activate|p2a: Kingambit|ability: Supreme Overlord
|-start|p2a: Kingambit|fallen5|[silent]
|turn|20
|
|t:|1760849585
|-terastallize|p2a: Kingambit|Dark
|move|p2a: Kingambit|Sucker Punch|p1a: Heatran
|-damage|p1a: Heatran|0 fnt
|faint|p1a: Heatran
|
|upkeep
|
|t:|1760849591
|switch|p1a: Gliscor|Gliscor, M|100/100
|-damage|p1a: Gliscor|88/100|[from] Stealth Rock
|turn|21
|
|t:|1760849597
|move|p1a: Gliscor|Protect|p1a: Gliscor
|-singleturn|p1a: Gliscor|Protect
|move|p2a: Kingambit|Kowtow Cleave|p1a: Gliscor
|-activate|p1a: Gliscor|move: Protect
|
|-status|p1a: Gliscor|tox|[from] item: Toxic Orb
|upkeep
|turn|22
|
|t:|1760849602
|move|p1a: Gliscor|Swords Dance|p1a: Gliscor
|-boost|p1a: Gliscor|atk|2
|move|p2a: Kingambit|Kowtow Cleave|p1a: Gliscor
|-damage|p1a: Gliscor|0 fnt
|faint|p1a: Gliscor
|
|upkeep
|
|t:|1760849607
|switch|p1a: Pecharunt|Pecharunt|100/100
|-damage|p1a: Pecharunt|88/100|[from] Stealth Rock
|-damage|p1a: Pecharunt|72/100|[from] Spikes
|-sideend|p1: Noisegamer4|move: Toxic Spikes|[of] p1a: Pecharunt
|turn|23
|
|t:|1760849610
|move|p1a: Pecharunt|Malignant Chain|p2a: Kingambit
|-damage|p2a: Kingambit|58/100
|-status|p2a: Kingambit|tox
|-start|p2a: Kingambit|confusion|[from] ability: Poison Puppeteer|[of] p1a: Pecharunt
|-activate|p2a: Kingambit|confusion
|-damage|p2a: Kingambit|46/100 tox|[from] confusion
|
|-heal|p1a: Pecharunt|78/100|[from] item: Leftovers
|-damage|p2a: Kingambit|40/100 tox|[from] psn
|upkeep
|turn|24
|
|t:|1760849619
|switch|p1a: Iron Boulder|Iron Boulder|100/100
|-damage|p1a: Iron Boulder|88/100|[from] Stealth Rock
|-damage|p1a: Iron Boulder|72/100|[from] Spikes
|-enditem|p1a: Iron Boulder|Booster Energy
|-activate|p1a: Iron Boulder|ability: Quark Drive|[fromitem]
|-start|p1a: Iron Boulder|quarkdrivespe
|-end|p2a: Kingambit|confusion
|move|p2a: Kingambit|Sucker Punch||[still]
|-fail|p2a: Kingambit
|
|-damage|p2a: Kingambit|28/100 tox|[from] psn
|upkeep
|turn|25
|
|t:|1760849633
|move|p2a: Kingambit|Sucker Punch|p1a: Iron Boulder
|-supereffective|p1a: Iron Boulder
|-damage|p1a: Iron Boulder|0 fnt
|faint|p1a: Iron Boulder
|-end|p1a: Iron Boulder|Quark Drive|[silent]
|
|-damage|p2a: Kingambit|9/100 tox|[from] psn
|upkeep
|
|t:|1760849635
|switch|p1a: Pecharunt|Pecharunt|78/100
|-damage|p1a: Pecharunt|65/100|[from] Stealth Rock
|-damage|p1a: Pecharunt|49/100|[from] Spikes
|turn|26
|
|t:|1760849638
|move|p2a: Kingambit|Sucker Punch||[still]
|-fail|p2a: Kingambit
|move|p1a: Pecharunt|Recover|p1a: Pecharunt
|-heal|p1a: Pecharunt|99/100
|
|-heal|p1a: Pecharunt|100/100|[from] item: Leftovers
|-damage|p2a: Kingambit|0 fnt|[from] psn
|faint|p2a: Kingambit
|-end|p2a: Kingambit|fallen5|[silent]
|
|win|Noisegamer4
|raw|Noisegamer4's rating: 1122 &rarr; <strong>1154</strong><br />(+32 for winning)
|raw|xiaoyanppd's rating: 1228 &rarr; <strong>1196</strong><br />(-32 for losing)
|l|☆Noisegamer4
|player|p1|
|l|☆xiaoyanppd
|player|p2|
