|j|☆1visitor
|j|☆juqiantangnang
|t:|1760864969
|gametype|singles
|player|p1|1visitor|schoolkid-gen4|1158
|player|p2|juqiantangnang|cynthia-gen4|1123
|gen|9
|tier|[Gen 9] OU
|rated|
|rule|HP Percentage Mod: HP is shown in percentages
|rule|Endless Battle Clause: Forcing endless battles is banned
|rule|Species Clause: Limit one of each Pokémon
|rule|OHKO Clause: OHKO moves are banned
|rule|Evasion Items Clause: Evasion items are banned
|rule|Evasion Moves Clause: Evasion moves are banned
|rule|Evasion Abilities Clause: Evasion abilities are banned
|rule|Sleep Moves Clause: Sleep-inducing moves are banned
|clearpoke
|poke|p1|Samurott-Hisui, M|
|poke|p1|Dragapult, M|
|poke|p1|Zamazenta-*|
|poke|p1|Maushold-Four|
|poke|p1|Ceruledge, M|
|poke|p1|Garganacl, M|
|poke|p2|Skeledirge, M|
|poke|p2|Rotom-Wash|
|poke|p2|Garganacl, F|
|poke|p2|Sinistcha|
|poke|p2|Zamazenta-*|
|poke|p2|Ogerpon-Wellspring, F|
|teampreview
|
|t:|1760864992
|teamsize|p1|6
|teamsize|p2|6
|start
|switch|p1a: Samurott|Samurott-Hisui, M|100/100
|switch|p2a: Rotom|Rotom-Wash, shiny|100/100
|turn|1
|
|t:|1760865016
|move|p1a: Samurott|Flip Turn|p2a: Rotom
|-resisted|p2a: Rotom
|-damage|p2a: Rotom|86/100
|
|t:|1760865041
|switch|p1a: Garganacl|Garganacl, M|100/100|[from] Flip Turn
|move|p2a: Rotom|Discharge|p1a: Garganacl
|-damage|p1a: Garganacl|73/100
|
|-heal|p1a: Garganacl|79/100|[from] item: Leftovers
|upkeep
|turn|2
|
|t:|1760865055
|move|p2a: Rotom|Hydro Pump|p1a: Garganacl
|-supereffective|p1a: Garganacl
|-damage|p1a: Garganacl|0 fnt
|faint|p1a: Garganacl
|
|upkeep
|
|t:|1760865062
|switch|p1a: Dragapult|Dragapult, M|100/100
|turn|3
|
|t:|1760865071
|move|p1a: Dragapult|Dragon Claw|p2a: Rotom
|-damage|p2a: Rotom|27/100
|move|p2a: Rotom|Thunder Wave|p1a: Dragapult|[miss]
|-miss|p2a: Rotom|p1a: Dragapult
|
|upkeep
|turn|4
|
|t:|1760865083
|-terastallize|p2a: Rotom|Fairy
|move|p1a: Dragapult|Dragon Claw|p2a: Rotom
|-immune|p2a: Rotom
|move|p2a: Rotom|Pain Split|p1a: Dragapult
|-sethp|p1a: Dragapult|61/100|[from] move: Pain Split|[silent]
|-sethp|p2a: Rotom|80/100|[from] move: Pain Split
|
|upkeep
|turn|5
|inactive|Battle timer is ON: inactive players will automatically lose when time's up. (requested by 1visitor)
|
|t:|1760865094
|move|p1a: Dragapult|U-turn|p2a: Rotom
|-resisted|p2a: Rotom
|-damage|p2a: Rotom|67/100
|
|t:|1760865103
|switch|p1a: Zamazenta|Zamazenta|100/100|[from] U-turn
|-ability|p1a: Zamazenta|Dauntless Shield|boost
|-boost|p1a: Zamazenta|def|1
|move|p2a: Rotom|Thunder Wave|p1a: Zamazenta|[miss]
|-miss|p2a: Rotom|p1a: Zamazenta
|
|upkeep
|turn|6
|
|t:|1760865113
|move|p1a: Zamazenta|Iron Head|p2a: Rotom
|-supereffective|p2a: Rotom
|-damage|p2a: Rotom|10/100
|move|p2a: Rotom|Pain Split|p1a: Zamazenta
|-sethp|p1a: Zamazenta|54/100|[from] move: Pain Split|[silent]
|-sethp|p2a: Rotom|73/100|[from] move: Pain Split
|
|-heal|p1a: Zamazenta|60/100|[from] item: Leftovers
|upkeep
|turn|7
|
|t:|1760865132
|move|p1a: Zamazenta|Iron Head|p2a: Rotom
|-supereffective|p2a: Rotom
|-damage|p2a: Rotom|10/100
|cant|p2a: Rotom|flinch
|
|-heal|p1a: Zamazenta|66/100|[from] item: Leftovers
|upkeep
|turn|8
|
|t:|1760865144
|move|p1a: Zamazenta|Iron Head|p2a: Rotom
|-supereffective|p2a: Rotom
|-damage|p2a: Rotom|0 fnt
|faint|p2a: Rotom
|
|-heal|p1a: Zamazenta|72/100|[from] item: Leftovers
|upkeep
|
|t:|1760865151
|switch|p2a: Ogerpon|Ogerpon-Wellspring, F|100/100
|turn|9
|
|t:|1760865162
|move|p1a: Zamazenta|Crunch|p2a: Ogerpon
|-damage|p2a: Ogerpon|74/100
|-unboost|p2a: Ogerpon|def|1
|move|p2a: Ogerpon|Leech Seed|p1a: Zamazenta
|-start|p1a: Zamazenta|move: Leech Seed
|
|-heal|p1a: Zamazenta|79/100|[from] item: Leftovers
|-damage|p1a: Zamazenta|66/100|[from] Leech Seed|[of] p2a: Ogerpon
|-heal|p2a: Ogerpon|86/100|[silent]
|upkeep
|turn|10
|
|t:|1760865176
|switch|p2a: Zamazenta|Zamazenta|100/100
|-ability|p2a: Zamazenta|Dauntless Shield|boost
|-boost|p2a: Zamazenta|def|1
|move|p1a: Zamazenta|Body Press|p2a: Zamazenta
|-damage|p2a: Zamazenta|79/100
|
|-heal|p1a: Zamazenta|72/100|[from] item: Leftovers
|-damage|p1a: Zamazenta|60/100|[from] Leech Seed|[of] p2a: Zamazenta
|-heal|p2a: Zamazenta|92/100|[silent]
|upkeep
|turn|11
|
|t:|1760865199
|switch|p1a: Dragapult|Dragapult, M|61/100
|move|p2a: Zamazenta|Crunch|p1a: Dragapult
|-supereffective|p1a: Dragapult
|-damage|p1a: Dragapult|0 fnt
|faint|p1a: Dragapult
|
|upkeep
|
|t:|1760865210
|switch|p1a: Ceruledge|Ceruledge, M|100/100
|turn|12
|
|t:|1760865222
|move|p2a: Zamazenta|Crunch|p1a: Ceruledge
|-supereffective|p1a: Ceruledge
|-damage|p1a: Ceruledge|43/100
|-ability|p1a: Ceruledge|Weak Armor|boost
|-unboost|p1a: Ceruledge|def|1
|-boost|p1a: Ceruledge|spe|2
|move|p1a: Ceruledge|Bitter Blade|p2a: Zamazenta
|-damage|p2a: Zamazenta|75/100
|-heal|p1a: Ceruledge|52/100|[from] drain|[of] p2a: Zamazenta
|
|upkeep
|turn|13
|inactive|1visitor has 120 seconds left.
|
|t:|1760865253
|switch|p1a: Maushold|Maushold-Four|100/100
|move|p2a: Zamazenta|Crunch|p1a: Maushold
|-damage|p1a: Maushold|62/100
|-unboost|p1a: Maushold|def|1
|
|upkeep
|turn|14
|
|t:|1760865263
|move|p1a: Maushold|Population Bomb|p2a: Zamazenta
|-damage|p2a: Zamazenta|70/100
|-damage|p2a: Zamazenta|64/100
|-damage|p2a: Zamazenta|58/100
|-damage|p2a: Zamazenta|51/100
|-hitcount|p2a: Zamazenta|4
|move|p2a: Zamazenta|Body Press|p1a: Maushold
|-supereffective|p1a: Maushold
|-damage|p1a: Maushold|0 fnt
|faint|p1a: Maushold
|
|upkeep
|inactive|1visitor has 90 seconds left.
|
|t:|1760865285
|switch|p1a: Samurott|Samurott-Hisui, M|100/100
|turn|15
|inactive|1visitor has 90 seconds left.
|
|t:|1760865296
|-terastallize|p1a: Samurott|Bug
|move|p2a: Zamazenta|Body Press|p1a: Samurott
|-resisted|p1a: Samurott
|-damage|p1a: Samurott|57/100
|move|p1a: Samurott|Razor Shell|p2a: Zamazenta
|-damage|p2a: Zamazenta|27/100
|-unboost|p2a: Zamazenta|def|1
|
|upkeep
|turn|16
|inactive|1visitor has 90 seconds left.
|
|t:|1760865316
|move|p2a: Zamazenta|Body Press|p1a: Samurott
|-resisted|p1a: Samurott
|-damage|p1a: Samurott|31/100
|move|p1a: Samurott|X-Scissor|p2a: Zamazenta
|-resisted|p2a: Zamazenta
|-damage|p2a: Zamazenta|7/100
|
|upkeep
|turn|17
|inactive|1visitor has 90 seconds left.
|
|t:|1760865328
|move|p2a: Zamazenta|Wild Charge|p1a: Samurott
|-damage|p1a: Samurott|0 fnt
|faint|p1a: Samurott
|-damage|p2a: Zamazenta|0 fnt|[from] Recoil
|faint|p2a: Zamazenta
|
|upkeep
|inactive|juqiantangnang has 120 seconds left.
|
|t:|1760865357
|switch|p2a: Ogerpon|Ogerpon-Wellspring, F|86/100
|switch|p1a: Zamazenta|Zamazenta|60/100
|turn|18
|
|t:|1760865369
|move|p1a: Zamazenta|Iron Defense|p1a: Zamazenta
|-boost|p1a: Zamazenta|def|2
|move|p2a: Ogerpon|Ivy Cudgel|p1a: Zamazenta|[anim] Ivy Cudgel Water
|-damage|p1a: Zamazenta|38/100
|
|-heal|p1a: Zamazenta|44/100|[from] item: Leftovers
|upkeep
|turn|19
|
|t:|1760865378
|move|p1a: Zamazenta|Body Press|p2a: Ogerpon
|-damage|p2a: Ogerpon|21/100
|move|p2a: Ogerpon|Leech Seed|p1a: Zamazenta
|-start|p1a: Zamazenta|move: Leech Seed
|
|-heal|p1a: Zamazenta|50/100|[from] item: Leftovers
|-damage|p1a: Zamazenta|38/100|[from] Leech Seed|[of] p2a: Ogerpon
|-heal|p2a: Ogerpon|34/100|[silent]
|upkeep
|turn|20
|
|t:|1760865389
|switch|p2a: Sinistcha|Sinistcha|100/100
|move|p1a: Zamazenta|Iron Head|p2a: Sinistcha
|-damage|p2a: Sinistcha|73/100
|
|-heal|p1a: Zamazenta|44/100|[from] item: Leftovers
|-heal|p2a: Sinistcha|79/100|[from] item: Leftovers
|-damage|p1a: Zamazenta|32/100|[from] Leech Seed|[of] p2a: Sinistcha
|-heal|p2a: Sinistcha|92/100|[silent]
|upkeep
|turn|21
|
|t:|1760865405
|move|p1a: Zamazenta|Crunch|p2a: Sinistcha
|-supereffective|p2a: Sinistcha
|-damage|p2a: Sinistcha|36/100
|move|p2a: Sinistcha|Strength Sap|p1a: Zamazenta
|-unboost|p1a: Zamazenta|atk|1
|-heal|p2a: Sinistcha|100/100
|
|-heal|p1a: Zamazenta|38/100|[from] item: Leftovers
|-damage|p1a: Zamazenta|25/100|[from] Leech Seed|[of] p2a: Sinistcha
|upkeep
|turn|22
|inactive|juqiantangnang has 120 seconds left.
|
|t:|1760865420
|switch|p1a: Ceruledge|Ceruledge, M|52/100
|switch|p2a: Ogerpon|Ogerpon-Wellspring, F|34/100
|
|upkeep
|turn|23
|inactive|juqiantangnang has 120 seconds left.
|
|t:|1760865446
|move|p1a: Ceruledge|Shadow Sneak|p2a: Ogerpon
|-damage|p2a: Ogerpon|15/100
|move|p2a: Ogerpon|Ivy Cudgel|p1a: Ceruledge|[anim] Ivy Cudgel Water
|-supereffective|p1a: Ceruledge
|-damage|p1a: Ceruledge|0 fnt
|faint|p1a: Ceruledge
|
|upkeep
|
|t:|1760865455
|switch|p1a: Zamazenta|Zamazenta|25/100
|turn|24
|
|t:|1760865462
|move|p1a: Zamazenta|Crunch|p2a: Ogerpon
|-damage|p2a: Ogerpon|0 fnt
|faint|p2a: Ogerpon
|
|-heal|p1a: Zamazenta|32/100|[from] item: Leftovers
|upkeep
|
|t:|1760865477
|switch|p2a: Skeledirge|Skeledirge, M, shiny|100/100
|turn|25
|
|t:|1760865483
|move|p1a: Zamazenta|Crunch|p2a: Skeledirge
|-supereffective|p2a: Skeledirge
|-damage|p2a: Skeledirge|63/100
|move|p2a: Skeledirge|Torch Song|p1a: Zamazenta
|-damage|p1a: Zamazenta|0 fnt
|-boost|p2a: Skeledirge|spa|1
|faint|p1a: Zamazenta
|
|win|juqiantangnang
|raw|1visitor's rating: 1158 &rarr; <strong>1130</strong><br />(-28 for losing)
|raw|juqiantangnang's rating: 1123 &rarr; <strong>1151</strong><br />(+28 for winning)
