|j|☆noehpokemontwainer
|j|☆feefaeafa
|t:|1760827961
|gametype|singles
|player|p1|noehpokemontwainer|picnicker|1226
|player|p2|feefaeafa|265|1240
|gen|9
|tier|[Gen 9] OU
|rated|
|rule|HP Percentage Mod: HP is shown in percentages
|rule|Endless Battle Clause: Forcing endless battles is banned
|rule|Species Clause: Limit one of each Pokémon
|rule|OHKO Clause: OHKO moves are banned
|rule|Evasion Items Clause: Evasion items are banned
|rule|Evasion Moves Clause: Evasion moves are banned
|rule|Evasion Abilities Clause: Evasion abilities are banned
|rule|Sleep Moves Clause: Sleep-inducing moves are banned
|clearpoke
|poke|p1|Decidueye-Hisui, M|
|poke|p1|Corviknight, M|
|poke|p1|Greninja-*, M|
|poke|p1|Arcanine-Hisui, M|
|poke|p1|Regidrago|
|poke|p1|Tinkaton, F|
|poke|p2|Talonflame, F|
|poke|p2|Pelipper, M|
|poke|p2|Hatterene, F|
|poke|p2|Kingdra, F|
|poke|p2|Gastrodon-East, M|
|poke|p2|Jirachi|
|teampreview
|
|t:|1760827978
|teamsize|p1|6
|teamsize|p2|6
|start
|switch|p1a: Arcanine|Arcanine-Hisui, M|100/100
|switch|p2a: Pelipper|Pelipper, M|100/100
|-weather|RainDance|[from] ability: Drizzle|[of] p2a: Pelipper
|turn|1
|
|t:|1760827997
|switch|p2a: Jirachi|Jirachi|100/100
|move|p1a: Arcanine|Wild Charge|p2a: Jirachi
|-damage|p2a: Jirachi|69/100
|
|-weather|RainDance|[upkeep]
|-heal|p2a: Jirachi|75/100|[from] item: Leftovers
|upkeep
|turn|2
|
|t:|1760828015
|switch|p1a: Greninja|Greninja, M|100/100
|move|p2a: Jirachi|Thunder|p1a: Greninja
|-supereffective|p1a: Greninja
|-damage|p1a: Greninja|17/100
|-status|p1a: Greninja|par
|
|-weather|RainDance|[upkeep]
|-heal|p2a: Jirachi|81/100|[from] item: Leftovers
|upkeep
|turn|3
|
|t:|1760828026
|move|p1a: Greninja|Water Shuriken|p2a: Jirachi
|-damage|p2a: Jirachi|74/100
|-damage|p2a: Jirachi|67/100
|-damage|p2a: Jirachi|60/100
|-damage|p2a: Jirachi|53/100
|-hitcount|p2a: Jirachi|4
|move|p2a: Jirachi|Thunder|p1a: Greninja
|-supereffective|p1a: Greninja
|-damage|p1a: Greninja|0 fnt
|faint|p1a: Greninja
|
|-weather|RainDance|[upkeep]
|-heal|p2a: Jirachi|59/100|[from] item: Leftovers
|upkeep
|
|t:|1760828048
|switch|p1a: Regidrago|Regidrago, shiny|100/100
|turn|4
|
|t:|1760828054
|switch|p2a: Hatterene|Hatterene, F|100/100
|move|p1a: Regidrago|Earth Power|p2a: Hatterene
|-damage|p2a: Hatterene|73/100
|-enditem|p2a: Hatterene|Eject Button
|
|t:|1760828061
|switch|p2a: Queendra|Kingdra, F|100/100
|
|-weather|RainDance|[upkeep]
|upkeep
|turn|5
|
|t:|1760828068
|switch|p1a: Decidueye|Decidueye-Hisui, M, shiny|100/100
|move|p2a: Queendra|Draco Meteor|p1a: Decidueye
|-damage|p1a: Decidueye|22/100
|-unboost|p2a: Queendra|spa|2
|-damage|p2a: Queendra|91/100|[from] item: Life Orb
|
|-weather|RainDance|[upkeep]
|upkeep
|turn|6
|
|t:|1760828078
|move|p2a: Queendra|Hurricane|p1a: Decidueye
|-supereffective|p1a: Decidueye
|-damage|p1a: Decidueye|0 fnt
|faint|p1a: Decidueye
|-damage|p2a: Queendra|81/100|[from] item: Life Orb
|
|-weather|RainDance|[upkeep]
|upkeep
|
|t:|1760828086
|switch|p1a: Regidrago|Regidrago, shiny|100/100
|turn|7
|
|t:|1760828091
|-terastallize|p1a: Regidrago|Steel
|move|p2a: Queendra|Draco Meteor|p1a: Regidrago
|-resisted|p1a: Regidrago
|-damage|p1a: Regidrago|77/100
|-unboost|p2a: Queendra|spa|2
|-damage|p2a: Queendra|71/100|[from] item: Life Orb
|move|p1a: Regidrago|Tera Blast|p2a: Queendra|[anim] Tera Blast Steel
|-resisted|p2a: Queendra
|-damage|p2a: Queendra|51/100
|
|-weather|RainDance|[upkeep]
|upkeep
|turn|8
|
|t:|1760828102
|switch|p2a: Gastrodon|Gastrodon-East, M|100/100
|switch|p1a: Tinkaton|Tinkaton, F|100/100
|-ability|p1a: Tinkaton|Mold Breaker
|-item|p1a: Tinkaton|Air Balloon
|
|-weather|none
|upkeep
|turn|9
|
|t:|1760828111
|switch|p2a: Hatterene|Hatterene, F|73/100
|move|p1a: Tinkaton|Stealth Rock|p2a: Hatterene
|-sidestart|p2: feefaeafa|move: Stealth Rock
|
|upkeep
|turn|10
|
|t:|1760828120
|move|p1a: Tinkaton|Gigaton Hammer|p2a: Hatterene
|-supereffective|p2a: Hatterene
|-damage|p2a: Hatterene|0 fnt
|faint|p2a: Hatterene
|
|upkeep
|
|t:|1760828124
|switch|p2a: Gastrodon|Gastrodon-East, M|100/100
|-damage|p2a: Gastrodon|94/100|[from] Stealth Rock
|turn|11
|
|t:|1760828132
|switch|p1a: Corviknight|Corviknight, M, shiny|100/100
|-ability|p1a: Corviknight|Pressure
|move|p2a: Gastrodon|Earth Power|p1a: Corviknight
|-immune|p1a: Corviknight
|
|-heal|p2a: Gastrodon|100/100|[from] item: Leftovers
|upkeep
|turn|12
|
|t:|1760828140
|move|p1a: Corviknight|Iron Defense|p1a: Corviknight
|-boost|p1a: Corviknight|def|2
|move|p2a: Gastrodon|Hydro Pump|p1a: Corviknight|[miss]
|-miss|p2a: Gastrodon|p1a: Corviknight
|
|upkeep
|turn|13
|
|t:|1760828146
|switch|p2a: Pelipper|Pelipper, M|100/100
|-damage|p2a: Pelipper|76/100|[from] Stealth Rock
|-weather|RainDance|[from] ability: Drizzle|[of] p2a: Pelipper
|move|p1a: Corviknight|Body Press|p2a: Pelipper
|-resisted|p2a: Pelipper
|-damage|p2a: Pelipper|57/100
|
|-weather|RainDance|[upkeep]
|upkeep
|turn|14
|
|t:|1760828158
|move|p1a: Corviknight|Iron Defense|p1a: Corviknight
|-boost|p1a: Corviknight|def|2
|move|p2a: Pelipper|Roost|p2a: Pelipper
|-heal|p2a: Pelipper|100/100
|-singleturn|p2a: Pelipper|move: Roost
|
|-weather|RainDance|[upkeep]
|upkeep
|turn|15
|
|t:|1760828165
|move|p1a: Corviknight|Power Trip|p2a: Pelipper
|-damage|p2a: Pelipper|84/100
|move|p2a: Pelipper|U-turn|p1a: Corviknight
|-resisted|p1a: Corviknight
|-damage|p1a: Corviknight|99/100
|
|t:|1760828170
|switch|p2a: Jirachi|Jirachi|59/100|[from] U-turn
|-damage|p2a: Jirachi|53/100|[from] Stealth Rock
|
|-weather|RainDance|[upkeep]
|-heal|p2a: Jirachi|59/100|[from] item: Leftovers
|-heal|p1a: Corviknight|100/100|[from] item: Leftovers
|upkeep
|turn|16
|
|t:|1760828179
|move|p2a: Jirachi|Thunder|p1a: Corviknight
|-supereffective|p1a: Corviknight
|-damage|p1a: Corviknight|49/100
|-status|p1a: Corviknight|par
|move|p1a: Corviknight|Body Press|p2a: Jirachi
|-damage|p2a: Jirachi|0 fnt
|faint|p2a: Jirachi
|
|-weather|RainDance|[upkeep]
|-heal|p1a: Corviknight|55/100 par|[from] item: Leftovers
|upkeep
|
|t:|1760828186
|switch|p2a: Gastrodon|Gastrodon-East, M|100/100
|-damage|p2a: Gastrodon|94/100|[from] Stealth Rock
|turn|17
|
|t:|1760828191
|move|p2a: Gastrodon|Hydro Pump|p1a: Corviknight|[miss]
|-miss|p2a: Gastrodon|p1a: Corviknight
|cant|p1a: Corviknight|par
|
|-weather|RainDance|[upkeep]
|-heal|p2a: Gastrodon|100/100|[from] item: Leftovers
|-heal|p1a: Corviknight|61/100 par|[from] item: Leftovers
|upkeep
|turn|18
|
|t:|1760828197
|move|p2a: Gastrodon|Hydro Pump|p1a: Corviknight
|-damage|p1a: Corviknight|0 fnt
|faint|p1a: Corviknight
|
|-weather|RainDance|[upkeep]
|upkeep
|
|t:|1760828205
|switch|p1a: Arcanine|Arcanine-Hisui, M|100/100
|turn|19
|
|t:|1760828209
|move|p1a: Arcanine|Head Smash|p2a: Gastrodon
|-resisted|p2a: Gastrodon
|-crit|p2a: Gastrodon
|-damage|p2a: Gastrodon|31/100
|move|p2a: Gastrodon|Earth Power|p1a: Arcanine
|-supereffective|p1a: Arcanine
|-enditem|p1a: Arcanine|Focus Sash
|-damage|p1a: Arcanine|1/100
|
|-weather|RainDance|[upkeep]
|-heal|p2a: Gastrodon|37/100|[from] item: Leftovers
|upkeep
|turn|20
|
|t:|1760828222
|move|p1a: Arcanine|Head Smash|p2a: Gastrodon
|-resisted|p2a: Gastrodon
|-damage|p2a: Gastrodon|0 fnt
|faint|p2a: Gastrodon
|
|-weather|none
|upkeep
|
|t:|1760828233
|switch|p2a: Pelipper|Pelipper, M|84/100
|-damage|p2a: Pelipper|59/100|[from] Stealth Rock
|-weather|RainDance|[from] ability: Drizzle|[of] p2a: Pelipper
|turn|21
|
|t:|1760828244
|move|p1a: Arcanine|Wild Charge|p2a: Pelipper
|-supereffective|p2a: Pelipper
|-damage|p2a: Pelipper|0 fnt
|faint|p2a: Pelipper
|
|-weather|RainDance|[upkeep]
|upkeep
|
|t:|1760828248
|switch|p2a: Queendra|Kingdra, F|51/100
|-damage|p2a: Queendra|39/100|[from] Stealth Rock
|turn|22
|
|t:|1760828252
|move|p1a: Arcanine|Extreme Speed|p2a: Queendra
|-damage|p2a: Queendra|2/100
|move|p2a: Queendra|Hurricane|p1a: Arcanine
|-resisted|p1a: Arcanine
|-damage|p1a: Arcanine|0 fnt
|faint|p1a: Arcanine
|-damage|p2a: Queendra|0 fnt|[from] item: Life Orb
|faint|p2a: Queendra
|
|-weather|RainDance|[upkeep]
|upkeep
|
|t:|1760828264
|switch|p1a: Regidrago|Regidrago, shiny, tera:Steel|77/100
|switch|p2a: Talonflame|Talonflame, F|100/100
|-damage|p2a: Talonflame|51/100|[from] Stealth Rock
|turn|23
|
|t:|1760828276
|-terastallize|p2a: Talonflame|Flying
|move|p1a: Regidrago|Draco Meteor|p2a: Talonflame
|-damage|p2a: Talonflame|0 fnt
|-unboost|p1a: Regidrago|spa|2
|faint|p2a: Talonflame
|
|win|noehpokemontwainer
|raw|noehpokemontwainer's rating: 1226 &rarr; <strong>1252</strong><br />(+26 for winning)
|raw|feefaeafa's rating: 1240 &rarr; <strong>1214</strong><br />(-26 for losing)
|l|☆feefaeafa
|player|p2|
|l|☆noehpokemontwainer
|player|p1|
