|j|☆yungestyeet
|j|☆Noisegamer4
|t:|1760848874
|gametype|singles
|player|p1|yungestyeet|170|1104
|player|p2|Noisegamer4|265|1060
|gen|9
|tier|[Gen 9] OU
|rated|
|rule|HP Percentage Mod: HP is shown in percentages
|rule|Endless Battle Clause: Forcing endless battles is banned
|rule|Species Clause: Limit one of each Pokémon
|rule|OHKO Clause: OHKO moves are banned
|rule|Evasion Items Clause: Evasion items are banned
|rule|Evasion Moves Clause: Evasion moves are banned
|rule|Evasion Abilities Clause: Evasion abilities are banned
|rule|Sleep Moves Clause: Sleep-inducing moves are banned
|clearpoke
|poke|p1|Arbok, M|
|poke|p1|Sandy Shocks|
|poke|p1|Garchomp, F|
|poke|p1|Lycanroc-Dusk, F|
|poke|p1|Exeggutor, M|
|poke|p1|Torkoal, M|
|poke|p2|Pecharunt|
|poke|p2|Glimmora, M|
|poke|p2|Araquanid, M|
|poke|p2|Gliscor, F|
|poke|p2|Heatran, M|
|poke|p2|Iron Boulder|
|teampreview
|inactive|Battle timer is ON: inactive players will automatically lose when time's up. (requested by yungestyeet)
|
|t:|1760848880
|teamsize|p1|6
|teamsize|p2|6
|start
|switch|p1a: Torkoal|Torkoal, M, shiny|100/100
|switch|p2a: Glimmora|Glimmora, M|100/100
|-weather|SunnyDay|[from] ability: Drought|[of] p1a: Torkoal
|turn|1
|
|t:|1760848888
|move|p2a: Glimmora|Stealth Rock|p1a: Torkoal
|-sidestart|p1: yungestyeet|move: Stealth Rock
|move|p1a: Torkoal|Stealth Rock|p2a: Glimmora
|-sidestart|p2: Noisegamer4|move: Stealth Rock
|
|-weather|SunnyDay|[upkeep]
|upkeep
|turn|2
|
|t:|1760848894
|move|p2a: Glimmora|Mortal Spin|p1a: Torkoal
|-damage|p1a: Torkoal|95/100
|-status|p1a: Torkoal|psn
|-sideend|p2: Noisegamer4|Stealth Rock|[from] move: Mortal Spin|[of] p2a: Glimmora
|move|p1a: Torkoal|Will-O-Wisp|p2a: Glimmora
|-status|p2a: Glimmora|brn
|
|-weather|SunnyDay|[upkeep]
|-damage|p1a: Torkoal|83/100 psn|[from] psn
|-damage|p2a: Glimmora|94/100 brn|[from] brn
|upkeep
|turn|3
|
|t:|1760848910
|switch|p1a: Lycanroc|Lycanroc-Dusk, F, shiny|100/100
|-damage|p1a: Lycanroc|88/100|[from] Stealth Rock
|move|p2a: Glimmora|Power Gem|p1a: Lycanroc
|-damage|p1a: Lycanroc|23/100
|
|-weather|SunnyDay|[upkeep]
|-damage|p2a: Glimmora|88/100 brn|[from] brn
|upkeep
|turn|4
|
|t:|1760848924
|move|p1a: Lycanroc|Endeavor|p2a: Glimmora
|-damage|p2a: Glimmora|18/100 brn
|-activate|p2a: Glimmora|ability: Toxic Debris
|-sidestart|p1: yungestyeet|move: Toxic Spikes
|move|p2a: Glimmora|Power Gem|p1a: Lycanroc
|-damage|p1a: Lycanroc|0 fnt
|faint|p1a: Lycanroc
|
|-weather|SunnyDay|[upkeep]
|-damage|p2a: Glimmora|12/100 brn|[from] brn
|upkeep
|
|t:|1760848938
|switch|p1a: Sandy Shocks|Sandy Shocks|100/100
|-damage|p1a: Sandy Shocks|94/100|[from] Stealth Rock
|-status|p1a: Sandy Shocks|psn
|-activate|p1a: Sandy Shocks|ability: Protosynthesis
|-start|p1a: Sandy Shocks|protosynthesisspe
|turn|5
|
|t:|1760848949
|move|p1a: Sandy Shocks|Thunderbolt|p2a: Glimmora
|-damage|p2a: Glimmora|0 fnt
|faint|p2a: Glimmora
|
|-weather|SunnyDay|[upkeep]
|-damage|p1a: Sandy Shocks|82/100 psn|[from] psn
|upkeep
|
|t:|1760848954
|switch|p2a: Gliscor|Gliscor, F|100/100
|turn|6
|
|t:|1760848957
|-terastallize|p1a: Sandy Shocks|Ice
|move|p1a: Sandy Shocks|Tera Blast|p2a: Gliscor|[anim] Tera Blast Ice
|-supereffective|p2a: Gliscor
|-damage|p2a: Gliscor|0 fnt
|faint|p2a: Gliscor
|
|-weather|SunnyDay|[upkeep]
|-damage|p1a: Sandy Shocks|69/100 psn|[from] psn
|upkeep
|
|t:|1760848961
|switch|p2a: Araquanid|Araquanid, M|100/100
|turn|7
|
|t:|1760848966
|move|p1a: Sandy Shocks|Thunderbolt|p2a: Araquanid
|-supereffective|p2a: Araquanid
|-damage|p2a: Araquanid|23/100
|move|p2a: Araquanid|Sticky Web|p1a: Sandy Shocks
|-sidestart|p1: yungestyeet|move: Sticky Web
|
|-weather|SunnyDay|[upkeep]
|-damage|p1a: Sandy Shocks|57/100 psn|[from] psn
|upkeep
|turn|8
|
|t:|1760848972
|move|p1a: Sandy Shocks|Thunderbolt|p2a: Araquanid
|-supereffective|p2a: Araquanid
|-damage|p2a: Araquanid|0 fnt
|faint|p2a: Araquanid
|
|-weather|none
|-end|p1a: Sandy Shocks|Protosynthesis
|-damage|p1a: Sandy Shocks|45/100 psn|[from] psn
|upkeep
|-enditem|p1a: Sandy Shocks|Booster Energy
|-activate|p1a: Sandy Shocks|ability: Protosynthesis|[fromitem]
|-start|p1a: Sandy Shocks|protosynthesisspe
|
|t:|1760848978
|switch|p2a: Heatran|Heatran, M|100/100
|-item|p2a: Heatran|Air Balloon
|turn|9
|
|t:|1760848983
|move|p1a: Sandy Shocks|Earth Power|p2a: Heatran
|-immune|p2a: Heatran
|move|p2a: Heatran|Magma Storm|p1a: Sandy Shocks
|-supereffective|p1a: Sandy Shocks
|-damage|p1a: Sandy Shocks|0 fnt
|faint|p1a: Sandy Shocks
|-end|p1a: Sandy Shocks|Protosynthesis|[silent]
|
|upkeep
|
|t:|1760848990
|switch|p1a: Torkoal|Torkoal, M, shiny|83/100 psn
|-damage|p1a: Torkoal|58/100 psn|[from] Stealth Rock
|-activate|p1a: Torkoal|move: Sticky Web
|-unboost|p1a: Torkoal|spe|1
|-weather|SunnyDay|[from] ability: Drought|[of] p1a: Torkoal
|turn|10
|
|t:|1760848996
|switch|p2a: Pecharunt|Pecharunt|100/100
|move|p1a: Torkoal|Rapid Spin|p2a: Pecharunt
|-immune|p2a: Pecharunt
|
|-weather|SunnyDay|[upkeep]
|-damage|p1a: Torkoal|46/100 psn|[from] psn
|upkeep
|turn|11
|
|t:|1760849004
|switch|p1a: Garchomp|Garchomp, F|100/100
|-damage|p1a: Garchomp|94/100|[from] Stealth Rock
|-status|p1a: Garchomp|psn
|-activate|p1a: Garchomp|move: Sticky Web
|-unboost|p1a: Garchomp|spe|1
|move|p2a: Pecharunt|Hex|p1a: Garchomp
|-damage|p1a: Garchomp|36/100 psn
|
|-weather|SunnyDay|[upkeep]
|-damage|p1a: Garchomp|24/100 psn|[from] psn
|upkeep
|turn|12
|
|t:|1760849015
|move|p1a: Garchomp|Earth Power|p2a: Pecharunt
|-supereffective|p2a: Pecharunt
|-damage|p2a: Pecharunt|0 fnt
|faint|p2a: Pecharunt
|
|-weather|SunnyDay|[upkeep]
|-damage|p1a: Garchomp|11/100 psn|[from] psn
|upkeep
|
|t:|1760849018
|switch|p2a: Iron Boulder|Iron Boulder|100/100
|-enditem|p2a: Iron Boulder|Booster Energy
|-activate|p2a: Iron Boulder|ability: Quark Drive|[fromitem]
|-start|p2a: Iron Boulder|quarkdrivespe
|turn|13
|
|t:|1760849024
|move|p2a: Iron Boulder|Mighty Cleave|p1a: Garchomp
|-resisted|p1a: Garchomp
|-damage|p1a: Garchomp|0 fnt
|-damage|p2a: Iron Boulder|88/100|[from] ability: Rough Skin|[of] p1a: Garchomp
|faint|p1a: Garchomp
|
|-weather|SunnyDay|[upkeep]
|upkeep
|
|t:|1760849035
|switch|p1a: Arbok|Arbok, M, shiny|100/100
|-damage|p1a: Arbok|88/100|[from] Stealth Rock
|-sideend|p1: yungestyeet|move: Toxic Spikes|[of] p1a: Arbok
|-activate|p1a: Arbok|move: Sticky Web
|-unboost|p1a: Arbok|spe|1
|-ability|p1a: Arbok|Intimidate|boost
|-unboost|p2a: Iron Boulder|atk|1
|turn|14
|
|t:|1760849046
|-end|p2a: Iron Boulder|Quark Drive|[silent]
|switch|p2a: Heatran|Heatran, M|100/100
|-item|p2a: Heatran|Air Balloon
|move|p1a: Arbok|Earthquake|p2a: Heatran
|-immune|p2a: Heatran
|
|-weather|SunnyDay|[upkeep]
|upkeep
|turn|15
|
|t:|1760849061
|move|p2a: Heatran|Earth Power|p1a: Arbok
|-supereffective|p1a: Arbok
|-damage|p1a: Arbok|0 fnt
|faint|p1a: Arbok
|
|-weather|SunnyDay|[upkeep]
|upkeep
|
|t:|1760849067
|switch|p1a: Torkoal|Torkoal, M, shiny|46/100 psn
|-damage|p1a: Torkoal|21/100 psn|[from] Stealth Rock
|-activate|p1a: Torkoal|move: Sticky Web
|-unboost|p1a: Torkoal|spe|1
|turn|16
|
|t:|1760849072
|move|p2a: Heatran|Earth Power|p1a: Torkoal
|-supereffective|p1a: Torkoal
|-damage|p1a: Torkoal|0 fnt
|faint|p1a: Torkoal
|
|-weather|SunnyDay|[upkeep]
|upkeep
|
|t:|1760849077
|switch|p1a: Exeggutor|Exeggutor, M, shiny|100/100
|-damage|p1a: Exeggutor|88/100|[from] Stealth Rock
|-activate|p1a: Exeggutor|move: Sticky Web
|-unboost|p1a: Exeggutor|spe|1
|turn|17
|
|t:|1760849087
|move|p1a: Exeggutor|Solar Beam||[still]
|-prepare|p1a: Exeggutor|Solar Beam
|-anim|p1a: Exeggutor|Solar Beam|p2a: Heatran
|-resisted|p2a: Heatran
|-damage|p2a: Heatran|84/100
|-enditem|p2a: Heatran|Air Balloon
|-damage|p1a: Exeggutor|78/100|[from] item: Life Orb
|move|p2a: Heatran|Magma Storm|p1a: Exeggutor|[miss]
|-miss|p2a: Heatran|p1a: Exeggutor
|
|-weather|none
|upkeep
|turn|18
|-message|yungestyeet forfeited.
|
|win|Noisegamer4
|raw|yungestyeet's rating: 1104 &rarr; <strong>1076</strong><br />(-28 for losing)
|raw|Noisegamer4's rating: 1060 &rarr; <strong>1095</strong><br />(+35 for winning)
|l|☆yungestyeet
|player|p1|
|l|☆Noisegamer4
|player|p2|
