|j|☆enormouschilli
|j|☆ichigo_go_god420
|t:|1760872805
|gametype|singles
|player|p1|enormouschilli|102|1372
|player|p2|ichigo_go_god420|pokemonbreeder-gen4|1361
|gen|9
|tier|[Gen 9] OU
|rated|
|rule|HP Percentage Mod: HP is shown in percentages
|rule|Endless Battle Clause: Forcing endless battles is banned
|rule|Species Clause: Limit one of each Pokémon
|rule|OHKO Clause: OHKO moves are banned
|rule|Evasion Items Clause: Evasion items are banned
|rule|Evasion Moves Clause: Evasion moves are banned
|rule|Evasion Abilities Clause: Evasion abilities are banned
|rule|Sleep Moves Clause: Sleep-inducing moves are banned
|clearpoke
|poke|p1|Ribombee, F|
|poke|p1|Heatran, F|
|poke|p1|Gengar, F|
|poke|p1|Glimmora, M|
|poke|p1|Great Tusk|
|poke|p1|Dragonite, F|
|poke|p2|Glimmora, M|
|poke|p2|Revavroom, M|
|poke|p2|Muk-Alola, M|
|poke|p2|Vileplume, M|
|poke|p2|Wo-Chien|
|poke|p2|Grafaiai, M|
|teampreview
|inactive|Battle timer is ON: inactive players will automatically lose when time's up. (requested by enormouschilli)
|
|t:|1760872832
|teamsize|p1|6
|teamsize|p2|6
|start
|switch|p1a: more usage then u|Great Tusk|100/100
|switch|p2a: Glimmora|Glimmora, M|100/100
|-item|p2a: Glimmora|Air Balloon
|-enditem|p1a: more usage then u|Booster Energy
|-activate|p1a: more usage then u|ability: Protosynthesis|[fromitem]
|-start|p1a: more usage then u|protosynthesisatk
|turn|1
|
|t:|1760872840
|move|p1a: more usage then u|Rapid Spin|p2a: Glimmora
|-resisted|p2a: Glimmora
|-damage|p2a: Glimmora|87/100
|-boost|p1a: more usage then u|spe|1
|-activate|p2a: Glimmora|ability: Toxic Debris
|-sidestart|p1: enormouschilli|move: Toxic Spikes
|-enditem|p2a: Glimmora|Air Balloon
|-sideend|p1: enormouschilli|Toxic Spikes|[from] move: Rapid Spin|[of] p1a: more usage then u
|move|p2a: Glimmora|Energy Ball|p1a: more usage then u
|-supereffective|p1a: more usage then u
|-damage|p1a: more usage then u|8/100
|
|upkeep
|turn|2
|
|t:|1760872858
|switch|p2a: Revavroom|Revavroom, M|100/100
|-item|p2a: Revavroom|Air Balloon
|move|p1a: more usage then u|Headlong Rush|p2a: Revavroom
|-immune|p2a: Revavroom
|
|upkeep
|turn|3
|
|t:|1760872864
|move|p1a: more usage then u|Rapid Spin|p2a: Revavroom
|-resisted|p2a: Revavroom
|-damage|p2a: Revavroom|89/100
|-boost|p1a: more usage then u|spe|1
|-enditem|p2a: Revavroom|Air Balloon
|move|p2a: Revavroom|Shift Gear|p2a: Revavroom
|-boost|p2a: Revavroom|spe|2
|-boost|p2a: Revavroom|atk|1
|
|upkeep
|turn|4
|
|t:|1760872873
|move|p1a: more usage then u|Headlong Rush|p2a: Revavroom
|-supereffective|p2a: Revavroom
|-damage|p2a: Revavroom|0 fnt
|-unboost|p1a: more usage then u|def|1
|-unboost|p1a: more usage then u|spd|1
|faint|p2a: Revavroom
|
|upkeep
|
|t:|1760872878
|switch|p2a: Muk|Muk-Alola, M|100/100
|turn|5
|
|t:|1760872881
|move|p2a: Muk|Shadow Sneak|p1a: more usage then u
|-damage|p1a: more usage then u|0 fnt
|faint|p1a: more usage then u
|-end|p1a: more usage then u|Protosynthesis|[silent]
|
|upkeep
|
|t:|1760872892
|switch|p1a: BBL glizzy|Glimmora, M|100/100
|turn|6
|
|t:|1760872897
|move|p1a: BBL glizzy|Meteor Beam||[still]
|-prepare|p1a: BBL glizzy|Meteor Beam
|-boost|p1a: BBL glizzy|spa|1
|-enditem|p1a: BBL glizzy|Power Herb
|-anim|p1a: BBL glizzy|Meteor Beam|p2a: Muk|[miss]
|-miss|p1a: BBL glizzy|p2a: Muk
|move|p2a: Muk|Knock Off|p1a: BBL glizzy
|-damage|p1a: BBL glizzy|62/100
|-activate|p1a: BBL glizzy|ability: Toxic Debris
|-sidestart|p2: ichigo_go_god420|move: Toxic Spikes
|
|upkeep
|turn|7
|
|t:|1760872927
|move|p1a: BBL glizzy|Earth Power|p2a: Muk
|-supereffective|p2a: Muk
|-damage|p2a: Muk|44/100
|move|p2a: Muk|Knock Off|p1a: BBL glizzy
|-damage|p1a: BBL glizzy|27/100
|-activate|p1a: BBL glizzy|ability: Toxic Debris
|-sidestart|p2: ichigo_go_god420|move: Toxic Spikes
|
|upkeep
|turn|8
|inactive|ichigo_go_god420 has 120 seconds left.
|
|t:|1760872954
|move|p1a: BBL glizzy|Earth Power|p2a: Muk
|-supereffective|p2a: Muk
|-damage|p2a: Muk|0 fnt
|faint|p2a: Muk
|
|upkeep
|
|t:|1760872956
|switch|p2a: Vileplume|Vileplume, M|100/100
|-sideend|p2: ichigo_go_god420|move: Toxic Spikes|[of] p2a: Vileplume
|turn|9
|inactive|ichigo_go_god420 has 120 seconds left.
|
|t:|1760872962
|move|p1a: BBL glizzy|Earth Power|p2a: Vileplume
|-damage|p2a: Vileplume|49/100
|move|p2a: Vileplume|Giga Drain|p1a: BBL glizzy
|-crit|p1a: BBL glizzy
|-damage|p1a: BBL glizzy|0 fnt
|-heal|p2a: Vileplume|60/100|[from] drain|[of] p1a: BBL glizzy
|faint|p1a: BBL glizzy
|
|upkeep
|
|t:|1760872975
|switch|p1a: Gengar|Gengar, F|100/100
|turn|10
|
|t:|1760872979
|switch|p2a: Wo-Chien|Wo-Chien|100/100
|-ability|p2a: Wo-Chien|Tablets of Ruin
|move|p1a: Gengar|Shadow Ball|p2a: Wo-Chien
|-resisted|p2a: Wo-Chien
|-damage|p2a: Wo-Chien|88/100
|-unboost|p2a: Wo-Chien|spd|1
|
|-heal|p2a: Wo-Chien|94/100|[from] item: Leftovers
|upkeep
|turn|11
|
|t:|1760872997
|switch|p2a: Grafaiai|Grafaiai, M|100/100
|move|p1a: Gengar|Sludge Bomb|p2a: Grafaiai
|-resisted|p2a: Grafaiai
|-damage|p2a: Grafaiai|66/100
|-enditem|p2a: Grafaiai|Red Card|[of] p1a: Gengar
|drag|p1a: Heatran|Heatran, F|100/100
|
|upkeep
|turn|12
|
|t:|1760873008
|move|p2a: Grafaiai|Parting Shot|p1a: Heatran
|-unboost|p1a: Heatran|atk|1
|-unboost|p1a: Heatran|spa|1
|
|t:|1760873018
|switch|p2a: Glimmora|Glimmora, M|87/100|[from] Parting Shot
|move|p1a: Heatran|Magma Storm|p2a: Glimmora
|-resisted|p2a: Glimmora
|-damage|p2a: Glimmora|64/100
|-activate|p2a: Glimmora|move: Magma Storm|[of] p1a: Heatran
|
|-damage|p2a: Glimmora|52/100|[from] move: Magma Storm|[partiallytrapped]
|upkeep
|turn|13
|
|t:|1760873037
|-terastallize|p1a: Heatran|Grass
|move|p2a: Glimmora|Stealth Rock|p1a: Heatran
|-sidestart|p1: enormouschilli|move: Stealth Rock
|move|p1a: Heatran|Earth Power|p2a: Glimmora
|-supereffective|p2a: Glimmora
|-damage|p2a: Glimmora|0 fnt
|faint|p2a: Glimmora
|
|upkeep
|
|t:|1760873048
|switch|p2a: Grafaiai|Grafaiai, M|66/100
|turn|14
|
|t:|1760873055
|move|p1a: Heatran|Magma Storm|p2a: Grafaiai
|-damage|p2a: Grafaiai|20/100
|-activate|p2a: Grafaiai|move: Magma Storm|[of] p1a: Heatran
|move|p2a: Grafaiai|Gunk Shot|p1a: Heatran
|-supereffective|p1a: Heatran
|-damage|p1a: Heatran|0 fnt
|faint|p1a: Heatran
|
|-end|p2a: Grafaiai|Magma Storm|[partiallytrapped]|[silent]
|upkeep
|
|t:|1760873064
|switch|p1a: arqunid who|Ribombee, F|100/100
|-damage|p1a: arqunid who|76/100|[from] Stealth Rock
|turn|15
|
|t:|1760873075
|move|p2a: Grafaiai|Copycat|p2a: Grafaiai
|move|p2a: Grafaiai|Gunk Shot|p1a: arqunid who|[from] move: Copycat
|-supereffective|p1a: arqunid who
|-damage|p1a: arqunid who|0 fnt
|faint|p1a: arqunid who
|
|upkeep
|
|t:|1760873080
|switch|p1a: Gengar|Gengar, F|100/100
|turn|16
|
|t:|1760873089
|move|p2a: Grafaiai|Parting Shot|p1a: Gengar
|-unboost|p1a: Gengar|atk|1
|-unboost|p1a: Gengar|spa|1
|
|t:|1760873092
|switch|p2a: Wo-Chien|Wo-Chien|94/100|[from] Parting Shot
|-ability|p2a: Wo-Chien|Tablets of Ruin
|move|p1a: Gengar|Sludge Bomb|p2a: Wo-Chien
|-supereffective|p2a: Wo-Chien
|-damage|p2a: Wo-Chien|52/100
|
|-heal|p2a: Wo-Chien|58/100|[from] item: Leftovers
|upkeep
|turn|17
|
|t:|1760873101
|-terastallize|p2a: Wo-Chien|Poison
|move|p1a: Gengar|Sludge Bomb|p2a: Wo-Chien
|-resisted|p2a: Wo-Chien
|-damage|p2a: Wo-Chien|47/100
|move|p2a: Wo-Chien|Leech Seed|p1a: Gengar
|-start|p1a: Gengar|move: Leech Seed
|
|-heal|p2a: Wo-Chien|53/100|[from] item: Leftovers
|-damage|p1a: Gengar|88/100|[from] Leech Seed|[of] p2a: Wo-Chien
|-heal|p2a: Wo-Chien|62/100|[silent]
|upkeep
|turn|18
|
|t:|1760873107
|move|p1a: Gengar|Taunt|p2a: Wo-Chien
|-start|p2a: Wo-Chien|move: Taunt
|cant|p2a: Wo-Chien|move: Taunt|Substitute
|
|-heal|p2a: Wo-Chien|68/100|[from] item: Leftovers
|-damage|p1a: Gengar|76/100|[from] Leech Seed|[of] p2a: Wo-Chien
|-heal|p2a: Wo-Chien|77/100|[silent]
|upkeep
|turn|19
|
|t:|1760873114
|switch|p1a: U-Nite Worldwide|Dragonite, F|100/100
|-damage|p1a: U-Nite Worldwide|76/100|[from] Stealth Rock
|move|p2a: Wo-Chien|Ruination|p1a: U-Nite Worldwide
|-damage|p1a: U-Nite Worldwide|38/100
|
|-heal|p2a: Wo-Chien|83/100|[from] item: Leftovers
|upkeep
|turn|20
|
|t:|1760873121
|switch|p2a: Grafaiai|Grafaiai, M|20/100
|move|p1a: U-Nite Worldwide|Dragon Dance|p1a: U-Nite Worldwide
|-boost|p1a: U-Nite Worldwide|atk|1
|-boost|p1a: U-Nite Worldwide|spe|1
|
|upkeep
|turn|21
|
|t:|1760873126
|move|p1a: U-Nite Worldwide|Extreme Speed|p2a: Grafaiai
|-damage|p2a: Grafaiai|0 fnt
|faint|p2a: Grafaiai
|
|upkeep
|
|t:|1760873130
|switch|p2a: Vileplume|Vileplume, M|60/100
|turn|22
|
|t:|1760873132
|move|p1a: U-Nite Worldwide|Fire Punch|p2a: Vileplume
|-supereffective|p2a: Vileplume
|-damage|p2a: Vileplume|0 fnt
|-damage|p1a: U-Nite Worldwide|22/100|[from] item: Rocky Helmet|[of] p2a: Vileplume
|faint|p2a: Vileplume
|
|upkeep
|
|t:|1760873135
|switch|p2a: Wo-Chien|Wo-Chien, tera:Poison|83/100
|-ability|p2a: Wo-Chien|Tablets of Ruin
|turn|23
|
|t:|1760873143
|move|p1a: U-Nite Worldwide|Extreme Speed|p2a: Wo-Chien
|-damage|p2a: Wo-Chien|56/100
|move|p2a: Wo-Chien|Leech Seed|p1a: U-Nite Worldwide
|-start|p1a: U-Nite Worldwide|move: Leech Seed
|
|-heal|p2a: Wo-Chien|63/100|[from] item: Leftovers
|-damage|p1a: U-Nite Worldwide|9/100|[from] Leech Seed|[of] p2a: Wo-Chien
|-heal|p2a: Wo-Chien|73/100|[silent]
|upkeep
|turn|24
|
|t:|1760873150
|move|p1a: U-Nite Worldwide|Extreme Speed|p2a: Wo-Chien
|-damage|p2a: Wo-Chien|45/100
|move|p2a: Wo-Chien|Substitute|p2a: Wo-Chien
|-start|p2a: Wo-Chien|Substitute
|-damage|p2a: Wo-Chien|20/100
|
|-heal|p2a: Wo-Chien|26/100|[from] item: Leftovers
|-damage|p1a: U-Nite Worldwide|0 fnt|[from] Leech Seed|[of] p2a: Wo-Chien
|-heal|p2a: Wo-Chien|34/100|[silent]
|faint|p1a: U-Nite Worldwide
|upkeep
|
|t:|1760873155
|switch|p1a: Gengar|Gengar, F|76/100
|turn|25
|
|t:|1760873166
|move|p1a: Gengar|Shadow Ball|p2a: Wo-Chien
|-end|p2a: Wo-Chien|Substitute
|move|p2a: Wo-Chien|Ruination|p1a: Gengar
|-damage|p1a: Gengar|38/100
|
|-heal|p2a: Wo-Chien|40/100|[from] item: Leftovers
|upkeep
|turn|26
|
|t:|1760873176
|move|p1a: Gengar|Shadow Ball|p2a: Wo-Chien
|-damage|p2a: Wo-Chien|15/100
|move|p2a: Wo-Chien|Giga Drain|p1a: Gengar
|-resisted|p1a: Gengar
|-damage|p1a: Gengar|17/100
|-heal|p2a: Wo-Chien|22/100|[from] drain|[of] p1a: Gengar
|-start|p2a: Wo-Chien|Disable|Giga Drain|[from] ability: Cursed Body|[of] p1a: Gengar
|
|-heal|p2a: Wo-Chien|28/100|[from] item: Leftovers
|upkeep
|turn|27
|
|t:|1760873184
|move|p1a: Gengar|Shadow Ball|p2a: Wo-Chien
|-damage|p2a: Wo-Chien|1/100
|move|p2a: Wo-Chien|Leech Seed|p1a: Gengar
|-start|p1a: Gengar|move: Leech Seed
|
|-heal|p2a: Wo-Chien|7/100|[from] item: Leftovers
|-damage|p1a: Gengar|5/100|[from] Leech Seed|[of] p2a: Wo-Chien
|-heal|p2a: Wo-Chien|16/100|[silent]
|upkeep
|turn|28
|
|t:|1760873190
|move|p1a: Gengar|Shadow Ball|p2a: Wo-Chien
|-damage|p2a: Wo-Chien|0 fnt
|faint|p2a: Wo-Chien
|
|win|enormouschilli
|raw|enormouschilli's rating: 1372 &rarr; <strong>1391</strong><br />(+19 for winning)
|raw|ichigo_go_god420's rating: 1361 &rarr; <strong>1342</strong><br />(-19 for losing)
|l|☆ichigo_go_god420
|player|p2|
|c|☆enormouschilli|gg
|l|☆enormouschilli
|player|p1|
