|j|☆elpefe
|j|☆Monkeman0_0
|t:|1760841329
|gametype|singles
|player|p1|elpefe|lucas|1225
|player|p2|Monkeman0_0|steven|1190
|gen|9
|tier|[Gen 9] OU
|rated|
|rule|HP Percentage Mod: HP is shown in percentages
|rule|Endless Battle Clause: Forcing endless battles is banned
|rule|Species Clause: Limit one of each Pokémon
|rule|OHKO Clause: OHKO moves are banned
|rule|Evasion Items Clause: Evasion items are banned
|rule|Evasion Moves Clause: Evasion moves are banned
|rule|Evasion Abilities Clause: Evasion abilities are banned
|rule|Sleep Moves Clause: Sleep-inducing moves are banned
|clearpoke
|poke|p1|Zamazenta-*|
|poke|p1|Kingambit, M|
|poke|p1|Samurott-Hisui, M|
|poke|p1|Landorus-Therian, M|
|poke|p1|Iron Valiant|
|poke|p1|Iron Moth|
|poke|p2|Scizor, F|
|poke|p2|Ceruledge, M|
|poke|p2|Thundurus, M|
|poke|p2|Duraludon, F|
|poke|p2|Comfey, M|
|poke|p2|Gastrodon, F|
|teampreview
|inactive|Battle timer is ON: inactive players will automatically lose when time's up. (requested by elpefe)
|
|t:|1760841345
|teamsize|p1|6
|teamsize|p2|6
|start
|switch|p1a: Samurott|Samurott-Hisui, M|100/100
|switch|p2a: Comfey|Comfey, M|100/100
|turn|1
|
|t:|1760841358
|move|p2a: Comfey|Giga Drain|p1a: Samurott
|-supereffective|p1a: Samurott
|-damage|p1a: Samurott|10/100
|-damage|p2a: Comfey|91/100|[from] item: Life Orb
|move|p1a: Samurott|Ceaseless Edge|p2a: Comfey
|-resisted|p2a: Comfey
|-damage|p2a: Comfey|60/100
|-sidestart|p2: Monkeman0_0|Spikes
|
|upkeep
|turn|2
|
|t:|1760841370
|switch|p1a: Iron Moth|Iron Moth|100/100
|-enditem|p1a: Iron Moth|Booster Energy
|-activate|p1a: Iron Moth|ability: Quark Drive|[fromitem]
|-start|p1a: Iron Moth|quarkdrivespe
|move|p2a: Comfey|Draining Kiss|p1a: Iron Moth
|-resisted|p1a: Iron Moth
|-damage|p1a: Iron Moth|94/100
|-heal|p2a: Comfey|66/100|[from] drain|[of] p1a: Iron Moth
|-damage|p2a: Comfey|56/100|[from] item: Life Orb
|
|upkeep
|turn|3
|
|t:|1760841393
|switch|p2a: Kuro_woods093|Gastrodon, F|100/100
|-damage|p2a: Kuro_woods093|88/100|[from] Spikes
|move|p1a: Iron Moth|Fiery Dance|p2a: Kuro_woods093
|-resisted|p2a: Kuro_woods093
|-damage|p2a: Kuro_woods093|72/100
|
|-heal|p2a: Kuro_woods093|78/100|[from] item: Leftovers
|upkeep
|turn|4
|
|t:|1760841406
|move|p1a: Iron Moth|Psychic|p2a: Kuro_woods093
|-damage|p2a: Kuro_woods093|56/100
|move|p2a: Kuro_woods093|Ice Beam|p1a: Iron Moth
|-resisted|p1a: Iron Moth
|-damage|p1a: Iron Moth|82/100
|
|-heal|p2a: Kuro_woods093|62/100|[from] item: Leftovers
|upkeep
|turn|5
|
|t:|1760841416
|move|p1a: Iron Moth|Fiery Dance|p2a: Kuro_woods093
|-resisted|p2a: Kuro_woods093
|-damage|p2a: Kuro_woods093|47/100
|-boost|p1a: Iron Moth|spa|1
|move|p2a: Kuro_woods093|Recover|p2a: Kuro_woods093
|-heal|p2a: Kuro_woods093|97/100
|
|-heal|p2a: Kuro_woods093|100/100|[from] item: Leftovers
|upkeep
|turn|6
|
|t:|1760841425
|move|p1a: Iron Moth|Fiery Dance|p2a: Kuro_woods093
|-resisted|p2a: Kuro_woods093
|-damage|p2a: Kuro_woods093|79/100
|move|p2a: Kuro_woods093|Earth Power|p1a: Iron Moth
|-supereffective|p1a: Iron Moth
|-damage|p1a: Iron Moth|0 fnt
|faint|p1a: Iron Moth
|-end|p1a: Iron Moth|Quark Drive|[silent]
|
|-heal|p2a: Kuro_woods093|85/100|[from] item: Leftovers
|upkeep
|
|t:|1760841440
|switch|p1a: Samurott|Samurott-Hisui, M|10/100
|turn|7
|
|t:|1760841455
|switch|p2a: Thundurus|Thundurus, M|100/100
|move|p1a: Samurott|Ceaseless Edge|p2a: Thundurus|[miss]
|-miss|p1a: Samurott|p2a: Thundurus
|
|upkeep
|turn|8
|
|t:|1760841475
|switch|p1a: Landorus|Landorus-Therian, M|100/100
|-ability|p1a: Landorus|Intimidate|boost
|-unboost|p2a: Thundurus|atk|1
|move|p2a: Thundurus|Grass Knot|p1a: Landorus
|-damage|p1a: Landorus|70/100
|-damage|p2a: Thundurus|84/100|[from] item: Rocky Helmet|[of] p1a: Landorus
|
|upkeep
|turn|9
|
|t:|1760841492
|switch|p2a: Kuro_woods093|Gastrodon, F|85/100
|-damage|p2a: Kuro_woods093|73/100|[from] Spikes
|move|p1a: Landorus|Taunt|p2a: Kuro_woods093
|-start|p2a: Kuro_woods093|move: Taunt
|
|-heal|p2a: Kuro_woods093|79/100|[from] item: Leftovers
|upkeep
|turn|10
|
|t:|1760841503
|move|p1a: Landorus|Stealth Rock|p2a: Kuro_woods093
|-sidestart|p2: Monkeman0_0|move: Stealth Rock
|move|p2a: Kuro_woods093|Ice Beam|p1a: Landorus
|-supereffective|p1a: Landorus
|-damage|p1a: Landorus|0 fnt
|faint|p1a: Landorus
|
|-heal|p2a: Kuro_woods093|85/100|[from] item: Leftovers
|upkeep
|
|t:|1760841517
|switch|p1a: Samurott|Samurott-Hisui, M|10/100
|turn|11
|
|t:|1760841523
|move|p1a: Samurott|Ceaseless Edge|p2a: Kuro_woods093
|-damage|p2a: Kuro_woods093|30/100
|-sidestart|p2: Monkeman0_0|Spikes
|move|p2a: Kuro_woods093|Earth Power|p1a: Samurott
|-damage|p1a: Samurott|0 fnt
|faint|p1a: Samurott
|
|-heal|p2a: Kuro_woods093|36/100|[from] item: Leftovers
|-end|p2a: Kuro_woods093|move: Taunt
|upkeep
|inactive|elpefe has 120 seconds left.
|
|t:|1760841548
|switch|p1a: Iron Valiant|Iron Valiant|100/100
|-enditem|p1a: Iron Valiant|Booster Energy
|-activate|p1a: Iron Valiant|ability: Quark Drive|[fromitem]
|-start|p1a: Iron Valiant|quarkdrivespe
|turn|12
|inactive|elpefe has 120 seconds left.
|
|t:|1760841554
|move|p1a: Iron Valiant|Calm Mind|p1a: Iron Valiant
|-boost|p1a: Iron Valiant|spa|1
|-boost|p1a: Iron Valiant|spd|1
|move|p2a: Kuro_woods093|Recover|p2a: Kuro_woods093
|-heal|p2a: Kuro_woods093|86/100
|
|-heal|p2a: Kuro_woods093|93/100|[from] item: Leftovers
|upkeep
|turn|13
|
|t:|1760841562
|move|p1a: Iron Valiant|Calm Mind|p1a: Iron Valiant
|-boost|p1a: Iron Valiant|spa|1
|-boost|p1a: Iron Valiant|spd|1
|move|p2a: Kuro_woods093|Earth Power|p1a: Iron Valiant
|-damage|p1a: Iron Valiant|71/100
|
|-heal|p2a: Kuro_woods093|99/100|[from] item: Leftovers
|upkeep
|turn|14
|
|t:|1760841572
|move|p1a: Iron Valiant|Moonblast|p2a: Kuro_woods093
|-damage|p2a: Kuro_woods093|31/100
|-unboost|p2a: Kuro_woods093|spa|1
|move|p2a: Kuro_woods093|Earth Power|p1a: Iron Valiant
|-damage|p1a: Iron Valiant|50/100
|
|-heal|p2a: Kuro_woods093|38/100|[from] item: Leftovers
|upkeep
|turn|15
|
|t:|1760841582
|move|p1a: Iron Valiant|Moonblast|p2a: Kuro_woods093
|-damage|p2a: Kuro_woods093|0 fnt
|faint|p2a: Kuro_woods093
|
|upkeep
|
|t:|1760841588
|switch|p2a: Diablo|Scizor, F, shiny|100/100
|-damage|p2a: Diablo|84/100|[from] Spikes
|-damage|p2a: Diablo|71/100|[from] Stealth Rock
|turn|16
|
|t:|1760841604
|-terastallize|p1a: Iron Valiant|Electric
|move|p2a: Diablo|Bullet Punch|p1a: Iron Valiant
|-resisted|p1a: Iron Valiant
|-damage|p1a: Iron Valiant|22/100
|-damage|p2a: Diablo|62/100|[from] item: Life Orb
|move|p1a: Iron Valiant|Thunderbolt|p2a: Diablo
|-damage|p2a: Diablo|0 fnt
|faint|p2a: Diablo
|
|upkeep
|
|t:|1760841627
|switch|p2a: Artorias|Ceruledge, M|100/100
|-damage|p2a: Artorias|84/100|[from] Spikes
|-damage|p2a: Artorias|59/100|[from] Stealth Rock
|turn|17
|
|t:|1760841638
|move|p2a: Artorias|Shadow Sneak|p1a: Iron Valiant
|-damage|p1a: Iron Valiant|0 fnt
|faint|p1a: Iron Valiant
|-end|p1a: Iron Valiant|Quark Drive|[silent]
|
|upkeep
|
|t:|1760841648
|switch|p1a: Kingambit|Kingambit, M|100/100
|-activate|p1a: Kingambit|ability: Supreme Overlord
|-start|p1a: Kingambit|fallen4|[silent]
|turn|18
|
|t:|1760841660
|switch|p2a: Duraludon|Duraludon, F|100/100
|-damage|p2a: Duraludon|84/100|[from] Spikes
|-damage|p2a: Duraludon|78/100|[from] Stealth Rock
|move|p1a: Kingambit|Kowtow Cleave|p2a: Duraludon
|-damage|p2a: Duraludon|30/100
|
|upkeep
|turn|19
|
|t:|1760841672
|move|p2a: Duraludon|Body Press|p1a: Kingambit
|-supereffective|p1a: Kingambit
|-damage|p1a: Kingambit|44/100
|move|p1a: Kingambit|Swords Dance|p1a: Kingambit
|-boost|p1a: Kingambit|atk|2
|
|-heal|p1a: Kingambit|50/100|[from] item: Leftovers
|upkeep
|turn|20
|
|t:|1760841682
|move|p1a: Kingambit|Sucker Punch|p2a: Duraludon
|-damage|p2a: Duraludon|0 fnt
|faint|p2a: Duraludon
|
|-heal|p1a: Kingambit|56/100|[from] item: Leftovers
|upkeep
|
|t:|1760841711
|switch|p2a: Comfey|Comfey, M|56/100
|-damage|p2a: Comfey|39/100|[from] Spikes
|-damage|p2a: Comfey|27/100|[from] Stealth Rock
|turn|21
|
|t:|1760841717
|move|p2a: Comfey|Draining Kiss|p1a: Kingambit
|-damage|p1a: Kingambit|29/100
|-heal|p2a: Comfey|52/100|[from] drain|[of] p1a: Kingambit
|-damage|p2a: Comfey|43/100|[from] item: Life Orb
|move|p1a: Kingambit|Iron Head|p2a: Comfey
|-supereffective|p2a: Comfey
|-damage|p2a: Comfey|0 fnt
|faint|p2a: Comfey
|
|-heal|p1a: Kingambit|35/100|[from] item: Leftovers
|upkeep
|
|t:|1760841729
|switch|p2a: Thundurus|Thundurus, M|84/100
|turn|22
|
|t:|1760841737
|move|p1a: Kingambit|Sucker Punch|p2a: Thundurus
|-damage|p2a: Thundurus|0 fnt
|faint|p2a: Thundurus
|
|-heal|p1a: Kingambit|41/100|[from] item: Leftovers
|upkeep
|
|t:|1760841742
|switch|p2a: Artorias|Ceruledge, M|59/100
|-damage|p2a: Artorias|43/100|[from] Spikes
|-damage|p2a: Artorias|18/100|[from] Stealth Rock
|turn|23
|
|t:|1760841750
|-terastallize|p2a: Artorias|Dark
|move|p1a: Kingambit|Sucker Punch|p2a: Artorias
|-resisted|p2a: Artorias
|-damage|p2a: Artorias|0 fnt
|faint|p2a: Artorias
|
|win|elpefe
|raw|elpefe's rating: 1225 &rarr; <strong>1247</strong><br />(+22 for winning)
|raw|Monkeman0_0's rating: 1190 &rarr; <strong>1168</strong><br />(-22 for losing)
|l|☆Monkeman0_0
|player|p2|
|l|☆elpefe
|player|p1|
