|j|☆Kikoobuster
|j|☆moldono
|t:|1760784004
|gametype|singles
|player|p1|Kikoobuster|2|1154
|player|p2|moldono|crasherwake|1209
|gen|9
|tier|[Gen 9] OU
|rated|
|rule|HP Percentage Mod: HP is shown in percentages
|rule|Endless Battle Clause: Forcing endless battles is banned
|rule|Species Clause: Limit one of each Pokémon
|rule|OHKO Clause: OHKO moves are banned
|rule|Evasion Items Clause: Evasion items are banned
|rule|Evasion Moves Clause: Evasion moves are banned
|rule|Evasion Abilities Clause: Evasion abilities are banned
|rule|Sleep Moves Clause: Sleep-inducing moves are banned
|clearpoke
|poke|p1|Great Tusk|
|poke|p1|Kingambit, F|
|poke|p1|Gholdengo|
|poke|p1|Ogerpon-Wellspring, F|
|poke|p1|Zamazenta-*|
|poke|p1|Dragonite, F|
|poke|p2|Garganacl, M|
|poke|p2|Iron Moth|
|poke|p2|Ogerpon-Wellspring, F|
|poke|p2|Latias, F|
|poke|p2|Zapdos|
|poke|p2|Golurk|
|teampreview
|inactive|Battle timer is ON: inactive players will automatically lose when time's up. (requested by Kikoobuster)
|
|t:|1760784027
|teamsize|p1|6
|teamsize|p2|6
|start
|switch|p1a: Great Tusk|Great Tusk|100/100
|switch|p2a: Golurk|Golurk|100/100
|turn|1
|inactive|moldono has 120 seconds left.
|
|t:|1760784075
|move|p1a: Great Tusk|Stealth Rock|p2a: Golurk
|-sidestart|p2: moldono|move: Stealth Rock
|move|p2a: Golurk|Dynamic Punch|p1a: Great Tusk
|-damage|p1a: Great Tusk|66/100
|-start|p1a: Great Tusk|confusion
|
|-heal|p1a: Great Tusk|72/100|[from] item: Leftovers
|upkeep
|turn|2
|
|t:|1760784089
|-end|p1a: Great Tusk|Protosynthesis|[silent]
|switch|p1a: Zamazenta|Zamazenta|100/100
|-ability|p1a: Zamazenta|Dauntless Shield|boost
|-boost|p1a: Zamazenta|def|1
|switch|p2a: Latias|Latias, F|100/100
|-damage|p2a: Latias|88/100|[from] Stealth Rock
|
|upkeep
|turn|3
|
|t:|1760784100
|move|p1a: Zamazenta|Crunch|p2a: Latias
|-supereffective|p2a: Latias
|-damage|p2a: Latias|40/100
|move|p2a: Latias|Mist Ball|p1a: Zamazenta
|-supereffective|p1a: Zamazenta
|-damage|p1a: Zamazenta|3/100
|-unboost|p1a: Zamazenta|spa|1
|
|-heal|p1a: Zamazenta|9/100|[from] item: Leftovers
|upkeep
|turn|4
|inactive|moldono has 90 seconds left.
|
|t:|1760784139
|switch|p2a: Garganacl|Garganacl, M|100/100
|-damage|p2a: Garganacl|88/100|[from] Stealth Rock
|move|p1a: Zamazenta|Crunch|p2a: Garganacl
|-crit|p2a: Garganacl
|-damage|p2a: Garganacl|67/100
|-unboost|p2a: Garganacl|def|1
|
|-heal|p1a: Zamazenta|15/100|[from] item: Leftovers
|-heal|p2a: Garganacl|73/100|[from] item: Leftovers
|upkeep
|turn|5
|
|t:|1760784153
|move|p1a: Zamazenta|Body Press|p2a: Garganacl
|-supereffective|p2a: Garganacl
|-damage|p2a: Garganacl|0 fnt
|faint|p2a: Garganacl
|
|-heal|p1a: Zamazenta|22/100|[from] item: Leftovers
|upkeep
|
|t:|1760784163
|switch|p2a: Golurk|Golurk|100/100
|-damage|p2a: Golurk|94/100|[from] Stealth Rock
|turn|6
|
|t:|1760784176
|move|p1a: Zamazenta|Crunch|p2a: Golurk
|-supereffective|p2a: Golurk
|-damage|p2a: Golurk|50/100
|move|p2a: Golurk|Earthquake|p1a: Zamazenta
|-damage|p1a: Zamazenta|0 fnt
|faint|p1a: Zamazenta
|
|upkeep
|
|t:|1760784188
|switch|p1a: Gholdengo|Gholdengo|100/100
|turn|7
|inactive|moldono has 60 seconds left.
|
|t:|1760784225
|switch|p2a: Iron Moth|Iron Moth|100/100
|-damage|p2a: Iron Moth|76/100|[from] Stealth Rock
|-enditem|p2a: Iron Moth|Booster Energy
|-activate|p2a: Iron Moth|ability: Quark Drive|[fromitem]
|-start|p2a: Iron Moth|quarkdrivespa
|move|p1a: Gholdengo|Shadow Ball|p2a: Iron Moth
|-damage|p2a: Iron Moth|6/100
|-unboost|p2a: Iron Moth|spd|1
|
|upkeep
|turn|8
|inactive|moldono has 60 seconds left.
|
|t:|1760784243
|switch|p1a: Great Tusk|Great Tusk|72/100
|move|p2a: Iron Moth|Fiery Dance|p1a: Great Tusk
|-damage|p1a: Great Tusk|0 fnt
|faint|p1a: Great Tusk
|-end|p1a: Great Tusk|Protosynthesis|[silent]
|
|upkeep
|
|t:|1760784253
|switch|p1a: Dragonite|Dragonite, F|100/100
|turn|9
|inactive|moldono has 60 seconds left.
|
|t:|1760784279
|-end|p2a: Iron Moth|Quark Drive|[silent]
|switch|p2a: Zapdos|Zapdos|100/100
|-damage|p2a: Zapdos|76/100|[from] Stealth Rock
|move|p1a: Dragonite|Extreme Speed|p2a: Zapdos
|-damage|p2a: Zapdos|38/100
|-status|p1a: Dragonite|par|[from] ability: Static|[of] p2a: Zapdos
|
|upkeep
|turn|10
|
|t:|1760784298
|move|p1a: Dragonite|Extreme Speed|p2a: Zapdos
|-damage|p2a: Zapdos|0 fnt
|faint|p2a: Zapdos
|
|upkeep
|
|t:|1760784312
|switch|p2a: Golurk|Golurk|50/100
|-damage|p2a: Golurk|44/100|[from] Stealth Rock
|turn|11
|inactive|moldono has 30 seconds left.
|inactive|moldono has 20 seconds left.
|inactive|moldono has 15 seconds left.
|
|t:|1760784349
|switch|p1a: Ogerpon|Ogerpon-Wellspring, F|100/100
|move|p2a: Golurk|Dynamic Punch|p1a: Ogerpon
|-damage|p1a: Ogerpon|31/100
|-start|p1a: Ogerpon|confusion
|
|upkeep
|turn|12
|inactive|moldono has 25 seconds left this turn.
|inactive|moldono has 20 seconds left.
|inactive|moldono has 15 seconds left.
|
|t:|1760784360
|switch|p2a: Ogerpon|Ogerpon-Wellspring, F|100/100
|-damage|p2a: Ogerpon|88/100|[from] Stealth Rock
|-activate|p1a: Ogerpon|confusion
|move|p1a: Ogerpon|Horn Leech|p2a: Ogerpon
|-damage|p2a: Ogerpon|28/100
|-heal|p1a: Ogerpon|62/100|[from] drain|[of] p2a: Ogerpon
|
|upkeep
|turn|13
|inactive|moldono has 25 seconds left this turn.
|inactive|moldono has 20 seconds left.
|
|t:|1760784374
|switch|p1a: Dragonite|Dragonite, F|100/100 par
|move|p2a: Ogerpon|Power Whip|p1a: Dragonite
|-resisted|p1a: Dragonite
|-damage|p1a: Dragonite|91/100 par
|
|upkeep
|turn|14
|inactive|moldono has 30 seconds left this turn.
|inactive|moldono has 20 seconds left.
|
|t:|1760784385
|switch|p2a: Golurk|Golurk|44/100
|-damage|p2a: Golurk|38/100|[from] Stealth Rock
|cant|p1a: Dragonite|par
|
|upkeep
|turn|15
|inactive|moldono has 30 seconds left this turn.
|inactive|moldono has 20 seconds left.
|
|t:|1760784398
|move|p2a: Golurk|Hard Press|p1a: Dragonite
|-damage|p1a: Dragonite|34/100 par
|move|p1a: Dragonite|Ice Spinner|p2a: Golurk
|-supereffective|p2a: Golurk
|-damage|p2a: Golurk|0 fnt
|faint|p2a: Golurk
|
|upkeep
|inactive|moldono has 25 seconds left this turn.
|inactive|moldono has 20 seconds left.
|
|t:|1760784407
|switch|p2a: Latias|Latias, F|40/100
|-damage|p2a: Latias|28/100|[from] Stealth Rock
|turn|16
|inactive|moldono has 30 seconds left this turn.
|
|t:|1760784410
|move|p1a: Dragonite|Extreme Speed|p2a: Latias
|-damage|p2a: Latias|0 fnt
|faint|p2a: Latias
|
|upkeep
|-message|moldono forfeited.
|
|win|Kikoobuster
|raw|Kikoobuster's rating: 1180 &rarr; <strong>1207</strong><br />(+27 for winning)
|raw|moldono's rating: 1209 &rarr; <strong>1182</strong><br />(-27 for losing)
|l|☆moldono
|player|p2|
|l|☆Kikoobuster
|player|p1|
