|j|☆Aimsss
|j|☆adjkadssad
|t:|1760879078
|gametype|singles
|player|p1|Aimsss|policeman-gen4|1427
|player|p2|adjkadssad|101|1397
|gen|9
|tier|[Gen 9] OU
|rated|
|rule|HP Percentage Mod: HP is shown in percentages
|rule|Endless Battle Clause: Forcing endless battles is banned
|rule|Species Clause: Limit one of each Pokémon
|rule|OHKO Clause: OHKO moves are banned
|rule|Evasion Items Clause: Evasion items are banned
|rule|Evasion Moves Clause: Evasion moves are banned
|rule|Evasion Abilities Clause: Evasion abilities are banned
|rule|Sleep Moves Clause: Sleep-inducing moves are banned
|clearpoke
|poke|p1|Dragapult, M|
|poke|p1|Kingambit, M|
|poke|p1|Hawlucha, M|
|poke|p1|Glimmora, F|
|poke|p1|Chesnaught, F|
|poke|p1|Gallade, M|
|poke|p2|Pelipper, M|
|poke|p2|Poliwrath, F|
|poke|p2|Kilowattrel, M|
|poke|p2|Scream Tail|
|poke|p2|Overqwil, M|
|poke|p2|Zamazenta-*|
|teampreview
|inactive|Battle timer is ON: inactive players will automatically lose when time's up. (requested by adjkadssad)
|inactive|Aimsss has 120 seconds left.
|
|t:|1760879125
|teamsize|p1|6
|teamsize|p2|6
|start
|switch|p1a: Glimmora|Glimmora, F|100/100
|switch|p2a: Pelipper|Pelipper, M, shiny|100/100
|-item|p1a: Glimmora|Air Balloon
|-weather|RainDance|[from] ability: Drizzle|[of] p2a: Pelipper
|turn|1
|l|☆Aimsss
|inactive|Aimsss disconnected and has a minute to reconnect!
|player|p1|
|j|☆Aimsss
|inactive|Aimsss reconnected and has 125 seconds left.
|player|p1|Aimsss|policeman-gen4|
|inactive|Aimsss has 120 seconds left.
|
|t:|1760879163
|move|p1a: Glimmora|Sludge Bomb|p2a: Pelipper
|-damage|p2a: Pelipper|34/100
|move|p2a: Pelipper|Weather Ball|p1a: Glimmora
|-supereffective|p1a: Glimmora
|-damage|p1a: Glimmora|7/100
|-enditem|p1a: Glimmora|Air Balloon
|
|-weather|RainDance|[upkeep]
|upkeep
|turn|2
|inactive|Aimsss has 120 seconds left.
|inactive|adjkadssad has 120 seconds left.
|l|☆Aimsss
|inactive|Aimsss disconnected and has a minute to reconnect!
|player|p1|
|inactive|adjkadssad has 90 seconds left.
|j|☆Aimsss
|inactive|Aimsss reconnected.
|player|p1|Aimsss|policeman-gen4|
|inactive|adjkadssad has 60 seconds left.
|
|t:|1760879261
|move|p1a: Glimmora|Stealth Rock|p2a: Pelipper
|-sidestart|p2: adjkadssad|move: Stealth Rock
|move|p2a: Pelipper|Weather Ball|p1a: Glimmora
|-supereffective|p1a: Glimmora
|-damage|p1a: Glimmora|0 fnt
|faint|p1a: Glimmora
|
|-weather|RainDance|[upkeep]
|upkeep
|inactive|Aimsss has 120 seconds left.
|
|t:|1760879270
|switch|p1a: Gallade|Gallade, M, shiny|100/100
|turn|3
|
|t:|1760879276
|switch|p2a: Overqwil|Overqwil, M, shiny|100/100
|-damage|p2a: Overqwil|88/100|[from] Stealth Rock
|move|p1a: Gallade|Psycho Cut|p2a: Overqwil
|-immune|p2a: Overqwil
|
|-weather|RainDance|[upkeep]
|upkeep
|turn|4
|
|t:|1760879286
|move|p2a: Overqwil|Swords Dance|p2a: Overqwil
|-boost|p2a: Overqwil|atk|2
|move|p1a: Gallade|Sacred Sword|p2a: Overqwil
|-damage|p2a: Overqwil|0 fnt
|faint|p2a: Overqwil
|
|-weather|RainDance|[upkeep]
|upkeep
|inactive|adjkadssad has 60 seconds left.
|
|t:|1760879308
|switch|p2a: Kilowattrel|Kilowattrel, M, shiny|100/100
|-damage|p2a: Kilowattrel|76/100|[from] Stealth Rock
|turn|5
|
|t:|1760879317
|switch|p1a: Kingambit|Kingambit, M|100/100
|move|p2a: Kilowattrel|Thunder|p1a: Kingambit
|-damage|p1a: Kingambit|39/100
|-status|p1a: Kingambit|par
|-damage|p2a: Kilowattrel|66/100|[from] item: Life Orb
|
|-weather|RainDance|[upkeep]
|upkeep
|turn|6
|
|t:|1760879331
|move|p1a: Kingambit|Sucker Punch|p2a: Kilowattrel
|-damage|p2a: Kilowattrel|0 fnt
|faint|p2a: Kilowattrel
|
|-weather|RainDance|[upkeep]
|upkeep
|
|t:|1760879339
|switch|p2a: Zamazenta|Zamazenta|100/100
|-damage|p2a: Zamazenta|94/100|[from] Stealth Rock
|-ability|p2a: Zamazenta|Dauntless Shield|boost
|-boost|p2a: Zamazenta|def|1
|turn|7
|
|t:|1760879344
|move|p2a: Zamazenta|Iron Defense|p2a: Zamazenta
|-boost|p2a: Zamazenta|def|2
|cant|p1a: Kingambit|par
|
|-weather|RainDance|[upkeep]
|upkeep
|turn|8
|
|t:|1760879363
|switch|p1a: Dragapult|Dragapult, M|100/100
|move|p2a: Zamazenta|Iron Defense|p2a: Zamazenta
|-boost|p2a: Zamazenta|def|2
|
|-weather|none
|upkeep
|turn|9
|
|t:|1760879370
|move|p1a: Dragapult|Will-O-Wisp|p2a: Zamazenta
|-status|p2a: Zamazenta|brn
|move|p2a: Zamazenta|Crunch|p1a: Dragapult
|-supereffective|p1a: Dragapult
|-crit|p1a: Dragapult
|-damage|p1a: Dragapult|53/100
|-unboost|p1a: Dragapult|def|1
|
|-damage|p2a: Zamazenta|88/100 brn|[from] brn
|upkeep
|turn|10
|
|t:|1760879385
|switch|p1a: Kingambit|Kingambit, M|39/100 par
|move|p2a: Zamazenta|Crunch|p1a: Kingambit
|-resisted|p1a: Kingambit
|-damage|p1a: Kingambit|35/100 par
|
|-damage|p2a: Zamazenta|82/100 brn|[from] brn
|upkeep
|turn|11
|
|t:|1760879395
|move|p2a: Zamazenta|Crunch|p1a: Kingambit
|-resisted|p1a: Kingambit
|-damage|p1a: Kingambit|32/100 par
|move|p1a: Kingambit|Iron Head|p2a: Zamazenta
|-damage|p2a: Zamazenta|72/100 brn
|
|-damage|p2a: Zamazenta|66/100 brn|[from] brn
|upkeep
|turn|12
|
|t:|1760879404
|move|p2a: Zamazenta|Body Press|p1a: Kingambit
|-supereffective|p1a: Kingambit
|-damage|p1a: Kingambit|0 fnt
|faint|p1a: Kingambit
|
|-damage|p2a: Zamazenta|60/100 brn|[from] brn
|upkeep
|
|t:|1760879412
|switch|p1a: Hawlucha|Hawlucha, M|100/100
|turn|13
|
|t:|1760879419
|move|p2a: Zamazenta|Body Press|p1a: Hawlucha
|-resisted|p1a: Hawlucha
|-damage|p1a: Hawlucha|44/100
|-enditem|p1a: Hawlucha|Red Card|[of] p2a: Zamazenta
|drag|p2a: Pelipper|Pelipper, M, shiny|34/100
|-damage|p2a: Pelipper|9/100|[from] Stealth Rock
|-weather|RainDance|[from] ability: Drizzle|[of] p2a: Pelipper
|move|p1a: Hawlucha|Swords Dance|p1a: Hawlucha
|-boost|p1a: Hawlucha|atk|2
|
|-weather|RainDance|[upkeep]
|upkeep
|turn|14
|
|t:|1760879432
|move|p1a: Hawlucha|Drain Punch|p2a: Pelipper
|-resisted|p2a: Pelipper
|-damage|p2a: Pelipper|0 fnt
|-heal|p1a: Hawlucha|48/100|[from] drain|[of] p2a: Pelipper
|faint|p2a: Pelipper
|
|-weather|RainDance|[upkeep]
|upkeep
|
|t:|1760879438
|switch|p2a: Scream Tail|Scream Tail|100/100
|-damage|p2a: Scream Tail|88/100|[from] Stealth Rock
|turn|15
|
|t:|1760879446
|move|p1a: Hawlucha|Acrobatics|p2a: Scream Tail
|-damage|p2a: Scream Tail|6/100
|move|p2a: Scream Tail|Encore|p1a: Hawlucha
|-start|p1a: Hawlucha|Encore
|
|-weather|RainDance|[upkeep]
|upkeep
|turn|16
|inactive|adjkadssad has 90 seconds left.
|inactive|adjkadssad has 60 seconds left.
|inactive|adjkadssad has 30 seconds left.
|inactive|adjkadssad has 20 seconds left.
|inactive|adjkadssad has 15 seconds left.
|inactive|adjkadssad has 10 seconds left.
|inactive|adjkadssad has 5 seconds left.
|-message|adjkadssad lost due to inactivity.
|
|win|Aimsss
|raw|Aimsss's rating: 1427 &rarr; <strong>1444</strong><br />(+17 for winning)
|raw|adjkadssad's rating: 1376 &rarr; <strong>1359</strong><br />(-17 for losing)
|c|☆Aimsss|Weak
|l|☆Aimsss
|player|p1|
