|j|☆erupting fury
|j|☆KITKATSTEW
|t:|1760774458
|gametype|singles
|player|p1|erupting fury|veteranf|1192
|player|p2|KITKATSTEW|swimmer-gen4|1085
|gen|9
|tier|[Gen 9] OU
|rated|
|rule|HP Percentage Mod: HP is shown in percentages
|rule|Endless Battle Clause: Forcing endless battles is banned
|rule|Species Clause: Limit one of each Pokémon
|rule|OHKO Clause: OHKO moves are banned
|rule|Evasion Items Clause: Evasion items are banned
|rule|Evasion Moves Clause: Evasion moves are banned
|rule|Evasion Abilities Clause: Evasion abilities are banned
|rule|Sleep Moves Clause: Sleep-inducing moves are banned
|clearpoke
|poke|p1|Rillaboom, M|
|poke|p1|Incineroar, M|
|poke|p1|Inteleon, M|
|poke|p1|Lucario, F|
|poke|p1|Corviknight, M|
|poke|p1|Gholdengo|
|poke|p2|Masquerain, F|
|poke|p2|Blaziken, M|
|poke|p2|Cloyster, M|
|poke|p2|Haxorus, M|
|poke|p2|Maushold-Four|
|poke|p2|Braviary-Hisui, M|
|teampreview
|inactive|Battle timer is ON: inactive players will automatically lose when time's up. (requested by erupting fury)
|c|☆KITKATSTEW|YOO
|c|☆erupting fury|YOOOO
|
|t:|1760774474
|teamsize|p1|6
|teamsize|p2|6
|start
|switch|p1a: Inteleon|Inteleon, M|100/100
|switch|p2a: INFECTED MOTH|Masquerain, F, shiny|100/100
|-ability|p2a: INFECTED MOTH|Intimidate|boost
|-unboost|p1a: Inteleon|atk|1
|turn|1
|
|t:|1760774486
|move|p1a: Inteleon|Snipe Shot|p2a: INFECTED MOTH
|-damage|p2a: INFECTED MOTH|10/100
|move|p2a: INFECTED MOTH|Sticky Web|p1a: Inteleon
|-sidestart|p1: erupting fury|move: Sticky Web
|
|-heal|p2a: INFECTED MOTH|16/100|[from] item: Leftovers
|upkeep
|turn|2
|
|t:|1760774492
|switch|p1a: Corviknight|Corviknight, M|100/100
|-ability|p1a: Corviknight|Pressure
|move|p2a: INFECTED MOTH|Quiver Dance|p2a: INFECTED MOTH
|-boost|p2a: INFECTED MOTH|spa|1
|-boost|p2a: INFECTED MOTH|spd|1
|-boost|p2a: INFECTED MOTH|spe|1
|
|-heal|p2a: INFECTED MOTH|22/100|[from] item: Leftovers
|upkeep
|turn|3
|
|t:|1760774503
|move|p2a: INFECTED MOTH|Giga Drain|p1a: Corviknight
|-resisted|p1a: Corviknight
|-damage|p1a: Corviknight|93/100
|-heal|p2a: INFECTED MOTH|27/100|[from] drain|[of] p1a: Corviknight
|move|p1a: Corviknight|Body Press|p2a: INFECTED MOTH
|-resisted|p2a: INFECTED MOTH
|-damage|p2a: INFECTED MOTH|15/100
|
|-heal|p2a: INFECTED MOTH|21/100|[from] item: Leftovers
|upkeep
|turn|4
|
|t:|1760774513
|move|p2a: INFECTED MOTH|Bug Buzz|p1a: Corviknight
|-resisted|p1a: Corviknight
|-damage|p1a: Corviknight|79/100
|move|p1a: Corviknight|Defog|p2a: INFECTED MOTH
|-unboost|p2a: INFECTED MOTH|evasion|1
|-sideend|p1: erupting fury|Sticky Web|[from] move: Defog|[of] p1a: Corviknight
|
|-heal|p2a: INFECTED MOTH|27/100|[from] item: Leftovers
|upkeep
|turn|5
|
|t:|1760774523
|move|p2a: INFECTED MOTH|Bug Buzz|p1a: Corviknight
|-resisted|p1a: Corviknight
|-damage|p1a: Corviknight|65/100
|-unboost|p1a: Corviknight|spd|1
|move|p1a: Corviknight|U-turn|p2a: INFECTED MOTH
|-resisted|p2a: INFECTED MOTH
|-damage|p2a: INFECTED MOTH|15/100
|
|t:|1760774530
|switch|p1a: Incineroar|Incineroar, M|100/100|[from] U-turn
|-ability|p1a: Incineroar|Intimidate|boost
|-unboost|p2a: INFECTED MOTH|atk|1
|
|-heal|p2a: INFECTED MOTH|21/100|[from] item: Leftovers
|upkeep
|turn|6
|
|t:|1760774538
|move|p1a: Incineroar|Fake Out|p2a: INFECTED MOTH
|-damage|p2a: INFECTED MOTH|0 fnt
|faint|p2a: INFECTED MOTH
|
|upkeep
|
|t:|1760774548
|switch|p2a: GAY SANJI|Blaziken, M, shiny|100/100
|turn|7
|
|t:|1760774555
|switch|p1a: Inteleon|Inteleon, M|100/100
|-terastallize|p2a: GAY SANJI|Flying
|move|p2a: GAY SANJI|Swords Dance|p2a: GAY SANJI
|-boost|p2a: GAY SANJI|atk|2
|
|-ability|p2a: GAY SANJI|Speed Boost|boost
|-boost|p2a: GAY SANJI|spe|1
|upkeep
|turn|8
|
|t:|1760774563
|move|p2a: GAY SANJI|Close Combat|p1a: Inteleon
|-damage|p1a: Inteleon|0 fnt
|-unboost|p2a: GAY SANJI|def|1
|-unboost|p2a: GAY SANJI|spd|1
|faint|p1a: Inteleon
|-enditem|p2a: GAY SANJI|White Herb
|-clearnegativeboost|p2a: GAY SANJI|[silent]
|
|-ability|p2a: GAY SANJI|Speed Boost|boost
|-boost|p2a: GAY SANJI|spe|1
|upkeep
|c|☆KITKATSTEW|I GOTTA WIN BRUHH
|
|t:|1760774576
|switch|p1a: Incineroar|Incineroar, M|100/100
|-ability|p1a: Incineroar|Intimidate|boost
|-unboost|p2a: GAY SANJI|atk|1
|turn|9
|
|t:|1760774582
|move|p1a: Incineroar|Fake Out|p2a: GAY SANJI
|-damage|p2a: GAY SANJI|78/100
|cant|p2a: GAY SANJI|flinch
|
|-ability|p2a: GAY SANJI|Speed Boost|boost
|-boost|p2a: GAY SANJI|spe|1
|upkeep
|turn|10
|
|t:|1760774588
|switch|p1a: Gholdengo|Gholdengo|100/100
|move|p2a: GAY SANJI|Close Combat|p1a: Gholdengo
|-immune|p1a: Gholdengo
|
|-ability|p2a: GAY SANJI|Speed Boost|boost
|-boost|p2a: GAY SANJI|spe|1
|upkeep
|turn|11
|
|t:|1760774597
|switch|p1a: Incineroar|Incineroar, M|100/100
|-ability|p1a: Incineroar|Intimidate|boost
|-unboost|p2a: GAY SANJI|atk|1
|move|p2a: GAY SANJI|Fire Punch|p1a: Incineroar
|-resisted|p1a: Incineroar
|-damage|p1a: Incineroar|82/100
|
|-ability|p2a: GAY SANJI|Speed Boost|boost
|-boost|p2a: GAY SANJI|spe|1
|upkeep
|turn|12
|
|t:|1760774610
|move|p1a: Incineroar|Fake Out|p2a: GAY SANJI
|-damage|p2a: GAY SANJI|55/100
|cant|p2a: GAY SANJI|flinch
|
|-ability|p2a: GAY SANJI|Speed Boost|boost
|-boost|p2a: GAY SANJI|spe|1
|upkeep
|turn|13
|
|t:|1760774618
|move|p2a: GAY SANJI|Swords Dance|p2a: GAY SANJI
|-boost|p2a: GAY SANJI|atk|2
|move|p1a: Incineroar|Close Combat|p2a: GAY SANJI
|-resisted|p2a: GAY SANJI
|-damage|p2a: GAY SANJI|26/100
|-unboost|p1a: Incineroar|def|1
|-unboost|p1a: Incineroar|spd|1
|
|upkeep
|turn|14
|
|t:|1760774628
|switch|p1a: Gholdengo|Gholdengo|100/100
|move|p2a: GAY SANJI|Acrobatics|p1a: Gholdengo
|-resisted|p1a: Gholdengo
|-damage|p1a: Gholdengo|32/100
|
|upkeep
|turn|15
|
|t:|1760774640
|switch|p1a: Corviknight|Corviknight, M|65/100
|-ability|p1a: Corviknight|Pressure
|move|p2a: GAY SANJI|Acrobatics|p1a: Corviknight
|-resisted|p1a: Corviknight
|-damage|p1a: Corviknight|28/100
|-damage|p2a: GAY SANJI|9/100|[from] item: Rocky Helmet|[of] p1a: Corviknight
|
|upkeep
|turn|16
|
|t:|1760774649
|move|p2a: GAY SANJI|Fire Punch|p1a: Corviknight
|-supereffective|p1a: Corviknight
|-damage|p1a: Corviknight|0 fnt
|-damage|p2a: GAY SANJI|0 fnt|[from] item: Rocky Helmet|[of] p1a: Corviknight
|faint|p1a: Corviknight
|faint|p2a: GAY SANJI
|
|upkeep
|
|t:|1760774659
|switch|p2a: HAPPY HUSBAND|Maushold-Four, shiny|100/100
|switch|p1a: Lucario|Lucario, F|100/100
|turn|17
|
|t:|1760774667
|switch|p2a: BIG CROW|Braviary-Hisui, M, shiny|100/100
|move|p1a: Lucario|Close Combat|p2a: BIG CROW
|-resisted|p2a: BIG CROW
|-damage|p2a: BIG CROW|73/100
|-unboost|p1a: Lucario|def|1
|-unboost|p1a: Lucario|spd|1
|
|upkeep
|turn|18
|
|t:|1760774676
|switch|p1a: Incineroar|Incineroar, M|82/100
|-ability|p1a: Incineroar|Intimidate|boost
|-unboost|p2a: BIG CROW|atk|1
|move|p2a: BIG CROW|Calm Mind|p2a: BIG CROW
|-boost|p2a: BIG CROW|spa|1
|-boost|p2a: BIG CROW|spd|1
|
|upkeep
|turn|19
|
|t:|1760774683
|move|p1a: Incineroar|Fake Out|p2a: BIG CROW
|-damage|p2a: BIG CROW|54/100
|cant|p2a: BIG CROW|flinch
|
|upkeep
|turn|20
|
|t:|1760774689
|move|p2a: BIG CROW|Dazzling Gleam|p1a: Incineroar
|-damage|p1a: Incineroar|49/100
|-damage|p2a: BIG CROW|44/100|[from] item: Life Orb
|move|p1a: Incineroar|Darkest Lariat|p2a: BIG CROW
|-supereffective|p2a: BIG CROW
|-damage|p2a: BIG CROW|0 fnt
|faint|p2a: BIG CROW
|
|upkeep
|
|t:|1760774699
|switch|p2a: HORNY SHELL|Cloyster, M, shiny|100/100
|turn|21
|
|t:|1760774704
|move|p2a: HORNY SHELL|Shell Smash|p2a: HORNY SHELL
|-unboost|p2a: HORNY SHELL|def|1
|-unboost|p2a: HORNY SHELL|spd|1
|-boost|p2a: HORNY SHELL|atk|2
|-boost|p2a: HORNY SHELL|spa|2
|-boost|p2a: HORNY SHELL|spe|2
|-enditem|p2a: HORNY SHELL|White Herb
|-clearnegativeboost|p2a: HORNY SHELL|[silent]
|move|p1a: Incineroar|Close Combat|p2a: HORNY SHELL
|-supereffective|p2a: HORNY SHELL
|-damage|p2a: HORNY SHELL|28/100
|-unboost|p1a: Incineroar|def|1
|-unboost|p1a: Incineroar|spd|1
|
|upkeep
|turn|22
|
|t:|1760774719
|switch|p1a: Gholdengo|Gholdengo|32/100
|move|p2a: HORNY SHELL|Waterfall|p1a: Gholdengo
|-damage|p1a: Gholdengo|0 fnt
|faint|p1a: Gholdengo
|
|upkeep
|
|t:|1760774725
|switch|p1a: Rillaboom|Rillaboom, M|100/100
|-fieldstart|move: Grassy Terrain|[from] ability: Grassy Surge|[of] p1a: Rillaboom
|turn|23
|
|t:|1760774729
|move|p1a: Rillaboom|Grassy Glide|p2a: HORNY SHELL
|-supereffective|p2a: HORNY SHELL
|-damage|p2a: HORNY SHELL|0 fnt
|faint|p2a: HORNY SHELL
|
|upkeep
|
|t:|1760774738
|switch|p2a: HAPPY HUSBAND|Maushold-Four, shiny|100/100
|turn|24
|
|t:|1760774744
|move|p2a: HAPPY HUSBAND|Tidy Up|p2a: HAPPY HUSBAND
|-boost|p2a: HAPPY HUSBAND|atk|1
|-boost|p2a: HAPPY HUSBAND|spe|1
|move|p1a: Rillaboom|Drain Punch|p2a: HAPPY HUSBAND
|-supereffective|p2a: HAPPY HUSBAND
|-damage|p2a: HAPPY HUSBAND|23/100
|
|-heal|p2a: HAPPY HUSBAND|29/100|[from] Grassy Terrain
|upkeep
|turn|25
|
|t:|1760774754
|move|p1a: Rillaboom|Grassy Glide|p2a: HAPPY HUSBAND
|-damage|p2a: HAPPY HUSBAND|0 fnt
|faint|p2a: HAPPY HUSBAND
|
|upkeep
|
|t:|1760774758
|switch|p2a: AFRICAN DRAGON|Haxorus, M, shiny|100/100
|turn|26
|
|t:|1760774776
|switch|p1a: Incineroar|Incineroar, M|49/100
|-ability|p1a: Incineroar|Intimidate|boost
|-unboost|p2a: AFRICAN DRAGON|atk|1
|move|p2a: AFRICAN DRAGON|Dragon Dance|p2a: AFRICAN DRAGON
|-boost|p2a: AFRICAN DRAGON|atk|1
|-boost|p2a: AFRICAN DRAGON|spe|1
|
|-heal|p1a: Incineroar|55/100|[from] Grassy Terrain
|upkeep
|turn|27
|
|t:|1760774787
|move|p1a: Incineroar|Fake Out|p2a: AFRICAN DRAGON
|-damage|p2a: AFRICAN DRAGON|83/100
|cant|p2a: AFRICAN DRAGON|flinch
|
|-heal|p2a: AFRICAN DRAGON|89/100|[from] Grassy Terrain
|-heal|p1a: Incineroar|61/100|[from] Grassy Terrain
|-fieldend|move: Grassy Terrain
|upkeep
|turn|28
|
|t:|1760774798
|switch|p1a: Rillaboom|Rillaboom, M|100/100
|-fieldstart|move: Grassy Terrain|[from] ability: Grassy Surge|[of] p1a: Rillaboom
|move|p2a: AFRICAN DRAGON|Close Combat|p1a: Rillaboom
|-damage|p1a: Rillaboom|14/100
|-unboost|p2a: AFRICAN DRAGON|def|1
|-unboost|p2a: AFRICAN DRAGON|spd|1
|-damage|p2a: AFRICAN DRAGON|79/100|[from] item: Life Orb
|
|-heal|p2a: AFRICAN DRAGON|85/100|[from] Grassy Terrain
|-heal|p1a: Rillaboom|20/100|[from] Grassy Terrain
|-heal|p1a: Rillaboom|27/100|[from] item: Leftovers
|upkeep
|turn|29
|-message|KITKATSTEW forfeited.
|
|win|erupting fury
|raw|erupting fury's rating: 1192 &rarr; <strong>1210</strong><br />(+18 for winning)
|raw|KITKATSTEW's rating: 1085 &rarr; <strong>1069</strong><br />(-16 for losing)
|l|☆KITKATSTEW
|player|p2|
|l|☆erupting fury
|player|p1|
