|j|☆SvgNight235
|j|☆nubemastah69
|t:|1760849085
|gametype|singles
|player|p1|SvgNight235|lucas-gen4pt|1220
|player|p2|nubemastah69|blue|1204
|gen|9
|tier|[Gen 9] OU
|rated|
|rule|HP Percentage Mod: HP is shown in percentages
|rule|Endless Battle Clause: Forcing endless battles is banned
|rule|Species Clause: Limit one of each Pokémon
|rule|OHKO Clause: OHKO moves are banned
|rule|Evasion Items Clause: Evasion items are banned
|rule|Evasion Moves Clause: Evasion moves are banned
|rule|Evasion Abilities Clause: Evasion abilities are banned
|rule|Sleep Moves Clause: Sleep-inducing moves are banned
|clearpoke
|poke|p1|Empoleon, M|
|poke|p1|Cinderace, M|
|poke|p1|Garchomp, M|
|poke|p1|Ting-Lu|
|poke|p1|Corviknight, M|
|poke|p1|Dragapult, F|
|poke|p2|Cloyster, F|
|poke|p2|Quaquaval, F|
|poke|p2|Raging Bolt|
|poke|p2|Slowking-Galar, F|
|poke|p2|Corviknight, F|
|poke|p2|Pecharunt|
|teampreview
|inactive|Battle timer is ON: inactive players will automatically lose when time's up. (requested by nubemastah69)
|
|t:|1760849128
|teamsize|p1|6
|teamsize|p2|6
|start
|switch|p1a: Garchomp|Garchomp, M|100/100
|switch|p2a: Quaquaval|Quaquaval, F, shiny|100/100
|turn|1
|
|t:|1760849141
|move|p2a: Quaquaval|Substitute|p2a: Quaquaval
|-start|p2a: Quaquaval|Substitute
|-damage|p2a: Quaquaval|76/100
|move|p1a: Garchomp|Earthquake|p2a: Quaquaval
|-end|p2a: Quaquaval|Substitute
|
|upkeep
|turn|2
|
|t:|1760849147
|move|p2a: Quaquaval|Focus Energy|p2a: Quaquaval
|-start|p2a: Quaquaval|move: Focus Energy
|move|p1a: Garchomp|Earthquake|p2a: Quaquaval
|-damage|p2a: Quaquaval|14/100
|
|upkeep
|turn|3
|
|t:|1760849155
|move|p2a: Quaquaval|Aqua Step|p1a: Garchomp
|-crit|p1a: Garchomp
|-damage|p1a: Garchomp|60/100
|-boost|p2a: Quaquaval|spe|1
|-damage|p2a: Quaquaval|2/100|[from] ability: Rough Skin|[of] p1a: Garchomp
|-damage|p2a: Quaquaval|0 fnt|[from] item: Rocky Helmet|[of] p1a: Garchomp
|faint|p2a: Quaquaval
|move|p1a: Garchomp|Earthquake|p2: Quaquaval|[notarget]
|-fail|p1a: Garchomp
|
|upkeep
|
|t:|1760849168
|switch|p2a: Cloyster|Cloyster, F, shiny|100/100
|turn|4
|
|t:|1760849188
|switch|p1a: Empoleon|Empoleon, M, shiny|100/100
|move|p2a: Cloyster|Shell Smash|p2a: Cloyster
|-unboost|p2a: Cloyster|def|1
|-unboost|p2a: Cloyster|spd|1
|-boost|p2a: Cloyster|atk|2
|-boost|p2a: Cloyster|spa|2
|-boost|p2a: Cloyster|spe|2
|-enditem|p2a: Cloyster|White Herb
|-clearnegativeboost|p2a: Cloyster|[silent]
|
|upkeep
|turn|5
|inactive|SvgNight235 has 120 seconds left.
|inactive|nubemastah69 has 120 seconds left.
|
|t:|1760849224
|move|p2a: Cloyster|Rock Blast|p1a: Empoleon
|-resisted|p1a: Empoleon
|-damage|p1a: Empoleon|91/100
|-resisted|p1a: Empoleon
|-damage|p1a: Empoleon|81/100
|-resisted|p1a: Empoleon
|-crit|p1a: Empoleon
|-damage|p1a: Empoleon|66/100
|-resisted|p1a: Empoleon
|-damage|p1a: Empoleon|57/100
|-resisted|p1a: Empoleon
|-damage|p1a: Empoleon|47/100
|-hitcount|p1a: Empoleon|5
|move|p1a: Empoleon|Metal Sound|p2a: Cloyster
|-unboost|p2a: Cloyster|spd|2
|-enditem|p1a: Empoleon|Throat Spray
|-boost|p1a: Empoleon|spa|1|[from] item: Throat Spray
|
|upkeep
|turn|6
|inactive|nubemastah69 has 120 seconds left.
|inactive|SvgNight235 has 120 seconds left.
|c|☆nubemastah69|Dude
|c|☆nubemastah69|Smart as hell
|
|t:|1760849253
|move|p2a: Cloyster|Rock Blast|p1a: Empoleon
|-resisted|p1a: Empoleon
|-damage|p1a: Empoleon|38/100
|-resisted|p1a: Empoleon
|-damage|p1a: Empoleon|28/100
|-resisted|p1a: Empoleon
|-damage|p1a: Empoleon|19/100
|-resisted|p1a: Empoleon
|-damage|p1a: Empoleon|9/100
|-resisted|p1a: Empoleon
|-damage|p1a: Empoleon|0 fnt
|faint|p1a: Empoleon
|-hitcount|p1: Empoleon|5
|
|upkeep
|inactive|SvgNight235 has 120 seconds left.
|
|t:|1760849273
|switch|p1a: Ting-Lu|Ting-Lu|100/100
|-ability|p1a: Ting-Lu|Vessel of Ruin
|turn|7
|
|t:|1760849287
|move|p2a: Cloyster|Icicle Spear|p1a: Ting-Lu
|-supereffective|p1a: Ting-Lu
|-damage|p1a: Ting-Lu|72/100
|-supereffective|p1a: Ting-Lu
|-damage|p1a: Ting-Lu|46/100
|-supereffective|p1a: Ting-Lu
|-damage|p1a: Ting-Lu|21/100
|-supereffective|p1a: Ting-Lu
|-damage|p1a: Ting-Lu|0 fnt
|faint|p1a: Ting-Lu
|-hitcount|p1: Ting-Lu|4
|
|upkeep
|inactive|SvgNight235 has 120 seconds left.
|
|t:|1760849295
|switch|p1a: Dragapult|Dragapult, F, shiny|100/100
|turn|8
|
|t:|1760849306
|move|p2a: Cloyster|Icicle Spear|p1a: Dragapult
|-supereffective|p1a: Dragapult
|-damage|p1a: Dragapult|38/100
|-supereffective|p1a: Dragapult
|-damage|p1a: Dragapult|0 fnt
|faint|p1a: Dragapult
|-hitcount|p1: Dragapult|2
|
|upkeep
|-message|SvgNight235 forfeited.
|
|win|nubemastah69
|raw|SvgNight235's rating: 1220 &rarr; <strong>1194</strong><br />(-26 for losing)
|raw|nubemastah69's rating: 1204 &rarr; <strong>1230</strong><br />(+26 for winning)
|l|☆SvgNight235
|player|p1|
|l|☆nubemastah69
|player|p2|
