|j|☆Michy47
|j|☆ykykp
|t:|1760864155
|gametype|singles
|player|p1|Michy47|1|1543
|player|p2|ykykp|170|1481
|gen|9
|tier|[Gen 9] OU
|rated|
|rule|HP Percentage Mod: HP is shown in percentages
|rule|Endless Battle Clause: Forcing endless battles is banned
|rule|Species Clause: Limit one of each Pokémon
|rule|OHKO Clause: OHKO moves are banned
|rule|Evasion Items Clause: Evasion items are banned
|rule|Evasion Moves Clause: Evasion moves are banned
|rule|Evasion Abilities Clause: Evasion abilities are banned
|rule|Sleep Moves Clause: Sleep-inducing moves are banned
|clearpoke
|poke|p1|Zapdos|
|poke|p1|Tinkaton, F|
|poke|p1|Samurott-Hisui, M|
|poke|p1|Dragapult, M|
|poke|p1|Slowking-Galar, M|
|poke|p1|Great Tusk|
|poke|p2|Gardevoir, F|
|poke|p2|Sylveon, M|
|poke|p2|Maushold-Four|
|poke|p2|Deoxys-Speed|
|poke|p2|Iron Moth|
|poke|p2|Dragonite, M|
|teampreview
|inactive|Battle timer is ON: inactive players will automatically lose when time's up. (requested by ykykp)
|
|t:|1760864161
|teamsize|p1|6
|teamsize|p2|6
|start
|switch|p1a: Tinkaton|Tinkaton, F|100/100
|switch|p2a: Iron Moth|Iron Moth|100/100
|-ability|p1a: Tinkaton|Mold Breaker
|-enditem|p2a: Iron Moth|Booster Energy
|-activate|p2a: Iron Moth|ability: Quark Drive|[fromitem]
|-start|p2a: Iron Moth|quarkdrivespe
|turn|1
|
|t:|1760864166
|switch|p1a: Slowking|Slowking-Galar, M|100/100
|move|p2a: Iron Moth|Substitute|p2a: Iron Moth
|-start|p2a: Iron Moth|Substitute
|-damage|p2a: Iron Moth|76/100
|
|upkeep
|turn|2
|
|t:|1760864175
|move|p2a: Iron Moth|Fiery Dance|p1a: Slowking
|-damage|p1a: Slowking|78/100
|-boost|p2a: Iron Moth|spa|1
|move|p1a: Slowking|Future Sight|p2a: Iron Moth
|-start|p1a: Slowking|move: Future Sight
|
|upkeep
|turn|3
|
|t:|1760864179
|move|p2a: Iron Moth|Fiery Dance|p1a: Slowking
|-damage|p1a: Slowking|43/100
|-boost|p2a: Iron Moth|spa|1
|move|p1a: Slowking|Sludge Bomb|p2a: Iron Moth
|-resisted|p2a: Iron Moth
|-activate|p2a: Iron Moth|move: Substitute|[damage]
|
|upkeep
|turn|4
|
|t:|1760864184
|-terastallize|p1a: Slowking|Water
|move|p2a: Iron Moth|Fiery Dance|p1a: Slowking
|-resisted|p1a: Slowking
|-damage|p1a: Slowking|21/100
|move|p1a: Slowking|Sludge Bomb|p2a: Iron Moth
|-resisted|p2a: Iron Moth
|-end|p2a: Iron Moth|Substitute
|
|-end|p2a: Iron Moth|move: Future Sight
|-supereffective|p2a: Iron Moth
|-damage|p2a: Iron Moth|0 fnt
|faint|p2a: Iron Moth
|-end|p2a: Iron Moth|Quark Drive|[silent]
|upkeep
|
|t:|1760864194
|switch|p2a: Deoxys|Deoxys-Speed|100/100
|-ability|p2a: Deoxys|Pressure
|turn|5
|
|t:|1760864197
|switch|p1a: Samurott|Samurott-Hisui, M|100/100
|move|p2a: Deoxys|Thunderbolt|p1a: Samurott
|-supereffective|p1a: Samurott
|-damage|p1a: Samurott|3/100
|-damage|p2a: Deoxys|91/100|[from] item: Life Orb
|
|upkeep
|turn|6
|
|t:|1760864203
|move|p1a: Samurott|Sucker Punch|p2a: Deoxys
|-supereffective|p2a: Deoxys
|-damage|p2a: Deoxys|0 fnt
|faint|p2a: Deoxys
|
|upkeep
|
|t:|1760864206
|switch|p2a: Maushold|Maushold-Four|100/100
|turn|7
|j| wgw2333
|
|t:|1760864209
|move|p1a: Samurott|Sucker Punch||[still]
|-fail|p1a: Samurott
|move|p2a: Maushold|Encore|p1a: Samurott
|-start|p1a: Samurott|Encore
|
|upkeep
|turn|8
|
|t:|1760864212
|switch|p1a: Great Tusk|Great Tusk|100/100
|move|p2a: Maushold|Tidy Up|p2a: Maushold
|-boost|p2a: Maushold|atk|1
|-boost|p2a: Maushold|spe|1
|
|upkeep
|turn|9
|
|t:|1760864214
|move|p2a: Maushold|Population Bomb|p1a: Great Tusk
|-damage|p1a: Great Tusk|90/100
|-damage|p1a: Great Tusk|80/100
|-damage|p1a: Great Tusk|69/100
|-damage|p1a: Great Tusk|59/100
|-damage|p1a: Great Tusk|49/100
|-damage|p1a: Great Tusk|38/100
|-damage|p1a: Great Tusk|28/100
|-damage|p1a: Great Tusk|17/100
|-damage|p1a: Great Tusk|6/100
|-damage|p1a: Great Tusk|0 fnt
|faint|p1a: Great Tusk
|-end|p1a: Great Tusk|Protosynthesis|[silent]
|-hitcount|p1: Great Tusk|10
|
|upkeep
|
|t:|1760864221
|switch|p1a: Zapdos|Zapdos|100/100
|turn|10
|
|t:|1760864228
|move|p2a: Maushold|Population Bomb|p1a: Zapdos
|-damage|p1a: Zapdos|88/100
|-crit|p1a: Zapdos
|-damage|p1a: Zapdos|70/100
|-damage|p1a: Zapdos|59/100
|-damage|p1a: Zapdos|47/100
|-damage|p1a: Zapdos|36/100
|-damage|p1a: Zapdos|23/100
|-damage|p1a: Zapdos|12/100
|-status|p2a: Maushold|par|[from] ability: Static|[of] p1a: Zapdos
|-damage|p1a: Zapdos|0 fnt
|faint|p1a: Zapdos
|-hitcount|p1: Zapdos|8
|
|upkeep
|
|t:|1760864235
|switch|p1a: Samurott|Samurott-Hisui, M|3/100
|turn|11
|
|t:|1760864241
|move|p1a: Samurott|Ceaseless Edge|p2a: Maushold
|-damage|p2a: Maushold|33/100 par
|-sidestart|p2: ykykp|Spikes
|move|p2a: Maushold|Population Bomb|p1a: Samurott
|-damage|p1a: Samurott|0 fnt
|faint|p1a: Samurott
|-hitcount|p1: Samurott|1
|
|upkeep
|
|t:|1760864244
|switch|p1a: Dragapult|Dragapult, M|100/100
|turn|12
|
|t:|1760864247
|move|p1a: Dragapult|Dragon Darts|p2a: Maushold
|-damage|p2a: Maushold|4/100 par
|-anim|p1a: Dragapult|Dragon Darts|p2a: Maushold
|-damage|p2a: Maushold|0 fnt
|faint|p2a: Maushold
|
|upkeep
|
|t:|1760864251
|switch|p2a: Sylveon|Sylveon, M|100/100
|-damage|p2a: Sylveon|88/100|[from] Spikes
|turn|13
|
|t:|1760864255
|move|p1a: Dragapult|U-turn|p2a: Sylveon
|-resisted|p2a: Sylveon
|-damage|p2a: Sylveon|78/100
|
|t:|1760864257
|switch|p1a: Tinkaton|Tinkaton, F|100/100|[from] U-turn
|-ability|p1a: Tinkaton|Mold Breaker
|move|p2a: Sylveon|Shadow Ball|p1a: Tinkaton
|-damage|p1a: Tinkaton|73/100
|-unboost|p1a: Tinkaton|spd|1
|
|-heal|p1a: Tinkaton|79/100|[from] item: Leftovers
|upkeep
|turn|14
|
|t:|1760864266
|move|p1a: Tinkaton|Gigaton Hammer|p2a: Sylveon
|-supereffective|p2a: Sylveon
|-damage|p2a: Sylveon|0 fnt
|faint|p2a: Sylveon
|
|-heal|p1a: Tinkaton|86/100|[from] item: Leftovers
|upkeep
|
|t:|1760864283
|switch|p2a: Gardevoir|Gardevoir, F|100/100
|-damage|p2a: Gardevoir|88/100|[from] Spikes
|-ability|p2a: Gardevoir|Mold Breaker|Trace|[from] ability: Trace|[of] p1a: Tinkaton
|-ability|p2a: Gardevoir|Mold Breaker
|turn|15
|
|t:|1760864292
|move|p1a: Tinkaton|Knock Off|p2a: Gardevoir
|-damage|p2a: Gardevoir|70/100
|-damage|p1a: Tinkaton|69/100|[from] item: Rocky Helmet|[of] p2a: Gardevoir
|-enditem|p2a: Gardevoir|Rocky Helmet|[from] move: Knock Off|[of] p1a: Tinkaton
|move|p2a: Gardevoir|Psychic Noise|p1a: Tinkaton
|-resisted|p1a: Tinkaton
|-damage|p1a: Tinkaton|54/100
|-start|p1a: Tinkaton|move: Heal Block
|
|upkeep
|turn|16
|
|t:|1760864299
|move|p1a: Tinkaton|Gigaton Hammer|p2a: Gardevoir
|-supereffective|p2a: Gardevoir
|-damage|p2a: Gardevoir|0 fnt
|faint|p2a: Gardevoir
|
|-end|p1a: Tinkaton|move: Heal Block
|upkeep
|
|t:|1760864302
|switch|p2a: Dragonite|Dragonite, M, shiny|100/100
|turn|17
|
|t:|1760864319
|move|p2a: Dragonite|Low Kick|p1a: Tinkaton
|-damage|p1a: Tinkaton|11/100
|move|p1a: Tinkaton|Encore|p2a: Dragonite
|-start|p2a: Dragonite|Encore
|
|-heal|p1a: Tinkaton|17/100|[from] item: Leftovers
|upkeep
|turn|18
|
|t:|1760864322
|switch|p1a: Dragapult|Dragapult, M|100/100
|move|p2a: Dragonite|Low Kick|p1a: Dragapult
|-immune|p1a: Dragapult
|
|upkeep
|turn|19
|
|t:|1760864329
|-terastallize|p2a: Dragonite|Ghost
|move|p1a: Dragapult|Dragon Darts|p2a: Dragonite
|-damage|p2a: Dragonite|89/100
|-anim|p1a: Dragapult|Dragon Darts|p2a: Dragonite
|-damage|p2a: Dragonite|67/100
|move|p2a: Dragonite|Low Kick|p1a: Dragapult
|-immune|p1a: Dragapult
|
|upkeep
|turn|20
|
|t:|1760864337
|move|p1a: Dragapult|Thunder Wave|p2a: Dragonite
|-status|p2a: Dragonite|par
|move|p2a: Dragonite|Low Kick|p1a: Dragapult
|-immune|p1a: Dragapult
|
|-end|p2a: Dragonite|Encore
|upkeep
|turn|21
|
|t:|1760864339
|move|p1a: Dragapult|Hex|p2a: Dragonite
|-supereffective|p2a: Dragonite
|-damage|p2a: Dragonite|0 fnt
|faint|p2a: Dragonite
|
|win|Michy47
|raw|Michy47's rating: 1543 &rarr; <strong>1559</strong><br />(+16 for winning)
|raw|ykykp's rating: 1481 &rarr; <strong>1465</strong><br />(-16 for losing)
|l|☆ykykp
|player|p2|
|l|☆Michy47
|player|p1|
