|j|☆ArcTatin
|j|☆amadannabrion
|t:|1760880472
|gametype|singles
|player|p1|ArcTatin|1|1235
|player|p2|amadannabrion|medium|1243
|gen|9
|tier|[Gen 9] OU
|rated|
|rule|HP Percentage Mod: HP is shown in percentages
|rule|Endless Battle Clause: Forcing endless battles is banned
|rule|Species Clause: Limit one of each Pokémon
|rule|OHKO Clause: OHKO moves are banned
|rule|Evasion Items Clause: Evasion items are banned
|rule|Evasion Moves Clause: Evasion moves are banned
|rule|Evasion Abilities Clause: Evasion abilities are banned
|rule|Sleep Moves Clause: Sleep-inducing moves are banned
|clearpoke
|poke|p1|Ceruledge, F|
|poke|p1|Samurott-Hisui, M|
|poke|p1|Klawf, F|
|poke|p1|Pecharunt|
|poke|p1|Regidrago|
|poke|p1|Wigglytuff, F|
|poke|p2|Ninetales, M|
|poke|p2|Cresselia, F|
|poke|p2|Great Tusk|
|poke|p2|Walking Wake|
|poke|p2|Cinderace, M|
|poke|p2|Kingambit, F|
|teampreview
|inactive|Battle timer is ON: inactive players will automatically lose when time's up. (requested by ArcTatin)
|
|t:|1760880481
|teamsize|p1|6
|teamsize|p2|6
|start
|switch|p1a: Klawf|Klawf, F|100/100
|switch|p2a: Walking Wake|Walking Wake|100/100
|turn|1
|
|t:|1760880495
|switch|p1a: Wigglytuff|Wigglytuff, F|100/100
|-item|p2a: Walking Wake|Choice Specs|[from] ability: Frisk|[of] p1a: Wigglytuff
|move|p2a: Walking Wake|Hydro Steam|p1a: Wigglytuff
|-damage|p1a: Wigglytuff|47/100
|
|-heal|p1a: Wigglytuff|53/100|[from] item: Leftovers
|upkeep
|turn|2
|
|t:|1760880508
|move|p2a: Walking Wake|Hydro Steam|p1a: Wigglytuff
|-damage|p1a: Wigglytuff|2/100
|move|p1a: Wigglytuff|Thunder Wave|p2a: Walking Wake
|-status|p2a: Walking Wake|par
|
|-heal|p1a: Wigglytuff|9/100|[from] item: Leftovers
|upkeep
|turn|3
|
|t:|1760880518
|cant|p2a: Walking Wake|par
|move|p1a: Wigglytuff|Pain Split|p2a: Walking Wake
|-sethp|p2a: Walking Wake|56/100 par|[from] move: Pain Split|[silent]
|-sethp|p1a: Wigglytuff|40/100|[from] move: Pain Split
|
|-heal|p1a: Wigglytuff|46/100|[from] item: Leftovers
|upkeep
|turn|4
|
|t:|1760880530
|switch|p1a: Pecharunt|Pecharunt|100/100
|cant|p2a: Walking Wake|par
|
|upkeep
|turn|5
|
|t:|1760880541
|move|p1a: Pecharunt|Parting Shot|p2a: Walking Wake
|-unboost|p2a: Walking Wake|atk|1
|-unboost|p2a: Walking Wake|spa|1
|
|t:|1760880545
|switch|p1a: Wigglytuff|Wigglytuff, F|46/100|[from] Parting Shot
|-item|p2a: Walking Wake|Choice Specs|[from] ability: Frisk|[of] p1a: Wigglytuff
|cant|p2a: Walking Wake|par
|
|-heal|p1a: Wigglytuff|52/100|[from] item: Leftovers
|upkeep
|turn|6
|
|t:|1760880556
|-end|p2a: Walking Wake|Protosynthesis|[silent]
|switch|p2a: Ninetales|Ninetales, M, shiny|100/100
|-weather|SunnyDay|[from] ability: Drought|[of] p2a: Ninetales
|move|p1a: Wigglytuff|Alluring Voice|p2a: Ninetales
|-resisted|p2a: Ninetales
|-damage|p2a: Ninetales|86/100
|
|-weather|SunnyDay|[upkeep]
|-heal|p1a: Wigglytuff|58/100|[from] item: Leftovers
|upkeep
|turn|7
|
|t:|1760880570
|switch|p1a: Samurott|Samurott-Hisui, M|100/100
|move|p2a: Ninetales|Weather Ball|p1a: Samurott
|-resisted|p1a: Samurott
|-damage|p1a: Samurott|72/100
|
|-weather|SunnyDay|[upkeep]
|upkeep
|turn|8
|
|t:|1760880592
|switch|p2a: Great Tusk|Great Tusk|100/100
|-activate|p2a: Great Tusk|ability: Protosynthesis
|-start|p2a: Great Tusk|protosynthesisspe
|move|p1a: Samurott|Ceaseless Edge|p2a: Great Tusk
|-resisted|p2a: Great Tusk
|-damage|p2a: Great Tusk|86/100
|-sidestart|p2: amadannabrion|Spikes
|
|-weather|SunnyDay|[upkeep]
|upkeep
|turn|9
|inactive|amadannabrion has 120 seconds left.
|
|t:|1760880617
|switch|p1a: Pecharunt|Pecharunt|100/100
|move|p2a: Great Tusk|Rapid Spin|p1a: Pecharunt
|-immune|p1a: Pecharunt
|
|-weather|SunnyDay|[upkeep]
|upkeep
|turn|10
|inactive|amadannabrion has 120 seconds left.
|
|t:|1760880633
|switch|p1a: Klawf|Klawf, F|100/100
|move|p2a: Great Tusk|Stealth Rock|p1a: Klawf
|-sidestart|p1: ArcTatin|move: Stealth Rock
|
|-weather|SunnyDay|[upkeep]
|upkeep
|turn|11
|inactive|amadannabrion has 120 seconds left.
|
|t:|1760880642
|move|p2a: Great Tusk|Rapid Spin|p1a: Klawf
|-resisted|p1a: Klawf
|-damage|p1a: Klawf|95/100
|-boost|p2a: Great Tusk|spe|1
|-damage|p2a: Great Tusk|70/100|[from] item: Rocky Helmet|[of] p1a: Klawf
|-sideend|p2: amadannabrion|Spikes|[from] move: Rapid Spin|[of] p2a: Great Tusk
|move|p1a: Klawf|Crabhammer|p2a: Great Tusk
|-supereffective|p2a: Great Tusk
|-damage|p2a: Great Tusk|56/100
|
|-weather|SunnyDay|[upkeep]
|upkeep
|turn|12
|inactive|amadannabrion has 120 seconds left.
|
|t:|1760880655
|move|p2a: Great Tusk|Headlong Rush|p1a: Klawf
|-supereffective|p1a: Klawf
|-damage|p1a: Klawf|20/100
|-unboost|p2a: Great Tusk|def|1
|-unboost|p2a: Great Tusk|spd|1
|-damage|p2a: Great Tusk|39/100|[from] item: Rocky Helmet|[of] p1a: Klawf
|-enditem|p2a: Great Tusk|Eject Pack
|inactive|amadannabrion has 120 seconds left.
|
|t:|1760880678
|-end|p2a: Great Tusk|Protosynthesis|[silent]
|switch|p2a: Cinderace|Cinderace, M, shiny|100/100
|move|p1a: Klawf|Stealth Rock|p2a: Cinderace
|-sidestart|p2: amadannabrion|move: Stealth Rock
|
|-weather|SunnyDay|[upkeep]
|upkeep
|turn|13
|
|t:|1760880704
|switch|p1a: Pecharunt|Pecharunt|100/100
|-damage|p1a: Pecharunt|88/100|[from] Stealth Rock
|move|p2a: Cinderace|Pyro Ball|p1a: Pecharunt
|-damage|p1a: Pecharunt|38/100
|-status|p1a: Pecharunt|brn
|
|-weather|none
|-damage|p1a: Pecharunt|32/100 brn|[from] brn
|upkeep
|turn|14
|inactive|amadannabrion has 90 seconds left.
|
|t:|1760880720
|switch|p2a: Ninetales|Ninetales, M, shiny|86/100
|-damage|p2a: Ninetales|61/100|[from] Stealth Rock
|-weather|SunnyDay|[from] ability: Drought|[of] p2a: Ninetales
|move|p1a: Pecharunt|Destiny Bond|p1a: Pecharunt
|-singlemove|p1a: Pecharunt|Destiny Bond
|
|-weather|SunnyDay|[upkeep]
|-damage|p1a: Pecharunt|26/100 brn|[from] brn
|upkeep
|turn|15
|inactive|amadannabrion has 90 seconds left.
|
|t:|1760880734
|move|p2a: Ninetales|Encore|p1a: Pecharunt
|-start|p1a: Pecharunt|Encore
|move|p1a: Pecharunt|Destiny Bond||[still]
|-fail|p1a: Pecharunt
|
|-weather|SunnyDay|[upkeep]
|-damage|p1a: Pecharunt|20/100 brn|[from] brn
|upkeep
|turn|16
|inactive|amadannabrion has 90 seconds left.
|
|t:|1760880750
|switch|p2a: Kingambit|Kingambit, F|100/100
|-damage|p2a: Kingambit|94/100|[from] Stealth Rock
|-item|p2a: Kingambit|Air Balloon
|switch|p1a: Klawf|Klawf, F|53/100
|-damage|p1a: Klawf|41/100|[from] Stealth Rock
|
|-weather|SunnyDay|[upkeep]
|upkeep
|turn|17
|inactive|amadannabrion has 90 seconds left.
|
|t:|1760880768
|move|p1a: Klawf|Crabhammer|p2a: Kingambit|[miss]
|-miss|p1a: Klawf|p2a: Kingambit
|move|p2a: Kingambit|Iron Head|p1a: Klawf
|-supereffective|p1a: Klawf
|-damage|p1a: Klawf|0 fnt
|-damage|p2a: Kingambit|78/100|[from] item: Rocky Helmet|[of] p1a: Klawf
|faint|p1a: Klawf
|
|-weather|SunnyDay|[upkeep]
|upkeep
|
|t:|1760880781
|switch|p1a: Pecharunt|Pecharunt|20/100 brn
|-damage|p1a: Pecharunt|8/100 brn|[from] Stealth Rock
|turn|18
|inactive|amadannabrion has 90 seconds left.
|
|t:|1760880789
|move|p2a: Kingambit|Sucker Punch||[still]
|-fail|p2a: Kingambit
|move|p1a: Pecharunt|Recover|p1a: Pecharunt
|-heal|p1a: Pecharunt|58/100 brn
|
|-weather|SunnyDay|[upkeep]
|-damage|p1a: Pecharunt|52/100 brn|[from] brn
|upkeep
|turn|19
|inactive|amadannabrion has 90 seconds left.
|-message|amadannabrion forfeited.
|
|win|ArcTatin
|raw|ArcTatin's rating: 1235 &rarr; <strong>1261</strong><br />(+26 for winning)
|raw|amadannabrion's rating: 1243 &rarr; <strong>1217</strong><br />(-26 for losing)
|l|☆amadannabrion
|player|p2|
|l|☆ArcTatin
|player|p1|
