|j|☆KamiKaze77
|j|☆caijin
|t:|1760774774
|gametype|singles
|player|p1|KamiKaze77|hilbert|1064
|player|p2|caijin|bianca|1073
|gen|9
|tier|[Gen 9] OU
|rated|
|rule|HP Percentage Mod: HP is shown in percentages
|rule|Endless Battle Clause: Forcing endless battles is banned
|rule|Species Clause: Limit one of each Pokémon
|rule|OHKO Clause: OHKO moves are banned
|rule|Evasion Items Clause: Evasion items are banned
|rule|Evasion Moves Clause: Evasion moves are banned
|rule|Evasion Abilities Clause: Evasion abilities are banned
|rule|Sleep Moves Clause: Sleep-inducing moves are banned
|clearpoke
|poke|p1|Cinderace, M|
|poke|p1|Gliscor, F|
|poke|p1|Ninetales-Alola, F|
|poke|p1|Ceruledge, F|
|poke|p1|Greninja-*, F|
|poke|p1|Darkrai|
|poke|p2|Serperior, F|
|poke|p2|Meowstic, M|
|poke|p2|Chandelure, M|
|poke|p2|Pawmot, F|
|poke|p2|Noivern, M|
|poke|p2|Florges-Blue, F|
|teampreview
|inactive|Battle timer is ON: inactive players will automatically lose when time's up. (requested by caijin)
|
|t:|1760774780
|teamsize|p1|6
|teamsize|p2|6
|start
|switch|p1a: Ceruledge|Ceruledge, F, shiny|100/100
|switch|p2a: Mirror|Meowstic, M|100/100
|turn|1
|
|t:|1760774786
|move|p2a: Mirror|Thunder Wave|p1a: Ceruledge|[miss]
|-miss|p2a: Mirror|p1a: Ceruledge
|move|p1a: Ceruledge|Shadow Sneak|p2a: Mirror
|-supereffective|p2a: Mirror
|-damage|p2a: Mirror|49/100
|
|upkeep
|turn|2
|
|t:|1760774792
|move|p2a: Mirror|Thunder Wave|p1a: Ceruledge
|-status|p1a: Ceruledge|par
|move|p1a: Ceruledge|Shadow Sneak|p2a: Mirror
|-supereffective|p2a: Mirror
|-damage|p2a: Mirror|0 fnt
|faint|p2a: Mirror
|
|upkeep
|
|t:|1760774801
|switch|p2a: Camellia|Serperior, F|100/100
|turn|3
|
|t:|1760774807
|-terastallize|p2a: Camellia|Dragon
|move|p2a: Camellia|Coil|p2a: Camellia
|-boost|p2a: Camellia|atk|1
|-boost|p2a: Camellia|def|1
|-boost|p2a: Camellia|accuracy|1
|move|p1a: Ceruledge|Bitter Blade|p2a: Camellia
|-resisted|p2a: Camellia
|-damage|p2a: Camellia|82/100
|
|upkeep
|turn|4
|
|t:|1760774816
|move|p2a: Camellia|Coil|p2a: Camellia
|-boost|p2a: Camellia|atk|1
|-boost|p2a: Camellia|def|1
|-boost|p2a: Camellia|accuracy|1
|cant|p1a: Ceruledge|par
|
|upkeep
|turn|5
|
|t:|1760774823
|switch|p1a: Cinderace|Cinderace, M|100/100
|move|p2a: Camellia|Coil|p2a: Camellia
|-boost|p2a: Camellia|atk|1
|-boost|p2a: Camellia|def|1
|-boost|p2a: Camellia|accuracy|1
|
|upkeep
|turn|6
|
|t:|1760774836
|switch|p1a: Ninetales|Ninetales-Alola, F, shiny|100/100
|-weather|Snowscape|[from] ability: Snow Warning|[of] p1a: Ninetales
|move|p2a: Camellia|Scale Shot|p1a: Ninetales
|-immune|p1a: Ninetales
|
|-weather|Snowscape|[upkeep]
|upkeep
|turn|7
|
|t:|1760774845
|-terastallize|p1a: Ninetales|Ground
|move|p2a: Camellia|Iron Tail|p1a: Ninetales
|-damage|p1a: Ninetales|10/100
|move|p1a: Ninetales|Ice Beam|p2a: Camellia
|-supereffective|p2a: Camellia
|-damage|p2a: Camellia|0 fnt
|faint|p2a: Camellia
|
|-weather|Snowscape|[upkeep]
|-heal|p1a: Ninetales|16/100|[from] item: Leftovers
|upkeep
|
|t:|1760774861
|switch|p2a: Apricot|Pawmot, F|100/100
|turn|8
|
|t:|1760774874
|move|p2a: Apricot|Mach Punch|p1a: Ninetales
|-damage|p1a: Ninetales|0 fnt
|faint|p1a: Ninetales
|
|-weather|Snowscape|[upkeep]
|upkeep
|
|t:|1760774881
|switch|p1a: Gliscor|Gliscor, F|100/100
|turn|9
|
|t:|1760774884
|move|p2a: Apricot|Ice Punch|p1a: Gliscor
|-supereffective|p1a: Gliscor
|-damage|p1a: Gliscor|0 fnt
|faint|p1a: Gliscor
|
|-weather|Snowscape|[upkeep]
|upkeep
|
|t:|1760774894
|switch|p1a: Darkrai|Darkrai|100/100
|turn|10
|
|t:|1760774897
|move|p1a: Darkrai|Psyshock|p2a: Apricot
|-supereffective|p2a: Apricot
|-damage|p2a: Apricot|3/100
|move|p2a: Apricot|Close Combat|p1a: Darkrai
|-supereffective|p1a: Darkrai
|-enditem|p1a: Darkrai|Focus Sash
|-damage|p1a: Darkrai|1/100
|-unboost|p2a: Apricot|def|1
|-unboost|p2a: Apricot|spd|1
|
|-weather|none
|upkeep
|turn|11
|
|t:|1760774908
|move|p2a: Apricot|Mach Punch|p1a: Darkrai
|-supereffective|p1a: Darkrai
|-damage|p1a: Darkrai|0 fnt
|faint|p1a: Darkrai
|
|upkeep
|
|t:|1760774912
|switch|p1a: Greninja|Greninja, F, shiny|100/100
|turn|12
|
|t:|1760774918
|move|p1a: Greninja|Water Shuriken|p2a: Apricot
|-start|p1a: Greninja|typechange|Water|[from] ability: Protean
|-damage|p2a: Apricot|0 fnt
|faint|p2a: Apricot
|-hitcount|p2: Apricot|1
|
|upkeep
|
|t:|1760774934
|switch|p2a: Lisianthus|Florges-Blue, F|100/100
|turn|13
|
|t:|1760774949
|move|p1a: Greninja|Hydro Pump|p2a: Lisianthus
|-damage|p2a: Lisianthus|69/100
|move|p2a: Lisianthus|Moonblast|p1a: Greninja
|-damage|p1a: Greninja|19/100
|
|-heal|p1a: Greninja|25/100|[from] item: Leftovers
|upkeep
|turn|14
|
|t:|1760774959
|switch|p1a: Cinderace|Cinderace, M|100/100
|move|p2a: Lisianthus|Calm Mind|p2a: Lisianthus
|-boost|p2a: Lisianthus|spa|1
|-boost|p2a: Lisianthus|spd|1
|
|upkeep
|turn|15
|
|t:|1760774966
|move|p1a: Cinderace|Gunk Shot|p2a: Lisianthus|[miss]
|-start|p1a: Cinderace|typechange|Poison|[from] ability: Libero
|-miss|p1a: Cinderace|p2a: Lisianthus
|move|p2a: Lisianthus|Chilling Water|p1a: Cinderace
|-damage|p1a: Cinderace|78/100
|-unboost|p1a: Cinderace|atk|1
|
|upkeep
|turn|16
|
|t:|1760774974
|move|p1a: Cinderace|Gunk Shot|p2a: Lisianthus
|-supereffective|p2a: Lisianthus
|-damage|p2a: Lisianthus|0 fnt
|faint|p2a: Lisianthus
|
|upkeep
|
|t:|1760774979
|switch|p2a: Misty|Noivern, M|100/100
|turn|17
|
|t:|1760774988
|move|p2a: Misty|Draco Meteor|p1a: Cinderace
|-damage|p1a: Cinderace|26/100
|-unboost|p2a: Misty|spa|2
|move|p1a: Cinderace|Gunk Shot|p2a: Misty
|-damage|p2a: Misty|50/100
|
|upkeep
|turn|18
|
|t:|1760774997
|switch|p2a: Shyouko|Chandelure, M|100/100
|move|p1a: Cinderace|Gunk Shot|p2a: Shyouko
|-resisted|p2a: Shyouko
|-damage|p2a: Shyouko|74/100
|
|upkeep
|turn|19
|
|t:|1760775008
|switch|p1a: Ceruledge|Ceruledge, F, shiny|100/100 par
|move|p2a: Shyouko|Shadow Ball|p1a: Ceruledge
|-supereffective|p1a: Ceruledge
|-damage|p1a: Ceruledge|26/100 par
|
|upkeep
|turn|20
|
|t:|1760775016
|move|p1a: Ceruledge|Shadow Sneak|p2a: Shyouko
|-supereffective|p2a: Shyouko
|-damage|p2a: Shyouko|13/100
|-enditem|p2a: Shyouko|Salac Berry|[eat]
|-boost|p2a: Shyouko|spe|1|[from] item: Salac Berry
|move|p2a: Shyouko|Shadow Ball|p1a: Ceruledge
|-supereffective|p1a: Ceruledge
|-damage|p1a: Ceruledge|0 fnt
|faint|p1a: Ceruledge
|
|upkeep
|
|t:|1760775020
|switch|p1a: Greninja|Greninja, F, shiny|25/100
|turn|21
|
|t:|1760775030
|move|p1a: Greninja|Water Shuriken|p2a: Shyouko
|-start|p1a: Greninja|typechange|Water|[from] ability: Protean
|-supereffective|p2a: Shyouko
|-damage|p2a: Shyouko|0 fnt
|faint|p2a: Shyouko
|-hitcount|p2: Shyouko|1
|
|-heal|p1a: Greninja|31/100|[from] item: Leftovers
|upkeep
|
|t:|1760775040
|switch|p2a: Misty|Noivern, M|50/100
|turn|22
|
|t:|1760775044
|move|p2a: Misty|Boomburst|p1a: Greninja
|-crit|p1a: Greninja
|-damage|p1a: Greninja|0 fnt
|faint|p1a: Greninja
|
|upkeep
|
|t:|1760775047
|switch|p1a: Cinderace|Cinderace, M|26/100
|turn|23
|
|t:|1760775058
|move|p2a: Misty|Boomburst|p1a: Cinderace
|-damage|p1a: Cinderace|0 fnt
|faint|p1a: Cinderace
|
|win|caijin
|raw|KamiKaze77's rating: 1064 &rarr; <strong>1045</strong><br />(-19 for losing)
|raw|caijin's rating: 1073 &rarr; <strong>1101</strong><br />(+28 for winning)
|l|☆KamiKaze77
|player|p1|
|l|☆caijin
|player|p2|
