|j|☆MiraidonGaming
|j|☆maractus' no1 fan
|t:|1760871051
|gametype|singles
|player|p1|MiraidonGaming|lucas|1309
|player|p2|maractus' no1 fan|2|1388
|gen|9
|tier|[Gen 9] OU
|rated|
|rule|HP Percentage Mod: HP is shown in percentages
|rule|Endless Battle Clause: Forcing endless battles is banned
|rule|Species Clause: Limit one of each Pokémon
|rule|OHKO Clause: OHKO moves are banned
|rule|Evasion Items Clause: Evasion items are banned
|rule|Evasion Moves Clause: Evasion moves are banned
|rule|Evasion Abilities Clause: Evasion abilities are banned
|rule|Sleep Moves Clause: Sleep-inducing moves are banned
|clearpoke
|poke|p1|Leafeon, M|
|poke|p1|Ninetales, F|
|poke|p1|Volcanion|
|poke|p1|Arcanine-Hisui, M|
|poke|p1|Moltres|
|poke|p1|Great Tusk|
|poke|p2|Ogerpon, F|
|poke|p2|Rillaboom, F|
|poke|p2|Hawlucha, M|
|poke|p2|Hatterene, F|
|poke|p2|Ninetales-Alola, F|
|poke|p2|Great Tusk|
|teampreview
|
|t:|1760871064
|teamsize|p1|6
|teamsize|p2|6
|start
|switch|p1a: Solaris|Ninetales, F|100/100
|switch|p2a: Ninetales|Ninetales-Alola, F|100/100
|-weather|Snowscape|[from] ability: Snow Warning|[of] p2a: Ninetales
|-weather|SunnyDay|[from] ability: Drought|[of] p1a: Solaris
|turn|1
|
|t:|1760871068
|move|p2a: Ninetales|Snowscape|p2a: Ninetales
|-weather|Snowscape
|move|p1a: Solaris|Overheat|p2a: Ninetales
|-supereffective|p2a: Ninetales
|-damage|p2a: Ninetales|0 fnt
|-unboost|p1a: Solaris|spa|2
|faint|p2a: Ninetales
|
|-weather|Snowscape|[upkeep]
|upkeep
|
|t:|1760871075
|switch|p2a: Rillaboom|Rillaboom, F|100/100
|-fieldstart|move: Grassy Terrain|[from] ability: Grassy Surge|[of] p2a: Rillaboom
|turn|2
|
|t:|1760871079
|move|p1a: Solaris|Will-O-Wisp|p2a: Rillaboom
|-status|p2a: Rillaboom|brn
|move|p2a: Rillaboom|U-turn|p1a: Solaris
|-resisted|p1a: Solaris
|-damage|p1a: Solaris|91/100
|
|t:|1760871086
|switch|p2a: Hatterene|Hatterene, F|100/100|[from] U-turn
|-enditem|p2a: Hatterene|Grassy Seed
|-boost|p2a: Hatterene|def|1|[from] item: Grassy Seed
|
|-weather|Snowscape|[upkeep]
|-heal|p1a: Solaris|97/100|[from] Grassy Terrain
|upkeep
|turn|3
|
|t:|1760871103
|switch|p1a: Hydrus|Volcanion|100/100
|move|p2a: Hatterene|Agility|p2a: Hatterene
|-boost|p2a: Hatterene|spe|2
|
|-weather|Snowscape|[upkeep]
|upkeep
|turn|4
|
|t:|1760871112
|move|p2a: Hatterene|Calm Mind|p2a: Hatterene
|-boost|p2a: Hatterene|spa|1
|-boost|p2a: Hatterene|spd|1
|move|p1a: Hydrus|Steam Eruption|p2a: Hatterene
|-damage|p2a: Hatterene|38/100
|
|-weather|Snowscape|[upkeep]
|-heal|p2a: Hatterene|44/100|[from] Grassy Terrain
|upkeep
|turn|5
|
|t:|1760871119
|move|p2a: Hatterene|Stored Power|p1a: Hydrus
|-damage|p1a: Hydrus|22/100
|move|p1a: Hydrus|Steam Eruption|p2a: Hatterene
|-damage|p2a: Hatterene|0 fnt
|faint|p2a: Hatterene
|
|-weather|none
|-heal|p1a: Hydrus|28/100|[from] Grassy Terrain
|upkeep
|
|t:|1760871132
|switch|p2a: Great Tusk|Great Tusk|100/100
|-enditem|p2a: Great Tusk|Booster Energy
|-activate|p2a: Great Tusk|ability: Protosynthesis|[fromitem]
|-start|p2a: Great Tusk|protosynthesisspe
|turn|6
|
|t:|1760871135
|move|p2a: Great Tusk|Headlong Rush|p1a: Hydrus
|-supereffective|p1a: Hydrus
|-damage|p1a: Hydrus|0 fnt
|-unboost|p2a: Great Tusk|def|1
|-unboost|p2a: Great Tusk|spd|1
|faint|p1a: Hydrus
|
|upkeep
|
|t:|1760871138
|switch|p1a: Solaris|Ninetales, F|97/100
|-weather|SunnyDay|[from] ability: Drought|[of] p1a: Solaris
|turn|7
|
|t:|1760871146
|-end|p2a: Great Tusk|Protosynthesis|[silent]
|switch|p2a: Ogerpon|Ogerpon, F|100/100
|move|p1a: Solaris|Overheat|p2a: Ogerpon
|-supereffective|p2a: Ogerpon
|-damage|p2a: Ogerpon|0 fnt
|-unboost|p1a: Solaris|spa|2
|faint|p2a: Ogerpon
|
|-weather|SunnyDay|[upkeep]
|-heal|p1a: Solaris|100/100|[from] Grassy Terrain
|upkeep
|
|t:|1760871152
|switch|p2a: Hawlucha|Hawlucha, M|100/100
|-enditem|p2a: Hawlucha|Grassy Seed
|-boost|p2a: Hawlucha|def|1|[from] item: Grassy Seed
|turn|8
|
|t:|1760871155
|move|p2a: Hawlucha|Encore|p1a: Solaris
|-start|p1a: Solaris|Encore
|move|p1a: Solaris|Overheat|p2a: Hawlucha
|-damage|p2a: Hawlucha|50/100
|-unboost|p1a: Solaris|spa|2
|
|-weather|SunnyDay|[upkeep]
|upkeep
|turn|9
|
|t:|1760871169
|switch|p1a: Great Tusk|Great Tusk|100/100
|-activate|p1a: Great Tusk|ability: Protosynthesis
|-start|p1a: Great Tusk|protosynthesisdef
|move|p2a: Hawlucha|Swords Dance|p2a: Hawlucha
|-boost|p2a: Hawlucha|atk|2
|
|-weather|SunnyDay|[upkeep]
|-fieldend|move: Grassy Terrain
|upkeep
|turn|10
|
|t:|1760871175
|move|p2a: Hawlucha|Acrobatics|p1a: Great Tusk
|-supereffective|p1a: Great Tusk
|-damage|p1a: Great Tusk|34/100
|move|p1a: Great Tusk|Stealth Rock|p2a: Hawlucha
|-sidestart|p2: maractus' no1 fan|move: Stealth Rock
|
|-weather|SunnyDay|[upkeep]
|-heal|p1a: Great Tusk|40/100|[from] item: Leftovers
|upkeep
|turn|11
|
|t:|1760871181
|move|p2a: Hawlucha|Acrobatics|p1a: Great Tusk
|-supereffective|p1a: Great Tusk
|-damage|p1a: Great Tusk|0 fnt
|faint|p1a: Great Tusk
|-end|p1a: Great Tusk|Protosynthesis|[silent]
|
|-weather|SunnyDay|[upkeep]
|upkeep
|
|t:|1760871189
|switch|p1a: Volcanis|Arcanine-Hisui, M|100/100
|turn|12
|
|t:|1760871194
|move|p1a: Volcanis|Extreme Speed|p2a: Hawlucha
|-damage|p2a: Hawlucha|28/100
|move|p2a: Hawlucha|Close Combat|p1a: Volcanis
|-supereffective|p1a: Volcanis
|-damage|p1a: Volcanis|0 fnt
|-unboost|p2a: Hawlucha|def|1
|-unboost|p2a: Hawlucha|spd|1
|faint|p1a: Volcanis
|
|-weather|SunnyDay|[upkeep]
|upkeep
|
|t:|1760871203
|switch|p1a: Icarus|Moltres|100/100
|turn|13
|
|t:|1760871208
|move|p2a: Hawlucha|Acrobatics|p1a: Icarus
|-damage|p1a: Icarus|0 fnt
|faint|p1a: Icarus
|
|-weather|SunnyDay|[upkeep]
|upkeep
|
|t:|1760871213
|switch|p1a: Solaris|Ninetales, F|100/100
|turn|14
|
|t:|1760871218
|move|p2a: Hawlucha|Acrobatics|p1a: Solaris
|-damage|p1a: Solaris|0 fnt
|faint|p1a: Solaris
|
|-weather|none
|upkeep
|
|t:|1760871220
|switch|p1a: Grames|Leafeon, M|100/100
|turn|15
|
|t:|1760871224
|-terastallize|p1a: Grames|Normal
|move|p2a: Hawlucha|Acrobatics|p1a: Grames
|-damage|p1a: Grames|0 fnt
|faint|p1a: Grames
|
|win|maractus' no1 fan
|raw|MiraidonGaming's rating: 1309 &rarr; <strong>1293</strong><br />(-16 for losing)
|raw|maractus&apos; no1 fan's rating: 1388 &rarr; <strong>1404</strong><br />(+16 for winning)
|l|☆MiraidonGaming
|player|p1|
|l|☆maractus' no1 fan
|player|p2|
