|j|☆Aggrhy
|j|☆sp240sx
|t:|1760747716
|gametype|singles
|player|p1|Aggrhy|red-masters|1386
|player|p2|sp240sx|blackbelt-gen4dp|1322
|gen|9
|tier|[Gen 9] OU
|rated|
|rule|HP Percentage Mod: HP is shown in percentages
|rule|Endless Battle Clause: Forcing endless battles is banned
|rule|Species Clause: Limit one of each Pokémon
|rule|OHKO Clause: OHKO moves are banned
|rule|Evasion Items Clause: Evasion items are banned
|rule|Evasion Moves Clause: Evasion moves are banned
|rule|Evasion Abilities Clause: Evasion abilities are banned
|rule|Sleep Moves Clause: Sleep-inducing moves are banned
|clearpoke
|poke|p1|Pikachu, M|
|poke|p1|Charizard, M|
|poke|p1|Venusaur, F|
|poke|p1|Blastoise, M|
|poke|p1|Snorlax, F|
|poke|p1|Lapras, F|
|poke|p2|Glimmora, M|
|poke|p2|Ceruledge, F|
|poke|p2|Gliscor, M|
|poke|p2|Zamazenta-*|
|poke|p2|Kingambit, F|
|poke|p2|Corviknight, F|
|teampreview
|inactive|Battle timer is ON: inactive players will automatically lose when time's up. (requested by Aggrhy)
|
|t:|1760747733
|teamsize|p1|6
|teamsize|p2|6
|start
|switch|p1a: Blastoise|Blastoise, M|100/100
|switch|p2a: Zamazenta|Zamazenta|100/100
|-ability|p2a: Zamazenta|Dauntless Shield|boost
|-boost|p2a: Zamazenta|def|1
|turn|1
|
|t:|1760747757
|switch|p1a: Venusaur|Venusaur, F|100/100
|move|p2a: Zamazenta|Close Combat|p1a: Venusaur
|-resisted|p1a: Venusaur
|-damage|p1a: Venusaur|64/100
|-unboost|p2a: Zamazenta|def|1
|-unboost|p2a: Zamazenta|spd|1
|
|upkeep
|turn|2
|
|t:|1760747776
|switch|p2a: Corviknight|Corviknight, F|100/100
|-ability|p2a: Corviknight|Pressure
|move|p1a: Venusaur|Sunny Day|p1a: Venusaur
|-weather|SunnyDay
|
|-weather|SunnyDay|[upkeep]
|upkeep
|turn|3
|
|t:|1760747789
|move|p1a: Venusaur|Weather Ball|p2a: Corviknight
|-supereffective|p2a: Corviknight
|-damage|p2a: Corviknight|31/100
|move|p2a: Corviknight|Brave Bird|p1a: Venusaur
|-supereffective|p1a: Venusaur
|-damage|p1a: Venusaur|0 fnt
|faint|p1a: Venusaur
|-damage|p2a: Corviknight|14/100|[from] Recoil
|
|-weather|SunnyDay|[upkeep]
|upkeep
|
|t:|1760747800
|switch|p1a: Pikachu|Pikachu, M|100/100
|turn|4
|
|t:|1760747808
|switch|p2a: Gliscor|Gliscor, M|100/100
|move|p1a: Pikachu|Knock Off|p2a: Gliscor
|-damage|p2a: Gliscor|64/100
|-enditem|p2a: Gliscor|Toxic Orb|[from] move: Knock Off|[of] p1a: Pikachu
|
|-weather|SunnyDay|[upkeep]
|upkeep
|turn|5
|
|t:|1760747826
|switch|p1a: Charizard|Charizard, M|100/100
|move|p2a: Gliscor|Toxic Spikes|p1a: Charizard
|-sidestart|p1: Aggrhy|move: Toxic Spikes
|
|-weather|SunnyDay|[upkeep]
|-damage|p1a: Charizard|88/100|[from] ability: Solar Power|[of] p1a: Charizard
|upkeep
|turn|6
|
|t:|1760747837
|move|p1a: Charizard|Weather Ball|p2a: Gliscor
|-damage|p2a: Gliscor|0 fnt
|faint|p2a: Gliscor
|
|-weather|SunnyDay|[upkeep]
|-damage|p1a: Charizard|76/100|[from] ability: Solar Power|[of] p1a: Charizard
|upkeep
|
|t:|1760747848
|switch|p2a: Glimmora|Glimmora, M|100/100
|turn|7
|
|t:|1760747852
|move|p1a: Charizard|Weather Ball|p2a: Glimmora
|-resisted|p2a: Glimmora
|-damage|p2a: Glimmora|22/100
|move|p2a: Glimmora|Meteor Beam||[still]
|-prepare|p2a: Glimmora|Meteor Beam
|-boost|p2a: Glimmora|spa|1
|-enditem|p2a: Glimmora|Power Herb
|-anim|p2a: Glimmora|Meteor Beam|p1a: Charizard
|-supereffective|p1a: Charizard
|-damage|p1a: Charizard|0 fnt
|faint|p1a: Charizard
|
|-weather|SunnyDay|[upkeep]
|upkeep
|
|t:|1760747865
|switch|p1a: Blastoise|Blastoise, M|100/100
|-status|p1a: Blastoise|psn
|turn|8
|
|t:|1760747876
|switch|p2a: Zamazenta|Zamazenta|100/100
|move|p1a: Blastoise|Rapid Spin|p2a: Zamazenta
|-damage|p2a: Zamazenta|93/100
|-boost|p1a: Blastoise|spe|1
|-sideend|p1: Aggrhy|Toxic Spikes|[from] move: Rapid Spin|[of] p1a: Blastoise
|
|-weather|SunnyDay|[upkeep]
|-damage|p1a: Blastoise|88/100 psn|[from] psn
|upkeep
|turn|9
|inactive|sp240sx has 120 seconds left.
|
|t:|1760747909
|move|p2a: Zamazenta|Close Combat|p1a: Blastoise
|-damage|p1a: Blastoise|29/100 psn
|-unboost|p2a: Zamazenta|def|1
|-unboost|p2a: Zamazenta|spd|1
|move|p1a: Blastoise|Ice Beam|p2a: Zamazenta
|-damage|p2a: Zamazenta|74/100
|
|-weather|none
|-damage|p1a: Blastoise|16/100 psn|[from] psn
|upkeep
|turn|10
|inactive|sp240sx has 120 seconds left.
|
|t:|1760747920
|move|p2a: Zamazenta|Body Press|p1a: Blastoise
|-damage|p1a: Blastoise|0 fnt
|faint|p1a: Blastoise
|
|upkeep
|
|t:|1760747929
|switch|p1a: Pikachu|Pikachu, M|100/100
|turn|11
|
|t:|1760747936
|move|p2a: Zamazenta|Close Combat|p1a: Pikachu
|-damage|p1a: Pikachu|0 fnt
|-unboost|p2a: Zamazenta|def|1
|-unboost|p2a: Zamazenta|spd|1
|faint|p1a: Pikachu
|
|upkeep
|
|t:|1760747947
|switch|p1a: Snorlax|Snorlax, F|100/100
|turn|12
|
|t:|1760747953
|-terastallize|p1a: Snorlax|Fairy
|move|p2a: Zamazenta|Close Combat|p1a: Snorlax
|-resisted|p1a: Snorlax
|-damage|p1a: Snorlax|77/100
|-unboost|p2a: Zamazenta|def|1
|-unboost|p2a: Zamazenta|spd|1
|move|p1a: Snorlax|Curse|p1a: Snorlax
|-unboost|p1a: Snorlax|spe|1
|-boost|p1a: Snorlax|atk|1
|-boost|p1a: Snorlax|def|1
|
|-heal|p1a: Snorlax|83/100|[from] item: Leftovers
|upkeep
|turn|13
|
|t:|1760747974
|switch|p2a: Ceruledge|Ceruledge, F|100/100
|move|p1a: Snorlax|Curse|p1a: Snorlax
|-unboost|p1a: Snorlax|spe|1
|-boost|p1a: Snorlax|atk|1
|-boost|p1a: Snorlax|def|1
|
|-heal|p1a: Snorlax|89/100|[from] item: Leftovers
|upkeep
|turn|14
|
|t:|1760747984
|move|p2a: Ceruledge|Clear Smog|p1a: Snorlax
|-supereffective|p1a: Snorlax
|-damage|p1a: Snorlax|78/100
|-clearboost|p1a: Snorlax
|-damage|p2a: Ceruledge|91/100|[from] item: Life Orb
|move|p1a: Snorlax|Heat Crash|p2a: Ceruledge
|-start|p2a: Ceruledge|ability: Flash Fire
|
|-heal|p1a: Snorlax|84/100|[from] item: Leftovers
|upkeep
|turn|15
|
|t:|1760747999
|move|p2a: Ceruledge|Bitter Blade|p1a: Snorlax
|-crit|p1a: Snorlax
|-damage|p1a: Snorlax|41/100
|-heal|p2a: Ceruledge|100/100|[from] drain|[of] p1a: Snorlax
|-damage|p2a: Ceruledge|91/100|[from] item: Life Orb
|move|p1a: Snorlax|Curse|p1a: Snorlax
|-unboost|p1a: Snorlax|spe|1
|-boost|p1a: Snorlax|atk|1
|-boost|p1a: Snorlax|def|1
|
|-heal|p1a: Snorlax|47/100|[from] item: Leftovers
|upkeep
|turn|16
|
|t:|1760748023
|move|p2a: Ceruledge|Bitter Blade|p1a: Snorlax
|-damage|p1a: Snorlax|27/100
|-heal|p2a: Ceruledge|100/100|[from] drain|[of] p1a: Snorlax
|-damage|p2a: Ceruledge|91/100|[from] item: Life Orb
|move|p1a: Snorlax|Rest|p1a: Snorlax
|-status|p1a: Snorlax|slp|[from] move: Rest
|-heal|p1a: Snorlax|100/100 slp|[silent]
|
|upkeep
|turn|17
|
|t:|1760748039
|move|p2a: Ceruledge|Clear Smog|p1a: Snorlax
|-supereffective|p1a: Snorlax
|-damage|p1a: Snorlax|89/100 slp
|-clearboost|p1a: Snorlax
|-damage|p2a: Ceruledge|81/100|[from] item: Life Orb
|cant|p1a: Snorlax|slp
|
|-heal|p1a: Snorlax|95/100 slp|[from] item: Leftovers
|upkeep
|turn|18
|inactive|sp240sx has 120 seconds left.
|
|t:|1760748054
|move|p2a: Ceruledge|Bulk Up|p2a: Ceruledge
|-boost|p2a: Ceruledge|atk|1
|-boost|p2a: Ceruledge|def|1
|cant|p1a: Snorlax|slp
|
|-heal|p1a: Snorlax|100/100 slp|[from] item: Leftovers
|upkeep
|turn|19
|inactive|sp240sx has 120 seconds left.
|
|t:|1760748065
|switch|p1a: Lapras|Lapras, F|100/100
|move|p2a: Ceruledge|Bulk Up|p2a: Ceruledge
|-boost|p2a: Ceruledge|atk|1
|-boost|p2a: Ceruledge|def|1
|
|upkeep
|turn|20
|
|t:|1760748073
|-terastallize|p2a: Ceruledge|Dark
|move|p2a: Ceruledge|Poltergeist|p1a: Lapras
|-activate|p1a: Lapras|move: Poltergeist|Loaded Dice
|-damage|p1a: Lapras|0 fnt
|faint|p1a: Lapras
|-damage|p2a: Ceruledge|71/100|[from] item: Life Orb
|
|upkeep
|-message|Aggrhy forfeited.
|
|win|sp240sx
|raw|Aggrhy's rating: 1386 &rarr; <strong>1362</strong><br />(-24 for losing)
|raw|sp240sx's rating: 1322 &rarr; <strong>1346</strong><br />(+24 for winning)
|l|☆Aggrhy
|player|p1|
|l|☆sp240sx
|player|p2|
