|j|☆coprolitus_4221
|j|‽Kadoooooow
|t:|1760745862
|gametype|singles
|player|p1|coprolitus_4221|bugcatcher-gen4dp|1281
|player|p2|Kadoooooow|miku-ghost|1261
|gen|9
|tier|[Gen 9] OU
|rated|
|rule|HP Percentage Mod: HP is shown in percentages
|rule|Endless Battle Clause: Forcing endless battles is banned
|rule|Species Clause: Limit one of each Pokémon
|rule|OHKO Clause: OHKO moves are banned
|rule|Evasion Items Clause: Evasion items are banned
|rule|Evasion Moves Clause: Evasion moves are banned
|rule|Evasion Abilities Clause: Evasion abilities are banned
|rule|Sleep Moves Clause: Sleep-inducing moves are banned
|clearpoke
|poke|p1|Tyranitar, F|
|poke|p1|Excadrill, F|
|poke|p1|Primarina, M|
|poke|p1|Scizor, F|
|poke|p1|Raging Bolt|
|poke|p1|Enamorus, F|
|poke|p2|Raging Bolt|
|poke|p2|Kyurem|
|poke|p2|Enamorus, F|
|poke|p2|Rillaboom, M|
|poke|p2|Cinderace, F|
|poke|p2|Dragapult, F|
|teampreview
|
|t:|1760745870
|teamsize|p1|6
|teamsize|p2|6
|start
|switch|p1a: Scizor|Scizor, F|100/100
|switch|p2a: Rillaboom|Rillaboom, M|100/100
|-fieldstart|move: Grassy Terrain|[from] ability: Grassy Surge|[of] p2a: Rillaboom
|turn|1
|
|t:|1760745877
|move|p2a: Rillaboom|Wood Hammer|p1a: Scizor
|-resisted|p1a: Scizor
|-damage|p1a: Scizor|71/100
|-damage|p2a: Rillaboom|91/100|[from] Recoil
|move|p1a: Scizor|U-turn|p2a: Rillaboom
|-supereffective|p2a: Rillaboom
|-damage|p2a: Rillaboom|0 fnt
|faint|p2a: Rillaboom
|
|t:|1760745890
|switch|p1a: Tyranitar|Tyranitar, F|100/100|[from] U-turn
|-weather|Sandstorm|[from] ability: Sand Stream|[of] p1a: Tyranitar
|
|-weather|Sandstorm|[upkeep]
|upkeep
|
|t:|1760745897
|switch|p2a: Enamorus|Enamorus, F|100/100
|turn|2
|
|t:|1760745904
|-terastallize|p2a: Enamorus|Ground
|move|p2a: Enamorus|Earth Power|p1a: Tyranitar
|-supereffective|p1a: Tyranitar
|-damage|p1a: Tyranitar|35/100
|-unboost|p1a: Tyranitar|spd|1
|move|p1a: Tyranitar|Ice Beam|p2a: Enamorus
|-supereffective|p2a: Enamorus
|-damage|p2a: Enamorus|42/100
|
|-weather|Sandstorm|[upkeep]
|-heal|p2a: Enamorus|48/100|[from] Grassy Terrain
|-heal|p1a: Tyranitar|41/100|[from] Grassy Terrain
|upkeep
|turn|3
|
|t:|1760745920
|switch|p1a: Enamorus|Enamorus, F|100/100
|move|p2a: Enamorus|Earth Power|p1a: Enamorus
|-immune|p1a: Enamorus
|
|-weather|Sandstorm|[upkeep]
|-damage|p1a: Enamorus|94/100|[from] Sandstorm
|-heal|p2a: Enamorus|54/100|[from] Grassy Terrain
|upkeep
|turn|4
|
|t:|1760745936
|switch|p2a: Cinderace|Cinderace, F|100/100
|move|p1a: Enamorus|Moonblast|p2a: Cinderace
|-resisted|p2a: Cinderace
|-damage|p2a: Cinderace|64/100
|
|-weather|Sandstorm|[upkeep]
|-damage|p1a: Enamorus|88/100|[from] Sandstorm
|-damage|p2a: Cinderace|58/100|[from] Sandstorm
|-heal|p2a: Cinderace|64/100|[from] Grassy Terrain
|upkeep
|turn|5
|
|t:|1760745959
|switch|p1a: Primarina|Primarina, M|100/100
|move|p2a: Cinderace|U-turn|p1a: Primarina
|-start|p2a: Cinderace|typechange|Bug|[from] ability: Libero
|-resisted|p1a: Primarina
|-damage|p1a: Primarina|80/100
|
|t:|1760745966
|switch|p2a: Raging Bolt|Raging Bolt|100/100|[from] U-turn
|-enditem|p2a: Raging Bolt|Booster Energy
|-activate|p2a: Raging Bolt|ability: Protosynthesis|[fromitem]
|-start|p2a: Raging Bolt|protosynthesisspa
|
|-weather|Sandstorm|[upkeep]
|-damage|p2a: Raging Bolt|94/100|[from] Sandstorm
|-damage|p1a: Primarina|74/100|[from] Sandstorm
|-heal|p2a: Raging Bolt|100/100|[from] Grassy Terrain
|-heal|p1a: Primarina|80/100|[from] Grassy Terrain
|-heal|p1a: Primarina|86/100|[from] item: Leftovers
|-fieldend|move: Grassy Terrain
|upkeep
|turn|6
|
|t:|1760745991
|-terastallize|p1a: Primarina|Poison
|move|p2a: Raging Bolt|Dragon Pulse|p1a: Primarina
|-damage|p1a: Primarina|29/100
|move|p1a: Primarina|Calm Mind|p1a: Primarina
|-boost|p1a: Primarina|spa|1
|-boost|p1a: Primarina|spd|1
|
|-weather|Sandstorm|[upkeep]
|-damage|p2a: Raging Bolt|94/100|[from] Sandstorm
|-damage|p1a: Primarina|23/100|[from] Sandstorm
|-heal|p1a: Primarina|29/100|[from] item: Leftovers
|upkeep
|turn|7
|
|t:|1760746004
|move|p2a: Raging Bolt|Thunderbolt|p1a: Primarina
|-damage|p1a: Primarina|0 fnt
|faint|p1a: Primarina
|
|-weather|Sandstorm|[upkeep]
|-damage|p2a: Raging Bolt|88/100|[from] Sandstorm
|upkeep
|
|t:|1760746012
|switch|p1a: Scizor|Scizor, F|71/100
|turn|8
|
|t:|1760746019
|move|p2a: Raging Bolt|Thunderbolt|p1a: Scizor
|-damage|p1a: Scizor|0 fnt
|faint|p1a: Scizor
|
|-weather|none
|upkeep
|
|t:|1760746024
|switch|p1a: Tyranitar|Tyranitar, F|41/100
|-weather|Sandstorm|[from] ability: Sand Stream|[of] p1a: Tyranitar
|turn|9
|
|t:|1760746032
|move|p2a: Raging Bolt|Dragon Pulse|p1a: Tyranitar
|-damage|p1a: Tyranitar|15/100
|move|p1a: Tyranitar|Stealth Rock|p2a: Raging Bolt
|-sidestart|p2: Kadoooooow|move: Stealth Rock
|
|-weather|Sandstorm|[upkeep]
|-damage|p2a: Raging Bolt|82/100|[from] Sandstorm
|upkeep
|turn|10
|
|t:|1760746041
|move|p2a: Raging Bolt|Thunderbolt|p1a: Tyranitar
|-damage|p1a: Tyranitar|0 fnt
|faint|p1a: Tyranitar
|
|-weather|Sandstorm|[upkeep]
|-damage|p2a: Raging Bolt|76/100|[from] Sandstorm
|upkeep
|
|t:|1760746055
|switch|p1a: Enamorus|Enamorus, F|88/100
|turn|11
|
|t:|1760746060
|move|p2a: Raging Bolt|Thunderclap|p1a: Enamorus
|-supereffective|p1a: Enamorus
|-damage|p1a: Enamorus|0 fnt
|faint|p1a: Enamorus
|
|-weather|Sandstorm|[upkeep]
|-damage|p2a: Raging Bolt|70/100|[from] Sandstorm
|upkeep
|
|t:|1760746067
|switch|p1a: Excadrill|Excadrill, F|100/100
|turn|12
|
|t:|1760746076
|-end|p2a: Raging Bolt|Protosynthesis|[silent]
|switch|p2a: Dragapult|Dragapult, F|100/100
|-damage|p2a: Dragapult|88/100|[from] Stealth Rock
|move|p1a: Excadrill|Swords Dance|p1a: Excadrill
|-boost|p1a: Excadrill|atk|2
|
|-weather|Sandstorm|[upkeep]
|-damage|p2a: Dragapult|82/100|[from] Sandstorm
|upkeep
|turn|13
|
|t:|1760746089
|move|p1a: Excadrill|Iron Head|p2a: Dragapult
|-damage|p2a: Dragapult|0 fnt
|faint|p2a: Dragapult
|
|-weather|Sandstorm|[upkeep]
|upkeep
|
|t:|1760746107
|switch|p2a: Raging Bolt|Raging Bolt|70/100
|-damage|p2a: Raging Bolt|58/100|[from] Stealth Rock
|turn|14
|
|t:|1760746113
|move|p1a: Excadrill|Earthquake|p2a: Raging Bolt
|-supereffective|p2a: Raging Bolt
|-damage|p2a: Raging Bolt|0 fnt
|faint|p2a: Raging Bolt
|-end|p2a: Raging Bolt|Protosynthesis|[silent]
|
|-weather|Sandstorm|[upkeep]
|upkeep
|
|t:|1760746129
|switch|p2a: Cinderace|Cinderace, F|64/100
|turn|15
|
|t:|1760746133
|move|p2a: Cinderace|Sucker Punch|p1a: Excadrill
|-start|p2a: Cinderace|typechange|Dark|[from] ability: Libero
|-damage|p1a: Excadrill|56/100
|move|p1a: Excadrill|Earthquake|p2a: Cinderace
|-damage|p2a: Cinderace|0 fnt
|faint|p2a: Cinderace
|
|-weather|Sandstorm|[upkeep]
|upkeep
|
|t:|1760746139
|switch|p2a: Kyurem|Kyurem|100/100
|-damage|p2a: Kyurem|76/100|[from] Stealth Rock
|-ability|p2a: Kyurem|Pressure
|turn|16
|
|t:|1760746150
|move|p1a: Excadrill|Iron Head|p2a: Kyurem
|-supereffective|p2a: Kyurem
|-damage|p2a: Kyurem|0 fnt
|faint|p2a: Kyurem
|
|-weather|none
|upkeep
|
|t:|1760746153
|switch|p2a: Enamorus|Enamorus, F, tera:Ground|54/100
|-damage|p2a: Enamorus|48/100|[from] Stealth Rock
|turn|17
|
|t:|1760746161
|move|p2a: Enamorus|Earth Power|p1a: Excadrill
|-supereffective|p1a: Excadrill
|-damage|p1a: Excadrill|0 fnt
|faint|p1a: Excadrill
|
|upkeep
|
|t:|1760746166
|switch|p1a: Raging Bolt|Raging Bolt|100/100
|turn|18
|
|t:|1760746173
|move|p2a: Enamorus|Earth Power|p1a: Raging Bolt
|-supereffective|p1a: Raging Bolt
|-damage|p1a: Raging Bolt|12/100
|move|p1a: Raging Bolt|Draco Meteor|p2a: Enamorus
|-damage|p2a: Enamorus|0 fnt
|-unboost|p1a: Raging Bolt|spa|2
|faint|p2a: Enamorus
|
|win|coprolitus_4221
|raw|coprolitus_4221's rating: 1281 &rarr; <strong>1305</strong><br />(+24 for winning)
|raw|Kadoooooow's rating: 1261 &rarr; <strong>1237</strong><br />(-24 for losing)
|l|‽Kadoooooow
|player|p2|
|c|☆coprolitus_4221|gg!
