|j|☆CyborgParrot127
|j|☆art of unmoning
|t:|1760881884
|gametype|singles
|player|p1|CyborgParrot127|266|1630
|player|p2|art of unmoning|waiter-gen4dp|1767
|gen|9
|tier|[Gen 9] OU
|rated|
|rule|HP Percentage Mod: HP is shown in percentages
|rule|Endless Battle Clause: Forcing endless battles is banned
|rule|Species Clause: Limit one of each Pokémon
|rule|OHKO Clause: OHKO moves are banned
|rule|Evasion Items Clause: Evasion items are banned
|rule|Evasion Moves Clause: Evasion moves are banned
|rule|Evasion Abilities Clause: Evasion abilities are banned
|rule|Sleep Moves Clause: Sleep-inducing moves are banned
|clearpoke
|poke|p1|Tyranitar, M|
|poke|p1|Excadrill, F|
|poke|p1|Hydrapple, F|
|poke|p1|Tornadus-Therian, M|
|poke|p1|Iron Valiant|
|poke|p1|Arcanine-Hisui, F|
|poke|p2|Slowking, M|
|poke|p2|Tyranitar, F|
|poke|p2|Excadrill, F|
|poke|p2|Zamazenta-*|
|poke|p2|Corviknight, F|
|poke|p2|Weezing-Galar, M|
|teampreview
|inactive|Battle timer is ON: inactive players will automatically lose when time's up. (requested by art of unmoning)
|c|☆art of unmoning|Hello again
|c|☆art of unmoning|Hf
|c|☆CyborgParrot127|hi
|
|t:|1760881913
|teamsize|p1|6
|teamsize|p2|6
|start
|switch|p1a: Tornadus|Tornadus-Therian, M|100/100
|switch|p2a: Zamazenta|Zamazenta|100/100
|-ability|p2a: Zamazenta|Dauntless Shield|boost
|-boost|p2a: Zamazenta|def|1
|turn|1
|
|t:|1760881917
|switch|p1a: Hydrapple|Hydrapple, F|100/100
|move|p2a: Zamazenta|Stone Edge|p1a: Hydrapple
|-damage|p1a: Hydrapple|72/100
|
|upkeep
|turn|2
|
|t:|1760881924
|switch|p2a: Corviknight|Corviknight, F|100/100
|-ability|p2a: Corviknight|Pressure
|move|p1a: Hydrapple|Giga Drain|p2a: Corviknight
|-resisted|p2a: Corviknight
|-damage|p2a: Corviknight|92/100
|-heal|p1a: Hydrapple|75/100|[from] drain|[of] p2a: Corviknight
|
|-heal|p2a: Corviknight|98/100|[from] item: Leftovers
|upkeep
|turn|3
|
|t:|1760881931
|switch|p1a: Tornadus|Tornadus-Therian, M|100/100
|move|p2a: Corviknight|Brave Bird|p1a: Tornadus
|-damage|p1a: Tornadus|62/100
|-damage|p2a: Corviknight|86/100|[from] Recoil
|
|-heal|p2a: Corviknight|92/100|[from] item: Leftovers
|upkeep
|turn|4
|
|t:|1760881938
|switch|p2a: Tyranitar|Tyranitar, F|100/100
|-weather|Sandstorm|[from] ability: Sand Stream|[of] p2a: Tyranitar
|move|p1a: Tornadus|Heat Wave|p2a: Tyranitar
|-resisted|p2a: Tyranitar
|-damage|p2a: Tyranitar|95/100
|
|-weather|Sandstorm|[upkeep]
|-damage|p1a: Tornadus|56/100|[from] Sandstorm
|-heal|p2a: Tyranitar|100/100|[from] item: Leftovers
|upkeep
|turn|5
|
|t:|1760881946
|move|p1a: Tornadus|U-turn|p2a: Tyranitar
|-supereffective|p2a: Tyranitar
|-damage|p2a: Tyranitar|79/100
|
|t:|1760881963
|switch|p1a: Hydrapple|Hydrapple, F|100/100|[from] U-turn
|move|p2a: Tyranitar|Knock Off|p1a: Hydrapple
|-damage|p1a: Hydrapple|77/100
|-enditem|p1a: Hydrapple|Heavy-Duty Boots|[from] move: Knock Off|[of] p2a: Tyranitar
|
|-weather|Sandstorm|[upkeep]
|-damage|p1a: Hydrapple|71/100|[from] Sandstorm
|-heal|p2a: Tyranitar|85/100|[from] item: Leftovers
|upkeep
|turn|6
|
|t:|1760881982
|switch|p1a: Arcanine|Arcanine-Hisui, F|100/100
|move|p2a: Tyranitar|Ice Beam|p1a: Arcanine
|-resisted|p1a: Arcanine
|-damage|p1a: Arcanine|93/100
|
|-weather|Sandstorm|[upkeep]
|-heal|p2a: Tyranitar|91/100|[from] item: Leftovers
|upkeep
|turn|7
|
|t:|1760881993
|switch|p2a: Excadrill|Excadrill, F|100/100
|move|p1a: Arcanine|Head Smash|p2a: Excadrill
|-resisted|p2a: Excadrill
|-damage|p2a: Excadrill|62/100
|
|-weather|Sandstorm|[upkeep]
|-heal|p2a: Excadrill|69/100|[from] item: Leftovers
|upkeep
|turn|8
|
|t:|1760882010
|switch|p2a: Tyranitar|Tyranitar, F|91/100
|switch|p1a: Hydrapple|Hydrapple, F|100/100
|
|-weather|none
|-heal|p2a: Tyranitar|97/100|[from] item: Leftovers
|upkeep
|turn|9
|
|t:|1760882016
|move|p2a: Tyranitar|Ice Beam|p1a: Hydrapple
|-supereffective|p1a: Hydrapple
|-damage|p1a: Hydrapple|27/100
|move|p1a: Hydrapple|Giga Drain|p2a: Tyranitar
|-supereffective|p2a: Tyranitar
|-damage|p2a: Tyranitar|59/100
|-heal|p1a: Hydrapple|46/100|[from] drain|[of] p2a: Tyranitar
|
|-heal|p2a: Tyranitar|65/100|[from] item: Leftovers
|upkeep
|turn|10
|
|t:|1760882024
|switch|p1a: Tyranitar|Tyranitar, M|100/100
|-weather|Sandstorm|[from] ability: Sand Stream|[of] p1a: Tyranitar
|move|p2a: Tyranitar|Knock Off|p1a: Tyranitar
|-resisted|p1a: Tyranitar
|-damage|p1a: Tyranitar|83/100
|-enditem|p1a: Tyranitar|Leftovers|[from] move: Knock Off|[of] p2a: Tyranitar
|
|-weather|Sandstorm|[upkeep]
|-heal|p2a: Tyranitar|71/100|[from] item: Leftovers
|upkeep
|turn|11
|
|t:|1760882030
|switch|p2a: Corviknight|Corviknight, F|92/100
|-ability|p2a: Corviknight|Pressure
|move|p1a: Tyranitar|Stealth Rock|p2a: Corviknight
|-sidestart|p2: art of unmoning|move: Stealth Rock
|
|-weather|Sandstorm|[upkeep]
|-heal|p2a: Corviknight|98/100|[from] item: Leftovers
|upkeep
|turn|12
|
|t:|1760882040
|switch|p2a: Tyranitar|Tyranitar, F|71/100
|-damage|p2a: Tyranitar|59/100|[from] Stealth Rock
|move|p1a: Tyranitar|Roar|p2a: Tyranitar
|drag|p2a: Zamazenta|Zamazenta|100/100
|-damage|p2a: Zamazenta|94/100|[from] Stealth Rock
|
|-weather|Sandstorm|[upkeep]
|-damage|p2a: Zamazenta|88/100|[from] Sandstorm
|upkeep
|turn|13
|
|t:|1760882045
|switch|p1a: Tornadus|Tornadus-Therian, M|89/100
|move|p2a: Zamazenta|Close Combat|p1a: Tornadus
|-resisted|p1a: Tornadus
|-damage|p1a: Tornadus|42/100
|-unboost|p2a: Zamazenta|def|1
|-unboost|p2a: Zamazenta|spd|1
|
|-weather|Sandstorm|[upkeep]
|-damage|p2a: Zamazenta|82/100|[from] Sandstorm
|-damage|p1a: Tornadus|36/100|[from] Sandstorm
|upkeep
|turn|14
|
|t:|1760882052
|switch|p1a: Hydrapple|Hydrapple, F|79/100
|move|p2a: Zamazenta|Close Combat|p1a: Hydrapple
|-damage|p1a: Hydrapple|34/100
|-unboost|p2a: Zamazenta|def|1
|-unboost|p2a: Zamazenta|spd|1
|
|-weather|none
|upkeep
|turn|15
|
|t:|1760882055
|-terastallize|p1a: Hydrapple|Poison
|move|p2a: Zamazenta|Close Combat|p1a: Hydrapple
|-resisted|p1a: Hydrapple
|-damage|p1a: Hydrapple|7/100
|-unboost|p2a: Zamazenta|def|1
|-unboost|p2a: Zamazenta|spd|1
|move|p1a: Hydrapple|Giga Drain|p2a: Zamazenta
|-damage|p2a: Zamazenta|5/100
|-heal|p1a: Hydrapple|38/100|[from] drain|[of] p2a: Zamazenta
|
|upkeep
|turn|16
|
|t:|1760882064
|switch|p2a: Slowking|Slowking, M|100/100
|-damage|p2a: Slowking|88/100|[from] Stealth Rock
|move|p1a: Hydrapple|Earth Power|p2a: Slowking
|-damage|p2a: Slowking|77/100
|
|upkeep
|turn|17
|
|t:|1760882071
|switch|p1a: Tornadus|Tornadus-Therian, M|70/100
|move|p2a: Slowking|Psychic Noise|p1a: Tornadus
|-damage|p1a: Tornadus|48/100
|-start|p1a: Tornadus|move: Heal Block
|
|upkeep
|turn|18
|
|t:|1760882078
|switch|p2a: Tyranitar|Tyranitar, F|59/100
|-damage|p2a: Tyranitar|46/100|[from] Stealth Rock
|-weather|Sandstorm|[from] ability: Sand Stream|[of] p2a: Tyranitar
|move|p1a: Tornadus|Bleakwind Storm|p2a: Tyranitar
|-resisted|p2a: Tyranitar
|-damage|p2a: Tyranitar|38/100
|
|-weather|Sandstorm|[upkeep]
|-damage|p1a: Tornadus|42/100|[from] Sandstorm
|-heal|p2a: Tyranitar|44/100|[from] item: Leftovers
|-end|p1a: Tornadus|move: Heal Block
|upkeep
|turn|19
|
|t:|1760882085
|move|p1a: Tornadus|U-turn|p2a: Tyranitar
|-supereffective|p2a: Tyranitar
|-damage|p2a: Tyranitar|21/100
|
|t:|1760882089
|switch|p1a: Hydrapple|Hydrapple, F, tera:Poison|71/100|[from] U-turn
|move|p2a: Tyranitar|Stealth Rock|p1a: Hydrapple
|-sidestart|p1: CyborgParrot127|move: Stealth Rock
|
|-weather|Sandstorm|[upkeep]
|-damage|p1a: Hydrapple|65/100|[from] Sandstorm
|-heal|p2a: Tyranitar|27/100|[from] item: Leftovers
|upkeep
|turn|20
|
|t:|1760882094
|switch|p2a: Excadrill|Excadrill, F|69/100
|-damage|p2a: Excadrill|66/100|[from] Stealth Rock
|move|p1a: Hydrapple|Nasty Plot|p1a: Hydrapple
|-boost|p1a: Hydrapple|spa|2
|
|-weather|Sandstorm|[upkeep]
|-damage|p1a: Hydrapple|59/100|[from] Sandstorm
|-heal|p2a: Excadrill|72/100|[from] item: Leftovers
|upkeep
|turn|21
|
|t:|1760882100
|switch|p1a: Excadrill|Excadrill, F|100/100
|-damage|p1a: Excadrill|97/100|[from] Stealth Rock
|-item|p1a: Excadrill|Air Balloon
|move|p2a: Excadrill|Earthquake|p1a: Excadrill
|-immune|p1a: Excadrill
|
|-weather|Sandstorm|[upkeep]
|-heal|p2a: Excadrill|78/100|[from] item: Leftovers
|upkeep
|turn|22
|
|t:|1760882107
|switch|p2a: Corviknight|Corviknight, F|98/100
|-damage|p2a: Corviknight|86/100|[from] Stealth Rock
|-ability|p2a: Corviknight|Pressure
|move|p1a: Excadrill|Earthquake|p2a: Corviknight
|-immune|p2a: Corviknight
|
|-weather|none
|-heal|p2a: Corviknight|92/100|[from] item: Leftovers
|upkeep
|turn|23
|
|t:|1760882123
|switch|p1a: Tornadus|Tornadus-Therian, M|75/100
|-damage|p1a: Tornadus|50/100|[from] Stealth Rock
|move|p2a: Corviknight|Brave Bird|p1a: Tornadus
|-damage|p1a: Tornadus|4/100
|-damage|p2a: Corviknight|78/100|[from] Recoil
|
|-heal|p2a: Corviknight|84/100|[from] item: Leftovers
|upkeep
|turn|24
|
|t:|1760882127
|move|p1a: Tornadus|U-turn|p2a: Corviknight
|-resisted|p2a: Corviknight
|-damage|p2a: Corviknight|82/100
|
|t:|1760882131
|switch|p1a: Hydrapple|Hydrapple, F, tera:Poison|92/100|[from] U-turn
|-damage|p1a: Hydrapple|80/100|[from] Stealth Rock
|move|p2a: Corviknight|Brave Bird|p1a: Hydrapple
|-damage|p1a: Hydrapple|58/100
|-damage|p2a: Corviknight|74/100|[from] Recoil
|
|-heal|p2a: Corviknight|80/100|[from] item: Leftovers
|upkeep
|turn|25
|
|t:|1760882138
|switch|p1a: Tyranitar|Tyranitar, M|83/100
|-damage|p1a: Tyranitar|70/100|[from] Stealth Rock
|-weather|Sandstorm|[from] ability: Sand Stream|[of] p1a: Tyranitar
|move|p2a: Corviknight|Brave Bird|p1a: Tyranitar
|-resisted|p1a: Tyranitar
|-damage|p1a: Tyranitar|57/100
|-damage|p2a: Corviknight|75/100|[from] Recoil
|
|-weather|Sandstorm|[upkeep]
|-heal|p2a: Corviknight|81/100|[from] item: Leftovers
|upkeep
|turn|26
|
|t:|1760882142
|move|p2a: Corviknight|Body Press|p1a: Tyranitar
|-supereffective|p1a: Tyranitar
|-damage|p1a: Tyranitar|0 fnt
|faint|p1a: Tyranitar
|
|-weather|Sandstorm|[upkeep]
|-heal|p2a: Corviknight|87/100|[from] item: Leftovers
|upkeep
|
|t:|1760882145
|switch|p1a: Arcanine|Arcanine-Hisui, F|93/100
|-damage|p1a: Arcanine|68/100|[from] Stealth Rock
|turn|27
|
|t:|1760882154
|switch|p2a: Slowking|Slowking, M|100/100
|-damage|p2a: Slowking|88/100|[from] Stealth Rock
|move|p1a: Arcanine|Flare Blitz|p2a: Slowking
|-resisted|p2a: Slowking
|-damage|p2a: Slowking|51/100
|
|-weather|Sandstorm|[upkeep]
|-damage|p2a: Slowking|45/100|[from] Sandstorm
|upkeep
|turn|28
|
|t:|1760882159
|switch|p1a: Excadrill|Excadrill, F|97/100
|-damage|p1a: Excadrill|94/100|[from] Stealth Rock
|-item|p1a: Excadrill|Air Balloon
|move|p2a: Slowking|Scald|p1a: Excadrill
|-supereffective|p1a: Excadrill
|-damage|p1a: Excadrill|9/100
|-enditem|p1a: Excadrill|Air Balloon
|
|-weather|Sandstorm|[upkeep]
|-damage|p2a: Slowking|38/100|[from] Sandstorm
|upkeep
|turn|29
|j| Dionysos
|
|t:|1760882166
|switch|p2a: Corviknight|Corviknight, F|87/100
|-damage|p2a: Corviknight|75/100|[from] Stealth Rock
|-ability|p2a: Corviknight|Pressure
|move|p1a: Excadrill|Swords Dance|p1a: Excadrill
|-boost|p1a: Excadrill|atk|2
|
|-weather|none
|-heal|p2a: Corviknight|81/100|[from] item: Leftovers
|upkeep
|turn|30
|
|t:|1760882170
|move|p1a: Excadrill|Rock Slide|p2a: Corviknight
|-damage|p2a: Corviknight|44/100
|move|p2a: Corviknight|Brave Bird|p1a: Excadrill
|-resisted|p1a: Excadrill
|-damage|p1a: Excadrill|0 fnt
|faint|p1a: Excadrill
|-damage|p2a: Corviknight|42/100|[from] Recoil
|
|-heal|p2a: Corviknight|48/100|[from] item: Leftovers
|upkeep
|l| Dionysos
|
|t:|1760882186
|switch|p1a: Arcanine|Arcanine-Hisui, F|68/100
|-damage|p1a: Arcanine|43/100|[from] Stealth Rock
|turn|31
|j| Ctannn
|
|t:|1760882205
|move|p1a: Arcanine|Flare Blitz|p2a: Corviknight
|-supereffective|p2a: Corviknight
|-damage|p2a: Corviknight|0 fnt
|faint|p2a: Corviknight
|
|upkeep
|
|t:|1760882210
|switch|p2a: Slowking|Slowking, M|72/100
|-damage|p2a: Slowking|59/100|[from] Stealth Rock
|turn|32
|
|t:|1760882220
|move|p1a: Arcanine|Flare Blitz|p2a: Slowking
|-resisted|p2a: Slowking
|-damage|p2a: Slowking|21/100
|move|p2a: Slowking|Scald|p1a: Arcanine
|-supereffective|p1a: Arcanine
|-damage|p1a: Arcanine|0 fnt
|faint|p1a: Arcanine
|
|upkeep
|
|t:|1760882227
|switch|p1a: Tornadus|Tornadus-Therian, M|38/100
|-damage|p1a: Tornadus|13/100|[from] Stealth Rock
|turn|33
|
|t:|1760882236
|switch|p2a: Tyranitar|Tyranitar, F|27/100
|-damage|p2a: Tyranitar|14/100|[from] Stealth Rock
|-weather|Sandstorm|[from] ability: Sand Stream|[of] p2a: Tyranitar
|move|p1a: Tornadus|U-turn|p2a: Tyranitar
|-supereffective|p2a: Tyranitar
|-damage|p2a: Tyranitar|0 fnt
|faint|p2a: Tyranitar
|
|t:|1760882240
|switch|p1a: Hydrapple|Hydrapple, F, tera:Poison|91/100|[from] U-turn
|-damage|p1a: Hydrapple|79/100|[from] Stealth Rock
|
|-weather|Sandstorm|[upkeep]
|-damage|p1a: Hydrapple|73/100|[from] Sandstorm
|upkeep
|
|t:|1760882244
|switch|p2a: Excadrill|Excadrill, F|78/100
|-damage|p2a: Excadrill|75/100|[from] Stealth Rock
|turn|34
|
|t:|1760882258
|move|p2a: Excadrill|Swords Dance|p2a: Excadrill
|-boost|p2a: Excadrill|atk|2
|move|p1a: Hydrapple|Earth Power|p2a: Excadrill
|-supereffective|p2a: Excadrill
|-damage|p2a: Excadrill|19/100
|
|-weather|Sandstorm|[upkeep]
|-damage|p1a: Hydrapple|67/100|[from] Sandstorm
|-heal|p2a: Excadrill|25/100|[from] item: Leftovers
|upkeep
|turn|35
|
|t:|1760882269
|switch|p1a: Tornadus|Tornadus-Therian, M|46/100
|-damage|p1a: Tornadus|21/100|[from] Stealth Rock
|move|p2a: Excadrill|Earthquake|p1a: Tornadus
|-immune|p1a: Tornadus
|
|-weather|Sandstorm|[upkeep]
|-damage|p1a: Tornadus|15/100|[from] Sandstorm
|-heal|p2a: Excadrill|32/100|[from] item: Leftovers
|upkeep
|turn|36
|
|t:|1760882280
|switch|p1a: Hydrapple|Hydrapple, F, tera:Poison|99/100
|-damage|p1a: Hydrapple|88/100|[from] Stealth Rock
|move|p2a: Excadrill|Rapid Spin|p1a: Hydrapple
|-damage|p1a: Hydrapple|68/100
|-boost|p2a: Excadrill|spe|1
|-sideend|p2: art of unmoning|Stealth Rock|[from] move: Rapid Spin|[of] p2a: Excadrill
|
|-weather|Sandstorm|[upkeep]
|-damage|p1a: Hydrapple|62/100|[from] Sandstorm
|-heal|p2a: Excadrill|38/100|[from] item: Leftovers
|upkeep
|turn|37
|
|t:|1760882288
|switch|p1a: Tornadus|Tornadus-Therian, M|48/100
|-damage|p1a: Tornadus|23/100|[from] Stealth Rock
|move|p2a: Excadrill|Earthquake|p1a: Tornadus
|-immune|p1a: Tornadus
|
|-weather|none
|-heal|p2a: Excadrill|44/100|[from] item: Leftovers
|upkeep
|turn|38
|
|t:|1760882298
|switch|p1a: Hydrapple|Hydrapple, F, tera:Poison|96/100
|-damage|p1a: Hydrapple|83/100|[from] Stealth Rock
|move|p2a: Excadrill|Rapid Spin|p1a: Hydrapple
|-damage|p1a: Hydrapple|65/100
|-boost|p2a: Excadrill|spe|1
|
|-heal|p2a: Excadrill|50/100|[from] item: Leftovers
|upkeep
|turn|39
|
|t:|1760882308
|move|p2a: Excadrill|Earthquake|p1a: Hydrapple
|-supereffective|p1a: Hydrapple
|-damage|p1a: Hydrapple|0 fnt
|faint|p1a: Hydrapple
|
|-heal|p2a: Excadrill|57/100|[from] item: Leftovers
|upkeep
|-message|CyborgParrot127 forfeited.
|
|win|art of unmoning
|raw|CyborgParrot127's rating: 1630 &rarr; <strong>1618</strong><br />(-12 for losing)
|raw|art of unmoning's rating: 1767 &rarr; <strong>1779</strong><br />(+12 for winning)
|l|☆CyborgParrot127
|player|p1|
|l|☆art of unmoning
|player|p2|
