|j|☆watergoated
|j|☆suborange
|t:|1760775535
|gametype|singles
|player|p1|watergoated|ghetsis|1148
|player|p2|suborange|266|1143
|gen|9
|tier|[Gen 9] OU
|rated|
|rule|HP Percentage Mod: HP is shown in percentages
|rule|Endless Battle Clause: Forcing endless battles is banned
|rule|Species Clause: Limit one of each Pokémon
|rule|OHKO Clause: OHKO moves are banned
|rule|Evasion Items Clause: Evasion items are banned
|rule|Evasion Moves Clause: Evasion moves are banned
|rule|Evasion Abilities Clause: Evasion abilities are banned
|rule|Sleep Moves Clause: Sleep-inducing moves are banned
|clearpoke
|poke|p1|Dragapult, F|
|poke|p1|Iron Moth|
|poke|p1|Ogerpon-Wellspring, F|
|poke|p1|Kingambit, F|
|poke|p1|Hawlucha, M|
|poke|p1|Lilligant-Hisui, F|
|poke|p2|Meowscarada, F|
|poke|p2|Cinderace, F|
|poke|p2|Dusclops, M|
|poke|p2|Scyther, M|
|poke|p2|Glimmora, M|
|poke|p2|Greninja-*, F|
|teampreview
|c|☆watergoated|glhf
|c|☆suborange|water is goated
|c|☆watergoated|true dat
|c|☆suborange|who u sending out?
|
|t:|1760775580
|teamsize|p1|6
|teamsize|p2|6
|start
|switch|p1a: Kingambit|Kingambit, F|100/100
|switch|p2a: Glimmora|Glimmora, M|100/100
|-item|p2a: Glimmora|Air Balloon
|turn|1
|c|☆suborange|hmm
|
|t:|1760775596
|move|p2a: Glimmora|Stealth Rock|p1a: Kingambit
|-sidestart|p1: watergoated|move: Stealth Rock
|move|p1a: Kingambit|Swords Dance|p1a: Kingambit
|-boost|p1a: Kingambit|atk|2
|
|upkeep
|turn|2
|c|☆watergoated|nice team btw
|
|t:|1760775623
|move|p2a: Glimmora|Spiky Shield|p2a: Glimmora
|-singleturn|p2a: Glimmora|move: Protect
|move|p1a: Kingambit|Kowtow Cleave|p2a: Glimmora
|-activate|p2a: Glimmora|move: Protect
|-damage|p1a: Kingambit|88/100|[from] Spiky Shield|[of] p2a: Glimmora
|
|-heal|p1a: Kingambit|94/100|[from] item: Leftovers
|upkeep
|turn|3
|c|☆suborange|ya thanks
|c|☆suborange|you like?
|c|☆watergoated|yeah
|c|☆suborange|ur team is lookin nice too
|c|☆watergoated|3rd time in a row facing meowscarada and cinderace tho
|
|t:|1760775687
|switch|p2a: Cinderace|Cinderace, F, shiny|100/100
|move|p1a: Kingambit|Iron Head|p2a: Cinderace
|-resisted|p2a: Cinderace
|-damage|p2a: Cinderace|45/100
|
|-heal|p1a: Kingambit|100/100|[from] item: Leftovers
|upkeep
|turn|4
|
|t:|1760775706
|move|p1a: Kingambit|Sucker Punch|p2a: Cinderace
|-damage|p2a: Cinderace|0 fnt
|faint|p2a: Cinderace
|
|upkeep
|c|☆suborange|ofc lol
|inactive|Battle timer is ON: inactive players will automatically lose when time's up. (requested by watergoated)
|
|t:|1760775747
|switch|p2a: Greninja|Greninja, F, shiny|100/100
|turn|5
|c|☆watergoated|i already know that's sum battle bond antics
|
|t:|1760775762
|-terastallize|p2a: Greninja|Ground
|move|p2a: Greninja|Tera Blast|p1a: Kingambit|[anim] Tera Blast Ground
|-supereffective|p1a: Kingambit
|-damage|p1a: Kingambit|26/100
|move|p1a: Kingambit|Iron Head|p2a: Greninja
|-damage|p2a: Greninja|0 fnt
|faint|p2a: Greninja
|
|-heal|p1a: Kingambit|32/100|[from] item: Leftovers
|upkeep
|inactive|suborange has 120 seconds left.
|c|☆suborange|battle bond?
|
|t:|1760775801
|switch|p2a: Meowscarada|Meowscarada, F, shiny|100/100
|turn|6
|inactive|suborange has 120 seconds left.
|c|☆watergoated|yeah
|c|☆watergoated|gerninja signature ability
|c|☆suborange|nope
|
|t:|1760775826
|-end|p1a: Kingambit|fallenundefined|[silent]
|switch|p1a: Lilligant|Lilligant-Hisui, F|100/100
|-damage|p1a: Lilligant|94/100|[from] Stealth Rock
|move|p2a: Meowscarada|Play Rough|p1a: Lilligant
|-start|p2a: Meowscarada|typechange|Fairy|[from] ability: Protean
|-supereffective|p1a: Lilligant
|-damage|p1a: Lilligant|0 fnt
|faint|p1a: Lilligant
|
|upkeep
|c|☆suborange|its protean
|inactive|watergoated has 120 seconds left.
|c|☆watergoated|ah sorry
|
|t:|1760775844
|switch|p1a: Hawlucha|Hawlucha, M|100/100
|-damage|p1a: Hawlucha|88/100|[from] Stealth Rock
|turn|7
|c|☆suborange|its the trio
|inactive|suborange has 120 seconds left.
|inactive|watergoated has 120 seconds left.
|c|☆suborange|thew type changin trio
|
|t:|1760775882
|move|p2a: Meowscarada|Play Rough|p1a: Hawlucha|[miss]
|-miss|p2a: Meowscarada|p1a: Hawlucha
|move|p1a: Hawlucha|Swords Dance|p1a: Hawlucha
|-boost|p1a: Hawlucha|atk|2
|
|upkeep
|turn|8
|c|☆suborange|crazy
|
|t:|1760775894
|move|p2a: Meowscarada|Play Rough|p1a: Hawlucha
|-supereffective|p1a: Hawlucha
|-damage|p1a: Hawlucha|0 fnt
|faint|p1a: Hawlucha
|
|upkeep
|
|t:|1760775899
|switch|p1a: Iron Moth|Iron Moth|100/100
|-damage|p1a: Iron Moth|76/100|[from] Stealth Rock
|-enditem|p1a: Iron Moth|Booster Energy
|-activate|p1a: Iron Moth|ability: Quark Drive|[fromitem]
|-start|p1a: Iron Moth|quarkdrivespe
|turn|9
|
|t:|1760775907
|switch|p2a: Glimmora|Glimmora, M|100/100
|-item|p2a: Glimmora|Air Balloon
|move|p1a: Iron Moth|Sludge Wave|p2a: Glimmora
|-resisted|p2a: Glimmora
|-damage|p2a: Glimmora|88/100
|-enditem|p2a: Glimmora|Air Balloon
|
|upkeep
|turn|10
|inactive|suborange has 120 seconds left.
|
|t:|1760775938
|move|p2a: Glimmora|Spiky Shield|p2a: Glimmora
|-singleturn|p2a: Glimmora|move: Protect
|move|p1a: Iron Moth|U-turn|p2a: Glimmora
|-activate|p2a: Glimmora|move: Protect
|-damage|p1a: Iron Moth|63/100|[from] Spiky Shield|[of] p2a: Glimmora
|
|upkeep
|turn|11
|
|t:|1760775956
|switch|p2a: Dusclops|Dusclops, M, shiny|100/100
|move|p1a: Iron Moth|U-turn|p2a: Dusclops
|-resisted|p2a: Dusclops
|-damage|p2a: Dusclops|96/100
|
|t:|1760775965
|-end|p1a: Iron Moth|Quark Drive|[silent]
|switch|p1a: Dragapult|Dragapult, F|100/100|[from] U-turn
|-damage|p1a: Dragapult|88/100|[from] Stealth Rock
|
|upkeep
|turn|12
|inactive|suborange has 90 seconds left.
|
|t:|1760775995
|move|p1a: Dragapult|Draco Meteor|p2a: Dusclops
|-damage|p2a: Dusclops|45/100
|-unboost|p1a: Dragapult|spa|2
|move|p2a: Dusclops|Will-O-Wisp|p1a: Dragapult
|-status|p1a: Dragapult|brn
|
|-damage|p1a: Dragapult|82/100 brn|[from] brn
|upkeep
|turn|13
|inactive|suborange has 90 seconds left.
|
|t:|1760776008
|switch|p1a: Ogerpon|Ogerpon-Wellspring, F|100/100
|-damage|p1a: Ogerpon|88/100|[from] Stealth Rock
|move|p2a: Dusclops|Future Sight|p1a: Ogerpon
|-start|p2a: Dusclops|move: Future Sight
|
|upkeep
|turn|14
|inactive|suborange has 90 seconds left.
|
|t:|1760776025
|move|p1a: Ogerpon|Knock Off|p2a: Dusclops
|-supereffective|p2a: Dusclops
|-damage|p2a: Dusclops|0 fnt
|-enditem|p2a: Dusclops|Eviolite|[from] move: Knock Off|[of] p1a: Ogerpon
|faint|p2a: Dusclops
|
|upkeep
|
|t:|1760776046
|switch|p2a: Scyther|Scyther, M, shiny|100/100
|turn|15
|inactive|watergoated has 120 seconds left.
|
|t:|1760776074
|-terastallize|p1a: Ogerpon|Water
|detailschange|p1a: Ogerpon|Ogerpon-Wellspring-Tera, F, tera:Water
|-ability|p1a: Ogerpon|Embody Aspect (Wellspring)|boost
|-boost|p1a: Ogerpon|spd|1
|move|p1a: Ogerpon|Ivy Cudgel|p2a: Scyther|[anim] Ivy Cudgel Water
|-damage|p2a: Scyther|25/100
|move|p2a: Scyther|Trailblaze|p1a: Ogerpon
|-supereffective|p1a: Ogerpon
|-damage|p1a: Ogerpon|32/100
|-boost|p2a: Scyther|spe|1
|
|-end|p1a: Ogerpon|move: Future Sight
|-damage|p1a: Ogerpon|18/100
|upkeep
|turn|16
|
|t:|1760776092
|switch|p1a: Iron Moth|Iron Moth|63/100
|-damage|p1a: Iron Moth|38/100|[from] Stealth Rock
|move|p2a: Scyther|U-turn|p1a: Iron Moth
|-resisted|p1a: Iron Moth
|-damage|p1a: Iron Moth|27/100
|
|t:|1760776099
|switch|p2a: Glimmora|Glimmora, M|88/100|[from] U-turn
|
|upkeep
|turn|17
|inactive|suborange has 60 seconds left.
|inactive|watergoated has 120 seconds left.
|inactive|suborange has 30 seconds left.
|
|t:|1760776146
|move|p1a: Iron Moth|U-turn|p2a: Glimmora
|-resisted|p2a: Glimmora
|-damage|p2a: Glimmora|83/100
|-activate|p2a: Glimmora|ability: Toxic Debris
|-sidestart|p1: watergoated|move: Toxic Spikes
|
|t:|1760776155
|-end|p1a: Iron Moth|Quark Drive|[silent]
|switch|p1a: Kingambit|Kingambit, F|32/100|[from] U-turn
|-damage|p1a: Kingambit|26/100|[from] Stealth Rock
|-activate|p1a: Kingambit|ability: Supreme Overlord
|-start|p1a: Kingambit|fallen2|[silent]
|move|p2a: Glimmora|Venoshock|p1a: Kingambit
|-immune|p1a: Kingambit
|
|-heal|p1a: Kingambit|32/100|[from] item: Leftovers
|upkeep
|turn|18
|inactive|watergoated has 120 seconds left.
|inactive|suborange has 30 seconds left.
|inactive|suborange has 20 seconds left.
|inactive|suborange has 15 seconds left.
|
|t:|1760776186
|switch|p2a: Scyther|Scyther, M, shiny|25/100
|move|p1a: Kingambit|Swords Dance|p1a: Kingambit
|-boost|p1a: Kingambit|atk|2
|
|-heal|p1a: Kingambit|38/100|[from] item: Leftovers
|upkeep
|turn|19
|inactive|suborange has 25 seconds left this turn.
|inactive|suborange has 20 seconds left.
|inactive|watergoated has 120 seconds left.
|inactive|suborange has 15 seconds left.
|
|t:|1760776203
|move|p2a: Scyther|U-turn|p1a: Kingambit
|-damage|p1a: Kingambit|16/100
|inactive|suborange has 20 seconds left this turn.
|
|t:|1760776205
|switch|p2a: Glimmora|Glimmora, M|83/100|[from] U-turn
|move|p1a: Kingambit|Iron Head|p2a: Glimmora
|-supereffective|p2a: Glimmora
|-damage|p2a: Glimmora|0 fnt
|-activate|p2a: Glimmora|ability: Toxic Debris
|-sidestart|p1: watergoated|move: Toxic Spikes
|faint|p2a: Glimmora
|
|-heal|p1a: Kingambit|23/100|[from] item: Leftovers
|upkeep
|inactive|suborange has 25 seconds left this turn.
|inactive|suborange has 20 seconds left.
|inactive|suborange has 15 seconds left.
|
|t:|1760776217
|switch|p2a: Scyther|Scyther, M, shiny|25/100
|turn|20
|inactive|suborange has 25 seconds left this turn.
|inactive|suborange has 20 seconds left.
|
|t:|1760776231
|move|p2a: Scyther|Bug Bite|p1a: Kingambit
|-damage|p1a: Kingambit|0 fnt
|faint|p1a: Kingambit
|-end|p1a: Kingambit|fallen2|[silent]
|
|upkeep
|
|t:|1760776239
|switch|p1a: Iron Moth|Iron Moth|27/100
|-damage|p1a: Iron Moth|2/100|[from] Stealth Rock
|-sideend|p1: watergoated|move: Toxic Spikes|[of] p1a: Iron Moth
|turn|21
|inactive|suborange has 30 seconds left.
|inactive|watergoated has 120 seconds left.
|inactive|suborange has 20 seconds left.
|c|☆suborange|whats iron moth thinking
|c|☆suborange|wtf is this puny sytcher
|inactive|watergoated has 90 seconds left.
|c|☆suborange|prob
|
|t:|1760776291
|move|p1a: Iron Moth|Fiery Dance|p2a: Scyther
|-supereffective|p2a: Scyther
|-damage|p2a: Scyther|0 fnt
|faint|p2a: Scyther
|
|upkeep
|inactive|suborange has 25 seconds left this turn.
|inactive|suborange has 20 seconds left.
|inactive|suborange has 15 seconds left.
|c|☆watergoated|gg bro
|
|t:|1760776303
|switch|p2a: Meowscarada|Meowscarada, F, shiny|100/100
|turn|22
|inactive|suborange has 25 seconds left this turn.
|
|t:|1760776313
|move|p2a: Meowscarada|Play Rough|p1a: Iron Moth
|-start|p2a: Meowscarada|typechange|Fairy|[from] ability: Protean
|-resisted|p1a: Iron Moth
|-damage|p1a: Iron Moth|0 fnt
|faint|p1a: Iron Moth
|-end|p1a: Iron Moth|Quark Drive|[silent]
|
|upkeep
|c|☆suborange|ye gg
|inactive|watergoated has 90 seconds left.
|
|t:|1760776324
|switch|p1a: Dragapult|Dragapult, F|82/100 brn
|-damage|p1a: Dragapult|70/100 brn|[from] Stealth Rock
|turn|23
|
|t:|1760776327
|move|p2a: Meowscarada|Play Rough|p1a: Dragapult
|-supereffective|p1a: Dragapult
|-damage|p1a: Dragapult|0 fnt
|faint|p1a: Dragapult
|
|upkeep
|
|t:|1760776329
|switch|p1a: Ogerpon|Ogerpon-Wellspring-Tera, F, tera:Water|18/100
|-damage|p1a: Ogerpon|6/100|[from] Stealth Rock
|-ability|p1a: Ogerpon|Embody Aspect (Wellspring)|boost
|-boost|p1a: Ogerpon|spd|1
|turn|24
|
|t:|1760776335
|move|p2a: Meowscarada|Play Rough|p1a: Ogerpon
|-damage|p1a: Ogerpon|0 fnt
|faint|p1a: Ogerpon
|detailschange|p1: Ogerpon|Ogerpon-Wellspring, F|[silent]
|
|win|suborange
|raw|watergoated's rating: 1148 &rarr; <strong>1123</strong><br />(-25 for losing)
|raw|suborange's rating: 1143 &rarr; <strong>1168</strong><br />(+25 for winning)
|c|☆watergoated|gg
|c|☆suborange|gg :D
|c|☆suborange|haha gg
|c|☆watergoated|clutch meowscarada
|l|☆watergoated
|player|p1|
|l|☆suborange
|player|p2|
