|j|☆jxrx
|j|☆Ascendn
|t:|1760723402
|gametype|singles
|player|p1|jxrx|norman|1395
|player|p2|Ascendn|101|1413
|gen|9
|tier|[Gen 9] OU
|rated|
|rule|HP Percentage Mod: HP is shown in percentages
|rule|Endless Battle Clause: Forcing endless battles is banned
|rule|Species Clause: Limit one of each Pokémon
|rule|OHKO Clause: OHKO moves are banned
|rule|Evasion Items Clause: Evasion items are banned
|rule|Evasion Moves Clause: Evasion moves are banned
|rule|Evasion Abilities Clause: Evasion abilities are banned
|rule|Sleep Moves Clause: Sleep-inducing moves are banned
|clearpoke
|poke|p1|Dragapult, M|
|poke|p1|Houndoom, F|
|poke|p1|Vileplume, M|
|poke|p1|Gyarados, M|
|poke|p1|Pachirisu, M|
|poke|p1|Great Tusk|
|poke|p2|Primarina, M|
|poke|p2|Great Tusk|
|poke|p2|Kingambit, M|
|poke|p2|Slowking-Galar, M|
|poke|p2|Ogerpon, F|
|poke|p2|Enamorus, F|
|teampreview
|inactive|Battle timer is ON: inactive players will automatically lose when time's up. (requested by jxrx)
|
|t:|1760723416
|teamsize|p1|6
|teamsize|p2|6
|start
|switch|p1a: Pachirisu|Pachirisu, M|100/100
|switch|p2a: Behemoth|Great Tusk, shiny|100/100
|turn|1
|
|t:|1760723421
|switch|p1a: Great Tusk|Great Tusk|100/100
|move|p2a: Behemoth|Rapid Spin|p1a: Great Tusk
|-damage|p1a: Great Tusk|92/100
|-boost|p2a: Behemoth|spe|1
|
|upkeep
|turn|2
|
|t:|1760723427
|move|p2a: Behemoth|Stealth Rock|p1a: Great Tusk
|-sidestart|p1: jxrx|move: Stealth Rock
|move|p1a: Great Tusk|Knock Off|p2a: Behemoth
|-resisted|p2a: Behemoth
|-damage|p2a: Behemoth|90/100
|-damage|p1a: Great Tusk|75/100|[from] item: Rocky Helmet|[of] p2a: Behemoth
|-enditem|p2a: Behemoth|Rocky Helmet|[from] move: Knock Off|[of] p1a: Great Tusk
|
|upkeep
|turn|3
|
|t:|1760723437
|-end|p1a: Great Tusk|Protosynthesis|[silent]
|switch|p1a: Vileplume|Vileplume, M|100/100
|-damage|p1a: Vileplume|88/100|[from] Stealth Rock
|move|p2a: Behemoth|Ice Spinner|p1a: Vileplume
|-supereffective|p1a: Vileplume
|-damage|p1a: Vileplume|46/100
|-damage|p2a: Behemoth|74/100|[from] item: Rocky Helmet|[of] p1a: Vileplume
|
|upkeep
|turn|4
|
|t:|1760723449
|-end|p2a: Behemoth|Protosynthesis|[silent]
|switch|p2a: Mantra|Slowking-Galar, M, shiny|100/100
|move|p1a: Vileplume|Strength Sap|p2a: Mantra
|-unboost|p2a: Mantra|atk|1
|-heal|p1a: Vileplume|80/100
|
|upkeep
|turn|5
|
|t:|1760723455
|switch|p1a: Great Tusk|Great Tusk|75/100
|move|p2a: Mantra|Psychic Noise|p1a: Great Tusk
|-supereffective|p1a: Great Tusk
|-damage|p1a: Great Tusk|7/100
|-start|p1a: Great Tusk|move: Heal Block
|
|upkeep
|turn|6
|
|t:|1760723466
|switch|p2a: Behemoth|Great Tusk, shiny|74/100
|move|p1a: Great Tusk|Rapid Spin|p2a: Behemoth
|-damage|p2a: Behemoth|63/100
|-boost|p1a: Great Tusk|spe|1
|-sideend|p1: jxrx|Stealth Rock|[from] move: Rapid Spin|[of] p1a: Great Tusk
|
|-end|p1a: Great Tusk|move: Heal Block
|upkeep
|turn|7
|
|t:|1760723471
|-end|p1a: Great Tusk|Protosynthesis|[silent]
|switch|p1a: Vileplume|Vileplume, M|80/100
|move|p2a: Behemoth|Stealth Rock|p1a: Vileplume
|-sidestart|p1: jxrx|move: Stealth Rock
|
|upkeep
|turn|8
|
|t:|1760723477
|-end|p2a: Behemoth|Protosynthesis|[silent]
|switch|p2a: Mantra|Slowking-Galar, M, shiny|100/100
|move|p1a: Vileplume|Leech Seed|p2a: Mantra
|-start|p2a: Mantra|move: Leech Seed
|
|-damage|p2a: Mantra|88/100|[from] Leech Seed|[of] p1a: Vileplume
|-heal|p1a: Vileplume|94/100|[silent]
|upkeep
|turn|9
|
|t:|1760723496
|switch|p1a: Great Tusk|Great Tusk|7/100
|move|p2a: Mantra|Psychic Noise|p1a: Great Tusk
|-supereffective|p1a: Great Tusk
|-damage|p1a: Great Tusk|0 fnt
|faint|p1a: Great Tusk
|-end|p1a: Great Tusk|Protosynthesis|[silent]
|
|upkeep
|
|t:|1760723503
|switch|p1a: Houndoom|Houndoom, F|100/100
|-damage|p1a: Houndoom|76/100|[from] Stealth Rock
|turn|10
|
|t:|1760723515
|switch|p2a: Celestine|Primarina, M, shiny|100/100
|move|p1a: Houndoom|Dark Pulse|p2a: Celestine
|-resisted|p2a: Celestine
|-damage|p2a: Celestine|82/100
|
|-heal|p2a: Celestine|88/100|[from] item: Leftovers
|upkeep
|turn|11
|
|t:|1760723537
|switch|p1a: Pachirisu|Pachirisu, M|100/100
|-damage|p1a: Pachirisu|88/100|[from] Stealth Rock
|move|p2a: Celestine|Psychic Noise|p1a: Pachirisu
|-damage|p1a: Pachirisu|66/100
|-start|p1a: Pachirisu|move: Heal Block
|
|-heal|p2a: Celestine|94/100|[from] item: Leftovers
|upkeep
|turn|12
|
|t:|1760723547
|switch|p2a: Behemoth|Great Tusk, shiny|63/100
|move|p1a: Pachirisu|Super Fang|p2a: Behemoth
|-damage|p2a: Behemoth|32/100
|
|-end|p1a: Pachirisu|move: Heal Block
|upkeep
|turn|13
|
|t:|1760723555
|move|p2a: Behemoth|Headlong Rush|p1a: Pachirisu
|-supereffective|p1a: Pachirisu
|-damage|p1a: Pachirisu|0 fnt
|-unboost|p2a: Behemoth|def|1
|-unboost|p2a: Behemoth|spd|1
|faint|p1a: Pachirisu
|
|upkeep
|
|t:|1760723561
|switch|p1a: Gyarados|Gyarados, M|100/100
|-damage|p1a: Gyarados|76/100|[from] Stealth Rock
|turn|14
|
|t:|1760723570
|-end|p2a: Behemoth|Protosynthesis|[silent]
|switch|p2a: Celestine|Primarina, M, shiny|94/100
|move|p1a: Gyarados|Dragon Dance|p1a: Gyarados
|-boost|p1a: Gyarados|atk|1
|-boost|p1a: Gyarados|spe|1
|
|-heal|p2a: Celestine|99/100|[from] item: Leftovers
|upkeep
|turn|15
|
|t:|1760723576
|move|p1a: Gyarados|Dragon Dance|p1a: Gyarados
|-boost|p1a: Gyarados|atk|1
|-boost|p1a: Gyarados|spe|1
|move|p2a: Celestine|Moonblast|p1a: Gyarados
|-crit|p1a: Gyarados
|-damage|p1a: Gyarados|0 fnt
|faint|p1a: Gyarados
|
|-heal|p2a: Celestine|100/100|[from] item: Leftovers
|upkeep
|-message|jxrx forfeited.
|
|win|Ascendn
|raw|jxrx's rating: 1395 &rarr; <strong>1376</strong><br />(-19 for losing)
|raw|Ascendn's rating: 1413 &rarr; <strong>1432</strong><br />(+19 for winning)
|l|☆jxrx
|player|p1|
|l|☆Ascendn
|player|p2|
