|j|☆UnaQuags Wooper
|j|☆TotallySkilled
|t:|1760809641
|gametype|singles
|player|p1|UnaQuags Wooper|blackbelt-gen4dp|1650
|player|p2|TotallySkilled|guzma|1620
|gen|9
|tier|[Gen 9] OU
|rated|
|rule|HP Percentage Mod: HP is shown in percentages
|rule|Endless Battle Clause: Forcing endless battles is banned
|rule|Species Clause: Limit one of each Pokémon
|rule|OHKO Clause: OHKO moves are banned
|rule|Evasion Items Clause: Evasion items are banned
|rule|Evasion Moves Clause: Evasion moves are banned
|rule|Evasion Abilities Clause: Evasion abilities are banned
|rule|Sleep Moves Clause: Sleep-inducing moves are banned
|clearpoke
|poke|p1|Zamazenta-*|
|poke|p1|Ninetales-Alola, M|
|poke|p1|Darkrai|
|poke|p1|Ceruledge, F|
|poke|p1|Gliscor, M|
|poke|p1|Hatterene, F|
|poke|p2|Moltres-Galar|
|poke|p2|Araquanid, M|
|poke|p2|Garchomp, F|
|poke|p2|Great Tusk|
|poke|p2|Sinistcha|
|poke|p2|Gholdengo|
|teampreview
|
|t:|1760809665
|teamsize|p1|6
|teamsize|p2|6
|start
|switch|p1a: Darkrai|Darkrai|100/100
|switch|p2a: Araquanid|Araquanid, M|100/100
|turn|1
|
|t:|1760809668
|switch|p1a: Hatterene|Hatterene, F|100/100
|move|p2a: Araquanid|Surf|p1a: Hatterene
|-damage|p1a: Hatterene|40/100
|
|-heal|p1a: Hatterene|46/100|[from] item: Leftovers
|upkeep
|turn|2
|
|t:|1760809686
|move|p1a: Hatterene|Psyshock|p2a: Araquanid
|-damage|p2a: Araquanid|67/100
|move|p2a: Araquanid|Surf|p1a: Hatterene
|-damage|p1a: Hatterene|0 fnt
|faint|p1a: Hatterene
|
|upkeep
|
|t:|1760809691
|switch|p1a: Ninetales|Ninetales-Alola, M|100/100
|-weather|Snowscape|[from] ability: Snow Warning|[of] p1a: Ninetales
|turn|3
|
|t:|1760809697
|move|p1a: Ninetales|Encore|p2a: Araquanid
|-start|p2a: Araquanid|Encore
|move|p2a: Araquanid|Surf|p1a: Ninetales
|-damage|p1a: Ninetales|48/100
|
|-weather|Snowscape|[upkeep]
|upkeep
|turn|4
|
|t:|1760809705
|switch|p2a: Gholdengo|Gholdengo|100/100
|move|p1a: Ninetales|Aurora Veil|p1a: Ninetales
|-sidestart|p1: UnaQuags Wooper|move: Aurora Veil
|
|-weather|Snowscape|[upkeep]
|upkeep
|turn|5
|
|t:|1760809712
|switch|p1a: Darkrai|Darkrai|100/100
|move|p2a: Gholdengo|Shadow Ball|p1a: Darkrai
|-resisted|p1a: Darkrai
|-damage|p1a: Darkrai|86/100
|
|-weather|Snowscape|[upkeep]
|-heal|p1a: Darkrai|92/100|[from] item: Leftovers
|upkeep
|turn|6
|
|t:|1760809718
|switch|p2a: Araquanid|Araquanid, M|67/100
|move|p1a: Darkrai|Nasty Plot|p1a: Darkrai
|-boost|p1a: Darkrai|spa|2
|
|-weather|Snowscape|[upkeep]
|-heal|p1a: Darkrai|98/100|[from] item: Leftovers
|upkeep
|turn|7
|
|t:|1760809730
|move|p2a: Araquanid|Endure|p2a: Araquanid
|-singleturn|p2a: Araquanid|move: Endure
|move|p1a: Darkrai|Dark Pulse|p2a: Araquanid
|-damage|p2a: Araquanid|5/100
|
|-weather|none
|-heal|p1a: Darkrai|100/100|[from] item: Leftovers
|upkeep
|turn|8
|-enditem|p2a: Araquanid|Custap Berry|[eat]
|-activate|p2a: Araquanid|item: Custap Berry|[consumed]
|
|t:|1760809743
|switch|p1a: Zamazenta|Zamazenta|100/100
|-ability|p1a: Zamazenta|Dauntless Shield|boost
|-boost|p1a: Zamazenta|def|1
|move|p2a: Araquanid|Sticky Web|p1a: Zamazenta
|-sidestart|p1: UnaQuags Wooper|move: Sticky Web
|
|upkeep
|turn|9
|
|t:|1760809751
|move|p1a: Zamazenta|Crunch|p2a: Araquanid
|-damage|p2a: Araquanid|0 fnt
|faint|p2a: Araquanid
|
|upkeep
|
|t:|1760809755
|switch|p2a: Garchomp|Garchomp, F|100/100
|turn|10
|
|t:|1760809758
|move|p1a: Zamazenta|Iron Defense|p1a: Zamazenta
|-boost|p1a: Zamazenta|def|2
|move|p2a: Garchomp|Stealth Rock|p1a: Zamazenta
|-sidestart|p1: UnaQuags Wooper|move: Stealth Rock
|
|upkeep
|turn|11
|
|t:|1760809763
|move|p1a: Zamazenta|Crunch|p2a: Garchomp
|-damage|p2a: Garchomp|86/100
|-damage|p1a: Zamazenta|88/100|[from] ability: Rough Skin|[of] p2a: Garchomp
|-damage|p1a: Zamazenta|72/100|[from] item: Rocky Helmet|[of] p2a: Garchomp
|move|p2a: Garchomp|Dragon Tail|p1a: Zamazenta
|-damage|p1a: Zamazenta|68/100
|drag|p1a: Ceruledge|Ceruledge, F|100/100
|-activate|p1a: Ceruledge|move: Sticky Web
|-unboost|p1a: Ceruledge|spe|1
|-damage|p1a: Ceruledge|76/100|[from] Stealth Rock
|
|-sideend|p1: UnaQuags Wooper|move: Aurora Veil
|upkeep
|turn|12
|
|t:|1760809775
|move|p1a: Ceruledge|Shadow Sneak|p2a: Garchomp
|-damage|p2a: Garchomp|75/100
|-damage|p1a: Ceruledge|63/100|[from] ability: Rough Skin|[of] p2a: Garchomp
|-damage|p1a: Ceruledge|47/100|[from] item: Rocky Helmet|[of] p2a: Garchomp
|move|p2a: Garchomp|Dragon Tail|p1a: Ceruledge
|-damage|p1a: Ceruledge|17/100
|drag|p1a: Ninetales|Ninetales-Alola, M|48/100
|-activate|p1a: Ninetales|move: Sticky Web
|-unboost|p1a: Ninetales|spe|1
|-damage|p1a: Ninetales|23/100|[from] Stealth Rock
|-weather|Snowscape|[from] ability: Snow Warning|[of] p1a: Ninetales
|
|-weather|Snowscape|[upkeep]
|upkeep
|turn|13
|
|t:|1760809784
|move|p2a: Garchomp|Earthquake|p1a: Ninetales
|-damage|p1a: Ninetales|0 fnt
|faint|p1a: Ninetales
|
|-weather|Snowscape|[upkeep]
|upkeep
|
|t:|1760809790
|switch|p1a: Darkrai|Darkrai|100/100
|-activate|p1a: Darkrai|move: Sticky Web
|-unboost|p1a: Darkrai|spe|1
|-damage|p1a: Darkrai|88/100|[from] Stealth Rock
|turn|14
|
|t:|1760809795
|switch|p2a: Moltres|Moltres-Galar|100/100
|move|p1a: Darkrai|Dark Pulse|p2a: Moltres
|-resisted|p2a: Moltres
|-damage|p2a: Moltres|82/100
|
|-weather|Snowscape|[upkeep]
|-heal|p2a: Moltres|88/100|[from] item: Leftovers
|-heal|p1a: Darkrai|94/100|[from] item: Leftovers
|upkeep
|turn|15
|
|t:|1760809801
|move|p2a: Moltres|Nasty Plot|p2a: Moltres
|-boost|p2a: Moltres|spa|2
|move|p1a: Darkrai|Nasty Plot|p1a: Darkrai
|-boost|p1a: Darkrai|spa|2
|
|-weather|Snowscape|[upkeep]
|-heal|p2a: Moltres|94/100|[from] item: Leftovers
|-heal|p1a: Darkrai|99/100|[from] item: Leftovers
|upkeep
|turn|16
|
|t:|1760809806
|-terastallize|p2a: Moltres|Fairy
|move|p2a: Moltres|Tera Blast|p1a: Darkrai|[anim] Tera Blast Fairy
|-supereffective|p1a: Darkrai
|-damage|p1a: Darkrai|0 fnt
|faint|p1a: Darkrai
|
|-weather|none
|-heal|p2a: Moltres|100/100|[from] item: Leftovers
|upkeep
|-message|UnaQuags Wooper forfeited.
|
|win|TotallySkilled
|raw|UnaQuags Wooper's rating: 1650 &rarr; <strong>1628</strong><br />(-22 for losing)
|raw|TotallySkilled's rating: 1620 &rarr; <strong>1642</strong><br />(+22 for winning)
|l|☆UnaQuags Wooper
|player|p1|
|l|☆TotallySkilled
|player|p2|
