|j|☆ivon_neeeeeee
|j|☆aretse
|t:|1760793721
|gametype|singles
|player|p1|ivon_neeeeeee|acetrainerf|1418
|player|p2|aretse|170|1451
|gen|9
|tier|[Gen 9] OU
|rated|
|rule|HP Percentage Mod: HP is shown in percentages
|rule|Endless Battle Clause: Forcing endless battles is banned
|rule|Species Clause: Limit one of each Pokémon
|rule|OHKO Clause: OHKO moves are banned
|rule|Evasion Items Clause: Evasion items are banned
|rule|Evasion Moves Clause: Evasion moves are banned
|rule|Evasion Abilities Clause: Evasion abilities are banned
|rule|Sleep Moves Clause: Sleep-inducing moves are banned
|clearpoke
|poke|p1|Iron Valiant|
|poke|p1|Alomomola, F|
|poke|p1|Gliscor, F|
|poke|p1|Kyurem|
|poke|p1|Gholdengo|
|poke|p1|Slowking-Galar, F|
|poke|p2|Clodsire, M|
|poke|p2|Gliscor, F|
|poke|p2|Alomomola, F|
|poke|p2|Dondozo, F|
|poke|p2|Amoonguss, F|
|poke|p2|Bronzong|
|teampreview
|inactive|Battle timer is ON: inactive players will automatically lose when time's up. (requested by aretse)
|
|t:|1760793733
|teamsize|p1|6
|teamsize|p2|6
|start
|switch|p1a: Gliscor|Gliscor, F|100/100
|switch|p2a: Gliscor|Gliscor, F|100/100
|turn|1
|
|t:|1760793739
|move|p2a: Gliscor|Knock Off|p1a: Gliscor
|-damage|p1a: Gliscor|82/100
|-enditem|p1a: Gliscor|Toxic Orb|[from] move: Knock Off|[of] p2a: Gliscor
|move|p1a: Gliscor|Spikes|p2a: Gliscor
|-sidestart|p2: aretse|Spikes
|
|-status|p2a: Gliscor|tox|[from] item: Toxic Orb
|upkeep
|turn|2
|
|t:|1760793746
|move|p2a: Gliscor|Spikes|p1a: Gliscor
|-sidestart|p1: ivon_neeeeeee|Spikes
|move|p1a: Gliscor|Spikes|p2a: Gliscor
|-sidestart|p2: aretse|Spikes
|
|upkeep
|turn|3
|
|t:|1760793750
|move|p2a: Gliscor|Spikes|p1a: Gliscor
|-sidestart|p1: ivon_neeeeeee|Spikes
|move|p1a: Gliscor|Spikes|p2a: Gliscor
|-sidestart|p2: aretse|Spikes
|
|upkeep
|turn|4
|
|t:|1760793754
|switch|p1a: Kyurem|Kyurem|100/100
|-damage|p1a: Kyurem|84/100|[from] Spikes
|-ability|p1a: Kyurem|Pressure
|move|p2a: Gliscor|Spikes|p1a: Kyurem
|-sidestart|p1: ivon_neeeeeee|Spikes
|
|-heal|p1a: Kyurem|90/100|[from] item: Leftovers
|upkeep
|turn|5
|
|t:|1760793769
|switch|p1a: Gholdengo|Gholdengo|100/100
|-item|p1a: Gholdengo|Air Balloon
|switch|p2a: Bronzong|Bronzong|100/100
|
|upkeep
|turn|6
|
|t:|1760793784
|move|p1a: Gholdengo|Thunder Wave|p2a: Bronzong
|-status|p2a: Bronzong|par
|move|p2a: Bronzong|Night Shade|p1a: Gholdengo
|-damage|p1a: Gholdengo|74/100
|-enditem|p1a: Gholdengo|Air Balloon
|
|upkeep
|turn|7
|
|t:|1760793792
|switch|p1a: Slowking|Slowking-Galar, F|100/100
|switch|p2a: Clodsire|Clodsire, M|100/100
|
|upkeep
|turn|8
|
|t:|1760793813
|move|p2a: Clodsire|Earthquake|p1a: Slowking
|-supereffective|p1a: Slowking
|-damage|p1a: Slowking|42/100
|-prepare|p1a: Slowking|Chilly Reception|[premajor]
|move|p1a: Slowking|Chilly Reception|p1a: Slowking
|-weather|Snowscape
|
|t:|1760793834
|switch|p1a: Gliscor|Gliscor, F|82/100|[from] Chilly Reception
|
|-weather|Snowscape|[upkeep]
|upkeep
|turn|9
|
|t:|1760793850
|switch|p2a: Gliscor|Gliscor, F|100/100 tox
|move|p1a: Gliscor|U-turn|p2a: Gliscor
|-resisted|p2a: Gliscor
|-damage|p2a: Gliscor|96/100 tox
|
|t:|1760793858
|switch|p1a: Alomomola|Alomomola, F|100/100|[from] U-turn
|
|-weather|Snowscape|[upkeep]
|-heal|p2a: Gliscor|100/100 tox|[from] ability: Poison Heal
|upkeep
|turn|10
|inactive|ivon_neeeeeee has 120 seconds left.
|
|t:|1760793892
|switch|p1a: Gliscor|Gliscor, F|82/100
|move|p2a: Gliscor|Knock Off|p1a: Gliscor
|-damage|p1a: Gliscor|70/100
|
|-weather|Snowscape|[upkeep]
|upkeep
|turn|11
|
|t:|1760793898
|move|p2a: Gliscor|Knock Off|p1a: Gliscor
|-damage|p1a: Gliscor|59/100
|move|p1a: Gliscor|U-turn|p2a: Gliscor
|-resisted|p2a: Gliscor
|-crit|p2a: Gliscor
|-damage|p2a: Gliscor|93/100 tox
|
|t:|1760793903
|switch|p1a: Kyurem|Kyurem|90/100|[from] U-turn
|-damage|p1a: Kyurem|65/100|[from] Spikes
|-ability|p1a: Kyurem|Pressure
|
|-weather|Snowscape|[upkeep]
|-heal|p1a: Kyurem|71/100|[from] item: Leftovers
|-heal|p2a: Gliscor|100/100 tox|[from] ability: Poison Heal
|upkeep
|turn|12
|
|t:|1760793912
|switch|p2a: Bronzong|Bronzong|100/100 par
|move|p1a: Kyurem|Substitute|p1a: Kyurem
|-start|p1a: Kyurem|Substitute
|-damage|p1a: Kyurem|46/100
|
|-weather|none
|-heal|p1a: Kyurem|52/100|[from] item: Leftovers
|upkeep
|turn|13
|
|t:|1760793920
|move|p1a: Kyurem|Freeze-Dry|p2a: Bronzong
|-resisted|p2a: Bronzong
|-damage|p2a: Bronzong|90/100 par
|move|p2a: Bronzong|Stealth Rock|p1a: Kyurem
|-sidestart|p1: ivon_neeeeeee|move: Stealth Rock
|
|-heal|p1a: Kyurem|59/100|[from] item: Leftovers
|-heal|p2a: Bronzong|96/100 par|[from] item: Leftovers
|upkeep
|turn|14
|
|t:|1760793928
|move|p1a: Kyurem|Freeze-Dry|p2a: Bronzong
|-resisted|p2a: Bronzong
|-damage|p2a: Bronzong|85/100 par
|move|p2a: Bronzong|Night Shade|p1a: Kyurem
|-activate|p1a: Kyurem|move: Substitute|[damage]
|
|-heal|p1a: Kyurem|65/100|[from] item: Leftovers
|-heal|p2a: Bronzong|91/100 par|[from] item: Leftovers
|upkeep
|turn|15
|
|t:|1760793936
|move|p1a: Kyurem|Protect|p1a: Kyurem
|-singleturn|p1a: Kyurem|Protect
|move|p2a: Bronzong|Skill Swap|p1a: Kyurem
|-activate|p1a: Kyurem|move: Protect
|
|-heal|p1a: Kyurem|71/100|[from] item: Leftovers
|-heal|p2a: Bronzong|98/100 par|[from] item: Leftovers
|upkeep
|turn|16
|
|t:|1760793948
|move|p1a: Kyurem|Freeze-Dry|p2a: Bronzong
|-resisted|p2a: Bronzong
|-damage|p2a: Bronzong|85/100 par
|move|p2a: Bronzong|Skill Swap|p1a: Kyurem
|-activate|p2a: Bronzong|move: Skill Swap|Pressure|Levitate|[of] p1a: Kyurem
|-ability|p2a: Bronzong|Pressure
|
|-heal|p1a: Kyurem|77/100|[from] item: Leftovers
|-heal|p2a: Bronzong|92/100 par|[from] item: Leftovers
|upkeep
|turn|17
|
|t:|1760793957
|move|p2a: Bronzong|Protect|p2a: Bronzong
|-singleturn|p2a: Bronzong|Protect
|move|p1a: Kyurem|Earth Power|p2a: Bronzong
|-activate|p2a: Bronzong|move: Protect
|
|-heal|p1a: Kyurem|83/100|[from] item: Leftovers
|-heal|p2a: Bronzong|98/100 par|[from] item: Leftovers
|upkeep
|turn|18
|
|t:|1760793964
|move|p1a: Kyurem|Earth Power|p2a: Bronzong
|-supereffective|p2a: Bronzong
|-damage|p2a: Bronzong|55/100 par
|move|p2a: Bronzong|Night Shade|p1a: Kyurem
|-end|p1a: Kyurem|Substitute
|
|-heal|p1a: Kyurem|90/100|[from] item: Leftovers
|-heal|p2a: Bronzong|61/100 par|[from] item: Leftovers
|upkeep
|turn|19
|
|t:|1760793974
|move|p1a: Kyurem|Earth Power|p2a: Bronzong
|-supereffective|p2a: Bronzong
|-damage|p2a: Bronzong|19/100 par
|move|p2a: Bronzong|Night Shade|p1a: Kyurem
|-damage|p1a: Kyurem|65/100
|
|-heal|p1a: Kyurem|71/100|[from] item: Leftovers
|-heal|p2a: Bronzong|25/100 par|[from] item: Leftovers
|upkeep
|turn|20
|
|t:|1760793981
|switch|p2a: Alomomola|Alomomola, F|100/100
|move|p1a: Kyurem|Earth Power|p2a: Alomomola
|-damage|p2a: Alomomola|74/100
|
|-heal|p1a: Kyurem|77/100|[from] item: Leftovers
|upkeep
|turn|21
|
|t:|1760793989
|switch|p2a: Bronzong|Bronzong|25/100 par
|move|p1a: Kyurem|Substitute|p1a: Kyurem
|-start|p1a: Kyurem|Substitute
|-damage|p1a: Kyurem|52/100
|
|-heal|p1a: Kyurem|58/100|[from] item: Leftovers
|-heal|p2a: Bronzong|31/100 par|[from] item: Leftovers
|upkeep
|turn|22
|
|t:|1760793996
|move|p2a: Bronzong|Protect|p2a: Bronzong
|-singleturn|p2a: Bronzong|Protect
|move|p1a: Kyurem|Freeze-Dry|p2a: Bronzong
|-activate|p2a: Bronzong|move: Protect
|
|-heal|p1a: Kyurem|65/100|[from] item: Leftovers
|-heal|p2a: Bronzong|37/100 par|[from] item: Leftovers
|upkeep
|turn|23
|
|t:|1760794003
|switch|p2a: Alomomola|Alomomola, F|100/100
|move|p1a: Kyurem|Freeze-Dry|p2a: Alomomola
|-supereffective|p2a: Alomomola
|-damage|p2a: Alomomola|42/100
|
|-heal|p1a: Kyurem|71/100|[from] item: Leftovers
|upkeep
|turn|24
|
|t:|1760794011
|move|p2a: Alomomola|Protect|p2a: Alomomola
|-singleturn|p2a: Alomomola|Protect
|move|p1a: Kyurem|Freeze-Dry|p2a: Alomomola
|-activate|p2a: Alomomola|move: Protect
|
|-heal|p1a: Kyurem|77/100|[from] item: Leftovers
|upkeep
|turn|25
|
|t:|1760794018
|switch|p2a: Bronzong|Bronzong|37/100 par
|move|p1a: Kyurem|Freeze-Dry|p2a: Bronzong
|-resisted|p2a: Bronzong
|-damage|p2a: Bronzong|25/100 par
|
|-heal|p1a: Kyurem|83/100|[from] item: Leftovers
|-heal|p2a: Bronzong|31/100 par|[from] item: Leftovers
|upkeep
|turn|26
|
|t:|1760794026
|move|p2a: Bronzong|Protect|p2a: Bronzong
|-singleturn|p2a: Bronzong|Protect
|move|p1a: Kyurem|Substitute|p1a: Kyurem
|-fail|p1a: Kyurem|move: Substitute
|
|-heal|p1a: Kyurem|89/100|[from] item: Leftovers
|-heal|p2a: Bronzong|37/100 par|[from] item: Leftovers
|upkeep
|turn|27
|
|t:|1760794032
|move|p1a: Kyurem|Freeze-Dry|p2a: Bronzong
|-resisted|p2a: Bronzong
|-damage|p2a: Bronzong|26/100 par
|move|p2a: Bronzong|Night Shade|p1a: Kyurem
|-activate|p1a: Kyurem|move: Substitute|[damage]
|
|-heal|p1a: Kyurem|96/100|[from] item: Leftovers
|-heal|p2a: Bronzong|32/100 par|[from] item: Leftovers
|upkeep
|turn|28
|
|t:|1760794040
|move|p1a: Kyurem|Substitute|p1a: Kyurem
|-fail|p1a: Kyurem|move: Substitute
|cant|p2a: Bronzong|par
|
|-heal|p1a: Kyurem|100/100|[from] item: Leftovers
|-heal|p2a: Bronzong|38/100 par|[from] item: Leftovers
|upkeep
|turn|29
|
|t:|1760794046
|move|p1a: Kyurem|Freeze-Dry|p2a: Bronzong
|-resisted|p2a: Bronzong
|-damage|p2a: Bronzong|27/100 par
|cant|p2a: Bronzong|par
|
|-heal|p2a: Bronzong|33/100 par|[from] item: Leftovers
|upkeep
|turn|30
|
|t:|1760794054
|move|p1a: Kyurem|Freeze-Dry|p2a: Bronzong
|-resisted|p2a: Bronzong
|-damage|p2a: Bronzong|21/100 par
|move|p2a: Bronzong|Night Shade|p1a: Kyurem
|-end|p1a: Kyurem|Substitute
|
|-heal|p2a: Bronzong|27/100 par|[from] item: Leftovers
|upkeep
|turn|31
|
|t:|1760794062
|switch|p2a: Alomomola|Alomomola, F|75/100
|move|p1a: Kyurem|Freeze-Dry|p2a: Alomomola
|-supereffective|p2a: Alomomola
|-damage|p2a: Alomomola|8/100
|
|upkeep
|turn|32
|
|t:|1760794068
|move|p2a: Alomomola|Protect|p2a: Alomomola
|-singleturn|p2a: Alomomola|Protect
|move|p1a: Kyurem|Freeze-Dry|p2a: Alomomola
|-activate|p2a: Alomomola|move: Protect
|
|upkeep
|turn|33
|
|t:|1760794073
|switch|p2a: Bronzong|Bronzong|27/100 par
|move|p1a: Kyurem|Freeze-Dry|p2a: Bronzong
|-resisted|p2a: Bronzong
|-damage|p2a: Bronzong|15/100 par
|
|-heal|p2a: Bronzong|22/100 par|[from] item: Leftovers
|upkeep
|turn|34
|
|t:|1760794081
|move|p2a: Bronzong|Protect|p2a: Bronzong
|-singleturn|p2a: Bronzong|Protect
|move|p1a: Kyurem|Substitute|p1a: Kyurem
|-start|p1a: Kyurem|Substitute
|-damage|p1a: Kyurem|75/100
|
|-heal|p1a: Kyurem|82/100|[from] item: Leftovers
|-heal|p2a: Bronzong|28/100 par|[from] item: Leftovers
|upkeep
|turn|35
|
|t:|1760794088
|move|p1a: Kyurem|Freeze-Dry|p2a: Bronzong
|-resisted|p2a: Bronzong
|-damage|p2a: Bronzong|16/100 par
|move|p2a: Bronzong|Night Shade|p1a: Kyurem
|-activate|p1a: Kyurem|move: Substitute|[damage]
|
|-heal|p1a: Kyurem|88/100|[from] item: Leftovers
|-heal|p2a: Bronzong|23/100 par|[from] item: Leftovers
|upkeep
|turn|36
|
|t:|1760794096
|move|p1a: Kyurem|Protect|p1a: Kyurem
|-singleturn|p1a: Kyurem|Protect
|cant|p2a: Bronzong|par
|
|-heal|p1a: Kyurem|94/100|[from] item: Leftovers
|-heal|p2a: Bronzong|29/100 par|[from] item: Leftovers
|upkeep
|turn|37
|
|t:|1760794103
|cant|p2a: Bronzong|par
|move|p1a: Kyurem|Freeze-Dry|p2a: Bronzong
|-resisted|p2a: Bronzong
|-damage|p2a: Bronzong|16/100 par
|
|-heal|p1a: Kyurem|99/100|[from] item: Leftovers
|-heal|p2a: Bronzong|23/100 par|[from] item: Leftovers
|upkeep
|turn|38
|
|t:|1760794110
|cant|p2a: Bronzong|par
|move|p1a: Kyurem|Substitute|p1a: Kyurem
|-fail|p1a: Kyurem|move: Substitute
|
|-heal|p1a: Kyurem|100/100|[from] item: Leftovers
|-heal|p2a: Bronzong|29/100 par|[from] item: Leftovers
|upkeep
|turn|39
|
|t:|1760794117
|move|p1a: Kyurem|Protect|p1a: Kyurem
|-singleturn|p1a: Kyurem|Protect
|move|p2a: Bronzong|Protect||[still]
|-fail|p2a: Bronzong
|
|-heal|p2a: Bronzong|35/100 par|[from] item: Leftovers
|upkeep
|turn|40
|
|t:|1760794124
|move|p1a: Kyurem|Freeze-Dry|p2a: Bronzong
|-resisted|p2a: Bronzong
|-damage|p2a: Bronzong|24/100 par
|move|p2a: Bronzong|Night Shade|p1a: Kyurem
|-end|p1a: Kyurem|Substitute
|
|-heal|p2a: Bronzong|31/100 par|[from] item: Leftovers
|upkeep
|turn|41
|
|t:|1760794138
|move|p2a: Bronzong|Protect|p2a: Bronzong
|-singleturn|p2a: Bronzong|Protect
|move|p1a: Kyurem|Substitute|p1a: Kyurem
|-start|p1a: Kyurem|Substitute
|-damage|p1a: Kyurem|75/100
|
|-heal|p1a: Kyurem|82/100|[from] item: Leftovers
|-heal|p2a: Bronzong|37/100 par|[from] item: Leftovers
|upkeep
|turn|42
|
|t:|1760794152
|switch|p1a: Gholdengo|Gholdengo|74/100
|-damage|p1a: Gholdengo|49/100|[from] Spikes
|-damage|p1a: Gholdengo|43/100|[from] Stealth Rock
|move|p2a: Bronzong|Stealth Rock||[still]
|-fail|p2a: Bronzong
|
|-heal|p2a: Bronzong|43/100 par|[from] item: Leftovers
|upkeep
|turn|43
|
|t:|1760794162
|switch|p2a: Clodsire|Clodsire, M|100/100
|move|p1a: Gholdengo|Recover|p1a: Gholdengo
|-heal|p1a: Gholdengo|93/100
|
|upkeep
|turn|44
|
|t:|1760794169
|move|p1a: Gholdengo|Make It Rain|p2a: Clodsire
|-crit|p2a: Clodsire
|-damage|p2a: Clodsire|58/100
|-unboost|p1a: Gholdengo|spa|1
|move|p2a: Clodsire|Earthquake|p1a: Gholdengo
|-supereffective|p1a: Gholdengo
|-damage|p1a: Gholdengo|58/100
|
|upkeep
|turn|45
|
|t:|1760794177
|move|p1a: Gholdengo|Make It Rain|p2a: Clodsire
|-damage|p2a: Clodsire|27/100
|-unboost|p1a: Gholdengo|spa|1
|move|p2a: Clodsire|Recover|p2a: Clodsire
|-heal|p2a: Clodsire|78/100
|
|upkeep
|turn|46
|
|t:|1760794189
|switch|p1a: Alomomola|Alomomola, F|100/100
|move|p2a: Clodsire|Earthquake|p1a: Alomomola
|-damage|p1a: Alomomola|86/100
|
|upkeep
|turn|47
|
|t:|1760794195
|switch|p1a: Gliscor|Gliscor, F|59/100
|-damage|p1a: Gliscor|46/100|[from] Stealth Rock
|switch|p2a: Alomomola|Alomomola, F|42/100
|
|upkeep
|turn|48
|
|t:|1760794202
|switch|p2a: Gliscor|Gliscor, F|100/100 tox
|move|p1a: Gliscor|U-turn|p2a: Gliscor
|-resisted|p2a: Gliscor
|-damage|p2a: Gliscor|96/100 tox
|
|t:|1760794209
|switch|p1a: Iron Valiant|Iron Valiant|100/100|[from] U-turn
|
|-heal|p2a: Gliscor|100/100 tox|[from] ability: Poison Heal
|upkeep
|turn|49
|
|t:|1760794217
|-terastallize|p1a: Iron Valiant|Fairy
|move|p1a: Iron Valiant|Moonblast|p2a: Gliscor
|-damage|p2a: Gliscor|20/100 tox
|-unboost|p2a: Gliscor|spa|1
|move|p2a: Gliscor|Knock Off|p1a: Iron Valiant
|-resisted|p1a: Iron Valiant
|-damage|p1a: Iron Valiant|86/100
|-enditem|p1a: Iron Valiant|Heavy-Duty Boots|[from] move: Knock Off|[of] p2a: Gliscor
|
|-heal|p2a: Gliscor|33/100 tox|[from] ability: Poison Heal
|upkeep
|turn|50
|
|t:|1760794227
|move|p2a: Gliscor|Protect|p2a: Gliscor
|-singleturn|p2a: Gliscor|Protect
|move|p1a: Iron Valiant|Knock Off|p2a: Gliscor
|-activate|p2a: Gliscor|move: Protect
|
|-heal|p2a: Gliscor|45/100 tox|[from] ability: Poison Heal
|upkeep
|turn|51
|
|t:|1760794233
|switch|p2a: Amoonguss|Amoonguss, F|100/100
|move|p1a: Iron Valiant|Knock Off|p2a: Amoonguss
|-damage|p2a: Amoonguss|82/100
|-enditem|p2a: Amoonguss|Heavy-Duty Boots|[from] move: Knock Off|[of] p1a: Iron Valiant
|
|upkeep
|turn|52
|
|t:|1760794240
|-end|p1a: Iron Valiant|Quark Drive|[silent]
|switch|p1a: Gholdengo|Gholdengo|58/100
|-damage|p1a: Gholdengo|33/100|[from] Spikes
|-damage|p1a: Gholdengo|27/100|[from] Stealth Rock
|move|p2a: Amoonguss|Clear Smog|p1a: Gholdengo
|-immune|p1a: Gholdengo
|
|upkeep
|turn|53
|
|t:|1760794249
|move|p1a: Gholdengo|Recover|p1a: Gholdengo
|-heal|p1a: Gholdengo|77/100
|move|p2a: Amoonguss|Foul Play|p1a: Gholdengo
|-supereffective|p1a: Gholdengo
|-damage|p1a: Gholdengo|63/100
|
|upkeep
|turn|54
|
|t:|1760794255
|switch|p2a: Clodsire|Clodsire, M|78/100
|move|p1a: Gholdengo|Make It Rain|p2a: Clodsire
|-damage|p2a: Clodsire|51/100
|-unboost|p1a: Gholdengo|spa|1
|
|upkeep
|turn|55
|
|t:|1760794262
|switch|p1a: Slowking|Slowking-Galar, F|75/100
|move|p2a: Clodsire|Recover|p2a: Clodsire
|-heal|p2a: Clodsire|100/100
|
|upkeep
|turn|56
|
|t:|1760794267
|move|p2a: Clodsire|Earthquake|p1a: Slowking
|-supereffective|p1a: Slowking
|-damage|p1a: Slowking|20/100
|move|p1a: Slowking|Future Sight|p2a: Clodsire
|-start|p1a: Slowking|move: Future Sight
|
|upkeep
|turn|57
|
|t:|1760794273
|switch|p2a: Bronzong|Bronzong|43/100 par
|switch|p1a: Gliscor|Gliscor, F|46/100
|-damage|p1a: Gliscor|34/100|[from] Stealth Rock
|
|-heal|p2a: Bronzong|49/100 par|[from] item: Leftovers
|upkeep
|turn|58
|
|t:|1760794281
|move|p2a: Bronzong|Protect|p2a: Bronzong
|-singleturn|p2a: Bronzong|Protect
|move|p1a: Gliscor|U-turn|p2a: Bronzong
|-activate|p2a: Bronzong|move: Protect
|
|-end|p2a: Bronzong|move: Future Sight
|-resisted|p2a: Bronzong
|-damage|p2a: Bronzong|43/100 par
|-heal|p2a: Bronzong|49/100 par|[from] item: Leftovers
|upkeep
|turn|59
|-message|ivon_neeeeeee forfeited.
|
|win|aretse
|raw|ivon_neeeeeee's rating: 1418 &rarr; <strong>1400</strong><br />(-18 for losing)
|raw|aretse's rating: 1451 &rarr; <strong>1469</strong><br />(+18 for winning)
|l|☆ivon_neeeeeee
|player|p1|
|l|☆aretse
|player|p2|
