|j|☆SasoriVzla7
|j|☆Team BBIO 38
|t:|1760725561
|gametype|singles
|player|p1|SasoriVzla7|lucian|1560
|player|p2|Team BBIO 38|dragontamer|1458
|gen|9
|tier|[Gen 9] OU
|rated|
|rule|HP Percentage Mod: HP is shown in percentages
|rule|Endless Battle Clause: Forcing endless battles is banned
|rule|Species Clause: Limit one of each Pokémon
|rule|OHKO Clause: OHKO moves are banned
|rule|Evasion Items Clause: Evasion items are banned
|rule|Evasion Moves Clause: Evasion moves are banned
|rule|Evasion Abilities Clause: Evasion abilities are banned
|rule|Sleep Moves Clause: Sleep-inducing moves are banned
|clearpoke
|poke|p1|Empoleon, F|
|poke|p1|Great Tusk|
|poke|p1|Landorus-Therian, M|
|poke|p1|Sinistcha|
|poke|p1|Darkrai|
|poke|p1|Arcanine-Hisui, M|
|poke|p2|Dusclops, M|
|poke|p2|Blissey, F|
|poke|p2|Flamigo, M|
|poke|p2|Latias, F|
|poke|p2|Darkrai|
|poke|p2|Tinkaton, F|
|teampreview
|inactive|Battle timer is ON: inactive players will automatically lose when time's up. (requested by Team BBIO 38)
|
|t:|1760725571
|teamsize|p1|6
|teamsize|p2|6
|start
|switch|p1a: Empoleon|Empoleon, F|100/100
|switch|p2a: Darkrai|Darkrai|100/100
|turn|1
|
|t:|1760725583
|move|p2a: Darkrai|Thunder|p1a: Empoleon
|-supereffective|p1a: Empoleon
|-damage|p1a: Empoleon|23/100
|move|p1a: Empoleon|Stealth Rock|p2a: Darkrai
|-sidestart|p2: Team BBIO 38|move: Stealth Rock
|
|-heal|p1a: Empoleon|30/100|[from] item: Leftovers
|upkeep
|turn|2
|
|t:|1760725591
|switch|p2a: Dusclops|Dusclops, M|100/100
|-damage|p2a: Dusclops|88/100|[from] Stealth Rock
|-item|p1a: Empoleon|Leftovers|[from] ability: Frisk|[of] p2a: Dusclops
|switch|p1a: Landorus|Landorus-Therian, M|100/100
|-ability|p1a: Landorus|Intimidate|boost
|-unboost|p2a: Dusclops|atk|1
|
|upkeep
|turn|3
|
|t:|1760725599
|move|p1a: Landorus|U-turn|p2a: Dusclops
|-resisted|p2a: Dusclops
|-crit|p2a: Dusclops
|-damage|p2a: Dusclops|79/100
|
|t:|1760725603
|switch|p1a: Empoleon|Empoleon, F|30/100|[from] U-turn
|move|p2a: Dusclops|Will-O-Wisp|p1a: Empoleon
|-status|p1a: Empoleon|brn
|
|-heal|p1a: Empoleon|36/100 brn|[from] item: Leftovers
|-damage|p1a: Empoleon|30/100 brn|[from] brn
|upkeep
|turn|4
|
|t:|1760725611
|move|p1a: Empoleon|Roost|p1a: Empoleon
|-heal|p1a: Empoleon|80/100 brn
|-singleturn|p1a: Empoleon|move: Roost
|move|p2a: Dusclops|Night Shade|p1a: Empoleon
|-damage|p1a: Empoleon|52/100 brn
|
|-heal|p1a: Empoleon|58/100 brn|[from] item: Leftovers
|-damage|p1a: Empoleon|52/100 brn|[from] brn
|upkeep
|turn|5
|
|t:|1760725619
|switch|p2a: Tinkaton|Tinkaton, F|100/100
|-damage|p2a: Tinkaton|94/100|[from] Stealth Rock
|-ability|p2a: Tinkaton|Mold Breaker
|move|p1a: Empoleon|Knock Off|p2a: Tinkaton
|-resisted|p2a: Tinkaton
|-damage|p2a: Tinkaton|88/100
|-enditem|p2a: Tinkaton|Leftovers|[from] move: Knock Off|[of] p1a: Empoleon
|
|-heal|p1a: Empoleon|58/100 brn|[from] item: Leftovers
|-damage|p1a: Empoleon|52/100 brn|[from] brn
|upkeep
|turn|6
|
|t:|1760725630
|move|p2a: Tinkaton|Knock Off|p1a: Empoleon
|-damage|p1a: Empoleon|29/100 brn
|-enditem|p1a: Empoleon|Leftovers|[from] move: Knock Off|[of] p2a: Tinkaton
|move|p1a: Empoleon|Roost|p1a: Empoleon
|-heal|p1a: Empoleon|79/100 brn
|-singleturn|p1a: Empoleon|move: Roost
|
|-damage|p1a: Empoleon|73/100 brn|[from] brn
|upkeep
|turn|7
|
|t:|1760725637
|move|p2a: Tinkaton|Encore|p1a: Empoleon
|-start|p1a: Empoleon|Encore
|move|p1a: Empoleon|Roost|p1a: Empoleon
|-heal|p1a: Empoleon|100/100 brn
|-singleturn|p1a: Empoleon|move: Roost
|
|-damage|p1a: Empoleon|94/100 brn|[from] brn
|upkeep
|turn|8
|
|t:|1760725643
|switch|p1a: Sinistcha|Sinistcha|100/100
|move|p2a: Tinkaton|Stealth Rock|p1a: Sinistcha
|-sidestart|p1: SasoriVzla7|move: Stealth Rock
|
|upkeep
|turn|9
|
|t:|1760725648
|switch|p1a: Empoleon|Empoleon, F|94/100 brn
|-damage|p1a: Empoleon|88/100 brn|[from] Stealth Rock
|move|p2a: Tinkaton|Knock Off|p1a: Empoleon
|-damage|p1a: Empoleon|72/100 brn
|
|-damage|p1a: Empoleon|66/100 brn|[from] brn
|upkeep
|turn|10
|
|t:|1760725656
|move|p2a: Tinkaton|Gigaton Hammer|p1a: Empoleon
|-resisted|p1a: Empoleon
|-damage|p1a: Empoleon|52/100 brn
|move|p1a: Empoleon|Surf|p2a: Tinkaton
|-damage|p2a: Tinkaton|49/100
|
|-damage|p1a: Empoleon|45/100 brn|[from] brn
|upkeep
|turn|11
|
|t:|1760725664
|switch|p2a: Blissey|Blissey, F|100/100
|-damage|p2a: Blissey|88/100|[from] Stealth Rock
|move|p1a: Empoleon|Roost|p1a: Empoleon
|-heal|p1a: Empoleon|95/100 brn
|-singleturn|p1a: Empoleon|move: Roost
|
|-heal|p2a: Blissey|94/100|[from] item: Leftovers
|-damage|p1a: Empoleon|89/100 brn|[from] brn
|upkeep
|turn|12
|
|t:|1760725672
|move|p1a: Empoleon|Knock Off|p2a: Blissey
|-damage|p2a: Blissey|86/100
|-enditem|p2a: Blissey|Leftovers|[from] move: Knock Off|[of] p1a: Empoleon
|move|p2a: Blissey|Thunder Wave||[still]
|-fail|p2a: Blissey
|
|-damage|p1a: Empoleon|83/100 brn|[from] brn
|upkeep
|turn|13
|
|t:|1760725681
|switch|p1a: Great Tusk|Great Tusk|100/100
|-damage|p1a: Great Tusk|97/100|[from] Stealth Rock
|switch|p2a: Dusclops|Dusclops, M|79/100
|-damage|p2a: Dusclops|66/100|[from] Stealth Rock
|-item|p1a: Great Tusk|Leftovers|[from] ability: Frisk|[of] p2a: Dusclops
|
|-heal|p1a: Great Tusk|100/100|[from] item: Leftovers
|upkeep
|turn|14
|
|t:|1760725692
|-end|p1a: Great Tusk|Protosynthesis|[silent]
|switch|p1a: Darkrai|Darkrai|100/100
|move|p2a: Dusclops|Pain Split|p1a: Darkrai
|-sethp|p1a: Darkrai|80/100|[from] move: Pain Split|[silent]
|-sethp|p2a: Dusclops|89/100|[from] move: Pain Split
|
|upkeep
|turn|15
|
|t:|1760725699
|switch|p2a: Blissey|Blissey, F|86/100
|-damage|p2a: Blissey|74/100|[from] Stealth Rock
|move|p1a: Darkrai|Substitute|p1a: Darkrai
|-start|p1a: Darkrai|Substitute
|-damage|p1a: Darkrai|55/100
|
|upkeep
|turn|16
|
|t:|1760725711
|move|p1a: Darkrai|Will-O-Wisp|p2a: Blissey
|-status|p2a: Blissey|brn
|move|p2a: Blissey|Seismic Toss|p1a: Darkrai
|-end|p1a: Darkrai|Substitute
|
|-damage|p2a: Blissey|68/100 brn|[from] brn
|upkeep
|turn|17
|
|t:|1760725719
|switch|p1a: Sinistcha|Sinistcha|100/100
|-damage|p1a: Sinistcha|88/100|[from] Stealth Rock
|move|p2a: Blissey|Seismic Toss|p1a: Sinistcha
|-immune|p1a: Sinistcha
|
|-damage|p2a: Blissey|62/100 brn|[from] brn
|upkeep
|turn|18
|
|t:|1760725726
|move|p1a: Sinistcha|Matcha Gotcha|p2a: Blissey|[miss]
|-miss|p1a: Sinistcha|p2a: Blissey
|move|p2a: Blissey|Thunder Wave|p1a: Sinistcha
|-status|p1a: Sinistcha|par
|
|-damage|p2a: Blissey|56/100 brn|[from] brn
|upkeep
|turn|19
|
|t:|1760725735
|move|p2a: Blissey|Soft-Boiled|p2a: Blissey
|-heal|p2a: Blissey|100/100 brn
|cant|p1a: Sinistcha|par
|
|-damage|p2a: Blissey|94/100 brn|[from] brn
|upkeep
|turn|20
|
|t:|1760725744
|-curestatus|p2a: Blissey|brn|[from] ability: Natural Cure
|switch|p2a: Tinkaton|Tinkaton, F|49/100
|-damage|p2a: Tinkaton|43/100|[from] Stealth Rock
|-ability|p2a: Tinkaton|Mold Breaker
|move|p1a: Sinistcha|Calm Mind|p1a: Sinistcha
|-boost|p1a: Sinistcha|spa|1
|-boost|p1a: Sinistcha|spd|1
|
|upkeep
|turn|21
|
|t:|1760725752
|switch|p1a: Landorus|Landorus-Therian, M|100/100
|-damage|p1a: Landorus|88/100|[from] Stealth Rock
|-ability|p1a: Landorus|Intimidate|boost
|-unboost|p2a: Tinkaton|atk|1
|move|p2a: Tinkaton|Encore||[still]
|-fail|p2a: Tinkaton
|
|upkeep
|turn|22
|
|t:|1760725761
|switch|p2a: Dusclops|Dusclops, M|89/100
|-damage|p2a: Dusclops|77/100|[from] Stealth Rock
|-item|p1a: Landorus|Choice Scarf|[from] ability: Frisk|[of] p2a: Dusclops
|move|p1a: Landorus|U-turn|p2a: Dusclops
|-resisted|p2a: Dusclops
|-damage|p2a: Dusclops|70/100
|
|t:|1760725774
|switch|p1a: Arcanine|Arcanine-Hisui, M|100/100|[from] U-turn
|-damage|p1a: Arcanine|76/100|[from] Stealth Rock
|
|upkeep
|turn|23
|
|t:|1760725787
|move|p1a: Arcanine|Head Smash|p2a: Dusclops
|-damage|p2a: Dusclops|21/100
|move|p2a: Dusclops|Pain Split|p1a: Arcanine
|-sethp|p1a: Arcanine|47/100|[from] move: Pain Split|[silent]
|-sethp|p2a: Dusclops|54/100|[from] move: Pain Split
|
|upkeep
|turn|24
|
|t:|1760725795
|move|p1a: Arcanine|Head Smash|p2a: Dusclops
|-damage|p2a: Dusclops|4/100
|move|p2a: Dusclops|Night Shade|p1a: Arcanine
|-damage|p1a: Arcanine|17/100
|
|upkeep
|turn|25
|
|t:|1760725800
|move|p1a: Arcanine|Head Smash|p2a: Dusclops
|-damage|p2a: Dusclops|0 fnt
|faint|p2a: Dusclops
|
|upkeep
|
|t:|1760725804
|switch|p2a: Tinkaton|Tinkaton, F|43/100
|-damage|p2a: Tinkaton|37/100|[from] Stealth Rock
|-ability|p2a: Tinkaton|Mold Breaker
|turn|26
|
|t:|1760725810
|switch|p1a: Landorus|Landorus-Therian, M|88/100
|-damage|p1a: Landorus|76/100|[from] Stealth Rock
|-ability|p1a: Landorus|Intimidate|boost
|-unboost|p2a: Tinkaton|atk|1
|move|p2a: Tinkaton|Gigaton Hammer|p1a: Landorus
|-damage|p1a: Landorus|31/100
|
|upkeep
|turn|27
|
|t:|1760725820
|move|p1a: Landorus|U-turn|p2a: Tinkaton
|-resisted|p2a: Tinkaton
|-damage|p2a: Tinkaton|29/100
|
|t:|1760725823
|switch|p1a: Empoleon|Empoleon, F|83/100 brn|[from] U-turn
|-damage|p1a: Empoleon|77/100 brn|[from] Stealth Rock
|move|p2a: Tinkaton|Knock Off|p1a: Empoleon
|-damage|p1a: Empoleon|66/100 brn
|
|-damage|p1a: Empoleon|60/100 brn|[from] brn
|upkeep
|turn|28
|
|t:|1760725832
|switch|p2a: Darkrai|Darkrai|100/100
|-damage|p2a: Darkrai|88/100|[from] Stealth Rock
|move|p1a: Empoleon|Surf|p2a: Darkrai
|-damage|p2a: Darkrai|45/100
|
|-damage|p1a: Empoleon|54/100 brn|[from] brn
|upkeep
|turn|29
|
|t:|1760725840
|move|p2a: Darkrai|Dark Pulse|p1a: Empoleon
|-damage|p1a: Empoleon|7/100 brn
|cant|p1a: Empoleon|flinch
|
|-damage|p1a: Empoleon|0 fnt|[from] brn
|faint|p1a: Empoleon
|upkeep
|
|t:|1760725850
|switch|p1a: Great Tusk|Great Tusk|100/100
|-damage|p1a: Great Tusk|97/100|[from] Stealth Rock
|turn|30
|
|t:|1760725855
|switch|p2a: Flamigo|Flamigo, M|100/100
|-damage|p2a: Flamigo|88/100|[from] Stealth Rock
|move|p1a: Great Tusk|Rapid Spin|p2a: Flamigo
|-damage|p2a: Flamigo|67/100
|-boost|p1a: Great Tusk|spe|1
|-sideend|p1: SasoriVzla7|Stealth Rock|[from] move: Rapid Spin|[of] p1a: Great Tusk
|
|-heal|p1a: Great Tusk|100/100|[from] item: Leftovers
|upkeep
|turn|31
|
|t:|1760725863
|move|p2a: Flamigo|Brave Bird|p1a: Great Tusk
|-supereffective|p1a: Great Tusk
|-damage|p1a: Great Tusk|42/100
|-damage|p2a: Flamigo|43/100|[from] Recoil
|move|p1a: Great Tusk|Ice Spinner|p2a: Flamigo
|-supereffective|p2a: Flamigo
|-damage|p2a: Flamigo|0 fnt
|faint|p2a: Flamigo
|
|-heal|p1a: Great Tusk|48/100|[from] item: Leftovers
|upkeep
|
|t:|1760725876
|switch|p2a: Tinkaton|Tinkaton, F|29/100
|-damage|p2a: Tinkaton|23/100|[from] Stealth Rock
|-ability|p2a: Tinkaton|Mold Breaker
|turn|32
|
|t:|1760725881
|move|p1a: Great Tusk|Close Combat|p2a: Tinkaton
|-damage|p2a: Tinkaton|0 fnt
|-unboost|p1a: Great Tusk|def|1
|-unboost|p1a: Great Tusk|spd|1
|faint|p2a: Tinkaton
|
|-heal|p1a: Great Tusk|54/100|[from] item: Leftovers
|upkeep
|
|t:|1760725889
|switch|p2a: Darkrai|Darkrai|45/100
|-damage|p2a: Darkrai|33/100|[from] Stealth Rock
|turn|33
|
|t:|1760725894
|-terastallize|p2a: Darkrai|Ghost
|move|p2a: Darkrai|Ice Beam|p1a: Great Tusk
|-supereffective|p1a: Great Tusk
|-damage|p1a: Great Tusk|0 fnt
|faint|p1a: Great Tusk
|-end|p1a: Great Tusk|Protosynthesis|[silent]
|
|upkeep
|
|t:|1760725899
|switch|p1a: Darkrai|Darkrai|55/100
|turn|34
|
|t:|1760725904
|switch|p2a: Blissey|Blissey, F|94/100
|-damage|p2a: Blissey|82/100|[from] Stealth Rock
|move|p1a: Darkrai|Sludge Bomb|p2a: Blissey
|-damage|p2a: Blissey|72/100
|
|upkeep
|turn|35
|
|t:|1760725911
|switch|p1a: Sinistcha|Sinistcha|88/100 par
|move|p2a: Blissey|Thunder Wave|p1a: Sinistcha
|-fail|p1a: Sinistcha|par
|
|upkeep
|turn|36
|
|t:|1760725917
|switch|p2a: Darkrai|Darkrai, tera:Ghost|33/100
|-damage|p2a: Darkrai|20/100|[from] Stealth Rock
|move|p1a: Sinistcha|Calm Mind|p1a: Sinistcha
|-boost|p1a: Sinistcha|spa|1
|-boost|p1a: Sinistcha|spd|1
|
|upkeep
|turn|37
|
|t:|1760725924
|move|p2a: Darkrai|Dark Pulse|p1a: Sinistcha
|-supereffective|p1a: Sinistcha
|-damage|p1a: Sinistcha|0 fnt
|faint|p1a: Sinistcha
|
|upkeep
|
|t:|1760725928
|switch|p1a: Landorus|Landorus-Therian, M|31/100
|-ability|p1a: Landorus|Intimidate|boost
|-unboost|p2a: Darkrai|atk|1
|turn|38
|
|t:|1760725933
|-terastallize|p1a: Landorus|Flying
|move|p1a: Landorus|Tera Blast|p2a: Darkrai|[anim] Tera Blast Flying
|-damage|p2a: Darkrai|0 fnt
|faint|p2a: Darkrai
|
|upkeep
|
|t:|1760725940
|switch|p2a: Alaric|Latias, F|100/100
|-damage|p2a: Alaric|88/100|[from] Stealth Rock
|turn|39
|
|t:|1760725948
|move|p1a: Landorus|Tera Blast|p2a: Alaric|[anim] Tera Blast Flying
|-damage|p2a: Alaric|32/100
|move|p2a: Alaric|Calm Mind|p2a: Alaric
|-boost|p2a: Alaric|spa|1
|-boost|p2a: Alaric|spd|1
|
|upkeep
|turn|40
|
|t:|1760725953
|move|p1a: Landorus|Tera Blast|p2a: Alaric|[anim] Tera Blast Flying
|-damage|p2a: Alaric|0 fnt
|faint|p2a: Alaric
|
|upkeep
|
|t:|1760725956
|switch|p2a: Blissey|Blissey, F|72/100
|-damage|p2a: Blissey|59/100|[from] Stealth Rock
|turn|41
|
|t:|1760725960
|move|p1a: Landorus|Tera Blast|p2a: Blissey|[anim] Tera Blast Flying
|-damage|p2a: Blissey|1/100
|move|p2a: Blissey|Seismic Toss|p1a: Landorus
|-damage|p1a: Landorus|0 fnt
|faint|p1a: Landorus
|
|upkeep
|
|t:|1760725966
|switch|p1a: Arcanine|Arcanine-Hisui, M|17/100
|turn|42
|
|t:|1760725968
|move|p1a: Arcanine|Flare Blitz|p2a: Blissey
|-damage|p2a: Blissey|0 fnt
|faint|p2a: Blissey
|
|win|SasoriVzla7
|raw|SasoriVzla7's rating: 1560 &rarr; <strong>1574</strong><br />(+14 for winning)
|raw|Team BBIO 38's rating: 1458 &rarr; <strong>1444</strong><br />(-14 for losing)
|l|☆Team BBIO 38
|player|p2|
|l|☆SasoriVzla7
|player|p1|
