|j|☆plolaaa
|j|☆cedertra
|t:|1760776067
|gametype|singles
|player|p1|plolaaa|preschooler|1087
|player|p2|cedertra|dawn-gen4pt|1061
|gen|9
|tier|[Gen 9] OU
|rated|
|rule|HP Percentage Mod: HP is shown in percentages
|rule|Endless Battle Clause: Forcing endless battles is banned
|rule|Species Clause: Limit one of each Pokémon
|rule|OHKO Clause: OHKO moves are banned
|rule|Evasion Items Clause: Evasion items are banned
|rule|Evasion Moves Clause: Evasion moves are banned
|rule|Evasion Abilities Clause: Evasion abilities are banned
|rule|Sleep Moves Clause: Sleep-inducing moves are banned
|clearpoke
|poke|p1|Manaphy|
|poke|p1|Bellossom, F|
|poke|p1|Magmar, F|
|poke|p1|Porygon2|
|poke|p1|Piloswine, F|
|poke|p1|Pelipper, M|
|poke|p2|Dragapult, M|
|poke|p2|Dragonite, F|
|poke|p2|Ting-Lu|
|poke|p2|Weezing-Galar, F|
|poke|p2|Zapdos|
|poke|p2|Gholdengo|
|teampreview
|inactive|Battle timer is ON: inactive players will automatically lose when time's up. (requested by cedertra)
|
|t:|1760776072
|teamsize|p1|6
|teamsize|p2|6
|start
|switch|p1a: Pelipper|Pelipper, M|100/100
|switch|p2a: Ting-Lu|Ting-Lu|100/100
|-weather|RainDance|[from] ability: Drizzle|[of] p1a: Pelipper
|-ability|p2a: Ting-Lu|Vessel of Ruin
|turn|1
|
|t:|1760776082
|move|p1a: Pelipper|Weather Ball|p2a: Ting-Lu
|-supereffective|p2a: Ting-Lu
|-damage|p2a: Ting-Lu|42/100
|move|p2a: Ting-Lu|Stealth Rock|p1a: Pelipper
|-sidestart|p1: plolaaa|move: Stealth Rock
|
|-weather|RainDance|[upkeep]
|-heal|p2a: Ting-Lu|48/100|[from] item: Leftovers
|upkeep
|turn|2
|
|t:|1760776093
|switch|p2a: Zapdos|Zapdos|100/100
|move|p1a: Pelipper|Weather Ball|p2a: Zapdos
|-damage|p2a: Zapdos|27/100
|
|-weather|RainDance|[upkeep]
|upkeep
|turn|3
|
|t:|1760776102
|move|p2a: Zapdos|Volt Switch|p1a: Pelipper
|-supereffective|p1a: Pelipper
|-damage|p1a: Pelipper|0 fnt
|faint|p1a: Pelipper
|
|t:|1760776107
|switch|p2a: Ting-Lu|Ting-Lu|48/100|[from] Volt Switch
|-ability|p2a: Ting-Lu|Vessel of Ruin
|
|-weather|RainDance|[upkeep]
|-heal|p2a: Ting-Lu|54/100|[from] item: Leftovers
|upkeep
|
|t:|1760776113
|switch|p1a: Manaphy|Manaphy|100/100
|-damage|p1a: Manaphy|88/100|[from] Stealth Rock
|turn|4
|
|t:|1760776120
|-terastallize|p1a: Manaphy|Water
|move|p1a: Manaphy|Scald|p2a: Ting-Lu
|-supereffective|p2a: Ting-Lu
|-damage|p2a: Ting-Lu|8/100
|move|p2a: Ting-Lu|Ruination|p1a: Manaphy
|-damage|p1a: Manaphy|44/100
|
|-weather|RainDance|[upkeep]
|-heal|p2a: Ting-Lu|14/100|[from] item: Leftovers
|upkeep
|turn|5
|
|t:|1760776131
|switch|p2a: Zapdos|Zapdos|27/100
|move|p1a: Manaphy|Scald|p2a: Zapdos
|-damage|p2a: Zapdos|0 fnt
|faint|p2a: Zapdos
|
|-weather|RainDance|[upkeep]
|upkeep
|
|t:|1760776139
|switch|p2a: Weezing|Weezing-Galar, F|100/100
|-ability|p2a: Weezing|Neutralizing Gas
|turn|6
|
|t:|1760776150
|move|p1a: Manaphy|Scald|p2a: Weezing
|-damage|p2a: Weezing|15/100
|move|p2a: Weezing|Toxic|p1a: Manaphy
|-status|p1a: Manaphy|tox
|
|-weather|RainDance|[upkeep]
|-damage|p1a: Manaphy|38/100 tox|[from] psn
|upkeep
|turn|7
|
|t:|1760776161
|move|p1a: Manaphy|Scald|p2a: Weezing
|-crit|p2a: Weezing
|-damage|p2a: Weezing|0 fnt
|faint|p2a: Weezing
|-end|p2a: Weezing|ability: Neutralizing Gas
|
|-weather|RainDance|[upkeep]
|-activate|p1a: Manaphy|ability: Hydration
|-curestatus|p1a: Manaphy|tox|[msg]
|upkeep
|
|t:|1760776164
|switch|p2a: Gholdengo|Gholdengo|100/100
|turn|8
|
|t:|1760776173
|move|p2a: Gholdengo|Shadow Ball|p1a: Manaphy
|-damage|p1a: Manaphy|0 fnt
|faint|p1a: Manaphy
|-damage|p2a: Gholdengo|91/100|[from] item: Life Orb
|
|-weather|none
|upkeep
|
|t:|1760776181
|switch|p1a: Magmar|Magmar, F|100/100
|-damage|p1a: Magmar|76/100|[from] Stealth Rock
|turn|9
|
|t:|1760776192
|switch|p2a: Ting-Lu|Ting-Lu|14/100
|-ability|p2a: Ting-Lu|Vessel of Ruin
|move|p1a: Magmar|Scorching Sands|p2a: Ting-Lu
|-damage|p2a: Ting-Lu|5/100
|
|-heal|p2a: Ting-Lu|11/100|[from] item: Leftovers
|upkeep
|turn|10
|
|t:|1760776205
|move|p1a: Magmar|Flamethrower|p2a: Ting-Lu
|-damage|p2a: Ting-Lu|0 fnt
|faint|p2a: Ting-Lu
|
|upkeep
|
|t:|1760776213
|switch|p2a: Dragapult|Dragapult, M|100/100
|turn|11
|
|t:|1760776224
|-terastallize|p2a: Dragapult|Ghost
|move|p2a: Dragapult|Shadow Ball|p1a: Magmar
|-damage|p1a: Magmar|4/100
|move|p1a: Magmar|Scorching Sands|p2a: Dragapult
|-damage|p2a: Dragapult|71/100
|-status|p2a: Dragapult|brn
|
|-damage|p2a: Dragapult|65/100 brn|[from] brn
|upkeep
|turn|12
|
|t:|1760776235
|move|p2a: Dragapult|Shadow Ball|p1a: Magmar
|-damage|p1a: Magmar|0 fnt
|faint|p1a: Magmar
|
|-damage|p2a: Dragapult|59/100 brn|[from] brn
|upkeep
|
|t:|1760776241
|switch|p1a: Bellossom|Bellossom, F|100/100
|-damage|p1a: Bellossom|88/100|[from] Stealth Rock
|turn|13
|
|t:|1760776247
|move|p2a: Dragapult|Shadow Ball|p1a: Bellossom
|-damage|p1a: Bellossom|0 fnt
|faint|p1a: Bellossom
|
|-damage|p2a: Dragapult|53/100 brn|[from] brn
|upkeep
|
|t:|1760776251
|switch|p1a: Piloswine|Piloswine, F|100/100
|-damage|p1a: Piloswine|88/100|[from] Stealth Rock
|turn|14
|
|t:|1760776262
|move|p2a: Dragapult|Shadow Ball|p1a: Piloswine
|-damage|p1a: Piloswine|22/100
|move|p1a: Piloswine|Bite|p2a: Dragapult
|-supereffective|p2a: Dragapult
|-damage|p2a: Dragapult|2/100 brn
|
|-damage|p2a: Dragapult|0 fnt|[from] brn
|faint|p2a: Dragapult
|upkeep
|
|t:|1760776267
|switch|p2a: Dragonite|Dragonite, F|100/100
|turn|15
|
|t:|1760776270
|move|p2a: Dragonite|Extreme Speed|p1a: Piloswine
|-crit|p1a: Piloswine
|-damage|p1a: Piloswine|0 fnt
|faint|p1a: Piloswine
|
|upkeep
|
|t:|1760776273
|switch|p1a: Porygon2|Porygon2|100/100
|-damage|p1a: Porygon2|88/100|[from] Stealth Rock
|-ability|p1a: Porygon2|Download|boost
|-boost|p1a: Porygon2|atk|1
|turn|16
|
|t:|1760776280
|move|p2a: Dragonite|Earthquake|p1a: Porygon2
|-damage|p1a: Porygon2|61/100
|move|p1a: Porygon2|Discharge|p2a: Dragonite
|-damage|p2a: Dragonite|88/100
|
|upkeep
|turn|17
|
|t:|1760776289
|move|p2a: Dragonite|Ice Spinner|p1a: Porygon2
|-damage|p1a: Porygon2|40/100
|move|p1a: Porygon2|Recover|p1a: Porygon2
|-heal|p1a: Porygon2|90/100
|
|upkeep
|turn|18
|
|t:|1760776301
|move|p2a: Dragonite|Earthquake|p1a: Porygon2
|-damage|p1a: Porygon2|63/100
|move|p1a: Porygon2|Discharge|p2a: Dragonite
|-damage|p2a: Dragonite|64/100
|-status|p2a: Dragonite|par
|
|upkeep
|turn|19
|
|t:|1760776307
|move|p1a: Porygon2|Recover|p1a: Porygon2
|-heal|p1a: Porygon2|100/100
|move|p2a: Dragonite|Earthquake|p1a: Porygon2
|-damage|p1a: Porygon2|76/100
|
|upkeep
|turn|20
|
|t:|1760776314
|switch|p2a: Gholdengo|Gholdengo|91/100
|move|p1a: Porygon2|Tri Attack|p2a: Gholdengo
|-immune|p2a: Gholdengo
|
|upkeep
|turn|21
|
|t:|1760776322
|move|p2a: Gholdengo|Thunder Wave|p1a: Porygon2
|-status|p1a: Porygon2|par
|move|p1a: Porygon2|Discharge|p2a: Gholdengo
|-damage|p2a: Gholdengo|57/100
|
|upkeep
|turn|22
|
|t:|1760776330
|move|p2a: Gholdengo|Make It Rain|p1a: Porygon2
|-damage|p1a: Porygon2|26/100 par
|-unboost|p2a: Gholdengo|spa|1
|-damage|p2a: Gholdengo|47/100|[from] item: Life Orb
|move|p1a: Porygon2|Recover|p1a: Porygon2
|-heal|p1a: Porygon2|76/100 par
|
|upkeep
|turn|23
|
|t:|1760776339
|move|p2a: Gholdengo|Recover|p2a: Gholdengo
|-heal|p2a: Gholdengo|97/100
|cant|p1a: Porygon2|par
|
|upkeep
|turn|24
|
|t:|1760776344
|move|p2a: Gholdengo|Make It Rain|p1a: Porygon2
|-damage|p1a: Porygon2|44/100 par
|-unboost|p2a: Gholdengo|spa|1
|-damage|p2a: Gholdengo|87/100|[from] item: Life Orb
|move|p1a: Porygon2|Discharge|p2a: Gholdengo
|-damage|p2a: Gholdengo|57/100
|
|upkeep
|turn|25
|
|t:|1760776354
|move|p2a: Gholdengo|Make It Rain|p1a: Porygon2
|-damage|p1a: Porygon2|18/100 par
|-unboost|p2a: Gholdengo|spa|1
|-damage|p2a: Gholdengo|47/100|[from] item: Life Orb
|move|p1a: Porygon2|Recover|p1a: Porygon2
|-heal|p1a: Porygon2|68/100 par
|
|upkeep
|turn|26
|
|t:|1760776363
|move|p2a: Gholdengo|Recover|p2a: Gholdengo
|-heal|p2a: Gholdengo|98/100
|move|p1a: Porygon2|Discharge|p2a: Gholdengo
|-damage|p2a: Gholdengo|67/100
|
|upkeep
|turn|27
|
|t:|1760776370
|switch|p2a: Dragonite|Dragonite, F|64/100 par
|move|p1a: Porygon2|Discharge|p2a: Dragonite
|-damage|p2a: Dragonite|38/100 par
|
|upkeep
|turn|28
|
|t:|1760776377
|cant|p2a: Dragonite|par
|cant|p1a: Porygon2|par
|
|upkeep
|turn|29
|
|t:|1760776382
|cant|p2a: Dragonite|par
|move|p1a: Porygon2|Tri Attack|p2a: Dragonite
|-damage|p2a: Dragonite|0 fnt
|faint|p2a: Dragonite
|
|upkeep
|
|t:|1760776385
|switch|p2a: Gholdengo|Gholdengo|67/100
|turn|30
|
|t:|1760776389
|move|p2a: Gholdengo|Make It Rain|p1a: Porygon2
|-damage|p1a: Porygon2|15/100 par
|-unboost|p2a: Gholdengo|spa|1
|-damage|p2a: Gholdengo|57/100|[from] item: Life Orb
|move|p1a: Porygon2|Recover|p1a: Porygon2
|-heal|p1a: Porygon2|65/100 par
|
|upkeep
|turn|31
|
|t:|1760776399
|move|p2a: Gholdengo|Recover|p2a: Gholdengo
|-heal|p2a: Gholdengo|100/100
|move|p1a: Porygon2|Recover|p1a: Porygon2
|-heal|p1a: Porygon2|100/100 par
|
|upkeep
|turn|32
|
|t:|1760776405
|move|p2a: Gholdengo|Make It Rain|p1a: Porygon2
|-damage|p1a: Porygon2|65/100 par
|-unboost|p2a: Gholdengo|spa|1
|-damage|p2a: Gholdengo|91/100|[from] item: Life Orb
|move|p1a: Porygon2|Discharge|p2a: Gholdengo
|-damage|p2a: Gholdengo|57/100
|-status|p2a: Gholdengo|par
|
|upkeep
|turn|33
|
|t:|1760776416
|move|p2a: Gholdengo|Recover|p2a: Gholdengo
|-heal|p2a: Gholdengo|100/100 par
|move|p1a: Porygon2|Discharge|p2a: Gholdengo
|-damage|p2a: Gholdengo|71/100 par
|
|upkeep
|turn|34
|
|t:|1760776423
|move|p2a: Gholdengo|Make It Rain|p1a: Porygon2
|-damage|p1a: Porygon2|39/100 par
|-unboost|p2a: Gholdengo|spa|1
|-damage|p2a: Gholdengo|61/100 par|[from] item: Life Orb
|move|p1a: Porygon2|Discharge|p2a: Gholdengo
|-damage|p2a: Gholdengo|31/100 par
|
|upkeep
|turn|35
|
|t:|1760776435
|cant|p2a: Gholdengo|par
|move|p1a: Porygon2|Recover|p1a: Porygon2
|-heal|p1a: Porygon2|89/100 par
|
|upkeep
|turn|36
|
|t:|1760776441
|move|p2a: Gholdengo|Recover|p2a: Gholdengo
|-heal|p2a: Gholdengo|81/100 par
|cant|p1a: Porygon2|par
|
|upkeep
|turn|37
|
|t:|1760776449
|cant|p2a: Gholdengo|par
|move|p1a: Porygon2|Discharge|p2a: Gholdengo
|-damage|p2a: Gholdengo|49/100 par
|
|upkeep
|turn|38
|
|t:|1760776455
|move|p2a: Gholdengo|Make It Rain|p1a: Porygon2
|-damage|p1a: Porygon2|68/100 par
|-unboost|p2a: Gholdengo|spa|1
|-damage|p2a: Gholdengo|39/100 par|[from] item: Life Orb
|cant|p1a: Porygon2|par
|
|upkeep
|turn|39
|
|t:|1760776469
|move|p2a: Gholdengo|Recover|p2a: Gholdengo
|-heal|p2a: Gholdengo|89/100 par
|move|p1a: Porygon2|Discharge|p2a: Gholdengo
|-damage|p2a: Gholdengo|56/100 par
|
|upkeep
|turn|40
|
|t:|1760776476
|cant|p2a: Gholdengo|par
|move|p1a: Porygon2|Discharge|p2a: Gholdengo
|-damage|p2a: Gholdengo|24/100 par
|
|upkeep
|turn|41
|
|t:|1760776482
|cant|p2a: Gholdengo|par
|move|p1a: Porygon2|Discharge|p2a: Gholdengo
|-damage|p2a: Gholdengo|0 fnt
|faint|p2a: Gholdengo
|
|win|plolaaa
|raw|plolaaa's rating: 1087 &rarr; <strong>1112</strong><br />(+25 for winning)
|raw|cedertra's rating: 1061 &rarr; <strong>1043</strong><br />(-18 for losing)
|l|☆cedertra
|player|p2|
|l|☆plolaaa
|player|p1|
