|j|☆coin six
|j|☆GreninjaGlazer53
|t:|1760772833
|gametype|singles
|player|p1|coin six|wallace|1388
|player|p2|GreninjaGlazer53|janitor|1422
|gen|9
|tier|[Gen 9] OU
|rated|
|rule|HP Percentage Mod: HP is shown in percentages
|rule|Endless Battle Clause: Forcing endless battles is banned
|rule|Species Clause: Limit one of each Pokémon
|rule|OHKO Clause: OHKO moves are banned
|rule|Evasion Items Clause: Evasion items are banned
|rule|Evasion Moves Clause: Evasion moves are banned
|rule|Evasion Abilities Clause: Evasion abilities are banned
|rule|Sleep Moves Clause: Sleep-inducing moves are banned
|clearpoke
|poke|p1|Samurott-Hisui, F|
|poke|p1|Gholdengo|
|poke|p1|Great Tusk|
|poke|p1|Raging Bolt|
|poke|p1|Blaziken, F|
|poke|p1|Alomomola, F|
|poke|p2|Dragapult, F|
|poke|p2|Zamazenta-*|
|poke|p2|Hatterene, F|
|poke|p2|Ogerpon-Wellspring, F|
|poke|p2|Slowking-Galar, M|
|poke|p2|Great Tusk|
|teampreview
|inactive|Battle timer is ON: inactive players will automatically lose when time's up. (requested by coin six)
|
|t:|1760772846
|teamsize|p1|6
|teamsize|p2|6
|start
|switch|p1a: Blaziken|Blaziken, F, shiny|100/100
|switch|p2a: Dragapult|Dragapult, F, shiny|100/100
|turn|1
|
|t:|1760772855
|switch|p1a: Alomomola|Alomomola, F|100/100
|move|p2a: Dragapult|Dragon Dance|p2a: Dragapult
|-boost|p2a: Dragapult|atk|1
|-boost|p2a: Dragapult|spe|1
|
|upkeep
|turn|2
|
|t:|1760772873
|move|p2a: Dragapult|Dragon Darts|p1a: Alomomola
|-damage|p1a: Alomomola|72/100
|-anim|p2a: Dragapult|Dragon Darts|p1a: Alomomola
|-damage|p1a: Alomomola|44/100
|-damage|p2a: Dragapult|91/100|[from] item: Life Orb
|move|p1a: Alomomola|Flip Turn|p2a: Dragapult
|-resisted|p2a: Dragapult
|-damage|p2a: Dragapult|80/100
|
|t:|1760772886
|switch|p1a: Great Tusk|Great Tusk|100/100|[from] Flip Turn
|
|upkeep
|turn|3
|
|t:|1760772892
|move|p2a: Dragapult|Substitute|p2a: Dragapult
|-start|p2a: Dragapult|Substitute
|-damage|p2a: Dragapult|55/100
|move|p1a: Great Tusk|Ice Spinner|p2a: Dragapult
|-supereffective|p2a: Dragapult
|-end|p2a: Dragapult|Substitute
|
|upkeep
|turn|4
|inactive|GreninjaGlazer53 has 120 seconds left.
|
|t:|1760772928
|-terastallize|p2a: Dragapult|Ghost
|move|p2a: Dragapult|Dragon Darts|p1a: Great Tusk
|-damage|p1a: Great Tusk|64/100
|-anim|p2a: Dragapult|Dragon Darts|p1a: Great Tusk
|-damage|p1a: Great Tusk|23/100
|-damage|p2a: Dragapult|45/100|[from] item: Life Orb
|move|p1a: Great Tusk|Ice Spinner|p2a: Dragapult
|-damage|p2a: Dragapult|1/100
|
|upkeep
|turn|5
|inactive|GreninjaGlazer53 has 120 seconds left.
|
|t:|1760772939
|-end|p1a: Great Tusk|Protosynthesis|[silent]
|switch|p1a: Alomomola|Alomomola, F|77/100
|move|p2a: Dragapult|Tera Blast|p1a: Alomomola|[anim] Tera Blast Ghost
|-damage|p1a: Alomomola|15/100
|-damage|p2a: Dragapult|0 fnt|[from] item: Life Orb
|faint|p2a: Dragapult
|
|upkeep
|
|t:|1760772952
|switch|p2a: Ogerpon|Ogerpon-Wellspring, F|100/100
|turn|6
|
|t:|1760772962
|switch|p1a: Raging Bolt|Raging Bolt|100/100
|move|p2a: Ogerpon|Knock Off|p1a: Raging Bolt
|-damage|p1a: Raging Bolt|72/100
|-enditem|p1a: Raging Bolt|Heavy-Duty Boots|[from] move: Knock Off|[of] p2a: Ogerpon
|
|upkeep
|turn|7
|inactive|GreninjaGlazer53 has 120 seconds left.
|
|t:|1760772974
|switch|p2a: Hatterene|Hatterene, F|100/100
|move|p1a: Raging Bolt|Thunderbolt|p2a: Hatterene
|-damage|p2a: Hatterene|69/100
|
|upkeep
|turn|8
|inactive|GreninjaGlazer53 has 120 seconds left.
|
|t:|1760772984
|-end|p1a: Raging Bolt|Protosynthesis|[silent]
|switch|p1a: Gholdengo|Gholdengo|100/100
|move|p2a: Hatterene|Mystical Fire|p1a: Gholdengo
|-supereffective|p1a: Gholdengo
|-damage|p1a: Gholdengo|59/100
|-unboost|p1a: Gholdengo|spa|1
|
|-heal|p1a: Gholdengo|65/100|[from] item: Leftovers
|upkeep
|turn|9
|inactive|GreninjaGlazer53 has 120 seconds left.
|
|t:|1760773017
|switch|p2a: Great Tusk|Great Tusk|100/100
|move|p1a: Gholdengo|Make It Rain|p2a: Great Tusk
|-damage|p2a: Great Tusk|50/100
|-unboost|p1a: Gholdengo|spa|1
|
|-heal|p1a: Gholdengo|71/100|[from] item: Leftovers
|upkeep
|turn|10
|
|t:|1760773023
|switch|p1a: Great Tusk|Great Tusk|23/100
|move|p2a: Great Tusk|Headlong Rush|p1a: Great Tusk
|-damage|p1a: Great Tusk|0 fnt
|-unboost|p2a: Great Tusk|def|1
|-unboost|p2a: Great Tusk|spd|1
|faint|p1a: Great Tusk
|-end|p1a: Great Tusk|Protosynthesis|[silent]
|
|upkeep
|
|t:|1760773025
|switch|p1a: Samurott|Samurott-Hisui, F|100/100
|turn|11
|
|t:|1760773029
|-end|p2a: Great Tusk|Protosynthesis|[silent]
|switch|p2a: Ogerpon|Ogerpon-Wellspring, F|100/100
|move|p1a: Samurott|Aqua Jet|p2a: Ogerpon
|-immune|p2a: Ogerpon|[from] ability: Water Absorb
|
|upkeep
|turn|12
|inactive|GreninjaGlazer53 has 120 seconds left.
|
|t:|1760773050
|switch|p1a: Raging Bolt|Raging Bolt|72/100
|move|p2a: Ogerpon|Swords Dance|p2a: Ogerpon
|-boost|p2a: Ogerpon|atk|2
|
|upkeep
|turn|13
|
|t:|1760773056
|move|p2a: Ogerpon|Ivy Cudgel|p1a: Raging Bolt|[anim] Ivy Cudgel Water
|-resisted|p1a: Raging Bolt
|-damage|p1a: Raging Bolt|23/100
|move|p1a: Raging Bolt|Thunderbolt|p2a: Ogerpon
|-damage|p2a: Ogerpon|43/100
|
|upkeep
|turn|14
|inactive|GreninjaGlazer53 has 120 seconds left.
|
|t:|1760773067
|switch|p2a: Slowking|Slowking-Galar, M|100/100
|move|p1a: Raging Bolt|Thunderclap||[still]
|-fail|p1a: Raging Bolt
|
|upkeep
|turn|15
|
|t:|1760773091
|move|p1a: Raging Bolt|Calm Mind|p1a: Raging Bolt
|-boost|p1a: Raging Bolt|spa|1
|-boost|p1a: Raging Bolt|spd|1
|move|p2a: Slowking|Future Sight|p1a: Raging Bolt
|-start|p2a: Slowking|move: Future Sight
|
|upkeep
|turn|16
|inactive|GreninjaGlazer53 has 120 seconds left.
|
|t:|1760773108
|move|p1a: Raging Bolt|Calm Mind|p1a: Raging Bolt
|-boost|p1a: Raging Bolt|spa|1
|-boost|p1a: Raging Bolt|spd|1
|move|p2a: Slowking|Sludge Bomb|p1a: Raging Bolt
|-crit|p1a: Raging Bolt
|-damage|p1a: Raging Bolt|0 fnt
|faint|p1a: Raging Bolt
|-end|p1a: Raging Bolt|Protosynthesis|[silent]
|
|upkeep
|c|☆GreninjaGlazer53|oof
|
|t:|1760773118
|switch|p1a: Gholdengo|Gholdengo|71/100
|turn|17
|
|t:|1760773125
|switch|p2a: Zamazenta|Zamazenta|100/100
|-ability|p2a: Zamazenta|Dauntless Shield|boost
|-boost|p2a: Zamazenta|def|1
|move|p1a: Gholdengo|Nasty Plot|p1a: Gholdengo
|-boost|p1a: Gholdengo|spa|2
|
|-end|p1a: Gholdengo|move: Future Sight
|-resisted|p1a: Gholdengo
|-damage|p1a: Gholdengo|53/100
|-heal|p1a: Gholdengo|59/100|[from] item: Leftovers
|upkeep
|turn|18
|
|t:|1760773141
|move|p2a: Zamazenta|Crunch|p1a: Gholdengo
|-supereffective|p1a: Gholdengo
|-damage|p1a: Gholdengo|25/100
|-unboost|p1a: Gholdengo|def|1
|move|p1a: Gholdengo|Recover|p1a: Gholdengo
|-heal|p1a: Gholdengo|75/100
|
|-heal|p1a: Gholdengo|81/100|[from] item: Leftovers
|upkeep
|turn|19
|inactive|GreninjaGlazer53 has 120 seconds left.
|c|☆GreninjaGlazer53|😢
|
|t:|1760773178
|move|p2a: Zamazenta|Crunch|p1a: Gholdengo
|-supereffective|p1a: Gholdengo
|-damage|p1a: Gholdengo|26/100
|move|p1a: Gholdengo|Make It Rain|p2a: Zamazenta
|-damage|p2a: Zamazenta|15/100
|-unboost|p1a: Gholdengo|spa|1
|
|-heal|p2a: Zamazenta|22/100|[from] item: Leftovers
|-heal|p1a: Gholdengo|32/100|[from] item: Leftovers
|upkeep
|turn|20
|
|t:|1760773189
|switch|p1a: Alomomola|Alomomola, F|48/100
|move|p2a: Zamazenta|Crunch|p1a: Alomomola
|-damage|p1a: Alomomola|36/100
|
|-heal|p2a: Zamazenta|28/100|[from] item: Leftovers
|upkeep
|turn|21
|
|t:|1760773198
|move|p2a: Zamazenta|Iron Defense|p2a: Zamazenta
|-boost|p2a: Zamazenta|def|2
|move|p1a: Alomomola|Flip Turn|p2a: Zamazenta
|-damage|p2a: Zamazenta|23/100
|
|t:|1760773202
|switch|p1a: Blaziken|Blaziken, F, shiny|100/100|[from] Flip Turn
|
|-heal|p2a: Zamazenta|29/100|[from] item: Leftovers
|upkeep
|turn|22
|inactive|GreninjaGlazer53 has 120 seconds left.
|
|t:|1760773212
|move|p2a: Zamazenta|Body Press|p1a: Blaziken
|-enditem|p1a: Blaziken|Focus Sash
|-damage|p1a: Blaziken|1/100
|move|p1a: Blaziken|Swords Dance|p1a: Blaziken
|-boost|p1a: Blaziken|atk|2
|
|-heal|p2a: Zamazenta|35/100|[from] item: Leftovers
|-ability|p1a: Blaziken|Speed Boost|boost
|-boost|p1a: Blaziken|spe|1
|upkeep
|turn|23
|inactive|GreninjaGlazer53 has 120 seconds left.
|
|t:|1760773227
|move|p1a: Blaziken|Close Combat|p2a: Zamazenta
|-damage|p2a: Zamazenta|2/100
|-unboost|p1a: Blaziken|def|1
|-unboost|p1a: Blaziken|spd|1
|move|p2a: Zamazenta|Crunch|p1a: Blaziken
|-resisted|p1a: Blaziken
|-damage|p1a: Blaziken|0 fnt
|faint|p1a: Blaziken
|
|-heal|p2a: Zamazenta|8/100|[from] item: Leftovers
|upkeep
|
|t:|1760773232
|switch|p1a: Samurott|Samurott-Hisui, F|100/100
|turn|24
|
|t:|1760773237
|move|p1a: Samurott|Aqua Jet|p2a: Zamazenta
|-damage|p2a: Zamazenta|2/100
|move|p2a: Zamazenta|Body Press|p1a: Samurott
|-supereffective|p1a: Samurott
|-damage|p1a: Samurott|0 fnt
|faint|p1a: Samurott
|
|-heal|p2a: Zamazenta|8/100|[from] item: Leftovers
|upkeep
|-message|coin six forfeited.
|
|win|GreninjaGlazer53
|raw|coin six's rating: 1388 &rarr; <strong>1370</strong><br />(-18 for losing)
|raw|GreninjaGlazer53's rating: 1422 &rarr; <strong>1440</strong><br />(+18 for winning)
|l|☆coin six
|player|p1|
