|j|☆Maltyy
|j|☆zobyi
|t:|1760835640
|gametype|singles
|player|p1|Maltyy|harlequin|1428
|player|p2|zobyi|pokemaniac|1513
|gen|9
|tier|[Gen 9] OU
|rated|
|rule|HP Percentage Mod: HP is shown in percentages
|rule|Endless Battle Clause: Forcing endless battles is banned
|rule|Species Clause: Limit one of each Pokémon
|rule|OHKO Clause: OHKO moves are banned
|rule|Evasion Items Clause: Evasion items are banned
|rule|Evasion Moves Clause: Evasion moves are banned
|rule|Evasion Abilities Clause: Evasion abilities are banned
|rule|Sleep Moves Clause: Sleep-inducing moves are banned
|clearpoke
|poke|p1|Lokix, F|
|poke|p1|Cinderace, F|
|poke|p1|Great Tusk|
|poke|p1|Alomomola, F|
|poke|p1|Enamorus, F|
|poke|p1|Slowking-Galar, M|
|poke|p2|Tinkaton, F|
|poke|p2|Samurott-Hisui, F|
|poke|p2|Gliscor, F|
|poke|p2|Dragapult, F|
|poke|p2|Iron Valiant|
|poke|p2|Slowking-Galar, F|
|teampreview
|inactive|Battle timer is ON: inactive players will automatically lose when time's up. (requested by zobyi)
|
|t:|1760835646
|teamsize|p1|6
|teamsize|p2|6
|start
|switch|p1a: Enamorus|Enamorus, F|100/100
|switch|p2a: Gliscor|Gliscor, F|100/100
|turn|1
|
|t:|1760835654
|move|p2a: Gliscor|Protect|p2a: Gliscor
|-singleturn|p2a: Gliscor|Protect
|move|p1a: Enamorus|Moonblast|p2a: Gliscor
|-activate|p2a: Gliscor|move: Protect
|
|-status|p2a: Gliscor|tox|[from] item: Toxic Orb
|upkeep
|turn|2
|
|t:|1760835663
|switch|p2a: Slowking|Slowking-Galar, F|100/100
|move|p1a: Enamorus|Moonblast|p2a: Slowking
|-resisted|p2a: Slowking
|-damage|p2a: Slowking|85/100
|-unboost|p2a: Slowking|spa|1
|
|upkeep
|turn|3
|
|t:|1760835671
|switch|p1a: Slowking|Slowking-Galar, M|100/100
|-prepare|p2a: Slowking|Chilly Reception|[premajor]
|move|p2a: Slowking|Chilly Reception|p2a: Slowking
|-weather|Snowscape
|
|t:|1760835674
|switch|p2a: Samurott|Samurott-Hisui, F|100/100|[from] Chilly Reception
|
|-weather|Snowscape|[upkeep]
|upkeep
|turn|4
|
|t:|1760835701
|move|p2a: Samurott|Ceaseless Edge|p1a: Slowking
|-supereffective|p1a: Slowking
|-damage|p1a: Slowking|35/100
|-sidestart|p1: Maltyy|Spikes
|-prepare|p1a: Slowking|Chilly Reception|[premajor]
|move|p1a: Slowking|Chilly Reception|p1a: Slowking
|
|t:|1760835706
|switch|p1a: Lokix|Lokix, F|100/100|[from] Chilly Reception
|-damage|p1a: Lokix|88/100|[from] Spikes
|
|-weather|Snowscape|[upkeep]
|upkeep
|turn|5
|
|t:|1760835717
|switch|p2a: Gliscor|Gliscor, F|100/100 tox
|move|p1a: Lokix|U-turn|p2a: Gliscor
|-resisted|p2a: Gliscor
|-damage|p2a: Gliscor|62/100 tox
|
|t:|1760835731
|switch|p1a: Slowking|Slowking-Galar, M|68/100|[from] U-turn
|-damage|p1a: Slowking|55/100|[from] Spikes
|
|-weather|Snowscape|[upkeep]
|-heal|p2a: Gliscor|74/100 tox|[from] ability: Poison Heal
|upkeep
|turn|6
|
|t:|1760835739
|move|p2a: Gliscor|Protect|p2a: Gliscor
|-singleturn|p2a: Gliscor|Protect
|move|p1a: Slowking|Ice Beam|p2a: Gliscor
|-activate|p2a: Gliscor|move: Protect
|
|-weather|Snowscape|[upkeep]
|-heal|p2a: Gliscor|87/100 tox|[from] ability: Poison Heal
|upkeep
|turn|7
|
|t:|1760835746
|switch|p2a: Slowking|Slowking-Galar, F|100/100
|-prepare|p1a: Slowking|Chilly Reception|[premajor]
|move|p1a: Slowking|Chilly Reception|p1a: Slowking
|
|t:|1760835750
|switch|p1a: Lokix|Lokix, F|88/100|[from] Chilly Reception
|-damage|p1a: Lokix|76/100|[from] Spikes
|
|-weather|none
|upkeep
|turn|8
|
|t:|1760835760
|switch|p2a: Gliscor|Gliscor, F|87/100 tox
|move|p1a: Lokix|Knock Off|p2a: Gliscor
|-damage|p2a: Gliscor|31/100 tox
|-enditem|p2a: Gliscor|Toxic Orb|[from] move: Knock Off|[of] p1a: Lokix
|
|-heal|p2a: Gliscor|44/100 tox|[from] ability: Poison Heal
|upkeep
|turn|9
|
|t:|1760835769
|switch|p1a: Enamorus|Enamorus, F|100/100
|move|p2a: Gliscor|Protect||[still]
|-fail|p2a: Gliscor
|
|-heal|p2a: Gliscor|56/100 tox|[from] ability: Poison Heal
|upkeep
|turn|10
|
|t:|1760835775
|switch|p2a: Slowking|Slowking-Galar, F|100/100
|move|p1a: Enamorus|Moonblast|p2a: Slowking
|-resisted|p2a: Slowking
|-damage|p2a: Slowking|85/100
|-unboost|p2a: Slowking|spa|1
|
|upkeep
|turn|11
|
|t:|1760835787
|switch|p1a: Slowking|Slowking-Galar, M|89/100
|-damage|p1a: Slowking|76/100|[from] Spikes
|-prepare|p2a: Slowking|Chilly Reception|[premajor]
|move|p2a: Slowking|Chilly Reception|p2a: Slowking
|-weather|Snowscape
|inactive|zobyi has 120 seconds left.
|
|t:|1760835822
|switch|p2a: Samurott|Samurott-Hisui, F|100/100|[from] Chilly Reception
|
|-weather|Snowscape|[upkeep]
|upkeep
|turn|12
|
|t:|1760835835
|switch|p1a: Alomomola|Alomomola, F|100/100
|-damage|p1a: Alomomola|88/100|[from] Spikes
|move|p2a: Samurott|Knock Off|p1a: Alomomola
|-damage|p1a: Alomomola|54/100
|-enditem|p1a: Alomomola|Assault Vest|[from] move: Knock Off|[of] p2a: Samurott
|
|-weather|Snowscape|[upkeep]
|upkeep
|turn|13
|inactive|zobyi has 120 seconds left.
|
|t:|1760835855
|move|p2a: Samurott|Ceaseless Edge|p1a: Alomomola|[miss]
|-miss|p2a: Samurott|p1a: Alomomola
|move|p1a: Alomomola|Flip Turn|p2a: Samurott
|-resisted|p2a: Samurott
|-damage|p2a: Samurott|92/100
|
|t:|1760835858
|switch|p1a: Lokix|Lokix, F|76/100|[from] Flip Turn
|-damage|p1a: Lokix|63/100|[from] Spikes
|
|-weather|Snowscape|[upkeep]
|upkeep
|turn|14
|
|t:|1760835866
|switch|p2a: Iron Valiant|Iron Valiant|100/100
|move|p1a: Lokix|Leech Life|p2a: Iron Valiant
|-resisted|p2a: Iron Valiant
|-damage|p2a: Iron Valiant|65/100
|-heal|p1a: Lokix|81/100|[from] drain|[of] p2a: Iron Valiant
|
|-weather|Snowscape|[upkeep]
|upkeep
|turn|15
|
|t:|1760835872
|switch|p1a: Alomomola|Alomomola, F|88/100
|-damage|p1a: Alomomola|75/100|[from] Spikes
|move|p2a: Iron Valiant|Moonblast|p1a: Alomomola
|-damage|p1a: Alomomola|28/100
|
|-weather|none
|upkeep
|turn|16
|
|t:|1760835877
|switch|p1a: Slowking|Slowking-Galar, M|100/100
|-damage|p1a: Slowking|88/100|[from] Spikes
|move|p2a: Iron Valiant|Moonblast|p1a: Slowking
|-resisted|p1a: Slowking
|-damage|p1a: Slowking|58/100
|
|upkeep
|turn|17
|
|t:|1760835906
|-end|p2a: Iron Valiant|Quark Drive|[silent]
|switch|p2a: Tinkaton|Tinkaton, F|100/100
|-ability|p2a: Tinkaton|Mold Breaker
|-item|p2a: Tinkaton|Air Balloon
|move|p1a: Slowking|Sludge Bomb|p2a: Tinkaton
|-immune|p2a: Tinkaton
|
|upkeep
|turn|18
|inactive|zobyi has 120 seconds left.
|
|t:|1760835932
|move|p2a: Tinkaton|Encore|p1a: Slowking
|-start|p1a: Slowking|Encore
|move|p1a: Slowking|Sludge Bomb|p2a: Tinkaton
|-immune|p2a: Tinkaton
|
|upkeep
|turn|19
|
|t:|1760835938
|switch|p1a: Cinderace|Cinderace, F|100/100
|move|p2a: Tinkaton|Stealth Rock|p1a: Cinderace
|-sidestart|p1: Maltyy|move: Stealth Rock
|
|upkeep
|turn|20
|
|t:|1760835945
|move|p1a: Cinderace|Court Change|p1a: Cinderace
|-swapsideconditions
|-activate|p1a: Cinderace|move: Court Change
|move|p2a: Tinkaton|Encore|p1a: Cinderace
|-start|p1a: Cinderace|Encore
|
|upkeep
|turn|21
|inactive|zobyi has 120 seconds left.
|
|t:|1760835966
|switch|p1a: Great Tusk|Great Tusk|100/100
|move|p2a: Tinkaton|Stealth Rock|p1a: Great Tusk
|-sidestart|p1: Maltyy|move: Stealth Rock
|
|upkeep
|turn|22
|inactive|zobyi has 120 seconds left.
|
|t:|1760835984
|switch|p2a: Dragapult|Dragapult, F|100/100
|move|p1a: Great Tusk|Rapid Spin|p2a: Dragapult
|-immune|p2a: Dragapult
|
|upkeep
|turn|23
|
|t:|1760835991
|-end|p1a: Great Tusk|Protosynthesis|[silent]
|switch|p1a: Alomomola|Alomomola, F|61/100
|-damage|p1a: Alomomola|49/100|[from] Stealth Rock
|move|p2a: Dragapult|Will-O-Wisp|p1a: Alomomola
|-status|p1a: Alomomola|brn
|
|-damage|p1a: Alomomola|43/100 brn|[from] brn
|upkeep
|turn|24
|
|t:|1760836003
|move|p2a: Dragapult|Hex|p1a: Alomomola
|-damage|p1a: Alomomola|4/100 brn
|move|p1a: Alomomola|Flip Turn|p2a: Dragapult
|-resisted|p2a: Dragapult
|-damage|p2a: Dragapult|95/100
|
|t:|1760836010
|switch|p1a: Enamorus|Enamorus, F|100/100|[from] Flip Turn
|-damage|p1a: Enamorus|76/100|[from] Stealth Rock
|
|upkeep
|turn|25
|
|t:|1760836016
|switch|p2a: Slowking|Slowking-Galar, F|100/100
|move|p1a: Enamorus|Earth Power|p2a: Slowking
|-supereffective|p2a: Slowking
|-damage|p2a: Slowking|62/100
|-unboost|p2a: Slowking|spd|1
|
|upkeep
|turn|26
|
|t:|1760836026
|switch|p1a: Great Tusk|Great Tusk|100/100
|-damage|p1a: Great Tusk|98/100|[from] Stealth Rock
|switch|p2a: Gliscor|Gliscor, F|56/100 tox
|-damage|p2a: Gliscor|44/100 tox|[from] Stealth Rock
|
|-heal|p1a: Great Tusk|100/100|[from] item: Leftovers
|-heal|p2a: Gliscor|56/100 tox|[from] ability: Poison Heal
|upkeep
|turn|27
|
|t:|1760836031
|move|p2a: Gliscor|Protect|p2a: Gliscor
|-singleturn|p2a: Gliscor|Protect
|move|p1a: Great Tusk|Bulk Up|p1a: Great Tusk
|-boost|p1a: Great Tusk|atk|1
|-boost|p1a: Great Tusk|def|1
|
|-heal|p2a: Gliscor|69/100 tox|[from] ability: Poison Heal
|upkeep
|turn|28
|
|t:|1760836047
|switch|p2a: Dragapult|Dragapult, F|95/100
|move|p1a: Great Tusk|Knock Off|p2a: Dragapult
|-supereffective|p2a: Dragapult
|-damage|p2a: Dragapult|0 fnt
|-enditem|p2a: Dragapult|Heavy-Duty Boots|[from] move: Knock Off|[of] p1a: Great Tusk
|faint|p2a: Dragapult
|
|upkeep
|
|t:|1760836055
|switch|p2a: Iron Valiant|Iron Valiant|65/100
|-damage|p2a: Iron Valiant|52/100|[from] Spikes
|-damage|p2a: Iron Valiant|46/100|[from] Stealth Rock
|turn|29
|
|t:|1760836070
|-terastallize|p1a: Great Tusk|Poison
|move|p2a: Iron Valiant|Moonblast|p1a: Great Tusk
|-resisted|p1a: Great Tusk
|-damage|p1a: Great Tusk|52/100
|move|p1a: Great Tusk|Rapid Spin|p2a: Iron Valiant
|-damage|p2a: Iron Valiant|16/100
|-boost|p1a: Great Tusk|spe|1
|-sideend|p1: Maltyy|Stealth Rock|[from] move: Rapid Spin|[of] p1a: Great Tusk
|
|-heal|p1a: Great Tusk|58/100|[from] item: Leftovers
|upkeep
|turn|30
|
|t:|1760836081
|-end|p2a: Iron Valiant|Quark Drive|[silent]
|switch|p2a: Gliscor|Gliscor, F|69/100 tox
|-damage|p2a: Gliscor|56/100 tox|[from] Stealth Rock
|move|p1a: Great Tusk|Rapid Spin|p2a: Gliscor
|-damage|p2a: Gliscor|41/100 tox
|-boost|p1a: Great Tusk|spe|1
|
|-heal|p1a: Great Tusk|65/100|[from] item: Leftovers
|-heal|p2a: Gliscor|53/100 tox|[from] ability: Poison Heal
|upkeep
|turn|31
|
|t:|1760836096
|-terastallize|p2a: Gliscor|Dark
|move|p1a: Great Tusk|Knock Off|p2a: Gliscor
|-resisted|p2a: Gliscor
|-damage|p2a: Gliscor|42/100 tox
|move|p2a: Gliscor|Swords Dance|p2a: Gliscor
|-boost|p2a: Gliscor|atk|2
|
|-heal|p1a: Great Tusk|71/100|[from] item: Leftovers
|-heal|p2a: Gliscor|54/100 tox|[from] ability: Poison Heal
|upkeep
|turn|32
|
|t:|1760836105
|move|p2a: Gliscor|Protect|p2a: Gliscor
|-singleturn|p2a: Gliscor|Protect
|move|p1a: Great Tusk|Earthquake|p2a: Gliscor
|-activate|p2a: Gliscor|move: Protect
|
|-heal|p1a: Great Tusk|77/100|[from] item: Leftovers
|-heal|p2a: Gliscor|67/100 tox|[from] ability: Poison Heal
|upkeep
|turn|33
|
|t:|1760836118
|move|p1a: Great Tusk|Earthquake|p2a: Gliscor
|-crit|p2a: Gliscor
|-damage|p2a: Gliscor|0 fnt
|faint|p2a: Gliscor
|
|-heal|p1a: Great Tusk|83/100|[from] item: Leftovers
|upkeep
|
|t:|1760836131
|switch|p2a: Samurott|Samurott-Hisui, F|92/100
|-damage|p2a: Samurott|80/100|[from] Spikes
|-damage|p2a: Samurott|68/100|[from] Stealth Rock
|turn|34
|
|t:|1760836134
|move|p2a: Samurott|Sucker Punch|p1a: Great Tusk
|-damage|p1a: Great Tusk|71/100
|move|p1a: Great Tusk|Earthquake|p2a: Samurott
|-damage|p2a: Samurott|4/100
|
|-heal|p1a: Great Tusk|77/100|[from] item: Leftovers
|upkeep
|turn|35
|-message|zobyi forfeited.
|
|win|Maltyy
|raw|Maltyy's rating: 1428 &rarr; <strong>1453</strong><br />(+25 for winning)
|raw|zobyi's rating: 1513 &rarr; <strong>1488</strong><br />(-25 for losing)
|l|☆zobyi
|player|p2|
