|j|☆Unhappybeams
|j|☆j.jmed420
|t:|1760750268
|gametype|singles
|player|p1|Unhappybeams|blackbelt-gen4dp|1214
|player|p2|j.jmed420|veteran|1209
|gen|9
|tier|[Gen 9] OU
|rated|
|rule|HP Percentage Mod: HP is shown in percentages
|rule|Endless Battle Clause: Forcing endless battles is banned
|rule|Species Clause: Limit one of each Pokémon
|rule|OHKO Clause: OHKO moves are banned
|rule|Evasion Items Clause: Evasion items are banned
|rule|Evasion Moves Clause: Evasion moves are banned
|rule|Evasion Abilities Clause: Evasion abilities are banned
|rule|Sleep Moves Clause: Sleep-inducing moves are banned
|clearpoke
|poke|p1|Hitmonchan, M|
|poke|p1|Latias, F|
|poke|p1|Salazzle, F|
|poke|p1|Porygon2|
|poke|p1|Gliscor, M|
|poke|p1|Volcanion|
|poke|p2|Ninetales-Alola, F|
|poke|p2|Ogerpon-Wellspring, F|
|poke|p2|Rillaboom, M|
|poke|p2|Iron Moth|
|poke|p2|Moltres-Galar|
|poke|p2|Rampardos, M|
|teampreview
|inactive|Battle timer is ON: inactive players will automatically lose when time's up. (requested by j.jmed420)
|
|t:|1760750280
|teamsize|p1|6
|teamsize|p2|6
|start
|switch|p1a: Hitmonchan|Hitmonchan, M|100/100
|switch|p2a: Ninetales|Ninetales-Alola, F|100/100
|-weather|Snowscape|[from] ability: Snow Warning|[of] p2a: Ninetales
|turn|1
|
|t:|1760750293
|move|p2a: Ninetales|Aurora Veil|p2a: Ninetales
|-sidestart|p2: j.jmed420|move: Aurora Veil
|move|p1a: Hitmonchan|Knock Off|p2a: Ninetales
|-resisted|p2a: Ninetales
|-damage|p2a: Ninetales|94/100
|-enditem|p2a: Ninetales|Light Clay|[from] move: Knock Off|[of] p1a: Hitmonchan
|
|-weather|Snowscape|[upkeep]
|upkeep
|turn|2
|
|t:|1760750302
|switch|p2a: Moltres|Moltres-Galar|100/100
|move|p1a: Hitmonchan|Bullet Punch|p2a: Moltres
|-damage|p2a: Moltres|91/100
|
|-weather|Snowscape|[upkeep]
|upkeep
|turn|3
|
|t:|1760750314
|switch|p1a: Volcanion|Volcanion|100/100
|move|p2a: Moltres|Agility|p2a: Moltres
|-boost|p2a: Moltres|spe|2
|
|-weather|Snowscape|[upkeep]
|upkeep
|turn|4
|
|t:|1760750324
|move|p2a: Moltres|Nasty Plot|p2a: Moltres
|-boost|p2a: Moltres|spa|2
|move|p1a: Volcanion|Steam Eruption|p2a: Moltres
|-damage|p2a: Moltres|63/100
|-status|p2a: Moltres|brn
|
|-weather|Snowscape|[upkeep]
|-damage|p2a: Moltres|57/100 brn|[from] brn
|upkeep
|turn|5
|
|t:|1760750344
|move|p2a: Moltres|Fiery Wrath|p1a: Volcanion
|-damage|p1a: Volcanion|43/100
|move|p1a: Volcanion|Flamethrower|p2a: Moltres
|-damage|p2a: Moltres|33/100 brn
|-ability|p2a: Moltres|Berserk|boost
|-boost|p2a: Moltres|spa|1
|
|-weather|none
|-damage|p2a: Moltres|27/100 brn|[from] brn
|upkeep
|turn|6
|
|t:|1760750358
|move|p2a: Moltres|Fiery Wrath|p1a: Volcanion
|-damage|p1a: Volcanion|0 fnt
|faint|p1a: Volcanion
|
|-damage|p2a: Moltres|20/100 brn|[from] brn
|upkeep
|inactive|Unhappybeams has 120 seconds left.
|
|t:|1760750383
|switch|p1a: Salazzle|Salazzle, F|100/100
|turn|7
|
|t:|1760750391
|move|p2a: Moltres|Fiery Wrath|p1a: Salazzle
|-enditem|p1a: Salazzle|Focus Sash
|-damage|p1a: Salazzle|1/100
|cant|p1a: Salazzle|flinch
|
|-damage|p2a: Moltres|14/100 brn|[from] brn
|upkeep
|turn|8
|inactive|Unhappybeams has 120 seconds left.
|
|t:|1760750410
|move|p2a: Moltres|Fiery Wrath|p1a: Salazzle
|-damage|p1a: Salazzle|0 fnt
|faint|p1a: Salazzle
|
|-damage|p2a: Moltres|8/100 brn|[from] brn
|-sideend|p2: j.jmed420|move: Aurora Veil
|upkeep
|inactive|Unhappybeams has 120 seconds left.
|
|t:|1760750420
|switch|p1a: Hitmonchan|Hitmonchan, M|100/100
|turn|9
|
|t:|1760750424
|move|p1a: Hitmonchan|Bullet Punch|p2a: Moltres
|-damage|p2a: Moltres|0 fnt
|faint|p2a: Moltres
|
|upkeep
|
|t:|1760750436
|switch|p2a: Rillaboom|Rillaboom, M|100/100
|-fieldstart|move: Grassy Terrain|[from] ability: Grassy Surge|[of] p2a: Rillaboom
|turn|10
|
|t:|1760750445
|move|p2a: Rillaboom|Swords Dance|p2a: Rillaboom
|-boost|p2a: Rillaboom|atk|2
|move|p1a: Hitmonchan|Knock Off|p2a: Rillaboom
|-damage|p2a: Rillaboom|69/100
|-enditem|p2a: Rillaboom|Terrain Extender|[from] move: Knock Off|[of] p1a: Hitmonchan
|
|-heal|p2a: Rillaboom|75/100|[from] Grassy Terrain
|upkeep
|turn|11
|
|t:|1760750460
|switch|p1a: Gliscor|Gliscor, M|100/100
|move|p2a: Rillaboom|Wood Hammer|p1a: Gliscor
|-damage|p1a: Gliscor|0 fnt
|faint|p1a: Gliscor
|-damage|p2a: Rillaboom|47/100|[from] Recoil
|
|-heal|p2a: Rillaboom|53/100|[from] Grassy Terrain
|upkeep
|
|t:|1760750472
|switch|p1a: Latias|Latias, F|100/100
|turn|12
|
|t:|1760750477
|-terastallize|p1a: Latias|Electric
|move|p2a: Rillaboom|Knock Off|p1a: Latias
|-damage|p1a: Latias|24/100
|-enditem|p1a: Latias|Assault Vest|[from] move: Knock Off|[of] p2a: Rillaboom
|move|p1a: Latias|Ice Beam|p2a: Rillaboom
|-supereffective|p2a: Rillaboom
|-damage|p2a: Rillaboom|0 fnt
|faint|p2a: Rillaboom
|
|upkeep
|
|t:|1760750498
|switch|p2a: Ninetales|Ninetales-Alola, F|94/100
|-weather|Snowscape|[from] ability: Snow Warning|[of] p2a: Ninetales
|turn|13
|
|t:|1760750503
|move|p2a: Ninetales|Aurora Veil|p2a: Ninetales
|-sidestart|p2: j.jmed420|move: Aurora Veil
|move|p1a: Latias|Thunderbolt|p2a: Ninetales
|-damage|p2a: Ninetales|72/100
|
|-weather|Snowscape|[upkeep]
|-heal|p2a: Ninetales|78/100|[from] Grassy Terrain
|upkeep
|turn|14
|
|t:|1760750524
|switch|p2a: Ogerpon|Ogerpon-Wellspring, F|100/100
|move|p1a: Latias|Mist Ball|p2a: Ogerpon
|-damage|p2a: Ogerpon|73/100
|
|-weather|Snowscape|[upkeep]
|-heal|p2a: Ogerpon|79/100|[from] Grassy Terrain
|upkeep
|turn|15
|
|t:|1760750533
|move|p2a: Ogerpon|Swords Dance|p2a: Ogerpon
|-boost|p2a: Ogerpon|atk|2
|move|p1a: Latias|Thunderbolt|p2a: Ogerpon
|-damage|p2a: Ogerpon|51/100
|
|-weather|Snowscape|[upkeep]
|-heal|p2a: Ogerpon|57/100|[from] Grassy Terrain
|upkeep
|turn|16
|
|t:|1760750544
|move|p2a: Ogerpon|Grassy Glide|p1a: Latias
|-damage|p1a: Latias|0 fnt
|faint|p1a: Latias
|
|-weather|Snowscape|[upkeep]
|-heal|p2a: Ogerpon|63/100|[from] Grassy Terrain
|upkeep
|
|t:|1760750563
|switch|p1a: Hitmonchan|Hitmonchan, M|100/100
|turn|17
|
|t:|1760750581
|move|p2a: Ogerpon|Play Rough|p1a: Hitmonchan
|-supereffective|p1a: Hitmonchan
|-damage|p1a: Hitmonchan|0 fnt
|faint|p1a: Hitmonchan
|
|-weather|none
|-heal|p2a: Ogerpon|69/100|[from] Grassy Terrain
|-sideend|p2: j.jmed420|move: Aurora Veil
|-fieldend|move: Grassy Terrain
|upkeep
|
|t:|1760750591
|switch|p1a: Porygon2|Porygon2|100/100
|-ability|p1a: Porygon2|Download|boost
|-boost|p1a: Porygon2|atk|1
|turn|18
|
|t:|1760750599
|move|p2a: Ogerpon|Ivy Cudgel|p1a: Porygon2|[anim] Ivy Cudgel Water
|-damage|p1a: Porygon2|21/100
|move|p1a: Porygon2|Tri Attack|p2a: Ogerpon
|-damage|p2a: Ogerpon|22/100
|-status|p2a: Ogerpon|par
|
|upkeep
|turn|19
|
|t:|1760750609
|move|p2a: Ogerpon|Ivy Cudgel|p1a: Porygon2|[anim] Ivy Cudgel Water
|-damage|p1a: Porygon2|0 fnt
|faint|p1a: Porygon2
|
|win|j.jmed420
|raw|Unhappybeams's rating: 1214 &rarr; <strong>1189</strong><br />(-25 for losing)
|raw|j.jmed420's rating: 1209 &rarr; <strong>1234</strong><br />(+25 for winning)
|l|☆Unhappybeams
|player|p1|
|l|☆j.jmed420
|player|p2|
