|j|☆eucalipto69!
|j|☆kills your
|t:|1760838708
|gametype|singles
|player|p1|eucalipto69!|266|1270
|player|p2|kills your|iono|1327
|gen|9
|tier|[Gen 9] OU
|rated|
|rule|HP Percentage Mod: HP is shown in percentages
|rule|Endless Battle Clause: Forcing endless battles is banned
|rule|Species Clause: Limit one of each Pokémon
|rule|OHKO Clause: OHKO moves are banned
|rule|Evasion Items Clause: Evasion items are banned
|rule|Evasion Moves Clause: Evasion moves are banned
|rule|Evasion Abilities Clause: Evasion abilities are banned
|rule|Sleep Moves Clause: Sleep-inducing moves are banned
|clearpoke
|poke|p1|Clefable, F|
|poke|p1|Dragonite, M|
|poke|p1|Scrafty, M|
|poke|p1|Meganium, M|
|poke|p1|Pyroar, M|
|poke|p1|Skarmory, M|
|poke|p2|Ninetales, M|
|poke|p2|Hatterene, F|
|poke|p2|Leafeon, F|
|poke|p2|Raging Bolt|
|poke|p2|Great Tusk|
|poke|p2|Walking Wake|
|teampreview
|
|t:|1760838724
|teamsize|p1|6
|teamsize|p2|6
|start
|switch|p1a: Scrafty|Scrafty, M|100/100
|switch|p2a: Ninetales|Ninetales, M|100/100
|-weather|SunnyDay|[from] ability: Drought|[of] p2a: Ninetales
|-ability|p1a: Scrafty|Intimidate|boost
|-unboost|p2a: Ninetales|atk|1
|turn|1
|
|t:|1760838730
|move|p1a: Scrafty|Fake Out|p2a: Ninetales
|-damage|p2a: Ninetales|83/100
|cant|p2a: Ninetales|flinch
|
|-weather|SunnyDay|[upkeep]
|upkeep
|turn|2
|
|t:|1760838733
|move|p2a: Ninetales|Will-O-Wisp|p1a: Scrafty
|-status|p1a: Scrafty|brn
|move|p1a: Scrafty|Knock Off|p2a: Ninetales
|-damage|p2a: Ninetales|50/100
|-enditem|p2a: Ninetales|Heat Rock|[from] move: Knock Off|[of] p1a: Scrafty
|
|-weather|SunnyDay|[upkeep]
|-damage|p1a: Scrafty|95/100 brn|[from] brn
|upkeep
|turn|3
|
|t:|1760838739
|switch|p2a: Hatterene|Hatterene, F|100/100
|move|p1a: Scrafty|Knock Off|p2a: Hatterene
|-damage|p2a: Hatterene|82/100
|-enditem|p2a: Hatterene|Eject Button|[from] move: Knock Off|[of] p1a: Scrafty
|
|-weather|SunnyDay|[upkeep]
|-damage|p1a: Scrafty|89/100 brn|[from] brn
|upkeep
|turn|4
|inactive|Battle timer is ON: inactive players will automatically lose when time's up. (requested by eucalipto69!)
|
|t:|1760838747
|switch|p1a: Pyroar|Pyroar, M|100/100
|-ability|p1a: Pyroar|Unnerve
|move|p2a: Hatterene|Calm Mind|p2a: Hatterene
|-boost|p2a: Hatterene|spa|1
|-boost|p2a: Hatterene|spd|1
|
|-weather|SunnyDay|[upkeep]
|upkeep
|turn|5
|
|t:|1760838753
|move|p1a: Pyroar|Overheat|p2a: Hatterene
|-damage|p2a: Hatterene|24/100
|-unboost|p1a: Pyroar|spa|2
|move|p2a: Hatterene|Calm Mind|p2a: Hatterene
|-boost|p2a: Hatterene|spa|1
|-boost|p2a: Hatterene|spd|1
|
|-weather|SunnyDay|[upkeep]
|upkeep
|turn|6
|
|t:|1760838760
|move|p1a: Pyroar|Overheat|p2a: Hatterene|[miss]
|-miss|p1a: Pyroar|p2a: Hatterene
|move|p2a: Hatterene|Draining Kiss|p1a: Pyroar
|-resisted|p1a: Pyroar
|-damage|p1a: Pyroar|65/100
|-heal|p2a: Hatterene|50/100|[from] drain|[of] p1a: Pyroar
|
|-weather|SunnyDay|[upkeep]
|upkeep
|turn|7
|
|t:|1760838769
|switch|p1a: Skarmory|Skarmory, M|100/100
|move|p2a: Hatterene|Draining Kiss|p1a: Skarmory
|-resisted|p1a: Skarmory
|-damage|p1a: Skarmory|72/100
|-heal|p2a: Hatterene|73/100|[from] drain|[of] p1a: Skarmory
|-damage|p2a: Hatterene|56/100|[from] item: Rocky Helmet|[of] p1a: Skarmory
|
|-weather|SunnyDay|[upkeep]
|upkeep
|turn|8
|
|t:|1760838773
|move|p1a: Skarmory|Brave Bird|p2a: Hatterene
|-damage|p2a: Hatterene|28/100
|-damage|p1a: Skarmory|63/100|[from] Recoil
|move|p2a: Hatterene|Nuzzle|p1a: Skarmory
|-supereffective|p1a: Skarmory
|-damage|p1a: Skarmory|58/100
|-status|p1a: Skarmory|par
|-damage|p2a: Hatterene|12/100|[from] item: Rocky Helmet|[of] p1a: Skarmory
|
|-weather|none
|upkeep
|turn|9
|
|t:|1760838780
|move|p2a: Hatterene|Draining Kiss|p1a: Skarmory
|-resisted|p1a: Skarmory
|-damage|p1a: Skarmory|29/100 par
|-heal|p2a: Hatterene|35/100|[from] drain|[of] p1a: Skarmory
|-damage|p2a: Hatterene|18/100|[from] item: Rocky Helmet|[of] p1a: Skarmory
|move|p1a: Skarmory|Roost|p1a: Skarmory
|-heal|p1a: Skarmory|79/100 par
|-singleturn|p1a: Skarmory|move: Roost
|
|upkeep
|turn|10
|
|t:|1760838788
|move|p2a: Hatterene|Draining Kiss|p1a: Skarmory
|-resisted|p1a: Skarmory
|-damage|p1a: Skarmory|45/100 par
|-heal|p2a: Hatterene|44/100|[from] drain|[of] p1a: Skarmory
|-damage|p2a: Hatterene|28/100|[from] item: Rocky Helmet|[of] p1a: Skarmory
|move|p1a: Skarmory|Brave Bird|p2a: Hatterene
|-damage|p2a: Hatterene|0 fnt
|faint|p2a: Hatterene
|-damage|p1a: Skarmory|37/100 par|[from] Recoil
|
|upkeep
|
|t:|1760838798
|switch|p2a: Raging Bolt|Raging Bolt|100/100
|turn|11
|
|t:|1760838801
|switch|p1a: Meganium|Meganium, M|100/100
|move|p2a: Raging Bolt|Thunderbolt|p1a: Meganium
|-resisted|p1a: Meganium
|-damage|p1a: Meganium|81/100
|
|-heal|p1a: Meganium|87/100|[from] item: Leftovers
|upkeep
|turn|12
|
|t:|1760838804
|-end|p2a: Raging Bolt|Protosynthesis|[silent]
|switch|p2a: Ninetales|Ninetales, M|50/100
|-weather|SunnyDay|[from] ability: Drought|[of] p2a: Ninetales
|move|p1a: Meganium|Leech Seed|p2a: Ninetales
|-start|p2a: Ninetales|move: Leech Seed
|
|-weather|SunnyDay|[upkeep]
|-heal|p1a: Meganium|93/100|[from] item: Leftovers
|-damage|p2a: Ninetales|38/100|[from] Leech Seed|[of] p1a: Meganium
|-heal|p1a: Meganium|100/100|[silent]
|upkeep
|turn|13
|
|t:|1760838810
|switch|p2a: Raging Bolt|Raging Bolt|100/100
|-activate|p2a: Raging Bolt|ability: Protosynthesis
|-start|p2a: Raging Bolt|protosynthesisspa
|switch|p1a: Pyroar|Pyroar, M|65/100
|-ability|p1a: Pyroar|Unnerve
|
|-weather|SunnyDay|[upkeep]
|upkeep
|turn|14
|
|t:|1760838815
|switch|p1a: Skarmory|Skarmory, M|37/100 par
|move|p2a: Raging Bolt|Thunderbolt|p1a: Skarmory
|-supereffective|p1a: Skarmory
|-damage|p1a: Skarmory|0 fnt
|faint|p1a: Skarmory
|
|-weather|SunnyDay|[upkeep]
|upkeep
|
|t:|1760838820
|switch|p1a: Meganium|Meganium, M|100/100
|turn|15
|
|t:|1760838823
|move|p2a: Raging Bolt|Weather Ball|p1a: Meganium
|-supereffective|p1a: Meganium
|-damage|p1a: Meganium|0 fnt
|faint|p1a: Meganium
|
|-weather|SunnyDay|[upkeep]
|upkeep
|
|t:|1760838830
|switch|p1a: Clefable|Clefable, F|100/100
|turn|16
|inactive|kills your has 120 seconds left.
|
|t:|1760838878
|move|p2a: Raging Bolt|Weather Ball|p1a: Clefable
|-damage|p1a: Clefable|21/100
|move|p1a: Clefable|Moonblast|p2a: Raging Bolt
|-supereffective|p2a: Raging Bolt
|-damage|p2a: Raging Bolt|33/100
|
|-weather|none
|-end|p2a: Raging Bolt|Protosynthesis
|upkeep
|turn|17
|
|t:|1760838887
|switch|p1a: Scrafty|Scrafty, M|89/100 brn
|-ability|p1a: Scrafty|Intimidate|boost
|-unboost|p2a: Raging Bolt|atk|1
|move|p2a: Raging Bolt|Thunderbolt|p1a: Scrafty
|-damage|p1a: Scrafty|55/100 brn
|
|-damage|p1a: Scrafty|49/100 brn|[from] brn
|upkeep
|turn|18
|inactive|kills your has 120 seconds left.
|
|t:|1760838894
|-end|p2a: Raging Bolt|Protosynthesis|[silent]
|switch|p2a: Ninetales|Ninetales, M|38/100
|-weather|SunnyDay|[from] ability: Drought|[of] p2a: Ninetales
|move|p1a: Scrafty|Knock Off|p2a: Ninetales
|-damage|p2a: Ninetales|17/100
|
|-weather|SunnyDay|[upkeep]
|-damage|p1a: Scrafty|43/100 brn|[from] brn
|upkeep
|turn|19
|
|t:|1760838899
|move|p2a: Ninetales|Overheat|p1a: Scrafty
|-crit|p1a: Scrafty
|-damage|p1a: Scrafty|0 fnt
|-unboost|p2a: Ninetales|spa|2
|faint|p1a: Scrafty
|
|-weather|SunnyDay|[upkeep]
|upkeep
|
|t:|1760838905
|switch|p1a: Pyroar|Pyroar, M|65/100
|-ability|p1a: Pyroar|Unnerve
|turn|20
|
|t:|1760838912
|switch|p2a: Walking Wake|Walking Wake|100/100
|-activate|p2a: Walking Wake|ability: Protosynthesis
|-start|p2a: Walking Wake|protosynthesisspe
|move|p1a: Pyroar|Flamethrower|p2a: Walking Wake
|-resisted|p2a: Walking Wake
|-damage|p2a: Walking Wake|81/100
|
|-weather|SunnyDay|[upkeep]
|upkeep
|turn|21
|l|☆eucalipto69!
|inactive|eucalipto69! disconnected and has a minute to reconnect!
|player|p1|
|inactive|eucalipto69! has 30 seconds to reconnect!
|inactive|eucalipto69! has 20 seconds to reconnect!
|inactive|eucalipto69! has 15 seconds to reconnect!
|inactive|eucalipto69! has 10 seconds to reconnect!
|inactive|eucalipto69! has 5 seconds to reconnect!
|-message|eucalipto69! lost due to inactivity.
|
|win|kills your
|raw|eucalipto69!'s rating: 1270 &rarr; <strong>1249</strong><br />(-21 for losing)
|raw|kills your's rating: 1327 &rarr; <strong>1344</strong><br />(+17 for winning)
|l|☆kills your
|player|p2|
