|j|☆Juicelightning
|j|☆InfraredSense
|t:|1760727168
|gametype|singles
|player|p1|Juicelightning|101|1333
|player|p2|InfraredSense|1|1327
|gen|9
|tier|[Gen 9] OU
|rated|
|rule|HP Percentage Mod: HP is shown in percentages
|rule|Endless Battle Clause: Forcing endless battles is banned
|rule|Species Clause: Limit one of each Pokémon
|rule|OHKO Clause: OHKO moves are banned
|rule|Evasion Items Clause: Evasion items are banned
|rule|Evasion Moves Clause: Evasion moves are banned
|rule|Evasion Abilities Clause: Evasion abilities are banned
|rule|Sleep Moves Clause: Sleep-inducing moves are banned
|clearpoke
|poke|p1|Grafaiai, M|
|poke|p1|Alomomola, M|
|poke|p1|Weezing-Galar, F|
|poke|p1|Gholdengo|
|poke|p1|Meowscarada, M|
|poke|p1|Latias, F|
|poke|p2|Glimmora, F|
|poke|p2|Dragapult, M|
|poke|p2|Kingambit, M|
|poke|p2|Great Tusk|
|poke|p2|Ogerpon-Wellspring, F|
|poke|p2|Raging Bolt|
|teampreview
|
|t:|1760727175
|teamsize|p1|6
|teamsize|p2|6
|start
|switch|p1a: Meowscarada|Meowscarada, M|100/100
|switch|p2a: Glimmora|Glimmora, F|100/100
|turn|1
|
|t:|1760727183
|move|p1a: Meowscarada|Flower Trick|p2a: Glimmora
|-start|p1a: Meowscarada|typechange|Grass|[from] ability: Protean
|-crit|p2a: Glimmora
|-damage|p2a: Glimmora|6/100
|-activate|p2a: Glimmora|ability: Toxic Debris
|-sidestart|p1: Juicelightning|move: Toxic Spikes
|move|p2a: Glimmora|Stealth Rock|p1a: Meowscarada
|-sidestart|p1: Juicelightning|move: Stealth Rock
|
|upkeep
|turn|2
|
|t:|1760727194
|move|p1a: Meowscarada|Flower Trick|p2a: Glimmora
|-crit|p2a: Glimmora
|-damage|p2a: Glimmora|0 fnt
|-activate|p2a: Glimmora|ability: Toxic Debris
|-sidestart|p1: Juicelightning|move: Toxic Spikes
|faint|p2a: Glimmora
|
|upkeep
|
|t:|1760727202
|switch|p2a: Dragapult|Dragapult, M|100/100
|turn|3
|
|t:|1760727213
|switch|p1a: Grafaiai|Grafaiai, M|100/100
|-sideend|p1: Juicelightning|move: Toxic Spikes|[of] p1a: Grafaiai
|-damage|p1a: Grafaiai|88/100|[from] Stealth Rock
|move|p2a: Dragapult|Flamethrower|p1a: Grafaiai
|-damage|p1a: Grafaiai|20/100
|
|upkeep
|turn|4
|
|t:|1760727222
|move|p1a: Grafaiai|Endure|p1a: Grafaiai
|-singleturn|p1a: Grafaiai|move: Endure
|move|p2a: Dragapult|Flamethrower|p1a: Grafaiai
|-activate|p1a: Grafaiai|move: Endure
|-damage|p1a: Grafaiai|1/100
|
|upkeep
|turn|5
|
|t:|1760727230
|switch|p1a: Alomomola|Alomomola, M|100/100
|-damage|p1a: Alomomola|88/100|[from] Stealth Rock
|move|p2a: Dragapult|Flamethrower|p1a: Alomomola
|-resisted|p1a: Alomomola
|-damage|p1a: Alomomola|76/100
|
|upkeep
|turn|6
|
|t:|1760727237
|switch|p2a: Ogerpon|Ogerpon-Wellspring, F|100/100
|move|p1a: Alomomola|Mirror Coat||[still]
|-fail|p1a: Alomomola
|
|upkeep
|turn|7
|
|t:|1760727243
|switch|p1a: Weezing|Weezing-Galar, F|100/100
|-ability|p1a: Weezing|Neutralizing Gas
|-damage|p1a: Weezing|88/100|[from] Stealth Rock
|-item|p1a: Weezing|Air Balloon
|move|p2a: Ogerpon|Swords Dance|p2a: Ogerpon
|-boost|p2a: Ogerpon|atk|2
|
|upkeep
|turn|8
|
|t:|1760727258
|-terastallize|p2a: Ogerpon|Water
|detailschange|p2a: Ogerpon|Ogerpon-Wellspring-Tera, F, tera:Water
|move|p2a: Ogerpon|Ivy Cudgel|p1a: Weezing|[anim] Ivy Cudgel Water
|-damage|p1a: Weezing|0 fnt
|-enditem|p1a: Weezing|Air Balloon
|faint|p1a: Weezing
|-end|p1a: Weezing|ability: Neutralizing Gas
|-ability|p2a: Ogerpon|Embody Aspect (Wellspring)|boost
|-boost|p2a: Ogerpon|spd|1
|
|upkeep
|
|t:|1760727266
|switch|p1a: Meowscarada|Meowscarada, M|100/100
|-damage|p1a: Meowscarada|88/100|[from] Stealth Rock
|turn|9
|
|t:|1760727274
|move|p1a: Meowscarada|Flower Trick|p2a: Ogerpon
|-start|p1a: Meowscarada|typechange|Grass|[from] ability: Protean
|-supereffective|p2a: Ogerpon
|-crit|p2a: Ogerpon
|-damage|p2a: Ogerpon|0 fnt
|faint|p2a: Ogerpon
|detailschange|p2: Ogerpon|Ogerpon-Wellspring, F|[silent]
|
|upkeep
|
|t:|1760727290
|switch|p2a: Dragapult|Dragapult, M|100/100
|turn|10
|
|t:|1760727304
|switch|p1a: Grafaiai|Grafaiai, M|1/100
|-damage|p1a: Grafaiai|0 fnt|[from] Stealth Rock
|faint|p1a: Grafaiai
|move|p2a: Dragapult|U-turn|p1: Grafaiai|[notarget]
|-fail|p2a: Dragapult
|
|upkeep
|
|t:|1760727321
|switch|p1a: Alomomola|Alomomola, M|100/100
|-damage|p1a: Alomomola|88/100|[from] Stealth Rock
|turn|11
|
|t:|1760727328
|move|p2a: Dragapult|U-turn|p1a: Alomomola
|-damage|p1a: Alomomola|80/100
|
|t:|1760727331
|switch|p2a: Raging Bolt|Raging Bolt|100/100|[from] U-turn
|-enditem|p2a: Raging Bolt|Booster Energy
|-activate|p2a: Raging Bolt|ability: Protosynthesis|[fromitem]
|-start|p2a: Raging Bolt|protosynthesisspa
|move|p1a: Alomomola|Scald|p2a: Raging Bolt
|-resisted|p2a: Raging Bolt
|-damage|p2a: Raging Bolt|94/100
|-status|p2a: Raging Bolt|brn
|
|-damage|p2a: Raging Bolt|87/100 brn|[from] brn
|upkeep
|turn|12
|
|t:|1760727342
|move|p2a: Raging Bolt|Calm Mind|p2a: Raging Bolt
|-boost|p2a: Raging Bolt|spa|1
|-boost|p2a: Raging Bolt|spd|1
|move|p1a: Alomomola|Mirror Coat||[still]
|-fail|p1a: Alomomola
|
|-damage|p2a: Raging Bolt|81/100 brn|[from] brn
|upkeep
|turn|13
|
|t:|1760727372
|switch|p1a: Gholdengo|Gholdengo, shiny|100/100
|-damage|p1a: Gholdengo|94/100|[from] Stealth Rock
|move|p2a: Raging Bolt|Volt Switch|p1a: Gholdengo
|-damage|p1a: Gholdengo|7/100
|
|t:|1760727385
|-end|p2a: Raging Bolt|Protosynthesis|[silent]
|switch|p2a: Kingambit|Kingambit, M|100/100|[from] Volt Switch
|-activate|p2a: Kingambit|ability: Supreme Overlord
|-start|p2a: Kingambit|fallen2|[silent]
|
|upkeep
|turn|14
|
|t:|1760727403
|move|p2a: Kingambit|Sucker Punch||[still]
|-fail|p2a: Kingambit
|move|p1a: Gholdengo|Reflect|p1a: Gholdengo
|-sidestart|p1: Juicelightning|Reflect
|
|upkeep
|turn|15
|
|t:|1760727408
|move|p1a: Gholdengo|Light Screen|p1a: Gholdengo
|-sidestart|p1: Juicelightning|move: Light Screen
|move|p2a: Kingambit|Swords Dance|p2a: Kingambit
|-boost|p2a: Kingambit|atk|2
|
|upkeep
|turn|16
|
|t:|1760727414
|switch|p1a: Alomomola|Alomomola, M|100/100
|-damage|p1a: Alomomola|88/100|[from] Stealth Rock
|move|p2a: Kingambit|Swords Dance|p2a: Kingambit
|-boost|p2a: Kingambit|atk|2
|
|upkeep
|turn|17
|
|t:|1760727422
|move|p2a: Kingambit|Kowtow Cleave|p1a: Alomomola
|-damage|p1a: Alomomola|28/100
|move|p1a: Alomomola|Scald|p2a: Kingambit
|-damage|p2a: Kingambit|86/100
|
|upkeep
|turn|18
|
|t:|1760727428
|move|p2a: Kingambit|Kowtow Cleave|p1a: Alomomola
|-crit|p1a: Alomomola
|-damage|p1a: Alomomola|0 fnt
|faint|p1a: Alomomola
|
|upkeep
|
|t:|1760727430
|switch|p1a: Latias|Latias, F|100/100
|-damage|p1a: Latias|88/100|[from] Stealth Rock
|turn|19
|
|t:|1760727443
|-terastallize|p1a: Latias|Fairy
|move|p2a: Kingambit|Sucker Punch||[still]
|-fail|p2a: Kingambit
|move|p1a: Latias|Calm Mind|p1a: Latias
|-boost|p1a: Latias|spa|1
|-boost|p1a: Latias|spd|1
|
|upkeep
|turn|20
|
|t:|1760727452
|move|p1a: Latias|Draining Kiss|p2a: Kingambit
|-damage|p2a: Kingambit|35/100
|-heal|p1a: Latias|100/100|[from] drain|[of] p2a: Kingambit
|move|p2a: Kingambit|Iron Head|p1a: Latias
|-supereffective|p1a: Latias
|-damage|p1a: Latias|0 fnt
|faint|p1a: Latias
|
|upkeep
|
|t:|1760727458
|switch|p1a: Meowscarada|Meowscarada, M|88/100
|-damage|p1a: Meowscarada|76/100|[from] Stealth Rock
|turn|21
|
|t:|1760727464
|move|p2a: Kingambit|Sucker Punch|p1a: Meowscarada
|-resisted|p1a: Meowscarada
|-crit|p1a: Meowscarada
|-damage|p1a: Meowscarada|0 fnt
|faint|p1a: Meowscarada
|
|-sideend|p1: Juicelightning|Reflect
|upkeep
|-message|Juicelightning forfeited.
|
|win|InfraredSense
|raw|Juicelightning's rating: 1333 &rarr; <strong>1313</strong><br />(-20 for losing)
|raw|InfraredSense's rating: 1327 &rarr; <strong>1347</strong><br />(+20 for winning)
|l|☆Juicelightning
|player|p1|
|l|☆InfraredSense
|player|p2|
