|j|☆Star Plasma Vessel
|j|☆MewEnRage
|t:|1760804472
|gametype|singles
|player|p1|Star Plasma Vessel|miku-water|1434
|player|p2|MewEnRage|pokemaniac|1458
|gen|9
|tier|[Gen 9] OU
|rated|
|rule|HP Percentage Mod: HP is shown in percentages
|rule|Endless Battle Clause: Forcing endless battles is banned
|rule|Species Clause: Limit one of each Pokémon
|rule|OHKO Clause: OHKO moves are banned
|rule|Evasion Items Clause: Evasion items are banned
|rule|Evasion Moves Clause: Evasion moves are banned
|rule|Evasion Abilities Clause: Evasion abilities are banned
|rule|Sleep Moves Clause: Sleep-inducing moves are banned
|clearpoke
|poke|p1|Ninetales-Alola, F|
|poke|p1|Darkrai|
|poke|p1|Kyurem|
|poke|p1|Hatterene, F|
|poke|p1|Manaphy|
|poke|p1|Zamazenta-*|
|poke|p2|Oricorio, M|
|poke|p2|Landorus-Therian, M|
|poke|p2|Primarina, F|
|poke|p2|Great Tusk|
|poke|p2|Iron Crown|
|poke|p2|Staraptor, M|
|teampreview
|inactive|Battle timer is ON: inactive players will automatically lose when time's up. (requested by Star Plasma Vessel)
|c|☆Star Plasma Vessel|its
|c|☆Star Plasma Vessel|you
|c|☆Star Plasma Vessel|...
|c|☆MewEnRage|me ?
|c|☆Star Plasma Vessel|um
|
|t:|1760804501
|teamsize|p1|6
|teamsize|p2|6
|start
|switch|p1a: Ninetales|Ninetales-Alola, F|100/100
|switch|p2a: Iron Crown|Iron Crown|100/100
|-weather|Snowscape|[from] ability: Snow Warning|[of] p1a: Ninetales
|turn|1
|c|☆Star Plasma Vessel|u may not remeber it was a while ag
|c|☆Star Plasma Vessel|but i lost the acc
|c|☆Star Plasma Vessel|im penni__boii
|
|t:|1760804519
|move|p1a: Ninetales|Aurora Veil|p1a: Ninetales
|-sidestart|p1: Star Plasma Vessel|move: Aurora Veil
|move|p2a: Iron Crown|Tachyon Cutter|p1a: Ninetales
|-supereffective|p1a: Ninetales
|-damage|p1a: Ninetales|47/100
|-supereffective|p1a: Ninetales
|-damage|p1a: Ninetales|0 fnt
|faint|p1a: Ninetales
|-hitcount|p1: Ninetales|2
|
|-weather|Snowscape|[upkeep]
|upkeep
|
|t:|1760804522
|switch|p1a: Darkrai|Darkrai|100/100
|turn|2
|c|☆MewEnRage|Ohhhhhhh yes that names tings something in me
|
|t:|1760804534
|-end|p2a: Iron Crown|Quark Drive|[silent]
|switch|p2a: Primarina|Primarina, F|100/100
|move|p1a: Darkrai|Nasty Plot|p1a: Darkrai
|-boost|p1a: Darkrai|spa|2
|
|-weather|Snowscape|[upkeep]
|upkeep
|turn|3
|
|t:|1760804538
|-terastallize|p1a: Darkrai|Poison
|move|p1a: Darkrai|Sludge Bomb|p2a: Primarina
|-supereffective|p2a: Primarina
|-damage|p2a: Primarina|0 fnt
|faint|p2a: Primarina
|
|-weather|Snowscape|[upkeep]
|upkeep
|c|☆Star Plasma Vessel|last time we battled i got smoke
|c|☆Star Plasma Vessel|smoked
|
|t:|1760804551
|switch|p2a: Great Tusk|Great Tusk|100/100
|-enditem|p2a: Great Tusk|Booster Energy
|-activate|p2a: Great Tusk|ability: Protosynthesis|[fromitem]
|-start|p2a: Great Tusk|protosynthesisspe
|turn|4
|
|t:|1760804555
|move|p2a: Great Tusk|Rapid Spin|p1a: Darkrai
|-damage|p1a: Darkrai|91/100
|-boost|p2a: Great Tusk|spe|1
|move|p1a: Darkrai|Ice Beam|p2a: Great Tusk
|-supereffective|p2a: Great Tusk
|-damage|p2a: Great Tusk|0 fnt
|faint|p2a: Great Tusk
|-end|p2a: Great Tusk|Protosynthesis|[silent]
|
|-weather|Snowscape|[upkeep]
|-heal|p1a: Darkrai|97/100|[from] item: Leftovers
|upkeep
|c|☆MewEnRage|lmao oups i kinda missclicked
|c|☆Star Plasma Vessel|lol
|c|☆MewEnRage|i think you're agoing too cook me
|c|☆Star Plasma Vessel|nuh uh
|c|☆Star Plasma Vessel|i can swap if u want
|inactive|MewEnRage has 120 seconds left.
|c|☆MewEnRage|no of course no
|
|t:|1760804591
|switch|p2a: Staraptor|Staraptor, M|100/100
|turn|5
|
|t:|1760804596
|move|p1a: Darkrai|Ice Beam|p2a: Staraptor
|-supereffective|p2a: Staraptor
|-damage|p2a: Staraptor|0 fnt
|faint|p2a: Staraptor
|
|-weather|none
|-heal|p1a: Darkrai|100/100|[from] item: Leftovers
|upkeep
|
|t:|1760804599
|switch|p2a: Iron Crown|Iron Crown|100/100
|turn|6
|c|☆Star Plasma Vessel|u sure?
|
|t:|1760804602
|-terastallize|p2a: Iron Crown|Fighting
|move|p1a: Darkrai|Dark Pulse|p2a: Iron Crown
|-resisted|p2a: Iron Crown
|-damage|p2a: Iron Crown|71/100
|move|p2a: Iron Crown|Future Sight|p1a: Darkrai
|-start|p2a: Iron Crown|move: Future Sight
|
|upkeep
|turn|7
|
|t:|1760804608
|move|p1a: Darkrai|Sludge Bomb|p2a: Iron Crown
|-damage|p2a: Iron Crown|3/100
|move|p2a: Iron Crown|Volt Switch|p1a: Darkrai
|-damage|p1a: Darkrai|85/100
|c|☆MewEnRage|yeah i fucked up it's already loose
|c|☆Star Plasma Vessel|no
|
|t:|1760804616
|-end|p2a: Iron Crown|Quark Drive|[silent]
|switch|p2a: Landorus|Landorus-Therian, M|100/100|[from] Volt Switch
|-ability|p2a: Landorus|Intimidate|boost
|-unboost|p1a: Darkrai|atk|1
|
|-heal|p1a: Darkrai|91/100|[from] item: Leftovers
|upkeep
|turn|8
|c|☆Star Plasma Vessel|fsight kills me
|
|t:|1760804622
|switch|p2a: Iron Crown|Iron Crown, tera:Fighting|3/100
|move|p1a: Darkrai|Ice Beam|p2a: Iron Crown
|-damage|p2a: Iron Crown|0 fnt
|faint|p2a: Iron Crown
|-end|p2a: Iron Crown|Quark Drive|[silent]
|
|-end|p1a: Darkrai|move: Future Sight
|-supereffective|p1a: Darkrai
|-damage|p1a: Darkrai|18/100
|-heal|p1a: Darkrai|24/100|[from] item: Leftovers
|-sideend|p1: Star Plasma Vessel|move: Aurora Veil
|upkeep
|
|t:|1760804625
|switch|p2a: Oricorio|Oricorio, M|100/100
|turn|9
|c|☆Star Plasma Vessel|nm
|
|t:|1760804629
|switch|p1a: Manaphy|Manaphy|100/100
|move|p2a: Oricorio|Quiver Dance|p2a: Oricorio
|-boost|p2a: Oricorio|spa|1
|-boost|p2a: Oricorio|spd|1
|-boost|p2a: Oricorio|spe|1
|
|upkeep
|turn|10
|
|t:|1760804633
|move|p2a: Oricorio|Quiver Dance|p2a: Oricorio
|-boost|p2a: Oricorio|spa|1
|-boost|p2a: Oricorio|spd|1
|-boost|p2a: Oricorio|spe|1
|move|p1a: Manaphy|Surf|p2a: Oricorio
|-supereffective|p2a: Oricorio
|-damage|p2a: Oricorio|39/100
|
|upkeep
|turn|11
|
|t:|1760804636
|move|p2a: Oricorio|Hurricane|p1a: Manaphy
|-damage|p1a: Manaphy|13/100
|-start|p1a: Manaphy|confusion
|-activate|p1a: Manaphy|confusion
|-damage|p1a: Manaphy|5/100|[from] confusion
|
|-heal|p1a: Manaphy|11/100|[from] item: Leftovers
|upkeep
|turn|12
|
|t:|1760804639
|move|p2a: Oricorio|Roost|p2a: Oricorio
|-heal|p2a: Oricorio|89/100
|-singleturn|p2a: Oricorio|move: Roost
|-activate|p1a: Manaphy|confusion
|move|p1a: Manaphy|Surf|p2a: Oricorio
|-supereffective|p2a: Oricorio
|-damage|p2a: Oricorio|22/100
|
|-heal|p1a: Manaphy|18/100|[from] item: Leftovers
|upkeep
|turn|13
|
|t:|1760804642
|move|p2a: Oricorio|Roost|p2a: Oricorio
|-heal|p2a: Oricorio|72/100
|-singleturn|p2a: Oricorio|move: Roost
|-end|p1a: Manaphy|confusion
|move|p1a: Manaphy|Surf|p2a: Oricorio
|-supereffective|p2a: Oricorio
|-damage|p2a: Oricorio|10/100
|
|-heal|p1a: Manaphy|24/100|[from] item: Leftovers
|upkeep
|turn|14
|
|t:|1760804645
|move|p2a: Oricorio|Roost|p2a: Oricorio
|-heal|p2a: Oricorio|61/100
|-singleturn|p2a: Oricorio|move: Roost
|move|p1a: Manaphy|Surf|p2a: Oricorio
|-supereffective|p2a: Oricorio
|-damage|p2a: Oricorio|0 fnt
|faint|p2a: Oricorio
|
|-heal|p1a: Manaphy|30/100|[from] item: Leftovers
|upkeep
|c|☆MewEnRage|noooo the confusion :(
|c|☆MewEnRage|gg
|
|t:|1760804655
|switch|p2a: Landorus|Landorus-Therian, M|100/100
|-ability|p2a: Landorus|Intimidate|boost
|-unboost|p1a: Manaphy|atk|1
|turn|15
|c|☆Star Plasma Vessel|gg
|c|☆Star Plasma Vessel|it was nice seeing u agian
|
|t:|1760804663
|move|p1a: Manaphy|Surf|p2a: Landorus
|-supereffective|p2a: Landorus
|-damage|p2a: Landorus|23/100
|move|p2a: Landorus|Earthquake|p1a: Manaphy
|-damage|p1a: Manaphy|0 fnt
|faint|p1a: Manaphy
|
|upkeep
|c|☆MewEnRage|nice too
|
|t:|1760804667
|switch|p1a: Zamazenta|Zamazenta|100/100
|-ability|p1a: Zamazenta|Dauntless Shield|boost
|-boost|p1a: Zamazenta|def|1
|turn|16
|c|☆MewEnRage|gl in your climb
|c|☆Star Plasma Vessel|thx
|
|t:|1760804673
|move|p1a: Zamazenta|Iron Defense|p1a: Zamazenta
|-boost|p1a: Zamazenta|def|2
|move|p2a: Landorus|Earthquake|p1a: Zamazenta
|-damage|p1a: Zamazenta|83/100
|
|-heal|p1a: Zamazenta|89/100|[from] item: Leftovers
|upkeep
|turn|17
|c|☆Star Plasma Vessel|ima be a lil toxic tho
|c|☆Star Plasma Vessel|and pp stall
|-message|MewEnRage forfeited.
|
|win|Star Plasma Vessel
|raw|Star Plasma Vessel's rating: 1434 &rarr; <strong>1455</strong><br />(+21 for winning)
|raw|MewEnRage's rating: 1458 &rarr; <strong>1437</strong><br />(-21 for losing)
|l|☆MewEnRage
|player|p2|
|l|☆Star Plasma Vessel
|player|p1|
