|j|☆xail44
|j|☆silver acid
|t:|1760867766
|gametype|singles
|player|p1|xail44|265|1110
|player|p2|silver acid|steven|1063
|gen|9
|tier|[Gen 9] OU
|rated|
|rule|HP Percentage Mod: HP is shown in percentages
|rule|Endless Battle Clause: Forcing endless battles is banned
|rule|Species Clause: Limit one of each Pokémon
|rule|OHKO Clause: OHKO moves are banned
|rule|Evasion Items Clause: Evasion items are banned
|rule|Evasion Moves Clause: Evasion moves are banned
|rule|Evasion Abilities Clause: Evasion abilities are banned
|rule|Sleep Moves Clause: Sleep-inducing moves are banned
|clearpoke
|poke|p1|Empoleon, M|
|poke|p1|Shiftry, M|
|poke|p1|Alomomola, F|
|poke|p1|Hitmontop, M|
|poke|p1|Swalot, M|
|poke|p1|Landorus-Therian, M|
|poke|p2|Pelipper, M|
|poke|p2|Kingdra, F|
|poke|p2|Barraskewda, M|
|poke|p2|Veluza, F|
|poke|p2|Zapdos|
|poke|p2|Floatzel, M|
|teampreview
|inactive|Battle timer is ON: inactive players will automatically lose when time's up. (requested by xail44)
|
|t:|1760867771
|teamsize|p1|6
|teamsize|p2|6
|start
|switch|p1a: Landorus|Landorus-Therian, M|100/100
|switch|p2a: Pelipper|Pelipper, M|100/100
|-ability|p1a: Landorus|Intimidate|boost
|-unboost|p2a: Pelipper|atk|1
|-weather|RainDance|[from] ability: Drizzle|[of] p2a: Pelipper
|turn|1
|
|t:|1760867786
|move|p1a: Landorus|Stealth Rock|p2a: Pelipper
|-sidestart|p2: silver acid|move: Stealth Rock
|move|p2a: Pelipper|U-turn|p1a: Landorus
|-resisted|p1a: Landorus
|-damage|p1a: Landorus|98/100
|-damage|p2a: Pelipper|84/100|[from] item: Rocky Helmet|[of] p1a: Landorus
|
|t:|1760867798
|switch|p2a: Kingdra|Kingdra, F, shiny|100/100|[from] U-turn
|-damage|p2a: Kingdra|88/100|[from] Stealth Rock
|
|-weather|RainDance|[upkeep]
|upkeep
|turn|2
|
|t:|1760867808
|switch|p1a: Alomomola|Alomomola, F|100/100
|move|p2a: Kingdra|Ice Beam|p1a: Alomomola
|-resisted|p1a: Alomomola
|-damage|p1a: Alomomola|76/100
|
|-weather|RainDance|[upkeep]
|-heal|p1a: Alomomola|83/100|[from] item: Leftovers
|upkeep
|turn|3
|
|t:|1760867815
|switch|p2a: Zapdos|Zapdos|100/100
|move|p1a: Alomomola|Mirror Coat||[still]
|-fail|p1a: Alomomola
|
|-weather|RainDance|[upkeep]
|-heal|p1a: Alomomola|89/100|[from] item: Leftovers
|upkeep
|turn|4
|
|t:|1760867823
|switch|p1a: Landorus|Landorus-Therian, M|98/100
|-ability|p1a: Landorus|Intimidate|boost
|-unboost|p2a: Zapdos|atk|1
|move|p2a: Zapdos|Volt Switch|p1a: Landorus
|-immune|p1a: Landorus
|
|-weather|RainDance|[upkeep]
|upkeep
|turn|5
|
|t:|1760867833
|move|p2a: Zapdos|Hurricane|p1a: Landorus
|-damage|p1a: Landorus|51/100
|move|p1a: Landorus|U-turn|p2a: Zapdos
|-resisted|p2a: Zapdos
|-damage|p2a: Zapdos|92/100
|-status|p1a: Landorus|par|[from] ability: Static|[of] p2a: Zapdos
|
|t:|1760867851
|switch|p1a: Swalot|Swalot, M|100/100|[from] U-turn
|
|-weather|RainDance|[upkeep]
|upkeep
|turn|6
|
|t:|1760867857
|move|p2a: Zapdos|Volt Switch|p1a: Swalot
|-damage|p1a: Swalot|77/100
|
|t:|1760867863
|switch|p2a: Kingdra|Kingdra, F, shiny|88/100|[from] Volt Switch
|-damage|p2a: Kingdra|76/100|[from] Stealth Rock
|move|p1a: Swalot|Stuff Cheeks|p1a: Swalot
|-boost|p1a: Swalot|def|2
|-enditem|p1a: Swalot|Starf Berry|[eat]
|-boost|p1a: Swalot|spe|2|[from] item: Starf Berry
|
|-weather|RainDance|[upkeep]
|upkeep
|turn|7
|
|t:|1760867876
|move|p2a: Kingdra|Draco Meteor|p1a: Swalot
|-damage|p1a: Swalot|12/100
|-unboost|p2a: Kingdra|spa|2
|move|p1a: Swalot|Thief|p2a: Kingdra
|-damage|p2a: Kingdra|63/100
|-enditem|p2a: Kingdra|Choice Specs|[silent]|[from] move: Thief|[of] p1a: Swalot
|-item|p1a: Swalot|Choice Specs|[from] move: Thief|[of] p2a: Kingdra
|
|-weather|RainDance|[upkeep]
|upkeep
|turn|8
|
|t:|1760867892
|move|p2a: Kingdra|Draco Meteor|p1a: Swalot
|-damage|p1a: Swalot|0 fnt
|-unboost|p2a: Kingdra|spa|2
|faint|p1a: Swalot
|
|-weather|none
|upkeep
|inactive|xail44 has 120 seconds left.
|
|t:|1760867914
|switch|p1a: Shiftry|Shiftry, M|100/100
|turn|9
|
|t:|1760867918
|switch|p2a: Pelipper|Pelipper, M|84/100
|-damage|p2a: Pelipper|59/100|[from] Stealth Rock
|-weather|RainDance|[from] ability: Drizzle|[of] p2a: Pelipper
|move|p1a: Shiftry|Tailwind|p1a: Shiftry
|-sidestart|p1: xail44|move: Tailwind
|-ability|p1a: Shiftry|Wind Rider|boost
|-boost|p1a: Shiftry|atk|1
|
|-weather|RainDance|[upkeep]
|upkeep
|turn|10
|
|t:|1760867931
|move|p1a: Shiftry|Knock Off|p2a: Pelipper
|-damage|p2a: Pelipper|0 fnt
|-enditem|p2a: Pelipper|Damp Rock|[from] move: Knock Off|[of] p1a: Shiftry
|faint|p2a: Pelipper
|
|-weather|RainDance|[upkeep]
|upkeep
|
|t:|1760867948
|switch|p2a: Floatzel|Floatzel, M|100/100
|-damage|p2a: Floatzel|88/100|[from] Stealth Rock
|turn|11
|
|t:|1760867955
|move|p2a: Floatzel|Ice Spinner|p1a: Shiftry
|-supereffective|p1a: Shiftry
|-damage|p1a: Shiftry|19/100
|move|p1a: Shiftry|Leaf Blade|p2a: Floatzel
|-supereffective|p2a: Floatzel
|-damage|p2a: Floatzel|0 fnt
|faint|p2a: Floatzel
|
|-weather|RainDance|[upkeep]
|upkeep
|
|t:|1760867963
|switch|p2a: Barraskewda|Barraskewda, M|100/100
|-damage|p2a: Barraskewda|88/100|[from] Stealth Rock
|turn|12
|
|t:|1760867972
|switch|p1a: Landorus|Landorus-Therian, M|51/100 par
|-ability|p1a: Landorus|Intimidate|boost
|-unboost|p2a: Barraskewda|atk|1
|move|p2a: Barraskewda|Close Combat|p1a: Landorus
|-resisted|p1a: Landorus
|-damage|p1a: Landorus|36/100 par
|-unboost|p2a: Barraskewda|def|1
|-unboost|p2a: Barraskewda|spd|1
|-damage|p2a: Barraskewda|72/100|[from] item: Rocky Helmet|[of] p1a: Landorus
|
|-weather|RainDance|[upkeep]
|-sideend|p1: xail44|move: Tailwind
|upkeep
|turn|13
|
|t:|1760867984
|switch|p2a: Kingdra|Kingdra, F, shiny|63/100
|-damage|p2a: Kingdra|51/100|[from] Stealth Rock
|move|p1a: Landorus|Earth Power|p2a: Kingdra
|-damage|p2a: Kingdra|10/100
|
|-weather|RainDance|[upkeep]
|upkeep
|turn|14
|
|t:|1760867993
|move|p2a: Kingdra|Draco Meteor|p1a: Landorus
|-damage|p1a: Landorus|0 fnt
|-unboost|p2a: Kingdra|spa|2
|faint|p1a: Landorus
|
|-weather|RainDance|[upkeep]
|upkeep
|
|t:|1760868000
|switch|p1a: Empoleon|Empoleon, M|100/100
|turn|15
|
|t:|1760868007
|switch|p2a: Zapdos|Zapdos|92/100
|move|p1a: Empoleon|Agility|p1a: Empoleon
|-boost|p1a: Empoleon|spe|2
|
|-weather|RainDance|[upkeep]
|upkeep
|turn|16
|
|t:|1760868020
|-terastallize|p1a: Empoleon|Ghost
|move|p1a: Empoleon|Metal Sound|p2a: Zapdos
|-unboost|p2a: Zapdos|spd|2
|-enditem|p1a: Empoleon|Throat Spray
|-boost|p1a: Empoleon|spa|1|[from] item: Throat Spray
|move|p2a: Zapdos|Thunder|p1a: Empoleon
|-damage|p1a: Empoleon|47/100
|
|-weather|none
|upkeep
|turn|17
|
|t:|1760868032
|move|p1a: Empoleon|Ice Beam|p2a: Zapdos
|-supereffective|p2a: Zapdos
|-damage|p2a: Zapdos|0 fnt
|faint|p2a: Zapdos
|
|upkeep
|
|t:|1760868035
|switch|p2a: Barraskewda|Barraskewda, M|72/100
|-damage|p2a: Barraskewda|60/100|[from] Stealth Rock
|turn|18
|
|t:|1760868040
|-terastallize|p2a: Barraskewda|Water
|move|p2a: Barraskewda|Aqua Jet|p1a: Empoleon
|-damage|p1a: Empoleon|0 fnt
|faint|p1a: Empoleon
|
|upkeep
|
|t:|1760868053
|switch|p1a: Alomomola|Alomomola, F|100/100
|turn|19
|
|t:|1760868056
|switch|p2a: Kingdra|Kingdra, F, shiny|10/100
|-damage|p2a: Kingdra|0 fnt|[from] Stealth Rock
|faint|p2a: Kingdra
|move|p1a: Alomomola|Scald|p2: Kingdra|[notarget]
|-fail|p1a: Alomomola
|
|upkeep
|
|t:|1760868067
|switch|p2a: Barraskewda|Barraskewda, M, tera:Water|60/100
|-damage|p2a: Barraskewda|48/100|[from] Stealth Rock
|turn|20
|
|t:|1760868071
|move|p2a: Barraskewda|Close Combat|p1a: Alomomola
|-damage|p1a: Alomomola|66/100
|-unboost|p2a: Barraskewda|def|1
|-unboost|p2a: Barraskewda|spd|1
|move|p1a: Alomomola|Scald|p2a: Barraskewda
|-resisted|p2a: Barraskewda
|-damage|p2a: Barraskewda|23/100
|-status|p2a: Barraskewda|brn
|
|-heal|p1a: Alomomola|72/100|[from] item: Leftovers
|-damage|p2a: Barraskewda|17/100 brn|[from] brn
|upkeep
|turn|21
|
|t:|1760868086
|move|p2a: Barraskewda|Close Combat|p1a: Alomomola
|-damage|p1a: Alomomola|54/100
|-unboost|p2a: Barraskewda|def|1
|-unboost|p2a: Barraskewda|spd|1
|move|p1a: Alomomola|Wish|p1a: Alomomola
|
|-heal|p1a: Alomomola|61/100|[from] item: Leftovers
|-damage|p2a: Barraskewda|11/100 brn|[from] brn
|upkeep
|turn|22
|
|t:|1760868090
|move|p2a: Barraskewda|Close Combat|p1a: Alomomola
|-damage|p1a: Alomomola|43/100
|-unboost|p2a: Barraskewda|def|1
|-unboost|p2a: Barraskewda|spd|1
|move|p1a: Alomomola|Scald|p2a: Barraskewda
|-resisted|p2a: Barraskewda
|-damage|p2a: Barraskewda|0 fnt
|faint|p2a: Barraskewda
|
|-heal|p1a: Alomomola|93/100|[from] move: Wish|[wisher] Alomomola
|-heal|p1a: Alomomola|99/100|[from] item: Leftovers
|upkeep
|
|t:|1760868097
|switch|p2a: Veluza|Veluza, F|100/100
|-damage|p2a: Veluza|88/100|[from] Stealth Rock
|turn|23
|
|t:|1760868101
|move|p2a: Veluza|Fillet Away|p2a: Veluza
|-boost|p2a: Veluza|atk|2
|-boost|p2a: Veluza|spa|2
|-boost|p2a: Veluza|spe|2
|-damage|p2a: Veluza|38/100
|move|p1a: Alomomola|Scald|p2a: Veluza
|-resisted|p2a: Veluza
|-crit|p2a: Veluza
|-damage|p2a: Veluza|24/100
|
|-heal|p1a: Alomomola|100/100|[from] item: Leftovers
|upkeep
|turn|24
|
|t:|1760868109
|move|p2a: Veluza|Fillet Away||[still]
|-fail|p2a: Veluza
|move|p1a: Alomomola|Scald|p2a: Veluza
|-resisted|p2a: Veluza
|-damage|p2a: Veluza|14/100
|-status|p2a: Veluza|brn
|
|-damage|p2a: Veluza|8/100 brn|[from] brn
|upkeep
|turn|25
|
|t:|1760868118
|move|p2a: Veluza|Psycho Cut|p1a: Alomomola
|-damage|p1a: Alomomola|75/100
|move|p1a: Alomomola|Scald|p2a: Veluza
|-resisted|p2a: Veluza
|-damage|p2a: Veluza|0 fnt
|faint|p2a: Veluza
|
|win|xail44
|raw|xail44's rating: 1110 &rarr; <strong>1132</strong><br />(+22 for winning)
|raw|silver acid's rating: 1063 &rarr; <strong>1046</strong><br />(-17 for losing)
|l|☆silver acid
|player|p2|
|l|☆xail44
|player|p1|
