|j|☆HZBKAI
|j|☆Fullmelmetal101
|t:|1760762501
|gametype|singles
|player|p1|HZBKAI|101|1116
|player|p2|Fullmelmetal101|plasmagrunt-gen5bw|1111
|gen|9
|tier|[Gen 9] OU
|rated|
|rule|HP Percentage Mod: HP is shown in percentages
|rule|Endless Battle Clause: Forcing endless battles is banned
|rule|Species Clause: Limit one of each Pokémon
|rule|OHKO Clause: OHKO moves are banned
|rule|Evasion Items Clause: Evasion items are banned
|rule|Evasion Moves Clause: Evasion moves are banned
|rule|Evasion Abilities Clause: Evasion abilities are banned
|rule|Sleep Moves Clause: Sleep-inducing moves are banned
|clearpoke
|poke|p1|Ceruledge, F|
|poke|p1|Kyurem|
|poke|p1|Manaphy|
|poke|p1|Metagross|
|poke|p1|Okidogi, M|
|poke|p1|Zoroark-Hisui, M|
|poke|p2|Garganacl, M|
|poke|p2|Glimmora, M|
|poke|p2|Weezing-Galar, M|
|poke|p2|Regice|
|poke|p2|Slowking-Galar, M|
|poke|p2|Volcanion|
|teampreview
|
|t:|1760762513
|teamsize|p1|6
|teamsize|p2|6
|start
|switch|p1a: Ceruledge|Ceruledge, F|100/100
|switch|p2a: Volcanion|Volcanion|100/100
|turn|1
|inactive|Battle timer is ON: inactive players will automatically lose when time's up. (requested by Fullmelmetal101)
|
|t:|1760762525
|move|p1a: Ceruledge|Poltergeist|p2a: Volcanion|[miss]
|-miss|p1a: Ceruledge|p2a: Volcanion
|move|p2a: Volcanion|Steam Eruption|p1a: Ceruledge
|-supereffective|p1a: Ceruledge
|-crit|p1a: Ceruledge
|-enditem|p1a: Ceruledge|Focus Sash
|-damage|p1a: Ceruledge|1/100
|
|upkeep
|turn|2
|
|t:|1760762540
|-terastallize|p1a: Ceruledge|Ghost
|move|p1a: Ceruledge|Poltergeist|p2a: Volcanion
|-activate|p2a: Volcanion|move: Poltergeist|Assault Vest
|-damage|p2a: Volcanion|41/100
|move|p2a: Volcanion|Earth Power|p1a: Ceruledge
|-damage|p1a: Ceruledge|0 fnt
|faint|p1a: Ceruledge
|
|upkeep
|
|t:|1760762540
|switch|p1a: Kyurem|Kyurem|100/100
|-ability|p1a: Kyurem|Pressure
|turn|3
|
|t:|1760762560
|move|p1a: Kyurem|Tera Blast|p2a: Volcanion
|-damage|p2a: Volcanion|29/100
|move|p2a: Volcanion|Earth Power|p1a: Kyurem
|-damage|p1a: Kyurem|72/100
|
|upkeep
|turn|4
|
|t:|1760762580
|switch|p2a: Weezing|Weezing-Galar, M, shiny|100/100
|-ability|p2a: Weezing|Neutralizing Gas
|move|p1a: Kyurem|Tera Blast|p2a: Weezing
|-damage|p2a: Weezing|82/100
|
|-heal|p2a: Weezing|88/100|[from] item: Leftovers
|upkeep
|turn|5
|
|t:|1760762591
|move|p1a: Kyurem|Tera Blast|p2a: Weezing
|-damage|p2a: Weezing|67/100
|move|p2a: Weezing|Toxic|p1a: Kyurem
|-status|p1a: Kyurem|tox
|
|-heal|p2a: Weezing|73/100|[from] item: Leftovers
|-damage|p1a: Kyurem|66/100 tox|[from] psn
|upkeep
|turn|6
|
|t:|1760762601
|move|p2a: Weezing|Protect|p2a: Weezing
|-singleturn|p2a: Weezing|Protect
|move|p1a: Kyurem|Tera Blast|p2a: Weezing
|-activate|p2a: Weezing|move: Protect
|
|-heal|p2a: Weezing|79/100|[from] item: Leftovers
|-damage|p1a: Kyurem|54/100 tox|[from] psn
|upkeep
|turn|7
|inactive|Fullmelmetal101 has 120 seconds left.
|
|t:|1760762629
|move|p1a: Kyurem|Tera Blast|p2a: Weezing
|-damage|p2a: Weezing|61/100
|move|p2a: Weezing|Clear Smog|p1a: Kyurem
|-damage|p1a: Kyurem|40/100 tox
|-clearboost|p1a: Kyurem
|
|-heal|p2a: Weezing|67/100|[from] item: Leftovers
|-damage|p1a: Kyurem|22/100 tox|[from] psn
|upkeep
|turn|8
|
|t:|1760762640
|move|p2a: Weezing|Protect|p2a: Weezing
|-singleturn|p2a: Weezing|Protect
|move|p1a: Kyurem|Tera Blast|p2a: Weezing
|-activate|p2a: Weezing|move: Protect
|
|-heal|p2a: Weezing|73/100|[from] item: Leftovers
|-damage|p1a: Kyurem|0 fnt|[from] psn
|faint|p1a: Kyurem
|upkeep
|
|t:|1760762641
|switch|p1a: Metagross|Metagross|100/100
|turn|9
|inactive|Fullmelmetal101 has 120 seconds left.
|
|t:|1760762661
|-end|p2a: Weezing|ability: Neutralizing Gas
|switch|p2a: Glimmora|Glimmora, M, shiny|100/100
|-item|p2a: Glimmora|Air Balloon
|move|p1a: Metagross|Psychic Fangs|p2a: Glimmora
|-supereffective|p2a: Glimmora
|-damage|p2a: Glimmora|0 fnt
|-enditem|p2a: Glimmora|Air Balloon
|faint|p2a: Glimmora
|
|upkeep
|
|t:|1760762674
|switch|p2a: Garganacl|Garganacl, M, shiny|100/100
|turn|10
|
|t:|1760762683
|-terastallize|p2a: Garganacl|Ghost
|move|p1a: Metagross|Iron Head|p2a: Garganacl
|-damage|p2a: Garganacl|70/100
|cant|p2a: Garganacl|flinch
|
|-heal|p2a: Garganacl|76/100|[from] item: Leftovers
|upkeep
|turn|11
|
|t:|1760762699
|move|p1a: Metagross|Psychic Fangs|p2a: Garganacl
|-damage|p2a: Garganacl|44/100
|move|p2a: Garganacl|Salt Cure|p1a: Metagross
|-resisted|p1a: Metagross
|-damage|p1a: Metagross|96/100
|-start|p1a: Metagross|Salt Cure
|
|-heal|p1a: Metagross|100/100|[from] item: Leftovers
|-heal|p2a: Garganacl|50/100|[from] item: Leftovers
|-damage|p1a: Metagross|75/100|[from] Salt Cure
|upkeep
|turn|12
|
|t:|1760762715
|move|p2a: Garganacl|Protect|p2a: Garganacl
|-singleturn|p2a: Garganacl|Protect
|move|p1a: Metagross|Psychic Fangs|p2a: Garganacl
|-activate|p2a: Garganacl|move: Protect
|
|-heal|p1a: Metagross|82/100|[from] item: Leftovers
|-heal|p2a: Garganacl|56/100|[from] item: Leftovers
|-damage|p1a: Metagross|57/100|[from] Salt Cure
|upkeep
|turn|13
|
|t:|1760762728
|move|p1a: Metagross|Psychic Fangs|p2a: Garganacl
|-damage|p2a: Garganacl|23/100
|move|p2a: Garganacl|Recover|p2a: Garganacl
|-heal|p2a: Garganacl|73/100
|
|-heal|p1a: Metagross|63/100|[from] item: Leftovers
|-heal|p2a: Garganacl|79/100|[from] item: Leftovers
|-damage|p1a: Metagross|38/100|[from] Salt Cure
|upkeep
|turn|14
|
|t:|1760762739
|move|p2a: Garganacl|Protect|p2a: Garganacl
|-singleturn|p2a: Garganacl|Protect
|move|p1a: Metagross|Psychic Fangs|p2a: Garganacl
|-activate|p2a: Garganacl|move: Protect
|
|-heal|p1a: Metagross|44/100|[from] item: Leftovers
|-heal|p2a: Garganacl|85/100|[from] item: Leftovers
|-damage|p1a: Metagross|19/100|[from] Salt Cure
|upkeep
|turn|15
|inactive|Fullmelmetal101 has 90 seconds left.
|
|t:|1760762760
|move|p1a: Metagross|Psychic Fangs|p2a: Garganacl
|-damage|p2a: Garganacl|50/100
|move|p2a: Garganacl|Recover|p2a: Garganacl
|-heal|p2a: Garganacl|99/100
|
|-heal|p1a: Metagross|25/100|[from] item: Leftovers
|-heal|p2a: Garganacl|100/100|[from] item: Leftovers
|-damage|p1a: Metagross|0 fnt|[from] Salt Cure
|faint|p1a: Metagross
|upkeep
|
|t:|1760762760
|switch|p1a: Okidogi|Okidogi, M|100/100
|turn|16
|inactive|Fullmelmetal101 has 90 seconds left.
|
|t:|1760762777
|move|p1a: Okidogi|Shadow Ball|p2a: Garganacl
|-supereffective|p2a: Garganacl
|-damage|p2a: Garganacl|75/100
|move|p2a: Garganacl|Salt Cure|p1a: Okidogi
|-damage|p1a: Okidogi|73/100
|-start|p1a: Okidogi|Salt Cure
|replace|p1a: Zoroark|Zoroark-Hisui, M
|-end|p1a: Zoroark|Illusion
|
|-heal|p2a: Garganacl|81/100|[from] item: Leftovers
|-damage|p1a: Zoroark|61/100|[from] Salt Cure
|upkeep
|turn|17
|inactive|Fullmelmetal101 has 90 seconds left.
|
|t:|1760762791
|move|p1a: Zoroark|Shadow Ball|p2a: Garganacl
|-supereffective|p2a: Garganacl
|-damage|p2a: Garganacl|53/100
|move|p2a: Garganacl|Salt Cure|p1a: Zoroark
|-damage|p1a: Zoroark|34/100
|
|-heal|p2a: Garganacl|59/100|[from] item: Leftovers
|-damage|p1a: Zoroark|22/100|[from] Salt Cure
|upkeep
|turn|18
|inactive|Fullmelmetal101 has 90 seconds left.
|
|t:|1760762801
|move|p2a: Garganacl|Protect|p2a: Garganacl
|-singleturn|p2a: Garganacl|Protect
|move|p1a: Zoroark|Shadow Ball|p2a: Garganacl
|-activate|p2a: Garganacl|move: Protect
|
|-heal|p2a: Garganacl|66/100|[from] item: Leftovers
|-damage|p1a: Zoroark|10/100|[from] Salt Cure
|upkeep
|turn|19
|inactive|Fullmelmetal101 has 90 seconds left.
|
|t:|1760762812
|move|p1a: Zoroark|Shadow Ball|p2a: Garganacl
|-supereffective|p2a: Garganacl
|-damage|p2a: Garganacl|38/100
|move|p2a: Garganacl|Recover|p2a: Garganacl
|-heal|p2a: Garganacl|88/100
|
|-heal|p2a: Garganacl|95/100|[from] item: Leftovers
|-damage|p1a: Zoroark|0 fnt|[from] Salt Cure
|faint|p1a: Zoroark
|upkeep
|
|t:|1760762812
|switch|p1a: Okidogi|Okidogi, M|100/100
|turn|20
|inactive|Fullmelmetal101 has 90 seconds left.
|
|t:|1760762847
|move|p1a: Okidogi|Knock Off|p2a: Garganacl
|-supereffective|p2a: Garganacl
|-damage|p2a: Garganacl|59/100
|-enditem|p2a: Garganacl|Leftovers|[from] move: Knock Off|[of] p1a: Okidogi
|move|p2a: Garganacl|Salt Cure|p1a: Okidogi
|-resisted|p1a: Okidogi
|-damage|p1a: Okidogi|95/100
|-start|p1a: Okidogi|Salt Cure
|
|-heal|p1a: Okidogi|100/100|[from] item: Leftovers
|-damage|p1a: Okidogi|88/100|[from] Salt Cure
|upkeep
|turn|21
|
|t:|1760762867
|switch|p2a: Slowking|Slowking-Galar, M, shiny|100/100
|move|p1a: Okidogi|Knock Off|p2a: Slowking
|-supereffective|p2a: Slowking
|-damage|p2a: Slowking|55/100
|-enditem|p2a: Slowking|Icy Rock|[from] move: Knock Off|[of] p1a: Okidogi
|
|-heal|p1a: Okidogi|94/100|[from] item: Leftovers
|-damage|p1a: Okidogi|82/100|[from] Salt Cure
|upkeep
|turn|22
|inactive|Fullmelmetal101 has 60 seconds left.
|
|t:|1760762882
|move|p1a: Okidogi|Knock Off|p2a: Slowking
|-supereffective|p2a: Slowking
|-damage|p2a: Slowking|28/100
|move|p2a: Slowking|Future Sight|p1a: Okidogi
|-start|p2a: Slowking|move: Future Sight
|
|-heal|p1a: Okidogi|88/100|[from] item: Leftovers
|-damage|p1a: Okidogi|75/100|[from] Salt Cure
|upkeep
|turn|23
|inactive|Fullmelmetal101 has 60 seconds left.
|
|t:|1760762893
|move|p2a: Slowking|Protect|p2a: Slowking
|-singleturn|p2a: Slowking|Protect
|move|p1a: Okidogi|Knock Off|p2a: Slowking
|-activate|p2a: Slowking|move: Protect
|
|-heal|p1a: Okidogi|82/100|[from] item: Leftovers
|-damage|p1a: Okidogi|69/100|[from] Salt Cure
|upkeep
|turn|24
|
|t:|1760762902
|move|p1a: Okidogi|Knock Off|p2a: Slowking
|-supereffective|p2a: Slowking
|-damage|p2a: Slowking|2/100
|-prepare|p2a: Slowking|Chilly Reception|[premajor]
|move|p2a: Slowking|Chilly Reception|p2a: Slowking
|-weather|Snowscape
|
|t:|1760762909
|switch|p2a: Regice|Regice, shiny|100/100|[from] Chilly Reception
|
|-weather|Snowscape|[upkeep]
|-end|p1a: Okidogi|move: Future Sight
|-supereffective|p1a: Okidogi
|-damage|p1a: Okidogi|0 fnt
|faint|p1a: Okidogi
|upkeep
|
|t:|1760762909
|switch|p1a: Manaphy|Manaphy|100/100
|turn|25
|
|t:|1760762922
|move|p1a: Manaphy|Surf|p2a: Regice
|-damage|p2a: Regice|81/100
|move|p2a: Regice|Curse|p2a: Regice
|-unboost|p2a: Regice|spe|1
|-boost|p2a: Regice|atk|1
|-boost|p2a: Regice|def|1
|
|-weather|Snowscape|[upkeep]
|-heal|p2a: Regice|87/100|[from] ability: Ice Body
|-heal|p2a: Regice|93/100|[from] item: Leftovers
|upkeep
|turn|26
|
|t:|1760762933
|move|p1a: Manaphy|Surf|p2a: Regice
|-damage|p2a: Regice|74/100
|move|p2a: Regice|Curse|p2a: Regice
|-unboost|p2a: Regice|spe|1
|-boost|p2a: Regice|atk|1
|-boost|p2a: Regice|def|1
|
|-weather|Snowscape|[upkeep]
|-heal|p2a: Regice|80/100|[from] ability: Ice Body
|-heal|p2a: Regice|86/100|[from] item: Leftovers
|upkeep
|turn|27
|
|t:|1760762951
|move|p1a: Manaphy|Surf|p2a: Regice
|-damage|p2a: Regice|66/100
|move|p2a: Regice|Avalanche|p1a: Manaphy
|-resisted|p1a: Manaphy
|-damage|p1a: Manaphy|62/100
|
|-weather|Snowscape|[upkeep]
|-heal|p2a: Regice|72/100|[from] ability: Ice Body
|-heal|p1a: Manaphy|68/100|[from] item: Leftovers
|-heal|p2a: Regice|79/100|[from] item: Leftovers
|upkeep
|turn|28
|
|t:|1760762964
|move|p1a: Manaphy|Surf|p2a: Regice
|-damage|p2a: Regice|60/100
|move|p2a: Regice|Body Press|p1a: Manaphy
|-damage|p1a: Manaphy|28/100
|
|-weather|none
|-heal|p1a: Manaphy|35/100|[from] item: Leftovers
|-heal|p2a: Regice|66/100|[from] item: Leftovers
|upkeep
|turn|29
|
|t:|1760762974
|move|p1a: Manaphy|Surf|p2a: Regice
|-damage|p2a: Regice|47/100
|move|p2a: Regice|Body Press|p1a: Manaphy
|-damage|p1a: Manaphy|0 fnt
|faint|p1a: Manaphy
|
|win|Fullmelmetal101
|raw|HZBKAI's rating: 1116 &rarr; <strong>1091</strong><br />(-25 for losing)
|raw|Fullmelmetal101's rating: 1111 &rarr; <strong>1136</strong><br />(+25 for winning)
|l|☆HZBKAI
|player|p1|
|l|☆Fullmelmetal101
|player|p2|
