|j|☆ramdomsingergirl
|j|☆Team BBIO 38
|t:|1760890361
|gametype|singles
|player|p1|ramdomsingergirl|170|1538
|player|p2|Team BBIO 38|dragontamer|1467
|gen|9
|tier|[Gen 9] OU
|rated|
|rule|HP Percentage Mod: HP is shown in percentages
|rule|Endless Battle Clause: Forcing endless battles is banned
|rule|Species Clause: Limit one of each Pokémon
|rule|OHKO Clause: OHKO moves are banned
|rule|Evasion Items Clause: Evasion items are banned
|rule|Evasion Moves Clause: Evasion moves are banned
|rule|Evasion Abilities Clause: Evasion abilities are banned
|rule|Sleep Moves Clause: Sleep-inducing moves are banned
|clearpoke
|poke|p1|Dragapult, F|
|poke|p1|Sinistcha|
|poke|p1|Toxapex, M|
|poke|p1|Zapdos-Galar|
|poke|p1|Ting-Lu|
|poke|p1|Skarmory, F|
|poke|p2|Dusclops, M|
|poke|p2|Blissey, F|
|poke|p2|Flamigo, M|
|poke|p2|Darkrai|
|poke|p2|Tinkaton, F|
|poke|p2|Vaporeon, M|
|teampreview
|inactive|Battle timer is ON: inactive players will automatically lose when time's up. (requested by Team BBIO 38)
|
|t:|1760890374
|teamsize|p1|6
|teamsize|p2|6
|start
|switch|p1a: Toxapex|Toxapex, M|100/100
|switch|p2a: Darkrai|Darkrai|100/100
|turn|1
|
|t:|1760890380
|move|p2a: Darkrai|Thunder|p1a: Toxapex|[miss]
|-miss|p2a: Darkrai|p1a: Toxapex
|move|p1a: Toxapex|Toxic Spikes|p2a: Darkrai
|-sidestart|p2: Team BBIO 38|move: Toxic Spikes
|
|upkeep
|turn|2
|
|t:|1760890386
|move|p2a: Darkrai|Thunder|p1a: Toxapex
|-supereffective|p1a: Toxapex
|-damage|p1a: Toxapex|7/100
|move|p1a: Toxapex|Toxic Spikes|p2a: Darkrai
|-sidestart|p2: Team BBIO 38|move: Toxic Spikes
|
|upkeep
|turn|3
|
|t:|1760890391
|switch|p1a: Ting-Lu|Ting-Lu|100/100
|-ability|p1a: Ting-Lu|Vessel of Ruin
|move|p2a: Darkrai|Thunder|p1a: Ting-Lu
|-immune|p1a: Ting-Lu
|
|upkeep
|turn|4
|
|t:|1760890399
|switch|p2a: Tinkaton|Tinkaton, F|100/100
|-ability|p2a: Tinkaton|Mold Breaker
|move|p1a: Ting-Lu|Stealth Rock|p2a: Tinkaton
|-sidestart|p2: Team BBIO 38|move: Stealth Rock
|
|upkeep
|turn|5
|
|t:|1760890411
|move|p2a: Tinkaton|Encore|p1a: Ting-Lu
|-start|p1a: Ting-Lu|Encore
|move|p1a: Ting-Lu|Stealth Rock||[still]
|-fail|p1a: Ting-Lu
|
|upkeep
|turn|6
|
|t:|1760890418
|switch|p1a: Toxapex|Toxapex, M|41/100
|move|p2a: Tinkaton|Knock Off|p1a: Toxapex
|-damage|p1a: Toxapex|25/100
|-enditem|p1a: Toxapex|Heavy-Duty Boots|[from] move: Knock Off|[of] p2a: Tinkaton
|
|upkeep
|turn|7
|
|t:|1760890426
|move|p2a: Tinkaton|Gigaton Hammer|p1a: Toxapex
|-resisted|p1a: Toxapex
|-damage|p1a: Toxapex|5/100
|move|p1a: Toxapex|Recover|p1a: Toxapex
|-heal|p1a: Toxapex|55/100
|
|upkeep
|turn|8
|
|t:|1760890431
|move|p2a: Tinkaton|Encore|p1a: Toxapex
|-start|p1a: Toxapex|Encore
|move|p1a: Toxapex|Recover|p1a: Toxapex
|-heal|p1a: Toxapex|100/100
|
|upkeep
|turn|9
|inactive|ramdomsingergirl has 120 seconds left.
|
|t:|1760890480
|switch|p1a: Skarmory|Skarmory, F|100/100
|move|p2a: Tinkaton|Stealth Rock|p1a: Skarmory
|-sidestart|p1: ramdomsingergirl|move: Stealth Rock
|
|upkeep
|turn|10
|
|t:|1760890486
|move|p2a: Tinkaton|Knock Off|p1a: Skarmory
|-damage|p1a: Skarmory|83/100
|-damage|p2a: Tinkaton|84/100|[from] item: Rocky Helmet|[of] p1a: Skarmory
|-enditem|p1a: Skarmory|Rocky Helmet|[from] move: Knock Off|[of] p2a: Tinkaton
|move|p1a: Skarmory|Spikes|p2a: Tinkaton
|-sidestart|p2: Team BBIO 38|Spikes
|
|-heal|p2a: Tinkaton|90/100|[from] item: Leftovers
|upkeep
|turn|11
|
|t:|1760890493
|move|p2a: Tinkaton|Encore|p1a: Skarmory
|-start|p1a: Skarmory|Encore
|move|p1a: Skarmory|Spikes|p2a: Tinkaton
|-sidestart|p2: Team BBIO 38|Spikes
|
|-heal|p2a: Tinkaton|96/100|[from] item: Leftovers
|upkeep
|turn|12
|
|t:|1760890499
|move|p2a: Tinkaton|Gigaton Hammer|p1a: Skarmory
|-resisted|p1a: Skarmory
|-damage|p1a: Skarmory|62/100
|move|p1a: Skarmory|Spikes|p2a: Tinkaton
|-sidestart|p2: Team BBIO 38|Spikes
|
|-heal|p2a: Tinkaton|100/100|[from] item: Leftovers
|upkeep
|turn|13
|
|t:|1760890505
|switch|p1a: Sinistcha|Sinistcha|100/100
|move|p2a: Tinkaton|Knock Off|p1a: Sinistcha
|-supereffective|p1a: Sinistcha
|-damage|p1a: Sinistcha|67/100
|-enditem|p1a: Sinistcha|Heavy-Duty Boots|[from] move: Knock Off|[of] p2a: Tinkaton
|
|upkeep
|turn|14
|inactive|ramdomsingergirl has 120 seconds left.
|inactive|ramdomsingergirl has 90 seconds left.
|
|t:|1760890588
|move|p2a: Tinkaton|Gigaton Hammer|p1a: Sinistcha
|-damage|p1a: Sinistcha|28/100
|move|p1a: Sinistcha|Strength Sap|p2a: Tinkaton
|-unboost|p2a: Tinkaton|atk|1
|-heal|p1a: Sinistcha|99/100
|
|upkeep
|turn|15
|
|t:|1760890595
|move|p2a: Tinkaton|Encore|p1a: Sinistcha
|-start|p1a: Sinistcha|Encore
|move|p1a: Sinistcha|Strength Sap|p2a: Tinkaton
|-unboost|p2a: Tinkaton|atk|1
|-heal|p1a: Sinistcha|100/100
|
|upkeep
|turn|16
|
|t:|1760890614
|move|p2a: Tinkaton|Knock Off|p1a: Sinistcha
|-supereffective|p1a: Sinistcha
|-damage|p1a: Sinistcha|89/100
|move|p1a: Sinistcha|Strength Sap|p2a: Tinkaton
|-unboost|p2a: Tinkaton|atk|1
|-heal|p1a: Sinistcha|100/100
|
|upkeep
|turn|17
|
|t:|1760890623
|move|p2a: Tinkaton|Knock Off|p1a: Sinistcha
|-supereffective|p1a: Sinistcha
|-damage|p1a: Sinistcha|91/100
|move|p1a: Sinistcha|Strength Sap|p2a: Tinkaton
|-unboost|p2a: Tinkaton|atk|1
|-heal|p1a: Sinistcha|100/100
|
|-end|p1a: Sinistcha|Encore
|upkeep
|turn|18
|inactive|ramdomsingergirl has 90 seconds left.
|inactive|ramdomsingergirl has 60 seconds left.
|inactive|ramdomsingergirl has 30 seconds left.
|
|t:|1760890698
|move|p2a: Tinkaton|Encore|p1a: Sinistcha
|-start|p1a: Sinistcha|Encore
|move|p1a: Sinistcha|Strength Sap|p2a: Tinkaton
|-unboost|p2a: Tinkaton|atk|1
|
|upkeep
|turn|19
|
|t:|1760890704
|move|p2a: Tinkaton|Knock Off|p1a: Sinistcha
|-supereffective|p1a: Sinistcha
|-damage|p1a: Sinistcha|94/100
|move|p1a: Sinistcha|Strength Sap|p2a: Tinkaton
|-unboost|p2a: Tinkaton|atk|1
|-heal|p1a: Sinistcha|100/100
|
|upkeep
|turn|20
|
|t:|1760890710
|move|p2a: Tinkaton|Knock Off|p1a: Sinistcha
|-supereffective|p1a: Sinistcha
|-damage|p1a: Sinistcha|94/100
|move|p1a: Sinistcha|Strength Sap||[still]
|-fail|p1a: Sinistcha
|
|-end|p1a: Sinistcha|Encore
|upkeep
|turn|21
|
|t:|1760890717
|move|p2a: Tinkaton|Encore|p1a: Sinistcha
|-start|p1a: Sinistcha|Encore
|move|p1a: Sinistcha|Strength Sap||[still]
|-fail|p1a: Sinistcha
|
|upkeep
|turn|22
|inactive|ramdomsingergirl has 60 seconds left.
|
|t:|1760890740
|move|p2a: Tinkaton|Knock Off|p1a: Sinistcha
|-supereffective|p1a: Sinistcha
|-damage|p1a: Sinistcha|87/100
|move|p1a: Sinistcha|Strength Sap||[still]
|-fail|p1a: Sinistcha
|
|upkeep
|turn|23
|
|t:|1760890746
|move|p2a: Tinkaton|Knock Off|p1a: Sinistcha
|-supereffective|p1a: Sinistcha
|-crit|p1a: Sinistcha
|-damage|p1a: Sinistcha|51/100
|move|p1a: Sinistcha|Strength Sap||[still]
|-fail|p1a: Sinistcha
|
|-end|p1a: Sinistcha|Encore
|upkeep
|turn|24
|inactive|ramdomsingergirl has 60 seconds left.
|
|t:|1760890761
|switch|p2a: Blissey|Blissey, F|100/100
|-status|p2a: Blissey|tox
|-damage|p2a: Blissey|88/100 tox|[from] Stealth Rock
|-damage|p2a: Blissey|63/100 tox|[from] Spikes
|switch|p1a: Skarmory|Skarmory, F|62/100
|-damage|p1a: Skarmory|49/100|[from] Stealth Rock
|
|-heal|p2a: Blissey|69/100 tox|[from] item: Leftovers
|-damage|p2a: Blissey|63/100 tox|[from] psn
|upkeep
|turn|25
|
|t:|1760890772
|move|p1a: Skarmory|Roost|p1a: Skarmory
|-heal|p1a: Skarmory|99/100
|-singleturn|p1a: Skarmory|move: Roost
|move|p2a: Blissey|Thunder Wave|p1a: Skarmory
|-status|p1a: Skarmory|par
|
|-heal|p2a: Blissey|69/100 tox|[from] item: Leftovers
|-damage|p2a: Blissey|57/100 tox|[from] psn
|upkeep
|turn|26
|
|t:|1760890781
|move|p2a: Blissey|Soft-Boiled|p2a: Blissey
|-heal|p2a: Blissey|100/100 tox
|move|p1a: Skarmory|Whirlwind|p2a: Blissey
|-curestatus|p2a: Blissey|tox|[from] ability: Natural Cure
|drag|p2a: Dusclops|Dusclops, M|100/100
|-status|p2a: Dusclops|tox
|-damage|p2a: Dusclops|88/100 tox|[from] Stealth Rock
|-damage|p2a: Dusclops|63/100 tox|[from] Spikes
|
|-damage|p2a: Dusclops|57/100 tox|[from] psn
|upkeep
|turn|27
|
|t:|1760890792
|move|p2a: Dusclops|Pain Split|p1a: Skarmory
|-sethp|p1a: Skarmory|74/100 par|[from] move: Pain Split|[silent]
|-sethp|p2a: Dusclops|87/100 tox|[from] move: Pain Split
|move|p1a: Skarmory|Whirlwind|p2a: Dusclops
|drag|p2a: Blissey|Blissey, F|100/100
|-status|p2a: Blissey|tox
|-damage|p2a: Blissey|88/100 tox|[from] Stealth Rock
|-damage|p2a: Blissey|63/100 tox|[from] Spikes
|
|-heal|p2a: Blissey|69/100 tox|[from] item: Leftovers
|-damage|p2a: Blissey|63/100 tox|[from] psn
|upkeep
|turn|28
|
|t:|1760890803
|move|p2a: Blissey|Thunder Wave|p1a: Skarmory
|-fail|p1a: Skarmory|par
|move|p1a: Skarmory|Whirlwind|p2a: Blissey
|-curestatus|p2a: Blissey|tox|[from] ability: Natural Cure
|drag|p2a: Dusclops|Dusclops, M|87/100 tox
|-damage|p2a: Dusclops|74/100 tox|[from] Stealth Rock
|-damage|p2a: Dusclops|49/100 tox|[from] Spikes
|
|-damage|p2a: Dusclops|43/100 tox|[from] psn
|upkeep
|turn|29
|
|t:|1760890813
|move|p2a: Dusclops|Pain Split|p1a: Skarmory
|-sethp|p1a: Skarmory|55/100 par|[from] move: Pain Split|[silent]
|-sethp|p2a: Dusclops|65/100 tox|[from] move: Pain Split
|move|p1a: Skarmory|Whirlwind|p2a: Dusclops
|drag|p2a: Flamigo|Flamigo, M|100/100
|-damage|p2a: Flamigo|88/100|[from] Stealth Rock
|
|upkeep
|turn|30
|
|t:|1760890823
|move|p2a: Flamigo|Close Combat|p1a: Skarmory
|-damage|p1a: Skarmory|12/100 par
|-unboost|p2a: Flamigo|def|1
|-unboost|p2a: Flamigo|spd|1
|cant|p1a: Skarmory|par
|
|upkeep
|turn|31
|
|t:|1760890846
|switch|p1a: Toxapex|Toxapex, M|100/100
|-damage|p1a: Toxapex|88/100|[from] Stealth Rock
|move|p2a: Flamigo|Close Combat|p1a: Toxapex
|-resisted|p1a: Toxapex
|-damage|p1a: Toxapex|70/100
|-unboost|p2a: Flamigo|def|1
|-unboost|p2a: Flamigo|spd|1
|
|upkeep
|turn|32
|
|t:|1760890861
|switch|p2a: Tinkaton|Tinkaton, F|100/100
|-damage|p2a: Tinkaton|94/100|[from] Stealth Rock
|-damage|p2a: Tinkaton|70/100|[from] Spikes
|-ability|p2a: Tinkaton|Mold Breaker
|move|p1a: Toxapex|Chilling Water|p2a: Tinkaton
|-damage|p2a: Tinkaton|58/100
|-unboost|p2a: Tinkaton|atk|1
|
|-heal|p2a: Tinkaton|64/100|[from] item: Leftovers
|upkeep
|turn|33
|
|t:|1760890873
|move|p2a: Tinkaton|Encore|p1a: Toxapex
|-start|p1a: Toxapex|Encore
|move|p1a: Toxapex|Chilling Water|p2a: Tinkaton
|-damage|p2a: Tinkaton|52/100
|-unboost|p2a: Tinkaton|atk|1
|
|-heal|p2a: Tinkaton|58/100|[from] item: Leftovers
|upkeep
|turn|34
|
|t:|1760890884
|switch|p2a: Vaporeon|Vaporeon, M|100/100
|-status|p2a: Vaporeon|tox
|-damage|p2a: Vaporeon|88/100 tox|[from] Stealth Rock
|-damage|p2a: Vaporeon|63/100 tox|[from] Spikes
|move|p1a: Toxapex|Chilling Water|p2a: Vaporeon
|-heal|p2a: Vaporeon|88/100 tox|[from] ability: Water Absorb|[of] p1a: Toxapex
|
|-damage|p2a: Vaporeon|82/100 tox|[from] psn
|upkeep
|turn|35
|
|t:|1760890896
|switch|p1a: Sinistcha|Sinistcha|51/100
|-damage|p1a: Sinistcha|39/100|[from] Stealth Rock
|-terastallize|p2a: Vaporeon|Steel
|move|p2a: Vaporeon|Wish|p2a: Vaporeon
|
|-damage|p2a: Vaporeon|69/100 tox|[from] psn
|upkeep
|turn|36
|inactive|ramdomsingergirl has 90 seconds left.
|
|t:|1760890905
|switch|p2a: Tinkaton|Tinkaton, F|58/100
|-damage|p2a: Tinkaton|52/100|[from] Stealth Rock
|-damage|p2a: Tinkaton|27/100|[from] Spikes
|-ability|p2a: Tinkaton|Mold Breaker
|move|p1a: Sinistcha|Strength Sap|p2a: Tinkaton
|-unboost|p2a: Tinkaton|atk|1
|-heal|p1a: Sinistcha|100/100
|
|-heal|p2a: Tinkaton|100/100|[from] move: Wish|[wisher] Vaporeon
|upkeep
|turn|37
|inactive|ramdomsingergirl has 90 seconds left.
|
|t:|1760890919
|switch|p1a: Toxapex|Toxapex, M|100/100
|-damage|p1a: Toxapex|88/100|[from] Stealth Rock
|move|p2a: Tinkaton|Encore||[still]
|-fail|p2a: Tinkaton
|
|upkeep
|turn|38
|
|t:|1760890926
|switch|p2a: Blissey|Blissey, F|63/100
|-status|p2a: Blissey|tox
|-damage|p2a: Blissey|51/100 tox|[from] Stealth Rock
|-damage|p2a: Blissey|26/100 tox|[from] Spikes
|move|p1a: Toxapex|Chilling Water|p2a: Blissey
|-damage|p2a: Blissey|22/100 tox
|-unboost|p2a: Blissey|atk|1
|
|-heal|p2a: Blissey|28/100 tox|[from] item: Leftovers
|-damage|p2a: Blissey|22/100 tox|[from] psn
|upkeep
|turn|39
|
|t:|1760890937
|switch|p1a: Skarmory|Skarmory, F|12/100 par
|-damage|p1a: Skarmory|0 fnt|[from] Stealth Rock
|faint|p1a: Skarmory
|move|p2a: Blissey|Heal Bell|p2a: Blissey
|-activate|p2a: Blissey|move: Heal Bell
|-curestatus|p2a: Blissey|tox|[msg]
|-curestatus|p2: Dusclops|tox|[msg]
|-curestatus|p2: Vaporeon|tox|[msg]
|
|-heal|p2a: Blissey|28/100|[from] item: Leftovers
|upkeep
|
|t:|1760890949
|switch|p1a: Ting-Lu|Ting-Lu|100/100
|-damage|p1a: Ting-Lu|94/100|[from] Stealth Rock
|-ability|p1a: Ting-Lu|Vessel of Ruin
|turn|40
|
|t:|1760890953
|move|p2a: Blissey|Soft-Boiled|p2a: Blissey
|-heal|p2a: Blissey|78/100
|move|p1a: Ting-Lu|Whirlwind|p2a: Blissey
|drag|p2a: Darkrai|Darkrai|100/100
|-status|p2a: Darkrai|tox
|-damage|p2a: Darkrai|88/100 tox|[from] Stealth Rock
|-damage|p2a: Darkrai|63/100 tox|[from] Spikes
|
|-heal|p1a: Ting-Lu|100/100|[from] item: Leftovers
|-damage|p2a: Darkrai|57/100 tox|[from] psn
|upkeep
|turn|41
|inactive|ramdomsingergirl has 120 seconds left.
|
|t:|1760890964
|switch|p1a: Toxapex|Toxapex, M|100/100
|-damage|p1a: Toxapex|88/100|[from] Stealth Rock
|move|p2a: Darkrai|Ice Beam|p1a: Toxapex
|-resisted|p1a: Toxapex
|-damage|p1a: Toxapex|69/100
|
|-damage|p2a: Darkrai|45/100 tox|[from] psn
|upkeep
|turn|42
|inactive|ramdomsingergirl has 120 seconds left.
|
|t:|1760890973
|switch|p2a: Vaporeon|Vaporeon, M, tera:Steel|69/100
|-damage|p2a: Vaporeon|63/100|[from] Stealth Rock
|-damage|p2a: Vaporeon|38/100|[from] Spikes
|switch|p1a: Ting-Lu|Ting-Lu|100/100
|-damage|p1a: Ting-Lu|94/100|[from] Stealth Rock
|-ability|p1a: Ting-Lu|Vessel of Ruin
|
|-heal|p1a: Ting-Lu|100/100|[from] item: Leftovers
|upkeep
|turn|43
|
|t:|1760890985
|move|p2a: Vaporeon|Surf|p1a: Ting-Lu
|-supereffective|p1a: Ting-Lu
|-damage|p1a: Ting-Lu|71/100
|move|p1a: Ting-Lu|Whirlwind|p2a: Vaporeon
|drag|p2a: Blissey|Blissey, F|78/100
|-status|p2a: Blissey|tox
|-damage|p2a: Blissey|66/100 tox|[from] Stealth Rock
|-damage|p2a: Blissey|41/100 tox|[from] Spikes
|
|-heal|p2a: Blissey|47/100 tox|[from] item: Leftovers
|-heal|p1a: Ting-Lu|77/100|[from] item: Leftovers
|-damage|p2a: Blissey|41/100 tox|[from] psn
|upkeep
|turn|44
|
|t:|1760890998
|move|p2a: Blissey|Seismic Toss|p1a: Ting-Lu
|-damage|p1a: Ting-Lu|58/100
|move|p1a: Ting-Lu|Earthquake|p2a: Blissey
|-damage|p2a: Blissey|7/100 tox
|
|-heal|p2a: Blissey|13/100 tox|[from] item: Leftovers
|-heal|p1a: Ting-Lu|64/100|[from] item: Leftovers
|-damage|p2a: Blissey|1/100 tox|[from] psn
|upkeep
|turn|45
|
|t:|1760891006
|move|p2a: Blissey|Seismic Toss|p1a: Ting-Lu
|-damage|p1a: Ting-Lu|44/100
|move|p1a: Ting-Lu|Earthquake|p2a: Blissey
|-damage|p2a: Blissey|0 fnt
|faint|p2a: Blissey
|
|-heal|p1a: Ting-Lu|51/100|[from] item: Leftovers
|upkeep
|
|t:|1760891019
|switch|p2a: Flamigo|Flamigo, M|88/100
|-damage|p2a: Flamigo|76/100|[from] Stealth Rock
|turn|46
|
|t:|1760891023
|switch|p1a: Toxapex|Toxapex, M|100/100
|-damage|p1a: Toxapex|88/100|[from] Stealth Rock
|move|p2a: Flamigo|U-turn|p1a: Toxapex
|-resisted|p1a: Toxapex
|-damage|p1a: Toxapex|81/100
|
|t:|1760891034
|switch|p2a: Vaporeon|Vaporeon, M, tera:Steel|38/100|[from] U-turn
|-damage|p2a: Vaporeon|32/100|[from] Stealth Rock
|-damage|p2a: Vaporeon|7/100|[from] Spikes
|
|upkeep
|turn|47
|
|t:|1760891040
|switch|p1a: Ting-Lu|Ting-Lu|51/100
|-damage|p1a: Ting-Lu|44/100|[from] Stealth Rock
|-ability|p1a: Ting-Lu|Vessel of Ruin
|move|p2a: Vaporeon|Wish|p2a: Vaporeon
|
|-heal|p1a: Ting-Lu|51/100|[from] item: Leftovers
|upkeep
|turn|48
|
|t:|1760891049
|move|p2a: Vaporeon|Surf|p1a: Ting-Lu
|-supereffective|p1a: Ting-Lu
|-damage|p1a: Ting-Lu|25/100
|move|p1a: Ting-Lu|Whirlwind|p2a: Vaporeon
|drag|p2a: Flamigo|Flamigo, M|76/100
|-damage|p2a: Flamigo|64/100|[from] Stealth Rock
|
|-heal|p2a: Flamigo|100/100|[from] move: Wish|[wisher] Vaporeon
|-heal|p1a: Ting-Lu|31/100|[from] item: Leftovers
|upkeep
|turn|49
|
|t:|1760891059
|switch|p1a: Toxapex|Toxapex, M|100/100
|-damage|p1a: Toxapex|88/100|[from] Stealth Rock
|move|p2a: Flamigo|Close Combat|p1a: Toxapex
|-resisted|p1a: Toxapex
|-damage|p1a: Toxapex|67/100
|-unboost|p2a: Flamigo|def|1
|-unboost|p2a: Flamigo|spd|1
|
|upkeep
|turn|50
|
|t:|1760891068
|switch|p2a: Vaporeon|Vaporeon, M, tera:Steel|7/100
|-damage|p2a: Vaporeon|0 fnt|[from] Stealth Rock
|faint|p2a: Vaporeon
|move|p1a: Toxapex|Chilling Water|p2: Vaporeon|[notarget]
|-fail|p1a: Toxapex
|
|upkeep
|
|t:|1760891075
|switch|p2a: Darkrai|Darkrai|45/100 tox
|-damage|p2a: Darkrai|33/100 tox|[from] Stealth Rock
|-damage|p2a: Darkrai|8/100 tox|[from] Spikes
|turn|51
|
|t:|1760891086
|switch|p1a: Ting-Lu|Ting-Lu|31/100
|-damage|p1a: Ting-Lu|25/100|[from] Stealth Rock
|-ability|p1a: Ting-Lu|Vessel of Ruin
|move|p2a: Darkrai|Dark Pulse|p1a: Ting-Lu
|-resisted|p1a: Ting-Lu
|-damage|p1a: Ting-Lu|12/100
|
|-heal|p1a: Ting-Lu|18/100|[from] item: Leftovers
|-damage|p2a: Darkrai|2/100 tox|[from] psn
|upkeep
|turn|52
|
|t:|1760891101
|move|p2a: Darkrai|Dark Pulse|p1a: Ting-Lu
|-resisted|p1a: Ting-Lu
|-damage|p1a: Ting-Lu|4/100
|cant|p1a: Ting-Lu|flinch
|
|-heal|p1a: Ting-Lu|11/100|[from] item: Leftovers
|-damage|p2a: Darkrai|0 fnt|[from] psn
|faint|p2a: Darkrai
|upkeep
|
|t:|1760891113
|switch|p2a: Flamigo|Flamigo, M|100/100
|-damage|p2a: Flamigo|88/100|[from] Stealth Rock
|turn|53
|
|t:|1760891118
|switch|p1a: Toxapex|Toxapex, M|100/100
|-damage|p1a: Toxapex|88/100|[from] Stealth Rock
|move|p2a: Flamigo|Brave Bird|p1a: Toxapex
|-damage|p1a: Toxapex|51/100
|-damage|p2a: Flamigo|76/100|[from] Recoil
|
|upkeep
|turn|54
|
|t:|1760891126
|move|p2a: Flamigo|Brave Bird|p1a: Toxapex
|-damage|p1a: Toxapex|16/100
|-damage|p2a: Flamigo|65/100|[from] Recoil
|move|p1a: Toxapex|Chilling Water|p2a: Flamigo
|-damage|p2a: Flamigo|48/100
|-unboost|p2a: Flamigo|atk|1
|
|upkeep
|turn|55
|
|t:|1760891133
|switch|p1a: Ting-Lu|Ting-Lu|11/100
|-damage|p1a: Ting-Lu|4/100|[from] Stealth Rock
|-ability|p1a: Ting-Lu|Vessel of Ruin
|move|p2a: Flamigo|Brave Bird|p1a: Ting-Lu
|-damage|p1a: Ting-Lu|0 fnt
|faint|p1a: Ting-Lu
|-damage|p2a: Flamigo|46/100|[from] Recoil
|
|upkeep
|
|t:|1760891142
|switch|p1a: Toxapex|Toxapex, M|49/100
|-damage|p1a: Toxapex|37/100|[from] Stealth Rock
|turn|56
|
|t:|1760891149
|move|p2a: Flamigo|Brave Bird|p1a: Toxapex
|-damage|p1a: Toxapex|10/100
|-damage|p2a: Flamigo|37/100|[from] Recoil
|move|p1a: Toxapex|Recover|p1a: Toxapex
|-heal|p1a: Toxapex|60/100
|
|upkeep
|turn|57
|
|t:|1760891156
|switch|p2a: Tinkaton|Tinkaton, F|100/100
|-damage|p2a: Tinkaton|94/100|[from] Stealth Rock
|-damage|p2a: Tinkaton|70/100|[from] Spikes
|-ability|p2a: Tinkaton|Mold Breaker
|move|p1a: Toxapex|Chilling Water|p2a: Tinkaton
|-damage|p2a: Tinkaton|58/100
|-unboost|p2a: Tinkaton|atk|1
|
|-heal|p2a: Tinkaton|64/100|[from] item: Leftovers
|upkeep
|turn|58
|
|t:|1760891168
|move|p2a: Tinkaton|Knock Off|p1a: Toxapex
|-damage|p1a: Toxapex|53/100
|move|p1a: Toxapex|Chilling Water|p2a: Tinkaton
|-damage|p2a: Tinkaton|54/100
|-unboost|p2a: Tinkaton|atk|1
|
|-heal|p2a: Tinkaton|60/100|[from] item: Leftovers
|upkeep
|turn|59
|
|t:|1760891176
|switch|p2a: Dusclops|Dusclops, M|65/100
|-status|p2a: Dusclops|tox
|-damage|p2a: Dusclops|53/100 tox|[from] Stealth Rock
|-damage|p2a: Dusclops|28/100 tox|[from] Spikes
|move|p1a: Toxapex|Chilling Water|p2a: Dusclops
|-damage|p2a: Dusclops|20/100 tox
|-unboost|p2a: Dusclops|atk|1
|
|-damage|p2a: Dusclops|14/100 tox|[from] psn
|upkeep
|turn|60
|
|t:|1760891192
|move|p1a: Toxapex|Chilling Water|p2a: Dusclops
|-damage|p2a: Dusclops|8/100 tox
|-unboost|p2a: Dusclops|atk|1
|move|p2a: Dusclops|Pain Split|p1a: Toxapex
|-sethp|p1a: Toxapex|30/100|[from] move: Pain Split|[silent]
|-sethp|p2a: Dusclops|32/100 tox|[from] move: Pain Split
|
|-damage|p2a: Dusclops|20/100 tox|[from] psn
|upkeep
|turn|61
|
|t:|1760891200
|move|p1a: Toxapex|Recover|p1a: Toxapex
|-heal|p1a: Toxapex|80/100
|move|p2a: Dusclops|Pain Split|p1a: Toxapex
|-sethp|p1a: Toxapex|49/100|[from] move: Pain Split|[silent]
|-sethp|p2a: Dusclops|53/100 tox|[from] move: Pain Split
|
|-damage|p2a: Dusclops|35/100 tox|[from] psn
|upkeep
|turn|62
|
|t:|1760891209
|move|p1a: Toxapex|Chilling Water|p2a: Dusclops
|-damage|p2a: Dusclops|27/100 tox
|-unboost|p2a: Dusclops|atk|1
|move|p2a: Dusclops|Pain Split|p1a: Toxapex
|-sethp|p1a: Toxapex|37/100|[from] move: Pain Split|[silent]
|-sethp|p2a: Dusclops|40/100 tox|[from] move: Pain Split
|
|-damage|p2a: Dusclops|16/100 tox|[from] psn
|upkeep
|turn|63
|
|t:|1760891220
|move|p1a: Toxapex|Recover|p1a: Toxapex
|-heal|p1a: Toxapex|88/100
|move|p2a: Dusclops|Pain Split|p1a: Toxapex
|-sethp|p1a: Toxapex|51/100|[from] move: Pain Split|[silent]
|-sethp|p2a: Dusclops|55/100 tox|[from] move: Pain Split
|
|-damage|p2a: Dusclops|25/100 tox|[from] psn
|upkeep
|turn|64
|
|t:|1760891229
|move|p1a: Toxapex|Chilling Water|p2a: Dusclops
|-damage|p2a: Dusclops|18/100 tox
|-unboost|p2a: Dusclops|atk|1
|move|p2a: Dusclops|Pain Split|p1a: Toxapex
|-sethp|p1a: Toxapex|34/100|[from] move: Pain Split|[silent]
|-sethp|p2a: Dusclops|36/100 tox|[from] move: Pain Split
|
|-damage|p2a: Dusclops|0 fnt|[from] psn
|faint|p2a: Dusclops
|upkeep
|
|t:|1760891238
|switch|p2a: Flamigo|Flamigo, M|37/100
|-damage|p2a: Flamigo|25/100|[from] Stealth Rock
|turn|65
|
|t:|1760891244
|switch|p1a: Zapdos|Zapdos-Galar|100/100
|-damage|p1a: Zapdos|88/100|[from] Stealth Rock
|move|p2a: Flamigo|Brave Bird|p1a: Zapdos
|-supereffective|p1a: Zapdos
|-damage|p1a: Zapdos|0 fnt
|faint|p1a: Zapdos
|-damage|p2a: Flamigo|0 fnt|[from] Recoil
|faint|p2a: Flamigo
|
|upkeep
|
|t:|1760891253
|switch|p1a: Dragapult|Dragapult, F|100/100
|switch|p2a: Tinkaton|Tinkaton, F|60/100
|-damage|p1a: Dragapult|88/100|[from] Stealth Rock
|-damage|p2a: Tinkaton|54/100|[from] Stealth Rock
|-damage|p2a: Tinkaton|29/100|[from] Spikes
|-ability|p2a: Tinkaton|Mold Breaker
|turn|66
|
|t:|1760891261
|-terastallize|p1a: Dragapult|Ghost
|move|p1a: Dragapult|Tera Blast|p2a: Tinkaton|[anim] Tera Blast Ghost
|-crit|p2a: Tinkaton
|-damage|p2a: Tinkaton|0 fnt
|faint|p2a: Tinkaton
|
|win|ramdomsingergirl
|raw|ramdomsingergirl's rating: 1559 &rarr; <strong>1574</strong><br />(+15 for winning)
|raw|Team BBIO 38's rating: 1467 &rarr; <strong>1452</strong><br />(-15 for losing)
|l|☆Team BBIO 38
|player|p2|
|l|☆ramdomsingergirl
|player|p1|
