|j|☆OP Earthquakes
|j|☆Elite Sabrina
|t:|1760880778
|gametype|singles
|player|p1|OP Earthquakes|giovanni-masters|1522
|player|p2|Elite Sabrina|265|1571
|gen|9
|tier|[Gen 9] OU
|rated|
|rule|HP Percentage Mod: HP is shown in percentages
|rule|Endless Battle Clause: Forcing endless battles is banned
|rule|Species Clause: Limit one of each Pokémon
|rule|OHKO Clause: OHKO moves are banned
|rule|Evasion Items Clause: Evasion items are banned
|rule|Evasion Moves Clause: Evasion moves are banned
|rule|Evasion Abilities Clause: Evasion abilities are banned
|rule|Sleep Moves Clause: Sleep-inducing moves are banned
|clearpoke
|poke|p1|Excadrill, F|
|poke|p1|Hawlucha, M|
|poke|p1|Kyurem|
|poke|p1|Tyranitar, M|
|poke|p1|Pawmot, F|
|poke|p1|Thundurus-Therian, M|
|poke|p2|Pelipper, F|
|poke|p2|Glimmora, M|
|poke|p2|Iron Crown|
|poke|p2|Ogerpon-Wellspring, F|
|poke|p2|Manaphy|
|poke|p2|Zamazenta-*|
|teampreview
|inactive|Battle timer is ON: inactive players will automatically lose when time's up. (requested by OP Earthquakes)
|c|☆Elite Sabrina|gl hf
|
|t:|1760880787
|teamsize|p1|6
|teamsize|p2|6
|start
|switch|p1a: Thundurus|Thundurus-Therian, M|100/100
|switch|p2a: Pelipper|Pelipper, F|100/100
|-weather|RainDance|[from] ability: Drizzle|[of] p2a: Pelipper
|turn|1
|
|t:|1760880794
|switch|p2a: Glimmora|Glimmora, M|100/100
|move|p1a: Thundurus|Volt Switch|p2a: Glimmora
|-damage|p2a: Glimmora|62/100
|
|t:|1760880802
|switch|p1a: Frieza|Kyurem, shiny|100/100|[from] Volt Switch
|-ability|p1a: Frieza|Pressure
|
|-weather|RainDance|[upkeep]
|upkeep
|turn|2
|
|t:|1760880819
|switch|p2a: Zamazenta|Zamazenta|100/100
|-ability|p2a: Zamazenta|Dauntless Shield|boost
|-boost|p2a: Zamazenta|def|1
|move|p1a: Frieza|Earth Power|p2a: Zamazenta
|-damage|p2a: Zamazenta|71/100
|-unboost|p2a: Zamazenta|spd|1
|
|-weather|RainDance|[upkeep]
|upkeep
|turn|3
|
|t:|1760880828
|-terastallize|p1a: Frieza|Ghost
|move|p2a: Zamazenta|Close Combat|p1a: Frieza
|-immune|p1a: Frieza
|move|p1a: Frieza|Shadow Ball|p2a: Zamazenta
|-damage|p2a: Zamazenta|7/100
|
|-weather|RainDance|[upkeep]
|upkeep
|turn|4
|
|t:|1760880837
|move|p2a: Zamazenta|Stone Edge|p1a: Frieza
|-damage|p1a: Frieza|57/100
|-damage|p2a: Zamazenta|0 fnt|[from] item: Life Orb
|faint|p2a: Zamazenta
|move|p1a: Frieza|Shadow Ball|p2: Zamazenta|[notarget]
|-fail|p1a: Frieza
|
|-weather|RainDance|[upkeep]
|upkeep
|
|t:|1760880844
|switch|p2a: Ogerpon|Ogerpon-Wellspring, F|100/100
|turn|5
|
|t:|1760880850
|switch|p1a: Shukaku|Tyranitar, M, shiny|100/100
|-weather|Sandstorm|[from] ability: Sand Stream|[of] p1a: Shukaku
|move|p2a: Ogerpon|Ivy Cudgel|p1a: Shukaku|[anim] Ivy Cudgel Water
|-supereffective|p1a: Shukaku
|-crit|p1a: Shukaku
|-damage|p1a: Shukaku|0 fnt
|faint|p1a: Shukaku
|
|-weather|Sandstorm|[upkeep]
|-damage|p2a: Ogerpon|95/100|[from] Sandstorm
|upkeep
|
|t:|1760880858
|switch|p1a: Thundurus|Thundurus-Therian, M|100/100
|turn|6
|
|t:|1760880866
|switch|p2a: Pelipper|Pelipper, F|100/100
|-weather|RainDance|[from] ability: Drizzle|[of] p2a: Pelipper
|move|p1a: Thundurus|Volt Switch|p2a: Pelipper
|-supereffective|p2a: Pelipper
|-damage|p2a: Pelipper|0 fnt
|faint|p2a: Pelipper
|
|t:|1760880876
|switch|p1a: Itachi|Hawlucha, M, shiny|100/100|[from] Volt Switch
|-ability|p1a: Itachi|Mold Breaker
|
|-weather|RainDance|[upkeep]
|upkeep
|
|t:|1760880885
|switch|p2a: Glimmora|Glimmora, M|62/100
|turn|7
|
|t:|1760880892
|switch|p1a: Porunga|Pawmot, F|100/100
|move|p2a: Glimmora|Sludge Bomb|p1a: Porunga
|-damage|p1a: Porunga|29/100
|
|-weather|RainDance|[upkeep]
|upkeep
|turn|8
|
|t:|1760880898
|move|p1a: Porunga|Revival Blessing|p1a: Porunga
|-enditem|p1a: Porunga|Leppa Berry|[eat]
|-activate|p1a: Porunga|item: Leppa Berry|Revival Blessing|[consumed]
|
|t:|1760880901
|-heal|p1: Shukaku|50/100|[from] move: Revival Blessing
|move|p2a: Glimmora|Sludge Bomb|p1a: Porunga
|-damage|p1a: Porunga|0 fnt
|faint|p1a: Porunga
|
|-weather|RainDance|[upkeep]
|upkeep
|
|t:|1760880905
|switch|p1a: Thundurus|Thundurus-Therian, M|100/100
|turn|9
|
|t:|1760880910
|move|p1a: Thundurus|Weather Ball|p2a: Glimmora
|-supereffective|p2a: Glimmora
|-damage|p2a: Glimmora|0 fnt
|faint|p2a: Glimmora
|
|-weather|RainDance|[upkeep]
|upkeep
|
|t:|1760880916
|switch|p2a: Ogerpon|Ogerpon-Wellspring, F|95/100
|turn|10
|
|t:|1760880932
|switch|p1a: Shukaku|Tyranitar, M, shiny|50/100
|-weather|Sandstorm|[from] ability: Sand Stream|[of] p1a: Shukaku
|move|p2a: Ogerpon|Ivy Cudgel|p1a: Shukaku|[anim] Ivy Cudgel Water
|-supereffective|p1a: Shukaku
|-damage|p1a: Shukaku|0 fnt
|faint|p1a: Shukaku
|
|-weather|Sandstorm|[upkeep]
|-damage|p2a: Ogerpon|89/100|[from] Sandstorm
|upkeep
|
|t:|1760880935
|switch|p1a: Itachi|Hawlucha, M, shiny|100/100
|-ability|p1a: Itachi|Mold Breaker
|turn|11
|
|t:|1760880940
|switch|p2a: Manaphy|Manaphy|100/100
|move|p1a: Itachi|Brave Bird|p2a: Manaphy
|-damage|p2a: Manaphy|51/100
|-damage|p1a: Itachi|82/100|[from] Recoil
|
|-weather|Sandstorm|[upkeep]
|-damage|p1a: Itachi|76/100|[from] Sandstorm
|-damage|p2a: Manaphy|45/100|[from] Sandstorm
|-enditem|p2a: Manaphy|Sitrus Berry|[eat]
|-heal|p2a: Manaphy|70/100|[from] item: Sitrus Berry
|upkeep
|turn|12
|
|t:|1760880957
|switch|p1a: Thundurus|Thundurus-Therian, M|100/100
|move|p2a: Manaphy|Surf|p1a: Thundurus
|-damage|p1a: Thundurus|50/100
|
|-weather|Sandstorm|[upkeep]
|-damage|p1a: Thundurus|44/100|[from] Sandstorm
|-damage|p2a: Manaphy|64/100|[from] Sandstorm
|upkeep
|turn|13
|
|t:|1760880971
|move|p1a: Thundurus|Volt Switch|p2a: Manaphy
|-supereffective|p2a: Manaphy
|-damage|p2a: Manaphy|0 fnt
|faint|p2a: Manaphy
|
|t:|1760880989
|switch|p1a: Itachi|Hawlucha, M, shiny|76/100|[from] Volt Switch
|-ability|p1a: Itachi|Mold Breaker
|
|-weather|Sandstorm|[upkeep]
|-damage|p1a: Itachi|70/100|[from] Sandstorm
|upkeep
|
|t:|1760881009
|switch|p2a: Iron Crown|Iron Crown|100/100
|-enditem|p2a: Iron Crown|Booster Energy
|-activate|p2a: Iron Crown|ability: Quark Drive|[fromitem]
|-start|p2a: Iron Crown|quarkdrivespe
|turn|14
|
|t:|1760881014
|switch|p1a: OP|Excadrill, F|100/100
|move|p2a: Iron Crown|Psyshock|p1a: OP
|-resisted|p1a: OP
|-damage|p1a: OP|76/100
|
|-weather|Sandstorm|[upkeep]
|upkeep
|turn|15
|
|t:|1760881018
|-terastallize|p2a: Iron Crown|Ground
|move|p1a: OP|Earthquake|p2a: Iron Crown
|-crit|p2a: Iron Crown
|-damage|p2a: Iron Crown|0 fnt
|faint|p2a: Iron Crown
|-end|p2a: Iron Crown|Quark Drive|[silent]
|
|-weather|Sandstorm|[upkeep]
|upkeep
|
|t:|1760881023
|switch|p2a: Ogerpon|Ogerpon-Wellspring, F|89/100
|turn|16
|
|t:|1760881026
|move|p1a: OP|Earthquake|p2a: Ogerpon
|-resisted|p2a: Ogerpon
|-damage|p2a: Ogerpon|32/100
|move|p2a: Ogerpon|Ivy Cudgel|p1a: OP|[anim] Ivy Cudgel Water
|-supereffective|p1a: OP
|-crit|p1a: OP
|-damage|p1a: OP|0 fnt
|faint|p1a: OP
|
|-weather|Sandstorm|[upkeep]
|-damage|p2a: Ogerpon|26/100|[from] Sandstorm
|upkeep
|
|t:|1760881032
|switch|p1a: Thundurus|Thundurus-Therian, M|44/100
|turn|17
|
|t:|1760881051
|move|p1a: Thundurus|Volt Switch|p2a: Ogerpon
|-damage|p2a: Ogerpon|0 fnt
|faint|p2a: Ogerpon
|
|win|OP Earthquakes
|raw|OP Earthquakes's rating: 1522 &rarr; <strong>1545</strong><br />(+23 for winning)
|raw|Elite Sabrina's rating: 1571 &rarr; <strong>1548</strong><br />(-23 for losing)
|l|☆OP Earthquakes
|player|p1|
|c|☆Elite Sabrina|gg
|l|☆Elite Sabrina
|player|p2|
