|j|☆O YAGO
|j|☆Dolost
|t:|1760850565
|gametype|singles
|player|p1|O YAGO|blackbelt-gen4dp|1064
|player|p2|Dolost|gentleman-gen4dp|1115
|gen|9
|tier|[Gen 9] OU
|rated|
|rule|HP Percentage Mod: HP is shown in percentages
|rule|Endless Battle Clause: Forcing endless battles is banned
|rule|Species Clause: Limit one of each Pokémon
|rule|OHKO Clause: OHKO moves are banned
|rule|Evasion Items Clause: Evasion items are banned
|rule|Evasion Moves Clause: Evasion moves are banned
|rule|Evasion Abilities Clause: Evasion abilities are banned
|rule|Sleep Moves Clause: Sleep-inducing moves are banned
|clearpoke
|poke|p1|Cinccino, M|
|poke|p1|Charizard, M|
|poke|p1|Weavile, M|
|poke|p1|Zapdos|
|poke|p1|Torkoal, F|
|poke|p1|Crawdaunt, F|
|poke|p2|Porygon-Z|
|poke|p2|Wo-Chien|
|poke|p2|Ursaluna, M|
|poke|p2|Amoonguss, F|
|poke|p2|Sylveon, M|
|poke|p2|Scizor, M|
|teampreview
|
|t:|1760850576
|teamsize|p1|6
|teamsize|p2|6
|start
|switch|p1a: Torkoal|Torkoal, F|100/100
|switch|p2a: Porygon-Z|Porygon-Z|100/100
|-weather|SunnyDay|[from] ability: Drought|[of] p1a: Torkoal
|turn|1
|
|t:|1760850584
|-terastallize|p2a: Porygon-Z|Ground
|move|p2a: Porygon-Z|Tera Blast|p1a: Torkoal|[anim] Tera Blast Ground
|-supereffective|p1a: Torkoal
|-damage|p1a: Torkoal|0 fnt
|faint|p1a: Torkoal
|
|-weather|SunnyDay|[upkeep]
|upkeep
|
|t:|1760850591
|switch|p1a: Crawdaunt|Crawdaunt, F|100/100
|turn|2
|
|t:|1760850601
|switch|p2a: Wo-Chien|Wo-Chien|100/100
|-ability|p2a: Wo-Chien|Tablets of Ruin
|move|p1a: Crawdaunt|Aqua Jet|p2a: Wo-Chien
|-resisted|p2a: Wo-Chien
|-damage|p2a: Wo-Chien|97/100
|-damage|p1a: Crawdaunt|90/100|[from] item: Life Orb
|
|-weather|SunnyDay|[upkeep]
|-heal|p2a: Wo-Chien|100/100|[from] item: Leftovers
|upkeep
|turn|3
|
|t:|1760850613
|switch|p1a: Charizard|Charizard, M, shiny|100/100
|move|p2a: Wo-Chien|Leech Seed|p1a: Charizard
|-start|p1a: Charizard|move: Leech Seed
|
|-weather|SunnyDay|[upkeep]
|-damage|p1a: Charizard|88/100|[from] Leech Seed|[of] p2a: Wo-Chien
|upkeep
|turn|4
|
|t:|1760850624
|switch|p2a: Porygon-Z|Porygon-Z, tera:Ground|100/100
|move|p1a: Charizard|Fire Blast|p2a: Porygon-Z
|-enditem|p2a: Porygon-Z|Focus Sash
|-damage|p2a: Porygon-Z|1/100
|-damage|p1a: Charizard|78/100|[from] item: Life Orb
|
|-weather|SunnyDay|[upkeep]
|-damage|p1a: Charizard|66/100|[from] Leech Seed|[of] p2a: Porygon-Z
|-heal|p2a: Porygon-Z|13/100|[silent]
|upkeep
|turn|5
|
|t:|1760850641
|move|p1a: Charizard|Solar Beam||[still]
|-prepare|p1a: Charizard|Solar Beam
|-anim|p1a: Charizard|Solar Beam|p2a: Porygon-Z
|-supereffective|p2a: Porygon-Z
|-damage|p2a: Porygon-Z|0 fnt
|faint|p2a: Porygon-Z
|-damage|p1a: Charizard|56/100|[from] item: Life Orb
|
|-weather|none
|upkeep
|
|t:|1760850655
|switch|p2a: Ursaluna|Ursaluna, M|100/100
|turn|6
|
|t:|1760850661
|move|p1a: Charizard|Focus Blast|p2a: Ursaluna
|-supereffective|p2a: Ursaluna
|-damage|p2a: Ursaluna|10/100
|-damage|p1a: Charizard|46/100|[from] item: Life Orb
|move|p2a: Ursaluna|Swords Dance|p2a: Ursaluna
|-boost|p2a: Ursaluna|atk|2
|
|-damage|p1a: Charizard|34/100|[from] Leech Seed|[of] p2a: Ursaluna
|-heal|p2a: Ursaluna|19/100|[silent]
|-status|p2a: Ursaluna|brn|[from] item: Flame Orb
|upkeep
|turn|7
|
|t:|1760850676
|switch|p2a: Sylveon|Sylveon, M|100/100
|move|p1a: Charizard|Fire Blast|p2a: Sylveon
|-damage|p2a: Sylveon|19/100
|-damage|p1a: Charizard|24/100|[from] item: Life Orb
|
|-damage|p1a: Charizard|12/100|[from] Leech Seed|[of] p2a: Sylveon
|-heal|p2a: Sylveon|30/100|[silent]
|upkeep
|turn|8
|
|t:|1760850688
|move|p1a: Charizard|Hurricane|p2a: Sylveon
|-damage|p2a: Sylveon|0 fnt
|faint|p2a: Sylveon
|-damage|p1a: Charizard|2/100|[from] item: Life Orb
|
|upkeep
|
|t:|1760850695
|switch|p2a: Scizor|Scizor, M|100/100
|turn|9
|
|t:|1760850700
|move|p2a: Scizor|Bullet Punch|p1a: Charizard
|-resisted|p1a: Charizard
|-damage|p1a: Charizard|0 fnt
|faint|p1a: Charizard
|
|upkeep
|
|t:|1760850716
|switch|p1a: Crawdaunt|Crawdaunt, F|90/100
|turn|10
|
|t:|1760850727
|move|p2a: Scizor|U-turn|p1a: Crawdaunt
|-supereffective|p1a: Crawdaunt
|-damage|p1a: Crawdaunt|0 fnt
|faint|p1a: Crawdaunt
|
|t:|1760850739
|switch|p2a: Wo-Chien|Wo-Chien|100/100|[from] U-turn
|-ability|p2a: Wo-Chien|Tablets of Ruin
|
|upkeep
|
|t:|1760850744
|switch|p1a: Zapdos|Zapdos|100/100
|turn|11
|
|t:|1760850749
|move|p1a: Zapdos|Hurricane|p2a: Wo-Chien
|-supereffective|p2a: Wo-Chien
|-damage|p2a: Wo-Chien|4/100
|-damage|p1a: Zapdos|91/100|[from] item: Life Orb
|move|p2a: Wo-Chien|Knock Off|p1a: Zapdos
|-damage|p1a: Zapdos|57/100
|-status|p2a: Wo-Chien|par|[from] ability: Static|[of] p1a: Zapdos
|-enditem|p1a: Zapdos|Life Orb|[from] move: Knock Off|[of] p2a: Wo-Chien
|
|-heal|p2a: Wo-Chien|10/100 par|[from] item: Leftovers
|upkeep
|turn|12
|
|t:|1760850764
|switch|p2a: Scizor|Scizor, M|100/100
|move|p1a: Zapdos|Heat Wave|p2a: Scizor
|-supereffective|p2a: Scizor
|-damage|p2a: Scizor|0 fnt
|faint|p2a: Scizor
|
|upkeep
|
|t:|1760850774
|switch|p2a: Ursaluna|Ursaluna, M|19/100 brn
|turn|13
|
|t:|1760850781
|move|p1a: Zapdos|Heat Wave|p2a: Ursaluna
|-damage|p2a: Ursaluna|0 fnt
|faint|p2a: Ursaluna
|
|upkeep
|
|t:|1760850789
|switch|p2a: Amoonguss|Amoonguss, F|100/100
|turn|14
|-message|Dolost forfeited.
|
|win|O YAGO
|raw|O YAGO's rating: 1064 &rarr; <strong>1099</strong><br />(+35 for winning)
|raw|Dolost's rating: 1115 &rarr; <strong>1086</strong><br />(-29 for losing)
|l|☆Dolost
|player|p2|
|l|☆O YAGO
|player|p1|
