|j|☆Lackss
|j|☆friedbeans999
|t:|1760876488
|gametype|singles
|player|p1|Lackss|2|1100
|player|p2|friedbeans999|ethan|1101
|gen|9
|tier|[Gen 9] OU
|rated|
|rule|HP Percentage Mod: HP is shown in percentages
|rule|Endless Battle Clause: Forcing endless battles is banned
|rule|Species Clause: Limit one of each Pokémon
|rule|OHKO Clause: OHKO moves are banned
|rule|Evasion Items Clause: Evasion items are banned
|rule|Evasion Moves Clause: Evasion moves are banned
|rule|Evasion Abilities Clause: Evasion abilities are banned
|rule|Sleep Moves Clause: Sleep-inducing moves are banned
|clearpoke
|poke|p1|Porygon-Z|
|poke|p1|Scyther, F|
|poke|p1|Primarina, F|
|poke|p1|Deoxys-Speed|
|poke|p1|Weavile, M|
|poke|p1|Gliscor, M|
|poke|p2|Deoxys-Speed|
|poke|p2|Dragonite, F|
|poke|p2|Gliscor, F|
|poke|p2|Great Tusk|
|poke|p2|Rotom-Wash|
|poke|p2|Rillaboom, F|
|teampreview
|
|t:|1760876493
|teamsize|p1|6
|teamsize|p2|6
|start
|switch|p1a: Deoxys|Deoxys-Speed|100/100
|switch|p2a: The Roaring Knight|Deoxys-Speed|100/100
|-ability|p1a: Deoxys|Pressure
|-ability|p2a: The Roaring Knight|Pressure
|turn|1
|
|t:|1760876502
|move|p2a: The Roaring Knight|Taunt|p1a: Deoxys
|-start|p1a: Deoxys|move: Taunt
|cant|p1a: Deoxys|move: Taunt|Taunt
|
|upkeep
|turn|2
|
|t:|1760876510
|switch|p1a: Weavile|Weavile, M|100/100
|-ability|p1a: Weavile|Pressure
|move|p2a: The Roaring Knight|Stealth Rock|p1a: Weavile
|-sidestart|p1: Lackss|move: Stealth Rock
|
|upkeep
|turn|3
|
|t:|1760876517
|move|p2a: The Roaring Knight|Thunder Wave|p1a: Weavile
|-status|p1a: Weavile|par
|move|p1a: Weavile|Knock Off|p2a: The Roaring Knight
|-supereffective|p2a: The Roaring Knight
|-enditem|p2a: The Roaring Knight|Focus Sash
|-damage|p2a: The Roaring Knight|1/100
|
|upkeep
|turn|4
|
|t:|1760876527
|move|p1a: Weavile|Ice Shard|p2a: The Roaring Knight
|-damage|p2a: The Roaring Knight|0 fnt
|faint|p2a: The Roaring Knight
|
|upkeep
|
|t:|1760876540
|switch|p2a: The King|Great Tusk|100/100
|turn|5
|
|t:|1760876549
|switch|p1a: Gliscor|Gliscor, M|100/100
|-damage|p1a: Gliscor|88/100|[from] Stealth Rock
|move|p2a: The King|Ice Spinner|p1a: Gliscor
|-supereffective|p1a: Gliscor
|-damage|p1a: Gliscor|20/100
|
|-status|p1a: Gliscor|tox|[from] item: Toxic Orb
|upkeep
|turn|6
|
|t:|1760876558
|move|p2a: The King|Ice Spinner|p1a: Gliscor
|-supereffective|p1a: Gliscor
|-damage|p1a: Gliscor|0 fnt
|faint|p1a: Gliscor
|
|upkeep
|
|t:|1760876567
|switch|p1a: Deoxys|Deoxys-Speed|100/100
|-ability|p1a: Deoxys|Pressure
|turn|7
|
|t:|1760876577
|-end|p2a: The King|Protosynthesis|[silent]
|switch|p2a: DONKEY KONG|Rillaboom, F|100/100
|-fieldstart|move: Grassy Terrain|[from] ability: Grassy Surge|[of] p2a: DONKEY KONG
|move|p1a: Deoxys|Psycho Boost|p2a: DONKEY KONG
|-damage|p2a: DONKEY KONG|20/100
|-unboost|p1a: Deoxys|spa|2
|
|-heal|p2a: DONKEY KONG|27/100|[from] Grassy Terrain
|upkeep
|turn|8
|
|t:|1760876589
|move|p1a: Deoxys|Psycho Boost|p2a: DONKEY KONG
|-damage|p2a: DONKEY KONG|0 fnt
|-unboost|p1a: Deoxys|spa|2
|faint|p2a: DONKEY KONG
|
|upkeep
|
|t:|1760876596
|switch|p2a: The Dragon|Dragonite, F|100/100
|turn|9
|
|t:|1760876600
|move|p1a: Deoxys|Taunt|p2a: The Dragon
|-start|p2a: The Dragon|move: Taunt
|cant|p2a: The Dragon|move: Taunt|Dragon Dance
|
|upkeep
|turn|10
|
|t:|1760876606
|move|p2a: The Dragon|Extreme Speed|p1a: Deoxys
|-damage|p1a: Deoxys|53/100
|move|p1a: Deoxys|Thunder Wave|p2a: The Dragon
|-status|p2a: The Dragon|par
|
|-heal|p1a: Deoxys|59/100|[from] Grassy Terrain
|upkeep
|turn|11
|
|t:|1760876617
|move|p2a: The Dragon|Extreme Speed|p1a: Deoxys
|-damage|p1a: Deoxys|12/100
|move|p1a: Deoxys|Spikes|p2a: The Dragon
|-sidestart|p2: friedbeans999|Spikes
|
|-heal|p1a: Deoxys|18/100|[from] Grassy Terrain
|-end|p2a: The Dragon|move: Taunt
|-fieldend|move: Grassy Terrain
|upkeep
|turn|12
|
|t:|1760876626
|move|p2a: The Dragon|Extreme Speed|p1a: Deoxys
|-damage|p1a: Deoxys|0 fnt
|faint|p1a: Deoxys
|
|upkeep
|
|t:|1760876638
|switch|p1a: Weavile|Weavile, M|100/100 par
|-ability|p1a: Weavile|Pressure
|turn|13
|
|t:|1760876652
|move|p2a: The Dragon|Extreme Speed|p1a: Weavile
|-crit|p1a: Weavile
|-damage|p1a: Weavile|24/100 par
|move|p1a: Weavile|Triple Axel|p2a: The Dragon
|-supereffective|p2a: The Dragon
|-damage|p2a: The Dragon|76/100 par
|-supereffective|p2a: The Dragon
|-damage|p2a: The Dragon|0 fnt
|faint|p2a: The Dragon
|-hitcount|p2: The Dragon|2
|
|upkeep
|
|t:|1760876670
|switch|p2a: Lord of Screens|Rotom-Wash|100/100
|turn|14
|
|t:|1760876673
|move|p2a: Lord of Screens|Thunderbolt|p1a: Weavile
|-damage|p1a: Weavile|0 fnt
|faint|p1a: Weavile
|
|upkeep
|
|t:|1760876688
|switch|p1a: Porygon-Z|Porygon-Z, shiny|100/100
|-damage|p1a: Porygon-Z|88/100|[from] Stealth Rock
|turn|15
|
|t:|1760876695
|move|p2a: Lord of Screens|Thunderbolt|p1a: Porygon-Z
|-damage|p1a: Porygon-Z|28/100
|-status|p1a: Porygon-Z|par
|move|p1a: Porygon-Z|Tri Attack|p2a: Lord of Screens
|-damage|p2a: Lord of Screens|0 fnt
|faint|p2a: Lord of Screens
|
|upkeep
|
|t:|1760876704
|switch|p2a: The King|Great Tusk|100/100
|-damage|p2a: The King|88/100|[from] Spikes
|turn|16
|
|t:|1760876714
|move|p2a: The King|Headlong Rush|p1a: Porygon-Z
|-damage|p1a: Porygon-Z|0 fnt
|-unboost|p2a: The King|def|1
|-unboost|p2a: The King|spd|1
|faint|p1a: Porygon-Z
|
|upkeep
|
|t:|1760876723
|switch|p1a: Scyther|Scyther, F|100/100
|turn|17
|
|t:|1760876729
|-end|p2a: The King|Protosynthesis|[silent]
|switch|p2a: Guts|Gliscor, F|100/100
|move|p1a: Scyther|Dual Wingbeat|p2a: Guts|[miss]
|-miss|p1a: Scyther|p2a: Guts
|
|-status|p2a: Guts|tox|[from] item: Toxic Orb
|upkeep
|turn|18
|
|t:|1760876741
|-terastallize|p2a: Guts|Normal
|move|p1a: Scyther|Swords Dance|p1a: Scyther
|-boost|p1a: Scyther|atk|2
|move|p2a: Guts|Facade|p1a: Scyther
|-damage|p1a: Scyther|32/100
|
|upkeep
|turn|19
|
|t:|1760876749
|move|p1a: Scyther|Close Combat|p2a: Guts
|-supereffective|p2a: Guts
|-damage|p2a: Guts|0 fnt
|-unboost|p1a: Scyther|def|1
|-unboost|p1a: Scyther|spd|1
|faint|p2a: Guts
|
|upkeep
|
|t:|1760876756
|switch|p2a: The King|Great Tusk|88/100
|-damage|p2a: The King|76/100|[from] Spikes
|turn|20
|
|t:|1760876765
|move|p2a: The King|Ice Spinner|p1a: Scyther
|-supereffective|p1a: Scyther
|-damage|p1a: Scyther|0 fnt
|faint|p1a: Scyther
|
|upkeep
|
|t:|1760876769
|switch|p1a: Primarina|Primarina, F|100/100
|-damage|p1a: Primarina|88/100|[from] Stealth Rock
|turn|21
|c|☆friedbeans999|gg
|-message|friedbeans999 forfeited.
|
|win|Lackss
|raw|Lackss's rating: 1100 &rarr; <strong>1125</strong><br />(+25 for winning)
|raw|friedbeans999's rating: 1101 &rarr; <strong>1076</strong><br />(-25 for losing)
|l|☆friedbeans999
|player|p2|
|c|☆Lackss|gg
|l|☆Lackss
|player|p1|
