|j|☆alejogroot1534
|j|☆fallen five
|t:|1760763850
|gametype|singles
|player|p1|alejogroot1534|steven|1479
|player|p2|fallen five|170|1463
|gen|9
|tier|[Gen 9] OU
|rated|
|rule|HP Percentage Mod: HP is shown in percentages
|rule|Endless Battle Clause: Forcing endless battles is banned
|rule|Species Clause: Limit one of each Pokémon
|rule|OHKO Clause: OHKO moves are banned
|rule|Evasion Items Clause: Evasion items are banned
|rule|Evasion Moves Clause: Evasion moves are banned
|rule|Evasion Abilities Clause: Evasion abilities are banned
|rule|Sleep Moves Clause: Sleep-inducing moves are banned
|clearpoke
|poke|p1|Greninja-*, M|
|poke|p1|Zapdos|
|poke|p1|Great Tusk|
|poke|p1|Slowking-Galar, F|
|poke|p1|Meowscarada, M|
|poke|p1|Iron Valiant|
|poke|p2|Excadrill, M|
|poke|p2|Garganacl, F|
|poke|p2|Dragapult, M|
|poke|p2|Tyranitar, M|
|poke|p2|Pecharunt|
|poke|p2|Moltres|
|teampreview
|inactive|Battle timer is ON: inactive players will automatically lose when time's up. (requested by fallen five)
|inactive|alejogroot1534 also wants the timer to be on.
|
|t:|1760763874
|teamsize|p1|6
|teamsize|p2|6
|start
|switch|p1a: Meowscarada|Meowscarada, M, shiny|100/100
|switch|p2a: Moltres|Moltres|100/100
|turn|1
|
|t:|1760763879
|switch|p1a: Zapdos|Zapdos, shiny|100/100
|move|p2a: Moltres|Will-O-Wisp|p1a: Zapdos
|-status|p1a: Zapdos|brn
|
|-damage|p1a: Zapdos|94/100 brn|[from] brn
|upkeep
|turn|2
|
|t:|1760763886
|switch|p1a: Slowking|Slowking-Galar, F, shiny|100/100
|switch|p2a: Tyranitar|Tyranitar, M|100/100
|-weather|Sandstorm|[from] ability: Sand Stream|[of] p2a: Tyranitar
|
|-weather|Sandstorm|[upkeep]
|-damage|p1a: Slowking|94/100|[from] Sandstorm
|upkeep
|turn|3
|
|t:|1760763893
|switch|p1a: Great Tusk|Great Tusk, shiny|100/100
|move|p2a: Tyranitar|Knock Off|p1a: Great Tusk
|-resisted|p1a: Great Tusk
|-damage|p1a: Great Tusk|87/100
|-damage|p2a: Tyranitar|84/100|[from] item: Rocky Helmet|[of] p1a: Great Tusk
|-enditem|p1a: Great Tusk|Rocky Helmet|[from] move: Knock Off|[of] p2a: Tyranitar
|
|-weather|Sandstorm|[upkeep]
|upkeep
|turn|4
|
|t:|1760763908
|switch|p2a: Moltres|Moltres|100/100
|move|p1a: Great Tusk|Stealth Rock|p2a: Moltres
|-sidestart|p2: fallen five|move: Stealth Rock
|
|-weather|Sandstorm|[upkeep]
|-damage|p2a: Moltres|94/100|[from] Sandstorm
|upkeep
|turn|5
|
|t:|1760763914
|-end|p1a: Great Tusk|Protosynthesis|[silent]
|switch|p1a: Slowking|Slowking-Galar, F, shiny|100/100
|move|p2a: Moltres|Flamethrower|p1a: Slowking
|-damage|p1a: Slowking|77/100
|
|-weather|Sandstorm|[upkeep]
|-damage|p2a: Moltres|88/100|[from] Sandstorm
|-damage|p1a: Slowking|71/100|[from] Sandstorm
|upkeep
|turn|6
|
|t:|1760763918
|move|p2a: Moltres|Will-O-Wisp|p1a: Slowking
|-status|p1a: Slowking|brn
|-prepare|p1a: Slowking|Chilly Reception|[premajor]
|move|p1a: Slowking|Chilly Reception|p1a: Slowking
|-weather|Snowscape
|
|t:|1760763921
|switch|p1a: Meowscarada|Meowscarada, M, shiny|100/100|[from] Chilly Reception
|
|-weather|Snowscape|[upkeep]
|upkeep
|turn|7
|inactive|fallen five has 120 seconds left.
|
|t:|1760763955
|move|p1a: Meowscarada|Knock Off|p2a: Moltres
|-start|p1a: Meowscarada|typechange|Dark|[from] ability: Protean
|-crit|p2a: Moltres
|-damage|p2a: Moltres|24/100
|-status|p1a: Meowscarada|brn|[from] ability: Flame Body|[of] p2a: Moltres
|-enditem|p2a: Moltres|Heavy-Duty Boots|[from] move: Knock Off|[of] p1a: Meowscarada
|move|p2a: Moltres|Roost|p2a: Moltres
|-heal|p2a: Moltres|74/100
|-singleturn|p2a: Moltres|move: Roost
|
|-weather|Snowscape|[upkeep]
|-damage|p1a: Meowscarada|94/100 brn|[from] brn
|upkeep
|turn|8
|inactive|fallen five has 120 seconds left.
|
|t:|1760763970
|switch|p1a: Greninja|Greninja, M|100/100
|move|p2a: Moltres|U-turn|p1a: Greninja
|-supereffective|p1a: Greninja
|-damage|p1a: Greninja|54/100
|
|t:|1760763976
|switch|p2a: Dragapult|Dragapult, M|100/100|[from] U-turn
|-damage|p2a: Dragapult|88/100|[from] Stealth Rock
|
|-weather|Snowscape|[upkeep]
|upkeep
|turn|9
|
|t:|1760763980
|switch|p1a: Meowscarada|Meowscarada, M, shiny|94/100 brn
|move|p2a: Dragapult|U-turn|p1a: Meowscarada
|-supereffective|p1a: Meowscarada
|-damage|p1a: Meowscarada|0 fnt
|faint|p1a: Meowscarada
|inactive|fallen five has 120 seconds left.
|
|t:|1760764002
|switch|p2a: Garganacl|Garganacl, F|100/100|[from] U-turn
|-damage|p2a: Garganacl|88/100|[from] Stealth Rock
|
|-weather|Snowscape|[upkeep]
|-heal|p2a: Garganacl|94/100|[from] item: Leftovers
|upkeep
|
|t:|1760764017
|switch|p1a: Greninja|Greninja, M|54/100
|turn|10
|inactive|fallen five has 120 seconds left.
|
|t:|1760764026
|switch|p1a: Zapdos|Zapdos, shiny|94/100 brn
|-terastallize|p2a: Garganacl|Water
|move|p2a: Garganacl|Salt Cure|p1a: Zapdos
|-supereffective|p1a: Zapdos
|-damage|p1a: Zapdos|72/100 brn
|-start|p1a: Zapdos|Salt Cure
|
|-weather|none
|-heal|p2a: Garganacl|100/100|[from] item: Leftovers
|-damage|p1a: Zapdos|66/100 brn|[from] brn
|-damage|p1a: Zapdos|54/100 brn|[from] Salt Cure
|upkeep
|turn|11
|
|t:|1760764035
|switch|p2a: Dragapult|Dragapult, M|88/100
|-damage|p2a: Dragapult|76/100|[from] Stealth Rock
|move|p1a: Zapdos|Volt Switch|p2a: Dragapult
|-resisted|p2a: Dragapult
|-damage|p2a: Dragapult|57/100
|
|t:|1760764042
|switch|p1a: Iron Valiant|Iron Valiant, shiny|100/100|[from] Volt Switch
|-enditem|p1a: Iron Valiant|Booster Energy
|-activate|p1a: Iron Valiant|ability: Quark Drive|[fromitem]
|-start|p1a: Iron Valiant|quarkdrivespe
|
|upkeep
|turn|12
|
|t:|1760764052
|switch|p2a: Pecharunt|Pecharunt|100/100
|move|p1a: Iron Valiant|Calm Mind|p1a: Iron Valiant
|-boost|p1a: Iron Valiant|spa|1
|-boost|p1a: Iron Valiant|spd|1
|
|upkeep
|turn|13
|
|t:|1760764057
|-terastallize|p1a: Iron Valiant|Electric
|move|p1a: Iron Valiant|Calm Mind|p1a: Iron Valiant
|-boost|p1a: Iron Valiant|spa|1
|-boost|p1a: Iron Valiant|spd|1
|move|p2a: Pecharunt|Malignant Chain|p1a: Iron Valiant
|-damage|p1a: Iron Valiant|71/100
|
|upkeep
|turn|14
|
|t:|1760764066
|move|p1a: Iron Valiant|Shadow Ball|p2a: Pecharunt
|-supereffective|p2a: Pecharunt
|-damage|p2a: Pecharunt|0 fnt
|faint|p2a: Pecharunt
|
|upkeep
|
|t:|1760764069
|switch|p2a: Tyranitar|Tyranitar, M|84/100
|-damage|p2a: Tyranitar|72/100|[from] Stealth Rock
|-weather|Sandstorm|[from] ability: Sand Stream|[of] p2a: Tyranitar
|turn|15
|
|t:|1760764075
|move|p1a: Iron Valiant|Moonblast|p2a: Tyranitar
|-supereffective|p2a: Tyranitar
|-crit|p2a: Tyranitar
|-damage|p2a: Tyranitar|0 fnt
|faint|p2a: Tyranitar
|
|-weather|Sandstorm|[upkeep]
|-damage|p1a: Iron Valiant|65/100|[from] Sandstorm
|upkeep
|
|t:|1760764079
|switch|p2a: Excadrill|Excadrill, M|100/100
|-damage|p2a: Excadrill|97/100|[from] Stealth Rock
|-item|p2a: Excadrill|Air Balloon
|turn|16
|
|t:|1760764093
|-end|p1a: Iron Valiant|Quark Drive|[silent]
|switch|p1a: Zapdos|Zapdos, shiny|54/100 brn
|move|p2a: Excadrill|Earthquake|p1a: Zapdos
|-immune|p1a: Zapdos
|
|-weather|Sandstorm|[upkeep]
|-damage|p1a: Zapdos|47/100 brn|[from] Sandstorm
|-damage|p1a: Zapdos|41/100 brn|[from] brn
|upkeep
|turn|17
|
|t:|1760764101
|move|p2a: Excadrill|Swords Dance|p2a: Excadrill
|-boost|p2a: Excadrill|atk|2
|move|p1a: Zapdos|Hurricane|p2a: Excadrill
|-resisted|p2a: Excadrill
|-damage|p2a: Excadrill|67/100
|-enditem|p2a: Excadrill|Air Balloon
|
|-weather|Sandstorm|[upkeep]
|-damage|p1a: Zapdos|35/100 brn|[from] Sandstorm
|-damage|p1a: Zapdos|29/100 brn|[from] brn
|upkeep
|turn|18
|
|t:|1760764105
|move|p2a: Excadrill|Rapid Spin|p1a: Zapdos
|-damage|p1a: Zapdos|1/100 brn
|-boost|p2a: Excadrill|spe|1
|-status|p2a: Excadrill|par|[from] ability: Static|[of] p1a: Zapdos
|-sideend|p2: fallen five|Stealth Rock|[from] move: Rapid Spin|[of] p2a: Excadrill
|move|p1a: Zapdos|Roost|p1a: Zapdos
|-heal|p1a: Zapdos|51/100 brn
|-singleturn|p1a: Zapdos|move: Roost
|
|-weather|Sandstorm|[upkeep]
|-damage|p1a: Zapdos|45/100 brn|[from] Sandstorm
|-damage|p1a: Zapdos|39/100 brn|[from] brn
|upkeep
|turn|19
|
|t:|1760764117
|move|p2a: Excadrill|Swords Dance|p2a: Excadrill
|-boost|p2a: Excadrill|atk|2
|move|p1a: Zapdos|Hurricane|p2a: Excadrill|[miss]
|-miss|p1a: Zapdos|p2a: Excadrill
|
|-weather|Sandstorm|[upkeep]
|-damage|p1a: Zapdos|33/100 brn|[from] Sandstorm
|-damage|p1a: Zapdos|26/100 brn|[from] brn
|upkeep
|turn|20
|
|t:|1760764125
|move|p2a: Excadrill|Rapid Spin|p1a: Zapdos
|-damage|p1a: Zapdos|0 fnt
|-boost|p2a: Excadrill|spe|1
|faint|p1a: Zapdos
|
|-weather|Sandstorm|[upkeep]
|upkeep
|
|t:|1760764130
|switch|p1a: Great Tusk|Great Tusk, shiny|87/100
|turn|21
|
|t:|1760764134
|-end|p1a: Great Tusk|Protosynthesis|[silent]
|switch|p1a: Iron Valiant|Iron Valiant, shiny, tera:Electric|65/100
|move|p2a: Excadrill|Earthquake|p1a: Iron Valiant
|-supereffective|p1a: Iron Valiant
|-damage|p1a: Iron Valiant|0 fnt
|faint|p1a: Iron Valiant
|-end|p1a: Iron Valiant|Quark Drive|[silent]
|
|-weather|Sandstorm|[upkeep]
|upkeep
|
|t:|1760764142
|switch|p1a: Great Tusk|Great Tusk, shiny|87/100
|turn|22
|
|t:|1760764149
|move|p2a: Excadrill|Earthquake|p1a: Great Tusk
|-crit|p1a: Great Tusk
|-damage|p1a: Great Tusk|0 fnt
|faint|p1a: Great Tusk
|-end|p1a: Great Tusk|Protosynthesis|[silent]
|
|-weather|none
|upkeep
|
|t:|1760764153
|switch|p1a: Greninja|Greninja, M|54/100
|turn|23
|
|t:|1760764163
|move|p1a: Greninja|Dark Pulse|p2a: Excadrill
|-damage|p2a: Excadrill|7/100 par
|-damage|p1a: Greninja|44/100|[from] item: Life Orb
|move|p2a: Excadrill|Earthquake|p1a: Greninja
|-damage|p1a: Greninja|0 fnt
|faint|p1a: Greninja
|
|upkeep
|-message|alejogroot1534 forfeited.
|
|win|fallen five
|raw|alejogroot1534's rating: 1479 &rarr; <strong>1458</strong><br />(-21 for losing)
|raw|fallen five's rating: 1463 &rarr; <strong>1484</strong><br />(+21 for winning)
|l|☆alejogroot1534
|player|p1|
|l|☆fallen five
|player|p2|
