|badge|p2|bronze|gen9ou|100-7
|uhtml|medal-msg|<div class="broadcast-blue">Curious what those medals under the avatar are? PS now has Ladder Seasons! For more information, check out the <a href="https://www.smogon.com/forums/threads/3740067/">thread on Smogon.</a></div>
|j|☆yesterdaymister
|j|☆LT121GU Prav33n
|t:|1760757810
|gametype|singles
|player|p1|yesterdaymister|striker|1773
|player|p2|LT121GU Prav33n|koga|1857
|gen|9
|tier|[Gen 9] OU
|rated|
|rule|HP Percentage Mod: HP is shown in percentages
|rule|Endless Battle Clause: Forcing endless battles is banned
|rule|Species Clause: Limit one of each Pokémon
|rule|OHKO Clause: OHKO moves are banned
|rule|Evasion Items Clause: Evasion items are banned
|rule|Evasion Moves Clause: Evasion moves are banned
|rule|Evasion Abilities Clause: Evasion abilities are banned
|rule|Sleep Moves Clause: Sleep-inducing moves are banned
|clearpoke
|poke|p1|Ninetales, M|
|poke|p1|Ceruledge, M|
|poke|p1|Venusaur, F|
|poke|p1|Hatterene, F|
|poke|p1|Great Tusk|
|poke|p1|Walking Wake|
|poke|p2|Samurott-Hisui, F|
|poke|p2|Pecharunt|
|poke|p2|Latios, M|
|poke|p2|Zamazenta-*|
|poke|p2|Heatran, F|
|poke|p2|Gliscor, F|
|teampreview
|inactive|Battle timer is ON: inactive players will automatically lose when time's up. (requested by yesterdaymister)
|
|t:|1760757832
|teamsize|p1|6
|teamsize|p2|6
|start
|switch|p1a: arda guler|Ninetales, M|100/100
|switch|p2a: Heatran|Heatran, F|100/100
|-weather|SunnyDay|[from] ability: Drought|[of] p1a: arda guler
|turn|1
|
|t:|1760757842
|switch|p1a: maccabi|Hatterene, F|100/100
|move|p2a: Heatran|Stealth Rock|p1a: maccabi
|move|p1a: maccabi|Stealth Rock|p2a: Heatran|[from] ability: Magic Bounce
|-sidestart|p2: LT121GU Prav33n|move: Stealth Rock
|
|-weather|SunnyDay|[upkeep]
|upkeep
|turn|2
|
|t:|1760757850
|move|p2a: Heatran|Magma Storm|p1a: maccabi|[miss]
|-miss|p2a: Heatran|p1a: maccabi
|move|p1a: maccabi|Nuzzle|p2a: Heatran
|-damage|p2a: Heatran|97/100
|-status|p2a: Heatran|par
|
|-weather|SunnyDay|[upkeep]
|-heal|p2a: Heatran|100/100 par|[from] item: Leftovers
|upkeep
|turn|3
|
|t:|1760757862
|cant|p2a: Heatran|par
|move|p1a: maccabi|Psychic Noise|p2a: Heatran
|-resisted|p2a: Heatran
|-damage|p2a: Heatran|89/100 par
|-start|p2a: Heatran|move: Heal Block
|
|-weather|SunnyDay|[upkeep]
|upkeep
|turn|4
|
|t:|1760757868
|move|p2a: Heatran|Stealth Rock|p1a: maccabi
|move|p1a: maccabi|Stealth Rock||[from] ability: Magic Bounce|[still]
|-fail|p1a: maccabi
|move|p1a: maccabi|Psychic Noise|p2a: Heatran
|-resisted|p2a: Heatran
|-damage|p2a: Heatran|79/100 par
|
|-weather|SunnyDay|[upkeep]
|-end|p2a: Heatran|move: Heal Block
|upkeep
|turn|5
|
|t:|1760757871
|move|p2a: Heatran|Magma Storm|p1a: maccabi
|-damage|p1a: maccabi|41/100
|-activate|p1a: maccabi|move: Magma Storm|[of] p2a: Heatran
|-enditem|p1a: maccabi|Eject Button
|
|t:|1760757879
|switch|p1a: chama|Walking Wake|100/100
|-activate|p1a: chama|ability: Protosynthesis
|-start|p1a: chama|protosynthesisspa
|
|-weather|SunnyDay|[upkeep]
|-heal|p2a: Heatran|85/100 par|[from] item: Leftovers
|upkeep
|turn|6
|
|t:|1760757886
|switch|p2a: Latios|Latios, M, shiny|100/100
|-damage|p2a: Latios|88/100|[from] Stealth Rock
|move|p1a: chama|Hydro Steam|p2a: Latios
|-resisted|p2a: Latios
|-damage|p2a: Latios|18/100
|
|-weather|SunnyDay|[upkeep]
|upkeep
|turn|7
|j| nw loader
|
|t:|1760757901
|-end|p1a: chama|Protosynthesis|[silent]
|switch|p1a: maccabi|Hatterene, F|41/100
|move|p2a: Latios|Psychic Noise|p1a: maccabi
|-resisted|p1a: maccabi
|-damage|p1a: maccabi|21/100
|-start|p1a: maccabi|move: Heal Block
|
|-weather|SunnyDay|[upkeep]
|upkeep
|turn|8
|
|t:|1760757909
|move|p2a: Latios|Psychic Noise|p1a: maccabi
|-resisted|p1a: maccabi
|-damage|p1a: maccabi|2/100
|move|p1a: maccabi|Dazzling Gleam|p2a: Latios
|-supereffective|p2a: Latios
|-damage|p2a: Latios|0 fnt
|faint|p2a: Latios
|
|-weather|none
|-end|p1a: maccabi|move: Heal Block
|upkeep
|
|t:|1760757913
|switch|p2a: Samurott|Samurott-Hisui, F|100/100
|turn|9
|
|t:|1760757929
|switch|p1a: mignolet|Great Tusk|100/100
|move|p2a: Samurott|Ceaseless Edge|p1a: mignolet
|-resisted|p1a: mignolet
|-damage|p1a: mignolet|87/100
|-damage|p2a: Samurott|84/100|[from] item: Rocky Helmet|[of] p1a: mignolet
|-sidestart|p1: yesterdaymister|Spikes
|
|upkeep
|turn|10
|
|t:|1760757939
|move|p1a: mignolet|Rapid Spin|p2a: Samurott
|-damage|p2a: Samurott|66/100
|-boost|p1a: mignolet|spe|1
|-sideend|p1: yesterdaymister|Spikes|[from] move: Rapid Spin|[of] p1a: mignolet
|move|p2a: Samurott|Razor Shell|p1a: mignolet
|-supereffective|p1a: mignolet
|-damage|p1a: mignolet|29/100
|-unboost|p1a: mignolet|def|1
|-damage|p2a: Samurott|50/100|[from] item: Rocky Helmet|[of] p1a: mignolet
|
|upkeep
|turn|11
|
|t:|1760757948
|switch|p2a: Gliscor|Gliscor, F, shiny|100/100
|-damage|p2a: Gliscor|88/100|[from] Stealth Rock
|move|p1a: mignolet|Headlong Rush|p2a: Gliscor
|-immune|p2a: Gliscor
|
|-status|p2a: Gliscor|tox|[from] item: Toxic Orb
|upkeep
|turn|12
|
|t:|1760757954
|move|p2a: Gliscor|Protect|p2a: Gliscor
|-singleturn|p2a: Gliscor|Protect
|move|p1a: mignolet|Ice Spinner|p2a: Gliscor
|-activate|p2a: Gliscor|move: Protect
|
|-heal|p2a: Gliscor|100/100 tox|[from] ability: Poison Heal
|upkeep
|turn|13
|
|t:|1760757962
|-terastallize|p2a: Gliscor|Normal
|move|p1a: mignolet|Ice Spinner|p2a: Gliscor
|-damage|p2a: Gliscor|82/100 tox
|move|p2a: Gliscor|Facade|p1a: mignolet
|-damage|p1a: mignolet|0 fnt
|-damage|p2a: Gliscor|65/100 tox|[from] item: Rocky Helmet|[of] p1a: mignolet
|faint|p1a: mignolet
|-end|p1a: mignolet|Protosynthesis|[silent]
|
|-heal|p2a: Gliscor|78/100 tox|[from] ability: Poison Heal
|upkeep
|
|t:|1760757984
|switch|p1a: arda guler|Ninetales, M|100/100
|-weather|SunnyDay|[from] ability: Drought|[of] p1a: arda guler
|turn|14
|
|t:|1760757992
|switch|p1a: maccabi|Hatterene, F|2/100
|move|p2a: Gliscor|Knock Off|p1a: maccabi
|-damage|p1a: maccabi|0 fnt
|faint|p1a: maccabi
|
|-weather|SunnyDay|[upkeep]
|-heal|p2a: Gliscor|90/100 tox|[from] ability: Poison Heal
|upkeep
|
|t:|1760758006
|switch|p1a: chama|Walking Wake|100/100
|-activate|p1a: chama|ability: Protosynthesis
|-start|p1a: chama|protosynthesisspa
|turn|15
|
|t:|1760758009
|move|p2a: Gliscor|Protect|p2a: Gliscor
|-singleturn|p2a: Gliscor|Protect
|move|p1a: chama|Hydro Steam|p2a: Gliscor
|-activate|p2a: Gliscor|move: Protect
|
|-weather|SunnyDay|[upkeep]
|-heal|p2a: Gliscor|100/100 tox|[from] ability: Poison Heal
|upkeep
|turn|16
|
|t:|1760758014
|switch|p2a: Heatran|Heatran, F|85/100 par
|-damage|p2a: Heatran|73/100 par|[from] Stealth Rock
|move|p1a: chama|Hydro Steam|p2a: Heatran
|-supereffective|p2a: Heatran
|-damage|p2a: Heatran|0 fnt
|faint|p2a: Heatran
|
|-weather|SunnyDay|[upkeep]
|upkeep
|
|t:|1760758024
|switch|p2a: Pecharunt|Pecharunt|100/100
|turn|17
|-message|LT121GU Prav33n forfeited.
|
|win|yesterdaymister
|raw|yesterdaymister's rating: 1773 &rarr; <strong>1798</strong><br />(+25 for winning)
|raw|LT121GU Prav33n's rating: 1857 &rarr; <strong>1832</strong><br />(-25 for losing)
|l|☆LT121GU Prav33n
|player|p2|
|l| nw loader
