|j|☆uwontwinprobably
|j|☆Kianchimchar
|t:|1760730693
|gametype|singles
|player|p1|uwontwinprobably|acetrainer-gen4dp|1586
|player|p2|Kianchimchar|266|1646
|gen|9
|tier|[Gen 9] OU
|rated|
|rule|HP Percentage Mod: HP is shown in percentages
|rule|Endless Battle Clause: Forcing endless battles is banned
|rule|Species Clause: Limit one of each Pokémon
|rule|OHKO Clause: OHKO moves are banned
|rule|Evasion Items Clause: Evasion items are banned
|rule|Evasion Moves Clause: Evasion moves are banned
|rule|Evasion Abilities Clause: Evasion abilities are banned
|rule|Sleep Moves Clause: Sleep-inducing moves are banned
|clearpoke
|poke|p1|Enamorus, F|
|poke|p1|Ogerpon-Wellspring, F|
|poke|p1|Volcanion|
|poke|p1|Glastrier|
|poke|p1|Electivire, F|
|poke|p1|Iron Hands|
|poke|p2|Dragonite, F|
|poke|p2|Deoxys-Speed|
|poke|p2|Scizor, M|
|poke|p2|Kyurem|
|poke|p2|Zoroark-Hisui, M|
|poke|p2|Zapdos|
|teampreview
|inactive|Battle timer is ON: inactive players will automatically lose when time's up. (requested by Kianchimchar)
|inactive|uwontwinprobably has 120 seconds left.
|
|t:|1760730729
|teamsize|p1|6
|teamsize|p2|6
|start
|switch|p1a: Electivire|Electivire, F|100/100
|switch|p2a: Zapdos|Zapdos|100/100
|turn|1
|
|t:|1760730731
|move|p2a: Zapdos|Nasty Plot|p2a: Zapdos
|-boost|p2a: Zapdos|spa|2
|move|p1a: Electivire|Ice Punch|p2a: Zapdos
|-damage|p2a: Zapdos|45/100
|-status|p2a: Zapdos|frz
|replace|p2a: Zoroark|Zoroark-Hisui, M
|-end|p2a: Zoroark|Illusion
|
|upkeep
|turn|2
|
|t:|1760730739
|switch|p1a: Ogerpon|Ogerpon-Wellspring, F|100/100
|cant|p2a: Zoroark|frz
|
|upkeep
|turn|3
|c|☆Kianchimchar|Ooo thats nice
|
|t:|1760730742
|move|p1a: Ogerpon|Trailblaze|p2a: Zoroark
|-damage|p2a: Zoroark|0 fnt
|-boost|p1a: Ogerpon|spe|1
|faint|p2a: Zoroark
|
|upkeep
|
|t:|1760730747
|switch|p2a: Deoxys|Deoxys-Speed, shiny|100/100
|-ability|p2a: Deoxys|Pressure
|turn|4
|
|t:|1760730754
|-terastallize|p1a: Ogerpon|Water
|detailschange|p1a: Ogerpon|Ogerpon-Wellspring-Tera, F, tera:Water
|-ability|p1a: Ogerpon|Embody Aspect (Wellspring)|boost
|-boost|p1a: Ogerpon|spd|1
|move|p1a: Ogerpon|Ivy Cudgel|p2a: Deoxys|[anim] Ivy Cudgel Water
|-damage|p2a: Deoxys|3/100
|move|p2a: Deoxys|Thunder Wave|p1a: Ogerpon
|-status|p1a: Ogerpon|par
|
|upkeep
|turn|5
|
|t:|1760730762
|move|p2a: Deoxys|Stealth Rock|p1a: Ogerpon
|-sidestart|p1: uwontwinprobably|move: Stealth Rock
|move|p1a: Ogerpon|Trailblaze|p2a: Deoxys
|-damage|p2a: Deoxys|0 fnt
|-boost|p1a: Ogerpon|spe|1
|-damage|p1a: Ogerpon|84/100 par|[from] item: Rocky Helmet|[of] p2a: Deoxys
|faint|p2a: Deoxys
|
|upkeep
|
|t:|1760730768
|switch|p2a: Kyurem|Kyurem|100/100
|-ability|p2a: Kyurem|Pressure
|turn|6
|
|t:|1760730772
|move|p1a: Ogerpon|Swords Dance|p1a: Ogerpon
|-boost|p1a: Ogerpon|atk|2
|move|p2a: Kyurem|Freeze-Dry|p1a: Ogerpon
|-supereffective|p1a: Ogerpon
|-crit|p1a: Ogerpon
|-damage|p1a: Ogerpon|0 fnt
|faint|p1a: Ogerpon
|detailschange|p1: Ogerpon|Ogerpon-Wellspring, F|[silent]
|
|upkeep
|c|☆uwontwinprobably|lol
|c|☆uwontwinprobably|wow nice crit bro
|c|☆uwontwinprobably|omg
|
|t:|1760730796
|switch|p1a: Enamorus|Enamorus, F|100/100
|-damage|p1a: Enamorus|76/100|[from] Stealth Rock
|turn|7
|
|t:|1760730799
|move|p1a: Enamorus|Moonblast|p2a: Kyurem
|-supereffective|p2a: Kyurem
|-crit|p2a: Kyurem
|-enditem|p2a: Kyurem|Focus Sash
|-damage|p2a: Kyurem|1/100
|move|p2a: Kyurem|Ice Beam|p1a: Enamorus
|-supereffective|p1a: Enamorus
|-damage|p1a: Enamorus|0 fnt
|faint|p1a: Enamorus
|
|upkeep
|
|t:|1760730820
|switch|p1a: Glastrier|Glastrier|100/100
|-damage|p1a: Glastrier|75/100|[from] Stealth Rock
|turn|8
|
|t:|1760730824
|move|p2a: Kyurem|Earth Power|p1a: Glastrier
|-damage|p1a: Glastrier|60/100
|move|p1a: Glastrier|Avalanche|p2a: Kyurem
|-damage|p2a: Kyurem|0 fnt
|faint|p2a: Kyurem
|-ability|p1a: Glastrier|Chilling Neigh|boost
|-boost|p1a: Glastrier|atk|1
|
|upkeep
|
|t:|1760730827
|switch|p2a: Scizor|Scizor, M, shiny|100/100
|turn|9
|
|t:|1760730832
|move|p2a: Scizor|Swords Dance|p2a: Scizor
|-boost|p2a: Scizor|atk|2
|move|p1a: Glastrier|High Horsepower|p2a: Scizor
|-damage|p2a: Scizor|55/100
|-damage|p1a: Glastrier|44/100|[from] item: Rocky Helmet|[of] p2a: Scizor
|
|upkeep
|turn|10
|
|t:|1760730841
|move|p2a: Scizor|Bullet Punch|p1a: Glastrier
|-supereffective|p1a: Glastrier
|-damage|p1a: Glastrier|0 fnt
|faint|p1a: Glastrier
|
|upkeep
|
|t:|1760730844
|switch|p1a: Volcanion|Volcanion|100/100
|-damage|p1a: Volcanion|76/100|[from] Stealth Rock
|turn|11
|
|t:|1760730847
|move|p1a: Volcanion|Steam Eruption|p2a: Scizor
|-damage|p2a: Scizor|0 fnt
|faint|p2a: Scizor
|
|upkeep
|
|t:|1760730850
|switch|p2a: Zapdos|Zapdos|100/100
|turn|12
|c|☆uwontwinprobably|jokes aside
|c|☆uwontwinprobably|gg
|c|☆uwontwinprobably|ez
|
|t:|1760730858
|move|p2a: Zapdos|Brave Bird|p1a: Volcanion
|-damage|p1a: Volcanion|41/100
|-damage|p2a: Zapdos|91/100|[from] Recoil
|move|p1a: Volcanion|Steam Eruption|p2a: Zapdos
|-damage|p2a: Zapdos|2/100
|
|upkeep
|turn|13
|
|t:|1760730862
|move|p2a: Zapdos|Thunder Wave|p1a: Volcanion
|-status|p1a: Volcanion|par
|move|p1a: Volcanion|Steam Eruption|p2a: Zapdos
|-damage|p2a: Zapdos|0 fnt
|faint|p2a: Zapdos
|
|upkeep
|
|t:|1760730865
|switch|p2a: one man army|Dragonite, F, shiny|100/100
|turn|14
|
|t:|1760730867
|move|p2a: one man army|Dragon Dance|p2a: one man army
|-boost|p2a: one man army|atk|1
|-boost|p2a: one man army|spe|1
|cant|p1a: Volcanion|par
|
|upkeep
|turn|15
|
|t:|1760730876
|move|p2a: one man army|Dragon Dance|p2a: one man army
|-boost|p2a: one man army|atk|1
|-boost|p2a: one man army|spe|1
|move|p1a: Volcanion|Steam Eruption|p2a: one man army
|-resisted|p2a: one man army
|-damage|p2a: one man army|76/100
|-status|p2a: one man army|brn
|
|-heal|p2a: one man army|82/100 brn|[from] item: Leftovers
|-damage|p2a: one man army|76/100 brn|[from] brn
|upkeep
|turn|16
|
|t:|1760730889
|move|p2a: one man army|Dragon Dance|p2a: one man army
|-boost|p2a: one man army|atk|1
|-boost|p2a: one man army|spe|1
|move|p1a: Volcanion|Steam Eruption|p2a: one man army
|-resisted|p2a: one man army
|-damage|p2a: one man army|30/100 brn
|
|-heal|p2a: one man army|36/100 brn|[from] item: Leftovers
|-damage|p2a: one man army|30/100 brn|[from] brn
|upkeep
|turn|17
|
|t:|1760730893
|-terastallize|p2a: one man army|Ghost
|move|p2a: one man army|Tera Blast|p1a: Volcanion|[anim] Tera Blast Ghost
|-damage|p1a: Volcanion|0 fnt
|faint|p1a: Volcanion
|
|-heal|p2a: one man army|36/100 brn|[from] item: Leftovers
|-damage|p2a: one man army|30/100 brn|[from] brn
|upkeep
|
|t:|1760730897
|switch|p1a: Iron Hands|Iron Hands|100/100
|-damage|p1a: Iron Hands|94/100|[from] Stealth Rock
|turn|18
|
|t:|1760730901
|move|p2a: one man army|Tera Blast|p1a: Iron Hands|[anim] Tera Blast Ghost
|-damage|p1a: Iron Hands|67/100
|move|p1a: Iron Hands|Supercell Slam|p2a: one man army
|-damage|p2a: one man army|0 fnt
|faint|p2a: one man army
|
|win|uwontwinprobably
|raw|uwontwinprobably's rating: 1586 &rarr; <strong>1609</strong><br />(+23 for winning)
|raw|Kianchimchar's rating: 1646 &rarr; <strong>1623</strong><br />(-23 for losing)
