|j|☆kills your
|j|☆Shubway
|t:|1760840161
|gametype|singles
|player|p1|kills your|iono|1365
|player|p2|Shubway|2|1420
|gen|9
|tier|[Gen 9] OU
|rated|
|rule|HP Percentage Mod: HP is shown in percentages
|rule|Endless Battle Clause: Forcing endless battles is banned
|rule|Species Clause: Limit one of each Pokémon
|rule|OHKO Clause: OHKO moves are banned
|rule|Evasion Items Clause: Evasion items are banned
|rule|Evasion Moves Clause: Evasion moves are banned
|rule|Evasion Abilities Clause: Evasion abilities are banned
|rule|Sleep Moves Clause: Sleep-inducing moves are banned
|clearpoke
|poke|p1|Ninetales, M|
|poke|p1|Hatterene, F|
|poke|p1|Leafeon, M|
|poke|p1|Raging Bolt|
|poke|p1|Great Tusk|
|poke|p1|Walking Wake|
|poke|p2|Ceruledge, F|
|poke|p2|Araquanid, F|
|poke|p2|Serperior, M|
|poke|p2|Tinkaton, F|
|poke|p2|Raging Bolt|
|poke|p2|Iron Valiant|
|teampreview
|inactive|Battle timer is ON: inactive players will automatically lose when time's up. (requested by Shubway)
|
|t:|1760840178
|teamsize|p1|6
|teamsize|p2|6
|start
|switch|p1a: Raging Bolt|Raging Bolt|100/100
|switch|p2a: Iron Valiant|Iron Valiant|100/100
|-enditem|p2a: Iron Valiant|Booster Energy
|-activate|p2a: Iron Valiant|ability: Quark Drive|[fromitem]
|-start|p2a: Iron Valiant|quarkdrivespe
|turn|1
|
|t:|1760840193
|move|p1a: Raging Bolt|Thunderclap||[still]
|-fail|p1a: Raging Bolt
|move|p2a: Iron Valiant|Calm Mind|p2a: Iron Valiant
|-boost|p2a: Iron Valiant|spa|1
|-boost|p2a: Iron Valiant|spd|1
|
|upkeep
|turn|2
|
|t:|1760840217
|-terastallize|p1a: Raging Bolt|Fairy
|move|p2a: Iron Valiant|Moonblast|p1a: Raging Bolt
|-damage|p1a: Raging Bolt|58/100
|move|p1a: Raging Bolt|Volt Switch|p2a: Iron Valiant
|-crit|p2a: Iron Valiant
|-damage|p2a: Iron Valiant|0 fnt
|faint|p2a: Iron Valiant
|-end|p2a: Iron Valiant|Quark Drive|[silent]
|
|t:|1760840227
|-end|p1a: Raging Bolt|Protosynthesis|[silent]
|switch|p1a: Walking Wake|Walking Wake|100/100|[from] Volt Switch
|
|upkeep
|
|t:|1760840234
|switch|p2a: Araquanid|Araquanid, F, shiny|100/100
|turn|3
|
|t:|1760840237
|move|p1a: Walking Wake|Flip Turn|p2a: Araquanid
|-resisted|p2a: Araquanid
|-damage|p2a: Araquanid|92/100
|
|t:|1760840241
|-end|p1a: Walking Wake|Protosynthesis|[silent]
|switch|p1a: Hatterene|Hatterene, F|100/100|[from] Flip Turn
|move|p2a: Araquanid|Infestation|p1a: Hatterene
|-damage|p1a: Hatterene|96/100
|-activate|p1a: Hatterene|move: Infestation|[of] p2a: Araquanid
|-enditem|p1a: Hatterene|Eject Button
|
|t:|1760840245
|switch|p1a: Raging Bolt|Raging Bolt, tera:Fairy|58/100
|
|-heal|p2a: Araquanid|98/100|[from] item: Leftovers
|upkeep
|turn|4
|
|t:|1760840255
|-terastallize|p2a: Araquanid|Ground
|move|p1a: Raging Bolt|Volt Switch|p2a: Araquanid
|-immune|p2a: Araquanid
|move|p2a: Araquanid|Infestation|p1a: Raging Bolt
|-resisted|p1a: Raging Bolt
|-damage|p1a: Raging Bolt|57/100
|-activate|p1a: Raging Bolt|move: Infestation|[of] p2a: Araquanid
|
|-heal|p2a: Araquanid|100/100|[from] item: Leftovers
|-damage|p1a: Raging Bolt|44/100|[from] move: Infestation|[partiallytrapped]
|upkeep
|turn|5
|
|t:|1760840259
|move|p1a: Raging Bolt|Draco Meteor|p2a: Araquanid
|-damage|p2a: Araquanid|37/100
|-unboost|p1a: Raging Bolt|spa|2
|move|p2a: Araquanid|Sticky Web|p1a: Raging Bolt
|-sidestart|p1: kills your|move: Sticky Web
|
|-heal|p2a: Araquanid|43/100|[from] item: Leftovers
|-damage|p1a: Raging Bolt|32/100|[from] move: Infestation|[partiallytrapped]
|upkeep
|turn|6
|
|t:|1760840263
|move|p1a: Raging Bolt|Draco Meteor|p2a: Araquanid
|-damage|p2a: Araquanid|11/100
|-unboost|p1a: Raging Bolt|spa|2
|move|p2a: Araquanid|Liquidation|p1a: Raging Bolt
|-damage|p1a: Raging Bolt|0 fnt
|faint|p1a: Raging Bolt
|-end|p1a: Raging Bolt|Protosynthesis|[silent]
|
|-heal|p2a: Araquanid|18/100|[from] item: Leftovers
|upkeep
|
|t:|1760840267
|switch|p1a: Great Tusk|Great Tusk|100/100
|turn|7
|
|t:|1760840271
|switch|p2a: Ceruledge|Ceruledge, F|100/100
|move|p1a: Great Tusk|Rapid Spin|p2a: Ceruledge
|-immune|p2a: Ceruledge
|
|upkeep
|turn|8
|
|t:|1760840278
|switch|p2a: Serperior|Serperior, M|100/100
|move|p1a: Great Tusk|Headlong Rush|p2a: Serperior
|-resisted|p2a: Serperior
|-damage|p2a: Serperior|66/100
|-unboost|p1a: Great Tusk|def|1
|-unboost|p1a: Great Tusk|spd|1
|
|-heal|p2a: Serperior|73/100|[from] item: Leftovers
|upkeep
|turn|9
|
|t:|1760840287
|-end|p1a: Great Tusk|Protosynthesis|[silent]
|switch|p1a: Ninetales|Ninetales, M|100/100
|-activate|p1a: Ninetales|move: Sticky Web
|-unboost|p1a: Ninetales|spe|1
|-weather|SunnyDay|[from] ability: Drought|[of] p1a: Ninetales
|move|p2a: Serperior|Leaf Storm|p1a: Ninetales
|-resisted|p1a: Ninetales
|-damage|p1a: Ninetales|74/100
|-boost|p2a: Serperior|spa|2
|
|-weather|SunnyDay|[upkeep]
|-heal|p2a: Serperior|79/100|[from] item: Leftovers
|upkeep
|turn|10
|
|t:|1760840292
|move|p2a: Serperior|Glare|p1a: Ninetales
|-status|p1a: Ninetales|par
|move|p1a: Ninetales|Overheat|p2a: Serperior
|-supereffective|p2a: Serperior
|-damage|p2a: Serperior|0 fnt
|-unboost|p1a: Ninetales|spa|2
|faint|p2a: Serperior
|
|-weather|SunnyDay|[upkeep]
|upkeep
|
|t:|1760840296
|switch|p2a: Ceruledge|Ceruledge, F|100/100
|turn|11
|
|t:|1760840300
|move|p2a: Ceruledge|Bulk Up|p2a: Ceruledge
|-boost|p2a: Ceruledge|atk|1
|-boost|p2a: Ceruledge|def|1
|move|p1a: Ninetales|Encore|p2a: Ceruledge
|-start|p2a: Ceruledge|Encore
|
|-weather|SunnyDay|[upkeep]
|upkeep
|turn|12
|
|t:|1760840304
|switch|p1a: Walking Wake|Walking Wake|100/100
|-activate|p1a: Walking Wake|move: Sticky Web
|-unboost|p1a: Walking Wake|spe|1
|-activate|p1a: Walking Wake|ability: Protosynthesis
|-start|p1a: Walking Wake|protosynthesisspa
|move|p2a: Ceruledge|Bulk Up|p2a: Ceruledge
|-boost|p2a: Ceruledge|atk|1
|-boost|p2a: Ceruledge|def|1
|
|-weather|SunnyDay|[upkeep]
|upkeep
|turn|13
|
|t:|1760840307
|switch|p2a: Araquanid|Araquanid, F, shiny, tera:Ground|18/100
|move|p1a: Walking Wake|Hydro Steam|p2a: Araquanid
|-supereffective|p2a: Araquanid
|-damage|p2a: Araquanid|0 fnt
|faint|p2a: Araquanid
|
|-weather|SunnyDay|[upkeep]
|upkeep
|
|t:|1760840309
|switch|p2a: Raging Bolt|Raging Bolt|100/100
|-activate|p2a: Raging Bolt|ability: Protosynthesis
|-start|p2a: Raging Bolt|protosynthesisspa
|turn|14
|
|t:|1760840317
|-end|p1a: Walking Wake|Protosynthesis|[silent]
|switch|p1a: Hatterene|Hatterene, F|96/100
|-activate|p1a: Hatterene|move: Sticky Web
|-unboost|p1a: Hatterene|spe|1
|move|p2a: Raging Bolt|Calm Mind|p2a: Raging Bolt
|-boost|p2a: Raging Bolt|spa|1
|-boost|p2a: Raging Bolt|spd|1
|
|-weather|SunnyDay|[upkeep]
|upkeep
|turn|15
|
|t:|1760840321
|move|p2a: Raging Bolt|Calm Mind|p2a: Raging Bolt
|-boost|p2a: Raging Bolt|spa|1
|-boost|p2a: Raging Bolt|spd|1
|move|p1a: Hatterene|Calm Mind|p1a: Hatterene
|-boost|p1a: Hatterene|spa|1
|-boost|p1a: Hatterene|spd|1
|
|-weather|SunnyDay|[upkeep]
|upkeep
|turn|16
|
|t:|1760840324
|move|p2a: Raging Bolt|Thunderbolt|p1a: Hatterene
|-damage|p1a: Hatterene|33/100
|move|p1a: Hatterene|Calm Mind|p1a: Hatterene
|-boost|p1a: Hatterene|spa|1
|-boost|p1a: Hatterene|spd|1
|
|-weather|none
|-end|p2a: Raging Bolt|Protosynthesis
|upkeep
|turn|17
|
|t:|1760840326
|move|p2a: Raging Bolt|Thunderbolt|p1a: Hatterene
|-damage|p1a: Hatterene|0 fnt
|faint|p1a: Hatterene
|
|upkeep
|
|t:|1760840331
|switch|p1a: Great Tusk|Great Tusk|100/100
|turn|18
|
|t:|1760840338
|move|p1a: Great Tusk|Headlong Rush|p2a: Raging Bolt
|-supereffective|p2a: Raging Bolt
|-damage|p2a: Raging Bolt|38/100
|-unboost|p1a: Great Tusk|def|1
|-unboost|p1a: Great Tusk|spd|1
|move|p2a: Raging Bolt|Dragon Pulse|p1a: Great Tusk
|-damage|p1a: Great Tusk|0 fnt
|faint|p1a: Great Tusk
|-end|p1a: Great Tusk|Protosynthesis|[silent]
|
|-heal|p2a: Raging Bolt|45/100|[from] item: Leftovers
|upkeep
|
|t:|1760840353
|switch|p1a: Ninetales|Ninetales, M|74/100 par
|-activate|p1a: Ninetales|move: Sticky Web
|-unboost|p1a: Ninetales|spe|1
|-weather|SunnyDay|[from] ability: Drought|[of] p1a: Ninetales
|-activate|p2a: Raging Bolt|ability: Protosynthesis
|-start|p2a: Raging Bolt|protosynthesisspa
|turn|19
|
|t:|1760840357
|move|p2a: Raging Bolt|Thunderbolt|p1a: Ninetales
|-damage|p1a: Ninetales|0 fnt
|faint|p1a: Ninetales
|
|-weather|SunnyDay|[upkeep]
|-heal|p2a: Raging Bolt|51/100|[from] item: Leftovers
|upkeep
|
|t:|1760840360
|switch|p1a: Leafeon|Leafeon, M|100/100
|-activate|p1a: Leafeon|move: Sticky Web
|-unboost|p1a: Leafeon|spe|1
|turn|20
|
|t:|1760840366
|move|p1a: Leafeon|Solar Blade||[still]
|-prepare|p1a: Leafeon|Solar Blade
|-anim|p1a: Leafeon|Solar Blade|p2a: Raging Bolt
|-resisted|p2a: Raging Bolt
|-damage|p2a: Raging Bolt|26/100
|-damage|p1a: Leafeon|91/100|[from] item: Life Orb
|move|p2a: Raging Bolt|Dragon Pulse|p1a: Leafeon
|-damage|p1a: Leafeon|0 fnt
|faint|p1a: Leafeon
|
|-weather|SunnyDay|[upkeep]
|-heal|p2a: Raging Bolt|32/100|[from] item: Leftovers
|upkeep
|
|t:|1760840371
|switch|p1a: Walking Wake|Walking Wake|100/100
|-activate|p1a: Walking Wake|move: Sticky Web
|-unboost|p1a: Walking Wake|spe|1
|-activate|p1a: Walking Wake|ability: Protosynthesis
|-start|p1a: Walking Wake|protosynthesisspa
|turn|21
|
|t:|1760840386
|move|p1a: Walking Wake|Hydro Steam|p2a: Raging Bolt
|-resisted|p2a: Raging Bolt
|-damage|p2a: Raging Bolt|8/100
|move|p2a: Raging Bolt|Dragon Pulse|p1a: Walking Wake
|-supereffective|p1a: Walking Wake
|-damage|p1a: Walking Wake|0 fnt
|faint|p1a: Walking Wake
|-end|p1a: Walking Wake|Protosynthesis|[silent]
|
|win|Shubway
|raw|kills your's rating: 1365 &rarr; <strong>1348</strong><br />(-17 for losing)
|raw|Shubway's rating: 1420 &rarr; <strong>1437</strong><br />(+17 for winning)
|l|☆Shubway
|player|p2|
|l|☆kills your
|player|p1|
