|j|☆dct!nightmare
|j|☆SlayerStroker
|t:|1760884068
|gametype|singles
|player|p1|dct!nightmare|giovanni|1222
|player|p2|SlayerStroker|170|1278
|gen|9
|tier|[Gen 9] OU
|rated|
|rule|HP Percentage Mod: HP is shown in percentages
|rule|Endless Battle Clause: Forcing endless battles is banned
|rule|Species Clause: Limit one of each Pokémon
|rule|OHKO Clause: OHKO moves are banned
|rule|Evasion Items Clause: Evasion items are banned
|rule|Evasion Moves Clause: Evasion moves are banned
|rule|Evasion Abilities Clause: Evasion abilities are banned
|rule|Sleep Moves Clause: Sleep-inducing moves are banned
|clearpoke
|poke|p1|Torkoal, F|
|poke|p1|Hatterene, F|
|poke|p1|Raging Bolt|
|poke|p1|Slither Wing|
|poke|p1|Venusaur, F|
|poke|p1|Walking Wake|
|poke|p2|Deoxys-Speed|
|poke|p2|Landorus-Therian, M|
|poke|p2|Darkrai|
|poke|p2|Dragonite, M|
|poke|p2|Primarina, M|
|poke|p2|Rillaboom, F|
|teampreview
|inactive|Battle timer is ON: inactive players will automatically lose when time's up. (requested by dct!nightmare)
|
|t:|1760884076
|teamsize|p1|6
|teamsize|p2|6
|start
|switch|p1a: Hatterene|Hatterene, F|100/100
|switch|p2a: Primarina|Primarina, M|100/100
|-item|p1a: Hatterene|Air Balloon
|turn|1
|
|t:|1760884079
|move|p2a: Primarina|Flip Turn|p1a: Hatterene
|-damage|p1a: Hatterene|89/100
|-enditem|p1a: Hatterene|Air Balloon
|
|t:|1760884085
|switch|p2a: Dragonite|Dragonite, M|100/100|[from] Flip Turn
|move|p1a: Hatterene|Trick Room|p1a: Hatterene
|-fieldstart|move: Trick Room|[of] p1a: Hatterene
|
|upkeep
|turn|2
|
|t:|1760884097
|switch|p1a: Torkoal|Torkoal, F|100/100
|-weather|SunnyDay|[from] ability: Drought|[of] p1a: Torkoal
|switch|p2a: Landorus|Landorus-Therian, M|100/100
|-ability|p2a: Landorus|Intimidate|boost
|-unboost|p1a: Torkoal|atk|1
|
|-weather|SunnyDay|[upkeep]
|upkeep
|turn|3
|
|t:|1760884104
|move|p1a: Torkoal|Eruption|p2a: Landorus
|-damage|p2a: Landorus|0 fnt
|faint|p2a: Landorus
|
|-weather|SunnyDay|[upkeep]
|upkeep
|
|t:|1760884110
|switch|p2a: Primarina|Primarina, M|100/100
|turn|4
|
|t:|1760884116
|move|p1a: Torkoal|Eruption|p2a: Primarina
|-resisted|p2a: Primarina
|-damage|p2a: Primarina|68/100
|move|p2a: Primarina|Surf|p1a: Torkoal
|-supereffective|p1a: Torkoal
|-damage|p1a: Torkoal|38/100
|
|-weather|SunnyDay|[upkeep]
|upkeep
|turn|5
|
|t:|1760884130
|switch|p1a: Walking Wake|Walking Wake|100/100
|-activate|p1a: Walking Wake|ability: Protosynthesis
|-start|p1a: Walking Wake|protosynthesisspe
|move|p2a: Primarina|Moonblast|p1a: Walking Wake
|-supereffective|p1a: Walking Wake
|-damage|p1a: Walking Wake|0 fnt
|faint|p1a: Walking Wake
|-end|p1a: Walking Wake|Protosynthesis|[silent]
|
|-weather|SunnyDay|[upkeep]
|-fieldend|move: Trick Room
|upkeep
|
|t:|1760884142
|switch|p1a: Venusaur|Venusaur, F|100/100
|turn|6
|
|t:|1760884149
|move|p1a: Venusaur|Growth|p1a: Venusaur
|-boost|p1a: Venusaur|atk|2
|-boost|p1a: Venusaur|spa|2
|move|p2a: Primarina|Psychic Noise|p1a: Venusaur
|-supereffective|p1a: Venusaur
|-damage|p1a: Venusaur|27/100
|-start|p1a: Venusaur|move: Heal Block
|
|-weather|SunnyDay|[upkeep]
|upkeep
|turn|7
|
|t:|1760884164
|move|p1a: Venusaur|Weather Ball|p2a: Primarina
|-resisted|p2a: Primarina
|-damage|p2a: Primarina|32/100
|-damage|p1a: Venusaur|17/100|[from] item: Life Orb
|move|p2a: Primarina|Flip Turn|p1a: Venusaur
|-resisted|p1a: Venusaur
|-damage|p1a: Venusaur|11/100
|
|t:|1760884172
|switch|p2a: Deoxys|Deoxys-Speed|100/100|[from] Flip Turn
|-ability|p2a: Deoxys|Pressure
|
|-weather|SunnyDay|[upkeep]
|-end|p1a: Venusaur|move: Heal Block
|upkeep
|turn|8
|
|t:|1760884177
|move|p1a: Venusaur|Giga Drain|p2a: Deoxys
|-damage|p2a: Deoxys|0 fnt
|-heal|p1a: Venusaur|51/100|[from] drain|[of] p2a: Deoxys
|faint|p2a: Deoxys
|-damage|p1a: Venusaur|41/100|[from] item: Life Orb
|
|-weather|SunnyDay|[upkeep]
|upkeep
|
|t:|1760884182
|switch|p2a: Rillaboom|Rillaboom, F|100/100
|-fieldstart|move: Grassy Terrain|[from] ability: Grassy Surge|[of] p2a: Rillaboom
|turn|9
|
|t:|1760884190
|switch|p2a: Primarina|Primarina, M|32/100
|move|p1a: Venusaur|Weather Ball|p2a: Primarina
|-resisted|p2a: Primarina
|-damage|p2a: Primarina|0 fnt
|faint|p2a: Primarina
|-damage|p1a: Venusaur|31/100|[from] item: Life Orb
|
|-weather|none
|-heal|p1a: Venusaur|37/100|[from] Grassy Terrain
|upkeep
|
|t:|1760884197
|switch|p2a: Dragonite|Dragonite, M|100/100
|turn|10
|
|t:|1760884205
|switch|p1a: Torkoal|Torkoal, F|38/100
|-weather|SunnyDay|[from] ability: Drought|[of] p1a: Torkoal
|move|p2a: Dragonite|Dragon Dance|p2a: Dragonite
|-boost|p2a: Dragonite|atk|1
|-boost|p2a: Dragonite|spe|1
|
|-weather|SunnyDay|[upkeep]
|-heal|p1a: Torkoal|44/100|[from] Grassy Terrain
|upkeep
|turn|11
|
|t:|1760884211
|move|p2a: Dragonite|Dragon Dance|p2a: Dragonite
|-boost|p2a: Dragonite|atk|1
|-boost|p2a: Dragonite|spe|1
|move|p1a: Torkoal|Overheat|p2a: Dragonite|[miss]
|-miss|p1a: Torkoal|p2a: Dragonite
|
|-weather|SunnyDay|[upkeep]
|-heal|p1a: Torkoal|50/100|[from] Grassy Terrain
|upkeep
|turn|12
|
|t:|1760884221
|-terastallize|p2a: Dragonite|Normal
|move|p2a: Dragonite|Earthquake|p1a: Torkoal
|-supereffective|p1a: Torkoal
|-damage|p1a: Torkoal|0 fnt
|faint|p1a: Torkoal
|
|-weather|SunnyDay|[upkeep]
|upkeep
|
|t:|1760884226
|switch|p1a: Hatterene|Hatterene, F|89/100
|turn|13
|inactive|dct!nightmare has 120 seconds left.
|
|t:|1760884278
|-terastallize|p1a: Hatterene|Ghost
|move|p2a: Dragonite|Extreme Speed|p1a: Hatterene
|-immune|p1a: Hatterene
|move|p1a: Hatterene|Trick Room|p1a: Hatterene
|-fieldstart|move: Trick Room|[of] p1a: Hatterene
|
|-weather|SunnyDay|[upkeep]
|-heal|p1a: Hatterene|95/100|[from] Grassy Terrain
|-fieldend|move: Grassy Terrain
|upkeep
|turn|14
|inactive|dct!nightmare has 90 seconds left.
|
|t:|1760884309
|move|p1a: Hatterene|Dazzling Gleam|p2a: Dragonite
|-damage|p2a: Dragonite|81/100
|move|p2a: Dragonite|Earthquake|p1a: Hatterene
|-damage|p1a: Hatterene|34/100
|
|-weather|SunnyDay|[upkeep]
|upkeep
|turn|15
|
|t:|1760884336
|move|p1a: Hatterene|Healing Wish|p1a: Hatterene
|faint|p1a: Hatterene
|move|p2a: Dragonite|Earthquake|p1: Hatterene|[notarget]
|-fail|p2a: Dragonite
|
|-weather|SunnyDay|[upkeep]
|upkeep
|
|t:|1760884343
|switch|p1a: Venusaur|Venusaur, F|37/100
|-heal|p1a: Venusaur|100/100|[from] move: Healing Wish
|turn|16
|
|t:|1760884354
|move|p2a: Dragonite|Extreme Speed|p1a: Venusaur
|-damage|p1a: Venusaur|0 fnt
|faint|p1a: Venusaur
|
|-weather|SunnyDay|[upkeep]
|upkeep
|
|t:|1760884358
|switch|p1a: Raging Bolt|Raging Bolt|100/100
|-activate|p1a: Raging Bolt|ability: Protosynthesis
|-start|p1a: Raging Bolt|protosynthesisspa
|turn|17
|
|t:|1760884365
|move|p1a: Raging Bolt|Dragon Pulse|p2a: Dragonite
|-damage|p2a: Dragonite|0 fnt
|faint|p2a: Dragonite
|-damage|p1a: Raging Bolt|91/100|[from] item: Life Orb
|
|-weather|none
|-end|p1a: Raging Bolt|Protosynthesis
|-fieldend|move: Trick Room
|upkeep
|
|t:|1760884369
|switch|p2a: Rillaboom|Rillaboom, F|100/100
|-fieldstart|move: Grassy Terrain|[from] ability: Grassy Surge|[of] p2a: Rillaboom
|turn|18
|
|t:|1760884384
|-end|p1a: Raging Bolt|Protosynthesis|[silent]
|switch|p1a: Slither Wing|Slither Wing|100/100
|move|p2a: Rillaboom|Wood Hammer|p1a: Slither Wing
|-resisted|p1a: Slither Wing
|-damage|p1a: Slither Wing|28/100
|-damage|p2a: Rillaboom|78/100|[from] Recoil
|-damage|p2a: Rillaboom|68/100|[from] item: Life Orb
|
|-heal|p2a: Rillaboom|74/100|[from] Grassy Terrain
|-heal|p1a: Slither Wing|34/100|[from] Grassy Terrain
|upkeep
|turn|19
|
|t:|1760884391
|move|p1a: Slither Wing|First Impression|p2a: Rillaboom
|-supereffective|p2a: Rillaboom
|-damage|p2a: Rillaboom|0 fnt
|faint|p2a: Rillaboom
|
|-heal|p1a: Slither Wing|40/100|[from] Grassy Terrain
|upkeep
|
|t:|1760884393
|switch|p2a: Darkrai|Darkrai|100/100
|turn|20
|
|t:|1760884401
|-end|p1a: Slither Wing|Protosynthesis|[silent]
|switch|p1a: Raging Bolt|Raging Bolt|91/100
|move|p2a: Darkrai|Dark Pulse|p1a: Raging Bolt
|-damage|p1a: Raging Bolt|29/100
|
|-heal|p1a: Raging Bolt|35/100|[from] Grassy Terrain
|upkeep
|turn|21
|
|t:|1760884404
|move|p1a: Raging Bolt|Thunderclap|p2a: Darkrai
|-damage|p2a: Darkrai|24/100
|-damage|p1a: Raging Bolt|25/100|[from] item: Life Orb
|move|p2a: Darkrai|Dark Pulse|p1a: Raging Bolt
|-damage|p1a: Raging Bolt|0 fnt
|faint|p1a: Raging Bolt
|-end|p1a: Raging Bolt|Protosynthesis|[silent]
|
|-heal|p2a: Darkrai|30/100|[from] Grassy Terrain
|upkeep
|
|t:|1760884412
|switch|p1a: Slither Wing|Slither Wing|40/100
|turn|22
|
|t:|1760884414
|move|p1a: Slither Wing|First Impression|p2a: Darkrai
|-supereffective|p2a: Darkrai
|-damage|p2a: Darkrai|0 fnt
|faint|p2a: Darkrai
|
|win|dct!nightmare
|raw|dct!nightmare's rating: 1222 &rarr; <strong>1251</strong><br />(+29 for winning)
|raw|SlayerStroker's rating: 1278 &rarr; <strong>1249</strong><br />(-29 for losing)
