|j|☆tsekaini
|j|☆TsekaiAndIncognito
|t:|1760882453
|gametype|singles
|player|p1|tsekaini|psychic-gen4|
|player|p2|TsekaiAndIncognito|hilbert|
|gen|9
|tier|[Gen 9] OU
|rule|HP Percentage Mod: HP is shown in percentages
|rule|Endless Battle Clause: Forcing endless battles is banned
|rule|Species Clause: Limit one of each Pokémon
|rule|OHKO Clause: OHKO moves are banned
|rule|Evasion Items Clause: Evasion items are banned
|rule|Evasion Moves Clause: Evasion moves are banned
|rule|Evasion Abilities Clause: Evasion abilities are banned
|rule|Sleep Moves Clause: Sleep-inducing moves are banned
|clearpoke
|poke|p1|Volcanion|
|poke|p1|Azelf|
|poke|p1|Heatran, F|
|poke|p1|Dragonite, M|
|poke|p1|Landorus-Therian, M|
|poke|p1|Hatterene, F|
|poke|p2|Heatran, F|
|poke|p2|Dragapult, M|
|poke|p2|Meowscarada, F|
|poke|p2|Kingambit, F|
|poke|p2|Ogerpon-Wellspring, F|
|poke|p2|Iron Hands|
|teampreview
|inactive|Battle timer is ON: inactive players will automatically lose when time's up. (requested by TsekaiAndIncognito)
|
|t:|1760882468
|teamsize|p1|6
|teamsize|p2|6
|start
|switch|p1a: Azelf|Azelf|100/100
|switch|p2a: Dragapult|Dragapult, M, shiny|100/100
|turn|1
|
|t:|1760882472
|switch|p2a: Ogerpon|Ogerpon-Wellspring, F|100/100
|move|p1a: Azelf|U-turn|p2a: Ogerpon
|-supereffective|p2a: Ogerpon
|-damage|p2a: Ogerpon|37/100
|
|t:|1760882479
|switch|p1a: Landorus|Landorus-Therian, M|100/100|[from] U-turn
|-ability|p1a: Landorus|Intimidate|boost
|-unboost|p2a: Ogerpon|atk|1
|
|upkeep
|turn|2
|
|t:|1760882485
|move|p2a: Ogerpon|Ivy Cudgel|p1a: Landorus|[anim] Ivy Cudgel Water
|-supereffective|p1a: Landorus
|-damage|p1a: Landorus|19/100
|move|p1a: Landorus|Earth Power|p2a: Ogerpon
|-resisted|p2a: Ogerpon
|-damage|p2a: Ogerpon|17/100
|
|upkeep
|turn|3
|
|t:|1760882493
|move|p2a: Ogerpon|Power Whip|p1a: Landorus
|-damage|p1a: Landorus|0 fnt
|-damage|p2a: Ogerpon|1/100|[from] item: Rocky Helmet|[of] p1a: Landorus
|faint|p1a: Landorus
|
|upkeep
|
|t:|1760882497
|switch|p1a: Azelf|Azelf|100/100
|turn|4
|
|t:|1760882503
|move|p1a: Azelf|U-turn|p2a: Ogerpon
|-supereffective|p2a: Ogerpon
|-damage|p2a: Ogerpon|0 fnt
|faint|p2a: Ogerpon
|
|t:|1760882507
|switch|p1a: Dragonite|Dragonite, M|100/100|[from] U-turn
|
|upkeep
|
|t:|1760882511
|switch|p2a: Meowscarada|Meowscarada, F, shiny|100/100
|turn|5
|
|t:|1760882513
|-terastallize|p1a: Dragonite|Normal
|move|p1a: Dragonite|Extreme Speed|p2a: Meowscarada
|-damage|p2a: Meowscarada|0 fnt
|faint|p2a: Meowscarada
|
|upkeep
|
|t:|1760882518
|switch|p2a: Dragapult|Dragapult, M, shiny|100/100
|turn|6
|
|t:|1760882524
|switch|p1a: Hatterene|Hatterene, F|100/100
|-terastallize|p2a: Dragapult|Ghost
|move|p2a: Dragapult|Shadow Ball|p1a: Hatterene
|-supereffective|p1a: Hatterene
|-damage|p1a: Hatterene|11/100
|
|upkeep
|turn|7
|
|t:|1760882526
|move|p2a: Dragapult|Shadow Ball|p1a: Hatterene
|-supereffective|p1a: Hatterene
|-damage|p1a: Hatterene|0 fnt
|faint|p1a: Hatterene
|
|upkeep
|
|t:|1760882528
|switch|p1a: Dragonite|Dragonite, M, tera:Normal|100/100
|turn|8
|
|t:|1760882538
|switch|p2a: Heatran|Heatran, F|100/100
|move|p1a: Dragonite|Outrage|p2a: Heatran
|-resisted|p2a: Heatran
|-damage|p2a: Heatran|48/100
|
|upkeep
|turn|9
|
|t:|1760882545
|move|p1a: Dragonite|Outrage|p2a: Heatran|[from] lockedmove
|-resisted|p2a: Heatran
|-damage|p2a: Heatran|0 fnt
|faint|p2a: Heatran
|-start|p1a: Dragonite|confusion|[fatigue]
|
|upkeep
|
|t:|1760882549
|switch|p2a: LeBron James|Iron Hands, shiny|100/100
|-enditem|p2a: LeBron James|Booster Energy
|-activate|p2a: LeBron James|ability: Quark Drive|[fromitem]
|-start|p2a: LeBron James|quarkdriveatk
|turn|10
|
|t:|1760882551
|-activate|p1a: Dragonite|confusion
|move|p1a: Dragonite|Outrage|p2a: LeBron James
|-damage|p2a: LeBron James|34/100
|move|p2a: LeBron James|Swords Dance|p2a: LeBron James
|-boost|p2a: LeBron James|atk|2
|
|upkeep
|turn|11
|
|t:|1760882554
|-end|p1a: Dragonite|confusion
|move|p1a: Dragonite|Outrage|p2a: LeBron James|[from] lockedmove
|-crit|p2a: LeBron James
|-damage|p2a: LeBron James|0 fnt
|faint|p2a: LeBron James
|-end|p2a: LeBron James|Quark Drive|[silent]
|-start|p1a: Dragonite|confusion|[fatigue]
|
|upkeep
|
|t:|1760882562
|switch|p2a: Kingambit|Kingambit, F|100/100
|-activate|p2a: Kingambit|ability: Supreme Overlord
|-start|p2a: Kingambit|fallen4|[silent]
|turn|12
|
|t:|1760882566
|-activate|p1a: Dragonite|confusion
|move|p1a: Dragonite|Outrage|p2a: Kingambit
|-resisted|p2a: Kingambit
|-damage|p2a: Kingambit|75/100
|move|p2a: Kingambit|Swords Dance|p2a: Kingambit
|-boost|p2a: Kingambit|atk|2
|
|upkeep
|turn|13
|
|t:|1760882569
|-activate|p1a: Dragonite|confusion
|move|p1a: Dragonite|Outrage|p2a: Kingambit|[from] lockedmove
|-resisted|p2a: Kingambit
|-damage|p2a: Kingambit|49/100
|move|p2a: Kingambit|Swords Dance|p2a: Kingambit
|-boost|p2a: Kingambit|atk|2
|
|upkeep
|turn|14
|
|t:|1760882575
|-end|p1a: Dragonite|confusion
|move|p1a: Dragonite|Outrage|p2a: Kingambit
|-resisted|p2a: Kingambit
|-damage|p2a: Kingambit|21/100
|move|p2a: Kingambit|Swords Dance|p2a: Kingambit
|-boost|p2a: Kingambit|atk|2
|
|upkeep
|turn|15
|
|t:|1760882580
|move|p2a: Kingambit|Sucker Punch|p1a: Dragonite
|-damage|p1a: Dragonite|4/100
|move|p1a: Dragonite|Outrage|p2a: Kingambit|[from] lockedmove
|-resisted|p2a: Kingambit
|-damage|p2a: Kingambit|0 fnt
|faint|p2a: Kingambit
|-end|p2a: Kingambit|fallen4|[silent]
|
|upkeep
|-message|TsekaiAndIncognito forfeited.
|
|win|tsekaini
|l|☆TsekaiAndIncognito
|player|p2|
