|j|☆SpongeGar & Patar
|j|☆Migstaper
|t:|1760878716
|gametype|singles
|player|p1|SpongeGar & Patar|101|1826
|player|p2|Migstaper|ltsurge|1709
|gen|9
|tier|[Gen 9] OU
|rated|
|rule|HP Percentage Mod: HP is shown in percentages
|rule|Endless Battle Clause: Forcing endless battles is banned
|rule|Species Clause: Limit one of each Pokémon
|rule|OHKO Clause: OHKO moves are banned
|rule|Evasion Items Clause: Evasion items are banned
|rule|Evasion Moves Clause: Evasion moves are banned
|rule|Evasion Abilities Clause: Evasion abilities are banned
|rule|Sleep Moves Clause: Sleep-inducing moves are banned
|clearpoke
|poke|p1|Kyurem|
|poke|p1|Corviknight, F|
|poke|p1|Ting-Lu|
|poke|p1|Dondozo, F|
|poke|p1|Slowking-Galar, L99, F|
|poke|p1|Cinderace, M|
|poke|p2|Enamorus, F|
|poke|p2|Iron Valiant|
|poke|p2|Darkrai|
|poke|p2|Dragonite, M|
|poke|p2|Great Tusk|
|poke|p2|Kingambit, M|
|teampreview
|inactive|Battle timer is ON: inactive players will automatically lose when time's up. (requested by Migstaper)
|
|t:|1760878766
|teamsize|p1|6
|teamsize|p2|6
|start
|switch|p1a: Kyurem|Kyurem|100/100
|switch|p2a: Read the Bible|Enamorus, F, shiny|100/100
|-ability|p1a: Kyurem|Pressure
|turn|1
|inactive|SpongeGar & Patar also wants the timer to be on.
|inactive|SpongeGar & Patar has 120 seconds left.
|
|t:|1760878814
|-terastallize|p1a: Kyurem|Ground
|move|p2a: Read the Bible|Moonblast|p1a: Kyurem
|-damage|p1a: Kyurem|35/100
|-damage|p2a: Read the Bible|90/100|[from] item: Life Orb
|move|p1a: Kyurem|Freeze-Dry|p2a: Read the Bible
|-supereffective|p2a: Read the Bible
|-damage|p2a: Read the Bible|0 fnt
|faint|p2a: Read the Bible
|
|-heal|p1a: Kyurem|41/100|[from] item: Leftovers
|upkeep
|
|t:|1760878836
|switch|p2a: Krai baby|Darkrai, shiny|100/100
|turn|2
|inactive|SpongeGar & Patar has 90 seconds left.
|j| Dragonlatios1
|
|t:|1760878885
|move|p1a: Kyurem|Protect|p1a: Kyurem
|-singleturn|p1a: Kyurem|Protect
|move|p2a: Krai baby|Ice Beam|p1a: Kyurem
|-activate|p1a: Kyurem|move: Protect
|
|-heal|p1a: Kyurem|47/100|[from] item: Leftovers
|upkeep
|turn|3
|inactive|SpongeGar & Patar has 60 seconds left.
|j| ADM02
|j| nsdede
|
|t:|1760878933
|switch|p1a: Dondozo|Dondozo, F|100/100
|move|p2a: Krai baby|Ice Beam|p1a: Dondozo
|-resisted|p1a: Dondozo
|-damage|p1a: Dondozo|77/100
|
|-heal|p1a: Dondozo|83/100|[from] item: Leftovers
|upkeep
|turn|4
|
|t:|1760878947
|switch|p2a: Righteousness|Iron Valiant, shiny|100/100
|-enditem|p2a: Righteousness|Booster Energy
|-activate|p2a: Righteousness|ability: Quark Drive|[fromitem]
|-start|p2a: Righteousness|quarkdrivespe
|move|p1a: Dondozo|Body Press|p2a: Righteousness
|-resisted|p2a: Righteousness
|-damage|p2a: Righteousness|82/100
|
|-heal|p1a: Dondozo|89/100|[from] item: Leftovers
|upkeep
|turn|5
|
|t:|1760878958
|move|p2a: Righteousness|Shadow Ball|p1a: Dondozo
|-crit|p1a: Dondozo
|-damage|p1a: Dondozo|50/100
|-unboost|p1a: Dondozo|spd|1
|move|p1a: Dondozo|Waterfall|p2a: Righteousness
|-damage|p2a: Righteousness|44/100
|
|-heal|p1a: Dondozo|57/100|[from] item: Leftovers
|upkeep
|turn|6
|l| nsdede
|
|t:|1760878968
|switch|p1a: Slowking|Slowking-Galar, L99, F|100/100
|move|p2a: Righteousness|Shadow Ball|p1a: Slowking
|-supereffective|p1a: Slowking
|-damage|p1a: Slowking|67/100
|
|upkeep
|turn|7
|
|t:|1760878983
|-terastallize|p2a: Righteousness|Ghost
|move|p2a: Righteousness|Shadow Ball|p1a: Slowking
|-supereffective|p1a: Slowking
|-damage|p1a: Slowking|17/100
|move|p1a: Slowking|Sludge Bomb|p2a: Righteousness
|-resisted|p2a: Righteousness
|-damage|p2a: Righteousness|13/100
|
|upkeep
|turn|8
|inactive|SpongeGar & Patar has 60 seconds left.
|
|t:|1760878995
|switch|p1a: Ting-Lu|Ting-Lu|100/100
|-ability|p1a: Ting-Lu|Vessel of Ruin
|move|p2a: Righteousness|Shadow Ball|p1a: Ting-Lu
|-resisted|p1a: Ting-Lu
|-damage|p1a: Ting-Lu|92/100
|
|-heal|p1a: Ting-Lu|98/100|[from] item: Leftovers
|upkeep
|turn|9
|inactive|SpongeGar & Patar has 60 seconds left.
|
|t:|1760879006
|-end|p2a: Righteousness|Quark Drive|[silent]
|switch|p2a: Habakkuk|Dragonite, M, shiny|100/100
|move|p1a: Ting-Lu|Payback|p2a: Habakkuk
|-damage|p2a: Habakkuk|90/100
|
|-heal|p1a: Ting-Lu|100/100|[from] item: Leftovers
|upkeep
|turn|10
|inactive|SpongeGar & Patar has 60 seconds left.
|
|t:|1760879017
|move|p2a: Habakkuk|Dragon Dance|p2a: Habakkuk
|-boost|p2a: Habakkuk|atk|1
|-boost|p2a: Habakkuk|spe|1
|move|p1a: Ting-Lu|Payback|p2a: Habakkuk
|-damage|p2a: Habakkuk|48/100
|
|upkeep
|turn|11
|inactive|SpongeGar & Patar has 60 seconds left.
|
|t:|1760879027
|move|p2a: Habakkuk|Outrage|p1a: Ting-Lu
|-damage|p1a: Ting-Lu|45/100
|move|p1a: Ting-Lu|Payback|p2a: Habakkuk
|-damage|p2a: Habakkuk|6/100
|
|-heal|p1a: Ting-Lu|51/100|[from] item: Leftovers
|upkeep
|turn|12
|
|t:|1760879036
|switch|p1a: Corviknight|Corviknight, F|100/100
|-ability|p1a: Corviknight|Pressure
|move|p2a: Habakkuk|Outrage|p1a: Corviknight|[from] lockedmove
|-resisted|p1a: Corviknight
|-damage|p1a: Corviknight|69/100
|-damage|p2a: Habakkuk|0 fnt|[from] item: Rocky Helmet|[of] p1a: Corviknight
|faint|p2a: Habakkuk
|
|upkeep
|
|t:|1760879052
|switch|p2a: Krai baby|Darkrai, shiny|100/100
|turn|13
|
|t:|1760879061
|move|p2a: Krai baby|Focus Blast|p1a: Corviknight|[miss]
|-miss|p2a: Krai baby|p1a: Corviknight
|move|p1a: Corviknight|U-turn|p2a: Krai baby
|-supereffective|p2a: Krai baby
|-damage|p2a: Krai baby|62/100
|
|t:|1760879071
|switch|p1a: Slowking|Slowking-Galar, L99, F|51/100|[from] U-turn
|
|upkeep
|turn|14
|
|t:|1760879080
|switch|p2a: No condemnation|Kingambit, M, shiny|100/100
|-activate|p2a: No condemnation|ability: Supreme Overlord
|-start|p2a: No condemnation|fallen2|[silent]
|-prepare|p1a: Slowking|Chilly Reception|[premajor]
|move|p1a: Slowking|Chilly Reception|p1a: Slowking
|-weather|Snowscape
|
|t:|1760879089
|switch|p1a: Kyurem|Kyurem, tera:Ground|47/100|[from] Chilly Reception
|-ability|p1a: Kyurem|Pressure
|
|-weather|Snowscape|[upkeep]
|-heal|p1a: Kyurem|53/100|[from] item: Leftovers
|upkeep
|turn|15
|
|t:|1760879099
|move|p1a: Kyurem|Earth Power|p2a: No condemnation
|-supereffective|p2a: No condemnation
|-damage|p2a: No condemnation|39/100
|move|p2a: No condemnation|Kowtow Cleave|p1a: Kyurem
|-damage|p1a: Kyurem|0 fnt
|faint|p1a: Kyurem
|
|-weather|Snowscape|[upkeep]
|upkeep
|
|t:|1760879110
|switch|p1a: Cinderace|Cinderace, M|100/100
|turn|16
|
|t:|1760879120
|move|p2a: No condemnation|Sucker Punch||[still]
|-fail|p2a: No condemnation
|move|p1a: Cinderace|Will-O-Wisp|p2a: No condemnation
|-status|p2a: No condemnation|brn
|
|-weather|Snowscape|[upkeep]
|-damage|p2a: No condemnation|33/100 brn|[from] brn
|upkeep
|turn|17
|inactive|SpongeGar & Patar has 90 seconds left.
|
|t:|1760879129
|switch|p1a: Ting-Lu|Ting-Lu|51/100
|-ability|p1a: Ting-Lu|Vessel of Ruin
|move|p2a: No condemnation|Sucker Punch||[still]
|-fail|p2a: No condemnation
|
|-weather|Snowscape|[upkeep]
|-heal|p1a: Ting-Lu|58/100|[from] item: Leftovers
|-damage|p2a: No condemnation|27/100 brn|[from] brn
|upkeep
|turn|18
|inactive|SpongeGar & Patar has 90 seconds left.
|j| nsdede
|inactive|SpongeGar & Patar has 60 seconds left.
|
|t:|1760879179
|move|p2a: No condemnation|Brick Break|p1a: Ting-Lu
|-supereffective|p1a: Ting-Lu
|-damage|p1a: Ting-Lu|36/100
|move|p1a: Ting-Lu|Earthquake|p2a: No condemnation
|-supereffective|p2a: No condemnation
|-damage|p2a: No condemnation|0 fnt
|faint|p2a: No condemnation
|-end|p2a: No condemnation|fallen2|[silent]
|
|-weather|none
|-heal|p1a: Ting-Lu|43/100|[from] item: Leftovers
|upkeep
|
|t:|1760879202
|switch|p2a: Krai baby|Darkrai, shiny|62/100
|turn|19
|l| Dragonlatios1
|inactive|SpongeGar & Patar has 60 seconds left.
|inactive|SpongeGar & Patar has 30 seconds left.
|
|t:|1760879250
|switch|p1a: Slowking|Slowking-Galar, L99, F|84/100
|move|p2a: Krai baby|Ice Beam|p1a: Slowking
|-crit|p1a: Slowking
|-damage|p1a: Slowking|44/100
|
|upkeep
|turn|20
|inactive|SpongeGar & Patar has 30 seconds left.
|
|t:|1760879260
|move|p2a: Krai baby|Ice Beam|p1a: Slowking
|-damage|p1a: Slowking|15/100
|move|p1a: Slowking|Sludge Bomb|p2a: Krai baby
|-damage|p2a: Krai baby|16/100
|
|upkeep
|turn|21
|
|t:|1760879269
|switch|p1a: Cinderace|Cinderace, M|100/100
|move|p2a: Krai baby|Ice Beam|p1a: Cinderace
|-resisted|p1a: Cinderace
|-damage|p1a: Cinderace|70/100
|
|upkeep
|turn|22
|
|t:|1760879278
|move|p2a: Krai baby|Ice Beam|p1a: Cinderace
|-resisted|p1a: Cinderace
|-damage|p1a: Cinderace|39/100
|move|p1a: Cinderace|U-turn|p2a: Krai baby
|-supereffective|p2a: Krai baby
|-damage|p2a: Krai baby|0 fnt
|faint|p2a: Krai baby
|j| chemfruit
|l| chemfruit
|
|t:|1760879287
|switch|p1a: Dondozo|Dondozo, F|57/100|[from] U-turn
|
|-heal|p1a: Dondozo|63/100|[from] item: Leftovers
|upkeep
|
|t:|1760879294
|switch|p2a: Righteousness|Iron Valiant, shiny, tera:Ghost|13/100
|turn|23
|
|t:|1760879302
|move|p2a: Righteousness|Shadow Ball|p1a: Dondozo
|-damage|p1a: Dondozo|26/100
|-unboost|p1a: Dondozo|spd|1
|move|p1a: Dondozo|Waterfall|p2a: Righteousness
|-damage|p2a: Righteousness|0 fnt
|faint|p2a: Righteousness
|-end|p2a: Righteousness|Quark Drive|[silent]
|
|-heal|p1a: Dondozo|32/100|[from] item: Leftovers
|upkeep
|
|t:|1760879313
|switch|p2a: ROMANS 10:9|Great Tusk, shiny|100/100
|-enditem|p2a: ROMANS 10:9|Booster Energy
|-activate|p2a: ROMANS 10:9|ability: Protosynthesis|[fromitem]
|-start|p2a: ROMANS 10:9|protosynthesisatk
|turn|24
|inactive|SpongeGar & Patar has 60 seconds left.
|
|t:|1760879341
|move|p2a: ROMANS 10:9|Rapid Spin|p1a: Dondozo
|-damage|p1a: Dondozo|23/100
|-boost|p2a: ROMANS 10:9|spe|1
|move|p1a: Dondozo|Waterfall|p2a: ROMANS 10:9
|-supereffective|p2a: ROMANS 10:9
|-damage|p2a: ROMANS 10:9|60/100
|
|-heal|p1a: Dondozo|29/100|[from] item: Leftovers
|upkeep
|turn|25
|
|t:|1760879354
|switch|p1a: Corviknight|Corviknight, F|69/100
|-ability|p1a: Corviknight|Pressure
|move|p2a: ROMANS 10:9|Close Combat|p1a: Corviknight
|-damage|p1a: Corviknight|21/100
|-unboost|p2a: ROMANS 10:9|def|1
|-unboost|p2a: ROMANS 10:9|spd|1
|-damage|p2a: ROMANS 10:9|43/100|[from] item: Rocky Helmet|[of] p1a: Corviknight
|
|upkeep
|turn|26
|
|t:|1760879368
|move|p2a: ROMANS 10:9|Close Combat|p1a: Corviknight
|-damage|p1a: Corviknight|0 fnt
|-unboost|p2a: ROMANS 10:9|def|1
|-unboost|p2a: ROMANS 10:9|spd|1
|-damage|p2a: ROMANS 10:9|27/100|[from] item: Rocky Helmet|[of] p1a: Corviknight
|faint|p1a: Corviknight
|
|upkeep
|
|t:|1760879376
|switch|p1a: Slowking|Slowking-Galar, L99, F|48/100
|turn|27
|
|t:|1760879384
|switch|p1a: Ting-Lu|Ting-Lu|43/100
|-ability|p1a: Ting-Lu|Vessel of Ruin
|move|p2a: ROMANS 10:9|Headlong Rush|p1a: Ting-Lu
|-damage|p1a: Ting-Lu|0 fnt
|-unboost|p2a: ROMANS 10:9|def|1
|-unboost|p2a: ROMANS 10:9|spd|1
|faint|p1a: Ting-Lu
|
|upkeep
|
|t:|1760879392
|switch|p1a: Slowking|Slowking-Galar, L99, F|82/100
|turn|28
|
|t:|1760879400
|switch|p1a: Dondozo|Dondozo, F|29/100
|move|p2a: ROMANS 10:9|Headlong Rush|p1a: Dondozo
|-damage|p1a: Dondozo|0 fnt
|-unboost|p2a: ROMANS 10:9|def|1
|-unboost|p2a: ROMANS 10:9|spd|1
|faint|p1a: Dondozo
|
|upkeep
|
|t:|1760879407
|switch|p1a: Cinderace|Cinderace, M|39/100
|turn|29
|
|t:|1760879414
|switch|p1a: Slowking|Slowking-Galar, L99, F|100/100
|move|p2a: ROMANS 10:9|Headlong Rush|p1a: Slowking
|-supereffective|p1a: Slowking
|-damage|p1a: Slowking|0 fnt
|-unboost|p2a: ROMANS 10:9|def|1
|-unboost|p2a: ROMANS 10:9|spd|1
|faint|p1a: Slowking
|
|upkeep
|
|t:|1760879418
|switch|p1a: Cinderace|Cinderace, M|39/100
|turn|30
|
|t:|1760879425
|move|p2a: ROMANS 10:9|Headlong Rush|p1a: Cinderace
|-supereffective|p1a: Cinderace
|-damage|p1a: Cinderace|0 fnt
|-unboost|p2a: ROMANS 10:9|def|1
|-unboost|p2a: ROMANS 10:9|spd|1
|faint|p1a: Cinderace
|
|win|Migstaper
|raw|SpongeGar &amp; Patar's rating: 1826 &rarr; <strong>1800</strong><br />(-26 for losing)
|raw|Migstaper's rating: 1709 &rarr; <strong>1735</strong><br />(+26 for winning)
|l|☆SpongeGar & Patar
|player|p1|
|l| nsdede
|c|☆Migstaper|Gg
|l|☆Migstaper
|player|p2|
|j|☆Migstaper
|player|p2|Migstaper|ltsurge|
