|j|☆steezy1
|j|☆Battle_Medic
|t:|1760867065
|gametype|singles
|player|p1|steezy1|1|1323
|player|p2|Battle_Medic|169|1273
|gen|9
|tier|[Gen 9] OU
|rated|
|rule|HP Percentage Mod: HP is shown in percentages
|rule|Endless Battle Clause: Forcing endless battles is banned
|rule|Species Clause: Limit one of each Pokémon
|rule|OHKO Clause: OHKO moves are banned
|rule|Evasion Items Clause: Evasion items are banned
|rule|Evasion Moves Clause: Evasion moves are banned
|rule|Evasion Abilities Clause: Evasion abilities are banned
|rule|Sleep Moves Clause: Sleep-inducing moves are banned
|clearpoke
|poke|p1|Quaquaval, F|
|poke|p1|Rotom-Mow|
|poke|p1|Excadrill, F|
|poke|p1|Darkrai|
|poke|p1|Kyurem|
|poke|p1|Gholdengo|
|poke|p2|Gastrodon, F|
|poke|p2|Tyranitar, M|
|poke|p2|Great Tusk|
|poke|p2|Gholdengo|
|poke|p2|Moltres|
|poke|p2|Excadrill, F|
|teampreview
|
|t:|1760867083
|teamsize|p1|6
|teamsize|p2|6
|start
|switch|p1a: Rotom|Rotom-Mow|100/100
|switch|p2a: Tyranitar|Tyranitar, M|100/100
|-weather|Sandstorm|[from] ability: Sand Stream|[of] p2a: Tyranitar
|turn|1
|
|t:|1760867098
|switch|p2a: Gholdengo|Gholdengo|100/100
|move|p1a: Rotom|Will-O-Wisp|p2a: Gholdengo
|-immune|p2a: Gholdengo|[from] ability: Good as Gold
|
|-weather|Sandstorm|[upkeep]
|-damage|p1a: Rotom|94/100|[from] Sandstorm
|upkeep
|turn|2
|
|t:|1760867115
|switch|p1a: Quaquaval|Quaquaval, F|100/100
|move|p2a: Gholdengo|Nasty Plot|p2a: Gholdengo
|-boost|p2a: Gholdengo|spa|2
|
|-weather|Sandstorm|[upkeep]
|-damage|p1a: Quaquaval|94/100|[from] Sandstorm
|-heal|p1a: Quaquaval|100/100|[from] item: Leftovers
|upkeep
|turn|3
|
|t:|1760867124
|move|p1a: Quaquaval|Aqua Step|p2a: Gholdengo
|-damage|p2a: Gholdengo|75/100
|-boost|p1a: Quaquaval|spe|1
|move|p2a: Gholdengo|Shadow Ball|p1a: Quaquaval
|-damage|p1a: Quaquaval|0 fnt
|faint|p1a: Quaquaval
|-damage|p2a: Gholdengo|65/100|[from] item: Life Orb
|
|-weather|Sandstorm|[upkeep]
|upkeep
|
|t:|1760867130
|switch|p1a: Darkrai|Darkrai|100/100
|turn|4
|
|t:|1760867136
|-terastallize|p2a: Gholdengo|Fairy
|move|p1a: Darkrai|Dark Pulse|p2a: Gholdengo
|-resisted|p2a: Gholdengo
|-damage|p2a: Gholdengo|33/100
|move|p2a: Gholdengo|Make It Rain|p1a: Darkrai
|-damage|p1a: Darkrai|0 fnt
|-unboost|p2a: Gholdengo|spa|1
|faint|p1a: Darkrai
|-damage|p2a: Gholdengo|23/100|[from] item: Life Orb
|
|-weather|Sandstorm|[upkeep]
|-damage|p2a: Gholdengo|17/100|[from] Sandstorm
|upkeep
|
|t:|1760867140
|switch|p1a: Rotom|Rotom-Mow|94/100
|turn|5
|
|t:|1760867147
|move|p1a: Rotom|Volt Switch|p2a: Gholdengo
|-damage|p2a: Gholdengo|0 fnt
|faint|p2a: Gholdengo
|
|t:|1760867153
|switch|p1a: Gholdengo|Gholdengo|100/100|[from] Volt Switch
|-item|p1a: Gholdengo|Air Balloon
|
|-weather|Sandstorm|[upkeep]
|upkeep
|
|t:|1760867157
|switch|p2a: Moltres|Moltres|100/100
|turn|6
|
|t:|1760867164
|move|p2a: Moltres|Flamethrower|p1a: Gholdengo
|-supereffective|p1a: Gholdengo
|-damage|p1a: Gholdengo|29/100
|-enditem|p1a: Gholdengo|Air Balloon
|move|p1a: Gholdengo|Thunderbolt|p2a: Moltres
|-supereffective|p2a: Moltres
|-damage|p2a: Moltres|30/100
|
|-weather|Sandstorm|[upkeep]
|upkeep
|turn|7
|
|t:|1760867177
|move|p2a: Moltres|Flamethrower|p1a: Gholdengo
|-supereffective|p1a: Gholdengo
|-damage|p1a: Gholdengo|0 fnt
|faint|p1a: Gholdengo
|
|-weather|Sandstorm|[upkeep]
|upkeep
|
|t:|1760867181
|switch|p1a: Kyurem|Kyurem|100/100
|-ability|p1a: Kyurem|Pressure
|turn|8
|
|t:|1760867191
|move|p1a: Kyurem|Dragon Dance|p1a: Kyurem
|-boost|p1a: Kyurem|atk|1
|-boost|p1a: Kyurem|spe|1
|move|p2a: Moltres|Will-O-Wisp|p1a: Kyurem
|-status|p1a: Kyurem|brn
|
|-weather|none
|-damage|p1a: Kyurem|94/100 brn|[from] brn
|upkeep
|turn|9
|
|t:|1760867197
|move|p1a: Kyurem|Dragon Dance|p1a: Kyurem
|-boost|p1a: Kyurem|atk|1
|-boost|p1a: Kyurem|spe|1
|move|p2a: Moltres|Flamethrower|p1a: Kyurem
|-damage|p1a: Kyurem|56/100 brn
|
|-damage|p1a: Kyurem|50/100 brn|[from] brn
|upkeep
|turn|10
|
|t:|1760867204
|move|p1a: Kyurem|Icicle Spear|p2a: Moltres
|-damage|p2a: Moltres|21/100
|-damage|p2a: Moltres|12/100
|-damage|p2a: Moltres|3/100
|-damage|p2a: Moltres|0 fnt
|faint|p2a: Moltres
|-hitcount|p2: Moltres|4
|
|-damage|p1a: Kyurem|44/100 brn|[from] brn
|upkeep
|
|t:|1760867208
|switch|p2a: Tyranitar|Tyranitar, M|100/100
|-weather|Sandstorm|[from] ability: Sand Stream|[of] p2a: Tyranitar
|turn|11
|
|t:|1760867219
|switch|p2a: Great Tusk|Great Tusk|100/100
|move|p1a: Kyurem|Scale Shot|p2a: Great Tusk
|-damage|p2a: Great Tusk|92/100
|-damage|p2a: Great Tusk|83/100
|-damage|p2a: Great Tusk|73/100
|-damage|p2a: Great Tusk|64/100
|-damage|p2a: Great Tusk|55/100
|-hitcount|p2a: Great Tusk|5
|-unboost|p1a: Kyurem|def|1
|-boost|p1a: Kyurem|spe|1
|
|-weather|Sandstorm|[upkeep]
|-damage|p1a: Kyurem|38/100 brn|[from] Sandstorm
|-damage|p1a: Kyurem|31/100 brn|[from] brn
|upkeep
|turn|12
|
|t:|1760867226
|move|p1a: Kyurem|Scale Shot|p2a: Great Tusk
|-damage|p2a: Great Tusk|46/100
|-damage|p2a: Great Tusk|37/100
|-damage|p2a: Great Tusk|27/100
|-damage|p2a: Great Tusk|18/100
|-hitcount|p2a: Great Tusk|4
|-unboost|p1a: Kyurem|def|1
|-boost|p1a: Kyurem|spe|1
|move|p2a: Great Tusk|Headlong Rush|p1a: Kyurem
|-damage|p1a: Kyurem|0 fnt
|-unboost|p2a: Great Tusk|def|1
|-unboost|p2a: Great Tusk|spd|1
|faint|p1a: Kyurem
|
|-weather|Sandstorm|[upkeep]
|upkeep
|
|t:|1760867231
|switch|p1a: Excadrill|Excadrill, F|100/100
|-ability|p1a: Excadrill|Mold Breaker
|turn|13
|
|t:|1760867240
|move|p1a: Excadrill|Rapid Spin|p2a: Great Tusk
|-damage|p2a: Great Tusk|0 fnt
|-boost|p1a: Excadrill|spe|1
|faint|p2a: Great Tusk
|-end|p2a: Great Tusk|Protosynthesis|[silent]
|
|-weather|Sandstorm|[upkeep]
|upkeep
|
|t:|1760867242
|switch|p2a: Gastrodon|Gastrodon, F|100/100
|turn|14
|
|t:|1760867250
|switch|p1a: Rotom|Rotom-Mow|94/100
|move|p2a: Gastrodon|Hydro Pump|p1a: Rotom
|-resisted|p1a: Rotom
|-damage|p1a: Rotom|58/100
|
|-weather|Sandstorm|[upkeep]
|-damage|p1a: Rotom|52/100|[from] Sandstorm
|upkeep
|turn|15
|
|t:|1760867257
|switch|p2a: Excadrill|Excadrill, F|100/100
|-item|p2a: Excadrill|Air Balloon
|move|p1a: Rotom|Trick|p2a: Excadrill
|-activate|p1a: Rotom|move: Trick|[of] p2a: Excadrill
|-item|p2a: Excadrill|Choice Scarf|[from] move: Trick
|-item|p1a: Rotom|Air Balloon
|-item|p1a: Rotom|Air Balloon|[from] move: Trick
|
|-weather|Sandstorm|[upkeep]
|-damage|p1a: Rotom|46/100|[from] Sandstorm
|upkeep
|turn|16
|
|t:|1760867267
|move|p2a: Excadrill|Iron Head|p1a: Rotom
|-resisted|p1a: Rotom
|-damage|p1a: Rotom|17/100
|-enditem|p1a: Rotom|Air Balloon
|move|p1a: Rotom|Will-O-Wisp|p2a: Excadrill|[miss]
|-miss|p1a: Rotom|p2a: Excadrill
|
|-weather|Sandstorm|[upkeep]
|-damage|p1a: Rotom|10/100|[from] Sandstorm
|upkeep
|turn|17
|
|t:|1760867274
|move|p2a: Excadrill|Iron Head|p1a: Rotom
|-resisted|p1a: Rotom
|-damage|p1a: Rotom|0 fnt
|faint|p1a: Rotom
|
|-weather|Sandstorm|[upkeep]
|upkeep
|
|t:|1760867276
|switch|p1a: Excadrill|Excadrill, F|100/100
|-ability|p1a: Excadrill|Mold Breaker
|turn|18
|
|t:|1760867284
|switch|p2a: Gastrodon|Gastrodon, F|100/100
|move|p1a: Excadrill|Rapid Spin|p2a: Gastrodon
|-damage|p2a: Gastrodon|79/100
|-boost|p1a: Excadrill|spe|1
|
|-weather|none
|upkeep
|turn|19
|
|t:|1760867288
|-terastallize|p1a: Excadrill|Flying
|move|p1a: Excadrill|Earthquake|p2a: Gastrodon
|-damage|p2a: Gastrodon|23/100
|move|p2a: Gastrodon|Hydro Pump|p1a: Excadrill
|-damage|p1a: Excadrill|39/100
|
|upkeep
|turn|20
|
|t:|1760867297
|move|p1a: Excadrill|Earthquake|p2a: Gastrodon
|-damage|p2a: Gastrodon|0 fnt
|faint|p2a: Gastrodon
|
|upkeep
|
|t:|1760867299
|switch|p2a: Tyranitar|Tyranitar, M|100/100
|-weather|Sandstorm|[from] ability: Sand Stream|[of] p2a: Tyranitar
|turn|21
|
|t:|1760867306
|move|p1a: Excadrill|Earthquake|p2a: Tyranitar
|-supereffective|p2a: Tyranitar
|-damage|p2a: Tyranitar|0 fnt
|faint|p2a: Tyranitar
|
|-weather|Sandstorm|[upkeep]
|-damage|p1a: Excadrill|33/100|[from] Sandstorm
|upkeep
|
|t:|1760867309
|switch|p2a: Excadrill|Excadrill, F|100/100
|turn|22
|
|t:|1760867311
|move|p2a: Excadrill|Iron Head|p1a: Excadrill
|-damage|p1a: Excadrill|0 fnt
|faint|p1a: Excadrill
|
|win|Battle_Medic
|raw|steezy1's rating: 1323 &rarr; <strong>1300</strong><br />(-23 for losing)
|raw|Battle_Medic's rating: 1273 &rarr; <strong>1302</strong><br />(+29 for winning)
|l|☆Battle_Medic
|player|p2|
|l|☆steezy1
|player|p1|
