|j|☆FabroNd
|j|☆usucklatias
|t:|1760763736
|gametype|singles
|player|p1|FabroNd|101|1133
|player|p2|usucklatias|brycenman|1099
|gen|9
|tier|[Gen 9] OU
|rated|
|rule|HP Percentage Mod: HP is shown in percentages
|rule|Endless Battle Clause: Forcing endless battles is banned
|rule|Species Clause: Limit one of each Pokémon
|rule|OHKO Clause: OHKO moves are banned
|rule|Evasion Items Clause: Evasion items are banned
|rule|Evasion Moves Clause: Evasion moves are banned
|rule|Evasion Abilities Clause: Evasion abilities are banned
|rule|Sleep Moves Clause: Sleep-inducing moves are banned
|clearpoke
|poke|p1|Galvantula, M|
|poke|p1|Sinistcha|
|poke|p1|Great Tusk|
|poke|p1|Ninetales-Alola, M|
|poke|p1|Samurott-Hisui, M|
|poke|p1|Heatran, F|
|poke|p2|Hoopa-Unbound|
|poke|p2|Hydrapple, M|
|poke|p2|Gliscor, F|
|poke|p2|Cinderace, M|
|poke|p2|Alomomola, F|
|poke|p2|Gholdengo|
|teampreview
|inactive|Battle timer is ON: inactive players will automatically lose when time's up. (requested by usucklatias)
|
|t:|1760763764
|teamsize|p1|6
|teamsize|p2|6
|start
|switch|p1a: Galvantula|Galvantula, M|100/100
|switch|p2a: Hydrapple|Hydrapple, M, shiny|100/100
|turn|1
|
|t:|1760763773
|move|p1a: Galvantula|Sticky Web|p2a: Hydrapple
|-sidestart|p2: usucklatias|move: Sticky Web
|move|p2a: Hydrapple|Earth Power|p1a: Galvantula
|-damage|p1a: Galvantula|47/100
|
|upkeep
|turn|2
|
|t:|1760763780
|-terastallize|p1a: Galvantula|Ice
|move|p1a: Galvantula|Tera Blast|p2a: Hydrapple|[anim] Tera Blast Ice
|-supereffective|p2a: Hydrapple
|-damage|p2a: Hydrapple|0 fnt
|faint|p2a: Hydrapple
|
|upkeep
|
|t:|1760763788
|switch|p2a: Cinderace|Cinderace, M|100/100
|turn|3
|
|t:|1760763794
|move|p2a: Cinderace|Pyro Ball|p1a: Galvantula|[miss]
|-miss|p2a: Cinderace|p1a: Galvantula
|move|p1a: Galvantula|Thunder Wave|p2a: Cinderace
|-status|p2a: Cinderace|par
|
|upkeep
|turn|4
|
|t:|1760763800
|move|p1a: Galvantula|Thunder|p2a: Cinderace
|-damage|p2a: Cinderace|47/100 par
|move|p2a: Cinderace|Pyro Ball|p1a: Galvantula
|-supereffective|p1a: Galvantula
|-damage|p1a: Galvantula|0 fnt
|faint|p1a: Galvantula
|
|upkeep
|
|t:|1760763806
|switch|p1a: Samurott|Samurott-Hisui, M|100/100
|turn|5
|
|t:|1760763815
|move|p1a: Samurott|Flip Turn|p2a: Cinderace
|-supereffective|p2a: Cinderace
|-damage|p2a: Cinderace|0 fnt
|faint|p2a: Cinderace
|
|t:|1760763822
|switch|p1a: Ninetales|Ninetales-Alola, M|100/100|[from] Flip Turn
|-weather|Snowscape|[from] ability: Snow Warning|[of] p1a: Ninetales
|
|-weather|Snowscape|[upkeep]
|upkeep
|
|t:|1760763830
|switch|p2a: Gliscor|Gliscor, F|100/100
|turn|6
|
|t:|1760763841
|-terastallize|p2a: Gliscor|Fairy
|move|p1a: Ninetales|Blizzard|p2a: Gliscor
|-damage|p2a: Gliscor|64/100
|move|p2a: Gliscor|Toxic|p1a: Ninetales
|-status|p1a: Ninetales|tox
|
|-weather|Snowscape|[upkeep]
|-damage|p1a: Ninetales|95/100 tox|[from] psn
|-status|p2a: Gliscor|tox|[from] item: Toxic Orb
|upkeep
|turn|7
|
|t:|1760763852
|move|p1a: Ninetales|Encore|p2a: Gliscor
|-start|p2a: Gliscor|Encore
|move|p2a: Gliscor|Toxic|p1a: Ninetales
|-fail|p1a: Ninetales|tox
|
|-weather|Snowscape|[upkeep]
|-damage|p1a: Ninetales|83/100 tox|[from] psn
|-heal|p2a: Gliscor|77/100 tox|[from] ability: Poison Heal
|upkeep
|turn|8
|
|t:|1760763865
|switch|p2a: Hoopa|Hoopa-Unbound|100/100
|-activate|p2a: Hoopa|move: Sticky Web
|-unboost|p2a: Hoopa|spe|1
|move|p1a: Ninetales|Aurora Veil|p1a: Ninetales
|-sidestart|p1: FabroNd|move: Aurora Veil
|
|-weather|Snowscape|[upkeep]
|-damage|p1a: Ninetales|65/100 tox|[from] psn
|upkeep
|turn|9
|
|t:|1760763873
|move|p1a: Ninetales|Moonblast|p2a: Hoopa
|-supereffective|p2a: Hoopa
|-damage|p2a: Hoopa|31/100
|move|p2a: Hoopa|Knock Off|p1a: Ninetales
|-resisted|p1a: Ninetales
|-damage|p1a: Ninetales|50/100 tox
|-enditem|p1a: Ninetales|Light Clay|[from] move: Knock Off|[of] p2a: Hoopa
|
|-weather|none
|-damage|p1a: Ninetales|26/100 tox|[from] psn
|upkeep
|turn|10
|
|t:|1760763885
|switch|p2a: Alomomola|Alomomola, F|100/100
|-activate|p2a: Alomomola|move: Sticky Web
|-unboost|p2a: Alomomola|spe|1
|move|p1a: Ninetales|Moonblast|p2a: Alomomola
|-damage|p2a: Alomomola|83/100
|-unboost|p2a: Alomomola|spa|1
|
|-damage|p1a: Ninetales|0 fnt|[from] psn
|faint|p1a: Ninetales
|upkeep
|
|t:|1760763907
|switch|p1a: Sinistcha|Sinistcha|100/100
|turn|11
|
|t:|1760763915
|move|p1a: Sinistcha|Shadow Ball|p2a: Alomomola
|-damage|p2a: Alomomola|64/100
|move|p2a: Alomomola|Mirror Coat|p1a: Sinistcha
|-damage|p1a: Sinistcha|36/100
|
|-heal|p1a: Sinistcha|42/100|[from] item: Leftovers
|upkeep
|turn|12
|
|t:|1760763924
|move|p1a: Sinistcha|Strength Sap|p2a: Alomomola
|-unboost|p2a: Alomomola|atk|1
|-heal|p1a: Sinistcha|99/100
|move|p2a: Alomomola|Mirror Coat||[still]
|-fail|p2a: Alomomola
|
|-heal|p1a: Sinistcha|100/100|[from] item: Leftovers
|upkeep
|turn|13
|
|t:|1760763934
|move|p1a: Sinistcha|Matcha Gotcha|p2a: Alomomola
|-supereffective|p2a: Alomomola
|-crit|p2a: Alomomola
|-damage|p2a: Alomomola|3/100
|move|p2a: Alomomola|Flip Turn|p1a: Sinistcha
|-resisted|p1a: Sinistcha
|-damage|p1a: Sinistcha|98/100
|
|t:|1760763942
|switch|p2a: Gholdengo|Gholdengo|100/100|[from] Flip Turn
|-item|p2a: Gholdengo|Air Balloon
|
|-heal|p1a: Sinistcha|100/100|[from] item: Leftovers
|upkeep
|turn|14
|
|t:|1760763951
|move|p2a: Gholdengo|Hex|p1a: Sinistcha
|-supereffective|p1a: Sinistcha
|-damage|p1a: Sinistcha|66/100
|move|p1a: Sinistcha|Shadow Ball|p2a: Gholdengo
|-supereffective|p2a: Gholdengo
|-damage|p2a: Gholdengo|19/100
|-enditem|p2a: Gholdengo|Air Balloon
|
|-heal|p1a: Sinistcha|72/100|[from] item: Leftovers
|upkeep
|turn|15
|
|t:|1760763963
|switch|p2a: Gliscor|Gliscor, F, tera:Fairy|77/100 tox
|-activate|p2a: Gliscor|move: Sticky Web
|-unboost|p2a: Gliscor|spe|1
|move|p1a: Sinistcha|Shadow Ball|p2a: Gliscor
|-damage|p2a: Gliscor|43/100 tox
|
|-heal|p1a: Sinistcha|78/100|[from] item: Leftovers
|-heal|p2a: Gliscor|55/100 tox|[from] ability: Poison Heal
|-sideend|p1: FabroNd|move: Aurora Veil
|upkeep
|turn|16
|
|t:|1760763975
|move|p1a: Sinistcha|Strength Sap|p2a: Gliscor
|-unboost|p2a: Gliscor|atk|1
|-heal|p1a: Sinistcha|100/100
|move|p2a: Gliscor|Toxic|p1a: Sinistcha|[miss]
|-miss|p2a: Gliscor|p1a: Sinistcha
|
|-heal|p2a: Gliscor|68/100 tox|[from] ability: Poison Heal
|upkeep
|turn|17
|
|t:|1760763985
|move|p1a: Sinistcha|Matcha Gotcha|p2a: Gliscor
|-damage|p2a: Gliscor|34/100 tox
|move|p2a: Gliscor|Toxic|p1a: Sinistcha
|-status|p1a: Sinistcha|tox
|
|-damage|p1a: Sinistcha|95/100 tox|[from] psn
|-heal|p2a: Gliscor|47/100 tox|[from] ability: Poison Heal
|upkeep
|turn|18
|
|t:|1760763995
|move|p2a: Gliscor|Protect|p2a: Gliscor
|-singleturn|p2a: Gliscor|Protect
|move|p1a: Sinistcha|Scald|p2a: Gliscor
|-activate|p2a: Gliscor|move: Protect
|
|-heal|p1a: Sinistcha|100/100 tox|[from] item: Leftovers
|-damage|p1a: Sinistcha|89/100 tox|[from] psn
|-heal|p2a: Gliscor|59/100 tox|[from] ability: Poison Heal
|upkeep
|turn|19
|
|t:|1760764006
|move|p1a: Sinistcha|Scald|p2a: Gliscor
|-damage|p2a: Gliscor|35/100 tox
|move|p2a: Gliscor|Earthquake|p1a: Sinistcha
|-resisted|p1a: Sinistcha
|-damage|p1a: Sinistcha|79/100 tox
|
|-heal|p1a: Sinistcha|85/100 tox|[from] item: Leftovers
|-damage|p1a: Sinistcha|67/100 tox|[from] psn
|-heal|p2a: Gliscor|48/100 tox|[from] ability: Poison Heal
|upkeep
|turn|20
|
|t:|1760764017
|switch|p1a: Samurott|Samurott-Hisui, M|100/100
|move|p2a: Gliscor|Protect||[still]
|-fail|p2a: Gliscor
|
|-heal|p2a: Gliscor|60/100 tox|[from] ability: Poison Heal
|upkeep
|turn|21
|
|t:|1760764031
|move|p1a: Samurott|Sacred Sword|p2a: Gliscor
|-resisted|p2a: Gliscor
|-damage|p2a: Gliscor|45/100 tox
|move|p2a: Gliscor|Toxic|p1a: Samurott
|-status|p1a: Samurott|tox
|
|-damage|p1a: Samurott|94/100 tox|[from] psn
|-heal|p2a: Gliscor|58/100 tox|[from] ability: Poison Heal
|upkeep
|turn|22
|
|t:|1760764041
|switch|p1a: Sinistcha|Sinistcha|67/100 tox
|move|p2a: Gliscor|Protect||[still]
|-fail|p2a: Gliscor
|
|-heal|p1a: Sinistcha|73/100 tox|[from] item: Leftovers
|-damage|p1a: Sinistcha|67/100 tox|[from] psn
|-heal|p2a: Gliscor|70/100 tox|[from] ability: Poison Heal
|upkeep
|turn|23
|
|t:|1760764051
|move|p2a: Gliscor|Protect|p2a: Gliscor
|-singleturn|p2a: Gliscor|Protect
|move|p1a: Sinistcha|Matcha Gotcha|p2a: Gliscor
|-activate|p2a: Gliscor|move: Protect
|
|-heal|p1a: Sinistcha|73/100 tox|[from] item: Leftovers
|-damage|p1a: Sinistcha|61/100 tox|[from] psn
|-heal|p2a: Gliscor|83/100 tox|[from] ability: Poison Heal
|upkeep
|turn|24
|
|t:|1760764063
|switch|p2a: Gholdengo|Gholdengo|19/100
|-activate|p2a: Gholdengo|move: Sticky Web
|-unboost|p2a: Gholdengo|spe|1
|move|p1a: Sinistcha|Matcha Gotcha|p2a: Gholdengo
|-resisted|p2a: Gholdengo
|-damage|p2a: Gholdengo|0 fnt
|-heal|p1a: Sinistcha|72/100 tox|[from] drain|[of] p2a: Gholdengo
|faint|p2a: Gholdengo
|
|-heal|p1a: Sinistcha|78/100 tox|[from] item: Leftovers
|-damage|p1a: Sinistcha|60/100 tox|[from] psn
|upkeep
|
|t:|1760764078
|switch|p2a: Hoopa|Hoopa-Unbound|31/100
|-activate|p2a: Hoopa|move: Sticky Web
|-unboost|p2a: Hoopa|spe|1
|turn|25
|
|t:|1760764096
|move|p2a: Hoopa|Knock Off|p1a: Sinistcha
|-supereffective|p1a: Sinistcha
|-damage|p1a: Sinistcha|0 fnt
|-enditem|p1a: Sinistcha|Leftovers|[from] move: Knock Off|[of] p2a: Hoopa
|faint|p1a: Sinistcha
|
|upkeep
|
|t:|1760764108
|switch|p1a: Great Tusk|Great Tusk|100/100
|turn|26
|
|t:|1760764112
|switch|p2a: Alomomola|Alomomola, F|36/100
|-activate|p2a: Alomomola|move: Sticky Web
|-unboost|p2a: Alomomola|spe|1
|move|p1a: Great Tusk|Knock Off|p2a: Alomomola
|-damage|p2a: Alomomola|9/100
|-enditem|p2a: Alomomola|Assault Vest|[from] move: Knock Off|[of] p1a: Great Tusk
|
|upkeep
|turn|27
|
|t:|1760764126
|switch|p2a: Gliscor|Gliscor, F, tera:Fairy|83/100 tox
|-activate|p2a: Gliscor|move: Sticky Web
|-unboost|p2a: Gliscor|spe|1
|move|p1a: Great Tusk|Rapid Spin|p2a: Gliscor
|-damage|p2a: Gliscor|68/100 tox
|-boost|p1a: Great Tusk|spe|1
|
|-heal|p2a: Gliscor|80/100 tox|[from] ability: Poison Heal
|upkeep
|turn|28
|
|t:|1760764136
|move|p1a: Great Tusk|Knock Off|p2a: Gliscor
|-resisted|p2a: Gliscor
|-damage|p2a: Gliscor|65/100 tox
|-enditem|p2a: Gliscor|Toxic Orb|[from] move: Knock Off|[of] p1a: Great Tusk
|move|p2a: Gliscor|Toxic|p1a: Great Tusk
|-status|p1a: Great Tusk|tox
|
|-damage|p1a: Great Tusk|94/100 tox|[from] psn
|-heal|p2a: Gliscor|78/100 tox|[from] ability: Poison Heal
|upkeep
|turn|29
|
|t:|1760764147
|-end|p1a: Great Tusk|Protosynthesis|[silent]
|switch|p1a: Samurott|Samurott-Hisui, M|94/100 tox
|move|p2a: Gliscor|Protect||[still]
|-fail|p2a: Gliscor
|
|-damage|p1a: Samurott|88/100 tox|[from] psn
|-heal|p2a: Gliscor|90/100 tox|[from] ability: Poison Heal
|upkeep
|turn|30
|
|t:|1760764157
|move|p2a: Gliscor|Protect|p2a: Gliscor
|-singleturn|p2a: Gliscor|Protect
|move|p1a: Samurott|Razor Shell|p2a: Gliscor
|-activate|p2a: Gliscor|move: Protect
|
|-damage|p1a: Samurott|76/100 tox|[from] psn
|-heal|p2a: Gliscor|100/100 tox|[from] ability: Poison Heal
|upkeep
|turn|31
|
|t:|1760764168
|move|p1a: Samurott|Razor Shell|p2a: Gliscor
|-crit|p2a: Gliscor
|-damage|p2a: Gliscor|35/100 tox
|-unboost|p2a: Gliscor|def|1
|move|p2a: Gliscor|Spikes|p1a: Samurott
|-sidestart|p1: FabroNd|Spikes
|
|-damage|p1a: Samurott|57/100 tox|[from] psn
|-heal|p2a: Gliscor|48/100 tox|[from] ability: Poison Heal
|upkeep
|turn|32
|
|t:|1760764178
|move|p2a: Gliscor|Protect|p2a: Gliscor
|-singleturn|p2a: Gliscor|Protect
|move|p1a: Samurott|Razor Shell|p2a: Gliscor
|-activate|p2a: Gliscor|move: Protect
|
|-damage|p1a: Samurott|32/100 tox|[from] psn
|-heal|p2a: Gliscor|60/100 tox|[from] ability: Poison Heal
|upkeep
|turn|33
|c|☆FabroNd|zzzzzz
|
|t:|1760764189
|switch|p2a: Alomomola|Alomomola, F|42/100
|-activate|p2a: Alomomola|move: Sticky Web
|-unboost|p2a: Alomomola|spe|1
|move|p1a: Samurott|Razor Shell|p2a: Alomomola
|-resisted|p2a: Alomomola
|-damage|p2a: Alomomola|23/100
|-unboost|p2a: Alomomola|def|1
|
|-damage|p1a: Samurott|1/100 tox|[from] psn
|upkeep
|turn|34
|
|t:|1760764201
|switch|p2a: Gliscor|Gliscor, F, tera:Fairy|60/100 tox
|-activate|p2a: Gliscor|move: Sticky Web
|-unboost|p2a: Gliscor|spe|1
|move|p1a: Samurott|Razor Shell|p2a: Gliscor
|-damage|p2a: Gliscor|18/100 tox
|
|-damage|p1a: Samurott|0 fnt|[from] psn
|faint|p1a: Samurott
|-heal|p2a: Gliscor|30/100 tox|[from] ability: Poison Heal
|upkeep
|
|t:|1760764211
|switch|p1a: Great Tusk|Great Tusk|94/100 tox
|-damage|p1a: Great Tusk|82/100 tox|[from] Spikes
|turn|35
|
|t:|1760764216
|move|p2a: Gliscor|Protect|p2a: Gliscor
|-singleturn|p2a: Gliscor|Protect
|move|p1a: Great Tusk|Close Combat|p2a: Gliscor
|-activate|p2a: Gliscor|move: Protect
|
|-damage|p1a: Great Tusk|76/100 tox|[from] psn
|-heal|p2a: Gliscor|43/100 tox|[from] ability: Poison Heal
|upkeep
|turn|36
|
|t:|1760764231
|switch|p2a: Alomomola|Alomomola, F|56/100
|-activate|p2a: Alomomola|move: Sticky Web
|-unboost|p2a: Alomomola|spe|1
|move|p1a: Great Tusk|Close Combat|p2a: Alomomola
|-damage|p2a: Alomomola|7/100
|-unboost|p1a: Great Tusk|def|1
|-unboost|p1a: Great Tusk|spd|1
|
|-damage|p1a: Great Tusk|63/100 tox|[from] psn
|upkeep
|turn|37
|
|t:|1760764244
|switch|p2a: Gliscor|Gliscor, F, tera:Fairy|43/100 tox
|-activate|p2a: Gliscor|move: Sticky Web
|-unboost|p2a: Gliscor|spe|1
|move|p1a: Great Tusk|Knock Off|p2a: Gliscor
|-resisted|p2a: Gliscor
|-damage|p2a: Gliscor|34/100 tox
|
|-damage|p1a: Great Tusk|45/100 tox|[from] psn
|-heal|p2a: Gliscor|46/100 tox|[from] ability: Poison Heal
|upkeep
|turn|38
|
|t:|1760764254
|move|p2a: Gliscor|Protect|p2a: Gliscor
|-singleturn|p2a: Gliscor|Protect
|move|p1a: Great Tusk|Close Combat|p2a: Gliscor
|-activate|p2a: Gliscor|move: Protect
|
|-damage|p1a: Great Tusk|20/100 tox|[from] psn
|-heal|p2a: Gliscor|59/100 tox|[from] ability: Poison Heal
|upkeep
|turn|39
|
|t:|1760764267
|switch|p2a: Alomomola|Alomomola, F|40/100
|-activate|p2a: Alomomola|move: Sticky Web
|-unboost|p2a: Alomomola|spe|1
|move|p1a: Great Tusk|Close Combat|p2a: Alomomola
|-damage|p2a: Alomomola|0 fnt
|-unboost|p1a: Great Tusk|def|1
|-unboost|p1a: Great Tusk|spd|1
|faint|p2a: Alomomola
|
|-damage|p1a: Great Tusk|0 fnt|[from] psn
|faint|p1a: Great Tusk
|-end|p1a: Great Tusk|Protosynthesis|[silent]
|upkeep
|
|t:|1760764281
|switch|p1a: Heatran|Heatran, F|100/100
|switch|p2a: Gliscor|Gliscor, F, tera:Fairy|59/100 tox
|-activate|p2a: Gliscor|move: Sticky Web
|-unboost|p2a: Gliscor|spe|1
|-item|p1a: Heatran|Air Balloon
|turn|40
|
|t:|1760764292
|move|p2a: Gliscor|Protect|p2a: Gliscor
|-singleturn|p2a: Gliscor|Protect
|move|p1a: Heatran|Flash Cannon|p2a: Gliscor
|-activate|p2a: Gliscor|move: Protect
|
|-heal|p2a: Gliscor|71/100 tox|[from] ability: Poison Heal
|upkeep
|turn|41
|
|t:|1760764302
|switch|p2a: Hoopa|Hoopa-Unbound|31/100
|-activate|p2a: Hoopa|move: Sticky Web
|-unboost|p2a: Hoopa|spe|1
|move|p1a: Heatran|Flash Cannon|p2a: Hoopa
|-damage|p2a: Hoopa|0 fnt
|faint|p2a: Hoopa
|
|upkeep
|
|t:|1760764311
|switch|p2a: Gliscor|Gliscor, F, tera:Fairy|71/100 tox
|-activate|p2a: Gliscor|move: Sticky Web
|-unboost|p2a: Gliscor|spe|1
|turn|42
|
|t:|1760764318
|move|p2a: Gliscor|Protect|p2a: Gliscor
|-singleturn|p2a: Gliscor|Protect
|move|p1a: Heatran|Flash Cannon|p2a: Gliscor
|-activate|p2a: Gliscor|move: Protect
|
|-heal|p2a: Gliscor|84/100 tox|[from] ability: Poison Heal
|upkeep
|turn|43
|
|t:|1760764327
|move|p1a: Heatran|Flash Cannon|p2a: Gliscor
|-supereffective|p2a: Gliscor
|-damage|p2a: Gliscor|0 fnt
|faint|p2a: Gliscor
|
|win|FabroNd
|raw|FabroNd's rating: 1133 &rarr; <strong>1156</strong><br />(+23 for winning)
|raw|usucklatias's rating: 1099 &rarr; <strong>1077</strong><br />(-22 for losing)
|c|☆FabroNd|ñiñiñiiñiñi
|c|☆FabroNd|EZ
|l|☆usucklatias
|player|p2|
|c|☆FabroNd|GG
|c|☆FabroNd|EZ
|c|☆FabroNd|ZZZAZ
|c|☆FabroNd|Z
|c|☆FabroNd|ZZ
|c|☆FabroNd|Z
|c|☆FabroNd|Z
