|j|☆CatLegend800
|j|☆mrtable00
|t:|1760811625
|gametype|singles
|player|p1|CatLegend800|169|1088
|player|p2|mrtable00|pokemaniac|1000
|gen|9
|tier|[Gen 9] OU
|rated|
|rule|HP Percentage Mod: HP is shown in percentages
|rule|Endless Battle Clause: Forcing endless battles is banned
|rule|Species Clause: Limit one of each Pokémon
|rule|OHKO Clause: OHKO moves are banned
|rule|Evasion Items Clause: Evasion items are banned
|rule|Evasion Moves Clause: Evasion moves are banned
|rule|Evasion Abilities Clause: Evasion abilities are banned
|rule|Sleep Moves Clause: Sleep-inducing moves are banned
|clearpoke
|poke|p1|Cinderace, F|
|poke|p1|Primarina, F|
|poke|p1|Kingambit, F|
|poke|p1|Blissey, F|
|poke|p1|Gliscor, M|
|poke|p1|Salamence, F|
|poke|p2|Scyther, M|
|poke|p2|Forretress, M|
|poke|p2|Milotic, M|
|poke|p2|Dachsbun, M|
|poke|p2|Virizion|
|poke|p2|Cloyster, F|
|teampreview
|inactive|Battle timer is ON: inactive players will automatically lose when time's up. (requested by CatLegend800)
|
|t:|1760811636
|teamsize|p1|6
|teamsize|p2|6
|start
|switch|p1a: Gliscor|Gliscor, M|100/100
|switch|p2a: Forretress|Forretress, M, shiny|100/100
|turn|1
|
|t:|1760811641
|move|p1a: Gliscor|Knock Off|p2a: Forretress
|-damage|p2a: Forretress|86/100
|-enditem|p2a: Forretress|Red Card|[from] move: Knock Off|[of] p1a: Gliscor
|move|p2a: Forretress|Stealth Rock|p1a: Gliscor
|-sidestart|p1: CatLegend800|move: Stealth Rock
|
|-status|p1a: Gliscor|tox|[from] item: Toxic Orb
|upkeep
|turn|2
|
|t:|1760811654
|move|p1a: Gliscor|Tailwind|p1a: Gliscor
|-sidestart|p1: CatLegend800|move: Tailwind
|move|p2a: Forretress|Spikes|p1a: Gliscor
|-sidestart|p1: CatLegend800|Spikes
|
|upkeep
|turn|3
|
|t:|1760811659
|switch|p1a: Cinderace|Cinderace, F|100/100
|switch|p2a: Milotic|Milotic, M, shiny|100/100
|
|-status|p2a: Milotic|brn|[from] item: Flame Orb
|upkeep
|turn|4
|
|t:|1760811681
|move|p1a: Cinderace|High Jump Kick|p2a: Milotic
|-start|p1a: Cinderace|typechange|Fighting|[from] ability: Libero
|-damage|p2a: Milotic|72/100 brn
|move|p2a: Milotic|Scald|p1a: Cinderace
|-damage|p1a: Cinderace|62/100
|
|-damage|p2a: Milotic|65/100 brn|[from] brn
|upkeep
|turn|5
|
|t:|1760811691
|move|p1a: Cinderace|Sucker Punch|p2a: Milotic
|-damage|p2a: Milotic|54/100 brn
|move|p2a: Milotic|Scald|p1a: Cinderace
|-damage|p1a: Cinderace|24/100
|
|-damage|p2a: Milotic|48/100 brn|[from] brn
|-sideend|p1: CatLegend800|move: Tailwind
|upkeep
|turn|6
|c|☆mrtable00|i thought it was banded
|
|t:|1760811704
|move|p1a: Cinderace|U-turn|p2a: Milotic
|-damage|p2a: Milotic|36/100 brn
|
|t:|1760811706
|switch|p1a: Primarina|Primarina, F|100/100|[from] U-turn
|-damage|p1a: Primarina|88/100|[from] Stealth Rock
|-damage|p1a: Primarina|76/100|[from] Spikes
|move|p2a: Milotic|Recover|p2a: Milotic
|-heal|p2a: Milotic|86/100 brn
|
|-heal|p1a: Primarina|82/100|[from] item: Leftovers
|-damage|p2a: Milotic|80/100 brn|[from] brn
|upkeep
|turn|7
|c|☆mrtable00|haha
|
|t:|1760811727
|switch|p2a: Forretress|Forretress, M, shiny|86/100
|move|p1a: Primarina|Calm Mind|p1a: Primarina
|-boost|p1a: Primarina|spa|1
|-boost|p1a: Primarina|spd|1
|
|-heal|p1a: Primarina|88/100|[from] item: Leftovers
|upkeep
|turn|8
|
|t:|1760811738
|move|p1a: Primarina|Calm Mind|p1a: Primarina
|-boost|p1a: Primarina|spa|1
|-boost|p1a: Primarina|spd|1
|move|p2a: Forretress|Gyro Ball|p1a: Primarina
|-damage|p1a: Primarina|66/100
|
|-heal|p1a: Primarina|72/100|[from] item: Leftovers
|upkeep
|turn|9
|
|t:|1760811748
|move|p1a: Primarina|Hyper Voice|p2a: Forretress
|-damage|p2a: Forretress|0 fnt
|faint|p2a: Forretress
|
|-heal|p1a: Primarina|78/100|[from] item: Leftovers
|upkeep
|
|t:|1760811754
|switch|p2a: Virizion|Virizion|100/100
|turn|10
|
|t:|1760811760
|move|p2a: Virizion|Leaf Blade|p1a: Primarina
|-supereffective|p1a: Primarina
|-damage|p1a: Primarina|0 fnt
|faint|p1a: Primarina
|
|upkeep
|
|t:|1760811765
|switch|p1a: Cinderace|Cinderace, F|24/100
|turn|11
|
|t:|1760811771
|switch|p2a: Dachsbun|Dachsbun, M|100/100
|move|p1a: Cinderace|Flare Blitz|p2a: Dachsbun
|-ability|p2a: Dachsbun|Well-Baked Body|boost
|-boost|p2a: Dachsbun|def|2
|
|upkeep
|turn|12
|
|t:|1760811785
|switch|p1a: Blissey|Blissey, F|100/100
|-damage|p1a: Blissey|88/100|[from] Stealth Rock
|-damage|p1a: Blissey|76/100|[from] Spikes
|move|p2a: Dachsbun|Body Press|p1a: Blissey
|-supereffective|p1a: Blissey
|-damage|p1a: Blissey|0 fnt
|faint|p1a: Blissey
|
|upkeep
|
|t:|1760811797
|switch|p1a: Salamence|Salamence, F|100/100
|-damage|p1a: Salamence|76/100|[from] Stealth Rock
|-ability|p1a: Salamence|Intimidate|boost
|-unboost|p2a: Dachsbun|atk|1
|turn|13
|
|t:|1760811808
|move|p1a: Salamence|Dragon Dance|p1a: Salamence
|-boost|p1a: Salamence|atk|1
|-boost|p1a: Salamence|spe|1
|move|p2a: Dachsbun|Play Rough|p1a: Salamence
|-supereffective|p1a: Salamence
|-damage|p1a: Salamence|32/100
|
|-heal|p1a: Salamence|38/100|[from] item: Leftovers
|upkeep
|turn|14
|
|t:|1760811818
|-terastallize|p1a: Salamence|Steel
|move|p1a: Salamence|Dragon Dance|p1a: Salamence
|-boost|p1a: Salamence|atk|1
|-boost|p1a: Salamence|spe|1
|move|p2a: Dachsbun|Body Press|p1a: Salamence
|-supereffective|p1a: Salamence
|-damage|p1a: Salamence|0 fnt
|faint|p1a: Salamence
|
|upkeep
|
|t:|1760811830
|switch|p1a: Cinderace|Cinderace, F|24/100
|turn|15
|c|☆mrtable00|greed
|
|t:|1760811834
|move|p1a: Cinderace|High Jump Kick|p2a: Dachsbun
|-start|p1a: Cinderace|typechange|Fighting|[from] ability: Libero
|-resisted|p2a: Dachsbun
|-damage|p2a: Dachsbun|88/100
|move|p2a: Dachsbun|Body Press|p1a: Cinderace
|-damage|p1a: Cinderace|0 fnt
|faint|p1a: Cinderace
|
|-heal|p2a: Dachsbun|94/100|[from] item: Leftovers
|upkeep
|
|t:|1760811844
|switch|p1a: Gliscor|Gliscor, M|100/100 tox
|-damage|p1a: Gliscor|88/100 tox|[from] Stealth Rock
|turn|16
|
|t:|1760811855
|move|p1a: Gliscor|Knock Off|p2a: Dachsbun
|-resisted|p2a: Dachsbun
|-damage|p2a: Dachsbun|89/100
|-enditem|p2a: Dachsbun|Leftovers|[from] move: Knock Off|[of] p1a: Gliscor
|move|p2a: Dachsbun|Body Press|p1a: Gliscor
|-resisted|p1a: Gliscor
|-damage|p1a: Gliscor|62/100 tox
|
|-heal|p1a: Gliscor|74/100 tox|[from] ability: Poison Heal
|upkeep
|turn|17
|
|t:|1760811882
|move|p1a: Gliscor|Knock Off|p2a: Dachsbun
|-resisted|p2a: Dachsbun
|-damage|p2a: Dachsbun|85/100
|move|p2a: Dachsbun|Body Press|p1a: Gliscor
|-resisted|p1a: Gliscor
|-damage|p1a: Gliscor|49/100 tox
|
|-heal|p1a: Gliscor|62/100 tox|[from] ability: Poison Heal
|upkeep
|turn|18
|c|☆mrtable00|do you not have toxic?
|inactive|mrtable00 has 120 seconds left.
|c|☆CatLegend800|nope :|
|c|☆mrtable00|ahh
|c|☆mrtable00|i wanted to tera steel but ig theres no need to :)
|
|t:|1760811927
|move|p1a: Gliscor|Knock Off|p2a: Dachsbun
|-resisted|p2a: Dachsbun
|-damage|p2a: Dachsbun|82/100
|move|p2a: Dachsbun|Body Press|p1a: Gliscor
|-resisted|p1a: Gliscor
|-damage|p1a: Gliscor|35/100 tox
|
|-heal|p1a: Gliscor|47/100 tox|[from] ability: Poison Heal
|upkeep
|turn|19
|
|t:|1760811940
|move|p1a: Gliscor|Knock Off|p2a: Dachsbun
|-resisted|p2a: Dachsbun
|-damage|p2a: Dachsbun|78/100
|move|p2a: Dachsbun|Body Press|p1a: Gliscor
|-resisted|p1a: Gliscor
|-damage|p1a: Gliscor|22/100 tox
|
|-heal|p1a: Gliscor|35/100 tox|[from] ability: Poison Heal
|upkeep
|turn|20
|c|☆mrtable00|might be the firsy dachsbun sweep in history tho
|
|t:|1760811964
|move|p1a: Gliscor|Knock Off|p2a: Dachsbun
|-resisted|p2a: Dachsbun
|-damage|p2a: Dachsbun|75/100
|move|p2a: Dachsbun|Body Press|p1a: Gliscor
|-resisted|p1a: Gliscor
|-damage|p1a: Gliscor|8/100 tox
|
|-heal|p1a: Gliscor|20/100 tox|[from] ability: Poison Heal
|upkeep
|turn|21
|
|t:|1760811985
|move|p1a: Gliscor|Protect|p1a: Gliscor
|-singleturn|p1a: Gliscor|Protect
|move|p2a: Dachsbun|Body Press|p1a: Gliscor
|-activate|p1a: Gliscor|move: Protect
|
|-heal|p1a: Gliscor|32/100 tox|[from] ability: Poison Heal
|upkeep
|turn|22
|
|t:|1760811993
|move|p1a: Gliscor|Tailwind|p1a: Gliscor
|-sidestart|p1: CatLegend800|move: Tailwind
|move|p2a: Dachsbun|Body Press|p1a: Gliscor
|-resisted|p1a: Gliscor
|-damage|p1a: Gliscor|8/100 tox
|
|-heal|p1a: Gliscor|20/100 tox|[from] ability: Poison Heal
|upkeep
|turn|23
|
|t:|1760812004
|move|p1a: Gliscor|Knock Off|p2a: Dachsbun
|-resisted|p2a: Dachsbun
|-damage|p2a: Dachsbun|72/100
|move|p2a: Dachsbun|Body Press|p1a: Gliscor
|-resisted|p1a: Gliscor
|-damage|p1a: Gliscor|0 fnt
|faint|p1a: Gliscor
|
|upkeep
|
|t:|1760812011
|switch|p1a: Kingambit|Kingambit, F|100/100
|-damage|p1a: Kingambit|94/100|[from] Stealth Rock
|-damage|p1a: Kingambit|82/100|[from] Spikes
|-activate|p1a: Kingambit|ability: Supreme Overlord
|-start|p1a: Kingambit|fallen5|[silent]
|turn|24
|inactive|mrtable00 has 120 seconds left.
|
|t:|1760812019
|move|p2a: Dachsbun|Protect|p2a: Dachsbun
|-singleturn|p2a: Dachsbun|Protect
|move|p1a: Kingambit|Iron Head|p2a: Dachsbun
|-activate|p2a: Dachsbun|move: Protect
|
|-heal|p1a: Kingambit|88/100|[from] item: Leftovers
|upkeep
|turn|25
|
|t:|1760812027
|-terastallize|p2a: Dachsbun|Steel
|move|p1a: Kingambit|Iron Head|p2a: Dachsbun
|-resisted|p2a: Dachsbun
|-damage|p2a: Dachsbun|59/100
|cant|p2a: Dachsbun|flinch
|
|-heal|p1a: Kingambit|94/100|[from] item: Leftovers
|-sideend|p1: CatLegend800|move: Tailwind
|upkeep
|turn|26
|c|☆mrtable00|flinch ;-;
|inactive|mrtable00 has 120 seconds left.
|
|t:|1760812043
|move|p2a: Dachsbun|Body Press|p1a: Kingambit
|-supereffective|p1a: Kingambit
|-damage|p1a: Kingambit|0 fnt
|faint|p1a: Kingambit
|-end|p1a: Kingambit|fallen5|[silent]
|
|win|mrtable00
|raw|CatLegend800's rating: 1088 &rarr; <strong>1059</strong><br />(-29 for losing)
|raw|mrtable00's rating: 1000 &rarr; <strong>1050</strong><br />(+50 for winning)
|c|☆mrtable00|gg im faster ig
|c|☆CatLegend800|ggs...
|l|☆CatLegend800
|player|p1|
|c|☆mrtable00|:)
