|j|☆scrubtest98
|j|☆firecharmander004
|t:|1760849956
|gametype|singles
|player|p1|scrubtest98|170|1533
|player|p2|firecharmander004|101|1571
|gen|9
|tier|[Gen 9] OU
|rated|
|rule|HP Percentage Mod: HP is shown in percentages
|rule|Endless Battle Clause: Forcing endless battles is banned
|rule|Species Clause: Limit one of each Pokémon
|rule|OHKO Clause: OHKO moves are banned
|rule|Evasion Items Clause: Evasion items are banned
|rule|Evasion Moves Clause: Evasion moves are banned
|rule|Evasion Abilities Clause: Evasion abilities are banned
|rule|Sleep Moves Clause: Sleep-inducing moves are banned
|clearpoke
|poke|p1|Rillaboom, M|
|poke|p1|Zamazenta-*|
|poke|p1|Heatran, F|
|poke|p1|Ogerpon-Wellspring, F|
|poke|p1|Great Tusk|
|poke|p1|Dragapult, M|
|poke|p2|Iron Treads|
|poke|p2|Ogerpon-Wellspring, F|
|poke|p2|Kingambit, M|
|poke|p2|Arcanine-Hisui, F|
|poke|p2|Iron Valiant|
|poke|p2|Dragapult, F|
|teampreview
|inactive|Battle timer is ON: inactive players will automatically lose when time's up. (requested by firecharmander004)
|
|t:|1760849968
|teamsize|p1|6
|teamsize|p2|6
|start
|switch|p1a: Rillaboom|Rillaboom, M|100/100
|switch|p2a: Iron Treads|Iron Treads|100/100
|-fieldstart|move: Grassy Terrain|[from] ability: Grassy Surge|[of] p1a: Rillaboom
|-enditem|p2a: Iron Treads|Booster Energy
|-activate|p2a: Iron Treads|ability: Quark Drive|[fromitem]
|-start|p2a: Iron Treads|quarkdrivespe
|turn|1
|
|t:|1760849973
|move|p2a: Iron Treads|Stealth Rock|p1a: Rillaboom
|-sidestart|p1: scrubtest98|move: Stealth Rock
|move|p1a: Rillaboom|Wood Hammer|p2a: Iron Treads
|-damage|p2a: Iron Treads|0 fnt
|faint|p2a: Iron Treads
|-end|p2a: Iron Treads|Quark Drive|[silent]
|-damage|p1a: Rillaboom|74/100|[from] Recoil
|
|-heal|p1a: Rillaboom|80/100|[from] Grassy Terrain
|upkeep
|
|t:|1760849989
|switch|p2a: Arcanine|Arcanine-Hisui, F|100/100
|turn|2
|
|t:|1760849993
|switch|p1a: Heatran|Heatran, F|100/100
|-damage|p1a: Heatran|88/100|[from] Stealth Rock
|move|p2a: Arcanine|Head Smash|p1a: Heatran
|-damage|p1a: Heatran|0 fnt
|faint|p1a: Heatran
|
|upkeep
|
|t:|1760849997
|switch|p1a: Great Tusk|Great Tusk|100/100
|-damage|p1a: Great Tusk|98/100|[from] Stealth Rock
|-enditem|p1a: Great Tusk|Booster Energy
|-activate|p1a: Great Tusk|ability: Protosynthesis|[fromitem]
|-start|p1a: Great Tusk|protosynthesisatk
|turn|3
|
|t:|1760850008
|switch|p2a: Ogerpon|Ogerpon-Wellspring, F|100/100
|move|p1a: Great Tusk|Rapid Spin|p2a: Ogerpon
|-crit|p2a: Ogerpon
|-damage|p2a: Ogerpon|53/100
|-boost|p1a: Great Tusk|spe|1
|-sideend|p1: scrubtest98|Stealth Rock|[from] move: Rapid Spin|[of] p1a: Great Tusk
|
|-heal|p1a: Great Tusk|100/100|[from] Grassy Terrain
|-heal|p2a: Ogerpon|59/100|[from] Grassy Terrain
|upkeep
|turn|4
|
|t:|1760850014
|move|p1a: Great Tusk|Ice Spinner|p2a: Ogerpon
|-damage|p2a: Ogerpon|6/100
|-fieldend|move: Grassy Terrain
|move|p2a: Ogerpon|Ivy Cudgel|p1a: Great Tusk|[anim] Ivy Cudgel Water
|-supereffective|p1a: Great Tusk
|-damage|p1a: Great Tusk|11/100
|
|upkeep
|turn|5
|
|t:|1760850022
|move|p1a: Great Tusk|Rapid Spin|p2a: Ogerpon
|-damage|p2a: Ogerpon|0 fnt
|-boost|p1a: Great Tusk|spe|1
|faint|p2a: Ogerpon
|
|upkeep
|
|t:|1760850026
|switch|p2a: Arcanine|Arcanine-Hisui, F|100/100
|turn|6
|
|t:|1760850028
|move|p2a: Arcanine|Extreme Speed|p1a: Great Tusk
|-damage|p1a: Great Tusk|0 fnt
|faint|p1a: Great Tusk
|-end|p1a: Great Tusk|Protosynthesis|[silent]
|
|upkeep
|
|t:|1760850033
|switch|p1a: Dragapult|Dragapult, M|100/100
|turn|7
|
|t:|1760850041
|switch|p2a: Kingambit|Kingambit, M|100/100
|-activate|p2a: Kingambit|ability: Supreme Overlord
|-start|p2a: Kingambit|fallen2|[silent]
|move|p1a: Dragapult|Fire Blast|p2a: Kingambit|[miss]
|-miss|p1a: Dragapult|p2a: Kingambit
|
|upkeep
|turn|8
|
|t:|1760850053
|switch|p1a: Rillaboom|Rillaboom, M|80/100
|-fieldstart|move: Grassy Terrain|[from] ability: Grassy Surge|[of] p1a: Rillaboom
|move|p2a: Kingambit|Sucker Punch||[still]
|-fail|p2a: Kingambit
|
|-heal|p1a: Rillaboom|86/100|[from] Grassy Terrain
|upkeep
|turn|9
|
|t:|1760850065
|move|p2a: Kingambit|Sucker Punch|p1a: Rillaboom
|-damage|p1a: Rillaboom|39/100
|move|p1a: Rillaboom|U-turn|p2a: Kingambit
|-damage|p2a: Kingambit|70/100
|
|t:|1760850072
|switch|p1a: Zamazenta|Zamazenta|100/100|[from] U-turn
|-ability|p1a: Zamazenta|Dauntless Shield|boost
|-boost|p1a: Zamazenta|def|1
|
|-heal|p2a: Kingambit|76/100|[from] Grassy Terrain
|-heal|p2a: Kingambit|82/100|[from] item: Leftovers
|upkeep
|turn|10
|
|t:|1760850082
|-end|p2a: Kingambit|fallen2|[silent]
|switch|p2a: Dragapult|Dragapult, F|100/100
|move|p1a: Zamazenta|Crunch|p2a: Dragapult
|-supereffective|p2a: Dragapult
|-damage|p2a: Dragapult|6/100
|-unboost|p2a: Dragapult|def|1
|-damage|p1a: Zamazenta|91/100|[from] item: Life Orb
|
|-heal|p2a: Dragapult|12/100|[from] Grassy Terrain
|-heal|p1a: Zamazenta|97/100|[from] Grassy Terrain
|upkeep
|turn|11
|
|t:|1760850089
|switch|p1a: Rillaboom|Rillaboom, M|39/100
|move|p2a: Dragapult|Draco Meteor|p1a: Rillaboom
|-damage|p1a: Rillaboom|0 fnt
|-unboost|p2a: Dragapult|spa|2
|faint|p1a: Rillaboom
|
|-heal|p2a: Dragapult|18/100|[from] Grassy Terrain
|upkeep
|
|t:|1760850092
|switch|p1a: Ogerpon|Ogerpon-Wellspring, F|100/100
|turn|12
|
|t:|1760850108
|switch|p2a: Arcanine|Arcanine-Hisui, F|100/100
|move|p1a: Ogerpon|Grassy Glide|p2a: Arcanine
|-damage|p2a: Arcanine|47/100
|
|-heal|p2a: Arcanine|53/100|[from] Grassy Terrain
|-fieldend|move: Grassy Terrain
|upkeep
|turn|13
|
|t:|1760850120
|move|p2a: Arcanine|Extreme Speed|p1a: Ogerpon
|-damage|p1a: Ogerpon|53/100
|move|p1a: Ogerpon|Ivy Cudgel|p2a: Arcanine|[anim] Ivy Cudgel Water
|-supereffective|p2a: Arcanine
|-damage|p2a: Arcanine|0 fnt
|faint|p2a: Arcanine
|
|upkeep
|
|t:|1760850124
|switch|p2a: Iron Valiant|Iron Valiant|100/100
|-enditem|p2a: Iron Valiant|Booster Energy
|-activate|p2a: Iron Valiant|ability: Quark Drive|[fromitem]
|-start|p2a: Iron Valiant|quarkdrivespe
|turn|14
|
|t:|1760850129
|-terastallize|p1a: Ogerpon|Water
|detailschange|p1a: Ogerpon|Ogerpon-Wellspring-Tera, F, tera:Water
|-ability|p1a: Ogerpon|Embody Aspect (Wellspring)|boost
|-boost|p1a: Ogerpon|spd|1
|move|p2a: Iron Valiant|Close Combat|p1a: Ogerpon
|-damage|p1a: Ogerpon|0 fnt
|-unboost|p2a: Iron Valiant|def|1
|-unboost|p2a: Iron Valiant|spd|1
|faint|p1a: Ogerpon
|detailschange|p1: Ogerpon|Ogerpon-Wellspring, F|[silent]
|
|upkeep
|
|t:|1760850136
|switch|p1a: Dragapult|Dragapult, M|100/100
|turn|15
|
|t:|1760850141
|move|p2a: Iron Valiant|Moonblast|p1a: Dragapult
|-supereffective|p1a: Dragapult
|-damage|p1a: Dragapult|0 fnt
|faint|p1a: Dragapult
|
|upkeep
|
|t:|1760850143
|switch|p1a: Zamazenta|Zamazenta|97/100
|turn|16
|
|t:|1760850147
|-terastallize|p2a: Iron Valiant|Steel
|move|p2a: Iron Valiant|Moonblast|p1a: Zamazenta
|-supereffective|p1a: Zamazenta
|-damage|p1a: Zamazenta|12/100
|move|p1a: Zamazenta|Heavy Slam|p2a: Iron Valiant
|-resisted|p2a: Iron Valiant
|-damage|p2a: Iron Valiant|55/100
|-damage|p1a: Zamazenta|2/100|[from] item: Life Orb
|
|upkeep
|turn|17
|
|t:|1760850152
|move|p2a: Iron Valiant|Moonblast|p1a: Zamazenta
|-supereffective|p1a: Zamazenta
|-damage|p1a: Zamazenta|0 fnt
|faint|p1a: Zamazenta
|
|win|firecharmander004
|raw|scrubtest98's rating: 1533 &rarr; <strong>1515</strong><br />(-18 for losing)
|raw|firecharmander004's rating: 1571 &rarr; <strong>1589</strong><br />(+18 for winning)
|l|☆scrubtest98
|player|p1|
