|j|☆aslowpoem
|j|☆doulos
|t:|1760804093
|gametype|singles
|player|p1|aslowpoem|plumeria|1723
|player|p2|doulos|yellow|1672
|gen|9
|tier|[Gen 9] OU
|rated|
|rule|HP Percentage Mod: HP is shown in percentages
|rule|Endless Battle Clause: Forcing endless battles is banned
|rule|Species Clause: Limit one of each Pokémon
|rule|OHKO Clause: OHKO moves are banned
|rule|Evasion Items Clause: Evasion items are banned
|rule|Evasion Moves Clause: Evasion moves are banned
|rule|Evasion Abilities Clause: Evasion abilities are banned
|rule|Sleep Moves Clause: Sleep-inducing moves are banned
|clearpoke
|poke|p1|Clodsire, F|
|poke|p1|Dondozo, F|
|poke|p1|Gliscor, F|
|poke|p1|Alomomola, L99, F|
|poke|p1|Corviknight, M|
|poke|p1|Azumarill, F|
|poke|p2|Dragapult, F|
|poke|p2|Glimmora, F|
|poke|p2|Iron Valiant|
|poke|p2|Ogerpon-Wellspring, F|
|poke|p2|Landorus-Therian, M|
|poke|p2|Kingambit, F|
|teampreview
|inactive|Battle timer is ON: inactive players will automatically lose when time's up. (requested by aslowpoem)
|
|t:|1760804099
|teamsize|p1|6
|teamsize|p2|6
|start
|switch|p1a: Bashō|Gliscor, F|100/100
|switch|p2a: Ogerpon|Ogerpon-Wellspring, F|100/100
|turn|1
|
|t:|1760804105
|move|p1a: Bashō|Protect|p1a: Bashō
|-singleturn|p1a: Bashō|Protect
|move|p2a: Ogerpon|Taunt|p1a: Bashō
|-activate|p1a: Bashō|move: Protect
|
|-status|p1a: Bashō|tox|[from] item: Toxic Orb
|upkeep
|turn|2
|
|t:|1760804110
|switch|p1a: Keats|Azumarill, F, shiny|100/100
|move|p2a: Ogerpon|Taunt|p1a: Keats
|-start|p1a: Keats|move: Taunt
|
|upkeep
|turn|3
|
|t:|1760804121
|move|p2a: Ogerpon|Horn Leech|p1a: Keats
|-ability|p1a: Keats|Sap Sipper|boost
|-boost|p1a: Keats|atk|1
|move|p1a: Keats|Alluring Voice|p2a: Ogerpon
|-damage|p2a: Ogerpon|76/100
|
|upkeep
|turn|4
|
|t:|1760804125
|switch|p2a: Glimmora|Glimmora, F|100/100
|move|p1a: Keats|Alluring Voice|p2a: Glimmora
|-resisted|p2a: Glimmora
|-damage|p2a: Glimmora|89/100
|
|-end|p1a: Keats|move: Taunt
|upkeep
|turn|5
|
|t:|1760804129
|switch|p1a: Tagore|Alomomola, L99, F, shiny|100/100
|move|p2a: Glimmora|Meteor Beam||[still]
|-prepare|p2a: Glimmora|Meteor Beam
|-boost|p2a: Glimmora|spa|1
|-enditem|p2a: Glimmora|Power Herb
|-anim|p2a: Glimmora|Meteor Beam|p1a: Tagore
|-damage|p1a: Tagore|28/100
|
|upkeep
|turn|6
|
|t:|1760804134
|switch|p1a: Baudelaire|Corviknight, M, shiny|100/100
|-ability|p1a: Baudelaire|Pressure
|move|p2a: Glimmora|Earth Power|p1a: Baudelaire
|-immune|p1a: Baudelaire
|
|upkeep
|turn|7
|
|t:|1760804141
|switch|p1a: Tagore|Alomomola, L99, F, shiny|61/100
|move|p2a: Glimmora|Meteor Beam||[still]
|-prepare|p2a: Glimmora|Meteor Beam
|-boost|p2a: Glimmora|spa|1
|
|upkeep
|turn|8
|
|t:|1760804144
|move|p1a: Tagore|Protect|p1a: Tagore
|-singleturn|p1a: Tagore|Protect
|move|p2a: Glimmora|Meteor Beam|p1a: Tagore|[from] lockedmove
|-activate|p1a: Tagore|move: Protect
|
|upkeep
|turn|9
|
|t:|1760804148
|switch|p1a: Baudelaire|Corviknight, M, shiny|100/100
|-ability|p1a: Baudelaire|Pressure
|move|p2a: Glimmora|Mortal Spin|p1a: Baudelaire
|-immune|p1a: Baudelaire
|
|upkeep
|turn|10
|
|t:|1760804154
|move|p2a: Glimmora|Spikes|p1a: Baudelaire
|-sidestart|p1: aslowpoem|Spikes
|move|p1a: Baudelaire|Substitute|p1a: Baudelaire
|-start|p1a: Baudelaire|Substitute
|-damage|p1a: Baudelaire|76/100
|
|-heal|p1a: Baudelaire|82/100|[from] item: Leftovers
|upkeep
|turn|11
|
|t:|1760804160
|switch|p2a: Dragapult|Dragapult, F|100/100
|move|p1a: Baudelaire|Protect||[still]
|-fail|p1a: Baudelaire
|
|-heal|p1a: Baudelaire|88/100|[from] item: Leftovers
|upkeep
|turn|12
|
|t:|1760804162
|move|p1a: Baudelaire|Protect|p1a: Baudelaire
|-singleturn|p1a: Baudelaire|Protect
|move|p2a: Dragapult|Shadow Ball|p1a: Baudelaire
|-activate|p1a: Baudelaire|move: Protect
|
|-heal|p1a: Baudelaire|94/100|[from] item: Leftovers
|upkeep
|turn|13
|
|t:|1760804168
|switch|p2a: Iron Valiant|Iron Valiant|100/100
|-enditem|p2a: Iron Valiant|Booster Energy
|-activate|p2a: Iron Valiant|ability: Quark Drive|[fromitem]
|-start|p2a: Iron Valiant|quarkdrivespe
|switch|p1a: Tagore|Alomomola, L99, F, shiny|95/100
|
|upkeep
|turn|14
|
|t:|1760804172
|-end|p2a: Iron Valiant|Quark Drive|[silent]
|switch|p2a: Ogerpon|Ogerpon-Wellspring, F|76/100
|switch|p1a: Bashō|Gliscor, F|100/100 tox
|
|upkeep
|turn|15
|
|t:|1760804177
|switch|p1a: Keats|Azumarill, F, shiny|100/100
|move|p2a: Ogerpon|Taunt|p1a: Keats
|-start|p1a: Keats|move: Taunt
|
|upkeep
|turn|16
|
|t:|1760804179
|switch|p2a: Glimmora|Glimmora, F|89/100
|move|p1a: Keats|Alluring Voice|p2a: Glimmora
|-resisted|p2a: Glimmora
|-damage|p2a: Glimmora|77/100
|
|upkeep
|turn|17
|
|t:|1760804182
|switch|p1a: Baudelaire|Corviknight, M, shiny|94/100
|-ability|p1a: Baudelaire|Pressure
|move|p2a: Glimmora|Meteor Beam||[still]
|-prepare|p2a: Glimmora|Meteor Beam
|-boost|p2a: Glimmora|spa|1
|
|-heal|p1a: Baudelaire|99/100|[from] item: Leftovers
|upkeep
|turn|18
|
|t:|1760804187
|move|p1a: Baudelaire|Protect|p1a: Baudelaire
|-singleturn|p1a: Baudelaire|Protect
|move|p2a: Glimmora|Meteor Beam|p1a: Baudelaire|[from] lockedmove
|-activate|p1a: Baudelaire|move: Protect
|
|-heal|p1a: Baudelaire|100/100|[from] item: Leftovers
|upkeep
|turn|19
|
|t:|1760804190
|move|p2a: Glimmora|Spikes|p1a: Baudelaire
|-sidestart|p1: aslowpoem|Spikes
|move|p1a: Baudelaire|Substitute|p1a: Baudelaire
|-start|p1a: Baudelaire|Substitute
|-damage|p1a: Baudelaire|76/100
|
|-heal|p1a: Baudelaire|82/100|[from] item: Leftovers
|upkeep
|turn|20
|
|t:|1760804195
|switch|p2a: Dragapult|Dragapult, F|100/100
|switch|p1a: Tagore|Alomomola, L99, F, shiny|100/100
|
|upkeep
|turn|21
|
|t:|1760804198
|move|p2a: Dragapult|U-turn|p1a: Tagore
|-damage|p1a: Tagore|87/100
|
|t:|1760804200
|switch|p2a: Ogerpon|Ogerpon-Wellspring, F|76/100|[from] U-turn
|move|p1a: Tagore|Wish|p1a: Tagore
|
|upkeep
|turn|22
|
|t:|1760804206
|switch|p1a: Keats|Azumarill, F, shiny|100/100
|move|p2a: Ogerpon|Horn Leech|p1a: Keats
|-ability|p1a: Keats|Sap Sipper|boost
|-boost|p1a: Keats|atk|1
|
|upkeep
|turn|23
|
|t:|1760804212
|switch|p2a: Glimmora|Glimmora, F|77/100
|move|p1a: Keats|Alluring Voice|p2a: Glimmora
|-resisted|p2a: Glimmora
|-damage|p2a: Glimmora|63/100
|
|upkeep
|turn|24
|
|t:|1760804214
|switch|p1a: Baudelaire|Corviknight, M, shiny|82/100
|-ability|p1a: Baudelaire|Pressure
|move|p2a: Glimmora|Spikes|p1a: Baudelaire
|-sidestart|p1: aslowpoem|Spikes
|
|-heal|p1a: Baudelaire|88/100|[from] item: Leftovers
|upkeep
|turn|25
|
|t:|1760804220
|switch|p2a: Iron Valiant|Iron Valiant|100/100
|switch|p1a: Tagore|Alomomola, L99, F, shiny|100/100
|
|upkeep
|turn|26
|
|t:|1760804223
|switch|p1a: Bashō|Gliscor, F|100/100 tox
|move|p2a: Iron Valiant|Knock Off|p1a: Bashō
|-damage|p1a: Bashō|80/100 tox
|-enditem|p1a: Bashō|Toxic Orb|[from] move: Knock Off|[of] p2a: Iron Valiant
|
|-heal|p1a: Bashō|92/100 tox|[from] ability: Poison Heal
|upkeep
|turn|27
|
|t:|1760804228
|-end|p2a: Iron Valiant|Quark Drive|[silent]
|switch|p2a: Landorus|Landorus-Therian, M|100/100
|-ability|p2a: Landorus|Intimidate|boost
|-unboost|p1a: Bashō|atk|1
|move|p1a: Bashō|Spikes|p2a: Landorus
|-sidestart|p2: doulos|Spikes
|
|-heal|p1a: Bashō|100/100 tox|[from] ability: Poison Heal
|upkeep
|turn|28
|
|t:|1760804230
|move|p2a: Landorus|Taunt|p1a: Bashō
|-start|p1a: Bashō|move: Taunt
|move|p1a: Bashō|Knock Off|p2a: Landorus
|-damage|p2a: Landorus|88/100
|-damage|p1a: Bashō|84/100 tox|[from] item: Rocky Helmet|[of] p2a: Landorus
|-enditem|p2a: Landorus|Rocky Helmet|[from] move: Knock Off|[of] p1a: Bashō
|
|-heal|p1a: Bashō|97/100 tox|[from] ability: Poison Heal
|upkeep
|turn|29
|
|t:|1760804233
|move|p2a: Landorus|Stealth Rock|p1a: Bashō
|-sidestart|p1: aslowpoem|move: Stealth Rock
|move|p1a: Bashō|Knock Off|p2a: Landorus
|-damage|p2a: Landorus|78/100
|
|-heal|p1a: Bashō|100/100 tox|[from] ability: Poison Heal
|upkeep
|turn|30
|
|t:|1760804238
|move|p2a: Landorus|U-turn|p1a: Bashō
|-resisted|p1a: Bashō
|-damage|p1a: Bashō|94/100 tox
|
|t:|1760804239
|switch|p2a: Ogerpon|Ogerpon-Wellspring, F|76/100|[from] U-turn
|-damage|p2a: Ogerpon|63/100|[from] Spikes
|move|p1a: Bashō|Knock Off|p2a: Ogerpon
|-damage|p2a: Ogerpon|52/100
|
|-heal|p1a: Bashō|100/100 tox|[from] ability: Poison Heal
|-end|p1a: Bashō|move: Taunt
|upkeep
|turn|31
|
|t:|1760804245
|switch|p1a: Keats|Azumarill, F, shiny|100/100
|move|p2a: Ogerpon|Ivy Cudgel|p1a: Keats|[anim] Ivy Cudgel Water
|-resisted|p1a: Keats
|-damage|p1a: Keats|78/100
|
|upkeep
|turn|32
|
|t:|1760804253
|switch|p2a: Glimmora|Glimmora, F|63/100
|-damage|p2a: Glimmora|51/100|[from] Spikes
|move|p1a: Keats|Alluring Voice|p2a: Glimmora
|-resisted|p2a: Glimmora
|-damage|p2a: Glimmora|37/100
|
|upkeep
|turn|33
|
|t:|1760804256
|switch|p2a: Landorus|Landorus-Therian, M|78/100
|-ability|p2a: Landorus|Intimidate|boost
|-unboost|p1a: Keats|atk|1
|switch|p1a: Baudelaire|Corviknight, M, shiny|88/100
|-damage|p1a: Baudelaire|75/100|[from] Stealth Rock
|-ability|p1a: Baudelaire|Pressure
|
|-heal|p1a: Baudelaire|81/100|[from] item: Leftovers
|upkeep
|turn|34
|
|t:|1760804259
|move|p1a: Baudelaire|Protect|p1a: Baudelaire
|-singleturn|p1a: Baudelaire|Protect
|move|p2a: Landorus|Taunt|p1a: Baudelaire
|-activate|p1a: Baudelaire|move: Protect
|
|-heal|p1a: Baudelaire|87/100|[from] item: Leftovers
|upkeep
|turn|35
|
|t:|1760804261
|switch|p1a: Bashō|Gliscor, F|100/100 tox
|-damage|p1a: Bashō|88/100 tox|[from] Stealth Rock
|move|p2a: Landorus|Taunt|p1a: Bashō
|-start|p1a: Bashō|move: Taunt
|
|-heal|p1a: Bashō|100/100 tox|[from] ability: Poison Heal
|upkeep
|turn|36
|
|t:|1760804265
|move|p2a: Landorus|U-turn|p1a: Bashō
|-resisted|p1a: Bashō
|-damage|p1a: Bashō|94/100 tox
|
|t:|1760804272
|switch|p2a: Glimmora|Glimmora, F|37/100|[from] U-turn
|-damage|p2a: Glimmora|25/100|[from] Spikes
|move|p1a: Bashō|Knock Off|p2a: Glimmora
|-damage|p2a: Glimmora|6/100
|-activate|p2a: Glimmora|ability: Toxic Debris
|-sidestart|p1: aslowpoem|move: Toxic Spikes
|
|-heal|p1a: Bashō|100/100 tox|[from] ability: Poison Heal
|upkeep
|turn|37
|
|t:|1760804277
|switch|p1a: Baudelaire|Corviknight, M, shiny|87/100
|-damage|p1a: Baudelaire|75/100|[from] Stealth Rock
|-ability|p1a: Baudelaire|Pressure
|move|p2a: Glimmora|Meteor Beam||[still]
|-prepare|p2a: Glimmora|Meteor Beam
|-boost|p2a: Glimmora|spa|1
|
|-heal|p1a: Baudelaire|81/100|[from] item: Leftovers
|upkeep
|turn|38
|
|t:|1760804282
|move|p1a: Baudelaire|Protect|p1a: Baudelaire
|-singleturn|p1a: Baudelaire|Protect
|move|p2a: Glimmora|Meteor Beam|p1a: Baudelaire|[from] lockedmove
|-activate|p1a: Baudelaire|move: Protect
|
|-heal|p1a: Baudelaire|87/100|[from] item: Leftovers
|upkeep
|turn|39
|
|t:|1760804295
|switch|p2a: Landorus|Landorus-Therian, M|78/100
|-ability|p2a: Landorus|Intimidate|boost
|-unboost|p1a: Baudelaire|atk|1
|move|p1a: Baudelaire|Substitute|p1a: Baudelaire
|-start|p1a: Baudelaire|Substitute
|-damage|p1a: Baudelaire|62/100
|
|-heal|p1a: Baudelaire|68/100|[from] item: Leftovers
|upkeep
|turn|40
|
|t:|1760804298
|move|p1a: Baudelaire|Protect|p1a: Baudelaire
|-singleturn|p1a: Baudelaire|Protect
|move|p2a: Landorus|U-turn|p1a: Baudelaire
|-activate|p1a: Baudelaire|move: Protect
|
|-heal|p1a: Baudelaire|74/100|[from] item: Leftovers
|upkeep
|turn|41
|
|t:|1760804302
|move|p2a: Landorus|U-turn|p1a: Baudelaire
|-resisted|p1a: Baudelaire
|-activate|p1a: Baudelaire|move: Substitute|[damage]
|
|t:|1760804303
|switch|p2a: Glimmora|Glimmora, F|6/100|[from] U-turn
|-damage|p2a: Glimmora|0 fnt|[from] Spikes
|faint|p2a: Glimmora
|move|p1a: Baudelaire|Roost|p1a: Baudelaire
|-heal|p1a: Baudelaire|100/100
|-singleturn|p1a: Baudelaire|move: Roost
|
|upkeep
|
|t:|1760804305
|switch|p2a: Iron Valiant|Iron Valiant|100/100
|-damage|p2a: Iron Valiant|88/100|[from] Spikes
|turn|42
|
|t:|1760804310
|switch|p1a: Bashō|Gliscor, F|100/100 tox
|-damage|p1a: Bashō|88/100 tox|[from] Stealth Rock
|move|p2a: Iron Valiant|Swords Dance|p2a: Iron Valiant
|-boost|p2a: Iron Valiant|atk|2
|
|-heal|p1a: Bashō|100/100 tox|[from] ability: Poison Heal
|upkeep
|turn|43
|
|t:|1760804320
|-end|p2a: Iron Valiant|Quark Drive|[silent]
|switch|p2a: Landorus|Landorus-Therian, M|78/100
|-ability|p2a: Landorus|Intimidate|boost
|-unboost|p1a: Bashō|atk|1
|move|p1a: Bashō|Toxic|p2a: Landorus
|-status|p2a: Landorus|tox
|
|-damage|p2a: Landorus|72/100 tox|[from] psn
|upkeep
|turn|44
|
|t:|1760804323
|move|p2a: Landorus|Taunt|p1a: Bashō
|-start|p1a: Bashō|move: Taunt
|move|p1a: Bashō|Knock Off|p2a: Landorus
|-damage|p2a: Landorus|62/100 tox
|
|-damage|p2a: Landorus|50/100 tox|[from] psn
|upkeep
|turn|45
|
|t:|1760804326
|move|p2a: Landorus|U-turn|p1a: Bashō
|-resisted|p1a: Bashō
|-damage|p1a: Bashō|94/100 tox
|
|t:|1760804329
|switch|p2a: Ogerpon|Ogerpon-Wellspring, F|52/100|[from] U-turn
|-damage|p2a: Ogerpon|39/100|[from] Spikes
|move|p1a: Bashō|Knock Off|p2a: Ogerpon
|-damage|p2a: Ogerpon|27/100
|
|-heal|p1a: Bashō|100/100 tox|[from] ability: Poison Heal
|upkeep
|turn|46
|
|t:|1760804334
|switch|p1a: Keats|Azumarill, F, shiny|78/100
|move|p2a: Ogerpon|Ivy Cudgel|p1a: Keats|[anim] Ivy Cudgel Water
|-resisted|p1a: Keats
|-damage|p1a: Keats|57/100
|
|upkeep
|turn|47
|
|t:|1760804341
|switch|p2a: Landorus|Landorus-Therian, M|50/100 tox
|-ability|p2a: Landorus|Intimidate|boost
|-unboost|p1a: Keats|atk|1
|move|p1a: Keats|Alluring Voice|p2a: Landorus
|-damage|p2a: Landorus|29/100 tox
|
|-damage|p2a: Landorus|23/100 tox|[from] psn
|upkeep
|turn|48
|j| weigh666
|
|t:|1760804345
|switch|p1a: Tagore|Alomomola, L99, F, shiny|100/100
|move|p2a: Landorus|Earthquake|p1a: Tagore
|-damage|p1a: Tagore|62/100
|
|-damage|p2a: Landorus|11/100 tox|[from] psn
|upkeep
|turn|49
|
|t:|1760804350
|move|p2a: Landorus|Taunt|p1a: Tagore
|-start|p1a: Tagore|move: Taunt
|cant|p1a: Tagore|move: Taunt|Wish
|
|-damage|p2a: Landorus|0 fnt|[from] psn
|faint|p2a: Landorus
|upkeep
|
|t:|1760804351
|switch|p2a: Ogerpon|Ogerpon-Wellspring, F|27/100
|-damage|p2a: Ogerpon|15/100|[from] Spikes
|turn|50
|
|t:|1760804356
|switch|p1a: Keats|Azumarill, F, shiny|57/100
|move|p2a: Ogerpon|Ivy Cudgel|p1a: Keats|[anim] Ivy Cudgel Water
|-resisted|p1a: Keats
|-damage|p1a: Keats|34/100
|
|upkeep
|turn|51
|
|t:|1760804371
|move|p2a: Ogerpon|Play Rough|p1a: Keats
|-damage|p1a: Keats|7/100
|move|p1a: Keats|Alluring Voice|p2a: Ogerpon
|-damage|p2a: Ogerpon|0 fnt
|faint|p2a: Ogerpon
|
|upkeep
|
|t:|1760804376
|switch|p2a: Dragapult|Dragapult, F|100/100
|-damage|p2a: Dragapult|88/100|[from] Spikes
|turn|52
|
|t:|1760804387
|switch|p1a: Tagore|Alomomola, L99, F, shiny|96/100
|move|p2a: Dragapult|Shadow Ball|p1a: Tagore
|-damage|p1a: Tagore|59/100
|
|upkeep
|turn|53
|
|t:|1760804392
|move|p2a: Dragapult|Shadow Ball|p1a: Tagore
|-damage|p1a: Tagore|22/100
|move|p1a: Tagore|Wish|p1a: Tagore
|
|upkeep
|turn|54
|
|t:|1760804395
|switch|p2a: Iron Valiant|Iron Valiant|88/100
|-damage|p2a: Iron Valiant|76/100|[from] Spikes
|move|p1a: Tagore|Protect||[still]
|-fail|p1a: Tagore
|
|-heal|p1a: Tagore|72/100|[from] move: Wish|[wisher] Tagore
|upkeep
|turn|55
|
|t:|1760804399
|switch|p1a: Bashō|Gliscor, F|100/100 tox
|-damage|p1a: Bashō|88/100 tox|[from] Stealth Rock
|move|p2a: Iron Valiant|Encore||[still]
|-fail|p2a: Iron Valiant
|
|-heal|p1a: Bashō|100/100 tox|[from] ability: Poison Heal
|upkeep
|turn|56
|
|t:|1760804402
|-terastallize|p2a: Iron Valiant|Steel
|move|p2a: Iron Valiant|Swords Dance|p2a: Iron Valiant
|-boost|p2a: Iron Valiant|atk|2
|move|p1a: Bashō|Toxic|p2a: Iron Valiant
|-immune|p2a: Iron Valiant
|
|upkeep
|turn|57
|
|t:|1760804407
|move|p2a: Iron Valiant|Knock Off|p1a: Bashō
|-damage|p1a: Bashō|73/100 tox
|move|p1a: Bashō|Spikes|p2a: Iron Valiant
|-sidestart|p2: doulos|Spikes
|
|-heal|p1a: Bashō|85/100 tox|[from] ability: Poison Heal
|upkeep
|turn|58
|
|t:|1760804412
|move|p2a: Iron Valiant|Swords Dance|p2a: Iron Valiant
|-boost|p2a: Iron Valiant|atk|2
|move|p1a: Bashō|Spikes|p2a: Iron Valiant
|-sidestart|p2: doulos|Spikes
|
|-heal|p1a: Bashō|98/100 tox|[from] ability: Poison Heal
|upkeep
|turn|59
|
|t:|1760804420
|switch|p1a: Keats|Azumarill, F, shiny|7/100
|move|p2a: Iron Valiant|Spirit Break|p1a: Keats
|-damage|p1a: Keats|0 fnt
|faint|p1a: Keats
|
|upkeep
|
|t:|1760804423
|switch|p1a: Whitman|Dondozo, F|100/100
|turn|60
|
|t:|1760804425
|move|p2a: Iron Valiant|Knock Off|p1a: Whitman
|-damage|p1a: Whitman|86/100
|-enditem|p1a: Whitman|Heavy-Duty Boots|[from] move: Knock Off|[of] p2a: Iron Valiant
|move|p1a: Whitman|Body Press|p2a: Iron Valiant
|-supereffective|p2a: Iron Valiant
|-damage|p2a: Iron Valiant|4/100
|
|upkeep
|turn|61
|
|t:|1760804440
|move|p2a: Iron Valiant|Encore|p1a: Whitman
|-start|p1a: Whitman|Encore
|move|p1a: Whitman|Body Press|p2a: Iron Valiant
|-supereffective|p2a: Iron Valiant
|-damage|p2a: Iron Valiant|0 fnt
|faint|p2a: Iron Valiant
|-end|p2a: Iron Valiant|Quark Drive|[silent]
|
|upkeep
|
|t:|1760804442
|switch|p2a: Dragapult|Dragapult, F|88/100
|-damage|p2a: Dragapult|63/100|[from] Spikes
|turn|62
|
|t:|1760804444
|switch|p1a: Tagore|Alomomola, L99, F, shiny|100/100
|move|p2a: Dragapult|Shadow Ball|p1a: Tagore
|-damage|p1a: Tagore|63/100
|
|upkeep
|turn|63
|
|t:|1760804450
|move|p2a: Dragapult|Shadow Ball|p1a: Tagore
|-damage|p1a: Tagore|23/100
|-unboost|p1a: Tagore|spd|1
|move|p1a: Tagore|Wish|p1a: Tagore
|
|upkeep
|turn|64
|
|t:|1760804453
|move|p1a: Tagore|Protect|p1a: Tagore
|-singleturn|p1a: Tagore|Protect
|move|p2a: Dragapult|Shadow Ball|p1a: Tagore
|-activate|p1a: Tagore|move: Protect
|
|-heal|p1a: Tagore|73/100|[from] move: Wish|[wisher] Tagore
|upkeep
|turn|65
|
|t:|1760804457
|switch|p1a: Rimbaud|Clodsire, F|100/100
|-sideend|p1: aslowpoem|move: Toxic Spikes|[of] p1a: Rimbaud
|move|p2a: Dragapult|Shadow Ball|p1a: Rimbaud
|-damage|p1a: Rimbaud|69/100
|
|upkeep
|turn|66
|
|t:|1760804462
|move|p2a: Dragapult|Shadow Ball|p1a: Rimbaud
|-damage|p1a: Rimbaud|37/100
|move|p1a: Rimbaud|Toxic|p2a: Dragapult
|-status|p2a: Dragapult|tox
|
|-damage|p2a: Dragapult|57/100 tox|[from] psn
|upkeep
|turn|67
|
|t:|1760804465
|move|p2a: Dragapult|Shadow Ball|p1a: Rimbaud
|-damage|p1a: Rimbaud|6/100
|move|p1a: Rimbaud|Recover|p1a: Rimbaud
|-heal|p1a: Rimbaud|56/100
|
|-damage|p2a: Dragapult|45/100 tox|[from] psn
|upkeep
|turn|68
|
|t:|1760804468
|move|p2a: Dragapult|Shadow Ball|p1a: Rimbaud
|-damage|p1a: Rimbaud|24/100
|move|p1a: Rimbaud|Recover|p1a: Rimbaud
|-heal|p1a: Rimbaud|74/100
|
|-damage|p2a: Dragapult|27/100 tox|[from] psn
|upkeep
|turn|69
|
|t:|1760804472
|switch|p1a: Tagore|Alomomola, L99, F, shiny|100/100
|move|p2a: Dragapult|Shadow Ball|p1a: Tagore
|-crit|p1a: Tagore
|-damage|p1a: Tagore|40/100
|
|-damage|p2a: Dragapult|3/100 tox|[from] psn
|upkeep
|turn|70
|
|t:|1760804478
|move|p1a: Tagore|Protect|p1a: Tagore
|-singleturn|p1a: Tagore|Protect
|move|p2a: Dragapult|Shadow Ball|p1a: Tagore
|-activate|p1a: Tagore|move: Protect
|
|-damage|p2a: Dragapult|0 fnt|[from] psn
|faint|p2a: Dragapult
|upkeep
|
|t:|1760804479
|switch|p2a: Kingambit|Kingambit, F|100/100
|-damage|p2a: Kingambit|76/100|[from] Spikes
|-activate|p2a: Kingambit|ability: Supreme Overlord
|-start|p2a: Kingambit|fallen5|[silent]
|turn|71
|
|t:|1760804484
|move|p2a: Kingambit|Kowtow Cleave|p1a: Tagore
|-damage|p1a: Tagore|0 fnt
|faint|p1a: Tagore
|
|-heal|p2a: Kingambit|82/100|[from] item: Leftovers
|upkeep
|
|t:|1760804488
|switch|p1a: Bashō|Gliscor, F|98/100 tox
|-damage|p1a: Bashō|85/100 tox|[from] Stealth Rock
|turn|72
|
|t:|1760804491
|move|p1a: Bashō|Knock Off|p2a: Kingambit
|-resisted|p2a: Kingambit
|-damage|p2a: Kingambit|74/100
|-enditem|p2a: Kingambit|Leftovers|[from] move: Knock Off|[of] p1a: Bashō
|move|p2a: Kingambit|Swords Dance|p2a: Kingambit
|-boost|p2a: Kingambit|atk|2
|
|-heal|p1a: Bashō|98/100 tox|[from] ability: Poison Heal
|upkeep
|turn|73
|
|t:|1760804498
|move|p1a: Bashō|Knock Off|p2a: Kingambit
|-resisted|p2a: Kingambit
|-damage|p2a: Kingambit|68/100
|move|p2a: Kingambit|Kowtow Cleave|p1a: Bashō
|-damage|p1a: Bashō|13/100 tox
|
|-heal|p1a: Bashō|26/100 tox|[from] ability: Poison Heal
|upkeep
|turn|74
|
|t:|1760804502
|move|p1a: Bashō|Protect|p1a: Bashō
|-singleturn|p1a: Bashō|Protect
|move|p2a: Kingambit|Kowtow Cleave|p1a: Bashō
|-activate|p1a: Bashō|move: Protect
|
|-heal|p1a: Bashō|38/100 tox|[from] ability: Poison Heal
|upkeep
|turn|75
|
|t:|1760804507
|move|p2a: Kingambit|Sucker Punch|p1a: Bashō
|-damage|p1a: Bashō|0 fnt
|faint|p1a: Bashō
|
|upkeep
|
|t:|1760804511
|switch|p1a: Whitman|Dondozo, F|86/100
|-damage|p1a: Whitman|61/100|[from] Spikes
|-damage|p1a: Whitman|48/100|[from] Stealth Rock
|turn|76
|
|t:|1760804515
|move|p2a: Kingambit|Iron Head|p1a: Whitman
|-resisted|p1a: Whitman
|-damage|p1a: Whitman|31/100
|move|p1a: Whitman|Rest|p1a: Whitman
|-status|p1a: Whitman|slp|[from] move: Rest
|-heal|p1a: Whitman|100/100 slp|[silent]
|
|upkeep
|turn|77
|
|t:|1760804518
|move|p2a: Kingambit|Kowtow Cleave|p1a: Whitman
|-damage|p1a: Whitman|65/100 slp
|cant|p1a: Whitman|slp
|move|p1a: Whitman|Sleep Talk|p1a: Whitman
|move|p1a: Whitman|Body Press|p2a: Kingambit|[from] move: Sleep Talk
|-supereffective|p2a: Kingambit
|-damage|p2a: Kingambit|0 fnt
|faint|p2a: Kingambit
|-end|p2a: Kingambit|fallen5|[silent]
|
|win|aslowpoem
|raw|aslowpoem's rating: 1723 &rarr; <strong>1740</strong><br />(+17 for winning)
|raw|doulos's rating: 1672 &rarr; <strong>1655</strong><br />(-17 for losing)
|l|☆doulos
|player|p2|
|l|☆aslowpoem
|player|p1|
|l| weigh666
