|j|☆grimppyyyy god
|j|☆njokerp5
|t:|1760858834
|gametype|singles
|player|p1|grimppyyyy god|riley|1189
|player|p2|njokerp5|swimmer-gen4|1170
|gen|9
|tier|[Gen 9] OU
|rated|
|rule|HP Percentage Mod: HP is shown in percentages
|rule|Endless Battle Clause: Forcing endless battles is banned
|rule|Species Clause: Limit one of each Pokémon
|rule|OHKO Clause: OHKO moves are banned
|rule|Evasion Items Clause: Evasion items are banned
|rule|Evasion Moves Clause: Evasion moves are banned
|rule|Evasion Abilities Clause: Evasion abilities are banned
|rule|Sleep Moves Clause: Sleep-inducing moves are banned
|clearpoke
|poke|p1|Glimmora, M|
|poke|p1|Overqwil, M|
|poke|p1|Pelipper, M|
|poke|p1|Kingdra, M|
|poke|p1|Barraskewda, M|
|poke|p1|Golurk|
|poke|p2|Typhlosion-Hisui, M|
|poke|p2|Torkoal, M|
|poke|p2|Walking Wake|
|poke|p2|Scream Tail|
|poke|p2|Great Tusk|
|poke|p2|Kingambit, F|
|teampreview
|
|t:|1760858842
|teamsize|p1|6
|teamsize|p2|6
|start
|switch|p1a: Glimmora|Glimmora, M|100/100
|switch|p2a: Torkoal|Torkoal, M|100/100
|-weather|SunnyDay|[from] ability: Drought|[of] p2a: Torkoal
|turn|1
|
|t:|1760858855
|switch|p2a: Walking Wake|Walking Wake|100/100
|-activate|p2a: Walking Wake|ability: Protosynthesis
|-start|p2a: Walking Wake|protosynthesisspe
|move|p1a: Glimmora|Toxic Spikes|p2a: Walking Wake
|-sidestart|p2: njokerp5|move: Toxic Spikes
|
|-weather|SunnyDay|[upkeep]
|upkeep
|turn|2
|
|t:|1760858865
|move|p2a: Walking Wake|Hydro Steam|p1a: Glimmora
|-supereffective|p1a: Glimmora
|-enditem|p1a: Glimmora|Focus Sash
|-damage|p1a: Glimmora|1/100
|move|p1a: Glimmora|Stealth Rock|p2a: Walking Wake
|-sidestart|p2: njokerp5|move: Stealth Rock
|
|-weather|SunnyDay|[upkeep]
|upkeep
|turn|3
|
|t:|1760858874
|move|p2a: Walking Wake|Hydro Steam|p1a: Glimmora
|-supereffective|p1a: Glimmora
|-damage|p1a: Glimmora|0 fnt
|faint|p1a: Glimmora
|
|-weather|SunnyDay|[upkeep]
|upkeep
|
|t:|1760858883
|switch|p1a: Pelipper|Pelipper, M|100/100
|-weather|RainDance|[from] ability: Drizzle|[of] p1a: Pelipper
|-end|p2a: Walking Wake|Protosynthesis
|turn|4
|inactive|Battle timer is ON: inactive players will automatically lose when time's up. (requested by njokerp5)
|
|t:|1760858893
|move|p2a: Walking Wake|Hydro Steam|p1a: Pelipper
|-resisted|p1a: Pelipper
|-damage|p1a: Pelipper|38/100
|move|p1a: Pelipper|U-turn|p2a: Walking Wake
|-damage|p2a: Walking Wake|91/100
|
|t:|1760858902
|switch|p1a: Kingdra|Kingdra, M|100/100|[from] U-turn
|
|-weather|RainDance|[upkeep]
|upkeep
|turn|5
|
|t:|1760858913
|-end|p2a: Walking Wake|Protosynthesis|[silent]
|switch|p2a: Great Tusk|Great Tusk|100/100
|move|p1a: Kingdra|Draco Meteor|p2a: Great Tusk
|-damage|p2a: Great Tusk|0 fnt
|-unboost|p1a: Kingdra|spa|2
|faint|p2a: Great Tusk
|-end|p2a: Great Tusk|Protosynthesis|[silent]
|
|-weather|RainDance|[upkeep]
|upkeep
|
|t:|1760858924
|switch|p2a: Torkoal|Torkoal, M|100/100
|-status|p2a: Torkoal|psn
|-damage|p2a: Torkoal|76/100 psn|[from] Stealth Rock
|-weather|SunnyDay|[from] ability: Drought|[of] p2a: Torkoal
|turn|6
|
|t:|1760858935
|switch|p1a: Golurk|Golurk|100/100
|move|p2a: Torkoal|Rapid Spin|p1a: Golurk
|-immune|p1a: Golurk
|
|-weather|SunnyDay|[upkeep]
|-damage|p2a: Torkoal|63/100 psn|[from] psn
|upkeep
|turn|7
|
|t:|1760858958
|move|p1a: Golurk|Earthquake|p2a: Torkoal
|-supereffective|p2a: Torkoal
|-damage|p2a: Torkoal|0 fnt
|faint|p2a: Torkoal
|
|-weather|SunnyDay|[upkeep]
|upkeep
|
|t:|1760858966
|switch|p2a: Walking Wake|Walking Wake|91/100
|-status|p2a: Walking Wake|psn
|-damage|p2a: Walking Wake|79/100 psn|[from] Stealth Rock
|-activate|p2a: Walking Wake|ability: Protosynthesis
|-start|p2a: Walking Wake|protosynthesisspe
|turn|8
|
|t:|1760858981
|move|p2a: Walking Wake|Hydro Steam|p1a: Golurk
|-supereffective|p1a: Golurk
|-crit|p1a: Golurk
|-damage|p1a: Golurk|0 fnt
|faint|p1a: Golurk
|
|-weather|SunnyDay|[upkeep]
|-damage|p2a: Walking Wake|67/100 psn|[from] psn
|upkeep
|
|t:|1760858990
|switch|p1a: Pelipper|Pelipper, M|38/100
|-weather|RainDance|[from] ability: Drizzle|[of] p1a: Pelipper
|-end|p2a: Walking Wake|Protosynthesis
|turn|9
|
|t:|1760858996
|switch|p1a: Kingdra|Kingdra, M|100/100
|move|p2a: Walking Wake|Hydro Steam|p1a: Kingdra
|-resisted|p1a: Kingdra
|-damage|p1a: Kingdra|73/100
|
|-weather|RainDance|[upkeep]
|-damage|p2a: Walking Wake|54/100 psn|[from] psn
|upkeep
|turn|10
|
|t:|1760859009
|-end|p2a: Walking Wake|Protosynthesis|[silent]
|switch|p2a: Scream Tail|Scream Tail|100/100
|-status|p2a: Scream Tail|psn
|-damage|p2a: Scream Tail|88/100 psn|[from] Stealth Rock
|move|p1a: Kingdra|Draco Meteor|p2a: Scream Tail
|-immune|p2a: Scream Tail
|
|-weather|RainDance|[upkeep]
|-heal|p2a: Scream Tail|94/100 psn|[from] item: Leftovers
|-damage|p2a: Scream Tail|82/100 psn|[from] psn
|upkeep
|turn|11
|
|t:|1760859026
|switch|p1a: Overqwil|Overqwil, M|100/100
|move|p2a: Scream Tail|Dazzling Gleam|p1a: Overqwil
|-damage|p1a: Overqwil|67/100
|
|-weather|RainDance|[upkeep]
|-heal|p2a: Scream Tail|88/100 psn|[from] item: Leftovers
|-damage|p2a: Scream Tail|76/100 psn|[from] psn
|upkeep
|turn|12
|
|t:|1760859044
|move|p1a: Overqwil|Barb Barrage|p2a: Scream Tail
|-supereffective|p2a: Scream Tail
|-crit|p2a: Scream Tail
|-damage|p2a: Scream Tail|0 fnt
|faint|p2a: Scream Tail
|-end|p2a: Scream Tail|Protosynthesis|[silent]
|
|-weather|RainDance|[upkeep]
|upkeep
|
|t:|1760859052
|switch|p2a: Kingambit|Kingambit, F|100/100
|-damage|p2a: Kingambit|94/100|[from] Stealth Rock
|-activate|p2a: Kingambit|ability: Supreme Overlord
|-start|p2a: Kingambit|fallen3|[silent]
|turn|13
|
|t:|1760859068
|move|p1a: Overqwil|Swords Dance|p1a: Overqwil
|-boost|p1a: Overqwil|atk|2
|move|p2a: Kingambit|Swords Dance|p2a: Kingambit
|-boost|p2a: Kingambit|atk|2
|
|-weather|RainDance|[upkeep]
|upkeep
|turn|14
|
|t:|1760859078
|move|p2a: Kingambit|Sucker Punch||[still]
|-fail|p2a: Kingambit
|move|p1a: Overqwil|Swords Dance|p1a: Overqwil
|-boost|p1a: Overqwil|atk|2
|
|-weather|RainDance|[upkeep]
|upkeep
|turn|15
|
|t:|1760859087
|move|p1a: Overqwil|Swords Dance|p1a: Overqwil
|-boost|p1a: Overqwil|atk|2
|move|p2a: Kingambit|Kowtow Cleave|p1a: Overqwil
|-resisted|p1a: Overqwil
|-damage|p1a: Overqwil|0 fnt
|faint|p1a: Overqwil
|
|-weather|RainDance|[upkeep]
|upkeep
|
|t:|1760859099
|switch|p1a: Kingdra|Kingdra, M|73/100
|turn|16
|
|t:|1760859104
|move|p1a: Kingdra|Weather Ball|p2a: Kingambit
|-damage|p2a: Kingambit|0 fnt
|faint|p2a: Kingambit
|-end|p2a: Kingambit|fallen3|[silent]
|
|-weather|none
|upkeep
|-message|njokerp5 forfeited.
|
|win|grimppyyyy god
|raw|grimppyyyy god's rating: 1189 &rarr; <strong>1213</strong><br />(+24 for winning)
|raw|njokerp5's rating: 1170 &rarr; <strong>1146</strong><br />(-24 for losing)
|l|☆njokerp5
|player|p2|
|l|☆grimppyyyy god
|player|p1|
