|j|‽Tsoxatsat
|j|☆alovana0
|t:|1760816097
|gametype|singles
|player|p1|Tsoxatsat|102|1410
|player|p2|alovana0|pilot|1420
|gen|9
|tier|[Gen 9] OU
|rated|
|rule|HP Percentage Mod: HP is shown in percentages
|rule|Endless Battle Clause: Forcing endless battles is banned
|rule|Species Clause: Limit one of each Pokémon
|rule|OHKO Clause: OHKO moves are banned
|rule|Evasion Items Clause: Evasion items are banned
|rule|Evasion Moves Clause: Evasion moves are banned
|rule|Evasion Abilities Clause: Evasion abilities are banned
|rule|Sleep Moves Clause: Sleep-inducing moves are banned
|clearpoke
|poke|p1|Hatterene, F|
|poke|p1|Iron Treads|
|poke|p1|Ogerpon-Wellspring, F|
|poke|p1|Dragonite, F|
|poke|p1|Iron Valiant|
|poke|p1|Ceruledge, M|
|poke|p2|Ninetales, F|
|poke|p2|Dragonite, F|
|poke|p2|Cinderace, F|
|poke|p2|Walking Wake|
|poke|p2|Cresselia, F|
|poke|p2|Great Tusk|
|teampreview
|inactive|Battle timer is ON: inactive players will automatically lose when time's up. (requested by alovana0)
|inactive|Tsoxatsat also wants the timer to be on.
|
|t:|1760816105
|teamsize|p1|6
|teamsize|p2|6
|start
|switch|p1a: Dragonite|Dragonite, F|100/100
|switch|p2a: Ninetales|Ninetales, F|100/100
|-weather|SunnyDay|[from] ability: Drought|[of] p2a: Ninetales
|turn|1
|
|t:|1760816111
|switch|p2a: Cresselia|Cresselia, F|100/100
|move|p1a: Dragonite|Draco Meteor|p2a: Cresselia
|-damage|p2a: Cresselia|53/100
|-unboost|p1a: Dragonite|spa|2
|-enditem|p2a: Cresselia|Eject Button
|
|t:|1760816123
|switch|p2a: Cinderace|Cinderace, F|100/100
|
|-weather|SunnyDay|[upkeep]
|upkeep
|turn|2
|
|t:|1760816126
|switch|p1a: Ceruledge|Ceruledge, M|100/100
|move|p2a: Cinderace|U-turn|p1a: Ceruledge
|-start|p2a: Cinderace|typechange|Bug|[from] ability: Libero
|-resisted|p1a: Ceruledge
|-damage|p1a: Ceruledge|87/100
|-ability|p1a: Ceruledge|Weak Armor|boost
|-unboost|p1a: Ceruledge|def|1
|-boost|p1a: Ceruledge|spe|2
|
|t:|1760816148
|switch|p2a: Dragonite|Dragonite, F|100/100|[from] U-turn
|
|-weather|SunnyDay|[upkeep]
|upkeep
|turn|3
|
|t:|1760816152
|move|p1a: Ceruledge|Poltergeist|p2a: Dragonite
|-activate|p2a: Dragonite|move: Poltergeist|Heavy-Duty Boots
|-damage|p2a: Dragonite|68/100
|move|p2a: Dragonite|Earthquake|p1a: Ceruledge
|-supereffective|p1a: Ceruledge
|-damage|p1a: Ceruledge|0 fnt
|faint|p1a: Ceruledge
|
|-weather|SunnyDay|[upkeep]
|upkeep
|
|t:|1760816161
|switch|p1a: Ogerpon|Ogerpon-Wellspring, F|100/100
|turn|4
|
|t:|1760816170
|switch|p2a: Cresselia|Cresselia, F|53/100
|move|p1a: Ogerpon|Play Rough|p2a: Cresselia
|-crit|p2a: Cresselia
|-damage|p2a: Cresselia|14/100
|
|-weather|SunnyDay|[upkeep]
|upkeep
|turn|5
|
|t:|1760816174
|move|p1a: Ogerpon|Knock Off|p2a: Cresselia
|-supereffective|p2a: Cresselia
|-damage|p2a: Cresselia|0 fnt
|faint|p2a: Cresselia
|
|-weather|SunnyDay|[upkeep]
|upkeep
|
|t:|1760816176
|switch|p2a: Ninetales|Ninetales, F|100/100
|turn|6
|
|t:|1760816184
|switch|p2a: Walking Wake|Walking Wake|100/100
|-activate|p2a: Walking Wake|ability: Protosynthesis
|-start|p2a: Walking Wake|protosynthesisspa
|switch|p1a: Dragonite|Dragonite, F|100/100
|
|-weather|SunnyDay|[upkeep]
|upkeep
|turn|7
|inactive|Tsoxatsat has 120 seconds left.
|inactive|alovana0 has 120 seconds left.
|
|t:|1760816218
|-terastallize|p2a: Walking Wake|Water
|move|p2a: Walking Wake|Dragon Pulse|p1a: Dragonite
|-supereffective|p1a: Dragonite
|-crit|p1a: Dragonite
|-damage|p1a: Dragonite|0 fnt
|faint|p1a: Dragonite
|
|-weather|SunnyDay|[upkeep]
|upkeep
|inactive|Tsoxatsat has 120 seconds left.
|
|t:|1760816227
|switch|p1a: Ogerpon|Ogerpon-Wellspring, F|100/100
|turn|8
|
|t:|1760816241
|-end|p2a: Walking Wake|Protosynthesis|[silent]
|switch|p2a: Cinderace|Cinderace, F|100/100
|move|p1a: Ogerpon|Knock Off|p2a: Cinderace
|-damage|p2a: Cinderace|35/100
|-enditem|p2a: Cinderace|Choice Scarf|[from] move: Knock Off|[of] p1a: Ogerpon
|
|-weather|none
|upkeep
|turn|9
|inactive|alovana0 has 120 seconds left.
|
|t:|1760816268
|switch|p2a: Ninetales|Ninetales, F|100/100
|-weather|SunnyDay|[from] ability: Drought|[of] p2a: Ninetales
|switch|p1a: Iron Treads|Iron Treads|100/100
|
|-weather|SunnyDay|[upkeep]
|upkeep
|turn|10
|
|t:|1760816273
|switch|p2a: Great Tusk|Great Tusk|100/100
|-activate|p2a: Great Tusk|ability: Protosynthesis
|-start|p2a: Great Tusk|protosynthesisatk
|move|p1a: Iron Treads|Earthquake|p2a: Great Tusk
|-damage|p2a: Great Tusk|66/100
|
|-weather|SunnyDay|[upkeep]
|upkeep
|turn|11
|inactive|alovana0 has 120 seconds left.
|
|t:|1760816279
|move|p1a: Iron Treads|Earthquake|p2a: Great Tusk
|-damage|p2a: Great Tusk|32/100
|move|p2a: Great Tusk|Rapid Spin|p1a: Iron Treads
|-resisted|p1a: Iron Treads
|-damage|p1a: Iron Treads|89/100
|-boost|p2a: Great Tusk|spe|1
|
|-weather|SunnyDay|[upkeep]
|-heal|p1a: Iron Treads|96/100|[from] item: Leftovers
|upkeep
|turn|12
|
|t:|1760816287
|-terastallize|p1a: Iron Treads|Ghost
|move|p2a: Great Tusk|Close Combat|p1a: Iron Treads
|-immune|p1a: Iron Treads
|move|p1a: Iron Treads|Earthquake|p2a: Great Tusk
|-damage|p2a: Great Tusk|0 fnt
|faint|p2a: Great Tusk
|-end|p2a: Great Tusk|Protosynthesis|[silent]
|
|-weather|SunnyDay|[upkeep]
|-heal|p1a: Iron Treads|100/100|[from] item: Leftovers
|upkeep
|inactive|alovana0 has 120 seconds left.
|
|t:|1760816299
|switch|p2a: Walking Wake|Walking Wake, tera:Water|100/100
|-activate|p2a: Walking Wake|ability: Protosynthesis
|-start|p2a: Walking Wake|protosynthesisspa
|turn|13
|
|t:|1760816305
|move|p1a: Iron Treads|Earthquake|p2a: Walking Wake
|-damage|p2a: Walking Wake|49/100
|move|p2a: Walking Wake|Hydro Steam|p1a: Iron Treads
|-damage|p1a: Iron Treads|0 fnt
|faint|p1a: Iron Treads
|-end|p1a: Iron Treads|Quark Drive|[silent]
|
|-weather|SunnyDay|[upkeep]
|upkeep
|
|t:|1760816310
|switch|p1a: Ogerpon|Ogerpon-Wellspring, F|100/100
|turn|14
|
|t:|1760816317
|move|p1a: Ogerpon|Power Whip|p2a: Walking Wake
|-supereffective|p2a: Walking Wake
|-damage|p2a: Walking Wake|0 fnt
|faint|p2a: Walking Wake
|-end|p2a: Walking Wake|Protosynthesis|[silent]
|
|-weather|SunnyDay|[upkeep]
|upkeep
|
|t:|1760816321
|switch|p2a: Dragonite|Dragonite, F|68/100
|turn|15
|
|t:|1760816329
|move|p1a: Ogerpon|Play Rough|p2a: Dragonite
|-supereffective|p2a: Dragonite
|-damage|p2a: Dragonite|0 fnt
|faint|p2a: Dragonite
|
|-weather|SunnyDay|[upkeep]
|upkeep
|
|t:|1760816332
|switch|p2a: Ninetales|Ninetales, F|100/100
|turn|16
|
|t:|1760816347
|move|p2a: Ninetales|Overheat|p1a: Ogerpon
|-damage|p1a: Ogerpon|13/100
|-unboost|p2a: Ninetales|spa|2
|move|p1a: Ogerpon|Ivy Cudgel|p2a: Ninetales|[anim] Ivy Cudgel Water
|-supereffective|p2a: Ninetales
|-damage|p2a: Ninetales|2/100
|
|-weather|none
|upkeep
|turn|17
|
|t:|1760816354
|move|p2a: Ninetales|Overheat|p1a: Ogerpon
|-damage|p1a: Ogerpon|0 fnt
|-unboost|p2a: Ninetales|spa|2
|faint|p1a: Ogerpon
|
|upkeep
|
|t:|1760816357
|switch|p1a: Iron Valiant|Iron Valiant|100/100
|-enditem|p1a: Iron Valiant|Booster Energy
|-activate|p1a: Iron Valiant|ability: Quark Drive|[fromitem]
|-start|p1a: Iron Valiant|quarkdrivespe
|turn|18
|
|t:|1760816362
|move|p1a: Iron Valiant|Knock Off|p2a: Ninetales
|-damage|p2a: Ninetales|0 fnt
|-enditem|p2a: Ninetales|Heat Rock|[from] move: Knock Off|[of] p1a: Iron Valiant
|faint|p2a: Ninetales
|
|upkeep
|
|t:|1760816365
|switch|p2a: Cinderace|Cinderace, F|35/100
|turn|19
|
|t:|1760816370
|move|p1a: Iron Valiant|Close Combat|p2a: Cinderace
|-damage|p2a: Cinderace|0 fnt
|-unboost|p1a: Iron Valiant|def|1
|-unboost|p1a: Iron Valiant|spd|1
|faint|p2a: Cinderace
|
|win|Tsoxatsat
|raw|Tsoxatsat's rating: 1410 &rarr; <strong>1431</strong><br />(+21 for winning)
|raw|alovana0's rating: 1420 &rarr; <strong>1399</strong><br />(-21 for losing)
|l|☆alovana0
|player|p2|
