|j|☆beebeebaobao
|j|☆4arms67
|t:|1760734072
|gametype|singles
|player|p1|beebeebaobao|twins-gen4dp|1544
|player|p2|4arms67|170|1685
|gen|9
|tier|[Gen 9] OU
|rated|
|rule|HP Percentage Mod: HP is shown in percentages
|rule|Endless Battle Clause: Forcing endless battles is banned
|rule|Species Clause: Limit one of each Pokémon
|rule|OHKO Clause: OHKO moves are banned
|rule|Evasion Items Clause: Evasion items are banned
|rule|Evasion Moves Clause: Evasion moves are banned
|rule|Evasion Abilities Clause: Evasion abilities are banned
|rule|Sleep Moves Clause: Sleep-inducing moves are banned
|clearpoke
|poke|p1|Keldeo-Resolute|
|poke|p1|Slowking-Galar, F|
|poke|p1|Scizor, M|
|poke|p1|Moltres|
|poke|p1|Hydrapple, F|
|poke|p1|Iron Treads|
|poke|p2|Hatterene, F|
|poke|p2|Cresselia, F|
|poke|p2|Zamazenta-*|
|poke|p2|Walking Wake|
|poke|p2|Torkoal, M|
|poke|p2|Ursaluna, F|
|teampreview
|
|t:|1760734087
|teamsize|p1|6
|teamsize|p2|6
|start
|switch|p1a: Scizor|Scizor, M|100/100
|switch|p2a: Cresselia|Cresselia, F|100/100
|turn|1
|
|t:|1760734113
|switch|p2a: Zamazenta|Zamazenta|100/100
|-ability|p2a: Zamazenta|Dauntless Shield|boost
|-boost|p2a: Zamazenta|def|1
|move|p1a: Scizor|U-turn|p2a: Zamazenta
|-resisted|p2a: Zamazenta
|-damage|p2a: Zamazenta|86/100
|
|t:|1760734120
|switch|p1a: Moltres|Moltres|100/100|[from] U-turn
|
|-heal|p2a: Zamazenta|92/100|[from] item: Leftovers
|upkeep
|turn|2
|
|t:|1760734130
|switch|p2a: Hatterene|Hatterene, F|100/100
|move|p1a: Moltres|U-turn|p2a: Hatterene
|-damage|p2a: Hatterene|84/100
|
|t:|1760734132
|switch|p1a: Scizor|Scizor, M|100/100|[from] U-turn
|
|upkeep
|turn|3
|
|t:|1760734141
|switch|p2a: Zamazenta|Zamazenta|92/100
|move|p1a: Scizor|U-turn|p2a: Zamazenta
|-resisted|p2a: Zamazenta
|-damage|p2a: Zamazenta|70/100
|
|t:|1760734146
|switch|p1a: Moltres|Moltres|100/100|[from] U-turn
|
|-heal|p2a: Zamazenta|77/100|[from] item: Leftovers
|upkeep
|turn|4
|
|t:|1760734156
|switch|p2a: Walking Wake|Walking Wake|100/100
|move|p1a: Moltres|U-turn|p2a: Walking Wake
|-damage|p2a: Walking Wake|84/100
|
|t:|1760734169
|switch|p1a: Slowking|Slowking-Galar, F|100/100|[from] U-turn
|
|upkeep
|turn|5
|
|t:|1760734176
|move|p2a: Walking Wake|Draco Meteor|p1a: Slowking
|-damage|p1a: Slowking|47/100
|-unboost|p2a: Walking Wake|spa|2
|-prepare|p1a: Slowking|Chilly Reception|[premajor]
|move|p1a: Slowking|Chilly Reception|p1a: Slowking
|-weather|Snowscape
|
|t:|1760734188
|switch|p1a: Scizor|Scizor, M|100/100|[from] Chilly Reception
|
|-weather|Snowscape|[upkeep]
|upkeep
|turn|6
|
|t:|1760734193
|-end|p2a: Walking Wake|Protosynthesis|[silent]
|switch|p2a: Zamazenta|Zamazenta|77/100
|move|p1a: Scizor|U-turn|p2a: Zamazenta
|-resisted|p2a: Zamazenta
|-damage|p2a: Zamazenta|54/100
|
|t:|1760734198
|switch|p1a: Slowking|Slowking-Galar, F|80/100|[from] U-turn
|
|-weather|Snowscape|[upkeep]
|-heal|p2a: Zamazenta|60/100|[from] item: Leftovers
|upkeep
|turn|7
|
|t:|1760734203
|switch|p2a: Ursaluna|Ursaluna, F|100/100
|move|p1a: Slowking|Sludge Bomb|p2a: Ursaluna
|-resisted|p2a: Ursaluna
|-damage|p2a: Ursaluna|86/100
|
|-weather|Snowscape|[upkeep]
|-status|p2a: Ursaluna|brn|[from] item: Flame Orb
|upkeep
|turn|8
|
|t:|1760734212
|switch|p1a: Iron Treads|Iron Treads|100/100
|-item|p1a: Iron Treads|Air Balloon
|move|p2a: Ursaluna|Facade|p1a: Iron Treads
|-resisted|p1a: Iron Treads
|-damage|p1a: Iron Treads|49/100
|-enditem|p1a: Iron Treads|Air Balloon
|
|-weather|Snowscape|[upkeep]
|-damage|p2a: Ursaluna|80/100 brn|[from] brn
|upkeep
|turn|9
|
|t:|1760734222
|move|p1a: Iron Treads|Stealth Rock|p2a: Ursaluna
|-sidestart|p2: 4arms67|move: Stealth Rock
|move|p2a: Ursaluna|Facade|p1a: Iron Treads
|-resisted|p1a: Iron Treads
|-damage|p1a: Iron Treads|0 fnt
|faint|p1a: Iron Treads
|-end|p1a: Iron Treads|Quark Drive|[silent]
|
|-weather|none
|-damage|p2a: Ursaluna|74/100 brn|[from] brn
|upkeep
|
|t:|1760734227
|switch|p1a: Keldeo|Keldeo-Resolute|100/100
|turn|10
|
|t:|1760734237
|switch|p2a: Cresselia|Cresselia, F|100/100
|-damage|p2a: Cresselia|88/100|[from] Stealth Rock
|move|p1a: Keldeo|Flip Turn|p2a: Cresselia
|-damage|p2a: Cresselia|80/100
|
|t:|1760734242
|switch|p1a: Scizor|Scizor, M|100/100|[from] Flip Turn
|
|upkeep
|turn|11
|
|t:|1760734252
|-terastallize|p2a: Cresselia|Poison
|move|p1a: Scizor|U-turn|p2a: Cresselia
|-resisted|p2a: Cresselia
|-crit|p2a: Cresselia
|-damage|p2a: Cresselia|58/100
|
|t:|1760734257
|switch|p1a: Slowking|Slowking-Galar, F|100/100|[from] U-turn
|move|p2a: Cresselia|Trick Room|p2a: Cresselia
|-fieldstart|move: Trick Room|[of] p2a: Cresselia
|
|upkeep
|turn|12
|
|t:|1760734265
|switch|p2a: Ursaluna|Ursaluna, F|74/100 brn
|-damage|p2a: Ursaluna|68/100 brn|[from] Stealth Rock
|-prepare|p1a: Slowking|Chilly Reception|[premajor]
|move|p1a: Slowking|Chilly Reception|p1a: Slowking
|-weather|Snowscape
|
|t:|1760734275
|switch|p1a: Scizor|Scizor, M|100/100|[from] Chilly Reception
|
|-weather|Snowscape|[upkeep]
|-damage|p2a: Ursaluna|61/100 brn|[from] brn
|upkeep
|turn|13
|
|t:|1760734288
|move|p1a: Scizor|Bullet Punch|p2a: Ursaluna
|-damage|p2a: Ursaluna|24/100 brn
|move|p2a: Ursaluna|Fire Punch|p1a: Scizor
|-supereffective|p1a: Scizor
|-damage|p1a: Scizor|0 fnt
|faint|p1a: Scizor
|
|-weather|Snowscape|[upkeep]
|-damage|p2a: Ursaluna|18/100 brn|[from] brn
|upkeep
|
|t:|1760734296
|switch|p1a: Moltres|Moltres|100/100
|turn|14
|
|t:|1760734299
|move|p2a: Ursaluna|Facade|p1a: Moltres
|-damage|p1a: Moltres|10/100
|move|p1a: Moltres|Flamethrower|p2a: Ursaluna
|-damage|p2a: Ursaluna|0 fnt
|faint|p2a: Ursaluna
|
|-weather|Snowscape|[upkeep]
|upkeep
|
|t:|1760734310
|switch|p2a: Hatterene|Hatterene, F|84/100
|-damage|p2a: Hatterene|72/100|[from] Stealth Rock
|turn|15
|
|t:|1760734314
|switch|p1a: Slowking|Slowking-Galar, F|100/100
|move|p2a: Hatterene|Psychic Noise|p1a: Slowking
|-damage|p1a: Slowking|75/100
|-start|p1a: Slowking|move: Heal Block
|
|-weather|Snowscape|[upkeep]
|-fieldend|move: Trick Room
|upkeep
|turn|16
|
|t:|1760734323
|move|p1a: Slowking|Sludge Bomb|p2a: Hatterene
|-supereffective|p2a: Hatterene
|-damage|p2a: Hatterene|7/100
|-status|p2a: Hatterene|psn
|move|p2a: Hatterene|Psychic Noise|p1a: Slowking
|-damage|p1a: Slowking|48/100
|
|-weather|none
|-damage|p2a: Hatterene|0 fnt|[from] psn
|faint|p2a: Hatterene
|-end|p1a: Slowking|move: Heal Block
|upkeep
|
|t:|1760734329
|switch|p2a: Walking Wake|Walking Wake|84/100
|-damage|p2a: Walking Wake|72/100|[from] Stealth Rock
|turn|17
|
|t:|1760734336
|switch|p1a: Moltres|Moltres|10/100
|move|p2a: Walking Wake|Draco Meteor|p1a: Moltres
|-damage|p1a: Moltres|0 fnt
|-unboost|p2a: Walking Wake|spa|2
|faint|p1a: Moltres
|
|upkeep
|
|t:|1760734345
|switch|p1a: Hydrapple|Hydrapple, F|100/100
|turn|18
|
|t:|1760734358
|-end|p2a: Walking Wake|Protosynthesis|[silent]
|switch|p2a: Torkoal|Torkoal, M|100/100
|-damage|p2a: Torkoal|76/100|[from] Stealth Rock
|-weather|SunnyDay|[from] ability: Drought|[of] p2a: Torkoal
|-terastallize|p1a: Hydrapple|Poison
|move|p1a: Hydrapple|Nasty Plot|p1a: Hydrapple
|-boost|p1a: Hydrapple|spa|2
|
|-weather|SunnyDay|[upkeep]
|upkeep
|turn|19
|
|t:|1760734367
|move|p1a: Hydrapple|Earth Power|p2a: Torkoal
|-supereffective|p2a: Torkoal
|-damage|p2a: Torkoal|0 fnt
|faint|p2a: Torkoal
|
|-weather|SunnyDay|[upkeep]
|upkeep
|
|t:|1760734369
|switch|p2a: Walking Wake|Walking Wake|72/100
|-damage|p2a: Walking Wake|59/100|[from] Stealth Rock
|-activate|p2a: Walking Wake|ability: Protosynthesis
|-start|p2a: Walking Wake|protosynthesisspe
|turn|20
|
|t:|1760734374
|move|p2a: Walking Wake|Hydro Steam|p1a: Hydrapple
|-damage|p1a: Hydrapple|7/100
|move|p1a: Hydrapple|Giga Drain|p2a: Walking Wake
|-damage|p2a: Walking Wake|0 fnt
|-heal|p1a: Hydrapple|31/100|[from] drain|[of] p2a: Walking Wake
|faint|p2a: Walking Wake
|-end|p2a: Walking Wake|Protosynthesis|[silent]
|
|-weather|SunnyDay|[upkeep]
|upkeep
|
|t:|1760734377
|switch|p2a: Zamazenta|Zamazenta|60/100
|-damage|p2a: Zamazenta|54/100|[from] Stealth Rock
|turn|21
|
|t:|1760734381
|move|p2a: Zamazenta|Crunch|p1a: Hydrapple
|-damage|p1a: Hydrapple|20/100
|-unboost|p1a: Hydrapple|def|1
|move|p1a: Hydrapple|Giga Drain|p2a: Zamazenta
|-damage|p2a: Zamazenta|10/100
|-heal|p1a: Hydrapple|40/100|[from] drain|[of] p2a: Zamazenta
|
|-weather|SunnyDay|[upkeep]
|-heal|p2a: Zamazenta|16/100|[from] item: Leftovers
|upkeep
|turn|22
|
|t:|1760734383
|move|p2a: Zamazenta|Crunch|p1a: Hydrapple
|-damage|p1a: Hydrapple|21/100
|move|p1a: Hydrapple|Giga Drain|p2a: Zamazenta
|-damage|p2a: Zamazenta|0 fnt
|-heal|p1a: Hydrapple|29/100|[from] drain|[of] p2a: Zamazenta
|faint|p2a: Zamazenta
|
|-weather|none
|upkeep
|-message|4arms67 forfeited.
|
|win|beebeebaobao
|raw|beebeebaobao's rating: 1544 &rarr; <strong>1572</strong><br />(+28 for winning)
|raw|4arms67's rating: 1685 &rarr; <strong>1657</strong><br />(-28 for losing)
|l|☆4arms67
|player|p2|
|l|☆beebeebaobao
|player|p1|
