|j|‽fawazmalik
|j|☆SBYK
|t:|1760846545
|gametype|singles
|player|p1|fawazmalik|266|1320
|player|p2|SBYK|aaron|1212
|gen|9
|tier|[Gen 9] OU
|rated|
|rule|HP Percentage Mod: HP is shown in percentages
|rule|Endless Battle Clause: Forcing endless battles is banned
|rule|Species Clause: Limit one of each Pokémon
|rule|OHKO Clause: OHKO moves are banned
|rule|Evasion Items Clause: Evasion items are banned
|rule|Evasion Moves Clause: Evasion moves are banned
|rule|Evasion Abilities Clause: Evasion abilities are banned
|rule|Sleep Moves Clause: Sleep-inducing moves are banned
|clearpoke
|poke|p1|Ribombee, M|
|poke|p1|Gholdengo|
|poke|p1|Kingambit, F|
|poke|p1|Manaphy|
|poke|p1|Great Tusk|
|poke|p1|Iron Valiant|
|poke|p2|Landorus-Therian, M|
|poke|p2|Weezing-Galar, F|
|poke|p2|Meowscarada, F|
|poke|p2|Hoopa-Unbound|
|poke|p2|Kyurem|
|poke|p2|Heatran, F|
|teampreview
|inactive|Battle timer is ON: inactive players will automatically lose when time's up. (requested by SBYK)
|inactive|fawazmalik also wants the timer to be on.
|
|t:|1760846559
|teamsize|p1|6
|teamsize|p2|6
|start
|switch|p1a: Ribombee|Ribombee, M|100/100
|switch|p2a: Kyurem|Kyurem|100/100
|-ability|p2a: Kyurem|Pressure
|turn|1
|
|t:|1760846562
|move|p1a: Ribombee|Moonblast|p2a: Kyurem
|-supereffective|p2a: Kyurem
|-damage|p2a: Kyurem|39/100
|move|p2a: Kyurem|Dragon Dance|p2a: Kyurem
|-boost|p2a: Kyurem|atk|1
|-boost|p2a: Kyurem|spe|1
|
|upkeep
|turn|2
|
|t:|1760846569
|-terastallize|p2a: Kyurem|Ice
|move|p2a: Kyurem|Icicle Spear|p1a: Ribombee
|-damage|p1a: Ribombee|62/100
|-damage|p1a: Ribombee|25/100
|-damage|p1a: Ribombee|0 fnt
|faint|p1a: Ribombee
|-hitcount|p1: Ribombee|3
|
|upkeep
|
|t:|1760846578
|switch|p1a: Manaphy|Manaphy|100/100
|turn|3
|
|t:|1760846581
|move|p2a: Kyurem|Freeze-Dry|p1a: Manaphy
|-supereffective|p1a: Manaphy
|-damage|p1a: Manaphy|17/100
|move|p1a: Manaphy|Surf|p2a: Kyurem
|-damage|p2a: Kyurem|2/100
|
|-heal|p1a: Manaphy|23/100|[from] item: Leftovers
|upkeep
|turn|4
|
|t:|1760846588
|move|p2a: Kyurem|Freeze-Dry|p1a: Manaphy
|-supereffective|p1a: Manaphy
|-damage|p1a: Manaphy|0 fnt
|faint|p1a: Manaphy
|
|upkeep
|
|t:|1760846592
|switch|p1a: Iron Valiant|Iron Valiant|100/100
|-enditem|p1a: Iron Valiant|Booster Energy
|-activate|p1a: Iron Valiant|ability: Quark Drive|[fromitem]
|-start|p1a: Iron Valiant|quarkdrivespe
|turn|5
|
|t:|1760846599
|move|p1a: Iron Valiant|Moonblast|p2a: Kyurem
|-damage|p2a: Kyurem|0 fnt
|faint|p2a: Kyurem
|
|upkeep
|
|t:|1760846604
|switch|p2a: Hoopa|Hoopa-Unbound|100/100
|turn|6
|
|t:|1760846610
|move|p1a: Iron Valiant|Moonblast|p2a: Hoopa
|-supereffective|p2a: Hoopa
|-damage|p2a: Hoopa|46/100
|move|p2a: Hoopa|Psychic|p1a: Iron Valiant
|-supereffective|p1a: Iron Valiant
|-damage|p1a: Iron Valiant|0 fnt
|faint|p1a: Iron Valiant
|-end|p1a: Iron Valiant|Quark Drive|[silent]
|
|upkeep
|
|t:|1760846626
|switch|p1a: Gholdengo|Gholdengo|100/100
|-item|p1a: Gholdengo|Air Balloon
|turn|7
|
|t:|1760846629
|move|p1a: Gholdengo|Nasty Plot|p1a: Gholdengo
|-boost|p1a: Gholdengo|spa|2
|move|p2a: Hoopa|Hyperspace Fury|p1a: Gholdengo
|-supereffective|p1a: Gholdengo
|-damage|p1a: Gholdengo|0 fnt
|-unboost|p2a: Hoopa|def|1
|-enditem|p1a: Gholdengo|Air Balloon
|faint|p1a: Gholdengo
|
|upkeep
|
|t:|1760846636
|switch|p1a: Great Tusk|Great Tusk|100/100
|-enditem|p1a: Great Tusk|Booster Energy
|-activate|p1a: Great Tusk|ability: Protosynthesis|[fromitem]
|-start|p1a: Great Tusk|protosynthesisatk
|turn|8
|
|t:|1760846643
|move|p1a: Great Tusk|Close Combat|p2a: Hoopa
|-damage|p2a: Hoopa|0 fnt
|-unboost|p1a: Great Tusk|def|1
|-unboost|p1a: Great Tusk|spd|1
|faint|p2a: Hoopa
|
|upkeep
|
|t:|1760846655
|switch|p2a: Landorus|Landorus-Therian, M|100/100
|-ability|p2a: Landorus|Intimidate|boost
|-unboost|p1a: Great Tusk|atk|1
|turn|9
|
|t:|1760846659
|switch|p2a: Weezing|Weezing-Galar, F|100/100
|-ability|p2a: Weezing|Neutralizing Gas
|move|p1a: Great Tusk|Head Smash|p2a: Weezing
|-damage|p2a: Weezing|75/100
|-damage|p1a: Great Tusk|89/100|[from] Recoil
|
|upkeep
|turn|10
|
|t:|1760846666
|-end|p2a: Weezing|ability: Neutralizing Gas
|switch|p2a: Landorus|Landorus-Therian, M|100/100
|-ability|p2a: Landorus|Intimidate|boost
|-unboost|p1a: Great Tusk|atk|1
|move|p1a: Great Tusk|Head Smash|p2a: Landorus
|-crit|p2a: Landorus
|-damage|p2a: Landorus|0 fnt
|-damage|p1a: Great Tusk|72/100|[from] item: Rocky Helmet|[of] p2a: Landorus
|faint|p2a: Landorus
|-damage|p1a: Great Tusk|25/100|[from] Recoil
|
|upkeep
|
|t:|1760846675
|switch|p2a: Meowscarada|Meowscarada, F|100/100
|turn|11
|
|t:|1760846681
|move|p2a: Meowscarada|Low Kick|p1a: Great Tusk
|-start|p2a: Meowscarada|typechange|Fighting|[from] ability: Protean
|-damage|p1a: Great Tusk|0 fnt
|faint|p1a: Great Tusk
|-end|p1a: Great Tusk|Protosynthesis|[silent]
|
|upkeep
|
|t:|1760846683
|switch|p1a: Kingambit|Kingambit, F|100/100
|-activate|p1a: Kingambit|ability: Supreme Overlord
|-start|p1a: Kingambit|fallen5|[silent]
|turn|12
|
|t:|1760846692
|-terastallize|p1a: Kingambit|Dark
|move|p2a: Meowscarada|Low Kick|p1a: Kingambit
|-supereffective|p1a: Kingambit
|-damage|p1a: Kingambit|37/100
|move|p1a: Kingambit|Swords Dance|p1a: Kingambit
|-boost|p1a: Kingambit|atk|2
|
|upkeep
|turn|13
|
|t:|1760846696
|move|p1a: Kingambit|Sucker Punch|p2a: Meowscarada
|-resisted|p2a: Meowscarada
|-enditem|p2a: Meowscarada|Focus Sash
|-damage|p2a: Meowscarada|1/100
|move|p2a: Meowscarada|Low Kick|p1a: Kingambit
|-supereffective|p1a: Kingambit
|-damage|p1a: Kingambit|0 fnt
|faint|p1a: Kingambit
|-end|p1a: Kingambit|fallen5|[silent]
|
|win|SBYK
|raw|fawazmalik's rating: 1320 &rarr; <strong>1294</strong><br />(-26 for losing)
|raw|SBYK's rating: 1212 &rarr; <strong>1245</strong><br />(+33 for winning)
|l|‽fawazmalik
|player|p1|
|l|☆SBYK
|player|p2|
