|j|☆ineverhaxed
|j|‽grillmaster42107
|t:|1760749954
|gametype|singles
|player|p1|ineverhaxed|265|1215
|player|p2|grillmaster42107|170|1275
|gen|9
|tier|[Gen 9] OU
|rated|
|rule|HP Percentage Mod: HP is shown in percentages
|rule|Endless Battle Clause: Forcing endless battles is banned
|rule|Species Clause: Limit one of each Pokémon
|rule|OHKO Clause: OHKO moves are banned
|rule|Evasion Items Clause: Evasion items are banned
|rule|Evasion Moves Clause: Evasion moves are banned
|rule|Evasion Abilities Clause: Evasion abilities are banned
|rule|Sleep Moves Clause: Sleep-inducing moves are banned
|clearpoke
|poke|p1|Illumise, F|
|poke|p1|Cloyster, M|
|poke|p1|Blissey, F|
|poke|p1|Darkrai|
|poke|p1|Cinderace, F|
|poke|p1|Lokix, F|
|poke|p2|Pelipper, M|
|poke|p2|Tornadus-Therian, M|
|poke|p2|Iron Treads|
|poke|p2|Swampert, M|
|poke|p2|Barraskewda, M|
|poke|p2|Raging Bolt|
|teampreview
|inactive|Battle timer is ON: inactive players will automatically lose when time's up. (requested by grillmaster42107)
|
|t:|1760749958
|teamsize|p1|6
|teamsize|p2|6
|start
|switch|p1a: Blissey|Blissey, F|100/100
|switch|p2a: Pelipper|Pelipper, M|100/100
|-weather|RainDance|[from] ability: Drizzle|[of] p2a: Pelipper
|turn|1
|
|t:|1760749966
|move|p1a: Blissey|Thunderbolt|p2a: Pelipper
|-supereffective|p2a: Pelipper
|-damage|p2a: Pelipper|0 fnt
|faint|p2a: Pelipper
|
|-weather|RainDance|[upkeep]
|upkeep
|
|t:|1760749985
|switch|p2a: Swampert|Swampert, M|100/100
|turn|2
|
|t:|1760749994
|move|p2a: Swampert|Waterfall|p1a: Blissey
|-damage|p1a: Blissey|29/100
|-damage|p2a: Swampert|91/100|[from] item: Life Orb
|move|p1a: Blissey|Ice Beam|p2a: Swampert
|-damage|p2a: Swampert|69/100
|
|-weather|RainDance|[upkeep]
|-heal|p1a: Blissey|35/100|[from] item: Leftovers
|upkeep
|turn|3
|
|t:|1760750002
|move|p2a: Swampert|Stealth Rock|p1a: Blissey
|-sidestart|p1: ineverhaxed|move: Stealth Rock
|move|p1a: Blissey|Ice Beam|p2a: Swampert
|-damage|p2a: Swampert|48/100
|
|-weather|RainDance|[upkeep]
|-heal|p1a: Blissey|41/100|[from] item: Leftovers
|upkeep
|turn|4
|
|t:|1760750009
|move|p2a: Swampert|Waterfall|p1a: Blissey
|-damage|p1a: Blissey|0 fnt
|faint|p1a: Blissey
|-damage|p2a: Swampert|38/100|[from] item: Life Orb
|
|-weather|RainDance|[upkeep]
|upkeep
|
|t:|1760750011
|switch|p1a: Cinderace|Cinderace, F|100/100
|-damage|p1a: Cinderace|76/100|[from] Stealth Rock
|turn|5
|
|t:|1760750015
|move|p1a: Cinderace|Court Change|p1a: Cinderace
|-start|p1a: Cinderace|typechange|Normal|[from] ability: Libero
|-swapsideconditions
|-activate|p1a: Cinderace|move: Court Change
|move|p2a: Swampert|Waterfall|p1a: Cinderace
|-damage|p1a: Cinderace|0 fnt
|faint|p1a: Cinderace
|-damage|p2a: Swampert|28/100|[from] item: Life Orb
|
|-weather|RainDance|[upkeep]
|upkeep
|
|t:|1760750021
|switch|p1a: Cloyster|Cloyster, M|100/100
|turn|6
|
|t:|1760750036
|move|p1a: Cloyster|Shell Smash|p1a: Cloyster
|-unboost|p1a: Cloyster|def|1
|-unboost|p1a: Cloyster|spd|1
|-boost|p1a: Cloyster|atk|2
|-boost|p1a: Cloyster|spa|2
|-boost|p1a: Cloyster|spe|2
|move|p2a: Swampert|Earthquake|p1a: Cloyster
|-damage|p1a: Cloyster|20/100
|-damage|p2a: Swampert|18/100|[from] item: Life Orb
|
|-weather|RainDance|[upkeep]
|upkeep
|turn|7
|
|t:|1760750044
|move|p1a: Cloyster|Icicle Spear|p2a: Swampert
|-damage|p2a: Swampert|0 fnt
|faint|p2a: Swampert
|-hitcount|p2: Swampert|1
|
|-weather|RainDance|[upkeep]
|upkeep
|
|t:|1760750046
|switch|p2a: Barraskewda|Barraskewda, M|100/100
|-damage|p2a: Barraskewda|88/100|[from] Stealth Rock
|turn|8
|
|t:|1760750050
|move|p1a: Cloyster|Ice Shard|p2a: Barraskewda
|-resisted|p2a: Barraskewda
|-damage|p2a: Barraskewda|55/100
|move|p2a: Barraskewda|Close Combat|p1a: Cloyster
|-supereffective|p1a: Cloyster
|-damage|p1a: Cloyster|0 fnt
|-unboost|p2a: Barraskewda|def|1
|-unboost|p2a: Barraskewda|spd|1
|faint|p1a: Cloyster
|-damage|p2a: Barraskewda|45/100|[from] item: Life Orb
|
|-weather|none
|upkeep
|
|t:|1760750065
|switch|p1a: Darkrai|Darkrai|100/100
|turn|9
|
|t:|1760750075
|-terastallize|p1a: Darkrai|Dark
|move|p1a: Darkrai|Dark Pulse|p2a: Barraskewda
|-damage|p2a: Barraskewda|0 fnt
|faint|p2a: Barraskewda
|
|upkeep
|inactive|grillmaster42107 has 120 seconds left.
|
|t:|1760750105
|switch|p2a: Iron Treads|Iron Treads|100/100
|-damage|p2a: Iron Treads|98/100|[from] Stealth Rock
|turn|10
|
|t:|1760750109
|move|p1a: Darkrai|Dark Pulse|p2a: Iron Treads
|-damage|p2a: Iron Treads|45/100
|move|p2a: Iron Treads|Earthquake|p1a: Darkrai
|-damage|p1a: Darkrai|51/100
|
|-heal|p2a: Iron Treads|51/100|[from] item: Leftovers
|upkeep
|turn|11
|
|t:|1760750119
|move|p1a: Darkrai|Dark Pulse|p2a: Iron Treads
|-damage|p2a: Iron Treads|3/100
|move|p2a: Iron Treads|Earthquake|p1a: Darkrai
|-damage|p1a: Darkrai|2/100
|
|-heal|p2a: Iron Treads|9/100|[from] item: Leftovers
|upkeep
|turn|12
|
|t:|1760750124
|move|p1a: Darkrai|Dark Pulse|p2a: Iron Treads
|-damage|p2a: Iron Treads|0 fnt
|faint|p2a: Iron Treads
|-end|p2a: Iron Treads|Quark Drive|[silent]
|
|upkeep
|
|t:|1760750127
|switch|p2a: Raging Bolt|Raging Bolt|100/100
|-damage|p2a: Raging Bolt|88/100|[from] Stealth Rock
|-enditem|p2a: Raging Bolt|Booster Energy
|-activate|p2a: Raging Bolt|ability: Protosynthesis|[fromitem]
|-start|p2a: Raging Bolt|protosynthesisspa
|turn|13
|
|t:|1760750132
|switch|p1a: Illumise|Illumise, F|100/100
|move|p2a: Raging Bolt|Thunderclap||[still]
|-fail|p2a: Raging Bolt
|
|upkeep
|turn|14
|
|t:|1760750141
|move|p1a: Illumise|Encore|p2a: Raging Bolt
|-start|p2a: Raging Bolt|Encore
|move|p2a: Raging Bolt|Thunderclap||[still]
|-fail|p2a: Raging Bolt
|
|upkeep
|turn|15
|
|t:|1760750144
|-end|p2a: Raging Bolt|Protosynthesis|[silent]
|switch|p2a: Tornadus|Tornadus-Therian, M|100/100
|-damage|p2a: Tornadus|76/100|[from] Stealth Rock
|switch|p1a: Darkrai|Darkrai, tera:Dark|2/100
|
|upkeep
|turn|16
|
|t:|1760750151
|move|p1a: Darkrai|Ice Beam|p2a: Tornadus
|-supereffective|p2a: Tornadus
|-damage|p2a: Tornadus|0 fnt
|faint|p2a: Tornadus
|
|upkeep
|
|t:|1760750153
|switch|p2a: Raging Bolt|Raging Bolt|88/100
|-damage|p2a: Raging Bolt|76/100|[from] Stealth Rock
|turn|17
|
|t:|1760750161
|move|p1a: Darkrai|Ice Beam|p2a: Raging Bolt
|-supereffective|p2a: Raging Bolt
|-damage|p2a: Raging Bolt|15/100
|move|p2a: Raging Bolt|Dragon Pulse|p1a: Darkrai
|-damage|p1a: Darkrai|0 fnt
|faint|p1a: Darkrai
|
|upkeep
|
|t:|1760750169
|switch|p1a: Illumise|Illumise, F|100/100
|turn|18
|
|t:|1760750173
|move|p2a: Raging Bolt|Dragon Pulse|p1a: Illumise
|-damage|p1a: Illumise|42/100
|move|p1a: Illumise|Mud-Slap|p2a: Raging Bolt
|-supereffective|p2a: Raging Bolt
|-damage|p2a: Raging Bolt|8/100
|-unboost|p2a: Raging Bolt|accuracy|1
|
|-heal|p1a: Illumise|48/100|[from] item: Leftovers
|upkeep
|turn|19
|
|t:|1760750179
|move|p1a: Illumise|Encore|p2a: Raging Bolt
|-start|p2a: Raging Bolt|Encore
|move|p2a: Raging Bolt|Dragon Pulse|p1a: Illumise|[miss]
|-miss|p2a: Raging Bolt|p1a: Illumise
|
|-heal|p1a: Illumise|54/100|[from] item: Leftovers
|upkeep
|turn|20
|
|t:|1760750189
|move|p2a: Raging Bolt|Dragon Pulse|p1a: Illumise|[miss]
|-miss|p2a: Raging Bolt|p1a: Illumise
|move|p1a: Illumise|Mud-Slap|p2a: Raging Bolt
|-supereffective|p2a: Raging Bolt
|-damage|p2a: Raging Bolt|1/100
|-unboost|p2a: Raging Bolt|accuracy|1
|
|-heal|p1a: Illumise|60/100|[from] item: Leftovers
|upkeep
|turn|21
|
|t:|1760750192
|move|p2a: Raging Bolt|Dragon Pulse|p1a: Illumise|[miss]
|-miss|p2a: Raging Bolt|p1a: Illumise
|move|p1a: Illumise|Mud-Slap|p2a: Raging Bolt
|-supereffective|p2a: Raging Bolt
|-damage|p2a: Raging Bolt|0 fnt
|faint|p2a: Raging Bolt
|-end|p2a: Raging Bolt|Protosynthesis|[silent]
|
|win|ineverhaxed
|raw|ineverhaxed's rating: 1215 &rarr; <strong>1244</strong><br />(+29 for winning)
|raw|grillmaster42107's rating: 1275 &rarr; <strong>1246</strong><br />(-29 for losing)
|l|‽grillmaster42107
|player|p2|
|l|☆ineverhaxed
|player|p1|
