|j|☆TyroneTheCreator18
|j|☆ultracentrifuge
|t:|1760804321
|gametype|singles
|player|p1|TyroneTheCreator18|harlequin|1364
|player|p2|ultracentrifuge|hilda-masters3|1366
|gen|9
|tier|[Gen 9] OU
|rated|
|rule|HP Percentage Mod: HP is shown in percentages
|rule|Endless Battle Clause: Forcing endless battles is banned
|rule|Species Clause: Limit one of each Pokémon
|rule|OHKO Clause: OHKO moves are banned
|rule|Evasion Items Clause: Evasion items are banned
|rule|Evasion Moves Clause: Evasion moves are banned
|rule|Evasion Abilities Clause: Evasion abilities are banned
|rule|Sleep Moves Clause: Sleep-inducing moves are banned
|clearpoke
|poke|p1|Rillaboom, F|
|poke|p1|Ogerpon-Wellspring, F|
|poke|p1|Serperior, M|
|poke|p1|Hawlucha, F|
|poke|p1|Samurott-Hisui, F|
|poke|p1|Clefable, M|
|poke|p2|Pelipper, F|
|poke|p2|Inteleon, F|
|poke|p2|Barraskewda, M|
|poke|p2|Zapdos|
|poke|p2|Iron Treads|
|poke|p2|Scizor, F|
|teampreview
|
|t:|1760804346
|teamsize|p1|6
|teamsize|p2|6
|start
|switch|p1a: Rillaboom|Rillaboom, F|100/100
|switch|p2a: Scizor|Scizor, F|100/100
|-fieldstart|move: Grassy Terrain|[from] ability: Grassy Surge|[of] p1a: Rillaboom
|turn|1
|
|t:|1760804351
|move|p1a: Rillaboom|U-turn|p2a: Scizor
|-resisted|p2a: Scizor
|-damage|p2a: Scizor|85/100
|
|t:|1760804353
|switch|p1a: Samurott|Samurott-Hisui, F|100/100|[from] U-turn
|move|p2a: Scizor|U-turn|p1a: Samurott
|-supereffective|p1a: Samurott
|-damage|p1a: Samurott|0 fnt
|faint|p1a: Samurott
|
|t:|1760804360
|switch|p2a: Zapdos|Zapdos|100/100|[from] U-turn
|
|upkeep
|
|t:|1760804366
|switch|p1a: Clefable|Clefable, M|100/100
|-enditem|p1a: Clefable|Grassy Seed
|-boost|p1a: Clefable|def|1|[from] item: Grassy Seed
|turn|2
|
|t:|1760804373
|move|p2a: Zapdos|Volt Switch|p1a: Clefable
|-damage|p1a: Clefable|61/100
|
|t:|1760804377
|switch|p2a: Scizor|Scizor, F|85/100|[from] Volt Switch
|move|p1a: Clefable|Calm Mind|p1a: Clefable
|-boost|p1a: Clefable|spa|1
|-boost|p1a: Clefable|spd|1
|
|-heal|p2a: Scizor|91/100|[from] Grassy Terrain
|-heal|p1a: Clefable|67/100|[from] Grassy Terrain
|upkeep
|turn|3
|
|t:|1760804384
|-terastallize|p1a: Clefable|Poison
|move|p2a: Scizor|Bullet Punch|p1a: Clefable
|-damage|p1a: Clefable|34/100
|move|p1a: Clefable|Moonlight|p1a: Clefable
|-heal|p1a: Clefable|84/100
|
|-heal|p2a: Scizor|98/100|[from] Grassy Terrain
|-heal|p1a: Clefable|90/100|[from] Grassy Terrain
|upkeep
|turn|4
|
|t:|1760804389
|switch|p2a: Iron Treads|Iron Treads|100/100
|-enditem|p2a: Iron Treads|Booster Energy
|-activate|p2a: Iron Treads|ability: Quark Drive|[fromitem]
|-start|p2a: Iron Treads|quarkdrivespe
|move|p1a: Clefable|Calm Mind|p1a: Clefable
|-boost|p1a: Clefable|spa|1
|-boost|p1a: Clefable|spd|1
|
|-heal|p1a: Clefable|96/100|[from] Grassy Terrain
|upkeep
|turn|5
|
|t:|1760804395
|move|p2a: Iron Treads|Stealth Rock|p1a: Clefable
|-sidestart|p1: TyroneTheCreator18|move: Stealth Rock
|move|p1a: Clefable|Calm Mind|p1a: Clefable
|-boost|p1a: Clefable|spa|1
|-boost|p1a: Clefable|spd|1
|
|-heal|p1a: Clefable|100/100|[from] Grassy Terrain
|upkeep
|turn|6
|
|t:|1760804398
|move|p2a: Iron Treads|Earth Power|p1a: Clefable
|-supereffective|p1a: Clefable
|-damage|p1a: Clefable|79/100
|move|p1a: Clefable|Calm Mind|p1a: Clefable
|-boost|p1a: Clefable|spa|1
|-boost|p1a: Clefable|spd|1
|
|-heal|p1a: Clefable|85/100|[from] Grassy Terrain
|upkeep
|turn|7
|
|t:|1760804403
|-end|p2a: Iron Treads|Quark Drive|[silent]
|switch|p2a: Pelipper|Pelipper, F|100/100
|-weather|RainDance|[from] ability: Drizzle|[of] p2a: Pelipper
|move|p1a: Clefable|Calm Mind|p1a: Clefable
|-boost|p1a: Clefable|spa|1
|-boost|p1a: Clefable|spd|1
|
|-weather|RainDance|[upkeep]
|-heal|p1a: Clefable|91/100|[from] Grassy Terrain
|upkeep
|turn|8
|
|t:|1760804408
|move|p1a: Clefable|Moonlight|p1a: Clefable
|-heal|p1a: Clefable|100/100
|move|p2a: Pelipper|Knock Off|p1a: Clefable
|-damage|p1a: Clefable|95/100
|
|-weather|RainDance|[upkeep]
|-heal|p1a: Clefable|100/100|[from] Grassy Terrain
|-fieldend|move: Grassy Terrain
|upkeep
|turn|9
|
|t:|1760804414
|move|p1a: Clefable|Stored Power|p2a: Pelipper
|-damage|p2a: Pelipper|0 fnt
|faint|p2a: Pelipper
|
|-weather|RainDance|[upkeep]
|upkeep
|
|t:|1760804418
|switch|p2a: Inteleon|Inteleon, F|100/100
|turn|10
|
|t:|1760804425
|move|p2a: Inteleon|Snipe Shot|p1a: Clefable
|-damage|p1a: Clefable|87/100
|move|p1a: Clefable|Stored Power|p2a: Inteleon
|-damage|p2a: Inteleon|0 fnt
|faint|p2a: Inteleon
|
|-weather|RainDance|[upkeep]
|upkeep
|c|☆ultracentrifuge|yo 50% chance to crit didnt side wt me gg
|
|t:|1760804442
|switch|p2a: Barraskewda|Barraskewda, M|100/100
|turn|11
|
|t:|1760804447
|-terastallize|p2a: Barraskewda|Water
|move|p2a: Barraskewda|Flip Turn|p1a: Clefable
|-crit|p1a: Clefable
|-damage|p1a: Clefable|0 fnt
|faint|p1a: Clefable
|c|☆ultracentrifuge|i guess it did
|
|t:|1760804457
|switch|p2a: Scizor|Scizor, F|98/100|[from] Flip Turn
|
|-weather|RainDance|[upkeep]
|upkeep
|
|t:|1760804472
|switch|p1a: Rillaboom|Rillaboom, F|100/100
|-damage|p1a: Rillaboom|88/100|[from] Stealth Rock
|-fieldstart|move: Grassy Terrain|[from] ability: Grassy Surge|[of] p1a: Rillaboom
|turn|12
|
|t:|1760804476
|move|p1a: Rillaboom|U-turn|p2a: Scizor
|-resisted|p2a: Scizor
|-damage|p2a: Scizor|84/100
|
|t:|1760804480
|switch|p1a: Hawlucha|Hawlucha, F|100/100|[from] U-turn
|-damage|p1a: Hawlucha|88/100|[from] Stealth Rock
|-enditem|p1a: Hawlucha|Grassy Seed
|-boost|p1a: Hawlucha|def|1|[from] item: Grassy Seed
|move|p2a: Scizor|U-turn|p1a: Hawlucha
|-resisted|p1a: Hawlucha
|-damage|p1a: Hawlucha|74/100
|
|t:|1760804489
|switch|p2a: Barraskewda|Barraskewda, M, tera:Water|100/100|[from] U-turn
|
|-weather|RainDance|[upkeep]
|upkeep
|turn|13
|
|t:|1760804493
|move|p2a: Barraskewda|Flip Turn|p1a: Hawlucha
|-damage|p1a: Hawlucha|0 fnt
|faint|p1a: Hawlucha
|
|t:|1760804497
|switch|p2a: Scizor|Scizor, F|84/100|[from] Flip Turn
|
|-weather|RainDance|[upkeep]
|-heal|p2a: Scizor|90/100|[from] Grassy Terrain
|upkeep
|
|t:|1760804507
|switch|p1a: Rillaboom|Rillaboom, F|88/100
|-damage|p1a: Rillaboom|75/100|[from] Stealth Rock
|turn|14
|
|t:|1760804510
|move|p1a: Rillaboom|Low Kick|p2a: Scizor
|-damage|p2a: Scizor|49/100
|move|p2a: Scizor|U-turn|p1a: Rillaboom
|-supereffective|p1a: Rillaboom
|-damage|p1a: Rillaboom|0 fnt
|faint|p1a: Rillaboom
|
|t:|1760804514
|switch|p2a: Zapdos|Zapdos|100/100|[from] U-turn
|
|-weather|none
|upkeep
|
|t:|1760804518
|switch|p1a: Ogerpon|Ogerpon-Wellspring, F|100/100
|-damage|p1a: Ogerpon|88/100|[from] Stealth Rock
|turn|15
|
|t:|1760804528
|move|p1a: Ogerpon|Ivy Cudgel|p2a: Zapdos|[anim] Ivy Cudgel Water
|-damage|p2a: Zapdos|24/100
|move|p2a: Zapdos|Volt Switch|p1a: Ogerpon
|-damage|p1a: Ogerpon|20/100
|
|t:|1760804533
|switch|p2a: Barraskewda|Barraskewda, M, tera:Water|100/100|[from] Volt Switch
|
|-heal|p1a: Ogerpon|26/100|[from] Grassy Terrain
|upkeep
|turn|16
|
|t:|1760804537
|switch|p2a: Iron Treads|Iron Treads|100/100
|move|p1a: Ogerpon|Power Whip|p2a: Iron Treads
|-damage|p2a: Iron Treads|13/100
|
|-heal|p1a: Ogerpon|32/100|[from] Grassy Terrain
|-heal|p2a: Iron Treads|19/100|[from] Grassy Terrain
|upkeep
|turn|17
|
|t:|1760804542
|move|p1a: Ogerpon|Ivy Cudgel|p2a: Iron Treads|[anim] Ivy Cudgel Water
|-supereffective|p2a: Iron Treads
|-damage|p2a: Iron Treads|0 fnt
|faint|p2a: Iron Treads
|-end|p2a: Iron Treads|Quark Drive|[silent]
|
|-heal|p1a: Ogerpon|38/100|[from] Grassy Terrain
|upkeep
|
|t:|1760804545
|switch|p2a: Barraskewda|Barraskewda, M, tera:Water|100/100
|turn|18
|
|t:|1760804551
|move|p1a: Ogerpon|Grassy Glide|p2a: Barraskewda
|-supereffective|p2a: Barraskewda
|-damage|p2a: Barraskewda|0 fnt
|faint|p2a: Barraskewda
|
|-heal|p1a: Ogerpon|44/100|[from] Grassy Terrain
|upkeep
|c|☆ultracentrifuge|NAHHHHHHHHHH
|c|☆ultracentrifuge|U LIED BRO
|
|t:|1760804561
|switch|p2a: Scizor|Scizor, F|49/100
|turn|19
|
|t:|1760804568
|move|p2a: Scizor|Bullet Punch|p1a: Ogerpon
|-resisted|p1a: Ogerpon
|-damage|p1a: Ogerpon|10/100
|move|p1a: Ogerpon|Ivy Cudgel|p2a: Scizor|[anim] Ivy Cudgel Water
|-damage|p2a: Scizor|0 fnt
|faint|p2a: Scizor
|
|-heal|p1a: Ogerpon|16/100|[from] Grassy Terrain
|-fieldend|move: Grassy Terrain
|upkeep
|
|t:|1760804571
|switch|p2a: Zapdos|Zapdos|24/100
|turn|20
|c|☆TyroneTheCreator18|Peak
|c|☆ultracentrifuge|GOOD PLAY
|
|t:|1760804577
|move|p1a: Ogerpon|Ivy Cudgel|p2a: Zapdos|[anim] Ivy Cudgel Water
|-damage|p2a: Zapdos|0 fnt
|faint|p2a: Zapdos
|
|win|TyroneTheCreator18
|raw|TyroneTheCreator18's rating: 1364 &rarr; <strong>1384</strong><br />(+20 for winning)
|raw|ultracentrifuge's rating: 1366 &rarr; <strong>1346</strong><br />(-20 for losing)
|c|☆TyroneTheCreator18|Ggs
|c|☆ultracentrifuge|gg
|l|☆ultracentrifuge
|player|p2|
|c|☆TyroneTheCreator18|Thanks
|c|☆TyroneTheCreator18|you were fun to play with
