|j|☆Rat Conjoe
|j|☆riyan005
|t:|1760772065
|gametype|singles
|player|p1|Rat Conjoe|dawn|1134
|player|p2|riyan005|102|1128
|gen|9
|tier|[Gen 9] OU
|rated|
|rule|HP Percentage Mod: HP is shown in percentages
|rule|Endless Battle Clause: Forcing endless battles is banned
|rule|Species Clause: Limit one of each Pokémon
|rule|OHKO Clause: OHKO moves are banned
|rule|Evasion Items Clause: Evasion items are banned
|rule|Evasion Moves Clause: Evasion moves are banned
|rule|Evasion Abilities Clause: Evasion abilities are banned
|rule|Sleep Moves Clause: Sleep-inducing moves are banned
|clearpoke
|poke|p1|Flygon, F|
|poke|p1|Ceruledge, F|
|poke|p1|Umbreon, F|
|poke|p1|Eelektross, M|
|poke|p1|Scizor, F|
|poke|p1|Meowscarada, F|
|poke|p2|Iron Boulder|
|poke|p2|Revavroom, M|
|poke|p2|Corviknight, F|
|poke|p2|Ting-Lu|
|poke|p2|Kingambit, F|
|poke|p2|Iron Moth|
|teampreview
|inactive|Battle timer is ON: inactive players will automatically lose when time's up. (requested by riyan005)
|
|t:|1760772072
|teamsize|p1|6
|teamsize|p2|6
|start
|switch|p1a: Eelektross|Eelektross, M|100/100
|switch|p2a: Ting-Lu|Ting-Lu|100/100
|-ability|p2a: Ting-Lu|Vessel of Ruin
|turn|1
|
|t:|1760772080
|move|p2a: Ting-Lu|Stealth Rock|p1a: Eelektross
|-sidestart|p1: Rat Conjoe|move: Stealth Rock
|move|p1a: Eelektross|Giga Drain|p2a: Ting-Lu
|-supereffective|p2a: Ting-Lu
|-crit|p2a: Ting-Lu
|-damage|p2a: Ting-Lu|57/100
|
|-heal|p2a: Ting-Lu|63/100|[from] item: Leftovers
|upkeep
|turn|2
|
|t:|1760772086
|move|p1a: Eelektross|Giga Drain|p2a: Ting-Lu
|-supereffective|p2a: Ting-Lu
|-damage|p2a: Ting-Lu|34/100
|move|p2a: Ting-Lu|Whirlwind|p1a: Eelektross
|drag|p1a: Meowscarada|Meowscarada, F|100/100
|-damage|p1a: Meowscarada|88/100|[from] Stealth Rock
|
|-heal|p2a: Ting-Lu|40/100|[from] item: Leftovers
|upkeep
|turn|3
|
|t:|1760772098
|move|p1a: Meowscarada|Triple Axel|p2a: Ting-Lu
|-start|p1a: Meowscarada|typechange|Ice|[from] ability: Protean
|-supereffective|p2a: Ting-Lu
|-damage|p2a: Ting-Lu|25/100
|-supereffective|p2a: Ting-Lu
|-damage|p2a: Ting-Lu|0 fnt
|faint|p2a: Ting-Lu
|-hitcount|p2: Ting-Lu|2
|
|upkeep
|
|t:|1760772103
|switch|p2a: Corviknight|Corviknight, F|100/100
|turn|4
|
|t:|1760772120
|move|p1a: Meowscarada|Triple Axel|p2a: Corviknight
|-damage|p2a: Corviknight|88/100
|-damage|p2a: Corviknight|67/100
|-damage|p2a: Corviknight|31/100
|-hitcount|p2a: Corviknight|3
|move|p2a: Corviknight|Iron Defense|p2a: Corviknight
|-boost|p2a: Corviknight|def|2
|
|upkeep
|turn|5
|
|t:|1760772127
|-terastallize|p2a: Corviknight|Fighting
|move|p1a: Meowscarada|Triple Axel|p2a: Corviknight
|-damage|p2a: Corviknight|25/100
|-enditem|p2a: Corviknight|Salac Berry|[eat]
|-boost|p2a: Corviknight|spe|1|[from] item: Salac Berry
|-crit|p2a: Corviknight
|-damage|p2a: Corviknight|0 fnt
|faint|p2a: Corviknight
|-hitcount|p2: Corviknight|2
|
|upkeep
|
|t:|1760772136
|switch|p2a: Iron Moth|Iron Moth|100/100
|-enditem|p2a: Iron Moth|Booster Energy
|-activate|p2a: Iron Moth|ability: Quark Drive|[fromitem]
|-start|p2a: Iron Moth|quarkdrivespa
|turn|6
|
|t:|1760772141
|switch|p1a: Flygon|Flygon, F|100/100
|-damage|p1a: Flygon|95/100|[from] Stealth Rock
|move|p2a: Iron Moth|Fiery Dance|p1a: Flygon
|-resisted|p1a: Flygon
|-damage|p1a: Flygon|58/100
|
|upkeep
|turn|7
|
|t:|1760772148
|move|p1a: Flygon|Earthquake|p2a: Iron Moth
|-supereffective|p2a: Iron Moth
|-damage|p2a: Iron Moth|0 fnt
|faint|p2a: Iron Moth
|-end|p2a: Iron Moth|Quark Drive|[silent]
|
|upkeep
|
|t:|1760772154
|switch|p2a: Kingambit|Kingambit, F|100/100
|-activate|p2a: Kingambit|ability: Supreme Overlord
|-start|p2a: Kingambit|fallen3|[silent]
|turn|8
|
|t:|1760772158
|move|p2a: Kingambit|Sucker Punch|p1a: Flygon
|-damage|p1a: Flygon|0 fnt
|faint|p1a: Flygon
|-damage|p2a: Kingambit|91/100|[from] item: Life Orb
|
|upkeep
|
|t:|1760772169
|switch|p1a: Ceruledge|Ceruledge, F|100/100
|-damage|p1a: Ceruledge|76/100|[from] Stealth Rock
|turn|9
|
|t:|1760772173
|move|p1a: Ceruledge|Shadow Sneak|p2a: Kingambit
|-resisted|p2a: Kingambit
|-damage|p2a: Kingambit|83/100
|move|p2a: Kingambit|Sucker Punch||[still]
|-fail|p2a: Kingambit
|
|upkeep
|turn|10
|
|t:|1760772178
|-end|p2a: Kingambit|fallen3|[silent]
|switch|p2a: Iron Boulder|Iron Boulder|100/100
|-enditem|p2a: Iron Boulder|Booster Energy
|-activate|p2a: Iron Boulder|ability: Quark Drive|[fromitem]
|-start|p2a: Iron Boulder|quarkdrivespe
|move|p1a: Ceruledge|Close Combat|p2a: Iron Boulder
|-damage|p2a: Iron Boulder|52/100
|-unboost|p1a: Ceruledge|def|1
|-unboost|p1a: Ceruledge|spd|1
|
|upkeep
|turn|11
|
|t:|1760772200
|switch|p1a: Scizor|Scizor, F|100/100
|-damage|p1a: Scizor|88/100|[from] Stealth Rock
|move|p2a: Iron Boulder|Mighty Cleave|p1a: Scizor
|-damage|p1a: Scizor|45/100
|
|upkeep
|turn|12
|
|t:|1760772209
|move|p1a: Scizor|Bullet Punch|p2a: Iron Boulder
|-supereffective|p2a: Iron Boulder
|-damage|p2a: Iron Boulder|0 fnt
|faint|p2a: Iron Boulder
|-end|p2a: Iron Boulder|Quark Drive|[silent]
|
|upkeep
|
|t:|1760772212
|switch|p2a: Revavroom|Revavroom, M, shiny|100/100
|turn|13
|
|t:|1760772218
|move|p2a: Revavroom|High Horsepower|p1a: Scizor
|-damage|p1a: Scizor|9/100
|move|p1a: Scizor|Close Combat|p2a: Revavroom
|-damage|p2a: Revavroom|47/100
|-unboost|p1a: Scizor|def|1
|-unboost|p1a: Scizor|spd|1
|
|upkeep
|turn|14
|
|t:|1760772225
|move|p1a: Scizor|Bullet Punch|p2a: Revavroom
|-resisted|p2a: Revavroom
|-damage|p2a: Revavroom|25/100
|move|p2a: Revavroom|High Horsepower|p1a: Scizor
|-damage|p1a: Scizor|0 fnt
|faint|p1a: Scizor
|
|upkeep
|
|t:|1760772235
|switch|p1a: Ceruledge|Ceruledge, F|76/100
|-damage|p1a: Ceruledge|51/100|[from] Stealth Rock
|turn|15
|
|t:|1760772244
|move|p1a: Ceruledge|Bitter Blade|p2a: Revavroom
|-supereffective|p2a: Revavroom
|-damage|p2a: Revavroom|0 fnt
|-heal|p1a: Ceruledge|64/100|[from] drain|[of] p2a: Revavroom
|faint|p2a: Revavroom
|
|upkeep
|
|t:|1760772247
|switch|p2a: Kingambit|Kingambit, F|83/100
|-activate|p2a: Kingambit|ability: Supreme Overlord
|-start|p2a: Kingambit|fallen5|[silent]
|turn|16
|
|t:|1760772254
|move|p1a: Ceruledge|Close Combat|p2a: Kingambit
|-supereffective|p2a: Kingambit
|-damage|p2a: Kingambit|0 fnt
|-unboost|p1a: Ceruledge|def|1
|-unboost|p1a: Ceruledge|spd|1
|faint|p2a: Kingambit
|-end|p2a: Kingambit|fallen5|[silent]
|
|win|Rat Conjoe
|raw|Rat Conjoe's rating: 1134 &rarr; <strong>1159</strong><br />(+25 for winning)
|raw|riyan005's rating: 1128 &rarr; <strong>1103</strong><br />(-25 for losing)
|l|☆riyan005
|player|p2|
|c|☆Rat Conjoe|GGs
|l|☆Rat Conjoe
|player|p1|
