|j|☆KV959vv
|j|☆love is simple
|t:|1760845558
|gametype|singles
|player|p1|KV959vv|wallace|1607
|player|p2|love is simple|dawn|1556
|gen|9
|tier|[Gen 9] OU
|rated|
|rule|HP Percentage Mod: HP is shown in percentages
|rule|Endless Battle Clause: Forcing endless battles is banned
|rule|Species Clause: Limit one of each Pokémon
|rule|OHKO Clause: OHKO moves are banned
|rule|Evasion Items Clause: Evasion items are banned
|rule|Evasion Moves Clause: Evasion moves are banned
|rule|Evasion Abilities Clause: Evasion abilities are banned
|rule|Sleep Moves Clause: Sleep-inducing moves are banned
|clearpoke
|poke|p1|Serperior, F|
|poke|p1|Samurott-Hisui, M|
|poke|p1|Iron Treads|
|poke|p1|Gholdengo|
|poke|p1|Moltres|
|poke|p1|Salamence, M|
|poke|p2|Dondozo, F|
|poke|p2|Blissey, F|
|poke|p2|Corviknight, F|
|poke|p2|Weezing-Galar, M|
|poke|p2|Gliscor, M|
|poke|p2|Toxapex, M|
|teampreview
|inactive|Battle timer is ON: inactive players will automatically lose when time's up. (requested by love is simple)
|
|t:|1760845573
|teamsize|p1|6
|teamsize|p2|6
|start
|switch|p1a: Samurott|Samurott-Hisui, M, shiny|100/100
|switch|p2a: Weezing|Weezing-Galar, M|100/100
|-ability|p2a: Weezing|Neutralizing Gas
|turn|1
|inactive|KV959vv has 120 seconds left.
|
|t:|1760845605
|switch|p1a: Gholdengo|Gholdengo, shiny|100/100
|-item|p1a: Gholdengo|Air Balloon
|move|p2a: Weezing|Strange Steam|p1a: Gholdengo
|-resisted|p1a: Gholdengo
|-damage|p1a: Gholdengo|88/100
|-enditem|p1a: Gholdengo|Air Balloon
|
|upkeep
|turn|2
|inactive|KV959vv has 120 seconds left.
|
|t:|1760845631
|-end|p2a: Weezing|ability: Neutralizing Gas
|switch|p2a: Blissey|Blissey, F|100/100
|move|p1a: Gholdengo|Thunder Wave|p2a: Blissey
|-status|p2a: Blissey|par
|
|upkeep
|turn|3
|
|t:|1760845638
|switch|p1a: Samurott|Samurott-Hisui, M, shiny|100/100
|-curestatus|p2a: Blissey|par|[from] ability: Natural Cure
|switch|p2a: Gliscor|Gliscor, M|100/100
|
|-status|p2a: Gliscor|tox|[from] item: Toxic Orb
|upkeep
|turn|4
|
|t:|1760845642
|switch|p2a: Weezing|Weezing-Galar, M|100/100
|-ability|p2a: Weezing|Neutralizing Gas
|move|p1a: Samurott|Ceaseless Edge|p2a: Weezing
|-resisted|p2a: Weezing
|-damage|p2a: Weezing|89/100
|-sidestart|p2: love is simple|Spikes
|
|upkeep
|turn|5
|inactive|KV959vv has 120 seconds left.
|
|t:|1760845653
|switch|p1a: Gholdengo|Gholdengo, shiny|88/100
|move|p2a: Weezing|Defog|p1a: Gholdengo
|-unboost|p1a: Gholdengo|evasion|1
|-sideend|p2: love is simple|Spikes|[from] move: Defog|[of] p2a: Weezing
|
|upkeep
|turn|6
|inactive|KV959vv has 120 seconds left.
|
|t:|1760845668
|-end|p2a: Weezing|ability: Neutralizing Gas
|switch|p2a: Blissey|Blissey, F|100/100
|move|p1a: Gholdengo|Thunder Wave|p2a: Blissey
|-status|p2a: Blissey|par
|
|upkeep
|turn|7
|inactive|KV959vv has 120 seconds left.
|
|t:|1760845696
|switch|p1a: Samurott|Samurott-Hisui, M, shiny|100/100
|cant|p2a: Blissey|par
|
|upkeep
|turn|8
|
|t:|1760845709
|-curestatus|p2a: Blissey|par|[from] ability: Natural Cure
|switch|p2a: Weezing|Weezing-Galar, M|89/100
|-ability|p2a: Weezing|Neutralizing Gas
|move|p1a: Samurott|Ceaseless Edge|p2a: Weezing
|-resisted|p2a: Weezing
|-damage|p2a: Weezing|78/100
|-sidestart|p2: love is simple|Spikes
|
|upkeep
|turn|9
|inactive|KV959vv has 120 seconds left.
|
|t:|1760845718
|switch|p1a: Gholdengo|Gholdengo, shiny|88/100
|move|p2a: Weezing|Will-O-Wisp|p1a: Gholdengo
|-status|p1a: Gholdengo|brn
|
|-damage|p1a: Gholdengo|82/100 brn|[from] brn
|upkeep
|turn|10
|
|t:|1760845725
|-end|p2a: Weezing|ability: Neutralizing Gas
|switch|p2a: Gliscor|Gliscor, M|100/100 tox
|move|p1a: Gholdengo|Make It Rain|p2a: Gliscor
|-damage|p2a: Gliscor|59/100 tox
|-unboost|p1a: Gholdengo|spa|1
|
|-heal|p2a: Gliscor|72/100 tox|[from] ability: Poison Heal
|-damage|p1a: Gholdengo|76/100 brn|[from] brn
|upkeep
|turn|11
|inactive|KV959vv has 120 seconds left.
|inactive|KV959vv has 90 seconds left.
|
|t:|1760845772
|switch|p1a: Serperior|Serperior, F, shiny|100/100
|move|p2a: Gliscor|Spikes|p1a: Serperior
|-sidestart|p1: KV959vv|Spikes
|
|-heal|p2a: Gliscor|84/100 tox|[from] ability: Poison Heal
|upkeep
|turn|12
|inactive|KV959vv has 90 seconds left.
|
|t:|1760845789
|move|p1a: Serperior|Substitute|p1a: Serperior
|-start|p1a: Serperior|Substitute
|-damage|p1a: Serperior|76/100
|move|p2a: Gliscor|Knock Off|p1a: Serperior
|-activate|p1a: Serperior|move: Substitute|[damage]
|
|-heal|p1a: Serperior|82/100|[from] item: Leftovers
|-heal|p2a: Gliscor|97/100 tox|[from] ability: Poison Heal
|upkeep
|turn|13
|inactive|KV959vv has 90 seconds left.
|
|t:|1760845812
|move|p2a: Gliscor|Protect|p2a: Gliscor
|-singleturn|p2a: Gliscor|Protect
|move|p1a: Serperior|Leech Seed|p2a: Gliscor
|-activate|p2a: Gliscor|move: Protect
|
|-heal|p1a: Serperior|88/100|[from] item: Leftovers
|-heal|p2a: Gliscor|100/100 tox|[from] ability: Poison Heal
|upkeep
|turn|14
|
|t:|1760845836
|move|p1a: Serperior|Leaf Storm|p2a: Gliscor
|-damage|p2a: Gliscor|62/100 tox
|-boost|p1a: Serperior|spa|2
|move|p2a: Gliscor|Knock Off|p1a: Serperior
|-end|p1a: Serperior|Substitute
|
|-heal|p1a: Serperior|94/100|[from] item: Leftovers
|-heal|p2a: Gliscor|75/100 tox|[from] ability: Poison Heal
|upkeep
|turn|15
|
|t:|1760845845
|switch|p2a: Toxapex|Toxapex, M|100/100
|-damage|p2a: Toxapex|88/100|[from] Spikes
|move|p1a: Serperior|Leaf Storm|p2a: Toxapex
|-damage|p2a: Toxapex|33/100
|-boost|p1a: Serperior|spa|2
|
|-heal|p1a: Serperior|100/100|[from] item: Leftovers
|-heal|p2a: Toxapex|40/100|[from] item: Leftovers
|upkeep
|turn|16
|
|t:|1760845860
|-terastallize|p2a: Toxapex|Steel
|move|p1a: Serperior|Substitute|p1a: Serperior
|-start|p1a: Serperior|Substitute
|-damage|p1a: Serperior|76/100
|move|p2a: Toxapex|Haze|p2a: Toxapex
|-clearallboost
|
|-heal|p1a: Serperior|82/100|[from] item: Leftovers
|-heal|p2a: Toxapex|46/100|[from] item: Leftovers
|upkeep
|turn|17
|
|t:|1760845867
|move|p1a: Serperior|Glare|p2a: Toxapex
|-status|p2a: Toxapex|par
|cant|p2a: Toxapex|par
|
|-heal|p1a: Serperior|88/100|[from] item: Leftovers
|-heal|p2a: Toxapex|52/100 par|[from] item: Leftovers
|upkeep
|turn|18
|
|t:|1760845876
|switch|p2a: Weezing|Weezing-Galar, M|78/100
|-ability|p2a: Weezing|Neutralizing Gas
|move|p1a: Serperior|Leech Seed|p2a: Weezing
|-start|p2a: Weezing|move: Leech Seed
|
|-heal|p1a: Serperior|94/100|[from] item: Leftovers
|-damage|p2a: Weezing|66/100|[from] Leech Seed|[of] p1a: Serperior
|-heal|p1a: Serperior|100/100|[silent]
|upkeep
|turn|19
|
|t:|1760845885
|move|p1a: Serperior|Glare|p2a: Weezing
|-status|p2a: Weezing|par
|move|p2a: Weezing|Strange Steam|p1a: Serperior
|-end|p1a: Serperior|Substitute
|
|-damage|p2a: Weezing|53/100 par|[from] Leech Seed|[of] p1a: Serperior
|upkeep
|turn|20
|
|t:|1760845890
|move|p1a: Serperior|Substitute|p1a: Serperior
|-start|p1a: Serperior|Substitute
|-damage|p1a: Serperior|76/100
|move|p2a: Weezing|Pain Split||[still]
|-fail|p2a: Weezing
|
|-heal|p1a: Serperior|82/100|[from] item: Leftovers
|-damage|p2a: Weezing|41/100 par|[from] Leech Seed|[of] p1a: Serperior
|-heal|p1a: Serperior|95/100|[silent]
|upkeep
|turn|21
|
|t:|1760845899
|-end|p2a: Weezing|ability: Neutralizing Gas
|switch|p2a: Corviknight|Corviknight, F|100/100
|-ability|p2a: Corviknight|Pressure
|move|p1a: Serperior|Leaf Storm|p2a: Corviknight
|-resisted|p2a: Corviknight
|-crit|p2a: Corviknight
|-damage|p2a: Corviknight|85/100
|-boost|p1a: Serperior|spa|2
|
|-heal|p1a: Serperior|100/100|[from] item: Leftovers
|-heal|p2a: Corviknight|91/100|[from] item: Leftovers
|upkeep
|turn|22
|
|t:|1760845908
|move|p1a: Serperior|Glare|p2a: Corviknight
|-status|p2a: Corviknight|par
|move|p2a: Corviknight|Iron Defense|p2a: Corviknight
|-boost|p2a: Corviknight|def|2
|
|-heal|p2a: Corviknight|97/100 par|[from] item: Leftovers
|upkeep
|turn|23
|
|t:|1760845914
|move|p1a: Serperior|Leech Seed|p2a: Corviknight
|-start|p2a: Corviknight|move: Leech Seed
|move|p2a: Corviknight|Body Press|p1a: Serperior
|-end|p1a: Serperior|Substitute
|
|-heal|p2a: Corviknight|100/100 par|[from] item: Leftovers
|-damage|p2a: Corviknight|88/100 par|[from] Leech Seed|[of] p1a: Serperior
|upkeep
|turn|24
|inactive|KV959vv has 120 seconds left.
|
|t:|1760845920
|move|p1a: Serperior|Substitute|p1a: Serperior
|-start|p1a: Serperior|Substitute
|-damage|p1a: Serperior|76/100
|cant|p2a: Corviknight|par
|
|-heal|p1a: Serperior|82/100|[from] item: Leftovers
|-heal|p2a: Corviknight|94/100 par|[from] item: Leftovers
|-damage|p2a: Corviknight|82/100 par|[from] Leech Seed|[of] p1a: Serperior
|-heal|p1a: Serperior|97/100|[silent]
|upkeep
|turn|25
|
|t:|1760845924
|move|p1a: Serperior|Leaf Storm|p2a: Corviknight
|-resisted|p2a: Corviknight
|-damage|p2a: Corviknight|62/100 par
|-boost|p1a: Serperior|spa|2
|move|p2a: Corviknight|Body Press|p1a: Serperior
|-end|p1a: Serperior|Substitute
|
|-heal|p1a: Serperior|100/100|[from] item: Leftovers
|-heal|p2a: Corviknight|68/100 par|[from] item: Leftovers
|-damage|p2a: Corviknight|56/100 par|[from] Leech Seed|[of] p1a: Serperior
|upkeep
|turn|26
|
|t:|1760845930
|move|p1a: Serperior|Substitute|p1a: Serperior
|-start|p1a: Serperior|Substitute
|-damage|p1a: Serperior|76/100
|move|p2a: Corviknight|Roost|p2a: Corviknight
|-heal|p2a: Corviknight|100/100 par
|-singleturn|p2a: Corviknight|move: Roost
|
|-heal|p1a: Serperior|82/100|[from] item: Leftovers
|-damage|p2a: Corviknight|88/100 par|[from] Leech Seed|[of] p1a: Serperior
|-heal|p1a: Serperior|97/100|[silent]
|upkeep
|turn|27
|
|t:|1760845933
|move|p1a: Serperior|Leaf Storm|p2a: Corviknight
|-resisted|p2a: Corviknight
|-damage|p2a: Corviknight|57/100 par
|-boost|p1a: Serperior|spa|2
|move|p2a: Corviknight|Body Press|p1a: Serperior
|-end|p1a: Serperior|Substitute
|
|-heal|p1a: Serperior|100/100|[from] item: Leftovers
|-heal|p2a: Corviknight|63/100 par|[from] item: Leftovers
|-damage|p2a: Corviknight|51/100 par|[from] Leech Seed|[of] p1a: Serperior
|upkeep
|turn|28
|
|t:|1760845937
|switch|p2a: Gliscor|Gliscor, M|75/100 tox
|move|p1a: Serperior|Substitute|p1a: Serperior
|-start|p1a: Serperior|Substitute
|-damage|p1a: Serperior|76/100
|
|-heal|p1a: Serperior|82/100|[from] item: Leftovers
|-heal|p2a: Gliscor|87/100 tox|[from] ability: Poison Heal
|upkeep
|turn|29
|
|t:|1760845945
|move|p1a: Serperior|Leech Seed|p2a: Gliscor
|-start|p2a: Gliscor|move: Leech Seed
|move|p2a: Gliscor|Spikes|p1a: Serperior
|-sidestart|p1: KV959vv|Spikes
|
|-heal|p1a: Serperior|88/100|[from] item: Leftovers
|-damage|p2a: Gliscor|75/100 tox|[from] Leech Seed|[of] p1a: Serperior
|-heal|p1a: Serperior|100/100|[silent]
|-heal|p2a: Gliscor|87/100 tox|[from] ability: Poison Heal
|upkeep
|turn|30
|
|t:|1760845957
|move|p1a: Serperior|Glare||[still]
|-fail|p1a: Serperior
|move|p2a: Gliscor|Spikes|p1a: Serperior
|-sidestart|p1: KV959vv|Spikes
|
|-damage|p2a: Gliscor|75/100 tox|[from] Leech Seed|[of] p1a: Serperior
|-heal|p2a: Gliscor|87/100 tox|[from] ability: Poison Heal
|upkeep
|turn|31
|
|t:|1760845967
|switch|p1a: Iron Treads|Iron Treads|100/100
|-item|p1a: Iron Treads|Air Balloon
|move|p2a: Gliscor|Knock Off|p1a: Iron Treads
|-damage|p1a: Iron Treads|80/100
|-enditem|p1a: Iron Treads|Air Balloon
|
|-damage|p2a: Gliscor|75/100 tox|[from] Leech Seed|[of] p1a: Iron Treads
|-heal|p1a: Iron Treads|93/100|[silent]
|-heal|p2a: Gliscor|87/100 tox|[from] ability: Poison Heal
|upkeep
|turn|32
|
|t:|1760845972
|switch|p2a: Corviknight|Corviknight, F|51/100 par
|-ability|p2a: Corviknight|Pressure
|move|p1a: Iron Treads|Rapid Spin|p2a: Corviknight
|-resisted|p2a: Corviknight
|-damage|p2a: Corviknight|46/100 par
|-boost|p1a: Iron Treads|spe|1
|-sideend|p1: KV959vv|Spikes|[from] move: Rapid Spin|[of] p1a: Iron Treads
|
|-heal|p2a: Corviknight|52/100 par|[from] item: Leftovers
|upkeep
|turn|33
|
|t:|1760845985
|move|p1a: Iron Treads|Stealth Rock|p2a: Corviknight
|-sidestart|p2: love is simple|move: Stealth Rock
|cant|p2a: Corviknight|par
|
|-heal|p2a: Corviknight|58/100 par|[from] item: Leftovers
|upkeep
|turn|34
|
|t:|1760845990
|-end|p1a: Iron Treads|Quark Drive|[silent]
|switch|p1a: Moltres|Moltres, shiny|100/100
|move|p2a: Corviknight|Defog|p1a: Moltres
|-unboost|p1a: Moltres|evasion|1
|-sideend|p2: love is simple|Spikes|[from] move: Defog|[of] p2a: Corviknight
|-sideend|p2: love is simple|Stealth Rock|[from] move: Defog|[of] p2a: Corviknight
|
|-heal|p2a: Corviknight|65/100 par|[from] item: Leftovers
|upkeep
|turn|35
|
|t:|1760846000
|switch|p2a: Toxapex|Toxapex, M, tera:Steel|85/100 par
|move|p1a: Moltres|Will-O-Wisp||[still]
|-fail|p1a: Moltres
|
|-heal|p2a: Toxapex|92/100 par|[from] item: Leftovers
|upkeep
|turn|36
|
|t:|1760846007
|switch|p2a: Blissey|Blissey, F|100/100
|move|p1a: Moltres|Flamethrower|p2a: Blissey
|-damage|p2a: Blissey|89/100
|
|-heal|p2a: Blissey|95/100|[from] item: Leftovers
|upkeep
|turn|37
|
|t:|1760846025
|switch|p1a: Samurott|Samurott-Hisui, M, shiny|100/100
|move|p2a: Blissey|Seismic Toss|p1a: Samurott
|-damage|p1a: Samurott|74/100
|
|-heal|p2a: Blissey|100/100|[from] item: Leftovers
|upkeep
|turn|38
|
|t:|1760846033
|switch|p2a: Weezing|Weezing-Galar, M|41/100 par
|-ability|p2a: Weezing|Neutralizing Gas
|move|p1a: Samurott|Ceaseless Edge|p2a: Weezing
|-resisted|p2a: Weezing
|-damage|p2a: Weezing|31/100 par
|-sidestart|p2: love is simple|Spikes
|
|upkeep
|turn|39
|
|t:|1760846036
|move|p1a: Samurott|Ceaseless Edge|p2a: Weezing
|-resisted|p2a: Weezing
|-damage|p2a: Weezing|21/100 par
|-sidestart|p2: love is simple|Spikes
|move|p2a: Weezing|Pain Split|p1a: Samurott
|-sethp|p1a: Samurott|46/100|[from] move: Pain Split|[silent]
|-sethp|p2a: Weezing|51/100 par|[from] move: Pain Split
|
|upkeep
|turn|40
|
|t:|1760846043
|move|p1a: Samurott|Razor Shell|p2a: Weezing
|-damage|p2a: Weezing|28/100 par
|-unboost|p2a: Weezing|def|1
|move|p2a: Weezing|Strange Steam|p1a: Samurott
|-supereffective|p1a: Samurott
|-damage|p1a: Samurott|0 fnt
|faint|p1a: Samurott
|
|upkeep
|
|t:|1760846068
|switch|p1a: Gholdengo|Gholdengo, shiny|76/100 brn
|turn|41
|
|t:|1760846073
|move|p1a: Gholdengo|Hex|p2a: Weezing
|-damage|p2a: Weezing|0 fnt
|faint|p2a: Weezing
|-end|p2a: Weezing|ability: Neutralizing Gas
|
|-damage|p1a: Gholdengo|70/100 brn|[from] brn
|upkeep
|
|t:|1760846077
|switch|p2a: Gliscor|Gliscor, M|87/100 tox
|turn|42
|
|t:|1760846085
|move|p2a: Gliscor|Earthquake|p1a: Gholdengo
|-supereffective|p1a: Gholdengo
|-damage|p1a: Gholdengo|23/100 brn
|move|p1a: Gholdengo|Hex|p2a: Gliscor
|-damage|p2a: Gliscor|43/100 tox
|
|-heal|p2a: Gliscor|56/100 tox|[from] ability: Poison Heal
|-damage|p1a: Gholdengo|17/100 brn|[from] brn
|upkeep
|turn|43
|
|t:|1760846091
|switch|p1a: Salamence|Salamence, M|100/100
|move|p2a: Gliscor|Spikes|p1a: Salamence
|-sidestart|p1: KV959vv|Spikes
|
|-heal|p2a: Gliscor|68/100 tox|[from] ability: Poison Heal
|upkeep
|turn|44
|
|t:|1760846098
|switch|p2a: Dondozo|Dondozo, F|100/100
|-damage|p2a: Dondozo|84/100|[from] Spikes
|move|p1a: Salamence|Dragon Dance|p1a: Salamence
|-boost|p1a: Salamence|atk|1
|-boost|p1a: Salamence|spe|1
|
|-heal|p2a: Dondozo|90/100|[from] item: Leftovers
|upkeep
|turn|45
|
|t:|1760846115
|switch|p1a: Serperior|Serperior, F, shiny|100/100
|-damage|p1a: Serperior|88/100|[from] Spikes
|move|p2a: Dondozo|Avalanche|p1a: Serperior
|-supereffective|p1a: Serperior
|-damage|p1a: Serperior|56/100
|
|-heal|p1a: Serperior|62/100|[from] item: Leftovers
|-heal|p2a: Dondozo|96/100|[from] item: Leftovers
|upkeep
|turn|46
|
|t:|1760846122
|switch|p2a: Corviknight|Corviknight, F|65/100 par
|-ability|p2a: Corviknight|Pressure
|move|p1a: Serperior|Leech Seed|p2a: Corviknight
|-start|p2a: Corviknight|move: Leech Seed
|
|-heal|p1a: Serperior|68/100|[from] item: Leftovers
|-heal|p2a: Corviknight|71/100 par|[from] item: Leftovers
|-damage|p2a: Corviknight|58/100 par|[from] Leech Seed|[of] p1a: Serperior
|-heal|p1a: Serperior|84/100|[silent]
|upkeep
|turn|47
|
|t:|1760846146
|switch|p1a: Moltres|Moltres, shiny|100/100
|move|p2a: Corviknight|Defog|p1a: Moltres
|-unboost|p1a: Moltres|evasion|1
|-sideend|p1: KV959vv|Spikes|[from] move: Defog|[of] p2a: Corviknight
|-sideend|p2: love is simple|Spikes|[from] move: Defog|[of] p2a: Corviknight
|
|-heal|p2a: Corviknight|65/100 par|[from] item: Leftovers
|-damage|p2a: Corviknight|52/100 par|[from] Leech Seed|[of] p1a: Moltres
|upkeep
|turn|48
|
|t:|1760846153
|switch|p2a: Blissey|Blissey, F|100/100
|move|p1a: Moltres|Hurricane|p2a: Blissey
|-damage|p2a: Blissey|85/100
|
|-heal|p2a: Blissey|91/100|[from] item: Leftovers
|upkeep
|turn|49
|
|t:|1760846168
|switch|p1a: Salamence|Salamence, M|100/100
|move|p2a: Blissey|Stealth Rock|p1a: Salamence
|-sidestart|p1: KV959vv|move: Stealth Rock
|
|-heal|p2a: Blissey|97/100|[from] item: Leftovers
|upkeep
|turn|50
|
|t:|1760846175
|switch|p2a: Corviknight|Corviknight, F|52/100 par
|-ability|p2a: Corviknight|Pressure
|move|p1a: Salamence|Dragon Dance|p1a: Salamence
|-boost|p1a: Salamence|atk|1
|-boost|p1a: Salamence|spe|1
|
|-heal|p2a: Corviknight|58/100 par|[from] item: Leftovers
|upkeep
|turn|51
|
|t:|1760846183
|move|p1a: Salamence|Dragon Dance|p1a: Salamence
|-boost|p1a: Salamence|atk|1
|-boost|p1a: Salamence|spe|1
|cant|p2a: Corviknight|par
|
|-heal|p2a: Corviknight|65/100 par|[from] item: Leftovers
|upkeep
|turn|52
|
|t:|1760846189
|switch|p2a: Dondozo|Dondozo, F|96/100
|move|p1a: Salamence|Dual Wingbeat|p2a: Dondozo
|-damage|p2a: Dondozo|87/100
|-damage|p2a: Dondozo|78/100
|-hitcount|p2a: Dondozo|2
|
|-heal|p2a: Dondozo|84/100|[from] item: Leftovers
|upkeep
|turn|53
|
|t:|1760846210
|-terastallize|p1a: Salamence|Steel
|move|p1a: Salamence|Iron Head|p2a: Dondozo
|-resisted|p2a: Dondozo
|-damage|p2a: Dondozo|75/100
|cant|p2a: Dondozo|flinch
|
|-heal|p2a: Dondozo|81/100|[from] item: Leftovers
|upkeep
|turn|54
|
|t:|1760846214
|move|p1a: Salamence|Iron Head|p2a: Dondozo
|-resisted|p2a: Dondozo
|-damage|p2a: Dondozo|71/100
|cant|p2a: Dondozo|flinch
|
|-heal|p2a: Dondozo|77/100|[from] item: Leftovers
|upkeep
|turn|55
|
|t:|1760846222
|move|p1a: Salamence|Dual Wingbeat|p2a: Dondozo
|-damage|p2a: Dondozo|68/100
|-damage|p2a: Dondozo|58/100
|-hitcount|p2a: Dondozo|2
|move|p2a: Dondozo|Body Press|p1a: Salamence
|-supereffective|p1a: Salamence
|-damage|p1a: Salamence|35/100
|
|-heal|p2a: Dondozo|64/100|[from] item: Leftovers
|upkeep
|turn|56
|
|t:|1760846230
|switch|p1a: Moltres|Moltres, shiny|100/100
|move|p2a: Dondozo|Body Press|p1a: Moltres
|-resisted|p1a: Moltres
|-damage|p1a: Moltres|91/100
|
|-heal|p2a: Dondozo|70/100|[from] item: Leftovers
|upkeep
|turn|57
|
|t:|1760846239
|switch|p1a: Iron Treads|Iron Treads|93/100
|-damage|p1a: Iron Treads|90/100|[from] Stealth Rock
|switch|p2a: Blissey|Blissey, F|97/100
|
|-heal|p2a: Blissey|100/100|[from] item: Leftovers
|upkeep
|turn|58
|
|t:|1760846244
|switch|p2a: Corviknight|Corviknight, F|65/100 par
|-ability|p2a: Corviknight|Pressure
|move|p1a: Iron Treads|Rapid Spin|p2a: Corviknight
|-resisted|p2a: Corviknight
|-damage|p2a: Corviknight|60/100 par
|-boost|p1a: Iron Treads|spe|1
|-sideend|p1: KV959vv|Stealth Rock|[from] move: Rapid Spin|[of] p1a: Iron Treads
|
|-heal|p2a: Corviknight|66/100 par|[from] item: Leftovers
|upkeep
|turn|59
|
|t:|1760846253
|-end|p1a: Iron Treads|Quark Drive|[silent]
|switch|p1a: Gholdengo|Gholdengo, shiny|17/100 brn
|move|p2a: Corviknight|Iron Defense|p2a: Corviknight
|-boost|p2a: Corviknight|def|2
|
|-heal|p2a: Corviknight|73/100 par|[from] item: Leftovers
|-damage|p1a: Gholdengo|11/100 brn|[from] brn
|upkeep
|turn|60
|
|t:|1760846256
|switch|p2a: Blissey|Blissey, F|100/100
|move|p1a: Gholdengo|Recover|p1a: Gholdengo
|-heal|p1a: Gholdengo|61/100 brn
|
|-damage|p1a: Gholdengo|55/100 brn|[from] brn
|upkeep
|turn|61
|
|t:|1760846267
|switch|p1a: Iron Treads|Iron Treads|90/100
|move|p2a: Blissey|Stealth Rock|p1a: Iron Treads
|-sidestart|p1: KV959vv|move: Stealth Rock
|
|upkeep
|turn|62
|inactive|KV959vv has 120 seconds left.
|inactive|KV959vv has 90 seconds left.
|
|t:|1760846339
|switch|p2a: Corviknight|Corviknight, F|73/100 par
|-ability|p2a: Corviknight|Pressure
|move|p1a: Iron Treads|Stealth Rock|p2a: Corviknight
|-sidestart|p2: love is simple|move: Stealth Rock
|
|-heal|p2a: Corviknight|79/100 par|[from] item: Leftovers
|upkeep
|turn|63
|
|t:|1760846347
|move|p1a: Iron Treads|Rapid Spin|p2a: Corviknight
|-resisted|p2a: Corviknight
|-damage|p2a: Corviknight|74/100 par
|-boost|p1a: Iron Treads|spe|1
|-sideend|p1: KV959vv|Stealth Rock|[from] move: Rapid Spin|[of] p1a: Iron Treads
|move|p2a: Corviknight|Defog|p1a: Iron Treads
|-unboost|p1a: Iron Treads|evasion|1
|-sideend|p2: love is simple|Stealth Rock|[from] move: Defog|[of] p2a: Corviknight
|
|-heal|p2a: Corviknight|80/100 par|[from] item: Leftovers
|upkeep
|turn|64
|inactive|KV959vv has 90 seconds left.
|c|☆KV959vv|love is simple But your mother doesn't like you
|
|t:|1760846378
|move|p1a: Iron Treads|Stealth Rock|p2a: Corviknight
|-sidestart|p2: love is simple|move: Stealth Rock
|move|p2a: Corviknight|Body Press|p1a: Iron Treads
|-supereffective|p1a: Iron Treads
|-damage|p1a: Iron Treads|39/100
|
|-heal|p2a: Corviknight|87/100 par|[from] item: Leftovers
|upkeep
|turn|65
|
|t:|1760846385
|-end|p1a: Iron Treads|Quark Drive|[silent]
|switch|p1a: Moltres|Moltres, shiny|91/100
|move|p2a: Corviknight|Defog|p1a: Moltres
|-unboost|p1a: Moltres|evasion|1
|-sideend|p2: love is simple|Stealth Rock|[from] move: Defog|[of] p2a: Corviknight
|
|-heal|p2a: Corviknight|93/100 par|[from] item: Leftovers
|upkeep
|turn|66
|
|t:|1760846393
|switch|p2a: Toxapex|Toxapex, M, tera:Steel|100/100 par
|move|p1a: Moltres|Flamethrower|p2a: Toxapex
|-supereffective|p2a: Toxapex
|-damage|p2a: Toxapex|51/100 par
|
|-heal|p2a: Toxapex|57/100 par|[from] item: Leftovers
|upkeep
|turn|67
|inactive|KV959vv has 90 seconds left.
|
|t:|1760846400
|switch|p2a: Gliscor|Gliscor, M|68/100 tox
|move|p1a: Moltres|Flamethrower|p2a: Gliscor
|-damage|p2a: Gliscor|35/100 tox
|
|-heal|p2a: Gliscor|47/100 tox|[from] ability: Poison Heal
|upkeep
|turn|68
|
|t:|1760846406
|move|p2a: Gliscor|Protect|p2a: Gliscor
|-singleturn|p2a: Gliscor|Protect
|move|p1a: Moltres|Hurricane|p2a: Gliscor
|-activate|p2a: Gliscor|move: Protect
|
|-heal|p2a: Gliscor|60/100 tox|[from] ability: Poison Heal
|upkeep
|turn|69
|
|t:|1760846411
|switch|p2a: Blissey|Blissey, F|100/100
|move|p1a: Moltres|Hurricane|p2a: Blissey
|-damage|p2a: Blissey|85/100
|
|-heal|p2a: Blissey|91/100|[from] item: Leftovers
|upkeep
|turn|70
|c|☆KV959vv|love is simple But your mother doesn't like you
|c|☆KV959vv|stall dog
|
|t:|1760846435
|switch|p2a: Gliscor|Gliscor, M|60/100 tox
|move|p1a: Moltres|Will-O-Wisp|p2a: Gliscor|[miss]
|-miss|p1a: Moltres|p2a: Gliscor
|
|-heal|p2a: Gliscor|72/100 tox|[from] ability: Poison Heal
|upkeep
|turn|71
|inactive|KV959vv has 90 seconds left.
|
|t:|1760846462
|move|p2a: Gliscor|Spikes|p1a: Moltres
|-sidestart|p1: KV959vv|Spikes
|move|p1a: Moltres|Flamethrower|p2a: Gliscor
|-damage|p2a: Gliscor|39/100 tox
|
|-heal|p2a: Gliscor|51/100 tox|[from] ability: Poison Heal
|upkeep
|turn|72
|
|t:|1760846469
|move|p2a: Gliscor|Protect|p2a: Gliscor
|-singleturn|p2a: Gliscor|Protect
|move|p1a: Moltres|Flamethrower|p2a: Gliscor
|-activate|p2a: Gliscor|move: Protect
|
|-heal|p2a: Gliscor|64/100 tox|[from] ability: Poison Heal
|upkeep
|turn|73
|
|t:|1760846472
|switch|p2a: Blissey|Blissey, F|91/100
|move|p1a: Moltres|Flamethrower|p2a: Blissey
|-crit|p2a: Blissey
|-damage|p2a: Blissey|73/100
|
|-heal|p2a: Blissey|79/100|[from] item: Leftovers
|upkeep
|turn|74
|
|t:|1760846482
|move|p1a: Moltres|Hurricane|p2a: Blissey|[miss]
|-miss|p1a: Moltres|p2a: Blissey
|move|p2a: Blissey|Seismic Toss|p1a: Moltres
|-damage|p1a: Moltres|65/100
|
|-heal|p2a: Blissey|86/100|[from] item: Leftovers
|upkeep
|turn|75
|
|t:|1760846489
|move|p1a: Moltres|Hurricane|p2a: Blissey|[miss]
|-miss|p1a: Moltres|p2a: Blissey
|move|p2a: Blissey|Seismic Toss|p1a: Moltres
|-damage|p1a: Moltres|39/100
|
|-heal|p2a: Blissey|92/100|[from] item: Leftovers
|upkeep
|turn|76
|
|t:|1760846492
|move|p1a: Moltres|Will-O-Wisp|p2a: Blissey
|-status|p2a: Blissey|brn
|move|p2a: Blissey|Stealth Rock|p1a: Moltres
|-sidestart|p1: KV959vv|move: Stealth Rock
|
|-heal|p2a: Blissey|98/100 brn|[from] item: Leftovers
|-damage|p2a: Blissey|92/100 brn|[from] brn
|upkeep
|turn|77
|
|t:|1760846497
|move|p1a: Moltres|Flamethrower|p2a: Blissey
|-damage|p2a: Blissey|79/100 brn
|move|p2a: Blissey|Seismic Toss|p1a: Moltres
|-damage|p1a: Moltres|12/100
|
|-heal|p2a: Blissey|85/100 brn|[from] item: Leftovers
|-damage|p2a: Blissey|79/100 brn|[from] brn
|upkeep
|turn|78
|
|t:|1760846502
|move|p1a: Moltres|Roost|p1a: Moltres
|-heal|p1a: Moltres|62/100
|-singleturn|p1a: Moltres|move: Roost
|move|p2a: Blissey|Seismic Toss|p1a: Moltres
|-damage|p1a: Moltres|36/100
|
|-heal|p2a: Blissey|85/100 brn|[from] item: Leftovers
|-damage|p2a: Blissey|79/100 brn|[from] brn
|upkeep
|turn|79
|
|t:|1760846509
|move|p1a: Moltres|Hurricane|p2a: Blissey
|-damage|p2a: Blissey|63/100 brn
|move|p2a: Blissey|Seismic Toss|p1a: Moltres
|-damage|p1a: Moltres|10/100
|
|-heal|p2a: Blissey|70/100 brn|[from] item: Leftovers
|-damage|p2a: Blissey|63/100 brn|[from] brn
|upkeep
|turn|80
|
|t:|1760846512
|-curestatus|p2a: Blissey|brn|[from] ability: Natural Cure
|switch|p2a: Gliscor|Gliscor, M|64/100 tox
|move|p1a: Moltres|Roost|p1a: Moltres
|-heal|p1a: Moltres|60/100
|-singleturn|p1a: Moltres|move: Roost
|
|-heal|p2a: Gliscor|76/100 tox|[from] ability: Poison Heal
|upkeep
|turn|81
|
|t:|1760846519
|move|p2a: Gliscor|Protect|p2a: Gliscor
|-singleturn|p2a: Gliscor|Protect
|move|p1a: Moltres|Hurricane|p2a: Gliscor
|-activate|p2a: Gliscor|move: Protect
|
|-heal|p2a: Gliscor|89/100 tox|[from] ability: Poison Heal
|upkeep
|turn|82
|
|t:|1760846525
|move|p2a: Gliscor|Knock Off|p1a: Moltres
|-damage|p1a: Moltres|45/100
|-enditem|p1a: Moltres|Heavy-Duty Boots|[from] move: Knock Off|[of] p2a: Gliscor
|move|p1a: Moltres|Hurricane|p2a: Gliscor
|-damage|p2a: Gliscor|43/100 tox
|-start|p2a: Gliscor|confusion
|
|-heal|p2a: Gliscor|55/100 tox|[from] ability: Poison Heal
|upkeep
|turn|83
|
|t:|1760846534
|switch|p2a: Blissey|Blissey, F|63/100
|move|p1a: Moltres|Roost|p1a: Moltres
|-heal|p1a: Moltres|95/100
|-singleturn|p1a: Moltres|move: Roost
|
|-heal|p2a: Blissey|70/100|[from] item: Leftovers
|upkeep
|turn|84
|
|t:|1760846541
|move|p1a: Moltres|Flamethrower|p2a: Blissey
|-damage|p2a: Blissey|56/100
|move|p2a: Blissey|Seismic Toss|p1a: Moltres
|-damage|p1a: Moltres|68/100
|-status|p2a: Blissey|brn|[from] ability: Flame Body|[of] p1a: Moltres
|
|-heal|p2a: Blissey|62/100 brn|[from] item: Leftovers
|-damage|p2a: Blissey|56/100 brn|[from] brn
|upkeep
|turn|85
|
|t:|1760846549
|move|p1a: Moltres|Flamethrower|p2a: Blissey
|-damage|p2a: Blissey|44/100 brn
|move|p2a: Blissey|Soft-Boiled|p2a: Blissey
|-heal|p2a: Blissey|94/100 brn
|
|-heal|p2a: Blissey|100/100 brn|[from] item: Leftovers
|-damage|p2a: Blissey|94/100 brn|[from] brn
|upkeep
|turn|86
|
|t:|1760846554
|move|p1a: Moltres|Hurricane|p2a: Blissey|[miss]
|-miss|p1a: Moltres|p2a: Blissey
|move|p2a: Blissey|Seismic Toss|p1a: Moltres
|-damage|p1a: Moltres|42/100
|
|-heal|p2a: Blissey|100/100 brn|[from] item: Leftovers
|-damage|p2a: Blissey|94/100 brn|[from] brn
|upkeep
|turn|87
|
|t:|1760846559
|move|p1a: Moltres|Roost|p1a: Moltres
|-heal|p1a: Moltres|92/100
|-singleturn|p1a: Moltres|move: Roost
|move|p2a: Blissey|Seismic Toss|p1a: Moltres
|-damage|p1a: Moltres|66/100
|
|-heal|p2a: Blissey|100/100 brn|[from] item: Leftovers
|-damage|p2a: Blissey|94/100 brn|[from] brn
|upkeep
|turn|88
|
|t:|1760846561
|move|p1a: Moltres|Hurricane|p2a: Blissey
|-damage|p2a: Blissey|78/100 brn
|move|p2a: Blissey|Seismic Toss|p1a: Moltres
|-damage|p1a: Moltres|40/100
|
|-heal|p2a: Blissey|84/100 brn|[from] item: Leftovers
|-damage|p2a: Blissey|78/100 brn|[from] brn
|upkeep
|turn|89
|
|t:|1760846571
|move|p1a: Moltres|Flamethrower|p2a: Blissey
|-damage|p2a: Blissey|65/100 brn
|move|p2a: Blissey|Seismic Toss|p1a: Moltres
|-damage|p1a: Moltres|14/100
|
|-heal|p2a: Blissey|71/100 brn|[from] item: Leftovers
|-damage|p2a: Blissey|65/100 brn|[from] brn
|upkeep
|turn|90
|inactive|KV959vv has 120 seconds left.
|c|☆love is simple|gg
|inactive|KV959vv has 90 seconds left.
|c|☆love is simple|🤪
|c|☆love is simple|😁
|c|☆love is simple|😂
|c|☆love is simple|🤣
|inactive|KV959vv has 60 seconds left.
|c|☆love is simple|🤗
|c|☆love is simple|🥳
|c|☆love is simple|🤩
|c|☆love is simple|🥸
|inactive|KV959vv has 30 seconds left.
|c|☆love is simple|😖
|c|☆love is simple|🤭
|inactive|KV959vv has 20 seconds left.
|inactive|KV959vv has 15 seconds left.
|inactive|KV959vv has 10 seconds left.
|inactive|KV959vv has 5 seconds left.
|c|☆love is simple|🫢
|-message|KV959vv lost due to inactivity.
|
|win|love is simple
|raw|KV959vv's rating: 1607 &rarr; <strong>1584</strong><br />(-23 for losing)
|raw|love is simple's rating: 1556 &rarr; <strong>1579</strong><br />(+23 for winning)
|c|☆love is simple|🤪
|l|☆love is simple
|player|p2|
