|j|☆yungestyeet
|j|☆Ahzaeth
|t:|1760848671
|gametype|singles
|player|p1|yungestyeet|170|1134
|player|p2|Ahzaeth|fisherman-gen4|1065
|gen|9
|tier|[Gen 9] OU
|rated|
|rule|HP Percentage Mod: HP is shown in percentages
|rule|Endless Battle Clause: Forcing endless battles is banned
|rule|Species Clause: Limit one of each Pokémon
|rule|OHKO Clause: OHKO moves are banned
|rule|Evasion Items Clause: Evasion items are banned
|rule|Evasion Moves Clause: Evasion moves are banned
|rule|Evasion Abilities Clause: Evasion abilities are banned
|rule|Sleep Moves Clause: Sleep-inducing moves are banned
|clearpoke
|poke|p1|Arbok, F|
|poke|p1|Sandy Shocks|
|poke|p1|Garchomp, F|
|poke|p1|Lycanroc-Dusk, M|
|poke|p1|Exeggutor, M|
|poke|p1|Torkoal, M|
|poke|p2|Pelipper, F|
|poke|p2|Kingdra, F|
|poke|p2|Thundurus-Therian, M|
|poke|p2|Toxicroak, F|
|poke|p2|Moltres-Galar|
|poke|p2|Basculegion, M|
|teampreview
|
|t:|1760848676
|teamsize|p1|6
|teamsize|p2|6
|start
|switch|p1a: Lycanroc|Lycanroc-Dusk, M, shiny|100/100
|switch|p2a: Pelipper|Pelipper, F|100/100
|-weather|RainDance|[from] ability: Drizzle|[of] p2a: Pelipper
|turn|1
|inactive|Battle timer is ON: inactive players will automatically lose when time's up. (requested by yungestyeet)
|
|t:|1760848684
|move|p1a: Lycanroc|Stealth Rock|p2a: Pelipper
|-sidestart|p2: Ahzaeth|move: Stealth Rock
|move|p2a: Pelipper|U-turn|p1a: Lycanroc
|-damage|p1a: Lycanroc|85/100
|
|t:|1760848694
|switch|p2a: Kingdra|Kingdra, F|100/100|[from] U-turn
|-damage|p2a: Kingdra|88/100|[from] Stealth Rock
|
|-weather|RainDance|[upkeep]
|upkeep
|turn|2
|
|t:|1760848704
|move|p1a: Lycanroc|Accelerock|p2a: Kingdra
|-damage|p2a: Kingdra|61/100
|move|p2a: Kingdra|Weather Ball|p1a: Lycanroc
|-supereffective|p1a: Lycanroc
|-damage|p1a: Lycanroc|0 fnt
|faint|p1a: Lycanroc
|
|-weather|RainDance|[upkeep]
|upkeep
|
|t:|1760848712
|switch|p1a: Torkoal|Torkoal, M, shiny|100/100
|-weather|SunnyDay|[from] ability: Drought|[of] p1a: Torkoal
|turn|3
|
|t:|1760848726
|switch|p2a: Pelipper|Pelipper, F|100/100
|-damage|p2a: Pelipper|76/100|[from] Stealth Rock
|-weather|RainDance|[from] ability: Drizzle|[of] p2a: Pelipper
|switch|p1a: Sandy Shocks|Sandy Shocks|100/100
|-enditem|p1a: Sandy Shocks|Booster Energy
|-activate|p1a: Sandy Shocks|ability: Protosynthesis|[fromitem]
|-start|p1a: Sandy Shocks|protosynthesisspe
|
|-weather|RainDance|[upkeep]
|upkeep
|turn|4
|
|t:|1760848753
|-terastallize|p2a: Pelipper|Grass
|move|p1a: Sandy Shocks|Thunderbolt|p2a: Pelipper
|-resisted|p2a: Pelipper
|-damage|p2a: Pelipper|53/100
|move|p2a: Pelipper|Surf|p1a: Sandy Shocks
|-supereffective|p1a: Sandy Shocks
|-damage|p1a: Sandy Shocks|0 fnt
|faint|p1a: Sandy Shocks
|-end|p1a: Sandy Shocks|Protosynthesis|[silent]
|
|-weather|RainDance|[upkeep]
|upkeep
|
|t:|1760848762
|switch|p1a: Torkoal|Torkoal, M, shiny|100/100
|-weather|SunnyDay|[from] ability: Drought|[of] p1a: Torkoal
|turn|5
|
|t:|1760848780
|switch|p2a: Kingdra|Kingdra, F|61/100
|-damage|p2a: Kingdra|48/100|[from] Stealth Rock
|move|p1a: Torkoal|Lava Plume|p2a: Kingdra
|-resisted|p2a: Kingdra
|-damage|p2a: Kingdra|38/100
|
|-weather|SunnyDay|[upkeep]
|upkeep
|turn|6
|
|t:|1760848796
|switch|p1a: Exeggutor|Exeggutor, M, shiny|100/100
|move|p2a: Kingdra|Draco Meteor|p1a: Exeggutor
|-damage|p1a: Exeggutor|0 fnt
|-unboost|p2a: Kingdra|spa|2
|faint|p1a: Exeggutor
|
|-weather|SunnyDay|[upkeep]
|upkeep
|
|t:|1760848804
|switch|p1a: Arbok|Arbok, F, shiny|100/100
|-ability|p1a: Arbok|Intimidate|boost
|-unboost|p2a: Kingdra|atk|1
|turn|7
|
|t:|1760848817
|switch|p2a: Pelipper|Pelipper, F, tera:Grass|53/100
|-damage|p2a: Pelipper|41/100|[from] Stealth Rock
|-weather|RainDance|[from] ability: Drizzle|[of] p2a: Pelipper
|move|p1a: Arbok|Scale Shot|p2a: Pelipper
|-damage|p2a: Pelipper|33/100
|-damage|p2a: Pelipper|25/100
|-damage|p2a: Pelipper|17/100
|-damage|p2a: Pelipper|9/100
|-hitcount|p2a: Pelipper|4
|-unboost|p1a: Arbok|def|1
|-boost|p1a: Arbok|spe|1
|
|-weather|RainDance|[upkeep]
|upkeep
|turn|8
|
|t:|1760848832
|switch|p2a: Toxicroak|Toxicroak, F|100/100
|-damage|p2a: Toxicroak|94/100|[from] Stealth Rock
|move|p1a: Arbok|Scale Shot|p2a: Toxicroak
|-damage|p2a: Toxicroak|88/100
|-damage|p2a: Toxicroak|82/100
|-damage|p2a: Toxicroak|74/100
|-damage|p2a: Toxicroak|68/100
|-hitcount|p2a: Toxicroak|4
|-unboost|p1a: Arbok|def|1
|-boost|p1a: Arbok|spe|1
|
|-weather|RainDance|[upkeep]
|-heal|p2a: Toxicroak|80/100|[from] ability: Dry Skin
|-heal|p2a: Toxicroak|86/100|[from] item: Leftovers
|upkeep
|turn|9
|
|t:|1760848848
|-terastallize|p1a: Arbok|Dragon
|move|p2a: Toxicroak|Fake Out|p1a: Arbok
|-damage|p1a: Arbok|71/100
|cant|p1a: Arbok|flinch
|
|-weather|RainDance|[upkeep]
|-heal|p2a: Toxicroak|99/100|[from] ability: Dry Skin
|-heal|p2a: Toxicroak|100/100|[from] item: Leftovers
|upkeep
|turn|10
|
|t:|1760848861
|move|p1a: Arbok|Coil|p1a: Arbok
|-boost|p1a: Arbok|atk|1
|-boost|p1a: Arbok|def|1
|-boost|p1a: Arbok|accuracy|1
|move|p2a: Toxicroak|Knock Off|p1a: Arbok
|-damage|p1a: Arbok|20/100
|-enditem|p1a: Arbok|Loaded Dice|[from] move: Knock Off|[of] p2a: Toxicroak
|
|-weather|RainDance|[upkeep]
|upkeep
|turn|11
|-message|yungestyeet forfeited.
|
|win|Ahzaeth
|raw|yungestyeet's rating: 1134 &rarr; <strong>1104</strong><br />(-30 for losing)
|raw|Ahzaeth's rating: 1065 &rarr; <strong>1101</strong><br />(+36 for winning)
|l|☆yungestyeet
|player|p1|
|c|☆Ahzaeth|LMAO
|l|☆Ahzaeth
|player|p2|
