|j|☆sunflowersinrain
|j|☆151 187s
|t:|1760734386
|gametype|singles
|player|p1|sunflowersinrain|ingo|1112
|player|p2|151 187s|2|1085
|gen|9
|tier|[Gen 9] OU
|rated|
|rule|HP Percentage Mod: HP is shown in percentages
|rule|Endless Battle Clause: Forcing endless battles is banned
|rule|Species Clause: Limit one of each Pokémon
|rule|OHKO Clause: OHKO moves are banned
|rule|Evasion Items Clause: Evasion items are banned
|rule|Evasion Moves Clause: Evasion moves are banned
|rule|Evasion Abilities Clause: Evasion abilities are banned
|rule|Sleep Moves Clause: Sleep-inducing moves are banned
|clearpoke
|poke|p1|Tinkaton, F|
|poke|p1|Lapras, F|
|poke|p1|Metagross|
|poke|p1|Goodra-Hisui, F|
|poke|p1|Keldeo-Resolute|
|poke|p1|Skeledirge, F|
|poke|p2|Meowscarada, F|
|poke|p2|Bronzong|
|poke|p2|Dragonite, M|
|poke|p2|Quaquaval, F|
|poke|p2|Forretress, M|
|poke|p2|Talonflame, F|
|teampreview
|inactive|Battle timer is ON: inactive players will automatically lose when time's up. (requested by 151 187s)
|
|t:|1760734397
|teamsize|p1|6
|teamsize|p2|6
|start
|switch|p1a: Herta|Tinkaton, F|100/100
|switch|p2a: Forretress|Forretress, M|100/100
|-ability|p1a: Herta|Mold Breaker
|turn|1
|
|t:|1760734410
|move|p1a: Herta|Thunder Wave|p2a: Forretress|[miss]
|-miss|p1a: Herta|p2a: Forretress
|move|p2a: Forretress|Toxic Spikes|p1a: Herta
|-sidestart|p1: sunflowersinrain|move: Toxic Spikes
|
|upkeep
|turn|2
|
|t:|1760734417
|move|p1a: Herta|Thunder Wave|p2a: Forretress
|-status|p2a: Forretress|par
|move|p2a: Forretress|Toxic Spikes|p1a: Herta
|-sidestart|p1: sunflowersinrain|move: Toxic Spikes
|
|upkeep
|turn|3
|
|t:|1760734423
|switch|p1a: Toast|Skeledirge, F, shiny|100/100
|-status|p1a: Toast|tox
|move|p2a: Forretress|Stealth Rock|p1a: Toast
|-sidestart|p1: sunflowersinrain|move: Stealth Rock
|
|-damage|p1a: Toast|94/100 tox|[from] psn
|upkeep
|turn|4
|
|t:|1760734436
|move|p1a: Toast|Torch Song|p2a: Forretress
|-supereffective|p2a: Forretress
|-crit|p2a: Forretress
|-ability|p2a: Forretress|Sturdy
|-damage|p2a: Forretress|1/100 par
|-boost|p1a: Toast|spa|1
|-enditem|p2a: Forretress|Red Card|[of] p1a: Toast
|drag|p1a: goober|Goodra-Hisui, F|100/100
|-damage|p1a: goober|94/100|[from] Stealth Rock
|move|p2a: Forretress|Body Press|p1a: goober
|-supereffective|p1a: goober
|-damage|p1a: goober|44/100
|-damage|p2a: Forretress|0 fnt|[from] item: Rocky Helmet|[of] p1a: goober
|-ability|p1a: goober|Gooey
|faint|p2a: Forretress
|
|upkeep
|
|t:|1760734453
|switch|p2a: Quaquaval|Quaquaval, F|100/100
|turn|5
|
|t:|1760734478
|switch|p1a: Princess|Metagross|100/100
|-damage|p1a: Princess|94/100|[from] Stealth Rock
|move|p2a: Quaquaval|Aqua Step|p1a: Princess
|-damage|p1a: Princess|64/100
|-boost|p2a: Quaquaval|spe|1
|
|-heal|p1a: Princess|70/100|[from] item: Leftovers
|upkeep
|turn|6
|
|t:|1760734489
|move|p2a: Quaquaval|Swords Dance|p2a: Quaquaval
|-boost|p2a: Quaquaval|atk|2
|move|p1a: Princess|Psychic Fangs|p2a: Quaquaval
|-supereffective|p2a: Quaquaval
|-enditem|p2a: Quaquaval|Focus Sash
|-damage|p2a: Quaquaval|1/100
|
|-heal|p1a: Princess|76/100|[from] item: Leftovers
|upkeep
|turn|7
|
|t:|1760734498
|move|p2a: Quaquaval|Close Combat|p1a: Princess
|-damage|p1a: Princess|0 fnt
|-unboost|p2a: Quaquaval|def|1
|-unboost|p2a: Quaquaval|spd|1
|faint|p1a: Princess
|-ability|p2a: Quaquaval|Moxie|boost
|-boost|p2a: Quaquaval|atk|1
|
|upkeep
|
|t:|1760734505
|switch|p1a: Lady|Lapras, F|100/100
|turn|8
|
|t:|1760734509
|move|p2a: Quaquaval|Close Combat|p1a: Lady
|-supereffective|p1a: Lady
|-damage|p1a: Lady|0 fnt
|-unboost|p2a: Quaquaval|def|1
|-unboost|p2a: Quaquaval|spd|1
|faint|p1a: Lady
|-ability|p2a: Quaquaval|Moxie|boost
|-boost|p2a: Quaquaval|atk|1
|
|upkeep
|-message|sunflowersinrain forfeited.
|
|win|151 187s
|raw|sunflowersinrain's rating: 1112 &rarr; <strong>1085</strong><br />(-27 for losing)
|raw|151 187s's rating: 1085 &rarr; <strong>1114</strong><br />(+29 for winning)
|l|☆sunflowersinrain
|player|p1|
|l|☆151 187s
|player|p2|
