|j|☆bigredsword
|j|☆werearewe
|t:|1760768509
|gametype|singles
|player|p1|bigredsword|170|1442
|player|p2|werearewe|170|1563
|gen|9
|tier|[Gen 9] OU
|rated|
|rule|HP Percentage Mod: HP is shown in percentages
|rule|Endless Battle Clause: Forcing endless battles is banned
|rule|Species Clause: Limit one of each Pokémon
|rule|OHKO Clause: OHKO moves are banned
|rule|Evasion Items Clause: Evasion items are banned
|rule|Evasion Moves Clause: Evasion moves are banned
|rule|Evasion Abilities Clause: Evasion abilities are banned
|rule|Sleep Moves Clause: Sleep-inducing moves are banned
|clearpoke
|poke|p1|Rillaboom, M|
|poke|p1|Heatran, M|
|poke|p1|Great Tusk|
|poke|p1|Zapdos|
|poke|p1|Alomomola, F|
|poke|p1|Dragapult, M|
|poke|p2|Ribombee, M|
|poke|p2|Cinderace, F|
|poke|p2|Ogerpon, F|
|poke|p2|Milotic, F|
|poke|p2|Kingambit, M|
|poke|p2|Empoleon, M|
|teampreview
|
|t:|1760768519
|teamsize|p1|6
|teamsize|p2|6
|start
|switch|p1a: Rillaboom|Rillaboom, M|100/100
|switch|p2a: Ribombee|Ribombee, M|100/100
|-fieldstart|move: Grassy Terrain|[from] ability: Grassy Surge|[of] p1a: Rillaboom
|turn|1
|
|t:|1760768528
|move|p2a: Ribombee|Sticky Web|p1a: Rillaboom
|-sidestart|p1: bigredsword|move: Sticky Web
|move|p1a: Rillaboom|Wood Hammer|p2a: Ribombee
|-resisted|p2a: Ribombee
|-enditem|p2a: Ribombee|Focus Sash
|-damage|p2a: Ribombee|1/100
|-damage|p1a: Rillaboom|75/100|[from] Recoil
|
|-heal|p2a: Ribombee|7/100|[from] Grassy Terrain
|-heal|p1a: Rillaboom|81/100|[from] Grassy Terrain
|upkeep
|turn|2
|
|t:|1760768549
|switch|p1a: Zapdos|Zapdos|100/100
|move|p2a: Ribombee|U-turn|p1a: Zapdos
|-resisted|p1a: Zapdos
|-damage|p1a: Zapdos|96/100
|inactive|Battle timer is ON: inactive players will automatically lose when time's up. (requested by werearewe)
|
|t:|1760768554
|switch|p2a: Cinderace|Cinderace, F|100/100|[from] U-turn
|
|upkeep
|turn|3
|
|t:|1760768559
|move|p2a: Cinderace|Court Change|p2a: Cinderace
|-swapsideconditions
|-activate|p2a: Cinderace|move: Court Change
|move|p1a: Zapdos|Thunder Wave|p2a: Cinderace
|-status|p2a: Cinderace|par
|
|upkeep
|turn|4
|
|t:|1760768583
|move|p1a: Zapdos|Thunder Wave|p2a: Cinderace
|-fail|p2a: Cinderace|par
|cant|p2a: Cinderace|par
|
|upkeep
|turn|5
|
|t:|1760768590
|move|p1a: Zapdos|Hurricane|p2a: Cinderace
|-damage|p2a: Cinderace|46/100 par
|-start|p2a: Cinderace|confusion
|-activate|p2a: Cinderace|confusion
|move|p2a: Cinderace|Pyro Ball|p1a: Zapdos
|-damage|p1a: Zapdos|61/100
|
|-heal|p2a: Cinderace|52/100 par|[from] Grassy Terrain
|-fieldend|move: Grassy Terrain
|upkeep
|turn|6
|
|t:|1760768601
|switch|p1a: Alomomola|Alomomola, F|100/100
|-end|p2a: Cinderace|confusion
|move|p2a: Cinderace|Pyro Ball|p1a: Alomomola
|-resisted|p1a: Alomomola
|-damage|p1a: Alomomola|88/100
|-status|p1a: Alomomola|brn
|
|-damage|p1a: Alomomola|82/100 brn|[from] brn
|upkeep
|turn|7
|
|t:|1760768611
|move|p2a: Cinderace|U-turn|p1a: Alomomola
|-damage|p1a: Alomomola|72/100 brn
|
|t:|1760768632
|switch|p2a: Empoleon|Empoleon, M|100/100|[from] U-turn
|-activate|p2a: Empoleon|move: Sticky Web
|-unboost|p2a: Empoleon|spe|1
|-ability|p2a: Empoleon|Competitive|boost
|-boost|p2a: Empoleon|spa|2
|move|p1a: Alomomola|Flip Turn|p2a: Empoleon
|-resisted|p2a: Empoleon
|-damage|p2a: Empoleon|96/100
|
|t:|1760768662
|switch|p1a: Great Tusk|Great Tusk|100/100|[from] Flip Turn
|
|upkeep
|turn|8
|
|t:|1760768679
|switch|p2a: Ribombee|Ribombee, M|7/100
|-activate|p2a: Ribombee|move: Sticky Web
|-unboost|p2a: Ribombee|spe|1
|move|p1a: Great Tusk|Headlong Rush|p2a: Ribombee
|-resisted|p2a: Ribombee
|-damage|p2a: Ribombee|0 fnt
|-unboost|p1a: Great Tusk|def|1
|-unboost|p1a: Great Tusk|spd|1
|faint|p2a: Ribombee
|
|upkeep
|
|t:|1760768688
|switch|p2a: Ogerpon|Ogerpon, F|100/100
|-activate|p2a: Ogerpon|move: Sticky Web
|-unboost|p2a: Ogerpon|spe|1
|-ability|p2a: Ogerpon|Defiant|boost
|-boost|p2a: Ogerpon|atk|2
|-enditem|p2a: Ogerpon|White Herb
|-clearnegativeboost|p2a: Ogerpon|[silent]
|turn|9
|
|t:|1760768713
|-end|p1a: Great Tusk|Protosynthesis|[silent]
|switch|p1a: Heatran|Heatran, M|100/100
|move|p2a: Ogerpon|Ivy Cudgel|p1a: Heatran
|-resisted|p1a: Heatran
|-damage|p1a: Heatran|82/100
|
|-heal|p1a: Heatran|88/100|[from] item: Leftovers
|upkeep
|turn|10
|
|t:|1760768739
|move|p2a: Ogerpon|Superpower|p1a: Heatran
|-supereffective|p1a: Heatran
|-damage|p1a: Heatran|0 fnt
|-unboost|p2a: Ogerpon|atk|1
|-unboost|p2a: Ogerpon|def|1
|faint|p1a: Heatran
|
|upkeep
|
|t:|1760768749
|switch|p1a: Dragapult|Dragapult, M|100/100
|turn|11
|inactive|werearewe has 120 seconds left.
|
|t:|1760768778
|-terastallize|p2a: Ogerpon|Grass
|detailschange|p2a: Ogerpon|Ogerpon-Teal-Tera, F, tera:Grass
|-ability|p2a: Ogerpon|Embody Aspect (Teal)|boost
|-boost|p2a: Ogerpon|spe|1
|move|p2a: Ogerpon|Knock Off|p1a: Dragapult
|-supereffective|p1a: Dragapult
|-damage|p1a: Dragapult|0 fnt
|-enditem|p1a: Dragapult|Heavy-Duty Boots|[from] move: Knock Off|[of] p2a: Ogerpon
|faint|p1a: Dragapult
|
|upkeep
|inactive|bigredsword has 120 seconds left.
|-message|bigredsword forfeited.
|
|win|werearewe
|raw|bigredsword's rating: 1442 &rarr; <strong>1430</strong><br />(-12 for losing)
|raw|werearewe's rating: 1586 &rarr; <strong>1598</strong><br />(+12 for winning)
|l|☆bigredsword
|player|p1|
|l|☆werearewe
|player|p2|
