|j|☆rainsmeller5000
|j|☆triforceofchozo
|t:|1760793386
|gametype|singles
|player|p1|rainsmeller5000|1|1212
|player|p2|triforceofchozo|lady-gen4|1208
|gen|9
|tier|[Gen 9] OU
|rated|
|rule|HP Percentage Mod: HP is shown in percentages
|rule|Endless Battle Clause: Forcing endless battles is banned
|rule|Species Clause: Limit one of each Pokémon
|rule|OHKO Clause: OHKO moves are banned
|rule|Evasion Items Clause: Evasion items are banned
|rule|Evasion Moves Clause: Evasion moves are banned
|rule|Evasion Abilities Clause: Evasion abilities are banned
|rule|Sleep Moves Clause: Sleep-inducing moves are banned
|clearpoke
|poke|p1|Hoopa-Unbound|
|poke|p1|Slowking-Galar, F|
|poke|p1|Gliscor, M|
|poke|p1|Iron Valiant|
|poke|p1|Raging Bolt|
|poke|p1|Iron Treads|
|poke|p2|Pelipper, F|
|poke|p2|Ludicolo, M|
|poke|p2|Barraskewda, M|
|poke|p2|Kingdra, M|
|poke|p2|Zapdos|
|poke|p2|Thundurus-Therian, M|
|teampreview
|
|t:|1760793394
|teamsize|p1|6
|teamsize|p2|6
|start
|switch|p1a: Raging Bolt|Raging Bolt|100/100
|switch|p2a: Pelipper|Pelipper, F|100/100
|-weather|RainDance|[from] ability: Drizzle|[of] p2a: Pelipper
|turn|1
|
|t:|1760793407
|switch|p2a: Thundurus|Thundurus-Therian, M|100/100
|move|p1a: Raging Bolt|Volt Switch|p2a: Thundurus
|-immune|p2a: Thundurus|[from] ability: Volt Absorb
|
|-weather|RainDance|[upkeep]
|upkeep
|turn|2
|
|t:|1760793417
|move|p2a: Thundurus|Nasty Plot|p2a: Thundurus
|-boost|p2a: Thundurus|spa|2
|move|p1a: Raging Bolt|Draco Meteor|p2a: Thundurus
|-crit|p2a: Thundurus
|-damage|p2a: Thundurus|0 fnt
|-unboost|p1a: Raging Bolt|spa|2
|faint|p2a: Thundurus
|
|-weather|RainDance|[upkeep]
|upkeep
|
|t:|1760793442
|switch|p2a: Ludicolo|Ludicolo, M|100/100
|turn|3
|
|t:|1760793451
|-end|p1a: Raging Bolt|Protosynthesis|[silent]
|switch|p1a: Slowking|Slowking-Galar, F|100/100
|move|p2a: Ludicolo|Ice Beam|p1a: Slowking
|-damage|p1a: Slowking|81/100
|-damage|p2a: Ludicolo|91/100|[from] item: Life Orb
|
|-weather|RainDance|[upkeep]
|upkeep
|turn|4
|
|t:|1760793475
|switch|p2a: Zapdos|Zapdos|100/100
|-ability|p2a: Zapdos|Pressure
|-prepare|p1a: Slowking|Chilly Reception|[premajor]
|move|p1a: Slowking|Chilly Reception|p1a: Slowking
|-weather|Snowscape
|
|t:|1760793492
|switch|p1a: Iron Treads|Iron Treads|100/100|[from] Chilly Reception
|
|-weather|Snowscape|[upkeep]
|upkeep
|turn|5
|
|t:|1760793501
|switch|p2a: Pelipper|Pelipper, F|100/100
|-weather|RainDance|[from] ability: Drizzle|[of] p2a: Pelipper
|move|p1a: Iron Treads|Volt Switch|p2a: Pelipper
|-supereffective|p2a: Pelipper
|-damage|p2a: Pelipper|29/100
|
|t:|1760793509
|-end|p1a: Iron Treads|Quark Drive|[silent]
|switch|p1a: Slowking|Slowking-Galar, F|100/100|[from] Volt Switch
|
|-weather|RainDance|[upkeep]
|upkeep
|turn|6
|
|t:|1760793520
|move|p2a: Pelipper|Roost|p2a: Pelipper
|-heal|p2a: Pelipper|79/100
|-singleturn|p2a: Pelipper|move: Roost
|move|p1a: Slowking|Ice Beam|p2a: Pelipper
|-resisted|p2a: Pelipper
|-damage|p2a: Pelipper|63/100
|
|-weather|RainDance|[upkeep]
|upkeep
|turn|7
|
|t:|1760793530
|move|p2a: Pelipper|U-turn|p1a: Slowking
|-damage|p1a: Slowking|92/100
|
|t:|1760793534
|switch|p2a: Barraskewda|Barraskewda, M|100/100|[from] U-turn
|-prepare|p1a: Slowking|Chilly Reception|[premajor]
|move|p1a: Slowking|Chilly Reception|p1a: Slowking
|-weather|Snowscape
|
|t:|1760793541
|switch|p1a: Raging Bolt|Raging Bolt|100/100|[from] Chilly Reception
|
|-weather|Snowscape|[upkeep]
|upkeep
|turn|8
|
|t:|1760793554
|move|p2a: Barraskewda|Flip Turn|p1a: Raging Bolt
|-resisted|p1a: Raging Bolt
|-damage|p1a: Raging Bolt|80/100
|
|t:|1760793563
|switch|p2a: Zapdos|Zapdos|100/100|[from] Flip Turn
|-ability|p2a: Zapdos|Pressure
|move|p1a: Raging Bolt|Volt Switch|p2a: Zapdos
|-damage|p2a: Zapdos|63/100
|
|t:|1760793575
|-end|p1a: Raging Bolt|Protosynthesis|[silent]
|switch|p1a: Iron Valiant|Iron Valiant|100/100|[from] Volt Switch
|
|-weather|Snowscape|[upkeep]
|-heal|p2a: Zapdos|69/100|[from] item: Leftovers
|upkeep
|turn|9
|
|t:|1760793584
|-terastallize|p1a: Iron Valiant|Fairy
|move|p1a: Iron Valiant|Moonblast|p2a: Zapdos
|-damage|p2a: Zapdos|0 fnt
|faint|p2a: Zapdos
|-damage|p1a: Iron Valiant|91/100|[from] item: Life Orb
|
|-weather|Snowscape|[upkeep]
|upkeep
|
|t:|1760793593
|switch|p2a: Pelipper|Pelipper, F|63/100
|-weather|RainDance|[from] ability: Drizzle|[of] p2a: Pelipper
|turn|10
|
|t:|1760793599
|move|p1a: Iron Valiant|Moonblast|p2a: Pelipper
|-damage|p2a: Pelipper|0 fnt
|faint|p2a: Pelipper
|-damage|p1a: Iron Valiant|81/100|[from] item: Life Orb
|
|-weather|RainDance|[upkeep]
|upkeep
|
|t:|1760793609
|switch|p2a: Barraskewda|Barraskewda, M|100/100
|turn|11
|
|t:|1760793614
|-end|p1a: Iron Valiant|Quark Drive|[silent]
|switch|p1a: Slowking|Slowking-Galar, F|100/100
|move|p2a: Barraskewda|Liquidation|p1a: Slowking
|-damage|p1a: Slowking|0 fnt
|faint|p1a: Slowking
|
|-weather|RainDance|[upkeep]
|upkeep
|
|t:|1760793622
|switch|p1a: Raging Bolt|Raging Bolt|80/100
|turn|12
|
|t:|1760793630
|-terastallize|p2a: Barraskewda|Water
|move|p1a: Raging Bolt|Thunderclap|p2a: Barraskewda
|-supereffective|p2a: Barraskewda
|-damage|p2a: Barraskewda|0 fnt
|faint|p2a: Barraskewda
|
|-weather|RainDance|[upkeep]
|upkeep
|
|t:|1760793638
|switch|p2a: Ludicolo|Ludicolo, M|91/100
|turn|13
|
|t:|1760793649
|-end|p1a: Raging Bolt|Protosynthesis|[silent]
|switch|p1a: Iron Treads|Iron Treads|100/100
|move|p2a: Ludicolo|Ice Beam|p1a: Iron Treads
|-damage|p1a: Iron Treads|62/100
|-damage|p2a: Ludicolo|81/100|[from] item: Life Orb
|
|-weather|RainDance|[upkeep]
|-heal|p1a: Iron Treads|68/100|[from] item: Leftovers
|upkeep
|turn|14
|
|t:|1760793662
|move|p2a: Ludicolo|Giga Drain|p1a: Iron Treads
|-damage|p1a: Iron Treads|13/100
|-heal|p2a: Ludicolo|100/100|[from] drain|[of] p1a: Iron Treads
|-damage|p2a: Ludicolo|91/100|[from] item: Life Orb
|move|p1a: Iron Treads|Volt Switch|p2a: Ludicolo
|-damage|p2a: Ludicolo|76/100
|
|t:|1760793670
|-end|p1a: Iron Treads|Quark Drive|[silent]
|switch|p1a: Gliscor|Gliscor, M|100/100|[from] Volt Switch
|
|-weather|RainDance|[upkeep]
|-status|p1a: Gliscor|tox|[from] item: Toxic Orb
|upkeep
|turn|15
|
|t:|1760793677
|move|p1a: Gliscor|Protect|p1a: Gliscor
|-singleturn|p1a: Gliscor|Protect
|move|p2a: Ludicolo|Ice Beam|p1a: Gliscor
|-activate|p1a: Gliscor|move: Protect
|
|-weather|RainDance|[upkeep]
|upkeep
|turn|16
|
|t:|1760793684
|switch|p1a: Iron Treads|Iron Treads|13/100
|move|p2a: Ludicolo|Ice Beam|p1a: Iron Treads
|-damage|p1a: Iron Treads|0 fnt
|faint|p1a: Iron Treads
|-end|p1a: Iron Treads|Quark Drive|[silent]
|-damage|p2a: Ludicolo|66/100|[from] item: Life Orb
|
|-weather|RainDance|[upkeep]
|upkeep
|
|t:|1760793694
|switch|p1a: Gliscor|Gliscor, M|100/100 tox
|turn|17
|
|t:|1760793704
|move|p1a: Gliscor|Protect|p1a: Gliscor
|-singleturn|p1a: Gliscor|Protect
|move|p2a: Ludicolo|Encore|p1a: Gliscor
|-activate|p1a: Gliscor|move: Protect
|
|-weather|none
|upkeep
|turn|18
|
|t:|1760793715
|move|p2a: Ludicolo|Giga Drain|p1a: Gliscor
|-damage|p1a: Gliscor|48/100 tox
|-heal|p2a: Ludicolo|97/100|[from] drain|[of] p1a: Gliscor
|-damage|p2a: Ludicolo|87/100|[from] item: Life Orb
|move|p1a: Gliscor|U-turn|p2a: Ludicolo
|-supereffective|p2a: Ludicolo
|-damage|p2a: Ludicolo|38/100
|
|t:|1760793722
|switch|p1a: Hoopa|Hoopa-Unbound|100/100|[from] U-turn
|
|upkeep
|turn|19
|
|t:|1760793734
|move|p1a: Hoopa|Gunk Shot|p2a: Ludicolo
|-supereffective|p2a: Ludicolo
|-damage|p2a: Ludicolo|0 fnt
|faint|p2a: Ludicolo
|
|upkeep
|
|t:|1760793740
|switch|p2a: Kingdra|Kingdra, M|100/100
|turn|20
|
|t:|1760793754
|move|p1a: Hoopa|Gunk Shot|p2a: Kingdra
|-damage|p2a: Kingdra|42/100
|-status|p2a: Kingdra|psn
|move|p2a: Kingdra|Hydro Pump|p1a: Hoopa
|-damage|p1a: Hoopa|27/100
|
|-damage|p2a: Kingdra|30/100 psn|[from] psn
|upkeep
|turn|21
|inactive|Battle timer is ON: inactive players will automatically lose when time's up. (requested by rainsmeller5000)
|inactive|triforceofchozo has 120 seconds left.
|inactive|triforceofchozo has 90 seconds left.
|inactive|triforceofchozo has 60 seconds left.
|inactive|triforceofchozo has 30 seconds left.
|inactive|triforceofchozo has 20 seconds left.
|inactive|triforceofchozo has 15 seconds left.
|inactive|triforceofchozo has 10 seconds left.
|inactive|triforceofchozo has 5 seconds left.
|-message|triforceofchozo lost due to inactivity.
|
|win|rainsmeller5000
|raw|rainsmeller5000's rating: 1212 &rarr; <strong>1237</strong><br />(+25 for winning)
|raw|triforceofchozo's rating: 1208 &rarr; <strong>1183</strong><br />(-25 for losing)
|l|☆rainsmeller5000
|player|p1|
|l|☆triforceofchozo
|player|p2|
