|inactive|Battle timer is ON: inactive players will automatically lose when time's up.
|t:|1760822842
|gametype|singles
|player|p1|SOULWIND|#scl5foxes2|
|player|p2|ATTRIBUTE|#scl5spartans|
|gen|9
|tier|[Gen 9] OU
|rule|HP Percentage Mod: HP is shown in percentages
|rule|Endless Battle Clause: Forcing endless battles is banned
|rule|Species Clause: Limit one of each Pokémon
|rule|OHKO Clause: OHKO moves are banned
|rule|Evasion Items Clause: Evasion items are banned
|rule|Evasion Moves Clause: Evasion moves are banned
|rule|Evasion Abilities Clause: Evasion abilities are banned
|rule|Sleep Moves Clause: Sleep-inducing moves are banned
|clearpoke
|poke|p1|Tornadus-Therian, M|
|poke|p1|Kyurem|
|poke|p1|Iron Treads|
|poke|p1|Ting-Lu|
|poke|p1|Pecharunt|
|poke|p1|Zamazenta-*|
|poke|p2|Gliscor, F|
|poke|p2|Samurott-Hisui, F|
|poke|p2|Gholdengo|
|poke|p2|Latios, M|
|poke|p2|Great Tusk|
|poke|p2|Zamazenta-*|
|teampreview
|inactive|ATTRIBUTE also wants the timer to be on.
|c|☆ATTRIBUTE|hf
|c|☆SOULWIND|hf
|inactive|SOULWIND has 270 seconds left.
|inactive|ATTRIBUTE has 270 seconds left.
|inactive|SOULWIND has 240 seconds left.
|inactive|ATTRIBUTE has 240 seconds left.
|inactive|SOULWIND has 210 seconds left.
|inactive|ATTRIBUTE has 210 seconds left.
|rated|Smogon Champions League
|inactive|ATTRIBUTE has 180 seconds left.
|
|t:|1760822972
|teamsize|p1|6
|teamsize|p2|6
|start
|switch|p1a: Kyurem|Kyurem|100/100
|switch|p2a: oh master grant|Gliscor, F|100/100
|-ability|p1a: Kyurem|Pressure
|turn|1
|
|t:|1760822979
|move|p2a: oh master grant|Protect|p2a: oh master grant
|-singleturn|p2a: oh master grant|Protect
|move|p1a: Kyurem|Substitute|p1a: Kyurem
|-start|p1a: Kyurem|Substitute
|-damage|p1a: Kyurem|76/100
|
|-heal|p1a: Kyurem|82/100|[from] item: Leftovers
|-status|p2a: oh master grant|tox|[from] item: Toxic Orb
|upkeep
|turn|2
|inactive|ATTRIBUTE has 240 seconds left.
|
|t:|1760822995
|-terastallize|p2a: oh master grant|Normal
|move|p1a: Kyurem|Freeze-Dry|p2a: oh master grant
|-damage|p2a: oh master grant|65/100 tox
|move|p2a: oh master grant|Facade|p1a: Kyurem
|-end|p1a: Kyurem|Substitute
|
|-heal|p1a: Kyurem|88/100|[from] item: Leftovers
|-heal|p2a: oh master grant|78/100 tox|[from] ability: Poison Heal
|upkeep
|turn|3
|inactive|SOULWIND has 270 seconds left.
|
|t:|1760823047
|switch|p1a: Ting-Lu|Ting-Lu|100/100
|-ability|p1a: Ting-Lu|Vessel of Ruin
|move|p2a: oh master grant|Knock Off|p1a: Ting-Lu
|-resisted|p1a: Ting-Lu
|-damage|p1a: Ting-Lu|94/100
|-enditem|p1a: Ting-Lu|Leftovers|[from] move: Knock Off|[of] p2a: oh master grant
|
|-heal|p2a: oh master grant|90/100 tox|[from] ability: Poison Heal
|upkeep
|turn|4
|
|t:|1760823053
|switch|p2a: that i may|Samurott-Hisui, F|100/100
|move|p1a: Ting-Lu|Spikes|p2a: that i may
|-sidestart|p2: ATTRIBUTE|Spikes
|
|upkeep
|turn|5
|inactive|ATTRIBUTE has 240 seconds left.
|
|t:|1760823077
|move|p2a: that i may|Ceaseless Edge|p1a: Ting-Lu
|-resisted|p1a: Ting-Lu
|-damage|p1a: Ting-Lu|84/100
|-sidestart|p1: SOULWIND|Spikes
|move|p1a: Ting-Lu|Ruination|p2a: that i may
|-damage|p2a: that i may|51/100
|
|upkeep
|turn|6
|inactive|ATTRIBUTE has 240 seconds left.
|inactive|SOULWIND has 240 seconds left.
|inactive|SOULWIND has 210 seconds left.
|inactive|ATTRIBUTE has 210 seconds left.
|
|t:|1760823140
|move|p2a: that i may|Surf|p1a: Ting-Lu
|-supereffective|p1a: Ting-Lu
|-damage|p1a: Ting-Lu|57/100
|move|p1a: Ting-Lu|Earthquake|p2a: that i may
|-damage|p2a: that i may|12/100
|
|upkeep
|turn|7
|
|t:|1760823146
|switch|p1a: Tornadus|Tornadus-Therian, M|100/100
|move|p2a: that i may|Surf|p1a: Tornadus
|-damage|p1a: Tornadus|78/100
|
|upkeep
|turn|8
|inactive|SOULWIND has 210 seconds left.
|inactive|ATTRIBUTE has 210 seconds left.
|
|t:|1760823174
|switch|p2a: oh master grant|Gliscor, F, tera:Normal|90/100 tox
|-damage|p2a: oh master grant|78/100 tox|[from] Spikes
|move|p1a: Tornadus|U-turn|p2a: oh master grant
|-damage|p2a: oh master grant|66/100 tox
|inactive|SOULWIND has 210 seconds left.
|
|t:|1760823201
|switch|p1a: Zamazenta|Zamazenta|100/100|[from] U-turn
|-damage|p1a: Zamazenta|88/100|[from] Spikes
|-ability|p1a: Zamazenta|Dauntless Shield|boost
|-boost|p1a: Zamazenta|def|1
|
|-heal|p1a: Zamazenta|94/100|[from] item: Leftovers
|-heal|p2a: oh master grant|79/100 tox|[from] ability: Poison Heal
|upkeep
|turn|9
|inactive|ATTRIBUTE has 210 seconds left.
|
|t:|1760823212
|switch|p2a: consoled|Great Tusk|100/100
|-damage|p2a: consoled|88/100|[from] Spikes
|move|p1a: Zamazenta|Roar|p2a: consoled
|-end|p2a: consoled|Protosynthesis|[silent]
|drag|p2a: as to console|Zamazenta|100/100
|-damage|p2a: as to console|88/100|[from] Spikes
|-ability|p2a: as to console|Dauntless Shield|boost
|-boost|p2a: as to console|def|1
|
|-heal|p1a: Zamazenta|100/100|[from] item: Leftovers
|-heal|p2a: as to console|94/100|[from] item: Leftovers
|upkeep
|turn|10
|inactive|ATTRIBUTE has 210 seconds left.
|
|t:|1760823229
|switch|p2a: never seek|Gholdengo|100/100
|-damage|p2a: never seek|88/100|[from] Spikes
|move|p1a: Zamazenta|Roar|p2a: never seek
|-immune|p2a: never seek|[from] ability: Good as Gold
|
|upkeep
|turn|11
|inactive|SOULWIND has 210 seconds left.
|inactive|ATTRIBUTE has 210 seconds left.
|inactive|SOULWIND has 180 seconds left.
|
|t:|1760823288
|switch|p1a: Iron Treads|Iron Treads|100/100
|-damage|p1a: Iron Treads|88/100|[from] Spikes
|move|p2a: never seek|Make It Rain|p1a: Iron Treads
|-resisted|p1a: Iron Treads
|-damage|p1a: Iron Treads|52/100
|-unboost|p2a: never seek|spa|1
|
|-heal|p1a: Iron Treads|58/100|[from] item: Leftovers
|upkeep
|turn|12
|inactive|SOULWIND has 150 seconds left.
|
|t:|1760823314
|switch|p2a: consoled|Great Tusk|88/100
|-damage|p2a: consoled|76/100|[from] Spikes
|move|p1a: Iron Treads|Rapid Spin|p2a: consoled
|-damage|p2a: consoled|69/100
|-boost|p1a: Iron Treads|spe|1
|-damage|p1a: Iron Treads|42/100|[from] item: Rocky Helmet|[of] p2a: consoled
|-sideend|p1: SOULWIND|Spikes|[from] move: Rapid Spin|[of] p1a: Iron Treads
|
|-heal|p1a: Iron Treads|48/100|[from] item: Leftovers
|upkeep
|turn|13
|inactive|SOULWIND has 150 seconds left.
|inactive|SOULWIND has 120 seconds left.
|
|t:|1760823356
|-end|p1a: Iron Treads|Quark Drive|[silent]
|switch|p1a: Pecharunt|Pecharunt|100/100
|move|p2a: consoled|Rapid Spin|p1a: Pecharunt
|-immune|p1a: Pecharunt
|
|upkeep
|turn|14
|inactive|SOULWIND has 120 seconds left.
|
|t:|1760823370
|move|p1a: Pecharunt|Shadow Ball|p2a: consoled
|-damage|p2a: consoled|35/100
|-unboost|p2a: consoled|spd|1
|move|p2a: consoled|Stealth Rock|p1a: Pecharunt
|-sidestart|p1: SOULWIND|move: Stealth Rock
|
|upkeep
|turn|15
|inactive|SOULWIND has 120 seconds left.
|
|t:|1760823380
|-end|p2a: consoled|Protosynthesis|[silent]
|switch|p2a: oh master grant|Gliscor, F, tera:Normal|79/100 tox
|-damage|p2a: oh master grant|66/100 tox|[from] Spikes
|move|p1a: Pecharunt|Shadow Ball|p2a: oh master grant
|-immune|p2a: oh master grant
|
|-heal|p2a: oh master grant|79/100 tox|[from] ability: Poison Heal
|upkeep
|turn|16
|inactive|SOULWIND has 120 seconds left.
|inactive|ATTRIBUTE has 180 seconds left.
|inactive|ATTRIBUTE has 150 seconds left.
|
|t:|1760823444
|switch|p1a: Iron Treads|Iron Treads|48/100
|-damage|p1a: Iron Treads|45/100|[from] Stealth Rock
|switch|p2a: so much to be|Latios, M|100/100
|
|-heal|p1a: Iron Treads|51/100|[from] item: Leftovers
|upkeep
|turn|17
|inactive|SOULWIND has 120 seconds left.
|inactive|ATTRIBUTE has 150 seconds left.
|
|t:|1760823479
|switch|p2a: never seek|Gholdengo|88/100
|-damage|p2a: never seek|76/100|[from] Spikes
|move|p1a: Iron Treads|Knock Off|p2a: never seek
|-supereffective|p2a: never seek
|-damage|p2a: never seek|24/100
|-enditem|p2a: never seek|Choice Scarf|[from] move: Knock Off|[of] p1a: Iron Treads
|
|-heal|p1a: Iron Treads|57/100|[from] item: Leftovers
|upkeep
|turn|18
|inactive|SOULWIND has 90 seconds left.
|inactive|ATTRIBUTE has 120 seconds left.
|
|t:|1760823522
|switch|p2a: as to console|Zamazenta|94/100
|-damage|p2a: as to console|82/100|[from] Spikes
|move|p1a: Iron Treads|Knock Off|p2a: as to console
|-resisted|p2a: as to console
|-damage|p2a: as to console|72/100
|-enditem|p2a: as to console|Leftovers|[from] move: Knock Off|[of] p1a: Iron Treads
|
|-heal|p1a: Iron Treads|63/100|[from] item: Leftovers
|upkeep
|turn|19
|inactive|SOULWIND has 90 seconds left.
|
|t:|1760823529
|-end|p1a: Iron Treads|Quark Drive|[silent]
|switch|p1a: Tornadus|Tornadus-Therian, M|100/100
|-damage|p1a: Tornadus|76/100|[from] Stealth Rock
|move|p2a: as to console|Roar|p1a: Tornadus
|drag|p1a: Kyurem|Kyurem|88/100
|-damage|p1a: Kyurem|63/100|[from] Stealth Rock
|-ability|p1a: Kyurem|Pressure
|
|-heal|p1a: Kyurem|69/100|[from] item: Leftovers
|upkeep
|turn|20
|
|t:|1760823539
|switch|p1a: Tornadus|Tornadus-Therian, M|100/100
|-damage|p1a: Tornadus|76/100|[from] Stealth Rock
|move|p2a: as to console|Roar|p1a: Tornadus
|drag|p1a: Zamazenta|Zamazenta|100/100
|-damage|p1a: Zamazenta|94/100|[from] Stealth Rock
|
|-heal|p1a: Zamazenta|100/100|[from] item: Leftovers
|upkeep
|turn|21
|inactive|ATTRIBUTE has 120 seconds left.
|
|t:|1760823545
|move|p1a: Zamazenta|Roar|p2a: as to console
|drag|p2a: so much to be|Latios, M|100/100
|
|upkeep
|turn|22
|
|t:|1760823550
|switch|p1a: Iron Treads|Iron Treads|63/100
|-damage|p1a: Iron Treads|60/100|[from] Stealth Rock
|move|p2a: so much to be|Psychic Noise|p1a: Iron Treads
|-resisted|p1a: Iron Treads
|-damage|p1a: Iron Treads|38/100
|-start|p1a: Iron Treads|move: Heal Block
|
|upkeep
|turn|23
|
|t:|1760823559
|switch|p2a: that i may|Samurott-Hisui, F|12/100
|-damage|p2a: that i may|0 fnt|[from] Spikes
|faint|p2a: that i may
|move|p1a: Iron Treads|Stealth Rock|p2: that i may
|-sidestart|p2: ATTRIBUTE|move: Stealth Rock
|
|-end|p1a: Iron Treads|move: Heal Block
|upkeep
|
|t:|1760823565
|switch|p2a: as to console|Zamazenta|72/100
|-damage|p2a: as to console|59/100|[from] Spikes
|-damage|p2a: as to console|53/100|[from] Stealth Rock
|turn|24
|inactive|SOULWIND has 120 seconds left.
|inactive|SOULWIND has 90 seconds left.
|
|t:|1760823606
|-terastallize|p1a: Iron Treads|Ghost
|move|p1a: Iron Treads|Rapid Spin|p2a: as to console
|-damage|p2a: as to console|43/100
|-boost|p1a: Iron Treads|spe|1
|-sideend|p1: SOULWIND|Stealth Rock|[from] move: Rapid Spin|[of] p1a: Iron Treads
|move|p2a: as to console|Roar|p1a: Iron Treads
|-end|p1a: Iron Treads|Quark Drive|[silent]
|drag|p1a: Zamazenta|Zamazenta|100/100
|
|upkeep
|turn|25
|
|t:|1760823619
|move|p2a: as to console|Body Press|p1a: Zamazenta
|-damage|p1a: Zamazenta|70/100
|move|p1a: Zamazenta|Roar|p2a: as to console
|drag|p2a: so much to be|Latios, M|100/100
|-damage|p2a: so much to be|88/100|[from] Stealth Rock
|
|-heal|p1a: Zamazenta|76/100|[from] item: Leftovers
|upkeep
|turn|26
|
|t:|1760823629
|switch|p1a: Tornadus|Tornadus-Therian, M|100/100
|move|p2a: so much to be|Draco Meteor|p1a: Tornadus
|-damage|p1a: Tornadus|58/100
|-unboost|p2a: so much to be|spa|2
|
|upkeep
|turn|27
|
|t:|1760823633
|switch|p2a: never seek|Gholdengo|24/100
|-damage|p2a: never seek|11/100|[from] Spikes
|-damage|p2a: never seek|5/100|[from] Stealth Rock
|move|p1a: Tornadus|U-turn|p2a: never seek
|-resisted|p2a: never seek
|-damage|p2a: never seek|1/100
|
|t:|1760823640
|switch|p1a: Zamazenta|Zamazenta|76/100|[from] U-turn
|
|-heal|p1a: Zamazenta|83/100|[from] item: Leftovers
|upkeep
|turn|28
|
|t:|1760823645
|move|p1a: Zamazenta|Crunch|p2a: never seek
|-supereffective|p2a: never seek
|-damage|p2a: never seek|0 fnt
|faint|p2a: never seek
|
|-heal|p1a: Zamazenta|89/100|[from] item: Leftovers
|upkeep
|
|t:|1760823646
|switch|p2a: so much to be|Latios, M|88/100
|-damage|p2a: so much to be|76/100|[from] Stealth Rock
|turn|29
|inactive|ATTRIBUTE has 150 seconds left.
|
|t:|1760823678
|switch|p2a: oh master grant|Gliscor, F, tera:Normal|79/100 tox
|-damage|p2a: oh master grant|66/100 tox|[from] Spikes
|-damage|p2a: oh master grant|54/100 tox|[from] Stealth Rock
|switch|p1a: Tornadus|Tornadus-Therian, M|91/100
|
|-heal|p2a: oh master grant|66/100 tox|[from] ability: Poison Heal
|upkeep
|turn|30
|
|t:|1760823685
|move|p2a: oh master grant|Protect|p2a: oh master grant
|-singleturn|p2a: oh master grant|Protect
|move|p1a: Tornadus|U-turn|p2a: oh master grant
|-activate|p2a: oh master grant|move: Protect
|
|-heal|p2a: oh master grant|79/100 tox|[from] ability: Poison Heal
|upkeep
|turn|31
|
|t:|1760823689
|move|p1a: Tornadus|U-turn|p2a: oh master grant
|-damage|p2a: oh master grant|67/100 tox
|
|t:|1760823692
|switch|p1a: Zamazenta|Zamazenta|89/100|[from] U-turn
|move|p2a: oh master grant|Knock Off|p1a: Zamazenta
|-resisted|p1a: Zamazenta
|-damage|p1a: Zamazenta|82/100
|-enditem|p1a: Zamazenta|Leftovers|[from] move: Knock Off|[of] p2a: oh master grant
|
|-heal|p2a: oh master grant|79/100 tox|[from] ability: Poison Heal
|upkeep
|turn|32
|
|t:|1760823700
|move|p2a: oh master grant|Protect|p2a: oh master grant
|-singleturn|p2a: oh master grant|Protect
|move|p1a: Zamazenta|Iron Defense|p1a: Zamazenta
|-boost|p1a: Zamazenta|def|2
|
|-heal|p2a: oh master grant|92/100 tox|[from] ability: Poison Heal
|upkeep
|turn|33
|
|t:|1760823704
|switch|p2a: as to console|Zamazenta|43/100
|-damage|p2a: as to console|30/100|[from] Spikes
|-damage|p2a: as to console|24/100|[from] Stealth Rock
|move|p1a: Zamazenta|Roar|p2a: as to console
|drag|p2a: oh master grant|Gliscor, F, tera:Normal|92/100 tox
|-damage|p2a: oh master grant|79/100 tox|[from] Spikes
|-damage|p2a: oh master grant|67/100 tox|[from] Stealth Rock
|
|-heal|p2a: oh master grant|79/100 tox|[from] ability: Poison Heal
|upkeep
|turn|34
|
|t:|1760823708
|move|p2a: oh master grant|Protect|p2a: oh master grant
|-singleturn|p2a: oh master grant|Protect
|move|p1a: Zamazenta|Body Press|p2a: oh master grant
|-activate|p2a: oh master grant|move: Protect
|
|-heal|p2a: oh master grant|92/100 tox|[from] ability: Poison Heal
|upkeep
|turn|35
|inactive|SOULWIND has 180 seconds left.
|
|t:|1760823721
|switch|p2a: as to console|Zamazenta|24/100
|-damage|p2a: as to console|12/100|[from] Spikes
|-damage|p2a: as to console|6/100|[from] Stealth Rock
|move|p1a: Zamazenta|Roar|p2a: as to console
|drag|p2a: consoled|Great Tusk|35/100
|-damage|p2a: consoled|22/100|[from] Spikes
|-damage|p2a: consoled|19/100|[from] Stealth Rock
|
|upkeep
|turn|36
|
|t:|1760823726
|-end|p2a: consoled|Protosynthesis|[silent]
|switch|p2a: as to console|Zamazenta|6/100
|-damage|p2a: as to console|0 fnt|[from] Spikes
|faint|p2a: as to console
|move|p1a: Zamazenta|Body Press|p2: as to console|[notarget]
|-fail|p1a: Zamazenta
|
|upkeep
|
|t:|1760823727
|switch|p2a: so much to be|Latios, M|76/100
|-damage|p2a: so much to be|64/100|[from] Stealth Rock
|turn|37
|
|t:|1760823739
|switch|p2a: oh master grant|Gliscor, F, tera:Normal|92/100 tox
|-damage|p2a: oh master grant|79/100 tox|[from] Spikes
|-damage|p2a: oh master grant|67/100 tox|[from] Stealth Rock
|switch|p1a: Tornadus|Tornadus-Therian, M|100/100
|
|-heal|p2a: oh master grant|79/100 tox|[from] ability: Poison Heal
|upkeep
|turn|38
|
|t:|1760823745
|switch|p1a: Ting-Lu|Ting-Lu|57/100
|-ability|p1a: Ting-Lu|Vessel of Ruin
|move|p2a: oh master grant|Facade|p1a: Ting-Lu
|-damage|p1a: Ting-Lu|33/100
|
|-heal|p2a: oh master grant|92/100 tox|[from] ability: Poison Heal
|upkeep
|turn|39
|
|t:|1760823749
|move|p2a: oh master grant|Facade|p1a: Ting-Lu
|-crit|p1a: Ting-Lu
|-damage|p1a: Ting-Lu|0 fnt
|faint|p1a: Ting-Lu
|
|-heal|p2a: oh master grant|100/100 tox|[from] ability: Poison Heal
|upkeep
|
|t:|1760823753
|switch|p1a: Zamazenta|Zamazenta|82/100
|turn|40
|inactive|ATTRIBUTE has 240 seconds left.
|
|t:|1760823764
|switch|p2a: consoled|Great Tusk|19/100
|-damage|p2a: consoled|7/100|[from] Spikes
|-damage|p2a: consoled|4/100|[from] Stealth Rock
|move|p1a: Zamazenta|Iron Defense|p1a: Zamazenta
|-boost|p1a: Zamazenta|def|2
|
|upkeep
|turn|41
|
|t:|1760823768
|move|p1a: Zamazenta|Body Press|p2a: consoled
|-damage|p2a: consoled|0 fnt
|-damage|p1a: Zamazenta|65/100|[from] item: Rocky Helmet|[of] p2a: consoled
|faint|p2a: consoled
|-end|p2a: consoled|Protosynthesis|[silent]
|
|upkeep
|
|t:|1760823770
|switch|p2a: so much to be|Latios, M|64/100
|-damage|p2a: so much to be|51/100|[from] Stealth Rock
|turn|42
|inactive|SOULWIND has 240 seconds left.
|
|t:|1760823796
|switch|p2a: oh master grant|Gliscor, F, tera:Normal|100/100 tox
|-damage|p2a: oh master grant|88/100 tox|[from] Spikes
|-damage|p2a: oh master grant|75/100 tox|[from] Stealth Rock
|switch|p1a: Tornadus|Tornadus-Therian, M|100/100
|
|-heal|p2a: oh master grant|88/100 tox|[from] ability: Poison Heal
|upkeep
|turn|43
|
|t:|1760823819
|move|p1a: Tornadus|U-turn|p2a: oh master grant
|-damage|p2a: oh master grant|77/100 tox
|
|t:|1760823824
|switch|p1a: Pecharunt|Pecharunt|100/100|[from] U-turn
|move|p2a: oh master grant|Facade|p1a: Pecharunt
|-immune|p1a: Pecharunt
|
|-heal|p2a: oh master grant|89/100 tox|[from] ability: Poison Heal
|upkeep
|turn|44
|
|t:|1760823829
|move|p1a: Pecharunt|Nasty Plot|p1a: Pecharunt
|-boost|p1a: Pecharunt|spa|2
|move|p2a: oh master grant|Facade|p1a: Pecharunt
|-immune|p1a: Pecharunt
|
|-heal|p2a: oh master grant|100/100 tox|[from] ability: Poison Heal
|upkeep
|turn|45
|
|t:|1760823832
|move|p1a: Pecharunt|Malignant Chain|p2a: oh master grant
|-damage|p2a: oh master grant|43/100 tox
|move|p2a: oh master grant|Swords Dance|p2a: oh master grant
|-boost|p2a: oh master grant|atk|2
|
|-heal|p2a: oh master grant|56/100 tox|[from] ability: Poison Heal
|upkeep
|turn|46
|
|t:|1760823837
|move|p1a: Pecharunt|Malignant Chain|p2a: oh master grant
|-damage|p2a: oh master grant|0 fnt
|faint|p2a: oh master grant
|
|upkeep
|c|☆ATTRIBUTE|gg
|-message|ATTRIBUTE forfeited.
|
|win|SOULWIND
|c|☆SOULWIND|gg
|player|p1|
