|j|☆Brigadi25
|j|☆kuloy
|t:|1760828834
|gametype|singles
|player|p1|Brigadi25|bugcatcher-gen4dp|1329
|player|p2|kuloy|infielder|1347
|gen|9
|tier|[Gen 9] OU
|rated|
|rule|HP Percentage Mod: HP is shown in percentages
|rule|Endless Battle Clause: Forcing endless battles is banned
|rule|Species Clause: Limit one of each Pokémon
|rule|OHKO Clause: OHKO moves are banned
|rule|Evasion Items Clause: Evasion items are banned
|rule|Evasion Moves Clause: Evasion moves are banned
|rule|Evasion Abilities Clause: Evasion abilities are banned
|rule|Sleep Moves Clause: Sleep-inducing moves are banned
|clearpoke
|poke|p1|Kleavor, M|
|poke|p1|Ogerpon-Wellspring, F|
|poke|p1|Tornadus-Therian, M|
|poke|p1|Goodra, M|
|poke|p1|Serperior, M|
|poke|p1|Iron Treads|
|poke|p2|Zapdos|
|poke|p2|Dragonite, M|
|poke|p2|Heatran, M|
|poke|p2|Samurott-Hisui, M|
|poke|p2|Scizor, F|
|poke|p2|Tornadus-Therian, M|
|teampreview
|inactive|Battle timer is ON: inactive players will automatically lose when time's up. (requested by Brigadi25)
|
|t:|1760828848
|teamsize|p1|6
|teamsize|p2|6
|start
|switch|p1a: Kleavor|Kleavor, M|100/100
|switch|p2a: Scizor|Scizor, F|100/100
|turn|1
|
|t:|1760828856
|switch|p1a: Tornadus|Tornadus-Therian, M|100/100
|move|p2a: Scizor|Bullet Punch|p1a: Tornadus
|-damage|p1a: Tornadus|49/100
|
|upkeep
|turn|2
|
|t:|1760828864
|-terastallize|p1a: Tornadus|Fire
|move|p2a: Scizor|Bullet Punch|p1a: Tornadus
|-resisted|p1a: Tornadus
|-damage|p1a: Tornadus|24/100
|move|p1a: Tornadus|Heat Wave|p2a: Scizor
|-supereffective|p2a: Scizor
|-damage|p2a: Scizor|0 fnt
|faint|p2a: Scizor
|
|upkeep
|
|t:|1760828873
|switch|p2a: Tornadus|Tornadus-Therian, M|100/100
|turn|3
|
|t:|1760828881
|switch|p1a: Iron Treads|Iron Treads|100/100
|move|p2a: Tornadus|Bleakwind Storm|p1a: Iron Treads
|-resisted|p1a: Iron Treads
|-damage|p1a: Iron Treads|84/100
|
|upkeep
|turn|4
|
|t:|1760828890
|move|p2a: Tornadus|Heat Wave|p1a: Iron Treads
|-supereffective|p1a: Iron Treads
|-damage|p1a: Iron Treads|39/100
|move|p1a: Iron Treads|Volt Switch|p2a: Tornadus
|-supereffective|p2a: Tornadus
|-damage|p2a: Tornadus|78/100
|
|t:|1760828897
|-end|p1a: Iron Treads|Quark Drive|[silent]
|switch|p1a: Kleavor|Kleavor, M|100/100|[from] Volt Switch
|
|upkeep
|turn|5
|
|t:|1760828913
|switch|p2a: Samurott|Samurott-Hisui, M|100/100
|move|p1a: Kleavor|Stone Axe|p2a: Samurott
|-damage|p2a: Samurott|32/100
|-sidestart|p2: kuloy|move: Stealth Rock
|
|upkeep
|turn|6
|
|t:|1760828920
|move|p1a: Kleavor|Stone Axe|p2a: Samurott
|-damage|p2a: Samurott|0 fnt
|faint|p2a: Samurott
|
|upkeep
|
|t:|1760828932
|switch|p2a: Heatran|Heatran, M|100/100
|-damage|p2a: Heatran|88/100|[from] Stealth Rock
|turn|7
|
|t:|1760828936
|switch|p1a: Goodra|Goodra, M|100/100
|move|p2a: Heatran|Magma Storm|p1a: Goodra
|-resisted|p1a: Goodra
|-damage|p1a: Goodra|91/100
|-activate|p1a: Goodra|move: Magma Storm|[of] p2a: Heatran
|
|-heal|p2a: Heatran|94/100|[from] item: Leftovers
|-damage|p1a: Goodra|78/100|[from] move: Magma Storm|[partiallytrapped]
|upkeep
|turn|8
|
|t:|1760828950
|move|p1a: Goodra|Earthquake|p2a: Heatran
|-supereffective|p2a: Heatran
|-damage|p2a: Heatran|30/100
|move|p2a: Heatran|Stealth Rock|p1a: Goodra
|-sidestart|p1: Brigadi25|move: Stealth Rock
|
|-heal|p2a: Heatran|36/100|[from] item: Leftovers
|-damage|p1a: Goodra|66/100|[from] move: Magma Storm|[partiallytrapped]
|upkeep
|turn|9
|
|t:|1760828958
|switch|p2a: Zapdos|Zapdos|100/100
|move|p1a: Goodra|Ice Beam|p2a: Zapdos
|-supereffective|p2a: Zapdos
|-damage|p2a: Zapdos|50/100
|
|-end|p1a: Goodra|Magma Storm|[partiallytrapped]|[silent]
|upkeep
|turn|10
|
|t:|1760828964
|move|p1a: Goodra|Ice Beam|p2a: Zapdos
|-supereffective|p2a: Zapdos
|-damage|p2a: Zapdos|4/100
|move|p2a: Zapdos|Roost|p2a: Zapdos
|-heal|p2a: Zapdos|55/100
|-singleturn|p2a: Zapdos|move: Roost
|
|upkeep
|turn|11
|
|t:|1760828970
|move|p1a: Goodra|Ice Beam|p2a: Zapdos
|-supereffective|p2a: Zapdos
|-damage|p2a: Zapdos|8/100
|move|p2a: Zapdos|Roost|p2a: Zapdos
|-heal|p2a: Zapdos|58/100
|-singleturn|p2a: Zapdos|move: Roost
|
|upkeep
|turn|12
|
|t:|1760828983
|move|p1a: Goodra|Ice Beam|p2a: Zapdos
|-supereffective|p2a: Zapdos
|-damage|p2a: Zapdos|12/100
|move|p2a: Zapdos|Roost|p2a: Zapdos
|-heal|p2a: Zapdos|62/100
|-singleturn|p2a: Zapdos|move: Roost
|
|upkeep
|turn|13
|
|t:|1760828992
|move|p1a: Goodra|Ice Beam|p2a: Zapdos
|-supereffective|p2a: Zapdos
|-damage|p2a: Zapdos|16/100
|move|p2a: Zapdos|Hurricane|p1a: Goodra
|-damage|p1a: Goodra|45/100
|
|upkeep
|turn|14
|
|t:|1760829000
|move|p1a: Goodra|Ice Beam|p2a: Zapdos
|-supereffective|p2a: Zapdos
|-damage|p2a: Zapdos|0 fnt
|faint|p2a: Zapdos
|
|upkeep
|
|t:|1760829006
|switch|p2a: Tornadus|Tornadus-Therian, M|100/100
|turn|15
|
|t:|1760829012
|move|p2a: Tornadus|Knock Off|p1a: Goodra
|-damage|p1a: Goodra|20/100
|-enditem|p1a: Goodra|Assault Vest|[from] move: Knock Off|[of] p2a: Tornadus
|move|p1a: Goodra|Sludge Bomb|p2a: Tornadus
|-damage|p2a: Tornadus|76/100
|
|upkeep
|turn|16
|
|t:|1760829020
|move|p2a: Tornadus|Bleakwind Storm|p1a: Goodra|[miss]
|-miss|p2a: Tornadus|p1a: Goodra
|move|p1a: Goodra|Ice Beam|p2a: Tornadus
|-supereffective|p2a: Tornadus
|-damage|p2a: Tornadus|23/100
|
|upkeep
|turn|17
|
|t:|1760829028
|move|p2a: Tornadus|Bleakwind Storm|p1a: Goodra
|-damage|p1a: Goodra|0 fnt
|faint|p1a: Goodra
|
|upkeep
|
|t:|1760829032
|switch|p1a: Kleavor|Kleavor, M|100/100
|-damage|p1a: Kleavor|76/100|[from] Stealth Rock
|turn|18
|
|t:|1760829051
|switch|p2a: Heatran|Heatran, M|36/100
|-damage|p2a: Heatran|24/100|[from] Stealth Rock
|move|p1a: Kleavor|Stone Axe|p2a: Heatran
|-damage|p2a: Heatran|0 fnt
|faint|p2a: Heatran
|
|upkeep
|inactive|kuloy has 120 seconds left.
|
|t:|1760829100
|switch|p2a: Tornadus|Tornadus-Therian, M|56/100
|turn|19
|
|t:|1760829108
|move|p1a: Kleavor|Stone Axe|p2a: Tornadus
|-supereffective|p2a: Tornadus
|-damage|p2a: Tornadus|0 fnt
|faint|p2a: Tornadus
|
|upkeep
|
|t:|1760829112
|switch|p2a: Dragonite|Dragonite, M|100/100
|turn|20
|
|t:|1760829116
|move|p1a: Kleavor|Stone Axe|p2a: Dragonite
|-supereffective|p2a: Dragonite
|-damage|p2a: Dragonite|47/100
|move|p2a: Dragonite|Dragon Dance|p2a: Dragonite
|-boost|p2a: Dragonite|atk|1
|-boost|p2a: Dragonite|spe|1
|
|upkeep
|turn|21
|inactive|kuloy has 120 seconds left.
|
|t:|1760829126
|-terastallize|p2a: Dragonite|Flying
|move|p1a: Kleavor|Stone Axe|p2a: Dragonite
|-supereffective|p2a: Dragonite
|-damage|p2a: Dragonite|0 fnt
|faint|p2a: Dragonite
|
|win|Brigadi25
|raw|Brigadi25's rating: 1329 &rarr; <strong>1350</strong><br />(+21 for winning)
|raw|kuloy's rating: 1347 &rarr; <strong>1326</strong><br />(-21 for losing)
|l|☆kuloy
|player|p2|
|l|☆Brigadi25
|player|p1|
