|j|☆ytlatinx
|j|☆FittedCrib04
|t:|1760839043
|gametype|singles
|player|p1|ytlatinx|sabrina|1240
|player|p2|FittedCrib04|wallace|1323
|gen|9
|tier|[Gen 9] OU
|rated|
|rule|HP Percentage Mod: HP is shown in percentages
|rule|Endless Battle Clause: Forcing endless battles is banned
|rule|Species Clause: Limit one of each Pokémon
|rule|OHKO Clause: OHKO moves are banned
|rule|Evasion Items Clause: Evasion items are banned
|rule|Evasion Moves Clause: Evasion moves are banned
|rule|Evasion Abilities Clause: Evasion abilities are banned
|rule|Sleep Moves Clause: Sleep-inducing moves are banned
|clearpoke
|poke|p1|Clefable, M|
|poke|p1|Latias, F|
|poke|p1|Scizor, M|
|poke|p1|Iron Valiant|
|poke|p1|Dragonite, F|
|poke|p1|Blaziken, F|
|poke|p2|Suicune|
|poke|p2|Weavile, F|
|poke|p2|Walking Wake|
|poke|p2|Tropius, M|
|poke|p2|Cinderace, F|
|poke|p2|Gliscor, F|
|teampreview
|
|t:|1760839058
|teamsize|p1|6
|teamsize|p2|6
|start
|switch|p1a: nugget|Blaziken, F|100/100
|switch|p2a: Walking Wake|Walking Wake|100/100
|turn|1
|c|☆ytlatinx|glhf
|
|t:|1760839065
|move|p2a: Walking Wake|Scald|p1a: nugget
|-supereffective|p1a: nugget
|-damage|p1a: nugget|0 fnt
|faint|p1a: nugget
|
|upkeep
|
|t:|1760839079
|switch|p1a: halo|Clefable, M|100/100
|turn|2
|
|t:|1760839083
|-end|p2a: Walking Wake|Protosynthesis|[silent]
|switch|p2a: Tropius|Tropius, M|100/100
|move|p1a: halo|Calm Mind|p1a: halo
|-boost|p1a: halo|spa|1
|-boost|p1a: halo|spd|1
|
|upkeep
|turn|3
|
|t:|1760839089
|move|p1a: halo|Alluring Voice|p2a: Tropius
|-damage|p2a: Tropius|65/100
|move|p2a: Tropius|Leech Seed|p1a: halo
|-start|p1a: halo|move: Leech Seed
|
|upkeep
|turn|4
|
|t:|1760839097
|move|p1a: halo|Calm Mind|p1a: halo
|-boost|p1a: halo|spa|1
|-boost|p1a: halo|spd|1
|move|p2a: Tropius|Synthesis|p2a: Tropius
|-heal|p2a: Tropius|100/100
|
|upkeep
|turn|5
|
|t:|1760839104
|move|p1a: halo|Alluring Voice|p2a: Tropius
|-damage|p2a: Tropius|53/100
|move|p2a: Tropius|Calm Mind|p2a: Tropius
|-boost|p2a: Tropius|spa|1
|-boost|p2a: Tropius|spd|1
|
|upkeep
|turn|6
|
|t:|1760839112
|move|p1a: halo|Alluring Voice|p2a: Tropius
|-damage|p2a: Tropius|23/100
|-enditem|p2a: Tropius|Sitrus Berry|[eat]
|-heal|p2a: Tropius|48/100|[from] item: Sitrus Berry
|move|p2a: Tropius|Synthesis|p2a: Tropius
|-heal|p2a: Tropius|98/100
|
|-item|p2a: Tropius|Sitrus Berry|[from] ability: Harvest
|upkeep
|turn|7
|
|t:|1760839122
|move|p1a: halo|Calm Mind|p1a: halo
|-boost|p1a: halo|spa|1
|-boost|p1a: halo|spd|1
|move|p2a: Tropius|Air Slash|p1a: halo
|-damage|p1a: halo|90/100
|
|-heal|p1a: halo|96/100|[from] item: Leftovers
|upkeep
|turn|8
|
|t:|1760839129
|move|p1a: halo|Alluring Voice|p2a: Tropius
|-damage|p2a: Tropius|61/100
|move|p2a: Tropius|Calm Mind|p2a: Tropius
|-boost|p2a: Tropius|spa|1
|-boost|p2a: Tropius|spd|1
|
|-heal|p1a: halo|100/100|[from] item: Leftovers
|upkeep
|turn|9
|
|t:|1760839139
|move|p1a: halo|Calm Mind|p1a: halo
|-boost|p1a: halo|spa|1
|-boost|p1a: halo|spd|1
|move|p2a: Tropius|Calm Mind|p2a: Tropius
|-boost|p2a: Tropius|spa|1
|-boost|p2a: Tropius|spd|1
|
|upkeep
|turn|10
|
|t:|1760839144
|move|p1a: halo|Alluring Voice|p2a: Tropius
|-damage|p2a: Tropius|31/100
|-enditem|p2a: Tropius|Sitrus Berry|[eat]
|-heal|p2a: Tropius|56/100|[from] item: Sitrus Berry
|move|p2a: Tropius|Calm Mind|p2a: Tropius
|-boost|p2a: Tropius|spa|1
|-boost|p2a: Tropius|spd|1
|
|upkeep
|turn|11
|
|t:|1760839151
|move|p1a: halo|Calm Mind|p1a: halo
|-boost|p1a: halo|spa|1
|-boost|p1a: halo|spd|1
|move|p2a: Tropius|Synthesis|p2a: Tropius
|-heal|p2a: Tropius|100/100
|
|-item|p2a: Tropius|Sitrus Berry|[from] ability: Harvest
|upkeep
|turn|12
|
|t:|1760839159
|move|p1a: halo|Calm Mind|p1a: halo
|-boost|p1a: halo|spa|1
|-boost|p1a: halo|spd|1
|move|p2a: Tropius|Calm Mind|p2a: Tropius
|-boost|p2a: Tropius|spa|1
|-boost|p2a: Tropius|spd|1
|
|upkeep
|turn|13
|
|t:|1760839164
|move|p1a: halo|Alluring Voice|p2a: Tropius
|-damage|p2a: Tropius|71/100
|move|p2a: Tropius|Air Slash|p1a: halo
|-crit|p1a: halo
|-damage|p1a: halo|10/100
|
|-heal|p1a: halo|16/100|[from] item: Leftovers
|upkeep
|turn|14
|
|t:|1760839172
|move|p1a: halo|Protect|p1a: halo
|-singleturn|p1a: halo|Protect
|move|p2a: Tropius|Air Slash|p1a: halo
|-activate|p1a: halo|move: Protect
|
|-heal|p1a: halo|23/100|[from] item: Leftovers
|upkeep
|turn|15
|
|t:|1760839185
|move|p1a: halo|Wish|p1a: halo
|move|p2a: Tropius|Air Slash|p1a: halo
|-damage|p1a: halo|9/100
|
|-heal|p1a: halo|15/100|[from] item: Leftovers
|upkeep
|turn|16
|
|t:|1760839191
|move|p1a: halo|Protect|p1a: halo
|-singleturn|p1a: halo|Protect
|move|p2a: Tropius|Calm Mind|p2a: Tropius
|-boost|p2a: Tropius|spa|1
|-boost|p2a: Tropius|spd|1
|
|-heal|p1a: halo|65/100|[from] move: Wish|[wisher] halo
|-heal|p1a: halo|71/100|[from] item: Leftovers
|upkeep
|turn|17
|
|t:|1760839201
|move|p1a: halo|Wish|p1a: halo
|move|p2a: Tropius|Air Slash|p1a: halo
|-damage|p1a: halo|54/100
|
|-heal|p1a: halo|60/100|[from] item: Leftovers
|upkeep
|turn|18
|
|t:|1760839206
|move|p1a: halo|Alluring Voice|p2a: Tropius
|-damage|p2a: Tropius|48/100
|-enditem|p2a: Tropius|Sitrus Berry|[eat]
|-heal|p2a: Tropius|72/100|[from] item: Sitrus Berry
|move|p2a: Tropius|Calm Mind|p2a: Tropius
|-boost|p2a: Tropius|spa|0
|-boost|p2a: Tropius|spd|0
|
|-heal|p1a: halo|100/100|[from] move: Wish|[wisher] halo
|-item|p2a: Tropius|Sitrus Berry|[from] ability: Harvest
|upkeep
|turn|19
|
|t:|1760839216
|move|p1a: halo|Alluring Voice|p2a: Tropius
|-damage|p2a: Tropius|50/100
|-enditem|p2a: Tropius|Sitrus Berry|[eat]
|-heal|p2a: Tropius|75/100|[from] item: Sitrus Berry
|move|p2a: Tropius|Air Slash|p1a: halo
|-damage|p1a: halo|84/100
|
|-heal|p1a: halo|90/100|[from] item: Leftovers
|upkeep
|turn|20
|
|t:|1760839225
|-terastallize|p1a: halo|Fairy
|move|p1a: halo|Alluring Voice|p2a: Tropius
|-damage|p2a: Tropius|46/100
|move|p2a: Tropius|Air Slash|p1a: halo|[miss]
|-miss|p2a: Tropius|p1a: halo
|
|-heal|p1a: halo|96/100|[from] item: Leftovers
|-item|p2a: Tropius|Sitrus Berry|[from] ability: Harvest
|upkeep
|-enditem|p2a: Tropius|Sitrus Berry|[eat]
|-heal|p2a: Tropius|71/100|[from] item: Sitrus Berry
|turn|21
|
|t:|1760839236
|move|p1a: halo|Alluring Voice|p2a: Tropius
|-damage|p2a: Tropius|39/100
|move|p2a: Tropius|Synthesis|p2a: Tropius
|-heal|p2a: Tropius|89/100
|
|-heal|p1a: halo|100/100|[from] item: Leftovers
|-item|p2a: Tropius|Sitrus Berry|[from] ability: Harvest
|upkeep
|turn|22
|
|t:|1760839306
|switch|p1a: bless|Iron Valiant|100/100
|-enditem|p1a: bless|Booster Energy
|-activate|p1a: bless|ability: Quark Drive|[fromitem]
|-start|p1a: bless|quarkdrivespe
|move|p2a: Tropius|Air Slash|p1a: bless
|-supereffective|p1a: bless
|-damage|p1a: bless|0 fnt
|faint|p1a: bless
|-end|p1a: bless|Quark Drive|[silent]
|
|upkeep
|
|t:|1760839321
|switch|p1a: pearl|Scizor, M|100/100
|turn|23
|
|t:|1760839326
|move|p1a: pearl|Bug Bite|p2a: Tropius
|-damage|p2a: Tropius|41/100
|-enditem|p2a: Tropius|Sitrus Berry|[from] stealeat|[move] Bug Bite|[of] p1a: pearl
|move|p2a: Tropius|Air Slash|p1a: pearl
|-enditem|p1a: pearl|Focus Sash
|-damage|p1a: pearl|1/100
|
|upkeep
|turn|24
|
|t:|1760839343
|-terastallize|p2a: Tropius|Poison
|move|p1a: pearl|Bug Bite|p2a: Tropius
|-resisted|p2a: Tropius
|-damage|p2a: Tropius|18/100
|move|p2a: Tropius|Air Slash|p1a: pearl
|-damage|p1a: pearl|0 fnt
|faint|p1a: pearl
|
|upkeep
|
|t:|1760839351
|switch|p1a: tia|Latias, F|100/100
|turn|25
|
|t:|1760839361
|move|p1a: tia|Mist Ball|p2a: Tropius
|-supereffective|p2a: Tropius
|-damage|p2a: Tropius|0 fnt
|faint|p2a: Tropius
|
|upkeep
|
|t:|1760839369
|switch|p2a: Gliscor|Gliscor, F|100/100
|turn|26
|
|t:|1760839381
|move|p1a: tia|Calm Mind|p1a: tia
|-boost|p1a: tia|spa|1
|-boost|p1a: tia|spd|1
|move|p2a: Gliscor|Toxic|p1a: tia
|-status|p1a: tia|tox
|
|-damage|p1a: tia|95/100 tox|[from] psn
|-status|p2a: Gliscor|tox|[from] item: Toxic Orb
|upkeep
|turn|27
|
|t:|1760839389
|move|p1a: tia|Mist Ball|p2a: Gliscor
|-damage|p2a: Gliscor|34/100 tox
|-unboost|p2a: Gliscor|spa|1
|move|p2a: Gliscor|Knock Off|p1a: tia
|-supereffective|p1a: tia
|-damage|p1a: tia|46/100 tox
|-enditem|p1a: tia|Soul Dew|[from] move: Knock Off|[of] p2a: Gliscor
|
|-damage|p1a: tia|34/100 tox|[from] psn
|-heal|p2a: Gliscor|47/100 tox|[from] ability: Poison Heal
|upkeep
|turn|28
|
|t:|1760839411
|move|p2a: Gliscor|Protect|p2a: Gliscor
|-singleturn|p2a: Gliscor|Protect
|move|p1a: tia|Calm Mind|p1a: tia
|-boost|p1a: tia|spa|1
|-boost|p1a: tia|spd|1
|
|-damage|p1a: tia|16/100 tox|[from] psn
|-heal|p2a: Gliscor|59/100 tox|[from] ability: Poison Heal
|upkeep
|turn|29
|
|t:|1760839419
|switch|p2a: Cinderace|Cinderace, F|100/100
|move|p1a: tia|Mist Ball|p2a: Cinderace
|-damage|p2a: Cinderace|0 fnt
|faint|p2a: Cinderace
|
|-damage|p1a: tia|0 fnt|[from] psn
|faint|p1a: tia
|upkeep
|
|t:|1760839433
|switch|p2a: Gliscor|Gliscor, F|59/100 tox
|switch|p1a: tini|Dragonite, F|100/100
|turn|30
|
|t:|1760839442
|move|p2a: Gliscor|Toxic|p1a: tini|[miss]
|-miss|p2a: Gliscor|p1a: tini
|move|p1a: tini|Draco Meteor|p2a: Gliscor
|-damage|p2a: Gliscor|21/100 tox
|-unboost|p1a: tini|spa|2
|
|-heal|p2a: Gliscor|34/100 tox|[from] ability: Poison Heal
|upkeep
|turn|31
|
|t:|1760839450
|move|p1a: tini|Extreme Speed|p2a: Gliscor
|-damage|p2a: Gliscor|8/100 tox
|move|p2a: Gliscor|Toxic|p1a: tini
|-status|p1a: tini|tox
|
|-heal|p2a: Gliscor|21/100 tox|[from] ability: Poison Heal
|-damage|p1a: tini|94/100 tox|[from] psn
|upkeep
|turn|32
|
|t:|1760839460
|move|p2a: Gliscor|Protect|p2a: Gliscor
|-singleturn|p2a: Gliscor|Protect
|move|p1a: tini|Draco Meteor|p2a: Gliscor
|-activate|p2a: Gliscor|move: Protect
|
|-heal|p2a: Gliscor|33/100 tox|[from] ability: Poison Heal
|-damage|p1a: tini|82/100 tox|[from] psn
|upkeep
|turn|33
|
|t:|1760839468
|move|p1a: tini|Extreme Speed|p2a: Gliscor
|-crit|p2a: Gliscor
|-damage|p2a: Gliscor|0 fnt
|faint|p2a: Gliscor
|
|-damage|p1a: tini|63/100 tox|[from] psn
|upkeep
|
|t:|1760839471
|switch|p2a: Main course|Suicune|100/100
|-ability|p2a: Main course|Pressure
|turn|34
|
|t:|1760839484
|move|p2a: Main course|Calm Mind|p2a: Main course
|-boost|p2a: Main course|spa|1
|-boost|p2a: Main course|spd|1
|move|p1a: tini|Roost|p1a: tini
|-heal|p1a: tini|100/100 tox
|-singleturn|p1a: tini|move: Roost
|
|-damage|p1a: tini|76/100 tox|[from] psn
|upkeep
|turn|35
|
|t:|1760839501
|move|p1a: tini|Extreme Speed|p2a: Main course
|-damage|p2a: Main course|77/100
|move|p2a: Main course|Substitute|p2a: Main course
|-start|p2a: Main course|Substitute
|-damage|p2a: Main course|52/100
|
|-heal|p2a: Main course|58/100|[from] item: Leftovers
|-damage|p1a: tini|45/100 tox|[from] psn
|upkeep
|turn|36
|
|t:|1760839510
|move|p2a: Main course|Calm Mind|p2a: Main course
|-boost|p2a: Main course|spa|1
|-boost|p2a: Main course|spd|1
|move|p1a: tini|Earthquake|p2a: Main course
|-end|p2a: Main course|Substitute
|
|-heal|p2a: Main course|64/100|[from] item: Leftovers
|-damage|p1a: tini|8/100 tox|[from] psn
|upkeep
|turn|37
|
|t:|1760839522
|switch|p1a: halo|Clefable, M, tera:Fairy|100/100
|move|p2a: Main course|Protect||[still]
|-fail|p2a: Main course
|
|-heal|p2a: Main course|70/100|[from] item: Leftovers
|upkeep
|turn|38
|
|t:|1760839531
|move|p2a: Main course|Substitute|p2a: Main course
|-start|p2a: Main course|Substitute
|-damage|p2a: Main course|45/100
|move|p1a: halo|Alluring Voice|p2a: Main course
|-damage|p2a: Main course|31/100
|
|-heal|p2a: Main course|38/100|[from] item: Leftovers
|upkeep
|turn|39
|
|t:|1760839538
|move|p2a: Main course|Scald|p1a: halo
|-damage|p1a: halo|58/100
|-status|p1a: halo|brn
|move|p1a: halo|Calm Mind|p1a: halo
|-boost|p1a: halo|spa|1
|-boost|p1a: halo|spd|1
|
|-heal|p2a: Main course|44/100|[from] item: Leftovers
|-heal|p1a: halo|64/100 brn|[from] item: Leftovers
|upkeep
|turn|40
|
|t:|1760839550
|move|p1a: halo|Protect|p1a: halo
|-singleturn|p1a: halo|Protect
|move|p2a: Main course|Scald|p1a: halo
|-activate|p1a: halo|move: Protect
|
|-heal|p2a: Main course|50/100|[from] item: Leftovers
|-heal|p1a: halo|71/100 brn|[from] item: Leftovers
|upkeep
|turn|41
|
|t:|1760839558
|move|p2a: Main course|Calm Mind|p2a: Main course
|-boost|p2a: Main course|spa|1
|-boost|p2a: Main course|spd|1
|move|p1a: halo|Calm Mind|p1a: halo
|-boost|p1a: halo|spa|1
|-boost|p1a: halo|spd|1
|
|-heal|p2a: Main course|56/100|[from] item: Leftovers
|-heal|p1a: halo|77/100 brn|[from] item: Leftovers
|upkeep
|turn|42
|
|t:|1760839584
|move|p2a: Main course|Scald|p1a: halo
|-damage|p1a: halo|50/100 brn
|move|p1a: halo|Calm Mind|p1a: halo
|-boost|p1a: halo|spa|1
|-boost|p1a: halo|spd|1
|
|-heal|p2a: Main course|62/100|[from] item: Leftovers
|-heal|p1a: halo|56/100 brn|[from] item: Leftovers
|upkeep
|turn|43
|
|t:|1760839593
|move|p1a: halo|Protect|p1a: halo
|-singleturn|p1a: halo|Protect
|move|p2a: Main course|Scald|p1a: halo
|-activate|p1a: halo|move: Protect
|
|-heal|p2a: Main course|69/100|[from] item: Leftovers
|-heal|p1a: halo|62/100 brn|[from] item: Leftovers
|upkeep
|turn|44
|
|t:|1760839601
|move|p2a: Main course|Calm Mind|p2a: Main course
|-boost|p2a: Main course|spa|1
|-boost|p2a: Main course|spd|1
|move|p1a: halo|Wish|p1a: halo
|
|-heal|p2a: Main course|75/100|[from] item: Leftovers
|-heal|p1a: halo|68/100 brn|[from] item: Leftovers
|upkeep
|turn|45
|
|t:|1760839607
|move|p2a: Main course|Calm Mind|p2a: Main course
|-boost|p2a: Main course|spa|1
|-boost|p2a: Main course|spd|1
|move|p1a: halo|Calm Mind|p1a: halo
|-boost|p1a: halo|spa|1
|-boost|p1a: halo|spd|1
|
|-heal|p1a: halo|100/100 brn|[from] move: Wish|[wisher] halo
|-heal|p2a: Main course|81/100|[from] item: Leftovers
|upkeep
|turn|46
|
|t:|1760839616
|move|p2a: Main course|Calm Mind|p2a: Main course
|-boost|p2a: Main course|spa|1
|-boost|p2a: Main course|spd|1
|move|p1a: halo|Alluring Voice|p2a: Main course
|-crit|p2a: Main course
|-damage|p2a: Main course|0 fnt
|faint|p2a: Main course
|
|upkeep
|
|t:|1760839627
|switch|p2a: Weavile|Weavile, F|100/100
|-ability|p2a: Weavile|Pressure
|turn|47
|
|t:|1760839637
|move|p2a: Weavile|Swords Dance|p2a: Weavile
|-boost|p2a: Weavile|atk|2
|move|p1a: halo|Alluring Voice|p2a: Weavile
|-supereffective|p2a: Weavile
|-damage|p2a: Weavile|0 fnt
|faint|p2a: Weavile
|
|upkeep
|
|t:|1760839639
|switch|p2a: Walking Wake|Walking Wake|100/100
|turn|48
|
|t:|1760839654
|move|p1a: halo|Protect|p1a: halo
|-singleturn|p1a: halo|Protect
|move|p2a: Walking Wake|Scald|p1a: halo
|-activate|p1a: halo|move: Protect
|
|upkeep
|turn|49
|inactive|Battle timer is ON: inactive players will automatically lose when time's up. (requested by FittedCrib04)
|
|t:|1760839668
|switch|p1a: tini|Dragonite, F|8/100 tox
|move|p2a: Walking Wake|Scald|p1a: tini
|-resisted|p1a: tini
|-damage|p1a: tini|0 fnt
|faint|p1a: tini
|
|upkeep
|
|t:|1760839674
|switch|p1a: halo|Clefable, M, tera:Fairy|100/100 brn
|turn|50
|
|t:|1760839677
|move|p2a: Walking Wake|Scald|p1a: halo
|-damage|p1a: halo|64/100 brn
|move|p1a: halo|Calm Mind|p1a: halo
|-boost|p1a: halo|spa|1
|-boost|p1a: halo|spd|1
|
|-heal|p1a: halo|71/100 brn|[from] item: Leftovers
|upkeep
|turn|51
|
|t:|1760839684
|move|p2a: Walking Wake|Scald|p1a: halo
|-crit|p1a: halo
|-damage|p1a: halo|19/100 brn
|move|p1a: halo|Calm Mind|p1a: halo
|-boost|p1a: halo|spa|1
|-boost|p1a: halo|spd|1
|
|-heal|p1a: halo|25/100 brn|[from] item: Leftovers
|upkeep
|turn|52
|
|t:|1760839692
|move|p1a: halo|Protect|p1a: halo
|-singleturn|p1a: halo|Protect
|move|p2a: Walking Wake|Scald|p1a: halo
|-activate|p1a: halo|move: Protect
|
|-heal|p1a: halo|31/100 brn|[from] item: Leftovers
|upkeep
|turn|53
|
|t:|1760839702
|move|p2a: Walking Wake|Scald|p1a: halo
|-crit|p1a: halo
|-damage|p1a: halo|0 fnt
|faint|p1a: halo
|
|win|FittedCrib04
|raw|ytlatinx's rating: 1240 &rarr; <strong>1221</strong><br />(-19 for losing)
|raw|FittedCrib04's rating: 1323 &rarr; <strong>1338</strong><br />(+15 for winning)
|c|☆ytlatinx|ggwp
|c|☆FittedCrib04|gg
|l|☆FittedCrib04
|player|p2|
|l|☆ytlatinx
|player|p1|
