|j|☆gang696969
|j|☆bobeetsoep
|t:|1760829871
|gametype|singles
|player|p1|gang696969|102|1329
|player|p2|bobeetsoep|2|1403
|gen|9
|tier|[Gen 9] OU
|rated|
|rule|HP Percentage Mod: HP is shown in percentages
|rule|Endless Battle Clause: Forcing endless battles is banned
|rule|Species Clause: Limit one of each Pokémon
|rule|OHKO Clause: OHKO moves are banned
|rule|Evasion Items Clause: Evasion items are banned
|rule|Evasion Moves Clause: Evasion moves are banned
|rule|Evasion Abilities Clause: Evasion abilities are banned
|rule|Sleep Moves Clause: Sleep-inducing moves are banned
|clearpoke
|poke|p1|Dragonite, F|
|poke|p1|Walking Wake|
|poke|p1|Camerupt, M|
|poke|p1|Torkoal, F|
|poke|p1|Venusaur, M|
|poke|p1|Kingambit, M|
|poke|p2|Deoxys-Speed|
|poke|p2|Garganacl, M|
|poke|p2|Gholdengo|
|poke|p2|Azumarill, F|
|poke|p2|Ting-Lu|
|poke|p2|Gliscor, F|
|teampreview
|
|t:|1760829886
|teamsize|p1|6
|teamsize|p2|6
|start
|switch|p1a: Camerupt|Camerupt, M|100/100
|switch|p2a: Deoxys|Deoxys-Speed|100/100
|-ability|p2a: Deoxys|Pressure
|turn|1
|
|t:|1760829907
|move|p2a: Deoxys|Light Screen|p2a: Deoxys
|-sidestart|p2: bobeetsoep|move: Light Screen
|move|p1a: Camerupt|Stealth Rock|p2a: Deoxys
|-sidestart|p2: bobeetsoep|move: Stealth Rock
|
|upkeep
|turn|2
|
|t:|1760829912
|switch|p1a: Kingambit|Kingambit, M|100/100
|move|p2a: Deoxys|Stealth Rock|p1a: Kingambit
|-sidestart|p1: gang696969|move: Stealth Rock
|
|upkeep
|turn|3
|
|t:|1760829918
|move|p2a: Deoxys|Reflect|p2a: Deoxys
|-sidestart|p2: bobeetsoep|Reflect
|move|p1a: Kingambit|Brick Break|p2a: Deoxys
|-sideend|p2: bobeetsoep|Reflect
|-sideend|p2: bobeetsoep|move: Light Screen
|-resisted|p2a: Deoxys
|-damage|p2a: Deoxys|83/100
|
|upkeep
|turn|4
|
|t:|1760829925
|switch|p2a: Ting-Lu|Ting-Lu|100/100
|-damage|p2a: Ting-Lu|94/100|[from] Stealth Rock
|-ability|p2a: Ting-Lu|Vessel of Ruin
|-end|p1a: Kingambit|fallenundefined|[silent]
|switch|p1a: Torkoal|Torkoal, F|100/100
|-damage|p1a: Torkoal|75/100|[from] Stealth Rock
|-weather|SunnyDay|[from] ability: Drought|[of] p1a: Torkoal
|
|-weather|SunnyDay|[upkeep]
|-heal|p2a: Ting-Lu|100/100|[from] item: Leftovers
|upkeep
|turn|5
|
|t:|1760829959
|move|p2a: Ting-Lu|Earthquake|p1a: Torkoal
|-supereffective|p1a: Torkoal
|-crit|p1a: Torkoal
|-damage|p1a: Torkoal|0 fnt
|faint|p1a: Torkoal
|
|-weather|SunnyDay|[upkeep]
|upkeep
|
|t:|1760829965
|switch|p1a: Walking Wake|Walking Wake|100/100
|-damage|p1a: Walking Wake|88/100|[from] Stealth Rock
|-activate|p1a: Walking Wake|ability: Protosynthesis
|-start|p1a: Walking Wake|protosynthesisspe
|turn|6
|
|t:|1760830010
|-terastallize|p2a: Ting-Lu|Fairy
|move|p1a: Walking Wake|Hydro Steam|p2a: Ting-Lu
|-damage|p2a: Ting-Lu|70/100
|move|p2a: Ting-Lu|Earthquake|p1a: Walking Wake
|-damage|p1a: Walking Wake|44/100
|
|-weather|SunnyDay|[upkeep]
|-heal|p1a: Walking Wake|51/100|[from] item: Leftovers
|-heal|p2a: Ting-Lu|76/100|[from] item: Leftovers
|upkeep
|turn|7
|
|t:|1760830020
|-terastallize|p1a: Walking Wake|Poison
|move|p1a: Walking Wake|Tera Blast|p2a: Ting-Lu|[anim] Tera Blast Poison
|-supereffective|p2a: Ting-Lu
|-damage|p2a: Ting-Lu|35/100
|move|p2a: Ting-Lu|Spikes|p1a: Walking Wake
|-sidestart|p1: gang696969|Spikes
|
|-weather|SunnyDay|[upkeep]
|-heal|p1a: Walking Wake|57/100|[from] item: Leftovers
|-heal|p2a: Ting-Lu|41/100|[from] item: Leftovers
|upkeep
|turn|8
|
|t:|1760830074
|-end|p1a: Walking Wake|Protosynthesis|[silent]
|switch|p1a: Dragonite|Dragonite, F|100/100
|-damage|p1a: Dragonite|76/100|[from] Stealth Rock
|move|p2a: Ting-Lu|Ruination|p1a: Dragonite
|-damage|p1a: Dragonite|38/100
|
|-weather|SunnyDay|[upkeep]
|-heal|p1a: Dragonite|44/100|[from] item: Leftovers
|-heal|p2a: Ting-Lu|47/100|[from] item: Leftovers
|upkeep
|turn|9
|
|t:|1760830085
|switch|p2a: Garganacl|Garganacl, M|100/100
|-damage|p2a: Garganacl|88/100|[from] Stealth Rock
|move|p1a: Dragonite|Earthquake|p2a: Garganacl
|-supereffective|p2a: Garganacl
|-damage|p2a: Garganacl|47/100
|
|-weather|SunnyDay|[upkeep]
|-heal|p1a: Dragonite|50/100|[from] item: Leftovers
|-heal|p2a: Garganacl|53/100|[from] item: Leftovers
|upkeep
|turn|10
|
|t:|1760830096
|move|p1a: Dragonite|Earthquake|p2a: Garganacl
|-supereffective|p2a: Garganacl
|-damage|p2a: Garganacl|10/100
|move|p2a: Garganacl|Salt Cure|p1a: Dragonite
|-supereffective|p1a: Dragonite
|-damage|p1a: Dragonite|23/100
|-start|p1a: Dragonite|Salt Cure
|
|-weather|SunnyDay|[upkeep]
|-heal|p1a: Dragonite|29/100|[from] item: Leftovers
|-heal|p2a: Garganacl|16/100|[from] item: Leftovers
|-damage|p1a: Dragonite|16/100|[from] Salt Cure
|upkeep
|turn|11
|
|t:|1760830113
|move|p1a: Dragonite|Earthquake|p2a: Garganacl
|-supereffective|p2a: Garganacl
|-damage|p2a: Garganacl|0 fnt
|faint|p2a: Garganacl
|
|-weather|none
|-heal|p1a: Dragonite|23/100|[from] item: Leftovers
|-damage|p1a: Dragonite|10/100|[from] Salt Cure
|upkeep
|
|t:|1760830133
|switch|p2a: Deoxys|Deoxys-Speed|83/100
|-damage|p2a: Deoxys|71/100|[from] Stealth Rock
|-ability|p2a: Deoxys|Pressure
|turn|12
|
|t:|1760830149
|move|p2a: Deoxys|Reflect|p2a: Deoxys
|-sidestart|p2: bobeetsoep|Reflect
|move|p1a: Dragonite|Earthquake|p2a: Deoxys
|-damage|p2a: Deoxys|46/100
|
|-heal|p1a: Dragonite|16/100|[from] item: Leftovers
|-damage|p1a: Dragonite|4/100|[from] Salt Cure
|upkeep
|turn|13
|
|t:|1760830162
|move|p2a: Deoxys|Reflect||[still]
|-fail|p2a: Deoxys
|move|p1a: Dragonite|Earthquake|p2a: Deoxys
|-damage|p2a: Deoxys|22/100
|
|-heal|p1a: Dragonite|10/100|[from] item: Leftovers
|-damage|p1a: Dragonite|0 fnt|[from] Salt Cure
|faint|p1a: Dragonite
|upkeep
|
|t:|1760830182
|switch|p1a: Camerupt|Camerupt, M|100/100
|-damage|p1a: Camerupt|88/100|[from] Stealth Rock
|-damage|p1a: Camerupt|75/100|[from] Spikes
|turn|14
|
|t:|1760830188
|move|p2a: Deoxys|Psycho Boost|p1a: Camerupt
|-damage|p1a: Camerupt|20/100
|-unboost|p2a: Deoxys|spa|2
|move|p1a: Camerupt|Stone Edge|p2a: Deoxys
|-damage|p2a: Deoxys|0 fnt
|faint|p2a: Deoxys
|
|upkeep
|
|t:|1760830194
|switch|p2a: Gliscor|Gliscor, F|100/100
|-damage|p2a: Gliscor|88/100|[from] Stealth Rock
|turn|15
|
|t:|1760830199
|move|p2a: Gliscor|Earthquake|p1a: Camerupt
|-supereffective|p1a: Camerupt
|-damage|p1a: Camerupt|0 fnt
|faint|p1a: Camerupt
|
|-status|p2a: Gliscor|tox|[from] item: Toxic Orb
|upkeep
|
|t:|1760830211
|switch|p1a: Walking Wake|Walking Wake, tera:Poison|57/100
|-damage|p1a: Walking Wake|44/100|[from] Stealth Rock
|-damage|p1a: Walking Wake|32/100|[from] Spikes
|turn|16
|
|t:|1760830216
|move|p1a: Walking Wake|Hydro Steam|p2a: Gliscor
|-supereffective|p2a: Gliscor
|-damage|p2a: Gliscor|0 fnt
|faint|p2a: Gliscor
|
|-heal|p1a: Walking Wake|38/100|[from] item: Leftovers
|upkeep
|
|t:|1760830221
|switch|p2a: Azumarill|Azumarill, F|100/100
|-damage|p2a: Azumarill|88/100|[from] Stealth Rock
|turn|17
|
|t:|1760830230
|move|p1a: Walking Wake|Tera Blast|p2a: Azumarill|[anim] Tera Blast Poison
|-supereffective|p2a: Azumarill
|-damage|p2a: Azumarill|2/100
|-enditem|p2a: Azumarill|Sitrus Berry|[eat]
|-heal|p2a: Azumarill|27/100|[from] item: Sitrus Berry
|move|p2a: Azumarill|Play Rough|p1a: Walking Wake
|-resisted|p1a: Walking Wake
|-damage|p1a: Walking Wake|9/100
|-unboost|p1a: Walking Wake|atk|1
|
|-heal|p1a: Walking Wake|15/100|[from] item: Leftovers
|upkeep
|turn|18
|
|t:|1760830241
|move|p2a: Azumarill|Aqua Jet|p1a: Walking Wake
|-damage|p1a: Walking Wake|0 fnt
|faint|p1a: Walking Wake
|-end|p1a: Walking Wake|Protosynthesis|[silent]
|
|upkeep
|
|t:|1760830248
|switch|p1a: Venusaur|Venusaur, M|100/100
|-damage|p1a: Venusaur|88/100|[from] Stealth Rock
|-damage|p1a: Venusaur|76/100|[from] Spikes
|turn|19
|
|t:|1760830255
|switch|p2a: Gholdengo|Gholdengo|100/100
|-damage|p2a: Gholdengo|94/100|[from] Stealth Rock
|move|p1a: Venusaur|Sludge Bomb|p2a: Gholdengo
|-immune|p2a: Gholdengo
|
|-sideend|p2: bobeetsoep|Reflect
|upkeep
|turn|20
|
|t:|1760830264
|move|p2a: Gholdengo|Make It Rain|p1a: Venusaur
|-damage|p1a: Venusaur|0 fnt
|-unboost|p2a: Gholdengo|spa|1
|faint|p1a: Venusaur
|
|upkeep
|
|t:|1760830270
|switch|p1a: Kingambit|Kingambit, M|100/100
|-damage|p1a: Kingambit|94/100|[from] Stealth Rock
|-damage|p1a: Kingambit|82/100|[from] Spikes
|-activate|p1a: Kingambit|ability: Supreme Overlord
|-start|p1a: Kingambit|fallen5|[silent]
|turn|21
|
|t:|1760830362
|move|p2a: Gholdengo|Make It Rain|p1a: Kingambit
|-resisted|p1a: Kingambit
|-damage|p1a: Kingambit|63/100
|-unboost|p2a: Gholdengo|spa|1
|move|p1a: Kingambit|Kowtow Cleave|p2a: Gholdengo
|-supereffective|p2a: Gholdengo
|-damage|p2a: Gholdengo|0 fnt
|faint|p2a: Gholdengo
|
|upkeep
|-message|bobeetsoep forfeited.
|
|win|gang696969
|raw|gang696969's rating: 1329 &rarr; <strong>1353</strong><br />(+24 for winning)
|raw|bobeetsoep's rating: 1403 &rarr; <strong>1379</strong><br />(-24 for losing)
|l|☆bobeetsoep
|player|p2|
|l|☆gang696969
|player|p1|
