|j|☆Chief_Ironside
|j|☆Kazuelasnt
|t:|1760761985
|gametype|singles
|player|p1|Chief_Ironside|crasherwake|1432
|player|p2|Kazuelasnt|cress|1489
|gen|9
|tier|[Gen 9] OU
|rated|
|rule|HP Percentage Mod: HP is shown in percentages
|rule|Endless Battle Clause: Forcing endless battles is banned
|rule|Species Clause: Limit one of each Pokémon
|rule|OHKO Clause: OHKO moves are banned
|rule|Evasion Items Clause: Evasion items are banned
|rule|Evasion Moves Clause: Evasion moves are banned
|rule|Evasion Abilities Clause: Evasion abilities are banned
|rule|Sleep Moves Clause: Sleep-inducing moves are banned
|clearpoke
|poke|p1|Breloom, F|
|poke|p1|Infernape, M|
|poke|p1|Mandibuzz, F|
|poke|p1|Heatran, F|
|poke|p1|Araquanid, F|
|poke|p1|Latias, F|
|poke|p2|Ninetales, M|
|poke|p2|Lilligant-Hisui, F|
|poke|p2|Walking Wake|
|poke|p2|Great Tusk|
|poke|p2|Iron Moth|
|poke|p2|Heatran, F|
|teampreview
|inactive|Battle timer is ON: inactive players will automatically lose when time's up. (requested by Chief_Ironside)
|
|t:|1760761996
|teamsize|p1|6
|teamsize|p2|6
|start
|switch|p1a: Heatran|Heatran, F|100/100
|switch|p2a: Chujin|Ninetales, M, shiny|100/100
|-weather|SunnyDay|[from] ability: Drought|[of] p2a: Chujin
|turn|1
|
|t:|1760762001
|switch|p2a: Mi Amada <3|Lilligant-Hisui, F|100/100
|move|p1a: Heatran|Magma Storm|p2a: Mi Amada <3
|-supereffective|p2a: Mi Amada <3
|-damage|p2a: Mi Amada <3|0 fnt
|faint|p2a: Mi Amada <3
|
|-weather|SunnyDay|[upkeep]
|upkeep
|
|t:|1760762005
|switch|p2a: Ondulagua|Walking Wake|100/100
|-activate|p2a: Ondulagua|ability: Protosynthesis
|-start|p2a: Ondulagua|protosynthesisspa
|turn|2
|
|t:|1760762014
|-terastallize|p1a: Heatran|Grass
|move|p2a: Ondulagua|Hydro Steam|p1a: Heatran
|-resisted|p1a: Heatran
|-damage|p1a: Heatran|35/100
|move|p1a: Heatran|Magma Storm|p2a: Ondulagua|[miss]
|-miss|p1a: Heatran|p2a: Ondulagua
|
|-weather|SunnyDay|[upkeep]
|-heal|p1a: Heatran|41/100|[from] item: Leftovers
|upkeep
|turn|3
|
|t:|1760762020
|switch|p1a: Araquanid|Araquanid, F|100/100
|move|p2a: Ondulagua|Hydro Steam|p1a: Araquanid
|-resisted|p1a: Araquanid
|-damage|p1a: Araquanid|48/100
|
|-weather|SunnyDay|[upkeep]
|upkeep
|turn|4
|
|t:|1760762024
|move|p1a: Araquanid|Endure|p1a: Araquanid
|-singleturn|p1a: Araquanid|move: Endure
|move|p2a: Ondulagua|Hydro Steam|p1a: Araquanid
|-resisted|p1a: Araquanid
|-activate|p1a: Araquanid|move: Endure
|-damage|p1a: Araquanid|1/100
|
|-weather|SunnyDay|[upkeep]
|upkeep
|turn|5
|-enditem|p1a: Araquanid|Custap Berry|[eat]
|-activate|p1a: Araquanid|item: Custap Berry|[consumed]
|
|t:|1760762031
|-end|p2a: Ondulagua|Protosynthesis|[silent]
|switch|p2a: Ferropolilla|Iron Moth|100/100
|-enditem|p2a: Ferropolilla|Booster Energy
|-activate|p2a: Ferropolilla|ability: Quark Drive|[fromitem]
|-start|p2a: Ferropolilla|quarkdrivespe
|move|p1a: Araquanid|Sticky Web|p2a: Ferropolilla
|-sidestart|p2: Kazuelasnt|move: Sticky Web
|
|-weather|SunnyDay|[upkeep]
|upkeep
|turn|6
|
|t:|1760762037
|move|p2a: Ferropolilla|Fiery Dance|p1a: Araquanid
|-damage|p1a: Araquanid|0 fnt
|faint|p1a: Araquanid
|
|-weather|SunnyDay|[upkeep]
|upkeep
|
|t:|1760762040
|switch|p1a: Heatran|Heatran, F, tera:Grass|41/100
|turn|7
|
|t:|1760762044
|move|p2a: Ferropolilla|Sludge Wave|p1a: Heatran
|-supereffective|p1a: Heatran
|-damage|p1a: Heatran|0 fnt
|faint|p1a: Heatran
|
|-weather|SunnyDay|[upkeep]
|upkeep
|
|t:|1760762054
|switch|p1a: Infernape|Infernape, M|100/100
|turn|8
|
|t:|1760762057
|move|p2a: Ferropolilla|Fiery Dance|p1a: Infernape
|-resisted|p1a: Infernape
|-damage|p1a: Infernape|50/100
|move|p1a: Infernape|Raging Fury|p2a: Ferropolilla
|-resisted|p2a: Ferropolilla
|-damage|p2a: Ferropolilla|8/100
|
|-weather|none
|upkeep
|turn|9
|
|t:|1760762061
|move|p2a: Ferropolilla|Fiery Dance|p1a: Infernape
|-resisted|p1a: Infernape
|-damage|p1a: Infernape|22/100
|-boost|p2a: Ferropolilla|spa|1
|move|p1a: Infernape|Raging Fury|p2a: Ferropolilla|[from] lockedmove
|-resisted|p2a: Ferropolilla
|-damage|p2a: Ferropolilla|0 fnt
|faint|p2a: Ferropolilla
|-end|p2a: Ferropolilla|Quark Drive|[silent]
|
|upkeep
|
|t:|1760762065
|switch|p2a: Cosa de Lava|Heatran, F|100/100
|-item|p2a: Cosa de Lava|Air Balloon
|turn|10
|
|t:|1760762075
|move|p1a: Infernape|Raging Fury|p2a: Cosa de Lava|[from] lockedmove
|-start|p2a: Cosa de Lava|ability: Flash Fire
|-start|p1a: Infernape|confusion|[fatigue]
|move|p2a: Cosa de Lava|Earth Power|p1a: Infernape
|-supereffective|p1a: Infernape
|-crit|p1a: Infernape
|-damage|p1a: Infernape|0 fnt
|faint|p1a: Infernape
|
|upkeep
|
|t:|1760762081
|switch|p1a: Breloom|Breloom, F|100/100
|turn|11
|
|t:|1760762095
|-terastallize|p2a: Cosa de Lava|Ghost
|move|p1a: Breloom|Mach Punch|p2a: Cosa de Lava
|-immune|p2a: Cosa de Lava
|move|p2a: Cosa de Lava|Magma Storm|p1a: Breloom
|-supereffective|p1a: Breloom
|-damage|p1a: Breloom|0 fnt
|faint|p1a: Breloom
|
|upkeep
|
|t:|1760762099
|switch|p1a: Mandibuzz|Mandibuzz, F|100/100
|turn|12
|
|t:|1760762103
|move|p2a: Cosa de Lava|Magma Storm|p1a: Mandibuzz
|-damage|p1a: Mandibuzz|34/100
|-activate|p1a: Mandibuzz|move: Magma Storm|[of] p2a: Cosa de Lava
|move|p1a: Mandibuzz|Foul Play|p2a: Cosa de Lava
|-supereffective|p2a: Cosa de Lava
|-damage|p2a: Cosa de Lava|58/100
|-enditem|p2a: Cosa de Lava|Air Balloon
|
|-damage|p1a: Mandibuzz|22/100|[from] move: Magma Storm|[partiallytrapped]
|upkeep
|turn|13
|
|t:|1760762112
|move|p2a: Cosa de Lava|Stealth Rock|p1a: Mandibuzz
|-sidestart|p1: Chief_Ironside|move: Stealth Rock
|move|p1a: Mandibuzz|Foul Play|p2a: Cosa de Lava
|-supereffective|p2a: Cosa de Lava
|-crit|p2a: Cosa de Lava
|-damage|p2a: Cosa de Lava|2/100
|
|-damage|p1a: Mandibuzz|10/100|[from] move: Magma Storm|[partiallytrapped]
|upkeep
|turn|14
|
|t:|1760762117
|move|p2a: Cosa de Lava|Magma Storm|p1a: Mandibuzz
|-damage|p1a: Mandibuzz|0 fnt
|faint|p1a: Mandibuzz
|
|upkeep
|
|t:|1760762119
|switch|p1a: Latias|Latias, F|100/100
|-damage|p1a: Latias|88/100|[from] Stealth Rock
|turn|15
|
|t:|1760762121
|move|p1a: Latias|Calm Mind|p1a: Latias
|-boost|p1a: Latias|spa|1
|-boost|p1a: Latias|spd|1
|move|p2a: Cosa de Lava|Magma Storm|p1a: Latias
|-resisted|p1a: Latias
|-damage|p1a: Latias|71/100
|-activate|p1a: Latias|move: Magma Storm|[of] p2a: Cosa de Lava
|
|-damage|p1a: Latias|58/100|[from] move: Magma Storm|[partiallytrapped]
|upkeep
|turn|16
|
|t:|1760762126
|move|p1a: Latias|Agility|p1a: Latias
|-boost|p1a: Latias|spe|2
|move|p2a: Cosa de Lava|Taunt|p1a: Latias
|-start|p1a: Latias|move: Taunt
|
|-damage|p1a: Latias|46/100|[from] move: Magma Storm|[partiallytrapped]
|upkeep
|turn|17
|
|t:|1760762132
|move|p1a: Latias|Stored Power|p2a: Cosa de Lava
|-damage|p2a: Cosa de Lava|0 fnt
|faint|p2a: Cosa de Lava
|
|-end|p1a: Latias|Magma Storm|[partiallytrapped]|[silent]
|upkeep
|
|t:|1760762135
|switch|p2a: Chujin|Ninetales, M, shiny|100/100
|-activate|p2a: Chujin|move: Sticky Web
|-unboost|p2a: Chujin|spe|1
|-weather|SunnyDay|[from] ability: Drought|[of] p2a: Chujin
|turn|18
|
|t:|1760762143
|move|p1a: Latias|Stored Power|p2a: Chujin
|-damage|p2a: Chujin|29/100
|move|p2a: Chujin|Encore|p1a: Latias
|-start|p1a: Latias|Encore
|
|-weather|SunnyDay|[upkeep]
|upkeep
|turn|19
|
|t:|1760762146
|move|p1a: Latias|Stored Power|p2a: Chujin
|-damage|p2a: Chujin|0 fnt
|faint|p2a: Chujin
|
|-weather|SunnyDay|[upkeep]
|-end|p1a: Latias|move: Taunt
|upkeep
|
|t:|1760762151
|switch|p2a: Ondulagua|Walking Wake|100/100
|-activate|p2a: Ondulagua|move: Sticky Web
|-unboost|p2a: Ondulagua|spe|1
|-activate|p2a: Ondulagua|ability: Protosynthesis
|-start|p2a: Ondulagua|protosynthesisspa
|turn|20
|
|t:|1760762161
|move|p1a: Latias|Stored Power|p2a: Ondulagua
|-damage|p2a: Ondulagua|35/100
|move|p2a: Ondulagua|Draco Meteor|p1a: Latias
|-supereffective|p1a: Latias
|-damage|p1a: Latias|0 fnt
|-unboost|p2a: Ondulagua|spa|2
|faint|p1a: Latias
|
|win|Kazuelasnt
|raw|Chief_Ironside's rating: 1432 &rarr; <strong>1415</strong><br />(-17 for losing)
|raw|Kazuelasnt's rating: 1489 &rarr; <strong>1506</strong><br />(+17 for winning)
|l|☆Chief_Ironside
|player|p1|
|l|☆Kazuelasnt
|player|p2|
