|badge|p2|bronze|gen9ou|100-7
|uhtml|medal-msg|<div class="broadcast-blue">Curious what those medals under the avatar are? PS now has Ladder Seasons! For more information, check out the <a href="https://www.smogon.com/forums/threads/3740067/">thread on Smogon.</a></div>
|j|☆Shockmoth
|j|☆MooFarmer
|t:|1760827206
|gametype|singles
|player|p1|Shockmoth|wattson|1853
|player|p2|MooFarmer|1|1885
|gen|9
|tier|[Gen 9] OU
|rated|
|rule|HP Percentage Mod: HP is shown in percentages
|rule|Endless Battle Clause: Forcing endless battles is banned
|rule|Species Clause: Limit one of each Pokémon
|rule|OHKO Clause: OHKO moves are banned
|rule|Evasion Items Clause: Evasion items are banned
|rule|Evasion Moves Clause: Evasion moves are banned
|rule|Evasion Abilities Clause: Evasion abilities are banned
|rule|Sleep Moves Clause: Sleep-inducing moves are banned
|clearpoke
|poke|p1|Frosmoth, F|
|poke|p1|Pincurchin, F|
|poke|p1|Raichu-Alola, M|
|poke|p1|Iron Hands|
|poke|p1|Rotom-Wash|
|poke|p1|Pawmot, F|
|poke|p2|Kyurem|
|poke|p2|Corviknight, F|
|poke|p2|Ting-Lu|
|poke|p2|Dondozo, F|
|poke|p2|Slowking-Galar, L99, M|
|poke|p2|Cinderace, F|
|teampreview
|inactive|Battle timer is ON: inactive players will automatically lose when time's up. (requested by Shockmoth)
|inactive|MooFarmer has 120 seconds left.
|j| Ctannn
|
|t:|1760827253
|teamsize|p1|6
|teamsize|p2|6
|start
|switch|p1a: OH YEAH!!! YEAH!!|Pincurchin, F|100/100
|switch|p2a: Cinderace|Cinderace, F|100/100
|-fieldstart|move: Electric Terrain|[from] ability: Electric Surge|[of] p1a: OH YEAH!!! YEAH!!
|turn|1
|inactive|MooFarmer also wants the timer to be on.
|j| Shawty Lo
|inactive|MooFarmer has 120 seconds left.
|
|t:|1760827299
|move|p2a: Cinderace|Pyro Ball|p1a: OH YEAH!!! YEAH!!
|-damage|p1a: OH YEAH!!! YEAH!!|48/100
|move|p1a: OH YEAH!!! YEAH!!|Supercell Slam|p2a: Cinderace
|-damage|p2a: Cinderace|27/100
|
|upkeep
|turn|2
|inactive|MooFarmer has 90 seconds left.
|
|t:|1760827346
|move|p1a: OH YEAH!!! YEAH!!|Sucker Punch|p2a: Cinderace
|-damage|p2a: Cinderace|0 fnt
|faint|p2a: Cinderace
|
|upkeep
|inactive|MooFarmer has 60 seconds left.
|inactive|MooFarmer has 30 seconds left.
|
|t:|1760827391
|switch|p2a: Slowking|Slowking-Galar, L99, M|100/100
|turn|3
|inactive|Shockmoth has 120 seconds left.
|
|t:|1760827422
|move|p2a: Slowking|Toxic|p1a: OH YEAH!!! YEAH!!
|-status|p1a: OH YEAH!!! YEAH!!|tox
|move|p1a: OH YEAH!!! YEAH!!|Supercell Slam|p2a: Slowking|[miss]
|-miss|p1a: OH YEAH!!! YEAH!!|p2a: Slowking
|-damage|p1a: OH YEAH!!! YEAH!!|0 fnt|[from] supercellslam
|faint|p1a: OH YEAH!!! YEAH!!
|
|upkeep
|inactive|Shockmoth has 120 seconds left.
|
|t:|1760827442
|switch|p1a: Finger Eleven|Frosmoth, F, shiny|100/100
|turn|4
|
|t:|1760827450
|move|p1a: Finger Eleven|Quiver Dance|p1a: Finger Eleven
|-boost|p1a: Finger Eleven|spa|1
|-boost|p1a: Finger Eleven|spd|1
|-boost|p1a: Finger Eleven|spe|1
|move|p2a: Slowking|Future Sight|p1a: Finger Eleven
|-start|p2a: Slowking|move: Future Sight
|
|upkeep
|turn|5
|inactive|Shockmoth has 120 seconds left.
|
|t:|1760827482
|switch|p2a: Dondozo|Dondozo, F|100/100
|move|p1a: Finger Eleven|Ice Beam|p2a: Dondozo
|-resisted|p2a: Dondozo
|-damage|p2a: Dondozo|79/100
|
|-heal|p2a: Dondozo|85/100|[from] item: Leftovers
|upkeep
|turn|6
|
|t:|1760827492
|-terastallize|p1a: Finger Eleven|Electric
|move|p1a: Finger Eleven|Tera Blast|p2a: Dondozo|[anim] Tera Blast Electric
|-supereffective|p2a: Dondozo
|-damage|p2a: Dondozo|0 fnt
|faint|p2a: Dondozo
|
|-end|p1a: Finger Eleven|move: Future Sight
|-damage|p1a: Finger Eleven|84/100
|upkeep
|
|t:|1760827501
|switch|p2a: Ting-Lu|Ting-Lu|100/100
|-ability|p2a: Ting-Lu|Vessel of Ruin
|turn|7
|inactive|MooFarmer has 60 seconds left.
|
|t:|1760827510
|switch|p1a: William O' Wisp|Rotom-Wash|100/100
|move|p2a: Ting-Lu|Earthquake|p1a: William O' Wisp
|-immune|p1a: William O' Wisp|[from] ability: Levitate
|
|upkeep
|turn|8
|
|t:|1760827519
|switch|p2a: Kyurem|Kyurem|100/100
|-ability|p2a: Kyurem|Pressure
|move|p1a: William O' Wisp|Light Screen|p1a: William O' Wisp
|-sidestart|p1: Shockmoth|move: Light Screen
|
|-fieldend|move: Electric Terrain
|upkeep
|turn|9
|
|t:|1760827527
|switch|p1a: Finger Eleven|Frosmoth, F, shiny, tera:Electric|84/100
|move|p2a: Kyurem|Substitute|p2a: Kyurem
|-start|p2a: Kyurem|Substitute
|-damage|p2a: Kyurem|75/100
|
|-heal|p2a: Kyurem|82/100|[from] item: Leftovers
|upkeep
|turn|10
|
|t:|1760827536
|move|p2a: Kyurem|Earth Power|p1a: Finger Eleven
|-supereffective|p1a: Finger Eleven
|-damage|p1a: Finger Eleven|67/100
|move|p1a: Finger Eleven|Quiver Dance|p1a: Finger Eleven
|-boost|p1a: Finger Eleven|spa|1
|-boost|p1a: Finger Eleven|spd|1
|-boost|p1a: Finger Eleven|spe|1
|
|-heal|p2a: Kyurem|88/100|[from] item: Leftovers
|upkeep
|turn|11
|
|t:|1760827545
|move|p1a: Finger Eleven|Quiver Dance|p1a: Finger Eleven
|-boost|p1a: Finger Eleven|spa|1
|-boost|p1a: Finger Eleven|spd|1
|-boost|p1a: Finger Eleven|spe|1
|move|p2a: Kyurem|Earth Power|p1a: Finger Eleven
|-supereffective|p1a: Finger Eleven
|-damage|p1a: Finger Eleven|57/100
|
|-heal|p2a: Kyurem|94/100|[from] item: Leftovers
|upkeep
|turn|12
|
|t:|1760827553
|move|p2a: Kyurem|Protect|p2a: Kyurem
|-singleturn|p2a: Kyurem|Protect
|move|p1a: Finger Eleven|Quiver Dance|p1a: Finger Eleven
|-boost|p1a: Finger Eleven|spa|1
|-boost|p1a: Finger Eleven|spd|1
|-boost|p1a: Finger Eleven|spe|1
|
|-heal|p2a: Kyurem|99/100|[from] item: Leftovers
|upkeep
|turn|13
|inactive|MooFarmer has 90 seconds left.
|
|t:|1760827562
|move|p1a: Finger Eleven|Quiver Dance|p1a: Finger Eleven
|-boost|p1a: Finger Eleven|spa|1
|-boost|p1a: Finger Eleven|spd|1
|-boost|p1a: Finger Eleven|spe|1
|move|p2a: Kyurem|Freeze-Dry|p1a: Finger Eleven
|-damage|p1a: Finger Eleven|54/100
|
|-heal|p2a: Kyurem|100/100|[from] item: Leftovers
|upkeep
|turn|14
|
|t:|1760827570
|switch|p2a: Slowking|Slowking-Galar, L99, M|100/100
|move|p1a: Finger Eleven|Quiver Dance|p1a: Finger Eleven
|-boost|p1a: Finger Eleven|spa|1
|-boost|p1a: Finger Eleven|spd|1
|-boost|p1a: Finger Eleven|spe|1
|
|upkeep
|turn|15
|
|t:|1760827578
|move|p1a: Finger Eleven|Ice Beam|p2a: Slowking
|-damage|p2a: Slowking|18/100
|-status|p2a: Slowking|frz
|cant|p2a: Slowking|frz
|
|-sideend|p1: Shockmoth|move: Light Screen
|upkeep
|turn|16
|
|t:|1760827587
|move|p1a: Finger Eleven|Ice Beam|p2a: Slowking
|-damage|p2a: Slowking|0 fnt
|faint|p2a: Slowking
|
|upkeep
|
|t:|1760827595
|switch|p2a: Ting-Lu|Ting-Lu|100/100
|-ability|p2a: Ting-Lu|Vessel of Ruin
|turn|17
|
|t:|1760827604
|move|p1a: Finger Eleven|Ice Beam|p2a: Ting-Lu
|-supereffective|p2a: Ting-Lu
|-damage|p2a: Ting-Lu|0 fnt
|faint|p2a: Ting-Lu
|
|upkeep
|
|t:|1760827611
|switch|p2a: Kyurem|Kyurem|100/100
|-ability|p2a: Kyurem|Pressure
|turn|18
|j| Robeadminchiam
|
|t:|1760827631
|move|p2a: Kyurem|Protect|p2a: Kyurem
|-singleturn|p2a: Kyurem|Protect
|move|p1a: Finger Eleven|Ice Beam|p2a: Kyurem
|-activate|p2a: Kyurem|move: Protect
|
|upkeep
|turn|19
|inactive|MooFarmer has 120 seconds left.
|
|t:|1760827655
|move|p2a: Kyurem|Protect|p2a: Kyurem
|-singleturn|p2a: Kyurem|Protect
|move|p1a: Finger Eleven|Ice Beam|p2a: Kyurem
|-activate|p2a: Kyurem|move: Protect
|
|upkeep
|turn|20
|
|t:|1760827662
|move|p2a: Kyurem|Protect|p2a: Kyurem
|-singleturn|p2a: Kyurem|Protect
|move|p1a: Finger Eleven|Ice Beam|p2a: Kyurem
|-activate|p2a: Kyurem|move: Protect
|
|upkeep
|turn|21
|
|t:|1760827669
|move|p2a: Kyurem|Protect||[still]
|-fail|p2a: Kyurem
|move|p1a: Finger Eleven|Ice Beam|p2a: Kyurem
|-damage|p2a: Kyurem|0 fnt
|faint|p2a: Kyurem
|
|upkeep
|
|t:|1760827674
|switch|p2a: Corviknight|Corviknight, F|100/100
|-ability|p2a: Corviknight|Pressure
|turn|22
|
|t:|1760827677
|-terastallize|p2a: Corviknight|Dragon
|move|p1a: Finger Eleven|Ice Beam|p2a: Corviknight
|-supereffective|p2a: Corviknight
|-damage|p2a: Corviknight|0 fnt
|faint|p2a: Corviknight
|
|win|Shockmoth
|raw|Shockmoth's rating: 1853 &rarr; <strong>1875</strong><br />(+22 for winning)
|raw|MooFarmer's rating: 1885 &rarr; <strong>1863</strong><br />(-22 for losing)
|l|☆MooFarmer
|player|p2|
|c|☆Shockmoth|Bot account
|c|☆Shockmoth|💔
|l| Shawty Lo
|l| Robeadminchiam
|j| 1500 testacc
|l| 1500 testacc
|j| savouras therians
|j| Weymint
|l| savouras therians
|j| Offset Product
|j| okjakdfjs
|l| Offset Product
|l| Ctannn
|l| okjakdfjs
|j| SKE MA$K
|l| Weymint
|j| Johnny tots
|n| SMLT 2SDM SKE|skemak
|j| Kyurem
|j| brodiewhat
|j| SDK04
|l| Kyurem
|l| brodiewhat
|j| brodiewhat
|l| brodiewhat
|l| SMLT 2SDM SKE
|l| Johnny tots
