|j|☆shrek5baby
|j|☆xRiper
|t:|1760724811
|gametype|singles
|player|p1|shrek5baby|rood|1307
|player|p2|xRiper|volkner|1313
|gen|9
|tier|[Gen 9] OU
|rated|
|rule|HP Percentage Mod: HP is shown in percentages
|rule|Endless Battle Clause: Forcing endless battles is banned
|rule|Species Clause: Limit one of each Pokémon
|rule|OHKO Clause: OHKO moves are banned
|rule|Evasion Items Clause: Evasion items are banned
|rule|Evasion Moves Clause: Evasion moves are banned
|rule|Evasion Abilities Clause: Evasion abilities are banned
|rule|Sleep Moves Clause: Sleep-inducing moves are banned
|clearpoke
|poke|p1|Gholdengo|
|poke|p1|Gliscor, M|
|poke|p1|Cinderace, F|
|poke|p1|Lokix, F|
|poke|p1|Primarina, M|
|poke|p1|Kingambit, F|
|poke|p2|Quagsire, M|
|poke|p2|Blissey, F|
|poke|p2|Toxapex, F|
|poke|p2|Weezing-Galar, M|
|poke|p2|Gliscor, M|
|poke|p2|Corviknight, F|
|teampreview
|inactive|Battle timer is ON: inactive players will automatically lose when time's up. (requested by shrek5baby)
|
|t:|1760724833
|teamsize|p1|6
|teamsize|p2|6
|start
|switch|p1a: Lokix|Lokix, F|100/100
|switch|p2a: Gliscor|Gliscor, M, shiny|100/100
|turn|1
|
|t:|1760724838
|switch|p1a: Primarina|Primarina, M|100/100
|move|p2a: Gliscor|Protect||[still]
|-fail|p2a: Gliscor
|
|-status|p2a: Gliscor|tox|[from] item: Toxic Orb
|upkeep
|turn|2
|
|t:|1760724844
|switch|p2a: Toxapex|Toxapex, F, shiny|100/100
|move|p1a: Primarina|Psychic Noise|p2a: Toxapex
|-resisted|p2a: Toxapex
|-damage|p2a: Toxapex|88/100
|-start|p2a: Toxapex|move: Heal Block
|
|upkeep
|turn|3
|
|t:|1760724861
|switch|p1a: Gliscor|Gliscor, M|100/100
|move|p2a: Toxapex|Toxic|p1a: Gliscor
|-status|p1a: Gliscor|tox
|
|-end|p2a: Toxapex|move: Heal Block
|upkeep
|turn|4
|
|t:|1760724869
|switch|p2a: Corviknight|Corviknight, F, shiny|100/100
|-ability|p2a: Corviknight|Pressure
|move|p1a: Gliscor|Earthquake|p2a: Corviknight
|-immune|p2a: Corviknight
|
|upkeep
|turn|5
|
|t:|1760724886
|switch|p1a: Cinderace|Cinderace, F|100/100
|move|p2a: Corviknight|Iron Defense|p2a: Corviknight
|-boost|p2a: Corviknight|def|2
|
|upkeep
|turn|6
|
|t:|1760724892
|move|p1a: Cinderace|Pyro Ball|p2a: Corviknight
|-supereffective|p2a: Corviknight
|-damage|p2a: Corviknight|61/100
|move|p2a: Corviknight|Body Press|p1a: Cinderace
|-damage|p1a: Cinderace|24/100
|
|upkeep
|turn|7
|
|t:|1760724899
|switch|p1a: Gholdengo|Gholdengo|100/100
|move|p2a: Corviknight|Roost|p2a: Corviknight
|-heal|p2a: Corviknight|100/100
|-singleturn|p2a: Corviknight|move: Roost
|
|upkeep
|turn|8
|
|t:|1760724909
|switch|p2a: Gliscor|Gliscor, M, shiny|100/100 tox
|move|p1a: Gholdengo|Trick|p2a: Gliscor
|-activate|p1a: Gholdengo|move: Trick|[of] p2a: Gliscor
|-item|p2a: Gliscor|Choice Scarf|[from] move: Trick
|-item|p1a: Gholdengo|Toxic Orb|[from] move: Trick
|
|upkeep
|turn|9
|
|t:|1760724918
|switch|p1a: Gliscor|Gliscor, M|100/100 tox
|move|p2a: Gliscor|Knock Off|p1a: Gliscor
|-damage|p1a: Gliscor|80/100 tox
|-enditem|p1a: Gliscor|Toxic Orb|[from] move: Knock Off|[of] p2a: Gliscor
|
|-heal|p1a: Gliscor|93/100 tox|[from] ability: Poison Heal
|upkeep
|turn|10
|
|t:|1760724932
|switch|p2a: Corviknight|Corviknight, F, shiny|100/100
|-ability|p2a: Corviknight|Pressure
|move|p1a: Gliscor|Swords Dance|p1a: Gliscor
|-boost|p1a: Gliscor|atk|2
|
|-heal|p1a: Gliscor|100/100 tox|[from] ability: Poison Heal
|upkeep
|turn|11
|
|t:|1760724944
|switch|p2a: Gliscor|Gliscor, M, shiny|100/100 tox
|move|p1a: Gliscor|Acrobatics|p2a: Gliscor
|-damage|p2a: Gliscor|31/100 tox
|
|-heal|p2a: Gliscor|44/100 tox|[from] ability: Poison Heal
|upkeep
|turn|12
|
|t:|1760724952
|switch|p2a: Corviknight|Corviknight, F, shiny|100/100
|-ability|p2a: Corviknight|Pressure
|move|p1a: Gliscor|Swords Dance|p1a: Gliscor
|-boost|p1a: Gliscor|atk|2
|
|upkeep
|turn|13
|
|t:|1760724966
|switch|p2a: Quagsire|Quagsire, M, shiny|100/100
|move|p1a: Gliscor|Acrobatics|p2a: Quagsire
|-damage|p2a: Quagsire|66/100
|
|-heal|p2a: Quagsire|72/100|[from] item: Leftovers
|upkeep
|turn|14
|
|t:|1760724990
|switch|p1a: Lokix|Lokix, F|100/100
|move|p2a: Quagsire|Spikes|p1a: Lokix
|-sidestart|p1: shrek5baby|Spikes
|
|-heal|p2a: Quagsire|78/100|[from] item: Leftovers
|upkeep
|turn|15
|
|t:|1760724996
|move|p1a: Lokix|Knock Off|p2a: Quagsire
|-damage|p2a: Quagsire|41/100
|-enditem|p2a: Quagsire|Leftovers|[from] move: Knock Off|[of] p1a: Lokix
|-damage|p1a: Lokix|91/100|[from] item: Life Orb
|move|p2a: Quagsire|Recover|p2a: Quagsire
|-heal|p2a: Quagsire|91/100
|
|upkeep
|turn|16
|
|t:|1760725005
|move|p1a: Lokix|U-turn|p2a: Quagsire
|-damage|p2a: Quagsire|62/100
|-damage|p1a: Lokix|81/100|[from] item: Life Orb
|
|t:|1760725014
|switch|p1a: Gholdengo|Gholdengo|100/100|[from] U-turn
|-damage|p1a: Gholdengo|88/100|[from] Spikes
|move|p2a: Quagsire|Spikes|p1a: Gholdengo
|-sidestart|p1: shrek5baby|Spikes
|
|upkeep
|turn|17
|
|t:|1760725024
|move|p1a: Gholdengo|Shadow Ball|p2a: Quagsire
|-damage|p2a: Quagsire|8/100
|move|p2a: Quagsire|Earthquake|p1a: Gholdengo
|-supereffective|p1a: Gholdengo
|-damage|p1a: Gholdengo|26/100
|
|upkeep
|turn|18
|
|t:|1760725034
|switch|p2a: Blissey|Blissey, F, shiny|100/100
|move|p1a: Gholdengo|Shadow Ball|p2a: Blissey
|-immune|p2a: Blissey
|
|upkeep
|turn|19
|
|t:|1760725043
|move|p1a: Gholdengo|Trick|p2a: Blissey
|-activate|p1a: Gholdengo|move: Trick|[of] p2a: Blissey
|-item|p2a: Blissey|Toxic Orb|[from] move: Trick
|-item|p1a: Gholdengo|Leftovers|[from] move: Trick
|move|p2a: Blissey|Stealth Rock|p1a: Gholdengo
|-sidestart|p1: shrek5baby|move: Stealth Rock
|
|-heal|p1a: Gholdengo|32/100|[from] item: Leftovers
|-status|p2a: Blissey|tox|[from] item: Toxic Orb
|upkeep
|turn|20
|
|t:|1760725065
|move|p1a: Gholdengo|Focus Blast|p2a: Blissey
|-supereffective|p2a: Blissey
|-damage|p2a: Blissey|74/100 tox
|move|p2a: Blissey|Shadow Ball|p1a: Gholdengo
|-supereffective|p1a: Gholdengo
|-damage|p1a: Gholdengo|0 fnt
|faint|p1a: Gholdengo
|
|-damage|p2a: Blissey|68/100 tox|[from] psn
|upkeep
|
|t:|1760725073
|switch|p1a: Cinderace|Cinderace, F|24/100
|turn|21
|
|t:|1760725079
|-curestatus|p2a: Blissey|tox|[from] ability: Natural Cure
|switch|p2a: Gliscor|Gliscor, M, shiny|44/100 tox
|move|p1a: Cinderace|Court Change|p1a: Cinderace
|-start|p1a: Cinderace|typechange|Normal|[from] ability: Libero
|-swapsideconditions
|-activate|p1a: Cinderace|move: Court Change
|
|-heal|p2a: Gliscor|56/100 tox|[from] ability: Poison Heal
|upkeep
|turn|22
|
|t:|1760725088
|move|p2a: Gliscor|Facade|p1a: Cinderace
|-damage|p1a: Cinderace|0 fnt
|faint|p1a: Cinderace
|
|-heal|p2a: Gliscor|69/100 tox|[from] ability: Poison Heal
|upkeep
|
|t:|1760725096
|switch|p1a: Kingambit|Kingambit, F|100/100
|-activate|p1a: Kingambit|ability: Supreme Overlord
|-start|p1a: Kingambit|fallen2|[silent]
|turn|23
|
|t:|1760725103
|switch|p2a: Corviknight|Corviknight, F, shiny|100/100
|-damage|p2a: Corviknight|88/100|[from] Stealth Rock
|-ability|p2a: Corviknight|Pressure
|move|p1a: Kingambit|Swords Dance|p1a: Kingambit
|-boost|p1a: Kingambit|atk|2
|
|upkeep
|turn|24
|
|t:|1760725108
|-terastallize|p1a: Kingambit|Ghost
|move|p2a: Corviknight|Body Press|p1a: Kingambit
|-immune|p1a: Kingambit
|move|p1a: Kingambit|Swords Dance|p1a: Kingambit
|-boost|p1a: Kingambit|atk|2
|
|upkeep
|turn|25
|
|t:|1760725118
|switch|p2a: Toxapex|Toxapex, F, shiny|100/100
|-damage|p2a: Toxapex|84/100|[from] Spikes
|-damage|p2a: Toxapex|72/100|[from] Stealth Rock
|move|p1a: Kingambit|Kowtow Cleave|p2a: Toxapex
|-damage|p2a: Toxapex|0 fnt
|faint|p2a: Toxapex
|
|upkeep
|
|t:|1760725127
|switch|p2a: Weezing|Weezing-Galar, M|100/100
|-ability|p2a: Weezing|Neutralizing Gas
|-damage|p2a: Weezing|84/100|[from] Spikes
|-damage|p2a: Weezing|72/100|[from] Stealth Rock
|turn|26
|
|t:|1760725135
|move|p2a: Weezing|Will-O-Wisp|p1a: Kingambit
|-status|p1a: Kingambit|brn
|-enditem|p1a: Kingambit|Lum Berry|[eat]
|-curestatus|p1a: Kingambit|brn|[msg]
|move|p1a: Kingambit|Kowtow Cleave|p2a: Weezing
|-resisted|p2a: Weezing
|-damage|p2a: Weezing|21/100
|
|-heal|p2a: Weezing|27/100|[from] item: Leftovers
|upkeep
|turn|27
|
|t:|1760725143
|move|p2a: Weezing|Pain Split|p1a: Kingambit
|-sethp|p1a: Kingambit|61/100|[from] move: Pain Split|[silent]
|-sethp|p2a: Weezing|74/100|[from] move: Pain Split
|move|p1a: Kingambit|Swords Dance|p1a: Kingambit
|-boost|p1a: Kingambit|atk|2
|
|-heal|p2a: Weezing|80/100|[from] item: Leftovers
|upkeep
|turn|28
|
|t:|1760725150
|move|p2a: Weezing|Will-O-Wisp|p1a: Kingambit
|-status|p1a: Kingambit|brn
|move|p1a: Kingambit|Iron Head|p2a: Weezing
|-supereffective|p2a: Weezing
|-damage|p2a: Weezing|0 fnt
|faint|p2a: Weezing
|-end|p2a: Weezing|ability: Neutralizing Gas
|-activate|p1a: Kingambit|ability: Supreme Overlord
|-start|p1a: Kingambit|fallen2|[silent]
|
|-damage|p1a: Kingambit|55/100 brn|[from] brn
|upkeep
|
|t:|1760725157
|switch|p2a: Gliscor|Gliscor, M, shiny|69/100 tox
|-damage|p2a: Gliscor|56/100 tox|[from] Stealth Rock
|turn|29
|
|t:|1760725161
|move|p1a: Kingambit|Sucker Punch|p2a: Gliscor
|-damage|p2a: Gliscor|0 fnt
|faint|p2a: Gliscor
|
|-damage|p1a: Kingambit|49/100 brn|[from] brn
|upkeep
|
|t:|1760725165
|switch|p2a: Corviknight|Corviknight, F, shiny|88/100
|-damage|p2a: Corviknight|76/100|[from] Stealth Rock
|-ability|p2a: Corviknight|Pressure
|turn|30
|-message|xRiper forfeited.
|
|win|shrek5baby
|raw|shrek5baby's rating: 1307 &rarr; <strong>1327</strong><br />(+20 for winning)
|raw|xRiper's rating: 1313 &rarr; <strong>1293</strong><br />(-20 for losing)
|l|☆xRiper
|player|p2|
