|j|☆wangdong864203
|j|☆DurantLatios拉帝欧斯侠
|t:|1760852967
|gametype|singles
|player|p1|wangdong864203|rocketgrunt|1329
|player|p2|DurantLatios拉帝欧斯侠|102|1380
|gen|9
|tier|[Gen 9] OU
|rated|
|rule|HP Percentage Mod: HP is shown in percentages
|rule|Endless Battle Clause: Forcing endless battles is banned
|rule|Species Clause: Limit one of each Pokémon
|rule|OHKO Clause: OHKO moves are banned
|rule|Evasion Items Clause: Evasion items are banned
|rule|Evasion Moves Clause: Evasion moves are banned
|rule|Evasion Abilities Clause: Evasion abilities are banned
|rule|Sleep Moves Clause: Sleep-inducing moves are banned
|clearpoke
|poke|p1|Dragonite, M|
|poke|p1|Scizor, F|
|poke|p1|Raging Bolt|
|poke|p1|Blaziken, F|
|poke|p1|Ogerpon-Wellspring, F|
|poke|p1|Skarmory, M|
|poke|p2|Skarmory, M|
|poke|p2|Kyurem|
|poke|p2|Primarina, F|
|poke|p2|Cinderace, F|
|poke|p2|Great Tusk|
|poke|p2|Zapdos|
|teampreview
|inactive|Battle timer is ON: inactive players will automatically lose when time's up. (requested by DurantLatios拉帝欧斯侠)
|
|t:|1760852982
|teamsize|p1|6
|teamsize|p2|6
|start
|switch|p1a: Skarmory|Skarmory, M, shiny|100/100
|switch|p2a: Great Tusk|Great Tusk|100/100
|turn|1
|
|t:|1760853007
|-end|p2a: Great Tusk|Protosynthesis|[silent]
|switch|p2a: Zapdos|Zapdos|100/100
|move|p1a: Skarmory|Whirlwind|p2a: Zapdos
|drag|p2a: Kyurem|Kyurem|100/100
|-ability|p2a: Kyurem|Pressure
|
|upkeep
|turn|2
|
|t:|1760853017
|move|p2a: Kyurem|Substitute|p2a: Kyurem
|-start|p2a: Kyurem|Substitute
|-damage|p2a: Kyurem|75/100
|move|p1a: Skarmory|Stealth Rock|p2a: Kyurem
|-sidestart|p2: DurantLatios拉帝欧斯侠|move: Stealth Rock
|
|-heal|p2a: Kyurem|82/100|[from] item: Leftovers
|upkeep
|turn|3
|
|t:|1760853026
|move|p2a: Kyurem|Protect|p2a: Kyurem
|-singleturn|p2a: Kyurem|Protect
|move|p1a: Skarmory|Whirlwind|p2a: Kyurem
|drag|p2a: Skarmory|Skarmory, M|100/100
|-damage|p2a: Skarmory|88/100|[from] Stealth Rock
|
|-heal|p2a: Skarmory|94/100|[from] item: Leftovers
|upkeep
|turn|4
|
|t:|1760853035
|switch|p2a: Cinderace|Cinderace, F|100/100
|move|p1a: Skarmory|Whirlwind|p2a: Cinderace
|drag|p2a: Kyurem|Kyurem|82/100
|-damage|p2a: Kyurem|57/100|[from] Stealth Rock
|-ability|p2a: Kyurem|Pressure
|
|-heal|p2a: Kyurem|63/100|[from] item: Leftovers
|upkeep
|turn|5
|
|t:|1760853043
|move|p2a: Kyurem|Freeze-Dry|p1a: Skarmory
|-damage|p1a: Skarmory|64/100
|-status|p1a: Skarmory|frz
|-curestatus|p1a: Skarmory|frz|[msg]
|move|p1a: Skarmory|Whirlwind|p2a: Kyurem
|drag|p2a: Zapdos|Zapdos|100/100
|
|-heal|p1a: Skarmory|70/100|[from] item: Leftovers
|upkeep
|turn|6
|
|t:|1760853052
|switch|p1a: Dragonite|Dragonite, M|100/100
|move|p2a: Zapdos|Volt Switch|p1a: Dragonite
|-damage|p1a: Dragonite|84/100
|
|t:|1760853059
|switch|p2a: Cinderace|Cinderace, F|100/100|[from] Volt Switch
|
|upkeep
|turn|7
|
|t:|1760853070
|switch|p1a: Blaziken|Blaziken, F, shiny|100/100
|move|p2a: Cinderace|Will-O-Wisp|p1a: Blaziken
|-immune|p1a: Blaziken
|
|upkeep
|turn|8
|
|t:|1760853087
|move|p2a: Cinderace|U-turn|p1a: Blaziken
|-resisted|p1a: Blaziken
|-crit|p1a: Blaziken
|-damage|p1a: Blaziken|90/100
|
|t:|1760853090
|switch|p2a: Great Tusk|Great Tusk|100/100|[from] U-turn
|move|p1a: Blaziken|Swords Dance|p1a: Blaziken
|-boost|p1a: Blaziken|atk|2
|
|-ability|p1a: Blaziken|Speed Boost|boost
|-boost|p1a: Blaziken|spe|1
|upkeep
|turn|9
|
|t:|1760853097
|move|p1a: Blaziken|Brave Bird|p2a: Great Tusk
|-supereffective|p2a: Great Tusk
|-damage|p2a: Great Tusk|0 fnt
|faint|p2a: Great Tusk
|-end|p2a: Great Tusk|Protosynthesis|[silent]
|-damage|p1a: Blaziken|49/100|[from] Recoil
|-damage|p1a: Blaziken|39/100|[from] item: Life Orb
|
|-ability|p1a: Blaziken|Speed Boost|boost
|-boost|p1a: Blaziken|spe|1
|upkeep
|
|t:|1760853102
|switch|p2a: Primarina|Primarina, F|100/100
|-damage|p2a: Primarina|88/100|[from] Stealth Rock
|turn|10
|
|t:|1760853111
|move|p1a: Blaziken|Brave Bird|p2a: Primarina
|-damage|p2a: Primarina|0 fnt
|faint|p2a: Primarina
|-damage|p1a: Blaziken|8/100|[from] Recoil
|-damage|p1a: Blaziken|0 fnt|[from] item: Life Orb
|faint|p1a: Blaziken
|
|upkeep
|
|t:|1760853121
|switch|p1a: Dragonite|Dragonite, M|84/100
|switch|p2a: Cinderace|Cinderace, F|100/100
|turn|11
|
|t:|1760853133
|move|p2a: Cinderace|Will-O-Wisp|p1a: Dragonite
|-status|p1a: Dragonite|brn
|move|p1a: Dragonite|Dragon Dance|p1a: Dragonite
|-boost|p1a: Dragonite|atk|1
|-boost|p1a: Dragonite|spe|1
|
|-damage|p1a: Dragonite|78/100 brn|[from] brn
|upkeep
|turn|12
|
|t:|1760853136
|move|p1a: Dragonite|Dragon Dance|p1a: Dragonite
|-boost|p1a: Dragonite|atk|1
|-boost|p1a: Dragonite|spe|1
|move|p2a: Cinderace|Court Change|p2a: Cinderace
|-swapsideconditions
|-activate|p2a: Cinderace|move: Court Change
|
|-damage|p1a: Dragonite|72/100 brn|[from] brn
|upkeep
|turn|13
|
|t:|1760853145
|move|p1a: Dragonite|Dragon Dance|p1a: Dragonite
|-boost|p1a: Dragonite|atk|1
|-boost|p1a: Dragonite|spe|1
|move|p2a: Cinderace|U-turn|p1a: Dragonite
|-resisted|p1a: Dragonite
|-damage|p1a: Dragonite|61/100 brn
|
|t:|1760853147
|switch|p2a: Skarmory|Skarmory, M|94/100|[from] U-turn
|
|-heal|p2a: Skarmory|100/100|[from] item: Leftovers
|-damage|p1a: Dragonite|55/100 brn|[from] brn
|upkeep
|turn|14
|
|t:|1760853157
|move|p1a: Dragonite|Dragon Claw|p2a: Skarmory
|-resisted|p2a: Skarmory
|-damage|p2a: Skarmory|72/100
|-ability|p2a: Skarmory|Weak Armor|boost
|-unboost|p2a: Skarmory|def|1
|-boost|p2a: Skarmory|spe|2
|move|p2a: Skarmory|Swords Dance|p2a: Skarmory
|-boost|p2a: Skarmory|atk|2
|
|-heal|p2a: Skarmory|78/100|[from] item: Leftovers
|-damage|p1a: Dragonite|48/100 brn|[from] brn
|upkeep
|turn|15
|
|t:|1760853169
|move|p1a: Dragonite|Dragon Claw|p2a: Skarmory
|-resisted|p2a: Skarmory
|-damage|p2a: Skarmory|36/100
|-ability|p2a: Skarmory|Weak Armor|boost
|-unboost|p2a: Skarmory|def|1
|-boost|p2a: Skarmory|spe|2
|move|p2a: Skarmory|Swords Dance|p2a: Skarmory
|-boost|p2a: Skarmory|atk|2
|
|-heal|p2a: Skarmory|42/100|[from] item: Leftovers
|-damage|p1a: Dragonite|42/100 brn|[from] brn
|upkeep
|turn|16
|
|t:|1760853179
|move|p2a: Skarmory|Roost|p2a: Skarmory
|-heal|p2a: Skarmory|92/100
|-singleturn|p2a: Skarmory|move: Roost
|move|p1a: Dragonite|Dragon Claw|p2a: Skarmory
|-resisted|p2a: Skarmory
|-crit|p2a: Skarmory
|-damage|p2a: Skarmory|13/100
|-ability|p2a: Skarmory|Weak Armor|boost
|-unboost|p2a: Skarmory|def|1
|-boost|p2a: Skarmory|spe|2
|
|-heal|p2a: Skarmory|19/100|[from] item: Leftovers
|-damage|p1a: Dragonite|36/100 brn|[from] brn
|upkeep
|turn|17
|
|t:|1760853190
|move|p1a: Dragonite|Extreme Speed|p2a: Skarmory
|-resisted|p2a: Skarmory
|-damage|p2a: Skarmory|0 fnt
|faint|p2a: Skarmory
|
|-damage|p1a: Dragonite|30/100 brn|[from] brn
|upkeep
|
|t:|1760853192
|switch|p2a: Zapdos|Zapdos|100/100
|turn|18
|
|t:|1760853201
|move|p1a: Dragonite|Dragon Claw|p2a: Zapdos
|-damage|p2a: Zapdos|61/100
|move|p2a: Zapdos|Hurricane|p1a: Dragonite
|-damage|p1a: Dragonite|0 fnt
|faint|p1a: Dragonite
|
|upkeep
|
|t:|1760853221
|switch|p1a: Scizor|Scizor, F|100/100
|-damage|p1a: Scizor|88/100|[from] Stealth Rock
|turn|19
|
|t:|1760853230
|move|p2a: Zapdos|Thunder Wave|p1a: Scizor
|-status|p1a: Scizor|par
|cant|p1a: Scizor|par
|
|upkeep
|turn|20
|
|t:|1760853236
|move|p2a: Zapdos|Volt Switch|p1a: Scizor
|-damage|p1a: Scizor|45/100 par
|
|t:|1760853238
|switch|p2a: Cinderace|Cinderace, F|100/100|[from] Volt Switch
|move|p1a: Scizor|Defog|p2a: Cinderace
|-unboost|p2a: Cinderace|evasion|1
|-sideend|p1: wangdong864203|Stealth Rock|[from] move: Defog|[of] p1a: Scizor
|
|upkeep
|turn|21
|
|t:|1760853250
|move|p2a: Cinderace|Pyro Ball|p1a: Scizor
|-supereffective|p1a: Scizor
|-damage|p1a: Scizor|0 fnt
|faint|p1a: Scizor
|
|upkeep
|
|t:|1760853256
|switch|p1a: Ogerpon|Ogerpon-Wellspring, F|100/100
|turn|22
|
|t:|1760853265
|-terastallize|p1a: Ogerpon|Water
|detailschange|p1a: Ogerpon|Ogerpon-Wellspring-Tera, F, tera:Water
|-ability|p1a: Ogerpon|Embody Aspect (Wellspring)|boost
|-boost|p1a: Ogerpon|spd|1
|move|p2a: Cinderace|U-turn|p1a: Ogerpon
|-damage|p1a: Ogerpon|78/100
|
|t:|1760853269
|switch|p2a: Zapdos|Zapdos|61/100|[from] U-turn
|move|p1a: Ogerpon|Ivy Cudgel|p2a: Zapdos|[anim] Ivy Cudgel Water
|-damage|p2a: Zapdos|3/100
|
|upkeep
|turn|23
|
|t:|1760853282
|move|p1a: Ogerpon|Ivy Cudgel|p2a: Zapdos|[anim] Ivy Cudgel Water
|-damage|p2a: Zapdos|0 fnt
|faint|p2a: Zapdos
|
|upkeep
|
|t:|1760853284
|switch|p2a: Cinderace|Cinderace, F|100/100
|turn|24
|
|t:|1760853287
|move|p2a: Cinderace|Will-O-Wisp|p1a: Ogerpon
|-status|p1a: Ogerpon|brn
|move|p1a: Ogerpon|Ivy Cudgel|p2a: Cinderace|[anim] Ivy Cudgel Water
|-supereffective|p2a: Cinderace
|-damage|p2a: Cinderace|0 fnt
|faint|p2a: Cinderace
|
|-damage|p1a: Ogerpon|72/100 brn|[from] brn
|upkeep
|
|t:|1760853290
|switch|p2a: Kyurem|Kyurem|63/100
|-ability|p2a: Kyurem|Pressure
|turn|25
|
|t:|1760853295
|move|p2a: Kyurem|Protect|p2a: Kyurem
|-singleturn|p2a: Kyurem|Protect
|move|p1a: Ogerpon|Ivy Cudgel|p2a: Kyurem|[anim] Ivy Cudgel Water
|-activate|p2a: Kyurem|move: Protect
|
|-heal|p2a: Kyurem|69/100|[from] item: Leftovers
|-damage|p1a: Ogerpon|66/100 brn|[from] brn
|upkeep
|turn|26
|
|t:|1760853297
|move|p1a: Ogerpon|Ivy Cudgel|p2a: Kyurem|[anim] Ivy Cudgel Water
|-resisted|p2a: Kyurem
|-damage|p2a: Kyurem|48/100
|move|p2a: Kyurem|Freeze-Dry|p1a: Ogerpon
|-supereffective|p1a: Ogerpon
|-damage|p1a: Ogerpon|15/100 brn
|
|-heal|p2a: Kyurem|54/100|[from] item: Leftovers
|-damage|p1a: Ogerpon|9/100 brn|[from] brn
|upkeep
|turn|27
|
|t:|1760853308
|switch|p1a: Skarmory|Skarmory, M, shiny|70/100
|move|p2a: Kyurem|Protect||[still]
|-fail|p2a: Kyurem
|
|-heal|p2a: Kyurem|61/100|[from] item: Leftovers
|-heal|p1a: Skarmory|76/100|[from] item: Leftovers
|upkeep
|turn|28
|
|t:|1760853317
|move|p2a: Kyurem|Protect|p2a: Kyurem
|-singleturn|p2a: Kyurem|Protect
|move|p1a: Skarmory|Brave Bird|p2a: Kyurem
|-activate|p2a: Kyurem|move: Protect
|
|-heal|p2a: Kyurem|67/100|[from] item: Leftovers
|-heal|p1a: Skarmory|82/100|[from] item: Leftovers
|upkeep
|turn|29
|
|t:|1760853321
|move|p2a: Kyurem|Substitute|p2a: Kyurem
|-start|p2a: Kyurem|Substitute
|-damage|p2a: Kyurem|42/100
|move|p1a: Skarmory|Brave Bird|p2a: Kyurem
|-end|p2a: Kyurem|Substitute
|-damage|p1a: Skarmory|70/100|[from] Recoil|[of] p2a: Kyurem
|
|-heal|p2a: Kyurem|48/100|[from] item: Leftovers
|-heal|p1a: Skarmory|77/100|[from] item: Leftovers
|upkeep
|turn|30
|
|t:|1760853326
|move|p2a: Kyurem|Protect|p2a: Kyurem
|-singleturn|p2a: Kyurem|Protect
|move|p1a: Skarmory|Brave Bird|p2a: Kyurem
|-activate|p2a: Kyurem|move: Protect
|
|-heal|p2a: Kyurem|54/100|[from] item: Leftovers
|-heal|p1a: Skarmory|83/100|[from] item: Leftovers
|upkeep
|turn|31
|
|t:|1760853333
|move|p2a: Kyurem|Substitute|p2a: Kyurem
|-start|p2a: Kyurem|Substitute
|-damage|p2a: Kyurem|29/100
|move|p1a: Skarmory|Brave Bird|p2a: Kyurem
|-crit|p2a: Kyurem
|-end|p2a: Kyurem|Substitute
|-damage|p1a: Skarmory|71/100|[from] Recoil|[of] p2a: Kyurem
|
|-heal|p2a: Kyurem|35/100|[from] item: Leftovers
|-heal|p1a: Skarmory|77/100|[from] item: Leftovers
|upkeep
|turn|32
|
|t:|1760853339
|move|p2a: Kyurem|Freeze-Dry|p1a: Skarmory
|-damage|p1a: Skarmory|34/100
|move|p1a: Skarmory|Brave Bird|p2a: Kyurem
|-damage|p2a: Kyurem|4/100
|-damage|p1a: Skarmory|18/100|[from] Recoil
|
|-heal|p2a: Kyurem|10/100|[from] item: Leftovers
|-heal|p1a: Skarmory|24/100|[from] item: Leftovers
|upkeep
|turn|33
|
|t:|1760853345
|move|p2a: Kyurem|Protect|p2a: Kyurem
|-singleturn|p2a: Kyurem|Protect
|move|p1a: Skarmory|Roost|p1a: Skarmory
|-heal|p1a: Skarmory|74/100
|-singleturn|p1a: Skarmory|move: Roost
|
|-heal|p2a: Kyurem|16/100|[from] item: Leftovers
|-heal|p1a: Skarmory|81/100|[from] item: Leftovers
|upkeep
|turn|34
|
|t:|1760853349
|move|p2a: Kyurem|Freeze-Dry|p1a: Skarmory
|-damage|p1a: Skarmory|44/100
|move|p1a: Skarmory|Brave Bird|p2a: Kyurem
|-damage|p2a: Kyurem|0 fnt
|faint|p2a: Kyurem
|-damage|p1a: Skarmory|36/100|[from] Recoil
|
|win|wangdong864203
|raw|wangdong864203's rating: 1329 &rarr; <strong>1352</strong><br />(+23 for winning)
|raw|DurantLatios拉帝欧斯侠's rating: 1380 &rarr; <strong>1357</strong><br />(-23 for losing)
