|j|☆nachocooltrainer
|j|☆Anime_Themes4DAYS
|t:|1760740201
|gametype|singles
|player|p1|nachocooltrainer|cynthia-masters|1180
|player|p2|Anime_Themes4DAYS|1|1161
|gen|9
|tier|[Gen 9] OU
|rated|
|rule|HP Percentage Mod: HP is shown in percentages
|rule|Endless Battle Clause: Forcing endless battles is banned
|rule|Species Clause: Limit one of each Pokémon
|rule|OHKO Clause: OHKO moves are banned
|rule|Evasion Items Clause: Evasion items are banned
|rule|Evasion Moves Clause: Evasion moves are banned
|rule|Evasion Abilities Clause: Evasion abilities are banned
|rule|Sleep Moves Clause: Sleep-inducing moves are banned
|clearpoke
|poke|p1|Ninetales-Alola, F|
|poke|p1|Cinderace, M|
|poke|p1|Dragapult, M|
|poke|p1|Mimikyu, M|
|poke|p1|Iron Treads|
|poke|p1|Walking Wake|
|poke|p2|Gyarados, F|
|poke|p2|Charizard, M|
|poke|p2|Venomoth, M|
|poke|p2|Gengar, F|
|poke|p2|Hitmonlee, M|
|poke|p2|Raichu, F|
|teampreview
|inactive|Battle timer is ON: inactive players will automatically lose when time's up. (requested by Anime_Themes4DAYS)
|
|t:|1760740212
|teamsize|p1|6
|teamsize|p2|6
|start
|switch|p1a: Iron Treads|Iron Treads|100/100
|switch|p2a: Cell(Larva)|Venomoth, M|100/100
|-enditem|p1a: Iron Treads|Booster Energy
|-activate|p1a: Iron Treads|ability: Quark Drive|[fromitem]
|-start|p1a: Iron Treads|quarkdrivespe
|turn|1
|
|t:|1760740230
|move|p1a: Iron Treads|Rock Tomb|p2a: Cell(Larva)
|-supereffective|p2a: Cell(Larva)
|-damage|p2a: Cell(Larva)|41/100
|move|p2a: Cell(Larva)|Quiver Dance|p2a: Cell(Larva)
|-boost|p2a: Cell(Larva)|spa|1
|-boost|p2a: Cell(Larva)|spd|1
|-boost|p2a: Cell(Larva)|spe|1
|
|upkeep
|turn|2
|c|☆nachocooltrainer|:o si se parece a cell larva
|
|t:|1760740249
|move|p1a: Iron Treads|Rock Tomb|p2a: Cell(Larva)
|-supereffective|p2a: Cell(Larva)
|-damage|p2a: Cell(Larva)|0 fnt
|faint|p2a: Cell(Larva)
|
|upkeep
|
|t:|1760740255
|switch|p2a: Burter|Hitmonlee, M|100/100
|turn|3
|
|t:|1760740262
|move|p2a: Burter|Fake Out|p1a: Iron Treads
|-enditem|p2a: Burter|Normal Gem|[from] gem
|-resisted|p1a: Iron Treads
|-damage|p1a: Iron Treads|93/100
|cant|p1a: Iron Treads|flinch
|
|upkeep
|turn|4
|
|t:|1760740269
|move|p2a: Burter|Close Combat|p1a: Iron Treads
|-supereffective|p1a: Iron Treads
|-damage|p1a: Iron Treads|0 fnt
|-unboost|p2a: Burter|def|1
|-unboost|p2a: Burter|spd|1
|faint|p1a: Iron Treads
|-end|p1a: Iron Treads|Quark Drive|[silent]
|
|upkeep
|inactive|nachocooltrainer has 120 seconds left.
|
|t:|1760740301
|switch|p1a: Ninetales|Ninetales-Alola, F, shiny|100/100
|-weather|Snowscape|[from] ability: Snow Warning|[of] p1a: Ninetales
|turn|5
|inactive|Anime_Themes4DAYS has 120 seconds left.
|inactive|Anime_Themes4DAYS has 90 seconds left.
|
|t:|1760740373
|move|p2a: Burter|Close Combat|p1a: Ninetales
|-damage|p1a: Ninetales|58/100
|-unboost|p2a: Burter|def|1
|-unboost|p2a: Burter|spd|1
|move|p1a: Ninetales|Aurora Veil|p1a: Ninetales
|-sidestart|p1: nachocooltrainer|move: Aurora Veil
|
|-weather|Snowscape|[upkeep]
|upkeep
|turn|6
|inactive|Anime_Themes4DAYS has 60 seconds left.
|
|t:|1760740416
|move|p2a: Burter|Knock Off|p1a: Ninetales
|-resisted|p1a: Ninetales
|-damage|p1a: Ninetales|52/100
|-enditem|p1a: Ninetales|Light Clay|[from] move: Knock Off|[of] p2a: Burter
|move|p1a: Ninetales|Moonblast|p2a: Burter
|-supereffective|p2a: Burter
|-damage|p2a: Burter|0 fnt
|faint|p2a: Burter
|
|-weather|Snowscape|[upkeep]
|upkeep
|
|t:|1760740428
|switch|p2a: Gohan (early Z)|Raichu, F|100/100
|turn|7
|
|t:|1760740452
|move|p2a: Gohan (early Z)|Nuzzle|p1a: Ninetales
|-crit|p1a: Ninetales
|-damage|p1a: Ninetales|46/100
|-status|p1a: Ninetales|par
|cant|p1a: Ninetales|par
|
|-weather|Snowscape|[upkeep]
|upkeep
|turn|8
|
|t:|1760740460
|move|p2a: Gohan (early Z)|Thunderbolt|p1a: Ninetales
|-damage|p1a: Ninetales|23/100 par
|move|p1a: Ninetales|Moonblast|p2a: Gohan (early Z)
|-damage|p2a: Gohan (early Z)|74/100
|
|-weather|Snowscape|[upkeep]
|upkeep
|turn|9
|inactive|Anime_Themes4DAYS has 60 seconds left.
|
|t:|1760740471
|switch|p1a: Dragapult|Dragapult, M|100/100
|move|p2a: Gohan (early Z)|Electro Ball|p1a: Dragapult
|-resisted|p1a: Dragapult
|-damage|p1a: Dragapult|95/100
|
|-weather|none
|upkeep
|turn|10
|inactive|Anime_Themes4DAYS has 60 seconds left.
|
|t:|1760740488
|move|p1a: Dragapult|Hex|p2a: Gohan (early Z)
|-damage|p2a: Gohan (early Z)|44/100
|move|p2a: Gohan (early Z)|Nuzzle|p1a: Dragapult
|-resisted|p1a: Dragapult
|-damage|p1a: Dragapult|93/100
|-status|p1a: Dragapult|par
|
|upkeep
|turn|11
|
|t:|1760740497
|move|p2a: Gohan (early Z)|Thunderbolt|p1a: Dragapult
|-resisted|p1a: Dragapult
|-damage|p1a: Dragapult|80/100 par
|cant|p1a: Dragapult|par
|
|upkeep
|turn|12
|
|t:|1760740505
|move|p2a: Gohan (early Z)|Thunderbolt|p1a: Dragapult
|-resisted|p1a: Dragapult
|-damage|p1a: Dragapult|68/100 par
|move|p1a: Dragapult|Hex|p2a: Gohan (early Z)
|-damage|p2a: Gohan (early Z)|12/100
|
|-sideend|p1: nachocooltrainer|move: Aurora Veil
|upkeep
|turn|13
|
|t:|1760740516
|move|p2a: Gohan (early Z)|Thunderbolt|p1a: Dragapult
|-resisted|p1a: Dragapult
|-damage|p1a: Dragapult|44/100 par
|move|p1a: Dragapult|Hex|p2a: Gohan (early Z)
|-damage|p2a: Gohan (early Z)|0 fnt
|faint|p2a: Gohan (early Z)
|
|upkeep
|
|t:|1760740524
|switch|p2a: Vegeta|Gyarados, F|100/100
|turn|14
|
|t:|1760740531
|move|p2a: Vegeta|Dragon Dance|p2a: Vegeta
|-boost|p2a: Vegeta|atk|1
|-boost|p2a: Vegeta|spe|1
|move|p1a: Dragapult|Will-O-Wisp|p2a: Vegeta
|-status|p2a: Vegeta|brn
|
|-damage|p2a: Vegeta|94/100 brn|[from] brn
|upkeep
|turn|15
|
|t:|1760740550
|-terastallize|p2a: Vegeta|Dragon
|move|p2a: Vegeta|Tera Blast|p1a: Dragapult|[anim] Tera Blast Dragon
|-supereffective|p1a: Dragapult
|-damage|p1a: Dragapult|0 fnt
|faint|p1a: Dragapult
|-ability|p2a: Vegeta|Moxie|boost
|-boost|p2a: Vegeta|atk|1
|
|-damage|p2a: Vegeta|88/100 brn|[from] brn
|upkeep
|
|t:|1760740578
|switch|p1a: Ninetales|Ninetales-Alola, F, shiny|23/100 par
|-weather|Snowscape|[from] ability: Snow Warning|[of] p1a: Ninetales
|turn|16
|
|t:|1760740586
|move|p2a: Vegeta|Waterfall|p1a: Ninetales
|-damage|p1a: Ninetales|0 fnt
|faint|p1a: Ninetales
|-ability|p2a: Vegeta|Moxie|boost
|-boost|p2a: Vegeta|atk|1
|
|-weather|Snowscape|[upkeep]
|-damage|p2a: Vegeta|82/100 brn|[from] brn
|upkeep
|
|t:|1760740589
|switch|p1a: Mimikyu|Mimikyu, M, shiny|100/100
|turn|17
|
|t:|1760740598
|move|p2a: Vegeta|Waterfall|p1a: Mimikyu
|-activate|p1a: Mimikyu|ability: Disguise
|-damage|p1a: Mimikyu|100/100
|detailschange|p1a: Mimikyu|Mimikyu-Busted, M, shiny
|-damage|p1a: Mimikyu|88/100|[from] pokemon: Mimikyu-Busted
|-enditem|p1a: Mimikyu|Red Card|[of] p2a: Vegeta
|drag|p2a: Buu|Gengar, F|100/100
|move|p1a: Mimikyu|Swords Dance|p1a: Mimikyu
|-boost|p1a: Mimikyu|atk|2
|
|-weather|Snowscape|[upkeep]
|upkeep
|turn|18
|
|t:|1760740612
|switch|p2a: Vegeta|Gyarados, F, tera:Dragon|82/100 brn
|-terastallize|p1a: Mimikyu|Steel
|move|p1a: Mimikyu|Shadow Sneak|p2a: Vegeta
|-damage|p2a: Vegeta|42/100 brn
|
|-weather|Snowscape|[upkeep]
|-damage|p2a: Vegeta|36/100 brn|[from] brn
|upkeep
|turn|19
|
|t:|1760740623
|move|p1a: Mimikyu|Drain Punch|p2a: Vegeta
|-damage|p2a: Vegeta|0 fnt
|-heal|p1a: Mimikyu|100/100|[from] drain|[of] p2a: Vegeta
|faint|p2a: Vegeta
|
|-weather|Snowscape|[upkeep]
|upkeep
|
|t:|1760740630
|switch|p2a: Goku|Charizard, M|100/100
|turn|20
|
|t:|1760740640
|switch|p1a: Cinderace|Cinderace, M|100/100
|move|p2a: Goku|Flamethrower|p1a: Cinderace
|-resisted|p1a: Cinderace
|-damage|p1a: Cinderace|72/100
|
|-weather|none
|upkeep
|turn|21
|
|t:|1760740650
|move|p1a: Cinderace|Gunk Shot|p2a: Goku
|-start|p1a: Cinderace|typechange|Poison|[from] ability: Libero
|-damage|p2a: Goku|19/100
|-status|p2a: Goku|psn
|move|p2a: Goku|Air Slash|p1a: Cinderace
|-damage|p1a: Cinderace|24/100
|
|-damage|p2a: Goku|6/100 psn|[from] psn
|upkeep
|turn|22
|
|t:|1760740659
|switch|p1a: Walking Wake|Walking Wake|100/100
|-enditem|p1a: Walking Wake|Booster Energy
|-activate|p1a: Walking Wake|ability: Protosynthesis|[fromitem]
|-start|p1a: Walking Wake|protosynthesisspe
|move|p2a: Goku|Air Slash|p1a: Walking Wake
|-damage|p1a: Walking Wake|63/100
|
|-damage|p2a: Goku|0 fnt|[from] psn
|faint|p2a: Goku
|upkeep
|
|t:|1760740668
|switch|p2a: Buu|Gengar, F|100/100
|turn|23
|inactive|Anime_Themes4DAYS has 120 seconds left.
|
|t:|1760740679
|move|p2a: Buu|Shadow Ball|p1a: Walking Wake
|-damage|p1a: Walking Wake|19/100
|-unboost|p1a: Walking Wake|spd|1
|move|p1a: Walking Wake|Draco Meteor|p2a: Buu
|-damage|p2a: Buu|0 fnt
|-unboost|p1a: Walking Wake|spa|2
|faint|p2a: Buu
|
|win|nachocooltrainer
|raw|nachocooltrainer's rating: 1180 &rarr; <strong>1204</strong><br />(+24 for winning)
|raw|Anime_Themes4DAYS's rating: 1161 &rarr; <strong>1137</strong><br />(-24 for losing)
|l|☆Anime_Themes4DAYS
|player|p2|
|l|☆nachocooltrainer
|player|p1|
