|j|☆POKEFOND OFFICIAL
|j|☆Bleud29
|t:|1760865835
|gametype|singles
|player|p1|POKEFOND OFFICIAL|101|1108
|player|p2|Bleud29|265|1109
|gen|9
|tier|[Gen 9] OU
|rated|
|rule|HP Percentage Mod: HP is shown in percentages
|rule|Endless Battle Clause: Forcing endless battles is banned
|rule|Species Clause: Limit one of each Pokémon
|rule|OHKO Clause: OHKO moves are banned
|rule|Evasion Items Clause: Evasion items are banned
|rule|Evasion Moves Clause: Evasion moves are banned
|rule|Evasion Abilities Clause: Evasion abilities are banned
|rule|Sleep Moves Clause: Sleep-inducing moves are banned
|clearpoke
|poke|p1|Ting-Lu|
|poke|p1|Great Tusk|
|poke|p1|Gholdengo|
|poke|p1|Iron Valiant|
|poke|p1|Rillaboom, M|
|poke|p1|Dragapult, M|
|poke|p2|Kingdra, F|
|poke|p2|Thundurus, M|
|poke|p2|Ribombee, M|
|poke|p2|Skeledirge, F|
|poke|p2|Metagross|
|poke|p2|Toucannon, M|
|teampreview
|
|t:|1760865856
|teamsize|p1|6
|teamsize|p2|6
|start
|switch|p1a: Ting-Lu|Ting-Lu|100/100
|switch|p2a: Toucannon|Toucannon, M|100/100
|-ability|p1a: Ting-Lu|Vessel of Ruin
|turn|1
|
|t:|1760865866
|move|p2a: Toucannon|Bullet Seed|p1a: Ting-Lu
|-supereffective|p1a: Ting-Lu
|-damage|p1a: Ting-Lu|91/100
|-supereffective|p1a: Ting-Lu
|-damage|p1a: Ting-Lu|82/100
|-supereffective|p1a: Ting-Lu
|-damage|p1a: Ting-Lu|73/100
|-supereffective|p1a: Ting-Lu
|-damage|p1a: Ting-Lu|64/100
|-supereffective|p1a: Ting-Lu
|-damage|p1a: Ting-Lu|56/100
|-hitcount|p1a: Ting-Lu|5
|move|p1a: Ting-Lu|Whirlwind|p2a: Toucannon
|drag|p2a: Metagross|Metagross|100/100
|
|-heal|p1a: Ting-Lu|62/100|[from] item: Leftovers
|upkeep
|turn|2
|
|t:|1760865884
|move|p2a: Metagross|Meteor Beam||[still]
|-prepare|p2a: Metagross|Meteor Beam
|-boost|p2a: Metagross|spa|1
|-enditem|p2a: Metagross|Power Herb
|-anim|p2a: Metagross|Meteor Beam|p1a: Ting-Lu
|-resisted|p1a: Ting-Lu
|-damage|p1a: Ting-Lu|51/100
|move|p1a: Ting-Lu|Earthquake|p2a: Metagross
|-supereffective|p2a: Metagross
|-damage|p2a: Metagross|49/100
|
|-heal|p1a: Ting-Lu|58/100|[from] item: Leftovers
|upkeep
|turn|3
|
|t:|1760865898
|move|p2a: Metagross|Stealth Rock|p1a: Ting-Lu
|-sidestart|p1: POKEFOND OFFICIAL|move: Stealth Rock
|move|p1a: Ting-Lu|Earthquake|p2a: Metagross
|-supereffective|p2a: Metagross
|-damage|p2a: Metagross|0 fnt
|faint|p2a: Metagross
|
|-heal|p1a: Ting-Lu|64/100|[from] item: Leftovers
|upkeep
|
|t:|1760865911
|switch|p2a: Kingdra|Kingdra, F|100/100
|turn|4
|
|t:|1760865918
|move|p2a: Kingdra|Waterfall|p1a: Ting-Lu
|-supereffective|p1a: Ting-Lu
|-damage|p1a: Ting-Lu|25/100
|move|p1a: Ting-Lu|Whirlwind|p2a: Kingdra
|drag|p2a: Ribombee|Ribombee, M|100/100
|
|-heal|p1a: Ting-Lu|31/100|[from] item: Leftovers
|upkeep
|turn|5
|
|t:|1760865929
|move|p2a: Ribombee|Sticky Web|p1a: Ting-Lu
|-sidestart|p1: POKEFOND OFFICIAL|move: Sticky Web
|move|p1a: Ting-Lu|Ruination|p2a: Ribombee
|-damage|p2a: Ribombee|51/100
|
|-heal|p1a: Ting-Lu|38/100|[from] item: Leftovers
|upkeep
|turn|6
|
|t:|1760865941
|switch|p2a: Toucannon|Toucannon, M|100/100
|move|p1a: Ting-Lu|Ruination|p2a: Toucannon
|-damage|p2a: Toucannon|51/100
|
|-heal|p1a: Ting-Lu|44/100|[from] item: Leftovers
|upkeep
|turn|7
|
|t:|1760865951
|move|p2a: Toucannon|Bullet Seed|p1a: Ting-Lu
|-supereffective|p1a: Ting-Lu
|-damage|p1a: Ting-Lu|35/100
|-supereffective|p1a: Ting-Lu
|-damage|p1a: Ting-Lu|26/100
|-supereffective|p1a: Ting-Lu
|-damage|p1a: Ting-Lu|17/100
|-supereffective|p1a: Ting-Lu
|-damage|p1a: Ting-Lu|8/100
|-supereffective|p1a: Ting-Lu
|-crit|p1a: Ting-Lu
|-damage|p1a: Ting-Lu|0 fnt
|faint|p1a: Ting-Lu
|-hitcount|p1: Ting-Lu|5
|
|upkeep
|
|t:|1760865969
|switch|p1a: Iron Valiant|Iron Valiant|100/100
|-damage|p1a: Iron Valiant|94/100|[from] Stealth Rock
|-activate|p1a: Iron Valiant|move: Sticky Web
|-unboost|p1a: Iron Valiant|spe|1
|-enditem|p1a: Iron Valiant|Booster Energy
|-activate|p1a: Iron Valiant|ability: Quark Drive|[fromitem]
|-start|p1a: Iron Valiant|quarkdrivespa
|turn|8
|
|t:|1760865986
|-singleturn|p2a: Toucannon|move: Beak Blast
|move|p1a: Iron Valiant|Thunderbolt|p2a: Toucannon
|-supereffective|p2a: Toucannon
|-damage|p2a: Toucannon|0 fnt
|faint|p2a: Toucannon
|
|upkeep
|
|t:|1760866003
|switch|p2a: Skeledirge|Skeledirge, F|100/100
|turn|9
|
|t:|1760866016
|move|p1a: Iron Valiant|Knock Off|p2a: Skeledirge
|-supereffective|p2a: Skeledirge
|-damage|p2a: Skeledirge|50/100
|-damage|p1a: Iron Valiant|78/100|[from] item: Rocky Helmet|[of] p2a: Skeledirge
|-enditem|p2a: Skeledirge|Rocky Helmet|[from] move: Knock Off|[of] p1a: Iron Valiant
|move|p2a: Skeledirge|Curse|p1a: Iron Valiant
|-start|p1a: Iron Valiant|Curse|[of] p2a: Skeledirge
|-damage|p2a: Skeledirge|0 fnt
|faint|p2a: Skeledirge
|
|-damage|p1a: Iron Valiant|53/100|[from] Curse
|upkeep
|
|t:|1760866035
|switch|p2a: Kingdra|Kingdra, F|100/100
|turn|10
|
|t:|1760866048
|move|p2a: Kingdra|Focus Energy|p2a: Kingdra
|-start|p2a: Kingdra|move: Focus Energy
|move|p1a: Iron Valiant|Thunderbolt|p2a: Kingdra
|-damage|p2a: Kingdra|57/100
|
|-damage|p1a: Iron Valiant|28/100|[from] Curse
|upkeep
|turn|11
|
|t:|1760866064
|move|p2a: Kingdra|Waterfall|p1a: Iron Valiant
|-damage|p1a: Iron Valiant|0 fnt
|faint|p1a: Iron Valiant
|-end|p1a: Iron Valiant|Quark Drive|[silent]
|
|upkeep
|
|t:|1760866078
|switch|p1a: Rillaboom|Rillaboom, M|100/100
|-damage|p1a: Rillaboom|88/100|[from] Stealth Rock
|-activate|p1a: Rillaboom|move: Sticky Web
|-unboost|p1a: Rillaboom|spe|1
|-fieldstart|move: Grassy Terrain|[from] ability: Grassy Surge|[of] p1a: Rillaboom
|turn|12
|
|t:|1760866089
|-terastallize|p2a: Kingdra|Steel
|move|p2a: Kingdra|Scale Shot|p1a: Rillaboom
|-damage|p1a: Rillaboom|76/100
|-crit|p1a: Rillaboom
|-damage|p1a: Rillaboom|48/100
|-crit|p1a: Rillaboom
|-damage|p1a: Rillaboom|23/100
|-crit|p1a: Rillaboom
|-damage|p1a: Rillaboom|0 fnt
|faint|p1a: Rillaboom
|-hitcount|p1: Rillaboom|4
|-unboost|p2a: Kingdra|def|1
|-boost|p2a: Kingdra|spe|1
|
|-heal|p2a: Kingdra|63/100|[from] Grassy Terrain
|upkeep
|
|t:|1760866113
|switch|p1a: Dragapult|Dragapult, M|100/100
|-damage|p1a: Dragapult|88/100|[from] Stealth Rock
|-activate|p1a: Dragapult|move: Sticky Web
|-unboost|p1a: Dragapult|spe|1
|turn|13
|
|t:|1760866124
|move|p2a: Kingdra|Scale Shot|p1a: Dragapult|[miss]
|-miss|p2a: Kingdra|p1a: Dragapult
|move|p1a: Dragapult|Draco Meteor|p2a: Kingdra
|-resisted|p2a: Kingdra
|-damage|p2a: Kingdra|16/100
|-unboost|p1a: Dragapult|spa|2
|
|-heal|p2a: Kingdra|22/100|[from] Grassy Terrain
|-heal|p1a: Dragapult|94/100|[from] Grassy Terrain
|upkeep
|turn|14
|
|t:|1760866135
|move|p2a: Kingdra|Scale Shot|p1a: Dragapult
|-supereffective|p1a: Dragapult
|-damage|p1a: Dragapult|63/100
|-supereffective|p1a: Dragapult
|-crit|p1a: Dragapult
|-damage|p1a: Dragapult|0 fnt
|faint|p1a: Dragapult
|-hitcount|p1: Dragapult|2
|-unboost|p2a: Kingdra|def|1
|-boost|p2a: Kingdra|spe|1
|
|-heal|p2a: Kingdra|28/100|[from] Grassy Terrain
|upkeep
|
|t:|1760866148
|switch|p1a: Gholdengo|Gholdengo|100/100
|-damage|p1a: Gholdengo|94/100|[from] Stealth Rock
|-item|p1a: Gholdengo|Air Balloon
|turn|15
|
|t:|1760866167
|move|p2a: Kingdra|Scale Shot|p1a: Gholdengo
|-resisted|p1a: Gholdengo
|-crit|p1a: Gholdengo
|-damage|p1a: Gholdengo|82/100
|-enditem|p1a: Gholdengo|Air Balloon
|-resisted|p1a: Gholdengo
|-damage|p1a: Gholdengo|76/100
|-resisted|p1a: Gholdengo
|-damage|p1a: Gholdengo|70/100
|-resisted|p1a: Gholdengo
|-crit|p1a: Gholdengo
|-damage|p1a: Gholdengo|56/100
|-hitcount|p1a: Gholdengo|4
|-unboost|p2a: Kingdra|def|1
|-boost|p2a: Kingdra|spe|1
|move|p1a: Gholdengo|Make It Rain|p2a: Kingdra
|-resisted|p2a: Kingdra
|-damage|p2a: Kingdra|0 fnt
|-unboost|p1a: Gholdengo|spa|1
|faint|p2a: Kingdra
|
|-heal|p1a: Gholdengo|62/100|[from] Grassy Terrain
|upkeep
|
|t:|1760866191
|switch|p2a: Thundurus|Thundurus, M|100/100
|turn|16
|
|t:|1760866198
|move|p2a: Thundurus|Knock Off|p1a: Gholdengo
|-supereffective|p1a: Gholdengo
|-damage|p1a: Gholdengo|15/100
|move|p1a: Gholdengo|Make It Rain|p2a: Thundurus
|-resisted|p2a: Thundurus
|-damage|p2a: Thundurus|69/100
|-unboost|p1a: Gholdengo|spa|1
|
|-heal|p1a: Gholdengo|21/100|[from] Grassy Terrain
|-fieldend|move: Grassy Terrain
|upkeep
|turn|17
|
|t:|1760866227
|move|p2a: Thundurus|Knock Off|p1a: Gholdengo
|-supereffective|p1a: Gholdengo
|-damage|p1a: Gholdengo|0 fnt
|faint|p1a: Gholdengo
|
|upkeep
|
|t:|1760866232
|switch|p1a: Great Tusk|Great Tusk|100/100
|turn|18
|
|t:|1760866242
|move|p2a: Thundurus|Swagger|p1a: Great Tusk
|-boost|p1a: Great Tusk|atk|2
|-start|p1a: Great Tusk|confusion
|-enditem|p2a: Thundurus|Mirror Herb
|-boost|p2a: Thundurus|atk|2|[from] item: Mirror Herb
|-activate|p1a: Great Tusk|confusion
|-damage|p1a: Great Tusk|90/100|[from] confusion
|
|upkeep
|turn|19
|
|t:|1760866251
|move|p2a: Thundurus|Acrobatics|p1a: Great Tusk
|-supereffective|p1a: Great Tusk
|-damage|p1a: Great Tusk|0 fnt
|faint|p1a: Great Tusk
|-end|p1a: Great Tusk|Protosynthesis|[silent]
|
|win|Bleud29
|raw|POKEFOND OFFICIAL's rating: 1108 &rarr; <strong>1083</strong><br />(-25 for losing)
|raw|Bleud29's rating: 1109 &rarr; <strong>1134</strong><br />(+25 for winning)
|l|☆POKEFOND OFFICIAL
|player|p1|
|l|☆Bleud29
|player|p2|
