|j|☆yyetu5678
|j|☆spookyaudrey
|t:|1760857595
|gametype|singles
|player|p1|yyetu5678|265|1112
|player|p2|spookyaudrey|clown|1063
|gen|9
|tier|[Gen 9] OU
|rated|
|rule|HP Percentage Mod: HP is shown in percentages
|rule|Endless Battle Clause: Forcing endless battles is banned
|rule|Species Clause: Limit one of each Pokémon
|rule|OHKO Clause: OHKO moves are banned
|rule|Evasion Items Clause: Evasion items are banned
|rule|Evasion Moves Clause: Evasion moves are banned
|rule|Evasion Abilities Clause: Evasion abilities are banned
|rule|Sleep Moves Clause: Sleep-inducing moves are banned
|clearpoke
|poke|p1|Corviknight, F|
|poke|p1|Alomomola, F|
|poke|p1|Dugtrio, M|
|poke|p1|Lokix, F|
|poke|p1|Salazzle, F|
|poke|p1|Tyranitar, F|
|poke|p2|Pelipper, F|
|poke|p2|Overqwil, F|
|poke|p2|Lapras, F|
|poke|p2|Swampert, F|
|poke|p2|Electrode-Hisui|
|poke|p2|Zarude|
|teampreview
|inactive|Battle timer is ON: inactive players will automatically lose when time's up. (requested by spookyaudrey)
|
|t:|1760857607
|teamsize|p1|6
|teamsize|p2|6
|start
|switch|p1a: Alomomola|Alomomola, F|100/100
|switch|p2a: Electrode|Electrode-Hisui|100/100
|turn|1
|
|t:|1760857621
|move|p2a: Electrode|Taunt|p1a: Alomomola
|-start|p1a: Alomomola|move: Taunt
|cant|p1a: Alomomola|move: Taunt|Light Screen
|
|upkeep
|turn|2
|
|t:|1760857630
|switch|p1a: Dugtrio|Dugtrio, M|100/100
|move|p2a: Electrode|Energy Ball|p1a: Dugtrio
|-supereffective|p1a: Dugtrio
|-damage|p1a: Dugtrio|0 fnt
|faint|p1a: Dugtrio
|
|upkeep
|
|t:|1760857639
|switch|p1a: Salazzle|Salazzle, F|100/100
|turn|3
|
|t:|1760857654
|move|p2a: Electrode|Volt Switch|p1a: Salazzle
|-damage|p1a: Salazzle|57/100
|
|t:|1760857657
|switch|p2a: Overqwil|Overqwil, F|100/100|[from] Volt Switch
|move|p1a: Salazzle|Toxic|p2a: Overqwil
|-status|p2a: Overqwil|tox
|
|-damage|p2a: Overqwil|94/100 tox|[from] psn
|upkeep
|turn|4
|
|t:|1760857666
|switch|p1a: Tyranitar|Tyranitar, F|100/100
|-weather|Sandstorm|[from] ability: Sand Stream|[of] p1a: Tyranitar
|move|p2a: Overqwil|Waterfall|p1a: Tyranitar
|-supereffective|p1a: Tyranitar
|-damage|p1a: Tyranitar|61/100
|
|-weather|Sandstorm|[upkeep]
|-damage|p2a: Overqwil|88/100 tox|[from] Sandstorm
|-damage|p2a: Overqwil|76/100 tox|[from] psn
|upkeep
|turn|5
|
|t:|1760857679
|switch|p2a: Pelipper|Pelipper, F, shiny|100/100
|-weather|RainDance|[from] ability: Drizzle|[of] p2a: Pelipper
|switch|p1a: Alomomola|Alomomola, F|100/100
|
|-weather|RainDance|[upkeep]
|upkeep
|turn|6
|
|t:|1760857688
|move|p2a: Pelipper|Tailwind|p2a: Pelipper
|-sidestart|p2: spookyaudrey|move: Tailwind
|move|p1a: Alomomola|Wish|p1a: Alomomola
|
|-weather|RainDance|[upkeep]
|upkeep
|turn|7
|
|t:|1760857701
|switch|p2a: Overqwil|Overqwil, F|76/100 tox
|move|p1a: Alomomola|Light Screen|p1a: Alomomola
|-sidestart|p1: yyetu5678|move: Light Screen
|
|-weather|RainDance|[upkeep]
|-damage|p2a: Overqwil|70/100 tox|[from] psn
|upkeep
|turn|8
|
|t:|1760857717
|move|p2a: Overqwil|Taunt|p1a: Alomomola
|-start|p1a: Alomomola|move: Taunt
|cant|p1a: Alomomola|move: Taunt|Wish
|
|-weather|RainDance|[upkeep]
|-damage|p2a: Overqwil|58/100 tox|[from] psn
|upkeep
|turn|9
|
|t:|1760857725
|switch|p1a: Tyranitar|Tyranitar, F|61/100
|-weather|Sandstorm|[from] ability: Sand Stream|[of] p1a: Tyranitar
|move|p2a: Overqwil|Poison Jab|p1a: Tyranitar
|-resisted|p1a: Tyranitar
|-damage|p1a: Tyranitar|45/100
|
|-weather|Sandstorm|[upkeep]
|-damage|p2a: Overqwil|52/100 tox|[from] Sandstorm
|-damage|p2a: Overqwil|33/100 tox|[from] psn
|-sideend|p2: spookyaudrey|move: Tailwind
|upkeep
|turn|10
|
|t:|1760857741
|switch|p1a: Corviknight|Corviknight, F|100/100
|move|p2a: Overqwil|Waterfall|p1a: Corviknight
|-damage|p1a: Corviknight|77/100
|-damage|p2a: Overqwil|17/100 tox|[from] item: Rocky Helmet|[of] p1a: Corviknight
|
|-weather|Sandstorm|[upkeep]
|-damage|p2a: Overqwil|11/100 tox|[from] Sandstorm
|-damage|p2a: Overqwil|0 fnt|[from] psn
|faint|p2a: Overqwil
|upkeep
|
|t:|1760857749
|switch|p2a: Pelipper|Pelipper, F, shiny|100/100
|-weather|RainDance|[from] ability: Drizzle|[of] p2a: Pelipper
|turn|11
|
|t:|1760857763
|switch|p1a: Alomomola|Alomomola, F|100/100
|move|p2a: Pelipper|Weather Ball|p1a: Alomomola
|-resisted|p1a: Alomomola
|-damage|p1a: Alomomola|82/100
|
|-weather|RainDance|[upkeep]
|-sideend|p1: yyetu5678|move: Light Screen
|upkeep
|turn|12
|
|t:|1760857773
|switch|p2a: Lapras|Lapras, F, shiny|100/100
|move|p1a: Alomomola|Light Screen|p1a: Alomomola
|-sidestart|p1: yyetu5678|move: Light Screen
|
|-weather|RainDance|[upkeep]
|upkeep
|turn|13
|
|t:|1760857779
|move|p1a: Alomomola|Wish|p1a: Alomomola
|move|p2a: Lapras|Thunder|p1a: Alomomola
|-supereffective|p1a: Alomomola
|-damage|p1a: Alomomola|42/100
|-status|p1a: Alomomola|par
|
|-weather|RainDance|[upkeep]
|upkeep
|turn|14
|
|t:|1760857801
|switch|p1a: Tyranitar|Tyranitar, F|45/100
|-weather|Sandstorm|[from] ability: Sand Stream|[of] p1a: Tyranitar
|move|p2a: Lapras|Freeze-Dry|p1a: Tyranitar
|-damage|p1a: Tyranitar|35/100
|
|-weather|Sandstorm|[upkeep]
|-damage|p2a: Lapras|94/100|[from] Sandstorm
|-heal|p1a: Tyranitar|100/100|[from] move: Wish|[wisher] Alomomola
|upkeep
|turn|15
|inactive|yyetu5678 has 120 seconds left.
|
|t:|1760857823
|switch|p1a: Salazzle|Salazzle, F|57/100
|-terastallize|p2a: Lapras|Fairy
|move|p2a: Lapras|Alluring Voice|p1a: Salazzle
|-resisted|p1a: Salazzle
|-damage|p1a: Salazzle|50/100
|
|-weather|Sandstorm|[upkeep]
|-damage|p1a: Salazzle|44/100|[from] Sandstorm
|-damage|p2a: Lapras|88/100|[from] Sandstorm
|upkeep
|turn|16
|inactive|yyetu5678 has 120 seconds left.
|
|t:|1760857834
|move|p1a: Salazzle|Toxic|p2a: Lapras
|-status|p2a: Lapras|tox
|move|p2a: Lapras|Surf|p1a: Salazzle
|-supereffective|p1a: Salazzle
|-damage|p1a: Salazzle|0 fnt
|faint|p1a: Salazzle
|
|-weather|Sandstorm|[upkeep]
|-damage|p2a: Lapras|82/100 tox|[from] Sandstorm
|-damage|p2a: Lapras|76/100 tox|[from] psn
|-sideend|p1: yyetu5678|move: Light Screen
|upkeep
|inactive|yyetu5678 has 120 seconds left.
|
|t:|1760857846
|switch|p1a: Alomomola|Alomomola, F|76/100 par
|turn|17
|
|t:|1760857851
|move|p2a: Lapras|Surf|p1a: Alomomola
|-resisted|p1a: Alomomola
|-damage|p1a: Alomomola|52/100 par
|move|p1a: Alomomola|Light Screen|p1a: Alomomola
|-sidestart|p1: yyetu5678|move: Light Screen
|
|-weather|Sandstorm|[upkeep]
|-damage|p2a: Lapras|70/100 tox|[from] Sandstorm
|-damage|p1a: Alomomola|46/100 par|[from] Sandstorm
|-damage|p2a: Lapras|58/100 tox|[from] psn
|upkeep
|turn|18
|l|☆spookyaudrey
|inactive|spookyaudrey disconnected and has a minute to reconnect!
|player|p2|
|inactive|spookyaudrey has 30 seconds to reconnect!
|inactive|spookyaudrey has 20 seconds to reconnect!
|inactive|spookyaudrey has 15 seconds to reconnect!
|inactive|spookyaudrey has 10 seconds to reconnect!
|inactive|spookyaudrey has 5 seconds to reconnect!
|-message|spookyaudrey lost due to inactivity.
|
|win|yyetu5678
|raw|yyetu5678's rating: 1112 &rarr; <strong>1133</strong><br />(+21 for winning)
|raw|spookyaudrey's rating: 1063 &rarr; <strong>1046</strong><br />(-17 for losing)
|l|☆yyetu5678
|player|p1|
