|j|☆Fullmelmetal101
|j|☆Lady_Ikiri
|t:|1760756082
|gametype|singles
|player|p1|Fullmelmetal101|plasmagrunt-gen5bw|1135
|player|p2|Lady_Ikiri|skierf|1149
|gen|9
|tier|[Gen 9] OU
|rated|
|rule|HP Percentage Mod: HP is shown in percentages
|rule|Endless Battle Clause: Forcing endless battles is banned
|rule|Species Clause: Limit one of each Pokémon
|rule|OHKO Clause: OHKO moves are banned
|rule|Evasion Items Clause: Evasion items are banned
|rule|Evasion Moves Clause: Evasion moves are banned
|rule|Evasion Abilities Clause: Evasion abilities are banned
|rule|Sleep Moves Clause: Sleep-inducing moves are banned
|clearpoke
|poke|p1|Garganacl, M|
|poke|p1|Glimmora, F|
|poke|p1|Weezing-Galar, M|
|poke|p1|Regice|
|poke|p1|Slowking-Galar, F|
|poke|p1|Volcanion|
|poke|p2|Lokix, M|
|poke|p2|Iron Jugulis|
|poke|p2|Whimsicott, F|
|poke|p2|Toxapex, F|
|poke|p2|Ninetales-Alola, M|
|poke|p2|Tauros-Paldea-Aqua, M|
|teampreview
|inactive|Battle timer is ON: inactive players will automatically lose when time's up. (requested by Lady_Ikiri)
|
|t:|1760756091
|teamsize|p1|6
|teamsize|p2|6
|start
|switch|p1a: Glimmora|Glimmora, F, shiny|100/100
|switch|p2a: Tauros|Tauros-Paldea-Aqua, M|100/100
|-item|p1a: Glimmora|Air Balloon
|-ability|p2a: Tauros|Intimidate|boost
|-unboost|p1a: Glimmora|atk|1
|turn|1
|
|t:|1760756107
|switch|p1a: Volcanion|Volcanion|100/100
|move|p2a: Tauros|Raging Bull|p1a: Volcanion
|-immune|p1a: Volcanion|[from] ability: Water Absorb
|
|upkeep
|turn|2
|
|t:|1760756118
|move|p2a: Tauros|Earthquake|p1a: Volcanion
|-supereffective|p1a: Volcanion
|-damage|p1a: Volcanion|48/100
|move|p1a: Volcanion|Sludge Wave|p2a: Tauros
|-damage|p2a: Tauros|70/100
|
|upkeep
|turn|3
|inactive|Fullmelmetal101 has 120 seconds left.
|
|t:|1760756149
|switch|p1a: Garganacl|Garganacl, M, shiny|100/100
|move|p2a: Tauros|Earthquake|p1a: Garganacl
|-supereffective|p1a: Garganacl
|-damage|p1a: Garganacl|62/100
|
|-heal|p1a: Garganacl|69/100|[from] item: Leftovers
|upkeep
|turn|4
|inactive|Fullmelmetal101 has 120 seconds left.
|
|t:|1760756161
|-terastallize|p1a: Garganacl|Ghost
|move|p2a: Tauros|Raging Bull|p1a: Garganacl
|-damage|p1a: Garganacl|42/100
|move|p1a: Garganacl|Salt Cure|p2a: Tauros
|-resisted|p2a: Tauros
|-damage|p2a: Tauros|64/100
|-start|p2a: Tauros|Salt Cure
|
|-heal|p1a: Garganacl|49/100|[from] item: Leftovers
|-damage|p2a: Tauros|40/100|[from] Salt Cure
|upkeep
|turn|5
|inactive|Fullmelmetal101 has 120 seconds left.
|inactive|Lady_Ikiri has 120 seconds left.
|
|t:|1760756193
|switch|p2a: Arrogate|Lokix, M|100/100
|move|p1a: Garganacl|Recover|p1a: Garganacl
|-heal|p1a: Garganacl|99/100
|
|-heal|p1a: Garganacl|100/100|[from] item: Leftovers
|upkeep
|turn|6
|inactive|Fullmelmetal101 has 120 seconds left.
|
|t:|1760756202
|move|p1a: Garganacl|Protect|p1a: Garganacl
|-singleturn|p1a: Garganacl|Protect
|move|p2a: Arrogate|Sucker Punch||[still]
|-fail|p2a: Arrogate
|
|upkeep
|turn|7
|inactive|Fullmelmetal101 has 120 seconds left.
|
|t:|1760756213
|move|p2a: Arrogate|Knock Off|p1a: Garganacl
|-supereffective|p1a: Garganacl
|-damage|p1a: Garganacl|18/100
|-enditem|p1a: Garganacl|Leftovers|[from] move: Knock Off|[of] p2a: Arrogate
|-damage|p2a: Arrogate|91/100|[from] item: Life Orb
|move|p1a: Garganacl|Salt Cure|p2a: Arrogate
|-supereffective|p2a: Arrogate
|-damage|p2a: Arrogate|56/100
|-start|p2a: Arrogate|Salt Cure
|
|-damage|p2a: Arrogate|44/100|[from] Salt Cure
|upkeep
|turn|8
|inactive|Fullmelmetal101 has 120 seconds left.
|
|t:|1760756225
|move|p1a: Garganacl|Protect|p1a: Garganacl
|-singleturn|p1a: Garganacl|Protect
|move|p2a: Arrogate|Knock Off|p1a: Garganacl
|-activate|p1a: Garganacl|move: Protect
|
|-damage|p2a: Arrogate|31/100|[from] Salt Cure
|upkeep
|turn|9
|inactive|Fullmelmetal101 has 120 seconds left.
|
|t:|1760756251
|switch|p1a: Weezing|Weezing-Galar, M, shiny|100/100
|-ability|p1a: Weezing|Neutralizing Gas
|move|p2a: Arrogate|Knock Off|p1a: Weezing
|-resisted|p1a: Weezing
|-damage|p1a: Weezing|74/100
|-enditem|p1a: Weezing|Leftovers|[from] move: Knock Off|[of] p2a: Arrogate
|-damage|p2a: Arrogate|21/100|[from] item: Life Orb
|
|-damage|p2a: Arrogate|9/100|[from] Salt Cure
|upkeep
|turn|10
|
|t:|1760756273
|switch|p2a: Tauros|Tauros-Paldea-Aqua, M|40/100
|move|p1a: Weezing|Clear Smog|p2a: Tauros
|-damage|p2a: Tauros|26/100
|-clearboost|p2a: Tauros
|
|upkeep
|turn|11
|
|t:|1760756287
|-terastallize|p2a: Tauros|Ground
|move|p2a: Tauros|Earthquake|p1a: Weezing
|-supereffective|p1a: Weezing
|-damage|p1a: Weezing|0 fnt
|faint|p1a: Weezing
|-end|p1a: Weezing|ability: Neutralizing Gas
|
|upkeep
|inactive|Fullmelmetal101 has 90 seconds left.
|
|t:|1760756304
|switch|p1a: Slowking|Slowking-Galar, F, shiny|100/100
|turn|12
|inactive|Fullmelmetal101 has 90 seconds left.
|
|t:|1760756312
|move|p1a: Slowking|Protect|p1a: Slowking
|-singleturn|p1a: Slowking|Protect
|move|p2a: Tauros|Earthquake|p1a: Slowking
|-activate|p1a: Slowking|move: Protect
|
|upkeep
|turn|13
|
|t:|1760756319
|move|p2a: Tauros|Earthquake|p1a: Slowking
|-supereffective|p1a: Slowking
|-damage|p1a: Slowking|27/100
|-prepare|p1a: Slowking|Chilly Reception|[premajor]
|move|p1a: Slowking|Chilly Reception|p1a: Slowking
|-weather|Snowscape
|inactive|Fullmelmetal101 has 90 seconds left.
|
|t:|1760756330
|switch|p1a: Regice|Regice, shiny|100/100|[from] Chilly Reception
|
|-weather|Snowscape|[upkeep]
|upkeep
|turn|14
|inactive|Fullmelmetal101 has 90 seconds left.
|
|t:|1760756345
|switch|p2a: Toxapex|Toxapex, F|100/100
|move|p1a: Regice|Avalanche|p2a: Toxapex
|-resisted|p2a: Toxapex
|-damage|p2a: Toxapex|94/100
|
|-weather|Snowscape|[upkeep]
|-heal|p2a: Toxapex|99/100|[from] item: Black Sludge
|upkeep
|turn|15
|inactive|Fullmelmetal101 has 90 seconds left.
|
|t:|1760756357
|switch|p1a: Glimmora|Glimmora, F, shiny|100/100
|-item|p1a: Glimmora|Air Balloon
|move|p2a: Toxapex|Toxic Spikes|p1a: Glimmora
|-sidestart|p1: Fullmelmetal101|move: Toxic Spikes
|
|-weather|Snowscape|[upkeep]
|-heal|p2a: Toxapex|100/100|[from] item: Black Sludge
|upkeep
|turn|16
|
|t:|1760756366
|move|p1a: Glimmora|Toxic|p2a: Toxapex
|-status|p2a: Toxapex|tox
|move|p2a: Toxapex|Hex|p1a: Glimmora
|-damage|p1a: Glimmora|84/100
|-enditem|p1a: Glimmora|Air Balloon
|
|-weather|Snowscape|[upkeep]
|-damage|p2a: Toxapex|94/100 tox|[from] psn
|upkeep
|turn|17
|
|t:|1760756395
|switch|p2a: Whimsicott|Whimsicott, F|100/100
|move|p1a: Glimmora|Stealth Rock|p2a: Whimsicott
|-sidestart|p2: Lady_Ikiri|move: Stealth Rock
|
|-weather|Snowscape|[upkeep]
|upkeep
|turn|18
|inactive|Fullmelmetal101 has 90 seconds left.
|
|t:|1760756419
|move|p2a: Whimsicott|Stun Spore|p1a: Glimmora
|-status|p1a: Glimmora|par
|cant|p1a: Glimmora|par
|
|-weather|Snowscape|[upkeep]
|upkeep
|turn|19
|inactive|Fullmelmetal101 has 90 seconds left.
|
|t:|1760756428
|switch|p2a: Tauros|Tauros-Paldea-Aqua, M, tera:Ground|26/100
|-damage|p2a: Tauros|20/100|[from] Stealth Rock
|-ability|p2a: Tauros|Intimidate|boost
|-unboost|p1a: Glimmora|atk|1
|cant|p1a: Glimmora|par
|
|-weather|Snowscape|[upkeep]
|upkeep
|turn|20
|
|t:|1760756438
|move|p1a: Glimmora|Spiky Shield|p1a: Glimmora
|-singleturn|p1a: Glimmora|move: Protect
|move|p2a: Tauros|Earthquake|p1a: Glimmora
|-activate|p1a: Glimmora|move: Protect
|
|-weather|none
|upkeep
|turn|21
|inactive|Fullmelmetal101 has 90 seconds left.
|
|t:|1760756458
|move|p2a: Tauros|Earthquake|p1a: Glimmora
|-supereffective|p1a: Glimmora
|-damage|p1a: Glimmora|0 fnt
|faint|p1a: Glimmora
|
|upkeep
|
|t:|1760756465
|switch|p1a: Slowking|Slowking-Galar, F, shiny|60/100
|-sideend|p1: Fullmelmetal101|move: Toxic Spikes|[of] p1a: Slowking
|turn|22
|inactive|Fullmelmetal101 has 90 seconds left.
|
|t:|1760756475
|move|p2a: Tauros|Earthquake|p1a: Slowking
|-supereffective|p1a: Slowking
|-damage|p1a: Slowking|0 fnt
|faint|p1a: Slowking
|
|upkeep
|
|t:|1760756486
|switch|p1a: Regice|Regice, shiny|100/100
|turn|23
|
|t:|1760756493
|move|p2a: Tauros|Earthquake|p1a: Regice
|-damage|p1a: Regice|53/100
|move|p1a: Regice|Avalanche|p2a: Tauros
|-supereffective|p2a: Tauros
|-damage|p2a: Tauros|0 fnt
|faint|p2a: Tauros
|
|-heal|p1a: Regice|59/100|[from] item: Leftovers
|upkeep
|
|t:|1760756522
|switch|p2a: Ninetales|Ninetales-Alola, M|100/100
|-damage|p2a: Ninetales|75/100|[from] Stealth Rock
|-weather|Snowscape|[from] ability: Snow Warning|[of] p2a: Ninetales
|turn|24
|inactive|Fullmelmetal101 has 90 seconds left.
|
|t:|1760756536
|move|p2a: Ninetales|Moonblast|p1a: Regice
|-damage|p1a: Regice|40/100
|move|p1a: Regice|Curse|p1a: Regice
|-unboost|p1a: Regice|spe|1
|-boost|p1a: Regice|atk|1
|-boost|p1a: Regice|def|1
|
|-weather|Snowscape|[upkeep]
|-heal|p1a: Regice|46/100|[from] ability: Ice Body
|-heal|p1a: Regice|52/100|[from] item: Leftovers
|upkeep
|turn|25
|inactive|Fullmelmetal101 has 90 seconds left.
|
|t:|1760756557
|switch|p2a: Whimsicott|Whimsicott, F|100/100
|-damage|p2a: Whimsicott|88/100|[from] Stealth Rock
|move|p1a: Regice|Curse|p1a: Regice
|-unboost|p1a: Regice|spe|1
|-boost|p1a: Regice|atk|1
|-boost|p1a: Regice|def|1
|
|-weather|Snowscape|[upkeep]
|-heal|p1a: Regice|58/100|[from] ability: Ice Body
|-heal|p1a: Regice|64/100|[from] item: Leftovers
|upkeep
|turn|26
|
|t:|1760756578
|move|p2a: Whimsicott|Encore|p1a: Regice
|-start|p1a: Regice|Encore
|move|p1a: Regice|Curse|p1a: Regice
|-unboost|p1a: Regice|spe|1
|-boost|p1a: Regice|atk|1
|-boost|p1a: Regice|def|1
|
|-weather|Snowscape|[upkeep]
|-heal|p1a: Regice|70/100|[from] ability: Ice Body
|-heal|p1a: Regice|76/100|[from] item: Leftovers
|upkeep
|turn|27
|
|t:|1760756590
|switch|p2a: Iron Jugulis|Iron Jugulis|100/100
|-damage|p2a: Iron Jugulis|76/100|[from] Stealth Rock
|-enditem|p2a: Iron Jugulis|Booster Energy
|-activate|p2a: Iron Jugulis|ability: Quark Drive|[fromitem]
|-start|p2a: Iron Jugulis|quarkdrivespa
|move|p1a: Regice|Curse|p1a: Regice
|-unboost|p1a: Regice|spe|1
|-boost|p1a: Regice|atk|1
|-boost|p1a: Regice|def|1
|
|-weather|Snowscape|[upkeep]
|-heal|p1a: Regice|82/100|[from] ability: Ice Body
|-heal|p1a: Regice|88/100|[from] item: Leftovers
|upkeep
|turn|28
|
|t:|1760756604
|move|p2a: Iron Jugulis|Flamethrower|p1a: Regice
|-supereffective|p1a: Regice
|-damage|p1a: Regice|49/100
|move|p1a: Regice|Curse|p1a: Regice
|-unboost|p1a: Regice|spe|1
|-boost|p1a: Regice|atk|1
|-boost|p1a: Regice|def|1
|
|-weather|none
|-heal|p1a: Regice|55/100|[from] item: Leftovers
|-end|p1a: Regice|Encore
|upkeep
|turn|29
|
|t:|1760756624
|move|p2a: Iron Jugulis|Flamethrower|p1a: Regice
|-supereffective|p1a: Regice
|-damage|p1a: Regice|13/100
|move|p1a: Regice|Body Press|p2a: Iron Jugulis
|-damage|p2a: Iron Jugulis|0 fnt
|faint|p2a: Iron Jugulis
|-end|p2a: Iron Jugulis|Quark Drive|[silent]
|
|-heal|p1a: Regice|19/100|[from] item: Leftovers
|upkeep
|
|t:|1760756634
|switch|p2a: Arrogate|Lokix, M|9/100
|-damage|p2a: Arrogate|0 fnt|[from] Stealth Rock
|faint|p2a: Arrogate
|inactive|Lady_Ikiri has 120 seconds left.
|
|t:|1760756647
|switch|p2a: Ninetales|Ninetales-Alola, M|75/100
|-damage|p2a: Ninetales|50/100|[from] Stealth Rock
|-weather|Snowscape|[from] ability: Snow Warning|[of] p2a: Ninetales
|turn|30
|
|t:|1760756658
|move|p2a: Ninetales|Moonblast|p1a: Regice
|-damage|p1a: Regice|1/100
|move|p1a: Regice|Earthquake|p2a: Ninetales
|-crit|p2a: Ninetales
|-damage|p2a: Ninetales|0 fnt
|faint|p2a: Ninetales
|
|-weather|Snowscape|[upkeep]
|-heal|p1a: Regice|7/100|[from] ability: Ice Body
|-heal|p1a: Regice|13/100|[from] item: Leftovers
|upkeep
|inactive|Lady_Ikiri has 120 seconds left.
|
|t:|1760756669
|switch|p2a: Toxapex|Toxapex, F|94/100 tox
|-damage|p2a: Toxapex|82/100 tox|[from] Stealth Rock
|turn|31
|
|t:|1760756686
|move|p2a: Toxapex|Venoshock|p1a: Regice
|-damage|p1a: Regice|1/100
|move|p1a: Regice|Earthquake|p2a: Toxapex
|-supereffective|p2a: Toxapex
|-damage|p2a: Toxapex|0 fnt
|faint|p2a: Toxapex
|
|-weather|Snowscape|[upkeep]
|-heal|p1a: Regice|7/100|[from] ability: Ice Body
|-heal|p1a: Regice|13/100|[from] item: Leftovers
|upkeep
|-message|Lady_Ikiri forfeited.
|
|win|Fullmelmetal101
|raw|Fullmelmetal101's rating: 1135 &rarr; <strong>1161</strong><br />(+26 for winning)
|raw|Lady_Ikiri's rating: 1149 &rarr; <strong>1123</strong><br />(-26 for losing)
|l|☆Lady_Ikiri
|player|p2|
|l|☆Fullmelmetal101
|player|p1|
