|j|☆Kianchimchar
|j|☆MicrowaveHeart
|t:|1760740725
|gametype|singles
|player|p1|Kianchimchar|169|1663
|player|p2|MicrowaveHeart|workerice|1677
|gen|9
|tier|[Gen 9] OU
|rated|
|rule|HP Percentage Mod: HP is shown in percentages
|rule|Endless Battle Clause: Forcing endless battles is banned
|rule|Species Clause: Limit one of each Pokémon
|rule|OHKO Clause: OHKO moves are banned
|rule|Evasion Items Clause: Evasion items are banned
|rule|Evasion Moves Clause: Evasion moves are banned
|rule|Evasion Abilities Clause: Evasion abilities are banned
|rule|Sleep Moves Clause: Sleep-inducing moves are banned
|clearpoke
|poke|p1|Dragonite, F|
|poke|p1|Deoxys-Speed|
|poke|p1|Scizor, M|
|poke|p1|Kyurem|
|poke|p1|Zoroark-Hisui, F|
|poke|p1|Zapdos|
|poke|p2|Gholdengo|
|poke|p2|Incineroar, M|
|poke|p2|Ogerpon-Wellspring, F|
|poke|p2|Iron Treads|
|poke|p2|Tornadus-Therian, M|
|poke|p2|Mamoswine, F|
|teampreview
|
|t:|1760740736
|teamsize|p1|6
|teamsize|p2|6
|start
|switch|p1a: Scizor|Scizor, M, shiny|100/100
|switch|p2a: Tornadus|Tornadus-Therian, M|100/100
|turn|1
|
|t:|1760740745
|move|p2a: Tornadus|Knock Off|p1a: Scizor
|-supereffective|p1a: Scizor
|-damage|p1a: Scizor|15/100
|replace|p1a: Zoroark|Zoroark-Hisui, F
|-end|p1a: Zoroark|Illusion
|-enditem|p1a: Zoroark|Focus Sash|[from] move: Knock Off|[of] p2a: Tornadus
|move|p1a: Zoroark|Hyper Voice|p2a: Tornadus
|-damage|p2a: Tornadus|71/100
|
|upkeep
|turn|2
|j| blurrycat
|
|t:|1760740754
|switch|p1a: Zapdos|Zapdos|100/100
|move|p2a: Tornadus|Knock Off|p1a: Zapdos
|-damage|p1a: Zapdos|86/100
|-enditem|p1a: Zapdos|Heavy-Duty Boots|[from] move: Knock Off|[of] p2a: Tornadus
|
|upkeep
|turn|3
|
|t:|1760740762
|switch|p2a: Iron Treads|Iron Treads|100/100
|switch|p1a: Scizor|Scizor, M, shiny|15/100
|
|upkeep
|turn|4
|j| gronwar
|
|t:|1760740775
|-end|p2a: Iron Treads|Quark Drive|[silent]
|switch|p2a: Tornadus|Tornadus-Therian, M|100/100
|move|p1a: Scizor|Flamethrower|p2a: Tornadus
|-damage|p2a: Tornadus|82/100
|-status|p2a: Tornadus|brn
|
|-damage|p2a: Tornadus|76/100 brn|[from] brn
|upkeep
|turn|5
|inactive|Battle timer is ON: inactive players will automatically lose when time's up. (requested by Kianchimchar)
|
|t:|1760740789
|move|p2a: Tornadus|Bleakwind Storm|p1a: Scizor
|-damage|p1a: Scizor|0 fnt
|replace|p1a: Zoroark|Zoroark-Hisui, F
|-end|p1a: Zoroark|Illusion
|faint|p1a: Zoroark
|
|-damage|p2a: Tornadus|70/100 brn|[from] brn
|upkeep
|
|t:|1760740797
|switch|p1a: Kyurem|Kyurem|100/100
|-ability|p1a: Kyurem|Pressure
|turn|6
|
|t:|1760740803
|move|p2a: Tornadus|Knock Off|p1a: Kyurem
|-damage|p1a: Kyurem|91/100
|-enditem|p1a: Kyurem|Focus Sash|[from] move: Knock Off|[of] p2a: Tornadus
|move|p1a: Kyurem|Roar|p2a: Tornadus
|drag|p2a: Gholdengo|Gholdengo|100/100
|
|upkeep
|turn|7
|j| just-jaype
|
|t:|1760740813
|move|p1a: Kyurem|Earth Power|p2a: Gholdengo
|-supereffective|p2a: Gholdengo
|-damage|p2a: Gholdengo|37/100
|move|p2a: Gholdengo|Make It Rain|p1a: Kyurem
|-supereffective|p1a: Kyurem
|-damage|p1a: Kyurem|0 fnt
|-unboost|p2a: Gholdengo|spa|1
|faint|p1a: Kyurem
|
|-heal|p2a: Gholdengo|43/100|[from] item: Leftovers
|upkeep
|
|t:|1760740819
|switch|p1a: one man army|Dragonite, F, shiny|100/100
|turn|8
|
|t:|1760740831
|switch|p2a: Incineroar|Incineroar, M|100/100
|-ability|p2a: Incineroar|Intimidate|boost
|-unboost|p1a: one man army|atk|1
|move|p1a: one man army|Dragon Dance|p1a: one man army
|-boost|p1a: one man army|atk|1
|-boost|p1a: one man army|spe|1
|
|upkeep
|turn|9
|
|t:|1760740841
|move|p1a: one man army|Dragon Dance|p1a: one man army
|-boost|p1a: one man army|atk|1
|-boost|p1a: one man army|spe|1
|move|p2a: Incineroar|Will-O-Wisp|p1a: one man army
|-status|p1a: one man army|brn
|
|-damage|p1a: one man army|94/100 brn|[from] brn
|upkeep
|turn|10
|
|t:|1760740850
|move|p1a: one man army|Encore|p2a: Incineroar
|-start|p2a: Incineroar|Encore
|move|p2a: Incineroar|Will-O-Wisp|p1a: one man army
|-fail|p1a: one man army|brn
|
|-heal|p1a: one man army|100/100 brn|[from] item: Leftovers
|-damage|p1a: one man army|94/100 brn|[from] brn
|upkeep
|turn|11
|
|t:|1760740859
|switch|p2a: Tornadus|Tornadus-Therian, M|100/100 brn
|move|p1a: one man army|Dragon Dance|p1a: one man army
|-boost|p1a: one man army|atk|1
|-boost|p1a: one man army|spe|1
|
|-heal|p1a: one man army|100/100 brn|[from] item: Leftovers
|-damage|p1a: one man army|94/100 brn|[from] brn
|-damage|p2a: Tornadus|94/100 brn|[from] brn
|upkeep
|turn|12
|j| Nikator98
|
|t:|1760740867
|switch|p2a: Incineroar|Incineroar, M|100/100
|-ability|p2a: Incineroar|Intimidate|boost
|-unboost|p1a: one man army|atk|1
|move|p1a: one man army|Dragon Dance|p1a: one man army
|-boost|p1a: one man army|atk|1
|-boost|p1a: one man army|spe|1
|
|-heal|p1a: one man army|100/100 brn|[from] item: Leftovers
|-damage|p1a: one man army|94/100 brn|[from] brn
|upkeep
|turn|13
|
|t:|1760740878
|move|p1a: one man army|Low Kick|p2a: Incineroar
|-supereffective|p2a: Incineroar
|-damage|p2a: Incineroar|63/100
|move|p2a: Incineroar|Parting Shot|p1a: one man army
|-unboost|p1a: one man army|atk|1
|-unboost|p1a: one man army|spa|1
|
|t:|1760740885
|switch|p2a: Mamoswine|Mamoswine, F, shiny|100/100|[from] Parting Shot
|
|-heal|p1a: one man army|100/100 brn|[from] item: Leftovers
|-damage|p1a: one man army|94/100 brn|[from] brn
|upkeep
|turn|14
|
|t:|1760740889
|-terastallize|p1a: one man army|Ghost
|move|p1a: one man army|Low Kick|p2a: Mamoswine
|-supereffective|p2a: Mamoswine
|-crit|p2a: Mamoswine
|-damage|p2a: Mamoswine|2/100
|move|p2a: Mamoswine|Icicle Crash|p1a: one man army
|-damage|p1a: one man army|47/100 brn
|
|-heal|p1a: one man army|53/100 brn|[from] item: Leftovers
|-damage|p1a: one man army|47/100 brn|[from] brn
|upkeep
|turn|15
|
|t:|1760740898
|move|p2a: Mamoswine|Ice Shard|p1a: one man army
|-damage|p1a: one man army|21/100 brn
|move|p1a: one man army|Tera Blast|p2a: Mamoswine|[anim] Tera Blast Ghost
|-damage|p2a: Mamoswine|0 fnt
|faint|p2a: Mamoswine
|
|-heal|p1a: one man army|27/100 brn|[from] item: Leftovers
|-damage|p1a: one man army|21/100 brn|[from] brn
|upkeep
|
|t:|1760740908
|switch|p2a: Incineroar|Incineroar, M|63/100
|-ability|p2a: Incineroar|Intimidate|boost
|-unboost|p1a: one man army|atk|1
|turn|16
|
|t:|1760740916
|move|p1a: one man army|Low Kick|p2a: Incineroar
|-supereffective|p2a: Incineroar
|-damage|p2a: Incineroar|44/100
|move|p2a: Incineroar|Knock Off|p1a: one man army
|-supereffective|p1a: one man army
|-damage|p1a: one man army|0 fnt
|-enditem|p1a: one man army|Leftovers|[from] move: Knock Off|[of] p2a: Incineroar
|faint|p1a: one man army
|
|upkeep
|
|t:|1760740929
|switch|p1a: Zapdos|Zapdos|86/100
|turn|17
|
|t:|1760740936
|switch|p1a: Scizor|Scizor, M, shiny|100/100
|switch|p2a: Iron Treads|Iron Treads|100/100
|
|upkeep
|turn|18
|
|t:|1760740944
|move|p2a: Iron Treads|Knock Off|p1a: Scizor
|-damage|p1a: Scizor|75/100
|-damage|p2a: Iron Treads|84/100|[from] item: Rocky Helmet|[of] p1a: Scizor
|-enditem|p1a: Scizor|Rocky Helmet|[from] move: Knock Off|[of] p2a: Iron Treads
|move|p1a: Scizor|Swords Dance|p1a: Scizor
|-boost|p1a: Scizor|atk|2
|
|-heal|p2a: Iron Treads|90/100|[from] item: Leftovers
|upkeep
|turn|19
|
|t:|1760740960
|move|p2a: Iron Treads|Earthquake|p1a: Scizor
|-damage|p1a: Scizor|33/100
|move|p1a: Scizor|Knock Off|p2a: Iron Treads
|-damage|p2a: Iron Treads|30/100
|-enditem|p2a: Iron Treads|Leftovers|[from] move: Knock Off|[of] p1a: Scizor
|
|upkeep
|turn|20
|
|t:|1760740974
|move|p1a: Scizor|Bullet Punch|p2a: Iron Treads
|-resisted|p2a: Iron Treads
|-damage|p2a: Iron Treads|5/100
|move|p2a: Iron Treads|Earthquake|p1a: Scizor
|-damage|p1a: Scizor|0 fnt
|faint|p1a: Scizor
|
|upkeep
|
|t:|1760740977
|switch|p1a: Deoxys|Deoxys-Speed, shiny|100/100
|-ability|p1a: Deoxys|Pressure
|turn|21
|
|t:|1760740988
|move|p1a: Deoxys|Ice Beam|p2a: Iron Treads
|-damage|p2a: Iron Treads|0 fnt
|faint|p2a: Iron Treads
|-end|p2a: Iron Treads|Quark Drive|[silent]
|
|upkeep
|
|t:|1760740999
|switch|p2a: Gholdengo|Gholdengo|43/100
|turn|22
|
|t:|1760741002
|move|p1a: Deoxys|Knock Off|p2a: Gholdengo
|-supereffective|p2a: Gholdengo
|-damage|p2a: Gholdengo|17/100
|-enditem|p2a: Gholdengo|Leftovers|[from] move: Knock Off|[of] p1a: Deoxys
|move|p2a: Gholdengo|Recover|p2a: Gholdengo
|-heal|p2a: Gholdengo|67/100
|
|upkeep
|turn|23
|
|t:|1760741013
|move|p1a: Deoxys|Stealth Rock|p2a: Gholdengo
|-sidestart|p2: MicrowaveHeart|move: Stealth Rock
|move|p2a: Gholdengo|Recover|p2a: Gholdengo
|-heal|p2a: Gholdengo|100/100
|
|upkeep
|turn|24
|
|t:|1760741018
|move|p1a: Deoxys|Knock Off|p2a: Gholdengo
|-supereffective|p2a: Gholdengo
|-damage|p2a: Gholdengo|83/100
|move|p2a: Gholdengo|Hex|p1a: Deoxys
|-supereffective|p1a: Deoxys
|-damage|p1a: Deoxys|25/100
|
|upkeep
|turn|25
|l| just-jaype
|
|t:|1760741022
|switch|p1a: Zapdos|Zapdos|86/100
|move|p2a: Gholdengo|Hex|p1a: Zapdos
|-damage|p1a: Zapdos|56/100
|
|upkeep
|turn|26
|
|t:|1760741037
|move|p1a: Zapdos|Roost|p1a: Zapdos
|-heal|p1a: Zapdos|100/100
|-singleturn|p1a: Zapdos|move: Roost
|move|p2a: Gholdengo|Hex|p1a: Zapdos
|-damage|p1a: Zapdos|74/100
|
|upkeep
|turn|27
|
|t:|1760741042
|move|p1a: Zapdos|Brave Bird|p2a: Gholdengo
|-resisted|p2a: Gholdengo
|-damage|p2a: Gholdengo|71/100
|-damage|p1a: Zapdos|70/100|[from] Recoil
|move|p2a: Gholdengo|Hex|p1a: Zapdos
|-damage|p1a: Zapdos|44/100
|
|upkeep
|turn|28
|
|t:|1760741045
|switch|p2a: Incineroar|Incineroar, M|44/100
|-ability|p2a: Incineroar|Intimidate|boost
|-unboost|p1a: Zapdos|atk|1
|move|p1a: Zapdos|Roost|p1a: Zapdos
|-heal|p1a: Zapdos|94/100
|-singleturn|p1a: Zapdos|move: Roost
|
|upkeep
|turn|29
|
|t:|1760741048
|move|p1a: Zapdos|Thunder Wave|p2a: Incineroar
|-status|p2a: Incineroar|par
|move|p2a: Incineroar|Will-O-Wisp|p1a: Zapdos
|-status|p1a: Zapdos|brn
|
|-damage|p1a: Zapdos|88/100 brn|[from] brn
|upkeep
|turn|30
|
|t:|1760741056
|move|p1a: Zapdos|Brave Bird|p2a: Incineroar
|-damage|p2a: Incineroar|36/100 par
|-damage|p1a: Zapdos|85/100 brn|[from] Recoil
|move|p2a: Incineroar|Flare Blitz|p1a: Zapdos
|-damage|p1a: Zapdos|50/100 brn
|-damage|p2a: Incineroar|25/100 par|[from] Recoil
|
|-damage|p1a: Zapdos|44/100 brn|[from] brn
|upkeep
|turn|31
|
|t:|1760741069
|move|p1a: Zapdos|Roost|p1a: Zapdos
|-heal|p1a: Zapdos|94/100 brn
|-singleturn|p1a: Zapdos|move: Roost
|cant|p2a: Incineroar|par
|
|-damage|p1a: Zapdos|88/100 brn|[from] brn
|upkeep
|turn|32
|
|t:|1760741081
|move|p1a: Zapdos|Volt Switch|p2a: Incineroar
|-damage|p2a: Incineroar|0 fnt
|faint|p2a: Incineroar
|
|t:|1760741082
|switch|p1a: Deoxys|Deoxys-Speed, shiny|25/100|[from] Volt Switch
|-ability|p1a: Deoxys|Pressure
|
|upkeep
|
|t:|1760741093
|switch|p2a: Gholdengo|Gholdengo|71/100
|-damage|p2a: Gholdengo|65/100|[from] Stealth Rock
|turn|33
|
|t:|1760741095
|move|p1a: Deoxys|Knock Off|p2a: Gholdengo
|-supereffective|p2a: Gholdengo
|-damage|p2a: Gholdengo|46/100
|move|p2a: Gholdengo|Hex|p1a: Deoxys
|-supereffective|p1a: Deoxys
|-damage|p1a: Deoxys|0 fnt
|faint|p1a: Deoxys
|
|upkeep
|
|t:|1760741097
|switch|p1a: Zapdos|Zapdos|88/100 brn
|turn|34
|
|t:|1760741098
|move|p1a: Zapdos|Volt Switch|p2a: Gholdengo
|-damage|p2a: Gholdengo|18/100
|move|p2a: Gholdengo|Hex|p1a: Zapdos
|-damage|p1a: Zapdos|32/100 brn
|
|-damage|p1a: Zapdos|26/100 brn|[from] brn
|upkeep
|turn|35
|
|t:|1760741105
|move|p1a: Zapdos|Roost|p1a: Zapdos
|-heal|p1a: Zapdos|76/100 brn
|-singleturn|p1a: Zapdos|move: Roost
|move|p2a: Gholdengo|Recover|p2a: Gholdengo
|-heal|p2a: Gholdengo|68/100
|
|-damage|p1a: Zapdos|70/100 brn|[from] brn
|upkeep
|turn|36
|
|t:|1760741108
|move|p1a: Zapdos|Volt Switch|p2a: Gholdengo
|-damage|p2a: Gholdengo|39/100
|move|p2a: Gholdengo|Hex|p1a: Zapdos
|-damage|p1a: Zapdos|17/100 brn
|
|-damage|p1a: Zapdos|11/100 brn|[from] brn
|upkeep
|turn|37
|
|t:|1760741111
|move|p1a: Zapdos|Roost|p1a: Zapdos
|-heal|p1a: Zapdos|61/100 brn
|-singleturn|p1a: Zapdos|move: Roost
|move|p2a: Gholdengo|Hex|p1a: Zapdos
|-damage|p1a: Zapdos|6/100 brn
|
|-damage|p1a: Zapdos|0 fnt|[from] brn
|faint|p1a: Zapdos
|
|win|MicrowaveHeart
|raw|Kianchimchar's rating: 1663 &rarr; <strong>1644</strong><br />(-19 for losing)
|raw|MicrowaveHeart's rating: 1677 &rarr; <strong>1696</strong><br />(+19 for winning)
|l|☆MicrowaveHeart
|player|p2|
|l|☆Kianchimchar
|player|p1|
|l| Nikator98
