|j|☆SpongeGar & Patar
|j|☆MicrowaveHeart
|t:|1760832057
|gametype|singles
|player|p1|SpongeGar & Patar|101|1738
|player|p2|MicrowaveHeart|workerice|1668
|gen|9
|tier|[Gen 9] OU
|rated|
|rule|HP Percentage Mod: HP is shown in percentages
|rule|Endless Battle Clause: Forcing endless battles is banned
|rule|Species Clause: Limit one of each Pokémon
|rule|OHKO Clause: OHKO moves are banned
|rule|Evasion Items Clause: Evasion items are banned
|rule|Evasion Moves Clause: Evasion moves are banned
|rule|Evasion Abilities Clause: Evasion abilities are banned
|rule|Sleep Moves Clause: Sleep-inducing moves are banned
|clearpoke
|poke|p1|Kyurem|
|poke|p1|Corviknight, F|
|poke|p1|Ting-Lu|
|poke|p1|Dondozo, M|
|poke|p1|Slowking-Galar, L99, F|
|poke|p1|Cinderace, F|
|poke|p2|Gholdengo|
|poke|p2|Incineroar, M|
|poke|p2|Ogerpon-Wellspring, F|
|poke|p2|Iron Treads|
|poke|p2|Tornadus-Therian, M|
|poke|p2|Mamoswine, F|
|teampreview
|j| Yhvbbbbbbgdd
|j| GOthee
|
|t:|1760832107
|teamsize|p1|6
|teamsize|p2|6
|start
|switch|p1a: Kyurem|Kyurem|100/100
|switch|p2a: Tornadus|Tornadus-Therian, M|100/100
|-ability|p1a: Kyurem|Pressure
|turn|1
|inactive|Battle timer is ON: inactive players will automatically lose when time's up. (requested by SpongeGar & Patar)
|j| stariaki
|inactive|SpongeGar & Patar has 120 seconds left.
|
|t:|1760832156
|move|p2a: Tornadus|Knock Off|p1a: Kyurem
|-damage|p1a: Kyurem|80/100
|-enditem|p1a: Kyurem|Leftovers|[from] move: Knock Off|[of] p2a: Tornadus
|move|p1a: Kyurem|Freeze-Dry|p2a: Tornadus
|-supereffective|p2a: Tornadus
|-damage|p2a: Tornadus|56/100
|
|upkeep
|turn|2
|l| Yhvbbbbbbgdd
|inactive|SpongeGar & Patar has 120 seconds left.
|inactive|MicrowaveHeart has 120 seconds left.
|
|t:|1760832205
|move|p2a: Tornadus|U-turn|p1a: Kyurem
|-damage|p1a: Kyurem|67/100
|j| Shawty Lo
|inactive|MicrowaveHeart has 90 seconds left.
|
|t:|1760832240
|switch|p2a: Gholdengo|Gholdengo|100/100|[from] U-turn
|move|p1a: Kyurem|Freeze-Dry|p2a: Gholdengo
|-resisted|p2a: Gholdengo
|-damage|p2a: Gholdengo|83/100
|
|-heal|p2a: Gholdengo|89/100|[from] item: Leftovers
|upkeep
|turn|3
|inactive|SpongeGar & Patar has 90 seconds left.
|j| Wowbigsmall
|
|t:|1760832291
|move|p1a: Kyurem|Freeze-Dry|p2a: Gholdengo
|-resisted|p2a: Gholdengo
|-damage|p2a: Gholdengo|73/100
|move|p2a: Gholdengo|Make It Rain|p1a: Kyurem
|-supereffective|p1a: Kyurem
|-damage|p1a: Kyurem|0 fnt
|-unboost|p2a: Gholdengo|spa|1
|faint|p1a: Kyurem
|
|-heal|p2a: Gholdengo|79/100|[from] item: Leftovers
|upkeep
|l| stariaki
|inactive|SpongeGar & Patar has 60 seconds left.
|inactive|SpongeGar & Patar has 30 seconds left.
|
|t:|1760832340
|switch|p1a: Cinderace|Cinderace, F|100/100
|turn|4
|
|t:|1760832350
|switch|p2a: Incineroar|Incineroar, M|100/100
|-ability|p2a: Incineroar|Intimidate|boost
|-unboost|p1a: Cinderace|atk|1
|move|p1a: Cinderace|U-turn|p2a: Incineroar
|-damage|p2a: Incineroar|92/100
|inactive|SpongeGar & Patar has 30 seconds left.
|
|t:|1760832360
|switch|p1a: Corviknight|Corviknight, F|100/100|[from] U-turn
|-ability|p1a: Corviknight|Pressure
|
|upkeep
|turn|5
|
|t:|1760832370
|move|p1a: Corviknight|U-turn|p2a: Incineroar
|-crit|p2a: Incineroar
|-damage|p2a: Incineroar|76/100
|
|t:|1760832379
|switch|p1a: Ting-Lu|Ting-Lu|100/100|[from] U-turn
|-ability|p1a: Ting-Lu|Vessel of Ruin
|move|p2a: Incineroar|Will-O-Wisp|p1a: Ting-Lu|[miss]
|-miss|p2a: Incineroar|p1a: Ting-Lu
|
|upkeep
|turn|6
|
|t:|1760832389
|move|p2a: Incineroar|Parting Shot|p1a: Ting-Lu
|-unboost|p1a: Ting-Lu|atk|1
|-unboost|p1a: Ting-Lu|spa|1
|
|t:|1760832393
|switch|p2a: Iron Treads|Iron Treads|100/100|[from] Parting Shot
|move|p1a: Ting-Lu|Payback|p2a: Iron Treads
|-damage|p2a: Iron Treads|91/100
|
|-heal|p2a: Iron Treads|97/100|[from] item: Leftovers
|upkeep
|turn|7
|
|t:|1760832402
|move|p2a: Iron Treads|Knock Off|p1a: Ting-Lu
|-resisted|p1a: Ting-Lu
|-damage|p1a: Ting-Lu|93/100
|-enditem|p1a: Ting-Lu|Leftovers|[from] move: Knock Off|[of] p2a: Iron Treads
|move|p1a: Ting-Lu|Payback|p2a: Iron Treads
|-damage|p2a: Iron Treads|80/100
|
|-heal|p2a: Iron Treads|86/100|[from] item: Leftovers
|upkeep
|turn|8
|
|t:|1760832413
|-end|p2a: Iron Treads|Quark Drive|[silent]
|switch|p2a: Incineroar|Incineroar, M|76/100
|-ability|p2a: Incineroar|Intimidate|boost
|-unboost|p1a: Ting-Lu|atk|1
|move|p1a: Ting-Lu|Payback|p2a: Incineroar
|-resisted|p2a: Incineroar
|-damage|p2a: Incineroar|73/100
|
|upkeep
|turn|9
|
|t:|1760832423
|move|p2a: Incineroar|Will-O-Wisp|p1a: Ting-Lu
|-status|p1a: Ting-Lu|brn
|move|p1a: Ting-Lu|Earthquake|p2a: Incineroar
|-supereffective|p2a: Incineroar
|-damage|p2a: Incineroar|61/100
|
|-damage|p1a: Ting-Lu|87/100 brn|[from] brn
|upkeep
|turn|10
|inactive|SpongeGar & Patar has 60 seconds left.
|
|t:|1760832432
|move|p2a: Incineroar|Parting Shot|p1a: Ting-Lu
|-unboost|p1a: Ting-Lu|atk|1
|-unboost|p1a: Ting-Lu|spa|1
|
|t:|1760832437
|switch|p2a: Iron Treads|Iron Treads|86/100|[from] Parting Shot
|move|p1a: Ting-Lu|Rest|p1a: Ting-Lu
|-status|p1a: Ting-Lu|slp|[from] move: Rest
|-heal|p1a: Ting-Lu|100/100 slp|[silent]
|
|-heal|p2a: Iron Treads|92/100|[from] item: Leftovers
|upkeep
|turn|11
|j| Little Cuack28
|
|t:|1760832447
|switch|p1a: Corviknight|Corviknight, F|100/100
|-ability|p1a: Corviknight|Pressure
|move|p2a: Iron Treads|Stealth Rock|p1a: Corviknight
|-sidestart|p1: SpongeGar & Patar|move: Stealth Rock
|
|-heal|p2a: Iron Treads|99/100|[from] item: Leftovers
|upkeep
|turn|12
|
|t:|1760832457
|-end|p2a: Iron Treads|Quark Drive|[silent]
|switch|p2a: Gholdengo|Gholdengo|79/100
|move|p1a: Corviknight|U-turn|p2a: Gholdengo
|-resisted|p2a: Gholdengo
|-damage|p2a: Gholdengo|77/100
|
|t:|1760832466
|switch|p1a: Cinderace|Cinderace, F|100/100|[from] U-turn
|
|-heal|p2a: Gholdengo|83/100|[from] item: Leftovers
|upkeep
|turn|13
|
|t:|1760832475
|-terastallize|p2a: Gholdengo|Fairy
|move|p1a: Cinderace|Court Change|p1a: Cinderace
|-swapsideconditions
|-activate|p1a: Cinderace|move: Court Change
|move|p2a: Gholdengo|Thunder Wave|p1a: Cinderace
|-status|p1a: Cinderace|par
|
|-heal|p2a: Gholdengo|89/100|[from] item: Leftovers
|upkeep
|turn|14
|
|t:|1760832485
|switch|p1a: Ting-Lu|Ting-Lu|100/100 slp
|-ability|p1a: Ting-Lu|Vessel of Ruin
|move|p2a: Gholdengo|Hex|p1a: Ting-Lu
|-resisted|p1a: Ting-Lu
|-damage|p1a: Ting-Lu|89/100 slp
|
|-heal|p2a: Gholdengo|95/100|[from] item: Leftovers
|upkeep
|turn|15
|inactive|SpongeGar & Patar has 90 seconds left.
|
|t:|1760832495
|switch|p2a: Iron Treads|Iron Treads|99/100
|-damage|p2a: Iron Treads|96/100|[from] Stealth Rock
|cant|p1a: Ting-Lu|slp
|move|p1a: Ting-Lu|Sleep Talk|p1a: Ting-Lu
|move|p1a: Ting-Lu|Rest||[from] move: Sleep Talk|[still]
|-fail|p1a: Ting-Lu
|
|-heal|p2a: Iron Treads|100/100|[from] item: Leftovers
|upkeep
|turn|16
|inactive|SpongeGar & Patar has 90 seconds left.
|inactive|SpongeGar & Patar has 60 seconds left.
|
|t:|1760832544
|move|p2a: Iron Treads|Rapid Spin|p1a: Ting-Lu
|-crit|p1a: Ting-Lu
|-damage|p1a: Ting-Lu|79/100 slp
|-boost|p2a: Iron Treads|spe|1
|-sideend|p2: MicrowaveHeart|Stealth Rock|[from] move: Rapid Spin|[of] p2a: Iron Treads
|cant|p1a: Ting-Lu|slp
|move|p1a: Ting-Lu|Sleep Talk|p1a: Ting-Lu
|move|p1a: Ting-Lu|Earthquake|p2a: Iron Treads|[from] move: Sleep Talk
|-supereffective|p2a: Iron Treads
|-damage|p2a: Iron Treads|41/100
|
|-heal|p2a: Iron Treads|47/100|[from] item: Leftovers
|upkeep
|turn|17
|inactive|SpongeGar & Patar has 60 seconds left.
|
|t:|1760832561
|move|p2a: Iron Treads|Stealth Rock|p1a: Ting-Lu
|-sidestart|p1: SpongeGar & Patar|move: Stealth Rock
|-curestatus|p1a: Ting-Lu|slp|[msg]
|move|p1a: Ting-Lu|Payback|p2a: Iron Treads
|-damage|p2a: Iron Treads|21/100
|
|-heal|p2a: Iron Treads|28/100|[from] item: Leftovers
|upkeep
|turn|18
|
|t:|1760832571
|-end|p2a: Iron Treads|Quark Drive|[silent]
|switch|p2a: Ogerpon|Ogerpon-Wellspring, F|100/100
|switch|p1a: Cinderace|Cinderace, F|100/100 par
|
|upkeep
|turn|19
|
|t:|1760832581
|switch|p1a: Dondozo|Dondozo, M|100/100
|-damage|p1a: Dondozo|88/100|[from] Stealth Rock
|move|p2a: Ogerpon|Ivy Cudgel|p1a: Dondozo|[anim] Ivy Cudgel Water
|-resisted|p1a: Dondozo
|-damage|p1a: Dondozo|75/100
|
|-heal|p1a: Dondozo|81/100|[from] item: Leftovers
|upkeep
|turn|20
|
|t:|1760832590
|switch|p1a: Corviknight|Corviknight, F|100/100
|-damage|p1a: Corviknight|88/100|[from] Stealth Rock
|-ability|p1a: Corviknight|Pressure
|move|p2a: Ogerpon|Horn Leech|p1a: Corviknight
|-resisted|p1a: Corviknight
|-damage|p1a: Corviknight|81/100
|-damage|p2a: Ogerpon|84/100|[from] item: Rocky Helmet|[of] p1a: Corviknight
|
|upkeep
|turn|21
|
|t:|1760832601
|switch|p2a: Gholdengo|Gholdengo, tera:Fairy|95/100
|move|p1a: Corviknight|Roost|p1a: Corviknight
|-heal|p1a: Corviknight|100/100
|-singleturn|p1a: Corviknight|move: Roost
|
|-heal|p2a: Gholdengo|100/100|[from] item: Leftovers
|upkeep
|turn|22
|
|t:|1760832615
|switch|p1a: Ting-Lu|Ting-Lu|79/100
|-damage|p1a: Ting-Lu|73/100|[from] Stealth Rock
|-ability|p1a: Ting-Lu|Vessel of Ruin
|move|p2a: Gholdengo|Thunder Wave|p1a: Ting-Lu
|-immune|p1a: Ting-Lu
|
|upkeep
|turn|23
|inactive|SpongeGar & Patar has 90 seconds left.
|
|t:|1760832624
|switch|p2a: Ogerpon|Ogerpon-Wellspring, F|84/100
|switch|p1a: Cinderace|Cinderace, F|100/100 par
|
|upkeep
|turn|24
|inactive|SpongeGar & Patar has 90 seconds left.
|inactive|SpongeGar & Patar has 60 seconds left.
|
|t:|1760832674
|switch|p1a: Dondozo|Dondozo, M|81/100
|-damage|p1a: Dondozo|69/100|[from] Stealth Rock
|move|p2a: Ogerpon|Ivy Cudgel|p1a: Dondozo|[anim] Ivy Cudgel Water
|-resisted|p1a: Dondozo
|-damage|p1a: Dondozo|55/100
|
|-heal|p1a: Dondozo|62/100|[from] item: Leftovers
|upkeep
|turn|25
|inactive|SpongeGar & Patar has 60 seconds left.
|inactive|SpongeGar & Patar has 30 seconds left.
|inactive|SpongeGar & Patar has 20 seconds left.
|
|t:|1760832724
|switch|p1a: Corviknight|Corviknight, F|100/100
|-damage|p1a: Corviknight|88/100|[from] Stealth Rock
|-ability|p1a: Corviknight|Pressure
|move|p2a: Ogerpon|Swords Dance|p2a: Ogerpon
|-boost|p2a: Ogerpon|atk|2
|
|upkeep
|turn|26
|inactive|SpongeGar & Patar has 30 seconds left this turn.
|
|t:|1760832734
|-terastallize|p1a: Corviknight|Dragon
|move|p2a: Ogerpon|Ivy Cudgel|p1a: Corviknight|[anim] Ivy Cudgel Water
|-resisted|p1a: Corviknight
|-damage|p1a: Corviknight|56/100
|move|p1a: Corviknight|Brave Bird|p2a: Ogerpon
|-supereffective|p2a: Ogerpon
|-damage|p2a: Ogerpon|0 fnt
|faint|p2a: Ogerpon
|-damage|p1a: Corviknight|35/100|[from] Recoil
|
|upkeep
|
|t:|1760832739
|switch|p2a: Mamoswine|Mamoswine, F, shiny|100/100
|turn|27
|
|t:|1760832748
|move|p2a: Mamoswine|Icicle Crash|p1a: Corviknight
|-supereffective|p1a: Corviknight
|-damage|p1a: Corviknight|0 fnt
|faint|p1a: Corviknight
|
|upkeep
|inactive|SpongeGar & Patar has 30 seconds left.
|
|t:|1760832759
|switch|p1a: Cinderace|Cinderace, F|100/100 par
|turn|28
|
|t:|1760832769
|switch|p1a: Dondozo|Dondozo, M|62/100
|-damage|p1a: Dondozo|49/100|[from] Stealth Rock
|move|p2a: Mamoswine|Earthquake|p1a: Dondozo
|-damage|p1a: Dondozo|27/100
|
|-heal|p1a: Dondozo|33/100|[from] item: Leftovers
|upkeep
|turn|29
|inactive|MicrowaveHeart has 120 seconds left.
|
|t:|1760832806
|switch|p2a: Tornadus|Tornadus-Therian, M|89/100
|move|p1a: Dondozo|Rest|p1a: Dondozo
|-status|p1a: Dondozo|slp|[from] move: Rest
|-heal|p1a: Dondozo|100/100 slp|[silent]
|
|upkeep
|turn|30
|
|t:|1760832816
|move|p2a: Tornadus|Knock Off|p1a: Dondozo
|-damage|p1a: Dondozo|92/100 slp
|-enditem|p1a: Dondozo|Leftovers|[from] move: Knock Off|[of] p2a: Tornadus
|cant|p1a: Dondozo|slp
|
|upkeep
|turn|31
|inactive|MicrowaveHeart has 120 seconds left.
|
|t:|1760832831
|move|p2a: Tornadus|Bleakwind Storm|p1a: Dondozo
|-damage|p1a: Dondozo|57/100 slp
|cant|p1a: Dondozo|slp
|
|upkeep
|turn|32
|
|t:|1760832841
|move|p2a: Tornadus|Bleakwind Storm|p1a: Dondozo
|-damage|p1a: Dondozo|21/100 slp
|-curestatus|p1a: Dondozo|slp|[msg]
|move|p1a: Dondozo|Rest|p1a: Dondozo
|-status|p1a: Dondozo|slp|[from] move: Rest
|-heal|p1a: Dondozo|100/100 slp|[silent]
|
|upkeep
|turn|33
|inactive|MicrowaveHeart has 120 seconds left.
|
|t:|1760832861
|switch|p2a: Gholdengo|Gholdengo, tera:Fairy|100/100
|switch|p1a: Ting-Lu|Ting-Lu|73/100
|-damage|p1a: Ting-Lu|67/100|[from] Stealth Rock
|-ability|p1a: Ting-Lu|Vessel of Ruin
|
|upkeep
|turn|34
|inactive|SpongeGar & Patar has 60 seconds left.
|
|t:|1760832870
|switch|p2a: Mamoswine|Mamoswine, F, shiny|100/100
|move|p1a: Ting-Lu|Earthquake|p2a: Mamoswine
|-damage|p2a: Mamoswine|63/100
|
|upkeep
|turn|35
|inactive|SpongeGar & Patar has 60 seconds left.
|
|t:|1760832881
|switch|p1a: Dondozo|Dondozo, M|100/100 slp
|-damage|p1a: Dondozo|88/100 slp|[from] Stealth Rock
|move|p2a: Mamoswine|Icicle Crash|p1a: Dondozo
|-resisted|p1a: Dondozo
|-damage|p1a: Dondozo|78/100 slp
|
|upkeep
|turn|36
|inactive|SpongeGar & Patar has 60 seconds left.
|
|t:|1760832900
|switch|p2a: Tornadus|Tornadus-Therian, M|100/100
|cant|p1a: Dondozo|slp
|
|upkeep
|turn|37
|c| Shawty Lo|microwave heart?
|
|t:|1760832910
|move|p2a: Tornadus|Bleakwind Storm|p1a: Dondozo
|-damage|p1a: Dondozo|41/100 slp
|cant|p1a: Dondozo|slp
|
|upkeep
|turn|38
|c|☆MicrowaveHeart|Hi
|l| Little Cuack28
|
|t:|1760832920
|move|p2a: Tornadus|Bleakwind Storm|p1a: Dondozo|[miss]
|-miss|p2a: Tornadus|p1a: Dondozo
|-curestatus|p1a: Dondozo|slp|[msg]
|move|p1a: Dondozo|Rest|p1a: Dondozo
|-status|p1a: Dondozo|slp|[from] move: Rest
|-heal|p1a: Dondozo|100/100 slp|[silent]
|
|upkeep
|turn|39
|
|t:|1760832929
|switch|p1a: Ting-Lu|Ting-Lu|67/100
|-damage|p1a: Ting-Lu|60/100|[from] Stealth Rock
|-ability|p1a: Ting-Lu|Vessel of Ruin
|move|p2a: Tornadus|Bleakwind Storm|p1a: Ting-Lu
|-crit|p1a: Ting-Lu
|-damage|p1a: Ting-Lu|39/100
|
|upkeep
|turn|40
|c| Shawty Lo|Hi, just wanted to see if you were a bot as well lol
|c| Shawty Lo|I think your opponent is a bot
|inactive|MicrowaveHeart has 120 seconds left.
|c|☆MicrowaveHeart|Oh lol yeah im real
|c| Shawty Lo|:)
|
|t:|1760832969
|move|p2a: Tornadus|U-turn|p1a: Ting-Lu
|-supereffective|p1a: Ting-Lu
|-damage|p1a: Ting-Lu|23/100
|
|t:|1760832974
|switch|p2a: Mamoswine|Mamoswine, F, shiny|63/100|[from] U-turn
|move|p1a: Ting-Lu|Rest|p1a: Ting-Lu
|-status|p1a: Ting-Lu|slp|[from] move: Rest
|-heal|p1a: Ting-Lu|100/100 slp|[silent]
|
|upkeep
|turn|41
|inactive|SpongeGar & Patar has 90 seconds left.
|inactive|MicrowaveHeart has 120 seconds left.
|j| whocarres
|c|☆MicrowaveHeart|Lu/don hard to break damn lol
|inactive|MicrowaveHeart has 90 seconds left.
|
|t:|1760833014
|move|p2a: Mamoswine|Earthquake|p1a: Ting-Lu
|-damage|p1a: Ting-Lu|70/100 slp
|cant|p1a: Ting-Lu|slp
|move|p1a: Ting-Lu|Sleep Talk|p1a: Ting-Lu
|move|p1a: Ting-Lu|Rest||[from] move: Sleep Talk|[still]
|-fail|p1a: Ting-Lu
|
|upkeep
|turn|42
|c| Shawty Lo|yea it's a tough core lol
|inactive|SpongeGar & Patar has 90 seconds left.
|inactive|SpongeGar & Patar has 60 seconds left.
|
|t:|1760833065
|move|p2a: Mamoswine|Icicle Crash|p1a: Ting-Lu
|-supereffective|p1a: Ting-Lu
|-damage|p1a: Ting-Lu|22/100 slp
|cant|p1a: Ting-Lu|slp
|cant|p1a: Ting-Lu|flinch
|
|upkeep
|turn|43
|j| mistericonic
|inactive|SpongeGar & Patar has 30 seconds left.
|inactive|SpongeGar & Patar has 20 seconds left.
|inactive|SpongeGar & Patar has 15 seconds left.
|
|t:|1760833115
|move|p2a: Mamoswine|Earthquake|p1a: Ting-Lu
|-damage|p1a: Ting-Lu|0 fnt
|faint|p1a: Ting-Lu
|
|upkeep
|inactive|SpongeGar & Patar has 20 seconds left this turn.
|inactive|SpongeGar & Patar has 15 seconds left.
|
|t:|1760833125
|switch|p1a: Dondozo|Dondozo, M|100/100 slp
|-damage|p1a: Dondozo|88/100 slp|[from] Stealth Rock
|turn|44
|inactive|SpongeGar & Patar has 25 seconds left this turn.
|inactive|SpongeGar & Patar has 20 seconds left.
|
|t:|1760833134
|switch|p2a: Gholdengo|Gholdengo, tera:Fairy|100/100
|switch|p1a: Slowking|Slowking-Galar, L99, F|100/100
|
|upkeep
|turn|45
|inactive|SpongeGar & Patar has 30 seconds left this turn.
|
|t:|1760833144
|move|p2a: Gholdengo|Thunder Wave|p1a: Slowking
|-status|p1a: Slowking|par
|move|p1a: Slowking|Sludge Bomb|p2a: Gholdengo
|-supereffective|p2a: Gholdengo
|-damage|p2a: Gholdengo|38/100
|-status|p2a: Gholdengo|psn
|
|-heal|p2a: Gholdengo|44/100 psn|[from] item: Leftovers
|-damage|p2a: Gholdengo|32/100 psn|[from] psn
|upkeep
|turn|46
|inactive|SpongeGar & Patar has 30 seconds left.
|
|t:|1760833156
|switch|p2a: Iron Treads|Iron Treads|28/100
|move|p1a: Slowking|Sludge Bomb|p2a: Iron Treads
|-immune|p2a: Iron Treads
|
|-heal|p2a: Iron Treads|34/100|[from] item: Leftovers
|upkeep
|turn|47
|
|t:|1760833165
|switch|p1a: Dondozo|Dondozo, M|88/100 slp
|-damage|p1a: Dondozo|76/100 slp|[from] Stealth Rock
|move|p2a: Iron Treads|Earthquake|p1a: Dondozo
|-damage|p1a: Dondozo|59/100 slp
|
|-heal|p2a: Iron Treads|40/100|[from] item: Leftovers
|upkeep
|turn|48
|
|t:|1760833175
|-end|p2a: Iron Treads|Quark Drive|[silent]
|switch|p2a: Gholdengo|Gholdengo, tera:Fairy|32/100 psn
|cant|p1a: Dondozo|slp
|
|-heal|p2a: Gholdengo|38/100 psn|[from] item: Leftovers
|-damage|p2a: Gholdengo|25/100 psn|[from] psn
|upkeep
|turn|49
|
|t:|1760833185
|move|p2a: Gholdengo|Hex|p1a: Dondozo
|-damage|p1a: Dondozo|8/100 slp
|cant|p1a: Dondozo|slp
|
|-heal|p2a: Gholdengo|31/100 psn|[from] item: Leftovers
|-damage|p2a: Gholdengo|19/100 psn|[from] psn
|upkeep
|turn|50
|
|t:|1760833195
|switch|p1a: Slowking|Slowking-Galar, L99, F|100/100 par
|move|p2a: Gholdengo|Hex|p1a: Slowking
|-supereffective|p1a: Slowking
|-damage|p1a: Slowking|25/100 par
|
|-heal|p2a: Gholdengo|25/100 psn|[from] item: Leftovers
|-damage|p2a: Gholdengo|13/100 psn|[from] psn
|upkeep
|turn|51
|
|t:|1760833203
|switch|p2a: Iron Treads|Iron Treads|40/100
|switch|p1a: Dondozo|Dondozo, M|8/100 slp
|-damage|p1a: Dondozo|0 fnt|[from] Stealth Rock
|faint|p1a: Dondozo
|
|-heal|p2a: Iron Treads|46/100|[from] item: Leftovers
|upkeep
|c| Shawty Lo|you beat the bot :)
|
|t:|1760833212
|switch|p1a: Cinderace|Cinderace, F|100/100 par
|turn|52
|
|t:|1760833221
|move|p2a: Iron Treads|Earthquake|p1a: Cinderace
|-supereffective|p1a: Cinderace
|-damage|p1a: Cinderace|13/100 par
|move|p1a: Cinderace|Will-O-Wisp|p2a: Iron Treads|[miss]
|-miss|p1a: Cinderace|p2a: Iron Treads
|
|-heal|p2a: Iron Treads|53/100|[from] item: Leftovers
|upkeep
|turn|53
|inactive|SpongeGar & Patar has 60 seconds left.
|c|☆MicrowaveHeart|I was sweating for a minute there before lu went down lol
|
|t:|1760833250
|move|p2a: Iron Treads|Earthquake|p1a: Cinderace
|-supereffective|p1a: Cinderace
|-damage|p1a: Cinderace|0 fnt
|faint|p1a: Cinderace
|
|-heal|p2a: Iron Treads|59/100|[from] item: Leftovers
|upkeep
|
|t:|1760833254
|switch|p1a: Slowking|Slowking-Galar, L99, F|58/100 par
|turn|54
|c| Shawty Lo|haha I bet
|
|t:|1760833257
|move|p2a: Iron Treads|Earthquake|p1a: Slowking
|-supereffective|p1a: Slowking
|-damage|p1a: Slowking|0 fnt
|faint|p1a: Slowking
|
|win|MicrowaveHeart
|raw|SpongeGar &amp; Patar's rating: 1738 &rarr; <strong>1714</strong><br />(-24 for losing)
|raw|MicrowaveHeart's rating: 1668 &rarr; <strong>1692</strong><br />(+24 for winning)
|l|☆SpongeGar & Patar
|player|p1|
|l| Wowbigsmall
|l| Shawty Lo
|l|☆MicrowaveHeart
|player|p2|
|l| whocarres
|l| mistericonic
