|j|☆teto mono
|j|☆lesbotron2000
|t:|1760768973
|gametype|singles
|player|p1|teto mono|lady-gen4|1294
|player|p2|lesbotron2000|lillie-masters2|1248
|gen|9
|tier|[Gen 9] OU
|rated|
|rule|HP Percentage Mod: HP is shown in percentages
|rule|Endless Battle Clause: Forcing endless battles is banned
|rule|Species Clause: Limit one of each Pokémon
|rule|OHKO Clause: OHKO moves are banned
|rule|Evasion Items Clause: Evasion items are banned
|rule|Evasion Moves Clause: Evasion moves are banned
|rule|Evasion Abilities Clause: Evasion abilities are banned
|rule|Sleep Moves Clause: Sleep-inducing moves are banned
|clearpoke
|poke|p1|Clefable, F|
|poke|p1|Landorus-Therian, M|
|poke|p1|Ogerpon-Wellspring, F|
|poke|p1|Gholdengo|
|poke|p1|Dragonite, F|
|poke|p1|Morpeko, F|
|poke|p2|Iron Jugulis|
|poke|p2|Ogerpon-Wellspring, F|
|poke|p2|Tinkaton, F|
|poke|p2|Iron Moth|
|poke|p2|Great Tusk|
|poke|p2|Dragapult, M|
|teampreview
|inactive|Battle timer is ON: inactive players will automatically lose when time's up. (requested by teto mono)
|
|t:|1760768978
|teamsize|p1|6
|teamsize|p2|6
|start
|switch|p1a: Morpeko|Morpeko, F|100/100
|switch|p2a: TWINKATON|Tinkaton, F|100/100
|-item|p2a: TWINKATON|Air Balloon
|turn|1
|
|t:|1760768985
|move|p1a: Morpeko|Knock Off|p2a: TWINKATON
|-resisted|p2a: TWINKATON
|-damage|p2a: TWINKATON|77/100
|-enditem|p2a: TWINKATON|Air Balloon
|-enditem|p1a: Morpeko|Focus Sash|[silent]|[from] ability: Pickpocket|[of] p1a: Morpeko
|-item|p2a: TWINKATON|Focus Sash|[from] ability: Pickpocket|[of] p1a: Morpeko
|move|p2a: TWINKATON|Encore|p1a: Morpeko
|-start|p1a: Morpeko|Encore
|
|-formechange|p1a: Morpeko|Morpeko-Hangry||[from] ability: Hunger Switch
|upkeep
|turn|2
|
|t:|1760768990
|switch|p1a: Landorus|Landorus-Therian, M|100/100
|-ability|p1a: Landorus|Intimidate|boost
|-unboost|p2a: TWINKATON|atk|1
|move|p2a: TWINKATON|Stealth Rock|p1a: Landorus
|-sidestart|p1: teto mono|move: Stealth Rock
|
|upkeep
|turn|3
|
|t:|1760768999
|move|p2a: TWINKATON|Encore||[still]
|-fail|p2a: TWINKATON
|move|p1a: Landorus|Stealth Rock|p2a: TWINKATON
|-sidestart|p2: lesbotron2000|move: Stealth Rock
|
|upkeep
|turn|4
|
|t:|1760769013
|switch|p1a: Ogerpon|Ogerpon-Wellspring, F|100/100
|-damage|p1a: Ogerpon|88/100|[from] Stealth Rock
|move|p2a: TWINKATON|Thunder Wave|p1a: Ogerpon|[miss]
|-miss|p2a: TWINKATON|p1a: Ogerpon
|
|upkeep
|turn|5
|
|t:|1760769021
|switch|p1a: Landorus|Landorus-Therian, M|100/100
|-damage|p1a: Landorus|88/100|[from] Stealth Rock
|-ability|p1a: Landorus|Intimidate|boost
|-unboost|p2a: TWINKATON|atk|1
|move|p2a: TWINKATON|Thunder Wave|p1a: Landorus
|-immune|p1a: Landorus
|
|upkeep
|turn|6
|
|t:|1760769027
|switch|p2a: Great Tusk|Great Tusk|100/100
|-damage|p2a: Great Tusk|98/100|[from] Stealth Rock
|-enditem|p2a: Great Tusk|Booster Energy
|-activate|p2a: Great Tusk|ability: Protosynthesis|[fromitem]
|-start|p2a: Great Tusk|protosynthesisspe
|move|p1a: Landorus|Earthquake|p2a: Great Tusk
|-damage|p2a: Great Tusk|59/100
|
|upkeep
|turn|7
|
|t:|1760769052
|switch|p1a: Morpeko|Morpeko, F|100/100
|-damage|p1a: Morpeko|88/100|[from] Stealth Rock
|move|p2a: Great Tusk|Ice Spinner|p1a: Morpeko
|-damage|p1a: Morpeko|41/100
|
|-formechange|p1a: Morpeko|Morpeko-Hangry||[from] ability: Hunger Switch
|upkeep
|turn|8
|
|t:|1760769065
|move|p2a: Great Tusk|Rapid Spin|p1a: Morpeko
|-damage|p1a: Morpeko|11/100
|-boost|p2a: Great Tusk|spe|1
|-sideend|p2: lesbotron2000|Stealth Rock|[from] move: Rapid Spin|[of] p2a: Great Tusk
|move|p1a: Morpeko|Parting Shot|p2a: Great Tusk
|-unboost|p2a: Great Tusk|atk|1
|-unboost|p2a: Great Tusk|spa|1
|
|t:|1760769073
|switch|p1a: Landorus|Landorus-Therian, M|88/100|[from] Parting Shot
|-damage|p1a: Landorus|75/100|[from] Stealth Rock
|-ability|p1a: Landorus|Intimidate|boost
|-unboost|p2a: Great Tusk|atk|1
|
|upkeep
|turn|9
|
|t:|1760769081
|switch|p1a: Morpeko|Morpeko, F|11/100
|-damage|p1a: Morpeko|0 fnt|[from] Stealth Rock
|faint|p1a: Morpeko
|move|p2a: Great Tusk|Bulk Up|p2a: Great Tusk
|-boost|p2a: Great Tusk|atk|1
|-boost|p2a: Great Tusk|def|1
|
|upkeep
|
|t:|1760769095
|switch|p1a: Gholdengo|Gholdengo|100/100
|-damage|p1a: Gholdengo|94/100|[from] Stealth Rock
|-item|p1a: Gholdengo|Air Balloon
|turn|10
|
|t:|1760769099
|move|p2a: Great Tusk|Ice Spinner|p1a: Gholdengo
|-resisted|p1a: Gholdengo
|-damage|p1a: Gholdengo|87/100
|-enditem|p1a: Gholdengo|Air Balloon
|move|p1a: Gholdengo|Shadow Ball|p2a: Great Tusk
|-damage|p2a: Great Tusk|2/100
|
|upkeep
|turn|11
|
|t:|1760769108
|switch|p1a: Landorus|Landorus-Therian, M|75/100
|-damage|p1a: Landorus|63/100|[from] Stealth Rock
|-ability|p1a: Landorus|Intimidate|boost
|-unboost|p2a: Great Tusk|atk|1
|move|p2a: Great Tusk|Ice Spinner|p1a: Landorus
|-supereffective|p1a: Landorus
|-damage|p1a: Landorus|13/100
|-damage|p2a: Great Tusk|0 fnt|[from] item: Rocky Helmet|[of] p1a: Landorus
|faint|p2a: Great Tusk
|-end|p2a: Great Tusk|Protosynthesis|[silent]
|
|upkeep
|
|t:|1760769132
|switch|p2a: Dragapult|Dragapult, M|100/100
|turn|12
|
|t:|1760769137
|move|p2a: Dragapult|Shadow Ball|p1a: Landorus
|-damage|p1a: Landorus|0 fnt
|faint|p1a: Landorus
|
|upkeep
|
|t:|1760769149
|switch|p1a: Ogerpon|Ogerpon-Wellspring, F|88/100
|-damage|p1a: Ogerpon|76/100|[from] Stealth Rock
|turn|13
|
|t:|1760769178
|switch|p2a: TWINKATON|Tinkaton, F|77/100
|move|p1a: Ogerpon|Trailblaze|p2a: TWINKATON
|-resisted|p2a: TWINKATON
|-damage|p2a: TWINKATON|59/100
|-boost|p1a: Ogerpon|spe|1
|
|upkeep
|turn|14
|
|t:|1760769190
|move|p1a: Ogerpon|Ivy Cudgel|p2a: TWINKATON|[anim] Ivy Cudgel Water
|-damage|p2a: TWINKATON|0 fnt
|faint|p2a: TWINKATON
|
|upkeep
|inactive|lesbotron2000 has 120 seconds left.
|
|t:|1760769214
|switch|p2a: Ogerpon|Ogerpon-Wellspring, F|100/100
|turn|15
|inactive|lesbotron2000 has 120 seconds left.
|
|t:|1760769221
|move|p1a: Ogerpon|Play Rough|p2a: Ogerpon
|-damage|p2a: Ogerpon|53/100
|move|p2a: Ogerpon|U-turn|p1a: Ogerpon
|-supereffective|p1a: Ogerpon
|-damage|p1a: Ogerpon|0 fnt
|faint|p1a: Ogerpon
|inactive|lesbotron2000 has 120 seconds left.
|
|t:|1760769230
|switch|p2a: Iron Jugulis|Iron Jugulis|100/100|[from] U-turn
|-enditem|p2a: Iron Jugulis|Booster Energy
|-activate|p2a: Iron Jugulis|ability: Quark Drive|[fromitem]
|-start|p2a: Iron Jugulis|quarkdrivespe
|
|upkeep
|
|t:|1760769246
|switch|p1a: Clefable|Clefable, F|100/100
|-damage|p1a: Clefable|88/100|[from] Stealth Rock
|turn|16
|
|t:|1760769251
|move|p2a: Iron Jugulis|Hurricane|p1a: Clefable
|-damage|p1a: Clefable|34/100
|move|p1a: Clefable|Cosmic Power|p1a: Clefable
|-boost|p1a: Clefable|def|1
|-boost|p1a: Clefable|spd|1
|
|-heal|p1a: Clefable|40/100|[from] item: Leftovers
|upkeep
|turn|17
|
|t:|1760769258
|move|p2a: Iron Jugulis|Taunt|p1a: Clefable
|-start|p1a: Clefable|move: Taunt
|cant|p1a: Clefable|move: Taunt|Moonlight
|
|-heal|p1a: Clefable|46/100|[from] item: Leftovers
|upkeep
|turn|18
|
|t:|1760769266
|move|p2a: Iron Jugulis|Hurricane|p1a: Clefable
|-damage|p1a: Clefable|13/100
|move|p1a: Clefable|Moonblast|p2a: Iron Jugulis
|-supereffective|p2a: Iron Jugulis
|-damage|p2a: Iron Jugulis|0 fnt
|faint|p2a: Iron Jugulis
|-end|p2a: Iron Jugulis|Quark Drive|[silent]
|
|-heal|p1a: Clefable|19/100|[from] item: Leftovers
|upkeep
|
|t:|1760769285
|switch|p2a: Iron Moth|Iron Moth|100/100
|-enditem|p2a: Iron Moth|Booster Energy
|-activate|p2a: Iron Moth|ability: Quark Drive|[fromitem]
|-start|p2a: Iron Moth|quarkdrivespe
|turn|19
|
|t:|1760769297
|move|p2a: Iron Moth|Fiery Dance|p1a: Clefable
|-damage|p1a: Clefable|0 fnt
|-boost|p2a: Iron Moth|spa|1
|faint|p1a: Clefable
|
|upkeep
|
|t:|1760769303
|switch|p1a: Dragonite|Dragonite, F|100/100
|-damage|p1a: Dragonite|75/100|[from] Stealth Rock
|turn|20
|
|t:|1760769320
|move|p2a: Iron Moth|Dazzling Gleam|p1a: Dragonite
|-supereffective|p1a: Dragonite
|-damage|p1a: Dragonite|0 fnt
|faint|p1a: Dragonite
|
|upkeep
|
|t:|1760769323
|switch|p1a: Gholdengo|Gholdengo|87/100
|-damage|p1a: Gholdengo|81/100|[from] Stealth Rock
|turn|21
|
|t:|1760769341
|-terastallize|p1a: Gholdengo|Flying
|move|p2a: Iron Moth|Fiery Dance|p1a: Gholdengo
|-damage|p1a: Gholdengo|25/100
|move|p1a: Gholdengo|Shadow Ball|p2a: Iron Moth
|-damage|p2a: Iron Moth|52/100
|
|upkeep
|turn|22
|
|t:|1760769346
|move|p2a: Iron Moth|Sludge Wave|p1a: Gholdengo
|-damage|p1a: Gholdengo|0 fnt
|faint|p1a: Gholdengo
|
|win|lesbotron2000
|raw|teto mono's rating: 1294 &rarr; <strong>1266</strong><br />(-28 for losing)
|raw|lesbotron2000's rating: 1248 &rarr; <strong>1276</strong><br />(+28 for winning)
|l|☆teto mono
|player|p1|
|l|☆lesbotron2000
|player|p2|
