|j|☆Igoodnamename
|j|☆ineverhaxed
|t:|1760795593
|gametype|singles
|player|p1|Igoodnamename|medium|1348
|player|p2|ineverhaxed|101|1340
|gen|9
|tier|[Gen 9] OU
|rated|
|rule|HP Percentage Mod: HP is shown in percentages
|rule|Endless Battle Clause: Forcing endless battles is banned
|rule|Species Clause: Limit one of each Pokémon
|rule|OHKO Clause: OHKO moves are banned
|rule|Evasion Items Clause: Evasion items are banned
|rule|Evasion Moves Clause: Evasion moves are banned
|rule|Evasion Abilities Clause: Evasion abilities are banned
|rule|Sleep Moves Clause: Sleep-inducing moves are banned
|clearpoke
|poke|p1|Torterra, F|
|poke|p1|Sinistcha|
|poke|p1|Gholdengo|
|poke|p1|Samurott-Hisui, F|
|poke|p1|Garchomp, M|
|poke|p1|Scizor, M|
|poke|p2|Illumise, F|
|poke|p2|Cloyster, M|
|poke|p2|Blissey, F|
|poke|p2|Darkrai|
|poke|p2|Cinderace, F|
|poke|p2|Lokix, M|
|teampreview
|inactive|Battle timer is ON: inactive players will automatically lose when time's up. (requested by ineverhaxed)
|
|t:|1760795637
|teamsize|p1|6
|teamsize|p2|6
|start
|switch|p1a: Samurott|Samurott-Hisui, F|100/100
|switch|p2a: Darkrai|Darkrai|100/100
|turn|1
|
|t:|1760795642
|move|p2a: Darkrai|Trick|p1a: Samurott
|-activate|p2a: Darkrai|move: Trick|[of] p1a: Samurott
|-item|p1a: Samurott|Choice Scarf|[from] move: Trick
|-item|p2a: Darkrai|Assault Vest|[from] move: Trick
|move|p1a: Samurott|Ceaseless Edge|p2a: Darkrai
|-resisted|p2a: Darkrai
|-damage|p2a: Darkrai|73/100
|-sidestart|p2: ineverhaxed|Spikes
|
|upkeep
|turn|2
|
|t:|1760795649
|move|p2a: Darkrai|Dark Pulse|p1a: Samurott
|-resisted|p1a: Samurott
|-damage|p1a: Samurott|76/100
|move|p1a: Samurott|Ceaseless Edge|p2a: Darkrai
|-resisted|p2a: Darkrai
|-damage|p2a: Darkrai|47/100
|-sidestart|p2: ineverhaxed|Spikes
|
|upkeep
|turn|3
|
|t:|1760795656
|move|p2a: Darkrai|Dark Pulse|p1a: Samurott
|-resisted|p1a: Samurott
|-damage|p1a: Samurott|50/100
|cant|p1a: Samurott|flinch
|
|upkeep
|turn|4
|
|t:|1760795661
|move|p2a: Darkrai|Dark Pulse|p1a: Samurott
|-resisted|p1a: Samurott
|-damage|p1a: Samurott|27/100
|move|p1a: Samurott|Ceaseless Edge|p2a: Darkrai
|-resisted|p2a: Darkrai
|-damage|p2a: Darkrai|18/100
|-sidestart|p2: ineverhaxed|Spikes
|
|upkeep
|turn|5
|
|t:|1760795669
|move|p2a: Darkrai|Dark Pulse|p1a: Samurott
|-resisted|p1a: Samurott
|-damage|p1a: Samurott|0 fnt
|faint|p1a: Samurott
|
|upkeep
|
|t:|1760795676
|switch|p1a: Scizor|Scizor, M|100/100
|turn|6
|
|t:|1760795680
|move|p1a: Scizor|Bullet Punch|p2a: Darkrai
|-damage|p2a: Darkrai|0 fnt
|faint|p2a: Darkrai
|
|upkeep
|
|t:|1760795682
|switch|p2a: Cinderace|Cinderace, F|100/100
|-damage|p2a: Cinderace|76/100|[from] Spikes
|turn|7
|
|t:|1760795686
|switch|p1a: Torterra|Torterra, F|100/100
|move|p2a: Cinderace|Will-O-Wisp|p1a: Torterra
|-status|p1a: Torterra|brn
|
|-damage|p1a: Torterra|94/100 brn|[from] brn
|upkeep
|turn|8
|
|t:|1760795690
|move|p2a: Cinderace|Court Change|p2a: Cinderace
|-start|p2a: Cinderace|typechange|Normal|[from] ability: Libero
|-swapsideconditions
|-activate|p2a: Cinderace|move: Court Change
|move|p1a: Torterra|Shell Smash|p1a: Torterra
|-unboost|p1a: Torterra|def|1
|-unboost|p1a: Torterra|spd|1
|-boost|p1a: Torterra|atk|2
|-boost|p1a: Torterra|spa|2
|-boost|p1a: Torterra|spe|2
|
|-damage|p1a: Torterra|88/100 brn|[from] brn
|upkeep
|turn|9
|
|t:|1760795696
|switch|p2a: Illumise|Illumise, F|100/100
|move|p1a: Torterra|Rock Blast|p2a: Illumise
|-supereffective|p2a: Illumise
|-damage|p2a: Illumise|86/100
|-supereffective|p2a: Illumise
|-damage|p2a: Illumise|73/100
|-supereffective|p2a: Illumise
|-damage|p2a: Illumise|59/100
|-supereffective|p2a: Illumise
|-damage|p2a: Illumise|44/100
|-supereffective|p2a: Illumise
|-damage|p2a: Illumise|31/100
|-hitcount|p2a: Illumise|5
|
|-heal|p2a: Illumise|37/100|[from] item: Leftovers
|-damage|p1a: Torterra|82/100 brn|[from] brn
|upkeep
|turn|10
|
|t:|1760795705
|move|p2a: Illumise|Encore|p1a: Torterra
|-start|p1a: Torterra|Encore
|move|p1a: Torterra|Rock Blast|p2a: Illumise
|-supereffective|p2a: Illumise
|-damage|p2a: Illumise|24/100
|-supereffective|p2a: Illumise
|-damage|p2a: Illumise|9/100
|-supereffective|p2a: Illumise
|-damage|p2a: Illumise|0 fnt
|faint|p2a: Illumise
|-hitcount|p2: Illumise|3
|
|-damage|p1a: Torterra|76/100 brn|[from] brn
|upkeep
|
|t:|1760795717
|switch|p2a: Blissey|Blissey, F|100/100
|turn|11
|
|t:|1760795720
|move|p1a: Torterra|Rock Blast|p2a: Blissey
|-damage|p2a: Blissey|94/100
|-damage|p2a: Blissey|86/100
|-damage|p2a: Blissey|79/100
|-damage|p2a: Blissey|72/100
|-damage|p2a: Blissey|65/100
|-hitcount|p2a: Blissey|5
|move|p2a: Blissey|Ice Beam|p1a: Torterra
|-supereffective|p1a: Torterra
|-damage|p1a: Torterra|0 fnt
|faint|p1a: Torterra
|
|-heal|p2a: Blissey|71/100|[from] item: Leftovers
|upkeep
|
|t:|1760795734
|switch|p1a: Scizor|Scizor, M|100/100
|-damage|p1a: Scizor|76/100|[from] Spikes
|turn|12
|
|t:|1760795737
|move|p1a: Scizor|Close Combat|p2a: Blissey
|-supereffective|p2a: Blissey
|-damage|p2a: Blissey|0 fnt
|-unboost|p1a: Scizor|def|1
|-unboost|p1a: Scizor|spd|1
|faint|p2a: Blissey
|
|upkeep
|
|t:|1760795745
|switch|p2a: Cloyster|Cloyster, M|100/100
|turn|13
|
|t:|1760795747
|-terastallize|p2a: Cloyster|Ghost
|move|p2a: Cloyster|Shell Smash|p2a: Cloyster
|-unboost|p2a: Cloyster|def|1
|-unboost|p2a: Cloyster|spd|1
|-boost|p2a: Cloyster|atk|2
|-boost|p2a: Cloyster|spa|2
|-boost|p2a: Cloyster|spe|2
|move|p1a: Scizor|Close Combat|p2a: Cloyster
|-immune|p2a: Cloyster
|
|upkeep
|turn|14
|
|t:|1760795752
|switch|p1a: Garchomp|Garchomp, M|100/100
|-damage|p1a: Garchomp|75/100|[from] Spikes
|move|p2a: Cloyster|Icicle Spear|p1a: Garchomp
|-supereffective|p1a: Garchomp
|-damage|p1a: Garchomp|15/100
|-supereffective|p1a: Garchomp
|-damage|p1a: Garchomp|0 fnt
|faint|p1a: Garchomp
|-hitcount|p1: Garchomp|2
|
|upkeep
|
|t:|1760795755
|switch|p1a: Gholdengo|Gholdengo|100/100
|-damage|p1a: Gholdengo|76/100|[from] Spikes
|turn|15
|
|t:|1760795761
|move|p2a: Cloyster|Tera Blast|p1a: Gholdengo|[anim] Tera Blast Ghost
|-supereffective|p1a: Gholdengo
|-damage|p1a: Gholdengo|0 fnt
|faint|p1a: Gholdengo
|
|upkeep
|
|t:|1760795766
|switch|p1a: Scizor|Scizor, M|76/100
|-damage|p1a: Scizor|51/100|[from] Spikes
|turn|16
|
|t:|1760795771
|-terastallize|p1a: Scizor|Steel
|move|p1a: Scizor|Bullet Punch|p2a: Cloyster
|-damage|p2a: Cloyster|13/100
|move|p2a: Cloyster|Tera Blast|p1a: Scizor|[anim] Tera Blast Ghost
|-damage|p1a: Scizor|0 fnt
|faint|p1a: Scizor
|
|upkeep
|
|t:|1760795775
|switch|p1a: Sinistcha|Sinistcha|100/100
|turn|17
|-message|Igoodnamename forfeited.
|
|win|ineverhaxed
|raw|Igoodnamename's rating: 1348 &rarr; <strong>1328</strong><br />(-20 for losing)
|raw|ineverhaxed's rating: 1340 &rarr; <strong>1360</strong><br />(+20 for winning)
|l|☆Igoodnamename
|player|p1|
|l|☆ineverhaxed
|player|p2|
