|j|☆Winter6097
|j|☆N0tC1evey
|t:|1760791629
|gametype|singles
|player|p1|Winter6097|dancer|1363
|player|p2|N0tC1evey|pryce|1458
|gen|9
|tier|[Gen 9] OU
|rated|
|rule|HP Percentage Mod: HP is shown in percentages
|rule|Endless Battle Clause: Forcing endless battles is banned
|rule|Species Clause: Limit one of each Pokémon
|rule|OHKO Clause: OHKO moves are banned
|rule|Evasion Items Clause: Evasion items are banned
|rule|Evasion Moves Clause: Evasion moves are banned
|rule|Evasion Abilities Clause: Evasion abilities are banned
|rule|Sleep Moves Clause: Sleep-inducing moves are banned
|clearpoke
|poke|p1|Ceruledge, F|
|poke|p1|Torkoal, M|
|poke|p1|Great Tusk|
|poke|p1|Walking Wake|
|poke|p1|Scream Tail|
|poke|p1|Venusaur, M|
|poke|p2|Walking Wake|
|poke|p2|Torkoal, M|
|poke|p2|Corviknight, F|
|poke|p2|Sandy Shocks|
|poke|p2|Alomomola, F|
|poke|p2|Cinderace, M|
|teampreview
|inactive|Battle timer is ON: inactive players will automatically lose when time's up. (requested by Winter6097)
|inactive|N0tC1evey also wants the timer to be on.
|
|t:|1760791648
|teamsize|p1|6
|teamsize|p2|6
|start
|switch|p1a: Literal nuke|Walking Wake|100/100
|switch|p2a: 地鸣雷震寒彻骨|Sandy Shocks, shiny|100/100
|turn|1
|
|t:|1760791653
|-end|p2a: 地鸣雷震寒彻骨|Protosynthesis|[silent]
|switch|p2a: PinklePinkle|Alomomola, F|100/100
|move|p1a: Literal nuke|Hydro Steam|p2a: PinklePinkle
|-resisted|p2a: PinklePinkle
|-damage|p2a: PinklePinkle|81/100
|
|upkeep
|turn|2
|
|t:|1760791659
|-end|p1a: Literal nuke|Protosynthesis|[silent]
|switch|p1a: Mr.Boombastic|Torkoal, M|100/100
|-weather|SunnyDay|[from] ability: Drought|[of] p1a: Mr.Boombastic
|move|p2a: PinklePinkle|Flip Turn|p1a: Mr.Boombastic
|-supereffective|p1a: Mr.Boombastic
|-damage|p1a: Mr.Boombastic|88/100
|
|t:|1760791667
|switch|p2a: 地鸣雷震寒彻骨|Sandy Shocks, shiny|100/100|[from] Flip Turn
|-activate|p2a: 地鸣雷震寒彻骨|ability: Protosynthesis
|-start|p2a: 地鸣雷震寒彻骨|protosynthesisspa
|
|-weather|SunnyDay|[upkeep]
|upkeep
|turn|3
|
|t:|1760791678
|switch|p1a: AaAAAaaaaAhhHH|Scream Tail|100/100
|-activate|p1a: AaAAAaaaaAhhHH|ability: Protosynthesis
|-start|p1a: AaAAAaaaaAhhHH|protosynthesisspd
|move|p2a: 地鸣雷震寒彻骨|Volt Switch|p1a: AaAAAaaaaAhhHH
|-damage|p1a: AaAAAaaaaAhhHH|82/100
|
|t:|1760791689
|-end|p2a: 地鸣雷震寒彻骨|Protosynthesis|[silent]
|switch|p2a: 跟你爆了|Cinderace, M|100/100|[from] Volt Switch
|
|-weather|SunnyDay|[upkeep]
|-heal|p1a: AaAAAaaaaAhhHH|88/100|[from] item: Leftovers
|upkeep
|turn|4
|
|t:|1760791694
|-end|p1a: AaAAAaaaaAhhHH|Protosynthesis|[silent]
|switch|p1a: Literal nuke|Walking Wake|100/100
|-activate|p1a: Literal nuke|ability: Protosynthesis
|-start|p1a: Literal nuke|protosynthesisspe
|move|p2a: 跟你爆了|Pyro Ball|p1a: Literal nuke
|-resisted|p1a: Literal nuke
|-damage|p1a: Literal nuke|65/100
|
|-weather|SunnyDay|[upkeep]
|upkeep
|turn|5
|
|t:|1760791702
|switch|p2a: PinklePinkle|Alomomola, F|100/100
|move|p1a: Literal nuke|Hydro Steam|p2a: PinklePinkle
|-resisted|p2a: PinklePinkle
|-damage|p2a: PinklePinkle|73/100
|
|-weather|SunnyDay|[upkeep]
|upkeep
|turn|6
|
|t:|1760791708
|-end|p1a: Literal nuke|Protosynthesis|[silent]
|switch|p1a: Gen 1 monster|Venusaur, M|100/100
|move|p2a: PinklePinkle|Mirror Coat||[still]
|-fail|p2a: PinklePinkle
|
|-weather|SunnyDay|[upkeep]
|upkeep
|turn|7
|
|t:|1760791721
|move|p1a: Gen 1 monster|Growth|p1a: Gen 1 monster
|-boost|p1a: Gen 1 monster|atk|2
|-boost|p1a: Gen 1 monster|spa|2
|move|p2a: PinklePinkle|Mirror Coat||[still]
|-fail|p2a: PinklePinkle
|
|-weather|SunnyDay|[upkeep]
|upkeep
|turn|8
|
|t:|1760791727
|-terastallize|p2a: PinklePinkle|Dragon
|move|p1a: Gen 1 monster|Growth|p1a: Gen 1 monster
|-boost|p1a: Gen 1 monster|atk|2
|-boost|p1a: Gen 1 monster|spa|2
|move|p2a: PinklePinkle|Mirror Coat||[still]
|-fail|p2a: PinklePinkle
|
|-weather|SunnyDay|[upkeep]
|upkeep
|turn|9
|-message|N0tC1evey forfeited.
|
|win|Winter6097
|raw|Winter6097's rating: 1363 &rarr; <strong>1388</strong><br />(+25 for winning)
|raw|N0tC1evey's rating: 1458 &rarr; <strong>1433</strong><br />(-25 for losing)
|l|☆N0tC1evey
|player|p2|
|l|☆Winter6097
|player|p1|
