|j|☆Nice Mice
|j|☆eldubs
|t:|1760783212
|gametype|singles
|player|p1|Nice Mice|caitlin|1157
|player|p2|eldubs|1|1168
|gen|9
|tier|[Gen 9] OU
|rated|
|rule|HP Percentage Mod: HP is shown in percentages
|rule|Endless Battle Clause: Forcing endless battles is banned
|rule|Species Clause: Limit one of each Pokémon
|rule|OHKO Clause: OHKO moves are banned
|rule|Evasion Items Clause: Evasion items are banned
|rule|Evasion Moves Clause: Evasion moves are banned
|rule|Evasion Abilities Clause: Evasion abilities are banned
|rule|Sleep Moves Clause: Sleep-inducing moves are banned
|clearpoke
|poke|p1|Ogerpon-Wellspring, F|
|poke|p1|Kingambit, M|
|poke|p1|Landorus-Therian, M|
|poke|p1|Glimmora, F|
|poke|p1|Dragapult, M|
|poke|p1|Iron Valiant|
|poke|p2|Tyranitar, M|
|poke|p2|Excadrill, M|
|poke|p2|Kingambit, M|
|poke|p2|Garchomp, M|
|poke|p2|Pecharunt|
|poke|p2|Rotom-Wash|
|teampreview
|
|t:|1760783230
|teamsize|p1|6
|teamsize|p2|6
|start
|switch|p1a: Glimmora|Glimmora, F|100/100
|switch|p2a: Rotom|Rotom-Wash|100/100
|turn|1
|inactive|Battle timer is ON: inactive players will automatically lose when time's up. (requested by Nice Mice)
|
|t:|1760783247
|switch|p1a: Ogerpon|Ogerpon-Wellspring, F|100/100
|move|p2a: Rotom|Hydro Pump|p1a: Ogerpon
|-immune|p1a: Ogerpon|[from] ability: Water Absorb
|
|upkeep
|turn|2
|
|t:|1760783256
|move|p1a: Ogerpon|Horn Leech|p2a: Rotom
|-supereffective|p2a: Rotom
|-damage|p2a: Rotom|33/100
|move|p2a: Rotom|Will-O-Wisp|p1a: Ogerpon|[miss]
|-miss|p2a: Rotom|p1a: Ogerpon
|
|-heal|p2a: Rotom|39/100|[from] item: Leftovers
|upkeep
|turn|3
|
|t:|1760783266
|move|p1a: Ogerpon|Horn Leech|p2a: Rotom
|-supereffective|p2a: Rotom
|-damage|p2a: Rotom|0 fnt
|faint|p2a: Rotom
|
|upkeep
|
|t:|1760783274
|switch|p2a: Pecharunt|Pecharunt|100/100
|turn|4
|
|t:|1760783282
|switch|p1a: Kingambit|Kingambit, M|100/100
|move|p2a: Pecharunt|Malignant Chain|p1a: Kingambit
|-immune|p1a: Kingambit
|
|upkeep
|turn|5
|
|t:|1760783297
|switch|p2a: Tyranitar|Tyranitar, M|100/100
|-weather|Sandstorm|[from] ability: Sand Stream|[of] p2a: Tyranitar
|move|p1a: Kingambit|Swords Dance|p1a: Kingambit
|-boost|p1a: Kingambit|atk|2
|
|-weather|Sandstorm|[upkeep]
|upkeep
|turn|6
|
|t:|1760783315
|-terastallize|p1a: Kingambit|Ghost
|move|p2a: Tyranitar|Thunder Wave|p1a: Kingambit
|-status|p1a: Kingambit|par
|move|p1a: Kingambit|Iron Head|p2a: Tyranitar
|-supereffective|p2a: Tyranitar
|-damage|p2a: Tyranitar|0 fnt
|faint|p2a: Tyranitar
|
|-weather|Sandstorm|[upkeep]
|-damage|p1a: Kingambit|94/100 par|[from] Sandstorm
|-heal|p1a: Kingambit|100/100 par|[from] item: Leftovers
|upkeep
|
|t:|1760783325
|switch|p2a: Excadrill|Excadrill, M|100/100
|turn|7
|
|t:|1760783333
|cant|p1a: Kingambit|par
|move|p2a: Excadrill|Swords Dance|p2a: Excadrill
|-boost|p2a: Excadrill|atk|2
|
|-weather|Sandstorm|[upkeep]
|-damage|p1a: Kingambit|94/100 par|[from] Sandstorm
|-heal|p1a: Kingambit|100/100 par|[from] item: Leftovers
|upkeep
|turn|8
|
|t:|1760783341
|move|p1a: Kingambit|Sucker Punch|p2a: Excadrill
|-damage|p2a: Excadrill|0 fnt
|faint|p2a: Excadrill
|
|-weather|Sandstorm|[upkeep]
|-damage|p1a: Kingambit|94/100 par|[from] Sandstorm
|-heal|p1a: Kingambit|100/100 par|[from] item: Leftovers
|upkeep
|
|t:|1760783351
|switch|p2a: Garchomp|Garchomp, M|100/100
|turn|9
|
|t:|1760783362
|cant|p1a: Kingambit|par
|move|p2a: Garchomp|Earthquake|p1a: Kingambit
|-damage|p1a: Kingambit|65/100 par
|
|-weather|Sandstorm|[upkeep]
|-damage|p1a: Kingambit|59/100 par|[from] Sandstorm
|-heal|p1a: Kingambit|65/100 par|[from] item: Leftovers
|upkeep
|turn|10
|
|t:|1760783371
|-end|p1a: Kingambit|fallenundefined|[silent]
|switch|p1a: Landorus|Landorus-Therian, M|100/100
|-ability|p1a: Landorus|Intimidate|boost
|-unboost|p2a: Garchomp|atk|1
|move|p2a: Garchomp|Fire Fang|p1a: Landorus
|-damage|p1a: Landorus|86/100
|-damage|p2a: Garchomp|84/100|[from] item: Rocky Helmet|[of] p1a: Landorus
|
|-weather|Sandstorm|[upkeep]
|upkeep
|turn|11
|
|t:|1760783388
|move|p2a: Garchomp|Swords Dance|p2a: Garchomp
|-boost|p2a: Garchomp|atk|2
|move|p1a: Landorus|Stealth Rock|p2a: Garchomp
|-sidestart|p2: eldubs|move: Stealth Rock
|
|-weather|Sandstorm|[upkeep]
|upkeep
|turn|12
|
|t:|1760783394
|move|p2a: Garchomp|Scale Shot|p1a: Landorus
|-damage|p1a: Landorus|68/100
|-damage|p1a: Landorus|49/100
|-damage|p1a: Landorus|31/100
|-damage|p1a: Landorus|11/100
|-damage|p1a: Landorus|0 fnt
|faint|p1a: Landorus
|-hitcount|p1: Landorus|5
|-unboost|p2a: Garchomp|def|1
|-boost|p2a: Garchomp|spe|1
|
|-weather|none
|upkeep
|
|t:|1760783402
|switch|p1a: Iron Valiant|Iron Valiant|100/100
|-enditem|p1a: Iron Valiant|Booster Energy
|-activate|p1a: Iron Valiant|ability: Quark Drive|[fromitem]
|-start|p1a: Iron Valiant|quarkdrivespe
|turn|13
|
|t:|1760783412
|move|p1a: Iron Valiant|Spirit Break|p2a: Garchomp
|-supereffective|p2a: Garchomp
|-damage|p2a: Garchomp|0 fnt
|-damage|p1a: Iron Valiant|88/100|[from] ability: Rough Skin|[of] p2a: Garchomp
|faint|p2a: Garchomp
|
|upkeep
|
|t:|1760783419
|switch|p2a: Kingambit|Kingambit, M|100/100
|-damage|p2a: Kingambit|94/100|[from] Stealth Rock
|turn|14
|
|t:|1760783429
|move|p1a: Iron Valiant|Swords Dance|p1a: Iron Valiant
|-boost|p1a: Iron Valiant|atk|2
|move|p2a: Kingambit|Swords Dance|p2a: Kingambit
|-boost|p2a: Kingambit|atk|2
|
|upkeep
|turn|15
|
|t:|1760783443
|-terastallize|p2a: Kingambit|Dark
|move|p2a: Kingambit|Sucker Punch||[still]
|-fail|p2a: Kingambit
|move|p1a: Iron Valiant|Encore|p2a: Kingambit
|-start|p2a: Kingambit|Encore
|
|upkeep
|turn|16
|
|t:|1760783449
|move|p2a: Kingambit|Sucker Punch||[still]
|-fail|p2a: Kingambit
|move|p1a: Iron Valiant|Swords Dance|p1a: Iron Valiant
|-boost|p1a: Iron Valiant|atk|2
|
|upkeep
|turn|17
|
|t:|1760783455
|switch|p2a: Pecharunt|Pecharunt|100/100
|move|p1a: Iron Valiant|Swords Dance|p1a: Iron Valiant
|-boost|p1a: Iron Valiant|atk|2
|
|upkeep
|turn|18
|
|t:|1760783464
|move|p1a: Iron Valiant|Knock Off|p2a: Pecharunt
|-supereffective|p2a: Pecharunt
|-damage|p2a: Pecharunt|0 fnt
|-enditem|p2a: Pecharunt|Heavy-Duty Boots|[from] move: Knock Off|[of] p1a: Iron Valiant
|faint|p2a: Pecharunt
|
|upkeep
|
|t:|1760783469
|switch|p2a: Kingambit|Kingambit, M, tera:Dark|94/100
|-damage|p2a: Kingambit|82/100|[from] Stealth Rock
|turn|19
|
|t:|1760783475
|move|p1a: Iron Valiant|Spirit Break|p2a: Kingambit
|-supereffective|p2a: Kingambit
|-damage|p2a: Kingambit|0 fnt
|faint|p2a: Kingambit
|
|win|Nice Mice
|raw|Nice Mice's rating: 1157 &rarr; <strong>1183</strong><br />(+26 for winning)
|raw|eldubs's rating: 1168 &rarr; <strong>1142</strong><br />(-26 for losing)
|l|☆eldubs
|player|p2|
