|j|☆turtwig26
|j|☆Dextraordinary001
|t:|1760742666
|gametype|singles
|player|p1|turtwig26|hilbert|1056
|player|p2|Dextraordinary001|blaine|1072
|gen|9
|tier|[Gen 9] OU
|rated|
|rule|HP Percentage Mod: HP is shown in percentages
|rule|Endless Battle Clause: Forcing endless battles is banned
|rule|Species Clause: Limit one of each Pokémon
|rule|OHKO Clause: OHKO moves are banned
|rule|Evasion Items Clause: Evasion items are banned
|rule|Evasion Moves Clause: Evasion moves are banned
|rule|Evasion Abilities Clause: Evasion abilities are banned
|rule|Sleep Moves Clause: Sleep-inducing moves are banned
|clearpoke
|poke|p1|Shroodle, L90, F|
|poke|p1|Cramorant, F|
|poke|p1|Dragapult, F|
|poke|p1|Dondozo, M|
|poke|p1|Meowscarada, F|
|poke|p1|Riolu, L90, F|
|poke|p2|Krookodile, M|
|poke|p2|Conkeldurr, F|
|poke|p2|Arcanine, M|
|poke|p2|Garganacl, F|
|poke|p2|Mimikyu, M|
|poke|p2|Cinccino, M|
|teampreview
|
|t:|1760742675
|teamsize|p1|6
|teamsize|p2|6
|start
|switch|p1a: Meowscarada|Meowscarada, F|100/100
|switch|p2a: Garganacl|Garganacl, F, shiny|100/100
|turn|1
|
|t:|1760742682
|move|p1a: Meowscarada|Toxic Spikes|p2a: Garganacl
|-start|p1a: Meowscarada|typechange|Poison|[from] ability: Protean
|-sidestart|p2: Dextraordinary001|move: Toxic Spikes
|move|p2a: Garganacl|Stealth Rock|p1a: Meowscarada
|-sidestart|p1: turtwig26|move: Stealth Rock
|
|upkeep
|turn|2
|
|t:|1760742690
|move|p1a: Meowscarada|Toxic Spikes|p2a: Garganacl
|-sidestart|p2: Dextraordinary001|move: Toxic Spikes
|move|p2a: Garganacl|Earthquake|p1a: Meowscarada
|-supereffective|p1a: Meowscarada
|-damage|p1a: Meowscarada|30/100
|
|upkeep
|turn|3
|
|t:|1760742705
|move|p1a: Meowscarada|Knock Off|p2a: Garganacl
|-damage|p2a: Garganacl|85/100
|-enditem|p2a: Garganacl|Leftovers|[from] move: Knock Off|[of] p1a: Meowscarada
|move|p2a: Garganacl|Salt Cure|p1a: Meowscarada
|-damage|p1a: Meowscarada|8/100
|-start|p1a: Meowscarada|Salt Cure
|
|-damage|p1a: Meowscarada|0 fnt|[from] Salt Cure
|faint|p1a: Meowscarada
|upkeep
|
|t:|1760742714
|switch|p1a: Cramorant|Cramorant, F|100/100
|-damage|p1a: Cramorant|75/100|[from] Stealth Rock
|turn|4
|
|t:|1760742723
|move|p1a: Cramorant|Dive||[still]
|-formechange|p1a: Cramorant|Cramorant-Gulping|
|-prepare|p1a: Cramorant|Dive
|move|p2a: Garganacl|Salt Cure|p1a: Cramorant|[miss]
|-miss|p2a: Garganacl|p1a: Cramorant
|
|-damage|p1a: Cramorant|63/100|[from] item: Sticky Barb
|upkeep
|turn|5
|
|t:|1760742739
|move|p1a: Cramorant|Dive|p2a: Garganacl|[from] lockedmove
|-supereffective|p2a: Garganacl
|-damage|p2a: Garganacl|51/100
|move|p2a: Garganacl|Recover|p2a: Garganacl
|-heal|p2a: Garganacl|100/100
|
|-damage|p1a: Cramorant|50/100|[from] item: Sticky Barb
|upkeep
|turn|6
|
|t:|1760742748
|move|p1a: Cramorant|Dive||[still]
|-prepare|p1a: Cramorant|Dive
|move|p2a: Garganacl|Salt Cure|p1a: Cramorant|[miss]
|-miss|p2a: Garganacl|p1a: Cramorant
|
|-damage|p1a: Cramorant|38/100|[from] item: Sticky Barb
|upkeep
|turn|7
|
|t:|1760742756
|move|p1a: Cramorant|Dive|p2a: Garganacl|[from] lockedmove
|-supereffective|p2a: Garganacl
|-damage|p2a: Garganacl|66/100
|move|p2a: Garganacl|Recover|p2a: Garganacl
|-heal|p2a: Garganacl|100/100
|
|-damage|p1a: Cramorant|25/100|[from] item: Sticky Barb
|upkeep
|turn|8
|
|t:|1760742769
|move|p1a: Cramorant|Dive||[still]
|-prepare|p1a: Cramorant|Dive
|move|p2a: Garganacl|Salt Cure|p1a: Cramorant|[miss]
|-miss|p2a: Garganacl|p1a: Cramorant
|
|-damage|p1a: Cramorant|13/100|[from] item: Sticky Barb
|upkeep
|turn|9
|
|t:|1760742776
|move|p1a: Cramorant|Dive|p2a: Garganacl|[from] lockedmove
|-supereffective|p2a: Garganacl
|-damage|p2a: Garganacl|65/100
|move|p2a: Garganacl|Recover|p2a: Garganacl
|-heal|p2a: Garganacl|100/100
|
|-damage|p1a: Cramorant|0 fnt|[from] item: Sticky Barb
|faint|p1a: Cramorant
|upkeep
|
|t:|1760742786
|switch|p1a: Shroodle|Shroodle, L90, F|100/100
|-damage|p1a: Shroodle|88/100|[from] Stealth Rock
|turn|10
|
|t:|1760742793
|-terastallize|p1a: Shroodle|Water
|move|p1a: Shroodle|Copycat|p1a: Shroodle
|move|p1a: Shroodle|Recover|p1a: Shroodle|[from] move: Copycat
|-heal|p1a: Shroodle|100/100
|move|p2a: Garganacl|Earthquake|p1a: Shroodle
|-damage|p1a: Shroodle|24/100
|
|upkeep
|turn|11
|-message|turtwig26 forfeited.
|
|win|Dextraordinary001
|raw|turtwig26's rating: 1056 &rarr; <strong>1038</strong><br />(-18 for losing)
|raw|Dextraordinary001's rating: 1072 &rarr; <strong>1100</strong><br />(+28 for winning)
|l|☆turtwig26
|player|p1|
|l|☆Dextraordinary001
|player|p2|
