|j|☆yangsi
|j|☆neverstudyingever
|t:|1760879004
|gametype|singles
|player|p1|yangsi|169|1491
|player|p2|neverstudyingever|iris-gen5bw2|1493
|gen|9
|tier|[Gen 9] OU
|rated|
|rule|HP Percentage Mod: HP is shown in percentages
|rule|Endless Battle Clause: Forcing endless battles is banned
|rule|Species Clause: Limit one of each Pokémon
|rule|OHKO Clause: OHKO moves are banned
|rule|Evasion Items Clause: Evasion items are banned
|rule|Evasion Moves Clause: Evasion moves are banned
|rule|Evasion Abilities Clause: Evasion abilities are banned
|rule|Sleep Moves Clause: Sleep-inducing moves are banned
|clearpoke
|poke|p1|Whimsicott, M|
|poke|p1|Tauros-Paldea-Blaze, M|
|poke|p1|Great Tusk|
|poke|p1|Fezandipiti, M|
|poke|p1|Zoroark, M|
|poke|p1|Crawdaunt, M|
|poke|p2|Ting-Lu|
|poke|p2|Pecharunt|
|poke|p2|Iron Valiant|
|poke|p2|Garganacl, M|
|poke|p2|Lokix, M|
|poke|p2|Hydrapple, F|
|teampreview
|inactive|Battle timer is ON: inactive players will automatically lose when time's up. (requested by neverstudyingever)
|
|t:|1760879032
|teamsize|p1|6
|teamsize|p2|6
|start
|switch|p1a: Fezandipiti|Fezandipiti, M|100/100
|switch|p2a: Lokix|Lokix, M|100/100
|turn|1
|
|t:|1760879040
|switch|p2a: Garganacl|Garganacl, M|100/100
|move|p1a: Fezandipiti|Protect||[still]
|-fail|p1a: Fezandipiti
|
|upkeep
|turn|2
|
|t:|1760879046
|move|p1a: Fezandipiti|U-turn|p2a: Garganacl
|-damage|p2a: Garganacl|90/100
|
|t:|1760879049
|switch|p1a: Whimsicott|Whimsicott, M|100/100|[from] U-turn
|move|p2a: Garganacl|Stealth Rock|p1a: Whimsicott
|-sidestart|p1: yangsi|move: Stealth Rock
|
|upkeep
|turn|3
|
|t:|1760879061
|switch|p2a: Pecharunt|Pecharunt|100/100
|move|p1a: Whimsicott|Tailwind|p1a: Whimsicott
|-sidestart|p1: yangsi|move: Tailwind
|
|upkeep
|turn|4
|
|t:|1760879067
|switch|p1a: Fezandipiti|Fezandipiti, M|100/100
|-damage|p1a: Fezandipiti|88/100|[from] Stealth Rock
|move|p2a: Pecharunt|Parting Shot|p1a: Fezandipiti
|-unboost|p1a: Fezandipiti|atk|1
|-unboost|p1a: Fezandipiti|spa|1
|
|t:|1760879072
|switch|p2a: Garganacl|Garganacl, M|90/100|[from] Parting Shot
|
|upkeep
|turn|5
|
|t:|1760879078
|move|p1a: Fezandipiti|Nasty Plot|p1a: Fezandipiti
|-boost|p1a: Fezandipiti|spa|2
|move|p2a: Garganacl|Salt Cure|p1a: Fezandipiti
|-damage|p1a: Fezandipiti|59/100
|-start|p1a: Fezandipiti|Salt Cure
|replace|p1a: Zoroark|Zoroark, M
|-end|p1a: Zoroark|Illusion
|
|-damage|p1a: Zoroark|47/100|[from] Salt Cure
|upkeep
|turn|6
|
|t:|1760879089
|switch|p2a: Ting-Lu|Ting-Lu|100/100
|-ability|p2a: Ting-Lu|Vessel of Ruin
|move|p1a: Zoroark|Grass Knot|p2a: Ting-Lu
|-supereffective|p2a: Ting-Lu
|-damage|p2a: Ting-Lu|51/100
|
|-heal|p2a: Ting-Lu|57/100|[from] item: Leftovers
|-damage|p1a: Zoroark|35/100|[from] Salt Cure
|-sideend|p1: yangsi|move: Tailwind
|upkeep
|turn|7
|
|t:|1760879100
|switch|p2a: Hydrapple|Hydrapple, F|100/100
|move|p1a: Zoroark|Grass Knot|p2a: Hydrapple
|-resisted|p2a: Hydrapple
|-damage|p2a: Hydrapple|91/100
|
|-damage|p1a: Zoroark|22/100|[from] Salt Cure
|upkeep
|turn|8
|
|t:|1760879108
|switch|p2a: Ting-Lu|Ting-Lu|57/100
|-ability|p2a: Ting-Lu|Vessel of Ruin
|move|p1a: Zoroark|Sludge Bomb|p2a: Ting-Lu
|-resisted|p2a: Ting-Lu
|-damage|p2a: Ting-Lu|48/100
|
|-heal|p2a: Ting-Lu|54/100|[from] item: Leftovers
|-damage|p1a: Zoroark|10/100|[from] Salt Cure
|upkeep
|turn|9
|
|t:|1760879114
|switch|p1a: Great Tusk|Great Tusk|100/100
|-damage|p1a: Great Tusk|98/100|[from] Stealth Rock
|move|p2a: Ting-Lu|Spikes|p1a: Great Tusk
|-sidestart|p1: yangsi|Spikes
|
|-heal|p1a: Great Tusk|100/100|[from] item: Leftovers
|-heal|p2a: Ting-Lu|60/100|[from] item: Leftovers
|upkeep
|turn|10
|
|t:|1760879121
|switch|p2a: Pecharunt|Pecharunt|100/100
|move|p1a: Great Tusk|Rapid Spin|p2a: Pecharunt
|-immune|p2a: Pecharunt
|
|upkeep
|turn|11
|
|t:|1760879126
|move|p2a: Pecharunt|Parting Shot|p1a: Great Tusk
|-unboost|p1a: Great Tusk|atk|1
|-unboost|p1a: Great Tusk|spa|1
|
|t:|1760879132
|switch|p2a: Iron Valiant|Iron Valiant|100/100|[from] Parting Shot
|move|p1a: Great Tusk|Headlong Rush|p2a: Iron Valiant
|-damage|p2a: Iron Valiant|44/100
|-unboost|p1a: Great Tusk|def|1
|-unboost|p1a: Great Tusk|spd|1
|
|upkeep
|turn|12
|
|t:|1760879138
|-end|p1a: Great Tusk|Protosynthesis|[silent]
|switch|p1a: Fezandipiti|Fezandipiti, M|10/100
|-damage|p1a: Fezandipiti|0 fnt|[from] Stealth Rock
|faint|p1a: Fezandipiti
|move|p2a: Iron Valiant|Moonblast|p1: Zoroark|[notarget]
|-fail|p2a: Iron Valiant
|
|upkeep
|
|t:|1760879148
|switch|p1a: Fezandipiti|Fezandipiti, M|100/100
|-damage|p1a: Fezandipiti|88/100|[from] Stealth Rock
|-damage|p1a: Fezandipiti|76/100|[from] Spikes
|turn|13
|
|t:|1760879153
|-end|p2a: Iron Valiant|Quark Drive|[silent]
|switch|p2a: Garganacl|Garganacl, M|90/100
|move|p1a: Fezandipiti|U-turn|p2a: Garganacl
|-damage|p2a: Garganacl|79/100
|
|t:|1760879156
|switch|p1a: Great Tusk|Great Tusk|100/100|[from] U-turn
|-damage|p1a: Great Tusk|98/100|[from] Stealth Rock
|-damage|p1a: Great Tusk|85/100|[from] Spikes
|
|-heal|p1a: Great Tusk|91/100|[from] item: Leftovers
|upkeep
|turn|14
|
|t:|1760879164
|switch|p2a: Hydrapple|Hydrapple, F|100/100
|move|p1a: Great Tusk|Headlong Rush|p2a: Hydrapple
|-resisted|p2a: Hydrapple
|-damage|p2a: Hydrapple|83/100
|-unboost|p1a: Great Tusk|def|1
|-unboost|p1a: Great Tusk|spd|1
|
|-heal|p1a: Great Tusk|98/100|[from] item: Leftovers
|upkeep
|turn|15
|
|t:|1760879168
|switch|p2a: Pecharunt|Pecharunt|100/100
|move|p1a: Great Tusk|Ice Spinner|p2a: Pecharunt
|-damage|p2a: Pecharunt|85/100
|
|-heal|p1a: Great Tusk|100/100|[from] item: Leftovers
|upkeep
|turn|16
|
|t:|1760879177
|move|p2a: Pecharunt|Malignant Chain|p1a: Great Tusk
|-resisted|p1a: Great Tusk
|-damage|p1a: Great Tusk|68/100
|-status|p1a: Great Tusk|tox
|-start|p1a: Great Tusk|confusion|[from] ability: Poison Puppeteer|[of] p2a: Pecharunt
|-activate|p1a: Great Tusk|confusion
|move|p1a: Great Tusk|Headlong Rush|p2a: Pecharunt
|-supereffective|p2a: Pecharunt
|-damage|p2a: Pecharunt|4/100
|-unboost|p1a: Great Tusk|def|1
|-unboost|p1a: Great Tusk|spd|1
|
|-heal|p1a: Great Tusk|74/100 tox|[from] item: Leftovers
|-damage|p1a: Great Tusk|68/100 tox|[from] psn
|upkeep
|turn|17
|
|t:|1760879184
|move|p2a: Pecharunt|Parting Shot|p1a: Great Tusk
|-unboost|p1a: Great Tusk|atk|1
|-unboost|p1a: Great Tusk|spa|1
|
|t:|1760879187
|switch|p2a: Hydrapple|Hydrapple, F|100/100|[from] Parting Shot
|-end|p1a: Great Tusk|confusion
|move|p1a: Great Tusk|Ice Spinner|p2a: Hydrapple
|-supereffective|p2a: Hydrapple
|-damage|p2a: Hydrapple|58/100
|
|-heal|p1a: Great Tusk|74/100 tox|[from] item: Leftovers
|-damage|p1a: Great Tusk|62/100 tox|[from] psn
|upkeep
|turn|18
|
|t:|1760879192
|-end|p1a: Great Tusk|Protosynthesis|[silent]
|switch|p1a: Fezandipiti|Fezandipiti, M|76/100
|-damage|p1a: Fezandipiti|63/100|[from] Stealth Rock
|-damage|p1a: Fezandipiti|51/100|[from] Spikes
|move|p2a: Hydrapple|Giga Drain|p1a: Fezandipiti
|-resisted|p1a: Fezandipiti
|-damage|p1a: Fezandipiti|43/100
|-heal|p2a: Hydrapple|62/100|[from] drain|[of] p1a: Fezandipiti
|
|upkeep
|turn|19
|
|t:|1760879201
|switch|p2a: Garganacl|Garganacl, M|79/100
|move|p1a: Fezandipiti|Roost|p1a: Fezandipiti
|-heal|p1a: Fezandipiti|93/100
|-singleturn|p1a: Fezandipiti|move: Roost
|
|upkeep
|turn|20
|
|t:|1760879207
|move|p1a: Fezandipiti|U-turn|p2a: Garganacl
|-damage|p2a: Garganacl|70/100
|
|t:|1760879210
|switch|p1a: Crawdaunt|Crawdaunt, M|100/100|[from] U-turn
|-damage|p1a: Crawdaunt|88/100|[from] Stealth Rock
|-damage|p1a: Crawdaunt|76/100|[from] Spikes
|move|p2a: Garganacl|Salt Cure|p1a: Crawdaunt
|-damage|p1a: Crawdaunt|58/100
|-start|p1a: Crawdaunt|Salt Cure
|
|-damage|p1a: Crawdaunt|33/100|[from] Salt Cure
|upkeep
|turn|21
|
|t:|1760879219
|switch|p2a: Hydrapple|Hydrapple, F|95/100
|move|p1a: Crawdaunt|Crabhammer|p2a: Hydrapple
|-resisted|p2a: Hydrapple
|-damage|p2a: Hydrapple|85/100
|
|-damage|p1a: Crawdaunt|8/100|[from] Salt Cure
|upkeep
|turn|22
|
|t:|1760879225
|switch|p1a: Fezandipiti|Fezandipiti, M|93/100
|-damage|p1a: Fezandipiti|81/100|[from] Stealth Rock
|-damage|p1a: Fezandipiti|68/100|[from] Spikes
|move|p2a: Hydrapple|Nasty Plot|p2a: Hydrapple
|-boost|p2a: Hydrapple|spa|2
|
|upkeep
|turn|23
|
|t:|1760879231
|move|p1a: Fezandipiti|U-turn|p2a: Hydrapple
|-supereffective|p2a: Hydrapple
|-damage|p2a: Hydrapple|66/100
|
|t:|1760879240
|switch|p1a: Great Tusk|Great Tusk|62/100 tox|[from] U-turn
|-damage|p1a: Great Tusk|59/100 tox|[from] Stealth Rock
|-damage|p1a: Great Tusk|47/100 tox|[from] Spikes
|move|p2a: Hydrapple|Earth Power|p1a: Great Tusk
|-damage|p1a: Great Tusk|0 fnt
|faint|p1a: Great Tusk
|-end|p1a: Great Tusk|Protosynthesis|[silent]
|
|upkeep
|
|t:|1760879249
|switch|p1a: Whimsicott|Whimsicott, M|100/100
|-damage|p1a: Whimsicott|88/100|[from] Stealth Rock
|-damage|p1a: Whimsicott|76/100|[from] Spikes
|turn|24
|
|t:|1760879259
|switch|p2a: Garganacl|Garganacl, M|70/100
|move|p1a: Whimsicott|Moonblast|p2a: Garganacl
|-damage|p2a: Garganacl|54/100
|-unboost|p2a: Garganacl|spa|1
|
|upkeep
|turn|25
|
|t:|1760879267
|switch|p1a: Tauros|Tauros-Paldea-Blaze, M|100/100
|-damage|p1a: Tauros|88/100|[from] Stealth Rock
|-damage|p1a: Tauros|76/100|[from] Spikes
|-ability|p1a: Tauros|Intimidate|boost
|-unboost|p2a: Garganacl|atk|1
|move|p2a: Garganacl|Recover|p2a: Garganacl
|-heal|p2a: Garganacl|100/100
|
|upkeep
|turn|26
|
|t:|1760879275
|switch|p2a: Hydrapple|Hydrapple, F|99/100
|move|p1a: Tauros|Close Combat|p2a: Hydrapple
|-damage|p2a: Hydrapple|53/100
|-unboost|p1a: Tauros|def|1
|-unboost|p1a: Tauros|spd|1
|
|upkeep
|turn|27
|
|t:|1760879281
|-terastallize|p1a: Tauros|Fighting
|move|p1a: Tauros|Close Combat|p2a: Hydrapple
|-damage|p2a: Hydrapple|0 fnt
|-unboost|p1a: Tauros|def|1
|-unboost|p1a: Tauros|spd|1
|faint|p2a: Hydrapple
|
|upkeep
|inactive|neverstudyingever has 120 seconds left.
|
|t:|1760879317
|switch|p2a: Iron Valiant|Iron Valiant|44/100
|turn|28
|
|t:|1760879321
|move|p2a: Iron Valiant|Moonblast|p1a: Tauros
|-supereffective|p1a: Tauros
|-damage|p1a: Tauros|0 fnt
|faint|p1a: Tauros
|
|upkeep
|
|t:|1760879326
|switch|p1a: Whimsicott|Whimsicott, M|76/100
|-damage|p1a: Whimsicott|63/100|[from] Stealth Rock
|-damage|p1a: Whimsicott|51/100|[from] Spikes
|turn|29
|
|t:|1760879340
|-end|p2a: Iron Valiant|Quark Drive|[silent]
|switch|p2a: Pecharunt|Pecharunt|4/100
|move|p1a: Whimsicott|Moonblast|p2a: Pecharunt
|-resisted|p2a: Pecharunt
|-damage|p2a: Pecharunt|0 fnt
|faint|p2a: Pecharunt
|
|upkeep
|
|t:|1760879345
|switch|p2a: Garganacl|Garganacl, M|100/100
|turn|30
|
|t:|1760879349
|move|p1a: Whimsicott|Moonblast|p2a: Garganacl
|-damage|p2a: Garganacl|83/100
|move|p2a: Garganacl|Salt Cure|p1a: Whimsicott
|-damage|p1a: Whimsicott|40/100
|-start|p1a: Whimsicott|Salt Cure
|
|-damage|p1a: Whimsicott|27/100|[from] Salt Cure
|upkeep
|turn|31
|c|☆neverstudyingever|gg
|-message|yangsi forfeited.
|
|win|neverstudyingever
|raw|yangsi's rating: 1491 &rarr; <strong>1471</strong><br />(-20 for losing)
|raw|neverstudyingever's rating: 1493 &rarr; <strong>1513</strong><br />(+20 for winning)
|l|☆yangsi
|player|p1|
