|j|☆BAGGYB0167
|j|☆Flurrage
|t:|1760872740
|gametype|singles
|player|p1|BAGGYB0167|drayden|1363
|player|p2|Flurrage|lady-gen4|1412
|gen|9
|tier|[Gen 9] OU
|rated|
|rule|HP Percentage Mod: HP is shown in percentages
|rule|Endless Battle Clause: Forcing endless battles is banned
|rule|Species Clause: Limit one of each Pokémon
|rule|OHKO Clause: OHKO moves are banned
|rule|Evasion Items Clause: Evasion items are banned
|rule|Evasion Moves Clause: Evasion moves are banned
|rule|Evasion Abilities Clause: Evasion abilities are banned
|rule|Sleep Moves Clause: Sleep-inducing moves are banned
|clearpoke
|poke|p1|Dragonite, M|
|poke|p1|Weezing-Galar, F|
|poke|p1|Ogerpon-Wellspring, F|
|poke|p1|Slowking-Galar, F|
|poke|p1|Moltres|
|poke|p1|Darkrai|
|poke|p2|Thundurus-Therian, M|
|poke|p2|Registeel|
|poke|p2|Fezandipiti, M|
|poke|p2|Donphan, F|
|poke|p2|Lokix, F|
|poke|p2|Slowking, M|
|teampreview
|inactive|Battle timer is ON: inactive players will automatically lose when time's up. (requested by BAGGYB0167)
|
|t:|1760872759
|teamsize|p1|6
|teamsize|p2|6
|start
|switch|p1a: Ogerpon|Ogerpon-Wellspring, F|100/100
|switch|p2a: Fezandipiti|Fezandipiti, M|100/100
|turn|1
|
|t:|1760872771
|switch|p1a: Weezing|Weezing-Galar, F|100/100
|-ability|p1a: Weezing|Neutralizing Gas
|move|p2a: Fezandipiti|Gunk Shot|p1a: Weezing
|-crit|p1a: Weezing
|-damage|p1a: Weezing|51/100
|
|upkeep
|turn|2
|
|t:|1760872783
|move|p2a: Fezandipiti|U-turn|p1a: Weezing
|-resisted|p1a: Weezing
|-damage|p1a: Weezing|48/100
|
|t:|1760872786
|switch|p2a: Thundurus|Thundurus-Therian, M|100/100|[from] U-turn
|move|p1a: Weezing|Pain Split|p2a: Thundurus
|-sethp|p2a: Thundurus|77/100|[from] move: Pain Split|[silent]
|-sethp|p1a: Weezing|69/100|[from] move: Pain Split
|
|upkeep
|turn|3
|
|t:|1760872791
|-end|p1a: Weezing|ability: Neutralizing Gas
|switch|p1a: Slowking|Slowking-Galar, F|100/100
|move|p2a: Thundurus|Thunderbolt|p1a: Slowking
|-damage|p1a: Slowking|68/100
|-damage|p2a: Thundurus|67/100|[from] item: Life Orb
|
|upkeep
|turn|4
|
|t:|1760872805
|move|p2a: Thundurus|Volt Switch|p1a: Slowking
|-damage|p1a: Slowking|43/100
|-damage|p2a: Thundurus|57/100|[from] item: Life Orb
|
|t:|1760872810
|switch|p2a: Donphan|Donphan, F|100/100|[from] Volt Switch
|move|p1a: Slowking|Sludge Bomb|p2a: Donphan
|-resisted|p2a: Donphan
|-damage|p2a: Donphan|72/100
|
|upkeep
|turn|5
|
|t:|1760872818
|switch|p1a: Moltres|Moltres|100/100
|move|p2a: Donphan|Stealth Rock|p1a: Moltres
|-sidestart|p1: BAGGYB0167|move: Stealth Rock
|
|upkeep
|turn|6
|
|t:|1760872825
|switch|p2a: Slowking|Slowking, M|100/100
|move|p1a: Moltres|Will-O-Wisp|p2a: Slowking
|-status|p2a: Slowking|brn
|
|-damage|p2a: Slowking|94/100 brn|[from] brn
|upkeep
|turn|7
|
|t:|1760872841
|switch|p1a: Slowking|Slowking-Galar, F|76/100
|-damage|p1a: Slowking|64/100|[from] Stealth Rock
|-prepare|p2a: Slowking|Chilly Reception|[premajor]
|move|p2a: Slowking|Chilly Reception|p2a: Slowking
|-weather|Snowscape
|
|t:|1760872850
|switch|p2a: Lokix|Lokix, F|100/100|[from] Chilly Reception
|
|-weather|Snowscape|[upkeep]
|upkeep
|turn|8
|
|t:|1760872854
|switch|p1a: Moltres|Moltres|100/100
|move|p2a: Lokix|First Impression|p1a: Moltres
|-resisted|p1a: Moltres
|-damage|p1a: Moltres|80/100
|
|-weather|Snowscape|[upkeep]
|upkeep
|turn|9
|
|t:|1760872867
|switch|p2a: Slowking|Slowking, M|100/100 brn
|switch|p1a: Weezing|Weezing-Galar, F|69/100
|-ability|p1a: Weezing|Neutralizing Gas
|
|-weather|Snowscape|[upkeep]
|-damage|p2a: Slowking|94/100 brn|[from] brn
|upkeep
|turn|10
|
|t:|1760872876
|move|p1a: Weezing|Defog|p2a: Slowking
|-unboost|p2a: Slowking|evasion|1
|-sideend|p1: BAGGYB0167|Stealth Rock|[from] move: Defog|[of] p1a: Weezing
|move|p2a: Slowking|Psychic|p1a: Weezing
|-supereffective|p1a: Weezing
|-damage|p1a: Weezing|0 fnt
|faint|p1a: Weezing
|-end|p1a: Weezing|ability: Neutralizing Gas
|
|-weather|Snowscape|[upkeep]
|-damage|p2a: Slowking|88/100 brn|[from] brn
|upkeep
|
|t:|1760872891
|switch|p1a: Darkrai|Darkrai|100/100
|turn|11
|
|t:|1760872897
|switch|p2a: Fezandipiti|Fezandipiti, M|100/100
|move|p1a: Darkrai|Trick|p2a: Fezandipiti
|-activate|p1a: Darkrai|move: Trick|[of] p2a: Fezandipiti
|-item|p2a: Fezandipiti|Choice Scarf|[from] move: Trick
|-item|p1a: Darkrai|Leftovers|[from] move: Trick
|
|-weather|none
|upkeep
|turn|12
|
|t:|1760872910
|switch|p1a: Moltres|Moltres|80/100
|move|p2a: Fezandipiti|U-turn|p1a: Moltres
|-resisted|p1a: Moltres
|-damage|p1a: Moltres|76/100
|-status|p2a: Fezandipiti|brn|[from] ability: Flame Body|[of] p1a: Moltres
|-status|p1a: Moltres|tox|[from] ability: Toxic Chain|[of] p2a: Fezandipiti
|
|t:|1760872914
|switch|p2a: Slowking|Slowking, M|100/100 brn|[from] U-turn
|
|-damage|p1a: Moltres|70/100 tox|[from] psn
|-damage|p2a: Slowking|94/100 brn|[from] brn
|upkeep
|turn|13
|
|t:|1760872922
|switch|p1a: Slowking|Slowking-Galar, F|97/100
|-prepare|p2a: Slowking|Chilly Reception|[premajor]
|move|p2a: Slowking|Chilly Reception|p2a: Slowking
|-weather|Snowscape
|
|t:|1760872925
|switch|p2a: Donphan|Donphan, F|72/100|[from] Chilly Reception
|
|-weather|Snowscape|[upkeep]
|upkeep
|turn|14
|
|t:|1760872930
|switch|p1a: Moltres|Moltres|70/100 tox
|move|p2a: Donphan|Stealth Rock|p1a: Moltres
|-sidestart|p1: BAGGYB0167|move: Stealth Rock
|
|-weather|Snowscape|[upkeep]
|-damage|p1a: Moltres|64/100 tox|[from] psn
|upkeep
|turn|15
|
|t:|1760872937
|switch|p2a: Slowking|Slowking, M|100/100 brn
|move|p1a: Moltres|Roost|p1a: Moltres
|-heal|p1a: Moltres|100/100 tox
|-singleturn|p1a: Moltres|move: Roost
|
|-weather|Snowscape|[upkeep]
|-damage|p1a: Moltres|88/100 tox|[from] psn
|-damage|p2a: Slowking|94/100 brn|[from] brn
|upkeep
|turn|16
|
|t:|1760872946
|switch|p1a: Slowking|Slowking-Galar, F|100/100
|-damage|p1a: Slowking|88/100|[from] Stealth Rock
|move|p2a: Slowking|Psychic|p1a: Slowking
|-damage|p1a: Slowking|67/100
|
|-weather|Snowscape|[upkeep]
|-damage|p2a: Slowking|88/100 brn|[from] brn
|upkeep
|turn|17
|
|t:|1760872958
|move|p1a: Slowking|Sludge Bomb|p2a: Slowking
|-damage|p2a: Slowking|55/100 brn
|move|p2a: Slowking|Psychic|p1a: Slowking
|-damage|p1a: Slowking|44/100
|
|-weather|none
|-damage|p2a: Slowking|49/100 brn|[from] brn
|upkeep
|turn|18
|
|t:|1760872965
|switch|p2a: Donphan|Donphan, F|72/100
|move|p1a: Slowking|Sludge Bomb|p2a: Donphan
|-resisted|p2a: Donphan
|-damage|p2a: Donphan|45/100
|
|upkeep
|turn|19
|
|t:|1760872973
|switch|p1a: Moltres|Moltres|88/100 tox
|move|p2a: Donphan|Ice Shard|p1a: Moltres
|-damage|p1a: Moltres|78/100 tox
|
|-damage|p1a: Moltres|72/100 tox|[from] psn
|upkeep
|turn|20
|
|t:|1760872979
|switch|p2a: Fezandipiti|Fezandipiti, M|100/100 brn
|move|p1a: Moltres|Hurricane|p2a: Fezandipiti|[miss]
|-miss|p1a: Moltres|p2a: Fezandipiti
|
|-damage|p1a: Moltres|60/100 tox|[from] psn
|-damage|p2a: Fezandipiti|95/100 brn|[from] brn
|upkeep
|turn|21
|
|t:|1760872997
|move|p2a: Fezandipiti|Gunk Shot|p1a: Moltres
|-damage|p1a: Moltres|42/100 tox
|move|p1a: Moltres|Hurricane|p2a: Fezandipiti
|-damage|p2a: Fezandipiti|53/100 brn
|
|-damage|p1a: Moltres|24/100 tox|[from] psn
|-damage|p2a: Fezandipiti|47/100 brn|[from] brn
|upkeep
|turn|22
|
|t:|1760873007
|switch|p2a: Slowking|Slowking, M|82/100 brn
|switch|p1a: Slowking|Slowking-Galar, F|77/100
|-damage|p1a: Slowking|65/100|[from] Stealth Rock
|
|-damage|p2a: Slowking|76/100 brn|[from] brn
|upkeep
|turn|23
|
|t:|1760873014
|switch|p1a: Darkrai|Darkrai|100/100
|-damage|p1a: Darkrai|88/100|[from] Stealth Rock
|-prepare|p2a: Slowking|Chilly Reception|[premajor]
|move|p2a: Slowking|Chilly Reception|p2a: Slowking
|-weather|Snowscape
|
|t:|1760873016
|switch|p2a: Lokix|Lokix, F|100/100|[from] Chilly Reception
|
|-weather|Snowscape|[upkeep]
|-heal|p1a: Darkrai|94/100|[from] item: Leftovers
|upkeep
|turn|24
|
|t:|1760873030
|switch|p1a: Moltres|Moltres|24/100 tox
|switch|p2a: Thundurus|Thundurus-Therian, M|57/100
|
|-weather|Snowscape|[upkeep]
|-damage|p1a: Moltres|18/100 tox|[from] psn
|upkeep
|turn|25
|
|t:|1760873037
|switch|p1a: Slowking|Slowking-Galar, F|98/100
|-damage|p1a: Slowking|86/100|[from] Stealth Rock
|move|p2a: Thundurus|Volt Switch|p1a: Slowking
|-damage|p1a: Slowking|59/100
|-damage|p2a: Thundurus|48/100|[from] item: Life Orb
|
|t:|1760873039
|switch|p2a: Donphan|Donphan, F|45/100|[from] Volt Switch
|
|-weather|Snowscape|[upkeep]
|upkeep
|turn|26
|
|t:|1760873052
|switch|p1a: Moltres|Moltres|18/100 tox
|move|p2a: Donphan|Earthquake|p1a: Moltres
|-immune|p1a: Moltres
|
|-weather|Snowscape|[upkeep]
|-damage|p1a: Moltres|12/100 tox|[from] psn
|upkeep
|turn|27
|
|t:|1760873056
|move|p2a: Donphan|Ice Shard|p1a: Moltres
|-damage|p1a: Moltres|2/100 tox
|move|p1a: Moltres|Roost|p1a: Moltres
|-heal|p1a: Moltres|52/100 tox
|-singleturn|p1a: Moltres|move: Roost
|
|-weather|none
|-damage|p1a: Moltres|40/100 tox|[from] psn
|upkeep
|turn|28
|
|t:|1760873064
|move|p1a: Moltres|Hurricane|p2a: Donphan|[miss]
|-miss|p1a: Moltres|p2a: Donphan
|move|p2a: Donphan|Earthquake|p1a: Moltres
|-immune|p1a: Moltres
|
|-damage|p1a: Moltres|22/100 tox|[from] psn
|upkeep
|turn|29
|
|t:|1760873085
|switch|p2a: Fezandipiti|Fezandipiti, M|47/100 brn
|move|p1a: Moltres|Roost|p1a: Moltres
|-heal|p1a: Moltres|72/100 tox
|-singleturn|p1a: Moltres|move: Roost
|
|-damage|p1a: Moltres|48/100 tox|[from] psn
|-damage|p2a: Fezandipiti|41/100 brn|[from] brn
|upkeep
|turn|30
|
|t:|1760873091
|switch|p1a: Slowking|Slowking-Galar, F|93/100
|-damage|p1a: Slowking|80/100|[from] Stealth Rock
|move|p2a: Fezandipiti|Roost|p2a: Fezandipiti
|-heal|p2a: Fezandipiti|91/100 brn
|-singleturn|p2a: Fezandipiti|move: Roost
|
|-damage|p2a: Fezandipiti|85/100 brn|[from] brn
|upkeep
|turn|31
|
|t:|1760873100
|switch|p2a: Lokix|Lokix, F|100/100
|switch|p1a: Darkrai|Darkrai|94/100
|-damage|p1a: Darkrai|82/100|[from] Stealth Rock
|
|-heal|p1a: Darkrai|88/100|[from] item: Leftovers
|upkeep
|turn|32
|
|t:|1760873108
|switch|p1a: Moltres|Moltres|48/100 tox
|move|p2a: Lokix|Knock Off|p1a: Moltres
|-damage|p1a: Moltres|0 fnt
|-status|p2a: Lokix|brn|[from] ability: Flame Body|[of] p1a: Moltres
|-enditem|p1a: Moltres|Heavy-Duty Boots|[from] move: Knock Off|[of] p2a: Lokix
|faint|p1a: Moltres
|
|-damage|p2a: Lokix|94/100 brn|[from] brn
|upkeep
|
|t:|1760873117
|switch|p1a: Ogerpon|Ogerpon-Wellspring, F|100/100
|-damage|p1a: Ogerpon|88/100|[from] Stealth Rock
|turn|33
|
|t:|1760873124
|switch|p2a: Donphan|Donphan, F|45/100
|move|p1a: Ogerpon|Ivy Cudgel|p2a: Donphan|[anim] Ivy Cudgel Water
|-supereffective|p2a: Donphan
|-damage|p2a: Donphan|0 fnt
|faint|p2a: Donphan
|
|upkeep
|
|t:|1760873129
|switch|p2a: Registeel|Registeel|100/100
|turn|34
|
|t:|1760873133
|move|p1a: Ogerpon|Knock Off|p2a: Registeel
|-damage|p2a: Registeel|75/100
|-enditem|p2a: Registeel|Chesto Berry|[from] move: Knock Off|[of] p1a: Ogerpon
|move|p2a: Registeel|Iron Defense|p2a: Registeel
|-boost|p2a: Registeel|def|2
|
|upkeep
|turn|35
|
|t:|1760873140
|switch|p1a: Darkrai|Darkrai|88/100
|-damage|p1a: Darkrai|75/100|[from] Stealth Rock
|move|p2a: Registeel|Iron Defense|p2a: Registeel
|-boost|p2a: Registeel|def|2
|
|-heal|p1a: Darkrai|81/100|[from] item: Leftovers
|upkeep
|turn|36
|
|t:|1760873144
|switch|p1a: Slowking|Slowking-Galar, F|100/100
|-damage|p1a: Slowking|88/100|[from] Stealth Rock
|move|p2a: Registeel|Body Press|p1a: Slowking
|-resisted|p1a: Slowking
|-damage|p1a: Slowking|68/100
|
|upkeep
|turn|37
|
|t:|1760873153
|move|p2a: Registeel|Body Press|p1a: Slowking
|-resisted|p1a: Slowking
|-damage|p1a: Slowking|48/100
|move|p1a: Slowking|Flamethrower|p2a: Registeel
|-supereffective|p2a: Registeel
|-damage|p2a: Registeel|44/100
|
|upkeep
|turn|38
|
|t:|1760873165
|switch|p2a: Lokix|Lokix, F|94/100 brn
|switch|p1a: Darkrai|Darkrai|81/100
|-damage|p1a: Darkrai|69/100|[from] Stealth Rock
|
|-heal|p1a: Darkrai|75/100|[from] item: Leftovers
|-damage|p2a: Lokix|88/100 brn|[from] brn
|upkeep
|turn|39
|
|t:|1760873185
|-terastallize|p1a: Darkrai|Poison
|-terastallize|p2a: Lokix|Bug
|move|p2a: Lokix|First Impression|p1a: Darkrai
|-resisted|p1a: Darkrai
|-damage|p1a: Darkrai|21/100
|move|p1a: Darkrai|Sludge Bomb|p2a: Lokix
|-damage|p2a: Lokix|0 fnt
|faint|p2a: Lokix
|
|-heal|p1a: Darkrai|28/100|[from] item: Leftovers
|upkeep
|
|t:|1760873198
|switch|p2a: Fezandipiti|Fezandipiti, M|85/100 brn
|turn|40
|
|t:|1760873203
|switch|p1a: Slowking|Slowking-Galar, F|81/100
|-damage|p1a: Slowking|69/100|[from] Stealth Rock
|move|p2a: Fezandipiti|Gunk Shot|p1a: Slowking
|-resisted|p1a: Slowking
|-damage|p1a: Slowking|55/100
|
|-damage|p2a: Fezandipiti|79/100 brn|[from] brn
|upkeep
|turn|41
|
|t:|1760873216
|switch|p2a: Slowking|Slowking, M|100/100 brn
|move|p1a: Slowking|Sludge Bomb|p2a: Slowking
|-damage|p2a: Slowking|65/100 brn
|
|-damage|p2a: Slowking|59/100 brn|[from] brn
|upkeep
|turn|42
|
|t:|1760873233
|move|p1a: Slowking|Sludge Bomb|p2a: Slowking
|-damage|p2a: Slowking|26/100 brn
|move|p2a: Slowking|Psychic|p1a: Slowking
|-damage|p1a: Slowking|34/100
|
|-damage|p2a: Slowking|20/100 brn|[from] brn
|upkeep
|turn|43
|
|t:|1760873241
|switch|p2a: Registeel|Registeel|44/100
|move|p1a: Slowking|Sludge Bomb|p2a: Registeel
|-immune|p2a: Registeel
|
|upkeep
|turn|44
|
|t:|1760873243
|move|p2a: Registeel|Iron Head|p1a: Slowking
|-damage|p1a: Slowking|10/100
|move|p1a: Slowking|Flamethrower|p2a: Registeel
|-supereffective|p2a: Registeel
|-damage|p2a: Registeel|13/100
|
|upkeep
|turn|45
|
|t:|1760873249
|switch|p1a: Ogerpon|Ogerpon-Wellspring, F|88/100
|-damage|p1a: Ogerpon|76/100|[from] Stealth Rock
|move|p2a: Registeel|Iron Head|p1a: Ogerpon
|-resisted|p1a: Ogerpon
|-damage|p1a: Ogerpon|61/100
|
|upkeep
|turn|46
|
|t:|1760873255
|move|p1a: Ogerpon|Ivy Cudgel|p2a: Registeel|[anim] Ivy Cudgel Water
|-damage|p2a: Registeel|0 fnt
|faint|p2a: Registeel
|
|upkeep
|
|t:|1760873259
|switch|p2a: Fezandipiti|Fezandipiti, M|79/100 brn
|turn|47
|
|t:|1760873267
|switch|p1a: Darkrai|Darkrai, tera:Poison|28/100
|-damage|p1a: Darkrai|15/100|[from] Stealth Rock
|move|p2a: Fezandipiti|U-turn|p1a: Darkrai
|-resisted|p1a: Darkrai
|-damage|p1a: Darkrai|9/100
|
|t:|1760873273
|switch|p2a: Slowking|Slowking, M|53/100 brn|[from] U-turn
|
|-heal|p1a: Darkrai|15/100|[from] item: Leftovers
|-damage|p2a: Slowking|47/100 brn|[from] brn
|upkeep
|turn|48
|
|t:|1760873277
|switch|p2a: Fezandipiti|Fezandipiti, M|79/100 brn
|move|p1a: Darkrai|Dark Pulse|p2a: Fezandipiti
|-resisted|p2a: Fezandipiti
|-damage|p2a: Fezandipiti|61/100 brn
|
|-heal|p1a: Darkrai|21/100|[from] item: Leftovers
|-damage|p2a: Fezandipiti|55/100 brn|[from] brn
|upkeep
|turn|49
|
|t:|1760873284
|move|p2a: Fezandipiti|Gunk Shot|p1a: Darkrai
|-resisted|p1a: Darkrai
|-damage|p1a: Darkrai|3/100
|move|p1a: Darkrai|Dark Pulse|p2a: Fezandipiti
|-resisted|p2a: Fezandipiti
|-damage|p2a: Fezandipiti|37/100 brn
|
|-heal|p1a: Darkrai|9/100|[from] item: Leftovers
|-damage|p2a: Fezandipiti|31/100 brn|[from] brn
|upkeep
|turn|50
|
|t:|1760873290
|move|p2a: Fezandipiti|Gunk Shot|p1a: Darkrai|[miss]
|-miss|p2a: Fezandipiti|p1a: Darkrai
|move|p1a: Darkrai|Dark Pulse|p2a: Fezandipiti
|-resisted|p2a: Fezandipiti
|-damage|p2a: Fezandipiti|12/100 brn
|
|-heal|p1a: Darkrai|15/100|[from] item: Leftovers
|-damage|p2a: Fezandipiti|6/100 brn|[from] brn
|upkeep
|turn|51
|
|t:|1760873294
|move|p2a: Fezandipiti|Gunk Shot|p1a: Darkrai
|-resisted|p1a: Darkrai
|-damage|p1a: Darkrai|0 fnt
|faint|p1a: Darkrai
|
|-damage|p2a: Fezandipiti|0 fnt|[from] brn
|faint|p2a: Fezandipiti
|upkeep
|
|t:|1760873305
|switch|p1a: Slowking|Slowking-Galar, F|43/100
|switch|p2a: Slowking|Slowking, M|80/100 brn
|-damage|p1a: Slowking|31/100|[from] Stealth Rock
|turn|52
|
|t:|1760873308
|switch|p1a: Ogerpon|Ogerpon-Wellspring, F|61/100
|-damage|p1a: Ogerpon|49/100|[from] Stealth Rock
|move|p2a: Slowking|Psychic|p1a: Ogerpon
|-damage|p1a: Ogerpon|0 fnt
|faint|p1a: Ogerpon
|
|-damage|p2a: Slowking|74/100 brn|[from] brn
|upkeep
|
|t:|1760873315
|switch|p1a: Slowking|Slowking-Galar, F|64/100
|-damage|p1a: Slowking|52/100|[from] Stealth Rock
|turn|53
|
|t:|1760873321
|move|p1a: Slowking|Sludge Bomb|p2a: Slowking
|-damage|p2a: Slowking|41/100 brn
|-prepare|p2a: Slowking|Chilly Reception|[premajor]
|move|p2a: Slowking|Chilly Reception|p2a: Slowking
|-weather|Snowscape
|
|t:|1760873323
|switch|p2a: Thundurus|Thundurus-Therian, M|48/100|[from] Chilly Reception
|
|-weather|Snowscape|[upkeep]
|upkeep
|turn|54
|
|t:|1760873327
|move|p2a: Thundurus|Thunderbolt|p1a: Slowking
|-damage|p1a: Slowking|17/100
|-damage|p2a: Thundurus|38/100|[from] item: Life Orb
|move|p1a: Slowking|Sludge Bomb|p2a: Thundurus
|-damage|p2a: Thundurus|0 fnt
|faint|p2a: Thundurus
|
|-weather|Snowscape|[upkeep]
|upkeep
|
|t:|1760873330
|switch|p2a: Slowking|Slowking, M|74/100 brn
|turn|55
|
|t:|1760873332
|move|p1a: Slowking|Sludge Bomb|p2a: Slowking
|-damage|p2a: Slowking|43/100 brn
|move|p2a: Slowking|Psychic|p1a: Slowking
|-damage|p1a: Slowking|0 fnt
|faint|p1a: Slowking
|
|-weather|Snowscape|[upkeep]
|-damage|p2a: Slowking|37/100 brn|[from] brn
|upkeep
|
|t:|1760873336
|switch|p1a: Dragonite|Dragonite, M|100/100
|turn|56
|
|t:|1760873341
|move|p1a: Dragonite|Earthquake|p2a: Slowking
|-damage|p2a: Slowking|0 fnt
|faint|p2a: Slowking
|
|win|BAGGYB0167
|raw|BAGGYB0167's rating: 1363 &rarr; <strong>1386</strong><br />(+23 for winning)
|raw|Flurrage's rating: 1412 &rarr; <strong>1389</strong><br />(-23 for losing)
|l|☆BAGGYB0167
|player|p1|
|l|☆Flurrage
|player|p2|
