|j|☆deeznutsg
|j|☆ayayalaptop
|t:|1760765303
|gametype|singles
|player|p1|deeznutsg|170|1364
|player|p2|ayayalaptop|102|1385
|gen|9
|tier|[Gen 9] OU
|rated|
|rule|HP Percentage Mod: HP is shown in percentages
|rule|Endless Battle Clause: Forcing endless battles is banned
|rule|Species Clause: Limit one of each Pokémon
|rule|OHKO Clause: OHKO moves are banned
|rule|Evasion Items Clause: Evasion items are banned
|rule|Evasion Moves Clause: Evasion moves are banned
|rule|Evasion Abilities Clause: Evasion abilities are banned
|rule|Sleep Moves Clause: Sleep-inducing moves are banned
|clearpoke
|poke|p1|Meowscarada, F|
|poke|p1|Great Tusk|
|poke|p1|Ting-Lu|
|poke|p1|Iron Crown|
|poke|p1|Pecharunt|
|poke|p1|Ogerpon-Wellspring, F|
|poke|p2|Pelipper, M|
|poke|p2|Raikou|
|poke|p2|Glimmora, M|
|poke|p2|Rillaboom, F|
|poke|p2|Scizor, M|
|poke|p2|Ting-Lu|
|teampreview
|inactive|Battle timer is ON: inactive players will automatically lose when time's up. (requested by ayayalaptop)
|inactive|deeznutsg also wants the timer to be on.
|
|t:|1760765325
|teamsize|p1|6
|teamsize|p2|6
|start
|switch|p1a: Sailor Moon|Meowscarada, F|100/100
|switch|p2a: Glimmora|Glimmora, M|100/100
|turn|1
|
|t:|1760765346
|move|p1a: Sailor Moon|U-turn|p2a: Glimmora
|-start|p1a: Sailor Moon|typechange|Bug|[from] ability: Protean
|-resisted|p2a: Glimmora
|-damage|p2a: Glimmora|90/100
|-activate|p2a: Glimmora|ability: Toxic Debris
|-sidestart|p1: deeznutsg|move: Toxic Spikes
|
|t:|1760765349
|switch|p1a: Tony Allen|Pecharunt|100/100|[from] U-turn
|-sideend|p1: deeznutsg|move: Toxic Spikes|[of] p1a: Tony Allen
|move|p2a: Glimmora|Spikes|p1a: Tony Allen
|-sidestart|p1: deeznutsg|Spikes
|
|-heal|p2a: Glimmora|96/100|[from] item: Black Sludge
|upkeep
|turn|2
|
|t:|1760765365
|switch|p1a: Jarl of White Run|Iron Crown|100/100
|-damage|p1a: Jarl of White Run|88/100|[from] Spikes
|move|p2a: Glimmora|Spikes|p1a: Jarl of White Run
|-sidestart|p1: deeznutsg|Spikes
|
|-heal|p2a: Glimmora|100/100|[from] item: Black Sludge
|upkeep
|turn|3
|
|t:|1760765375
|move|p2a: Glimmora|Spiky Shield|p2a: Glimmora
|-singleturn|p2a: Glimmora|move: Protect
|move|p1a: Jarl of White Run|Future Sight|p2a: Glimmora
|-start|p1a: Jarl of White Run|move: Future Sight
|
|upkeep
|turn|4
|
|t:|1760765391
|switch|p2a: Ting-Lu|Ting-Lu|100/100
|-ability|p2a: Ting-Lu|Vessel of Ruin
|move|p1a: Jarl of White Run|Tachyon Cutter|p2a: Ting-Lu
|-damage|p2a: Ting-Lu|91/100
|-damage|p2a: Ting-Lu|79/100
|-hitcount|p2a: Ting-Lu|2
|
|-heal|p2a: Ting-Lu|86/100|[from] item: Leftovers
|upkeep
|turn|5
|
|t:|1760765403
|-end|p1a: Jarl of White Run|Quark Drive|[silent]
|switch|p1a: William|Great Tusk|100/100
|-damage|p1a: William|84/100|[from] Spikes
|move|p2a: Ting-Lu|Ruination|p1a: William
|-damage|p1a: William|42/100
|
|-end|p2a: Ting-Lu|move: Future Sight
|-immune|p2a: Ting-Lu
|-heal|p2a: Ting-Lu|92/100|[from] item: Leftovers
|upkeep
|turn|6
|
|t:|1760765415
|switch|p2a: Pelipper|Pelipper, M|100/100
|-weather|RainDance|[from] ability: Drizzle|[of] p2a: Pelipper
|move|p1a: William|Stealth Rock|p2a: Pelipper
|-sidestart|p2: ayayalaptop|move: Stealth Rock
|
|-weather|RainDance|[upkeep]
|upkeep
|turn|7
|
|t:|1760765425
|-end|p1a: William|Protosynthesis|[silent]
|switch|p1a: Lieutenant|Ting-Lu|100/100
|-damage|p1a: Lieutenant|84/100|[from] Spikes
|-ability|p1a: Lieutenant|Vessel of Ruin
|move|p2a: Pelipper|Hurricane|p1a: Lieutenant
|-damage|p1a: Lieutenant|68/100
|
|-weather|RainDance|[upkeep]
|-heal|p1a: Lieutenant|74/100|[from] item: Leftovers
|upkeep
|turn|8
|
|t:|1760765433
|move|p2a: Pelipper|Weather Ball|p1a: Lieutenant
|-supereffective|p1a: Lieutenant
|-damage|p1a: Lieutenant|35/100
|move|p1a: Lieutenant|Ruination|p2a: Pelipper
|-damage|p2a: Pelipper|50/100
|
|-weather|RainDance|[upkeep]
|-heal|p1a: Lieutenant|42/100|[from] item: Leftovers
|upkeep
|turn|9
|
|t:|1760765447
|move|p2a: Pelipper|U-turn|p1a: Lieutenant
|-supereffective|p1a: Lieutenant
|-damage|p1a: Lieutenant|32/100
|
|t:|1760765452
|switch|p2a: Rillaboom|Rillaboom, F|100/100|[from] U-turn
|-damage|p2a: Rillaboom|88/100|[from] Stealth Rock
|-fieldstart|move: Grassy Terrain|[from] ability: Grassy Surge|[of] p2a: Rillaboom
|move|p1a: Lieutenant|Spikes|p2a: Rillaboom
|-sidestart|p2: ayayalaptop|Spikes
|
|-weather|RainDance|[upkeep]
|-heal|p2a: Rillaboom|94/100|[from] Grassy Terrain
|-heal|p1a: Lieutenant|38/100|[from] Grassy Terrain
|-heal|p1a: Lieutenant|45/100|[from] item: Leftovers
|upkeep
|turn|10
|inactive|deeznutsg has 120 seconds left.
|
|t:|1760765506
|switch|p1a: Tony Allen|Pecharunt|100/100
|move|p2a: Rillaboom|U-turn|p1a: Tony Allen
|-resisted|p1a: Tony Allen
|-damage|p1a: Tony Allen|97/100
|
|t:|1760765514
|switch|p2a: Glimmora|Glimmora, M|100/100|[from] U-turn
|-damage|p2a: Glimmora|88/100|[from] Stealth Rock
|-damage|p2a: Glimmora|76/100|[from] Spikes
|
|-weather|none
|-heal|p1a: Tony Allen|100/100|[from] Grassy Terrain
|-heal|p2a: Glimmora|82/100|[from] Grassy Terrain
|-heal|p2a: Glimmora|88/100|[from] item: Black Sludge
|upkeep
|turn|11
|j| zapbros
|l| zapbros
|
|t:|1760765537
|move|p1a: Tony Allen|Nasty Plot|p1a: Tony Allen
|-boost|p1a: Tony Allen|spa|2
|move|p2a: Glimmora|Spikes|p1a: Tony Allen
|-sidestart|p1: deeznutsg|Spikes
|
|-heal|p2a: Glimmora|94/100|[from] Grassy Terrain
|-heal|p2a: Glimmora|100/100|[from] item: Black Sludge
|upkeep
|turn|12
|
|t:|1760765540
|move|p1a: Tony Allen|Nasty Plot|p1a: Tony Allen
|-boost|p1a: Tony Allen|spa|2
|move|p2a: Glimmora|Mortal Spin|p1a: Tony Allen
|-resisted|p1a: Tony Allen
|-damage|p1a: Tony Allen|99/100
|-sideend|p2: ayayalaptop|Spikes|[from] move: Mortal Spin|[of] p2a: Glimmora
|-sideend|p2: ayayalaptop|Stealth Rock|[from] move: Mortal Spin|[of] p2a: Glimmora
|
|-heal|p1a: Tony Allen|100/100|[from] Grassy Terrain
|upkeep
|turn|13
|
|t:|1760765554
|switch|p2a: Scizor|Scizor, M|100/100
|move|p1a: Tony Allen|Shadow Ball|p2a: Scizor
|-damage|p2a: Scizor|46/100
|
|-heal|p2a: Scizor|52/100|[from] Grassy Terrain
|upkeep
|turn|14
|
|t:|1760765562
|move|p1a: Tony Allen|Shadow Ball|p2a: Scizor
|-damage|p2a: Scizor|0 fnt
|faint|p2a: Scizor
|
|upkeep
|
|t:|1760765566
|switch|p2a: Raikou|Raikou|100/100
|-ability|p2a: Raikou|Pressure
|turn|15
|inactive|deeznutsg has 120 seconds left.
|
|t:|1760765595
|move|p2a: Raikou|Substitute|p2a: Raikou
|-start|p2a: Raikou|Substitute
|-damage|p2a: Raikou|76/100
|move|p1a: Tony Allen|Malignant Chain|p2a: Raikou
|-end|p2a: Raikou|Substitute
|
|-heal|p2a: Raikou|82/100|[from] Grassy Terrain
|-heal|p2a: Raikou|88/100|[from] item: Leftovers
|upkeep
|turn|16
|
|t:|1760765598
|move|p2a: Raikou|Protect|p2a: Raikou
|-singleturn|p2a: Raikou|Protect
|move|p1a: Tony Allen|Malignant Chain|p2a: Raikou
|-activate|p2a: Raikou|move: Protect
|
|-heal|p2a: Raikou|94/100|[from] Grassy Terrain
|-heal|p2a: Raikou|100/100|[from] item: Leftovers
|-fieldend|move: Grassy Terrain
|upkeep
|turn|17
|
|t:|1760765602
|move|p2a: Raikou|Substitute|p2a: Raikou
|-start|p2a: Raikou|Substitute
|-damage|p2a: Raikou|76/100
|move|p1a: Tony Allen|Malignant Chain|p2a: Raikou
|-end|p2a: Raikou|Substitute
|
|-heal|p2a: Raikou|82/100|[from] item: Leftovers
|upkeep
|turn|18
|
|t:|1760765607
|move|p2a: Raikou|Protect|p2a: Raikou
|-singleturn|p2a: Raikou|Protect
|move|p1a: Tony Allen|Malignant Chain|p2a: Raikou
|-activate|p2a: Raikou|move: Protect
|
|-heal|p2a: Raikou|88/100|[from] item: Leftovers
|upkeep
|turn|19
|
|t:|1760765616
|switch|p2a: Ting-Lu|Ting-Lu|92/100
|-ability|p2a: Ting-Lu|Vessel of Ruin
|move|p1a: Tony Allen|Shadow Ball|p2a: Ting-Lu
|-resisted|p2a: Ting-Lu
|-damage|p2a: Ting-Lu|76/100
|
|-heal|p2a: Ting-Lu|82/100|[from] item: Leftovers
|upkeep
|turn|20
|
|t:|1760765626
|switch|p1a: William|Great Tusk|42/100
|-damage|p1a: William|17/100|[from] Spikes
|move|p2a: Ting-Lu|Stealth Rock|p1a: William
|-sidestart|p1: deeznutsg|move: Stealth Rock
|
|-heal|p2a: Ting-Lu|89/100|[from] item: Leftovers
|upkeep
|turn|21
|
|t:|1760765633
|move|p1a: William|Rapid Spin|p2a: Ting-Lu
|-damage|p2a: Ting-Lu|81/100
|-boost|p1a: William|spe|1
|-sideend|p1: deeznutsg|Spikes|[from] move: Rapid Spin|[of] p1a: William
|-sideend|p1: deeznutsg|Stealth Rock|[from] move: Rapid Spin|[of] p1a: William
|move|p2a: Ting-Lu|Earthquake|p1a: William
|-damage|p1a: William|1/100
|
|-heal|p2a: Ting-Lu|87/100|[from] item: Leftovers
|upkeep
|turn|22
|
|t:|1760765645
|-end|p1a: William|Protosynthesis|[silent]
|switch|p1a: Sailor Moon|Meowscarada, F|100/100
|move|p2a: Ting-Lu|Stealth Rock|p1a: Sailor Moon
|-sidestart|p1: deeznutsg|move: Stealth Rock
|
|-heal|p2a: Ting-Lu|93/100|[from] item: Leftovers
|upkeep
|turn|23
|
|t:|1760765662
|switch|p2a: Glimmora|Glimmora, M|100/100
|move|p1a: Sailor Moon|Triple Axel|p2a: Glimmora
|-start|p1a: Sailor Moon|typechange|Ice|[from] ability: Protean
|-damage|p2a: Glimmora|93/100
|-activate|p2a: Glimmora|ability: Toxic Debris
|-sidestart|p1: deeznutsg|move: Toxic Spikes
|-damage|p2a: Glimmora|79/100
|-activate|p2a: Glimmora|ability: Toxic Debris
|-sidestart|p1: deeznutsg|move: Toxic Spikes
|-hitcount|p2a: Glimmora|2
|
|-heal|p2a: Glimmora|86/100|[from] item: Black Sludge
|upkeep
|turn|24
|
|t:|1760765670
|switch|p1a: Tony Allen|Pecharunt|100/100
|-sideend|p1: deeznutsg|move: Toxic Spikes|[of] p1a: Tony Allen
|move|p2a: Glimmora|Power Gem|p1a: Tony Allen
|-damage|p1a: Tony Allen|70/100
|
|-heal|p2a: Glimmora|92/100|[from] item: Black Sludge
|upkeep
|turn|25
|
|t:|1760765679
|switch|p1a: Majora|Ogerpon-Wellspring, F|100/100
|-damage|p1a: Majora|88/100|[from] Stealth Rock
|move|p2a: Glimmora|Spikes|p1a: Majora
|-sidestart|p1: deeznutsg|Spikes
|
|-heal|p2a: Glimmora|98/100|[from] item: Black Sludge
|upkeep
|turn|26
|
|t:|1760765693
|switch|p2a: Rillaboom|Rillaboom, F|94/100
|-fieldstart|move: Grassy Terrain|[from] ability: Grassy Surge|[of] p2a: Rillaboom
|move|p1a: Majora|Knock Off|p2a: Rillaboom
|-damage|p2a: Rillaboom|61/100
|-enditem|p2a: Rillaboom|Terrain Extender|[from] move: Knock Off|[of] p1a: Majora
|
|-heal|p1a: Majora|94/100|[from] Grassy Terrain
|-heal|p2a: Rillaboom|67/100|[from] Grassy Terrain
|upkeep
|turn|27
|
|t:|1760765716
|switch|p1a: Sailor Moon|Meowscarada, F|100/100
|-damage|p1a: Sailor Moon|88/100|[from] Stealth Rock
|-damage|p1a: Sailor Moon|76/100|[from] Spikes
|move|p2a: Rillaboom|Grassy Glide|p1a: Sailor Moon
|-resisted|p1a: Sailor Moon
|-damage|p1a: Sailor Moon|47/100
|
|-heal|p1a: Sailor Moon|53/100|[from] Grassy Terrain
|-heal|p2a: Rillaboom|73/100|[from] Grassy Terrain
|upkeep
|turn|28
|
|t:|1760765725
|switch|p2a: Glimmora|Glimmora, M|98/100
|move|p1a: Sailor Moon|U-turn|p2a: Glimmora
|-start|p1a: Sailor Moon|typechange|Bug|[from] ability: Protean
|-resisted|p2a: Glimmora
|-damage|p2a: Glimmora|86/100
|-activate|p2a: Glimmora|ability: Toxic Debris
|-sidestart|p1: deeznutsg|move: Toxic Spikes
|
|t:|1760765746
|switch|p1a: Majora|Ogerpon-Wellspring, F|94/100|[from] U-turn
|-damage|p1a: Majora|82/100|[from] Stealth Rock
|-damage|p1a: Majora|70/100|[from] Spikes
|-status|p1a: Majora|psn
|
|-heal|p1a: Majora|76/100 psn|[from] Grassy Terrain
|-heal|p2a: Glimmora|92/100|[from] Grassy Terrain
|-heal|p2a: Glimmora|98/100|[from] item: Black Sludge
|-damage|p1a: Majora|63/100 psn|[from] psn
|upkeep
|turn|29
|inactive|deeznutsg has 120 seconds left.
|
|t:|1760765775
|switch|p2a: Pelipper|Pelipper, M|50/100
|-weather|RainDance|[from] ability: Drizzle|[of] p2a: Pelipper
|-terastallize|p1a: Majora|Water
|detailschange|p1a: Majora|Ogerpon-Wellspring-Tera, F, tera:Water
|-ability|p1a: Majora|Embody Aspect (Wellspring)|boost
|-boost|p1a: Majora|spd|1
|move|p1a: Majora|Ivy Cudgel|p2a: Pelipper|[anim] Ivy Cudgel Water
|-resisted|p2a: Pelipper
|-damage|p2a: Pelipper|5/100
|
|-weather|RainDance|[upkeep]
|-heal|p1a: Majora|69/100 psn|[from] Grassy Terrain
|-damage|p1a: Majora|57/100 psn|[from] psn
|upkeep
|turn|30
|
|t:|1760765782
|move|p1a: Majora|Knock Off|p2a: Pelipper
|-damage|p2a: Pelipper|0 fnt
|-enditem|p2a: Pelipper|Heavy-Duty Boots|[from] move: Knock Off|[of] p1a: Majora
|faint|p2a: Pelipper
|
|-weather|RainDance|[upkeep]
|-heal|p1a: Majora|63/100 psn|[from] Grassy Terrain
|-damage|p1a: Majora|51/100 psn|[from] psn
|upkeep
|
|t:|1760765785
|switch|p2a: Rillaboom|Rillaboom, F|73/100
|turn|31
|
|t:|1760765789
|move|p2a: Rillaboom|Grassy Glide|p1a: Majora
|-supereffective|p1a: Majora
|-damage|p1a: Majora|0 fnt
|faint|p1a: Majora
|detailschange|p1: Majora|Ogerpon-Wellspring, F|[silent]
|
|-weather|RainDance|[upkeep]
|-heal|p2a: Rillaboom|79/100|[from] Grassy Terrain
|upkeep
|
|t:|1760765798
|switch|p1a: Tony Allen|Pecharunt|70/100
|-sideend|p1: deeznutsg|move: Toxic Spikes|[of] p1a: Tony Allen
|turn|32
|
|t:|1760765802
|switch|p1a: Sailor Moon|Meowscarada, F|53/100
|-damage|p1a: Sailor Moon|40/100|[from] Stealth Rock
|-damage|p1a: Sailor Moon|28/100|[from] Spikes
|move|p2a: Rillaboom|Knock Off|p1a: Sailor Moon
|-resisted|p1a: Sailor Moon
|-damage|p1a: Sailor Moon|0 fnt
|-enditem|p1a: Sailor Moon|Choice Scarf|[from] move: Knock Off|[of] p2a: Rillaboom
|faint|p1a: Sailor Moon
|
|-weather|RainDance|[upkeep]
|-heal|p2a: Rillaboom|86/100|[from] Grassy Terrain
|upkeep
|
|t:|1760765808
|switch|p1a: Jarl of White Run|Iron Crown|88/100
|-damage|p1a: Jarl of White Run|82/100|[from] Stealth Rock
|-damage|p1a: Jarl of White Run|69/100|[from] Spikes
|turn|33
|
|t:|1760765816
|switch|p2a: Raikou|Raikou|88/100
|-ability|p2a: Raikou|Pressure
|move|p1a: Jarl of White Run|Tachyon Cutter|p2a: Raikou
|-resisted|p2a: Raikou
|-damage|p2a: Raikou|75/100
|-resisted|p2a: Raikou
|-damage|p2a: Raikou|62/100
|-hitcount|p2a: Raikou|2
|
|-weather|none
|-heal|p2a: Raikou|68/100|[from] Grassy Terrain
|-heal|p2a: Raikou|75/100|[from] item: Leftovers
|-heal|p1a: Jarl of White Run|76/100|[from] Grassy Terrain
|-fieldend|move: Grassy Terrain
|upkeep
|turn|34
|
|t:|1760765823
|move|p2a: Raikou|Scald|p1a: Jarl of White Run
|-crit|p1a: Jarl of White Run
|-damage|p1a: Jarl of White Run|52/100
|-status|p1a: Jarl of White Run|brn
|move|p1a: Jarl of White Run|Volt Switch|p2a: Raikou
|-resisted|p2a: Raikou
|-damage|p2a: Raikou|63/100
|-message|deeznutsg forfeited.
|
|win|ayayalaptop
|raw|deeznutsg's rating: 1364 &rarr; <strong>1345</strong><br />(-19 for losing)
|raw|ayayalaptop's rating: 1385 &rarr; <strong>1404</strong><br />(+19 for winning)
|l|☆deeznutsg
|player|p1|
|l|☆ayayalaptop
|player|p2|
