|j|☆eatsleepjdm
|j|☆levi6969
|t:|1760824723
|gametype|singles
|player|p1|eatsleepjdm|265|1397
|player|p2|levi6969|266|1388
|gen|9
|tier|[Gen 9] OU
|rated|
|rule|HP Percentage Mod: HP is shown in percentages
|rule|Endless Battle Clause: Forcing endless battles is banned
|rule|Species Clause: Limit one of each Pokémon
|rule|OHKO Clause: OHKO moves are banned
|rule|Evasion Items Clause: Evasion items are banned
|rule|Evasion Moves Clause: Evasion moves are banned
|rule|Evasion Abilities Clause: Evasion abilities are banned
|rule|Sleep Moves Clause: Sleep-inducing moves are banned
|clearpoke
|poke|p1|Sableye, F|
|poke|p1|Slowking-Galar, M|
|poke|p1|Great Tusk|
|poke|p1|Ogerpon-Wellspring, F|
|poke|p1|Scizor, F|
|poke|p1|Magnezone|
|poke|p2|Chandelure, M|
|poke|p2|Hatterene, F|
|poke|p2|Avalugg, M|
|poke|p2|Blissey, F|
|poke|p2|Corviknight, M|
|poke|p2|Quagsire, F|
|teampreview
|inactive|Battle timer is ON: inactive players will automatically lose when time's up. (requested by eatsleepjdm)
|
|t:|1760824740
|teamsize|p1|6
|teamsize|p2|6
|start
|switch|p1a: Ogerpon|Ogerpon-Wellspring, F|100/100
|switch|p2a: Avalugg|Avalugg, M, shiny|100/100
|turn|1
|
|t:|1760824748
|move|p1a: Ogerpon|Spikes|p2a: Avalugg
|-sidestart|p2: levi6969|Spikes
|move|p2a: Avalugg|Avalanche|p1a: Ogerpon
|-damage|p1a: Ogerpon|56/100
|
|upkeep
|turn|2
|
|t:|1760824753
|move|p1a: Ogerpon|U-turn|p2a: Avalugg
|-damage|p2a: Avalugg|87/100
|
|t:|1760824755
|switch|p1a: Sableye|Sableye, F|100/100|[from] U-turn
|move|p2a: Avalugg|Avalanche|p1a: Sableye
|-damage|p1a: Sableye|70/100
|-damage|p2a: Avalugg|71/100|[from] item: Rocky Helmet|[of] p1a: Sableye
|
|upkeep
|turn|3
|
|t:|1760824764
|switch|p2a: Corviknight|Corviknight, M, shiny|100/100
|-ability|p2a: Corviknight|Pressure
|move|p1a: Sableye|Knock Off|p2a: Corviknight
|-damage|p2a: Corviknight|84/100
|-damage|p1a: Sableye|53/100|[from] item: Rocky Helmet|[of] p2a: Corviknight
|-enditem|p2a: Corviknight|Rocky Helmet|[from] move: Knock Off|[of] p1a: Sableye
|
|upkeep
|turn|4
|
|t:|1760824771
|switch|p1a: Magnezone|Magnezone|100/100
|move|p2a: Corviknight|Brave Bird|p1a: Magnezone
|-resisted|p1a: Magnezone
|-damage|p1a: Magnezone|94/100
|-damage|p2a: Corviknight|68/100|[from] item: Rocky Helmet|[of] p1a: Magnezone
|-damage|p2a: Corviknight|66/100|[from] Recoil
|
|upkeep
|turn|5
|
|t:|1760824779
|-terastallize|p2a: Corviknight|Dragon
|move|p1a: Magnezone|Discharge|p2a: Corviknight
|-resisted|p2a: Corviknight
|-damage|p2a: Corviknight|45/100
|move|p2a: Corviknight|Defog|p1a: Magnezone
|-unboost|p1a: Magnezone|evasion|1
|-sideend|p2: levi6969|Spikes|[from] move: Defog|[of] p2a: Corviknight
|
|upkeep
|turn|6
|
|t:|1760824795
|switch|p1a: Ogerpon|Ogerpon-Wellspring, F|56/100
|move|p2a: Corviknight|Roost|p2a: Corviknight
|-heal|p2a: Corviknight|95/100
|
|upkeep
|turn|7
|
|t:|1760824807
|switch|p1a: Magnezone|Magnezone|94/100
|move|p2a: Corviknight|Brave Bird|p1a: Magnezone
|-resisted|p1a: Magnezone
|-damage|p1a: Magnezone|85/100
|-damage|p2a: Corviknight|78/100|[from] item: Rocky Helmet|[of] p1a: Magnezone
|-damage|p2a: Corviknight|76/100|[from] Recoil
|
|upkeep
|turn|8
|
|t:|1760824812
|move|p1a: Magnezone|Discharge|p2a: Corviknight
|-resisted|p2a: Corviknight
|-damage|p2a: Corviknight|56/100
|move|p2a: Corviknight|Roost|p2a: Corviknight
|-heal|p2a: Corviknight|100/100
|
|upkeep
|turn|9
|
|t:|1760824826
|switch|p1a: Slowking|Slowking-Galar, M|100/100
|move|p2a: Corviknight|Body Press|p1a: Slowking
|-resisted|p1a: Slowking
|-damage|p1a: Slowking|94/100
|
|-heal|p1a: Slowking|99/100|[from] item: Black Sludge
|upkeep
|turn|10
|
|t:|1760824834
|switch|p2a: Blissey|Blissey, F, shiny|100/100
|move|p1a: Slowking|Trick|p2a: Blissey
|-activate|p1a: Slowking|move: Trick|[of] p2a: Blissey
|-item|p2a: Blissey|Black Sludge|[from] move: Trick
|-item|p1a: Slowking|Heavy-Duty Boots|[from] move: Trick
|
|-damage|p2a: Blissey|88/100|[from] item: Black Sludge
|upkeep
|turn|11
|
|t:|1760824845
|switch|p2a: Chandelure|Chandelure, M, shiny|100/100
|switch|p1a: Scizor|Scizor, F|100/100
|
|upkeep
|turn|12
|
|t:|1760824861
|switch|p1a: Magnezone|Magnezone|85/100
|move|p2a: Chandelure|Will-O-Wisp|p1a: Magnezone
|-status|p1a: Magnezone|brn
|
|-damage|p1a: Magnezone|79/100 brn|[from] brn
|upkeep
|turn|13
|
|t:|1760824873
|switch|p2a: Quagsire|Quagsire, F, shiny|100/100
|switch|p1a: Slowking|Slowking-Galar, M|100/100
|
|upkeep
|turn|14
|
|t:|1760824882
|switch|p1a: Ogerpon|Ogerpon-Wellspring, F|56/100
|move|p2a: Quagsire|Earthquake|p1a: Ogerpon
|-resisted|p1a: Ogerpon
|-damage|p1a: Ogerpon|36/100
|
|upkeep
|turn|15
|
|t:|1760824888
|switch|p2a: Corviknight|Corviknight, M, shiny, tera:Dragon|100/100
|-ability|p2a: Corviknight|Pressure
|move|p1a: Ogerpon|Spikes|p2a: Corviknight
|-sidestart|p2: levi6969|Spikes
|
|upkeep
|turn|16
|
|t:|1760824896
|move|p1a: Ogerpon|U-turn|p2a: Corviknight
|-damage|p2a: Corviknight|83/100
|
|t:|1760824913
|switch|p1a: Magnezone|Magnezone|79/100 brn|[from] U-turn
|move|p2a: Corviknight|Defog|p1a: Magnezone
|-unboost|p1a: Magnezone|evasion|1
|-sideend|p2: levi6969|Spikes|[from] move: Defog|[of] p2a: Corviknight
|
|-damage|p1a: Magnezone|73/100 brn|[from] brn
|upkeep
|turn|17
|
|t:|1760824916
|switch|p2a: Blissey|Blissey, F, shiny|88/100
|move|p1a: Magnezone|Discharge|p2a: Blissey
|-damage|p2a: Blissey|73/100
|
|-damage|p2a: Blissey|61/100|[from] item: Black Sludge
|-damage|p1a: Magnezone|67/100 brn|[from] brn
|upkeep
|turn|18
|
|t:|1760824925
|move|p1a: Magnezone|Volt Switch|p2a: Blissey
|-damage|p2a: Blissey|48/100
|
|t:|1760824929
|switch|p1a: Ogerpon|Ogerpon-Wellspring, F|36/100|[from] Volt Switch
|move|p2a: Blissey|Seismic Toss|p1a: Ogerpon
|-damage|p1a: Ogerpon|3/100
|
|-damage|p2a: Blissey|35/100|[from] item: Black Sludge
|upkeep
|turn|19
|
|t:|1760824936
|switch|p2a: Corviknight|Corviknight, M, shiny, tera:Dragon|83/100
|-ability|p2a: Corviknight|Pressure
|move|p1a: Ogerpon|Spikes|p2a: Corviknight
|-sidestart|p2: levi6969|Spikes
|
|upkeep
|turn|20
|
|t:|1760824943
|switch|p1a: Scizor|Scizor, F|100/100
|move|p2a: Corviknight|Defog|p1a: Scizor
|-unboost|p1a: Scizor|evasion|1
|-sideend|p2: levi6969|Spikes|[from] move: Defog|[of] p2a: Corviknight
|
|upkeep
|turn|21
|
|t:|1760824949
|switch|p2a: Quagsire|Quagsire, F, shiny|100/100
|move|p1a: Scizor|U-turn|p2a: Quagsire
|-damage|p2a: Quagsire|57/100
|-damage|p1a: Scizor|84/100|[from] item: Rocky Helmet|[of] p2a: Quagsire
|
|t:|1760824954
|switch|p1a: Ogerpon|Ogerpon-Wellspring, F|3/100|[from] U-turn
|
|upkeep
|turn|22
|
|t:|1760824963
|switch|p2a: Corviknight|Corviknight, M, shiny, tera:Dragon|83/100
|-ability|p2a: Corviknight|Pressure
|move|p1a: Ogerpon|Ivy Cudgel|p2a: Corviknight|[anim] Ivy Cudgel Water
|-resisted|p2a: Corviknight
|-damage|p2a: Corviknight|64/100
|
|upkeep
|turn|23
|inactive|levi6969 has 120 seconds left.
|
|t:|1760824997
|switch|p1a: Magnezone|Magnezone|67/100 brn
|move|p2a: Corviknight|Body Press|p1a: Magnezone
|-supereffective|p1a: Magnezone
|-damage|p1a: Magnezone|25/100 brn
|-damage|p2a: Corviknight|48/100|[from] item: Rocky Helmet|[of] p1a: Magnezone
|
|-damage|p1a: Magnezone|19/100 brn|[from] brn
|upkeep
|turn|24
|
|t:|1760825007
|switch|p1a: Ogerpon|Ogerpon-Wellspring, F|3/100
|switch|p2a: Blissey|Blissey, F, shiny|35/100
|
|-damage|p2a: Blissey|23/100|[from] item: Black Sludge
|upkeep
|turn|25
|
|t:|1760825014
|switch|p2a: Hatterene|Hatterene, F, shiny|100/100
|move|p1a: Ogerpon|Ivy Cudgel|p2a: Hatterene|[anim] Ivy Cudgel Water
|-damage|p2a: Hatterene|53/100
|
|upkeep
|turn|26
|
|t:|1760825020
|move|p1a: Ogerpon|Ivy Cudgel|p2a: Hatterene|[anim] Ivy Cudgel Water
|-damage|p2a: Hatterene|1/100
|move|p2a: Hatterene|Draining Kiss|p1a: Ogerpon
|-damage|p1a: Ogerpon|0 fnt
|-heal|p2a: Hatterene|3/100|[from] drain|[of] p1a: Ogerpon
|faint|p1a: Ogerpon
|
|upkeep
|
|t:|1760825025
|switch|p1a: Scizor|Scizor, F|84/100
|turn|27
|
|t:|1760825031
|switch|p2a: Blissey|Blissey, F, shiny|23/100
|move|p1a: Scizor|U-turn|p2a: Blissey
|-damage|p2a: Blissey|0 fnt
|faint|p2a: Blissey
|
|t:|1760825042
|switch|p1a: Slowking|Slowking-Galar, M|100/100|[from] U-turn
|
|upkeep
|
|t:|1760825061
|switch|p2a: Corviknight|Corviknight, M, shiny, tera:Dragon|48/100
|-ability|p2a: Corviknight|Pressure
|turn|28
|
|t:|1760825070
|move|p2a: Corviknight|Roost|p2a: Corviknight
|-heal|p2a: Corviknight|98/100
|move|p1a: Slowking|Sludge Bomb|p2a: Corviknight
|-damage|p2a: Corviknight|67/100
|
|upkeep
|turn|29
|
|t:|1760825078
|move|p2a: Corviknight|Roost|p2a: Corviknight
|-heal|p2a: Corviknight|100/100
|move|p1a: Slowking|Sludge Bomb|p2a: Corviknight
|-damage|p2a: Corviknight|70/100
|
|upkeep
|turn|30
|
|t:|1760825081
|move|p2a: Corviknight|Brave Bird|p1a: Slowking
|-damage|p1a: Slowking|61/100
|-damage|p2a: Corviknight|58/100|[from] Recoil
|move|p1a: Slowking|Sludge Bomb|p2a: Corviknight
|-damage|p2a: Corviknight|28/100
|
|upkeep
|turn|31
|
|t:|1760825089
|move|p2a: Corviknight|Roost|p2a: Corviknight
|-heal|p2a: Corviknight|78/100
|move|p1a: Slowking|Sludge Bomb|p2a: Corviknight
|-damage|p2a: Corviknight|44/100
|
|upkeep
|turn|32
|
|t:|1760825092
|switch|p1a: Magnezone|Magnezone|19/100 brn
|move|p2a: Corviknight|Roost|p2a: Corviknight
|-heal|p2a: Corviknight|94/100
|
|-damage|p1a: Magnezone|13/100 brn|[from] brn
|upkeep
|turn|33
|
|t:|1760825098
|switch|p1a: Slowking|Slowking-Galar, M|95/100
|move|p2a: Corviknight|Body Press|p1a: Slowking
|-resisted|p1a: Slowking
|-damage|p1a: Slowking|88/100
|
|upkeep
|turn|34
|
|t:|1760825107
|move|p2a: Corviknight|Brave Bird|p1a: Slowking
|-damage|p1a: Slowking|50/100
|-damage|p2a: Corviknight|82/100|[from] Recoil
|move|p1a: Slowking|Future Sight|p2a: Corviknight
|-start|p1a: Slowking|move: Future Sight
|
|upkeep
|turn|35
|
|t:|1760825114
|switch|p1a: Sableye|Sableye, F|53/100
|move|p2a: Corviknight|Brave Bird|p1a: Sableye
|-damage|p1a: Sableye|14/100
|-damage|p2a: Corviknight|65/100|[from] item: Rocky Helmet|[of] p1a: Sableye
|-damage|p2a: Corviknight|55/100|[from] Recoil
|
|upkeep
|turn|36
|
|t:|1760825120
|move|p1a: Sableye|Recover|p1a: Sableye
|-heal|p1a: Sableye|65/100
|move|p2a: Corviknight|Brave Bird|p1a: Sableye
|-damage|p1a: Sableye|32/100
|-damage|p2a: Corviknight|39/100|[from] item: Rocky Helmet|[of] p1a: Sableye
|-damage|p2a: Corviknight|31/100|[from] Recoil
|
|-end|p2a: Corviknight|move: Future Sight
|-damage|p2a: Corviknight|0 fnt
|faint|p2a: Corviknight
|upkeep
|
|t:|1760825127
|switch|p2a: Chandelure|Chandelure, M, shiny|100/100
|turn|37
|
|t:|1760825138
|move|p1a: Sableye|Recover|p1a: Sableye
|-heal|p1a: Sableye|82/100
|move|p2a: Chandelure|Fire Spin|p1a: Sableye|[miss]
|-miss|p2a: Chandelure|p1a: Sableye
|
|upkeep
|turn|38
|
|t:|1760825144
|move|p2a: Chandelure|Fire Spin|p1a: Sableye|[miss]
|-miss|p2a: Chandelure|p1a: Sableye
|move|p1a: Sableye|Knock Off|p2a: Chandelure
|-supereffective|p2a: Chandelure
|-crit|p2a: Chandelure
|-damage|p2a: Chandelure|25/100
|-status|p1a: Sableye|brn|[from] ability: Flame Body|[of] p2a: Chandelure
|-enditem|p2a: Chandelure|Binding Band|[from] move: Knock Off|[of] p1a: Sableye
|
|-damage|p1a: Sableye|76/100 brn|[from] brn
|upkeep
|turn|39
|
|t:|1760825152
|move|p1a: Sableye|Encore|p2a: Chandelure
|-start|p2a: Chandelure|Encore
|move|p2a: Chandelure|Fire Spin|p1a: Sableye
|-damage|p1a: Sableye|49/100 brn
|-activate|p1a: Sableye|move: Fire Spin|[of] p2a: Chandelure
|
|-damage|p1a: Sableye|43/100 brn|[from] brn
|-damage|p1a: Sableye|31/100 brn|[from] move: Fire Spin|[partiallytrapped]
|upkeep
|turn|40
|
|t:|1760825155
|move|p1a: Sableye|Recover|p1a: Sableye
|-heal|p1a: Sableye|81/100 brn
|move|p2a: Chandelure|Fire Spin|p1a: Sableye
|-damage|p1a: Sableye|54/100 brn
|
|-damage|p1a: Sableye|48/100 brn|[from] brn
|-damage|p1a: Sableye|36/100 brn|[from] move: Fire Spin|[partiallytrapped]
|upkeep
|turn|41
|
|t:|1760825162
|move|p2a: Chandelure|Fire Spin|p1a: Sableye
|-damage|p1a: Sableye|8/100 brn
|move|p1a: Sableye|Knock Off|p2a: Chandelure
|-supereffective|p2a: Chandelure
|-damage|p2a: Chandelure|9/100
|
|-damage|p1a: Sableye|2/100 brn|[from] brn
|-damage|p1a: Sableye|0 fnt|[from] move: Fire Spin|[partiallytrapped]
|faint|p1a: Sableye
|-end|p2a: Chandelure|Encore
|upkeep
|
|t:|1760825170
|switch|p1a: Scizor|Scizor, F|84/100
|turn|42
|
|t:|1760825185
|switch|p2a: Hatterene|Hatterene, F, shiny|3/100
|move|p1a: Scizor|Bullet Punch|p2a: Hatterene
|-supereffective|p2a: Hatterene
|-damage|p2a: Hatterene|0 fnt
|faint|p2a: Hatterene
|
|upkeep
|
|t:|1760825188
|switch|p2a: Quagsire|Quagsire, F, shiny|57/100
|turn|43
|
|t:|1760825192
|switch|p1a: Great Tusk|Great Tusk|100/100
|move|p2a: Quagsire|Recover|p2a: Quagsire
|-heal|p2a: Quagsire|100/100
|
|upkeep
|turn|44
|
|t:|1760825197
|move|p1a: Great Tusk|Stealth Rock|p2a: Quagsire
|-sidestart|p2: levi6969|move: Stealth Rock
|move|p2a: Quagsire|Toxic|p1a: Great Tusk
|-status|p1a: Great Tusk|tox
|
|-damage|p1a: Great Tusk|94/100 tox|[from] psn
|upkeep
|turn|45
|
|t:|1760825209
|-end|p1a: Great Tusk|Protosynthesis|[silent]
|switch|p1a: Scizor|Scizor, F|84/100
|move|p2a: Quagsire|Earthquake|p1a: Scizor
|-damage|p1a: Scizor|55/100
|
|upkeep
|turn|46
|
|t:|1760825220
|move|p1a: Scizor|Knock Off|p2a: Quagsire
|-damage|p2a: Quagsire|64/100
|-damage|p1a: Scizor|38/100|[from] item: Rocky Helmet|[of] p2a: Quagsire
|-enditem|p2a: Quagsire|Rocky Helmet|[from] move: Knock Off|[of] p1a: Scizor
|move|p2a: Quagsire|Earthquake|p1a: Scizor
|-damage|p1a: Scizor|7/100
|
|upkeep
|turn|47
|
|t:|1760825226
|switch|p1a: Magnezone|Magnezone|13/100 brn
|move|p2a: Quagsire|Recover|p2a: Quagsire
|-heal|p2a: Quagsire|100/100
|
|-damage|p1a: Magnezone|7/100 brn|[from] brn
|upkeep
|turn|48
|
|t:|1760825243
|switch|p1a: Slowking|Slowking-Galar, M|83/100
|move|p2a: Quagsire|Earthquake|p1a: Slowking
|-supereffective|p1a: Slowking
|-damage|p1a: Slowking|19/100
|
|upkeep
|turn|49
|
|t:|1760825245
|switch|p1a: Magnezone|Magnezone|7/100 brn
|move|p2a: Quagsire|Earthquake|p1a: Magnezone
|-supereffective|p1a: Magnezone
|-damage|p1a: Magnezone|0 fnt
|faint|p1a: Magnezone
|
|upkeep
|
|t:|1760825250
|switch|p1a: Great Tusk|Great Tusk|94/100 tox
|turn|50
|
|t:|1760825255
|move|p1a: Great Tusk|Earthquake|p2a: Quagsire
|-damage|p2a: Quagsire|68/100
|move|p2a: Quagsire|Counter|p1a: Great Tusk
|-damage|p1a: Great Tusk|34/100 tox
|
|-damage|p1a: Great Tusk|28/100 tox|[from] psn
|upkeep
|turn|51
|
|t:|1760825268
|-end|p1a: Great Tusk|Protosynthesis|[silent]
|switch|p1a: Slowking|Slowking-Galar, M|52/100
|move|p2a: Quagsire|Recover|p2a: Quagsire
|-heal|p2a: Quagsire|100/100
|
|upkeep
|turn|52
|
|t:|1760825277
|switch|p1a: Great Tusk|Great Tusk|28/100 tox
|move|p2a: Quagsire|Earthquake|p1a: Great Tusk
|-damage|p1a: Great Tusk|8/100 tox
|
|-damage|p1a: Great Tusk|2/100 tox|[from] psn
|upkeep
|turn|53
|
|t:|1760825285
|-end|p1a: Great Tusk|Protosynthesis|[silent]
|switch|p1a: Slowking|Slowking-Galar, M|86/100
|move|p2a: Quagsire|Earthquake|p1a: Slowking
|-supereffective|p1a: Slowking
|-damage|p1a: Slowking|24/100
|
|upkeep
|turn|54
|
|t:|1760825288
|switch|p1a: Great Tusk|Great Tusk|2/100 tox
|move|p2a: Quagsire|Earthquake|p1a: Great Tusk
|-damage|p1a: Great Tusk|0 fnt
|faint|p1a: Great Tusk
|-end|p1a: Great Tusk|Protosynthesis|[silent]
|
|upkeep
|c|☆levi6969|gg
|
|t:|1760825300
|switch|p1a: Slowking|Slowking-Galar, M|57/100
|turn|55
|
|t:|1760825306
|-terastallize|p1a: Slowking|Fairy
|move|p2a: Quagsire|Earthquake|p1a: Slowking
|-damage|p1a: Slowking|28/100
|move|p1a: Slowking|Future Sight|p2a: Quagsire
|-start|p1a: Slowking|move: Future Sight
|
|upkeep
|turn|56
|
|t:|1760825323
|move|p2a: Quagsire|Earthquake|p1a: Slowking
|-crit|p1a: Slowking
|-damage|p1a: Slowking|0 fnt
|faint|p1a: Slowking
|
|upkeep
|
|t:|1760825325
|switch|p1a: Scizor|Scizor, F|7/100
|turn|57
|
|t:|1760825328
|switch|p2a: Chandelure|Chandelure, M, shiny|9/100
|-damage|p2a: Chandelure|0 fnt|[from] Stealth Rock
|faint|p2a: Chandelure
|move|p1a: Scizor|Close Combat|p2: Chandelure|[notarget]
|-fail|p1a: Scizor
|
|-hint|Future Sight did not hit because the target is fainted.
|upkeep
|
|t:|1760825334
|switch|p2a: Quagsire|Quagsire, F, shiny|100/100
|-damage|p2a: Quagsire|94/100|[from] Stealth Rock
|turn|58
|
|t:|1760825336
|move|p1a: Scizor|Close Combat|p2a: Quagsire
|-damage|p2a: Quagsire|44/100
|-unboost|p1a: Scizor|def|1
|-unboost|p1a: Scizor|spd|1
|move|p2a: Quagsire|Earthquake|p1a: Scizor
|-damage|p1a: Scizor|0 fnt
|faint|p1a: Scizor
|
|win|levi6969
|raw|eatsleepjdm's rating: 1397 &rarr; <strong>1376</strong><br />(-21 for losing)
|raw|levi6969's rating: 1388 &rarr; <strong>1409</strong><br />(+21 for winning)
|l|☆levi6969
|player|p2|
|l|☆eatsleepjdm
|player|p1|
