|j|☆serginsurge
|j|☆NorseCode07
|t:|1760850698
|gametype|singles
|player|p1|serginsurge|169|1234
|player|p2|NorseCode07|hilbert|1290
|gen|9
|tier|[Gen 9] OU
|rated|
|rule|HP Percentage Mod: HP is shown in percentages
|rule|Endless Battle Clause: Forcing endless battles is banned
|rule|Species Clause: Limit one of each Pokémon
|rule|OHKO Clause: OHKO moves are banned
|rule|Evasion Items Clause: Evasion items are banned
|rule|Evasion Moves Clause: Evasion moves are banned
|rule|Evasion Abilities Clause: Evasion abilities are banned
|rule|Sleep Moves Clause: Sleep-inducing moves are banned
|clearpoke
|poke|p1|Dragapult, M|
|poke|p1|Grimmsnarl, M|
|poke|p1|Jirachi|
|poke|p1|Amoonguss, M|
|poke|p1|Great Tusk|
|poke|p1|Walking Wake|
|poke|p2|Hawlucha, F|
|poke|p2|Chandelure, M|
|poke|p2|Muk-Alola, M|
|poke|p2|Magnezone|
|poke|p2|Mamoswine, M|
|poke|p2|Primarina, F|
|teampreview
|inactive|Battle timer is ON: inactive players will automatically lose when time's up. (requested by NorseCode07)
|
|t:|1760850703
|teamsize|p1|6
|teamsize|p2|6
|start
|switch|p1a: Grimmsnarl|Grimmsnarl, M|100/100
|switch|p2a: Wario|Muk-Alola, M|100/100
|turn|1
|
|t:|1760850718
|switch|p1a: Jirachi|Jirachi|100/100
|move|p2a: Wario|Gunk Shot|p1a: Jirachi
|-immune|p1a: Jirachi
|
|upkeep
|turn|2
|
|t:|1760850740
|move|p1a: Jirachi|Body Slam|p2a: Wario
|-damage|p2a: Wario|81/100
|-status|p2a: Wario|par
|move|p2a: Wario|Knock Off|p1a: Jirachi
|-supereffective|p1a: Jirachi
|-damage|p1a: Jirachi|29/100
|-enditem|p1a: Jirachi|Leftovers|[from] move: Knock Off|[of] p2a: Wario
|
|-heal|p2a: Wario|87/100 par|[from] item: Leftovers
|upkeep
|turn|3
|
|t:|1760850751
|switch|p1a: Great Tusk|Great Tusk|100/100
|move|p2a: Wario|Knock Off|p1a: Great Tusk
|-resisted|p1a: Great Tusk
|-damage|p1a: Great Tusk|91/100
|-damage|p2a: Wario|71/100 par|[from] item: Rocky Helmet|[of] p1a: Great Tusk
|-status|p1a: Great Tusk|psn|[from] ability: Poison Touch|[of] p2a: Wario
|-enditem|p1a: Great Tusk|Rocky Helmet|[from] move: Knock Off|[of] p2a: Wario
|
|-heal|p2a: Wario|77/100 par|[from] item: Leftovers
|-damage|p1a: Great Tusk|78/100 psn|[from] psn
|upkeep
|turn|4
|
|t:|1760850766
|switch|p2a: Masked Muscle|Hawlucha, F|100/100
|-ability|p2a: Masked Muscle|Mold Breaker
|move|p1a: Great Tusk|Stealth Rock|p2a: Masked Muscle
|-sidestart|p2: NorseCode07|move: Stealth Rock
|
|-damage|p1a: Great Tusk|66/100 psn|[from] psn
|upkeep
|turn|5
|
|t:|1760850782
|-end|p1a: Great Tusk|Protosynthesis|[silent]
|switch|p1a: Grimmsnarl|Grimmsnarl, M|100/100
|move|p2a: Masked Muscle|Encore||[still]
|-fail|p2a: Masked Muscle
|
|upkeep
|turn|6
|
|t:|1760850794
|move|p1a: Grimmsnarl|Thunder Wave|p2a: Masked Muscle
|-status|p2a: Masked Muscle|par
|move|p2a: Masked Muscle|Acrobatics|p1a: Grimmsnarl
|-damage|p1a: Grimmsnarl|50/100
|-damage|p2a: Masked Muscle|84/100 par|[from] item: Rocky Helmet|[of] p1a: Grimmsnarl
|
|upkeep
|turn|7
|
|t:|1760850803
|move|p1a: Grimmsnarl|Parting Shot|p2a: Masked Muscle
|-unboost|p2a: Masked Muscle|atk|1
|-unboost|p2a: Masked Muscle|spa|1
|
|t:|1760850810
|switch|p1a: Walking Wake|Walking Wake|100/100|[from] Parting Shot
|move|p2a: Masked Muscle|Acrobatics|p1a: Walking Wake
|-damage|p1a: Walking Wake|69/100
|
|upkeep
|turn|8
|
|t:|1760850825
|switch|p2a: Primo|Primarina, F|100/100
|-damage|p2a: Primo|88/100|[from] Stealth Rock
|move|p1a: Walking Wake|Sunny Day|p1a: Walking Wake
|-weather|SunnyDay
|-activate|p1a: Walking Wake|ability: Protosynthesis
|-start|p1a: Walking Wake|protosynthesisspa
|
|-weather|SunnyDay|[upkeep]
|-heal|p2a: Primo|94/100|[from] item: Leftovers
|upkeep
|turn|9
|
|t:|1760850842
|-end|p1a: Walking Wake|Protosynthesis|[silent]
|switch|p1a: Amoonguss|Amoonguss, M, shiny|100/100
|move|p2a: Primo|Moonblast|p1a: Amoonguss
|-resisted|p1a: Amoonguss
|-damage|p1a: Amoonguss|79/100
|
|-weather|SunnyDay|[upkeep]
|-heal|p2a: Primo|100/100|[from] item: Leftovers
|upkeep
|turn|10
|
|t:|1760850858
|switch|p2a: William|Chandelure, M|100/100
|move|p1a: Amoonguss|Giga Drain|p2a: William
|-resisted|p2a: William
|-damage|p2a: William|84/100
|-heal|p1a: Amoonguss|84/100|[from] drain|[of] p2a: William
|
|-weather|SunnyDay|[upkeep]
|upkeep
|turn|11
|
|t:|1760850871
|switch|p1a: Walking Wake|Walking Wake|69/100
|-activate|p1a: Walking Wake|ability: Protosynthesis
|-start|p1a: Walking Wake|protosynthesisspa
|move|p2a: William|Will-O-Wisp|p1a: Walking Wake
|-status|p1a: Walking Wake|brn
|
|-weather|SunnyDay|[upkeep]
|-damage|p1a: Walking Wake|62/100 brn|[from] brn
|upkeep
|turn|12
|
|t:|1760850886
|move|p1a: Walking Wake|Hydro Steam|p2a: William
|-supereffective|p2a: William
|-damage|p2a: William|0 fnt
|faint|p2a: William
|
|-weather|none
|-end|p1a: Walking Wake|Protosynthesis
|-damage|p1a: Walking Wake|56/100 brn|[from] brn
|upkeep
|
|t:|1760850896
|switch|p2a: Primo|Primarina, F|100/100
|-damage|p2a: Primo|88/100|[from] Stealth Rock
|turn|13
|
|t:|1760850901
|-end|p1a: Walking Wake|Protosynthesis|[silent]
|switch|p1a: Amoonguss|Amoonguss, M, shiny|100/100
|move|p2a: Primo|Calm Mind|p2a: Primo
|-boost|p2a: Primo|spa|1
|-boost|p2a: Primo|spd|1
|
|-heal|p2a: Primo|94/100|[from] item: Leftovers
|upkeep
|turn|14
|
|t:|1760850914
|switch|p2a: French Fry|Magnezone|100/100
|-damage|p2a: French Fry|94/100|[from] Stealth Rock
|-item|p2a: French Fry|Air Balloon
|move|p1a: Amoonguss|Giga Drain|p2a: French Fry
|-resisted|p2a: French Fry
|-damage|p2a: French Fry|83/100
|-enditem|p2a: French Fry|Air Balloon
|
|upkeep
|turn|15
|
|t:|1760850927
|switch|p1a: Great Tusk|Great Tusk|66/100 psn
|move|p2a: French Fry|Flash Cannon|p1a: Great Tusk
|-damage|p1a: Great Tusk|0 fnt
|faint|p1a: Great Tusk
|-end|p1a: Great Tusk|Protosynthesis|[silent]
|
|upkeep
|
|t:|1760850934
|switch|p1a: Jirachi|Jirachi|29/100
|turn|16
|
|t:|1760850941
|move|p1a: Jirachi|Wish|p1a: Jirachi
|move|p2a: French Fry|Thunderbolt|p1a: Jirachi
|-damage|p1a: Jirachi|0 fnt
|faint|p1a: Jirachi
|
|upkeep
|
|t:|1760850948
|switch|p1a: Grimmsnarl|Grimmsnarl, M|50/100
|turn|17
|
|t:|1760850953
|-terastallize|p1a: Grimmsnarl|Steel
|move|p2a: French Fry|Flash Cannon|p1a: Grimmsnarl
|-resisted|p1a: Grimmsnarl
|-damage|p1a: Grimmsnarl|34/100
|move|p1a: Grimmsnarl|False Surrender|p2a: French Fry
|-damage|p2a: French Fry|55/100
|
|-heal|p1a: Grimmsnarl|85/100|[from] move: Wish|[wisher] Jirachi
|upkeep
|turn|18
|
|t:|1760850966
|move|p1a: Grimmsnarl|False Surrender|p2a: French Fry
|-damage|p2a: French Fry|27/100
|move|p2a: French Fry|Thunderbolt|p1a: Grimmsnarl
|-damage|p1a: Grimmsnarl|38/100
|
|upkeep
|turn|19
|
|t:|1760850980
|move|p1a: Grimmsnarl|False Surrender|p2a: French Fry
|-damage|p2a: French Fry|0 fnt
|faint|p2a: French Fry
|
|upkeep
|
|t:|1760850985
|switch|p2a: Tusk Boi|Mamoswine, M|100/100
|-damage|p2a: Tusk Boi|88/100|[from] Stealth Rock
|turn|20
|
|t:|1760850990
|move|p1a: Grimmsnarl|Parting Shot|p2a: Tusk Boi
|-unboost|p2a: Tusk Boi|atk|1
|-unboost|p2a: Tusk Boi|spa|1
|
|t:|1760850999
|switch|p1a: Walking Wake|Walking Wake|56/100 brn|[from] Parting Shot
|move|p2a: Tusk Boi|Earthquake|p1a: Walking Wake
|-damage|p1a: Walking Wake|22/100 brn
|
|-damage|p1a: Walking Wake|16/100 brn|[from] brn
|upkeep
|turn|21
|
|t:|1760851011
|move|p2a: Tusk Boi|Ice Shard|p1a: Walking Wake
|-damage|p1a: Walking Wake|1/100 brn
|move|p1a: Walking Wake|Hydro Steam|p2a: Tusk Boi
|-supereffective|p2a: Tusk Boi
|-damage|p2a: Tusk Boi|15/100
|
|-damage|p1a: Walking Wake|0 fnt|[from] brn
|faint|p1a: Walking Wake
|-end|p1a: Walking Wake|Protosynthesis|[silent]
|upkeep
|
|t:|1760851023
|switch|p1a: Grimmsnarl|Grimmsnarl, M, tera:Steel|38/100
|turn|22
|
|t:|1760851032
|move|p1a: Grimmsnarl|Parting Shot|p2a: Tusk Boi
|-unboost|p2a: Tusk Boi|atk|1
|-unboost|p2a: Tusk Boi|spa|1
|
|t:|1760851036
|switch|p1a: Amoonguss|Amoonguss, M, shiny|100/100|[from] Parting Shot
|move|p2a: Tusk Boi|Earthquake|p1a: Amoonguss
|-damage|p1a: Amoonguss|82/100
|
|upkeep
|turn|23
|
|t:|1760851046
|move|p2a: Tusk Boi|Icicle Crash|p1a: Amoonguss
|-supereffective|p1a: Amoonguss
|-damage|p1a: Amoonguss|50/100
|move|p1a: Amoonguss|Giga Drain|p2a: Tusk Boi
|-supereffective|p2a: Tusk Boi
|-crit|p2a: Tusk Boi
|-damage|p2a: Tusk Boi|0 fnt
|-heal|p1a: Amoonguss|57/100|[from] drain|[of] p2a: Tusk Boi
|faint|p2a: Tusk Boi
|
|upkeep
|
|t:|1760851057
|switch|p2a: Masked Muscle|Hawlucha, F|84/100 par
|-damage|p2a: Masked Muscle|71/100 par|[from] Stealth Rock
|-ability|p2a: Masked Muscle|Mold Breaker
|turn|24
|
|t:|1760851069
|switch|p1a: Grimmsnarl|Grimmsnarl, M, tera:Steel|38/100
|move|p2a: Masked Muscle|Acrobatics|p1a: Grimmsnarl
|-resisted|p1a: Grimmsnarl
|-damage|p1a: Grimmsnarl|12/100
|-damage|p2a: Masked Muscle|55/100 par|[from] item: Rocky Helmet|[of] p1a: Grimmsnarl
|
|upkeep
|turn|25
|
|t:|1760851080
|move|p2a: Masked Muscle|Drain Punch|p1a: Grimmsnarl
|-supereffective|p1a: Grimmsnarl
|-damage|p1a: Grimmsnarl|0 fnt
|-heal|p2a: Masked Muscle|62/100 par|[from] drain|[of] p1a: Grimmsnarl
|-damage|p2a: Masked Muscle|45/100 par|[from] item: Rocky Helmet|[of] p1a: Grimmsnarl
|faint|p1a: Grimmsnarl
|
|upkeep
|
|t:|1760851087
|switch|p1a: Dragapult|Dragapult, M|100/100
|turn|26
|
|t:|1760851091
|move|p1a: Dragapult|Draco Meteor|p2a: Masked Muscle
|-damage|p2a: Masked Muscle|0 fnt
|-unboost|p1a: Dragapult|spa|2
|faint|p2a: Masked Muscle
|
|upkeep
|
|t:|1760851097
|switch|p2a: Primo|Primarina, F|94/100
|-damage|p2a: Primo|82/100|[from] Stealth Rock
|turn|27
|
|t:|1760851102
|switch|p1a: Amoonguss|Amoonguss, M, shiny|90/100
|move|p2a: Primo|Moonblast|p1a: Amoonguss
|-resisted|p1a: Amoonguss
|-damage|p1a: Amoonguss|69/100
|
|-heal|p2a: Primo|88/100|[from] item: Leftovers
|upkeep
|turn|28
|
|t:|1760851111
|switch|p2a: Wario|Muk-Alola, M|77/100 par
|-damage|p2a: Wario|65/100 par|[from] Stealth Rock
|move|p1a: Amoonguss|Giga Drain|p2a: Wario
|-resisted|p2a: Wario
|-damage|p2a: Wario|55/100 par
|-heal|p1a: Amoonguss|74/100|[from] drain|[of] p2a: Wario
|
|-heal|p2a: Wario|61/100 par|[from] item: Leftovers
|upkeep
|turn|29
|
|t:|1760851124
|move|p1a: Amoonguss|Foul Play|p2a: Wario
|-resisted|p2a: Wario
|-damage|p2a: Wario|47/100 par
|move|p2a: Wario|Knock Off|p1a: Amoonguss
|-damage|p1a: Amoonguss|43/100
|-enditem|p1a: Amoonguss|Covert Cloak|[from] move: Knock Off|[of] p2a: Wario
|
|-heal|p2a: Wario|54/100 par|[from] item: Leftovers
|upkeep
|turn|30
|
|t:|1760851139
|move|p1a: Amoonguss|Sludge Bomb|p2a: Wario
|-resisted|p2a: Wario
|-damage|p2a: Wario|43/100 par
|cant|p2a: Wario|par
|
|-heal|p2a: Wario|49/100 par|[from] item: Leftovers
|upkeep
|turn|31
|
|t:|1760851147
|switch|p1a: Dragapult|Dragapult, M|100/100
|move|p2a: Wario|Gunk Shot|p1a: Dragapult
|-resisted|p1a: Dragapult
|-damage|p1a: Dragapult|66/100
|-status|p1a: Dragapult|psn
|
|-heal|p2a: Wario|56/100 par|[from] item: Leftovers
|-damage|p1a: Dragapult|54/100 psn|[from] psn
|upkeep
|turn|32
|
|t:|1760851158
|move|p2a: Wario|Protect|p2a: Wario
|-singleturn|p2a: Wario|Protect
|move|p1a: Dragapult|Draco Meteor|p2a: Wario
|-activate|p2a: Wario|move: Protect
|
|-heal|p2a: Wario|62/100 par|[from] item: Leftovers
|-damage|p1a: Dragapult|42/100 psn|[from] psn
|upkeep
|turn|33
|
|t:|1760851168
|switch|p1a: Amoonguss|Amoonguss, M, shiny|77/100
|switch|p2a: Primo|Primarina, F|88/100
|-damage|p2a: Primo|76/100|[from] Stealth Rock
|
|-heal|p2a: Primo|82/100|[from] item: Leftovers
|upkeep
|turn|34
|
|t:|1760851178
|switch|p2a: Wario|Muk-Alola, M|62/100 par
|-damage|p2a: Wario|49/100 par|[from] Stealth Rock
|move|p1a: Amoonguss|Giga Drain|p2a: Wario
|-resisted|p2a: Wario
|-damage|p2a: Wario|40/100 par
|-heal|p1a: Amoonguss|81/100|[from] drain|[of] p2a: Wario
|
|-heal|p2a: Wario|47/100 par|[from] item: Leftovers
|upkeep
|turn|35
|
|t:|1760851190
|move|p1a: Amoonguss|Sludge Bomb|p2a: Wario
|-resisted|p2a: Wario
|-damage|p2a: Wario|36/100 par
|move|p2a: Wario|Knock Off|p1a: Amoonguss
|-damage|p1a: Amoonguss|61/100
|
|-heal|p2a: Wario|42/100 par|[from] item: Leftovers
|upkeep
|turn|36
|
|t:|1760851199
|move|p1a: Amoonguss|Foul Play|p2a: Wario
|-resisted|p2a: Wario
|-damage|p2a: Wario|29/100 par
|move|p2a: Wario|Gunk Shot|p1a: Amoonguss
|-damage|p1a: Amoonguss|21/100
|
|-heal|p2a: Wario|36/100 par|[from] item: Leftovers
|upkeep
|turn|37
|
|t:|1760851208
|switch|p1a: Dragapult|Dragapult, M|42/100 psn
|move|p2a: Wario|Knock Off|p1a: Dragapult
|-supereffective|p1a: Dragapult
|-damage|p1a: Dragapult|0 fnt
|-enditem|p1a: Dragapult|Choice Scarf|[from] move: Knock Off|[of] p2a: Wario
|faint|p1a: Dragapult
|
|-heal|p2a: Wario|42/100 par|[from] item: Leftovers
|upkeep
|
|t:|1760851218
|switch|p1a: Amoonguss|Amoonguss, M, shiny|54/100
|turn|38
|
|t:|1760851222
|move|p1a: Amoonguss|Foul Play|p2a: Wario
|-resisted|p2a: Wario
|-damage|p2a: Wario|29/100 par
|move|p2a: Wario|Gunk Shot|p1a: Amoonguss
|-damage|p1a: Amoonguss|16/100
|
|-heal|p2a: Wario|35/100 par|[from] item: Leftovers
|upkeep
|turn|39
|
|t:|1760851230
|move|p1a: Amoonguss|Foul Play|p2a: Wario
|-resisted|p2a: Wario
|-damage|p2a: Wario|22/100 par
|cant|p2a: Wario|par
|
|-heal|p2a: Wario|28/100 par|[from] item: Leftovers
|upkeep
|turn|40
|
|t:|1760851239
|move|p1a: Amoonguss|Foul Play|p2a: Wario
|-resisted|p2a: Wario
|-damage|p2a: Wario|16/100 par
|move|p2a: Wario|Knock Off|p1a: Amoonguss
|-damage|p1a: Amoonguss|0 fnt
|faint|p1a: Amoonguss
|
|win|NorseCode07
|raw|serginsurge's rating: 1234 &rarr; <strong>1213</strong><br />(-21 for losing)
|raw|NorseCode07's rating: 1290 &rarr; <strong>1311</strong><br />(+21 for winning)
|l|☆serginsurge
|player|p1|
|l|☆NorseCode07
|player|p2|
