|j|☆michael00000000
|j|☆john pork the 1st
|t:|1760758402
|gametype|singles
|player|p1|michael00000000|clair|1789
|player|p2|john pork the 1st|miku-flying|1733
|gen|9
|tier|[Gen 9] OU
|rated|
|rule|HP Percentage Mod: HP is shown in percentages
|rule|Endless Battle Clause: Forcing endless battles is banned
|rule|Species Clause: Limit one of each Pokémon
|rule|OHKO Clause: OHKO moves are banned
|rule|Evasion Items Clause: Evasion items are banned
|rule|Evasion Moves Clause: Evasion moves are banned
|rule|Evasion Abilities Clause: Evasion abilities are banned
|rule|Sleep Moves Clause: Sleep-inducing moves are banned
|clearpoke
|poke|p1|Gardevoir, F|
|poke|p1|Iron Valiant|
|poke|p1|Arcanine, M|
|poke|p1|Hatterene, F|
|poke|p1|Dragapult, F|
|poke|p1|Milotic, F|
|poke|p2|Ogerpon-Wellspring, F|
|poke|p2|Kingambit, M|
|poke|p2|Landorus-Therian, M|
|poke|p2|Glimmora, F|
|poke|p2|Dragapult, F|
|poke|p2|Iron Valiant|
|teampreview
|
|t:|1760758429
|teamsize|p1|6
|teamsize|p2|6
|start
|switch|p1a: Rhea|Gardevoir, F, shiny|100/100
|switch|p2a: Chronostasis|Glimmora, F, shiny|100/100
|-ability|p1a: Rhea|Toxic Debris|Trace|[from] ability: Trace|[of] p2a: Chronostasis
|turn|1
|
|t:|1760758446
|switch|p2a: Unite|Kingambit, M, shiny|100/100
|move|p1a: Rhea|Psyshock|p2a: Unite
|-immune|p2a: Unite
|
|upkeep
|turn|2
|
|t:|1760758450
|switch|p1a: Nimbus|Arcanine, M|100/100
|-ability|p1a: Nimbus|Intimidate|boost
|-unboost|p2a: Unite|atk|1
|-end|p2a: Unite|fallenundefined|[silent]
|switch|p2a: Into the Light|Dragapult, F, shiny|100/100
|
|upkeep
|turn|3
|
|t:|1760758455
|switch|p1a: Ceteres|Milotic, F, shiny|100/100
|move|p2a: Into the Light|U-turn|p1a: Ceteres
|-damage|p1a: Ceteres|88/100
|
|t:|1760758463
|switch|p2a: Western Sky|Ogerpon-Wellspring, F|100/100|[from] U-turn
|
|-heal|p1a: Ceteres|94/100|[from] item: Leftovers
|upkeep
|turn|4
|
|t:|1760758467
|move|p2a: Western Sky|Play Rough|p1a: Ceteres
|-damage|p1a: Ceteres|70/100
|move|p1a: Ceteres|Ice Beam|p2a: Western Sky
|-damage|p2a: Western Sky|76/100
|
|-heal|p1a: Ceteres|76/100|[from] item: Leftovers
|upkeep
|turn|5
|
|t:|1760758474
|switch|p1a: Nimbus|Arcanine, M|100/100
|-ability|p1a: Nimbus|Intimidate|boost
|-unboost|p2a: Western Sky|atk|1
|move|p2a: Western Sky|Horn Leech|p1a: Nimbus
|-resisted|p1a: Nimbus
|-damage|p1a: Nimbus|82/100
|-heal|p2a: Western Sky|86/100|[from] drain|[of] p1a: Nimbus
|
|upkeep
|turn|6
|
|t:|1760758496
|switch|p1a: Rhea|Gardevoir, F, shiny|100/100
|-ability|p1a: Rhea|Water Absorb|Trace|[from] ability: Trace|[of] p2a: Western Sky
|move|p2a: Western Sky|Ivy Cudgel|p1a: Rhea|[anim] Ivy Cudgel Water
|-immune|p1a: Rhea|[from] ability: Water Absorb
|
|upkeep
|turn|7
|
|t:|1760758506
|switch|p2a: Shine as Usual|Landorus-Therian, M|100/100
|-ability|p2a: Shine as Usual|Intimidate|boost
|-unboost|p1a: Rhea|atk|1
|move|p1a: Rhea|Moonblast|p2a: Shine as Usual
|-damage|p2a: Shine as Usual|46/100
|
|upkeep
|turn|8
|
|t:|1760758517
|switch|p2a: Unite|Kingambit, M, shiny|100/100
|switch|p1a: Noir|Hatterene, F, shiny|100/100
|
|upkeep
|turn|9
|
|t:|1760758524
|move|p2a: Unite|Kowtow Cleave|p1a: Noir
|-damage|p1a: Noir|40/100
|move|p1a: Noir|Mystical Fire|p2a: Unite
|-supereffective|p2a: Unite
|-damage|p2a: Unite|44/100
|-unboost|p2a: Unite|spa|1
|
|-heal|p2a: Unite|50/100|[from] item: Leftovers
|upkeep
|turn|10
|
|t:|1760758529
|move|p2a: Unite|Kowtow Cleave|p1a: Noir
|-damage|p1a: Noir|0 fnt
|faint|p1a: Noir
|
|-heal|p2a: Unite|57/100|[from] item: Leftovers
|upkeep
|
|t:|1760758533
|switch|p1a: Hermé|Iron Valiant, shiny|100/100
|-enditem|p1a: Hermé|Booster Energy
|-activate|p1a: Hermé|ability: Quark Drive|[fromitem]
|-start|p1a: Hermé|quarkdrivespe
|turn|11
|
|t:|1760758538
|-end|p1a: Hermé|Quark Drive|[silent]
|switch|p1a: Rhea|Gardevoir, F, shiny|100/100
|-ability|p1a: Rhea|Supreme Overlord|Trace|[from] ability: Trace|[of] p2a: Unite
|-activate|p1a: Rhea|ability: Supreme Overlord
|-start|p1a: Rhea|fallen1|[silent]
|-end|p2a: Unite|fallenundefined|[silent]
|switch|p2a: Chronostasis|Glimmora, F, shiny|100/100
|
|upkeep
|turn|12
|
|t:|1760758552
|-terastallize|p2a: Chronostasis|Ghost
|move|p2a: Chronostasis|Meteor Beam||[still]
|-prepare|p2a: Chronostasis|Meteor Beam
|-boost|p2a: Chronostasis|spa|1
|-enditem|p2a: Chronostasis|Power Herb
|-anim|p2a: Chronostasis|Meteor Beam|p1a: Rhea
|-damage|p1a: Rhea|45/100
|move|p1a: Rhea|Mystical Fire|p2a: Chronostasis
|-crit|p2a: Chronostasis
|-damage|p2a: Chronostasis|41/100
|-unboost|p2a: Chronostasis|spa|1
|
|upkeep
|turn|13
|
|t:|1760758562
|move|p2a: Chronostasis|Spikes|p1a: Rhea
|-sidestart|p1: michael00000000|Spikes
|move|p1a: Rhea|Moonblast|p2a: Chronostasis
|-damage|p2a: Chronostasis|0 fnt
|faint|p2a: Chronostasis
|
|upkeep
|
|t:|1760758568
|switch|p2a: Into the Light|Dragapult, F, shiny|100/100
|turn|14
|
|t:|1760758570
|move|p2a: Into the Light|U-turn|p1a: Rhea
|-damage|p1a: Rhea|16/100
|
|t:|1760758577
|switch|p2a: Western Sky|Ogerpon-Wellspring, F|86/100|[from] U-turn
|move|p1a: Rhea|Moonblast|p2a: Western Sky
|-damage|p2a: Western Sky|17/100
|
|upkeep
|turn|15
|
|t:|1760758584
|-end|p1a: Rhea|fallen1|[silent]
|switch|p1a: Mercé|Dragapult, F, shiny|100/100
|-damage|p1a: Mercé|88/100|[from] Spikes
|move|p2a: Western Sky|Play Rough|p1a: Mercé
|-supereffective|p1a: Mercé
|-damage|p1a: Mercé|0 fnt
|faint|p1a: Mercé
|
|upkeep
|
|t:|1760758587
|switch|p1a: Hermé|Iron Valiant, shiny|100/100
|-damage|p1a: Hermé|88/100|[from] Spikes
|turn|16
|
|t:|1760758595
|switch|p2a: Shine as Usual|Landorus-Therian, M|46/100
|-ability|p2a: Shine as Usual|Intimidate|boost
|-unboost|p1a: Hermé|atk|1
|move|p1a: Hermé|Moonblast|p2a: Shine as Usual
|-damage|p2a: Shine as Usual|7/100
|-unboost|p2a: Shine as Usual|spa|1
|
|upkeep
|turn|17
|
|t:|1760758599
|move|p1a: Hermé|Moonblast|p2a: Shine as Usual
|-damage|p2a: Shine as Usual|0 fnt
|faint|p2a: Shine as Usual
|
|upkeep
|
|t:|1760758609
|switch|p2a: Into the Light|Dragapult, F, shiny|100/100
|turn|18
|
|t:|1760758615
|move|p2a: Into the Light|Shadow Ball|p1a: Hermé
|-damage|p1a: Hermé|0 fnt
|faint|p1a: Hermé
|-end|p1a: Hermé|Quark Drive|[silent]
|
|upkeep
|
|t:|1760758620
|switch|p1a: Nimbus|Arcanine, M|82/100
|-damage|p1a: Nimbus|70/100|[from] Spikes
|-ability|p1a: Nimbus|Intimidate|boost
|-unboost|p2a: Into the Light|atk|1
|turn|19
|
|t:|1760758642
|-terastallize|p1a: Nimbus|Normal
|move|p2a: Into the Light|Shadow Ball|p1a: Nimbus
|-immune|p1a: Nimbus
|move|p1a: Nimbus|Crunch|p2a: Into the Light
|-supereffective|p2a: Into the Light
|-damage|p2a: Into the Light|0 fnt
|faint|p2a: Into the Light
|
|upkeep
|
|t:|1760758651
|switch|p2a: Western Sky|Ogerpon-Wellspring, F|17/100
|turn|20
|
|t:|1760758655
|switch|p2a: Unite|Kingambit, M, shiny|57/100
|-activate|p2a: Unite|ability: Supreme Overlord
|-start|p2a: Unite|fallen3|[silent]
|switch|p1a: Rhea|Gardevoir, F, shiny|16/100
|-damage|p1a: Rhea|4/100|[from] Spikes
|-ability|p1a: Rhea|Supreme Overlord|Trace|[from] ability: Trace|[of] p2a: Unite
|-activate|p1a: Rhea|ability: Supreme Overlord
|-start|p1a: Rhea|fallen3|[silent]
|
|-heal|p2a: Unite|63/100|[from] item: Leftovers
|upkeep
|turn|21
|
|t:|1760758659
|move|p2a: Unite|Sucker Punch|p1a: Rhea
|-damage|p1a: Rhea|0 fnt
|faint|p1a: Rhea
|-end|p1a: Rhea|fallen3|[silent]
|
|-heal|p2a: Unite|69/100|[from] item: Leftovers
|upkeep
|
|t:|1760758661
|switch|p1a: Ceteres|Milotic, F, shiny|76/100
|-damage|p1a: Ceteres|63/100|[from] Spikes
|turn|22
|
|t:|1760758665
|move|p1a: Ceteres|Ice Beam|p2a: Unite
|-resisted|p2a: Unite
|-damage|p2a: Unite|60/100
|move|p2a: Unite|Swords Dance|p2a: Unite
|-boost|p2a: Unite|atk|2
|
|-heal|p1a: Ceteres|69/100|[from] item: Leftovers
|-heal|p2a: Unite|66/100|[from] item: Leftovers
|upkeep
|turn|23
|
|t:|1760758668
|move|p1a: Ceteres|Haze|p1a: Ceteres
|-clearallboost
|move|p2a: Unite|Kowtow Cleave|p1a: Ceteres
|-damage|p1a: Ceteres|25/100
|
|-heal|p1a: Ceteres|31/100|[from] item: Leftovers
|-heal|p2a: Unite|72/100|[from] item: Leftovers
|upkeep
|turn|24
|
|t:|1760758671
|move|p1a: Ceteres|Recover|p1a: Ceteres
|-heal|p1a: Ceteres|81/100
|move|p2a: Unite|Kowtow Cleave|p1a: Ceteres
|-damage|p1a: Ceteres|34/100
|
|-heal|p1a: Ceteres|40/100|[from] item: Leftovers
|-heal|p2a: Unite|78/100|[from] item: Leftovers
|upkeep
|turn|25
|
|t:|1760758673
|-end|p2a: Unite|fallen3|[silent]
|switch|p2a: Western Sky|Ogerpon-Wellspring, F|17/100
|move|p1a: Ceteres|Recover|p1a: Ceteres
|-heal|p1a: Ceteres|90/100
|
|-heal|p1a: Ceteres|96/100|[from] item: Leftovers
|upkeep
|turn|26
|
|t:|1760758677
|move|p2a: Western Sky|Horn Leech|p1a: Ceteres
|-supereffective|p1a: Ceteres
|-damage|p1a: Ceteres|36/100
|-heal|p2a: Western Sky|56/100|[from] drain|[of] p1a: Ceteres
|move|p1a: Ceteres|Ice Beam|p2a: Western Sky
|-damage|p2a: Western Sky|31/100
|
|-heal|p1a: Ceteres|42/100|[from] item: Leftovers
|upkeep
|turn|27
|c|☆michael00000000|gg wp
|
|t:|1760758683
|move|p2a: Western Sky|Ivy Cudgel|p1a: Ceteres|[anim] Ivy Cudgel Water
|-resisted|p1a: Ceteres
|-damage|p1a: Ceteres|20/100
|move|p1a: Ceteres|Ice Beam|p2a: Western Sky
|-damage|p2a: Western Sky|8/100
|
|-heal|p1a: Ceteres|26/100|[from] item: Leftovers
|upkeep
|turn|28
|
|t:|1760758687
|move|p2a: Western Sky|Horn Leech|p1a: Ceteres
|-supereffective|p1a: Ceteres
|-damage|p1a: Ceteres|0 fnt
|-heal|p2a: Western Sky|25/100|[from] drain|[of] p1a: Ceteres
|faint|p1a: Ceteres
|
|upkeep
|-message|michael00000000 forfeited.
|
|win|john pork the 1st
|raw|michael00000000's rating: 1765 &rarr; <strong>1743</strong><br />(-22 for losing)
|raw|john pork the 1st's rating: 1733 &rarr; <strong>1755</strong><br />(+22 for winning)
|l|☆michael00000000
|player|p1|
|c|☆john pork the 1st|gg
|l|☆john pork the 1st
|player|p2|
