|j|☆Spgdd
|j|☆juqiantangnang
|t:|1760871398
|gametype|singles
|player|p1|Spgdd|hilda-masters3|1143
|player|p2|juqiantangnang|cynthia-gen4|1205
|gen|9
|tier|[Gen 9] OU
|rated|
|rule|HP Percentage Mod: HP is shown in percentages
|rule|Endless Battle Clause: Forcing endless battles is banned
|rule|Species Clause: Limit one of each Pokémon
|rule|OHKO Clause: OHKO moves are banned
|rule|Evasion Items Clause: Evasion items are banned
|rule|Evasion Moves Clause: Evasion moves are banned
|rule|Evasion Abilities Clause: Evasion abilities are banned
|rule|Sleep Moves Clause: Sleep-inducing moves are banned
|clearpoke
|poke|p1|Tyranitar, M|
|poke|p1|Probopass, M|
|poke|p1|Gliscor, M|
|poke|p1|Excadrill, M|
|poke|p1|Landorus-Therian, M|
|poke|p1|Glimmora, F|
|poke|p2|Iron Crown|
|poke|p2|Dragonite, F|
|poke|p2|Meowscarada, F|
|poke|p2|Alomomola, F|
|poke|p2|Raging Bolt|
|poke|p2|Garganacl, M|
|teampreview
|inactive|Battle timer is ON: inactive players will automatically lose when time's up. (requested by Spgdd)
|
|t:|1760871413
|teamsize|p1|6
|teamsize|p2|6
|start
|switch|p1a: Glimmora|Glimmora, F, shiny|100/100
|switch|p2a: Meowscarada|Meowscarada, F|100/100
|turn|1
|
|t:|1760871425
|switch|p2a: Iron Crown|Iron Crown|100/100
|move|p1a: Glimmora|Mortal Spin|p2a: Iron Crown
|-immune|p2a: Iron Crown
|
|upkeep
|turn|2
|
|t:|1760871437
|switch|p1a: Tyranitar|Tyranitar, M, shiny|100/100
|-weather|Sandstorm|[from] ability: Sand Stream|[of] p1a: Tyranitar
|move|p2a: Iron Crown|Tachyon Cutter|p1a: Tyranitar
|-supereffective|p1a: Tyranitar
|-damage|p1a: Tyranitar|59/100
|-supereffective|p1a: Tyranitar
|-damage|p1a: Tyranitar|17/100
|-hitcount|p1a: Tyranitar|2
|
|-weather|Sandstorm|[upkeep]
|upkeep
|turn|3
|
|t:|1760871454
|switch|p1a: Glimmora|Glimmora, F, shiny|100/100
|move|p2a: Iron Crown|Tachyon Cutter|p1a: Glimmora
|-supereffective|p1a: Glimmora
|-damage|p1a: Glimmora|34/100
|-supereffective|p1a: Glimmora
|-damage|p1a: Glimmora|0 fnt
|faint|p1a: Glimmora
|-hitcount|p1: Glimmora|2
|
|-weather|Sandstorm|[upkeep]
|upkeep
|
|t:|1760871466
|switch|p1a: Excadrill|Excadrill, M, shiny|100/100
|turn|4
|
|t:|1760871478
|-end|p2a: Iron Crown|Quark Drive|[silent]
|switch|p2a: Dragonite|Dragonite, F|100/100
|move|p1a: Excadrill|Earthquake|p2a: Dragonite
|-immune|p2a: Dragonite
|
|-weather|Sandstorm|[upkeep]
|-damage|p2a: Dragonite|94/100|[from] Sandstorm
|upkeep
|turn|5
|
|t:|1760871489
|move|p1a: Excadrill|Swords Dance|p1a: Excadrill
|-boost|p1a: Excadrill|atk|2
|move|p2a: Dragonite|Earthquake|p1a: Excadrill
|-supereffective|p1a: Excadrill
|-damage|p1a: Excadrill|0 fnt
|faint|p1a: Excadrill
|
|-weather|Sandstorm|[upkeep]
|-damage|p2a: Dragonite|88/100|[from] Sandstorm
|upkeep
|
|t:|1760871501
|switch|p1a: Landorus|Landorus-Therian, M, shiny|100/100
|-ability|p1a: Landorus|Intimidate|boost
|-unboost|p2a: Dragonite|atk|1
|turn|6
|
|t:|1760871509
|switch|p2a: Meowscarada|Meowscarada, F|100/100
|move|p1a: Landorus|Stealth Rock|p2a: Meowscarada
|-sidestart|p2: juqiantangnang|move: Stealth Rock
|
|-weather|none
|upkeep
|turn|7
|
|t:|1760871517
|move|p2a: Meowscarada|Triple Axel|p1a: Landorus
|-start|p2a: Meowscarada|typechange|Ice|[from] ability: Protean
|-supereffective|p1a: Landorus
|-damage|p1a: Landorus|63/100
|-damage|p2a: Meowscarada|84/100|[from] item: Rocky Helmet|[of] p1a: Landorus
|-supereffective|p1a: Landorus
|-crit|p1a: Landorus
|-damage|p1a: Landorus|0 fnt
|-damage|p2a: Meowscarada|67/100|[from] item: Rocky Helmet|[of] p1a: Landorus
|faint|p1a: Landorus
|-hitcount|p1: Landorus|2
|
|upkeep
|
|t:|1760871529
|switch|p1a: Tyranitar|Tyranitar, M, shiny|17/100
|-weather|Sandstorm|[from] ability: Sand Stream|[of] p1a: Tyranitar
|turn|8
|
|t:|1760871537
|move|p2a: Meowscarada|Triple Axel|p1a: Tyranitar
|-damage|p1a: Tyranitar|11/100
|-hitcount|p1a: Tyranitar|1
|move|p1a: Tyranitar|Thunder Wave|p2a: Meowscarada
|-status|p2a: Meowscarada|par
|
|-weather|Sandstorm|[upkeep]
|-damage|p2a: Meowscarada|61/100 par|[from] Sandstorm
|upkeep
|turn|9
|
|t:|1760871549
|move|p2a: Meowscarada|Triple Axel|p1a: Tyranitar
|-damage|p1a: Tyranitar|5/100
|-hitcount|p1a: Tyranitar|1
|move|p1a: Tyranitar|Knock Off|p2a: Meowscarada
|-damage|p2a: Meowscarada|0 fnt
|-enditem|p2a: Meowscarada|Choice Scarf|[from] move: Knock Off|[of] p1a: Tyranitar
|faint|p2a: Meowscarada
|
|-weather|Sandstorm|[upkeep]
|upkeep
|
|t:|1760871566
|switch|p2a: Iron Crown|Iron Crown|100/100
|-damage|p2a: Iron Crown|94/100|[from] Stealth Rock
|turn|10
|
|t:|1760871571
|switch|p1a: Probopass|Probopass, M, shiny|100/100
|move|p2a: Iron Crown|Tachyon Cutter|p1a: Probopass
|-damage|p1a: Probopass|86/100
|-damage|p1a: Probopass|73/100
|-hitcount|p1a: Probopass|2
|
|-weather|Sandstorm|[upkeep]
|upkeep
|turn|11
|
|t:|1760871591
|-end|p2a: Iron Crown|Quark Drive|[silent]
|switch|p2a: Dragonite|Dragonite, F|88/100
|-damage|p2a: Dragonite|63/100|[from] Stealth Rock
|move|p1a: Probopass|Power Gem|p2a: Dragonite
|-supereffective|p2a: Dragonite
|-damage|p2a: Dragonite|9/100
|
|-weather|Sandstorm|[upkeep]
|-damage|p2a: Dragonite|3/100|[from] Sandstorm
|upkeep
|turn|12
|
|t:|1760871603
|move|p2a: Dragonite|Earthquake|p1a: Probopass
|-supereffective|p1a: Probopass
|-damage|p1a: Probopass|0 fnt
|faint|p1a: Probopass
|
|-weather|none
|upkeep
|
|t:|1760871610
|switch|p1a: Tyranitar|Tyranitar, M, shiny|5/100
|-weather|Sandstorm|[from] ability: Sand Stream|[of] p1a: Tyranitar
|turn|13
|
|t:|1760871616
|switch|p1a: Gliscor|Gliscor, M, shiny|100/100
|move|p2a: Dragonite|Earthquake|p1a: Gliscor
|-immune|p1a: Gliscor
|
|-weather|Sandstorm|[upkeep]
|-damage|p2a: Dragonite|0 fnt|[from] Sandstorm
|faint|p2a: Dragonite
|-status|p1a: Gliscor|tox|[from] item: Toxic Orb
|upkeep
|
|t:|1760871634
|switch|p2a: Iron Crown|Iron Crown|94/100
|-damage|p2a: Iron Crown|88/100|[from] Stealth Rock
|turn|14
|
|t:|1760871651
|-terastallize|p1a: Gliscor|Steel
|move|p2a: Iron Crown|Tachyon Cutter|p1a: Gliscor
|-resisted|p1a: Gliscor
|-damage|p1a: Gliscor|78/100 tox
|-resisted|p1a: Gliscor
|-damage|p1a: Gliscor|56/100 tox
|-hitcount|p1a: Gliscor|2
|move|p1a: Gliscor|Earthquake|p2a: Iron Crown
|-supereffective|p2a: Iron Crown
|-damage|p2a: Iron Crown|17/100
|
|-weather|Sandstorm|[upkeep]
|-heal|p1a: Gliscor|68/100 tox|[from] ability: Poison Heal
|upkeep
|turn|15
|
|t:|1760871666
|-end|p2a: Iron Crown|Quark Drive|[silent]
|switch|p2a: Garganacl|Garganacl, M|100/100
|-damage|p2a: Garganacl|88/100|[from] Stealth Rock
|move|p1a: Gliscor|Protect||[still]
|-fail|p1a: Gliscor
|
|-weather|Sandstorm|[upkeep]
|-heal|p2a: Garganacl|94/100|[from] item: Leftovers
|-heal|p1a: Gliscor|80/100 tox|[from] ability: Poison Heal
|upkeep
|turn|16
|
|t:|1760871677
|move|p1a: Gliscor|Fling|p2a: Garganacl
|-damage|p2a: Garganacl|90/100
|-enditem|p1a: Gliscor|Toxic Orb|[from] move: Fling
|move|p2a: Garganacl|Salt Cure|p1a: Gliscor
|-resisted|p1a: Gliscor
|-damage|p1a: Gliscor|75/100 tox
|-start|p1a: Gliscor|Salt Cure
|
|-weather|Sandstorm|[upkeep]
|-heal|p2a: Garganacl|97/100|[from] item: Leftovers
|-heal|p1a: Gliscor|88/100 tox|[from] ability: Poison Heal
|-damage|p1a: Gliscor|63/100 tox|[from] Salt Cure
|upkeep
|turn|17
|-message|Spgdd forfeited.
|
|win|juqiantangnang
|raw|Spgdd's rating: 1143 &rarr; <strong>1122</strong><br />(-21 for losing)
|raw|juqiantangnang's rating: 1205 &rarr; <strong>1226</strong><br />(+21 for winning)
|l|☆Spgdd
|player|p1|
|j|☆Spgdd
|player|p1|Spgdd|hilda-masters3|
|l|☆Spgdd
|player|p1|
|l|☆juqiantangnang
|player|p2|
