|j|☆noob1877
|j|☆UnaQuags Wooper
|t:|1760804599
|gametype|singles
|player|p1|noob1877|101|1619
|player|p2|UnaQuags Wooper|blackbelt-gen4dp|1647
|gen|9
|tier|[Gen 9] OU
|rated|
|rule|HP Percentage Mod: HP is shown in percentages
|rule|Endless Battle Clause: Forcing endless battles is banned
|rule|Species Clause: Limit one of each Pokémon
|rule|OHKO Clause: OHKO moves are banned
|rule|Evasion Items Clause: Evasion items are banned
|rule|Evasion Moves Clause: Evasion moves are banned
|rule|Evasion Abilities Clause: Evasion abilities are banned
|rule|Sleep Moves Clause: Sleep-inducing moves are banned
|clearpoke
|poke|p1|Keldeo-Resolute|
|poke|p1|Corviknight, F|
|poke|p1|Cinderace, M|
|poke|p1|Glimmora, M|
|poke|p1|Dragapult, M|
|poke|p1|Garganacl, M|
|poke|p2|Zamazenta-*|
|poke|p2|Ninetales-Alola, F|
|poke|p2|Darkrai|
|poke|p2|Ceruledge, F|
|poke|p2|Gliscor, M|
|poke|p2|Hatterene, F|
|teampreview
|
|t:|1760804635
|teamsize|p1|6
|teamsize|p2|6
|start
|switch|p1a: Keldeo|Keldeo-Resolute|100/100
|switch|p2a: Gliscor|Gliscor, M|100/100
|turn|1
|
|t:|1760804651
|switch|p2a: Ninetales|Ninetales-Alola, F|100/100
|-weather|Snowscape|[from] ability: Snow Warning|[of] p2a: Ninetales
|move|p1a: Keldeo|Substitute|p1a: Keldeo
|-start|p1a: Keldeo|Substitute
|-damage|p1a: Keldeo|76/100
|
|-weather|Snowscape|[upkeep]
|-heal|p1a: Keldeo|82/100|[from] item: Leftovers
|upkeep
|turn|2
|
|t:|1760804661
|switch|p1a: Corviknight|Corviknight, F|100/100
|-ability|p1a: Corviknight|Pressure
|move|p2a: Ninetales|Aurora Veil|p2a: Ninetales
|-sidestart|p2: UnaQuags Wooper|move: Aurora Veil
|
|-weather|Snowscape|[upkeep]
|upkeep
|turn|3
|
|t:|1760804678
|switch|p2a: Ceruledge|Ceruledge, F|100/100
|move|p1a: Corviknight|U-turn|p2a: Ceruledge
|-resisted|p2a: Ceruledge
|-damage|p2a: Ceruledge|99/100
|
|t:|1760804681
|switch|p1a: Glimmora|Glimmora, M|100/100|[from] U-turn
|
|-weather|Snowscape|[upkeep]
|upkeep
|turn|4
|
|t:|1760804703
|switch|p2a: Gliscor|Gliscor, M|100/100
|move|p1a: Glimmora|Meteor Beam||[still]
|-prepare|p1a: Glimmora|Meteor Beam
|-boost|p1a: Glimmora|spa|1
|-enditem|p1a: Glimmora|Power Herb
|-anim|p1a: Glimmora|Meteor Beam|p2a: Gliscor
|-damage|p2a: Gliscor|50/100
|
|-weather|Snowscape|[upkeep]
|-status|p2a: Gliscor|tox|[from] item: Toxic Orb
|upkeep
|turn|5
|
|t:|1760804714
|move|p1a: Glimmora|Meteor Beam||[still]
|-prepare|p1a: Glimmora|Meteor Beam
|-boost|p1a: Glimmora|spa|1
|move|p2a: Gliscor|Earthquake|p1a: Glimmora
|-supereffective|p1a: Glimmora
|-damage|p1a: Glimmora|0 fnt
|-activate|p1a: Glimmora|ability: Toxic Debris
|-sidestart|p2: UnaQuags Wooper|move: Toxic Spikes
|faint|p1a: Glimmora
|
|-weather|none
|-heal|p2a: Gliscor|63/100 tox|[from] ability: Poison Heal
|upkeep
|
|t:|1760804726
|switch|p1a: Keldeo|Keldeo-Resolute|82/100
|turn|6
|
|t:|1760804736
|switch|p2a: Ninetales|Ninetales-Alola, F|100/100
|-status|p2a: Ninetales|psn
|-weather|Snowscape|[from] ability: Snow Warning|[of] p2a: Ninetales
|move|p1a: Keldeo|Calm Mind|p1a: Keldeo
|-boost|p1a: Keldeo|spa|1
|-boost|p1a: Keldeo|spd|1
|
|-weather|Snowscape|[upkeep]
|-heal|p1a: Keldeo|88/100|[from] item: Leftovers
|-damage|p2a: Ninetales|88/100 psn|[from] psn
|upkeep
|turn|7
|
|t:|1760804744
|move|p2a: Ninetales|Freeze-Dry|p1a: Keldeo
|-supereffective|p1a: Keldeo
|-damage|p1a: Keldeo|58/100
|move|p1a: Keldeo|Surf|p2a: Ninetales
|-damage|p2a: Ninetales|56/100 psn
|
|-weather|Snowscape|[upkeep]
|-heal|p1a: Keldeo|64/100|[from] item: Leftovers
|-damage|p2a: Ninetales|43/100 psn|[from] psn
|upkeep
|turn|8
|
|t:|1760804756
|move|p1a: Keldeo|Surf|p2a: Ninetales
|-damage|p2a: Ninetales|12/100 psn
|move|p2a: Ninetales|Roar|p1a: Keldeo
|drag|p1a: Corviknight|Corviknight, F|100/100
|-ability|p1a: Corviknight|Pressure
|
|-weather|Snowscape|[upkeep]
|-damage|p2a: Ninetales|0 fnt|[from] psn
|faint|p2a: Ninetales
|upkeep
|
|t:|1760804770
|switch|p2a: Darkrai|Darkrai|100/100
|-status|p2a: Darkrai|psn
|turn|9
|
|t:|1760804775
|move|p2a: Darkrai|Dark Pulse|p1a: Corviknight
|-damage|p1a: Corviknight|69/100
|move|p1a: Corviknight|U-turn|p2a: Darkrai
|-supereffective|p2a: Darkrai
|-damage|p2a: Darkrai|82/100 psn
|
|t:|1760804781
|switch|p1a: Keldeo|Keldeo-Resolute|64/100|[from] U-turn
|
|-weather|Snowscape|[upkeep]
|-heal|p2a: Darkrai|88/100 psn|[from] item: Leftovers
|-heal|p1a: Keldeo|70/100|[from] item: Leftovers
|-damage|p2a: Darkrai|76/100 psn|[from] psn
|-sideend|p2: UnaQuags Wooper|move: Aurora Veil
|upkeep
|turn|10
|
|t:|1760804785
|move|p2a: Darkrai|Psyshock|p1a: Keldeo
|-supereffective|p1a: Keldeo
|-damage|p1a: Keldeo|5/100
|move|p1a: Keldeo|Secret Sword|p2a: Darkrai
|-supereffective|p2a: Darkrai
|-damage|p2a: Darkrai|0 fnt
|faint|p2a: Darkrai
|
|-weather|none
|-heal|p1a: Keldeo|11/100|[from] item: Leftovers
|upkeep
|inactive|Battle timer is ON: inactive players will automatically lose when time's up. (requested by noob1877)
|
|t:|1760804802
|switch|p2a: Hatterene|Hatterene, F|100/100
|-status|p2a: Hatterene|psn
|turn|11
|
|t:|1760804816
|move|p1a: Keldeo|Surf|p2a: Hatterene
|-damage|p2a: Hatterene|49/100 psn
|move|p2a: Hatterene|Draining Kiss|p1a: Keldeo
|-supereffective|p1a: Keldeo
|-damage|p1a: Keldeo|0 fnt
|-heal|p2a: Hatterene|57/100 psn|[from] drain|[of] p1a: Keldeo
|faint|p1a: Keldeo
|
|-heal|p2a: Hatterene|63/100 psn|[from] item: Leftovers
|-damage|p2a: Hatterene|51/100 psn|[from] psn
|upkeep
|
|t:|1760804821
|switch|p1a: Dragapult|Dragapult, M|100/100
|turn|12
|
|t:|1760804827
|move|p1a: Dragapult|Hex|p2a: Hatterene
|-supereffective|p2a: Hatterene
|-damage|p2a: Hatterene|0 fnt
|faint|p2a: Hatterene
|
|upkeep
|
|t:|1760804834
|switch|p2a: Gliscor|Gliscor, M|63/100 tox
|turn|13
|
|t:|1760804839
|-terastallize|p2a: Gliscor|Normal
|move|p1a: Dragapult|Hex|p2a: Gliscor
|-immune|p2a: Gliscor
|move|p2a: Gliscor|Swords Dance|p2a: Gliscor
|-boost|p2a: Gliscor|atk|2
|
|-heal|p2a: Gliscor|75/100 tox|[from] ability: Poison Heal
|upkeep
|turn|14
|
|t:|1760804862
|switch|p1a: Corviknight|Corviknight, F|69/100
|-ability|p1a: Corviknight|Pressure
|move|p2a: Gliscor|Swords Dance|p2a: Gliscor
|-boost|p2a: Gliscor|atk|2
|
|-heal|p2a: Gliscor|88/100 tox|[from] ability: Poison Heal
|upkeep
|turn|15
|
|t:|1760804866
|move|p2a: Gliscor|Facade|p1a: Corviknight
|-resisted|p1a: Corviknight
|-damage|p1a: Corviknight|10/100
|move|p1a: Corviknight|Bulk Up|p1a: Corviknight
|-boost|p1a: Corviknight|atk|1
|-boost|p1a: Corviknight|def|1
|
|-heal|p2a: Gliscor|99/100 tox|[from] ability: Poison Heal
|upkeep
|turn|16
|
|t:|1760804875
|move|p2a: Gliscor|Facade|p1a: Corviknight
|-resisted|p1a: Corviknight
|-damage|p1a: Corviknight|0 fnt
|faint|p1a: Corviknight
|
|-heal|p2a: Gliscor|100/100 tox|[from] ability: Poison Heal
|upkeep
|
|t:|1760804877
|switch|p1a: Garganacl|Garganacl, M|100/100
|turn|17
|
|t:|1760804896
|-terastallize|p1a: Garganacl|Water
|move|p2a: Gliscor|Earthquake|p1a: Garganacl
|-damage|p1a: Garganacl|37/100
|move|p1a: Garganacl|Salt Cure|p2a: Gliscor
|-damage|p2a: Gliscor|89/100 tox
|-start|p2a: Gliscor|Salt Cure
|
|-heal|p1a: Garganacl|43/100|[from] item: Leftovers
|-heal|p2a: Gliscor|100/100 tox|[from] ability: Poison Heal
|-damage|p2a: Gliscor|88/100 tox|[from] Salt Cure
|upkeep
|turn|18
|
|t:|1760804901
|move|p2a: Gliscor|Facade|p1a: Garganacl
|-damage|p1a: Garganacl|0 fnt
|faint|p1a: Garganacl
|
|-heal|p2a: Gliscor|100/100 tox|[from] ability: Poison Heal
|-damage|p2a: Gliscor|88/100 tox|[from] Salt Cure
|upkeep
|
|t:|1760804911
|switch|p1a: Cinderace|Cinderace, M|100/100
|turn|19
|
|t:|1760804920
|move|p1a: Cinderace|Pyro Ball|p2a: Gliscor
|-crit|p2a: Gliscor
|-damage|p2a: Gliscor|31/100 tox
|move|p2a: Gliscor|Agility|p2a: Gliscor
|-boost|p2a: Gliscor|spe|2
|
|-heal|p2a: Gliscor|44/100 tox|[from] ability: Poison Heal
|-damage|p2a: Gliscor|31/100 tox|[from] Salt Cure
|upkeep
|turn|20
|
|t:|1760804924
|move|p2a: Gliscor|Earthquake|p1a: Cinderace
|-supereffective|p1a: Cinderace
|-damage|p1a: Cinderace|0 fnt
|faint|p1a: Cinderace
|
|-heal|p2a: Gliscor|44/100 tox|[from] ability: Poison Heal
|-damage|p2a: Gliscor|31/100 tox|[from] Salt Cure
|upkeep
|
|t:|1760804925
|switch|p1a: Dragapult|Dragapult, M|100/100
|turn|21
|
|t:|1760804927
|move|p2a: Gliscor|Earthquake|p1a: Dragapult
|-damage|p1a: Dragapult|0 fnt
|faint|p1a: Dragapult
|
|win|UnaQuags Wooper
|raw|noob1877's rating: 1619 &rarr; <strong>1601</strong><br />(-18 for losing)
|raw|UnaQuags Wooper's rating: 1647 &rarr; <strong>1665</strong><br />(+18 for winning)
|l|☆noob1877
|player|p1|
|l|☆UnaQuags Wooper
|player|p2|
