|j|☆the same as here
|j|☆bu88a
|t:|1760750595
|gametype|singles
|player|p1|the same as here|janitor|1372
|player|p2|bu88a|janitor|1392
|gen|9
|tier|[Gen 9] OU
|rated|
|rule|HP Percentage Mod: HP is shown in percentages
|rule|Endless Battle Clause: Forcing endless battles is banned
|rule|Species Clause: Limit one of each Pokémon
|rule|OHKO Clause: OHKO moves are banned
|rule|Evasion Items Clause: Evasion items are banned
|rule|Evasion Moves Clause: Evasion moves are banned
|rule|Evasion Abilities Clause: Evasion abilities are banned
|rule|Sleep Moves Clause: Sleep-inducing moves are banned
|clearpoke
|poke|p1|Gholdengo|
|poke|p1|Samurott-Hisui, M|
|poke|p1|Slowking-Galar, F|
|poke|p1|Zamazenta-*|
|poke|p1|Landorus-Therian, M|
|poke|p1|Great Tusk|
|poke|p2|Lokix, F|
|poke|p2|Iron Crown|
|poke|p2|Gliscor, M|
|poke|p2|Garganacl, M|
|poke|p2|Pecharunt|
|poke|p2|Cinderace, F|
|teampreview
|inactive|Battle timer is ON: inactive players will automatically lose when time's up. (requested by bu88a)
|
|t:|1760750617
|teamsize|p1|6
|teamsize|p2|6
|start
|switch|p1a: Landorus|Landorus-Therian, M|100/100
|switch|p2a: Gliscor|Gliscor, M|100/100
|-ability|p1a: Landorus|Intimidate|boost
|-unboost|p2a: Gliscor|atk|1
|turn|1
|
|t:|1760750623
|move|p2a: Gliscor|Protect|p2a: Gliscor
|-singleturn|p2a: Gliscor|Protect
|move|p1a: Landorus|Taunt|p2a: Gliscor
|-activate|p2a: Gliscor|move: Protect
|
|-status|p2a: Gliscor|tox|[from] item: Toxic Orb
|upkeep
|turn|2
|
|t:|1760750636
|switch|p2a: Garganacl|Garganacl, M|100/100
|move|p1a: Landorus|Taunt|p2a: Garganacl
|-start|p2a: Garganacl|move: Taunt
|
|upkeep
|turn|3
|
|t:|1760750643
|move|p1a: Landorus|Earth Power|p2a: Garganacl
|-supereffective|p2a: Garganacl
|-damage|p2a: Garganacl|53/100
|move|p2a: Garganacl|Salt Cure|p1a: Landorus
|-damage|p1a: Landorus|88/100
|-start|p1a: Landorus|Salt Cure
|
|-heal|p2a: Garganacl|59/100|[from] item: Leftovers
|-damage|p1a: Landorus|76/100|[from] Salt Cure
|upkeep
|turn|4
|
|t:|1760750652
|switch|p2a: Gliscor|Gliscor, M|100/100 tox
|move|p1a: Landorus|Stealth Rock|p2a: Gliscor
|-sidestart|p2: bu88a|move: Stealth Rock
|
|-damage|p1a: Landorus|63/100|[from] Salt Cure
|upkeep
|turn|5
|
|t:|1760750669
|switch|p2a: Pecharunt|Pecharunt|100/100
|switch|p1a: Great Tusk|Great Tusk|100/100
|
|upkeep
|turn|6
|
|t:|1760750691
|-end|p1a: Great Tusk|Protosynthesis|[silent]
|switch|p1a: Landorus|Landorus-Therian, M|63/100
|-ability|p1a: Landorus|Intimidate|boost
|-unboost|p2a: Pecharunt|atk|1
|move|p2a: Pecharunt|Parting Shot|p1a: Landorus
|-unboost|p1a: Landorus|atk|1
|-unboost|p1a: Landorus|spa|1
|
|t:|1760750694
|switch|p2a: Cinderace|Cinderace, F|100/100|[from] Parting Shot
|
|upkeep
|turn|7
|
|t:|1760750703
|move|p2a: Cinderace|Court Change|p2a: Cinderace
|-start|p2a: Cinderace|typechange|Normal|[from] ability: Libero
|-swapsideconditions
|-activate|p2a: Cinderace|move: Court Change
|move|p1a: Landorus|U-turn|p2a: Cinderace
|-damage|p2a: Cinderace|80/100
|
|t:|1760750707
|switch|p1a: Samurott|Samurott-Hisui, M|100/100|[from] U-turn
|-damage|p1a: Samurott|88/100|[from] Stealth Rock
|
|upkeep
|turn|8
|
|t:|1760750711
|move|p2a: Cinderace|U-turn|p1a: Samurott
|-supereffective|p1a: Samurott
|-damage|p1a: Samurott|43/100
|
|t:|1760750718
|switch|p2a: Pecharunt|Pecharunt|100/100|[from] U-turn
|move|p1a: Samurott|Knock Off|p2a: Pecharunt
|-supereffective|p2a: Pecharunt
|-damage|p2a: Pecharunt|64/100
|-enditem|p2a: Pecharunt|Heavy-Duty Boots|[from] move: Knock Off|[of] p1a: Samurott
|
|upkeep
|turn|9
|
|t:|1760750736
|move|p2a: Pecharunt|Malignant Chain|p1a: Samurott
|-damage|p1a: Samurott|24/100
|move|p1a: Samurott|Ceaseless Edge|p2a: Pecharunt
|-supereffective|p2a: Pecharunt
|-damage|p2a: Pecharunt|33/100
|-sidestart|p2: bu88a|Spikes
|
|upkeep
|turn|10
|
|t:|1760750745
|switch|p1a: Landorus|Landorus-Therian, M|63/100
|-damage|p1a: Landorus|51/100|[from] Stealth Rock
|-ability|p1a: Landorus|Intimidate|boost
|-unboost|p2a: Pecharunt|atk|1
|move|p2a: Pecharunt|Recover|p2a: Pecharunt
|-heal|p2a: Pecharunt|83/100
|
|upkeep
|turn|11
|
|t:|1760750750
|move|p1a: Landorus|Earth Power|p2a: Pecharunt
|-supereffective|p2a: Pecharunt
|-damage|p2a: Pecharunt|19/100
|move|p2a: Pecharunt|Malignant Chain|p1a: Landorus
|-resisted|p1a: Landorus
|-damage|p1a: Landorus|35/100
|-status|p1a: Landorus|tox
|-start|p1a: Landorus|confusion|[from] ability: Poison Puppeteer|[of] p2a: Pecharunt
|
|-damage|p1a: Landorus|29/100 tox|[from] psn
|upkeep
|turn|12
|
|t:|1760750756
|-activate|p1a: Landorus|confusion
|move|p1a: Landorus|Stealth Rock|p2a: Pecharunt
|-sidestart|p2: bu88a|move: Stealth Rock
|move|p2a: Pecharunt|Recover|p2a: Pecharunt
|-heal|p2a: Pecharunt|69/100
|
|-damage|p1a: Landorus|16/100 tox|[from] psn
|upkeep
|turn|13
|
|t:|1760750764
|switch|p2a: Gliscor|Gliscor, M|100/100 tox
|-damage|p2a: Gliscor|88/100 tox|[from] Stealth Rock
|-activate|p1a: Landorus|confusion
|move|p1a: Landorus|Earth Power|p2a: Gliscor
|-immune|p2a: Gliscor
|
|-heal|p2a: Gliscor|100/100 tox|[from] ability: Poison Heal
|-damage|p1a: Landorus|0 fnt|[from] psn
|faint|p1a: Landorus
|upkeep
|
|t:|1760750771
|switch|p1a: Great Tusk|Great Tusk|100/100
|turn|14
|
|t:|1760750778
|move|p2a: Gliscor|Protect|p2a: Gliscor
|-singleturn|p2a: Gliscor|Protect
|move|p1a: Great Tusk|Rapid Spin|p2a: Gliscor
|-activate|p2a: Gliscor|move: Protect
|
|upkeep
|turn|15
|
|t:|1760750789
|move|p2a: Gliscor|Swords Dance|p2a: Gliscor
|-boost|p2a: Gliscor|atk|2
|move|p1a: Great Tusk|Ice Spinner|p2a: Gliscor
|-supereffective|p2a: Gliscor
|-damage|p2a: Gliscor|0 fnt
|faint|p2a: Gliscor
|
|upkeep
|
|t:|1760750794
|switch|p2a: Iron Crown|Iron Crown|100/100
|-damage|p2a: Iron Crown|88/100|[from] Spikes
|-damage|p2a: Iron Crown|82/100|[from] Stealth Rock
|turn|16
|
|t:|1760750812
|-end|p1a: Great Tusk|Protosynthesis|[silent]
|switch|p1a: Samurott|Samurott-Hisui, M|24/100
|-damage|p1a: Samurott|12/100|[from] Stealth Rock
|move|p2a: Iron Crown|Volt Switch|p1a: Samurott
|-supereffective|p1a: Samurott
|-damage|p1a: Samurott|0 fnt
|faint|p1a: Samurott
|
|t:|1760750819
|-end|p2a: Iron Crown|Quark Drive|[silent]
|switch|p2a: Cinderace|Cinderace, F|80/100|[from] Volt Switch
|
|upkeep
|
|t:|1760750831
|switch|p1a: Zamazenta|Zamazenta|100/100
|-damage|p1a: Zamazenta|94/100|[from] Stealth Rock
|-ability|p1a: Zamazenta|Dauntless Shield|boost
|-boost|p1a: Zamazenta|def|1
|turn|17
|
|t:|1760750836
|move|p1a: Zamazenta|Crunch|p2a: Cinderace
|-damage|p2a: Cinderace|21/100
|move|p2a: Cinderace|Will-O-Wisp|p1a: Zamazenta
|-status|p1a: Zamazenta|brn
|
|-damage|p1a: Zamazenta|88/100 brn|[from] brn
|upkeep
|turn|18
|
|t:|1760750840
|move|p1a: Zamazenta|Crunch|p2a: Cinderace
|-damage|p2a: Cinderace|0 fnt
|faint|p2a: Cinderace
|
|-damage|p1a: Zamazenta|82/100 brn|[from] brn
|upkeep
|
|t:|1760750844
|switch|p2a: Pecharunt|Pecharunt|69/100
|-damage|p2a: Pecharunt|57/100|[from] Spikes
|-damage|p2a: Pecharunt|44/100|[from] Stealth Rock
|turn|19
|
|t:|1760750847
|move|p1a: Zamazenta|Crunch|p2a: Pecharunt
|-supereffective|p2a: Pecharunt
|-damage|p2a: Pecharunt|24/100
|move|p2a: Pecharunt|Recover|p2a: Pecharunt
|-heal|p2a: Pecharunt|74/100
|
|-damage|p1a: Zamazenta|76/100 brn|[from] brn
|upkeep
|turn|20
|
|t:|1760750861
|switch|p1a: Slowking|Slowking-Galar, F|100/100
|move|p2a: Pecharunt|Recover|p2a: Pecharunt
|-heal|p2a: Pecharunt|100/100
|
|upkeep
|turn|21
|
|t:|1760750868
|move|p2a: Pecharunt|Parting Shot|p1a: Slowking
|-unboost|p1a: Slowking|atk|1
|-unboost|p1a: Slowking|spa|1
|
|t:|1760750870
|switch|p2a: Iron Crown|Iron Crown|82/100|[from] Parting Shot
|-damage|p2a: Iron Crown|69/100|[from] Spikes
|-damage|p2a: Iron Crown|63/100|[from] Stealth Rock
|move|p1a: Slowking|Thunder Wave|p2a: Iron Crown
|-status|p2a: Iron Crown|par
|
|upkeep
|turn|22
|
|t:|1760750876
|move|p2a: Iron Crown|Psyshock|p1a: Slowking
|-damage|p1a: Slowking|38/100
|-prepare|p1a: Slowking|Chilly Reception|[premajor]
|move|p1a: Slowking|Chilly Reception|p1a: Slowking
|-weather|Snowscape
|
|t:|1760750883
|switch|p1a: Gholdengo|Gholdengo|100/100|[from] Chilly Reception
|-damage|p1a: Gholdengo|94/100|[from] Stealth Rock
|-item|p1a: Gholdengo|Air Balloon
|
|-weather|Snowscape|[upkeep]
|upkeep
|turn|23
|
|t:|1760750896
|move|p1a: Gholdengo|Hex|p2a: Iron Crown
|-supereffective|p2a: Iron Crown
|-damage|p2a: Iron Crown|0 fnt
|faint|p2a: Iron Crown
|-end|p2a: Iron Crown|Quark Drive|[silent]
|
|-weather|Snowscape|[upkeep]
|upkeep
|
|t:|1760750912
|switch|p2a: Lokix|Lokix, F|100/100
|-damage|p2a: Lokix|88/100|[from] Spikes
|-damage|p2a: Lokix|63/100|[from] Stealth Rock
|turn|24
|
|t:|1760750916
|switch|p1a: Zamazenta|Zamazenta|76/100 brn
|-damage|p1a: Zamazenta|70/100 brn|[from] Stealth Rock
|move|p2a: Lokix|Knock Off|p1a: Zamazenta
|-resisted|p1a: Zamazenta
|-damage|p1a: Zamazenta|26/100 brn
|-enditem|p1a: Zamazenta|Choice Band|[from] move: Knock Off|[of] p2a: Lokix
|
|-weather|Snowscape|[upkeep]
|-damage|p1a: Zamazenta|20/100 brn|[from] brn
|upkeep
|turn|25
|
|t:|1760750928
|move|p2a: Lokix|Sucker Punch|p1a: Zamazenta
|-resisted|p1a: Zamazenta
|-damage|p1a: Zamazenta|0 fnt
|faint|p1a: Zamazenta
|
|-weather|Snowscape|[upkeep]
|upkeep
|
|t:|1760750932
|switch|p1a: Great Tusk|Great Tusk|100/100
|turn|26
|
|t:|1760750943
|switch|p2a: Pecharunt|Pecharunt|100/100
|-damage|p2a: Pecharunt|88/100|[from] Spikes
|-damage|p2a: Pecharunt|76/100|[from] Stealth Rock
|move|p1a: Great Tusk|Headlong Rush|p2a: Pecharunt
|-supereffective|p2a: Pecharunt
|-damage|p2a: Pecharunt|15/100
|-unboost|p1a: Great Tusk|def|1
|-unboost|p1a: Great Tusk|spd|1
|
|-weather|none
|upkeep
|turn|27
|
|t:|1760750951
|move|p1a: Great Tusk|Headlong Rush|p2a: Pecharunt
|-supereffective|p2a: Pecharunt
|-damage|p2a: Pecharunt|0 fnt
|-unboost|p1a: Great Tusk|def|1
|-unboost|p1a: Great Tusk|spd|1
|faint|p2a: Pecharunt
|
|upkeep
|
|t:|1760750954
|switch|p2a: Garganacl|Garganacl, M|59/100
|-damage|p2a: Garganacl|47/100|[from] Spikes
|-damage|p2a: Garganacl|34/100|[from] Stealth Rock
|turn|28
|
|t:|1760750960
|-terastallize|p2a: Garganacl|Water
|move|p1a: Great Tusk|Headlong Rush|p2a: Garganacl
|-damage|p2a: Garganacl|0 fnt
|-unboost|p1a: Great Tusk|def|1
|-unboost|p1a: Great Tusk|spd|1
|faint|p2a: Garganacl
|
|upkeep
|-message|bu88a forfeited.
|
|win|the same as here
|raw|the same as here's rating: 1372 &rarr; <strong>1393</strong><br />(+21 for winning)
|raw|bu88a's rating: 1392 &rarr; <strong>1371</strong><br />(-21 for losing)
|l|☆bu88a
|player|p2|
