|badge|p2|bronze|gen9ubers|100-7
|uhtml|medal-msg|<div class="broadcast-blue">Curious what those medals under the avatar are? PS now has Ladder Seasons! For more information, check out the <a href="https://www.smogon.com/forums/threads/3740067/">thread on Smogon.</a></div>
|j|☆Lusaeon
|j|☆Dracokorosenai
|t:|1760878665
|gametype|singles
|player|p1|Lusaeon|giovanni|1286
|player|p2|Dracokorosenai|gambler|1302
|gen|9
|tier|[Gen 9] OU
|rated|
|rule|HP Percentage Mod: HP is shown in percentages
|rule|Endless Battle Clause: Forcing endless battles is banned
|rule|Species Clause: Limit one of each Pokémon
|rule|OHKO Clause: OHKO moves are banned
|rule|Evasion Items Clause: Evasion items are banned
|rule|Evasion Moves Clause: Evasion moves are banned
|rule|Evasion Abilities Clause: Evasion abilities are banned
|rule|Sleep Moves Clause: Sleep-inducing moves are banned
|clearpoke
|poke|p1|Landorus-Therian, M|
|poke|p1|Iron Treads|
|poke|p1|Ursaluna, F|
|poke|p1|Volcanion|
|poke|p1|Lokix, F|
|poke|p1|Enamorus, F|
|poke|p2|Dragonite, F|
|poke|p2|Darkrai|
|poke|p2|Zamazenta-*|
|poke|p2|Ditto|
|poke|p2|Iron Moth|
|poke|p2|Dragapult, M|
|teampreview
|
|t:|1760878688
|teamsize|p1|6
|teamsize|p2|6
|start
|switch|p1a: Enamorus|Enamorus, F|100/100
|switch|p2a: Dragapult|Dragapult, M|100/100
|turn|1
|inactive|Battle timer is ON: inactive players will automatically lose when time's up. (requested by Dracokorosenai)
|
|t:|1760878701
|switch|p2a: Iron Moth|Iron Moth|100/100
|-enditem|p2a: Iron Moth|Booster Energy
|-activate|p2a: Iron Moth|ability: Quark Drive|[fromitem]
|-start|p2a: Iron Moth|quarkdrivespe
|move|p1a: Enamorus|Moonblast|p2a: Iron Moth
|-resisted|p2a: Iron Moth
|-crit|p2a: Iron Moth
|-damage|p2a: Iron Moth|82/100
|
|upkeep
|turn|2
|
|t:|1760878707
|switch|p1a: Volcanion|Volcanion|100/100
|move|p2a: Iron Moth|Fiery Dance|p1a: Volcanion
|-resisted|p1a: Volcanion
|-damage|p1a: Volcanion|89/100
|
|upkeep
|turn|3
|
|t:|1760878718
|move|p2a: Iron Moth|Substitute|p2a: Iron Moth
|-start|p2a: Iron Moth|Substitute
|-damage|p2a: Iron Moth|57/100
|move|p1a: Volcanion|Earth Power|p2a: Iron Moth
|-supereffective|p2a: Iron Moth
|-end|p2a: Iron Moth|Substitute
|
|upkeep
|turn|4
|
|t:|1760878725
|-terastallize|p2a: Iron Moth|Ground
|move|p2a: Iron Moth|Tera Blast|p1a: Volcanion|[anim] Tera Blast Ground
|-supereffective|p1a: Volcanion
|-damage|p1a: Volcanion|0 fnt
|faint|p1a: Volcanion
|
|upkeep
|
|t:|1760878730
|switch|p1a: Lokix|Lokix, F|100/100
|turn|5
|
|t:|1760878735
|move|p1a: Lokix|First Impression|p2a: Iron Moth
|-damage|p2a: Iron Moth|0 fnt
|faint|p2a: Iron Moth
|-end|p2a: Iron Moth|Quark Drive|[silent]
|
|upkeep
|
|t:|1760878759
|switch|p2a: Darkrai|Darkrai, shiny|100/100
|turn|6
|
|t:|1760878765
|switch|p1a: Enamorus|Enamorus, F|100/100
|move|p2a: Darkrai|Focus Blast|p1a: Enamorus
|-resisted|p1a: Enamorus
|-damage|p1a: Enamorus|81/100
|-damage|p2a: Darkrai|91/100|[from] item: Life Orb
|
|upkeep
|turn|7
|
|t:|1760878771
|switch|p2a: Ditto|Ditto, shiny|100/100
|-transform|p2a: Ditto|p1a: Enamorus|[from] ability: Imposter
|-terastallize|p1a: Enamorus|Fairy
|move|p1a: Enamorus|Moonblast|p2a: Ditto
|-damage|p2a: Ditto|2/100
|
|upkeep
|turn|8
|
|t:|1760878789
|switch|p1a: Iron Treads|Iron Treads|100/100
|move|p2a: Ditto|Moonblast|p1a: Iron Treads
|-resisted|p1a: Iron Treads
|-crit|p1a: Iron Treads
|-damage|p1a: Iron Treads|74/100
|-unboost|p1a: Iron Treads|spa|1
|
|upkeep
|turn|9
|
|t:|1760878797
|move|p2a: Ditto|Moonblast|p1a: Iron Treads
|-resisted|p1a: Iron Treads
|-damage|p1a: Iron Treads|58/100
|-unboost|p1a: Iron Treads|spa|1
|move|p1a: Iron Treads|Ice Spinner|p2a: Ditto
|-supereffective|p2a: Ditto
|-damage|p2a: Ditto|0 fnt
|faint|p2a: Ditto
|
|upkeep
|
|t:|1760878817
|switch|p2a: Zamazenta|Zamazenta|100/100
|-ability|p2a: Zamazenta|Dauntless Shield|boost
|-boost|p2a: Zamazenta|def|1
|turn|10
|
|t:|1760878832
|-end|p1a: Iron Treads|Quark Drive|[silent]
|switch|p1a: Landorus|Landorus-Therian, M|100/100
|-ability|p1a: Landorus|Intimidate|boost
|-unboost|p2a: Zamazenta|atk|1
|move|p2a: Zamazenta|Iron Defense|p2a: Zamazenta
|-boost|p2a: Zamazenta|def|2
|
|upkeep
|turn|11
|
|t:|1760878835
|move|p2a: Zamazenta|Iron Defense|p2a: Zamazenta
|-boost|p2a: Zamazenta|def|2
|move|p1a: Landorus|Taunt|p2a: Zamazenta
|-start|p2a: Zamazenta|move: Taunt
|
|upkeep
|turn|12
|
|t:|1760878838
|move|p2a: Zamazenta|Body Press|p1a: Landorus
|-resisted|p1a: Landorus
|-damage|p1a: Landorus|66/100
|-damage|p2a: Zamazenta|84/100|[from] item: Rocky Helmet|[of] p1a: Landorus
|move|p1a: Landorus|U-turn|p2a: Zamazenta
|-resisted|p2a: Zamazenta
|-damage|p2a: Zamazenta|82/100
|
|t:|1760878841
|switch|p1a: Enamorus|Enamorus, F, tera:Fairy|81/100|[from] U-turn
|
|-heal|p2a: Zamazenta|88/100|[from] item: Leftovers
|upkeep
|turn|13
|
|t:|1760878844
|switch|p1a: Landorus|Landorus-Therian, M|66/100
|-ability|p1a: Landorus|Intimidate|boost
|-unboost|p2a: Zamazenta|atk|1
|move|p2a: Zamazenta|Body Press|p1a: Landorus
|-resisted|p1a: Landorus
|-damage|p1a: Landorus|30/100
|-damage|p2a: Zamazenta|71/100|[from] item: Rocky Helmet|[of] p1a: Landorus
|
|-heal|p2a: Zamazenta|78/100|[from] item: Leftovers
|upkeep
|turn|14
|
|t:|1760878846
|move|p2a: Zamazenta|Body Press|p1a: Landorus
|-resisted|p1a: Landorus
|-damage|p1a: Landorus|0 fnt
|-damage|p2a: Zamazenta|61/100|[from] item: Rocky Helmet|[of] p1a: Landorus
|faint|p1a: Landorus
|
|-heal|p2a: Zamazenta|67/100|[from] item: Leftovers
|-end|p2a: Zamazenta|move: Taunt
|upkeep
|
|t:|1760878848
|switch|p1a: Enamorus|Enamorus, F, tera:Fairy|81/100
|turn|15
|
|t:|1760878849
|move|p1a: Enamorus|Moonblast|p2a: Zamazenta
|-supereffective|p2a: Zamazenta
|-damage|p2a: Zamazenta|0 fnt
|faint|p2a: Zamazenta
|
|upkeep
|
|t:|1760878853
|switch|p2a: Dragonite|Dragonite, F|100/100
|turn|16
|
|t:|1760878857
|move|p1a: Enamorus|Moonblast|p2a: Dragonite
|-supereffective|p2a: Dragonite
|-damage|p2a: Dragonite|26/100
|-enditem|p2a: Dragonite|Weakness Policy
|-boost|p2a: Dragonite|atk|2|[from] item: Weakness Policy
|-boost|p2a: Dragonite|spa|2|[from] item: Weakness Policy
|move|p2a: Dragonite|Dragon Dance|p2a: Dragonite
|-boost|p2a: Dragonite|atk|1
|-boost|p2a: Dragonite|spe|1
|
|upkeep
|turn|17
|
|t:|1760878878
|move|p2a: Dragonite|Extreme Speed|p1a: Enamorus
|-damage|p1a: Enamorus|0 fnt
|faint|p1a: Enamorus
|
|upkeep
|
|t:|1760878880
|switch|p1a: Lokix|Lokix, F|100/100
|turn|18
|
|t:|1760878885
|move|p2a: Dragonite|Extreme Speed|p1a: Lokix
|-damage|p1a: Lokix|9/100
|move|p1a: Lokix|First Impression|p2a: Dragonite
|-resisted|p2a: Dragonite
|-damage|p2a: Dragonite|0 fnt
|faint|p2a: Dragonite
|
|upkeep
|
|t:|1760878895
|switch|p2a: Dragapult|Dragapult, M|100/100
|turn|19
|
|t:|1760878898
|switch|p1a: Iron Treads|Iron Treads|58/100
|move|p2a: Dragapult|Hex|p1a: Iron Treads
|-damage|p1a: Iron Treads|39/100
|
|upkeep
|turn|20
|
|t:|1760878902
|move|p2a: Dragapult|Will-O-Wisp|p1a: Iron Treads|[miss]
|-miss|p2a: Dragapult|p1a: Iron Treads
|move|p1a: Iron Treads|Earthquake|p2a: Dragapult
|-damage|p2a: Dragapult|31/100
|
|-heal|p2a: Dragapult|37/100|[from] item: Leftovers
|upkeep
|turn|21
|
|t:|1760878905
|move|p2a: Dragapult|Will-O-Wisp|p1a: Iron Treads
|-status|p1a: Iron Treads|brn
|move|p1a: Iron Treads|Earthquake|p2a: Dragapult
|-damage|p2a: Dragapult|7/100
|
|-heal|p2a: Dragapult|13/100|[from] item: Leftovers
|-damage|p1a: Iron Treads|33/100 brn|[from] brn
|upkeep
|turn|22
|
|t:|1760878908
|move|p2a: Dragapult|Hex|p1a: Iron Treads
|-damage|p1a: Iron Treads|0 fnt
|faint|p1a: Iron Treads
|-end|p1a: Iron Treads|Quark Drive|[silent]
|
|-heal|p2a: Dragapult|19/100|[from] item: Leftovers
|upkeep
|
|t:|1760878911
|switch|p1a: Lokix|Lokix, F|9/100
|turn|23
|
|t:|1760878913
|move|p1a: Lokix|First Impression|p2a: Dragapult
|-resisted|p2a: Dragapult
|-damage|p2a: Dragapult|0 fnt
|faint|p2a: Dragapult
|
|upkeep
|
|t:|1760878916
|switch|p2a: Darkrai|Darkrai, shiny|91/100
|turn|24
|
|t:|1760878920
|switch|p1a: Ursaluna|Ursaluna, F|100/100
|move|p2a: Darkrai|Dark Pulse|p1a: Ursaluna
|-damage|p1a: Ursaluna|47/100
|-damage|p2a: Darkrai|81/100|[from] item: Life Orb
|
|-status|p1a: Ursaluna|brn|[from] item: Flame Orb
|upkeep
|turn|25
|
|t:|1760878925
|move|p2a: Darkrai|Ice Beam|p1a: Ursaluna
|-supereffective|p1a: Ursaluna
|-damage|p1a: Ursaluna|0 fnt
|faint|p1a: Ursaluna
|-damage|p2a: Darkrai|71/100|[from] item: Life Orb
|
|upkeep
|
|t:|1760878927
|switch|p1a: Lokix|Lokix, F|9/100
|turn|26
|
|t:|1760878929
|move|p1a: Lokix|First Impression|p2a: Darkrai
|-supereffective|p2a: Darkrai
|-damage|p2a: Darkrai|0 fnt
|faint|p2a: Darkrai
|
|win|Lusaeon
|raw|Lusaeon's rating: 1286 &rarr; <strong>1312</strong><br />(+26 for winning)
|raw|Dracokorosenai's rating: 1302 &rarr; <strong>1281</strong><br />(-21 for losing)
|l|☆Lusaeon
|player|p1|
|l|☆Dracokorosenai
|player|p2|
