|j|☆john torkoal
|j|☆pegasofenix
|t:|1760751457
|gametype|singles
|player|p1|john torkoal|rosa|1155
|player|p2|pegasofenix|unknown|1212
|gen|9
|tier|[Gen 9] OU
|rated|
|rule|HP Percentage Mod: HP is shown in percentages
|rule|Endless Battle Clause: Forcing endless battles is banned
|rule|Species Clause: Limit one of each Pokémon
|rule|OHKO Clause: OHKO moves are banned
|rule|Evasion Items Clause: Evasion items are banned
|rule|Evasion Moves Clause: Evasion moves are banned
|rule|Evasion Abilities Clause: Evasion abilities are banned
|rule|Sleep Moves Clause: Sleep-inducing moves are banned
|clearpoke
|poke|p1|Latios, M|
|poke|p1|Great Tusk|
|poke|p1|Enamorus, F|
|poke|p1|Ogerpon-Wellspring, F|
|poke|p1|Kingambit, M|
|poke|p1|Dragapult, M|
|poke|p2|Charizard, M|
|poke|p2|Torkoal, M|
|poke|p2|Sandy Shocks|
|poke|p2|Kleavor, F|
|poke|p2|Venusaur, F|
|poke|p2|Tauros-Paldea-Aqua, M|
|teampreview
|inactive|Battle timer is ON: inactive players will automatically lose when time's up. (requested by john torkoal)
|
|t:|1760751488
|teamsize|p1|6
|teamsize|p2|6
|start
|switch|p1a: Tuskly|Great Tusk|100/100
|switch|p2a: Kleavor|Kleavor, F|100/100
|turn|1
|
|t:|1760751496
|move|p1a: Tuskly|Stealth Rock|p2a: Kleavor
|-sidestart|p2: pegasofenix|move: Stealth Rock
|move|p2a: Kleavor|Stone Axe|p1a: Tuskly
|-resisted|p1a: Tuskly
|-damage|p1a: Tuskly|93/100
|-damage|p2a: Kleavor|84/100|[from] item: Rocky Helmet|[of] p1a: Tuskly
|-sidestart|p1: john torkoal|move: Stealth Rock
|
|upkeep
|turn|2
|
|t:|1760751508
|-end|p1a: Tuskly|Protosynthesis|[silent]
|switch|p1a: Pulster|Dragapult, M|100/100
|move|p2a: Kleavor|Defog|p1a: Pulster
|-unboost|p1a: Pulster|evasion|1
|-sideend|p1: john torkoal|Stealth Rock|[from] move: Defog|[of] p2a: Kleavor
|-sideend|p2: pegasofenix|Stealth Rock|[from] move: Defog|[of] p2a: Kleavor
|
|upkeep
|turn|3
|
|t:|1760751514
|move|p1a: Pulster|Will-O-Wisp|p2a: Kleavor|[miss]
|-miss|p1a: Pulster|p2a: Kleavor
|move|p2a: Kleavor|Stone Axe|p1a: Pulster
|-damage|p1a: Pulster|30/100
|-sidestart|p1: john torkoal|move: Stealth Rock
|
|upkeep
|turn|4
|
|t:|1760751523
|switch|p2a: Torkoal|Torkoal, M, shiny|100/100
|-weather|SunnyDay|[from] ability: Drought|[of] p2a: Torkoal
|move|p1a: Pulster|U-turn|p2a: Torkoal
|-resisted|p2a: Torkoal
|-damage|p2a: Torkoal|95/100
|
|t:|1760751530
|switch|p1a: Tuskly|Great Tusk|93/100|[from] U-turn
|-damage|p1a: Tuskly|90/100|[from] Stealth Rock
|-activate|p1a: Tuskly|ability: Protosynthesis
|-start|p1a: Tuskly|protosynthesisspe
|
|-weather|SunnyDay|[upkeep]
|upkeep
|turn|5
|
|t:|1760751538
|move|p1a: Tuskly|Stealth Rock|p2a: Torkoal
|-sidestart|p2: pegasofenix|move: Stealth Rock
|move|p2a: Torkoal|Will-O-Wisp|p1a: Tuskly|[miss]
|-miss|p2a: Torkoal|p1a: Tuskly
|
|-weather|SunnyDay|[upkeep]
|upkeep
|turn|6
|
|t:|1760751544
|-end|p1a: Tuskly|Protosynthesis|[silent]
|switch|p1a: Fastim|Latios, M|100/100
|-damage|p1a: Fastim|88/100|[from] Stealth Rock
|move|p2a: Torkoal|Will-O-Wisp|p1a: Fastim
|-status|p1a: Fastim|brn
|
|-weather|SunnyDay|[upkeep]
|-damage|p1a: Fastim|82/100 brn|[from] brn
|upkeep
|turn|7
|
|t:|1760751557
|move|p1a: Fastim|Luster Purge|p2a: Torkoal
|-damage|p2a: Torkoal|1/100
|-unboost|p2a: Torkoal|spd|1
|move|p2a: Torkoal|Rapid Spin|p1a: Fastim
|-damage|p1a: Fastim|69/100 brn
|-boost|p2a: Torkoal|spe|1
|-sideend|p2: pegasofenix|Stealth Rock|[from] move: Rapid Spin|[of] p2a: Torkoal
|
|-weather|SunnyDay|[upkeep]
|-damage|p1a: Fastim|63/100 brn|[from] brn
|upkeep
|turn|8
|
|t:|1760751570
|move|p1a: Fastim|Luster Purge|p2a: Torkoal
|-damage|p2a: Torkoal|0 fnt
|faint|p2a: Torkoal
|
|-weather|SunnyDay|[upkeep]
|-damage|p1a: Fastim|57/100 brn|[from] brn
|upkeep
|
|t:|1760751592
|switch|p2a: Sandy Shocks|Sandy Shocks, shiny|100/100
|-activate|p2a: Sandy Shocks|ability: Protosynthesis
|-start|p2a: Sandy Shocks|protosynthesisspe
|turn|9
|
|t:|1760751608
|switch|p1a: Pulster|Dragapult, M|30/100
|-terastallize|p2a: Sandy Shocks|Ice
|move|p2a: Sandy Shocks|Tera Blast|p1a: Pulster|[anim] Tera Blast Ice
|-supereffective|p1a: Pulster
|-damage|p1a: Pulster|0 fnt
|faint|p1a: Pulster
|-damage|p2a: Sandy Shocks|91/100|[from] item: Life Orb
|
|-weather|SunnyDay|[upkeep]
|upkeep
|
|t:|1760751616
|switch|p1a: Demon-Man|Kingambit, M|100/100
|-damage|p1a: Demon-Man|94/100|[from] Stealth Rock
|-activate|p1a: Demon-Man|ability: Supreme Overlord
|-start|p1a: Demon-Man|fallen1|[silent]
|turn|10
|
|t:|1760751621
|-terastallize|p1a: Demon-Man|Ghost
|move|p2a: Sandy Shocks|Earth Power|p1a: Demon-Man
|-damage|p1a: Demon-Man|27/100
|-damage|p2a: Sandy Shocks|81/100|[from] item: Life Orb
|move|p1a: Demon-Man|Iron Head|p2a: Sandy Shocks
|-supereffective|p2a: Sandy Shocks
|-damage|p2a: Sandy Shocks|0 fnt
|faint|p2a: Sandy Shocks
|-end|p2a: Sandy Shocks|Protosynthesis|[silent]
|
|-weather|SunnyDay|[upkeep]
|-heal|p1a: Demon-Man|33/100|[from] item: Leftovers
|upkeep
|
|t:|1760751639
|switch|p2a: Tauros|Tauros-Paldea-Aqua, M, shiny|100/100
|-ability|p2a: Tauros|Intimidate|boost
|-unboost|p1a: Demon-Man|atk|1
|turn|11
|
|t:|1760751647
|-end|p1a: Demon-Man|fallen1|[silent]
|switch|p1a: Fianna|Enamorus, F|100/100
|-damage|p1a: Fianna|76/100|[from] Stealth Rock
|move|p2a: Tauros|Wave Crash|p1a: Fianna
|-damage|p1a: Fianna|23/100
|-damage|p2a: Tauros|83/100|[from] Recoil
|
|-weather|none
|upkeep
|turn|12
|
|t:|1760751655
|move|p2a: Tauros|Aqua Jet|p1a: Fianna
|-crit|p1a: Fianna
|-damage|p1a: Fianna|0 fnt
|faint|p1a: Fianna
|
|upkeep
|
|t:|1760751663
|switch|p1a: Fastim|Latios, M|57/100 brn
|-damage|p1a: Fastim|45/100 brn|[from] Stealth Rock
|turn|13
|
|t:|1760751692
|switch|p2a: Kleavor|Kleavor, F|84/100
|move|p1a: Fastim|Luster Purge|p2a: Kleavor
|-crit|p2a: Kleavor
|-damage|p2a: Kleavor|0 fnt
|faint|p2a: Kleavor
|
|-damage|p1a: Fastim|39/100 brn|[from] brn
|upkeep
|
|t:|1760751700
|switch|p2a: Charizard|Charizard, M|100/100
|turn|14
|
|t:|1760751713
|switch|p1a: Demon-Man|Kingambit, M, tera:Ghost|33/100
|-damage|p1a: Demon-Man|21/100|[from] Stealth Rock
|-activate|p1a: Demon-Man|ability: Supreme Overlord
|-start|p1a: Demon-Man|fallen2|[silent]
|move|p2a: Charizard|Air Slash|p1a: Demon-Man
|-damage|p1a: Demon-Man|0 fnt
|faint|p1a: Demon-Man
|-end|p1a: Demon-Man|fallen2|[silent]
|
|upkeep
|
|t:|1760751715
|switch|p1a: Carvy|Ogerpon-Wellspring, F|100/100
|-damage|p1a: Carvy|88/100|[from] Stealth Rock
|turn|15
|
|t:|1760751724
|move|p2a: Charizard|Air Slash|p1a: Carvy
|-supereffective|p1a: Carvy
|-damage|p1a: Carvy|10/100
|cant|p1a: Carvy|flinch
|
|upkeep
|turn|16
|
|t:|1760751733
|move|p2a: Charizard|Air Slash|p1a: Carvy
|-supereffective|p1a: Carvy
|-damage|p1a: Carvy|0 fnt
|faint|p1a: Carvy
|
|upkeep
|
|t:|1760751745
|switch|p1a: Tuskly|Great Tusk|90/100
|-damage|p1a: Tuskly|87/100|[from] Stealth Rock
|turn|17
|
|t:|1760751757
|switch|p2a: Tauros|Tauros-Paldea-Aqua, M, shiny|83/100
|-ability|p2a: Tauros|Intimidate|boost
|-unboost|p1a: Tuskly|atk|1
|-end|p1a: Tuskly|Protosynthesis|[silent]
|switch|p1a: Fastim|Latios, M|39/100 brn
|-damage|p1a: Fastim|26/100 brn|[from] Stealth Rock
|
|-damage|p1a: Fastim|20/100 brn|[from] brn
|upkeep
|turn|18
|
|t:|1760751765
|move|p2a: Tauros|Aqua Jet|p1a: Fastim
|-resisted|p1a: Fastim
|-damage|p1a: Fastim|6/100 brn
|move|p1a: Fastim|Luster Purge|p2a: Tauros
|-supereffective|p2a: Tauros
|-damage|p2a: Tauros|0 fnt
|faint|p2a: Tauros
|
|-damage|p1a: Fastim|0 fnt|[from] brn
|faint|p1a: Fastim
|upkeep
|
|t:|1760751776
|switch|p1a: Tuskly|Great Tusk|87/100
|switch|p2a: Venusaur|Venusaur, F, shiny|100/100
|-damage|p1a: Tuskly|84/100|[from] Stealth Rock
|turn|19
|
|t:|1760751793
|move|p1a: Tuskly|Ice Spinner|p2a: Venusaur
|-supereffective|p2a: Venusaur
|-damage|p2a: Venusaur|41/100
|move|p2a: Venusaur|Giga Drain|p1a: Tuskly
|-supereffective|p1a: Tuskly
|-damage|p1a: Tuskly|0 fnt
|-heal|p2a: Venusaur|100/100|[from] drain|[of] p1a: Tuskly
|faint|p1a: Tuskly
|-end|p1a: Tuskly|Protosynthesis|[silent]
|
|win|pegasofenix
|raw|john torkoal's rating: 1155 &rarr; <strong>1134</strong><br />(-21 for losing)
|raw|pegasofenix's rating: 1212 &rarr; <strong>1233</strong><br />(+21 for winning)
|c|☆pegasofenix|sorry john
|c|☆pegasofenix|chariGOD
|l|☆pegasofenix
|player|p2|
