|j|☆RJoyful
|j|☆gfitzy
|t:|1760754565
|gametype|singles
|player|p1|RJoyful|gentleman|1137
|player|p2|gfitzy|hilda-wonderlauncher|1130
|gen|9
|tier|[Gen 9] OU
|rated|
|rule|HP Percentage Mod: HP is shown in percentages
|rule|Endless Battle Clause: Forcing endless battles is banned
|rule|Species Clause: Limit one of each Pokémon
|rule|OHKO Clause: OHKO moves are banned
|rule|Evasion Items Clause: Evasion items are banned
|rule|Evasion Moves Clause: Evasion moves are banned
|rule|Evasion Abilities Clause: Evasion abilities are banned
|rule|Sleep Moves Clause: Sleep-inducing moves are banned
|clearpoke
|poke|p1|Hoopa-Unbound|
|poke|p1|Slowking-Galar, F|
|poke|p1|Alomomola, F|
|poke|p1|Zamazenta-*|
|poke|p1|Great Tusk|
|poke|p1|Kingambit, F|
|poke|p2|Primarina, F|
|poke|p2|Landorus-Therian, M|
|poke|p2|Rillaboom, M|
|poke|p2|Iron Valiant|
|poke|p2|Cinderace, M|
|poke|p2|Kingambit, M|
|teampreview
|
|t:|1760754582
|teamsize|p1|6
|teamsize|p2|6
|start
|switch|p1a: Hoopa|Hoopa-Unbound|100/100
|switch|p2a: Donkey Kong|Rillaboom, M, shiny|100/100
|-fieldstart|move: Grassy Terrain|[from] ability: Grassy Surge|[of] p2a: Donkey Kong
|turn|1
|
|t:|1760754608
|switch|p1a: Slowking|Slowking-Galar, F|100/100
|move|p2a: Donkey Kong|U-turn|p1a: Slowking
|-damage|p1a: Slowking|65/100
|
|t:|1760754636
|switch|p2a: Palutena|Primarina, F, shiny|100/100|[from] U-turn
|
|-heal|p1a: Slowking|71/100|[from] Grassy Terrain
|upkeep
|turn|2
|
|t:|1760754649
|-terastallize|p2a: Palutena|Steel
|move|p2a: Palutena|Substitute|p2a: Palutena
|-start|p2a: Palutena|Substitute
|-damage|p2a: Palutena|75/100
|move|p1a: Slowking|Sludge Bomb|p2a: Palutena
|-immune|p2a: Palutena
|
|-heal|p2a: Palutena|82/100|[from] Grassy Terrain
|-heal|p2a: Palutena|88/100|[from] item: Leftovers
|-heal|p1a: Slowking|77/100|[from] Grassy Terrain
|upkeep
|turn|3
|
|t:|1760754661
|move|p2a: Palutena|Calm Mind|p2a: Palutena
|-boost|p2a: Palutena|spa|1
|-boost|p2a: Palutena|spd|1
|move|p1a: Slowking|Future Sight|p2a: Palutena
|-start|p1a: Slowking|move: Future Sight
|
|-heal|p2a: Palutena|94/100|[from] Grassy Terrain
|-heal|p2a: Palutena|99/100|[from] item: Leftovers
|-heal|p1a: Slowking|83/100|[from] Grassy Terrain
|upkeep
|turn|4
|
|t:|1760754697
|switch|p1a: Zamazenta|Zamazenta|100/100
|-ability|p1a: Zamazenta|Dauntless Shield|boost
|-boost|p1a: Zamazenta|def|1
|move|p2a: Palutena|Calm Mind|p2a: Palutena
|-boost|p2a: Palutena|spa|1
|-boost|p2a: Palutena|spd|1
|
|-heal|p2a: Palutena|100/100|[from] Grassy Terrain
|upkeep
|turn|5
|
|t:|1760754706
|-terastallize|p1a: Zamazenta|Steel
|move|p1a: Zamazenta|Body Press|p2a: Palutena
|-supereffective|p2a: Palutena
|-end|p2a: Palutena|Substitute
|move|p2a: Palutena|Calm Mind|p2a: Palutena
|-boost|p2a: Palutena|spa|1
|-boost|p2a: Palutena|spd|1
|
|-end|p2a: Palutena|move: Future Sight
|-resisted|p2a: Palutena
|-damage|p2a: Palutena|93/100
|-heal|p2a: Palutena|99/100|[from] Grassy Terrain
|-heal|p2a: Palutena|100/100|[from] item: Leftovers
|-fieldend|move: Grassy Terrain
|upkeep
|turn|6
|
|t:|1760754720
|move|p1a: Zamazenta|Body Press|p2a: Palutena
|-supereffective|p2a: Palutena
|-damage|p2a: Palutena|4/100
|move|p2a: Palutena|Surf|p1a: Zamazenta
|-damage|p1a: Zamazenta|0 fnt
|faint|p1a: Zamazenta
|
|-heal|p2a: Palutena|10/100|[from] item: Leftovers
|upkeep
|
|t:|1760754732
|switch|p1a: Great Tusk|Great Tusk|100/100
|turn|7
|
|t:|1760754748
|move|p1a: Great Tusk|Rapid Spin|p2a: Palutena
|-resisted|p2a: Palutena
|-damage|p2a: Palutena|3/100
|-boost|p1a: Great Tusk|spe|1
|move|p2a: Palutena|Draining Kiss|p1a: Great Tusk
|-supereffective|p1a: Great Tusk
|-damage|p1a: Great Tusk|0 fnt
|-heal|p2a: Palutena|79/100|[from] drain|[of] p1a: Great Tusk
|faint|p1a: Great Tusk
|-end|p1a: Great Tusk|Protosynthesis|[silent]
|
|-heal|p2a: Palutena|85/100|[from] item: Leftovers
|upkeep
|-message|RJoyful forfeited.
|
|win|gfitzy
|raw|RJoyful's rating: 1137 &rarr; <strong>1111</strong><br />(-26 for losing)
|raw|gfitzy's rating: 1130 &rarr; <strong>1156</strong><br />(+26 for winning)
|l|☆RJoyful
|player|p1|
