|j|☆cr aries
|j|☆ho3nconfirm3d
|t:|1760889959
|gametype|singles
|player|p1|cr aries|1|1660
|player|p2|ho3nconfirm3d|#scl5shoguns|1703
|gen|9
|tier|[Gen 9] OU
|rated|
|rule|HP Percentage Mod: HP is shown in percentages
|rule|Endless Battle Clause: Forcing endless battles is banned
|rule|Species Clause: Limit one of each Pokémon
|rule|OHKO Clause: OHKO moves are banned
|rule|Evasion Items Clause: Evasion items are banned
|rule|Evasion Moves Clause: Evasion moves are banned
|rule|Evasion Abilities Clause: Evasion abilities are banned
|rule|Sleep Moves Clause: Sleep-inducing moves are banned
|clearpoke
|poke|p1|Weavile, M|
|poke|p1|Gholdengo|
|poke|p1|Slowking-Galar, F|
|poke|p1|Corviknight, M|
|poke|p1|Sandy Shocks|
|poke|p1|Heatran, M|
|poke|p2|Tyranitar, F|
|poke|p2|Excadrill, F|
|poke|p2|Pecharunt|
|poke|p2|Ogerpon-Wellspring, F|
|poke|p2|Tornadus-Therian, M|
|poke|p2|Zamazenta-*|
|teampreview
|inactive|Battle timer is ON: inactive players will automatically lose when time's up. (requested by ho3nconfirm3d)
|inactive|cr aries has 120 seconds left.
|inactive|cr aries has 90 seconds left.
|
|t:|1760890030
|teamsize|p1|6
|teamsize|p2|6
|start
|switch|p1a: Heatran|Heatran, M|100/100
|switch|p2a: Ogerpon|Ogerpon-Wellspring, F|100/100
|turn|1
|inactive|ho3nconfirm3d has 120 seconds left.
|
|t:|1760890066
|move|p2a: Ogerpon|Ivy Cudgel|p1a: Heatran|[anim] Ivy Cudgel Water
|-supereffective|p1a: Heatran
|-damage|p1a: Heatran|26/100
|move|p1a: Heatran|Magma Storm|p2a: Ogerpon
|-damage|p2a: Ogerpon|47/100
|-activate|p2a: Ogerpon|move: Magma Storm|[of] p1a: Heatran
|
|-heal|p1a: Heatran|32/100|[from] item: Leftovers
|-damage|p2a: Ogerpon|34/100|[from] move: Magma Storm|[partiallytrapped]
|upkeep
|turn|2
|
|t:|1760890081
|move|p1a: Heatran|Protect|p1a: Heatran
|-singleturn|p1a: Heatran|Protect
|move|p2a: Ogerpon|U-turn|p1a: Heatran
|-activate|p1a: Heatran|move: Protect
|
|-heal|p1a: Heatran|38/100|[from] item: Leftovers
|-damage|p2a: Ogerpon|22/100|[from] move: Magma Storm|[partiallytrapped]
|upkeep
|turn|3
|
|t:|1760890085
|switch|p1a: Corviknight|Corviknight, M|100/100
|-ability|p1a: Corviknight|Pressure
|move|p2a: Ogerpon|Ivy Cudgel|p1a: Corviknight|[anim] Ivy Cudgel Water
|-damage|p1a: Corviknight|63/100
|
|-end|p2a: Ogerpon|Magma Storm|[partiallytrapped]|[silent]
|upkeep
|turn|4
|
|t:|1760890090
|switch|p2a: Tyranitar|Tyranitar, F|100/100
|-weather|Sandstorm|[from] ability: Sand Stream|[of] p2a: Tyranitar
|move|p1a: Corviknight|Roost|p1a: Corviknight
|-heal|p1a: Corviknight|100/100
|-singleturn|p1a: Corviknight|move: Roost
|
|-weather|Sandstorm|[upkeep]
|upkeep
|turn|5
|
|t:|1760890093
|move|p1a: Corviknight|U-turn|p2a: Tyranitar
|-supereffective|p2a: Tyranitar
|-damage|p2a: Tyranitar|79/100
|
|t:|1760890098
|switch|p1a: Heatran|Heatran, M|38/100|[from] U-turn
|move|p2a: Tyranitar|Stealth Rock|p1a: Heatran
|-sidestart|p1: cr aries|move: Stealth Rock
|
|-weather|Sandstorm|[upkeep]
|-heal|p1a: Heatran|45/100|[from] item: Leftovers
|upkeep
|turn|6
|
|t:|1760890102
|move|p1a: Heatran|Stealth Rock|p2a: Tyranitar
|-sidestart|p2: ho3nconfirm3d|move: Stealth Rock
|move|p2a: Tyranitar|Knock Off|p1a: Heatran
|-damage|p1a: Heatran|17/100
|-enditem|p1a: Heatran|Leftovers|[from] move: Knock Off|[of] p2a: Tyranitar
|
|-weather|Sandstorm|[upkeep]
|upkeep
|turn|7
|
|t:|1760890106
|move|p1a: Heatran|Magma Storm|p2a: Tyranitar
|-resisted|p2a: Tyranitar
|-damage|p2a: Tyranitar|71/100
|-activate|p2a: Tyranitar|move: Magma Storm|[of] p1a: Heatran
|move|p2a: Tyranitar|Knock Off|p1a: Heatran
|-damage|p1a: Heatran|0 fnt
|faint|p1a: Heatran
|
|-weather|Sandstorm|[upkeep]
|-end|p2a: Tyranitar|Magma Storm|[partiallytrapped]|[silent]
|upkeep
|
|t:|1760890112
|switch|p1a: Weavile|Weavile, M|100/100
|turn|8
|
|t:|1760890117
|switch|p2a: Zamazenta|Zamazenta|100/100
|-damage|p2a: Zamazenta|94/100|[from] Stealth Rock
|-ability|p2a: Zamazenta|Dauntless Shield|boost
|-boost|p2a: Zamazenta|def|1
|move|p1a: Weavile|Knock Off|p2a: Zamazenta
|-resisted|p2a: Zamazenta
|-damage|p2a: Zamazenta|83/100
|-enditem|p2a: Zamazenta|Chesto Berry|[from] move: Knock Off|[of] p1a: Weavile
|
|-weather|Sandstorm|[upkeep]
|-damage|p2a: Zamazenta|77/100|[from] Sandstorm
|-damage|p1a: Weavile|94/100|[from] Sandstorm
|upkeep
|turn|9
|
|t:|1760890122
|switch|p1a: Gholdengo|Gholdengo|100/100
|-damage|p1a: Gholdengo|94/100|[from] Stealth Rock
|move|p2a: Zamazenta|Crunch|p1a: Gholdengo
|-supereffective|p1a: Gholdengo
|-damage|p1a: Gholdengo|67/100
|
|-weather|Sandstorm|[upkeep]
|-damage|p2a: Zamazenta|71/100|[from] Sandstorm
|upkeep
|turn|10
|
|t:|1760890129
|switch|p2a: Tornadus|Tornadus-Therian, M|100/100
|-damage|p2a: Tornadus|76/100|[from] Stealth Rock
|move|p1a: Gholdengo|Recover|p1a: Gholdengo
|-heal|p1a: Gholdengo|100/100
|
|-weather|Sandstorm|[upkeep]
|-damage|p2a: Tornadus|69/100|[from] Sandstorm
|upkeep
|turn|11
|
|t:|1760890132
|switch|p1a: Slowking|Slowking-Galar, F|100/100
|move|p2a: Tornadus|Knock Off|p1a: Slowking
|-supereffective|p1a: Slowking
|-damage|p1a: Slowking|59/100
|-enditem|p1a: Slowking|Heavy-Duty Boots|[from] move: Knock Off|[of] p2a: Tornadus
|
|-weather|none
|upkeep
|turn|12
|
|t:|1760890134
|move|p2a: Tornadus|U-turn|p1a: Slowking
|-damage|p1a: Slowking|44/100
|
|t:|1760890136
|switch|p2a: Tyranitar|Tyranitar, F|71/100|[from] U-turn
|-damage|p2a: Tyranitar|58/100|[from] Stealth Rock
|-weather|Sandstorm|[from] ability: Sand Stream|[of] p2a: Tyranitar
|-prepare|p1a: Slowking|Chilly Reception|[premajor]
|move|p1a: Slowking|Chilly Reception|p1a: Slowking
|-weather|Snowscape
|
|t:|1760890139
|switch|p1a: Weavile|Weavile, M|94/100|[from] Chilly Reception
|
|-weather|Snowscape|[upkeep]
|upkeep
|turn|13
|
|t:|1760890142
|switch|p2a: Zamazenta|Zamazenta|71/100
|-damage|p2a: Zamazenta|65/100|[from] Stealth Rock
|move|p1a: Weavile|Low Kick|p2a: Zamazenta
|-damage|p2a: Zamazenta|34/100
|
|-weather|Snowscape|[upkeep]
|upkeep
|turn|14
|
|t:|1760890147
|switch|p1a: Gholdengo|Gholdengo|100/100
|-damage|p1a: Gholdengo|94/100|[from] Stealth Rock
|move|p2a: Zamazenta|Rest|p2a: Zamazenta
|-status|p2a: Zamazenta|slp|[from] move: Rest
|-heal|p2a: Zamazenta|100/100 slp|[silent]
|
|-weather|Snowscape|[upkeep]
|upkeep
|turn|15
|
|t:|1760890153
|switch|p2a: Tyranitar|Tyranitar, F|58/100
|-damage|p2a: Tyranitar|46/100|[from] Stealth Rock
|-weather|Sandstorm|[from] ability: Sand Stream|[of] p2a: Tyranitar
|move|p1a: Gholdengo|Nasty Plot|p1a: Gholdengo
|-boost|p1a: Gholdengo|spa|2
|
|-weather|Sandstorm|[upkeep]
|upkeep
|turn|16
|
|t:|1760890163
|switch|p2a: Zamazenta|Zamazenta|100/100 slp
|-damage|p2a: Zamazenta|94/100 slp|[from] Stealth Rock
|-terastallize|p1a: Gholdengo|Fighting
|move|p1a: Gholdengo|Tera Blast|p2a: Zamazenta|[anim] Tera Blast Fighting
|-damage|p2a: Zamazenta|39/100 slp
|
|-weather|Sandstorm|[upkeep]
|-damage|p2a: Zamazenta|33/100 slp|[from] Sandstorm
|-damage|p1a: Gholdengo|88/100|[from] Sandstorm
|upkeep
|turn|17
|
|t:|1760890167
|cant|p2a: Zamazenta|slp
|move|p1a: Gholdengo|Shadow Ball|p2a: Zamazenta
|-damage|p2a: Zamazenta|0 fnt
|faint|p2a: Zamazenta
|
|-weather|Sandstorm|[upkeep]
|-damage|p1a: Gholdengo|82/100|[from] Sandstorm
|upkeep
|
|t:|1760890170
|switch|p2a: Tornadus|Tornadus-Therian, M|100/100
|-damage|p2a: Tornadus|76/100|[from] Stealth Rock
|turn|18
|
|t:|1760890173
|switch|p1a: Slowking|Slowking-Galar, F|77/100
|-damage|p1a: Slowking|64/100|[from] Stealth Rock
|move|p2a: Tornadus|U-turn|p1a: Slowking
|-damage|p1a: Slowking|50/100
|
|t:|1760890174
|switch|p2a: Excadrill|Excadrill, F|100/100|[from] U-turn
|-damage|p2a: Excadrill|97/100|[from] Stealth Rock
|-item|p2a: Excadrill|Air Balloon
|
|-weather|Sandstorm|[upkeep]
|-damage|p1a: Slowking|44/100|[from] Sandstorm
|upkeep
|turn|19
|
|t:|1760890178
|switch|p1a: Corviknight|Corviknight, M|100/100
|-damage|p1a: Corviknight|88/100|[from] Stealth Rock
|-ability|p1a: Corviknight|Pressure
|move|p2a: Excadrill|Rapid Spin|p1a: Corviknight
|-resisted|p1a: Corviknight
|-damage|p1a: Corviknight|82/100
|-boost|p2a: Excadrill|spe|1
|-damage|p2a: Excadrill|81/100|[from] item: Rocky Helmet|[of] p1a: Corviknight
|-sideend|p2: ho3nconfirm3d|Stealth Rock|[from] move: Rapid Spin|[of] p2a: Excadrill
|
|-weather|Sandstorm|[upkeep]
|upkeep
|turn|20
|
|t:|1760890181
|switch|p2a: Tornadus|Tornadus-Therian, M|100/100
|move|p1a: Corviknight|Defog|p2a: Tornadus
|-unboost|p2a: Tornadus|evasion|1
|-sideend|p1: cr aries|Stealth Rock|[from] move: Defog|[of] p1a: Corviknight
|
|-weather|Sandstorm|[upkeep]
|-damage|p2a: Tornadus|94/100|[from] Sandstorm
|upkeep
|turn|21
|
|t:|1760890184
|move|p2a: Tornadus|U-turn|p1a: Corviknight
|-resisted|p1a: Corviknight
|-damage|p1a: Corviknight|80/100
|-damage|p2a: Tornadus|78/100|[from] item: Rocky Helmet|[of] p1a: Corviknight
|
|t:|1760890187
|switch|p2a: Pecharunt|Pecharunt|100/100|[from] U-turn
|move|p1a: Corviknight|Roost|p1a: Corviknight
|-heal|p1a: Corviknight|100/100
|-singleturn|p1a: Corviknight|move: Roost
|
|-weather|Sandstorm|[upkeep]
|-damage|p2a: Pecharunt|94/100|[from] Sandstorm
|upkeep
|turn|22
|
|t:|1760890193
|switch|p1a: Gholdengo|Gholdengo, tera:Fighting|82/100
|move|p2a: Pecharunt|Parting Shot|p1a: Gholdengo
|-immune|p1a: Gholdengo|[from] ability: Good as Gold
|
|-weather|none
|upkeep
|turn|23
|
|t:|1760890197
|switch|p1a: Corviknight|Corviknight, M|100/100
|-ability|p1a: Corviknight|Pressure
|move|p2a: Pecharunt|Malignant Chain|p1a: Corviknight
|-immune|p1a: Corviknight
|
|upkeep
|turn|24
|
|t:|1760890200
|move|p2a: Pecharunt|Parting Shot|p1a: Corviknight
|-unboost|p1a: Corviknight|atk|1
|-unboost|p1a: Corviknight|spa|1
|
|t:|1760890201
|switch|p2a: Tornadus|Tornadus-Therian, M|100/100|[from] Parting Shot
|move|p1a: Corviknight|U-turn|p2a: Tornadus
|-resisted|p2a: Tornadus
|-damage|p2a: Tornadus|95/100
|
|t:|1760890205
|switch|p1a: Slowking|Slowking-Galar, F|77/100|[from] U-turn
|
|upkeep
|turn|25
|
|t:|1760890210
|move|p2a: Tornadus|Bleakwind Storm|p1a: Slowking
|-damage|p1a: Slowking|56/100
|move|p1a: Slowking|Future Sight|p2a: Tornadus
|-start|p1a: Slowking|move: Future Sight
|
|upkeep
|turn|26
|
|t:|1760890214
|move|p2a: Tornadus|Knock Off|p1a: Slowking
|-supereffective|p1a: Slowking
|-damage|p1a: Slowking|28/100
|move|p1a: Slowking|Sludge Bomb|p2a: Tornadus
|-damage|p2a: Tornadus|73/100
|
|upkeep
|turn|27
|
|t:|1760890217
|switch|p1a: Corviknight|Corviknight, M|100/100
|-ability|p1a: Corviknight|Pressure
|move|p2a: Tornadus|U-turn|p1a: Corviknight
|-resisted|p1a: Corviknight
|-damage|p1a: Corviknight|98/100
|-damage|p2a: Tornadus|56/100|[from] item: Rocky Helmet|[of] p1a: Corviknight
|
|t:|1760890219
|switch|p2a: Tyranitar|Tyranitar, F|46/100|[from] U-turn
|-weather|Sandstorm|[from] ability: Sand Stream|[of] p2a: Tyranitar
|
|-weather|Sandstorm|[upkeep]
|-end|p2a: Tyranitar|move: Future Sight
|-immune|p2a: Tyranitar
|upkeep
|turn|28
|
|t:|1760890223
|move|p1a: Corviknight|Brave Bird|p2a: Tyranitar
|-resisted|p2a: Tyranitar
|-crit|p2a: Tyranitar
|-damage|p2a: Tyranitar|25/100
|-damage|p1a: Corviknight|91/100|[from] Recoil
|move|p2a: Tyranitar|Knock Off|p1a: Corviknight
|-damage|p1a: Corviknight|66/100
|-damage|p2a: Tyranitar|9/100|[from] item: Rocky Helmet|[of] p1a: Corviknight
|-enditem|p1a: Corviknight|Rocky Helmet|[from] move: Knock Off|[of] p2a: Tyranitar
|
|-weather|Sandstorm|[upkeep]
|upkeep
|turn|29
|
|t:|1760890230
|switch|p2a: Tornadus|Tornadus-Therian, M|89/100
|move|p1a: Corviknight|Roost|p1a: Corviknight
|-heal|p1a: Corviknight|100/100
|-singleturn|p1a: Corviknight|move: Roost
|
|-weather|Sandstorm|[upkeep]
|-damage|p2a: Tornadus|83/100|[from] Sandstorm
|upkeep
|turn|30
|
|t:|1760890234
|move|p2a: Tornadus|U-turn|p1a: Corviknight
|-resisted|p1a: Corviknight
|-damage|p1a: Corviknight|98/100
|
|t:|1760890235
|switch|p2a: Pecharunt|Pecharunt|94/100|[from] U-turn
|move|p1a: Corviknight|Brave Bird|p2a: Pecharunt
|-damage|p2a: Pecharunt|77/100
|-damage|p1a: Corviknight|93/100|[from] Recoil
|
|-weather|Sandstorm|[upkeep]
|-damage|p2a: Pecharunt|71/100|[from] Sandstorm
|upkeep
|turn|31
|
|t:|1760890238
|move|p2a: Pecharunt|Parting Shot|p1a: Corviknight
|-unboost|p1a: Corviknight|atk|1
|-unboost|p1a: Corviknight|spa|1
|
|t:|1760890240
|switch|p2a: Tornadus|Tornadus-Therian, M|100/100|[from] Parting Shot
|move|p1a: Corviknight|U-turn|p2a: Tornadus
|-resisted|p2a: Tornadus
|-damage|p2a: Tornadus|95/100
|
|t:|1760890244
|switch|p1a: Slowking|Slowking-Galar, F|61/100|[from] U-turn
|
|-weather|Sandstorm|[upkeep]
|-damage|p2a: Tornadus|89/100|[from] Sandstorm
|-damage|p1a: Slowking|55/100|[from] Sandstorm
|upkeep
|turn|32
|
|t:|1760890248
|switch|p1a: Corviknight|Corviknight, M|93/100
|-ability|p1a: Corviknight|Pressure
|move|p2a: Tornadus|Knock Off|p1a: Corviknight
|-damage|p1a: Corviknight|84/100
|
|-weather|Sandstorm|[upkeep]
|-damage|p2a: Tornadus|83/100|[from] Sandstorm
|upkeep
|turn|33
|
|t:|1760890252
|move|p2a: Tornadus|Heat Wave|p1a: Corviknight
|-supereffective|p1a: Corviknight
|-damage|p1a: Corviknight|36/100
|move|p1a: Corviknight|U-turn|p2a: Tornadus
|-resisted|p2a: Tornadus
|-damage|p2a: Tornadus|76/100
|
|t:|1760890255
|switch|p1a: Weavile|Weavile, M|94/100|[from] U-turn
|
|-weather|Sandstorm|[upkeep]
|-damage|p1a: Weavile|88/100|[from] Sandstorm
|-damage|p2a: Tornadus|69/100|[from] Sandstorm
|upkeep
|turn|34
|
|t:|1760890264
|-terastallize|p2a: Tornadus|Steel
|move|p1a: Weavile|Triple Axel|p2a: Tornadus
|-resisted|p2a: Tornadus
|-damage|p2a: Tornadus|64/100
|-resisted|p2a: Tornadus
|-damage|p2a: Tornadus|53/100
|-resisted|p2a: Tornadus
|-crit|p2a: Tornadus
|-damage|p2a: Tornadus|27/100
|-hitcount|p2a: Tornadus|3
|move|p2a: Tornadus|U-turn|p1a: Weavile
|-supereffective|p1a: Weavile
|-damage|p1a: Weavile|36/100
|
|t:|1760890269
|switch|p2a: Pecharunt|Pecharunt|71/100|[from] U-turn
|
|-weather|none
|upkeep
|turn|35
|
|t:|1760890277
|switch|p2a: Tyranitar|Tyranitar, F|9/100
|-weather|Sandstorm|[from] ability: Sand Stream|[of] p2a: Tyranitar
|move|p1a: Weavile|Knock Off|p2a: Tyranitar
|-resisted|p2a: Tyranitar
|-damage|p2a: Tyranitar|0 fnt
|-enditem|p2a: Tyranitar|Smooth Rock|[from] move: Knock Off|[of] p1a: Weavile
|faint|p2a: Tyranitar
|
|-weather|Sandstorm|[upkeep]
|-damage|p1a: Weavile|30/100|[from] Sandstorm
|upkeep
|
|t:|1760890279
|switch|p2a: Excadrill|Excadrill, F|81/100
|-item|p2a: Excadrill|Air Balloon
|turn|36
|
|t:|1760890284
|switch|p1a: Corviknight|Corviknight, M|36/100
|-ability|p1a: Corviknight|Pressure
|move|p2a: Excadrill|Iron Head|p1a: Corviknight
|-resisted|p1a: Corviknight
|-damage|p1a: Corviknight|22/100
|
|-weather|Sandstorm|[upkeep]
|upkeep
|turn|37
|
|t:|1760890287
|move|p2a: Excadrill|Swords Dance|p2a: Excadrill
|-boost|p2a: Excadrill|atk|2
|move|p1a: Corviknight|Roost|p1a: Corviknight
|-heal|p1a: Corviknight|72/100
|-singleturn|p1a: Corviknight|move: Roost
|
|-weather|Sandstorm|[upkeep]
|upkeep
|turn|38
|
|t:|1760890290
|move|p2a: Excadrill|Swords Dance|p2a: Excadrill
|-boost|p2a: Excadrill|atk|2
|move|p1a: Corviknight|Roost|p1a: Corviknight
|-heal|p1a: Corviknight|100/100
|-singleturn|p1a: Corviknight|move: Roost
|
|-weather|Sandstorm|[upkeep]
|upkeep
|turn|39
|
|t:|1760890303
|move|p2a: Excadrill|Iron Head|p1a: Corviknight
|-resisted|p1a: Corviknight
|-damage|p1a: Corviknight|57/100
|move|p1a: Corviknight|Brave Bird|p2a: Excadrill
|-resisted|p2a: Excadrill
|-damage|p2a: Excadrill|55/100
|-enditem|p2a: Excadrill|Air Balloon
|-damage|p1a: Corviknight|49/100|[from] Recoil
|
|-weather|Sandstorm|[upkeep]
|upkeep
|turn|40
|
|t:|1760890306
|move|p2a: Excadrill|Iron Head|p1a: Corviknight
|-resisted|p1a: Corviknight
|-damage|p1a: Corviknight|9/100
|move|p1a: Corviknight|Roost|p1a: Corviknight
|-heal|p1a: Corviknight|59/100
|-singleturn|p1a: Corviknight|move: Roost
|
|-weather|Sandstorm|[upkeep]
|upkeep
|turn|41
|
|t:|1760890312
|move|p2a: Excadrill|Iron Head|p1a: Corviknight
|-resisted|p1a: Corviknight
|-damage|p1a: Corviknight|18/100
|move|p1a: Corviknight|Roost|p1a: Corviknight
|-heal|p1a: Corviknight|68/100
|-singleturn|p1a: Corviknight|move: Roost
|
|-weather|Sandstorm|[upkeep]
|upkeep
|turn|42
|
|t:|1760890321
|move|p2a: Excadrill|Rapid Spin|p1a: Corviknight
|-resisted|p1a: Corviknight
|-damage|p1a: Corviknight|49/100
|-boost|p2a: Excadrill|spe|1
|move|p1a: Corviknight|Brave Bird|p2a: Excadrill
|-resisted|p2a: Excadrill
|-damage|p2a: Excadrill|29/100
|-damage|p1a: Corviknight|41/100|[from] Recoil
|
|-weather|none
|upkeep
|turn|43
|
|t:|1760890325
|move|p2a: Excadrill|Iron Head|p1a: Corviknight
|-resisted|p1a: Corviknight
|-damage|p1a: Corviknight|0 fnt
|faint|p1a: Corviknight
|
|upkeep
|
|t:|1760890331
|switch|p1a: Sandy Shocks|Sandy Shocks|100/100
|-enditem|p1a: Sandy Shocks|Booster Energy
|-activate|p1a: Sandy Shocks|ability: Protosynthesis|[fromitem]
|-start|p1a: Sandy Shocks|protosynthesisspe
|turn|44
|c|☆cr aries|gg
|
|t:|1760890335
|move|p1a: Sandy Shocks|Earth Power|p2a: Excadrill
|-supereffective|p2a: Excadrill
|-damage|p2a: Excadrill|0 fnt
|faint|p2a: Excadrill
|
|upkeep
|-message|ho3nconfirm3d forfeited.
|
|win|cr aries
|raw|cr aries's rating: 1660 &rarr; <strong>1682</strong><br />(+22 for winning)
|raw|ho3nconfirm3d's rating: 1703 &rarr; <strong>1681</strong><br />(-22 for losing)
|l|☆ho3nconfirm3d
|player|p2|
|l|☆cr aries
|player|p1|
