|j|☆boletus totatus
|j|☆Chipcaol
|t:|1760866729
|gametype|singles
|player|p1|boletus totatus|ethan|1291
|player|p2|Chipcaol|266|1218
|gen|9
|tier|[Gen 9] OU
|rated|
|rule|HP Percentage Mod: HP is shown in percentages
|rule|Endless Battle Clause: Forcing endless battles is banned
|rule|Species Clause: Limit one of each Pokémon
|rule|OHKO Clause: OHKO moves are banned
|rule|Evasion Items Clause: Evasion items are banned
|rule|Evasion Moves Clause: Evasion moves are banned
|rule|Evasion Abilities Clause: Evasion abilities are banned
|rule|Sleep Moves Clause: Sleep-inducing moves are banned
|clearpoke
|poke|p1|Scizor, F|
|poke|p1|Regidrago|
|poke|p1|Alomomola, M|
|poke|p1|Ribombee, M|
|poke|p1|Indeedee, M|
|poke|p1|Cinderace, F|
|poke|p2|Great Tusk|
|poke|p2|Slowking-Galar, M|
|poke|p2|Rillaboom, F|
|poke|p2|Latias, F|
|poke|p2|Samurott-Hisui, F|
|poke|p2|Gholdengo|
|teampreview
|inactive|Battle timer is ON: inactive players will automatically lose when time's up. (requested by Chipcaol)
|
|t:|1760866754
|teamsize|p1|6
|teamsize|p2|6
|start
|switch|p1a: Ribombee|Ribombee, M|100/100
|switch|p2a: Great Tusk|Great Tusk|100/100
|turn|1
|
|t:|1760866760
|move|p1a: Ribombee|Moonblast|p2a: Great Tusk
|-supereffective|p2a: Great Tusk
|-damage|p2a: Great Tusk|0 fnt
|faint|p2a: Great Tusk
|-end|p2a: Great Tusk|Protosynthesis|[silent]
|
|upkeep
|
|t:|1760866766
|switch|p2a: Gholdengo|Gholdengo|100/100
|turn|2
|
|t:|1760866796
|move|p1a: Ribombee|Sticky Web|p2a: Gholdengo
|-sidestart|p2: Chipcaol|move: Sticky Web
|move|p2a: Gholdengo|Trick|p1a: Ribombee
|-activate|p2a: Gholdengo|move: Trick|[of] p1a: Ribombee
|-item|p1a: Ribombee|Choice Specs|[from] move: Trick
|-item|p2a: Gholdengo|Focus Sash|[from] move: Trick
|
|upkeep
|turn|3
|
|t:|1760866811
|switch|p1a: Alomomola|Alomomola, M|100/100
|move|p2a: Gholdengo|Power Gem|p1a: Alomomola
|-damage|p1a: Alomomola|79/100
|
|upkeep
|turn|4
|
|t:|1760866820
|move|p2a: Gholdengo|Shadow Ball|p1a: Alomomola
|-damage|p1a: Alomomola|49/100
|move|p1a: Alomomola|Flip Turn|p2a: Gholdengo
|-damage|p2a: Gholdengo|81/100
|
|t:|1760866825
|switch|p1a: Regidrago|Regidrago|100/100|[from] Flip Turn
|
|upkeep
|turn|5
|
|t:|1760866842
|move|p2a: Gholdengo|Shadow Ball|p1a: Regidrago
|-damage|p1a: Regidrago|52/100
|-unboost|p1a: Regidrago|spd|1
|move|p1a: Regidrago|Earth Power|p2a: Gholdengo
|-supereffective|p2a: Gholdengo
|-damage|p2a: Gholdengo|0 fnt
|faint|p2a: Gholdengo
|
|upkeep
|
|t:|1760866854
|switch|p2a: Latias|Latias, F|100/100
|turn|6
|
|t:|1760866865
|switch|p1a: Ribombee|Ribombee, M|100/100
|move|p2a: Latias|Draining Kiss|p1a: Ribombee
|-damage|p1a: Ribombee|77/100
|
|upkeep
|turn|7
|
|t:|1760866872
|switch|p2a: Slowking|Slowking-Galar, M|100/100
|move|p1a: Ribombee|Stun Spore|p2a: Slowking
|-status|p2a: Slowking|par
|
|upkeep
|turn|8
|
|t:|1760866879
|switch|p1a: Alomomola|Alomomola, M|83/100
|cant|p2a: Slowking|par
|
|upkeep
|turn|9
|
|t:|1760866885
|move|p1a: Alomomola|Wish|p1a: Alomomola
|move|p2a: Slowking|Future Sight|p1a: Alomomola
|-start|p2a: Slowking|move: Future Sight
|
|upkeep
|turn|10
|
|t:|1760866888
|move|p1a: Alomomola|Flip Turn|p2a: Slowking
|-damage|p2a: Slowking|83/100 par
|
|t:|1760866890
|switch|p1a: Regidrago|Regidrago|52/100|[from] Flip Turn
|move|p2a: Slowking|Sludge Wave|p1a: Regidrago
|-damage|p1a: Regidrago|10/100
|
|-heal|p1a: Regidrago|59/100|[from] move: Wish|[wisher] Alomomola
|upkeep
|turn|11
|
|t:|1760866900
|switch|p1a: Alomomola|Alomomola, M|100/100
|move|p2a: Slowking|Sludge Wave|p1a: Alomomola
|-damage|p1a: Alomomola|72/100
|
|-end|p1a: Alomomola|move: Future Sight
|-damage|p1a: Alomomola|38/100
|upkeep
|turn|12
|
|t:|1760866908
|move|p1a: Alomomola|Wish|p1a: Alomomola
|-prepare|p2a: Slowking|Chilly Reception|[premajor]
|move|p2a: Slowking|Chilly Reception|p2a: Slowking
|-weather|Snowscape
|
|t:|1760866912
|switch|p2a: Rillaboom|Rillaboom, F|100/100|[from] Chilly Reception
|-activate|p2a: Rillaboom|move: Sticky Web
|-unboost|p2a: Rillaboom|spe|1
|-fieldstart|move: Grassy Terrain|[from] ability: Grassy Surge|[of] p2a: Rillaboom
|
|-weather|Snowscape|[upkeep]
|-heal|p1a: Alomomola|44/100|[from] Grassy Terrain
|upkeep
|turn|13
|
|t:|1760866923
|switch|p1a: Indeedee|Indeedee, M|100/100
|-fieldstart|move: Psychic Terrain|[from] ability: Psychic Surge|[of] p1a: Indeedee
|move|p2a: Rillaboom|Grassy Glide|p1a: Indeedee
|-damage|p1a: Indeedee|8/100
|
|-weather|Snowscape|[upkeep]
|-heal|p1a: Indeedee|100/100|[from] move: Wish|[wisher] Alomomola
|upkeep
|turn|14
|
|t:|1760866941
|switch|p2a: Slowking|Slowking-Galar, M|100/100 par
|move|p1a: Indeedee|Draining Kiss|p2a: Slowking
|-resisted|p2a: Slowking
|-damage|p2a: Slowking|96/100 par
|
|-weather|Snowscape|[upkeep]
|upkeep
|turn|15
|
|t:|1760866947
|switch|p1a: Alomomola|Alomomola, M|77/100
|cant|p2a: Slowking|par
|
|-weather|Snowscape|[upkeep]
|upkeep
|turn|16
|
|t:|1760866954
|move|p1a: Alomomola|Wish|p1a: Alomomola
|cant|p2a: Slowking|par
|
|-weather|none
|upkeep
|turn|17
|
|t:|1760866959
|move|p1a: Alomomola|Flip Turn|p2a: Slowking
|-damage|p2a: Slowking|79/100 par
|
|t:|1760866961
|switch|p1a: Regidrago|Regidrago|59/100|[from] Flip Turn
|move|p2a: Slowking|Future Sight|p1a: Regidrago
|-start|p2a: Slowking|move: Future Sight
|
|-heal|p1a: Regidrago|100/100|[from] move: Wish|[wisher] Alomomola
|-fieldend|move: Psychic Terrain
|upkeep
|turn|18
|
|t:|1760866968
|move|p1a: Regidrago|Dragon Energy|p2a: Slowking
|-damage|p2a: Slowking|0 fnt
|faint|p2a: Slowking
|
|upkeep
|
|t:|1760866975
|switch|p2a: Samurott|Samurott-Hisui, F|100/100
|turn|19
|
|t:|1760866996
|switch|p1a: Indeedee|Indeedee, M|100/100
|-fieldstart|move: Psychic Terrain|[from] ability: Psychic Surge|[of] p1a: Indeedee
|move|p2a: Samurott|Sacred Sword|p1a: Indeedee
|-damage|p1a: Indeedee|20/100
|
|-end|p1a: Indeedee|move: Future Sight
|-resisted|p1a: Indeedee
|-damage|p1a: Indeedee|0 fnt
|faint|p1a: Indeedee
|upkeep
|
|t:|1760867009
|switch|p1a: Ribombee|Ribombee, M|77/100
|turn|20
|
|t:|1760867027
|-terastallize|p2a: Samurott|Ground
|move|p1a: Ribombee|Moonblast|p2a: Samurott
|-damage|p2a: Samurott|6/100
|move|p2a: Samurott|Aqua Cutter|p1a: Ribombee
|-damage|p1a: Ribombee|0 fnt
|faint|p1a: Ribombee
|
|upkeep
|
|t:|1760867041
|switch|p1a: Cinderace|Cinderace, F|100/100
|turn|21
|
|t:|1760867046
|move|p2a: Samurott|Aqua Jet|p1a: Cinderace
|-activate|p1a: Cinderace|move: Psychic Terrain
|move|p1a: Cinderace|U-turn|p2a: Samurott
|-start|p1a: Cinderace|typechange|Bug|[from] ability: Libero
|-damage|p2a: Samurott|0 fnt
|faint|p2a: Samurott
|
|t:|1760867055
|switch|p1a: Scizor|Scizor, F|100/100|[from] U-turn
|
|upkeep
|
|t:|1760867058
|switch|p2a: Latias|Latias, F|100/100
|turn|22
|
|t:|1760867063
|move|p2a: Latias|Calm Mind|p2a: Latias
|-boost|p2a: Latias|spa|1
|-boost|p2a: Latias|spd|1
|move|p1a: Scizor|Knock Off|p2a: Latias
|-supereffective|p2a: Latias
|-damage|p2a: Latias|0 fnt
|-enditem|p2a: Latias|Weakness Policy|[from] move: Knock Off|[of] p1a: Scizor
|faint|p2a: Latias
|
|upkeep
|
|t:|1760867068
|switch|p2a: Rillaboom|Rillaboom, F|100/100
|-activate|p2a: Rillaboom|move: Sticky Web
|-unboost|p2a: Rillaboom|spe|1
|-fieldstart|move: Grassy Terrain|[from] ability: Grassy Surge|[of] p2a: Rillaboom
|turn|23
|
|t:|1760867084
|move|p1a: Scizor|Knock Off|p2a: Rillaboom
|-damage|p2a: Rillaboom|42/100
|-enditem|p2a: Rillaboom|Choice Band|[from] move: Knock Off|[of] p1a: Scizor
|move|p2a: Rillaboom|Drain Punch|p1a: Scizor
|-damage|p1a: Scizor|65/100
|-heal|p2a: Rillaboom|57/100|[from] drain|[of] p1a: Scizor
|
|-heal|p1a: Scizor|71/100|[from] Grassy Terrain
|-heal|p2a: Rillaboom|63/100|[from] Grassy Terrain
|upkeep
|turn|24
|
|t:|1760867092
|switch|p1a: Alomomola|Alomomola, M|100/100
|move|p2a: Rillaboom|Drain Punch|p1a: Alomomola
|-damage|p1a: Alomomola|77/100
|-heal|p2a: Rillaboom|81/100|[from] drain|[of] p1a: Alomomola
|
|-heal|p2a: Rillaboom|88/100|[from] Grassy Terrain
|-heal|p1a: Alomomola|83/100|[from] Grassy Terrain
|upkeep
|turn|25
|
|t:|1760867097
|move|p2a: Rillaboom|Grassy Glide|p1a: Alomomola
|-supereffective|p1a: Alomomola
|-damage|p1a: Alomomola|24/100
|move|p1a: Alomomola|Wish|p1a: Alomomola
|
|-heal|p2a: Rillaboom|94/100|[from] Grassy Terrain
|-heal|p1a: Alomomola|30/100|[from] Grassy Terrain
|upkeep
|turn|26
|
|t:|1760867103
|move|p1a: Alomomola|Protect|p1a: Alomomola
|-singleturn|p1a: Alomomola|Protect
|move|p2a: Rillaboom|Grassy Glide|p1a: Alomomola
|-activate|p1a: Alomomola|move: Protect
|
|-heal|p1a: Alomomola|80/100|[from] move: Wish|[wisher] Alomomola
|-heal|p2a: Rillaboom|99/100|[from] Grassy Terrain
|-heal|p1a: Alomomola|86/100|[from] Grassy Terrain
|upkeep
|turn|27
|
|t:|1760867105
|move|p2a: Rillaboom|Grassy Glide|p1a: Alomomola
|-supereffective|p1a: Alomomola
|-damage|p1a: Alomomola|27/100
|move|p1a: Alomomola|Wish|p1a: Alomomola
|
|-heal|p2a: Rillaboom|100/100|[from] Grassy Terrain
|-heal|p1a: Alomomola|33/100|[from] Grassy Terrain
|-fieldend|move: Grassy Terrain
|upkeep
|turn|28
|
|t:|1760867109
|move|p1a: Alomomola|Protect|p1a: Alomomola
|-singleturn|p1a: Alomomola|Protect
|move|p2a: Rillaboom|Knock Off|p1a: Alomomola
|-activate|p1a: Alomomola|move: Protect
|
|-heal|p1a: Alomomola|83/100|[from] move: Wish|[wisher] Alomomola
|upkeep
|turn|29
|
|t:|1760867114
|move|p2a: Rillaboom|Knock Off|p1a: Alomomola
|-damage|p1a: Alomomola|57/100
|-enditem|p1a: Alomomola|Heavy-Duty Boots|[from] move: Knock Off|[of] p2a: Rillaboom
|move|p1a: Alomomola|Flip Turn|p2a: Rillaboom
|-resisted|p2a: Rillaboom
|-damage|p2a: Rillaboom|91/100
|
|t:|1760867117
|switch|p1a: Regidrago|Regidrago|100/100|[from] Flip Turn
|
|upkeep
|turn|30
|
|t:|1760867122
|move|p1a: Regidrago|Dragon Energy|p2a: Rillaboom
|-damage|p2a: Rillaboom|0 fnt
|faint|p2a: Rillaboom
|
|win|boletus totatus
|raw|boletus totatus's rating: 1291 &rarr; <strong>1311</strong><br />(+20 for winning)
|raw|Chipcaol's rating: 1218 &rarr; <strong>1198</strong><br />(-20 for losing)
|l|☆Chipcaol
|player|p2|
|l|☆boletus totatus
|player|p1|
