|j|☆Rising Ursaring
|j|☆wolwing
|t:|1760782512
|gametype|singles
|player|p1|Rising Ursaring|burglar|1513
|player|p2|wolwing|170|1485
|gen|9
|tier|[Gen 9] OU
|rated|
|rule|HP Percentage Mod: HP is shown in percentages
|rule|Endless Battle Clause: Forcing endless battles is banned
|rule|Species Clause: Limit one of each Pokémon
|rule|OHKO Clause: OHKO moves are banned
|rule|Evasion Items Clause: Evasion items are banned
|rule|Evasion Moves Clause: Evasion moves are banned
|rule|Evasion Abilities Clause: Evasion abilities are banned
|rule|Sleep Moves Clause: Sleep-inducing moves are banned
|clearpoke
|poke|p1|Ogerpon-Wellspring, F|
|poke|p1|Ting-Lu|
|poke|p1|Deoxys-Speed|
|poke|p1|Zapdos|
|poke|p1|Pecharunt|
|poke|p1|Tsareena, F|
|poke|p2|Grimmsnarl, M|
|poke|p2|Iron Treads|
|poke|p2|Ninetales, M|
|poke|p2|Indeedee, M|
|poke|p2|Polteageist-Antique|
|poke|p2|Scovillain, M|
|teampreview
|inactive|Battle timer is ON: inactive players will automatically lose when time's up. (requested by wolwing)
|inactive|Rising Ursaring also wants the timer to be on.
|
|t:|1760782518
|teamsize|p1|6
|teamsize|p2|6
|start
|switch|p1a: Zapdos|Zapdos|100/100
|switch|p2a: Grimmsnarl|Grimmsnarl, M|100/100
|turn|1
|
|t:|1760782521
|move|p2a: Grimmsnarl|Taunt|p1a: Zapdos
|-start|p1a: Zapdos|move: Taunt
|move|p1a: Zapdos|Volt Switch|p2a: Grimmsnarl
|-damage|p2a: Grimmsnarl|68/100
|
|t:|1760782525
|switch|p1a: Pecharunt|Pecharunt|100/100|[from] Volt Switch
|
|upkeep
|turn|2
|
|t:|1760782527
|move|p2a: Grimmsnarl|Thunder Wave|p1a: Pecharunt
|-status|p1a: Pecharunt|par
|cant|p1a: Pecharunt|par
|
|upkeep
|turn|3
|
|t:|1760782532
|move|p2a: Grimmsnarl|Taunt|p1a: Pecharunt
|-start|p1a: Pecharunt|move: Taunt
|move|p1a: Pecharunt|Malignant Chain|p2a: Grimmsnarl
|-supereffective|p2a: Grimmsnarl
|-damage|p2a: Grimmsnarl|9/100
|
|upkeep
|turn|4
|
|t:|1760782540
|move|p2a: Grimmsnarl|Parting Shot|p1a: Pecharunt
|-unboost|p1a: Pecharunt|atk|1
|-unboost|p1a: Pecharunt|spa|1
|
|t:|1760782542
|switch|p2a: Iron Treads|Iron Treads|100/100|[from] Parting Shot
|-enditem|p2a: Iron Treads|Booster Energy
|-activate|p2a: Iron Treads|ability: Quark Drive|[fromitem]
|-start|p2a: Iron Treads|quarkdrivespe
|move|p1a: Pecharunt|Shadow Ball|p2a: Iron Treads
|-damage|p2a: Iron Treads|77/100
|-unboost|p2a: Iron Treads|spd|1
|
|upkeep
|turn|5
|
|t:|1760782544
|move|p2a: Iron Treads|Stealth Rock|p1a: Pecharunt
|-sidestart|p1: Rising Ursaring|move: Stealth Rock
|cant|p1a: Pecharunt|par
|
|-end|p1a: Pecharunt|move: Taunt
|upkeep
|turn|6
|
|t:|1760782546
|move|p2a: Iron Treads|Knock Off|p1a: Pecharunt
|-supereffective|p1a: Pecharunt
|-damage|p1a: Pecharunt|63/100 par
|-enditem|p1a: Pecharunt|Heavy-Duty Boots|[from] move: Knock Off|[of] p2a: Iron Treads
|move|p1a: Pecharunt|Shadow Ball|p2a: Iron Treads
|-damage|p2a: Iron Treads|43/100
|
|upkeep
|turn|7
|
|t:|1760782553
|-end|p2a: Iron Treads|Quark Drive|[silent]
|switch|p2a: Indeedee|Indeedee, M|100/100
|-fieldstart|move: Psychic Terrain|[from] ability: Psychic Surge|[of] p2a: Indeedee
|cant|p1a: Pecharunt|par
|
|upkeep
|turn|8
|c|☆Rising Ursaring|Lol
|
|t:|1760782564
|move|p2a: Indeedee|Healing Wish|p2a: Indeedee
|faint|p2a: Indeedee
|cant|p1a: Pecharunt|par
|
|upkeep
|c|☆wolwing|Paralyze needs to be ban
|
|t:|1760782583
|switch|p2a: Polteageist|Polteageist-Antique|100/100
|turn|9
|
|t:|1760782586
|move|p2a: Polteageist|Shell Smash|p2a: Polteageist
|-unboost|p2a: Polteageist|def|1
|-unboost|p2a: Polteageist|spd|1
|-boost|p2a: Polteageist|atk|2
|-boost|p2a: Polteageist|spa|2
|-boost|p2a: Polteageist|spe|2
|cant|p1a: Pecharunt|par
|
|upkeep
|turn|10
|c|☆Rising Ursaring|HAHAHAHAHAHAHAHAHAA
|
|t:|1760782598
|-terastallize|p1a: Pecharunt|Dark
|move|p2a: Polteageist|Stored Power|p1a: Pecharunt
|-immune|p1a: Pecharunt
|move|p1a: Pecharunt|Malignant Chain|p2a: Polteageist
|-resisted|p2a: Polteageist
|-damage|p2a: Polteageist|83/100
|
|upkeep
|turn|11
|c|☆Rising Ursaring|And I can't buy
|c|☆Rising Ursaring|A fucking poison
|c|☆Rising Ursaring|50%
|
|t:|1760782615
|-terastallize|p2a: Polteageist|Fighting
|move|p2a: Polteageist|Tera Blast|p1a: Pecharunt|[anim] Tera Blast Fighting
|-supereffective|p1a: Pecharunt
|-damage|p1a: Pecharunt|0 fnt
|faint|p1a: Pecharunt
|
|upkeep
|c|☆wolwing|XD
|c|☆wolwing|TWICE
|
|t:|1760782621
|switch|p1a: Ting-Lu|Ting-Lu|100/100
|-damage|p1a: Ting-Lu|94/100|[from] Stealth Rock
|-ability|p1a: Ting-Lu|Vessel of Ruin
|turn|12
|c|☆wolwing|No poison twice, idk how that happens
|
|t:|1760782631
|move|p2a: Polteageist|Tera Blast|p1a: Ting-Lu|[anim] Tera Blast Fighting
|-supereffective|p1a: Ting-Lu
|-damage|p1a: Ting-Lu|21/100
|move|p1a: Ting-Lu|Whirlwind|p2a: Polteageist
|drag|p2a: Scovillain|Scovillain, M, shiny|100/100
|
|-heal|p1a: Ting-Lu|27/100|[from] item: Leftovers
|upkeep
|turn|13
|
|t:|1760782643
|switch|p2a: Ninetales|Ninetales, M|100/100
|-weather|SunnyDay|[from] ability: Drought|[of] p2a: Ninetales
|move|p1a: Ting-Lu|Stealth Rock|p2a: Ninetales
|-sidestart|p2: wolwing|move: Stealth Rock
|
|-weather|SunnyDay|[upkeep]
|-heal|p1a: Ting-Lu|33/100|[from] item: Leftovers
|upkeep
|turn|14
|
|t:|1760782646
|move|p2a: Ninetales|Solar Beam||[still]
|-prepare|p2a: Ninetales|Solar Beam
|-anim|p2a: Ninetales|Solar Beam|p1a: Ting-Lu
|-supereffective|p1a: Ting-Lu
|-damage|p1a: Ting-Lu|9/100
|move|p1a: Ting-Lu|Earthquake|p2a: Ninetales
|-supereffective|p2a: Ninetales
|-damage|p2a: Ninetales|0 fnt
|faint|p2a: Ninetales
|
|-weather|SunnyDay|[upkeep]
|-heal|p1a: Ting-Lu|16/100|[from] item: Leftovers
|-fieldend|move: Psychic Terrain
|upkeep
|
|t:|1760782651
|switch|p2a: Scovillain|Scovillain, M, shiny|100/100
|turn|15
|
|t:|1760782656
|move|p2a: Scovillain|Solar Beam||[still]
|-prepare|p2a: Scovillain|Solar Beam
|-anim|p2a: Scovillain|Solar Beam|p1a: Ting-Lu
|-supereffective|p1a: Ting-Lu
|-crit|p1a: Ting-Lu
|-damage|p1a: Ting-Lu|0 fnt
|faint|p1a: Ting-Lu
|
|-weather|SunnyDay|[upkeep]
|upkeep
|
|t:|1760782665
|switch|p1a: Zapdos|Zapdos|100/100
|turn|16
|
|t:|1760782667
|move|p2a: Scovillain|Growth|p2a: Scovillain
|-boost|p2a: Scovillain|atk|2
|-boost|p2a: Scovillain|spa|2
|move|p1a: Zapdos|Hurricane|p2a: Scovillain|[miss]
|-miss|p1a: Zapdos|p2a: Scovillain
|
|-weather|SunnyDay|[upkeep]
|upkeep
|turn|17
|
|t:|1760782673
|move|p2a: Scovillain|Flamethrower|p1a: Zapdos
|-damage|p1a: Zapdos|0 fnt
|faint|p1a: Zapdos
|
|-weather|SunnyDay|[upkeep]
|upkeep
|
|t:|1760782677
|switch|p1a: Deoxys|Deoxys-Speed|100/100
|-ability|p1a: Deoxys|Pressure
|turn|18
|
|t:|1760782679
|move|p2a: Scovillain|Flamethrower|p1a: Deoxys
|-damage|p1a: Deoxys|0 fnt
|faint|p1a: Deoxys
|
|-weather|SunnyDay|[upkeep]
|upkeep
|
|t:|1760782682
|switch|p1a: Tsareena|Tsareena, F|100/100
|-damage|p1a: Tsareena|88/100|[from] Stealth Rock
|turn|19
|
|t:|1760782687
|move|p2a: Scovillain|Flamethrower|p1a: Tsareena
|-supereffective|p1a: Tsareena
|-damage|p1a: Tsareena|0 fnt
|faint|p1a: Tsareena
|
|-weather|SunnyDay|[upkeep]
|upkeep
|
|t:|1760782688
|switch|p1a: Ogerpon|Ogerpon-Wellspring, F|100/100
|-damage|p1a: Ogerpon|88/100|[from] Stealth Rock
|turn|20
|
|t:|1760782692
|move|p2a: Scovillain|Flamethrower|p1a: Ogerpon
|-damage|p1a: Ogerpon|0 fnt
|faint|p1a: Ogerpon
|
|win|wolwing
|raw|Rising Ursaring's rating: 1513 &rarr; <strong>1491</strong><br />(-22 for losing)
|raw|wolwing's rating: 1485 &rarr; <strong>1507</strong><br />(+22 for winning)
|c|☆wolwing|Gg
|c|☆Rising Ursaring|Really great game
|c|☆Rising Ursaring|Great game
|c|☆wolwing|So unlucky man
|l|☆Rising Ursaring
|player|p1|
|l|☆wolwing
|player|p2|
