|j|☆krabby.pabby
|j|☆satyajiitdey
|t:|1760846773
|gametype|singles
|player|p1|krabby.pabby|elesa|1088
|player|p2|satyajiitdey|cynthia-gen4|1053
|gen|9
|tier|[Gen 9] OU
|rated|
|rule|HP Percentage Mod: HP is shown in percentages
|rule|Endless Battle Clause: Forcing endless battles is banned
|rule|Species Clause: Limit one of each Pokémon
|rule|OHKO Clause: OHKO moves are banned
|rule|Evasion Items Clause: Evasion items are banned
|rule|Evasion Moves Clause: Evasion moves are banned
|rule|Evasion Abilities Clause: Evasion abilities are banned
|rule|Sleep Moves Clause: Sleep-inducing moves are banned
|clearpoke
|poke|p1|Ninetales, M|
|poke|p1|Scream Tail|
|poke|p1|Lilligant-Hisui, F|
|poke|p1|Charizard, F|
|poke|p1|Raging Bolt|
|poke|p1|Victreebel, F|
|poke|p2|Gliscor, M|
|poke|p2|Brambleghast, F|
|poke|p2|Kilowattrel, M|
|poke|p2|Toxapex, F|
|poke|p2|Metagross|
|poke|p2|Walking Wake|
|teampreview
|inactive|Battle timer is ON: inactive players will automatically lose when time's up. (requested by satyajiitdey)
|
|t:|1760846779
|teamsize|p1|6
|teamsize|p2|6
|start
|switch|p1a: Ninetales|Ninetales, M|100/100
|switch|p2a: Walking Wake|Walking Wake|100/100
|-weather|SunnyDay|[from] ability: Drought|[of] p1a: Ninetales
|-activate|p2a: Walking Wake|ability: Protosynthesis
|-start|p2a: Walking Wake|protosynthesisspa
|turn|1
|
|t:|1760846788
|move|p2a: Walking Wake|Agility|p2a: Walking Wake
|-boost|p2a: Walking Wake|spe|2
|move|p1a: Ninetales|Will-O-Wisp|p2a: Walking Wake|[miss]
|-miss|p1a: Ninetales|p2a: Walking Wake
|
|-weather|SunnyDay|[upkeep]
|upkeep
|turn|2
|
|t:|1760846798
|switch|p1a: Scream Tail|Scream Tail|100/100
|-activate|p1a: Scream Tail|ability: Protosynthesis
|-start|p1a: Scream Tail|protosynthesisspe
|move|p2a: Walking Wake|Hydro Steam|p1a: Scream Tail
|-damage|p1a: Scream Tail|35/100
|
|-weather|SunnyDay|[upkeep]
|-heal|p1a: Scream Tail|41/100|[from] item: Leftovers
|upkeep
|turn|3
|
|t:|1760846807
|move|p2a: Walking Wake|Hydro Steam|p1a: Scream Tail
|-damage|p1a: Scream Tail|0 fnt
|faint|p1a: Scream Tail
|-end|p1a: Scream Tail|Protosynthesis|[silent]
|
|-weather|SunnyDay|[upkeep]
|upkeep
|
|t:|1760846816
|switch|p1a: Raging Bolt|Raging Bolt|100/100
|-activate|p1a: Raging Bolt|ability: Protosynthesis
|-start|p1a: Raging Bolt|protosynthesisspa
|turn|4
|
|t:|1760846826
|-terastallize|p1a: Raging Bolt|Electric
|move|p2a: Walking Wake|Draco Meteor|p1a: Raging Bolt
|-damage|p1a: Raging Bolt|53/100
|-unboost|p2a: Walking Wake|spa|2
|move|p1a: Raging Bolt|Thunderbolt|p2a: Walking Wake
|-damage|p2a: Walking Wake|0 fnt
|faint|p2a: Walking Wake
|-end|p2a: Walking Wake|Protosynthesis|[silent]
|
|-weather|SunnyDay|[upkeep]
|upkeep
|
|t:|1760846837
|switch|p2a: Gliscor|Gliscor, M|100/100
|turn|5
|
|t:|1760846845
|move|p2a: Gliscor|Stealth Rock|p1a: Raging Bolt
|-sidestart|p1: krabby.pabby|move: Stealth Rock
|move|p1a: Raging Bolt|Draco Meteor|p2a: Gliscor
|-damage|p2a: Gliscor|0 fnt
|-unboost|p1a: Raging Bolt|spa|2
|faint|p2a: Gliscor
|
|-weather|SunnyDay|[upkeep]
|upkeep
|
|t:|1760846856
|switch|p2a: Toxapex|Toxapex, F|100/100
|turn|6
|
|t:|1760846873
|-end|p1a: Raging Bolt|Protosynthesis|[silent]
|switch|p1a: Lilligant|Lilligant-Hisui, F|100/100
|-damage|p1a: Lilligant|94/100|[from] Stealth Rock
|move|p2a: Toxapex|Toxic|p1a: Lilligant
|-status|p1a: Lilligant|tox
|
|-weather|SunnyDay|[upkeep]
|-damage|p1a: Lilligant|88/100 tox|[from] psn
|upkeep
|turn|7
|
|t:|1760846883
|move|p1a: Lilligant|Solar Blade||[still]
|-prepare|p1a: Lilligant|Solar Blade
|-anim|p1a: Lilligant|Solar Blade|p2a: Toxapex
|-damage|p2a: Toxapex|48/100
|move|p2a: Toxapex|Hex|p1a: Lilligant
|-damage|p1a: Lilligant|62/100 tox
|
|-weather|SunnyDay|[upkeep]
|-heal|p2a: Toxapex|54/100|[from] item: Black Sludge
|-damage|p1a: Lilligant|50/100 tox|[from] psn
|upkeep
|turn|8
|
|t:|1760846894
|switch|p1a: Raging Bolt|Raging Bolt, tera:Electric|53/100
|-damage|p1a: Raging Bolt|41/100|[from] Stealth Rock
|-activate|p1a: Raging Bolt|ability: Protosynthesis
|-start|p1a: Raging Bolt|protosynthesisspa
|move|p2a: Toxapex|Baneful Bunker||[still]
|-fail|p2a: Toxapex
|
|-weather|none
|-end|p1a: Raging Bolt|Protosynthesis
|-heal|p2a: Toxapex|60/100|[from] item: Black Sludge
|upkeep
|turn|9
|
|t:|1760846907
|switch|p2a: Metagross|Metagross|100/100
|move|p1a: Raging Bolt|Thunderclap||[still]
|-fail|p1a: Raging Bolt
|
|upkeep
|turn|10
|
|t:|1760846915
|-end|p1a: Raging Bolt|Protosynthesis|[silent]
|switch|p1a: Ninetales|Ninetales, M|100/100
|-damage|p1a: Ninetales|75/100|[from] Stealth Rock
|-weather|SunnyDay|[from] ability: Drought|[of] p1a: Ninetales
|move|p2a: Metagross|Earthquake|p1a: Ninetales
|-supereffective|p1a: Ninetales
|-damage|p1a: Ninetales|0 fnt
|faint|p1a: Ninetales
|
|-weather|SunnyDay|[upkeep]
|upkeep
|
|t:|1760846935
|switch|p1a: Raging Bolt|Raging Bolt, tera:Electric|41/100
|-damage|p1a: Raging Bolt|28/100|[from] Stealth Rock
|-activate|p1a: Raging Bolt|ability: Protosynthesis
|-start|p1a: Raging Bolt|protosynthesisspa
|turn|11
|
|t:|1760846949
|switch|p2a: Brambleghast|Brambleghast, F|100/100
|move|p1a: Raging Bolt|Weather Ball|p2a: Brambleghast
|-supereffective|p2a: Brambleghast
|-enditem|p2a: Brambleghast|Focus Sash
|-damage|p2a: Brambleghast|1/100
|
|-weather|SunnyDay|[upkeep]
|upkeep
|turn|12
|
|t:|1760846958
|move|p1a: Raging Bolt|Thunderclap||[still]
|-fail|p1a: Raging Bolt
|move|p2a: Brambleghast|Curse|p1a: Raging Bolt
|-start|p1a: Raging Bolt|Curse|[of] p2a: Brambleghast
|-damage|p2a: Brambleghast|0 fnt
|faint|p2a: Brambleghast
|
|-weather|SunnyDay|[upkeep]
|-damage|p1a: Raging Bolt|3/100|[from] Curse
|upkeep
|
|t:|1760846966
|switch|p2a: Kilowattrel|Kilowattrel, M|100/100
|turn|13
|
|t:|1760846972
|move|p1a: Raging Bolt|Thunderclap||[still]
|-fail|p1a: Raging Bolt
|move|p2a: Kilowattrel|Tailwind|p2a: Kilowattrel
|-sidestart|p2: satyajiitdey|move: Tailwind
|
|-weather|SunnyDay|[upkeep]
|-damage|p1a: Raging Bolt|0 fnt|[from] Curse
|faint|p1a: Raging Bolt
|-end|p1a: Raging Bolt|Protosynthesis|[silent]
|upkeep
|inactive|krabby.pabby has 120 seconds left.
|
|t:|1760847006
|switch|p1a: Victreebel|Victreebel, F|100/100
|-damage|p1a: Victreebel|88/100|[from] Stealth Rock
|turn|14
|
|t:|1760847010
|move|p2a: Kilowattrel|Air Slash|p1a: Victreebel
|-supereffective|p1a: Victreebel
|-damage|p1a: Victreebel|16/100
|move|p1a: Victreebel|Body Slam|p2a: Kilowattrel
|-damage|p2a: Kilowattrel|51/100
|
|-weather|SunnyDay|[upkeep]
|upkeep
|turn|15
|
|t:|1760847016
|move|p1a: Victreebel|Sucker Punch|p2a: Kilowattrel
|-damage|p2a: Kilowattrel|9/100
|move|p2a: Kilowattrel|Air Slash|p1a: Victreebel
|-supereffective|p1a: Victreebel
|-damage|p1a: Victreebel|0 fnt
|faint|p1a: Victreebel
|
|-weather|SunnyDay|[upkeep]
|upkeep
|
|t:|1760847024
|switch|p1a: Charizard|Charizard, F|100/100
|-damage|p1a: Charizard|51/100|[from] Stealth Rock
|turn|16
|
|t:|1760847030
|move|p2a: Kilowattrel|Discharge|p1a: Charizard
|-supereffective|p1a: Charizard
|-damage|p1a: Charizard|0 fnt
|faint|p1a: Charizard
|
|-weather|SunnyDay|[upkeep]
|-sideend|p2: satyajiitdey|move: Tailwind
|upkeep
|
|t:|1760847036
|switch|p1a: Lilligant|Lilligant-Hisui, F|50/100 tox
|-damage|p1a: Lilligant|44/100 tox|[from] Stealth Rock
|turn|17
|
|t:|1760847045
|move|p1a: Lilligant|Solar Blade||[still]
|-prepare|p1a: Lilligant|Solar Blade
|-anim|p1a: Lilligant|Solar Blade|p2a: Kilowattrel
|-resisted|p2a: Kilowattrel
|-damage|p2a: Kilowattrel|0 fnt
|faint|p2a: Kilowattrel
|
|-weather|none
|-damage|p1a: Lilligant|38/100 tox|[from] psn
|upkeep
|
|t:|1760847050
|switch|p2a: Metagross|Metagross|100/100
|turn|18
|
|t:|1760847062
|move|p2a: Metagross|Bullet Punch|p1a: Lilligant
|-damage|p1a: Lilligant|0 fnt
|faint|p1a: Lilligant
|
|win|satyajiitdey
|raw|krabby.pabby's rating: 1088 &rarr; <strong>1062</strong><br />(-26 for losing)
|raw|satyajiitdey's rating: 1053 &rarr; <strong>1088</strong><br />(+35 for winning)
|l|☆satyajiitdey
|player|p2|
|l|☆krabby.pabby
|player|p1|
