|j|☆sveinung12321
|j|☆ThatBrownBoy
|t:|1760792574
|gametype|singles
|player|p1|sveinung12321|102|1352
|player|p2|ThatBrownBoy|101|1402
|gen|9
|tier|[Gen 9] OU
|rated|
|rule|HP Percentage Mod: HP is shown in percentages
|rule|Endless Battle Clause: Forcing endless battles is banned
|rule|Species Clause: Limit one of each Pokémon
|rule|OHKO Clause: OHKO moves are banned
|rule|Evasion Items Clause: Evasion items are banned
|rule|Evasion Moves Clause: Evasion moves are banned
|rule|Evasion Abilities Clause: Evasion abilities are banned
|rule|Sleep Moves Clause: Sleep-inducing moves are banned
|clearpoke
|poke|p1|Zapdos|
|poke|p1|Dragapult, M|
|poke|p1|Tentacruel, M|
|poke|p1|Cinderace, F|
|poke|p1|Great Tusk|
|poke|p1|Iron Valiant|
|poke|p2|Ambipom, F|
|poke|p2|Grimmsnarl, M|
|poke|p2|Ursaluna, F|
|poke|p2|Dragonite, M|
|poke|p2|Zoroark-Hisui, M|
|poke|p2|Corviknight, F|
|teampreview
|inactive|Battle timer is ON: inactive players will automatically lose when time's up. (requested by ThatBrownBoy)
|inactive|sveinung12321 has 120 seconds left.
|inactive|ThatBrownBoy has 120 seconds left.
|inactive|sveinung12321 has 90 seconds left.
|
|t:|1760792658
|teamsize|p1|6
|teamsize|p2|6
|start
|switch|p1a: Cinderace|Cinderace, F|100/100
|switch|p2a: Ambipom|Ambipom, F, shiny|100/100
|turn|1
|
|t:|1760792663
|switch|p1a: Zapdos|Zapdos|100/100
|move|p2a: Ambipom|Fake Out|p1a: Zapdos
|-damage|p1a: Zapdos|62/100
|
|upkeep
|turn|2
|
|t:|1760792668
|switch|p2a: Ursaluna|Ursaluna, F, shiny|100/100
|move|p1a: Zapdos|Roost|p1a: Zapdos
|-heal|p1a: Zapdos|100/100
|-singleturn|p1a: Zapdos|move: Roost
|
|-status|p2a: Ursaluna|brn|[from] item: Flame Orb
|upkeep
|turn|3
|
|t:|1760792676
|switch|p1a: Dragapult|Dragapult, M|100/100
|move|p2a: Ursaluna|Facade|p1a: Dragapult
|-immune|p1a: Dragapult
|
|-damage|p2a: Ursaluna|94/100 brn|[from] brn
|upkeep
|turn|4
|
|t:|1760792680
|move|p1a: Dragapult|U-turn|p2a: Ursaluna
|-damage|p2a: Ursaluna|83/100 brn
|
|t:|1760792682
|switch|p1a: Great Tusk|Great Tusk|100/100|[from] U-turn
|move|p2a: Ursaluna|Headlong Rush|p1a: Great Tusk
|-crit|p1a: Great Tusk
|-damage|p1a: Great Tusk|20/100
|-unboost|p2a: Ursaluna|def|1
|-unboost|p2a: Ursaluna|spd|1
|-damage|p2a: Ursaluna|66/100 brn|[from] item: Rocky Helmet|[of] p1a: Great Tusk
|
|-damage|p2a: Ursaluna|60/100 brn|[from] brn
|upkeep
|turn|5
|
|t:|1760792685
|switch|p2a: Corviknight|Corviknight, F|100/100
|-ability|p2a: Corviknight|Pressure
|move|p1a: Great Tusk|Body Press|p2a: Corviknight
|-damage|p2a: Corviknight|75/100
|-damage|p1a: Great Tusk|4/100|[from] item: Rocky Helmet|[of] p2a: Corviknight
|
|upkeep
|turn|6
|
|t:|1760792688
|move|p1a: Great Tusk|Knock Off|p2a: Corviknight
|-damage|p2a: Corviknight|59/100
|-damage|p1a: Great Tusk|0 fnt|[from] item: Rocky Helmet|[of] p2a: Corviknight
|faint|p1a: Great Tusk
|-end|p1a: Great Tusk|Protosynthesis|[silent]
|move|p2a: Corviknight|U-turn|p1: Great Tusk|[notarget]
|-fail|p2a: Corviknight
|
|upkeep
|
|t:|1760792690
|switch|p1a: Cinderace|Cinderace, F|100/100
|turn|7
|
|t:|1760792698
|switch|p2a: Ursaluna|Ursaluna, F, shiny|60/100 brn
|move|p1a: Cinderace|Pyro Ball|p2a: Ursaluna
|-damage|p2a: Ursaluna|23/100 brn
|
|-damage|p2a: Ursaluna|16/100 brn|[from] brn
|upkeep
|turn|8
|
|t:|1760792702
|move|p1a: Cinderace|U-turn|p2a: Ursaluna
|-start|p1a: Cinderace|typechange|Bug|[from] ability: Libero
|-damage|p2a: Ursaluna|0 fnt
|faint|p2a: Ursaluna
|
|t:|1760792705
|switch|p1a: Dragapult|Dragapult, M|100/100|[from] U-turn
|
|upkeep
|
|t:|1760792708
|switch|p2a: Grimmsnarl|Grimmsnarl, M, shiny|100/100
|turn|9
|
|t:|1760792731
|switch|p1a: Zapdos|Zapdos|100/100
|move|p2a: Grimmsnarl|Parting Shot|p1a: Zapdos
|-unboost|p1a: Zapdos|atk|1
|-unboost|p1a: Zapdos|spa|1
|
|t:|1760792739
|switch|p2a: Dragonite|Dragonite, M, shiny|100/100|[from] Parting Shot
|
|upkeep
|turn|10
|
|t:|1760792742
|move|p1a: Zapdos|Volt Switch|p2a: Dragonite
|-damage|p2a: Dragonite|88/100
|
|t:|1760792745
|switch|p1a: Iron Valiant|Iron Valiant|100/100|[from] Volt Switch
|-enditem|p1a: Iron Valiant|Booster Energy
|-activate|p1a: Iron Valiant|ability: Quark Drive|[fromitem]
|-start|p1a: Iron Valiant|quarkdrivespe
|move|p2a: Dragonite|Ice Spinner|p1a: Iron Valiant
|-damage|p1a: Iron Valiant|62/100
|
|upkeep
|turn|11
|
|t:|1760792771
|switch|p2a: Corviknight|Corviknight, F|59/100
|-ability|p2a: Corviknight|Pressure
|move|p1a: Iron Valiant|Close Combat|p2a: Corviknight
|-damage|p2a: Corviknight|21/100
|-unboost|p1a: Iron Valiant|def|1
|-unboost|p1a: Iron Valiant|spd|1
|-damage|p1a: Iron Valiant|46/100|[from] item: Rocky Helmet|[of] p2a: Corviknight
|
|upkeep
|turn|12
|
|t:|1760792778
|move|p1a: Iron Valiant|Knock Off|p2a: Corviknight
|-damage|p2a: Corviknight|2/100
|-damage|p1a: Iron Valiant|29/100|[from] item: Rocky Helmet|[of] p2a: Corviknight
|-enditem|p2a: Corviknight|Rocky Helmet|[from] move: Knock Off|[of] p1a: Iron Valiant
|move|p2a: Corviknight|Roost|p2a: Corviknight
|-heal|p2a: Corviknight|52/100
|-singleturn|p2a: Corviknight|move: Roost
|
|upkeep
|turn|13
|
|t:|1760792782
|move|p1a: Iron Valiant|Encore|p2a: Corviknight
|-start|p2a: Corviknight|Encore
|move|p2a: Corviknight|Roost|p2a: Corviknight
|-heal|p2a: Corviknight|100/100
|-singleturn|p2a: Corviknight|move: Roost
|
|upkeep
|turn|14
|
|t:|1760792788
|switch|p2a: Dragonite|Dragonite, M, shiny|88/100
|move|p1a: Iron Valiant|Moonblast|p2a: Dragonite
|-supereffective|p2a: Dragonite
|-damage|p2a: Dragonite|6/100
|-unboost|p2a: Dragonite|spa|1
|
|upkeep
|turn|15
|
|t:|1760792794
|move|p2a: Dragonite|Extreme Speed|p1a: Iron Valiant
|-damage|p1a: Iron Valiant|0 fnt
|faint|p1a: Iron Valiant
|-end|p1a: Iron Valiant|Quark Drive|[silent]
|
|upkeep
|
|t:|1760792796
|switch|p1a: Dragapult|Dragapult, M|100/100
|turn|16
|
|t:|1760792800
|switch|p2a: Grimmsnarl|Grimmsnarl, M, shiny|100/100
|move|p1a: Dragapult|U-turn|p2a: Grimmsnarl
|-damage|p2a: Grimmsnarl|79/100
|
|t:|1760792803
|switch|p1a: Cinderace|Cinderace, F|100/100|[from] U-turn
|
|upkeep
|turn|17
|
|t:|1760792806
|move|p2a: Grimmsnarl|Parting Shot|p1a: Cinderace
|-unboost|p1a: Cinderace|atk|1
|-unboost|p1a: Cinderace|spa|1
|
|t:|1760792830
|switch|p2a: Corviknight|Corviknight, F|100/100|[from] Parting Shot
|-ability|p2a: Corviknight|Pressure
|move|p1a: Cinderace|Gunk Shot|p2a: Corviknight
|-start|p1a: Cinderace|typechange|Poison|[from] ability: Libero
|-immune|p2a: Corviknight
|
|upkeep
|turn|18
|inactive|sveinung12321 has 120 seconds left.
|
|t:|1760792865
|move|p1a: Cinderace|Will-O-Wisp|p2a: Corviknight
|-status|p2a: Corviknight|brn
|move|p2a: Corviknight|U-turn|p1a: Cinderace
|-resisted|p1a: Cinderace
|-damage|p1a: Cinderace|96/100
|
|t:|1760792877
|switch|p2a: Ambipom|Ambipom, F, shiny|100/100|[from] U-turn
|
|upkeep
|turn|19
|
|t:|1760792881
|switch|p1a: Zapdos|Zapdos|100/100
|move|p2a: Ambipom|Knock Off|p1a: Zapdos
|-damage|p1a: Zapdos|70/100
|-status|p2a: Ambipom|par|[from] ability: Static|[of] p1a: Zapdos
|-enditem|p1a: Zapdos|Heavy-Duty Boots|[from] move: Knock Off|[of] p2a: Ambipom
|
|upkeep
|turn|20
|
|t:|1760792889
|move|p1a: Zapdos|Heat Wave|p2a: Ambipom
|-damage|p2a: Ambipom|45/100 par
|move|p2a: Ambipom|U-turn|p1a: Zapdos
|-resisted|p1a: Zapdos
|-damage|p1a: Zapdos|57/100
|
|t:|1760792908
|switch|p2a: Grimmsnarl|Grimmsnarl, M, shiny|79/100|[from] U-turn
|
|upkeep
|turn|21
|
|t:|1760792933
|move|p2a: Grimmsnarl|Fake Out|p1a: Zapdos
|-damage|p1a: Zapdos|42/100
|cant|p1a: Zapdos|flinch
|
|upkeep
|turn|22
|
|t:|1760792940
|move|p2a: Grimmsnarl|Parting Shot|p1a: Zapdos
|-unboost|p1a: Zapdos|atk|1
|-unboost|p1a: Zapdos|spa|1
|
|t:|1760792945
|switch|p2a: Corviknight|Corviknight, F|100/100 brn|[from] Parting Shot
|-ability|p2a: Corviknight|Pressure
|move|p1a: Zapdos|Roost|p1a: Zapdos
|-heal|p1a: Zapdos|92/100
|-singleturn|p1a: Zapdos|move: Roost
|
|-damage|p2a: Corviknight|94/100 brn|[from] brn
|upkeep
|turn|23
|
|t:|1760792950
|move|p1a: Zapdos|Volt Switch|p2a: Corviknight
|-supereffective|p2a: Corviknight
|-damage|p2a: Corviknight|49/100 brn
|
|t:|1760792951
|switch|p1a: Tentacruel|Tentacruel, M|100/100|[from] Volt Switch
|move|p2a: Corviknight|U-turn|p1a: Tentacruel
|-resisted|p1a: Tentacruel
|-damage|p1a: Tentacruel|96/100
|
|t:|1760792962
|switch|p2a: Ambipom|Ambipom, F, shiny|45/100 par|[from] U-turn
|
|upkeep
|turn|24
|
|t:|1760792982
|move|p2a: Ambipom|Fake Out|p1a: Tentacruel
|-damage|p1a: Tentacruel|54/100
|cant|p1a: Tentacruel|flinch
|
|upkeep
|turn|25
|
|t:|1760792988
|move|p1a: Tentacruel|Rapid Spin|p2a: Ambipom
|-damage|p2a: Ambipom|28/100 par
|-boost|p1a: Tentacruel|spe|1
|move|p2a: Ambipom|U-turn|p1a: Tentacruel
|-resisted|p1a: Tentacruel
|-damage|p1a: Tentacruel|40/100
|
|t:|1760793005
|switch|p2a: Grimmsnarl|Grimmsnarl, M, shiny|79/100|[from] U-turn
|
|upkeep
|turn|26
|
|t:|1760793009
|move|p2a: Grimmsnarl|Fake Out|p1a: Tentacruel
|-damage|p1a: Tentacruel|21/100
|cant|p1a: Tentacruel|flinch
|
|upkeep
|turn|27
|
|t:|1760793014
|move|p2a: Grimmsnarl|Parting Shot|p1a: Tentacruel
|-unboost|p1a: Tentacruel|atk|1
|-unboost|p1a: Tentacruel|spa|1
|
|t:|1760793017
|switch|p2a: Corviknight|Corviknight, F|49/100 brn|[from] Parting Shot
|-ability|p2a: Corviknight|Pressure
|move|p1a: Tentacruel|Knock Off|p2a: Corviknight
|-damage|p2a: Corviknight|44/100 brn
|
|-damage|p2a: Corviknight|38/100 brn|[from] brn
|upkeep
|turn|28
|
|t:|1760793022
|move|p1a: Tentacruel|Flip Turn|p2a: Corviknight
|-damage|p2a: Corviknight|32/100 brn
|
|t:|1760793026
|switch|p1a: Cinderace|Cinderace, F|96/100|[from] Flip Turn
|move|p2a: Corviknight|U-turn|p1a: Cinderace
|-resisted|p1a: Cinderace
|-damage|p1a: Cinderace|90/100
|
|t:|1760793038
|switch|p2a: Ambipom|Ambipom, F, shiny|28/100 par|[from] U-turn
|
|upkeep
|turn|29
|
|t:|1760793042
|switch|p1a: Tentacruel|Tentacruel, M|21/100
|move|p2a: Ambipom|Fake Out|p1a: Tentacruel
|-damage|p1a: Tentacruel|0 fnt
|faint|p1a: Tentacruel
|
|upkeep
|
|t:|1760793044
|switch|p1a: Dragapult|Dragapult, M|100/100
|turn|30
|
|t:|1760793050
|move|p1a: Dragapult|Draco Meteor|p2a: Ambipom
|-damage|p2a: Ambipom|0 fnt
|-unboost|p1a: Dragapult|spa|2
|faint|p2a: Ambipom
|
|upkeep
|
|t:|1760793057
|switch|p2a: Grimmsnarl|Grimmsnarl, M, shiny|79/100
|turn|31
|
|t:|1760793059
|switch|p1a: Zapdos|Zapdos|92/100
|move|p2a: Grimmsnarl|Thunder Wave|p1a: Zapdos
|-immune|p1a: Zapdos
|
|upkeep
|turn|32
|
|t:|1760793062
|move|p2a: Grimmsnarl|Parting Shot|p1a: Zapdos
|-unboost|p1a: Zapdos|atk|1
|-unboost|p1a: Zapdos|spa|1
|
|t:|1760793066
|switch|p2a: Corviknight|Corviknight, F|32/100 brn|[from] Parting Shot
|-ability|p2a: Corviknight|Pressure
|move|p1a: Zapdos|Hurricane|p2a: Corviknight
|-resisted|p2a: Corviknight
|-damage|p2a: Corviknight|12/100 brn
|-start|p2a: Corviknight|confusion
|
|-damage|p2a: Corviknight|6/100 brn|[from] brn
|upkeep
|turn|33
|
|t:|1760793070
|move|p1a: Zapdos|Volt Switch|p2a: Corviknight
|-supereffective|p2a: Corviknight
|-damage|p2a: Corviknight|0 fnt
|faint|p2a: Corviknight
|
|t:|1760793077
|switch|p1a: Cinderace|Cinderace, F|90/100|[from] Volt Switch
|
|upkeep
|
|t:|1760793092
|switch|p2a: Grimmsnarl|Grimmsnarl, M, shiny|100/100
|turn|34
|
|t:|1760793096
|move|p1a: Cinderace|Will-O-Wisp|p2a: Grimmsnarl
|-status|p2a: Grimmsnarl|brn
|move|p2a: Grimmsnarl|Nasty Plot|p2a: Grimmsnarl
|-boost|p2a: Grimmsnarl|spa|2
|
|-damage|p2a: Grimmsnarl|95/100 brn|[from] brn
|upkeep
|turn|35
|
|t:|1760793109
|move|p1a: Cinderace|Pyro Ball|p2a: Grimmsnarl
|-damage|p2a: Grimmsnarl|0 fnt
|replace|p2a: Zoroark|Zoroark-Hisui, M, shiny
|-end|p2a: Zoroark|Illusion
|faint|p2a: Zoroark
|
|upkeep
|-message|ThatBrownBoy forfeited.
|
|win|sveinung12321
|raw|sveinung12321's rating: 1352 &rarr; <strong>1375</strong><br />(+23 for winning)
|raw|ThatBrownBoy's rating: 1402 &rarr; <strong>1379</strong><br />(-23 for losing)
|l|☆ThatBrownBoy
|player|p2|
|l|☆sveinung12321
|player|p1|
