|j|☆SleepyEevie
|j|‽Testubasinger
|t:|1760794566
|gametype|singles
|player|p1|SleepyEevie|lady|1330
|player|p2|Testubasinger|169|1397
|gen|9
|tier|[Gen 9] OU
|rated|
|rule|HP Percentage Mod: HP is shown in percentages
|rule|Endless Battle Clause: Forcing endless battles is banned
|rule|Species Clause: Limit one of each Pokémon
|rule|OHKO Clause: OHKO moves are banned
|rule|Evasion Items Clause: Evasion items are banned
|rule|Evasion Moves Clause: Evasion moves are banned
|rule|Evasion Abilities Clause: Evasion abilities are banned
|rule|Sleep Moves Clause: Sleep-inducing moves are banned
|clearpoke
|poke|p1|Lycanroc-Dusk, F|
|poke|p1|Great Tusk|
|poke|p1|Iron Crown|
|poke|p1|Moltres|
|poke|p1|Ogerpon-Wellspring, F|
|poke|p1|Raging Bolt|
|poke|p2|Kingambit, M|
|poke|p2|Corviknight, F|
|poke|p2|Araquanid, F|
|poke|p2|Polteageist|
|poke|p2|Iron Moth|
|poke|p2|Great Tusk|
|teampreview
|inactive|Battle timer is ON: inactive players will automatically lose when time's up. (requested by SleepyEevie)
|
|t:|1760794574
|teamsize|p1|6
|teamsize|p2|6
|start
|switch|p1a: Lycanroc|Lycanroc-Dusk, F, shiny|100/100
|switch|p2a: Araquanid|Araquanid, F|100/100
|turn|1
|
|t:|1760794579
|move|p1a: Lycanroc|Stone Edge|p2a: Araquanid
|-supereffective|p2a: Araquanid
|-damage|p2a: Araquanid|0 fnt
|faint|p2a: Araquanid
|
|upkeep
|
|t:|1760794585
|switch|p2a: Corviknight|Corviknight, F|100/100
|-ability|p2a: Corviknight|Pressure
|turn|2
|
|t:|1760794596
|switch|p1a: Moltres|Moltres|100/100
|move|p2a: Corviknight|Body Press|p1a: Moltres
|-resisted|p1a: Moltres
|-damage|p1a: Moltres|85/100
|
|upkeep
|turn|3
|
|t:|1760794602
|switch|p2a: Iron Moth|Iron Moth|100/100
|-enditem|p2a: Iron Moth|Booster Energy
|-activate|p2a: Iron Moth|ability: Quark Drive|[fromitem]
|-start|p2a: Iron Moth|quarkdrivespa
|move|p1a: Moltres|Scorching Sands|p2a: Iron Moth
|-supereffective|p2a: Iron Moth
|-damage|p2a: Iron Moth|0 fnt
|faint|p2a: Iron Moth
|-end|p2a: Iron Moth|Quark Drive|[silent]
|
|upkeep
|
|t:|1760794609
|switch|p2a: Polteageist|Polteageist|100/100
|turn|4
|
|t:|1760794613
|move|p1a: Moltres|Air Slash|p2a: Polteageist
|-damage|p2a: Polteageist|63/100
|move|p2a: Polteageist|Shell Smash|p2a: Polteageist
|-unboost|p2a: Polteageist|def|1
|-unboost|p2a: Polteageist|spd|1
|-boost|p2a: Polteageist|atk|2
|-boost|p2a: Polteageist|spa|2
|-boost|p2a: Polteageist|spe|2
|-enditem|p2a: Polteageist|White Herb
|-clearnegativeboost|p2a: Polteageist|[silent]
|
|upkeep
|turn|5
|
|t:|1760794621
|move|p2a: Polteageist|Stored Power|p1a: Moltres
|-damage|p1a: Moltres|0 fnt
|faint|p1a: Moltres
|
|upkeep
|
|t:|1760794625
|switch|p1a: Lycanroc|Lycanroc-Dusk, F, shiny|100/100
|turn|6
|
|t:|1760794629
|move|p2a: Polteageist|Strength Sap|p1a: Lycanroc
|-unboost|p1a: Lycanroc|atk|1
|-heal|p2a: Polteageist|100/100
|move|p1a: Lycanroc|Stone Edge|p2a: Polteageist
|-damage|p2a: Polteageist|63/100
|
|upkeep
|turn|7
|
|t:|1760794637
|switch|p1a: Iron Crown|Iron Crown|100/100
|-enditem|p1a: Iron Crown|Booster Energy
|-activate|p1a: Iron Crown|ability: Quark Drive|[fromitem]
|-start|p1a: Iron Crown|quarkdrivespe
|move|p2a: Polteageist|Strength Sap|p1a: Iron Crown
|-unboost|p1a: Iron Crown|atk|1
|-heal|p2a: Polteageist|100/100
|
|upkeep
|turn|8
|
|t:|1760794661
|-terastallize|p1a: Iron Crown|Water
|move|p1a: Iron Crown|Tachyon Cutter|p2a: Polteageist
|-damage|p2a: Polteageist|77/100
|-damage|p2a: Polteageist|54/100
|-hitcount|p2a: Polteageist|2
|move|p2a: Polteageist|Shell Smash|p2a: Polteageist
|-unboost|p2a: Polteageist|def|1
|-unboost|p2a: Polteageist|spd|1
|-boost|p2a: Polteageist|atk|2
|-boost|p2a: Polteageist|spa|2
|-boost|p2a: Polteageist|spe|2
|
|upkeep
|turn|9
|
|t:|1760794678
|-end|p1a: Iron Crown|Quark Drive|[silent]
|switch|p1a: Great Tusk|Great Tusk, shiny|100/100
|move|p2a: Polteageist|Stored Power|p1a: Great Tusk
|-supereffective|p1a: Great Tusk
|-damage|p1a: Great Tusk|0 fnt
|faint|p1a: Great Tusk
|-end|p1a: Great Tusk|Protosynthesis|[silent]
|
|upkeep
|
|t:|1760794681
|switch|p1a: Lycanroc|Lycanroc-Dusk, F, shiny|100/100
|turn|10
|
|t:|1760794685
|move|p1a: Lycanroc|Accelerock|p2a: Polteageist
|-damage|p2a: Polteageist|7/100
|move|p2a: Polteageist|Strength Sap|p1a: Lycanroc
|-unboost|p1a: Lycanroc|atk|1
|-heal|p2a: Polteageist|100/100
|
|upkeep
|turn|11
|
|t:|1760794694
|move|p2a: Polteageist|Stored Power|p1a: Lycanroc
|-enditem|p1a: Lycanroc|Focus Sash
|-damage|p1a: Lycanroc|1/100
|move|p1a: Lycanroc|Stone Edge|p2a: Polteageist|[miss]
|-miss|p1a: Lycanroc|p2a: Polteageist
|
|upkeep
|turn|12
|
|t:|1760794704
|move|p1a: Lycanroc|Accelerock|p2a: Polteageist
|-damage|p2a: Polteageist|73/100
|-start|p1a: Lycanroc|Disable|Accelerock|[from] ability: Cursed Body|[of] p2a: Polteageist
|move|p2a: Polteageist|Stored Power|p1a: Lycanroc
|-damage|p1a: Lycanroc|0 fnt
|faint|p1a: Lycanroc
|
|upkeep
|
|t:|1760794711
|switch|p1a: Raging Bolt|Raging Bolt|100/100
|turn|13
|
|t:|1760794715
|move|p1a: Raging Bolt|Thunderclap|p2a: Polteageist
|-damage|p2a: Polteageist|13/100
|move|p2a: Polteageist|Stored Power|p1a: Raging Bolt
|-damage|p1a: Raging Bolt|0 fnt
|faint|p1a: Raging Bolt
|-end|p1a: Raging Bolt|Protosynthesis|[silent]
|
|upkeep
|
|t:|1760794722
|switch|p1a: Iron Crown|Iron Crown, tera:Water|100/100
|turn|14
|
|t:|1760794725
|move|p2a: Polteageist|Stored Power|p1a: Iron Crown
|-damage|p1a: Iron Crown|0 fnt
|faint|p1a: Iron Crown
|-end|p1a: Iron Crown|Quark Drive|[silent]
|
|upkeep
|-message|SleepyEevie forfeited.
|
|win|Testubasinger
|raw|SleepyEevie's rating: 1330 &rarr; <strong>1314</strong><br />(-16 for losing)
|raw|Testubasinger's rating: 1397 &rarr; <strong>1413</strong><br />(+16 for winning)
|l|☆SleepyEevie
|player|p1|
|l|‽Testubasinger
|player|p2|
|j|‽Testubasinger
|player|p2|Testubasinger|169|
|n|‽Testubasinger|testubasinger
|l|‽Testubasinger
|player|p2|
|j|‽Testubasinger
|player|p2|Testubasinger|169|
|n|‽Testubasinger|testubasinger
