|j|☆constartus
|j|☆pol3mik
|t:|1760879680
|gametype|singles
|player|p1|constartus|az|1229
|player|p2|pol3mik|101|1186
|gen|9
|tier|[Gen 9] OU
|rated|
|rule|HP Percentage Mod: HP is shown in percentages
|rule|Endless Battle Clause: Forcing endless battles is banned
|rule|Species Clause: Limit one of each Pokémon
|rule|OHKO Clause: OHKO moves are banned
|rule|Evasion Items Clause: Evasion items are banned
|rule|Evasion Moves Clause: Evasion moves are banned
|rule|Evasion Abilities Clause: Evasion abilities are banned
|rule|Sleep Moves Clause: Sleep-inducing moves are banned
|clearpoke
|poke|p1|Ribombee, F|
|poke|p1|Empoleon, M|
|poke|p1|Ogerpon, F|
|poke|p1|Kingambit, M|
|poke|p1|Gothitelle, F|
|poke|p1|Smeargle, M|
|poke|p2|Zamazenta-*|
|poke|p2|Serperior, M|
|poke|p2|Thundurus-Therian, M|
|poke|p2|Araquanid, F|
|poke|p2|Iron Moth|
|poke|p2|Glimmora, F|
|teampreview
|inactive|Battle timer is ON: inactive players will automatically lose when time's up. (requested by constartus)
|
|t:|1760879696
|teamsize|p1|6
|teamsize|p2|6
|start
|switch|p1a: Ribombee|Ribombee, F, shiny|100/100
|switch|p2a: Araquanid|Araquanid, F|100/100
|turn|1
|
|t:|1760879705
|move|p1a: Ribombee|Stun Spore|p2a: Araquanid
|-status|p2a: Araquanid|par
|move|p2a: Araquanid|Sticky Web|p1a: Ribombee
|-sidestart|p1: constartus|move: Sticky Web
|
|upkeep
|turn|2
|
|t:|1760879718
|move|p1a: Ribombee|Pollen Puff|p2a: Araquanid
|-damage|p2a: Araquanid|78/100 par
|cant|p2a: Araquanid|par
|
|upkeep
|turn|3
|
|t:|1760879724
|move|p1a: Ribombee|Sticky Web|p2a: Araquanid
|-sidestart|p2: pol3mik|move: Sticky Web
|move|p2a: Araquanid|Hydro Pump|p1a: Ribombee
|-damage|p1a: Ribombee|39/100
|
|upkeep
|turn|4
|
|t:|1760879729
|move|p1a: Ribombee|Switcheroo|p2a: Araquanid
|-activate|p1a: Ribombee|move: Trick|[of] p2a: Araquanid
|-item|p2a: Araquanid|Focus Sash|[from] move: Switcheroo
|-item|p1a: Ribombee|Custap Berry|[from] move: Switcheroo
|move|p2a: Araquanid|Hydro Pump|p1a: Ribombee|[miss]
|-miss|p2a: Araquanid|p1a: Ribombee
|
|upkeep
|turn|5
|
|t:|1760879736
|move|p1a: Ribombee|Pollen Puff|p2a: Araquanid
|-damage|p2a: Araquanid|56/100 par
|move|p2a: Araquanid|Hydro Pump|p1a: Ribombee
|-damage|p1a: Ribombee|0 fnt
|faint|p1a: Ribombee
|
|upkeep
|
|t:|1760879750
|switch|p1a: Gothitelle|Gothitelle, F|100/100
|-activate|p1a: Gothitelle|move: Sticky Web
|-unboost|p1a: Gothitelle|spe|1
|-ability|p1a: Gothitelle|Competitive|boost
|-boost|p1a: Gothitelle|spa|2
|turn|6
|
|t:|1760879772
|switch|p2a: Glimmora|Glimmora, F|100/100
|-activate|p2a: Glimmora|move: Sticky Web
|-unboost|p2a: Glimmora|spe|1
|move|p1a: Gothitelle|Trick Room|p1a: Gothitelle
|-fieldstart|move: Trick Room|[of] p1a: Gothitelle
|
|upkeep
|turn|7
|
|t:|1760879777
|move|p1a: Gothitelle|Psychic|p2a: Glimmora
|-supereffective|p2a: Glimmora
|-enditem|p2a: Glimmora|Focus Sash
|-damage|p2a: Glimmora|1/100
|move|p2a: Glimmora|Mortal Spin|p1a: Gothitelle
|-damage|p1a: Gothitelle|94/100
|-status|p1a: Gothitelle|psn
|-sideend|p2: pol3mik|Sticky Web|[from] move: Mortal Spin|[of] p2a: Glimmora
|
|-damage|p1a: Gothitelle|82/100 psn|[from] psn
|upkeep
|turn|8
|
|t:|1760879798
|move|p1a: Gothitelle|Psychic|p2a: Glimmora
|-supereffective|p2a: Glimmora
|-damage|p2a: Glimmora|0 fnt
|faint|p2a: Glimmora
|
|-damage|p1a: Gothitelle|69/100 psn|[from] psn
|upkeep
|
|t:|1760879804
|switch|p2a: Araquanid|Araquanid, F|56/100 par
|turn|9
|
|t:|1760879808
|move|p2a: Araquanid|Hydro Pump|p1a: Gothitelle
|-damage|p1a: Gothitelle|31/100 psn
|-enditem|p1a: Gothitelle|Sitrus Berry|[eat]
|-heal|p1a: Gothitelle|56/100 psn|[from] item: Sitrus Berry
|move|p1a: Gothitelle|Thunderbolt|p2a: Araquanid
|-supereffective|p2a: Araquanid
|-damage|p2a: Araquanid|0 fnt
|faint|p2a: Araquanid
|
|-damage|p1a: Gothitelle|43/100 psn|[from] psn
|upkeep
|
|t:|1760879819
|switch|p2a: Thundurus|Thundurus-Therian, M|100/100
|turn|10
|
|t:|1760879828
|move|p1a: Gothitelle|Psychic|p2a: Thundurus
|-damage|p2a: Thundurus|0 fnt
|faint|p2a: Thundurus
|
|-damage|p1a: Gothitelle|31/100 psn|[from] psn
|-fieldend|move: Trick Room
|upkeep
|
|t:|1760879833
|switch|p2a: Serperior|Serperior, M|100/100
|turn|11
|
|t:|1760879836
|move|p2a: Serperior|Leaf Storm|p1a: Gothitelle
|-damage|p1a: Gothitelle|0 fnt
|-boost|p2a: Serperior|spa|2
|faint|p1a: Gothitelle
|
|upkeep
|
|t:|1760879853
|switch|p1a: TC Nick 4|Empoleon, M|100/100
|-activate|p1a: TC Nick 4|move: Sticky Web
|-unboost|p1a: TC Nick 4|spe|1
|-ability|p1a: TC Nick 4|Competitive|boost
|-boost|p1a: TC Nick 4|spa|2
|turn|12
|
|t:|1760879861
|-terastallize|p1a: TC Nick 4|Flying
|move|p2a: Serperior|Leaf Storm|p1a: TC Nick 4|[miss]
|-miss|p2a: Serperior|p1a: TC Nick 4
|move|p1a: TC Nick 4|Ice Beam|p2a: Serperior
|-supereffective|p2a: Serperior
|-damage|p2a: Serperior|0 fnt
|faint|p2a: Serperior
|-damage|p1a: TC Nick 4|91/100|[from] item: Life Orb
|
|upkeep
|-message|pol3mik forfeited.
|
|win|constartus
|raw|constartus's rating: 1229 &rarr; <strong>1251</strong><br />(+22 for winning)
|raw|pol3mik's rating: 1186 &rarr; <strong>1164</strong><br />(-22 for losing)
|l|☆pol3mik
|player|p2|
|l|☆constartus
|player|p1|
