|j|☆The Poo Wrangler
|j|☆BentoOfficial
|t:|1760849102
|gametype|singles
|player|p1|The Poo Wrangler|266|1136
|player|p2|BentoOfficial|lance|1106
|gen|9
|tier|[Gen 9] OU
|rated|
|rule|HP Percentage Mod: HP is shown in percentages
|rule|Endless Battle Clause: Forcing endless battles is banned
|rule|Species Clause: Limit one of each Pokémon
|rule|OHKO Clause: OHKO moves are banned
|rule|Evasion Items Clause: Evasion items are banned
|rule|Evasion Moves Clause: Evasion moves are banned
|rule|Evasion Abilities Clause: Evasion abilities are banned
|rule|Sleep Moves Clause: Sleep-inducing moves are banned
|clearpoke
|poke|p1|Indeedee, M|
|poke|p1|Quaquaval, F|
|poke|p1|Polteageist|
|poke|p1|Cloyster, F|
|poke|p1|Hawlucha, F|
|poke|p1|Hatterene, F|
|poke|p2|Greninja-*, M|
|poke|p2|Corviknight, M|
|poke|p2|Espeon, F|
|poke|p2|Rotom-Wash|
|poke|p2|Garchomp, M|
|poke|p2|Kingambit, M|
|teampreview
|inactive|Battle timer is ON: inactive players will automatically lose when time's up. (requested by The Poo Wrangler)
|
|t:|1760849110
|teamsize|p1|6
|teamsize|p2|6
|start
|switch|p1a: Indeedee|Indeedee, M|100/100
|switch|p2a: Shadow|Greninja, M, shiny|100/100
|-fieldstart|move: Psychic Terrain|[from] ability: Psychic Surge|[of] p1a: Indeedee
|turn|1
|
|t:|1760849122
|switch|p1a: An OwO moment|Hatterene, F|100/100
|move|p2a: Shadow|Dark Pulse|p1a: An OwO moment
|-start|p2a: Shadow|typechange|Dark|[from] ability: Protean
|-damage|p1a: An OwO moment|62/100
|
|-heal|p1a: An OwO moment|68/100|[from] item: Leftovers
|upkeep
|turn|2
|c|☆The Poo Wrangler|Good luck! :)
|
|t:|1760849132
|move|p2a: Shadow|U-turn|p1a: An OwO moment
|-damage|p1a: An OwO moment|57/100
|
|t:|1760849145
|switch|p2a: Knight|Corviknight, M|100/100|[from] U-turn
|-ability|p2a: Knight|Pressure
|move|p1a: An OwO moment|Draining Kiss|p2a: Knight
|-resisted|p2a: Knight
|-damage|p2a: Knight|92/100
|-heal|p1a: An OwO moment|65/100|[from] drain|[of] p2a: Knight
|
|-heal|p2a: Knight|99/100|[from] item: Leftovers
|-heal|p1a: An OwO moment|71/100|[from] item: Leftovers
|upkeep
|turn|3
|
|t:|1760849166
|switch|p1a: Hawlucha|Hawlucha, F|100/100
|move|p2a: Knight|Iron Defense|p2a: Knight
|-boost|p2a: Knight|def|2
|
|-heal|p2a: Knight|100/100|[from] item: Leftovers
|upkeep
|turn|4
|
|t:|1760849171
|move|p1a: Hawlucha|Bulk Up|p1a: Hawlucha
|-boost|p1a: Hawlucha|atk|1
|-boost|p1a: Hawlucha|def|1
|move|p2a: Knight|Iron Defense|p2a: Knight
|-boost|p2a: Knight|def|2
|
|upkeep
|turn|5
|
|t:|1760849188
|move|p1a: Hawlucha|Bulk Up|p1a: Hawlucha
|-boost|p1a: Hawlucha|atk|1
|-boost|p1a: Hawlucha|def|1
|move|p2a: Knight|Iron Defense|p2a: Knight
|-boost|p2a: Knight|def|2
|
|upkeep
|turn|6
|
|t:|1760849191
|move|p1a: Hawlucha|Bulk Up|p1a: Hawlucha
|-boost|p1a: Hawlucha|atk|1
|-boost|p1a: Hawlucha|def|1
|move|p2a: Knight|Body Press|p1a: Hawlucha
|-resisted|p1a: Hawlucha
|-damage|p1a: Hawlucha|79/100
|
|upkeep
|turn|7
|
|t:|1760849216
|move|p1a: Hawlucha|Bulk Up|p1a: Hawlucha
|-boost|p1a: Hawlucha|atk|1
|-boost|p1a: Hawlucha|def|1
|move|p2a: Knight|Iron Head|p1a: Hawlucha
|-crit|p1a: Hawlucha
|-damage|p1a: Hawlucha|25/100
|
|upkeep
|turn|8
|
|t:|1760849226
|move|p1a: Hawlucha|Drain Punch|p2a: Knight
|-damage|p2a: Knight|78/100
|-heal|p1a: Hawlucha|40/100|[from] drain|[of] p2a: Knight
|move|p2a: Knight|Iron Head|p1a: Hawlucha
|-damage|p1a: Hawlucha|28/100
|
|-heal|p2a: Knight|84/100|[from] item: Leftovers
|-fieldend|move: Psychic Terrain
|upkeep
|turn|9
|
|t:|1760849237
|move|p1a: Hawlucha|Drain Punch|p2a: Knight
|-damage|p2a: Knight|63/100
|-heal|p1a: Hawlucha|41/100|[from] drain|[of] p2a: Knight
|move|p2a: Knight|Iron Head|p1a: Hawlucha
|-damage|p1a: Hawlucha|29/100
|
|-heal|p2a: Knight|70/100|[from] item: Leftovers
|upkeep
|turn|10
|
|t:|1760849252
|move|p1a: Hawlucha|Drain Punch|p2a: Knight
|-damage|p2a: Knight|49/100
|-heal|p1a: Hawlucha|42/100|[from] drain|[of] p2a: Knight
|move|p2a: Knight|Iron Head|p1a: Hawlucha
|-damage|p1a: Hawlucha|30/100
|
|-heal|p2a: Knight|56/100|[from] item: Leftovers
|upkeep
|turn|11
|
|t:|1760849272
|move|p1a: Hawlucha|Drain Punch|p2a: Knight
|-damage|p2a: Knight|33/100
|-heal|p1a: Hawlucha|44/100|[from] drain|[of] p2a: Knight
|move|p2a: Knight|Roost|p2a: Knight
|-heal|p2a: Knight|83/100
|-singleturn|p2a: Knight|move: Roost
|
|-heal|p2a: Knight|89/100|[from] item: Leftovers
|upkeep
|turn|12
|
|t:|1760849282
|switch|p1a: Indeedee|Indeedee, M|100/100
|-fieldstart|move: Psychic Terrain|[from] ability: Psychic Surge|[of] p1a: Indeedee
|-terastallize|p2a: Knight|Dragon
|move|p2a: Knight|Iron Head|p1a: Indeedee
|-damage|p1a: Indeedee|56/100
|
|-heal|p2a: Knight|96/100|[from] item: Leftovers
|upkeep
|turn|13
|inactive|BentoOfficial has 120 seconds left.
|
|t:|1760849319
|switch|p2a: Power|Rotom-Wash|100/100
|move|p1a: Indeedee|Dazzling Gleam|p2a: Power
|-damage|p2a: Power|74/100
|
|upkeep
|turn|14
|
|t:|1760849327
|switch|p1a: An OwO moment|Hatterene, F|71/100
|move|p2a: Power|Thunder Wave|p1a: An OwO moment
|move|p1a: An OwO moment|Thunder Wave|p2a: Power|[from] ability: Magic Bounce
|-immune|p2a: Power
|
|-heal|p1a: An OwO moment|77/100|[from] item: Leftovers
|upkeep
|turn|15
|
|t:|1760849337
|move|p2a: Power|Shadow Ball|p1a: An OwO moment
|-supereffective|p1a: An OwO moment
|-damage|p1a: An OwO moment|27/100
|move|p1a: An OwO moment|Calm Mind|p1a: An OwO moment
|-boost|p1a: An OwO moment|spa|1
|-boost|p1a: An OwO moment|spd|1
|
|-heal|p1a: An OwO moment|33/100|[from] item: Leftovers
|upkeep
|turn|16
|inactive|BentoOfficial has 120 seconds left.
|
|t:|1760849380
|move|p2a: Power|Shadow Ball|p1a: An OwO moment
|-supereffective|p1a: An OwO moment
|-damage|p1a: An OwO moment|0 fnt
|faint|p1a: An OwO moment
|
|upkeep
|
|t:|1760849387
|switch|p1a: A Pot-Head|Polteageist|100/100
|turn|17
|
|t:|1760849389
|-terastallize|p1a: A Pot-Head|Normal
|move|p2a: Power|Shadow Ball|p1a: A Pot-Head
|-immune|p1a: A Pot-Head
|move|p1a: A Pot-Head|Shell Smash|p1a: A Pot-Head
|-unboost|p1a: A Pot-Head|def|1
|-unboost|p1a: A Pot-Head|spd|1
|-boost|p1a: A Pot-Head|atk|2
|-boost|p1a: A Pot-Head|spa|2
|-boost|p1a: A Pot-Head|spe|2
|
|upkeep
|turn|18
|
|t:|1760849396
|move|p1a: A Pot-Head|Stored Power|p2a: Power
|-damage|p2a: Power|0 fnt
|faint|p2a: Power
|
|upkeep
|inactive|BentoOfficial has 120 seconds left.
|
|t:|1760849401
|switch|p2a: Knight|Corviknight, M, tera:Dragon|96/100
|-ability|p2a: Knight|Pressure
|turn|19
|
|t:|1760849408
|move|p1a: A Pot-Head|Shell Smash|p1a: A Pot-Head
|-unboost|p1a: A Pot-Head|def|1
|-unboost|p1a: A Pot-Head|spd|1
|-boost|p1a: A Pot-Head|atk|2
|-boost|p1a: A Pot-Head|spa|2
|-boost|p1a: A Pot-Head|spe|2
|move|p2a: Knight|Body Press|p1a: A Pot-Head
|-supereffective|p1a: A Pot-Head
|-crit|p1a: A Pot-Head
|-enditem|p1a: A Pot-Head|Focus Sash
|-damage|p1a: A Pot-Head|1/100
|-ability|p1a: A Pot-Head|Weak Armor|boost
|-unboost|p1a: A Pot-Head|def|1
|-boost|p1a: A Pot-Head|spe|2
|
|-heal|p2a: Knight|100/100|[from] item: Leftovers
|-fieldend|move: Psychic Terrain
|upkeep
|turn|20
|
|t:|1760849414
|move|p1a: A Pot-Head|Stored Power|p2a: Knight
|-damage|p2a: Knight|0 fnt
|faint|p2a: Knight
|
|upkeep
|
|t:|1760849417
|switch|p2a: Shadow|Greninja, M, shiny|100/100
|turn|21
|
|t:|1760849425
|move|p1a: A Pot-Head|Shadow Ball|p2a: Shadow
|-resisted|p2a: Shadow
|-damage|p2a: Shadow|0 fnt
|faint|p2a: Shadow
|
|upkeep
|
|t:|1760849428
|switch|p2a: King|Kingambit, M|100/100
|-activate|p2a: King|ability: Supreme Overlord
|-start|p2a: King|fallen3|[silent]
|-item|p2a: King|Air Balloon
|turn|22
|
|t:|1760849439
|move|p2a: King|Sucker Punch||[still]
|-fail|p2a: King
|move|p1a: A Pot-Head|Strength Sap|p2a: King
|-unboost|p2a: King|atk|1
|-heal|p1a: A Pot-Head|100/100
|
|upkeep
|turn|23
|
|t:|1760849446
|move|p2a: King|Sucker Punch||[still]
|-fail|p2a: King
|move|p1a: A Pot-Head|Shell Smash|p1a: A Pot-Head
|-unboost|p1a: A Pot-Head|def|1
|-unboost|p1a: A Pot-Head|spd|1
|-boost|p1a: A Pot-Head|atk|2
|-boost|p1a: A Pot-Head|spa|2
|-boost|p1a: A Pot-Head|spe|0
|
|upkeep
|turn|24
|
|t:|1760849449
|move|p2a: King|Sucker Punch||[still]
|-fail|p2a: King
|move|p1a: A Pot-Head|Strength Sap|p2a: King
|-unboost|p2a: King|atk|1
|
|upkeep
|turn|25
|
|t:|1760849454
|move|p2a: King|Sucker Punch||[still]
|-fail|p2a: King
|move|p1a: A Pot-Head|Strength Sap|p2a: King
|-unboost|p2a: King|atk|1
|
|upkeep
|turn|26
|
|t:|1760849461
|-end|p2a: King|fallen3|[silent]
|switch|p2a: Garou|Garchomp, M|100/100
|move|p1a: A Pot-Head|Shadow Ball|p2a: Garou
|-damage|p2a: Garou|0 fnt
|faint|p2a: Garou
|
|upkeep
|
|t:|1760849463
|switch|p2a: King|Kingambit, M|100/100
|-activate|p2a: King|ability: Supreme Overlord
|-start|p2a: King|fallen4|[silent]
|-item|p2a: King|Air Balloon
|turn|27
|
|t:|1760849468
|move|p1a: A Pot-Head|Strength Sap|p2a: King
|-unboost|p2a: King|atk|1
|move|p2a: King|Kowtow Cleave|p1a: A Pot-Head
|-damage|p1a: A Pot-Head|0 fnt
|faint|p1a: A Pot-Head
|
|upkeep
|
|t:|1760849474
|switch|p1a: Hawlucha|Hawlucha, F|44/100
|turn|28
|
|t:|1760849480
|move|p1a: Hawlucha|Bulk Up|p1a: Hawlucha
|-boost|p1a: Hawlucha|atk|1
|-boost|p1a: Hawlucha|def|1
|move|p2a: King|Kowtow Cleave|p1a: Hawlucha
|-resisted|p1a: Hawlucha
|-damage|p1a: Hawlucha|23/100
|
|upkeep
|turn|29
|
|t:|1760849486
|move|p2a: King|Sucker Punch|p1a: Hawlucha
|-resisted|p1a: Hawlucha
|-damage|p1a: Hawlucha|6/100
|move|p1a: Hawlucha|Drain Punch|p2a: King
|-supereffective|p2a: King
|-damage|p2a: King|0 fnt
|-heal|p1a: Hawlucha|60/100|[from] drain|[of] p2a: King
|-enditem|p2a: King|Air Balloon
|faint|p2a: King
|-end|p2a: King|fallen4|[silent]
|
|upkeep
|
|t:|1760849489
|switch|p2a: Sakura|Espeon, F|100/100
|turn|30
|
|t:|1760849499
|move|p2a: Sakura|Alluring Voice|p1a: Hawlucha
|-supereffective|p1a: Hawlucha
|-damage|p1a: Hawlucha|0 fnt
|faint|p1a: Hawlucha
|-damage|p2a: Sakura|91/100|[from] item: Life Orb
|
|upkeep
|
|t:|1760849507
|switch|p1a: Indeedee|Indeedee, M|56/100
|-fieldstart|move: Psychic Terrain|[from] ability: Psychic Surge|[of] p1a: Indeedee
|turn|31
|
|t:|1760849515
|move|p2a: Sakura|Hyper Voice|p1a: Indeedee
|-damage|p1a: Indeedee|12/100
|-damage|p2a: Sakura|81/100|[from] item: Life Orb
|move|p1a: Indeedee|Expanding Force|p2a: Sakura
|-resisted|p2a: Sakura
|-damage|p2a: Sakura|41/100
|
|upkeep
|turn|32
|
|t:|1760849521
|move|p2a: Sakura|Alluring Voice|p1a: Indeedee
|-damage|p1a: Indeedee|0 fnt
|faint|p1a: Indeedee
|-damage|p2a: Sakura|31/100|[from] item: Life Orb
|
|upkeep
|
|t:|1760849527
|switch|p1a: The Crips|Quaquaval, F|100/100
|turn|33
|
|t:|1760849532
|move|p1a: The Crips|Endure|p1a: The Crips
|-singleturn|p1a: The Crips|move: Endure
|move|p2a: Sakura|Alluring Voice|p1a: The Crips
|-supereffective|p1a: The Crips
|-activate|p1a: The Crips|move: Endure
|-damage|p1a: The Crips|1/100
|-enditem|p1a: The Crips|Weakness Policy
|-boost|p1a: The Crips|atk|2|[from] item: Weakness Policy
|-boost|p1a: The Crips|spa|2|[from] item: Weakness Policy
|-damage|p2a: Sakura|21/100|[from] item: Life Orb
|
|upkeep
|turn|34
|
|t:|1760849541
|move|p1a: The Crips|Endure||[still]
|-fail|p1a: The Crips
|move|p2a: Sakura|Psyshock|p1a: The Crips
|-supereffective|p1a: The Crips
|-damage|p1a: The Crips|0 fnt
|faint|p1a: The Crips
|-damage|p2a: Sakura|11/100|[from] item: Life Orb
|
|upkeep
|
|t:|1760849545
|switch|p1a: Cloyster|Cloyster, F|100/100
|turn|35
|
|t:|1760849548
|move|p2a: Sakura|Psyshock|p1a: Cloyster
|-damage|p1a: Cloyster|36/100
|-damage|p2a: Sakura|1/100|[from] item: Life Orb
|move|p1a: Cloyster|Rock Blast|p2a: Sakura
|-damage|p2a: Sakura|0 fnt
|faint|p2a: Sakura
|-hitcount|p2: Sakura|1
|
|win|The Poo Wrangler
|raw|The Poo Wrangler's rating: 1136 &rarr; <strong>1157</strong><br />(+21 for winning)
|raw|BentoOfficial's rating: 1080 &rarr; <strong>1062</strong><br />(-18 for losing)
|l|☆BentoOfficial
|player|p2|
|c|☆The Poo Wrangler|Gg
|l|☆The Poo Wrangler
|player|p1|
