|j|☆moi88764
|j|☆Drjurnslc
|t:|1760808734
|gametype|singles
|player|p1|moi88764|buck|1099
|player|p2|Drjurnslc|n|1145
|gen|9
|tier|[Gen 9] OU
|rated|
|rule|HP Percentage Mod: HP is shown in percentages
|rule|Endless Battle Clause: Forcing endless battles is banned
|rule|Species Clause: Limit one of each Pokémon
|rule|OHKO Clause: OHKO moves are banned
|rule|Evasion Items Clause: Evasion items are banned
|rule|Evasion Moves Clause: Evasion moves are banned
|rule|Evasion Abilities Clause: Evasion abilities are banned
|rule|Sleep Moves Clause: Sleep-inducing moves are banned
|clearpoke
|poke|p1|Ninetales, F|
|poke|p1|Raging Bolt|
|poke|p1|Swampert, F|
|poke|p1|Decidueye, F|
|poke|p1|Kingambit, F|
|poke|p1|Mandibuzz, F|
|poke|p2|Torkoal, M|
|poke|p2|Walking Wake|
|poke|p2|Dragonite, M|
|poke|p2|Hatterene, F|
|poke|p2|Great Tusk|
|poke|p2|Glimmora, M|
|teampreview
|
|t:|1760808751
|teamsize|p1|6
|teamsize|p2|6
|start
|switch|p1a: Ninetales|Ninetales, F|100/100
|switch|p2a: Glimmora|Glimmora, M, shiny|100/100
|-weather|SunnyDay|[from] ability: Drought|[of] p1a: Ninetales
|-item|p2a: Glimmora|Air Balloon
|turn|1
|
|t:|1760808763
|move|p1a: Ninetales|Fire Blast|p2a: Glimmora
|-resisted|p2a: Glimmora
|-damage|p2a: Glimmora|72/100
|-enditem|p2a: Glimmora|Air Balloon
|move|p2a: Glimmora|Earth Power|p1a: Ninetales
|-supereffective|p1a: Ninetales
|-crit|p1a: Ninetales
|-damage|p1a: Ninetales|5/100
|
|-weather|SunnyDay|[upkeep]
|-heal|p1a: Ninetales|11/100|[from] item: Leftovers
|upkeep
|turn|2
|
|t:|1760808775
|move|p1a: Ninetales|Scorching Sands|p2a: Glimmora
|-supereffective|p2a: Glimmora
|-damage|p2a: Glimmora|0 fnt
|faint|p2a: Glimmora
|
|-weather|SunnyDay|[upkeep]
|-heal|p1a: Ninetales|17/100|[from] item: Leftovers
|upkeep
|
|t:|1760808786
|switch|p2a: Dragonite|Dragonite, M|100/100
|turn|3
|
|t:|1760808791
|switch|p1a: Mandibuzz|Mandibuzz, F|100/100
|move|p2a: Dragonite|Fire Spin|p1a: Mandibuzz
|-damage|p1a: Mandibuzz|90/100
|-activate|p1a: Mandibuzz|move: Fire Spin|[of] p2a: Dragonite
|
|-weather|SunnyDay|[upkeep]
|-damage|p1a: Mandibuzz|77/100|[from] move: Fire Spin|[partiallytrapped]
|upkeep
|turn|4
|
|t:|1760808805
|move|p2a: Dragonite|Body Press|p1a: Mandibuzz
|-damage|p1a: Mandibuzz|65/100
|-damage|p2a: Dragonite|84/100|[from] item: Rocky Helmet|[of] p1a: Mandibuzz
|move|p1a: Mandibuzz|Foul Play|p2a: Dragonite
|-damage|p2a: Dragonite|55/100
|-damage|p1a: Mandibuzz|48/100|[from] item: Rocky Helmet|[of] p2a: Dragonite
|
|-weather|SunnyDay|[upkeep]
|-damage|p1a: Mandibuzz|36/100|[from] move: Fire Spin|[partiallytrapped]
|upkeep
|turn|5
|
|t:|1760808816
|move|p2a: Dragonite|Roost|p2a: Dragonite
|-heal|p2a: Dragonite|100/100
|-singleturn|p2a: Dragonite|move: Roost
|move|p1a: Mandibuzz|Roost|p1a: Mandibuzz
|-heal|p1a: Mandibuzz|86/100
|-singleturn|p1a: Mandibuzz|move: Roost
|
|-weather|none
|-damage|p1a: Mandibuzz|74/100|[from] move: Fire Spin|[partiallytrapped]
|upkeep
|turn|6
|
|t:|1760808827
|move|p2a: Dragonite|Encore|p1a: Mandibuzz
|-start|p1a: Mandibuzz|Encore
|move|p1a: Mandibuzz|Roost|p1a: Mandibuzz
|-heal|p1a: Mandibuzz|100/100
|-singleturn|p1a: Mandibuzz|move: Roost
|
|-damage|p1a: Mandibuzz|88/100|[from] move: Fire Spin|[partiallytrapped]
|upkeep
|turn|7
|
|t:|1760808837
|move|p2a: Dragonite|Fire Spin|p1a: Mandibuzz
|-damage|p1a: Mandibuzz|81/100
|move|p1a: Mandibuzz|Roost|p1a: Mandibuzz
|-heal|p1a: Mandibuzz|100/100
|-singleturn|p1a: Mandibuzz|move: Roost
|
|-end|p1a: Mandibuzz|Fire Spin|[partiallytrapped]
|upkeep
|turn|8
|
|t:|1760808846
|switch|p1a: Swampert|Swampert, F|100/100
|move|p2a: Dragonite|Fire Spin|p1a: Swampert
|-resisted|p1a: Swampert
|-damage|p1a: Swampert|97/100
|-activate|p1a: Swampert|move: Fire Spin|[of] p2a: Dragonite
|
|-heal|p1a: Swampert|100/100|[from] item: Leftovers
|-damage|p1a: Swampert|88/100|[from] move: Fire Spin|[partiallytrapped]
|upkeep
|turn|9
|
|t:|1760808857
|switch|p2a: Torkoal|Torkoal, M|100/100
|-weather|SunnyDay|[from] ability: Drought|[of] p2a: Torkoal
|move|p1a: Swampert|Ice Punch|p2a: Torkoal
|-resisted|p2a: Torkoal
|-damage|p2a: Torkoal|94/100
|
|-weather|SunnyDay|[upkeep]
|-heal|p1a: Swampert|94/100|[from] item: Leftovers
|-end|p1a: Swampert|Fire Spin|[partiallytrapped]|[silent]
|upkeep
|turn|10
|
|t:|1760808869
|move|p1a: Swampert|Earthquake|p2a: Torkoal
|-supereffective|p2a: Torkoal
|-damage|p2a: Torkoal|31/100
|move|p2a: Torkoal|Stealth Rock|p1a: Swampert
|-sidestart|p1: moi88764|move: Stealth Rock
|
|-weather|SunnyDay|[upkeep]
|-heal|p1a: Swampert|100/100|[from] item: Leftovers
|upkeep
|turn|11
|
|t:|1760808878
|switch|p2a: Dragonite|Dragonite, M|100/100
|move|p1a: Swampert|Waterfall|p2a: Dragonite
|-resisted|p2a: Dragonite
|-crit|p2a: Dragonite
|-damage|p2a: Dragonite|95/100
|-damage|p1a: Swampert|84/100|[from] item: Rocky Helmet|[of] p2a: Dragonite
|
|-weather|SunnyDay|[upkeep]
|-heal|p1a: Swampert|90/100|[from] item: Leftovers
|upkeep
|turn|12
|
|t:|1760808889
|move|p2a: Dragonite|Encore|p1a: Swampert
|-start|p1a: Swampert|Encore
|move|p1a: Swampert|Waterfall|p2a: Dragonite
|-resisted|p2a: Dragonite
|-damage|p2a: Dragonite|88/100
|-damage|p1a: Swampert|73/100|[from] item: Rocky Helmet|[of] p2a: Dragonite
|
|-weather|SunnyDay|[upkeep]
|-heal|p1a: Swampert|80/100|[from] item: Leftovers
|upkeep
|turn|13
|
|t:|1760808899
|switch|p1a: Mandibuzz|Mandibuzz, F|100/100
|-damage|p1a: Mandibuzz|76/100|[from] Stealth Rock
|move|p2a: Dragonite|Fire Spin|p1a: Mandibuzz|[miss]
|-miss|p2a: Dragonite|p1a: Mandibuzz
|
|-weather|SunnyDay|[upkeep]
|upkeep
|turn|14
|
|t:|1760808909
|move|p2a: Dragonite|Fire Spin|p1a: Mandibuzz
|-damage|p1a: Mandibuzz|66/100
|-activate|p1a: Mandibuzz|move: Fire Spin|[of] p2a: Dragonite
|move|p1a: Mandibuzz|Toxic|p2a: Dragonite
|-status|p2a: Dragonite|tox
|
|-weather|SunnyDay|[upkeep]
|-damage|p2a: Dragonite|81/100 tox|[from] psn
|-damage|p1a: Mandibuzz|53/100|[from] move: Fire Spin|[partiallytrapped]
|upkeep
|turn|15
|
|t:|1760808921
|move|p2a: Dragonite|Encore|p1a: Mandibuzz
|-start|p1a: Mandibuzz|Encore
|move|p1a: Mandibuzz|Toxic|p2a: Dragonite
|-fail|p2a: Dragonite|tox
|
|-weather|SunnyDay|[upkeep]
|-damage|p2a: Dragonite|69/100 tox|[from] psn
|-damage|p1a: Mandibuzz|41/100|[from] move: Fire Spin|[partiallytrapped]
|upkeep
|turn|16
|
|t:|1760808931
|switch|p2a: Hatterene|Hatterene, F, shiny|100/100
|move|p1a: Mandibuzz|Toxic|p2a: Hatterene
|move|p2a: Hatterene|Toxic|p1a: Mandibuzz|[from] ability: Magic Bounce
|-status|p1a: Mandibuzz|tox
|
|-weather|none
|-damage|p1a: Mandibuzz|35/100 tox|[from] psn
|-end|p1a: Mandibuzz|Fire Spin|[partiallytrapped]|[silent]
|upkeep
|turn|17
|
|t:|1760808946
|move|p1a: Mandibuzz|Toxic|p2a: Hatterene
|move|p2a: Hatterene|Toxic|p1a: Mandibuzz|[from] ability: Magic Bounce
|-fail|p1a: Mandibuzz|tox
|move|p2a: Hatterene|Draining Kiss|p1a: Mandibuzz
|-supereffective|p1a: Mandibuzz
|-damage|p1a: Mandibuzz|0 fnt
|-damage|p2a: Hatterene|84/100|[from] item: Rocky Helmet|[of] p1a: Mandibuzz
|faint|p1a: Mandibuzz
|
|upkeep
|
|t:|1760808950
|switch|p1a: Kingambit|Kingambit, F|100/100
|-damage|p1a: Kingambit|94/100|[from] Stealth Rock
|-activate|p1a: Kingambit|ability: Supreme Overlord
|-start|p1a: Kingambit|fallen1|[silent]
|turn|18
|
|t:|1760808962
|move|p1a: Kingambit|Swords Dance|p1a: Kingambit
|-boost|p1a: Kingambit|atk|2
|move|p2a: Hatterene|Nuzzle|p1a: Kingambit
|-damage|p1a: Kingambit|91/100
|-status|p1a: Kingambit|par
|
|-heal|p1a: Kingambit|98/100 par|[from] item: Leftovers
|upkeep
|turn|19
|
|t:|1760808976
|switch|p2a: Torkoal|Torkoal, M|31/100
|-weather|SunnyDay|[from] ability: Drought|[of] p2a: Torkoal
|move|p1a: Kingambit|Iron Head|p2a: Torkoal
|-resisted|p2a: Torkoal
|-damage|p2a: Torkoal|2/100
|
|-weather|SunnyDay|[upkeep]
|-heal|p1a: Kingambit|100/100 par|[from] item: Leftovers
|upkeep
|turn|20
|
|t:|1760808987
|switch|p2a: Dragonite|Dragonite, M|69/100 tox
|cant|p1a: Kingambit|par
|
|-weather|SunnyDay|[upkeep]
|-damage|p2a: Dragonite|63/100 tox|[from] psn
|upkeep
|turn|21
|
|t:|1760808996
|cant|p1a: Kingambit|par
|move|p2a: Dragonite|Fire Spin|p1a: Kingambit
|-supereffective|p1a: Kingambit
|-damage|p1a: Kingambit|77/100 par
|-activate|p1a: Kingambit|move: Fire Spin|[of] p2a: Dragonite
|
|-weather|SunnyDay|[upkeep]
|-heal|p1a: Kingambit|83/100 par|[from] item: Leftovers
|-damage|p2a: Dragonite|50/100 tox|[from] psn
|-damage|p1a: Kingambit|71/100 par|[from] move: Fire Spin|[partiallytrapped]
|upkeep
|turn|22
|
|t:|1760809008
|move|p1a: Kingambit|Sucker Punch||[still]
|-fail|p1a: Kingambit
|move|p2a: Dragonite|Roost|p2a: Dragonite
|-heal|p2a: Dragonite|99/100 tox
|-singleturn|p2a: Dragonite|move: Roost
|
|-weather|SunnyDay|[upkeep]
|-heal|p1a: Kingambit|77/100 par|[from] item: Leftovers
|-damage|p2a: Dragonite|81/100 tox|[from] psn
|-damage|p1a: Kingambit|65/100 par|[from] move: Fire Spin|[partiallytrapped]
|upkeep
|turn|23
|
|t:|1760809020
|cant|p1a: Kingambit|par
|move|p2a: Dragonite|Body Press|p1a: Kingambit
|-supereffective|p1a: Kingambit
|-damage|p1a: Kingambit|0 fnt
|faint|p1a: Kingambit
|-end|p1a: Kingambit|fallen1|[silent]
|
|-weather|SunnyDay|[upkeep]
|-damage|p2a: Dragonite|56/100 tox|[from] psn
|upkeep
|
|t:|1760809025
|switch|p1a: Decidueye|Decidueye, F|100/100
|-damage|p1a: Decidueye|88/100|[from] Stealth Rock
|turn|24
|
|t:|1760809033
|move|p2a: Dragonite|Roost|p2a: Dragonite
|-heal|p2a: Dragonite|100/100 tox
|-singleturn|p2a: Dragonite|move: Roost
|move|p1a: Decidueye|Knock Off|p2a: Dragonite
|-damage|p2a: Dragonite|92/100 tox
|-enditem|p2a: Dragonite|Rocky Helmet|[from] move: Knock Off|[of] p1a: Decidueye
|
|-weather|SunnyDay|[upkeep]
|-heal|p1a: Decidueye|94/100|[from] item: Leftovers
|-damage|p2a: Dragonite|60/100 tox|[from] psn
|upkeep
|turn|25
|
|t:|1760809046
|move|p2a: Dragonite|Fire Spin|p1a: Decidueye
|-supereffective|p1a: Decidueye
|-damage|p1a: Decidueye|70/100
|-activate|p1a: Decidueye|move: Fire Spin|[of] p2a: Dragonite
|move|p1a: Decidueye|Defog|p2a: Dragonite
|-unboost|p2a: Dragonite|evasion|1
|-sideend|p1: moi88764|Stealth Rock|[from] move: Defog|[of] p1a: Decidueye
|
|-weather|SunnyDay|[upkeep]
|-heal|p1a: Decidueye|77/100|[from] item: Leftovers
|-damage|p2a: Dragonite|23/100 tox|[from] psn
|-damage|p1a: Decidueye|64/100|[from] move: Fire Spin|[partiallytrapped]
|upkeep
|turn|26
|
|t:|1760809064
|move|p2a: Dragonite|Roost|p2a: Dragonite
|-heal|p2a: Dragonite|73/100 tox
|-singleturn|p2a: Dragonite|move: Roost
|move|p1a: Decidueye|Roost|p1a: Decidueye
|-heal|p1a: Decidueye|100/100
|-singleturn|p1a: Decidueye|move: Roost
|
|-weather|none
|-damage|p2a: Dragonite|29/100 tox|[from] psn
|-damage|p1a: Decidueye|88/100|[from] move: Fire Spin|[partiallytrapped]
|upkeep
|turn|27
|
|t:|1760809077
|move|p2a: Dragonite|Encore|p1a: Decidueye
|-start|p1a: Decidueye|Encore
|move|p1a: Decidueye|Roost|p1a: Decidueye
|-heal|p1a: Decidueye|100/100
|-singleturn|p1a: Decidueye|move: Roost
|
|-damage|p2a: Dragonite|0 fnt|[from] psn
|faint|p2a: Dragonite
|-end|p1a: Decidueye|Fire Spin|[partiallytrapped]|[silent]
|upkeep
|
|t:|1760809087
|switch|p2a: Torkoal|Torkoal, M|2/100
|-weather|SunnyDay|[from] ability: Drought|[of] p2a: Torkoal
|turn|28
|
|t:|1760809099
|switch|p1a: Ninetales|Ninetales, F|17/100
|move|p2a: Torkoal|Stealth Rock|p1a: Ninetales
|-sidestart|p1: moi88764|move: Stealth Rock
|
|-weather|SunnyDay|[upkeep]
|-heal|p1a: Ninetales|23/100|[from] item: Leftovers
|upkeep
|turn|29
|
|t:|1760809109
|switch|p2a: Hatterene|Hatterene, F, shiny|84/100
|move|p1a: Ninetales|Scorching Sands|p2a: Hatterene
|-damage|p2a: Hatterene|64/100
|-status|p2a: Hatterene|brn
|-enditem|p2a: Hatterene|Eject Button
|
|t:|1760809120
|switch|p2a: Great Tusk|Great Tusk|100/100
|-activate|p2a: Great Tusk|ability: Protosynthesis
|-start|p2a: Great Tusk|protosynthesisatk
|
|-weather|SunnyDay|[upkeep]
|-heal|p1a: Ninetales|29/100|[from] item: Leftovers
|upkeep
|turn|30
|
|t:|1760809140
|move|p1a: Ninetales|Solar Beam||[still]
|-prepare|p1a: Ninetales|Solar Beam
|-anim|p1a: Ninetales|Solar Beam|p2a: Great Tusk
|-supereffective|p2a: Great Tusk
|-damage|p2a: Great Tusk|3/100
|move|p2a: Great Tusk|Rapid Spin|p1a: Ninetales
|-damage|p1a: Ninetales|0 fnt
|-boost|p2a: Great Tusk|spe|1
|faint|p1a: Ninetales
|
|-weather|SunnyDay|[upkeep]
|-heal|p2a: Great Tusk|9/100|[from] item: Leftovers
|upkeep
|
|t:|1760809151
|switch|p1a: Swampert|Swampert, F|80/100
|-damage|p1a: Swampert|73/100|[from] Stealth Rock
|turn|31
|
|t:|1760809159
|move|p2a: Great Tusk|Ice Spinner|p1a: Swampert
|-damage|p1a: Swampert|37/100
|move|p1a: Swampert|Flip Turn|p2a: Great Tusk
|-supereffective|p2a: Great Tusk
|-damage|p2a: Great Tusk|0 fnt
|faint|p2a: Great Tusk
|-end|p2a: Great Tusk|Protosynthesis|[silent]
|
|t:|1760809165
|switch|p1a: Decidueye|Decidueye, F|100/100|[from] Flip Turn
|-damage|p1a: Decidueye|88/100|[from] Stealth Rock
|
|-weather|SunnyDay|[upkeep]
|-heal|p1a: Decidueye|94/100|[from] item: Leftovers
|upkeep
|
|t:|1760809173
|switch|p2a: Walking Wake|Walking Wake|100/100
|-activate|p2a: Walking Wake|ability: Protosynthesis
|-start|p2a: Walking Wake|protosynthesisspe
|turn|32
|
|t:|1760809179
|move|p2a: Walking Wake|Draco Meteor|p1a: Decidueye|[miss]
|-miss|p2a: Walking Wake|p1a: Decidueye
|move|p1a: Decidueye|Leaf Blade|p2a: Walking Wake
|-damage|p2a: Walking Wake|67/100
|
|-weather|SunnyDay|[upkeep]
|-heal|p1a: Decidueye|100/100|[from] item: Leftovers
|upkeep
|turn|33
|
|t:|1760809189
|move|p2a: Walking Wake|Draco Meteor|p1a: Decidueye
|-damage|p1a: Decidueye|9/100
|-unboost|p2a: Walking Wake|spa|2
|move|p1a: Decidueye|Defog|p2a: Walking Wake
|-unboost|p2a: Walking Wake|evasion|1
|-sideend|p1: moi88764|Stealth Rock|[from] move: Defog|[of] p1a: Decidueye
|
|-weather|SunnyDay|[upkeep]
|-heal|p1a: Decidueye|15/100|[from] item: Leftovers
|upkeep
|turn|34
|
|t:|1760809199
|move|p2a: Walking Wake|Draco Meteor|p1a: Decidueye
|-damage|p1a: Decidueye|0 fnt
|-unboost|p2a: Walking Wake|spa|2
|faint|p1a: Decidueye
|
|-weather|SunnyDay|[upkeep]
|upkeep
|
|t:|1760809213
|switch|p1a: Swampert|Swampert, F|37/100
|turn|35
|
|t:|1760809218
|-end|p2a: Walking Wake|Protosynthesis|[silent]
|switch|p2a: Hatterene|Hatterene, F, shiny|64/100 brn
|move|p1a: Swampert|Earthquake|p2a: Hatterene
|-damage|p2a: Hatterene|23/100 brn
|
|-weather|none
|-heal|p1a: Swampert|44/100|[from] item: Leftovers
|-damage|p2a: Hatterene|17/100 brn|[from] brn
|upkeep
|turn|36
|
|t:|1760809240
|switch|p2a: Torkoal|Torkoal, M|2/100
|-weather|SunnyDay|[from] ability: Drought|[of] p2a: Torkoal
|move|p1a: Swampert|Earthquake|p2a: Torkoal
|-supereffective|p2a: Torkoal
|-damage|p2a: Torkoal|0 fnt
|faint|p2a: Torkoal
|
|-weather|SunnyDay|[upkeep]
|-heal|p1a: Swampert|50/100|[from] item: Leftovers
|upkeep
|
|t:|1760809252
|switch|p2a: Walking Wake|Walking Wake|67/100
|-activate|p2a: Walking Wake|ability: Protosynthesis
|-start|p2a: Walking Wake|protosynthesisspe
|turn|37
|
|t:|1760809263
|move|p2a: Walking Wake|Draco Meteor|p1a: Swampert
|-damage|p1a: Swampert|0 fnt
|-unboost|p2a: Walking Wake|spa|2
|faint|p1a: Swampert
|
|-weather|SunnyDay|[upkeep]
|upkeep
|
|t:|1760809268
|switch|p1a: Raging Bolt|Raging Bolt|100/100
|-activate|p1a: Raging Bolt|ability: Protosynthesis
|-start|p1a: Raging Bolt|protosynthesisspa
|turn|38
|
|t:|1760809287
|-end|p2a: Walking Wake|Protosynthesis|[silent]
|switch|p2a: Hatterene|Hatterene, F, shiny|17/100 brn
|-terastallize|p1a: Raging Bolt|Grass
|move|p1a: Raging Bolt|Tera Blast|p2a: Hatterene|[anim] Tera Blast Grass
|-damage|p2a: Hatterene|0 fnt
|faint|p2a: Hatterene
|
|-weather|SunnyDay|[upkeep]
|upkeep
|
|t:|1760809298
|switch|p2a: Walking Wake|Walking Wake|67/100
|-activate|p2a: Walking Wake|ability: Protosynthesis
|-start|p2a: Walking Wake|protosynthesisspe
|turn|39
|
|t:|1760809303
|move|p2a: Walking Wake|Flamethrower|p1a: Raging Bolt
|-supereffective|p1a: Raging Bolt
|-damage|p1a: Raging Bolt|0 fnt
|faint|p1a: Raging Bolt
|-end|p1a: Raging Bolt|Protosynthesis|[silent]
|
|win|Drjurnslc
|raw|moi88764's rating: 1099 &rarr; <strong>1077</strong><br />(-22 for losing)
|raw|Drjurnslc's rating: 1145 &rarr; <strong>1167</strong><br />(+22 for winning)
|l|☆moi88764
|player|p1|
