|j|☆prettyhugedolphin
|j|☆sumumufu
|t:|1760763242
|gametype|singles
|player|p1|prettyhugedolphin|veteran|1179
|player|p2|sumumufu|2|1129
|gen|9
|tier|[Gen 9] OU
|rated|
|rule|HP Percentage Mod: HP is shown in percentages
|rule|Endless Battle Clause: Forcing endless battles is banned
|rule|Species Clause: Limit one of each Pokémon
|rule|OHKO Clause: OHKO moves are banned
|rule|Evasion Items Clause: Evasion items are banned
|rule|Evasion Moves Clause: Evasion moves are banned
|rule|Evasion Abilities Clause: Evasion abilities are banned
|rule|Sleep Moves Clause: Sleep-inducing moves are banned
|clearpoke
|poke|p1|Malamar, M|
|poke|p1|Lurantis, M|
|poke|p1|Hawlucha, M|
|poke|p1|Hitmonlee, M|
|poke|p1|Cinderace, M|
|poke|p1|Galvantula, M|
|poke|p2|Tyranitar, F|
|poke|p2|Hippowdon, M|
|poke|p2|Excadrill, M|
|poke|p2|Tentacruel, F|
|poke|p2|Pelipper, M|
|poke|p2|Goodra-Hisui, F|
|teampreview
|inactive|Battle timer is ON: inactive players will automatically lose when time's up. (requested by prettyhugedolphin)
|
|t:|1760763254
|teamsize|p1|6
|teamsize|p2|6
|start
|switch|p1a: Galvantula|Galvantula, M, shiny|100/100
|switch|p2a: Hippowdon|Hippowdon, M|100/100
|-weather|Sandstorm|[from] ability: Sand Stream|[of] p2a: Hippowdon
|turn|1
|
|t:|1760763267
|move|p1a: Galvantula|Sticky Web|p2a: Hippowdon
|-sidestart|p2: sumumufu|move: Sticky Web
|move|p2a: Hippowdon|Earthquake|p1a: Galvantula
|-damage|p1a: Galvantula|30/100
|
|-weather|Sandstorm|[upkeep]
|-damage|p1a: Galvantula|24/100|[from] Sandstorm
|upkeep
|turn|2
|c|☆prettyhugedolphin|Half sand
|
|t:|1760763275
|move|p1a: Galvantula|Giga Drain|p2a: Hippowdon
|-supereffective|p2a: Hippowdon
|-damage|p2a: Hippowdon|59/100
|-heal|p1a: Galvantula|55/100|[from] drain|[of] p2a: Hippowdon
|move|p2a: Hippowdon|Earthquake|p1a: Galvantula
|-damage|p1a: Galvantula|0 fnt
|faint|p1a: Galvantula
|
|-weather|Sandstorm|[upkeep]
|upkeep
|c|☆prettyhugedolphin|Half rain
|c|☆prettyhugedolphin|Team mud
|
|t:|1760763299
|switch|p1a: Cinderace|Cinderace, M, shiny|100/100
|turn|3
|
|t:|1760763303
|move|p1a: Cinderace|Court Change|p1a: Cinderace
|-start|p1a: Cinderace|typechange|Normal|[from] ability: Libero
|-swapsideconditions
|-activate|p1a: Cinderace|move: Court Change
|move|p2a: Hippowdon|Earthquake|p1a: Cinderace
|-damage|p1a: Cinderace|50/100
|
|-weather|Sandstorm|[upkeep]
|-damage|p1a: Cinderace|44/100|[from] Sandstorm
|upkeep
|turn|4
|
|t:|1760763313
|move|p1a: Cinderace|U-turn|p2a: Hippowdon
|-damage|p2a: Hippowdon|48/100
|
|t:|1760763315
|switch|p1a: Lurantis|Lurantis, M, shiny|100/100|[from] U-turn
|-activate|p1a: Lurantis|move: Sticky Web
|-boost|p1a: Lurantis|spe|1
|move|p2a: Hippowdon|Earthquake|p1a: Lurantis
|-resisted|p1a: Lurantis
|-damage|p1a: Lurantis|76/100
|
|-weather|Sandstorm|[upkeep]
|-damage|p1a: Lurantis|70/100|[from] Sandstorm
|upkeep
|turn|5
|
|t:|1760763337
|switch|p2a: Goodra|Goodra-Hisui, F|100/100
|move|p1a: Lurantis|Superpower|p2a: Goodra
|-supereffective|p2a: Goodra
|-damage|p2a: Goodra|29/100
|-boost|p1a: Lurantis|atk|1
|-boost|p1a: Lurantis|def|1
|
|-weather|Sandstorm|[upkeep]
|-damage|p1a: Lurantis|64/100|[from] Sandstorm
|-heal|p2a: Goodra|35/100|[from] item: Leftovers
|upkeep
|turn|6
|
|t:|1760763354
|switch|p2a: Pelipper|Pelipper, M|100/100
|-weather|RainDance|[from] ability: Drizzle|[of] p2a: Pelipper
|move|p1a: Lurantis|Superpower|p2a: Pelipper
|-resisted|p2a: Pelipper
|-damage|p2a: Pelipper|76/100
|-boost|p1a: Lurantis|atk|1
|-boost|p1a: Lurantis|def|1
|
|-weather|RainDance|[upkeep]
|upkeep
|turn|7
|
|t:|1760763366
|move|p1a: Lurantis|Knock Off|p2a: Pelipper
|-damage|p2a: Pelipper|26/100
|-enditem|p2a: Pelipper|Damp Rock|[from] move: Knock Off|[of] p1a: Lurantis
|move|p2a: Pelipper|Hurricane|p1a: Lurantis
|-supereffective|p1a: Lurantis
|-damage|p1a: Lurantis|2/100
|-start|p1a: Lurantis|confusion
|
|-weather|RainDance|[upkeep]
|upkeep
|turn|8
|
|t:|1760763377
|-activate|p1a: Lurantis|confusion
|move|p1a: Lurantis|Knock Off|p2a: Pelipper
|-damage|p2a: Pelipper|0 fnt
|faint|p2a: Pelipper
|
|-weather|RainDance|[upkeep]
|upkeep
|
|t:|1760763384
|switch|p2a: Hippowdon|Hippowdon, M|48/100
|-weather|Sandstorm|[from] ability: Sand Stream|[of] p2a: Hippowdon
|turn|9
|
|t:|1760763389
|-end|p1a: Lurantis|confusion
|move|p1a: Lurantis|Leaf Storm|p2a: Hippowdon
|-supereffective|p2a: Hippowdon
|-damage|p2a: Hippowdon|0 fnt
|-boost|p1a: Lurantis|spa|2
|faint|p2a: Hippowdon
|
|-weather|Sandstorm|[upkeep]
|-damage|p1a: Lurantis|0 fnt|[from] Sandstorm
|faint|p1a: Lurantis
|upkeep
|
|t:|1760763401
|switch|p1a: Hawlucha|Hawlucha, M, shiny|100/100
|switch|p2a: Excadrill|Excadrill, M|100/100
|-item|p2a: Excadrill|Air Balloon
|turn|10
|
|t:|1760763420
|-terastallize|p2a: Excadrill|Ground
|move|p2a: Excadrill|Swords Dance|p2a: Excadrill
|-boost|p2a: Excadrill|atk|2
|move|p1a: Hawlucha|Swords Dance|p1a: Hawlucha
|-boost|p1a: Hawlucha|atk|2
|
|-weather|Sandstorm|[upkeep]
|-damage|p1a: Hawlucha|94/100|[from] Sandstorm
|upkeep
|turn|11
|
|t:|1760763431
|move|p2a: Excadrill|Iron Head|p1a: Hawlucha
|-damage|p1a: Hawlucha|0 fnt
|faint|p1a: Hawlucha
|
|-weather|Sandstorm|[upkeep]
|upkeep
|inactive|prettyhugedolphin has 120 seconds left.
|
|t:|1760763463
|switch|p1a: Malamar|Malamar, M|100/100
|-activate|p1a: Malamar|move: Sticky Web
|-boost|p1a: Malamar|spe|1
|turn|12
|
|t:|1760763468
|move|p2a: Excadrill|Earthquake|p1a: Malamar
|-damage|p1a: Malamar|0 fnt
|faint|p1a: Malamar
|
|-weather|Sandstorm|[upkeep]
|upkeep
|
|t:|1760763476
|switch|p1a: Cinderace|Cinderace, M, shiny|44/100
|turn|13
|
|t:|1760763480
|move|p2a: Excadrill|Earthquake|p1a: Cinderace
|-supereffective|p1a: Cinderace
|-damage|p1a: Cinderace|0 fnt
|faint|p1a: Cinderace
|
|-weather|Sandstorm|[upkeep]
|upkeep
|
|t:|1760763483
|switch|p1a: Hitmonlee|Hitmonlee, M|100/100
|-activate|p1a: Hitmonlee|move: Sticky Web
|-unboost|p1a: Hitmonlee|spe|1
|-enditem|p1a: Hitmonlee|White Herb
|-clearnegativeboost|p1a: Hitmonlee|[silent]
|turn|14
|
|t:|1760763492
|move|p2a: Excadrill|Earthquake|p1a: Hitmonlee
|-damage|p1a: Hitmonlee|0 fnt
|faint|p1a: Hitmonlee
|
|win|sumumufu
|raw|prettyhugedolphin's rating: 1179 &rarr; <strong>1150</strong><br />(-29 for losing)
|raw|sumumufu's rating: 1129 &rarr; <strong>1158</strong><br />(+29 for winning)
|l|☆prettyhugedolphin
|player|p1|
|l|☆sumumufu
|player|p2|
