|j|☆kate10956
|j|☆LuckyLucario1
|t:|1760847111
|gametype|singles
|player|p1|kate10956|ariana|1220
|player|p2|LuckyLucario1|266|1216
|gen|9
|tier|[Gen 9] OU
|rated|
|rule|HP Percentage Mod: HP is shown in percentages
|rule|Endless Battle Clause: Forcing endless battles is banned
|rule|Species Clause: Limit one of each Pokémon
|rule|OHKO Clause: OHKO moves are banned
|rule|Evasion Items Clause: Evasion items are banned
|rule|Evasion Moves Clause: Evasion moves are banned
|rule|Evasion Abilities Clause: Evasion abilities are banned
|rule|Sleep Moves Clause: Sleep-inducing moves are banned
|clearpoke
|poke|p1|Dragapult, M|
|poke|p1|Glimmora, M|
|poke|p1|Comfey, M|
|poke|p1|Kingambit, M|
|poke|p1|Ogerpon-Wellspring, F|
|poke|p1|Blaziken, M|
|poke|p2|Pelipper, F|
|poke|p2|Hatterene, F|
|poke|p2|Iron Treads|
|poke|p2|Toxicroak, F|
|poke|p2|Barraskewda, F|
|poke|p2|Zapdos|
|teampreview
|inactive|Battle timer is ON: inactive players will automatically lose when time's up. (requested by LuckyLucario1)
|c|☆LuckyLucario1|glhf
|
|t:|1760847138
|teamsize|p1|6
|teamsize|p2|6
|start
|switch|p1a: Glimmora|Glimmora, M, shiny|100/100
|switch|p2a: Iron Treads|Iron Treads|100/100
|turn|1
|
|t:|1760847146
|move|p2a: Iron Treads|Stealth Rock|p1a: Glimmora
|-sidestart|p1: kate10956|move: Stealth Rock
|move|p1a: Glimmora|Stealth Rock|p2a: Iron Treads
|-sidestart|p2: LuckyLucario1|move: Stealth Rock
|
|upkeep
|turn|2
|
|t:|1760847151
|switch|p1a: Dragapult|Dragapult, M, shiny|100/100
|-damage|p1a: Dragapult|88/100|[from] Stealth Rock
|move|p2a: Iron Treads|Earthquake|p1a: Dragapult
|-damage|p1a: Dragapult|34/100
|
|upkeep
|turn|3
|
|t:|1760847158
|move|p1a: Dragapult|Flamethrower|p2a: Iron Treads
|-supereffective|p2a: Iron Treads
|-damage|p2a: Iron Treads|50/100
|-damage|p1a: Dragapult|24/100|[from] item: Life Orb
|move|p2a: Iron Treads|Earthquake|p1a: Dragapult
|-damage|p1a: Dragapult|0 fnt
|faint|p1a: Dragapult
|
|-heal|p2a: Iron Treads|56/100|[from] item: Leftovers
|upkeep
|
|t:|1760847164
|switch|p1a: Ogerpon|Ogerpon-Wellspring, F|100/100
|-damage|p1a: Ogerpon|88/100|[from] Stealth Rock
|turn|4
|
|t:|1760847169
|-end|p2a: Iron Treads|Quark Drive|[silent]
|switch|p2a: Toxicroak|Toxicroak, F|100/100
|-damage|p2a: Toxicroak|94/100|[from] Stealth Rock
|move|p1a: Ogerpon|U-turn|p2a: Toxicroak
|-resisted|p2a: Toxicroak
|-damage|p2a: Toxicroak|89/100
|-damage|p1a: Ogerpon|72/100|[from] item: Rocky Helmet|[of] p2a: Toxicroak
|
|t:|1760847173
|switch|p1a: Blaziken|Blaziken, M, shiny|100/100|[from] U-turn
|-damage|p1a: Blaziken|88/100|[from] Stealth Rock
|
|upkeep
|turn|5
|
|t:|1760847181
|switch|p2a: Pelipper|Pelipper, F|100/100
|-damage|p2a: Pelipper|76/100|[from] Stealth Rock
|-weather|RainDance|[from] ability: Drizzle|[of] p2a: Pelipper
|move|p1a: Blaziken|Protect||[still]
|-fail|p1a: Blaziken
|
|-weather|RainDance|[upkeep]
|-ability|p1a: Blaziken|Speed Boost|boost
|-boost|p1a: Blaziken|spe|1
|upkeep
|turn|6
|
|t:|1760847187
|switch|p1a: Ogerpon|Ogerpon-Wellspring, F|72/100
|-damage|p1a: Ogerpon|59/100|[from] Stealth Rock
|move|p2a: Pelipper|Weather Ball|p1a: Ogerpon
|-heal|p1a: Ogerpon|84/100|[from] ability: Water Absorb|[of] p2a: Pelipper
|
|-weather|RainDance|[upkeep]
|upkeep
|turn|7
|
|t:|1760847191
|move|p1a: Ogerpon|Spikes|p2a: Pelipper
|-sidestart|p2: LuckyLucario1|Spikes
|move|p2a: Pelipper|Weather Ball|p1a: Ogerpon
|-heal|p1a: Ogerpon|100/100|[from] ability: Water Absorb|[of] p2a: Pelipper
|
|-weather|RainDance|[upkeep]
|upkeep
|turn|8
|
|t:|1760847196
|move|p1a: Ogerpon|Ivy Cudgel|p2a: Pelipper|[anim] Ivy Cudgel Water
|-resisted|p2a: Pelipper
|-damage|p2a: Pelipper|33/100
|move|p2a: Pelipper|Hurricane|p1a: Ogerpon
|-supereffective|p1a: Ogerpon
|-damage|p1a: Ogerpon|17/100
|
|-weather|RainDance|[upkeep]
|upkeep
|turn|9
|
|t:|1760847203
|move|p1a: Ogerpon|Ivy Cudgel|p2a: Pelipper|[anim] Ivy Cudgel Water
|-resisted|p2a: Pelipper
|-damage|p2a: Pelipper|0 fnt
|faint|p2a: Pelipper
|
|-weather|RainDance|[upkeep]
|upkeep
|
|t:|1760847212
|switch|p2a: Zapdos|Zapdos|100/100
|-damage|p2a: Zapdos|76/100|[from] Stealth Rock
|turn|10
|
|t:|1760847218
|move|p1a: Ogerpon|Ivy Cudgel|p2a: Zapdos|[anim] Ivy Cudgel Water
|-damage|p2a: Zapdos|0 fnt
|faint|p2a: Zapdos
|
|-weather|RainDance|[upkeep]
|upkeep
|-message|LuckyLucario1 forfeited.
|
|win|kate10956
|raw|kate10956's rating: 1220 &rarr; <strong>1245</strong><br />(+25 for winning)
|raw|LuckyLucario1's rating: 1216 &rarr; <strong>1191</strong><br />(-25 for losing)
|l|☆LuckyLucario1
|player|p2|
|l|☆kate10956
|player|p1|
