|j|☆Chuolv
|j|☆Vikavolt22
|t:|1760786267
|gametype|singles
|player|p1|Chuolv|silver|1159
|player|p2|Vikavolt22|2|1180
|gen|9
|tier|[Gen 9] OU
|rated|
|rule|HP Percentage Mod: HP is shown in percentages
|rule|Endless Battle Clause: Forcing endless battles is banned
|rule|Species Clause: Limit one of each Pokémon
|rule|OHKO Clause: OHKO moves are banned
|rule|Evasion Items Clause: Evasion items are banned
|rule|Evasion Moves Clause: Evasion moves are banned
|rule|Evasion Abilities Clause: Evasion abilities are banned
|rule|Sleep Moves Clause: Sleep-inducing moves are banned
|clearpoke
|poke|p1|Corviknight, M|
|poke|p1|Venusaur, M|
|poke|p1|Scyther, M|
|poke|p1|Snorlax, M|
|poke|p1|Clefable, F|
|poke|p1|Arcanine-Hisui, M|
|poke|p2|Jirachi|
|poke|p2|Dragapult, F|
|poke|p2|Landorus-Therian, M|
|poke|p2|Slowking-Galar, F|
|poke|p2|Kleavor, F|
|poke|p2|Alomomola, M|
|teampreview
|inactive|Battle timer is ON: inactive players will automatically lose when time's up. (requested by Chuolv)
|
|t:|1760786283
|teamsize|p1|6
|teamsize|p2|6
|start
|switch|p1a: Venusaur|Venusaur, M|100/100
|switch|p2a: Kleavor|Kleavor, F|100/100
|turn|1
|
|t:|1760786292
|move|p2a: Kleavor|Substitute|p2a: Kleavor
|-start|p2a: Kleavor|Substitute
|-damage|p2a: Kleavor|76/100
|move|p1a: Venusaur|Sunny Day|p1a: Venusaur
|-weather|SunnyDay
|
|-weather|SunnyDay|[upkeep]
|upkeep
|turn|2
|
|t:|1760786300
|move|p1a: Venusaur|Giga Drain|p2a: Kleavor
|-end|p2a: Kleavor|Substitute
|move|p2a: Kleavor|Stone Axe|p1a: Venusaur|[miss]
|-miss|p2a: Kleavor|p1a: Venusaur
|
|-weather|SunnyDay|[upkeep]
|upkeep
|turn|3
|
|t:|1760786308
|move|p1a: Venusaur|Giga Drain|p2a: Kleavor
|-damage|p2a: Kleavor|34/100
|-enditem|p2a: Kleavor|Sitrus Berry|[eat]
|-heal|p2a: Kleavor|59/100|[from] item: Sitrus Berry
|move|p2a: Kleavor|Stone Axe|p1a: Venusaur
|-crit|p1a: Venusaur
|-damage|p1a: Venusaur|63/100
|-sidestart|p1: Chuolv|move: Stealth Rock
|
|-weather|SunnyDay|[upkeep]
|upkeep
|turn|4
|
|t:|1760786324
|switch|p2a: Slowking|Slowking-Galar, F, shiny|100/100
|move|p1a: Venusaur|Giga Drain|p2a: Slowking
|-resisted|p2a: Slowking
|-damage|p2a: Slowking|94/100
|-heal|p1a: Venusaur|67/100|[from] drain|[of] p2a: Slowking
|
|-weather|SunnyDay|[upkeep]
|upkeep
|turn|5
|
|t:|1760786338
|switch|p1a: Arcanine|Arcanine-Hisui, M|100/100
|-damage|p1a: Arcanine|76/100|[from] Stealth Rock
|move|p2a: Slowking|Flamethrower|p1a: Arcanine
|-resisted|p1a: Arcanine
|-damage|p1a: Arcanine|64/100
|
|-weather|SunnyDay|[upkeep]
|upkeep
|turn|6
|
|t:|1760786347
|switch|p2a: Landorus|Landorus-Therian, M, shiny|100/100
|-ability|p2a: Landorus|Intimidate|boost
|-unboost|p1a: Arcanine|atk|1
|move|p1a: Arcanine|Flare Blitz|p2a: Landorus
|-damage|p2a: Landorus|15/100
|-damage|p1a: Arcanine|47/100|[from] item: Rocky Helmet|[of] p2a: Landorus
|-damage|p1a: Arcanine|37/100|[from] item: Life Orb
|
|-weather|SunnyDay|[upkeep]
|upkeep
|turn|7
|
|t:|1760786363
|switch|p1a: Corviknight|Corviknight, M|100/100
|-damage|p1a: Corviknight|88/100|[from] Stealth Rock
|move|p2a: Landorus|U-turn|p1a: Corviknight
|-resisted|p1a: Corviknight
|-damage|p1a: Corviknight|85/100
|-damage|p2a: Landorus|0 fnt|[from] item: Rocky Helmet|[of] p1a: Corviknight
|faint|p2a: Landorus
|
|-weather|SunnyDay|[upkeep]
|upkeep
|
|t:|1760786369
|switch|p2a: Jirachi|Jirachi|100/100
|turn|8
|
|t:|1760786382
|move|p2a: Jirachi|Substitute|p2a: Jirachi
|-start|p2a: Jirachi|Substitute
|-damage|p2a: Jirachi|76/100
|move|p1a: Corviknight|Defog|p2a: Jirachi
|-sideend|p1: Chuolv|Stealth Rock|[from] move: Defog|[of] p1a: Corviknight
|
|-weather|none
|-heal|p2a: Jirachi|82/100|[from] item: Leftovers
|upkeep
|turn|9
|
|t:|1760786397
|move|p2a: Jirachi|Body Slam|p1a: Corviknight
|-resisted|p1a: Corviknight
|-damage|p1a: Corviknight|79/100
|-status|p1a: Corviknight|par
|-damage|p2a: Jirachi|65/100|[from] item: Rocky Helmet|[of] p1a: Corviknight
|move|p1a: Corviknight|Iron Defense|p1a: Corviknight
|-boost|p1a: Corviknight|def|2
|
|-heal|p2a: Jirachi|71/100|[from] item: Leftovers
|upkeep
|turn|10
|
|t:|1760786409
|move|p2a: Jirachi|Meteor Mash|p1a: Corviknight
|-resisted|p1a: Corviknight
|-damage|p1a: Corviknight|73/100 par
|-damage|p2a: Jirachi|55/100|[from] item: Rocky Helmet|[of] p1a: Corviknight
|move|p1a: Corviknight|Body Press|p2a: Jirachi
|-end|p2a: Jirachi|Substitute
|
|-heal|p2a: Jirachi|61/100|[from] item: Leftovers
|upkeep
|turn|11
|
|t:|1760786421
|move|p2a: Jirachi|Meteor Mash|p1a: Corviknight
|-resisted|p1a: Corviknight
|-damage|p1a: Corviknight|69/100 par
|-boost|p2a: Jirachi|atk|1
|-damage|p2a: Jirachi|44/100|[from] item: Rocky Helmet|[of] p1a: Corviknight
|move|p1a: Corviknight|Roost|p1a: Corviknight
|-heal|p1a: Corviknight|100/100 par
|-singleturn|p1a: Corviknight|move: Roost
|
|-heal|p2a: Jirachi|50/100|[from] item: Leftovers
|upkeep
|turn|12
|
|t:|1760786442
|move|p2a: Jirachi|Meteor Mash|p1a: Corviknight
|-resisted|p1a: Corviknight
|-damage|p1a: Corviknight|93/100 par
|-damage|p2a: Jirachi|34/100|[from] item: Rocky Helmet|[of] p1a: Corviknight
|move|p1a: Corviknight|Body Press|p2a: Jirachi
|-damage|p2a: Jirachi|0 fnt
|faint|p2a: Jirachi
|
|upkeep
|
|t:|1760786450
|switch|p2a: Slowking|Slowking-Galar, F, shiny|100/100
|turn|13
|
|t:|1760786459
|switch|p1a: Snorlax|Snorlax, M|100/100
|move|p2a: Slowking|Flamethrower|p1a: Snorlax
|-damage|p1a: Snorlax|94/100
|-status|p1a: Snorlax|brn
|
|-heal|p1a: Snorlax|99/100 brn|[from] item: Leftovers
|-damage|p1a: Snorlax|94/100 brn|[from] brn
|upkeep
|turn|14
|
|t:|1760786470
|move|p1a: Snorlax|Earthquake|p2a: Slowking
|-supereffective|p2a: Slowking
|-crit|p2a: Slowking
|-damage|p2a: Slowking|65/100
|move|p2a: Slowking|Psyshock|p1a: Snorlax
|-damage|p1a: Snorlax|62/100 brn
|
|-heal|p1a: Snorlax|68/100 brn|[from] item: Leftovers
|-damage|p1a: Snorlax|62/100 brn|[from] brn
|upkeep
|turn|15
|
|t:|1760786481
|switch|p2a: Kleavor|Kleavor, F|59/100
|move|p1a: Snorlax|Earthquake|p2a: Kleavor
|-damage|p2a: Kleavor|43/100
|
|-heal|p1a: Snorlax|68/100 brn|[from] item: Leftovers
|-damage|p1a: Snorlax|62/100 brn|[from] brn
|upkeep
|turn|16
|
|t:|1760786491
|switch|p1a: Corviknight|Corviknight, M|93/100 par
|move|p2a: Kleavor|Swords Dance|p2a: Kleavor
|-boost|p2a: Kleavor|atk|2
|
|upkeep
|turn|17
|
|t:|1760786507
|move|p2a: Kleavor|Stone Axe|p1a: Corviknight
|-damage|p1a: Corviknight|51/100 par
|-damage|p2a: Kleavor|26/100|[from] item: Rocky Helmet|[of] p1a: Corviknight
|-sidestart|p1: Chuolv|move: Stealth Rock
|move|p1a: Corviknight|Iron Defense|p1a: Corviknight
|-boost|p1a: Corviknight|def|2
|
|upkeep
|turn|18
|
|t:|1760786523
|move|p2a: Kleavor|Stone Axe|p1a: Corviknight
|-damage|p1a: Corviknight|32/100 par
|-damage|p2a: Kleavor|10/100|[from] item: Rocky Helmet|[of] p1a: Corviknight
|cant|p1a: Corviknight|par
|
|upkeep
|turn|19
|
|t:|1760786532
|move|p2a: Kleavor|Stone Axe|p1a: Corviknight
|-damage|p1a: Corviknight|12/100 par
|-damage|p2a: Kleavor|0 fnt|[from] item: Rocky Helmet|[of] p1a: Corviknight
|faint|p2a: Kleavor
|cant|p1a: Corviknight|par
|
|upkeep
|
|t:|1760786537
|switch|p2a: Dragapult|Dragapult, F, shiny|100/100
|turn|20
|
|t:|1760786542
|move|p2a: Dragapult|Dragon Darts|p1a: Corviknight
|-resisted|p1a: Corviknight
|-damage|p1a: Corviknight|8/100 par
|-anim|p2a: Dragapult|Dragon Darts|p1a: Corviknight
|-resisted|p1a: Corviknight
|-damage|p1a: Corviknight|4/100 par
|move|p1a: Corviknight|Defog|p2a: Dragapult
|-fail|p2a: Dragapult|unboost|[from] ability: Clear Body|[of] p2a: Dragapult
|-sideend|p1: Chuolv|Stealth Rock|[from] move: Defog|[of] p1a: Corviknight
|
|upkeep
|turn|21
|
|t:|1760786553
|move|p2a: Dragapult|Dragon Darts|p1a: Corviknight
|-resisted|p1a: Corviknight
|-damage|p1a: Corviknight|0 fnt
|faint|p1a: Corviknight
|
|upkeep
|
|t:|1760786562
|switch|p1a: Scyther|Scyther, M, shiny|100/100
|turn|22
|
|t:|1760786570
|switch|p2a: Alomomola|Alomomola, M|100/100
|move|p1a: Scyther|Dual Wingbeat|p2a: Alomomola
|-damage|p2a: Alomomola|85/100
|-damage|p2a: Alomomola|70/100
|-hitcount|p2a: Alomomola|2
|
|upkeep
|turn|23
|
|t:|1760786582
|switch|p1a: Venusaur|Venusaur, M|67/100
|move|p2a: Alomomola|Scald|p1a: Venusaur
|-resisted|p1a: Venusaur
|-damage|p1a: Venusaur|61/100
|
|upkeep
|turn|24
|
|t:|1760786593
|move|p1a: Venusaur|Sunny Day|p1a: Venusaur
|-weather|SunnyDay
|move|p2a: Alomomola|Flip Turn|p1a: Venusaur
|-resisted|p1a: Venusaur
|-damage|p1a: Venusaur|58/100
|
|t:|1760786597
|switch|p2a: Dragapult|Dragapult, F, shiny|100/100|[from] Flip Turn
|
|-weather|SunnyDay|[upkeep]
|upkeep
|turn|25
|
|t:|1760786604
|move|p2a: Dragapult|Dragon Darts|p1a: Venusaur
|-damage|p1a: Venusaur|36/100
|-anim|p2a: Dragapult|Dragon Darts|p1a: Venusaur
|-damage|p1a: Venusaur|17/100
|move|p1a: Venusaur|Sludge Bomb|p2a: Dragapult
|-resisted|p2a: Dragapult
|-damage|p2a: Dragapult|79/100
|
|-weather|SunnyDay|[upkeep]
|upkeep
|turn|26
|
|t:|1760786614
|move|p2a: Dragapult|Dragon Darts|p1a: Venusaur
|-damage|p1a: Venusaur|0 fnt
|faint|p1a: Venusaur
|
|-weather|SunnyDay|[upkeep]
|upkeep
|
|t:|1760786629
|switch|p1a: Scyther|Scyther, M, shiny|100/100
|turn|27
|
|t:|1760786644
|move|p2a: Dragapult|Dragon Darts|p1a: Scyther
|-damage|p1a: Scyther|76/100
|-anim|p2a: Dragapult|Dragon Darts|p1a: Scyther
|-damage|p1a: Scyther|48/100
|move|p1a: Scyther|Dual Wingbeat|p2a: Dragapult
|-damage|p2a: Dragapult|34/100
|-damage|p2a: Dragapult|0 fnt
|faint|p2a: Dragapult
|-hitcount|p2: Dragapult|2
|
|-weather|SunnyDay|[upkeep]
|upkeep
|
|t:|1760786650
|switch|p2a: Alomomola|Alomomola, M|100/100
|turn|28
|
|t:|1760786658
|move|p1a: Scyther|Swords Dance|p1a: Scyther
|-boost|p1a: Scyther|atk|2
|move|p2a: Alomomola|Scald|p1a: Scyther
|-damage|p1a: Scyther|41/100
|-status|p1a: Scyther|brn
|
|-weather|SunnyDay|[upkeep]
|-damage|p1a: Scyther|35/100 brn|[from] brn
|upkeep
|turn|29
|
|t:|1760786683
|move|p1a: Scyther|Trailblaze|p2a: Alomomola
|-supereffective|p2a: Alomomola
|-damage|p2a: Alomomola|76/100
|-boost|p1a: Scyther|spe|1
|move|p2a: Alomomola|Flip Turn|p1a: Scyther
|-damage|p1a: Scyther|28/100 brn
|
|t:|1760786687
|switch|p2a: Slowking|Slowking-Galar, F, shiny|98/100|[from] Flip Turn
|
|-weather|SunnyDay|[upkeep]
|-damage|p1a: Scyther|21/100 brn|[from] brn
|upkeep
|turn|30
|
|t:|1760786697
|move|p1a: Scyther|Dual Wingbeat|p2a: Slowking
|-damage|p2a: Slowking|69/100
|-damage|p2a: Slowking|35/100
|-hitcount|p2a: Slowking|2
|move|p2a: Slowking|Flamethrower|p1a: Scyther
|-supereffective|p1a: Scyther
|-damage|p1a: Scyther|0 fnt
|faint|p1a: Scyther
|
|-weather|SunnyDay|[upkeep]
|upkeep
|
|t:|1760786708
|switch|p1a: Arcanine|Arcanine-Hisui, M|37/100
|turn|31
|
|t:|1760786713
|move|p1a: Arcanine|Head Smash|p2a: Slowking
|-damage|p2a: Slowking|0 fnt
|faint|p2a: Slowking
|-damage|p1a: Arcanine|27/100|[from] item: Life Orb
|
|-weather|none
|upkeep
|
|t:|1760786714
|switch|p2a: Alomomola|Alomomola, M|100/100
|turn|32
|
|t:|1760786722
|move|p1a: Arcanine|Head Smash|p2a: Alomomola
|-damage|p2a: Alomomola|44/100
|-damage|p1a: Arcanine|17/100|[from] item: Life Orb
|move|p2a: Alomomola|Flip Turn|p1a: Arcanine
|-supereffective|p1a: Arcanine
|-damage|p1a: Arcanine|0 fnt
|faint|p1a: Arcanine
|
|upkeep
|
|t:|1760786732
|switch|p1a: Clefable|Clefable, F|100/100
|turn|33
|
|t:|1760786739
|move|p2a: Alomomola|Protect|p2a: Alomomola
|-singleturn|p2a: Alomomola|Protect
|move|p1a: Clefable|Cosmic Power|p1a: Clefable
|-boost|p1a: Clefable|def|1
|-boost|p1a: Clefable|spd|1
|
|upkeep
|turn|34
|-message|Vikavolt22 forfeited.
|
|win|Chuolv
|raw|Chuolv's rating: 1159 &rarr; <strong>1186</strong><br />(+27 for winning)
|raw|Vikavolt22's rating: 1180 &rarr; <strong>1153</strong><br />(-27 for losing)
|l|☆Vikavolt22
|player|p2|
|l|☆Chuolv
|player|p1|
