|j|☆bowling12345
|j|☆itiswatitis
|t:|1760812715
|gametype|singles
|player|p1|bowling12345|266|1278
|player|p2|itiswatitis|265|1258
|gen|9
|tier|[Gen 9] OU
|rated|
|rule|HP Percentage Mod: HP is shown in percentages
|rule|Endless Battle Clause: Forcing endless battles is banned
|rule|Species Clause: Limit one of each Pokémon
|rule|OHKO Clause: OHKO moves are banned
|rule|Evasion Items Clause: Evasion items are banned
|rule|Evasion Moves Clause: Evasion moves are banned
|rule|Evasion Abilities Clause: Evasion abilities are banned
|rule|Sleep Moves Clause: Sleep-inducing moves are banned
|clearpoke
|poke|p1|Zoroark-Hisui, M|
|poke|p1|Garganacl, M|
|poke|p1|Munkidori, M|
|poke|p1|Sinistcha|
|poke|p1|Alomomola, M|
|poke|p1|Entei|
|poke|p2|Cinderace, F|
|poke|p2|Meowscarada, F|
|poke|p2|Pecharunt|
|poke|p2|Primarina, F|
|poke|p2|Landorus-Therian, M|
|poke|p2|Kyurem|
|teampreview
|inactive|Battle timer is ON: inactive players will automatically lose when time's up. (requested by bowling12345)
|
|t:|1760812726
|teamsize|p1|6
|teamsize|p2|6
|start
|switch|p1a: Garganacl|Garganacl, M|100/100
|switch|p2a: Kyurem|Kyurem|100/100
|-ability|p2a: Kyurem|Pressure
|turn|1
|
|t:|1760812735
|switch|p2a: Landorus|Landorus-Therian, M|100/100
|-ability|p2a: Landorus|Intimidate|boost
|-unboost|p1a: Garganacl|atk|1
|move|p1a: Garganacl|Stealth Rock|p2a: Landorus
|-sidestart|p2: itiswatitis|move: Stealth Rock
|
|upkeep
|turn|2
|
|t:|1760812743
|move|p1a: Garganacl|Protect|p1a: Garganacl
|-singleturn|p1a: Garganacl|Protect
|move|p2a: Landorus|Earthquake|p1a: Garganacl
|-activate|p1a: Garganacl|move: Protect
|
|upkeep
|turn|3
|
|t:|1760812749
|switch|p1a: Alomomola|Alomomola, M|100/100
|move|p2a: Landorus|Earthquake|p1a: Alomomola
|-damage|p1a: Alomomola|76/100
|
|upkeep
|turn|4
|
|t:|1760812756
|switch|p2a: Primarina|Primarina, F|100/100
|-damage|p2a: Primarina|88/100|[from] Stealth Rock
|move|p1a: Alomomola|Scald|p2a: Primarina
|-resisted|p2a: Primarina
|-damage|p2a: Primarina|84/100
|
|upkeep
|turn|5
|
|t:|1760812766
|switch|p1a: Munkidori|Munkidori, M|100/100
|move|p2a: Primarina|Moonblast|p1a: Munkidori
|-resisted|p1a: Munkidori
|-damage|p1a: Munkidori|86/100
|
|upkeep
|turn|6
|
|t:|1760812777
|move|p1a: Munkidori|Sludge Bomb|p2a: Primarina
|-supereffective|p2a: Primarina
|-damage|p2a: Primarina|35/100
|-status|p2a: Primarina|tox|[from] ability: Toxic Chain|[of] p1a: Munkidori
|move|p2a: Primarina|Flip Turn|p1a: Munkidori
|-damage|p1a: Munkidori|65/100
|
|t:|1760812786
|switch|p2a: Cinderace|Cinderace, F|100/100|[from] Flip Turn
|
|upkeep
|turn|7
|
|t:|1760812791
|switch|p1a: Alomomola|Alomomola, M|100/100
|move|p2a: Cinderace|Court Change|p2a: Cinderace
|-start|p2a: Cinderace|typechange|Normal|[from] ability: Libero
|-swapsideconditions
|-activate|p2a: Cinderace|move: Court Change
|
|upkeep
|turn|8
|
|t:|1760812801
|move|p2a: Cinderace|U-turn|p1a: Alomomola
|-damage|p1a: Alomomola|89/100
|-damage|p2a: Cinderace|84/100|[from] item: Rocky Helmet|[of] p1a: Alomomola
|
|t:|1760812805
|switch|p2a: Kyurem|Kyurem|100/100|[from] U-turn
|-ability|p2a: Kyurem|Pressure
|move|p1a: Alomomola|Wish|p1a: Alomomola
|
|upkeep
|turn|9
|
|t:|1760812811
|switch|p1a: Munkidori|Munkidori, M|65/100
|-damage|p1a: Munkidori|53/100|[from] Stealth Rock
|move|p2a: Kyurem|Dragon Dance|p2a: Kyurem
|-boost|p2a: Kyurem|atk|1
|-boost|p2a: Kyurem|spe|1
|
|-heal|p1a: Munkidori|100/100|[from] move: Wish|[wisher] Alomomola
|upkeep
|turn|10
|
|t:|1760812821
|-terastallize|p2a: Kyurem|Ground
|-terastallize|p1a: Munkidori|Dark
|move|p2a: Kyurem|Tera Blast|p1a: Munkidori|[anim] Tera Blast Ground
|-damage|p1a: Munkidori|0 fnt
|faint|p1a: Munkidori
|
|upkeep
|
|t:|1760812833
|switch|p1a: Alomomola|Alomomola, M|100/100
|-damage|p1a: Alomomola|88/100|[from] Stealth Rock
|turn|11
|
|t:|1760812837
|move|p2a: Kyurem|Dragon Dance|p2a: Kyurem
|-boost|p2a: Kyurem|atk|1
|-boost|p2a: Kyurem|spe|1
|move|p1a: Alomomola|Scald|p2a: Kyurem
|-supereffective|p2a: Kyurem
|-damage|p2a: Kyurem|74/100
|
|upkeep
|turn|12
|
|t:|1760812843
|move|p2a: Kyurem|Tera Blast|p1a: Alomomola|[anim] Tera Blast Ground
|-crit|p1a: Alomomola
|-damage|p1a: Alomomola|12/100
|move|p1a: Alomomola|Scald|p2a: Kyurem
|-supereffective|p2a: Kyurem
|-damage|p2a: Kyurem|49/100
|
|upkeep
|turn|13
|
|t:|1760812851
|move|p2a: Kyurem|Tera Blast|p1a: Alomomola|[anim] Tera Blast Ground
|-damage|p1a: Alomomola|0 fnt
|faint|p1a: Alomomola
|
|upkeep
|
|t:|1760812856
|switch|p1a: Sinistcha|Sinistcha|100/100
|-damage|p1a: Sinistcha|88/100|[from] Stealth Rock
|turn|14
|
|t:|1760812861
|move|p2a: Kyurem|Icicle Spear|p1a: Sinistcha
|-supereffective|p1a: Sinistcha
|-damage|p1a: Sinistcha|40/100
|-enditem|p1a: Sinistcha|Weakness Policy
|-boost|p1a: Sinistcha|atk|2|[from] item: Weakness Policy
|-boost|p1a: Sinistcha|spa|2|[from] item: Weakness Policy
|-supereffective|p1a: Sinistcha
|-damage|p1a: Sinistcha|0 fnt
|faint|p1a: Sinistcha
|-hitcount|p1: Sinistcha|2
|
|upkeep
|-message|bowling12345 forfeited.
|
|win|itiswatitis
|raw|bowling12345's rating: 1278 &rarr; <strong>1252</strong><br />(-26 for losing)
|raw|itiswatitis's rating: 1258 &rarr; <strong>1284</strong><br />(+26 for winning)
|l|☆bowling12345
|player|p1|
|l|☆itiswatitis
|player|p2|
