|j|‽Ryota Garcia
|j|☆Wwwooooopooer
|t:|1760720752
|gametype|singles
|player|p1|Ryota Garcia|riley|1087
|player|p2|Wwwooooopooer|265|1087
|gen|9
|tier|[Gen 9] OU
|rated|
|rule|HP Percentage Mod: HP is shown in percentages
|rule|Endless Battle Clause: Forcing endless battles is banned
|rule|Species Clause: Limit one of each Pokémon
|rule|OHKO Clause: OHKO moves are banned
|rule|Evasion Items Clause: Evasion items are banned
|rule|Evasion Moves Clause: Evasion moves are banned
|rule|Evasion Abilities Clause: Evasion abilities are banned
|rule|Sleep Moves Clause: Sleep-inducing moves are banned
|clearpoke
|poke|p1|Zapdos|
|poke|p1|Chandelure, M|
|poke|p1|Dondozo, F|
|poke|p1|Excadrill, M|
|poke|p1|Grafaiai, F|
|poke|p1|Toxicroak, F|
|poke|p2|Iron Crown|
|poke|p2|Great Tusk|
|poke|p2|Ogerpon-Wellspring, F|
|poke|p2|Heatran, F|
|poke|p2|Tornadus-Therian, M|
|poke|p2|Enamorus, F|
|teampreview
|inactive|Battle timer is ON: inactive players will automatically lose when time's up. (requested by Ryota Garcia)
|
|t:|1760720758
|teamsize|p1|6
|teamsize|p2|6
|start
|switch|p1a: Grafaiai|Grafaiai, F, shiny|100/100
|switch|p2a: Tornadus|Tornadus-Therian, M|100/100
|turn|1
|
|t:|1760720765
|move|p1a: Grafaiai|Toxic|p2a: Tornadus
|-status|p2a: Tornadus|tox
|move|p2a: Tornadus|Knock Off|p1a: Grafaiai
|-damage|p1a: Grafaiai|60/100
|-enditem|p1a: Grafaiai|Focus Sash|[from] move: Knock Off|[of] p2a: Tornadus
|
|-damage|p2a: Tornadus|94/100 tox|[from] psn
|upkeep
|turn|2
|
|t:|1760720777
|move|p2a: Tornadus|Bleakwind Storm|p1a: Grafaiai
|-damage|p1a: Grafaiai|0 fnt
|faint|p1a: Grafaiai
|
|-damage|p2a: Tornadus|82/100 tox|[from] psn
|upkeep
|
|t:|1760720789
|switch|p1a: Zapdos|Zapdos|100/100
|turn|3
|
|t:|1760720796
|switch|p2a: Great Tusk|Great Tusk|100/100
|move|p1a: Zapdos|Heat Wave|p2a: Great Tusk
|-damage|p2a: Great Tusk|51/100
|-damage|p1a: Zapdos|91/100|[from] item: Life Orb
|
|upkeep
|turn|4
|
|t:|1760720804
|-end|p2a: Great Tusk|Protosynthesis|[silent]
|switch|p2a: Heatran|Heatran, F|100/100
|move|p1a: Zapdos|Heat Wave|p2a: Heatran
|-start|p2a: Heatran|ability: Flash Fire
|
|upkeep
|turn|5
|
|t:|1760720812
|move|p1a: Zapdos|Thunderbolt|p2a: Heatran
|-damage|p2a: Heatran|55/100
|-damage|p1a: Zapdos|81/100|[from] item: Life Orb
|move|p2a: Heatran|Stealth Rock|p1a: Zapdos
|-sidestart|p1: Ryota Garcia|move: Stealth Rock
|
|upkeep
|turn|6
|
|t:|1760720820
|move|p1a: Zapdos|Thunderbolt|p2a: Heatran
|-damage|p2a: Heatran|7/100
|-damage|p1a: Zapdos|71/100|[from] item: Life Orb
|move|p2a: Heatran|Magma Storm|p1a: Zapdos|[miss]
|-miss|p2a: Heatran|p1a: Zapdos
|
|upkeep
|turn|7
|
|t:|1760720829
|-end|p2a: Heatran|ability: Flash Fire|[silent]
|switch|p2a: Great Tusk|Great Tusk|51/100
|move|p1a: Zapdos|Thunderbolt|p2a: Great Tusk
|-immune|p2a: Great Tusk
|
|upkeep
|turn|8
|
|t:|1760720835
|-end|p2a: Great Tusk|Protosynthesis|[silent]
|switch|p2a: Tornadus|Tornadus-Therian, M|100/100 tox
|move|p1a: Zapdos|Agility|p1a: Zapdos
|-boost|p1a: Zapdos|spe|2
|
|-damage|p2a: Tornadus|94/100 tox|[from] psn
|upkeep
|turn|9
|
|t:|1760720853
|switch|p2a: Great Tusk|Great Tusk|51/100
|move|p1a: Zapdos|Thunderbolt|p2a: Great Tusk
|-immune|p2a: Great Tusk
|
|upkeep
|turn|10
|
|t:|1760720861
|-terastallize|p2a: Great Tusk|Water
|move|p1a: Zapdos|Thunderbolt|p2a: Great Tusk
|-supereffective|p2a: Great Tusk
|-damage|p2a: Great Tusk|0 fnt
|faint|p2a: Great Tusk
|-end|p2a: Great Tusk|Protosynthesis|[silent]
|-damage|p1a: Zapdos|61/100|[from] item: Life Orb
|
|upkeep
|
|t:|1760720864
|switch|p2a: Ogerpon|Ogerpon-Wellspring, F|100/100
|turn|11
|
|t:|1760720879
|move|p1a: Zapdos|Thunderbolt|p2a: Ogerpon
|-damage|p2a: Ogerpon|37/100
|-damage|p1a: Zapdos|51/100|[from] item: Life Orb
|move|p2a: Ogerpon|Ivy Cudgel|p1a: Zapdos|[anim] Ivy Cudgel Water
|-damage|p1a: Zapdos|0 fnt
|faint|p1a: Zapdos
|
|upkeep
|
|t:|1760720895
|switch|p1a: Toxicroak|Toxicroak, F|100/100
|turn|12
|
|t:|1760720903
|switch|p2a: Heatran|Heatran, F|7/100
|move|p1a: Toxicroak|Ice Punch|p2a: Heatran
|-resisted|p2a: Heatran
|-damage|p2a: Heatran|2/100
|
|upkeep
|turn|13
|
|t:|1760720922
|switch|p2a: Enamorus|Enamorus, F|100/100
|move|p1a: Toxicroak|Drain Punch|p2a: Enamorus
|-resisted|p2a: Enamorus
|-damage|p2a: Enamorus|89/100
|
|upkeep
|turn|14
|
|t:|1760720929
|move|p2a: Enamorus|Moonblast|p1a: Toxicroak
|-damage|p1a: Toxicroak|37/100
|move|p1a: Toxicroak|Ice Punch|p2a: Enamorus
|-supereffective|p2a: Enamorus
|-damage|p2a: Enamorus|19/100
|
|upkeep
|turn|15
|
|t:|1760720945
|switch|p1a: Excadrill|Excadrill, M|100/100
|-damage|p1a: Excadrill|98/100|[from] Stealth Rock
|-ability|p1a: Excadrill|Mold Breaker
|move|p2a: Enamorus|Moonblast|p1a: Excadrill
|-resisted|p1a: Excadrill
|-damage|p1a: Excadrill|71/100
|
|upkeep
|turn|16
|
|t:|1760720954
|switch|p2a: Iron Crown|Iron Crown|100/100
|move|p1a: Excadrill|Rapid Spin|p2a: Iron Crown
|-resisted|p2a: Iron Crown
|-damage|p2a: Iron Crown|93/100
|-boost|p1a: Excadrill|spe|1
|-sideend|p1: Ryota Garcia|Stealth Rock|[from] move: Rapid Spin|[of] p1a: Excadrill
|
|upkeep
|turn|17
|
|t:|1760720962
|move|p1a: Excadrill|Earthquake|p2a: Iron Crown
|-supereffective|p2a: Iron Crown
|-damage|p2a: Iron Crown|0 fnt
|faint|p2a: Iron Crown
|-end|p2a: Iron Crown|Quark Drive|[silent]
|
|upkeep
|
|t:|1760720969
|switch|p2a: Enamorus|Enamorus, F|19/100
|turn|18
|
|t:|1760720973
|move|p1a: Excadrill|Iron Head|p2a: Enamorus
|-supereffective|p2a: Enamorus
|-damage|p2a: Enamorus|0 fnt
|faint|p2a: Enamorus
|
|upkeep
|
|t:|1760720978
|switch|p2a: Tornadus|Tornadus-Therian, M|100/100 tox
|turn|19
|
|t:|1760720981
|move|p1a: Excadrill|Rock Slide|p2a: Tornadus
|-supereffective|p2a: Tornadus
|-damage|p2a: Tornadus|38/100 tox
|move|p2a: Tornadus|Heat Wave|p1a: Excadrill
|-supereffective|p1a: Excadrill
|-damage|p1a: Excadrill|10/100
|-enditem|p1a: Excadrill|Sitrus Berry|[eat]
|-heal|p1a: Excadrill|35/100|[from] item: Sitrus Berry
|
|-damage|p2a: Tornadus|32/100 tox|[from] psn
|upkeep
|turn|20
|
|t:|1760721002
|move|p1a: Excadrill|Rock Slide|p2a: Tornadus
|-supereffective|p2a: Tornadus
|-damage|p2a: Tornadus|0 fnt
|faint|p2a: Tornadus
|
|upkeep
|
|t:|1760721006
|switch|p2a: Ogerpon|Ogerpon-Wellspring, F|37/100
|turn|21
|
|t:|1760721012
|move|p1a: Excadrill|Iron Head|p2a: Ogerpon
|-resisted|p2a: Ogerpon
|-damage|p2a: Ogerpon|8/100
|cant|p2a: Ogerpon|flinch
|
|upkeep
|turn|22
|
|t:|1760721018
|move|p1a: Excadrill|Earthquake|p2a: Ogerpon
|-resisted|p2a: Ogerpon
|-crit|p2a: Ogerpon
|-damage|p2a: Ogerpon|0 fnt
|faint|p2a: Ogerpon
|
|upkeep
|
|t:|1760721020
|switch|p2a: Heatran|Heatran, F|2/100
|turn|23
|
|t:|1760721026
|move|p1a: Excadrill|Earthquake|p2a: Heatran
|-supereffective|p2a: Heatran
|-damage|p2a: Heatran|0 fnt
|faint|p2a: Heatran
|
|win|Ryota Garcia
|raw|Ryota Garcia's rating: 1087 &rarr; <strong>1114</strong><br />(+27 for winning)
|raw|Wwwooooopooer's rating: 1087 &rarr; <strong>1064</strong><br />(-23 for losing)
|l|☆Wwwooooopooer
|player|p2|
