|j|☆jrg123
|j|☆go b3yond
|t:|1760721592
|gametype|singles
|player|p1|jrg123|102|1491
|player|p2|go b3yond|waiter-gen4dp|1418
|gen|9
|tier|[Gen 9] OU
|rated|
|rule|HP Percentage Mod: HP is shown in percentages
|rule|Endless Battle Clause: Forcing endless battles is banned
|rule|Species Clause: Limit one of each Pokémon
|rule|OHKO Clause: OHKO moves are banned
|rule|Evasion Items Clause: Evasion items are banned
|rule|Evasion Moves Clause: Evasion moves are banned
|rule|Evasion Abilities Clause: Evasion abilities are banned
|rule|Sleep Moves Clause: Sleep-inducing moves are banned
|clearpoke
|poke|p1|Lokix, F|
|poke|p1|Cinderace, M|
|poke|p1|Great Tusk|
|poke|p1|Alomomola, F|
|poke|p1|Enamorus, F|
|poke|p1|Slowking-Galar, M|
|poke|p2|Torkoal, M|
|poke|p2|Brute Bonnet|
|poke|p2|Walking Wake|
|poke|p2|Hatterene, F|
|poke|p2|Thundurus-Therian, M|
|poke|p2|Ceruledge, M|
|teampreview
|inactive|Battle timer is ON: inactive players will automatically lose when time's up. (requested by jrg123)
|
|t:|1760721611
|teamsize|p1|6
|teamsize|p2|6
|start
|switch|p1a: Slowking|Slowking-Galar, M|100/100
|switch|p2a: Great Bait|Torkoal, M, shiny|100/100
|-weather|SunnyDay|[from] ability: Drought|[of] p2a: Great Bait
|turn|1
|
|t:|1760721615
|move|p2a: Great Bait|Eruption|p1a: Slowking
|-crit|p1a: Slowking
|-damage|p1a: Slowking|0 fnt
|faint|p1a: Slowking
|
|-weather|SunnyDay|[upkeep]
|upkeep
|c|☆jrg123|fuck
|c|☆go b3yond|yes
|
|t:|1760721631
|switch|p1a: Enamorus|Enamorus, F|100/100
|turn|2
|
|t:|1760721637
|switch|p2a: Witch|Hatterene, F, shiny|100/100
|move|p1a: Enamorus|Earth Power|p2a: Witch
|-crit|p2a: Witch
|-damage|p2a: Witch|39/100
|-enditem|p2a: Witch|Eject Button
|
|t:|1760721642
|switch|p2a: Storm|Thundurus-Therian, M|100/100
|
|-weather|SunnyDay|[upkeep]
|upkeep
|turn|3
|
|t:|1760721648
|switch|p1a: Great Tusk|Great Tusk|100/100
|-activate|p1a: Great Tusk|ability: Protosynthesis
|-start|p1a: Great Tusk|protosynthesisdef
|move|p2a: Storm|Weather Ball|p1a: Great Tusk
|-damage|p1a: Great Tusk|0 fnt
|faint|p1a: Great Tusk
|-end|p1a: Great Tusk|Protosynthesis|[silent]
|
|-weather|SunnyDay|[upkeep]
|upkeep
|
|t:|1760721655
|switch|p1a: Cinderace|Cinderace, M|100/100
|turn|4
|
|t:|1760721660
|switch|p2a: Witch|Hatterene, F, shiny|39/100
|move|p1a: Cinderace|Pyro Ball|p2a: Witch
|-damage|p2a: Witch|0 fnt
|faint|p2a: Witch
|
|-weather|SunnyDay|[upkeep]
|upkeep
|
|t:|1760721664
|switch|p2a: Knight|Ceruledge, M|100/100
|turn|5
|
|t:|1760721668
|move|p1a: Cinderace|U-turn|p2a: Knight
|-resisted|p2a: Knight
|-damage|p2a: Knight|94/100
|-ability|p2a: Knight|Weak Armor|boost
|-unboost|p2a: Knight|def|1
|-boost|p2a: Knight|spe|2
|
|t:|1760721671
|switch|p1a: Alomomola|Alomomola, F|100/100|[from] U-turn
|move|p2a: Knight|Swords Dance|p2a: Knight
|-boost|p2a: Knight|atk|2
|
|-weather|SunnyDay|[upkeep]
|upkeep
|turn|6
|
|t:|1760721679
|move|p2a: Knight|Bitter Blade|p1a: Alomomola
|-resisted|p1a: Alomomola
|-damage|p1a: Alomomola|49/100
|-heal|p2a: Knight|100/100|[from] drain|[of] p1a: Alomomola
|move|p1a: Alomomola|Flip Turn|p2a: Knight
|-supereffective|p2a: Knight
|-damage|p2a: Knight|65/100
|-ability|p2a: Knight|Weak Armor|boost
|-unboost|p2a: Knight|def|1
|-boost|p2a: Knight|spe|2
|
|t:|1760721689
|switch|p1a: Lokix|Lokix, F|100/100|[from] Flip Turn
|
|-weather|SunnyDay|[upkeep]
|upkeep
|turn|7
|
|t:|1760721692
|move|p2a: Knight|Shadow Sneak|p1a: Lokix
|-resisted|p1a: Lokix
|-damage|p1a: Lokix|74/100
|move|p1a: Lokix|U-turn|p2a: Knight
|-resisted|p2a: Knight
|-damage|p2a: Knight|0 fnt
|faint|p2a: Knight
|
|t:|1760721703
|switch|p1a: Enamorus|Enamorus, F|100/100|[from] U-turn
|
|-weather|SunnyDay|[upkeep]
|upkeep
|
|t:|1760721724
|switch|p2a: Shark|Walking Wake|100/100
|-activate|p2a: Shark|ability: Protosynthesis
|-start|p2a: Shark|protosynthesisspe
|turn|8
|
|t:|1760721738
|switch|p1a: Alomomola|Alomomola, F|82/100
|move|p2a: Shark|Hydro Steam|p1a: Alomomola
|-resisted|p1a: Alomomola
|-damage|p1a: Alomomola|68/100
|
|-weather|none
|-end|p2a: Shark|Protosynthesis
|upkeep
|turn|9
|
|t:|1760721759
|move|p2a: Shark|Flip Turn|p1a: Alomomola
|-resisted|p1a: Alomomola
|-damage|p1a: Alomomola|62/100
|
|t:|1760721768
|-end|p2a: Shark|Protosynthesis|[silent]
|switch|p2a: Great Bait|Torkoal, M, shiny|100/100|[from] Flip Turn
|-weather|SunnyDay|[from] ability: Drought|[of] p2a: Great Bait
|move|p1a: Alomomola|Flip Turn|p2a: Great Bait
|-supereffective|p2a: Great Bait
|-damage|p2a: Great Bait|88/100
|
|t:|1760721775
|switch|p1a: Enamorus|Enamorus, F|100/100|[from] Flip Turn
|
|-weather|SunnyDay|[upkeep]
|upkeep
|turn|10
|
|t:|1760721780
|-terastallize|p1a: Enamorus|Stellar
|move|p1a: Enamorus|Tera Blast|p2a: Great Bait|[anim] Tera Blast Stellar
|-damage|p2a: Great Bait|27/100
|-boost|p1a: Enamorus|atk|1
|-boost|p1a: Enamorus|spa|1
|move|p2a: Great Bait|Overheat|p1a: Enamorus
|-damage|p1a: Enamorus|0 fnt
|-unboost|p2a: Great Bait|spa|2
|faint|p1a: Enamorus
|
|-weather|SunnyDay|[upkeep]
|upkeep
|c|☆jrg123|FUCK
|
|t:|1760721794
|switch|p1a: Lokix|Lokix, F|74/100
|turn|11
|
|t:|1760721799
|move|p1a: Lokix|U-turn|p2a: Great Bait
|-resisted|p2a: Great Bait
|-damage|p2a: Great Bait|0 fnt
|faint|p2a: Great Bait
|
|t:|1760721803
|switch|p1a: Alomomola|Alomomola, F|95/100|[from] U-turn
|
|-weather|SunnyDay|[upkeep]
|upkeep
|
|t:|1760721811
|switch|p2a: BRUTE FORCE|Brute Bonnet|100/100
|-activate|p2a: BRUTE FORCE|ability: Protosynthesis
|-start|p2a: BRUTE FORCE|protosynthesisatk
|turn|12
|
|t:|1760721817
|move|p2a: BRUTE FORCE|Growth|p2a: BRUTE FORCE
|-boost|p2a: BRUTE FORCE|atk|2
|-boost|p2a: BRUTE FORCE|spa|2
|move|p1a: Alomomola|Flip Turn|p2a: BRUTE FORCE
|-resisted|p2a: BRUTE FORCE
|-damage|p2a: BRUTE FORCE|97/100
|
|t:|1760721820
|switch|p1a: Lokix|Lokix, F|74/100|[from] Flip Turn
|
|-weather|SunnyDay|[upkeep]
|upkeep
|turn|13
|
|t:|1760721827
|-terastallize|p2a: BRUTE FORCE|Fire
|move|p1a: Lokix|U-turn|p2a: BRUTE FORCE
|-resisted|p2a: BRUTE FORCE
|-damage|p2a: BRUTE FORCE|50/100
|
|t:|1760721831
|switch|p1a: Cinderace|Cinderace, M|100/100|[from] U-turn
|move|p2a: BRUTE FORCE|Tera Blast|p1a: Cinderace|[anim] Tera Blast Fire
|-resisted|p1a: Cinderace
|-damage|p1a: Cinderace|1/100
|
|-weather|SunnyDay|[upkeep]
|upkeep
|turn|14
|
|t:|1760721842
|move|p2a: BRUTE FORCE|Sucker Punch|p1a: Cinderace
|-damage|p1a: Cinderace|0 fnt
|faint|p1a: Cinderace
|
|-weather|SunnyDay|[upkeep]
|upkeep
|
|t:|1760721846
|switch|p1a: Lokix|Lokix, F|74/100
|turn|15
|
|t:|1760721859
|move|p1a: Lokix|First Impression|p2a: BRUTE FORCE
|-resisted|p2a: BRUTE FORCE
|-damage|p2a: BRUTE FORCE|0 fnt
|faint|p2a: BRUTE FORCE
|-end|p2a: BRUTE FORCE|Protosynthesis|[silent]
|
|-weather|SunnyDay|[upkeep]
|upkeep
|
|t:|1760721863
|switch|p2a: Storm|Thundurus-Therian, M|100/100
|turn|16
|
|t:|1760721866
|switch|p1a: Alomomola|Alomomola, F|100/100
|move|p2a: Storm|Thunderbolt|p1a: Alomomola
|-supereffective|p1a: Alomomola
|-damage|p1a: Alomomola|26/100
|
|-weather|none
|upkeep
|turn|17
|
|t:|1760721895
|move|p2a: Storm|Thunderbolt|p1a: Alomomola
|-supereffective|p1a: Alomomola
|-damage|p1a: Alomomola|0 fnt
|faint|p1a: Alomomola
|
|upkeep
|
|t:|1760721898
|switch|p1a: Lokix|Lokix, F|74/100
|turn|18
|
|t:|1760721902
|switch|p2a: Shark|Walking Wake|100/100
|move|p1a: Lokix|Leech Life|p2a: Shark
|-damage|p2a: Shark|42/100
|-heal|p1a: Lokix|100/100|[from] drain|[of] p2a: Shark
|
|upkeep
|turn|19
|
|t:|1760721905
|move|p2a: Shark|Flamethrower|p1a: Lokix
|-supereffective|p1a: Lokix
|-crit|p1a: Lokix
|-damage|p1a: Lokix|0 fnt
|faint|p1a: Lokix
|
|win|go b3yond
|raw|jrg123's rating: 1491 &rarr; <strong>1467</strong><br />(-24 for losing)
|raw|go b3yond's rating: 1418 &rarr; <strong>1442</strong><br />(+24 for winning)
|l|☆jrg123
|player|p1|
|l|☆go b3yond
|player|p2|
