|j|☆saibayman
|j|☆Dark_Havocll
|t:|1760743875
|gametype|singles
|player|p1|saibayman|265|1420
|player|p2|Dark_Havocll|hiker-gen4|1483
|gen|9
|tier|[Gen 9] OU
|rated|
|rule|HP Percentage Mod: HP is shown in percentages
|rule|Endless Battle Clause: Forcing endless battles is banned
|rule|Species Clause: Limit one of each Pokémon
|rule|OHKO Clause: OHKO moves are banned
|rule|Evasion Items Clause: Evasion items are banned
|rule|Evasion Moves Clause: Evasion moves are banned
|rule|Evasion Abilities Clause: Evasion abilities are banned
|rule|Sleep Moves Clause: Sleep-inducing moves are banned
|clearpoke
|poke|p1|Metagross|
|poke|p1|Great Tusk|
|poke|p1|Slowking-Galar, F|
|poke|p1|Dragapult, F|
|poke|p1|Meowscarada, M|
|poke|p1|Zapdos|
|poke|p2|Dragonite, F|
|poke|p2|Greninja-*, M|
|poke|p2|Great Tusk|
|poke|p2|Kingambit, M|
|poke|p2|Pecharunt|
|poke|p2|Regice|
|teampreview
|inactive|Battle timer is ON: inactive players will automatically lose when time's up. (requested by saibayman)
|
|t:|1760743893
|teamsize|p1|6
|teamsize|p2|6
|start
|switch|p1a: Dragapult|Dragapult, F|100/100
|switch|p2a: Kingambit|Kingambit, M|100/100
|turn|1
|
|t:|1760743921
|move|p1a: Dragapult|Will-O-Wisp|p2a: Kingambit
|-status|p2a: Kingambit|brn
|move|p2a: Kingambit|Stealth Rock|p1a: Dragapult
|-sidestart|p1: saibayman|move: Stealth Rock
|
|-damage|p2a: Kingambit|94/100 brn|[from] brn
|upkeep
|turn|2
|
|t:|1760743929
|move|p1a: Dragapult|U-turn|p2a: Kingambit
|-damage|p2a: Kingambit|81/100 brn
|
|t:|1760743932
|switch|p1a: Great Tusk|Great Tusk|100/100|[from] U-turn
|-damage|p1a: Great Tusk|98/100|[from] Stealth Rock
|move|p2a: Kingambit|Thunder Wave|p1a: Great Tusk
|-immune|p1a: Great Tusk
|
|-heal|p1a: Great Tusk|100/100|[from] item: Leftovers
|-heal|p2a: Kingambit|88/100 brn|[from] item: Leftovers
|-damage|p2a: Kingambit|81/100 brn|[from] brn
|upkeep
|turn|3
|
|t:|1760743943
|-end|p2a: Kingambit|fallenundefined|[silent]
|switch|p2a: Pecharunt|Pecharunt|100/100
|move|p1a: Great Tusk|Earthquake|p2a: Pecharunt
|-supereffective|p2a: Pecharunt
|-damage|p2a: Pecharunt|45/100
|
|upkeep
|turn|4
|
|t:|1760743950
|move|p2a: Pecharunt|Malignant Chain|p1a: Great Tusk
|-resisted|p1a: Great Tusk
|-damage|p1a: Great Tusk|79/100
|-status|p1a: Great Tusk|tox
|-start|p1a: Great Tusk|confusion|[from] ability: Poison Puppeteer|[of] p2a: Pecharunt
|-activate|p1a: Great Tusk|confusion
|move|p1a: Great Tusk|Earthquake|p2a: Pecharunt
|-supereffective|p2a: Pecharunt
|-damage|p2a: Pecharunt|0 fnt
|faint|p2a: Pecharunt
|
|-heal|p1a: Great Tusk|85/100 tox|[from] item: Leftovers
|-damage|p1a: Great Tusk|79/100 tox|[from] psn
|upkeep
|
|t:|1760743963
|switch|p2a: Dragonite|Dragonite, F|100/100
|turn|5
|
|t:|1760743966
|move|p2a: Dragonite|Dragon Dance|p2a: Dragonite
|-boost|p2a: Dragonite|atk|1
|-boost|p2a: Dragonite|spe|1
|-activate|p1a: Great Tusk|confusion
|-damage|p1a: Great Tusk|73/100 tox|[from] confusion
|
|-heal|p1a: Great Tusk|79/100 tox|[from] item: Leftovers
|-damage|p1a: Great Tusk|67/100 tox|[from] psn
|upkeep
|turn|6
|
|t:|1760743976
|move|p2a: Dragonite|Dragon Dance|p2a: Dragonite
|-boost|p2a: Dragonite|atk|1
|-boost|p2a: Dragonite|spe|1
|-end|p1a: Great Tusk|confusion
|move|p1a: Great Tusk|Rapid Spin|p2a: Dragonite
|-damage|p2a: Dragonite|93/100
|-boost|p1a: Great Tusk|spe|1
|-sideend|p1: saibayman|Stealth Rock|[from] move: Rapid Spin|[of] p1a: Great Tusk
|
|-heal|p1a: Great Tusk|73/100 tox|[from] item: Leftovers
|-damage|p1a: Great Tusk|54/100 tox|[from] psn
|upkeep
|turn|7
|
|t:|1760743989
|-terastallize|p2a: Dragonite|Electric
|move|p2a: Dragonite|Dragon Dance|p2a: Dragonite
|-boost|p2a: Dragonite|atk|1
|-boost|p2a: Dragonite|spe|1
|move|p1a: Great Tusk|Body Press|p2a: Dragonite
|-damage|p2a: Dragonite|43/100
|
|-heal|p1a: Great Tusk|61/100 tox|[from] item: Leftovers
|-damage|p1a: Great Tusk|36/100 tox|[from] psn
|upkeep
|turn|8
|
|t:|1760744002
|move|p2a: Dragonite|Earthquake|p1a: Great Tusk
|-damage|p1a: Great Tusk|0 fnt
|faint|p1a: Great Tusk
|-end|p1a: Great Tusk|Protosynthesis|[silent]
|
|upkeep
|
|t:|1760744007
|switch|p1a: Dragapult|Dragapult, F|100/100
|turn|9
|
|t:|1760744010
|move|p2a: Dragonite|Earthquake|p1a: Dragapult
|-enditem|p1a: Dragapult|Focus Sash
|-damage|p1a: Dragapult|1/100
|move|p1a: Dragapult|Dragon Darts|p2a: Dragonite
|-damage|p2a: Dragonite|15/100
|-anim|p1a: Dragapult|Dragon Darts|p2a: Dragonite
|-damage|p2a: Dragonite|0 fnt
|faint|p2a: Dragonite
|
|upkeep
|
|t:|1760744017
|switch|p2a: Kingambit|Kingambit, M|81/100 brn
|-activate|p2a: Kingambit|ability: Supreme Overlord
|-start|p2a: Kingambit|fallen2|[silent]
|turn|10
|
|t:|1760744024
|switch|p1a: Meowscarada|Meowscarada, M|100/100
|move|p2a: Kingambit|Stealth Rock|p1a: Meowscarada
|-sidestart|p1: saibayman|move: Stealth Rock
|
|-heal|p2a: Kingambit|88/100 brn|[from] item: Leftovers
|-damage|p2a: Kingambit|81/100 brn|[from] brn
|upkeep
|turn|11
|
|t:|1760744033
|move|p1a: Meowscarada|Low Kick|p2a: Kingambit
|-start|p1a: Meowscarada|typechange|Fighting|[from] ability: Protean
|-supereffective|p2a: Kingambit
|-damage|p2a: Kingambit|0 fnt
|faint|p2a: Kingambit
|-end|p2a: Kingambit|fallen2|[silent]
|
|upkeep
|
|t:|1760744037
|switch|p2a: Great Tusk|Great Tusk|100/100
|turn|12
|
|t:|1760744045
|move|p1a: Meowscarada|Flower Trick|p2a: Great Tusk
|-supereffective|p2a: Great Tusk
|-crit|p2a: Great Tusk
|-damage|p2a: Great Tusk|62/100
|move|p2a: Great Tusk|Bulk Up|p2a: Great Tusk
|-boost|p2a: Great Tusk|atk|1
|-boost|p2a: Great Tusk|def|1
|
|-heal|p2a: Great Tusk|68/100|[from] item: Leftovers
|upkeep
|turn|13
|
|t:|1760744057
|switch|p1a: Metagross|Metagross|100/100
|-damage|p1a: Metagross|94/100|[from] Stealth Rock
|move|p2a: Great Tusk|Rapid Spin|p1a: Metagross
|-resisted|p1a: Metagross
|-damage|p1a: Metagross|88/100
|-boost|p2a: Great Tusk|spe|1
|-damage|p2a: Great Tusk|51/100|[from] item: Rocky Helmet|[of] p1a: Metagross
|
|-heal|p2a: Great Tusk|58/100|[from] item: Leftovers
|upkeep
|turn|14
|
|t:|1760744068
|move|p2a: Great Tusk|Headlong Rush|p1a: Metagross
|-supereffective|p1a: Metagross
|-damage|p1a: Metagross|5/100
|-unboost|p2a: Great Tusk|def|1
|-unboost|p2a: Great Tusk|spd|1
|-damage|p2a: Great Tusk|41/100|[from] item: Rocky Helmet|[of] p1a: Metagross
|move|p1a: Metagross|Psychic Fangs|p2a: Great Tusk
|-supereffective|p2a: Great Tusk
|-damage|p2a: Great Tusk|0 fnt
|faint|p2a: Great Tusk
|-end|p2a: Great Tusk|Protosynthesis|[silent]
|
|upkeep
|
|t:|1760744073
|switch|p2a: Greninja|Greninja, M|100/100
|turn|15
|
|t:|1760744085
|move|p1a: Metagross|Bullet Punch|p2a: Greninja
|-resisted|p2a: Greninja
|-damage|p2a: Greninja|86/100
|move|p2a: Greninja|Dark Pulse|p1a: Metagross
|-start|p2a: Greninja|typechange|Dark|[from] ability: Protean
|-supereffective|p1a: Metagross
|-crit|p1a: Metagross
|-damage|p1a: Metagross|0 fnt
|faint|p1a: Metagross
|
|upkeep
|
|t:|1760744096
|switch|p1a: Meowscarada|Meowscarada, M|100/100
|turn|16
|
|t:|1760744107
|move|p1a: Meowscarada|Play Rough|p2a: Greninja
|-start|p1a: Meowscarada|typechange|Fairy|[from] ability: Protean
|-supereffective|p2a: Greninja
|-damage|p2a: Greninja|0 fnt
|faint|p2a: Greninja
|
|upkeep
|
|t:|1760744109
|switch|p2a: Regice|Regice|100/100
|turn|17
|
|t:|1760744118
|move|p1a: Meowscarada|Low Kick|p2a: Regice
|-supereffective|p2a: Regice
|-damage|p2a: Regice|39/100
|move|p2a: Regice|Thunder Wave|p1a: Meowscarada
|-status|p1a: Meowscarada|par
|
|upkeep
|turn|18
|
|t:|1760744124
|move|p1a: Meowscarada|Low Kick|p2a: Regice
|-supereffective|p2a: Regice
|-damage|p2a: Regice|0 fnt
|faint|p2a: Regice
|
|win|saibayman
|raw|saibayman's rating: 1420 &rarr; <strong>1444</strong><br />(+24 for winning)
|raw|Dark_Havocll's rating: 1483 &rarr; <strong>1459</strong><br />(-24 for losing)
|c|☆Dark_Havocll|gg
|l|☆Dark_Havocll
|player|p2|
|l|☆saibayman
|player|p1|
