|j|☆Reyhane_
|j|☆redvelvet12
|t:|1760811617
|gametype|singles
|player|p1|Reyhane_|101|1168
|player|p2|redvelvet12|skierf|1145
|gen|9
|tier|[Gen 9] OU
|rated|
|rule|HP Percentage Mod: HP is shown in percentages
|rule|Endless Battle Clause: Forcing endless battles is banned
|rule|Species Clause: Limit one of each Pokémon
|rule|OHKO Clause: OHKO moves are banned
|rule|Evasion Items Clause: Evasion items are banned
|rule|Evasion Moves Clause: Evasion moves are banned
|rule|Evasion Abilities Clause: Evasion abilities are banned
|rule|Sleep Moves Clause: Sleep-inducing moves are banned
|clearpoke
|poke|p1|Great Tusk|
|poke|p1|Landorus-Therian, M|
|poke|p1|Slowking-Galar, M|
|poke|p1|Walking Wake|
|poke|p1|Garchomp, M|
|poke|p1|Kingambit, F|
|poke|p2|Vivillon-Fancy, F|
|poke|p2|Garganacl, F|
|poke|p2|Primarina, F|
|poke|p2|Corviknight, F|
|poke|p2|Lilligant-Hisui, F|
|poke|p2|Zoroark-Hisui, F|
|teampreview
|inactive|Battle timer is ON: inactive players will automatically lose when time's up. (requested by redvelvet12)
|
|t:|1760811630
|teamsize|p1|6
|teamsize|p2|6
|start
|switch|p1a: Great Tusk|Great Tusk|100/100
|switch|p2a: Mrs sandstone|Garganacl, F, shiny|100/100
|turn|1
|
|t:|1760811639
|move|p1a: Great Tusk|Stealth Rock|p2a: Mrs sandstone
|-sidestart|p2: redvelvet12|move: Stealth Rock
|move|p2a: Mrs sandstone|Ice Punch|p1a: Great Tusk
|-supereffective|p1a: Great Tusk
|-damage|p1a: Great Tusk|68/100
|-status|p1a: Great Tusk|frz
|-damage|p2a: Mrs sandstone|84/100|[from] item: Rocky Helmet|[of] p1a: Great Tusk
|
|upkeep
|turn|2
|
|t:|1760811652
|-end|p1a: Great Tusk|Protosynthesis|[silent]
|switch|p1a: Walking Wake|Walking Wake|100/100
|move|p2a: Mrs sandstone|Ice Punch|p1a: Walking Wake
|-damage|p1a: Walking Wake|76/100
|
|upkeep
|turn|3
|
|t:|1760811657
|switch|p2a: Opal|Primarina, F, shiny|100/100
|-damage|p2a: Opal|88/100|[from] Stealth Rock
|move|p1a: Walking Wake|Hydro Steam|p2a: Opal
|-resisted|p2a: Opal
|-damage|p2a: Opal|65/100
|
|-heal|p2a: Opal|71/100|[from] item: Leftovers
|upkeep
|turn|4
|
|t:|1760811665
|-end|p1a: Walking Wake|Protosynthesis|[silent]
|switch|p1a: Slowking|Slowking-Galar, M|100/100
|move|p2a: Opal|Substitute|p2a: Opal
|-start|p2a: Opal|Substitute
|-damage|p2a: Opal|46/100
|
|-heal|p2a: Opal|52/100|[from] item: Leftovers
|upkeep
|turn|5
|
|t:|1760811669
|move|p2a: Opal|Hydro Pump|p1a: Slowking|[miss]
|-miss|p2a: Opal|p1a: Slowking
|move|p1a: Slowking|Sludge Bomb|p2a: Opal
|-supereffective|p2a: Opal
|-end|p2a: Opal|Substitute
|
|-heal|p2a: Opal|58/100|[from] item: Leftovers
|upkeep
|turn|6
|
|t:|1760811672
|switch|p2a: Corviknight|Corviknight, F|100/100
|-damage|p2a: Corviknight|88/100|[from] Stealth Rock
|-ability|p2a: Corviknight|Pressure
|move|p1a: Slowking|Future Sight|p2a: Corviknight
|-start|p1a: Slowking|move: Future Sight
|
|upkeep
|turn|7
|
|t:|1760811675
|move|p2a: Corviknight|Defog|p1a: Slowking
|-unboost|p1a: Slowking|evasion|1
|-sideend|p2: redvelvet12|Stealth Rock|[from] move: Defog|[of] p2a: Corviknight
|move|p1a: Slowking|Flamethrower|p2a: Corviknight
|-supereffective|p2a: Corviknight
|-damage|p2a: Corviknight|46/100
|
|upkeep
|turn|8
|
|t:|1760811683
|move|p2a: Corviknight|U-turn|p1a: Slowking
|-damage|p1a: Slowking|89/100
|
|t:|1760811687
|switch|p2a: Opal|Primarina, F, shiny|58/100|[from] U-turn
|move|p1a: Slowking|Flamethrower|p2a: Opal
|-resisted|p2a: Opal
|-damage|p2a: Opal|50/100
|
|-end|p2a: Opal|move: Future Sight
|-damage|p2a: Opal|15/100
|-heal|p2a: Opal|21/100|[from] item: Leftovers
|upkeep
|turn|9
|
|t:|1760811699
|switch|p2a: Mrs sandstone|Garganacl, F, shiny|84/100
|move|p1a: Slowking|Sludge Bomb|p2a: Mrs sandstone
|-resisted|p2a: Mrs sandstone
|-damage|p2a: Mrs sandstone|72/100
|
|upkeep
|turn|10
|
|t:|1760811706
|move|p2a: Mrs sandstone|Earthquake|p1a: Slowking
|-supereffective|p1a: Slowking
|-damage|p1a: Slowking|39/100
|move|p1a: Slowking|Future Sight|p2a: Mrs sandstone
|-start|p1a: Slowking|move: Future Sight
|
|upkeep
|turn|11
|
|t:|1760811712
|switch|p1a: Landorus|Landorus-Therian, M|100/100
|-ability|p1a: Landorus|Intimidate|boost
|-unboost|p2a: Mrs sandstone|atk|1
|move|p2a: Mrs sandstone|Earthquake|p1a: Landorus
|-immune|p1a: Landorus
|
|upkeep
|turn|12
|
|t:|1760811716
|switch|p2a: Corviknight|Corviknight, F|46/100
|-ability|p2a: Corviknight|Pressure
|move|p1a: Landorus|U-turn|p2a: Corviknight
|-resisted|p2a: Corviknight
|-damage|p2a: Corviknight|42/100
|-damage|p1a: Landorus|84/100|[from] item: Rocky Helmet|[of] p2a: Corviknight
|
|t:|1760811721
|switch|p1a: Walking Wake|Walking Wake|76/100|[from] U-turn
|
|-end|p2a: Corviknight|move: Future Sight
|-resisted|p2a: Corviknight
|-damage|p2a: Corviknight|20/100
|upkeep
|turn|13
|
|t:|1760811726
|move|p1a: Walking Wake|Flamethrower|p2a: Corviknight
|-supereffective|p2a: Corviknight
|-damage|p2a: Corviknight|0 fnt
|faint|p2a: Corviknight
|
|upkeep
|inactive|redvelvet12 has 120 seconds left.
|
|t:|1760811766
|switch|p2a: Lilligant|Lilligant-Hisui, F|100/100
|turn|14
|
|t:|1760811772
|move|p2a: Lilligant|Hyper Voice|p1a: Walking Wake
|-damage|p1a: Walking Wake|4/100
|-damage|p2a: Lilligant|91/100|[from] item: Life Orb
|move|p1a: Walking Wake|Flamethrower|p2a: Lilligant
|-damage|p2a: Lilligant|0 fnt
|replace|p2a: Zoroark|Zoroark-Hisui, F
|-end|p2a: Zoroark|Illusion
|faint|p2a: Zoroark
|
|upkeep
|
|t:|1760811775
|switch|p2a: Lilligant|Lilligant-Hisui, F|100/100
|turn|15
|
|t:|1760811781
|move|p2a: Lilligant|Ice Spinner|p1a: Walking Wake
|-damage|p1a: Walking Wake|0 fnt
|faint|p1a: Walking Wake
|-end|p1a: Walking Wake|Protosynthesis|[silent]
|
|upkeep
|
|t:|1760811788
|switch|p1a: Slowking|Slowking-Galar, M|72/100
|turn|16
|
|t:|1760811793
|switch|p2a: Mrs sandstone|Garganacl, F, shiny|72/100
|move|p1a: Slowking|Future Sight|p2a: Mrs sandstone
|-start|p1a: Slowking|move: Future Sight
|
|upkeep
|turn|17
|
|t:|1760811799
|move|p2a: Mrs sandstone|Stone Edge|p1a: Slowking
|-damage|p1a: Slowking|37/100
|move|p1a: Slowking|Sludge Bomb|p2a: Mrs sandstone
|-resisted|p2a: Mrs sandstone
|-damage|p2a: Mrs sandstone|62/100
|
|upkeep
|turn|18
|
|t:|1760811804
|switch|p1a: Landorus|Landorus-Therian, M|84/100
|-ability|p1a: Landorus|Intimidate|boost
|-unboost|p2a: Mrs sandstone|atk|1
|move|p2a: Mrs sandstone|Stone Edge|p1a: Landorus
|-damage|p1a: Landorus|49/100
|
|-end|p2a: Mrs sandstone|move: Future Sight
|-damage|p2a: Mrs sandstone|33/100
|upkeep
|turn|19
|
|t:|1760811819
|-terastallize|p2a: Mrs sandstone|Flying
|move|p1a: Landorus|U-turn|p2a: Mrs sandstone
|-resisted|p2a: Mrs sandstone
|-damage|p2a: Mrs sandstone|24/100
|
|t:|1760811824
|switch|p1a: Great Tusk|Great Tusk|68/100 frz|[from] U-turn
|move|p2a: Mrs sandstone|Ice Punch|p1a: Great Tusk
|-supereffective|p1a: Great Tusk
|-crit|p1a: Great Tusk
|-damage|p1a: Great Tusk|21/100 frz
|-damage|p2a: Mrs sandstone|7/100|[from] item: Rocky Helmet|[of] p1a: Great Tusk
|
|upkeep
|turn|20
|
|t:|1760811832
|cant|p1a: Great Tusk|frz
|move|p2a: Mrs sandstone|Ice Punch|p1a: Great Tusk
|-supereffective|p1a: Great Tusk
|-damage|p1a: Great Tusk|2/100 frz
|-damage|p2a: Mrs sandstone|0 fnt|[from] item: Rocky Helmet|[of] p1a: Great Tusk
|faint|p2a: Mrs sandstone
|
|upkeep
|
|t:|1760811836
|switch|p2a: Lilligant|Lilligant-Hisui, F|100/100
|turn|21
|
|t:|1760811843
|move|p2a: Lilligant|Ice Spinner|p1a: Great Tusk|[miss]
|-miss|p2a: Lilligant|p1a: Great Tusk
|-curestatus|p1a: Great Tusk|frz|[msg]
|move|p1a: Great Tusk|Ice Spinner|p2a: Lilligant
|-supereffective|p2a: Lilligant
|-damage|p2a: Lilligant|23/100
|
|upkeep
|turn|22
|
|t:|1760811847
|move|p2a: Lilligant|Ice Spinner|p1a: Great Tusk
|-supereffective|p1a: Great Tusk
|-damage|p1a: Great Tusk|0 fnt
|-damage|p2a: Lilligant|7/100|[from] item: Rocky Helmet|[of] p1a: Great Tusk
|faint|p1a: Great Tusk
|-end|p1a: Great Tusk|Protosynthesis|[silent]
|
|upkeep
|
|t:|1760811853
|switch|p1a: Slowking|Slowking-Galar, M|70/100
|turn|23
|
|t:|1760811856
|switch|p2a: Opal|Primarina, F, shiny|21/100
|move|p1a: Slowking|Future Sight|p2a: Opal
|-start|p1a: Slowking|move: Future Sight
|
|-heal|p2a: Opal|27/100|[from] item: Leftovers
|upkeep
|turn|24
|
|t:|1760811858
|move|p2a: Opal|Substitute|p2a: Opal
|-start|p2a: Opal|Substitute
|-damage|p2a: Opal|2/100
|move|p1a: Slowking|Sludge Bomb|p2a: Opal
|-supereffective|p2a: Opal
|-end|p2a: Opal|Substitute
|
|-heal|p2a: Opal|9/100|[from] item: Leftovers
|upkeep
|turn|25
|
|t:|1760811865
|move|p2a: Opal|Hydro Pump|p1a: Slowking
|-damage|p1a: Slowking|21/100
|move|p1a: Slowking|Sludge Bomb|p2a: Opal
|-supereffective|p2a: Opal
|-damage|p2a: Opal|0 fnt
|faint|p2a: Opal
|
|-hint|Future Sight did not hit because the target is fainted.
|upkeep
|
|t:|1760811868
|switch|p2a: Vivillon|Vivillon-Fancy, F|100/100
|turn|26
|-message|Reyhane_ forfeited.
|
|win|redvelvet12
|raw|Reyhane_'s rating: 1168 &rarr; <strong>1141</strong><br />(-27 for losing)
|raw|redvelvet12's rating: 1145 &rarr; <strong>1172</strong><br />(+27 for winning)
|l|☆Reyhane_
|player|p1|
|l|☆redvelvet12
|player|p2|
