|j|☆mio3777
|j|☆bigtestsofbig
|t:|1760807133
|gametype|singles
|player|p1|mio3777|170|1587
|player|p2|bigtestsofbig|1|1571
|gen|9
|tier|[Gen 9] OU
|rated|
|rule|HP Percentage Mod: HP is shown in percentages
|rule|Endless Battle Clause: Forcing endless battles is banned
|rule|Species Clause: Limit one of each Pokémon
|rule|OHKO Clause: OHKO moves are banned
|rule|Evasion Items Clause: Evasion items are banned
|rule|Evasion Moves Clause: Evasion moves are banned
|rule|Evasion Abilities Clause: Evasion abilities are banned
|rule|Sleep Moves Clause: Sleep-inducing moves are banned
|clearpoke
|poke|p1|Indeedee, M|
|poke|p1|Polteageist-Antique|
|poke|p1|Cinderace, F|
|poke|p1|Armarouge, F|
|poke|p1|Hawlucha, F|
|poke|p1|Hatterene, F|
|poke|p2|Iron Jugulis|
|poke|p2|Pelipper, M|
|poke|p2|Floatzel, F|
|poke|p2|Walking Wake|
|poke|p2|Iron Treads|
|poke|p2|Scizor, F|
|teampreview
|
|t:|1760807146
|teamsize|p1|6
|teamsize|p2|6
|start
|switch|p1a: Indeedee|Indeedee, M|100/100
|switch|p2a: Scizor|Scizor, F|100/100
|-fieldstart|move: Psychic Terrain|[from] ability: Psychic Surge|[of] p1a: Indeedee
|turn|1
|inactive|Battle timer is ON: inactive players will automatically lose when time's up. (requested by bigtestsofbig)
|
|t:|1760807157
|switch|p1a: Armarouge|Armarouge, F|100/100
|switch|p2a: Iron Jugulis|Iron Jugulis|100/100
|
|upkeep
|turn|2
|
|t:|1760807166
|move|p2a: Iron Jugulis|Dark Pulse|p1a: Armarouge
|-supereffective|p1a: Armarouge
|-enditem|p1a: Armarouge|Focus Sash
|-damage|p1a: Armarouge|1/100
|move|p1a: Armarouge|Armor Cannon|p2a: Iron Jugulis
|-damage|p2a: Iron Jugulis|13/100
|-unboost|p1a: Armarouge|def|1
|-unboost|p1a: Armarouge|spd|1
|
|upkeep
|turn|3
|
|t:|1760807175
|switch|p1a: Hawlucha|Hawlucha, F|100/100
|-enditem|p1a: Hawlucha|Psychic Seed
|-boost|p1a: Hawlucha|spd|1|[from] item: Psychic Seed
|move|p2a: Iron Jugulis|Dark Pulse|p1a: Hawlucha
|-resisted|p1a: Hawlucha
|-damage|p1a: Hawlucha|76/100
|
|upkeep
|turn|4
|
|t:|1760807183
|-end|p2a: Iron Jugulis|Quark Drive|[silent]
|switch|p2a: Pelipper|Pelipper, M|100/100
|-weather|RainDance|[from] ability: Drizzle|[of] p2a: Pelipper
|move|p1a: Hawlucha|Acrobatics|p2a: Pelipper
|-damage|p2a: Pelipper|51/100
|
|-weather|RainDance|[upkeep]
|upkeep
|turn|5
|
|t:|1760807190
|move|p1a: Hawlucha|Acrobatics|p2a: Pelipper
|-damage|p2a: Pelipper|1/100
|move|p2a: Pelipper|Hurricane|p1a: Hawlucha
|-supereffective|p1a: Hawlucha
|-damage|p1a: Hawlucha|13/100
|
|-weather|RainDance|[upkeep]
|upkeep
|turn|6
|
|t:|1760807199
|switch|p2a: Scizor|Scizor, F|100/100
|move|p1a: Hawlucha|Acrobatics|p2a: Scizor
|-damage|p2a: Scizor|50/100
|-enditem|p2a: Scizor|Sitrus Berry|[eat]
|-heal|p2a: Scizor|75/100|[from] item: Sitrus Berry
|
|-weather|RainDance|[upkeep]
|upkeep
|turn|7
|
|t:|1760807207
|move|p2a: Scizor|Bullet Punch|p1a: Hawlucha
|-hint|Psychic Terrain doesn't affect Pokémon immune to Ground.
|-damage|p1a: Hawlucha|0 fnt
|faint|p1a: Hawlucha
|
|-weather|RainDance|[upkeep]
|upkeep
|
|t:|1760807214
|switch|p1a: Armarouge|Armarouge, F|1/100
|turn|8
|
|t:|1760807235
|switch|p2a: Walking Wake|Walking Wake|100/100
|-enditem|p2a: Walking Wake|Booster Energy
|-activate|p2a: Walking Wake|ability: Protosynthesis|[fromitem]
|-start|p2a: Walking Wake|protosynthesisspe
|move|p1a: Armarouge|Expanding Force|p2a: Walking Wake
|-damage|p2a: Walking Wake|0 fnt
|faint|p2a: Walking Wake
|-end|p2a: Walking Wake|Protosynthesis|[silent]
|
|-weather|RainDance|[upkeep]
|-fieldend|move: Psychic Terrain
|upkeep
|
|t:|1760807245
|switch|p2a: Floatzel|Floatzel, F|100/100
|turn|9
|
|t:|1760807257
|move|p1a: Armarouge|Endure|p1a: Armarouge
|-singleturn|p1a: Armarouge|move: Endure
|move|p2a: Floatzel|Liquidation|p1a: Armarouge
|-supereffective|p1a: Armarouge
|-activate|p1a: Armarouge|move: Endure
|-damage|p1a: Armarouge|1/100
|-unboost|p1a: Armarouge|def|1
|-ability|p1a: Armarouge|Weak Armor|boost
|-unboost|p1a: Armarouge|def|1
|-boost|p1a: Armarouge|spe|2
|
|-weather|RainDance|[upkeep]
|upkeep
|turn|10
|
|t:|1760807268
|switch|p1a: Indeedee|Indeedee, M|100/100
|-fieldstart|move: Psychic Terrain|[from] ability: Psychic Surge|[of] p1a: Indeedee
|move|p2a: Floatzel|Liquidation|p1a: Indeedee
|-crit|p1a: Indeedee
|-damage|p1a: Indeedee|0 fnt
|faint|p1a: Indeedee
|
|-weather|RainDance|[upkeep]
|upkeep
|
|t:|1760807278
|switch|p1a: Polteageist|Polteageist-Antique|100/100
|turn|11
|
|t:|1760807294
|move|p2a: Floatzel|Liquidation|p1a: Polteageist
|-enditem|p1a: Polteageist|Focus Sash
|-damage|p1a: Polteageist|1/100
|-ability|p1a: Polteageist|Weak Armor|boost
|-unboost|p1a: Polteageist|def|1
|-boost|p1a: Polteageist|spe|2
|move|p1a: Polteageist|Shell Smash|p1a: Polteageist
|-unboost|p1a: Polteageist|def|1
|-unboost|p1a: Polteageist|spd|1
|-boost|p1a: Polteageist|atk|2
|-boost|p1a: Polteageist|spa|2
|-boost|p1a: Polteageist|spe|2
|
|-weather|none
|upkeep
|turn|12
|
|t:|1760807315
|switch|p2a: Pelipper|Pelipper, M|1/100
|-weather|RainDance|[from] ability: Drizzle|[of] p2a: Pelipper
|move|p1a: Polteageist|Stored Power|p2a: Pelipper
|-damage|p2a: Pelipper|0 fnt
|faint|p2a: Pelipper
|
|-weather|RainDance|[upkeep]
|upkeep
|
|t:|1760807324
|switch|p2a: Iron Treads|Iron Treads|100/100
|turn|13
|
|t:|1760807335
|-terastallize|p1a: Polteageist|Fighting
|-terastallize|p2a: Iron Treads|Ground
|move|p1a: Polteageist|Tera Blast|p2a: Iron Treads|[anim] Tera Blast Fighting
|-damage|p2a: Iron Treads|0 fnt
|faint|p2a: Iron Treads
|-end|p2a: Iron Treads|Quark Drive|[silent]
|
|-weather|RainDance|[upkeep]
|upkeep
|
|t:|1760807344
|switch|p2a: Scizor|Scizor, F|75/100
|turn|14
|
|t:|1760807352
|switch|p2a: Iron Jugulis|Iron Jugulis|13/100
|move|p1a: Polteageist|Shadow Ball|p2a: Iron Jugulis
|-resisted|p2a: Iron Jugulis
|-damage|p2a: Iron Jugulis|0 fnt
|faint|p2a: Iron Jugulis
|-end|p2a: Iron Jugulis|Quark Drive|[silent]
|
|-weather|RainDance|[upkeep]
|upkeep
|inactive|bigtestsofbig has 120 seconds left.
|
|t:|1760807368
|switch|p2a: Floatzel|Floatzel, F|100/100
|turn|15
|
|t:|1760807373
|switch|p2a: Scizor|Scizor, F|75/100
|move|p1a: Polteageist|Stored Power|p2a: Scizor
|-resisted|p2a: Scizor
|-damage|p2a: Scizor|0 fnt
|faint|p2a: Scizor
|
|-weather|RainDance|[upkeep]
|upkeep
|
|t:|1760807376
|switch|p2a: Floatzel|Floatzel, F|100/100
|turn|16
|
|t:|1760807385
|move|p1a: Polteageist|Stored Power|p2a: Floatzel
|-damage|p2a: Floatzel|0 fnt
|faint|p2a: Floatzel
|
|win|mio3777
|raw|mio3777's rating: 1587 &rarr; <strong>1606</strong><br />(+19 for winning)
|raw|bigtestsofbig's rating: 1571 &rarr; <strong>1552</strong><br />(-19 for losing)
|l|☆bigtestsofbig
|player|p2|
|l|☆mio3777
|player|p1|
