|j|☆exrollo
|j|☆zoge666
|t:|1760719697
|gametype|singles
|player|p1|exrollo|burglar|1083
|player|p2|zoge666|rosa|1065
|gen|9
|tier|[Gen 9] OU
|rated|
|rule|HP Percentage Mod: HP is shown in percentages
|rule|Endless Battle Clause: Forcing endless battles is banned
|rule|Species Clause: Limit one of each Pokémon
|rule|OHKO Clause: OHKO moves are banned
|rule|Evasion Items Clause: Evasion items are banned
|rule|Evasion Moves Clause: Evasion moves are banned
|rule|Evasion Abilities Clause: Evasion abilities are banned
|rule|Sleep Moves Clause: Sleep-inducing moves are banned
|clearpoke
|poke|p1|Bayleef, F|
|poke|p1|Jirachi|
|poke|p1|Heracross, F|
|poke|p1|Scizor, F|
|poke|p1|Mew|
|poke|p1|Manaphy|
|poke|p2|Cinderace, M|
|poke|p2|Charizard, M|
|poke|p2|Torkoal, F|
|poke|p2|Zamazenta-*|
|poke|p2|Meowscarada, F|
|poke|p2|Gliscor, M|
|teampreview
|
|t:|1760719706
|teamsize|p1|6
|teamsize|p2|6
|start
|switch|p1a: Mew|Mew|100/100
|switch|p2a: Cinderace|Cinderace, M|100/100
|turn|1
|
|t:|1760719716
|move|p2a: Cinderace|Swords Dance|p2a: Cinderace
|-boost|p2a: Cinderace|atk|2
|move|p1a: Mew|Super Fang|p2a: Cinderace
|-damage|p2a: Cinderace|51/100
|
|upkeep
|turn|2
|
|t:|1760719724
|move|p2a: Cinderace|Pyro Ball|p1a: Mew
|-damage|p1a: Mew|1/100
|move|p1a: Mew|Imprison|p1a: Mew
|-start|p1a: Mew|move: Imprison
|
|upkeep
|turn|3
|
|t:|1760719732
|move|p2a: Cinderace|Flame Charge|p1a: Mew
|-damage|p1a: Mew|0 fnt
|-boost|p2a: Cinderace|spe|1
|faint|p1a: Mew
|
|upkeep
|
|t:|1760719745
|switch|p1a: Heracross|Heracross, F|100/100
|turn|4
|
|t:|1760719752
|-terastallize|p1a: Heracross|Fire
|move|p2a: Cinderace|Flame Charge|p1a: Heracross
|-resisted|p1a: Heracross
|-damage|p1a: Heracross|67/100
|-boost|p2a: Cinderace|spe|1
|move|p1a: Heracross|Earthquake|p2a: Cinderace
|-supereffective|p2a: Cinderace
|-damage|p2a: Cinderace|0 fnt
|faint|p2a: Cinderace
|-ability|p1a: Heracross|Moxie|boost
|-boost|p1a: Heracross|atk|1
|
|upkeep
|
|t:|1760719766
|switch|p2a: Gliscor|Gliscor, M|100/100
|turn|5
|
|t:|1760719777
|switch|p1a: Manaphy|Manaphy, shiny|100/100
|move|p2a: Gliscor|Toxic|p1a: Manaphy|[miss]
|-miss|p2a: Gliscor|p1a: Manaphy
|
|-status|p2a: Gliscor|tox|[from] item: Toxic Orb
|upkeep
|turn|6
|
|t:|1760719791
|move|p1a: Manaphy|Tail Glow|p1a: Manaphy
|-boost|p1a: Manaphy|spa|3
|move|p2a: Gliscor|Toxic|p1a: Manaphy|[miss]
|-miss|p2a: Gliscor|p1a: Manaphy
|
|upkeep
|turn|7
|
|t:|1760719801
|switch|p2a: Torkoal|Torkoal, F|100/100
|-weather|SunnyDay|[from] ability: Drought|[of] p2a: Torkoal
|move|p1a: Manaphy|Rain Dance|p1a: Manaphy
|-weather|RainDance
|
|-weather|RainDance|[upkeep]
|upkeep
|turn|8
|
|t:|1760719809
|move|p1a: Manaphy|Psychic|p2a: Torkoal
|-damage|p2a: Torkoal|52/100
|move|p2a: Torkoal|Clear Smog|p1a: Manaphy
|-damage|p1a: Manaphy|92/100
|-clearboost|p1a: Manaphy
|
|-weather|RainDance|[upkeep]
|upkeep
|turn|9
|
|t:|1760719817
|move|p1a: Manaphy|Weather Ball|p2a: Torkoal
|-supereffective|p2a: Torkoal
|-damage|p2a: Torkoal|0 fnt
|faint|p2a: Torkoal
|
|-weather|RainDance|[upkeep]
|upkeep
|
|t:|1760719825
|switch|p2a: Meowscarada|Meowscarada, F|100/100
|turn|10
|
|t:|1760719848
|switch|p1a: Scizor|Scizor, F|100/100
|move|p2a: Meowscarada|U-turn|p1a: Scizor
|-start|p2a: Meowscarada|typechange|Bug|[from] ability: Protean
|-resisted|p1a: Scizor
|-damage|p1a: Scizor|69/100
|
|t:|1760719857
|switch|p2a: Charizard|Charizard, M|100/100|[from] U-turn
|
|-weather|RainDance|[upkeep]
|upkeep
|turn|11
|
|t:|1760719872
|switch|p2a: Meowscarada|Meowscarada, F|100/100
|switch|p1a: Manaphy|Manaphy, shiny|92/100
|
|-weather|none
|upkeep
|turn|12
|
|t:|1760719894
|switch|p1a: Heracross|Heracross, F, tera:Fire|67/100
|move|p2a: Meowscarada|Flower Trick|p1a: Heracross
|-start|p2a: Meowscarada|typechange|Grass|[from] ability: Protean
|-resisted|p1a: Heracross
|-crit|p1a: Heracross
|-damage|p1a: Heracross|17/100
|
|upkeep
|turn|13
|
|t:|1760719911
|move|p1a: Heracross|Shadow Claw|p2a: Meowscarada
|-damage|p2a: Meowscarada|60/100
|move|p2a: Meowscarada|Flower Trick|p1a: Heracross
|-resisted|p1a: Heracross
|-crit|p1a: Heracross
|-damage|p1a: Heracross|0 fnt
|faint|p1a: Heracross
|
|upkeep
|
|t:|1760719924
|switch|p1a: Jirachi|Jirachi|100/100
|turn|14
|
|t:|1760719930
|switch|p2a: Gliscor|Gliscor, M|100/100 tox
|move|p1a: Jirachi|Body Slam|p2a: Gliscor
|-damage|p2a: Gliscor|81/100 tox
|
|-heal|p2a: Gliscor|93/100 tox|[from] ability: Poison Heal
|upkeep
|turn|15
|
|t:|1760719942
|move|p1a: Jirachi|Iron Head|p2a: Gliscor
|-damage|p2a: Gliscor|69/100 tox
|cant|p2a: Gliscor|flinch
|
|-heal|p2a: Gliscor|81/100 tox|[from] ability: Poison Heal
|upkeep
|turn|16
|
|t:|1760719948
|move|p2a: Gliscor|Protect|p2a: Gliscor
|-singleturn|p2a: Gliscor|Protect
|move|p1a: Jirachi|Iron Head|p2a: Gliscor
|-activate|p2a: Gliscor|move: Protect
|
|-heal|p2a: Gliscor|93/100 tox|[from] ability: Poison Heal
|upkeep
|turn|17
|
|t:|1760719955
|move|p1a: Jirachi|Iron Head|p2a: Gliscor
|-damage|p2a: Gliscor|70/100 tox
|move|p2a: Gliscor|Substitute|p2a: Gliscor
|-start|p2a: Gliscor|Substitute
|-damage|p2a: Gliscor|45/100 tox
|
|-heal|p2a: Gliscor|58/100 tox|[from] ability: Poison Heal
|upkeep
|turn|18
|
|t:|1760719966
|move|p2a: Gliscor|Protect|p2a: Gliscor
|-singleturn|p2a: Gliscor|Protect
|move|p1a: Jirachi|Iron Head|p2a: Gliscor
|-activate|p2a: Gliscor|move: Protect
|
|-heal|p2a: Gliscor|70/100 tox|[from] ability: Poison Heal
|upkeep
|turn|19
|
|t:|1760719976
|move|p1a: Jirachi|Iron Head|p2a: Gliscor
|-activate|p2a: Gliscor|move: Substitute|[damage]
|move|p2a: Gliscor|Earthquake|p1a: Jirachi
|-supereffective|p1a: Jirachi
|-damage|p1a: Jirachi|30/100
|
|-heal|p2a: Gliscor|83/100 tox|[from] ability: Poison Heal
|upkeep
|turn|20
|
|t:|1760719992
|switch|p1a: Manaphy|Manaphy, shiny|92/100
|move|p2a: Gliscor|Substitute|p2a: Gliscor
|-fail|p2a: Gliscor|move: Substitute
|
|-heal|p2a: Gliscor|95/100 tox|[from] ability: Poison Heal
|upkeep
|turn|21
|
|t:|1760720000
|-terastallize|p2a: Gliscor|Water
|move|p1a: Manaphy|Rain Dance|p1a: Manaphy
|-weather|RainDance
|move|p2a: Gliscor|Toxic|p1a: Manaphy
|-status|p1a: Manaphy|tox
|
|-weather|RainDance|[upkeep]
|-activate|p1a: Manaphy|ability: Hydration
|-curestatus|p1a: Manaphy|tox|[msg]
|-heal|p2a: Gliscor|100/100 tox|[from] ability: Poison Heal
|upkeep
|turn|22
|
|t:|1760720011
|move|p2a: Gliscor|Protect|p2a: Gliscor
|-singleturn|p2a: Gliscor|Protect
|move|p1a: Manaphy|Tail Glow|p1a: Manaphy
|-boost|p1a: Manaphy|spa|3
|
|-weather|RainDance|[upkeep]
|upkeep
|turn|23
|
|t:|1760720024
|switch|p2a: Charizard|Charizard, M|100/100
|move|p1a: Manaphy|Weather Ball|p2a: Charizard
|-supereffective|p2a: Charizard
|-damage|p2a: Charizard|0 fnt
|faint|p2a: Charizard
|
|-weather|RainDance|[upkeep]
|upkeep
|
|t:|1760720031
|switch|p2a: Meowscarada|Meowscarada, F|60/100
|turn|24
|
|t:|1760720043
|move|p2a: Meowscarada|Flower Trick|p1a: Manaphy
|-start|p2a: Meowscarada|typechange|Grass|[from] ability: Protean
|-supereffective|p1a: Manaphy
|-crit|p1a: Manaphy
|-damage|p1a: Manaphy|0 fnt
|faint|p1a: Manaphy
|
|-weather|RainDance|[upkeep]
|upkeep
|
|t:|1760720052
|switch|p1a: Scizor|Scizor, F|69/100
|turn|25
|
|t:|1760720062
|switch|p2a: Gliscor|Gliscor, M, tera:Water|100/100 tox
|move|p1a: Scizor|Dual Wingbeat|p2a: Gliscor|[miss]
|-miss|p1a: Scizor|p2a: Gliscor
|
|-weather|none
|upkeep
|turn|26
|
|t:|1760720069
|move|p2a: Gliscor|Substitute|p2a: Gliscor
|-start|p2a: Gliscor|Substitute
|-damage|p2a: Gliscor|76/100 tox
|move|p1a: Scizor|Dual Wingbeat|p2a: Gliscor
|-activate|p2a: Gliscor|move: Substitute|[damage]
|-end|p2a: Gliscor|Substitute
|-hitcount|p2a: Gliscor|2
|
|-heal|p2a: Gliscor|88/100 tox|[from] ability: Poison Heal
|upkeep
|turn|27
|
|t:|1760720080
|move|p2a: Gliscor|Protect|p2a: Gliscor
|-singleturn|p2a: Gliscor|Protect
|move|p1a: Scizor|Dual Wingbeat|p2a: Gliscor
|-activate|p2a: Gliscor|move: Protect
|
|-heal|p2a: Gliscor|100/100 tox|[from] ability: Poison Heal
|upkeep
|turn|28
|
|t:|1760720087
|move|p2a: Gliscor|Earthquake|p1a: Scizor
|-damage|p1a: Scizor|26/100
|move|p1a: Scizor|Dual Wingbeat|p2a: Gliscor
|-damage|p2a: Gliscor|78/100 tox
|-damage|p2a: Gliscor|56/100 tox
|-hitcount|p2a: Gliscor|2
|
|-heal|p2a: Gliscor|68/100 tox|[from] ability: Poison Heal
|upkeep
|turn|29
|
|t:|1760720096
|move|p2a: Gliscor|Earthquake|p1a: Scizor
|-damage|p1a: Scizor|0 fnt
|faint|p1a: Scizor
|
|-heal|p2a: Gliscor|80/100 tox|[from] ability: Poison Heal
|upkeep
|
|t:|1760720105
|switch|p1a: Bayleef|Bayleef, F, shiny|100/100
|turn|30
|
|t:|1760720109
|move|p2a: Gliscor|Protect|p2a: Gliscor
|-singleturn|p2a: Gliscor|Protect
|move|p1a: Bayleef|Leech Seed|p2a: Gliscor
|-activate|p2a: Gliscor|move: Protect
|
|-heal|p2a: Gliscor|93/100 tox|[from] ability: Poison Heal
|upkeep
|turn|31
|
|t:|1760720119
|switch|p2a: Meowscarada|Meowscarada, F|60/100
|move|p1a: Bayleef|Leech Seed|p2a: Meowscarada
|-immune|p2a: Meowscarada
|
|upkeep
|turn|32
|
|t:|1760720127
|move|p2a: Meowscarada|U-turn|p1a: Bayleef
|-start|p2a: Meowscarada|typechange|Bug|[from] ability: Protean
|-supereffective|p1a: Bayleef
|-damage|p1a: Bayleef|24/100
|
|t:|1760720132
|switch|p2a: Zamazenta|Zamazenta|100/100|[from] U-turn
|-ability|p2a: Zamazenta|Dauntless Shield|boost
|-boost|p2a: Zamazenta|def|1
|move|p1a: Bayleef|Counter|p2a: Zamazenta
|-damage|p2a: Zamazenta|0 fnt
|faint|p2a: Zamazenta
|
|upkeep
|
|t:|1760720139
|switch|p2a: Meowscarada|Meowscarada, F|60/100
|turn|33
|
|t:|1760720146
|move|p2a: Meowscarada|Knock Off|p1a: Bayleef
|-start|p2a: Meowscarada|typechange|Dark|[from] ability: Protean
|-damage|p1a: Bayleef|0 fnt
|-enditem|p1a: Bayleef|Eviolite|[from] move: Knock Off|[of] p2a: Meowscarada
|faint|p1a: Bayleef
|
|upkeep
|
|t:|1760720152
|switch|p1a: Jirachi|Jirachi|30/100
|turn|34
|
|t:|1760720159
|move|p2a: Meowscarada|Knock Off|p1a: Jirachi
|-supereffective|p1a: Jirachi
|-damage|p1a: Jirachi|0 fnt
|-damage|p2a: Meowscarada|44/100|[from] item: Rocky Helmet|[of] p1a: Jirachi
|-enditem|p1a: Jirachi|Rocky Helmet|[from] move: Knock Off|[of] p2a: Meowscarada
|faint|p1a: Jirachi
|
|win|zoge666
|raw|exrollo's rating: 1083 &rarr; <strong>1061</strong><br />(-22 for losing)
|raw|zoge666's rating: 1096 &rarr; <strong>1121</strong><br />(+25 for winning)
|l|☆exrollo
|player|p1|
|l|☆zoge666
|player|p2|
