|j|☆Loading0987
|j|☆I am a guineapig
|t:|1760869329
|gametype|singles
|player|p1|Loading0987|2|1250
|player|p2|I am a guineapig|fisherman-gen4|1210
|gen|9
|tier|[Gen 9] OU
|rated|
|rule|HP Percentage Mod: HP is shown in percentages
|rule|Endless Battle Clause: Forcing endless battles is banned
|rule|Species Clause: Limit one of each Pokémon
|rule|OHKO Clause: OHKO moves are banned
|rule|Evasion Items Clause: Evasion items are banned
|rule|Evasion Moves Clause: Evasion moves are banned
|rule|Evasion Abilities Clause: Evasion abilities are banned
|rule|Sleep Moves Clause: Sleep-inducing moves are banned
|clearpoke
|poke|p1|Torkoal, F|
|poke|p1|Hatterene, F|
|poke|p1|Raging Bolt|
|poke|p1|Slither Wing|
|poke|p1|Venusaur, M|
|poke|p1|Walking Wake|
|poke|p2|Staraptor, F|
|poke|p2|Zoroark-Hisui, F|
|poke|p2|Tauros, M|
|poke|p2|Slowbro, M|
|poke|p2|Ditto|
|poke|p2|Cyclizar, F|
|teampreview
|inactive|Battle timer is ON: inactive players will automatically lose when time's up. (requested by I am a guineapig)
|
|t:|1760869338
|teamsize|p1|6
|teamsize|p2|6
|start
|switch|p1a: Torkoal|Torkoal, F|100/100
|switch|p2a: Cyclizar|Cyclizar, F|100/100
|-weather|SunnyDay|[from] ability: Drought|[of] p1a: Torkoal
|turn|1
|
|t:|1760869346
|move|p2a: Cyclizar|Draco Meteor|p1a: Torkoal
|-damage|p1a: Torkoal|15/100
|-unboost|p2a: Cyclizar|spa|2
|-damage|p2a: Cyclizar|91/100|[from] item: Life Orb
|move|p1a: Torkoal|Eruption|p2a: Cyclizar
|-resisted|p2a: Cyclizar
|-damage|p2a: Cyclizar|79/100
|
|-weather|SunnyDay|[upkeep]
|upkeep
|turn|2
|
|t:|1760869354
|switch|p1a: Hatterene|Hatterene, F|100/100
|-item|p1a: Hatterene|Air Balloon
|move|p2a: Cyclizar|U-turn|p1a: Hatterene
|-damage|p1a: Hatterene|87/100
|-enditem|p1a: Hatterene|Air Balloon
|-damage|p2a: Cyclizar|69/100|[from] item: Life Orb
|l|☆I am a guineapig
|inactive|I am a guineapig disconnected and has a minute to reconnect!
|player|p2|
|j|☆I am a guineapig
|inactive|I am a guineapig reconnected and has 130 seconds left.
|player|p2|I am a guineapig|fisherman-gen4|
|
|t:|1760869377
|switch|p2a: Slowbro|Slowbro, M|100/100|[from] U-turn
|
|-weather|SunnyDay|[upkeep]
|upkeep
|turn|3
|
|t:|1760869383
|move|p2a: Slowbro|Shadow Ball|p1a: Hatterene
|-supereffective|p1a: Hatterene
|-damage|p1a: Hatterene|6/100
|-unboost|p1a: Hatterene|spd|1
|move|p1a: Hatterene|Healing Wish|p1a: Hatterene
|faint|p1a: Hatterene
|
|-weather|SunnyDay|[upkeep]
|upkeep
|
|t:|1760869388
|switch|p1a: Venusaur|Venusaur, M|100/100
|turn|4
|
|t:|1760869400
|switch|p2a: Ditto|Ditto|100/100
|-transform|p2a: Ditto|p1a: Venusaur|[from] ability: Imposter
|move|p1a: Venusaur|Growth|p1a: Venusaur
|-boost|p1a: Venusaur|atk|2
|-boost|p1a: Venusaur|spa|2
|
|-weather|SunnyDay|[upkeep]
|upkeep
|turn|5
|
|t:|1760869408
|-terastallize|p1a: Venusaur|Fire
|move|p2a: Ditto|Weather Ball|p1a: Venusaur
|-resisted|p1a: Venusaur
|-damage|p1a: Venusaur|74/100
|move|p1a: Venusaur|Weather Ball|p2a: Ditto
|-supereffective|p2a: Ditto
|-damage|p2a: Ditto|0 fnt
|faint|p2a: Ditto
|-damage|p1a: Venusaur|64/100|[from] item: Life Orb
|
|-weather|SunnyDay|[upkeep]
|upkeep
|
|t:|1760869413
|switch|p2a: Tauros|Tauros, M|100/100
|-ability|p2a: Tauros|Intimidate|boost
|-unboost|p1a: Venusaur|atk|1
|turn|6
|
|t:|1760869416
|move|p1a: Venusaur|Giga Drain|p2a: Tauros
|-damage|p2a: Tauros|10/100
|-heal|p1a: Venusaur|100/100|[from] drain|[of] p2a: Tauros
|-damage|p1a: Venusaur|91/100|[from] item: Life Orb
|move|p2a: Tauros|Earthquake|p1a: Venusaur
|-supereffective|p1a: Venusaur
|-damage|p1a: Venusaur|5/100
|
|-weather|SunnyDay|[upkeep]
|upkeep
|turn|7
|
|t:|1760869428
|move|p1a: Venusaur|Weather Ball|p2a: Tauros
|-damage|p2a: Tauros|0 fnt
|faint|p2a: Tauros
|-damage|p1a: Venusaur|0 fnt|[from] item: Life Orb
|faint|p1a: Venusaur
|
|-weather|SunnyDay|[upkeep]
|upkeep
|
|t:|1760869439
|switch|p2a: Cyclizar|Cyclizar, F|100/100
|switch|p1a: Slither Wing|Slither Wing|100/100
|-activate|p1a: Slither Wing|ability: Protosynthesis
|-start|p1a: Slither Wing|protosynthesisatk
|turn|8
|
|t:|1760869445
|move|p2a: Cyclizar|Overheat|p1a: Slither Wing
|-supereffective|p1a: Slither Wing
|-damage|p1a: Slither Wing|11/100
|-unboost|p2a: Cyclizar|spa|2
|-damage|p2a: Cyclizar|91/100|[from] item: Life Orb
|move|p1a: Slither Wing|Temper Flare|p2a: Cyclizar
|-resisted|p2a: Cyclizar
|-damage|p2a: Cyclizar|40/100
|
|-weather|none
|-end|p1a: Slither Wing|Protosynthesis
|upkeep
|turn|9
|
|t:|1760869458
|-end|p1a: Slither Wing|Protosynthesis|[silent]
|switch|p1a: Torkoal|Torkoal, F|15/100
|-heal|p1a: Torkoal|100/100|[from] move: Healing Wish
|-weather|SunnyDay|[from] ability: Drought|[of] p1a: Torkoal
|move|p2a: Cyclizar|Rapid Spin|p1a: Torkoal
|-damage|p1a: Torkoal|84/100
|-boost|p2a: Cyclizar|spe|1
|-damage|p2a: Cyclizar|30/100|[from] item: Life Orb
|
|-weather|SunnyDay|[upkeep]
|upkeep
|turn|10
|
|t:|1760869470
|move|p2a: Cyclizar|U-turn|p1a: Torkoal
|-resisted|p1a: Torkoal
|-damage|p1a: Torkoal|76/100
|-damage|p2a: Cyclizar|20/100|[from] item: Life Orb
|
|t:|1760869473
|switch|p2a: Slowbro|Slowbro, M|100/100|[from] U-turn
|move|p1a: Torkoal|Overheat|p2a: Slowbro
|-resisted|p2a: Slowbro
|-damage|p2a: Slowbro|60/100
|-unboost|p1a: Torkoal|spa|2
|
|-weather|SunnyDay|[upkeep]
|upkeep
|turn|11
|
|t:|1760869483
|switch|p1a: Raging Bolt|Raging Bolt|100/100
|-activate|p1a: Raging Bolt|ability: Protosynthesis
|-start|p1a: Raging Bolt|protosynthesisspa
|move|p2a: Slowbro|Calm Mind|p2a: Slowbro
|-boost|p2a: Slowbro|spa|1
|-boost|p2a: Slowbro|spd|1
|
|-weather|SunnyDay|[upkeep]
|upkeep
|turn|12
|
|t:|1760869490
|-terastallize|p2a: Slowbro|Grass
|move|p1a: Raging Bolt|Solar Beam||[still]
|-prepare|p1a: Raging Bolt|Solar Beam
|-anim|p1a: Raging Bolt|Solar Beam|p2a: Slowbro
|-resisted|p2a: Slowbro
|-damage|p2a: Slowbro|31/100
|-damage|p1a: Raging Bolt|91/100|[from] item: Life Orb
|move|p2a: Slowbro|Slack Off|p2a: Slowbro
|-heal|p2a: Slowbro|81/100
|
|-weather|SunnyDay|[upkeep]
|upkeep
|turn|13
|
|t:|1760869500
|move|p1a: Raging Bolt|Weather Ball|p2a: Slowbro
|-supereffective|p2a: Slowbro
|-damage|p2a: Slowbro|0 fnt
|faint|p2a: Slowbro
|-damage|p1a: Raging Bolt|81/100|[from] item: Life Orb
|
|-weather|SunnyDay|[upkeep]
|upkeep
|
|t:|1760869511
|switch|p2a: Cyclizar|Cyclizar, F|100/100
|turn|14
|
|t:|1760869520
|move|p2a: Cyclizar|Nasty Plot|p2a: Cyclizar
|-boost|p2a: Cyclizar|spa|2
|move|p1a: Raging Bolt|Dragon Pulse|p2a: Cyclizar
|-enditem|p2a: Cyclizar|Focus Sash
|-damage|p2a: Cyclizar|1/100
|replace|p2a: Zoroark|Zoroark-Hisui, F
|-end|p2a: Zoroark|Illusion
|-damage|p1a: Raging Bolt|71/100|[from] item: Life Orb
|
|-weather|SunnyDay|[upkeep]
|upkeep
|turn|15
|
|t:|1760869525
|move|p1a: Raging Bolt|Thunderclap|p2a: Zoroark
|-damage|p2a: Zoroark|0 fnt
|faint|p2a: Zoroark
|-damage|p1a: Raging Bolt|61/100|[from] item: Life Orb
|
|-weather|SunnyDay|[upkeep]
|upkeep
|
|t:|1760869527
|switch|p2a: Cyclizar|Cyclizar, F|53/100
|turn|16
|
|t:|1760869533
|move|p1a: Raging Bolt|Thunderclap|p2a: Cyclizar
|-resisted|p2a: Cyclizar
|-damage|p2a: Cyclizar|0 fnt
|faint|p2a: Cyclizar
|-damage|p1a: Raging Bolt|51/100|[from] item: Life Orb
|
|-weather|none
|-end|p1a: Raging Bolt|Protosynthesis
|upkeep
|
|t:|1760869537
|switch|p2a: Staraptor|Staraptor, F|100/100
|turn|17
|
|t:|1760869542
|-end|p1a: Raging Bolt|Protosynthesis|[silent]
|switch|p1a: Torkoal|Torkoal, F|76/100
|-weather|SunnyDay|[from] ability: Drought|[of] p1a: Torkoal
|move|p2a: Staraptor|Agility|p2a: Staraptor
|-boost|p2a: Staraptor|spe|2
|
|-weather|SunnyDay|[upkeep]
|upkeep
|turn|18
|
|t:|1760869547
|move|p2a: Staraptor|Brave Bird|p1a: Torkoal
|-damage|p1a: Torkoal|13/100
|-damage|p2a: Staraptor|80/100|[from] Recoil
|move|p1a: Torkoal|Overheat|p2a: Staraptor
|-damage|p2a: Staraptor|0 fnt
|-unboost|p1a: Torkoal|spa|2
|faint|p2a: Staraptor
|
|win|Loading0987
|raw|Loading0987's rating: 1250 &rarr; <strong>1272</strong><br />(+22 for winning)
|raw|I am a guineapig's rating: 1210 &rarr; <strong>1188</strong><br />(-22 for losing)
|l|☆I am a guineapig
|player|p2|
