|j|☆nemiprime
|j|☆elixety
|t:|1760800745
|gametype|singles
|player|p1|nemiprime|266|1405
|player|p2|elixety|170|1363
|gen|9
|tier|[Gen 9] OU
|rated|
|rule|HP Percentage Mod: HP is shown in percentages
|rule|Endless Battle Clause: Forcing endless battles is banned
|rule|Species Clause: Limit one of each Pokémon
|rule|OHKO Clause: OHKO moves are banned
|rule|Evasion Items Clause: Evasion items are banned
|rule|Evasion Moves Clause: Evasion moves are banned
|rule|Evasion Abilities Clause: Evasion abilities are banned
|rule|Sleep Moves Clause: Sleep-inducing moves are banned
|clearpoke
|poke|p1|Hatterene, F|
|poke|p1|Scizor, F|
|poke|p1|Great Tusk|
|poke|p1|Rillaboom, M|
|poke|p1|Samurott-Hisui, M|
|poke|p1|Ceruledge, M|
|poke|p2|Okidogi, M|
|poke|p2|Mabosstiff, F|
|poke|p2|Landorus-Therian, M|
|poke|p2|Iron Crown|
|poke|p2|Dragapult, M|
|poke|p2|Tornadus-Therian, M|
|teampreview
|
|t:|1760800767
|teamsize|p1|6
|teamsize|p2|6
|start
|switch|p1a: The Father|Samurott-Hisui, M|100/100
|switch|p2a: Mabosstiff|Mabosstiff, F|100/100
|turn|1
|
|t:|1760800774
|move|p2a: Mabosstiff|Double-Edge|p1a: The Father
|-damage|p1a: The Father|47/100
|-damage|p2a: Mabosstiff|82/100|[from] Recoil
|move|p1a: The Father|Ceaseless Edge|p2a: Mabosstiff
|-resisted|p2a: Mabosstiff
|-damage|p2a: Mabosstiff|56/100
|-sidestart|p2: elixety|Spikes
|
|upkeep
|turn|2
|
|t:|1760800801
|move|p1a: The Father|Aqua Jet|p2a: Mabosstiff
|-damage|p2a: Mabosstiff|32/100
|move|p2a: Mabosstiff|Double-Edge|p1a: The Father
|-damage|p1a: The Father|0 fnt
|faint|p1a: The Father
|-damage|p2a: Mabosstiff|15/100|[from] Recoil
|
|upkeep
|
|t:|1760800812
|switch|p1a: Skissors|Scizor, F|100/100
|turn|3
|
|t:|1760800816
|switch|p2a: Landorus|Landorus-Therian, M|100/100
|-ability|p2a: Landorus|Intimidate|boost
|-unboost|p1a: Skissors|atk|1
|move|p1a: Skissors|U-turn|p2a: Landorus
|-resisted|p2a: Landorus
|-damage|p2a: Landorus|81/100
|-damage|p1a: Skissors|84/100|[from] item: Rocky Helmet|[of] p2a: Landorus
|
|t:|1760800825
|switch|p1a: Flintstone|Great Tusk|100/100|[from] U-turn
|
|upkeep
|turn|4
|
|t:|1760800830
|move|p1a: Flintstone|Ice Spinner|p2a: Landorus
|-supereffective|p2a: Landorus
|-damage|p2a: Landorus|0 fnt
|-damage|p1a: Flintstone|84/100|[from] item: Rocky Helmet|[of] p2a: Landorus
|faint|p2a: Landorus
|
|upkeep
|
|t:|1760800841
|switch|p2a: Tornadus|Tornadus-Therian, M|100/100
|turn|5
|
|t:|1760800858
|-end|p1a: Flintstone|Protosynthesis|[silent]
|switch|p1a: Gundam|Hatterene, F|100/100
|move|p2a: Tornadus|Bleakwind Storm|p1a: Gundam
|-crit|p1a: Gundam
|-damage|p1a: Gundam|47/100
|
|-heal|p1a: Gundam|53/100|[from] item: Leftovers
|upkeep
|turn|6
|
|t:|1760800872
|move|p2a: Tornadus|Knock Off|p1a: Gundam
|-damage|p1a: Gundam|36/100
|-enditem|p1a: Gundam|Leftovers|[from] move: Knock Off|[of] p2a: Tornadus
|move|p1a: Gundam|Draining Kiss|p2a: Tornadus
|-crit|p2a: Tornadus
|-damage|p2a: Tornadus|65/100
|-heal|p1a: Gundam|66/100|[from] drain|[of] p2a: Tornadus
|
|upkeep
|turn|7
|
|t:|1760800881
|move|p2a: Tornadus|Tailwind|p2a: Tornadus
|-sidestart|p2: elixety|move: Tailwind
|move|p1a: Gundam|Calm Mind|p1a: Gundam
|-boost|p1a: Gundam|spa|1
|-boost|p1a: Gundam|spd|1
|
|upkeep
|turn|8
|
|t:|1760800888
|move|p2a: Tornadus|U-turn|p1a: Gundam
|-damage|p1a: Gundam|53/100
|
|t:|1760800891
|switch|p2a: Okidogi|Okidogi, M|100/100|[from] U-turn
|-damage|p2a: Okidogi|88/100|[from] Spikes
|move|p1a: Gundam|Calm Mind|p1a: Gundam
|-boost|p1a: Gundam|spa|1
|-boost|p1a: Gundam|spd|1
|
|upkeep
|turn|9
|
|t:|1760800912
|-terastallize|p1a: Gundam|Water
|move|p2a: Okidogi|Double-Edge|p1a: Gundam
|-crit|p1a: Gundam
|-damage|p1a: Gundam|13/100
|-status|p1a: Gundam|tox|[from] ability: Toxic Chain|[of] p2a: Okidogi
|-damage|p2a: Okidogi|77/100|[from] Recoil
|move|p1a: Gundam|Psyshock|p2a: Okidogi
|-supereffective|p2a: Okidogi
|-damage|p2a: Okidogi|0 fnt
|faint|p2a: Okidogi
|
|-damage|p1a: Gundam|7/100 tox|[from] psn
|upkeep
|
|t:|1760800927
|switch|p2a: Dragapult|Dragapult, M|100/100
|-damage|p2a: Dragapult|88/100|[from] Spikes
|turn|10
|
|t:|1760800932
|move|p2a: Dragapult|U-turn|p1a: Gundam
|-damage|p1a: Gundam|0 fnt
|faint|p1a: Gundam
|
|t:|1760800936
|switch|p2a: Tornadus|Tornadus-Therian, M|99/100|[from] U-turn
|
|-sideend|p2: elixety|move: Tailwind
|upkeep
|
|t:|1760800951
|switch|p1a: Skissors|Scizor, F|84/100
|turn|11
|
|t:|1760800973
|move|p1a: Skissors|Bullet Punch|p2a: Tornadus
|-damage|p2a: Tornadus|45/100
|move|p2a: Tornadus|U-turn|p1a: Skissors
|-resisted|p1a: Skissors
|-damage|p1a: Skissors|76/100
|
|t:|1760800978
|switch|p2a: Iron Crown|Iron Crown|100/100|[from] U-turn
|-damage|p2a: Iron Crown|88/100|[from] Spikes
|-enditem|p2a: Iron Crown|Booster Energy
|-activate|p2a: Iron Crown|ability: Quark Drive|[fromitem]
|-start|p2a: Iron Crown|quarkdrivespe
|
|upkeep
|turn|12
|
|t:|1760800989
|switch|p1a: Funky|Rillaboom, M|100/100
|-fieldstart|move: Grassy Terrain|[from] ability: Grassy Surge|[of] p1a: Funky
|move|p2a: Iron Crown|Iron Defense|p2a: Iron Crown
|-boost|p2a: Iron Crown|def|2
|
|-heal|p2a: Iron Crown|94/100|[from] Grassy Terrain
|upkeep
|turn|13
|
|t:|1760801008
|move|p2a: Iron Crown|Iron Defense|p2a: Iron Crown
|-boost|p2a: Iron Crown|def|2
|move|p1a: Funky|Low Kick|p2a: Iron Crown
|-damage|p2a: Iron Crown|83/100
|
|-heal|p2a: Iron Crown|89/100|[from] Grassy Terrain
|upkeep
|turn|14
|
|t:|1760801018
|move|p2a: Iron Crown|Calm Mind|p2a: Iron Crown
|-boost|p2a: Iron Crown|spa|1
|-boost|p2a: Iron Crown|spd|1
|move|p1a: Funky|Knock Off|p2a: Iron Crown
|-supereffective|p2a: Iron Crown
|-damage|p2a: Iron Crown|75/100
|
|-heal|p2a: Iron Crown|81/100|[from] Grassy Terrain
|upkeep
|turn|15
|
|t:|1760801027
|switch|p1a: Zoro|Ceruledge, M|100/100
|move|p2a: Iron Crown|Calm Mind|p2a: Iron Crown
|-boost|p2a: Iron Crown|spa|1
|-boost|p2a: Iron Crown|spd|1
|
|-heal|p2a: Iron Crown|87/100|[from] Grassy Terrain
|upkeep
|turn|16
|
|t:|1760801036
|move|p1a: Zoro|Shadow Sneak|p2a: Iron Crown
|-supereffective|p2a: Iron Crown
|-damage|p2a: Iron Crown|70/100
|-damage|p1a: Zoro|91/100|[from] item: Life Orb
|move|p2a: Iron Crown|Tachyon Cutter|p1a: Zoro
|-resisted|p1a: Zoro
|-damage|p1a: Zoro|69/100
|-resisted|p1a: Zoro
|-damage|p1a: Zoro|45/100
|-hitcount|p1a: Zoro|2
|
|-heal|p2a: Iron Crown|77/100|[from] Grassy Terrain
|-heal|p1a: Zoro|51/100|[from] Grassy Terrain
|upkeep
|turn|17
|l|☆elixety
|player|p2|
|j|☆elixety
|player|p2|elixety|170|
|
|t:|1760801091
|move|p2a: Iron Crown|Tachyon Cutter|p1a: Zoro
|-resisted|p1a: Zoro
|-damage|p1a: Zoro|26/100
|-resisted|p1a: Zoro
|-damage|p1a: Zoro|0 fnt
|faint|p1a: Zoro
|-hitcount|p1: Zoro|2
|
|-heal|p2a: Iron Crown|83/100|[from] Grassy Terrain
|upkeep
|inactive|Battle timer is ON: inactive players will automatically lose when time's up. (requested by elixety)
|
|t:|1760801103
|switch|p1a: Flintstone|Great Tusk|84/100
|turn|18
|
|t:|1760801106
|move|p2a: Iron Crown|Tachyon Cutter|p1a: Flintstone
|-damage|p1a: Flintstone|19/100
|-damage|p1a: Flintstone|0 fnt
|faint|p1a: Flintstone
|-end|p1a: Flintstone|Protosynthesis|[silent]
|-hitcount|p1: Flintstone|2
|
|-heal|p2a: Iron Crown|89/100|[from] Grassy Terrain
|upkeep
|
|t:|1760801114
|switch|p1a: Skissors|Scizor, F|76/100
|turn|19
|
|t:|1760801117
|move|p1a: Skissors|Bullet Punch|p2a: Iron Crown
|-resisted|p2a: Iron Crown
|-damage|p2a: Iron Crown|81/100
|move|p2a: Iron Crown|Focus Blast|p1a: Skissors|[miss]
|-miss|p2a: Iron Crown|p1a: Skissors
|
|-heal|p2a: Iron Crown|87/100|[from] Grassy Terrain
|-heal|p1a: Skissors|82/100|[from] Grassy Terrain
|-fieldend|move: Grassy Terrain
|upkeep
|turn|20
|
|t:|1760801126
|move|p1a: Skissors|Bullet Punch|p2a: Iron Crown
|-resisted|p2a: Iron Crown
|-damage|p2a: Iron Crown|79/100
|move|p2a: Iron Crown|Focus Blast|p1a: Skissors
|-damage|p1a: Skissors|0 fnt
|faint|p1a: Skissors
|
|upkeep
|
|t:|1760801138
|switch|p1a: Funky|Rillaboom, M|100/100
|-fieldstart|move: Grassy Terrain|[from] ability: Grassy Surge|[of] p1a: Funky
|turn|21
|
|t:|1760801152
|move|p1a: Funky|Grassy Glide|p2a: Iron Crown
|-resisted|p2a: Iron Crown
|-damage|p2a: Iron Crown|74/100
|move|p2a: Iron Crown|Tachyon Cutter|p1a: Funky
|-damage|p1a: Funky|52/100
|-damage|p1a: Funky|8/100
|-hitcount|p1a: Funky|2
|
|-heal|p2a: Iron Crown|80/100|[from] Grassy Terrain
|-heal|p1a: Funky|14/100|[from] Grassy Terrain
|upkeep
|turn|22
|
|t:|1760801162
|move|p1a: Funky|Grassy Glide|p2a: Iron Crown
|-resisted|p2a: Iron Crown
|-damage|p2a: Iron Crown|74/100
|move|p2a: Iron Crown|Tachyon Cutter|p1a: Funky
|-damage|p1a: Funky|0 fnt
|faint|p1a: Funky
|-hitcount|p1: Funky|1
|
|win|elixety
|raw|nemiprime's rating: 1405 &rarr; <strong>1383</strong><br />(-22 for losing)
|raw|elixety's rating: 1363 &rarr; <strong>1385</strong><br />(+22 for winning)
|l|☆elixety
|player|p2|
