|badge|p1|silver|gen9doublesou|30-7
|badge|p1|bronze|gen9ru|100-7
|uhtml|medal-msg|<div class="broadcast-blue">Curious what those medals under the avatar are? PS now has Ladder Seasons! For more information, check out the <a href="https://www.smogon.com/forums/threads/3740067/">thread on Smogon.</a></div>
|badge|p2|bronze|gen9ubers|100-7
|uhtml|medal-msg|<div class="broadcast-blue">Curious what those medals under the avatar are? PS now has Ladder Seasons! For more information, check out the <a href="https://www.smogon.com/forums/threads/3740067/">thread on Smogon.</a></div>
|j|☆3idk
|j|☆Nikator98
|t:|1760866510
|gametype|singles
|player|p1|3idk|cynthia-masters|1753
|player|p2|Nikator98|giovanni|1639
|gen|9
|tier|[Gen 9] OU
|rated|
|rule|HP Percentage Mod: HP is shown in percentages
|rule|Endless Battle Clause: Forcing endless battles is banned
|rule|Species Clause: Limit one of each Pokémon
|rule|OHKO Clause: OHKO moves are banned
|rule|Evasion Items Clause: Evasion items are banned
|rule|Evasion Moves Clause: Evasion moves are banned
|rule|Evasion Abilities Clause: Evasion abilities are banned
|rule|Sleep Moves Clause: Sleep-inducing moves are banned
|clearpoke
|poke|p1|Pelipper, F|
|poke|p1|Tornadus-Therian, M|
|poke|p1|Iron Treads|
|poke|p1|Decidueye-Hisui, M|
|poke|p1|Barraskewda, F|
|poke|p1|Raging Bolt|
|poke|p2|Metagross|
|poke|p2|Great Tusk|
|poke|p2|Haxorus, M|
|poke|p2|Iron Moth|
|poke|p2|Zoroark-Hisui, M|
|poke|p2|Ninetales-Alola, F|
|teampreview
|inactive|Battle timer is ON: inactive players will automatically lose when time's up. (requested by 3idk)
|
|t:|1760866522
|teamsize|p1|6
|teamsize|p2|6
|start
|switch|p1a: Tornadus|Tornadus-Therian, M|100/100
|switch|p2a: Arquillian Sentry|Metagross|100/100
|turn|1
|
|t:|1760866528
|move|p1a: Tornadus|U-turn|p2a: Arquillian Sentry
|-crit|p2a: Arquillian Sentry
|-damage|p2a: Arquillian Sentry|82/100
|j| hongyi233
|
|t:|1760866533
|switch|p1a: Pelipper|Pelipper, F|100/100|[from] U-turn
|-weather|RainDance|[from] ability: Drizzle|[of] p1a: Pelipper
|move|p2a: Arquillian Sentry|Stealth Rock|p1a: Pelipper
|-sidestart|p1: 3idk|move: Stealth Rock
|
|-weather|RainDance|[upkeep]
|upkeep
|turn|2
|
|t:|1760866541
|switch|p2a: Asfaloth|Ninetales-Alola, F, shiny|100/100
|-weather|Snowscape|[from] ability: Snow Warning|[of] p2a: Asfaloth
|switch|p1a: Iron Treads|Iron Treads|100/100
|-damage|p1a: Iron Treads|98/100|[from] Stealth Rock
|
|-weather|Snowscape|[upkeep]
|-heal|p1a: Iron Treads|100/100|[from] item: Leftovers
|upkeep
|turn|3
|j| Fifo drummer
|
|t:|1760866550
|move|p2a: Asfaloth|Aurora Veil|p2a: Asfaloth
|-sidestart|p2: Nikator98|move: Aurora Veil
|move|p1a: Iron Treads|Rapid Spin|p2a: Asfaloth
|-damage|p2a: Asfaloth|95/100
|-boost|p1a: Iron Treads|spe|1
|-sideend|p1: 3idk|Stealth Rock|[from] move: Rapid Spin|[of] p1a: Iron Treads
|
|-weather|Snowscape|[upkeep]
|upkeep
|turn|4
|
|t:|1760866557
|switch|p2a: Kumaryia|Great Tusk, shiny|100/100
|move|p1a: Iron Treads|Stealth Rock|p2a: Kumaryia
|-sidestart|p2: Nikator98|move: Stealth Rock
|
|-weather|Snowscape|[upkeep]
|upkeep
|turn|5
|
|t:|1760866565
|-end|p1a: Iron Treads|Quark Drive|[silent]
|switch|p1a: Decidueye|Decidueye-Hisui, M|100/100
|move|p2a: Kumaryia|Rapid Spin|p1a: Decidueye
|-damage|p1a: Decidueye|87/100
|-boost|p2a: Kumaryia|spe|1
|-damage|p2a: Kumaryia|84/100|[from] item: Rocky Helmet|[of] p1a: Decidueye
|-sideend|p2: Nikator98|Stealth Rock|[from] move: Rapid Spin|[of] p2a: Kumaryia
|
|-weather|Snowscape|[upkeep]
|upkeep
|turn|6
|
|t:|1760866588
|move|p2a: Kumaryia|Knock Off|p1a: Decidueye
|-resisted|p1a: Decidueye
|-damage|p1a: Decidueye|75/100
|-damage|p2a: Kumaryia|68/100|[from] item: Rocky Helmet|[of] p1a: Decidueye
|-enditem|p1a: Decidueye|Rocky Helmet|[from] move: Knock Off|[of] p2a: Kumaryia
|move|p1a: Decidueye|Defog|p2a: Kumaryia
|-unboost|p2a: Kumaryia|evasion|1
|-sideend|p2: Nikator98|move: Aurora Veil
|
|-weather|none
|upkeep
|turn|7
|
|t:|1760866603
|-end|p2a: Kumaryia|Protosynthesis|[silent]
|switch|p2a: Arquillian Sentry|Metagross|82/100
|move|p1a: Decidueye|Triple Arrows|p2a: Arquillian Sentry
|-damage|p2a: Arquillian Sentry|57/100
|
|upkeep
|turn|8
|
|t:|1760866614
|switch|p1a: Iron Treads|Iron Treads|100/100
|move|p2a: Arquillian Sentry|Stealth Rock|p1a: Iron Treads
|-sidestart|p1: 3idk|move: Stealth Rock
|
|upkeep
|turn|9
|
|t:|1760866619
|switch|p2a: Arquillian Sentry|Metagross|100/100
|move|p1a: Iron Treads|Rapid Spin|p2a: Arquillian Sentry
|-immune|p2a: Arquillian Sentry
|
|upkeep
|turn|10
|
|t:|1760866624
|move|p2a: Arquillian Sentry|Bitter Malice|p1a: Iron Treads
|-damage|p1a: Iron Treads|50/100
|-unboost|p1a: Iron Treads|atk|1
|move|p1a: Iron Treads|Knock Off|p2a: Arquillian Sentry
|-supereffective|p2a: Arquillian Sentry
|-damage|p2a: Arquillian Sentry|28/100
|replace|p2a: Van Helsing|Zoroark-Hisui, M, shiny
|-end|p2a: Van Helsing|Illusion
|-enditem|p2a: Van Helsing|Choice Specs|[from] move: Knock Off|[of] p1a: Iron Treads
|
|-heal|p1a: Iron Treads|56/100|[from] item: Leftovers
|upkeep
|turn|11
|
|t:|1760866636
|move|p2a: Van Helsing|Flamethrower|p1a: Iron Treads
|-supereffective|p1a: Iron Treads
|-crit|p1a: Iron Treads
|-damage|p1a: Iron Treads|0 fnt
|faint|p1a: Iron Treads
|-end|p1a: Iron Treads|Quark Drive|[silent]
|
|upkeep
|
|t:|1760866641
|switch|p1a: Tornadus|Tornadus-Therian, M|100/100
|-damage|p1a: Tornadus|76/100|[from] Stealth Rock
|turn|12
|
|t:|1760866646
|switch|p2a: Arquillian Sentry|Metagross|57/100
|move|p1a: Tornadus|Hurricane|p2a: Arquillian Sentry
|-resisted|p2a: Arquillian Sentry
|-damage|p2a: Arquillian Sentry|15/100
|
|upkeep
|turn|13
|-enditem|p2a: Arquillian Sentry|Custap Berry|[eat]
|-activate|p2a: Arquillian Sentry|item: Custap Berry|[consumed]
|
|t:|1760866653
|move|p2a: Arquillian Sentry|Explosion|p1a: Tornadus
|-damage|p1a: Tornadus|0 fnt
|faint|p2a: Arquillian Sentry
|faint|p1a: Tornadus
|
|upkeep
|
|t:|1760866664
|switch|p1a: Barraskewda|Barraskewda, F|100/100
|switch|p2a: Asfaloth|Ninetales-Alola, F, shiny|28/100
|-damage|p1a: Barraskewda|88/100|[from] Stealth Rock
|turn|14
|
|t:|1760866678
|move|p1a: Barraskewda|Liquidation|p2a: Asfaloth
|-damage|p2a: Asfaloth|0 fnt
|replace|p2a: Van Helsing|Zoroark-Hisui, M, shiny
|-end|p2a: Van Helsing|Illusion
|faint|p2a: Van Helsing
|-damage|p1a: Barraskewda|78/100|[from] item: Life Orb
|
|upkeep
|c|☆3idk|whats the item on zoroark?
|
|t:|1760866688
|switch|p2a: Asfaloth|Ninetales-Alola, F, shiny|95/100
|-weather|Snowscape|[from] ability: Snow Warning|[of] p2a: Asfaloth
|turn|15
|
|t:|1760866696
|move|p1a: Barraskewda|Flip Turn|p2a: Asfaloth
|-damage|p2a: Asfaloth|57/100
|-damage|p1a: Barraskewda|69/100|[from] item: Life Orb
|
|t:|1760866705
|switch|p1a: Pelipper|Pelipper, F|100/100|[from] Flip Turn
|-damage|p1a: Pelipper|76/100|[from] Stealth Rock
|-weather|RainDance|[from] ability: Drizzle|[of] p1a: Pelipper
|move|p2a: Asfaloth|Freeze-Dry|p1a: Pelipper
|-supereffective|p1a: Pelipper
|-damage|p1a: Pelipper|0 fnt
|faint|p1a: Pelipper
|
|-weather|RainDance|[upkeep]
|upkeep
|
|t:|1760866708
|switch|p1a: Barraskewda|Barraskewda, F|69/100
|-damage|p1a: Barraskewda|56/100|[from] Stealth Rock
|turn|16
|l| hongyi233
|c|☆Nikator98|specs
|inactive|Nikator98 has 120 seconds left.
|c|☆3idk|oh ic
|
|t:|1760866754
|switch|p2a: Lacelle|Haxorus, M|100/100
|-ability|p2a: Lacelle|Mold Breaker
|move|p1a: Barraskewda|Liquidation|p2a: Lacelle
|-resisted|p2a: Lacelle
|-damage|p2a: Lacelle|43/100
|-damage|p1a: Barraskewda|47/100|[from] item: Life Orb
|
|-weather|RainDance|[upkeep]
|upkeep
|turn|17
|c|☆3idk|been trying to make zoroark work
|c|☆3idk|defo one my of my favouritemons
|
|t:|1760866767
|switch|p1a: Decidueye|Decidueye-Hisui, M|75/100
|-damage|p1a: Decidueye|69/100|[from] Stealth Rock
|move|p2a: Lacelle|Scale Shot|p1a: Decidueye
|-damage|p1a: Decidueye|59/100
|-damage|p1a: Decidueye|49/100
|-damage|p1a: Decidueye|38/100
|-damage|p1a: Decidueye|27/100
|-damage|p1a: Decidueye|15/100
|-hitcount|p1a: Decidueye|5
|-unboost|p2a: Lacelle|def|1
|-boost|p2a: Lacelle|spe|1
|
|-weather|RainDance|[upkeep]
|upkeep
|turn|18
|l|☆3idk
|inactive|3idk disconnected and has a minute to reconnect!
|player|p1|
|inactive|3idk has 30 seconds to reconnect!
|inactive|Nikator98 has 90 seconds left.
|inactive|3idk has 20 seconds to reconnect!
|c|☆Nikator98|Mine as well. I tried sash set up an utility, liked neither
|inactive|3idk has 15 seconds to reconnect!
|inactive|3idk has 10 seconds to reconnect!
|j|☆3idk
|inactive|3idk reconnected and has 100 seconds left.
|player|p1|3idk|cynthia-masters|
|inactive|Nikator98 has 60 seconds left.
|c|☆Nikator98|this is the only one that actually does something imo
|c|☆3idk|i also tried changing to be defensive
|
|t:|1760866845
|move|p2a: Lacelle|Scale Shot|p1a: Decidueye
|-damage|p1a: Decidueye|5/100
|-damage|p1a: Decidueye|0 fnt
|faint|p1a: Decidueye
|-hitcount|p1: Decidueye|2
|-unboost|p2a: Lacelle|def|1
|-boost|p2a: Lacelle|spe|1
|
|-weather|RainDance|[upkeep]
|upkeep
|
|t:|1760866851
|switch|p1a: Raging Bolt|Raging Bolt|100/100
|-damage|p1a: Raging Bolt|88/100|[from] Stealth Rock
|-enditem|p1a: Raging Bolt|Booster Energy
|-activate|p1a: Raging Bolt|ability: Protosynthesis|[fromitem]
|-start|p1a: Raging Bolt|protosynthesisspa
|turn|19
|c|☆Nikator98|Lol, that is a challange
|
|t:|1760866874
|move|p2a: Lacelle|Scale Shot|p1a: Raging Bolt
|-supereffective|p1a: Raging Bolt
|-damage|p1a: Raging Bolt|64/100
|-supereffective|p1a: Raging Bolt
|-crit|p1a: Raging Bolt
|-damage|p1a: Raging Bolt|24/100
|-supereffective|p1a: Raging Bolt
|-damage|p1a: Raging Bolt|0 fnt
|faint|p1a: Raging Bolt
|-end|p1a: Raging Bolt|Protosynthesis|[silent]
|-hitcount|p1: Raging Bolt|3
|-unboost|p2a: Lacelle|def|1
|-boost|p2a: Lacelle|spe|1
|
|-weather|RainDance|[upkeep]
|upkeep
|c|☆3idk|ggs
|c|☆Nikator98|gg
|-message|3idk forfeited.
|
|win|Nikator98
|raw|3idk's rating: 1753 &rarr; <strong>1727</strong><br />(-26 for losing)
|raw|Nikator98's rating: 1639 &rarr; <strong>1665</strong><br />(+26 for winning)
|l|☆3idk
|player|p1|
|l| Fifo drummer
|l|☆Nikator98
|player|p2|
