|j|☆MiraidonGaming
|j|☆hell_is_name
|t:|1760769727
|gametype|singles
|player|p1|MiraidonGaming|lucas|1327
|player|p2|hell_is_name|lucas|1333
|gen|9
|tier|[Gen 9] OU
|rated|
|rule|HP Percentage Mod: HP is shown in percentages
|rule|Endless Battle Clause: Forcing endless battles is banned
|rule|Species Clause: Limit one of each Pokémon
|rule|OHKO Clause: OHKO moves are banned
|rule|Evasion Items Clause: Evasion items are banned
|rule|Evasion Moves Clause: Evasion moves are banned
|rule|Evasion Abilities Clause: Evasion abilities are banned
|rule|Sleep Moves Clause: Sleep-inducing moves are banned
|clearpoke
|poke|p1|Leafeon, M|
|poke|p1|Ninetales, F|
|poke|p1|Volcanion|
|poke|p1|Arcanine-Hisui, M|
|poke|p1|Moltres|
|poke|p1|Great Tusk|
|poke|p2|Charizard, M|
|poke|p2|Ninetales, F|
|poke|p2|Blaziken, F|
|poke|p2|Leafeon, F|
|poke|p2|Walking Wake|
|poke|p2|Lilligant-Hisui, F|
|teampreview
|inactive|Battle timer is ON: inactive players will automatically lose when time's up. (requested by hell_is_name)
|
|t:|1760769745
|teamsize|p1|6
|teamsize|p2|6
|start
|switch|p1a: Volcanis|Arcanine-Hisui, M|100/100
|switch|p2a: Blaziken|Blaziken, F|100/100
|turn|1
|
|t:|1760769758
|move|p2a: Blaziken|Protect|p2a: Blaziken
|-singleturn|p2a: Blaziken|Protect
|move|p1a: Volcanis|Extreme Speed|p2a: Blaziken
|-activate|p2a: Blaziken|move: Protect
|
|-ability|p2a: Blaziken|Speed Boost|boost
|-boost|p2a: Blaziken|spe|1
|upkeep
|turn|2
|
|t:|1760769770
|move|p1a: Volcanis|Extreme Speed|p2a: Blaziken
|-damage|p2a: Blaziken|59/100
|move|p2a: Blaziken|Close Combat|p1a: Volcanis
|-supereffective|p1a: Volcanis
|-damage|p1a: Volcanis|0 fnt
|-unboost|p2a: Blaziken|def|1
|-unboost|p2a: Blaziken|spd|1
|faint|p1a: Volcanis
|-damage|p2a: Blaziken|49/100|[from] item: Life Orb
|
|-ability|p2a: Blaziken|Speed Boost|boost
|-boost|p2a: Blaziken|spe|1
|upkeep
|
|t:|1760769777
|switch|p1a: Great Tusk|Great Tusk|100/100
|turn|3
|
|t:|1760769790
|switch|p2a: Leafeon|Leafeon, F|100/100
|move|p1a: Great Tusk|Stealth Rock|p2a: Leafeon
|-sidestart|p2: hell_is_name|move: Stealth Rock
|
|upkeep
|turn|4
|
|t:|1760769797
|-end|p1a: Great Tusk|Protosynthesis|[silent]
|switch|p1a: Icarus|Moltres|100/100
|move|p2a: Leafeon|Knock Off|p1a: Icarus
|-damage|p1a: Icarus|48/100
|-enditem|p1a: Icarus|Choice Specs|[from] move: Knock Off|[of] p2a: Leafeon
|
|upkeep
|turn|5
|
|t:|1760769808
|switch|p2a: Walking Wake|Walking Wake|100/100
|-damage|p2a: Walking Wake|88/100|[from] Stealth Rock
|move|p1a: Icarus|Overheat|p2a: Walking Wake
|-resisted|p2a: Walking Wake
|-damage|p2a: Walking Wake|70/100
|-unboost|p1a: Icarus|spa|2
|
|upkeep
|turn|6
|
|t:|1760769819
|-end|p2a: Walking Wake|Protosynthesis|[silent]
|switch|p2a: Lilligant|Lilligant-Hisui, F|100/100
|move|p1a: Icarus|Air Slash|p2a: Lilligant
|-supereffective|p2a: Lilligant
|-damage|p2a: Lilligant|0 fnt
|faint|p2a: Lilligant
|
|upkeep
|
|t:|1760769832
|switch|p2a: Walking Wake|Walking Wake|70/100
|-damage|p2a: Walking Wake|58/100|[from] Stealth Rock
|turn|7
|
|t:|1760769836
|move|p2a: Walking Wake|Hydro Steam|p1a: Icarus
|-supereffective|p1a: Icarus
|-damage|p1a: Icarus|0 fnt
|faint|p1a: Icarus
|
|upkeep
|
|t:|1760769841
|switch|p1a: Solaris|Ninetales, F|100/100
|-weather|SunnyDay|[from] ability: Drought|[of] p1a: Solaris
|-activate|p2a: Walking Wake|ability: Protosynthesis
|-start|p2a: Walking Wake|protosynthesisspa
|turn|8
|
|t:|1760769846
|switch|p1a: Hydrus|Volcanion|100/100
|move|p2a: Walking Wake|Hydro Steam|p1a: Hydrus
|-immune|p1a: Hydrus|[from] ability: Water Absorb
|
|-weather|SunnyDay|[upkeep]
|upkeep
|turn|9
|
|t:|1760769854
|-end|p2a: Walking Wake|Protosynthesis|[silent]
|switch|p2a: Leafeon|Leafeon, F|100/100
|-damage|p2a: Leafeon|88/100|[from] Stealth Rock
|move|p1a: Hydrus|Sludge Bomb|p2a: Leafeon
|-supereffective|p2a: Leafeon
|-damage|p2a: Leafeon|0 fnt
|faint|p2a: Leafeon
|
|-weather|SunnyDay|[upkeep]
|upkeep
|
|t:|1760769866
|switch|p2a: Blaziken|Blaziken, F|49/100
|-damage|p2a: Blaziken|37/100|[from] Stealth Rock
|turn|10
|
|t:|1760769871
|move|p2a: Blaziken|Protect|p2a: Blaziken
|-singleturn|p2a: Blaziken|Protect
|move|p1a: Hydrus|Sludge Bomb|p2a: Blaziken
|-activate|p2a: Blaziken|move: Protect
|
|-weather|SunnyDay|[upkeep]
|-ability|p2a: Blaziken|Speed Boost|boost
|-boost|p2a: Blaziken|spe|1
|upkeep
|turn|11
|
|t:|1760769878
|move|p2a: Blaziken|Earthquake|p1a: Hydrus
|-supereffective|p1a: Hydrus
|-crit|p1a: Hydrus
|-damage|p1a: Hydrus|0 fnt
|faint|p1a: Hydrus
|-damage|p2a: Blaziken|27/100|[from] item: Life Orb
|
|-weather|SunnyDay|[upkeep]
|-ability|p2a: Blaziken|Speed Boost|boost
|-boost|p2a: Blaziken|spe|1
|upkeep
|
|t:|1760769894
|switch|p1a: Great Tusk|Great Tusk|100/100
|-activate|p1a: Great Tusk|ability: Protosynthesis
|-start|p1a: Great Tusk|protosynthesisdef
|turn|12
|
|t:|1760769904
|move|p2a: Blaziken|Flare Blitz|p1a: Great Tusk
|-damage|p1a: Great Tusk|57/100
|-damage|p2a: Blaziken|6/100|[from] Recoil
|-damage|p2a: Blaziken|0 fnt|[from] item: Life Orb
|faint|p2a: Blaziken
|move|p1a: Great Tusk|Rapid Spin|p2: Blaziken|[notarget]
|-fail|p1a: Great Tusk
|
|-weather|SunnyDay|[upkeep]
|-heal|p1a: Great Tusk|63/100|[from] item: Leftovers
|upkeep
|
|t:|1760769914
|switch|p2a: Walking Wake|Walking Wake|58/100
|-damage|p2a: Walking Wake|45/100|[from] Stealth Rock
|-activate|p2a: Walking Wake|ability: Protosynthesis
|-start|p2a: Walking Wake|protosynthesisspa
|turn|13
|
|t:|1760769930
|move|p2a: Walking Wake|Hydro Steam|p1a: Great Tusk
|-supereffective|p1a: Great Tusk
|-damage|p1a: Great Tusk|0 fnt
|faint|p1a: Great Tusk
|-end|p1a: Great Tusk|Protosynthesis|[silent]
|
|-weather|SunnyDay|[upkeep]
|upkeep
|
|t:|1760769935
|switch|p1a: Grames|Leafeon, M|100/100
|turn|14
|
|t:|1760769945
|-end|p2a: Walking Wake|Protosynthesis|[silent]
|switch|p2a: Ninetales|Ninetales, F|100/100
|-damage|p2a: Ninetales|76/100|[from] Stealth Rock
|move|p1a: Grames|Swords Dance|p1a: Grames
|-boost|p1a: Grames|atk|2
|
|-weather|SunnyDay|[upkeep]
|upkeep
|turn|15
|
|t:|1760769974
|move|p1a: Grames|Double-Edge|p2a: Ninetales
|-damage|p2a: Ninetales|0 fnt
|faint|p2a: Ninetales
|-damage|p1a: Grames|74/100|[from] Recoil
|-damage|p1a: Grames|64/100|[from] item: Life Orb
|
|-weather|none
|upkeep
|
|t:|1760769995
|switch|p2a: Charizard|Charizard, M|100/100
|-damage|p2a: Charizard|51/100|[from] Stealth Rock
|turn|16
|
|t:|1760770001
|switch|p1a: Solaris|Ninetales, F|100/100
|-weather|SunnyDay|[from] ability: Drought|[of] p1a: Solaris
|move|p2a: Charizard|Overheat|p1a: Solaris
|-resisted|p1a: Solaris
|-damage|p1a: Solaris|16/100
|-unboost|p2a: Charizard|spa|2
|
|-weather|SunnyDay|[upkeep]
|-damage|p2a: Charizard|38/100|[from] ability: Solar Power|[of] p2a: Charizard
|upkeep
|turn|17
|
|t:|1760770011
|move|p2a: Charizard|Overheat|p1a: Solaris
|-resisted|p1a: Solaris
|-damage|p1a: Solaris|0 fnt
|-unboost|p2a: Charizard|spa|2
|faint|p1a: Solaris
|
|-weather|SunnyDay|[upkeep]
|-damage|p2a: Charizard|26/100|[from] ability: Solar Power|[of] p2a: Charizard
|upkeep
|
|t:|1760770014
|switch|p1a: Grames|Leafeon, M|64/100
|turn|18
|
|t:|1760770021
|move|p1a: Grames|Knock Off|p2a: Charizard
|-damage|p2a: Charizard|0 fnt
|-enditem|p2a: Charizard|Choice Scarf|[from] move: Knock Off|[of] p1a: Grames
|faint|p2a: Charizard
|-damage|p1a: Grames|54/100|[from] item: Life Orb
|
|-weather|SunnyDay|[upkeep]
|upkeep
|
|t:|1760770028
|switch|p2a: Walking Wake|Walking Wake|45/100
|-damage|p2a: Walking Wake|33/100|[from] Stealth Rock
|-activate|p2a: Walking Wake|ability: Protosynthesis
|-start|p2a: Walking Wake|protosynthesisspa
|turn|19
|
|t:|1760770035
|-terastallize|p2a: Walking Wake|Ghost
|move|p1a: Grames|Solar Blade||[still]
|-prepare|p1a: Grames|Solar Blade
|-anim|p1a: Grames|Solar Blade|p2a: Walking Wake
|-damage|p2a: Walking Wake|0 fnt
|faint|p2a: Walking Wake
|-end|p2a: Walking Wake|Protosynthesis|[silent]
|-damage|p1a: Grames|44/100|[from] item: Life Orb
|
|win|MiraidonGaming
|raw|MiraidonGaming's rating: 1327 &rarr; <strong>1347</strong><br />(+20 for winning)
|raw|hell_is_name's rating: 1333 &rarr; <strong>1313</strong><br />(-20 for losing)
|l|☆hell_is_name
|player|p2|
|l|☆MiraidonGaming
|player|p1|
