|j|☆NorseCode07
|j|☆sleepcactus
|t:|1760850338
|gametype|singles
|player|p1|NorseCode07|hilbert|1312
|player|p2|sleepcactus|pokemonbreederf-gen4|1270
|gen|9
|tier|[Gen 9] OU
|rated|
|rule|HP Percentage Mod: HP is shown in percentages
|rule|Endless Battle Clause: Forcing endless battles is banned
|rule|Species Clause: Limit one of each Pokémon
|rule|OHKO Clause: OHKO moves are banned
|rule|Evasion Items Clause: Evasion items are banned
|rule|Evasion Moves Clause: Evasion moves are banned
|rule|Evasion Abilities Clause: Evasion abilities are banned
|rule|Sleep Moves Clause: Sleep-inducing moves are banned
|clearpoke
|poke|p1|Hawlucha, F|
|poke|p1|Chandelure, M|
|poke|p1|Muk-Alola, M|
|poke|p1|Magnezone|
|poke|p1|Mamoswine, M|
|poke|p1|Primarina, F|
|poke|p2|Serperior, F|
|poke|p2|Samurott-Hisui, F|
|poke|p2|Iron Treads|
|poke|p2|Gholdengo|
|poke|p2|Moltres|
|poke|p2|Okidogi, M|
|teampreview
|inactive|Battle timer is ON: inactive players will automatically lose when time's up. (requested by NorseCode07)
|
|t:|1760850347
|teamsize|p1|6
|teamsize|p2|6
|start
|switch|p1a: Wario|Muk-Alola, M|100/100
|switch|p2a: Samurott|Samurott-Hisui, F|100/100
|turn|1
|
|t:|1760850357
|move|p2a: Samurott|Ceaseless Edge|p1a: Wario
|-resisted|p1a: Wario
|-damage|p1a: Wario|79/100
|-sidestart|p1: NorseCode07|Spikes
|move|p1a: Wario|Gunk Shot|p2a: Samurott
|-damage|p2a: Samurott|43/100
|-status|p2a: Samurott|psn
|
|-heal|p1a: Wario|85/100|[from] item: Leftovers
|-damage|p2a: Samurott|31/100 psn|[from] psn
|upkeep
|turn|2
|
|t:|1760850373
|switch|p2a: Iron Treads|Iron Treads|100/100
|-item|p2a: Iron Treads|Air Balloon
|move|p1a: Wario|Knock Off|p2a: Iron Treads
|-damage|p2a: Iron Treads|59/100
|-enditem|p2a: Iron Treads|Air Balloon
|
|-heal|p1a: Wario|91/100|[from] item: Leftovers
|upkeep
|turn|3
|
|t:|1760850385
|switch|p1a: Masked Muscle|Hawlucha, F|100/100
|-ability|p1a: Masked Muscle|Mold Breaker
|move|p2a: Iron Treads|Earthquake|p1a: Masked Muscle
|-immune|p1a: Masked Muscle
|
|upkeep
|turn|4
|
|t:|1760850405
|-end|p2a: Iron Treads|Quark Drive|[silent]
|switch|p2a: Gholdengo|Gholdengo|100/100
|-item|p2a: Gholdengo|Air Balloon
|move|p1a: Masked Muscle|Swords Dance|p1a: Masked Muscle
|-boost|p1a: Masked Muscle|atk|2
|
|upkeep
|turn|5
|
|t:|1760850412
|move|p1a: Masked Muscle|Acrobatics|p2a: Gholdengo
|-resisted|p2a: Gholdengo
|-crit|p2a: Gholdengo
|-damage|p2a: Gholdengo|54/100
|-enditem|p2a: Gholdengo|Air Balloon
|move|p2a: Gholdengo|Thunder Wave|p1a: Masked Muscle
|-status|p1a: Masked Muscle|par
|
|upkeep
|turn|6
|
|t:|1760850428
|move|p2a: Gholdengo|Hex|p1a: Masked Muscle
|-damage|p1a: Masked Muscle|9/100 par
|move|p1a: Masked Muscle|Acrobatics|p2a: Gholdengo
|-resisted|p2a: Gholdengo
|-damage|p2a: Gholdengo|24/100
|
|upkeep
|turn|7
|
|t:|1760850443
|move|p2a: Gholdengo|Recover|p2a: Gholdengo
|-heal|p2a: Gholdengo|74/100
|move|p1a: Masked Muscle|Acrobatics|p2a: Gholdengo
|-resisted|p2a: Gholdengo
|-damage|p2a: Gholdengo|46/100
|
|upkeep
|turn|8
|
|t:|1760850449
|move|p2a: Gholdengo|Recover|p2a: Gholdengo
|-heal|p2a: Gholdengo|96/100
|move|p1a: Masked Muscle|Acrobatics|p2a: Gholdengo
|-resisted|p2a: Gholdengo
|-damage|p2a: Gholdengo|67/100
|
|upkeep
|turn|9
|
|t:|1760850457
|move|p2a: Gholdengo|Hex|p1a: Masked Muscle
|-damage|p1a: Masked Muscle|0 fnt
|faint|p1a: Masked Muscle
|
|upkeep
|
|t:|1760850465
|switch|p1a: Wario|Muk-Alola, M|91/100
|-damage|p1a: Wario|79/100|[from] Spikes
|turn|10
|
|t:|1760850485
|-terastallize|p2a: Gholdengo|Flying
|move|p2a: Gholdengo|Thunder Wave|p1a: Wario
|-status|p1a: Wario|par
|move|p1a: Wario|Knock Off|p2a: Gholdengo
|-damage|p2a: Gholdengo|48/100
|-status|p2a: Gholdengo|psn|[from] ability: Poison Touch|[of] p1a: Wario
|
|-heal|p1a: Wario|85/100 par|[from] item: Leftovers
|-damage|p2a: Gholdengo|36/100 psn|[from] psn
|upkeep
|turn|11
|inactive|sleepcactus has 120 seconds left.
|
|t:|1760850506
|move|p2a: Gholdengo|Make It Rain|p1a: Wario
|-damage|p1a: Wario|38/100 par
|-unboost|p2a: Gholdengo|spa|1
|move|p1a: Wario|Gunk Shot|p2a: Gholdengo
|-damage|p2a: Gholdengo|0 fnt
|faint|p2a: Gholdengo
|
|-heal|p1a: Wario|44/100 par|[from] item: Leftovers
|upkeep
|inactive|sleepcactus has 120 seconds left.
|
|t:|1760850517
|switch|p2a: Serperior|Serperior, F|100/100
|turn|12
|inactive|sleepcactus has 120 seconds left.
|
|t:|1760850523
|move|p2a: Serperior|Substitute|p2a: Serperior
|-start|p2a: Serperior|Substitute
|-damage|p2a: Serperior|76/100
|move|p1a: Wario|Gunk Shot|p2a: Serperior
|-supereffective|p2a: Serperior
|-end|p2a: Serperior|Substitute
|
|-heal|p2a: Serperior|82/100|[from] item: Leftovers
|-heal|p1a: Wario|50/100 par|[from] item: Leftovers
|upkeep
|turn|13
|
|t:|1760850531
|move|p2a: Serperior|Substitute|p2a: Serperior
|-start|p2a: Serperior|Substitute
|-damage|p2a: Serperior|57/100
|move|p1a: Wario|Gunk Shot|p2a: Serperior
|-supereffective|p2a: Serperior
|-crit|p2a: Serperior
|-end|p2a: Serperior|Substitute
|
|-heal|p2a: Serperior|63/100|[from] item: Leftovers
|-heal|p1a: Wario|56/100 par|[from] item: Leftovers
|upkeep
|turn|14
|
|t:|1760850539
|move|p2a: Serperior|Substitute|p2a: Serperior
|-start|p2a: Serperior|Substitute
|-damage|p2a: Serperior|38/100
|move|p1a: Wario|Knock Off|p2a: Serperior
|-end|p2a: Serperior|Substitute
|
|-heal|p2a: Serperior|44/100|[from] item: Leftovers
|-heal|p1a: Wario|62/100 par|[from] item: Leftovers
|upkeep
|turn|15
|
|t:|1760850546
|move|p2a: Serperior|Substitute|p2a: Serperior
|-start|p2a: Serperior|Substitute
|-damage|p2a: Serperior|20/100
|move|p1a: Wario|Knock Off|p2a: Serperior
|-end|p2a: Serperior|Substitute
|
|-heal|p2a: Serperior|26/100|[from] item: Leftovers
|-heal|p1a: Wario|69/100 par|[from] item: Leftovers
|upkeep
|turn|16
|
|t:|1760850553
|move|p2a: Serperior|Substitute|p2a: Serperior
|-start|p2a: Serperior|Substitute
|-damage|p2a: Serperior|1/100
|move|p1a: Wario|Knock Off|p2a: Serperior
|-end|p2a: Serperior|Substitute
|
|-heal|p2a: Serperior|7/100|[from] item: Leftovers
|-heal|p1a: Wario|75/100 par|[from] item: Leftovers
|upkeep
|turn|17
|
|t:|1760850560
|move|p2a: Serperior|Leech Seed|p1a: Wario
|-start|p1a: Wario|move: Leech Seed
|move|p1a: Wario|Knock Off|p2a: Serperior
|-damage|p2a: Serperior|0 fnt
|-enditem|p2a: Serperior|Leftovers|[from] move: Knock Off|[of] p1a: Wario
|faint|p2a: Serperior
|
|-heal|p1a: Wario|81/100 par|[from] item: Leftovers
|upkeep
|
|t:|1760850569
|switch|p2a: Okidogi|Okidogi, M|100/100
|turn|18
|
|t:|1760850573
|move|p2a: Okidogi|Bulk Up|p2a: Okidogi
|-boost|p2a: Okidogi|atk|1
|-boost|p2a: Okidogi|def|1
|move|p1a: Wario|Knock Off|p2a: Okidogi
|-resisted|p2a: Okidogi
|-damage|p2a: Okidogi|89/100
|-enditem|p2a: Okidogi|Leftovers|[from] move: Knock Off|[of] p1a: Wario
|
|-heal|p1a: Wario|87/100 par|[from] item: Leftovers
|-damage|p1a: Wario|75/100 par|[from] Leech Seed|[of] p2a: Okidogi
|-heal|p2a: Okidogi|100/100|[silent]
|upkeep
|turn|19
|
|t:|1760850593
|switch|p1a: William|Chandelure, M|100/100
|move|p2a: Okidogi|Bulk Up|p2a: Okidogi
|-boost|p2a: Okidogi|atk|1
|-boost|p2a: Okidogi|def|1
|
|upkeep
|turn|20
|
|t:|1760850600
|move|p1a: William|Flamethrower|p2a: Okidogi
|-damage|p2a: Okidogi|55/100
|move|p2a: Okidogi|Knock Off|p1a: William
|-supereffective|p1a: William
|-damage|p1a: William|0 fnt
|-enditem|p1a: William|Heavy-Duty Boots|[from] move: Knock Off|[of] p2a: Okidogi
|faint|p1a: William
|
|upkeep
|
|t:|1760850613
|switch|p1a: Tusk Boi|Mamoswine, M|100/100
|-damage|p1a: Tusk Boi|88/100|[from] Spikes
|turn|21
|
|t:|1760850618
|move|p1a: Tusk Boi|Earthquake|p2a: Okidogi
|-supereffective|p2a: Okidogi
|-damage|p2a: Okidogi|13/100
|move|p2a: Okidogi|Drain Punch|p1a: Tusk Boi
|-supereffective|p1a: Tusk Boi
|-damage|p1a: Tusk Boi|0 fnt
|-heal|p2a: Okidogi|60/100|[from] drain|[of] p1a: Tusk Boi
|faint|p1a: Tusk Boi
|
|upkeep
|
|t:|1760850628
|switch|p1a: Primo|Primarina, F|100/100
|-damage|p1a: Primo|88/100|[from] Spikes
|turn|22
|
|t:|1760850635
|move|p2a: Okidogi|Poison Jab|p1a: Primo
|-supereffective|p1a: Primo
|-damage|p1a: Primo|0 fnt
|faint|p1a: Primo
|
|upkeep
|
|t:|1760850640
|switch|p1a: French Fry|Magnezone|100/100
|-item|p1a: French Fry|Air Balloon
|turn|23
|
|t:|1760850646
|-terastallize|p1a: French Fry|Fighting
|move|p2a: Okidogi|Drain Punch|p1a: French Fry
|-damage|p1a: French Fry|47/100
|-heal|p2a: Okidogi|83/100|[from] drain|[of] p1a: French Fry
|-enditem|p1a: French Fry|Air Balloon
|move|p1a: French Fry|Thunderbolt|p2a: Okidogi
|-damage|p2a: Okidogi|33/100
|
|upkeep
|turn|24
|
|t:|1760850658
|move|p2a: Okidogi|Drain Punch|p1a: French Fry
|-damage|p1a: French Fry|0 fnt
|-heal|p2a: Okidogi|53/100|[from] drain|[of] p1a: French Fry
|faint|p1a: French Fry
|
|upkeep
|
|t:|1760850663
|switch|p1a: Wario|Muk-Alola, M|75/100 par
|-damage|p1a: Wario|62/100 par|[from] Spikes
|turn|25
|
|t:|1760850669
|move|p2a: Okidogi|Drain Punch|p1a: Wario
|-damage|p1a: Wario|2/100 par
|-heal|p2a: Okidogi|85/100|[from] drain|[of] p1a: Wario
|move|p1a: Wario|Gunk Shot|p2a: Okidogi
|-resisted|p2a: Okidogi
|-damage|p2a: Okidogi|75/100
|
|-heal|p1a: Wario|8/100 par|[from] item: Leftovers
|upkeep
|turn|26
|
|t:|1760850679
|move|p2a: Okidogi|Drain Punch|p1a: Wario
|-damage|p1a: Wario|0 fnt
|-heal|p2a: Okidogi|79/100|[from] drain|[of] p1a: Wario
|faint|p1a: Wario
|
|win|sleepcactus
|raw|NorseCode07's rating: 1312 &rarr; <strong>1290</strong><br />(-22 for losing)
|raw|sleepcactus's rating: 1270 &rarr; <strong>1298</strong><br />(+28 for winning)
|l|☆sleepcactus
|player|p2|
|l|☆NorseCode07
|player|p1|
