|j|☆PikachuStupid90
|j|☆Valent31
|t:|1760771771
|gametype|singles
|player|p1|PikachuStupid90|miku-flying|1269
|player|p2|Valent31|pokemonranger-gen4|1282
|gen|9
|tier|[Gen 9] OU
|rated|
|rule|HP Percentage Mod: HP is shown in percentages
|rule|Endless Battle Clause: Forcing endless battles is banned
|rule|Species Clause: Limit one of each Pokémon
|rule|OHKO Clause: OHKO moves are banned
|rule|Evasion Items Clause: Evasion items are banned
|rule|Evasion Moves Clause: Evasion moves are banned
|rule|Evasion Abilities Clause: Evasion abilities are banned
|rule|Sleep Moves Clause: Sleep-inducing moves are banned
|clearpoke
|poke|p1|Tornadus-Therian, M|
|poke|p1|Alomomola, F|
|poke|p1|Clodsire, M|
|poke|p1|Mamoswine, M|
|poke|p1|Ninetales-Alola, M|
|poke|p1|Heatran, F|
|poke|p2|Venusaur, F|
|poke|p2|Ninetales, F|
|poke|p2|Walking Wake|
|poke|p2|Blaziken, F|
|poke|p2|Alomomola, F|
|poke|p2|Gallade, M|
|teampreview
|inactive|Battle timer is ON: inactive players will automatically lose when time's up. (requested by Valent31)
|
|t:|1760771779
|teamsize|p1|6
|teamsize|p2|6
|start
|switch|p1a: Mamoswine|Mamoswine, M|100/100
|switch|p2a: Ninetales|Ninetales, F|100/100
|-weather|SunnyDay|[from] ability: Drought|[of] p2a: Ninetales
|turn|1
|
|t:|1760771788
|switch|p2a: Walking Wake|Walking Wake|100/100
|-activate|p2a: Walking Wake|ability: Protosynthesis
|-start|p2a: Walking Wake|protosynthesisspe
|move|p1a: Mamoswine|High Horsepower|p2a: Walking Wake
|-damage|p2a: Walking Wake|39/100
|
|-weather|SunnyDay|[upkeep]
|upkeep
|turn|2
|
|t:|1760771801
|switch|p1a: Clodsire|Clodsire, M|100/100
|move|p2a: Walking Wake|Flip Turn|p1a: Clodsire
|-immune|p1a: Clodsire|[from] ability: Water Absorb
|
|-weather|SunnyDay|[upkeep]
|upkeep
|turn|3
|
|t:|1760771809
|-end|p2a: Walking Wake|Protosynthesis|[silent]
|switch|p2a: Gallade|Gallade, M|100/100
|move|p1a: Clodsire|Spikes|p2a: Gallade
|-sidestart|p2: Valent31|Spikes
|
|-weather|SunnyDay|[upkeep]
|upkeep
|turn|4
|
|t:|1760771815
|switch|p2a: Blaziken|Blaziken, F|100/100
|-damage|p2a: Blaziken|88/100|[from] Spikes
|switch|p1a: Tornadus|Tornadus-Therian, M|100/100
|
|-weather|SunnyDay|[upkeep]
|-heal|p2a: Blaziken|94/100|[from] item: Leftovers
|upkeep
|turn|5
|
|t:|1760771821
|switch|p2a: Alomomola|Alomomola, F|100/100
|-damage|p2a: Alomomola|88/100|[from] Spikes
|move|p1a: Tornadus|Bleakwind Storm|p2a: Alomomola
|-damage|p2a: Alomomola|47/100
|-enditem|p2a: Alomomola|Eject Button
|
|t:|1760771825
|switch|p2a: Gallade|Gallade, M|100/100
|-damage|p2a: Gallade|88/100|[from] Spikes
|
|-weather|SunnyDay|[upkeep]
|upkeep
|turn|6
|
|t:|1760771833
|move|p1a: Tornadus|Bleakwind Storm|p2a: Gallade
|-supereffective|p2a: Gallade
|-damage|p2a: Gallade|41/100
|move|p2a: Gallade|Psycho Cut|p1a: Tornadus
|-damage|p1a: Tornadus|36/100
|
|-weather|SunnyDay|[upkeep]
|upkeep
|turn|7
|
|t:|1760771842
|move|p1a: Tornadus|Bleakwind Storm|p2a: Gallade
|-supereffective|p2a: Gallade
|-damage|p2a: Gallade|0 fnt
|faint|p2a: Gallade
|
|-weather|SunnyDay|[upkeep]
|upkeep
|
|t:|1760771849
|switch|p2a: Walking Wake|Walking Wake|39/100
|-damage|p2a: Walking Wake|27/100|[from] Spikes
|-activate|p2a: Walking Wake|ability: Protosynthesis
|-start|p2a: Walking Wake|protosynthesisspe
|turn|8
|
|t:|1760771855
|switch|p1a: Clodsire|Clodsire, M|100/100
|move|p2a: Walking Wake|Draco Meteor|p1a: Clodsire
|-crit|p1a: Clodsire
|-damage|p1a: Clodsire|26/100
|-unboost|p2a: Walking Wake|spa|2
|
|-weather|none
|-end|p2a: Walking Wake|Protosynthesis
|upkeep
|turn|9
|
|t:|1760771861
|move|p2a: Walking Wake|Draco Meteor|p1a: Clodsire
|-damage|p1a: Clodsire|2/100
|-unboost|p2a: Walking Wake|spa|2
|move|p1a: Clodsire|Recover|p1a: Clodsire
|-heal|p1a: Clodsire|52/100
|
|upkeep
|turn|10
|
|t:|1760771868
|-end|p2a: Walking Wake|Protosynthesis|[silent]
|switch|p2a: Ninetales|Ninetales, F|100/100
|-damage|p2a: Ninetales|88/100|[from] Spikes
|-weather|SunnyDay|[from] ability: Drought|[of] p2a: Ninetales
|move|p1a: Clodsire|Spikes|p2a: Ninetales
|-sidestart|p2: Valent31|Spikes
|
|-weather|SunnyDay|[upkeep]
|upkeep
|turn|11
|
|t:|1760771876
|move|p2a: Ninetales|Healing Wish|p2a: Ninetales
|faint|p2a: Ninetales
|move|p1a: Clodsire|Recover|p1a: Clodsire
|-heal|p1a: Clodsire|100/100
|
|-weather|SunnyDay|[upkeep]
|upkeep
|
|t:|1760771882
|switch|p2a: Walking Wake|Walking Wake|27/100
|-heal|p2a: Walking Wake|100/100|[from] move: Healing Wish
|-damage|p2a: Walking Wake|84/100|[from] Spikes
|-activate|p2a: Walking Wake|ability: Protosynthesis
|-start|p2a: Walking Wake|protosynthesisspe
|turn|12
|
|t:|1760771886
|move|p2a: Walking Wake|Draco Meteor|p1a: Clodsire
|-damage|p1a: Clodsire|50/100
|-unboost|p2a: Walking Wake|spa|2
|move|p1a: Clodsire|Toxic|p2a: Walking Wake
|-status|p2a: Walking Wake|tox
|
|-weather|SunnyDay|[upkeep]
|-damage|p2a: Walking Wake|78/100 tox|[from] psn
|upkeep
|turn|13
|
|t:|1760771890
|-end|p2a: Walking Wake|Protosynthesis|[silent]
|switch|p2a: Venusaur|Venusaur, F|100/100
|-damage|p2a: Venusaur|84/100|[from] Spikes
|move|p1a: Clodsire|Recover|p1a: Clodsire
|-heal|p1a: Clodsire|99/100
|
|-weather|SunnyDay|[upkeep]
|upkeep
|turn|14
|
|t:|1760771896
|move|p2a: Venusaur|Growth|p2a: Venusaur
|-boost|p2a: Venusaur|atk|2
|-boost|p2a: Venusaur|spa|2
|move|p1a: Clodsire|Spikes|p2a: Venusaur
|-sidestart|p2: Valent31|Spikes
|
|-weather|SunnyDay|[upkeep]
|upkeep
|turn|15
|
|t:|1760771904
|switch|p1a: Ninetales|Ninetales-Alola, M|100/100
|-weather|Snowscape|[from] ability: Snow Warning|[of] p1a: Ninetales
|move|p2a: Venusaur|Giga Drain|p1a: Ninetales
|-damage|p1a: Ninetales|0 fnt
|-heal|p2a: Venusaur|100/100|[from] drain|[of] p1a: Ninetales
|faint|p1a: Ninetales
|-damage|p2a: Venusaur|91/100|[from] item: Life Orb
|
|-weather|Snowscape|[upkeep]
|upkeep
|
|t:|1760771912
|switch|p1a: Tornadus|Tornadus-Therian, M|69/100
|turn|16
|
|t:|1760771923
|-terastallize|p2a: Venusaur|Fire
|move|p1a: Tornadus|U-turn|p2a: Venusaur
|-resisted|p2a: Venusaur
|-damage|p2a: Venusaur|82/100
|
|t:|1760771935
|switch|p1a: Clodsire|Clodsire, M|99/100|[from] U-turn
|move|p2a: Venusaur|Weather Ball|p1a: Clodsire
|-supereffective|p1a: Clodsire
|-damage|p1a: Clodsire|9/100
|-damage|p2a: Venusaur|72/100|[from] item: Life Orb
|
|-weather|Snowscape|[upkeep]
|upkeep
|turn|17
|
|t:|1760771940
|move|p2a: Venusaur|Weather Ball|p1a: Clodsire
|-supereffective|p1a: Clodsire
|-damage|p1a: Clodsire|0 fnt
|faint|p1a: Clodsire
|-damage|p2a: Venusaur|62/100|[from] item: Life Orb
|
|-weather|Snowscape|[upkeep]
|upkeep
|
|t:|1760771942
|switch|p1a: Mamoswine|Mamoswine, M|100/100
|turn|18
|
|t:|1760771951
|-terastallize|p1a: Mamoswine|Fairy
|move|p2a: Venusaur|Giga Drain|p1a: Mamoswine
|-damage|p1a: Mamoswine|23/100
|-heal|p2a: Venusaur|100/100|[from] drain|[of] p1a: Mamoswine
|-damage|p2a: Venusaur|91/100|[from] item: Life Orb
|move|p1a: Mamoswine|High Horsepower|p2a: Venusaur
|-supereffective|p2a: Venusaur
|-damage|p2a: Venusaur|0 fnt
|faint|p2a: Venusaur
|
|-weather|Snowscape|[upkeep]
|upkeep
|
|t:|1760771963
|switch|p2a: Alomomola|Alomomola, F|80/100
|-damage|p2a: Alomomola|55/100|[from] Spikes
|turn|19
|
|t:|1760771970
|move|p2a: Alomomola|Protect|p2a: Alomomola
|-singleturn|p2a: Alomomola|Protect
|move|p1a: Mamoswine|Freeze-Dry|p2a: Alomomola
|-activate|p2a: Alomomola|move: Protect
|
|-weather|none
|upkeep
|turn|20
|
|t:|1760771979
|switch|p1a: Alomomola|Alomomola, F|100/100
|switch|p2a: Blaziken|Blaziken, F|94/100
|-damage|p2a: Blaziken|69/100|[from] Spikes
|
|-heal|p2a: Blaziken|75/100|[from] item: Leftovers
|upkeep
|turn|21
|
|t:|1760771986
|move|p2a: Blaziken|Knock Off|p1a: Alomomola
|-damage|p1a: Alomomola|83/100
|-enditem|p1a: Alomomola|Heavy-Duty Boots|[from] move: Knock Off|[of] p2a: Blaziken
|move|p1a: Alomomola|Wish|p1a: Alomomola
|
|-heal|p2a: Blaziken|81/100|[from] item: Leftovers
|-ability|p2a: Blaziken|Speed Boost|boost
|-boost|p2a: Blaziken|spe|1
|upkeep
|turn|22
|
|t:|1760771995
|move|p2a: Blaziken|Swords Dance|p2a: Blaziken
|-boost|p2a: Blaziken|atk|2
|move|p1a: Alomomola|Flip Turn|p2a: Blaziken
|-supereffective|p2a: Blaziken
|-damage|p2a: Blaziken|31/100
|
|t:|1760771998
|switch|p1a: Mamoswine|Mamoswine, M, tera:Fairy|23/100|[from] Flip Turn
|
|-heal|p1a: Mamoswine|86/100|[from] move: Wish|[wisher] Alomomola
|-heal|p2a: Blaziken|37/100|[from] item: Leftovers
|-ability|p2a: Blaziken|Speed Boost|boost
|-boost|p2a: Blaziken|spe|1
|upkeep
|turn|23
|
|t:|1760772009
|move|p2a: Blaziken|Flare Blitz|p1a: Mamoswine
|-damage|p1a: Mamoswine|19/100
|-damage|p2a: Blaziken|6/100|[from] Recoil
|move|p1a: Mamoswine|High Horsepower|p2a: Blaziken
|-supereffective|p2a: Blaziken
|-damage|p2a: Blaziken|0 fnt
|faint|p2a: Blaziken
|
|upkeep
|
|t:|1760772017
|switch|p2a: Walking Wake|Walking Wake|78/100 tox
|-damage|p2a: Walking Wake|53/100 tox|[from] Spikes
|turn|24
|
|t:|1760772024
|move|p2a: Walking Wake|Flip Turn|p1a: Mamoswine
|-damage|p1a: Mamoswine|4/100
|-message|Valent31 forfeited.
|
|win|PikachuStupid90
|raw|PikachuStupid90's rating: 1269 &rarr; <strong>1295</strong><br />(+26 for winning)
|raw|Valent31's rating: 1282 &rarr; <strong>1256</strong><br />(-26 for losing)
|l|☆Valent31
|player|p2|
