|j|☆zsu-twink
|j|☆HZBKAI4
|t:|1760768438
|gametype|singles
|player|p1|zsu-twink|skyla|1122
|player|p2|HZBKAI4|1|1097
|gen|9
|tier|[Gen 9] OU
|rated|
|rule|HP Percentage Mod: HP is shown in percentages
|rule|Endless Battle Clause: Forcing endless battles is banned
|rule|Species Clause: Limit one of each Pokémon
|rule|OHKO Clause: OHKO moves are banned
|rule|Evasion Items Clause: Evasion items are banned
|rule|Evasion Moves Clause: Evasion moves are banned
|rule|Evasion Abilities Clause: Evasion abilities are banned
|rule|Sleep Moves Clause: Sleep-inducing moves are banned
|clearpoke
|poke|p1|Quaquaval, M|
|poke|p1|Meowscarada, M|
|poke|p1|Skeledirge, M|
|poke|p1|Goodra-Hisui, F|
|poke|p1|Great Tusk|
|poke|p1|Lapras, M|
|poke|p2|Dragapult, M|
|poke|p2|Enamorus, F|
|poke|p2|Glimmora, M|
|poke|p2|Kingambit, M|
|poke|p2|Blaziken, M|
|poke|p2|Clefable, F|
|teampreview
|j| trompas de palofio
|
|t:|1760768460
|teamsize|p1|6
|teamsize|p2|6
|start
|switch|p1a: Mad Ducky|Quaquaval, M|100/100
|switch|p2a: Kingambit|Kingambit, M|100/100
|turn|1
|
|t:|1760768463
|move|p1a: Mad Ducky|Feather Dance|p2a: Kingambit
|-unboost|p2a: Kingambit|atk|2
|move|p2a: Kingambit|Kowtow Cleave|p1a: Mad Ducky
|-resisted|p1a: Mad Ducky
|-damage|p1a: Mad Ducky|87/100
|
|-heal|p1a: Mad Ducky|93/100|[from] item: Leftovers
|upkeep
|turn|2
|
|t:|1760768474
|move|p1a: Mad Ducky|Low Kick|p2a: Kingambit
|-supereffective|p2a: Kingambit
|-damage|p2a: Kingambit|0 fnt
|faint|p2a: Kingambit
|-end|p2a: Kingambit|fallenundefined|[silent]
|-ability|p1a: Mad Ducky|Moxie|boost
|-boost|p1a: Mad Ducky|atk|1
|
|-heal|p1a: Mad Ducky|99/100|[from] item: Leftovers
|upkeep
|
|t:|1760768474
|switch|p2a: Clefable|Clefable, F|100/100
|turn|3
|
|t:|1760768485
|move|p1a: Mad Ducky|Aqua Step|p2a: Clefable
|-damage|p2a: Clefable|63/100
|-boost|p1a: Mad Ducky|spe|1
|move|p2a: Clefable|Moonblast|p1a: Mad Ducky
|-supereffective|p1a: Mad Ducky
|-damage|p1a: Mad Ducky|13/100
|-unboost|p1a: Mad Ducky|spa|1
|
|-heal|p1a: Mad Ducky|19/100|[from] item: Leftovers
|-heal|p2a: Clefable|69/100|[from] item: Leftovers
|upkeep
|turn|4
|
|t:|1760768492
|switch|p1a: Skeledirge|Skeledirge, M|100/100
|move|p2a: Clefable|Moonblast|p1a: Skeledirge
|-resisted|p1a: Skeledirge
|-damage|p1a: Skeledirge|88/100
|-unboost|p1a: Skeledirge|spa|1
|
|-heal|p1a: Skeledirge|94/100|[from] item: Leftovers
|-heal|p2a: Clefable|75/100|[from] item: Leftovers
|upkeep
|turn|5
|
|t:|1760768496
|move|p1a: Skeledirge|Torch Song|p2a: Clefable
|-damage|p2a: Clefable|58/100
|-boost|p1a: Skeledirge|spa|1
|move|p2a: Clefable|Moonblast|p1a: Skeledirge
|-resisted|p1a: Skeledirge
|-damage|p1a: Skeledirge|81/100
|-unboost|p1a: Skeledirge|spa|1
|
|-heal|p1a: Skeledirge|87/100|[from] item: Leftovers
|-heal|p2a: Clefable|64/100|[from] item: Leftovers
|upkeep
|turn|6
|
|t:|1760768501
|move|p1a: Skeledirge|Torch Song|p2a: Clefable
|-damage|p2a: Clefable|46/100
|-boost|p1a: Skeledirge|spa|1
|move|p2a: Clefable|Moonblast|p1a: Skeledirge
|-resisted|p1a: Skeledirge
|-damage|p1a: Skeledirge|74/100
|
|-heal|p1a: Skeledirge|80/100|[from] item: Leftovers
|-heal|p2a: Clefable|53/100|[from] item: Leftovers
|upkeep
|turn|7
|
|t:|1760768505
|move|p1a: Skeledirge|Torch Song|p2a: Clefable
|-damage|p2a: Clefable|25/100
|-boost|p1a: Skeledirge|spa|1
|move|p2a: Clefable|Moonblast|p1a: Skeledirge
|-resisted|p1a: Skeledirge
|-damage|p1a: Skeledirge|65/100
|
|-heal|p1a: Skeledirge|71/100|[from] item: Leftovers
|-heal|p2a: Clefable|31/100|[from] item: Leftovers
|upkeep
|turn|8
|
|t:|1760768509
|-terastallize|p2a: Clefable|Water
|move|p1a: Skeledirge|Torch Song|p2a: Clefable
|-resisted|p2a: Clefable
|-damage|p2a: Clefable|8/100
|-boost|p1a: Skeledirge|spa|1
|move|p2a: Clefable|Moonblast|p1a: Skeledirge
|-resisted|p1a: Skeledirge
|-damage|p1a: Skeledirge|57/100
|-unboost|p1a: Skeledirge|spa|1
|
|-heal|p1a: Skeledirge|63/100|[from] item: Leftovers
|-heal|p2a: Clefable|14/100|[from] item: Leftovers
|upkeep
|turn|9
|
|t:|1760768512
|move|p1a: Skeledirge|Hex|p2a: Clefable
|-damage|p2a: Clefable|0 fnt
|faint|p2a: Clefable
|
|-heal|p1a: Skeledirge|70/100|[from] item: Leftovers
|upkeep
|
|t:|1760768512
|switch|p2a: Glimmora|Glimmora, M|100/100
|turn|10
|
|t:|1760768519
|switch|p1a: Greatest Tusk|Great Tusk|100/100
|move|p2a: Glimmora|Meteor Beam||[still]
|-prepare|p2a: Glimmora|Meteor Beam
|-boost|p2a: Glimmora|spa|1
|-enditem|p2a: Glimmora|Power Herb
|-anim|p2a: Glimmora|Meteor Beam|p1a: Greatest Tusk
|-resisted|p1a: Greatest Tusk
|-damage|p1a: Greatest Tusk|83/100
|
|upkeep
|turn|11
|
|t:|1760768526
|move|p2a: Glimmora|Earth Power|p1a: Greatest Tusk
|-damage|p1a: Greatest Tusk|50/100
|move|p1a: Greatest Tusk|Rapid Spin|p2a: Glimmora
|-resisted|p2a: Glimmora
|-damage|p2a: Glimmora|89/100
|-boost|p1a: Greatest Tusk|spe|1
|-activate|p2a: Glimmora|ability: Toxic Debris
|-sidestart|p1: zsu-twink|move: Toxic Spikes
|-sideend|p1: zsu-twink|Toxic Spikes|[from] move: Rapid Spin|[of] p1a: Greatest Tusk
|
|upkeep
|turn|12
|
|t:|1760768531
|move|p1a: Greatest Tusk|Earthquake|p2a: Glimmora
|-supereffective|p2a: Glimmora
|-damage|p2a: Glimmora|0 fnt
|-activate|p2a: Glimmora|ability: Toxic Debris
|-sidestart|p1: zsu-twink|move: Toxic Spikes
|faint|p2a: Glimmora
|
|upkeep
|
|t:|1760768531
|switch|p2a: Enamorus|Enamorus, F|100/100
|turn|13
|
|t:|1760768536
|-terastallize|p1a: Greatest Tusk|Poison
|move|p2a: Enamorus|Moonblast|p1a: Greatest Tusk
|-resisted|p1a: Greatest Tusk
|-damage|p1a: Greatest Tusk|31/100
|move|p1a: Greatest Tusk|Rapid Spin|p2a: Enamorus
|-damage|p2a: Enamorus|75/100
|-boost|p1a: Greatest Tusk|spe|1
|-sideend|p1: zsu-twink|Toxic Spikes|[from] move: Rapid Spin|[of] p1a: Greatest Tusk
|
|-heal|p2a: Enamorus|81/100|[from] item: Leftovers
|upkeep
|turn|14
|
|t:|1760768544
|move|p1a: Greatest Tusk|Ice Spinner|p2a: Enamorus
|-supereffective|p2a: Enamorus
|-damage|p2a: Enamorus|0 fnt
|faint|p2a: Enamorus
|
|upkeep
|
|t:|1760768544
|switch|p2a: Blaziken|Blaziken, M|100/100
|turn|15
|
|t:|1760768552
|move|p1a: Greatest Tusk|Close Combat|p2a: Blaziken
|-damage|p2a: Blaziken|0 fnt
|-unboost|p1a: Greatest Tusk|def|1
|-unboost|p1a: Greatest Tusk|spd|1
|faint|p2a: Blaziken
|
|upkeep
|
|t:|1760768552
|switch|p2a: Dragapult|Dragapult, M|100/100
|turn|16
|
|t:|1760768556
|move|p2a: Dragapult|Hex|p1a: Greatest Tusk
|-damage|p1a: Greatest Tusk|3/100
|move|p1a: Greatest Tusk|Ice Spinner|p2a: Dragapult
|-supereffective|p2a: Dragapult
|-damage|p2a: Dragapult|16/100
|
|upkeep
|turn|17
|
|t:|1760768559
|move|p2a: Dragapult|Hex|p1a: Greatest Tusk
|-damage|p1a: Greatest Tusk|0 fnt
|faint|p1a: Greatest Tusk
|-end|p1a: Greatest Tusk|Protosynthesis|[silent]
|
|upkeep
|
|t:|1760768564
|switch|p1a: Smart 'pras|Lapras, M|100/100
|turn|18
|
|t:|1760768568
|move|p2a: Dragapult|Hex|p1a: Smart 'pras
|-damage|p1a: Smart 'pras|76/100
|move|p1a: Smart 'pras|Smart Strike|p2a: Dragapult
|-damage|p2a: Dragapult|0 fnt
|faint|p2a: Dragapult
|
|win|zsu-twink
|raw|zsu-twink's rating: 1122 &rarr; <strong>1145</strong><br />(+23 for winning)
|raw|HZBKAI4's rating: 1097 &rarr; <strong>1074</strong><br />(-23 for losing)
|l|☆HZBKAI4
|player|p2|
|l|☆zsu-twink
|player|p1|
