|j|☆Kleinstein-Albert
|j|☆ykykp
|t:|1760866763
|gametype|singles
|player|p1|Kleinstein-Albert|scientist-gen4dp|1446
|player|p2|ykykp|170|1410
|gen|9
|tier|[Gen 9] OU
|rated|
|rule|HP Percentage Mod: HP is shown in percentages
|rule|Endless Battle Clause: Forcing endless battles is banned
|rule|Species Clause: Limit one of each Pokémon
|rule|OHKO Clause: OHKO moves are banned
|rule|Evasion Items Clause: Evasion items are banned
|rule|Evasion Moves Clause: Evasion moves are banned
|rule|Evasion Abilities Clause: Evasion abilities are banned
|rule|Sleep Moves Clause: Sleep-inducing moves are banned
|clearpoke
|poke|p1|Garganacl, F|
|poke|p1|Dragapult, F|
|poke|p1|Ogerpon-Wellspring, F|
|poke|p1|Moltres|
|poke|p1|Iron Valiant|
|poke|p1|Iron Treads|
|poke|p2|Gardevoir, F|
|poke|p2|Sylveon, M|
|poke|p2|Maushold-Four|
|poke|p2|Deoxys-Speed|
|poke|p2|Iron Moth|
|poke|p2|Keldeo-Resolute|
|teampreview
|inactive|Battle timer is ON: inactive players will automatically lose when time's up. (requested by ykykp)
|
|t:|1760866770
|teamsize|p1|6
|teamsize|p2|6
|start
|switch|p1a: Iron Treads|Iron Treads|100/100
|switch|p2a: Iron Moth|Iron Moth|100/100
|-enditem|p2a: Iron Moth|Booster Energy
|-activate|p2a: Iron Moth|ability: Quark Drive|[fromitem]
|-start|p2a: Iron Moth|quarkdrivespe
|turn|1
|
|t:|1760866774
|-terastallize|p1a: Iron Treads|Dark
|move|p2a: Iron Moth|Substitute|p2a: Iron Moth
|-start|p2a: Iron Moth|Substitute
|-damage|p2a: Iron Moth|76/100
|move|p1a: Iron Treads|Earthquake|p2a: Iron Moth
|-supereffective|p2a: Iron Moth
|-end|p2a: Iron Moth|Substitute
|
|upkeep
|turn|2
|
|t:|1760866785
|move|p2a: Iron Moth|Sludge Wave|p1a: Iron Treads
|-damage|p1a: Iron Treads|61/100
|move|p1a: Iron Treads|Earthquake|p2a: Iron Moth
|-supereffective|p2a: Iron Moth
|-damage|p2a: Iron Moth|0 fnt
|faint|p2a: Iron Moth
|-end|p2a: Iron Moth|Quark Drive|[silent]
|
|-heal|p1a: Iron Treads|67/100|[from] item: Leftovers
|upkeep
|
|t:|1760866788
|switch|p2a: Maushold|Maushold-Four|100/100
|turn|3
|
|t:|1760866792
|move|p2a: Maushold|Tidy Up|p2a: Maushold
|-boost|p2a: Maushold|atk|1
|-boost|p2a: Maushold|spe|1
|move|p1a: Iron Treads|Earthquake|p2a: Maushold
|-damage|p2a: Maushold|42/100
|
|-heal|p1a: Iron Treads|73/100|[from] item: Leftovers
|upkeep
|turn|4
|
|t:|1760866798
|move|p2a: Maushold|Population Bomb|p1a: Iron Treads
|-crit|p1a: Iron Treads
|-damage|p1a: Iron Treads|54/100
|-damage|p1a: Iron Treads|41/100
|-damage|p1a: Iron Treads|28/100
|-damage|p1a: Iron Treads|14/100
|-damage|p1a: Iron Treads|0 fnt
|faint|p1a: Iron Treads
|-end|p1a: Iron Treads|Quark Drive|[silent]
|-hitcount|p1: Iron Treads|5
|
|upkeep
|
|t:|1760866801
|switch|p1a: Iron Valiant|Iron Valiant|100/100
|-enditem|p1a: Iron Valiant|Booster Energy
|-activate|p1a: Iron Valiant|ability: Quark Drive|[fromitem]
|-start|p1a: Iron Valiant|quarkdrivespe
|turn|5
|
|t:|1760866804
|switch|p2a: Sylveon|Sylveon, M|100/100
|move|p1a: Iron Valiant|Moonblast|p2a: Sylveon
|-damage|p2a: Sylveon|69/100
|
|upkeep
|turn|6
|
|t:|1760866811
|-end|p1a: Iron Valiant|Quark Drive|[silent]
|switch|p1a: Moltres|Moltres|100/100
|move|p2a: Sylveon|Hyper Voice|p1a: Moltres
|-resisted|p1a: Moltres
|-damage|p1a: Moltres|63/100
|
|upkeep
|turn|7
|
|t:|1760866824
|switch|p1a: Dragapult|Dragapult, F|100/100
|move|p2a: Sylveon|Hyper Voice|p1a: Dragapult
|-supereffective|p1a: Dragapult
|-damage|p1a: Dragapult|0 fnt
|faint|p1a: Dragapult
|
|upkeep
|
|t:|1760866831
|switch|p1a: Garganacl|Garganacl, F|100/100
|turn|8
|
|t:|1760866833
|move|p2a: Sylveon|Hyper Voice|p1a: Garganacl
|-damage|p1a: Garganacl|43/100
|move|p1a: Garganacl|Iron Defense|p1a: Garganacl
|-boost|p1a: Garganacl|def|2
|
|-heal|p1a: Garganacl|49/100|[from] item: Leftovers
|upkeep
|turn|9
|
|t:|1760866838
|switch|p1a: Moltres|Moltres|63/100
|move|p2a: Sylveon|Hyper Voice|p1a: Moltres
|-resisted|p1a: Moltres
|-damage|p1a: Moltres|27/100
|
|upkeep
|turn|10
|
|t:|1760866841
|move|p1a: Moltres|Roost|p1a: Moltres
|-heal|p1a: Moltres|77/100
|-singleturn|p1a: Moltres|move: Roost
|move|p2a: Sylveon|Hyper Voice|p1a: Moltres
|-resisted|p1a: Moltres
|-damage|p1a: Moltres|43/100
|
|upkeep
|turn|11
|
|t:|1760866844
|move|p1a: Moltres|Roost|p1a: Moltres
|-heal|p1a: Moltres|93/100
|-singleturn|p1a: Moltres|move: Roost
|move|p2a: Sylveon|Hyper Voice|p1a: Moltres
|-resisted|p1a: Moltres
|-damage|p1a: Moltres|57/100
|
|upkeep
|turn|12
|
|t:|1760866847
|switch|p2a: Keldeo|Keldeo-Resolute|100/100
|move|p1a: Moltres|Roar|p2a: Keldeo
|drag|p2a: Gardevoir|Gardevoir, F|100/100
|-ability|p2a: Gardevoir|Flame Body|Trace|[from] ability: Trace|[of] p1a: Moltres
|
|upkeep
|turn|13
|
|t:|1760866852
|move|p1a: Moltres|Flamethrower|p2a: Gardevoir
|-damage|p2a: Gardevoir|65/100
|move|p2a: Gardevoir|Psychic Noise|p1a: Moltres
|-damage|p1a: Moltres|31/100
|-start|p1a: Moltres|move: Heal Block
|
|upkeep
|turn|14
|
|t:|1760866859
|switch|p2a: Keldeo|Keldeo-Resolute|100/100
|move|p1a: Moltres|Flamethrower|p2a: Keldeo
|-resisted|p2a: Keldeo
|-damage|p2a: Keldeo|78/100
|
|-end|p1a: Moltres|move: Heal Block
|upkeep
|turn|15
|
|t:|1760866874
|move|p2a: Keldeo|Surf|p1a: Moltres
|-supereffective|p1a: Moltres
|-damage|p1a: Moltres|0 fnt
|faint|p1a: Moltres
|
|upkeep
|
|t:|1760866877
|switch|p1a: Ogerpon|Ogerpon-Wellspring, F|100/100
|turn|16
|
|t:|1760866900
|move|p2a: Keldeo|Secret Sword|p1a: Ogerpon
|-damage|p1a: Ogerpon|49/100
|move|p1a: Ogerpon|Trailblaze|p2a: Keldeo
|-supereffective|p2a: Keldeo
|-damage|p2a: Keldeo|14/100
|-boost|p1a: Ogerpon|spe|1
|
|upkeep
|turn|17
|
|t:|1760866909
|move|p2a: Keldeo|Vacuum Wave|p1a: Ogerpon
|-damage|p1a: Ogerpon|27/100
|move|p1a: Ogerpon|Trailblaze|p2a: Keldeo
|-supereffective|p2a: Keldeo
|-damage|p2a: Keldeo|0 fnt
|-boost|p1a: Ogerpon|spe|1
|faint|p2a: Keldeo
|
|upkeep
|
|t:|1760866912
|switch|p2a: Gardevoir|Gardevoir, F|65/100
|-ability|p2a: Gardevoir|Water Absorb|Trace|[from] ability: Trace|[of] p1a: Ogerpon
|turn|18
|
|t:|1760866918
|move|p1a: Ogerpon|Synthesis|p1a: Ogerpon
|-heal|p1a: Ogerpon|76/100
|move|p2a: Gardevoir|Trick Room|p2a: Gardevoir
|-fieldstart|move: Trick Room|[of] p2a: Gardevoir
|
|upkeep
|turn|19
|
|t:|1760866926
|move|p2a: Gardevoir|Psychic Noise|p1a: Ogerpon
|-damage|p1a: Ogerpon|48/100
|-start|p1a: Ogerpon|move: Heal Block
|move|p1a: Ogerpon|Swords Dance|p1a: Ogerpon
|-boost|p1a: Ogerpon|atk|2
|
|upkeep
|turn|20
|
|t:|1760866933
|move|p2a: Gardevoir|Healing Wish|p2a: Gardevoir
|faint|p2a: Gardevoir
|move|p1a: Ogerpon|Trailblaze|p2: Gardevoir|[notarget]
|-fail|p1a: Ogerpon
|
|-end|p1a: Ogerpon|move: Heal Block
|upkeep
|
|t:|1760866935
|switch|p2a: Sylveon|Sylveon, M|69/100
|-heal|p2a: Sylveon|100/100|[from] move: Healing Wish
|turn|21
|
|t:|1760866951
|-terastallize|p2a: Sylveon|Fairy
|move|p2a: Sylveon|Hyper Voice|p1a: Ogerpon
|-damage|p1a: Ogerpon|0 fnt
|faint|p1a: Ogerpon
|
|upkeep
|
|t:|1760866956
|switch|p1a: Garganacl|Garganacl, F|49/100
|turn|22
|
|t:|1760866958
|move|p1a: Garganacl|Recover|p1a: Garganacl
|-heal|p1a: Garganacl|99/100
|move|p2a: Sylveon|Hyper Voice|p1a: Garganacl
|-damage|p1a: Garganacl|30/100
|
|-heal|p1a: Garganacl|36/100|[from] item: Leftovers
|-fieldend|move: Trick Room
|upkeep
|turn|23
|
|t:|1760866967
|move|p2a: Sylveon|Hyper Voice|p1a: Garganacl
|-damage|p1a: Garganacl|0 fnt
|faint|p1a: Garganacl
|
|upkeep
|
|t:|1760866971
|switch|p1a: Iron Valiant|Iron Valiant|100/100
|turn|24
|
|t:|1760866974
|move|p1a: Iron Valiant|Moonblast|p2a: Sylveon
|-damage|p2a: Sylveon|69/100
|-unboost|p2a: Sylveon|spa|1
|move|p2a: Sylveon|Hyper Voice|p1a: Iron Valiant
|-supereffective|p1a: Iron Valiant
|-damage|p1a: Iron Valiant|0 fnt
|faint|p1a: Iron Valiant
|-end|p1a: Iron Valiant|Quark Drive|[silent]
|
|win|ykykp
|raw|Kleinstein-Albert's rating: 1446 &rarr; <strong>1424</strong><br />(-22 for losing)
|raw|ykykp's rating: 1410 &rarr; <strong>1432</strong><br />(+22 for winning)
|l|☆Kleinstein-Albert
|player|p1|
|l|☆ykykp
|player|p2|
