|j|☆polo4569
|j|☆wittyphoshop
|t:|1760771089
|gametype|singles
|player|p1|polo4569|2|1323
|player|p2|wittyphoshop|cyclist-gen4|1341
|gen|9
|tier|[Gen 9] OU
|rated|
|rule|HP Percentage Mod: HP is shown in percentages
|rule|Endless Battle Clause: Forcing endless battles is banned
|rule|Species Clause: Limit one of each Pokémon
|rule|OHKO Clause: OHKO moves are banned
|rule|Evasion Items Clause: Evasion items are banned
|rule|Evasion Moves Clause: Evasion moves are banned
|rule|Evasion Abilities Clause: Evasion abilities are banned
|rule|Sleep Moves Clause: Sleep-inducing moves are banned
|clearpoke
|poke|p1|Kilowattrel, M|
|poke|p1|Kingambit, M|
|poke|p1|Feraligatr, M|
|poke|p1|Uxie|
|poke|p1|Iron Moth|
|poke|p1|Scizor, F|
|poke|p2|Raging Bolt|
|poke|p2|Ogerpon-Wellspring, F|
|poke|p2|Dragonite, F|
|poke|p2|Scizor, M|
|poke|p2|Cresselia, F|
|poke|p2|Great Tusk|
|teampreview
|inactive|Battle timer is ON: inactive players will automatically lose when time's up. (requested by polo4569)
|
|t:|1760771120
|teamsize|p1|6
|teamsize|p2|6
|start
|switch|p1a: Kilowattrel|Kilowattrel, M|100/100
|switch|p2a: Pool Party|Ogerpon-Wellspring, F|100/100
|turn|1
|
|t:|1760771131
|switch|p2a: Space Bird 5555|Cresselia, F, shiny|100/100
|move|p1a: Kilowattrel|Air Slash|p2a: Space Bird 5555
|-damage|p2a: Space Bird 5555|69/100
|
|upkeep
|turn|2
|
|t:|1760771143
|move|p1a: Kilowattrel|Air Slash|p2a: Space Bird 5555
|-damage|p2a: Space Bird 5555|37/100
|move|p2a: Space Bird 5555|Ice Beam|p1a: Kilowattrel
|-supereffective|p1a: Kilowattrel
|-damage|p1a: Kilowattrel|37/100
|
|upkeep
|turn|3
|
|t:|1760771153
|switch|p1a: Feraligatr|Feraligatr, M|100/100
|move|p2a: Space Bird 5555|Ice Beam|p1a: Feraligatr
|-resisted|p1a: Feraligatr
|-damage|p1a: Feraligatr|89/100
|
|upkeep
|turn|4
|
|t:|1760771158
|move|p2a: Space Bird 5555|Thunder Wave|p1a: Feraligatr
|-status|p1a: Feraligatr|par
|move|p1a: Feraligatr|Dragon Dance|p1a: Feraligatr
|-boost|p1a: Feraligatr|atk|1
|-boost|p1a: Feraligatr|spe|1
|
|upkeep
|turn|5
|
|t:|1760771166
|switch|p2a: Pool Party|Ogerpon-Wellspring, F|100/100
|move|p1a: Feraligatr|Dragon Dance|p1a: Feraligatr
|-boost|p1a: Feraligatr|atk|1
|-boost|p1a: Feraligatr|spe|1
|
|upkeep
|turn|6
|
|t:|1760771188
|move|p2a: Pool Party|Power Whip|p1a: Feraligatr
|-supereffective|p1a: Feraligatr
|-damage|p1a: Feraligatr|0 fnt
|faint|p1a: Feraligatr
|
|upkeep
|
|t:|1760771191
|switch|p1a: Kilowattrel|Kilowattrel, M|37/100
|turn|7
|
|t:|1760771196
|switch|p2a: Great Neck|Raging Bolt|100/100
|move|p1a: Kilowattrel|Air Slash|p2a: Great Neck
|-resisted|p2a: Great Neck
|-damage|p2a: Great Neck|74/100
|
|upkeep
|turn|8
|
|t:|1760771210
|switch|p1a: Uxie|Uxie|100/100
|move|p2a: Great Neck|Dragon Pulse|p1a: Uxie
|-damage|p1a: Uxie|67/100
|
|-heal|p1a: Uxie|73/100|[from] item: Leftovers
|upkeep
|turn|9
|
|t:|1760771218
|move|p2a: Great Neck|Volt Switch|p1a: Uxie
|-crit|p1a: Uxie
|-damage|p1a: Uxie|33/100
|
|t:|1760771222
|-end|p2a: Great Neck|Protosynthesis|[silent]
|switch|p2a: Clamps Inc|Scizor, M, shiny|100/100|[from] Volt Switch
|move|p1a: Uxie|Knock Off|p2a: Clamps Inc
|-damage|p2a: Clamps Inc|83/100
|-enditem|p2a: Clamps Inc|Heavy-Duty Boots|[from] move: Knock Off|[of] p1a: Uxie
|
|-heal|p1a: Uxie|39/100|[from] item: Leftovers
|upkeep
|turn|10
|
|t:|1760771231
|move|p1a: Uxie|Stealth Rock|p2a: Clamps Inc
|-sidestart|p2: wittyphoshop|move: Stealth Rock
|move|p2a: Clamps Inc|Swords Dance|p2a: Clamps Inc
|-boost|p2a: Clamps Inc|atk|2
|
|-heal|p1a: Uxie|45/100|[from] item: Leftovers
|upkeep
|turn|11
|
|t:|1760771236
|move|p1a: Uxie|Encore|p2a: Clamps Inc
|-start|p2a: Clamps Inc|Encore
|move|p2a: Clamps Inc|Swords Dance|p2a: Clamps Inc
|-boost|p2a: Clamps Inc|atk|2
|
|-heal|p1a: Uxie|51/100|[from] item: Leftovers
|upkeep
|turn|12
|
|t:|1760771245
|switch|p1a: Iron Moth|Iron Moth|100/100
|-enditem|p1a: Iron Moth|Booster Energy
|-activate|p1a: Iron Moth|ability: Quark Drive|[fromitem]
|-start|p1a: Iron Moth|quarkdrivespa
|move|p2a: Clamps Inc|Swords Dance|p2a: Clamps Inc
|-boost|p2a: Clamps Inc|atk|2
|
|upkeep
|turn|13
|
|t:|1760771259
|-terastallize|p2a: Clamps Inc|Fire
|move|p1a: Iron Moth|Fiery Dance|p2a: Clamps Inc
|-resisted|p2a: Clamps Inc
|-damage|p2a: Clamps Inc|48/100
|-boost|p1a: Iron Moth|spa|1
|move|p2a: Clamps Inc|Swords Dance|p2a: Clamps Inc
|-boost|p2a: Clamps Inc|atk|0
|
|-end|p2a: Clamps Inc|Encore
|upkeep
|turn|14
|
|t:|1760771269
|move|p2a: Clamps Inc|Bullet Punch|p1a: Iron Moth
|-resisted|p1a: Iron Moth
|-damage|p1a: Iron Moth|0 fnt
|faint|p1a: Iron Moth
|-end|p1a: Iron Moth|Quark Drive|[silent]
|
|upkeep
|
|t:|1760771285
|switch|p1a: Kingambit|Kingambit, M|100/100
|-activate|p1a: Kingambit|ability: Supreme Overlord
|-start|p1a: Kingambit|fallen2|[silent]
|turn|15
|
|t:|1760771290
|move|p2a: Clamps Inc|Bullet Punch|p1a: Kingambit
|-resisted|p1a: Kingambit
|-damage|p1a: Kingambit|46/100
|move|p1a: Kingambit|Sucker Punch||[still]
|-fail|p1a: Kingambit
|
|upkeep
|turn|16
|
|t:|1760771299
|move|p2a: Clamps Inc|Bullet Punch|p1a: Kingambit
|-resisted|p1a: Kingambit
|-damage|p1a: Kingambit|0 fnt
|faint|p1a: Kingambit
|-end|p1a: Kingambit|fallen2|[silent]
|
|upkeep
|
|t:|1760771304
|switch|p1a: Scizor|Scizor, F|100/100
|turn|17
|
|t:|1760771311
|-terastallize|p1a: Scizor|Steel
|move|p1a: Scizor|Bullet Punch|p2a: Clamps Inc
|-resisted|p2a: Clamps Inc
|-damage|p2a: Clamps Inc|20/100
|move|p2a: Clamps Inc|Bullet Punch|p1a: Scizor
|-resisted|p1a: Scizor
|-damage|p1a: Scizor|30/100
|
|upkeep
|turn|18
|
|t:|1760771324
|move|p2a: Clamps Inc|Bullet Punch|p1a: Scizor
|-resisted|p1a: Scizor
|-damage|p1a: Scizor|0 fnt
|faint|p1a: Scizor
|
|upkeep
|-message|polo4569 forfeited.
|
|win|wittyphoshop
|raw|polo4569's rating: 1323 &rarr; <strong>1304</strong><br />(-19 for losing)
|raw|wittyphoshop's rating: 1341 &rarr; <strong>1360</strong><br />(+19 for winning)
|l|☆polo4569
|player|p1|
|l|☆wittyphoshop
|player|p2|
