|j|☆DrapionElectivire
|j|☆Shimeon91
|t:|1760732580
|gametype|singles
|player|p1|DrapionElectivire|101|1395
|player|p2|Shimeon91|1|1399
|gen|9
|tier|[Gen 9] OU
|rated|
|rule|HP Percentage Mod: HP is shown in percentages
|rule|Endless Battle Clause: Forcing endless battles is banned
|rule|Species Clause: Limit one of each Pokémon
|rule|OHKO Clause: OHKO moves are banned
|rule|Evasion Items Clause: Evasion items are banned
|rule|Evasion Moves Clause: Evasion moves are banned
|rule|Evasion Abilities Clause: Evasion abilities are banned
|rule|Sleep Moves Clause: Sleep-inducing moves are banned
|clearpoke
|poke|p1|Raging Bolt|
|poke|p1|Iron Hands|
|poke|p1|Ursaluna, F|
|poke|p1|Grimmsnarl, M|
|poke|p1|Moltres|
|poke|p1|Dragapult, F|
|poke|p2|Cetitan, F|
|poke|p2|Infernape, M|
|poke|p2|Pecharunt|
|poke|p2|Toxicroak, M|
|poke|p2|Slowking-Galar, M|
|poke|p2|Glimmora, F|
|teampreview
|inactive|Battle timer is ON: inactive players will automatically lose when time's up. (requested by Shimeon91)
|l|☆Shimeon91
|inactive|Shimeon91 disconnected and has a minute to reconnect!
|player|p2|
|inactive|DrapionElectivire has 120 seconds left.
|j|☆Shimeon91
|inactive|Shimeon91 reconnected.
|player|p2|Shimeon91|1|
|
|t:|1760732642
|teamsize|p1|6
|teamsize|p2|6
|start
|switch|p1a: Moltres|Moltres|100/100
|switch|p2a: Glimmora|Glimmora, F|100/100
|turn|1
|
|t:|1760732650
|-terastallize|p1a: Moltres|Ground
|move|p2a: Glimmora|Power Gem|p1a: Moltres
|-resisted|p1a: Moltres
|-damage|p1a: Moltres|77/100
|move|p1a: Moltres|Scorching Sands|p2a: Glimmora
|-supereffective|p2a: Glimmora
|-enditem|p2a: Glimmora|Focus Sash
|-damage|p2a: Glimmora|1/100
|
|upkeep
|turn|2
|
|t:|1760732667
|move|p2a: Glimmora|Stealth Rock|p1a: Moltres
|-sidestart|p1: DrapionElectivire|move: Stealth Rock
|move|p1a: Moltres|Scorching Sands|p2a: Glimmora
|-supereffective|p2a: Glimmora
|-damage|p2a: Glimmora|0 fnt
|faint|p2a: Glimmora
|
|upkeep
|
|t:|1760732687
|switch|p2a: Infernape|Infernape, M|100/100
|turn|3
|
|t:|1760732692
|move|p2a: Infernape|Calm Mind|p2a: Infernape
|-boost|p2a: Infernape|spa|1
|-boost|p2a: Infernape|spd|1
|move|p1a: Moltres|Scorching Sands|p2a: Infernape
|-supereffective|p2a: Infernape
|-damage|p2a: Infernape|17/100
|
|upkeep
|turn|4
|
|t:|1760732710
|switch|p1a: Dragapult|Dragapult, F|100/100
|-damage|p1a: Dragapult|88/100|[from] Stealth Rock
|move|p2a: Infernape|Flamethrower|p1a: Dragapult
|-resisted|p1a: Dragapult
|-damage|p1a: Dragapult|30/100
|
|upkeep
|turn|5
|
|t:|1760732718
|switch|p2a: Slowking|Slowking-Galar, M|100/100
|move|p1a: Dragapult|Sucker Punch||[still]
|-fail|p1a: Dragapult
|
|upkeep
|turn|6
|
|t:|1760732725
|switch|p1a: Ursaluna|Ursaluna, F|100/100
|-damage|p1a: Ursaluna|94/100|[from] Stealth Rock
|-prepare|p2a: Slowking|Chilly Reception|[premajor]
|move|p2a: Slowking|Chilly Reception|p2a: Slowking
|-weather|Snowscape
|
|t:|1760732732
|switch|p2a: Cetitan|Cetitan, F, shiny|100/100|[from] Chilly Reception
|
|-weather|Snowscape|[upkeep]
|-status|p1a: Ursaluna|brn|[from] item: Flame Orb
|upkeep
|turn|7
|
|t:|1760732740
|-terastallize|p2a: Cetitan|Fighting
|move|p2a: Cetitan|Superpower|p1a: Ursaluna
|-supereffective|p1a: Ursaluna
|-damage|p1a: Ursaluna|4/100 brn
|-unboost|p2a: Cetitan|atk|1
|-unboost|p2a: Cetitan|def|1
|move|p1a: Ursaluna|Facade|p2a: Cetitan
|-damage|p2a: Cetitan|0 fnt
|faint|p2a: Cetitan
|
|-weather|Snowscape|[upkeep]
|-damage|p1a: Ursaluna|0 fnt|[from] brn
|faint|p1a: Ursaluna
|upkeep
|
|t:|1760732762
|switch|p2a: Slowking|Slowking-Galar, M|100/100
|switch|p1a: Dragapult|Dragapult, F|30/100
|-damage|p1a: Dragapult|17/100|[from] Stealth Rock
|turn|8
|
|t:|1760732775
|move|p1a: Dragapult|Will-O-Wisp|p2a: Slowking
|-status|p2a: Slowking|brn
|move|p2a: Slowking|Thunder Wave|p1a: Dragapult
|-status|p1a: Dragapult|par
|
|-weather|Snowscape|[upkeep]
|-damage|p2a: Slowking|94/100 brn|[from] brn
|upkeep
|turn|9
|
|t:|1760732788
|switch|p1a: Moltres|Moltres, tera:Ground|77/100
|-prepare|p2a: Slowking|Chilly Reception|[premajor]
|move|p2a: Slowking|Chilly Reception|p2a: Slowking
|
|t:|1760732794
|switch|p2a: Infernape|Infernape, M|17/100|[from] Chilly Reception
|
|-weather|Snowscape|[upkeep]
|upkeep
|turn|10
|
|t:|1760732801
|move|p2a: Infernape|Flamethrower|p1a: Moltres
|-damage|p1a: Moltres|0 fnt
|faint|p1a: Moltres
|
|-weather|none
|upkeep
|
|t:|1760732808
|switch|p1a: Iron Hands|Iron Hands|100/100
|-damage|p1a: Iron Hands|94/100|[from] Stealth Rock
|turn|11
|
|t:|1760732815
|move|p1a: Iron Hands|Fake Out|p2a: Infernape
|-damage|p2a: Infernape|0 fnt
|faint|p2a: Infernape
|
|upkeep
|
|t:|1760732820
|switch|p2a: Pecharunt|Pecharunt|100/100
|turn|12
|
|t:|1760732825
|move|p2a: Pecharunt|Malignant Chain|p1a: Iron Hands
|-damage|p1a: Iron Hands|73/100
|-status|p1a: Iron Hands|tox
|-start|p1a: Iron Hands|confusion|[from] ability: Poison Puppeteer|[of] p2a: Pecharunt
|-activate|p1a: Iron Hands|confusion
|move|p1a: Iron Hands|Earthquake|p2a: Pecharunt
|-supereffective|p2a: Pecharunt
|-damage|p2a: Pecharunt|66/100
|
|-damage|p1a: Iron Hands|67/100 tox|[from] psn
|upkeep
|turn|13
|
|t:|1760732838
|move|p2a: Pecharunt|Recover|p2a: Pecharunt
|-heal|p2a: Pecharunt|100/100
|-end|p1a: Iron Hands|confusion
|move|p1a: Iron Hands|Earthquake|p2a: Pecharunt
|-supereffective|p2a: Pecharunt
|-crit|p2a: Pecharunt
|-damage|p2a: Pecharunt|49/100
|
|-damage|p1a: Iron Hands|55/100 tox|[from] psn
|upkeep
|turn|14
|
|t:|1760732851
|-end|p1a: Iron Hands|Quark Drive|[silent]
|switch|p1a: Raging Bolt|Raging Bolt|100/100
|-damage|p1a: Raging Bolt|88/100|[from] Stealth Rock
|move|p2a: Pecharunt|Recover|p2a: Pecharunt
|-heal|p2a: Pecharunt|99/100
|
|upkeep
|turn|15
|
|t:|1760732860
|switch|p2a: Slowking|Slowking-Galar, M|100/100 brn
|move|p1a: Raging Bolt|Calm Mind|p1a: Raging Bolt
|-boost|p1a: Raging Bolt|spa|1
|-boost|p1a: Raging Bolt|spd|1
|
|-damage|p2a: Slowking|94/100 brn|[from] brn
|upkeep
|turn|16
|
|t:|1760732870
|move|p1a: Raging Bolt|Calm Mind|p1a: Raging Bolt
|-boost|p1a: Raging Bolt|spa|1
|-boost|p1a: Raging Bolt|spd|1
|move|p2a: Slowking|Sludge Bomb|p1a: Raging Bolt
|-damage|p1a: Raging Bolt|74/100
|
|-damage|p2a: Slowking|88/100 brn|[from] brn
|upkeep
|turn|17
|
|t:|1760732879
|move|p1a: Raging Bolt|Calm Mind|p1a: Raging Bolt
|-boost|p1a: Raging Bolt|spa|1
|-boost|p1a: Raging Bolt|spd|1
|move|p2a: Slowking|Sludge Bomb|p1a: Raging Bolt
|-crit|p1a: Raging Bolt
|-damage|p1a: Raging Bolt|29/100
|-status|p1a: Raging Bolt|psn
|
|-damage|p1a: Raging Bolt|17/100 psn|[from] psn
|-damage|p2a: Slowking|82/100 brn|[from] brn
|upkeep
|turn|18
|l|☆Shimeon91
|inactive|Shimeon91 disconnected and has a minute to reconnect!
|player|p2|
|j|☆Shimeon91
|inactive|Shimeon91 reconnected and has 130 seconds left.
|player|p2|Shimeon91|1|
|
|t:|1760732904
|move|p1a: Raging Bolt|Thunderbolt|p2a: Slowking
|-damage|p2a: Slowking|0 fnt
|faint|p2a: Slowking
|
|-damage|p1a: Raging Bolt|4/100 psn|[from] psn
|upkeep
|
|t:|1760732911
|switch|p2a: Toxicroak|Toxicroak, M|100/100
|-item|p2a: Toxicroak|Air Balloon
|turn|19
|
|t:|1760732918
|move|p2a: Toxicroak|Sucker Punch|p1a: Raging Bolt
|-damage|p1a: Raging Bolt|0 fnt
|faint|p1a: Raging Bolt
|-end|p1a: Raging Bolt|Protosynthesis|[silent]
|
|upkeep
|
|t:|1760732925
|switch|p1a: Grimmsnarl|Grimmsnarl, M, shiny|100/100
|-damage|p1a: Grimmsnarl|88/100|[from] Stealth Rock
|turn|20
|
|t:|1760732929
|move|p1a: Grimmsnarl|Reflect|p1a: Grimmsnarl
|-sidestart|p1: DrapionElectivire|Reflect
|move|p2a: Toxicroak|Poison Jab|p1a: Grimmsnarl
|-supereffective|p1a: Grimmsnarl
|-damage|p1a: Grimmsnarl|51/100
|-status|p1a: Grimmsnarl|psn
|
|-damage|p1a: Grimmsnarl|38/100 psn|[from] psn
|upkeep
|turn|21
|
|t:|1760732941
|move|p1a: Grimmsnarl|Parting Shot|p2a: Toxicroak
|-unboost|p2a: Toxicroak|atk|1
|-unboost|p2a: Toxicroak|spa|1
|
|t:|1760732944
|switch|p1a: Dragapult|Dragapult, F|17/100 par|[from] Parting Shot
|-damage|p1a: Dragapult|5/100 par|[from] Stealth Rock
|move|p2a: Toxicroak|Poison Jab|p1a: Dragapult
|-resisted|p1a: Dragapult
|-damage|p1a: Dragapult|0 fnt
|faint|p1a: Dragapult
|
|upkeep
|
|t:|1760732954
|switch|p1a: Iron Hands|Iron Hands|55/100 tox
|-damage|p1a: Iron Hands|48/100 tox|[from] Stealth Rock
|turn|22
|
|t:|1760732959
|switch|p2a: Pecharunt|Pecharunt|99/100
|move|p1a: Iron Hands|Fake Out|p2a: Pecharunt
|-immune|p2a: Pecharunt
|
|-damage|p1a: Iron Hands|42/100 tox|[from] psn
|upkeep
|turn|23
|-message|DrapionElectivire forfeited.
|
|win|Shimeon91
|raw|DrapionElectivire's rating: 1395 &rarr; <strong>1375</strong><br />(-20 for losing)
|raw|Shimeon91's rating: 1399 &rarr; <strong>1419</strong><br />(+20 for winning)
|l|☆DrapionElectivire
|player|p1|
|l|☆Shimeon91
|player|p2|
