|j|☆UnaQuags Wooper
|j|☆21 Xans
|t:|1760797228
|gametype|singles
|player|p1|UnaQuags Wooper|blackbelt-gen4dp|1613
|player|p2|21 Xans|bertha|1618
|gen|9
|tier|[Gen 9] OU
|rated|
|rule|HP Percentage Mod: HP is shown in percentages
|rule|Endless Battle Clause: Forcing endless battles is banned
|rule|Species Clause: Limit one of each Pokémon
|rule|OHKO Clause: OHKO moves are banned
|rule|Evasion Items Clause: Evasion items are banned
|rule|Evasion Moves Clause: Evasion moves are banned
|rule|Evasion Abilities Clause: Evasion abilities are banned
|rule|Sleep Moves Clause: Sleep-inducing moves are banned
|clearpoke
|poke|p1|Zamazenta-*|
|poke|p1|Ninetales-Alola, F|
|poke|p1|Darkrai|
|poke|p1|Ceruledge, M|
|poke|p1|Gliscor, M|
|poke|p1|Hatterene, F|
|poke|p2|Indeedee, M|
|poke|p2|Polteageist-Antique|
|poke|p2|Iron Valiant|
|poke|p2|Cinderace, F|
|poke|p2|Iron Boulder|
|poke|p2|Kyurem|
|teampreview
|inactive|Battle timer is ON: inactive players will automatically lose when time's up. (requested by 21 Xans)
|inactive|UnaQuags Wooper has 120 seconds left.
|
|t:|1760797259
|teamsize|p1|6
|teamsize|p2|6
|start
|switch|p1a: Ceruledge|Ceruledge, M|100/100
|switch|p2a: Cinderace|Cinderace, F|100/100
|turn|1
|
|t:|1760797281
|switch|p2a: Indeedee|Indeedee, M|100/100
|-fieldstart|move: Psychic Terrain|[from] ability: Psychic Surge|[of] p2a: Indeedee
|move|p1a: Ceruledge|Bitter Blade|p2a: Indeedee
|-damage|p2a: Indeedee|19/100
|
|upkeep
|turn|2
|
|t:|1760797291
|move|p2a: Indeedee|Expanding Force|p1a: Ceruledge
|-damage|p1a: Ceruledge|46/100
|move|p1a: Ceruledge|Bitter Blade|p2a: Indeedee
|-damage|p2a: Indeedee|0 fnt
|-heal|p1a: Ceruledge|53/100|[from] drain|[of] p2a: Indeedee
|faint|p2a: Indeedee
|
|upkeep
|
|t:|1760797303
|switch|p2a: Polteageist|Polteageist-Antique|100/100
|turn|3
|
|t:|1760797319
|move|p2a: Polteageist|Shadow Ball|p1a: Ceruledge
|-supereffective|p1a: Ceruledge
|-damage|p1a: Ceruledge|0 fnt
|faint|p1a: Ceruledge
|
|upkeep
|
|t:|1760797329
|switch|p1a: Ninetales|Ninetales-Alola, F|100/100
|-weather|Snowscape|[from] ability: Snow Warning|[of] p1a: Ninetales
|turn|4
|
|t:|1760797344
|switch|p2a: Cinderace|Cinderace, F|100/100
|move|p1a: Ninetales|Roar|p2a: Cinderace
|drag|p2a: Iron Boulder|Iron Boulder|100/100
|-enditem|p2a: Iron Boulder|Booster Energy
|-activate|p2a: Iron Boulder|ability: Quark Drive|[fromitem]
|-start|p2a: Iron Boulder|quarkdrivespe
|
|-weather|Snowscape|[upkeep]
|upkeep
|turn|5
|
|t:|1760797357
|switch|p1a: Zamazenta|Zamazenta|100/100
|-ability|p1a: Zamazenta|Dauntless Shield|boost
|-boost|p1a: Zamazenta|def|1
|move|p2a: Iron Boulder|Mighty Cleave|p1a: Zamazenta
|-resisted|p1a: Zamazenta
|-crit|p1a: Zamazenta
|-damage|p1a: Zamazenta|72/100
|
|-weather|Snowscape|[upkeep]
|upkeep
|turn|6
|inactive|21 Xans has 120 seconds left.
|
|t:|1760797403
|move|p2a: Iron Boulder|Psycho Cut|p1a: Zamazenta
|-supereffective|p1a: Zamazenta
|-crit|p1a: Zamazenta
|-damage|p1a: Zamazenta|0 fnt
|faint|p1a: Zamazenta
|
|-weather|Snowscape|[upkeep]
|upkeep
|inactive|UnaQuags Wooper has 120 seconds left.
|
|t:|1760797420
|switch|p1a: Gliscor|Gliscor, M|100/100
|turn|7
|inactive|UnaQuags Wooper has 120 seconds left.
|
|t:|1760797436
|-end|p2a: Iron Boulder|Quark Drive|[silent]
|switch|p2a: Kyurem|Kyurem|100/100
|-ability|p2a: Kyurem|Pressure
|move|p1a: Gliscor|Agility|p1a: Gliscor
|-boost|p1a: Gliscor|spe|2
|
|-weather|Snowscape|[upkeep]
|-status|p1a: Gliscor|tox|[from] item: Toxic Orb
|upkeep
|turn|8
|
|t:|1760797449
|-terastallize|p1a: Gliscor|Normal
|move|p1a: Gliscor|Swords Dance|p1a: Gliscor
|-boost|p1a: Gliscor|atk|2
|move|p2a: Kyurem|Icicle Spear|p1a: Gliscor
|-damage|p1a: Gliscor|89/100 tox
|-damage|p1a: Gliscor|79/100 tox
|-damage|p1a: Gliscor|69/100 tox
|-damage|p1a: Gliscor|58/100 tox
|-hitcount|p1a: Gliscor|4
|
|-weather|none
|-heal|p1a: Gliscor|71/100 tox|[from] ability: Poison Heal
|-fieldend|move: Psychic Terrain
|upkeep
|turn|9
|inactive|UnaQuags Wooper has 120 seconds left.
|inactive|21 Xans has 90 seconds left.
|
|t:|1760797483
|move|p1a: Gliscor|Facade|p2a: Kyurem
|-crit|p2a: Kyurem
|-damage|p2a: Kyurem|0 fnt
|faint|p2a: Kyurem
|
|-heal|p1a: Gliscor|83/100 tox|[from] ability: Poison Heal
|upkeep
|
|t:|1760797489
|switch|p2a: Polteageist|Polteageist-Antique|100/100
|turn|10
|inactive|21 Xans has 90 seconds left.
|inactive|UnaQuags Wooper has 120 seconds left.
|
|t:|1760797526
|switch|p1a: Ninetales|Ninetales-Alola, F|100/100
|-weather|Snowscape|[from] ability: Snow Warning|[of] p1a: Ninetales
|move|p2a: Polteageist|Shell Smash|p2a: Polteageist
|-unboost|p2a: Polteageist|def|1
|-unboost|p2a: Polteageist|spd|1
|-boost|p2a: Polteageist|atk|2
|-boost|p2a: Polteageist|spa|2
|-boost|p2a: Polteageist|spe|2
|
|-weather|Snowscape|[upkeep]
|upkeep
|turn|11
|
|t:|1760797538
|move|p2a: Polteageist|Stored Power|p1a: Ninetales
|-damage|p1a: Ninetales|3/100
|move|p1a: Ninetales|Aurora Veil|p1a: Ninetales
|-sidestart|p1: UnaQuags Wooper|move: Aurora Veil
|
|-weather|Snowscape|[upkeep]
|upkeep
|turn|12
|
|t:|1760797549
|move|p2a: Polteageist|Stored Power|p1a: Ninetales
|-damage|p1a: Ninetales|0 fnt
|faint|p1a: Ninetales
|
|-weather|Snowscape|[upkeep]
|upkeep
|
|t:|1760797554
|switch|p1a: Darkrai|Darkrai|100/100
|turn|13
|inactive|21 Xans has 90 seconds left.
|
|t:|1760797586
|-terastallize|p2a: Polteageist|Fighting
|move|p2a: Polteageist|Shell Smash|p2a: Polteageist
|-unboost|p2a: Polteageist|def|1
|-unboost|p2a: Polteageist|spd|1
|-boost|p2a: Polteageist|atk|2
|-boost|p2a: Polteageist|spa|2
|-boost|p2a: Polteageist|spe|2
|move|p1a: Darkrai|Dark Pulse|p2a: Polteageist
|-resisted|p2a: Polteageist
|-damage|p2a: Polteageist|54/100
|
|-weather|Snowscape|[upkeep]
|upkeep
|turn|14
|
|t:|1760797599
|move|p2a: Polteageist|Tera Blast|p1a: Darkrai|[anim] Tera Blast Fighting
|-supereffective|p1a: Darkrai
|-damage|p1a: Darkrai|0 fnt
|faint|p1a: Darkrai
|
|-weather|none
|upkeep
|
|t:|1760797601
|switch|p1a: Hatterene|Hatterene, F|100/100
|turn|15
|inactive|21 Xans has 90 seconds left.
|
|t:|1760797608
|move|p2a: Polteageist|Shadow Ball|p1a: Hatterene
|-supereffective|p1a: Hatterene
|-damage|p1a: Hatterene|0 fnt
|faint|p1a: Hatterene
|
|upkeep
|
|t:|1760797610
|switch|p1a: Gliscor|Gliscor, M, tera:Normal|83/100 tox
|turn|16
|
|t:|1760797615
|move|p2a: Polteageist|Tera Blast|p1a: Gliscor|[anim] Tera Blast Fighting
|-supereffective|p1a: Gliscor
|-damage|p1a: Gliscor|0 fnt
|faint|p1a: Gliscor
|
|win|21 Xans
|raw|UnaQuags Wooper's rating: 1613 &rarr; <strong>1593</strong><br />(-20 for losing)
|raw|21 Xans's rating: 1618 &rarr; <strong>1638</strong><br />(+20 for winning)
|l|☆UnaQuags Wooper
|player|p1|
|l|☆21 Xans
|player|p2|
