|j|☆deathclock666
|j|☆cvbcvb
|t:|1760750188
|gametype|singles
|player|p1|deathclock666|170|1249
|player|p2|cvbcvb|102|1169
|gen|9
|tier|[Gen 9] OU
|rated|
|rule|HP Percentage Mod: HP is shown in percentages
|rule|Endless Battle Clause: Forcing endless battles is banned
|rule|Species Clause: Limit one of each Pokémon
|rule|OHKO Clause: OHKO moves are banned
|rule|Evasion Items Clause: Evasion items are banned
|rule|Evasion Moves Clause: Evasion moves are banned
|rule|Evasion Abilities Clause: Evasion abilities are banned
|rule|Sleep Moves Clause: Sleep-inducing moves are banned
|clearpoke
|poke|p1|Dragonite, M|
|poke|p1|Garganacl, M|
|poke|p1|Tauros-Paldea-Blaze, M|
|poke|p1|Scizor, M|
|poke|p1|Mandibuzz, F|
|poke|p1|Araquanid, M|
|poke|p2|Arcanine-Hisui, M|
|poke|p2|Great Tusk|
|poke|p2|Weezing-Galar, M|
|poke|p2|Sinistcha|
|poke|p2|Samurott-Hisui, M|
|poke|p2|Latios, M|
|teampreview
|inactive|Battle timer is ON: inactive players will automatically lose when time's up. (requested by deathclock666)
|inactiveoff|Battle timer is now OFF.
|
|t:|1760750261
|teamsize|p1|6
|teamsize|p2|6
|start
|switch|p1a: Araquanid|Araquanid, M, shiny|100/100
|switch|p2a: Obsidian|Arcanine-Hisui, M, shiny|100/100
|turn|1
|
|t:|1760750265
|move|p2a: Obsidian|Stealth Rock|p1a: Araquanid
|-sidestart|p1: deathclock666|move: Stealth Rock
|move|p1a: Araquanid|Liquidation|p2a: Obsidian
|-supereffective|p2a: Obsidian
|-damage|p2a: Obsidian|0 fnt
|faint|p2a: Obsidian
|
|upkeep
|
|t:|1760750277
|switch|p2a: Sentinel|Weezing-Galar, M, shiny|100/100
|-ability|p2a: Sentinel|Neutralizing Gas
|turn|2
|
|t:|1760750306
|switch|p1a: Garganacl|Garganacl, M|100/100
|-damage|p1a: Garganacl|88/100|[from] Stealth Rock
|move|p2a: Sentinel|Will-O-Wisp|p1a: Garganacl
|-status|p1a: Garganacl|brn
|
|-damage|p1a: Garganacl|82/100 brn|[from] brn
|upkeep
|turn|3
|inactive|Battle timer is ON: inactive players will automatically lose when time's up. (requested by deathclock666)
|inactive|cvbcvb has 120 seconds left.
|
|t:|1760750403
|move|p2a: Sentinel|Sludge Bomb|p1a: Garganacl
|-resisted|p1a: Garganacl
|-damage|p1a: Garganacl|72/100 brn
|move|p1a: Garganacl|Salt Cure|p2a: Sentinel
|-damage|p2a: Sentinel|96/100
|-start|p2a: Sentinel|Salt Cure
|
|-damage|p1a: Garganacl|66/100 brn|[from] brn
|-damage|p2a: Sentinel|84/100|[from] Salt Cure
|upkeep
|turn|4
|
|t:|1760750431
|-end|p2a: Sentinel|ability: Neutralizing Gas
|switch|p2a: Behemoth|Great Tusk, shiny|100/100
|-terastallize|p1a: Garganacl|Ghost
|move|p1a: Garganacl|Curse|p2a: Behemoth
|-start|p2a: Behemoth|Curse|[of] p1a: Garganacl
|-damage|p1a: Garganacl|16/100 brn
|-enditem|p1a: Garganacl|Sitrus Berry|[eat]
|-heal|p1a: Garganacl|41/100 brn|[from] item: Sitrus Berry
|
|-damage|p1a: Garganacl|34/100 brn|[from] brn
|-damage|p2a: Behemoth|76/100|[from] Curse
|upkeep
|turn|5
|
|t:|1760750461
|move|p2a: Behemoth|Iron Head|p1a: Garganacl
|-damage|p1a: Garganacl|17/100 brn
|move|p1a: Garganacl|Recover|p1a: Garganacl
|-heal|p1a: Garganacl|67/100 brn
|
|-damage|p1a: Garganacl|61/100 brn|[from] brn
|-damage|p2a: Behemoth|51/100|[from] Curse
|upkeep
|turn|6
|
|t:|1760750472
|-end|p2a: Behemoth|Protosynthesis|[silent]
|switch|p2a: Jack Sparrow|Samurott-Hisui, M, shiny|100/100
|move|p1a: Garganacl|Recover|p1a: Garganacl
|-heal|p1a: Garganacl|100/100 brn
|
|-damage|p1a: Garganacl|94/100 brn|[from] brn
|upkeep
|turn|7
|
|t:|1760750477
|switch|p1a: Mandibuzz|Mandibuzz, F|100/100
|move|p2a: Jack Sparrow|Ceaseless Edge|p1a: Mandibuzz
|-resisted|p1a: Mandibuzz
|-damage|p1a: Mandibuzz|81/100
|-sidestart|p1: deathclock666|Spikes
|
|upkeep
|turn|8
|
|t:|1760750481
|switch|p2a: Behemoth|Great Tusk, shiny|51/100
|move|p1a: Mandibuzz|Defog|p2a: Behemoth
|-unboost|p2a: Behemoth|evasion|1
|-sideend|p1: deathclock666|Spikes|[from] move: Defog|[of] p1a: Mandibuzz
|-sideend|p1: deathclock666|Stealth Rock|[from] move: Defog|[of] p1a: Mandibuzz
|
|upkeep
|turn|9
|
|t:|1760750490
|move|p2a: Behemoth|Close Combat|p1a: Mandibuzz
|-damage|p1a: Mandibuzz|37/100
|-unboost|p2a: Behemoth|def|1
|-unboost|p2a: Behemoth|spd|1
|move|p1a: Mandibuzz|Toxic|p2a: Behemoth
|-status|p2a: Behemoth|tox
|
|-damage|p2a: Behemoth|45/100 tox|[from] psn
|upkeep
|turn|10
|
|t:|1760750495
|move|p2a: Behemoth|Close Combat|p1a: Mandibuzz
|-damage|p1a: Mandibuzz|0 fnt
|-unboost|p2a: Behemoth|def|1
|-unboost|p2a: Behemoth|spd|1
|faint|p1a: Mandibuzz
|
|-damage|p2a: Behemoth|32/100 tox|[from] psn
|upkeep
|
|t:|1760750499
|switch|p1a: Scizor|Scizor, M|100/100
|turn|11
|n|!cvbcvb|cvbcvb
|
|t:|1760750516
|-end|p2a: Behemoth|Protosynthesis|[silent]
|switch|p2a: Sentinel|Weezing-Galar, M, shiny|84/100
|-ability|p2a: Sentinel|Neutralizing Gas
|move|p1a: Scizor|Bullet Punch|p2a: Sentinel
|-supereffective|p2a: Sentinel
|-damage|p2a: Sentinel|53/100
|
|upkeep
|turn|12
|
|t:|1760750523
|switch|p1a: Garganacl|Garganacl, M, tera:Ghost|94/100 brn
|-terastallize|p2a: Sentinel|Water
|move|p2a: Sentinel|Will-O-Wisp|p1a: Garganacl
|-fail|p1a: Garganacl|brn
|
|-damage|p1a: Garganacl|88/100 brn|[from] brn
|upkeep
|turn|13
|
|t:|1760750531
|-end|p2a: Sentinel|ability: Neutralizing Gas
|switch|p2a: Jack Sparrow|Samurott-Hisui, M, shiny|100/100
|move|p1a: Garganacl|Salt Cure|p2a: Jack Sparrow
|-damage|p2a: Jack Sparrow|92/100
|-start|p2a: Jack Sparrow|Salt Cure
|
|-damage|p1a: Garganacl|82/100 brn|[from] brn
|-damage|p2a: Jack Sparrow|67/100|[from] Salt Cure
|upkeep
|turn|14
|
|t:|1760750540
|switch|p1a: Tauros|Tauros-Paldea-Blaze, M|100/100
|-ability|p1a: Tauros|Intimidate|boost
|-unboost|p2a: Jack Sparrow|atk|1
|move|p2a: Jack Sparrow|Flip Turn|p1a: Tauros
|-supereffective|p1a: Tauros
|-damage|p1a: Tauros|68/100
|
|t:|1760750549
|switch|p2a: Avalon|Latios, M, shiny|100/100|[from] Flip Turn
|
|-heal|p1a: Tauros|74/100|[from] item: Leftovers
|upkeep
|turn|15
|
|t:|1760750576
|switch|p1a: Scizor|Scizor, M|100/100
|move|p2a: Avalon|Psychic Noise|p1a: Scizor
|-resisted|p1a: Scizor
|-damage|p1a: Scizor|74/100
|-start|p1a: Scizor|move: Heal Block
|
|upkeep
|turn|16
|inactive|cvbcvb has 120 seconds left.
|
|t:|1760750626
|switch|p2a: Behemoth|Great Tusk, shiny|32/100 tox
|move|p1a: Scizor|Night Slash|p2a: Behemoth
|-resisted|p2a: Behemoth
|-damage|p2a: Behemoth|22/100 tox
|
|-damage|p2a: Behemoth|16/100 tox|[from] psn
|-end|p1a: Scizor|move: Heal Block
|upkeep
|turn|17
|
|t:|1760750631
|move|p1a: Scizor|Bullet Punch|p2a: Behemoth
|-damage|p2a: Behemoth|0 fnt
|faint|p2a: Behemoth
|-end|p2a: Behemoth|Protosynthesis|[silent]
|
|upkeep
|
|t:|1760750641
|switch|p2a: Sentinel|Weezing-Galar, M, shiny, tera:Water|53/100
|-ability|p2a: Sentinel|Neutralizing Gas
|turn|18
|inactive|cvbcvb has 120 seconds left.
|
|t:|1760750650
|switch|p1a: Garganacl|Garganacl, M, tera:Ghost|82/100 brn
|move|p2a: Sentinel|Pain Split|p1a: Garganacl
|-sethp|p1a: Garganacl|63/100 brn|[from] move: Pain Split|[silent]
|-sethp|p2a: Sentinel|76/100|[from] move: Pain Split
|
|-damage|p1a: Garganacl|57/100 brn|[from] brn
|upkeep
|turn|19
|
|t:|1760750655
|-end|p2a: Sentinel|ability: Neutralizing Gas
|switch|p2a: Jack Sparrow|Samurott-Hisui, M, shiny|67/100
|move|p1a: Garganacl|Salt Cure|p2a: Jack Sparrow
|-damage|p2a: Jack Sparrow|58/100
|-start|p2a: Jack Sparrow|Salt Cure
|
|-damage|p1a: Garganacl|50/100 brn|[from] brn
|-damage|p2a: Jack Sparrow|33/100|[from] Salt Cure
|upkeep
|turn|20
|
|t:|1760750659
|switch|p1a: Tauros|Tauros-Paldea-Blaze, M|74/100
|-ability|p1a: Tauros|Intimidate|boost
|-unboost|p2a: Jack Sparrow|atk|1
|move|p2a: Jack Sparrow|Ceaseless Edge|p1a: Tauros
|-resisted|p1a: Tauros
|-damage|p1a: Tauros|56/100
|-sidestart|p1: deathclock666|Spikes
|
|-heal|p1a: Tauros|62/100|[from] item: Leftovers
|-damage|p2a: Jack Sparrow|8/100|[from] Salt Cure
|upkeep
|turn|21
|
|t:|1760750669
|switch|p1a: Scizor|Scizor, M|74/100
|-damage|p1a: Scizor|61/100|[from] Spikes
|move|p2a: Jack Sparrow|Flip Turn|p1a: Scizor
|-damage|p1a: Scizor|41/100
|-enditem|p1a: Scizor|Sitrus Berry|[eat]
|-heal|p1a: Scizor|66/100|[from] item: Sitrus Berry
|
|t:|1760750685
|switch|p2a: Sagittarius|Sinistcha, shiny|100/100|[from] Flip Turn
|
|upkeep
|turn|22
|
|t:|1760750701
|move|p2a: Sagittarius|Calm Mind|p2a: Sagittarius
|-boost|p2a: Sagittarius|spa|1
|-boost|p2a: Sagittarius|spd|1
|move|p1a: Scizor|Acrobatics|p2a: Sagittarius
|-supereffective|p2a: Sagittarius
|-damage|p2a: Sagittarius|47/100
|
|-heal|p2a: Sagittarius|53/100|[from] item: Leftovers
|upkeep
|turn|23
|
|t:|1760750711
|move|p2a: Sagittarius|Strength Sap|p1a: Scizor
|-unboost|p1a: Scizor|atk|1
|-heal|p2a: Sagittarius|100/100
|move|p1a: Scizor|Acrobatics|p2a: Sagittarius
|-supereffective|p2a: Sagittarius
|-damage|p2a: Sagittarius|62/100
|
|-heal|p2a: Sagittarius|68/100|[from] item: Leftovers
|upkeep
|turn|24
|
|t:|1760750722
|switch|p1a: Araquanid|Araquanid, M, shiny|100/100
|-damage|p1a: Araquanid|88/100|[from] Spikes
|move|p2a: Sagittarius|Shadow Ball|p1a: Araquanid
|-damage|p1a: Araquanid|53/100
|
|-heal|p2a: Sagittarius|74/100|[from] item: Leftovers
|upkeep
|turn|25
|
|t:|1760750731
|move|p2a: Sagittarius|Matcha Gotcha|p1a: Araquanid
|-damage|p1a: Araquanid|18/100
|-heal|p2a: Sagittarius|92/100|[from] drain|[of] p1a: Araquanid
|move|p1a: Araquanid|Leech Life|p2a: Sagittarius
|-damage|p2a: Sagittarius|58/100
|-heal|p1a: Araquanid|35/100|[from] drain|[of] p2a: Sagittarius
|
|-heal|p2a: Sagittarius|64/100|[from] item: Leftovers
|upkeep
|turn|26
|
|t:|1760750737
|move|p2a: Sagittarius|Calm Mind|p2a: Sagittarius
|-boost|p2a: Sagittarius|spa|1
|-boost|p2a: Sagittarius|spd|1
|move|p1a: Araquanid|Leech Life|p2a: Sagittarius
|-damage|p2a: Sagittarius|32/100
|-heal|p1a: Araquanid|51/100|[from] drain|[of] p2a: Sagittarius
|
|-heal|p2a: Sagittarius|38/100|[from] item: Leftovers
|upkeep
|turn|27
|
|t:|1760750748
|move|p2a: Sagittarius|Matcha Gotcha|p1a: Araquanid
|-damage|p1a: Araquanid|0 fnt
|-heal|p2a: Sagittarius|63/100|[from] drain|[of] p1a: Araquanid
|faint|p1a: Araquanid
|
|-heal|p2a: Sagittarius|69/100|[from] item: Leftovers
|upkeep
|
|t:|1760750755
|switch|p1a: Garganacl|Garganacl, M, tera:Ghost|50/100 brn
|-damage|p1a: Garganacl|38/100 brn|[from] Spikes
|turn|28
|
|t:|1760750759
|move|p2a: Sagittarius|Shadow Ball|p1a: Garganacl
|-supereffective|p1a: Garganacl
|-damage|p1a: Garganacl|0 fnt
|faint|p1a: Garganacl
|
|-heal|p2a: Sagittarius|75/100|[from] item: Leftovers
|upkeep
|-message|deathclock666 forfeited.
|
|win|cvbcvb
