|j|☆bigtestsofbig
|j|‽kensukeushio
|t:|1760805986
|gametype|singles
|player|p1|bigtestsofbig|1|1568
|player|p2|kensukeushio|fantina|1563
|gen|9
|tier|[Gen 9] OU
|rated|
|rule|HP Percentage Mod: HP is shown in percentages
|rule|Endless Battle Clause: Forcing endless battles is banned
|rule|Species Clause: Limit one of each Pokémon
|rule|OHKO Clause: OHKO moves are banned
|rule|Evasion Items Clause: Evasion items are banned
|rule|Evasion Moves Clause: Evasion moves are banned
|rule|Evasion Abilities Clause: Evasion abilities are banned
|rule|Sleep Moves Clause: Sleep-inducing moves are banned
|clearpoke
|poke|p1|Iron Jugulis|
|poke|p1|Pelipper, M|
|poke|p1|Floatzel, M|
|poke|p1|Walking Wake|
|poke|p1|Basculegion-F, F|
|poke|p1|Iron Treads|
|poke|p2|Great Tusk|
|poke|p2|Slowking-Galar, M|
|poke|p2|Ceruledge, M|
|poke|p2|Samurott-Hisui, F|
|poke|p2|Darkrai|
|poke|p2|Ogerpon, F|
|teampreview
|inactive|Battle timer is ON: inactive players will automatically lose when time's up. (requested by kensukeushio)
|
|t:|1760806005
|teamsize|p1|6
|teamsize|p2|6
|start
|switch|p1a: Iron Jugulis|Iron Jugulis|100/100
|switch|p2a: Darkrai|Darkrai|100/100
|turn|1
|
|t:|1760806012
|move|p2a: Darkrai|Dark Pulse|p1a: Iron Jugulis
|-resisted|p1a: Iron Jugulis
|-damage|p1a: Iron Jugulis|59/100
|cant|p1a: Iron Jugulis|flinch
|
|upkeep
|turn|2
|
|t:|1760806020
|move|p2a: Darkrai|Dark Pulse|p1a: Iron Jugulis
|-resisted|p1a: Iron Jugulis
|-damage|p1a: Iron Jugulis|15/100
|move|p1a: Iron Jugulis|Hurricane|p2a: Darkrai
|-damage|p2a: Darkrai|0 fnt
|faint|p2a: Darkrai
|
|upkeep
|
|t:|1760806027
|switch|p2a: Ogerpon|Ogerpon, F|100/100
|turn|3
|
|t:|1760806043
|-end|p1a: Iron Jugulis|Quark Drive|[silent]
|switch|p1a: Pelipper|Pelipper, M|100/100
|-weather|RainDance|[from] ability: Drizzle|[of] p1a: Pelipper
|move|p2a: Ogerpon|Ivy Cudgel|p1a: Pelipper
|-damage|p1a: Pelipper|25/100
|
|-weather|RainDance|[upkeep]
|upkeep
|turn|4
|
|t:|1760806052
|move|p2a: Ogerpon|Ivy Cudgel|p1a: Pelipper
|-damage|p1a: Pelipper|0 fnt
|faint|p1a: Pelipper
|
|-weather|RainDance|[upkeep]
|upkeep
|inactive|bigtestsofbig has 120 seconds left.
|inactive|bigtestsofbig has 90 seconds left.
|
|t:|1760806119
|switch|p1a: Basculegion|Basculegion-F, F|100/100
|turn|5
|
|t:|1760806135
|switch|p2a: Samurott|Samurott-Hisui, F|100/100
|-terastallize|p1a: Basculegion|Ghost
|move|p1a: Basculegion|Shadow Ball|p2a: Samurott
|-resisted|p2a: Samurott
|-damage|p2a: Samurott|75/100
|
|-weather|RainDance|[upkeep]
|upkeep
|turn|6
|
|t:|1760806143
|switch|p1a: Iron Treads|Iron Treads|100/100
|move|p2a: Samurott|Ceaseless Edge|p1a: Iron Treads
|-damage|p1a: Iron Treads|57/100
|-sidestart|p1: bigtestsofbig|Spikes
|
|-weather|RainDance|[upkeep]
|-heal|p1a: Iron Treads|63/100|[from] item: Leftovers
|upkeep
|turn|7
|
|t:|1760806164
|switch|p2a: Great Tusk|Great Tusk|100/100
|move|p1a: Iron Treads|Volt Switch|p2a: Great Tusk
|-immune|p2a: Great Tusk
|
|-weather|RainDance|[upkeep]
|-heal|p1a: Iron Treads|70/100|[from] item: Leftovers
|upkeep
|turn|8
|inactive|bigtestsofbig has 90 seconds left.
|
|t:|1760806184
|move|p1a: Iron Treads|Rapid Spin|p2a: Great Tusk
|-damage|p2a: Great Tusk|89/100
|-boost|p1a: Iron Treads|spe|1
|-damage|p1a: Iron Treads|53/100|[from] item: Rocky Helmet|[of] p2a: Great Tusk
|-sideend|p1: bigtestsofbig|Spikes|[from] move: Rapid Spin|[of] p1a: Iron Treads
|move|p2a: Great Tusk|Stealth Rock|p1a: Iron Treads
|-sidestart|p1: bigtestsofbig|move: Stealth Rock
|
|-weather|RainDance|[upkeep]
|-heal|p1a: Iron Treads|59/100|[from] item: Leftovers
|upkeep
|turn|9
|
|t:|1760806196
|move|p1a: Iron Treads|Rapid Spin|p2a: Great Tusk
|-damage|p2a: Great Tusk|78/100
|-boost|p1a: Iron Treads|spe|1
|-damage|p1a: Iron Treads|43/100|[from] item: Rocky Helmet|[of] p2a: Great Tusk
|-sideend|p1: bigtestsofbig|Stealth Rock|[from] move: Rapid Spin|[of] p1a: Iron Treads
|move|p2a: Great Tusk|Stealth Rock|p1a: Iron Treads
|-sidestart|p1: bigtestsofbig|move: Stealth Rock
|
|-weather|RainDance|[upkeep]
|-heal|p1a: Iron Treads|49/100|[from] item: Leftovers
|upkeep
|turn|10
|
|t:|1760806201
|move|p1a: Iron Treads|Rapid Spin|p2a: Great Tusk
|-damage|p2a: Great Tusk|67/100
|-boost|p1a: Iron Treads|spe|1
|-damage|p1a: Iron Treads|33/100|[from] item: Rocky Helmet|[of] p2a: Great Tusk
|-sideend|p1: bigtestsofbig|Stealth Rock|[from] move: Rapid Spin|[of] p1a: Iron Treads
|move|p2a: Great Tusk|Stealth Rock|p1a: Iron Treads
|-sidestart|p1: bigtestsofbig|move: Stealth Rock
|
|-weather|none
|-heal|p1a: Iron Treads|39/100|[from] item: Leftovers
|upkeep
|turn|11
|
|t:|1760806207
|move|p1a: Iron Treads|Earthquake|p2a: Great Tusk
|-damage|p2a: Great Tusk|31/100
|move|p2a: Great Tusk|Stealth Rock||[still]
|-fail|p2a: Great Tusk
|
|-heal|p1a: Iron Treads|45/100|[from] item: Leftovers
|upkeep
|turn|12
|
|t:|1760806221
|move|p1a: Iron Treads|Earthquake|p2a: Great Tusk
|-damage|p2a: Great Tusk|0 fnt
|faint|p2a: Great Tusk
|-end|p2a: Great Tusk|Protosynthesis|[silent]
|
|-heal|p1a: Iron Treads|51/100|[from] item: Leftovers
|upkeep
|
|t:|1760806224
|switch|p2a: Ceruledge|Ceruledge, M|100/100
|turn|13
|inactive|bigtestsofbig has 120 seconds left.
|
|t:|1760806236
|move|p1a: Iron Treads|Volt Switch|p2a: Ceruledge
|-damage|p2a: Ceruledge|87/100
|
|t:|1760806239
|-end|p1a: Iron Treads|Quark Drive|[silent]
|switch|p1a: Iron Jugulis|Iron Jugulis|15/100|[from] Volt Switch
|-damage|p1a: Iron Jugulis|0 fnt|[from] Stealth Rock
|faint|p1a: Iron Jugulis
|-end|p1a: Iron Jugulis|Quark Drive|[silent]
|move|p2a: Ceruledge|Bitter Blade|p1: Iron Jugulis|[notarget]
|-fail|p2a: Ceruledge
|
|upkeep
|inactive|bigtestsofbig has 120 seconds left.
|inactive|bigtestsofbig has 90 seconds left.
|
|t:|1760806280
|switch|p1a: Floatzel|Floatzel, M|100/100
|-damage|p1a: Floatzel|88/100|[from] Stealth Rock
|turn|14
|
|t:|1760806296
|move|p1a: Floatzel|Wave Crash|p2a: Ceruledge
|-supereffective|p2a: Ceruledge
|-damage|p2a: Ceruledge|0 fnt
|faint|p2a: Ceruledge
|-damage|p1a: Floatzel|61/100|[from] Recoil
|
|upkeep
|inactive|kensukeushio has 120 seconds left.
|
|t:|1760806333
|switch|p2a: Ogerpon|Ogerpon, F|100/100
|turn|15
|inactive|bigtestsofbig has 90 seconds left.
|
|t:|1760806356
|move|p2a: Ogerpon|Ivy Cudgel|p1a: Floatzel
|-supereffective|p1a: Floatzel
|-damage|p1a: Floatzel|0 fnt
|faint|p1a: Floatzel
|
|upkeep
|inactive|bigtestsofbig has 90 seconds left.
|
|t:|1760806367
|switch|p1a: Walking Wake|Walking Wake|100/100
|-damage|p1a: Walking Wake|88/100|[from] Stealth Rock
|-enditem|p1a: Walking Wake|Booster Energy
|-activate|p1a: Walking Wake|ability: Protosynthesis|[fromitem]
|-start|p1a: Walking Wake|protosynthesisspe
|turn|16
|inactive|bigtestsofbig has 90 seconds left.
|inactive|kensukeushio has 120 seconds left.
|
|t:|1760806379
|-end|p1a: Walking Wake|Protosynthesis|[silent]
|switch|p1a: Iron Treads|Iron Treads|51/100
|-damage|p1a: Iron Treads|48/100|[from] Stealth Rock
|switch|p2a: Slowking|Slowking-Galar, M|100/100
|
|-heal|p1a: Iron Treads|54/100|[from] item: Leftovers
|upkeep
|turn|17
|
|t:|1760806387
|move|p1a: Iron Treads|Rapid Spin|p2a: Slowking
|-crit|p2a: Slowking
|-damage|p2a: Slowking|81/100
|-boost|p1a: Iron Treads|spe|1
|-sideend|p1: bigtestsofbig|Stealth Rock|[from] move: Rapid Spin|[of] p1a: Iron Treads
|-prepare|p2a: Slowking|Chilly Reception|[premajor]
|move|p2a: Slowking|Chilly Reception|p2a: Slowking
|-weather|Snowscape
|
|t:|1760806389
|switch|p2a: Ogerpon|Ogerpon, F|100/100|[from] Chilly Reception
|
|-weather|Snowscape|[upkeep]
|-heal|p1a: Iron Treads|61/100|[from] item: Leftovers
|upkeep
|turn|18
|
|t:|1760806392
|-terastallize|p2a: Ogerpon|Grass
|detailschange|p2a: Ogerpon|Ogerpon-Teal-Tera, F, tera:Grass
|-ability|p2a: Ogerpon|Embody Aspect (Teal)|boost
|-boost|p2a: Ogerpon|spe|1
|move|p2a: Ogerpon|Ivy Cudgel|p1a: Iron Treads
|-damage|p1a: Iron Treads|0 fnt
|faint|p1a: Iron Treads
|-end|p1a: Iron Treads|Quark Drive|[silent]
|
|-weather|Snowscape|[upkeep]
|upkeep
|
|t:|1760806402
|switch|p1a: Basculegion|Basculegion-F, F, tera:Ghost|100/100
|turn|19
|
|t:|1760806414
|switch|p2a: Samurott|Samurott-Hisui, F|75/100
|move|p1a: Basculegion|Flip Turn|p2a: Samurott
|-resisted|p2a: Samurott
|-damage|p2a: Samurott|66/100
|
|t:|1760806420
|switch|p1a: Walking Wake|Walking Wake|88/100|[from] Flip Turn
|
|-weather|Snowscape|[upkeep]
|upkeep
|turn|20
|inactive|bigtestsofbig has 120 seconds left.
|
|t:|1760806427
|move|p1a: Walking Wake|Dragon Pulse|p2a: Samurott
|-damage|p2a: Samurott|29/100
|move|p2a: Samurott|Ceaseless Edge|p1a: Walking Wake
|-damage|p1a: Walking Wake|39/100
|-sidestart|p1: bigtestsofbig|Spikes
|
|-weather|Snowscape|[upkeep]
|upkeep
|turn|21
|
|t:|1760806442
|switch|p2a: Slowking|Slowking-Galar, M|100/100
|move|p1a: Walking Wake|Dragon Pulse|p2a: Slowking
|-damage|p2a: Slowking|66/100
|
|-weather|none
|upkeep
|turn|22
|
|t:|1760806449
|move|p1a: Walking Wake|Hydro Pump|p2a: Slowking
|-crit|p2a: Slowking
|-damage|p2a: Slowking|8/100
|move|p2a: Slowking|Sludge Bomb|p1a: Walking Wake
|-damage|p1a: Walking Wake|0 fnt
|faint|p1a: Walking Wake
|-end|p1a: Walking Wake|Protosynthesis|[silent]
|
|upkeep
|
|t:|1760806456
|switch|p1a: Basculegion|Basculegion-F, F, tera:Ghost|100/100
|turn|23
|
|t:|1760806463
|move|p1a: Basculegion|Shadow Ball|p2a: Slowking
|-supereffective|p2a: Slowking
|-damage|p2a: Slowking|0 fnt
|faint|p2a: Slowking
|
|upkeep
|
|t:|1760806466
|switch|p2a: Ogerpon|Ogerpon-Teal-Tera, F, tera:Grass|100/100
|-ability|p2a: Ogerpon|Embody Aspect (Teal)|boost
|-boost|p2a: Ogerpon|spe|1
|turn|24
|
|t:|1760806468
|move|p2a: Ogerpon|Knock Off|p1a: Basculegion
|-supereffective|p1a: Basculegion
|-damage|p1a: Basculegion|5/100
|-enditem|p1a: Basculegion|Heavy-Duty Boots|[from] move: Knock Off|[of] p2a: Ogerpon
|move|p1a: Basculegion|Shadow Ball|p2a: Ogerpon
|-damage|p2a: Ogerpon|35/100
|
|upkeep
|turn|25
|
|t:|1760806476
|move|p2a: Ogerpon|Knock Off|p1a: Basculegion
|-supereffective|p1a: Basculegion
|-damage|p1a: Basculegion|0 fnt
|faint|p1a: Basculegion
|
|win|kensukeushio
|raw|bigtestsofbig's rating: 1568 &rarr; <strong>1548</strong><br />(-20 for losing)
|raw|kensukeushio's rating: 1563 &rarr; <strong>1583</strong><br />(+20 for winning)
|l|‽kensukeushio
|player|p2|
|l|☆bigtestsofbig
|player|p1|
