|badge|p2|bronze|gen9ou|100-7
|uhtml|medal-msg|<div class="broadcast-blue">Curious what those medals under the avatar are? PS now has Ladder Seasons! For more information, check out the <a href="https://www.smogon.com/forums/threads/3740067/">thread on Smogon.</a></div>
|j|☆Mr Tpen
|j|☆elpets
|t:|1760723160
|gametype|singles
|player|p1|Mr Tpen|266|1766
|player|p2|elpets|infielder|1828
|gen|9
|tier|[Gen 9] OU
|rated|
|rule|HP Percentage Mod: HP is shown in percentages
|rule|Endless Battle Clause: Forcing endless battles is banned
|rule|Species Clause: Limit one of each Pokémon
|rule|OHKO Clause: OHKO moves are banned
|rule|Evasion Items Clause: Evasion items are banned
|rule|Evasion Moves Clause: Evasion moves are banned
|rule|Evasion Abilities Clause: Evasion abilities are banned
|rule|Sleep Moves Clause: Sleep-inducing moves are banned
|clearpoke
|poke|p1|Enamorus, F|
|poke|p1|Kyurem|
|poke|p1|Landorus-Therian, M|
|poke|p1|Kingambit, F|
|poke|p1|Ogerpon-Wellspring, F|
|poke|p1|Glimmora, F|
|poke|p2|Hatterene, F|
|poke|p2|Dragonite, F|
|poke|p2|Breloom, M|
|poke|p2|Azumarill, F|
|poke|p2|Great Tusk|
|poke|p2|Skeledirge, M|
|teampreview
|inactive|Battle timer is ON: inactive players will automatically lose when time's up. (requested by Mr Tpen)
|inactive|elpets has 120 seconds left.
|
|t:|1760723195
|teamsize|p1|6
|teamsize|p2|6
|start
|switch|p1a: Ogerpon|Ogerpon-Wellspring, F|100/100
|switch|p2a: Hatterene|Hatterene, F|100/100
|turn|1
|
|t:|1760723201
|move|p1a: Ogerpon|U-turn|p2a: Hatterene
|-damage|p2a: Hatterene|68/100
|
|t:|1760723202
|switch|p1a: Landorus|Landorus-Therian, M|100/100|[from] U-turn
|-ability|p1a: Landorus|Intimidate|boost
|-unboost|p2a: Hatterene|atk|1
|move|p2a: Hatterene|Trick Room|p2a: Hatterene
|-fieldstart|move: Trick Room|[of] p2a: Hatterene
|
|-heal|p2a: Hatterene|74/100|[from] item: Leftovers
|upkeep
|turn|2
|
|t:|1760723208
|move|p2a: Hatterene|Psyshock|p1a: Landorus
|-damage|p1a: Landorus|54/100
|move|p1a: Landorus|Earthquake|p2a: Hatterene
|-crit|p2a: Hatterene
|-damage|p2a: Hatterene|0 fnt
|faint|p2a: Hatterene
|
|upkeep
|
|t:|1760723221
|switch|p2a: Ippo|Breloom, M|100/100
|turn|3
|
|t:|1760723224
|switch|p1a: Glimmora|Glimmora, F|100/100
|move|p2a: Ippo|Bullet Seed|p1a: Glimmora
|-damage|p1a: Glimmora|86/100
|-activate|p1a: Glimmora|ability: Toxic Debris
|-sidestart|p2: elpets|move: Toxic Spikes
|-damage|p1a: Glimmora|70/100
|-activate|p1a: Glimmora|ability: Toxic Debris
|-sidestart|p2: elpets|move: Toxic Spikes
|-damage|p1a: Glimmora|55/100
|-damage|p1a: Glimmora|39/100
|-damage|p1a: Glimmora|24/100
|-hitcount|p1a: Glimmora|5
|-enditem|p1a: Glimmora|Red Card|[of] p2a: Ippo
|drag|p2a: Skeledirge|Skeledirge, M|100/100
|-status|p2a: Skeledirge|tox
|
|-damage|p2a: Skeledirge|94/100 tox|[from] psn
|upkeep
|turn|4
|
|t:|1760723229
|move|p2a: Skeledirge|Shadow Ball|p1a: Glimmora
|-crit|p1a: Glimmora
|-damage|p1a: Glimmora|0 fnt
|faint|p1a: Glimmora
|
|-damage|p2a: Skeledirge|82/100 tox|[from] psn
|upkeep
|
|t:|1760723235
|switch|p1a: Enamorus|Enamorus, F|100/100
|turn|5
|
|t:|1760723237
|move|p2a: Skeledirge|Torch Song|p1a: Enamorus
|-damage|p1a: Enamorus|54/100
|-boost|p2a: Skeledirge|spa|1
|move|p1a: Enamorus|Earth Power|p2a: Skeledirge
|-supereffective|p2a: Skeledirge
|-damage|p2a: Skeledirge|17/100 tox
|
|-damage|p2a: Skeledirge|0 fnt|[from] psn
|faint|p2a: Skeledirge
|-fieldend|move: Trick Room
|upkeep
|
|t:|1760723242
|switch|p2a: Dragonite|Dragonite, F|100/100
|turn|6
|
|t:|1760723245
|move|p1a: Enamorus|Moonblast|p2a: Dragonite
|-supereffective|p2a: Dragonite
|-damage|p2a: Dragonite|51/100
|move|p2a: Dragonite|Dragon Dance|p2a: Dragonite
|-boost|p2a: Dragonite|atk|1
|-boost|p2a: Dragonite|spe|1
|
|upkeep
|turn|7
|
|t:|1760723249
|switch|p1a: Landorus|Landorus-Therian, M|54/100
|-ability|p1a: Landorus|Intimidate|boost
|-unboost|p2a: Dragonite|atk|1
|move|p2a: Dragonite|Extreme Speed|p1a: Landorus
|-damage|p1a: Landorus|28/100
|-damage|p2a: Dragonite|35/100|[from] item: Rocky Helmet|[of] p1a: Landorus
|
|upkeep
|turn|8
|
|t:|1760723256
|move|p2a: Dragonite|Extreme Speed|p1a: Landorus
|-damage|p1a: Landorus|0 fnt
|-damage|p2a: Dragonite|18/100|[from] item: Rocky Helmet|[of] p1a: Landorus
|faint|p1a: Landorus
|
|upkeep
|
|t:|1760723258
|switch|p1a: Kyurem|Kyurem|100/100
|-ability|p1a: Kyurem|Pressure
|turn|9
|
|t:|1760723262
|move|p1a: Kyurem|Freeze-Dry|p2a: Dragonite
|-supereffective|p2a: Dragonite
|-damage|p2a: Dragonite|0 fnt
|faint|p2a: Dragonite
|
|upkeep
|j| DragonOwl678
|l| DragonOwl678
|
|t:|1760723270
|switch|p2a: Azumarill|Azumarill, F|100/100
|-status|p2a: Azumarill|tox
|turn|10
|
|t:|1760723273
|switch|p1a: Kingambit|Kingambit, F|100/100
|-activate|p1a: Kingambit|ability: Supreme Overlord
|-start|p1a: Kingambit|fallen2|[silent]
|-item|p1a: Kingambit|Air Balloon
|move|p2a: Azumarill|Play Rough|p1a: Kingambit
|-damage|p1a: Kingambit|52/100
|-enditem|p1a: Kingambit|Air Balloon
|
|-damage|p2a: Azumarill|94/100 tox|[from] psn
|upkeep
|turn|11
|
|t:|1760723276
|-end|p1a: Kingambit|fallen2|[silent]
|switch|p1a: Ogerpon|Ogerpon-Wellspring, F|100/100
|move|p2a: Azumarill|Liquidation|p1a: Ogerpon
|-immune|p1a: Ogerpon|[from] ability: Water Absorb
|
|-damage|p2a: Azumarill|82/100 tox|[from] psn
|upkeep
|turn|12
|
|t:|1760723280
|move|p1a: Ogerpon|Knock Off|p2a: Azumarill
|-resisted|p2a: Azumarill
|-crit|p2a: Azumarill
|-damage|p2a: Azumarill|52/100 tox
|-enditem|p2a: Azumarill|Assault Vest|[from] move: Knock Off|[of] p1a: Ogerpon
|move|p2a: Azumarill|Play Rough|p1a: Ogerpon
|-damage|p1a: Ogerpon|29/100
|
|-damage|p2a: Azumarill|34/100 tox|[from] psn
|upkeep
|turn|13
|
|t:|1760723285
|move|p1a: Ogerpon|Ivy Cudgel|p2a: Azumarill|[anim] Ivy Cudgel Water
|-resisted|p2a: Azumarill
|-damage|p2a: Azumarill|4/100 tox
|move|p2a: Azumarill|Play Rough|p1a: Ogerpon
|-damage|p1a: Ogerpon|0 fnt
|faint|p1a: Ogerpon
|
|-damage|p2a: Azumarill|0 fnt|[from] psn
|faint|p2a: Azumarill
|upkeep
|
|t:|1760723292
|switch|p1a: Kyurem|Kyurem|100/100
|switch|p2a: Great Tusk|Great Tusk|100/100
|-ability|p1a: Kyurem|Pressure
|-status|p2a: Great Tusk|tox
|-enditem|p2a: Great Tusk|Booster Energy
|-activate|p2a: Great Tusk|ability: Protosynthesis|[fromitem]
|-start|p2a: Great Tusk|protosynthesisatk
|turn|14
|
|t:|1760723297
|-terastallize|p2a: Great Tusk|Electric
|move|p1a: Kyurem|Ice Beam|p2a: Great Tusk
|-damage|p2a: Great Tusk|23/100 tox
|move|p2a: Great Tusk|Rapid Spin|p1a: Kyurem
|-damage|p1a: Kyurem|77/100
|-boost|p2a: Great Tusk|spe|1
|-sideend|p2: elpets|Toxic Spikes|[from] move: Rapid Spin|[of] p2a: Great Tusk
|
|-damage|p2a: Great Tusk|16/100 tox|[from] psn
|upkeep
|turn|15
|
|t:|1760723300
|switch|p1a: Enamorus|Enamorus, F|54/100
|move|p2a: Great Tusk|Headlong Rush|p1a: Enamorus
|-immune|p1a: Enamorus
|
|-damage|p2a: Great Tusk|4/100 tox|[from] psn
|upkeep
|turn|16
|
|t:|1760723304
|switch|p1a: Kyurem|Kyurem|77/100
|-ability|p1a: Kyurem|Pressure
|move|p2a: Great Tusk|Supercell Slam|p1a: Kyurem
|-resisted|p1a: Kyurem
|-damage|p1a: Kyurem|47/100
|
|-damage|p2a: Great Tusk|0 fnt|[from] psn
|faint|p2a: Great Tusk
|-end|p2a: Great Tusk|Protosynthesis|[silent]
|upkeep
|
|t:|1760723306
|switch|p2a: Ippo|Breloom, M|100/100
|turn|17
|
|t:|1760723311
|move|p2a: Ippo|Mach Punch|p1a: Kyurem
|-supereffective|p1a: Kyurem
|-damage|p1a: Kyurem|0 fnt
|faint|p1a: Kyurem
|
|upkeep
|j| Lonelyenders
|
|t:|1760723317
|switch|p1a: Enamorus|Enamorus, F|54/100
|turn|18
|
|t:|1760723321
|-terastallize|p1a: Enamorus|Stellar
|move|p1a: Enamorus|Moonblast|p2a: Ippo
|-supereffective|p2a: Ippo
|-enditem|p2a: Ippo|Focus Sash
|-damage|p2a: Ippo|1/100
|move|p2a: Ippo|Rock Tomb|p1a: Enamorus
|-supereffective|p1a: Enamorus
|-damage|p1a: Enamorus|0 fnt
|faint|p1a: Enamorus
|
|upkeep
|
|t:|1760723323
|switch|p1a: Kingambit|Kingambit, F|52/100
|-activate|p1a: Kingambit|ability: Supreme Overlord
|-start|p1a: Kingambit|fallen5|[silent]
|turn|19
|
|t:|1760723325
|move|p2a: Ippo|Mach Punch|p1a: Kingambit
|-supereffective|p1a: Kingambit
|-damage|p1a: Kingambit|0 fnt
|faint|p1a: Kingambit
|-end|p1a: Kingambit|fallen5|[silent]
|
|win|elpets
|raw|Mr Tpen's rating: 1766 &rarr; <strong>1750</strong><br />(-16 for losing)
|raw|elpets's rating: 1828 &rarr; <strong>1844</strong><br />(+16 for winning)
|l|☆Mr Tpen
|player|p1|
|l|☆elpets
|player|p2|
