|j|☆MegaMonster8
|j|☆Bonsly Brian
|t:|1760869556
|gametype|singles
|player|p1|MegaMonster8|2|1097
|player|p2|Bonsly Brian|riley|1109
|gen|9
|tier|[Gen 9] OU
|rated|
|rule|HP Percentage Mod: HP is shown in percentages
|rule|Endless Battle Clause: Forcing endless battles is banned
|rule|Species Clause: Limit one of each Pokémon
|rule|OHKO Clause: OHKO moves are banned
|rule|Evasion Items Clause: Evasion items are banned
|rule|Evasion Moves Clause: Evasion moves are banned
|rule|Evasion Abilities Clause: Evasion abilities are banned
|rule|Sleep Moves Clause: Sleep-inducing moves are banned
|clearpoke
|poke|p1|Rillaboom, M|
|poke|p1|Toxapex, M|
|poke|p1|Comfey, M|
|poke|p1|Zapdos|
|poke|p1|Iron Treads|
|poke|p1|Quaquaval, F|
|poke|p2|Bonsly, M|
|poke|p2|Dragonite, M|
|poke|p2|Iron Valiant|
|poke|p2|Dragapult, F|
|poke|p2|Kingambit, M|
|poke|p2|Great Tusk|
|teampreview
|inactive|Battle timer is ON: inactive players will automatically lose when time's up. (requested by Bonsly Brian)
|inactive|MegaMonster8 also wants the timer to be on.
|
|t:|1760869569
|teamsize|p1|6
|teamsize|p2|6
|start
|switch|p1a: Rillaboom|Rillaboom, M|100/100
|switch|p2a: Bonsly|Bonsly, M, shiny|100/100
|-fieldstart|move: Grassy Terrain|[from] ability: Grassy Surge|[of] p1a: Rillaboom
|turn|1
|
|t:|1760869577
|move|p1a: Rillaboom|Grassy Glide|p2a: Bonsly
|-supereffective|p2a: Bonsly
|-damage|p2a: Bonsly|1/100
|move|p2a: Bonsly|Counter|p1a: Rillaboom
|-damage|p1a: Rillaboom|0 fnt
|faint|p1a: Rillaboom
|
|-heal|p2a: Bonsly|7/100|[from] Grassy Terrain
|upkeep
|
|t:|1760869590
|switch|p1a: Quaquaval|Quaquaval, F|100/100
|turn|2
|-enditem|p2a: Bonsly|Custap Berry|[eat]
|-activate|p2a: Bonsly|item: Custap Berry|[consumed]
|
|t:|1760869595
|move|p2a: Bonsly|Stealth Rock|p1a: Quaquaval
|-sidestart|p1: MegaMonster8|move: Stealth Rock
|move|p1a: Quaquaval|Aqua Step|p2a: Bonsly
|-supereffective|p2a: Bonsly
|-damage|p2a: Bonsly|0 fnt
|-boost|p1a: Quaquaval|spe|1
|faint|p2a: Bonsly
|-ability|p1a: Quaquaval|Moxie|boost
|-boost|p1a: Quaquaval|atk|1
|
|upkeep
|
|t:|1760869605
|switch|p2a: Dragonite|Dragonite, M, shiny|100/100
|turn|3
|inactive|MegaMonster8 has 120 seconds left.
|
|t:|1760869640
|move|p1a: Quaquaval|Bulk Up|p1a: Quaquaval
|-boost|p1a: Quaquaval|atk|1
|-boost|p1a: Quaquaval|def|1
|move|p2a: Dragonite|Dragon Dance|p2a: Dragonite
|-boost|p2a: Dragonite|atk|1
|-boost|p2a: Dragonite|spe|1
|
|upkeep
|turn|4
|inactive|MegaMonster8 has 120 seconds left.
|
|t:|1760869653
|move|p1a: Quaquaval|Bulk Up|p1a: Quaquaval
|-boost|p1a: Quaquaval|atk|1
|-boost|p1a: Quaquaval|def|1
|move|p2a: Dragonite|Encore|p1a: Quaquaval
|-start|p1a: Quaquaval|Encore
|
|upkeep
|turn|5
|
|t:|1760869660
|move|p1a: Quaquaval|Bulk Up|p1a: Quaquaval
|-boost|p1a: Quaquaval|atk|1
|-boost|p1a: Quaquaval|def|1
|move|p2a: Dragonite|Dragon Dance|p2a: Dragonite
|-boost|p2a: Dragonite|atk|1
|-boost|p2a: Dragonite|spe|1
|
|upkeep
|turn|6
|
|t:|1760869668
|move|p2a: Dragonite|Dragon Dance|p2a: Dragonite
|-boost|p2a: Dragonite|atk|1
|-boost|p2a: Dragonite|spe|1
|move|p1a: Quaquaval|Bulk Up|p1a: Quaquaval
|-boost|p1a: Quaquaval|atk|1
|-boost|p1a: Quaquaval|def|1
|
|upkeep
|turn|7
|
|t:|1760869675
|move|p2a: Dragonite|Dragon Dance|p2a: Dragonite
|-boost|p2a: Dragonite|atk|1
|-boost|p2a: Dragonite|spe|1
|move|p1a: Quaquaval|Bulk Up|p1a: Quaquaval
|-boost|p1a: Quaquaval|atk|1
|-boost|p1a: Quaquaval|def|1
|
|-end|p1a: Quaquaval|Encore
|upkeep
|turn|8
|
|t:|1760869684
|move|p2a: Dragonite|Encore|p1a: Quaquaval
|-start|p1a: Quaquaval|Encore
|move|p1a: Quaquaval|Bulk Up|p1a: Quaquaval
|-boost|p1a: Quaquaval|atk|0
|-boost|p1a: Quaquaval|def|1
|
|-fieldend|move: Grassy Terrain
|upkeep
|turn|9
|-message|MegaMonster8 forfeited.
|
|win|Bonsly Brian
|raw|MegaMonster8's rating: 1097 &rarr; <strong>1073</strong><br />(-24 for losing)
|raw|Bonsly Brian's rating: 1109 &rarr; <strong>1133</strong><br />(+24 for winning)
|l|☆MegaMonster8
|player|p1|
|l|☆Bonsly Brian
|player|p2|
