|j|☆NebulaTrainer
|j|☆venjazanzhes123
|t:|1760794811
|gametype|singles
|player|p1|NebulaTrainer|cynthia-gen4|1560
|player|p2|venjazanzhes123|clair|1585
|gen|9
|tier|[Gen 9] OU
|rated|
|rule|HP Percentage Mod: HP is shown in percentages
|rule|Endless Battle Clause: Forcing endless battles is banned
|rule|Species Clause: Limit one of each Pokémon
|rule|OHKO Clause: OHKO moves are banned
|rule|Evasion Items Clause: Evasion items are banned
|rule|Evasion Moves Clause: Evasion moves are banned
|rule|Evasion Abilities Clause: Evasion abilities are banned
|rule|Sleep Moves Clause: Sleep-inducing moves are banned
|clearpoke
|poke|p1|Hippowdon, M|
|poke|p1|Excadrill, M|
|poke|p1|Hydrapple, F|
|poke|p1|Tornadus-Therian, M|
|poke|p1|Heatran, F|
|poke|p1|Keldeo-Resolute|
|poke|p2|Corviknight, M|
|poke|p2|Dragonite, M|
|poke|p2|Dragapult, M|
|poke|p2|Goodra-Hisui, M|
|poke|p2|Slowking-Galar, M|
|poke|p2|Quagsire, M|
|teampreview
|
|t:|1760794831
|teamsize|p1|6
|teamsize|p2|6
|start
|switch|p1a: Hydrapple|Hydrapple, F|100/100
|switch|p2a: Quagsire|Quagsire, M|100/100
|turn|1
|
|t:|1760794839
|move|p1a: Hydrapple|Earth Power|p2a: Quagsire
|-crit|p2a: Quagsire
|-damage|p2a: Quagsire|45/100
|-enditem|p2a: Quagsire|Sitrus Berry|[eat]
|-heal|p2a: Quagsire|70/100|[from] item: Sitrus Berry
|move|p2a: Quagsire|Toxic|p1a: Hydrapple
|-status|p1a: Hydrapple|tox
|
|-damage|p1a: Hydrapple|94/100 tox|[from] psn
|upkeep
|turn|2
|
|t:|1760794850
|switch|p2a: Slowking|Slowking-Galar, M|100/100
|move|p1a: Hydrapple|Earth Power|p2a: Slowking
|-supereffective|p2a: Slowking
|-damage|p2a: Slowking|68/100
|
|-damage|p1a: Hydrapple|82/100 tox|[from] psn
|upkeep
|turn|3
|
|t:|1760794860
|switch|p1a: Heatran|Heatran, F, shiny|100/100
|move|p2a: Slowking|Sludge Wave|p1a: Heatran
|-immune|p1a: Heatran
|
|upkeep
|turn|4
|
|t:|1760794866
|switch|p1a: Hydrapple|Hydrapple, F|100/100 tox
|move|p2a: Slowking|Focus Blast|p1a: Hydrapple
|-damage|p1a: Hydrapple|57/100 tox
|
|-damage|p1a: Hydrapple|51/100 tox|[from] psn
|upkeep
|turn|5
|
|t:|1760794875
|switch|p1a: Tornadus|Tornadus-Therian, M, shiny|100/100
|move|p2a: Slowking|Psyshock|p1a: Tornadus
|-damage|p1a: Tornadus|52/100
|
|upkeep
|turn|6
|
|t:|1760794882
|move|p1a: Tornadus|U-turn|p2a: Slowking
|-damage|p2a: Slowking|52/100
|
|t:|1760794885
|switch|p1a: Excadrill|Excadrill, M, shiny|100/100|[from] U-turn
|move|p2a: Slowking|Sludge Wave|p1a: Excadrill
|-immune|p1a: Excadrill
|
|upkeep
|turn|7
|
|t:|1760794892
|switch|p1a: Heatran|Heatran, F, shiny|100/100
|switch|p2a: Quagsire|Quagsire, M|70/100
|
|upkeep
|turn|8
|
|t:|1760794900
|switch|p1a: Hydrapple|Hydrapple, F|84/100 tox
|move|p2a: Quagsire|Earthquake|p1a: Hydrapple
|-resisted|p1a: Hydrapple
|-damage|p1a: Hydrapple|73/100 tox
|
|-damage|p1a: Hydrapple|67/100 tox|[from] psn
|upkeep
|turn|9
|
|t:|1760794909
|switch|p2a: Corviknight|Corviknight, M|100/100
|move|p1a: Hydrapple|Nasty Plot|p1a: Hydrapple
|-boost|p1a: Hydrapple|spa|2
|
|-damage|p1a: Hydrapple|54/100 tox|[from] psn
|upkeep
|turn|10
|
|t:|1760794918
|switch|p1a: Heatran|Heatran, F, shiny|100/100
|move|p2a: Corviknight|Body Press|p1a: Heatran
|-supereffective|p1a: Heatran
|-damage|p1a: Heatran|58/100
|
|-heal|p1a: Heatran|64/100|[from] item: Leftovers
|upkeep
|turn|11
|
|t:|1760794926
|switch|p2a: Quagsire|Quagsire, M|70/100
|move|p1a: Heatran|Magma Storm|p2a: Quagsire
|-resisted|p2a: Quagsire
|-damage|p2a: Quagsire|44/100
|-activate|p2a: Quagsire|move: Magma Storm|[of] p1a: Heatran
|
|-heal|p1a: Heatran|70/100|[from] item: Leftovers
|-damage|p2a: Quagsire|32/100|[from] move: Magma Storm|[partiallytrapped]
|upkeep
|turn|12
|
|t:|1760794936
|move|p1a: Heatran|Taunt|p2a: Quagsire
|-start|p2a: Quagsire|move: Taunt
|move|p2a: Quagsire|Earthquake|p1a: Heatran
|-supereffective|p1a: Heatran
|-damage|p1a: Heatran|0 fnt
|faint|p1a: Heatran
|
|-end|p2a: Quagsire|Magma Storm|[partiallytrapped]|[silent]
|upkeep
|
|t:|1760794947
|switch|p1a: Keldeo|Keldeo-Resolute|100/100
|turn|13
|
|t:|1760794950
|move|p1a: Keldeo|Hydro Pump|p2a: Quagsire|[miss]
|-miss|p1a: Keldeo|p2a: Quagsire
|move|p2a: Quagsire|Earthquake|p1a: Keldeo
|-damage|p1a: Keldeo|63/100
|
|upkeep
|turn|14
|
|t:|1760794957
|switch|p2a: Slowking|Slowking-Galar, M|85/100
|move|p1a: Keldeo|Hydro Pump|p2a: Slowking
|-damage|p2a: Slowking|40/100
|
|upkeep
|turn|15
|
|t:|1760794964
|switch|p2a: Goodra|Goodra-Hisui, M|100/100
|move|p1a: Keldeo|Hydro Pump|p2a: Goodra
|-resisted|p2a: Goodra
|-damage|p2a: Goodra|82/100
|
|upkeep
|turn|16
|
|t:|1760794972
|switch|p1a: Tornadus|Tornadus-Therian, M, shiny|85/100
|move|p2a: Goodra|Dragon Pulse|p1a: Tornadus
|-damage|p1a: Tornadus|57/100
|
|upkeep
|turn|17
|
|t:|1760794979
|move|p1a: Tornadus|Knock Off|p2a: Goodra
|-damage|p2a: Goodra|61/100
|-ability|p2a: Goodra|Gooey
|-unboost|p1a: Tornadus|spe|1
|-enditem|p2a: Goodra|Assault Vest|[from] move: Knock Off|[of] p1a: Tornadus
|move|p2a: Goodra|Ice Beam|p1a: Tornadus
|-supereffective|p1a: Tornadus
|-damage|p1a: Tornadus|12/100
|
|upkeep
|turn|18
|
|t:|1760794990
|switch|p1a: Keldeo|Keldeo-Resolute|63/100
|move|p2a: Goodra|Dragon Pulse|p1a: Keldeo
|-damage|p1a: Keldeo|10/100
|
|upkeep
|turn|19
|
|t:|1760794999
|switch|p2a: Slowking|Slowking-Galar, M|74/100
|move|p1a: Keldeo|Hydro Pump|p2a: Slowking
|-damage|p2a: Slowking|27/100
|
|upkeep
|turn|20
|
|t:|1760795010
|switch|p1a: Hydrapple|Hydrapple, F|87/100 tox
|move|p2a: Slowking|Psyshock|p1a: Hydrapple
|-damage|p1a: Hydrapple|58/100 tox
|
|-damage|p1a: Hydrapple|52/100 tox|[from] psn
|upkeep
|turn|21
|
|t:|1760795013
|move|p1a: Hydrapple|Fickle Beam|p2a: Slowking|[anim] Fickle Beam All Out
|-activate|p1a: Hydrapple|move: Fickle Beam
|-damage|p2a: Slowking|0 fnt
|faint|p2a: Slowking
|
|-damage|p1a: Hydrapple|40/100 tox|[from] psn
|upkeep
|
|t:|1760795020
|switch|p2a: Goodra|Goodra-Hisui, M|61/100
|turn|22
|
|t:|1760795038
|switch|p1a: Tornadus|Tornadus-Therian, M, shiny|45/100
|move|p2a: Goodra|Ice Beam|p1a: Tornadus
|-supereffective|p1a: Tornadus
|-damage|p1a: Tornadus|4/100
|
|upkeep
|turn|23
|
|t:|1760795045
|move|p1a: Tornadus|Heat Wave|p2a: Goodra
|-damage|p2a: Goodra|44/100
|move|p2a: Goodra|Dragon Pulse|p1a: Tornadus
|-damage|p1a: Tornadus|0 fnt
|faint|p1a: Tornadus
|
|upkeep
|
|t:|1760795055
|switch|p1a: Excadrill|Excadrill, M, shiny|100/100
|turn|24
|
|t:|1760795058
|switch|p1a: Keldeo|Keldeo-Resolute|10/100
|move|p2a: Goodra|Flamethrower|p1a: Keldeo
|-resisted|p1a: Keldeo
|-damage|p1a: Keldeo|0 fnt
|faint|p1a: Keldeo
|
|upkeep
|
|t:|1760795068
|switch|p1a: Excadrill|Excadrill, M, shiny|100/100
|turn|25
|
|t:|1760795073
|switch|p1a: Hydrapple|Hydrapple, F|73/100 tox
|move|p2a: Goodra|Flamethrower|p1a: Hydrapple
|-damage|p1a: Hydrapple|42/100 tox
|
|-damage|p1a: Hydrapple|35/100 tox|[from] psn
|upkeep
|turn|26
|
|t:|1760795081
|move|p2a: Goodra|Flash Cannon|p1a: Hydrapple
|-damage|p1a: Hydrapple|0 fnt
|faint|p1a: Hydrapple
|
|upkeep
|
|t:|1760795086
|switch|p1a: Excadrill|Excadrill, M, shiny|100/100
|turn|27
|inactive|Battle timer is ON: inactive players will automatically lose when time's up. (requested by venjazanzhes123)
|inactive|NebulaTrainer has 120 seconds left.
|inactive|NebulaTrainer has 90 seconds left.
|inactive|NebulaTrainer has 60 seconds left.
|inactive|NebulaTrainer has 30 seconds left.
|inactive|NebulaTrainer has 20 seconds left.
|inactive|NebulaTrainer has 15 seconds left.
|inactive|NebulaTrainer has 10 seconds left.
|inactive|NebulaTrainer has 5 seconds left.
|-message|NebulaTrainer lost due to inactivity.
|
|win|venjazanzhes123
|raw|NebulaTrainer's rating: 1560 &rarr; <strong>1541</strong><br />(-19 for losing)
|raw|venjazanzhes123's rating: 1585 &rarr; <strong>1604</strong><br />(+19 for winning)
|l|☆venjazanzhes123
|player|p2|
