|j|☆thegamingwatch2
|j|☆Hottttt
|t:|1760798638
|gametype|singles
|player|p1|thegamingwatch2|265|1365
|player|p2|Hottttt|red|1329
|gen|9
|tier|[Gen 9] OU
|rated|
|rule|HP Percentage Mod: HP is shown in percentages
|rule|Endless Battle Clause: Forcing endless battles is banned
|rule|Species Clause: Limit one of each Pokémon
|rule|OHKO Clause: OHKO moves are banned
|rule|Evasion Items Clause: Evasion items are banned
|rule|Evasion Moves Clause: Evasion moves are banned
|rule|Evasion Abilities Clause: Evasion abilities are banned
|rule|Sleep Moves Clause: Sleep-inducing moves are banned
|clearpoke
|poke|p1|Darkrai|
|poke|p1|Araquanid, F|
|poke|p1|Dragonite, F|
|poke|p1|Manaphy|
|poke|p1|Great Tusk|
|poke|p1|Dragapult, F|
|poke|p2|Araquanid, F|
|poke|p2|Great Tusk|
|poke|p2|Ceruledge, M|
|poke|p2|Kyurem|
|poke|p2|Primarina, F|
|poke|p2|Latias, F|
|teampreview
|inactive|Battle timer is ON: inactive players will automatically lose when time's up. (requested by Hottttt)
|inactive|thegamingwatch2 has 120 seconds left.
|
|t:|1760798683
|teamsize|p1|6
|teamsize|p2|6
|start
|switch|p1a: Araquanid|Araquanid, F|100/100
|switch|p2a: Araquanid|Araquanid, F|100/100
|turn|1
|
|t:|1760798688
|move|p2a: Araquanid|Sticky Web|p1a: Araquanid
|-sidestart|p1: thegamingwatch2|move: Sticky Web
|move|p1a: Araquanid|Mirror Coat||[still]
|-fail|p1a: Araquanid
|
|upkeep
|turn|2
|
|t:|1760798693
|move|p1a: Araquanid|Sticky Web|p2a: Araquanid
|-sidestart|p2: Hottttt|move: Sticky Web
|move|p2a: Araquanid|Leech Life|p1a: Araquanid
|-damage|p1a: Araquanid|77/100
|
|upkeep
|turn|3
|
|t:|1760798698
|switch|p1a: Great Tusk|Great Tusk|100/100
|-activate|p1a: Great Tusk|move: Sticky Web
|-unboost|p1a: Great Tusk|spe|1
|-enditem|p1a: Great Tusk|Booster Energy
|-activate|p1a: Great Tusk|ability: Protosynthesis|[fromitem]
|-start|p1a: Great Tusk|protosynthesisatk
|move|p2a: Araquanid|Liquidation|p1a: Great Tusk
|-supereffective|p1a: Great Tusk
|-damage|p1a: Great Tusk|42/100
|
|upkeep
|turn|4
|
|t:|1760798709
|move|p1a: Great Tusk|Rapid Spin|p2a: Araquanid
|-damage|p2a: Araquanid|80/100
|-boost|p1a: Great Tusk|spe|1
|-sideend|p1: thegamingwatch2|Sticky Web|[from] move: Rapid Spin|[of] p1a: Great Tusk
|move|p2a: Araquanid|Liquidation|p1a: Great Tusk
|-supereffective|p1a: Great Tusk
|-damage|p1a: Great Tusk|0 fnt
|faint|p1a: Great Tusk
|-end|p1a: Great Tusk|Protosynthesis|[silent]
|
|-heal|p2a: Araquanid|86/100|[from] item: Leftovers
|upkeep
|
|t:|1760798730
|switch|p1a: Dragonite|Dragonite, F|100/100
|turn|5
|
|t:|1760798735
|move|p1a: Dragonite|Dragon Dance|p1a: Dragonite
|-boost|p1a: Dragonite|atk|1
|-boost|p1a: Dragonite|spe|1
|move|p2a: Araquanid|Sticky Web|p1a: Dragonite
|-sidestart|p1: thegamingwatch2|move: Sticky Web
|
|-heal|p2a: Araquanid|93/100|[from] item: Leftovers
|upkeep
|turn|6
|
|t:|1760798739
|move|p1a: Dragonite|Dragon Dance|p1a: Dragonite
|-boost|p1a: Dragonite|atk|1
|-boost|p1a: Dragonite|spe|1
|move|p2a: Araquanid|Liquidation|p1a: Dragonite
|-resisted|p1a: Dragonite
|-damage|p1a: Dragonite|89/100
|
|-heal|p2a: Araquanid|99/100|[from] item: Leftovers
|upkeep
|turn|7
|
|t:|1760798744
|move|p1a: Dragonite|Earthquake|p2a: Araquanid
|-resisted|p2a: Araquanid
|-damage|p2a: Araquanid|65/100
|move|p2a: Araquanid|Liquidation|p1a: Dragonite
|-resisted|p1a: Dragonite
|-damage|p1a: Dragonite|66/100
|
|-heal|p2a: Araquanid|71/100|[from] item: Leftovers
|upkeep
|turn|8
|
|t:|1760798752
|move|p1a: Dragonite|Dragon Dance|p1a: Dragonite
|-boost|p1a: Dragonite|atk|1
|-boost|p1a: Dragonite|spe|1
|move|p2a: Araquanid|Liquidation|p1a: Dragonite
|-resisted|p1a: Dragonite
|-damage|p1a: Dragonite|40/100
|
|-heal|p2a: Araquanid|77/100|[from] item: Leftovers
|upkeep
|turn|9
|
|t:|1760798765
|move|p1a: Dragonite|Dragon Dance|p1a: Dragonite
|-boost|p1a: Dragonite|atk|1
|-boost|p1a: Dragonite|spe|1
|move|p2a: Araquanid|Liquidation|p1a: Dragonite
|-resisted|p1a: Dragonite
|-damage|p1a: Dragonite|17/100
|
|-heal|p2a: Araquanid|83/100|[from] item: Leftovers
|upkeep
|turn|10
|
|t:|1760798768
|-terastallize|p1a: Dragonite|Normal
|move|p1a: Dragonite|Extreme Speed|p2a: Araquanid
|-damage|p2a: Araquanid|0 fnt
|faint|p2a: Araquanid
|
|upkeep
|
|t:|1760798787
|switch|p2a: Ceruledge|Ceruledge, M|100/100
|-activate|p2a: Ceruledge|move: Sticky Web
|-unboost|p2a: Ceruledge|spe|1
|turn|11
|
|t:|1760798795
|move|p1a: Dragonite|Earthquake|p2a: Ceruledge
|-supereffective|p2a: Ceruledge
|-damage|p2a: Ceruledge|0 fnt
|faint|p2a: Ceruledge
|
|upkeep
|
|t:|1760798799
|switch|p2a: Primarina|Primarina, F|100/100
|-activate|p2a: Primarina|move: Sticky Web
|-unboost|p2a: Primarina|spe|1
|turn|12
|
|t:|1760798803
|move|p1a: Dragonite|Extreme Speed|p2a: Primarina
|-damage|p2a: Primarina|0 fnt
|faint|p2a: Primarina
|
|upkeep
|
|t:|1760798806
|switch|p2a: Kyurem|Kyurem, shiny|100/100
|-activate|p2a: Kyurem|move: Sticky Web
|-unboost|p2a: Kyurem|spe|1
|-ability|p2a: Kyurem|Pressure
|turn|13
|
|t:|1760798809
|move|p1a: Dragonite|Extreme Speed|p2a: Kyurem
|-damage|p2a: Kyurem|0 fnt
|faint|p2a: Kyurem
|
|upkeep
|
|t:|1760798812
|switch|p2a: Great Tusk|Great Tusk|100/100
|-activate|p2a: Great Tusk|move: Sticky Web
|-unboost|p2a: Great Tusk|spe|1
|-enditem|p2a: Great Tusk|Booster Energy
|-activate|p2a: Great Tusk|ability: Protosynthesis|[fromitem]
|-start|p2a: Great Tusk|protosynthesisatk
|turn|14
|
|t:|1760798815
|move|p1a: Dragonite|Ice Spinner|p2a: Great Tusk
|-supereffective|p2a: Great Tusk
|-damage|p2a: Great Tusk|0 fnt
|faint|p2a: Great Tusk
|-end|p2a: Great Tusk|Protosynthesis|[silent]
|
|upkeep
|
|t:|1760798817
|switch|p2a: Latias|Latias, F|100/100
|turn|15
|
|t:|1760798824
|-terastallize|p2a: Latias|Fairy
|move|p1a: Dragonite|Extreme Speed|p2a: Latias
|-damage|p2a: Latias|0 fnt
|faint|p2a: Latias
|
|win|thegamingwatch2
|raw|thegamingwatch2's rating: 1365 &rarr; <strong>1383</strong><br />(+18 for winning)
|raw|Hottttt's rating: 1329 &rarr; <strong>1311</strong><br />(-18 for losing)
|l|☆Hottttt
|player|p2|
