|j|☆Supersayan999
|j|☆Supa Dupa Hoopa
|t:|1760726639
|gametype|singles
|player|p1|Supersayan999|palmer|1453
|player|p2|Supa Dupa Hoopa|265|1475
|gen|9
|tier|[Gen 9] OU
|rated|
|rule|HP Percentage Mod: HP is shown in percentages
|rule|Endless Battle Clause: Forcing endless battles is banned
|rule|Species Clause: Limit one of each Pokémon
|rule|OHKO Clause: OHKO moves are banned
|rule|Evasion Items Clause: Evasion items are banned
|rule|Evasion Moves Clause: Evasion moves are banned
|rule|Evasion Abilities Clause: Evasion abilities are banned
|rule|Sleep Moves Clause: Sleep-inducing moves are banned
|clearpoke
|poke|p1|Dragonite, M|
|poke|p1|Weezing-Galar, M|
|poke|p1|Kingambit, F|
|poke|p1|Raging Bolt|
|poke|p1|Skeledirge, M|
|poke|p1|Rillaboom, M|
|poke|p2|Samurott-Hisui, F|
|poke|p2|Dragapult, M|
|poke|p2|Corviknight, F|
|poke|p2|Clodsire, F|
|poke|p2|Meowscarada, M|
|poke|p2|Toxtricity-Low-Key, F|
|teampreview
|
|t:|1760726651
|teamsize|p1|6
|teamsize|p2|6
|start
|switch|p1a: Rillaboom|Rillaboom, M|100/100
|switch|p2a: Meowscarada|Meowscarada, M|100/100
|-fieldstart|move: Grassy Terrain|[from] ability: Grassy Surge|[of] p1a: Rillaboom
|turn|1
|
|t:|1760726666
|switch|p1a: Weezing|Weezing-Galar, M|100/100
|move|p2a: Meowscarada|U-turn|p1a: Weezing
|-start|p2a: Meowscarada|typechange|Bug|[from] ability: Protean
|-resisted|p1a: Weezing
|-damage|p1a: Weezing|93/100
|
|t:|1760726680
|switch|p2a: Toxtricity|Toxtricity-Low-Key, F|100/100|[from] U-turn
|
|upkeep
|turn|2
|
|t:|1760726688
|switch|p1a: Skeledirge|Skeledirge, M|100/100
|move|p2a: Toxtricity|Boomburst|p1a: Skeledirge
|-immune|p1a: Skeledirge
|
|upkeep
|turn|3
|
|t:|1760726694
|switch|p2a: Clodsire|Clodsire, F|100/100
|move|p1a: Skeledirge|Will-O-Wisp|p2a: Clodsire
|-status|p2a: Clodsire|brn
|
|-damage|p2a: Clodsire|94/100 brn|[from] brn
|upkeep
|turn|4
|
|t:|1760726708
|switch|p1a: Kingambit|Kingambit, F|100/100
|move|p2a: Clodsire|Stealth Rock|p1a: Kingambit
|-sidestart|p1: Supersayan999|move: Stealth Rock
|
|-heal|p2a: Clodsire|100/100 brn|[from] Grassy Terrain
|-damage|p2a: Clodsire|94/100 brn|[from] brn
|upkeep
|turn|5
|
|t:|1760726731
|switch|p2a: Samurott|Samurott-Hisui, F|100/100
|move|p1a: Kingambit|Kowtow Cleave|p2a: Samurott
|-resisted|p2a: Samurott
|-damage|p2a: Samurott|62/100
|
|-heal|p2a: Samurott|68/100|[from] Grassy Terrain
|-fieldend|move: Grassy Terrain
|upkeep
|turn|6
|
|t:|1760726743
|-end|p1a: Kingambit|fallenundefined|[silent]
|switch|p1a: Weezing|Weezing-Galar, M|93/100
|move|p2a: Samurott|Sacred Sword|p1a: Weezing
|-resisted|p1a: Weezing
|-damage|p1a: Weezing|84/100
|
|upkeep
|turn|7
|
|t:|1760726778
|move|p2a: Samurott|Flip Turn|p1a: Weezing
|-damage|p1a: Weezing|60/100
|
|t:|1760726791
|switch|p2a: Toxtricity|Toxtricity-Low-Key, F|100/100|[from] Flip Turn
|move|p1a: Weezing|Defog|p2a: Toxtricity
|-unboost|p2a: Toxtricity|evasion|1
|-sideend|p1: Supersayan999|Stealth Rock|[from] move: Defog|[of] p1a: Weezing
|
|upkeep
|turn|8
|
|t:|1760726843
|switch|p1a: Skeledirge|Skeledirge, M|100/100
|move|p2a: Toxtricity|Volt Switch|p1a: Skeledirge
|-damage|p1a: Skeledirge|64/100
|
|t:|1760726857
|switch|p2a: Samurott|Samurott-Hisui, F|68/100|[from] Volt Switch
|
|upkeep
|turn|9
|
|t:|1760726866
|switch|p1a: Raging Bolt|Raging Bolt|100/100
|move|p2a: Samurott|Ceaseless Edge|p1a: Raging Bolt
|-damage|p1a: Raging Bolt|72/100
|-sidestart|p1: Supersayan999|Spikes
|
|-heal|p1a: Raging Bolt|78/100|[from] item: Leftovers
|upkeep
|turn|10
|
|t:|1760726875
|switch|p2a: Clodsire|Clodsire, F|94/100 brn
|move|p1a: Raging Bolt|Calm Mind|p1a: Raging Bolt
|-boost|p1a: Raging Bolt|spa|1
|-boost|p1a: Raging Bolt|spd|1
|
|-heal|p1a: Raging Bolt|84/100|[from] item: Leftovers
|-heal|p2a: Clodsire|100/100 brn|[from] item: Leftovers
|-damage|p2a: Clodsire|94/100 brn|[from] brn
|upkeep
|turn|11
|
|t:|1760726888
|move|p1a: Raging Bolt|Dragon Pulse|p2a: Clodsire
|-damage|p2a: Clodsire|57/100 brn
|move|p2a: Clodsire|Toxic|p1a: Raging Bolt
|-status|p1a: Raging Bolt|tox
|
|-heal|p1a: Raging Bolt|90/100 tox|[from] item: Leftovers
|-heal|p2a: Clodsire|63/100 brn|[from] item: Leftovers
|-damage|p1a: Raging Bolt|84/100 tox|[from] psn
|-damage|p2a: Clodsire|57/100 brn|[from] brn
|upkeep
|turn|12
|
|t:|1760726900
|-end|p1a: Raging Bolt|Protosynthesis|[silent]
|switch|p1a: Weezing|Weezing-Galar, M|60/100
|move|p2a: Clodsire|Recover|p2a: Clodsire
|-heal|p2a: Clodsire|100/100 brn
|
|-damage|p2a: Clodsire|94/100 brn|[from] brn
|upkeep
|turn|13
|
|t:|1760726908
|move|p1a: Weezing|Defog|p2a: Clodsire
|-unboost|p2a: Clodsire|evasion|1
|-sideend|p1: Supersayan999|Spikes|[from] move: Defog|[of] p1a: Weezing
|move|p2a: Clodsire|Stealth Rock|p1a: Weezing
|-sidestart|p1: Supersayan999|move: Stealth Rock
|
|-heal|p2a: Clodsire|100/100 brn|[from] item: Leftovers
|-damage|p2a: Clodsire|94/100 brn|[from] brn
|upkeep
|turn|14
|
|t:|1760726918
|switch|p2a: Toxtricity|Toxtricity-Low-Key, F|100/100
|move|p1a: Weezing|Defog|p2a: Toxtricity
|-unboost|p2a: Toxtricity|evasion|1
|-sideend|p1: Supersayan999|Stealth Rock|[from] move: Defog|[of] p1a: Weezing
|
|upkeep
|turn|15
|
|t:|1760726926
|move|p2a: Toxtricity|Volt Switch|p1a: Weezing
|-damage|p1a: Weezing|16/100
|
|t:|1760726932
|switch|p2a: Clodsire|Clodsire, F|94/100 brn|[from] Volt Switch
|move|p1a: Weezing|Pain Split|p2a: Clodsire
|-sethp|p2a: Clodsire|53/100 brn|[from] move: Pain Split|[silent]
|-sethp|p1a: Weezing|74/100|[from] move: Pain Split
|
|-heal|p2a: Clodsire|59/100 brn|[from] item: Leftovers
|-damage|p2a: Clodsire|53/100 brn|[from] brn
|upkeep
|turn|16
|
|t:|1760726953
|move|p1a: Weezing|Sludge Bomb|p2a: Clodsire
|-resisted|p2a: Clodsire
|-damage|p2a: Clodsire|50/100 brn
|move|p2a: Clodsire|Recover|p2a: Clodsire
|-heal|p2a: Clodsire|99/100 brn
|
|-heal|p2a: Clodsire|100/100 brn|[from] item: Leftovers
|-damage|p2a: Clodsire|94/100 brn|[from] brn
|upkeep
|turn|17
|
|t:|1760726963
|switch|p2a: Toxtricity|Toxtricity-Low-Key, F|100/100
|move|p1a: Weezing|Strange Steam|p2a: Toxtricity
|-resisted|p2a: Toxtricity
|-damage|p2a: Toxtricity|79/100
|
|upkeep
|turn|18
|
|t:|1760726970
|move|p2a: Toxtricity|Overdrive|p1a: Weezing
|-damage|p1a: Weezing|6/100
|move|p1a: Weezing|Pain Split|p2a: Toxtricity
|-sethp|p2a: Toxtricity|43/100|[from] move: Pain Split|[silent]
|-sethp|p1a: Weezing|37/100|[from] move: Pain Split
|
|upkeep
|turn|19
|
|t:|1760726982
|switch|p1a: Raging Bolt|Raging Bolt|84/100 tox
|move|p2a: Toxtricity|Overdrive|p1a: Raging Bolt
|-resisted|p1a: Raging Bolt
|-damage|p1a: Raging Bolt|69/100 tox
|
|-heal|p1a: Raging Bolt|75/100 tox|[from] item: Leftovers
|-damage|p1a: Raging Bolt|69/100 tox|[from] psn
|upkeep
|turn|20
|
|t:|1760726997
|switch|p2a: Clodsire|Clodsire, F|94/100 brn
|move|p1a: Raging Bolt|Dragon Pulse|p2a: Clodsire
|-damage|p2a: Clodsire|72/100 brn
|
|-heal|p1a: Raging Bolt|75/100 tox|[from] item: Leftovers
|-heal|p2a: Clodsire|79/100 brn|[from] item: Leftovers
|-damage|p1a: Raging Bolt|63/100 tox|[from] psn
|-damage|p2a: Clodsire|72/100 brn|[from] brn
|upkeep
|turn|21
|
|t:|1760727009
|-end|p1a: Raging Bolt|Protosynthesis|[silent]
|switch|p1a: Weezing|Weezing-Galar, M|37/100
|move|p2a: Clodsire|Stealth Rock|p1a: Weezing
|-sidestart|p1: Supersayan999|move: Stealth Rock
|
|-heal|p2a: Clodsire|79/100 brn|[from] item: Leftovers
|-damage|p2a: Clodsire|72/100 brn|[from] brn
|upkeep
|turn|22
|
|t:|1760727021
|switch|p2a: Toxtricity|Toxtricity-Low-Key, F|43/100
|move|p1a: Weezing|Defog|p2a: Toxtricity
|-unboost|p2a: Toxtricity|evasion|1
|-sideend|p1: Supersayan999|Stealth Rock|[from] move: Defog|[of] p1a: Weezing
|
|upkeep
|turn|23
|
|t:|1760727030
|switch|p1a: Rillaboom|Rillaboom, M|100/100
|-fieldstart|move: Grassy Terrain|[from] ability: Grassy Surge|[of] p1a: Rillaboom
|move|p2a: Toxtricity|Boomburst|p1a: Rillaboom
|-damage|p1a: Rillaboom|0 fnt
|faint|p1a: Rillaboom
|
|-heal|p2a: Toxtricity|49/100|[from] Grassy Terrain
|upkeep
|
|t:|1760727044
|switch|p1a: Kingambit|Kingambit, F|100/100
|-activate|p1a: Kingambit|ability: Supreme Overlord
|-start|p1a: Kingambit|fallen1|[silent]
|turn|24
|
|t:|1760727049
|switch|p2a: Corviknight|Corviknight, F|100/100
|-ability|p2a: Corviknight|Pressure
|move|p1a: Kingambit|Swords Dance|p1a: Kingambit
|-boost|p1a: Kingambit|atk|2
|
|upkeep
|turn|25
|
|t:|1760727059
|-terastallize|p1a: Kingambit|Dark
|move|p2a: Corviknight|Bulk Up|p2a: Corviknight
|-boost|p2a: Corviknight|atk|1
|-boost|p2a: Corviknight|def|1
|move|p1a: Kingambit|Swords Dance|p1a: Kingambit
|-boost|p1a: Kingambit|atk|2
|
|upkeep
|turn|26
|
|t:|1760727067
|move|p2a: Corviknight|Bulk Up|p2a: Corviknight
|-boost|p2a: Corviknight|atk|1
|-boost|p2a: Corviknight|def|1
|move|p1a: Kingambit|Kowtow Cleave|p2a: Corviknight
|-damage|p2a: Corviknight|19/100
|
|-heal|p2a: Corviknight|25/100|[from] item: Leftovers
|upkeep
|turn|27
|
|t:|1760727079
|move|p2a: Corviknight|Body Press|p1a: Kingambit
|-supereffective|p1a: Kingambit
|-damage|p1a: Kingambit|19/100
|move|p1a: Kingambit|Kowtow Cleave|p2a: Corviknight
|-damage|p2a: Corviknight|0 fnt
|faint|p2a: Corviknight
|
|-heal|p1a: Kingambit|25/100|[from] Grassy Terrain
|-fieldend|move: Grassy Terrain
|upkeep
|
|t:|1760727088
|switch|p2a: Meowscarada|Meowscarada, M|100/100
|turn|28
|
|t:|1760727092
|move|p1a: Kingambit|Sucker Punch||[still]
|-fail|p1a: Kingambit
|move|p2a: Meowscarada|Trick|p1a: Kingambit
|-start|p2a: Meowscarada|typechange|Psychic|[from] ability: Protean
|-activate|p2a: Meowscarada|move: Trick|[of] p1a: Kingambit
|-item|p1a: Kingambit|Choice Scarf|[from] move: Trick
|-item|p2a: Meowscarada|Black Glasses|[from] move: Trick
|
|upkeep
|turn|29
|
|t:|1760727108
|switch|p2a: Clodsire|Clodsire, F|72/100 brn
|move|p1a: Kingambit|Sucker Punch||[still]
|-fail|p1a: Kingambit
|
|-heal|p2a: Clodsire|79/100 brn|[from] item: Leftovers
|-damage|p2a: Clodsire|72/100 brn|[from] brn
|upkeep
|turn|30
|
|t:|1760727128
|-end|p1a: Kingambit|fallen1|[silent]
|switch|p1a: Weezing|Weezing-Galar, M|37/100
|move|p2a: Clodsire|Stealth Rock|p1a: Weezing
|-sidestart|p1: Supersayan999|move: Stealth Rock
|
|-heal|p2a: Clodsire|79/100 brn|[from] item: Leftovers
|-damage|p2a: Clodsire|72/100 brn|[from] brn
|upkeep
|turn|31
|
|t:|1760727140
|switch|p2a: Toxtricity|Toxtricity-Low-Key, F|49/100
|move|p1a: Weezing|Defog|p2a: Toxtricity
|-unboost|p2a: Toxtricity|evasion|1
|-sideend|p1: Supersayan999|Stealth Rock|[from] move: Defog|[of] p1a: Weezing
|
|upkeep
|turn|32
|
|t:|1760727151
|switch|p1a: Raging Bolt|Raging Bolt|63/100 tox
|move|p2a: Toxtricity|Overdrive|p1a: Raging Bolt
|-resisted|p1a: Raging Bolt
|-damage|p1a: Raging Bolt|48/100 tox
|
|-heal|p1a: Raging Bolt|54/100 tox|[from] item: Leftovers
|-damage|p1a: Raging Bolt|48/100 tox|[from] psn
|upkeep
|turn|33
|
|t:|1760727161
|switch|p2a: Clodsire|Clodsire, F|72/100 brn
|move|p1a: Raging Bolt|Dragon Pulse|p2a: Clodsire
|-damage|p2a: Clodsire|47/100 brn
|
|-heal|p1a: Raging Bolt|54/100 tox|[from] item: Leftovers
|-heal|p2a: Clodsire|53/100 brn|[from] item: Leftovers
|-damage|p1a: Raging Bolt|42/100 tox|[from] psn
|-damage|p2a: Clodsire|47/100 brn|[from] brn
|upkeep
|turn|34
|
|t:|1760727174
|-end|p1a: Raging Bolt|Protosynthesis|[silent]
|switch|p1a: Kingambit|Kingambit, F, tera:Dark|25/100
|-activate|p1a: Kingambit|ability: Supreme Overlord
|-start|p1a: Kingambit|fallen1|[silent]
|move|p2a: Clodsire|Recover|p2a: Clodsire
|-heal|p2a: Clodsire|97/100 brn
|
|-heal|p2a: Clodsire|100/100 brn|[from] item: Leftovers
|-damage|p2a: Clodsire|94/100 brn|[from] brn
|upkeep
|turn|35
|
|t:|1760727185
|switch|p2a: Samurott|Samurott-Hisui, F|68/100
|move|p1a: Kingambit|Kowtow Cleave|p2a: Samurott
|-resisted|p2a: Samurott
|-damage|p2a: Samurott|24/100
|
|upkeep
|turn|36
|
|t:|1760727212
|switch|p2a: Meowscarada|Meowscarada, M|100/100
|-end|p1a: Kingambit|fallen1|[silent]
|switch|p1a: Raging Bolt|Raging Bolt|42/100 tox
|
|-heal|p1a: Raging Bolt|48/100 tox|[from] item: Leftovers
|-damage|p1a: Raging Bolt|42/100 tox|[from] psn
|upkeep
|turn|37
|
|t:|1760727238
|move|p2a: Meowscarada|Knock Off|p1a: Raging Bolt
|-start|p2a: Meowscarada|typechange|Dark|[from] ability: Protean
|-damage|p1a: Raging Bolt|6/100 tox
|-enditem|p1a: Raging Bolt|Leftovers|[from] move: Knock Off|[of] p2a: Meowscarada
|move|p1a: Raging Bolt|Dragon Pulse|p2a: Meowscarada
|-damage|p2a: Meowscarada|34/100
|
|-damage|p1a: Raging Bolt|0 fnt|[from] psn
|faint|p1a: Raging Bolt
|-end|p1a: Raging Bolt|Protosynthesis|[silent]
|upkeep
|
|t:|1760727251
|switch|p1a: Dragonite|Dragonite, M|100/100
|turn|38
|
|t:|1760727261
|move|p2a: Meowscarada|Knock Off|p1a: Dragonite
|-crit|p1a: Dragonite
|-damage|p1a: Dragonite|53/100
|-enditem|p1a: Dragonite|Silk Scarf|[from] move: Knock Off|[of] p2a: Meowscarada
|move|p1a: Dragonite|Dragon Dance|p1a: Dragonite
|-boost|p1a: Dragonite|atk|1
|-boost|p1a: Dragonite|spe|1
|
|upkeep
|turn|39
|-message|Supa Dupa Hoopa forfeited.
|
|win|Supersayan999
|raw|Supersayan999's rating: 1453 &rarr; <strong>1474</strong><br />(+21 for winning)
|raw|Supa Dupa Hoopa's rating: 1475 &rarr; <strong>1454</strong><br />(-21 for losing)
|l|☆Supa Dupa Hoopa
|player|p2|
