|j|☆gock glocker
|j|☆quoge gaming
|t:|1760847220
|gametype|singles
|player|p1|gock glocker|101|1528
|player|p2|quoge gaming|clay|1505
|gen|9
|tier|[Gen 9] OU
|rated|
|rule|HP Percentage Mod: HP is shown in percentages
|rule|Endless Battle Clause: Forcing endless battles is banned
|rule|Species Clause: Limit one of each Pokémon
|rule|OHKO Clause: OHKO moves are banned
|rule|Evasion Items Clause: Evasion items are banned
|rule|Evasion Moves Clause: Evasion moves are banned
|rule|Evasion Abilities Clause: Evasion abilities are banned
|rule|Sleep Moves Clause: Sleep-inducing moves are banned
|clearpoke
|poke|p1|Pecharunt|
|poke|p1|Garganacl, M|
|poke|p1|Hatterene, F|
|poke|p1|Iron Treads|
|poke|p1|Samurott-Hisui, F|
|poke|p1|Dragonite, M|
|poke|p2|Kingambit, F|
|poke|p2|Cinderace, F|
|poke|p2|Landorus-Therian, M|
|poke|p2|Iron Valiant|
|poke|p2|Kyurem|
|poke|p2|Slowking-Galar, M|
|teampreview
|inactive|Battle timer is ON: inactive players will automatically lose when time's up. (requested by gock glocker)
|inactive|gock glocker has 120 seconds left.
|inactive|quoge gaming has 120 seconds left.
|inactive|gock glocker has 90 seconds left.
|
|t:|1760847300
|teamsize|p1|6
|teamsize|p2|6
|start
|switch|p1a: Samurott|Samurott-Hisui, F|100/100
|switch|p2a: Kyurem|Kyurem, shiny|100/100
|-ability|p2a: Kyurem|Pressure
|turn|1
|
|t:|1760847309
|switch|p1a: Garganacl|Garganacl, M|100/100
|move|p2a: Kyurem|Substitute|p2a: Kyurem
|-start|p2a: Kyurem|Substitute
|-damage|p2a: Kyurem|76/100
|
|-heal|p2a: Kyurem|82/100|[from] item: Leftovers
|upkeep
|turn|2
|
|t:|1760847314
|move|p2a: Kyurem|Earth Power|p1a: Garganacl
|-supereffective|p1a: Garganacl
|-damage|p1a: Garganacl|57/100
|move|p1a: Garganacl|Salt Cure|p2a: Kyurem
|-supereffective|p2a: Kyurem
|-end|p2a: Kyurem|Substitute
|
|-heal|p2a: Kyurem|88/100|[from] item: Leftovers
|-heal|p1a: Garganacl|64/100|[from] item: Leftovers
|upkeep
|turn|3
|
|t:|1760847327
|switch|p2a: Landorus|Landorus-Therian, M, shiny|100/100
|-ability|p2a: Landorus|Intimidate|boost
|-unboost|p1a: Garganacl|atk|1
|move|p1a: Garganacl|Recover|p1a: Garganacl
|-heal|p1a: Garganacl|100/100
|
|upkeep
|turn|4
|
|t:|1760847356
|switch|p1a: Hatterene|Hatterene, F|100/100
|move|p2a: Landorus|Earthquake|p1a: Hatterene
|-damage|p1a: Hatterene|60/100
|
|upkeep
|turn|5
|
|t:|1760847367
|move|p2a: Landorus|Earthquake|p1a: Hatterene
|-damage|p1a: Hatterene|21/100
|move|p1a: Hatterene|Pain Split|p2a: Landorus
|-sethp|p2a: Landorus|61/100|[from] move: Pain Split|[silent]
|-sethp|p1a: Hatterene|61/100|[from] move: Pain Split
|
|upkeep
|turn|6
|
|t:|1760847383
|move|p2a: Landorus|U-turn|p1a: Hatterene
|-damage|p1a: Hatterene|43/100
|-damage|p2a: Landorus|44/100|[from] item: Rocky Helmet|[of] p1a: Hatterene
|
|t:|1760847391
|switch|p2a: Slowking|Slowking-Galar, M, shiny|100/100|[from] U-turn
|move|p1a: Hatterene|Pain Split|p2a: Slowking
|-sethp|p2a: Slowking|68/100|[from] move: Pain Split|[silent]
|-sethp|p1a: Hatterene|84/100|[from] move: Pain Split
|
|upkeep
|turn|7
|inactive|gock glocker has 120 seconds left.
|inactive|gock glocker has 90 seconds left.
|inactive|gock glocker has 60 seconds left.
|
|t:|1760847475
|switch|p1a: Garganacl|Garganacl, M|100/100
|-prepare|p2a: Slowking|Chilly Reception|[premajor]
|move|p2a: Slowking|Chilly Reception|p2a: Slowking
|-weather|Snowscape
|
|t:|1760847488
|switch|p2a: Landorus|Landorus-Therian, M, shiny|44/100|[from] Chilly Reception
|-ability|p2a: Landorus|Intimidate|boost
|-unboost|p1a: Garganacl|atk|1
|
|-weather|Snowscape|[upkeep]
|upkeep
|turn|8
|inactive|gock glocker has 60 seconds left.
|inactive|gock glocker has 30 seconds left.
|inactive|gock glocker has 20 seconds left.
|
|t:|1760847547
|switch|p1a: Hatterene|Hatterene, F|84/100
|move|p2a: Landorus|Earthquake|p1a: Hatterene
|-damage|p1a: Hatterene|45/100
|
|-weather|Snowscape|[upkeep]
|upkeep
|turn|9
|inactive|gock glocker has 30 seconds left this turn.
|inactive|gock glocker has 20 seconds left.
|
|t:|1760847560
|move|p2a: Landorus|Earthquake|p1a: Hatterene
|-damage|p1a: Hatterene|3/100
|move|p1a: Hatterene|Draining Kiss|p2a: Landorus
|-crit|p2a: Landorus
|-damage|p2a: Landorus|4/100
|-heal|p1a: Hatterene|33/100|[from] drain|[of] p2a: Landorus
|-damage|p1a: Hatterene|17/100|[from] item: Rocky Helmet|[of] p2a: Landorus
|
|-weather|Snowscape|[upkeep]
|upkeep
|turn|10
|inactive|gock glocker has 30 seconds left this turn.
|
|t:|1760847565
|move|p2a: Landorus|Earthquake|p1a: Hatterene
|-damage|p1a: Hatterene|0 fnt
|faint|p1a: Hatterene
|
|-weather|Snowscape|[upkeep]
|upkeep
|
|t:|1760847568
|switch|p1a: Samurott|Samurott-Hisui, F|100/100
|turn|11
|
|t:|1760847575
|move|p1a: Samurott|Ceaseless Edge|p2a: Landorus
|-crit|p2a: Landorus
|-damage|p2a: Landorus|0 fnt
|-damage|p1a: Samurott|84/100|[from] item: Rocky Helmet|[of] p2a: Landorus
|-sidestart|p2: quoge gaming|Spikes
|faint|p2a: Landorus
|
|-weather|none
|upkeep
|
|t:|1760847583
|switch|p2a: Cinderace|Cinderace, F, shiny|100/100
|turn|12
|
|t:|1760847598
|move|p1a: Samurott|Ceaseless Edge|p2a: Cinderace
|-damage|p2a: Cinderace|45/100
|-sidestart|p2: quoge gaming|Spikes
|move|p2a: Cinderace|U-turn|p1a: Samurott
|-supereffective|p1a: Samurott
|-damage|p1a: Samurott|39/100
|
|t:|1760847618
|switch|p2a: Kingambit|Kingambit, F|100/100|[from] U-turn
|-damage|p2a: Kingambit|84/100|[from] Spikes
|-activate|p2a: Kingambit|ability: Supreme Overlord
|-start|p2a: Kingambit|fallen1|[silent]
|
|-heal|p2a: Kingambit|90/100|[from] item: Leftovers
|upkeep
|turn|13
|inactive|gock glocker has 30 seconds left.
|
|t:|1760847649
|switch|p1a: Iron Treads|Iron Treads|100/100
|move|p2a: Kingambit|Kowtow Cleave|p1a: Iron Treads
|-damage|p1a: Iron Treads|59/100
|
|-heal|p1a: Iron Treads|65/100|[from] item: Leftovers
|-heal|p2a: Kingambit|96/100|[from] item: Leftovers
|upkeep
|turn|14
|inactive|quoge gaming has 120 seconds left.
|
|t:|1760847679
|-end|p2a: Kingambit|fallen1|[silent]
|switch|p2a: Kyurem|Kyurem, shiny|88/100
|-damage|p2a: Kyurem|71/100|[from] Spikes
|-ability|p2a: Kyurem|Pressure
|move|p1a: Iron Treads|Earthquake|p2a: Kyurem
|-damage|p2a: Kyurem|38/100
|
|-heal|p2a: Kyurem|44/100|[from] item: Leftovers
|-heal|p1a: Iron Treads|72/100|[from] item: Leftovers
|upkeep
|turn|15
|inactive|quoge gaming has 120 seconds left.
|inactive|gock glocker has 30 seconds left.
|inactive|gock glocker has 20 seconds left.
|
|t:|1760847711
|move|p2a: Kyurem|Protect|p2a: Kyurem
|-singleturn|p2a: Kyurem|Protect
|move|p1a: Iron Treads|Earthquake|p2a: Kyurem
|-activate|p2a: Kyurem|move: Protect
|
|-heal|p2a: Kyurem|50/100|[from] item: Leftovers
|-heal|p1a: Iron Treads|78/100|[from] item: Leftovers
|upkeep
|turn|16
|inactive|gock glocker has 30 seconds left this turn.
|
|t:|1760847720
|move|p2a: Kyurem|Earth Power|p1a: Iron Treads
|-supereffective|p1a: Iron Treads
|-damage|p1a: Iron Treads|22/100
|move|p1a: Iron Treads|Earthquake|p2a: Kyurem
|-damage|p2a: Kyurem|14/100
|
|-heal|p2a: Kyurem|20/100|[from] item: Leftovers
|-heal|p1a: Iron Treads|28/100|[from] item: Leftovers
|upkeep
|turn|17
|inactive|gock glocker has 30 seconds left.
|inactive|quoge gaming has 120 seconds left.
|
|t:|1760847747
|-end|p1a: Iron Treads|Quark Drive|[silent]
|switch|p1a: Samurott|Samurott-Hisui, F|39/100
|move|p2a: Kyurem|Earth Power|p1a: Samurott
|-damage|p1a: Samurott|0 fnt
|faint|p1a: Samurott
|
|-heal|p2a: Kyurem|26/100|[from] item: Leftovers
|upkeep
|inactive|gock glocker has 30 seconds left this turn.
|inactive|gock glocker has 20 seconds left.
|
|t:|1760847760
|switch|p1a: Garganacl|Garganacl, M|100/100
|turn|18
|inactive|gock glocker has 30 seconds left this turn.
|inactive|quoge gaming has 120 seconds left.
|
|t:|1760847782
|move|p2a: Kyurem|Earth Power|p1a: Garganacl
|-supereffective|p1a: Garganacl
|-damage|p1a: Garganacl|60/100
|move|p1a: Garganacl|Salt Cure|p2a: Kyurem
|-supereffective|p2a: Kyurem
|-damage|p2a: Kyurem|2/100
|-start|p2a: Kyurem|Salt Cure
|
|-heal|p2a: Kyurem|8/100|[from] item: Leftovers
|-heal|p1a: Garganacl|67/100|[from] item: Leftovers
|-damage|p2a: Kyurem|0 fnt|[from] Salt Cure
|faint|p2a: Kyurem
|upkeep
|
|t:|1760847796
|switch|p2a: Kingambit|Kingambit, F|96/100
|-damage|p2a: Kingambit|80/100|[from] Spikes
|-activate|p2a: Kingambit|ability: Supreme Overlord
|-start|p2a: Kingambit|fallen2|[silent]
|turn|19
|
|t:|1760847804
|move|p2a: Kingambit|Iron Head|p1a: Garganacl
|-supereffective|p1a: Garganacl
|-damage|p1a: Garganacl|0 fnt
|faint|p1a: Garganacl
|
|-heal|p2a: Kingambit|86/100|[from] item: Leftovers
|upkeep
|
|t:|1760847812
|switch|p1a: Iron Treads|Iron Treads|28/100
|turn|20
|
|t:|1760847821
|-end|p2a: Kingambit|fallen2|[silent]
|switch|p2a: Slowking|Slowking-Galar, M, shiny|100/100
|move|p1a: Iron Treads|Stealth Rock|p2a: Slowking
|-sidestart|p2: quoge gaming|move: Stealth Rock
|
|-heal|p1a: Iron Treads|35/100|[from] item: Leftovers
|upkeep
|turn|21
|
|t:|1760847836
|move|p1a: Iron Treads|Earthquake|p2a: Slowking
|-supereffective|p2a: Slowking
|-damage|p2a: Slowking|21/100
|move|p2a: Slowking|Psychic Noise|p1a: Iron Treads
|-resisted|p1a: Iron Treads
|-damage|p1a: Iron Treads|22/100
|-start|p1a: Iron Treads|move: Heal Block
|
|upkeep
|turn|22
|inactive|gock glocker has 60 seconds left.
|
|t:|1760847848
|move|p1a: Iron Treads|Rapid Spin|p2a: Slowking
|-damage|p2a: Slowking|7/100
|-boost|p1a: Iron Treads|spe|1
|move|p2a: Slowking|Psychic Noise|p1a: Iron Treads
|-resisted|p1a: Iron Treads
|-damage|p1a: Iron Treads|8/100
|
|-end|p1a: Iron Treads|move: Heal Block
|upkeep
|turn|23
|inactive|quoge gaming has 120 seconds left.
|
|t:|1760847867
|move|p1a: Iron Treads|Earthquake|p2a: Slowking
|-supereffective|p2a: Slowking
|-damage|p2a: Slowking|0 fnt
|faint|p2a: Slowking
|
|-heal|p1a: Iron Treads|14/100|[from] item: Leftovers
|upkeep
|inactive|quoge gaming has 120 seconds left.
|
|t:|1760847873
|switch|p2a: Iron Valiant|Iron Valiant|100/100
|-damage|p2a: Iron Valiant|84/100|[from] Spikes
|-damage|p2a: Iron Valiant|78/100|[from] Stealth Rock
|-enditem|p2a: Iron Valiant|Booster Energy
|-activate|p2a: Iron Valiant|ability: Quark Drive|[fromitem]
|-start|p2a: Iron Valiant|quarkdrivespe
|turn|24
|inactive|gock glocker has 60 seconds left.
|
|t:|1760847894
|move|p2a: Iron Valiant|Calm Mind|p2a: Iron Valiant
|-boost|p2a: Iron Valiant|spa|1
|-boost|p2a: Iron Valiant|spd|1
|move|p1a: Iron Treads|Earthquake|p2a: Iron Valiant
|-damage|p2a: Iron Valiant|25/100
|
|-heal|p1a: Iron Treads|20/100|[from] item: Leftovers
|upkeep
|turn|25
|inactive|quoge gaming has 120 seconds left.
|
|t:|1760847911
|move|p2a: Iron Valiant|Shadow Ball|p1a: Iron Treads
|-damage|p1a: Iron Treads|0 fnt
|faint|p1a: Iron Treads
|-end|p1a: Iron Treads|Quark Drive|[silent]
|
|upkeep
|
|t:|1760847913
|switch|p1a: Pecharunt|Pecharunt|100/100
|turn|26
|
|t:|1760847921
|move|p2a: Iron Valiant|Shadow Ball|p1a: Pecharunt
|-supereffective|p1a: Pecharunt
|-damage|p1a: Pecharunt|28/100
|move|p1a: Pecharunt|Shadow Ball|p2a: Iron Valiant
|-damage|p2a: Iron Valiant|0 fnt
|faint|p2a: Iron Valiant
|-end|p2a: Iron Valiant|Quark Drive|[silent]
|
|upkeep
|
|t:|1760847927
|switch|p2a: Cinderace|Cinderace, F, shiny|45/100
|turn|27
|inactive|gock glocker has 90 seconds left.
|inactive|gock glocker has 60 seconds left.
|inactive|gock glocker has 30 seconds left.
|
|t:|1760847992
|move|p2a: Cinderace|Court Change|p2a: Cinderace
|-swapsideconditions
|-activate|p2a: Cinderace|move: Court Change
|move|p1a: Pecharunt|Recover|p1a: Pecharunt
|-heal|p1a: Pecharunt|78/100
|
|upkeep
|turn|28
|
|t:|1760847997
|move|p2a: Cinderace|Will-O-Wisp|p1a: Pecharunt
|-status|p1a: Pecharunt|brn
|move|p1a: Pecharunt|Nasty Plot|p1a: Pecharunt
|-boost|p1a: Pecharunt|spa|2
|
|-damage|p1a: Pecharunt|72/100 brn|[from] brn
|upkeep
|turn|29
|
|t:|1760848001
|move|p2a: Cinderace|Pyro Ball|p1a: Pecharunt
|-damage|p1a: Pecharunt|44/100 brn
|move|p1a: Pecharunt|Recover|p1a: Pecharunt
|-heal|p1a: Pecharunt|94/100 brn
|
|-damage|p1a: Pecharunt|88/100 brn|[from] brn
|upkeep
|turn|30
|
|t:|1760848004
|move|p2a: Cinderace|Pyro Ball|p1a: Pecharunt
|-damage|p1a: Pecharunt|62/100 brn
|move|p1a: Pecharunt|Nasty Plot|p1a: Pecharunt
|-boost|p1a: Pecharunt|spa|2
|
|-damage|p1a: Pecharunt|55/100 brn|[from] brn
|upkeep
|turn|31
|
|t:|1760848007
|move|p2a: Cinderace|Pyro Ball|p1a: Pecharunt
|-damage|p1a: Pecharunt|25/100 brn
|move|p1a: Pecharunt|Recover|p1a: Pecharunt
|-heal|p1a: Pecharunt|75/100 brn
|
|-damage|p1a: Pecharunt|69/100 brn|[from] brn
|upkeep
|turn|32
|
|t:|1760848010
|move|p2a: Cinderace|Pyro Ball|p1a: Pecharunt
|-damage|p1a: Pecharunt|43/100 brn
|move|p1a: Pecharunt|Recover|p1a: Pecharunt
|-heal|p1a: Pecharunt|93/100 brn
|
|-damage|p1a: Pecharunt|87/100 brn|[from] brn
|upkeep
|turn|33
|
|t:|1760848014
|move|p2a: Cinderace|Pyro Ball|p1a: Pecharunt
|-damage|p1a: Pecharunt|59/100 brn
|move|p1a: Pecharunt|Shadow Ball|p2a: Cinderace
|-damage|p2a: Cinderace|0 fnt
|faint|p2a: Cinderace
|
|-damage|p1a: Pecharunt|53/100 brn|[from] brn
|upkeep
|
|t:|1760848018
|switch|p2a: Kingambit|Kingambit, F|86/100
|-activate|p2a: Kingambit|ability: Supreme Overlord
|-start|p2a: Kingambit|fallen5|[silent]
|turn|34
|
|t:|1760848024
|move|p2a: Kingambit|Sucker Punch|p1a: Pecharunt
|-supereffective|p1a: Pecharunt
|-damage|p1a: Pecharunt|0 fnt
|faint|p1a: Pecharunt
|
|-heal|p2a: Kingambit|92/100|[from] item: Leftovers
|upkeep
|
|t:|1760848026
|switch|p1a: Dragonite|Dragonite, M|100/100
|-damage|p1a: Dragonite|76/100|[from] Stealth Rock
|turn|35
|
|t:|1760848036
|move|p1a: Dragonite|Encore|p2a: Kingambit
|-start|p2a: Kingambit|Encore
|move|p2a: Kingambit|Sucker Punch||[still]
|-fail|p2a: Kingambit
|
|-heal|p2a: Kingambit|99/100|[from] item: Leftovers
|upkeep
|turn|36
|c|☆gock glocker|gg
|
|t:|1760848042
|move|p2a: Kingambit|Sucker Punch||[still]
|-fail|p2a: Kingambit
|move|p1a: Dragonite|Dragon Dance|p1a: Dragonite
|-boost|p1a: Dragonite|atk|1
|-boost|p1a: Dragonite|spe|1
|
|-heal|p2a: Kingambit|100/100|[from] item: Leftovers
|upkeep
|turn|37
|
|t:|1760848047
|-terastallize|p2a: Kingambit|Flying
|move|p2a: Kingambit|Sucker Punch||[still]
|-fail|p2a: Kingambit
|move|p1a: Dragonite|Dragon Dance|p1a: Dragonite
|-boost|p1a: Dragonite|atk|1
|-boost|p1a: Dragonite|spe|1
|
|-end|p2a: Kingambit|Encore
|upkeep
|turn|38
|
|t:|1760848051
|move|p2a: Kingambit|Sucker Punch||[still]
|-fail|p2a: Kingambit
|move|p1a: Dragonite|Encore|p2a: Kingambit
|-start|p2a: Kingambit|Encore
|
|upkeep
|turn|39
|
|t:|1760848053
|move|p2a: Kingambit|Sucker Punch||[still]
|-fail|p2a: Kingambit
|move|p1a: Dragonite|Dragon Dance|p1a: Dragonite
|-boost|p1a: Dragonite|atk|1
|-boost|p1a: Dragonite|spe|1
|
|upkeep
|turn|40
|
|t:|1760848055
|move|p2a: Kingambit|Sucker Punch||[still]
|-fail|p2a: Kingambit
|move|p1a: Dragonite|Dragon Dance|p1a: Dragonite
|-boost|p1a: Dragonite|atk|1
|-boost|p1a: Dragonite|spe|1
|
|upkeep
|turn|41
|
|t:|1760848063
|move|p2a: Kingambit|Sucker Punch||[still]
|-fail|p2a: Kingambit
|move|p1a: Dragonite|Dragon Dance|p1a: Dragonite
|-boost|p1a: Dragonite|atk|1
|-boost|p1a: Dragonite|spe|1
|
|-end|p2a: Kingambit|Encore
|upkeep
|turn|42
|
|t:|1760848078
|-terastallize|p1a: Dragonite|Fire
|move|p1a: Dragonite|Fire Punch|p2a: Kingambit
|-damage|p2a: Kingambit|0 fnt
|faint|p2a: Kingambit
|-end|p2a: Kingambit|fallen5|[silent]
|
|win|gock glocker
|raw|gock glocker's rating: 1528 &rarr; <strong>1547</strong><br />(+19 for winning)
|raw|quoge gaming's rating: 1505 &rarr; <strong>1486</strong><br />(-19 for losing)
|l|☆quoge gaming
|player|p2|
