|j|☆daughterofcain
|j|☆Lmanzz
|t:|1760794216
|gametype|singles
|player|p1|daughterofcain|lady|1308
|player|p2|Lmanzz|170|1285
|gen|9
|tier|[Gen 9] OU
|rated|
|rule|HP Percentage Mod: HP is shown in percentages
|rule|Endless Battle Clause: Forcing endless battles is banned
|rule|Species Clause: Limit one of each Pokémon
|rule|OHKO Clause: OHKO moves are banned
|rule|Evasion Items Clause: Evasion items are banned
|rule|Evasion Moves Clause: Evasion moves are banned
|rule|Evasion Abilities Clause: Evasion abilities are banned
|rule|Sleep Moves Clause: Sleep-inducing moves are banned
|clearpoke
|poke|p1|Salazzle, F|
|poke|p1|Alomomola, M|
|poke|p1|Sinistcha|
|poke|p1|Ting-Lu|
|poke|p1|Great Tusk|
|poke|p1|Tornadus-Therian, M|
|poke|p2|Alomomola, F|
|poke|p2|Blissey, F|
|poke|p2|Clodsire, M|
|poke|p2|Clefable, F|
|poke|p2|Trevenant, F|
|poke|p2|Hydrapple, M|
|teampreview
|inactive|Battle timer is ON: inactive players will automatically lose when time's up. (requested by Lmanzz)
|
|t:|1760794222
|teamsize|p1|6
|teamsize|p2|6
|start
|switch|p1a: Salazzle|Salazzle, F|100/100
|switch|p2a: Clefable|Clefable, F|100/100
|turn|1
|
|t:|1760794226
|switch|p2a: Clodsire|Clodsire, M|100/100
|move|p1a: Salazzle|Sludge Bomb|p2a: Clodsire
|-resisted|p2a: Clodsire
|-damage|p2a: Clodsire|95/100
|-status|p2a: Clodsire|psn
|
|-heal|p2a: Clodsire|100/100 psn|[from] item: Leftovers
|-damage|p2a: Clodsire|88/100 psn|[from] psn
|upkeep
|turn|2
|
|t:|1760794234
|switch|p1a: Ting-Lu|Ting-Lu|100/100
|-ability|p1a: Ting-Lu|Vessel of Ruin
|move|p2a: Clodsire|Earthquake|p1a: Ting-Lu
|-damage|p1a: Ting-Lu|86/100
|
|-heal|p1a: Ting-Lu|92/100|[from] item: Leftovers
|-heal|p2a: Clodsire|94/100 psn|[from] item: Leftovers
|-damage|p2a: Clodsire|82/100 psn|[from] psn
|upkeep
|turn|3
|
|t:|1760794246
|switch|p2a: Clefable|Clefable, F|100/100
|move|p1a: Ting-Lu|Spikes|p2a: Clefable
|-sidestart|p2: Lmanzz|Spikes
|
|-heal|p1a: Ting-Lu|98/100|[from] item: Leftovers
|upkeep
|turn|4
|
|t:|1760794252
|move|p2a: Clefable|Stealth Rock|p1a: Ting-Lu
|-sidestart|p1: daughterofcain|move: Stealth Rock
|move|p1a: Ting-Lu|Whirlwind|p2a: Clefable
|drag|p2a: Clodsire|Clodsire, M|82/100 psn
|-damage|p2a: Clodsire|69/100 psn|[from] Spikes
|
|-heal|p1a: Ting-Lu|100/100|[from] item: Leftovers
|-heal|p2a: Clodsire|75/100 psn|[from] item: Leftovers
|-damage|p2a: Clodsire|63/100 psn|[from] psn
|upkeep
|turn|5
|
|t:|1760794257
|switch|p2a: Hydrapple|Hydrapple, M|100/100
|move|p1a: Ting-Lu|Earthquake|p2a: Hydrapple
|-resisted|p2a: Hydrapple
|-damage|p2a: Hydrapple|89/100
|
|upkeep
|turn|6
|
|t:|1760794265
|move|p1a: Ting-Lu|Spikes|p2a: Hydrapple
|-sidestart|p2: Lmanzz|Spikes
|move|p2a: Hydrapple|Fickle Beam|p1a: Ting-Lu|[anim] Fickle Beam All Out
|-activate|p2a: Hydrapple|move: Fickle Beam
|-damage|p1a: Ting-Lu|70/100
|
|-heal|p1a: Ting-Lu|76/100|[from] item: Leftovers
|upkeep
|turn|7
|
|t:|1760794269
|move|p2a: Hydrapple|Fickle Beam|p1a: Ting-Lu|[anim] Fickle Beam All Out
|-activate|p2a: Hydrapple|move: Fickle Beam
|-damage|p1a: Ting-Lu|50/100
|move|p1a: Ting-Lu|Whirlwind|p2a: Hydrapple
|drag|p2a: Clodsire|Clodsire, M|63/100 psn
|-damage|p2a: Clodsire|46/100 psn|[from] Spikes
|
|-heal|p1a: Ting-Lu|56/100|[from] item: Leftovers
|-heal|p2a: Clodsire|53/100 psn|[from] item: Leftovers
|-damage|p2a: Clodsire|40/100 psn|[from] psn
|upkeep
|turn|8
|
|t:|1760794275
|move|p2a: Clodsire|Recover|p2a: Clodsire
|-heal|p2a: Clodsire|90/100 psn
|move|p1a: Ting-Lu|Whirlwind|p2a: Clodsire
|drag|p2a: Alomomola|Alomomola, F|100/100
|
|-heal|p1a: Ting-Lu|62/100|[from] item: Leftovers
|upkeep
|turn|9
|
|t:|1760794283
|move|p1a: Ting-Lu|Spikes|p2a: Alomomola
|-sidestart|p2: Lmanzz|Spikes
|move|p2a: Alomomola|Scald|p1a: Ting-Lu
|-supereffective|p1a: Ting-Lu
|-damage|p1a: Ting-Lu|51/100
|
|-heal|p1a: Ting-Lu|57/100|[from] item: Leftovers
|upkeep
|turn|10
|
|t:|1760794287
|switch|p1a: Sinistcha|Sinistcha|100/100
|move|p2a: Alomomola|Scald|p1a: Sinistcha
|-resisted|p1a: Sinistcha
|-damage|p1a: Sinistcha|92/100
|
|upkeep
|turn|11
|
|t:|1760794294
|switch|p2a: Blissey|Blissey, F|100/100
|move|p1a: Sinistcha|Matcha Gotcha|p2a: Blissey
|-damage|p2a: Blissey|87/100
|-heal|p1a: Sinistcha|100/100|[from] drain|[of] p2a: Blissey
|
|upkeep
|turn|12
|
|t:|1760794300
|switch|p1a: Tornadus|Tornadus-Therian, M|100/100
|move|p2a: Blissey|Thunder Wave|p1a: Tornadus
|-status|p1a: Tornadus|par
|
|upkeep
|turn|13
|
|t:|1760794316
|switch|p2a: Clefable|Clefable, F|100/100
|move|p1a: Tornadus|Knock Off|p2a: Clefable
|-resisted|p2a: Clefable
|-damage|p2a: Clefable|93/100
|-enditem|p2a: Clefable|Leftovers|[from] move: Knock Off|[of] p1a: Tornadus
|
|upkeep
|turn|14
|
|t:|1760794323
|move|p1a: Tornadus|U-turn|p2a: Clefable
|-resisted|p2a: Clefable
|-damage|p2a: Clefable|87/100
|
|t:|1760794326
|switch|p1a: Salazzle|Salazzle, F|100/100|[from] U-turn
|move|p2a: Clefable|Knock Off|p1a: Salazzle
|-damage|p1a: Salazzle|73/100
|-enditem|p1a: Salazzle|Heavy-Duty Boots|[from] move: Knock Off|[of] p2a: Clefable
|
|upkeep
|turn|15
|
|t:|1760794339
|switch|p2a: Clodsire|Clodsire, M|90/100 psn
|-damage|p2a: Clodsire|65/100 psn|[from] Spikes
|move|p1a: Salazzle|Fire Blast|p2a: Clodsire
|-damage|p2a: Clodsire|37/100 psn
|
|-heal|p2a: Clodsire|43/100 psn|[from] item: Leftovers
|-damage|p2a: Clodsire|30/100 psn|[from] psn
|upkeep
|turn|16
|
|t:|1760794360
|switch|p1a: Alomomola|Alomomola, M|100/100
|move|p2a: Clodsire|Recover|p2a: Clodsire
|-heal|p2a: Clodsire|80/100 psn
|
|-heal|p2a: Clodsire|87/100 psn|[from] item: Leftovers
|-damage|p2a: Clodsire|74/100 psn|[from] psn
|upkeep
|turn|17
|
|t:|1760794364
|move|p1a: Alomomola|Wish|p1a: Alomomola
|move|p2a: Clodsire|Toxic|p1a: Alomomola
|-status|p1a: Alomomola|tox
|
|-heal|p2a: Clodsire|80/100 psn|[from] item: Leftovers
|-damage|p1a: Alomomola|94/100 tox|[from] psn
|-damage|p2a: Clodsire|68/100 psn|[from] psn
|upkeep
|turn|18
|inactive|Lmanzz has 120 seconds left.
|
|t:|1760794403
|move|p1a: Alomomola|Flip Turn|p2a: Clodsire
|-supereffective|p2a: Clodsire
|-damage|p2a: Clodsire|30/100 psn
|
|t:|1760794415
|switch|p1a: Ting-Lu|Ting-Lu|57/100|[from] Flip Turn
|-damage|p1a: Ting-Lu|51/100|[from] Stealth Rock
|-ability|p1a: Ting-Lu|Vessel of Ruin
|move|p2a: Clodsire|Recover|p2a: Clodsire
|-heal|p2a: Clodsire|80/100 psn
|
|-heal|p1a: Ting-Lu|100/100|[from] move: Wish|[wisher] Alomomola
|-heal|p2a: Clodsire|86/100 psn|[from] item: Leftovers
|-damage|p2a: Clodsire|74/100 psn|[from] psn
|upkeep
|turn|19
|
|t:|1760794422
|switch|p2a: Trevenant|Trevenant, F|100/100
|-damage|p2a: Trevenant|76/100|[from] Spikes
|move|p1a: Ting-Lu|Whirlwind|p2a: Trevenant
|drag|p2a: Hydrapple|Hydrapple, M|89/100
|
|upkeep
|turn|20
|
|t:|1760794429
|move|p2a: Hydrapple|Giga Drain|p1a: Ting-Lu
|-supereffective|p1a: Ting-Lu
|-damage|p1a: Ting-Lu|73/100
|-heal|p2a: Hydrapple|100/100|[from] drain|[of] p1a: Ting-Lu
|move|p1a: Ting-Lu|Whirlwind|p2a: Hydrapple
|drag|p2a: Clodsire|Clodsire, M|74/100 psn
|-damage|p2a: Clodsire|49/100 psn|[from] Spikes
|
|-heal|p1a: Ting-Lu|79/100|[from] item: Leftovers
|-heal|p2a: Clodsire|55/100 psn|[from] item: Leftovers
|-damage|p2a: Clodsire|43/100 psn|[from] psn
|upkeep
|turn|21
|
|t:|1760794435
|move|p1a: Ting-Lu|Earthquake|p2a: Clodsire
|-supereffective|p2a: Clodsire
|-crit|p2a: Clodsire
|-damage|p2a: Clodsire|0 fnt
|faint|p2a: Clodsire
|
|-heal|p1a: Ting-Lu|86/100|[from] item: Leftovers
|upkeep
|
|t:|1760794437
|switch|p2a: Hydrapple|Hydrapple, M|100/100
|turn|22
|
|t:|1760794440
|move|p2a: Hydrapple|Giga Drain|p1a: Ting-Lu
|-supereffective|p1a: Ting-Lu
|-damage|p1a: Ting-Lu|59/100
|move|p1a: Ting-Lu|Whirlwind|p2a: Hydrapple
|drag|p2a: Clefable|Clefable, F|87/100
|
|-heal|p1a: Ting-Lu|65/100|[from] item: Leftovers
|upkeep
|turn|23
|
|t:|1760794446
|move|p2a: Clefable|Knock Off|p1a: Ting-Lu
|-resisted|p1a: Ting-Lu
|-damage|p1a: Ting-Lu|61/100
|-enditem|p1a: Ting-Lu|Leftovers|[from] move: Knock Off|[of] p2a: Clefable
|move|p1a: Ting-Lu|Ruination|p2a: Clefable
|-damage|p2a: Clefable|44/100
|
|upkeep
|turn|24
|
|t:|1760794453
|move|p2a: Clefable|Moonlight|p2a: Clefable
|-heal|p2a: Clefable|94/100
|move|p1a: Ting-Lu|Whirlwind|p2a: Clefable
|drag|p2a: Alomomola|Alomomola, F|100/100
|
|upkeep
|turn|25
|
|t:|1760794462
|switch|p1a: Alomomola|Alomomola, M|100/100 tox
|move|p2a: Alomomola|Scald|p1a: Alomomola
|-resisted|p1a: Alomomola
|-damage|p1a: Alomomola|92/100 tox
|
|-damage|p1a: Alomomola|86/100 tox|[from] psn
|upkeep
|turn|26
|
|t:|1760794465
|move|p2a: Alomomola|Wish|p2a: Alomomola
|move|p1a: Alomomola|Flip Turn|p2a: Alomomola
|-resisted|p2a: Alomomola
|-crit|p2a: Alomomola
|-damage|p2a: Alomomola|94/100
|
|t:|1760794469
|switch|p1a: Tornadus|Tornadus-Therian, M|100/100 par|[from] Flip Turn
|
|upkeep
|turn|27
|
|t:|1760794479
|switch|p2a: Clefable|Clefable, F|94/100
|move|p1a: Tornadus|Knock Off|p2a: Clefable
|-resisted|p2a: Clefable
|-damage|p2a: Clefable|89/100
|
|-heal|p2a: Clefable|100/100|[from] move: Wish|[wisher] Alomomola
|upkeep
|turn|28
|
|t:|1760794491
|switch|p1a: Great Tusk|Great Tusk|100/100
|-damage|p1a: Great Tusk|98/100|[from] Stealth Rock
|move|p2a: Clefable|Moonblast|p1a: Great Tusk
|-supereffective|p1a: Great Tusk
|-damage|p1a: Great Tusk|16/100
|-unboost|p1a: Great Tusk|spa|1
|
|upkeep
|turn|29
|
|t:|1760794499
|move|p1a: Great Tusk|Rapid Spin|p2a: Clefable
|-damage|p2a: Clefable|88/100
|-boost|p1a: Great Tusk|spe|1
|-sideend|p1: daughterofcain|Stealth Rock|[from] move: Rapid Spin|[of] p1a: Great Tusk
|move|p2a: Clefable|Moonblast|p1a: Great Tusk
|-supereffective|p1a: Great Tusk
|-damage|p1a: Great Tusk|0 fnt
|faint|p1a: Great Tusk
|-end|p1a: Great Tusk|Protosynthesis|[silent]
|
|upkeep
|
|t:|1760794502
|switch|p1a: Salazzle|Salazzle, F|73/100
|turn|30
|
|t:|1760794510
|switch|p2a: Blissey|Blissey, F|87/100
|move|p1a: Salazzle|Sludge Bomb|p2a: Blissey
|-damage|p2a: Blissey|72/100
|
|upkeep
|turn|31
|
|t:|1760794516
|move|p1a: Salazzle|Toxic|p2a: Blissey
|-status|p2a: Blissey|tox
|move|p2a: Blissey|Thunder Wave|p1a: Salazzle|[miss]
|-miss|p2a: Blissey|p1a: Salazzle
|
|-damage|p2a: Blissey|65/100 tox|[from] psn
|upkeep
|turn|32
|
|t:|1760794537
|switch|p1a: Alomomola|Alomomola, M|100/100 tox
|-curestatus|p2a: Blissey|tox|[from] ability: Natural Cure
|switch|p2a: Alomomola|Alomomola, F|100/100
|
|-damage|p1a: Alomomola|94/100 tox|[from] psn
|upkeep
|turn|33
|
|t:|1760794541
|move|p1a: Alomomola|Wish|p1a: Alomomola
|move|p2a: Alomomola|Wish|p2a: Alomomola
|
|-damage|p1a: Alomomola|82/100 tox|[from] psn
|upkeep
|turn|34
|
|t:|1760794546
|move|p2a: Alomomola|Flip Turn|p1a: Alomomola
|-resisted|p1a: Alomomola
|-damage|p1a: Alomomola|77/100 tox
|
|t:|1760794563
|switch|p2a: Clefable|Clefable, F|88/100|[from] Flip Turn
|move|p1a: Alomomola|Flip Turn|p2a: Clefable
|-damage|p2a: Clefable|77/100
|
|t:|1760794568
|switch|p1a: Salazzle|Salazzle, F|73/100|[from] Flip Turn
|
|-heal|p1a: Salazzle|100/100|[from] move: Wish|[wisher] Alomomola
|-heal|p2a: Clefable|100/100|[from] move: Wish|[wisher] Alomomola
|upkeep
|turn|35
|
|t:|1760794572
|switch|p2a: Blissey|Blissey, F|65/100
|move|p1a: Salazzle|Toxic|p2a: Blissey
|-status|p2a: Blissey|tox
|
|-damage|p2a: Blissey|59/100 tox|[from] psn
|upkeep
|turn|36
|
|t:|1760794580
|move|p1a: Salazzle|Fire Blast|p2a: Blissey
|-damage|p2a: Blissey|41/100 tox
|move|p2a: Blissey|Soft-Boiled|p2a: Blissey
|-heal|p2a: Blissey|91/100 tox
|
|-damage|p2a: Blissey|79/100 tox|[from] psn
|upkeep
|turn|37
|
|t:|1760794583
|move|p1a: Salazzle|Encore|p2a: Blissey
|-start|p2a: Blissey|Encore
|move|p2a: Blissey|Soft-Boiled|p2a: Blissey
|-heal|p2a: Blissey|100/100 tox
|
|-damage|p2a: Blissey|82/100 tox|[from] psn
|upkeep
|turn|38
|
|t:|1760794595
|switch|p1a: Sinistcha|Sinistcha|100/100
|move|p2a: Blissey|Soft-Boiled|p2a: Blissey
|-heal|p2a: Blissey|100/100 tox
|
|-damage|p2a: Blissey|76/100 tox|[from] psn
|upkeep
|turn|39
|
|t:|1760794605
|-curestatus|p2a: Blissey|tox|[from] ability: Natural Cure
|switch|p2a: Clefable|Clefable, F|100/100
|move|p1a: Sinistcha|Calm Mind|p1a: Sinistcha
|-boost|p1a: Sinistcha|spa|1
|-boost|p1a: Sinistcha|spd|1
|
|upkeep
|turn|40
|
|t:|1760794616
|switch|p2a: Blissey|Blissey, F|76/100
|move|p1a: Sinistcha|Calm Mind|p1a: Sinistcha
|-boost|p1a: Sinistcha|spa|1
|-boost|p1a: Sinistcha|spd|1
|
|upkeep
|turn|41
|
|t:|1760794623
|switch|p1a: Tornadus|Tornadus-Therian, M|100/100 par
|move|p2a: Blissey|Calm Mind|p2a: Blissey
|-boost|p2a: Blissey|spa|1
|-boost|p2a: Blissey|spd|1
|
|upkeep
|turn|42
|
|t:|1760794629
|switch|p2a: Clefable|Clefable, F|100/100
|cant|p1a: Tornadus|par
|
|upkeep
|turn|43
|
|t:|1760794633
|move|p1a: Tornadus|U-turn|p2a: Clefable
|-resisted|p2a: Clefable
|-damage|p2a: Clefable|95/100
|
|t:|1760794638
|switch|p1a: Salazzle|Salazzle, F|100/100|[from] U-turn
|move|p2a: Clefable|Stealth Rock|p1a: Salazzle
|-sidestart|p1: daughterofcain|move: Stealth Rock
|
|upkeep
|turn|44
|
|t:|1760794642
|switch|p2a: Blissey|Blissey, F|76/100
|move|p1a: Salazzle|Toxic|p2a: Blissey
|-status|p2a: Blissey|tox
|
|-damage|p2a: Blissey|70/100 tox|[from] psn
|upkeep
|turn|45
|
|t:|1760794648
|switch|p1a: Tornadus|Tornadus-Therian, M|100/100 par
|move|p2a: Blissey|Thunder Wave|p1a: Tornadus
|-fail|p1a: Tornadus|par
|
|-damage|p2a: Blissey|57/100 tox|[from] psn
|upkeep
|turn|46
|
|t:|1760794651
|-curestatus|p2a: Blissey|tox|[from] ability: Natural Cure
|switch|p2a: Clefable|Clefable, F|95/100
|move|p1a: Tornadus|U-turn|p2a: Clefable
|-resisted|p2a: Clefable
|-damage|p2a: Clefable|90/100
|
|t:|1760794663
|switch|p1a: Sinistcha|Sinistcha|100/100|[from] U-turn
|
|upkeep
|turn|47
|
|t:|1760794669
|move|p1a: Sinistcha|Calm Mind|p1a: Sinistcha
|-boost|p1a: Sinistcha|spa|1
|-boost|p1a: Sinistcha|spd|1
|move|p2a: Clefable|Knock Off|p1a: Sinistcha
|-supereffective|p1a: Sinistcha
|-damage|p1a: Sinistcha|81/100
|-enditem|p1a: Sinistcha|Heavy-Duty Boots|[from] move: Knock Off|[of] p2a: Clefable
|
|upkeep
|turn|48
|
|t:|1760794672
|switch|p2a: Blissey|Blissey, F|57/100
|move|p1a: Sinistcha|Calm Mind|p1a: Sinistcha
|-boost|p1a: Sinistcha|spa|1
|-boost|p1a: Sinistcha|spd|1
|
|upkeep
|turn|49
|
|t:|1760794676
|move|p1a: Sinistcha|Matcha Gotcha|p2a: Blissey
|-damage|p2a: Blissey|36/100
|-heal|p1a: Sinistcha|100/100|[from] drain|[of] p2a: Blissey
|-status|p2a: Blissey|brn
|move|p2a: Blissey|Calm Mind|p2a: Blissey
|-boost|p2a: Blissey|spa|1
|-boost|p2a: Blissey|spd|1
|
|-damage|p2a: Blissey|29/100 brn|[from] brn
|upkeep
|turn|50
|
|t:|1760794683
|move|p1a: Sinistcha|Calm Mind|p1a: Sinistcha
|-boost|p1a: Sinistcha|spa|1
|-boost|p1a: Sinistcha|spd|1
|move|p2a: Blissey|Soft-Boiled|p2a: Blissey
|-heal|p2a: Blissey|79/100 brn
|
|-damage|p2a: Blissey|73/100 brn|[from] brn
|upkeep
|turn|51
|
|t:|1760794689
|move|p1a: Sinistcha|Calm Mind|p1a: Sinistcha
|-boost|p1a: Sinistcha|spa|1
|-boost|p1a: Sinistcha|spd|1
|move|p2a: Blissey|Calm Mind|p2a: Blissey
|-boost|p2a: Blissey|spa|1
|-boost|p2a: Blissey|spd|1
|
|-damage|p2a: Blissey|67/100 brn|[from] brn
|upkeep
|turn|52
|
|t:|1760794692
|move|p1a: Sinistcha|Matcha Gotcha|p2a: Blissey
|-damage|p2a: Blissey|49/100 brn
|move|p2a: Blissey|Calm Mind|p2a: Blissey
|-boost|p2a: Blissey|spa|1
|-boost|p2a: Blissey|spd|1
|
|-damage|p2a: Blissey|42/100 brn|[from] brn
|upkeep
|turn|53
|
|t:|1760794696
|move|p1a: Sinistcha|Calm Mind|p1a: Sinistcha
|-boost|p1a: Sinistcha|spa|1
|-boost|p1a: Sinistcha|spd|1
|move|p2a: Blissey|Soft-Boiled|p2a: Blissey
|-heal|p2a: Blissey|92/100 brn
|
|-damage|p2a: Blissey|86/100 brn|[from] brn
|upkeep
|turn|54
|
|t:|1760794699
|move|p1a: Sinistcha|Matcha Gotcha|p2a: Blissey
|-damage|p2a: Blissey|69/100 brn
|move|p2a: Blissey|Thunder Wave|p1a: Sinistcha
|-status|p1a: Sinistcha|par
|
|-damage|p2a: Blissey|63/100 brn|[from] brn
|upkeep
|turn|55
|
|t:|1760794704
|move|p2a: Blissey|Calm Mind|p2a: Blissey
|-boost|p2a: Blissey|spa|1
|-boost|p2a: Blissey|spd|1
|move|p1a: Sinistcha|Calm Mind|p1a: Sinistcha
|-boost|p1a: Sinistcha|spa|1
|-boost|p1a: Sinistcha|spd|1
|
|-damage|p2a: Blissey|57/100 brn|[from] brn
|upkeep
|turn|56
|
|t:|1760794708
|move|p2a: Blissey|Calm Mind|p2a: Blissey
|-boost|p2a: Blissey|spa|1
|-boost|p2a: Blissey|spd|1
|move|p1a: Sinistcha|Calm Mind|p1a: Sinistcha
|-boost|p1a: Sinistcha|spa|0
|-boost|p1a: Sinistcha|spd|0
|
|-damage|p2a: Blissey|51/100 brn|[from] brn
|upkeep
|turn|57
|
|t:|1760794710
|move|p2a: Blissey|Calm Mind|p2a: Blissey
|-boost|p2a: Blissey|spa|1
|-boost|p2a: Blissey|spd|1
|cant|p1a: Sinistcha|par
|
|-damage|p2a: Blissey|45/100 brn|[from] brn
|upkeep
|turn|58
|
|t:|1760794712
|move|p2a: Blissey|Ice Beam|p1a: Sinistcha
|-supereffective|p1a: Sinistcha
|-damage|p1a: Sinistcha|62/100 par
|move|p1a: Sinistcha|Calm Mind|p1a: Sinistcha
|-boost|p1a: Sinistcha|spa|0
|-boost|p1a: Sinistcha|spd|0
|
|-damage|p2a: Blissey|38/100 brn|[from] brn
|upkeep
|turn|59
|
|t:|1760794714
|move|p2a: Blissey|Ice Beam|p1a: Sinistcha
|-supereffective|p1a: Sinistcha
|-damage|p1a: Sinistcha|21/100 par
|move|p1a: Sinistcha|Matcha Gotcha|p2a: Blissey
|-damage|p2a: Blissey|27/100 brn
|-heal|p1a: Sinistcha|33/100 par|[from] drain|[of] p2a: Blissey
|
|-damage|p2a: Blissey|21/100 brn|[from] brn
|upkeep
|turn|60
|
|t:|1760794721
|move|p2a: Blissey|Soft-Boiled|p2a: Blissey
|-heal|p2a: Blissey|71/100 brn
|move|p1a: Sinistcha|Strength Sap|p2a: Blissey
|-unboost|p2a: Blissey|atk|1
|-heal|p1a: Sinistcha|39/100 par
|
|-damage|p2a: Blissey|65/100 brn|[from] brn
|upkeep
|turn|61
|
|t:|1760794730
|switch|p1a: Alomomola|Alomomola, M|100/100 tox
|move|p2a: Blissey|Ice Beam|p1a: Alomomola
|-resisted|p1a: Alomomola
|-damage|p1a: Alomomola|59/100 tox
|
|-damage|p1a: Alomomola|53/100 tox|[from] psn
|-damage|p2a: Blissey|59/100 brn|[from] brn
|upkeep
|turn|62
|
|t:|1760794734
|move|p2a: Blissey|Ice Beam|p1a: Alomomola
|-resisted|p1a: Alomomola
|-damage|p1a: Alomomola|15/100 tox
|move|p1a: Alomomola|Wish|p1a: Alomomola
|
|-damage|p1a: Alomomola|2/100 tox|[from] psn
|-damage|p2a: Blissey|53/100 brn|[from] brn
|upkeep
|turn|63
|
|t:|1760794746
|move|p1a: Alomomola|Protect|p1a: Alomomola
|-singleturn|p1a: Alomomola|Protect
|move|p2a: Blissey|Ice Beam|p1a: Alomomola
|-activate|p1a: Alomomola|move: Protect
|
|-heal|p1a: Alomomola|52/100 tox|[from] move: Wish|[wisher] Alomomola
|-damage|p1a: Alomomola|34/100 tox|[from] psn
|-damage|p2a: Blissey|47/100 brn|[from] brn
|upkeep
|turn|64
|
|t:|1760794749
|move|p2a: Blissey|Ice Beam|p1a: Alomomola
|-resisted|p1a: Alomomola
|-damage|p1a: Alomomola|0 fnt
|faint|p1a: Alomomola
|
|-damage|p2a: Blissey|40/100 brn|[from] brn
|upkeep
|
|t:|1760794751
|switch|p1a: Ting-Lu|Ting-Lu|61/100
|-damage|p1a: Ting-Lu|55/100|[from] Stealth Rock
|-ability|p1a: Ting-Lu|Vessel of Ruin
|turn|65
|
|t:|1760794753
|move|p2a: Blissey|Ice Beam|p1a: Ting-Lu
|-supereffective|p1a: Ting-Lu
|-damage|p1a: Ting-Lu|0 fnt
|faint|p1a: Ting-Lu
|
|-damage|p2a: Blissey|34/100 brn|[from] brn
|upkeep
|-message|daughterofcain forfeited.
|
|win|Lmanzz
|raw|daughterofcain's rating: 1308 &rarr; <strong>1287</strong><br />(-21 for losing)
|raw|Lmanzz's rating: 1285 &rarr; <strong>1312</strong><br />(+27 for winning)
|l|☆daughterofcain
|player|p1|
|l|☆Lmanzz
|player|p2|
