|j|☆spongeon
|j|☆rebaar
|t:|1760745543
|gametype|singles
|player|p1|spongeon|266|1492
|player|p2|rebaar|psychic-gen4|1473
|gen|9
|tier|[Gen 9] OU
|rated|
|rule|HP Percentage Mod: HP is shown in percentages
|rule|Endless Battle Clause: Forcing endless battles is banned
|rule|Species Clause: Limit one of each Pokémon
|rule|OHKO Clause: OHKO moves are banned
|rule|Evasion Items Clause: Evasion items are banned
|rule|Evasion Moves Clause: Evasion moves are banned
|rule|Evasion Abilities Clause: Evasion abilities are banned
|rule|Sleep Moves Clause: Sleep-inducing moves are banned
|clearpoke
|poke|p1|Zamazenta-*|
|poke|p1|Zapdos|
|poke|p1|Comfey, M|
|poke|p1|Sandslash-Alola, F|
|poke|p1|Slowking-Galar, M|
|poke|p1|Maushold|
|poke|p2|Ogerpon-Wellspring, F|
|poke|p2|Kingambit, M|
|poke|p2|Landorus-Therian, M|
|poke|p2|Glimmora, F|
|poke|p2|Dragapult, F|
|poke|p2|Iron Valiant|
|teampreview
|
|t:|1760745552
|teamsize|p1|6
|teamsize|p2|6
|start
|switch|p1a: Zapdos|Zapdos|100/100
|switch|p2a: Glimmora|Glimmora, F|100/100
|turn|1
|inactive|Battle timer is ON: inactive players will automatically lose when time's up. (requested by rebaar)
|
|t:|1760745559
|move|p1a: Zapdos|Thunderbolt|p2a: Glimmora
|-damage|p2a: Glimmora|19/100
|-damage|p1a: Zapdos|91/100|[from] item: Life Orb
|move|p2a: Glimmora|Meteor Beam||[still]
|-prepare|p2a: Glimmora|Meteor Beam
|-boost|p2a: Glimmora|spa|1
|-enditem|p2a: Glimmora|Power Herb
|-anim|p2a: Glimmora|Meteor Beam|p1a: Zapdos
|-supereffective|p1a: Zapdos
|-damage|p1a: Zapdos|0 fnt
|faint|p1a: Zapdos
|
|upkeep
|
|t:|1760745585
|switch|p1a: Zamazenta|Zamazenta|100/100
|-ability|p1a: Zamazenta|Dauntless Shield|boost
|-boost|p1a: Zamazenta|def|1
|turn|2
|
|t:|1760745591
|move|p1a: Zamazenta|Body Press|p2a: Glimmora
|-damage|p2a: Glimmora|0 fnt
|-activate|p2a: Glimmora|ability: Toxic Debris
|-sidestart|p1: spongeon|move: Toxic Spikes
|faint|p2a: Glimmora
|
|upkeep
|
|t:|1760745612
|switch|p2a: Landorus|Landorus-Therian, M|100/100
|-ability|p2a: Landorus|Intimidate|boost
|-unboost|p1a: Zamazenta|atk|1
|turn|3
|
|t:|1760745617
|move|p1a: Zamazenta|Iron Defense|p1a: Zamazenta
|-boost|p1a: Zamazenta|def|2
|move|p2a: Landorus|Taunt|p1a: Zamazenta
|-start|p1a: Zamazenta|move: Taunt
|
|upkeep
|turn|4
|
|t:|1760745621
|move|p1a: Zamazenta|Body Press|p2a: Landorus
|-resisted|p2a: Landorus
|-damage|p2a: Landorus|46/100
|-damage|p1a: Zamazenta|84/100|[from] item: Rocky Helmet|[of] p2a: Landorus
|move|p2a: Landorus|Stealth Rock|p1a: Zamazenta
|-sidestart|p1: spongeon|move: Stealth Rock
|
|upkeep
|turn|5
|
|t:|1760745627
|switch|p2a: Dragapult|Dragapult, F|100/100
|move|p1a: Zamazenta|Body Press|p2a: Dragapult
|-immune|p2a: Dragapult
|
|upkeep
|turn|6
|
|t:|1760745631
|move|p2a: Dragapult|Draco Meteor|p1a: Zamazenta
|-damage|p1a: Zamazenta|3/100
|-unboost|p2a: Dragapult|spa|2
|move|p1a: Zamazenta|Crunch|p2a: Dragapult
|-supereffective|p2a: Dragapult
|-damage|p2a: Dragapult|62/100
|
|-end|p1a: Zamazenta|move: Taunt
|upkeep
|turn|7
|
|t:|1760745643
|switch|p1a: Slowking|Slowking-Galar, M|100/100
|-sideend|p1: spongeon|move: Toxic Spikes|[of] p1a: Slowking
|-damage|p1a: Slowking|88/100|[from] Stealth Rock
|move|p2a: Dragapult|Draco Meteor|p1a: Slowking
|-damage|p1a: Slowking|61/100
|-unboost|p2a: Dragapult|spa|2
|
|upkeep
|turn|8
|
|t:|1760745650
|switch|p2a: Kingambit|Kingambit, M|100/100
|-activate|p2a: Kingambit|ability: Supreme Overlord
|-start|p2a: Kingambit|fallen1|[silent]
|-prepare|p1a: Slowking|Chilly Reception|[premajor]
|move|p1a: Slowking|Chilly Reception|p1a: Slowking
|-weather|Snowscape
|
|t:|1760745670
|switch|p1a: Maushold|Maushold|100/100|[from] Chilly Reception
|-damage|p1a: Maushold|88/100|[from] Stealth Rock
|
|-weather|Snowscape|[upkeep]
|upkeep
|turn|9
|
|t:|1760745689
|move|p1a: Maushold|Tidy Up|p1a: Maushold
|-sideend|p1: spongeon|Stealth Rock
|-activate|p1a: Maushold|move: Tidy Up
|-boost|p1a: Maushold|atk|1
|-boost|p1a: Maushold|spe|1
|move|p2a: Kingambit|Swords Dance|p2a: Kingambit
|-boost|p2a: Kingambit|atk|2
|
|-weather|Snowscape|[upkeep]
|upkeep
|turn|10
|
|t:|1760745696
|move|p1a: Maushold|Encore|p2a: Kingambit
|-start|p2a: Kingambit|Encore
|move|p2a: Kingambit|Swords Dance|p2a: Kingambit
|-boost|p2a: Kingambit|atk|2
|
|-weather|Snowscape|[upkeep]
|upkeep
|turn|11
|
|t:|1760745710
|-end|p2a: Kingambit|fallen1|[silent]
|switch|p2a: Landorus|Landorus-Therian, M|46/100
|-ability|p2a: Landorus|Intimidate|boost
|-unboost|p1a: Maushold|atk|1
|move|p1a: Maushold|Tidy Up|p1a: Maushold
|-boost|p1a: Maushold|atk|1
|-boost|p1a: Maushold|spe|1
|
|-weather|Snowscape|[upkeep]
|upkeep
|turn|12
|
|t:|1760745717
|move|p1a: Maushold|Population Bomb|p2a: Landorus
|-damage|p2a: Landorus|33/100
|-damage|p1a: Maushold|72/100|[from] item: Rocky Helmet|[of] p2a: Landorus
|-damage|p2a: Landorus|20/100
|-damage|p1a: Maushold|55/100|[from] item: Rocky Helmet|[of] p2a: Landorus
|-damage|p2a: Landorus|6/100
|-damage|p1a: Maushold|39/100|[from] item: Rocky Helmet|[of] p2a: Landorus
|-damage|p2a: Landorus|0 fnt
|-damage|p1a: Maushold|22/100|[from] item: Rocky Helmet|[of] p2a: Landorus
|faint|p2a: Landorus
|-hitcount|p2: Landorus|4
|
|-weather|Snowscape|[upkeep]
|upkeep
|
|t:|1760745728
|switch|p2a: Kingambit|Kingambit, M|100/100
|-activate|p2a: Kingambit|ability: Supreme Overlord
|-start|p2a: Kingambit|fallen2|[silent]
|turn|13
|
|t:|1760745732
|move|p1a: Maushold|Tidy Up|p1a: Maushold
|-boost|p1a: Maushold|atk|1
|-boost|p1a: Maushold|spe|1
|move|p2a: Kingambit|Iron Head|p1a: Maushold
|-damage|p1a: Maushold|0 fnt
|faint|p1a: Maushold
|
|-weather|Snowscape|[upkeep]
|upkeep
|
|t:|1760745738
|switch|p1a: Zamazenta|Zamazenta|3/100
|turn|14
|
|t:|1760745742
|move|p2a: Kingambit|Sucker Punch||[still]
|-fail|p2a: Kingambit
|move|p1a: Zamazenta|Rest|p1a: Zamazenta
|-status|p1a: Zamazenta|slp|[from] move: Rest
|-heal|p1a: Zamazenta|100/100 slp|[silent]
|-enditem|p1a: Zamazenta|Chesto Berry|[eat]
|-curestatus|p1a: Zamazenta|slp|[msg]
|
|-weather|Snowscape|[upkeep]
|upkeep
|turn|15
|
|t:|1760745752
|-end|p2a: Kingambit|fallen2|[silent]
|switch|p2a: Dragapult|Dragapult, F|62/100
|move|p1a: Zamazenta|Iron Defense|p1a: Zamazenta
|-boost|p1a: Zamazenta|def|2
|
|-weather|none
|upkeep
|turn|16
|
|t:|1760745758
|move|p2a: Dragapult|Shadow Ball|p1a: Zamazenta
|-damage|p1a: Zamazenta|55/100
|-unboost|p1a: Zamazenta|spd|1
|move|p1a: Zamazenta|Crunch|p2a: Dragapult
|-supereffective|p2a: Dragapult
|-damage|p2a: Dragapult|8/100
|
|upkeep
|turn|17
|
|t:|1760745770
|move|p2a: Dragapult|Shadow Ball|p1a: Zamazenta
|-damage|p1a: Zamazenta|0 fnt
|faint|p1a: Zamazenta
|
|upkeep
|
|t:|1760745773
|switch|p1a: Comfey|Comfey, M|100/100
|turn|18
|
|t:|1760745780
|move|p2a: Dragapult|Shadow Ball|p1a: Comfey
|-damage|p1a: Comfey|44/100
|move|p1a: Comfey|Calm Mind|p1a: Comfey
|-boost|p1a: Comfey|spa|1
|-boost|p1a: Comfey|spd|1
|
|upkeep
|turn|19
|
|t:|1760745783
|move|p1a: Comfey|Draining Kiss|p2a: Dragapult
|-supereffective|p2a: Dragapult
|-damage|p2a: Dragapult|0 fnt
|-heal|p1a: Comfey|50/100|[from] drain|[of] p2a: Dragapult
|faint|p2a: Dragapult
|
|upkeep
|
|t:|1760745811
|switch|p2a: Ogerpon|Ogerpon-Wellspring, F|100/100
|turn|20
|
|t:|1760745818
|-terastallize|p2a: Ogerpon|Water
|detailschange|p2a: Ogerpon|Ogerpon-Wellspring-Tera, F, tera:Water
|-ability|p2a: Ogerpon|Embody Aspect (Wellspring)|boost
|-boost|p2a: Ogerpon|spd|1
|move|p1a: Comfey|Giga Drain|p2a: Ogerpon
|-supereffective|p2a: Ogerpon
|-damage|p2a: Ogerpon|45/100
|-heal|p1a: Comfey|77/100|[from] drain|[of] p2a: Ogerpon
|move|p2a: Ogerpon|Ivy Cudgel|p1a: Comfey|[anim] Ivy Cudgel Water
|-crit|p1a: Comfey
|-damage|p1a: Comfey|0 fnt
|faint|p1a: Comfey
|
|upkeep
|
|t:|1760745830
|switch|p1a: Slowking|Slowking-Galar, M|94/100
|turn|21
|
|t:|1760745833
|switch|p2a: Kingambit|Kingambit, M|100/100
|-activate|p2a: Kingambit|ability: Supreme Overlord
|-start|p2a: Kingambit|fallen3|[silent]
|-prepare|p1a: Slowking|Chilly Reception|[premajor]
|move|p1a: Slowking|Chilly Reception|p1a: Slowking
|-weather|Snowscape
|
|t:|1760745840
|switch|p1a: Sandslash|Sandslash-Alola, F|100/100|[from] Chilly Reception
|
|-weather|Snowscape|[upkeep]
|upkeep
|turn|22
|
|t:|1760745863
|move|p1a: Sandslash|Earthquake|p2a: Kingambit
|-supereffective|p2a: Kingambit
|-damage|p2a: Kingambit|46/100
|move|p2a: Kingambit|Kowtow Cleave|p1a: Sandslash
|-damage|p1a: Sandslash|62/100
|
|-weather|Snowscape|[upkeep]
|-heal|p2a: Kingambit|52/100|[from] item: Leftovers
|upkeep
|turn|23
|
|t:|1760745870
|-end|p2a: Kingambit|fallen3|[silent]
|switch|p2a: Ogerpon|Ogerpon-Wellspring-Tera, F, tera:Water|45/100
|-ability|p2a: Ogerpon|Embody Aspect (Wellspring)|boost
|-boost|p2a: Ogerpon|spd|1
|move|p1a: Sandslash|Swords Dance|p1a: Sandslash
|-boost|p1a: Sandslash|atk|2
|
|-weather|Snowscape|[upkeep]
|upkeep
|turn|24
|
|t:|1760745887
|move|p1a: Sandslash|Earthquake|p2a: Ogerpon
|-damage|p2a: Ogerpon|0 fnt
|faint|p2a: Ogerpon
|detailschange|p2: Ogerpon|Ogerpon-Wellspring, F|[silent]
|
|-weather|Snowscape|[upkeep]
|upkeep
|
|t:|1760745904
|switch|p2a: Iron Valiant|Iron Valiant|100/100
|-enditem|p2a: Iron Valiant|Booster Energy
|-activate|p2a: Iron Valiant|ability: Quark Drive|[fromitem]
|-start|p2a: Iron Valiant|quarkdrivespe
|turn|25
|
|t:|1760745932
|move|p2a: Iron Valiant|Knock Off|p1a: Sandslash
|-damage|p1a: Sandslash|40/100
|-enditem|p1a: Sandslash|Expert Belt|[from] move: Knock Off|[of] p2a: Iron Valiant
|move|p1a: Sandslash|Triple Axel|p2a: Iron Valiant
|-damage|p2a: Iron Valiant|76/100
|-damage|p2a: Iron Valiant|26/100
|-damage|p2a: Iron Valiant|0 fnt
|faint|p2a: Iron Valiant
|-end|p2a: Iron Valiant|Quark Drive|[silent]
|-hitcount|p2: Iron Valiant|3
|
|-weather|Snowscape|[upkeep]
|upkeep
|
|t:|1760745937
|switch|p2a: Kingambit|Kingambit, M|52/100
|-activate|p2a: Kingambit|ability: Supreme Overlord
|-start|p2a: Kingambit|fallen5|[silent]
|turn|26
|
|t:|1760745947
|move|p2a: Kingambit|Sucker Punch|p1a: Sandslash
|-damage|p1a: Sandslash|2/100
|move|p1a: Sandslash|Earthquake|p2a: Kingambit
|-supereffective|p2a: Kingambit
|-damage|p2a: Kingambit|0 fnt
|faint|p2a: Kingambit
|-end|p2a: Kingambit|fallen5|[silent]
|
|win|spongeon
|raw|spongeon's rating: 1492 &rarr; <strong>1511</strong><br />(+19 for winning)
|raw|rebaar's rating: 1473 &rarr; <strong>1454</strong><br />(-19 for losing)
|l|☆spongeon
|player|p1|
|l|☆rebaar
|player|p2|
