|j|‽daringdario
|j|☆Crocodile E
|t:|1760866046
|gametype|singles
|player|p1|daringdario|266|1641
|player|p2|Crocodile E|boarder|1618
|gen|9
|tier|[Gen 9] OU
|rated|
|rule|HP Percentage Mod: HP is shown in percentages
|rule|Endless Battle Clause: Forcing endless battles is banned
|rule|Species Clause: Limit one of each Pokémon
|rule|OHKO Clause: OHKO moves are banned
|rule|Evasion Items Clause: Evasion items are banned
|rule|Evasion Moves Clause: Evasion moves are banned
|rule|Evasion Abilities Clause: Evasion abilities are banned
|rule|Sleep Moves Clause: Sleep-inducing moves are banned
|clearpoke
|poke|p1|Kingambit, M|
|poke|p1|Dragonite, M|
|poke|p1|Ceruledge, F|
|poke|p1|Glimmora, M|
|poke|p1|Deoxys-Speed|
|poke|p1|Great Tusk|
|poke|p2|Deoxys-Speed|
|poke|p2|Gholdengo|
|poke|p2|Ting-Lu|
|poke|p2|Ogerpon-Wellspring, F|
|poke|p2|Kingambit, M|
|poke|p2|Raging Bolt|
|teampreview
|inactive|Battle timer is ON: inactive players will automatically lose when time's up. (requested by Crocodile E)
|
|t:|1760866058
|teamsize|p1|6
|teamsize|p2|6
|start
|switch|p1a: Deoxys|Deoxys-Speed|100/100
|switch|p2a: Deoxys|Deoxys-Speed|100/100
|-ability|p1a: Deoxys|Pressure
|-ability|p2a: Deoxys|Pressure
|turn|1
|
|t:|1760866062
|move|p1a: Deoxys|Light Screen|p1a: Deoxys
|-sidestart|p1: daringdario|move: Light Screen
|move|p2a: Deoxys|Knock Off|p1a: Deoxys
|-supereffective|p1a: Deoxys
|-damage|p1a: Deoxys|30/100
|-enditem|p1a: Deoxys|Light Clay|[from] move: Knock Off|[of] p2a: Deoxys
|
|upkeep
|turn|2
|
|t:|1760866069
|switch|p2a: Ting-Lu|Ting-Lu|100/100
|-ability|p2a: Ting-Lu|Vessel of Ruin
|move|p1a: Deoxys|Reflect|p1a: Deoxys
|-sidestart|p1: daringdario|Reflect
|
|upkeep
|turn|3
|
|t:|1760866075
|move|p1a: Deoxys|Taunt|p2a: Ting-Lu
|-start|p2a: Ting-Lu|move: Taunt
|cant|p2a: Ting-Lu|move: Taunt|Stealth Rock
|
|upkeep
|turn|4
|
|t:|1760866081
|switch|p2a: Gholdengo|Gholdengo|100/100
|-item|p2a: Gholdengo|Air Balloon
|move|p1a: Deoxys|Psycho Boost|p2a: Gholdengo
|-resisted|p2a: Gholdengo
|-damage|p2a: Gholdengo|77/100
|-unboost|p1a: Deoxys|spa|2
|-enditem|p2a: Gholdengo|Air Balloon
|
|upkeep
|turn|5
|
|t:|1760866100
|switch|p1a: Great Tusk|Great Tusk|100/100
|-enditem|p1a: Great Tusk|Booster Energy
|-activate|p1a: Great Tusk|ability: Protosynthesis|[fromitem]
|-start|p1a: Great Tusk|protosynthesisspe
|move|p2a: Gholdengo|Nasty Plot|p2a: Gholdengo
|-boost|p2a: Gholdengo|spa|2
|
|upkeep
|turn|6
|
|t:|1760866110
|-terastallize|p2a: Gholdengo|Fairy
|move|p1a: Great Tusk|Headlong Rush|p2a: Gholdengo
|-damage|p2a: Gholdengo|37/100
|-unboost|p1a: Great Tusk|def|1
|-unboost|p1a: Great Tusk|spd|1
|move|p2a: Gholdengo|Make It Rain|p1a: Great Tusk
|-damage|p1a: Great Tusk|1/100
|-unboost|p2a: Gholdengo|spa|1
|
|-sideend|p1: daringdario|Reflect
|upkeep
|turn|7
|
|t:|1760866120
|move|p1a: Great Tusk|Headlong Rush|p2a: Gholdengo
|-damage|p2a: Gholdengo|0 fnt
|-unboost|p1a: Great Tusk|def|1
|-unboost|p1a: Great Tusk|spd|1
|faint|p2a: Gholdengo
|
|upkeep
|
|t:|1760866130
|switch|p2a: Deoxys|Deoxys-Speed|100/100
|-ability|p2a: Deoxys|Pressure
|turn|8
|
|t:|1760866139
|move|p2a: Deoxys|Knock Off|p1a: Great Tusk
|-resisted|p1a: Great Tusk
|-damage|p1a: Great Tusk|0 fnt
|faint|p1a: Great Tusk
|-end|p1a: Great Tusk|Protosynthesis|[silent]
|
|-sideend|p1: daringdario|move: Light Screen
|upkeep
|
|t:|1760866142
|switch|p1a: Deoxys|Deoxys-Speed|30/100
|-ability|p1a: Deoxys|Pressure
|turn|9
|
|t:|1760866144
|move|p1a: Deoxys|Light Screen|p1a: Deoxys
|-sidestart|p1: daringdario|move: Light Screen
|move|p2a: Deoxys|Knock Off|p1a: Deoxys
|-supereffective|p1a: Deoxys
|-damage|p1a: Deoxys|0 fnt
|faint|p1a: Deoxys
|
|upkeep
|
|t:|1760866148
|switch|p1a: Ceruledge|Ceruledge, F|100/100
|turn|10
|
|t:|1760866162
|switch|p2a: Ting-Lu|Ting-Lu|100/100
|-ability|p2a: Ting-Lu|Vessel of Ruin
|move|p1a: Ceruledge|Bitter Blade|p2a: Ting-Lu
|-damage|p2a: Ting-Lu|68/100
|-damage|p1a: Ceruledge|91/100|[from] item: Life Orb
|
|-heal|p2a: Ting-Lu|74/100|[from] item: Leftovers
|upkeep
|turn|11
|
|t:|1760866192
|switch|p1a: Dragonite|Dragonite, M|100/100
|move|p2a: Ting-Lu|Whirlwind|p1a: Dragonite
|drag|p1a: Ceruledge|Ceruledge, F|91/100
|
|-heal|p2a: Ting-Lu|80/100|[from] item: Leftovers
|upkeep
|turn|12
|j| EmpyreanGX
|
|t:|1760866197
|switch|p1a: Glimmora|Glimmora, M|100/100
|move|p2a: Ting-Lu|Stealth Rock|p1a: Glimmora
|-sidestart|p1: daringdario|move: Stealth Rock
|
|-heal|p2a: Ting-Lu|86/100|[from] item: Leftovers
|upkeep
|turn|13
|j| gengar mask
|
|t:|1760866208
|switch|p2a: Deoxys|Deoxys-Speed|100/100
|-ability|p2a: Deoxys|Pressure
|move|p1a: Glimmora|Reflect|p1a: Glimmora
|-sidestart|p1: daringdario|Reflect
|
|-sideend|p1: daringdario|move: Light Screen
|upkeep
|turn|14
|inactive|daringdario has 120 seconds left.
|
|t:|1760866238
|switch|p1a: Dragonite|Dragonite, M|100/100
|-damage|p1a: Dragonite|76/100|[from] Stealth Rock
|move|p2a: Deoxys|Psycho Boost|p1a: Dragonite
|-damage|p1a: Dragonite|15/100
|-unboost|p2a: Deoxys|spa|2
|
|-heal|p1a: Dragonite|21/100|[from] item: Leftovers
|upkeep
|turn|15
|
|t:|1760866249
|move|p2a: Deoxys|Ice Beam|p1a: Dragonite
|-supereffective|p1a: Dragonite
|-damage|p1a: Dragonite|0 fnt
|faint|p1a: Dragonite
|
|upkeep
|
|t:|1760866254
|switch|p1a: Glimmora|Glimmora, M|100/100
|-damage|p1a: Glimmora|88/100|[from] Stealth Rock
|turn|16
|
|t:|1760866257
|move|p2a: Deoxys|Psycho Boost|p1a: Glimmora
|-supereffective|p1a: Glimmora
|-damage|p1a: Glimmora|0 fnt
|-unboost|p2a: Deoxys|spa|2
|faint|p1a: Glimmora
|
|upkeep
|inactive|daringdario has 120 seconds left.
|l| EmpyreanGX
|
|t:|1760866292
|switch|p1a: Ceruledge|Ceruledge, F|91/100
|-damage|p1a: Ceruledge|66/100|[from] Stealth Rock
|turn|17
|
|t:|1760866295
|switch|p2a: Ting-Lu|Ting-Lu|86/100
|-ability|p2a: Ting-Lu|Vessel of Ruin
|move|p1a: Ceruledge|Bitter Blade|p2a: Ting-Lu
|-damage|p2a: Ting-Lu|51/100
|-heal|p1a: Ceruledge|97/100|[from] drain|[of] p2a: Ting-Lu
|-damage|p1a: Ceruledge|87/100|[from] item: Life Orb
|
|-heal|p2a: Ting-Lu|57/100|[from] item: Leftovers
|upkeep
|turn|18
|
|t:|1760866298
|move|p1a: Ceruledge|Swords Dance|p1a: Ceruledge
|-boost|p1a: Ceruledge|atk|2
|move|p2a: Ting-Lu|Earthquake|p1a: Ceruledge
|-supereffective|p1a: Ceruledge
|-damage|p1a: Ceruledge|33/100
|-ability|p1a: Ceruledge|Weak Armor|boost
|-unboost|p1a: Ceruledge|def|1
|-boost|p1a: Ceruledge|spe|2
|
|-heal|p2a: Ting-Lu|64/100|[from] item: Leftovers
|upkeep
|turn|19
|
|t:|1760866301
|move|p1a: Ceruledge|Bitter Blade|p2a: Ting-Lu
|-damage|p2a: Ting-Lu|0 fnt
|-heal|p1a: Ceruledge|89/100|[from] drain|[of] p2a: Ting-Lu
|faint|p2a: Ting-Lu
|-damage|p1a: Ceruledge|79/100|[from] item: Life Orb
|
|upkeep
|
|t:|1760866306
|switch|p2a: Raging Bolt|Raging Bolt|100/100
|turn|20
|
|t:|1760866310
|move|p1a: Ceruledge|Poltergeist|p2a: Raging Bolt
|-activate|p2a: Raging Bolt|move: Poltergeist|Leftovers
|-damage|p2a: Raging Bolt|0 fnt
|faint|p2a: Raging Bolt
|-end|p2a: Raging Bolt|Protosynthesis|[silent]
|-damage|p1a: Ceruledge|69/100|[from] item: Life Orb
|
|-sideend|p1: daringdario|Reflect
|upkeep
|j| wgw2333
|
|t:|1760866317
|switch|p2a: Kingambit|Kingambit, M|100/100
|-activate|p2a: Kingambit|ability: Supreme Overlord
|-start|p2a: Kingambit|fallen3|[silent]
|turn|21
|l| wgw2333
|
|t:|1760866333
|move|p1a: Ceruledge|Shadow Sneak|p2a: Kingambit
|-resisted|p2a: Kingambit
|-damage|p2a: Kingambit|76/100
|-damage|p1a: Ceruledge|59/100|[from] item: Life Orb
|move|p2a: Kingambit|Sucker Punch||[still]
|-fail|p2a: Kingambit
|
|upkeep
|turn|22
|
|t:|1760866342
|switch|p1a: Kingambit|Kingambit, M|100/100
|-damage|p1a: Kingambit|94/100|[from] Stealth Rock
|-activate|p1a: Kingambit|ability: Supreme Overlord
|-start|p1a: Kingambit|fallen4|[silent]
|move|p2a: Kingambit|Sucker Punch||[still]
|-fail|p2a: Kingambit
|
|upkeep
|turn|23
|
|t:|1760866349
|move|p1a: Kingambit|Low Kick|p2a: Kingambit
|-supereffective|p2a: Kingambit
|-damage|p2a: Kingambit|0 fnt
|faint|p2a: Kingambit
|-end|p2a: Kingambit|fallen3|[silent]
|
|upkeep
|
|t:|1760866351
|switch|p2a: Deoxys|Deoxys-Speed|100/100
|-ability|p2a: Deoxys|Pressure
|turn|24
|
|t:|1760866362
|-end|p1a: Kingambit|fallen4|[silent]
|switch|p1a: Ceruledge|Ceruledge, F|59/100
|-damage|p1a: Ceruledge|35/100|[from] Stealth Rock
|move|p2a: Deoxys|Superpower|p1a: Ceruledge
|-immune|p1a: Ceruledge
|
|upkeep
|turn|25
|
|t:|1760866378
|-terastallize|p1a: Ceruledge|Ghost
|move|p1a: Ceruledge|Shadow Sneak|p2a: Deoxys
|-supereffective|p2a: Deoxys
|-damage|p2a: Deoxys|0 fnt
|faint|p2a: Deoxys
|-damage|p1a: Ceruledge|25/100|[from] item: Life Orb
|
|upkeep
|
|t:|1760866383
|switch|p2a: Ogerpon|Ogerpon-Wellspring, F|100/100
|turn|26
|
|t:|1760866387
|move|p1a: Ceruledge|Shadow Sneak|p2a: Ogerpon
|-damage|p2a: Ogerpon|50/100
|-damage|p1a: Ceruledge|15/100|[from] item: Life Orb
|move|p2a: Ogerpon|Ivy Cudgel|p1a: Ceruledge|[anim] Ivy Cudgel Water
|-damage|p1a: Ceruledge|0 fnt
|faint|p1a: Ceruledge
|
|upkeep
|
|t:|1760866392
|switch|p1a: Kingambit|Kingambit, M|94/100
|-damage|p1a: Kingambit|88/100|[from] Stealth Rock
|-activate|p1a: Kingambit|ability: Supreme Overlord
|-start|p1a: Kingambit|fallen5|[silent]
|turn|27
|
|t:|1760866397
|move|p2a: Ogerpon|Substitute|p2a: Ogerpon
|-start|p2a: Ogerpon|Substitute
|-damage|p2a: Ogerpon|25/100
|move|p1a: Kingambit|Low Kick|p2a: Ogerpon
|-end|p2a: Ogerpon|Substitute
|
|upkeep
|turn|28
|
|t:|1760866402
|move|p2a: Ogerpon|Ivy Cudgel|p1a: Kingambit|[anim] Ivy Cudgel Water
|-damage|p1a: Kingambit|35/100
|move|p1a: Kingambit|Low Kick|p2a: Ogerpon
|-damage|p2a: Ogerpon|0 fnt
|faint|p2a: Ogerpon
|
|win|daringdario
|raw|daringdario's rating: 1641 &rarr; <strong>1660</strong><br />(+19 for winning)
|raw|Crocodile E's rating: 1618 &rarr; <strong>1599</strong><br />(-19 for losing)
|l|☆Crocodile E
|player|p2|
|l|‽daringdario
|player|p1|
