|j|☆Fruitlomps_on_god
|j|☆guinhovisk
|t:|1760884469
|gametype|singles
|player|p1|Fruitlomps_on_god|roughneck|1050
|player|p2|guinhovisk|lady-gen4|1076
|gen|9
|tier|[Gen 9] OU
|rated|
|rule|HP Percentage Mod: HP is shown in percentages
|rule|Endless Battle Clause: Forcing endless battles is banned
|rule|Species Clause: Limit one of each Pokémon
|rule|OHKO Clause: OHKO moves are banned
|rule|Evasion Items Clause: Evasion items are banned
|rule|Evasion Moves Clause: Evasion moves are banned
|rule|Evasion Abilities Clause: Evasion abilities are banned
|rule|Sleep Moves Clause: Sleep-inducing moves are banned
|clearpoke
|poke|p1|Pelipper, F|
|poke|p1|Tornadus-Therian, M|
|poke|p1|Iron Treads|
|poke|p1|Decidueye-Hisui, F|
|poke|p1|Barraskewda, F|
|poke|p1|Raging Bolt|
|poke|p2|Rillaboom, M|
|poke|p2|Mimikyu, F|
|poke|p2|Landorus-Therian, M|
|poke|p2|Blaziken, F|
|poke|p2|Iron Thorns|
|poke|p2|Ogerpon-Wellspring, F|
|teampreview
|
|t:|1760884479
|teamsize|p1|6
|teamsize|p2|6
|start
|switch|p1a: Pelipper|Pelipper, F|100/100
|switch|p2a: Landorus|Landorus-Therian, M|100/100
|-ability|p2a: Landorus|Intimidate|boost
|-unboost|p1a: Pelipper|atk|1
|-weather|RainDance|[from] ability: Drizzle|[of] p1a: Pelipper
|turn|1
|
|t:|1760884496
|move|p2a: Landorus|U-turn|p1a: Pelipper
|-resisted|p1a: Pelipper
|-damage|p1a: Pelipper|92/100
|
|t:|1760884499
|switch|p2a: Rillaboom|Rillaboom, M|100/100|[from] U-turn
|-fieldstart|move: Grassy Terrain|[from] ability: Grassy Surge|[of] p2a: Rillaboom
|move|p1a: Pelipper|U-turn|p2a: Rillaboom
|-supereffective|p2a: Rillaboom
|-damage|p2a: Rillaboom|89/100
|
|t:|1760884510
|switch|p1a: Decidueye|Decidueye-Hisui, F|100/100|[from] U-turn
|
|-weather|RainDance|[upkeep]
|-heal|p2a: Rillaboom|95/100|[from] Grassy Terrain
|upkeep
|turn|2
|
|t:|1760884517
|move|p2a: Rillaboom|Swords Dance|p2a: Rillaboom
|-boost|p2a: Rillaboom|atk|2
|move|p1a: Decidueye|Defog|p2a: Rillaboom
|-unboost|p2a: Rillaboom|evasion|1
|-fieldend|move: Grassy Terrain
|
|-weather|RainDance|[upkeep]
|upkeep
|turn|3
|
|t:|1760884529
|move|p2a: Rillaboom|Swords Dance|p2a: Rillaboom
|-boost|p2a: Rillaboom|atk|2
|move|p1a: Decidueye|U-turn|p2a: Rillaboom
|-supereffective|p2a: Rillaboom
|-damage|p2a: Rillaboom|63/100
|
|t:|1760884536
|switch|p1a: Iron Treads|Iron Treads|100/100|[from] U-turn
|
|-weather|RainDance|[upkeep]
|upkeep
|turn|4
|
|t:|1760884543
|move|p1a: Iron Treads|Earthquake|p2a: Rillaboom
|-resisted|p2a: Rillaboom
|-damage|p2a: Rillaboom|44/100
|move|p2a: Rillaboom|Drain Punch|p1a: Iron Treads
|-supereffective|p1a: Iron Treads
|-damage|p1a: Iron Treads|0 fnt
|-heal|p2a: Rillaboom|92/100|[from] drain|[of] p1a: Iron Treads
|faint|p1a: Iron Treads
|-end|p1a: Iron Treads|Quark Drive|[silent]
|
|-weather|RainDance|[upkeep]
|upkeep
|
|t:|1760884560
|switch|p1a: Tornadus|Tornadus-Therian, M|100/100
|turn|5
|
|t:|1760884565
|move|p1a: Tornadus|Hurricane|p2a: Rillaboom
|-supereffective|p2a: Rillaboom
|-damage|p2a: Rillaboom|0 fnt
|faint|p2a: Rillaboom
|
|-weather|RainDance|[upkeep]
|upkeep
|
|t:|1760884572
|switch|p2a: Iron Thorns|Iron Thorns|100/100
|turn|6
|
|t:|1760884582
|switch|p1a: Raging Bolt|Raging Bolt|100/100
|-enditem|p1a: Raging Bolt|Booster Energy
|-activate|p1a: Raging Bolt|ability: Protosynthesis|[fromitem]
|-start|p1a: Raging Bolt|protosynthesisspa
|move|p2a: Iron Thorns|Dragon Dance|p2a: Iron Thorns
|-boost|p2a: Iron Thorns|atk|1
|-boost|p2a: Iron Thorns|spe|1
|
|-weather|RainDance|[upkeep]
|upkeep
|turn|7
|
|t:|1760884594
|move|p2a: Iron Thorns|Earthquake|p1a: Raging Bolt
|-supereffective|p1a: Raging Bolt
|-damage|p1a: Raging Bolt|5/100
|move|p1a: Raging Bolt|Weather Ball|p2a: Iron Thorns
|-supereffective|p2a: Iron Thorns
|-damage|p2a: Iron Thorns|0 fnt
|faint|p2a: Iron Thorns
|-end|p2a: Iron Thorns|Quark Drive|[silent]
|
|-weather|RainDance|[upkeep]
|upkeep
|
|t:|1760884606
|switch|p2a: Mimikyu|Mimikyu, F|100/100
|turn|8
|
|t:|1760884615
|-end|p1a: Raging Bolt|Protosynthesis|[silent]
|switch|p1a: Barraskewda|Barraskewda, F|100/100
|move|p2a: Mimikyu|Shadow Sneak|p1a: Barraskewda
|-damage|p1a: Barraskewda|72/100
|
|-weather|none
|upkeep
|turn|9
|
|t:|1760884628
|switch|p1a: Pelipper|Pelipper, F|92/100
|-weather|RainDance|[from] ability: Drizzle|[of] p1a: Pelipper
|switch|p2a: Ogerpon|Ogerpon-Wellspring, F|100/100
|
|-weather|RainDance|[upkeep]
|upkeep
|turn|10
|
|t:|1760884644
|move|p2a: Ogerpon|U-turn|p1a: Pelipper
|-resisted|p1a: Pelipper
|-damage|p1a: Pelipper|82/100
|
|t:|1760884649
|switch|p2a: Landorus|Landorus-Therian, M|100/100|[from] U-turn
|-ability|p2a: Landorus|Intimidate|boost
|-unboost|p1a: Pelipper|atk|1
|move|p1a: Pelipper|U-turn|p2a: Landorus
|-resisted|p2a: Landorus
|-damage|p2a: Landorus|97/100
|-damage|p1a: Pelipper|65/100|[from] item: Rocky Helmet|[of] p2a: Landorus
|
|t:|1760884661
|switch|p1a: Barraskewda|Barraskewda, F|72/100|[from] U-turn
|
|-weather|RainDance|[upkeep]
|upkeep
|turn|11
|
|t:|1760884667
|switch|p2a: Ogerpon|Ogerpon-Wellspring, F|100/100
|move|p1a: Barraskewda|Liquidation|p2a: Ogerpon
|-immune|p2a: Ogerpon|[from] ability: Water Absorb
|
|-weather|RainDance|[upkeep]
|upkeep
|turn|12
|
|t:|1760884678
|switch|p1a: Decidueye|Decidueye-Hisui, F|100/100
|move|p2a: Ogerpon|Horn Leech|p1a: Decidueye
|-resisted|p1a: Decidueye
|-crit|p1a: Decidueye
|-damage|p1a: Decidueye|76/100
|-damage|p2a: Ogerpon|84/100|[from] item: Rocky Helmet|[of] p1a: Decidueye
|
|-weather|RainDance|[upkeep]
|upkeep
|turn|13
|
|t:|1760884689
|move|p2a: Ogerpon|U-turn|p1a: Decidueye
|-damage|p1a: Decidueye|55/100
|-damage|p2a: Ogerpon|67/100|[from] item: Rocky Helmet|[of] p1a: Decidueye
|
|t:|1760884692
|switch|p2a: Blaziken|Blaziken, F|100/100|[from] U-turn
|move|p1a: Decidueye|Triple Arrows|p2a: Blaziken
|-damage|p2a: Blaziken|47/100
|-unboost|p2a: Blaziken|def|1
|
|-weather|RainDance|[upkeep]
|upkeep
|turn|14
|
|t:|1760884708
|switch|p1a: Barraskewda|Barraskewda, F|72/100
|-terastallize|p2a: Blaziken|Flying
|move|p2a: Blaziken|Acrobatics|p1a: Barraskewda
|-damage|p1a: Barraskewda|0 fnt
|faint|p1a: Barraskewda
|
|-weather|RainDance|[upkeep]
|-ability|p2a: Blaziken|Speed Boost|boost
|-boost|p2a: Blaziken|spe|1
|upkeep
|
|t:|1760884721
|switch|p1a: Raging Bolt|Raging Bolt|5/100
|turn|15
|
|t:|1760884726
|move|p1a: Raging Bolt|Thunderclap|p2a: Blaziken
|-supereffective|p2a: Blaziken
|-damage|p2a: Blaziken|0 fnt
|faint|p2a: Blaziken
|
|-weather|RainDance|[upkeep]
|upkeep
|
|t:|1760884743
|switch|p2a: Mimikyu|Mimikyu, F|100/100
|turn|16
|
|t:|1760884747
|move|p2a: Mimikyu|Shadow Sneak|p1a: Raging Bolt
|-crit|p1a: Raging Bolt
|-damage|p1a: Raging Bolt|0 fnt
|faint|p1a: Raging Bolt
|-end|p1a: Raging Bolt|Protosynthesis|[silent]
|
|-weather|none
|upkeep
|
|t:|1760884753
|switch|p1a: Pelipper|Pelipper, F|65/100
|-weather|RainDance|[from] ability: Drizzle|[of] p1a: Pelipper
|turn|17
|
|t:|1760884761
|move|p2a: Mimikyu|Swords Dance|p2a: Mimikyu
|-boost|p2a: Mimikyu|atk|2
|move|p1a: Pelipper|Hurricane|p2a: Mimikyu
|-activate|p2a: Mimikyu|ability: Disguise
|-damage|p2a: Mimikyu|100/100
|-start|p2a: Mimikyu|confusion
|detailschange|p2a: Mimikyu|Mimikyu-Busted, F
|-damage|p2a: Mimikyu|88/100|[from] pokemon: Mimikyu-Busted
|
|-weather|RainDance|[upkeep]
|-heal|p2a: Mimikyu|94/100|[from] item: Leftovers
|upkeep
|turn|18
|
|t:|1760884774
|-activate|p2a: Mimikyu|confusion
|-damage|p2a: Mimikyu|61/100|[from] confusion
|move|p1a: Pelipper|Hurricane|p2a: Mimikyu
|-damage|p2a: Mimikyu|16/100
|
|-weather|RainDance|[upkeep]
|-heal|p2a: Mimikyu|22/100|[from] item: Leftovers
|upkeep
|turn|19
|
|t:|1760884784
|-end|p2a: Mimikyu|confusion
|move|p2a: Mimikyu|Shadow Claw|p1a: Pelipper
|-damage|p1a: Pelipper|25/100
|move|p1a: Pelipper|Hurricane|p2a: Mimikyu
|-damage|p2a: Mimikyu|0 fnt
|faint|p2a: Mimikyu
|
|-weather|RainDance|[upkeep]
|upkeep
|
|t:|1760884792
|switch|p2a: Ogerpon|Ogerpon-Wellspring, F|67/100
|turn|20
|
|t:|1760884798
|move|p2a: Ogerpon|Horn Leech|p1a: Pelipper
|-damage|p1a: Pelipper|0 fnt
|-heal|p2a: Ogerpon|81/100|[from] drain|[of] p1a: Pelipper
|faint|p1a: Pelipper
|
|-weather|RainDance|[upkeep]
|upkeep
|
|t:|1760884806
|switch|p1a: Decidueye|Decidueye-Hisui, F|55/100
|turn|21
|
|t:|1760884813
|move|p2a: Ogerpon|U-turn|p1a: Decidueye
|-damage|p1a: Decidueye|32/100
|-damage|p2a: Ogerpon|64/100|[from] item: Rocky Helmet|[of] p1a: Decidueye
|
|t:|1760884815
|switch|p2a: Landorus|Landorus-Therian, M|97/100|[from] U-turn
|-ability|p2a: Landorus|Intimidate|boost
|-fail|p1a: Decidueye|unboost|Attack|[from] ability: Scrappy|[of] p1a: Decidueye
|move|p1a: Decidueye|Triple Arrows|p2a: Landorus
|-resisted|p2a: Landorus
|-damage|p2a: Landorus|78/100
|
|-weather|RainDance|[upkeep]
|upkeep
|turn|22
|
|t:|1760884826
|move|p2a: Landorus|U-turn|p1a: Decidueye
|-damage|p1a: Decidueye|15/100
|-damage|p2a: Landorus|61/100|[from] item: Rocky Helmet|[of] p1a: Decidueye
|
|t:|1760884830
|switch|p2a: Ogerpon|Ogerpon-Wellspring, F|64/100|[from] U-turn
|move|p1a: Decidueye|U-turn|p2a: Ogerpon
|-supereffective|p2a: Ogerpon
|-damage|p2a: Ogerpon|16/100
|
|t:|1760884836
|switch|p1a: Tornadus|Tornadus-Therian, M|100/100|[from] U-turn
|
|-weather|RainDance|[upkeep]
|upkeep
|turn|23
|
|t:|1760884844
|-terastallize|p1a: Tornadus|Flying
|move|p1a: Tornadus|Hurricane|p2a: Ogerpon
|-supereffective|p2a: Ogerpon
|-damage|p2a: Ogerpon|0 fnt
|faint|p2a: Ogerpon
|
|-weather|RainDance|[upkeep]
|upkeep
|
|t:|1760884848
|switch|p2a: Landorus|Landorus-Therian, M|61/100
|-ability|p2a: Landorus|Intimidate|boost
|-unboost|p1a: Tornadus|atk|1
|turn|24
|
|t:|1760884855
|move|p1a: Tornadus|Hurricane|p2a: Landorus
|-damage|p2a: Landorus|0 fnt
|faint|p2a: Landorus
|
|win|Fruitlomps_on_god
|raw|Fruitlomps_on_god's rating: 1050 &rarr; <strong>1085</strong><br />(+35 for winning)
|raw|guinhovisk's rating: 1076 &rarr; <strong>1053</strong><br />(-23 for losing)
|l|☆guinhovisk
|player|p2|
|l|☆Fruitlomps_on_god
|player|p1|
