|j|☆hareeb
|j|☆minhbeossss
|t:|1760873165
|gametype|singles
|player|p1|hareeb|170|1272
|player|p2|minhbeossss|266|1311
|gen|9
|tier|[Gen 9] OU
|rated|
|rule|HP Percentage Mod: HP is shown in percentages
|rule|Endless Battle Clause: Forcing endless battles is banned
|rule|Species Clause: Limit one of each Pokémon
|rule|OHKO Clause: OHKO moves are banned
|rule|Evasion Items Clause: Evasion items are banned
|rule|Evasion Moves Clause: Evasion moves are banned
|rule|Evasion Abilities Clause: Evasion abilities are banned
|rule|Sleep Moves Clause: Sleep-inducing moves are banned
|clearpoke
|poke|p1|Pelipper, M|
|poke|p1|Barraskewda, M|
|poke|p1|Zapdos|
|poke|p1|Kingdra, F|
|poke|p1|Basculegion-F, F|
|poke|p1|Samurott-Hisui, M|
|poke|p2|Ninetales, F|
|poke|p2|Walking Wake|
|poke|p2|Venusaur, F|
|poke|p2|Slither Wing|
|poke|p2|Hatterene, F|
|poke|p2|Great Tusk|
|teampreview
|inactive|Battle timer is ON: inactive players will automatically lose when time's up. (requested by minhbeossss)
|
|t:|1760873182
|teamsize|p1|6
|teamsize|p2|6
|start
|switch|p1a: Pelipper|Pelipper, M, shiny|100/100
|switch|p2a: Great Tusk|Great Tusk|100/100
|-weather|RainDance|[from] ability: Drizzle|[of] p1a: Pelipper
|turn|1
|
|t:|1760873189
|move|p2a: Great Tusk|Supercell Slam|p1a: Pelipper|[miss]
|-miss|p2a: Great Tusk|p1a: Pelipper
|-damage|p2a: Great Tusk|51/100|[from] supercellslam
|move|p1a: Pelipper|Weather Ball|p2a: Great Tusk
|-supereffective|p2a: Great Tusk
|-damage|p2a: Great Tusk|0 fnt
|faint|p2a: Great Tusk
|-end|p2a: Great Tusk|Protosynthesis|[silent]
|
|-weather|RainDance|[upkeep]
|upkeep
|c|☆minhbeossss|Wow
|
|t:|1760873200
|switch|p2a: Walking Wake|Walking Wake|100/100
|turn|2
|
|t:|1760873212
|switch|p1a: Zapdos|Zapdos, shiny|100/100
|move|p2a: Walking Wake|Hydro Steam|p1a: Zapdos
|-crit|p1a: Zapdos
|-damage|p1a: Zapdos|0 fnt
|faint|p1a: Zapdos
|
|-weather|RainDance|[upkeep]
|upkeep
|
|t:|1760873220
|switch|p1a: Kingdra|Kingdra, F, shiny|100/100
|turn|3
|
|t:|1760873227
|-end|p2a: Walking Wake|Protosynthesis|[silent]
|switch|p2a: Ninetales|Ninetales, F|100/100
|-weather|SunnyDay|[from] ability: Drought|[of] p2a: Ninetales
|move|p1a: Kingdra|Draco Meteor|p2a: Ninetales
|-damage|p2a: Ninetales|30/100
|-unboost|p1a: Kingdra|spa|2
|-damage|p1a: Kingdra|91/100|[from] item: Life Orb
|
|-weather|SunnyDay|[upkeep]
|upkeep
|turn|4
|
|t:|1760873233
|switch|p2a: Hatterene|Hatterene, F|100/100
|switch|p1a: Pelipper|Pelipper, M, shiny|100/100
|-weather|RainDance|[from] ability: Drizzle|[of] p1a: Pelipper
|
|-weather|RainDance|[upkeep]
|upkeep
|turn|5
|
|t:|1760873236
|move|p1a: Pelipper|Weather Ball|p2a: Hatterene
|-damage|p2a: Hatterene|62/100
|-enditem|p2a: Hatterene|Eject Button
|
|t:|1760873239
|switch|p2a: Walking Wake|Walking Wake|100/100
|
|-weather|RainDance|[upkeep]
|upkeep
|turn|6
|
|t:|1760873243
|move|p2a: Walking Wake|Draco Meteor|p1a: Pelipper
|-damage|p1a: Pelipper|0 fnt
|-unboost|p2a: Walking Wake|spa|2
|faint|p1a: Pelipper
|
|-weather|RainDance|[upkeep]
|upkeep
|
|t:|1760873248
|switch|p1a: Kingdra|Kingdra, F, shiny|91/100
|turn|7
|
|t:|1760873252
|-end|p2a: Walking Wake|Protosynthesis|[silent]
|switch|p2a: Hatterene|Hatterene, F|62/100
|move|p1a: Kingdra|Wave Crash|p2a: Hatterene
|-crit|p2a: Hatterene
|-damage|p2a: Hatterene|0 fnt
|faint|p2a: Hatterene
|-damage|p1a: Kingdra|69/100|[from] Recoil
|-damage|p1a: Kingdra|59/100|[from] item: Life Orb
|
|-weather|RainDance|[upkeep]
|upkeep
|
|t:|1760873255
|switch|p2a: Ninetales|Ninetales, F|30/100
|-weather|SunnyDay|[from] ability: Drought|[of] p2a: Ninetales
|turn|8
|
|t:|1760873257
|move|p2a: Ninetales|Healing Wish|p2a: Ninetales
|faint|p2a: Ninetales
|move|p1a: Kingdra|Wave Crash|p2: Ninetales|[notarget]
|-fail|p1a: Kingdra
|
|-weather|SunnyDay|[upkeep]
|upkeep
|
|t:|1760873261
|switch|p2a: Walking Wake|Walking Wake|100/100
|-activate|p2a: Walking Wake|ability: Protosynthesis
|-start|p2a: Walking Wake|protosynthesisspe
|turn|9
|
|t:|1760873274
|move|p2a: Walking Wake|Draco Meteor|p1a: Kingdra
|-supereffective|p1a: Kingdra
|-damage|p1a: Kingdra|0 fnt
|-unboost|p2a: Walking Wake|spa|2
|faint|p1a: Kingdra
|
|-weather|SunnyDay|[upkeep]
|upkeep
|
|t:|1760873279
|switch|p1a: Samurott|Samurott-Hisui, M, shiny|100/100
|turn|10
|
|t:|1760873284
|-end|p2a: Walking Wake|Protosynthesis|[silent]
|switch|p2a: Slither Wing|Slither Wing|100/100
|-activate|p2a: Slither Wing|ability: Protosynthesis
|-start|p2a: Slither Wing|protosynthesisatk
|-terastallize|p1a: Samurott|Fairy
|move|p1a: Samurott|Ceaseless Edge|p2a: Slither Wing
|-resisted|p2a: Slither Wing
|-damage|p2a: Slither Wing|72/100
|-sidestart|p2: minhbeossss|Spikes
|
|-weather|SunnyDay|[upkeep]
|upkeep
|turn|11
|
|t:|1760873288
|move|p1a: Samurott|Ceaseless Edge|p2a: Slither Wing
|-resisted|p2a: Slither Wing
|-damage|p2a: Slither Wing|44/100
|-sidestart|p2: minhbeossss|Spikes
|move|p2a: Slither Wing|U-turn|p1a: Samurott
|-resisted|p1a: Samurott
|-damage|p1a: Samurott|69/100
|
|t:|1760873290
|-end|p2a: Slither Wing|Protosynthesis|[silent]
|switch|p2a: Walking Wake|Walking Wake|100/100|[from] U-turn
|-damage|p2a: Walking Wake|84/100|[from] Spikes
|-activate|p2a: Walking Wake|ability: Protosynthesis
|-start|p2a: Walking Wake|protosynthesisspe
|
|-weather|SunnyDay|[upkeep]
|upkeep
|turn|12
|
|t:|1760873293
|move|p2a: Walking Wake|Hydro Steam|p1a: Samurott
|-damage|p1a: Samurott|0 fnt
|faint|p1a: Samurott
|
|-weather|SunnyDay|[upkeep]
|upkeep
|
|t:|1760873298
|switch|p1a: Basculegion|Basculegion-F, F, shiny|100/100
|turn|13
|
|t:|1760873301
|-terastallize|p2a: Walking Wake|Water
|move|p2a: Walking Wake|Hydro Steam|p1a: Basculegion
|-resisted|p1a: Basculegion
|-damage|p1a: Basculegion|27/100
|move|p1a: Basculegion|Crunch|p2a: Walking Wake
|-damage|p2a: Walking Wake|47/100
|
|-weather|SunnyDay|[upkeep]
|upkeep
|turn|14
|
|t:|1760873308
|move|p2a: Walking Wake|Hydro Steam|p1a: Basculegion
|-resisted|p1a: Basculegion
|-damage|p1a: Basculegion|0 fnt
|faint|p1a: Basculegion
|
|-weather|SunnyDay|[upkeep]
|upkeep
|
|t:|1760873310
|switch|p1a: Barraskewda|Barraskewda, M, shiny|100/100
|turn|15
|
|t:|1760873316
|move|p2a: Walking Wake|Hydro Steam|p1a: Barraskewda
|-resisted|p1a: Barraskewda
|-damage|p1a: Barraskewda|0 fnt
|faint|p1a: Barraskewda
|
|win|minhbeossss
|raw|hareeb's rating: 1272 &rarr; <strong>1250</strong><br />(-22 for losing)
|raw|minhbeossss's rating: 1311 &rarr; <strong>1329</strong><br />(+18 for winning)
|l|☆hareeb
|player|p1|
|l|☆minhbeossss
|player|p2|
