|j|☆SpongeGar & Patar
|j|☆wallik
|t:|1760763033
|gametype|singles
|player|p1|SpongeGar & Patar|101|1835
|player|p2|wallik|bugsy|1737
|gen|9
|tier|[Gen 9] OU
|rated|
|rule|HP Percentage Mod: HP is shown in percentages
|rule|Endless Battle Clause: Forcing endless battles is banned
|rule|Species Clause: Limit one of each Pokémon
|rule|OHKO Clause: OHKO moves are banned
|rule|Evasion Items Clause: Evasion items are banned
|rule|Evasion Moves Clause: Evasion moves are banned
|rule|Evasion Abilities Clause: Evasion abilities are banned
|rule|Sleep Moves Clause: Sleep-inducing moves are banned
|clearpoke
|poke|p1|Kyurem|
|poke|p1|Corviknight, M|
|poke|p1|Ting-Lu|
|poke|p1|Dondozo, F|
|poke|p1|Slowking-Galar, L99, M|
|poke|p1|Cinderace, F|
|poke|p2|Cinderace, M|
|poke|p2|Great Tusk|
|poke|p2|Slowking-Galar, F|
|poke|p2|Corviknight, M|
|poke|p2|Raging Bolt|
|poke|p2|Whimsicott, F|
|teampreview
|
|t:|1760763083
|teamsize|p1|6
|teamsize|p2|6
|start
|switch|p1a: Kyurem|Kyurem|100/100
|switch|p2a: Packin Purple|Great Tusk|100/100
|-ability|p1a: Kyurem|Pressure
|turn|1
|inactive|Battle timer is ON: inactive players will automatically lose when time's up. (requested by SpongeGar & Patar)
|j| Kyurem
|c|☆wallik|kyurem joined
|inactive|SpongeGar & Patar has 120 seconds left.
|c| Kyurem|Kyurem
|
|t:|1760763131
|-end|p2a: Packin Purple|Protosynthesis|[silent]
|switch|p2a: BrainRot|Slowking-Galar, F|100/100
|move|p1a: Kyurem|Freeze-Dry|p2a: BrainRot
|-damage|p2a: BrainRot|85/100
|-status|p2a: BrainRot|frz
|
|upkeep
|turn|2
|inactive|SpongeGar & Patar has 120 seconds left.
|j| frrrer34343
|
|t:|1760763182
|move|p1a: Kyurem|Earth Power|p2a: BrainRot
|-supereffective|p2a: BrainRot
|-damage|p2a: BrainRot|58/100 frz
|cant|p2a: BrainRot|frz
|
|upkeep
|turn|3
|inactive|SpongeGar & Patar has 90 seconds left.
|
|t:|1760763231
|switch|p2a: Gladys|Corviknight, M|100/100
|-ability|p2a: Gladys|Pressure
|move|p1a: Kyurem|Freeze-Dry|p2a: Gladys
|-damage|p2a: Gladys|67/100
|
|upkeep
|turn|4
|inactive|SpongeGar & Patar has 60 seconds left.
|c|☆wallik|i hate kyurem
|inactive|SpongeGar & Patar has 30 seconds left.
|
|t:|1760763281
|move|p1a: Kyurem|Freeze-Dry|p2a: Gladys
|-damage|p2a: Gladys|32/100
|move|p2a: Gladys|Roost|p2a: Gladys
|-heal|p2a: Gladys|82/100
|-singleturn|p2a: Gladys|move: Roost
|
|upkeep
|turn|5
|c|☆wallik|kyurem plz say something
|inactive|SpongeGar & Patar has 30 seconds left.
|c| Kyurem|Freeze.
|
|t:|1760763296
|switch|p2a: Ronaldo|Cinderace, M|100/100
|move|p1a: Kyurem|Freeze-Dry|p2a: Ronaldo
|-resisted|p2a: Ronaldo
|-damage|p2a: Ronaldo|74/100
|
|upkeep
|turn|6
|c|☆wallik|yes
|inactive|SpongeGar & Patar has 30 seconds left.
|
|t:|1760763306
|move|p1a: Kyurem|Protect|p1a: Kyurem
|-singleturn|p1a: Kyurem|Protect
|move|p2a: Ronaldo|U-turn|p1a: Kyurem
|-start|p2a: Ronaldo|typechange|Bug|[from] ability: Libero
|-activate|p1a: Kyurem|move: Protect
|
|upkeep
|turn|7
|
|t:|1760763316
|move|p2a: Ronaldo|U-turn|p1a: Kyurem
|-damage|p1a: Kyurem|52/100
|
|t:|1760763320
|switch|p2a: BrainRot|Slowking-Galar, F|91/100 frz|[from] U-turn
|move|p1a: Kyurem|Freeze-Dry|p2a: BrainRot
|-damage|p2a: BrainRot|74/100 frz
|
|-heal|p1a: Kyurem|58/100|[from] item: Leftovers
|upkeep
|turn|8
|
|t:|1760763330
|move|p1a: Kyurem|Freeze-Dry|p2a: BrainRot
|-damage|p2a: BrainRot|57/100 frz
|cant|p2a: BrainRot|frz
|
|-heal|p1a: Kyurem|65/100|[from] item: Leftovers
|upkeep
|turn|9
|
|t:|1760763339
|switch|p2a: Gladys|Corviknight, M|82/100
|-ability|p2a: Gladys|Pressure
|move|p1a: Kyurem|Freeze-Dry|p2a: Gladys
|-damage|p2a: Gladys|50/100
|-status|p2a: Gladys|frz
|
|-heal|p1a: Kyurem|71/100|[from] item: Leftovers
|upkeep
|turn|10
|c|☆wallik|ok
|c|☆wallik|don't say freeze again
|
|t:|1760763368
|switch|p2a: BrainRot|Slowking-Galar, F|91/100 frz
|move|p1a: Kyurem|Freeze-Dry|p2a: BrainRot
|-damage|p2a: BrainRot|74/100 frz
|
|-heal|p1a: Kyurem|77/100|[from] item: Leftovers
|upkeep
|turn|11
|
|t:|1760763379
|move|p1a: Kyurem|Earth Power|p2a: BrainRot
|-supereffective|p2a: BrainRot
|-damage|p2a: BrainRot|45/100 frz
|cant|p2a: BrainRot|frz
|
|-heal|p1a: Kyurem|83/100|[from] item: Leftovers
|upkeep
|turn|12
|inactive|SpongeGar & Patar has 60 seconds left.
|
|t:|1760763388
|move|p1a: Kyurem|Freeze-Dry|p2a: BrainRot
|-damage|p2a: BrainRot|27/100 frz
|cant|p2a: BrainRot|frz
|
|-heal|p1a: Kyurem|89/100|[from] item: Leftovers
|upkeep
|turn|13
|c| Kyurem|Im sorry, the bot must freeze.
|
|t:|1760763408
|switch|p2a: Whimsicott|Whimsicott, F|100/100
|move|p1a: Kyurem|Freeze-Dry|p2a: Whimsicott
|-supereffective|p2a: Whimsicott
|-damage|p2a: Whimsicott|19/100
|
|-heal|p1a: Kyurem|96/100|[from] item: Leftovers
|-heal|p2a: Whimsicott|25/100|[from] item: Leftovers
|upkeep
|turn|14
|
|t:|1760763420
|move|p2a: Whimsicott|Stun Spore|p1a: Kyurem
|-status|p1a: Kyurem|par
|move|p1a: Kyurem|Freeze-Dry|p2a: Whimsicott
|-supereffective|p2a: Whimsicott
|-damage|p2a: Whimsicott|0 fnt
|faint|p2a: Whimsicott
|
|-heal|p1a: Kyurem|100/100 par|[from] item: Leftovers
|upkeep
|l| Kyurem
|inactive|wallik has 120 seconds left.
|
|t:|1760763449
|switch|p2a: Vape God|Raging Bolt|100/100
|turn|15
|
|t:|1760763459
|switch|p1a: Ting-Lu|Ting-Lu|100/100
|-ability|p1a: Ting-Lu|Vessel of Ruin
|move|p2a: Vape God|Draco Meteor|p1a: Ting-Lu
|-damage|p1a: Ting-Lu|48/100
|-unboost|p2a: Vape God|spa|2
|
|-heal|p1a: Ting-Lu|55/100|[from] item: Leftovers
|upkeep
|turn|16
|
|t:|1760763470
|-end|p2a: Vape God|Protosynthesis|[silent]
|switch|p2a: Packin Purple|Great Tusk|100/100
|move|p1a: Ting-Lu|Earthquake|p2a: Packin Purple
|-damage|p2a: Packin Purple|74/100
|
|-heal|p2a: Packin Purple|81/100|[from] item: Leftovers
|-heal|p1a: Ting-Lu|61/100|[from] item: Leftovers
|upkeep
|turn|17
|inactive|wallik has 120 seconds left.
|
|t:|1760763480
|move|p2a: Packin Purple|Knock Off|p1a: Ting-Lu
|-resisted|p1a: Ting-Lu
|-damage|p1a: Ting-Lu|51/100
|-enditem|p1a: Ting-Lu|Leftovers|[from] move: Knock Off|[of] p2a: Packin Purple
|move|p1a: Ting-Lu|Earthquake|p2a: Packin Purple
|-damage|p2a: Packin Purple|52/100
|
|-heal|p2a: Packin Purple|58/100|[from] item: Leftovers
|upkeep
|turn|18
|inactive|wallik has 120 seconds left.
|
|t:|1760763491
|-end|p2a: Packin Purple|Protosynthesis|[silent]
|switch|p2a: Gladys|Corviknight, M|50/100 frz
|-ability|p2a: Gladys|Pressure
|move|p1a: Ting-Lu|Rest|p1a: Ting-Lu
|-status|p1a: Ting-Lu|slp|[from] move: Rest
|-heal|p1a: Ting-Lu|100/100 slp|[silent]
|
|upkeep
|turn|19
|
|t:|1760763501
|cant|p2a: Gladys|frz
|cant|p1a: Ting-Lu|slp
|move|p1a: Ting-Lu|Sleep Talk|p1a: Ting-Lu
|move|p1a: Ting-Lu|Earthquake|p2a: Gladys|[from] move: Sleep Talk
|-immune|p2a: Gladys
|
|upkeep
|turn|20
|
|t:|1760763510
|cant|p2a: Gladys|frz
|cant|p1a: Ting-Lu|slp
|move|p1a: Ting-Lu|Sleep Talk|p1a: Ting-Lu
|move|p1a: Ting-Lu|Rest||[from] move: Sleep Talk|[still]
|-fail|p1a: Ting-Lu
|
|upkeep
|turn|21
|inactive|SpongeGar & Patar has 90 seconds left.
|
|t:|1760763520
|cant|p2a: Gladys|frz
|-curestatus|p1a: Ting-Lu|slp|[msg]
|move|p1a: Ting-Lu|Payback|p2a: Gladys
|-crit|p2a: Gladys
|-damage|p2a: Gladys|11/100 frz
|-damage|p1a: Ting-Lu|84/100|[from] item: Rocky Helmet|[of] p2a: Gladys
|
|upkeep
|turn|22
|inactive|SpongeGar & Patar has 90 seconds left.
|inactive|SpongeGar & Patar has 60 seconds left.
|
|t:|1760763571
|switch|p2a: Ronaldo|Cinderace, M|74/100
|move|p1a: Ting-Lu|Earthquake|p2a: Ronaldo
|-supereffective|p2a: Ronaldo
|-damage|p2a: Ronaldo|0 fnt
|faint|p2a: Ronaldo
|
|upkeep
|-message|wallik forfeited.
|
|win|SpongeGar & Patar
|raw|SpongeGar &amp; Patar's rating: 1835 &rarr; <strong>1850</strong><br />(+15 for winning)
|raw|wallik's rating: 1737 &rarr; <strong>1722</strong><br />(-15 for losing)
|l|☆SpongeGar & Patar
|player|p1|
|l|☆wallik
|player|p2|
