|j|☆cuajada
|j|☆wangdong864203
|t:|1760886911
|gametype|singles
|player|p1|cuajada|ltsurge|1323
|player|p2|wangdong864203|rocketgrunt|1264
|gen|9
|tier|[Gen 9] OU
|rated|
|rule|HP Percentage Mod: HP is shown in percentages
|rule|Endless Battle Clause: Forcing endless battles is banned
|rule|Species Clause: Limit one of each Pokémon
|rule|OHKO Clause: OHKO moves are banned
|rule|Evasion Items Clause: Evasion items are banned
|rule|Evasion Moves Clause: Evasion moves are banned
|rule|Evasion Abilities Clause: Evasion abilities are banned
|rule|Sleep Moves Clause: Sleep-inducing moves are banned
|clearpoke
|poke|p1|Ambipom, M|
|poke|p1|Swampert, M|
|poke|p1|Zapdos|
|poke|p1|Blaziken, F|
|poke|p1|Blastoise, M|
|poke|p1|Latios, M|
|poke|p2|Dragonite, M|
|poke|p2|Scizor, F|
|poke|p2|Ogerpon-Wellspring, F|
|poke|p2|Skarmory, F|
|poke|p2|Landorus-Therian, M|
|poke|p2|Hatterene, F|
|teampreview
|inactive|Battle timer is ON: inactive players will automatically lose when time's up. (requested by wangdong864203)
|
|t:|1760886933
|teamsize|p1|6
|teamsize|p2|6
|start
|switch|p1a: Shinobi Shadow|Ambipom, M|100/100
|switch|p2a: Skarmory|Skarmory, F, shiny|100/100
|turn|1
|
|t:|1760886945
|move|p1a: Shinobi Shadow|Fake Out|p2a: Skarmory
|-resisted|p2a: Skarmory
|-damage|p2a: Skarmory|88/100
|cant|p2a: Skarmory|flinch
|
|-heal|p2a: Skarmory|95/100|[from] item: Leftovers
|upkeep
|turn|2
|
|t:|1760886954
|move|p1a: Shinobi Shadow|Knock Off|p2a: Skarmory
|-damage|p2a: Skarmory|72/100
|-enditem|p2a: Skarmory|Leftovers|[from] move: Knock Off|[of] p1a: Shinobi Shadow
|move|p2a: Skarmory|Stealth Rock|p1a: Shinobi Shadow
|-sidestart|p1: cuajada|move: Stealth Rock
|
|upkeep
|turn|3
|
|t:|1760886964
|move|p1a: Shinobi Shadow|U-turn|p2a: Skarmory
|-resisted|p2a: Skarmory
|-damage|p2a: Skarmory|68/100
|
|t:|1760886967
|switch|p1a: Naruto|Swampert, M|100/100|[from] U-turn
|-damage|p1a: Naruto|94/100|[from] Stealth Rock
|move|p2a: Skarmory|Whirlwind|p1a: Naruto
|drag|p1a: PIKAZA|Zapdos|100/100
|
|upkeep
|turn|4
|
|t:|1760886981
|switch|p2a: Landorus|Landorus-Therian, M|100/100
|-ability|p2a: Landorus|Intimidate|boost
|-unboost|p1a: PIKAZA|atk|1
|move|p1a: PIKAZA|Volt Switch|p2a: Landorus
|-immune|p2a: Landorus
|
|upkeep
|turn|5
|
|t:|1760886993
|move|p2a: Landorus|U-turn|p1a: PIKAZA
|-resisted|p1a: PIKAZA
|-damage|p1a: PIKAZA|90/100
|-status|p2a: Landorus|par|[from] ability: Static|[of] p1a: PIKAZA
|
|t:|1760886999
|switch|p2a: Hatterene|Hatterene, F|100/100|[from] U-turn
|move|p1a: PIKAZA|Heat Wave|p2a: Hatterene
|-damage|p2a: Hatterene|72/100
|
|-heal|p2a: Hatterene|78/100|[from] item: Leftovers
|upkeep
|turn|6
|
|t:|1760887012
|move|p1a: PIKAZA|Thunderbolt|p2a: Hatterene
|-damage|p2a: Hatterene|34/100
|move|p2a: Hatterene|Calm Mind|p2a: Hatterene
|-boost|p2a: Hatterene|spa|1
|-boost|p2a: Hatterene|spd|1
|
|-heal|p2a: Hatterene|40/100|[from] item: Leftovers
|upkeep
|turn|7
|
|t:|1760887020
|move|p1a: PIKAZA|Thunderbolt|p2a: Hatterene
|-damage|p2a: Hatterene|9/100
|-status|p2a: Hatterene|par
|move|p2a: Hatterene|Draining Kiss|p1a: PIKAZA
|-damage|p1a: PIKAZA|47/100
|-heal|p2a: Hatterene|57/100 par|[from] drain|[of] p1a: PIKAZA
|
|-heal|p2a: Hatterene|62/100 par|[from] item: Leftovers
|upkeep
|turn|8
|
|t:|1760887034
|move|p1a: PIKAZA|Volt Switch|p2a: Hatterene
|-damage|p2a: Hatterene|40/100 par
|
|t:|1760887045
|switch|p1a: TenGen|Blastoise, M|100/100|[from] Volt Switch
|-damage|p1a: TenGen|88/100|[from] Stealth Rock
|move|p2a: Hatterene|Draining Kiss|p1a: TenGen
|-damage|p1a: TenGen|59/100
|-heal|p2a: Hatterene|71/100 par|[from] drain|[of] p1a: TenGen
|
|-heal|p2a: Hatterene|77/100 par|[from] item: Leftovers
|upkeep
|turn|9
|
|t:|1760887060
|move|p1a: TenGen|Rapid Spin|p2a: Hatterene
|-damage|p2a: Hatterene|67/100 par
|-boost|p1a: TenGen|spe|1
|-sideend|p1: cuajada|Stealth Rock|[from] move: Rapid Spin|[of] p1a: TenGen
|move|p2a: Hatterene|Nuzzle|p1a: TenGen
|-supereffective|p1a: TenGen
|-damage|p1a: TenGen|52/100
|-status|p1a: TenGen|par
|
|-heal|p2a: Hatterene|73/100 par|[from] item: Leftovers
|upkeep
|turn|10
|
|t:|1760887071
|move|p1a: TenGen|Surf|p2a: Hatterene
|-damage|p2a: Hatterene|42/100 par
|cant|p2a: Hatterene|par
|
|-heal|p2a: Hatterene|48/100 par|[from] item: Leftovers
|upkeep
|turn|11
|
|t:|1760887080
|move|p1a: TenGen|Surf|p2a: Hatterene
|-damage|p2a: Hatterene|19/100 par
|cant|p2a: Hatterene|par
|
|-heal|p2a: Hatterene|25/100 par|[from] item: Leftovers
|upkeep
|turn|12
|
|t:|1760887097
|move|p1a: TenGen|Surf|p2a: Hatterene
|-damage|p2a: Hatterene|0 fnt
|faint|p2a: Hatterene
|
|upkeep
|
|t:|1760887105
|switch|p2a: Dragonite|Dragonite, M|100/100
|turn|13
|
|t:|1760887109
|move|p2a: Dragonite|Dragon Dance|p2a: Dragonite
|-boost|p2a: Dragonite|atk|1
|-boost|p2a: Dragonite|spe|1
|cant|p1a: TenGen|par
|
|upkeep
|turn|14
|
|t:|1760887115
|move|p2a: Dragonite|Dragon Dance|p2a: Dragonite
|-boost|p2a: Dragonite|atk|1
|-boost|p2a: Dragonite|spe|1
|move|p1a: TenGen|Ice Beam|p2a: Dragonite
|-supereffective|p2a: Dragonite
|-damage|p2a: Dragonite|50/100
|-enditem|p2a: Dragonite|Weakness Policy
|-boost|p2a: Dragonite|atk|2|[from] item: Weakness Policy
|-boost|p2a: Dragonite|spa|2|[from] item: Weakness Policy
|
|upkeep
|turn|15
|
|t:|1760887129
|move|p2a: Dragonite|Dragon Claw|p1a: TenGen
|-damage|p1a: TenGen|0 fnt
|faint|p1a: TenGen
|
|upkeep
|
|t:|1760887140
|switch|p1a: Naruto|Swampert, M|94/100
|turn|16
|
|t:|1760887144
|move|p2a: Dragonite|Dragon Claw|p1a: Naruto
|-damage|p1a: Naruto|0 fnt
|faint|p1a: Naruto
|
|upkeep
|
|t:|1760887152
|switch|p1a: PIKAZA|Zapdos|47/100
|turn|17
|
|t:|1760887156
|move|p2a: Dragonite|Dragon Claw|p1a: PIKAZA
|-damage|p1a: PIKAZA|0 fnt
|faint|p1a: PIKAZA
|
|upkeep
|
|t:|1760887161
|switch|p1a: Shinobi Shadow|Ambipom, M|100/100
|turn|18
|
|t:|1760887169
|move|p1a: Shinobi Shadow|Fake Out|p2a: Dragonite
|-damage|p2a: Dragonite|18/100
|cant|p2a: Dragonite|flinch
|
|upkeep
|turn|19
|
|t:|1760887177
|switch|p1a: Pupuso|Latios, M|100/100
|move|p2a: Dragonite|Extreme Speed|p1a: Pupuso
|-damage|p1a: Pupuso|0 fnt
|faint|p1a: Pupuso
|
|upkeep
|
|t:|1760887184
|switch|p1a: Shinobi Shadow|Ambipom, M|100/100
|turn|20
|
|t:|1760887206
|move|p1a: Shinobi Shadow|Fake Out|p2a: Dragonite
|-damage|p2a: Dragonite|0 fnt
|faint|p2a: Dragonite
|
|upkeep
|
|t:|1760887213
|switch|p2a: Skarmory|Skarmory, F, shiny|68/100
|turn|21
|
|t:|1760887223
|move|p1a: Shinobi Shadow|Knock Off|p2a: Skarmory
|-damage|p2a: Skarmory|54/100
|move|p2a: Skarmory|Stealth Rock|p1a: Shinobi Shadow
|-sidestart|p1: cuajada|move: Stealth Rock
|
|upkeep
|turn|22
|
|t:|1760887229
|move|p1a: Shinobi Shadow|Double Hit|p2a: Skarmory
|-resisted|p2a: Skarmory
|-damage|p2a: Skarmory|44/100
|-resisted|p2a: Skarmory
|-damage|p2a: Skarmory|34/100
|-hitcount|p2a: Skarmory|2
|move|p2a: Skarmory|Roost|p2a: Skarmory
|-heal|p2a: Skarmory|84/100
|-singleturn|p2a: Skarmory|move: Roost
|
|upkeep
|turn|23
|
|t:|1760887238
|move|p1a: Shinobi Shadow|Double Hit|p2a: Skarmory
|-resisted|p2a: Skarmory
|-crit|p2a: Skarmory
|-damage|p2a: Skarmory|68/100
|-resisted|p2a: Skarmory
|-damage|p2a: Skarmory|57/100
|-hitcount|p2a: Skarmory|2
|move|p2a: Skarmory|Whirlwind|p1a: Shinobi Shadow
|drag|p1a: Maya|Blaziken, F|100/100
|-damage|p1a: Maya|88/100|[from] Stealth Rock
|
|upkeep
|turn|24
|
|t:|1760887253
|move|p1a: Maya|Flare Blitz|p2a: Skarmory
|-supereffective|p2a: Skarmory
|-damage|p2a: Skarmory|0 fnt
|faint|p2a: Skarmory
|-damage|p1a: Maya|72/100|[from] Recoil
|-damage|p1a: Maya|62/100|[from] item: Life Orb
|
|-ability|p1a: Maya|Speed Boost|boost
|-boost|p1a: Maya|spe|1
|upkeep
|
|t:|1760887260
|switch|p2a: Landorus|Landorus-Therian, M|100/100 par
|-ability|p2a: Landorus|Intimidate|boost
|-unboost|p1a: Maya|atk|1
|turn|25
|
|t:|1760887272
|move|p1a: Maya|Swords Dance|p1a: Maya
|-boost|p1a: Maya|atk|2
|move|p2a: Landorus|Earthquake|p1a: Maya
|-supereffective|p1a: Maya
|-damage|p1a: Maya|0 fnt
|faint|p1a: Maya
|
|upkeep
|
|t:|1760887280
|switch|p1a: Shinobi Shadow|Ambipom, M|100/100
|-damage|p1a: Shinobi Shadow|88/100|[from] Stealth Rock
|turn|26
|
|t:|1760887288
|switch|p2a: Scizor|Scizor, F|100/100
|-terastallize|p1a: Shinobi Shadow|Normal
|move|p1a: Shinobi Shadow|Fake Out|p2a: Scizor
|-resisted|p2a: Scizor
|-damage|p2a: Scizor|76/100
|-damage|p1a: Shinobi Shadow|72/100|[from] item: Rocky Helmet|[of] p2a: Scizor
|
|upkeep
|turn|27
|
|t:|1760887300
|move|p1a: Shinobi Shadow|Double Hit|p2a: Scizor
|-resisted|p2a: Scizor
|-damage|p2a: Scizor|54/100
|-damage|p1a: Shinobi Shadow|55/100|[from] item: Rocky Helmet|[of] p2a: Scizor
|-resisted|p2a: Scizor
|-damage|p2a: Scizor|32/100
|-damage|p1a: Shinobi Shadow|39/100|[from] item: Rocky Helmet|[of] p2a: Scizor
|-hitcount|p2a: Scizor|2
|move|p2a: Scizor|Dual Wingbeat|p1a: Shinobi Shadow
|-damage|p1a: Shinobi Shadow|0 fnt
|faint|p1a: Shinobi Shadow
|-hitcount|p1: Shinobi Shadow|1
|
|win|wangdong864203
|raw|cuajada's rating: 1323 &rarr; <strong>1300</strong><br />(-23 for losing)
|raw|wangdong864203's rating: 1264 &rarr; <strong>1293</strong><br />(+29 for winning)
|l|☆wangdong864203
|player|p2|
|l|☆cuajada
|player|p1|
