|j|☆theKentoRico
|j|☆Silver951
|t:|1760850927
|gametype|singles
|player|p1|theKentoRico|hilbert|1086
|player|p2|Silver951|cynthia|1125
|gen|9
|tier|[Gen 9] OU
|rated|
|rule|HP Percentage Mod: HP is shown in percentages
|rule|Endless Battle Clause: Forcing endless battles is banned
|rule|Species Clause: Limit one of each Pokémon
|rule|OHKO Clause: OHKO moves are banned
|rule|Evasion Items Clause: Evasion items are banned
|rule|Evasion Moves Clause: Evasion moves are banned
|rule|Evasion Abilities Clause: Evasion abilities are banned
|rule|Sleep Moves Clause: Sleep-inducing moves are banned
|clearpoke
|poke|p1|Decidueye, F|
|poke|p1|Ogerpon-Wellspring, F|
|poke|p1|Glimmora, M|
|poke|p1|Gholdengo|
|poke|p1|Primarina, M|
|poke|p1|Kingambit, F|
|poke|p2|Moltres-Galar|
|poke|p2|Indeedee, M|
|poke|p2|Cresselia, F|
|poke|p2|Ogerpon, F|
|poke|p2|Blaziken, F|
|poke|p2|Espeon, F|
|teampreview
|inactive|Battle timer is ON: inactive players will automatically lose when time's up. (requested by theKentoRico)
|
|t:|1760850936
|teamsize|p1|6
|teamsize|p2|6
|start
|switch|p1a: Decidueye|Decidueye, F|100/100
|switch|p2a: Indeedee|Indeedee, M|100/100
|-fieldstart|move: Psychic Terrain|[from] ability: Psychic Surge|[of] p2a: Indeedee
|turn|1
|
|t:|1760850964
|move|p1a: Decidueye|U-turn|p2a: Indeedee
|-supereffective|p2a: Indeedee
|-damage|p2a: Indeedee|17/100
|-enditem|p2a: Indeedee|Eject Button
|
|t:|1760850977
|switch|p2a: Moltres|Moltres-Galar|100/100
|
|upkeep
|turn|2
|
|t:|1760850992
|move|p1a: Decidueye|U-turn|p2a: Moltres
|-damage|p2a: Moltres|83/100
|
|t:|1760850999
|switch|p1a: Primarina|Primarina, M|100/100|[from] U-turn
|move|p2a: Moltres|Agility|p2a: Moltres
|-boost|p2a: Moltres|spe|2
|
|upkeep
|turn|3
|
|t:|1760851011
|move|p2a: Moltres|Air Slash|p1a: Primarina
|-damage|p1a: Primarina|65/100
|move|p1a: Primarina|Moonblast|p2a: Moltres
|-supereffective|p2a: Moltres
|-damage|p2a: Moltres|0 fnt
|faint|p2a: Moltres
|
|-heal|p1a: Primarina|71/100|[from] item: Leftovers
|upkeep
|
|t:|1760851023
|switch|p2a: Ogerpon|Ogerpon, F|100/100
|turn|4
|
|t:|1760851029
|move|p2a: Ogerpon|Focus Energy|p2a: Ogerpon
|-start|p2a: Ogerpon|move: Focus Energy
|move|p1a: Primarina|Moonblast|p2a: Ogerpon
|-damage|p2a: Ogerpon|41/100
|
|-heal|p1a: Primarina|77/100|[from] item: Leftovers
|upkeep
|turn|5
|
|t:|1760851041
|move|p2a: Ogerpon|Ivy Cudgel|p1a: Primarina
|-supereffective|p1a: Primarina
|-crit|p1a: Primarina
|-damage|p1a: Primarina|0 fnt
|faint|p1a: Primarina
|
|-fieldend|move: Psychic Terrain
|upkeep
|
|t:|1760851050
|switch|p1a: Glimmora|Glimmora, M|100/100
|turn|6
|
|t:|1760851058
|move|p2a: Ogerpon|Zen Headbutt|p1a: Glimmora
|-supereffective|p1a: Glimmora
|-crit|p1a: Glimmora
|-damage|p1a: Glimmora|3/100
|-activate|p1a: Glimmora|ability: Toxic Debris
|-sidestart|p2: Silver951|move: Toxic Spikes
|move|p1a: Glimmora|Mortal Spin|p2a: Ogerpon
|-supereffective|p2a: Ogerpon
|-damage|p2a: Ogerpon|24/100
|-status|p2a: Ogerpon|psn
|
|-damage|p2a: Ogerpon|12/100 psn|[from] psn
|upkeep
|turn|7
|
|t:|1760851080
|switch|p1a: Kingambit|Kingambit, F|100/100
|-activate|p1a: Kingambit|ability: Supreme Overlord
|-start|p1a: Kingambit|fallen1|[silent]
|move|p2a: Ogerpon|Knock Off|p1a: Kingambit
|-resisted|p1a: Kingambit
|-crit|p1a: Kingambit
|-damage|p1a: Kingambit|81/100
|-enditem|p1a: Kingambit|Leftovers|[from] move: Knock Off|[of] p2a: Ogerpon
|
|-damage|p2a: Ogerpon|0 fnt|[from] psn
|faint|p2a: Ogerpon
|upkeep
|
|t:|1760851104
|switch|p2a: Espeon|Espeon, F|100/100
|-status|p2a: Espeon|psn
|turn|8
|
|t:|1760851113
|-terastallize|p2a: Espeon|Fighting
|move|p2a: Espeon|Double Kick|p1a: Kingambit
|-supereffective|p1a: Kingambit
|-damage|p1a: Kingambit|24/100
|-supereffective|p1a: Kingambit
|-damage|p1a: Kingambit|0 fnt
|faint|p1a: Kingambit
|-end|p1a: Kingambit|fallen1|[silent]
|-hitcount|p1: Kingambit|2
|
|-damage|p2a: Espeon|88/100 psn|[from] psn
|upkeep
|
|t:|1760851130
|switch|p1a: Decidueye|Decidueye, F|100/100
|turn|9
|
|t:|1760851148
|switch|p2a: Cresselia|Cresselia, F|100/100
|move|p1a: Decidueye|Spirit Shackle|p2a: Cresselia
|-supereffective|p2a: Cresselia
|-damage|p2a: Cresselia|56/100
|-activate|p2a: Cresselia|trapped
|
|upkeep
|turn|10
|inactive|Silver951 has 120 seconds left.
|
|t:|1760851179
|move|p1a: Decidueye|Spirit Shackle|p2a: Cresselia
|-supereffective|p2a: Cresselia
|-damage|p2a: Cresselia|10/100
|move|p2a: Cresselia|Lunar Dance|p2a: Cresselia
|faint|p2a: Cresselia
|
|upkeep
|inactive|Silver951 has 120 seconds left.
|
|t:|1760851205
|switch|p2a: Indeedee|Indeedee, M|17/100
|-heal|p2a: Indeedee|100/100|[from] move: Lunar Dance
|-status|p2a: Indeedee|psn
|-fieldstart|move: Psychic Terrain|[from] ability: Psychic Surge|[of] p2a: Indeedee
|turn|11
|
|t:|1760851222
|switch|p1a: Ogerpon|Ogerpon-Wellspring, F|100/100
|move|p2a: Indeedee|Expanding Force|p1a: Ogerpon
|-damage|p1a: Ogerpon|20/100
|
|-damage|p2a: Indeedee|88/100 psn|[from] psn
|upkeep
|turn|12
|inactive|Silver951 has 90 seconds left.
|
|t:|1760851248
|move|p1a: Ogerpon|Ivy Cudgel|p2a: Indeedee|[anim] Ivy Cudgel Water
|-damage|p2a: Indeedee|0 fnt
|faint|p2a: Indeedee
|
|upkeep
|
|t:|1760851256
|switch|p2a: Blaziken|Blaziken, F|100/100
|-status|p2a: Blaziken|psn
|turn|13
|
|t:|1760851265
|move|p2a: Blaziken|Protect|p2a: Blaziken
|-singleturn|p2a: Blaziken|Protect
|move|p1a: Ogerpon|Ivy Cudgel|p2a: Blaziken|[anim] Ivy Cudgel Water
|-activate|p2a: Blaziken|move: Protect
|
|-damage|p2a: Blaziken|88/100 psn|[from] psn
|-ability|p2a: Blaziken|Speed Boost|boost
|-boost|p2a: Blaziken|spe|1
|upkeep
|turn|14
|inactive|Silver951 has 90 seconds left.
|
|t:|1760851278
|move|p2a: Blaziken|Protect|p2a: Blaziken
|-singleturn|p2a: Blaziken|Protect
|move|p1a: Ogerpon|Ivy Cudgel|p2a: Blaziken|[anim] Ivy Cudgel Water
|-activate|p2a: Blaziken|move: Protect
|
|-damage|p2a: Blaziken|76/100 psn|[from] psn
|-ability|p2a: Blaziken|Speed Boost|boost
|-boost|p2a: Blaziken|spe|1
|upkeep
|turn|15
|inactive|Silver951 has 90 seconds left.
|
|t:|1760851290
|-terastallize|p1a: Ogerpon|Water
|detailschange|p1a: Ogerpon|Ogerpon-Wellspring-Tera, F, tera:Water
|-ability|p1a: Ogerpon|Embody Aspect (Wellspring)|boost
|-boost|p1a: Ogerpon|spd|1
|move|p2a: Blaziken|Blaze Kick|p1a: Ogerpon
|-resisted|p1a: Ogerpon
|-damage|p1a: Ogerpon|0 fnt
|faint|p1a: Ogerpon
|detailschange|p1: Ogerpon|Ogerpon-Wellspring, F|[silent]
|
|-damage|p2a: Blaziken|63/100 psn|[from] psn
|-fieldend|move: Psychic Terrain
|-ability|p2a: Blaziken|Speed Boost|boost
|-boost|p2a: Blaziken|spe|1
|upkeep
|
|t:|1760851306
|switch|p1a: Decidueye|Decidueye, F|100/100
|turn|16
|
|t:|1760851312
|switch|p1a: Gholdengo|Gholdengo|100/100
|-item|p1a: Gholdengo|Air Balloon
|move|p2a: Blaziken|Blaze Kick|p1a: Gholdengo|[miss]
|-miss|p2a: Blaziken|p1a: Gholdengo
|
|-damage|p2a: Blaziken|51/100 psn|[from] psn
|-ability|p2a: Blaziken|Speed Boost|boost
|-boost|p2a: Blaziken|spe|1
|upkeep
|turn|17
|
|t:|1760851327
|move|p2a: Blaziken|Blaze Kick|p1a: Gholdengo
|-supereffective|p1a: Gholdengo
|-damage|p1a: Gholdengo|0 fnt
|-enditem|p1a: Gholdengo|Air Balloon
|faint|p1a: Gholdengo
|
|-damage|p2a: Blaziken|39/100 psn|[from] psn
|-ability|p2a: Blaziken|Speed Boost|boost
|-boost|p2a: Blaziken|spe|1
|upkeep
|-enditem|p2a: Blaziken|Sitrus Berry|[eat]
|-heal|p2a: Blaziken|64/100 psn|[from] item: Sitrus Berry
|
|t:|1760851338
|switch|p1a: Decidueye|Decidueye, F|100/100
|turn|18
|inactive|theKentoRico has 120 seconds left.
|
|t:|1760851359
|move|p2a: Blaziken|Blaze Kick|p1a: Decidueye
|-supereffective|p1a: Decidueye
|-damage|p1a: Decidueye|0 fnt
|faint|p1a: Decidueye
|
|-damage|p2a: Blaziken|51/100 psn|[from] psn
|-ability|p2a: Blaziken|Speed Boost|boost
|-boost|p2a: Blaziken|spe|1
|upkeep
|inactive|theKentoRico has 120 seconds left.
|
|t:|1760851368
|switch|p1a: Glimmora|Glimmora, M|3/100
|turn|19
|
|t:|1760851374
|move|p2a: Blaziken|Double Kick|p1a: Glimmora
|-damage|p1a: Glimmora|0 fnt
|-activate|p1a: Glimmora|ability: Toxic Debris
|-sidestart|p2: Silver951|move: Toxic Spikes
|faint|p1a: Glimmora
|-hitcount|p1: Glimmora|1
|
|win|Silver951
|raw|theKentoRico's rating: 1086 &rarr; <strong>1066</strong><br />(-20 for losing)
|raw|Silver951's rating: 1125 &rarr; <strong>1147</strong><br />(+22 for winning)
|l|☆theKentoRico
|player|p1|
