|j|☆tintin1010
|j|☆daveyboy8796
|t:|1760760347
|gametype|singles
|player|p1|tintin1010|101|1166
|player|p2|daveyboy8796|gentleman-gen4|1186
|gen|9
|tier|[Gen 9] OU
|rated|
|rule|HP Percentage Mod: HP is shown in percentages
|rule|Endless Battle Clause: Forcing endless battles is banned
|rule|Species Clause: Limit one of each Pokémon
|rule|OHKO Clause: OHKO moves are banned
|rule|Evasion Items Clause: Evasion items are banned
|rule|Evasion Moves Clause: Evasion moves are banned
|rule|Evasion Abilities Clause: Evasion abilities are banned
|rule|Sleep Moves Clause: Sleep-inducing moves are banned
|clearpoke
|poke|p1|Moltres|
|poke|p1|Hippowdon, M|
|poke|p1|Hydrapple, M|
|poke|p1|Slowking-Galar, M|
|poke|p1|Azumarill, M|
|poke|p1|Excadrill, M|
|poke|p2|Spidops, F|
|poke|p2|Kilowattrel, M|
|poke|p2|Dragonite, M|
|poke|p2|Palossand, F|
|poke|p2|Blastoise, F|
|poke|p2|Glimmora, M|
|teampreview
|inactive|Battle timer is ON: inactive players will automatically lose when time's up. (requested by tintin1010)
|
|t:|1760760368
|teamsize|p1|6
|teamsize|p2|6
|start
|switch|p1a: Hippowdon|Hippowdon, M, shiny|100/100
|switch|p2a: Spidops|Spidops, F|100/100
|-weather|Sandstorm|[from] ability: Sand Stream|[of] p1a: Hippowdon
|turn|1
|
|t:|1760760375
|move|p2a: Spidops|Sticky Web|p1a: Hippowdon
|-sidestart|p1: tintin1010|move: Sticky Web
|move|p1a: Hippowdon|Scorching Sands|p2a: Spidops
|-resisted|p2a: Spidops
|-crit|p2a: Spidops
|-damage|p2a: Spidops|83/100
|
|-weather|Sandstorm|[upkeep]
|-damage|p2a: Spidops|77/100|[from] Sandstorm
|upkeep
|turn|2
|
|t:|1760760383
|move|p2a: Spidops|Knock Off|p1a: Hippowdon
|-damage|p1a: Hippowdon|86/100
|-damage|p2a: Spidops|61/100|[from] item: Rocky Helmet|[of] p1a: Hippowdon
|-enditem|p1a: Hippowdon|Rocky Helmet|[from] move: Knock Off|[of] p2a: Spidops
|move|p1a: Hippowdon|Stealth Rock|p2a: Spidops
|-sidestart|p2: daveyboy8796|move: Stealth Rock
|
|-weather|Sandstorm|[upkeep]
|-damage|p2a: Spidops|55/100|[from] Sandstorm
|upkeep
|turn|3
|
|t:|1760760395
|switch|p2a: Glimmora|Glimmora, M|100/100
|-damage|p2a: Glimmora|88/100|[from] Stealth Rock
|-item|p2a: Glimmora|Air Balloon
|move|p1a: Hippowdon|Scorching Sands|p2a: Glimmora
|-immune|p2a: Glimmora
|
|-weather|Sandstorm|[upkeep]
|upkeep
|turn|4
|
|t:|1760760407
|switch|p1a: Excadrill|Excadrill, M, shiny|100/100
|move|p2a: Glimmora|Mortal Spin|p1a: Excadrill
|-immune|p1a: Excadrill
|
|-weather|Sandstorm|[upkeep]
|upkeep
|turn|5
|
|t:|1760760419
|switch|p2a: PocketSand|Palossand, F, shiny|100/100
|-damage|p2a: PocketSand|94/100|[from] Stealth Rock
|move|p1a: Excadrill|Iron Head|p2a: PocketSand
|-damage|p2a: PocketSand|65/100
|-damage|p1a: Excadrill|84/100|[from] item: Rocky Helmet|[of] p2a: PocketSand
|
|-weather|none
|upkeep
|turn|6
|
|t:|1760760431
|switch|p1a: Slowking|Slowking-Galar, M, shiny|100/100
|-activate|p1a: Slowking|move: Sticky Web
|-unboost|p1a: Slowking|spe|1
|move|p2a: PocketSand|Shore Up|p2a: PocketSand
|-heal|p2a: PocketSand|100/100
|
|upkeep
|turn|7
|
|t:|1760760440
|move|p2a: PocketSand|Shadow Ball|p1a: Slowking
|-supereffective|p1a: Slowking
|-damage|p1a: Slowking|57/100
|-unboost|p1a: Slowking|spd|1
|move|p1a: Slowking|Future Sight|p2a: PocketSand
|-start|p1a: Slowking|move: Future Sight
|
|-heal|p1a: Slowking|63/100|[from] item: Black Sludge
|upkeep
|turn|8
|
|t:|1760760450
|switch|p1a: Hydrapple|Hydrapple, M, shiny|100/100
|move|p2a: PocketSand|Shadow Ball|p1a: Hydrapple
|-damage|p1a: Hydrapple|73/100
|
|upkeep
|turn|9
|
|t:|1760760461
|switch|p2a: TinyWings|Dragonite, M|100/100
|-damage|p2a: TinyWings|76/100|[from] Stealth Rock
|move|p1a: Hydrapple|Fickle Beam|p2a: TinyWings
|-supereffective|p2a: TinyWings
|-damage|p2a: TinyWings|0 fnt
|faint|p2a: TinyWings
|
|-hint|Future Sight did not hit because the target is fainted.
|upkeep
|
|t:|1760760470
|switch|p2a: Zaptres|Kilowattrel, M|100/100
|-damage|p2a: Zaptres|76/100|[from] Stealth Rock
|turn|10
|
|t:|1760760476
|switch|p1a: Slowking|Slowking-Galar, M, shiny|97/100
|-activate|p1a: Slowking|move: Sticky Web
|-unboost|p1a: Slowking|spe|1
|move|p2a: Zaptres|Air Slash|p1a: Slowking
|-damage|p1a: Slowking|63/100
|-damage|p2a: Zaptres|66/100|[from] item: Life Orb
|
|-heal|p1a: Slowking|69/100|[from] item: Black Sludge
|upkeep
|turn|11
|
|t:|1760760486
|move|p2a: Zaptres|Electro Ball|p1a: Slowking
|-damage|p1a: Slowking|3/100
|-damage|p2a: Zaptres|56/100|[from] item: Life Orb
|move|p1a: Slowking|Future Sight|p2a: Zaptres
|-start|p1a: Slowking|move: Future Sight
|
|-heal|p1a: Slowking|9/100|[from] item: Black Sludge
|upkeep
|turn|12
|
|t:|1760760495
|switch|p1a: Hippowdon|Hippowdon, M, shiny|86/100
|-activate|p1a: Hippowdon|move: Sticky Web
|-unboost|p1a: Hippowdon|spe|1
|-weather|Sandstorm|[from] ability: Sand Stream|[of] p1a: Hippowdon
|move|p2a: Zaptres|Air Slash|p1a: Hippowdon
|-damage|p1a: Hippowdon|37/100
|-damage|p2a: Zaptres|46/100|[from] item: Life Orb
|
|-weather|Sandstorm|[upkeep]
|-damage|p2a: Zaptres|40/100|[from] Sandstorm
|upkeep
|turn|13
|
|t:|1760760507
|switch|p1a: Azumarill|Azumarill, M|100/100
|-activate|p1a: Azumarill|move: Sticky Web
|-unboost|p1a: Azumarill|spe|1
|move|p2a: Zaptres|Air Slash|p1a: Azumarill
|-damage|p1a: Azumarill|68/100
|-damage|p2a: Zaptres|30/100|[from] item: Life Orb
|
|-weather|Sandstorm|[upkeep]
|-damage|p2a: Zaptres|24/100|[from] Sandstorm
|-damage|p1a: Azumarill|62/100|[from] Sandstorm
|-end|p2a: Zaptres|move: Future Sight
|-damage|p2a: Zaptres|0 fnt
|faint|p2a: Zaptres
|upkeep
|
|t:|1760760528
|switch|p2a: PocketSand|Palossand, F, shiny|100/100
|-damage|p2a: PocketSand|94/100|[from] Stealth Rock
|turn|14
|l|☆tintin1010
|inactive|tintin1010 disconnected and has a minute to reconnect!
|player|p1|
|j|☆tintin1010
|inactive|tintin1010 reconnected and has 130 seconds left.
|player|p1|tintin1010|101|
|
|t:|1760760555
|move|p2a: PocketSand|Stealth Rock|p1a: Azumarill
|-sidestart|p1: tintin1010|move: Stealth Rock
|move|p1a: Azumarill|Knock Off|p2a: PocketSand
|-supereffective|p2a: PocketSand
|-damage|p2a: PocketSand|42/100
|-damage|p1a: Azumarill|45/100|[from] item: Rocky Helmet|[of] p2a: PocketSand
|-enditem|p2a: PocketSand|Rocky Helmet|[from] move: Knock Off|[of] p1a: Azumarill
|
|-weather|Sandstorm|[upkeep]
|-damage|p1a: Azumarill|39/100|[from] Sandstorm
|upkeep
|turn|15
|inactive|tintin1010 has 120 seconds left.
|
|t:|1760760574
|switch|p1a: Hydrapple|Hydrapple, M, shiny|100/100
|move|p2a: PocketSand|Shore Up|p2a: PocketSand
|-heal|p2a: PocketSand|100/100
|
|-weather|Sandstorm|[upkeep]
|-damage|p1a: Hydrapple|94/100|[from] Sandstorm
|upkeep
|turn|16
|
|t:|1760760583
|move|p1a: Hydrapple|Fickle Beam|p2a: PocketSand
|-damage|p2a: PocketSand|48/100
|move|p2a: PocketSand|Shadow Ball|p1a: Hydrapple
|-damage|p1a: Hydrapple|67/100
|
|-weather|none
|upkeep
|turn|17
|
|t:|1760760592
|move|p1a: Hydrapple|Giga Drain|p2a: PocketSand
|-supereffective|p2a: PocketSand
|-damage|p2a: PocketSand|0 fnt
|-heal|p1a: Hydrapple|88/100|[from] drain|[of] p2a: PocketSand
|faint|p2a: PocketSand
|
|upkeep
|
|t:|1760760599
|switch|p2a: Donatello|Blastoise, F|100/100
|-damage|p2a: Donatello|88/100|[from] Stealth Rock
|turn|18
|
|t:|1760760605
|-terastallize|p2a: Donatello|Electric
|-terastallize|p1a: Hydrapple|Fairy
|move|p2a: Donatello|Shell Smash|p2a: Donatello
|-unboost|p2a: Donatello|def|1
|-unboost|p2a: Donatello|spd|1
|-boost|p2a: Donatello|atk|2
|-boost|p2a: Donatello|spa|2
|-boost|p2a: Donatello|spe|2
|-enditem|p2a: Donatello|White Herb
|-clearnegativeboost|p2a: Donatello|[silent]
|move|p1a: Hydrapple|Giga Drain|p2a: Donatello
|-damage|p2a: Donatello|42/100
|-heal|p1a: Hydrapple|100/100|[from] drain|[of] p2a: Donatello
|
|upkeep
|turn|19
|
|t:|1760760621
|move|p2a: Donatello|Liquidation|p1a: Hydrapple
|-damage|p1a: Hydrapple|50/100
|move|p1a: Hydrapple|Giga Drain|p2a: Donatello
|-crit|p2a: Donatello
|-damage|p2a: Donatello|0 fnt
|-heal|p1a: Hydrapple|65/100|[from] drain|[of] p2a: Donatello
|faint|p2a: Donatello
|
|upkeep
|-message|daveyboy8796 forfeited.
|
|win|tintin1010
|raw|tintin1010's rating: 1166 &rarr; <strong>1192</strong><br />(+26 for winning)
|raw|daveyboy8796's rating: 1186 &rarr; <strong>1160</strong><br />(-26 for losing)
|l|☆daveyboy8796
|player|p2|
|l|☆tintin1010
|player|p1|
