|j|☆hilopogoman
|j|☆Killer07
|t:|1760786759
|gametype|singles
|player|p1|hilopogoman|266|1336
|player|p2|Killer07|pokekid|1402
|gen|9
|tier|[Gen 9] OU
|rated|
|rule|HP Percentage Mod: HP is shown in percentages
|rule|Endless Battle Clause: Forcing endless battles is banned
|rule|Species Clause: Limit one of each Pokémon
|rule|OHKO Clause: OHKO moves are banned
|rule|Evasion Items Clause: Evasion items are banned
|rule|Evasion Moves Clause: Evasion moves are banned
|rule|Evasion Abilities Clause: Evasion abilities are banned
|rule|Sleep Moves Clause: Sleep-inducing moves are banned
|clearpoke
|poke|p1|Walking Wake|
|poke|p1|Zapdos|
|poke|p1|Great Tusk|
|poke|p1|Diancie|
|poke|p1|Zarude-Dada|
|poke|p1|Heatran, F|
|poke|p2|Goodra-Hisui, M|
|poke|p2|Corviknight, F|
|poke|p2|Rillaboom, M|
|poke|p2|Gholdengo|
|poke|p2|Blaziken, M|
|poke|p2|Regidrago|
|teampreview
|
|t:|1760786780
|teamsize|p1|6
|teamsize|p2|6
|start
|switch|p1a: Diancie|Diancie|100/100
|switch|p2a: Gholdengo|Gholdengo|100/100
|turn|1
|
|t:|1760786791
|switch|p1a: Heatran|Heatran, F|100/100
|move|p2a: Gholdengo|Make It Rain|p1a: Heatran
|-resisted|p1a: Heatran
|-damage|p1a: Heatran|94/100
|-unboost|p2a: Gholdengo|spa|1
|
|upkeep
|turn|2
|
|t:|1760786812
|switch|p2a: Goodra|Goodra-Hisui, M, shiny|100/100
|move|p1a: Heatran|Earth Power|p2a: Goodra
|-supereffective|p2a: Goodra
|-damage|p2a: Goodra|78/100
|
|upkeep
|turn|3
|
|t:|1760786818
|move|p1a: Heatran|Earth Power|p2a: Goodra
|-supereffective|p2a: Goodra
|-damage|p2a: Goodra|57/100
|move|p2a: Goodra|Earthquake|p1a: Heatran
|-supereffective|p1a: Heatran
|-damage|p1a: Heatran|16/100
|
|upkeep
|turn|4
|
|t:|1760786826
|switch|p1a: Great Tusk|Great Tusk|100/100
|move|p2a: Goodra|Earthquake|p1a: Great Tusk
|-damage|p1a: Great Tusk|88/100
|
|upkeep
|turn|5
|
|t:|1760786831
|switch|p2a: Corviknight|Corviknight, F|100/100
|-ability|p2a: Corviknight|Pressure
|move|p1a: Great Tusk|Headlong Rush|p2a: Corviknight
|-immune|p2a: Corviknight
|
|upkeep
|turn|6
|
|t:|1760786836
|-end|p1a: Great Tusk|Protosynthesis|[silent]
|switch|p1a: Zapdos|Zapdos|100/100
|move|p2a: Corviknight|Brave Bird|p1a: Zapdos
|-resisted|p1a: Zapdos
|-damage|p1a: Zapdos|88/100
|-damage|p2a: Corviknight|96/100|[from] Recoil
|
|upkeep
|turn|7
|
|t:|1760786841
|switch|p2a: Gholdengo|Gholdengo|100/100
|move|p1a: Zapdos|Volt Switch|p2a: Gholdengo
|-damage|p2a: Gholdengo|67/100
|
|t:|1760786843
|switch|p1a: Zarude|Zarude-Dada|100/100|[from] Volt Switch
|
|upkeep
|turn|8
|
|t:|1760786852
|switch|p2a: Corviknight|Corviknight, F|96/100
|-ability|p2a: Corviknight|Pressure
|move|p1a: Zarude|Knock Off|p2a: Corviknight
|-damage|p2a: Corviknight|67/100
|-damage|p1a: Zarude|84/100|[from] item: Rocky Helmet|[of] p2a: Corviknight
|-enditem|p2a: Corviknight|Rocky Helmet|[from] move: Knock Off|[of] p1a: Zarude
|
|upkeep
|turn|9
|
|t:|1760786859
|switch|p1a: Zapdos|Zapdos|88/100
|move|p2a: Corviknight|U-turn|p1a: Zapdos
|-resisted|p1a: Zapdos
|-damage|p1a: Zapdos|82/100
|
|t:|1760786872
|switch|p2a: Gholdengo|Gholdengo|67/100|[from] U-turn
|
|upkeep
|turn|10
|
|t:|1760786877
|move|p2a: Gholdengo|Shadow Ball|p1a: Zapdos
|-damage|p1a: Zapdos|43/100
|move|p1a: Zapdos|Heat Wave|p2a: Gholdengo
|-supereffective|p2a: Gholdengo
|-damage|p2a: Gholdengo|8/100
|
|upkeep
|turn|11
|
|t:|1760786880
|move|p2a: Gholdengo|Shadow Ball|p1a: Zapdos
|-damage|p1a: Zapdos|0 fnt
|faint|p1a: Zapdos
|
|upkeep
|
|t:|1760786884
|switch|p1a: Zarude|Zarude-Dada|84/100
|turn|12
|
|t:|1760786887
|switch|p2a: Corviknight|Corviknight, F|67/100
|-ability|p2a: Corviknight|Pressure
|move|p1a: Zarude|U-turn|p2a: Corviknight
|-resisted|p2a: Corviknight
|-damage|p2a: Corviknight|63/100
|
|t:|1760786891
|switch|p1a: Heatran|Heatran, F|16/100|[from] U-turn
|
|upkeep
|turn|13
|
|t:|1760786899
|switch|p2a: Goodra|Goodra-Hisui, M, shiny|57/100
|move|p1a: Heatran|Magma Storm|p2a: Goodra
|-damage|p2a: Goodra|41/100
|-activate|p2a: Goodra|move: Magma Storm|[of] p1a: Heatran
|
|-damage|p2a: Goodra|29/100|[from] move: Magma Storm|[partiallytrapped]
|upkeep
|turn|14
|
|t:|1760786911
|switch|p1a: Great Tusk|Great Tusk|88/100
|move|p2a: Goodra|Earthquake|p1a: Great Tusk
|-damage|p1a: Great Tusk|76/100
|
|-end|p2a: Goodra|Magma Storm|[partiallytrapped]|[silent]
|upkeep
|turn|15
|
|t:|1760786916
|-end|p1a: Great Tusk|Protosynthesis|[silent]
|switch|p1a: Heatran|Heatran, F|16/100
|switch|p2a: Corviknight|Corviknight, F|63/100
|-ability|p2a: Corviknight|Pressure
|
|upkeep
|turn|16
|
|t:|1760786918
|move|p1a: Heatran|Magma Storm|p2a: Corviknight|[miss]
|-miss|p1a: Heatran|p2a: Corviknight
|move|p2a: Corviknight|Brave Bird|p1a: Heatran
|-resisted|p1a: Heatran
|-damage|p1a: Heatran|0 fnt
|faint|p1a: Heatran
|-damage|p2a: Corviknight|59/100|[from] Recoil
|
|upkeep
|-message|hilopogoman forfeited.
|
|win|Killer07
|raw|hilopogoman's rating: 1336 &rarr; <strong>1320</strong><br />(-16 for losing)
|raw|Killer07's rating: 1402 &rarr; <strong>1418</strong><br />(+16 for winning)
|l|☆hilopogoman
|player|p1|
|l|☆Killer07
|player|p2|
