|j|☆IceFangLuxray
|j|☆Asrzzz
|t:|1760763208
|gametype|singles
|player|p1|IceFangLuxray|hilda|1375
|player|p2|Asrzzz|alder|1416
|gen|9
|tier|[Gen 9] OU
|rated|
|rule|HP Percentage Mod: HP is shown in percentages
|rule|Endless Battle Clause: Forcing endless battles is banned
|rule|Species Clause: Limit one of each Pokémon
|rule|OHKO Clause: OHKO moves are banned
|rule|Evasion Items Clause: Evasion items are banned
|rule|Evasion Moves Clause: Evasion moves are banned
|rule|Evasion Abilities Clause: Evasion abilities are banned
|rule|Sleep Moves Clause: Sleep-inducing moves are banned
|clearpoke
|poke|p1|Meowscarada, F|
|poke|p1|Moltres|
|poke|p1|Gholdengo|
|poke|p1|Dragalge, F|
|poke|p1|Great Tusk|
|poke|p1|Samurott-Hisui, M|
|poke|p2|Ninetales-Alola, F|
|poke|p2|Kyurem|
|poke|p2|Iron Crown|
|poke|p2|Primarina, M|
|poke|p2|Great Tusk|
|poke|p2|Iron Hands|
|teampreview
|
|t:|1760763225
|teamsize|p1|6
|teamsize|p2|6
|start
|switch|p1a: Gholdengo|Gholdengo|100/100
|switch|p2a: Iron Crown|Iron Crown|100/100
|-item|p1a: Gholdengo|Air Balloon
|turn|1
|
|t:|1760763236
|switch|p1a: Great Tusk|Great Tusk|100/100
|move|p2a: Iron Crown|Agility|p2a: Iron Crown
|-boost|p2a: Iron Crown|spe|2
|
|upkeep
|turn|2
|
|t:|1760763247
|-end|p1a: Great Tusk|Protosynthesis|[silent]
|switch|p1a: Samurott|Samurott-Hisui, M|100/100
|move|p2a: Iron Crown|Calm Mind|p2a: Iron Crown
|-boost|p2a: Iron Crown|spa|1
|-boost|p2a: Iron Crown|spd|1
|
|upkeep
|turn|3
|
|t:|1760763259
|-end|p2a: Iron Crown|Quark Drive|[silent]
|switch|p2a: Iron Hands|Iron Hands|100/100
|move|p1a: Samurott|Ceaseless Edge|p2a: Iron Hands
|-resisted|p2a: Iron Hands
|-damage|p2a: Iron Hands|85/100
|-sidestart|p2: Asrzzz|Spikes
|
|-heal|p2a: Iron Hands|91/100|[from] item: Leftovers
|upkeep
|turn|4
|
|t:|1760763269
|switch|p1a: Dragalge|Dragalge, F|100/100
|move|p2a: Iron Hands|Swords Dance|p2a: Iron Hands
|-boost|p2a: Iron Hands|atk|2
|
|-heal|p2a: Iron Hands|97/100|[from] item: Leftovers
|upkeep
|turn|5
|
|t:|1760763278
|move|p2a: Iron Hands|Ice Punch|p1a: Dragalge
|-supereffective|p1a: Dragalge
|-damage|p1a: Dragalge|1/100
|-damage|p2a: Iron Hands|81/100|[from] item: Rocky Helmet|[of] p1a: Dragalge
|move|p1a: Dragalge|Dragon Tail|p2a: Iron Hands
|-damage|p2a: Iron Hands|68/100
|-end|p2a: Iron Hands|Quark Drive|[silent]
|drag|p2a: Ninetales|Ninetales-Alola, F|100/100
|-damage|p2a: Ninetales|88/100|[from] Spikes
|-weather|Snowscape|[from] ability: Snow Warning|[of] p2a: Ninetales
|
|-weather|Snowscape|[upkeep]
|upkeep
|turn|6
|
|t:|1760763291
|move|p2a: Ninetales|Aurora Veil|p2a: Ninetales
|-sidestart|p2: Asrzzz|move: Aurora Veil
|move|p1a: Dragalge|Toxic Spikes|p2a: Ninetales
|-sidestart|p2: Asrzzz|move: Toxic Spikes
|
|-weather|Snowscape|[upkeep]
|upkeep
|turn|7
|
|t:|1760763297
|move|p2a: Ninetales|Freeze-Dry|p1a: Dragalge
|-supereffective|p1a: Dragalge
|-damage|p1a: Dragalge|0 fnt
|faint|p1a: Dragalge
|
|-weather|Snowscape|[upkeep]
|upkeep
|
|t:|1760763304
|switch|p1a: Gholdengo|Gholdengo|100/100
|-item|p1a: Gholdengo|Air Balloon
|turn|8
|
|t:|1760763311
|move|p2a: Ninetales|Freeze-Dry|p1a: Gholdengo
|-resisted|p1a: Gholdengo
|-damage|p1a: Gholdengo|84/100
|-enditem|p1a: Gholdengo|Air Balloon
|move|p1a: Gholdengo|Nasty Plot|p1a: Gholdengo
|-boost|p1a: Gholdengo|spa|2
|
|-weather|Snowscape|[upkeep]
|upkeep
|turn|9
|
|t:|1760763338
|-terastallize|p2a: Ninetales|Poison
|move|p2a: Ninetales|Moonblast|p1a: Gholdengo
|-resisted|p1a: Gholdengo
|-damage|p1a: Gholdengo|62/100
|-unboost|p1a: Gholdengo|spa|1
|move|p1a: Gholdengo|Make It Rain|p2a: Ninetales
|-damage|p2a: Ninetales|36/100
|-unboost|p1a: Gholdengo|spa|1
|
|-weather|none
|upkeep
|turn|10
|
|t:|1760763351
|switch|p2a: Iron Crown|Iron Crown|100/100
|-damage|p2a: Iron Crown|88/100|[from] Spikes
|move|p1a: Gholdengo|Nasty Plot|p1a: Gholdengo
|-boost|p1a: Gholdengo|spa|2
|
|upkeep
|turn|11
|
|t:|1760763359
|-end|p2a: Iron Crown|Quark Drive|[silent]
|switch|p2a: Ninetales|Ninetales-Alola, F, tera:Poison|36/100
|-damage|p2a: Ninetales|24/100|[from] Spikes
|-sideend|p2: Asrzzz|move: Toxic Spikes|[of] p2a: Ninetales
|-weather|Snowscape|[from] ability: Snow Warning|[of] p2a: Ninetales
|move|p1a: Gholdengo|Recover|p1a: Gholdengo
|-heal|p1a: Gholdengo|100/100
|
|-weather|Snowscape|[upkeep]
|upkeep
|turn|12
|
|t:|1760763378
|switch|p2a: Iron Crown|Iron Crown|88/100
|-damage|p2a: Iron Crown|76/100|[from] Spikes
|move|p1a: Gholdengo|Hex|p2a: Iron Crown
|-supereffective|p2a: Iron Crown
|-damage|p2a: Iron Crown|9/100
|-enditem|p2a: Iron Crown|Weakness Policy
|-boost|p2a: Iron Crown|atk|2|[from] item: Weakness Policy
|-boost|p2a: Iron Crown|spa|2|[from] item: Weakness Policy
|
|-weather|Snowscape|[upkeep]
|upkeep
|turn|13
|
|t:|1760763388
|move|p2a: Iron Crown|Tachyon Cutter|p1a: Gholdengo
|-resisted|p1a: Gholdengo
|-damage|p1a: Gholdengo|70/100
|-resisted|p1a: Gholdengo
|-damage|p1a: Gholdengo|38/100
|-hitcount|p1a: Gholdengo|2
|move|p1a: Gholdengo|Hex|p2a: Iron Crown
|-supereffective|p2a: Iron Crown
|-crit|p2a: Iron Crown
|-damage|p2a: Iron Crown|0 fnt
|faint|p2a: Iron Crown
|-end|p2a: Iron Crown|Quark Drive|[silent]
|
|-weather|Snowscape|[upkeep]
|-sideend|p2: Asrzzz|move: Aurora Veil
|upkeep
|
|t:|1760763406
|switch|p2a: Primarina|Primarina, M|100/100
|-damage|p2a: Primarina|88/100|[from] Spikes
|turn|14
|
|t:|1760763414
|move|p1a: Gholdengo|Recover|p1a: Gholdengo
|-heal|p1a: Gholdengo|88/100
|move|p2a: Primarina|Sparkling Aria|p1a: Gholdengo
|-damage|p1a: Gholdengo|33/100
|
|-weather|Snowscape|[upkeep]
|upkeep
|turn|15
|
|t:|1760763425
|move|p1a: Gholdengo|Make It Rain|p2a: Primarina
|-damage|p2a: Primarina|8/100
|-unboost|p1a: Gholdengo|spa|1
|move|p2a: Primarina|Sparkling Aria|p1a: Gholdengo
|-damage|p1a: Gholdengo|0 fnt
|faint|p1a: Gholdengo
|
|-weather|none
|upkeep
|
|t:|1760763443
|switch|p1a: Samurott|Samurott-Hisui, M|100/100
|turn|16
|
|t:|1760763450
|move|p1a: Samurott|Ceaseless Edge|p2a: Primarina
|-resisted|p2a: Primarina
|-damage|p2a: Primarina|0 fnt
|-sidestart|p2: Asrzzz|Spikes
|faint|p2a: Primarina
|
|upkeep
|
|t:|1760763456
|switch|p2a: Great Tusk|Great Tusk|100/100
|turn|17
|
|t:|1760763461
|switch|p1a: Moltres|Moltres|100/100
|move|p2a: Great Tusk|Rapid Spin|p1a: Moltres
|-damage|p1a: Moltres|82/100
|-boost|p2a: Great Tusk|spe|1
|-sideend|p2: Asrzzz|Spikes|[from] move: Rapid Spin|[of] p2a: Great Tusk
|
|upkeep
|turn|18
|
|t:|1760763471
|-end|p2a: Great Tusk|Protosynthesis|[silent]
|switch|p2a: Ninetales|Ninetales-Alola, F, tera:Poison|24/100
|-weather|Snowscape|[from] ability: Snow Warning|[of] p2a: Ninetales
|move|p1a: Moltres|Will-O-Wisp|p2a: Ninetales
|-status|p2a: Ninetales|brn
|
|-weather|Snowscape|[upkeep]
|-damage|p2a: Ninetales|18/100 brn|[from] brn
|upkeep
|turn|19
|
|t:|1760763481
|move|p2a: Ninetales|Aurora Veil|p2a: Ninetales
|-sidestart|p2: Asrzzz|move: Aurora Veil
|move|p1a: Moltres|Flamethrower|p2a: Ninetales
|-damage|p2a: Ninetales|0 fnt
|faint|p2a: Ninetales
|
|-weather|Snowscape|[upkeep]
|upkeep
|
|t:|1760763495
|switch|p2a: Iron Hands|Iron Hands|68/100
|turn|20
|
|t:|1760763499
|move|p1a: Moltres|Will-O-Wisp|p2a: Iron Hands
|-status|p2a: Iron Hands|brn
|move|p2a: Iron Hands|Thunder Punch|p1a: Moltres
|-supereffective|p1a: Moltres
|-damage|p1a: Moltres|28/100
|
|-weather|Snowscape|[upkeep]
|-heal|p2a: Iron Hands|75/100 brn|[from] item: Leftovers
|-damage|p2a: Iron Hands|68/100 brn|[from] brn
|upkeep
|turn|21
|
|t:|1760763516
|move|p1a: Moltres|U-turn|p2a: Iron Hands
|-resisted|p2a: Iron Hands
|-damage|p2a: Iron Hands|66/100 brn
|
|t:|1760763518
|switch|p1a: Great Tusk|Great Tusk|100/100|[from] U-turn
|move|p2a: Iron Hands|Ice Punch|p1a: Great Tusk
|-supereffective|p1a: Great Tusk
|-damage|p1a: Great Tusk|83/100
|
|-weather|Snowscape|[upkeep]
|-heal|p2a: Iron Hands|72/100 brn|[from] item: Leftovers
|-damage|p2a: Iron Hands|66/100 brn|[from] brn
|upkeep
|turn|22
|
|t:|1760763531
|move|p1a: Great Tusk|Stealth Rock|p2a: Iron Hands
|-sidestart|p2: Asrzzz|move: Stealth Rock
|move|p2a: Iron Hands|Swords Dance|p2a: Iron Hands
|-boost|p2a: Iron Hands|atk|2
|
|-weather|none
|-heal|p2a: Iron Hands|72/100 brn|[from] item: Leftovers
|-damage|p2a: Iron Hands|66/100 brn|[from] brn
|upkeep
|turn|23
|
|t:|1760763546
|move|p1a: Great Tusk|Knock Off|p2a: Iron Hands
|-resisted|p2a: Iron Hands
|-damage|p2a: Iron Hands|61/100 brn
|-enditem|p2a: Iron Hands|Leftovers|[from] move: Knock Off|[of] p1a: Great Tusk
|move|p2a: Iron Hands|Ice Punch|p1a: Great Tusk
|-supereffective|p1a: Great Tusk
|-damage|p1a: Great Tusk|48/100
|
|-damage|p2a: Iron Hands|55/100 brn|[from] brn
|upkeep
|turn|24
|
|t:|1760763559
|move|p1a: Great Tusk|Headlong Rush|p2a: Iron Hands
|-supereffective|p2a: Iron Hands
|-damage|p2a: Iron Hands|17/100 brn
|-unboost|p1a: Great Tusk|def|1
|-unboost|p1a: Great Tusk|spd|1
|move|p2a: Iron Hands|Drain Punch|p1a: Great Tusk
|-damage|p1a: Great Tusk|3/100
|-heal|p2a: Iron Hands|39/100 brn|[from] drain|[of] p1a: Great Tusk
|
|-damage|p2a: Iron Hands|33/100 brn|[from] brn
|upkeep
|turn|25
|inactive|Battle timer is ON: inactive players will automatically lose when time's up. (requested by IceFangLuxray)
|
|t:|1760763571
|move|p1a: Great Tusk|Headlong Rush|p2a: Iron Hands
|-supereffective|p2a: Iron Hands
|-damage|p2a: Iron Hands|0 fnt
|-unboost|p1a: Great Tusk|def|1
|-unboost|p1a: Great Tusk|spd|1
|faint|p2a: Iron Hands
|-end|p2a: Iron Hands|Quark Drive|[silent]
|
|upkeep
|
|t:|1760763587
|switch|p2a: Great Tusk|Great Tusk|100/100
|turn|26
|
|t:|1760763596
|move|p1a: Great Tusk|Headlong Rush|p2a: Great Tusk
|-damage|p2a: Great Tusk|82/100
|-unboost|p1a: Great Tusk|def|1
|-unboost|p1a: Great Tusk|spd|1
|move|p2a: Great Tusk|Bulk Up|p2a: Great Tusk
|-boost|p2a: Great Tusk|atk|1
|-boost|p2a: Great Tusk|def|1
|
|-sideend|p2: Asrzzz|move: Aurora Veil
|upkeep
|turn|27
|
|t:|1760763607
|-end|p1a: Great Tusk|Protosynthesis|[silent]
|switch|p1a: Moltres|Moltres|28/100
|move|p2a: Great Tusk|Rapid Spin|p1a: Moltres
|-damage|p1a: Moltres|0 fnt
|-boost|p2a: Great Tusk|spe|1
|-status|p2a: Great Tusk|brn|[from] ability: Flame Body|[of] p1a: Moltres
|-sideend|p2: Asrzzz|Stealth Rock|[from] move: Rapid Spin|[of] p2a: Great Tusk
|faint|p1a: Moltres
|
|-damage|p2a: Great Tusk|76/100 brn|[from] brn
|upkeep
|
|t:|1760763616
|switch|p1a: Meowscarada|Meowscarada, F|100/100
|turn|28
|
|t:|1760763628
|move|p2a: Great Tusk|Close Combat|p1a: Meowscarada
|-supereffective|p1a: Meowscarada
|-damage|p1a: Meowscarada|0 fnt
|-unboost|p2a: Great Tusk|def|1
|-unboost|p2a: Great Tusk|spd|1
|faint|p1a: Meowscarada
|
|-damage|p2a: Great Tusk|70/100 brn|[from] brn
|upkeep
|
|t:|1760763634
|switch|p1a: Samurott|Samurott-Hisui, M|100/100
|turn|29
|
|t:|1760763640
|move|p2a: Great Tusk|Close Combat|p1a: Samurott
|-supereffective|p1a: Samurott
|-crit|p1a: Samurott
|-damage|p1a: Samurott|0 fnt
|-unboost|p2a: Great Tusk|def|1
|-unboost|p2a: Great Tusk|spd|1
|faint|p1a: Samurott
|
|-damage|p2a: Great Tusk|64/100 brn|[from] brn
|upkeep
|-message|IceFangLuxray forfeited.
|
|win|Asrzzz
|raw|IceFangLuxray's rating: 1375 &rarr; <strong>1357</strong><br />(-18 for losing)
|raw|Asrzzz's rating: 1416 &rarr; <strong>1434</strong><br />(+18 for winning)
|l|☆IceFangLuxray
|player|p1|
|l|☆Asrzzz
|player|p2|
