|j|☆lyeskoriche
|j|☆Senech
|t:|1760851586
|gametype|singles
|player|p1|lyeskoriche|bugcatcher-gen4dp|1266
|player|p2|Senech|crasherwake|1275
|gen|9
|tier|[Gen 9] OU
|rated|
|rule|HP Percentage Mod: HP is shown in percentages
|rule|Endless Battle Clause: Forcing endless battles is banned
|rule|Species Clause: Limit one of each Pokémon
|rule|OHKO Clause: OHKO moves are banned
|rule|Evasion Items Clause: Evasion items are banned
|rule|Evasion Moves Clause: Evasion moves are banned
|rule|Evasion Abilities Clause: Evasion abilities are banned
|rule|Sleep Moves Clause: Sleep-inducing moves are banned
|clearpoke
|poke|p1|Bronzong|
|poke|p1|Bellibolt, F|
|poke|p1|Slowbro-Galar, M|
|poke|p1|Rillaboom, M|
|poke|p1|Venomoth, F|
|poke|p1|Mandibuzz, F|
|poke|p2|Iron Moth|
|poke|p2|Kingambit, M|
|poke|p2|Dragonite, F|
|poke|p2|Ogerpon-Cornerstone, F|
|poke|p2|Iron Valiant|
|poke|p2|Raging Bolt|
|teampreview
|inactive|Battle timer is ON: inactive players will automatically lose when time's up. (requested by lyeskoriche)
|
|t:|1760851597
|teamsize|p1|6
|teamsize|p2|6
|start
|switch|p1a: Bellibolt|Bellibolt, F|100/100
|switch|p2a: Iron Moth|Iron Moth|100/100
|-enditem|p2a: Iron Moth|Booster Energy
|-activate|p2a: Iron Moth|ability: Quark Drive|[fromitem]
|-start|p2a: Iron Moth|quarkdrivespe
|turn|1
|
|t:|1760851609
|-end|p2a: Iron Moth|Quark Drive|[silent]
|switch|p2a: Raging Bolt|Raging Bolt|100/100
|-enditem|p2a: Raging Bolt|Booster Energy
|-activate|p2a: Raging Bolt|ability: Protosynthesis|[fromitem]
|-start|p2a: Raging Bolt|protosynthesisspa
|move|p1a: Bellibolt|Parabolic Charge|p2a: Raging Bolt
|-resisted|p2a: Raging Bolt
|-damage|p2a: Raging Bolt|93/100
|
|upkeep
|turn|2
|
|t:|1760851620
|move|p2a: Raging Bolt|Calm Mind|p2a: Raging Bolt
|-boost|p2a: Raging Bolt|spa|1
|-boost|p2a: Raging Bolt|spd|1
|move|p1a: Bellibolt|Acid Spray|p2a: Raging Bolt
|-damage|p2a: Raging Bolt|85/100
|-unboost|p2a: Raging Bolt|spd|2
|
|upkeep
|turn|3
|
|t:|1760851631
|move|p2a: Raging Bolt|Dragon Pulse|p1a: Bellibolt
|-damage|p1a: Bellibolt|43/100
|-start|p1a: Bellibolt|Charge|Dragon Pulse|[from] ability: Electromorphosis
|move|p1a: Bellibolt|Acid Spray|p2a: Raging Bolt
|-damage|p2a: Raging Bolt|66/100
|-unboost|p2a: Raging Bolt|spd|2
|
|upkeep
|turn|4
|
|t:|1760851641
|move|p2a: Raging Bolt|Dragon Pulse|p1a: Bellibolt
|-damage|p1a: Bellibolt|0 fnt
|faint|p1a: Bellibolt
|
|upkeep
|
|t:|1760851650
|switch|p1a: Slowbro|Slowbro-Galar, M|100/100
|turn|5
|
|t:|1760851660
|-end|p2a: Raging Bolt|Protosynthesis|[silent]
|switch|p2a: Iron Moth|Iron Moth|100/100
|move|p1a: Slowbro|Earthquake|p2a: Iron Moth
|-supereffective|p2a: Iron Moth
|-damage|p2a: Iron Moth|0 fnt
|faint|p2a: Iron Moth
|-end|p2a: Iron Moth|Quark Drive|[silent]
|
|upkeep
|
|t:|1760851670
|switch|p2a: Dragonite|Dragonite, F|100/100
|turn|6
|
|t:|1760851674
|switch|p1a: Bronzong|Bronzong, shiny|100/100
|move|p2a: Dragonite|Dragon Dance|p2a: Dragonite
|-boost|p2a: Dragonite|atk|1
|-boost|p2a: Dragonite|spe|1
|
|upkeep
|turn|7
|
|t:|1760851696
|-terastallize|p2a: Dragonite|Flying
|move|p2a: Dragonite|Tera Blast|p1a: Bronzong|[anim] Tera Blast Flying
|-resisted|p1a: Bronzong
|-damage|p1a: Bronzong|69/100
|move|p1a: Bronzong|Trick Room|p1a: Bronzong
|-fieldstart|move: Trick Room|[of] p1a: Bronzong
|
|upkeep
|turn|8
|inactive|Senech has 120 seconds left.
|
|t:|1760851724
|switch|p1a: Mandibuzz|Mandibuzz, F, shiny|100/100
|move|p2a: Dragonite|Tera Blast|p1a: Mandibuzz|[anim] Tera Blast Flying
|-damage|p1a: Mandibuzz|19/100
|-ability|p1a: Mandibuzz|Weak Armor|boost
|-unboost|p1a: Mandibuzz|def|1
|-boost|p1a: Mandibuzz|spe|2
|
|upkeep
|turn|9
|inactive|Senech has 120 seconds left.
|
|t:|1760851739
|move|p2a: Dragonite|Tera Blast|p1a: Mandibuzz|[anim] Tera Blast Flying
|-damage|p1a: Mandibuzz|0 fnt
|faint|p1a: Mandibuzz
|
|upkeep
|
|t:|1760851748
|switch|p1a: Bronzong|Bronzong, shiny|69/100
|turn|10
|
|t:|1760851757
|move|p1a: Bronzong|Gyro Ball|p2a: Dragonite
|-damage|p2a: Dragonite|65/100
|move|p2a: Dragonite|Tera Blast|p1a: Bronzong|[anim] Tera Blast Flying
|-resisted|p1a: Bronzong
|-damage|p1a: Bronzong|37/100
|
|upkeep
|turn|11
|
|t:|1760851766
|move|p1a: Bronzong|Gyro Ball|p2a: Dragonite
|-damage|p2a: Dragonite|0 fnt
|faint|p2a: Dragonite
|
|-fieldend|move: Trick Room
|upkeep
|
|t:|1760851775
|switch|p2a: Iron Valiant|Iron Valiant|100/100
|-enditem|p2a: Iron Valiant|Booster Energy
|-activate|p2a: Iron Valiant|ability: Quark Drive|[fromitem]
|-start|p2a: Iron Valiant|quarkdrivespe
|turn|12
|
|t:|1760851787
|move|p2a: Iron Valiant|Knock Off|p1a: Bronzong
|-supereffective|p1a: Bronzong
|-damage|p1a: Bronzong|0 fnt
|-enditem|p1a: Bronzong|Choice Band|[from] move: Knock Off|[of] p2a: Iron Valiant
|faint|p1a: Bronzong
|
|upkeep
|
|t:|1760851795
|switch|p1a: Rillaboom|Rillaboom, M|100/100
|-fieldstart|move: Grassy Terrain|[from] ability: Grassy Surge|[of] p1a: Rillaboom
|turn|13
|
|t:|1760851803
|move|p2a: Iron Valiant|Knock Off|p1a: Rillaboom
|-damage|p1a: Rillaboom|77/100
|-enditem|p1a: Rillaboom|Weakness Policy|[from] move: Knock Off|[of] p2a: Iron Valiant
|move|p1a: Rillaboom|Swords Dance|p1a: Rillaboom
|-boost|p1a: Rillaboom|atk|2
|
|-heal|p1a: Rillaboom|83/100|[from] Grassy Terrain
|upkeep
|turn|14
|
|t:|1760851819
|move|p1a: Rillaboom|Grassy Glide|p2a: Iron Valiant
|-damage|p2a: Iron Valiant|24/100
|move|p2a: Iron Valiant|Swords Dance|p2a: Iron Valiant
|-boost|p2a: Iron Valiant|atk|2
|
|-heal|p2a: Iron Valiant|31/100|[from] Grassy Terrain
|-heal|p1a: Rillaboom|89/100|[from] Grassy Terrain
|upkeep
|turn|15
|
|t:|1760851828
|move|p1a: Rillaboom|Grassy Glide|p2a: Iron Valiant
|-damage|p2a: Iron Valiant|0 fnt
|faint|p2a: Iron Valiant
|-end|p2a: Iron Valiant|Quark Drive|[silent]
|
|-heal|p1a: Rillaboom|95/100|[from] Grassy Terrain
|upkeep
|
|t:|1760851836
|switch|p2a: Ogerpon|Ogerpon-Cornerstone, F|100/100
|turn|16
|
|t:|1760851841
|move|p1a: Rillaboom|Grassy Glide|p2a: Ogerpon
|-damage|p2a: Ogerpon|19/100
|move|p2a: Ogerpon|Ivy Cudgel|p1a: Rillaboom|[anim] Ivy Cudgel Rock
|-damage|p1a: Rillaboom|57/100
|
|-heal|p2a: Ogerpon|25/100|[from] Grassy Terrain
|-heal|p1a: Rillaboom|63/100|[from] Grassy Terrain
|upkeep
|turn|17
|
|t:|1760851851
|move|p1a: Rillaboom|Grassy Glide|p2a: Ogerpon
|-damage|p2a: Ogerpon|0 fnt
|faint|p2a: Ogerpon
|
|-heal|p1a: Rillaboom|70/100|[from] Grassy Terrain
|-fieldend|move: Grassy Terrain
|upkeep
|
|t:|1760851859
|switch|p2a: Raging Bolt|Raging Bolt|66/100
|turn|18
|
|t:|1760851863
|move|p2a: Raging Bolt|Calm Mind|p2a: Raging Bolt
|-boost|p2a: Raging Bolt|spa|1
|-boost|p2a: Raging Bolt|spd|1
|move|p1a: Rillaboom|Knock Off|p2a: Raging Bolt
|-damage|p2a: Raging Bolt|33/100
|
|upkeep
|turn|19
|
|t:|1760851883
|move|p2a: Raging Bolt|Dragon Pulse|p1a: Rillaboom
|-damage|p1a: Rillaboom|0 fnt
|faint|p1a: Rillaboom
|
|upkeep
|
|t:|1760851886
|switch|p1a: Slowbro|Slowbro-Galar, M|100/100
|turn|20
|
|t:|1760851895
|-terastallize|p1a: Slowbro|Fighting
|move|p2a: Raging Bolt|Thunderbolt|p1a: Slowbro
|-damage|p1a: Slowbro|0 fnt
|faint|p1a: Slowbro
|
|upkeep
|
|t:|1760851900
|switch|p1a: Venomoth|Venomoth, F|100/100
|turn|21
|
|t:|1760851908
|move|p2a: Raging Bolt|Thunderclap|p1a: Venomoth
|-crit|p1a: Venomoth
|-damage|p1a: Venomoth|0 fnt
|faint|p1a: Venomoth
|
|win|Senech
|raw|lyeskoriche's rating: 1266 &rarr; <strong>1242</strong><br />(-24 for losing)
|raw|Senech's rating: 1275 &rarr; <strong>1299</strong><br />(+24 for winning)
|l|☆lyeskoriche
|player|p1|
|l|☆Senech
|player|p2|
