|j|☆Tocanada
|j|☆MrLegilimens
|t:|1760788817
|gametype|singles
|player|p1|Tocanada|102|1368
|player|p2|MrLegilimens|1|1372
|gen|9
|tier|[Gen 9] OU
|rated|
|rule|HP Percentage Mod: HP is shown in percentages
|rule|Endless Battle Clause: Forcing endless battles is banned
|rule|Species Clause: Limit one of each Pokémon
|rule|OHKO Clause: OHKO moves are banned
|rule|Evasion Items Clause: Evasion items are banned
|rule|Evasion Moves Clause: Evasion moves are banned
|rule|Evasion Abilities Clause: Evasion abilities are banned
|rule|Sleep Moves Clause: Sleep-inducing moves are banned
|clearpoke
|poke|p1|Torkoal, M|
|poke|p1|Brute Bonnet|
|poke|p1|Walking Wake|
|poke|p1|Hatterene, F|
|poke|p1|Thundurus-Therian, M|
|poke|p1|Ceruledge, F|
|poke|p2|Hoopa-Unbound|
|poke|p2|Hydrapple, F|
|poke|p2|Gliscor, F|
|poke|p2|Cinderace, M|
|poke|p2|Alomomola, F|
|poke|p2|Gholdengo|
|teampreview
|inactive|Battle timer is ON: inactive players will automatically lose when time's up. (requested by MrLegilimens)
|inactive|Tocanada also wants the timer to be on.
|
|t:|1760788821
|teamsize|p1|6
|teamsize|p2|6
|start
|switch|p1a: Witch|Hatterene, F, shiny|100/100
|switch|p2a: Gliscor|Gliscor, F|100/100
|turn|1
|
|t:|1760788826
|move|p2a: Gliscor|Earthquake|p1a: Witch
|-damage|p1a: Witch|67/100
|-enditem|p1a: Witch|Eject Button
|
|t:|1760788842
|switch|p1a: Knight|Ceruledge, F|100/100
|
|-status|p2a: Gliscor|tox|[from] item: Toxic Orb
|upkeep
|turn|2
|
|t:|1760788846
|move|p1a: Knight|Swords Dance|p1a: Knight
|-boost|p1a: Knight|atk|2
|move|p2a: Gliscor|Toxic|p1a: Knight
|-status|p1a: Knight|tox
|
|-damage|p1a: Knight|94/100 tox|[from] psn
|upkeep
|turn|3
|
|t:|1760788857
|move|p1a: Knight|Poltergeist|p2a: Gliscor
|-activate|p2a: Gliscor|move: Poltergeist|Toxic Orb
|-damage|p2a: Gliscor|9/100 tox
|move|p2a: Gliscor|Earthquake|p1a: Knight
|-supereffective|p1a: Knight
|-damage|p1a: Knight|4/100 tox
|-ability|p1a: Knight|Weak Armor|boost
|-unboost|p1a: Knight|def|1
|-boost|p1a: Knight|spe|2
|
|-damage|p1a: Knight|0 fnt|[from] psn
|faint|p1a: Knight
|-heal|p2a: Gliscor|22/100 tox|[from] ability: Poison Heal
|upkeep
|
|t:|1760788874
|switch|p1a: Storm|Thundurus-Therian, M|100/100
|turn|4
|
|t:|1760788883
|move|p2a: Gliscor|Protect|p2a: Gliscor
|-singleturn|p2a: Gliscor|Protect
|move|p1a: Storm|Grass Knot|p2a: Gliscor
|-activate|p2a: Gliscor|move: Protect
|
|-heal|p2a: Gliscor|34/100 tox|[from] ability: Poison Heal
|upkeep
|turn|5
|
|t:|1760788890
|switch|p2a: Hydrapple|Hydrapple, F, shiny|100/100
|move|p1a: Storm|Grass Knot|p2a: Hydrapple
|-resisted|p2a: Hydrapple
|-crit|p2a: Hydrapple
|-damage|p2a: Hydrapple|84/100
|-damage|p1a: Storm|84/100|[from] item: Rocky Helmet|[of] p2a: Hydrapple
|
|upkeep
|turn|6
|
|t:|1760788896
|switch|p1a: Witch|Hatterene, F, shiny|67/100
|move|p2a: Hydrapple|Fickle Beam|p1a: Witch
|-immune|p1a: Witch
|
|upkeep
|turn|7
|
|t:|1760788902
|switch|p2a: Alomomola|Alomomola, F|100/100
|move|p1a: Witch|Dazzling Gleam|p2a: Alomomola
|-damage|p2a: Alomomola|82/100
|
|upkeep
|turn|8
|
|t:|1760788912
|move|p1a: Witch|Psychic Noise|p2a: Alomomola
|-damage|p2a: Alomomola|66/100
|-start|p2a: Alomomola|move: Heal Block
|move|p2a: Alomomola|Flip Turn|p1a: Witch
|-damage|p1a: Witch|53/100
|
|t:|1760788915
|switch|p2a: Gliscor|Gliscor, F|34/100 tox|[from] Flip Turn
|
|-heal|p2a: Gliscor|47/100 tox|[from] ability: Poison Heal
|upkeep
|turn|9
|
|t:|1760788921
|move|p2a: Gliscor|Protect|p2a: Gliscor
|-singleturn|p2a: Gliscor|Protect
|move|p1a: Witch|Psychic Noise|p2a: Gliscor
|-activate|p2a: Gliscor|move: Protect
|
|-heal|p2a: Gliscor|59/100 tox|[from] ability: Poison Heal
|upkeep
|turn|10
|
|t:|1760788928
|move|p2a: Gliscor|Earthquake|p1a: Witch
|-damage|p1a: Witch|25/100
|move|p1a: Witch|Psychic Noise|p2a: Gliscor
|-damage|p2a: Gliscor|28/100 tox
|-start|p2a: Gliscor|move: Heal Block
|
|upkeep
|turn|11
|
|t:|1760788942
|switch|p2a: Alomomola|Alomomola, F|99/100
|move|p1a: Witch|Psychic Noise|p2a: Alomomola
|-damage|p2a: Alomomola|83/100
|-start|p2a: Alomomola|move: Heal Block
|
|upkeep
|turn|12
|
|t:|1760788949
|move|p1a: Witch|Nuzzle|p2a: Alomomola
|-supereffective|p2a: Alomomola
|-damage|p2a: Alomomola|77/100
|-status|p2a: Alomomola|par
|move|p2a: Alomomola|Flip Turn|p1a: Witch
|-damage|p1a: Witch|8/100
|
|t:|1760788952
|switch|p2a: Gliscor|Gliscor, F|28/100 tox|[from] Flip Turn
|
|-heal|p2a: Gliscor|41/100 tox|[from] ability: Poison Heal
|upkeep
|turn|13
|
|t:|1760788958
|move|p2a: Gliscor|Earthquake|p1a: Witch
|-damage|p1a: Witch|0 fnt
|faint|p1a: Witch
|
|-heal|p2a: Gliscor|53/100 tox|[from] ability: Poison Heal
|upkeep
|
|t:|1760788963
|switch|p1a: Great Bait|Torkoal, M, shiny|100/100
|-weather|SunnyDay|[from] ability: Drought|[of] p1a: Great Bait
|turn|14
|
|t:|1760788968
|move|p2a: Gliscor|Toxic|p1a: Great Bait
|-status|p1a: Great Bait|tox
|move|p1a: Great Bait|Eruption|p2a: Gliscor
|-damage|p2a: Gliscor|0 fnt
|faint|p2a: Gliscor
|
|-weather|SunnyDay|[upkeep]
|-damage|p1a: Great Bait|94/100 tox|[from] psn
|upkeep
|inactive|MrLegilimens has 120 seconds left.
|
|t:|1760789016
|switch|p2a: Hoopa|Hoopa-Unbound|100/100
|turn|15
|
|t:|1760789027
|move|p2a: Hoopa|Knock Off|p1a: Great Bait
|-damage|p1a: Great Bait|42/100 tox
|-enditem|p1a: Great Bait|Heat Rock|[from] move: Knock Off|[of] p2a: Hoopa
|move|p1a: Great Bait|Eruption|p2a: Hoopa
|-damage|p2a: Hoopa|63/100
|
|-weather|SunnyDay|[upkeep]
|-damage|p1a: Great Bait|30/100 tox|[from] psn
|upkeep
|turn|16
|inactive|MrLegilimens has 120 seconds left.
|
|t:|1760789034
|switch|p1a: BRUTE FORCE|Brute Bonnet|100/100
|-activate|p1a: BRUTE FORCE|ability: Protosynthesis
|-start|p1a: BRUTE FORCE|protosynthesisatk
|move|p2a: Hoopa|Knock Off|p1a: BRUTE FORCE
|-resisted|p1a: BRUTE FORCE
|-damage|p1a: BRUTE FORCE|73/100
|-enditem|p1a: BRUTE FORCE|Loaded Dice|[from] move: Knock Off|[of] p2a: Hoopa
|
|-weather|SunnyDay|[upkeep]
|upkeep
|turn|17
|
|t:|1760789042
|switch|p2a: Hydrapple|Hydrapple, F, shiny|100/100
|move|p1a: BRUTE FORCE|Growth|p1a: BRUTE FORCE
|-boost|p1a: BRUTE FORCE|atk|2
|-boost|p1a: BRUTE FORCE|spa|2
|
|-weather|SunnyDay|[upkeep]
|upkeep
|turn|18
|
|t:|1760789050
|-terastallize|p1a: BRUTE FORCE|Fire
|move|p1a: BRUTE FORCE|Tera Blast|p2a: Hydrapple|[anim] Tera Blast Fire
|-damage|p2a: Hydrapple|0 fnt
|faint|p2a: Hydrapple
|
|-weather|SunnyDay|[upkeep]
|upkeep
|
|t:|1760789072
|switch|p2a: Alomomola|Alomomola, F|100/100 par
|turn|19
|
|t:|1760789075
|move|p1a: BRUTE FORCE|Bullet Seed|p2a: Alomomola
|-supereffective|p2a: Alomomola
|-damage|p2a: Alomomola|47/100 par
|-supereffective|p2a: Alomomola
|-damage|p2a: Alomomola|0 fnt
|faint|p2a: Alomomola
|-hitcount|p2: Alomomola|2
|
|-weather|SunnyDay|[upkeep]
|upkeep
|c|☆MrLegilimens|cool set
|inactive|MrLegilimens has 120 seconds left.
|c|☆MrLegilimens|gg
|-message|MrLegilimens forfeited.
|
|win|Tocanada
|raw|Tocanada's rating: 1368 &rarr; <strong>1388</strong><br />(+20 for winning)
|raw|MrLegilimens's rating: 1372 &rarr; <strong>1352</strong><br />(-20 for losing)
|c|☆Tocanada|not mine,thanks though
|c|☆Tocanada|gg
|l|☆Tocanada
|player|p1|
