|j|☆Eeveegamer758
|j|☆151htyrneh
|t:|1760783092
|gametype|singles
|player|p1|Eeveegamer758|266|1648
|player|p2|151htyrneh|wallace|1706
|gen|9
|tier|[Gen 9] OU
|rated|
|rule|HP Percentage Mod: HP is shown in percentages
|rule|Endless Battle Clause: Forcing endless battles is banned
|rule|Species Clause: Limit one of each Pokémon
|rule|OHKO Clause: OHKO moves are banned
|rule|Evasion Items Clause: Evasion items are banned
|rule|Evasion Moves Clause: Evasion moves are banned
|rule|Evasion Abilities Clause: Evasion abilities are banned
|rule|Sleep Moves Clause: Sleep-inducing moves are banned
|clearpoke
|poke|p1|Samurott-Hisui, M|
|poke|p1|Iron Valiant|
|poke|p1|Gholdengo|
|poke|p1|Kingambit, M|
|poke|p1|Great Tusk|
|poke|p1|Dragapult, M|
|poke|p2|Deoxys-Speed|
|poke|p2|Darkrai|
|poke|p2|Ogerpon-Wellspring, F|
|poke|p2|Zamazenta-*|
|poke|p2|Kingambit, M|
|poke|p2|Glimmora, M|
|teampreview
|c|☆Eeveegamer758|glhf
|l|☆151htyrneh
|player|p2|
|inactive|Battle timer is ON: inactive players will automatically lose when time's up. (requested by Eeveegamer758)
|j|☆151htyrneh
|inactive|151htyrneh reconnected and has 140 seconds left.
|player|p2|151htyrneh|wallace|
|
|t:|1760783120
|teamsize|p1|6
|teamsize|p2|6
|start
|switch|p1a: The goat|Dragapult, M|100/100
|switch|p2a: Glimmora|Glimmora, M|100/100
|turn|1
|
|t:|1760783129
|move|p1a: The goat|Dragon Darts|p2a: Glimmora
|-damage|p2a: Glimmora|48/100
|-activate|p2a: Glimmora|ability: Toxic Debris
|-sidestart|p1: Eeveegamer758|move: Toxic Spikes
|-anim|p1a: The goat|Dragon Darts|p2a: Glimmora
|-damage|p2a: Glimmora|0 fnt
|-activate|p2a: Glimmora|ability: Toxic Debris
|-sidestart|p1: Eeveegamer758|move: Toxic Spikes
|faint|p2a: Glimmora
|
|upkeep
|
|t:|1760783135
|switch|p2a: Deoxys|Deoxys-Speed|100/100
|-ability|p2a: Deoxys|Pressure
|turn|2
|
|t:|1760783159
|move|p2a: Deoxys|Reflect|p2a: Deoxys
|-sidestart|p2: 151htyrneh|Reflect
|move|p1a: The goat|Dragon Darts|p2a: Deoxys
|-damage|p2a: Deoxys|78/100
|-anim|p1a: The goat|Dragon Darts|p2a: Deoxys
|-damage|p2a: Deoxys|51/100
|
|upkeep
|turn|3
|
|t:|1760783178
|switch|p1a: I hate g weezing|Gholdengo|100/100
|-item|p1a: I hate g weezing|Air Balloon
|move|p2a: Deoxys|Light Screen|p2a: Deoxys
|-sidestart|p2: 151htyrneh|move: Light Screen
|
|upkeep
|turn|4
|
|t:|1760783185
|switch|p2a: Darkrai|Darkrai|100/100
|move|p1a: I hate g weezing|Nasty Plot|p1a: I hate g weezing
|-boost|p1a: I hate g weezing|spa|2
|
|upkeep
|turn|5
|
|t:|1760783190
|move|p2a: Darkrai|Dark Pulse|p1a: I hate g weezing
|-supereffective|p1a: I hate g weezing
|-damage|p1a: I hate g weezing|18/100
|-enditem|p1a: I hate g weezing|Air Balloon
|move|p1a: I hate g weezing|Make It Rain|p2a: Darkrai
|-damage|p2a: Darkrai|12/100
|-unboost|p1a: I hate g weezing|spa|1
|
|-heal|p2a: Darkrai|18/100|[from] item: Leftovers
|upkeep
|turn|6
|inactive|Eeveegamer758 has 120 seconds left.
|
|t:|1760783227
|move|p2a: Darkrai|Sludge Bomb|p1a: I hate g weezing
|-immune|p1a: I hate g weezing
|move|p1a: I hate g weezing|Make It Rain|p2a: Darkrai
|-damage|p2a: Darkrai|0 fnt
|-unboost|p1a: I hate g weezing|spa|1
|faint|p2a: Darkrai
|
|upkeep
|
|t:|1760783230
|switch|p2a: Ogerpon|Ogerpon-Wellspring, F|100/100
|turn|7
|inactive|Eeveegamer758 has 120 seconds left.
|
|t:|1760783269
|switch|p1a: The goat|Dragapult, M|100/100
|-status|p1a: The goat|tox
|move|p2a: Ogerpon|Ivy Cudgel|p1a: The goat|[anim] Ivy Cudgel Water
|-resisted|p1a: The goat
|-crit|p1a: The goat
|-damage|p1a: The goat|35/100 tox
|
|-damage|p1a: The goat|29/100 tox|[from] psn
|upkeep
|turn|8
|
|t:|1760783276
|move|p1a: The goat|U-turn|p2a: Ogerpon
|-supereffective|p2a: Ogerpon
|-damage|p2a: Ogerpon|49/100
|
|t:|1760783288
|switch|p1a: 90% acc|Samurott-Hisui, M|100/100|[from] U-turn
|-status|p1a: 90% acc|tox
|move|p2a: Ogerpon|Ivy Cudgel|p1a: 90% acc|[anim] Ivy Cudgel Water
|-resisted|p1a: 90% acc
|-damage|p1a: 90% acc|65/100 tox
|
|-damage|p1a: 90% acc|59/100 tox|[from] psn
|upkeep
|turn|9
|
|t:|1760783292
|move|p1a: 90% acc|Ceaseless Edge|p2a: Ogerpon
|-damage|p2a: Ogerpon|18/100
|-sidestart|p2: 151htyrneh|Spikes
|move|p2a: Ogerpon|Horn Leech|p1a: 90% acc
|-supereffective|p1a: 90% acc
|-damage|p1a: 90% acc|0 fnt
|-heal|p2a: Ogerpon|49/100|[from] drain|[of] p1a: 90% acc
|faint|p1a: 90% acc
|
|-sideend|p2: 151htyrneh|Reflect
|upkeep
|
|t:|1760783303
|switch|p1a: The goat|Dragapult, M|29/100 tox
|turn|10
|
|t:|1760783306
|switch|p2a: Zamazenta|Zamazenta|100/100
|-damage|p2a: Zamazenta|88/100|[from] Spikes
|-ability|p2a: Zamazenta|Dauntless Shield|boost
|-boost|p2a: Zamazenta|def|1
|move|p1a: The goat|U-turn|p2a: Zamazenta
|-resisted|p2a: Zamazenta
|-crit|p2a: Zamazenta
|-damage|p2a: Zamazenta|66/100
|
|t:|1760783315
|switch|p1a: Spa no.2|Iron Valiant|100/100|[from] U-turn
|-status|p1a: Spa no.2|tox
|-enditem|p1a: Spa no.2|Booster Energy
|-activate|p1a: Spa no.2|ability: Quark Drive|[fromitem]
|-start|p1a: Spa no.2|quarkdrivespe
|
|-heal|p2a: Zamazenta|72/100|[from] item: Leftovers
|-damage|p1a: Spa no.2|94/100 tox|[from] psn
|-sideend|p2: 151htyrneh|move: Light Screen
|upkeep
|turn|11
|
|t:|1760783323
|-terastallize|p2a: Zamazenta|Fire
|move|p1a: Spa no.2|Moonblast|p2a: Zamazenta
|-resisted|p2a: Zamazenta
|-damage|p2a: Zamazenta|54/100
|move|p2a: Zamazenta|Roar|p1a: Spa no.2
|-end|p1a: Spa no.2|Quark Drive|[silent]
|drag|p1a: The goat|Dragapult, M|29/100 tox
|
|-heal|p2a: Zamazenta|61/100|[from] item: Leftovers
|-damage|p1a: The goat|23/100 tox|[from] psn
|upkeep
|turn|12
|
|t:|1760783331
|move|p2a: Zamazenta|Iron Defense|p2a: Zamazenta
|-boost|p2a: Zamazenta|def|2
|move|p1a: The goat|Dragon Darts|p2a: Zamazenta
|-damage|p2a: Zamazenta|48/100
|-anim|p1a: The goat|Dragon Darts|p2a: Zamazenta
|-damage|p2a: Zamazenta|36/100
|
|-heal|p2a: Zamazenta|42/100|[from] item: Leftovers
|-damage|p1a: The goat|11/100 tox|[from] psn
|upkeep
|turn|13
|
|t:|1760783336
|move|p2a: Zamazenta|Iron Defense|p2a: Zamazenta
|-boost|p2a: Zamazenta|def|2
|move|p1a: The goat|Dragon Darts|p2a: Zamazenta
|-damage|p2a: Zamazenta|33/100
|-anim|p1a: The goat|Dragon Darts|p2a: Zamazenta
|-damage|p2a: Zamazenta|24/100
|
|-heal|p2a: Zamazenta|30/100|[from] item: Leftovers
|-damage|p1a: The goat|0 fnt|[from] psn
|faint|p1a: The goat
|upkeep
|
|t:|1760783342
|switch|p1a: Spa no.2|Iron Valiant|94/100 tox
|turn|14
|
|t:|1760783344
|move|p2a: Zamazenta|Body Press|p1a: Spa no.2
|-resisted|p1a: Spa no.2
|-damage|p1a: Spa no.2|14/100 tox
|move|p1a: Spa no.2|Moonblast|p2a: Zamazenta
|-resisted|p2a: Zamazenta
|-damage|p2a: Zamazenta|11/100
|
|-heal|p2a: Zamazenta|18/100|[from] item: Leftovers
|-damage|p1a: Spa no.2|8/100 tox|[from] psn
|upkeep
|turn|15
|
|t:|1760783351
|move|p2a: Zamazenta|Body Press|p1a: Spa no.2
|-resisted|p1a: Spa no.2
|-damage|p1a: Spa no.2|0 fnt
|faint|p1a: Spa no.2
|-end|p1a: Spa no.2|Quark Drive|[silent]
|
|-heal|p2a: Zamazenta|24/100|[from] item: Leftovers
|upkeep
|
|t:|1760783357
|switch|p1a: I hate g weezing|Gholdengo|18/100
|turn|16
|
|t:|1760783358
|move|p2a: Zamazenta|Crunch|p1a: I hate g weezing
|-supereffective|p1a: I hate g weezing
|-damage|p1a: I hate g weezing|0 fnt
|faint|p1a: I hate g weezing
|
|-heal|p2a: Zamazenta|30/100|[from] item: Leftovers
|upkeep
|
|t:|1760783364
|switch|p1a: Bolt counter|Great Tusk|100/100
|turn|17
|
|t:|1760783370
|-terastallize|p1a: Bolt counter|Fairy
|move|p2a: Zamazenta|Body Press|p1a: Bolt counter
|-resisted|p1a: Bolt counter
|-damage|p1a: Bolt counter|60/100
|move|p1a: Bolt counter|Rapid Spin|p2a: Zamazenta
|-damage|p2a: Zamazenta|27/100
|-boost|p1a: Bolt counter|spe|1
|-sideend|p1: Eeveegamer758|Toxic Spikes|[from] move: Rapid Spin|[of] p1a: Bolt counter
|
|-heal|p2a: Zamazenta|33/100|[from] item: Leftovers
|upkeep
|turn|18
|
|t:|1760783377
|move|p1a: Bolt counter|Headlong Rush|p2a: Zamazenta
|-supereffective|p2a: Zamazenta
|-damage|p2a: Zamazenta|9/100
|-unboost|p1a: Bolt counter|def|1
|-unboost|p1a: Bolt counter|spd|1
|move|p2a: Zamazenta|Body Press|p1a: Bolt counter
|-resisted|p1a: Bolt counter
|-damage|p1a: Bolt counter|2/100
|
|-heal|p2a: Zamazenta|15/100|[from] item: Leftovers
|upkeep
|turn|19
|
|t:|1760783388
|switch|p2a: Ogerpon|Ogerpon-Wellspring, F|49/100
|-damage|p2a: Ogerpon|37/100|[from] Spikes
|move|p1a: Bolt counter|Headlong Rush|p2a: Ogerpon
|-resisted|p2a: Ogerpon
|-damage|p2a: Ogerpon|0 fnt
|-unboost|p1a: Bolt counter|def|1
|-unboost|p1a: Bolt counter|spd|1
|faint|p2a: Ogerpon
|
|upkeep
|
|t:|1760783389
|switch|p2a: Kingambit|Kingambit, M|100/100
|-damage|p2a: Kingambit|88/100|[from] Spikes
|-activate|p2a: Kingambit|ability: Supreme Overlord
|-start|p2a: Kingambit|fallen3|[silent]
|turn|20
|
|t:|1760783400
|move|p2a: Kingambit|Sucker Punch||[still]
|-fail|p2a: Kingambit
|move|p1a: Bolt counter|Stealth Rock|p2a: Kingambit
|-sidestart|p2: 151htyrneh|move: Stealth Rock
|
|upkeep
|turn|21
|
|t:|1760783406
|move|p2a: Kingambit|Sucker Punch||[still]
|-fail|p2a: Kingambit
|move|p1a: Bolt counter|Stealth Rock||[still]
|-fail|p1a: Bolt counter
|
|upkeep
|turn|22
|
|t:|1760783409
|move|p1a: Bolt counter|Stealth Rock||[still]
|-fail|p1a: Bolt counter
|move|p2a: Kingambit|Swords Dance|p2a: Kingambit
|-boost|p2a: Kingambit|atk|2
|
|upkeep
|turn|23
|
|t:|1760783412
|move|p2a: Kingambit|Sucker Punch||[still]
|-fail|p2a: Kingambit
|move|p1a: Bolt counter|Stealth Rock||[still]
|-fail|p1a: Bolt counter
|
|upkeep
|turn|24
|
|t:|1760783416
|move|p1a: Bolt counter|Headlong Rush|p2a: Kingambit
|-supereffective|p2a: Kingambit
|-damage|p2a: Kingambit|0 fnt
|-unboost|p1a: Bolt counter|def|1
|-unboost|p1a: Bolt counter|spd|1
|faint|p2a: Kingambit
|-end|p2a: Kingambit|fallen3|[silent]
|
|upkeep
|
|t:|1760783419
|switch|p2a: Deoxys|Deoxys-Speed|51/100
|-damage|p2a: Deoxys|39/100|[from] Spikes
|-damage|p2a: Deoxys|27/100|[from] Stealth Rock
|-ability|p2a: Deoxys|Pressure
|turn|25
|
|t:|1760783428
|move|p2a: Deoxys|Psycho Boost|p1a: Bolt counter
|-damage|p1a: Bolt counter|0 fnt
|-unboost|p2a: Deoxys|spa|2
|faint|p1a: Bolt counter
|-end|p1a: Bolt counter|Protosynthesis|[silent]
|
|upkeep
|
|t:|1760783432
|switch|p1a: I hate zama|Kingambit, M|100/100
|-activate|p1a: I hate zama|ability: Supreme Overlord
|-start|p1a: I hate zama|fallen5|[silent]
|turn|26
|
|t:|1760783442
|move|p1a: I hate zama|Sucker Punch||[still]
|-fail|p1a: I hate zama
|move|p2a: Deoxys|Taunt|p1a: I hate zama
|-start|p1a: I hate zama|move: Taunt
|
|upkeep
|turn|27
|-message|151htyrneh forfeited.
|
|win|Eeveegamer758
|raw|Eeveegamer758's rating: 1648 &rarr; <strong>1671</strong><br />(+23 for winning)
|raw|151htyrneh's rating: 1706 &rarr; <strong>1683</strong><br />(-23 for losing)
|c|☆Eeveegamer758|ggs
