|j|☆Rabzzz
|j|☆MooFarmer
|t:|1760737752
|gametype|singles
|player|p1|Rabzzz|#mwpvimurkrows|1767
|player|p2|MooFarmer|1|1826
|gen|9
|tier|[Gen 9] OU
|rated|
|rule|HP Percentage Mod: HP is shown in percentages
|rule|Endless Battle Clause: Forcing endless battles is banned
|rule|Species Clause: Limit one of each Pokémon
|rule|OHKO Clause: OHKO moves are banned
|rule|Evasion Items Clause: Evasion items are banned
|rule|Evasion Moves Clause: Evasion moves are banned
|rule|Evasion Abilities Clause: Evasion abilities are banned
|rule|Sleep Moves Clause: Sleep-inducing moves are banned
|clearpoke
|poke|p1|Iron Boulder|
|poke|p1|Ting-Lu|
|poke|p1|Great Tusk|
|poke|p1|Enamorus, F|
|poke|p1|Gholdengo|
|poke|p1|Rotom-Wash|
|poke|p2|Kyurem|
|poke|p2|Corviknight, M|
|poke|p2|Ting-Lu|
|poke|p2|Dondozo, F|
|poke|p2|Slowking-Galar, L99, M|
|poke|p2|Cinderace, F|
|teampreview
|
|t:|1760737799
|teamsize|p1|6
|teamsize|p2|6
|start
|switch|p1a: Ting-Lu|Ting-Lu|100/100
|switch|p2a: Kyurem|Kyurem|100/100
|-ability|p2a: Kyurem|Pressure
|-ability|p1a: Ting-Lu|Vessel of Ruin
|turn|1
|inactive|Battle timer is ON: inactive players will automatically lose when time's up. (requested by MooFarmer)
|inactive|MooFarmer has 120 seconds left.
|
|t:|1760737845
|move|p2a: Kyurem|Freeze-Dry|p1a: Ting-Lu
|-supereffective|p1a: Ting-Lu
|-damage|p1a: Ting-Lu|71/100
|move|p1a: Ting-Lu|Ruination|p2a: Kyurem
|-damage|p2a: Kyurem|50/100
|
|-heal|p2a: Kyurem|57/100|[from] item: Leftovers
|-heal|p1a: Ting-Lu|77/100|[from] item: Leftovers
|upkeep
|turn|2
|inactive|MooFarmer has 120 seconds left.
|j| LT123VB 87
|
|t:|1760737892
|move|p2a: Kyurem|Freeze-Dry|p1a: Ting-Lu
|-supereffective|p1a: Ting-Lu
|-damage|p1a: Ting-Lu|49/100
|move|p1a: Ting-Lu|Whirlwind|p2a: Kyurem
|drag|p2a: Slowking|Slowking-Galar, L99, M|100/100
|
|-heal|p1a: Ting-Lu|55/100|[from] item: Leftovers
|upkeep
|turn|3
|inactive|MooFarmer has 90 seconds left.
|
|t:|1760737938
|move|p1a: Ting-Lu|Earthquake|p2a: Slowking
|-supereffective|p2a: Slowking
|-damage|p2a: Slowking|29/100
|move|p2a: Slowking|Toxic|p1a: Ting-Lu
|-status|p1a: Ting-Lu|tox
|
|-heal|p1a: Ting-Lu|61/100 tox|[from] item: Leftovers
|-damage|p1a: Ting-Lu|55/100 tox|[from] psn
|upkeep
|turn|4
|
|t:|1760737953
|switch|p1a: Gholdengo|Gholdengo|100/100
|switch|p2a: Kyurem|Kyurem|57/100
|-ability|p2a: Kyurem|Pressure
|
|-heal|p2a: Kyurem|63/100|[from] item: Leftovers
|upkeep
|turn|5
|
|t:|1760737962
|switch|p1a: Enamorus|Enamorus, F|100/100
|move|p2a: Kyurem|Protect||[still]
|-fail|p2a: Kyurem
|
|-heal|p2a: Kyurem|69/100|[from] item: Leftovers
|upkeep
|turn|6
|
|t:|1760737970
|move|p2a: Kyurem|Protect|p2a: Kyurem
|-singleturn|p2a: Kyurem|Protect
|move|p1a: Enamorus|Moonblast|p2a: Kyurem
|-activate|p2a: Kyurem|move: Protect
|
|-heal|p2a: Kyurem|75/100|[from] item: Leftovers
|upkeep
|turn|7
|inactive|MooFarmer has 90 seconds left.
|inactive|MooFarmer has 60 seconds left.
|
|t:|1760738016
|-terastallize|p1a: Enamorus|Fairy
|-terastallize|p2a: Kyurem|Ground
|move|p1a: Enamorus|Moonblast|p2a: Kyurem
|-damage|p2a: Kyurem|0 fnt
|faint|p2a: Kyurem
|
|upkeep
|inactive|MooFarmer has 30 seconds left.
|inactive|MooFarmer has 20 seconds left.
|inactive|MooFarmer has 15 seconds left.
|inactive|MooFarmer has 10 seconds left.
|
|t:|1760738063
|switch|p2a: Slowking|Slowking-Galar, L99, M|63/100
|turn|8
|inactive|MooFarmer has 20 seconds left this turn.
|inactive|MooFarmer has 15 seconds left.
|
|t:|1760738075
|switch|p1a: Gholdengo|Gholdengo|100/100
|move|p2a: Slowking|Sludge Bomb|p1a: Gholdengo
|-immune|p1a: Gholdengo
|
|upkeep
|turn|9
|inactive|MooFarmer has 25 seconds left this turn.
|inactive|MooFarmer has 20 seconds left.
|
|t:|1760738087
|switch|p1a: Enamorus|Enamorus, F, tera:Fairy|100/100
|switch|p2a: Ting-Lu|Ting-Lu|100/100
|-ability|p2a: Ting-Lu|Vessel of Ruin
|
|upkeep
|turn|10
|inactive|MooFarmer has 30 seconds left this turn.
|
|t:|1760738095
|switch|p2a: Slowking|Slowking-Galar, L99, M|96/100
|move|p1a: Enamorus|Earth Power|p2a: Slowking
|-supereffective|p2a: Slowking
|-damage|p2a: Slowking|41/100
|
|upkeep
|turn|11
|inactive|MooFarmer has 30 seconds left.
|
|t:|1760738105
|switch|p1a: Rotom|Rotom-Wash|100/100
|switch|p2a: Corviknight|Corviknight, M|100/100
|-ability|p2a: Corviknight|Pressure
|
|upkeep
|turn|12
|
|t:|1760738113
|switch|p2a: Slowking|Slowking-Galar, L99, M|74/100
|move|p1a: Rotom|Will-O-Wisp|p2a: Slowking
|-status|p2a: Slowking|brn
|
|-damage|p2a: Slowking|68/100 brn|[from] brn
|upkeep
|turn|13
|
|t:|1760738122
|switch|p2a: Ting-Lu|Ting-Lu|100/100
|-ability|p2a: Ting-Lu|Vessel of Ruin
|move|p1a: Rotom|Volt Switch|p2a: Ting-Lu
|-immune|p2a: Ting-Lu
|
|upkeep
|turn|14
|
|t:|1760738130
|switch|p2a: Slowking|Slowking-Galar, L99, M|100/100 brn
|move|p1a: Rotom|Will-O-Wisp|p2a: Slowking
|-fail|p2a: Slowking|brn
|
|-damage|p2a: Slowking|94/100 brn|[from] brn
|upkeep
|turn|15
|
|t:|1760738139
|move|p1a: Rotom|Volt Switch|p2a: Slowking
|-damage|p2a: Slowking|80/100 brn
|
|t:|1760738145
|switch|p1a: Gholdengo|Gholdengo|100/100|[from] Volt Switch
|move|p2a: Slowking|Future Sight|p1a: Gholdengo
|-start|p2a: Slowking|move: Future Sight
|
|-damage|p2a: Slowking|74/100 brn|[from] brn
|upkeep
|turn|16
|inactive|MooFarmer has 60 seconds left.
|
|t:|1760738159
|switch|p2a: Ting-Lu|Ting-Lu|100/100
|-ability|p2a: Ting-Lu|Vessel of Ruin
|move|p1a: Gholdengo|Thunder Wave|p2a: Ting-Lu
|-immune|p2a: Ting-Lu
|
|upkeep
|turn|17
|j| just-jaype
|
|t:|1760738168
|move|p1a: Gholdengo|Make It Rain|p2a: Ting-Lu
|-damage|p2a: Ting-Lu|80/100
|-unboost|p1a: Gholdengo|spa|1
|move|p2a: Ting-Lu|Earthquake|p1a: Gholdengo
|-supereffective|p1a: Gholdengo
|-damage|p1a: Gholdengo|53/100
|
|-end|p1a: Gholdengo|move: Future Sight
|-resisted|p1a: Gholdengo
|-crit|p1a: Gholdengo
|-damage|p1a: Gholdengo|30/100
|-heal|p1a: Gholdengo|36/100|[from] item: Leftovers
|-heal|p2a: Ting-Lu|87/100|[from] item: Leftovers
|upkeep
|turn|18
|
|t:|1760738177
|switch|p1a: Rotom|Rotom-Wash|100/100
|move|p2a: Ting-Lu|Payback|p1a: Rotom
|-damage|p1a: Rotom|85/100
|-damage|p2a: Ting-Lu|70/100|[from] item: Rocky Helmet|[of] p1a: Rotom
|
|-heal|p2a: Ting-Lu|76/100|[from] item: Leftovers
|upkeep
|turn|19
|
|t:|1760738186
|move|p1a: Rotom|Volt Switch|p2a: Ting-Lu
|-immune|p2a: Ting-Lu
|move|p2a: Ting-Lu|Payback|p1a: Rotom
|-damage|p1a: Rotom|56/100
|-damage|p2a: Ting-Lu|60/100|[from] item: Rocky Helmet|[of] p1a: Rotom
|
|-heal|p2a: Ting-Lu|66/100|[from] item: Leftovers
|upkeep
|turn|20
|l| just-jaype
|
|t:|1760738195
|switch|p1a: Enamorus|Enamorus, F, tera:Fairy|100/100
|move|p2a: Ting-Lu|Payback|p1a: Enamorus
|-resisted|p1a: Enamorus
|-damage|p1a: Enamorus|85/100
|
|-heal|p2a: Ting-Lu|72/100|[from] item: Leftovers
|upkeep
|turn|21
|
|t:|1760738203
|switch|p2a: Slowking|Slowking-Galar, L99, M|100/100 brn
|move|p1a: Enamorus|Moonblast|p2a: Slowking
|-resisted|p2a: Slowking
|-damage|p2a: Slowking|69/100 brn
|-unboost|p2a: Slowking|spa|1
|
|-damage|p2a: Slowking|63/100 brn|[from] brn
|upkeep
|turn|22
|inactive|MooFarmer has 90 seconds left.
|inactive|MooFarmer has 60 seconds left.
|
|t:|1760738250
|switch|p1a: Gholdengo|Gholdengo|36/100
|move|p2a: Slowking|Sludge Bomb|p1a: Gholdengo
|-immune|p1a: Gholdengo
|
|-heal|p1a: Gholdengo|42/100|[from] item: Leftovers
|-damage|p2a: Slowking|57/100 brn|[from] brn
|upkeep
|turn|23
|inactive|MooFarmer has 30 seconds left.
|inactive|MooFarmer has 20 seconds left.
|inactive|MooFarmer has 15 seconds left.
|
|t:|1760738295
|switch|p2a: Ting-Lu|Ting-Lu|72/100
|-ability|p2a: Ting-Lu|Vessel of Ruin
|move|p1a: Gholdengo|Recover|p1a: Gholdengo
|-heal|p1a: Gholdengo|92/100
|
|-heal|p1a: Gholdengo|98/100|[from] item: Leftovers
|-heal|p2a: Ting-Lu|79/100|[from] item: Leftovers
|upkeep
|turn|24
|inactive|MooFarmer has 25 seconds left this turn.
|inactive|MooFarmer has 20 seconds left.
|
|t:|1760738307
|switch|p1a: Great Tusk|Great Tusk|100/100
|switch|p2a: Slowking|Slowking-Galar, L99, M|90/100 brn
|
|-damage|p2a: Slowking|84/100 brn|[from] brn
|upkeep
|turn|25
|inactive|MooFarmer has 30 seconds left this turn.
|
|t:|1760738320
|switch|p2a: Corviknight|Corviknight, M|100/100
|-ability|p2a: Corviknight|Pressure
|move|p1a: Great Tusk|Knock Off|p2a: Corviknight
|-damage|p2a: Corviknight|81/100
|-damage|p1a: Great Tusk|84/100|[from] item: Rocky Helmet|[of] p2a: Corviknight
|-enditem|p2a: Corviknight|Rocky Helmet|[from] move: Knock Off|[of] p1a: Great Tusk
|
|upkeep
|turn|26
|inactive|MooFarmer has 30 seconds left.
|
|t:|1760738331
|switch|p2a: Slowking|Slowking-Galar, L99, M|100/100 brn
|move|p1a: Great Tusk|Stealth Rock|p2a: Slowking
|-sidestart|p2: MooFarmer|move: Stealth Rock
|
|-damage|p2a: Slowking|94/100 brn|[from] brn
|upkeep
|turn|27
|
|t:|1760738340
|-end|p1a: Great Tusk|Protosynthesis|[silent]
|switch|p1a: Rotom|Rotom-Wash|56/100
|switch|p2a: Corviknight|Corviknight, M|81/100
|-damage|p2a: Corviknight|69/100|[from] Stealth Rock
|-ability|p2a: Corviknight|Pressure
|
|upkeep
|turn|28
|
|t:|1760738348
|move|p1a: Rotom|Volt Switch|p2a: Corviknight
|-supereffective|p2a: Corviknight
|-damage|p2a: Corviknight|22/100
|
|t:|1760738360
|switch|p1a: Enamorus|Enamorus, F, tera:Fairy|85/100|[from] Volt Switch
|move|p2a: Corviknight|Roost|p2a: Corviknight
|-heal|p2a: Corviknight|72/100
|-singleturn|p2a: Corviknight|move: Roost
|
|upkeep
|turn|29
|
|t:|1760738369
|switch|p2a: Slowking|Slowking-Galar, L99, M|100/100 brn
|move|p1a: Enamorus|Moonblast|p2a: Slowking
|-resisted|p2a: Slowking
|-damage|p2a: Slowking|69/100 brn
|
|-damage|p2a: Slowking|63/100 brn|[from] brn
|upkeep
|turn|30
|
|t:|1760738380
|switch|p1a: Gholdengo|Gholdengo|98/100
|move|p2a: Slowking|Sludge Bomb|p1a: Gholdengo
|-immune|p1a: Gholdengo
|
|-heal|p1a: Gholdengo|100/100|[from] item: Leftovers
|-damage|p2a: Slowking|57/100 brn|[from] brn
|upkeep
|turn|31
|inactive|MooFarmer has 60 seconds left.
|
|t:|1760738388
|switch|p1a: Great Tusk|Great Tusk|84/100
|switch|p2a: Cinderace|Cinderace, F|100/100
|
|upkeep
|turn|32
|
|t:|1760738397
|move|p2a: Cinderace|Will-O-Wisp|p1a: Great Tusk
|-status|p1a: Great Tusk|brn
|move|p1a: Great Tusk|Headlong Rush|p2a: Cinderace
|-supereffective|p2a: Cinderace
|-damage|p2a: Cinderace|31/100
|-unboost|p1a: Great Tusk|def|1
|-unboost|p1a: Great Tusk|spd|1
|
|-damage|p1a: Great Tusk|78/100 brn|[from] brn
|upkeep
|turn|33
|
|t:|1760738406
|move|p2a: Cinderace|U-turn|p1a: Great Tusk
|-resisted|p1a: Great Tusk
|-damage|p1a: Great Tusk|67/100 brn
|
|t:|1760738415
|switch|p2a: Corviknight|Corviknight, M|72/100|[from] U-turn
|-damage|p2a: Corviknight|60/100|[from] Stealth Rock
|-ability|p2a: Corviknight|Pressure
|move|p1a: Great Tusk|Headlong Rush|p2a: Corviknight
|-immune|p2a: Corviknight
|
|-damage|p1a: Great Tusk|61/100 brn|[from] brn
|upkeep
|turn|34
|
|t:|1760738423
|-end|p1a: Great Tusk|Protosynthesis|[silent]
|switch|p1a: Gholdengo|Gholdengo|100/100
|move|p2a: Corviknight|Roost|p2a: Corviknight
|-heal|p2a: Corviknight|100/100
|-singleturn|p2a: Corviknight|move: Roost
|
|upkeep
|turn|35
|
|t:|1760738432
|move|p1a: Gholdengo|Thunder Wave|p2a: Corviknight|[miss]
|-miss|p1a: Gholdengo|p2a: Corviknight
|move|p2a: Corviknight|Roost||[still]
|-fail|p2a: Corviknight|heal
|
|upkeep
|turn|36
|
|t:|1760738441
|switch|p1a: Rotom|Rotom-Wash|56/100
|move|p2a: Corviknight|U-turn|p1a: Rotom
|-damage|p1a: Rotom|44/100
|-damage|p2a: Corviknight|84/100|[from] item: Rocky Helmet|[of] p1a: Rotom
|inactive|MooFarmer has 60 seconds left.
|
|t:|1760738486
|switch|p2a: Slowking|Slowking-Galar, L99, M|90/100 brn|[from] U-turn
|
|-damage|p2a: Slowking|84/100 brn|[from] brn
|upkeep
|turn|37
|inactive|MooFarmer has 30 seconds left.
|inactive|MooFarmer has 20 seconds left.
|inactive|MooFarmer has 15 seconds left.
|inactive|MooFarmer has 10 seconds left.
|
|t:|1760738532
|move|p1a: Rotom|Volt Switch|p2a: Slowking
|-crit|p2a: Slowking
|-damage|p2a: Slowking|62/100 brn
|
|t:|1760738536
|switch|p1a: Gholdengo|Gholdengo|100/100|[from] Volt Switch
|move|p2a: Slowking|Toxic|p1a: Gholdengo
|-immune|p1a: Gholdengo|[from] ability: Good as Gold
|
|-damage|p2a: Slowking|56/100 brn|[from] brn
|upkeep
|turn|38
|inactive|MooFarmer has 25 seconds left this turn.
|inactive|MooFarmer has 20 seconds left.
|
|t:|1760738544
|switch|p2a: Ting-Lu|Ting-Lu|79/100
|-damage|p2a: Ting-Lu|72/100|[from] Stealth Rock
|-ability|p2a: Ting-Lu|Vessel of Ruin
|move|p1a: Gholdengo|Hex|p2a: Ting-Lu
|-resisted|p2a: Ting-Lu
|-damage|p2a: Ting-Lu|66/100
|
|-heal|p2a: Ting-Lu|73/100|[from] item: Leftovers
|upkeep
|turn|39
|inactive|MooFarmer has 30 seconds left this turn.
|
|t:|1760738553
|switch|p1a: Rotom|Rotom-Wash|44/100
|switch|p2a: Slowking|Slowking-Galar, L99, M|89/100 brn
|
|-damage|p2a: Slowking|83/100 brn|[from] brn
|upkeep
|turn|40
|inactive|MooFarmer has 30 seconds left.
|
|t:|1760738561
|move|p1a: Rotom|Volt Switch|p2a: Slowking
|-damage|p2a: Slowking|68/100 brn
|
|t:|1760738564
|switch|p1a: Gholdengo|Gholdengo|100/100|[from] Volt Switch
|move|p2a: Slowking|Future Sight|p1a: Gholdengo
|-start|p2a: Slowking|move: Future Sight
|
|-damage|p2a: Slowking|62/100 brn|[from] brn
|upkeep
|turn|41
|
|t:|1760738577
|switch|p1a: Rotom|Rotom-Wash|44/100
|switch|p2a: Ting-Lu|Ting-Lu|73/100
|-damage|p2a: Ting-Lu|66/100|[from] Stealth Rock
|-ability|p2a: Ting-Lu|Vessel of Ruin
|
|-heal|p2a: Ting-Lu|73/100|[from] item: Leftovers
|upkeep
|turn|42
|
|t:|1760738585
|move|p1a: Rotom|Pain Split|p2a: Ting-Lu
|-sethp|p2a: Ting-Lu|50/100|[from] move: Pain Split|[silent]
|-sethp|p1a: Rotom|84/100|[from] move: Pain Split
|move|p2a: Ting-Lu|Payback|p1a: Rotom
|-damage|p1a: Rotom|55/100
|-damage|p2a: Ting-Lu|33/100|[from] item: Rocky Helmet|[of] p1a: Rotom
|
|-end|p1a: Rotom|move: Future Sight
|-damage|p1a: Rotom|21/100
|-heal|p2a: Ting-Lu|39/100|[from] item: Leftovers
|upkeep
|turn|43
|
|t:|1760738594
|move|p1a: Rotom|Hydro Pump|p2a: Ting-Lu
|-supereffective|p2a: Ting-Lu
|-damage|p2a: Ting-Lu|5/100
|move|p2a: Ting-Lu|Rest|p2a: Ting-Lu
|-status|p2a: Ting-Lu|slp|[from] move: Rest
|-heal|p2a: Ting-Lu|100/100 slp|[silent]
|
|upkeep
|turn|44
|
|t:|1760738602
|switch|p2a: Slowking|Slowking-Galar, L99, M|95/100 brn
|move|p1a: Rotom|Pain Split|p2a: Slowking
|-sethp|p2a: Slowking|56/100 brn|[from] move: Pain Split|[silent]
|-sethp|p1a: Rotom|71/100|[from] move: Pain Split
|
|-damage|p2a: Slowking|49/100 brn|[from] brn
|upkeep
|turn|45
|inactive|MooFarmer has 60 seconds left.
|
|t:|1760738611
|switch|p2a: Ting-Lu|Ting-Lu|100/100 slp
|-damage|p2a: Ting-Lu|94/100 slp|[from] Stealth Rock
|-ability|p2a: Ting-Lu|Vessel of Ruin
|move|p1a: Rotom|Volt Switch|p2a: Ting-Lu
|-immune|p2a: Ting-Lu
|
|-heal|p2a: Ting-Lu|100/100 slp|[from] item: Leftovers
|upkeep
|turn|46
|
|t:|1760738619
|switch|p1a: Enamorus|Enamorus, F, tera:Fairy|85/100
|switch|p2a: Slowking|Slowking-Galar, L99, M|83/100 brn
|
|-damage|p2a: Slowking|77/100 brn|[from] brn
|upkeep
|turn|47
|
|t:|1760738628
|switch|p1a: Gholdengo|Gholdengo|100/100
|move|p2a: Slowking|Sludge Bomb|p1a: Gholdengo
|-immune|p1a: Gholdengo
|
|-damage|p2a: Slowking|70/100 brn|[from] brn
|upkeep
|turn|48
|
|t:|1760738637
|switch|p1a: Enamorus|Enamorus, F, tera:Fairy|85/100
|switch|p2a: Ting-Lu|Ting-Lu|100/100 slp
|-damage|p2a: Ting-Lu|94/100 slp|[from] Stealth Rock
|-ability|p2a: Ting-Lu|Vessel of Ruin
|
|-heal|p2a: Ting-Lu|100/100 slp|[from] item: Leftovers
|upkeep
|turn|49
|
|t:|1760738645
|switch|p2a: Slowking|Slowking-Galar, L99, M|100/100 brn
|move|p1a: Enamorus|Moonblast|p2a: Slowking
|-resisted|p2a: Slowking
|-damage|p2a: Slowking|72/100 brn
|
|-damage|p2a: Slowking|66/100 brn|[from] brn
|upkeep
|turn|50
|
|t:|1760738654
|switch|p1a: Gholdengo|Gholdengo|100/100
|move|p2a: Slowking|Sludge Bomb|p1a: Gholdengo
|-immune|p1a: Gholdengo
|
|-damage|p2a: Slowking|60/100 brn|[from] brn
|upkeep
|turn|51
|inactive|MooFarmer has 90 seconds left.
|
|t:|1760738662
|switch|p1a: Enamorus|Enamorus, F, tera:Fairy|85/100
|switch|p2a: Ting-Lu|Ting-Lu|100/100 slp
|-damage|p2a: Ting-Lu|94/100 slp|[from] Stealth Rock
|-ability|p2a: Ting-Lu|Vessel of Ruin
|
|-heal|p2a: Ting-Lu|100/100 slp|[from] item: Leftovers
|upkeep
|turn|52
|inactive|MooFarmer has 90 seconds left.
|inactive|MooFarmer has 60 seconds left.
|
|t:|1760738708
|switch|p2a: Slowking|Slowking-Galar, L99, M|93/100 brn
|move|p1a: Enamorus|Earth Power|p2a: Slowking
|-supereffective|p2a: Slowking
|-damage|p2a: Slowking|30/100 brn
|
|-damage|p2a: Slowking|24/100 brn|[from] brn
|upkeep
|turn|53
|inactive|MooFarmer has 60 seconds left.
|j| Chococroc
|inactive|MooFarmer has 30 seconds left.
|inactive|MooFarmer has 20 seconds left.
|
|t:|1760738754
|switch|p1a: Rotom|Rotom-Wash|71/100
|switch|p2a: Corviknight|Corviknight, M|84/100
|-damage|p2a: Corviknight|72/100|[from] Stealth Rock
|-ability|p2a: Corviknight|Pressure
|
|upkeep
|turn|54
|inactive|MooFarmer has 30 seconds left this turn.
|
|t:|1760738766
|switch|p2a: Slowking|Slowking-Galar, L99, M|57/100 brn
|move|p1a: Rotom|Volt Switch|p2a: Slowking
|-damage|p2a: Slowking|43/100 brn
|inactive|Rabzzz has 120 seconds left.
|
|t:|1760738801
|switch|p1a: Enamorus|Enamorus, F, tera:Fairy|85/100|[from] Volt Switch
|
|-damage|p2a: Slowking|37/100 brn|[from] brn
|upkeep
|turn|55
|inactive|Rabzzz has 120 seconds left.
|
|t:|1760738810
|switch|p2a: Corviknight|Corviknight, M|72/100
|-damage|p2a: Corviknight|59/100|[from] Stealth Rock
|-ability|p2a: Corviknight|Pressure
|move|p1a: Enamorus|Moonblast|p2a: Corviknight
|-resisted|p2a: Corviknight
|-damage|p2a: Corviknight|11/100
|
|upkeep
|turn|56
|
|t:|1760738818
|move|p1a: Enamorus|Moonblast|p2a: Corviknight
|-resisted|p2a: Corviknight
|-damage|p2a: Corviknight|0 fnt
|faint|p2a: Corviknight
|
|upkeep
|
|t:|1760738827
|switch|p2a: Cinderace|Cinderace, F|31/100
|turn|57
|
|t:|1760738835
|move|p2a: Cinderace|Court Change|p2a: Cinderace
|-swapsideconditions
|-activate|p2a: Cinderace|move: Court Change
|move|p1a: Enamorus|Moonblast|p2a: Cinderace
|-resisted|p2a: Cinderace
|-damage|p2a: Cinderace|0 fnt
|faint|p2a: Cinderace
|
|upkeep
|
|t:|1760738843
|switch|p2a: Slowking|Slowking-Galar, L99, M|70/100 brn
|turn|58
|j| Finkachu
|
|t:|1760738852
|switch|p1a: Gholdengo|Gholdengo|100/100
|-damage|p1a: Gholdengo|94/100|[from] Stealth Rock
|-prepare|p2a: Slowking|Chilly Reception|[premajor]
|move|p2a: Slowking|Chilly Reception|p2a: Slowking
|-weather|Snowscape
|
|t:|1760738860
|switch|p2a: Ting-Lu|Ting-Lu|100/100 slp|[from] Chilly Reception
|-ability|p2a: Ting-Lu|Vessel of Ruin
|
|-weather|Snowscape|[upkeep]
|-heal|p1a: Gholdengo|100/100|[from] item: Leftovers
|upkeep
|turn|59
|
|t:|1760738874
|switch|p1a: Rotom|Rotom-Wash|71/100
|-damage|p1a: Rotom|59/100|[from] Stealth Rock
|cant|p2a: Ting-Lu|slp
|move|p2a: Ting-Lu|Sleep Talk|p2a: Ting-Lu
|move|p2a: Ting-Lu|Rest||[from] move: Sleep Talk|[still]
|-fail|p2a: Ting-Lu
|
|-weather|Snowscape|[upkeep]
|upkeep
|turn|60
|inactive|MooFarmer has 60 seconds left.
|
|t:|1760738883
|switch|p2a: Slowking|Slowking-Galar, L99, M|100/100 brn
|move|p1a: Rotom|Pain Split|p2a: Slowking
|-sethp|p2a: Slowking|73/100 brn|[from] move: Pain Split|[silent]
|-sethp|p1a: Rotom|94/100|[from] move: Pain Split
|
|-weather|Snowscape|[upkeep]
|-damage|p2a: Slowking|67/100 brn|[from] brn
|upkeep
|turn|61
|
|t:|1760738892
|move|p1a: Rotom|Volt Switch|p2a: Slowking
|-damage|p2a: Slowking|53/100 brn
|
|t:|1760738904
|switch|p1a: Gholdengo|Gholdengo|100/100|[from] Volt Switch
|-damage|p1a: Gholdengo|94/100|[from] Stealth Rock
|move|p2a: Slowking|Future Sight|p1a: Gholdengo
|-start|p2a: Slowking|move: Future Sight
|
|-weather|Snowscape|[upkeep]
|-heal|p1a: Gholdengo|100/100|[from] item: Leftovers
|-damage|p2a: Slowking|47/100 brn|[from] brn
|upkeep
|turn|62
|
|t:|1760738921
|switch|p1a: Ting-Lu|Ting-Lu|55/100 tox
|-damage|p1a: Ting-Lu|49/100 tox|[from] Stealth Rock
|-ability|p1a: Ting-Lu|Vessel of Ruin
|switch|p2a: Ting-Lu|Ting-Lu|100/100 slp
|-ability|p2a: Ting-Lu|Vessel of Ruin
|
|-weather|none
|-heal|p1a: Ting-Lu|55/100 tox|[from] item: Leftovers
|-damage|p1a: Ting-Lu|49/100 tox|[from] psn
|upkeep
|turn|63
|
|t:|1760738930
|move|p1a: Ting-Lu|Spikes|p2a: Ting-Lu
|-sidestart|p2: MooFarmer|Spikes
|cant|p2a: Ting-Lu|slp
|move|p2a: Ting-Lu|Sleep Talk|p2a: Ting-Lu
|move|p2a: Ting-Lu|Payback|p1a: Ting-Lu|[from] move: Sleep Talk
|-resisted|p1a: Ting-Lu
|-damage|p1a: Ting-Lu|38/100 tox
|
|-end|p1a: Ting-Lu|move: Future Sight
|-immune|p1a: Ting-Lu
|-heal|p1a: Ting-Lu|44/100 tox|[from] item: Leftovers
|-damage|p1a: Ting-Lu|31/100 tox|[from] psn
|upkeep
|turn|64
|j| Nuipir
|
|t:|1760738942
|switch|p1a: Rotom|Rotom-Wash|94/100
|-damage|p1a: Rotom|82/100|[from] Stealth Rock
|-curestatus|p2a: Ting-Lu|slp|[msg]
|move|p2a: Ting-Lu|Earthquake|p1a: Rotom
|-immune|p1a: Rotom|[from] ability: Levitate
|
|upkeep
|turn|65
|inactive|MooFarmer has 90 seconds left.
|
|t:|1760738951
|move|p1a: Rotom|Volt Switch|p2a: Ting-Lu
|-immune|p2a: Ting-Lu
|move|p2a: Ting-Lu|Earthquake|p1a: Rotom
|-immune|p1a: Rotom|[from] ability: Levitate
|
|upkeep
|turn|66
|
|t:|1760738959
|move|p1a: Rotom|Volt Switch|p2a: Ting-Lu
|-immune|p2a: Ting-Lu
|move|p2a: Ting-Lu|Earthquake|p1a: Rotom
|-immune|p1a: Rotom|[from] ability: Levitate
|
|upkeep
|turn|67
|
|t:|1760738967
|move|p1a: Rotom|Will-O-Wisp|p2a: Ting-Lu
|-status|p2a: Ting-Lu|brn
|move|p2a: Ting-Lu|Earthquake|p1a: Rotom
|-immune|p1a: Rotom|[from] ability: Levitate
|
|-damage|p2a: Ting-Lu|94/100 brn|[from] brn
|upkeep
|turn|68
|
|t:|1760738976
|switch|p1a: Great Tusk|Great Tusk|61/100 brn
|switch|p2a: Slowking|Slowking-Galar, L99, M|80/100 brn
|
|-damage|p1a: Great Tusk|54/100 brn|[from] brn
|-damage|p2a: Slowking|74/100 brn|[from] brn
|upkeep
|turn|69
|
|t:|1760738987
|switch|p2a: Ting-Lu|Ting-Lu|94/100 brn
|-damage|p2a: Ting-Lu|82/100 brn|[from] Spikes
|-ability|p2a: Ting-Lu|Vessel of Ruin
|move|p1a: Great Tusk|Knock Off|p2a: Ting-Lu
|-resisted|p2a: Ting-Lu
|-damage|p2a: Ting-Lu|78/100 brn
|-enditem|p2a: Ting-Lu|Leftovers|[from] move: Knock Off|[of] p1a: Great Tusk
|
|-damage|p1a: Great Tusk|48/100 brn|[from] brn
|-damage|p2a: Ting-Lu|71/100 brn|[from] brn
|upkeep
|turn|70
|
|t:|1760738996
|move|p1a: Great Tusk|Rapid Spin|p2a: Ting-Lu
|-damage|p2a: Ting-Lu|67/100 brn
|-boost|p1a: Great Tusk|spe|1
|-sideend|p1: Rabzzz|Stealth Rock|[from] move: Rapid Spin|[of] p1a: Great Tusk
|move|p2a: Ting-Lu|Rest|p2a: Ting-Lu
|-status|p2a: Ting-Lu|slp|[from] move: Rest
|-heal|p2a: Ting-Lu|100/100 slp|[silent]
|
|-damage|p1a: Great Tusk|42/100 brn|[from] brn
|upkeep
|turn|71
|inactive|MooFarmer has 120 seconds left.
|
|t:|1760739007
|switch|p2a: Slowking|Slowking-Galar, L99, M|100/100 brn
|move|p1a: Great Tusk|Stealth Rock|p2a: Slowking
|-sidestart|p2: MooFarmer|move: Stealth Rock
|
|-damage|p1a: Great Tusk|36/100 brn|[from] brn
|-damage|p2a: Slowking|94/100 brn|[from] brn
|upkeep
|turn|72
|
|t:|1760739029
|-end|p1a: Great Tusk|Protosynthesis|[silent]
|switch|p1a: Ting-Lu|Ting-Lu|31/100 tox
|-ability|p1a: Ting-Lu|Vessel of Ruin
|switch|p2a: Ting-Lu|Ting-Lu|100/100 slp
|-damage|p2a: Ting-Lu|88/100 slp|[from] Spikes
|-damage|p2a: Ting-Lu|82/100 slp|[from] Stealth Rock
|-ability|p2a: Ting-Lu|Vessel of Ruin
|
|-heal|p1a: Ting-Lu|38/100 tox|[from] item: Leftovers
|-damage|p1a: Ting-Lu|31/100 tox|[from] psn
|upkeep
|turn|73
|
|t:|1760739038
|move|p1a: Ting-Lu|Spikes|p2a: Ting-Lu
|-sidestart|p2: MooFarmer|Spikes
|cant|p2a: Ting-Lu|slp
|move|p2a: Ting-Lu|Sleep Talk|p2a: Ting-Lu
|move|p2a: Ting-Lu|Payback|p1a: Ting-Lu|[from] move: Sleep Talk
|-resisted|p1a: Ting-Lu
|-damage|p1a: Ting-Lu|22/100 tox
|
|-heal|p1a: Ting-Lu|28/100 tox|[from] item: Leftovers
|-damage|p1a: Ting-Lu|15/100 tox|[from] psn
|upkeep
|turn|74
|
|t:|1760739046
|move|p1a: Ting-Lu|Spikes|p2a: Ting-Lu
|-sidestart|p2: MooFarmer|Spikes
|cant|p2a: Ting-Lu|slp
|move|p2a: Ting-Lu|Sleep Talk|p2a: Ting-Lu
|move|p2a: Ting-Lu|Rest||[from] move: Sleep Talk|[still]
|-fail|p2a: Ting-Lu
|
|-heal|p1a: Ting-Lu|22/100 tox|[from] item: Leftovers
|-damage|p1a: Ting-Lu|3/100 tox|[from] psn
|upkeep
|turn|75
|
|t:|1760739063
|switch|p1a: Rotom|Rotom-Wash|82/100
|switch|p2a: Slowking|Slowking-Galar, L99, M|100/100 brn
|
|-damage|p2a: Slowking|94/100 brn|[from] brn
|upkeep
|turn|76
|
|t:|1760739074
|switch|p2a: Ting-Lu|Ting-Lu|82/100 slp
|-damage|p2a: Ting-Lu|57/100 slp|[from] Spikes
|-damage|p2a: Ting-Lu|51/100 slp|[from] Stealth Rock
|-ability|p2a: Ting-Lu|Vessel of Ruin
|move|p1a: Rotom|Volt Switch|p2a: Ting-Lu
|-immune|p2a: Ting-Lu
|
|upkeep
|turn|77
|
|t:|1760739083
|switch|p1a: Enamorus|Enamorus, F, tera:Fairy|85/100
|-curestatus|p2a: Ting-Lu|slp|[msg]
|move|p2a: Ting-Lu|Payback|p1a: Enamorus
|-resisted|p1a: Enamorus
|-damage|p1a: Enamorus|70/100
|
|upkeep
|turn|78
|inactive|MooFarmer has 120 seconds left.
|
|t:|1760739129
|switch|p2a: Slowking|Slowking-Galar, L99, M|100/100 brn
|move|p1a: Enamorus|Moonblast|p2a: Slowking
|-resisted|p2a: Slowking
|-damage|p2a: Slowking|68/100 brn
|-unboost|p2a: Slowking|spa|1
|
|-damage|p2a: Slowking|62/100 brn|[from] brn
|upkeep
|turn|79
|j| gronwar
|inactive|MooFarmer has 90 seconds left.
|c| Chococroc|this is game over
|
|t:|1760739174
|switch|p1a: Iron Boulder|Iron Boulder|100/100
|-enditem|p1a: Iron Boulder|Booster Energy
|-activate|p1a: Iron Boulder|ability: Quark Drive|[fromitem]
|-start|p1a: Iron Boulder|quarkdrivespe
|switch|p2a: Dondozo|Dondozo, F|100/100
|-damage|p2a: Dondozo|76/100|[from] Spikes
|-damage|p2a: Dondozo|63/100|[from] Stealth Rock
|
|-heal|p2a: Dondozo|69/100|[from] item: Leftovers
|upkeep
|turn|80
|inactive|MooFarmer has 60 seconds left.
|
|t:|1760739219
|-end|p1a: Iron Boulder|Quark Drive|[silent]
|switch|p1a: Rotom|Rotom-Wash|82/100
|move|p2a: Dondozo|Waterfall|p1a: Rotom
|-resisted|p1a: Rotom
|-damage|p1a: Rotom|71/100
|-damage|p2a: Dondozo|53/100|[from] item: Rocky Helmet|[of] p1a: Rotom
|
|-heal|p2a: Dondozo|59/100|[from] item: Leftovers
|upkeep
|turn|81
|c|☆Rabzzz|rotom-w masterclass
|
|t:|1760739228
|move|p1a: Rotom|Volt Switch|p2a: Dondozo
|-supereffective|p2a: Dondozo
|-damage|p2a: Dondozo|7/100
|
|t:|1760739237
|switch|p1a: Enamorus|Enamorus, F, tera:Fairy|70/100|[from] Volt Switch
|move|p2a: Dondozo|Rest|p2a: Dondozo
|-status|p2a: Dondozo|slp|[from] move: Rest
|-heal|p2a: Dondozo|100/100 slp|[silent]
|
|upkeep
|turn|82
|l| Nuipir
|c| Chococroc|Rabzzz your team is awesome
|j| Nuipir
|l| Nuipir
|
|t:|1760739249
|move|p1a: Enamorus|Moonblast|p2a: Dondozo
|-damage|p2a: Dondozo|10/100 slp
|-unboost|p2a: Dondozo|spa|1
|cant|p2a: Dondozo|slp
|
|-heal|p2a: Dondozo|16/100 slp|[from] item: Leftovers
|upkeep
|turn|83
|inactive|MooFarmer has 60 seconds left.
|c|☆Rabzzz|thx
|
|t:|1760739258
|switch|p2a: Slowking|Slowking-Galar, L99, M|95/100 brn
|move|p1a: Enamorus|Moonblast|p2a: Slowking
|-resisted|p2a: Slowking
|-damage|p2a: Slowking|62/100 brn
|
|-damage|p2a: Slowking|56/100 brn|[from] brn
|upkeep
|turn|84
|
|t:|1760739271
|switch|p1a: Iron Boulder|Iron Boulder|100/100
|move|p2a: Slowking|Sludge Bomb|p1a: Iron Boulder
|-resisted|p1a: Iron Boulder
|-damage|p1a: Iron Boulder|85/100
|-status|p1a: Iron Boulder|psn
|
|-damage|p1a: Iron Boulder|72/100 psn|[from] psn
|-damage|p2a: Slowking|49/100 brn|[from] brn
|upkeep
|turn|85
|
|t:|1760739279
|move|p1a: Iron Boulder|Earthquake|p2a: Slowking
|-supereffective|p2a: Slowking
|-damage|p2a: Slowking|0 fnt
|faint|p2a: Slowking
|
|-damage|p1a: Iron Boulder|60/100 psn|[from] psn
|upkeep
|
|t:|1760739286
|switch|p2a: Dondozo|Dondozo, F|16/100 slp
|-damage|p2a: Dondozo|0 fnt|[from] Spikes
|faint|p2a: Dondozo
|
|t:|1760739291
|switch|p2a: Ting-Lu|Ting-Lu|51/100
|-damage|p2a: Ting-Lu|26/100|[from] Spikes
|-damage|p2a: Ting-Lu|20/100|[from] Stealth Rock
|-ability|p2a: Ting-Lu|Vessel of Ruin
|turn|86
|c|☆Rabzzz|gg
|
|t:|1760739298
|move|p1a: Iron Boulder|Earthquake|p2a: Ting-Lu
|-damage|p2a: Ting-Lu|1/100
|move|p2a: Ting-Lu|Rest|p2a: Ting-Lu
|-status|p2a: Ting-Lu|slp|[from] move: Rest
|-heal|p2a: Ting-Lu|100/100 slp|[silent]
|
|-damage|p1a: Iron Boulder|47/100 psn|[from] psn
|upkeep
|turn|87
|c|☆Rabzzz|oh man
|c|☆Rabzzz|lol
|
|t:|1760739311
|-end|p1a: Iron Boulder|Quark Drive|[silent]
|switch|p1a: Rotom|Rotom-Wash|71/100
|cant|p2a: Ting-Lu|slp
|move|p2a: Ting-Lu|Sleep Talk|p2a: Ting-Lu
|move|p2a: Ting-Lu|Payback|p1a: Rotom|[from] move: Sleep Talk
|-damage|p1a: Rotom|56/100
|-damage|p2a: Ting-Lu|84/100 slp|[from] item: Rocky Helmet|[of] p1a: Rotom
|
|upkeep
|turn|88
|inactive|MooFarmer has 90 seconds left.
|
|t:|1760739318
|move|p1a: Rotom|Hydro Pump|p2a: Ting-Lu
|-supereffective|p2a: Ting-Lu
|-damage|p2a: Ting-Lu|49/100 slp
|cant|p2a: Ting-Lu|slp
|move|p2a: Ting-Lu|Sleep Talk|p2a: Ting-Lu
|move|p2a: Ting-Lu|Payback|p1a: Rotom|[from] move: Sleep Talk
|-damage|p1a: Rotom|29/100
|-damage|p2a: Ting-Lu|32/100 slp|[from] item: Rocky Helmet|[of] p1a: Rotom
|
|upkeep
|turn|89
|
|t:|1760739325
|move|p1a: Rotom|Hydro Pump|p2a: Ting-Lu
|-supereffective|p2a: Ting-Lu
|-damage|p2a: Ting-Lu|0 fnt
|faint|p2a: Ting-Lu
|
|win|Rabzzz
|raw|Rabzzz's rating: 1767 &rarr; <strong>1790</strong><br />(+23 for winning)
|raw|MooFarmer's rating: 1826 &rarr; <strong>1803</strong><br />(-23 for losing)
|l|☆MooFarmer
|player|p2|
|c|☆Rabzzz|more fitting
|c|☆Rabzzz|gg
|l| Finkachu
|c| LT123VB 87|wp
|l| gronwar
|c| LT123VB 87|you won vs ai
|c|☆Rabzzz|wym
|c| LT123VB 87|i meant this guy is ai
|j| samurajen
|c| Chococroc|That makes sense
|l| LT123VB 87
|l| Chococroc
|l| samurajen
|j| samurajen
