|j|‽klefki_did_it
|j|‽blunts89
|t:|1760883279
|gametype|singles
|player|p1|klefki_did_it|pokemonbreeder-gen4|1480
|player|p2|blunts89|ghetsis|1493
|gen|9
|tier|[Gen 9] OU
|rated|
|rule|HP Percentage Mod: HP is shown in percentages
|rule|Endless Battle Clause: Forcing endless battles is banned
|rule|Species Clause: Limit one of each Pokémon
|rule|OHKO Clause: OHKO moves are banned
|rule|Evasion Items Clause: Evasion items are banned
|rule|Evasion Moves Clause: Evasion moves are banned
|rule|Evasion Abilities Clause: Evasion abilities are banned
|rule|Sleep Moves Clause: Sleep-inducing moves are banned
|clearpoke
|poke|p1|Staraptor, F|
|poke|p1|Kingambit, M|
|poke|p1|Emboar, F|
|poke|p1|Thundurus, M|
|poke|p1|Mandibuzz, F|
|poke|p1|Gardevoir, F|
|poke|p2|Great Tusk|
|poke|p2|Kingambit, F|
|poke|p2|Dragonite, M|
|poke|p2|Scizor, M|
|poke|p2|Enamorus, F|
|poke|p2|Iron Crown|
|teampreview
|inactive|Battle timer is ON: inactive players will automatically lose when time's up. (requested by klefki_did_it)
|
|t:|1760883290
|teamsize|p1|6
|teamsize|p2|6
|start
|switch|p1a: Gardevoir|Gardevoir, F|100/100
|switch|p2a: Enamorus|Enamorus, F|100/100
|-ability|p1a: Gardevoir|Cute Charm|Trace|[from] ability: Trace|[of] p2a: Enamorus
|turn|1
|
|t:|1760883301
|move|p2a: Enamorus|Moonblast|p1a: Gardevoir
|-damage|p1a: Gardevoir|39/100
|-unboost|p1a: Gardevoir|spa|1
|move|p1a: Gardevoir|Thunderbolt|p2a: Enamorus
|-supereffective|p2a: Enamorus
|-damage|p2a: Enamorus|32/100
|
|upkeep
|turn|2
|
|t:|1760883310
|switch|p1a: Thundurus|Thundurus, M|100/100
|move|p2a: Enamorus|Moonblast|p1a: Thundurus
|-damage|p1a: Thundurus|27/100
|
|upkeep
|turn|3
|
|t:|1760883327
|move|p2a: Enamorus|Moonblast|p1a: Thundurus
|-damage|p1a: Thundurus|0 fnt
|faint|p1a: Thundurus
|
|upkeep
|
|t:|1760883340
|switch|p1a: Emboar|Emboar, F, shiny|100/100
|turn|4
|
|t:|1760883351
|move|p1a: Emboar|Sucker Punch|p2a: Enamorus
|-resisted|p2a: Enamorus
|-damage|p2a: Enamorus|4/100
|move|p2a: Enamorus|Moonblast|p1a: Emboar
|-damage|p1a: Emboar|35/100
|-unboost|p1a: Emboar|spa|1
|
|upkeep
|turn|5
|
|t:|1760883356
|switch|p2a: Great Tusk|Great Tusk, shiny|100/100
|move|p1a: Emboar|Sucker Punch||[still]
|-fail|p1a: Emboar
|
|upkeep
|turn|6
|
|t:|1760883384
|switch|p1a: Mandibuzz|Mandibuzz, F|100/100
|move|p2a: Great Tusk|Headlong Rush|p1a: Mandibuzz
|-immune|p1a: Mandibuzz
|
|upkeep
|turn|7
|
|t:|1760883389
|move|p2a: Great Tusk|Ice Spinner|p1a: Mandibuzz
|-supereffective|p1a: Mandibuzz
|-damage|p1a: Mandibuzz|71/100
|move|p1a: Mandibuzz|Toxic|p2a: Great Tusk
|-status|p2a: Great Tusk|tox
|
|-damage|p2a: Great Tusk|94/100 tox|[from] psn
|upkeep
|turn|8
|
|t:|1760883393
|move|p2a: Great Tusk|Ice Spinner|p1a: Mandibuzz
|-supereffective|p1a: Mandibuzz
|-damage|p1a: Mandibuzz|38/100
|move|p1a: Mandibuzz|Foul Play|p2a: Great Tusk
|-resisted|p2a: Great Tusk
|-damage|p2a: Great Tusk|75/100 tox
|
|-damage|p2a: Great Tusk|63/100 tox|[from] psn
|upkeep
|turn|9
|
|t:|1760883397
|move|p2a: Great Tusk|Ice Spinner|p1a: Mandibuzz
|-supereffective|p1a: Mandibuzz
|-damage|p1a: Mandibuzz|3/100
|move|p1a: Mandibuzz|Roost|p1a: Mandibuzz
|-heal|p1a: Mandibuzz|53/100
|-singleturn|p1a: Mandibuzz|move: Roost
|
|-damage|p2a: Great Tusk|44/100 tox|[from] psn
|upkeep
|turn|10
|inactive|blunts89 has 120 seconds left.
|
|t:|1760883439
|-end|p2a: Great Tusk|Protosynthesis|[silent]
|switch|p2a: Enamorus|Enamorus, F|4/100
|move|p1a: Mandibuzz|Roost|p1a: Mandibuzz
|-heal|p1a: Mandibuzz|100/100
|-singleturn|p1a: Mandibuzz|move: Roost
|
|upkeep
|turn|11
|
|t:|1760883448
|switch|p1a: Gardevoir|Gardevoir, F|39/100
|-ability|p1a: Gardevoir|Cute Charm|Trace|[from] ability: Trace|[of] p2a: Enamorus
|move|p2a: Enamorus|Moonblast|p1a: Gardevoir
|-damage|p1a: Gardevoir|0 fnt
|faint|p1a: Gardevoir
|
|upkeep
|
|t:|1760883450
|switch|p1a: Kingambit|Kingambit, M|100/100
|-activate|p1a: Kingambit|ability: Supreme Overlord
|-start|p1a: Kingambit|fallen2|[silent]
|turn|12
|
|t:|1760883458
|move|p2a: Enamorus|Moonblast|p1a: Kingambit
|-damage|p1a: Kingambit|51/100
|move|p1a: Kingambit|Substitute|p1a: Kingambit
|-start|p1a: Kingambit|Substitute
|-damage|p1a: Kingambit|26/100
|
|-heal|p1a: Kingambit|32/100|[from] item: Leftovers
|upkeep
|turn|13
|
|t:|1760883462
|move|p1a: Kingambit|Sucker Punch|p2a: Enamorus
|-resisted|p2a: Enamorus
|-damage|p2a: Enamorus|0 fnt
|faint|p2a: Enamorus
|
|-heal|p1a: Kingambit|38/100|[from] item: Leftovers
|upkeep
|
|t:|1760883474
|switch|p2a: Scizor|Scizor, M|100/100
|turn|14
|
|t:|1760883483
|move|p2a: Scizor|Dual Wingbeat|p1a: Kingambit
|-resisted|p1a: Kingambit
|-activate|p1a: Kingambit|move: Substitute|[damage]
|-resisted|p1a: Kingambit
|-activate|p1a: Kingambit|move: Substitute|[damage]
|-hitcount|p1a: Kingambit|2
|move|p1a: Kingambit|Iron Head|p2a: Scizor
|-resisted|p2a: Scizor
|-damage|p2a: Scizor|65/100
|
|-heal|p1a: Kingambit|44/100|[from] item: Leftovers
|upkeep
|turn|15
|
|t:|1760883500
|move|p2a: Scizor|Dual Wingbeat|p1a: Kingambit
|-resisted|p1a: Kingambit
|-end|p1a: Kingambit|Substitute
|-resisted|p1a: Kingambit
|-damage|p1a: Kingambit|33/100
|-hitcount|p1a: Kingambit|2
|move|p1a: Kingambit|Swords Dance|p1a: Kingambit
|-boost|p1a: Kingambit|atk|2
|
|-heal|p1a: Kingambit|39/100|[from] item: Leftovers
|upkeep
|turn|16
|
|t:|1760883508
|move|p1a: Kingambit|Sucker Punch|p2a: Scizor
|-damage|p2a: Scizor|0 fnt
|faint|p2a: Scizor
|
|-heal|p1a: Kingambit|45/100|[from] item: Leftovers
|upkeep
|
|t:|1760883514
|switch|p2a: Great Tusk|Great Tusk, shiny|44/100 tox
|turn|17
|
|t:|1760883519
|-terastallize|p1a: Kingambit|Fairy
|move|p2a: Great Tusk|Close Combat|p1a: Kingambit
|-resisted|p1a: Kingambit
|-damage|p1a: Kingambit|23/100
|-unboost|p2a: Great Tusk|def|1
|-unboost|p2a: Great Tusk|spd|1
|move|p1a: Kingambit|Iron Head|p2a: Great Tusk
|-damage|p2a: Great Tusk|0 fnt
|faint|p2a: Great Tusk
|-end|p2a: Great Tusk|Protosynthesis|[silent]
|
|-heal|p1a: Kingambit|29/100|[from] item: Leftovers
|upkeep
|
|t:|1760883524
|switch|p2a: Kingambit|Kingambit, F|100/100
|-activate|p2a: Kingambit|ability: Supreme Overlord
|-start|p2a: Kingambit|fallen3|[silent]
|turn|18
|
|t:|1760883534
|-end|p1a: Kingambit|fallen2|[silent]
|switch|p1a: Mandibuzz|Mandibuzz, F|100/100
|move|p2a: Kingambit|Iron Head|p1a: Mandibuzz
|-damage|p1a: Mandibuzz|63/100
|
|upkeep
|turn|19
|
|t:|1760883542
|move|p1a: Mandibuzz|Foul Play|p2a: Kingambit
|-resisted|p2a: Kingambit
|-damage|p2a: Kingambit|80/100
|move|p2a: Kingambit|Iron Head|p1a: Mandibuzz
|-damage|p1a: Mandibuzz|28/100
|
|-heal|p2a: Kingambit|86/100|[from] item: Leftovers
|upkeep
|turn|20
|
|t:|1760883546
|move|p1a: Mandibuzz|Roost|p1a: Mandibuzz
|-heal|p1a: Mandibuzz|78/100
|-singleturn|p1a: Mandibuzz|move: Roost
|move|p2a: Kingambit|Iron Head|p1a: Mandibuzz
|-damage|p1a: Mandibuzz|46/100
|
|-heal|p2a: Kingambit|92/100|[from] item: Leftovers
|upkeep
|turn|21
|
|t:|1760883553
|move|p1a: Mandibuzz|Roost|p1a: Mandibuzz
|-heal|p1a: Mandibuzz|96/100
|-singleturn|p1a: Mandibuzz|move: Roost
|move|p2a: Kingambit|Kowtow Cleave|p1a: Mandibuzz
|-resisted|p1a: Mandibuzz
|-damage|p1a: Mandibuzz|77/100
|
|-heal|p2a: Kingambit|98/100|[from] item: Leftovers
|upkeep
|turn|22
|
|t:|1760883564
|switch|p1a: Staraptor|Staraptor, F|100/100
|move|p2a: Kingambit|Kowtow Cleave|p1a: Staraptor
|-damage|p1a: Staraptor|18/100
|
|-heal|p2a: Kingambit|100/100|[from] item: Leftovers
|upkeep
|turn|23
|
|t:|1760883572
|move|p2a: Kingambit|Sucker Punch|p1a: Staraptor
|-damage|p1a: Staraptor|0 fnt
|faint|p1a: Staraptor
|
|upkeep
|
|t:|1760883574
|switch|p1a: Emboar|Emboar, F, shiny|35/100
|turn|24
|
|t:|1760883578
|move|p2a: Kingambit|Sucker Punch|p1a: Emboar
|-resisted|p1a: Emboar
|-damage|p1a: Emboar|7/100
|move|p1a: Emboar|Flare Blitz|p2a: Kingambit
|-supereffective|p2a: Kingambit
|-damage|p2a: Kingambit|0 fnt
|faint|p2a: Kingambit
|-end|p2a: Kingambit|fallen3|[silent]
|-damage|p1a: Emboar|0 fnt|[from] Recoil
|faint|p1a: Emboar
|
|upkeep
|
|t:|1760883587
|switch|p1a: Mandibuzz|Mandibuzz, F|77/100
|switch|p2a: Iron Crown|Iron Crown|100/100
|-enditem|p2a: Iron Crown|Booster Energy
|-activate|p2a: Iron Crown|ability: Quark Drive|[fromitem]
|-start|p2a: Iron Crown|quarkdrivespe
|turn|25
|
|t:|1760883601
|-terastallize|p2a: Iron Crown|Fighting
|move|p2a: Iron Crown|Calm Mind|p2a: Iron Crown
|-boost|p2a: Iron Crown|spa|1
|-boost|p2a: Iron Crown|spd|1
|move|p1a: Mandibuzz|Foul Play|p2a: Iron Crown
|-resisted|p2a: Iron Crown
|-damage|p2a: Iron Crown|89/100
|
|upkeep
|turn|26
|
|t:|1760883609
|move|p2a: Iron Crown|Calm Mind|p2a: Iron Crown
|-boost|p2a: Iron Crown|spa|1
|-boost|p2a: Iron Crown|spd|1
|move|p1a: Mandibuzz|Toxic|p2a: Iron Crown
|-status|p2a: Iron Crown|tox
|
|-damage|p2a: Iron Crown|83/100 tox|[from] psn
|upkeep
|turn|27
|
|t:|1760883615
|move|p2a: Iron Crown|Tera Blast|p1a: Mandibuzz|[anim] Tera Blast Fighting
|-damage|p1a: Mandibuzz|13/100
|move|p1a: Mandibuzz|Roost|p1a: Mandibuzz
|-heal|p1a: Mandibuzz|63/100
|-singleturn|p1a: Mandibuzz|move: Roost
|
|-damage|p2a: Iron Crown|71/100 tox|[from] psn
|upkeep
|turn|28
|
|t:|1760883619
|move|p2a: Iron Crown|Tera Blast|p1a: Mandibuzz|[anim] Tera Blast Fighting
|-damage|p1a: Mandibuzz|0 fnt
|faint|p1a: Mandibuzz
|
|-damage|p2a: Iron Crown|53/100 tox|[from] psn
|upkeep
|
|t:|1760883623
|switch|p1a: Kingambit|Kingambit, M, tera:Fairy|29/100
|-activate|p1a: Kingambit|ability: Supreme Overlord
|-start|p1a: Kingambit|fallen5|[silent]
|turn|29
|
|t:|1760883633
|move|p1a: Kingambit|Sucker Punch|p2a: Iron Crown
|-resisted|p2a: Iron Crown
|-damage|p2a: Iron Crown|19/100 tox
|move|p2a: Iron Crown|Tachyon Cutter|p1a: Kingambit
|-supereffective|p1a: Kingambit
|-damage|p1a: Kingambit|0 fnt
|faint|p1a: Kingambit
|-end|p1a: Kingambit|fallen5|[silent]
|-hitcount|p1: Kingambit|1
|
|win|blunts89
|raw|klefki_did_it's rating: 1480 &rarr; <strong>1461</strong><br />(-19 for losing)
|raw|blunts89's rating: 1493 &rarr; <strong>1512</strong><br />(+19 for winning)
|l|‽klefki_did_it
|player|p1|
|l|‽blunts89
|player|p2|
