|j|☆I am Patrat
|j|☆mosfroth
|t:|1760809023
|gametype|singles
|player|p1|I am Patrat|1|1324
|player|p2|mosfroth|bruno|1482
|gen|9
|tier|[Gen 9] OU
|rated|
|rule|HP Percentage Mod: HP is shown in percentages
|rule|Endless Battle Clause: Forcing endless battles is banned
|rule|Species Clause: Limit one of each Pokémon
|rule|OHKO Clause: OHKO moves are banned
|rule|Evasion Items Clause: Evasion items are banned
|rule|Evasion Moves Clause: Evasion moves are banned
|rule|Evasion Abilities Clause: Evasion abilities are banned
|rule|Sleep Moves Clause: Sleep-inducing moves are banned
|clearpoke
|poke|p1|Forretress, M|
|poke|p1|Basculegion-F, F|
|poke|p1|Hippowdon, F|
|poke|p1|Registeel|
|poke|p1|Slowbro, F|
|poke|p1|Gastrodon, F|
|poke|p2|Dragapult, M|
|poke|p2|Indeedee-F, F|
|poke|p2|Hawlucha, F|
|poke|p2|Iron Treads|
|poke|p2|Toxapex, F|
|poke|p2|Armarouge, F|
|teampreview
|inactive|Battle timer is ON: inactive players will automatically lose when time's up. (requested by mosfroth)
|
|t:|1760809047
|teamsize|p1|6
|teamsize|p2|6
|start
|switch|p1a: Forretress|Forretress, M|100/100
|switch|p2a: Indeedee|Indeedee-F, F|100/100
|-fieldstart|move: Psychic Terrain|[from] ability: Psychic Surge|[of] p2a: Indeedee
|turn|1
|
|t:|1760809073
|move|p2a: Indeedee|Reflect|p2a: Indeedee
|-sidestart|p2: mosfroth|Reflect
|move|p1a: Forretress|Spikes|p2a: Indeedee
|-sidestart|p2: mosfroth|Spikes
|
|upkeep
|turn|2
|
|t:|1760809079
|move|p2a: Indeedee|Light Screen|p2a: Indeedee
|-sidestart|p2: mosfroth|move: Light Screen
|move|p1a: Forretress|Spikes|p2a: Indeedee
|-sidestart|p2: mosfroth|Spikes
|
|upkeep
|turn|3
|inactive|mosfroth has 120 seconds left.
|
|t:|1760809112
|switch|p2a: Iron Treads|Iron Treads|100/100
|-damage|p2a: Iron Treads|84/100|[from] Spikes
|move|p1a: Forretress|Spikes|p2a: Iron Treads
|-sidestart|p2: mosfroth|Spikes
|
|upkeep
|turn|4
|inactive|mosfroth has 120 seconds left.
|
|t:|1760809120
|move|p2a: Iron Treads|Earthquake|p1a: Forretress
|-damage|p1a: Forretress|72/100
|move|p1a: Forretress|Spikes||[still]
|-fail|p1a: Forretress
|
|-heal|p1a: Forretress|78/100|[from] item: Leftovers
|upkeep
|turn|5
|
|t:|1760809130
|move|p2a: Iron Treads|Rapid Spin|p1a: Forretress
|-resisted|p1a: Forretress
|-crit|p1a: Forretress
|-damage|p1a: Forretress|71/100
|-boost|p2a: Iron Treads|spe|1
|-sideend|p2: mosfroth|Spikes|[from] move: Rapid Spin|[of] p2a: Iron Treads
|move|p1a: Forretress|Body Press|p2a: Iron Treads
|-supereffective|p2a: Iron Treads
|-damage|p2a: Iron Treads|57/100
|
|-heal|p1a: Forretress|77/100|[from] item: Leftovers
|-sideend|p2: mosfroth|Reflect
|upkeep
|turn|6
|
|t:|1760809141
|move|p2a: Iron Treads|Stealth Rock|p1a: Forretress
|-sidestart|p1: I am Patrat|move: Stealth Rock
|move|p1a: Forretress|Spikes|p2a: Iron Treads
|-sidestart|p2: mosfroth|Spikes
|
|-heal|p1a: Forretress|83/100|[from] item: Leftovers
|-sideend|p2: mosfroth|move: Light Screen
|upkeep
|turn|7
|
|t:|1760809150
|switch|p1a: Basculegion|Basculegion-F, F|100/100
|-damage|p1a: Basculegion|88/100|[from] Stealth Rock
|move|p2a: Iron Treads|Earthquake|p1a: Basculegion
|-damage|p1a: Basculegion|22/100
|
|upkeep
|turn|8
|
|t:|1760809161
|move|p2a: Iron Treads|Earthquake|p1a: Basculegion
|-damage|p1a: Basculegion|0 fnt
|faint|p1a: Basculegion
|
|-fieldend|move: Psychic Terrain
|upkeep
|
|t:|1760809169
|switch|p1a: Slowbro|Slowbro, F|100/100
|turn|9
|
|t:|1760809173
|move|p2a: Iron Treads|Rapid Spin|p1a: Slowbro
|-damage|p1a: Slowbro|91/100
|-boost|p2a: Iron Treads|spe|1
|-sideend|p2: mosfroth|Spikes|[from] move: Rapid Spin|[of] p2a: Iron Treads
|move|p1a: Slowbro|Scald|p2a: Iron Treads
|-supereffective|p2a: Iron Treads
|-crit|p2a: Iron Treads
|-damage|p2a: Iron Treads|0 fnt
|faint|p2a: Iron Treads
|-end|p2a: Iron Treads|Quark Drive|[silent]
|
|upkeep
|
|t:|1760809176
|switch|p2a: Indeedee|Indeedee-F, F|100/100
|-fieldstart|move: Psychic Terrain|[from] ability: Psychic Surge|[of] p2a: Indeedee
|turn|10
|
|t:|1760809187
|move|p2a: Indeedee|Light Screen|p2a: Indeedee
|-sidestart|p2: mosfroth|move: Light Screen
|move|p1a: Slowbro|Thunder Wave|p2a: Indeedee
|-status|p2a: Indeedee|par
|
|upkeep
|turn|11
|
|t:|1760809197
|switch|p1a: Registeel|Registeel|100/100
|-damage|p1a: Registeel|94/100|[from] Stealth Rock
|cant|p2a: Indeedee|par
|
|-heal|p1a: Registeel|100/100|[from] item: Leftovers
|upkeep
|turn|12
|
|t:|1760809217
|switch|p2a: Hawlucha|Hawlucha, F|100/100
|-enditem|p2a: Hawlucha|Psychic Seed
|-boost|p2a: Hawlucha|spd|1|[from] item: Psychic Seed
|move|p1a: Registeel|Iron Defense|p1a: Registeel
|-boost|p1a: Registeel|def|2
|
|upkeep
|turn|13
|
|t:|1760809227
|move|p2a: Hawlucha|Swords Dance|p2a: Hawlucha
|-boost|p2a: Hawlucha|atk|2
|move|p1a: Registeel|Heavy Slam|p2a: Hawlucha
|-damage|p2a: Hawlucha|59/100
|
|upkeep
|turn|14
|
|t:|1760809235
|move|p2a: Hawlucha|Close Combat|p1a: Registeel
|-supereffective|p1a: Registeel
|-damage|p1a: Registeel|42/100
|-unboost|p2a: Hawlucha|def|1
|-unboost|p2a: Hawlucha|spd|1
|move|p1a: Registeel|Heavy Slam|p2a: Hawlucha
|-damage|p2a: Hawlucha|0 fnt
|faint|p2a: Hawlucha
|
|-heal|p1a: Registeel|48/100|[from] item: Leftovers
|-sideend|p2: mosfroth|move: Light Screen
|upkeep
|
|t:|1760809249
|switch|p2a: Armarouge|Armarouge, F|100/100
|turn|15
|
|t:|1760809257
|move|p2a: Armarouge|Armor Cannon|p1a: Registeel
|-supereffective|p1a: Registeel
|-damage|p1a: Registeel|0 fnt
|-unboost|p2a: Armarouge|def|1
|-unboost|p2a: Armarouge|spd|1
|faint|p1a: Registeel
|
|upkeep
|
|t:|1760809264
|switch|p1a: Gastrodon|Gastrodon, F|100/100
|-damage|p1a: Gastrodon|94/100|[from] Stealth Rock
|turn|16
|
|t:|1760809292
|switch|p2a: Toxapex|Toxapex, F|100/100
|move|p1a: Gastrodon|Earthquake|p2a: Toxapex
|-supereffective|p2a: Toxapex
|-damage|p2a: Toxapex|63/100
|-enditem|p2a: Toxapex|Eject Button
|inactive|mosfroth has 120 seconds left.
|
|t:|1760809308
|switch|p2a: Dragapult|Dragapult, M|100/100
|
|upkeep
|turn|17
|inactive|mosfroth has 120 seconds left.
|
|t:|1760809317
|move|p2a: Dragapult|Shadow Ball|p1a: Gastrodon
|-damage|p1a: Gastrodon|63/100
|move|p1a: Gastrodon|Ice Beam|p2a: Dragapult
|-supereffective|p2a: Dragapult
|-damage|p2a: Dragapult|50/100
|
|-fieldend|move: Psychic Terrain
|upkeep
|turn|18
|
|t:|1760809328
|move|p2a: Dragapult|Shadow Ball|p1a: Gastrodon
|-damage|p1a: Gastrodon|31/100
|move|p1a: Gastrodon|Spikes|p2a: Dragapult
|-sidestart|p2: mosfroth|Spikes
|
|upkeep
|turn|19
|
|t:|1760809337
|switch|p1a: Forretress|Forretress, M|83/100
|-damage|p1a: Forretress|71/100|[from] Stealth Rock
|move|p2a: Dragapult|Shadow Ball|p1a: Forretress
|-damage|p1a: Forretress|24/100
|
|-heal|p1a: Forretress|30/100|[from] item: Leftovers
|upkeep
|turn|20
|
|t:|1760809347
|move|p2a: Dragapult|Shadow Ball|p1a: Forretress
|-damage|p1a: Forretress|0 fnt
|faint|p1a: Forretress
|
|upkeep
|
|t:|1760809352
|switch|p1a: Hippowdon|Hippowdon, F|100/100
|-damage|p1a: Hippowdon|94/100|[from] Stealth Rock
|-weather|Sandstorm|[from] ability: Sand Stream|[of] p1a: Hippowdon
|turn|21
|
|t:|1760809363
|move|p2a: Dragapult|Shadow Ball|p1a: Hippowdon
|-damage|p1a: Hippowdon|56/100
|move|p1a: Hippowdon|Earthquake|p2a: Dragapult
|-damage|p2a: Dragapult|0 fnt
|faint|p2a: Dragapult
|
|-weather|Sandstorm|[upkeep]
|upkeep
|
|t:|1760809367
|switch|p2a: Indeedee|Indeedee-F, F|100/100 par
|-damage|p2a: Indeedee|88/100 par|[from] Spikes
|-fieldstart|move: Psychic Terrain|[from] ability: Psychic Surge|[of] p2a: Indeedee
|turn|22
|
|t:|1760809379
|move|p2a: Indeedee|Reflect|p2a: Indeedee
|-sidestart|p2: mosfroth|Reflect
|move|p1a: Hippowdon|Stealth Rock|p2a: Indeedee
|-sidestart|p2: mosfroth|move: Stealth Rock
|
|-weather|Sandstorm|[upkeep]
|-damage|p2a: Indeedee|82/100 par|[from] Sandstorm
|upkeep
|turn|23
|
|t:|1760809386
|move|p2a: Indeedee|Light Screen|p2a: Indeedee
|-sidestart|p2: mosfroth|move: Light Screen
|move|p1a: Hippowdon|Whirlwind|p2a: Indeedee
|drag|p2a: Armarouge|Armarouge, F|100/100
|-damage|p2a: Armarouge|88/100|[from] Spikes
|-damage|p2a: Armarouge|64/100|[from] Stealth Rock
|
|-weather|Sandstorm|[upkeep]
|-damage|p2a: Armarouge|57/100|[from] Sandstorm
|upkeep
|turn|24
|
|t:|1760809399
|move|p2a: Armarouge|Expanding Force|p1a: Hippowdon
|-damage|p1a: Hippowdon|0 fnt
|faint|p1a: Hippowdon
|
|-weather|Sandstorm|[upkeep]
|-damage|p2a: Armarouge|51/100|[from] Sandstorm
|upkeep
|
|t:|1760809407
|switch|p1a: Slowbro|Slowbro, F|100/100
|turn|25
|
|t:|1760809416
|move|p2a: Armarouge|Expanding Force|p1a: Slowbro
|-resisted|p1a: Slowbro
|-damage|p1a: Slowbro|54/100
|move|p1a: Slowbro|Future Sight|p2a: Armarouge
|-start|p1a: Slowbro|move: Future Sight
|
|-weather|none
|upkeep
|turn|26
|
|t:|1760809428
|move|p2a: Armarouge|Expanding Force|p1a: Slowbro
|-resisted|p1a: Slowbro
|-damage|p1a: Slowbro|12/100
|move|p1a: Slowbro|Slack Off|p1a: Slowbro
|-heal|p1a: Slowbro|62/100
|
|-sideend|p2: mosfroth|Reflect
|upkeep
|turn|27
|
|t:|1760809442
|move|p2a: Armarouge|Expanding Force|p1a: Slowbro
|-resisted|p1a: Slowbro
|-damage|p1a: Slowbro|19/100
|move|p1a: Slowbro|Slack Off|p1a: Slowbro
|-heal|p1a: Slowbro|69/100
|
|-end|p2a: Armarouge|move: Future Sight
|-resisted|p2a: Armarouge
|-crit|p2a: Armarouge
|-damage|p2a: Armarouge|0 fnt
|faint|p2a: Armarouge
|-sideend|p2: mosfroth|move: Light Screen
|upkeep
|inactive|mosfroth has 120 seconds left.
|
|t:|1760809476
|switch|p2a: Indeedee|Indeedee-F, F|82/100 par
|-damage|p2a: Indeedee|70/100 par|[from] Spikes
|-damage|p2a: Indeedee|58/100 par|[from] Stealth Rock
|turn|28
|inactive|mosfroth has 120 seconds left.
|
|t:|1760809484
|move|p2a: Indeedee|Light Screen|p2a: Indeedee
|-sidestart|p2: mosfroth|move: Light Screen
|move|p1a: Slowbro|Future Sight|p2a: Indeedee
|-start|p1a: Slowbro|move: Future Sight
|
|upkeep
|turn|29
|
|t:|1760809489
|cant|p2a: Indeedee|par
|move|p1a: Slowbro|Scald|p2a: Indeedee
|-damage|p2a: Indeedee|44/100 par
|
|-fieldend|move: Psychic Terrain
|upkeep
|turn|30
|
|t:|1760809497
|move|p2a: Indeedee|Psychic|p1a: Slowbro
|-resisted|p1a: Slowbro
|-damage|p1a: Slowbro|53/100
|move|p1a: Slowbro|Scald|p2a: Indeedee
|-damage|p2a: Indeedee|32/100 par
|
|-end|p2a: Indeedee|move: Future Sight
|-resisted|p2a: Indeedee
|-damage|p2a: Indeedee|21/100 par
|upkeep
|turn|31
|
|t:|1760809508
|switch|p2a: Toxapex|Toxapex, F|96/100
|-damage|p2a: Toxapex|84/100|[from] Spikes
|-damage|p2a: Toxapex|72/100|[from] Stealth Rock
|move|p1a: Slowbro|Future Sight|p2a: Toxapex
|-start|p1a: Slowbro|move: Future Sight
|
|upkeep
|turn|32
|
|t:|1760809523
|switch|p1a: Gastrodon|Gastrodon, F|31/100
|-damage|p1a: Gastrodon|25/100|[from] Stealth Rock
|move|p2a: Toxapex|Toxic|p1a: Gastrodon
|-status|p1a: Gastrodon|tox
|
|-damage|p1a: Gastrodon|19/100 tox|[from] psn
|-sideend|p2: mosfroth|move: Light Screen
|upkeep
|turn|33
|
|t:|1760809540
|switch|p2a: Indeedee|Indeedee-F, F|21/100 par
|-damage|p2a: Indeedee|9/100 par|[from] Spikes
|-damage|p2a: Indeedee|0 fnt|[from] Stealth Rock
|faint|p2a: Indeedee
|move|p1a: Gastrodon|Earthquake|p2: Indeedee|[notarget]
|-fail|p1a: Gastrodon
|
|-hint|Future Sight did not hit because the target is fainted.
|-damage|p1a: Gastrodon|7/100 tox|[from] psn
|upkeep
|
|t:|1760809544
|switch|p2a: Toxapex|Toxapex, F|100/100
|-damage|p2a: Toxapex|88/100|[from] Spikes
|-damage|p2a: Toxapex|76/100|[from] Stealth Rock
|turn|34
|
|t:|1760809557
|move|p2a: Toxapex|Recover|p2a: Toxapex
|-heal|p2a: Toxapex|100/100
|move|p1a: Gastrodon|Earthquake|p2a: Toxapex
|-supereffective|p2a: Toxapex
|-damage|p2a: Toxapex|61/100
|
|-damage|p1a: Gastrodon|0 fnt|[from] psn
|faint|p1a: Gastrodon
|upkeep
|
|t:|1760809566
|switch|p1a: Slowbro|Slowbro, F|86/100
|turn|35
|
|t:|1760809575
|move|p2a: Toxapex|Toxic|p1a: Slowbro
|-status|p1a: Slowbro|tox
|move|p1a: Slowbro|Thunder Wave|p2a: Toxapex|[miss]
|-miss|p1a: Slowbro|p2a: Toxapex
|
|-damage|p1a: Slowbro|80/100 tox|[from] psn
|upkeep
|turn|36
|
|t:|1760809600
|move|p2a: Toxapex|Poison Jab|p1a: Slowbro
|-damage|p1a: Slowbro|68/100 tox
|move|p1a: Slowbro|Future Sight|p2a: Toxapex
|-start|p1a: Slowbro|move: Future Sight
|
|-damage|p1a: Slowbro|56/100 tox|[from] psn
|upkeep
|turn|37
|
|t:|1760809615
|-terastallize|p2a: Toxapex|Poison
|move|p2a: Toxapex|Recover|p2a: Toxapex
|-heal|p2a: Toxapex|100/100
|move|p1a: Slowbro|Thunder Wave|p2a: Toxapex
|-status|p2a: Toxapex|par
|
|-damage|p1a: Slowbro|37/100 tox|[from] psn
|upkeep
|turn|38
|
|t:|1760809627
|move|p1a: Slowbro|Slack Off|p1a: Slowbro
|-heal|p1a: Slowbro|87/100 tox
|move|p2a: Toxapex|Recover||[still]
|-fail|p2a: Toxapex|heal
|
|-end|p2a: Toxapex|move: Future Sight
|-supereffective|p2a: Toxapex
|-damage|p2a: Toxapex|36/100 par
|-damage|p1a: Slowbro|63/100 tox|[from] psn
|upkeep
|turn|39
|
|t:|1760809639
|move|p1a: Slowbro|Future Sight|p2a: Toxapex
|-start|p1a: Slowbro|move: Future Sight
|move|p2a: Toxapex|Recover|p2a: Toxapex
|-heal|p2a: Toxapex|87/100 par
|
|-damage|p1a: Slowbro|32/100 tox|[from] psn
|upkeep
|turn|40
|
|t:|1760809649
|move|p1a: Slowbro|Slack Off|p1a: Slowbro
|-heal|p1a: Slowbro|82/100 tox
|move|p2a: Toxapex|Poison Jab|p1a: Slowbro
|-damage|p1a: Slowbro|68/100 tox
|
|-damage|p1a: Slowbro|32/100 tox|[from] psn
|upkeep
|turn|41
|
|t:|1760809665
|move|p1a: Slowbro|Scald|p2a: Toxapex
|-damage|p2a: Toxapex|65/100 par
|move|p2a: Toxapex|Poison Jab|p1a: Slowbro
|-damage|p1a: Slowbro|15/100 tox
|
|-end|p2a: Toxapex|move: Future Sight
|-supereffective|p2a: Toxapex
|-damage|p2a: Toxapex|0 fnt
|faint|p2a: Toxapex
|
|win|I am Patrat
|raw|I am Patrat's rating: 1324 &rarr; <strong>1353</strong><br />(+29 for winning)
|raw|mosfroth's rating: 1482 &rarr; <strong>1453</strong><br />(-29 for losing)
|l|☆mosfroth
|player|p2|
|c|☆I am Patrat|Hahaha
|l|☆I am Patrat
|player|p1|
