|j|☆tijzen
|j|☆YJIOG
|t:|1760727639
|gametype|singles
|player|p1|tijzen|ruinmaniac|1401
|player|p2|YJIOG|scientist-gen4dp|1391
|gen|9
|tier|[Gen 9] OU
|rated|
|rule|HP Percentage Mod: HP is shown in percentages
|rule|Endless Battle Clause: Forcing endless battles is banned
|rule|Species Clause: Limit one of each Pokémon
|rule|OHKO Clause: OHKO moves are banned
|rule|Evasion Items Clause: Evasion items are banned
|rule|Evasion Moves Clause: Evasion moves are banned
|rule|Evasion Abilities Clause: Evasion abilities are banned
|rule|Sleep Moves Clause: Sleep-inducing moves are banned
|clearpoke
|poke|p1|Araquanid, F|
|poke|p1|Hoopa-Unbound|
|poke|p1|Glimmora, F|
|poke|p1|Dragapult, M|
|poke|p1|Darkrai|
|poke|p1|Corviknight, M|
|poke|p2|Electivire, F|
|poke|p2|Alomomola, M|
|poke|p2|Dragapult, M|
|poke|p2|Hydrapple, F|
|poke|p2|Great Tusk|
|poke|p2|Goodra-Hisui, M|
|teampreview
|
|t:|1760727647
|teamsize|p1|6
|teamsize|p2|6
|start
|switch|p1a: Araquanid|Araquanid, F|100/100
|switch|p2a: Electivire|Electivire, F|100/100
|turn|1
|
|t:|1760727653
|move|p2a: Electivire|Thunderbolt|p1a: Araquanid
|-supereffective|p1a: Araquanid
|-damage|p1a: Araquanid|40/100
|-damage|p2a: Electivire|91/100|[from] item: Life Orb
|move|p1a: Araquanid|Sticky Web|p2a: Electivire
|-sidestart|p2: YJIOG|move: Sticky Web
|
|-heal|p1a: Araquanid|46/100|[from] item: Leftovers
|upkeep
|turn|2
|
|t:|1760727662
|move|p1a: Araquanid|Protect|p1a: Araquanid
|-singleturn|p1a: Araquanid|Protect
|move|p2a: Electivire|Thunderbolt|p1a: Araquanid
|-activate|p1a: Araquanid|move: Protect
|
|-heal|p1a: Araquanid|52/100|[from] item: Leftovers
|upkeep
|turn|3
|
|t:|1760727670
|switch|p1a: Dragapult|Dragapult, M|100/100
|move|p2a: Electivire|Thunderbolt|p1a: Dragapult
|-resisted|p1a: Dragapult
|-damage|p1a: Dragapult|70/100
|-damage|p2a: Electivire|81/100|[from] item: Life Orb
|
|upkeep
|turn|4
|
|t:|1760727678
|move|p1a: Dragapult|Draco Meteor|p2a: Electivire
|-damage|p2a: Electivire|0 fnt
|-unboost|p1a: Dragapult|spa|2
|faint|p2a: Electivire
|
|upkeep
|
|t:|1760727684
|switch|p2a: Goodra|Goodra-Hisui, M|100/100
|-activate|p2a: Goodra|move: Sticky Web
|-unboost|p2a: Goodra|spe|1
|turn|5
|
|t:|1760727689
|move|p1a: Dragapult|U-turn|p2a: Goodra
|-resisted|p2a: Goodra
|-damage|p2a: Goodra|92/100
|
|t:|1760727692
|switch|p1a: Araquanid|Araquanid, F|52/100|[from] U-turn
|move|p2a: Goodra|Flash Cannon|p1a: Araquanid
|-resisted|p1a: Araquanid
|-damage|p1a: Araquanid|43/100
|
|-heal|p1a: Araquanid|49/100|[from] item: Leftovers
|upkeep
|turn|6
|
|t:|1760727702
|switch|p2a: Hydrapple|Hydrapple, F|100/100
|move|p1a: Araquanid|Infestation|p2a: Hydrapple
|-supereffective|p2a: Hydrapple
|-damage|p2a: Hydrapple|93/100
|-activate|p2a: Hydrapple|move: Infestation|[of] p1a: Araquanid
|
|-heal|p1a: Araquanid|55/100|[from] item: Leftovers
|-damage|p2a: Hydrapple|80/100|[from] move: Infestation|[partiallytrapped]
|upkeep
|turn|7
|
|t:|1760727712
|move|p1a: Araquanid|Protect|p1a: Araquanid
|-singleturn|p1a: Araquanid|Protect
|move|p2a: Hydrapple|Nasty Plot|p2a: Hydrapple
|-boost|p2a: Hydrapple|spa|2
|
|-heal|p1a: Araquanid|61/100|[from] item: Leftovers
|-damage|p2a: Hydrapple|68/100|[from] move: Infestation|[partiallytrapped]
|upkeep
|turn|8
|
|t:|1760727721
|move|p2a: Hydrapple|Giga Drain|p1a: Araquanid
|-crit|p1a: Araquanid
|-damage|p1a: Araquanid|4/100
|-heal|p2a: Hydrapple|91/100|[from] drain|[of] p1a: Araquanid
|move|p1a: Araquanid|Infestation|p2a: Hydrapple
|-supereffective|p2a: Hydrapple
|-damage|p2a: Hydrapple|82/100
|
|-heal|p1a: Araquanid|11/100|[from] item: Leftovers
|-damage|p2a: Hydrapple|70/100|[from] move: Infestation|[partiallytrapped]
|upkeep
|turn|9
|
|t:|1760727732
|move|p2a: Hydrapple|Nasty Plot|p2a: Hydrapple
|-boost|p2a: Hydrapple|spa|2
|move|p1a: Araquanid|Liquidation|p2a: Hydrapple
|-resisted|p2a: Hydrapple
|-crit|p2a: Hydrapple
|-damage|p2a: Hydrapple|60/100
|
|-heal|p1a: Araquanid|17/100|[from] item: Leftovers
|-damage|p2a: Hydrapple|47/100|[from] move: Infestation|[partiallytrapped]
|upkeep
|turn|10
|
|t:|1760727743
|move|p1a: Araquanid|Protect|p1a: Araquanid
|-singleturn|p1a: Araquanid|Protect
|move|p2a: Hydrapple|Giga Drain|p1a: Araquanid
|-activate|p1a: Araquanid|move: Protect
|
|-heal|p1a: Araquanid|23/100|[from] item: Leftovers
|-damage|p2a: Hydrapple|35/100|[from] move: Infestation|[partiallytrapped]
|upkeep
|turn|11
|
|t:|1760727754
|switch|p1a: Dragapult|Dragapult, M|70/100
|move|p2a: Hydrapple|Giga Drain|p1a: Dragapult
|-resisted|p1a: Dragapult
|-damage|p1a: Dragapult|7/100
|-heal|p2a: Hydrapple|59/100|[from] drain|[of] p1a: Dragapult
|
|-end|p2a: Hydrapple|Infestation|[partiallytrapped]
|upkeep
|turn|12
|
|t:|1760727764
|switch|p2a: Goodra|Goodra-Hisui, M|92/100
|-activate|p2a: Goodra|move: Sticky Web
|-unboost|p2a: Goodra|spe|1
|move|p1a: Dragapult|U-turn|p2a: Goodra
|-resisted|p2a: Goodra
|-damage|p2a: Goodra|85/100
|
|t:|1760727772
|switch|p1a: Hoopa|Hoopa-Unbound|100/100|[from] U-turn
|
|upkeep
|turn|13
|
|t:|1760727778
|move|p1a: Hoopa|Zen Headbutt|p2a: Goodra
|-resisted|p2a: Goodra
|-damage|p2a: Goodra|48/100
|move|p2a: Goodra|Knock Off|p1a: Hoopa
|-damage|p1a: Hoopa|58/100
|-enditem|p1a: Hoopa|Choice Band|[from] move: Knock Off|[of] p2a: Goodra
|
|upkeep
|turn|14
|
|t:|1760727785
|switch|p2a: Alomomola|Alomomola, M|100/100
|move|p1a: Hoopa|Hyperspace Fury|p2a: Alomomola
|-damage|p2a: Alomomola|68/100
|-unboost|p1a: Hoopa|def|1
|-item|p1a: Hoopa|Heavy-Duty Boots|[from] ability: Magician|[of] p2a: Alomomola
|
|upkeep
|turn|15
|
|t:|1760727796
|move|p1a: Hoopa|Drain Punch|p2a: Alomomola
|-damage|p2a: Alomomola|52/100
|-heal|p1a: Hoopa|72/100|[from] drain|[of] p2a: Alomomola
|move|p2a: Alomomola|Wish|p2a: Alomomola
|
|upkeep
|turn|16
|
|t:|1760727807
|move|p1a: Hoopa|Drain Punch|p2a: Alomomola
|-damage|p2a: Alomomola|36/100
|-heal|p1a: Hoopa|87/100|[from] drain|[of] p2a: Alomomola
|move|p2a: Alomomola|Scald|p1a: Hoopa
|-damage|p1a: Hoopa|75/100
|
|-heal|p2a: Alomomola|86/100|[from] move: Wish|[wisher] Alomomola
|upkeep
|turn|17
|
|t:|1760727817
|switch|p1a: Darkrai|Darkrai|100/100
|move|p2a: Alomomola|Wish|p2a: Alomomola
|
|upkeep
|turn|18
|
|t:|1760727824
|switch|p2a: Goodra|Goodra-Hisui, M|48/100
|-activate|p2a: Goodra|move: Sticky Web
|-unboost|p2a: Goodra|spe|1
|move|p1a: Darkrai|Nasty Plot|p1a: Darkrai
|-boost|p1a: Darkrai|spa|2
|
|-heal|p2a: Goodra|100/100|[from] move: Wish|[wisher] Alomomola
|upkeep
|turn|19
|
|t:|1760727835
|-terastallize|p1a: Darkrai|Dark
|move|p1a: Darkrai|Dark Pulse|p2a: Goodra
|-damage|p2a: Goodra|46/100
|-damage|p1a: Darkrai|91/100|[from] item: Life Orb
|move|p2a: Goodra|Flash Cannon|p1a: Darkrai
|-damage|p1a: Darkrai|47/100
|
|upkeep
|turn|20
|
|t:|1760727845
|-terastallize|p2a: Goodra|Fairy
|move|p1a: Darkrai|Dark Pulse|p2a: Goodra
|-resisted|p2a: Goodra
|-damage|p2a: Goodra|19/100
|-damage|p1a: Darkrai|37/100|[from] item: Life Orb
|move|p2a: Goodra|Draco Meteor|p1a: Darkrai
|-damage|p1a: Darkrai|0 fnt
|-unboost|p2a: Goodra|spa|2
|faint|p1a: Darkrai
|
|upkeep
|
|t:|1760727859
|switch|p1a: Glimmora|Glimmora, F|100/100
|turn|21
|
|t:|1760727867
|switch|p2a: Alomomola|Alomomola, M|100/100
|-activate|p2a: Alomomola|move: Sticky Web
|-unboost|p2a: Alomomola|spe|1
|move|p1a: Glimmora|Meteor Beam||[still]
|-prepare|p1a: Glimmora|Meteor Beam
|-boost|p1a: Glimmora|spa|1
|-enditem|p1a: Glimmora|Power Herb
|-anim|p1a: Glimmora|Meteor Beam|p2a: Alomomola
|-damage|p2a: Alomomola|0 fnt
|faint|p2a: Alomomola
|
|upkeep
|
|t:|1760727878
|switch|p2a: Great Tusk|Great Tusk|100/100
|turn|22
|
|t:|1760727882
|move|p1a: Glimmora|Spiky Shield|p1a: Glimmora
|-singleturn|p1a: Glimmora|move: Protect
|move|p2a: Great Tusk|Headlong Rush|p1a: Glimmora
|-activate|p1a: Glimmora|move: Protect
|-damage|p2a: Great Tusk|88/100|[from] Spiky Shield|[of] p1a: Glimmora
|
|upkeep
|turn|23
|
|t:|1760727891
|switch|p1a: Dragapult|Dragapult, M|7/100
|move|p2a: Great Tusk|Stealth Rock|p1a: Dragapult
|-sidestart|p1: tijzen|move: Stealth Rock
|
|upkeep
|turn|24
|
|t:|1760727898
|-end|p2a: Great Tusk|Protosynthesis|[silent]
|switch|p2a: Goodra|Goodra-Hisui, M, tera:Fairy|19/100
|-activate|p2a: Goodra|move: Sticky Web
|-unboost|p2a: Goodra|spe|1
|move|p1a: Dragapult|Draco Meteor|p2a: Goodra
|-immune|p2a: Goodra
|
|upkeep
|turn|25
|
|t:|1760727911
|move|p1a: Dragapult|Hex|p2a: Goodra
|-damage|p2a: Goodra|9/100
|move|p2a: Goodra|Flash Cannon|p1a: Dragapult
|-damage|p1a: Dragapult|0 fnt
|faint|p1a: Dragapult
|
|upkeep
|
|t:|1760727924
|switch|p1a: Hoopa|Hoopa-Unbound|75/100
|turn|26
|
|t:|1760727933
|move|p1a: Hoopa|Zen Headbutt|p2a: Goodra
|-damage|p2a: Goodra|0 fnt
|faint|p2a: Goodra
|
|upkeep
|
|t:|1760727939
|switch|p2a: Great Tusk|Great Tusk|88/100
|turn|27
|
|t:|1760727943
|switch|p1a: Corviknight|Corviknight, M|100/100
|-damage|p1a: Corviknight|88/100|[from] Stealth Rock
|-ability|p1a: Corviknight|Pressure
|move|p2a: Great Tusk|Headlong Rush|p1a: Corviknight
|-immune|p1a: Corviknight
|
|upkeep
|turn|28
|
|t:|1760727952
|-end|p2a: Great Tusk|Protosynthesis|[silent]
|switch|p2a: Dragapult|Dragapult, M|100/100
|-activate|p2a: Dragapult|move: Sticky Web
|-fail|p2a: Dragapult|unboost|[from] ability: Clear Body|[of] p2a: Dragapult
|move|p1a: Corviknight|Iron Defense|p1a: Corviknight
|-boost|p1a: Corviknight|def|2
|
|upkeep
|turn|29
|inactive|Battle timer is ON: inactive players will automatically lose when time's up. (requested by YJIOG)
|
|t:|1760727960
|move|p2a: Dragapult|Flamethrower|p1a: Corviknight
|-supereffective|p1a: Corviknight
|-damage|p1a: Corviknight|15/100
|move|p1a: Corviknight|Iron Defense|p1a: Corviknight
|-boost|p1a: Corviknight|def|2
|
|upkeep
|turn|30
|-message|tijzen forfeited.
|
|win|YJIOG
|raw|tijzen's rating: 1401 &rarr; <strong>1380</strong><br />(-21 for losing)
|raw|YJIOG's rating: 1391 &rarr; <strong>1412</strong><br />(+21 for winning)
|l|☆tijzen
|player|p1|
