|j|☆Best Dark Wall
|j|☆il0p
|t:|1760881632
|gametype|singles
|player|p1|Best Dark Wall|102|
|player|p2|il0p|pokemaniac|
|gen|9
|tier|[Gen 9] OU
|rule|HP Percentage Mod: HP is shown in percentages
|rule|Endless Battle Clause: Forcing endless battles is banned
|rule|Species Clause: Limit one of each Pokémon
|rule|OHKO Clause: OHKO moves are banned
|rule|Evasion Items Clause: Evasion items are banned
|rule|Evasion Moves Clause: Evasion moves are banned
|rule|Evasion Abilities Clause: Evasion abilities are banned
|rule|Sleep Moves Clause: Sleep-inducing moves are banned
|clearpoke
|poke|p1|Revavroom, M|
|poke|p1|Okidogi, M|
|poke|p1|Glimmora, F|
|poke|p1|Sinistcha|
|poke|p1|Indeedee, M|
|poke|p1|Gholdengo|
|poke|p2|Glimmora, F|
|poke|p2|Tinkaton, F|
|poke|p2|Primarina, M|
|poke|p2|Zamazenta-*|
|poke|p2|Iron Valiant|
|poke|p2|Garganacl, F|
|teampreview
|
|t:|1760881639
|teamsize|p1|6
|teamsize|p2|6
|start
|switch|p1a: TREASURE BOX|Glimmora, F|100/100
|switch|p2a: Glimmora|Glimmora, F|100/100
|turn|1
|
|t:|1760881646
|move|p2a: Glimmora|Earth Power|p1a: TREASURE BOX
|-supereffective|p1a: TREASURE BOX
|-enditem|p1a: TREASURE BOX|Focus Sash
|-damage|p1a: TREASURE BOX|1/100
|move|p1a: TREASURE BOX|Earth Power|p2a: Glimmora
|-supereffective|p2a: Glimmora
|-damage|p2a: Glimmora|0 fnt
|faint|p2a: Glimmora
|
|upkeep
|c|☆Best Dark Wall|ah yes, the mirror
|c|☆Best Dark Wall|Except you’re scarf
|
|t:|1760881665
|switch|p2a: Tinkaton|Tinkaton, F|100/100
|-item|p2a: Tinkaton|Air Balloon
|turn|2
|
|t:|1760881687
|switch|p1a: DAWG IN HIM|Okidogi, M|100/100
|move|p2a: Tinkaton|Encore||[still]
|-fail|p2a: Tinkaton
|
|upkeep
|turn|3
|
|t:|1760881694
|move|p2a: Tinkaton|Thunder Wave|p1a: DAWG IN HIM
|-status|p1a: DAWG IN HIM|par
|move|p1a: DAWG IN HIM|Drain Punch|p2a: Tinkaton
|-damage|p2a: Tinkaton|58/100
|-enditem|p2a: Tinkaton|Air Balloon
|-enditem|p1a: DAWG IN HIM|Blunder Policy|[silent]|[from] ability: Pickpocket|[of] p1a: DAWG IN HIM
|-item|p2a: Tinkaton|Blunder Policy|[from] ability: Pickpocket|[of] p1a: DAWG IN HIM
|
|upkeep
|turn|4
|
|t:|1760881700
|move|p2a: Tinkaton|Stealth Rock|p1a: DAWG IN HIM
|-sidestart|p1: Best Dark Wall|move: Stealth Rock
|move|p1a: DAWG IN HIM|Drain Punch|p2a: Tinkaton
|-crit|p2a: Tinkaton
|-damage|p2a: Tinkaton|0 fnt
|faint|p2a: Tinkaton
|
|upkeep
|
|t:|1760881706
|switch|p2a: Zamazenta|Zamazenta|100/100
|-ability|p2a: Zamazenta|Dauntless Shield|boost
|-boost|p2a: Zamazenta|def|1
|turn|5
|
|t:|1760881713
|move|p2a: Zamazenta|Psychic Fangs|p1a: DAWG IN HIM
|-supereffective|p1a: DAWG IN HIM
|-damage|p1a: DAWG IN HIM|0 fnt
|faint|p1a: DAWG IN HIM
|-damage|p2a: Zamazenta|91/100|[from] item: Life Orb
|
|upkeep
|c|☆Best Dark Wall|Shiest
|
|t:|1760881727
|switch|p1a: GO BAND 4 BAND?|Gholdengo|100/100
|-damage|p1a: GO BAND 4 BAND?|94/100|[from] Stealth Rock
|-item|p1a: GO BAND 4 BAND?|Air Balloon
|turn|6
|
|t:|1760881730
|-terastallize|p2a: Zamazenta|Dark
|move|p2a: Zamazenta|Crunch|p1a: GO BAND 4 BAND?
|-supereffective|p1a: GO BAND 4 BAND?
|-damage|p1a: GO BAND 4 BAND?|19/100
|-unboost|p1a: GO BAND 4 BAND?|def|1
|-enditem|p1a: GO BAND 4 BAND?|Air Balloon
|-damage|p2a: Zamazenta|81/100|[from] item: Life Orb
|move|p1a: GO BAND 4 BAND?|Thunder Wave|p2a: Zamazenta
|-status|p2a: Zamazenta|par
|
|upkeep
|turn|7
|
|t:|1760881746
|move|p1a: GO BAND 4 BAND?|Make It Rain|p2a: Zamazenta
|-damage|p2a: Zamazenta|30/100 par
|-unboost|p1a: GO BAND 4 BAND?|spa|1
|cant|p2a: Zamazenta|par
|
|upkeep
|turn|8
|
|t:|1760881752
|move|p1a: GO BAND 4 BAND?|Make It Rain|p2a: Zamazenta
|-damage|p2a: Zamazenta|0 fnt
|-unboost|p1a: GO BAND 4 BAND?|spa|1
|faint|p2a: Zamazenta
|
|upkeep
|
|t:|1760881756
|switch|p2a: Primarina|Primarina, M|100/100
|turn|9
|
|t:|1760881762
|switch|p1a: TREASURE BOX|Glimmora, F|1/100
|-damage|p1a: TREASURE BOX|0 fnt|[from] Stealth Rock
|faint|p1a: TREASURE BOX
|move|p2a: Primarina|Surf|p1: TREASURE BOX|[notarget]
|-fail|p2a: Primarina
|
|upkeep
|
|t:|1760881772
|switch|p1a: NIGHTSHADE TEA|Sinistcha|100/100
|-damage|p1a: NIGHTSHADE TEA|88/100|[from] Stealth Rock
|turn|10
|
|t:|1760881776
|move|p1a: NIGHTSHADE TEA|Nasty Plot|p1a: NIGHTSHADE TEA
|-boost|p1a: NIGHTSHADE TEA|spa|2
|move|p2a: Primarina|Flip Turn|p1a: NIGHTSHADE TEA
|-resisted|p1a: NIGHTSHADE TEA
|-crit|p1a: NIGHTSHADE TEA
|-damage|p1a: NIGHTSHADE TEA|76/100
|
|t:|1760881780
|switch|p2a: Iron Valiant|Iron Valiant|100/100|[from] Flip Turn
|-enditem|p2a: Iron Valiant|Booster Energy
|-activate|p2a: Iron Valiant|ability: Quark Drive|[fromitem]
|-start|p2a: Iron Valiant|quarkdrivespe
|
|upkeep
|turn|11
|
|t:|1760881788
|-terastallize|p1a: NIGHTSHADE TEA|Grass
|move|p2a: Iron Valiant|Encore|p1a: NIGHTSHADE TEA
|-start|p1a: NIGHTSHADE TEA|Encore
|move|p1a: NIGHTSHADE TEA|Nasty Plot|p1a: NIGHTSHADE TEA
|-boost|p1a: NIGHTSHADE TEA|spa|2
|
|upkeep
|turn|12
|
|t:|1760881792
|switch|p1a: GO BAND 4 BAND?|Gholdengo|19/100
|-damage|p1a: GO BAND 4 BAND?|13/100|[from] Stealth Rock
|move|p2a: Iron Valiant|Calm Mind|p2a: Iron Valiant
|-boost|p2a: Iron Valiant|spa|1
|-boost|p2a: Iron Valiant|spd|1
|
|upkeep
|turn|13
|
|t:|1760881795
|move|p2a: Iron Valiant|Shadow Ball|p1a: GO BAND 4 BAND?
|-supereffective|p1a: GO BAND 4 BAND?
|-damage|p1a: GO BAND 4 BAND?|0 fnt
|faint|p1a: GO BAND 4 BAND?
|
|upkeep
|
|t:|1760881798
|switch|p1a: VROOM VROOM|Revavroom, M|100/100
|-damage|p1a: VROOM VROOM|95/100|[from] Stealth Rock
|-item|p1a: VROOM VROOM|Air Balloon
|turn|14
|
|t:|1760881803
|move|p2a: Iron Valiant|Aura Sphere|p1a: VROOM VROOM
|-damage|p1a: VROOM VROOM|0 fnt
|-enditem|p1a: VROOM VROOM|Air Balloon
|faint|p1a: VROOM VROOM
|
|upkeep
|
|t:|1760881806
|switch|p1a: DEMOLITIONIST|Indeedee, M|100/100
|-damage|p1a: DEMOLITIONIST|88/100|[from] Stealth Rock
|-fieldstart|move: Psychic Terrain|[from] ability: Psychic Surge|[of] p1a: DEMOLITIONIST
|turn|15
|
|t:|1760881811
|move|p2a: Iron Valiant|Aura Sphere|p1a: DEMOLITIONIST
|-damage|p1a: DEMOLITIONIST|9/100
|move|p1a: DEMOLITIONIST|Expanding Force|p2a: Iron Valiant
|-supereffective|p2a: Iron Valiant
|-damage|p2a: Iron Valiant|0 fnt
|faint|p2a: Iron Valiant
|-end|p2a: Iron Valiant|Quark Drive|[silent]
|
|upkeep
|
|t:|1760881818
|switch|p2a: Garganacl|Garganacl, F|100/100
|turn|16
|
|t:|1760881822
|move|p1a: DEMOLITIONIST|Expanding Force|p2a: Garganacl
|-damage|p2a: Garganacl|49/100
|move|p2a: Garganacl|Salt Cure|p1a: DEMOLITIONIST
|-damage|p1a: DEMOLITIONIST|0 fnt
|faint|p1a: DEMOLITIONIST
|
|-heal|p2a: Garganacl|55/100|[from] item: Leftovers
|upkeep
|
|t:|1760881824
|switch|p1a: NIGHTSHADE TEA|Sinistcha, tera:Grass|76/100
|-damage|p1a: NIGHTSHADE TEA|64/100|[from] Stealth Rock
|turn|17
|
|t:|1760881826
|move|p1a: NIGHTSHADE TEA|Matcha Gotcha|p2a: Garganacl
|-supereffective|p2a: Garganacl
|-damage|p2a: Garganacl|0 fnt
|-heal|p1a: NIGHTSHADE TEA|100/100|[from] drain|[of] p2a: Garganacl
|faint|p2a: Garganacl
|-damage|p1a: NIGHTSHADE TEA|91/100|[from] item: Life Orb
|
|upkeep
|
|t:|1760881829
|switch|p2a: Primarina|Primarina, M|100/100
|turn|18
|
|t:|1760881831
|move|p1a: NIGHTSHADE TEA|Matcha Gotcha|p2a: Primarina
|-supereffective|p2a: Primarina
|-damage|p2a: Primarina|10/100
|-heal|p1a: NIGHTSHADE TEA|100/100|[from] drain|[of] p2a: Primarina
|-damage|p1a: NIGHTSHADE TEA|91/100|[from] item: Life Orb
|move|p2a: Primarina|Moonblast|p1a: NIGHTSHADE TEA
|-damage|p1a: NIGHTSHADE TEA|23/100
|-unboost|p1a: NIGHTSHADE TEA|spa|1
|
|upkeep
|turn|19
|
|t:|1760881836
|move|p1a: NIGHTSHADE TEA|Shadow Ball|p2a: Primarina
|-damage|p2a: Primarina|0 fnt
|faint|p2a: Primarina
|-damage|p1a: NIGHTSHADE TEA|13/100|[from] item: Life Orb
|
|win|Best Dark Wall
|c|☆il0p|gg
|c|☆Best Dark Wall|gg
