|j|☆d.eazzy
|j|☆Avago
|t:|1760853059
|gametype|singles
|player|p1|d.eazzy|170|1152
|player|p2|Avago|2|1111
|gen|9
|tier|[Gen 9] OU
|rated|
|rule|HP Percentage Mod: HP is shown in percentages
|rule|Endless Battle Clause: Forcing endless battles is banned
|rule|Species Clause: Limit one of each Pokémon
|rule|OHKO Clause: OHKO moves are banned
|rule|Evasion Items Clause: Evasion items are banned
|rule|Evasion Moves Clause: Evasion moves are banned
|rule|Evasion Abilities Clause: Evasion abilities are banned
|rule|Sleep Moves Clause: Sleep-inducing moves are banned
|clearpoke
|poke|p1|Crawdaunt, F|
|poke|p1|Noivern, F|
|poke|p1|Cloyster, F|
|poke|p1|Chansey, F|
|poke|p1|Forretress, M|
|poke|p1|Raikou|
|poke|p2|Gholdengo|
|poke|p2|Iron Valiant|
|poke|p2|Kingambit, F|
|poke|p2|Corviknight, M|
|poke|p2|Dragapult, M|
|poke|p2|Great Tusk|
|teampreview
|j| PG Spectating
|inactive|Battle timer is ON: inactive players will automatically lose when time's up. (requested by d.eazzy)
|
|t:|1760853084
|teamsize|p1|6
|teamsize|p2|6
|start
|switch|p1a: Crawdaunt|Crawdaunt, F|100/100
|switch|p2a: Dragapult|Dragapult, M|100/100
|turn|1
|
|t:|1760853094
|move|p2a: Dragapult|U-turn|p1a: Crawdaunt
|-supereffective|p1a: Crawdaunt
|-damage|p1a: Crawdaunt|53/100
|
|t:|1760853102
|switch|p2a: Corviknight|Corviknight, M|100/100|[from] U-turn
|move|p1a: Crawdaunt|Knock Off|p2a: Corviknight
|-damage|p2a: Corviknight|59/100
|-enditem|p2a: Corviknight|Leftovers|[from] move: Knock Off|[of] p1a: Crawdaunt
|
|upkeep
|turn|2
|j| Jinghan Yu
|l| Jinghan Yu
|
|t:|1760853112
|move|p1a: Crawdaunt|Crabhammer|p2a: Corviknight
|-damage|p2a: Corviknight|18/100
|move|p2a: Corviknight|U-turn|p1a: Crawdaunt
|-supereffective|p1a: Crawdaunt
|-damage|p1a: Crawdaunt|10/100
|
|t:|1760853120
|switch|p2a: Dragapult|Dragapult, M|100/100|[from] U-turn
|
|upkeep
|turn|3
|
|t:|1760853125
|move|p1a: Crawdaunt|Aqua Jet|p2a: Dragapult
|-resisted|p2a: Dragapult
|-damage|p2a: Dragapult|81/100
|move|p2a: Dragapult|U-turn|p1a: Crawdaunt
|-supereffective|p1a: Crawdaunt
|-damage|p1a: Crawdaunt|0 fnt
|faint|p1a: Crawdaunt
|
|t:|1760853145
|switch|p2a: Kingambit|Kingambit, F|100/100|[from] U-turn
|
|upkeep
|
|t:|1760853153
|switch|p1a: Forretress|Forretress, M|100/100
|turn|4
|
|t:|1760853160
|switch|p2a: Corviknight|Corviknight, M|18/100
|move|p1a: Forretress|Body Press|p2a: Corviknight
|-damage|p2a: Corviknight|0 fnt
|faint|p2a: Corviknight
|
|upkeep
|
|t:|1760853174
|switch|p2a: Dragapult|Dragapult, M|81/100
|turn|5
|c|☆d.eazzy|ru team btw
|
|t:|1760853190
|move|p2a: Dragapult|Flamethrower|p1a: Forretress
|-supereffective|p1a: Forretress
|-ability|p1a: Forretress|Sturdy
|-damage|p1a: Forretress|1/100
|move|p1a: Forretress|Gyro Ball|p2a: Dragapult
|-damage|p2a: Dragapult|20/100
|
|-heal|p1a: Forretress|7/100|[from] item: Leftovers
|upkeep
|turn|6
|
|t:|1760853202
|move|p2a: Dragapult|Flamethrower|p1a: Forretress
|-supereffective|p1a: Forretress
|-damage|p1a: Forretress|0 fnt
|faint|p1a: Forretress
|
|upkeep
|inactive|d.eazzy has 120 seconds left.
|
|t:|1760853231
|switch|p1a: Raikou|Raikou|100/100
|turn|7
|inactive|d.eazzy has 120 seconds left.
|
|t:|1760853242
|switch|p2a: Gholdengo|Gholdengo|100/100
|-item|p2a: Gholdengo|Air Balloon
|move|p1a: Raikou|Aura Sphere|p2a: Gholdengo
|-immune|p2a: Gholdengo
|
|upkeep
|turn|8
|inactive|d.eazzy has 120 seconds left.
|
|t:|1760853257
|move|p1a: Raikou|Thunderbolt|p2a: Gholdengo
|-damage|p2a: Gholdengo|44/100
|-enditem|p2a: Gholdengo|Air Balloon
|move|p2a: Gholdengo|Shadow Ball|p1a: Raikou
|-damage|p1a: Raikou|53/100
|
|upkeep
|turn|9
|
|t:|1760853273
|switch|p2a: Great Tusk|Great Tusk|100/100
|move|p1a: Raikou|Thunderbolt|p2a: Great Tusk
|-immune|p2a: Great Tusk
|
|upkeep
|turn|10
|
|t:|1760853285
|move|p1a: Raikou|Aura Sphere|p2a: Great Tusk
|-damage|p2a: Great Tusk|65/100
|move|p2a: Great Tusk|Earthquake|p1a: Raikou
|-supereffective|p1a: Raikou
|-damage|p1a: Raikou|0 fnt
|faint|p1a: Raikou
|
|upkeep
|inactive|d.eazzy has 120 seconds left.
|
|t:|1760853301
|switch|p1a: Cloyster|Cloyster, F|100/100
|turn|11
|
|t:|1760853323
|-end|p2a: Great Tusk|Protosynthesis|[silent]
|switch|p2a: Kingambit|Kingambit, F|100/100
|-terastallize|p1a: Cloyster|Ghost
|move|p1a: Cloyster|Shell Smash|p1a: Cloyster
|-unboost|p1a: Cloyster|def|1
|-unboost|p1a: Cloyster|spd|1
|-boost|p1a: Cloyster|atk|2
|-boost|p1a: Cloyster|spa|2
|-boost|p1a: Cloyster|spe|2
|-enditem|p1a: Cloyster|White Herb
|-clearnegativeboost|p1a: Cloyster|[silent]
|
|upkeep
|turn|12
|inactive|Avago has 120 seconds left.
|
|t:|1760853342
|move|p1a: Cloyster|Icicle Spear|p2a: Kingambit
|-resisted|p2a: Kingambit
|-damage|p2a: Kingambit|90/100
|-resisted|p2a: Kingambit
|-damage|p2a: Kingambit|80/100
|-resisted|p2a: Kingambit
|-damage|p2a: Kingambit|71/100
|-resisted|p2a: Kingambit
|-damage|p2a: Kingambit|62/100
|-resisted|p2a: Kingambit
|-damage|p2a: Kingambit|52/100
|-hitcount|p2a: Kingambit|5
|move|p2a: Kingambit|Swords Dance|p2a: Kingambit
|-boost|p2a: Kingambit|atk|2
|
|upkeep
|turn|13
|inactive|Avago has 120 seconds left.
|
|t:|1760853355
|move|p2a: Kingambit|Sucker Punch|p1a: Cloyster
|-supereffective|p1a: Cloyster
|-damage|p1a: Cloyster|0 fnt
|faint|p1a: Cloyster
|
|upkeep
|
|t:|1760853358
|switch|p1a: Noivern|Noivern, F|100/100
|turn|14
|
|t:|1760853364
|move|p2a: Kingambit|Sucker Punch|p1a: Noivern
|-damage|p1a: Noivern|0 fnt
|faint|p1a: Noivern
|
|upkeep
|
|t:|1760853366
|switch|p1a: Chansey|Chansey, F|100/100
|turn|15
|
|t:|1760853371
|move|p2a: Kingambit|Iron Head|p1a: Chansey
|-damage|p1a: Chansey|0 fnt
|faint|p1a: Chansey
|
|win|Avago
|raw|d.eazzy's rating: 1179 &rarr; <strong>1149</strong><br />(-30 for losing)
|raw|Avago's rating: 1111 &rarr; <strong>1141</strong><br />(+30 for winning)
|c|☆d.eazzy|gg
|l|☆d.eazzy
|player|p1|
|l|☆Avago
|player|p2|
|l| PG Spectating
