|j|☆jackpier
|j|☆Tab_T4B
|t:|1760771676
|gametype|singles
|player|p1|jackpier|102|1204
|player|p2|Tab_T4B|morty|1203
|gen|9
|tier|[Gen 9] OU
|rated|
|rule|HP Percentage Mod: HP is shown in percentages
|rule|Endless Battle Clause: Forcing endless battles is banned
|rule|Species Clause: Limit one of each Pokémon
|rule|OHKO Clause: OHKO moves are banned
|rule|Evasion Items Clause: Evasion items are banned
|rule|Evasion Moves Clause: Evasion moves are banned
|rule|Evasion Abilities Clause: Evasion abilities are banned
|rule|Sleep Moves Clause: Sleep-inducing moves are banned
|clearpoke
|poke|p1|Smeargle, M|
|poke|p1|Uxie|
|poke|p1|Gliscor, M|
|poke|p1|Gyarados, F|
|poke|p1|Polteageist|
|poke|p1|Venomoth, M|
|poke|p2|Ceruledge, M|
|poke|p2|Gardevoir, F|
|poke|p2|Raging Bolt|
|poke|p2|Scizor, F|
|poke|p2|Keldeo|
|poke|p2|Meowscarada, F|
|teampreview
|inactive|Battle timer is ON: inactive players will automatically lose when time's up. (requested by Tab_T4B)
|
|t:|1760771696
|teamsize|p1|6
|teamsize|p2|6
|start
|switch|p1a: Smeargle|Smeargle, M|100/100
|switch|p2a: Keldeo|Keldeo|100/100
|turn|1
|
|t:|1760771707
|move|p2a: Keldeo|Air Slash|p1a: Smeargle
|-damage|p1a: Smeargle|64/100
|move|p1a: Smeargle|Nuzzle|p2a: Keldeo
|-supereffective|p2a: Keldeo
|-damage|p2a: Keldeo|98/100
|-status|p2a: Keldeo|par
|-damage|p1a: Smeargle|47/100|[from] item: Rocky Helmet|[of] p2a: Keldeo
|
|upkeep
|turn|2
|-activate|p1a: Smeargle|item: Quick Claw
|
|t:|1760771721
|move|p2a: Keldeo|Vacuum Wave|p1a: Smeargle
|-supereffective|p1a: Smeargle
|-crit|p1a: Smeargle
|-damage|p1a: Smeargle|0 fnt
|faint|p1a: Smeargle
|
|upkeep
|
|t:|1760771738
|switch|p1a: Polteageist|Polteageist|100/100
|turn|3
|
|t:|1760771747
|move|p1a: Polteageist|Shell Smash|p1a: Polteageist
|-unboost|p1a: Polteageist|def|1
|-unboost|p1a: Polteageist|spd|1
|-boost|p1a: Polteageist|atk|2
|-boost|p1a: Polteageist|spa|2
|-boost|p1a: Polteageist|spe|2
|-enditem|p1a: Polteageist|White Herb
|-clearnegativeboost|p1a: Polteageist|[silent]
|move|p2a: Keldeo|Icy Wind|p1a: Polteageist
|-damage|p1a: Polteageist|83/100
|-unboost|p1a: Polteageist|spe|1
|
|upkeep
|turn|4
|
|t:|1760771758
|move|p1a: Polteageist|Psyshock|p2a: Keldeo
|-supereffective|p2a: Keldeo
|-damage|p2a: Keldeo|13/100 par
|move|p2a: Keldeo|Icy Wind|p1a: Polteageist
|-damage|p1a: Polteageist|65/100
|-unboost|p1a: Polteageist|spe|1
|
|upkeep
|turn|5
|
|t:|1760771767
|move|p1a: Polteageist|Shell Smash|p1a: Polteageist
|-unboost|p1a: Polteageist|def|1
|-unboost|p1a: Polteageist|spd|1
|-boost|p1a: Polteageist|atk|2
|-boost|p1a: Polteageist|spa|2
|-boost|p1a: Polteageist|spe|2
|move|p2a: Keldeo|Icy Wind|p1a: Polteageist
|-damage|p1a: Polteageist|36/100
|-unboost|p1a: Polteageist|spe|1
|
|upkeep
|turn|6
|
|t:|1760771778
|move|p1a: Polteageist|Shadow Ball|p2a: Keldeo
|-damage|p2a: Keldeo|0 fnt
|faint|p2a: Keldeo
|
|upkeep
|
|t:|1760771788
|switch|p2a: Meowscarada|Meowscarada, F|100/100
|turn|7
|
|t:|1760771794
|move|p2a: Meowscarada|Sucker Punch||[still]
|-fail|p2a: Meowscarada
|move|p1a: Polteageist|Strength Sap|p2a: Meowscarada
|-unboost|p2a: Meowscarada|atk|1
|-heal|p1a: Polteageist|100/100
|
|upkeep
|turn|8
|
|t:|1760771808
|move|p2a: Meowscarada|Sucker Punch|p1a: Polteageist
|-start|p2a: Meowscarada|typechange|Dark|[from] ability: Protean
|-supereffective|p1a: Polteageist
|-damage|p1a: Polteageist|0 fnt
|faint|p1a: Polteageist
|
|upkeep
|
|t:|1760771815
|switch|p1a: Gliscor|Gliscor, M|100/100
|turn|9
|
|t:|1760771820
|move|p2a: Meowscarada|U-turn|p1a: Gliscor
|-resisted|p1a: Gliscor
|-damage|p1a: Gliscor|93/100
|
|t:|1760771825
|switch|p2a: Gardevoir|Gardevoir, F, shiny|100/100|[from] U-turn
|-ability|p2a: Gardevoir|Poison Heal|Trace|[from] ability: Trace|[of] p1a: Gliscor
|move|p1a: Gliscor|Substitute|p1a: Gliscor
|-start|p1a: Gliscor|Substitute
|-damage|p1a: Gliscor|68/100
|
|-status|p1a: Gliscor|tox|[from] item: Toxic Orb
|upkeep
|turn|10
|
|t:|1760771835
|switch|p2a: Scizor|Scizor, F|100/100
|move|p1a: Gliscor|Swords Dance|p1a: Gliscor
|-boost|p1a: Gliscor|atk|2
|
|-heal|p1a: Gliscor|81/100 tox|[from] ability: Poison Heal
|upkeep
|turn|11
|
|t:|1760771843
|move|p1a: Gliscor|Earthquake|p2a: Scizor
|-damage|p2a: Scizor|16/100
|move|p2a: Scizor|Dual Wingbeat|p1a: Gliscor|[miss]
|-miss|p2a: Scizor|p1a: Gliscor
|
|-heal|p2a: Scizor|22/100|[from] item: Leftovers
|-heal|p1a: Gliscor|93/100 tox|[from] ability: Poison Heal
|upkeep
|turn|12
|
|t:|1760771855
|move|p2a: Scizor|Bullet Punch|p1a: Gliscor
|-end|p1a: Gliscor|Substitute
|move|p1a: Gliscor|Earthquake|p2a: Scizor
|-damage|p2a: Scizor|0 fnt
|faint|p2a: Scizor
|
|-heal|p1a: Gliscor|100/100 tox|[from] ability: Poison Heal
|upkeep
|
|t:|1760771870
|switch|p2a: Raging Bolt|Raging Bolt|100/100
|-enditem|p2a: Raging Bolt|Booster Energy
|-activate|p2a: Raging Bolt|ability: Protosynthesis|[fromitem]
|-start|p2a: Raging Bolt|protosynthesisspa
|turn|13
|
|t:|1760771875
|-terastallize|p2a: Raging Bolt|Ground
|move|p1a: Gliscor|Earthquake|p2a: Raging Bolt
|-damage|p2a: Raging Bolt|48/100
|move|p2a: Raging Bolt|Dragon Pulse|p1a: Gliscor
|-damage|p1a: Gliscor|22/100 tox
|
|-heal|p1a: Gliscor|34/100 tox|[from] ability: Poison Heal
|upkeep
|turn|14
|
|t:|1760771889
|move|p1a: Gliscor|Ice Fang|p2a: Raging Bolt
|-supereffective|p2a: Raging Bolt
|-damage|p2a: Raging Bolt|0 fnt
|faint|p2a: Raging Bolt
|-end|p2a: Raging Bolt|Protosynthesis|[silent]
|
|-heal|p1a: Gliscor|47/100 tox|[from] ability: Poison Heal
|upkeep
|
|t:|1760771900
|switch|p2a: Ceruledge|Ceruledge, M, shiny|100/100
|turn|15
|
|t:|1760771904
|move|p1a: Gliscor|Earthquake|p2a: Ceruledge
|-supereffective|p2a: Ceruledge
|-damage|p2a: Ceruledge|0 fnt
|faint|p2a: Ceruledge
|
|-heal|p1a: Gliscor|59/100 tox|[from] ability: Poison Heal
|upkeep
|
|t:|1760771908
|switch|p2a: Meowscarada|Meowscarada, F|100/100
|turn|16
|
|t:|1760771914
|move|p2a: Meowscarada|Flower Trick|p1a: Gliscor
|-start|p2a: Meowscarada|typechange|Grass|[from] ability: Protean
|-crit|p1a: Gliscor
|-damage|p1a: Gliscor|3/100 tox
|move|p1a: Gliscor|Substitute|p1a: Gliscor
|-fail|p1a: Gliscor|move: Substitute|[weak]
|
|-heal|p1a: Gliscor|15/100 tox|[from] ability: Poison Heal
|upkeep
|turn|17
|
|t:|1760771925
|move|p2a: Meowscarada|U-turn|p1a: Gliscor
|-resisted|p1a: Gliscor
|-damage|p1a: Gliscor|3/100 tox
|
|t:|1760771930
|switch|p2a: Gardevoir|Gardevoir, F, shiny|100/100|[from] U-turn
|-ability|p2a: Gardevoir|Poison Heal|Trace|[from] ability: Trace|[of] p1a: Gliscor
|move|p1a: Gliscor|Earthquake|p2a: Gardevoir
|-damage|p2a: Gardevoir|0 fnt
|faint|p2a: Gardevoir
|
|-heal|p1a: Gliscor|16/100 tox|[from] ability: Poison Heal
|upkeep
|
|t:|1760771933
|switch|p2a: Meowscarada|Meowscarada, F|100/100
|turn|18
|
|t:|1760771942
|move|p2a: Meowscarada|Flower Trick|p1a: Gliscor
|-start|p2a: Meowscarada|typechange|Grass|[from] ability: Protean
|-crit|p1a: Gliscor
|-damage|p1a: Gliscor|0 fnt
|faint|p1a: Gliscor
|
|upkeep
|
|t:|1760771949
|switch|p1a: Uxie|Uxie|100/100
|turn|19
|
|t:|1760771968
|move|p2a: Meowscarada|Sucker Punch||[still]
|-fail|p2a: Meowscarada
|move|p1a: Uxie|Thunder Wave|p2a: Meowscarada
|-status|p2a: Meowscarada|par
|
|upkeep
|turn|20
|
|t:|1760771974
|move|p1a: Uxie|Reflect|p1a: Uxie
|-sidestart|p1: jackpier|Reflect
|move|p2a: Meowscarada|Flower Trick|p1a: Uxie
|-crit|p1a: Uxie
|-damage|p1a: Uxie|66/100
|
|upkeep
|turn|21
|
|t:|1760771980
|move|p1a: Uxie|Light Screen|p1a: Uxie
|-sidestart|p1: jackpier|move: Light Screen
|move|p2a: Meowscarada|Brick Break|p1a: Uxie
|-sideend|p1: jackpier|Reflect
|-sideend|p1: jackpier|move: Light Screen
|-resisted|p1a: Uxie
|-crit|p1a: Uxie
|-damage|p1a: Uxie|54/100
|
|upkeep
|turn|22
|
|t:|1760771986
|move|p1a: Uxie|Reflect|p1a: Uxie
|-sidestart|p1: jackpier|Reflect
|move|p2a: Meowscarada|Flower Trick|p1a: Uxie
|-crit|p1a: Uxie
|-damage|p1a: Uxie|19/100
|
|upkeep
|turn|23
|
|t:|1760771993
|move|p1a: Uxie|Memento|p2a: Meowscarada
|-unboost|p2a: Meowscarada|atk|2
|-unboost|p2a: Meowscarada|spa|2
|faint|p1a: Uxie
|move|p2a: Meowscarada|Flower Trick|p1: Uxie|[notarget]
|-fail|p2a: Meowscarada
|
|upkeep
|
|t:|1760771999
|switch|p1a: Gyarados|Gyarados, F|100/100
|-ability|p1a: Gyarados|Intimidate|boost
|-unboost|p2a: Meowscarada|atk|1
|turn|24
|
|t:|1760772007
|move|p1a: Gyarados|Dragon Dance|p1a: Gyarados
|-boost|p1a: Gyarados|atk|1
|-boost|p1a: Gyarados|spe|1
|move|p2a: Meowscarada|Flower Trick|p1a: Gyarados
|-crit|p1a: Gyarados
|-damage|p1a: Gyarados|33/100
|
|upkeep
|turn|25
|
|t:|1760772019
|move|p1a: Gyarados|Iron Head|p2a: Meowscarada
|-damage|p2a: Meowscarada|36/100 par
|move|p2a: Meowscarada|Flower Trick|p1a: Gyarados
|-crit|p1a: Gyarados
|-damage|p1a: Gyarados|0 fnt
|faint|p1a: Gyarados
|
|upkeep
|
|t:|1760772026
|switch|p1a: Venomoth|Venomoth, M|100/100
|turn|26
|
|t:|1760772033
|move|p2a: Meowscarada|Sucker Punch|p1a: Venomoth
|-damage|p1a: Venomoth|92/100
|move|p1a: Venomoth|Bug Buzz|p2a: Meowscarada
|-supereffective|p2a: Meowscarada
|-damage|p2a: Meowscarada|0 fnt
|faint|p2a: Meowscarada
|
|win|jackpier
|raw|jackpier's rating: 1204 &rarr; <strong>1229</strong><br />(+25 for winning)
|raw|Tab_T4B's rating: 1203 &rarr; <strong>1178</strong><br />(-25 for losing)
|l|☆Tab_T4B
|player|p2|
