|j|☆LuckyLucario1
|j|☆HZBKAI7
|t:|1760847669
|gametype|singles
|player|p1|LuckyLucario1|266|1143
|player|p2|HZBKAI7|2|1134
|gen|9
|tier|[Gen 9] OU
|rated|
|rule|HP Percentage Mod: HP is shown in percentages
|rule|Endless Battle Clause: Forcing endless battles is banned
|rule|Species Clause: Limit one of each Pokémon
|rule|OHKO Clause: OHKO moves are banned
|rule|Evasion Items Clause: Evasion items are banned
|rule|Evasion Moves Clause: Evasion moves are banned
|rule|Evasion Abilities Clause: Evasion abilities are banned
|rule|Sleep Moves Clause: Sleep-inducing moves are banned
|clearpoke
|poke|p1|Pelipper, F|
|poke|p1|Hatterene, F|
|poke|p1|Iron Treads|
|poke|p1|Toxicroak, F|
|poke|p1|Barraskewda, F|
|poke|p1|Zapdos|
|poke|p2|Kingambit, F|
|poke|p2|Iron Treads|
|poke|p2|Necrozma|
|poke|p2|Pecharunt|
|poke|p2|Enamorus, F|
|poke|p2|Samurott-Hisui, F|
|teampreview
|
|t:|1760847678
|teamsize|p1|6
|teamsize|p2|6
|start
|switch|p1a: Iron Treads|Iron Treads|100/100
|switch|p2a: Kingambit|Kingambit, F, shiny|100/100
|turn|1
|
|t:|1760847685
|move|p1a: Iron Treads|Stealth Rock|p2a: Kingambit
|-sidestart|p2: HZBKAI7|move: Stealth Rock
|move|p2a: Kingambit|Kowtow Cleave|p1a: Iron Treads
|-damage|p1a: Iron Treads|56/100
|
|-heal|p1a: Iron Treads|62/100|[from] item: Leftovers
|upkeep
|turn|2
|
|t:|1760847691
|-end|p1a: Iron Treads|Quark Drive|[silent]
|switch|p1a: Toxicroak|Toxicroak, F|100/100
|move|p2a: Kingambit|Kowtow Cleave|p1a: Toxicroak
|-resisted|p1a: Toxicroak
|-damage|p1a: Toxicroak|71/100
|-damage|p2a: Kingambit|84/100|[from] item: Rocky Helmet|[of] p1a: Toxicroak
|
|upkeep
|turn|3
|
|t:|1760847697
|move|p1a: Toxicroak|Encore|p2a: Kingambit
|-start|p2a: Kingambit|Encore
|move|p2a: Kingambit|Kowtow Cleave|p1a: Toxicroak
|-resisted|p1a: Toxicroak
|-damage|p1a: Toxicroak|45/100
|-damage|p2a: Kingambit|67/100|[from] item: Rocky Helmet|[of] p1a: Toxicroak
|
|upkeep
|turn|4
|
|t:|1760847702
|move|p1a: Toxicroak|Drain Punch|p2a: Kingambit
|-supereffective|p2a: Kingambit
|-damage|p2a: Kingambit|0 fnt
|-heal|p1a: Toxicroak|82/100|[from] drain|[of] p2a: Kingambit
|faint|p2a: Kingambit
|-end|p2a: Kingambit|fallenundefined|[silent]
|
|upkeep
|
|t:|1760847703
|switch|p2a: Necrozma|Necrozma, shiny|100/100
|-damage|p2a: Necrozma|88/100|[from] Stealth Rock
|turn|5
|
|t:|1760847715
|switch|p1a: Pelipper|Pelipper, F|100/100
|-weather|RainDance|[from] ability: Drizzle|[of] p1a: Pelipper
|move|p2a: Necrozma|Photon Geyser|p1a: Pelipper
|-damage|p1a: Pelipper|46/100
|
|-weather|RainDance|[upkeep]
|upkeep
|turn|6
|
|t:|1760847724
|switch|p1a: Hatterene|Hatterene, F|100/100
|move|p2a: Necrozma|Photon Geyser|p1a: Hatterene
|-resisted|p1a: Hatterene
|-damage|p1a: Hatterene|71/100
|-enditem|p1a: Hatterene|Eject Button
|
|t:|1760847733
|switch|p1a: Barraskewda|Barraskewda, F|100/100
|
|-weather|RainDance|[upkeep]
|upkeep
|turn|7
|
|t:|1760847738
|move|p1a: Barraskewda|Liquidation|p2a: Necrozma
|-damage|p2a: Necrozma|2/100
|move|p2a: Necrozma|Photon Geyser|p1a: Barraskewda
|-damage|p1a: Barraskewda|0 fnt
|faint|p1a: Barraskewda
|
|-weather|RainDance|[upkeep]
|upkeep
|
|t:|1760847744
|switch|p1a: Zapdos|Zapdos|100/100
|turn|8
|
|t:|1760847748
|move|p1a: Zapdos|Volt Switch|p2a: Necrozma
|-damage|p2a: Necrozma|0 fnt
|faint|p2a: Necrozma
|
|t:|1760847758
|switch|p1a: Toxicroak|Toxicroak, F|82/100|[from] Volt Switch
|
|-weather|RainDance|[upkeep]
|-heal|p1a: Toxicroak|95/100|[from] ability: Dry Skin
|upkeep
|
|t:|1760847758
|switch|p2a: Iron Treads|Iron Treads|100/100
|-damage|p2a: Iron Treads|97/100|[from] Stealth Rock
|turn|9
|
|t:|1760847764
|switch|p1a: Zapdos|Zapdos|100/100
|move|p2a: Iron Treads|Earthquake|p1a: Zapdos
|-immune|p1a: Zapdos
|
|-weather|RainDance|[upkeep]
|upkeep
|turn|10
|
|t:|1760847767
|move|p2a: Iron Treads|Ice Spinner|p1a: Zapdos
|-supereffective|p1a: Zapdos
|-damage|p1a: Zapdos|39/100
|move|p1a: Zapdos|Weather Ball|p2a: Iron Treads
|-supereffective|p2a: Iron Treads
|-damage|p2a: Iron Treads|0 fnt
|faint|p2a: Iron Treads
|-end|p2a: Iron Treads|Quark Drive|[silent]
|
|-weather|RainDance|[upkeep]
|upkeep
|
|t:|1760847767
|switch|p2a: Pecharunt|Pecharunt|100/100
|-damage|p2a: Pecharunt|88/100|[from] Stealth Rock
|-item|p2a: Pecharunt|Air Balloon
|turn|11
|
|t:|1760847775
|move|p1a: Zapdos|Weather Ball|p2a: Pecharunt
|-damage|p2a: Pecharunt|9/100
|-enditem|p2a: Pecharunt|Air Balloon
|move|p2a: Pecharunt|Malignant Chain|p1a: Zapdos
|-damage|p1a: Zapdos|3/100
|
|-weather|RainDance|[upkeep]
|upkeep
|turn|12
|
|t:|1760847783
|move|p1a: Zapdos|Weather Ball|p2a: Pecharunt
|-damage|p2a: Pecharunt|0 fnt
|faint|p2a: Pecharunt
|
|-weather|none
|upkeep
|
|t:|1760847783
|switch|p2a: Enamorus|Enamorus, F, shiny|100/100
|-damage|p2a: Enamorus|76/100|[from] Stealth Rock
|turn|13
|
|t:|1760847788
|switch|p1a: Pelipper|Pelipper, F|46/100
|-weather|RainDance|[from] ability: Drizzle|[of] p1a: Pelipper
|move|p2a: Enamorus|Moonblast|p1a: Pelipper
|-damage|p1a: Pelipper|0 fnt
|faint|p1a: Pelipper
|
|-weather|RainDance|[upkeep]
|upkeep
|
|t:|1760847791
|switch|p1a: Zapdos|Zapdos|3/100
|turn|14
|
|t:|1760847795
|move|p2a: Enamorus|Moonblast|p1a: Zapdos
|-damage|p1a: Zapdos|0 fnt
|faint|p1a: Zapdos
|
|-weather|RainDance|[upkeep]
|upkeep
|
|t:|1760847798
|switch|p1a: Toxicroak|Toxicroak, F|95/100
|turn|15
|
|t:|1760847800
|move|p2a: Enamorus|Moonblast|p1a: Toxicroak
|-damage|p1a: Toxicroak|21/100
|move|p1a: Toxicroak|Toxic|p2a: Enamorus
|-status|p2a: Enamorus|tox
|
|-weather|RainDance|[upkeep]
|-heal|p1a: Toxicroak|34/100|[from] ability: Dry Skin
|-damage|p2a: Enamorus|69/100 tox|[from] psn
|upkeep
|turn|16
|
|t:|1760847806
|move|p2a: Enamorus|Moonblast|p1a: Toxicroak
|-damage|p1a: Toxicroak|0 fnt
|faint|p1a: Toxicroak
|
|-weather|RainDance|[upkeep]
|-damage|p2a: Enamorus|57/100 tox|[from] psn
|upkeep
|
|t:|1760847811
|switch|p1a: Iron Treads|Iron Treads|62/100
|turn|17
|
|t:|1760847819
|move|p2a: Enamorus|Moonblast|p1a: Iron Treads
|-resisted|p1a: Iron Treads
|-damage|p1a: Iron Treads|41/100
|-unboost|p1a: Iron Treads|spa|1
|move|p1a: Iron Treads|Rapid Spin|p2a: Enamorus
|-damage|p2a: Enamorus|35/100 tox
|-boost|p1a: Iron Treads|spe|1
|
|-weather|RainDance|[upkeep]
|-heal|p1a: Iron Treads|47/100|[from] item: Leftovers
|-damage|p2a: Enamorus|17/100 tox|[from] psn
|upkeep
|turn|18
|
|t:|1760847826
|move|p2a: Enamorus|Moonblast|p1a: Iron Treads
|-resisted|p1a: Iron Treads
|-damage|p1a: Iron Treads|26/100
|-unboost|p1a: Iron Treads|spa|1
|move|p1a: Iron Treads|Volt Switch|p2a: Enamorus
|-supereffective|p2a: Enamorus
|-damage|p2a: Enamorus|2/100 tox
|
|t:|1760847833
|-end|p1a: Iron Treads|Quark Drive|[silent]
|switch|p1a: Hatterene|Hatterene, F|71/100|[from] Volt Switch
|
|-weather|RainDance|[upkeep]
|-damage|p2a: Enamorus|0 fnt|[from] psn
|faint|p2a: Enamorus
|upkeep
|
|t:|1760847833
|switch|p2a: Samurott|Samurott-Hisui, F, shiny|100/100
|-damage|p2a: Samurott|88/100|[from] Stealth Rock
|turn|19
|
|t:|1760847836
|move|p2a: Samurott|Razor Shell|p1a: Hatterene
|-damage|p1a: Hatterene|0 fnt
|faint|p1a: Hatterene
|
|-weather|RainDance|[upkeep]
|upkeep
|-message|LuckyLucario1 forfeited.
|
|win|HZBKAI7
|raw|LuckyLucario1's rating: 1143 &rarr; <strong>1117</strong><br />(-26 for losing)
|raw|HZBKAI7's rating: 1134 &rarr; <strong>1160</strong><br />(+26 for winning)
|l|☆HZBKAI7
|player|p2|
|l|☆LuckyLucario1
|player|p1|
