|j|☆azeard
|j|☆iggy sent me
|t:|1760801317
|gametype|singles
|player|p1|azeard|265|1495
|player|p2|iggy sent me|veteran|1565
|gen|9
|tier|[Gen 9] OU
|rated|
|rule|HP Percentage Mod: HP is shown in percentages
|rule|Endless Battle Clause: Forcing endless battles is banned
|rule|Species Clause: Limit one of each Pokémon
|rule|OHKO Clause: OHKO moves are banned
|rule|Evasion Items Clause: Evasion items are banned
|rule|Evasion Moves Clause: Evasion moves are banned
|rule|Evasion Abilities Clause: Evasion abilities are banned
|rule|Sleep Moves Clause: Sleep-inducing moves are banned
|clearpoke
|poke|p1|Kleavor, F|
|poke|p1|Skeledirge, M|
|poke|p1|Kingambit, F|
|poke|p1|Ogerpon-Wellspring, F|
|poke|p1|Latios, M|
|poke|p1|Deoxys-Speed|
|poke|p2|Landorus-Therian, M|
|poke|p2|Slowking-Galar, F|
|poke|p2|Kyurem|
|poke|p2|Great Tusk|
|poke|p2|Clefable, M|
|poke|p2|Iron Crown|
|teampreview
|inactive|Battle timer is ON: inactive players will automatically lose when time's up. (requested by azeard)
|
|t:|1760801328
|teamsize|p1|6
|teamsize|p2|6
|start
|switch|p1a: Deoxys|Deoxys-Speed|100/100
|switch|p2a: Landorus|Landorus-Therian, M|100/100
|-ability|p1a: Deoxys|Pressure
|-ability|p2a: Landorus|Intimidate|boost
|-unboost|p1a: Deoxys|atk|1
|turn|1
|
|t:|1760801337
|switch|p2a: Slowking|Slowking-Galar, F|100/100
|move|p1a: Deoxys|Ice Beam|p2a: Slowking
|-damage|p2a: Slowking|80/100
|-damage|p1a: Deoxys|91/100|[from] item: Life Orb
|
|-heal|p2a: Slowking|86/100|[from] item: Black Sludge
|upkeep
|turn|2
|
|t:|1760801344
|move|p1a: Deoxys|Spikes|p2a: Slowking
|-sidestart|p2: iggy sent me|Spikes
|move|p2a: Slowking|Sludge Bomb|p1a: Deoxys
|-damage|p1a: Deoxys|41/100
|
|-heal|p2a: Slowking|92/100|[from] item: Black Sludge
|upkeep
|turn|3
|
|t:|1760801349
|move|p1a: Deoxys|Spikes|p2a: Slowking
|-sidestart|p2: iggy sent me|Spikes
|move|p2a: Slowking|Future Sight|p1a: Deoxys
|-start|p2a: Slowking|move: Future Sight
|
|-heal|p2a: Slowking|98/100|[from] item: Black Sludge
|upkeep
|turn|4
|
|t:|1760801367
|move|p1a: Deoxys|Spikes|p2a: Slowking
|-sidestart|p2: iggy sent me|Spikes
|move|p2a: Slowking|Sludge Bomb|p1a: Deoxys
|-damage|p1a: Deoxys|0 fnt
|faint|p1a: Deoxys
|
|-heal|p2a: Slowking|100/100|[from] item: Black Sludge
|upkeep
|
|t:|1760801373
|switch|p1a: Kleavor|Kleavor, F|100/100
|turn|5
|
|t:|1760801389
|move|p1a: Kleavor|Stone Axe|p2a: Slowking
|-damage|p2a: Slowking|45/100
|-sidestart|p2: iggy sent me|move: Stealth Rock
|-prepare|p2a: Slowking|Chilly Reception|[premajor]
|move|p2a: Slowking|Chilly Reception|p2a: Slowking
|-weather|Snowscape
|
|t:|1760801393
|switch|p2a: Great Tusk|Great Tusk|100/100|[from] Chilly Reception
|-damage|p2a: Great Tusk|76/100|[from] Spikes
|-damage|p2a: Great Tusk|73/100|[from] Stealth Rock
|-enditem|p2a: Great Tusk|Booster Energy
|-activate|p2a: Great Tusk|ability: Protosynthesis|[fromitem]
|-start|p2a: Great Tusk|protosynthesisspe
|
|-weather|Snowscape|[upkeep]
|-end|p1a: Kleavor|move: Future Sight
|-crit|p1a: Kleavor
|-damage|p1a: Kleavor|0 fnt
|faint|p1a: Kleavor
|upkeep
|
|t:|1760801411
|switch|p1a: Skeledirge|Skeledirge, M|100/100
|turn|6
|
|t:|1760801416
|move|p2a: Great Tusk|Headlong Rush|p1a: Skeledirge
|-supereffective|p1a: Skeledirge
|-damage|p1a: Skeledirge|17/100
|-unboost|p2a: Great Tusk|def|1
|-unboost|p2a: Great Tusk|spd|1
|move|p1a: Skeledirge|Will-O-Wisp|p2a: Great Tusk
|-status|p2a: Great Tusk|brn
|
|-weather|Snowscape|[upkeep]
|-damage|p2a: Great Tusk|66/100 brn|[from] brn
|upkeep
|turn|7
|
|t:|1760801435
|switch|p1a: Kingambit|Kingambit, F|100/100
|-activate|p1a: Kingambit|ability: Supreme Overlord
|-start|p1a: Kingambit|fallen2|[silent]
|-item|p1a: Kingambit|Air Balloon
|move|p2a: Great Tusk|Headlong Rush|p1a: Kingambit
|-immune|p1a: Kingambit
|
|-weather|Snowscape|[upkeep]
|-damage|p2a: Great Tusk|60/100 brn|[from] brn
|upkeep
|turn|8
|
|t:|1760801443
|-end|p1a: Kingambit|fallen2|[silent]
|switch|p1a: Skeledirge|Skeledirge, M|17/100
|move|p2a: Great Tusk|Rapid Spin|p1a: Skeledirge
|-immune|p1a: Skeledirge
|
|-weather|Snowscape|[upkeep]
|-damage|p2a: Great Tusk|54/100 brn|[from] brn
|upkeep
|turn|9
|
|t:|1760801452
|move|p2a: Great Tusk|Headlong Rush|p1a: Skeledirge
|-supereffective|p1a: Skeledirge
|-damage|p1a: Skeledirge|0 fnt
|-unboost|p2a: Great Tusk|def|1
|-unboost|p2a: Great Tusk|spd|1
|faint|p1a: Skeledirge
|
|-weather|none
|-damage|p2a: Great Tusk|48/100 brn|[from] brn
|upkeep
|
|t:|1760801457
|switch|p1a: Kingambit|Kingambit, F|100/100
|-activate|p1a: Kingambit|ability: Supreme Overlord
|-start|p1a: Kingambit|fallen3|[silent]
|-item|p1a: Kingambit|Air Balloon
|turn|10
|
|t:|1760801463
|move|p1a: Kingambit|Sucker Punch|p2a: Great Tusk
|-resisted|p2a: Great Tusk
|-damage|p2a: Great Tusk|16/100 brn
|move|p2a: Great Tusk|Rapid Spin|p1a: Kingambit
|-resisted|p1a: Kingambit
|-damage|p1a: Kingambit|98/100
|-boost|p2a: Great Tusk|spe|1
|-enditem|p1a: Kingambit|Air Balloon
|-sideend|p2: iggy sent me|Spikes|[from] move: Rapid Spin|[of] p2a: Great Tusk
|-sideend|p2: iggy sent me|Stealth Rock|[from] move: Rapid Spin|[of] p2a: Great Tusk
|
|-damage|p2a: Great Tusk|10/100 brn|[from] brn
|upkeep
|turn|11
|
|t:|1760801468
|move|p1a: Kingambit|Sucker Punch||[still]
|-fail|p1a: Kingambit
|move|p2a: Great Tusk|Bulk Up|p2a: Great Tusk
|-boost|p2a: Great Tusk|atk|1
|-boost|p2a: Great Tusk|def|1
|
|-damage|p2a: Great Tusk|4/100 brn|[from] brn
|upkeep
|turn|12
|
|t:|1760801474
|move|p1a: Kingambit|Sucker Punch|p2a: Great Tusk
|-resisted|p2a: Great Tusk
|-damage|p2a: Great Tusk|0 fnt
|faint|p2a: Great Tusk
|-end|p2a: Great Tusk|Protosynthesis|[silent]
|
|upkeep
|
|t:|1760801479
|switch|p2a: Clefable|Clefable, M|100/100
|turn|13
|
|t:|1760801487
|-end|p1a: Kingambit|fallen3|[silent]
|switch|p1a: Latios|Latios, M|100/100
|move|p2a: Clefable|Moonblast|p1a: Latios
|-supereffective|p1a: Latios
|-damage|p1a: Latios|35/100
|
|upkeep
|turn|14
|
|t:|1760801493
|move|p1a: Latios|Luster Purge|p2a: Clefable
|-damage|p2a: Clefable|53/100
|move|p2a: Clefable|Moonblast|p1a: Latios
|-supereffective|p1a: Latios
|-damage|p1a: Latios|0 fnt
|faint|p1a: Latios
|
|upkeep
|
|t:|1760801497
|switch|p1a: Ogerpon|Ogerpon-Wellspring, F|100/100
|turn|15
|
|t:|1760801505
|switch|p2a: Kyurem|Kyurem|100/100
|-ability|p2a: Kyurem|Pressure
|move|p1a: Ogerpon|Ivy Cudgel|p2a: Kyurem|[anim] Ivy Cudgel Water
|-resisted|p2a: Kyurem
|-damage|p2a: Kyurem|71/100
|
|upkeep
|turn|16
|
|t:|1760801507
|move|p1a: Ogerpon|Knock Off|p2a: Kyurem
|-damage|p2a: Kyurem|36/100
|-enditem|p2a: Kyurem|Choice Specs|[from] move: Knock Off|[of] p1a: Ogerpon
|move|p2a: Kyurem|Freeze-Dry|p1a: Ogerpon
|-supereffective|p1a: Ogerpon
|-damage|p1a: Ogerpon|0 fnt
|faint|p1a: Ogerpon
|
|upkeep
|
|t:|1760801510
|switch|p1a: Kingambit|Kingambit, F|98/100
|-activate|p1a: Kingambit|ability: Supreme Overlord
|-start|p1a: Kingambit|fallen5|[silent]
|turn|17
|
|t:|1760801518
|-terastallize|p1a: Kingambit|Flying
|move|p2a: Kyurem|Draco Meteor|p1a: Kingambit
|-damage|p1a: Kingambit|36/100
|-unboost|p2a: Kyurem|spa|2
|move|p1a: Kingambit|Swords Dance|p1a: Kingambit
|-boost|p1a: Kingambit|atk|2
|
|upkeep
|turn|18
|
|t:|1760801528
|switch|p2a: Clefable|Clefable, M|53/100
|move|p1a: Kingambit|Iron Head|p2a: Clefable
|-supereffective|p2a: Clefable
|-damage|p2a: Clefable|0 fnt
|faint|p2a: Clefable
|
|-damage|p1a: Kingambit|23/100|[from] item: Sticky Barb
|upkeep
|
|t:|1760801531
|switch|p2a: Landorus|Landorus-Therian, M|100/100
|-ability|p2a: Landorus|Intimidate|boost
|-unboost|p1a: Kingambit|atk|1
|turn|19
|
|t:|1760801538
|switch|p2a: Slowking|Slowking-Galar, F|79/100
|move|p1a: Kingambit|Sucker Punch||[still]
|-fail|p1a: Kingambit
|
|-heal|p2a: Slowking|85/100|[from] item: Black Sludge
|-damage|p1a: Kingambit|11/100|[from] item: Sticky Barb
|upkeep
|turn|20
|inactive|azeard has 120 seconds left.
|
|t:|1760801574
|move|p1a: Kingambit|Swords Dance|p1a: Kingambit
|-boost|p1a: Kingambit|atk|2
|move|p2a: Slowking|Future Sight|p1a: Kingambit
|-start|p2a: Slowking|move: Future Sight
|
|-heal|p2a: Slowking|91/100|[from] item: Black Sludge
|-damage|p1a: Kingambit|0 fnt|[from] item: Sticky Barb
|faint|p1a: Kingambit
|-end|p1a: Kingambit|fallen5|[silent]
|
|win|iggy sent me
|raw|azeard's rating: 1495 &rarr; <strong>1479</strong><br />(-16 for losing)
|raw|iggy sent me's rating: 1565 &rarr; <strong>1581</strong><br />(+16 for winning)
|l|☆iggy sent me
|player|p2|
|l|☆azeard
|player|p1|
