|j|☆Squallskip
|j|☆nowayy974
|t:|1760850148
|gametype|singles
|player|p1|Squallskip|brycen|1290
|player|p2|nowayy974|cynthia|1292
|gen|9
|tier|[Gen 9] OU
|rated|
|rule|HP Percentage Mod: HP is shown in percentages
|rule|Endless Battle Clause: Forcing endless battles is banned
|rule|Species Clause: Limit one of each Pokémon
|rule|OHKO Clause: OHKO moves are banned
|rule|Evasion Items Clause: Evasion items are banned
|rule|Evasion Moves Clause: Evasion moves are banned
|rule|Evasion Abilities Clause: Evasion abilities are banned
|rule|Sleep Moves Clause: Sleep-inducing moves are banned
|clearpoke
|poke|p1|Suicune|
|poke|p1|Pecharunt|
|poke|p1|Heatran, M|
|poke|p1|Kyurem|
|poke|p1|Ting-Lu|
|poke|p1|Gliscor, M|
|poke|p2|Deoxys-Speed|
|poke|p2|Gholdengo|
|poke|p2|Iron Treads|
|poke|p2|Dragonite, M|
|poke|p2|Iron Moth|
|poke|p2|Samurott-Hisui, M|
|teampreview
|inactive|Battle timer is ON: inactive players will automatically lose when time's up. (requested by nowayy974)
|inactive|Squallskip has 120 seconds left.
|inactive|Squallskip has 90 seconds left.
|
|t:|1760850224
|teamsize|p1|6
|teamsize|p2|6
|start
|switch|p1a: Blizzard Island|Kyurem|100/100
|switch|p2a: Iron Treads|Iron Treads|100/100
|-ability|p1a: Blizzard Island|Pressure
|-enditem|p2a: Iron Treads|Booster Energy
|-activate|p2a: Iron Treads|ability: Quark Drive|[fromitem]
|-start|p2a: Iron Treads|quarkdrivespe
|turn|1
|
|t:|1760850236
|move|p2a: Iron Treads|Stealth Rock|p1a: Blizzard Island
|-sidestart|p1: Squallskip|move: Stealth Rock
|move|p1a: Blizzard Island|Earth Power|p2a: Iron Treads
|-supereffective|p2a: Iron Treads
|-damage|p2a: Iron Treads|27/100
|
|upkeep
|turn|2
|
|t:|1760850260
|switch|p1a: Revelation Moutain|Ting-Lu|100/100
|-damage|p1a: Revelation Moutain|94/100|[from] Stealth Rock
|-ability|p1a: Revelation Moutain|Vessel of Ruin
|move|p2a: Iron Treads|Knock Off|p1a: Revelation Moutain
|-resisted|p1a: Revelation Moutain
|-damage|p1a: Revelation Moutain|87/100
|-enditem|p1a: Revelation Moutain|Leftovers|[from] move: Knock Off|[of] p2a: Iron Treads
|
|upkeep
|turn|3
|
|t:|1760850280
|move|p2a: Iron Treads|Earthquake|p1a: Revelation Moutain
|-damage|p1a: Revelation Moutain|66/100
|move|p1a: Revelation Moutain|Spikes|p2a: Iron Treads
|-sidestart|p2: nowayy974|Spikes
|
|upkeep
|turn|4
|inactive|Squallskip has 120 seconds left.
|
|t:|1760850297
|move|p2a: Iron Treads|Rapid Spin|p1a: Revelation Moutain
|-damage|p1a: Revelation Moutain|59/100
|-boost|p2a: Iron Treads|spe|1
|-sideend|p2: nowayy974|Spikes|[from] move: Rapid Spin|[of] p2a: Iron Treads
|move|p1a: Revelation Moutain|Spikes|p2a: Iron Treads
|-sidestart|p2: nowayy974|Spikes
|
|upkeep
|turn|5
|
|t:|1760850302
|move|p2a: Iron Treads|Rapid Spin|p1a: Revelation Moutain
|-damage|p1a: Revelation Moutain|52/100
|-boost|p2a: Iron Treads|spe|1
|-sideend|p2: nowayy974|Spikes|[from] move: Rapid Spin|[of] p2a: Iron Treads
|move|p1a: Revelation Moutain|Whirlwind|p2a: Iron Treads
|-end|p2a: Iron Treads|Quark Drive|[silent]
|drag|p2a: Gholdengo|Gholdengo|100/100
|-item|p2a: Gholdengo|Air Balloon
|
|upkeep
|turn|6
|inactive|Squallskip has 120 seconds left.
|
|t:|1760850344
|switch|p2a: Iron Treads|Iron Treads|27/100
|switch|p1a: Fire IslandVolcano|Heatran, M|100/100
|-damage|p1a: Fire IslandVolcano|88/100|[from] Stealth Rock
|
|-heal|p1a: Fire IslandVolcano|94/100|[from] item: Leftovers
|upkeep
|turn|7
|inactive|Squallskip has 90 seconds left.
|
|t:|1760850388
|-terastallize|p1a: Fire IslandVolcano|Grass
|move|p2a: Iron Treads|Knock Off|p1a: Fire IslandVolcano
|-damage|p1a: Fire IslandVolcano|72/100
|-status|p2a: Iron Treads|brn|[from] ability: Flame Body|[of] p1a: Fire IslandVolcano
|-enditem|p1a: Fire IslandVolcano|Leftovers|[from] move: Knock Off|[of] p2a: Iron Treads
|move|p1a: Fire IslandVolcano|Earth Power|p2a: Iron Treads
|-supereffective|p2a: Iron Treads
|-damage|p2a: Iron Treads|0 fnt
|faint|p2a: Iron Treads
|-end|p2a: Iron Treads|Quark Drive|[silent]
|
|upkeep
|inactive|nowayy974 has 120 seconds left.
|
|t:|1760850424
|switch|p2a: Iron Moth|Iron Moth|100/100
|-enditem|p2a: Iron Moth|Booster Energy
|-activate|p2a: Iron Moth|ability: Quark Drive|[fromitem]
|-start|p2a: Iron Moth|quarkdrivespe
|turn|8
|inactive|nowayy974 has 120 seconds left.
|
|t:|1760850432
|move|p2a: Iron Moth|Substitute|p2a: Iron Moth
|-start|p2a: Iron Moth|Substitute
|-damage|p2a: Iron Moth|76/100
|move|p1a: Fire IslandVolcano|Earth Power|p2a: Iron Moth
|-supereffective|p2a: Iron Moth
|-end|p2a: Iron Moth|Substitute
|
|upkeep
|turn|9
|
|t:|1760850439
|move|p2a: Iron Moth|Sludge Wave|p1a: Fire IslandVolcano
|-supereffective|p1a: Fire IslandVolcano
|-damage|p1a: Fire IslandVolcano|12/100
|move|p1a: Fire IslandVolcano|Earth Power|p2a: Iron Moth
|-supereffective|p2a: Iron Moth
|-damage|p2a: Iron Moth|0 fnt
|faint|p2a: Iron Moth
|-end|p2a: Iron Moth|Quark Drive|[silent]
|
|upkeep
|
|t:|1760850453
|switch|p2a: Dragonite|Dragonite, M|100/100
|turn|10
|inactive|Squallskip has 90 seconds left.
|
|t:|1760850464
|move|p2a: Dragonite|Dragon Dance|p2a: Dragonite
|-boost|p2a: Dragonite|atk|1
|-boost|p2a: Dragonite|spe|1
|move|p1a: Fire IslandVolcano|Magma Storm|p2a: Dragonite
|-resisted|p2a: Dragonite
|-damage|p2a: Dragonite|89/100
|-activate|p2a: Dragonite|move: Magma Storm|[of] p1a: Fire IslandVolcano
|
|-damage|p2a: Dragonite|77/100|[from] move: Magma Storm|[partiallytrapped]
|upkeep
|turn|11
|inactive|Squallskip has 90 seconds left.
|
|t:|1760850477
|move|p2a: Dragonite|Earthquake|p1a: Fire IslandVolcano
|-resisted|p1a: Fire IslandVolcano
|-damage|p1a: Fire IslandVolcano|0 fnt
|faint|p1a: Fire IslandVolcano
|
|-end|p2a: Dragonite|Magma Storm|[partiallytrapped]|[silent]
|upkeep
|inactive|Squallskip has 90 seconds left.
|
|t:|1760850503
|switch|p1a: Mt. Horn|Gliscor, M|100/100
|-damage|p1a: Mt. Horn|88/100|[from] Stealth Rock
|turn|12
|
|t:|1760850513
|move|p1a: Mt. Horn|Protect|p1a: Mt. Horn
|-singleturn|p1a: Mt. Horn|Protect
|move|p2a: Dragonite|Ice Spinner|p1a: Mt. Horn
|-activate|p1a: Mt. Horn|move: Protect
|
|-status|p1a: Mt. Horn|tox|[from] item: Toxic Orb
|upkeep
|turn|13
|
|t:|1760850531
|switch|p1a: I got swept by it|Suicune|100/100
|-damage|p1a: I got swept by it|88/100|[from] Stealth Rock
|-ability|p1a: I got swept by it|Pressure
|move|p2a: Dragonite|Dragon Dance|p2a: Dragonite
|-boost|p2a: Dragonite|atk|1
|-boost|p2a: Dragonite|spe|1
|
|-heal|p1a: I got swept by it|94/100|[from] item: Leftovers
|upkeep
|turn|14
|
|t:|1760850542
|-terastallize|p2a: Dragonite|Normal
|move|p2a: Dragonite|Extreme Speed|p1a: I got swept by it
|-damage|p1a: I got swept by it|48/100
|move|p1a: I got swept by it|Scald|p2a: Dragonite
|-damage|p2a: Dragonite|52/100
|
|-heal|p1a: I got swept by it|54/100|[from] item: Leftovers
|upkeep
|turn|15
|
|t:|1760850552
|move|p2a: Dragonite|Extreme Speed|p1a: I got swept by it
|-crit|p1a: I got swept by it
|-damage|p1a: I got swept by it|0 fnt
|faint|p1a: I got swept by it
|
|upkeep
|inactive|Squallskip has 60 seconds left.
|
|t:|1760850590
|switch|p1a: Blizzard Island|Kyurem|100/100
|-ability|p1a: Blizzard Island|Pressure
|turn|16
|
|t:|1760850607
|move|p2a: Dragonite|Extreme Speed|p1a: Blizzard Island
|-damage|p1a: Blizzard Island|19/100
|move|p1a: Blizzard Island|Draco Meteor|p2a: Dragonite|[miss]
|-miss|p1a: Blizzard Island|p2a: Dragonite
|
|upkeep
|turn|17
|inactive|Squallskip has 60 seconds left.
|-message|Squallskip forfeited.
|
|win|nowayy974
|raw|Squallskip's rating: 1290 &rarr; <strong>1265</strong><br />(-25 for losing)
|raw|nowayy974's rating: 1292 &rarr; <strong>1317</strong><br />(+25 for winning)
|l|☆nowayy974
|player|p2|
|l|☆Squallskip
|player|p1|
