|j|☆papagoi19
|j|☆vghhjg
|t:|1760721569
|gametype|singles
|player|p1|papagoi19|gentleman-gen4|1688
|player|p2|vghhjg|2|1666
|gen|9
|tier|[Gen 9] OU
|rated|
|rule|HP Percentage Mod: HP is shown in percentages
|rule|Endless Battle Clause: Forcing endless battles is banned
|rule|Species Clause: Limit one of each Pokémon
|rule|OHKO Clause: OHKO moves are banned
|rule|Evasion Items Clause: Evasion items are banned
|rule|Evasion Moves Clause: Evasion moves are banned
|rule|Evasion Abilities Clause: Evasion abilities are banned
|rule|Sleep Moves Clause: Sleep-inducing moves are banned
|clearpoke
|poke|p1|Dragapult, M|
|poke|p1|Clefable, M|
|poke|p1|Slowbro, F|
|poke|p1|Slowking-Galar, F|
|poke|p1|Iron Treads|
|poke|p1|Great Tusk|
|poke|p2|Ribombee, M|
|poke|p2|Gholdengo|
|poke|p2|Dragonite, M|
|poke|p2|Iron Treads|
|poke|p2|Comfey, M|
|poke|p2|Malamar, M|
|teampreview
|
|t:|1760721598
|teamsize|p1|6
|teamsize|p2|6
|start
|switch|p1a: Great Tusk|Great Tusk, shiny|100/100
|switch|p2a: Ribombee|Ribombee, M|100/100
|-enditem|p1a: Great Tusk|Booster Energy
|-activate|p1a: Great Tusk|ability: Protosynthesis|[fromitem]
|-start|p1a: Great Tusk|protosynthesisspe
|turn|1
|
|t:|1760721641
|move|p1a: Great Tusk|Rapid Spin|p2a: Ribombee
|-damage|p2a: Ribombee|77/100
|-boost|p1a: Great Tusk|spe|1
|move|p2a: Ribombee|Stun Spore|p1a: Great Tusk
|-status|p1a: Great Tusk|par
|
|upkeep
|turn|2
|
|t:|1760721650
|move|p2a: Ribombee|Sticky Web|p1a: Great Tusk
|-sidestart|p1: papagoi19|move: Sticky Web
|move|p1a: Great Tusk|Rapid Spin|p2a: Ribombee
|-damage|p2a: Ribombee|52/100
|-boost|p1a: Great Tusk|spe|1
|-sideend|p1: papagoi19|Sticky Web|[from] move: Rapid Spin|[of] p1a: Great Tusk
|
|upkeep
|turn|3
|
|t:|1760721657
|move|p1a: Great Tusk|Headlong Rush|p2a: Ribombee
|-resisted|p2a: Ribombee
|-damage|p2a: Ribombee|14/100
|-unboost|p1a: Great Tusk|def|1
|-unboost|p1a: Great Tusk|spd|1
|move|p2a: Ribombee|Sticky Web|p1a: Great Tusk
|-sidestart|p1: papagoi19|move: Sticky Web
|
|upkeep
|turn|4
|
|t:|1760721662
|switch|p2a: Gholdengo|Gholdengo|100/100
|-item|p2a: Gholdengo|Air Balloon
|move|p1a: Great Tusk|Rapid Spin|p2a: Gholdengo
|-immune|p2a: Gholdengo
|
|upkeep
|turn|5
|
|t:|1760721667
|cant|p1a: Great Tusk|par
|move|p2a: Gholdengo|Dazzling Gleam|p1a: Great Tusk
|-supereffective|p1a: Great Tusk
|-damage|p1a: Great Tusk|0 fnt
|faint|p1a: Great Tusk
|-end|p1a: Great Tusk|Protosynthesis|[silent]
|
|upkeep
|
|t:|1760721685
|switch|p1a: Iron Treads|Iron Treads|100/100
|-activate|p1a: Iron Treads|move: Sticky Web
|-unboost|p1a: Iron Treads|spe|1
|-enditem|p1a: Iron Treads|Booster Energy
|-activate|p1a: Iron Treads|ability: Quark Drive|[fromitem]
|-start|p1a: Iron Treads|quarkdriveatk
|turn|6
|
|t:|1760721691
|move|p2a: Gholdengo|Shadow Ball|p1a: Iron Treads
|-damage|p1a: Iron Treads|43/100
|move|p1a: Iron Treads|Knock Off|p2a: Gholdengo
|-supereffective|p2a: Gholdengo
|-damage|p2a: Gholdengo|9/100
|-enditem|p2a: Gholdengo|Air Balloon
|
|upkeep
|turn|7
|
|t:|1760721698
|-terastallize|p1a: Iron Treads|Normal
|move|p2a: Gholdengo|Shadow Ball|p1a: Iron Treads
|-immune|p1a: Iron Treads
|move|p1a: Iron Treads|Knock Off|p2a: Gholdengo
|-supereffective|p2a: Gholdengo
|-damage|p2a: Gholdengo|0 fnt
|faint|p2a: Gholdengo
|
|upkeep
|
|t:|1760721707
|switch|p2a: Malamar|Malamar, M|100/100
|turn|8
|
|t:|1760721712
|move|p2a: Malamar|Superpower|p1a: Iron Treads
|-supereffective|p1a: Iron Treads
|-damage|p1a: Iron Treads|0 fnt
|-boost|p2a: Malamar|atk|1
|-boost|p2a: Malamar|def|1
|faint|p1a: Iron Treads
|-end|p1a: Iron Treads|Quark Drive|[silent]
|
|upkeep
|
|t:|1760721715
|switch|p1a: Clefable|Clefable, M|100/100
|turn|9
|
|t:|1760721727
|switch|p2a: Ribombee|Ribombee, M|14/100
|move|p1a: Clefable|Stealth Rock|p2a: Ribombee
|-sidestart|p2: vghhjg|move: Stealth Rock
|
|upkeep
|turn|10
|
|t:|1760721731
|move|p2a: Ribombee|Stun Spore|p1a: Clefable|[miss]
|-miss|p2a: Ribombee|p1a: Clefable
|move|p1a: Clefable|Moonblast|p2a: Ribombee
|-damage|p2a: Ribombee|0 fnt
|faint|p2a: Ribombee
|
|upkeep
|
|t:|1760721734
|switch|p2a: Iron Treads|Iron Treads|100/100
|-damage|p2a: Iron Treads|97/100|[from] Stealth Rock
|turn|11
|
|t:|1760721738
|move|p2a: Iron Treads|Knock Off|p1a: Clefable
|-resisted|p1a: Clefable
|-damage|p1a: Clefable|84/100
|-enditem|p1a: Clefable|Heavy-Duty Boots|[from] move: Knock Off|[of] p2a: Iron Treads
|move|p1a: Clefable|Encore|p2a: Iron Treads
|-start|p2a: Iron Treads|Encore
|
|upkeep
|turn|12
|
|t:|1760721745
|move|p2a: Iron Treads|Knock Off|p1a: Clefable
|-resisted|p1a: Clefable
|-damage|p1a: Clefable|72/100
|move|p1a: Clefable|Knock Off|p2a: Iron Treads
|-damage|p2a: Iron Treads|82/100
|-enditem|p2a: Iron Treads|Focus Sash|[from] move: Knock Off|[of] p1a: Clefable
|
|upkeep
|turn|13
|
|t:|1760721759
|switch|p1a: Slowbro|Slowbro, F|100/100
|-activate|p1a: Slowbro|move: Sticky Web
|-unboost|p1a: Slowbro|spe|1
|move|p2a: Iron Treads|Knock Off|p1a: Slowbro
|-supereffective|p1a: Slowbro
|-damage|p1a: Slowbro|65/100
|-enditem|p1a: Slowbro|Leftovers|[from] move: Knock Off|[of] p2a: Iron Treads
|
|upkeep
|turn|14
|
|t:|1760721763
|move|p2a: Iron Treads|Knock Off|p1a: Slowbro
|-supereffective|p1a: Slowbro
|-damage|p1a: Slowbro|43/100
|move|p1a: Slowbro|Slack Off|p1a: Slowbro
|-heal|p1a: Slowbro|93/100
|
|-end|p2a: Iron Treads|Encore
|upkeep
|turn|15
|
|t:|1760721767
|move|p2a: Iron Treads|Stealth Rock|p1a: Slowbro
|-sidestart|p1: papagoi19|move: Stealth Rock
|move|p1a: Slowbro|Calm Mind|p1a: Slowbro
|-boost|p1a: Slowbro|spa|1
|-boost|p1a: Slowbro|spd|1
|
|upkeep
|turn|16
|
|t:|1760721777
|-end|p2a: Iron Treads|Quark Drive|[silent]
|switch|p2a: Comfey|Comfey, M|100/100
|-damage|p2a: Comfey|88/100|[from] Stealth Rock
|move|p1a: Slowbro|Scald|p2a: Comfey
|-damage|p2a: Comfey|42/100
|-status|p2a: Comfey|brn
|
|-damage|p2a: Comfey|36/100 brn|[from] brn
|upkeep
|turn|17
|
|t:|1760721781
|move|p2a: Comfey|Taunt|p1a: Slowbro
|-start|p1a: Slowbro|move: Taunt
|move|p1a: Slowbro|Psychic Noise|p2a: Comfey
|-damage|p2a: Comfey|0 fnt
|faint|p2a: Comfey
|
|upkeep
|
|t:|1760721796
|switch|p2a: Iron Treads|Iron Treads|82/100
|-damage|p2a: Iron Treads|79/100|[from] Stealth Rock
|turn|18
|
|t:|1760721798
|move|p2a: Iron Treads|Rapid Spin|p1a: Slowbro
|-damage|p1a: Slowbro|83/100
|-boost|p2a: Iron Treads|spe|1
|-sideend|p2: vghhjg|Stealth Rock|[from] move: Rapid Spin|[of] p2a: Iron Treads
|move|p1a: Slowbro|Scald|p2a: Iron Treads
|-supereffective|p2a: Iron Treads
|-crit|p2a: Iron Treads
|-damage|p2a: Iron Treads|0 fnt
|faint|p2a: Iron Treads
|-end|p2a: Iron Treads|Quark Drive|[silent]
|
|upkeep
|
|t:|1760721809
|switch|p2a: Dragonite|Dragonite, M|100/100
|turn|19
|
|t:|1760721812
|move|p2a: Dragonite|Dragon Dance|p2a: Dragonite
|-boost|p2a: Dragonite|atk|1
|-boost|p2a: Dragonite|spe|1
|move|p1a: Slowbro|Scald|p2a: Dragonite
|-resisted|p2a: Dragonite
|-damage|p2a: Dragonite|91/100
|-status|p2a: Dragonite|brn
|
|-heal|p2a: Dragonite|98/100 brn|[from] item: Leftovers
|-damage|p2a: Dragonite|91/100 brn|[from] brn
|-end|p1a: Slowbro|move: Taunt
|upkeep
|turn|20
|
|t:|1760721820
|move|p2a: Dragonite|Dragon Dance|p2a: Dragonite
|-boost|p2a: Dragonite|atk|1
|-boost|p2a: Dragonite|spe|1
|move|p1a: Slowbro|Psychic Noise|p2a: Dragonite
|-damage|p2a: Dragonite|53/100 brn
|-start|p2a: Dragonite|move: Heal Block
|
|-damage|p2a: Dragonite|47/100 brn|[from] brn
|upkeep
|turn|21
|
|t:|1760721828
|move|p2a: Dragonite|Dragon Dance|p2a: Dragonite
|-boost|p2a: Dragonite|atk|1
|-boost|p2a: Dragonite|spe|1
|move|p1a: Slowbro|Calm Mind|p1a: Slowbro
|-boost|p1a: Slowbro|spa|1
|-boost|p1a: Slowbro|spd|1
|
|-damage|p2a: Dragonite|40/100 brn|[from] brn
|-end|p2a: Dragonite|move: Heal Block
|upkeep
|turn|22
|
|t:|1760721840
|move|p2a: Dragonite|Earthquake|p1a: Slowbro
|-damage|p1a: Slowbro|55/100
|move|p1a: Slowbro|Psychic Noise|p2a: Dragonite
|-damage|p2a: Dragonite|0 fnt
|faint|p2a: Dragonite
|
|upkeep
|
|t:|1760721843
|switch|p2a: Malamar|Malamar, M|100/100
|turn|23
|
|t:|1760721851
|move|p2a: Malamar|Superpower|p1a: Slowbro
|-resisted|p1a: Slowbro
|-damage|p1a: Slowbro|44/100
|-boost|p2a: Malamar|atk|1
|-boost|p2a: Malamar|def|1
|move|p1a: Slowbro|Scald|p2a: Malamar
|-damage|p2a: Malamar|49/100
|
|upkeep
|turn|24
|
|t:|1760721872
|move|p2a: Malamar|Rock Slide|p1a: Slowbro
|-damage|p1a: Slowbro|23/100
|cant|p1a: Slowbro|flinch
|
|upkeep
|turn|25
|
|t:|1760721887
|move|p2a: Malamar|Knock Off|p1a: Slowbro
|-supereffective|p1a: Slowbro
|-damage|p1a: Slowbro|0 fnt
|faint|p1a: Slowbro
|
|upkeep
|
|t:|1760721890
|switch|p1a: Clefable|Clefable, M|72/100
|-activate|p1a: Clefable|move: Sticky Web
|-unboost|p1a: Clefable|spe|1
|-damage|p1a: Clefable|60/100|[from] Stealth Rock
|turn|26
|
|t:|1760721918
|-terastallize|p2a: Malamar|Fairy
|move|p2a: Malamar|Tera Blast|p1a: Clefable|[anim] Tera Blast Fairy
|-damage|p1a: Clefable|15/100
|move|p1a: Clefable|Moonblast|p2a: Malamar
|-damage|p2a: Malamar|22/100
|
|upkeep
|turn|27
|
|t:|1760721944
|move|p2a: Malamar|Superpower|p1a: Clefable
|-resisted|p1a: Clefable
|-damage|p1a: Clefable|0 fnt
|-boost|p2a: Malamar|atk|1
|-boost|p2a: Malamar|def|1
|faint|p1a: Clefable
|
|upkeep
|
|t:|1760721946
|switch|p1a: Dragapult|Dragapult, M|100/100
|-activate|p1a: Dragapult|move: Sticky Web
|-unboost|p1a: Dragapult|spe|1
|-damage|p1a: Dragapult|88/100|[from] Stealth Rock
|turn|28
|
|t:|1760721952
|move|p1a: Dragapult|Shadow Ball|p2a: Malamar
|-damage|p2a: Malamar|0 fnt
|faint|p2a: Malamar
|-damage|p1a: Dragapult|78/100|[from] item: Life Orb
|
|win|papagoi19
|raw|papagoi19's rating: 1688 &rarr; <strong>1707</strong><br />(+19 for winning)
|raw|vghhjg's rating: 1666 &rarr; <strong>1647</strong><br />(-19 for losing)
|l|☆papagoi19
|player|p1|
|l|☆vghhjg
|player|p2|
