|j|☆isaac_gam3r
|j|☆skiing in sudan
|t:|1760731287
|gametype|singles
|player|p1|isaac_gam3r|acetrainer-gen4dp|1675
|player|p2|skiing in sudan|iris-gen5bw2|1591
|gen|9
|tier|[Gen 9] OU
|rated|
|rule|HP Percentage Mod: HP is shown in percentages
|rule|Endless Battle Clause: Forcing endless battles is banned
|rule|Species Clause: Limit one of each Pokémon
|rule|OHKO Clause: OHKO moves are banned
|rule|Evasion Items Clause: Evasion items are banned
|rule|Evasion Moves Clause: Evasion moves are banned
|rule|Evasion Abilities Clause: Evasion abilities are banned
|rule|Sleep Moves Clause: Sleep-inducing moves are banned
|clearpoke
|poke|p1|Garchomp, M|
|poke|p1|Raging Bolt|
|poke|p1|Primarina, M|
|poke|p1|Heatran, M|
|poke|p1|Weezing-Galar, M|
|poke|p1|Weavile, F|
|poke|p2|Torkoal, F|
|poke|p2|Walking Wake|
|poke|p2|Great Tusk|
|poke|p2|Iron Moth|
|poke|p2|Slither Wing|
|poke|p2|Hatterene, F|
|teampreview
|inactive|Battle timer is ON: inactive players will automatically lose when time's up. (requested by isaac_gam3r)
|c|☆skiing in sudan|hf
|
|t:|1760731308
|teamsize|p1|6
|teamsize|p2|6
|start
|switch|p1a: Heatran|Heatran, M|100/100
|switch|p2a: Walking Wake|Walking Wake|100/100
|turn|1
|
|t:|1760731314
|switch|p1a: Primarina|Primarina, M|100/100
|move|p2a: Walking Wake|Hydro Steam|p1a: Primarina
|-resisted|p1a: Primarina
|-damage|p1a: Primarina|81/100
|
|-heal|p1a: Primarina|87/100|[from] item: Leftovers
|upkeep
|turn|2
|
|t:|1760731321
|move|p2a: Walking Wake|Flip Turn|p1a: Primarina
|-resisted|p1a: Primarina
|-damage|p1a: Primarina|78/100
|
|t:|1760731325
|-end|p2a: Walking Wake|Protosynthesis|[silent]
|switch|p2a: Torkoal|Torkoal, F|100/100|[from] Flip Turn
|-weather|SunnyDay|[from] ability: Drought|[of] p2a: Torkoal
|move|p1a: Primarina|Draining Kiss|p2a: Torkoal
|-resisted|p2a: Torkoal
|-damage|p2a: Torkoal|89/100
|-heal|p1a: Primarina|86/100|[from] drain|[of] p2a: Torkoal
|
|-weather|SunnyDay|[upkeep]
|-heal|p1a: Primarina|92/100|[from] item: Leftovers
|upkeep
|turn|3
|
|t:|1760731333
|switch|p2a: Hatterene|Hatterene, F|100/100
|move|p1a: Primarina|Hyper Voice|p2a: Hatterene
|-damage|p2a: Hatterene|76/100
|-enditem|p2a: Hatterene|Eject Button
|
|t:|1760731343
|switch|p2a: Iron Moth|Iron Moth|100/100
|
|-weather|SunnyDay|[upkeep]
|-heal|p1a: Primarina|98/100|[from] item: Leftovers
|upkeep
|turn|4
|
|t:|1760731349
|switch|p1a: Heatran|Heatran, M|100/100
|move|p2a: Iron Moth|Solar Beam||[still]
|-prepare|p2a: Iron Moth|Solar Beam
|-anim|p2a: Iron Moth|Solar Beam|p1a: Heatran
|-resisted|p1a: Heatran
|-damage|p1a: Heatran|95/100
|
|-weather|SunnyDay|[upkeep]
|upkeep
|turn|5
|
|t:|1760731356
|-end|p2a: Iron Moth|Quark Drive|[silent]
|switch|p2a: Great Tusk|Great Tusk|100/100
|-activate|p2a: Great Tusk|ability: Protosynthesis
|-start|p2a: Great Tusk|protosynthesisatk
|move|p1a: Heatran|Earth Power|p2a: Great Tusk
|-damage|p2a: Great Tusk|70/100
|
|-weather|SunnyDay|[upkeep]
|upkeep
|turn|6
|
|t:|1760731363
|switch|p1a: Weezing|Weezing-Galar, M, shiny|100/100
|move|p2a: Great Tusk|Headlong Rush|p1a: Weezing
|-immune|p1a: Weezing|[from] ability: Levitate
|
|-weather|SunnyDay|[upkeep]
|upkeep
|turn|7
|
|t:|1760731388
|-terastallize|p2a: Great Tusk|Fire
|move|p2a: Great Tusk|Temper Flare|p1a: Weezing
|-damage|p1a: Weezing|0 fnt
|faint|p1a: Weezing
|
|-weather|SunnyDay|[upkeep]
|upkeep
|
|t:|1760731402
|switch|p1a: Garchomp|Garchomp, M|100/100
|turn|8
|
|t:|1760731406
|-end|p2a: Great Tusk|Protosynthesis|[silent]
|switch|p2a: Hatterene|Hatterene, F|76/100
|move|p1a: Garchomp|Earthquake|p2a: Hatterene
|-damage|p2a: Hatterene|29/100
|
|-weather|SunnyDay|[upkeep]
|upkeep
|turn|9
|
|t:|1760731416
|move|p1a: Garchomp|Earthquake|p2a: Hatterene
|-damage|p2a: Hatterene|0 fnt
|faint|p2a: Hatterene
|
|-weather|none
|upkeep
|
|t:|1760731418
|switch|p2a: Torkoal|Torkoal, F|89/100
|-weather|SunnyDay|[from] ability: Drought|[of] p2a: Torkoal
|turn|10
|
|t:|1760731420
|switch|p1a: Heatran|Heatran, M|95/100
|switch|p2a: Slither Wing|Slither Wing|100/100
|-activate|p2a: Slither Wing|ability: Protosynthesis
|-start|p2a: Slither Wing|protosynthesisatk
|
|-weather|SunnyDay|[upkeep]
|upkeep
|turn|11
|
|t:|1760731428
|-end|p2a: Slither Wing|Protosynthesis|[silent]
|switch|p2a: Walking Wake|Walking Wake|100/100
|-activate|p2a: Walking Wake|ability: Protosynthesis
|-start|p2a: Walking Wake|protosynthesisspe
|switch|p1a: Primarina|Primarina, M|98/100
|
|-weather|SunnyDay|[upkeep]
|-heal|p1a: Primarina|100/100|[from] item: Leftovers
|upkeep
|turn|12
|
|t:|1760731432
|move|p2a: Walking Wake|Flip Turn|p1a: Primarina
|-resisted|p1a: Primarina
|-damage|p1a: Primarina|96/100
|
|t:|1760731437
|-end|p2a: Walking Wake|Protosynthesis|[silent]
|switch|p2a: Great Tusk|Great Tusk, tera:Fire|70/100|[from] Flip Turn
|-activate|p2a: Great Tusk|ability: Protosynthesis
|-start|p2a: Great Tusk|protosynthesisatk
|move|p1a: Primarina|Calm Mind|p1a: Primarina
|-boost|p1a: Primarina|spa|1
|-boost|p1a: Primarina|spd|1
|
|-weather|SunnyDay|[upkeep]
|-heal|p1a: Primarina|100/100|[from] item: Leftovers
|upkeep
|turn|13
|
|t:|1760731439
|move|p2a: Great Tusk|Headlong Rush|p1a: Primarina
|-damage|p1a: Primarina|0 fnt
|-unboost|p2a: Great Tusk|def|1
|-unboost|p2a: Great Tusk|spd|1
|faint|p1a: Primarina
|
|-weather|SunnyDay|[upkeep]
|upkeep
|
|t:|1760731441
|switch|p1a: Garchomp|Garchomp, M|100/100
|turn|14
|
|t:|1760731444
|move|p1a: Garchomp|Earthquake|p2a: Great Tusk
|-supereffective|p2a: Great Tusk
|-damage|p2a: Great Tusk|0 fnt
|faint|p2a: Great Tusk
|-end|p2a: Great Tusk|Protosynthesis|[silent]
|
|-weather|SunnyDay|[upkeep]
|upkeep
|
|t:|1760731447
|switch|p2a: Walking Wake|Walking Wake|100/100
|-activate|p2a: Walking Wake|ability: Protosynthesis
|-start|p2a: Walking Wake|protosynthesisspe
|turn|15
|
|t:|1760731457
|switch|p1a: Raging Bolt|Raging Bolt|100/100
|-activate|p1a: Raging Bolt|ability: Protosynthesis
|-start|p1a: Raging Bolt|protosynthesisspa
|move|p2a: Walking Wake|Draco Meteor|p1a: Raging Bolt
|-supereffective|p1a: Raging Bolt
|-damage|p1a: Raging Bolt|0 fnt
|-unboost|p2a: Walking Wake|spa|2
|faint|p1a: Raging Bolt
|-end|p1a: Raging Bolt|Protosynthesis|[silent]
|
|-weather|SunnyDay|[upkeep]
|upkeep
|
|t:|1760731462
|switch|p1a: Garchomp|Garchomp, M|100/100
|turn|16
|
|t:|1760731470
|-end|p2a: Walking Wake|Protosynthesis|[silent]
|switch|p2a: Slither Wing|Slither Wing|100/100
|-activate|p2a: Slither Wing|ability: Protosynthesis
|-start|p2a: Slither Wing|protosynthesisatk
|-terastallize|p1a: Garchomp|Dragon
|move|p1a: Garchomp|Outrage|p2a: Slither Wing
|-crit|p2a: Slither Wing
|-damage|p2a: Slither Wing|0 fnt
|-damage|p1a: Garchomp|84/100|[from] item: Rocky Helmet|[of] p2a: Slither Wing
|faint|p2a: Slither Wing
|-end|p2a: Slither Wing|Protosynthesis|[silent]
|
|-weather|SunnyDay|[upkeep]
|upkeep
|
|t:|1760731476
|switch|p2a: Walking Wake|Walking Wake|100/100
|-activate|p2a: Walking Wake|ability: Protosynthesis
|-start|p2a: Walking Wake|protosynthesisspe
|turn|17
|
|t:|1760731478
|move|p2a: Walking Wake|Draco Meteor|p1a: Garchomp
|-supereffective|p1a: Garchomp
|-crit|p1a: Garchomp
|-damage|p1a: Garchomp|0 fnt
|-unboost|p2a: Walking Wake|spa|2
|faint|p1a: Garchomp
|
|-weather|none
|-end|p2a: Walking Wake|Protosynthesis
|upkeep
|
|t:|1760731482
|switch|p1a: Weavile|Weavile, F|100/100
|-ability|p1a: Weavile|Pressure
|turn|18
|
|t:|1760731486
|-end|p2a: Walking Wake|Protosynthesis|[silent]
|switch|p2a: Torkoal|Torkoal, F|89/100
|-weather|SunnyDay|[from] ability: Drought|[of] p2a: Torkoal
|move|p1a: Weavile|Knock Off|p2a: Torkoal
|-damage|p2a: Torkoal|56/100
|-enditem|p2a: Torkoal|Heat Rock|[from] move: Knock Off|[of] p1a: Weavile
|
|-weather|SunnyDay|[upkeep]
|upkeep
|turn|19
|
|t:|1760731493
|switch|p1a: Heatran|Heatran, M|95/100
|move|p2a: Torkoal|Stealth Rock|p1a: Heatran
|-sidestart|p1: isaac_gam3r|move: Stealth Rock
|
|-weather|SunnyDay|[upkeep]
|upkeep
|turn|20
|-message|isaac_gam3r forfeited.
|
|win|skiing in sudan
|raw|isaac_gam3r's rating: 1675 &rarr; <strong>1650</strong><br />(-25 for losing)
|raw|skiing in sudan's rating: 1591 &rarr; <strong>1616</strong><br />(+25 for winning)
|l|☆isaac_gam3r
|player|p1|
|l|☆skiing in sudan
|player|p2|
