|j|☆vryfast
|j|☆Xaystrax
|t:|1760781107
|gametype|singles
|player|p1|vryfast|169|1141
|player|p2|Xaystrax|102|1166
|gen|9
|tier|[Gen 9] OU
|rated|
|rule|HP Percentage Mod: HP is shown in percentages
|rule|Endless Battle Clause: Forcing endless battles is banned
|rule|Species Clause: Limit one of each Pokémon
|rule|OHKO Clause: OHKO moves are banned
|rule|Evasion Items Clause: Evasion items are banned
|rule|Evasion Moves Clause: Evasion moves are banned
|rule|Evasion Abilities Clause: Evasion abilities are banned
|rule|Sleep Moves Clause: Sleep-inducing moves are banned
|clearpoke
|poke|p1|Zamazenta-*|
|poke|p1|Glastrier|
|poke|p1|Slowking, M|
|poke|p1|Blastoise, F|
|poke|p1|Walking Wake|
|poke|p1|Copperajah, M|
|poke|p2|Blissey, F|
|poke|p2|Toxapex, F|
|poke|p2|Gliscor, F|
|poke|p2|Enamorus, F|
|poke|p2|Scizor, M|
|poke|p2|Goodra-Hisui, F|
|teampreview
|inactive|Battle timer is ON: inactive players will automatically lose when time's up. (requested by Xaystrax)
|
|t:|1760781117
|teamsize|p1|6
|teamsize|p2|6
|start
|switch|p1a: Zamazenta|Zamazenta|100/100
|switch|p2a: Blissey|Blissey, F|100/100
|-ability|p1a: Zamazenta|Dauntless Shield|boost
|-boost|p1a: Zamazenta|def|1
|turn|1
|
|t:|1760781127
|switch|p2a: Gliscor|Gliscor, F|100/100
|move|p1a: Zamazenta|Iron Defense|p1a: Zamazenta
|-boost|p1a: Zamazenta|def|2
|
|-status|p2a: Gliscor|tox|[from] item: Toxic Orb
|upkeep
|turn|2
|
|t:|1760781134
|move|p1a: Zamazenta|Iron Defense|p1a: Zamazenta
|-boost|p1a: Zamazenta|def|2
|move|p2a: Gliscor|Toxic|p1a: Zamazenta
|-status|p1a: Zamazenta|tox
|
|-damage|p1a: Zamazenta|94/100 tox|[from] psn
|upkeep
|turn|3
|
|t:|1760781140
|move|p1a: Zamazenta|Iron Defense|p1a: Zamazenta
|-boost|p1a: Zamazenta|def|1
|move|p2a: Gliscor|Spikes|p1a: Zamazenta
|-sidestart|p1: vryfast|Spikes
|
|-heal|p1a: Zamazenta|100/100 tox|[from] item: Leftovers
|-damage|p1a: Zamazenta|88/100 tox|[from] psn
|upkeep
|turn|4
|
|t:|1760781147
|move|p1a: Zamazenta|Body Press|p2a: Gliscor
|-resisted|p2a: Gliscor
|-damage|p2a: Gliscor|63/100 tox
|move|p2a: Gliscor|Spikes|p1a: Zamazenta
|-sidestart|p1: vryfast|Spikes
|
|-heal|p1a: Zamazenta|94/100 tox|[from] item: Leftovers
|-damage|p1a: Zamazenta|76/100 tox|[from] psn
|-heal|p2a: Gliscor|75/100 tox|[from] ability: Poison Heal
|upkeep
|turn|5
|
|t:|1760781155
|move|p1a: Zamazenta|Body Press|p2a: Gliscor
|-resisted|p2a: Gliscor
|-damage|p2a: Gliscor|35/100 tox
|move|p2a: Gliscor|Spikes|p1a: Zamazenta
|-sidestart|p1: vryfast|Spikes
|
|-heal|p1a: Zamazenta|82/100 tox|[from] item: Leftovers
|-damage|p1a: Zamazenta|57/100 tox|[from] psn
|-heal|p2a: Gliscor|48/100 tox|[from] ability: Poison Heal
|upkeep
|turn|6
|
|t:|1760781164
|move|p2a: Gliscor|Protect|p2a: Gliscor
|-singleturn|p2a: Gliscor|Protect
|move|p1a: Zamazenta|Body Press|p2a: Gliscor
|-activate|p2a: Gliscor|move: Protect
|
|-heal|p1a: Zamazenta|63/100 tox|[from] item: Leftovers
|-damage|p1a: Zamazenta|32/100 tox|[from] psn
|-heal|p2a: Gliscor|60/100 tox|[from] ability: Poison Heal
|upkeep
|turn|7
|
|t:|1760781175
|move|p1a: Zamazenta|Body Press|p2a: Gliscor
|-resisted|p2a: Gliscor
|-damage|p2a: Gliscor|22/100 tox
|move|p2a: Gliscor|Earthquake|p1a: Zamazenta
|-damage|p1a: Zamazenta|25/100 tox
|
|-heal|p1a: Zamazenta|31/100 tox|[from] item: Leftovers
|-damage|p1a: Zamazenta|0 fnt|[from] psn
|faint|p1a: Zamazenta
|-heal|p2a: Gliscor|34/100 tox|[from] ability: Poison Heal
|upkeep
|
|t:|1760781183
|switch|p1a: Blastoise|Blastoise, F|100/100
|-damage|p1a: Blastoise|76/100|[from] Spikes
|turn|8
|
|t:|1760781191
|switch|p2a: Blissey|Blissey, F|100/100
|move|p1a: Blastoise|Rapid Spin|p2a: Blissey
|-damage|p2a: Blissey|90/100
|-boost|p1a: Blastoise|spe|1
|-sideend|p1: vryfast|Spikes|[from] move: Rapid Spin|[of] p1a: Blastoise
|
|upkeep
|turn|9
|
|t:|1760781199
|move|p1a: Blastoise|Flip Turn|p2a: Blissey
|-damage|p2a: Blissey|71/100
|
|t:|1760781204
|switch|p1a: Slowking|Slowking, M|100/100|[from] Flip Turn
|move|p2a: Blissey|Thunder Wave|p1a: Slowking
|-status|p1a: Slowking|par
|
|upkeep
|turn|10
|
|t:|1760781211
|move|p2a: Blissey|Stealth Rock|p1a: Slowking
|-sidestart|p1: vryfast|move: Stealth Rock
|cant|p1a: Slowking|par
|
|upkeep
|turn|11
|
|t:|1760781216
|move|p2a: Blissey|Seismic Toss|p1a: Slowking
|-damage|p1a: Slowking|75/100 par
|move|p1a: Slowking|Trick Room|p1a: Slowking
|-fieldstart|move: Trick Room|[of] p1a: Slowking
|
|upkeep
|turn|12
|
|t:|1760781221
|-prepare|p1a: Slowking|Chilly Reception|[premajor]
|move|p1a: Slowking|Chilly Reception|p1a: Slowking
|-weather|Snowscape
|
|t:|1760781238
|switch|p1a: Glastrier|Glastrier|100/100|[from] Chilly Reception
|-damage|p1a: Glastrier|76/100|[from] Stealth Rock
|move|p2a: Blissey|Seismic Toss|p1a: Glastrier
|-damage|p1a: Glastrier|46/100
|
|-weather|Snowscape|[upkeep]
|upkeep
|turn|13
|
|t:|1760781251
|switch|p2a: Toxapex|Toxapex, F|100/100
|move|p1a: Glastrier|Body Press|p2a: Toxapex
|-resisted|p2a: Toxapex
|-damage|p2a: Toxapex|94/100
|
|-weather|Snowscape|[upkeep]
|-heal|p2a: Toxapex|99/100|[from] item: Leftovers
|upkeep
|turn|14
|
|t:|1760781261
|move|p1a: Glastrier|Stomping Tantrum|p2a: Toxapex
|-supereffective|p2a: Toxapex
|-damage|p2a: Toxapex|65/100
|move|p2a: Toxapex|Surf|p1a: Glastrier
|-damage|p1a: Glastrier|39/100
|
|-weather|Snowscape|[upkeep]
|-heal|p2a: Toxapex|71/100|[from] item: Leftovers
|upkeep
|turn|15
|
|t:|1760781269
|move|p1a: Glastrier|Stomping Tantrum|p2a: Toxapex
|-supereffective|p2a: Toxapex
|-damage|p2a: Toxapex|33/100
|move|p2a: Toxapex|Toxic|p1a: Glastrier
|-status|p1a: Glastrier|tox
|
|-weather|Snowscape|[upkeep]
|-heal|p2a: Toxapex|40/100|[from] item: Leftovers
|-damage|p1a: Glastrier|32/100 tox|[from] psn
|-fieldend|move: Trick Room
|upkeep
|turn|16
|
|t:|1760781279
|move|p2a: Toxapex|Recover|p2a: Toxapex
|-heal|p2a: Toxapex|90/100
|move|p1a: Glastrier|Stomping Tantrum|p2a: Toxapex
|-supereffective|p2a: Toxapex
|-damage|p2a: Toxapex|52/100
|
|-weather|Snowscape|[upkeep]
|-heal|p2a: Toxapex|58/100|[from] item: Leftovers
|-damage|p1a: Glastrier|20/100 tox|[from] psn
|upkeep
|turn|17
|
|t:|1760781288
|move|p2a: Toxapex|Recover|p2a: Toxapex
|-heal|p2a: Toxapex|100/100
|move|p1a: Glastrier|Stomping Tantrum|p2a: Toxapex
|-supereffective|p2a: Toxapex
|-damage|p2a: Toxapex|62/100
|
|-weather|Snowscape|[upkeep]
|-heal|p2a: Toxapex|69/100|[from] item: Leftovers
|-damage|p1a: Glastrier|2/100 tox|[from] psn
|upkeep
|turn|18
|
|t:|1760781296
|move|p2a: Toxapex|Recover|p2a: Toxapex
|-heal|p2a: Toxapex|100/100
|move|p1a: Glastrier|Stomping Tantrum|p2a: Toxapex
|-supereffective|p2a: Toxapex
|-damage|p2a: Toxapex|65/100
|
|-weather|Snowscape|[upkeep]
|-heal|p2a: Toxapex|71/100|[from] item: Leftovers
|-damage|p1a: Glastrier|0 fnt|[from] psn
|faint|p1a: Glastrier
|upkeep
|
|t:|1760781312
|switch|p1a: Slowking|Slowking, M|100/100 par
|-damage|p1a: Slowking|88/100 par|[from] Stealth Rock
|turn|19
|
|t:|1760781320
|switch|p2a: Scizor|Scizor, M|100/100
|move|p1a: Slowking|Psychic|p2a: Scizor
|-resisted|p2a: Scizor
|-damage|p2a: Scizor|80/100
|
|-weather|none
|upkeep
|turn|20
|
|t:|1760781333
|move|p2a: Scizor|Knock Off|p1a: Slowking
|-supereffective|p1a: Slowking
|-damage|p1a: Slowking|20/100 par
|-enditem|p1a: Slowking|Icy Rock|[from] move: Knock Off|[of] p2a: Scizor
|-damage|p2a: Scizor|70/100|[from] item: Life Orb
|move|p1a: Slowking|Flamethrower|p2a: Scizor
|-supereffective|p2a: Scizor
|-damage|p2a: Scizor|0 fnt
|faint|p2a: Scizor
|
|upkeep
|
|t:|1760781343
|switch|p2a: Enamorus|Enamorus, F|100/100
|turn|21
|
|t:|1760781352
|move|p2a: Enamorus|Moonblast|p1a: Slowking
|-damage|p1a: Slowking|0 fnt
|faint|p1a: Slowking
|
|upkeep
|
|t:|1760781358
|switch|p1a: Copperajah|Copperajah, M|100/100
|-damage|p1a: Copperajah|94/100|[from] Stealth Rock
|turn|22
|
|t:|1760781363
|switch|p2a: Gliscor|Gliscor, F|34/100 tox
|move|p1a: Copperajah|Iron Head|p2a: Gliscor
|-damage|p2a: Gliscor|0 fnt
|faint|p2a: Gliscor
|
|upkeep
|
|t:|1760781371
|switch|p2a: Enamorus|Enamorus, F|100/100
|turn|23
|
|t:|1760781380
|move|p2a: Enamorus|Mystical Fire|p1a: Copperajah
|-supereffective|p1a: Copperajah
|-damage|p1a: Copperajah|7/100
|-unboost|p1a: Copperajah|spa|1
|move|p1a: Copperajah|Iron Head|p2a: Enamorus
|-supereffective|p2a: Enamorus
|-damage|p2a: Enamorus|0 fnt
|faint|p2a: Enamorus
|
|upkeep
|
|t:|1760781393
|switch|p2a: Toxapex|Toxapex, F|100/100
|turn|24
|
|t:|1760781396
|move|p2a: Toxapex|Surf|p1a: Copperajah
|-damage|p1a: Copperajah|0 fnt
|faint|p1a: Copperajah
|
|upkeep
|
|t:|1760781400
|switch|p1a: Blastoise|Blastoise, F|76/100
|-damage|p1a: Blastoise|63/100|[from] Stealth Rock
|turn|25
|
|t:|1760781404
|move|p1a: Blastoise|Rapid Spin|p2a: Toxapex
|-damage|p2a: Toxapex|94/100
|-boost|p1a: Blastoise|spe|1
|-sideend|p1: vryfast|Stealth Rock|[from] move: Rapid Spin|[of] p1a: Blastoise
|move|p2a: Toxapex|Toxic|p1a: Blastoise
|-status|p1a: Blastoise|tox
|
|-heal|p2a: Toxapex|100/100|[from] item: Leftovers
|-damage|p1a: Blastoise|57/100 tox|[from] psn
|upkeep
|turn|26
|
|t:|1760781413
|switch|p2a: Goodra|Goodra-Hisui, F|100/100
|move|p1a: Blastoise|Rain Dance|p1a: Blastoise
|-weather|RainDance
|
|-weather|RainDance|[upkeep]
|-heal|p1a: Blastoise|63/100 tox|[from] ability: Rain Dish
|-damage|p1a: Blastoise|51/100 tox|[from] psn
|upkeep
|turn|27
|
|t:|1760781430
|move|p1a: Blastoise|Flip Turn|p2a: Goodra
|-resisted|p2a: Goodra
|-damage|p2a: Goodra|86/100
|
|t:|1760781434
|switch|p1a: Walking Wake|Walking Wake|100/100|[from] Flip Turn
|-enditem|p1a: Walking Wake|Booster Energy
|-activate|p1a: Walking Wake|ability: Protosynthesis|[fromitem]
|-start|p1a: Walking Wake|protosynthesisspe
|move|p2a: Goodra|Draco Meteor|p1a: Walking Wake
|-supereffective|p1a: Walking Wake
|-damage|p1a: Walking Wake|0 fnt
|-unboost|p2a: Goodra|spa|2
|faint|p1a: Walking Wake
|-end|p1a: Walking Wake|Protosynthesis|[silent]
|
|-weather|RainDance|[upkeep]
|upkeep
|-message|vryfast forfeited.
|
|win|Xaystrax
|raw|vryfast's rating: 1141 &rarr; <strong>1118</strong><br />(-23 for losing)
|raw|Xaystrax's rating: 1166 &rarr; <strong>1189</strong><br />(+23 for winning)
|l|☆vryfast
|player|p1|
|l|☆Xaystrax
|player|p2|
