|j|☆unreadables
|j|☆RomanticM
|t:|1760768812
|gametype|singles
|player|p1|unreadables|1|1110
|player|p2|RomanticM|169|1108
|gen|9
|tier|[Gen 9] OU
|rated|
|rule|HP Percentage Mod: HP is shown in percentages
|rule|Endless Battle Clause: Forcing endless battles is banned
|rule|Species Clause: Limit one of each Pokémon
|rule|OHKO Clause: OHKO moves are banned
|rule|Evasion Items Clause: Evasion items are banned
|rule|Evasion Moves Clause: Evasion moves are banned
|rule|Evasion Abilities Clause: Evasion abilities are banned
|rule|Sleep Moves Clause: Sleep-inducing moves are banned
|clearpoke
|poke|p1|Toxapex, F|
|poke|p1|Weezing-Galar, F|
|poke|p1|Hatterene, F|
|poke|p1|Ursaluna, M|
|poke|p1|Dondozo, F|
|poke|p1|Garganacl, F|
|poke|p2|Dusknoir, M|
|poke|p2|Gardevoir, F|
|poke|p2|Empoleon, M|
|poke|p2|Garchomp, M|
|poke|p2|Charizard, F|
|poke|p2|Abomasnow, F|
|teampreview
|
|t:|1760768817
|teamsize|p1|6
|teamsize|p2|6
|start
|switch|p1a: Hatterene|Hatterene, F|100/100
|switch|p2a: Dusknoir|Dusknoir, M|100/100
|-ability|p2a: Dusknoir|Pressure
|turn|1
|
|t:|1760768830
|move|p2a: Dusknoir|Poltergeist|p1a: Hatterene
|-activate|p1a: Hatterene|move: Poltergeist|Focus Sash
|-supereffective|p1a: Hatterene
|-damage|p1a: Hatterene|15/100
|move|p1a: Hatterene|Trick Room|p1a: Hatterene
|-fieldstart|move: Trick Room|[of] p1a: Hatterene
|
|upkeep
|turn|2
|
|t:|1760768840
|move|p1a: Hatterene|Reflect|p1a: Hatterene
|-sidestart|p1: unreadables|Reflect
|move|p2a: Dusknoir|Earthquake|p1a: Hatterene
|-damage|p1a: Hatterene|2/100
|
|upkeep
|turn|3
|
|t:|1760768849
|move|p1a: Hatterene|Draining Kiss|p2a: Dusknoir
|-damage|p2a: Dusknoir|82/100
|-heal|p1a: Hatterene|15/100|[from] drain|[of] p2a: Dusknoir
|move|p2a: Dusknoir|Earthquake|p1a: Hatterene
|-damage|p1a: Hatterene|3/100
|
|-heal|p2a: Dusknoir|88/100|[from] item: Leftovers
|upkeep
|turn|4
|
|t:|1760768863
|switch|p1a: Toxapex|Toxapex, F|100/100
|move|p2a: Dusknoir|Poltergeist|p1a: Toxapex
|-activate|p1a: Toxapex|move: Poltergeist|Black Sludge
|-damage|p1a: Toxapex|84/100
|
|-heal|p1a: Toxapex|90/100|[from] item: Black Sludge
|-heal|p2a: Dusknoir|94/100|[from] item: Leftovers
|upkeep
|turn|5
|
|t:|1760768874
|move|p1a: Toxapex|Toxic Spikes|p2a: Dusknoir
|-sidestart|p2: RomanticM|move: Toxic Spikes
|move|p2a: Dusknoir|Earthquake|p1a: Toxapex
|-supereffective|p1a: Toxapex
|-damage|p1a: Toxapex|71/100
|
|-heal|p1a: Toxapex|77/100|[from] item: Black Sludge
|-heal|p2a: Dusknoir|99/100|[from] item: Leftovers
|-fieldend|move: Trick Room
|upkeep
|turn|6
|
|t:|1760768883
|move|p2a: Dusknoir|Earthquake|p1a: Toxapex
|-supereffective|p1a: Toxapex
|-damage|p1a: Toxapex|57/100
|move|p1a: Toxapex|Toxic Spikes|p2a: Dusknoir
|-sidestart|p2: RomanticM|move: Toxic Spikes
|
|-heal|p2a: Dusknoir|100/100|[from] item: Leftovers
|-heal|p1a: Toxapex|63/100|[from] item: Black Sludge
|-sideend|p1: unreadables|Reflect
|upkeep
|turn|7
|
|t:|1760768892
|move|p1a: Toxapex|Baneful Bunker|p1a: Toxapex
|-singleturn|p1a: Toxapex|move: Protect
|move|p2a: Dusknoir|Earthquake|p1a: Toxapex
|-activate|p1a: Toxapex|move: Protect
|
|-heal|p1a: Toxapex|69/100|[from] item: Black Sludge
|upkeep
|turn|8
|
|t:|1760768902
|move|p2a: Dusknoir|Earthquake|p1a: Toxapex
|-supereffective|p1a: Toxapex
|-damage|p1a: Toxapex|31/100
|move|p1a: Toxapex|Gunk Shot|p2a: Dusknoir
|-resisted|p2a: Dusknoir
|-damage|p2a: Dusknoir|89/100
|-status|p2a: Dusknoir|psn
|
|-heal|p2a: Dusknoir|95/100 psn|[from] item: Leftovers
|-heal|p1a: Toxapex|37/100|[from] item: Black Sludge
|-damage|p2a: Dusknoir|82/100 psn|[from] psn
|upkeep
|turn|9
|
|t:|1760768919
|switch|p1a: Garganacl|Garganacl, F|100/100
|move|p2a: Dusknoir|Earthquake|p1a: Garganacl
|-supereffective|p1a: Garganacl
|-damage|p1a: Garganacl|58/100
|
|-heal|p2a: Dusknoir|89/100 psn|[from] item: Leftovers
|-damage|p2a: Dusknoir|76/100 psn|[from] psn
|upkeep
|turn|10
|
|t:|1760768934
|move|p2a: Dusknoir|Earthquake|p1a: Garganacl
|-supereffective|p1a: Garganacl
|-damage|p1a: Garganacl|20/100
|move|p1a: Garganacl|Stone Edge|p2a: Dusknoir
|-damage|p2a: Dusknoir|39/100 psn
|
|-heal|p2a: Dusknoir|45/100 psn|[from] item: Leftovers
|-damage|p2a: Dusknoir|32/100 psn|[from] psn
|upkeep
|turn|11
|
|t:|1760768943
|switch|p1a: Dondozo|Dondozo, F|100/100
|move|p2a: Dusknoir|Earthquake|p1a: Dondozo
|-damage|p1a: Dondozo|83/100
|
|-heal|p2a: Dusknoir|39/100 psn|[from] item: Leftovers
|-damage|p2a: Dusknoir|26/100 psn|[from] psn
|upkeep
|turn|12
|
|t:|1760768952
|move|p2a: Dusknoir|Pain Split|p1a: Dondozo
|-sethp|p1a: Dondozo|50/100|[from] move: Pain Split|[silent]
|-sethp|p2a: Dusknoir|85/100 psn|[from] move: Pain Split
|move|p1a: Dondozo|Liquidation|p2a: Dusknoir
|-damage|p2a: Dusknoir|38/100 psn
|
|-heal|p2a: Dusknoir|44/100 psn|[from] item: Leftovers
|-damage|p2a: Dusknoir|31/100 psn|[from] psn
|upkeep
|turn|13
|
|t:|1760768962
|move|p2a: Dusknoir|Poltergeist|p1a: Dondozo
|-activate|p1a: Dondozo|move: Poltergeist|Choice Band
|-damage|p1a: Dondozo|21/100
|move|p1a: Dondozo|Liquidation|p2a: Dusknoir
|-damage|p2a: Dusknoir|0 fnt
|faint|p2a: Dusknoir
|
|upkeep
|
|t:|1760768985
|switch|p2a: Gardevoir|Gardevoir, F|100/100
|-status|p2a: Gardevoir|tox
|turn|14
|
|t:|1760768989
|move|p2a: Gardevoir|Thunderbolt|p1a: Dondozo
|-supereffective|p1a: Dondozo
|-damage|p1a: Dondozo|0 fnt
|faint|p1a: Dondozo
|
|-damage|p2a: Gardevoir|94/100 tox|[from] psn
|upkeep
|
|t:|1760769006
|switch|p1a: Ursaluna|Ursaluna, M|100/100
|turn|15
|
|t:|1760769017
|switch|p2a: Garchomp|Garchomp, M|100/100
|-status|p2a: Garchomp|tox
|move|p1a: Ursaluna|Facade|p2a: Garchomp
|-damage|p2a: Garchomp|69/100 tox
|-damage|p1a: Ursaluna|88/100|[from] ability: Rough Skin|[of] p2a: Garchomp
|
|-damage|p2a: Garchomp|63/100 tox|[from] psn
|-status|p1a: Ursaluna|brn|[from] item: Flame Orb
|upkeep
|turn|16
|
|t:|1760769029
|move|p1a: Ursaluna|Protect|p1a: Ursaluna
|-singleturn|p1a: Ursaluna|Protect
|move|p2a: Garchomp|Earthquake|p1a: Ursaluna
|-activate|p1a: Ursaluna|move: Protect
|
|-damage|p2a: Garchomp|51/100 tox|[from] psn
|-damage|p1a: Ursaluna|82/100 brn|[from] brn
|upkeep
|turn|17
|
|t:|1760769041
|-terastallize|p1a: Ursaluna|Psychic
|move|p2a: Garchomp|Earthquake|p1a: Ursaluna
|-damage|p1a: Ursaluna|53/100 brn
|move|p1a: Ursaluna|Drain Punch|p2a: Garchomp
|-damage|p2a: Garchomp|15/100 tox
|-heal|p1a: Ursaluna|67/100 brn|[from] drain|[of] p2a: Garchomp
|-damage|p1a: Ursaluna|54/100 brn|[from] ability: Rough Skin|[of] p2a: Garchomp
|
|-damage|p2a: Garchomp|0 fnt|[from] psn
|faint|p2a: Garchomp
|-damage|p1a: Ursaluna|48/100 brn|[from] brn
|upkeep
|
|t:|1760769066
|switch|p2a: Abomasnow|Abomasnow, F|100/100
|-status|p2a: Abomasnow|tox
|-weather|Snowscape|[from] ability: Snow Warning|[of] p2a: Abomasnow
|turn|18
|
|t:|1760769076
|move|p2a: Abomasnow|Blizzard|p1a: Ursaluna
|-damage|p1a: Ursaluna|14/100 brn
|move|p1a: Ursaluna|Facade|p2a: Abomasnow
|-damage|p2a: Abomasnow|17/100 tox
|-enditem|p2a: Abomasnow|Sitrus Berry|[eat]
|-heal|p2a: Abomasnow|42/100 tox|[from] item: Sitrus Berry
|
|-weather|Snowscape|[upkeep]
|-damage|p2a: Abomasnow|36/100 tox|[from] psn
|-damage|p1a: Ursaluna|8/100 brn|[from] brn
|upkeep
|turn|19
|
|t:|1760769088
|move|p2a: Abomasnow|Blizzard|p1a: Ursaluna
|-damage|p1a: Ursaluna|0 fnt
|faint|p1a: Ursaluna
|
|-weather|Snowscape|[upkeep]
|-damage|p2a: Abomasnow|24/100 tox|[from] psn
|upkeep
|
|t:|1760769094
|switch|p1a: Toxapex|Toxapex, F|71/100
|turn|20
|
|t:|1760769098
|move|p1a: Toxapex|Baneful Bunker|p1a: Toxapex
|-singleturn|p1a: Toxapex|move: Protect
|move|p2a: Abomasnow|Giga Drain|p1a: Toxapex
|-activate|p1a: Toxapex|move: Protect
|
|-weather|Snowscape|[upkeep]
|-heal|p1a: Toxapex|77/100|[from] item: Black Sludge
|-damage|p2a: Abomasnow|5/100 tox|[from] psn
|upkeep
|turn|21
|
|t:|1760769113
|switch|p1a: Hatterene|Hatterene, F|3/100
|move|p2a: Abomasnow|Leech Seed|p1a: Hatterene
|move|p1a: Hatterene|Leech Seed|p2a: Abomasnow|[from] ability: Magic Bounce
|-immune|p2a: Abomasnow
|
|-weather|Snowscape|[upkeep]
|-damage|p2a: Abomasnow|0 fnt|[from] psn
|faint|p2a: Abomasnow
|upkeep
|
|t:|1760769126
|switch|p2a: Empoleon|Empoleon, M|100/100
|turn|22
|
|t:|1760769133
|move|p2a: Empoleon|Flash Cannon|p1a: Hatterene
|-supereffective|p1a: Hatterene
|-damage|p1a: Hatterene|0 fnt
|faint|p1a: Hatterene
|
|-weather|none
|upkeep
|
|t:|1760769136
|switch|p1a: Weezing|Weezing-Galar, F|100/100
|-ability|p1a: Weezing|Neutralizing Gas
|turn|23
|
|t:|1760769144
|move|p2a: Empoleon|Flash Cannon|p1a: Weezing
|-supereffective|p1a: Weezing
|-damage|p1a: Weezing|18/100
|move|p1a: Weezing|Explosion|p2a: Empoleon
|-enditem|p1a: Weezing|Normal Gem|[from] gem
|-resisted|p2a: Empoleon
|-damage|p2a: Empoleon|62/100
|faint|p1a: Weezing
|-end|p1a: Weezing|ability: Neutralizing Gas
|
|-heal|p2a: Empoleon|68/100|[from] item: Leftovers
|upkeep
|
|t:|1760769153
|switch|p1a: Garganacl|Garganacl, F|20/100
|turn|24
|
|t:|1760769156
|move|p2a: Empoleon|Flash Cannon|p1a: Garganacl
|-supereffective|p1a: Garganacl
|-damage|p1a: Garganacl|0 fnt
|faint|p1a: Garganacl
|
|-heal|p2a: Empoleon|74/100|[from] item: Leftovers
|upkeep
|
|t:|1760769158
|switch|p1a: Toxapex|Toxapex, F|100/100
|turn|25
|
|t:|1760769166
|switch|p2a: Gardevoir|Gardevoir, F|94/100 tox
|move|p1a: Toxapex|Recover||[still]
|-fail|p1a: Toxapex|heal
|
|-heal|p2a: Gardevoir|100/100 tox|[from] item: Leftovers
|-damage|p2a: Gardevoir|94/100 tox|[from] psn
|upkeep
|turn|26
|
|t:|1760769174
|move|p2a: Gardevoir|Psychic|p1a: Toxapex
|-supereffective|p1a: Toxapex
|-damage|p1a: Toxapex|39/100
|-unboost|p1a: Toxapex|spd|1
|move|p1a: Toxapex|Gunk Shot|p2a: Gardevoir
|-supereffective|p2a: Gardevoir
|-damage|p2a: Gardevoir|31/100 tox
|
|-heal|p2a: Gardevoir|37/100 tox|[from] item: Leftovers
|-heal|p1a: Toxapex|45/100|[from] item: Black Sludge
|-damage|p2a: Gardevoir|25/100 tox|[from] psn
|upkeep
|turn|27
|
|t:|1760769185
|move|p1a: Toxapex|Baneful Bunker|p1a: Toxapex
|-singleturn|p1a: Toxapex|move: Protect
|move|p2a: Gardevoir|Psychic|p1a: Toxapex
|-activate|p1a: Toxapex|move: Protect
|
|-heal|p2a: Gardevoir|31/100 tox|[from] item: Leftovers
|-heal|p1a: Toxapex|51/100|[from] item: Black Sludge
|-damage|p2a: Gardevoir|12/100 tox|[from] psn
|upkeep
|turn|28
|
|t:|1760769195
|move|p1a: Toxapex|Baneful Bunker||[still]
|-fail|p1a: Toxapex
|move|p2a: Gardevoir|Psychic|p1a: Toxapex
|-supereffective|p1a: Toxapex
|-damage|p1a: Toxapex|0 fnt
|faint|p1a: Toxapex
|
|win|RomanticM
|raw|unreadables's rating: 1110 &rarr; <strong>1085</strong><br />(-25 for losing)
|raw|RomanticM's rating: 1108 &rarr; <strong>1133</strong><br />(+25 for winning)
|l|☆unreadables
|player|p1|
|l|☆RomanticM
|player|p2|
