|j|☆cerberus sama
|j|☆fafewf
|t:|1760821538
|gametype|singles
|player|p1|cerberus sama|1|1456
|player|p2|fafewf|wallace|1519
|gen|9
|tier|[Gen 9] OU
|rated|
|rule|HP Percentage Mod: HP is shown in percentages
|rule|Endless Battle Clause: Forcing endless battles is banned
|rule|Species Clause: Limit one of each Pokémon
|rule|OHKO Clause: OHKO moves are banned
|rule|Evasion Items Clause: Evasion items are banned
|rule|Evasion Moves Clause: Evasion moves are banned
|rule|Evasion Abilities Clause: Evasion abilities are banned
|rule|Sleep Moves Clause: Sleep-inducing moves are banned
|clearpoke
|poke|p1|Garganacl, F|
|poke|p1|Great Tusk|
|poke|p1|Clodsire, F|
|poke|p1|Landorus-Therian, M|
|poke|p1|Iron Valiant|
|poke|p1|Goodra-Hisui, F|
|poke|p2|Suicune|
|poke|p2|Garchomp, M|
|poke|p2|Gholdengo|
|poke|p2|Chesnaught, F|
|poke|p2|Cyclizar, F|
|poke|p2|Gliscor, F|
|teampreview
|inactive|Battle timer is ON: inactive players will automatically lose when time's up. (requested by cerberus sama)
|
|t:|1760821549
|teamsize|p1|6
|teamsize|p2|6
|start
|switch|p1a: Goodra|Goodra-Hisui, F|100/100
|switch|p2a: Main course|Suicune|100/100
|-ability|p2a: Main course|Pressure
|turn|1
|
|t:|1760821553
|switch|p1a: Clodsire|Clodsire, F|100/100
|move|p2a: Main course|Substitute|p2a: Main course
|-start|p2a: Main course|Substitute
|-damage|p2a: Main course|75/100
|
|-heal|p2a: Main course|82/100|[from] item: Leftovers
|upkeep
|turn|2
|
|t:|1760821562
|move|p2a: Main course|Calm Mind|p2a: Main course
|-boost|p2a: Main course|spa|1
|-boost|p2a: Main course|spd|1
|move|p1a: Clodsire|Stealth Rock|p2a: Main course
|-sidestart|p2: fafewf|move: Stealth Rock
|
|-heal|p2a: Main course|88/100|[from] item: Leftovers
|upkeep
|turn|3
|
|t:|1760821565
|move|p2a: Main course|Scald|p1a: Clodsire
|-immune|p1a: Clodsire|[from] ability: Water Absorb
|move|p1a: Clodsire|Haze|p1a: Clodsire
|-clearallboost
|
|-heal|p2a: Main course|94/100|[from] item: Leftovers
|upkeep
|turn|4
|
|t:|1760821572
|switch|p1a: Goodra|Goodra-Hisui, F|100/100
|move|p2a: Main course|Calm Mind|p2a: Main course
|-boost|p2a: Main course|spa|1
|-boost|p2a: Main course|spd|1
|
|-heal|p2a: Main course|99/100|[from] item: Leftovers
|upkeep
|turn|5
|
|t:|1760821575
|switch|p1a: Clodsire|Clodsire, F|100/100
|move|p2a: Main course|Scald|p1a: Clodsire
|-immune|p1a: Clodsire|[from] ability: Water Absorb
|
|-heal|p2a: Main course|100/100|[from] item: Leftovers
|upkeep
|turn|6
|
|t:|1760821580
|switch|p2a: Table setter|Garchomp, M|100/100
|-damage|p2a: Table setter|94/100|[from] Stealth Rock
|move|p1a: Clodsire|Haze|p1a: Clodsire
|-clearallboost
|
|upkeep
|turn|7
|
|t:|1760821586
|move|p2a: Table setter|Stealth Rock|p1a: Clodsire
|-sidestart|p1: cerberus sama|move: Stealth Rock
|move|p1a: Clodsire|Toxic|p2a: Table setter
|-status|p2a: Table setter|tox
|
|-damage|p2a: Table setter|88/100 tox|[from] psn
|upkeep
|turn|8
|
|t:|1760821590
|switch|p1a: Great Tusk|Great Tusk|100/100
|-damage|p1a: Great Tusk|98/100|[from] Stealth Rock
|move|p2a: Table setter|Spikes|p1a: Great Tusk
|-sidestart|p1: cerberus sama|Spikes
|
|-damage|p2a: Table setter|76/100 tox|[from] psn
|upkeep
|turn|9
|
|t:|1760821612
|-terastallize|p2a: Table setter|Ghost
|move|p1a: Great Tusk|Knock Off|p2a: Table setter
|-supereffective|p2a: Table setter
|-damage|p2a: Table setter|42/100 tox
|-damage|p1a: Great Tusk|85/100|[from] ability: Rough Skin|[of] p2a: Table setter
|-damage|p1a: Great Tusk|69/100|[from] item: Rocky Helmet|[of] p2a: Table setter
|-enditem|p2a: Table setter|Rocky Helmet|[from] move: Knock Off|[of] p1a: Great Tusk
|move|p2a: Table setter|Dragon Tail|p1a: Great Tusk
|-damage|p1a: Great Tusk|53/100
|-end|p1a: Great Tusk|Protosynthesis|[silent]
|drag|p1a: Goodra|Goodra-Hisui, F|100/100
|-damage|p1a: Goodra|94/100|[from] Stealth Rock
|-damage|p1a: Goodra|82/100|[from] Spikes
|
|-heal|p1a: Goodra|88/100|[from] item: Leftovers
|-damage|p2a: Table setter|23/100 tox|[from] psn
|upkeep
|turn|10
|
|t:|1760821621
|switch|p2a: Gliscor|Gliscor, F|100/100
|-damage|p2a: Gliscor|88/100|[from] Stealth Rock
|move|p1a: Goodra|Acid Armor|p1a: Goodra
|-boost|p1a: Goodra|def|2
|
|-heal|p1a: Goodra|94/100|[from] item: Leftovers
|-status|p2a: Gliscor|tox|[from] item: Toxic Orb
|upkeep
|turn|11
|
|t:|1760821625
|move|p2a: Gliscor|Knock Off|p1a: Goodra
|-crit|p1a: Goodra
|-damage|p1a: Goodra|74/100
|-enditem|p1a: Goodra|Leftovers|[from] move: Knock Off|[of] p2a: Gliscor
|move|p1a: Goodra|Ice Beam|p2a: Gliscor
|-supereffective|p2a: Gliscor
|-damage|p2a: Gliscor|9/100 tox
|
|-heal|p2a: Gliscor|21/100 tox|[from] ability: Poison Heal
|upkeep
|turn|12
|
|t:|1760821635
|switch|p2a: Gholdengo|Gholdengo|100/100
|-damage|p2a: Gholdengo|94/100|[from] Stealth Rock
|move|p1a: Goodra|Ice Beam|p2a: Gholdengo
|-resisted|p2a: Gholdengo
|-damage|p2a: Gholdengo|81/100
|
|upkeep
|turn|13
|
|t:|1760821638
|switch|p1a: Clodsire|Clodsire, F|100/100
|-damage|p1a: Clodsire|94/100|[from] Stealth Rock
|-damage|p1a: Clodsire|82/100|[from] Spikes
|move|p2a: Gholdengo|Trick|p1a: Clodsire
|-activate|p2a: Gholdengo|move: Trick|[of] p1a: Clodsire
|-item|p1a: Clodsire|Choice Scarf|[from] move: Trick
|-item|p2a: Gholdengo|Black Sludge|[from] move: Trick
|
|-damage|p2a: Gholdengo|69/100|[from] item: Black Sludge
|upkeep
|turn|14
|
|t:|1760821642
|switch|p1a: Landorus|Landorus-Therian, M|100/100
|-damage|p1a: Landorus|88/100|[from] Stealth Rock
|-ability|p1a: Landorus|Intimidate|boost
|-unboost|p2a: Gholdengo|atk|1
|move|p2a: Gholdengo|Recover|p2a: Gholdengo
|-heal|p2a: Gholdengo|100/100
|
|-heal|p1a: Landorus|94/100|[from] item: Leftovers
|-damage|p2a: Gholdengo|88/100|[from] item: Black Sludge
|upkeep
|turn|15
|
|t:|1760821651
|switch|p2a: Cyclizar|Cyclizar, F|100/100
|-damage|p2a: Cyclizar|88/100|[from] Stealth Rock
|move|p1a: Landorus|Earth Power|p2a: Cyclizar
|-damage|p2a: Cyclizar|49/100
|
|-heal|p1a: Landorus|99/100|[from] item: Leftovers
|upkeep
|turn|16
|
|t:|1760821666
|move|p2a: Cyclizar|Knock Off|p1a: Landorus
|-crit|p1a: Landorus
|-damage|p1a: Landorus|63/100
|-enditem|p1a: Landorus|Leftovers|[from] move: Knock Off|[of] p2a: Cyclizar
|move|p1a: Landorus|Earth Power|p2a: Cyclizar
|-damage|p2a: Cyclizar|13/100
|
|upkeep
|turn|17
|
|t:|1760821674
|move|p2a: Cyclizar|U-turn|p1a: Landorus
|-resisted|p1a: Landorus
|-damage|p1a: Landorus|53/100
|
|t:|1760821676
|switch|p2a: Gliscor|Gliscor, F|21/100 tox|[from] U-turn
|-damage|p2a: Gliscor|9/100 tox|[from] Stealth Rock
|move|p1a: Landorus|Earth Power|p2a: Gliscor
|-immune|p2a: Gliscor
|
|-heal|p2a: Gliscor|21/100 tox|[from] ability: Poison Heal
|upkeep
|turn|18
|
|t:|1760821679
|move|p2a: Gliscor|Protect|p2a: Gliscor
|-singleturn|p2a: Gliscor|Protect
|move|p1a: Landorus|U-turn|p2a: Gliscor
|-activate|p2a: Gliscor|move: Protect
|
|-heal|p2a: Gliscor|34/100 tox|[from] ability: Poison Heal
|upkeep
|turn|19
|
|t:|1760821691
|move|p1a: Landorus|Grass Knot|p2a: Gliscor
|-damage|p2a: Gliscor|18/100 tox
|move|p2a: Gliscor|Toxic|p1a: Landorus
|-status|p1a: Landorus|tox
|
|-damage|p1a: Landorus|47/100 tox|[from] psn
|-heal|p2a: Gliscor|30/100 tox|[from] ability: Poison Heal
|upkeep
|turn|20
|
|t:|1760821696
|switch|p1a: Garganacl|Garganacl, F|100/100
|-damage|p1a: Garganacl|88/100|[from] Stealth Rock
|-damage|p1a: Garganacl|76/100|[from] Spikes
|move|p2a: Gliscor|Protect||[still]
|-fail|p2a: Gliscor
|
|-heal|p1a: Garganacl|82/100|[from] item: Leftovers
|-heal|p2a: Gliscor|43/100 tox|[from] ability: Poison Heal
|upkeep
|turn|21
|
|t:|1760821702
|switch|p2a: Chesnaught|Chesnaught, F|100/100
|-damage|p2a: Chesnaught|94/100|[from] Stealth Rock
|move|p1a: Garganacl|Salt Cure|p2a: Chesnaught
|-resisted|p2a: Chesnaught
|-damage|p2a: Chesnaught|89/100
|-start|p2a: Chesnaught|Salt Cure
|
|-heal|p2a: Chesnaught|95/100|[from] item: Leftovers
|-heal|p1a: Garganacl|88/100|[from] item: Leftovers
|-damage|p2a: Chesnaught|83/100|[from] Salt Cure
|upkeep
|turn|22
|
|t:|1760821707
|move|p1a: Garganacl|Protect|p1a: Garganacl
|-singleturn|p1a: Garganacl|Protect
|move|p2a: Chesnaught|Leech Seed|p1a: Garganacl
|-activate|p1a: Garganacl|move: Protect
|
|-heal|p2a: Chesnaught|89/100|[from] item: Leftovers
|-heal|p1a: Garganacl|94/100|[from] item: Leftovers
|-damage|p2a: Chesnaught|76/100|[from] Salt Cure
|upkeep
|turn|23
|
|t:|1760821711
|switch|p1a: Goodra|Goodra-Hisui, F|74/100
|-damage|p1a: Goodra|68/100|[from] Stealth Rock
|-damage|p1a: Goodra|56/100|[from] Spikes
|move|p2a: Chesnaught|Leech Seed|p1a: Goodra
|-ability|p1a: Goodra|Sap Sipper|boost
|-boost|p1a: Goodra|atk|1
|
|-heal|p2a: Chesnaught|83/100|[from] item: Leftovers
|-damage|p2a: Chesnaught|70/100|[from] Salt Cure
|upkeep
|turn|24
|
|t:|1760821720
|switch|p2a: Main course|Suicune|100/100
|-damage|p2a: Main course|88/100|[from] Stealth Rock
|-ability|p2a: Main course|Pressure
|move|p1a: Goodra|Ice Beam|p2a: Main course
|-resisted|p2a: Main course
|-damage|p2a: Main course|81/100
|
|-heal|p2a: Main course|87/100|[from] item: Leftovers
|upkeep
|turn|25
|
|t:|1760821726
|switch|p1a: Clodsire|Clodsire, F|82/100
|-damage|p1a: Clodsire|75/100|[from] Stealth Rock
|-damage|p1a: Clodsire|63/100|[from] Spikes
|move|p2a: Main course|Substitute|p2a: Main course
|-start|p2a: Main course|Substitute
|-damage|p2a: Main course|62/100
|
|-heal|p2a: Main course|68/100|[from] item: Leftovers
|upkeep
|turn|26
|
|t:|1760821732
|move|p2a: Main course|Calm Mind|p2a: Main course
|-boost|p2a: Main course|spa|1
|-boost|p2a: Main course|spd|1
|move|p1a: Clodsire|Earthquake|p2a: Main course
|-activate|p2a: Main course|move: Substitute|[damage]
|
|-heal|p2a: Main course|75/100|[from] item: Leftovers
|upkeep
|turn|27
|
|t:|1760821735
|move|p2a: Main course|Calm Mind|p2a: Main course
|-boost|p2a: Main course|spa|1
|-boost|p2a: Main course|spd|1
|move|p1a: Clodsire|Earthquake|p2a: Main course
|-end|p2a: Main course|Substitute
|
|-heal|p2a: Main course|81/100|[from] item: Leftovers
|upkeep
|turn|28
|
|t:|1760821741
|move|p2a: Main course|Scald|p1a: Clodsire
|-heal|p1a: Clodsire|88/100|[from] ability: Water Absorb|[of] p2a: Main course
|move|p1a: Clodsire|Earthquake|p2a: Main course
|-damage|p2a: Main course|59/100
|
|-heal|p2a: Main course|65/100|[from] item: Leftovers
|upkeep
|turn|29
|
|t:|1760821747
|move|p2a: Main course|Substitute|p2a: Main course
|-start|p2a: Main course|Substitute
|-damage|p2a: Main course|40/100
|move|p1a: Clodsire|Earthquake|p2a: Main course
|-activate|p2a: Main course|move: Substitute|[damage]
|
|-heal|p2a: Main course|46/100|[from] item: Leftovers
|upkeep
|turn|30
|
|t:|1760821751
|move|p2a: Main course|Protect|p2a: Main course
|-singleturn|p2a: Main course|Protect
|move|p1a: Clodsire|Earthquake|p2a: Main course
|-activate|p2a: Main course|move: Protect
|
|-heal|p2a: Main course|52/100|[from] item: Leftovers
|upkeep
|turn|31
|
|t:|1760821759
|switch|p1a: Landorus|Landorus-Therian, M|47/100 tox
|-damage|p1a: Landorus|35/100 tox|[from] Stealth Rock
|-ability|p1a: Landorus|Intimidate|boost
|-immune|p2a: Main course
|move|p2a: Main course|Scald|p1a: Landorus
|-supereffective|p1a: Landorus
|-damage|p1a: Landorus|0 fnt
|faint|p1a: Landorus
|
|-heal|p2a: Main course|59/100|[from] item: Leftovers
|upkeep
|
|t:|1760821761
|switch|p1a: Clodsire|Clodsire, F|88/100
|-damage|p1a: Clodsire|82/100|[from] Stealth Rock
|-damage|p1a: Clodsire|69/100|[from] Spikes
|turn|32
|
|t:|1760821765
|move|p2a: Main course|Calm Mind|p2a: Main course
|-boost|p2a: Main course|spa|1
|-boost|p2a: Main course|spd|1
|move|p1a: Clodsire|Haze|p1a: Clodsire
|-clearallboost
|
|-heal|p2a: Main course|65/100|[from] item: Leftovers
|upkeep
|turn|33
|
|t:|1760821768
|move|p2a: Main course|Calm Mind|p2a: Main course
|-boost|p2a: Main course|spa|1
|-boost|p2a: Main course|spd|1
|move|p1a: Clodsire|Haze|p1a: Clodsire
|-clearallboost
|
|-heal|p2a: Main course|71/100|[from] item: Leftovers
|upkeep
|turn|34
|
|t:|1760821777
|move|p2a: Main course|Calm Mind|p2a: Main course
|-boost|p2a: Main course|spa|1
|-boost|p2a: Main course|spd|1
|move|p1a: Clodsire|Haze|p1a: Clodsire
|-clearallboost
|
|-heal|p2a: Main course|77/100|[from] item: Leftovers
|upkeep
|turn|35
|
|t:|1760821784
|move|p2a: Main course|Protect|p2a: Main course
|-singleturn|p2a: Main course|Protect
|move|p1a: Clodsire|Haze|p1a: Clodsire
|-clearallboost
|
|-heal|p2a: Main course|83/100|[from] item: Leftovers
|upkeep
|turn|36
|
|t:|1760821787
|move|p2a: Main course|Calm Mind|p2a: Main course
|-boost|p2a: Main course|spa|1
|-boost|p2a: Main course|spd|1
|move|p1a: Clodsire|Haze|p1a: Clodsire
|-clearallboost
|
|-heal|p2a: Main course|90/100|[from] item: Leftovers
|upkeep
|turn|37
|-message|cerberus sama forfeited.
|
|win|fafewf
|raw|cerberus sama's rating: 1456 &rarr; <strong>1440</strong><br />(-16 for losing)
|raw|fafewf's rating: 1519 &rarr; <strong>1535</strong><br />(+16 for winning)
|l|☆cerberus sama
|player|p1|
|l|☆fafewf
|player|p2|
