|j|☆IMBOUTTOCUHHH
|j|☆NoCatNoCradle
|t:|1760740242
|gametype|singles
|player|p1|IMBOUTTOCUHHH|266|1158
|player|p2|NoCatNoCradle|unknownf|1148
|gen|9
|tier|[Gen 9] OU
|rated|
|rule|HP Percentage Mod: HP is shown in percentages
|rule|Endless Battle Clause: Forcing endless battles is banned
|rule|Species Clause: Limit one of each Pokémon
|rule|OHKO Clause: OHKO moves are banned
|rule|Evasion Items Clause: Evasion items are banned
|rule|Evasion Moves Clause: Evasion moves are banned
|rule|Evasion Abilities Clause: Evasion abilities are banned
|rule|Sleep Moves Clause: Sleep-inducing moves are banned
|clearpoke
|poke|p1|Dragapult, M|
|poke|p1|Great Tusk|
|poke|p1|Heatran, M|
|poke|p1|Meowscarada, F|
|poke|p1|Raging Bolt|
|poke|p1|Toxapex, M|
|poke|p2|Dondozo, F|
|poke|p2|Iron Moth|
|poke|p2|Gastrodon, F|
|poke|p2|Corviknight, F|
|poke|p2|Heatran, F|
|poke|p2|Rotom-Wash|
|teampreview
|
|t:|1760740249
|teamsize|p1|6
|teamsize|p2|6
|start
|switch|p1a: Heatran|Heatran, M|100/100
|switch|p2a: wash ur clothes|Rotom-Wash, shiny|100/100
|turn|1
|
|t:|1760740267
|switch|p1a: Toxapex|Toxapex, M|100/100
|move|p2a: wash ur clothes|Discharge|p1a: Toxapex
|-supereffective|p1a: Toxapex
|-damage|p1a: Toxapex|45/100
|
|-heal|p1a: Toxapex|51/100|[from] item: Leftovers
|upkeep
|turn|2
|
|t:|1760740279
|move|p1a: Toxapex|Baneful Bunker|p1a: Toxapex
|-singleturn|p1a: Toxapex|move: Protect
|move|p2a: wash ur clothes|Discharge|p1a: Toxapex
|-activate|p1a: Toxapex|move: Protect
|
|-heal|p1a: Toxapex|57/100|[from] item: Leftovers
|upkeep
|turn|3
|
|t:|1760740286
|switch|p1a: Great Tusk|Great Tusk|100/100
|move|p2a: wash ur clothes|Hydro Pump|p1a: Great Tusk|[miss]
|-miss|p2a: wash ur clothes|p1a: Great Tusk
|
|upkeep
|turn|4
|
|t:|1760740301
|-end|p1a: Great Tusk|Protosynthesis|[silent]
|switch|p1a: Raging Bolt|Raging Bolt|100/100
|-enditem|p1a: Raging Bolt|Booster Energy
|-activate|p1a: Raging Bolt|ability: Protosynthesis|[fromitem]
|-start|p1a: Raging Bolt|protosynthesisspa
|move|p2a: wash ur clothes|Hydro Pump|p1a: Raging Bolt
|-resisted|p1a: Raging Bolt
|-damage|p1a: Raging Bolt|75/100
|
|upkeep
|turn|5
|
|t:|1760740319
|switch|p2a: slime shady|Gastrodon, F|100/100
|move|p1a: Raging Bolt|Calm Mind|p1a: Raging Bolt
|-boost|p1a: Raging Bolt|spa|1
|-boost|p1a: Raging Bolt|spd|1
|
|upkeep
|turn|6
|
|t:|1760740332
|move|p1a: Raging Bolt|Draco Meteor|p2a: slime shady
|-damage|p2a: slime shady|29/100
|-unboost|p1a: Raging Bolt|spa|2
|move|p2a: slime shady|Mirror Coat|p1a: Raging Bolt
|-damage|p1a: Raging Bolt|0 fnt
|faint|p1a: Raging Bolt
|-end|p1a: Raging Bolt|Protosynthesis|[silent]
|
|upkeep
|
|t:|1760740341
|switch|p1a: Dragapult|Dragapult, M|100/100
|turn|7
|
|t:|1760740349
|move|p1a: Dragapult|Shadow Ball|p2a: slime shady
|-damage|p2a: slime shady|4/100
|move|p2a: slime shady|Body Slam|p1a: Dragapult
|-immune|p1a: Dragapult
|
|upkeep
|turn|8
|
|t:|1760740363
|switch|p2a: grump face|Heatran, F, shiny|100/100
|move|p1a: Dragapult|Shadow Ball|p2a: grump face
|-damage|p2a: grump face|71/100
|
|upkeep
|turn|9
|
|t:|1760740372
|switch|p1a: Great Tusk|Great Tusk|100/100
|move|p2a: grump face|Dark Pulse|p1a: Great Tusk
|-resisted|p1a: Great Tusk
|-damage|p1a: Great Tusk|77/100
|
|upkeep
|turn|10
|
|t:|1760740383
|switch|p2a: slime shady|Gastrodon, F|4/100
|move|p1a: Great Tusk|Knock Off|p2a: slime shady
|-damage|p2a: slime shady|0 fnt
|-enditem|p2a: slime shady|Assault Vest|[from] move: Knock Off|[of] p1a: Great Tusk
|faint|p2a: slime shady
|
|upkeep
|
|t:|1760740394
|switch|p2a: Tesla CyberCluck™️|Corviknight, F, shiny|100/100
|turn|11
|
|t:|1760740400
|move|p1a: Great Tusk|Knock Off|p2a: Tesla CyberCluck™️
|-damage|p2a: Tesla CyberCluck™️|75/100
|-damage|p1a: Great Tusk|60/100|[from] item: Rocky Helmet|[of] p2a: Tesla CyberCluck™️
|-enditem|p2a: Tesla CyberCluck™️|Rocky Helmet|[from] move: Knock Off|[of] p1a: Great Tusk
|move|p2a: Tesla CyberCluck™️|Brave Bird|p1a: Great Tusk
|-supereffective|p1a: Great Tusk
|-damage|p1a: Great Tusk|9/100
|-damage|p2a: Tesla CyberCluck™️|56/100|[from] Recoil
|
|upkeep
|turn|12
|
|t:|1760740410
|-end|p1a: Great Tusk|Protosynthesis|[silent]
|switch|p1a: Heatran|Heatran, M|100/100
|move|p2a: Tesla CyberCluck™️|Roost|p2a: Tesla CyberCluck™️
|-heal|p2a: Tesla CyberCluck™️|100/100
|-singleturn|p2a: Tesla CyberCluck™️|move: Roost
|
|upkeep
|turn|13
|
|t:|1760740438
|switch|p2a: phishing|Dondozo, F|100/100
|move|p1a: Heatran|Magma Storm|p2a: phishing
|-resisted|p2a: phishing
|-damage|p2a: phishing|90/100
|-activate|p2a: phishing|move: Magma Storm|[of] p1a: Heatran
|
|-damage|p2a: phishing|77/100|[from] move: Magma Storm|[partiallytrapped]
|upkeep
|turn|14
|
|t:|1760740457
|switch|p1a: Meowscarada|Meowscarada, F|100/100
|move|p2a: phishing|Body Slam|p1a: Meowscarada
|-damage|p1a: Meowscarada|70/100
|
|-end|p2a: phishing|Magma Storm|[partiallytrapped]|[silent]
|upkeep
|turn|15
|
|t:|1760740466
|switch|p2a: Tesla CyberCluck™️|Corviknight, F, shiny|100/100
|move|p1a: Meowscarada|Flower Trick|p2a: Tesla CyberCluck™️
|-start|p1a: Meowscarada|typechange|Grass|[from] ability: Protean
|-resisted|p2a: Tesla CyberCluck™️
|-crit|p2a: Tesla CyberCluck™️
|-damage|p2a: Tesla CyberCluck™️|87/100
|-damage|p1a: Meowscarada|60/100|[from] item: Life Orb
|
|upkeep
|turn|16
|
|t:|1760740477
|move|p1a: Meowscarada|U-turn|p2a: Tesla CyberCluck™️
|-resisted|p2a: Tesla CyberCluck™️
|-damage|p2a: Tesla CyberCluck™️|82/100
|-damage|p1a: Meowscarada|50/100|[from] item: Life Orb
|
|t:|1760740483
|switch|p1a: Heatran|Heatran, M|100/100|[from] U-turn
|move|p2a: Tesla CyberCluck™️|Brave Bird|p1a: Heatran
|-resisted|p1a: Heatran
|-damage|p1a: Heatran|84/100
|-damage|p2a: Tesla CyberCluck™️|76/100|[from] Recoil
|
|upkeep
|turn|17
|
|t:|1760740495
|switch|p2a: grump face|Heatran, F, shiny|71/100
|move|p1a: Heatran|Will-O-Wisp|p2a: grump face
|-start|p2a: grump face|ability: Flash Fire
|
|upkeep
|turn|18
|
|t:|1760740504
|move|p2a: grump face|Scorching Sands|p1a: Heatran
|-supereffective|p1a: Heatran
|-crit|p1a: Heatran
|-damage|p1a: Heatran|0 fnt
|faint|p1a: Heatran
|
|upkeep
|
|t:|1760740511
|switch|p1a: Toxapex|Toxapex, M|90/100
|turn|19
|
|t:|1760740524
|-end|p2a: grump face|ability: Flash Fire|[silent]
|switch|p2a: Tesla CyberCluck™️|Corviknight, F, shiny|76/100
|move|p1a: Toxapex|Toxic Spikes|p2a: Tesla CyberCluck™️
|-sidestart|p2: NoCatNoCradle|move: Toxic Spikes
|
|-heal|p1a: Toxapex|96/100|[from] item: Leftovers
|upkeep
|turn|20
|
|t:|1760740534
|move|p1a: Toxapex|Baneful Bunker|p1a: Toxapex
|-singleturn|p1a: Toxapex|move: Protect
|move|p2a: Tesla CyberCluck™️|Bulk Up|p2a: Tesla CyberCluck™️
|-boost|p2a: Tesla CyberCluck™️|atk|1
|-boost|p2a: Tesla CyberCluck™️|def|1
|
|-heal|p1a: Toxapex|100/100|[from] item: Leftovers
|upkeep
|turn|21
|
|t:|1760740546
|move|p1a: Toxapex|Baneful Bunker||[still]
|-fail|p1a: Toxapex
|move|p2a: Tesla CyberCluck™️|Bulk Up|p2a: Tesla CyberCluck™️
|-boost|p2a: Tesla CyberCluck™️|atk|1
|-boost|p2a: Tesla CyberCluck™️|def|1
|
|upkeep
|turn|22
|
|t:|1760740552
|move|p1a: Toxapex|Baneful Bunker|p1a: Toxapex
|-singleturn|p1a: Toxapex|move: Protect
|move|p2a: Tesla CyberCluck™️|Defog|p1a: Toxapex
|-activate|p1a: Toxapex|move: Protect
|
|upkeep
|turn|23
|
|t:|1760740560
|move|p2a: Tesla CyberCluck™️|Bulk Up|p2a: Tesla CyberCluck™️
|-boost|p2a: Tesla CyberCluck™️|atk|1
|-boost|p2a: Tesla CyberCluck™️|def|1
|move|p1a: Toxapex|Toxic Spikes|p2a: Tesla CyberCluck™️
|-sidestart|p2: NoCatNoCradle|move: Toxic Spikes
|
|upkeep
|turn|24
|
|t:|1760740566
|move|p1a: Toxapex|Baneful Bunker|p1a: Toxapex
|-singleturn|p1a: Toxapex|move: Protect
|move|p2a: Tesla CyberCluck™️|Bulk Up|p2a: Tesla CyberCluck™️
|-boost|p2a: Tesla CyberCluck™️|atk|1
|-boost|p2a: Tesla CyberCluck™️|def|1
|
|upkeep
|turn|25
|
|t:|1760740572
|move|p2a: Tesla CyberCluck™️|Defog|p1a: Toxapex
|-unboost|p1a: Toxapex|evasion|1
|-sideend|p2: NoCatNoCradle|Toxic Spikes|[from] move: Defog|[of] p2a: Tesla CyberCluck™️
|move|p1a: Toxapex|Toxic Spikes|p2a: Tesla CyberCluck™️
|-sidestart|p2: NoCatNoCradle|move: Toxic Spikes
|
|upkeep
|turn|26
|
|t:|1760740579
|move|p2a: Tesla CyberCluck™️|Bulk Up|p2a: Tesla CyberCluck™️
|-boost|p2a: Tesla CyberCluck™️|atk|1
|-boost|p2a: Tesla CyberCluck™️|def|1
|move|p1a: Toxapex|Toxic Spikes|p2a: Tesla CyberCluck™️
|-sidestart|p2: NoCatNoCradle|move: Toxic Spikes
|
|upkeep
|turn|27
|
|t:|1760740587
|move|p2a: Tesla CyberCluck™️|Defog|p1a: Toxapex
|-unboost|p1a: Toxapex|evasion|1
|-sideend|p2: NoCatNoCradle|Toxic Spikes|[from] move: Defog|[of] p2a: Tesla CyberCluck™️
|move|p1a: Toxapex|Toxic Spikes|p2a: Tesla CyberCluck™️
|-sidestart|p2: NoCatNoCradle|move: Toxic Spikes
|
|upkeep
|turn|28
|
|t:|1760740594
|move|p1a: Toxapex|Baneful Bunker|p1a: Toxapex
|-singleturn|p1a: Toxapex|move: Protect
|move|p2a: Tesla CyberCluck™️|Bulk Up|p2a: Tesla CyberCluck™️
|-boost|p2a: Tesla CyberCluck™️|atk|1
|-boost|p2a: Tesla CyberCluck™️|def|1
|
|upkeep
|turn|29
|
|t:|1760740602
|move|p2a: Tesla CyberCluck™️|Roost|p2a: Tesla CyberCluck™️
|-heal|p2a: Tesla CyberCluck™️|100/100
|-singleturn|p2a: Tesla CyberCluck™️|move: Roost
|move|p1a: Toxapex|Toxic Spikes|p2a: Tesla CyberCluck™️
|-sidestart|p2: NoCatNoCradle|move: Toxic Spikes
|
|upkeep
|turn|30
|
|t:|1760740609
|move|p1a: Toxapex|Baneful Bunker|p1a: Toxapex
|-singleturn|p1a: Toxapex|move: Protect
|move|p2a: Tesla CyberCluck™️|Defog|p1a: Toxapex
|-activate|p1a: Toxapex|move: Protect
|
|upkeep
|turn|31
|
|t:|1760740614
|move|p2a: Tesla CyberCluck™️|Defog|p1a: Toxapex
|-unboost|p1a: Toxapex|evasion|1
|-sideend|p2: NoCatNoCradle|Toxic Spikes|[from] move: Defog|[of] p2a: Tesla CyberCluck™️
|move|p1a: Toxapex|Toxic Spikes|p2a: Tesla CyberCluck™️
|-sidestart|p2: NoCatNoCradle|move: Toxic Spikes
|
|upkeep
|turn|32
|
|t:|1760740624
|move|p2a: Tesla CyberCluck™️|Defog|p1a: Toxapex
|-unboost|p1a: Toxapex|evasion|1
|-sideend|p2: NoCatNoCradle|Toxic Spikes|[from] move: Defog|[of] p2a: Tesla CyberCluck™️
|move|p1a: Toxapex|Toxic Spikes|p2a: Tesla CyberCluck™️
|-sidestart|p2: NoCatNoCradle|move: Toxic Spikes
|
|upkeep
|turn|33
|
|t:|1760740631
|move|p2a: Tesla CyberCluck™️|Defog|p1a: Toxapex
|-unboost|p1a: Toxapex|evasion|1
|-sideend|p2: NoCatNoCradle|Toxic Spikes|[from] move: Defog|[of] p2a: Tesla CyberCluck™️
|move|p1a: Toxapex|Toxic Spikes|p2a: Tesla CyberCluck™️
|-sidestart|p2: NoCatNoCradle|move: Toxic Spikes
|
|upkeep
|turn|34
|
|t:|1760740637
|move|p2a: Tesla CyberCluck™️|Brave Bird|p1a: Toxapex
|-damage|p1a: Toxapex|14/100
|-damage|p2a: Tesla CyberCluck™️|75/100|[from] Recoil
|move|p1a: Toxapex|Toxic Spikes|p2a: Tesla CyberCluck™️
|-sidestart|p2: NoCatNoCradle|move: Toxic Spikes
|
|-heal|p1a: Toxapex|20/100|[from] item: Leftovers
|upkeep
|turn|35
|
|t:|1760740645
|move|p2a: Tesla CyberCluck™️|Roost|p2a: Tesla CyberCluck™️
|-heal|p2a: Tesla CyberCluck™️|100/100
|-singleturn|p2a: Tesla CyberCluck™️|move: Roost
|move|p1a: Toxapex|Toxic Spikes||[still]
|-fail|p1a: Toxapex
|
|-heal|p1a: Toxapex|26/100|[from] item: Leftovers
|upkeep
|turn|36
|
|t:|1760740654
|move|p2a: Tesla CyberCluck™️|Defog|p1a: Toxapex
|-unboost|p1a: Toxapex|evasion|1
|-sideend|p2: NoCatNoCradle|Toxic Spikes|[from] move: Defog|[of] p2a: Tesla CyberCluck™️
|move|p1a: Toxapex|Toxic Spikes|p2a: Tesla CyberCluck™️
|-sidestart|p2: NoCatNoCradle|move: Toxic Spikes
|
|-heal|p1a: Toxapex|32/100|[from] item: Leftovers
|upkeep
|turn|37
|
|t:|1760740662
|move|p2a: Tesla CyberCluck™️|Brave Bird|p1a: Toxapex
|-damage|p1a: Toxapex|0 fnt
|faint|p1a: Toxapex
|-damage|p2a: Tesla CyberCluck™️|91/100|[from] Recoil
|
|upkeep
|
|t:|1760740666
|switch|p1a: Dragapult|Dragapult, M|100/100
|turn|38
|
|t:|1760740670
|move|p1a: Dragapult|Thunderbolt|p2a: Tesla CyberCluck™️
|-supereffective|p2a: Tesla CyberCluck™️
|-damage|p2a: Tesla CyberCluck™️|33/100
|move|p2a: Tesla CyberCluck™️|Brave Bird|p1a: Dragapult
|-crit|p1a: Dragapult
|-damage|p1a: Dragapult|0 fnt
|faint|p1a: Dragapult
|-damage|p2a: Tesla CyberCluck™️|2/100|[from] Recoil
|
|upkeep
|
|t:|1760740676
|switch|p1a: Great Tusk|Great Tusk|9/100
|turn|39
|
|t:|1760740681
|move|p1a: Great Tusk|Knock Off|p2a: Tesla CyberCluck™️
|-damage|p2a: Tesla CyberCluck™️|0 fnt
|faint|p2a: Tesla CyberCluck™️
|
|upkeep
|
|t:|1760740691
|switch|p2a: wash ur clothes|Rotom-Wash, shiny|100/100
|turn|40
|
|t:|1760740702
|move|p1a: Great Tusk|Stealth Rock|p2a: wash ur clothes
|-sidestart|p2: NoCatNoCradle|move: Stealth Rock
|move|p2a: wash ur clothes|Hex|p1a: Great Tusk
|-damage|p1a: Great Tusk|0 fnt
|faint|p1a: Great Tusk
|-end|p1a: Great Tusk|Protosynthesis|[silent]
|
|upkeep
|
|t:|1760740706
|switch|p1a: Meowscarada|Meowscarada, F|50/100
|turn|41
|
|t:|1760740719
|move|p1a: Meowscarada|Knock Off|p2a: wash ur clothes
|-start|p1a: Meowscarada|typechange|Dark|[from] ability: Protean
|-damage|p2a: wash ur clothes|23/100
|-enditem|p2a: wash ur clothes|Assault Vest|[from] move: Knock Off|[of] p1a: Meowscarada
|-damage|p1a: Meowscarada|40/100|[from] item: Life Orb
|move|p2a: wash ur clothes|Discharge|p1a: Meowscarada
|-damage|p1a: Meowscarada|0 fnt
|faint|p1a: Meowscarada
|
|win|NoCatNoCradle
|raw|IMBOUTTOCUHHH's rating: 1158 &rarr; <strong>1132</strong><br />(-26 for losing)
|raw|NoCatNoCradle's rating: 1148 &rarr; <strong>1174</strong><br />(+26 for winning)
|l|☆IMBOUTTOCUHHH
|player|p1|
