|j|☆ECHEVES
|j|☆sus skibidi
|t:|1760816410
|gametype|singles
|player|p1|ECHEVES|169|1365
|player|p2|sus skibidi|miku-fire|1449
|gen|9
|tier|[Gen 9] OU
|rated|
|rule|HP Percentage Mod: HP is shown in percentages
|rule|Endless Battle Clause: Forcing endless battles is banned
|rule|Species Clause: Limit one of each Pokémon
|rule|OHKO Clause: OHKO moves are banned
|rule|Evasion Items Clause: Evasion items are banned
|rule|Evasion Moves Clause: Evasion moves are banned
|rule|Evasion Abilities Clause: Evasion abilities are banned
|rule|Sleep Moves Clause: Sleep-inducing moves are banned
|clearpoke
|poke|p1|Kingambit, M|
|poke|p1|Great Tusk|
|poke|p1|Slowking-Galar, F|
|poke|p1|Dragapult, F|
|poke|p1|Ogerpon-Wellspring, F|
|poke|p1|Heatran, F|
|poke|p2|Heatran, F|
|poke|p2|Ogerpon-Wellspring, F|
|poke|p2|Dragonite, F|
|poke|p2|Hatterene, F|
|poke|p2|Garganacl, M|
|poke|p2|Great Tusk|
|teampreview
|inactive|Battle timer is ON: inactive players will automatically lose when time's up. (requested by sus skibidi)
|
|t:|1760816436
|teamsize|p1|6
|teamsize|p2|6
|start
|switch|p1a: Ogerpon|Ogerpon-Wellspring, F|100/100
|switch|p2a: Awel Sum|Ogerpon-Wellspring, F|100/100
|turn|1
|
|t:|1760816458
|switch|p2a: Dodge|Heatran, F|100/100
|-item|p2a: Dodge|Air Balloon
|move|p1a: Ogerpon|U-turn|p2a: Dodge
|-resisted|p2a: Dodge
|-damage|p2a: Dodge|93/100
|-status|p1a: Ogerpon|brn|[from] ability: Flame Body|[of] p2a: Dodge
|-enditem|p2a: Dodge|Air Balloon
|c|☆sus skibidi|nice one pal!
|
|t:|1760816469
|switch|p1a: Great Tusk|Great Tusk|100/100|[from] U-turn
|
|upkeep
|turn|2
|
|t:|1760816475
|switch|p2a: Forever More Quoth|Hatterene, F|100/100
|move|p1a: Great Tusk|Knock Off|p2a: Forever More Quoth
|-damage|p2a: Forever More Quoth|73/100
|-damage|p1a: Great Tusk|84/100|[from] item: Rocky Helmet|[of] p2a: Forever More Quoth
|-enditem|p2a: Forever More Quoth|Rocky Helmet|[from] move: Knock Off|[of] p1a: Great Tusk
|
|upkeep
|turn|3
|
|t:|1760816488
|-end|p1a: Great Tusk|Protosynthesis|[silent]
|switch|p1a: Heatran|Heatran, F|100/100
|-item|p1a: Heatran|Air Balloon
|move|p2a: Forever More Quoth|Nuzzle|p1a: Heatran
|-damage|p1a: Heatran|97/100
|-status|p1a: Heatran|par
|-enditem|p1a: Heatran|Air Balloon
|
|upkeep
|turn|4
|
|t:|1760816495
|move|p2a: Forever More Quoth|Psychic Noise|p1a: Heatran
|-resisted|p1a: Heatran
|-damage|p1a: Heatran|87/100 par
|-start|p1a: Heatran|move: Heal Block
|move|p1a: Heatran|Stealth Rock|p2a: Forever More Quoth
|move|p2a: Forever More Quoth|Stealth Rock|p1a: Heatran|[from] ability: Magic Bounce
|-sidestart|p1: ECHEVES|move: Stealth Rock
|
|upkeep
|turn|5
|-message|ECHEVES forfeited.
|
|win|sus skibidi
|raw|ECHEVES's rating: 1365 &rarr; <strong>1350</strong><br />(-15 for losing)
|raw|sus skibidi's rating: 1449 &rarr; <strong>1464</strong><br />(+15 for winning)
|l|☆ECHEVES
|player|p1|
|c|☆sus skibidi|lol!
