|j|☆rimarien
|j|☆crackstone
|t:|1760866790
|gametype|singles
|player|p1|rimarien|elesa|1325
|player|p2|crackstone|266|1390
|gen|9
|tier|[Gen 9] OU
|rated|
|rule|HP Percentage Mod: HP is shown in percentages
|rule|Endless Battle Clause: Forcing endless battles is banned
|rule|Species Clause: Limit one of each Pokémon
|rule|OHKO Clause: OHKO moves are banned
|rule|Evasion Items Clause: Evasion items are banned
|rule|Evasion Moves Clause: Evasion moves are banned
|rule|Evasion Abilities Clause: Evasion abilities are banned
|rule|Sleep Moves Clause: Sleep-inducing moves are banned
|clearpoke
|poke|p1|Azumarill, M|
|poke|p1|Landorus-Therian, M|
|poke|p1|Meowscarada, F|
|poke|p1|Cinderace, F|
|poke|p1|Iron Valiant|
|poke|p1|Slowking-Galar, F|
|poke|p2|Kingambit, M|
|poke|p2|Iron Valiant|
|poke|p2|Landorus-Therian, M|
|poke|p2|Keldeo|
|poke|p2|Iron Moth|
|poke|p2|Dragapult, M|
|teampreview
|inactive|Battle timer is ON: inactive players will automatically lose when time's up. (requested by crackstone)
|
|t:|1760866802
|teamsize|p1|6
|teamsize|p2|6
|start
|switch|p1a: Landorus|Landorus-Therian, M|100/100
|switch|p2a: Keldeo|Keldeo, shiny|100/100
|-ability|p1a: Landorus|Intimidate|boost
|-unboost|p2a: Keldeo|atk|1
|turn|1
|inactive|crackstone has 120 seconds left.
|
|t:|1760866836
|move|p1a: Landorus|U-turn|p2a: Keldeo
|-resisted|p2a: Keldeo
|-damage|p2a: Keldeo|83/100
|
|t:|1760866840
|switch|p1a: Slowking|Slowking-Galar, F|100/100|[from] U-turn
|move|p2a: Keldeo|Surf|p1a: Slowking
|-damage|p1a: Slowking|76/100
|
|upkeep
|turn|2
|inactive|crackstone has 120 seconds left.
|
|t:|1760866856
|move|p2a: Keldeo|Flip Turn|p1a: Slowking
|-damage|p1a: Slowking|68/100
|
|t:|1760866857
|switch|p2a: Landorus|Landorus-Therian, M, shiny|100/100|[from] Flip Turn
|-ability|p2a: Landorus|Intimidate|boost
|-unboost|p1a: Slowking|atk|1
|move|p1a: Slowking|Psychic|p2a: Landorus
|-damage|p2a: Landorus|49/100
|
|upkeep
|turn|3
|
|t:|1760866866
|switch|p1a: Landorus|Landorus-Therian, M|100/100
|-ability|p1a: Landorus|Intimidate|boost
|-unboost|p2a: Landorus|atk|1
|move|p2a: Landorus|Stealth Rock|p1a: Landorus
|-sidestart|p1: rimarien|move: Stealth Rock
|
|upkeep
|turn|4
|
|t:|1760866877
|move|p1a: Landorus|Stone Edge|p2a: Landorus
|-crit|p2a: Landorus
|-damage|p2a: Landorus|0 fnt
|faint|p2a: Landorus
|
|upkeep
|
|t:|1760866885
|switch|p2a: Meruem|Kingambit, M, shiny|100/100
|-activate|p2a: Meruem|ability: Supreme Overlord
|-start|p2a: Meruem|fallen1|[silent]
|turn|5
|
|t:|1760866900
|switch|p1a: Meowscarada|Meowscarada, F|100/100
|-damage|p1a: Meowscarada|88/100|[from] Stealth Rock
|move|p2a: Meruem|Low Kick|p1a: Meowscarada
|-supereffective|p1a: Meowscarada
|-damage|p1a: Meowscarada|7/100
|
|upkeep
|turn|6
|
|t:|1760866909
|move|p2a: Meruem|Sucker Punch|p1a: Meowscarada
|-resisted|p1a: Meowscarada
|-damage|p1a: Meowscarada|0 fnt
|faint|p1a: Meowscarada
|
|upkeep
|
|t:|1760866912
|switch|p1a: Cinderace|Cinderace, F|100/100
|turn|7
|
|t:|1760866915
|move|p1a: Cinderace|Will-O-Wisp|p2a: Meruem|[miss]
|-miss|p1a: Cinderace|p2a: Meruem
|move|p2a: Meruem|Low Kick|p1a: Cinderace
|-damage|p1a: Cinderace|68/100
|
|upkeep
|turn|8
|
|t:|1760866919
|-end|p2a: Meruem|fallen1|[silent]
|switch|p2a: Dragapult|Dragapult, M, shiny|100/100
|move|p1a: Cinderace|Will-O-Wisp|p2a: Dragapult
|-status|p2a: Dragapult|brn
|
|-damage|p2a: Dragapult|95/100 brn|[from] brn
|upkeep
|turn|9
|
|t:|1760866926
|move|p2a: Dragapult|Shadow Ball|p1a: Cinderace
|-damage|p1a: Cinderace|11/100
|-damage|p2a: Dragapult|85/100 brn|[from] item: Life Orb
|move|p1a: Cinderace|Court Change|p1a: Cinderace
|-swapsideconditions
|-activate|p1a: Cinderace|move: Court Change
|
|-damage|p2a: Dragapult|79/100 brn|[from] brn
|upkeep
|turn|10
|
|t:|1760866939
|switch|p1a: Landorus|Landorus-Therian, M|100/100
|-ability|p1a: Landorus|Intimidate|boost
|-unboost|p2a: Dragapult|atk|1
|move|p2a: Dragapult|Shadow Ball|p1a: Landorus
|-damage|p1a: Landorus|43/100
|-damage|p2a: Dragapult|69/100 brn|[from] item: Life Orb
|
|-damage|p2a: Dragapult|63/100 brn|[from] brn
|upkeep
|turn|11
|
|t:|1760866946
|move|p2a: Dragapult|Shadow Ball|p1a: Landorus
|-damage|p1a: Landorus|0 fnt
|faint|p1a: Landorus
|-damage|p2a: Dragapult|53/100 brn|[from] item: Life Orb
|
|-damage|p2a: Dragapult|47/100 brn|[from] brn
|upkeep
|
|t:|1760866960
|switch|p1a: Azumarill|Azumarill, M|100/100
|turn|12
|
|t:|1760866966
|move|p2a: Dragapult|Thunderbolt|p1a: Azumarill
|-supereffective|p1a: Azumarill
|-damage|p1a: Azumarill|12/100
|-enditem|p1a: Azumarill|Sitrus Berry|[eat]
|-heal|p1a: Azumarill|36/100|[from] item: Sitrus Berry
|-damage|p2a: Dragapult|37/100 brn|[from] item: Life Orb
|move|p1a: Azumarill|Belly Drum||[still]
|-fail|p1a: Azumarill
|
|-damage|p2a: Dragapult|31/100 brn|[from] brn
|upkeep
|turn|13
|
|t:|1760866973
|move|p1a: Azumarill|Aqua Jet|p2a: Dragapult
|-resisted|p2a: Dragapult
|-damage|p2a: Dragapult|15/100 brn
|move|p2a: Dragapult|Thunderbolt|p1a: Azumarill
|-supereffective|p1a: Azumarill
|-damage|p1a: Azumarill|0 fnt
|faint|p1a: Azumarill
|-damage|p2a: Dragapult|6/100 brn|[from] item: Life Orb
|
|-damage|p2a: Dragapult|0 fnt|[from] brn
|faint|p2a: Dragapult
|upkeep
|
|t:|1760866984
|switch|p2a: Iron Valiant|Iron Valiant, shiny|100/100
|switch|p1a: Slowking|Slowking-Galar, F|100/100
|-damage|p2a: Iron Valiant|94/100|[from] Stealth Rock
|turn|14
|
|t:|1760866995
|move|p2a: Iron Valiant|Ice Punch|p1a: Slowking
|-damage|p1a: Slowking|72/100
|-damage|p2a: Iron Valiant|85/100|[from] item: Life Orb
|move|p1a: Slowking|Psychic|p2a: Iron Valiant
|-supereffective|p2a: Iron Valiant
|-damage|p2a: Iron Valiant|0 fnt
|faint|p2a: Iron Valiant
|-end|p2a: Iron Valiant|Quark Drive|[silent]
|
|upkeep
|
|t:|1760867002
|switch|p2a: Anomаly|Iron Moth, shiny|100/100
|-damage|p2a: Anomаly|76/100|[from] Stealth Rock
|-enditem|p2a: Anomаly|Booster Energy
|-activate|p2a: Anomаly|ability: Quark Drive|[fromitem]
|-start|p2a: Anomаly|quarkdrivespe
|turn|15
|
|t:|1760867006
|-terastallize|p2a: Anomаly|Ground
|move|p2a: Anomаly|Tera Blast|p1a: Slowking|[anim] Tera Blast Ground
|-supereffective|p1a: Slowking
|-crit|p1a: Slowking
|-damage|p1a: Slowking|1/100
|move|p1a: Slowking|Psychic|p2a: Anomаly
|-damage|p2a: Anomаly|36/100
|
|upkeep
|turn|16
|
|t:|1760867013
|move|p2a: Anomаly|Fiery Dance|p1a: Slowking
|-damage|p1a: Slowking|0 fnt
|-boost|p2a: Anomаly|spa|1
|faint|p1a: Slowking
|
|upkeep
|
|t:|1760867015
|switch|p1a: Iron Valiant|Iron Valiant|100/100
|-enditem|p1a: Iron Valiant|Booster Energy
|-activate|p1a: Iron Valiant|ability: Quark Drive|[fromitem]
|-start|p1a: Iron Valiant|quarkdrivespe
|turn|17
|
|t:|1760867020
|move|p1a: Iron Valiant|Moonblast|p2a: Anomаly
|-damage|p2a: Anomаly|0 fnt
|faint|p2a: Anomаly
|-end|p2a: Anomаly|Quark Drive|[silent]
|
|upkeep
|
|t:|1760867023
|switch|p2a: Meruem|Kingambit, M, shiny|100/100
|-damage|p2a: Meruem|94/100|[from] Stealth Rock
|-activate|p2a: Meruem|ability: Supreme Overlord
|-start|p2a: Meruem|fallen4|[silent]
|turn|18
|
|t:|1760867025
|move|p1a: Iron Valiant|Close Combat|p2a: Meruem
|-supereffective|p2a: Meruem
|-damage|p2a: Meruem|0 fnt
|-unboost|p1a: Iron Valiant|def|1
|-unboost|p1a: Iron Valiant|spd|1
|faint|p2a: Meruem
|-end|p2a: Meruem|fallen4|[silent]
|
|upkeep
|
|t:|1760867031
|switch|p2a: Keldeo|Keldeo, shiny|83/100
|turn|19
|
|t:|1760867033
|move|p1a: Iron Valiant|Moonblast|p2a: Keldeo
|-supereffective|p2a: Keldeo
|-damage|p2a: Keldeo|0 fnt
|faint|p2a: Keldeo
|
|win|rimarien
|raw|rimarien's rating: 1325 &rarr; <strong>1350</strong><br />(+25 for winning)
|raw|crackstone's rating: 1411 &rarr; <strong>1386</strong><br />(-25 for losing)
|l|☆rimarien
|player|p1|
|l|☆crackstone
|player|p2|
