|j|☆hey_rain_maker
|j|☆hahajustin
|t:|1760760245
|gametype|singles
|player|p1|hey_rain_maker|caitlin|1645
|player|p2|hahajustin|shadowtriad|1672
|gen|9
|tier|[Gen 9] OU
|rated|
|rule|HP Percentage Mod: HP is shown in percentages
|rule|Endless Battle Clause: Forcing endless battles is banned
|rule|Species Clause: Limit one of each Pokémon
|rule|OHKO Clause: OHKO moves are banned
|rule|Evasion Items Clause: Evasion items are banned
|rule|Evasion Moves Clause: Evasion moves are banned
|rule|Evasion Abilities Clause: Evasion abilities are banned
|rule|Sleep Moves Clause: Sleep-inducing moves are banned
|clearpoke
|poke|p1|Samurott-Hisui, M|
|poke|p1|Darkrai|
|poke|p1|Gliscor, F|
|poke|p1|Cinderace, M|
|poke|p1|Raging Bolt|
|poke|p1|Ogerpon-Wellspring, F|
|poke|p2|Landorus-Therian, M|
|poke|p2|Scizor, F|
|poke|p2|Hatterene, F|
|poke|p2|Raging Bolt|
|poke|p2|Zamazenta-*|
|poke|p2|Meowscarada, F|
|teampreview
|inactive|Battle timer is ON: inactive players will automatically lose when time's up. (requested by hey_rain_maker)
|
|t:|1760760251
|teamsize|p1|6
|teamsize|p2|6
|start
|switch|p1a: Cinderace|Cinderace, M|100/100
|switch|p2a: Meowscarada|Meowscarada, F|100/100
|turn|1
|
|t:|1760760260
|move|p2a: Meowscarada|U-turn|p1a: Cinderace
|-start|p2a: Meowscarada|typechange|Bug|[from] ability: Protean
|-resisted|p1a: Cinderace
|-damage|p1a: Cinderace|71/100
|
|t:|1760760268
|switch|p2a: Landorus|Landorus-Therian, M|100/100|[from] U-turn
|-ability|p2a: Landorus|Intimidate|boost
|-unboost|p1a: Cinderace|atk|1
|move|p1a: Cinderace|U-turn|p2a: Landorus
|-resisted|p2a: Landorus
|-damage|p2a: Landorus|94/100
|-damage|p1a: Cinderace|54/100|[from] item: Rocky Helmet|[of] p2a: Landorus
|
|t:|1760760273
|switch|p1a: Gliscor|Gliscor, F|100/100|[from] U-turn
|
|-status|p1a: Gliscor|tox|[from] item: Toxic Orb
|upkeep
|turn|2
|j| dogof1v1
|
|t:|1760760282
|move|p2a: Landorus|U-turn|p1a: Gliscor
|-resisted|p1a: Gliscor
|-damage|p1a: Gliscor|94/100 tox
|
|t:|1760760285
|switch|p2a: Hatterene|Hatterene, F|100/100|[from] U-turn
|move|p1a: Gliscor|Knock Off|p2a: Hatterene
|-damage|p2a: Hatterene|84/100
|-enditem|p2a: Hatterene|Assault Vest|[from] move: Knock Off|[of] p1a: Gliscor
|
|-heal|p1a: Gliscor|100/100 tox|[from] ability: Poison Heal
|upkeep
|turn|3
|
|t:|1760760289
|switch|p1a: Cinderace|Cinderace, M|54/100
|move|p2a: Hatterene|Psychic Noise|p1a: Cinderace
|-damage|p1a: Cinderace|16/100
|-start|p1a: Cinderace|move: Heal Block
|
|upkeep
|turn|4
|
|t:|1760760310
|switch|p2a: Raging Bolt|Raging Bolt|100/100
|move|p1a: Cinderace|Pyro Ball|p2a: Raging Bolt
|-resisted|p2a: Raging Bolt
|-damage|p2a: Raging Bolt|65/100
|
|-end|p1a: Cinderace|move: Heal Block
|upkeep
|turn|5
|
|t:|1760760315
|move|p1a: Cinderace|Will-O-Wisp|p2a: Raging Bolt
|-status|p2a: Raging Bolt|brn
|move|p2a: Raging Bolt|Draco Meteor|p1a: Cinderace
|-crit|p1a: Cinderace
|-damage|p1a: Cinderace|0 fnt
|-unboost|p2a: Raging Bolt|spa|2
|faint|p1a: Cinderace
|
|-damage|p2a: Raging Bolt|59/100 brn|[from] brn
|upkeep
|
|t:|1760760321
|switch|p1a: Gliscor|Gliscor, F|100/100 tox
|turn|6
|
|t:|1760760325
|-end|p2a: Raging Bolt|Protosynthesis|[silent]
|switch|p2a: Hatterene|Hatterene, F|84/100
|move|p1a: Gliscor|Knock Off|p2a: Hatterene
|-damage|p2a: Hatterene|71/100
|
|upkeep
|turn|7
|
|t:|1760760330
|move|p1a: Gliscor|Earthquake|p2a: Hatterene
|-damage|p2a: Hatterene|44/100
|move|p2a: Hatterene|Draining Kiss|p1a: Gliscor
|-crit|p1a: Gliscor
|-damage|p1a: Gliscor|57/100 tox
|-heal|p2a: Hatterene|80/100|[from] drain|[of] p1a: Gliscor
|
|-heal|p1a: Gliscor|69/100 tox|[from] ability: Poison Heal
|upkeep
|turn|8
|
|t:|1760760342
|move|p1a: Gliscor|Earthquake|p2a: Hatterene
|-damage|p2a: Hatterene|54/100
|move|p2a: Hatterene|Psychic Noise|p1a: Gliscor
|-damage|p1a: Gliscor|27/100 tox
|-start|p1a: Gliscor|move: Heal Block
|
|upkeep
|turn|9
|
|t:|1760760350
|switch|p2a: Meowscarada|Meowscarada, F|100/100
|move|p1a: Gliscor|Earthquake|p2a: Meowscarada
|-resisted|p2a: Meowscarada
|-damage|p2a: Meowscarada|73/100
|
|-end|p1a: Gliscor|move: Heal Block
|upkeep
|turn|10
|
|t:|1760760357
|move|p2a: Meowscarada|Flower Trick|p1a: Gliscor
|-start|p2a: Meowscarada|typechange|Grass|[from] ability: Protean
|-crit|p1a: Gliscor
|-damage|p1a: Gliscor|0 fnt
|faint|p1a: Gliscor
|
|upkeep
|
|t:|1760760360
|switch|p1a: Darkrai|Darkrai|100/100
|turn|11
|
|t:|1760760374
|switch|p2a: Hatterene|Hatterene, F|54/100
|move|p1a: Darkrai|Trick|p2a: Hatterene
|-activate|p1a: Darkrai|move: Trick|[of] p2a: Hatterene
|-item|p2a: Hatterene|Choice Specs|[from] move: Trick
|-enditem|p1a: Darkrai|Choice Specs|[silent]|[from] move: Trick
|
|upkeep
|turn|12
|
|t:|1760760396
|switch|p2a: Scizor|Scizor, F|100/100
|move|p1a: Darkrai|Sludge Bomb|p2a: Scizor
|-immune|p2a: Scizor
|
|upkeep
|turn|13
|
|t:|1760760403
|move|p1a: Darkrai|Dark Pulse|p2a: Scizor
|-crit|p2a: Scizor
|-damage|p2a: Scizor|24/100
|-enditem|p2a: Scizor|Sitrus Berry|[eat]
|-heal|p2a: Scizor|48/100|[from] item: Sitrus Berry
|move|p2a: Scizor|U-turn|p1a: Darkrai
|-supereffective|p1a: Darkrai
|-damage|p1a: Darkrai|2/100
|
|t:|1760760414
|switch|p2a: Zamazenta|Zamazenta|100/100|[from] U-turn
|-ability|p2a: Zamazenta|Dauntless Shield|boost
|-boost|p2a: Zamazenta|def|1
|
|upkeep
|turn|14
|
|t:|1760760429
|move|p2a: Zamazenta|Crunch|p1a: Darkrai
|-resisted|p1a: Darkrai
|-damage|p1a: Darkrai|0 fnt
|faint|p1a: Darkrai
|-damage|p2a: Zamazenta|91/100|[from] item: Life Orb
|
|upkeep
|
|t:|1760760437
|switch|p1a: Raging Bolt|Raging Bolt|100/100
|turn|15
|
|t:|1760760449
|switch|p2a: Hatterene|Hatterene, F|54/100
|move|p1a: Raging Bolt|Dragon Pulse|p2a: Hatterene
|-immune|p2a: Hatterene
|
|upkeep
|turn|16
|
|t:|1760760454
|move|p1a: Raging Bolt|Thunderbolt|p2a: Hatterene
|-damage|p2a: Hatterene|11/100
|move|p2a: Hatterene|Draining Kiss|p1a: Raging Bolt
|-supereffective|p1a: Raging Bolt
|-damage|p1a: Raging Bolt|47/100
|-heal|p2a: Hatterene|68/100|[from] drain|[of] p1a: Raging Bolt
|
|-heal|p1a: Raging Bolt|53/100|[from] item: Leftovers
|upkeep
|turn|17
|
|t:|1760760461
|move|p1a: Raging Bolt|Thunderbolt|p2a: Hatterene
|-damage|p2a: Hatterene|24/100
|move|p2a: Hatterene|Draining Kiss|p1a: Raging Bolt
|-supereffective|p1a: Raging Bolt
|-damage|p1a: Raging Bolt|0 fnt
|-heal|p2a: Hatterene|80/100|[from] drain|[of] p1a: Raging Bolt
|faint|p1a: Raging Bolt
|-end|p1a: Raging Bolt|Protosynthesis|[silent]
|
|upkeep
|
|t:|1760760463
|switch|p1a: Ogerpon|Ogerpon-Wellspring, F|100/100
|turn|18
|
|t:|1760760466
|-terastallize|p1a: Ogerpon|Water
|detailschange|p1a: Ogerpon|Ogerpon-Wellspring-Tera, F, tera:Water
|-ability|p1a: Ogerpon|Embody Aspect (Wellspring)|boost
|-boost|p1a: Ogerpon|spd|1
|move|p1a: Ogerpon|Substitute|p1a: Ogerpon
|-start|p1a: Ogerpon|Substitute
|-damage|p1a: Ogerpon|75/100
|move|p2a: Hatterene|Draining Kiss|p1a: Ogerpon
|-activate|p1a: Ogerpon|move: Substitute|[damage]
|-heal|p2a: Hatterene|99/100|[from] drain|[of] p1a: Ogerpon
|
|upkeep
|turn|19
|
|t:|1760760478
|move|p1a: Ogerpon|Swords Dance|p1a: Ogerpon
|-boost|p1a: Ogerpon|atk|2
|move|p2a: Hatterene|Draining Kiss|p1a: Ogerpon
|-end|p1a: Ogerpon|Substitute
|-heal|p2a: Hatterene|100/100|[from] drain|[of] p1a: Ogerpon
|
|upkeep
|turn|20
|
|t:|1760760486
|move|p1a: Ogerpon|Substitute|p1a: Ogerpon
|-start|p1a: Ogerpon|Substitute
|-damage|p1a: Ogerpon|50/100
|move|p2a: Hatterene|Draining Kiss|p1a: Ogerpon
|-activate|p1a: Ogerpon|move: Substitute|[damage]
|
|upkeep
|turn|21
|
|t:|1760760492
|move|p1a: Ogerpon|Horn Leech|p2a: Hatterene
|-damage|p2a: Hatterene|42/100
|-heal|p1a: Ogerpon|76/100|[from] drain|[of] p2a: Hatterene
|move|p2a: Hatterene|Draining Kiss|p1a: Ogerpon
|-end|p1a: Ogerpon|Substitute
|-heal|p2a: Hatterene|44/100|[from] drain|[of] p1a: Ogerpon
|
|upkeep
|turn|22
|
|t:|1760760496
|switch|p2a: Meowscarada|Meowscarada, F|73/100
|move|p1a: Ogerpon|Substitute|p1a: Ogerpon
|-start|p1a: Ogerpon|Substitute
|-damage|p1a: Ogerpon|51/100
|
|upkeep
|turn|23
|
|t:|1760760506
|move|p2a: Meowscarada|U-turn|p1a: Ogerpon
|-start|p2a: Meowscarada|typechange|Bug|[from] ability: Protean
|-crit|p1a: Ogerpon
|-end|p1a: Ogerpon|Substitute
|-message|hey_rain_maker forfeited.
|
|win|hahajustin
|raw|hey_rain_maker's rating: 1645 &rarr; <strong>1627</strong><br />(-18 for losing)
|raw|hahajustin's rating: 1672 &rarr; <strong>1690</strong><br />(+18 for winning)
|l|☆hey_rain_maker
|player|p1|
|l|☆hahajustin
|player|p2|
|l| dogof1v1
