|j|☆ilytrix
|j|☆healorant
|t:|1760719573
|gametype|singles
|player|p1|ilytrix|n-masters|1753
|player|p2|healorant|alder|1797
|gen|9
|tier|[Gen 9] OU
|rated|
|rule|HP Percentage Mod: HP is shown in percentages
|rule|Endless Battle Clause: Forcing endless battles is banned
|rule|Species Clause: Limit one of each Pokémon
|rule|OHKO Clause: OHKO moves are banned
|rule|Evasion Items Clause: Evasion items are banned
|rule|Evasion Moves Clause: Evasion moves are banned
|rule|Evasion Abilities Clause: Evasion abilities are banned
|rule|Sleep Moves Clause: Sleep-inducing moves are banned
|clearpoke
|poke|p1|Ceruledge, M|
|poke|p1|Raging Bolt|
|poke|p1|Latias, F|
|poke|p1|Kyurem|
|poke|p1|Ninetales-Alola, F|
|poke|p1|Iron Moth|
|poke|p2|Rillaboom, M|
|poke|p2|Hatterene, F|
|poke|p2|Tornadus-Therian, M|
|poke|p2|Kyurem|
|poke|p2|Garchomp, M|
|poke|p2|Darkrai|
|teampreview
|inactive|Battle timer is ON: inactive players will automatically lose when time's up. (requested by healorant)
|
|t:|1760719591
|teamsize|p1|6
|teamsize|p2|6
|start
|switch|p1a: MoveMerchant|Iron Moth|100/100
|switch|p2a: Tornadus|Tornadus-Therian, M|100/100
|-enditem|p1a: MoveMerchant|Booster Energy
|-activate|p1a: MoveMerchant|ability: Quark Drive|[fromitem]
|-start|p1a: MoveMerchant|quarkdrivespe
|turn|1
|
|t:|1760719596
|move|p1a: MoveMerchant|Fiery Dance|p2a: Tornadus
|-damage|p2a: Tornadus|73/100
|-boost|p1a: MoveMerchant|spa|1
|move|p2a: Tornadus|U-turn|p1a: MoveMerchant
|-resisted|p1a: MoveMerchant
|-damage|p1a: MoveMerchant|95/100
|
|t:|1760719600
|switch|p2a: Garchomp|Garchomp, M|100/100|[from] U-turn
|
|upkeep
|turn|2
|
|t:|1760719603
|move|p1a: MoveMerchant|Dazzling Gleam|p2a: Garchomp
|-supereffective|p2a: Garchomp
|-damage|p2a: Garchomp|29/100
|move|p2a: Garchomp|Earthquake|p1a: MoveMerchant
|-supereffective|p1a: MoveMerchant
|-damage|p1a: MoveMerchant|0 fnt
|faint|p1a: MoveMerchant
|-end|p1a: MoveMerchant|Quark Drive|[silent]
|
|upkeep
|
|t:|1760719606
|switch|p1a: snow bunny|Ninetales-Alola, F|100/100
|-weather|Snowscape|[from] ability: Snow Warning|[of] p1a: snow bunny
|turn|3
|
|t:|1760719611
|switch|p2a: Kyurem|Kyurem|100/100
|-ability|p2a: Kyurem|Pressure
|move|p1a: snow bunny|Freeze-Dry|p2a: Kyurem
|-damage|p2a: Kyurem|84/100
|
|-weather|Snowscape|[upkeep]
|upkeep
|turn|4
|
|t:|1760719616
|move|p1a: snow bunny|Aurora Veil|p1a: snow bunny
|-sidestart|p1: ilytrix|move: Aurora Veil
|move|p2a: Kyurem|Flash Cannon|p1a: snow bunny
|-supereffective|p1a: snow bunny
|-damage|p1a: snow bunny|36/100
|
|-weather|Snowscape|[upkeep]
|upkeep
|turn|5
|
|t:|1760719620
|switch|p1a: 50/50|Raging Bolt|100/100
|-enditem|p1a: 50/50|Booster Energy
|-activate|p1a: 50/50|ability: Protosynthesis|[fromitem]
|-start|p1a: 50/50|protosynthesisspa
|move|p2a: Kyurem|Freeze-Dry|p1a: 50/50
|-supereffective|p1a: 50/50
|-damage|p1a: 50/50|73/100
|
|-weather|Snowscape|[upkeep]
|upkeep
|turn|6
|
|t:|1760719634
|move|p2a: Kyurem|Ice Beam|p1a: 50/50
|-supereffective|p1a: 50/50
|-damage|p1a: 50/50|30/100
|move|p1a: 50/50|Calm Mind|p1a: 50/50
|-boost|p1a: 50/50|spa|1
|-boost|p1a: 50/50|spd|1
|
|-weather|Snowscape|[upkeep]
|upkeep
|turn|7
|
|t:|1760719639
|move|p2a: Kyurem|Ice Beam|p1a: 50/50
|-supereffective|p1a: 50/50
|-damage|p1a: 50/50|6/100
|move|p1a: 50/50|Dragon Pulse|p2a: Kyurem
|-supereffective|p2a: Kyurem
|-damage|p2a: Kyurem|0 fnt
|faint|p2a: Kyurem
|
|-weather|none
|upkeep
|
|t:|1760719644
|switch|p2a: Garchomp|Garchomp, M|29/100
|turn|8
|
|t:|1760719646
|move|p2a: Garchomp|Earthquake|p1a: 50/50
|-supereffective|p1a: 50/50
|-damage|p1a: 50/50|0 fnt
|faint|p1a: 50/50
|-end|p1a: 50/50|Protosynthesis|[silent]
|
|upkeep
|
|t:|1760719653
|switch|p1a: rng my ahh|Kyurem|100/100
|-ability|p1a: rng my ahh|Pressure
|turn|9
|
|t:|1760719657
|move|p1a: rng my ahh|Dragon Dance|p1a: rng my ahh
|-boost|p1a: rng my ahh|atk|1
|-boost|p1a: rng my ahh|spe|1
|move|p2a: Garchomp|Dragon Tail|p1a: rng my ahh
|-supereffective|p1a: rng my ahh
|-damage|p1a: rng my ahh|74/100
|drag|p1a: realpsyspam|Latias, F|100/100
|
|upkeep
|turn|10
|
|t:|1760719662
|switch|p1a: snow bunny|Ninetales-Alola, F|36/100
|-weather|Snowscape|[from] ability: Snow Warning|[of] p1a: snow bunny
|move|p2a: Garchomp|Stealth Rock|p1a: snow bunny
|-sidestart|p1: ilytrix|move: Stealth Rock
|
|-weather|Snowscape|[upkeep]
|upkeep
|turn|11
|
|t:|1760719668
|switch|p2a: Tornadus|Tornadus-Therian, M|100/100
|move|p1a: snow bunny|Encore||[still]
|-fail|p1a: snow bunny
|
|-weather|Snowscape|[upkeep]
|-sideend|p1: ilytrix|move: Aurora Veil
|upkeep
|turn|12
|
|t:|1760719671
|move|p2a: Tornadus|Heat Wave|p1a: snow bunny
|-supereffective|p1a: snow bunny
|-damage|p1a: snow bunny|0 fnt
|faint|p1a: snow bunny
|
|-weather|Snowscape|[upkeep]
|upkeep
|
|t:|1760719675
|switch|p1a: rng my ahh|Kyurem|74/100
|-damage|p1a: rng my ahh|49/100|[from] Stealth Rock
|-ability|p1a: rng my ahh|Pressure
|turn|13
|
|t:|1760719686
|move|p2a: Tornadus|U-turn|p1a: rng my ahh
|-damage|p1a: rng my ahh|39/100
|
|t:|1760719688
|switch|p2a: Darkrai|Darkrai|100/100|[from] U-turn
|move|p1a: rng my ahh|Dragon Dance|p1a: rng my ahh
|-boost|p1a: rng my ahh|atk|1
|-boost|p1a: rng my ahh|spe|1
|
|-weather|Snowscape|[upkeep]
|upkeep
|turn|14
|
|t:|1760719691
|move|p1a: rng my ahh|Icicle Spear|p2a: Darkrai
|-damage|p2a: Darkrai|72/100
|-damage|p2a: Darkrai|42/100
|-damage|p2a: Darkrai|15/100
|-damage|p2a: Darkrai|0 fnt
|faint|p2a: Darkrai
|-hitcount|p2: Darkrai|4
|
|-weather|none
|upkeep
|
|t:|1760719694
|switch|p2a: Hatterene|Hatterene, F|100/100
|turn|15
|
|t:|1760719696
|move|p1a: rng my ahh|Icicle Spear|p2a: Hatterene
|-damage|p2a: Hatterene|81/100
|-damage|p2a: Hatterene|63/100
|-damage|p2a: Hatterene|45/100
|-damage|p2a: Hatterene|26/100
|-damage|p2a: Hatterene|6/100
|-hitcount|p2a: Hatterene|5
|move|p2a: Hatterene|Psychic Noise|p1a: rng my ahh
|-damage|p1a: rng my ahh|7/100
|-start|p1a: rng my ahh|move: Heal Block
|
|upkeep
|turn|16
|
|t:|1760719705
|move|p1a: rng my ahh|Icicle Spear|p2a: Hatterene
|-damage|p2a: Hatterene|0 fnt
|faint|p2a: Hatterene
|-hitcount|p2: Hatterene|1
|
|-end|p1a: rng my ahh|move: Heal Block
|upkeep
|
|t:|1760719707
|switch|p2a: Rillaboom|Rillaboom, M|100/100
|-fieldstart|move: Grassy Terrain|[from] ability: Grassy Surge|[of] p2a: Rillaboom
|turn|17
|
|t:|1760719708
|move|p2a: Rillaboom|Grassy Glide|p1a: rng my ahh
|-resisted|p1a: rng my ahh
|-damage|p1a: rng my ahh|0 fnt
|faint|p1a: rng my ahh
|-damage|p2a: Rillaboom|91/100|[from] item: Life Orb
|
|-heal|p2a: Rillaboom|97/100|[from] Grassy Terrain
|upkeep
|
|t:|1760719710
|switch|p1a: bury the light|Ceruledge, M|100/100
|-damage|p1a: bury the light|76/100|[from] Stealth Rock
|turn|18
|
|t:|1760719713
|switch|p2a: Garchomp|Garchomp, M|29/100
|move|p1a: bury the light|Bitter Blade|p2a: Garchomp
|-resisted|p2a: Garchomp
|-damage|p2a: Garchomp|14/100
|-heal|p1a: bury the light|86/100|[from] drain|[of] p2a: Garchomp
|-damage|p1a: bury the light|74/100|[from] ability: Rough Skin|[of] p2a: Garchomp
|-damage|p1a: bury the light|58/100|[from] item: Rocky Helmet|[of] p2a: Garchomp
|
|-heal|p1a: bury the light|64/100|[from] Grassy Terrain
|-heal|p2a: Garchomp|20/100|[from] Grassy Terrain
|upkeep
|turn|19
|
|t:|1760719715
|move|p1a: bury the light|Bitter Blade|p2a: Garchomp
|-resisted|p2a: Garchomp
|-damage|p2a: Garchomp|7/100
|-heal|p1a: bury the light|74/100|[from] drain|[of] p2a: Garchomp
|-damage|p1a: bury the light|61/100|[from] ability: Rough Skin|[of] p2a: Garchomp
|-damage|p1a: bury the light|45/100|[from] item: Rocky Helmet|[of] p2a: Garchomp
|move|p2a: Garchomp|Dragon Tail|p1a: bury the light
|-damage|p1a: bury the light|7/100
|-ability|p1a: bury the light|Weak Armor|boost
|-unboost|p1a: bury the light|def|1
|-boost|p1a: bury the light|spe|2
|drag|p1a: realpsyspam|Latias, F|100/100
|-damage|p1a: realpsyspam|88/100|[from] Stealth Rock
|
|-heal|p1a: realpsyspam|94/100|[from] item: Leftovers
|-heal|p2a: Garchomp|13/100|[from] Grassy Terrain
|upkeep
|turn|20
|
|t:|1760719723
|move|p1a: realpsyspam|Aura Sphere|p2a: Garchomp
|-damage|p2a: Garchomp|0 fnt
|faint|p2a: Garchomp
|
|-heal|p1a: realpsyspam|99/100|[from] item: Leftovers
|upkeep
|
|t:|1760719728
|switch|p2a: Tornadus|Tornadus-Therian, M|100/100
|turn|21
|
|t:|1760719730
|-terastallize|p1a: realpsyspam|Steel
|move|p2a: Tornadus|Knock Off|p1a: realpsyspam
|-damage|p1a: realpsyspam|74/100
|-enditem|p1a: realpsyspam|Leftovers|[from] move: Knock Off|[of] p2a: Tornadus
|move|p1a: realpsyspam|Agility|p1a: realpsyspam
|-boost|p1a: realpsyspam|spe|2
|
|-fieldend|move: Grassy Terrain
|upkeep
|turn|22
|
|t:|1760719733
|move|p1a: realpsyspam|Calm Mind|p1a: realpsyspam
|-boost|p1a: realpsyspam|spa|1
|-boost|p1a: realpsyspam|spd|1
|move|p2a: Tornadus|Heat Wave|p1a: realpsyspam
|-supereffective|p1a: realpsyspam
|-damage|p1a: realpsyspam|44/100
|
|upkeep
|turn|23
|
|t:|1760719739
|move|p1a: realpsyspam|Stored Power|p2a: Tornadus
|-damage|p2a: Tornadus|48/100
|move|p2a: Tornadus|Heat Wave|p1a: realpsyspam
|-supereffective|p1a: realpsyspam
|-damage|p1a: realpsyspam|17/100
|
|upkeep
|turn|24
|
|t:|1760719745
|move|p1a: realpsyspam|Stored Power|p2a: Tornadus
|-damage|p2a: Tornadus|0 fnt
|faint|p2a: Tornadus
|
|upkeep
|
|t:|1760719747
|switch|p2a: Rillaboom|Rillaboom, M|97/100
|-fieldstart|move: Grassy Terrain|[from] ability: Grassy Surge|[of] p2a: Rillaboom
|turn|25
|
|t:|1760719752
|move|p2a: Rillaboom|Grassy Glide|p1a: realpsyspam
|-resisted|p1a: realpsyspam
|-damage|p1a: realpsyspam|0 fnt
|faint|p1a: realpsyspam
|-damage|p2a: Rillaboom|87/100|[from] item: Life Orb
|
|-heal|p2a: Rillaboom|93/100|[from] Grassy Terrain
|upkeep
|
|t:|1760719754
|switch|p1a: bury the light|Ceruledge, M|7/100
|-damage|p1a: bury the light|0 fnt|[from] Stealth Rock
|faint|p1a: bury the light
|
|win|healorant
|raw|ilytrix's rating: 1753 &rarr; <strong>1736</strong><br />(-17 for losing)
|raw|healorant's rating: 1797 &rarr; <strong>1814</strong><br />(+17 for winning)
|l|☆ilytrix
|player|p1|
|l|☆healorant
|player|p2|
