|j|☆basedraybans
|j|☆Ahahbaha
|t:|1760847723
|gametype|singles
|player|p1|basedraybans|169|1379
|player|p2|Ahahbaha|1|1388
|gen|9
|tier|[Gen 9] OU
|rated|
|rule|HP Percentage Mod: HP is shown in percentages
|rule|Endless Battle Clause: Forcing endless battles is banned
|rule|Species Clause: Limit one of each Pokémon
|rule|OHKO Clause: OHKO moves are banned
|rule|Evasion Items Clause: Evasion items are banned
|rule|Evasion Moves Clause: Evasion moves are banned
|rule|Evasion Abilities Clause: Evasion abilities are banned
|rule|Sleep Moves Clause: Sleep-inducing moves are banned
|clearpoke
|poke|p1|Bronzong|
|poke|p1|Dragapult, M|
|poke|p1|Ting-Lu|
|poke|p1|Toxapex, M|
|poke|p1|Great Tusk|
|poke|p1|Reuniclus, F|
|poke|p2|Tyranitar, M|
|poke|p2|Gholdengo|
|poke|p2|Zamazenta-*|
|poke|p2|Rillaboom, M|
|poke|p2|Garchomp, F|
|poke|p2|Zapdos|
|teampreview
|inactive|Battle timer is ON: inactive players will automatically lose when time's up. (requested by Ahahbaha)
|inactive|basedraybans also wants the timer to be on.
|
|t:|1760847737
|teamsize|p1|6
|teamsize|p2|6
|start
|switch|p1a: Reuniclus|Reuniclus, F|100/100
|switch|p2a: Zapdos|Zapdos|100/100
|turn|1
|
|t:|1760847740
|move|p2a: Zapdos|Volt Switch|p1a: Reuniclus
|-damage|p1a: Reuniclus|67/100
|
|t:|1760847745
|switch|p2a: Tyranitar|Tyranitar, M|100/100|[from] Volt Switch
|-weather|Sandstorm|[from] ability: Sand Stream|[of] p2a: Tyranitar
|move|p1a: Reuniclus|Trick|p2a: Tyranitar
|-activate|p1a: Reuniclus|move: Trick|[of] p2a: Tyranitar
|-item|p2a: Tyranitar|Sticky Barb|[from] move: Trick
|-item|p1a: Reuniclus|Heavy-Duty Boots|[from] move: Trick
|
|-weather|Sandstorm|[upkeep]
|-damage|p2a: Tyranitar|88/100|[from] item: Sticky Barb
|upkeep
|turn|2
|
|t:|1760847760
|switch|p1a: Ting-Lu|Ting-Lu|100/100
|-ability|p1a: Ting-Lu|Vessel of Ruin
|move|p2a: Tyranitar|Knock Off|p1a: Ting-Lu
|-resisted|p1a: Ting-Lu
|-damage|p1a: Ting-Lu|87/100
|-enditem|p1a: Ting-Lu|Weakness Policy|[from] move: Knock Off|[of] p2a: Tyranitar
|
|-weather|Sandstorm|[upkeep]
|-damage|p2a: Tyranitar|76/100|[from] item: Sticky Barb
|upkeep
|turn|3
|
|t:|1760847775
|switch|p2a: Rillaboom|Rillaboom, M|100/100
|-fieldstart|move: Grassy Terrain|[from] ability: Grassy Surge|[of] p2a: Rillaboom
|move|p1a: Ting-Lu|Stealth Rock|p2a: Rillaboom
|-sidestart|p2: Ahahbaha|move: Stealth Rock
|
|-weather|Sandstorm|[upkeep]
|-damage|p2a: Rillaboom|94/100|[from] Sandstorm
|-heal|p2a: Rillaboom|100/100|[from] Grassy Terrain
|-heal|p1a: Ting-Lu|93/100|[from] Grassy Terrain
|upkeep
|turn|4
|
|t:|1760847781
|switch|p1a: Bronzong|Bronzong|100/100
|move|p2a: Rillaboom|U-turn|p1a: Bronzong
|-damage|p1a: Bronzong|77/100
|
|t:|1760847786
|switch|p2a: Gholdengo|Gholdengo|100/100|[from] U-turn
|-damage|p2a: Gholdengo|94/100|[from] Stealth Rock
|-item|p2a: Gholdengo|Air Balloon
|
|-weather|Sandstorm|[upkeep]
|-heal|p1a: Bronzong|83/100|[from] item: Leftovers
|upkeep
|turn|5
|
|t:|1760847790
|switch|p1a: Ting-Lu|Ting-Lu|93/100
|-ability|p1a: Ting-Lu|Vessel of Ruin
|move|p2a: Gholdengo|Thunder Wave|p1a: Ting-Lu
|-immune|p1a: Ting-Lu
|
|-weather|none
|-heal|p1a: Ting-Lu|99/100|[from] Grassy Terrain
|upkeep
|turn|6
|
|t:|1760847797
|switch|p2a: Rillaboom|Rillaboom, M|100/100
|move|p1a: Ting-Lu|Payback|p2a: Rillaboom
|-damage|p2a: Rillaboom|74/100
|
|-heal|p2a: Rillaboom|80/100|[from] Grassy Terrain
|-heal|p1a: Ting-Lu|100/100|[from] Grassy Terrain
|upkeep
|turn|7
|
|t:|1760847804
|switch|p1a: Bronzong|Bronzong|83/100
|move|p2a: Rillaboom|Wood Hammer|p1a: Bronzong
|-resisted|p1a: Bronzong
|-damage|p1a: Bronzong|43/100
|-damage|p2a: Rillaboom|67/100|[from] Recoil
|
|-heal|p2a: Rillaboom|73/100|[from] Grassy Terrain
|-heal|p1a: Bronzong|50/100|[from] item: Leftovers
|-fieldend|move: Grassy Terrain
|upkeep
|turn|8
|
|t:|1760847811
|move|p2a: Rillaboom|Knock Off|p1a: Bronzong
|-supereffective|p1a: Bronzong
|-damage|p1a: Bronzong|0 fnt
|-enditem|p1a: Bronzong|Leftovers|[from] move: Knock Off|[of] p2a: Rillaboom
|faint|p1a: Bronzong
|
|upkeep
|
|t:|1760847814
|switch|p1a: Dragapult|Dragapult, M|100/100
|turn|9
|
|t:|1760847817
|switch|p2a: Tyranitar|Tyranitar, M|76/100
|-damage|p2a: Tyranitar|63/100|[from] Stealth Rock
|-weather|Sandstorm|[from] ability: Sand Stream|[of] p2a: Tyranitar
|-terastallize|p1a: Dragapult|Ghost
|move|p1a: Dragapult|Tera Blast|p2a: Tyranitar|[anim] Tera Blast Ghost
|-resisted|p2a: Tyranitar
|-damage|p2a: Tyranitar|23/100
|
|-weather|Sandstorm|[upkeep]
|-damage|p1a: Dragapult|95/100|[from] Sandstorm
|-damage|p2a: Tyranitar|11/100|[from] item: Sticky Barb
|upkeep
|turn|10
|
|t:|1760847827
|move|p1a: Dragapult|Tera Blast|p2a: Tyranitar|[anim] Tera Blast Ghost
|-resisted|p2a: Tyranitar
|-damage|p2a: Tyranitar|0 fnt
|faint|p2a: Tyranitar
|
|-weather|Sandstorm|[upkeep]
|-damage|p1a: Dragapult|89/100|[from] Sandstorm
|upkeep
|
|t:|1760847843
|switch|p2a: Zamazenta|Zamazenta|100/100
|-ability|p2a: Zamazenta|Dauntless Shield|boost
|-boost|p2a: Zamazenta|def|1
|turn|11
|
|t:|1760847848
|switch|p1a: Toxapex|Toxapex, M|100/100
|move|p2a: Zamazenta|Crunch|p1a: Toxapex
|-crit|p1a: Toxapex
|-damage|p1a: Toxapex|74/100
|-damage|p2a: Zamazenta|84/100|[from] item: Rocky Helmet|[of] p1a: Toxapex
|
|-weather|Sandstorm|[upkeep]
|-damage|p2a: Zamazenta|78/100|[from] Sandstorm
|-damage|p1a: Toxapex|68/100|[from] Sandstorm
|upkeep
|turn|12
|
|t:|1760847859
|switch|p2a: Gholdengo|Gholdengo|94/100
|-damage|p2a: Gholdengo|88/100|[from] Stealth Rock
|-item|p2a: Gholdengo|Air Balloon
|move|p1a: Toxapex|Toxic Spikes|p2a: Gholdengo
|-sidestart|p2: Ahahbaha|move: Toxic Spikes
|
|-weather|Sandstorm|[upkeep]
|-damage|p1a: Toxapex|63/100|[from] Sandstorm
|upkeep
|turn|13
|
|t:|1760847867
|switch|p1a: Ting-Lu|Ting-Lu|100/100
|-ability|p1a: Ting-Lu|Vessel of Ruin
|move|p2a: Gholdengo|Make It Rain|p1a: Ting-Lu
|-damage|p1a: Ting-Lu|75/100
|-unboost|p2a: Gholdengo|spa|1
|
|-weather|none
|upkeep
|turn|14
|
|t:|1760847870
|switch|p2a: Rillaboom|Rillaboom, M|73/100
|-fieldstart|move: Grassy Terrain|[from] ability: Grassy Surge|[of] p2a: Rillaboom
|move|p1a: Ting-Lu|Payback|p2a: Rillaboom
|-damage|p2a: Rillaboom|49/100
|
|-heal|p2a: Rillaboom|55/100|[from] Grassy Terrain
|-heal|p1a: Ting-Lu|81/100|[from] Grassy Terrain
|upkeep
|turn|15
|
|t:|1760847880
|switch|p1a: Toxapex|Toxapex, M|96/100
|move|p2a: Rillaboom|Wood Hammer|p1a: Toxapex
|-damage|p1a: Toxapex|40/100
|-damage|p2a: Rillaboom|39/100|[from] item: Rocky Helmet|[of] p1a: Toxapex
|-damage|p2a: Rillaboom|22/100|[from] Recoil
|
|-heal|p2a: Rillaboom|29/100|[from] Grassy Terrain
|-heal|p1a: Toxapex|46/100|[from] Grassy Terrain
|upkeep
|turn|16
|
|t:|1760847887
|move|p1a: Toxapex|Baneful Bunker|p1a: Toxapex
|-singleturn|p1a: Toxapex|move: Protect
|move|p2a: Rillaboom|Wood Hammer|p1a: Toxapex
|-activate|p1a: Toxapex|move: Protect
|-status|p2a: Rillaboom|psn
|
|-heal|p2a: Rillaboom|35/100 psn|[from] Grassy Terrain
|-heal|p1a: Toxapex|52/100|[from] Grassy Terrain
|-damage|p2a: Rillaboom|22/100 psn|[from] psn
|upkeep
|turn|17
|
|t:|1760847901
|switch|p1a: Reuniclus|Reuniclus, F|67/100
|move|p2a: Rillaboom|U-turn|p1a: Reuniclus
|-supereffective|p1a: Reuniclus
|-damage|p1a: Reuniclus|15/100
|
|t:|1760847906
|switch|p2a: Zapdos|Zapdos|100/100|[from] U-turn
|
|-heal|p1a: Reuniclus|21/100|[from] Grassy Terrain
|upkeep
|turn|18
|
|t:|1760847917
|switch|p1a: Ting-Lu|Ting-Lu|81/100
|-ability|p1a: Ting-Lu|Vessel of Ruin
|move|p2a: Zapdos|Volt Switch|p1a: Ting-Lu
|-immune|p1a: Ting-Lu
|
|-heal|p1a: Ting-Lu|87/100|[from] Grassy Terrain
|-fieldend|move: Grassy Terrain
|upkeep
|turn|19
|
|t:|1760847926
|move|p2a: Zapdos|Hurricane|p1a: Ting-Lu
|-damage|p1a: Ting-Lu|60/100
|-start|p1a: Ting-Lu|confusion
|-activate|p1a: Ting-Lu|confusion
|move|p1a: Ting-Lu|Earthquake|p2a: Zapdos
|-immune|p2a: Zapdos
|
|upkeep
|turn|20
|
|t:|1760847929
|move|p2a: Zapdos|Hurricane|p1a: Ting-Lu
|-damage|p1a: Ting-Lu|30/100
|-activate|p1a: Ting-Lu|confusion
|-damage|p1a: Ting-Lu|24/100|[from] confusion
|
|upkeep
|turn|21
|
|t:|1760847936
|move|p2a: Zapdos|Hurricane|p1a: Ting-Lu
|-damage|p1a: Ting-Lu|0 fnt
|faint|p1a: Ting-Lu
|
|upkeep
|
|t:|1760847938
|switch|p1a: Dragapult|Dragapult, M, tera:Ghost|89/100
|turn|22
|
|t:|1760847947
|move|p1a: Dragapult|Tera Blast|p2a: Zapdos|[anim] Tera Blast Ghost
|-damage|p2a: Zapdos|0 fnt
|faint|p2a: Zapdos
|
|upkeep
|
|t:|1760847953
|switch|p2a: Zamazenta|Zamazenta|78/100
|turn|23
|
|t:|1760847956
|switch|p1a: Reuniclus|Reuniclus, F|21/100
|move|p2a: Zamazenta|Crunch|p1a: Reuniclus
|-supereffective|p1a: Reuniclus
|-damage|p1a: Reuniclus|0 fnt
|faint|p1a: Reuniclus
|
|upkeep
|
|t:|1760847959
|switch|p1a: Toxapex|Toxapex, M|86/100
|turn|24
|
|t:|1760847963
|switch|p2a: Gholdengo|Gholdengo|88/100
|-damage|p2a: Gholdengo|82/100|[from] Stealth Rock
|-item|p2a: Gholdengo|Air Balloon
|move|p1a: Toxapex|Ice Beam|p2a: Gholdengo
|-resisted|p2a: Gholdengo
|-damage|p2a: Gholdengo|76/100
|-enditem|p2a: Gholdengo|Air Balloon
|
|upkeep
|turn|25
|
|t:|1760847969
|switch|p1a: Great Tusk|Great Tusk|100/100
|move|p2a: Gholdengo|Thunder Wave|p1a: Great Tusk
|-immune|p1a: Great Tusk
|
|upkeep
|turn|26
|
|t:|1760847979
|move|p1a: Great Tusk|Close Combat|p2a: Gholdengo
|-immune|p2a: Gholdengo
|move|p2a: Gholdengo|Make It Rain|p1a: Great Tusk
|-damage|p1a: Great Tusk|30/100
|-unboost|p2a: Gholdengo|spa|1
|
|-heal|p1a: Great Tusk|37/100|[from] item: Leftovers
|upkeep
|turn|27
|
|t:|1760847985
|switch|p2a: Rillaboom|Rillaboom, M|22/100 psn
|-fieldstart|move: Grassy Terrain|[from] ability: Grassy Surge|[of] p2a: Rillaboom
|move|p1a: Great Tusk|Knock Off|p2a: Rillaboom
|-damage|p2a: Rillaboom|0 fnt
|-enditem|p2a: Rillaboom|Heavy-Duty Boots|[from] move: Knock Off|[of] p1a: Great Tusk
|faint|p2a: Rillaboom
|
|-heal|p1a: Great Tusk|43/100|[from] Grassy Terrain
|-heal|p1a: Great Tusk|49/100|[from] item: Leftovers
|upkeep
|
|t:|1760848000
|switch|p2a: Garchomp|Garchomp, F|100/100
|-damage|p2a: Garchomp|94/100|[from] Stealth Rock
|-status|p2a: Garchomp|psn
|turn|28
|
|t:|1760848004
|move|p1a: Great Tusk|Ice Spinner|p2a: Garchomp
|-supereffective|p2a: Garchomp
|-damage|p2a: Garchomp|32/100 psn
|-damage|p1a: Great Tusk|37/100|[from] ability: Rough Skin|[of] p2a: Garchomp
|-damage|p1a: Great Tusk|20/100|[from] item: Rocky Helmet|[of] p2a: Garchomp
|-fieldend|move: Grassy Terrain
|move|p2a: Garchomp|Spikes|p1a: Great Tusk
|-sidestart|p1: basedraybans|Spikes
|
|-heal|p1a: Great Tusk|26/100|[from] item: Leftovers
|-damage|p2a: Garchomp|20/100 psn|[from] psn
|upkeep
|turn|29
|
|t:|1760848010
|move|p1a: Great Tusk|Rapid Spin|p2a: Garchomp
|-crit|p2a: Garchomp
|-damage|p2a: Garchomp|7/100 psn
|-boost|p1a: Great Tusk|spe|1
|-damage|p1a: Great Tusk|14/100|[from] ability: Rough Skin|[of] p2a: Garchomp
|-damage|p1a: Great Tusk|0 fnt|[from] item: Rocky Helmet|[of] p2a: Garchomp
|faint|p1a: Great Tusk
|-end|p1a: Great Tusk|Protosynthesis|[silent]
|move|p2a: Garchomp|Earthquake|p1: Great Tusk|[notarget]
|-fail|p2a: Garchomp
|
|-damage|p2a: Garchomp|0 fnt|[from] psn
|faint|p2a: Garchomp
|upkeep
|
|t:|1760848017
|switch|p1a: Dragapult|Dragapult, M, tera:Ghost|89/100
|switch|p2a: Zamazenta|Zamazenta|78/100
|-damage|p1a: Dragapult|76/100|[from] Spikes
|turn|30
|
|t:|1760848021
|move|p2a: Zamazenta|Crunch|p1a: Dragapult
|-supereffective|p1a: Dragapult
|-damage|p1a: Dragapult|8/100
|move|p1a: Dragapult|Tera Blast|p2a: Zamazenta|[anim] Tera Blast Ghost
|-damage|p2a: Zamazenta|0 fnt
|faint|p2a: Zamazenta
|
|upkeep
|
|t:|1760848024
|switch|p2a: Gholdengo|Gholdengo|76/100
|-damage|p2a: Gholdengo|70/100|[from] Stealth Rock
|turn|31
|
|t:|1760848027
|-terastallize|p2a: Gholdengo|Fairy
|move|p1a: Dragapult|Tera Blast|p2a: Gholdengo|[anim] Tera Blast Ghost
|-damage|p2a: Gholdengo|10/100
|move|p2a: Gholdengo|Hex|p1a: Dragapult
|-supereffective|p1a: Dragapult
|-damage|p1a: Dragapult|0 fnt
|faint|p1a: Dragapult
|
|upkeep
|
|t:|1760848029
|switch|p1a: Toxapex|Toxapex, M|100/100
|-damage|p1a: Toxapex|88/100|[from] Spikes
|turn|32
|
|t:|1760848032
|move|p2a: Gholdengo|Recover|p2a: Gholdengo
|-heal|p2a: Gholdengo|60/100
|move|p1a: Toxapex|Ice Beam|p2a: Gholdengo
|-damage|p2a: Gholdengo|47/100
|
|upkeep
|turn|33
|
|t:|1760848036
|move|p2a: Gholdengo|Recover|p2a: Gholdengo
|-heal|p2a: Gholdengo|98/100
|move|p1a: Toxapex|Ice Beam|p2a: Gholdengo
|-damage|p2a: Gholdengo|85/100
|
|upkeep
|turn|34
|
|t:|1760848040
|move|p2a: Gholdengo|Thunder Wave|p1a: Toxapex|[miss]
|-miss|p2a: Gholdengo|p1a: Toxapex
|move|p1a: Toxapex|Ice Beam|p2a: Gholdengo
|-damage|p2a: Gholdengo|72/100
|
|upkeep
|turn|35
|
|t:|1760848042
|move|p2a: Gholdengo|Thunder Wave|p1a: Toxapex
|-status|p1a: Toxapex|par
|cant|p1a: Toxapex|par
|
|upkeep
|turn|36
|-message|basedraybans forfeited.
|
|win|Ahahbaha
|raw|basedraybans's rating: 1379 &rarr; <strong>1360</strong><br />(-19 for losing)
|raw|Ahahbaha's rating: 1388 &rarr; <strong>1407</strong><br />(+19 for winning)
|l|☆basedraybans
|player|p1|
|l|☆Ahahbaha
|player|p2|
