|j|‽NahI'dSwordsDance
|j|☆akkkkkiii
|t:|1760861125
|gametype|singles
|player|p1|NahI'dSwordsDance|169|1167
|player|p2|akkkkkiii|102|1144
|gen|9
|tier|[Gen 9] OU
|rated|
|rule|HP Percentage Mod: HP is shown in percentages
|rule|Endless Battle Clause: Forcing endless battles is banned
|rule|Species Clause: Limit one of each Pokémon
|rule|OHKO Clause: OHKO moves are banned
|rule|Evasion Items Clause: Evasion items are banned
|rule|Evasion Moves Clause: Evasion moves are banned
|rule|Evasion Abilities Clause: Evasion abilities are banned
|rule|Sleep Moves Clause: Sleep-inducing moves are banned
|clearpoke
|poke|p1|Samurott-Hisui, F|
|poke|p1|Kingambit, F|
|poke|p1|Enamorus, F|
|poke|p1|Great Tusk|
|poke|p1|Gholdengo|
|poke|p1|Zapdos|
|poke|p2|Walking Wake|
|poke|p2|Sylveon, F|
|poke|p2|Ninetales, M|
|poke|p2|Great Tusk|
|poke|p2|Rotom-Heat|
|poke|p2|Skarmory, F|
|teampreview
|j| To it fun if
|inactive|Battle timer is ON: inactive players will automatically lose when time's up. (requested by NahI'dSwordsDance)
|
|t:|1760861139
|teamsize|p1|6
|teamsize|p2|6
|start
|switch|p1a: Samurott|Samurott-Hisui, F|100/100
|switch|p2a: Great Tusk|Great Tusk|100/100
|-enditem|p2a: Great Tusk|Booster Energy
|-activate|p2a: Great Tusk|ability: Protosynthesis|[fromitem]
|-start|p2a: Great Tusk|protosynthesisatk
|turn|1
|
|t:|1760861147
|move|p1a: Samurott|Aqua Tail|p2a: Great Tusk
|-supereffective|p2a: Great Tusk
|-damage|p2a: Great Tusk|50/100
|move|p2a: Great Tusk|Close Combat|p1a: Samurott
|-supereffective|p1a: Samurott
|-damage|p1a: Samurott|0 fnt
|-unboost|p2a: Great Tusk|def|1
|-unboost|p2a: Great Tusk|spd|1
|faint|p1a: Samurott
|
|upkeep
|
|t:|1760861168
|switch|p1a: Enamorus|Enamorus, F|100/100
|turn|2
|
|t:|1760861177
|-terastallize|p2a: Great Tusk|Steel
|move|p1a: Enamorus|Mystical Fire|p2a: Great Tusk
|-supereffective|p2a: Great Tusk
|-damage|p2a: Great Tusk|0 fnt
|faint|p2a: Great Tusk
|-end|p2a: Great Tusk|Protosynthesis|[silent]
|
|upkeep
|
|t:|1760861188
|switch|p2a: Ninetales|Ninetales, M|100/100
|-weather|SunnyDay|[from] ability: Drought|[of] p2a: Ninetales
|turn|3
|
|t:|1760861206
|switch|p1a: Great Tusk|Great Tusk|100/100
|-activate|p1a: Great Tusk|ability: Protosynthesis
|-start|p1a: Great Tusk|protosynthesisatk
|move|p2a: Ninetales|Fire Blast|p1a: Great Tusk
|-damage|p1a: Great Tusk|33/100
|
|-weather|SunnyDay|[upkeep]
|upkeep
|turn|4
|
|t:|1760861224
|-terastallize|p1a: Great Tusk|Dragon
|move|p2a: Ninetales|Solar Beam||[still]
|-prepare|p2a: Ninetales|Solar Beam
|-anim|p2a: Ninetales|Solar Beam|p1a: Great Tusk
|-resisted|p1a: Great Tusk
|-damage|p1a: Great Tusk|18/100
|move|p1a: Great Tusk|Earthquake|p2a: Ninetales
|-supereffective|p2a: Ninetales
|-damage|p2a: Ninetales|0 fnt
|faint|p2a: Ninetales
|
|-weather|SunnyDay|[upkeep]
|upkeep
|
|t:|1760861234
|switch|p2a: Walking Wake|Walking Wake|100/100
|-activate|p2a: Walking Wake|ability: Protosynthesis
|-start|p2a: Walking Wake|protosynthesisspe
|turn|5
|
|t:|1760861248
|move|p2a: Walking Wake|Hydro Steam|p1a: Great Tusk
|-resisted|p1a: Great Tusk
|-damage|p1a: Great Tusk|0 fnt
|faint|p1a: Great Tusk
|-end|p1a: Great Tusk|Protosynthesis|[silent]
|
|-weather|SunnyDay|[upkeep]
|upkeep
|
|t:|1760861250
|switch|p1a: Enamorus|Enamorus, F|100/100
|turn|6
|
|t:|1760861272
|move|p2a: Walking Wake|Hydro Steam|p1a: Enamorus
|-crit|p1a: Enamorus
|-damage|p1a: Enamorus|0 fnt
|faint|p1a: Enamorus
|
|-weather|SunnyDay|[upkeep]
|upkeep
|inactive|NahI'dSwordsDance has 120 seconds left.
|
|t:|1760861307
|switch|p1a: Gholdengo|Gholdengo|100/100
|turn|7
|
|t:|1760861313
|move|p2a: Walking Wake|Flamethrower|p1a: Gholdengo
|-supereffective|p1a: Gholdengo
|-damage|p1a: Gholdengo|0 fnt
|faint|p1a: Gholdengo
|
|-weather|SunnyDay|[upkeep]
|upkeep
|
|t:|1760861316
|switch|p1a: Zapdos|Zapdos|100/100
|turn|8
|
|t:|1760861332
|move|p2a: Walking Wake|Hydro Steam|p1a: Zapdos
|-damage|p1a: Zapdos|43/100
|move|p1a: Zapdos|Hurricane|p2a: Walking Wake
|-damage|p2a: Walking Wake|29/100
|-start|p2a: Walking Wake|confusion
|
|-weather|SunnyDay|[upkeep]
|upkeep
|turn|9
|
|t:|1760861354
|-activate|p2a: Walking Wake|confusion
|move|p2a: Walking Wake|Hydro Steam|p1a: Zapdos
|-damage|p1a: Zapdos|0 fnt
|faint|p1a: Zapdos
|
|-weather|SunnyDay|[upkeep]
|upkeep
|
|t:|1760861357
|switch|p1a: Kingambit|Kingambit, F|100/100
|-activate|p1a: Kingambit|ability: Supreme Overlord
|-start|p1a: Kingambit|fallen5|[silent]
|turn|10
|
|t:|1760861367
|move|p1a: Kingambit|Sucker Punch|p2a: Walking Wake
|-damage|p2a: Walking Wake|0 fnt
|faint|p2a: Walking Wake
|-end|p2a: Walking Wake|Protosynthesis|[silent]
|-damage|p1a: Kingambit|91/100|[from] item: Life Orb
|
|-weather|none
|upkeep
|
|t:|1760861381
|switch|p2a: Rotom|Rotom-Heat|100/100
|turn|11
|
|t:|1760861390
|move|p1a: Kingambit|Sucker Punch||[still]
|-fail|p1a: Kingambit
|move|p2a: Rotom|Will-O-Wisp|p1a: Kingambit
|-status|p1a: Kingambit|brn
|
|-damage|p1a: Kingambit|84/100 brn|[from] brn
|upkeep
|turn|12
|
|t:|1760861403
|switch|p2a: Skarmory|Skarmory, F|100/100
|move|p1a: Kingambit|Sucker Punch||[still]
|-fail|p1a: Kingambit
|
|-damage|p1a: Kingambit|78/100 brn|[from] brn
|upkeep
|turn|13
|-message|NahI'dSwordsDance forfeited.
|
|win|akkkkkiii
|raw|NahI&apos;dSwordsDance's rating: 1167 &rarr; <strong>1140</strong><br />(-27 for losing)
|raw|akkkkkiii's rating: 1144 &rarr; <strong>1171</strong><br />(+27 for winning)
|l|‽NahI'dSwordsDance
|player|p1|
|l|☆akkkkkiii
|player|p2|
