|j|☆Kiviruweinau
|j|☆Vastcheetah03
|t:|1760852304
|gametype|singles
|player|p1|Kiviruweinau|roughneck|1180
|player|p2|Vastcheetah03|lance|1165
|gen|9
|tier|[Gen 9] OU
|rated|
|rule|HP Percentage Mod: HP is shown in percentages
|rule|Endless Battle Clause: Forcing endless battles is banned
|rule|Species Clause: Limit one of each Pokémon
|rule|OHKO Clause: OHKO moves are banned
|rule|Evasion Items Clause: Evasion items are banned
|rule|Evasion Moves Clause: Evasion moves are banned
|rule|Evasion Abilities Clause: Evasion abilities are banned
|rule|Sleep Moves Clause: Sleep-inducing moves are banned
|clearpoke
|poke|p1|Darkrai|
|poke|p1|Hatterene, F|
|poke|p1|Landorus-Therian, M|
|poke|p1|Conkeldurr, F|
|poke|p1|Volcanion|
|poke|p1|Great Tusk|
|poke|p2|Forretress, M|
|poke|p2|Skeledirge, M|
|poke|p2|Hydrapple, M|
|poke|p2|Latios, M|
|poke|p2|Kingambit, M|
|poke|p2|Samurott-Hisui, M|
|teampreview
|inactive|Battle timer is ON: inactive players will automatically lose when time's up. (requested by Vastcheetah03)
|
|t:|1760852318
|teamsize|p1|6
|teamsize|p2|6
|start
|switch|p1a: Landorus|Landorus-Therian, M|100/100
|switch|p2a: Samurott|Samurott-Hisui, M, shiny|100/100
|-ability|p1a: Landorus|Intimidate|boost
|-unboost|p2a: Samurott|atk|1
|turn|1
|
|t:|1760852328
|switch|p2a: Forretress|Forretress, M, shiny|100/100
|move|p1a: Landorus|U-turn|p2a: Forretress
|-resisted|p2a: Forretress
|-damage|p2a: Forretress|92/100
|-enditem|p2a: Forretress|Red Card|[of] p1a: Landorus
|drag|p1a: Conkeldurr|Conkeldurr, F|100/100
|
|-status|p1a: Conkeldurr|brn|[from] item: Flame Orb
|upkeep
|turn|2
|
|t:|1760852338
|switch|p1a: Hatterene|Hatterene, F|100/100
|move|p2a: Forretress|Stealth Rock|p1a: Hatterene
|move|p1a: Hatterene|Stealth Rock|p2a: Forretress|[from] ability: Magic Bounce
|-sidestart|p2: Vastcheetah03|move: Stealth Rock
|
|upkeep
|turn|3
|
|t:|1760852346
|move|p2a: Forretress|Rapid Spin|p1a: Hatterene
|-damage|p1a: Hatterene|88/100
|-boost|p2a: Forretress|spe|1
|-sideend|p2: Vastcheetah03|Stealth Rock|[from] move: Rapid Spin|[of] p2a: Forretress
|move|p1a: Hatterene|Mystical Fire|p2a: Forretress
|-supereffective|p2a: Forretress
|-damage|p2a: Forretress|0 fnt
|faint|p2a: Forretress
|
|upkeep
|
|t:|1760852359
|switch|p2a: Kingambit|Kingambit, M, shiny|100/100
|-activate|p2a: Kingambit|ability: Supreme Overlord
|-start|p2a: Kingambit|fallen1|[silent]
|turn|4
|
|t:|1760852365
|switch|p1a: Great Tusk|Great Tusk|100/100
|move|p2a: Kingambit|Iron Head|p1a: Great Tusk
|-damage|p1a: Great Tusk|77/100
|
|-heal|p1a: Great Tusk|84/100|[from] item: Leftovers
|upkeep
|turn|5
|
|t:|1760852378
|-end|p1a: Great Tusk|Protosynthesis|[silent]
|switch|p1a: Darkrai|Darkrai|100/100
|-end|p2a: Kingambit|fallen1|[silent]
|switch|p2a: Skeledirge|Skeledirge, M, shiny|100/100
|
|upkeep
|turn|6
|
|t:|1760852393
|switch|p2a: Hydrapple|Hydrapple, M, shiny|100/100
|move|p1a: Darkrai|Dark Pulse|p2a: Hydrapple
|-damage|p2a: Hydrapple|64/100
|-damage|p1a: Darkrai|91/100|[from] item: Life Orb
|
|upkeep
|turn|7
|
|t:|1760852402
|move|p1a: Darkrai|Ice Beam|p2a: Hydrapple
|-supereffective|p2a: Hydrapple
|-damage|p2a: Hydrapple|0 fnt
|faint|p2a: Hydrapple
|-damage|p1a: Darkrai|81/100|[from] item: Life Orb
|
|upkeep
|
|t:|1760852411
|switch|p2a: Latios|Latios, M, shiny|100/100
|turn|8
|
|t:|1760852416
|move|p2a: Latios|Draco Meteor|p1a: Darkrai
|-damage|p1a: Darkrai|0 fnt
|-unboost|p2a: Latios|spa|2
|faint|p1a: Darkrai
|
|upkeep
|
|t:|1760852432
|switch|p1a: Landorus|Landorus-Therian, M|100/100
|-ability|p1a: Landorus|Intimidate|boost
|-unboost|p2a: Latios|atk|1
|turn|9
|
|t:|1760852441
|switch|p2a: Samurott|Samurott-Hisui, M, shiny|100/100
|move|p1a: Landorus|U-turn|p2a: Samurott
|-supereffective|p2a: Samurott
|-damage|p2a: Samurott|27/100
|
|t:|1760852446
|switch|p1a: Conkeldurr|Conkeldurr, F|100/100 brn|[from] U-turn
|
|-damage|p1a: Conkeldurr|94/100 brn|[from] brn
|upkeep
|turn|10
|
|t:|1760852461
|switch|p1a: Volcanion|Volcanion|100/100
|move|p2a: Samurott|Flip Turn|p1a: Volcanion
|-immune|p1a: Volcanion|[from] ability: Water Absorb
|
|upkeep
|turn|11
|
|t:|1760852474
|switch|p2a: Latios|Latios, M, shiny|100/100
|move|p1a: Volcanion|Steam Eruption|p2a: Latios
|-resisted|p2a: Latios
|-damage|p2a: Latios|48/100
|-status|p2a: Latios|brn
|
|-damage|p2a: Latios|42/100 brn|[from] brn
|upkeep
|turn|12
|
|t:|1760852484
|switch|p1a: Hatterene|Hatterene, F|88/100
|move|p2a: Latios|Thunderbolt|p1a: Hatterene
|-crit|p1a: Hatterene
|-damage|p1a: Hatterene|61/100
|
|-damage|p2a: Latios|36/100 brn|[from] brn
|upkeep
|turn|13
|
|t:|1760852495
|switch|p2a: Samurott|Samurott-Hisui, M, shiny|27/100
|move|p1a: Hatterene|Mystical Fire|p2a: Samurott
|-resisted|p2a: Samurott
|-damage|p2a: Samurott|9/100
|-unboost|p2a: Samurott|spa|1
|
|upkeep
|turn|14
|
|t:|1760852507
|switch|p1a: Landorus|Landorus-Therian, M|100/100
|-ability|p1a: Landorus|Intimidate|boost
|-unboost|p2a: Samurott|atk|1
|move|p2a: Samurott|Ceaseless Edge|p1a: Landorus
|-damage|p1a: Landorus|67/100
|-sidestart|p1: Kiviruweinau|Spikes
|
|upkeep
|turn|15
|
|t:|1760852515
|move|p2a: Samurott|Ceaseless Edge|p1a: Landorus
|-damage|p1a: Landorus|34/100
|-sidestart|p1: Kiviruweinau|Spikes
|move|p1a: Landorus|U-turn|p2a: Samurott
|-supereffective|p2a: Samurott
|-crit|p2a: Samurott
|-damage|p2a: Samurott|0 fnt
|faint|p2a: Samurott
|
|t:|1760852530
|switch|p1a: Conkeldurr|Conkeldurr, F|94/100 brn|[from] U-turn
|-damage|p1a: Conkeldurr|78/100 brn|[from] Spikes
|
|-damage|p1a: Conkeldurr|72/100 brn|[from] brn
|upkeep
|
|t:|1760852538
|switch|p2a: Latios|Latios, M, shiny|36/100 brn
|turn|16
|
|t:|1760852542
|move|p1a: Conkeldurr|Mach Punch|p2a: Latios
|-resisted|p2a: Latios
|-damage|p2a: Latios|9/100 brn
|move|p2a: Latios|Luster Purge|p1a: Conkeldurr
|-supereffective|p1a: Conkeldurr
|-damage|p1a: Conkeldurr|0 fnt
|faint|p1a: Conkeldurr
|
|-damage|p2a: Latios|3/100 brn|[from] brn
|upkeep
|
|t:|1760852551
|switch|p1a: Landorus|Landorus-Therian, M|34/100
|-ability|p1a: Landorus|Intimidate|boost
|-unboost|p2a: Latios|atk|1
|turn|17
|
|t:|1760852556
|move|p2a: Latios|Luster Purge|p1a: Landorus
|-damage|p1a: Landorus|0 fnt
|faint|p1a: Landorus
|
|-damage|p2a: Latios|0 fnt|[from] brn
|faint|p2a: Latios
|upkeep
|
|t:|1760852569
|switch|p2a: Skeledirge|Skeledirge, M, shiny|100/100
|switch|p1a: Volcanion|Volcanion|100/100
|-damage|p1a: Volcanion|84/100|[from] Spikes
|turn|18
|
|t:|1760852578
|move|p1a: Volcanion|Steam Eruption|p2a: Skeledirge
|-supereffective|p2a: Skeledirge
|-damage|p2a: Skeledirge|0 fnt
|faint|p2a: Skeledirge
|
|upkeep
|
|t:|1760852584
|switch|p2a: Kingambit|Kingambit, M, shiny|100/100
|-activate|p2a: Kingambit|ability: Supreme Overlord
|-start|p2a: Kingambit|fallen5|[silent]
|turn|19
|
|t:|1760852593
|-terastallize|p1a: Volcanion|Water
|move|p1a: Volcanion|Steam Eruption|p2a: Kingambit
|-enditem|p2a: Kingambit|Focus Sash
|-damage|p2a: Kingambit|1/100
|move|p2a: Kingambit|Swords Dance|p2a: Kingambit
|-boost|p2a: Kingambit|atk|2
|
|upkeep
|turn|20
|
|t:|1760852603
|-terastallize|p2a: Kingambit|Dark
|move|p2a: Kingambit|Sucker Punch|p1a: Volcanion
|-damage|p1a: Volcanion|0 fnt
|faint|p1a: Volcanion
|
|upkeep
|
|t:|1760852608
|switch|p1a: Great Tusk|Great Tusk|84/100
|-damage|p1a: Great Tusk|67/100|[from] Spikes
|turn|21
|
|t:|1760852616
|move|p2a: Kingambit|Sucker Punch|p1a: Great Tusk
|-resisted|p1a: Great Tusk
|-damage|p1a: Great Tusk|27/100
|move|p1a: Great Tusk|Rapid Spin|p2a: Kingambit
|-damage|p2a: Kingambit|0 fnt
|-boost|p1a: Great Tusk|spe|1
|-sideend|p1: Kiviruweinau|Spikes|[from] move: Rapid Spin|[of] p1a: Great Tusk
|faint|p2a: Kingambit
|-end|p2a: Kingambit|fallen5|[silent]
|
|win|Kiviruweinau
|raw|Kiviruweinau's rating: 1180 &rarr; <strong>1204</strong><br />(+24 for winning)
|raw|Vastcheetah03's rating: 1165 &rarr; <strong>1141</strong><br />(-24 for losing)
|l|☆Vastcheetah03
|player|p2|
|l|☆Kiviruweinau
|player|p1|
