|j|☆Made in BraziL
|j|☆yuan123456
|t:|1760798131
|gametype|singles
|player|p1|Made in BraziL|gentleman|1325
|player|p2|yuan123456|nate|1310
|gen|9
|tier|[Gen 9] OU
|rated|
|rule|HP Percentage Mod: HP is shown in percentages
|rule|Endless Battle Clause: Forcing endless battles is banned
|rule|Species Clause: Limit one of each Pokémon
|rule|OHKO Clause: OHKO moves are banned
|rule|Evasion Items Clause: Evasion items are banned
|rule|Evasion Moves Clause: Evasion moves are banned
|rule|Evasion Abilities Clause: Evasion abilities are banned
|rule|Sleep Moves Clause: Sleep-inducing moves are banned
|clearpoke
|poke|p1|Gyarados, F|
|poke|p1|Serperior, M|
|poke|p1|Blissey, F|
|poke|p1|Hippowdon, F|
|poke|p1|Jirachi|
|poke|p1|Garchomp, F|
|poke|p2|Tyranitar, M|
|poke|p2|Excadrill, F|
|poke|p2|Keldeo-Resolute|
|poke|p2|Tornadus-Therian, M|
|poke|p2|Heatran, M|
|poke|p2|Hydrapple, F|
|teampreview
|inactive|Battle timer is ON: inactive players will automatically lose when time's up. (requested by Made in BraziL)
|
|t:|1760798141
|teamsize|p1|6
|teamsize|p2|6
|start
|switch|p1a: Serperior|Serperior, M|100/100
|switch|p2a: Tyranitar|Tyranitar, M|100/100
|-weather|Sandstorm|[from] ability: Sand Stream|[of] p2a: Tyranitar
|turn|1
|
|t:|1760798150
|move|p1a: Serperior|Glare|p2a: Tyranitar
|-status|p2a: Tyranitar|par
|cant|p2a: Tyranitar|par
|
|-weather|Sandstorm|[upkeep]
|-damage|p1a: Serperior|95/100|[from] Sandstorm
|-heal|p1a: Serperior|100/100|[from] item: Leftovers
|upkeep
|turn|2
|
|t:|1760798159
|switch|p1a: Hippowdon|Hippowdon, F|100/100
|cant|p2a: Tyranitar|par
|
|-weather|Sandstorm|[upkeep]
|upkeep
|turn|3
|
|t:|1760798174
|move|p1a: Hippowdon|Stealth Rock|p2a: Tyranitar
|-sidestart|p2: yuan123456|move: Stealth Rock
|move|p2a: Tyranitar|Ice Punch|p1a: Hippowdon
|-supereffective|p1a: Hippowdon
|-damage|p1a: Hippowdon|50/100
|
|-weather|Sandstorm|[upkeep]
|upkeep
|turn|4
|
|t:|1760798184
|switch|p1a: Jirachi|Jirachi|100/100
|switch|p2a: Tornadus|Tornadus-Therian, M|100/100
|
|-weather|Sandstorm|[upkeep]
|-damage|p2a: Tornadus|94/100|[from] Sandstorm
|upkeep
|turn|5
|
|t:|1760798195
|move|p2a: Tornadus|Taunt|p1a: Jirachi
|-start|p1a: Jirachi|move: Taunt
|move|p1a: Jirachi|Body Slam|p2a: Tornadus
|-damage|p2a: Tornadus|71/100
|-status|p2a: Tornadus|par
|
|-weather|none
|upkeep
|turn|6
|
|t:|1760798205
|move|p1a: Jirachi|Charge Beam|p2a: Tornadus
|-supereffective|p2a: Tornadus
|-damage|p2a: Tornadus|51/100 par
|-boost|p1a: Jirachi|spa|1
|move|p2a: Tornadus|Heat Wave|p1a: Jirachi
|-supereffective|p1a: Jirachi
|-damage|p1a: Jirachi|57/100
|
|-heal|p1a: Jirachi|64/100|[from] item: Leftovers
|upkeep
|turn|7
|
|t:|1760798215
|move|p1a: Jirachi|Iron Head|p2a: Tornadus
|-damage|p2a: Tornadus|21/100 par
|cant|p2a: Tornadus|par
|
|-heal|p1a: Jirachi|70/100|[from] item: Leftovers
|-end|p1a: Jirachi|move: Taunt
|upkeep
|turn|8
|
|t:|1760798232
|switch|p2a: Heatran|Heatran, M|100/100
|-damage|p2a: Heatran|88/100|[from] Stealth Rock
|move|p1a: Jirachi|Body Slam|p2a: Heatran
|-resisted|p2a: Heatran
|-damage|p2a: Heatran|80/100
|-status|p2a: Heatran|par
|-status|p1a: Jirachi|brn|[from] ability: Flame Body|[of] p2a: Heatran
|
|-heal|p1a: Jirachi|76/100 brn|[from] item: Leftovers
|-heal|p2a: Heatran|87/100 par|[from] item: Leftovers
|-damage|p1a: Jirachi|70/100 brn|[from] brn
|upkeep
|turn|9
|
|t:|1760798251
|switch|p1a: Blissey|Blissey, F|100/100
|move|p2a: Heatran|Magma Storm|p1a: Blissey|[miss]
|-miss|p2a: Heatran|p1a: Blissey
|
|-heal|p2a: Heatran|93/100 par|[from] item: Leftovers
|upkeep
|turn|10
|
|t:|1760798260
|move|p1a: Blissey|Heal Bell|p1a: Blissey
|-activate|p1a: Blissey|move: Heal Bell
|-curestatus|p1: Jirachi|brn|[msg]
|move|p2a: Heatran|Taunt|p1a: Blissey
|-start|p1a: Blissey|move: Taunt
|
|-heal|p2a: Heatran|99/100 par|[from] item: Leftovers
|upkeep
|turn|11
|
|t:|1760798270
|switch|p1a: Garchomp|Garchomp, F|100/100
|cant|p2a: Heatran|par
|
|-heal|p2a: Heatran|100/100 par|[from] item: Leftovers
|upkeep
|turn|12
|
|t:|1760798283
|switch|p2a: Tornadus|Tornadus-Therian, M|54/100 par
|move|p1a: Garchomp|Substitute|p1a: Garchomp
|-start|p1a: Garchomp|Substitute
|-damage|p1a: Garchomp|76/100
|
|upkeep
|turn|13
|
|t:|1760798295
|move|p1a: Garchomp|Swords Dance|p1a: Garchomp
|-boost|p1a: Garchomp|atk|2
|move|p2a: Tornadus|Bleakwind Storm|p1a: Garchomp
|-crit|p1a: Garchomp
|-end|p1a: Garchomp|Substitute
|
|upkeep
|turn|14
|
|t:|1760798309
|move|p1a: Garchomp|Scale Shot|p2a: Tornadus
|-damage|p2a: Tornadus|25/100 par
|-damage|p2a: Tornadus|0 fnt
|faint|p2a: Tornadus
|-hitcount|p2: Tornadus|2
|-unboost|p1a: Garchomp|def|1
|-boost|p1a: Garchomp|spe|1
|
|upkeep
|
|t:|1760798319
|switch|p2a: Hydrapple|Hydrapple, F|100/100
|-damage|p2a: Hydrapple|88/100|[from] Stealth Rock
|turn|15
|
|t:|1760798323
|-terastallize|p2a: Hydrapple|Fairy
|move|p1a: Garchomp|Substitute|p1a: Garchomp
|-start|p1a: Garchomp|Substitute
|-damage|p1a: Garchomp|51/100
|move|p2a: Hydrapple|Fickle Beam|p1a: Garchomp
|-supereffective|p1a: Garchomp
|-end|p1a: Garchomp|Substitute
|
|upkeep
|turn|16
|
|t:|1760798331
|move|p1a: Garchomp|Earthquake|p2a: Hydrapple
|-damage|p2a: Hydrapple|35/100
|move|p2a: Hydrapple|Fickle Beam|p1a: Garchomp
|-supereffective|p1a: Garchomp
|-damage|p1a: Garchomp|0 fnt
|faint|p1a: Garchomp
|
|upkeep
|
|t:|1760798338
|switch|p1a: Hippowdon|Hippowdon, F|50/100
|-weather|Sandstorm|[from] ability: Sand Stream|[of] p1a: Hippowdon
|turn|17
|
|t:|1760798343
|move|p1a: Hippowdon|Body Slam|p2a: Hydrapple
|-damage|p2a: Hydrapple|23/100
|-damage|p1a: Hippowdon|33/100|[from] item: Rocky Helmet|[of] p2a: Hydrapple
|move|p2a: Hydrapple|Giga Drain|p1a: Hippowdon
|-supereffective|p1a: Hippowdon
|-crit|p1a: Hippowdon
|-damage|p1a: Hippowdon|0 fnt
|-heal|p2a: Hydrapple|39/100|[from] drain|[of] p1a: Hippowdon
|faint|p1a: Hippowdon
|
|-weather|Sandstorm|[upkeep]
|-damage|p2a: Hydrapple|33/100|[from] Sandstorm
|upkeep
|
|t:|1760798355
|switch|p1a: Jirachi|Jirachi|70/100
|turn|18
|
|t:|1760798360
|switch|p2a: Heatran|Heatran, M|100/100 par
|-damage|p2a: Heatran|88/100 par|[from] Stealth Rock
|move|p1a: Jirachi|Iron Head|p2a: Heatran
|-resisted|p2a: Heatran
|-damage|p2a: Heatran|83/100 par
|-status|p1a: Jirachi|brn|[from] ability: Flame Body|[of] p2a: Heatran
|
|-weather|Sandstorm|[upkeep]
|-heal|p1a: Jirachi|76/100 brn|[from] item: Leftovers
|-heal|p2a: Heatran|89/100 par|[from] item: Leftovers
|-damage|p1a: Jirachi|70/100 brn|[from] brn
|upkeep
|turn|19
|
|t:|1760798373
|switch|p1a: Blissey|Blissey, F|100/100
|move|p2a: Heatran|Stealth Rock|p1a: Blissey
|-sidestart|p1: Made in BraziL|move: Stealth Rock
|
|-weather|Sandstorm|[upkeep]
|-damage|p1a: Blissey|94/100|[from] Sandstorm
|-heal|p1a: Blissey|100/100|[from] item: Leftovers
|-heal|p2a: Heatran|95/100 par|[from] item: Leftovers
|upkeep
|turn|20
|
|t:|1760798381
|move|p1a: Blissey|Heal Bell|p1a: Blissey
|-activate|p1a: Blissey|move: Heal Bell
|-curestatus|p1: Jirachi|brn|[msg]
|move|p2a: Heatran|Taunt|p1a: Blissey
|-start|p1a: Blissey|move: Taunt
|
|-weather|Sandstorm|[upkeep]
|-damage|p1a: Blissey|94/100|[from] Sandstorm
|-heal|p1a: Blissey|100/100|[from] item: Leftovers
|-heal|p2a: Heatran|100/100 par|[from] item: Leftovers
|upkeep
|turn|21
|
|t:|1760798396
|move|p1a: Blissey|Ice Beam|p2a: Heatran
|-resisted|p2a: Heatran
|-damage|p2a: Heatran|98/100 par
|move|p2a: Heatran|Magma Storm|p1a: Blissey|[miss]
|-miss|p2a: Heatran|p1a: Blissey
|
|-weather|Sandstorm|[upkeep]
|-damage|p1a: Blissey|94/100|[from] Sandstorm
|-heal|p1a: Blissey|100/100|[from] item: Leftovers
|-heal|p2a: Heatran|100/100 par|[from] item: Leftovers
|upkeep
|turn|22
|
|t:|1760798414
|move|p1a: Blissey|Ice Beam|p2a: Heatran
|-resisted|p2a: Heatran
|-damage|p2a: Heatran|98/100 par
|move|p2a: Heatran|Magma Storm|p1a: Blissey
|-damage|p1a: Blissey|85/100
|-activate|p1a: Blissey|move: Magma Storm|[of] p2a: Heatran
|
|-weather|Sandstorm|[upkeep]
|-damage|p1a: Blissey|78/100|[from] Sandstorm
|-heal|p1a: Blissey|85/100|[from] item: Leftovers
|-heal|p2a: Heatran|100/100 par|[from] item: Leftovers
|-damage|p1a: Blissey|72/100|[from] move: Magma Storm|[partiallytrapped]
|upkeep
|turn|23
|
|t:|1760798434
|move|p1a: Blissey|Ice Beam|p2a: Heatran
|-resisted|p2a: Heatran
|-damage|p2a: Heatran|98/100 par
|move|p2a: Heatran|Earth Power|p1a: Blissey
|-damage|p1a: Blissey|62/100
|
|-weather|Sandstorm|[upkeep]
|-damage|p1a: Blissey|55/100|[from] Sandstorm
|-heal|p1a: Blissey|62/100|[from] item: Leftovers
|-heal|p2a: Heatran|100/100 par|[from] item: Leftovers
|-damage|p1a: Blissey|49/100|[from] move: Magma Storm|[partiallytrapped]
|-end|p1a: Blissey|move: Taunt
|upkeep
|turn|24
|
|t:|1760798447
|move|p1a: Blissey|Ice Beam|p2a: Heatran
|-resisted|p2a: Heatran
|-damage|p2a: Heatran|98/100 par
|cant|p2a: Heatran|par
|
|-weather|none
|-heal|p1a: Blissey|55/100|[from] item: Leftovers
|-heal|p2a: Heatran|100/100 par|[from] item: Leftovers
|-damage|p1a: Blissey|43/100|[from] move: Magma Storm|[partiallytrapped]
|upkeep
|turn|25
|inactive|Made in BraziL has 120 seconds left.
|
|t:|1760798469
|move|p1a: Blissey|Heal Bell||[still]
|-activate|p1a: Blissey|move: Heal Bell
|-fail|p1a: Blissey
|move|p2a: Heatran|Taunt|p1a: Blissey
|-start|p1a: Blissey|move: Taunt
|
|-heal|p1a: Blissey|49/100|[from] item: Leftovers
|-damage|p1a: Blissey|36/100|[from] move: Magma Storm|[partiallytrapped]
|upkeep
|turn|26
|inactive|Made in BraziL has 120 seconds left.
|
|t:|1760798481
|move|p1a: Blissey|Ice Beam|p2a: Heatran
|-resisted|p2a: Heatran
|-damage|p2a: Heatran|98/100 par
|move|p2a: Heatran|Earth Power|p1a: Blissey
|-damage|p1a: Blissey|27/100
|-unboost|p1a: Blissey|spd|1
|
|-heal|p1a: Blissey|33/100|[from] item: Leftovers
|-heal|p2a: Heatran|100/100 par|[from] item: Leftovers
|-damage|p1a: Blissey|21/100|[from] move: Magma Storm|[partiallytrapped]
|upkeep
|turn|27
|
|t:|1760798493
|move|p1a: Blissey|Ice Beam|p2a: Heatran
|-resisted|p2a: Heatran
|-damage|p2a: Heatran|98/100 par
|cant|p2a: Heatran|par
|
|-heal|p1a: Blissey|27/100|[from] item: Leftovers
|-heal|p2a: Heatran|100/100 par|[from] item: Leftovers
|-end|p1a: Blissey|Magma Storm|[partiallytrapped]
|upkeep
|turn|28
|
|t:|1760798502
|move|p1a: Blissey|Ice Beam|p2a: Heatran
|-resisted|p2a: Heatran
|-damage|p2a: Heatran|98/100 par
|move|p2a: Heatran|Magma Storm|p1a: Blissey|[miss]
|-miss|p2a: Heatran|p1a: Blissey
|
|-heal|p1a: Blissey|33/100|[from] item: Leftovers
|-heal|p2a: Heatran|100/100 par|[from] item: Leftovers
|-end|p1a: Blissey|move: Taunt
|upkeep
|turn|29
|
|t:|1760798513
|move|p1a: Blissey|Rest|p1a: Blissey
|-status|p1a: Blissey|slp|[from] move: Rest
|-heal|p1a: Blissey|100/100 slp|[silent]
|move|p2a: Heatran|Magma Storm|p1a: Blissey
|-damage|p1a: Blissey|78/100 slp
|-activate|p1a: Blissey|move: Magma Storm|[of] p2a: Heatran
|
|-heal|p1a: Blissey|84/100 slp|[from] item: Leftovers
|-damage|p1a: Blissey|72/100 slp|[from] move: Magma Storm|[partiallytrapped]
|upkeep
|turn|30
|
|t:|1760798524
|cant|p1a: Blissey|slp
|cant|p2a: Heatran|par
|
|-heal|p1a: Blissey|78/100 slp|[from] item: Leftovers
|-damage|p1a: Blissey|65/100 slp|[from] move: Magma Storm|[partiallytrapped]
|upkeep
|turn|31
|
|t:|1760798533
|cant|p1a: Blissey|slp
|move|p2a: Heatran|Taunt|p1a: Blissey
|-start|p1a: Blissey|move: Taunt
|
|-heal|p1a: Blissey|72/100 slp|[from] item: Leftovers
|-damage|p1a: Blissey|59/100 slp|[from] move: Magma Storm|[partiallytrapped]
|upkeep
|turn|32
|
|t:|1760798542
|-curestatus|p1a: Blissey|slp|[msg]
|move|p1a: Blissey|Ice Beam|p2a: Heatran
|-resisted|p2a: Heatran
|-damage|p2a: Heatran|98/100 par
|move|p2a: Heatran|Earth Power|p1a: Blissey
|-damage|p1a: Blissey|45/100
|
|-heal|p1a: Blissey|51/100|[from] item: Leftovers
|-heal|p2a: Heatran|100/100 par|[from] item: Leftovers
|-damage|p1a: Blissey|39/100|[from] move: Magma Storm|[partiallytrapped]
|upkeep
|turn|33
|
|t:|1760798558
|move|p1a: Blissey|Ice Beam|p2a: Heatran
|-resisted|p2a: Heatran
|-damage|p2a: Heatran|98/100 par
|cant|p2a: Heatran|par
|
|-heal|p1a: Blissey|45/100|[from] item: Leftovers
|-heal|p2a: Heatran|100/100 par|[from] item: Leftovers
|-damage|p1a: Blissey|32/100|[from] move: Magma Storm|[partiallytrapped]
|upkeep
|turn|34
|
|t:|1760798576
|move|p1a: Blissey|Ice Beam|p2a: Heatran
|-resisted|p2a: Heatran
|-damage|p2a: Heatran|98/100 par
|move|p2a: Heatran|Earth Power|p1a: Blissey
|-crit|p1a: Blissey
|-damage|p1a: Blissey|11/100
|
|-heal|p1a: Blissey|17/100|[from] item: Leftovers
|-heal|p2a: Heatran|100/100 par|[from] item: Leftovers
|-end|p1a: Blissey|Magma Storm|[partiallytrapped]
|-end|p1a: Blissey|move: Taunt
|upkeep
|turn|35
|inactive|Made in BraziL has 120 seconds left.
|
|t:|1760798601
|move|p1a: Blissey|Rest|p1a: Blissey
|-status|p1a: Blissey|slp|[from] move: Rest
|-heal|p1a: Blissey|100/100 slp|[silent]
|move|p2a: Heatran|Magma Storm|p1a: Blissey
|-damage|p1a: Blissey|76/100 slp
|-activate|p1a: Blissey|move: Magma Storm|[of] p2a: Heatran
|
|-heal|p1a: Blissey|82/100 slp|[from] item: Leftovers
|-damage|p1a: Blissey|69/100 slp|[from] move: Magma Storm|[partiallytrapped]
|upkeep
|turn|36
|inactive|Made in BraziL has 120 seconds left.
|
|t:|1760798614
|cant|p1a: Blissey|slp
|move|p2a: Heatran|Earth Power|p1a: Blissey
|-damage|p1a: Blissey|55/100 slp
|
|-heal|p1a: Blissey|61/100 slp|[from] item: Leftovers
|-damage|p1a: Blissey|49/100 slp|[from] move: Magma Storm|[partiallytrapped]
|upkeep
|turn|37
|
|t:|1760798623
|cant|p1a: Blissey|slp
|move|p2a: Heatran|Earth Power|p1a: Blissey
|-damage|p1a: Blissey|35/100 slp
|
|-heal|p1a: Blissey|41/100 slp|[from] item: Leftovers
|-damage|p1a: Blissey|29/100 slp|[from] move: Magma Storm|[partiallytrapped]
|upkeep
|turn|38
|
|t:|1760798632
|-curestatus|p1a: Blissey|slp|[msg]
|move|p1a: Blissey|Rest|p1a: Blissey
|-status|p1a: Blissey|slp|[from] move: Rest
|-heal|p1a: Blissey|100/100 slp|[silent]
|move|p2a: Heatran|Earth Power|p1a: Blissey
|-damage|p1a: Blissey|87/100 slp
|
|-heal|p1a: Blissey|93/100 slp|[from] item: Leftovers
|-damage|p1a: Blissey|81/100 slp|[from] move: Magma Storm|[partiallytrapped]
|upkeep
|turn|39
|
|t:|1760798652
|switch|p2a: Keldeo|Keldeo-Resolute|100/100
|-damage|p2a: Keldeo|94/100|[from] Stealth Rock
|cant|p1a: Blissey|slp
|
|-heal|p1a: Blissey|87/100 slp|[from] item: Leftovers
|-end|p1a: Blissey|Magma Storm|[partiallytrapped]|[silent]
|upkeep
|turn|40
|
|t:|1760798660
|-terastallize|p1a: Blissey|Poison
|move|p2a: Keldeo|Secret Sword|p1a: Blissey
|-resisted|p1a: Blissey
|-damage|p1a: Blissey|57/100 slp
|cant|p1a: Blissey|slp
|
|-heal|p1a: Blissey|63/100 slp|[from] item: Leftovers
|upkeep
|turn|41
|
|t:|1760798670
|move|p2a: Keldeo|Secret Sword|p1a: Blissey
|-resisted|p1a: Blissey
|-damage|p1a: Blissey|32/100 slp
|-curestatus|p1a: Blissey|slp|[msg]
|move|p1a: Blissey|Thunder Wave|p2a: Keldeo
|-status|p2a: Keldeo|par
|
|-heal|p1a: Blissey|39/100|[from] item: Leftovers
|upkeep
|turn|42
|
|t:|1760798681
|cant|p2a: Keldeo|par
|move|p1a: Blissey|Rest|p1a: Blissey
|-status|p1a: Blissey|slp|[from] move: Rest
|-heal|p1a: Blissey|100/100 slp|[silent]
|
|upkeep
|turn|43
|
|t:|1760798688
|switch|p2a: Excadrill|Excadrill, F|100/100
|-damage|p2a: Excadrill|97/100|[from] Stealth Rock
|-item|p2a: Excadrill|Air Balloon
|-curestatus|p1a: Blissey|slp|[from] ability: Natural Cure
|switch|p1a: Serperior|Serperior, M|100/100
|-damage|p1a: Serperior|88/100|[from] Stealth Rock
|
|-heal|p1a: Serperior|94/100|[from] item: Leftovers
|upkeep
|turn|44
|
|t:|1760798701
|move|p1a: Serperior|Glare|p2a: Excadrill
|-status|p2a: Excadrill|par
|move|p2a: Excadrill|Earthquake|p1a: Serperior
|-resisted|p1a: Serperior
|-damage|p1a: Serperior|65/100
|
|-heal|p1a: Serperior|71/100|[from] item: Leftovers
|upkeep
|turn|45
|
|t:|1760798730
|move|p1a: Serperior|Knock Off|p2a: Excadrill
|-damage|p2a: Excadrill|73/100 par
|-enditem|p2a: Excadrill|Air Balloon
|cant|p2a: Excadrill|par
|
|-heal|p1a: Serperior|77/100|[from] item: Leftovers
|upkeep
|turn|46
|
|t:|1760798739
|move|p1a: Serperior|Leaf Storm|p2a: Excadrill
|-damage|p2a: Excadrill|28/100 par
|-boost|p1a: Serperior|spa|2
|move|p2a: Excadrill|Rapid Spin|p1a: Serperior
|-damage|p1a: Serperior|57/100
|-boost|p2a: Excadrill|spe|1
|-sideend|p2: yuan123456|Stealth Rock|[from] move: Rapid Spin|[of] p2a: Excadrill
|
|-heal|p1a: Serperior|63/100|[from] item: Leftovers
|upkeep
|turn|47
|
|t:|1760798752
|move|p1a: Serperior|Leech Seed|p2a: Excadrill
|-start|p2a: Excadrill|move: Leech Seed
|move|p2a: Excadrill|Iron Head|p1a: Serperior
|-damage|p1a: Serperior|15/100
|
|-heal|p1a: Serperior|21/100|[from] item: Leftovers
|-damage|p2a: Excadrill|16/100 par|[from] Leech Seed|[of] p1a: Serperior
|-heal|p1a: Serperior|36/100|[silent]
|upkeep
|turn|48
|
|t:|1760798771
|move|p1a: Serperior|Leaf Storm|p2a: Excadrill
|-damage|p2a: Excadrill|0 fnt
|-boost|p1a: Serperior|spa|2
|faint|p2a: Excadrill
|
|-heal|p1a: Serperior|42/100|[from] item: Leftovers
|upkeep
|
|t:|1760798777
|switch|p2a: Hydrapple|Hydrapple, F, tera:Fairy|66/100
|turn|49
|
|t:|1760798782
|move|p1a: Serperior|Glare|p2a: Hydrapple
|-status|p2a: Hydrapple|par
|move|p2a: Hydrapple|Fickle Beam|p1a: Serperior
|-damage|p1a: Serperior|4/100
|
|-heal|p1a: Serperior|10/100|[from] item: Leftovers
|upkeep
|turn|50
|
|t:|1760798794
|move|p1a: Serperior|Leech Seed|p2a: Hydrapple
|-start|p2a: Hydrapple|move: Leech Seed
|move|p2a: Hydrapple|Fickle Beam|p1a: Serperior
|-damage|p1a: Serperior|0 fnt
|faint|p1a: Serperior
|
|upkeep
|
|t:|1760798800
|switch|p1a: Jirachi|Jirachi|70/100
|-damage|p1a: Jirachi|64/100|[from] Stealth Rock
|turn|51
|
|t:|1760798807
|switch|p2a: Heatran|Heatran, M|100/100 par
|move|p1a: Jirachi|Skill Swap|p2a: Heatran
|-activate|p1a: Jirachi|move: Skill Swap|Flame Body|Serene Grace|[of] p2a: Heatran
|
|-heal|p1a: Jirachi|70/100|[from] item: Leftovers
|upkeep
|turn|52
|
|t:|1760798825
|move|p1a: Jirachi|Charge Beam|p2a: Heatran
|-damage|p2a: Heatran|94/100 par
|cant|p2a: Heatran|par
|
|-heal|p1a: Jirachi|76/100|[from] item: Leftovers
|-heal|p2a: Heatran|99/100 par|[from] item: Leftovers
|upkeep
|turn|53
|
|t:|1760798833
|switch|p1a: UtGyarados|Gyarados, F, shiny|100/100
|-damage|p1a: UtGyarados|76/100|[from] Stealth Rock
|move|p2a: Heatran|Magma Storm|p1a: UtGyarados|[miss]
|-miss|p2a: Heatran|p1a: UtGyarados
|
|-heal|p1a: UtGyarados|82/100|[from] item: Leftovers
|-heal|p2a: Heatran|100/100 par|[from] item: Leftovers
|upkeep
|turn|54
|
|t:|1760798847
|move|p1a: UtGyarados|Dragon Dance|p1a: UtGyarados
|-boost|p1a: UtGyarados|atk|1
|-boost|p1a: UtGyarados|spe|1
|move|p2a: Heatran|Taunt|p1a: UtGyarados
|-start|p1a: UtGyarados|move: Taunt
|
|-heal|p1a: UtGyarados|88/100|[from] item: Leftovers
|upkeep
|turn|55
|
|t:|1760798862
|switch|p2a: Tyranitar|Tyranitar, M|100/100 par
|-weather|Sandstorm|[from] ability: Sand Stream|[of] p2a: Tyranitar
|move|p1a: UtGyarados|Earthquake|p2a: Tyranitar
|-supereffective|p2a: Tyranitar
|-damage|p2a: Tyranitar|4/100 par
|
|-weather|Sandstorm|[upkeep]
|-damage|p1a: UtGyarados|82/100|[from] Sandstorm
|-heal|p1a: UtGyarados|88/100|[from] item: Leftovers
|upkeep
|turn|56
|
|t:|1760798873
|move|p1a: UtGyarados|Earthquake|p2a: Tyranitar
|-supereffective|p2a: Tyranitar
|-damage|p2a: Tyranitar|0 fnt
|faint|p2a: Tyranitar
|-ability|p1a: UtGyarados|Moxie|boost
|-boost|p1a: UtGyarados|atk|1
|
|-weather|Sandstorm|[upkeep]
|-damage|p1a: UtGyarados|82/100|[from] Sandstorm
|-heal|p1a: UtGyarados|88/100|[from] item: Leftovers
|upkeep
|
|t:|1760798875
|switch|p2a: Hydrapple|Hydrapple, F, tera:Fairy|99/100 par
|turn|57
|
|t:|1760798883
|move|p1a: UtGyarados|Waterfall|p2a: Hydrapple
|-damage|p2a: Hydrapple|52/100 par
|-damage|p1a: UtGyarados|71/100|[from] item: Rocky Helmet|[of] p2a: Hydrapple
|move|p2a: Hydrapple|Giga Drain|p1a: UtGyarados
|-damage|p1a: UtGyarados|42/100
|-heal|p2a: Hydrapple|64/100 par|[from] drain|[of] p1a: UtGyarados
|
|-weather|Sandstorm|[upkeep]
|-damage|p1a: UtGyarados|36/100|[from] Sandstorm
|-damage|p2a: Hydrapple|58/100 par|[from] Sandstorm
|-heal|p1a: UtGyarados|42/100|[from] item: Leftovers
|-end|p1a: UtGyarados|move: Taunt
|upkeep
|turn|58
|
|t:|1760798896
|move|p1a: UtGyarados|Earthquake|p2a: Hydrapple
|-damage|p2a: Hydrapple|21/100 par
|move|p2a: Hydrapple|Fickle Beam|p1a: UtGyarados
|-damage|p1a: UtGyarados|8/100
|
|-weather|Sandstorm|[upkeep]
|-damage|p1a: UtGyarados|2/100|[from] Sandstorm
|-damage|p2a: Hydrapple|15/100 par|[from] Sandstorm
|-heal|p1a: UtGyarados|8/100|[from] item: Leftovers
|upkeep
|turn|59
|
|t:|1760798910
|move|p1a: UtGyarados|Earthquake|p2a: Hydrapple
|-damage|p2a: Hydrapple|0 fnt
|faint|p2a: Hydrapple
|-ability|p1a: UtGyarados|Moxie|boost
|-boost|p1a: UtGyarados|atk|1
|
|-weather|none
|-heal|p1a: UtGyarados|14/100|[from] item: Leftovers
|upkeep
|
|t:|1760798916
|switch|p2a: Keldeo|Keldeo-Resolute|94/100 par
|turn|60
|
|t:|1760798922
|move|p2a: Keldeo|Vacuum Wave|p1a: UtGyarados
|-resisted|p1a: UtGyarados
|-damage|p1a: UtGyarados|0 fnt
|faint|p1a: UtGyarados
|
|upkeep
|
|t:|1760798934
|switch|p1a: Jirachi|Jirachi|76/100
|-damage|p1a: Jirachi|70/100|[from] Stealth Rock
|turn|61
|
|t:|1760798939
|switch|p2a: Heatran|Heatran, M|100/100 par
|move|p1a: Jirachi|Iron Head|p2a: Heatran
|-resisted|p2a: Heatran
|-damage|p2a: Heatran|95/100 par
|
|-heal|p1a: Jirachi|76/100|[from] item: Leftovers
|-heal|p2a: Heatran|100/100 par|[from] item: Leftovers
|upkeep
|turn|62
|
|t:|1760798950
|move|p1a: Jirachi|Skill Swap|p2a: Heatran
|-activate|p1a: Jirachi|move: Skill Swap|Flame Body|Serene Grace|[of] p2a: Heatran
|move|p2a: Heatran|Earth Power|p1a: Jirachi
|-supereffective|p1a: Jirachi
|-damage|p1a: Jirachi|36/100
|-unboost|p1a: Jirachi|spd|1
|
|-heal|p1a: Jirachi|42/100|[from] item: Leftovers
|upkeep
|turn|63
|
|t:|1760798960
|switch|p1a: Blissey|Blissey, F, tera:Poison|100/100
|-damage|p1a: Blissey|88/100|[from] Stealth Rock
|move|p2a: Heatran|Earth Power|p1a: Blissey
|-supereffective|p1a: Blissey
|-damage|p1a: Blissey|68/100
|
|-heal|p1a: Blissey|74/100|[from] item: Leftovers
|upkeep
|turn|64
|
|t:|1760798970
|move|p1a: Blissey|Ice Beam|p2a: Heatran
|-resisted|p2a: Heatran
|-damage|p2a: Heatran|98/100 par
|move|p2a: Heatran|Taunt|p1a: Blissey
|-start|p1a: Blissey|move: Taunt
|
|-heal|p1a: Blissey|80/100|[from] item: Leftovers
|-heal|p2a: Heatran|100/100 par|[from] item: Leftovers
|upkeep
|turn|65
|
|t:|1760798980
|move|p1a: Blissey|Ice Beam|p2a: Heatran
|-resisted|p2a: Heatran
|-damage|p2a: Heatran|98/100 par
|move|p2a: Heatran|Earth Power|p1a: Blissey
|-supereffective|p1a: Blissey
|-damage|p1a: Blissey|62/100
|-unboost|p1a: Blissey|spd|1
|
|-heal|p1a: Blissey|68/100|[from] item: Leftovers
|-heal|p2a: Heatran|100/100 par|[from] item: Leftovers
|upkeep
|turn|66
|
|t:|1760798991
|move|p1a: Blissey|Ice Beam|p2a: Heatran
|-resisted|p2a: Heatran
|-damage|p2a: Heatran|98/100 par
|move|p2a: Heatran|Earth Power|p1a: Blissey
|-supereffective|p1a: Blissey
|-damage|p1a: Blissey|38/100
|-unboost|p1a: Blissey|spd|1
|
|-heal|p1a: Blissey|44/100|[from] item: Leftovers
|-heal|p2a: Heatran|100/100 par|[from] item: Leftovers
|upkeep
|turn|67
|
|t:|1760799002
|move|p1a: Blissey|Ice Beam|p2a: Heatran
|-resisted|p2a: Heatran
|-damage|p2a: Heatran|98/100 par
|move|p2a: Heatran|Earth Power|p1a: Blissey
|-supereffective|p1a: Blissey
|-crit|p1a: Blissey
|-damage|p1a: Blissey|0 fnt
|faint|p1a: Blissey
|
|-heal|p2a: Heatran|100/100 par|[from] item: Leftovers
|upkeep
|
|t:|1760799013
|switch|p1a: Jirachi|Jirachi|42/100
|-damage|p1a: Jirachi|36/100|[from] Stealth Rock
|turn|68
|
|t:|1760799018
|move|p1a: Jirachi|Charge Beam|p2a: Heatran
|-damage|p2a: Heatran|94/100 par
|-boost|p1a: Jirachi|spa|1
|move|p2a: Heatran|Earth Power|p1a: Jirachi
|-supereffective|p1a: Jirachi
|-damage|p1a: Jirachi|0 fnt
|faint|p1a: Jirachi
|
|win|yuan123456
|raw|Made in BraziL's rating: 1325 &rarr; <strong>1304</strong><br />(-21 for losing)
|raw|yuan123456's rating: 1310 &rarr; <strong>1331</strong><br />(+21 for winning)
|l|☆Made in BraziL
|player|p1|
