|j|☆Charthraxis27
|j|☆King7D7
|t:|1760760505
|gametype|singles
|player|p1|Charthraxis27|lucas|1115
|player|p2|King7D7|steven|1160
|gen|9
|tier|[Gen 9] OU
|rated|
|rule|HP Percentage Mod: HP is shown in percentages
|rule|Endless Battle Clause: Forcing endless battles is banned
|rule|Species Clause: Limit one of each Pokémon
|rule|OHKO Clause: OHKO moves are banned
|rule|Evasion Items Clause: Evasion items are banned
|rule|Evasion Moves Clause: Evasion moves are banned
|rule|Evasion Abilities Clause: Evasion abilities are banned
|rule|Sleep Moves Clause: Sleep-inducing moves are banned
|clearpoke
|poke|p1|Dondozo, F|
|poke|p1|Heatran, F|
|poke|p1|Zoroark-Hisui, F|
|poke|p1|Ursaluna, F|
|poke|p1|Galvantula, M|
|poke|p1|Corviknight, M|
|poke|p2|Kingambit, F|
|poke|p2|Cinderace, F|
|poke|p2|Landorus-Therian, M|
|poke|p2|Iron Valiant|
|poke|p2|Kyurem|
|poke|p2|Slowking-Galar, M|
|teampreview
|inactive|Battle timer is ON: inactive players will automatically lose when time's up. (requested by King7D7)
|
|t:|1760760519
|teamsize|p1|6
|teamsize|p2|6
|start
|switch|p1a: Galvantula|Galvantula, M|100/100
|switch|p2a: Cinderace|Cinderace, F, shiny|100/100
|turn|1
|
|t:|1760760531
|move|p2a: Cinderace|Pyro Ball|p1a: Galvantula|[miss]
|-miss|p2a: Cinderace|p1a: Galvantula
|move|p1a: Galvantula|Sticky Web|p2a: Cinderace
|-sidestart|p2: King7D7|move: Sticky Web
|
|upkeep
|turn|2
|
|t:|1760760539
|switch|p1a: Dondozo|Dondozo, F|100/100
|move|p2a: Cinderace|Pyro Ball|p1a: Dondozo
|-resisted|p1a: Dondozo
|-damage|p1a: Dondozo|88/100
|
|-heal|p1a: Dondozo|94/100|[from] item: Leftovers
|upkeep
|turn|3
|
|t:|1760760558
|move|p2a: Cinderace|Court Change|p2a: Cinderace
|-start|p2a: Cinderace|typechange|Normal|[from] ability: Libero
|-swapsideconditions
|-activate|p2a: Cinderace|move: Court Change
|move|p1a: Dondozo|Wave Crash|p2a: Cinderace
|-damage|p2a: Cinderace|46/100
|-damage|p1a: Dondozo|83/100|[from] Recoil
|
|-heal|p1a: Dondozo|90/100|[from] item: Leftovers
|upkeep
|turn|4
|
|t:|1760760568
|move|p2a: Cinderace|Will-O-Wisp|p1a: Dondozo|[miss]
|-miss|p2a: Cinderace|p1a: Dondozo
|move|p1a: Dondozo|Wave Crash|p2a: Cinderace
|-damage|p2a: Cinderace|0 fnt
|faint|p2a: Cinderace
|-damage|p1a: Dondozo|80/100|[from] Recoil
|
|-heal|p1a: Dondozo|87/100|[from] item: Leftovers
|upkeep
|
|t:|1760760580
|switch|p2a: Slowking|Slowking-Galar, M, shiny|100/100
|turn|5
|
|t:|1760760595
|move|p1a: Dondozo|Earthquake|p2a: Slowking
|-supereffective|p2a: Slowking
|-damage|p2a: Slowking|49/100
|move|p2a: Slowking|Thunder Wave|p1a: Dondozo
|-status|p1a: Dondozo|par
|
|-heal|p1a: Dondozo|93/100 par|[from] item: Leftovers
|upkeep
|turn|6
|
|t:|1760760604
|-prepare|p2a: Slowking|Chilly Reception|[premajor]
|move|p2a: Slowking|Chilly Reception|p2a: Slowking
|-weather|Snowscape
|
|t:|1760760607
|switch|p2a: Kyurem|Kyurem, shiny|100/100|[from] Chilly Reception
|-ability|p2a: Kyurem|Pressure
|move|p1a: Dondozo|Earthquake|p2a: Kyurem
|-damage|p2a: Kyurem|87/100
|
|-weather|Snowscape|[upkeep]
|-heal|p2a: Kyurem|93/100|[from] item: Leftovers
|-heal|p1a: Dondozo|99/100 par|[from] item: Leftovers
|upkeep
|turn|7
|inactive|Charthraxis27 has 120 seconds left.
|
|t:|1760760646
|move|p2a: Kyurem|Substitute|p2a: Kyurem
|-start|p2a: Kyurem|Substitute
|-damage|p2a: Kyurem|68/100
|move|p1a: Dondozo|Earthquake|p2a: Kyurem
|-activate|p2a: Kyurem|move: Substitute|[damage]
|
|-weather|Snowscape|[upkeep]
|-heal|p2a: Kyurem|75/100|[from] item: Leftovers
|-heal|p1a: Dondozo|100/100 par|[from] item: Leftovers
|upkeep
|turn|8
|inactive|Charthraxis27 has 120 seconds left.
|
|t:|1760760658
|move|p2a: Kyurem|Freeze-Dry|p1a: Dondozo
|-supereffective|p1a: Dondozo
|-damage|p1a: Dondozo|30/100 par
|move|p1a: Dondozo|Ice Fang|p2a: Kyurem
|-activate|p2a: Kyurem|move: Substitute|[damage]
|
|-weather|Snowscape|[upkeep]
|-heal|p2a: Kyurem|81/100|[from] item: Leftovers
|-heal|p1a: Dondozo|36/100 par|[from] item: Leftovers
|upkeep
|turn|9
|inactive|Charthraxis27 has 120 seconds left.
|
|t:|1760760678
|switch|p1a: Galvantula|Galvantula, M|100/100
|-activate|p1a: Galvantula|move: Sticky Web
|-unboost|p1a: Galvantula|spe|1
|move|p2a: Kyurem|Freeze-Dry|p1a: Galvantula
|-damage|p1a: Galvantula|34/100
|
|-weather|Snowscape|[upkeep]
|-heal|p2a: Kyurem|87/100|[from] item: Leftovers
|upkeep
|turn|10
|
|t:|1760760702
|move|p2a: Kyurem|Freeze-Dry|p1a: Galvantula
|-damage|p1a: Galvantula|0 fnt
|faint|p1a: Galvantula
|
|-weather|none
|-heal|p2a: Kyurem|93/100|[from] item: Leftovers
|upkeep
|inactive|Charthraxis27 has 90 seconds left.
|
|t:|1760760742
|switch|p1a: Corviknight|Corviknight, M|100/100
|-activate|p1a: Corviknight|move: Sticky Web
|-unboost|p1a: Corviknight|spe|1
|turn|11
|
|t:|1760760749
|move|p2a: Kyurem|Freeze-Dry|p1a: Corviknight
|-damage|p1a: Corviknight|20/100
|-status|p1a: Corviknight|frz
|replace|p1a: Zoroark|Zoroark-Hisui, F
|-end|p1a: Zoroark|Illusion
|cant|p1a: Zoroark|frz
|
|-heal|p2a: Kyurem|99/100|[from] item: Leftovers
|upkeep
|turn|12
|
|t:|1760760761
|move|p2a: Kyurem|Freeze-Dry|p1a: Zoroark
|-damage|p1a: Zoroark|0 fnt
|faint|p1a: Zoroark
|
|-heal|p2a: Kyurem|100/100|[from] item: Leftovers
|upkeep
|c|☆King7D7|Crazy freeze
|inactive|Charthraxis27 has 60 seconds left.
|
|t:|1760760797
|switch|p1a: Heatran|Heatran, F|100/100
|-item|p1a: Heatran|Air Balloon
|turn|13
|
|t:|1760760810
|move|p2a: Kyurem|Body Press|p1a: Heatran
|-supereffective|p1a: Heatran
|-damage|p1a: Heatran|73/100
|-enditem|p1a: Heatran|Air Balloon
|move|p1a: Heatran|Flash Cannon|p2a: Kyurem
|-supereffective|p2a: Kyurem
|-end|p2a: Kyurem|Substitute
|
|upkeep
|turn|14
|inactive|Charthraxis27 has 60 seconds left.
|
|t:|1760760818
|move|p2a: Kyurem|Earth Power|p1a: Heatran
|-supereffective|p1a: Heatran
|-damage|p1a: Heatran|0 fnt
|faint|p1a: Heatran
|
|upkeep
|inactive|Charthraxis27 has 60 seconds left.
|
|t:|1760760825
|switch|p1a: Ursaluna|Ursaluna, F|100/100
|-activate|p1a: Ursaluna|move: Sticky Web
|-unboost|p1a: Ursaluna|spe|1
|turn|15
|
|t:|1760760832
|move|p2a: Kyurem|Freeze-Dry|p1a: Ursaluna
|-supereffective|p1a: Ursaluna
|-damage|p1a: Ursaluna|37/100
|move|p1a: Ursaluna|Swords Dance|p1a: Ursaluna
|-boost|p1a: Ursaluna|atk|2
|
|-status|p1a: Ursaluna|brn|[from] item: Flame Orb
|upkeep
|turn|16
|-message|Charthraxis27 forfeited.
|
|win|King7D7
|raw|Charthraxis27's rating: 1115 &rarr; <strong>1093</strong><br />(-22 for losing)
|raw|King7D7's rating: 1160 &rarr; <strong>1182</strong><br />(+22 for winning)
|l|☆Charthraxis27
|player|p1|
|l|☆King7D7
|player|p2|
