|badge|p2|bronze|gen9ou|100-7
|uhtml|medal-msg|<div class="broadcast-blue">Curious what those medals under the avatar are? PS now has Ladder Seasons! For more information, check out the <a href="https://www.smogon.com/forums/threads/3740067/">thread on Smogon.</a></div>
|j|‽mantikarp2.0
|j|☆Auburn Hills
|t:|1760719688
|gametype|singles
|player|p1|mantikarp2.0|101|1758
|player|p2|Auburn Hills|alder|1824
|gen|9
|tier|[Gen 9] OU
|rated|
|rule|HP Percentage Mod: HP is shown in percentages
|rule|Endless Battle Clause: Forcing endless battles is banned
|rule|Species Clause: Limit one of each Pokémon
|rule|OHKO Clause: OHKO moves are banned
|rule|Evasion Items Clause: Evasion items are banned
|rule|Evasion Moves Clause: Evasion moves are banned
|rule|Evasion Abilities Clause: Evasion abilities are banned
|rule|Sleep Moves Clause: Sleep-inducing moves are banned
|clearpoke
|poke|p1|Ribombee, F|
|poke|p1|Gholdengo|
|poke|p1|Great Tusk|
|poke|p1|Raging Bolt|
|poke|p1|Ogerpon-Cornerstone, F|
|poke|p1|Ceruledge, M|
|poke|p2|Iron Moth|
|poke|p2|Umbreon, F|
|poke|p2|Garchomp, M|
|poke|p2|Glimmora, F|
|poke|p2|Gholdengo|
|poke|p2|Dragonite, F|
|teampreview
|j| Ggtggg
|inactive|Battle timer is ON: inactive players will automatically lose when time's up. (requested by mantikarp2.0)
|j| Ywywe
|inactive|Auburn Hills has 120 seconds left.
|
|t:|1760719731
|teamsize|p1|6
|teamsize|p2|6
|start
|switch|p1a: Ribombee|Ribombee, F, shiny|100/100
|switch|p2a: Julia Jacklin|Glimmora, F|100/100
|turn|1
|
|t:|1760719736
|move|p1a: Ribombee|Psychic Noise|p2a: Julia Jacklin
|-supereffective|p2a: Julia Jacklin
|-damage|p2a: Julia Jacklin|45/100
|-start|p2a: Julia Jacklin|move: Heal Block
|move|p2a: Julia Jacklin|Sludge Wave|p1a: Ribombee
|-supereffective|p1a: Ribombee
|-enditem|p1a: Ribombee|Focus Sash
|-damage|p1a: Ribombee|1/100
|
|upkeep
|turn|2
|
|t:|1760719744
|switch|p2a: Smino|Gholdengo|100/100
|-terastallize|p1a: Ribombee|Steel
|move|p1a: Ribombee|Sticky Web|p2a: Smino
|-sidestart|p2: Auburn Hills|move: Sticky Web
|
|upkeep
|turn|3
|
|t:|1760719750
|move|p2a: Smino|Shadow Ball|p1a: Ribombee
|-damage|p1a: Ribombee|0 fnt
|faint|p1a: Ribombee
|
|upkeep
|
|t:|1760719754
|switch|p1a: Ceruledge|Ceruledge, M, shiny|100/100
|turn|4
|
|t:|1760719757
|move|p2a: Smino|Shadow Ball|p1a: Ceruledge
|-supereffective|p1a: Ceruledge
|-enditem|p1a: Ceruledge|Focus Sash
|-damage|p1a: Ceruledge|1/100
|move|p1a: Ceruledge|Bitter Blade|p2a: Smino
|-supereffective|p2a: Smino
|-damage|p2a: Smino|0 fnt
|-heal|p1a: Ceruledge|55/100|[from] drain|[of] p2a: Smino
|faint|p2a: Smino
|
|upkeep
|
|t:|1760719760
|switch|p2a: Elucid|Dragonite, F|100/100
|turn|5
|
|t:|1760719766
|switch|p1a: Gholdengo|Gholdengo, shiny|100/100
|-item|p1a: Gholdengo|Air Balloon
|move|p2a: Elucid|Earthquake|p1a: Gholdengo
|-immune|p1a: Gholdengo
|
|upkeep
|turn|6
|
|t:|1760719771
|move|p2a: Elucid|Ice Spinner|p1a: Gholdengo
|-resisted|p1a: Gholdengo
|-damage|p1a: Gholdengo|83/100
|-enditem|p1a: Gholdengo|Air Balloon
|move|p1a: Gholdengo|Shadow Ball|p2a: Elucid
|-damage|p2a: Elucid|76/100
|
|upkeep
|turn|7
|
|t:|1760719777
|switch|p1a: Great Tusk|Great Tusk, shiny|100/100
|-enditem|p1a: Great Tusk|Booster Energy
|-activate|p1a: Great Tusk|ability: Protosynthesis|[fromitem]
|-start|p1a: Great Tusk|protosynthesisatk
|move|p2a: Elucid|Dragon Dance|p2a: Elucid
|-boost|p2a: Elucid|atk|1
|-boost|p2a: Elucid|spe|1
|
|upkeep
|turn|8
|
|t:|1760719784
|-terastallize|p2a: Elucid|Normal
|move|p2a: Elucid|Ice Spinner|p1a: Great Tusk
|-supereffective|p1a: Great Tusk
|-damage|p1a: Great Tusk|29/100
|move|p1a: Great Tusk|Ice Spinner|p2a: Elucid
|-damage|p2a: Elucid|37/100
|
|upkeep
|turn|9
|
|t:|1760719793
|move|p2a: Elucid|Earthquake|p1a: Great Tusk
|-damage|p1a: Great Tusk|0 fnt
|faint|p1a: Great Tusk
|-end|p1a: Great Tusk|Protosynthesis|[silent]
|
|upkeep
|
|t:|1760719795
|switch|p1a: Ogerpon|Ogerpon-Cornerstone, F|100/100
|turn|10
|
|t:|1760719799
|move|p2a: Elucid|Ice Spinner|p1a: Ogerpon
|-supereffective|p1a: Ogerpon
|-ability|p1a: Ogerpon|Sturdy
|-damage|p1a: Ogerpon|1/100
|move|p1a: Ogerpon|Low Kick|p2a: Elucid
|-supereffective|p2a: Elucid
|-damage|p2a: Elucid|0 fnt
|faint|p2a: Elucid
|
|upkeep
|
|t:|1760719803
|switch|p2a: Alvvays|Umbreon, F|100/100
|-activate|p2a: Alvvays|move: Sticky Web
|-unboost|p2a: Alvvays|spe|1
|turn|11
|
|t:|1760719807
|move|p1a: Ogerpon|Power Whip|p2a: Alvvays
|-damage|p2a: Alvvays|36/100
|move|p2a: Alvvays|Foul Play|p1a: Ogerpon
|-damage|p1a: Ogerpon|0 fnt
|faint|p1a: Ogerpon
|
|-heal|p2a: Alvvays|42/100|[from] item: Leftovers
|upkeep
|
|t:|1760719815
|switch|p1a: Raging Bolt|Raging Bolt|100/100
|-enditem|p1a: Raging Bolt|Booster Energy
|-activate|p1a: Raging Bolt|ability: Protosynthesis|[fromitem]
|-start|p1a: Raging Bolt|protosynthesisspa
|turn|12
|
|t:|1760719819
|move|p1a: Raging Bolt|Thunderbolt|p2a: Alvvays
|-damage|p2a: Alvvays|5/100
|move|p2a: Alvvays|Wish|p2a: Alvvays
|
|-heal|p2a: Alvvays|11/100|[from] item: Leftovers
|upkeep
|turn|13
|
|t:|1760719823
|move|p1a: Raging Bolt|Calm Mind|p1a: Raging Bolt
|-boost|p1a: Raging Bolt|spa|1
|-boost|p1a: Raging Bolt|spd|1
|move|p2a: Alvvays|Foul Play|p1a: Raging Bolt
|-damage|p1a: Raging Bolt|82/100
|
|-heal|p2a: Alvvays|61/100|[from] move: Wish|[wisher] Alvvays
|-heal|p2a: Alvvays|67/100|[from] item: Leftovers
|upkeep
|turn|14
|
|t:|1760719826
|move|p2a: Alvvays|Protect|p2a: Alvvays
|-singleturn|p2a: Alvvays|Protect
|move|p1a: Raging Bolt|Thunderbolt|p2a: Alvvays
|-activate|p2a: Alvvays|move: Protect
|
|-heal|p2a: Alvvays|73/100|[from] item: Leftovers
|upkeep
|turn|15
|
|t:|1760719832
|move|p1a: Raging Bolt|Calm Mind|p1a: Raging Bolt
|-boost|p1a: Raging Bolt|spa|1
|-boost|p1a: Raging Bolt|spd|1
|move|p2a: Alvvays|Wish|p2a: Alvvays
|
|-heal|p2a: Alvvays|79/100|[from] item: Leftovers
|upkeep
|turn|16
|
|t:|1760719837
|switch|p2a: Julia Jacklin|Glimmora, F|45/100
|-activate|p2a: Julia Jacklin|move: Sticky Web
|-unboost|p2a: Julia Jacklin|spe|1
|move|p1a: Raging Bolt|Thunderbolt|p2a: Julia Jacklin
|-damage|p2a: Julia Jacklin|0 fnt
|faint|p2a: Julia Jacklin
|
|upkeep
|
|t:|1760719839
|switch|p2a: Rat Tally|Garchomp, M|100/100
|-activate|p2a: Rat Tally|move: Sticky Web
|-unboost|p2a: Rat Tally|spe|1
|turn|17
|
|t:|1760719841
|move|p1a: Raging Bolt|Dragon Pulse|p2a: Rat Tally
|-supereffective|p2a: Rat Tally
|-damage|p2a: Rat Tally|0 fnt
|faint|p2a: Rat Tally
|
|upkeep
|-message|Auburn Hills forfeited.
|
|win|mantikarp2.0
|raw|mantikarp2.0's rating: 1758 &rarr; <strong>1782</strong><br />(+24 for winning)
|raw|Auburn Hills's rating: 1824 &rarr; <strong>1800</strong><br />(-24 for losing)
|l|☆Auburn Hills
|player|p2|
|l| Ggtggg
|l|‽mantikarp2.0
|player|p1|
