|j|☆detroitking
|j|☆12cech
|t:|1760850533
|gametype|singles
|player|p1|detroitking|ash|1112
|player|p2|12cech|266|1066
|gen|9
|tier|[Gen 9] OU
|rated|
|rule|HP Percentage Mod: HP is shown in percentages
|rule|Endless Battle Clause: Forcing endless battles is banned
|rule|Species Clause: Limit one of each Pokémon
|rule|OHKO Clause: OHKO moves are banned
|rule|Evasion Items Clause: Evasion items are banned
|rule|Evasion Moves Clause: Evasion moves are banned
|rule|Evasion Abilities Clause: Evasion abilities are banned
|rule|Sleep Moves Clause: Sleep-inducing moves are banned
|clearpoke
|poke|p1|Golem-Alola, F|
|poke|p1|Kingambit, M|
|poke|p1|Moltres-Galar|
|poke|p1|Blastoise, M|
|poke|p1|Serperior, F|
|poke|p1|Maushold|
|poke|p2|Ninetales-Alola, M|
|poke|p2|Kyurem|
|poke|p2|Zamazenta-*|
|poke|p2|Deoxys-Defense|
|poke|p2|Maushold-Four|
|poke|p2|Walking Wake|
|teampreview
|inactive|Battle timer is ON: inactive players will automatically lose when time's up. (requested by 12cech)
|
|t:|1760850549
|teamsize|p1|6
|teamsize|p2|6
|start
|switch|p1a: Maushold|Maushold|100/100
|switch|p2a: Maushold|Maushold-Four|100/100
|turn|1
|
|t:|1760850559
|switch|p1a: Golem|Golem-Alola, F|100/100
|move|p2a: Maushold|Tidy Up|p2a: Maushold
|-boost|p2a: Maushold|atk|1
|-boost|p2a: Maushold|spe|1
|
|upkeep
|turn|2
|inactive|12cech has 120 seconds left.
|
|t:|1760850606
|move|p2a: Maushold|Tidy Up|p2a: Maushold
|-boost|p2a: Maushold|atk|1
|-boost|p2a: Maushold|spe|1
|move|p1a: Golem|Explosion|p2a: Maushold
|-damage|p2a: Maushold|0 fnt
|faint|p1a: Golem
|faint|p2a: Maushold
|
|upkeep
|
|t:|1760850618
|switch|p2a: Ninetales|Ninetales-Alola, M|100/100
|switch|p1a: Maushold|Maushold|100/100
|-weather|Snowscape|[from] ability: Snow Warning|[of] p2a: Ninetales
|turn|3
|
|t:|1760850625
|move|p1a: Maushold|Taunt|p2a: Ninetales
|-start|p2a: Ninetales|move: Taunt
|cant|p2a: Ninetales|move: Taunt|Aurora Veil
|
|-weather|Snowscape|[upkeep]
|upkeep
|turn|4
|
|t:|1760850635
|move|p1a: Maushold|Tidy Up|p1a: Maushold
|-boost|p1a: Maushold|atk|1
|-boost|p1a: Maushold|spe|1
|move|p2a: Ninetales|Blizzard|p1a: Maushold
|-damage|p1a: Maushold|42/100
|
|-weather|Snowscape|[upkeep]
|upkeep
|turn|5
|inactive|12cech has 120 seconds left.
|
|t:|1760850648
|move|p1a: Maushold|Population Bomb|p2a: Ninetales
|-damage|p2a: Ninetales|86/100
|-damage|p2a: Ninetales|68/100
|-damage|p2a: Ninetales|52/100
|-damage|p2a: Ninetales|35/100
|-damage|p2a: Ninetales|17/100
|-damage|p2a: Ninetales|0 fnt
|faint|p2a: Ninetales
|-hitcount|p2: Ninetales|6
|
|-weather|Snowscape|[upkeep]
|upkeep
|
|t:|1760850661
|switch|p2a: Zamazenta|Zamazenta|100/100
|-ability|p2a: Zamazenta|Dauntless Shield|boost
|-boost|p2a: Zamazenta|def|1
|turn|6
|
|t:|1760850673
|-terastallize|p1a: Maushold|Normal
|move|p1a: Maushold|Population Bomb|p2a: Zamazenta
|-damage|p2a: Zamazenta|89/100
|-damage|p2a: Zamazenta|78/100
|-crit|p2a: Zamazenta
|-damage|p2a: Zamazenta|54/100
|-damage|p2a: Zamazenta|42/100
|-damage|p2a: Zamazenta|32/100
|-damage|p2a: Zamazenta|21/100
|-damage|p2a: Zamazenta|10/100
|-damage|p2a: Zamazenta|0 fnt
|faint|p2a: Zamazenta
|-hitcount|p2: Zamazenta|8
|
|-weather|Snowscape|[upkeep]
|upkeep
|-message|12cech forfeited.
|
|win|detroitking
|raw|detroitking's rating: 1112 &rarr; <strong>1134</strong><br />(+22 for winning)
|raw|12cech's rating: 1066 &rarr; <strong>1049</strong><br />(-17 for losing)
|l|☆12cech
|player|p2|
|l|☆detroitking
|player|p1|
