|j|☆Marbradiz
|j|☆EleaRosea
|t:|1760876922
|gametype|singles
|player|p1|Marbradiz|scientist|1159
|player|p2|EleaRosea|harmony|1128
|gen|9
|tier|[Gen 9] OU
|rated|
|rule|HP Percentage Mod: HP is shown in percentages
|rule|Endless Battle Clause: Forcing endless battles is banned
|rule|Species Clause: Limit one of each Pokémon
|rule|OHKO Clause: OHKO moves are banned
|rule|Evasion Items Clause: Evasion items are banned
|rule|Evasion Moves Clause: Evasion moves are banned
|rule|Evasion Abilities Clause: Evasion abilities are banned
|rule|Sleep Moves Clause: Sleep-inducing moves are banned
|clearpoke
|poke|p1|Ceruledge, F|
|poke|p1|Kingambit, F|
|poke|p1|Ogerpon-Wellspring, F|
|poke|p1|Lokix, M|
|poke|p1|Gholdengo|
|poke|p1|Salamence, F|
|poke|p2|Ogerpon, F|
|poke|p2|Gliscor, M|
|poke|p2|Heatran, M|
|poke|p2|Walking Wake|
|poke|p2|Tornadus-Therian, M|
|poke|p2|Kingambit, M|
|teampreview
|j| TheBergentruck
|l| TheBergentruck
|
|t:|1760876953
|teamsize|p1|6
|teamsize|p2|6
|start
|switch|p1a: Lokix|Lokix, M|100/100
|switch|p2a: Heatran|Heatran, M|100/100
|turn|1
|
|t:|1760876961
|move|p1a: Lokix|First Impression|p2a: Heatran
|-resisted|p2a: Heatran
|-damage|p2a: Heatran|80/100
|-damage|p1a: Lokix|91/100|[from] item: Life Orb
|move|p2a: Heatran|Stealth Rock|p1a: Lokix
|-sidestart|p1: Marbradiz|move: Stealth Rock
|
|-heal|p2a: Heatran|86/100|[from] item: Leftovers
|upkeep
|turn|2
|
|t:|1760876971
|move|p1a: Lokix|Taunt|p2a: Heatran
|-start|p2a: Heatran|move: Taunt
|move|p2a: Heatran|Earth Power|p1a: Lokix
|-resisted|p1a: Lokix
|-damage|p1a: Lokix|67/100
|
|-heal|p2a: Heatran|92/100|[from] item: Leftovers
|upkeep
|turn|3
|
|t:|1760876979
|move|p1a: Lokix|U-turn|p2a: Heatran
|-resisted|p2a: Heatran
|-damage|p2a: Heatran|74/100
|-damage|p1a: Lokix|57/100|[from] item: Life Orb
|
|t:|1760876983
|switch|p1a: Salamence|Salamence, F|100/100|[from] U-turn
|-damage|p1a: Salamence|76/100|[from] Stealth Rock
|-ability|p1a: Salamence|Intimidate|boost
|-unboost|p2a: Heatran|atk|1
|move|p2a: Heatran|Magma Storm|p1a: Salamence
|-resisted|p1a: Salamence
|-damage|p1a: Salamence|51/100
|-activate|p1a: Salamence|move: Magma Storm|[of] p2a: Heatran
|
|-heal|p2a: Heatran|80/100|[from] item: Leftovers
|-damage|p1a: Salamence|39/100|[from] move: Magma Storm|[partiallytrapped]
|upkeep
|turn|4
|
|t:|1760877004
|switch|p2a: Gliscor|Gliscor, M|100/100
|move|p1a: Salamence|Draco Meteor|p2a: Gliscor
|-damage|p2a: Gliscor|6/100
|-unboost|p1a: Salamence|spa|2
|-damage|p1a: Salamence|29/100|[from] item: Life Orb
|
|-end|p1a: Salamence|Magma Storm|[partiallytrapped]|[silent]
|-status|p2a: Gliscor|tox|[from] item: Toxic Orb
|upkeep
|turn|5
|
|t:|1760877029
|move|p2a: Gliscor|Protect|p2a: Gliscor
|-singleturn|p2a: Gliscor|Protect
|move|p1a: Salamence|Air Slash|p2a: Gliscor
|-activate|p2a: Gliscor|move: Protect
|
|-heal|p2a: Gliscor|19/100 tox|[from] ability: Poison Heal
|upkeep
|turn|6
|
|t:|1760877050
|switch|p2a: Heatran|Heatran, M|80/100
|move|p1a: Salamence|Draco Meteor|p2a: Heatran|[miss]
|-miss|p1a: Salamence|p2a: Heatran
|
|-heal|p2a: Heatran|86/100|[from] item: Leftovers
|upkeep
|turn|7
|
|t:|1760877057
|switch|p2a: Ogerpon|Ogerpon, F|100/100
|move|p1a: Salamence|Draco Meteor|p2a: Ogerpon
|-damage|p2a: Ogerpon|55/100
|-unboost|p1a: Salamence|spa|2
|-damage|p1a: Salamence|19/100|[from] item: Life Orb
|
|upkeep
|turn|8
|
|t:|1760877066
|switch|p1a: Ceruledge|Ceruledge, F|100/100
|-damage|p1a: Ceruledge|76/100|[from] Stealth Rock
|move|p2a: Ogerpon|Knock Off|p1a: Ceruledge
|-supereffective|p1a: Ceruledge
|-crit|p1a: Ceruledge
|-damage|p1a: Ceruledge|0 fnt
|-enditem|p1a: Ceruledge|Focus Sash|[from] move: Knock Off|[of] p2a: Ogerpon
|faint|p1a: Ceruledge
|
|upkeep
|
|t:|1760877081
|switch|p1a: Ogerpon|Ogerpon-Wellspring, F|100/100
|-damage|p1a: Ogerpon|88/100|[from] Stealth Rock
|turn|9
|
|t:|1760877092
|move|p2a: Ogerpon|U-turn|p1a: Ogerpon
|-supereffective|p1a: Ogerpon
|-damage|p1a: Ogerpon|24/100
|
|t:|1760877094
|switch|p2a: Tornadus|Tornadus-Therian, M|100/100|[from] U-turn
|move|p1a: Ogerpon|U-turn|p2a: Tornadus
|-resisted|p2a: Tornadus
|-damage|p2a: Tornadus|83/100
|
|t:|1760877102
|switch|p1a: Gholdengo|Gholdengo|100/100|[from] U-turn
|-damage|p1a: Gholdengo|94/100|[from] Stealth Rock
|
|upkeep
|turn|10
|
|t:|1760877111
|move|p2a: Tornadus|Knock Off|p1a: Gholdengo
|-supereffective|p1a: Gholdengo
|-damage|p1a: Gholdengo|46/100
|-enditem|p1a: Gholdengo|Choice Specs|[from] move: Knock Off|[of] p2a: Tornadus
|move|p1a: Gholdengo|Make It Rain|p2a: Tornadus
|-crit|p2a: Tornadus
|-damage|p2a: Tornadus|0 fnt
|-unboost|p1a: Gholdengo|spa|1
|faint|p2a: Tornadus
|
|upkeep
|
|t:|1760877134
|switch|p2a: Walking Wake|Walking Wake|100/100
|turn|11
|
|t:|1760877160
|move|p2a: Walking Wake|Flamethrower|p1a: Gholdengo
|-supereffective|p1a: Gholdengo
|-damage|p1a: Gholdengo|0 fnt
|faint|p1a: Gholdengo
|
|upkeep
|
|t:|1760877174
|switch|p1a: Ogerpon|Ogerpon-Wellspring, F|24/100
|-damage|p1a: Ogerpon|11/100|[from] Stealth Rock
|turn|12
|
|t:|1760877183
|-end|p2a: Walking Wake|Protosynthesis|[silent]
|switch|p2a: Gliscor|Gliscor, M|19/100 tox
|move|p1a: Ogerpon|Horn Leech|p2a: Gliscor
|-damage|p2a: Gliscor|0 fnt
|-heal|p1a: Ogerpon|22/100|[from] drain|[of] p2a: Gliscor
|faint|p2a: Gliscor
|
|upkeep
|
|t:|1760877213
|switch|p2a: Ogerpon|Ogerpon, F|55/100
|turn|13
|
|t:|1760877221
|switch|p1a: Kingambit|Kingambit, F|100/100
|-damage|p1a: Kingambit|94/100|[from] Stealth Rock
|-activate|p1a: Kingambit|ability: Supreme Overlord
|-start|p1a: Kingambit|fallen2|[silent]
|-terastallize|p2a: Ogerpon|Grass
|detailschange|p2a: Ogerpon|Ogerpon-Teal-Tera, F, tera:Grass
|-ability|p2a: Ogerpon|Embody Aspect (Teal)|boost
|-boost|p2a: Ogerpon|spe|1
|move|p2a: Ogerpon|U-turn|p1a: Kingambit
|-damage|p1a: Kingambit|77/100
|
|t:|1760877229
|switch|p2a: Walking Wake|Walking Wake|100/100|[from] U-turn
|
|upkeep
|turn|14
|
|t:|1760877236
|-terastallize|p1a: Kingambit|Dark
|move|p1a: Kingambit|Sucker Punch|p2a: Walking Wake
|-damage|p2a: Walking Wake|34/100
|move|p2a: Walking Wake|Flamethrower|p1a: Kingambit
|-damage|p1a: Kingambit|46/100
|
|upkeep
|turn|15
|
|t:|1760877244
|move|p1a: Kingambit|Sucker Punch|p2a: Walking Wake
|-damage|p2a: Walking Wake|0 fnt
|faint|p2a: Walking Wake
|-end|p2a: Walking Wake|Protosynthesis|[silent]
|
|upkeep
|
|t:|1760877247
|switch|p2a: Kingambit|Kingambit, M|100/100
|-activate|p2a: Kingambit|ability: Supreme Overlord
|-start|p2a: Kingambit|fallen3|[silent]
|turn|16
|
|t:|1760877257
|-end|p1a: Kingambit|fallen2|[silent]
|switch|p1a: Lokix|Lokix, M|57/100
|-damage|p1a: Lokix|32/100|[from] Stealth Rock
|move|p2a: Kingambit|Iron Head|p1a: Lokix
|-damage|p1a: Lokix|0 fnt
|faint|p1a: Lokix
|
|upkeep
|
|t:|1760877268
|switch|p1a: Salamence|Salamence, F|19/100
|-damage|p1a: Salamence|0 fnt|[from] Stealth Rock
|faint|p1a: Salamence
|
|t:|1760877273
|switch|p1a: Ogerpon|Ogerpon-Wellspring, F|22/100
|-damage|p1a: Ogerpon|10/100|[from] Stealth Rock
|turn|17
|
|t:|1760877280
|move|p2a: Kingambit|Sucker Punch|p1a: Ogerpon
|-damage|p1a: Ogerpon|0 fnt
|faint|p1a: Ogerpon
|
|upkeep
|c|☆EleaRosea|gg
|
|t:|1760877284
|switch|p1a: Kingambit|Kingambit, F, tera:Dark|46/100
|-damage|p1a: Kingambit|33/100|[from] Stealth Rock
|-activate|p1a: Kingambit|ability: Supreme Overlord
|-start|p1a: Kingambit|fallen5|[silent]
|turn|18
|
|t:|1760877289
|move|p1a: Kingambit|Sucker Punch|p2a: Kingambit
|-resisted|p2a: Kingambit
|-damage|p2a: Kingambit|68/100
|move|p2a: Kingambit|Iron Head|p1a: Kingambit
|-damage|p1a: Kingambit|0 fnt
|faint|p1a: Kingambit
|-end|p1a: Kingambit|fallen5|[silent]
|
|win|EleaRosea
|raw|Marbradiz's rating: 1159 &rarr; <strong>1132</strong><br />(-27 for losing)
|raw|EleaRosea's rating: 1128 &rarr; <strong>1155</strong><br />(+27 for winning)
