|j|☆ItsMrstealyourrank
|j|☆stariaki
|t:|1760827745
|gametype|singles
|player|p1|ItsMrstealyourrank|brawly|1721
|player|p2|stariaki|101|1707
|gen|9
|tier|[Gen 9] OU
|rated|
|rule|HP Percentage Mod: HP is shown in percentages
|rule|Endless Battle Clause: Forcing endless battles is banned
|rule|Species Clause: Limit one of each Pokémon
|rule|OHKO Clause: OHKO moves are banned
|rule|Evasion Items Clause: Evasion items are banned
|rule|Evasion Moves Clause: Evasion moves are banned
|rule|Evasion Abilities Clause: Evasion abilities are banned
|rule|Sleep Moves Clause: Sleep-inducing moves are banned
|clearpoke
|poke|p1|Ninetales-Alola, M|
|poke|p1|Klefki, M|
|poke|p1|Maushold-Four|
|poke|p1|Latias, F|
|poke|p1|Kyurem|
|poke|p1|Thundurus-Therian, M|
|poke|p2|Polteageist|
|poke|p2|Scizor, F|
|poke|p2|Dragonite, F|
|poke|p2|Great Tusk|
|poke|p2|Cinderace, M|
|poke|p2|Alomomola, M|
|teampreview
|inactive|Battle timer is ON: inactive players will automatically lose when time's up. (requested by ItsMrstealyourrank)
|
|t:|1760827752
|teamsize|p1|6
|teamsize|p2|6
|start
|switch|p1a: Klefki|Klefki, M|100/100
|switch|p2a: Cinderace|Cinderace, M|100/100
|turn|1
|
|t:|1760827755
|move|p1a: Klefki|Reflect|p1a: Klefki
|-sidestart|p1: ItsMrstealyourrank|Reflect
|move|p2a: Cinderace|Pyro Ball|p1a: Klefki
|-supereffective|p1a: Klefki
|-damage|p1a: Klefki|42/100
|
|upkeep
|turn|2
|
|t:|1760827757
|move|p1a: Klefki|Thunder Wave|p2a: Cinderace
|-status|p2a: Cinderace|par
|move|p2a: Cinderace|Court Change|p2a: Cinderace
|-swapsideconditions
|-activate|p2a: Cinderace|move: Court Change
|
|upkeep
|turn|3
|
|t:|1760827760
|move|p1a: Klefki|Reflect|p1a: Klefki
|-sidestart|p1: ItsMrstealyourrank|Reflect
|cant|p2a: Cinderace|par
|
|upkeep
|turn|4
|
|t:|1760827763
|switch|p1a: Latias|Latias, F|100/100
|cant|p2a: Cinderace|par
|
|upkeep
|turn|5
|
|t:|1760827766
|move|p1a: Latias|Agility|p1a: Latias
|-boost|p1a: Latias|spe|2
|move|p2a: Cinderace|Court Change|p2a: Cinderace
|-swapsideconditions
|-activate|p2a: Cinderace|move: Court Change
|
|upkeep
|turn|6
|
|t:|1760827768
|move|p1a: Latias|Calm Mind|p1a: Latias
|-boost|p1a: Latias|spa|1
|-boost|p1a: Latias|spd|1
|move|p2a: Cinderace|U-turn|p1a: Latias
|-supereffective|p1a: Latias
|-damage|p1a: Latias|79/100
|-enditem|p1a: Latias|Weakness Policy
|-boost|p1a: Latias|atk|2|[from] item: Weakness Policy
|-boost|p1a: Latias|spa|2|[from] item: Weakness Policy
|
|t:|1760827771
|switch|p2a: Polteageist|Polteageist|100/100|[from] U-turn
|
|upkeep
|turn|7
|
|t:|1760827777
|move|p1a: Latias|Stored Power|p2a: Polteageist
|-enditem|p2a: Polteageist|Focus Sash
|-damage|p2a: Polteageist|1/100
|move|p2a: Polteageist|Shell Smash|p2a: Polteageist
|-unboost|p2a: Polteageist|def|1
|-unboost|p2a: Polteageist|spd|1
|-boost|p2a: Polteageist|atk|2
|-boost|p2a: Polteageist|spa|2
|-boost|p2a: Polteageist|spe|2
|
|upkeep
|turn|8
|
|t:|1760827783
|-terastallize|p1a: Latias|Steel
|-terastallize|p2a: Polteageist|Fighting
|move|p1a: Latias|Agility|p1a: Latias
|-boost|p1a: Latias|spe|2
|move|p2a: Polteageist|Tera Blast|p1a: Latias|[anim] Tera Blast Fighting
|-supereffective|p1a: Latias
|-damage|p1a: Latias|0 fnt
|faint|p1a: Latias
|
|-sideend|p1: ItsMrstealyourrank|Reflect
|upkeep
|c|☆ItsMrstealyourrank|wtf
|c|☆ItsMrstealyourrank|why
|c|☆stariaki|Uh Oh
|j| Malaki09
|
|t:|1760827795
|switch|p1a: Klefki|Klefki, M|42/100
|turn|9
|c|☆ItsMrstealyourrank|dummy
|c|☆stariaki|Cuz its always tera steel
|
|t:|1760827812
|move|p1a: Klefki|Thunder Wave|p2a: Polteageist
|-status|p2a: Polteageist|par
|move|p2a: Polteageist|Tera Blast|p1a: Klefki|[anim] Tera Blast Fighting
|-damage|p1a: Klefki|0 fnt
|faint|p1a: Klefki
|
|upkeep
|
|t:|1760827815
|switch|p1a: Ninetales|Ninetales-Alola, M|100/100
|-weather|Snowscape|[from] ability: Snow Warning|[of] p1a: Ninetales
|turn|10
|l| Malaki09
|
|t:|1760827820
|move|p1a: Ninetales|Aurora Veil|p1a: Ninetales
|-sidestart|p1: ItsMrstealyourrank|move: Aurora Veil
|cant|p2a: Polteageist|par
|
|-weather|Snowscape|[upkeep]
|-sideend|p2: stariaki|Reflect
|upkeep
|turn|11
|
|t:|1760827822
|switch|p2a: Cinderace|Cinderace, M|100/100 par
|move|p1a: Ninetales|Freeze-Dry|p2a: Cinderace
|-resisted|p2a: Cinderace
|-damage|p2a: Cinderace|87/100 par
|
|-weather|Snowscape|[upkeep]
|upkeep
|turn|12
|
|t:|1760827836
|move|p1a: Ninetales|Freeze-Dry|p2a: Cinderace
|-resisted|p2a: Cinderace
|-damage|p2a: Cinderace|73/100 par
|move|p2a: Cinderace|Court Change|p2a: Cinderace
|-swapsideconditions
|-activate|p2a: Cinderace|move: Court Change
|
|-weather|Snowscape|[upkeep]
|upkeep
|turn|13
|
|t:|1760827840
|move|p1a: Ninetales|Aurora Veil|p1a: Ninetales
|-sidestart|p1: ItsMrstealyourrank|move: Aurora Veil
|cant|p2a: Cinderace|par
|
|-weather|Snowscape|[upkeep]
|upkeep
|turn|14
|
|t:|1760827843
|move|p1a: Ninetales|Misty Terrain|p1a: Ninetales
|-fieldstart|move: Misty Terrain
|move|p2a: Cinderace|Pyro Ball|p1a: Ninetales
|-supereffective|p1a: Ninetales
|-damage|p1a: Ninetales|57/100
|
|-weather|none
|upkeep
|turn|15
|
|t:|1760827849
|switch|p1a: Maushold|Maushold-Four|100/100
|move|p2a: Cinderace|Court Change|p2a: Cinderace
|-swapsideconditions
|-activate|p2a: Cinderace|move: Court Change
|
|upkeep
|turn|16
|
|t:|1760827852
|move|p1a: Maushold|Tidy Up|p1a: Maushold
|-boost|p1a: Maushold|atk|1
|-boost|p1a: Maushold|spe|1
|move|p2a: Cinderace|Will-O-Wisp|p1a: Maushold
|-activate|p1a: Maushold|move: Misty Terrain
|
|upkeep
|turn|17
|
|t:|1760827857
|move|p1a: Maushold|Tidy Up|p1a: Maushold
|-boost|p1a: Maushold|atk|1
|-boost|p1a: Maushold|spe|1
|move|p2a: Cinderace|Pyro Ball|p1a: Maushold
|-crit|p1a: Maushold
|-damage|p1a: Maushold|0 fnt
|faint|p1a: Maushold
|
|-sideend|p1: ItsMrstealyourrank|move: Aurora Veil
|upkeep
|c|☆ItsMrstealyourrank|LMFAO
|c|☆stariaki|💔
|c|☆ItsMrstealyourrank|this guys luck
|c|☆ItsMrstealyourrank|is bonkers
|
|t:|1760827871
|switch|p1a: Ninetales|Ninetales-Alola, M|57/100
|-weather|Snowscape|[from] ability: Snow Warning|[of] p1a: Ninetales
|turn|18
|c|☆stariaki|Nah the terra was on purpose tho :)
|c|☆ItsMrstealyourrank|be quiet filth
|c|☆stariaki|Why would u ever agility there
|
|t:|1760827898
|move|p1a: Ninetales|Aurora Veil|p1a: Ninetales
|-sidestart|p1: ItsMrstealyourrank|move: Aurora Veil
|move|p2a: Cinderace|Pyro Ball|p1a: Ninetales
|-supereffective|p1a: Ninetales
|-damage|p1a: Ninetales|14/100
|
|-weather|Snowscape|[upkeep]
|-fieldend|Misty Terrain
|upkeep
|turn|19
|
|t:|1760827906
|move|p1a: Ninetales|Encore|p2a: Cinderace
|-start|p2a: Cinderace|Encore
|move|p2a: Cinderace|Pyro Ball|p1a: Ninetales
|-supereffective|p1a: Ninetales
|-crit|p1a: Ninetales
|-damage|p1a: Ninetales|0 fnt
|faint|p1a: Ninetales
|
|-weather|Snowscape|[upkeep]
|upkeep
|
|t:|1760827909
|switch|p1a: Thundurus|Thundurus-Therian, M|100/100
|turn|20
|
|t:|1760827913
|move|p1a: Thundurus|Nasty Plot|p1a: Thundurus
|-boost|p1a: Thundurus|spa|2
|cant|p2a: Cinderace|par
|
|-weather|Snowscape|[upkeep]
|-sideend|p2: stariaki|move: Aurora Veil
|upkeep
|turn|21
|
|t:|1760827921
|move|p1a: Thundurus|Agility|p1a: Thundurus
|-boost|p1a: Thundurus|spe|2
|move|p2a: Cinderace|Pyro Ball|p1a: Thundurus|[miss]
|-miss|p2a: Cinderace|p1a: Thundurus
|
|-weather|Snowscape|[upkeep]
|-end|p2a: Cinderace|Encore
|upkeep
|turn|22
|
|t:|1760827923
|move|p1a: Thundurus|Discharge|p2a: Cinderace
|-damage|p2a: Cinderace|0 fnt
|faint|p2a: Cinderace
|
|-weather|none
|upkeep
|c|☆stariaki|Lmfao "this guys luck
|c|☆ItsMrstealyourrank|stfu
|
|t:|1760827939
|switch|p2a: Great Tusk|Great Tusk|100/100
|turn|23
|
|t:|1760827945
|-end|p2a: Great Tusk|Protosynthesis|[silent]
|switch|p2a: Polteageist|Polteageist, tera:Fighting|1/100 par
|move|p1a: Thundurus|Nasty Plot|p1a: Thundurus
|-boost|p1a: Thundurus|spa|2
|
|upkeep
|turn|24
|
|t:|1760827949
|move|p1a: Thundurus|Discharge|p2a: Polteageist
|-damage|p2a: Polteageist|0 fnt
|faint|p2a: Polteageist
|
|upkeep
|
|t:|1760827962
|switch|p2a: Dragonite|Dragonite, F|100/100
|turn|25
|
|t:|1760827964
|move|p1a: Thundurus|Discharge|p2a: Dragonite
|-damage|p2a: Dragonite|36/100
|move|p2a: Dragonite|Ice Spinner|p1a: Thundurus
|-supereffective|p1a: Thundurus
|-damage|p1a: Thundurus|67/100
|
|-heal|p2a: Dragonite|42/100|[from] item: Leftovers
|-sideend|p1: ItsMrstealyourrank|move: Aurora Veil
|upkeep
|turn|26
|
|t:|1760827974
|move|p1a: Thundurus|Discharge|p2a: Dragonite
|-damage|p2a: Dragonite|0 fnt
|faint|p2a: Dragonite
|
|upkeep
|
|t:|1760827976
|switch|p2a: Great Tusk|Great Tusk|100/100
|turn|27
|
|t:|1760827978
|move|p1a: Thundurus|Tera Blast|p2a: Great Tusk
|-damage|p2a: Great Tusk|16/100
|move|p2a: Great Tusk|Ice Spinner|p1a: Thundurus
|-supereffective|p1a: Thundurus
|-damage|p1a: Thundurus|0 fnt
|faint|p1a: Thundurus
|
|upkeep
|
|t:|1760827981
|switch|p1a: Kyurem|Kyurem, shiny|100/100
|-ability|p1a: Kyurem|Pressure
|turn|28
|
|t:|1760827984
|move|p1a: Kyurem|Dragon Dance|p1a: Kyurem
|-boost|p1a: Kyurem|atk|1
|-boost|p1a: Kyurem|spe|1
|move|p2a: Great Tusk|Close Combat|p1a: Kyurem
|-supereffective|p1a: Kyurem
|-damage|p1a: Kyurem|0 fnt
|-unboost|p2a: Great Tusk|def|1
|-unboost|p2a: Great Tusk|spd|1
|faint|p1a: Kyurem
|
|win|stariaki
|raw|ItsMrstealyourrank's rating: 1721 &rarr; <strong>1700</strong><br />(-21 for losing)
|raw|stariaki's rating: 1707 &rarr; <strong>1728</strong><br />(+21 for winning)
|c|☆stariaki|Uh Oh
|c|☆stariaki|Gg xx
|c|☆ItsMrstealyourrank|good job
|c|☆ItsMrstealyourrank|faget
|c|☆stariaki|Reported xx
|c|☆stariaki|Seems like im mr steal your rank😎
|c|☆ItsMrstealyourrank|more like
|c|☆ItsMrstealyourrank|luck
|c|☆ItsMrstealyourrank|crit
|c|☆ItsMrstealyourrank|on my
|c|☆ItsMrstealyourrank|maus
|c|☆ItsMrstealyourrank|it was over
|c|☆ItsMrstealyourrank|sad tho
|l|☆ItsMrstealyourrank
|player|p1|
|c|☆stariaki|Im rocky helmet on mola :')
