|j|☆quartzion
|j|☆schummel_8
|t:|1760828840
|gametype|singles
|player|p1|quartzion|2|1117
|player|p2|schummel_8|170|1117
|gen|9
|tier|[Gen 9] OU
|rated|
|rule|HP Percentage Mod: HP is shown in percentages
|rule|Endless Battle Clause: Forcing endless battles is banned
|rule|Species Clause: Limit one of each Pokémon
|rule|OHKO Clause: OHKO moves are banned
|rule|Evasion Items Clause: Evasion items are banned
|rule|Evasion Moves Clause: Evasion moves are banned
|rule|Evasion Abilities Clause: Evasion abilities are banned
|rule|Sleep Moves Clause: Sleep-inducing moves are banned
|clearpoke
|poke|p1|Cinccino, F|
|poke|p1|Serperior, M|
|poke|p1|Quaquaval, M|
|poke|p1|Toxapex, M|
|poke|p1|Oricorio-Pom-Pom, M|
|poke|p1|Cinderace, M|
|poke|p2|Clefable, M|
|poke|p2|Comfey, F|
|poke|p2|Sylveon, F|
|poke|p2|Florges, F|
|poke|p2|Alcremie, F|
|poke|p2|Dachsbun, M|
|teampreview
|inactive|Battle timer is ON: inactive players will automatically lose when time's up. (requested by quartzion)
|
|t:|1760828855
|teamsize|p1|6
|teamsize|p2|6
|start
|switch|p1a: Toxapex|Toxapex, M|100/100
|switch|p2a: Comfey|Comfey, F|100/100
|turn|1
|
|t:|1760828876
|switch|p2a: Alcremie|Alcremie, F|100/100
|move|p1a: Toxapex|Toxic|p2a: Alcremie
|-status|p2a: Alcremie|tox
|
|-damage|p2a: Alcremie|95/100 tox|[from] psn
|upkeep
|turn|2
|
|t:|1760828886
|move|p2a: Alcremie|Psyshock|p1a: Toxapex
|-supereffective|p1a: Toxapex
|-damage|p1a: Toxapex|65/100
|move|p1a: Toxapex|Poison Jab|p2a: Alcremie
|-supereffective|p2a: Alcremie
|-damage|p2a: Alcremie|49/100 tox
|
|-heal|p2a: Alcremie|55/100 tox|[from] item: Leftovers
|-heal|p1a: Toxapex|71/100|[from] item: Leftovers
|-damage|p2a: Alcremie|43/100 tox|[from] psn
|upkeep
|turn|3
|
|t:|1760828904
|move|p2a: Alcremie|Calm Mind|p2a: Alcremie
|-boost|p2a: Alcremie|spa|1
|-boost|p2a: Alcremie|spd|1
|move|p1a: Toxapex|Recover|p1a: Toxapex
|-heal|p1a: Toxapex|100/100
|
|-heal|p2a: Alcremie|49/100 tox|[from] item: Leftovers
|-damage|p2a: Alcremie|31/100 tox|[from] psn
|upkeep
|turn|4
|
|t:|1760828913
|switch|p1a: Serperior|Serperior, M|100/100
|move|p2a: Alcremie|Calm Mind|p2a: Alcremie
|-boost|p2a: Alcremie|spa|1
|-boost|p2a: Alcremie|spd|1
|
|-heal|p2a: Alcremie|37/100 tox|[from] item: Leftovers
|-damage|p2a: Alcremie|13/100 tox|[from] psn
|upkeep
|turn|5
|
|t:|1760828923
|move|p1a: Serperior|Leaf Storm|p2a: Alcremie
|-damage|p2a: Alcremie|0 fnt
|-boost|p1a: Serperior|spa|2
|faint|p2a: Alcremie
|
|upkeep
|
|t:|1760828929
|switch|p2a: Clefable|Clefable, M|100/100
|turn|6
|
|t:|1760828934
|move|p1a: Serperior|Leaf Storm|p2a: Clefable
|-damage|p2a: Clefable|56/100
|-boost|p1a: Serperior|spa|2
|move|p2a: Clefable|Cosmic Power|p2a: Clefable
|-boost|p2a: Clefable|def|1
|-boost|p2a: Clefable|spd|1
|
|-heal|p2a: Clefable|62/100|[from] item: Leftovers
|upkeep
|turn|7
|
|t:|1760828949
|move|p1a: Serperior|Leaf Storm|p2a: Clefable
|-damage|p2a: Clefable|33/100
|-boost|p1a: Serperior|spa|2
|move|p2a: Clefable|Moonlight|p2a: Clefable
|-heal|p2a: Clefable|83/100
|
|-heal|p2a: Clefable|90/100|[from] item: Leftovers
|upkeep
|turn|8
|
|t:|1760828959
|switch|p1a: Toxapex|Toxapex, M|100/100
|move|p2a: Clefable|Cosmic Power|p2a: Clefable
|-boost|p2a: Clefable|def|1
|-boost|p2a: Clefable|spd|1
|
|-heal|p2a: Clefable|96/100|[from] item: Leftovers
|upkeep
|turn|9
|
|t:|1760828968
|-terastallize|p2a: Clefable|Steel
|move|p2a: Clefable|Cosmic Power|p2a: Clefable
|-boost|p2a: Clefable|def|1
|-boost|p2a: Clefable|spd|1
|move|p1a: Toxapex|Toxic|p2a: Clefable
|-immune|p2a: Clefable
|
|-heal|p2a: Clefable|100/100|[from] item: Leftovers
|upkeep
|turn|10
|
|t:|1760828978
|switch|p1a: Cinderace|Cinderace, M|100/100
|move|p2a: Clefable|Cosmic Power|p2a: Clefable
|-boost|p2a: Clefable|def|1
|-boost|p2a: Clefable|spd|1
|
|upkeep
|turn|11
|
|t:|1760828985
|move|p1a: Cinderace|Swords Dance|p1a: Cinderace
|-start|p1a: Cinderace|typechange|Normal|[from] ability: Libero
|-boost|p1a: Cinderace|atk|2
|move|p2a: Clefable|Stored Power|p1a: Cinderace
|-damage|p1a: Cinderace|19/100
|
|upkeep
|turn|12
|
|t:|1760828995
|move|p1a: Cinderace|Pyro Ball|p2a: Clefable
|-supereffective|p2a: Clefable
|-damage|p2a: Clefable|71/100
|move|p2a: Clefable|Stored Power|p1a: Cinderace
|-crit|p1a: Cinderace
|-damage|p1a: Cinderace|0 fnt
|faint|p1a: Cinderace
|
|-heal|p2a: Clefable|77/100|[from] item: Leftovers
|upkeep
|
|t:|1760829001
|switch|p1a: Quaquaval|Quaquaval, M|100/100
|turn|13
|
|t:|1760829007
|move|p1a: Quaquaval|Close Combat|p2a: Clefable
|-supereffective|p2a: Clefable
|-damage|p2a: Clefable|34/100
|-unboost|p1a: Quaquaval|def|1
|-unboost|p1a: Quaquaval|spd|1
|-enditem|p1a: Quaquaval|White Herb
|-clearnegativeboost|p1a: Quaquaval|[silent]
|move|p2a: Clefable|Stored Power|p1a: Quaquaval
|-supereffective|p1a: Quaquaval
|-damage|p1a: Quaquaval|0 fnt
|faint|p1a: Quaquaval
|
|-heal|p2a: Clefable|40/100|[from] item: Leftovers
|upkeep
|
|t:|1760829021
|switch|p1a: Oricorio|Oricorio-Pom-Pom, M|100/100
|turn|14
|
|t:|1760829024
|move|p1a: Oricorio|Quiver Dance|p1a: Oricorio
|-boost|p1a: Oricorio|spa|1
|-boost|p1a: Oricorio|spd|1
|-boost|p1a: Oricorio|spe|1
|move|p2a: Clefable|Moonlight|p2a: Clefable
|-heal|p2a: Clefable|90/100
|
|-heal|p2a: Clefable|96/100|[from] item: Leftovers
|upkeep
|turn|15
|
|t:|1760829033
|move|p1a: Oricorio|Quiver Dance|p1a: Oricorio
|-boost|p1a: Oricorio|spa|1
|-boost|p1a: Oricorio|spd|1
|-boost|p1a: Oricorio|spe|1
|move|p2a: Clefable|Stored Power|p1a: Oricorio
|-damage|p1a: Oricorio|16/100
|
|-heal|p1a: Oricorio|22/100|[from] item: Leftovers
|-heal|p2a: Clefable|100/100|[from] item: Leftovers
|upkeep
|turn|16
|
|t:|1760829043
|move|p1a: Oricorio|Quiver Dance|p1a: Oricorio
|-boost|p1a: Oricorio|spa|1
|-boost|p1a: Oricorio|spd|1
|-boost|p1a: Oricorio|spe|1
|move|p2a: Clefable|Stored Power|p1a: Oricorio
|-damage|p1a: Oricorio|0 fnt
|faint|p1a: Oricorio
|
|upkeep
|-message|quartzion forfeited.
|
|win|schummel_8
|raw|quartzion's rating: 1117 &rarr; <strong>1092</strong><br />(-25 for losing)
|raw|schummel_8's rating: 1117 &rarr; <strong>1142</strong><br />(+25 for winning)
|l|☆quartzion
|player|p1|
|c|☆schummel_8|!showteam
|c| schummel_8|/raw <div class="infobox"><details><summary>View team</summary>Clefable @ Leftovers  <br />Ability: Unaware  <br />Tera Type: Steel  <br />EVs: 252 HP &#x2f; 252 SpA &#x2f; 4 SpD  <br />Modest Nature  <br />IVs: 0 Atk  <br />- Cosmic Power  <br />- Stored Power  <br />- Moonlight  <br /><br />Comfey @ Leftovers  <br />Ability: Triage  <br />Tera Type: Steel  <br />EVs: 252 SpA &#x2f; 4 SpD &#x2f; 252 Spe  <br />Timid Nature  <br />IVs: 0 Atk  <br />- Draining Kiss  <br />- Giga Drain  <br />- Calm Mind  <br /><br />Sylveon @ Throat Spray  <br />Ability: Pixilate  <br />Tera Type: Steel  <br />EVs: 252 HP &#x2f; 252 SpA &#x2f; 4 SpD  <br />Modest Nature  <br />IVs: 0 Atk  <br />- Hyper Voice  <br />- Calm Mind  <br />- Psyshock  <br /><br />Florges (F) @ Leftovers  <br />Ability: Flower Veil  <br />Tera Type: Steel  <br />EVs: 248 HP &#x2f; 252 SpA &#x2f; 8 SpD  <br />Modest Nature  <br />IVs: 0 Atk  <br />- Calm Mind  <br />- Moonblast  <br />- Stored Power  <br /><br />Alcremie (F) @ Leftovers  <br />Ability: Aroma Veil  <br />Tera Type: Steel  <br />EVs: 252 HP &#x2f; 252 SpA &#x2f; 4 SpD  <br />Modest Nature  <br />IVs: 0 Atk  <br />- Psyshock  <br />- Alluring Voice  <br />- Calm Mind  <br /><br />Dachsbun @ Leftovers  <br />Ability: Well-Baked Body  <br />Tera Type: Fighting  <br />EVs: 252 Atk &#x2f; 4 SpD &#x2f; 252 Spe  <br />Jolly Nature  <br />- Body Press  <br />- Play Rough  <br />- Roar  <br /><br /></details></div>
|l|☆schummel_8
|player|p2|
