|j|☆Tenkyo
|j|☆V.Graves
|t:|1760751063
|gametype|singles
|player|p1|Tenkyo|n|1111
|player|p2|V.Graves|shadowtriad|1169
|gen|9
|tier|[Gen 9] OU
|rated|
|rule|HP Percentage Mod: HP is shown in percentages
|rule|Endless Battle Clause: Forcing endless battles is banned
|rule|Species Clause: Limit one of each Pokémon
|rule|OHKO Clause: OHKO moves are banned
|rule|Evasion Items Clause: Evasion items are banned
|rule|Evasion Moves Clause: Evasion moves are banned
|rule|Evasion Abilities Clause: Evasion abilities are banned
|rule|Sleep Moves Clause: Sleep-inducing moves are banned
|clearpoke
|poke|p1|Ninetales-Alola, F|
|poke|p1|Sandslash-Alola, F|
|poke|p1|Cloyster, M|
|poke|p1|Regice|
|poke|p1|Abomasnow, M|
|poke|p1|Cetitan, M|
|poke|p2|Ogerpon-Wellspring, F|
|poke|p2|Kingambit, F|
|poke|p2|Landorus-Therian, M|
|poke|p2|Glimmora, F|
|poke|p2|Dragapult, F|
|poke|p2|Iron Valiant|
|teampreview
|inactive|Battle timer is ON: inactive players will automatically lose when time's up. (requested by Tenkyo)
|
|t:|1760751075
|teamsize|p1|6
|teamsize|p2|6
|start
|switch|p1a: Cloyster|Cloyster, M|100/100
|switch|p2a: Landorus|Landorus-Therian, M|100/100
|-ability|p2a: Landorus|Intimidate|boost
|-unboost|p1a: Cloyster|atk|1
|turn|1
|
|t:|1760751089
|move|p2a: Landorus|Stealth Rock|p1a: Cloyster
|-sidestart|p1: Tenkyo|move: Stealth Rock
|move|p1a: Cloyster|Shell Smash|p1a: Cloyster
|-unboost|p1a: Cloyster|def|1
|-unboost|p1a: Cloyster|spd|1
|-boost|p1a: Cloyster|atk|2
|-boost|p1a: Cloyster|spa|2
|-boost|p1a: Cloyster|spe|2
|
|upkeep
|turn|2
|
|t:|1760751100
|move|p1a: Cloyster|Icicle Spear|p2a: Landorus
|-supereffective|p2a: Landorus
|-crit|p2a: Landorus
|-damage|p2a: Landorus|0 fnt
|faint|p2a: Landorus
|-hitcount|p2: Landorus|1
|
|upkeep
|
|t:|1760751125
|switch|p2a: Iron Valiant|Iron Valiant, shiny|100/100
|-enditem|p2a: Iron Valiant|Booster Energy
|-activate|p2a: Iron Valiant|ability: Quark Drive|[fromitem]
|-start|p2a: Iron Valiant|quarkdrivespe
|turn|3
|
|t:|1760751141
|move|p2a: Iron Valiant|Spirit Break|p1a: Cloyster
|-damage|p1a: Cloyster|47/100
|-unboost|p1a: Cloyster|spa|1
|move|p1a: Cloyster|Hydro Pump|p2a: Iron Valiant
|-damage|p2a: Iron Valiant|6/100
|
|upkeep
|turn|4
|
|t:|1760751153
|move|p2a: Iron Valiant|Spirit Break|p1a: Cloyster
|-damage|p1a: Cloyster|0 fnt
|faint|p1a: Cloyster
|
|upkeep
|
|t:|1760751163
|switch|p1a: Moby Dick|Cetitan, M|100/100
|-damage|p1a: Moby Dick|76/100|[from] Stealth Rock
|turn|5
|
|t:|1760751169
|move|p1a: Moby Dick|Ice Shard|p2a: Iron Valiant
|-damage|p2a: Iron Valiant|0 fnt
|faint|p2a: Iron Valiant
|-end|p2a: Iron Valiant|Quark Drive|[silent]
|
|upkeep
|
|t:|1760751180
|switch|p2a: Glimmora|Glimmora, F, shiny|100/100
|turn|6
|
|t:|1760751191
|-terastallize|p1a: Moby Dick|Ground
|move|p2a: Glimmora|Meteor Beam||[still]
|-prepare|p2a: Glimmora|Meteor Beam
|-boost|p2a: Glimmora|spa|1
|-enditem|p2a: Glimmora|Power Herb
|-anim|p2a: Glimmora|Meteor Beam|p1a: Moby Dick
|-resisted|p1a: Moby Dick
|-damage|p1a: Moby Dick|17/100
|-enditem|p1a: Moby Dick|Sitrus Berry|[eat]
|-heal|p1a: Moby Dick|42/100|[from] item: Sitrus Berry
|move|p1a: Moby Dick|Belly Drum||[still]
|-fail|p1a: Moby Dick
|
|upkeep
|turn|7
|
|t:|1760751215
|switch|p1a: Sonic The bite|Sandslash-Alola, F|100/100
|move|p2a: Glimmora|Earth Power|p1a: Sonic The bite
|-supereffective|p1a: Sonic The bite
|-damage|p1a: Sonic The bite|0 fnt
|faint|p1a: Sonic The bite
|
|upkeep
|
|t:|1760751224
|switch|p1a: Yukiu|Ninetales-Alola, F|100/100
|-damage|p1a: Yukiu|76/100|[from] Stealth Rock
|-weather|Snowscape|[from] ability: Snow Warning|[of] p1a: Yukiu
|turn|8
|
|t:|1760751234
|move|p1a: Yukiu|Aurora Veil|p1a: Yukiu
|-sidestart|p1: Tenkyo|move: Aurora Veil
|move|p2a: Glimmora|Earth Power|p1a: Yukiu
|-damage|p1a: Yukiu|44/100
|
|-weather|Snowscape|[upkeep]
|upkeep
|turn|9
|
|t:|1760751254
|switch|p1a: Moby Dick|Cetitan, M, tera:Ground|42/100
|-damage|p1a: Moby Dick|35/100|[from] Stealth Rock
|move|p2a: Glimmora|Earth Power|p1a: Moby Dick
|-damage|p1a: Moby Dick|5/100
|
|-weather|Snowscape|[upkeep]
|upkeep
|turn|10
|
|t:|1760751261
|move|p1a: Moby Dick|Earthquake|p2a: Glimmora
|-supereffective|p2a: Glimmora
|-damage|p2a: Glimmora|0 fnt
|-activate|p2a: Glimmora|ability: Toxic Debris
|-sidestart|p1: Tenkyo|move: Toxic Spikes
|faint|p2a: Glimmora
|
|-weather|Snowscape|[upkeep]
|upkeep
|
|t:|1760751271
|switch|p2a: Kingambit|Kingambit, F|100/100
|-activate|p2a: Kingambit|ability: Supreme Overlord
|-start|p2a: Kingambit|fallen3|[silent]
|turn|11
|
|t:|1760751276
|move|p2a: Kingambit|Sucker Punch|p1a: Moby Dick
|-damage|p1a: Moby Dick|0 fnt
|faint|p1a: Moby Dick
|
|-weather|Snowscape|[upkeep]
|upkeep
|
|t:|1760751290
|switch|p1a: Abomasnow|Abomasnow, M|100/100
|-damage|p1a: Abomasnow|76/100|[from] Stealth Rock
|-status|p1a: Abomasnow|psn
|turn|12
|
|t:|1760751304
|move|p1a: Abomasnow|Low Kick|p2a: Kingambit
|-supereffective|p2a: Kingambit
|-damage|p2a: Kingambit|0 fnt
|faint|p2a: Kingambit
|-end|p2a: Kingambit|fallen3|[silent]
|
|-weather|Snowscape|[upkeep]
|-damage|p1a: Abomasnow|63/100 psn|[from] psn
|-sideend|p1: Tenkyo|move: Aurora Veil
|upkeep
|
|t:|1760751313
|switch|p2a: Dragapult|Dragapult, F, shiny|100/100
|turn|13
|
|t:|1760751320
|switch|p1a: Regice|Regice|100/100
|-damage|p1a: Regice|76/100|[from] Stealth Rock
|-status|p1a: Regice|psn
|move|p2a: Dragapult|Flamethrower|p1a: Regice
|-supereffective|p1a: Regice
|-crit|p1a: Regice
|-damage|p1a: Regice|38/100 psn
|
|-weather|Snowscape|[upkeep]
|-heal|p1a: Regice|44/100 psn|[from] ability: Ice Body
|-damage|p1a: Regice|31/100 psn|[from] psn
|upkeep
|turn|14
|
|t:|1760751346
|move|p2a: Dragapult|Flamethrower|p1a: Regice
|-supereffective|p1a: Regice
|-damage|p1a: Regice|3/100 psn
|move|p1a: Regice|Blizzard|p2a: Dragapult
|-supereffective|p2a: Dragapult
|-damage|p2a: Dragapult|0 fnt
|faint|p2a: Dragapult
|
|-weather|Snowscape|[upkeep]
|-heal|p1a: Regice|9/100 psn|[from] ability: Ice Body
|-damage|p1a: Regice|0 fnt|[from] psn
|faint|p1a: Regice
|upkeep
|
|t:|1760751356
|switch|p2a: Ogerpon|Ogerpon-Wellspring, F|100/100
|switch|p1a: Yukiu|Ninetales-Alola, F|44/100
|-damage|p1a: Yukiu|19/100|[from] Stealth Rock
|-status|p1a: Yukiu|psn
|turn|15
|inactive|Tenkyo has 120 seconds left.
|
|t:|1760751372
|move|p2a: Ogerpon|Horn Leech|p1a: Yukiu
|-damage|p1a: Yukiu|0 fnt
|faint|p1a: Yukiu
|
|-weather|none
|upkeep
|inactive|Tenkyo has 120 seconds left.
|
|t:|1760751381
|switch|p1a: Abomasnow|Abomasnow, M|63/100 psn
|-damage|p1a: Abomasnow|39/100 psn|[from] Stealth Rock
|-weather|Snowscape|[from] ability: Snow Warning|[of] p1a: Abomasnow
|turn|16
|inactive|Tenkyo has 120 seconds left.
|
|t:|1760751401
|move|p2a: Ogerpon|Play Rough|p1a: Abomasnow
|-damage|p1a: Abomasnow|12/100 psn
|move|p1a: Abomasnow|Outrage|p2a: Ogerpon
|-damage|p2a: Ogerpon|34/100
|
|-weather|Snowscape|[upkeep]
|-damage|p1a: Abomasnow|0 fnt|[from] psn
|faint|p1a: Abomasnow
|
|win|V.Graves
|raw|Tenkyo's rating: 1111 &rarr; <strong>1090</strong><br />(-21 for losing)
|raw|V.Graves's rating: 1169 &rarr; <strong>1190</strong><br />(+21 for winning)
|l|☆Tenkyo
|player|p1|
