|j|☆Wahhhh soooo good!
|j|☆YJIOG
|t:|1760815907
|gametype|singles
|player|p1|Wahhhh soooo good!|101|1396
|player|p2|YJIOG|scientist-gen4dp|1406
|gen|9
|tier|[Gen 9] OU
|rated|
|rule|HP Percentage Mod: HP is shown in percentages
|rule|Endless Battle Clause: Forcing endless battles is banned
|rule|Species Clause: Limit one of each Pokémon
|rule|OHKO Clause: OHKO moves are banned
|rule|Evasion Items Clause: Evasion items are banned
|rule|Evasion Moves Clause: Evasion moves are banned
|rule|Evasion Abilities Clause: Evasion abilities are banned
|rule|Sleep Moves Clause: Sleep-inducing moves are banned
|clearpoke
|poke|p1|Dragapult, F|
|poke|p1|Ogerpon-Wellspring, F|
|poke|p1|Zamazenta-*|
|poke|p1|Clefable, F|
|poke|p1|Corviknight, F|
|poke|p1|Ting-Lu|
|poke|p2|Electivire, F|
|poke|p2|Alomomola, M|
|poke|p2|Dragapult, F|
|poke|p2|Hydrapple, M|
|poke|p2|Great Tusk|
|poke|p2|Goodra-Hisui, F|
|teampreview
|inactive|Battle timer is ON: inactive players will automatically lose when time's up. (requested by YJIOG)
|
|t:|1760815924
|teamsize|p1|6
|teamsize|p2|6
|start
|switch|p1a: Clefable|Clefable, F|100/100
|switch|p2a: Hydrapple|Hydrapple, M|100/100
|turn|1
|
|t:|1760815930
|switch|p2a: Goodra|Goodra-Hisui, F|100/100
|move|p1a: Clefable|Stealth Rock|p2a: Goodra
|-sidestart|p2: YJIOG|move: Stealth Rock
|
|upkeep
|turn|2
|
|t:|1760815937
|switch|p1a: Corviknight|Corviknight, F|100/100
|-ability|p1a: Corviknight|Pressure
|move|p2a: Goodra|Knock Off|p1a: Corviknight
|-damage|p1a: Corviknight|84/100
|-damage|p2a: Goodra|84/100|[from] item: Rocky Helmet|[of] p1a: Corviknight
|-enditem|p1a: Corviknight|Rocky Helmet|[from] move: Knock Off|[of] p2a: Goodra
|
|upkeep
|turn|3
|
|t:|1760815946
|switch|p2a: Alomomola|Alomomola, M|100/100
|move|p1a: Corviknight|U-turn|p2a: Alomomola
|-damage|p2a: Alomomola|93/100
|
|t:|1760815962
|switch|p1a: Ogerpon|Ogerpon-Wellspring, F|100/100|[from] U-turn
|
|upkeep
|turn|4
|
|t:|1760815967
|move|p1a: Ogerpon|Spikes|p2a: Alomomola
|-sidestart|p2: YJIOG|Spikes
|move|p2a: Alomomola|Body Slam|p1a: Ogerpon
|-damage|p1a: Ogerpon|79/100
|
|upkeep
|turn|5
|
|t:|1760815973
|move|p1a: Ogerpon|Horn Leech|p2a: Alomomola
|-supereffective|p2a: Alomomola
|-damage|p2a: Alomomola|42/100
|-heal|p1a: Ogerpon|100/100|[from] drain|[of] p2a: Alomomola
|move|p2a: Alomomola|Body Slam|p1a: Ogerpon
|-damage|p1a: Ogerpon|81/100
|
|upkeep
|turn|6
|
|t:|1760815981
|switch|p2a: Hydrapple|Hydrapple, M|100/100
|move|p1a: Ogerpon|Horn Leech|p2a: Hydrapple
|-resisted|p2a: Hydrapple
|-damage|p2a: Hydrapple|95/100
|-heal|p1a: Ogerpon|85/100|[from] drain|[of] p2a: Hydrapple
|
|upkeep
|turn|7
|
|t:|1760815990
|switch|p1a: Corviknight|Corviknight, F|84/100
|-ability|p1a: Corviknight|Pressure
|move|p2a: Hydrapple|Nasty Plot|p2a: Hydrapple
|-boost|p2a: Hydrapple|spa|2
|
|upkeep
|turn|8
|
|t:|1760815998
|move|p1a: Corviknight|Brave Bird|p2a: Hydrapple
|-supereffective|p2a: Hydrapple
|-damage|p2a: Hydrapple|46/100
|-damage|p1a: Corviknight|68/100|[from] Recoil
|move|p2a: Hydrapple|Fickle Beam|p1a: Corviknight
|-resisted|p1a: Corviknight
|-damage|p1a: Corviknight|36/100
|
|upkeep
|turn|9
|
|t:|1760816007
|switch|p2a: Alomomola|Alomomola, M|75/100
|move|p1a: Corviknight|Roost|p1a: Corviknight
|-heal|p1a: Corviknight|86/100
|-singleturn|p1a: Corviknight|move: Roost
|
|upkeep
|turn|10
|
|t:|1760816015
|move|p1a: Corviknight|U-turn|p2a: Alomomola
|-damage|p2a: Alomomola|67/100
|inactive|Wahhhh soooo good! has 120 seconds left.
|
|t:|1760816046
|switch|p1a: Ogerpon|Ogerpon-Wellspring, F|85/100|[from] U-turn
|move|p2a: Alomomola|Wish|p2a: Alomomola
|
|upkeep
|turn|11
|
|t:|1760816053
|switch|p2a: Hydrapple|Hydrapple, M|79/100
|move|p1a: Ogerpon|Encore||[still]
|-fail|p1a: Ogerpon
|
|-heal|p2a: Hydrapple|100/100|[from] move: Wish|[wisher] Alomomola
|upkeep
|turn|12
|
|t:|1760816061
|move|p1a: Ogerpon|Spikes|p2a: Hydrapple
|-sidestart|p2: YJIOG|Spikes
|move|p2a: Hydrapple|Nasty Plot|p2a: Hydrapple
|-boost|p2a: Hydrapple|spa|2
|
|upkeep
|turn|13
|
|t:|1760816069
|switch|p2a: Great Tusk|Great Tusk|100/100
|move|p1a: Ogerpon|Spikes|p2a: Great Tusk
|-sidestart|p2: YJIOG|Spikes
|
|upkeep
|turn|14
|
|t:|1760816094
|-terastallize|p2a: Great Tusk|Steel
|move|p1a: Ogerpon|Ivy Cudgel|p2a: Great Tusk|[anim] Ivy Cudgel Water
|-damage|p2a: Great Tusk|56/100
|move|p2a: Great Tusk|Rapid Spin|p1a: Ogerpon
|-damage|p1a: Ogerpon|60/100
|-boost|p2a: Great Tusk|spe|1
|-sideend|p2: YJIOG|Spikes|[from] move: Rapid Spin|[of] p2a: Great Tusk
|-sideend|p2: YJIOG|Stealth Rock|[from] move: Rapid Spin|[of] p2a: Great Tusk
|
|upkeep
|turn|15
|
|t:|1760816111
|move|p2a: Great Tusk|Stealth Rock|p1a: Ogerpon
|-sidestart|p1: Wahhhh soooo good!|move: Stealth Rock
|move|p1a: Ogerpon|Horn Leech|p2a: Great Tusk
|-resisted|p2a: Great Tusk
|-damage|p2a: Great Tusk|41/100
|-heal|p1a: Ogerpon|69/100|[from] drain|[of] p2a: Great Tusk
|
|upkeep
|turn|16
|
|t:|1760816119
|-end|p2a: Great Tusk|Protosynthesis|[silent]
|switch|p2a: Hydrapple|Hydrapple, M|100/100
|move|p1a: Ogerpon|Ivy Cudgel|p2a: Hydrapple|[anim] Ivy Cudgel Water
|-resisted|p2a: Hydrapple
|-damage|p2a: Hydrapple|92/100
|
|upkeep
|turn|17
|
|t:|1760816126
|switch|p1a: Corviknight|Corviknight, F|86/100
|-damage|p1a: Corviknight|73/100|[from] Stealth Rock
|-ability|p1a: Corviknight|Pressure
|move|p2a: Hydrapple|Fickle Beam|p1a: Corviknight
|-resisted|p1a: Corviknight
|-damage|p1a: Corviknight|58/100
|
|upkeep
|turn|18
|
|t:|1760816138
|switch|p2a: Alomomola|Alomomola, M|100/100
|move|p1a: Corviknight|Defog|p2a: Alomomola
|-unboost|p2a: Alomomola|evasion|1
|-sideend|p1: Wahhhh soooo good!|Stealth Rock|[from] move: Defog|[of] p1a: Corviknight
|
|upkeep
|turn|19
|
|t:|1760816145
|move|p1a: Corviknight|Roost|p1a: Corviknight
|-heal|p1a: Corviknight|100/100
|-singleturn|p1a: Corviknight|move: Roost
|move|p2a: Alomomola|Wish|p2a: Alomomola
|
|upkeep
|turn|20
|
|t:|1760816152
|switch|p2a: Great Tusk|Great Tusk, tera:Steel|41/100
|move|p1a: Corviknight|U-turn|p2a: Great Tusk
|-resisted|p2a: Great Tusk
|-damage|p2a: Great Tusk|35/100
|
|t:|1760816156
|switch|p1a: Zamazenta|Zamazenta|100/100|[from] U-turn
|-ability|p1a: Zamazenta|Dauntless Shield|boost
|-boost|p1a: Zamazenta|def|1
|
|-heal|p2a: Great Tusk|100/100|[from] move: Wish|[wisher] Alomomola
|upkeep
|turn|21
|
|t:|1760816164
|-end|p2a: Great Tusk|Protosynthesis|[silent]
|switch|p2a: Alomomola|Alomomola, M|100/100
|move|p1a: Zamazenta|Close Combat|p2a: Alomomola
|-damage|p2a: Alomomola|52/100
|-unboost|p1a: Zamazenta|def|1
|-unboost|p1a: Zamazenta|spd|1
|
|upkeep
|turn|22
|
|t:|1760816187
|switch|p1a: Ogerpon|Ogerpon-Wellspring, F|69/100
|switch|p2a: Dragapult|Dragapult, F|100/100
|
|upkeep
|turn|23
|
|t:|1760816193
|switch|p1a: Clefable|Clefable, F|100/100
|move|p2a: Dragapult|Draco Meteor|p1a: Clefable
|-immune|p1a: Clefable
|
|upkeep
|turn|24
|
|t:|1760816203
|switch|p2a: Goodra|Goodra-Hisui, F|84/100
|move|p1a: Clefable|Thunder Wave|p2a: Goodra
|-status|p2a: Goodra|par
|
|upkeep
|turn|25
|
|t:|1760816210
|move|p1a: Clefable|Stealth Rock|p2a: Goodra
|-sidestart|p2: YJIOG|move: Stealth Rock
|move|p2a: Goodra|Flash Cannon|p1a: Clefable
|-supereffective|p1a: Clefable
|-damage|p1a: Clefable|63/100
|
|upkeep
|turn|26
|
|t:|1760816219
|switch|p1a: Ting-Lu|Ting-Lu|100/100
|-ability|p1a: Ting-Lu|Vessel of Ruin
|move|p2a: Goodra|Knock Off|p1a: Ting-Lu
|-resisted|p1a: Ting-Lu
|-damage|p1a: Ting-Lu|94/100
|-enditem|p1a: Ting-Lu|Assault Vest|[from] move: Knock Off|[of] p2a: Goodra
|
|upkeep
|turn|27
|
|t:|1760816236
|switch|p2a: Hydrapple|Hydrapple, M|100/100
|move|p1a: Ting-Lu|Rock Tomb|p2a: Hydrapple
|-damage|p2a: Hydrapple|92/100
|-unboost|p2a: Hydrapple|spe|1
|
|upkeep
|turn|28
|
|t:|1760816244
|switch|p1a: Corviknight|Corviknight, F|100/100
|-ability|p1a: Corviknight|Pressure
|move|p2a: Hydrapple|Nasty Plot|p2a: Hydrapple
|-boost|p2a: Hydrapple|spa|2
|
|upkeep
|turn|29
|
|t:|1760816252
|move|p1a: Corviknight|U-turn|p2a: Hydrapple
|-supereffective|p2a: Hydrapple
|-damage|p2a: Hydrapple|74/100
|
|t:|1760816263
|switch|p1a: Ogerpon|Ogerpon-Wellspring, F|69/100|[from] U-turn
|move|p2a: Hydrapple|Fickle Beam|p1a: Ogerpon|[anim] Fickle Beam All Out
|-activate|p2a: Hydrapple|move: Fickle Beam
|-damage|p1a: Ogerpon|0 fnt
|faint|p1a: Ogerpon
|
|upkeep
|
|t:|1760816269
|switch|p1a: Corviknight|Corviknight, F|100/100
|-ability|p1a: Corviknight|Pressure
|turn|30
|
|t:|1760816275
|move|p1a: Corviknight|U-turn|p2a: Hydrapple
|-supereffective|p2a: Hydrapple
|-damage|p2a: Hydrapple|55/100
|
|t:|1760816277
|switch|p1a: Clefable|Clefable, F|63/100|[from] U-turn
|move|p2a: Hydrapple|Fickle Beam|p1a: Clefable
|-immune|p1a: Clefable
|
|upkeep
|turn|31
|
|t:|1760816285
|switch|p2a: Goodra|Goodra-Hisui, F|84/100 par
|-damage|p2a: Goodra|78/100 par|[from] Stealth Rock
|move|p1a: Clefable|Moonlight|p1a: Clefable
|-heal|p1a: Clefable|100/100
|
|upkeep
|turn|32
|
|t:|1760816305
|move|p1a: Clefable|Moonblast|p2a: Goodra
|-damage|p2a: Goodra|67/100 par
|-unboost|p2a: Goodra|spa|1
|move|p2a: Goodra|Flash Cannon|p1a: Clefable
|-supereffective|p1a: Clefable
|-damage|p1a: Clefable|71/100
|
|upkeep
|turn|33
|
|t:|1760816312
|move|p1a: Clefable|Moonblast|p2a: Goodra
|-damage|p2a: Goodra|56/100 par
|-unboost|p2a: Goodra|spa|1
|move|p2a: Goodra|Knock Off|p1a: Clefable
|-resisted|p1a: Clefable
|-damage|p1a: Clefable|58/100
|-damage|p2a: Goodra|40/100 par|[from] item: Rocky Helmet|[of] p1a: Clefable
|-enditem|p1a: Clefable|Rocky Helmet|[from] move: Knock Off|[of] p2a: Goodra
|
|upkeep
|turn|34
|
|t:|1760816323
|switch|p2a: Alomomola|Alomomola, M|85/100
|move|p1a: Clefable|Moonlight|p1a: Clefable
|-heal|p1a: Clefable|100/100
|
|upkeep
|turn|35
|
|t:|1760816329
|move|p2a: Alomomola|Wish|p2a: Alomomola
|move|p1a: Clefable|Moonblast|p2a: Alomomola
|-damage|p2a: Alomomola|45/100
|-unboost|p2a: Alomomola|spa|1
|
|upkeep
|turn|36
|
|t:|1760816336
|switch|p2a: Goodra|Goodra-Hisui, F|40/100 par
|-damage|p2a: Goodra|34/100 par|[from] Stealth Rock
|move|p1a: Clefable|Moonblast|p2a: Goodra
|-damage|p2a: Goodra|23/100 par
|-unboost|p2a: Goodra|spa|1
|
|-heal|p2a: Goodra|96/100 par|[from] move: Wish|[wisher] Alomomola
|upkeep
|turn|37
|
|t:|1760816349
|switch|p1a: Zamazenta|Zamazenta|100/100
|move|p2a: Goodra|Earthquake|p1a: Zamazenta
|-damage|p1a: Zamazenta|78/100
|
|upkeep
|turn|38
|
|t:|1760816358
|switch|p2a: Alomomola|Alomomola, M|78/100
|move|p1a: Zamazenta|Close Combat|p2a: Alomomola
|-damage|p2a: Alomomola|33/100
|-unboost|p1a: Zamazenta|def|1
|-unboost|p1a: Zamazenta|spd|1
|
|upkeep
|turn|39
|
|t:|1760816366
|switch|p1a: Dragapult|Dragapult, F|100/100
|switch|p2a: Dragapult|Dragapult, F|100/100
|-damage|p2a: Dragapult|88/100|[from] Stealth Rock
|
|upkeep
|turn|40
|
|t:|1760816374
|switch|p2a: Goodra|Goodra-Hisui, F|96/100 par
|-damage|p2a: Goodra|90/100 par|[from] Stealth Rock
|move|p1a: Dragapult|Shadow Ball|p2a: Goodra
|-damage|p2a: Goodra|71/100 par
|
|upkeep
|turn|41
|
|t:|1760816382
|switch|p1a: Zamazenta|Zamazenta|78/100
|cant|p2a: Goodra|par
|
|upkeep
|turn|42
|
|t:|1760816398
|switch|p2a: Hydrapple|Hydrapple, M|88/100
|move|p1a: Zamazenta|Close Combat|p2a: Hydrapple
|-damage|p2a: Hydrapple|35/100
|-unboost|p1a: Zamazenta|def|1
|-unboost|p1a: Zamazenta|spd|1
|
|upkeep
|turn|43
|
|t:|1760816406
|switch|p2a: Dragapult|Dragapult, F|88/100
|-damage|p2a: Dragapult|76/100|[from] Stealth Rock
|move|p1a: Zamazenta|Close Combat|p2a: Dragapult
|-immune|p2a: Dragapult
|
|upkeep
|turn|44
|
|t:|1760816415
|switch|p1a: Clefable|Clefable, F|100/100
|move|p2a: Dragapult|U-turn|p1a: Clefable
|-resisted|p1a: Clefable
|-damage|p1a: Clefable|91/100
|
|t:|1760816421
|switch|p2a: Goodra|Goodra-Hisui, F|71/100 par|[from] U-turn
|-damage|p2a: Goodra|65/100 par|[from] Stealth Rock
|
|upkeep
|turn|45
|
|t:|1760816427
|switch|p1a: Corviknight|Corviknight, F|100/100
|-ability|p1a: Corviknight|Pressure
|move|p2a: Goodra|Flash Cannon|p1a: Corviknight
|-resisted|p1a: Corviknight
|-damage|p1a: Corviknight|87/100
|
|upkeep
|turn|46
|
|t:|1760816435
|switch|p2a: Alomomola|Alomomola, M|67/100
|move|p1a: Corviknight|Brave Bird|p2a: Alomomola
|-damage|p2a: Alomomola|46/100
|-damage|p1a: Corviknight|78/100|[from] Recoil
|
|upkeep
|turn|47
|
|t:|1760816443
|switch|p1a: Dragapult|Dragapult, F|100/100
|switch|p2a: Great Tusk|Great Tusk, tera:Steel|100/100
|
|upkeep
|turn|48
|
|t:|1760816450
|-end|p2a: Great Tusk|Protosynthesis|[silent]
|switch|p2a: Goodra|Goodra-Hisui, F|65/100 par
|-damage|p2a: Goodra|59/100 par|[from] Stealth Rock
|move|p1a: Dragapult|Flamethrower|p2a: Goodra
|-damage|p2a: Goodra|44/100 par
|
|upkeep
|turn|49
|
|t:|1760816458
|switch|p1a: Zamazenta|Zamazenta|78/100
|switch|p2a: Alomomola|Alomomola, M|80/100
|
|upkeep
|turn|50
|
|t:|1760816465
|move|p1a: Zamazenta|Close Combat|p2a: Alomomola
|-damage|p2a: Alomomola|33/100
|-unboost|p1a: Zamazenta|def|1
|-unboost|p1a: Zamazenta|spd|1
|move|p2a: Alomomola|Wish|p2a: Alomomola
|
|upkeep
|turn|51
|
|t:|1760816473
|switch|p1a: Ting-Lu|Ting-Lu|94/100
|-ability|p1a: Ting-Lu|Vessel of Ruin
|switch|p2a: Dragapult|Dragapult, F|76/100
|-damage|p2a: Dragapult|64/100|[from] Stealth Rock
|
|-heal|p2a: Dragapult|100/100|[from] move: Wish|[wisher] Alomomola
|upkeep
|turn|52
|
|t:|1760816485
|move|p2a: Dragapult|U-turn|p1a: Ting-Lu
|-supereffective|p1a: Ting-Lu
|-damage|p1a: Ting-Lu|75/100
|
|t:|1760816488
|switch|p2a: Alomomola|Alomomola, M|66/100|[from] U-turn
|move|p1a: Ting-Lu|Ruination|p2a: Alomomola
|-damage|p2a: Alomomola|33/100
|
|upkeep
|turn|53
|
|t:|1760816495
|move|p2a: Alomomola|Wish|p2a: Alomomola
|move|p1a: Ting-Lu|Ruination|p2a: Alomomola
|-damage|p2a: Alomomola|17/100
|
|upkeep
|turn|54
|
|t:|1760816500
|switch|p2a: Hydrapple|Hydrapple, M|68/100
|move|p1a: Ting-Lu|Ruination|p2a: Hydrapple
|-damage|p2a: Hydrapple|34/100
|
|-heal|p2a: Hydrapple|99/100|[from] move: Wish|[wisher] Alomomola
|upkeep
|turn|55
|
|t:|1760816509
|switch|p1a: Clefable|Clefable, F|91/100
|move|p2a: Hydrapple|Nasty Plot|p2a: Hydrapple
|-boost|p2a: Hydrapple|spa|2
|
|upkeep
|turn|56
|
|t:|1760816516
|switch|p1a: Zamazenta|Zamazenta|78/100
|move|p2a: Hydrapple|Giga Drain|p1a: Zamazenta
|-damage|p1a: Zamazenta|23/100
|-heal|p2a: Hydrapple|100/100|[from] drain|[of] p1a: Zamazenta
|
|upkeep
|turn|57
|
|t:|1760816525
|move|p1a: Zamazenta|Ice Fang|p2a: Hydrapple
|-supereffective|p2a: Hydrapple
|-crit|p2a: Hydrapple
|-damage|p2a: Hydrapple|0 fnt
|faint|p2a: Hydrapple
|
|upkeep
|
|t:|1760816531
|switch|p2a: Alomomola|Alomomola, M|50/100
|turn|58
|
|t:|1760816536
|switch|p1a: Clefable|Clefable, F|91/100
|move|p2a: Alomomola|Flip Turn|p1a: Clefable
|-damage|p1a: Clefable|70/100
|
|t:|1760816542
|switch|p2a: Great Tusk|Great Tusk, tera:Steel|100/100|[from] Flip Turn
|
|upkeep
|turn|59
|
|t:|1760816547
|switch|p1a: Corviknight|Corviknight, F|78/100
|-ability|p1a: Corviknight|Pressure
|move|p2a: Great Tusk|Stealth Rock|p1a: Corviknight
|-sidestart|p1: Wahhhh soooo good!|move: Stealth Rock
|
|upkeep
|turn|60
|
|t:|1760816554
|-end|p2a: Great Tusk|Protosynthesis|[silent]
|switch|p2a: Alomomola|Alomomola, M|84/100
|move|p1a: Corviknight|Defog|p2a: Alomomola
|-unboost|p2a: Alomomola|evasion|1
|-sideend|p2: YJIOG|Stealth Rock|[from] move: Defog|[of] p1a: Corviknight
|-sideend|p1: Wahhhh soooo good!|Stealth Rock|[from] move: Defog|[of] p1a: Corviknight
|
|upkeep
|turn|61
|
|t:|1760816561
|move|p1a: Corviknight|Roost|p1a: Corviknight
|-heal|p1a: Corviknight|100/100
|-singleturn|p1a: Corviknight|move: Roost
|move|p2a: Alomomola|Flip Turn|p1a: Corviknight
|-crit|p1a: Corviknight
|-damage|p1a: Corviknight|84/100
|
|t:|1760816569
|switch|p2a: Electivire|Electivire, F|100/100|[from] Flip Turn
|
|upkeep
|turn|62
|
|t:|1760816577
|move|p2a: Electivire|Low Kick|p1a: Corviknight
|-damage|p1a: Corviknight|66/100
|-damage|p2a: Electivire|91/100|[from] item: Life Orb
|move|p1a: Corviknight|U-turn|p2a: Electivire
|-damage|p2a: Electivire|67/100
|
|t:|1760816581
|switch|p1a: Dragapult|Dragapult, F|100/100|[from] U-turn
|
|upkeep
|turn|63
|
|t:|1760816590
|switch|p2a: Goodra|Goodra-Hisui, F|44/100 par
|move|p1a: Dragapult|Shadow Ball|p2a: Goodra
|-damage|p2a: Goodra|25/100 par
|
|upkeep
|turn|64
|
|t:|1760816597
|move|p1a: Dragapult|Shadow Ball|p2a: Goodra
|-damage|p2a: Goodra|6/100 par
|move|p2a: Goodra|Knock Off|p1a: Dragapult
|-supereffective|p1a: Dragapult
|-damage|p1a: Dragapult|30/100
|-enditem|p1a: Dragapult|Choice Specs|[from] move: Knock Off|[of] p2a: Goodra
|
|upkeep
|turn|65
|
|t:|1760816605
|move|p1a: Dragapult|Shadow Ball|p2a: Goodra
|-damage|p2a: Goodra|0 fnt
|faint|p2a: Goodra
|
|upkeep
|
|t:|1760816612
|switch|p2a: Dragapult|Dragapult, F|100/100
|turn|66
|
|t:|1760816616
|switch|p1a: Ting-Lu|Ting-Lu|75/100
|-ability|p1a: Ting-Lu|Vessel of Ruin
|move|p2a: Dragapult|Draco Meteor|p1a: Ting-Lu
|-damage|p1a: Ting-Lu|40/100
|-unboost|p2a: Dragapult|spa|2
|
|upkeep
|turn|67
|
|t:|1760816626
|switch|p2a: Alomomola|Alomomola, M|100/100
|move|p1a: Ting-Lu|Ruination|p2a: Alomomola|[miss]
|-miss|p1a: Ting-Lu|p2a: Alomomola
|
|upkeep
|turn|68
|
|t:|1760816633
|switch|p1a: Clefable|Clefable, F|70/100
|move|p2a: Alomomola|Scald|p1a: Clefable
|-damage|p1a: Clefable|62/100
|-status|p1a: Clefable|brn
|
|upkeep
|turn|69
|
|t:|1760816640
|move|p2a: Alomomola|Flip Turn|p1a: Clefable
|-damage|p1a: Clefable|42/100 brn
|
|t:|1760816644
|switch|p2a: Great Tusk|Great Tusk, tera:Steel|100/100|[from] Flip Turn
|move|p1a: Clefable|Thunder Wave|p2a: Great Tusk
|-status|p2a: Great Tusk|par
|
|upkeep
|turn|70
|
|t:|1760816651
|-end|p2a: Great Tusk|Protosynthesis|[silent]
|switch|p2a: Electivire|Electivire, F|67/100
|move|p1a: Clefable|Moonlight|p1a: Clefable
|-heal|p1a: Clefable|92/100 brn
|
|upkeep
|turn|71
|
|t:|1760816666
|switch|p2a: Alomomola|Alomomola, M|100/100
|move|p1a: Clefable|Moonblast|p2a: Alomomola
|-damage|p2a: Alomomola|64/100
|
|upkeep
|turn|72
|
|t:|1760816673
|move|p2a: Alomomola|Flip Turn|p1a: Clefable
|-damage|p1a: Clefable|73/100 brn
|
|t:|1760816676
|switch|p2a: Great Tusk|Great Tusk, tera:Steel|100/100 par|[from] Flip Turn
|move|p1a: Clefable|Stealth Rock|p2a: Great Tusk
|-sidestart|p2: YJIOG|move: Stealth Rock
|
|upkeep
|turn|73
|
|t:|1760816698
|switch|p1a: Corviknight|Corviknight, F|66/100
|-ability|p1a: Corviknight|Pressure
|move|p2a: Great Tusk|Stealth Rock|p1a: Corviknight
|-sidestart|p1: Wahhhh soooo good!|move: Stealth Rock
|
|upkeep
|turn|74
|
|t:|1760816708
|-end|p2a: Great Tusk|Protosynthesis|[silent]
|switch|p2a: Electivire|Electivire, F|67/100
|-damage|p2a: Electivire|54/100|[from] Stealth Rock
|move|p1a: Corviknight|Defog|p2a: Electivire
|-unboost|p2a: Electivire|evasion|1
|-sideend|p2: YJIOG|Stealth Rock|[from] move: Defog|[of] p1a: Corviknight
|-sideend|p1: Wahhhh soooo good!|Stealth Rock|[from] move: Defog|[of] p1a: Corviknight
|
|upkeep
|turn|75
|
|t:|1760816719
|switch|p1a: Ting-Lu|Ting-Lu|40/100
|-ability|p1a: Ting-Lu|Vessel of Ruin
|move|p2a: Electivire|Thunderbolt|p1a: Ting-Lu
|-immune|p1a: Ting-Lu
|
|upkeep
|turn|76
|
|t:|1760816734
|switch|p2a: Alomomola|Alomomola, M|98/100
|switch|p1a: Corviknight|Corviknight, F|66/100
|-ability|p1a: Corviknight|Pressure
|
|upkeep
|turn|77
|
|t:|1760816741
|move|p1a: Corviknight|Roost|p1a: Corviknight
|-heal|p1a: Corviknight|100/100
|-singleturn|p1a: Corviknight|move: Roost
|move|p2a: Alomomola|Wish|p2a: Alomomola
|
|upkeep
|turn|78
|
|t:|1760816752
|move|p1a: Corviknight|U-turn|p2a: Alomomola
|-crit|p2a: Alomomola
|-damage|p2a: Alomomola|86/100
|
|t:|1760816755
|switch|p1a: Dragapult|Dragapult, F|30/100|[from] U-turn
|move|p2a: Alomomola|Flip Turn|p1a: Dragapult
|-resisted|p1a: Dragapult
|-damage|p1a: Dragapult|20/100
|
|t:|1760816761
|switch|p2a: Electivire|Electivire, F|54/100|[from] Flip Turn
|
|-heal|p2a: Electivire|100/100|[from] move: Wish|[wisher] Alomomola
|upkeep
|turn|79
|
|t:|1760816773
|move|p1a: Dragapult|Draco Meteor|p2a: Electivire|[miss]
|-miss|p1a: Dragapult|p2a: Electivire
|move|p2a: Electivire|Ice Punch|p1a: Dragapult
|-supereffective|p1a: Dragapult
|-crit|p1a: Dragapult
|-damage|p1a: Dragapult|0 fnt
|faint|p1a: Dragapult
|-damage|p2a: Electivire|91/100|[from] item: Life Orb
|
|upkeep
|
|t:|1760816784
|switch|p1a: Zamazenta|Zamazenta|23/100
|turn|80
|
|t:|1760816788
|switch|p2a: Alomomola|Alomomola, M|100/100
|move|p1a: Zamazenta|Close Combat|p2a: Alomomola
|-damage|p2a: Alomomola|55/100
|-unboost|p1a: Zamazenta|def|1
|-unboost|p1a: Zamazenta|spd|1
|
|upkeep
|turn|81
|
|t:|1760816796
|switch|p1a: Clefable|Clefable, F|73/100 brn
|move|p2a: Alomomola|Flip Turn|p1a: Clefable
|-damage|p1a: Clefable|54/100 brn
|
|t:|1760816802
|switch|p2a: Great Tusk|Great Tusk, tera:Steel|100/100 par|[from] Flip Turn
|
|upkeep
|turn|82
|
|t:|1760816807
|move|p1a: Clefable|Moonlight|p1a: Clefable
|-heal|p1a: Clefable|100/100 brn
|cant|p2a: Great Tusk|par
|
|upkeep
|turn|83
|
|t:|1760816813
|move|p1a: Clefable|Stealth Rock|p2a: Great Tusk
|-sidestart|p2: YJIOG|move: Stealth Rock
|move|p2a: Great Tusk|Stealth Rock|p1a: Clefable
|-sidestart|p1: Wahhhh soooo good!|move: Stealth Rock
|
|upkeep
|turn|84
|
|t:|1760816818
|move|p1a: Clefable|Moonblast|p2a: Great Tusk
|-resisted|p2a: Great Tusk
|-damage|p2a: Great Tusk|78/100 par
|move|p2a: Great Tusk|Rapid Spin|p1a: Clefable
|-damage|p1a: Clefable|80/100 brn
|-boost|p2a: Great Tusk|spe|1
|-sideend|p2: YJIOG|Stealth Rock|[from] move: Rapid Spin|[of] p2a: Great Tusk
|
|upkeep
|turn|85
|
|t:|1760816826
|move|p2a: Great Tusk|Headlong Rush|p1a: Clefable
|-damage|p1a: Clefable|15/100 brn
|-unboost|p2a: Great Tusk|def|1
|-unboost|p2a: Great Tusk|spd|1
|move|p1a: Clefable|Moonblast|p2a: Great Tusk
|-resisted|p2a: Great Tusk
|-damage|p2a: Great Tusk|43/100 par
|
|upkeep
|turn|86
|
|t:|1760816835
|cant|p2a: Great Tusk|par
|move|p1a: Clefable|Moonlight|p1a: Clefable
|-heal|p1a: Clefable|65/100 brn
|
|upkeep
|turn|87
|
|t:|1760816842
|move|p2a: Great Tusk|Headlong Rush|p1a: Clefable
|-damage|p1a: Clefable|0 fnt
|-unboost|p2a: Great Tusk|def|1
|-unboost|p2a: Great Tusk|spd|1
|faint|p1a: Clefable
|
|upkeep
|
|t:|1760816847
|switch|p1a: Zamazenta|Zamazenta|23/100
|-damage|p1a: Zamazenta|16/100|[from] Stealth Rock
|turn|88
|
|t:|1760816853
|-end|p2a: Great Tusk|Protosynthesis|[silent]
|switch|p2a: Alomomola|Alomomola, M|89/100
|move|p1a: Zamazenta|Close Combat|p2a: Alomomola
|-damage|p2a: Alomomola|39/100
|-unboost|p1a: Zamazenta|def|1
|-unboost|p1a: Zamazenta|spd|1
|
|upkeep
|turn|89
|
|t:|1760816862
|switch|p1a: Ting-Lu|Ting-Lu|40/100
|-damage|p1a: Ting-Lu|34/100|[from] Stealth Rock
|-ability|p1a: Ting-Lu|Vessel of Ruin
|switch|p2a: Dragapult|Dragapult, F|100/100
|
|upkeep
|turn|90
|
|t:|1760816870
|move|p2a: Dragapult|Draco Meteor|p1a: Ting-Lu
|-damage|p1a: Ting-Lu|0 fnt
|-unboost|p2a: Dragapult|spa|2
|faint|p1a: Ting-Lu
|
|upkeep
|
|t:|1760816873
|switch|p1a: Corviknight|Corviknight, F|100/100
|-damage|p1a: Corviknight|88/100|[from] Stealth Rock
|-ability|p1a: Corviknight|Pressure
|turn|91
|
|t:|1760816881
|switch|p2a: Alomomola|Alomomola, M|72/100
|move|p1a: Corviknight|Brave Bird|p2a: Alomomola
|-damage|p2a: Alomomola|49/100
|-damage|p1a: Corviknight|78/100|[from] Recoil
|
|upkeep
|turn|92
|
|t:|1760816888
|move|p1a: Corviknight|U-turn|p2a: Alomomola
|-damage|p2a: Alomomola|41/100
|
|t:|1760816891
|switch|p1a: Zamazenta|Zamazenta|16/100|[from] U-turn
|-damage|p1a: Zamazenta|10/100|[from] Stealth Rock
|move|p2a: Alomomola|Wish|p2a: Alomomola
|
|upkeep
|turn|93
|
|t:|1760816899
|switch|p2a: Great Tusk|Great Tusk, tera:Steel|43/100 par
|move|p1a: Zamazenta|Close Combat|p2a: Great Tusk
|-supereffective|p2a: Great Tusk
|-damage|p2a: Great Tusk|0 fnt
|-unboost|p1a: Zamazenta|def|1
|-unboost|p1a: Zamazenta|spd|1
|faint|p2a: Great Tusk
|-end|p2a: Great Tusk|Protosynthesis|[silent]
|
|upkeep
|
|t:|1760816909
|switch|p2a: Alomomola|Alomomola, M|74/100
|turn|94
|
|t:|1760816912
|switch|p1a: Corviknight|Corviknight, F|78/100
|-damage|p1a: Corviknight|65/100|[from] Stealth Rock
|-ability|p1a: Corviknight|Pressure
|move|p2a: Alomomola|Flip Turn|p1a: Corviknight
|-damage|p1a: Corviknight|54/100
|c|☆YJIOG|Gg
|
|t:|1760816924
|switch|p2a: Electivire|Electivire, F|91/100|[from] Flip Turn
|
|upkeep
|turn|95
|c|☆Wahhhh soooo good!|gg
|
|t:|1760816940
|move|p2a: Electivire|Thunderbolt|p1a: Corviknight
|-supereffective|p1a: Corviknight
|-damage|p1a: Corviknight|0 fnt
|faint|p1a: Corviknight
|-damage|p2a: Electivire|81/100|[from] item: Life Orb
|
|upkeep
|
|t:|1760816942
|switch|p1a: Zamazenta|Zamazenta|10/100
|-damage|p1a: Zamazenta|4/100|[from] Stealth Rock
|turn|96
|
|t:|1760816949
|switch|p2a: Alomomola|Alomomola, M|100/100
|move|p1a: Zamazenta|Crunch|p2a: Alomomola
|-damage|p2a: Alomomola|81/100
|
|upkeep
|turn|97
|
|t:|1760816956
|move|p1a: Zamazenta|Crunch|p2a: Alomomola
|-damage|p2a: Alomomola|58/100
|move|p2a: Alomomola|Flip Turn|p1a: Zamazenta
|-damage|p1a: Zamazenta|0 fnt
|faint|p1a: Zamazenta
|
|win|YJIOG
|raw|Wahhhh soooo good!'s rating: 1396 &rarr; <strong>1377</strong><br />(-19 for losing)
|raw|YJIOG's rating: 1406 &rarr; <strong>1425</strong><br />(+19 for winning)
|l|☆Wahhhh soooo good!
|player|p1|
