|j|☆yobarki
|j|☆xijueaa
|t:|1760751478
|gametype|singles
|player|p1|yobarki|miku-ghost|1211
|player|p2|xijueaa|cynthia|1239
|gen|9
|tier|[Gen 9] OU
|rated|
|rule|HP Percentage Mod: HP is shown in percentages
|rule|Endless Battle Clause: Forcing endless battles is banned
|rule|Species Clause: Limit one of each Pokémon
|rule|OHKO Clause: OHKO moves are banned
|rule|Evasion Items Clause: Evasion items are banned
|rule|Evasion Moves Clause: Evasion moves are banned
|rule|Evasion Abilities Clause: Evasion abilities are banned
|rule|Sleep Moves Clause: Sleep-inducing moves are banned
|clearpoke
|poke|p1|Zamazenta-*|
|poke|p1|Ninetales-Alola, M|
|poke|p1|Darkrai|
|poke|p1|Ceruledge, M|
|poke|p1|Gliscor, M|
|poke|p1|Hatterene, F|
|poke|p2|Landorus-Therian, M|
|poke|p2|Samurott-Hisui, M|
|poke|p2|Slowking-Galar, F|
|poke|p2|Kingambit, F|
|poke|p2|Raging Bolt|
|poke|p2|Zamazenta-*|
|teampreview
|
|t:|1760751505
|teamsize|p1|6
|teamsize|p2|6
|start
|switch|p1a: SixSeventales|Ninetales-Alola, M|100/100
|switch|p2a: Samurott|Samurott-Hisui, M|100/100
|-weather|Snowscape|[from] ability: Snow Warning|[of] p1a: SixSeventales
|turn|1
|
|t:|1760751525
|move|p1a: SixSeventales|Aurora Veil|p1a: SixSeventales
|-sidestart|p1: yobarki|move: Aurora Veil
|move|p2a: Samurott|Knock Off|p1a: SixSeventales
|-resisted|p1a: SixSeventales
|-damage|p1a: SixSeventales|91/100
|-enditem|p1a: SixSeventales|Light Clay|[from] move: Knock Off|[of] p2a: Samurott
|
|-weather|Snowscape|[upkeep]
|upkeep
|turn|2
|
|t:|1760751538
|move|p1a: SixSeventales|Freeze-Dry|p2a: Samurott
|-supereffective|p2a: Samurott
|-damage|p2a: Samurott|61/100
|move|p2a: Samurott|Ceaseless Edge|p1a: SixSeventales
|-resisted|p1a: SixSeventales
|-damage|p1a: SixSeventales|80/100
|-sidestart|p1: yobarki|Spikes
|
|-weather|Snowscape|[upkeep]
|upkeep
|turn|3
|
|t:|1760751546
|move|p1a: SixSeventales|Freeze-Dry|p2a: Samurott
|-supereffective|p2a: Samurott
|-damage|p2a: Samurott|23/100
|move|p2a: Samurott|Ceaseless Edge|p1a: SixSeventales
|-resisted|p1a: SixSeventales
|-damage|p1a: SixSeventales|70/100
|-sidestart|p1: yobarki|Spikes
|
|-weather|Snowscape|[upkeep]
|upkeep
|turn|4
|
|t:|1760751563
|switch|p2a: Slowking|Slowking-Galar, F|100/100
|move|p1a: SixSeventales|Freeze-Dry|p2a: Slowking
|-damage|p2a: Slowking|89/100
|
|-weather|Snowscape|[upkeep]
|upkeep
|turn|5
|
|t:|1760751578
|move|p2a: Slowking|Toxic|p1a: SixSeventales
|-status|p1a: SixSeventales|tox
|move|p1a: SixSeventales|Roar|p2a: Slowking
|drag|p2a: Kingambit|Kingambit, F|100/100
|
|-weather|none
|-damage|p1a: SixSeventales|64/100 tox|[from] psn
|upkeep
|turn|6
|
|t:|1760751586
|-end|p2a: Kingambit|fallenundefined|[silent]
|switch|p2a: Landorus|Landorus-Therian, M|100/100
|-ability|p2a: Landorus|Intimidate|boost
|-unboost|p1a: SixSeventales|atk|1
|move|p1a: SixSeventales|Freeze-Dry|p2a: Landorus
|-supereffective|p2a: Landorus
|-crit|p2a: Landorus
|-damage|p2a: Landorus|0 fnt
|faint|p2a: Landorus
|
|-damage|p1a: SixSeventales|52/100 tox|[from] psn
|upkeep
|
|t:|1760751600
|switch|p2a: Slowking|Slowking-Galar, F|100/100
|turn|7
|
|t:|1760751603
|move|p1a: SixSeventales|Freeze-Dry|p2a: Slowking
|-damage|p2a: Slowking|88/100
|move|p2a: Slowking|Thunder Wave||[still]
|-fail|p2a: Slowking
|
|-damage|p1a: SixSeventales|34/100 tox|[from] psn
|upkeep
|turn|8
|
|t:|1760751611
|move|p1a: SixSeventales|Freeze-Dry|p2a: Slowking
|-damage|p2a: Slowking|77/100
|move|p2a: Slowking|Sludge Bomb|p1a: SixSeventales
|-supereffective|p1a: SixSeventales
|-damage|p1a: SixSeventales|0 fnt
|faint|p1a: SixSeventales
|
|-sideend|p1: yobarki|move: Aurora Veil
|upkeep
|
|t:|1760751632
|switch|p1a: Glizzycor|Gliscor, M|100/100
|turn|9
|
|t:|1760751647
|move|p1a: Glizzycor|Swords Dance|p1a: Glizzycor
|-boost|p1a: Glizzycor|atk|2
|-prepare|p2a: Slowking|Chilly Reception|[premajor]
|move|p2a: Slowking|Chilly Reception|p2a: Slowking
|-weather|Snowscape
|
|t:|1760751662
|switch|p2a: Raging Bolt|Raging Bolt|100/100|[from] Chilly Reception
|
|-weather|Snowscape|[upkeep]
|-status|p1a: Glizzycor|tox|[from] item: Toxic Orb
|upkeep
|turn|10
|
|t:|1760751671
|-terastallize|p2a: Raging Bolt|Water
|move|p2a: Raging Bolt|Tera Blast|p1a: Glizzycor|[anim] Tera Blast Water
|-supereffective|p1a: Glizzycor
|-damage|p1a: Glizzycor|7/100 tox
|move|p1a: Glizzycor|Earthquake|p2a: Raging Bolt
|-damage|p2a: Raging Bolt|42/100
|
|-weather|Snowscape|[upkeep]
|-heal|p1a: Glizzycor|19/100 tox|[from] ability: Poison Heal
|upkeep
|turn|11
|
|t:|1760751684
|move|p2a: Raging Bolt|Tera Blast|p1a: Glizzycor|[anim] Tera Blast Water
|-supereffective|p1a: Glizzycor
|-damage|p1a: Glizzycor|0 fnt
|faint|p1a: Glizzycor
|
|-weather|Snowscape|[upkeep]
|upkeep
|
|t:|1760751690
|switch|p1a: Zamnzenta|Zamazenta|100/100
|-damage|p1a: Zamnzenta|84/100|[from] Spikes
|-ability|p1a: Zamnzenta|Dauntless Shield|boost
|-boost|p1a: Zamnzenta|def|1
|turn|12
|
|t:|1760751698
|-end|p2a: Raging Bolt|Protosynthesis|[silent]
|switch|p2a: Slowking|Slowking-Galar, F|100/100
|move|p1a: Zamnzenta|Body Press|p2a: Slowking
|-resisted|p2a: Slowking
|-damage|p2a: Slowking|87/100
|
|-weather|Snowscape|[upkeep]
|upkeep
|turn|13
|
|t:|1760751716
|move|p1a: Zamnzenta|Iron Defense|p1a: Zamnzenta
|-boost|p1a: Zamnzenta|def|2
|move|p2a: Slowking|Toxic|p1a: Zamnzenta
|-status|p1a: Zamnzenta|tox
|
|-weather|none
|-damage|p1a: Zamnzenta|78/100 tox|[from] psn
|upkeep
|turn|14
|
|t:|1760751724
|move|p1a: Zamnzenta|Iron Defense|p1a: Zamnzenta
|-boost|p1a: Zamnzenta|def|2
|move|p2a: Slowking|Thunder Wave||[still]
|-fail|p2a: Slowking
|
|-damage|p1a: Zamnzenta|65/100 tox|[from] psn
|upkeep
|turn|15
|
|t:|1760751732
|move|p1a: Zamnzenta|Crunch|p2a: Slowking
|-supereffective|p2a: Slowking
|-damage|p2a: Slowking|35/100
|move|p2a: Slowking|Sludge Bomb|p1a: Zamnzenta
|-damage|p1a: Zamnzenta|33/100 tox
|
|-damage|p1a: Zamnzenta|14/100 tox|[from] psn
|upkeep
|turn|16
|
|t:|1760751742
|switch|p2a: Samurott|Samurott-Hisui, M|23/100
|move|p1a: Zamnzenta|Rest|p1a: Zamnzenta
|-status|p1a: Zamnzenta|slp|[from] move: Rest
|-heal|p1a: Zamnzenta|100/100 slp|[silent]
|-enditem|p1a: Zamnzenta|Chesto Berry|[eat]
|-curestatus|p1a: Zamnzenta|slp|[msg]
|
|upkeep
|turn|17
|c|☆xijueaa|wow
|
|t:|1760751756
|move|p1a: Zamnzenta|Body Press|p2a: Samurott
|-supereffective|p2a: Samurott
|-damage|p2a: Samurott|0 fnt
|faint|p2a: Samurott
|
|upkeep
|
|t:|1760751758
|switch|p2a: Slowking|Slowking-Galar, F|69/100
|turn|18
|
|t:|1760751766
|move|p1a: Zamnzenta|Crunch|p2a: Slowking
|-supereffective|p2a: Slowking
|-damage|p2a: Slowking|16/100
|move|p2a: Slowking|Toxic|p1a: Zamnzenta
|-status|p1a: Zamnzenta|tox
|
|-damage|p1a: Zamnzenta|94/100 tox|[from] psn
|upkeep
|turn|19
|
|t:|1760751777
|move|p1a: Zamnzenta|Body Press|p2a: Slowking
|-resisted|p2a: Slowking
|-damage|p2a: Slowking|0 fnt
|faint|p2a: Slowking
|
|-damage|p1a: Zamnzenta|82/100 tox|[from] psn
|upkeep
|
|t:|1760751779
|switch|p2a: Zamazenta|Zamazenta|100/100
|-ability|p2a: Zamazenta|Dauntless Shield|boost
|-boost|p2a: Zamazenta|def|1
|turn|20
|
|t:|1760751788
|move|p1a: Zamnzenta|Body Press|p2a: Zamazenta
|-damage|p2a: Zamazenta|39/100
|move|p2a: Zamazenta|Iron Defense|p2a: Zamazenta
|-boost|p2a: Zamazenta|def|2
|
|-heal|p2a: Zamazenta|45/100|[from] item: Leftovers
|-damage|p1a: Zamnzenta|64/100 tox|[from] psn
|upkeep
|turn|21
|
|t:|1760751798
|move|p1a: Zamnzenta|Iron Defense|p1a: Zamnzenta
|-boost|p1a: Zamnzenta|def|1
|move|p2a: Zamazenta|Roar|p1a: Zamnzenta
|drag|p1a: Ceruledging|Ceruledge, M|100/100
|
|-heal|p2a: Zamazenta|51/100|[from] item: Leftovers
|upkeep
|turn|22
|
|t:|1760751807
|move|p1a: Ceruledging|Swords Dance|p1a: Ceruledging
|-boost|p1a: Ceruledging|atk|2
|move|p2a: Zamazenta|Roar|p1a: Ceruledging
|drag|p1a: Krai Cenat|Darkrai|100/100
|-damage|p1a: Krai Cenat|84/100|[from] Spikes
|
|-heal|p2a: Zamazenta|57/100|[from] item: Leftovers
|-heal|p1a: Krai Cenat|90/100|[from] item: Leftovers
|upkeep
|turn|23
|
|t:|1760751820
|move|p2a: Zamazenta|Iron Defense|p2a: Zamazenta
|-boost|p2a: Zamazenta|def|2
|move|p1a: Krai Cenat|Focus Blast|p2a: Zamazenta
|-damage|p2a: Zamazenta|17/100
|
|-heal|p2a: Zamazenta|23/100|[from] item: Leftovers
|-heal|p1a: Krai Cenat|96/100|[from] item: Leftovers
|upkeep
|turn|24
|
|t:|1760751841
|-terastallize|p1a: Krai Cenat|Poison
|move|p2a: Zamazenta|Body Press|p1a: Krai Cenat
|-resisted|p1a: Krai Cenat
|-damage|p1a: Krai Cenat|15/100
|move|p1a: Krai Cenat|Focus Blast|p2a: Zamazenta
|-damage|p2a: Zamazenta|0 fnt
|faint|p2a: Zamazenta
|
|-heal|p1a: Krai Cenat|21/100|[from] item: Leftovers
|upkeep
|
|t:|1760751858
|switch|p2a: Raging Bolt|Raging Bolt, tera:Water|42/100
|turn|25
|
|t:|1760751865
|move|p2a: Raging Bolt|Volt Switch|p1a: Krai Cenat
|-damage|p1a: Krai Cenat|0 fnt
|faint|p1a: Krai Cenat
|
|t:|1760751870
|-end|p2a: Raging Bolt|Protosynthesis|[silent]
|switch|p2a: Kingambit|Kingambit, F|100/100|[from] Volt Switch
|-activate|p2a: Kingambit|ability: Supreme Overlord
|-start|p2a: Kingambit|fallen4|[silent]
|
|upkeep
|
|t:|1760751878
|switch|p1a: Zamnzenta|Zamazenta|64/100 tox
|-damage|p1a: Zamnzenta|47/100 tox|[from] Spikes
|turn|26
|
|t:|1760751885
|move|p1a: Zamnzenta|Body Press|p2a: Kingambit
|-supereffective|p2a: Kingambit
|-damage|p2a: Kingambit|0 fnt
|faint|p2a: Kingambit
|-end|p2a: Kingambit|fallen4|[silent]
|
|-damage|p1a: Zamnzenta|41/100 tox|[from] psn
|upkeep
|
|t:|1760751887
|switch|p2a: Raging Bolt|Raging Bolt, tera:Water|42/100
|turn|27
|
|t:|1760751895
|move|p1a: Zamnzenta|Body Press|p2a: Raging Bolt
|-crit|p2a: Raging Bolt
|-damage|p2a: Raging Bolt|0 fnt
|faint|p2a: Raging Bolt
|-end|p2a: Raging Bolt|Protosynthesis|[silent]
|
|win|yobarki
|raw|yobarki's rating: 1211 &rarr; <strong>1238</strong><br />(+27 for winning)
|raw|xijueaa's rating: 1239 &rarr; <strong>1212</strong><br />(-27 for losing)
|l|☆xijueaa
|player|p2|
