|j|☆sfinch1
|j|☆deep value
|t:|1760837215
|gametype|singles
|player|p1|sfinch1|169|1560
|player|p2|deep value|yellow|1464
|gen|9
|tier|[Gen 9] OU
|rated|
|rule|HP Percentage Mod: HP is shown in percentages
|rule|Endless Battle Clause: Forcing endless battles is banned
|rule|Species Clause: Limit one of each Pokémon
|rule|OHKO Clause: OHKO moves are banned
|rule|Evasion Items Clause: Evasion items are banned
|rule|Evasion Moves Clause: Evasion moves are banned
|rule|Evasion Abilities Clause: Evasion abilities are banned
|rule|Sleep Moves Clause: Sleep-inducing moves are banned
|clearpoke
|poke|p1|Zamazenta-*|
|poke|p1|Tinkaton, F|
|poke|p1|Dragapult, M|
|poke|p1|Hatterene, F|
|poke|p1|Scizor, F|
|poke|p1|Samurott-Hisui, F|
|poke|p2|Ogerpon, F|
|poke|p2|Weavile, F|
|poke|p2|Great Tusk|
|poke|p2|Heatran, F|
|poke|p2|Primarina, F|
|poke|p2|Pecharunt|
|teampreview
|
|t:|1760837220
|teamsize|p1|6
|teamsize|p2|6
|start
|switch|p1a: Samurott|Samurott-Hisui, F|100/100
|switch|p2a: Ogerpon|Ogerpon, F|100/100
|turn|1
|
|t:|1760837226
|move|p2a: Ogerpon|U-turn|p1a: Samurott
|-supereffective|p1a: Samurott
|-damage|p1a: Samurott|10/100
|
|t:|1760837229
|switch|p2a: Pecharunt|Pecharunt|100/100|[from] U-turn
|move|p1a: Samurott|Ceaseless Edge|p2a: Pecharunt|[miss]
|-miss|p1a: Samurott|p2a: Pecharunt
|
|upkeep
|turn|2
|
|t:|1760837234
|move|p1a: Samurott|Ceaseless Edge|p2a: Pecharunt
|-supereffective|p2a: Pecharunt
|-damage|p2a: Pecharunt|62/100
|-damage|p1a: Samurott|0 fnt|[from] item: Rocky Helmet|[of] p2a: Pecharunt
|faint|p1a: Samurott
|move|p2a: Pecharunt|Malignant Chain|p1: Samurott|[notarget]
|-fail|p2a: Pecharunt
|
|upkeep
|
|t:|1760837244
|switch|p1a: Dragapult|Dragapult, M|100/100
|turn|3
|inactive|Battle timer is ON: inactive players will automatically lose when time's up. (requested by deep value)
|
|t:|1760837252
|switch|p2a: Primarina|Primarina, F|100/100
|move|p1a: Dragapult|Shadow Ball|p2a: Primarina
|-damage|p2a: Primarina|72/100
|
|upkeep
|turn|4
|
|t:|1760837259
|switch|p1a: Scizor|Scizor, F|100/100
|move|p2a: Primarina|Flip Turn|p1a: Scizor
|-damage|p1a: Scizor|85/100
|
|t:|1760837263
|switch|p2a: Heatran|Heatran, F|100/100|[from] Flip Turn
|-item|p2a: Heatran|Air Balloon
|
|upkeep
|turn|5
|
|t:|1760837270
|switch|p1a: Hatterene|Hatterene, F|100/100
|move|p2a: Heatran|Magma Storm|p1a: Hatterene|[miss]
|-miss|p2a: Heatran|p1a: Hatterene
|
|upkeep
|turn|6
|
|t:|1760837277
|switch|p1a: Dragapult|Dragapult, M|100/100
|move|p2a: Heatran|Magma Storm|p1a: Dragapult
|-resisted|p1a: Dragapult
|-damage|p1a: Dragapult|64/100
|-activate|p1a: Dragapult|move: Magma Storm|[of] p2a: Heatran
|
|-damage|p1a: Dragapult|52/100|[from] move: Magma Storm|[partiallytrapped]
|upkeep
|turn|7
|
|t:|1760837284
|move|p1a: Dragapult|Shadow Ball|p2a: Heatran
|-damage|p2a: Heatran|44/100
|-enditem|p2a: Heatran|Air Balloon
|move|p2a: Heatran|Stealth Rock|p1a: Dragapult
|-sidestart|p1: sfinch1|move: Stealth Rock
|
|-damage|p1a: Dragapult|40/100|[from] move: Magma Storm|[partiallytrapped]
|upkeep
|turn|8
|
|t:|1760837292
|switch|p2a: Primarina|Primarina, F|72/100
|move|p1a: Dragapult|Shadow Ball|p2a: Primarina
|-damage|p2a: Primarina|42/100
|
|-end|p1a: Dragapult|Magma Storm|[partiallytrapped]|[silent]
|upkeep
|turn|9
|
|t:|1760837298
|move|p1a: Dragapult|Shadow Ball|p2a: Primarina
|-damage|p2a: Primarina|15/100
|move|p2a: Primarina|Moonblast|p1a: Dragapult
|-supereffective|p1a: Dragapult
|-damage|p1a: Dragapult|0 fnt
|faint|p1a: Dragapult
|
|upkeep
|
|t:|1760837314
|switch|p1a: Tinkaton|Tinkaton, F|100/100
|-damage|p1a: Tinkaton|94/100|[from] Stealth Rock
|-ability|p1a: Tinkaton|Mold Breaker
|turn|10
|
|t:|1760837318
|move|p1a: Tinkaton|Swords Dance|p1a: Tinkaton
|-boost|p1a: Tinkaton|atk|2
|move|p2a: Primarina|Flip Turn|p1a: Tinkaton
|-damage|p1a: Tinkaton|74/100
|
|t:|1760837321
|switch|p2a: Heatran|Heatran, F|44/100|[from] Flip Turn
|
|upkeep
|turn|11
|
|t:|1760837326
|-terastallize|p1a: Tinkaton|Electric
|move|p1a: Tinkaton|Tera Blast|p2a: Heatran|[anim] Tera Blast Electric
|-damage|p2a: Heatran|0 fnt
|faint|p2a: Heatran
|
|upkeep
|
|t:|1760837342
|switch|p2a: Weavile|Weavile, F|100/100
|-ability|p2a: Weavile|Pressure
|turn|12
|
|t:|1760837346
|move|p2a: Weavile|Knock Off|p1a: Tinkaton
|-damage|p1a: Tinkaton|0 fnt
|-enditem|p1a: Tinkaton|Custap Berry|[from] move: Knock Off|[of] p2a: Weavile
|faint|p1a: Tinkaton
|
|upkeep
|
|t:|1760837351
|switch|p1a: Scizor|Scizor, F|85/100
|-damage|p1a: Scizor|73/100|[from] Stealth Rock
|turn|13
|
|t:|1760837355
|switch|p2a: Primarina|Primarina, F|15/100
|move|p1a: Scizor|U-turn|p2a: Primarina
|-resisted|p2a: Primarina
|-damage|p2a: Primarina|0 fnt
|faint|p2a: Primarina
|
|t:|1760837360
|switch|p1a: Hatterene|Hatterene, F|100/100|[from] U-turn
|-damage|p1a: Hatterene|88/100|[from] Stealth Rock
|
|-heal|p1a: Hatterene|94/100|[from] item: Leftovers
|upkeep
|
|t:|1760837382
|switch|p2a: Weavile|Weavile, F|100/100
|-ability|p2a: Weavile|Pressure
|turn|14
|
|t:|1760837389
|-terastallize|p2a: Weavile|Ice
|move|p2a: Weavile|Triple Axel|p1a: Hatterene
|-damage|p1a: Hatterene|70/100
|-damage|p1a: Hatterene|29/100
|-damage|p1a: Hatterene|0 fnt
|faint|p1a: Hatterene
|-hitcount|p1: Hatterene|3
|
|upkeep
|
|t:|1760837397
|switch|p1a: Zamazenta|Zamazenta|100/100
|-damage|p1a: Zamazenta|94/100|[from] Stealth Rock
|-ability|p1a: Zamazenta|Dauntless Shield|boost
|-boost|p1a: Zamazenta|def|1
|turn|15
|
|t:|1760837407
|move|p1a: Zamazenta|Iron Defense|p1a: Zamazenta
|-boost|p1a: Zamazenta|def|2
|move|p2a: Weavile|Triple Axel|p1a: Zamazenta
|-damage|p1a: Zamazenta|89/100
|-hitcount|p1a: Zamazenta|1
|
|-heal|p1a: Zamazenta|95/100|[from] item: Leftovers
|upkeep
|turn|16
|
|t:|1760837413
|move|p1a: Zamazenta|Substitute|p1a: Zamazenta
|-start|p1a: Zamazenta|Substitute
|-damage|p1a: Zamazenta|70/100
|move|p2a: Weavile|Triple Axel|p1a: Zamazenta
|-activate|p1a: Zamazenta|move: Substitute|[damage]
|-activate|p1a: Zamazenta|move: Substitute|[damage]
|-end|p1a: Zamazenta|Substitute
|-hitcount|p1a: Zamazenta|3
|
|-heal|p1a: Zamazenta|76/100|[from] item: Leftovers
|upkeep
|turn|17
|
|t:|1760837416
|switch|p2a: Pecharunt|Pecharunt|62/100
|move|p1a: Zamazenta|Iron Defense|p1a: Zamazenta
|-boost|p1a: Zamazenta|def|2
|
|-heal|p1a: Zamazenta|82/100|[from] item: Leftovers
|upkeep
|turn|18
|
|t:|1760837419
|move|p1a: Zamazenta|Crunch|p2a: Pecharunt
|-supereffective|p2a: Pecharunt
|-crit|p2a: Pecharunt
|-damage|p2a: Pecharunt|32/100
|-damage|p1a: Zamazenta|66/100|[from] item: Rocky Helmet|[of] p2a: Pecharunt
|move|p2a: Pecharunt|Recover|p2a: Pecharunt
|-heal|p2a: Pecharunt|82/100
|
|-heal|p1a: Zamazenta|72/100|[from] item: Leftovers
|upkeep
|turn|19
|-message|sfinch1 forfeited.
|
|win|deep value
|raw|sfinch1's rating: 1560 &rarr; <strong>1533</strong><br />(-27 for losing)
|raw|deep value's rating: 1442 &rarr; <strong>1469</strong><br />(+27 for winning)
|l|☆sfinch1
|player|p1|
