|j|☆Palasucks
|j|☆zpj123
|t:|1760747337
|gametype|singles
|player|p1|Palasucks|winona|1385
|player|p2|zpj123|2|1400
|gen|9
|tier|[Gen 9] OU
|rated|
|rule|HP Percentage Mod: HP is shown in percentages
|rule|Endless Battle Clause: Forcing endless battles is banned
|rule|Species Clause: Limit one of each Pokémon
|rule|OHKO Clause: OHKO moves are banned
|rule|Evasion Items Clause: Evasion items are banned
|rule|Evasion Moves Clause: Evasion moves are banned
|rule|Evasion Abilities Clause: Evasion abilities are banned
|rule|Sleep Moves Clause: Sleep-inducing moves are banned
|clearpoke
|poke|p1|Raikou|
|poke|p1|Meowscarada, M|
|poke|p1|Ogerpon-Wellspring, F|
|poke|p1|Alomomola, M|
|poke|p1|Iron Treads|
|poke|p1|Enamorus, F|
|poke|p2|Dragonite, M|
|poke|p2|Cinderace, F|
|poke|p2|Gholdengo|
|poke|p2|Ogerpon-Wellspring, F|
|poke|p2|Great Tusk|
|poke|p2|Dragapult, F|
|teampreview
|inactive|Battle timer is ON: inactive players will automatically lose when time's up. (requested by zpj123)
|
|t:|1760747346
|teamsize|p1|6
|teamsize|p2|6
|start
|switch|p1a: Enamorus|Enamorus, F|100/100
|switch|p2a: Cinderace|Cinderace, F|100/100
|turn|1
|
|t:|1760747353
|move|p2a: Cinderace|Sucker Punch|p1a: Enamorus
|-start|p2a: Cinderace|typechange|Dark|[from] ability: Libero
|-resisted|p1a: Enamorus
|-damage|p1a: Enamorus|65/100
|-damage|p2a: Cinderace|91/100|[from] item: Life Orb
|move|p1a: Enamorus|Earth Power|p2a: Cinderace
|-damage|p2a: Cinderace|40/100
|
|upkeep
|turn|2
|
|t:|1760747363
|switch|p1a: Ogerpon|Ogerpon-Wellspring, F|100/100
|switch|p2a: Gholdengo|Gholdengo|100/100
|
|upkeep
|turn|3
|
|t:|1760747369
|move|p2a: Gholdengo|Thunder Wave|p1a: Ogerpon
|-status|p1a: Ogerpon|par
|move|p1a: Ogerpon|U-turn|p2a: Gholdengo
|-resisted|p2a: Gholdengo
|-damage|p2a: Gholdengo|94/100
|
|t:|1760747376
|switch|p1a: Raikou|Raikou|100/100|[from] U-turn
|-ability|p1a: Raikou|Pressure
|
|upkeep
|turn|4
|
|t:|1760747386
|switch|p2a: Cinderace|Cinderace, F|40/100
|move|p1a: Raikou|Scald|p2a: Cinderace
|-supereffective|p2a: Cinderace
|-damage|p2a: Cinderace|0 fnt
|faint|p2a: Cinderace
|-damage|p1a: Raikou|91/100|[from] item: Life Orb
|
|upkeep
|
|t:|1760747397
|switch|p2a: Gholdengo|Gholdengo|94/100
|turn|5
|
|t:|1760747400
|move|p2a: Gholdengo|Trick|p1a: Raikou
|-activate|p2a: Gholdengo|move: Trick|[of] p1a: Raikou
|-item|p1a: Raikou|Choice Scarf|[from] move: Trick
|-item|p2a: Gholdengo|Life Orb|[from] move: Trick
|move|p1a: Raikou|Volt Switch|p2a: Gholdengo
|-damage|p2a: Gholdengo|60/100
|
|t:|1760747406
|switch|p1a: Meowscarada|Meowscarada, M|100/100|[from] Volt Switch
|
|upkeep
|turn|6
|
|t:|1760747413
|-terastallize|p2a: Gholdengo|Flying
|move|p1a: Meowscarada|Knock Off|p2a: Gholdengo
|-start|p1a: Meowscarada|typechange|Dark|[from] ability: Protean
|-damage|p2a: Gholdengo|0 fnt
|-enditem|p2a: Gholdengo|Life Orb|[from] move: Knock Off|[of] p1a: Meowscarada
|faint|p2a: Gholdengo
|
|upkeep
|
|t:|1760747425
|switch|p2a: Dragapult|Dragapult, F|100/100
|turn|7
|
|t:|1760747428
|move|p2a: Dragapult|Dragon Pulse|p1a: Meowscarada
|-damage|p1a: Meowscarada|20/100
|move|p1a: Meowscarada|Knock Off|p2a: Dragapult
|-supereffective|p2a: Dragapult
|-damage|p2a: Dragapult|0 fnt
|-enditem|p2a: Dragapult|Choice Specs|[from] move: Knock Off|[of] p1a: Meowscarada
|faint|p2a: Dragapult
|
|upkeep
|
|t:|1760747437
|switch|p2a: Dragonite|Dragonite, M|100/100
|turn|8
|
|t:|1760747447
|switch|p1a: Alomomola|Alomomola, M|100/100
|move|p2a: Dragonite|Dragon Dance|p2a: Dragonite
|-boost|p2a: Dragonite|atk|1
|-boost|p2a: Dragonite|spe|1
|
|upkeep
|turn|9
|
|t:|1760747453
|move|p2a: Dragonite|Thunder Punch|p1a: Alomomola
|-supereffective|p1a: Alomomola
|-damage|p1a: Alomomola|54/100
|move|p1a: Alomomola|Scald|p2a: Dragonite
|-resisted|p2a: Dragonite
|-damage|p2a: Dragonite|97/100
|-status|p2a: Dragonite|brn
|
|-heal|p2a: Dragonite|100/100 brn|[from] item: Leftovers
|-damage|p2a: Dragonite|94/100 brn|[from] brn
|upkeep
|turn|10
|-message|zpj123 forfeited.
|
|win|Palasucks
|raw|Palasucks's rating: 1385 &rarr; <strong>1406</strong><br />(+21 for winning)
|raw|zpj123's rating: 1400 &rarr; <strong>1379</strong><br />(-21 for losing)
|l|☆zpj123
|player|p2|
|l|☆Palasucks
|player|p1|
