|j|☆healboy009
|j|☆babajeje
|t:|1760886714
|gametype|singles
|player|p1|healboy009|backpacker|1355
|player|p2|babajeje|102|1345
|gen|9
|tier|[Gen 9] OU
|rated|
|rule|HP Percentage Mod: HP is shown in percentages
|rule|Endless Battle Clause: Forcing endless battles is banned
|rule|Species Clause: Limit one of each Pokémon
|rule|OHKO Clause: OHKO moves are banned
|rule|Evasion Items Clause: Evasion items are banned
|rule|Evasion Moves Clause: Evasion moves are banned
|rule|Evasion Abilities Clause: Evasion abilities are banned
|rule|Sleep Moves Clause: Sleep-inducing moves are banned
|clearpoke
|poke|p1|Arcanine-Hisui, F|
|poke|p1|Ogerpon-Wellspring, F|
|poke|p1|Rillaboom, M|
|poke|p1|Alomomola, M|
|poke|p1|Comfey, M|
|poke|p1|Deoxys-Speed|
|poke|p2|Mismagius, M|
|poke|p2|Araquanid, M|
|poke|p2|Ogerpon, F|
|poke|p2|Zamazenta-*|
|poke|p2|Heatran, F|
|poke|p2|Iron Treads|
|teampreview
|c|☆healboy009|Hiii
|c|☆babajeje|hello
|c|☆healboy009|Bro what is that trash
|c|☆healboy009|Where did you find it
|c|☆babajeje|dumpster
|c|☆healboy009|Ok
|c|☆healboy009|Let's begin
|
|t:|1760886768
|teamsize|p1|6
|teamsize|p2|6
|start
|switch|p1a: Arcanine|Arcanine-Hisui, F|100/100
|switch|p2a: Ogerpon|Ogerpon, F|100/100
|turn|1
|c|☆healboy009|Ok bro
|c|☆healboy009|Fire vs grass
|c|☆healboy009|Fire wins
|
|t:|1760886793
|switch|p2a: Zamazenta|Zamazenta|100/100
|-ability|p2a: Zamazenta|Dauntless Shield|boost
|-boost|p2a: Zamazenta|def|1
|move|p1a: Arcanine|Close Combat|p2a: Zamazenta
|-damage|p2a: Zamazenta|72/100
|-unboost|p1a: Arcanine|def|1
|-unboost|p1a: Arcanine|spd|1
|
|-heal|p2a: Zamazenta|78/100|[from] item: Leftovers
|upkeep
|turn|2
|c|☆babajeje|expecting someone?
|c|☆healboy009|Uhh
|
|t:|1760886806
|switch|p1a: Comfey|Comfey, M|100/100
|move|p2a: Zamazenta|Iron Head|p1a: Comfey
|-supereffective|p1a: Comfey
|-damage|p1a: Comfey|34/100
|
|-heal|p2a: Zamazenta|84/100|[from] item: Leftovers
|-heal|p1a: Comfey|40/100|[from] item: Leftovers
|upkeep
|turn|3
|
|t:|1760886812
|move|p1a: Comfey|Synthesis|p1a: Comfey
|-heal|p1a: Comfey|90/100
|move|p2a: Zamazenta|Iron Head|p1a: Comfey
|-supereffective|p1a: Comfey
|-crit|p1a: Comfey
|-damage|p1a: Comfey|0 fnt
|faint|p1a: Comfey
|
|-heal|p2a: Zamazenta|90/100|[from] item: Leftovers
|upkeep
|c|☆healboy009|Uhh
|c|☆healboy009|Your team is op
|
|t:|1760886829
|switch|p1a: Deoxys|Deoxys-Speed|100/100
|-ability|p1a: Deoxys|Pressure
|turn|4
|c|☆babajeje|mah mismaguis is trash
|c|☆healboy009|Bruh
|c|☆babajeje|that guy needs to go
|
|t:|1760886845
|switch|p1a: Alomomola|Alomomola, M|100/100
|switch|p2a: FlutterMain|Mismagius, M|100/100
|
|upkeep
|turn|5
|c|☆healboy009|Ok
|c|☆healboy009|I spared him
|
|t:|1760886861
|move|p2a: FlutterMain|Nasty Plot|p2a: FlutterMain
|-boost|p2a: FlutterMain|spa|2
|move|p1a: Alomomola|Flip Turn|p2a: FlutterMain
|-damage|p2a: FlutterMain|72/100
|
|t:|1760886863
|switch|p1a: Deoxys|Deoxys-Speed|100/100|[from] Flip Turn
|-ability|p1a: Deoxys|Pressure
|
|upkeep
|turn|6
|
|t:|1760886866
|move|p1a: Deoxys|Dark Pulse|p2a: FlutterMain
|-supereffective|p2a: FlutterMain
|-damage|p2a: FlutterMain|0 fnt
|faint|p2a: FlutterMain
|-damage|p1a: Deoxys|91/100|[from] item: Life Orb
|
|upkeep
|c|☆healboy009|Now
|c|☆healboy009|Nope
|c|☆babajeje|he lived a goober life, he died a goober way
|
|t:|1760886888
|switch|p2a: Araquanid|Araquanid, M|100/100
|turn|7
|
|t:|1760886891
|-terastallize|p1a: Deoxys|Electric
|move|p1a: Deoxys|Thunderbolt|p2a: Araquanid
|-supereffective|p2a: Araquanid
|-damage|p2a: Araquanid|17/100
|-damage|p1a: Deoxys|81/100|[from] item: Life Orb
|move|p2a: Araquanid|Leech Life|p1a: Deoxys
|-damage|p1a: Deoxys|37/100
|-heal|p2a: Araquanid|33/100|[from] drain|[of] p1a: Deoxys
|
|upkeep
|turn|8
|
|t:|1760886900
|switch|p2a: Iron Treads|Iron Treads|100/100
|move|p1a: Deoxys|Thunderbolt|p2a: Iron Treads
|-immune|p2a: Iron Treads
|
|upkeep
|turn|9
|
|t:|1760886906
|switch|p1a: Rillaboom|Rillaboom, M|100/100
|-fieldstart|move: Grassy Terrain|[from] ability: Grassy Surge|[of] p1a: Rillaboom
|move|p2a: Iron Treads|Ice Spinner|p1a: Rillaboom
|-supereffective|p1a: Rillaboom
|-damage|p1a: Rillaboom|54/100
|-fieldend|move: Grassy Terrain
|
|upkeep
|turn|10
|
|t:|1760886914
|-end|p2a: Iron Treads|Quark Drive|[silent]
|switch|p2a: Zamazenta|Zamazenta|90/100
|move|p1a: Rillaboom|Wood Hammer|p2a: Zamazenta
|-damage|p2a: Zamazenta|22/100
|-damage|p1a: Rillaboom|31/100|[from] Recoil
|
|-heal|p2a: Zamazenta|28/100|[from] item: Leftovers
|upkeep
|turn|11
|
|t:|1760886917
|move|p2a: Zamazenta|Body Press|p1a: Rillaboom
|-damage|p1a: Rillaboom|0 fnt
|faint|p1a: Rillaboom
|
|-heal|p2a: Zamazenta|34/100|[from] item: Leftovers
|upkeep
|
|t:|1760886921
|switch|p1a: Deoxys|Deoxys-Speed, tera:Electric|37/100
|-ability|p1a: Deoxys|Pressure
|turn|12
|
|t:|1760886924
|switch|p2a: Iron Treads|Iron Treads|100/100
|move|p1a: Deoxys|Thunderbolt|p2a: Iron Treads
|-immune|p2a: Iron Treads
|
|upkeep
|turn|13
|
|t:|1760886928
|switch|p1a: Ogerpon|Ogerpon-Wellspring, F|100/100
|move|p2a: Iron Treads|Ice Spinner|p1a: Ogerpon
|-damage|p1a: Ogerpon|70/100
|
|upkeep
|turn|14
|
|t:|1760886936
|move|p1a: Ogerpon|Knock Off|p2a: Iron Treads
|-damage|p2a: Iron Treads|69/100
|-enditem|p2a: Iron Treads|Assault Vest|[from] move: Knock Off|[of] p1a: Ogerpon
|move|p2a: Iron Treads|Rapid Spin|p1a: Ogerpon
|-damage|p1a: Ogerpon|50/100
|-boost|p2a: Iron Treads|spe|1
|
|upkeep
|turn|15
|
|t:|1760886942
|move|p2a: Iron Treads|Ice Spinner|p1a: Ogerpon
|-damage|p1a: Ogerpon|23/100
|move|p1a: Ogerpon|Ivy Cudgel|p2a: Iron Treads|[anim] Ivy Cudgel Water
|-supereffective|p2a: Iron Treads
|-damage|p2a: Iron Treads|0 fnt
|faint|p2a: Iron Treads
|-end|p2a: Iron Treads|Quark Drive|[silent]
|
|upkeep
|
|t:|1760886949
|switch|p2a: Zamazenta|Zamazenta|34/100
|turn|16
|c|☆healboy009|Gg
|c|☆healboy009|I win
|
|t:|1760886955
|move|p2a: Zamazenta|Body Press|p1a: Ogerpon
|-damage|p1a: Ogerpon|0 fnt
|faint|p1a: Ogerpon
|
|-heal|p2a: Zamazenta|40/100|[from] item: Leftovers
|upkeep
|
|t:|1760886958
|switch|p1a: Deoxys|Deoxys-Speed, tera:Electric|37/100
|-ability|p1a: Deoxys|Pressure
|turn|17
|
|t:|1760886964
|switch|p2a: Araquanid|Araquanid, M|33/100
|move|p1a: Deoxys|Thunderbolt|p2a: Araquanid
|-supereffective|p2a: Araquanid
|-damage|p2a: Araquanid|0 fnt
|faint|p2a: Araquanid
|-damage|p1a: Deoxys|27/100|[from] item: Life Orb
|
|upkeep
|
|t:|1760886966
|switch|p2a: Heatran|Heatran, F|100/100
|-item|p2a: Heatran|Air Balloon
|turn|18
|
|t:|1760886972
|switch|p1a: Arcanine|Arcanine-Hisui, F|100/100
|move|p2a: Heatran|Earth Power|p1a: Arcanine
|-supereffective|p1a: Arcanine
|-damage|p1a: Arcanine|0 fnt
|faint|p1a: Arcanine
|
|upkeep
|
|t:|1760886977
|switch|p1a: Alomomola|Alomomola, M|100/100
|turn|19
|c|☆healboy009|Gg
|
|t:|1760886989
|move|p2a: Heatran|Taunt|p1a: Alomomola
|-start|p1a: Alomomola|move: Taunt
|move|p1a: Alomomola|Flip Turn|p2a: Heatran
|-supereffective|p2a: Heatran
|-damage|p2a: Heatran|80/100
|-enditem|p2a: Heatran|Air Balloon
|
|t:|1760886994
|switch|p1a: Deoxys|Deoxys-Speed, tera:Electric|27/100|[from] Flip Turn
|-ability|p1a: Deoxys|Pressure
|
|upkeep
|turn|20
|
|t:|1760886997
|switch|p1a: Alomomola|Alomomola, M|100/100
|move|p2a: Heatran|Earth Power|p1a: Alomomola
|-damage|p1a: Alomomola|61/100
|
|upkeep
|turn|21
|c|☆healboy009|I win
|
|t:|1760887004
|move|p2a: Heatran|Earth Power|p1a: Alomomola
|-damage|p1a: Alomomola|26/100
|move|p1a: Alomomola|Flip Turn|p2a: Heatran
|-supereffective|p2a: Heatran
|-damage|p2a: Heatran|57/100
|
|t:|1760887006
|switch|p1a: Deoxys|Deoxys-Speed, tera:Electric|27/100|[from] Flip Turn
|-ability|p1a: Deoxys|Pressure
|
|upkeep
|turn|22
|
|t:|1760887008
|switch|p1a: Alomomola|Alomomola, M|59/100
|move|p2a: Heatran|Earth Power|p1a: Alomomola
|-damage|p1a: Alomomola|24/100
|
|upkeep
|turn|23
|
|t:|1760887012
|move|p2a: Heatran|Earth Power|p1a: Alomomola
|-damage|p1a: Alomomola|0 fnt
|faint|p1a: Alomomola
|
|upkeep
|
|t:|1760887014
|switch|p1a: Deoxys|Deoxys-Speed, tera:Electric|27/100
|-ability|p1a: Deoxys|Pressure
|turn|24
|
|t:|1760887016
|move|p1a: Deoxys|Thunderbolt|p2a: Heatran
|-damage|p2a: Heatran|12/100
|-damage|p1a: Deoxys|17/100|[from] item: Life Orb
|move|p2a: Heatran|Earth Power|p1a: Deoxys
|-supereffective|p1a: Deoxys
|-damage|p1a: Deoxys|0 fnt
|faint|p1a: Deoxys
|
|win|babajeje
|raw|healboy009's rating: 1372 &rarr; <strong>1350</strong><br />(-22 for losing)
|raw|babajeje's rating: 1345 &rarr; <strong>1367</strong><br />(+22 for winning)
|c|☆healboy009|Bro
|c|☆healboy009|I would've won
|c|☆babajeje|i think deoxys is mismaguis brother
|c|☆babajeje|they both need to go
|c|☆healboy009|Ok
|c|☆babajeje|gg
|c|☆healboy009|Bro gg
|c|☆healboy009|I could've won
|c|☆babajeje|yes
|c|☆healboy009|I should've spammed wish
|c|☆healboy009|And scald
|c|☆healboy009|On heatran
|c|☆healboy009|And than tried thunderbolt
|c|☆babajeje|is that max speed?
|c|☆babajeje|deoxys
|c|☆healboy009|Nope
|c|☆babajeje|i think teal speedboost could outspeed
|c|☆healboy009|It will
|c|☆healboy009|Than gg
|c|☆healboy009|You won
|c|☆babajeje|gg
|l|☆babajeje
|player|p2|
|c|☆healboy009|Bro you wanna fight my real team??
|l|☆healboy009
|player|p1|
