|j|☆MonsterZogg
|j|☆KYKricketunes
|t:|1760797966
|gametype|singles
|player|p1|MonsterZogg|pokemonrangerf|1119
|player|p2|KYKricketunes|dragontamer|1153
|gen|9
|tier|[Gen 9] OU
|rated|
|rule|HP Percentage Mod: HP is shown in percentages
|rule|Endless Battle Clause: Forcing endless battles is banned
|rule|Species Clause: Limit one of each Pokémon
|rule|OHKO Clause: OHKO moves are banned
|rule|Evasion Items Clause: Evasion items are banned
|rule|Evasion Moves Clause: Evasion moves are banned
|rule|Evasion Abilities Clause: Evasion abilities are banned
|rule|Sleep Moves Clause: Sleep-inducing moves are banned
|clearpoke
|poke|p1|Haxorus, F|
|poke|p1|Salamence, F|
|poke|p1|Goodra, M|
|poke|p1|Garchomp, F|
|poke|p1|Arbok, F|
|poke|p1|Dragonite, M|
|poke|p2|Iron Moth|
|poke|p2|Ditto|
|poke|p2|Alomomola, M|
|poke|p2|Gholdengo|
|poke|p2|Great Tusk|
|poke|p2|Kingambit, M|
|teampreview
|c|☆MonsterZogg|arbok plays about to shake your world
|
|t:|1760797976
|teamsize|p1|6
|teamsize|p2|6
|start
|switch|p1a: Arbok|Arbok, F|100/100
|switch|p2a: Great Tusk|Great Tusk|100/100
|-ability|p1a: Arbok|Intimidate|boost
|-unboost|p2a: Great Tusk|atk|1
|-enditem|p2a: Great Tusk|Booster Energy
|-activate|p2a: Great Tusk|ability: Protosynthesis|[fromitem]
|-start|p2a: Great Tusk|protosynthesisspe
|turn|1
|inactive|Battle timer is ON: inactive players will automatically lose when time's up. (requested by KYKricketunes)
|
|t:|1760797985
|move|p2a: Great Tusk|Headlong Rush|p1a: Arbok
|-supereffective|p1a: Arbok
|-damage|p1a: Arbok|17/100
|-unboost|p2a: Great Tusk|def|1
|-unboost|p2a: Great Tusk|spd|1
|-enditem|p1a: Arbok|Red Card|[of] p2a: Great Tusk
|-end|p2a: Great Tusk|Protosynthesis|[silent]
|drag|p2a: Ditto|Ditto|100/100
|-transform|p2a: Ditto|p1a: Arbok|[from] ability: Imposter
|-ability|p2a: Ditto|Intimidate|boost
|-unboost|p1a: Arbok|atk|1
|move|p1a: Arbok|Glare|p2a: Ditto
|-status|p2a: Ditto|par
|
|upkeep
|turn|2
|c|☆KYKricketunes|a tanky boi
|
|t:|1760798002
|move|p1a: Arbok|Knock Off|p2a: Ditto
|-crit|p2a: Ditto
|-damage|p2a: Ditto|68/100 par
|-enditem|p2a: Ditto|Choice Scarf|[from] move: Knock Off|[of] p1a: Arbok
|move|p2a: Ditto|Knock Off|p1a: Arbok
|-damage|p1a: Arbok|4/100
|
|upkeep
|turn|3
|c|☆MonsterZogg|thats arboks inherent strength
|c|☆MonsterZogg|which knows no bounds
|
|t:|1760798020
|switch|p1a: Salamence|Salamence, F|100/100
|cant|p2a: Ditto|par
|
|upkeep
|turn|4
|
|t:|1760798025
|move|p1a: Salamence|Dragon Dance|p1a: Salamence
|-boost|p1a: Salamence|atk|1
|-boost|p1a: Salamence|spe|1
|cant|p2a: Ditto|par
|
|upkeep
|turn|5
|
|t:|1760798040
|switch|p2a: Alomomola|Alomomola, M|100/100
|move|p1a: Salamence|Dragon Dance|p1a: Salamence
|-boost|p1a: Salamence|atk|1
|-boost|p1a: Salamence|spe|1
|
|upkeep
|turn|6
|
|t:|1760798049
|move|p1a: Salamence|Dragon Dance|p1a: Salamence
|-boost|p1a: Salamence|atk|1
|-boost|p1a: Salamence|spe|1
|move|p2a: Alomomola|Wish|p2a: Alomomola
|
|upkeep
|turn|7
|
|t:|1760798055
|move|p1a: Salamence|Dragon Dance|p1a: Salamence
|-boost|p1a: Salamence|atk|1
|-boost|p1a: Salamence|spe|1
|move|p2a: Alomomola|Flip Turn|p1a: Salamence
|-resisted|p1a: Salamence
|-damage|p1a: Salamence|92/100
|
|t:|1760798061
|switch|p2a: Ditto|Ditto|68/100 par|[from] Flip Turn
|-transform|p2a: Ditto|p1a: Salamence|[from] ability: Imposter
|
|-heal|p2a: Ditto|100/100 par|[from] move: Wish|[wisher] Alomomola
|upkeep
|turn|8
|
|t:|1760798069
|move|p1a: Salamence|Outrage|p2a: Ditto
|-supereffective|p2a: Ditto
|-damage|p2a: Ditto|0 fnt
|faint|p2a: Ditto
|-ability|p1a: Salamence|Moxie|boost
|-boost|p1a: Salamence|atk|1
|
|upkeep
|
|t:|1760798081
|switch|p2a: Kingambit|Kingambit, M|100/100
|-activate|p2a: Kingambit|ability: Supreme Overlord
|-start|p2a: Kingambit|fallen1|[silent]
|turn|9
|
|t:|1760798094
|-end|p2a: Kingambit|fallen1|[silent]
|switch|p2a: Alomomola|Alomomola, M|100/100
|move|p1a: Salamence|Outrage|p2a: Alomomola|[from] lockedmove
|-damage|p2a: Alomomola|0 fnt
|faint|p2a: Alomomola
|-ability|p1a: Salamence|Moxie|boost
|-boost|p1a: Salamence|atk|1
|
|upkeep
|
|t:|1760798104
|switch|p2a: Iron Moth|Iron Moth|100/100
|-enditem|p2a: Iron Moth|Booster Energy
|-activate|p2a: Iron Moth|ability: Quark Drive|[fromitem]
|-start|p2a: Iron Moth|quarkdrivespa
|turn|10
|
|t:|1760798110
|-terastallize|p2a: Iron Moth|Fairy
|move|p1a: Salamence|Outrage|p2a: Iron Moth|[from] lockedmove
|-immune|p2a: Iron Moth
|-start|p1a: Salamence|confusion|[fatigue]
|-enditem|p1a: Salamence|Lum Berry|[eat]
|-end|p1a: Salamence|confusion
|move|p2a: Iron Moth|Dazzling Gleam|p1a: Salamence
|-supereffective|p1a: Salamence
|-damage|p1a: Salamence|0 fnt
|faint|p1a: Salamence
|
|upkeep
|
|t:|1760798119
|switch|p1a: Goodra|Goodra, M|100/100
|turn|11
|c|☆KYKricketunes|that was a clean set
|
|t:|1760798125
|move|p2a: Iron Moth|Dazzling Gleam|p1a: Goodra
|-supereffective|p1a: Goodra
|-damage|p1a: Goodra|50/100
|move|p1a: Goodra|Sludge Bomb|p2a: Iron Moth
|-supereffective|p2a: Iron Moth
|-damage|p2a: Iron Moth|38/100
|-status|p2a: Iron Moth|psn
|
|-damage|p2a: Iron Moth|26/100 psn|[from] psn
|upkeep
|turn|12
|c|☆MonsterZogg|thank you
|
|t:|1760798135
|move|p2a: Iron Moth|Dazzling Gleam|p1a: Goodra
|-supereffective|p1a: Goodra
|-damage|p1a: Goodra|0 fnt
|faint|p1a: Goodra
|
|-damage|p2a: Iron Moth|13/100 psn|[from] psn
|upkeep
|
|t:|1760798145
|switch|p1a: Haxorus|Haxorus, F, shiny|100/100
|-ability|p1a: Haxorus|Mold Breaker
|turn|13
|
|t:|1760798150
|move|p1a: Haxorus|First Impression|p2a: Iron Moth
|-resisted|p2a: Iron Moth
|-damage|p2a: Iron Moth|0 fnt
|faint|p2a: Iron Moth
|-end|p2a: Iron Moth|Quark Drive|[silent]
|
|upkeep
|
|t:|1760798158
|switch|p2a: Gholdengo|Gholdengo|100/100
|turn|14
|c|☆MonsterZogg|lum berry salamence is a demon
|
|t:|1760798163
|move|p1a: Haxorus|Earthquake|p2a: Gholdengo
|-supereffective|p2a: Gholdengo
|-damage|p2a: Gholdengo|24/100
|move|p2a: Gholdengo|Make It Rain|p1a: Haxorus
|-enditem|p1a: Haxorus|Focus Sash
|-damage|p1a: Haxorus|1/100
|-unboost|p2a: Gholdengo|spa|1
|
|upkeep
|turn|15
|
|t:|1760798180
|switch|p2a: Great Tusk|Great Tusk|100/100
|move|p1a: Haxorus|Earthquake|p2a: Great Tusk
|-damage|p2a: Great Tusk|72/100
|
|upkeep
|turn|16
|
|t:|1760798190
|move|p2a: Great Tusk|Rapid Spin|p1a: Haxorus
|-damage|p1a: Haxorus|0 fnt
|-boost|p2a: Great Tusk|spe|1
|faint|p1a: Haxorus
|
|upkeep
|
|t:|1760798192
|switch|p1a: Dragonite|Dragonite, M|100/100
|turn|17
|
|t:|1760798200
|move|p2a: Great Tusk|Stone Edge|p1a: Dragonite
|-supereffective|p1a: Dragonite
|-damage|p1a: Dragonite|60/100
|move|p1a: Dragonite|Hurricane|p2a: Great Tusk
|-supereffective|p2a: Great Tusk
|-damage|p2a: Great Tusk|0 fnt
|faint|p2a: Great Tusk
|-end|p2a: Great Tusk|Protosynthesis|[silent]
|
|upkeep
|c|☆MonsterZogg|if mega dragonite gets no guard
|
|t:|1760798214
|switch|p2a: Kingambit|Kingambit, M|100/100
|-activate|p2a: Kingambit|ability: Supreme Overlord
|-start|p2a: Kingambit|fallen4|[silent]
|turn|18
|c|☆KYKricketunes|its so over
|
|t:|1760798226
|move|p1a: Dragonite|Hurricane|p2a: Kingambit|[miss]
|-miss|p1a: Dragonite|p2a: Kingambit
|move|p2a: Kingambit|Kowtow Cleave|p1a: Dragonite
|-damage|p1a: Dragonite|0 fnt
|faint|p1a: Dragonite
|
|upkeep
|
|t:|1760798229
|switch|p1a: Arbok|Arbok, F|4/100
|-ability|p1a: Arbok|Intimidate|boost
|-unboost|p2a: Kingambit|atk|1
|turn|19
|
|t:|1760798242
|-end|p2a: Kingambit|fallen4|[silent]
|switch|p2a: Gholdengo|Gholdengo|24/100
|move|p1a: Arbok|Glare|p2a: Gholdengo
|-immune|p2a: Gholdengo|[from] ability: Good as Gold
|
|upkeep
|turn|20
|
|t:|1760798249
|move|p2a: Gholdengo|Thunderbolt|p1a: Arbok
|-damage|p1a: Arbok|0 fnt
|faint|p1a: Arbok
|
|upkeep
|
|t:|1760798250
|switch|p1a: Garchomp|Garchomp, F|100/100
|turn|21
|
|t:|1760798256
|move|p1a: Garchomp|Earthquake|p2a: Gholdengo
|-supereffective|p2a: Gholdengo
|-damage|p2a: Gholdengo|0 fnt
|faint|p2a: Gholdengo
|
|upkeep
|
|t:|1760798260
|switch|p2a: Kingambit|Kingambit, M|100/100
|-activate|p2a: Kingambit|ability: Supreme Overlord
|-start|p2a: Kingambit|fallen5|[silent]
|turn|22
|
|t:|1760798271
|move|p1a: Garchomp|Earthquake|p2a: Kingambit
|-supereffective|p2a: Kingambit
|-damage|p2a: Kingambit|18/100
|move|p2a: Kingambit|Kowtow Cleave|p1a: Garchomp
|-damage|p1a: Garchomp|28/100
|-damage|p2a: Kingambit|6/100|[from] ability: Rough Skin|[of] p1a: Garchomp
|
|-heal|p2a: Kingambit|12/100|[from] item: Leftovers
|upkeep
|turn|23
|
|t:|1760798280
|-terastallize|p1a: Garchomp|Steel
|move|p2a: Kingambit|Sucker Punch|p1a: Garchomp
|-damage|p1a: Garchomp|0 fnt
|-damage|p2a: Kingambit|0 fnt|[from] ability: Rough Skin|[of] p1a: Garchomp
|faint|p1a: Garchomp
|faint|p2a: Kingambit
|-end|p2a: Kingambit|fallen5|[silent]
|
|win|KYKricketunes
|raw|MonsterZogg's rating: 1119 &rarr; <strong>1096</strong><br />(-23 for losing)
|raw|KYKricketunes's rating: 1153 &rarr; <strong>1176</strong><br />(+23 for winning)
|c|☆MonsterZogg|ggs lmao
|c|☆KYKricketunes|ggs
