|j|☆Final boss11
|j|☆xX_Gab_Xx
|t:|1760735788
|gametype|singles
|player|p1|Final boss11|cynthia-gen4|1394
|player|p2|xX_Gab_Xx|hilbert|1325
|gen|9
|tier|[Gen 9] OU
|rated|
|rule|HP Percentage Mod: HP is shown in percentages
|rule|Endless Battle Clause: Forcing endless battles is banned
|rule|Species Clause: Limit one of each Pokémon
|rule|OHKO Clause: OHKO moves are banned
|rule|Evasion Items Clause: Evasion items are banned
|rule|Evasion Moves Clause: Evasion moves are banned
|rule|Evasion Abilities Clause: Evasion abilities are banned
|rule|Sleep Moves Clause: Sleep-inducing moves are banned
|clearpoke
|poke|p1|Lokix, M|
|poke|p1|Pecharunt|
|poke|p1|Alomomola, F|
|poke|p1|Great Tusk|
|poke|p1|Kingambit, M|
|poke|p1|Latios, M|
|poke|p2|Clefable, M|
|poke|p2|Scrafty, F|
|poke|p2|Skeledirge, F|
|poke|p2|Iron Treads|
|poke|p2|Gholdengo|
|poke|p2|Skarmory, F|
|teampreview
|inactive|Battle timer is ON: inactive players will automatically lose when time's up. (requested by xX_Gab_Xx)
|
|t:|1760735811
|teamsize|p1|6
|teamsize|p2|6
|start
|switch|p1a: Great Tusk|Great Tusk|100/100
|switch|p2a: Scrafty|Scrafty, F|100/100
|turn|1
|
|t:|1760735830
|-terastallize|p2a: Scrafty|Bug
|move|p1a: Great Tusk|Stealth Rock|p2a: Scrafty
|-sidestart|p2: xX_Gab_Xx|move: Stealth Rock
|move|p2a: Scrafty|Bulk Up|p2a: Scrafty
|-boost|p2a: Scrafty|atk|1
|-boost|p2a: Scrafty|def|1
|
|upkeep
|turn|2
|
|t:|1760735856
|move|p1a: Great Tusk|Headlong Rush|p2a: Scrafty
|-resisted|p2a: Scrafty
|-damage|p2a: Scrafty|81/100
|-unboost|p1a: Great Tusk|def|1
|-unboost|p1a: Great Tusk|spd|1
|move|p2a: Scrafty|Amnesia|p2a: Scrafty
|-boost|p2a: Scrafty|spd|2
|
|-heal|p2a: Scrafty|87/100|[from] item: Leftovers
|upkeep
|turn|3
|
|t:|1760735866
|move|p1a: Great Tusk|Headlong Rush|p2a: Scrafty
|-resisted|p2a: Scrafty
|-damage|p2a: Scrafty|66/100
|-unboost|p1a: Great Tusk|def|1
|-unboost|p1a: Great Tusk|spd|1
|move|p2a: Scrafty|Bulk Up|p2a: Scrafty
|-boost|p2a: Scrafty|atk|1
|-boost|p2a: Scrafty|def|1
|
|-heal|p2a: Scrafty|72/100|[from] item: Leftovers
|upkeep
|turn|4
|
|t:|1760735877
|move|p1a: Great Tusk|Headlong Rush|p2a: Scrafty
|-resisted|p2a: Scrafty
|-damage|p2a: Scrafty|55/100
|-unboost|p1a: Great Tusk|def|1
|-unboost|p1a: Great Tusk|spd|1
|move|p2a: Scrafty|Amnesia|p2a: Scrafty
|-boost|p2a: Scrafty|spd|2
|
|-heal|p2a: Scrafty|61/100|[from] item: Leftovers
|upkeep
|turn|5
|
|t:|1760735887
|move|p1a: Great Tusk|Headlong Rush|p2a: Scrafty
|-resisted|p2a: Scrafty
|-damage|p2a: Scrafty|45/100
|-unboost|p1a: Great Tusk|def|1
|-unboost|p1a: Great Tusk|spd|1
|move|p2a: Scrafty|Bulk Up|p2a: Scrafty
|-boost|p2a: Scrafty|atk|1
|-boost|p2a: Scrafty|def|1
|
|-heal|p2a: Scrafty|51/100|[from] item: Leftovers
|upkeep
|turn|6
|
|t:|1760735899
|-end|p1a: Great Tusk|Protosynthesis|[silent]
|switch|p1a: Lokix|Lokix, M, shiny|100/100
|move|p2a: Scrafty|Drain Punch|p1a: Lokix
|-damage|p1a: Lokix|5/100
|-heal|p2a: Scrafty|92/100|[from] drain|[of] p1a: Lokix
|
|-heal|p2a: Scrafty|98/100|[from] item: Leftovers
|upkeep
|turn|7
|
|t:|1760735908
|-terastallize|p1a: Lokix|Bug
|move|p1a: Lokix|First Impression|p2a: Scrafty
|-damage|p2a: Scrafty|66/100
|move|p2a: Scrafty|Knock Off|p1a: Lokix
|-damage|p1a: Lokix|0 fnt
|-enditem|p1a: Lokix|Choice Band|[from] move: Knock Off|[of] p2a: Scrafty
|faint|p1a: Lokix
|
|-heal|p2a: Scrafty|72/100|[from] item: Leftovers
|upkeep
|
|t:|1760735929
|switch|p1a: Great Tusk|Great Tusk|100/100
|turn|8
|
|t:|1760735937
|move|p1a: Great Tusk|Headlong Rush|p2a: Scrafty
|-resisted|p2a: Scrafty
|-damage|p2a: Scrafty|59/100
|-unboost|p1a: Great Tusk|def|1
|-unboost|p1a: Great Tusk|spd|1
|move|p2a: Scrafty|Bulk Up|p2a: Scrafty
|-boost|p2a: Scrafty|atk|1
|-boost|p2a: Scrafty|def|1
|
|-heal|p2a: Scrafty|65/100|[from] item: Leftovers
|upkeep
|turn|9
|
|t:|1760735951
|-end|p1a: Great Tusk|Protosynthesis|[silent]
|switch|p1a: Pecharunt|Pecharunt|100/100
|-item|p1a: Pecharunt|Air Balloon
|move|p2a: Scrafty|Drain Punch|p1a: Pecharunt
|-immune|p1a: Pecharunt
|
|-heal|p2a: Scrafty|71/100|[from] item: Leftovers
|upkeep
|turn|10
|
|t:|1760735956
|move|p1a: Pecharunt|Malignant Chain|p2a: Scrafty
|-damage|p2a: Scrafty|61/100
|move|p2a: Scrafty|Knock Off|p1a: Pecharunt
|-supereffective|p1a: Pecharunt
|-damage|p1a: Pecharunt|0 fnt
|-enditem|p1a: Pecharunt|Air Balloon
|faint|p1a: Pecharunt
|
|-heal|p2a: Scrafty|67/100|[from] item: Leftovers
|upkeep
|
|t:|1760735970
|switch|p1a: Latios|Latios, M|100/100
|turn|11
|c|☆xX_Gab_Xx|GG
|
|t:|1760735984
|move|p1a: Latios|Draco Meteor|p2a: Scrafty
|-damage|p2a: Scrafty|33/100
|-unboost|p1a: Latios|spa|2
|move|p2a: Scrafty|Knock Off|p1a: Latios
|-supereffective|p1a: Latios
|-damage|p1a: Latios|0 fnt
|-enditem|p1a: Latios|Choice Specs|[from] move: Knock Off|[of] p2a: Scrafty
|faint|p1a: Latios
|
|-heal|p2a: Scrafty|39/100|[from] item: Leftovers
|upkeep
|
|t:|1760735995
|switch|p1a: Kingambit|Kingambit, M|100/100
|-activate|p1a: Kingambit|ability: Supreme Overlord
|-start|p1a: Kingambit|fallen3|[silent]
|turn|12
|
|t:|1760736000
|move|p2a: Scrafty|Drain Punch|p1a: Kingambit
|-supereffective|p1a: Kingambit
|-damage|p1a: Kingambit|0 fnt
|-heal|p2a: Scrafty|99/100|[from] drain|[of] p1a: Kingambit
|faint|p1a: Kingambit
|-end|p1a: Kingambit|fallen3|[silent]
|
|-heal|p2a: Scrafty|100/100|[from] item: Leftovers
|upkeep
|
|t:|1760736003
|switch|p1a: Great Tusk|Great Tusk|100/100
|turn|13
|-message|Final boss11 forfeited.
|
|win|xX_Gab_Xx
|raw|Final boss11's rating: 1394 &rarr; <strong>1370</strong><br />(-24 for losing)
|raw|xX_Gab_Xx's rating: 1325 &rarr; <strong>1349</strong><br />(+24 for winning)
|l|☆Final boss11
|player|p1|
|l|☆xX_Gab_Xx
|player|p2|
