|j|☆gang696969
|j|☆jigobo
|t:|1760763619
|gametype|singles
|player|p1|gang696969|102|1434
|player|p2|jigobo|parasollady-gen4|1409
|gen|9
|tier|[Gen 9] OU
|rated|
|rule|HP Percentage Mod: HP is shown in percentages
|rule|Endless Battle Clause: Forcing endless battles is banned
|rule|Species Clause: Limit one of each Pokémon
|rule|OHKO Clause: OHKO moves are banned
|rule|Evasion Items Clause: Evasion items are banned
|rule|Evasion Moves Clause: Evasion moves are banned
|rule|Evasion Abilities Clause: Evasion abilities are banned
|rule|Sleep Moves Clause: Sleep-inducing moves are banned
|clearpoke
|poke|p1|Zapdos|
|poke|p1|Pelipper, F|
|poke|p1|Moltres|
|poke|p1|Dondozo, F|
|poke|p1|Great Tusk|
|poke|p1|Araquanid, F|
|poke|p2|Raging Bolt|
|poke|p2|Gholdengo|
|poke|p2|Kingambit, F|
|poke|p2|Great Tusk|
|poke|p2|Meowscarada, F|
|poke|p2|Moltres|
|teampreview
|inactive|Battle timer is ON: inactive players will automatically lose when time's up. (requested by jigobo)
|j| toxiccroc12
|
|t:|1760763626
|teamsize|p1|6
|teamsize|p2|6
|start
|switch|p1a: Araquanid|Araquanid, F|100/100
|switch|p2a: Meowscarada|Meowscarada, F|100/100
|turn|1
|
|t:|1760763635
|move|p2a: Meowscarada|Flower Trick|p1a: Araquanid
|-start|p2a: Meowscarada|typechange|Grass|[from] ability: Protean
|-crit|p1a: Araquanid
|-damage|p1a: Araquanid|45/100
|move|p1a: Araquanid|Leech Life|p2a: Meowscarada
|-supereffective|p2a: Meowscarada
|-damage|p2a: Meowscarada|43/100
|-heal|p1a: Araquanid|69/100|[from] drain|[of] p2a: Meowscarada
|
|-heal|p1a: Araquanid|75/100|[from] item: Leftovers
|upkeep
|turn|2
|
|t:|1760763651
|move|p2a: Meowscarada|Flower Trick|p1a: Araquanid
|-crit|p1a: Araquanid
|-damage|p1a: Araquanid|20/100
|move|p1a: Araquanid|Leech Life|p2a: Meowscarada
|-supereffective|p2a: Meowscarada
|-damage|p2a: Meowscarada|0 fnt
|-heal|p1a: Araquanid|38/100|[from] drain|[of] p2a: Meowscarada
|faint|p2a: Meowscarada
|
|-heal|p1a: Araquanid|44/100|[from] item: Leftovers
|upkeep
|
|t:|1760763655
|switch|p2a: Raging Bolt|Raging Bolt|100/100
|turn|3
|
|t:|1760763669
|move|p2a: Raging Bolt|Volt Switch|p1a: Araquanid
|-supereffective|p1a: Araquanid
|-damage|p1a: Araquanid|0 fnt
|faint|p1a: Araquanid
|
|t:|1760763675
|-end|p2a: Raging Bolt|Protosynthesis|[silent]
|switch|p2a: Gholdengo|Gholdengo|100/100|[from] Volt Switch
|
|upkeep
|
|t:|1760763680
|switch|p1a: Moltres|Moltres|100/100
|turn|4
|
|t:|1760763685
|switch|p2a: Raging Bolt|Raging Bolt|100/100
|move|p1a: Moltres|Flamethrower|p2a: Raging Bolt
|-resisted|p2a: Raging Bolt
|-damage|p2a: Raging Bolt|83/100
|
|-heal|p2a: Raging Bolt|89/100|[from] item: Leftovers
|upkeep
|turn|5
|
|t:|1760763694
|switch|p1a: Great Tusk|Great Tusk|100/100
|-enditem|p1a: Great Tusk|Booster Energy
|-activate|p1a: Great Tusk|ability: Protosynthesis|[fromitem]
|-start|p1a: Great Tusk|protosynthesisspe
|move|p2a: Raging Bolt|Draco Meteor|p1a: Great Tusk
|-damage|p1a: Great Tusk|3/100
|-unboost|p2a: Raging Bolt|spa|2
|
|-heal|p2a: Raging Bolt|95/100|[from] item: Leftovers
|upkeep
|turn|6
|
|t:|1760763716
|-end|p1a: Great Tusk|Protosynthesis|[silent]
|switch|p1a: Pelipper|Pelipper, F|100/100
|-weather|RainDance|[from] ability: Drizzle|[of] p1a: Pelipper
|-end|p2a: Raging Bolt|Protosynthesis|[silent]
|switch|p2a: Moltres|Moltres|100/100
|
|-weather|RainDance|[upkeep]
|upkeep
|turn|7
|
|t:|1760763727
|switch|p2a: Raging Bolt|Raging Bolt|95/100
|move|p1a: Pelipper|Weather Ball|p2a: Raging Bolt
|-resisted|p2a: Raging Bolt
|-damage|p2a: Raging Bolt|71/100
|
|-weather|RainDance|[upkeep]
|-heal|p2a: Raging Bolt|77/100|[from] item: Leftovers
|upkeep
|turn|8
|inactive|gang696969 has 120 seconds left.
|
|t:|1760763748
|switch|p1a: Great Tusk|Great Tusk|3/100
|move|p2a: Raging Bolt|Dragon Tail|p1a: Great Tusk
|-damage|p1a: Great Tusk|0 fnt
|faint|p1a: Great Tusk
|-end|p1a: Great Tusk|Protosynthesis|[silent]
|
|-weather|RainDance|[upkeep]
|-heal|p2a: Raging Bolt|83/100|[from] item: Leftovers
|upkeep
|inactive|gang696969 has 120 seconds left.
|
|t:|1760763769
|switch|p1a: Dondozo|Dondozo, F|100/100
|turn|9
|
|t:|1760763773
|move|p2a: Raging Bolt|Volt Switch|p1a: Dondozo
|-supereffective|p1a: Dondozo
|-damage|p1a: Dondozo|24/100
|
|t:|1760763779
|-end|p2a: Raging Bolt|Protosynthesis|[silent]
|switch|p2a: Great Tusk|Great Tusk|100/100|[from] Volt Switch
|-enditem|p2a: Great Tusk|Booster Energy
|-activate|p2a: Great Tusk|ability: Protosynthesis|[fromitem]
|-start|p2a: Great Tusk|protosynthesisatk
|move|p1a: Dondozo|Ice Fang|p2a: Great Tusk
|-supereffective|p2a: Great Tusk
|-damage|p2a: Great Tusk|72/100
|
|-weather|RainDance|[upkeep]
|-heal|p1a: Dondozo|30/100|[from] item: Leftovers
|upkeep
|turn|10
|inactive|gang696969 has 120 seconds left.
|
|t:|1760763795
|move|p2a: Great Tusk|Headlong Rush|p1a: Dondozo
|-damage|p1a: Dondozo|0 fnt
|-unboost|p2a: Great Tusk|def|1
|-unboost|p2a: Great Tusk|spd|1
|faint|p1a: Dondozo
|
|-weather|none
|upkeep
|
|t:|1760763803
|switch|p1a: Pelipper|Pelipper, F|100/100
|-weather|RainDance|[from] ability: Drizzle|[of] p1a: Pelipper
|turn|11
|inactive|gang696969 has 120 seconds left.
|
|t:|1760763813
|move|p2a: Great Tusk|Rapid Spin|p1a: Pelipper
|-damage|p1a: Pelipper|78/100
|-boost|p2a: Great Tusk|spe|1
|move|p1a: Pelipper|U-turn|p2a: Great Tusk
|-resisted|p2a: Great Tusk
|-damage|p2a: Great Tusk|67/100
|inactive|gang696969 has 120 seconds left.
|
|t:|1760763823
|switch|p1a: Moltres|Moltres|100/100|[from] U-turn
|
|-weather|RainDance|[upkeep]
|upkeep
|turn|12
|inactive|gang696969 has 120 seconds left.
|
|t:|1760763834
|-end|p2a: Great Tusk|Protosynthesis|[silent]
|switch|p2a: Moltres|Moltres|100/100
|move|p1a: Moltres|Hurricane|p2a: Moltres
|-damage|p2a: Moltres|39/100
|-start|p2a: Moltres|confusion
|
|-weather|RainDance|[upkeep]
|upkeep
|turn|13
|
|t:|1760763842
|move|p1a: Moltres|Hurricane|p2a: Moltres
|-damage|p2a: Moltres|0 fnt
|faint|p2a: Moltres
|
|-weather|RainDance|[upkeep]
|upkeep
|
|t:|1760763847
|switch|p2a: Raging Bolt|Raging Bolt|83/100
|turn|14
|
|t:|1760763851
|move|p1a: Moltres|Hurricane|p2a: Raging Bolt
|-resisted|p2a: Raging Bolt
|-damage|p2a: Raging Bolt|62/100
|move|p2a: Raging Bolt|Volt Switch|p1a: Moltres
|-supereffective|p1a: Moltres
|-damage|p1a: Moltres|0 fnt
|faint|p1a: Moltres
|
|t:|1760763860
|-end|p2a: Raging Bolt|Protosynthesis|[silent]
|switch|p2a: Kingambit|Kingambit, F|100/100|[from] Volt Switch
|-activate|p2a: Kingambit|ability: Supreme Overlord
|-start|p2a: Kingambit|fallen2|[silent]
|
|-weather|RainDance|[upkeep]
|upkeep
|
|t:|1760763870
|switch|p1a: Zapdos|Zapdos|100/100
|turn|15
|
|t:|1760763874
|-end|p2a: Kingambit|fallen2|[silent]
|switch|p2a: Great Tusk|Great Tusk|67/100
|move|p1a: Zapdos|Thunder|p2a: Great Tusk
|-immune|p2a: Great Tusk
|
|-weather|none
|upkeep
|turn|16
|
|t:|1760763881
|switch|p1a: Pelipper|Pelipper, F|78/100
|-weather|RainDance|[from] ability: Drizzle|[of] p1a: Pelipper
|move|p2a: Great Tusk|Rapid Spin|p1a: Pelipper
|-damage|p1a: Pelipper|59/100
|-boost|p2a: Great Tusk|spe|1
|
|-weather|RainDance|[upkeep]
|upkeep
|turn|17
|
|t:|1760763892
|move|p2a: Great Tusk|Ice Spinner|p1a: Pelipper
|-damage|p1a: Pelipper|27/100
|move|p1a: Pelipper|Weather Ball|p2a: Great Tusk
|-supereffective|p2a: Great Tusk
|-damage|p2a: Great Tusk|0 fnt
|faint|p2a: Great Tusk
|-end|p2a: Great Tusk|Protosynthesis|[silent]
|
|-weather|RainDance|[upkeep]
|upkeep
|
|t:|1760763898
|switch|p2a: Raging Bolt|Raging Bolt|62/100
|turn|18
|
|t:|1760763905
|move|p2a: Raging Bolt|Volt Switch|p1a: Pelipper
|-supereffective|p1a: Pelipper
|-crit|p1a: Pelipper
|-damage|p1a: Pelipper|0 fnt
|faint|p1a: Pelipper
|
|t:|1760763909
|-end|p2a: Raging Bolt|Protosynthesis|[silent]
|switch|p2a: Kingambit|Kingambit, F|100/100|[from] Volt Switch
|-activate|p2a: Kingambit|ability: Supreme Overlord
|-start|p2a: Kingambit|fallen3|[silent]
|
|-weather|RainDance|[upkeep]
|upkeep
|
|t:|1760763915
|switch|p1a: Zapdos|Zapdos|100/100
|turn|19
|
|t:|1760763920
|-terastallize|p1a: Zapdos|Electric
|move|p1a: Zapdos|Thunder|p2a: Kingambit
|-damage|p2a: Kingambit|20/100
|-status|p2a: Kingambit|par
|move|p2a: Kingambit|Kowtow Cleave|p1a: Zapdos
|-damage|p1a: Zapdos|0 fnt
|faint|p1a: Zapdos
|-damage|p2a: Kingambit|10/100 par|[from] item: Life Orb
|
|win|jigobo
|raw|gang696969's rating: 1434 &rarr; <strong>1413</strong><br />(-21 for losing)
|raw|jigobo's rating: 1409 &rarr; <strong>1430</strong><br />(+21 for winning)
|l| toxiccroc12
|l|☆jigobo
|player|p2|
