|j|☆Kazuelasnt
|j|☆NebulaTrainer
|t:|1760833864
|gametype|singles
|player|p1|Kazuelasnt|cress|1529
|player|p2|NebulaTrainer|cynthia-gen4|1605
|gen|9
|tier|[Gen 9] OU
|rated|
|rule|HP Percentage Mod: HP is shown in percentages
|rule|Endless Battle Clause: Forcing endless battles is banned
|rule|Species Clause: Limit one of each Pokémon
|rule|OHKO Clause: OHKO moves are banned
|rule|Evasion Items Clause: Evasion items are banned
|rule|Evasion Moves Clause: Evasion moves are banned
|rule|Evasion Abilities Clause: Evasion abilities are banned
|rule|Sleep Moves Clause: Sleep-inducing moves are banned
|clearpoke
|poke|p1|Kleavor, M|
|poke|p1|Ogerpon-Wellspring, F|
|poke|p1|Gholdengo|
|poke|p1|Dragonite, F|
|poke|p1|Darkrai|
|poke|p1|Hatterene, F|
|poke|p2|Hippowdon, M|
|poke|p2|Excadrill, M|
|poke|p2|Hydrapple, F|
|poke|p2|Tornadus-Therian, M|
|poke|p2|Heatran, M|
|poke|p2|Keldeo-Resolute|
|teampreview
|l|☆NebulaTrainer
|player|p2|
|j|☆NebulaTrainer
|player|p2|NebulaTrainer|cynthia-gen4|
|l|☆Kazuelasnt
|player|p1|
|
|t:|1760833926
|teamsize|p1|6
|teamsize|p2|6
|start
|switch|p1a: Mr JOEgerpon|Ogerpon-Wellspring, F|100/100
|switch|p2a: Hydrapple|Hydrapple, F|100/100
|turn|1
|j|☆Kazuelasnt
|player|p1|Kazuelasnt|cress|
|inactive|Battle timer is ON: inactive players will automatically lose when time's up. (requested by NebulaTrainer)
|
|t:|1760833977
|move|p1a: Mr JOEgerpon|U-turn|p2a: Hydrapple
|-supereffective|p2a: Hydrapple
|-damage|p2a: Hydrapple|59/100
|
|t:|1760833978
|switch|p1a: Hattie|Hatterene, F|100/100|[from] U-turn
|move|p2a: Hydrapple|Giga Drain|p1a: Hattie
|-damage|p1a: Hattie|73/100
|-heal|p2a: Hydrapple|69/100|[from] drain|[of] p1a: Hattie
|
|upkeep
|turn|2
|
|t:|1760833988
|switch|p2a: Hippowdon|Hippowdon, M, shiny|100/100
|-weather|Sandstorm|[from] ability: Sand Stream|[of] p2a: Hippowdon
|move|p1a: Hattie|Nuzzle|p2a: Hippowdon
|-immune|p2a: Hippowdon
|
|-weather|Sandstorm|[upkeep]
|-damage|p1a: Hattie|67/100|[from] Sandstorm
|upkeep
|turn|3
|
|t:|1760834001
|switch|p2a: Heatran|Heatran, M, shiny|100/100
|move|p1a: Hattie|Draining Kiss|p2a: Heatran
|-resisted|p2a: Heatran
|-damage|p2a: Heatran|97/100
|-heal|p1a: Hattie|70/100|[from] drain|[of] p2a: Heatran
|
|-weather|Sandstorm|[upkeep]
|-damage|p1a: Hattie|64/100|[from] Sandstorm
|-heal|p2a: Heatran|100/100|[from] item: Leftovers
|upkeep
|turn|4
|
|t:|1760834014
|switch|p2a: Excadrill|Excadrill, M, shiny|100/100
|move|p1a: Hattie|Nuzzle|p2a: Excadrill
|-immune|p2a: Excadrill
|
|-weather|Sandstorm|[upkeep]
|-damage|p1a: Hattie|58/100|[from] Sandstorm
|upkeep
|turn|5
|
|t:|1760834022
|switch|p1a: Mr JOEgerpon|Ogerpon-Wellspring, F|100/100
|move|p2a: Excadrill|Iron Head|p1a: Mr JOEgerpon
|-resisted|p1a: Mr JOEgerpon
|-damage|p1a: Mr JOEgerpon|74/100
|
|-weather|Sandstorm|[upkeep]
|-damage|p1a: Mr JOEgerpon|68/100|[from] Sandstorm
|upkeep
|turn|6
|
|t:|1760834031
|switch|p2a: Hydrapple|Hydrapple, F|100/100
|move|p1a: Mr JOEgerpon|Knock Off|p2a: Hydrapple
|-damage|p2a: Hydrapple|71/100
|-enditem|p2a: Hydrapple|Heavy-Duty Boots|[from] move: Knock Off|[of] p1a: Mr JOEgerpon
|
|-weather|Sandstorm|[upkeep]
|-damage|p1a: Mr JOEgerpon|62/100|[from] Sandstorm
|-damage|p2a: Hydrapple|64/100|[from] Sandstorm
|upkeep
|turn|7
|
|t:|1760834046
|switch|p2a: Excadrill|Excadrill, M, shiny|100/100
|move|p1a: Mr JOEgerpon|U-turn|p2a: Excadrill
|-resisted|p2a: Excadrill
|-damage|p2a: Excadrill|82/100
|
|t:|1760834059
|switch|p1a: A Penny|Gholdengo|100/100|[from] U-turn
|-item|p1a: A Penny|Air Balloon
|
|-weather|Sandstorm|[upkeep]
|-heal|p2a: Excadrill|88/100|[from] item: Leftovers
|upkeep
|turn|8
|
|t:|1760834067
|switch|p2a: Heatran|Heatran, M, shiny|100/100
|move|p1a: A Penny|Shadow Ball|p2a: Heatran
|-damage|p2a: Heatran|75/100
|
|-weather|Sandstorm|[upkeep]
|-heal|p2a: Heatran|82/100|[from] item: Leftovers
|upkeep
|turn|9
|
|t:|1760834077
|switch|p1a: Filo Señorial|Kleavor, M|100/100
|move|p2a: Heatran|Magma Storm|p1a: Filo Señorial
|-damage|p1a: Filo Señorial|52/100
|-activate|p1a: Filo Señorial|move: Magma Storm|[of] p2a: Heatran
|
|-weather|none
|-heal|p2a: Heatran|88/100|[from] item: Leftovers
|-damage|p1a: Filo Señorial|40/100|[from] move: Magma Storm|[partiallytrapped]
|upkeep
|turn|10
|
|t:|1760834087
|move|p2a: Heatran|Protect|p2a: Heatran
|-singleturn|p2a: Heatran|Protect
|move|p1a: Filo Señorial|U-turn|p2a: Heatran
|-activate|p2a: Heatran|move: Protect
|
|-heal|p2a: Heatran|94/100|[from] item: Leftovers
|-damage|p1a: Filo Señorial|28/100|[from] move: Magma Storm|[partiallytrapped]
|upkeep
|turn|11
|
|t:|1760834096
|switch|p2a: Hippowdon|Hippowdon, M, shiny|100/100
|-weather|Sandstorm|[from] ability: Sand Stream|[of] p2a: Hippowdon
|move|p1a: Filo Señorial|U-turn|p2a: Hippowdon
|-damage|p2a: Hippowdon|80/100
|
|t:|1760834106
|switch|p1a: Mr JOEgerpon|Ogerpon-Wellspring, F|62/100|[from] U-turn
|
|-weather|Sandstorm|[upkeep]
|-damage|p1a: Mr JOEgerpon|56/100|[from] Sandstorm
|upkeep
|turn|12
|
|t:|1760834113
|switch|p2a: Hydrapple|Hydrapple, F|98/100
|move|p1a: Mr JOEgerpon|Ivy Cudgel|p2a: Hydrapple|[anim] Ivy Cudgel Water
|-resisted|p2a: Hydrapple
|-crit|p2a: Hydrapple
|-damage|p2a: Hydrapple|80/100
|
|-weather|Sandstorm|[upkeep]
|-damage|p1a: Mr JOEgerpon|50/100|[from] Sandstorm
|-damage|p2a: Hydrapple|73/100|[from] Sandstorm
|upkeep
|turn|13
|
|t:|1760834123
|move|p1a: Mr JOEgerpon|U-turn|p2a: Hydrapple
|-supereffective|p2a: Hydrapple
|-crit|p2a: Hydrapple
|-damage|p2a: Hydrapple|6/100
|
|t:|1760834126
|switch|p1a: Filo Señorial|Kleavor, M|28/100|[from] U-turn
|move|p2a: Hydrapple|Giga Drain|p1a: Filo Señorial
|-damage|p1a: Filo Señorial|0 fnt
|-heal|p2a: Hydrapple|15/100|[from] drain|[of] p1a: Filo Señorial
|faint|p1a: Filo Señorial
|
|-weather|Sandstorm|[upkeep]
|-damage|p2a: Hydrapple|9/100|[from] Sandstorm
|upkeep
|
|t:|1760834135
|switch|p1a: Mr JOEgerpon|Ogerpon-Wellspring, F|50/100
|turn|14
|
|t:|1760834141
|switch|p2a: Tornadus|Tornadus-Therian, M, shiny|100/100
|move|p1a: Mr JOEgerpon|Ivy Cudgel|p2a: Tornadus|[anim] Ivy Cudgel Water
|-crit|p2a: Tornadus
|-damage|p2a: Tornadus|0 fnt
|faint|p2a: Tornadus
|
|-weather|Sandstorm|[upkeep]
|-damage|p1a: Mr JOEgerpon|44/100|[from] Sandstorm
|upkeep
|
|t:|1760834157
|switch|p2a: Hydrapple|Hydrapple, F|42/100
|turn|15
|
|t:|1760834161
|switch|p2a: Heatran|Heatran, M, shiny|94/100
|move|p1a: Mr JOEgerpon|U-turn|p2a: Heatran
|-resisted|p2a: Heatran
|-damage|p2a: Heatran|89/100
|
|t:|1760834170
|switch|p1a: Alba|Dragonite, F, shiny|100/100|[from] U-turn
|
|-weather|Sandstorm|[upkeep]
|-damage|p1a: Alba|94/100|[from] Sandstorm
|-heal|p2a: Heatran|95/100|[from] item: Leftovers
|upkeep
|turn|16
|
|t:|1760834183
|switch|p2a: Hippowdon|Hippowdon, M, shiny|80/100
|move|p1a: Alba|Earthquake|p2a: Hippowdon
|-damage|p2a: Hippowdon|66/100
|
|-weather|Sandstorm|[upkeep]
|-damage|p1a: Alba|88/100|[from] Sandstorm
|upkeep
|turn|17
|
|t:|1760834193
|switch|p1a: Hattie|Hatterene, F|58/100
|move|p2a: Hippowdon|Slack Off|p2a: Hippowdon
|-heal|p2a: Hippowdon|100/100
|
|-weather|Sandstorm|[upkeep]
|-damage|p1a: Hattie|52/100|[from] Sandstorm
|upkeep
|turn|18
|
|t:|1760834203
|move|p2a: Hippowdon|Earthquake|p1a: Hattie
|-damage|p1a: Hattie|10/100
|move|p1a: Hattie|Draining Kiss|p2a: Hippowdon
|-crit|p2a: Hippowdon
|-damage|p2a: Hippowdon|59/100
|-heal|p1a: Hattie|51/100|[from] drain|[of] p2a: Hippowdon
|
|-weather|none
|upkeep
|turn|19
|
|t:|1760834218
|switch|p2a: Excadrill|Excadrill, M, shiny|88/100
|switch|p1a: Alba|Dragonite, F, shiny|88/100
|
|-heal|p2a: Excadrill|94/100|[from] item: Leftovers
|upkeep
|turn|20
|
|t:|1760834227
|switch|p2a: Hippowdon|Hippowdon, M, shiny|59/100
|-weather|Sandstorm|[from] ability: Sand Stream|[of] p2a: Hippowdon
|move|p1a: Alba|Dragon Dance|p1a: Alba
|-boost|p1a: Alba|atk|1
|-boost|p1a: Alba|spe|1
|
|-weather|Sandstorm|[upkeep]
|-damage|p1a: Alba|82/100|[from] Sandstorm
|upkeep
|turn|21
|
|t:|1760834237
|move|p1a: Alba|Earthquake|p2a: Hippowdon
|-damage|p2a: Hippowdon|37/100
|move|p2a: Hippowdon|Whirlwind|p1a: Alba
|drag|p1a: Hattie|Hatterene, F|51/100
|
|-weather|Sandstorm|[upkeep]
|-damage|p1a: Hattie|45/100|[from] Sandstorm
|upkeep
|turn|22
|
|t:|1760834248
|switch|p2a: Excadrill|Excadrill, M, shiny|94/100
|switch|p1a: A Penny|Gholdengo|100/100
|-item|p1a: A Penny|Air Balloon
|
|-weather|Sandstorm|[upkeep]
|-heal|p2a: Excadrill|99/100|[from] item: Leftovers
|upkeep
|turn|23
|
|t:|1760834258
|move|p2a: Excadrill|Iron Head|p1a: A Penny
|-resisted|p1a: A Penny
|-damage|p1a: A Penny|78/100
|-enditem|p1a: A Penny|Air Balloon
|move|p1a: A Penny|Shadow Ball|p2a: Excadrill
|-damage|p2a: Excadrill|46/100
|
|-weather|Sandstorm|[upkeep]
|-heal|p2a: Excadrill|52/100|[from] item: Leftovers
|upkeep
|turn|24
|
|t:|1760834277
|switch|p1a: Alba|Dragonite, F, shiny|82/100
|move|p2a: Excadrill|Swords Dance|p2a: Excadrill
|-boost|p2a: Excadrill|atk|2
|
|-weather|Sandstorm|[upkeep]
|-damage|p1a: Alba|76/100|[from] Sandstorm
|-heal|p2a: Excadrill|58/100|[from] item: Leftovers
|upkeep
|turn|25
|
|t:|1760834287
|-terastallize|p2a: Excadrill|Steel
|move|p2a: Excadrill|Iron Head|p1a: Alba
|-damage|p1a: Alba|0 fnt
|faint|p1a: Alba
|
|-weather|Sandstorm|[upkeep]
|-heal|p2a: Excadrill|64/100|[from] item: Leftovers
|upkeep
|
|t:|1760834296
|switch|p1a: Duke|Darkrai, shiny|100/100
|turn|26
|
|t:|1760834299
|-terastallize|p1a: Duke|Dark
|move|p1a: Duke|Sucker Punch|p2a: Excadrill
|-damage|p2a: Excadrill|8/100
|move|p2a: Excadrill|Earthquake|p1a: Duke
|-damage|p1a: Duke|0 fnt
|faint|p1a: Duke
|
|-weather|Sandstorm|[upkeep]
|-heal|p2a: Excadrill|14/100|[from] item: Leftovers
|upkeep
|
|t:|1760834306
|switch|p1a: A Penny|Gholdengo|78/100
|turn|27
|
|t:|1760834313
|move|p2a: Excadrill|Earthquake|p1a: A Penny
|-supereffective|p1a: A Penny
|-damage|p1a: A Penny|0 fnt
|faint|p1a: A Penny
|
|-weather|none
|-heal|p2a: Excadrill|20/100|[from] item: Leftovers
|upkeep
|
|t:|1760834315
|switch|p1a: Mr JOEgerpon|Ogerpon-Wellspring, F|44/100
|turn|28
|
|t:|1760834324
|switch|p2a: Heatran|Heatran, M, shiny|95/100
|move|p1a: Mr JOEgerpon|Knock Off|p2a: Heatran
|-damage|p2a: Heatran|60/100
|-enditem|p2a: Heatran|Leftovers|[from] move: Knock Off|[of] p1a: Mr JOEgerpon
|
|upkeep
|turn|29
|
|t:|1760834332
|switch|p2a: Hippowdon|Hippowdon, M, shiny|37/100
|-weather|Sandstorm|[from] ability: Sand Stream|[of] p2a: Hippowdon
|move|p1a: Mr JOEgerpon|Knock Off|p2a: Hippowdon
|-damage|p2a: Hippowdon|15/100
|-enditem|p2a: Hippowdon|Smooth Rock|[from] move: Knock Off|[of] p1a: Mr JOEgerpon
|
|-weather|Sandstorm|[upkeep]
|-damage|p1a: Mr JOEgerpon|38/100|[from] Sandstorm
|upkeep
|turn|30
|
|t:|1760834342
|move|p1a: Mr JOEgerpon|U-turn|p2a: Hippowdon
|-damage|p2a: Hippowdon|1/100
|
|t:|1760834344
|switch|p1a: Hattie|Hatterene, F|45/100|[from] U-turn
|move|p2a: Hippowdon|Earthquake|p1a: Hattie
|-crit|p1a: Hattie
|-damage|p1a: Hattie|0 fnt
|faint|p1a: Hattie
|
|-weather|Sandstorm|[upkeep]
|upkeep
|
|t:|1760834346
|switch|p1a: Mr JOEgerpon|Ogerpon-Wellspring, F|38/100
|turn|31
|-message|Kazuelasnt forfeited.
|
|win|NebulaTrainer
|raw|Kazuelasnt's rating: 1529 &rarr; <strong>1513</strong><br />(-16 for losing)
|raw|NebulaTrainer's rating: 1605 &rarr; <strong>1621</strong><br />(+16 for winning)
|l|☆Kazuelasnt
|player|p1|
|l|☆NebulaTrainer
|player|p2|
