|j|☆meatrub
|j|☆one_angry_jew
|t:|1760861107
|gametype|singles
|player|p1|meatrub|swimmer-gen4dp|1356
|player|p2|one_angry_jew|169|1415
|gen|9
|tier|[Gen 9] OU
|rated|
|rule|HP Percentage Mod: HP is shown in percentages
|rule|Endless Battle Clause: Forcing endless battles is banned
|rule|Species Clause: Limit one of each Pokémon
|rule|OHKO Clause: OHKO moves are banned
|rule|Evasion Items Clause: Evasion items are banned
|rule|Evasion Moves Clause: Evasion moves are banned
|rule|Evasion Abilities Clause: Evasion abilities are banned
|rule|Sleep Moves Clause: Sleep-inducing moves are banned
|clearpoke
|poke|p1|Kommo-o, M|
|poke|p1|Iron Moth|
|poke|p1|Ninetales-Alola, M|
|poke|p1|Great Tusk|
|poke|p1|Ogerpon-Wellspring, F|
|poke|p1|Kingambit, M|
|poke|p2|Vaporeon, F|
|poke|p2|Sylveon, M|
|poke|p2|Espeon, M|
|poke|p2|Jolteon, M|
|poke|p2|Glaceon, M|
|poke|p2|Umbreon, M|
|teampreview
|inactive|Battle timer is ON: inactive players will automatically lose when time's up. (requested by meatrub)
|
|t:|1760861115
|teamsize|p1|6
|teamsize|p2|6
|start
|switch|p1a: Ninetales|Ninetales-Alola, M|100/100
|switch|p2a: Jolteon|Jolteon, M|100/100
|-weather|Snowscape|[from] ability: Snow Warning|[of] p1a: Ninetales
|turn|1
|
|t:|1760861124
|move|p2a: Jolteon|Volt Switch|p1a: Ninetales
|-damage|p1a: Ninetales|52/100
|
|t:|1760861129
|switch|p2a: Glaceon|Glaceon, M|100/100|[from] Volt Switch
|move|p1a: Ninetales|Aurora Veil|p1a: Ninetales
|-sidestart|p1: meatrub|move: Aurora Veil
|
|-weather|Snowscape|[upkeep]
|upkeep
|turn|2
|
|t:|1760861145
|switch|p1a: Iron Moth|Iron Moth|100/100
|-enditem|p1a: Iron Moth|Booster Energy
|-activate|p1a: Iron Moth|ability: Quark Drive|[fromitem]
|-start|p1a: Iron Moth|quarkdrivespe
|move|p2a: Glaceon|Chilling Water|p1a: Iron Moth
|-supereffective|p1a: Iron Moth
|-damage|p1a: Iron Moth|82/100
|-unboost|p1a: Iron Moth|atk|1
|
|-weather|Snowscape|[upkeep]
|upkeep
|turn|3
|
|t:|1760861157
|switch|p2a: Sylveon|Sylveon, M|100/100
|move|p1a: Iron Moth|Fiery Dance|p2a: Sylveon
|-damage|p2a: Sylveon|83/100
|
|-weather|Snowscape|[upkeep]
|upkeep
|turn|4
|
|t:|1760861166
|move|p1a: Iron Moth|Sludge Wave|p2a: Sylveon
|-supereffective|p2a: Sylveon
|-damage|p2a: Sylveon|42/100
|move|p2a: Sylveon|Psyshock|p1a: Iron Moth
|-supereffective|p1a: Iron Moth
|-crit|p1a: Iron Moth
|-damage|p1a: Iron Moth|0 fnt
|faint|p1a: Iron Moth
|-end|p1a: Iron Moth|Quark Drive|[silent]
|
|-weather|Snowscape|[upkeep]
|upkeep
|
|t:|1760861176
|switch|p1a: Kommo-o|Kommo-o, M|100/100
|turn|5
|
|t:|1760861194
|switch|p2a: Espeon|Espeon, M|100/100
|-terastallize|p1a: Kommo-o|Normal
|move|p1a: Kommo-o|Clangorous Soul|p1a: Kommo-o
|-boost|p1a: Kommo-o|atk|1
|-boost|p1a: Kommo-o|def|1
|-boost|p1a: Kommo-o|spa|1
|-boost|p1a: Kommo-o|spd|1
|-boost|p1a: Kommo-o|spe|1
|-damage|p1a: Kommo-o|68/100
|-enditem|p1a: Kommo-o|Throat Spray
|-boost|p1a: Kommo-o|spa|1|[from] item: Throat Spray
|
|-weather|none
|upkeep
|turn|6
|
|t:|1760861208
|move|p2a: Espeon|Trick|p1a: Kommo-o
|-activate|p2a: Espeon|move: Trick|[of] p1a: Kommo-o
|-item|p1a: Kommo-o|Choice Scarf|[from] move: Trick
|-enditem|p2a: Espeon|Choice Scarf|[silent]|[from] move: Trick
|move|p1a: Kommo-o|Boomburst|p2a: Espeon
|-damage|p2a: Espeon|0 fnt
|faint|p2a: Espeon
|
|upkeep
|c|☆one_angry_jew|FUCKKKKKKKKKKK
|c|☆one_angry_jew|he was my only terra normal
|
|t:|1760861227
|switch|p2a: Umbreon|Umbreon, M|100/100
|turn|7
|
|t:|1760861231
|move|p2a: Umbreon|Protect|p2a: Umbreon
|-singleturn|p2a: Umbreon|Protect
|move|p1a: Kommo-o|Boomburst|p2a: Umbreon
|-activate|p2a: Umbreon|move: Protect
|
|upkeep
|turn|8
|
|t:|1760861238
|move|p1a: Kommo-o|Boomburst|p2a: Umbreon
|-damage|p2a: Umbreon|22/100
|move|p2a: Umbreon|Wish|p2a: Umbreon
|
|-heal|p2a: Umbreon|28/100|[from] item: Leftovers
|-sideend|p1: meatrub|move: Aurora Veil
|upkeep
|turn|9
|
|t:|1760861246
|move|p2a: Umbreon|Protect|p2a: Umbreon
|-singleturn|p2a: Umbreon|Protect
|move|p1a: Kommo-o|Boomburst|p2a: Umbreon
|-activate|p2a: Umbreon|move: Protect
|
|-heal|p2a: Umbreon|78/100|[from] move: Wish|[wisher] Umbreon
|-heal|p2a: Umbreon|84/100|[from] item: Leftovers
|upkeep
|turn|10
|
|t:|1760861257
|move|p1a: Kommo-o|Boomburst|p2a: Umbreon
|-damage|p2a: Umbreon|1/100
|move|p2a: Umbreon|Toxic|p1a: Kommo-o
|-status|p1a: Kommo-o|tox
|
|-heal|p2a: Umbreon|7/100|[from] item: Leftovers
|-damage|p1a: Kommo-o|61/100 tox|[from] psn
|upkeep
|turn|11
|
|t:|1760861266
|move|p2a: Umbreon|Protect|p2a: Umbreon
|-singleturn|p2a: Umbreon|Protect
|move|p1a: Kommo-o|Boomburst|p2a: Umbreon
|-activate|p2a: Umbreon|move: Protect
|
|-heal|p2a: Umbreon|13/100|[from] item: Leftovers
|-damage|p1a: Kommo-o|49/100 tox|[from] psn
|upkeep
|turn|12
|
|t:|1760861276
|switch|p2a: Sylveon|Sylveon, M|42/100
|move|p1a: Kommo-o|Boomburst|p2a: Sylveon
|-damage|p2a: Sylveon|0 fnt
|faint|p2a: Sylveon
|
|-damage|p1a: Kommo-o|30/100 tox|[from] psn
|upkeep
|
|t:|1760861279
|switch|p2a: Umbreon|Umbreon, M|13/100
|turn|13
|
|t:|1760861287
|move|p2a: Umbreon|Protect|p2a: Umbreon
|-singleturn|p2a: Umbreon|Protect
|move|p1a: Kommo-o|Boomburst|p2a: Umbreon
|-activate|p2a: Umbreon|move: Protect
|
|-heal|p2a: Umbreon|19/100|[from] item: Leftovers
|-damage|p1a: Kommo-o|6/100 tox|[from] psn
|upkeep
|turn|14
|
|t:|1760861296
|move|p2a: Umbreon|Protect||[still]
|-fail|p2a: Umbreon
|move|p1a: Kommo-o|Boomburst|p2a: Umbreon
|-damage|p2a: Umbreon|0 fnt
|faint|p2a: Umbreon
|
|-damage|p1a: Kommo-o|0 fnt|[from] psn
|faint|p1a: Kommo-o
|upkeep
|
|t:|1760861307
|switch|p1a: Ninetales|Ninetales-Alola, M|52/100
|switch|p2a: Jolteon|Jolteon, M|100/100
|-weather|Snowscape|[from] ability: Snow Warning|[of] p1a: Ninetales
|turn|15
|
|t:|1760861319
|move|p2a: Jolteon|Alluring Voice|p1a: Ninetales
|-damage|p1a: Ninetales|14/100
|move|p1a: Ninetales|Aurora Veil|p1a: Ninetales
|-sidestart|p1: meatrub|move: Aurora Veil
|
|-weather|Snowscape|[upkeep]
|upkeep
|turn|16
|
|t:|1760861332
|switch|p1a: Great Tusk|Great Tusk|100/100
|-enditem|p1a: Great Tusk|Booster Energy
|-activate|p1a: Great Tusk|ability: Protosynthesis|[fromitem]
|-start|p1a: Great Tusk|protosynthesisspe
|move|p2a: Jolteon|Alluring Voice|p1a: Great Tusk
|-supereffective|p1a: Great Tusk
|-damage|p1a: Great Tusk|50/100
|
|-weather|Snowscape|[upkeep]
|upkeep
|turn|17
|
|t:|1760861344
|switch|p2a: Glaceon|Glaceon, M|100/100
|move|p1a: Great Tusk|Headlong Rush|p2a: Glaceon
|-damage|p2a: Glaceon|70/100
|-unboost|p1a: Great Tusk|def|1
|-unboost|p1a: Great Tusk|spd|1
|
|-weather|Snowscape|[upkeep]
|-heal|p2a: Glaceon|76/100|[from] ability: Ice Body
|upkeep
|turn|18
|
|t:|1760861354
|move|p1a: Great Tusk|Headlong Rush|p2a: Glaceon
|-damage|p2a: Glaceon|44/100
|-unboost|p1a: Great Tusk|def|1
|-unboost|p1a: Great Tusk|spd|1
|move|p2a: Glaceon|Freeze-Dry|p1a: Great Tusk
|-supereffective|p1a: Great Tusk
|-damage|p1a: Great Tusk|0 fnt
|faint|p1a: Great Tusk
|-end|p1a: Great Tusk|Protosynthesis|[silent]
|
|-weather|Snowscape|[upkeep]
|-heal|p2a: Glaceon|50/100|[from] ability: Ice Body
|upkeep
|
|t:|1760861367
|switch|p1a: Kingambit|Kingambit, M|100/100
|-activate|p1a: Kingambit|ability: Supreme Overlord
|-start|p1a: Kingambit|fallen3|[silent]
|turn|19
|
|t:|1760861375
|-terastallize|p2a: Glaceon|Water
|move|p1a: Kingambit|Swords Dance|p1a: Kingambit
|-boost|p1a: Kingambit|atk|2
|move|p2a: Glaceon|Chilling Water|p1a: Kingambit
|-damage|p1a: Kingambit|81/100
|-unboost|p1a: Kingambit|atk|1
|
|-weather|none
|-heal|p1a: Kingambit|88/100|[from] item: Leftovers
|upkeep
|turn|20
|
|t:|1760861388
|move|p1a: Kingambit|Swords Dance|p1a: Kingambit
|-boost|p1a: Kingambit|atk|2
|move|p2a: Glaceon|Chilling Water|p1a: Kingambit
|-damage|p1a: Kingambit|67/100
|-unboost|p1a: Kingambit|atk|1
|
|-heal|p1a: Kingambit|73/100|[from] item: Leftovers
|upkeep
|turn|21
|
|t:|1760861398
|move|p1a: Kingambit|Kowtow Cleave|p2a: Glaceon
|-damage|p2a: Glaceon|0 fnt
|faint|p2a: Glaceon
|
|-heal|p1a: Kingambit|79/100|[from] item: Leftovers
|upkeep
|
|t:|1760861402
|switch|p2a: Vaporeon|Vaporeon, F|100/100
|turn|22
|
|t:|1760861408
|move|p1a: Kingambit|Kowtow Cleave|p2a: Vaporeon
|-damage|p2a: Vaporeon|0 fnt
|faint|p2a: Vaporeon
|
|-heal|p1a: Kingambit|85/100|[from] item: Leftovers
|-sideend|p1: meatrub|move: Aurora Veil
|upkeep
|
|t:|1760861410
|switch|p2a: Jolteon|Jolteon, M|100/100
|turn|23
|
|t:|1760861422
|move|p1a: Kingambit|Sucker Punch|p2a: Jolteon
|-damage|p2a: Jolteon|0 fnt
|faint|p2a: Jolteon
|
|win|meatrub
|raw|meatrub's rating: 1356 &rarr; <strong>1379</strong><br />(+23 for winning)
|raw|one_angry_jew's rating: 1415 &rarr; <strong>1392</strong><br />(-23 for losing)
|l|☆one_angry_jew
|player|p2|
|l|☆meatrub
|player|p1|
