|j|☆LVL62Monoco
|j|☆Yajityyy
|t:|1760800146
|gametype|singles
|player|p1|LVL62Monoco|266|1417
|player|p2|Yajityyy|burglar|1413
|gen|9
|tier|[Gen 9] OU
|rated|
|rule|HP Percentage Mod: HP is shown in percentages
|rule|Endless Battle Clause: Forcing endless battles is banned
|rule|Species Clause: Limit one of each Pokémon
|rule|OHKO Clause: OHKO moves are banned
|rule|Evasion Items Clause: Evasion items are banned
|rule|Evasion Moves Clause: Evasion moves are banned
|rule|Evasion Abilities Clause: Evasion abilities are banned
|rule|Sleep Moves Clause: Sleep-inducing moves are banned
|clearpoke
|poke|p1|Probopass, M|
|poke|p1|Iron Crown|
|poke|p1|Sinistcha|
|poke|p1|Grimmsnarl, M|
|poke|p1|Kyurem|
|poke|p1|Great Tusk|
|poke|p2|Samurott-Hisui, M|
|poke|p2|Heatran, M|
|poke|p2|Latios, M|
|poke|p2|Iron Valiant|
|poke|p2|Iron Treads|
|poke|p2|Dragapult, M|
|teampreview
|inactive|Battle timer is ON: inactive players will automatically lose when time's up. (requested by Yajityyy)
|
|t:|1760800158
|teamsize|p1|6
|teamsize|p2|6
|start
|switch|p1a: Kyurem|Kyurem|100/100
|switch|p2a: Transylvania|Dragapult, M|100/100
|-ability|p1a: Kyurem|Pressure
|turn|1
|
|t:|1760800168
|switch|p1a: Grimmsnarl|Grimmsnarl, M|100/100
|move|p2a: Transylvania|Dragon Darts|p1a: Grimmsnarl
|-immune|p1a: Grimmsnarl
|
|upkeep
|turn|2
|
|t:|1760800175
|switch|p2a: Vesuvius|Heatran, M|100/100
|move|p1a: Grimmsnarl|Reflect|p1a: Grimmsnarl
|-sidestart|p1: LVL62Monoco|Reflect
|
|upkeep
|turn|3
|
|t:|1760800181
|move|p1a: Grimmsnarl|Light Screen|p1a: Grimmsnarl
|-sidestart|p1: LVL62Monoco|move: Light Screen
|move|p2a: Vesuvius|Stealth Rock|p1a: Grimmsnarl
|-sidestart|p1: LVL62Monoco|move: Stealth Rock
|
|upkeep
|turn|4
|
|t:|1760800185
|move|p1a: Grimmsnarl|Parting Shot|p2a: Vesuvius
|-unboost|p2a: Vesuvius|atk|1
|-unboost|p2a: Vesuvius|spa|1
|
|t:|1760800188
|switch|p1a: Great Tusk|Great Tusk|100/100|[from] Parting Shot
|-damage|p1a: Great Tusk|98/100|[from] Stealth Rock
|move|p2a: Vesuvius|Lava Plume|p1a: Great Tusk
|-damage|p1a: Great Tusk|89/100
|-status|p1a: Great Tusk|brn
|
|-damage|p1a: Great Tusk|83/100 brn|[from] brn
|upkeep
|turn|5
|
|t:|1760800201
|switch|p2a: Wish Upon A Star|Latios, M|100/100
|move|p1a: Great Tusk|Knock Off|p2a: Wish Upon A Star
|-supereffective|p2a: Wish Upon A Star
|-damage|p2a: Wish Upon A Star|52/100
|-enditem|p2a: Wish Upon A Star|Choice Scarf|[from] move: Knock Off|[of] p1a: Great Tusk
|
|-damage|p1a: Great Tusk|77/100 brn|[from] brn
|upkeep
|turn|6
|
|t:|1760800210
|move|p2a: Wish Upon A Star|Luster Purge|p1a: Great Tusk
|-supereffective|p1a: Great Tusk
|-damage|p1a: Great Tusk|37/100 brn
|-unboost|p1a: Great Tusk|spd|1
|move|p1a: Great Tusk|Rapid Spin|p2a: Wish Upon A Star
|-damage|p2a: Wish Upon A Star|40/100
|-boost|p1a: Great Tusk|spe|1
|-sideend|p1: LVL62Monoco|Stealth Rock|[from] move: Rapid Spin|[of] p1a: Great Tusk
|
|-damage|p1a: Great Tusk|31/100 brn|[from] brn
|upkeep
|turn|7
|
|t:|1760800221
|move|p1a: Great Tusk|Knock Off|p2a: Wish Upon A Star
|-supereffective|p2a: Wish Upon A Star
|-damage|p2a: Wish Upon A Star|8/100
|move|p2a: Wish Upon A Star|Luster Purge|p1a: Great Tusk
|-supereffective|p1a: Great Tusk
|-damage|p1a: Great Tusk|0 fnt
|faint|p1a: Great Tusk
|-end|p1a: Great Tusk|Protosynthesis|[silent]
|
|upkeep
|
|t:|1760800229
|switch|p1a: Kyurem|Kyurem|100/100
|-ability|p1a: Kyurem|Pressure
|turn|8
|
|t:|1760800234
|move|p2a: Wish Upon A Star|Draco Meteor|p1a: Kyurem
|-supereffective|p1a: Kyurem
|-damage|p1a: Kyurem|27/100
|-unboost|p2a: Wish Upon A Star|spa|2
|move|p1a: Kyurem|Dragon Dance|p1a: Kyurem
|-boost|p1a: Kyurem|atk|1
|-boost|p1a: Kyurem|spe|1
|
|upkeep
|turn|9
|
|t:|1760800244
|move|p1a: Kyurem|Icicle Spear|p2a: Wish Upon A Star
|-supereffective|p2a: Wish Upon A Star
|-damage|p2a: Wish Upon A Star|0 fnt
|faint|p2a: Wish Upon A Star
|-hitcount|p2: Wish Upon A Star|1
|
|-sideend|p1: LVL62Monoco|Reflect
|upkeep
|
|t:|1760800260
|switch|p2a: The Last Ronin|Samurott-Hisui, M|100/100
|turn|10
|
|t:|1760800265
|move|p2a: The Last Ronin|Sucker Punch|p1a: Kyurem
|-damage|p1a: Kyurem|0 fnt
|faint|p1a: Kyurem
|
|-sideend|p1: LVL62Monoco|move: Light Screen
|upkeep
|
|t:|1760800273
|switch|p1a: Grimmsnarl|Grimmsnarl, M|100/100
|turn|11
|
|t:|1760800281
|move|p1a: Grimmsnarl|Reflect|p1a: Grimmsnarl
|-sidestart|p1: LVL62Monoco|Reflect
|move|p2a: The Last Ronin|Knock Off|p1a: Grimmsnarl
|-resisted|p1a: Grimmsnarl
|-damage|p1a: Grimmsnarl|96/100
|-enditem|p1a: Grimmsnarl|Light Clay|[from] move: Knock Off|[of] p2a: The Last Ronin
|
|upkeep
|turn|12
|
|t:|1760800289
|move|p1a: Grimmsnarl|Light Screen|p1a: Grimmsnarl
|-sidestart|p1: LVL62Monoco|move: Light Screen
|move|p2a: The Last Ronin|Ceaseless Edge|p1a: Grimmsnarl
|-resisted|p1a: Grimmsnarl
|-damage|p1a: Grimmsnarl|92/100
|-sidestart|p1: LVL62Monoco|Spikes
|
|upkeep
|turn|13
|
|t:|1760800296
|move|p2a: The Last Ronin|Ceaseless Edge|p1a: Grimmsnarl
|-resisted|p1a: Grimmsnarl
|-damage|p1a: Grimmsnarl|88/100
|-sidestart|p1: LVL62Monoco|Spikes
|move|p1a: Grimmsnarl|Spirit Break|p2a: The Last Ronin
|-supereffective|p2a: The Last Ronin
|-damage|p2a: The Last Ronin|37/100
|-unboost|p2a: The Last Ronin|spa|1
|
|upkeep
|turn|14
|
|t:|1760800312
|switch|p2a: Vesuvius|Heatran, M|100/100
|move|p1a: Grimmsnarl|Parting Shot|p2a: Vesuvius
|-unboost|p2a: Vesuvius|atk|1
|-unboost|p2a: Vesuvius|spa|1
|
|t:|1760800318
|switch|p1a: Probopass|Probopass, M|100/100|[from] Parting Shot
|-damage|p1a: Probopass|84/100|[from] Spikes
|
|upkeep
|turn|15
|
|t:|1760800338
|move|p2a: Vesuvius|Will-O-Wisp|p1a: Probopass
|-status|p1a: Probopass|brn
|move|p1a: Probopass|Body Press|p2a: Vesuvius
|-supereffective|p2a: Vesuvius
|-damage|p2a: Vesuvius|80/100
|-damage|p1a: Probopass|67/100 brn|[from] item: Rocky Helmet|[of] p2a: Vesuvius
|
|-damage|p1a: Probopass|61/100 brn|[from] brn
|upkeep
|turn|16
|
|t:|1760800349
|move|p2a: Vesuvius|Earth Power|p1a: Probopass
|-supereffective|p1a: Probopass
|-damage|p1a: Probopass|37/100 brn
|move|p1a: Probopass|Thunder Wave|p2a: Vesuvius
|-status|p2a: Vesuvius|par
|
|-damage|p1a: Probopass|31/100 brn|[from] brn
|-sideend|p1: LVL62Monoco|move: Light Screen
|upkeep
|turn|17
|
|t:|1760800358
|move|p1a: Probopass|Stealth Rock|p2a: Vesuvius
|-sidestart|p2: Yajityyy|move: Stealth Rock
|cant|p2a: Vesuvius|par
|
|-damage|p1a: Probopass|25/100 brn|[from] brn
|upkeep
|turn|18
|
|t:|1760800364
|move|p1a: Probopass|Body Press|p2a: Vesuvius
|-supereffective|p2a: Vesuvius
|-damage|p2a: Vesuvius|57/100 par
|-damage|p1a: Probopass|8/100 brn|[from] item: Rocky Helmet|[of] p2a: Vesuvius
|cant|p2a: Vesuvius|par
|
|-damage|p1a: Probopass|2/100 brn|[from] brn
|-sideend|p1: LVL62Monoco|Reflect
|upkeep
|turn|19
|
|t:|1760800373
|move|p1a: Probopass|Body Press|p2a: Vesuvius
|-supereffective|p2a: Vesuvius
|-damage|p2a: Vesuvius|36/100 par
|-damage|p1a: Probopass|0 fnt|[from] item: Rocky Helmet|[of] p2a: Vesuvius
|faint|p1a: Probopass
|move|p2a: Vesuvius|Stealth Rock|p1: Probopass
|-sidestart|p1: LVL62Monoco|move: Stealth Rock
|
|upkeep
|
|t:|1760800384
|switch|p1a: Grimmsnarl|Grimmsnarl, M|88/100
|-damage|p1a: Grimmsnarl|71/100|[from] Spikes
|-damage|p1a: Grimmsnarl|59/100|[from] Stealth Rock
|turn|20
|
|t:|1760800392
|move|p1a: Grimmsnarl|Light Screen|p1a: Grimmsnarl
|-sidestart|p1: LVL62Monoco|move: Light Screen
|move|p2a: Vesuvius|Will-O-Wisp|p1a: Grimmsnarl
|-status|p1a: Grimmsnarl|brn
|
|-damage|p1a: Grimmsnarl|53/100 brn|[from] brn
|upkeep
|turn|21
|
|t:|1760800401
|switch|p2a: Lightning Rod|Iron Treads|100/100
|-damage|p2a: Lightning Rod|98/100|[from] Stealth Rock
|move|p1a: Grimmsnarl|Parting Shot|p2a: Lightning Rod
|-unboost|p2a: Lightning Rod|atk|1
|-unboost|p2a: Lightning Rod|spa|1
|
|t:|1760800412
|switch|p1a: Iron Crown|Iron Crown|100/100|[from] Parting Shot
|-damage|p1a: Iron Crown|84/100|[from] Spikes
|-damage|p1a: Iron Crown|78/100|[from] Stealth Rock
|
|-heal|p2a: Lightning Rod|100/100|[from] item: Leftovers
|upkeep
|turn|22
|
|t:|1760800425
|move|p1a: Iron Crown|Agility|p1a: Iron Crown
|-boost|p1a: Iron Crown|spe|2
|move|p2a: Lightning Rod|Rapid Spin|p1a: Iron Crown
|-resisted|p1a: Iron Crown
|-damage|p1a: Iron Crown|74/100
|-boost|p2a: Lightning Rod|spe|1
|-sideend|p2: Yajityyy|Stealth Rock|[from] move: Rapid Spin|[of] p2a: Lightning Rod
|
|upkeep
|turn|23
|
|t:|1760800436
|move|p1a: Iron Crown|Calm Mind|p1a: Iron Crown
|-boost|p1a: Iron Crown|spa|1
|-boost|p1a: Iron Crown|spd|1
|move|p2a: Lightning Rod|Earthquake|p1a: Iron Crown
|-supereffective|p1a: Iron Crown
|-damage|p1a: Iron Crown|20/100
|-enditem|p1a: Iron Crown|Weakness Policy
|-boost|p1a: Iron Crown|atk|2|[from] item: Weakness Policy
|-boost|p1a: Iron Crown|spa|2|[from] item: Weakness Policy
|
|upkeep
|turn|24
|
|t:|1760800453
|move|p1a: Iron Crown|Stored Power|p2a: Lightning Rod
|-resisted|p2a: Lightning Rod
|-damage|p2a: Lightning Rod|10/100
|move|p2a: Lightning Rod|Earthquake|p1a: Iron Crown
|-supereffective|p1a: Iron Crown
|-crit|p1a: Iron Crown
|-damage|p1a: Iron Crown|0 fnt
|faint|p1a: Iron Crown
|-end|p1a: Iron Crown|Quark Drive|[silent]
|
|-heal|p2a: Lightning Rod|16/100|[from] item: Leftovers
|-sideend|p1: LVL62Monoco|move: Light Screen
|upkeep
|-message|LVL62Monoco forfeited.
|
|win|Yajityyy
|raw|LVL62Monoco's rating: 1417 &rarr; <strong>1397</strong><br />(-20 for losing)
|raw|Yajityyy's rating: 1413 &rarr; <strong>1433</strong><br />(+20 for winning)
|l|☆LVL62Monoco
|player|p1|
|l|☆Yajityyy
|player|p2|
