|j|☆Dreamwalking
|j|☆eucalipto69!
|t:|1760814071
|gametype|singles
|player|p1|Dreamwalking|pokemonrangerf-gen4|1177
|player|p2|eucalipto69!|1|1132
|gen|9
|tier|[Gen 9] OU
|rated|
|rule|HP Percentage Mod: HP is shown in percentages
|rule|Endless Battle Clause: Forcing endless battles is banned
|rule|Species Clause: Limit one of each Pokémon
|rule|OHKO Clause: OHKO moves are banned
|rule|Evasion Items Clause: Evasion items are banned
|rule|Evasion Moves Clause: Evasion moves are banned
|rule|Evasion Abilities Clause: Evasion abilities are banned
|rule|Sleep Moves Clause: Sleep-inducing moves are banned
|clearpoke
|poke|p1|Hydreigon, M|
|poke|p1|Blastoise, M|
|poke|p1|Zapdos|
|poke|p1|Scizor, M|
|poke|p1|Clefable, F|
|poke|p1|Landorus-Therian, M|
|poke|p2|Clefable, F|
|poke|p2|Dragonite, F|
|poke|p2|Scrafty, F|
|poke|p2|Meganium, F|
|poke|p2|Pyroar, M|
|poke|p2|Skarmory, F|
|teampreview
|c|☆Dreamwalking|someones excited for the megas
|
|t:|1760814099
|teamsize|p1|6
|teamsize|p2|6
|start
|switch|p1a: Zapdos|Zapdos|100/100
|switch|p2a: Clefable|Clefable, F|100/100
|turn|1
|
|t:|1760814106
|move|p1a: Zapdos|Thunder Wave|p2a: Clefable
|-status|p2a: Clefable|par
|cant|p2a: Clefable|par
|
|upkeep
|turn|2
|
|t:|1760814110
|move|p1a: Zapdos|Volt Switch|p2a: Clefable
|-damage|p2a: Clefable|72/100 par
|
|t:|1760814115
|switch|p1a: Scizor|Scizor, M|100/100|[from] Volt Switch
|move|p2a: Clefable|Moonblast|p1a: Scizor
|-resisted|p1a: Scizor
|-damage|p1a: Scizor|66/100
|-unboost|p1a: Scizor|spa|1
|
|upkeep
|turn|3
|
|t:|1760814123
|switch|p1a: Zapdos|Zapdos|100/100
|switch|p2a: Skarmory|Skarmory, F|100/100
|
|upkeep
|turn|4
|
|t:|1760814130
|move|p1a: Zapdos|Volt Switch|p2a: Skarmory
|-supereffective|p2a: Skarmory
|-damage|p2a: Skarmory|17/100
|
|t:|1760814163
|switch|p1a: Blastoise|Blastoise, M|100/100|[from] Volt Switch
|move|p2a: Skarmory|Stealth Rock|p1a: Blastoise
|-sidestart|p1: Dreamwalking|move: Stealth Rock
|
|upkeep
|turn|5
|
|t:|1760814189
|switch|p2a: Meganium|Meganium, F|100/100
|move|p1a: Blastoise|Surf|p2a: Meganium
|-resisted|p2a: Meganium
|-damage|p2a: Meganium|90/100
|
|-heal|p2a: Meganium|96/100|[from] item: Leftovers
|upkeep
|turn|6
|
|t:|1760814206
|switch|p1a: Zapdos|Zapdos|100/100
|move|p2a: Meganium|Leech Seed|p1a: Zapdos
|-start|p1a: Zapdos|move: Leech Seed
|
|-heal|p2a: Meganium|100/100|[from] item: Leftovers
|-damage|p1a: Zapdos|88/100|[from] Leech Seed|[of] p2a: Meganium
|upkeep
|turn|7
|
|t:|1760814224
|move|p1a: Zapdos|Hurricane|p2a: Meganium
|-supereffective|p2a: Meganium
|-damage|p2a: Meganium|30/100
|-start|p2a: Meganium|confusion
|-activate|p2a: Meganium|confusion
|move|p2a: Meganium|Encore|p1a: Zapdos
|-start|p1a: Zapdos|Encore
|
|-heal|p2a: Meganium|36/100|[from] item: Leftovers
|-damage|p1a: Zapdos|76/100|[from] Leech Seed|[of] p2a: Meganium
|-heal|p2a: Meganium|49/100|[silent]
|upkeep
|turn|8
|
|t:|1760814237
|switch|p2a: Dragonite|Dragonite, F|100/100
|move|p1a: Zapdos|Hurricane|p2a: Dragonite
|-damage|p2a: Dragonite|78/100
|
|-damage|p1a: Zapdos|64/100|[from] Leech Seed|[of] p2a: Dragonite
|-heal|p2a: Dragonite|93/100|[silent]
|upkeep
|turn|9
|
|t:|1760814251
|switch|p1a: Landorus|Landorus-Therian, M|100/100
|-damage|p1a: Landorus|88/100|[from] Stealth Rock
|-ability|p1a: Landorus|Intimidate|boost
|-unboost|p2a: Dragonite|atk|1
|move|p2a: Dragonite|Dragon Dance|p2a: Dragonite
|-boost|p2a: Dragonite|atk|1
|-boost|p2a: Dragonite|spe|1
|
|upkeep
|turn|10
|
|t:|1760814253
|move|p2a: Dragonite|Dragon Dance|p2a: Dragonite
|-boost|p2a: Dragonite|atk|1
|-boost|p2a: Dragonite|spe|1
|move|p1a: Landorus|Stone Edge|p2a: Dragonite
|-supereffective|p2a: Dragonite
|-damage|p2a: Dragonite|4/100
|
|upkeep
|turn|11
|
|t:|1760814271
|move|p2a: Dragonite|Roost|p2a: Dragonite
|-heal|p2a: Dragonite|54/100
|-singleturn|p2a: Dragonite|move: Roost
|move|p1a: Landorus|U-turn|p2a: Dragonite
|-damage|p2a: Dragonite|27/100
|
|t:|1760814275
|switch|p1a: Scizor|Scizor, M|66/100|[from] U-turn
|-damage|p1a: Scizor|54/100|[from] Stealth Rock
|
|upkeep
|turn|12
|
|t:|1760814285
|switch|p2a: Skarmory|Skarmory, F|17/100
|move|p1a: Scizor|Bullet Punch|p2a: Skarmory
|-resisted|p2a: Skarmory
|-damage|p2a: Skarmory|4/100
|-damage|p1a: Scizor|37/100|[from] item: Rocky Helmet|[of] p2a: Skarmory
|-damage|p1a: Scizor|27/100|[from] item: Life Orb
|
|upkeep
|turn|13
|
|t:|1760814294
|move|p1a: Scizor|Bullet Punch|p2a: Skarmory
|-resisted|p2a: Skarmory
|-damage|p2a: Skarmory|0 fnt
|-damage|p1a: Scizor|11/100|[from] item: Rocky Helmet|[of] p2a: Skarmory
|faint|p2a: Skarmory
|-damage|p1a: Scizor|1/100|[from] item: Life Orb
|
|upkeep
|
|t:|1760814300
|switch|p2a: Dragonite|Dragonite, F|27/100
|turn|14
|
|t:|1760814306
|switch|p1a: Zapdos|Zapdos|64/100
|move|p2a: Dragonite|Extreme Speed|p1a: Zapdos
|-crit|p1a: Zapdos
|-damage|p1a: Zapdos|30/100
|
|upkeep
|turn|15
|
|t:|1760814312
|move|p2a: Dragonite|Extreme Speed|p1a: Zapdos
|-crit|p1a: Zapdos
|-damage|p1a: Zapdos|0 fnt
|faint|p1a: Zapdos
|
|upkeep
|
|t:|1760814316
|switch|p1a: Landorus|Landorus-Therian, M|88/100
|-damage|p1a: Landorus|76/100|[from] Stealth Rock
|-ability|p1a: Landorus|Intimidate|boost
|-unboost|p2a: Dragonite|atk|1
|turn|16
|
|t:|1760814328
|switch|p2a: Scrafty|Scrafty, F|100/100
|-ability|p2a: Scrafty|Intimidate|boost
|-unboost|p1a: Landorus|atk|1
|move|p1a: Landorus|Stone Edge|p2a: Scrafty|[miss]
|-miss|p1a: Landorus|p2a: Scrafty
|
|upkeep
|turn|17
|
|t:|1760814341
|move|p1a: Landorus|Stealth Rock|p2a: Scrafty
|-sidestart|p2: eucalipto69!|move: Stealth Rock
|move|p2a: Scrafty|Knock Off|p1a: Landorus
|-damage|p1a: Landorus|26/100
|-damage|p2a: Scrafty|84/100|[from] item: Rocky Helmet|[of] p1a: Landorus
|-enditem|p1a: Landorus|Rocky Helmet|[from] move: Knock Off|[of] p2a: Scrafty
|
|upkeep
|turn|18
|
|t:|1760814350
|switch|p1a: Clefable|Clefable, F|100/100
|move|p2a: Scrafty|Knock Off|p1a: Clefable
|-resisted|p1a: Clefable
|-damage|p1a: Clefable|84/100
|-enditem|p1a: Clefable|Leftovers|[from] move: Knock Off|[of] p2a: Scrafty
|
|upkeep
|turn|19
|
|t:|1760814355
|switch|p2a: Meganium|Meganium, F|49/100
|-damage|p2a: Meganium|36/100|[from] Stealth Rock
|move|p1a: Clefable|Moonlight|p1a: Clefable
|-heal|p1a: Clefable|100/100
|
|-heal|p2a: Meganium|42/100|[from] item: Leftovers
|upkeep
|turn|20
|
|t:|1760814359
|move|p2a: Meganium|Leech Seed|p1a: Clefable|[miss]
|-miss|p2a: Meganium|p1a: Clefable
|move|p1a: Clefable|Moonblast|p2a: Meganium
|-damage|p2a: Meganium|20/100
|
|-heal|p2a: Meganium|26/100|[from] item: Leftovers
|upkeep
|turn|21
|
|t:|1760814376
|move|p2a: Meganium|Encore|p1a: Clefable
|-start|p1a: Clefable|Encore
|move|p1a: Clefable|Moonblast|p2a: Meganium
|-damage|p2a: Meganium|4/100
|
|-heal|p2a: Meganium|10/100|[from] item: Leftovers
|upkeep
|turn|22
|
|t:|1760814388
|move|p2a: Meganium|Earthquake|p1a: Clefable
|-damage|p1a: Clefable|85/100
|move|p1a: Clefable|Moonblast|p2a: Meganium
|-damage|p2a: Meganium|0 fnt
|faint|p2a: Meganium
|
|upkeep
|
|t:|1760814393
|switch|p2a: Clefable|Clefable, F|72/100 par
|turn|23
|
|t:|1760814400
|switch|p1a: Blastoise|Blastoise, M|100/100
|move|p2a: Clefable|Moonblast|p1a: Blastoise
|-damage|p1a: Blastoise|64/100
|
|upkeep
|turn|24
|
|t:|1760814406
|move|p1a: Blastoise|Rapid Spin|p2a: Clefable
|-damage|p2a: Clefable|63/100 par
|-boost|p1a: Blastoise|spe|1
|-sideend|p1: Dreamwalking|Stealth Rock|[from] move: Rapid Spin|[of] p1a: Blastoise
|move|p2a: Clefable|Thunderbolt|p1a: Blastoise
|-supereffective|p1a: Blastoise
|-damage|p1a: Blastoise|18/100
|
|upkeep
|turn|25
|
|t:|1760814413
|switch|p2a: Dragonite|Dragonite, F|27/100
|move|p1a: Blastoise|Surf|p2a: Dragonite
|-resisted|p2a: Dragonite
|-damage|p2a: Dragonite|5/100
|
|upkeep
|turn|26
|
|t:|1760814421
|move|p2a: Dragonite|Extreme Speed|p1a: Blastoise
|-damage|p1a: Blastoise|0 fnt
|faint|p1a: Blastoise
|
|upkeep
|
|t:|1760814424
|switch|p1a: Landorus|Landorus-Therian, M|26/100
|-ability|p1a: Landorus|Intimidate|boost
|-unboost|p2a: Dragonite|atk|1
|turn|27
|
|t:|1760814430
|switch|p2a: Scrafty|Scrafty, F|84/100
|-damage|p2a: Scrafty|78/100|[from] Stealth Rock
|-ability|p2a: Scrafty|Intimidate|boost
|-unboost|p1a: Landorus|atk|1
|move|p1a: Landorus|U-turn|p2a: Scrafty
|-damage|p2a: Scrafty|62/100
|
|t:|1760814436
|switch|p1a: Clefable|Clefable, F|85/100|[from] U-turn
|
|upkeep
|turn|28
|
|t:|1760814441
|switch|p2a: Dragonite|Dragonite, F|5/100
|move|p1a: Clefable|Moonblast|p2a: Dragonite
|-supereffective|p2a: Dragonite
|-damage|p2a: Dragonite|0 fnt
|faint|p2a: Dragonite
|
|upkeep
|
|t:|1760814484
|switch|p2a: Clefable|Clefable, F|63/100 par
|turn|29
|
|t:|1760814497
|move|p1a: Clefable|Knock Off|p2a: Clefable
|-resisted|p2a: Clefable
|-damage|p2a: Clefable|54/100 par
|-enditem|p2a: Clefable|Life Orb|[from] move: Knock Off|[of] p1a: Clefable
|move|p2a: Clefable|Moonblast|p1a: Clefable
|-damage|p1a: Clefable|44/100
|
|upkeep
|turn|30
|
|t:|1760814503
|move|p1a: Clefable|Moonlight|p1a: Clefable
|-heal|p1a: Clefable|94/100
|cant|p2a: Clefable|par
|
|upkeep
|turn|31
|
|t:|1760814512
|move|p1a: Clefable|Moonblast|p2a: Clefable
|-damage|p2a: Clefable|27/100 par
|move|p2a: Clefable|Moonblast|p1a: Clefable
|-damage|p1a: Clefable|53/100
|-unboost|p1a: Clefable|spa|1
|
|upkeep
|turn|32
|
|t:|1760814521
|move|p1a: Clefable|Moonblast|p2a: Clefable
|-damage|p2a: Clefable|6/100 par
|move|p2a: Clefable|Moonblast|p1a: Clefable
|-damage|p1a: Clefable|12/100
|
|upkeep
|turn|33
|
|t:|1760814526
|move|p1a: Clefable|Moonblast|p2a: Clefable
|-damage|p2a: Clefable|0 fnt
|faint|p2a: Clefable
|
|upkeep
|
|t:|1760814535
|switch|p2a: Pyroar|Pyroar, M|100/100
|-ability|p2a: Pyroar|Unnerve
|-damage|p2a: Pyroar|76/100|[from] Stealth Rock
|turn|34
|
|t:|1760814538
|move|p2a: Pyroar|Tera Blast|p1a: Clefable
|-damage|p1a: Clefable|0 fnt
|faint|p1a: Clefable
|
|upkeep
|
|t:|1760814556
|switch|p1a: Hydreigon|Hydreigon, M|100/100
|turn|35
|
|t:|1760814568
|switch|p2a: Scrafty|Scrafty, F|62/100
|-damage|p2a: Scrafty|56/100|[from] Stealth Rock
|-ability|p2a: Scrafty|Intimidate|boost
|-unboost|p1a: Hydreigon|atk|1
|-terastallize|p1a: Hydreigon|Steel
|move|p1a: Hydreigon|Earth Power|p2a: Scrafty
|-damage|p2a: Scrafty|29/100
|
|upkeep
|turn|36
|
|t:|1760814583
|move|p1a: Hydreigon|Earth Power|p2a: Scrafty
|-damage|p2a: Scrafty|4/100
|move|p2a: Scrafty|Ice Punch|p1a: Hydreigon
|-resisted|p1a: Hydreigon
|-damage|p1a: Hydreigon|88/100
|
|upkeep
|turn|37
|
|t:|1760814589
|move|p1a: Hydreigon|Earth Power|p2a: Scrafty
|-damage|p2a: Scrafty|0 fnt
|faint|p2a: Scrafty
|
|upkeep
|
|t:|1760814593
|switch|p2a: Pyroar|Pyroar, M|76/100
|-ability|p2a: Pyroar|Unnerve
|-damage|p2a: Pyroar|51/100|[from] Stealth Rock
|turn|38
|
|t:|1760814610
|move|p2a: Pyroar|Overheat|p1a: Hydreigon
|-supereffective|p1a: Hydreigon
|-damage|p1a: Hydreigon|0 fnt
|-unboost|p2a: Pyroar|spa|2
|faint|p1a: Hydreigon
|
|upkeep
|
|t:|1760814614
|switch|p1a: Landorus|Landorus-Therian, M|26/100
|-ability|p1a: Landorus|Intimidate|boost
|-unboost|p2a: Pyroar|atk|1
|turn|39
|
|t:|1760814638
|move|p2a: Pyroar|Overheat|p1a: Landorus
|-crit|p1a: Landorus
|-damage|p1a: Landorus|0 fnt
|-unboost|p2a: Pyroar|spa|2
|faint|p1a: Landorus
|
|upkeep
|
|t:|1760814649
|switch|p1a: Scizor|Scizor, M|1/100
|turn|40
|
|t:|1760814659
|move|p1a: Scizor|Bullet Punch|p2a: Pyroar
|-resisted|p2a: Pyroar
|-damage|p2a: Pyroar|20/100
|-damage|p1a: Scizor|0 fnt|[from] item: Life Orb
|faint|p1a: Scizor
|
|win|eucalipto69!
|raw|Dreamwalking's rating: 1177 &rarr; <strong>1149</strong><br />(-28 for losing)
|raw|eucalipto69!'s rating: 1132 &rarr; <strong>1160</strong><br />(+28 for winning)
|l|☆Dreamwalking
|player|p1|
|l|☆eucalipto69!
|player|p2|
|j|☆eucalipto69!
|player|p2|eucalipto69!|1|
|l|☆eucalipto69!
|player|p2|
