|j|☆Tyujhgbnm
|j|☆GreatHeavens69
|t:|1760855207
|gametype|singles
|player|p1|Tyujhgbnm|169|1090
|player|p2|GreatHeavens69|n|1119
|gen|9
|tier|[Gen 9] OU
|rated|
|rule|HP Percentage Mod: HP is shown in percentages
|rule|Endless Battle Clause: Forcing endless battles is banned
|rule|Species Clause: Limit one of each Pokémon
|rule|OHKO Clause: OHKO moves are banned
|rule|Evasion Items Clause: Evasion items are banned
|rule|Evasion Moves Clause: Evasion moves are banned
|rule|Evasion Abilities Clause: Evasion abilities are banned
|rule|Sleep Moves Clause: Sleep-inducing moves are banned
|clearpoke
|poke|p1|Darkrai|
|poke|p1|Enamorus, F|
|poke|p1|Kyurem|
|poke|p1|Arcanine-Hisui, F|
|poke|p1|Iron Hands|
|poke|p1|Ogerpon-Wellspring, F|
|poke|p2|Pawmot, F|
|poke|p2|Orthworm, F|
|poke|p2|Zebstrika, F|
|poke|p2|Ogerpon-Wellspring, F|
|poke|p2|Coalossal, F|
|poke|p2|Shiftry, M|
|teampreview
|
|t:|1760855222
|teamsize|p1|6
|teamsize|p2|6
|start
|switch|p1a: Iron Hands|Iron Hands|100/100
|switch|p2a: Orthworm|Orthworm, F|100/100
|-enditem|p1a: Iron Hands|Booster Energy
|-activate|p1a: Iron Hands|ability: Quark Drive|[fromitem]
|-start|p1a: Iron Hands|quarkdriveatk
|turn|1
|
|t:|1760855251
|switch|p2a: Ogerpon|Ogerpon-Wellspring, F|100/100
|move|p1a: Iron Hands|Drain Punch|p2a: Ogerpon
|-damage|p2a: Ogerpon|25/100
|
|upkeep
|turn|2
|
|t:|1760855274
|move|p2a: Ogerpon|Ivy Cudgel|p1a: Iron Hands|[anim] Ivy Cudgel Water
|-damage|p1a: Iron Hands|62/100
|move|p1a: Iron Hands|Drain Punch|p2a: Ogerpon
|-damage|p2a: Ogerpon|0 fnt
|-heal|p1a: Iron Hands|69/100|[from] drain|[of] p2a: Ogerpon
|faint|p2a: Ogerpon
|
|upkeep
|inactive|Battle timer is ON: inactive players will automatically lose when time's up. (requested by Tyujhgbnm)
|
|t:|1760855286
|switch|p2a: Coalossal|Coalossal, F|100/100
|turn|3
|
|t:|1760855295
|move|p1a: Iron Hands|Earthquake|p2a: Coalossal
|-supereffective|p2a: Coalossal
|-damage|p2a: Coalossal|0 fnt
|faint|p2a: Coalossal
|
|upkeep
|
|t:|1760855307
|switch|p2a: Zebstrika|Zebstrika, F|100/100
|turn|4
|
|t:|1760855314
|switch|p2a: Orthworm|Orthworm, F|100/100
|move|p1a: Iron Hands|Earthquake|p2a: Orthworm
|-immune|p2a: Orthworm|[from] ability: Earth Eater
|
|upkeep
|turn|5
|
|t:|1760855324
|move|p2a: Orthworm|Protect|p2a: Orthworm
|-singleturn|p2a: Orthworm|Protect
|move|p1a: Iron Hands|Drain Punch|p2a: Orthworm
|-activate|p2a: Orthworm|move: Protect
|
|upkeep
|turn|6
|
|t:|1760855338
|switch|p2a: Zebstrika|Zebstrika, F|100/100
|move|p1a: Iron Hands|Drain Punch|p2a: Zebstrika
|-damage|p2a: Zebstrika|2/100
|-heal|p1a: Iron Hands|98/100|[from] drain|[of] p2a: Zebstrika
|
|upkeep
|turn|7
|
|t:|1760855360
|move|p2a: Zebstrika|Endure|p2a: Zebstrika
|-singleturn|p2a: Zebstrika|move: Endure
|move|p1a: Iron Hands|Drain Punch|p2a: Zebstrika
|-activate|p2a: Zebstrika|move: Endure
|-damage|p2a: Zebstrika|1/100
|-heal|p1a: Iron Hands|98/100|[from] drain|[of] p2a: Zebstrika
|
|upkeep
|turn|8
|
|t:|1760855371
|move|p2a: Zebstrika|High Horsepower|p1a: Iron Hands
|-supereffective|p1a: Iron Hands
|-damage|p1a: Iron Hands|62/100
|move|p1a: Iron Hands|Drain Punch|p2a: Zebstrika
|-damage|p2a: Zebstrika|0 fnt
|-heal|p1a: Iron Hands|62/100|[from] drain|[of] p2a: Zebstrika
|faint|p2a: Zebstrika
|
|upkeep
|inactive|GreatHeavens69 has 120 seconds left.
|-message|GreatHeavens69 forfeited.
|
|win|Tyujhgbnm
|raw|Tyujhgbnm's rating: 1090 &rarr; <strong>1119</strong><br />(+29 for winning)
|raw|GreatHeavens69's rating: 1119 &rarr; <strong>1092</strong><br />(-27 for losing)
|l|☆GreatHeavens69
|player|p2|
|l|☆Tyujhgbnm
|player|p1|
