|j|☆Penguinxdd
|j|☆Essayemm
|t:|1760728161
|gametype|singles
|player|p1|Penguinxdd|veteran|1262
|player|p2|Essayemm|170|1294
|gen|9
|tier|[Gen 9] OU
|rated|
|rule|HP Percentage Mod: HP is shown in percentages
|rule|Endless Battle Clause: Forcing endless battles is banned
|rule|Species Clause: Limit one of each Pokémon
|rule|OHKO Clause: OHKO moves are banned
|rule|Evasion Items Clause: Evasion items are banned
|rule|Evasion Moves Clause: Evasion moves are banned
|rule|Evasion Abilities Clause: Evasion abilities are banned
|rule|Sleep Moves Clause: Sleep-inducing moves are banned
|clearpoke
|poke|p1|Meowscarada, F|
|poke|p1|Rillaboom, M|
|poke|p1|Fezandipiti, M|
|poke|p1|Heatran, F|
|poke|p1|Weezing-Galar, M|
|poke|p1|Keldeo|
|poke|p2|Iron Boulder|
|poke|p2|Araquanid, M|
|poke|p2|Gliscor, M|
|poke|p2|Dragapult, M|
|poke|p2|Zamazenta-*|
|poke|p2|Slowking-Galar, M|
|teampreview
|
|t:|1760728171
|teamsize|p1|6
|teamsize|p2|6
|start
|switch|p1a: Meowscarada|Meowscarada, F|100/100
|switch|p2a: Araquanid|Araquanid, M|100/100
|turn|1
|
|t:|1760728175
|move|p1a: Meowscarada|U-turn|p2a: Araquanid
|-start|p1a: Meowscarada|typechange|Bug|[from] ability: Protean
|-damage|p2a: Araquanid|45/100
|
|t:|1760728177
|switch|p1a: Weeze-Cigarette|Weezing-Galar, M|100/100|[from] U-turn
|-ability|p1a: Weeze-Cigarette|Neutralizing Gas
|move|p2a: Araquanid|Sticky Web|p1a: Weeze-Cigarette
|-sidestart|p1: Penguinxdd|move: Sticky Web
|
|upkeep
|turn|2
|
|t:|1760728188
|move|p1a: Weeze-Cigarette|Defog|p2a: Araquanid
|-unboost|p2a: Araquanid|evasion|1
|-sideend|p1: Penguinxdd|Sticky Web|[from] move: Defog|[of] p1a: Weeze-Cigarette
|move|p2a: Araquanid|Liquidation|p1a: Weeze-Cigarette
|-damage|p1a: Weeze-Cigarette|79/100
|
|upkeep
|turn|3
|
|t:|1760728194
|-end|p1a: Weeze-Cigarette|ability: Neutralizing Gas
|switch|p1a: Rillaboom|Rillaboom, M|100/100
|-fieldstart|move: Grassy Terrain|[from] ability: Grassy Surge|[of] p1a: Rillaboom
|switch|p2a: Slowking|Slowking-Galar, M|100/100
|
|upkeep
|turn|4
|
|t:|1760728201
|move|p1a: Rillaboom|U-turn|p2a: Slowking
|-damage|p2a: Slowking|75/100
|
|t:|1760728203
|switch|p1a: Heatran|Heatran, F|100/100|[from] U-turn
|-prepare|p2a: Slowking|Chilly Reception|[premajor]
|move|p2a: Slowking|Chilly Reception|p2a: Slowking
|-weather|Snowscape
|
|t:|1760728221
|switch|p2a: Araquanid|Araquanid, M|45/100|[from] Chilly Reception
|
|-weather|Snowscape|[upkeep]
|-heal|p2a: Araquanid|51/100|[from] Grassy Terrain
|upkeep
|turn|5
|
|t:|1760728239
|switch|p1a: Weeze-Cigarette|Weezing-Galar, M|79/100
|-ability|p1a: Weeze-Cigarette|Neutralizing Gas
|move|p2a: Araquanid|Sticky Web|p1a: Weeze-Cigarette
|-sidestart|p1: Penguinxdd|move: Sticky Web
|
|-weather|Snowscape|[upkeep]
|-heal|p1a: Weeze-Cigarette|85/100|[from] Grassy Terrain
|-heal|p2a: Araquanid|57/100|[from] Grassy Terrain
|upkeep
|turn|6
|
|t:|1760728248
|switch|p2a: Slowking|Slowking-Galar, M|100/100
|move|p1a: Weeze-Cigarette|Defog|p2a: Slowking
|-unboost|p2a: Slowking|evasion|1
|-sideend|p1: Penguinxdd|Sticky Web|[from] move: Defog|[of] p1a: Weeze-Cigarette
|-fieldend|move: Grassy Terrain
|
|-weather|Snowscape|[upkeep]
|upkeep
|turn|7
|
|t:|1760728256
|-end|p1a: Weeze-Cigarette|ability: Neutralizing Gas
|switch|p1a: Heatran|Heatran, F|100/100
|move|p2a: Slowking|Future Sight|p1a: Heatran
|-start|p2a: Slowking|move: Future Sight
|
|-weather|Snowscape|[upkeep]
|upkeep
|turn|8
|
|t:|1760728262
|switch|p2a: Araquanid|Araquanid, M|57/100
|move|p1a: Heatran|Taunt|p2a: Araquanid
|-start|p2a: Araquanid|move: Taunt
|
|-weather|none
|upkeep
|turn|9
|
|t:|1760728272
|switch|p1a: Meowscarada|Meowscarada, F|100/100
|move|p2a: Araquanid|Liquidation|p1a: Meowscarada
|-resisted|p1a: Meowscarada
|-damage|p1a: Meowscarada|49/100
|
|-end|p1a: Meowscarada|move: Future Sight
|-immune|p1a: Meowscarada
|upkeep
|turn|10
|
|t:|1760728281
|switch|p2a: Slowking|Slowking-Galar, M|100/100
|move|p1a: Meowscarada|Knock Off|p2a: Slowking
|-start|p1a: Meowscarada|typechange|Dark|[from] ability: Protean
|-supereffective|p2a: Slowking
|-damage|p2a: Slowking|0 fnt
|-enditem|p2a: Slowking|Leftovers|[from] move: Knock Off|[of] p1a: Meowscarada
|faint|p2a: Slowking
|
|upkeep
|
|t:|1760728299
|switch|p2a: Dragapult|Dragapult, M|100/100
|turn|11
|
|t:|1760728303
|switch|p1a: Heatran|Heatran, F|100/100
|move|p2a: Dragapult|U-turn|p1a: Heatran
|-resisted|p1a: Heatran
|-damage|p1a: Heatran|97/100
|
|t:|1760728308
|switch|p2a: Araquanid|Araquanid, M|57/100|[from] U-turn
|
|-heal|p1a: Heatran|100/100|[from] item: Leftovers
|upkeep
|turn|12
|
|t:|1760728312
|switch|p1a: Weeze-Cigarette|Weezing-Galar, M|85/100
|-ability|p1a: Weeze-Cigarette|Neutralizing Gas
|move|p2a: Araquanid|Liquidation|p1a: Weeze-Cigarette
|-damage|p1a: Weeze-Cigarette|63/100
|
|upkeep
|turn|13
|
|t:|1760728321
|switch|p2a: Gliscor|Gliscor, M|100/100
|move|p1a: Weeze-Cigarette|Will-O-Wisp|p2a: Gliscor
|-status|p2a: Gliscor|brn
|
|-damage|p2a: Gliscor|94/100 brn|[from] brn
|upkeep
|turn|14
|
|t:|1760728326
|move|p2a: Gliscor|Knock Off|p1a: Weeze-Cigarette
|-resisted|p1a: Weeze-Cigarette
|-damage|p1a: Weeze-Cigarette|60/100
|-enditem|p1a: Weeze-Cigarette|Heavy-Duty Boots|[from] move: Knock Off|[of] p2a: Gliscor
|move|p1a: Weeze-Cigarette|Sludge Bomb|p2a: Gliscor
|-resisted|p2a: Gliscor
|-damage|p2a: Gliscor|77/100 brn
|
|-damage|p2a: Gliscor|71/100 brn|[from] brn
|upkeep
|turn|15
|
|t:|1760728334
|move|p2a: Gliscor|Stealth Rock|p1a: Weeze-Cigarette
|-sidestart|p1: Penguinxdd|move: Stealth Rock
|move|p1a: Weeze-Cigarette|Pain Split|p2a: Gliscor
|-sethp|p2a: Gliscor|63/100 brn|[from] move: Pain Split|[silent]
|-sethp|p1a: Weeze-Cigarette|67/100|[from] move: Pain Split
|
|-damage|p2a: Gliscor|57/100 brn|[from] brn
|upkeep
|turn|16
|
|t:|1760728350
|switch|p2a: Dragapult|Dragapult, M|100/100
|move|p1a: Weeze-Cigarette|Defog|p2a: Dragapult
|-unboost|p2a: Dragapult|evasion|1
|-sideend|p1: Penguinxdd|Stealth Rock|[from] move: Defog|[of] p1a: Weeze-Cigarette
|
|upkeep
|turn|17
|
|t:|1760728356
|-end|p1a: Weeze-Cigarette|ability: Neutralizing Gas
|switch|p1a: Rillaboom|Rillaboom, M|100/100
|-fieldstart|move: Grassy Terrain|[from] ability: Grassy Surge|[of] p1a: Rillaboom
|move|p2a: Dragapult|Draco Meteor|p1a: Rillaboom
|-damage|p1a: Rillaboom|8/100
|-unboost|p2a: Dragapult|spa|2
|
|-heal|p1a: Rillaboom|14/100|[from] Grassy Terrain
|upkeep
|turn|18
|
|t:|1760728366
|switch|p2a: Gliscor|Gliscor, M|57/100 brn
|switch|p1a: Keldeo|Keldeo|100/100
|
|-damage|p2a: Gliscor|51/100 brn|[from] brn
|upkeep
|turn|19
|
|t:|1760728370
|move|p1a: Keldeo|Calm Mind|p1a: Keldeo
|-boost|p1a: Keldeo|spa|1
|-boost|p1a: Keldeo|spd|1
|move|p2a: Gliscor|Toxic|p1a: Keldeo
|-status|p1a: Keldeo|tox
|
|-damage|p1a: Keldeo|94/100 tox|[from] psn
|-damage|p2a: Gliscor|45/100 brn|[from] brn
|upkeep
|turn|20
|
|t:|1760728375
|move|p1a: Keldeo|Surf|p2a: Gliscor
|-supereffective|p2a: Gliscor
|-damage|p2a: Gliscor|0 fnt
|faint|p2a: Gliscor
|
|-heal|p1a: Keldeo|100/100 tox|[from] Grassy Terrain
|-damage|p1a: Keldeo|88/100 tox|[from] psn
|upkeep
|
|t:|1760728379
|switch|p2a: Araquanid|Araquanid, M|57/100
|turn|21
|
|t:|1760728414
|move|p1a: Keldeo|Flip Turn|p2a: Araquanid
|-resisted|p2a: Araquanid
|-damage|p2a: Araquanid|49/100
|
|t:|1760728416
|switch|p1a: Weeze-Cigarette|Weezing-Galar, M|67/100|[from] Flip Turn
|-ability|p1a: Weeze-Cigarette|Neutralizing Gas
|move|p2a: Araquanid|Sticky Web|p1a: Weeze-Cigarette
|-sidestart|p1: Penguinxdd|move: Sticky Web
|
|-heal|p1a: Weeze-Cigarette|73/100|[from] Grassy Terrain
|-heal|p2a: Araquanid|55/100|[from] Grassy Terrain
|-fieldend|move: Grassy Terrain
|upkeep
|turn|22
|
|t:|1760728429
|switch|p2a: Dragapult|Dragapult, M|100/100
|move|p1a: Weeze-Cigarette|Defog|p2a: Dragapult
|-unboost|p2a: Dragapult|evasion|1
|-sideend|p1: Penguinxdd|Sticky Web|[from] move: Defog|[of] p1a: Weeze-Cigarette
|
|upkeep
|turn|23
|
|t:|1760728436
|-end|p1a: Weeze-Cigarette|ability: Neutralizing Gas
|switch|p1a: Fezandipiti|Fezandipiti, M|100/100
|move|p2a: Dragapult|Shadow Ball|p1a: Fezandipiti
|-damage|p1a: Fezandipiti|69/100
|
|upkeep
|turn|24
|
|t:|1760728446
|switch|p2a: Araquanid|Araquanid, M|55/100
|move|p1a: Fezandipiti|Play Rough|p2a: Araquanid|[miss]
|-miss|p1a: Fezandipiti|p2a: Araquanid
|
|upkeep
|turn|25
|
|t:|1760728453
|move|p1a: Fezandipiti|U-turn|p2a: Araquanid
|-damage|p2a: Araquanid|36/100
|
|t:|1760728455
|switch|p1a: Rillaboom|Rillaboom, M|14/100|[from] U-turn
|-fieldstart|move: Grassy Terrain|[from] ability: Grassy Surge|[of] p1a: Rillaboom
|move|p2a: Araquanid|Liquidation|p1a: Rillaboom
|-resisted|p1a: Rillaboom
|-damage|p1a: Rillaboom|0 fnt
|faint|p1a: Rillaboom
|
|-heal|p2a: Araquanid|42/100|[from] Grassy Terrain
|upkeep
|
|t:|1760728457
|switch|p1a: Meowscarada|Meowscarada, F|49/100
|turn|26
|
|t:|1760728463
|switch|p2a: Zamazenta|Zamazenta|100/100
|-ability|p2a: Zamazenta|Dauntless Shield|boost
|-boost|p2a: Zamazenta|def|1
|move|p1a: Meowscarada|Knock Off|p2a: Zamazenta
|-start|p1a: Meowscarada|typechange|Dark|[from] ability: Protean
|-resisted|p2a: Zamazenta
|-damage|p2a: Zamazenta|82/100
|-enditem|p2a: Zamazenta|Heavy-Duty Boots|[from] move: Knock Off|[of] p1a: Meowscarada
|
|-heal|p1a: Meowscarada|55/100|[from] Grassy Terrain
|-heal|p2a: Zamazenta|88/100|[from] Grassy Terrain
|upkeep
|turn|27
|
|t:|1760728467
|switch|p1a: Weeze-Cigarette|Weezing-Galar, M|73/100
|-ability|p1a: Weeze-Cigarette|Neutralizing Gas
|move|p2a: Zamazenta|Iron Defense|p2a: Zamazenta
|-boost|p2a: Zamazenta|def|2
|
|-heal|p2a: Zamazenta|95/100|[from] Grassy Terrain
|-heal|p1a: Weeze-Cigarette|79/100|[from] Grassy Terrain
|upkeep
|turn|28
|
|t:|1760728470
|move|p2a: Zamazenta|Heavy Slam|p1a: Weeze-Cigarette
|-supereffective|p1a: Weeze-Cigarette
|-damage|p1a: Weeze-Cigarette|22/100
|move|p1a: Weeze-Cigarette|Will-O-Wisp|p2a: Zamazenta
|-status|p2a: Zamazenta|brn
|
|-heal|p2a: Zamazenta|100/100 brn|[from] Grassy Terrain
|-heal|p1a: Weeze-Cigarette|28/100|[from] Grassy Terrain
|-damage|p2a: Zamazenta|94/100 brn|[from] brn
|upkeep
|turn|29
|
|t:|1760728486
|move|p2a: Zamazenta|Body Press|p1a: Weeze-Cigarette
|-resisted|p1a: Weeze-Cigarette
|-damage|p1a: Weeze-Cigarette|22/100
|move|p1a: Weeze-Cigarette|Pain Split|p2a: Zamazenta
|-sethp|p2a: Zamazenta|56/100 brn|[from] move: Pain Split|[silent]
|-sethp|p1a: Weeze-Cigarette|65/100|[from] move: Pain Split
|
|-heal|p2a: Zamazenta|63/100 brn|[from] Grassy Terrain
|-heal|p1a: Weeze-Cigarette|71/100|[from] Grassy Terrain
|-damage|p2a: Zamazenta|56/100 brn|[from] brn
|-fieldend|move: Grassy Terrain
|upkeep
|turn|30
|
|t:|1760728488
|move|p2a: Zamazenta|Heavy Slam|p1a: Weeze-Cigarette
|-supereffective|p1a: Weeze-Cigarette
|-damage|p1a: Weeze-Cigarette|44/100
|move|p1a: Weeze-Cigarette|Sludge Bomb|p2a: Zamazenta
|-damage|p2a: Zamazenta|36/100 brn
|
|-damage|p2a: Zamazenta|29/100 brn|[from] brn
|upkeep
|turn|31
|
|t:|1760728507
|move|p2a: Zamazenta|Heavy Slam|p1a: Weeze-Cigarette
|-supereffective|p1a: Weeze-Cigarette
|-damage|p1a: Weeze-Cigarette|15/100
|move|p1a: Weeze-Cigarette|Sludge Bomb|p2a: Zamazenta
|-damage|p2a: Zamazenta|7/100 brn
|
|-damage|p2a: Zamazenta|1/100 brn|[from] brn
|upkeep
|turn|32
|
|t:|1760728513
|-end|p1a: Weeze-Cigarette|ability: Neutralizing Gas
|switch|p1a: Keldeo|Keldeo|88/100 tox
|move|p2a: Zamazenta|Heavy Slam|p1a: Keldeo
|-resisted|p1a: Keldeo
|-damage|p1a: Keldeo|78/100 tox
|
|-damage|p1a: Keldeo|72/100 tox|[from] psn
|-damage|p2a: Zamazenta|0 fnt|[from] brn
|faint|p2a: Zamazenta
|upkeep
|
|t:|1760728519
|switch|p2a: Dragapult|Dragapult, M|100/100
|turn|33
|
|t:|1760728523
|switch|p1a: Heatran|Heatran, F|100/100
|move|p2a: Dragapult|Shadow Ball|p1a: Heatran
|-damage|p1a: Heatran|68/100
|
|-heal|p1a: Heatran|74/100|[from] item: Leftovers
|upkeep
|turn|34
|
|t:|1760728532
|move|p2a: Dragapult|Shadow Ball|p1a: Heatran
|-damage|p1a: Heatran|43/100
|move|p1a: Heatran|Stealth Rock|p2a: Dragapult
|-sidestart|p2: Essayemm|move: Stealth Rock
|
|-heal|p1a: Heatran|49/100|[from] item: Leftovers
|upkeep
|turn|35
|
|t:|1760728537
|switch|p2a: Araquanid|Araquanid, M|42/100
|-damage|p2a: Araquanid|17/100|[from] Stealth Rock
|move|p1a: Heatran|Magma Storm|p2a: Araquanid|[miss]
|-miss|p1a: Heatran|p2a: Araquanid
|
|-heal|p1a: Heatran|55/100|[from] item: Leftovers
|upkeep
|turn|36
|-enditem|p2a: Araquanid|Custap Berry|[eat]
|-activate|p2a: Araquanid|item: Custap Berry|[consumed]
|
|t:|1760728543
|switch|p1a: Weeze-Cigarette|Weezing-Galar, M|15/100
|-ability|p1a: Weeze-Cigarette|Neutralizing Gas
|move|p2a: Araquanid|Liquidation|p1a: Weeze-Cigarette
|-damage|p1a: Weeze-Cigarette|0 fnt
|faint|p1a: Weeze-Cigarette
|-end|p1a: Weeze-Cigarette|ability: Neutralizing Gas
|
|upkeep
|
|t:|1760728546
|switch|p1a: Meowscarada|Meowscarada, F|55/100
|turn|37
|
|t:|1760728549
|move|p1a: Meowscarada|Knock Off|p2a: Araquanid
|-start|p1a: Meowscarada|typechange|Dark|[from] ability: Protean
|-damage|p2a: Araquanid|0 fnt
|faint|p2a: Araquanid
|
|upkeep
|
|t:|1760728557
|switch|p2a: Iron Boulder|Iron Boulder|100/100
|-damage|p2a: Iron Boulder|88/100|[from] Stealth Rock
|-enditem|p2a: Iron Boulder|Booster Energy
|-activate|p2a: Iron Boulder|ability: Quark Drive|[fromitem]
|-start|p2a: Iron Boulder|quarkdrivespe
|turn|38
|
|t:|1760728564
|switch|p1a: Keldeo|Keldeo|72/100 tox
|-terastallize|p2a: Iron Boulder|Fighting
|move|p2a: Iron Boulder|Swords Dance|p2a: Iron Boulder
|-boost|p2a: Iron Boulder|atk|2
|
|-damage|p1a: Keldeo|66/100 tox|[from] psn
|upkeep
|turn|39
|
|t:|1760728570
|move|p2a: Iron Boulder|Psycho Cut|p1a: Keldeo
|-supereffective|p1a: Keldeo
|-damage|p1a: Keldeo|0 fnt
|faint|p1a: Keldeo
|
|upkeep
|
|t:|1760728592
|switch|p1a: Fezandipiti|Fezandipiti, M|69/100
|turn|40
|
|t:|1760728600
|-terastallize|p1a: Fezandipiti|Dark
|move|p2a: Iron Boulder|Mighty Cleave|p1a: Fezandipiti
|-damage|p1a: Fezandipiti|0 fnt
|faint|p1a: Fezandipiti
|
|upkeep
|
|t:|1760728603
|switch|p1a: Heatran|Heatran, F|55/100
|turn|41
|
|t:|1760728607
|move|p2a: Iron Boulder|Close Combat|p1a: Heatran
|-supereffective|p1a: Heatran
|-damage|p1a: Heatran|0 fnt
|-unboost|p2a: Iron Boulder|def|1
|-unboost|p2a: Iron Boulder|spd|1
|faint|p1a: Heatran
|
|upkeep
|
|t:|1760728608
|switch|p1a: Meowscarada|Meowscarada, F|55/100
|turn|42
|
|t:|1760728610
|move|p1a: Meowscarada|Sucker Punch|p2a: Iron Boulder
|-start|p1a: Meowscarada|typechange|Dark|[from] ability: Protean
|-resisted|p2a: Iron Boulder
|-damage|p2a: Iron Boulder|42/100
|move|p2a: Iron Boulder|Close Combat|p1a: Meowscarada
|-supereffective|p1a: Meowscarada
|-damage|p1a: Meowscarada|0 fnt
|-unboost|p2a: Iron Boulder|def|1
|-unboost|p2a: Iron Boulder|spd|1
|faint|p1a: Meowscarada
|
|win|Essayemm
|raw|Penguinxdd's rating: 1262 &rarr; <strong>1239</strong><br />(-23 for losing)
|raw|Essayemm's rating: 1294 &rarr; <strong>1317</strong><br />(+23 for winning)
|l|☆Penguinxdd
|player|p1|
