|j|☆caeluskasai
|j|☆Jinghan Yu
|t:|1760758032
|gametype|singles
|player|p1|caeluskasai|burglar|1182
|player|p2|Jinghan Yu|nate|1166
|gen|9
|tier|[Gen 9] OU
|rated|
|rule|HP Percentage Mod: HP is shown in percentages
|rule|Endless Battle Clause: Forcing endless battles is banned
|rule|Species Clause: Limit one of each Pokémon
|rule|OHKO Clause: OHKO moves are banned
|rule|Evasion Items Clause: Evasion items are banned
|rule|Evasion Moves Clause: Evasion moves are banned
|rule|Evasion Abilities Clause: Evasion abilities are banned
|rule|Sleep Moves Clause: Sleep-inducing moves are banned
|clearpoke
|poke|p1|Volcanion|
|poke|p1|Talonflame, M|
|poke|p1|Tauros-Paldea-Blaze, M|
|poke|p1|Rotom-Heat|
|poke|p1|Iron Moth|
|poke|p1|Magmar, F|
|poke|p2|Heracross, M|
|poke|p2|Umbreon, M|
|poke|p2|Dragonite, M|
|poke|p2|Gyarados, M|
|poke|p2|Emboar, M|
|poke|p2|Venusaur, M|
|teampreview
|
|t:|1760758037
|teamsize|p1|6
|teamsize|p2|6
|start
|switch|p1a: Magmar|Magmar, F|100/100
|switch|p2a: Osten|Gyarados, M, shiny|100/100
|-ability|p2a: Osten|Intimidate|boost
|-unboost|p1a: Magmar|atk|1
|turn|1
|
|t:|1760758043
|move|p2a: Osten|Dragon Dance|p2a: Osten
|-boost|p2a: Osten|atk|1
|-boost|p2a: Osten|spe|1
|move|p1a: Magmar|Will-O-Wisp|p2a: Osten
|-status|p2a: Osten|brn
|
|-damage|p2a: Osten|94/100 brn|[from] brn
|upkeep
|turn|2
|
|t:|1760758050
|move|p2a: Osten|Dragon Dance|p2a: Osten
|-boost|p2a: Osten|atk|1
|-boost|p2a: Osten|spe|1
|move|p1a: Magmar|Taunt|p2a: Osten
|-start|p2a: Osten|move: Taunt
|
|-heal|p2a: Osten|100/100 brn|[from] item: Leftovers
|-damage|p2a: Osten|94/100 brn|[from] brn
|upkeep
|turn|3
|
|t:|1760758054
|move|p2a: Osten|Waterfall|p1a: Magmar
|-supereffective|p1a: Magmar
|-damage|p1a: Magmar|6/100
|move|p1a: Magmar|Lava Plume|p2a: Osten
|-resisted|p2a: Osten
|-damage|p2a: Osten|81/100 brn
|
|-heal|p2a: Osten|87/100 brn|[from] item: Leftovers
|-damage|p2a: Osten|81/100 brn|[from] brn
|upkeep
|turn|4
|
|t:|1760758065
|move|p2a: Osten|Waterfall|p1a: Magmar
|-supereffective|p1a: Magmar
|-damage|p1a: Magmar|0 fnt
|faint|p1a: Magmar
|
|-heal|p2a: Osten|87/100 brn|[from] item: Leftovers
|-damage|p2a: Osten|81/100 brn|[from] brn
|upkeep
|
|t:|1760758070
|switch|p1a: Rotom|Rotom-Heat|100/100
|turn|5
|
|t:|1760758073
|move|p2a: Osten|Waterfall|p1a: Rotom
|-supereffective|p1a: Rotom
|-damage|p1a: Rotom|0 fnt
|faint|p1a: Rotom
|
|-heal|p2a: Osten|87/100 brn|[from] item: Leftovers
|-damage|p2a: Osten|81/100 brn|[from] brn
|-end|p2a: Osten|move: Taunt
|upkeep
|
|t:|1760758086
|switch|p1a: Talonflame|Talonflame, M|100/100
|turn|6
|
|t:|1760758091
|move|p1a: Talonflame|Tailwind|p1a: Talonflame
|-sidestart|p1: caeluskasai|move: Tailwind
|move|p2a: Osten|Waterfall|p1a: Talonflame
|-supereffective|p1a: Talonflame
|-damage|p1a: Talonflame|0 fnt
|faint|p1a: Talonflame
|
|-heal|p2a: Osten|87/100 brn|[from] item: Leftovers
|-damage|p2a: Osten|81/100 brn|[from] brn
|upkeep
|
|t:|1760758093
|switch|p1a: Tauros|Tauros-Paldea-Blaze, M|100/100
|turn|7
|
|t:|1760758095
|move|p1a: Tauros|Wild Charge|p2a: Osten
|-supereffective|p2a: Osten
|-damage|p2a: Osten|0 fnt
|faint|p2a: Osten
|-damage|p1a: Tauros|78/100|[from] Recoil
|
|upkeep
|
|t:|1760758098
|switch|p2a: Benedy|Emboar, M|100/100
|turn|8
|
|t:|1760758103
|move|p1a: Tauros|Earthquake|p2a: Benedy
|-supereffective|p2a: Benedy
|-damage|p2a: Benedy|20/100
|move|p2a: Benedy|Sunny Day|p2a: Benedy
|-weather|SunnyDay
|
|-weather|SunnyDay|[upkeep]
|upkeep
|turn|9
|
|t:|1760758110
|move|p1a: Tauros|Earthquake|p2a: Benedy
|-supereffective|p2a: Benedy
|-damage|p2a: Benedy|0 fnt
|faint|p2a: Benedy
|
|-weather|SunnyDay|[upkeep]
|-sideend|p1: caeluskasai|move: Tailwind
|upkeep
|
|t:|1760758115
|switch|p2a: Devon|Venusaur, M|100/100
|turn|10
|
|t:|1760758121
|move|p2a: Devon|Earth Power|p1a: Tauros
|-supereffective|p1a: Tauros
|-damage|p1a: Tauros|0 fnt
|faint|p1a: Tauros
|
|-weather|SunnyDay|[upkeep]
|upkeep
|
|t:|1760758126
|switch|p1a: Iron Moth|Iron Moth|100/100
|turn|11
|
|t:|1760758129
|-terastallize|p1a: Iron Moth|Grass
|move|p2a: Devon|Earth Power|p1a: Iron Moth
|-resisted|p1a: Iron Moth
|-damage|p1a: Iron Moth|85/100
|move|p1a: Iron Moth|Fiery Dance|p2a: Devon
|-supereffective|p2a: Devon
|-damage|p2a: Devon|0 fnt
|faint|p2a: Devon
|
|-weather|SunnyDay|[upkeep]
|upkeep
|
|t:|1760758138
|switch|p2a: Avedis|Umbreon, M, shiny|100/100
|turn|12
|
|t:|1760758142
|move|p2a: Avedis|Protect|p2a: Avedis
|-singleturn|p2a: Avedis|Protect
|move|p1a: Iron Moth|Fiery Dance|p2a: Avedis
|-activate|p2a: Avedis|move: Protect
|
|-weather|none
|upkeep
|turn|13
|
|t:|1760758146
|move|p1a: Iron Moth|Meteor Beam||[still]
|-prepare|p1a: Iron Moth|Meteor Beam
|-boost|p1a: Iron Moth|spa|1
|-enditem|p1a: Iron Moth|Power Herb
|-anim|p1a: Iron Moth|Meteor Beam|p2a: Avedis|[miss]
|-miss|p1a: Iron Moth|p2a: Avedis
|move|p2a: Avedis|Toxic|p1a: Iron Moth
|-status|p1a: Iron Moth|tox
|
|-damage|p1a: Iron Moth|79/100 tox|[from] psn
|upkeep
|turn|14
|
|t:|1760758154
|move|p1a: Iron Moth|Fiery Dance|p2a: Avedis
|-damage|p2a: Avedis|56/100
|move|p2a: Avedis|Wish|p2a: Avedis
|
|-heal|p2a: Avedis|62/100|[from] item: Leftovers
|-damage|p1a: Iron Moth|67/100 tox|[from] psn
|upkeep
|turn|15
|
|t:|1760758158
|move|p2a: Avedis|Protect|p2a: Avedis
|-singleturn|p2a: Avedis|Protect
|move|p1a: Iron Moth|Energy Ball|p2a: Avedis
|-activate|p2a: Avedis|move: Protect
|
|-heal|p2a: Avedis|100/100|[from] move: Wish|[wisher] Avedis
|-damage|p1a: Iron Moth|49/100 tox|[from] psn
|upkeep
|turn|16
|
|t:|1760758163
|move|p1a: Iron Moth|Energy Ball|p2a: Avedis
|-damage|p2a: Avedis|50/100
|move|p2a: Avedis|Wish|p2a: Avedis
|
|-heal|p2a: Avedis|56/100|[from] item: Leftovers
|-damage|p1a: Iron Moth|25/100 tox|[from] psn
|upkeep
|turn|17
|
|t:|1760758166
|move|p2a: Avedis|Protect|p2a: Avedis
|-singleturn|p2a: Avedis|Protect
|move|p1a: Iron Moth|Energy Ball|p2a: Avedis
|-activate|p2a: Avedis|move: Protect
|
|-heal|p2a: Avedis|100/100|[from] move: Wish|[wisher] Avedis
|-damage|p1a: Iron Moth|0 fnt|[from] psn
|faint|p1a: Iron Moth
|-end|p1a: Iron Moth|Quark Drive|[silent]
|upkeep
|
|t:|1760758167
|switch|p1a: Volcanion|Volcanion|100/100
|turn|18
|
|t:|1760758169
|move|p1a: Volcanion|Steam Eruption|p2a: Avedis
|-damage|p2a: Avedis|58/100
|-status|p2a: Avedis|brn
|-activate|p2a: Avedis|ability: Synchronize
|-immune|p1a: Volcanion
|move|p2a: Avedis|Toxic|p1a: Volcanion
|-status|p1a: Volcanion|tox
|
|-heal|p2a: Avedis|64/100 brn|[from] item: Leftovers
|-damage|p1a: Volcanion|94/100 tox|[from] psn
|-damage|p2a: Avedis|58/100 brn|[from] brn
|upkeep
|turn|19
|
|t:|1760758179
|move|p2a: Avedis|Protect|p2a: Avedis
|-singleturn|p2a: Avedis|Protect
|move|p1a: Volcanion|Steam Eruption|p2a: Avedis
|-activate|p2a: Avedis|move: Protect
|
|-heal|p2a: Avedis|64/100 brn|[from] item: Leftovers
|-damage|p1a: Volcanion|82/100 tox|[from] psn
|-damage|p2a: Avedis|58/100 brn|[from] brn
|upkeep
|turn|20
|
|t:|1760758183
|move|p1a: Volcanion|Steam Eruption|p2a: Avedis
|-damage|p2a: Avedis|17/100 brn
|move|p2a: Avedis|Wish|p2a: Avedis
|
|-heal|p2a: Avedis|23/100 brn|[from] item: Leftovers
|-damage|p1a: Volcanion|64/100 tox|[from] psn
|-damage|p2a: Avedis|17/100 brn|[from] brn
|upkeep
|turn|21
|
|t:|1760758186
|move|p2a: Avedis|Protect|p2a: Avedis
|-singleturn|p2a: Avedis|Protect
|move|p1a: Volcanion|Steam Eruption|p2a: Avedis
|-activate|p2a: Avedis|move: Protect
|
|-heal|p2a: Avedis|67/100 brn|[from] move: Wish|[wisher] Avedis
|-heal|p2a: Avedis|73/100 brn|[from] item: Leftovers
|-damage|p1a: Volcanion|40/100 tox|[from] psn
|-damage|p2a: Avedis|67/100 brn|[from] brn
|upkeep
|turn|22
|
|t:|1760758188
|move|p1a: Volcanion|Steam Eruption|p2a: Avedis
|-crit|p2a: Avedis
|-damage|p2a: Avedis|0 fnt
|faint|p2a: Avedis
|
|-damage|p1a: Volcanion|10/100 tox|[from] psn
|upkeep
|
|t:|1760758192
|switch|p2a: Donavan|Dragonite, M, shiny|100/100
|turn|23
|
|t:|1760758194
|move|p2a: Donavan|Extreme Speed|p1a: Volcanion
|-damage|p1a: Volcanion|0 fnt
|faint|p1a: Volcanion
|
|win|Jinghan Yu
|raw|caeluskasai's rating: 1182 &rarr; <strong>1156</strong><br />(-26 for losing)
|raw|Jinghan Yu's rating: 1166 &rarr; <strong>1192</strong><br />(+26 for winning)
|l|☆caeluskasai
|player|p1|
|l|☆Jinghan Yu
|player|p2|
