|j|☆n3684q
|j|☆berryjuicejoy
|t:|1760824373
|gametype|singles
|player|p1|n3684q|1|1298
|player|p2|berryjuicejoy|karen-gen2|1293
|gen|9
|tier|[Gen 9] OU
|rated|
|rule|HP Percentage Mod: HP is shown in percentages
|rule|Endless Battle Clause: Forcing endless battles is banned
|rule|Species Clause: Limit one of each Pokémon
|rule|OHKO Clause: OHKO moves are banned
|rule|Evasion Items Clause: Evasion items are banned
|rule|Evasion Moves Clause: Evasion moves are banned
|rule|Evasion Abilities Clause: Evasion abilities are banned
|rule|Sleep Moves Clause: Sleep-inducing moves are banned
|clearpoke
|poke|p1|Probopass, M|
|poke|p1|Iron Crown|
|poke|p1|Sinistcha|
|poke|p1|Grimmsnarl, M|
|poke|p1|Kyurem|
|poke|p1|Great Tusk|
|poke|p2|Slowking-Galar, F|
|poke|p2|Serperior, M|
|poke|p2|Enamorus-Therian, F|
|poke|p2|Bisharp, F|
|poke|p2|Volcanion|
|poke|p2|Zapdos|
|teampreview
|inactive|Battle timer is ON: inactive players will automatically lose when time's up. (requested by n3684q)
|inactive|berryjuicejoy has 120 seconds left.
|
|t:|1760824415
|teamsize|p1|6
|teamsize|p2|6
|start
|switch|p1a: Norton|Grimmsnarl, M|100/100
|switch|p2a: Bisharp|Bisharp, F|100/100
|turn|1
|
|t:|1760824419
|move|p1a: Norton|Reflect|p1a: Norton
|-sidestart|p1: n3684q|Reflect
|move|p2a: Bisharp|Iron Head|p1a: Norton
|-supereffective|p1a: Norton
|-damage|p1a: Norton|63/100
|
|upkeep
|turn|2
|
|t:|1760824423
|move|p1a: Norton|Light Screen|p1a: Norton
|-sidestart|p1: n3684q|move: Light Screen
|move|p2a: Bisharp|Iron Head|p1a: Norton
|-supereffective|p1a: Norton
|-damage|p1a: Norton|29/100
|
|upkeep
|turn|3
|
|t:|1760824431
|switch|p1a: Itsume Probo|Probopass, M|100/100
|move|p2a: Bisharp|Iron Head|p1a: Itsume Probo
|-damage|p1a: Itsume Probo|88/100
|-damage|p2a: Bisharp|84/100|[from] item: Rocky Helmet|[of] p1a: Itsume Probo
|
|upkeep
|turn|4
|
|t:|1760824437
|-terastallize|p2a: Bisharp|Ghost
|move|p2a: Bisharp|Swords Dance|p2a: Bisharp
|-boost|p2a: Bisharp|atk|2
|move|p1a: Itsume Probo|Stealth Rock|p2a: Bisharp
|-sidestart|p2: berryjuicejoy|move: Stealth Rock
|
|upkeep
|turn|5
|
|t:|1760824441
|move|p2a: Bisharp|Swords Dance|p2a: Bisharp
|-boost|p2a: Bisharp|atk|2
|move|p1a: Itsume Probo|Thunder Wave|p2a: Bisharp
|-status|p2a: Bisharp|par
|
|upkeep
|turn|6
|
|t:|1760824447
|move|p1a: Itsume Probo|Flash Cannon|p2a: Bisharp
|-damage|p2a: Bisharp|65/100 par
|cant|p2a: Bisharp|par
|
|upkeep
|turn|7
|
|t:|1760824451
|move|p1a: Itsume Probo|Flash Cannon|p2a: Bisharp
|-damage|p2a: Bisharp|45/100 par
|move|p2a: Bisharp|Low Kick|p1a: Itsume Probo
|-supereffective|p1a: Itsume Probo
|-damage|p1a: Itsume Probo|0 fnt
|-damage|p2a: Bisharp|29/100 par|[from] item: Rocky Helmet|[of] p1a: Itsume Probo
|faint|p1a: Itsume Probo
|
|upkeep
|
|t:|1760824455
|switch|p1a: Great Tusk|Great Tusk|100/100
|turn|8
|
|t:|1760824458
|cant|p2a: Bisharp|par
|move|p1a: Great Tusk|Knock Off|p2a: Bisharp
|-supereffective|p2a: Bisharp
|-damage|p2a: Bisharp|0 fnt
|-enditem|p2a: Bisharp|Eviolite|[from] move: Knock Off|[of] p1a: Great Tusk
|faint|p2a: Bisharp
|
|-sideend|p1: n3684q|Reflect
|upkeep
|
|t:|1760824476
|switch|p2a: Serperior|Serperior, M|100/100
|-damage|p2a: Serperior|88/100|[from] Stealth Rock
|turn|9
|
|t:|1760824480
|move|p2a: Serperior|Leaf Storm|p1a: Great Tusk
|-supereffective|p1a: Great Tusk
|-damage|p1a: Great Tusk|69/100
|-boost|p2a: Serperior|spa|2
|move|p1a: Great Tusk|Ice Spinner|p2a: Serperior
|-supereffective|p2a: Serperior
|-damage|p2a: Serperior|16/100
|
|-sideend|p1: n3684q|move: Light Screen
|upkeep
|turn|10
|
|t:|1760824491
|-end|p1a: Great Tusk|Protosynthesis|[silent]
|switch|p1a: Iron Mugulis|Sinistcha|100/100
|move|p2a: Serperior|Leaf Storm|p1a: Iron Mugulis
|-resisted|p1a: Iron Mugulis
|-damage|p1a: Iron Mugulis|41/100
|-boost|p2a: Serperior|spa|2
|
|upkeep
|turn|11
|
|t:|1760824504
|move|p2a: Serperior|Leaf Storm|p1a: Iron Mugulis
|-resisted|p1a: Iron Mugulis
|-damage|p1a: Iron Mugulis|0 fnt
|-boost|p2a: Serperior|spa|2
|faint|p1a: Iron Mugulis
|
|upkeep
|
|t:|1760824507
|switch|p1a: Norton|Grimmsnarl, M|29/100
|turn|12
|
|t:|1760824535
|move|p1a: Norton|Light Screen|p1a: Norton
|-sidestart|p1: n3684q|move: Light Screen
|move|p2a: Serperior|Leaf Storm|p1a: Norton
|-damage|p1a: Norton|0 fnt
|faint|p1a: Norton
|
|upkeep
|
|t:|1760824550
|switch|p1a: Great Tusk|Great Tusk|69/100
|turn|13
|inactive|berryjuicejoy has 120 seconds left.
|
|t:|1760824574
|-terastallize|p1a: Great Tusk|Steel
|move|p2a: Serperior|Leaf Storm|p1a: Great Tusk
|-resisted|p1a: Great Tusk
|-damage|p1a: Great Tusk|37/100
|move|p1a: Great Tusk|Rapid Spin|p2a: Serperior
|-damage|p2a: Serperior|0 fnt
|-boost|p1a: Great Tusk|spe|1
|faint|p2a: Serperior
|
|upkeep
|inactive|berryjuicejoy has 120 seconds left.
|
|t:|1760824581
|switch|p2a: Zapdos|Zapdos|100/100
|turn|14
|
|t:|1760824593
|move|p1a: Great Tusk|Ice Spinner|p2a: Zapdos
|-supereffective|p2a: Zapdos
|-damage|p2a: Zapdos|27/100
|move|p2a: Zapdos|Heat Wave|p1a: Great Tusk
|-supereffective|p1a: Great Tusk
|-damage|p1a: Great Tusk|14/100
|
|upkeep
|turn|15
|
|t:|1760824610
|move|p1a: Great Tusk|Ice Spinner|p2a: Zapdos
|-supereffective|p2a: Zapdos
|-damage|p2a: Zapdos|0 fnt
|-status|p1a: Great Tusk|par|[from] ability: Static|[of] p2a: Zapdos
|faint|p2a: Zapdos
|
|upkeep
|
|t:|1760824617
|switch|p2a: Volcanion|Volcanion|100/100
|turn|16
|
|t:|1760824640
|move|p2a: Volcanion|Steam Eruption|p1a: Great Tusk
|-damage|p1a: Great Tusk|0 fnt
|faint|p1a: Great Tusk
|-end|p1a: Great Tusk|Protosynthesis|[silent]
|
|upkeep
|
|t:|1760824651
|switch|p1a: Freeze Corleone|Kyurem|100/100
|-ability|p1a: Freeze Corleone|Pressure
|turn|17
|inactive|berryjuicejoy has 120 seconds left.
|
|t:|1760824682
|move|p1a: Freeze Corleone|Dragon Dance|p1a: Freeze Corleone
|-boost|p1a: Freeze Corleone|atk|1
|-boost|p1a: Freeze Corleone|spe|1
|move|p2a: Volcanion|Body Press|p1a: Freeze Corleone
|-supereffective|p1a: Freeze Corleone
|-damage|p1a: Freeze Corleone|62/100
|
|upkeep
|turn|18
|
|t:|1760824694
|move|p1a: Freeze Corleone|Earth Power|p2a: Volcanion
|-supereffective|p2a: Volcanion
|-damage|p2a: Volcanion|41/100
|move|p2a: Volcanion|Body Press|p1a: Freeze Corleone
|-supereffective|p1a: Freeze Corleone
|-damage|p1a: Freeze Corleone|21/100
|
|upkeep
|turn|19
|
|t:|1760824703
|move|p1a: Freeze Corleone|Earth Power|p2a: Volcanion
|-supereffective|p2a: Volcanion
|-damage|p2a: Volcanion|0 fnt
|faint|p2a: Volcanion
|
|-sideend|p1: n3684q|move: Light Screen
|upkeep
|
|t:|1760824706
|switch|p2a: Slowking|Slowking-Galar, F|100/100
|-damage|p2a: Slowking|88/100|[from] Stealth Rock
|turn|20
|-activate|p2a: Slowking|item: Quick Claw
|
|t:|1760824731
|move|p2a: Slowking|Sludge Wave|p1a: Freeze Corleone
|-damage|p1a: Freeze Corleone|0 fnt
|faint|p1a: Freeze Corleone
|
|upkeep
|
|t:|1760824736
|switch|p1a: Iron CHOP|Iron Crown|100/100
|turn|21
|-activate|p2a: Slowking|item: Quick Claw
|
|t:|1760824739
|move|p2a: Slowking|Flamethrower|p1a: Iron CHOP
|-supereffective|p1a: Iron CHOP
|-damage|p1a: Iron CHOP|43/100
|-enditem|p1a: Iron CHOP|Weakness Policy
|-boost|p1a: Iron CHOP|atk|2|[from] item: Weakness Policy
|-boost|p1a: Iron CHOP|spa|2|[from] item: Weakness Policy
|move|p1a: Iron CHOP|Calm Mind|p1a: Iron CHOP
|-boost|p1a: Iron CHOP|spa|1
|-boost|p1a: Iron CHOP|spd|1
|
|upkeep
|turn|22
|-activate|p2a: Slowking|item: Quick Claw
|
|t:|1760824749
|move|p2a: Slowking|Flamethrower|p1a: Iron CHOP
|-supereffective|p1a: Iron CHOP
|-damage|p1a: Iron CHOP|7/100
|move|p1a: Iron CHOP|Stored Power|p2a: Slowking
|-damage|p2a: Slowking|0 fnt
|faint|p2a: Slowking
|
|upkeep
|
|t:|1760824751
|switch|p2a: Enamorus|Enamorus-Therian, F|100/100
|-damage|p2a: Enamorus|76/100|[from] Stealth Rock
|turn|23
|
|t:|1760824758
|move|p1a: Iron CHOP|Tachyon Cutter|p2a: Enamorus
|-supereffective|p2a: Enamorus
|-damage|p2a: Enamorus|0 fnt
|faint|p2a: Enamorus
|-hitcount|p2: Enamorus|1
|
|win|n3684q
|raw|n3684q's rating: 1298 &rarr; <strong>1323</strong><br />(+25 for winning)
|raw|berryjuicejoy's rating: 1293 &rarr; <strong>1268</strong><br />(-25 for losing)
|c|☆n3684q|ggwp
|l|☆berryjuicejoy
|player|p2|
|l|☆n3684q
|player|p1|
