|j|☆eatsleepjdm
|j|☆Danxsh17
|t:|1760850339
|gametype|singles
|player|p1|eatsleepjdm|1|1370
|player|p2|Danxsh17|101|1392
|gen|9
|tier|[Gen 9] OU
|rated|
|rule|HP Percentage Mod: HP is shown in percentages
|rule|Endless Battle Clause: Forcing endless battles is banned
|rule|Species Clause: Limit one of each Pokémon
|rule|OHKO Clause: OHKO moves are banned
|rule|Evasion Items Clause: Evasion items are banned
|rule|Evasion Moves Clause: Evasion moves are banned
|rule|Evasion Abilities Clause: Evasion abilities are banned
|rule|Sleep Moves Clause: Sleep-inducing moves are banned
|clearpoke
|poke|p1|Sableye, F|
|poke|p1|Tentacruel, F|
|poke|p1|Deoxys-Speed|
|poke|p1|Heatran, M|
|poke|p1|Zamazenta-*|
|poke|p1|Mamoswine, F|
|poke|p2|Iron Valiant|
|poke|p2|Zamazenta-*|
|poke|p2|Ogerpon-Cornerstone, F|
|poke|p2|Landorus-Therian, M|
|poke|p2|Darkrai|
|poke|p2|Hatterene, F|
|teampreview
|inactive|Battle timer is ON: inactive players will automatically lose when time's up. (requested by Danxsh17)
|
|t:|1760850350
|teamsize|p1|6
|teamsize|p2|6
|start
|switch|p1a: Mamoswine|Mamoswine, F|100/100
|switch|p2a: Darkrai|Darkrai|100/100
|turn|1
|
|t:|1760850356
|switch|p1a: Tentacruel|Tentacruel, F|100/100
|move|p2a: Darkrai|Will-O-Wisp|p1a: Tentacruel
|-status|p1a: Tentacruel|brn
|
|-damage|p1a: Tentacruel|94/100 brn|[from] brn
|upkeep
|turn|2
|
|t:|1760850359
|move|p2a: Darkrai|Knock Off|p1a: Tentacruel
|-damage|p1a: Tentacruel|52/100 brn
|-enditem|p1a: Tentacruel|Black Sludge|[from] move: Knock Off|[of] p2a: Darkrai
|move|p1a: Tentacruel|Flip Turn|p2a: Darkrai
|-damage|p2a: Darkrai|91/100
|
|t:|1760850366
|switch|p1a: Zamazenta|Zamazenta|100/100|[from] Flip Turn
|-ability|p1a: Zamazenta|Dauntless Shield|boost
|-boost|p1a: Zamazenta|def|1
|
|upkeep
|turn|3
|
|t:|1760850372
|switch|p2a: Landorus|Landorus-Therian, M|100/100
|-ability|p2a: Landorus|Intimidate|boost
|-unboost|p1a: Zamazenta|atk|1
|move|p1a: Zamazenta|Close Combat|p2a: Landorus
|-resisted|p2a: Landorus
|-damage|p2a: Landorus|71/100
|-unboost|p1a: Zamazenta|def|1
|-unboost|p1a: Zamazenta|spd|1
|-damage|p1a: Zamazenta|84/100|[from] item: Rocky Helmet|[of] p2a: Landorus
|
|upkeep
|turn|4
|
|t:|1760850379
|switch|p1a: Mamoswine|Mamoswine, F|100/100
|move|p2a: Landorus|Stealth Rock|p1a: Mamoswine
|-sidestart|p1: eatsleepjdm|move: Stealth Rock
|
|upkeep
|turn|5
|
|t:|1760850387
|move|p2a: Landorus|U-turn|p1a: Mamoswine
|-damage|p1a: Mamoswine|79/100
|
|t:|1760850389
|switch|p2a: Darkrai|Darkrai|91/100|[from] U-turn
|move|p1a: Mamoswine|Earthquake|p2a: Darkrai
|-damage|p2a: Darkrai|13/100
|
|-heal|p1a: Mamoswine|85/100|[from] item: Leftovers
|upkeep
|turn|6
|
|t:|1760850395
|move|p1a: Mamoswine|Ice Shard|p2a: Darkrai
|-damage|p2a: Darkrai|0 fnt
|faint|p2a: Darkrai
|
|-heal|p1a: Mamoswine|91/100|[from] item: Leftovers
|upkeep
|
|t:|1760850397
|switch|p2a: Zamazenta|Zamazenta|100/100
|-ability|p2a: Zamazenta|Dauntless Shield|boost
|-boost|p2a: Zamazenta|def|1
|turn|7
|
|t:|1760850400
|switch|p1a: Sableye|Sableye, F|100/100
|-damage|p1a: Sableye|88/100|[from] Stealth Rock
|move|p2a: Zamazenta|Close Combat|p1a: Sableye
|-immune|p1a: Sableye
|
|upkeep
|turn|8
|
|t:|1760850403
|move|p2a: Zamazenta|Close Combat|p1a: Sableye
|-immune|p1a: Sableye
|move|p1a: Sableye|Knock Off|p2a: Zamazenta
|-resisted|p2a: Zamazenta
|-damage|p2a: Zamazenta|92/100
|-enditem|p2a: Zamazenta|Heavy-Duty Boots|[from] move: Knock Off|[of] p1a: Sableye
|
|upkeep
|turn|9
|
|t:|1760850408
|switch|p2a: Hatterene|Hatterene, F|100/100
|move|p1a: Sableye|Knock Off|p2a: Hatterene
|-damage|p2a: Hatterene|69/100
|-enditem|p2a: Hatterene|Assault Vest|[from] move: Knock Off|[of] p1a: Sableye
|
|upkeep
|turn|10
|
|t:|1760850412
|switch|p1a: Tentacruel|Tentacruel, F|52/100 brn
|-damage|p1a: Tentacruel|40/100 brn|[from] Stealth Rock
|move|p2a: Hatterene|Draining Kiss|p1a: Tentacruel
|-resisted|p1a: Tentacruel
|-damage|p1a: Tentacruel|31/100 brn
|-damage|p2a: Hatterene|62/100|[from] ability: Liquid Ooze|[of] p1a: Tentacruel
|
|-damage|p1a: Tentacruel|25/100 brn|[from] brn
|upkeep
|turn|11
|
|t:|1760850418
|move|p1a: Tentacruel|Rapid Spin|p2a: Hatterene
|-damage|p2a: Hatterene|57/100
|-boost|p1a: Tentacruel|spe|1
|-sideend|p1: eatsleepjdm|Stealth Rock|[from] move: Rapid Spin|[of] p1a: Tentacruel
|move|p2a: Hatterene|Psychic Noise|p1a: Tentacruel
|-supereffective|p1a: Tentacruel
|-damage|p1a: Tentacruel|0 fnt
|faint|p1a: Tentacruel
|
|upkeep
|
|t:|1760850432
|switch|p1a: Deoxys|Deoxys-Speed|100/100
|-ability|p1a: Deoxys|Pressure
|turn|12
|
|t:|1760850437
|move|p1a: Deoxys|Calm Mind|p1a: Deoxys
|-boost|p1a: Deoxys|spa|1
|-boost|p1a: Deoxys|spd|1
|move|p2a: Hatterene|Nuzzle|p1a: Deoxys
|-damage|p1a: Deoxys|95/100
|
|upkeep
|turn|13
|
|t:|1760850456
|move|p1a: Deoxys|Calm Mind|p1a: Deoxys
|-boost|p1a: Deoxys|spa|1
|-boost|p1a: Deoxys|spd|1
|move|p2a: Hatterene|Mystical Fire|p1a: Deoxys
|-damage|p1a: Deoxys|79/100
|
|upkeep
|turn|14
|
|t:|1760850464
|move|p1a: Deoxys|Calm Mind|p1a: Deoxys
|-boost|p1a: Deoxys|spa|1
|-boost|p1a: Deoxys|spd|1
|move|p2a: Hatterene|Psychic Noise|p1a: Deoxys
|-resisted|p1a: Deoxys
|-damage|p1a: Deoxys|68/100
|
|upkeep
|turn|15
|
|t:|1760850468
|move|p1a: Deoxys|Calm Mind|p1a: Deoxys
|-boost|p1a: Deoxys|spa|1
|-boost|p1a: Deoxys|spd|1
|move|p2a: Hatterene|Draining Kiss|p1a: Deoxys
|-damage|p1a: Deoxys|56/100
|-heal|p2a: Hatterene|65/100|[from] drain|[of] p1a: Deoxys
|
|upkeep
|turn|16
|
|t:|1760850472
|move|p1a: Deoxys|Calm Mind|p1a: Deoxys
|-boost|p1a: Deoxys|spa|1
|-boost|p1a: Deoxys|spd|1
|move|p2a: Hatterene|Draining Kiss|p1a: Deoxys
|-damage|p1a: Deoxys|46/100
|-heal|p2a: Hatterene|73/100|[from] drain|[of] p1a: Deoxys
|
|upkeep
|turn|17
|
|t:|1760850475
|move|p1a: Deoxys|Recover|p1a: Deoxys
|-heal|p1a: Deoxys|96/100
|move|p2a: Hatterene|Draining Kiss|p1a: Deoxys
|-damage|p1a: Deoxys|86/100
|-heal|p2a: Hatterene|80/100|[from] drain|[of] p1a: Deoxys
|
|upkeep
|turn|18
|
|t:|1760850478
|move|p1a: Deoxys|Calm Mind|p1a: Deoxys
|-boost|p1a: Deoxys|spa|1
|-boost|p1a: Deoxys|spd|1
|move|p2a: Hatterene|Draining Kiss|p1a: Deoxys
|-damage|p1a: Deoxys|77/100
|-heal|p2a: Hatterene|86/100|[from] drain|[of] p1a: Deoxys
|
|upkeep
|turn|19
|
|t:|1760850481
|move|p1a: Deoxys|Stored Power|p2a: Hatterene
|-resisted|p2a: Hatterene
|-damage|p2a: Hatterene|0 fnt
|faint|p2a: Hatterene
|
|upkeep
|
|t:|1760850485
|switch|p2a: Ogerpon|Ogerpon-Cornerstone, F|100/100
|turn|20
|
|t:|1760850490
|move|p1a: Deoxys|Stored Power|p2a: Ogerpon
|-ability|p2a: Ogerpon|Sturdy
|-damage|p2a: Ogerpon|1/100
|move|p2a: Ogerpon|Ivy Cudgel|p1a: Deoxys|[anim] Ivy Cudgel Rock
|-crit|p1a: Deoxys
|-damage|p1a: Deoxys|0 fnt
|faint|p1a: Deoxys
|
|upkeep
|
|t:|1760850494
|switch|p1a: Mamoswine|Mamoswine, F|91/100
|turn|21
|
|t:|1760850498
|switch|p2a: Zamazenta|Zamazenta|92/100
|move|p1a: Mamoswine|Ice Shard|p2a: Zamazenta
|-damage|p2a: Zamazenta|73/100
|
|-heal|p1a: Mamoswine|97/100|[from] item: Leftovers
|upkeep
|turn|22
|
|t:|1760850500
|switch|p1a: Sableye|Sableye, F|88/100
|move|p2a: Zamazenta|Close Combat|p1a: Sableye
|-immune|p1a: Sableye
|
|upkeep
|turn|23
|
|t:|1760850503
|switch|p2a: Landorus|Landorus-Therian, M|71/100
|-ability|p2a: Landorus|Intimidate|boost
|-unboost|p1a: Sableye|atk|1
|move|p1a: Sableye|Knock Off|p2a: Landorus
|-damage|p2a: Landorus|54/100
|-damage|p1a: Sableye|72/100|[from] item: Rocky Helmet|[of] p2a: Landorus
|-enditem|p2a: Landorus|Rocky Helmet|[from] move: Knock Off|[of] p1a: Sableye
|
|upkeep
|turn|24
|
|t:|1760850512
|switch|p1a: Mamoswine|Mamoswine, F|97/100
|move|p2a: Landorus|Stealth Rock|p1a: Mamoswine
|-sidestart|p1: eatsleepjdm|move: Stealth Rock
|
|-heal|p1a: Mamoswine|100/100|[from] item: Leftovers
|upkeep
|turn|25
|
|t:|1760850517
|-terastallize|p2a: Landorus|Water
|move|p2a: Landorus|Earthquake|p1a: Mamoswine
|-damage|p1a: Mamoswine|52/100
|move|p1a: Mamoswine|Earthquake|p2a: Landorus
|-damage|p2a: Landorus|0 fnt
|faint|p2a: Landorus
|
|-heal|p1a: Mamoswine|59/100|[from] item: Leftovers
|upkeep
|
|t:|1760850526
|switch|p2a: Iron Valiant|Iron Valiant|100/100
|-enditem|p2a: Iron Valiant|Booster Energy
|-activate|p2a: Iron Valiant|ability: Quark Drive|[fromitem]
|-start|p2a: Iron Valiant|quarkdrivespe
|turn|26
|
|t:|1760850541
|move|p2a: Iron Valiant|Vacuum Wave|p1a: Mamoswine
|-supereffective|p1a: Mamoswine
|-damage|p1a: Mamoswine|3/100
|move|p1a: Mamoswine|Ice Shard|p2a: Iron Valiant
|-damage|p2a: Iron Valiant|69/100
|
|-heal|p1a: Mamoswine|9/100|[from] item: Leftovers
|upkeep
|turn|27
|
|t:|1760850546
|move|p1a: Mamoswine|Ice Shard|p2a: Iron Valiant
|-damage|p2a: Iron Valiant|38/100
|move|p2a: Iron Valiant|Moonblast|p1a: Mamoswine
|-damage|p1a: Mamoswine|0 fnt
|faint|p1a: Mamoswine
|
|upkeep
|
|t:|1760850554
|switch|p1a: Heatran|Heatran, M|100/100
|-damage|p1a: Heatran|88/100|[from] Stealth Rock
|-item|p1a: Heatran|Air Balloon
|turn|28
|
|t:|1760850561
|move|p2a: Iron Valiant|Vacuum Wave|p1a: Heatran
|-supereffective|p1a: Heatran
|-damage|p1a: Heatran|56/100
|-enditem|p1a: Heatran|Air Balloon
|move|p1a: Heatran|Earth Power|p2a: Iron Valiant
|-damage|p2a: Iron Valiant|0 fnt
|faint|p2a: Iron Valiant
|-end|p2a: Iron Valiant|Quark Drive|[silent]
|
|upkeep
|
|t:|1760850571
|switch|p2a: Ogerpon|Ogerpon-Cornerstone, F|1/100
|turn|29
|
|t:|1760850578
|move|p2a: Ogerpon|Ivy Cudgel|p1a: Heatran|[anim] Ivy Cudgel Rock
|-damage|p1a: Heatran|5/100
|move|p1a: Heatran|Earth Power|p2a: Ogerpon
|-damage|p2a: Ogerpon|0 fnt
|faint|p2a: Ogerpon
|
|upkeep
|
|t:|1760850582
|switch|p2a: Zamazenta|Zamazenta|73/100
|turn|30
|
|t:|1760850583
|move|p2a: Zamazenta|Crunch|p1a: Heatran
|-damage|p1a: Heatran|0 fnt
|faint|p1a: Heatran
|
|upkeep
|
|t:|1760850586
|switch|p1a: Sableye|Sableye, F|72/100
|-damage|p1a: Sableye|60/100|[from] Stealth Rock
|turn|31
|
|t:|1760850593
|move|p1a: Sableye|Reflect|p1a: Sableye
|-sidestart|p1: eatsleepjdm|Reflect
|move|p2a: Zamazenta|Ice Fang|p1a: Sableye
|-damage|p1a: Sableye|50/100
|-status|p1a: Sableye|frz
|-damage|p2a: Zamazenta|56/100|[from] item: Rocky Helmet|[of] p1a: Sableye
|
|upkeep
|turn|32
|
|t:|1760850602
|switch|p1a: Zamazenta|Zamazenta|84/100
|-damage|p1a: Zamazenta|78/100|[from] Stealth Rock
|move|p2a: Zamazenta|Crunch|p1a: Zamazenta
|-resisted|p1a: Zamazenta
|-damage|p1a: Zamazenta|72/100
|
|upkeep
|turn|33
|
|t:|1760850604
|move|p1a: Zamazenta|Close Combat|p2a: Zamazenta
|-damage|p2a: Zamazenta|0 fnt
|-unboost|p1a: Zamazenta|def|1
|-unboost|p1a: Zamazenta|spd|1
|faint|p2a: Zamazenta
|
|win|eatsleepjdm
|raw|eatsleepjdm's rating: 1370 &rarr; <strong>1391</strong><br />(+21 for winning)
|raw|Danxsh17's rating: 1392 &rarr; <strong>1371</strong><br />(-21 for losing)
|l|☆Danxsh17
|player|p2|
|l|☆eatsleepjdm
|player|p1|
