|j|☆kietqwer123
|j|☆IamLonny
|t:|1760862864
|gametype|singles
|player|p1|kietqwer123|cynthia-gen4|1133
|player|p2|IamLonny|bruno|1127
|gen|9
|tier|[Gen 9] OU
|rated|
|rule|HP Percentage Mod: HP is shown in percentages
|rule|Endless Battle Clause: Forcing endless battles is banned
|rule|Species Clause: Limit one of each Pokémon
|rule|OHKO Clause: OHKO moves are banned
|rule|Evasion Items Clause: Evasion items are banned
|rule|Evasion Moves Clause: Evasion moves are banned
|rule|Evasion Abilities Clause: Evasion abilities are banned
|rule|Sleep Moves Clause: Sleep-inducing moves are banned
|clearpoke
|poke|p1|Tyranitar, F|
|poke|p1|Dragonite, F|
|poke|p1|Kingambit, F|
|poke|p1|Iron Valiant|
|poke|p1|Gholdengo|
|poke|p1|Corviknight, M|
|poke|p2|Sandy Shocks|
|poke|p2|Conkeldurr, F|
|poke|p2|Dusclops, F|
|poke|p2|Scizor, M|
|poke|p2|Gyarados, F|
|poke|p2|Altaria, F|
|teampreview
|inactive|Battle timer is ON: inactive players will automatically lose when time's up. (requested by kietqwer123)
|inactive|kietqwer123 has 120 seconds left.
|
|t:|1760862914
|teamsize|p1|6
|teamsize|p2|6
|start
|switch|p1a: Corviknight|Corviknight, M|100/100
|switch|p2a: Scizor|Scizor, M|100/100
|-ability|p1a: Corviknight|Pressure
|turn|1
|
|t:|1760862922
|move|p1a: Corviknight|Light Screen|p1a: Corviknight
|-sidestart|p1: kietqwer123|move: Light Screen
|move|p2a: Scizor|Swords Dance|p2a: Scizor
|-boost|p2a: Scizor|atk|2
|
|upkeep
|turn|2
|
|t:|1760862928
|-terastallize|p2a: Scizor|Fire
|move|p1a: Corviknight|U-turn|p2a: Scizor
|-resisted|p2a: Scizor
|-damage|p2a: Scizor|93/100
|
|t:|1760862932
|switch|p1a: Tyranitar|Tyranitar, F|100/100|[from] U-turn
|-weather|Sandstorm|[from] ability: Sand Stream|[of] p1a: Tyranitar
|move|p2a: Scizor|Tera Blast|p1a: Tyranitar|[anim] Tera Blast Fire
|-resisted|p1a: Tyranitar
|-damage|p1a: Tyranitar|53/100
|-damage|p2a: Scizor|83/100|[from] item: Life Orb
|
|-weather|Sandstorm|[upkeep]
|-damage|p2a: Scizor|77/100|[from] Sandstorm
|-heal|p1a: Tyranitar|59/100|[from] item: Leftovers
|upkeep
|turn|3
|
|t:|1760862945
|move|p2a: Scizor|Bullet Punch|p1a: Tyranitar
|-supereffective|p1a: Tyranitar
|-damage|p1a: Tyranitar|0 fnt
|faint|p1a: Tyranitar
|-damage|p2a: Scizor|67/100|[from] item: Life Orb
|
|-weather|Sandstorm|[upkeep]
|-damage|p2a: Scizor|61/100|[from] Sandstorm
|upkeep
|
|t:|1760862954
|switch|p1a: Iron Valiant|Iron Valiant|100/100
|-enditem|p1a: Iron Valiant|Booster Energy
|-activate|p1a: Iron Valiant|ability: Quark Drive|[fromitem]
|-start|p1a: Iron Valiant|quarkdrivespe
|turn|4
|
|t:|1760862959
|move|p2a: Scizor|Bullet Punch|p1a: Iron Valiant
|-supereffective|p1a: Iron Valiant
|-damage|p1a: Iron Valiant|0 fnt
|faint|p1a: Iron Valiant
|-end|p1a: Iron Valiant|Quark Drive|[silent]
|-damage|p2a: Scizor|51/100|[from] item: Life Orb
|
|-weather|Sandstorm|[upkeep]
|-damage|p2a: Scizor|45/100|[from] Sandstorm
|upkeep
|
|t:|1760862962
|switch|p1a: Gholdengo|Gholdengo|100/100
|turn|5
|
|t:|1760862970
|move|p1a: Gholdengo|Focus Blast|p2a: Scizor
|-damage|p2a: Scizor|0 fnt
|faint|p2a: Scizor
|
|-weather|Sandstorm|[upkeep]
|-sideend|p1: kietqwer123|move: Light Screen
|upkeep
|
|t:|1760862985
|switch|p2a: Sandy Shocks|Sandy Shocks, shiny|100/100
|-enditem|p2a: Sandy Shocks|Booster Energy
|-activate|p2a: Sandy Shocks|ability: Protosynthesis|[fromitem]
|-start|p2a: Sandy Shocks|protosynthesisspa
|turn|6
|
|t:|1760862990
|move|p1a: Gholdengo|Focus Blast|p2a: Sandy Shocks|[miss]
|-miss|p1a: Gholdengo|p2a: Sandy Shocks
|move|p2a: Sandy Shocks|Earth Power|p1a: Gholdengo
|-supereffective|p1a: Gholdengo
|-damage|p1a: Gholdengo|0 fnt
|faint|p1a: Gholdengo
|
|-weather|none
|upkeep
|
|t:|1760862994
|switch|p1a: Dragonite|Dragonite, F|100/100
|turn|7
|
|t:|1760863004
|-end|p2a: Sandy Shocks|Protosynthesis|[silent]
|switch|p2a: Gyarados|Gyarados, F|100/100
|-ability|p2a: Gyarados|Intimidate|boost
|-unboost|p1a: Dragonite|atk|1
|move|p1a: Dragonite|Extreme Speed|p2a: Gyarados
|-damage|p2a: Gyarados|77/100
|
|upkeep
|turn|8
|
|t:|1760863012
|switch|p2a: Dusclops|Dusclops, F|100/100
|-ability|p2a: Dusclops|Pressure
|move|p1a: Dragonite|Dragon Dance|p1a: Dragonite
|-boost|p1a: Dragonite|atk|1
|-boost|p1a: Dragonite|spe|1
|
|upkeep
|turn|9
|
|t:|1760863020
|move|p1a: Dragonite|Dragon Dance|p1a: Dragonite
|-boost|p1a: Dragonite|atk|1
|-boost|p1a: Dragonite|spe|1
|move|p2a: Dusclops|Curse|p1a: Dragonite
|-start|p1a: Dragonite|Curse|[of] p2a: Dusclops
|-damage|p2a: Dusclops|50/100
|
|-damage|p1a: Dragonite|76/100|[from] Curse
|upkeep
|turn|10
|
|t:|1760863029
|move|p1a: Dragonite|Dragon Claw|p2a: Dusclops
|-damage|p2a: Dusclops|9/100
|move|p2a: Dusclops|Pain Split|p1a: Dragonite
|-sethp|p1a: Dragonite|40/100|[from] move: Pain Split|[silent]
|-sethp|p2a: Dusclops|70/100|[from] move: Pain Split
|
|-damage|p1a: Dragonite|16/100|[from] Curse
|upkeep
|turn|11
|
|t:|1760863038
|move|p1a: Dragonite|Air Slash|p2a: Dusclops
|-damage|p2a: Dusclops|52/100
|cant|p2a: Dusclops|flinch
|
|-damage|p1a: Dragonite|0 fnt|[from] Curse
|faint|p1a: Dragonite
|upkeep
|
|t:|1760863045
|switch|p1a: Corviknight|Corviknight, M|100/100
|-ability|p1a: Corviknight|Pressure
|turn|12
|
|t:|1760863049
|move|p1a: Corviknight|Light Screen|p1a: Corviknight
|-sidestart|p1: kietqwer123|move: Light Screen
|move|p2a: Dusclops|Pain Split|p1a: Corviknight
|-sethp|p1a: Corviknight|65/100|[from] move: Pain Split|[silent]
|-sethp|p2a: Dusclops|100/100|[from] move: Pain Split
|
|upkeep
|turn|13
|
|t:|1760863056
|move|p1a: Corviknight|U-turn|p2a: Dusclops
|-resisted|p2a: Dusclops
|-damage|p2a: Dusclops|96/100
|
|t:|1760863057
|switch|p1a: Kingambit|Kingambit, F|100/100|[from] U-turn
|-activate|p1a: Kingambit|ability: Supreme Overlord
|-start|p1a: Kingambit|fallen4|[silent]
|move|p2a: Dusclops|Night Shade|p1a: Kingambit
|-damage|p1a: Kingambit|76/100
|
|upkeep
|turn|14
|
|t:|1760863065
|-terastallize|p1a: Kingambit|Dark
|move|p1a: Kingambit|Sucker Punch||[still]
|-fail|p1a: Kingambit
|move|p2a: Dusclops|Curse|p1a: Kingambit
|-start|p1a: Kingambit|Curse|[of] p2a: Dusclops
|-damage|p2a: Dusclops|46/100
|
|-damage|p1a: Kingambit|51/100|[from] Curse
|upkeep
|turn|15
|
|t:|1760863076
|switch|p2a: Gyarados|Gyarados, F|77/100
|-ability|p2a: Gyarados|Intimidate|boost
|-unboost|p1a: Kingambit|atk|1
|move|p1a: Kingambit|Kowtow Cleave|p2a: Gyarados
|-damage|p2a: Gyarados|0 fnt
|faint|p2a: Gyarados
|
|-damage|p1a: Kingambit|26/100|[from] Curse
|upkeep
|
|t:|1760863087
|switch|p2a: Conkeldurr|Conkeldurr, F|100/100
|turn|16
|-message|kietqwer123 forfeited.
|
|win|IamLonny
|raw|kietqwer123's rating: 1133 &rarr; <strong>1108</strong><br />(-25 for losing)
|raw|IamLonny's rating: 1127 &rarr; <strong>1152</strong><br />(+25 for winning)
|l|☆kietqwer123
|player|p1|
|l|☆IamLonny
|player|p2|
