|j|☆zg4h11
|j|‽yes i'm drywalled
|t:|1760880171
|gametype|singles
|player|p1|zg4h11|2|1541
|player|p2|yes i'm drywalled|barry|1585
|gen|9
|tier|[Gen 9] OU
|rated|
|rule|HP Percentage Mod: HP is shown in percentages
|rule|Endless Battle Clause: Forcing endless battles is banned
|rule|Species Clause: Limit one of each Pokémon
|rule|OHKO Clause: OHKO moves are banned
|rule|Evasion Items Clause: Evasion items are banned
|rule|Evasion Moves Clause: Evasion moves are banned
|rule|Evasion Abilities Clause: Evasion abilities are banned
|rule|Sleep Moves Clause: Sleep-inducing moves are banned
|clearpoke
|poke|p1|Hatterene, F|
|poke|p1|Darkrai|
|poke|p1|Ogerpon-Wellspring, F|
|poke|p1|Thundurus-Therian, M|
|poke|p1|Tyranitar, F|
|poke|p1|Corviknight, M|
|poke|p2|Registeel|
|poke|p2|Ninetales-Alola, M|
|poke|p2|Raging Bolt|
|poke|p2|Great Tusk|
|poke|p2|Lokix, M|
|poke|p2|Manaphy|
|teampreview
|inactive|Battle timer is ON: inactive players will automatically lose when time's up. (requested by zg4h11)
|
|t:|1760880212
|teamsize|p1|6
|teamsize|p2|6
|start
|switch|p1a: Tyranitar|Tyranitar, F|100/100
|switch|p2a: Lokix|Lokix, M|100/100
|-weather|Sandstorm|[from] ability: Sand Stream|[of] p1a: Tyranitar
|turn|1
|
|t:|1760880218
|switch|p1a: Corviknight|Corviknight, M|100/100
|-ability|p1a: Corviknight|Pressure
|move|p2a: Lokix|U-turn|p1a: Corviknight
|-resisted|p1a: Corviknight
|-damage|p1a: Corviknight|85/100
|-damage|p2a: Lokix|84/100|[from] item: Rocky Helmet|[of] p1a: Corviknight
|
|t:|1760880231
|switch|p2a: Registeel|Registeel, shiny|100/100|[from] U-turn
|
|-weather|Sandstorm|[upkeep]
|upkeep
|turn|2
|
|t:|1760880236
|move|p1a: Corviknight|U-turn|p2a: Registeel
|-resisted|p2a: Registeel
|-damage|p2a: Registeel|96/100
|
|t:|1760880242
|switch|p1a: Hatterene|Hatterene, F|100/100|[from] U-turn
|move|p2a: Registeel|Thunder Wave|p1a: Hatterene
|move|p1a: Hatterene|Thunder Wave|p2a: Registeel|[from] ability: Magic Bounce
|-status|p2a: Registeel|par
|
|-weather|Sandstorm|[upkeep]
|-damage|p1a: Hatterene|95/100|[from] Sandstorm
|-heal|p1a: Hatterene|100/100|[from] item: Leftovers
|-heal|p2a: Registeel|100/100 par|[from] item: Leftovers
|upkeep
|turn|3
|
|t:|1760880252
|move|p1a: Hatterene|Mystical Fire|p2a: Registeel
|-supereffective|p2a: Registeel
|-crit|p2a: Registeel
|-damage|p2a: Registeel|67/100 par
|move|p2a: Registeel|Thunder Wave|p1a: Hatterene
|move|p1a: Hatterene|Thunder Wave|p2a: Registeel|[from] ability: Magic Bounce
|-fail|p2a: Registeel|par
|
|-weather|Sandstorm|[upkeep]
|-damage|p1a: Hatterene|95/100|[from] Sandstorm
|-heal|p1a: Hatterene|100/100|[from] item: Leftovers
|-heal|p2a: Registeel|73/100 par|[from] item: Leftovers
|upkeep
|turn|4
|
|t:|1760880265
|move|p1a: Hatterene|Future Sight|p2a: Registeel
|-start|p1a: Hatterene|move: Future Sight
|cant|p2a: Registeel|par
|
|-weather|Sandstorm|[upkeep]
|-damage|p1a: Hatterene|95/100|[from] Sandstorm
|-heal|p1a: Hatterene|100/100|[from] item: Leftovers
|-heal|p2a: Registeel|79/100 par|[from] item: Leftovers
|upkeep
|turn|5
|
|t:|1760880272
|move|p1a: Hatterene|Mystical Fire|p2a: Registeel
|-supereffective|p2a: Registeel
|-damage|p2a: Registeel|54/100 par
|move|p2a: Registeel|Heavy Slam|p1a: Hatterene
|-supereffective|p1a: Hatterene
|-damage|p1a: Hatterene|48/100
|
|-weather|none
|-heal|p1a: Hatterene|54/100|[from] item: Leftovers
|-heal|p2a: Registeel|60/100 par|[from] item: Leftovers
|upkeep
|turn|6
|
|t:|1760880282
|move|p1a: Hatterene|Mystical Fire|p2a: Registeel
|-supereffective|p2a: Registeel
|-damage|p2a: Registeel|38/100 par
|move|p2a: Registeel|Heavy Slam|p1a: Hatterene
|-supereffective|p1a: Hatterene
|-damage|p1a: Hatterene|0 fnt
|faint|p1a: Hatterene
|
|-end|p2a: Registeel|move: Future Sight
|-resisted|p2a: Registeel
|-damage|p2a: Registeel|25/100 par
|-heal|p2a: Registeel|31/100 par|[from] item: Leftovers
|upkeep
|
|t:|1760880297
|switch|p1a: Ogerpon|Ogerpon-Wellspring, F|100/100
|turn|7
|
|t:|1760880300
|move|p1a: Ogerpon|Ivy Cudgel|p2a: Registeel|[anim] Ivy Cudgel Water
|-damage|p2a: Registeel|0 fnt
|faint|p2a: Registeel
|
|upkeep
|
|t:|1760880305
|switch|p2a: Ninetales|Ninetales-Alola, M|100/100
|-weather|Snowscape|[from] ability: Snow Warning|[of] p2a: Ninetales
|turn|8
|
|t:|1760880309
|switch|p1a: Tyranitar|Tyranitar, F|100/100
|-weather|Sandstorm|[from] ability: Sand Stream|[of] p1a: Tyranitar
|move|p2a: Ninetales|Freeze-Dry|p1a: Tyranitar
|-damage|p1a: Tyranitar|94/100
|
|-weather|Sandstorm|[upkeep]
|-damage|p2a: Ninetales|94/100|[from] Sandstorm
|upkeep
|turn|9
|
|t:|1760880319
|switch|p2a: Great Tusk|Great Tusk|100/100
|move|p1a: Tyranitar|Knock Off|p2a: Great Tusk
|-resisted|p2a: Great Tusk
|-damage|p2a: Great Tusk|82/100
|-damage|p1a: Tyranitar|77/100|[from] item: Rocky Helmet|[of] p2a: Great Tusk
|-enditem|p2a: Great Tusk|Rocky Helmet|[from] move: Knock Off|[of] p1a: Tyranitar
|
|-weather|Sandstorm|[upkeep]
|upkeep
|turn|10
|
|t:|1760880332
|switch|p1a: Corviknight|Corviknight, M|85/100
|-ability|p1a: Corviknight|Pressure
|move|p2a: Great Tusk|Stealth Rock|p1a: Corviknight
|-sidestart|p1: zg4h11|move: Stealth Rock
|
|-weather|Sandstorm|[upkeep]
|upkeep
|turn|11
|
|t:|1760880348
|-end|p2a: Great Tusk|Protosynthesis|[silent]
|switch|p2a: Ninetales|Ninetales-Alola, M|94/100
|-weather|Snowscape|[from] ability: Snow Warning|[of] p2a: Ninetales
|move|p1a: Corviknight|Defog|p2a: Ninetales
|-unboost|p2a: Ninetales|evasion|1
|-sideend|p1: zg4h11|Stealth Rock|[from] move: Defog|[of] p1a: Corviknight
|
|-weather|Snowscape|[upkeep]
|upkeep
|turn|12
|
|t:|1760880356
|switch|p2a: Raging Bolt|Raging Bolt|100/100
|-enditem|p2a: Raging Bolt|Booster Energy
|-activate|p2a: Raging Bolt|ability: Protosynthesis|[fromitem]
|-start|p2a: Raging Bolt|protosynthesisspa
|switch|p1a: Tyranitar|Tyranitar, F|77/100
|-weather|Sandstorm|[from] ability: Sand Stream|[of] p1a: Tyranitar
|
|-weather|Sandstorm|[upkeep]
|-damage|p2a: Raging Bolt|94/100|[from] Sandstorm
|upkeep
|turn|13
|
|t:|1760880367
|move|p2a: Raging Bolt|Calm Mind|p2a: Raging Bolt
|-boost|p2a: Raging Bolt|spa|1
|-boost|p2a: Raging Bolt|spd|1
|move|p1a: Tyranitar|Stone Edge|p2a: Raging Bolt
|-damage|p2a: Raging Bolt|38/100
|
|-weather|Sandstorm|[upkeep]
|-damage|p2a: Raging Bolt|31/100|[from] Sandstorm
|upkeep
|turn|14
|
|t:|1760880375
|move|p2a: Raging Bolt|Thunderbolt|p1a: Tyranitar
|-damage|p1a: Tyranitar|38/100
|move|p1a: Tyranitar|Knock Off|p2a: Raging Bolt
|-damage|p2a: Raging Bolt|0 fnt
|faint|p2a: Raging Bolt
|-end|p2a: Raging Bolt|Protosynthesis|[silent]
|
|-weather|Sandstorm|[upkeep]
|upkeep
|
|t:|1760880379
|switch|p2a: Lokix|Lokix, M|84/100
|turn|15
|
|t:|1760880384
|switch|p1a: Corviknight|Corviknight, M|85/100
|-ability|p1a: Corviknight|Pressure
|move|p2a: Lokix|U-turn|p1a: Corviknight
|-resisted|p1a: Corviknight
|-damage|p1a: Corviknight|71/100
|-damage|p2a: Lokix|67/100|[from] item: Rocky Helmet|[of] p1a: Corviknight
|
|t:|1760880388
|switch|p2a: Ninetales|Ninetales-Alola, M|94/100|[from] U-turn
|-weather|Snowscape|[from] ability: Snow Warning|[of] p2a: Ninetales
|
|-weather|Snowscape|[upkeep]
|upkeep
|turn|16
|
|t:|1760880396
|switch|p1a: Tyranitar|Tyranitar, F|38/100
|-weather|Sandstorm|[from] ability: Sand Stream|[of] p1a: Tyranitar
|move|p2a: Ninetales|Aurora Veil||[still]
|-fail|p2a: Ninetales
|
|-weather|Sandstorm|[upkeep]
|-damage|p2a: Ninetales|88/100|[from] Sandstorm
|upkeep
|turn|17
|
|t:|1760880407
|switch|p2a: Great Tusk|Great Tusk|82/100
|move|p1a: Tyranitar|Ice Beam|p2a: Great Tusk
|-supereffective|p2a: Great Tusk
|-damage|p2a: Great Tusk|30/100
|
|-weather|Sandstorm|[upkeep]
|upkeep
|turn|18
|
|t:|1760880414
|switch|p1a: Corviknight|Corviknight, M|71/100
|-ability|p1a: Corviknight|Pressure
|move|p2a: Great Tusk|Stealth Rock|p1a: Corviknight
|-sidestart|p1: zg4h11|move: Stealth Rock
|
|-weather|Sandstorm|[upkeep]
|upkeep
|turn|19
|
|t:|1760880423
|-end|p2a: Great Tusk|Protosynthesis|[silent]
|switch|p2a: Manaphy|Manaphy|100/100
|move|p1a: Corviknight|Defog|p2a: Manaphy
|-unboost|p2a: Manaphy|evasion|1
|-sideend|p1: zg4h11|Stealth Rock|[from] move: Defog|[of] p1a: Corviknight
|
|-weather|Sandstorm|[upkeep]
|-damage|p2a: Manaphy|94/100|[from] Sandstorm
|-heal|p2a: Manaphy|100/100|[from] item: Leftovers
|upkeep
|turn|20
|
|t:|1760880434
|move|p2a: Manaphy|Acid Armor|p2a: Manaphy
|-boost|p2a: Manaphy|def|2
|move|p1a: Corviknight|U-turn|p2a: Manaphy
|-damage|p2a: Manaphy|94/100
|
|t:|1760880439
|switch|p1a: Thundurus|Thundurus-Therian, M|100/100|[from] U-turn
|
|-weather|none
|-heal|p2a: Manaphy|99/100|[from] item: Leftovers
|upkeep
|turn|21
|
|t:|1760880454
|-terastallize|p2a: Manaphy|Steel
|move|p1a: Thundurus|Thunderbolt|p2a: Manaphy
|-damage|p2a: Manaphy|58/100
|move|p2a: Manaphy|Take Heart|p2a: Manaphy
|-boost|p2a: Manaphy|spa|1
|-boost|p2a: Manaphy|spd|1
|
|-heal|p2a: Manaphy|64/100|[from] item: Leftovers
|upkeep
|turn|22
|
|t:|1760880465
|move|p1a: Thundurus|Nasty Plot|p1a: Thundurus
|-boost|p1a: Thundurus|spa|2
|move|p2a: Manaphy|Scald|p1a: Thundurus
|-damage|p1a: Thundurus|16/100
|-status|p1a: Thundurus|brn
|
|-heal|p1a: Thundurus|22/100 brn|[from] item: Leftovers
|-heal|p2a: Manaphy|71/100|[from] item: Leftovers
|-damage|p1a: Thundurus|16/100 brn|[from] brn
|upkeep
|turn|23
|
|t:|1760880476
|switch|p2a: Great Tusk|Great Tusk|30/100
|move|p1a: Thundurus|Thunderbolt|p2a: Great Tusk
|-immune|p2a: Great Tusk
|
|-heal|p1a: Thundurus|22/100 brn|[from] item: Leftovers
|-damage|p1a: Thundurus|16/100 brn|[from] brn
|upkeep
|turn|24
|
|t:|1760880484
|move|p1a: Thundurus|Grass Knot|p2a: Great Tusk
|-supereffective|p2a: Great Tusk
|-damage|p2a: Great Tusk|0 fnt
|faint|p2a: Great Tusk
|-end|p2a: Great Tusk|Protosynthesis|[silent]
|
|-heal|p1a: Thundurus|22/100 brn|[from] item: Leftovers
|-damage|p1a: Thundurus|16/100 brn|[from] brn
|upkeep
|
|t:|1760880488
|switch|p2a: Lokix|Lokix, M|67/100
|turn|25
|
|t:|1760880493
|switch|p1a: Corviknight|Corviknight, M|71/100
|-ability|p1a: Corviknight|Pressure
|move|p2a: Lokix|First Impression|p1a: Corviknight
|-resisted|p1a: Corviknight
|-damage|p1a: Corviknight|52/100
|-damage|p2a: Lokix|51/100|[from] item: Rocky Helmet|[of] p1a: Corviknight
|
|upkeep
|turn|26
|
|t:|1760880502
|switch|p2a: Ninetales|Ninetales-Alola, M|88/100
|-weather|Snowscape|[from] ability: Snow Warning|[of] p2a: Ninetales
|move|p1a: Corviknight|U-turn|p2a: Ninetales
|-resisted|p2a: Ninetales
|-damage|p2a: Ninetales|82/100
|
|t:|1760880509
|switch|p1a: Tyranitar|Tyranitar, F|38/100|[from] U-turn
|-weather|Sandstorm|[from] ability: Sand Stream|[of] p1a: Tyranitar
|
|-weather|Sandstorm|[upkeep]
|-damage|p2a: Ninetales|76/100|[from] Sandstorm
|upkeep
|turn|27
|
|t:|1760880522
|switch|p2a: Manaphy|Manaphy, tera:Steel|71/100
|move|p1a: Tyranitar|Iron Head|p2a: Manaphy
|-resisted|p2a: Manaphy
|-damage|p2a: Manaphy|58/100
|
|-weather|Sandstorm|[upkeep]
|-heal|p2a: Manaphy|65/100|[from] item: Leftovers
|upkeep
|turn|28
|
|t:|1760880530
|move|p2a: Manaphy|Scald|p1a: Tyranitar
|-supereffective|p1a: Tyranitar
|-damage|p1a: Tyranitar|10/100
|-status|p1a: Tyranitar|brn
|move|p1a: Tyranitar|Knock Off|p2a: Manaphy
|-damage|p2a: Manaphy|41/100
|-enditem|p2a: Manaphy|Leftovers|[from] move: Knock Off|[of] p1a: Tyranitar
|
|-weather|Sandstorm|[upkeep]
|-damage|p1a: Tyranitar|4/100 brn|[from] brn
|upkeep
|turn|29
|
|t:|1760880550
|switch|p1a: Thundurus|Thundurus-Therian, M|16/100 brn
|move|p2a: Manaphy|Take Heart|p2a: Manaphy
|-boost|p2a: Manaphy|spa|1
|-boost|p2a: Manaphy|spd|1
|
|-weather|Sandstorm|[upkeep]
|-damage|p1a: Thundurus|10/100 brn|[from] Sandstorm
|-heal|p1a: Thundurus|16/100 brn|[from] item: Leftovers
|-damage|p1a: Thundurus|10/100 brn|[from] brn
|upkeep
|turn|30
|
|t:|1760880560
|move|p1a: Thundurus|Thunderbolt|p2a: Manaphy
|-damage|p2a: Manaphy|15/100
|move|p2a: Manaphy|Scald|p1a: Thundurus
|-damage|p1a: Thundurus|0 fnt
|faint|p1a: Thundurus
|
|-weather|none
|upkeep
|
|t:|1760880579
|switch|p1a: Darkrai|Darkrai|100/100
|turn|31
|
|t:|1760880591
|move|p1a: Darkrai|Dark Pulse|p2a: Manaphy
|-damage|p2a: Manaphy|0 fnt
|faint|p2a: Manaphy
|
|upkeep
|
|t:|1760880594
|switch|p2a: Lokix|Lokix, M|51/100
|turn|32
|
|t:|1760880600
|switch|p1a: Corviknight|Corviknight, M|52/100
|-ability|p1a: Corviknight|Pressure
|move|p2a: Lokix|U-turn|p1a: Corviknight
|-resisted|p1a: Corviknight
|-damage|p1a: Corviknight|38/100
|-damage|p2a: Lokix|34/100|[from] item: Rocky Helmet|[of] p1a: Corviknight
|
|t:|1760880604
|switch|p2a: Ninetales|Ninetales-Alola, M|76/100|[from] U-turn
|-weather|Snowscape|[from] ability: Snow Warning|[of] p2a: Ninetales
|
|-weather|Snowscape|[upkeep]
|upkeep
|turn|33
|
|t:|1760880618
|switch|p1a: Tyranitar|Tyranitar, F|4/100 brn
|-weather|Sandstorm|[from] ability: Sand Stream|[of] p1a: Tyranitar
|move|p2a: Ninetales|Freeze-Dry|p1a: Tyranitar
|-crit|p1a: Tyranitar
|-damage|p1a: Tyranitar|0 fnt
|faint|p1a: Tyranitar
|
|-weather|Sandstorm|[upkeep]
|-damage|p2a: Ninetales|70/100|[from] Sandstorm
|upkeep
|
|t:|1760880628
|switch|p1a: Darkrai|Darkrai|100/100
|turn|34
|
|t:|1760880632
|-terastallize|p1a: Darkrai|Poison
|move|p1a: Darkrai|Sludge Bomb|p2a: Ninetales
|-supereffective|p2a: Ninetales
|-damage|p2a: Ninetales|0 fnt
|faint|p2a: Ninetales
|
|-weather|Sandstorm|[upkeep]
|-damage|p1a: Darkrai|94/100|[from] Sandstorm
|upkeep
|
|t:|1760880637
|switch|p2a: Lokix|Lokix, M|34/100
|turn|35
|
|t:|1760880643
|move|p1a: Darkrai|Sludge Bomb|p2a: Lokix
|-damage|p2a: Lokix|0 fnt
|faint|p2a: Lokix
|
|win|zg4h11
|raw|zg4h11's rating: 1541 &rarr; <strong>1564</strong><br />(+23 for winning)
|raw|yes i&apos;m drywalled's rating: 1585 &rarr; <strong>1562</strong><br />(-23 for losing)
|l|‽yes i'm drywalled
|player|p2|
|l|☆zg4h11
|player|p1|
