|j|☆sunflowersinrain
|j|☆Adoumi_
|t:|1760733931
|gametype|singles
|player|p1|sunflowersinrain|ingo|1088
|player|p2|Adoumi_|hiker-gen4|1057
|gen|9
|tier|[Gen 9] OU
|rated|
|rule|HP Percentage Mod: HP is shown in percentages
|rule|Endless Battle Clause: Forcing endless battles is banned
|rule|Species Clause: Limit one of each Pokémon
|rule|OHKO Clause: OHKO moves are banned
|rule|Evasion Items Clause: Evasion items are banned
|rule|Evasion Moves Clause: Evasion moves are banned
|rule|Evasion Abilities Clause: Evasion abilities are banned
|rule|Sleep Moves Clause: Sleep-inducing moves are banned
|clearpoke
|poke|p1|Tinkaton, F|
|poke|p1|Lapras, F|
|poke|p1|Metagross|
|poke|p1|Goodra-Hisui, F|
|poke|p1|Keldeo-Resolute|
|poke|p1|Skeledirge, F|
|poke|p2|Squawkabilly, M|
|poke|p2|Totodile, M|
|poke|p2|Calyrex|
|poke|p2|Crabominable, M|
|poke|p2|Drifblim, M|
|poke|p2|Clawitzer, M|
|teampreview
|inactive|Battle timer is ON: inactive players will automatically lose when time's up. (requested by Adoumi_)
|
|t:|1760733941
|teamsize|p1|6
|teamsize|p2|6
|start
|switch|p1a: Herta|Tinkaton, F|100/100
|switch|p2a: Haribo croco|Totodile, M|100/100
|-ability|p1a: Herta|Mold Breaker
|turn|1
|
|t:|1760733949
|move|p1a: Herta|Fake Out|p2a: Haribo croco
|-damage|p2a: Haribo croco|91/100
|cant|p2a: Haribo croco|flinch
|
|upkeep
|turn|2
|c|☆sunflowersinrain|love totodile
|
|t:|1760733959
|move|p1a: Herta|Thunder Wave|p2a: Haribo croco
|-status|p2a: Haribo croco|par
|move|p2a: Haribo croco|Dragon Dance|p2a: Haribo croco
|-boost|p2a: Haribo croco|atk|1
|-boost|p2a: Haribo croco|spe|1
|
|upkeep
|turn|3
|c|☆sunflowersinrain|cutie patootie
|
|t:|1760733969
|move|p1a: Herta|Gigaton Hammer|p2a: Haribo croco
|-resisted|p2a: Haribo croco
|-damage|p2a: Haribo croco|61/100 par
|cant|p2a: Haribo croco|par
|
|upkeep
|turn|4
|
|t:|1760733985
|move|p1a: Herta|Foul Play|p2a: Haribo croco
|-damage|p2a: Haribo croco|23/100 par
|move|p2a: Haribo croco|Dragon Dance|p2a: Haribo croco
|-boost|p2a: Haribo croco|atk|1
|-boost|p2a: Haribo croco|spe|1
|
|upkeep
|turn|5
|
|t:|1760733995
|move|p1a: Herta|Foul Play|p2a: Haribo croco
|-damage|p2a: Haribo croco|0 fnt
|faint|p2a: Haribo croco
|
|upkeep
|
|t:|1760734003
|switch|p2a: Cerf|Calyrex|100/100
|-ability|p2a: Cerf|Unnerve
|turn|6
|
|t:|1760734024
|move|p1a: Herta|Thunder Wave|p2a: Cerf
|-status|p2a: Cerf|par
|cant|p2a: Cerf|par
|
|upkeep
|turn|7
|
|t:|1760734039
|switch|p1a: Lady|Lapras, F|100/100
|move|p2a: Cerf|Leech Seed|p1a: Lady|[miss]
|-miss|p2a: Cerf|p1a: Lady
|
|upkeep
|turn|8
|
|t:|1760734046
|move|p1a: Lady|Freeze-Dry|p2a: Cerf
|-supereffective|p2a: Cerf
|-damage|p2a: Cerf|47/100 par
|cant|p2a: Cerf|par
|
|upkeep
|turn|9
|
|t:|1760734057
|-terastallize|p2a: Cerf|Steel
|move|p1a: Lady|Freeze-Dry|p2a: Cerf
|-resisted|p2a: Cerf
|-damage|p2a: Cerf|33/100 par
|cant|p2a: Cerf|par
|
|upkeep
|turn|10
|
|t:|1760734070
|move|p1a: Lady|Brine|p2a: Cerf
|-damage|p2a: Cerf|0 fnt
|faint|p2a: Cerf
|
|upkeep
|c|☆Adoumi_|What kind of haxx is this ?
|c|☆sunflowersinrain|?
|
|t:|1760734099
|switch|p2a: Ballon|Drifblim, M|100/100
|turn|11
|c|☆sunflowersinrain|brine does more damage if the target is below half hp
|inactive|Adoumi_ has 120 seconds left.
|
|t:|1760734123
|move|p2a: Ballon|Shadow Ball|p1a: Lady
|-damage|p1a: Lady|70/100
|move|p1a: Lady|Freeze-Dry|p2a: Ballon
|-supereffective|p2a: Ballon
|-damage|p2a: Ballon|27/100
|
|-status|p2a: Ballon|brn|[from] item: Flame Orb
|upkeep
|turn|12
|inactive|Adoumi_ has 120 seconds left.
|
|t:|1760734137
|move|p2a: Ballon|Thunderbolt|p1a: Lady
|-supereffective|p1a: Lady
|-damage|p1a: Lady|10/100
|move|p1a: Lady|Hydro Pump|p2a: Ballon
|-damage|p2a: Ballon|0 fnt
|faint|p2a: Ballon
|
|upkeep
|inactive|Adoumi_ has 120 seconds left.
|c|☆Adoumi_|But all the paralysis and everything was crazy
|c|☆sunflowersinrain|true true
|inactive|Adoumi_ has 90 seconds left.
|
|t:|1760734173
|switch|p2a: Yanis|Squawkabilly, M|100/100
|turn|13
|c|☆sunflowersinrain|love paralysis
|
|t:|1760734183
|switch|p1a: Kel|Keldeo-Resolute|100/100
|move|p2a: Yanis|U-turn|p1a: Kel
|-resisted|p1a: Kel
|-damage|p1a: Kel|75/100
|
|t:|1760734193
|switch|p2a: Sniper|Clawitzer, M|100/100|[from] U-turn
|
|-heal|p1a: Kel|82/100|[from] item: Leftovers
|upkeep
|turn|14
|
|t:|1760734210
|move|p2a: Sniper|Dragon Pulse|p1a: Kel
|-damage|p1a: Kel|36/100
|move|p1a: Kel|Icy Wind|p2a: Sniper
|-resisted|p2a: Sniper
|-damage|p2a: Sniper|87/100
|-unboost|p2a: Sniper|spe|1
|
|-heal|p1a: Kel|43/100|[from] item: Leftovers
|upkeep
|turn|15
|
|t:|1760734226
|move|p1a: Kel|Protect|p1a: Kel
|-singleturn|p1a: Kel|Protect
|move|p2a: Sniper|Dragon Pulse|p1a: Kel
|-activate|p1a: Kel|move: Protect
|
|-heal|p1a: Kel|49/100|[from] item: Leftovers
|upkeep
|turn|16
|
|t:|1760734234
|move|p1a: Kel|Secret Sword|p2a: Sniper
|-damage|p2a: Sniper|27/100
|move|p2a: Sniper|Dragon Pulse|p1a: Kel
|-damage|p1a: Kel|0 fnt
|faint|p1a: Kel
|
|upkeep
|
|t:|1760734240
|switch|p1a: Lady|Lapras, F|10/100
|turn|17
|inactive|Adoumi_ has 120 seconds left.
|
|t:|1760734245
|move|p2a: Sniper|Dragon Pulse|p1a: Lady
|-damage|p1a: Lady|0 fnt
|faint|p1a: Lady
|
|upkeep
|
|t:|1760734249
|switch|p1a: Herta|Tinkaton, F|100/100
|-ability|p1a: Herta|Mold Breaker
|turn|18
|inactive|Adoumi_ has 120 seconds left.
|
|t:|1760734267
|switch|p2a: Yanis|Squawkabilly, M|100/100
|move|p1a: Herta|Thunder Wave|p2a: Yanis
|-status|p2a: Yanis|par
|
|upkeep
|turn|19
|inactive|Adoumi_ has 120 seconds left.
|
|t:|1760734279
|move|p1a: Herta|Gigaton Hammer|p2a: Yanis
|-damage|p2a: Yanis|11/100 par
|move|p2a: Yanis|Brave Bird|p1a: Herta
|-resisted|p1a: Herta
|-damage|p1a: Herta|35/100
|-damage|p2a: Yanis|0 fnt|[from] Recoil
|faint|p2a: Yanis
|
|upkeep
|inactive|Adoumi_ has 120 seconds left.
|
|t:|1760734292
|switch|p2a: Patate|Crabominable, M|100/100
|turn|20
|
|t:|1760734298
|move|p1a: Herta|Thunder Wave|p2a: Patate
|-status|p2a: Patate|par
|cant|p2a: Patate|par
|
|upkeep
|turn|21
|
|t:|1760734305
|switch|p1a: Toast|Skeledirge, F, shiny|100/100
|cant|p2a: Patate|par
|
|upkeep
|turn|22
|
|t:|1760734311
|move|p1a: Toast|Will-O-Wisp||[still]
|-fail|p1a: Toast
|cant|p2a: Patate|par
|
|upkeep
|turn|23
|c|☆Adoumi_|3 times in a row ?
|
|t:|1760734325
|move|p1a: Toast|Torch Song|p2a: Patate
|-supereffective|p2a: Patate
|-damage|p2a: Patate|32/100 par
|-boost|p1a: Toast|spa|1
|move|p2a: Patate|Crabhammer|p1a: Toast
|-supereffective|p1a: Toast
|-damage|p1a: Toast|30/100
|
|-heal|p2a: Patate|38/100 par|[from] item: Leftovers
|upkeep
|turn|24
|c|☆sunflowersinrain|X_X
|
|t:|1760734339
|move|p1a: Toast|Hex|p2a: Patate
|-damage|p2a: Patate|0 fnt
|faint|p2a: Patate
|
|upkeep
|
|t:|1760734344
|switch|p2a: Sniper|Clawitzer, M|27/100
|turn|25
|
|t:|1760734352
|move|p2a: Sniper|Water Pulse|p1a: Toast
|-supereffective|p1a: Toast
|-damage|p1a: Toast|0 fnt
|faint|p1a: Toast
|
|upkeep
|
|t:|1760734358
|switch|p1a: goober|Goodra-Hisui, F|100/100
|turn|26
|
|t:|1760734364
|move|p2a: Sniper|Water Pulse|p1a: goober
|-resisted|p1a: goober
|-damage|p1a: goober|86/100
|move|p1a: goober|Earthquake|p2a: Sniper
|-damage|p2a: Sniper|0 fnt
|faint|p2a: Sniper
|
|win|sunflowersinrain
|raw|sunflowersinrain's rating: 1088 &rarr; <strong>1112</strong><br />(+24 for winning)
|raw|Adoumi_'s rating: 1057 &rarr; <strong>1040</strong><br />(-17 for losing)
|c|☆sunflowersinrain|gg
|c|☆Adoumi_|Gg
|l|☆Adoumi_
|player|p2|
|l|☆sunflowersinrain
|player|p1|
