|j|☆senpako
|j|☆snoppp
|t:|1760766681
|gametype|singles
|player|p1|senpako|koga|1305
|player|p2|snoppp|bruno|1341
|gen|9
|tier|[Gen 9] OU
|rated|
|rule|HP Percentage Mod: HP is shown in percentages
|rule|Endless Battle Clause: Forcing endless battles is banned
|rule|Species Clause: Limit one of each Pokémon
|rule|OHKO Clause: OHKO moves are banned
|rule|Evasion Items Clause: Evasion items are banned
|rule|Evasion Moves Clause: Evasion moves are banned
|rule|Evasion Abilities Clause: Evasion abilities are banned
|rule|Sleep Moves Clause: Sleep-inducing moves are banned
|clearpoke
|poke|p1|Zamazenta-*|
|poke|p1|Greninja-*, M|
|poke|p1|Cinderace, M|
|poke|p1|Blaziken, F|
|poke|p1|Raging Bolt|
|poke|p1|Tsareena, F|
|poke|p2|Darkrai|
|poke|p2|Alomomola, M|
|poke|p2|Ogerpon-Wellspring, F|
|poke|p2|Weezing-Galar, F|
|poke|p2|Garchomp, F|
|poke|p2|Corviknight, M|
|teampreview
|inactive|Battle timer is ON: inactive players will automatically lose when time's up. (requested by senpako)
|
|t:|1760766697
|teamsize|p1|6
|teamsize|p2|6
|start
|switch|p1a: Chickenfast|Blaziken, F|100/100
|switch|p2a: Garchomp|Garchomp, F|100/100
|turn|1
|
|t:|1760766712
|move|p1a: Chickenfast|Earthquake|p2a: Garchomp
|-damage|p2a: Garchomp|78/100
|move|p2a: Garchomp|Stealth Rock|p1a: Chickenfast
|-sidestart|p1: senpako|move: Stealth Rock
|
|-ability|p1a: Chickenfast|Speed Boost|boost
|-boost|p1a: Chickenfast|spe|1
|upkeep
|turn|2
|
|t:|1760766737
|move|p1a: Chickenfast|Earthquake|p2a: Garchomp
|-damage|p2a: Garchomp|54/100
|move|p2a: Garchomp|Dragon Tail|p1a: Chickenfast|[miss]
|-miss|p2a: Garchomp|p1a: Chickenfast
|
|-ability|p1a: Chickenfast|Speed Boost|boost
|-boost|p1a: Chickenfast|spe|1
|upkeep
|turn|3
|
|t:|1760766748
|move|p1a: Chickenfast|Protect|p1a: Chickenfast
|-singleturn|p1a: Chickenfast|Protect
|move|p2a: Garchomp|Earthquake|p1a: Chickenfast
|-activate|p1a: Chickenfast|move: Protect
|
|-ability|p1a: Chickenfast|Speed Boost|boost
|-boost|p1a: Chickenfast|spe|1
|upkeep
|turn|4
|
|t:|1760766753
|move|p1a: Chickenfast|Earthquake|p2a: Garchomp
|-damage|p2a: Garchomp|31/100
|move|p2a: Garchomp|Spikes|p1a: Chickenfast
|-sidestart|p1: senpako|Spikes
|
|-ability|p1a: Chickenfast|Speed Boost|boost
|-boost|p1a: Chickenfast|spe|1
|upkeep
|turn|5
|
|t:|1760766758
|move|p1a: Chickenfast|Earthquake|p2a: Garchomp
|-damage|p2a: Garchomp|10/100
|move|p2a: Garchomp|Earthquake|p1a: Chickenfast
|-supereffective|p1a: Chickenfast
|-enditem|p1a: Chickenfast|Focus Sash
|-damage|p1a: Chickenfast|1/100
|
|-ability|p1a: Chickenfast|Speed Boost|boost
|-boost|p1a: Chickenfast|spe|1
|upkeep
|turn|6
|
|t:|1760766765
|move|p1a: Chickenfast|Earthquake|p2a: Garchomp
|-damage|p2a: Garchomp|0 fnt
|faint|p2a: Garchomp
|
|-ability|p1a: Chickenfast|Speed Boost|boost
|-boost|p1a: Chickenfast|spe|1
|upkeep
|
|t:|1760766771
|switch|p2a: Alomomola|Alomomola, M|100/100
|turn|7
|
|t:|1760766777
|move|p1a: Chickenfast|Close Combat|p2a: Alomomola
|-damage|p2a: Alomomola|58/100
|-unboost|p1a: Chickenfast|def|1
|-unboost|p1a: Chickenfast|spd|1
|move|p2a: Alomomola|Flip Turn|p1a: Chickenfast
|-supereffective|p1a: Chickenfast
|-damage|p1a: Chickenfast|0 fnt
|faint|p1a: Chickenfast
|
|t:|1760766781
|switch|p2a: Corviknight|Corviknight, M|100/100|[from] Flip Turn
|-ability|p2a: Corviknight|Pressure
|
|upkeep
|
|t:|1760766791
|switch|p1a: Tsareena|Tsareena, F|100/100
|-damage|p1a: Tsareena|88/100|[from] Stealth Rock
|-damage|p1a: Tsareena|76/100|[from] Spikes
|turn|8
|
|t:|1760766793
|move|p1a: Tsareena|Rapid Spin|p2a: Corviknight
|-resisted|p2a: Corviknight
|-damage|p2a: Corviknight|96/100
|-boost|p1a: Tsareena|spe|1
|-damage|p1a: Tsareena|60/100|[from] item: Rocky Helmet|[of] p2a: Corviknight
|-sideend|p1: senpako|Spikes|[from] move: Rapid Spin|[of] p1a: Tsareena
|-sideend|p1: senpako|Stealth Rock|[from] move: Rapid Spin|[of] p1a: Tsareena
|move|p2a: Corviknight|Brave Bird|p1a: Tsareena
|-supereffective|p1a: Tsareena
|-damage|p1a: Tsareena|0 fnt
|faint|p1a: Tsareena
|-damage|p2a: Corviknight|82/100|[from] Recoil
|
|upkeep
|
|t:|1760766823
|switch|p1a: Zamazenta|Zamazenta|100/100
|-ability|p1a: Zamazenta|Dauntless Shield|boost
|-boost|p1a: Zamazenta|def|1
|turn|9
|
|t:|1760766833
|move|p1a: Zamazenta|Wild Charge|p2a: Corviknight
|-supereffective|p2a: Corviknight
|-damage|p2a: Corviknight|55/100
|-damage|p1a: Zamazenta|84/100|[from] item: Rocky Helmet|[of] p2a: Corviknight
|-damage|p1a: Zamazenta|76/100|[from] Recoil
|move|p2a: Corviknight|U-turn|p1a: Zamazenta
|-resisted|p1a: Zamazenta
|-damage|p1a: Zamazenta|72/100
|
|t:|1760766837
|switch|p2a: Weezing|Weezing-Galar, F|100/100|[from] U-turn
|-ability|p2a: Weezing|Neutralizing Gas
|
|-heal|p1a: Zamazenta|78/100|[from] item: Leftovers
|upkeep
|turn|10
|
|t:|1760766846
|switch|p1a: Cinderace|Cinderace, M|100/100
|move|p2a: Weezing|Sludge Bomb|p1a: Cinderace
|-damage|p1a: Cinderace|62/100
|
|upkeep
|turn|11
|
|t:|1760766871
|-end|p2a: Weezing|ability: Neutralizing Gas
|switch|p2a: Alomomola|Alomomola, M|91/100
|move|p1a: Cinderace|Pyro Ball|p2a: Alomomola|[miss]
|-miss|p1a: Cinderace|p2a: Alomomola
|
|upkeep
|turn|12
|
|t:|1760766878
|move|p1a: Cinderace|U-turn|p2a: Alomomola
|-start|p1a: Cinderace|typechange|Bug|[from] ability: Libero
|-damage|p2a: Alomomola|72/100
|
|t:|1760766881
|switch|p1a: Zamazenta|Zamazenta|78/100|[from] U-turn
|move|p2a: Alomomola|Flip Turn|p1a: Zamazenta
|-damage|p1a: Zamazenta|66/100
|
|t:|1760766885
|switch|p2a: Corviknight|Corviknight, M|55/100|[from] Flip Turn
|-ability|p2a: Corviknight|Pressure
|
|-heal|p1a: Zamazenta|72/100|[from] item: Leftovers
|upkeep
|turn|13
|inactive|senpako has 120 seconds left.
|
|t:|1760766923
|move|p1a: Zamazenta|Wild Charge|p2a: Corviknight
|-supereffective|p2a: Corviknight
|-damage|p2a: Corviknight|23/100
|-damage|p1a: Zamazenta|55/100|[from] item: Rocky Helmet|[of] p2a: Corviknight
|-damage|p1a: Zamazenta|45/100|[from] Recoil
|move|p2a: Corviknight|Roost|p2a: Corviknight
|-heal|p2a: Corviknight|73/100
|-singleturn|p2a: Corviknight|move: Roost
|
|-heal|p1a: Zamazenta|51/100|[from] item: Leftovers
|upkeep
|turn|14
|
|t:|1760766934
|switch|p1a: Raging Bolt|Raging Bolt|100/100
|-enditem|p1a: Raging Bolt|Booster Energy
|-activate|p1a: Raging Bolt|ability: Protosynthesis|[fromitem]
|-start|p1a: Raging Bolt|protosynthesisspa
|move|p2a: Corviknight|Brave Bird|p1a: Raging Bolt
|-resisted|p1a: Raging Bolt
|-crit|p1a: Raging Bolt
|-damage|p1a: Raging Bolt|79/100
|-damage|p2a: Corviknight|65/100|[from] Recoil
|
|upkeep
|turn|15
|
|t:|1760766945
|move|p1a: Raging Bolt|Thunderbolt|p2a: Corviknight
|-supereffective|p2a: Corviknight
|-damage|p2a: Corviknight|0 fnt
|faint|p2a: Corviknight
|
|upkeep
|
|t:|1760766948
|switch|p2a: Darkrai|Darkrai|100/100
|turn|16
|
|t:|1760766953
|move|p2a: Darkrai|Ice Beam|p1a: Raging Bolt
|-supereffective|p1a: Raging Bolt
|-damage|p1a: Raging Bolt|23/100
|move|p1a: Raging Bolt|Thunderbolt|p2a: Darkrai
|-damage|p2a: Darkrai|14/100
|
|upkeep
|turn|17
|
|t:|1760766959
|move|p1a: Raging Bolt|Thunderclap|p2a: Darkrai
|-damage|p2a: Darkrai|0 fnt
|faint|p2a: Darkrai
|
|upkeep
|
|t:|1760766961
|switch|p2a: Ogerpon|Ogerpon-Wellspring, F|100/100
|turn|18
|
|t:|1760766969
|move|p1a: Raging Bolt|Thunderclap|p2a: Ogerpon
|-damage|p2a: Ogerpon|34/100
|move|p2a: Ogerpon|Ivy Cudgel|p1a: Raging Bolt|[anim] Ivy Cudgel Water
|-resisted|p1a: Raging Bolt
|-damage|p1a: Raging Bolt|1/100
|
|upkeep
|turn|19
|
|t:|1760766979
|switch|p2a: Weezing|Weezing-Galar, F|100/100
|-ability|p2a: Weezing|Neutralizing Gas
|move|p1a: Raging Bolt|Thunderclap||[still]
|-fail|p1a: Raging Bolt
|
|upkeep
|turn|20
|
|t:|1760766984
|move|p1a: Raging Bolt|Thunderbolt|p2a: Weezing
|-damage|p2a: Weezing|29/100
|-status|p2a: Weezing|par
|move|p2a: Weezing|Sludge Bomb|p1a: Raging Bolt
|-damage|p1a: Raging Bolt|0 fnt
|faint|p1a: Raging Bolt
|-end|p1a: Raging Bolt|Protosynthesis|[silent]
|
|upkeep
|
|t:|1760766988
|switch|p1a: Itachi|Greninja, M|100/100
|turn|21
|
|t:|1760766994
|move|p1a: Itachi|Sludge Wave|p2a: Weezing
|-damage|p2a: Weezing|0 fnt
|faint|p2a: Weezing
|-end|p2a: Weezing|ability: Neutralizing Gas
|-ability|p1a: Itachi|Battle Bond|boost
|-boost|p1a: Itachi|atk|1
|-boost|p1a: Itachi|spa|1
|-boost|p1a: Itachi|spe|1
|-activate|p1a: Itachi|ability: Battle Bond
|
|upkeep
|
|t:|1760766996
|switch|p2a: Alomomola|Alomomola, M|100/100
|turn|22
|
|t:|1760767016
|move|p1a: Itachi|Sludge Wave|p2a: Alomomola
|-damage|p2a: Alomomola|60/100
|move|p2a: Alomomola|Mirror Coat|p1a: Itachi
|-immune|p1a: Itachi
|
|upkeep
|turn|23
|
|t:|1760767023
|move|p1a: Itachi|Sludge Wave|p2a: Alomomola
|-damage|p2a: Alomomola|16/100
|move|p2a: Alomomola|Wish|p2a: Alomomola
|
|upkeep
|turn|24
|
|t:|1760767036
|move|p1a: Itachi|Sludge Wave|p2a: Alomomola
|-damage|p2a: Alomomola|0 fnt
|faint|p2a: Alomomola
|
|upkeep
|
|t:|1760767039
|switch|p2a: Ogerpon|Ogerpon-Wellspring, F|34/100
|turn|25
|
|t:|1760767051
|-terastallize|p2a: Ogerpon|Water
|detailschange|p2a: Ogerpon|Ogerpon-Wellspring-Tera, F, tera:Water
|-ability|p2a: Ogerpon|Embody Aspect (Wellspring)|boost
|-boost|p2a: Ogerpon|spd|1
|move|p1a: Itachi|Sludge Wave|p2a: Ogerpon
|-damage|p2a: Ogerpon|0 fnt
|faint|p2a: Ogerpon
|detailschange|p2: Ogerpon|Ogerpon-Wellspring, F|[silent]
|
|win|senpako
|raw|senpako's rating: 1305 &rarr; <strong>1327</strong><br />(+22 for winning)
|raw|snoppp's rating: 1341 &rarr; <strong>1319</strong><br />(-22 for losing)
|l|☆senpako
|player|p1|
|l|☆snoppp
|player|p2|
