|j|☆cozyprincemshroom
|j|☆madermen
|t:|1760727903
|gametype|singles
|player|p1|cozyprincemshroom|waiter|1218
|player|p2|madermen|jasmine|1287
|gen|9
|tier|[Gen 9] OU
|rated|
|rule|HP Percentage Mod: HP is shown in percentages
|rule|Endless Battle Clause: Forcing endless battles is banned
|rule|Species Clause: Limit one of each Pokémon
|rule|OHKO Clause: OHKO moves are banned
|rule|Evasion Items Clause: Evasion items are banned
|rule|Evasion Moves Clause: Evasion moves are banned
|rule|Evasion Abilities Clause: Evasion abilities are banned
|rule|Sleep Moves Clause: Sleep-inducing moves are banned
|clearpoke
|poke|p1|Munkidori, M|
|poke|p1|Lycanroc-Dusk, M|
|poke|p1|Altaria, M|
|poke|p1|Meganium, F|
|poke|p1|Inteleon, M|
|poke|p1|Mew|
|poke|p2|Rotom-Wash|
|poke|p2|Vileplume, M|
|poke|p2|Moltres|
|poke|p2|Hoopa-Unbound|
|poke|p2|Conkeldurr, F|
|poke|p2|Iron Treads|
|teampreview
|inactive|Battle timer is ON: inactive players will automatically lose when time's up. (requested by madermen)
|
|t:|1760727922
|teamsize|p1|6
|teamsize|p2|6
|start
|switch|p1a: Munkidori|Munkidori, M|100/100
|switch|p2a: Fast and Fer-ious|Iron Treads|100/100
|turn|1
|
|t:|1760727930
|move|p1a: Munkidori|Trick|p2a: Fast and Fer-ious
|-activate|p1a: Munkidori|move: Trick|[of] p2a: Fast and Fer-ious
|-item|p2a: Fast and Fer-ious|Choice Scarf|[from] move: Trick
|-item|p1a: Munkidori|Leftovers|[from] move: Trick
|move|p2a: Fast and Fer-ious|Stealth Rock|p1a: Munkidori
|-sidestart|p1: cozyprincemshroom|move: Stealth Rock
|
|upkeep
|turn|2
|
|t:|1760727936
|-end|p2a: Fast and Fer-ious|Quark Drive|[silent]
|switch|p2a: Girl's Best Friend|Vileplume, M|100/100
|move|p1a: Munkidori|Nasty Plot|p1a: Munkidori
|-boost|p1a: Munkidori|spa|2
|
|upkeep
|turn|3
|
|t:|1760727943
|switch|p2a: Entomophobic|Hoopa-Unbound|100/100
|move|p1a: Munkidori|Psychic|p2a: Entomophobic
|-immune|p2a: Entomophobic
|
|upkeep
|turn|4
|
|t:|1760727949
|-terastallize|p1a: Munkidori|Fire
|move|p1a: Munkidori|Tera Blast|p2a: Entomophobic|[anim] Tera Blast Fire
|-damage|p2a: Entomophobic|20/100
|move|p2a: Entomophobic|Dark Pulse|p1a: Munkidori
|-damage|p1a: Munkidori|10/100
|
|-heal|p1a: Munkidori|16/100|[from] item: Leftovers
|upkeep
|turn|5
|
|t:|1760727960
|move|p1a: Munkidori|Tera Blast|p2a: Entomophobic|[anim] Tera Blast Fire
|-damage|p2a: Entomophobic|0 fnt
|faint|p2a: Entomophobic
|
|-heal|p1a: Munkidori|22/100|[from] item: Leftovers
|upkeep
|
|t:|1760727961
|switch|p2a: Fast and Fer-ious|Iron Treads|100/100
|turn|6
|
|t:|1760727969
|move|p2a: Fast and Fer-ious|Earthquake|p1a: Munkidori
|-supereffective|p1a: Munkidori
|-damage|p1a: Munkidori|0 fnt
|faint|p1a: Munkidori
|
|upkeep
|
|t:|1760727977
|switch|p1a: Altaria|Altaria, M|100/100
|-damage|p1a: Altaria|76/100|[from] Stealth Rock
|turn|7
|
|t:|1760727981
|-end|p2a: Fast and Fer-ious|Quark Drive|[silent]
|switch|p2a: Stepdaughter Trap|Rotom-Wash|100/100
|move|p1a: Altaria|Defog|p2a: Stepdaughter Trap
|-unboost|p2a: Stepdaughter Trap|evasion|1
|-sideend|p1: cozyprincemshroom|Stealth Rock|[from] move: Defog|[of] p1a: Altaria
|
|-heal|p1a: Altaria|82/100|[from] item: Leftovers
|upkeep
|turn|8
|
|t:|1760727991
|move|p2a: Stepdaughter Trap|Volt Switch|p1a: Altaria
|-damage|p1a: Altaria|60/100
|
|t:|1760727995
|switch|p2a: Boots with the Feu|Moltres|100/100|[from] Volt Switch
|move|p1a: Altaria|Will-O-Wisp|p2a: Boots with the Feu
|-immune|p2a: Boots with the Feu
|
|-heal|p1a: Altaria|66/100|[from] item: Leftovers
|upkeep
|turn|9
|
|t:|1760728005
|move|p2a: Boots with the Feu|Air Slash|p1a: Altaria
|-damage|p1a: Altaria|33/100
|move|p1a: Altaria|Draco Meteor|p2a: Boots with the Feu
|-damage|p2a: Boots with the Feu|52/100
|-unboost|p1a: Altaria|spa|2
|
|-heal|p1a: Altaria|39/100|[from] item: Leftovers
|upkeep
|turn|10
|
|t:|1760728014
|switch|p1a: Inteleon|Inteleon, M|100/100
|move|p2a: Boots with the Feu|Air Slash|p1a: Inteleon
|-damage|p1a: Inteleon|39/100
|
|upkeep
|turn|11
|
|t:|1760728021
|switch|p2a: Girl's Best Friend|Vileplume, M|100/100
|move|p1a: Inteleon|Ice Beam|p2a: Girl's Best Friend
|-supereffective|p2a: Girl's Best Friend
|-damage|p2a: Girl's Best Friend|56/100
|
|-heal|p2a: Girl's Best Friend|62/100|[from] item: Leftovers
|upkeep
|turn|12
|
|t:|1760728030
|move|p1a: Inteleon|Ice Beam|p2a: Girl's Best Friend
|-supereffective|p2a: Girl's Best Friend
|-damage|p2a: Girl's Best Friend|17/100
|move|p2a: Girl's Best Friend|Sludge Bomb|p1a: Inteleon
|-damage|p1a: Inteleon|0 fnt
|faint|p1a: Inteleon
|
|-heal|p2a: Girl's Best Friend|24/100|[from] item: Leftovers
|upkeep
|
|t:|1760728040
|switch|p1a: Mew|Mew|100/100
|turn|13
|
|t:|1760728048
|move|p1a: Mew|Dragon Dance|p1a: Mew
|-boost|p1a: Mew|atk|1
|-boost|p1a: Mew|spe|1
|move|p2a: Girl's Best Friend|Strength Sap|p1a: Mew
|-unboost|p1a: Mew|atk|1
|-heal|p2a: Girl's Best Friend|100/100
|
|upkeep
|turn|14
|
|t:|1760728056
|move|p1a: Mew|Psychic Fangs|p2a: Girl's Best Friend
|-supereffective|p2a: Girl's Best Friend
|-crit|p2a: Girl's Best Friend
|-damage|p2a: Girl's Best Friend|0 fnt
|-status|p1a: Mew|psn|[from] ability: Effect Spore|[of] p2a: Girl's Best Friend
|-activate|p1a: Mew|ability: Synchronize
|faint|p2a: Girl's Best Friend
|
|-damage|p1a: Mew|88/100 psn|[from] psn
|upkeep
|
|t:|1760728060
|switch|p2a: Fast and Fer-ious|Iron Treads|100/100
|turn|15
|
|t:|1760728069
|move|p2a: Fast and Fer-ious|Volt Switch|p1a: Mew
|-damage|p1a: Mew|77/100 psn
|
|t:|1760728072
|-end|p2a: Fast and Fer-ious|Quark Drive|[silent]
|switch|p2a: Boots with the Feu|Moltres|52/100|[from] Volt Switch
|move|p1a: Mew|Dragon Dance|p1a: Mew
|-boost|p1a: Mew|atk|1
|-boost|p1a: Mew|spe|1
|
|-damage|p1a: Mew|64/100 psn|[from] psn
|upkeep
|turn|16
|
|t:|1760728081
|switch|p2a: Fast and Fer-ious|Iron Treads|100/100
|move|p1a: Mew|Psychic Fangs|p2a: Fast and Fer-ious
|-resisted|p2a: Fast and Fer-ious
|-damage|p2a: Fast and Fer-ious|79/100
|
|-damage|p1a: Mew|52/100 psn|[from] psn
|upkeep
|turn|17
|
|t:|1760728090
|-end|p2a: Fast and Fer-ious|Quark Drive|[silent]
|switch|p2a: Boots with the Feu|Moltres|52/100
|move|p1a: Mew|Flare Blitz|p2a: Boots with the Feu
|-resisted|p2a: Boots with the Feu
|-damage|p2a: Boots with the Feu|31/100
|-damage|p1a: Mew|44/100 psn|[from] Recoil
|-enditem|p1a: Mew|Sitrus Berry|[eat]
|-heal|p1a: Mew|69/100 psn|[from] item: Sitrus Berry
|
|-damage|p1a: Mew|57/100 psn|[from] psn
|upkeep
|turn|18
|
|t:|1760728101
|move|p1a: Mew|Flare Blitz|p2a: Boots with the Feu
|-resisted|p2a: Boots with the Feu
|-damage|p2a: Boots with the Feu|8/100
|-damage|p1a: Mew|48/100 psn|[from] Recoil
|move|p2a: Boots with the Feu|Flamethrower|p1a: Mew
|-damage|p1a: Mew|3/100 psn
|
|-damage|p1a: Mew|0 fnt|[from] psn
|faint|p1a: Mew
|upkeep
|
|t:|1760728111
|switch|p1a: Lycanroc|Lycanroc-Dusk, M|100/100
|turn|19
|
|t:|1760728119
|move|p1a: Lycanroc|Swords Dance|p1a: Lycanroc
|-boost|p1a: Lycanroc|atk|2
|move|p2a: Boots with the Feu|Scorching Sands|p1a: Lycanroc
|-supereffective|p1a: Lycanroc
|-damage|p1a: Lycanroc|24/100
|
|upkeep
|turn|20
|
|t:|1760728126
|move|p1a: Lycanroc|Accelerock|p2a: Boots with the Feu
|-supereffective|p2a: Boots with the Feu
|-damage|p2a: Boots with the Feu|0 fnt
|faint|p2a: Boots with the Feu
|-damage|p1a: Lycanroc|14/100|[from] item: Life Orb
|
|upkeep
|
|t:|1760728128
|switch|p2a: Be Strong Believe|Conkeldurr, F|100/100
|turn|21
|
|t:|1760728134
|move|p2a: Be Strong Believe|Mach Punch|p1a: Lycanroc
|-supereffective|p1a: Lycanroc
|-crit|p1a: Lycanroc
|-damage|p1a: Lycanroc|0 fnt
|faint|p1a: Lycanroc
|
|upkeep
|
|t:|1760728140
|switch|p1a: Altaria|Altaria, M|39/100
|turn|22
|
|t:|1760728145
|move|p1a: Altaria|Will-O-Wisp|p2a: Be Strong Believe
|-status|p2a: Be Strong Believe|brn
|move|p2a: Be Strong Believe|Bulk Up|p2a: Be Strong Believe
|-boost|p2a: Be Strong Believe|atk|1
|-boost|p2a: Be Strong Believe|def|1
|
|-heal|p1a: Altaria|45/100|[from] item: Leftovers
|-damage|p2a: Be Strong Believe|95/100 brn|[from] brn
|upkeep
|turn|23
|
|t:|1760728155
|switch|p1a: Meganium|Meganium, F|100/100
|move|p2a: Be Strong Believe|Knock Off|p1a: Meganium
|-damage|p1a: Meganium|18/100
|-enditem|p1a: Meganium|Leftovers|[from] move: Knock Off|[of] p2a: Be Strong Believe
|
|-heal|p2a: Be Strong Believe|100/100 brn|[from] item: Leftovers
|-damage|p2a: Be Strong Believe|95/100 brn|[from] brn
|upkeep
|turn|24
|
|t:|1760728166
|switch|p1a: Altaria|Altaria, M|45/100
|move|p2a: Be Strong Believe|Mach Punch|p1a: Altaria
|-resisted|p1a: Altaria
|-damage|p1a: Altaria|15/100
|
|-heal|p1a: Altaria|21/100|[from] item: Leftovers
|-heal|p2a: Be Strong Believe|100/100 brn|[from] item: Leftovers
|-damage|p2a: Be Strong Believe|95/100 brn|[from] brn
|upkeep
|turn|25
|-message|cozyprincemshroom forfeited.
|
|win|madermen
|raw|cozyprincemshroom's rating: 1218 &rarr; <strong>1198</strong><br />(-20 for losing)
|raw|madermen's rating: 1287 &rarr; <strong>1307</strong><br />(+20 for winning)
|l|☆cozyprincemshroom
|player|p1|
|l|☆madermen
|player|p2|
