|j|☆basedraybans
|j|☆ay cheu
|t:|1760836761
|gametype|singles
|player|p1|basedraybans|169|1423
|player|p2|ay cheu|riley|1438
|gen|9
|tier|[Gen 9] OU
|rated|
|rule|HP Percentage Mod: HP is shown in percentages
|rule|Endless Battle Clause: Forcing endless battles is banned
|rule|Species Clause: Limit one of each Pokémon
|rule|OHKO Clause: OHKO moves are banned
|rule|Evasion Items Clause: Evasion items are banned
|rule|Evasion Moves Clause: Evasion moves are banned
|rule|Evasion Abilities Clause: Evasion abilities are banned
|rule|Sleep Moves Clause: Sleep-inducing moves are banned
|clearpoke
|poke|p1|Bronzong|
|poke|p1|Dragapult, M|
|poke|p1|Ting-Lu|
|poke|p1|Toxapex, F|
|poke|p1|Mandibuzz, F|
|poke|p1|Iron Valiant|
|poke|p2|Arcanine, M|
|poke|p2|Mamoswine, M|
|poke|p2|Decidueye, M|
|poke|p2|Greninja-*, F|
|poke|p2|Tinkaton, F|
|poke|p2|Thundurus, M|
|teampreview
|inactive|Battle timer is ON: inactive players will automatically lose when time's up. (requested by basedraybans)
|
|t:|1760836768
|teamsize|p1|6
|teamsize|p2|6
|start
|switch|p1a: Dragapult|Dragapult, M|100/100
|switch|p2a: Mamoswine|Mamoswine, M|100/100
|turn|1
|
|t:|1760836771
|move|p2a: Mamoswine|Icicle Crash|p1a: Dragapult
|-supereffective|p1a: Dragapult
|-damage|p1a: Dragapult|0 fnt
|faint|p1a: Dragapult
|
|upkeep
|
|t:|1760836783
|switch|p1a: Toxapex|Toxapex, F|100/100
|turn|2
|
|t:|1760836787
|switch|p2a: Tinkaton|Tinkaton, F|100/100
|-ability|p2a: Tinkaton|Mold Breaker
|move|p1a: Toxapex|Toxic Spikes|p2a: Tinkaton
|-sidestart|p2: ay cheu|move: Toxic Spikes
|
|upkeep
|turn|3
|
|t:|1760836797
|switch|p1a: Ting-Lu|Ting-Lu|100/100
|-ability|p1a: Ting-Lu|Vessel of Ruin
|move|p2a: Tinkaton|Stealth Rock|p1a: Ting-Lu
|-sidestart|p1: basedraybans|move: Stealth Rock
|
|upkeep
|turn|4
|
|t:|1760836803
|switch|p2a: Decidueye|Decidueye, M, shiny|100/100
|move|p1a: Ting-Lu|Stealth Rock|p2a: Decidueye
|-sidestart|p2: ay cheu|move: Stealth Rock
|
|upkeep
|turn|5
|
|t:|1760836808
|move|p2a: Decidueye|Knock Off|p1a: Ting-Lu
|-resisted|p1a: Ting-Lu
|-damage|p1a: Ting-Lu|94/100
|-enditem|p1a: Ting-Lu|Weakness Policy|[from] move: Knock Off|[of] p2a: Decidueye
|move|p1a: Ting-Lu|Payback|p2a: Decidueye
|-supereffective|p2a: Decidueye
|-damage|p2a: Decidueye|20/100
|
|upkeep
|turn|6
|
|t:|1760836814
|move|p2a: Decidueye|Roost|p2a: Decidueye
|-heal|p2a: Decidueye|70/100
|-singleturn|p2a: Decidueye|move: Roost
|move|p1a: Ting-Lu|Payback|p2a: Decidueye
|-supereffective|p2a: Decidueye
|-damage|p2a: Decidueye|0 fnt
|faint|p2a: Decidueye
|
|upkeep
|
|t:|1760836822
|switch|p2a: Mamoswine|Mamoswine, M|100/100
|-status|p2a: Mamoswine|psn
|-damage|p2a: Mamoswine|88/100 psn|[from] Stealth Rock
|turn|7
|
|t:|1760836831
|switch|p1a: Bronzong|Bronzong|100/100
|-damage|p1a: Bronzong|94/100|[from] Stealth Rock
|move|p2a: Mamoswine|Knock Off|p1a: Bronzong
|-supereffective|p1a: Bronzong
|-damage|p1a: Bronzong|32/100
|-enditem|p1a: Bronzong|Leftovers|[from] move: Knock Off|[of] p2a: Mamoswine
|
|-damage|p2a: Mamoswine|76/100 psn|[from] psn
|upkeep
|turn|8
|
|t:|1760836838
|move|p2a: Mamoswine|Knock Off|p1a: Bronzong
|-supereffective|p1a: Bronzong
|-damage|p1a: Bronzong|0 fnt
|faint|p1a: Bronzong
|
|-damage|p2a: Mamoswine|63/100 psn|[from] psn
|upkeep
|
|t:|1760836846
|switch|p1a: Ting-Lu|Ting-Lu|94/100
|-damage|p1a: Ting-Lu|88/100|[from] Stealth Rock
|-ability|p1a: Ting-Lu|Vessel of Ruin
|turn|9
|
|t:|1760836850
|switch|p2a: Thundurus|Thundurus, M|100/100
|move|p1a: Ting-Lu|Payback|p2a: Thundurus
|-damage|p2a: Thundurus|62/100
|
|upkeep
|turn|10
|
|t:|1760836856
|move|p2a: Thundurus|Nasty Plot|p2a: Thundurus
|-boost|p2a: Thundurus|spa|2
|move|p1a: Ting-Lu|Payback|p2a: Thundurus
|-damage|p2a: Thundurus|0 fnt
|faint|p2a: Thundurus
|
|upkeep
|
|t:|1760836862
|switch|p2a: Greninja|Greninja, F|100/100
|-status|p2a: Greninja|psn
|-damage|p2a: Greninja|88/100 psn|[from] Stealth Rock
|turn|11
|
|t:|1760836865
|switch|p1a: Toxapex|Toxapex, F|100/100
|-damage|p1a: Toxapex|88/100|[from] Stealth Rock
|move|p2a: Greninja|Hydro Pump|p1a: Toxapex|[miss]
|-start|p2a: Greninja|typechange|Water|[from] ability: Protean
|-miss|p2a: Greninja|p1a: Toxapex
|
|-damage|p2a: Greninja|76/100 psn|[from] psn
|upkeep
|turn|12
|
|t:|1760836868
|switch|p2a: Tinkaton|Tinkaton, F|100/100
|-damage|p2a: Tinkaton|94/100|[from] Stealth Rock
|-ability|p2a: Tinkaton|Mold Breaker
|move|p1a: Toxapex|Venoshock|p2a: Tinkaton
|-immune|p2a: Tinkaton
|
|-heal|p2a: Tinkaton|100/100|[from] item: Leftovers
|upkeep
|turn|13
|
|t:|1760836874
|move|p1a: Toxapex|Baneful Bunker|p1a: Toxapex
|-singleturn|p1a: Toxapex|move: Protect
|move|p2a: Tinkaton|Gigaton Hammer|p1a: Toxapex
|-activate|p1a: Toxapex|move: Protect
|
|upkeep
|turn|14
|
|t:|1760836882
|switch|p1a: Ting-Lu|Ting-Lu|88/100
|-damage|p1a: Ting-Lu|82/100|[from] Stealth Rock
|-ability|p1a: Ting-Lu|Vessel of Ruin
|move|p2a: Tinkaton|Thunder Wave|p1a: Ting-Lu
|-immune|p1a: Ting-Lu
|
|upkeep
|turn|15
|
|t:|1760836884
|move|p2a: Tinkaton|Gigaton Hammer|p1a: Ting-Lu
|-damage|p1a: Ting-Lu|56/100
|move|p1a: Ting-Lu|Earthquake|p2a: Tinkaton
|-supereffective|p2a: Tinkaton
|-damage|p2a: Tinkaton|0 fnt
|faint|p2a: Tinkaton
|
|upkeep
|-message|ay cheu forfeited.
|
|win|basedraybans
|raw|basedraybans's rating: 1423 &rarr; <strong>1444</strong><br />(+21 for winning)
|raw|ay cheu's rating: 1438 &rarr; <strong>1417</strong><br />(-21 for losing)
|l|☆ay cheu
|player|p2|
|l|☆basedraybans
|player|p1|
|j|☆basedraybans
|player|p1|basedraybans|169|
|l|☆basedraybans
|player|p1|
