|j|☆m709lkjo
|j|☆ashy_tony
|t:|1760757091
|gametype|singles
|player|p1|m709lkjo|101|1486
|player|p2|ashy_tony|biker-gen4|1461
|gen|9
|tier|[Gen 9] OU
|rated|
|rule|HP Percentage Mod: HP is shown in percentages
|rule|Endless Battle Clause: Forcing endless battles is banned
|rule|Species Clause: Limit one of each Pokémon
|rule|OHKO Clause: OHKO moves are banned
|rule|Evasion Items Clause: Evasion items are banned
|rule|Evasion Moves Clause: Evasion moves are banned
|rule|Evasion Abilities Clause: Evasion abilities are banned
|rule|Sleep Moves Clause: Sleep-inducing moves are banned
|clearpoke
|poke|p1|Garchomp, M|
|poke|p1|Drifblim, M|
|poke|p1|Zoroark-Hisui, M|
|poke|p1|Blaziken, F|
|poke|p1|Garganacl, F|
|poke|p1|Alomomola, M|
|poke|p2|Grimmsnarl, M|
|poke|p2|Iron Crown|
|poke|p2|Garchomp, F|
|poke|p2|Ogerpon-Wellspring, F|
|poke|p2|Skarmory, M|
|poke|p2|Hatterene, F|
|teampreview
|c|☆m709lkjo|gl hf
|
|t:|1760757129
|teamsize|p1|6
|teamsize|p2|6
|start
|switch|p1a: Drifblim|Drifblim, M|100/100
|switch|p2a: Grimmsnarl|Grimmsnarl, M|100/100
|turn|1
|
|t:|1760757144
|move|p1a: Drifblim|Knock Off|p2a: Grimmsnarl
|-resisted|p2a: Grimmsnarl
|-damage|p2a: Grimmsnarl|95/100
|-enditem|p2a: Grimmsnarl|Mirror Herb|[from] move: Knock Off|[of] p1a: Drifblim
|move|p2a: Grimmsnarl|Spirit Break|p1a: Drifblim
|-damage|p1a: Drifblim|70/100
|-unboost|p1a: Drifblim|spa|1
|
|upkeep
|turn|2
|
|t:|1760757152
|move|p2a: Grimmsnarl|Parting Shot|p1a: Drifblim
|-unboost|p1a: Drifblim|atk|1
|-unboost|p1a: Drifblim|spa|1
|
|t:|1760757157
|switch|p2a: Hatterene|Hatterene, F|100/100|[from] Parting Shot
|move|p1a: Drifblim|Will-O-Wisp|p2a: Hatterene
|move|p2a: Hatterene|Will-O-Wisp|p1a: Drifblim|[from] ability: Magic Bounce
|-status|p1a: Drifblim|brn
|
|-damage|p1a: Drifblim|64/100 brn|[from] brn
|upkeep
|turn|3
|
|t:|1760757170
|switch|p1a: Garganacl|Garganacl, F|100/100
|move|p2a: Hatterene|Psyshock|p1a: Garganacl
|-damage|p1a: Garganacl|70/100
|
|-heal|p1a: Garganacl|76/100|[from] item: Leftovers
|upkeep
|turn|4
|
|t:|1760757180
|move|p2a: Hatterene|Psyshock|p1a: Garganacl
|-damage|p1a: Garganacl|46/100
|move|p1a: Garganacl|Salt Cure|p2a: Hatterene
|-damage|p2a: Hatterene|85/100
|-start|p2a: Hatterene|Salt Cure
|
|-heal|p1a: Garganacl|52/100|[from] item: Leftovers
|-damage|p2a: Hatterene|73/100|[from] Salt Cure
|upkeep
|turn|5
|
|t:|1760757192
|switch|p2a: Iron Crown|Iron Crown|100/100
|move|p1a: Garganacl|Recover|p1a: Garganacl
|-heal|p1a: Garganacl|100/100
|
|upkeep
|turn|6
|
|t:|1760757200
|switch|p1a: Alomomola|Alomomola, M|100/100
|move|p2a: Iron Crown|Tachyon Cutter|p1a: Alomomola
|-resisted|p1a: Alomomola
|-damage|p1a: Alomomola|93/100
|-resisted|p1a: Alomomola
|-damage|p1a: Alomomola|86/100
|-hitcount|p1a: Alomomola|2
|
|upkeep
|turn|7
|
|t:|1760757211
|switch|p1a: Garchomp|Garchomp, M|100/100
|move|p2a: Iron Crown|Psychic Noise|p1a: Garchomp
|-damage|p1a: Garchomp|59/100
|-start|p1a: Garchomp|move: Heal Block
|
|upkeep
|turn|8
|
|t:|1760757234
|switch|p1a: Blaziken|Blaziken, F|100/100
|move|p2a: Iron Crown|Tachyon Cutter|p1a: Blaziken
|-damage|p1a: Blaziken|48/100
|replace|p1a: Zoroark|Zoroark-Hisui, M
|-end|p1a: Zoroark|Illusion
|-damage|p1a: Zoroark|0 fnt
|faint|p1a: Zoroark
|-hitcount|p1: Zoroark|2
|
|upkeep
|
|t:|1760757241
|switch|p1a: Blaziken|Blaziken, F|100/100
|turn|9
|
|t:|1760757245
|-end|p2a: Iron Crown|Quark Drive|[silent]
|switch|p2a: Grimmsnarl|Grimmsnarl, M|95/100
|move|p1a: Blaziken|Protect||[still]
|-fail|p1a: Blaziken
|
|-ability|p1a: Blaziken|Speed Boost|boost
|-boost|p1a: Blaziken|spe|1
|upkeep
|turn|10
|
|t:|1760757259
|move|p2a: Grimmsnarl|Fake Out|p1a: Blaziken
|-damage|p1a: Blaziken|79/100
|cant|p1a: Blaziken|flinch
|
|-ability|p1a: Blaziken|Speed Boost|boost
|-boost|p1a: Blaziken|spe|1
|upkeep
|turn|11
|
|t:|1760757272
|switch|p1a: Alomomola|Alomomola, M|100/100
|move|p2a: Grimmsnarl|Spirit Break|p1a: Alomomola
|-damage|p1a: Alomomola|77/100
|-unboost|p1a: Alomomola|spa|1
|
|upkeep
|turn|12
|
|t:|1760757295
|switch|p1a: Garganacl|Garganacl, F|100/100
|move|p2a: Grimmsnarl|Parting Shot|p1a: Garganacl
|-unboost|p1a: Garganacl|atk|1
|-unboost|p1a: Garganacl|spa|1
|
|t:|1760757305
|switch|p2a: Ogerpon|Ogerpon-Wellspring, F|100/100|[from] Parting Shot
|
|upkeep
|turn|13
|
|t:|1760757357
|-terastallize|p1a: Garganacl|Ghost
|move|p2a: Ogerpon|Ivy Cudgel|p1a: Garganacl|[anim] Ivy Cudgel Water
|-crit|p1a: Garganacl
|-damage|p1a: Garganacl|43/100
|move|p1a: Garganacl|Salt Cure|p2a: Ogerpon
|-damage|p2a: Ogerpon|89/100
|-start|p2a: Ogerpon|Salt Cure
|
|-heal|p1a: Garganacl|50/100|[from] item: Leftovers
|-damage|p2a: Ogerpon|64/100|[from] Salt Cure
|upkeep
|turn|14
|
|t:|1760757375
|move|p2a: Ogerpon|Taunt|p1a: Garganacl
|-start|p1a: Garganacl|move: Taunt
|cant|p1a: Garganacl|move: Taunt|Recover
|
|-heal|p1a: Garganacl|56/100|[from] item: Leftovers
|-damage|p2a: Ogerpon|39/100|[from] Salt Cure
|upkeep
|turn|15
|
|t:|1760757386
|switch|p1a: Alomomola|Alomomola, M|100/100
|move|p2a: Ogerpon|U-turn|p1a: Alomomola
|-damage|p1a: Alomomola|83/100
|
|t:|1760757392
|switch|p2a: Iron Crown|Iron Crown|100/100|[from] U-turn
|
|upkeep
|turn|16
|
|t:|1760757399
|move|p2a: Iron Crown|Volt Switch|p1a: Alomomola
|-supereffective|p1a: Alomomola
|-damage|p1a: Alomomola|54/100
|
|t:|1760757405
|-end|p2a: Iron Crown|Quark Drive|[silent]
|switch|p2a: Ogerpon|Ogerpon-Wellspring, F|39/100|[from] Volt Switch
|move|p1a: Alomomola|Mirror Coat|p2a: Ogerpon
|-damage|p2a: Ogerpon|0 fnt
|faint|p2a: Ogerpon
|
|upkeep
|
|t:|1760757421
|switch|p2a: Grimmsnarl|Grimmsnarl, M|95/100
|turn|17
|
|t:|1760757430
|switch|p1a: Garganacl|Garganacl, F, tera:Ghost|56/100
|move|p2a: Grimmsnarl|Fake Out|p1a: Garganacl
|-immune|p1a: Garganacl
|
|-heal|p1a: Garganacl|62/100|[from] item: Leftovers
|upkeep
|turn|18
|
|t:|1760757442
|move|p2a: Grimmsnarl|Parting Shot|p1a: Garganacl
|-unboost|p1a: Garganacl|atk|1
|-unboost|p1a: Garganacl|spa|1
|
|t:|1760757450
|switch|p2a: Iron Crown|Iron Crown|100/100|[from] Parting Shot
|move|p1a: Garganacl|Salt Cure|p2a: Iron Crown
|-resisted|p2a: Iron Crown
|-damage|p2a: Iron Crown|95/100
|-start|p2a: Iron Crown|Salt Cure
|
|-heal|p1a: Garganacl|68/100|[from] item: Leftovers
|-damage|p2a: Iron Crown|70/100|[from] Salt Cure
|upkeep
|turn|19
|
|t:|1760757460
|switch|p1a: Garchomp|Garchomp, M|59/100
|move|p2a: Iron Crown|Psychic Noise|p1a: Garchomp
|-damage|p1a: Garchomp|16/100
|-start|p1a: Garchomp|move: Heal Block
|
|-damage|p2a: Iron Crown|45/100|[from] Salt Cure
|upkeep
|turn|20
|
|t:|1760757479
|move|p2a: Iron Crown|Psychic Noise|p1a: Garchomp
|-crit|p1a: Garchomp
|-damage|p1a: Garchomp|0 fnt
|faint|p1a: Garchomp
|
|-damage|p2a: Iron Crown|20/100|[from] Salt Cure
|upkeep
|
|t:|1760757490
|switch|p1a: Alomomola|Alomomola, M|88/100
|turn|21
|
|t:|1760757495
|-end|p2a: Iron Crown|Quark Drive|[silent]
|switch|p2a: Hatterene|Hatterene, F|73/100
|move|p1a: Alomomola|Flip Turn|p2a: Hatterene
|-damage|p2a: Hatterene|56/100
|
|t:|1760757507
|switch|p1a: Garganacl|Garganacl, F, tera:Ghost|68/100|[from] Flip Turn
|
|-heal|p1a: Garganacl|74/100|[from] item: Leftovers
|upkeep
|turn|22
|
|t:|1760757514
|move|p2a: Hatterene|Draining Kiss|p1a: Garganacl
|-damage|p1a: Garganacl|55/100
|-heal|p2a: Hatterene|74/100|[from] drain|[of] p1a: Garganacl
|move|p1a: Garganacl|Salt Cure|p2a: Hatterene
|-damage|p2a: Hatterene|58/100
|-start|p2a: Hatterene|Salt Cure
|
|-heal|p1a: Garganacl|61/100|[from] item: Leftovers
|-damage|p2a: Hatterene|46/100|[from] Salt Cure
|upkeep
|turn|23
|
|t:|1760757524
|move|p2a: Hatterene|Draining Kiss|p1a: Garganacl
|-damage|p1a: Garganacl|42/100
|-heal|p2a: Hatterene|64/100|[from] drain|[of] p1a: Garganacl
|move|p1a: Garganacl|Salt Cure|p2a: Hatterene
|-damage|p2a: Hatterene|47/100
|
|-heal|p1a: Garganacl|49/100|[from] item: Leftovers
|-damage|p2a: Hatterene|34/100|[from] Salt Cure
|upkeep
|turn|24
|
|t:|1760757539
|switch|p2a: Garchomp|Garchomp, F|100/100
|move|p1a: Garganacl|Recover|p1a: Garganacl
|-heal|p1a: Garganacl|99/100
|
|-heal|p1a: Garganacl|100/100|[from] item: Leftovers
|upkeep
|turn|25
|
|t:|1760757550
|move|p2a: Garchomp|Stealth Rock|p1a: Garganacl
|-sidestart|p1: m709lkjo|move: Stealth Rock
|move|p1a: Garganacl|Salt Cure|p2a: Garchomp
|-resisted|p2a: Garchomp
|-damage|p2a: Garchomp|96/100
|-start|p2a: Garchomp|Salt Cure
|
|-damage|p2a: Garchomp|84/100|[from] Salt Cure
|upkeep
|turn|26
|
|t:|1760757558
|move|p2a: Garchomp|Earthquake|p1a: Garganacl
|-damage|p1a: Garganacl|72/100
|move|p1a: Garganacl|Stealth Rock|p2a: Garchomp
|-sidestart|p2: ashy_tony|move: Stealth Rock
|
|-heal|p1a: Garganacl|78/100|[from] item: Leftovers
|-damage|p2a: Garchomp|71/100|[from] Salt Cure
|upkeep
|turn|27
|
|t:|1760757566
|move|p2a: Garchomp|Earthquake|p1a: Garganacl
|-damage|p1a: Garganacl|52/100
|move|p1a: Garganacl|Salt Cure|p2a: Garchomp
|-resisted|p2a: Garchomp
|-damage|p2a: Garchomp|67/100
|
|-heal|p1a: Garganacl|58/100|[from] item: Leftovers
|-damage|p2a: Garchomp|55/100|[from] Salt Cure
|upkeep
|turn|28
|
|t:|1760757592
|move|p2a: Garchomp|Earthquake|p1a: Garganacl
|-damage|p1a: Garganacl|31/100
|move|p1a: Garganacl|Salt Cure|p2a: Garchomp
|-resisted|p2a: Garchomp
|-damage|p2a: Garchomp|50/100
|
|-heal|p1a: Garganacl|38/100|[from] item: Leftovers
|-damage|p2a: Garchomp|38/100|[from] Salt Cure
|upkeep
|turn|29
|
|t:|1760757605
|move|p1a: Garganacl|Recover|p1a: Garganacl
|-heal|p1a: Garganacl|88/100
|move|p2a: Garchomp|Dragon Tail|p1a: Garganacl
|-damage|p1a: Garganacl|72/100
|drag|p1a: Drifblim|Drifblim, M|64/100 brn
|
|-damage|p1a: Drifblim|58/100 brn|[from] brn
|-damage|p2a: Garchomp|25/100|[from] Salt Cure
|upkeep
|turn|30
|
|t:|1760757633
|move|p1a: Drifblim|Knock Off|p2a: Garchomp
|-damage|p2a: Garchomp|20/100
|-damage|p1a: Drifblim|45/100 brn|[from] ability: Rough Skin|[of] p2a: Garchomp
|-damage|p1a: Drifblim|29/100 brn|[from] item: Rocky Helmet|[of] p2a: Garchomp
|-enditem|p2a: Garchomp|Rocky Helmet|[from] move: Knock Off|[of] p1a: Drifblim
|move|p2a: Garchomp|Dragon Tail|p1a: Drifblim
|-damage|p1a: Drifblim|9/100 brn
|drag|p1a: Alomomola|Alomomola, M|100/100
|-damage|p1a: Alomomola|88/100|[from] Stealth Rock
|
|-damage|p2a: Garchomp|7/100|[from] Salt Cure
|upkeep
|turn|31
|
|t:|1760757649
|move|p2a: Garchomp|Earthquake|p1a: Alomomola
|-damage|p1a: Alomomola|61/100
|move|p1a: Alomomola|Flip Turn|p2a: Garchomp
|-damage|p2a: Garchomp|0 fnt
|-damage|p1a: Alomomola|48/100|[from] ability: Rough Skin|[of] p2a: Garchomp
|faint|p2a: Garchomp
|
|t:|1760757685
|switch|p1a: Blaziken|Blaziken, F|79/100|[from] Flip Turn
|-damage|p1a: Blaziken|67/100|[from] Stealth Rock
|
|upkeep
|
|t:|1760757702
|switch|p2a: Grimmsnarl|Grimmsnarl, M|95/100
|-damage|p2a: Grimmsnarl|82/100|[from] Stealth Rock
|turn|32
|
|t:|1760757707
|switch|p1a: Alomomola|Alomomola, M|82/100
|-damage|p1a: Alomomola|70/100|[from] Stealth Rock
|move|p2a: Grimmsnarl|Spirit Break|p1a: Alomomola
|-damage|p1a: Alomomola|46/100
|-unboost|p1a: Alomomola|spa|1
|
|upkeep
|turn|33
|
|t:|1760757725
|switch|p1a: Garganacl|Garganacl, F, tera:Ghost|72/100
|-damage|p1a: Garganacl|59/100|[from] Stealth Rock
|move|p2a: Grimmsnarl|Spirit Break|p1a: Garganacl
|-damage|p1a: Garganacl|33/100
|-unboost|p1a: Garganacl|spa|1
|
|-heal|p1a: Garganacl|39/100|[from] item: Leftovers
|upkeep
|turn|34
|
|t:|1760757736
|move|p2a: Grimmsnarl|Spirit Break|p1a: Garganacl
|-damage|p1a: Garganacl|15/100
|-unboost|p1a: Garganacl|spa|1
|move|p1a: Garganacl|Recover|p1a: Garganacl
|-heal|p1a: Garganacl|65/100
|
|-heal|p1a: Garganacl|71/100|[from] item: Leftovers
|upkeep
|turn|35
|
|t:|1760757744
|move|p2a: Grimmsnarl|Parting Shot|p1a: Garganacl
|-unboost|p1a: Garganacl|atk|1
|-unboost|p1a: Garganacl|spa|1
|
|t:|1760757747
|switch|p2a: Iron Crown|Iron Crown|20/100|[from] Parting Shot
|-damage|p2a: Iron Crown|14/100|[from] Stealth Rock
|move|p1a: Garganacl|Salt Cure|p2a: Iron Crown
|-resisted|p2a: Iron Crown
|-damage|p2a: Iron Crown|9/100
|-start|p2a: Iron Crown|Salt Cure
|
|-heal|p1a: Garganacl|77/100|[from] item: Leftovers
|-damage|p2a: Iron Crown|0 fnt|[from] Salt Cure
|faint|p2a: Iron Crown
|-end|p2a: Iron Crown|Quark Drive|[silent]
|upkeep
|-message|ashy_tony forfeited.
|
|win|m709lkjo
|raw|m709lkjo's rating: 1486 &rarr; <strong>1505</strong><br />(+19 for winning)
|raw|ashy_tony's rating: 1461 &rarr; <strong>1442</strong><br />(-19 for losing)
|l|☆ashy_tony
|player|p2|
|c|☆m709lkjo|gg
