|j|☆mishamisha69
|j|☆skun105
|t:|1760725995
|gametype|singles
|player|p1|mishamisha69|veteran|1067
|player|p2|skun105|1|1056
|gen|9
|tier|[Gen 9] OU
|rated|
|rule|HP Percentage Mod: HP is shown in percentages
|rule|Endless Battle Clause: Forcing endless battles is banned
|rule|Species Clause: Limit one of each Pokémon
|rule|OHKO Clause: OHKO moves are banned
|rule|Evasion Items Clause: Evasion items are banned
|rule|Evasion Moves Clause: Evasion moves are banned
|rule|Evasion Abilities Clause: Evasion abilities are banned
|rule|Sleep Moves Clause: Sleep-inducing moves are banned
|clearpoke
|poke|p1|Mightyena, F|
|poke|p1|Primeape, F|
|poke|p1|Masquerain, M|
|poke|p1|Goodra-Hisui, F|
|poke|p1|Typhlosion-Hisui, F|
|poke|p1|Electrode-Hisui|
|poke|p2|Metagross|
|poke|p2|Glimmora, M|
|poke|p2|Salazzle, F|
|poke|p2|Skuntank, F|
|poke|p2|Kingambit, F|
|poke|p2|Primarina, M|
|teampreview
|inactive|Battle timer is ON: inactive players will automatically lose when time's up. (requested by mishamisha69)
|
|t:|1760726006
|teamsize|p1|6
|teamsize|p2|6
|start
|switch|p1a: Masquerain|Masquerain, M|100/100
|switch|p2a: Skuntank|Skuntank, F, shiny|100/100
|-ability|p1a: Masquerain|Intimidate|boost
|-unboost|p2a: Skuntank|atk|1
|turn|1
|
|t:|1760726018
|move|p2a: Skuntank|Toxic Spikes|p1a: Masquerain
|-sidestart|p1: mishamisha69|move: Toxic Spikes
|move|p1a: Masquerain|Sticky Web|p2a: Skuntank
|-sidestart|p2: skun105|move: Sticky Web
|
|upkeep
|turn|2
|
|t:|1760726026
|move|p2a: Skuntank|Toxic Spikes|p1a: Masquerain
|-sidestart|p1: mishamisha69|move: Toxic Spikes
|move|p1a: Masquerain|Quiver Dance|p1a: Masquerain
|-boost|p1a: Masquerain|spa|1
|-boost|p1a: Masquerain|spd|1
|-boost|p1a: Masquerain|spe|1
|
|upkeep
|turn|3
|
|t:|1760726032
|move|p1a: Masquerain|Quiver Dance|p1a: Masquerain
|-boost|p1a: Masquerain|spa|1
|-boost|p1a: Masquerain|spd|1
|-boost|p1a: Masquerain|spe|1
|move|p2a: Skuntank|Hex|p1a: Masquerain
|-damage|p1a: Masquerain|93/100
|
|upkeep
|turn|4
|
|t:|1760726039
|move|p1a: Masquerain|Air Slash|p2a: Skuntank
|-damage|p2a: Skuntank|19/100
|move|p2a: Skuntank|Foul Play|p1a: Masquerain
|-damage|p1a: Masquerain|65/100
|
|-heal|p2a: Skuntank|25/100|[from] item: Leftovers
|upkeep
|turn|5
|
|t:|1760726044
|move|p2a: Skuntank|Protect|p2a: Skuntank
|-singleturn|p2a: Skuntank|Protect
|move|p1a: Masquerain|Air Slash|p2a: Skuntank
|-activate|p2a: Skuntank|move: Protect
|
|-heal|p2a: Skuntank|31/100|[from] item: Leftovers
|upkeep
|turn|6
|
|t:|1760726048
|move|p1a: Masquerain|Air Slash|p2a: Skuntank
|-damage|p2a: Skuntank|0 fnt
|faint|p2a: Skuntank
|
|upkeep
|
|t:|1760726055
|switch|p2a: Metagross|Metagross, shiny|100/100
|-activate|p2a: Metagross|move: Sticky Web
|-fail|p2a: Metagross|unboost|[from] ability: Clear Body|[of] p2a: Metagross
|turn|7
|
|t:|1760726059
|move|p1a: Masquerain|Hydro Pump|p2a: Metagross
|-damage|p2a: Metagross|30/100
|move|p2a: Metagross|Agility|p2a: Metagross
|-boost|p2a: Metagross|spe|2
|
|upkeep
|turn|8
|
|t:|1760726067
|move|p1a: Masquerain|Air Slash|p2a: Metagross
|-resisted|p2a: Metagross
|-damage|p2a: Metagross|0 fnt
|faint|p2a: Metagross
|
|upkeep
|
|t:|1760726071
|switch|p2a: Primarina|Primarina, M|100/100
|-activate|p2a: Primarina|move: Sticky Web
|-unboost|p2a: Primarina|spe|1
|turn|9
|
|t:|1760726086
|move|p1a: Masquerain|Air Slash|p2a: Primarina
|-damage|p2a: Primarina|42/100
|move|p2a: Primarina|Ice Beam|p1a: Masquerain
|-supereffective|p1a: Masquerain
|-damage|p1a: Masquerain|14/100
|
|-heal|p2a: Primarina|48/100|[from] item: Leftovers
|upkeep
|turn|10
|
|t:|1760726092
|move|p1a: Masquerain|Air Slash|p2a: Primarina|[miss]
|-miss|p1a: Masquerain|p2a: Primarina
|move|p2a: Primarina|Ice Beam|p1a: Masquerain
|-supereffective|p1a: Masquerain
|-damage|p1a: Masquerain|0 fnt
|faint|p1a: Masquerain
|
|-heal|p2a: Primarina|54/100|[from] item: Leftovers
|upkeep
|
|t:|1760726095
|switch|p1a: Electrode|Electrode-Hisui|100/100
|-status|p1a: Electrode|tox
|turn|11
|
|t:|1760726099
|move|p1a: Electrode|Volt Switch|p2a: Primarina
|-supereffective|p2a: Primarina
|-damage|p2a: Primarina|0 fnt
|faint|p2a: Primarina
|
|t:|1760726105
|switch|p1a: Goodra|Goodra-Hisui, F|100/100|[from] Volt Switch
|
|upkeep
|
|t:|1760726108
|switch|p2a: Salazzle|Salazzle, F, shiny|100/100
|-activate|p2a: Salazzle|move: Sticky Web
|-unboost|p2a: Salazzle|spe|1
|turn|12
|
|t:|1760726113
|move|p2a: Salazzle|Toxic|p1a: Goodra
|-status|p1a: Goodra|tox
|move|p1a: Goodra|Curse|p1a: Goodra
|-unboost|p1a: Goodra|spe|1
|-boost|p1a: Goodra|atk|1
|-boost|p1a: Goodra|def|1
|
|-damage|p1a: Goodra|94/100 tox|[from] psn
|upkeep
|turn|13
|
|t:|1760726118
|move|p2a: Salazzle|Heat Wave|p1a: Goodra
|-damage|p1a: Goodra|63/100 tox
|move|p1a: Goodra|Earthquake|p2a: Salazzle
|-supereffective|p2a: Salazzle
|-damage|p2a: Salazzle|0 fnt
|faint|p2a: Salazzle
|
|-damage|p1a: Goodra|51/100 tox|[from] psn
|upkeep
|
|t:|1760726123
|switch|p2a: Glimmora|Glimmora, M|100/100
|-activate|p2a: Glimmora|move: Sticky Web
|-unboost|p2a: Glimmora|spe|1
|turn|14
|
|t:|1760726131
|move|p2a: Glimmora|Reflect|p2a: Glimmora
|-sidestart|p2: skun105|Reflect
|move|p1a: Goodra|Gyro Ball|p2a: Glimmora
|-supereffective|p2a: Glimmora
|-damage|p2a: Glimmora|54/100
|
|-heal|p2a: Glimmora|60/100|[from] item: Leftovers
|-damage|p1a: Goodra|33/100 tox|[from] psn
|upkeep
|turn|15
|
|t:|1760726136
|move|p2a: Glimmora|Spiky Shield|p2a: Glimmora
|-singleturn|p2a: Glimmora|move: Protect
|move|p1a: Goodra|Rest|p1a: Goodra
|-status|p1a: Goodra|slp|[from] move: Rest
|-heal|p1a: Goodra|100/100 slp|[silent]
|-enditem|p1a: Goodra|Chesto Berry|[eat]
|-curestatus|p1a: Goodra|slp|[msg]
|
|-heal|p2a: Glimmora|67/100|[from] item: Leftovers
|upkeep
|turn|16
|
|t:|1760726147
|move|p2a: Glimmora|Mortal Spin|p1a: Goodra
|-immune|p1a: Goodra
|move|p1a: Goodra|Earthquake|p2a: Glimmora
|-supereffective|p2a: Glimmora
|-damage|p2a: Glimmora|0 fnt
|faint|p2a: Glimmora
|
|upkeep
|
|t:|1760726151
|switch|p2a: Kingambit|Kingambit, F, shiny|100/100
|-activate|p2a: Kingambit|move: Sticky Web
|-fail|p2a: Kingambit|unboost|[from] item: Clear Amulet|[of] p2a: Kingambit
|-activate|p2a: Kingambit|ability: Supreme Overlord
|-start|p2a: Kingambit|fallen5|[silent]
|turn|17
|
|t:|1760726159
|move|p2a: Kingambit|Swords Dance|p2a: Kingambit
|-boost|p2a: Kingambit|atk|2
|move|p1a: Goodra|Earthquake|p2a: Kingambit
|-supereffective|p2a: Kingambit
|-damage|p2a: Kingambit|68/100
|
|upkeep
|turn|18
|
|t:|1760726179
|move|p2a: Kingambit|Swords Dance|p2a: Kingambit
|-boost|p2a: Kingambit|atk|2
|move|p1a: Goodra|Curse|p1a: Goodra
|-unboost|p1a: Goodra|spe|1
|-boost|p1a: Goodra|atk|1
|-boost|p1a: Goodra|def|1
|
|-sideend|p2: skun105|Reflect
|upkeep
|turn|19
|
|t:|1760726183
|move|p2a: Kingambit|Kowtow Cleave|p1a: Goodra
|-damage|p1a: Goodra|3/100
|move|p1a: Goodra|Earthquake|p2a: Kingambit
|-supereffective|p2a: Kingambit
|-damage|p2a: Kingambit|0 fnt
|faint|p2a: Kingambit
|-end|p2a: Kingambit|fallen5|[silent]
|
|win|mishamisha69
|raw|mishamisha69's rating: 1067 &rarr; <strong>1096</strong><br />(+29 for winning)
|raw|skun105's rating: 1056 &rarr; <strong>1038</strong><br />(-18 for losing)
|l|☆skun105
|player|p2|
|l|☆mishamisha69
|player|p1|
