|j|☆QuesitoMilico
|j|☆armyhammerbro0
|t:|1760848713
|gametype|singles
|player|p1|QuesitoMilico|veteran|1130
|player|p2|armyhammerbro0|riley|1105
|gen|9
|tier|[Gen 9] OU
|rated|
|rule|HP Percentage Mod: HP is shown in percentages
|rule|Endless Battle Clause: Forcing endless battles is banned
|rule|Species Clause: Limit one of each Pokémon
|rule|OHKO Clause: OHKO moves are banned
|rule|Evasion Items Clause: Evasion items are banned
|rule|Evasion Moves Clause: Evasion moves are banned
|rule|Evasion Abilities Clause: Evasion abilities are banned
|rule|Sleep Moves Clause: Sleep-inducing moves are banned
|clearpoke
|poke|p1|Blastoise, M|
|poke|p1|Dugtrio, M|
|poke|p1|Tyranitar, M|
|poke|p1|Sandslash, M|
|poke|p1|Zapdos|
|poke|p1|Cinderace, M|
|poke|p2|Emboar, M|
|poke|p2|Skarmory, F|
|poke|p2|Noivern, M|
|poke|p2|Ceruledge, M|
|poke|p2|Glimmora, M|
|poke|p2|Primarina, F|
|teampreview
|
|t:|1760848726
|teamsize|p1|6
|teamsize|p2|6
|start
|switch|p1a: Tyranitar|Tyranitar, M|100/100
|switch|p2a: Glimmora|Glimmora, M|100/100
|-weather|Sandstorm|[from] ability: Sand Stream|[of] p1a: Tyranitar
|turn|1
|
|t:|1760848738
|move|p2a: Glimmora|Earth Power|p1a: Tyranitar
|-supereffective|p1a: Tyranitar
|-damage|p1a: Tyranitar|61/100
|move|p1a: Tyranitar|Earthquake|p2a: Glimmora
|-supereffective|p2a: Glimmora
|-damage|p2a: Glimmora|0 fnt
|-activate|p2a: Glimmora|ability: Toxic Debris
|-sidestart|p1: QuesitoMilico|move: Toxic Spikes
|faint|p2a: Glimmora
|
|-weather|Sandstorm|[upkeep]
|-heal|p1a: Tyranitar|67/100|[from] item: Leftovers
|upkeep
|
|t:|1760848750
|switch|p2a: Skarmory|Skarmory, F|100/100
|turn|2
|
|t:|1760848758
|move|p2a: Skarmory|Drill Run|p1a: Tyranitar
|-supereffective|p1a: Tyranitar
|-damage|p1a: Tyranitar|43/100
|move|p1a: Tyranitar|Fire Blast|p2a: Skarmory
|-supereffective|p2a: Skarmory
|-damage|p2a: Skarmory|33/100
|
|-weather|Sandstorm|[upkeep]
|-heal|p1a: Tyranitar|49/100|[from] item: Leftovers
|upkeep
|turn|3
|
|t:|1760848769
|move|p2a: Skarmory|Drill Run|p1a: Tyranitar
|-supereffective|p1a: Tyranitar
|-damage|p1a: Tyranitar|21/100
|move|p1a: Tyranitar|Fire Blast|p2a: Skarmory
|-supereffective|p2a: Skarmory
|-damage|p2a: Skarmory|0 fnt
|faint|p2a: Skarmory
|
|-weather|Sandstorm|[upkeep]
|-heal|p1a: Tyranitar|27/100|[from] item: Leftovers
|upkeep
|
|t:|1760848781
|switch|p2a: Emboar|Emboar, M|100/100
|turn|4
|
|t:|1760848787
|move|p2a: Emboar|Earthquake|p1a: Tyranitar
|-supereffective|p1a: Tyranitar
|-damage|p1a: Tyranitar|0 fnt
|faint|p1a: Tyranitar
|
|-weather|Sandstorm|[upkeep]
|-damage|p2a: Emboar|94/100|[from] Sandstorm
|upkeep
|
|t:|1760848789
|switch|p1a: Cinderace|Cinderace, M|100/100
|turn|5
|
|t:|1760848795
|move|p1a: Cinderace|Court Change|p1a: Cinderace
|-start|p1a: Cinderace|typechange|Normal|[from] ability: Libero
|-swapsideconditions
|-activate|p1a: Cinderace|move: Court Change
|move|p2a: Emboar|Earthquake|p1a: Cinderace
|-damage|p1a: Cinderace|21/100
|
|-weather|none
|upkeep
|turn|6
|
|t:|1760848801
|move|p1a: Cinderace|U-turn|p2a: Emboar
|-resisted|p2a: Emboar
|-damage|p2a: Emboar|88/100
|
|t:|1760848811
|switch|p1a: Zapdos|Zapdos|100/100|[from] U-turn
|-ability|p1a: Zapdos|Pressure
|move|p2a: Emboar|Earthquake|p1a: Zapdos
|-immune|p1a: Zapdos
|
|upkeep
|turn|7
|
|t:|1760848823
|switch|p2a: Ceruledge|Ceruledge, M|100/100
|-status|p2a: Ceruledge|psn
|move|p1a: Zapdos|Thunderbolt|p2a: Ceruledge
|-damage|p2a: Ceruledge|41/100 psn
|
|-damage|p2a: Ceruledge|29/100 psn|[from] psn
|upkeep
|turn|8
|
|t:|1760848833
|move|p2a: Ceruledge|Bitter Blade|p1a: Zapdos
|-damage|p1a: Zapdos|55/100
|-heal|p2a: Ceruledge|54/100 psn|[from] drain|[of] p1a: Zapdos
|move|p1a: Zapdos|Thunderbolt|p2a: Ceruledge
|-damage|p2a: Ceruledge|0 fnt
|faint|p2a: Ceruledge
|
|upkeep
|
|t:|1760848841
|switch|p2a: Noivern|Noivern, M|100/100
|turn|9
|
|t:|1760848846
|move|p2a: Noivern|Dragon Pulse|p1a: Zapdos
|-damage|p1a: Zapdos|14/100
|move|p1a: Zapdos|Volt Switch|p2a: Noivern
|-damage|p2a: Noivern|50/100
|
|t:|1760848855
|switch|p1a: Cinderace|Cinderace, M|21/100|[from] Volt Switch
|
|upkeep
|turn|10
|
|t:|1760848865
|switch|p1a: Zapdos|Zapdos|14/100
|-ability|p1a: Zapdos|Pressure
|move|p2a: Noivern|Dragon Pulse|p1a: Zapdos
|-damage|p1a: Zapdos|0 fnt
|faint|p1a: Zapdos
|
|upkeep
|
|t:|1760848876
|switch|p1a: Dugtrio|Dugtrio, M|100/100
|turn|11
|
|t:|1760848882
|move|p1a: Dugtrio|Sucker Punch|p2a: Noivern
|-damage|p2a: Noivern|11/100
|move|p2a: Noivern|Dragon Pulse|p1a: Dugtrio
|-damage|p1a: Dugtrio|18/100
|
|upkeep
|turn|12
|
|t:|1760848891
|move|p1a: Dugtrio|Sucker Punch|p2a: Noivern
|-damage|p2a: Noivern|0 fnt
|faint|p2a: Noivern
|
|upkeep
|
|t:|1760848896
|switch|p2a: Primarina|Primarina, F|100/100
|-status|p2a: Primarina|psn
|turn|13
|
|t:|1760848919
|switch|p1a: Sandslash|Sandslash, M, shiny|100/100
|move|p2a: Primarina|Hyper Voice|p1a: Sandslash
|-supereffective|p1a: Sandslash
|-damage|p1a: Sandslash|0 fnt
|faint|p1a: Sandslash
|-enditem|p2a: Primarina|Throat Spray
|-boost|p2a: Primarina|spa|1|[from] item: Throat Spray
|
|-damage|p2a: Primarina|88/100 psn|[from] psn
|upkeep
|
|t:|1760848922
|switch|p1a: Dugtrio|Dugtrio, M|18/100
|turn|14
|
|t:|1760848930
|-terastallize|p1a: Dugtrio|Ground
|move|p1a: Dugtrio|Earthquake|p2a: Primarina
|-damage|p2a: Primarina|0 fnt
|faint|p2a: Primarina
|
|upkeep
|
|t:|1760848934
|switch|p2a: Emboar|Emboar, M|88/100
|-status|p2a: Emboar|psn
|turn|15
|
|t:|1760848943
|move|p2a: Emboar|Sucker Punch|p1a: Dugtrio
|-damage|p1a: Dugtrio|0 fnt
|faint|p1a: Dugtrio
|
|-damage|p2a: Emboar|75/100 psn|[from] psn
|upkeep
|
|t:|1760848947
|switch|p1a: Blastoise|Blastoise, M|100/100
|turn|16
|
|t:|1760848951
|-terastallize|p2a: Emboar|Dark
|move|p2a: Emboar|Sucker Punch|p1a: Blastoise
|-damage|p1a: Blastoise|38/100
|move|p1a: Blastoise|Hydro Pump|p2a: Emboar
|-damage|p2a: Emboar|14/100 psn
|
|-damage|p2a: Emboar|2/100 psn|[from] psn
|upkeep
|turn|17
|
|t:|1760848959
|move|p2a: Emboar|Sucker Punch||[still]
|-fail|p2a: Emboar
|move|p1a: Blastoise|Shell Smash|p1a: Blastoise
|-unboost|p1a: Blastoise|def|1
|-unboost|p1a: Blastoise|spd|1
|-boost|p1a: Blastoise|atk|2
|-boost|p1a: Blastoise|spa|2
|-boost|p1a: Blastoise|spe|2
|-enditem|p1a: Blastoise|White Herb
|-clearnegativeboost|p1a: Blastoise|[silent]
|
|-damage|p2a: Emboar|0 fnt|[from] psn
|faint|p2a: Emboar
|
|win|QuesitoMilico
|raw|QuesitoMilico's rating: 1130 &rarr; <strong>1153</strong><br />(+23 for winning)
|raw|armyhammerbro0's rating: 1105 &rarr; <strong>1082</strong><br />(-23 for losing)
|l|☆QuesitoMilico
|player|p1|
|c|☆armyhammerbro0|gg
|l|☆armyhammerbro0
|player|p2|
