|j|☆spoons_R_bent
|j|☆hamburgerking
|t:|1760767268
|gametype|singles
|player|p1|spoons_R_bent|clerkf|1213
|player|p2|hamburgerking|baker|1132
|gen|9
|tier|[Gen 9] OU
|rated|
|rule|HP Percentage Mod: HP is shown in percentages
|rule|Endless Battle Clause: Forcing endless battles is banned
|rule|Species Clause: Limit one of each Pokémon
|rule|OHKO Clause: OHKO moves are banned
|rule|Evasion Items Clause: Evasion items are banned
|rule|Evasion Moves Clause: Evasion moves are banned
|rule|Evasion Abilities Clause: Evasion abilities are banned
|rule|Sleep Moves Clause: Sleep-inducing moves are banned
|clearpoke
|poke|p1|Tinkaton, F|
|poke|p1|Klefki, F|
|poke|p1|Clefable, M|
|poke|p1|Hatterene, F|
|poke|p1|Mimikyu, F|
|poke|p1|Primarina, F|
|poke|p2|Garchomp, M|
|poke|p2|Darkrai|
|poke|p2|Gholdengo|
|poke|p2|Ogerpon-Wellspring, F|
|poke|p2|Iron Valiant|
|poke|p2|Iron Treads|
|teampreview
|
|t:|1760767275
|teamsize|p1|6
|teamsize|p2|6
|start
|switch|p1a: Tinkaton|Tinkaton, F, shiny|100/100
|switch|p2a: Gholdengo|Gholdengo|100/100
|-item|p1a: Tinkaton|Air Balloon
|-item|p2a: Gholdengo|Air Balloon
|turn|1
|
|t:|1760767288
|switch|p1a: Klefki|Klefki, F|100/100
|move|p2a: Gholdengo|Thunder Wave|p1a: Klefki
|-status|p1a: Klefki|par
|
|upkeep
|turn|2
|inactive|Battle timer is ON: inactive players will automatically lose when time's up. (requested by spoons_R_bent)
|
|t:|1760767322
|move|p1a: Klefki|Light Screen|p1a: Klefki
|-sidestart|p1: spoons_R_bent|move: Light Screen
|move|p2a: Gholdengo|Hex|p1a: Klefki
|-damage|p1a: Klefki|72/100 par
|
|upkeep
|turn|3
|
|t:|1760767334
|move|p1a: Klefki|Reflect|p1a: Klefki
|-sidestart|p1: spoons_R_bent|Reflect
|move|p2a: Gholdengo|Hex|p1a: Klefki
|-damage|p1a: Klefki|43/100 par
|
|upkeep
|turn|4
|
|t:|1760767340
|move|p2a: Gholdengo|Hex|p1a: Klefki
|-damage|p1a: Klefki|12/100 par
|cant|p1a: Klefki|par
|
|upkeep
|turn|5
|
|t:|1760767346
|move|p2a: Gholdengo|Hex|p1a: Klefki
|-damage|p1a: Klefki|0 fnt
|faint|p1a: Klefki
|
|upkeep
|
|t:|1760767351
|switch|p1a: Primarina|Primarina, F|100/100
|turn|6
|
|t:|1760767355
|move|p2a: Gholdengo|Thunder Wave|p1a: Primarina
|-status|p1a: Primarina|par
|move|p1a: Primarina|Shadow Ball|p2a: Gholdengo
|-supereffective|p2a: Gholdengo
|-damage|p2a: Gholdengo|48/100
|-enditem|p2a: Gholdengo|Air Balloon
|
|upkeep
|turn|7
|
|t:|1760767365
|move|p2a: Gholdengo|Hex|p1a: Primarina
|-damage|p1a: Primarina|76/100 par
|cant|p1a: Primarina|par
|
|upkeep
|turn|8
|
|t:|1760767372
|move|p2a: Gholdengo|Hex|p1a: Primarina
|-damage|p1a: Primarina|52/100 par
|move|p1a: Primarina|Psychic Noise|p2a: Gholdengo
|-damage|p2a: Gholdengo|10/100
|-start|p2a: Gholdengo|move: Heal Block
|
|upkeep
|turn|9
|
|t:|1760767385
|move|p2a: Gholdengo|Hex|p1a: Primarina
|-damage|p1a: Primarina|27/100 par
|move|p1a: Primarina|Shadow Ball|p2a: Gholdengo
|-supereffective|p2a: Gholdengo
|-damage|p2a: Gholdengo|0 fnt
|faint|p2a: Gholdengo
|
|-sideend|p1: spoons_R_bent|move: Light Screen
|upkeep
|
|t:|1760767393
|switch|p2a: Ogerpon|Ogerpon-Wellspring, F|100/100
|turn|10
|
|t:|1760767408
|move|p2a: Ogerpon|Trailblaze|p1a: Primarina
|-supereffective|p1a: Primarina
|-damage|p1a: Primarina|0 fnt
|-boost|p2a: Ogerpon|spe|1
|faint|p1a: Primarina
|
|-sideend|p1: spoons_R_bent|Reflect
|upkeep
|
|t:|1760767417
|switch|p1a: Mimikyu|Mimikyu, F|100/100
|turn|11
|
|t:|1760767424
|move|p2a: Ogerpon|Ivy Cudgel|p1a: Mimikyu|[anim] Ivy Cudgel Water
|-activate|p1a: Mimikyu|ability: Disguise
|-damage|p1a: Mimikyu|100/100
|detailschange|p1a: Mimikyu|Mimikyu-Busted, F
|-damage|p1a: Mimikyu|88/100|[from] pokemon: Mimikyu-Busted
|-enditem|p1a: Mimikyu|Red Card|[of] p2a: Ogerpon
|drag|p2a: Iron Treads|Iron Treads|100/100
|move|p1a: Mimikyu|Swords Dance|p1a: Mimikyu
|-boost|p1a: Mimikyu|atk|2
|
|upkeep
|turn|12
|
|t:|1760767438
|move|p2a: Iron Treads|Earthquake|p1a: Mimikyu
|-damage|p1a: Mimikyu|28/100
|move|p1a: Mimikyu|Shadow Claw|p2a: Iron Treads
|-damage|p2a: Iron Treads|49/100
|
|-heal|p2a: Iron Treads|55/100|[from] item: Leftovers
|upkeep
|turn|13
|
|t:|1760767449
|move|p1a: Mimikyu|Shadow Sneak|p2a: Iron Treads
|-damage|p2a: Iron Treads|25/100
|move|p2a: Iron Treads|Earthquake|p1a: Mimikyu
|-damage|p1a: Mimikyu|0 fnt
|faint|p1a: Mimikyu
|
|-heal|p2a: Iron Treads|31/100|[from] item: Leftovers
|upkeep
|
|t:|1760767459
|switch|p1a: Tinkaton|Tinkaton, F, shiny|100/100
|-item|p1a: Tinkaton|Air Balloon
|turn|14
|
|t:|1760767477
|-end|p2a: Iron Treads|Quark Drive|[silent]
|switch|p2a: Garchomp|Garchomp, M|100/100
|move|p1a: Tinkaton|Ice Hammer|p2a: Garchomp
|-supereffective|p2a: Garchomp
|-damage|p2a: Garchomp|36/100
|-unboost|p1a: Tinkaton|spe|1
|-damage|p1a: Tinkaton|88/100|[from] ability: Rough Skin|[of] p2a: Garchomp
|-damage|p1a: Tinkaton|72/100|[from] item: Rocky Helmet|[of] p2a: Garchomp
|
|upkeep
|turn|15
|
|t:|1760767491
|move|p2a: Garchomp|Stealth Rock|p1a: Tinkaton
|-sidestart|p1: spoons_R_bent|move: Stealth Rock
|move|p1a: Tinkaton|Ice Hammer|p2a: Garchomp
|-supereffective|p2a: Garchomp
|-damage|p2a: Garchomp|0 fnt
|-unboost|p1a: Tinkaton|spe|1
|-damage|p1a: Tinkaton|59/100|[from] ability: Rough Skin|[of] p2a: Garchomp
|-damage|p1a: Tinkaton|43/100|[from] item: Rocky Helmet|[of] p2a: Garchomp
|faint|p2a: Garchomp
|
|upkeep
|
|t:|1760767501
|switch|p2a: Iron Treads|Iron Treads|31/100
|turn|16
|
|t:|1760767515
|move|p2a: Iron Treads|Knock Off|p1a: Tinkaton
|-resisted|p1a: Tinkaton
|-damage|p1a: Tinkaton|31/100
|-enditem|p1a: Tinkaton|Air Balloon
|-enditem|p2a: Iron Treads|Leftovers|[silent]|[from] ability: Pickpocket|[of] p2a: Iron Treads
|-item|p1a: Tinkaton|Leftovers|[from] ability: Pickpocket|[of] p2a: Iron Treads
|move|p1a: Tinkaton|Ice Hammer|p2a: Iron Treads
|-damage|p2a: Iron Treads|12/100
|-unboost|p1a: Tinkaton|spe|1
|
|-heal|p1a: Tinkaton|37/100|[from] item: Leftovers
|upkeep
|turn|17
|
|t:|1760767535
|switch|p1a: Hatterene|Hatterene, F, shiny|100/100
|-damage|p1a: Hatterene|88/100|[from] Stealth Rock
|move|p2a: Iron Treads|Earthquake|p1a: Hatterene
|-damage|p1a: Hatterene|53/100
|-enditem|p1a: Hatterene|Kee Berry|[eat]
|-boost|p1a: Hatterene|def|1|[from] item: Kee Berry
|
|upkeep
|turn|18
|
|t:|1760767547
|move|p2a: Iron Treads|Earthquake|p1a: Hatterene
|-damage|p1a: Hatterene|30/100
|move|p1a: Hatterene|Charm|p2a: Iron Treads
|-unboost|p2a: Iron Treads|atk|2
|
|upkeep
|turn|19
|
|t:|1760767554
|move|p2a: Iron Treads|Earthquake|p1a: Hatterene
|-damage|p1a: Hatterene|17/100
|move|p1a: Hatterene|Calm Mind|p1a: Hatterene
|-boost|p1a: Hatterene|spa|1
|-boost|p1a: Hatterene|spd|1
|
|upkeep
|turn|20
|
|t:|1760767561
|move|p2a: Iron Treads|Earthquake|p1a: Hatterene
|-damage|p1a: Hatterene|4/100
|move|p1a: Hatterene|Calm Mind|p1a: Hatterene
|-boost|p1a: Hatterene|spa|1
|-boost|p1a: Hatterene|spd|1
|
|upkeep
|turn|21
|
|t:|1760767569
|move|p2a: Iron Treads|Earthquake|p1a: Hatterene
|-crit|p1a: Hatterene
|-damage|p1a: Hatterene|0 fnt
|faint|p1a: Hatterene
|
|upkeep
|
|t:|1760767576
|switch|p1a: Tinkaton|Tinkaton, F, shiny|37/100
|-damage|p1a: Tinkaton|31/100|[from] Stealth Rock
|turn|22
|
|t:|1760767582
|move|p2a: Iron Treads|Earthquake|p1a: Tinkaton
|-supereffective|p1a: Tinkaton
|-damage|p1a: Tinkaton|0 fnt
|faint|p1a: Tinkaton
|
|upkeep
|
|t:|1760767588
|switch|p1a: Clefable|Clefable, M|100/100
|-damage|p1a: Clefable|88/100|[from] Stealth Rock
|turn|23
|
|t:|1760767594
|move|p2a: Iron Treads|Knock Off|p1a: Clefable
|-resisted|p1a: Clefable
|-damage|p1a: Clefable|75/100
|-enditem|p1a: Clefable|Assault Vest|[from] move: Knock Off|[of] p2a: Iron Treads
|move|p1a: Clefable|Grass Knot|p2a: Iron Treads
|-damage|p2a: Iron Treads|0 fnt
|faint|p2a: Iron Treads
|-end|p2a: Iron Treads|Quark Drive|[silent]
|
|upkeep
|
|t:|1760767602
|switch|p2a: Darkrai|Darkrai|100/100
|turn|24
|
|t:|1760767607
|-terastallize|p2a: Darkrai|Poison
|-terastallize|p1a: Clefable|Fairy
|move|p2a: Darkrai|Sludge Bomb|p1a: Clefable
|-supereffective|p1a: Clefable
|-damage|p1a: Clefable|0 fnt
|faint|p1a: Clefable
|
|win|hamburgerking
|raw|spoons_R_bent's rating: 1213 &rarr; <strong>1182</strong><br />(-31 for losing)
|raw|hamburgerking's rating: 1132 &rarr; <strong>1163</strong><br />(+31 for winning)
|l|☆hamburgerking
|player|p2|
