|j|☆Electric flow
|j|☆Xv innnnn
|t:|1760849763
|gametype|singles
|player|p1|Electric flow|265|1197
|player|p2|Xv innnnn|rosa|1162
|gen|9
|tier|[Gen 9] OU
|rated|
|rule|HP Percentage Mod: HP is shown in percentages
|rule|Endless Battle Clause: Forcing endless battles is banned
|rule|Species Clause: Limit one of each Pokémon
|rule|OHKO Clause: OHKO moves are banned
|rule|Evasion Items Clause: Evasion items are banned
|rule|Evasion Moves Clause: Evasion moves are banned
|rule|Evasion Abilities Clause: Evasion abilities are banned
|rule|Sleep Moves Clause: Sleep-inducing moves are banned
|clearpoke
|poke|p1|Gliscor, M|
|poke|p1|Tyranitar, M|
|poke|p1|Excadrill, F|
|poke|p1|Ogerpon-Wellspring, F|
|poke|p1|Hatterene, F|
|poke|p1|Dragapult, M|
|poke|p2|Scizor, F|
|poke|p2|Pelipper, M|
|poke|p2|Basculegion, M|
|poke|p2|Kingdra, F|
|poke|p2|Zapdos|
|poke|p2|Jirachi|
|teampreview
|
|t:|1760849780
|teamsize|p1|6
|teamsize|p2|6
|start
|switch|p1a: Gliscor|Gliscor, M|100/100
|switch|p2a: Pelipper|Pelipper, M|100/100
|-weather|RainDance|[from] ability: Drizzle|[of] p2a: Pelipper
|turn|1
|
|t:|1760849791
|move|p1a: Gliscor|Protect|p1a: Gliscor
|-singleturn|p1a: Gliscor|Protect
|move|p2a: Pelipper|Weather Ball|p1a: Gliscor
|-activate|p1a: Gliscor|move: Protect
|
|-weather|RainDance|[upkeep]
|-status|p1a: Gliscor|tox|[from] item: Toxic Orb
|upkeep
|turn|2
|
|t:|1760849802
|move|p1a: Gliscor|U-turn|p2a: Pelipper
|-resisted|p2a: Pelipper
|-damage|p2a: Pelipper|93/100
|
|t:|1760849804
|switch|p1a: Tyranitar|Tyranitar, M, shiny|100/100|[from] U-turn
|-weather|Sandstorm|[from] ability: Sand Stream|[of] p1a: Tyranitar
|move|p2a: Pelipper|Weather Ball|p1a: Tyranitar
|-damage|p1a: Tyranitar|86/100
|
|-weather|Sandstorm|[upkeep]
|-damage|p2a: Pelipper|87/100|[from] Sandstorm
|upkeep
|turn|3
|
|t:|1760849818
|move|p2a: Pelipper|U-turn|p1a: Tyranitar
|-supereffective|p1a: Tyranitar
|-damage|p1a: Tyranitar|75/100
|
|t:|1760849822
|switch|p2a: Scizor|Scizor, F|100/100|[from] U-turn
|move|p1a: Tyranitar|Stealth Rock|p2a: Scizor
|-sidestart|p2: Xv innnnn|move: Stealth Rock
|
|-weather|Sandstorm|[upkeep]
|upkeep
|turn|4
|inactive|Battle timer is ON: inactive players will automatically lose when time's up. (requested by Electric flow)
|
|t:|1760849835
|switch|p1a: Gliscor|Gliscor, M|100/100 tox
|move|p2a: Scizor|U-turn|p1a: Gliscor
|-resisted|p1a: Gliscor
|-damage|p1a: Gliscor|86/100 tox
|
|t:|1760849841
|switch|p2a: Pelipper|Pelipper, M|87/100|[from] U-turn
|-damage|p2a: Pelipper|62/100|[from] Stealth Rock
|-weather|RainDance|[from] ability: Drizzle|[of] p2a: Pelipper
|
|-weather|RainDance|[upkeep]
|-heal|p1a: Gliscor|99/100 tox|[from] ability: Poison Heal
|upkeep
|turn|5
|
|t:|1760849854
|switch|p2a: Kingdra|Kingdra, F|100/100
|-damage|p2a: Kingdra|88/100|[from] Stealth Rock
|move|p1a: Gliscor|U-turn|p2a: Kingdra
|-damage|p2a: Kingdra|69/100
|
|t:|1760849859
|switch|p1a: Tyranitar|Tyranitar, M, shiny|75/100|[from] U-turn
|-weather|Sandstorm|[from] ability: Sand Stream|[of] p1a: Tyranitar
|
|-weather|Sandstorm|[upkeep]
|-damage|p2a: Kingdra|62/100|[from] Sandstorm
|upkeep
|turn|6
|
|t:|1760849874
|switch|p1a: Ogerpon|Ogerpon-Wellspring, F|100/100
|-terastallize|p2a: Kingdra|Water
|move|p2a: Kingdra|Hydro Pump|p1a: Ogerpon
|-immune|p1a: Ogerpon|[from] ability: Water Absorb
|
|-weather|Sandstorm|[upkeep]
|-damage|p1a: Ogerpon|95/100|[from] Sandstorm
|-damage|p2a: Kingdra|56/100|[from] Sandstorm
|upkeep
|turn|7
|
|t:|1760849887
|switch|p2a: Pelipper|Pelipper, M|62/100
|-damage|p2a: Pelipper|37/100|[from] Stealth Rock
|-weather|RainDance|[from] ability: Drizzle|[of] p2a: Pelipper
|move|p1a: Ogerpon|Trailblaze|p2a: Pelipper
|-damage|p2a: Pelipper|7/100
|-boost|p1a: Ogerpon|spe|1
|
|-weather|RainDance|[upkeep]
|upkeep
|turn|8
|
|t:|1760849902
|switch|p2a: Jirachi|Jirachi|100/100
|-damage|p2a: Jirachi|94/100|[from] Stealth Rock
|move|p1a: Ogerpon|Trailblaze|p2a: Jirachi
|-resisted|p2a: Jirachi
|-damage|p2a: Jirachi|79/100
|-boost|p1a: Ogerpon|spe|1
|
|-weather|RainDance|[upkeep]
|-heal|p2a: Jirachi|85/100|[from] item: Leftovers
|upkeep
|turn|9
|
|t:|1760849915
|-terastallize|p1a: Ogerpon|Water
|detailschange|p1a: Ogerpon|Ogerpon-Wellspring-Tera, F, tera:Water
|-ability|p1a: Ogerpon|Embody Aspect (Wellspring)|boost
|-boost|p1a: Ogerpon|spd|1
|move|p1a: Ogerpon|Ivy Cudgel|p2a: Jirachi|[anim] Ivy Cudgel Water
|-damage|p2a: Jirachi|0 fnt
|faint|p2a: Jirachi
|
|-weather|RainDance|[upkeep]
|upkeep
|
|t:|1760849935
|switch|p2a: Zapdos|Zapdos|100/100
|-damage|p2a: Zapdos|76/100|[from] Stealth Rock
|turn|10
|
|t:|1760849941
|move|p1a: Ogerpon|Ivy Cudgel|p2a: Zapdos|[anim] Ivy Cudgel Water
|-damage|p2a: Zapdos|0 fnt
|faint|p2a: Zapdos
|
|-weather|RainDance|[upkeep]
|upkeep
|-message|Xv innnnn forfeited.
|
|win|Electric flow
|raw|Electric flow's rating: 1197 &rarr; <strong>1219</strong><br />(+22 for winning)
|raw|Xv innnnn's rating: 1162 &rarr; <strong>1140</strong><br />(-22 for losing)
|l|☆Xv innnnn
|player|p2|
|l|☆Electric flow
|player|p1|
