|j|☆undertalethemovie
|j|☆Splattymac
|t:|1760743297
|gametype|singles
|player|p1|undertalethemovie|n|1225
|player|p2|Splattymac|lance|1184
|gen|9
|tier|[Gen 9] OU
|rated|
|rule|HP Percentage Mod: HP is shown in percentages
|rule|Endless Battle Clause: Forcing endless battles is banned
|rule|Species Clause: Limit one of each Pokémon
|rule|OHKO Clause: OHKO moves are banned
|rule|Evasion Items Clause: Evasion items are banned
|rule|Evasion Moves Clause: Evasion moves are banned
|rule|Evasion Abilities Clause: Evasion abilities are banned
|rule|Sleep Moves Clause: Sleep-inducing moves are banned
|clearpoke
|poke|p1|Clodsire, M|
|poke|p1|Ogerpon-Wellspring, F|
|poke|p1|Zoroark-Hisui, M|
|poke|p1|Zamazenta-*|
|poke|p1|Cinderace, M|
|poke|p1|Deoxys-Speed|
|poke|p2|Great Tusk|
|poke|p2|Hatterene, F|
|poke|p2|Raging Bolt|
|poke|p2|Clawitzer, F|
|poke|p2|Pecharunt|
|poke|p2|Corviknight, F|
|teampreview
|
|t:|1760743308
|teamsize|p1|6
|teamsize|p2|6
|start
|switch|p1a: Mumbo|Clodsire, M|100/100
|switch|p2a: Clawitzer|Clawitzer, F|100/100
|-item|p1a: Mumbo|Air Balloon
|turn|1
|inactive|Battle timer is ON: inactive players will automatically lose when time's up. (requested by undertalethemovie)
|
|t:|1760743316
|move|p1a: Mumbo|Will-O-Wisp|p2a: Clawitzer
|-status|p2a: Clawitzer|brn
|move|p2a: Clawitzer|Water Pulse|p1a: Mumbo
|-damage|p1a: Mumbo|0 fnt
|replace|p1a: Count St. Germain|Zoroark-Hisui, M, shiny
|-end|p1a: Count St. Germain|Illusion
|-enditem|p1a: Count St. Germain|Air Balloon
|faint|p1a: Count St. Germain
|
|-damage|p2a: Clawitzer|94/100 brn|[from] brn
|upkeep
|
|t:|1760743323
|switch|p1a: The Writer|Ogerpon-Wellspring, F|100/100
|turn|2
|
|t:|1760743331
|switch|p2a: Raging Bolt|Raging Bolt|100/100
|-enditem|p2a: Raging Bolt|Booster Energy
|-activate|p2a: Raging Bolt|ability: Protosynthesis|[fromitem]
|-start|p2a: Raging Bolt|protosynthesisspa
|-terastallize|p1a: The Writer|Water
|detailschange|p1a: The Writer|Ogerpon-Wellspring-Tera, F, tera:Water
|-ability|p1a: The Writer|Embody Aspect (Wellspring)|boost
|-boost|p1a: The Writer|spd|1
|move|p1a: The Writer|Ivy Cudgel|p2a: Raging Bolt|[anim] Ivy Cudgel Water
|-resisted|p2a: Raging Bolt
|-damage|p2a: Raging Bolt|62/100
|
|upkeep
|turn|3
|
|t:|1760743344
|move|p1a: The Writer|Encore||[still]
|-fail|p1a: The Writer
|move|p2a: Raging Bolt|Calm Mind|p2a: Raging Bolt
|-boost|p2a: Raging Bolt|spa|1
|-boost|p2a: Raging Bolt|spd|1
|
|upkeep
|turn|4
|
|t:|1760743351
|switch|p1a: Mumbo|Clodsire, M|100/100
|-item|p1a: Mumbo|Air Balloon
|move|p2a: Raging Bolt|Thunderbolt|p1a: Mumbo
|-immune|p1a: Mumbo
|
|upkeep
|turn|5
|
|t:|1760743361
|move|p2a: Raging Bolt|Dragon Pulse|p1a: Mumbo
|-damage|p1a: Mumbo|64/100
|-enditem|p1a: Mumbo|Air Balloon
|move|p1a: Mumbo|Toxic|p2a: Raging Bolt
|-status|p2a: Raging Bolt|tox
|
|-damage|p2a: Raging Bolt|56/100 tox|[from] psn
|upkeep
|turn|6
|
|t:|1760743376
|-end|p2a: Raging Bolt|Protosynthesis|[silent]
|switch|p2a: Clawitzer|Clawitzer, F|94/100 brn
|move|p1a: Mumbo|Recover|p1a: Mumbo
|-heal|p1a: Mumbo|100/100
|
|-damage|p2a: Clawitzer|88/100 brn|[from] brn
|upkeep
|turn|7
|
|t:|1760743389
|switch|p1a: The Writer|Ogerpon-Wellspring-Tera, F, tera:Water|100/100
|-ability|p1a: The Writer|Embody Aspect (Wellspring)|boost
|-boost|p1a: The Writer|spd|1
|move|p2a: Clawitzer|Dragon Pulse|p1a: The Writer
|-damage|p1a: The Writer|43/100
|
|-damage|p2a: Clawitzer|82/100 brn|[from] brn
|upkeep
|turn|8
|
|t:|1760743398
|move|p1a: The Writer|Horn Leech|p2a: Clawitzer
|-supereffective|p2a: Clawitzer
|-damage|p2a: Clawitzer|0 fnt
|-heal|p1a: The Writer|82/100|[from] drain|[of] p2a: Clawitzer
|faint|p2a: Clawitzer
|
|upkeep
|
|t:|1760743407
|switch|p2a: Corviknight|Corviknight, F|100/100
|-ability|p2a: Corviknight|Pressure
|turn|9
|
|t:|1760743412
|move|p1a: The Writer|Ivy Cudgel|p2a: Corviknight|[anim] Ivy Cudgel Water
|-damage|p2a: Corviknight|57/100
|move|p2a: Corviknight|Iron Defense|p2a: Corviknight
|-boost|p2a: Corviknight|def|2
|
|upkeep
|turn|10
|
|t:|1760743421
|move|p1a: The Writer|Encore|p2a: Corviknight
|-start|p2a: Corviknight|Encore
|move|p2a: Corviknight|Iron Defense|p2a: Corviknight
|-boost|p2a: Corviknight|def|2
|
|upkeep
|turn|11
|
|t:|1760743429
|switch|p1a: Minami Torishima|Deoxys-Speed|100/100
|-ability|p1a: Minami Torishima|Pressure
|move|p2a: Corviknight|Iron Defense|p2a: Corviknight
|-boost|p2a: Corviknight|def|2
|
|upkeep
|turn|12
|
|t:|1760743439
|-terastallize|p2a: Corviknight|Dragon
|move|p1a: Minami Torishima|Ice Beam|p2a: Corviknight
|-supereffective|p2a: Corviknight
|-damage|p2a: Corviknight|0 fnt
|faint|p2a: Corviknight
|
|upkeep
|
|t:|1760743450
|switch|p2a: Hatterene|Hatterene, F, shiny|100/100
|turn|13
|
|t:|1760743454
|switch|p1a: Ingerland|Cinderace, M|100/100
|move|p2a: Hatterene|Calm Mind|p2a: Hatterene
|-boost|p2a: Hatterene|spa|1
|-boost|p2a: Hatterene|spd|1
|
|upkeep
|turn|14
|
|t:|1760743465
|move|p1a: Ingerland|Gunk Shot|p2a: Hatterene
|-start|p1a: Ingerland|typechange|Poison|[from] ability: Libero
|-supereffective|p2a: Hatterene
|-damage|p2a: Hatterene|12/100
|move|p2a: Hatterene|Psychic Noise|p1a: Ingerland
|-supereffective|p1a: Ingerland
|-damage|p1a: Ingerland|0 fnt
|faint|p1a: Ingerland
|
|-heal|p2a: Hatterene|18/100|[from] item: Leftovers
|upkeep
|
|t:|1760743472
|switch|p1a: The Writer|Ogerpon-Wellspring-Tera, F, tera:Water|82/100
|-ability|p1a: The Writer|Embody Aspect (Wellspring)|boost
|-boost|p1a: The Writer|spd|1
|turn|15
|
|t:|1760743484
|move|p1a: The Writer|U-turn|p2a: Hatterene
|-damage|p2a: Hatterene|0 fnt
|faint|p2a: Hatterene
|
|t:|1760743504
|switch|p1a: Minami Torishima|Deoxys-Speed|100/100|[from] U-turn
|-ability|p1a: Minami Torishima|Pressure
|
|upkeep
|
|t:|1760743512
|switch|p2a: Pecharunt|Pecharunt|100/100
|-item|p2a: Pecharunt|Air Balloon
|turn|16
|
|t:|1760743521
|switch|p1a: Mumbo|Clodsire, M|100/100
|move|p2a: Pecharunt|Malignant Chain|p1a: Mumbo
|-resisted|p1a: Mumbo
|-damage|p1a: Mumbo|96/100
|
|upkeep
|turn|17
|
|t:|1760743535
|move|p2a: Pecharunt|Parting Shot|p1a: Mumbo
|-unboost|p1a: Mumbo|atk|1
|-unboost|p1a: Mumbo|spa|1
|
|t:|1760743539
|switch|p2a: Great Tusk|Great Tusk|100/100|[from] Parting Shot
|move|p1a: Mumbo|Toxic|p2a: Great Tusk
|-status|p2a: Great Tusk|tox
|
|-damage|p2a: Great Tusk|94/100 tox|[from] psn
|upkeep
|turn|18
|
|t:|1760743553
|switch|p1a: Minami Torishima|Deoxys-Speed|100/100
|-ability|p1a: Minami Torishima|Pressure
|move|p2a: Great Tusk|Ice Spinner|p1a: Minami Torishima
|-damage|p1a: Minami Torishima|54/100
|
|-damage|p2a: Great Tusk|82/100 tox|[from] psn
|upkeep
|turn|19
|
|t:|1760743562
|move|p1a: Minami Torishima|Ice Beam|p2a: Great Tusk
|-supereffective|p2a: Great Tusk
|-damage|p2a: Great Tusk|0 fnt
|faint|p2a: Great Tusk
|-end|p2a: Great Tusk|Protosynthesis|[silent]
|
|upkeep
|-message|Splattymac forfeited.
|
|win|undertalethemovie
|raw|undertalethemovie's rating: 1225 &rarr; <strong>1247</strong><br />(+22 for winning)
|raw|Splattymac's rating: 1184 &rarr; <strong>1162</strong><br />(-22 for losing)
|l|☆Splattymac
|player|p2|
|l|☆undertalethemovie
|player|p1|
