|j|☆patte de l'ours
|j|☆Yigufeng
|t:|1760794660
|gametype|singles
|player|p1|patte de l'ours|2|1139
|player|p2|Yigufeng|cynthia|1092
|gen|9
|tier|[Gen 9] OU
|rated|
|rule|HP Percentage Mod: HP is shown in percentages
|rule|Endless Battle Clause: Forcing endless battles is banned
|rule|Species Clause: Limit one of each Pokémon
|rule|OHKO Clause: OHKO moves are banned
|rule|Evasion Items Clause: Evasion items are banned
|rule|Evasion Moves Clause: Evasion moves are banned
|rule|Evasion Abilities Clause: Evasion abilities are banned
|rule|Sleep Moves Clause: Sleep-inducing moves are banned
|clearpoke
|poke|p1|Zapdos|
|poke|p1|Blaziken, M|
|poke|p1|Darkrai|
|poke|p1|Dragonite, M|
|poke|p1|Serperior, M|
|poke|p1|Kingambit, M|
|poke|p2|Skarmory, F|
|poke|p2|Glimmora, F|
|poke|p2|Eiscue, F|
|poke|p2|Grimmsnarl, M|
|poke|p2|Raging Bolt|
|poke|p2|Great Tusk|
|teampreview
|
|t:|1760794669
|teamsize|p1|6
|teamsize|p2|6
|start
|switch|p1a: Dragonite|Dragonite, M|100/100
|switch|p2a: Glimmora|Glimmora, F, shiny|100/100
|turn|1
|
|t:|1760794678
|move|p2a: Glimmora|Stealth Rock|p1a: Dragonite
|-sidestart|p1: patte de l'ours|move: Stealth Rock
|move|p1a: Dragonite|Dragon Dance|p1a: Dragonite
|-boost|p1a: Dragonite|atk|1
|-boost|p1a: Dragonite|spe|1
|
|upkeep
|turn|2
|
|t:|1760794685
|move|p1a: Dragonite|Earthquake|p2a: Glimmora
|-supereffective|p2a: Glimmora
|-enditem|p2a: Glimmora|Focus Sash
|-damage|p2a: Glimmora|1/100
|-activate|p2a: Glimmora|ability: Toxic Debris
|-sidestart|p1: patte de l'ours|move: Toxic Spikes
|move|p2a: Glimmora|Spikes|p1a: Dragonite
|-sidestart|p1: patte de l'ours|Spikes
|
|upkeep
|turn|3
|
|t:|1760794697
|move|p1a: Dragonite|Dragon Claw|p2a: Glimmora
|-damage|p2a: Glimmora|0 fnt
|-activate|p2a: Glimmora|ability: Toxic Debris
|-sidestart|p1: patte de l'ours|move: Toxic Spikes
|faint|p2a: Glimmora
|
|upkeep
|
|t:|1760794706
|switch|p2a: Skarmory|Skarmory, F|100/100
|turn|4
|
|t:|1760794718
|move|p1a: Dragonite|Ice Spinner|p2a: Skarmory
|-damage|p2a: Skarmory|75/100
|-damage|p1a: Dragonite|84/100|[from] item: Rocky Helmet|[of] p2a: Skarmory
|move|p2a: Skarmory|Roar|p1a: Dragonite
|drag|p1a: Kingambit|Kingambit, M, shiny|100/100
|-damage|p1a: Kingambit|94/100|[from] Stealth Rock
|-damage|p1a: Kingambit|82/100|[from] Spikes
|
|upkeep
|turn|5
|
|t:|1760794731
|-end|p1a: Kingambit|fallenundefined|[silent]
|switch|p1a: Zapdos|Zapdos, shiny|100/100
|-damage|p1a: Zapdos|76/100|[from] Stealth Rock
|move|p2a: Skarmory|Iron Defense|p2a: Skarmory
|-boost|p2a: Skarmory|def|2
|
|upkeep
|turn|6
|
|t:|1760794742
|move|p1a: Zapdos|Thunderbolt|p2a: Skarmory
|-supereffective|p2a: Skarmory
|-damage|p2a: Skarmory|0 fnt
|faint|p2a: Skarmory
|
|upkeep
|
|t:|1760794751
|switch|p2a: Raging Bolt|Raging Bolt|100/100
|turn|7
|
|t:|1760794756
|move|p1a: Zapdos|Ancient Power|p2a: Raging Bolt
|-damage|p2a: Raging Bolt|90/100
|move|p2a: Raging Bolt|Dragon Pulse|p1a: Zapdos
|-damage|p1a: Zapdos|18/100
|
|upkeep
|turn|8
|
|t:|1760794762
|move|p1a: Zapdos|Ancient Power|p2a: Raging Bolt
|-damage|p2a: Raging Bolt|79/100
|move|p2a: Raging Bolt|Dragon Pulse|p1a: Zapdos
|-crit|p1a: Zapdos
|-damage|p1a: Zapdos|0 fnt
|faint|p1a: Zapdos
|
|upkeep
|
|t:|1760794774
|switch|p1a: Dragonite|Dragonite, M|84/100
|turn|9
|
|t:|1760794779
|move|p2a: Raging Bolt|Thunderclap||[still]
|-fail|p2a: Raging Bolt
|move|p1a: Dragonite|Dragon Dance|p1a: Dragonite
|-boost|p1a: Dragonite|atk|1
|-boost|p1a: Dragonite|spe|1
|
|upkeep
|turn|10
|
|t:|1760794785
|move|p2a: Raging Bolt|Thunderclap|p1a: Dragonite
|-damage|p1a: Dragonite|42/100
|move|p1a: Dragonite|Earthquake|p2a: Raging Bolt
|-supereffective|p2a: Raging Bolt
|-crit|p2a: Raging Bolt
|-damage|p2a: Raging Bolt|0 fnt
|faint|p2a: Raging Bolt
|-end|p2a: Raging Bolt|Protosynthesis|[silent]
|
|upkeep
|
|t:|1760794792
|switch|p2a: Eiscue|Eiscue, F|100/100
|turn|11
|
|t:|1760794795
|move|p1a: Dragonite|Earthquake|p2a: Eiscue
|-activate|p2a: Eiscue|ability: Ice Face
|-damage|p2a: Eiscue|100/100
|detailschange|p2a: Eiscue|Eiscue-Noice, F
|move|p2a: Eiscue|Belly Drum|p2a: Eiscue
|-damage|p2a: Eiscue|50/100
|-setboost|p2a: Eiscue|atk|6|[from] move: Belly Drum
|
|upkeep
|turn|12
|
|t:|1760794808
|move|p1a: Dragonite|Earthquake|p2a: Eiscue
|-damage|p2a: Eiscue|0 fnt
|faint|p2a: Eiscue
|
|upkeep
|
|t:|1760794817
|switch|p2a: Great Tusk|Great Tusk|100/100
|turn|13
|-message|Yigufeng forfeited.
|
|win|patte de l'ours
|raw|patte de l&apos;ours's rating: 1139 &rarr; <strong>1161</strong><br />(+22 for winning)
|raw|Yigufeng's rating: 1092 &rarr; <strong>1071</strong><br />(-21 for losing)
|l|☆Yigufeng
|player|p2|
|l|☆patte de l'ours
|player|p1|
