|j|☆azeard
|j|☆jxrx
|t:|1760794016
|gametype|singles
|player|p1|azeard|265|1342
|player|p2|jxrx|norman|1403
|gen|9
|tier|[Gen 9] OU
|rated|
|rule|HP Percentage Mod: HP is shown in percentages
|rule|Endless Battle Clause: Forcing endless battles is banned
|rule|Species Clause: Limit one of each Pokémon
|rule|OHKO Clause: OHKO moves are banned
|rule|Evasion Items Clause: Evasion items are banned
|rule|Evasion Moves Clause: Evasion moves are banned
|rule|Evasion Abilities Clause: Evasion abilities are banned
|rule|Sleep Moves Clause: Sleep-inducing moves are banned
|clearpoke
|poke|p1|Kleavor, F|
|poke|p1|Skeledirge, F|
|poke|p1|Kingambit, M|
|poke|p1|Ogerpon-Wellspring, F|
|poke|p1|Latios, M|
|poke|p1|Deoxys-Speed|
|poke|p2|Great Tusk|
|poke|p2|Vileplume, M|
|poke|p2|Houndoom, F|
|poke|p2|Dragapult, M|
|poke|p2|Gyarados, M|
|poke|p2|Pachirisu, F|
|teampreview
|inactive|Battle timer is ON: inactive players will automatically lose when time's up. (requested by azeard)
|inactive|jxrx has 120 seconds left.
|inactive|jxrx has 90 seconds left.
|inactive|jxrx has 60 seconds left.
|
|t:|1760794109
|teamsize|p1|6
|teamsize|p2|6
|start
|switch|p1a: Kleavor|Kleavor, F|100/100
|switch|p2a: Houndoom|Houndoom, F|100/100
|turn|1
|inactive|jxrx has 120 seconds left.
|
|t:|1760794126
|move|p1a: Kleavor|Stone Axe|p2a: Houndoom
|-supereffective|p2a: Houndoom
|-enditem|p2a: Houndoom|Focus Sash
|-damage|p2a: Houndoom|1/100
|-sidestart|p2: jxrx|move: Stealth Rock
|move|p2a: Houndoom|Flamethrower|p1a: Kleavor
|-damage|p1a: Kleavor|32/100
|
|upkeep
|turn|2
|inactive|jxrx has 120 seconds left.
|
|t:|1760794137
|switch|p2a: Great Tusk|Great Tusk|100/100
|move|p1a: Kleavor|Stone Axe|p2a: Great Tusk
|-resisted|p2a: Great Tusk
|-damage|p2a: Great Tusk|94/100
|
|upkeep
|turn|3
|
|t:|1760794142
|switch|p1a: Skeledirge|Skeledirge, F|100/100
|move|p2a: Great Tusk|Knock Off|p1a: Skeledirge
|-supereffective|p1a: Skeledirge
|-damage|p1a: Skeledirge|54/100
|-enditem|p1a: Skeledirge|Heavy-Duty Boots|[from] move: Knock Off|[of] p2a: Great Tusk
|
|upkeep
|turn|4
|
|t:|1760794150
|-end|p2a: Great Tusk|Protosynthesis|[silent]
|switch|p2a: Pachirisu|Pachirisu, F|100/100
|-damage|p2a: Pachirisu|88/100|[from] Stealth Rock
|switch|p1a: Latios|Latios, M|100/100
|
|upkeep
|turn|5
|
|t:|1760794154
|move|p1a: Latios|Luster Purge|p2a: Pachirisu
|-damage|p2a: Pachirisu|49/100
|move|p2a: Pachirisu|Nuzzle|p1a: Latios
|-resisted|p1a: Latios
|-damage|p1a: Latios|98/100
|-status|p1a: Latios|par
|
|upkeep
|turn|6
|
|t:|1760794159
|move|p2a: Pachirisu|Endeavor|p1a: Latios
|-damage|p1a: Latios|53/100 par
|move|p1a: Latios|Luster Purge|p2a: Pachirisu
|-damage|p2a: Pachirisu|10/100
|
|upkeep
|turn|7
|
|t:|1760794167
|switch|p1a: Skeledirge|Skeledirge, F|54/100
|move|p2a: Pachirisu|Endeavor|p1a: Skeledirge
|-immune|p1a: Skeledirge
|
|upkeep
|turn|8
|
|t:|1760794172
|move|p2a: Pachirisu|Nuzzle|p1a: Skeledirge
|-damage|p1a: Skeledirge|51/100
|-status|p1a: Skeledirge|par
|cant|p1a: Skeledirge|par
|
|upkeep
|turn|9
|
|t:|1760794177
|move|p2a: Pachirisu|U-turn|p1a: Skeledirge
|-resisted|p1a: Skeledirge
|-damage|p1a: Skeledirge|49/100 par
|
|t:|1760794179
|switch|p2a: Gyarados|Gyarados, M|100/100|[from] U-turn
|-damage|p2a: Gyarados|76/100|[from] Stealth Rock
|move|p1a: Skeledirge|Slack Off|p1a: Skeledirge
|-heal|p1a: Skeledirge|99/100 par
|
|upkeep
|turn|10
|
|t:|1760794184
|move|p2a: Gyarados|Waterfall|p1a: Skeledirge
|-supereffective|p1a: Skeledirge
|-damage|p1a: Skeledirge|24/100 par
|move|p1a: Skeledirge|Will-O-Wisp|p2a: Gyarados|[miss]
|-miss|p1a: Skeledirge|p2a: Gyarados
|
|upkeep
|turn|11
|
|t:|1760794193
|switch|p1a: Ogerpon|Ogerpon-Wellspring, F|100/100
|move|p2a: Gyarados|Crunch|p1a: Ogerpon
|-damage|p1a: Ogerpon|62/100
|-unboost|p1a: Ogerpon|def|1
|
|upkeep
|turn|12
|
|t:|1760794198
|move|p1a: Ogerpon|Horn Leech|p2a: Gyarados
|-damage|p2a: Gyarados|19/100
|-heal|p1a: Ogerpon|94/100|[from] drain|[of] p2a: Gyarados
|move|p2a: Gyarados|Dragon Dance|p2a: Gyarados
|-boost|p2a: Gyarados|atk|1
|-boost|p2a: Gyarados|spe|1
|
|upkeep
|turn|13
|
|t:|1760794204
|switch|p1a: Skeledirge|Skeledirge, F|24/100 par
|move|p2a: Gyarados|Crunch|p1a: Skeledirge
|-supereffective|p1a: Skeledirge
|-damage|p1a: Skeledirge|0 fnt
|faint|p1a: Skeledirge
|-ability|p2a: Gyarados|Moxie|boost
|-boost|p2a: Gyarados|atk|1
|
|upkeep
|
|t:|1760794217
|switch|p1a: Kleavor|Kleavor, F|32/100
|turn|14
|
|t:|1760794221
|move|p1a: Kleavor|Stone Axe|p2a: Gyarados
|-supereffective|p2a: Gyarados
|-damage|p2a: Gyarados|0 fnt
|faint|p2a: Gyarados
|
|upkeep
|
|t:|1760794224
|switch|p2a: Great Tusk|Great Tusk|94/100
|turn|15
|
|t:|1760794230
|switch|p1a: Deoxys|Deoxys-Speed|100/100
|-ability|p1a: Deoxys|Pressure
|move|p2a: Great Tusk|Rapid Spin|p1a: Deoxys
|-damage|p1a: Deoxys|77/100
|-boost|p2a: Great Tusk|spe|1
|-sideend|p2: jxrx|Stealth Rock|[from] move: Rapid Spin|[of] p2a: Great Tusk
|
|upkeep
|turn|16
|
|t:|1760794239
|-end|p2a: Great Tusk|Protosynthesis|[silent]
|switch|p2a: Pachirisu|Pachirisu, F|10/100
|move|p1a: Deoxys|Psycho Boost|p2a: Pachirisu
|-damage|p2a: Pachirisu|0 fnt
|-unboost|p1a: Deoxys|spa|2
|faint|p2a: Pachirisu
|-damage|p1a: Deoxys|67/100|[from] item: Life Orb
|
|upkeep
|
|t:|1760794247
|switch|p2a: Houndoom|Houndoom, F|1/100
|turn|17
|
|t:|1760794251
|-terastallize|p2a: Houndoom|Dark
|move|p2a: Houndoom|Sucker Punch|p1a: Deoxys
|-supereffective|p1a: Deoxys
|-damage|p1a: Deoxys|0 fnt
|faint|p1a: Deoxys
|
|upkeep
|
|t:|1760794254
|switch|p1a: Kleavor|Kleavor, F|32/100
|turn|18
|
|t:|1760794258
|switch|p1a: Ogerpon|Ogerpon-Wellspring, F|94/100
|move|p2a: Houndoom|Sucker Punch||[still]
|-fail|p2a: Houndoom
|
|upkeep
|turn|19
|
|t:|1760794262
|switch|p2a: Vileplume|Vileplume, M|100/100
|move|p1a: Ogerpon|Encore||[still]
|-fail|p1a: Ogerpon
|
|upkeep
|turn|20
|
|t:|1760794266
|switch|p1a: Kleavor|Kleavor, F|32/100
|move|p2a: Vileplume|Sludge Wave|p1a: Kleavor
|-resisted|p1a: Kleavor
|-damage|p1a: Kleavor|1/100
|-status|p1a: Kleavor|psn
|
|-damage|p1a: Kleavor|0 fnt|[from] psn
|faint|p1a: Kleavor
|upkeep
|
|t:|1760794273
|switch|p1a: Latios|Latios, M|53/100 par
|turn|21
|inactive|jxrx has 120 seconds left.
|
|t:|1760794316
|switch|p2a: Houndoom|Houndoom, F, tera:Dark|1/100
|cant|p1a: Latios|par
|
|upkeep
|turn|22
|
|t:|1760794325
|move|p2a: Houndoom|Endeavor|p1a: Latios
|-damage|p1a: Latios|1/100 par
|move|p1a: Latios|Thunderbolt|p2a: Houndoom
|-damage|p2a: Houndoom|0 fnt
|faint|p2a: Houndoom
|
|upkeep
|
|t:|1760794331
|switch|p2a: Great Tusk|Great Tusk|94/100
|turn|23
|
|t:|1760794336
|move|p2a: Great Tusk|Stealth Rock|p1a: Latios
|-sidestart|p1: azeard|move: Stealth Rock
|cant|p1a: Latios|par
|
|upkeep
|turn|24
|
|t:|1760794339
|move|p2a: Great Tusk|Knock Off|p1a: Latios
|-supereffective|p1a: Latios
|-damage|p1a: Latios|0 fnt
|-enditem|p1a: Latios|Expert Belt|[from] move: Knock Off|[of] p2a: Great Tusk
|faint|p1a: Latios
|
|upkeep
|
|t:|1760794341
|switch|p1a: Ogerpon|Ogerpon-Wellspring, F|94/100
|-damage|p1a: Ogerpon|81/100|[from] Stealth Rock
|turn|25
|
|t:|1760794347
|-end|p2a: Great Tusk|Protosynthesis|[silent]
|switch|p2a: Vileplume|Vileplume, M|100/100
|move|p1a: Ogerpon|Ivy Cudgel|p2a: Vileplume|[anim] Ivy Cudgel Water
|-resisted|p2a: Vileplume
|-damage|p2a: Vileplume|80/100
|
|upkeep
|turn|26
|
|t:|1760794365
|move|p1a: Ogerpon|Knock Off|p2a: Vileplume
|-damage|p2a: Vileplume|49/100
|-damage|p1a: Ogerpon|65/100|[from] item: Rocky Helmet|[of] p2a: Vileplume
|-enditem|p2a: Vileplume|Rocky Helmet|[from] move: Knock Off|[of] p1a: Ogerpon
|move|p2a: Vileplume|Sludge Wave|p1a: Ogerpon
|-supereffective|p1a: Ogerpon
|-damage|p1a: Ogerpon|0 fnt
|faint|p1a: Ogerpon
|
|upkeep
|
|t:|1760794371
|switch|p1a: Kingambit|Kingambit, M|100/100
|-damage|p1a: Kingambit|94/100|[from] Stealth Rock
|-activate|p1a: Kingambit|ability: Supreme Overlord
|-start|p1a: Kingambit|fallen5|[silent]
|-item|p1a: Kingambit|Air Balloon
|turn|27
|
|t:|1760794401
|move|p1a: Kingambit|Swords Dance|p1a: Kingambit
|-boost|p1a: Kingambit|atk|2
|move|p2a: Vileplume|Strength Sap|p1a: Kingambit
|-unboost|p1a: Kingambit|atk|1
|-heal|p2a: Vileplume|100/100
|
|upkeep
|turn|28
|
|t:|1760794406
|move|p1a: Kingambit|Swords Dance|p1a: Kingambit
|-boost|p1a: Kingambit|atk|2
|move|p2a: Vileplume|Leech Seed|p1a: Kingambit
|-start|p1a: Kingambit|move: Leech Seed
|
|-damage|p1a: Kingambit|82/100|[from] Leech Seed|[of] p2a: Vileplume
|upkeep
|turn|29
|
|t:|1760794413
|move|p1a: Kingambit|Iron Head|p2a: Vileplume
|-damage|p2a: Vileplume|0 fnt
|-status|p1a: Kingambit|par|[from] ability: Effect Spore|[of] p2a: Vileplume
|faint|p2a: Vileplume
|
|upkeep
|
|t:|1760794416
|switch|p2a: Great Tusk|Great Tusk|94/100
|turn|30
|
|t:|1760794418
|-terastallize|p1a: Kingambit|Flying
|move|p2a: Great Tusk|Body Press|p1a: Kingambit
|-resisted|p1a: Kingambit
|-damage|p1a: Kingambit|64/100 par
|-enditem|p1a: Kingambit|Air Balloon
|move|p1a: Kingambit|Iron Head|p2a: Great Tusk
|-damage|p2a: Great Tusk|6/100
|
|-damage|p1a: Kingambit|52/100 par|[from] Leech Seed|[of] p2a: Great Tusk
|-heal|p2a: Great Tusk|18/100|[silent]
|upkeep
|turn|31
|
|t:|1760794430
|move|p1a: Kingambit|Sucker Punch||[still]
|-fail|p1a: Kingambit
|move|p2a: Great Tusk|Stealth Rock||[still]
|-fail|p2a: Great Tusk
|
|-damage|p1a: Kingambit|39/100 par|[from] Leech Seed|[of] p2a: Great Tusk
|-heal|p2a: Great Tusk|29/100|[silent]
|upkeep
|turn|32
|
|t:|1760794433
|move|p1a: Kingambit|Sucker Punch||[still]
|-fail|p1a: Kingambit
|move|p2a: Great Tusk|Stealth Rock||[still]
|-fail|p2a: Great Tusk
|
|-damage|p1a: Kingambit|27/100 par|[from] Leech Seed|[of] p2a: Great Tusk
|-heal|p2a: Great Tusk|41/100|[silent]
|upkeep
|turn|33
|
|t:|1760794436
|move|p2a: Great Tusk|Stealth Rock||[still]
|-fail|p2a: Great Tusk
|move|p1a: Kingambit|Iron Head|p2a: Great Tusk
|-damage|p2a: Great Tusk|0 fnt
|faint|p2a: Great Tusk
|-end|p2a: Great Tusk|Protosynthesis|[silent]
|
|upkeep
|
|t:|1760794437
|switch|p2a: Dragapult|Dragapult, M|100/100
|turn|34
|
|t:|1760794440
|move|p1a: Kingambit|Sucker Punch||[still]
|-fail|p1a: Kingambit
|move|p2a: Dragapult|Substitute|p2a: Dragapult
|-start|p2a: Dragapult|Substitute
|-damage|p2a: Dragapult|76/100
|
|-heal|p2a: Dragapult|82/100|[from] item: Leftovers
|-damage|p1a: Kingambit|14/100 par|[from] Leech Seed|[of] p2a: Dragapult
|-heal|p2a: Dragapult|97/100|[silent]
|upkeep
|turn|35
|-message|azeard forfeited.
|
|win|jxrx
|raw|azeard's rating: 1342 &rarr; <strong>1325</strong><br />(-17 for losing)
|raw|jxrx's rating: 1403 &rarr; <strong>1420</strong><br />(+17 for winning)
|l|☆azeard
|player|p1|
|l|☆jxrx
|player|p2|
