|j|☆Sijay
|j|☆WeRrsome
|t:|1760852405
|gametype|singles
|player|p1|Sijay|volkner|1368
|player|p2|WeRrsome|265|1327
|gen|9
|tier|[Gen 9] OU
|rated|
|rule|HP Percentage Mod: HP is shown in percentages
|rule|Endless Battle Clause: Forcing endless battles is banned
|rule|Species Clause: Limit one of each Pokémon
|rule|OHKO Clause: OHKO moves are banned
|rule|Evasion Items Clause: Evasion items are banned
|rule|Evasion Moves Clause: Evasion moves are banned
|rule|Evasion Abilities Clause: Evasion abilities are banned
|rule|Sleep Moves Clause: Sleep-inducing moves are banned
|clearpoke
|poke|p1|Glimmora, F|
|poke|p1|Landorus-Therian, M|
|poke|p1|Darkrai|
|poke|p1|Slowking-Galar, F|
|poke|p1|Ogerpon-Wellspring, F|
|poke|p1|Iron Boulder|
|poke|p2|Ogerpon, F|
|poke|p2|Araquanid, F|
|poke|p2|Magnezone|
|poke|p2|Iron Treads|
|poke|p2|Dragonite, M|
|poke|p2|Gengar, M|
|teampreview
|inactive|Battle timer is ON: inactive players will automatically lose when time's up. (requested by Sijay)
|inactive|WeRrsome has 120 seconds left.
|inactive|WeRrsome has 90 seconds left.
|inactive|WeRrsome has 60 seconds left.
|
|t:|1760852520
|teamsize|p1|6
|teamsize|p2|6
|start
|switch|p1a: Glimmora|Glimmora, F, shiny|100/100
|switch|p2a: Ogerpon|Ogerpon, F|100/100
|turn|1
|
|t:|1760852529
|-terastallize|p2a: Ogerpon|Grass
|detailschange|p2a: Ogerpon|Ogerpon-Teal-Tera, F, tera:Grass
|-ability|p2a: Ogerpon|Embody Aspect (Teal)|boost
|-boost|p2a: Ogerpon|spe|1
|move|p2a: Ogerpon|U-turn|p1a: Glimmora
|-resisted|p1a: Glimmora
|-damage|p1a: Glimmora|81/100
|-activate|p1a: Glimmora|ability: Toxic Debris
|-sidestart|p2: WeRrsome|move: Toxic Spikes
|
|t:|1760852536
|switch|p2a: Iron Treads|Iron Treads|100/100|[from] U-turn
|move|p1a: Glimmora|Sludge Bomb|p2a: Iron Treads
|-immune|p2a: Iron Treads
|
|upkeep
|turn|2
|
|t:|1760852548
|switch|p1a: Landorus|Landorus-Therian, M|100/100
|-ability|p1a: Landorus|Intimidate|boost
|-unboost|p2a: Iron Treads|atk|1
|move|p2a: Iron Treads|Knock Off|p1a: Landorus
|-damage|p1a: Landorus|90/100
|-damage|p2a: Iron Treads|84/100|[from] item: Rocky Helmet|[of] p1a: Landorus
|-enditem|p1a: Landorus|Rocky Helmet|[from] move: Knock Off|[of] p2a: Iron Treads
|
|upkeep
|turn|3
|
|t:|1760852561
|-end|p2a: Iron Treads|Quark Drive|[silent]
|switch|p2a: Araquanid|Araquanid, F|100/100
|move|p1a: Landorus|Stealth Rock|p2a: Araquanid
|-sidestart|p2: WeRrsome|move: Stealth Rock
|
|upkeep
|turn|4
|
|t:|1760852569
|move|p1a: Landorus|U-turn|p2a: Araquanid
|-damage|p2a: Araquanid|77/100
|
|t:|1760852575
|switch|p1a: Darkrai|Darkrai|100/100|[from] U-turn
|move|p2a: Araquanid|Liquidation|p1a: Darkrai
|-damage|p1a: Darkrai|18/100
|-unboost|p1a: Darkrai|def|1
|
|upkeep
|turn|5
|inactive|WeRrsome has 120 seconds left.
|
|t:|1760852587
|move|p1a: Darkrai|Thunder|p2a: Araquanid
|-supereffective|p2a: Araquanid
|-damage|p2a: Araquanid|0 fnt
|faint|p2a: Araquanid
|
|upkeep
|
|t:|1760852594
|switch|p2a: Iron Treads|Iron Treads|84/100
|-damage|p2a: Iron Treads|81/100|[from] Stealth Rock
|turn|6
|
|t:|1760852605
|switch|p1a: Landorus|Landorus-Therian, M|90/100
|-ability|p1a: Landorus|Intimidate|boost
|-unboost|p2a: Iron Treads|atk|1
|move|p2a: Iron Treads|Rapid Spin|p1a: Landorus
|-damage|p1a: Landorus|83/100
|-boost|p2a: Iron Treads|spe|1
|-sideend|p2: WeRrsome|Toxic Spikes|[from] move: Rapid Spin|[of] p2a: Iron Treads
|-sideend|p2: WeRrsome|Stealth Rock|[from] move: Rapid Spin|[of] p2a: Iron Treads
|
|upkeep
|turn|7
|
|t:|1760852615
|move|p2a: Iron Treads|Iron Head|p1a: Landorus
|-damage|p1a: Landorus|69/100
|move|p1a: Landorus|Stealth Rock|p2a: Iron Treads
|-sidestart|p2: WeRrsome|move: Stealth Rock
|
|upkeep
|turn|8
|
|t:|1760852622
|move|p2a: Iron Treads|Rapid Spin|p1a: Landorus
|-damage|p1a: Landorus|63/100
|-boost|p2a: Iron Treads|spe|1
|-sideend|p2: WeRrsome|Stealth Rock|[from] move: Rapid Spin|[of] p2a: Iron Treads
|move|p1a: Landorus|Earthquake|p2a: Iron Treads
|-supereffective|p2a: Iron Treads
|-damage|p2a: Iron Treads|8/100
|
|upkeep
|turn|9
|
|t:|1760852630
|move|p2a: Iron Treads|Iron Head|p1a: Landorus
|-damage|p1a: Landorus|48/100
|move|p1a: Landorus|Body Slam|p2a: Iron Treads
|-resisted|p2a: Iron Treads
|-damage|p2a: Iron Treads|0 fnt
|faint|p2a: Iron Treads
|-end|p2a: Iron Treads|Quark Drive|[silent]
|
|upkeep
|
|t:|1760852641
|switch|p2a: Ogerpon|Ogerpon-Teal-Tera, F, tera:Grass|100/100
|-ability|p2a: Ogerpon|Embody Aspect (Teal)|boost
|-boost|p2a: Ogerpon|spe|1
|turn|10
|
|t:|1760852646
|move|p2a: Ogerpon|Ivy Cudgel|p1a: Landorus
|-damage|p1a: Landorus|0 fnt
|faint|p1a: Landorus
|
|upkeep
|
|t:|1760852655
|switch|p1a: Glimmora|Glimmora, F, shiny|81/100
|turn|11
|
|t:|1760852661
|switch|p2a: Magnezone|Magnezone|100/100
|move|p1a: Glimmora|Spikes|p2a: Magnezone
|-sidestart|p2: WeRrsome|Spikes
|
|upkeep
|turn|12
|inactive|Sijay has 120 seconds left.
|
|t:|1760852698
|switch|p1a: Slowking|Slowking-Galar, F|100/100
|move|p2a: Magnezone|Flash Cannon|p1a: Slowking
|-damage|p1a: Slowking|63/100
|
|upkeep
|turn|13
|inactive|Sijay has 120 seconds left.
|
|t:|1760852717
|move|p2a: Magnezone|Flash Cannon|p1a: Slowking
|-damage|p1a: Slowking|37/100
|move|p1a: Slowking|Future Sight|p2a: Magnezone
|-start|p1a: Slowking|move: Future Sight
|
|upkeep
|turn|14
|inactive|Sijay has 120 seconds left.
|
|t:|1760852727
|switch|p1a: Ogerpon|Ogerpon-Wellspring, F|100/100
|move|p2a: Magnezone|Flash Cannon|p1a: Ogerpon
|-resisted|p1a: Ogerpon
|-damage|p1a: Ogerpon|45/100
|
|upkeep
|turn|15
|inactive|Sijay has 120 seconds left.
|
|t:|1760852739
|move|p1a: Ogerpon|Ivy Cudgel|p2a: Magnezone|[anim] Ivy Cudgel Water
|-damage|p2a: Magnezone|38/100
|move|p2a: Magnezone|Flash Cannon|p1a: Ogerpon
|-resisted|p1a: Ogerpon
|-damage|p1a: Ogerpon|0 fnt
|faint|p1a: Ogerpon
|
|-end|p2a: Magnezone|move: Future Sight
|-resisted|p2a: Magnezone
|-damage|p2a: Magnezone|13/100
|upkeep
|inactive|Sijay has 120 seconds left.
|
|t:|1760852758
|switch|p1a: Darkrai|Darkrai|18/100
|turn|16
|
|t:|1760852763
|move|p1a: Darkrai|Dark Pulse|p2a: Magnezone
|-damage|p2a: Magnezone|0 fnt
|faint|p2a: Magnezone
|
|upkeep
|
|t:|1760852764
|switch|p2a: Ogerpon|Ogerpon-Teal-Tera, F, tera:Grass|100/100
|-damage|p2a: Ogerpon|88/100|[from] Spikes
|-ability|p2a: Ogerpon|Embody Aspect (Teal)|boost
|-boost|p2a: Ogerpon|spe|1
|turn|17
|inactive|Sijay has 120 seconds left.
|
|t:|1760852781
|move|p2a: Ogerpon|Ivy Cudgel|p1a: Darkrai
|-damage|p1a: Darkrai|0 fnt
|faint|p1a: Darkrai
|
|upkeep
|
|t:|1760852784
|switch|p1a: Glimmora|Glimmora, F, shiny|81/100
|turn|18
|
|t:|1760852793
|switch|p2a: Gengar|Gengar, M|100/100
|-damage|p2a: Gengar|88/100|[from] Spikes
|move|p1a: Glimmora|Sludge Bomb|p2a: Gengar
|-resisted|p2a: Gengar
|-damage|p2a: Gengar|68/100
|
|upkeep
|turn|19
|
|t:|1760852800
|move|p2a: Gengar|Shadow Ball|p1a: Glimmora
|-damage|p1a: Glimmora|0 fnt
|faint|p1a: Glimmora
|
|upkeep
|
|t:|1760852814
|switch|p1a: Slowking|Slowking-Galar, F|70/100
|turn|20
|
|t:|1760852822
|move|p2a: Gengar|Shadow Ball|p1a: Slowking
|-supereffective|p1a: Slowking
|-damage|p1a: Slowking|19/100
|-unboost|p1a: Slowking|spd|1
|move|p1a: Slowking|Eerie Spell|p2a: Gengar
|-supereffective|p2a: Gengar
|-damage|p2a: Gengar|0 fnt
|faint|p2a: Gengar
|
|upkeep
|
|t:|1760852826
|switch|p2a: Ogerpon|Ogerpon-Teal-Tera, F, tera:Grass|88/100
|-damage|p2a: Ogerpon|76/100|[from] Spikes
|-ability|p2a: Ogerpon|Embody Aspect (Teal)|boost
|-boost|p2a: Ogerpon|spe|1
|turn|21
|
|t:|1760852830
|move|p2a: Ogerpon|Ivy Cudgel|p1a: Slowking
|-resisted|p1a: Slowking
|-damage|p1a: Slowking|0 fnt
|faint|p1a: Slowking
|
|upkeep
|
|t:|1760852833
|switch|p1a: Iron Boulder|Iron Boulder|100/100
|-enditem|p1a: Iron Boulder|Booster Energy
|-activate|p1a: Iron Boulder|ability: Quark Drive|[fromitem]
|-start|p1a: Iron Boulder|quarkdrivespe
|turn|22
|
|t:|1760852843
|-terastallize|p1a: Iron Boulder|Fighting
|move|p1a: Iron Boulder|Close Combat|p2a: Ogerpon
|-damage|p2a: Ogerpon|7/100
|-unboost|p1a: Iron Boulder|def|1
|-unboost|p1a: Iron Boulder|spd|1
|move|p2a: Ogerpon|Ivy Cudgel|p1a: Iron Boulder
|-damage|p1a: Iron Boulder|0 fnt
|faint|p1a: Iron Boulder
|-end|p1a: Iron Boulder|Quark Drive|[silent]
|
|win|WeRrsome
|raw|Sijay's rating: 1368 &rarr; <strong>1346</strong><br />(-22 for losing)
|raw|WeRrsome's rating: 1327 &rarr; <strong>1349</strong><br />(+22 for winning)
|l|☆Sijay
|player|p1|
|l|☆WeRrsome
|player|p2|
