|j|☆Galladeyaoi
|j|☆GODKUD
|t:|1760799915
|gametype|singles
|player|p1|Galladeyaoi|pokefanf-gen2|1450
|player|p2|GODKUD|ghetsis|1464
|gen|9
|tier|[Gen 9] OU
|rated|
|rule|HP Percentage Mod: HP is shown in percentages
|rule|Endless Battle Clause: Forcing endless battles is banned
|rule|Species Clause: Limit one of each Pokémon
|rule|OHKO Clause: OHKO moves are banned
|rule|Evasion Items Clause: Evasion items are banned
|rule|Evasion Moves Clause: Evasion moves are banned
|rule|Evasion Abilities Clause: Evasion abilities are banned
|rule|Sleep Moves Clause: Sleep-inducing moves are banned
|clearpoke
|poke|p1|Gliscor, M|
|poke|p1|Hydrapple, M|
|poke|p1|Grimmsnarl, M|
|poke|p1|Glastrier|
|poke|p1|Iron Hands|
|poke|p1|Slowbro-Galar, F|
|poke|p2|Alomomola, M|
|poke|p2|Garchomp, M|
|poke|p2|Rillaboom, F|
|poke|p2|Tyranitar, M|
|poke|p2|Cinderace, M|
|poke|p2|Hatterene, F|
|teampreview
|inactive|Battle timer is ON: inactive players will automatically lose when time's up. (requested by Galladeyaoi)
|
|t:|1760799924
|teamsize|p1|6
|teamsize|p2|6
|start
|switch|p1a: too fine a point|Glastrier|100/100
|switch|p2a: Cinderace|Cinderace, M|100/100
|turn|1
|
|t:|1760799930
|-terastallize|p1a: too fine a point|Fire
|move|p2a: Cinderace|Will-O-Wisp|p1a: too fine a point|[miss]
|-miss|p2a: Cinderace|p1a: too fine a point
|move|p1a: too fine a point|High Horsepower|p2a: Cinderace
|-supereffective|p2a: Cinderace
|-damage|p2a: Cinderace|10/100
|
|upkeep
|turn|2
|
|t:|1760799939
|switch|p1a: a friend in need|Grimmsnarl, M|100/100
|move|p2a: Cinderace|U-turn|p1a: a friend in need
|-damage|p1a: a friend in need|82/100
|
|t:|1760799945
|switch|p2a: Alomomola|Alomomola, M|100/100|[from] U-turn
|
|upkeep
|turn|3
|
|t:|1760799950
|move|p1a: a friend in need|Taunt|p2a: Alomomola
|-start|p2a: Alomomola|move: Taunt
|cant|p2a: Alomomola|move: Taunt|Wish
|
|upkeep
|turn|4
|
|t:|1760799956
|move|p1a: a friend in need|Reflect|p1a: a friend in need
|-sidestart|p1: Galladeyaoi|Reflect
|move|p2a: Alomomola|Flip Turn|p1a: a friend in need
|-damage|p1a: a friend in need|74/100
|
|t:|1760799961
|switch|p2a: Hatterene|Hatterene, F|100/100|[from] Flip Turn
|
|upkeep
|turn|5
|
|t:|1760799973
|switch|p1a: a snail’s pace|Slowbro-Galar, F|100/100
|move|p2a: Hatterene|Calm Mind|p2a: Hatterene
|-boost|p2a: Hatterene|spa|1
|-boost|p2a: Hatterene|spd|1
|
|upkeep
|turn|6
|
|t:|1760799979
|move|p2a: Hatterene|Nuzzle|p1a: a snail’s pace
|-damage|p1a: a snail’s pace|98/100
|-status|p1a: a snail’s pace|par
|move|p1a: a snail’s pace|Nasty Plot|p1a: a snail’s pace
|-boost|p1a: a snail’s pace|spa|2
|
|upkeep
|turn|7
|
|t:|1760799987
|-terastallize|p2a: Hatterene|Water
|move|p2a: Hatterene|Calm Mind|p2a: Hatterene
|-boost|p2a: Hatterene|spa|1
|-boost|p2a: Hatterene|spd|1
|cant|p1a: a snail’s pace|par
|
|upkeep
|turn|8
|
|t:|1760799994
|move|p2a: Hatterene|Calm Mind|p2a: Hatterene
|-boost|p2a: Hatterene|spa|1
|-boost|p2a: Hatterene|spd|1
|move|p1a: a snail’s pace|Psyshock|p2a: Hatterene
|-damage|p2a: Hatterene|37/100
|
|-heal|p2a: Hatterene|43/100|[from] item: Leftovers
|upkeep
|turn|9
|
|t:|1760800007
|move|p2a: Hatterene|Psychic Noise|p1a: a snail’s pace
|-damage|p1a: a snail’s pace|4/100 par
|-start|p1a: a snail’s pace|move: Heal Block
|move|p1a: a snail’s pace|Psyshock|p2a: Hatterene
|-damage|p2a: Hatterene|0 fnt
|faint|p2a: Hatterene
|
|upkeep
|
|t:|1760800015
|switch|p2a: Cinderace|Cinderace, M|10/100
|turn|10
|
|t:|1760800020
|move|p2a: Cinderace|U-turn|p1a: a snail’s pace
|-damage|p1a: a snail’s pace|0 fnt
|faint|p1a: a snail’s pace
|
|t:|1760800022
|switch|p2a: Garchomp|Garchomp, M|100/100|[from] U-turn
|
|upkeep
|
|t:|1760800027
|switch|p1a: too fine a point|Glastrier, tera:Fire|100/100
|turn|11
|
|t:|1760800030
|switch|p2a: Alomomola|Alomomola, M|100/100
|move|p1a: too fine a point|Icicle Crash|p2a: Alomomola
|-resisted|p2a: Alomomola
|-damage|p2a: Alomomola|86/100
|
|-sideend|p1: Galladeyaoi|Reflect
|upkeep
|turn|12
|
|t:|1760800039
|switch|p1a: an apple a day|Hydrapple, M|100/100
|move|p2a: Alomomola|Scald|p1a: an apple a day
|-resisted|p1a: an apple a day
|-damage|p1a: an apple a day|97/100
|-status|p1a: an apple a day|brn
|
|-damage|p1a: an apple a day|91/100 brn|[from] brn
|upkeep
|turn|13
|
|t:|1760800048
|switch|p2a: Rillaboom|Rillaboom, F|100/100
|-fieldstart|move: Grassy Terrain|[from] ability: Grassy Surge|[of] p2a: Rillaboom
|move|p1a: an apple a day|Nasty Plot|p1a: an apple a day
|-boost|p1a: an apple a day|spa|2
|
|-heal|p1a: an apple a day|97/100 brn|[from] Grassy Terrain
|-damage|p1a: an apple a day|91/100 brn|[from] brn
|upkeep
|turn|14
|
|t:|1760800059
|move|p2a: Rillaboom|Knock Off|p1a: an apple a day
|-damage|p1a: an apple a day|63/100 brn
|-enditem|p1a: an apple a day|Quick Claw|[from] move: Knock Off|[of] p2a: Rillaboom
|move|p1a: an apple a day|Fickle Beam|p2a: Rillaboom
|-damage|p2a: Rillaboom|31/100
|
|-heal|p2a: Rillaboom|37/100|[from] Grassy Terrain
|-heal|p1a: an apple a day|69/100 brn|[from] Grassy Terrain
|-damage|p1a: an apple a day|63/100 brn|[from] brn
|upkeep
|turn|15
|
|t:|1760800069
|move|p2a: Rillaboom|U-turn|p1a: an apple a day
|-supereffective|p1a: an apple a day
|-damage|p1a: an apple a day|24/100 brn
|
|t:|1760800074
|switch|p2a: Tyranitar|Tyranitar, M|100/100|[from] U-turn
|-weather|Sandstorm|[from] ability: Sand Stream|[of] p2a: Tyranitar
|move|p1a: an apple a day|Giga Drain|p2a: Tyranitar
|-supereffective|p2a: Tyranitar
|-damage|p2a: Tyranitar|9/100
|-heal|p1a: an apple a day|68/100 brn|[from] drain|[of] p2a: Tyranitar
|
|-weather|Sandstorm|[upkeep]
|-damage|p1a: an apple a day|62/100 brn|[from] Sandstorm
|-heal|p2a: Tyranitar|16/100|[from] Grassy Terrain
|-heal|p2a: Tyranitar|22/100|[from] item: Leftovers
|-heal|p1a: an apple a day|68/100 brn|[from] Grassy Terrain
|-damage|p1a: an apple a day|62/100 brn|[from] brn
|upkeep
|turn|16
|
|t:|1760800089
|move|p1a: an apple a day|Giga Drain|p2a: Tyranitar
|-supereffective|p2a: Tyranitar
|-damage|p2a: Tyranitar|0 fnt
|-heal|p1a: an apple a day|73/100 brn|[from] drain|[of] p2a: Tyranitar
|faint|p2a: Tyranitar
|
|-weather|Sandstorm|[upkeep]
|-damage|p1a: an apple a day|67/100 brn|[from] Sandstorm
|-heal|p1a: an apple a day|73/100 brn|[from] Grassy Terrain
|-damage|p1a: an apple a day|67/100 brn|[from] brn
|upkeep
|
|t:|1760800092
|switch|p2a: Cinderace|Cinderace, M|10/100
|turn|17
|
|t:|1760800107
|switch|p1a: too fine a point|Glastrier, tera:Fire|100/100
|move|p2a: Cinderace|U-turn|p1a: too fine a point
|-resisted|p1a: too fine a point
|-damage|p1a: too fine a point|95/100
|
|t:|1760800112
|switch|p2a: Alomomola|Alomomola, M|100/100|[from] U-turn
|
|-weather|Sandstorm|[upkeep]
|-damage|p2a: Alomomola|94/100|[from] Sandstorm
|-damage|p1a: too fine a point|88/100|[from] Sandstorm
|-heal|p2a: Alomomola|100/100|[from] Grassy Terrain
|-heal|p1a: too fine a point|95/100|[from] Grassy Terrain
|-fieldend|move: Grassy Terrain
|upkeep
|turn|18
|
|t:|1760800121
|switch|p1a: an apple a day|Hydrapple, M|99/100 brn
|move|p2a: Alomomola|Wish|p2a: Alomomola
|
|-weather|Sandstorm|[upkeep]
|-damage|p2a: Alomomola|94/100|[from] Sandstorm
|-damage|p1a: an apple a day|94/100 brn|[from] Sandstorm
|-damage|p1a: an apple a day|88/100 brn|[from] brn
|upkeep
|turn|19
|
|t:|1760800129
|move|p2a: Alomomola|Flip Turn|p1a: an apple a day
|-resisted|p1a: an apple a day
|-damage|p1a: an apple a day|85/100 brn
|
|t:|1760800132
|switch|p2a: Rillaboom|Rillaboom, F|37/100|[from] Flip Turn
|-fieldstart|move: Grassy Terrain|[from] ability: Grassy Surge|[of] p2a: Rillaboom
|move|p1a: an apple a day|Nasty Plot|p1a: an apple a day
|-boost|p1a: an apple a day|spa|2
|
|-weather|none
|-heal|p2a: Rillaboom|100/100|[from] move: Wish|[wisher] Alomomola
|-heal|p1a: an apple a day|91/100 brn|[from] Grassy Terrain
|-damage|p1a: an apple a day|85/100 brn|[from] brn
|upkeep
|turn|20
|
|t:|1760800145
|move|p2a: Rillaboom|U-turn|p1a: an apple a day
|-supereffective|p1a: an apple a day
|-damage|p1a: an apple a day|48/100 brn
|
|t:|1760800149
|switch|p2a: Garchomp|Garchomp, M|100/100|[from] U-turn
|move|p1a: an apple a day|Giga Drain|p2a: Garchomp
|-damage|p2a: Garchomp|0 fnt
|-heal|p1a: an apple a day|98/100 brn|[from] drain|[of] p2a: Garchomp
|faint|p2a: Garchomp
|
|-heal|p1a: an apple a day|100/100 brn|[from] Grassy Terrain
|-damage|p1a: an apple a day|94/100 brn|[from] brn
|upkeep
|
|t:|1760800153
|switch|p2a: Cinderace|Cinderace, M|10/100
|turn|21
|-message|GODKUD forfeited.
|
|win|Galladeyaoi
|raw|Galladeyaoi's rating: 1450 &rarr; <strong>1471</strong><br />(+21 for winning)
|raw|GODKUD's rating: 1464 &rarr; <strong>1443</strong><br />(-21 for losing)
|l|☆GODKUD
|player|p2|
|l|☆Galladeyaoi
|player|p1|
