|j|☆WeR#4Hay!
|j|☆NebulaTrainer
|t:|1760745738
|gametype|singles
|player|p1|WeR#4Hay!|1|1563
|player|p2|NebulaTrainer|cynthia-gen4|1539
|gen|9
|tier|[Gen 9] OU
|rated|
|rule|HP Percentage Mod: HP is shown in percentages
|rule|Endless Battle Clause: Forcing endless battles is banned
|rule|Species Clause: Limit one of each Pokémon
|rule|OHKO Clause: OHKO moves are banned
|rule|Evasion Items Clause: Evasion items are banned
|rule|Evasion Moves Clause: Evasion moves are banned
|rule|Evasion Abilities Clause: Evasion abilities are banned
|rule|Sleep Moves Clause: Sleep-inducing moves are banned
|clearpoke
|poke|p1|Lycanroc-Dusk, F|
|poke|p1|Volcanion|
|poke|p1|Corviknight, F|
|poke|p1|Great Tusk|
|poke|p1|Slowking-Galar, F|
|poke|p1|Darkrai|
|poke|p2|Hippowdon, M|
|poke|p2|Excadrill, M|
|poke|p2|Hydrapple, F|
|poke|p2|Tornadus-Therian, M|
|poke|p2|Heatran, M|
|poke|p2|Keldeo-Resolute|
|teampreview
|
|t:|1760745749
|teamsize|p1|6
|teamsize|p2|6
|start
|switch|p1a: Kagami Hiiragi|Volcanion|100/100
|switch|p2a: Keldeo|Keldeo-Resolute|100/100
|turn|1
|
|t:|1760745758
|switch|p2a: Tornadus|Tornadus-Therian, M, shiny|100/100
|switch|p1a: Konata Izumi|Slowking-Galar, F|100/100
|
|upkeep
|turn|2
|
|t:|1760745774
|switch|p1a: Tsukasa Hiiragi|Darkrai|100/100
|move|p2a: Tornadus|Knock Off|p1a: Tsukasa Hiiragi
|-resisted|p1a: Tsukasa Hiiragi
|-damage|p1a: Tsukasa Hiiragi|88/100
|-enditem|p1a: Tsukasa Hiiragi|Choice Scarf|[from] move: Knock Off|[of] p2a: Tornadus
|
|upkeep
|turn|3
|
|t:|1760745782
|move|p1a: Tsukasa Hiiragi|Will-O-Wisp|p2a: Tornadus
|-status|p2a: Tornadus|brn
|move|p2a: Tornadus|U-turn|p1a: Tsukasa Hiiragi
|-supereffective|p1a: Tsukasa Hiiragi
|-damage|p1a: Tsukasa Hiiragi|70/100
|
|t:|1760745788
|switch|p2a: Keldeo|Keldeo-Resolute|100/100|[from] U-turn
|
|upkeep
|turn|4
|
|t:|1760745793
|switch|p1a: Konata Izumi|Slowking-Galar, F|100/100
|move|p2a: Keldeo|Flip Turn|p1a: Konata Izumi
|-damage|p1a: Konata Izumi|90/100
|
|t:|1760745808
|switch|p2a: Excadrill|Excadrill, M, shiny|100/100|[from] Flip Turn
|
|upkeep
|turn|5
|
|t:|1760745813
|switch|p2a: Heatran|Heatran, M, shiny|100/100
|switch|p1a: Miyuki Takara|Corviknight, F|100/100
|-ability|p1a: Miyuki Takara|Pressure
|
|upkeep
|turn|6
|
|t:|1760745826
|switch|p2a: Tornadus|Tornadus-Therian, M, shiny|100/100 brn
|switch|p1a: Kagami Hiiragi|Volcanion|100/100
|
|-damage|p2a: Tornadus|94/100 brn|[from] brn
|upkeep
|turn|7
|
|t:|1760745833
|switch|p1a: Tsukasa Hiiragi|Darkrai|70/100
|move|p2a: Tornadus|Knock Off|p1a: Tsukasa Hiiragi
|-resisted|p1a: Tsukasa Hiiragi
|-damage|p1a: Tsukasa Hiiragi|66/100
|
|-damage|p2a: Tornadus|88/100 brn|[from] brn
|upkeep
|turn|8
|
|t:|1760745840
|move|p1a: Tsukasa Hiiragi|Ice Beam|p2a: Tornadus
|-supereffective|p2a: Tornadus
|-damage|p2a: Tornadus|42/100 brn
|move|p2a: Tornadus|U-turn|p1a: Tsukasa Hiiragi
|-supereffective|p1a: Tsukasa Hiiragi
|-damage|p1a: Tsukasa Hiiragi|46/100
|
|t:|1760745848
|switch|p2a: Keldeo|Keldeo-Resolute|100/100|[from] U-turn
|
|upkeep
|turn|9
|
|t:|1760745853
|switch|p1a: Kagami Hiiragi|Volcanion|100/100
|switch|p2a: Tornadus|Tornadus-Therian, M, shiny|75/100 brn
|
|-damage|p2a: Tornadus|69/100 brn|[from] brn
|upkeep
|turn|10
|
|t:|1760745860
|move|p2a: Tornadus|U-turn|p1a: Kagami Hiiragi
|-resisted|p1a: Kagami Hiiragi
|-damage|p1a: Kagami Hiiragi|98/100
|
|t:|1760745864
|switch|p2a: Hydrapple|Hydrapple, F|100/100|[from] U-turn
|move|p1a: Kagami Hiiragi|Steam Eruption|p2a: Hydrapple
|-resisted|p2a: Hydrapple
|-damage|p2a: Hydrapple|85/100
|
|upkeep
|turn|11
|
|t:|1760745897
|switch|p1a: Konata Izumi|Slowking-Galar, F|100/100
|switch|p2a: Tornadus|Tornadus-Therian, M, shiny|100/100 brn
|
|-damage|p2a: Tornadus|94/100 brn|[from] brn
|upkeep
|turn|12
|
|t:|1760745905
|move|p2a: Tornadus|U-turn|p1a: Konata Izumi
|-damage|p1a: Konata Izumi|95/100
|
|t:|1760745909
|switch|p2a: Excadrill|Excadrill, M, shiny|100/100|[from] U-turn
|move|p1a: Konata Izumi|Future Sight|p2a: Excadrill
|-start|p1a: Konata Izumi|move: Future Sight
|
|upkeep
|turn|13
|j| BrawnJohn
|
|t:|1760745917
|switch|p2a: Heatran|Heatran, M, shiny|100/100
|switch|p1a: Miyuki Takara|Corviknight, F|100/100
|-ability|p1a: Miyuki Takara|Pressure
|
|upkeep
|turn|14
|
|t:|1760745925
|switch|p1a: Akira Kogami|Lycanroc-Dusk, F|100/100
|move|p2a: Heatran|Magma Storm|p1a: Akira Kogami
|-resisted|p1a: Akira Kogami
|-damage|p1a: Akira Kogami|64/100
|-activate|p1a: Akira Kogami|move: Magma Storm|[of] p2a: Heatran
|
|-end|p2a: Heatran|move: Future Sight
|-resisted|p2a: Heatran
|-damage|p2a: Heatran|86/100
|-heal|p2a: Heatran|92/100|[from] item: Leftovers
|-damage|p1a: Akira Kogami|51/100|[from] move: Magma Storm|[partiallytrapped]
|upkeep
|turn|15
|
|t:|1760745938
|move|p2a: Heatran|Protect|p2a: Heatran
|-singleturn|p2a: Heatran|Protect
|move|p1a: Akira Kogami|Close Combat|p2a: Heatran
|-activate|p2a: Heatran|move: Protect
|
|-heal|p2a: Heatran|98/100|[from] item: Leftovers
|-damage|p1a: Akira Kogami|39/100|[from] move: Magma Storm|[partiallytrapped]
|upkeep
|turn|16
|
|t:|1760745948
|switch|p2a: Hippowdon|Hippowdon, M, shiny|100/100
|-weather|Sandstorm|[from] ability: Sand Stream|[of] p2a: Hippowdon
|move|p1a: Akira Kogami|Close Combat|p2a: Hippowdon
|-damage|p2a: Hippowdon|61/100
|-unboost|p1a: Akira Kogami|def|1
|-unboost|p1a: Akira Kogami|spd|1
|
|-weather|Sandstorm|[upkeep]
|-end|p1a: Akira Kogami|Magma Storm|[partiallytrapped]|[silent]
|upkeep
|turn|17
|
|t:|1760745967
|switch|p1a: Tsukasa Hiiragi|Darkrai|46/100
|move|p2a: Hippowdon|Stealth Rock|p1a: Tsukasa Hiiragi
|-sidestart|p1: WeR#4Hay!|move: Stealth Rock
|
|-weather|Sandstorm|[upkeep]
|-damage|p1a: Tsukasa Hiiragi|40/100|[from] Sandstorm
|upkeep
|turn|18
|
|t:|1760745983
|switch|p2a: Tornadus|Tornadus-Therian, M, shiny|100/100 brn
|move|p1a: Tsukasa Hiiragi|Trick|p2a: Tornadus
|-activate|p1a: Tsukasa Hiiragi|move: Trick|[of] p2a: Tornadus
|-enditem|p2a: Tornadus|Assault Vest|[silent]|[from] move: Trick
|-item|p1a: Tsukasa Hiiragi|Assault Vest|[from] move: Trick
|
|-weather|Sandstorm|[upkeep]
|-damage|p1a: Tsukasa Hiiragi|34/100|[from] Sandstorm
|-damage|p2a: Tornadus|94/100 brn|[from] Sandstorm
|-damage|p2a: Tornadus|88/100 brn|[from] brn
|upkeep
|turn|19
|
|t:|1760745992
|move|p1a: Tsukasa Hiiragi|Ice Beam|p2a: Tornadus
|-supereffective|p2a: Tornadus
|-damage|p2a: Tornadus|26/100 brn
|move|p2a: Tornadus|U-turn|p1a: Tsukasa Hiiragi
|-supereffective|p1a: Tsukasa Hiiragi
|-damage|p1a: Tsukasa Hiiragi|15/100
|
|t:|1760746006
|switch|p2a: Excadrill|Excadrill, M, shiny|100/100|[from] U-turn
|
|-weather|Sandstorm|[upkeep]
|-damage|p1a: Tsukasa Hiiragi|9/100|[from] Sandstorm
|upkeep
|turn|20
|
|t:|1760746014
|switch|p2a: Heatran|Heatran, M, shiny|98/100
|switch|p1a: Miyuki Takara|Corviknight, F|100/100
|-damage|p1a: Miyuki Takara|88/100|[from] Stealth Rock
|-ability|p1a: Miyuki Takara|Pressure
|
|-weather|Sandstorm|[upkeep]
|-heal|p2a: Heatran|100/100|[from] item: Leftovers
|upkeep
|turn|21
|
|t:|1760746024
|switch|p1a: Tsukasa Hiiragi|Darkrai|9/100
|-damage|p1a: Tsukasa Hiiragi|0 fnt|[from] Stealth Rock
|faint|p1a: Tsukasa Hiiragi
|move|p2a: Heatran|Earth Power|p1: Tsukasa Hiiragi|[notarget]
|-fail|p2a: Heatran
|
|-weather|Sandstorm|[upkeep]
|upkeep
|
|t:|1760746026
|switch|p1a: Kagami Hiiragi|Volcanion|98/100
|turn|22
|
|t:|1760746035
|switch|p2a: Hydrapple|Hydrapple, F|100/100
|move|p1a: Kagami Hiiragi|Steam Eruption|p2a: Hydrapple
|-resisted|p2a: Hydrapple
|-damage|p2a: Hydrapple|84/100
|-status|p2a: Hydrapple|brn
|
|-weather|Sandstorm|[upkeep]
|-damage|p1a: Kagami Hiiragi|92/100|[from] Sandstorm
|-damage|p2a: Hydrapple|78/100 brn|[from] Sandstorm
|-damage|p2a: Hydrapple|72/100 brn|[from] brn
|upkeep
|turn|23
|
|t:|1760746048
|switch|p1a: Konata Izumi|Slowking-Galar, F|100/100
|-damage|p1a: Konata Izumi|88/100|[from] Stealth Rock
|switch|p2a: Heatran|Heatran, M, shiny|100/100
|
|-weather|none
|upkeep
|turn|24
|
|t:|1760746059
|move|p2a: Heatran|Taunt|p1a: Konata Izumi
|-start|p1a: Konata Izumi|move: Taunt
|move|p1a: Konata Izumi|Psychic Noise|p2a: Heatran
|-resisted|p2a: Heatran
|-damage|p2a: Heatran|91/100
|-start|p2a: Heatran|move: Heal Block
|
|upkeep
|turn|25
|inactive|Battle timer is ON: inactive players will automatically lose when time's up. (requested by NebulaTrainer)
|
|t:|1760746122
|switch|p1a: Kagami Hiiragi|Volcanion|92/100
|move|p2a: Heatran|Magma Storm|p1a: Kagami Hiiragi
|-resisted|p1a: Kagami Hiiragi
|-damage|p1a: Kagami Hiiragi|81/100
|-activate|p1a: Kagami Hiiragi|move: Magma Storm|[of] p2a: Heatran
|
|-damage|p1a: Kagami Hiiragi|69/100|[from] move: Magma Storm|[partiallytrapped]
|-end|p2a: Heatran|move: Heal Block
|upkeep
|turn|26
|
|t:|1760746131
|move|p2a: Heatran|Protect|p2a: Heatran
|-singleturn|p2a: Heatran|Protect
|move|p1a: Kagami Hiiragi|Steam Eruption|p2a: Heatran
|-activate|p2a: Heatran|move: Protect
|
|-heal|p2a: Heatran|97/100|[from] item: Leftovers
|-damage|p1a: Kagami Hiiragi|56/100|[from] move: Magma Storm|[partiallytrapped]
|upkeep
|turn|27
|
|t:|1760746141
|switch|p2a: Hydrapple|Hydrapple, F|100/100 brn
|-terastallize|p1a: Kagami Hiiragi|Ghost
|move|p1a: Kagami Hiiragi|Steam Eruption|p2a: Hydrapple
|-resisted|p2a: Hydrapple
|-damage|p2a: Hydrapple|84/100 brn
|
|-damage|p2a: Hydrapple|78/100 brn|[from] brn
|-end|p1a: Kagami Hiiragi|Magma Storm|[partiallytrapped]|[silent]
|upkeep
|turn|28
|-message|WeR#4Hay! forfeited.
|
|win|NebulaTrainer
|raw|WeR#4Hay!'s rating: 1563 &rarr; <strong>1542</strong><br />(-21 for losing)
|raw|NebulaTrainer's rating: 1539 &rarr; <strong>1560</strong><br />(+21 for winning)
|l|☆WeR#4Hay!
|player|p1|
|l|☆NebulaTrainer
|player|p2|
|l| BrawnJohn
