|j|☆cat party
|j|☆kills your
|t:|1760840872
|gametype|singles
|player|p1|cat party|265|1379
|player|p2|kills your|iono|1333
|gen|9
|tier|[Gen 9] OU
|rated|
|rule|HP Percentage Mod: HP is shown in percentages
|rule|Endless Battle Clause: Forcing endless battles is banned
|rule|Species Clause: Limit one of each Pokémon
|rule|OHKO Clause: OHKO moves are banned
|rule|Evasion Items Clause: Evasion items are banned
|rule|Evasion Moves Clause: Evasion moves are banned
|rule|Evasion Abilities Clause: Evasion abilities are banned
|rule|Sleep Moves Clause: Sleep-inducing moves are banned
|clearpoke
|poke|p1|Dragonite, F|
|poke|p1|Landorus-Therian, M|
|poke|p1|Iron Crown|
|poke|p1|Lokix, F|
|poke|p1|Primarina, M|
|poke|p1|Cinderace, M|
|poke|p2|Ninetales, F|
|poke|p2|Hatterene, F|
|poke|p2|Leafeon, F|
|poke|p2|Raging Bolt|
|poke|p2|Great Tusk|
|poke|p2|Walking Wake|
|teampreview
|inactive|Battle timer is ON: inactive players will automatically lose when time's up. (requested by cat party)
|
|t:|1760840880
|teamsize|p1|6
|teamsize|p2|6
|start
|switch|p1a: Hoover|Iron Crown|100/100
|switch|p2a: Ninetales|Ninetales, F|100/100
|-weather|SunnyDay|[from] ability: Drought|[of] p2a: Ninetales
|turn|1
|
|t:|1760840889
|move|p1a: Hoover|Psyshock|p2a: Ninetales
|-crit|p2a: Ninetales
|-damage|p2a: Ninetales|0 fnt
|faint|p2a: Ninetales
|
|-weather|SunnyDay|[upkeep]
|upkeep
|
|t:|1760840898
|switch|p2a: Leafeon|Leafeon, F|100/100
|turn|2
|
|t:|1760840902
|-end|p1a: Hoover|Quark Drive|[silent]
|switch|p1a: Fantasy|Primarina, M|100/100
|move|p2a: Leafeon|Swords Dance|p2a: Leafeon
|-boost|p2a: Leafeon|atk|2
|
|-weather|SunnyDay|[upkeep]
|upkeep
|turn|3
|
|t:|1760840906
|-terastallize|p1a: Fantasy|Flying
|move|p2a: Leafeon|Solar Blade||[still]
|-prepare|p2a: Leafeon|Solar Blade
|-anim|p2a: Leafeon|Solar Blade|p1a: Fantasy
|-resisted|p1a: Fantasy
|-damage|p1a: Fantasy|21/100
|-damage|p2a: Leafeon|91/100|[from] item: Life Orb
|move|p1a: Fantasy|Moonblast|p2a: Leafeon
|-damage|p2a: Leafeon|15/100
|
|-weather|SunnyDay|[upkeep]
|upkeep
|turn|4
|
|t:|1760840913
|move|p2a: Leafeon|Tera Blast|p1a: Fantasy
|-damage|p1a: Fantasy|13/100
|-damage|p2a: Leafeon|5/100|[from] item: Life Orb
|move|p1a: Fantasy|Moonblast|p2a: Leafeon
|-damage|p2a: Leafeon|0 fnt
|faint|p2a: Leafeon
|
|-weather|SunnyDay|[upkeep]
|upkeep
|
|t:|1760840923
|switch|p2a: Raging Bolt|Raging Bolt|100/100
|-activate|p2a: Raging Bolt|ability: Protosynthesis
|-start|p2a: Raging Bolt|protosynthesisspa
|turn|5
|
|t:|1760840930
|move|p2a: Raging Bolt|Weather Ball|p1a: Fantasy
|-damage|p1a: Fantasy|0 fnt
|faint|p1a: Fantasy
|
|-weather|SunnyDay|[upkeep]
|upkeep
|-message|cat party forfeited.
|
|win|kills your
|raw|cat party's rating: 1379 &rarr; <strong>1356</strong><br />(-23 for losing)
|raw|kills your's rating: 1333 &rarr; <strong>1356</strong><br />(+23 for winning)
|l|☆cat party
|player|p1|
|l|☆kills your
|player|p2|
