|j|☆big clif
|j|☆MicrowaveHeart
|t:|1760818385
|gametype|singles
|player|p1|big clif|cynthia-gen4|1669
|player|p2|MicrowaveHeart|workerice|1647
|gen|9
|tier|[Gen 9] OU
|rated|
|rule|HP Percentage Mod: HP is shown in percentages
|rule|Endless Battle Clause: Forcing endless battles is banned
|rule|Species Clause: Limit one of each Pokémon
|rule|OHKO Clause: OHKO moves are banned
|rule|Evasion Items Clause: Evasion items are banned
|rule|Evasion Moves Clause: Evasion moves are banned
|rule|Evasion Abilities Clause: Evasion abilities are banned
|rule|Sleep Moves Clause: Sleep-inducing moves are banned
|clearpoke
|poke|p1|Deoxys-Speed|
|poke|p1|Dragonite, M|
|poke|p1|Zamazenta-*|
|poke|p1|Gholdengo|
|poke|p1|Darkrai|
|poke|p1|Great Tusk|
|poke|p2|Gholdengo|
|poke|p2|Incineroar, M|
|poke|p2|Ogerpon-Wellspring, F|
|poke|p2|Iron Treads|
|poke|p2|Tornadus-Therian, M|
|poke|p2|Mamoswine, F|
|teampreview
|inactive|Battle timer is ON: inactive players will automatically lose when time's up. (requested by big clif)
|c|☆big clif|glhf
|
|t:|1760818402
|teamsize|p1|6
|teamsize|p2|6
|start
|switch|p1a: Deoxys|Deoxys-Speed|100/100
|switch|p2a: Tornadus|Tornadus-Therian, M|100/100
|-ability|p1a: Deoxys|Pressure
|turn|1
|
|t:|1760818425
|move|p1a: Deoxys|Stealth Rock|p2a: Tornadus
|-sidestart|p2: MicrowaveHeart|move: Stealth Rock
|move|p2a: Tornadus|Knock Off|p1a: Deoxys
|-supereffective|p1a: Deoxys
|-damage|p1a: Deoxys|44/100
|-enditem|p1a: Deoxys|Eject Pack|[from] move: Knock Off|[of] p2a: Tornadus
|
|upkeep
|turn|2
|
|t:|1760818431
|move|p1a: Deoxys|Psycho Boost|p2a: Tornadus
|-damage|p2a: Tornadus|64/100
|-unboost|p1a: Deoxys|spa|2
|move|p2a: Tornadus|Bleakwind Storm|p1a: Deoxys
|-damage|p1a: Deoxys|0 fnt
|faint|p1a: Deoxys
|
|upkeep
|inactive|big clif has 120 seconds left.
|j| wobuhaole
|l| wobuhaole
|
|t:|1760818476
|switch|p1a: Darkrai|Darkrai|100/100
|turn|3
|
|t:|1760818481
|move|p1a: Darkrai|Ice Beam|p2a: Tornadus
|-supereffective|p2a: Tornadus
|-damage|p2a: Tornadus|20/100
|move|p2a: Tornadus|Knock Off|p1a: Darkrai
|-resisted|p1a: Darkrai
|-damage|p1a: Darkrai|87/100
|-enditem|p1a: Darkrai|Heavy-Duty Boots|[from] move: Knock Off|[of] p2a: Tornadus
|
|upkeep
|turn|4
|
|t:|1760818491
|switch|p2a: Iron Treads|Iron Treads|100/100
|-damage|p2a: Iron Treads|97/100|[from] Stealth Rock
|move|p1a: Darkrai|Dark Pulse|p2a: Iron Treads
|-damage|p2a: Iron Treads|61/100
|
|-heal|p2a: Iron Treads|68/100|[from] item: Leftovers
|upkeep
|turn|5
|
|t:|1760818505
|move|p1a: Darkrai|Will-O-Wisp|p2a: Iron Treads|[miss]
|-miss|p1a: Darkrai|p2a: Iron Treads
|move|p2a: Iron Treads|Rapid Spin|p1a: Darkrai
|-crit|p1a: Darkrai
|-damage|p1a: Darkrai|60/100
|-boost|p2a: Iron Treads|spe|1
|-sideend|p2: MicrowaveHeart|Stealth Rock|[from] move: Rapid Spin|[of] p2a: Iron Treads
|
|-heal|p2a: Iron Treads|74/100|[from] item: Leftovers
|upkeep
|turn|6
|
|t:|1760818517
|switch|p1a: Great Tusk|Great Tusk|100/100
|-enditem|p1a: Great Tusk|Booster Energy
|-activate|p1a: Great Tusk|ability: Protosynthesis|[fromitem]
|-start|p1a: Great Tusk|protosynthesisatk
|move|p2a: Iron Treads|Stealth Rock|p1a: Great Tusk
|-sidestart|p1: big clif|move: Stealth Rock
|
|-heal|p2a: Iron Treads|80/100|[from] item: Leftovers
|upkeep
|turn|7
|
|t:|1760818526
|-end|p2a: Iron Treads|Quark Drive|[silent]
|switch|p2a: Incineroar|Incineroar, M|100/100
|-ability|p2a: Incineroar|Intimidate|boost
|-unboost|p1a: Great Tusk|atk|1
|move|p1a: Great Tusk|Rapid Spin|p2a: Incineroar
|-damage|p2a: Incineroar|90/100
|-boost|p1a: Great Tusk|spe|1
|-sideend|p1: big clif|Stealth Rock|[from] move: Rapid Spin|[of] p1a: Great Tusk
|
|upkeep
|turn|8
|
|t:|1760818535
|move|p1a: Great Tusk|Headlong Rush|p2a: Incineroar
|-supereffective|p2a: Incineroar
|-damage|p2a: Incineroar|11/100
|-unboost|p1a: Great Tusk|def|1
|-unboost|p1a: Great Tusk|spd|1
|move|p2a: Incineroar|Will-O-Wisp|p1a: Great Tusk
|-status|p1a: Great Tusk|brn
|
|-damage|p1a: Great Tusk|94/100 brn|[from] brn
|upkeep
|turn|9
|
|t:|1760818550
|switch|p2a: Tornadus|Tornadus-Therian, M|53/100
|move|p1a: Great Tusk|Ice Spinner|p2a: Tornadus
|-supereffective|p2a: Tornadus
|-damage|p2a: Tornadus|18/100
|
|-damage|p1a: Great Tusk|88/100 brn|[from] brn
|upkeep
|turn|10
|
|t:|1760818561
|switch|p2a: Incineroar|Incineroar, M|11/100
|-ability|p2a: Incineroar|Intimidate|boost
|-unboost|p1a: Great Tusk|atk|1
|move|p1a: Great Tusk|Ice Spinner|p2a: Incineroar
|-resisted|p2a: Incineroar
|-crit|p2a: Incineroar
|-damage|p2a: Incineroar|1/100
|
|-damage|p1a: Great Tusk|82/100 brn|[from] brn
|upkeep
|turn|11
|
|t:|1760818571
|switch|p2a: Iron Treads|Iron Treads|80/100
|move|p1a: Great Tusk|Ice Spinner|p2a: Iron Treads
|-damage|p2a: Iron Treads|73/100
|
|-heal|p2a: Iron Treads|79/100|[from] item: Leftovers
|-damage|p1a: Great Tusk|76/100 brn|[from] brn
|upkeep
|turn|12
|
|t:|1760818582
|move|p1a: Great Tusk|Headlong Rush|p2a: Iron Treads
|-supereffective|p2a: Iron Treads
|-damage|p2a: Iron Treads|48/100
|-unboost|p1a: Great Tusk|def|1
|-unboost|p1a: Great Tusk|spd|1
|move|p2a: Iron Treads|Stealth Rock|p1a: Great Tusk
|-sidestart|p1: big clif|move: Stealth Rock
|
|-heal|p2a: Iron Treads|54/100|[from] item: Leftovers
|-damage|p1a: Great Tusk|70/100 brn|[from] brn
|upkeep
|turn|13
|
|t:|1760818589
|-end|p2a: Iron Treads|Quark Drive|[silent]
|switch|p2a: Gholdengo|Gholdengo|100/100
|move|p1a: Great Tusk|Rapid Spin|p2a: Gholdengo
|-immune|p2a: Gholdengo
|
|-damage|p1a: Great Tusk|63/100 brn|[from] brn
|upkeep
|turn|14
|
|t:|1760818597
|move|p1a: Great Tusk|Headlong Rush|p2a: Gholdengo
|-supereffective|p2a: Gholdengo
|-damage|p2a: Gholdengo|74/100
|-unboost|p1a: Great Tusk|def|1
|-unboost|p1a: Great Tusk|spd|1
|move|p2a: Gholdengo|Hex|p1a: Great Tusk
|-damage|p1a: Great Tusk|0 fnt
|faint|p1a: Great Tusk
|-end|p1a: Great Tusk|Protosynthesis|[silent]
|
|-heal|p2a: Gholdengo|80/100|[from] item: Leftovers
|upkeep
|
|t:|1760818607
|switch|p1a: Darkrai|Darkrai|60/100
|-damage|p1a: Darkrai|47/100|[from] Stealth Rock
|turn|15
|
|t:|1760818615
|switch|p2a: Iron Treads|Iron Treads|54/100
|move|p1a: Darkrai|Dark Pulse|p2a: Iron Treads
|-damage|p2a: Iron Treads|22/100
|
|-heal|p2a: Iron Treads|29/100|[from] item: Leftovers
|upkeep
|turn|16
|
|t:|1760818624
|move|p1a: Darkrai|Dark Pulse|p2a: Iron Treads
|-damage|p2a: Iron Treads|0 fnt
|faint|p2a: Iron Treads
|-end|p2a: Iron Treads|Quark Drive|[silent]
|
|upkeep
|
|t:|1760818630
|switch|p2a: Tornadus|Tornadus-Therian, M|52/100
|turn|17
|
|t:|1760818632
|move|p1a: Darkrai|Ice Beam|p2a: Tornadus
|-supereffective|p2a: Tornadus
|-damage|p2a: Tornadus|6/100
|move|p2a: Tornadus|U-turn|p1a: Darkrai
|-supereffective|p1a: Darkrai
|-damage|p1a: Darkrai|10/100
|
|t:|1760818638
|switch|p2a: Mamoswine|Mamoswine, F, shiny|100/100|[from] U-turn
|
|upkeep
|turn|18
|
|t:|1760818642
|move|p2a: Mamoswine|Ice Shard|p1a: Darkrai
|-damage|p1a: Darkrai|0 fnt
|faint|p1a: Darkrai
|
|upkeep
|
|t:|1760818649
|switch|p1a: Zamazenta|Zamazenta|100/100
|-damage|p1a: Zamazenta|94/100|[from] Stealth Rock
|-ability|p1a: Zamazenta|Dauntless Shield|boost
|-boost|p1a: Zamazenta|def|1
|turn|19
|
|t:|1760818656
|switch|p2a: Gholdengo|Gholdengo|80/100
|move|p1a: Zamazenta|Close Combat|p2a: Gholdengo
|-immune|p2a: Gholdengo
|
|-heal|p2a: Gholdengo|86/100|[from] item: Leftovers
|upkeep
|turn|20
|
|t:|1760818665
|move|p1a: Zamazenta|Crunch|p2a: Gholdengo
|-supereffective|p2a: Gholdengo
|-damage|p2a: Gholdengo|37/100
|-unboost|p2a: Gholdengo|def|1
|-damage|p1a: Zamazenta|84/100|[from] item: Life Orb
|move|p2a: Gholdengo|Thunder Wave|p1a: Zamazenta|[miss]
|-miss|p2a: Gholdengo|p1a: Zamazenta
|
|-heal|p2a: Gholdengo|43/100|[from] item: Leftovers
|upkeep
|turn|21
|
|t:|1760818687
|switch|p2a: Incineroar|Incineroar, M|1/100
|-ability|p2a: Incineroar|Intimidate|boost
|-unboost|p1a: Zamazenta|atk|1
|move|p1a: Zamazenta|Crunch|p2a: Incineroar
|-resisted|p2a: Incineroar
|-damage|p2a: Incineroar|0 fnt
|faint|p2a: Incineroar
|-damage|p1a: Zamazenta|75/100|[from] item: Life Orb
|
|upkeep
|
|t:|1760818698
|switch|p2a: Gholdengo|Gholdengo|43/100
|turn|22
|
|t:|1760818708
|move|p1a: Zamazenta|Crunch|p2a: Gholdengo
|-supereffective|p2a: Gholdengo
|-damage|p2a: Gholdengo|10/100
|-damage|p1a: Zamazenta|65/100|[from] item: Life Orb
|move|p2a: Gholdengo|Recover|p2a: Gholdengo
|-heal|p2a: Gholdengo|60/100
|
|-heal|p2a: Gholdengo|66/100|[from] item: Leftovers
|upkeep
|turn|23
|
|t:|1760818718
|move|p1a: Zamazenta|Crunch|p2a: Gholdengo
|-supereffective|p2a: Gholdengo
|-damage|p2a: Gholdengo|35/100
|-damage|p1a: Zamazenta|55/100|[from] item: Life Orb
|move|p2a: Gholdengo|Thunder Wave|p1a: Zamazenta
|-status|p1a: Zamazenta|par
|
|-heal|p2a: Gholdengo|41/100|[from] item: Leftovers
|upkeep
|turn|24
|
|t:|1760818729
|move|p1a: Zamazenta|Crunch|p2a: Gholdengo
|-supereffective|p2a: Gholdengo
|-damage|p2a: Gholdengo|8/100
|-damage|p1a: Zamazenta|45/100 par|[from] item: Life Orb
|move|p2a: Gholdengo|Recover|p2a: Gholdengo
|-heal|p2a: Gholdengo|58/100
|
|-heal|p2a: Gholdengo|64/100|[from] item: Leftovers
|upkeep
|turn|25
|
|t:|1760818738
|cant|p1a: Zamazenta|par
|move|p2a: Gholdengo|Recover|p2a: Gholdengo
|-heal|p2a: Gholdengo|100/100
|
|upkeep
|turn|26
|
|t:|1760818744
|move|p1a: Zamazenta|Crunch|p2a: Gholdengo
|-supereffective|p2a: Gholdengo
|-damage|p2a: Gholdengo|72/100
|-damage|p1a: Zamazenta|35/100 par|[from] item: Life Orb
|move|p2a: Gholdengo|Hex|p1a: Zamazenta
|-damage|p1a: Zamazenta|0 fnt
|faint|p1a: Zamazenta
|
|-heal|p2a: Gholdengo|78/100|[from] item: Leftovers
|upkeep
|
|t:|1760818749
|switch|p1a: Gholdengo|Gholdengo|100/100
|-damage|p1a: Gholdengo|94/100|[from] Stealth Rock
|turn|27
|
|t:|1760818761
|switch|p2a: Tornadus|Tornadus-Therian, M|40/100
|-terastallize|p1a: Gholdengo|Ghost
|move|p1a: Gholdengo|Shadow Ball|p2a: Tornadus
|-damage|p2a: Tornadus|5/100
|-unboost|p2a: Tornadus|spd|1
|
|upkeep
|turn|28
|
|t:|1760818770
|move|p1a: Gholdengo|Shadow Ball|p2a: Tornadus
|-damage|p2a: Tornadus|0 fnt
|faint|p2a: Tornadus
|
|upkeep
|
|t:|1760818776
|switch|p2a: Ogerpon|Ogerpon-Wellspring, F|100/100
|turn|29
|
|t:|1760818778
|move|p1a: Gholdengo|Shadow Ball|p2a: Ogerpon
|-damage|p2a: Ogerpon|31/100
|-unboost|p2a: Ogerpon|spd|1
|move|p2a: Ogerpon|Ivy Cudgel|p1a: Gholdengo|[anim] Ivy Cudgel Water
|-damage|p1a: Gholdengo|22/100
|
|upkeep
|turn|30
|
|t:|1760818786
|move|p1a: Gholdengo|Shadow Ball|p2a: Ogerpon
|-damage|p2a: Ogerpon|0 fnt
|faint|p2a: Ogerpon
|
|upkeep
|
|t:|1760818788
|switch|p2a: Mamoswine|Mamoswine, F, shiny|100/100
|turn|31
|
|t:|1760818790
|-terastallize|p2a: Mamoswine|Ice
|move|p2a: Mamoswine|Ice Shard|p1a: Gholdengo
|-damage|p1a: Gholdengo|0 fnt
|faint|p1a: Gholdengo
|
|upkeep
|
|t:|1760818794
|switch|p1a: Dragonite|Dragonite, M|100/100
|turn|32
|
|t:|1760818800
|move|p1a: Dragonite|Earthquake|p2a: Mamoswine
|-damage|p2a: Mamoswine|63/100
|move|p2a: Mamoswine|Icicle Crash|p1a: Dragonite
|-supereffective|p1a: Dragonite
|-damage|p1a: Dragonite|0 fnt
|faint|p1a: Dragonite
|
|win|MicrowaveHeart
|raw|big clif's rating: 1669 &rarr; <strong>1648</strong><br />(-21 for losing)
|raw|MicrowaveHeart's rating: 1647 &rarr; <strong>1668</strong><br />(+21 for winning)
|l|☆big clif
|player|p1|
|l|☆MicrowaveHeart
|player|p2|
