|j|☆RocksDXebeccc
|j|☆superbigmariofan1
|t:|1760789641
|gametype|singles
|player|p1|RocksDXebeccc|2|1703
|player|p2|superbigmariofan1|2|1708
|gen|9
|tier|[Gen 9] OU
|rated|
|rule|HP Percentage Mod: HP is shown in percentages
|rule|Endless Battle Clause: Forcing endless battles is banned
|rule|Species Clause: Limit one of each Pokémon
|rule|OHKO Clause: OHKO moves are banned
|rule|Evasion Items Clause: Evasion items are banned
|rule|Evasion Moves Clause: Evasion moves are banned
|rule|Evasion Abilities Clause: Evasion abilities are banned
|rule|Sleep Moves Clause: Sleep-inducing moves are banned
|clearpoke
|poke|p1|Cinderace, F|
|poke|p1|Landorus-Therian, M|
|poke|p1|Gholdengo|
|poke|p1|Clefable, F|
|poke|p1|Mimikyu, M|
|poke|p1|Toxapex, F|
|poke|p2|Kingambit, F|
|poke|p2|Cinderace, F|
|poke|p2|Great Tusk|
|poke|p2|Iron Valiant|
|poke|p2|Kyurem|
|poke|p2|Slowking-Galar, M|
|teampreview
|inactive|Battle timer is ON: inactive players will automatically lose when time's up. (requested by superbigmariofan1)
|inactive|superbigmariofan1 has 120 seconds left.
|j| No_Safe_Prayer
|
|t:|1760789695
|teamsize|p1|6
|teamsize|p2|6
|start
|switch|p1a: Cinderace|Cinderace, F|100/100
|switch|p2a: Slowking|Slowking-Galar, M, shiny|100/100
|turn|1
|j| Rudy Goobert
|j| PQPP214
|
|t:|1760789707
|move|p1a: Cinderace|Pyro Ball|p2a: Slowking
|-damage|p2a: Slowking|37/100
|-prepare|p2a: Slowking|Chilly Reception|[premajor]
|move|p2a: Slowking|Chilly Reception|p2a: Slowking
|-weather|Snowscape
|
|t:|1760789711
|switch|p2a: Cinderace|Cinderace, F, shiny|100/100|[from] Chilly Reception
|
|-weather|Snowscape|[upkeep]
|upkeep
|turn|2
|
|t:|1760789716
|move|p1a: Cinderace|Pyro Ball|p2a: Cinderace
|-resisted|p2a: Cinderace
|-damage|p2a: Cinderace|66/100
|move|p2a: Cinderace|U-turn|p1a: Cinderace
|-resisted|p1a: Cinderace
|-damage|p1a: Cinderace|87/100
|
|t:|1760789724
|switch|p2a: Kyurem|Kyurem, shiny|100/100|[from] U-turn
|-ability|p2a: Kyurem|Pressure
|
|-weather|Snowscape|[upkeep]
|upkeep
|turn|3
|
|t:|1760789732
|move|p1a: Cinderace|U-turn|p2a: Kyurem
|-start|p1a: Cinderace|typechange|Bug|[from] ability: Libero
|-damage|p2a: Kyurem|77/100
|
|t:|1760789736
|switch|p1a: Gholdengo|Gholdengo|100/100|[from] U-turn
|move|p2a: Kyurem|Dragon Dance|p2a: Kyurem
|-boost|p2a: Kyurem|atk|1
|-boost|p2a: Kyurem|spe|1
|
|-weather|Snowscape|[upkeep]
|upkeep
|turn|4
|l| No_Safe_Prayer
|
|t:|1760789743
|switch|p2a: Kingambit|Kingambit, F|100/100
|move|p1a: Gholdengo|Make It Rain|p2a: Kingambit
|-resisted|p2a: Kingambit
|-damage|p2a: Kingambit|69/100
|-unboost|p1a: Gholdengo|spa|1
|
|-weather|Snowscape|[upkeep]
|-heal|p2a: Kingambit|76/100|[from] item: Leftovers
|upkeep
|turn|5
|
|t:|1760789753
|switch|p1a: Landorus|Landorus-Therian, M|100/100
|-ability|p1a: Landorus|Intimidate|boost
|-unboost|p2a: Kingambit|atk|1
|-end|p2a: Kingambit|fallenundefined|[silent]
|switch|p2a: Kyurem|Kyurem, shiny|77/100
|-ability|p2a: Kyurem|Pressure
|
|-weather|none
|upkeep
|turn|6
|l| PQPP214
|
|t:|1760789761
|move|p2a: Kyurem|Earth Power|p1a: Landorus
|-immune|p1a: Landorus
|move|p1a: Landorus|U-turn|p2a: Kyurem
|-damage|p2a: Kyurem|54/100
|c|☆superbigmariofan1|oh
|
|t:|1760789769
|switch|p1a: Gholdengo|Gholdengo|100/100|[from] U-turn
|
|upkeep
|turn|7
|c|☆superbigmariofan1|nice
|
|t:|1760789778
|switch|p2a: Kingambit|Kingambit, F|76/100
|-terastallize|p1a: Gholdengo|Fighting
|move|p1a: Gholdengo|Tera Blast|p2a: Kingambit|[anim] Tera Blast Fighting
|-supereffective|p2a: Kingambit
|-damage|p2a: Kingambit|0 fnt
|faint|p2a: Kingambit
|-end|p2a: Kingambit|fallenundefined|[silent]
|
|upkeep
|
|t:|1760789786
|switch|p2a: Slowking|Slowking-Galar, M, shiny|70/100
|turn|8
|
|t:|1760789796
|switch|p1a: Landorus|Landorus-Therian, M|100/100
|-ability|p1a: Landorus|Intimidate|boost
|-unboost|p2a: Slowking|atk|1
|move|p2a: Slowking|Psychic Noise|p1a: Landorus
|-damage|p1a: Landorus|68/100
|-start|p1a: Landorus|move: Heal Block
|
|upkeep
|turn|9
|
|t:|1760789806
|switch|p2a: Great Tusk|Great Tusk|100/100
|move|p1a: Landorus|Earthquake|p2a: Great Tusk
|-crit|p2a: Great Tusk
|-damage|p2a: Great Tusk|44/100
|
|-end|p1a: Landorus|move: Heal Block
|upkeep
|turn|10
|
|t:|1760789814
|switch|p1a: Gholdengo|Gholdengo, tera:Fighting|100/100
|move|p2a: Great Tusk|Headlong Rush|p1a: Gholdengo
|-damage|p1a: Gholdengo|24/100
|-unboost|p2a: Great Tusk|def|1
|-unboost|p2a: Great Tusk|spd|1
|
|upkeep
|turn|11
|
|t:|1760789833
|-end|p2a: Great Tusk|Protosynthesis|[silent]
|switch|p2a: Slowking|Slowking-Galar, M, shiny|100/100
|move|p1a: Gholdengo|Shadow Ball|p2a: Slowking
|-supereffective|p2a: Slowking
|-damage|p2a: Slowking|49/100
|
|upkeep
|turn|12
|
|t:|1760789839
|-terastallize|p2a: Slowking|Water
|move|p1a: Gholdengo|Shadow Ball|p2a: Slowking
|-damage|p2a: Slowking|25/100
|move|p2a: Slowking|Psychic Noise|p1a: Gholdengo
|-supereffective|p1a: Gholdengo
|-damage|p1a: Gholdengo|0 fnt
|faint|p1a: Gholdengo
|
|upkeep
|
|t:|1760789852
|switch|p1a: Cinderace|Cinderace, F|87/100
|turn|13
|
|t:|1760789868
|switch|p2a: Cinderace|Cinderace, F, shiny|66/100
|move|p1a: Cinderace|U-turn|p2a: Cinderace
|-start|p1a: Cinderace|typechange|Bug|[from] ability: Libero
|-resisted|p2a: Cinderace
|-damage|p2a: Cinderace|45/100
|
|t:|1760789877
|switch|p1a: Toxapex|Toxapex, F|100/100|[from] U-turn
|
|upkeep
|turn|14
|
|t:|1760789881
|switch|p2a: Slowking|Slowking-Galar, M, shiny, tera:Water|59/100
|move|p1a: Toxapex|Toxic|p2a: Slowking
|-status|p2a: Slowking|tox
|
|-damage|p2a: Slowking|53/100 tox|[from] psn
|upkeep
|turn|15
|
|t:|1760789887
|move|p1a: Toxapex|Baneful Bunker|p1a: Toxapex
|-singleturn|p1a: Toxapex|move: Protect
|move|p2a: Slowking|Psychic Noise|p1a: Toxapex
|-activate|p1a: Toxapex|move: Protect
|
|-damage|p2a: Slowking|40/100 tox|[from] psn
|upkeep
|turn|16
|
|t:|1760789895
|move|p1a: Toxapex|Surf|p2a: Slowking
|-resisted|p2a: Slowking
|-damage|p2a: Slowking|34/100 tox
|-prepare|p2a: Slowking|Chilly Reception|[premajor]
|move|p2a: Slowking|Chilly Reception|p2a: Slowking
|-weather|Snowscape
|
|t:|1760789899
|switch|p2a: Great Tusk|Great Tusk|44/100|[from] Chilly Reception
|
|-weather|Snowscape|[upkeep]
|upkeep
|turn|17
|
|t:|1760789906
|move|p1a: Toxapex|Baneful Bunker|p1a: Toxapex
|-singleturn|p1a: Toxapex|move: Protect
|move|p2a: Great Tusk|Stealth Rock|p1a: Toxapex
|-sidestart|p1: RocksDXebeccc|move: Stealth Rock
|
|-weather|Snowscape|[upkeep]
|upkeep
|turn|18
|
|t:|1760789913
|switch|p1a: Landorus|Landorus-Therian, M|68/100
|-damage|p1a: Landorus|55/100|[from] Stealth Rock
|-ability|p1a: Landorus|Intimidate|boost
|-unboost|p2a: Great Tusk|atk|1
|move|p2a: Great Tusk|Ice Spinner|p1a: Landorus
|-supereffective|p1a: Landorus
|-damage|p1a: Landorus|0 fnt
|faint|p1a: Landorus
|
|-weather|Snowscape|[upkeep]
|upkeep
|
|t:|1760789923
|switch|p1a: Mimikyu|Mimikyu, M|100/100
|-damage|p1a: Mimikyu|88/100|[from] Stealth Rock
|turn|19
|
|t:|1760789929
|-end|p2a: Great Tusk|Protosynthesis|[silent]
|switch|p2a: Cinderace|Cinderace, F, shiny|45/100
|move|p1a: Mimikyu|Swords Dance|p1a: Mimikyu
|-boost|p1a: Mimikyu|atk|2
|
|-weather|Snowscape|[upkeep]
|upkeep
|turn|20
|
|t:|1760789936
|move|p1a: Mimikyu|Shadow Sneak|p2a: Cinderace
|-damage|p2a: Cinderace|0 fnt
|faint|p2a: Cinderace
|-damage|p1a: Mimikyu|78/100|[from] item: Life Orb
|
|-weather|none
|upkeep
|j| Disscratch
|
|t:|1760789946
|switch|p2a: Kyurem|Kyurem, shiny|54/100
|-ability|p2a: Kyurem|Pressure
|turn|21
|
|t:|1760789950
|move|p1a: Mimikyu|Play Rough|p2a: Kyurem
|-supereffective|p2a: Kyurem
|-damage|p2a: Kyurem|0 fnt
|faint|p2a: Kyurem
|-damage|p1a: Mimikyu|68/100|[from] item: Life Orb
|
|upkeep
|-message|superbigmariofan1 forfeited.
|
|win|RocksDXebeccc
|raw|RocksDXebeccc's rating: 1703 &rarr; <strong>1723</strong><br />(+20 for winning)
|raw|superbigmariofan1's rating: 1708 &rarr; <strong>1688</strong><br />(-20 for losing)
|l|☆superbigmariofan1
|player|p2|
|l|☆RocksDXebeccc
|player|p1|
