|j|☆IceTemples
|j|☆thebacchusbraviary
|t:|1760820527
|gametype|singles
|player|p1|IceTemples|pokekid|1377
|player|p2|thebacchusbraviary|winona|1313
|gen|9
|tier|[Gen 9] OU
|rated|
|rule|HP Percentage Mod: HP is shown in percentages
|rule|Endless Battle Clause: Forcing endless battles is banned
|rule|Species Clause: Limit one of each Pokémon
|rule|OHKO Clause: OHKO moves are banned
|rule|Evasion Items Clause: Evasion items are banned
|rule|Evasion Moves Clause: Evasion moves are banned
|rule|Evasion Abilities Clause: Evasion abilities are banned
|rule|Sleep Moves Clause: Sleep-inducing moves are banned
|clearpoke
|poke|p1|Zapdos|
|poke|p1|Slowking-Galar, M|
|poke|p1|Jirachi|
|poke|p1|Landorus-Therian, M|
|poke|p1|Alomomola, M|
|poke|p1|Kingambit, F|
|poke|p2|Talonflame, M|
|poke|p2|Enamorus-Therian, F|
|poke|p2|Tyranitar, M|
|poke|p2|Keldeo-Resolute|
|poke|p2|Magnezone|
|poke|p2|Hydrapple, F|
|teampreview
|inactive|Battle timer is ON: inactive players will automatically lose when time's up. (requested by thebacchusbraviary)
|
|t:|1760820543
|teamsize|p1|6
|teamsize|p2|6
|start
|switch|p1a: Glormbus|Landorus-Therian, M|100/100
|switch|p2a: Keldeo|Keldeo-Resolute|100/100
|-ability|p1a: Glormbus|Intimidate|boost
|-unboost|p2a: Keldeo|atk|1
|turn|1
|
|t:|1760820550
|switch|p1a: The King|Slowking-Galar, M|100/100
|move|p2a: Keldeo|Hydro Pump|p1a: The King|[miss]
|-miss|p2a: Keldeo|p1a: The King
|
|upkeep
|turn|2
|
|t:|1760820553
|switch|p2a: Tyranitar|Tyranitar, M|100/100
|-weather|Sandstorm|[from] ability: Sand Stream|[of] p2a: Tyranitar
|move|p1a: The King|Thunder Wave|p2a: Tyranitar
|-status|p2a: Tyranitar|par
|
|-weather|Sandstorm|[upkeep]
|-damage|p1a: The King|94/100|[from] Sandstorm
|upkeep
|turn|3
|
|t:|1760820555
|switch|p1a: Freddy Fish|Alomomola, M|100/100
|move|p2a: Tyranitar|Knock Off|p1a: Freddy Fish
|-damage|p1a: Freddy Fish|72/100
|-enditem|p1a: Freddy Fish|Heavy-Duty Boots|[from] move: Knock Off|[of] p2a: Tyranitar
|
|-weather|Sandstorm|[upkeep]
|-damage|p1a: Freddy Fish|66/100|[from] Sandstorm
|upkeep
|turn|4
|
|t:|1760820561
|switch|p2a: Hydrapple|Hydrapple, F|100/100
|move|p1a: Freddy Fish|Flip Turn|p2a: Hydrapple
|-resisted|p2a: Hydrapple
|-damage|p2a: Hydrapple|98/100
|
|t:|1760820573
|switch|p1a: The King|Slowking-Galar, M|100/100|[from] Flip Turn
|
|-weather|Sandstorm|[upkeep]
|-damage|p2a: Hydrapple|92/100|[from] Sandstorm
|-damage|p1a: The King|94/100|[from] Sandstorm
|upkeep
|turn|5
|
|t:|1760820577
|switch|p2a: Tyranitar|Tyranitar, M|100/100 par
|move|p1a: The King|Thunder Wave|p2a: Tyranitar
|-fail|p2a: Tyranitar|par
|
|-weather|Sandstorm|[upkeep]
|-damage|p1a: The King|88/100|[from] Sandstorm
|upkeep
|turn|6
|
|t:|1760820579
|switch|p1a: Freddy Fish|Alomomola, M|99/100
|move|p2a: Tyranitar|Knock Off|p1a: Freddy Fish
|-damage|p1a: Freddy Fish|78/100
|
|-weather|none
|upkeep
|turn|7
|
|t:|1760820581
|switch|p2a: Hydrapple|Hydrapple, F|100/100
|move|p1a: Freddy Fish|Flip Turn|p2a: Hydrapple
|-resisted|p2a: Hydrapple
|-damage|p2a: Hydrapple|97/100
|
|t:|1760820585
|switch|p1a: Sanders|Zapdos|100/100|[from] Flip Turn
|
|upkeep
|turn|8
|
|t:|1760820588
|move|p1a: Sanders|Substitute|p1a: Sanders
|-start|p1a: Sanders|Substitute
|-damage|p1a: Sanders|76/100
|move|p2a: Hydrapple|Draco Meteor|p1a: Sanders
|-crit|p1a: Sanders
|-end|p1a: Sanders|Substitute
|-unboost|p2a: Hydrapple|spa|2
|
|upkeep
|turn|9
|
|t:|1760820590
|switch|p2a: Tyranitar|Tyranitar, M|100/100 par
|-weather|Sandstorm|[from] ability: Sand Stream|[of] p2a: Tyranitar
|move|p1a: Sanders|Substitute|p1a: Sanders
|-start|p1a: Sanders|Substitute
|-damage|p1a: Sanders|51/100
|
|-weather|Sandstorm|[upkeep]
|-damage|p1a: Sanders|45/100|[from] Sandstorm
|upkeep
|turn|10
|
|t:|1760820592
|move|p1a: Sanders|Roost|p1a: Sanders
|-heal|p1a: Sanders|95/100
|-singleturn|p1a: Sanders|move: Roost
|move|p2a: Tyranitar|Knock Off|p1a: Sanders
|-end|p1a: Sanders|Substitute
|
|-weather|Sandstorm|[upkeep]
|-damage|p1a: Sanders|89/100|[from] Sandstorm
|upkeep
|turn|11
|
|t:|1760820595
|switch|p1a: Freddy Fish|Alomomola, M|100/100
|move|p2a: Tyranitar|Knock Off|p1a: Freddy Fish
|-damage|p1a: Freddy Fish|80/100
|
|-weather|Sandstorm|[upkeep]
|-damage|p1a: Freddy Fish|73/100|[from] Sandstorm
|upkeep
|turn|12
|
|t:|1760820597
|switch|p2a: Hydrapple|Hydrapple, F|100/100
|move|p1a: Freddy Fish|Wish|p1a: Freddy Fish
|
|-weather|Sandstorm|[upkeep]
|-damage|p2a: Hydrapple|94/100|[from] Sandstorm
|-damage|p1a: Freddy Fish|67/100|[from] Sandstorm
|upkeep
|turn|13
|
|t:|1760820600
|switch|p1a: The King|Slowking-Galar, M|100/100
|move|p2a: Hydrapple|Leaf Storm|p1a: The King|[miss]
|-miss|p2a: Hydrapple|p1a: The King
|
|-weather|none
|upkeep
|turn|14
|
|t:|1760820604
|switch|p2a: Tyranitar|Tyranitar, M|100/100 par
|-weather|Sandstorm|[from] ability: Sand Stream|[of] p2a: Tyranitar
|-prepare|p1a: The King|Chilly Reception|[premajor]
|move|p1a: The King|Chilly Reception|p1a: The King
|-weather|Snowscape
|
|t:|1760820609
|switch|p1a: Glormbus|Landorus-Therian, M|100/100|[from] Chilly Reception
|-ability|p1a: Glormbus|Intimidate|boost
|-unboost|p2a: Tyranitar|atk|1
|
|-weather|Snowscape|[upkeep]
|upkeep
|turn|15
|
|t:|1760820611
|move|p1a: Glormbus|U-turn|p2a: Tyranitar
|-supereffective|p2a: Tyranitar
|-damage|p2a: Tyranitar|70/100 par
|
|t:|1760820613
|switch|p1a: Freddy Fish|Alomomola, M|100/100|[from] U-turn
|move|p2a: Tyranitar|Ice Beam|p1a: Freddy Fish
|-resisted|p1a: Freddy Fish
|-damage|p1a: Freddy Fish|89/100
|
|-weather|Snowscape|[upkeep]
|upkeep
|turn|16
|
|t:|1760820615
|switch|p2a: Hydrapple|Hydrapple, F|100/100
|move|p1a: Freddy Fish|Flip Turn|p2a: Hydrapple
|-resisted|p2a: Hydrapple
|-damage|p2a: Hydrapple|98/100
|
|t:|1760820620
|switch|p1a: Lebron|Jirachi|100/100|[from] Flip Turn
|
|-weather|Snowscape|[upkeep]
|upkeep
|turn|17
|
|t:|1760820623
|move|p1a: Lebron|Substitute|p1a: Lebron
|-start|p1a: Lebron|Substitute
|-damage|p1a: Lebron|75/100
|move|p2a: Hydrapple|Hydro Pump|p1a: Lebron
|-end|p1a: Lebron|Substitute
|
|-weather|Snowscape|[upkeep]
|-heal|p1a: Lebron|82/100|[from] item: Leftovers
|upkeep
|turn|18
|
|t:|1760820627
|switch|p1a: The King|Slowking-Galar, M|100/100
|move|p2a: Hydrapple|Hydro Pump|p1a: The King
|-damage|p1a: The King|77/100
|
|-weather|none
|upkeep
|turn|19
|
|t:|1760820630
|switch|p2a: Tyranitar|Tyranitar, M|70/100 par
|-weather|Sandstorm|[from] ability: Sand Stream|[of] p2a: Tyranitar
|-prepare|p1a: The King|Chilly Reception|[premajor]
|move|p1a: The King|Chilly Reception|p1a: The King
|-weather|Snowscape
|
|t:|1760820635
|switch|p1a: Glormbus|Landorus-Therian, M|100/100|[from] Chilly Reception
|-ability|p1a: Glormbus|Intimidate|boost
|-unboost|p2a: Tyranitar|atk|1
|
|-weather|Snowscape|[upkeep]
|upkeep
|turn|20
|
|t:|1760820638
|switch|p2a: Talonflame|Talonflame, M|100/100
|move|p1a: Glormbus|U-turn|p2a: Talonflame
|-resisted|p2a: Talonflame
|-damage|p2a: Talonflame|93/100
|
|t:|1760820646
|switch|p1a: The King|Slowking-Galar, M|100/100|[from] U-turn
|
|-weather|Snowscape|[upkeep]
|upkeep
|turn|21
|
|t:|1760820648
|move|p2a: Talonflame|U-turn|p1a: The King
|-damage|p1a: The King|83/100
|
|t:|1760820650
|switch|p2a: Tyranitar|Tyranitar, M|70/100 par|[from] U-turn
|-weather|Sandstorm|[from] ability: Sand Stream|[of] p2a: Tyranitar
|move|p1a: The King|Sludge Bomb|p2a: Tyranitar
|-resisted|p2a: Tyranitar
|-damage|p2a: Tyranitar|64/100 par
|
|-weather|Sandstorm|[upkeep]
|-damage|p1a: The King|77/100|[from] Sandstorm
|upkeep
|turn|22
|
|t:|1760820653
|switch|p1a: Freddy Fish|Alomomola, M|100/100
|move|p2a: Tyranitar|Knock Off|p1a: Freddy Fish
|-damage|p1a: Freddy Fish|80/100
|
|-weather|Sandstorm|[upkeep]
|-damage|p1a: Freddy Fish|74/100|[from] Sandstorm
|upkeep
|turn|23
|
|t:|1760820654
|switch|p2a: Hydrapple|Hydrapple, F|100/100
|move|p1a: Freddy Fish|Flip Turn|p2a: Hydrapple
|-resisted|p2a: Hydrapple
|-damage|p2a: Hydrapple|98/100
|
|t:|1760820660
|switch|p1a: Lebron|Jirachi|82/100|[from] Flip Turn
|
|-weather|Sandstorm|[upkeep]
|-damage|p2a: Hydrapple|92/100|[from] Sandstorm
|-heal|p1a: Lebron|88/100|[from] item: Leftovers
|upkeep
|turn|24
|
|t:|1760820661
|move|p1a: Lebron|Substitute|p1a: Lebron
|-start|p1a: Lebron|Substitute
|-damage|p1a: Lebron|63/100
|move|p2a: Hydrapple|Hydro Pump|p1a: Lebron|[miss]
|-miss|p2a: Hydrapple|p1a: Lebron
|
|-weather|Sandstorm|[upkeep]
|-damage|p2a: Hydrapple|86/100|[from] Sandstorm
|-heal|p1a: Lebron|69/100|[from] item: Leftovers
|upkeep
|turn|25
|
|t:|1760820664
|move|p1a: Lebron|Body Slam|p2a: Hydrapple
|-damage|p2a: Hydrapple|71/100
|move|p2a: Hydrapple|Hydro Pump|p1a: Lebron
|-end|p1a: Lebron|Substitute
|
|-weather|none
|-heal|p1a: Lebron|75/100|[from] item: Leftovers
|upkeep
|turn|26
|
|t:|1760820669
|move|p1a: Lebron|Substitute|p1a: Lebron
|-start|p1a: Lebron|Substitute
|-damage|p1a: Lebron|50/100
|move|p2a: Hydrapple|Hydro Pump|p1a: Lebron
|-end|p1a: Lebron|Substitute
|
|-heal|p1a: Lebron|56/100|[from] item: Leftovers
|upkeep
|turn|27
|
|t:|1760820671
|switch|p1a: The King|Slowking-Galar, M|100/100
|move|p2a: Hydrapple|Hydro Pump|p1a: The King
|-damage|p1a: The King|78/100
|
|upkeep
|turn|28
|
|t:|1760820674
|switch|p2a: Tyranitar|Tyranitar, M|64/100 par
|-weather|Sandstorm|[from] ability: Sand Stream|[of] p2a: Tyranitar
|switch|p1a: Freddy Fish|Alomomola, M|100/100
|
|-weather|Sandstorm|[upkeep]
|-damage|p1a: Freddy Fish|94/100|[from] Sandstorm
|upkeep
|turn|29
|
|t:|1760820677
|switch|p2a: Talonflame|Talonflame, M|93/100
|move|p1a: Freddy Fish|Wish|p1a: Freddy Fish
|
|-weather|Sandstorm|[upkeep]
|-damage|p2a: Talonflame|87/100|[from] Sandstorm
|-damage|p1a: Freddy Fish|88/100|[from] Sandstorm
|upkeep
|turn|30
|
|t:|1760820680
|move|p2a: Talonflame|U-turn|p1a: Freddy Fish
|-damage|p1a: Freddy Fish|78/100
|
|t:|1760820686
|switch|p2a: Magnezone|Magnezone|100/100|[from] U-turn
|move|p1a: Freddy Fish|Flip Turn|p2a: Magnezone
|-damage|p2a: Magnezone|83/100
|
|t:|1760820695
|switch|p1a: Glormbus|Landorus-Therian, M|100/100|[from] Flip Turn
|-ability|p1a: Glormbus|Intimidate|boost
|-unboost|p2a: Magnezone|atk|1
|
|-weather|Sandstorm|[upkeep]
|upkeep
|turn|31
|
|t:|1760820699
|-terastallize|p2a: Magnezone|Water
|move|p1a: Glormbus|Stealth Rock|p2a: Magnezone
|-sidestart|p2: thebacchusbraviary|move: Stealth Rock
|move|p2a: Magnezone|Tera Blast|p1a: Glormbus|[anim] Tera Blast Water
|-supereffective|p1a: Glormbus
|-damage|p1a: Glormbus|3/100
|
|-weather|Sandstorm|[upkeep]
|-damage|p2a: Magnezone|77/100|[from] Sandstorm
|upkeep
|turn|32
|
|t:|1760820705
|switch|p1a: The King|Slowking-Galar, M|100/100
|move|p2a: Magnezone|Thunderbolt|p1a: The King
|-damage|p1a: The King|72/100
|
|-weather|none
|upkeep
|turn|33
|
|t:|1760820714
|switch|p2a: Tyranitar|Tyranitar, M|64/100 par
|-damage|p2a: Tyranitar|52/100 par|[from] Stealth Rock
|-weather|Sandstorm|[from] ability: Sand Stream|[of] p2a: Tyranitar
|move|p1a: The King|Sludge Bomb|p2a: Tyranitar
|-resisted|p2a: Tyranitar
|-damage|p2a: Tyranitar|45/100 par
|
|-weather|Sandstorm|[upkeep]
|-damage|p1a: The King|66/100|[from] Sandstorm
|upkeep
|turn|34
|
|t:|1760820717
|switch|p1a: Freddy Fish|Alomomola, M|100/100
|move|p2a: Tyranitar|Knock Off|p1a: Freddy Fish
|-damage|p1a: Freddy Fish|82/100
|
|-weather|Sandstorm|[upkeep]
|-damage|p1a: Freddy Fish|76/100|[from] Sandstorm
|upkeep
|turn|35
|
|t:|1760820722
|switch|p2a: Talonflame|Talonflame, M|87/100
|move|p1a: Freddy Fish|Wish|p1a: Freddy Fish
|
|-weather|Sandstorm|[upkeep]
|-damage|p2a: Talonflame|81/100|[from] Sandstorm
|-damage|p1a: Freddy Fish|69/100|[from] Sandstorm
|upkeep
|turn|36
|
|t:|1760820727
|move|p2a: Talonflame|Defog|p1a: Freddy Fish
|-unboost|p1a: Freddy Fish|evasion|1
|-sideend|p2: thebacchusbraviary|Stealth Rock|[from] move: Defog|[of] p2a: Talonflame
|move|p1a: Freddy Fish|Flip Turn|p2a: Talonflame
|-supereffective|p2a: Talonflame
|-damage|p2a: Talonflame|34/100
|
|t:|1760820729
|switch|p1a: Glormbus|Landorus-Therian, M|3/100|[from] Flip Turn
|-ability|p1a: Glormbus|Intimidate|boost
|-unboost|p2a: Talonflame|atk|1
|
|-weather|Sandstorm|[upkeep]
|-damage|p2a: Talonflame|28/100|[from] Sandstorm
|-heal|p1a: Glormbus|73/100|[from] move: Wish|[wisher] Freddy Fish
|upkeep
|turn|37
|
|t:|1760820737
|switch|p2a: Keldeo|Keldeo-Resolute|100/100
|switch|p1a: Freddy Fish|Alomomola, M|100/100
|
|-weather|none
|upkeep
|turn|38
|
|t:|1760820741
|move|p2a: Keldeo|Secret Sword|p1a: Freddy Fish
|-crit|p1a: Freddy Fish
|-damage|p1a: Freddy Fish|56/100
|-damage|p2a: Keldeo|91/100|[from] item: Life Orb
|move|p1a: Freddy Fish|Flip Turn|p2a: Keldeo
|-resisted|p2a: Keldeo
|-damage|p2a: Keldeo|82/100
|
|t:|1760820745
|switch|p1a: The King|Slowking-Galar, M|99/100|[from] Flip Turn
|
|upkeep
|turn|39
|
|t:|1760820748
|move|p2a: Keldeo|Air Slash|p1a: The King
|-damage|p1a: The King|78/100
|-damage|p2a: Keldeo|72/100|[from] item: Life Orb
|cant|p1a: The King|flinch
|
|upkeep
|turn|40
|
|t:|1760820751
|move|p2a: Keldeo|Hydro Pump|p1a: The King
|-damage|p1a: The King|34/100
|-damage|p2a: Keldeo|62/100|[from] item: Life Orb
|move|p1a: The King|Psychic Noise|p2a: Keldeo
|-supereffective|p2a: Keldeo
|-damage|p2a: Keldeo|0 fnt
|faint|p2a: Keldeo
|
|upkeep
|
|t:|1760820754
|switch|p2a: Tyranitar|Tyranitar, M|45/100 par
|-weather|Sandstorm|[from] ability: Sand Stream|[of] p2a: Tyranitar
|turn|41
|
|t:|1760820756
|switch|p2a: Magnezone|Magnezone, tera:Water|77/100
|switch|p1a: Freddy Fish|Alomomola, M|89/100
|
|-weather|Sandstorm|[upkeep]
|-damage|p2a: Magnezone|71/100|[from] Sandstorm
|-damage|p1a: Freddy Fish|83/100|[from] Sandstorm
|upkeep
|turn|42
|
|t:|1760820760
|switch|p1a: The King|Slowking-Galar, M|67/100
|move|p2a: Magnezone|Flash Cannon|p1a: The King
|-damage|p1a: The King|40/100
|
|-weather|Sandstorm|[upkeep]
|-damage|p2a: Magnezone|65/100|[from] Sandstorm
|-damage|p1a: The King|33/100|[from] Sandstorm
|upkeep
|turn|43
|
|t:|1760820772
|switch|p1a: Glormbus|Landorus-Therian, M|73/100
|-ability|p1a: Glormbus|Intimidate|boost
|-unboost|p2a: Magnezone|atk|1
|move|p2a: Magnezone|Flash Cannon|p1a: Glormbus
|-damage|p1a: Glormbus|27/100
|
|-weather|Sandstorm|[upkeep]
|-damage|p2a: Magnezone|59/100|[from] Sandstorm
|upkeep
|turn|44
|
|t:|1760820781
|switch|p1a: The King|Slowking-Galar, M|67/100
|move|p2a: Magnezone|Flash Cannon|p1a: The King
|-damage|p1a: The King|42/100
|
|-weather|Sandstorm|[upkeep]
|-damage|p2a: Magnezone|53/100|[from] Sandstorm
|-damage|p1a: The King|36/100|[from] Sandstorm
|upkeep
|turn|45
|
|t:|1760820785
|move|p2a: Magnezone|Steel Beam|p1a: The King
|-damage|p1a: The King|0 fnt
|-damage|p2a: Magnezone|3/100|[from] steelbeam
|faint|p1a: The King
|
|-weather|none
|upkeep
|
|t:|1760820795
|switch|p1a: Glormbus|Landorus-Therian, M|27/100
|-ability|p1a: Glormbus|Intimidate|boost
|-unboost|p2a: Magnezone|atk|1
|turn|46
|
|t:|1760820799
|switch|p2a: Hydrapple|Hydrapple, F|100/100
|move|p1a: Glormbus|U-turn|p2a: Hydrapple
|-supereffective|p2a: Hydrapple
|-damage|p2a: Hydrapple|71/100
|
|t:|1760820803
|switch|p1a: Lebron|Jirachi|56/100|[from] U-turn
|
|-heal|p1a: Lebron|63/100|[from] item: Leftovers
|upkeep
|turn|47
|
|t:|1760820805
|move|p1a: Lebron|Substitute|p1a: Lebron
|-start|p1a: Lebron|Substitute
|-damage|p1a: Lebron|38/100
|move|p2a: Hydrapple|Hydro Pump|p1a: Lebron
|-end|p1a: Lebron|Substitute
|
|-heal|p1a: Lebron|44/100|[from] item: Leftovers
|upkeep
|turn|48
|
|t:|1760820811
|switch|p2a: Talonflame|Talonflame, M|28/100
|move|p1a: Lebron|Substitute|p1a: Lebron
|-start|p1a: Lebron|Substitute
|-damage|p1a: Lebron|19/100
|
|-heal|p1a: Lebron|25/100|[from] item: Leftovers
|upkeep
|turn|49
|
|t:|1760820813
|move|p2a: Talonflame|Flare Blitz|p1a: Lebron
|-supereffective|p1a: Lebron
|-end|p1a: Lebron|Substitute
|-damage|p2a: Talonflame|17/100|[from] Recoil|[of] p1a: Lebron
|move|p1a: Lebron|Psychic Noise|p2a: Talonflame
|-damage|p2a: Talonflame|0 fnt
|faint|p2a: Talonflame
|
|-heal|p1a: Lebron|31/100|[from] item: Leftovers
|upkeep
|
|t:|1760820816
|switch|p2a: Enamorus|Enamorus-Therian, F|100/100
|turn|50
|
|t:|1760820821
|move|p1a: Lebron|Substitute|p1a: Lebron
|-start|p1a: Lebron|Substitute
|-damage|p1a: Lebron|6/100
|move|p2a: Enamorus|Mystical Fire|p1a: Lebron
|-supereffective|p1a: Lebron
|-end|p1a: Lebron|Substitute
|
|-heal|p1a: Lebron|12/100|[from] item: Leftovers
|upkeep
|turn|51
|
|t:|1760820828
|move|p1a: Lebron|Iron Head|p2a: Enamorus
|-supereffective|p2a: Enamorus
|-damage|p2a: Enamorus|51/100
|cant|p2a: Enamorus|flinch
|
|-heal|p1a: Lebron|19/100|[from] item: Leftovers
|upkeep
|turn|52
|
|t:|1760820831
|move|p1a: Lebron|Iron Head|p2a: Enamorus
|-supereffective|p2a: Enamorus
|-damage|p2a: Enamorus|0 fnt
|faint|p2a: Enamorus
|
|-heal|p1a: Lebron|25/100|[from] item: Leftovers
|upkeep
|-message|thebacchusbraviary forfeited.
|
|win|IceTemples
|raw|IceTemples's rating: 1377 &rarr; <strong>1393</strong><br />(+16 for winning)
|raw|thebacchusbraviary's rating: 1313 &rarr; <strong>1297</strong><br />(-16 for losing)
|l|☆thebacchusbraviary
|player|p2|
