|j|☆SmallKuza1888
|j|☆yesterdaymister
|t:|1760820429
|gametype|singles
|player|p1|SmallKuza1888|cyclist-gen4|1667
|player|p2|yesterdaymister|striker|1735
|gen|9
|tier|[Gen 9] OU
|rated|
|rule|HP Percentage Mod: HP is shown in percentages
|rule|Endless Battle Clause: Forcing endless battles is banned
|rule|Species Clause: Limit one of each Pokémon
|rule|OHKO Clause: OHKO moves are banned
|rule|Evasion Items Clause: Evasion items are banned
|rule|Evasion Moves Clause: Evasion moves are banned
|rule|Evasion Abilities Clause: Evasion abilities are banned
|rule|Sleep Moves Clause: Sleep-inducing moves are banned
|clearpoke
|poke|p1|Tyranitar, M|
|poke|p1|Excadrill, F|
|poke|p1|Sinistcha|
|poke|p1|Tinkaton, F|
|poke|p1|Toxapex, F|
|poke|p1|Tornadus-Therian, M|
|poke|p2|Ninetales, F|
|poke|p2|Ceruledge, M|
|poke|p2|Venusaur, M|
|poke|p2|Hatterene, F|
|poke|p2|Great Tusk|
|poke|p2|Walking Wake|
|teampreview
|inactive|Battle timer is ON: inactive players will automatically lose when time's up. (requested by yesterdaymister)
|
|t:|1760820446
|teamsize|p1|6
|teamsize|p2|6
|start
|switch|p1a: Tinkaton|Tinkaton, F|100/100
|switch|p2a: chama|Walking Wake|100/100
|-ability|p1a: Tinkaton|Mold Breaker
|-item|p1a: Tinkaton|Air Balloon
|turn|1
|
|t:|1760820457
|-end|p2a: chama|Protosynthesis|[silent]
|switch|p2a: maccabi|Hatterene, F|100/100
|move|p1a: Tinkaton|Stealth Rock|p2a: maccabi
|-sidestart|p2: yesterdaymister|move: Stealth Rock
|
|upkeep
|turn|2
|
|t:|1760820468
|switch|p2a: mignolet|Great Tusk|100/100
|-damage|p2a: mignolet|98/100|[from] Stealth Rock
|move|p1a: Tinkaton|Gigaton Hammer|p2a: mignolet
|-damage|p2a: mignolet|71/100
|
|upkeep
|turn|3
|
|t:|1760820472
|switch|p1a: Sinistcha|Sinistcha|100/100
|move|p2a: mignolet|Stealth Rock|p1a: Sinistcha
|-sidestart|p1: SmallKuza1888|move: Stealth Rock
|
|upkeep
|turn|4
|
|t:|1760820482
|-end|p2a: mignolet|Protosynthesis|[silent]
|switch|p2a: maccabi|Hatterene, F|100/100
|-damage|p2a: maccabi|88/100|[from] Stealth Rock
|move|p1a: Sinistcha|Shadow Ball|p2a: maccabi
|-supereffective|p2a: maccabi
|-damage|p2a: maccabi|25/100
|-enditem|p2a: maccabi|Eject Button
|
|t:|1760820494
|switch|p2a: arda guler|Ninetales, F|100/100
|-damage|p2a: arda guler|76/100|[from] Stealth Rock
|-weather|SunnyDay|[from] ability: Drought|[of] p2a: arda guler
|
|-weather|SunnyDay|[upkeep]
|upkeep
|turn|5
|
|t:|1760820497
|switch|p2a: maccabi|Hatterene, F|25/100
|-damage|p2a: maccabi|13/100|[from] Stealth Rock
|switch|p1a: Tyranitar|Tyranitar, M|100/100
|-damage|p1a: Tyranitar|88/100|[from] Stealth Rock
|-weather|Sandstorm|[from] ability: Sand Stream|[of] p1a: Tyranitar
|
|-weather|Sandstorm|[upkeep]
|-damage|p2a: maccabi|7/100|[from] Sandstorm
|upkeep
|turn|6
|
|t:|1760820503
|move|p1a: Tyranitar|Knock Off|p2a: maccabi
|-crit|p2a: maccabi
|-damage|p2a: maccabi|0 fnt
|faint|p2a: maccabi
|
|-weather|Sandstorm|[upkeep]
|upkeep
|
|t:|1760820514
|switch|p2a: lebron|Ceruledge, M|100/100
|-damage|p2a: lebron|76/100|[from] Stealth Rock
|turn|7
|
|t:|1760820519
|switch|p1a: Toxapex|Toxapex, F|100/100
|-damage|p1a: Toxapex|88/100|[from] Stealth Rock
|-terastallize|p2a: lebron|Fairy
|move|p2a: lebron|Swords Dance|p2a: lebron
|-boost|p2a: lebron|atk|2
|
|-weather|Sandstorm|[upkeep]
|-damage|p2a: lebron|70/100|[from] Sandstorm
|-damage|p1a: Toxapex|82/100|[from] Sandstorm
|upkeep
|turn|8
|
|t:|1760820541
|move|p2a: lebron|Poltergeist|p1a: Toxapex
|-activate|p1a: Toxapex|move: Poltergeist|Eject Button
|-damage|p1a: Toxapex|0 fnt
|faint|p1a: Toxapex
|
|-weather|Sandstorm|[upkeep]
|-damage|p2a: lebron|63/100|[from] Sandstorm
|upkeep
|
|t:|1760820546
|switch|p1a: Excadrill|Excadrill, F|100/100
|-damage|p1a: Excadrill|97/100|[from] Stealth Rock
|turn|9
|
|t:|1760820558
|switch|p2a: mignolet|Great Tusk|71/100
|-damage|p2a: mignolet|68/100|[from] Stealth Rock
|move|p1a: Excadrill|Earthquake|p2a: mignolet
|-damage|p2a: mignolet|30/100
|
|-weather|none
|upkeep
|turn|10
|
|t:|1760820564
|switch|p1a: Sinistcha|Sinistcha|100/100
|-damage|p1a: Sinistcha|88/100|[from] Stealth Rock
|move|p2a: mignolet|Ice Spinner|p1a: Sinistcha
|-supereffective|p1a: Sinistcha
|-damage|p1a: Sinistcha|56/100
|
|-heal|p1a: Sinistcha|62/100|[from] item: Leftovers
|upkeep
|turn|11
|
|t:|1760820595
|-end|p2a: mignolet|Protosynthesis|[silent]
|switch|p2a: hans vanaken|Venusaur, M|100/100
|-damage|p2a: hans vanaken|88/100|[from] Stealth Rock
|move|p1a: Sinistcha|Matcha Gotcha|p2a: hans vanaken
|-resisted|p2a: hans vanaken
|-damage|p2a: hans vanaken|79/100
|-heal|p1a: Sinistcha|66/100|[from] drain|[of] p2a: hans vanaken
|-status|p2a: hans vanaken|brn
|
|-heal|p1a: Sinistcha|72/100|[from] item: Leftovers
|-damage|p2a: hans vanaken|73/100 brn|[from] brn
|upkeep
|turn|12
|
|t:|1760820607
|switch|p1a: Tinkaton|Tinkaton, F|100/100
|-damage|p1a: Tinkaton|94/100|[from] Stealth Rock
|-ability|p1a: Tinkaton|Mold Breaker
|-item|p1a: Tinkaton|Air Balloon
|move|p2a: hans vanaken|Sludge Bomb|p1a: Tinkaton
|-immune|p1a: Tinkaton
|
|-damage|p2a: hans vanaken|67/100 brn|[from] brn
|upkeep
|turn|13
|
|t:|1760820617
|switch|p2a: arda guler|Ninetales, F|76/100
|-damage|p2a: arda guler|51/100|[from] Stealth Rock
|-weather|SunnyDay|[from] ability: Drought|[of] p2a: arda guler
|move|p1a: Tinkaton|Knock Off|p2a: arda guler
|-damage|p2a: arda guler|29/100
|-enditem|p2a: arda guler|Heat Rock|[from] move: Knock Off|[of] p1a: Tinkaton
|
|-weather|SunnyDay|[upkeep]
|upkeep
|turn|14
|
|t:|1760820623
|switch|p2a: mignolet|Great Tusk|30/100
|-damage|p2a: mignolet|27/100|[from] Stealth Rock
|-activate|p2a: mignolet|ability: Protosynthesis
|-start|p2a: mignolet|protosynthesisspe
|switch|p1a: Tyranitar|Tyranitar, M|88/100
|-damage|p1a: Tyranitar|76/100|[from] Stealth Rock
|-weather|Sandstorm|[from] ability: Sand Stream|[of] p1a: Tyranitar
|-end|p2a: mignolet|Protosynthesis
|
|-weather|Sandstorm|[upkeep]
|upkeep
|turn|15
|
|t:|1760820628
|switch|p1a: Sinistcha|Sinistcha|72/100
|-damage|p1a: Sinistcha|60/100|[from] Stealth Rock
|move|p2a: mignolet|Ice Spinner|p1a: Sinistcha
|-supereffective|p1a: Sinistcha
|-damage|p1a: Sinistcha|29/100
|
|-weather|Sandstorm|[upkeep]
|-damage|p1a: Sinistcha|22/100|[from] Sandstorm
|-heal|p1a: Sinistcha|29/100|[from] item: Leftovers
|upkeep
|turn|16
|
|t:|1760820638
|move|p2a: mignolet|Ice Spinner|p1a: Sinistcha
|-supereffective|p1a: Sinistcha
|-damage|p1a: Sinistcha|0 fnt
|faint|p1a: Sinistcha
|
|-weather|Sandstorm|[upkeep]
|upkeep
|
|t:|1760820640
|switch|p1a: Excadrill|Excadrill, F|97/100
|-damage|p1a: Excadrill|94/100|[from] Stealth Rock
|turn|17
|
|t:|1760820645
|-end|p2a: mignolet|Protosynthesis|[silent]
|switch|p2a: arda guler|Ninetales, F|29/100
|-damage|p2a: arda guler|5/100|[from] Stealth Rock
|-weather|SunnyDay|[from] ability: Drought|[of] p2a: arda guler
|move|p1a: Excadrill|Earthquake|p2a: arda guler
|-supereffective|p2a: arda guler
|-damage|p2a: arda guler|0 fnt
|faint|p2a: arda guler
|
|-weather|SunnyDay|[upkeep]
|upkeep
|
|t:|1760820659
|switch|p2a: lebron|Ceruledge, M, tera:Fairy|63/100
|-damage|p2a: lebron|51/100|[from] Stealth Rock
|turn|18
|
|t:|1760820665
|switch|p1a: Tyranitar|Tyranitar, M|76/100
|-damage|p1a: Tyranitar|64/100|[from] Stealth Rock
|-weather|Sandstorm|[from] ability: Sand Stream|[of] p1a: Tyranitar
|move|p2a: lebron|Bitter Blade|p1a: Tyranitar
|-resisted|p1a: Tyranitar
|-damage|p1a: Tyranitar|42/100
|-heal|p2a: lebron|64/100|[from] drain|[of] p1a: Tyranitar
|
|-weather|Sandstorm|[upkeep]
|-damage|p2a: lebron|58/100|[from] Sandstorm
|upkeep
|turn|19
|
|t:|1760820669
|move|p2a: lebron|Tera Blast|p1a: Tyranitar|[anim] Tera Blast Fairy
|-supereffective|p1a: Tyranitar
|-damage|p1a: Tyranitar|0 fnt
|faint|p1a: Tyranitar
|
|-weather|Sandstorm|[upkeep]
|-damage|p2a: lebron|52/100|[from] Sandstorm
|upkeep
|
|t:|1760820672
|switch|p1a: Excadrill|Excadrill, F|94/100
|-damage|p1a: Excadrill|91/100|[from] Stealth Rock
|turn|20
|
|t:|1760820679
|move|p1a: Excadrill|Earthquake|p2a: lebron
|-damage|p2a: lebron|0 fnt
|faint|p2a: lebron
|
|-weather|Sandstorm|[upkeep]
|upkeep
|
|t:|1760820700
|switch|p2a: chama|Walking Wake|100/100
|-damage|p2a: chama|88/100|[from] Stealth Rock
|turn|21
|
|t:|1760820709
|move|p1a: Excadrill|Earthquake|p2a: chama
|-damage|p2a: chama|19/100
|move|p2a: chama|Flamethrower|p1a: Excadrill
|-supereffective|p1a: Excadrill
|-damage|p1a: Excadrill|0 fnt
|faint|p1a: Excadrill
|
|-weather|Sandstorm|[upkeep]
|-damage|p2a: chama|13/100|[from] Sandstorm
|upkeep
|inactive|SmallKuza1888 has 120 seconds left.
|
|t:|1760820747
|switch|p1a: Tinkaton|Tinkaton, F|94/100
|-damage|p1a: Tinkaton|88/100|[from] Stealth Rock
|-ability|p1a: Tinkaton|Mold Breaker
|-item|p1a: Tinkaton|Air Balloon
|turn|22
|inactive|SmallKuza1888 has 120 seconds left.
|
|t:|1760820758
|-terastallize|p1a: Tinkaton|Water
|move|p2a: chama|Flamethrower|p1a: Tinkaton
|-resisted|p1a: Tinkaton
|-damage|p1a: Tinkaton|66/100
|-enditem|p1a: Tinkaton|Air Balloon
|move|p1a: Tinkaton|Knock Off|p2a: chama
|-damage|p2a: chama|0 fnt
|-enditem|p2a: chama|Choice Specs|[from] move: Knock Off|[of] p1a: Tinkaton
|faint|p2a: chama
|-end|p2a: chama|Protosynthesis|[silent]
|
|-weather|none
|upkeep
|
|t:|1760820774
|switch|p2a: mignolet|Great Tusk|27/100
|-damage|p2a: mignolet|24/100|[from] Stealth Rock
|turn|23
|
|t:|1760820779
|move|p1a: Tinkaton|Gigaton Hammer|p2a: mignolet
|-damage|p2a: mignolet|0 fnt
|faint|p2a: mignolet
|-end|p2a: mignolet|Protosynthesis|[silent]
|
|upkeep
|
|t:|1760820782
|switch|p2a: hans vanaken|Venusaur, M|67/100 brn
|-damage|p2a: hans vanaken|54/100 brn|[from] Stealth Rock
|turn|24
|
|t:|1760820790
|move|p1a: Tinkaton|Knock Off|p2a: hans vanaken
|-damage|p2a: hans vanaken|31/100 brn
|-enditem|p2a: hans vanaken|Life Orb|[from] move: Knock Off|[of] p1a: Tinkaton
|move|p2a: hans vanaken|Sludge Bomb|p1a: Tinkaton
|-damage|p1a: Tinkaton|27/100
|-status|p1a: Tinkaton|psn
|
|-damage|p1a: Tinkaton|15/100 psn|[from] psn
|-damage|p2a: hans vanaken|25/100 brn|[from] brn
|upkeep
|turn|25
|
|t:|1760820800
|move|p1a: Tinkaton|Gigaton Hammer|p2a: hans vanaken
|-damage|p2a: hans vanaken|0 fnt
|faint|p2a: hans vanaken
|
|win|SmallKuza1888
|raw|SmallKuza1888's rating: 1657 &rarr; <strong>1681</strong><br />(+24 for winning)
|raw|yesterdaymister's rating: 1735 &rarr; <strong>1711</strong><br />(-24 for losing)
|l|☆yesterdaymister
|player|p2|
