|j|☆how play pkm
|j|☆deepfriedmagikarp
|t:|1760772127
|gametype|singles
|player|p1|how play pkm|#bltxiipangoros|1636
|player|p2|deepfriedmagikarp|pokemonranger-gen4|1711
|gen|9
|tier|[Gen 9] OU
|rated|
|rule|HP Percentage Mod: HP is shown in percentages
|rule|Endless Battle Clause: Forcing endless battles is banned
|rule|Species Clause: Limit one of each Pokémon
|rule|OHKO Clause: OHKO moves are banned
|rule|Evasion Items Clause: Evasion items are banned
|rule|Evasion Moves Clause: Evasion moves are banned
|rule|Evasion Abilities Clause: Evasion abilities are banned
|rule|Sleep Moves Clause: Sleep-inducing moves are banned
|clearpoke
|poke|p1|Ceruledge, M|
|poke|p1|Comfey, M|
|poke|p1|Mew|
|poke|p1|Glimmora, F|
|poke|p1|Dragonite, M|
|poke|p1|Iron Valiant|
|poke|p2|Ogerpon-Wellspring, F|
|poke|p2|Kingambit, F|
|poke|p2|Landorus-Therian, M|
|poke|p2|Glimmora, F|
|poke|p2|Dragapult, F|
|poke|p2|Iron Valiant|
|teampreview
|inactive|Battle timer is ON: inactive players will automatically lose when time's up. (requested by deepfriedmagikarp)
|inactive|how play pkm also wants the timer to be on.
|
|t:|1760772143
|teamsize|p1|6
|teamsize|p2|6
|start
|switch|p1a: Mew|Mew|100/100
|switch|p2a: Ogerpon|Ogerpon-Wellspring, F|100/100
|turn|1
|
|t:|1760772147
|move|p2a: Ogerpon|Taunt|p1a: Mew
|-start|p1a: Mew|move: Taunt
|cant|p1a: Mew|move: Taunt|Will-O-Wisp
|
|upkeep
|turn|2
|
|t:|1760772150
|switch|p1a: Glimmora|Glimmora, F|100/100
|move|p2a: Ogerpon|Ivy Cudgel|p1a: Glimmora|[anim] Ivy Cudgel Water
|-supereffective|p1a: Glimmora
|-damage|p1a: Glimmora|0 fnt
|-activate|p1a: Glimmora|ability: Toxic Debris
|-sidestart|p2: deepfriedmagikarp|move: Toxic Spikes
|faint|p1a: Glimmora
|
|upkeep
|
|t:|1760772154
|switch|p1a: Dragonite|Dragonite, M|100/100
|turn|3
|
|t:|1760772156
|move|p2a: Ogerpon|Taunt|p1a: Dragonite
|-start|p1a: Dragonite|move: Taunt
|cant|p1a: Dragonite|move: Taunt|Dragon Dance
|
|upkeep
|turn|4
|
|t:|1760772160
|switch|p2a: Glimmora|Glimmora, F|100/100
|-sideend|p2: deepfriedmagikarp|move: Toxic Spikes|[of] p2a: Glimmora
|switch|p1a: Iron Valiant|Iron Valiant|100/100
|-enditem|p1a: Iron Valiant|Booster Energy
|-activate|p1a: Iron Valiant|ability: Quark Drive|[fromitem]
|-start|p1a: Iron Valiant|quarkdrivespe
|
|upkeep
|turn|5
|
|t:|1760772171
|move|p1a: Iron Valiant|Swords Dance|p1a: Iron Valiant
|-boost|p1a: Iron Valiant|atk|2
|move|p2a: Glimmora|Mortal Spin|p1a: Iron Valiant
|-supereffective|p1a: Iron Valiant
|-damage|p1a: Iron Valiant|85/100
|-status|p1a: Iron Valiant|psn
|
|-damage|p1a: Iron Valiant|73/100 psn|[from] psn
|upkeep
|turn|6
|
|t:|1760772174
|move|p1a: Iron Valiant|Close Combat|p2a: Glimmora
|-damage|p2a: Glimmora|0 fnt
|-unboost|p1a: Iron Valiant|def|1
|-unboost|p1a: Iron Valiant|spd|1
|-activate|p2a: Glimmora|ability: Toxic Debris
|-sidestart|p1: how play pkm|move: Toxic Spikes
|faint|p2a: Glimmora
|
|-damage|p1a: Iron Valiant|60/100 psn|[from] psn
|upkeep
|
|t:|1760772179
|switch|p2a: Landorus|Landorus-Therian, M|100/100
|-ability|p2a: Landorus|Intimidate|boost
|-unboost|p1a: Iron Valiant|atk|1
|turn|7
|
|t:|1760772182
|move|p1a: Iron Valiant|Spirit Break|p2a: Landorus
|-damage|p2a: Landorus|43/100
|-unboost|p2a: Landorus|spa|1
|-damage|p1a: Iron Valiant|44/100 psn|[from] item: Rocky Helmet|[of] p2a: Landorus
|move|p2a: Landorus|Earthquake|p1a: Iron Valiant
|-damage|p1a: Iron Valiant|0 fnt
|faint|p1a: Iron Valiant
|-end|p1a: Iron Valiant|Quark Drive|[silent]
|
|upkeep
|
|t:|1760772192
|switch|p1a: Comfey|Comfey, M|100/100
|-status|p1a: Comfey|psn
|turn|8
|
|t:|1760772200
|move|p2a: Landorus|Earthquake|p1a: Comfey
|-crit|p1a: Comfey
|-damage|p1a: Comfey|19/100 psn
|move|p1a: Comfey|Calm Mind|p1a: Comfey
|-boost|p1a: Comfey|spa|1
|-boost|p1a: Comfey|spd|1
|
|-damage|p1a: Comfey|6/100 psn|[from] psn
|upkeep
|turn|9
|
|t:|1760772211
|move|p1a: Comfey|Draining Kiss|p2a: Landorus
|-damage|p2a: Landorus|11/100
|-heal|p1a: Comfey|36/100 psn|[from] drain|[of] p2a: Landorus
|-damage|p1a: Comfey|19/100 psn|[from] item: Rocky Helmet|[of] p2a: Landorus
|move|p2a: Landorus|Earthquake|p1a: Comfey
|-crit|p1a: Comfey
|-damage|p1a: Comfey|0 fnt
|faint|p1a: Comfey
|
|upkeep
|
|t:|1760772216
|switch|p1a: Mew|Mew|100/100
|-status|p1a: Mew|psn
|turn|10
|
|t:|1760772219
|move|p1a: Mew|Will-O-Wisp|p2a: Landorus
|-status|p2a: Landorus|brn
|move|p2a: Landorus|U-turn|p1a: Mew
|-supereffective|p1a: Mew
|-damage|p1a: Mew|81/100 psn
|
|t:|1760772226
|switch|p2a: Ogerpon|Ogerpon-Wellspring, F|100/100|[from] U-turn
|
|-damage|p1a: Mew|69/100 psn|[from] psn
|upkeep
|turn|11
|
|t:|1760772228
|move|p2a: Ogerpon|Taunt|p1a: Mew
|-start|p1a: Mew|move: Taunt
|move|p1a: Mew|U-turn|p2a: Ogerpon
|-supereffective|p2a: Ogerpon
|-damage|p2a: Ogerpon|57/100
|
|t:|1760772230
|switch|p1a: Dragonite|Dragonite, M|100/100|[from] U-turn
|
|upkeep
|turn|12
|
|t:|1760772233
|move|p2a: Ogerpon|Taunt|p1a: Dragonite
|-start|p1a: Dragonite|move: Taunt
|move|p1a: Dragonite|Stone Edge|p2a: Ogerpon|[miss]
|-miss|p1a: Dragonite|p2a: Ogerpon
|
|upkeep
|turn|13
|
|t:|1760772236
|move|p2a: Ogerpon|Play Rough|p1a: Dragonite
|-supereffective|p1a: Dragonite
|-damage|p1a: Dragonite|61/100
|move|p1a: Dragonite|Stone Edge|p2a: Ogerpon|[miss]
|-miss|p1a: Dragonite|p2a: Ogerpon
|
|upkeep
|turn|14
|
|t:|1760772241
|move|p2a: Ogerpon|Play Rough|p1a: Dragonite
|-supereffective|p1a: Dragonite
|-damage|p1a: Dragonite|0 fnt
|faint|p1a: Dragonite
|
|upkeep
|
|t:|1760772244
|switch|p1a: Mew|Mew|69/100 psn
|turn|15
|
|t:|1760772246
|move|p2a: Ogerpon|Taunt|p1a: Mew
|-start|p1a: Mew|move: Taunt
|move|p1a: Mew|U-turn|p2a: Ogerpon
|-supereffective|p2a: Ogerpon
|-damage|p2a: Ogerpon|18/100
|
|t:|1760772248
|switch|p1a: Ceruledge|Ceruledge, M|100/100|[from] U-turn
|-status|p1a: Ceruledge|psn
|
|-damage|p1a: Ceruledge|88/100 psn|[from] psn
|upkeep
|turn|16
|
|t:|1760772250
|move|p1a: Ceruledge|Shadow Sneak|p2a: Ogerpon
|-damage|p2a: Ogerpon|0 fnt
|faint|p2a: Ogerpon
|-damage|p1a: Ceruledge|78/100 psn|[from] item: Life Orb
|
|-damage|p1a: Ceruledge|66/100 psn|[from] psn
|upkeep
|
|t:|1760772257
|switch|p2a: Dragapult|Dragapult, F|100/100
|turn|17
|
|t:|1760772259
|switch|p1a: Mew|Mew|69/100 psn
|move|p2a: Dragapult|Shadow Ball|p1a: Mew
|-supereffective|p1a: Mew
|-damage|p1a: Mew|0 fnt
|faint|p1a: Mew
|
|upkeep
|
|t:|1760772261
|switch|p1a: Ceruledge|Ceruledge, M|66/100 psn
|turn|18
|
|t:|1760772262
|move|p1a: Ceruledge|Shadow Sneak|p2a: Dragapult
|-supereffective|p2a: Dragapult
|-damage|p2a: Dragapult|24/100
|-damage|p1a: Ceruledge|56/100 psn|[from] item: Life Orb
|move|p2a: Dragapult|Shadow Ball|p1a: Ceruledge
|-supereffective|p1a: Ceruledge
|-damage|p1a: Ceruledge|0 fnt
|faint|p1a: Ceruledge
|
|win|deepfriedmagikarp
|raw|how play pkm's rating: 1636 &rarr; <strong>1620</strong><br />(-16 for losing)
|raw|deepfriedmagikarp's rating: 1711 &rarr; <strong>1727</strong><br />(+16 for winning)
|l|☆how play pkm
|player|p1|
|l|☆deepfriedmagikarp
|player|p2|
