|j|☆LegitimatePotato
|j|☆kebab.ixx
|t:|1760719188
|gametype|singles
|player|p1|LegitimatePotato|ltsurge|1530
|player|p2|kebab.ixx|1|1585
|gen|9
|tier|[Gen 9] OU
|rated|
|rule|HP Percentage Mod: HP is shown in percentages
|rule|Endless Battle Clause: Forcing endless battles is banned
|rule|Species Clause: Limit one of each Pokémon
|rule|OHKO Clause: OHKO moves are banned
|rule|Evasion Items Clause: Evasion items are banned
|rule|Evasion Moves Clause: Evasion moves are banned
|rule|Evasion Abilities Clause: Evasion abilities are banned
|rule|Sleep Moves Clause: Sleep-inducing moves are banned
|clearpoke
|poke|p1|Landorus-Therian, M|
|poke|p1|Samurott-Hisui, M|
|poke|p1|Pecharunt|
|poke|p1|Scizor, M|
|poke|p1|Latios, M|
|poke|p1|Zamazenta-*|
|poke|p2|Kleavor, M|
|poke|p2|Iron Crown|
|poke|p2|Cinderace, F|
|poke|p2|Pecharunt|
|poke|p2|Dragonite, F|
|poke|p2|Garchomp, F|
|teampreview
|
|t:|1760719195
|teamsize|p1|6
|teamsize|p2|6
|start
|switch|p1a: Landorus|Landorus-Therian, M|100/100
|switch|p2a: Kleavor|Kleavor, M|100/100
|-ability|p1a: Landorus|Intimidate|boost
|-unboost|p2a: Kleavor|atk|1
|turn|1
|
|t:|1760719198
|move|p1a: Landorus|Stealth Rock|p2a: Kleavor
|-sidestart|p2: kebab.ixx|move: Stealth Rock
|move|p2a: Kleavor|Stone Axe|p1a: Landorus
|-damage|p1a: Landorus|63/100
|-damage|p2a: Kleavor|84/100|[from] item: Rocky Helmet|[of] p1a: Landorus
|-sidestart|p1: LegitimatePotato|move: Stealth Rock
|
|upkeep
|turn|2
|
|t:|1760719212
|move|p1a: Landorus|Earthquake|p2a: Kleavor
|-damage|p2a: Kleavor|20/100
|move|p2a: Kleavor|Stone Axe|p1a: Landorus
|-damage|p1a: Landorus|28/100
|-damage|p2a: Kleavor|3/100|[from] item: Rocky Helmet|[of] p1a: Landorus
|
|upkeep
|turn|3
|
|t:|1760719222
|move|p1a: Landorus|U-turn|p2a: Kleavor
|-damage|p2a: Kleavor|0 fnt
|faint|p2a: Kleavor
|
|t:|1760719240
|switch|p1a: Samurott|Samurott-Hisui, M|100/100|[from] U-turn
|-damage|p1a: Samurott|88/100|[from] Stealth Rock
|
|upkeep
|
|t:|1760719253
|switch|p2a: Iron Crown|Iron Crown|100/100
|-damage|p2a: Iron Crown|94/100|[from] Stealth Rock
|turn|4
|
|t:|1760719265
|move|p2a: Iron Crown|Focus Blast|p1a: Samurott
|-supereffective|p1a: Samurott
|-crit|p1a: Samurott
|-damage|p1a: Samurott|0 fnt
|faint|p1a: Samurott
|
|upkeep
|
|t:|1760719272
|switch|p1a: Landorus|Landorus-Therian, M|28/100
|-damage|p1a: Landorus|16/100|[from] Stealth Rock
|-ability|p1a: Landorus|Intimidate|boost
|-unboost|p2a: Iron Crown|atk|1
|turn|5
|
|t:|1760719275
|move|p2a: Iron Crown|Focus Blast|p1a: Landorus
|-resisted|p1a: Landorus
|-damage|p1a: Landorus|0 fnt
|faint|p1a: Landorus
|
|upkeep
|
|t:|1760719285
|switch|p1a: Latios|Latios, M|100/100
|-damage|p1a: Latios|88/100|[from] Stealth Rock
|turn|6
|
|t:|1760719293
|-end|p2a: Iron Crown|Quark Drive|[silent]
|switch|p2a: Cinderace|Cinderace, F|100/100
|move|p1a: Latios|Calm Mind|p1a: Latios
|-boost|p1a: Latios|spa|1
|-boost|p1a: Latios|spd|1
|
|upkeep
|turn|7
|
|t:|1760719317
|move|p2a: Cinderace|Gunk Shot|p1a: Latios|[miss]
|-miss|p2a: Cinderace|p1a: Latios
|move|p1a: Latios|Draco Meteor|p2a: Cinderace
|-damage|p2a: Cinderace|0 fnt
|-unboost|p1a: Latios|spa|2
|faint|p2a: Cinderace
|
|upkeep
|
|t:|1760719327
|switch|p2a: Dragonite|Dragonite, F|100/100
|turn|8
|
|t:|1760719331
|switch|p1a: Zamazenta|Zamazenta|100/100
|-damage|p1a: Zamazenta|94/100|[from] Stealth Rock
|-ability|p1a: Zamazenta|Dauntless Shield|boost
|-boost|p1a: Zamazenta|def|1
|move|p2a: Dragonite|Dragon Dance|p2a: Dragonite
|-boost|p2a: Dragonite|atk|1
|-boost|p2a: Dragonite|spe|1
|
|-heal|p1a: Zamazenta|100/100|[from] item: Leftovers
|upkeep
|turn|9
|
|t:|1760719339
|switch|p2a: Pecharunt|Pecharunt|100/100
|-damage|p2a: Pecharunt|88/100|[from] Stealth Rock
|-item|p2a: Pecharunt|Air Balloon
|move|p1a: Zamazenta|Iron Defense|p1a: Zamazenta
|-boost|p1a: Zamazenta|def|2
|
|upkeep
|turn|10
|
|t:|1760719343
|switch|p1a: Scizor|Scizor, M|100/100
|move|p2a: Pecharunt|Malignant Chain|p1a: Scizor
|-immune|p1a: Scizor
|
|upkeep
|turn|11
|
|t:|1760719348
|switch|p2a: Garchomp|Garchomp, F|100/100
|-damage|p2a: Garchomp|94/100|[from] Stealth Rock
|move|p1a: Scizor|Knock Off|p2a: Garchomp
|-damage|p2a: Garchomp|55/100
|-damage|p1a: Scizor|88/100|[from] ability: Rough Skin|[of] p2a: Garchomp
|-enditem|p2a: Garchomp|Loaded Dice|[from] move: Knock Off|[of] p1a: Scizor
|
|upkeep
|turn|12
|
|t:|1760719357
|move|p2a: Garchomp|Fire Fang|p1a: Scizor
|-supereffective|p1a: Scizor
|-damage|p1a: Scizor|0 fnt
|faint|p1a: Scizor
|
|upkeep
|
|t:|1760719367
|switch|p1a: Latios|Latios, M|88/100
|-damage|p1a: Latios|76/100|[from] Stealth Rock
|turn|13
|
|t:|1760719374
|move|p1a: Latios|Calm Mind|p1a: Latios
|-boost|p1a: Latios|spa|1
|-boost|p1a: Latios|spd|1
|move|p2a: Garchomp|Scale Shot|p1a: Latios
|-supereffective|p1a: Latios
|-damage|p1a: Latios|39/100
|-supereffective|p1a: Latios
|-damage|p1a: Latios|1/100
|-hitcount|p1a: Latios|2
|-unboost|p2a: Garchomp|def|1
|-boost|p2a: Garchomp|spe|1
|
|upkeep
|turn|14
|
|t:|1760719384
|move|p2a: Garchomp|Fire Fang|p1a: Latios
|-resisted|p1a: Latios
|-damage|p1a: Latios|0 fnt
|faint|p1a: Latios
|
|upkeep
|
|t:|1760719388
|switch|p1a: Pecharunt|Pecharunt|100/100
|turn|15
|
|t:|1760719395
|move|p2a: Garchomp|Earthquake|p1a: Pecharunt
|-supereffective|p1a: Pecharunt
|-damage|p1a: Pecharunt|36/100
|move|p1a: Pecharunt|Shadow Ball|p2a: Garchomp
|-damage|p2a: Garchomp|27/100
|
|upkeep
|turn|16
|
|t:|1760719399
|move|p2a: Garchomp|Earthquake|p1a: Pecharunt
|-supereffective|p1a: Pecharunt
|-damage|p1a: Pecharunt|0 fnt
|faint|p1a: Pecharunt
|
|upkeep
|-message|LegitimatePotato forfeited.
|
|win|kebab.ixx
|raw|LegitimatePotato's rating: 1530 &rarr; <strong>1513</strong><br />(-17 for losing)
|raw|kebab.ixx's rating: 1585 &rarr; <strong>1602</strong><br />(+17 for winning)
|l|☆LegitimatePotato
|player|p1|
|l|☆kebab.ixx
|player|p2|
