|j|☆jewbacca675
|j|☆Team BBIO 38
|t:|1760725231
|gametype|singles
|player|p1|jewbacca675|1|1539
|player|p2|Team BBIO 38|dragontamer|1432
|gen|9
|tier|[Gen 9] OU
|rated|
|rule|HP Percentage Mod: HP is shown in percentages
|rule|Endless Battle Clause: Forcing endless battles is banned
|rule|Species Clause: Limit one of each Pokémon
|rule|OHKO Clause: OHKO moves are banned
|rule|Evasion Items Clause: Evasion items are banned
|rule|Evasion Moves Clause: Evasion moves are banned
|rule|Evasion Abilities Clause: Evasion abilities are banned
|rule|Sleep Moves Clause: Sleep-inducing moves are banned
|clearpoke
|poke|p1|Pecharunt|
|poke|p1|Great Tusk|
|poke|p1|Ogerpon-Wellspring, F|
|poke|p1|Iron Crown|
|poke|p1|Landorus-Therian, M|
|poke|p1|Samurott-Hisui, M|
|poke|p2|Dusclops, M|
|poke|p2|Blissey, F|
|poke|p2|Flamigo, M|
|poke|p2|Latias, F|
|poke|p2|Darkrai|
|poke|p2|Tinkaton, F|
|teampreview
|inactive|Battle timer is ON: inactive players will automatically lose when time's up. (requested by jewbacca675)
|inactive|Team BBIO 38 also wants the timer to be on.
|
|t:|1760725258
|teamsize|p1|6
|teamsize|p2|6
|start
|switch|p1a: Samurott|Samurott-Hisui, M|100/100
|switch|p2a: Darkrai|Darkrai|100/100
|turn|1
|
|t:|1760725265
|move|p2a: Darkrai|Thunder|p1a: Samurott|[miss]
|-miss|p2a: Darkrai|p1a: Samurott
|move|p1a: Samurott|Flip Turn|p2a: Darkrai
|-damage|p2a: Darkrai|59/100
|
|t:|1760725269
|switch|p1a: Landorus|Landorus-Therian, M|100/100|[from] Flip Turn
|-ability|p1a: Landorus|Intimidate|boost
|-unboost|p2a: Darkrai|atk|1
|
|upkeep
|turn|2
|
|t:|1760725275
|switch|p2a: Dusclops|Dusclops, M|100/100
|-item|p1a: Landorus|Choice Scarf|[from] ability: Frisk|[of] p2a: Dusclops
|move|p1a: Landorus|U-turn|p2a: Dusclops
|-resisted|p2a: Dusclops
|-damage|p2a: Dusclops|93/100
|
|t:|1760725284
|switch|p1a: Samurott|Samurott-Hisui, M|100/100|[from] U-turn
|
|upkeep
|turn|3
|
|t:|1760725290
|move|p1a: Samurott|Ceaseless Edge|p2a: Dusclops
|-supereffective|p2a: Dusclops
|-damage|p2a: Dusclops|46/100
|-sidestart|p2: Team BBIO 38|Spikes
|move|p2a: Dusclops|Will-O-Wisp|p1a: Samurott
|-status|p1a: Samurott|brn
|
|-damage|p1a: Samurott|94/100 brn|[from] brn
|upkeep
|turn|4
|
|t:|1760725300
|move|p1a: Samurott|Ceaseless Edge|p2a: Dusclops
|-supereffective|p2a: Dusclops
|-damage|p2a: Dusclops|23/100
|-sidestart|p2: Team BBIO 38|Spikes
|move|p2a: Dusclops|Pain Split|p1a: Samurott
|-sethp|p1a: Samurott|57/100 brn|[from] move: Pain Split|[silent]
|-sethp|p2a: Dusclops|65/100|[from] move: Pain Split
|
|-damage|p1a: Samurott|51/100 brn|[from] brn
|upkeep
|turn|5
|
|t:|1760725308
|switch|p2a: Flamigo|Flamigo, M|100/100
|move|p1a: Samurott|Flip Turn|p2a: Flamigo
|-damage|p2a: Flamigo|81/100
|
|t:|1760725335
|switch|p1a: Iron Crown|Iron Crown|100/100|[from] Flip Turn
|
|upkeep
|turn|6
|
|t:|1760725357
|move|p2a: Flamigo|U-turn|p1a: Iron Crown
|-damage|p1a: Iron Crown|78/100
|
|t:|1760725360
|switch|p2a: Blissey|Blissey, F|100/100|[from] U-turn
|-damage|p2a: Blissey|84/100|[from] Spikes
|move|p1a: Iron Crown|Volt Switch|p2a: Blissey
|-damage|p2a: Blissey|72/100
|
|t:|1760725377
|-end|p1a: Iron Crown|Quark Drive|[silent]
|switch|p1a: Landorus|Landorus-Therian, M|100/100|[from] Volt Switch
|-ability|p1a: Landorus|Intimidate|boost
|-unboost|p2a: Blissey|atk|1
|
|-heal|p2a: Blissey|78/100|[from] item: Leftovers
|upkeep
|turn|7
|
|t:|1760725385
|-terastallize|p1a: Landorus|Flying
|move|p1a: Landorus|Tera Blast|p2a: Blissey|[anim] Tera Blast Flying
|-damage|p2a: Blissey|24/100
|move|p2a: Blissey|Seismic Toss|p1a: Landorus
|-damage|p1a: Landorus|69/100
|
|-heal|p2a: Blissey|30/100|[from] item: Leftovers
|upkeep
|turn|8
|
|t:|1760725398
|switch|p2a: Tinkaton|Tinkaton, F|100/100
|-damage|p2a: Tinkaton|84/100|[from] Spikes
|-ability|p2a: Tinkaton|Mold Breaker
|move|p1a: Landorus|Tera Blast|p2a: Tinkaton|[anim] Tera Blast Flying
|-resisted|p2a: Tinkaton
|-damage|p2a: Tinkaton|41/100
|
|-heal|p2a: Tinkaton|47/100|[from] item: Leftovers
|upkeep
|turn|9
|inactive|jewbacca675 has 120 seconds left.
|inactive|jewbacca675 has 90 seconds left.
|inactive|jewbacca675 has 60 seconds left.
|inactive|jewbacca675 has 30 seconds left.
|inactive|jewbacca675 has 20 seconds left.
|inactive|jewbacca675 has 15 seconds left.
|inactive|jewbacca675 has 10 seconds left.
|inactive|jewbacca675 has 5 seconds left.
|-message|jewbacca675 lost due to inactivity.
|
|win|Team BBIO 38
|raw|jewbacca675's rating: 1539 &rarr; <strong>1513</strong><br />(-26 for losing)
|raw|Team BBIO 38's rating: 1432 &rarr; <strong>1458</strong><br />(+26 for winning)
|l|☆Team BBIO 38
|player|p2|
|l|☆jewbacca675
|player|p1|
