|j|☆JhojanSt
|j|☆Nevitchen
|t:|1760884667
|gametype|singles
|player|p1|JhojanSt|hugh|1166
|player|p2|Nevitchen|102|1115
|gen|9
|tier|[Gen 9] OU
|rated|
|rule|HP Percentage Mod: HP is shown in percentages
|rule|Endless Battle Clause: Forcing endless battles is banned
|rule|Species Clause: Limit one of each Pokémon
|rule|OHKO Clause: OHKO moves are banned
|rule|Evasion Items Clause: Evasion items are banned
|rule|Evasion Moves Clause: Evasion moves are banned
|rule|Evasion Abilities Clause: Evasion abilities are banned
|rule|Sleep Moves Clause: Sleep-inducing moves are banned
|clearpoke
|poke|p1|Dragonite, F|
|poke|p1|Gengar, M|
|poke|p1|Incineroar, M|
|poke|p1|Greninja-*, M|
|poke|p1|Donphan, F|
|poke|p1|Snorlax, M|
|poke|p2|Dragonite, F|
|poke|p2|Zamazenta-*|
|poke|p2|Landorus-Therian, M|
|poke|p2|Gholdengo|
|poke|p2|Darkrai|
|poke|p2|Hatterene, F|
|teampreview
|inactive|Battle timer is ON: inactive players will automatically lose when time's up. (requested by JhojanSt)
|j| DarkOkto
|
|t:|1760884699
|teamsize|p1|6
|teamsize|p2|6
|start
|switch|p1a: Incineroar|Incineroar, M|100/100
|switch|p2a: Eine wolke|Landorus-Therian, M|100/100
|-ability|p2a: Eine wolke|Intimidate|boost
|-unboost|p1a: Incineroar|atk|1
|-ability|p1a: Incineroar|Intimidate|boost
|-unboost|p2a: Eine wolke|atk|1
|turn|1
|
|t:|1760884716
|move|p1a: Incineroar|Fake Out|p2a: Eine wolke
|-damage|p2a: Eine wolke|92/100
|-damage|p1a: Incineroar|84/100|[from] item: Rocky Helmet|[of] p2a: Eine wolke
|cant|p2a: Eine wolke|flinch
|
|upkeep
|turn|2
|
|t:|1760884723
|move|p2a: Eine wolke|Stealth Rock|p1a: Incineroar
|-sidestart|p1: JhojanSt|move: Stealth Rock
|move|p1a: Incineroar|Knock Off|p2a: Eine wolke
|-damage|p2a: Eine wolke|58/100
|-damage|p1a: Incineroar|68/100|[from] item: Rocky Helmet|[of] p2a: Eine wolke
|-enditem|p2a: Eine wolke|Rocky Helmet|[from] move: Knock Off|[of] p1a: Incineroar
|
|upkeep
|turn|3
|
|t:|1760884732
|switch|p1a: Donphan|Donphan, F|100/100
|-damage|p1a: Donphan|94/100|[from] Stealth Rock
|move|p2a: Eine wolke|Earthquake|p1a: Donphan
|-damage|p1a: Donphan|78/100
|
|-heal|p1a: Donphan|84/100|[from] item: Leftovers
|upkeep
|turn|4
|
|t:|1760884760
|move|p2a: Eine wolke|U-turn|p1a: Donphan
|-damage|p1a: Donphan|75/100
|
|t:|1760884767
|switch|p2a: Mirko|Gholdengo|100/100|[from] U-turn
|move|p1a: Donphan|Knock Off|p2a: Mirko
|-supereffective|p2a: Mirko
|-damage|p2a: Mirko|50/100
|-enditem|p2a: Mirko|Metal Coat|[from] move: Knock Off|[of] p1a: Donphan
|
|-heal|p1a: Donphan|81/100|[from] item: Leftovers
|upkeep
|turn|5
|inactive|Nevitchen has 120 seconds left.
|
|t:|1760884783
|switch|p1a: Snorlax|Snorlax, M|100/100
|-damage|p1a: Snorlax|88/100|[from] Stealth Rock
|move|p2a: Mirko|Make It Rain|p1a: Snorlax
|-damage|p1a: Snorlax|60/100
|-unboost|p2a: Mirko|spa|1
|
|-heal|p1a: Snorlax|66/100|[from] item: Leftovers
|upkeep
|turn|6
|inactive|Nevitchen has 120 seconds left.
|
|t:|1760884815
|switch|p2a: Wau Wau|Zamazenta|100/100
|-ability|p2a: Wau Wau|Dauntless Shield|boost
|-boost|p2a: Wau Wau|def|1
|switch|p1a: Donphan|Donphan, F|81/100
|-damage|p1a: Donphan|75/100|[from] Stealth Rock
|
|-heal|p1a: Donphan|81/100|[from] item: Leftovers
|upkeep
|turn|7
|
|t:|1760884826
|move|p2a: Wau Wau|Body Press|p1a: Donphan
|-damage|p1a: Donphan|47/100
|move|p1a: Donphan|Rapid Spin|p2a: Wau Wau
|-damage|p2a: Wau Wau|93/100
|-boost|p1a: Donphan|spe|1
|-sideend|p1: JhojanSt|Stealth Rock|[from] move: Rapid Spin|[of] p1a: Donphan
|
|-heal|p2a: Wau Wau|99/100|[from] item: Leftovers
|-heal|p1a: Donphan|53/100|[from] item: Leftovers
|upkeep
|turn|8
|
|t:|1760884839
|move|p2a: Wau Wau|Body Press|p1a: Donphan
|-damage|p1a: Donphan|23/100
|move|p1a: Donphan|Stealth Rock|p2a: Wau Wau
|-sidestart|p2: Nevitchen|move: Stealth Rock
|
|-heal|p2a: Wau Wau|100/100|[from] item: Leftovers
|-heal|p1a: Donphan|29/100|[from] item: Leftovers
|upkeep
|turn|9
|
|t:|1760884848
|move|p2a: Wau Wau|Body Press|p1a: Donphan
|-damage|p1a: Donphan|0 fnt
|faint|p1a: Donphan
|
|upkeep
|
|t:|1760884851
|switch|p1a: Gengar|Gengar, M|100/100
|turn|10
|
|t:|1760884879
|switch|p2a: Edgy guy|Darkrai|100/100
|move|p1a: Gengar|Trick|p2a: Edgy guy
|-activate|p1a: Gengar|move: Trick|[of] p2a: Edgy guy
|-item|p2a: Edgy guy|Choice Specs|[from] move: Trick
|-item|p1a: Gengar|Heavy-Duty Boots|[from] move: Trick
|
|upkeep
|turn|11
|inactive|Nevitchen has 90 seconds left.
|
|t:|1760884898
|switch|p1a: Snorlax|Snorlax, M|66/100
|move|p2a: Edgy guy|Dark Pulse|p1a: Snorlax
|-damage|p1a: Snorlax|40/100
|
|-heal|p1a: Snorlax|46/100|[from] item: Leftovers
|upkeep
|turn|12
|inactive|Nevitchen has 90 seconds left.
|
|t:|1760884913
|switch|p2a: Wau Wau|Zamazenta|100/100
|-damage|p2a: Wau Wau|94/100|[from] Stealth Rock
|move|p1a: Snorlax|Amnesia|p1a: Snorlax
|-boost|p1a: Snorlax|spd|2
|
|-heal|p2a: Wau Wau|100/100|[from] item: Leftovers
|-heal|p1a: Snorlax|53/100|[from] item: Leftovers
|upkeep
|turn|13
|inactive|Nevitchen has 90 seconds left.
|
|t:|1760884927
|-terastallize|p1a: Snorlax|Ghost
|move|p2a: Wau Wau|Iron Defense|p2a: Wau Wau
|-boost|p2a: Wau Wau|def|2
|move|p1a: Snorlax|Encore|p2a: Wau Wau
|-start|p2a: Wau Wau|Encore
|
|-heal|p1a: Snorlax|59/100|[from] item: Leftovers
|upkeep
|turn|14
|inactive|Nevitchen has 90 seconds left.
|
|t:|1760884939
|switch|p2a: Edgy guy|Darkrai|100/100
|-damage|p2a: Edgy guy|88/100|[from] Stealth Rock
|move|p1a: Snorlax|Curse|p2a: Edgy guy
|-start|p2a: Edgy guy|Curse|[of] p1a: Snorlax
|-damage|p1a: Snorlax|9/100
|
|-heal|p1a: Snorlax|15/100|[from] item: Leftovers
|-damage|p2a: Edgy guy|63/100|[from] Curse
|upkeep
|turn|15
|
|t:|1760884951
|switch|p1a: Incineroar|Incineroar, M|68/100
|-ability|p1a: Incineroar|Intimidate|boost
|-unboost|p2a: Edgy guy|atk|1
|move|p2a: Edgy guy|Dark Pulse|p1a: Incineroar
|-resisted|p1a: Incineroar
|-damage|p1a: Incineroar|49/100
|
|-damage|p2a: Edgy guy|38/100|[from] Curse
|upkeep
|turn|16
|
|t:|1760884966
|switch|p2a: Eine wolke|Landorus-Therian, M|58/100
|-damage|p2a: Eine wolke|46/100|[from] Stealth Rock
|-ability|p2a: Eine wolke|Intimidate|boost
|-unboost|p1a: Incineroar|atk|1
|move|p1a: Incineroar|U-turn|p2a: Eine wolke
|-resisted|p2a: Eine wolke
|-damage|p2a: Eine wolke|37/100
|
|t:|1760884977
|switch|p1a: Greninja|Greninja, M|100/100|[from] U-turn
|
|upkeep
|turn|17
|inactive|Nevitchen has 90 seconds left.
|
|t:|1760884999
|move|p1a: Greninja|Surf|p2a: Eine wolke
|-start|p1a: Greninja|typechange|Water|[from] ability: Protean
|-supereffective|p2a: Eine wolke
|-damage|p2a: Eine wolke|0 fnt
|faint|p2a: Eine wolke
|
|upkeep
|inactive|Nevitchen has 90 seconds left.
|
|t:|1760885011
|switch|p2a: Ka was dass ist|Hatterene, F|100/100
|-damage|p2a: Ka was dass ist|88/100|[from] Stealth Rock
|turn|18
|inactive|Nevitchen has 90 seconds left.
|
|t:|1760885044
|switch|p1a: Snorlax|Snorlax, M, tera:Ghost|15/100
|move|p2a: Ka was dass ist|Psyshock|p1a: Snorlax
|-damage|p1a: Snorlax|0 fnt
|faint|p1a: Snorlax
|
|upkeep
|
|t:|1760885052
|switch|p1a: Gengar|Gengar, M|100/100
|turn|19
|inactive|Nevitchen has 60 seconds left.
|
|t:|1760885086
|move|p1a: Gengar|Sludge Wave|p2a: Ka was dass ist
|-supereffective|p2a: Ka was dass ist
|-damage|p2a: Ka was dass ist|23/100
|-status|p2a: Ka was dass ist|psn
|move|p2a: Ka was dass ist|Psychic Noise|p1a: Gengar
|-supereffective|p1a: Gengar
|-damage|p1a: Gengar|0 fnt
|faint|p1a: Gengar
|
|-damage|p2a: Ka was dass ist|11/100 psn|[from] psn
|upkeep
|j| zeynex
|
|t:|1760885103
|switch|p1a: Incineroar|Incineroar, M|49/100
|-ability|p1a: Incineroar|Intimidate|boost
|-unboost|p2a: Ka was dass ist|atk|1
|turn|20
|inactive|Nevitchen has 60 seconds left.
|
|t:|1760885110
|move|p1a: Incineroar|U-turn|p2a: Ka was dass ist
|-damage|p2a: Ka was dass ist|0 fnt
|faint|p2a: Ka was dass ist
|
|t:|1760885115
|switch|p1a: Dragonite|Dragonite, F|100/100|[from] U-turn
|
|upkeep
|inactive|Nevitchen has 60 seconds left.
|inactive|Nevitchen has 30 seconds left.
|
|t:|1760885157
|switch|p2a: Edgy guy|Darkrai|38/100
|-damage|p2a: Edgy guy|26/100|[from] Stealth Rock
|turn|21
|inactive|Nevitchen has 30 seconds left.
|
|t:|1760885168
|move|p1a: Dragonite|Extreme Speed|p2a: Edgy guy
|-damage|p2a: Edgy guy|0 fnt
|faint|p2a: Edgy guy
|
|upkeep
|
|t:|1760885172
|switch|p2a: Lass mich carryn|Dragonite, F|100/100
|-damage|p2a: Lass mich carryn|76/100|[from] Stealth Rock
|turn|22
|inactive|Nevitchen has 30 seconds left.
|
|t:|1760885196
|-terastallize|p2a: Lass mich carryn|Flying
|move|p2a: Lass mich carryn|Dragon Dance|p2a: Lass mich carryn
|-boost|p2a: Lass mich carryn|atk|1
|-boost|p2a: Lass mich carryn|spe|1
|move|p1a: Dragonite|Dragon Dance|p1a: Dragonite
|-boost|p1a: Dragonite|atk|1
|-boost|p1a: Dragonite|spe|1
|
|upkeep
|turn|23
|inactive|Nevitchen has 30 seconds left.
|inactive|Nevitchen has 20 seconds left.
|
|t:|1760885213
|move|p1a: Dragonite|Extreme Speed|p2a: Lass mich carryn
|-damage|p2a: Lass mich carryn|26/100
|move|p2a: Lass mich carryn|Tera Blast|p1a: Dragonite|[anim] Tera Blast Flying
|-damage|p1a: Dragonite|52/100
|
|upkeep
|turn|24
|inactive|Nevitchen has 30 seconds left this turn.
|
|t:|1760885222
|move|p2a: Lass mich carryn|Extreme Speed|p1a: Dragonite
|-damage|p1a: Dragonite|3/100
|move|p1a: Dragonite|Extreme Speed|p2a: Lass mich carryn
|-damage|p2a: Lass mich carryn|0 fnt
|faint|p2a: Lass mich carryn
|
|upkeep
|inactive|Nevitchen has 30 seconds left this turn.
|
|t:|1760885230
|switch|p2a: Wau Wau|Zamazenta|100/100
|-damage|p2a: Wau Wau|94/100|[from] Stealth Rock
|turn|25
|inactive|Nevitchen has 30 seconds left.
|
|t:|1760885239
|move|p2a: Wau Wau|Crunch|p1a: Dragonite
|-damage|p1a: Dragonite|0 fnt
|faint|p1a: Dragonite
|
|-heal|p2a: Wau Wau|100/100|[from] item: Leftovers
|upkeep
|
|t:|1760885242
|switch|p1a: Greninja|Greninja, M|100/100
|turn|26
|
|t:|1760885256
|move|p1a: Greninja|Extrasensory|p2a: Wau Wau
|-start|p1a: Greninja|typechange|Psychic|[from] ability: Protean
|-supereffective|p2a: Wau Wau
|-damage|p2a: Wau Wau|35/100
|move|p2a: Wau Wau|Body Press|p1a: Greninja
|-resisted|p1a: Greninja
|-damage|p1a: Greninja|66/100
|
|-heal|p2a: Wau Wau|42/100|[from] item: Leftovers
|upkeep
|turn|27
|inactive|Nevitchen has 30 seconds left.
|inactive|Nevitchen has 20 seconds left.
|
|t:|1760885283
|move|p1a: Greninja|Extrasensory|p2a: Wau Wau
|-supereffective|p2a: Wau Wau
|-damage|p2a: Wau Wau|0 fnt
|faint|p2a: Wau Wau
|
|upkeep
|inactive|Nevitchen has 25 seconds left this turn.
|inactive|Nevitchen has 20 seconds left.
|
|t:|1760885288
|switch|p2a: Mirko|Gholdengo|50/100
|-damage|p2a: Mirko|44/100|[from] Stealth Rock
|turn|28
|inactive|Nevitchen has 30 seconds left this turn.
|inactive|Nevitchen has 20 seconds left.
|
|t:|1760885298
|switch|p1a: Incineroar|Incineroar, M|49/100
|-ability|p1a: Incineroar|Intimidate|boost
|-unboost|p2a: Mirko|atk|1
|move|p2a: Mirko|Thunderbolt|p1a: Incineroar
|-damage|p1a: Incineroar|29/100
|
|upkeep
|turn|29
|inactive|Nevitchen has 30 seconds left this turn.
|
|t:|1760885306
|move|p2a: Mirko|Make It Rain|p1a: Incineroar
|-resisted|p1a: Incineroar
|-damage|p1a: Incineroar|6/100
|-unboost|p2a: Mirko|spa|1
|move|p1a: Incineroar|Knock Off|p2a: Mirko
|-supereffective|p2a: Mirko
|-damage|p2a: Mirko|0 fnt
|faint|p2a: Mirko
|
|win|JhojanSt
|raw|JhojanSt's rating: 1166 &rarr; <strong>1187</strong><br />(+21 for winning)
|raw|Nevitchen's rating: 1115 &rarr; <strong>1094</strong><br />(-21 for losing)
