|j|☆r37tgriuw
|j|☆gus2007
|t:|1760878571
|gametype|singles
|player|p1|r37tgriuw|cyclistf|1167
|player|p2|gus2007|170|1126
|gen|9
|tier|[Gen 9] OU
|rated|
|rule|HP Percentage Mod: HP is shown in percentages
|rule|Endless Battle Clause: Forcing endless battles is banned
|rule|Species Clause: Limit one of each Pokémon
|rule|OHKO Clause: OHKO moves are banned
|rule|Evasion Items Clause: Evasion items are banned
|rule|Evasion Moves Clause: Evasion moves are banned
|rule|Evasion Abilities Clause: Evasion abilities are banned
|rule|Sleep Moves Clause: Sleep-inducing moves are banned
|clearpoke
|poke|p1|Oinkologne, M|
|poke|p1|Gholdengo|
|poke|p1|Dondozo, F|
|poke|p1|Iron Valiant|
|poke|p1|Dragonite, F|
|poke|p1|Samurott-Hisui, M|
|poke|p2|Gholdengo|
|poke|p2|Alomomola, F|
|poke|p2|Iron Valiant|
|poke|p2|Dragapult, F|
|poke|p2|Samurott-Hisui, M|
|poke|p2|Landorus-Therian, M|
|teampreview
|inactive|Battle timer is ON: inactive players will automatically lose when time's up. (requested by r37tgriuw)
|
|t:|1760878586
|teamsize|p1|6
|teamsize|p2|6
|start
|switch|p1a: Samurott|Samurott-Hisui, M|100/100
|switch|p2a: Landorus|Landorus-Therian, M|100/100
|-ability|p2a: Landorus|Intimidate|boost
|-unboost|p1a: Samurott|atk|1
|turn|1
|
|t:|1760878593
|move|p1a: Samurott|Flip Turn|p2a: Landorus
|-supereffective|p2a: Landorus
|-damage|p2a: Landorus|55/100
|
|t:|1760878597
|switch|p1a: Dondozo|Dondozo, F|100/100|[from] Flip Turn
|move|p2a: Landorus|U-turn|p1a: Dondozo
|-damage|p1a: Dondozo|89/100
|j| NIOEDEHREU
|
|t:|1760878607
|switch|p2a: Iron Valiant|Iron Valiant|100/100|[from] U-turn
|-enditem|p2a: Iron Valiant|Booster Energy
|-activate|p2a: Iron Valiant|ability: Quark Drive|[fromitem]
|-start|p2a: Iron Valiant|quarkdrivespe
|
|-heal|p1a: Dondozo|95/100|[from] item: Leftovers
|upkeep
|turn|2
|
|t:|1760878616
|move|p2a: Iron Valiant|Thunderbolt|p1a: Dondozo
|-supereffective|p1a: Dondozo
|-damage|p1a: Dondozo|41/100
|move|p1a: Dondozo|Liquidation|p2a: Iron Valiant
|-damage|p2a: Iron Valiant|60/100
|
|-heal|p1a: Dondozo|47/100|[from] item: Leftovers
|upkeep
|turn|3
|
|t:|1760878638
|move|p2a: Iron Valiant|Thunderbolt|p1a: Dondozo
|-supereffective|p1a: Dondozo
|-damage|p1a: Dondozo|0 fnt
|faint|p1a: Dondozo
|
|upkeep
|
|t:|1760878644
|switch|p1a: Gholdengo|Gholdengo|100/100
|turn|4
|
|t:|1760878655
|move|p2a: Iron Valiant|Thunderbolt|p1a: Gholdengo
|-damage|p1a: Gholdengo|63/100
|move|p1a: Gholdengo|Make It Rain|p2a: Iron Valiant
|-supereffective|p2a: Iron Valiant
|-damage|p2a: Iron Valiant|0 fnt
|-unboost|p1a: Gholdengo|spa|1
|faint|p2a: Iron Valiant
|-end|p2a: Iron Valiant|Quark Drive|[silent]
|
|upkeep
|
|t:|1760878660
|switch|p2a: Samurott|Samurott-Hisui, M|100/100
|turn|5
|
|t:|1760878672
|switch|p1a: Samurott|Samurott-Hisui, M|100/100
|move|p2a: Samurott|Ceaseless Edge|p1a: Samurott
|-resisted|p1a: Samurott
|-damage|p1a: Samurott|68/100
|-sidestart|p1: r37tgriuw|Spikes
|
|upkeep
|turn|6
|
|t:|1760878676
|move|p1a: Samurott|Ceaseless Edge|p2a: Samurott|[miss]
|-miss|p1a: Samurott|p2a: Samurott
|move|p2a: Samurott|Ceaseless Edge|p1a: Samurott
|-resisted|p1a: Samurott
|-damage|p1a: Samurott|35/100
|-sidestart|p1: r37tgriuw|Spikes
|
|upkeep
|turn|7
|
|t:|1760878680
|move|p1a: Samurott|Ceaseless Edge|p2a: Samurott
|-resisted|p2a: Samurott
|-damage|p2a: Samurott|74/100
|-sidestart|p2: gus2007|Spikes
|move|p2a: Samurott|Ceaseless Edge|p1a: Samurott
|-resisted|p1a: Samurott
|-damage|p1a: Samurott|6/100
|-sidestart|p1: r37tgriuw|Spikes
|
|upkeep
|turn|8
|
|t:|1760878682
|move|p1a: Samurott|Ceaseless Edge|p2a: Samurott
|-resisted|p2a: Samurott
|-damage|p2a: Samurott|47/100
|-sidestart|p2: gus2007|Spikes
|move|p2a: Samurott|Ceaseless Edge|p1a: Samurott|[miss]
|-miss|p2a: Samurott|p1a: Samurott
|
|upkeep
|turn|9
|
|t:|1760878685
|move|p1a: Samurott|Ceaseless Edge|p2a: Samurott
|-resisted|p2a: Samurott
|-damage|p2a: Samurott|21/100
|-sidestart|p2: gus2007|Spikes
|move|p2a: Samurott|Ceaseless Edge|p1a: Samurott
|-resisted|p1a: Samurott
|-damage|p1a: Samurott|0 fnt
|faint|p1a: Samurott
|
|upkeep
|
|t:|1760878694
|switch|p1a: Iron Valiant|Iron Valiant|100/100
|-damage|p1a: Iron Valiant|76/100|[from] Spikes
|-enditem|p1a: Iron Valiant|Booster Energy
|-activate|p1a: Iron Valiant|ability: Quark Drive|[fromitem]
|-start|p1a: Iron Valiant|quarkdriveatk
|turn|10
|
|t:|1760878702
|move|p2a: Samurott|Ceaseless Edge|p1a: Iron Valiant
|-resisted|p1a: Iron Valiant
|-damage|p1a: Iron Valiant|59/100
|move|p1a: Iron Valiant|Swords Dance|p1a: Iron Valiant
|-boost|p1a: Iron Valiant|atk|2
|
|upkeep
|turn|11
|
|t:|1760878710
|move|p2a: Samurott|Ceaseless Edge|p1a: Iron Valiant|[miss]
|-miss|p2a: Samurott|p1a: Iron Valiant
|move|p1a: Iron Valiant|Drain Punch|p2a: Samurott
|-supereffective|p2a: Samurott
|-damage|p2a: Samurott|0 fnt
|-heal|p1a: Iron Valiant|71/100|[from] drain|[of] p2a: Samurott
|faint|p2a: Samurott
|
|upkeep
|
|t:|1760878713
|switch|p2a: Landorus|Landorus-Therian, M|55/100
|-ability|p2a: Landorus|Intimidate|boost
|-unboost|p1a: Iron Valiant|atk|1
|turn|12
|
|t:|1760878729
|move|p2a: Landorus|Earthquake|p1a: Iron Valiant
|-damage|p1a: Iron Valiant|0 fnt
|faint|p1a: Iron Valiant
|-end|p1a: Iron Valiant|Quark Drive|[silent]
|
|upkeep
|
|t:|1760878741
|switch|p1a: Gholdengo|Gholdengo|63/100
|-damage|p1a: Gholdengo|39/100|[from] Spikes
|turn|13
|
|t:|1760878744
|-terastallize|p1a: Gholdengo|Ice
|move|p2a: Landorus|Earthquake|p1a: Gholdengo
|-damage|p1a: Gholdengo|0 fnt
|faint|p1a: Gholdengo
|
|upkeep
|
|t:|1760878748
|switch|p1a: Dragonite|Dragonite, F|100/100
|turn|14
|
|t:|1760878757
|switch|p2a: Alomomola|Alomomola, F|100/100
|-damage|p2a: Alomomola|76/100|[from] Spikes
|move|p1a: Dragonite|Dragon Dance|p1a: Dragonite
|-boost|p1a: Dragonite|atk|1
|-boost|p1a: Dragonite|spe|1
|
|-heal|p2a: Alomomola|82/100|[from] item: Leftovers
|upkeep
|turn|15
|
|t:|1760878766
|move|p1a: Dragonite|Dragon Dance|p1a: Dragonite
|-boost|p1a: Dragonite|atk|1
|-boost|p1a: Dragonite|spe|1
|move|p2a: Alomomola|Scald|p1a: Dragonite
|-resisted|p1a: Dragonite
|-damage|p1a: Dragonite|97/100
|
|-heal|p2a: Alomomola|88/100|[from] item: Leftovers
|upkeep
|turn|16
|
|t:|1760878775
|move|p1a: Dragonite|Scale Shot|p2a: Alomomola|[miss]
|-miss|p1a: Dragonite|p2a: Alomomola
|move|p2a: Alomomola|Scald|p1a: Dragonite
|-resisted|p1a: Dragonite
|-damage|p1a: Dragonite|90/100
|-status|p1a: Dragonite|brn
|
|-heal|p2a: Alomomola|94/100|[from] item: Leftovers
|-damage|p1a: Dragonite|84/100 brn|[from] brn
|upkeep
|turn|17
|
|t:|1760878780
|move|p1a: Dragonite|Dragon Dance|p1a: Dragonite
|-boost|p1a: Dragonite|atk|1
|-boost|p1a: Dragonite|spe|1
|move|p2a: Alomomola|Scald|p1a: Dragonite
|-resisted|p1a: Dragonite
|-damage|p1a: Dragonite|77/100 brn
|
|-heal|p2a: Alomomola|99/100|[from] item: Leftovers
|-damage|p1a: Dragonite|71/100 brn|[from] brn
|upkeep
|turn|18
|
|t:|1760878781
|move|p1a: Dragonite|Dragon Dance|p1a: Dragonite
|-boost|p1a: Dragonite|atk|1
|-boost|p1a: Dragonite|spe|1
|move|p2a: Alomomola|Wish|p2a: Alomomola
|
|-heal|p2a: Alomomola|100/100|[from] item: Leftovers
|-damage|p1a: Dragonite|65/100 brn|[from] brn
|upkeep
|turn|19
|
|t:|1760878790
|move|p1a: Dragonite|Dragon Dance|p1a: Dragonite
|-boost|p1a: Dragonite|atk|1
|-boost|p1a: Dragonite|spe|1
|move|p2a: Alomomola|Flip Turn|p1a: Dragonite
|-resisted|p1a: Dragonite
|-damage|p1a: Dragonite|56/100 brn
|
|t:|1760878794
|switch|p2a: Landorus|Landorus-Therian, M|55/100|[from] Flip Turn
|-ability|p2a: Landorus|Intimidate|boost
|-unboost|p1a: Dragonite|atk|1
|
|-heal|p2a: Landorus|100/100|[from] move: Wish|[wisher] Alomomola
|-damage|p1a: Dragonite|50/100 brn|[from] brn
|upkeep
|turn|20
|
|t:|1760878802
|move|p1a: Dragonite|Scale Shot|p2a: Landorus
|-damage|p2a: Landorus|73/100
|-damage|p2a: Landorus|46/100
|-damage|p2a: Landorus|20/100
|-damage|p2a: Landorus|0 fnt
|faint|p2a: Landorus
|-hitcount|p2: Landorus|4
|-unboost|p1a: Dragonite|def|1
|-boost|p1a: Dragonite|spe|1
|
|-damage|p1a: Dragonite|44/100 brn|[from] brn
|upkeep
|
|t:|1760878807
|switch|p2a: Gholdengo|Gholdengo|100/100
|-item|p2a: Gholdengo|Air Balloon
|turn|21
|
|t:|1760878817
|move|p1a: Dragonite|Dragon Claw|p2a: Gholdengo
|-resisted|p2a: Gholdengo
|-damage|p2a: Gholdengo|64/100
|-enditem|p2a: Gholdengo|Air Balloon
|move|p2a: Gholdengo|Make It Rain|p1a: Dragonite
|-damage|p1a: Dragonite|0 fnt
|-unboost|p2a: Gholdengo|spa|1
|faint|p1a: Dragonite
|
|upkeep
|
|t:|1760878820
|switch|p1a: Oinkologne|Oinkologne, M|100/100
|-damage|p1a: Oinkologne|76/100|[from] Spikes
|turn|22
|
|t:|1760878823
|move|p2a: Gholdengo|Thunder Wave|p1a: Oinkologne
|-status|p1a: Oinkologne|par
|move|p1a: Oinkologne|High Horsepower|p2a: Gholdengo|[miss]
|-miss|p1a: Oinkologne|p2a: Gholdengo
|
|upkeep
|turn|23
|-message|r37tgriuw forfeited.
|
|win|gus2007
|raw|r37tgriuw's rating: 1167 &rarr; <strong>1139</strong><br />(-28 for losing)
|raw|gus2007's rating: 1126 &rarr; <strong>1154</strong><br />(+28 for winning)
|l|☆r37tgriuw
|player|p1|
|l|☆gus2007
|player|p2|
