|j|☆HZBKAI
|j|☆Scullybaby
|t:|1760848888
|gametype|singles
|player|p1|HZBKAI|266|1101
|player|p2|Scullybaby|102|1158
|gen|9
|tier|[Gen 9] OU
|rated|
|rule|HP Percentage Mod: HP is shown in percentages
|rule|Endless Battle Clause: Forcing endless battles is banned
|rule|Species Clause: Limit one of each Pokémon
|rule|OHKO Clause: OHKO moves are banned
|rule|Evasion Items Clause: Evasion items are banned
|rule|Evasion Moves Clause: Evasion moves are banned
|rule|Evasion Abilities Clause: Evasion abilities are banned
|rule|Sleep Moves Clause: Sleep-inducing moves are banned
|clearpoke
|poke|p1|Ceruledge, F|
|poke|p1|Kyurem|
|poke|p1|Manaphy|
|poke|p1|Metagross|
|poke|p1|Okidogi, M|
|poke|p1|Zoroark-Hisui, M|
|poke|p2|Zamazenta-*|
|poke|p2|Ninetales-Alola, M|
|poke|p2|Darkrai|
|poke|p2|Ceruledge, F|
|poke|p2|Gliscor, M|
|poke|p2|Hatterene, F|
|teampreview
|j| PG Spectating
|
|t:|1760848907
|teamsize|p1|6
|teamsize|p2|6
|start
|switch|p1a: Ceruledge|Ceruledge, F|100/100
|switch|p2a: Ninetales|Ninetales-Alola, M|100/100
|-weather|Snowscape|[from] ability: Snow Warning|[of] p2a: Ninetales
|turn|1
|
|t:|1760848911
|move|p2a: Ninetales|Aurora Veil|p2a: Ninetales
|-sidestart|p2: Scullybaby|move: Aurora Veil
|move|p1a: Ceruledge|Bitter Blade|p2a: Ninetales
|-supereffective|p2a: Ninetales
|-damage|p2a: Ninetales|64/100
|
|-weather|Snowscape|[upkeep]
|upkeep
|turn|2
|
|t:|1760848916
|switch|p2a: Ceruledge|Ceruledge, F|100/100
|move|p1a: Ceruledge|Bitter Blade|p2a: Ceruledge
|-start|p2a: Ceruledge|ability: Flash Fire
|
|-weather|Snowscape|[upkeep]
|upkeep
|turn|3
|inactive|Battle timer is ON: inactive players will automatically lose when time's up. (requested by HZBKAI)
|
|t:|1760848920
|move|p1a: Ceruledge|Poltergeist|p2a: Ceruledge
|-activate|p2a: Ceruledge|move: Poltergeist|Covert Cloak
|-supereffective|p2a: Ceruledge
|-damage|p2a: Ceruledge|37/100
|move|p2a: Ceruledge|Bulk Up|p2a: Ceruledge
|-boost|p2a: Ceruledge|atk|1
|-boost|p2a: Ceruledge|def|1
|
|-weather|Snowscape|[upkeep]
|upkeep
|turn|4
|
|t:|1760848930
|move|p2a: Ceruledge|Shadow Sneak|p1a: Ceruledge
|-supereffective|p1a: Ceruledge
|-damage|p1a: Ceruledge|28/100
|-ability|p1a: Ceruledge|Weak Armor|boost
|-unboost|p1a: Ceruledge|def|1
|-boost|p1a: Ceruledge|spe|2
|move|p1a: Ceruledge|Poltergeist|p2a: Ceruledge
|-activate|p2a: Ceruledge|move: Poltergeist|Covert Cloak
|-supereffective|p2a: Ceruledge
|-damage|p2a: Ceruledge|0 fnt
|faint|p2a: Ceruledge
|
|-weather|Snowscape|[upkeep]
|upkeep
|
|t:|1760848938
|switch|p2a: Gliscor|Gliscor, M|100/100
|turn|5
|
|t:|1760848947
|move|p1a: Ceruledge|Poltergeist|p2a: Gliscor
|-activate|p2a: Gliscor|move: Poltergeist|Toxic Orb
|-damage|p2a: Gliscor|78/100
|move|p2a: Gliscor|Earthquake|p1a: Ceruledge
|-supereffective|p1a: Ceruledge
|-damage|p1a: Ceruledge|0 fnt
|faint|p1a: Ceruledge
|
|-weather|none
|-status|p2a: Gliscor|tox|[from] item: Toxic Orb
|upkeep
|
|t:|1760848947
|switch|p1a: Okidogi|Okidogi, M|100/100
|turn|6
|
|t:|1760848952
|move|p2a: Gliscor|Swords Dance|p2a: Gliscor
|-boost|p2a: Gliscor|atk|2
|move|p1a: Okidogi|Ice Punch|p2a: Gliscor
|-supereffective|p2a: Gliscor
|-damage|p2a: Gliscor|45/100 tox
|
|-heal|p2a: Gliscor|58/100 tox|[from] ability: Poison Heal
|upkeep
|turn|7
|
|t:|1760848956
|move|p2a: Gliscor|Agility|p2a: Gliscor
|-boost|p2a: Gliscor|spe|2
|move|p1a: Okidogi|Ice Punch|p2a: Gliscor
|-supereffective|p2a: Gliscor
|-damage|p2a: Gliscor|25/100 tox
|
|-heal|p2a: Gliscor|37/100 tox|[from] ability: Poison Heal
|upkeep
|turn|8
|
|t:|1760848964
|move|p2a: Gliscor|Earthquake|p1a: Okidogi
|-supereffective|p1a: Okidogi
|-damage|p1a: Okidogi|0 fnt
|faint|p1a: Okidogi
|
|-heal|p2a: Gliscor|50/100 tox|[from] ability: Poison Heal
|-sideend|p2: Scullybaby|move: Aurora Veil
|upkeep
|
|t:|1760848964
|switch|p1a: Metagross|Metagross|100/100
|turn|9
|
|t:|1760848969
|move|p2a: Gliscor|Earthquake|p1a: Metagross
|-supereffective|p1a: Metagross
|-damage|p1a: Metagross|0 fnt
|faint|p1a: Metagross
|
|-heal|p2a: Gliscor|62/100 tox|[from] ability: Poison Heal
|upkeep
|
|t:|1760848970
|switch|p1a: Manaphy|Manaphy|100/100
|turn|10
|
|t:|1760848975
|move|p2a: Gliscor|Earthquake|p1a: Manaphy
|-damage|p1a: Manaphy|31/100
|move|p1a: Manaphy|Surf|p2a: Gliscor
|-supereffective|p2a: Gliscor
|-damage|p2a: Gliscor|0 fnt
|faint|p2a: Gliscor
|
|-heal|p1a: Manaphy|37/100|[from] item: Leftovers
|upkeep
|
|t:|1760848979
|switch|p2a: Ninetales|Ninetales-Alola, M|64/100
|-weather|Snowscape|[from] ability: Snow Warning|[of] p2a: Ninetales
|turn|11
|
|t:|1760848981
|move|p2a: Ninetales|Aurora Veil|p2a: Ninetales
|-sidestart|p2: Scullybaby|move: Aurora Veil
|move|p1a: Manaphy|Surf|p2a: Ninetales
|-damage|p2a: Ninetales|47/100
|
|-weather|Snowscape|[upkeep]
|-heal|p1a: Manaphy|43/100|[from] item: Leftovers
|upkeep
|turn|12
|
|t:|1760848984
|move|p2a: Ninetales|Freeze-Dry|p1a: Manaphy
|-supereffective|p1a: Manaphy
|-damage|p1a: Manaphy|0 fnt
|faint|p1a: Manaphy
|
|-weather|Snowscape|[upkeep]
|upkeep
|
|t:|1760848984
|switch|p1a: Kyurem|Kyurem|100/100
|turn|13
|
|t:|1760848991
|move|p1a: Kyurem|Flamethrower|p2a: Ninetales
|-supereffective|p2a: Ninetales
|-damage|p2a: Ninetales|17/100
|move|p2a: Ninetales|Roar|p1a: Kyurem
|drag|p1a: Kyurem|Kyurem|100/100
|-ability|p1a: Kyurem|Pressure
|
|-weather|Snowscape|[upkeep]
|upkeep
|turn|14
|
|t:|1760848998
|switch|p2a: Hatterene|Hatterene, F|100/100
|move|p1a: Kyurem|Tera Blast|p2a: Hatterene
|-damage|p2a: Hatterene|90/100
|
|-weather|Snowscape|[upkeep]
|-heal|p2a: Hatterene|96/100|[from] item: Leftovers
|upkeep
|turn|15
|
|t:|1760849002
|move|p1a: Kyurem|Tera Blast|p2a: Hatterene
|-damage|p2a: Hatterene|85/100
|move|p2a: Hatterene|Calm Mind|p2a: Hatterene
|-boost|p2a: Hatterene|spa|1
|-boost|p2a: Hatterene|spd|1
|
|-weather|none
|-heal|p2a: Hatterene|91/100|[from] item: Leftovers
|upkeep
|turn|16
|
|t:|1760849004
|move|p1a: Kyurem|Tera Blast|p2a: Hatterene
|-damage|p2a: Hatterene|84/100
|move|p2a: Hatterene|Calm Mind|p2a: Hatterene
|-boost|p2a: Hatterene|spa|1
|-boost|p2a: Hatterene|spd|1
|
|-heal|p2a: Hatterene|90/100|[from] item: Leftovers
|upkeep
|turn|17
|
|t:|1760849005
|move|p1a: Kyurem|Tera Blast|p2a: Hatterene
|-damage|p2a: Hatterene|84/100
|move|p2a: Hatterene|Calm Mind|p2a: Hatterene
|-boost|p2a: Hatterene|spa|1
|-boost|p2a: Hatterene|spd|1
|
|-heal|p2a: Hatterene|90/100|[from] item: Leftovers
|upkeep
|turn|18
|
|t:|1760849006
|move|p1a: Kyurem|Tera Blast|p2a: Hatterene
|-damage|p2a: Hatterene|86/100
|move|p2a: Hatterene|Calm Mind|p2a: Hatterene
|-boost|p2a: Hatterene|spa|1
|-boost|p2a: Hatterene|spd|1
|
|-heal|p2a: Hatterene|92/100|[from] item: Leftovers
|-sideend|p2: Scullybaby|move: Aurora Veil
|upkeep
|turn|19
|
|t:|1760849007
|move|p1a: Kyurem|Tera Blast|p2a: Hatterene
|-damage|p2a: Hatterene|85/100
|move|p2a: Hatterene|Draining Kiss|p1a: Kyurem
|-supereffective|p1a: Kyurem
|-damage|p1a: Kyurem|0 fnt
|-heal|p2a: Hatterene|100/100|[from] drain|[of] p1a: Kyurem
|faint|p1a: Kyurem
|
|upkeep
|
|t:|1760849007
|switch|p1a: Zoroark|Zoroark-Hisui, M|100/100
|turn|20
|
|t:|1760849009
|move|p1a: Zoroark|Shadow Ball|p2a: Hatterene
|-supereffective|p2a: Hatterene
|-damage|p2a: Hatterene|74/100
|move|p2a: Hatterene|Draining Kiss|p1a: Zoroark
|-damage|p1a: Zoroark|0 fnt
|-heal|p2a: Hatterene|100/100|[from] drain|[of] p1a: Zoroark
|-damage|p2a: Hatterene|84/100|[from] item: Rocky Helmet|[of] p1a: Zoroark
|faint|p1a: Zoroark
|
|win|Scullybaby
|raw|HZBKAI's rating: 1101 &rarr; <strong>1080</strong><br />(-21 for losing)
|raw|Scullybaby's rating: 1158 &rarr; <strong>1179</strong><br />(+21 for winning)
|c|☆Scullybaby|g
|c|☆Scullybaby|g
|n|☆HZBKAI|hzbkai
|l|☆Scullybaby
|player|p2|
|n|☆HZBKAI|hzbkai
|l| PG Spectating
|n|☆HZBKAI|hzbkai
|n|☆HZBKAI|hzbkai
