|j|☆PG Spectating
|j|☆Fiexthur0314
|t:|1760846426
|gametype|singles
|player|p1|PG Spectating|yancy|1445
|player|p2|Fiexthur0314|101|1422
|gen|9
|tier|[Gen 9] OU
|rated|
|rule|HP Percentage Mod: HP is shown in percentages
|rule|Endless Battle Clause: Forcing endless battles is banned
|rule|Species Clause: Limit one of each Pokémon
|rule|OHKO Clause: OHKO moves are banned
|rule|Evasion Items Clause: Evasion items are banned
|rule|Evasion Moves Clause: Evasion moves are banned
|rule|Evasion Abilities Clause: Evasion abilities are banned
|rule|Sleep Moves Clause: Sleep-inducing moves are banned
|clearpoke
|poke|p1|Samurott-Hisui, M|
|poke|p1|Ogerpon-Wellspring, F|
|poke|p1|Thundurus-Therian, M|
|poke|p1|Latios, M|
|poke|p1|Glimmora, F|
|poke|p1|Metagross|
|poke|p2|Pelipper, F|
|poke|p2|Barraskewda, M|
|poke|p2|Toxicroak, M|
|poke|p2|Iron Treads|
|poke|p2|Thundurus-Therian, M|
|poke|p2|Clefable, F|
|teampreview
|inactive|Battle timer is ON: inactive players will automatically lose when time's up. (requested by Fiexthur0314)
|j| Cuddly
|
|t:|1760846440
|teamsize|p1|6
|teamsize|p2|6
|start
|switch|p1a: Sapphire|Glimmora, F|100/100
|switch|p2a: Pelipper|Pelipper, F|100/100
|-weather|RainDance|[from] ability: Drizzle|[of] p2a: Pelipper
|turn|1
|
|t:|1760846464
|switch|p2a: Iron Treads|Iron Treads|100/100
|move|p1a: Sapphire|Earth Power|p2a: Iron Treads
|-supereffective|p2a: Iron Treads
|-damage|p2a: Iron Treads|27/100
|
|-weather|RainDance|[upkeep]
|-heal|p2a: Iron Treads|33/100|[from] item: Leftovers
|upkeep
|turn|2
|c| Cuddly|gl hf
|
|t:|1760846473
|switch|p1a: Blue (Da Ba Dee)|Samurott-Hisui, M|100/100
|move|p2a: Iron Treads|Earthquake|p1a: Blue (Da Ba Dee)
|-damage|p1a: Blue (Da Ba Dee)|50/100
|
|-weather|RainDance|[upkeep]
|-heal|p2a: Iron Treads|40/100|[from] item: Leftovers
|upkeep
|turn|3
|
|t:|1760846479
|-end|p2a: Iron Treads|Quark Drive|[silent]
|switch|p2a: Toxicroak|Toxicroak, M|100/100
|move|p1a: Blue (Da Ba Dee)|Aqua Jet|p2a: Toxicroak
|-immune|p2a: Toxicroak|[from] ability: Dry Skin
|
|-weather|RainDance|[upkeep]
|upkeep
|turn|4
|
|t:|1760846482
|move|p1a: Blue (Da Ba Dee)|Ceaseless Edge|p2a: Toxicroak
|-resisted|p2a: Toxicroak
|-damage|p2a: Toxicroak|80/100
|-damage|p1a: Blue (Da Ba Dee)|33/100|[from] item: Rocky Helmet|[of] p2a: Toxicroak
|-sidestart|p2: Fiexthur0314|Spikes
|move|p2a: Toxicroak|Drain Punch|p1a: Blue (Da Ba Dee)
|-supereffective|p1a: Blue (Da Ba Dee)
|-damage|p1a: Blue (Da Ba Dee)|0 fnt
|-heal|p2a: Toxicroak|95/100|[from] drain|[of] p1a: Blue (Da Ba Dee)
|faint|p1a: Blue (Da Ba Dee)
|
|-weather|RainDance|[upkeep]
|-heal|p2a: Toxicroak|100/100|[from] ability: Dry Skin
|upkeep
|l|☆Fiexthur0314
|inactive|Fiexthur0314 disconnected and has a minute to reconnect!
|player|p2|
|
|t:|1760846510
|switch|p1a: Blue Monday|Metagross|100/100
|turn|5
|c| Cuddly|btw how are you?
|c|☆PG Spectating|fine
|j|☆Fiexthur0314
|inactive|Fiexthur0314 reconnected and has 130 seconds left.
|player|p2|Fiexthur0314|101|
|
|t:|1760846534
|move|p2a: Toxicroak|Protect|p2a: Toxicroak
|-singleturn|p2a: Toxicroak|Protect
|move|p1a: Blue Monday|Psychic Fangs|p2a: Toxicroak
|-activate|p2a: Toxicroak|move: Protect
|
|-weather|RainDance|[upkeep]
|upkeep
|turn|6
|c|☆PG Spectating|really shouldn't be laddering on tilt
|c|☆PG Spectating|but
|
|t:|1760846545
|switch|p2a: Thundurus|Thundurus-Therian, M|100/100
|move|p1a: Blue Monday|Psychic Fangs|p2a: Thundurus
|-damage|p2a: Thundurus|31/100
|
|-weather|RainDance|[upkeep]
|upkeep
|turn|7
|
|t:|1760846548
|move|p2a: Thundurus|Weather Ball|p1a: Blue Monday
|-damage|p1a: Blue Monday|55/100
|move|p1a: Blue Monday|Knock Off|p2a: Thundurus
|-damage|p2a: Thundurus|0 fnt
|-enditem|p2a: Thundurus|Choice Specs|[from] move: Knock Off|[of] p1a: Blue Monday
|faint|p2a: Thundurus
|
|-weather|RainDance|[upkeep]
|upkeep
|
|t:|1760846559
|switch|p2a: Barraskewda|Barraskewda, M|100/100
|-damage|p2a: Barraskewda|88/100|[from] Spikes
|turn|8
|
|t:|1760846561
|move|p2a: Barraskewda|Liquidation|p1a: Blue Monday
|-damage|p1a: Blue Monday|0 fnt
|faint|p1a: Blue Monday
|
|-weather|none
|upkeep
|
|t:|1760846570
|switch|p1a: Pale Blue Eyes|Latios, M|100/100
|turn|9
|
|t:|1760846576
|switch|p2a: Clefable|Clefable, F|100/100
|move|p1a: Pale Blue Eyes|Calm Mind|p1a: Pale Blue Eyes
|-boost|p1a: Pale Blue Eyes|spa|1
|-boost|p1a: Pale Blue Eyes|spd|1
|
|upkeep
|turn|10
|
|t:|1760846581
|move|p1a: Pale Blue Eyes|Psyshock|p2a: Clefable
|-crit|p2a: Clefable
|-damage|p2a: Clefable|0 fnt
|faint|p2a: Clefable
|
|upkeep
|c|☆PG Spectating|myb
|
|t:|1760846587
|switch|p2a: Pelipper|Pelipper, F|100/100
|-weather|RainDance|[from] ability: Drizzle|[of] p2a: Pelipper
|turn|11
|
|t:|1760846590
|move|p1a: Pale Blue Eyes|Agility|p1a: Pale Blue Eyes
|-boost|p1a: Pale Blue Eyes|spe|2
|move|p2a: Pelipper|U-turn|p1a: Pale Blue Eyes
|-supereffective|p1a: Pale Blue Eyes
|-damage|p1a: Pale Blue Eyes|76/100
|-enditem|p1a: Pale Blue Eyes|Weakness Policy
|-boost|p1a: Pale Blue Eyes|atk|2|[from] item: Weakness Policy
|-boost|p1a: Pale Blue Eyes|spa|2|[from] item: Weakness Policy
|
|t:|1760846593
|switch|p2a: Barraskewda|Barraskewda, M|88/100|[from] U-turn
|-damage|p2a: Barraskewda|76/100|[from] Spikes
|
|-weather|RainDance|[upkeep]
|upkeep
|turn|12
|
|t:|1760846596
|-terastallize|p2a: Barraskewda|Water
|move|p2a: Barraskewda|Liquidation|p1a: Pale Blue Eyes
|-resisted|p1a: Pale Blue Eyes
|-damage|p1a: Pale Blue Eyes|0 fnt
|faint|p1a: Pale Blue Eyes
|
|-weather|RainDance|[upkeep]
|upkeep
|
|t:|1760846606
|switch|p1a: Sapphire|Glimmora, F|100/100
|turn|13
|
|t:|1760846611
|switch|p2a: Pelipper|Pelipper, F|100/100
|-terastallize|p1a: Sapphire|Grass
|move|p1a: Sapphire|Earth Power|p2a: Pelipper
|-immune|p2a: Pelipper
|
|-weather|RainDance|[upkeep]
|upkeep
|turn|14
|
|t:|1760846614
|move|p1a: Sapphire|Meteor Beam||[still]
|-prepare|p1a: Sapphire|Meteor Beam
|-boost|p1a: Sapphire|spa|1
|-enditem|p1a: Sapphire|Power Herb
|-anim|p1a: Sapphire|Meteor Beam|p2a: Pelipper
|-supereffective|p2a: Pelipper
|-damage|p2a: Pelipper|0 fnt
|faint|p2a: Pelipper
|
|-weather|RainDance|[upkeep]
|upkeep
|
|t:|1760846624
|switch|p2a: Iron Treads|Iron Treads|40/100
|-damage|p2a: Iron Treads|27/100|[from] Spikes
|turn|15
|
|t:|1760846635
|switch|p1a: Watercolour|Ogerpon-Wellspring, F|100/100
|move|p2a: Iron Treads|Ice Spinner|p1a: Watercolour
|-damage|p1a: Watercolour|76/100
|
|-weather|RainDance|[upkeep]
|-heal|p2a: Iron Treads|33/100|[from] item: Leftovers
|upkeep
|turn|16
|
|t:|1760846640
|-end|p2a: Iron Treads|Quark Drive|[silent]
|switch|p2a: Toxicroak|Toxicroak, M|100/100
|-damage|p2a: Toxicroak|88/100|[from] Spikes
|move|p1a: Watercolour|Swords Dance|p1a: Watercolour
|-boost|p1a: Watercolour|atk|2
|
|-weather|RainDance|[upkeep]
|-heal|p2a: Toxicroak|100/100|[from] ability: Dry Skin
|upkeep
|turn|17
|
|t:|1760846648
|move|p1a: Watercolour|Horn Leech|p2a: Toxicroak
|-resisted|p2a: Toxicroak
|-damage|p2a: Toxicroak|59/100
|-heal|p1a: Watercolour|100/100|[from] drain|[of] p2a: Toxicroak
|-damage|p1a: Watercolour|84/100|[from] item: Rocky Helmet|[of] p2a: Toxicroak
|move|p2a: Toxicroak|Toxic|p1a: Watercolour
|-status|p1a: Watercolour|tox
|
|-weather|RainDance|[upkeep]
|-heal|p2a: Toxicroak|72/100|[from] ability: Dry Skin
|-damage|p1a: Watercolour|78/100 tox|[from] psn
|upkeep
|turn|18
|
|t:|1760846655
|move|p1a: Watercolour|Swords Dance|p1a: Watercolour
|-boost|p1a: Watercolour|atk|2
|move|p2a: Toxicroak|Drain Punch|p1a: Watercolour
|-damage|p1a: Watercolour|42/100 tox
|-heal|p2a: Toxicroak|86/100|[from] drain|[of] p1a: Watercolour
|
|-weather|none
|-damage|p1a: Watercolour|30/100 tox|[from] psn
|upkeep
|turn|19
|
|t:|1760846664
|move|p2a: Toxicroak|Protect|p2a: Toxicroak
|-singleturn|p2a: Toxicroak|Protect
|move|p1a: Watercolour|Horn Leech|p2a: Toxicroak
|-activate|p2a: Toxicroak|move: Protect
|
|-damage|p1a: Watercolour|12/100 tox|[from] psn
|upkeep
|turn|20
|
|t:|1760846683
|move|p1a: Watercolour|Horn Leech|p2a: Toxicroak
|-resisted|p2a: Toxicroak
|-damage|p2a: Toxicroak|27/100
|-heal|p1a: Watercolour|48/100 tox|[from] drain|[of] p2a: Toxicroak
|-damage|p1a: Watercolour|32/100 tox|[from] item: Rocky Helmet|[of] p2a: Toxicroak
|move|p2a: Toxicroak|Drain Punch|p1a: Watercolour
|-damage|p1a: Watercolour|0 fnt
|-heal|p2a: Toxicroak|40/100|[from] drain|[of] p1a: Watercolour
|faint|p1a: Watercolour
|
|upkeep
|
|t:|1760846692
|switch|p1a: Sapphire|Glimmora, F, tera:Grass|100/100
|turn|21
|
|t:|1760846696
|move|p1a: Sapphire|Earth Power|p2a: Toxicroak
|-supereffective|p2a: Toxicroak
|-damage|p2a: Toxicroak|0 fnt
|faint|p2a: Toxicroak
|
|upkeep
|
|t:|1760846700
|switch|p2a: Iron Treads|Iron Treads|33/100
|-damage|p2a: Iron Treads|21/100|[from] Spikes
|turn|22
|
|t:|1760846707
|move|p2a: Iron Treads|Ice Spinner|p1a: Sapphire
|-supereffective|p1a: Sapphire
|-damage|p1a: Sapphire|48/100
|-activate|p1a: Sapphire|ability: Toxic Debris
|-sidestart|p2: Fiexthur0314|move: Toxic Spikes
|move|p1a: Sapphire|Earth Power|p2a: Iron Treads
|-supereffective|p2a: Iron Treads
|-damage|p2a: Iron Treads|0 fnt
|faint|p2a: Iron Treads
|-end|p2a: Iron Treads|Quark Drive|[silent]
|
|upkeep
|
|t:|1760846710
|switch|p2a: Barraskewda|Barraskewda, M, tera:Water|76/100
|-damage|p2a: Barraskewda|64/100|[from] Spikes
|-status|p2a: Barraskewda|psn
|turn|23
|
|t:|1760846712
|move|p2a: Barraskewda|Liquidation|p1a: Sapphire
|-resisted|p1a: Sapphire
|-damage|p1a: Sapphire|0 fnt
|-activate|p1a: Sapphire|ability: Toxic Debris
|-sidestart|p2: Fiexthur0314|move: Toxic Spikes
|faint|p1a: Sapphire
|
|-damage|p2a: Barraskewda|52/100 psn|[from] psn
|upkeep
|
|t:|1760846714
|switch|p1a: Mr. Blue Sky|Thundurus-Therian, M|100/100
|turn|24
|
|t:|1760846717
|move|p1a: Mr. Blue Sky|Thunderbolt|p2a: Barraskewda
|-supereffective|p2a: Barraskewda
|-damage|p2a: Barraskewda|0 fnt
|faint|p2a: Barraskewda
|
|win|PG Spectating
|raw|PG Spectating's rating: 1445 &rarr; <strong>1464</strong><br />(+19 for winning)
|raw|Fiexthur0314's rating: 1422 &rarr; <strong>1403</strong><br />(-19 for losing)
|l|☆Fiexthur0314
|player|p2|
|l|☆PG Spectating
|player|p1|
