|j|☆Oyana
|j|☆S-993311
|t:|1760841774
|gametype|singles
|player|p1|Oyana|lillie-z|1352
|player|p2|S-993311|fisherman-gen4|1447
|gen|9
|tier|[Gen 9] OU
|rated|
|rule|HP Percentage Mod: HP is shown in percentages
|rule|Endless Battle Clause: Forcing endless battles is banned
|rule|Species Clause: Limit one of each Pokémon
|rule|OHKO Clause: OHKO moves are banned
|rule|Evasion Items Clause: Evasion items are banned
|rule|Evasion Moves Clause: Evasion moves are banned
|rule|Evasion Abilities Clause: Evasion abilities are banned
|rule|Sleep Moves Clause: Sleep-inducing moves are banned
|clearpoke
|poke|p1|Landorus-Therian, M|
|poke|p1|Gholdengo|
|poke|p1|Thundurus-Therian, M|
|poke|p1|Scizor, M|
|poke|p1|Great Tusk|
|poke|p1|Samurott-Hisui, F|
|poke|p2|Thundurus-Therian, M|
|poke|p2|Raging Bolt|
|poke|p2|Slowking-Galar, F|
|poke|p2|Kyurem|
|poke|p2|Great Tusk|
|poke|p2|Moltres|
|teampreview
|inactive|Battle timer is ON: inactive players will automatically lose when time's up. (requested by S-993311)
|inactive|Oyana has 120 seconds left.
|inactive|Oyana has 90 seconds left.
|
|t:|1760841851
|teamsize|p1|6
|teamsize|p2|6
|start
|switch|p1a: Thundurus|Thundurus-Therian, M|100/100
|switch|p2a: Thundurus|Thundurus-Therian, M|100/100
|turn|1
|
|t:|1760841871
|-terastallize|p1a: Thundurus|Ice
|move|p1a: Thundurus|Tera Blast|p2a: Thundurus|[anim] Tera Blast Ice
|-supereffective|p2a: Thundurus
|-damage|p2a: Thundurus|0 fnt
|faint|p2a: Thundurus
|
|upkeep
|
|t:|1760841883
|switch|p2a: Slowking|Slowking-Galar, F|100/100
|turn|2
|
|t:|1760841904
|move|p1a: Thundurus|Volt Switch|p2a: Slowking
|-damage|p2a: Slowking|81/100
|inactive|Oyana has 120 seconds left.
|
|t:|1760841949
|switch|p1a: Landorus|Landorus-Therian, M|100/100|[from] Volt Switch
|-ability|p1a: Landorus|Intimidate|boost
|-unboost|p2a: Slowking|atk|1
|move|p2a: Slowking|Ice Beam|p1a: Landorus
|-supereffective|p1a: Landorus
|-damage|p1a: Landorus|0 fnt
|faint|p1a: Landorus
|
|upkeep
|
|t:|1760841956
|switch|p1a: Samurott|Samurott-Hisui, F, shiny|100/100
|turn|3
|
|t:|1760841968
|switch|p2a: Moltres|Moltres|100/100
|move|p1a: Samurott|Ceaseless Edge|p2a: Moltres|[miss]
|-miss|p1a: Samurott|p2a: Moltres
|
|upkeep
|turn|4
|
|t:|1760841977
|switch|p2a: Raging Bolt|Raging Bolt|100/100
|-enditem|p2a: Raging Bolt|Booster Energy
|-activate|p2a: Raging Bolt|ability: Protosynthesis|[fromitem]
|-start|p2a: Raging Bolt|protosynthesisspa
|move|p1a: Samurott|Razor Shell|p2a: Raging Bolt
|-resisted|p2a: Raging Bolt
|-damage|p2a: Raging Bolt|76/100
|-unboost|p2a: Raging Bolt|def|1
|
|upkeep
|turn|5
|inactive|Oyana has 90 seconds left.
|
|t:|1760842013
|switch|p1a: Great Tusk|Great Tusk|100/100
|move|p2a: Raging Bolt|Dragon Pulse|p1a: Great Tusk
|-damage|p1a: Great Tusk|38/100
|
|upkeep
|turn|6
|
|t:|1760842030
|-end|p2a: Raging Bolt|Protosynthesis|[silent]
|switch|p2a: Moltres|Moltres|100/100
|move|p1a: Great Tusk|Headlong Rush|p2a: Moltres
|-immune|p2a: Moltres
|
|upkeep
|turn|7
|
|t:|1760842047
|-end|p1a: Great Tusk|Protosynthesis|[silent]
|switch|p1a: Samurott|Samurott-Hisui, F, shiny|100/100
|move|p2a: Moltres|Hurricane|p1a: Samurott
|-damage|p1a: Samurott|60/100
|
|upkeep
|turn|8
|
|t:|1760842058
|move|p1a: Samurott|Razor Shell|p2a: Moltres
|-supereffective|p2a: Moltres
|-damage|p2a: Moltres|24/100
|-unboost|p2a: Moltres|def|1
|-status|p1a: Samurott|brn|[from] ability: Flame Body|[of] p2a: Moltres
|move|p2a: Moltres|U-turn|p1a: Samurott
|-supereffective|p1a: Samurott
|-damage|p1a: Samurott|23/100 brn
|
|t:|1760842069
|switch|p2a: Raging Bolt|Raging Bolt|76/100|[from] U-turn
|
|-damage|p1a: Samurott|17/100 brn|[from] brn
|upkeep
|turn|9
|
|t:|1760842074
|move|p1a: Samurott|Sucker Punch|p2a: Raging Bolt
|-damage|p2a: Raging Bolt|62/100
|move|p2a: Raging Bolt|Thunderclap||[still]
|-fail|p2a: Raging Bolt
|
|-damage|p1a: Samurott|11/100 brn|[from] brn
|upkeep
|turn|10
|inactive|Oyana has 90 seconds left.
|
|t:|1760842081
|move|p1a: Samurott|Ceaseless Edge|p2a: Raging Bolt
|-damage|p2a: Raging Bolt|42/100
|-sidestart|p2: S-993311|Spikes
|move|p2a: Raging Bolt|Calm Mind|p2a: Raging Bolt
|-boost|p2a: Raging Bolt|spa|1
|-boost|p2a: Raging Bolt|spd|1
|
|-damage|p1a: Samurott|5/100 brn|[from] brn
|upkeep
|turn|11
|inactive|Oyana has 90 seconds left.
|
|t:|1760842099
|move|p1a: Samurott|Ceaseless Edge|p2a: Raging Bolt
|-damage|p2a: Raging Bolt|23/100
|-sidestart|p2: S-993311|Spikes
|move|p2a: Raging Bolt|Dragon Pulse|p1a: Samurott
|-damage|p1a: Samurott|0 fnt
|faint|p1a: Samurott
|
|upkeep
|
|t:|1760842109
|switch|p1a: Thundurus|Thundurus-Therian, M, tera:Ice|100/100
|turn|12
|
|t:|1760842123
|move|p2a: Raging Bolt|Thunderclap|p1a: Thundurus
|-immune|p1a: Thundurus|[from] ability: Volt Absorb
|move|p1a: Thundurus|Tera Blast|p2a: Raging Bolt|[anim] Tera Blast Ice
|-supereffective|p2a: Raging Bolt
|-damage|p2a: Raging Bolt|0 fnt
|faint|p2a: Raging Bolt
|-end|p2a: Raging Bolt|Protosynthesis|[silent]
|
|upkeep
|
|t:|1760842133
|switch|p2a: Slowking|Slowking-Galar, F|100/100
|-damage|p2a: Slowking|84/100|[from] Spikes
|turn|13
|inactive|Oyana has 90 seconds left.
|inactive|Oyana has 60 seconds left.
|
|t:|1760842169
|move|p1a: Thundurus|Knock Off|p2a: Slowking
|-supereffective|p2a: Slowking
|-crit|p2a: Slowking
|-damage|p2a: Slowking|16/100
|-enditem|p2a: Slowking|Assault Vest|[from] move: Knock Off|[of] p1a: Thundurus
|move|p2a: Slowking|Flamethrower|p1a: Thundurus
|-supereffective|p1a: Thundurus
|-damage|p1a: Thundurus|21/100
|
|upkeep
|turn|14
|inactive|Oyana has 60 seconds left.
|
|t:|1760842196
|switch|p2a: Moltres|Moltres|24/100
|move|p1a: Thundurus|Discharge|p2a: Moltres
|-supereffective|p2a: Moltres
|-damage|p2a: Moltres|0 fnt
|faint|p2a: Moltres
|
|upkeep
|inactive|S-993311 has 120 seconds left.
|
|t:|1760842214
|switch|p2a: Kyurem|Kyurem|100/100
|-damage|p2a: Kyurem|84/100|[from] Spikes
|-ability|p2a: Kyurem|Pressure
|turn|15
|inactive|S-993311 has 120 seconds left.
|inactive|Oyana has 60 seconds left.
|inactive|Oyana has 30 seconds left.
|inactive|Oyana has 20 seconds left.
|inactive|Oyana has 15 seconds left.
|
|t:|1760842274
|switch|p1a: Scizor|Scizor, M|100/100
|move|p2a: Kyurem|Ice Beam|p1a: Scizor
|-resisted|p1a: Scizor
|-damage|p1a: Scizor|68/100
|
|upkeep
|turn|16
|inactive|Oyana has 25 seconds left this turn.
|
|t:|1760842281
|switch|p2a: Great Tusk|Great Tusk|100/100
|move|p1a: Scizor|Bullet Punch|p2a: Great Tusk
|-damage|p2a: Great Tusk|76/100
|
|upkeep
|turn|17
|inactive|Oyana has 30 seconds left.
|
|t:|1760842292
|move|p2a: Great Tusk|Ice Spinner|p1a: Scizor
|-resisted|p1a: Scizor
|-damage|p1a: Scizor|55/100
|move|p1a: Scizor|Knock Off|p2a: Great Tusk
|-resisted|p2a: Great Tusk
|-damage|p2a: Great Tusk|65/100
|-enditem|p2a: Great Tusk|Heavy-Duty Boots|[from] move: Knock Off|[of] p1a: Scizor
|
|upkeep
|turn|18
|inactive|Oyana has 30 seconds left.
|inactive|Oyana has 20 seconds left.
|
|t:|1760842309
|move|p2a: Great Tusk|Stealth Rock|p1a: Scizor
|-sidestart|p1: Oyana|move: Stealth Rock
|move|p1a: Scizor|Swords Dance|p1a: Scizor
|-boost|p1a: Scizor|atk|2
|
|upkeep
|turn|19
|inactive|Oyana has 30 seconds left this turn.
|
|t:|1760842313
|move|p1a: Scizor|Bullet Punch|p2a: Great Tusk
|-damage|p2a: Great Tusk|10/100
|move|p2a: Great Tusk|Rapid Spin|p1a: Scizor
|-resisted|p1a: Scizor
|-damage|p1a: Scizor|47/100
|-boost|p2a: Great Tusk|spe|1
|-sideend|p2: S-993311|Spikes|[from] move: Rapid Spin|[of] p2a: Great Tusk
|
|upkeep
|turn|20
|
|t:|1760842323
|move|p1a: Scizor|Bullet Punch|p2a: Great Tusk
|-damage|p2a: Great Tusk|0 fnt
|faint|p2a: Great Tusk
|-end|p2a: Great Tusk|Protosynthesis|[silent]
|
|upkeep
|
|t:|1760842330
|switch|p2a: Kyurem|Kyurem|84/100
|-ability|p2a: Kyurem|Pressure
|turn|21
|
|t:|1760842332
|-terastallize|p2a: Kyurem|Ground
|move|p1a: Scizor|Bullet Punch|p2a: Kyurem
|-damage|p2a: Kyurem|5/100
|move|p2a: Kyurem|Earth Power|p1a: Scizor
|-crit|p1a: Scizor
|-damage|p1a: Scizor|0 fnt
|faint|p1a: Scizor
|
|upkeep
|
|t:|1760842341
|switch|p1a: Gholdengo|Gholdengo|100/100
|-damage|p1a: Gholdengo|94/100|[from] Stealth Rock
|turn|22
|
|t:|1760842345
|move|p2a: Kyurem|Earth Power|p1a: Gholdengo
|-supereffective|p1a: Gholdengo
|-damage|p1a: Gholdengo|0 fnt
|faint|p1a: Gholdengo
|
|upkeep
|inactive|Oyana has 60 seconds left.
|
|t:|1760842362
|switch|p1a: Great Tusk|Great Tusk|38/100
|-damage|p1a: Great Tusk|35/100|[from] Stealth Rock
|turn|23
|
|t:|1760842370
|move|p2a: Kyurem|Earth Power|p1a: Great Tusk
|-damage|p1a: Great Tusk|0 fnt
|faint|p1a: Great Tusk
|-end|p1a: Great Tusk|Protosynthesis|[silent]
|
|upkeep
|
|t:|1760842373
|switch|p1a: Thundurus|Thundurus-Therian, M, tera:Ice|21/100
|turn|24
|
|t:|1760842377
|move|p2a: Kyurem|Earth Power|p1a: Thundurus
|-damage|p1a: Thundurus|0 fnt
|faint|p1a: Thundurus
|
|win|S-993311
|raw|Oyana's rating: 1352 &rarr; <strong>1337</strong><br />(-15 for losing)
|raw|S-993311's rating: 1447 &rarr; <strong>1462</strong><br />(+15 for winning)
|c|☆Oyana|GG
|c|☆S-993311|take even more time next match
|c|☆S-993311|i'm sure it'll help out
|c|☆S-993311|bum
|c|☆Oyana|My b I’m walking
|c|☆Oyana|:,(
