|j|☆bronzong72
|j|☆Monarith
|t:|1760851166
|gametype|singles
|player|p1|bronzong72|falkner|1262
|player|p2|Monarith|wicke|1253
|gen|9
|tier|[Gen 9] OU
|rated|
|rule|HP Percentage Mod: HP is shown in percentages
|rule|Endless Battle Clause: Forcing endless battles is banned
|rule|Species Clause: Limit one of each Pokémon
|rule|OHKO Clause: OHKO moves are banned
|rule|Evasion Items Clause: Evasion items are banned
|rule|Evasion Moves Clause: Evasion moves are banned
|rule|Evasion Abilities Clause: Evasion abilities are banned
|rule|Sleep Moves Clause: Sleep-inducing moves are banned
|clearpoke
|poke|p1|Glimmora, F|
|poke|p1|Whimsicott, M|
|poke|p1|Spidops, M|
|poke|p1|Iron Treads|
|poke|p1|Dachsbun, F|
|poke|p1|Walking Wake|
|poke|p2|Eelektross, F|
|poke|p2|Dragapult, F|
|poke|p2|Hatterene, F|
|poke|p2|Iron Treads|
|poke|p2|Iron Moth|
|poke|p2|Ogerpon-Wellspring, F|
|teampreview
|inactive|Battle timer is ON: inactive players will automatically lose when time's up. (requested by bronzong72)
|
|t:|1760851177
|teamsize|p1|6
|teamsize|p2|6
|start
|switch|p1a: Iron Treads|Iron Treads|100/100
|switch|p2a: Dragapult|Dragapult, F|100/100
|turn|1
|
|t:|1760851184
|move|p2a: Dragapult|Will-O-Wisp|p1a: Iron Treads
|-status|p1a: Iron Treads|brn
|move|p1a: Iron Treads|Stealth Rock|p2a: Dragapult
|-sidestart|p2: Monarith|move: Stealth Rock
|
|-damage|p1a: Iron Treads|94/100 brn|[from] brn
|upkeep
|turn|2
|
|t:|1760851193
|move|p2a: Dragapult|U-turn|p1a: Iron Treads
|-resisted|p1a: Iron Treads
|-damage|p1a: Iron Treads|87/100 brn
|
|t:|1760851196
|switch|p2a: Iron Treads|Iron Treads|100/100|[from] U-turn
|move|p1a: Iron Treads|Ice Spinner|p2a: Iron Treads
|-damage|p2a: Iron Treads|90/100
|
|-heal|p1a: Iron Treads|93/100 brn|[from] item: Leftovers
|-damage|p1a: Iron Treads|87/100 brn|[from] brn
|upkeep
|turn|3
|
|t:|1760851209
|-terastallize|p1a: Iron Treads|Ghost
|move|p1a: Iron Treads|Earthquake|p2a: Iron Treads
|-supereffective|p2a: Iron Treads
|-damage|p2a: Iron Treads|48/100
|move|p2a: Iron Treads|Earthquake|p1a: Iron Treads
|-damage|p1a: Iron Treads|47/100 brn
|
|-heal|p1a: Iron Treads|53/100 brn|[from] item: Leftovers
|-damage|p1a: Iron Treads|47/100 brn|[from] brn
|upkeep
|turn|4
|
|t:|1760851228
|-end|p2a: Iron Treads|Quark Drive|[silent]
|switch|p2a: Eelektross|Eelektross, F|100/100
|-damage|p2a: Eelektross|88/100|[from] Stealth Rock
|move|p1a: Iron Treads|Earthquake|p2a: Eelektross
|-immune|p2a: Eelektross|[from] ability: Levitate
|
|-heal|p1a: Iron Treads|53/100 brn|[from] item: Leftovers
|-heal|p2a: Eelektross|94/100|[from] item: Leftovers
|-damage|p1a: Iron Treads|47/100 brn|[from] brn
|upkeep
|turn|5
|
|t:|1760851242
|-end|p1a: Iron Treads|Quark Drive|[silent]
|switch|p1a: Walking Wake|Walking Wake|100/100
|move|p2a: Eelektross|Coil|p2a: Eelektross
|-boost|p2a: Eelektross|atk|1
|-boost|p2a: Eelektross|def|1
|-boost|p2a: Eelektross|accuracy|1
|
|-heal|p2a: Eelektross|100/100|[from] item: Leftovers
|upkeep
|turn|6
|
|t:|1760851251
|switch|p2a: Hatterene|Hatterene, F|100/100
|-damage|p2a: Hatterene|88/100|[from] Stealth Rock
|move|p1a: Walking Wake|Surf|p2a: Hatterene
|-damage|p2a: Hatterene|58/100
|
|upkeep
|turn|7
|
|t:|1760851262
|move|p1a: Walking Wake|Flip Turn|p2a: Hatterene
|-damage|p2a: Hatterene|39/100
|
|t:|1760851269
|-end|p1a: Walking Wake|Protosynthesis|[silent]
|switch|p1a: Iron Treads|Iron Treads, tera:Ghost|47/100 brn|[from] Flip Turn
|move|p2a: Hatterene|Nuzzle|p1a: Iron Treads
|-damage|p1a: Iron Treads|44/100 brn
|
|-heal|p1a: Iron Treads|50/100 brn|[from] item: Leftovers
|-damage|p1a: Iron Treads|44/100 brn|[from] brn
|upkeep
|turn|8
|
|t:|1760851280
|move|p1a: Iron Treads|Earthquake|p2a: Hatterene
|-damage|p2a: Hatterene|11/100
|move|p2a: Hatterene|Giga Drain|p1a: Iron Treads
|-damage|p1a: Iron Treads|0 fnt
|-heal|p2a: Hatterene|33/100|[from] drain|[of] p1a: Iron Treads
|faint|p1a: Iron Treads
|-end|p1a: Iron Treads|Quark Drive|[silent]
|
|upkeep
|inactive|bronzong72 has 120 seconds left.
|
|t:|1760851316
|switch|p1a: Spidops|Spidops, M|100/100
|turn|9
|
|t:|1760851321
|move|p1a: Spidops|Knock Off|p2a: Hatterene
|-damage|p2a: Hatterene|11/100
|-enditem|p2a: Hatterene|Assault Vest|[from] move: Knock Off|[of] p1a: Spidops
|move|p2a: Hatterene|Nuzzle|p1a: Spidops
|-damage|p1a: Spidops|97/100
|-status|p1a: Spidops|par
|
|upkeep
|turn|10
|
|t:|1760851339
|move|p2a: Hatterene|Dazzling Gleam|p1a: Spidops
|-damage|p1a: Spidops|38/100 par
|move|p1a: Spidops|Circle Throw|p2a: Hatterene
|-resisted|p2a: Hatterene
|-damage|p2a: Hatterene|7/100
|drag|p2a: Iron Treads|Iron Treads|48/100
|
|upkeep
|turn|11
|
|t:|1760851348
|switch|p1a: Dachsbun|Dachsbun, F|100/100
|move|p2a: Iron Treads|Rapid Spin|p1a: Dachsbun
|-damage|p1a: Dachsbun|90/100
|-boost|p2a: Iron Treads|spe|1
|-damage|p2a: Iron Treads|32/100|[from] item: Rocky Helmet|[of] p1a: Dachsbun
|-sideend|p2: Monarith|Stealth Rock|[from] move: Rapid Spin|[of] p2a: Iron Treads
|
|upkeep
|turn|12
|
|t:|1760851363
|move|p2a: Iron Treads|Iron Head|p1a: Dachsbun
|-supereffective|p1a: Dachsbun
|-damage|p1a: Dachsbun|41/100
|-damage|p2a: Iron Treads|15/100|[from] item: Rocky Helmet|[of] p1a: Dachsbun
|cant|p1a: Dachsbun|flinch
|
|upkeep
|turn|13
|
|t:|1760851375
|move|p2a: Iron Treads|Iron Head|p1a: Dachsbun
|-supereffective|p1a: Dachsbun
|-damage|p1a: Dachsbun|0 fnt
|-damage|p2a: Iron Treads|0 fnt|[from] item: Rocky Helmet|[of] p1a: Dachsbun
|faint|p1a: Dachsbun
|faint|p2a: Iron Treads
|-end|p2a: Iron Treads|Quark Drive|[silent]
|
|upkeep
|
|t:|1760851388
|switch|p2a: Dragapult|Dragapult, F|100/100
|switch|p1a: Spidops|Spidops, M|38/100 par
|turn|14
|
|t:|1760851394
|move|p2a: Dragapult|U-turn|p1a: Spidops
|-damage|p1a: Spidops|25/100 par
|
|t:|1760851396
|switch|p2a: Hatterene|Hatterene, F|7/100|[from] U-turn
|move|p1a: Spidops|Knock Off|p2a: Hatterene
|-damage|p2a: Hatterene|0 fnt
|faint|p2a: Hatterene
|
|upkeep
|
|t:|1760851402
|switch|p2a: Dragapult|Dragapult, F|100/100
|turn|15
|
|t:|1760851406
|move|p2a: Dragapult|Hex|p1a: Spidops
|-damage|p1a: Spidops|0 fnt
|faint|p1a: Spidops
|
|upkeep
|
|t:|1760851423
|switch|p1a: Whimsicott|Whimsicott, M|100/100
|turn|16
|
|t:|1760851434
|move|p1a: Whimsicott|Leech Seed|p2a: Dragapult
|-start|p2a: Dragapult|move: Leech Seed
|move|p2a: Dragapult|Thunder Wave|p1a: Whimsicott
|-status|p1a: Whimsicott|par
|
|-damage|p2a: Dragapult|88/100|[from] Leech Seed|[of] p1a: Whimsicott
|upkeep
|turn|17
|
|t:|1760851442
|move|p2a: Dragapult|U-turn|p1a: Whimsicott
|-damage|p1a: Whimsicott|87/100 par
|
|t:|1760851446
|switch|p2a: Iron Moth|Iron Moth|100/100|[from] U-turn
|-enditem|p2a: Iron Moth|Booster Energy
|-activate|p2a: Iron Moth|ability: Quark Drive|[fromitem]
|-start|p2a: Iron Moth|quarkdrivespe
|cant|p1a: Whimsicott|par
|
|upkeep
|turn|18
|
|t:|1760851454
|move|p1a: Whimsicott|Leech Seed|p2a: Iron Moth
|-start|p2a: Iron Moth|move: Leech Seed
|move|p2a: Iron Moth|Fiery Dance|p1a: Whimsicott
|-supereffective|p1a: Whimsicott
|-damage|p1a: Whimsicott|0 fnt
|faint|p1a: Whimsicott
|
|upkeep
|
|t:|1760851461
|switch|p1a: Glimmora|Glimmora, F|100/100
|-item|p1a: Glimmora|Air Balloon
|turn|19
|
|t:|1760851470
|move|p2a: Iron Moth|Fiery Dance|p1a: Glimmora
|-resisted|p1a: Glimmora
|-damage|p1a: Glimmora|76/100
|-enditem|p1a: Glimmora|Air Balloon
|move|p1a: Glimmora|Rock Polish|p1a: Glimmora
|-boost|p1a: Glimmora|spe|2
|
|-damage|p2a: Iron Moth|88/100|[from] Leech Seed|[of] p1a: Glimmora
|-heal|p1a: Glimmora|89/100|[silent]
|upkeep
|turn|20
|
|t:|1760851476
|-terastallize|p2a: Iron Moth|Ground
|move|p1a: Glimmora|Power Gem|p2a: Iron Moth
|-resisted|p2a: Iron Moth
|-damage|p2a: Iron Moth|69/100
|move|p2a: Iron Moth|Tera Blast|p1a: Glimmora|[anim] Tera Blast Ground
|-supereffective|p1a: Glimmora
|-damage|p1a: Glimmora|0 fnt
|faint|p1a: Glimmora
|
|upkeep
|-message|bronzong72 forfeited.
|
|win|Monarith
|raw|bronzong72's rating: 1262 &rarr; <strong>1236</strong><br />(-26 for losing)
|raw|Monarith's rating: 1253 &rarr; <strong>1279</strong><br />(+26 for winning)
|l|☆bronzong72
|player|p1|
|l|☆Monarith
|player|p2|
