|j|‽FDelita
|j|☆go b3yond
|t:|1760723351
|gametype|singles
|player|p1|FDelita|silver-gen2|1470
|player|p2|go b3yond|waiter-gen4dp|1506
|gen|9
|tier|[Gen 9] OU
|rated|
|rule|HP Percentage Mod: HP is shown in percentages
|rule|Endless Battle Clause: Forcing endless battles is banned
|rule|Species Clause: Limit one of each Pokémon
|rule|OHKO Clause: OHKO moves are banned
|rule|Evasion Items Clause: Evasion items are banned
|rule|Evasion Moves Clause: Evasion moves are banned
|rule|Evasion Abilities Clause: Evasion abilities are banned
|rule|Sleep Moves Clause: Sleep-inducing moves are banned
|clearpoke
|poke|p1|Skarmory, M|
|poke|p1|Darkrai|
|poke|p1|Meowscarada, M|
|poke|p1|Glimmora, F|
|poke|p1|Iron Treads|
|poke|p1|Blissey, F|
|poke|p2|Torkoal, F|
|poke|p2|Brute Bonnet|
|poke|p2|Walking Wake|
|poke|p2|Hatterene, F|
|poke|p2|Thundurus-Therian, M|
|poke|p2|Ceruledge, F|
|teampreview
|inactive|Battle timer is ON: inactive players will automatically lose when time's up. (requested by go b3yond)
|inactive|FDelita has 120 seconds left.
|
|t:|1760723410
|teamsize|p1|6
|teamsize|p2|6
|start
|switch|p1a: Glimmora|Glimmora, F|100/100
|switch|p2a: Great Bait|Torkoal, F, shiny|100/100
|-weather|SunnyDay|[from] ability: Drought|[of] p2a: Great Bait
|turn|1
|
|t:|1760723419
|switch|p2a: Witch|Hatterene, F, shiny|100/100
|move|p1a: Glimmora|Meteor Beam||[still]
|-prepare|p1a: Glimmora|Meteor Beam
|-boost|p1a: Glimmora|spa|1
|-enditem|p1a: Glimmora|Power Herb
|-anim|p1a: Glimmora|Meteor Beam|p2a: Witch
|-damage|p2a: Witch|1/100
|-enditem|p2a: Witch|Eject Button
|
|t:|1760723426
|switch|p2a: Shark|Walking Wake|100/100
|-activate|p2a: Shark|ability: Protosynthesis
|-start|p2a: Shark|protosynthesisspe
|
|-weather|SunnyDay|[upkeep]
|upkeep
|turn|2
|
|t:|1760723434
|switch|p1a: Blissey|Blissey, F|100/100
|move|p2a: Shark|Hydro Steam|p1a: Blissey
|-damage|p1a: Blissey|83/100
|
|-weather|SunnyDay|[upkeep]
|-heal|p1a: Blissey|89/100|[from] item: Leftovers
|upkeep
|turn|3
|
|t:|1760723439
|move|p2a: Shark|Flip Turn|p1a: Blissey
|-crit|p1a: Blissey
|-damage|p1a: Blissey|77/100
|
|t:|1760723442
|-end|p2a: Shark|Protosynthesis|[silent]
|switch|p2a: Witch|Hatterene, F, shiny|1/100|[from] Flip Turn
|move|p1a: Blissey|Stealth Rock|p2a: Witch
|move|p2a: Witch|Stealth Rock|p1a: Blissey|[from] ability: Magic Bounce
|-sidestart|p1: FDelita|move: Stealth Rock
|
|-weather|SunnyDay|[upkeep]
|-heal|p1a: Blissey|83/100|[from] item: Leftovers
|upkeep
|turn|4
|
|t:|1760723445
|move|p1a: Blissey|Seismic Toss|p2a: Witch
|-damage|p2a: Witch|0 fnt
|faint|p2a: Witch
|
|-weather|SunnyDay|[upkeep]
|-heal|p1a: Blissey|89/100|[from] item: Leftovers
|upkeep
|
|t:|1760723448
|switch|p2a: BRUTE FORCE|Brute Bonnet|100/100
|-activate|p2a: BRUTE FORCE|ability: Protosynthesis
|-start|p2a: BRUTE FORCE|protosynthesisatk
|turn|5
|
|t:|1760723451
|switch|p1a: Skarmory|Skarmory, M|100/100
|-damage|p1a: Skarmory|88/100|[from] Stealth Rock
|move|p2a: BRUTE FORCE|Growth|p2a: BRUTE FORCE
|-boost|p2a: BRUTE FORCE|atk|2
|-boost|p2a: BRUTE FORCE|spa|2
|
|-weather|SunnyDay|[upkeep]
|upkeep
|turn|6
|
|t:|1760723455
|-terastallize|p2a: BRUTE FORCE|Fire
|move|p1a: Skarmory|Iron Defense|p1a: Skarmory
|-boost|p1a: Skarmory|def|2
|move|p2a: BRUTE FORCE|Tera Blast|p1a: Skarmory|[anim] Tera Blast Fire
|-supereffective|p1a: Skarmory
|-damage|p1a: Skarmory|0 fnt
|faint|p1a: Skarmory
|
|-weather|SunnyDay|[upkeep]
|upkeep
|
|t:|1760723466
|switch|p1a: Glimmora|Glimmora, F|100/100
|-damage|p1a: Glimmora|88/100|[from] Stealth Rock
|turn|7
|
|t:|1760723481
|move|p2a: BRUTE FORCE|Sucker Punch|p1a: Glimmora
|-crit|p1a: Glimmora
|-damage|p1a: Glimmora|0 fnt
|-activate|p1a: Glimmora|ability: Toxic Debris
|-sidestart|p2: go b3yond|move: Toxic Spikes
|faint|p1a: Glimmora
|
|-weather|SunnyDay|[upkeep]
|upkeep
|
|t:|1760723484
|switch|p1a: Iron Treads|Iron Treads|100/100
|-damage|p1a: Iron Treads|97/100|[from] Stealth Rock
|turn|8
|inactive|go b3yond has 120 seconds left.
|
|t:|1760723518
|move|p1a: Iron Treads|Earthquake|p2a: BRUTE FORCE
|-supereffective|p2a: BRUTE FORCE
|-damage|p2a: BRUTE FORCE|32/100
|move|p2a: BRUTE FORCE|Tera Blast|p1a: Iron Treads|[anim] Tera Blast Fire
|-supereffective|p1a: Iron Treads
|-damage|p1a: Iron Treads|0 fnt
|faint|p1a: Iron Treads
|-end|p1a: Iron Treads|Quark Drive|[silent]
|
|-weather|none
|-end|p2a: BRUTE FORCE|Protosynthesis
|upkeep
|
|t:|1760723522
|switch|p1a: Darkrai|Darkrai|100/100
|-damage|p1a: Darkrai|88/100|[from] Stealth Rock
|turn|9
|
|t:|1760723524
|move|p2a: BRUTE FORCE|Sucker Punch|p1a: Darkrai
|-resisted|p1a: Darkrai
|-damage|p1a: Darkrai|38/100
|move|p1a: Darkrai|Dark Pulse|p2a: BRUTE FORCE
|-damage|p2a: BRUTE FORCE|0 fnt
|faint|p2a: BRUTE FORCE
|-end|p2a: BRUTE FORCE|Protosynthesis|[silent]
|
|-heal|p1a: Darkrai|44/100|[from] item: Leftovers
|upkeep
|
|t:|1760723528
|switch|p2a: Great Bait|Torkoal, F, shiny|100/100
|-status|p2a: Great Bait|psn
|-weather|SunnyDay|[from] ability: Drought|[of] p2a: Great Bait
|turn|10
|
|t:|1760723531
|move|p1a: Darkrai|Dark Pulse|p2a: Great Bait
|-damage|p2a: Great Bait|50/100 psn
|move|p2a: Great Bait|Rapid Spin|p1a: Darkrai
|-damage|p1a: Darkrai|31/100
|-boost|p2a: Great Bait|spe|1
|-sideend|p2: go b3yond|Toxic Spikes|[from] move: Rapid Spin|[of] p2a: Great Bait
|
|-weather|SunnyDay|[upkeep]
|-heal|p1a: Darkrai|37/100|[from] item: Leftovers
|-damage|p2a: Great Bait|37/100 psn|[from] psn
|upkeep
|turn|11
|
|t:|1760723536
|move|p1a: Darkrai|Dark Pulse|p2a: Great Bait
|-damage|p2a: Great Bait|0 fnt
|faint|p2a: Great Bait
|
|-weather|SunnyDay|[upkeep]
|-heal|p1a: Darkrai|43/100|[from] item: Leftovers
|upkeep
|
|t:|1760723544
|switch|p2a: Shark|Walking Wake|100/100
|-activate|p2a: Shark|ability: Protosynthesis
|-start|p2a: Shark|protosynthesisspe
|turn|12
|
|t:|1760723546
|move|p2a: Shark|Hydro Steam|p1a: Darkrai
|-damage|p1a: Darkrai|0 fnt
|faint|p1a: Darkrai
|
|-weather|SunnyDay|[upkeep]
|upkeep
|
|t:|1760723548
|switch|p1a: Blissey|Blissey, F|89/100
|-damage|p1a: Blissey|77/100|[from] Stealth Rock
|turn|13
|
|t:|1760723550
|move|p2a: Shark|Flip Turn|p1a: Blissey
|-damage|p1a: Blissey|69/100
|
|t:|1760723551
|-end|p2a: Shark|Protosynthesis|[silent]
|switch|p2a: Knight|Ceruledge, F|100/100|[from] Flip Turn
|move|p1a: Blissey|Thunder Wave|p2a: Knight
|-status|p2a: Knight|par
|
|-weather|SunnyDay|[upkeep]
|-heal|p1a: Blissey|75/100|[from] item: Leftovers
|upkeep
|turn|14
|
|t:|1760723556
|cant|p2a: Knight|par
|move|p1a: Blissey|Seismic Toss|p2a: Knight
|-immune|p2a: Knight
|
|-weather|SunnyDay|[upkeep]
|-heal|p1a: Blissey|81/100|[from] item: Leftovers
|upkeep
|turn|15
|
|t:|1760723564
|move|p2a: Knight|Bitter Blade|p1a: Blissey
|-damage|p1a: Blissey|11/100
|move|p1a: Blissey|Stealth Rock|p2a: Knight
|-sidestart|p2: go b3yond|move: Stealth Rock
|
|-weather|SunnyDay|[upkeep]
|-heal|p1a: Blissey|17/100|[from] item: Leftovers
|upkeep
|turn|16
|
|t:|1760723573
|move|p2a: Knight|Bitter Blade|p1a: Blissey
|-crit|p1a: Blissey
|-damage|p1a: Blissey|0 fnt
|faint|p1a: Blissey
|
|-weather|SunnyDay|[upkeep]
|upkeep
|
|t:|1760723575
|switch|p1a: Meowscarada|Meowscarada, M|100/100
|-damage|p1a: Meowscarada|88/100|[from] Stealth Rock
|turn|17
|
|t:|1760723579
|move|p1a: Meowscarada|Knock Off|p2a: Knight
|-start|p1a: Meowscarada|typechange|Dark|[from] ability: Protean
|-supereffective|p2a: Knight
|-enditem|p2a: Knight|Focus Sash
|-damage|p2a: Knight|1/100 par
|-ability|p2a: Knight|Weak Armor|boost
|-unboost|p2a: Knight|def|1
|-boost|p2a: Knight|spe|2
|move|p2a: Knight|Bitter Blade|p1a: Meowscarada
|-damage|p1a: Meowscarada|0 fnt
|-heal|p2a: Knight|45/100 par|[from] drain|[of] p1a: Meowscarada
|faint|p1a: Meowscarada
|
|win|go b3yond
|raw|FDelita's rating: 1470 &rarr; <strong>1452</strong><br />(-18 for losing)
|raw|go b3yond's rating: 1506 &rarr; <strong>1524</strong><br />(+18 for winning)
|l|‽FDelita
|player|p1|
|l|☆go b3yond
|player|p2|
