|j|☆Captain Izanagi
|j|☆tenjiz160534
|t:|1760825778
|gametype|singles
|player|p1|Captain Izanagi|ltsurge|1210
|player|p2|tenjiz160534|harlequin|1222
|gen|9
|tier|[Gen 9] OU
|rated|
|rule|HP Percentage Mod: HP is shown in percentages
|rule|Endless Battle Clause: Forcing endless battles is banned
|rule|Species Clause: Limit one of each Pokémon
|rule|OHKO Clause: OHKO moves are banned
|rule|Evasion Items Clause: Evasion items are banned
|rule|Evasion Moves Clause: Evasion moves are banned
|rule|Evasion Abilities Clause: Evasion abilities are banned
|rule|Sleep Moves Clause: Sleep-inducing moves are banned
|clearpoke
|poke|p1|Pelipper, M|
|poke|p1|Mismagius, M|
|poke|p1|Lycanroc-Midnight, M|
|poke|p1|Torterra, M|
|poke|p1|Moltres-Galar|
|poke|p1|Kingambit, M|
|poke|p2|Comfey, F|
|poke|p2|Whimsicott, M|
|poke|p2|Iron Moth|
|poke|p2|Walking Wake|
|poke|p2|Great Tusk|
|poke|p2|Ninetales, M|
|teampreview
|inactive|Battle timer is ON: inactive players will automatically lose when time's up. (requested by tenjiz160534)
|inactive|Captain Izanagi also wants the timer to be on.
|inactive|tenjiz160534 has 120 seconds left.
|
|t:|1760825835
|teamsize|p1|6
|teamsize|p2|6
|start
|switch|p1a: Pelippa The Rapper|Pelipper, M|100/100
|switch|p2a: Ninetales|Ninetales, M|100/100
|-weather|SunnyDay|[from] ability: Drought|[of] p2a: Ninetales
|-weather|RainDance|[from] ability: Drizzle|[of] p1a: Pelippa The Rapper
|turn|1
|
|t:|1760825848
|switch|p2a: Walking Wake|Walking Wake|100/100
|move|p1a: Pelippa The Rapper|Hurricane|p2a: Walking Wake
|-damage|p2a: Walking Wake|74/100
|-start|p2a: Walking Wake|confusion
|
|-weather|RainDance|[upkeep]
|upkeep
|turn|2
|
|t:|1760825860
|-activate|p2a: Walking Wake|confusion
|move|p2a: Walking Wake|Knock Off|p1a: Pelippa The Rapper
|-damage|p1a: Pelippa The Rapper|84/100
|-enditem|p1a: Pelippa The Rapper|Leftovers|[from] move: Knock Off|[of] p2a: Walking Wake
|move|p1a: Pelippa The Rapper|Stockpile|p1a: Pelippa The Rapper
|-start|p1a: Pelippa The Rapper|stockpile1
|-boost|p1a: Pelippa The Rapper|def|1
|-boost|p1a: Pelippa The Rapper|spd|1
|
|-weather|RainDance|[upkeep]
|upkeep
|turn|3
|
|t:|1760825871
|-activate|p2a: Walking Wake|confusion
|move|p2a: Walking Wake|Flip Turn|p1a: Pelippa The Rapper
|-resisted|p1a: Pelippa The Rapper
|-damage|p1a: Pelippa The Rapper|76/100
|
|t:|1760825875
|-end|p2a: Walking Wake|Protosynthesis|[silent]
|switch|p2a: Ninetales|Ninetales, M|100/100|[from] Flip Turn
|-weather|SunnyDay|[from] ability: Drought|[of] p2a: Ninetales
|move|p1a: Pelippa The Rapper|Hurricane|p2a: Ninetales|[miss]
|-miss|p1a: Pelippa The Rapper|p2a: Ninetales
|
|-weather|SunnyDay|[upkeep]
|upkeep
|turn|4
|
|t:|1760825885
|move|p2a: Ninetales|Will-O-Wisp|p1a: Pelippa The Rapper
|-status|p1a: Pelippa The Rapper|brn
|move|p1a: Pelippa The Rapper|Hurricane|p2a: Ninetales
|-damage|p2a: Ninetales|60/100
|
|-weather|SunnyDay|[upkeep]
|-damage|p1a: Pelippa The Rapper|70/100 brn|[from] brn
|upkeep
|turn|5
|
|t:|1760825902
|switch|p2a: Great Tusk|Great Tusk|100/100
|-activate|p2a: Great Tusk|ability: Protosynthesis
|-start|p2a: Great Tusk|protosynthesisspe
|move|p1a: Pelippa The Rapper|Hurricane|p2a: Great Tusk|[miss]
|-miss|p1a: Pelippa The Rapper|p2a: Great Tusk
|
|-weather|SunnyDay|[upkeep]
|-damage|p1a: Pelippa The Rapper|64/100 brn|[from] brn
|upkeep
|turn|6
|
|t:|1760825913
|move|p2a: Great Tusk|Stealth Rock|p1a: Pelippa The Rapper
|-sidestart|p1: Captain Izanagi|move: Stealth Rock
|move|p1a: Pelippa The Rapper|Hurricane|p2a: Great Tusk
|-supereffective|p2a: Great Tusk
|-damage|p2a: Great Tusk|0 fnt
|faint|p2a: Great Tusk
|-end|p2a: Great Tusk|Protosynthesis|[silent]
|
|-weather|SunnyDay|[upkeep]
|-damage|p1a: Pelippa The Rapper|58/100 brn|[from] brn
|upkeep
|
|t:|1760825923
|switch|p2a: Whimsicott|Whimsicott, M|100/100
|turn|7
|
|t:|1760825929
|move|p2a: Whimsicott|Growth|p2a: Whimsicott
|-boost|p2a: Whimsicott|atk|2
|-boost|p2a: Whimsicott|spa|2
|move|p1a: Pelippa The Rapper|Ice Beam|p2a: Whimsicott
|-supereffective|p2a: Whimsicott
|-damage|p2a: Whimsicott|38/100
|
|-weather|SunnyDay|[upkeep]
|-damage|p1a: Pelippa The Rapper|51/100 brn|[from] brn
|upkeep
|turn|8
|
|t:|1760825939
|move|p2a: Whimsicott|Moonblast|p1a: Pelippa The Rapper
|-damage|p1a: Pelippa The Rapper|0 fnt
|faint|p1a: Pelippa The Rapper
|-damage|p2a: Whimsicott|28/100|[from] item: Life Orb
|
|-weather|SunnyDay|[upkeep]
|upkeep
|
|t:|1760825949
|switch|p1a: Bullet Station|Torterra, M, shiny|100/100
|-damage|p1a: Bullet Station|94/100|[from] Stealth Rock
|turn|9
|
|t:|1760825959
|-terastallize|p1a: Bullet Station|Steel
|move|p2a: Whimsicott|Giga Drain|p1a: Bullet Station
|-resisted|p1a: Bullet Station
|-damage|p1a: Bullet Station|65/100
|-heal|p2a: Whimsicott|47/100|[from] drain|[of] p1a: Bullet Station
|-damage|p2a: Whimsicott|38/100|[from] item: Life Orb
|move|p1a: Bullet Station|Bullet Seed|p2a: Whimsicott
|-resisted|p2a: Whimsicott
|-damage|p2a: Whimsicott|32/100
|-resisted|p2a: Whimsicott
|-damage|p2a: Whimsicott|26/100
|-resisted|p2a: Whimsicott
|-damage|p2a: Whimsicott|20/100
|-resisted|p2a: Whimsicott
|-damage|p2a: Whimsicott|14/100
|-resisted|p2a: Whimsicott
|-damage|p2a: Whimsicott|9/100
|-hitcount|p2a: Whimsicott|5
|
|-weather|SunnyDay|[upkeep]
|upkeep
|turn|10
|
|t:|1760825976
|move|p2a: Whimsicott|Shadow Ball|p1a: Bullet Station
|-damage|p1a: Bullet Station|20/100
|-damage|p2a: Whimsicott|0 fnt|[from] item: Life Orb
|faint|p2a: Whimsicott
|move|p1a: Bullet Station|Synthesis|p1a: Bullet Station
|-heal|p1a: Bullet Station|87/100
|
|-weather|none
|upkeep
|
|t:|1760825986
|switch|p2a: Ninetales|Ninetales, M|60/100
|-weather|SunnyDay|[from] ability: Drought|[of] p2a: Ninetales
|turn|11
|
|t:|1760825996
|move|p2a: Ninetales|Weather Ball|p1a: Bullet Station
|-supereffective|p1a: Bullet Station
|-damage|p1a: Bullet Station|23/100
|move|p1a: Bullet Station|Earthquake|p2a: Ninetales
|-supereffective|p2a: Ninetales
|-damage|p2a: Ninetales|0 fnt
|faint|p2a: Ninetales
|
|-weather|SunnyDay|[upkeep]
|upkeep
|
|t:|1760826005
|switch|p2a: Iron Moth|Iron Moth|100/100
|-enditem|p2a: Iron Moth|Booster Energy
|-activate|p2a: Iron Moth|ability: Quark Drive|[fromitem]
|-start|p2a: Iron Moth|quarkdrivespa
|turn|12
|
|t:|1760826011
|move|p2a: Iron Moth|Fiery Dance|p1a: Bullet Station
|-supereffective|p1a: Bullet Station
|-damage|p1a: Bullet Station|0 fnt
|-boost|p2a: Iron Moth|spa|1
|faint|p1a: Bullet Station
|
|-weather|SunnyDay|[upkeep]
|upkeep
|
|t:|1760826027
|switch|p1a: XxRawrNuzzlexX|Lycanroc-Midnight, M|100/100
|-damage|p1a: XxRawrNuzzlexX|88/100|[from] Stealth Rock
|turn|13
|
|t:|1760826033
|move|p2a: Iron Moth|Solar Beam||[still]
|-prepare|p2a: Iron Moth|Solar Beam
|-anim|p2a: Iron Moth|Solar Beam|p1a: XxRawrNuzzlexX
|-supereffective|p1a: XxRawrNuzzlexX
|-damage|p1a: XxRawrNuzzlexX|0 fnt
|faint|p1a: XxRawrNuzzlexX
|
|-weather|SunnyDay|[upkeep]
|upkeep
|
|t:|1760826036
|switch|p1a: Furious Avians|Moltres-Galar, shiny|100/100
|-damage|p1a: Furious Avians|76/100|[from] Stealth Rock
|turn|14
|
|t:|1760826048
|move|p2a: Iron Moth|Overheat|p1a: Furious Avians
|-damage|p1a: Furious Avians|0 fnt
|-unboost|p2a: Iron Moth|spa|2
|faint|p1a: Furious Avians
|
|-weather|SunnyDay|[upkeep]
|upkeep
|-message|Captain Izanagi forfeited.
|
|win|tenjiz160534
|raw|Captain Izanagi's rating: 1210 &rarr; <strong>1186</strong><br />(-24 for losing)
|raw|tenjiz160534's rating: 1222 &rarr; <strong>1246</strong><br />(+24 for winning)
|l|☆Captain Izanagi
|player|p1|
|l|☆tenjiz160534
|player|p2|
