|j|☆dia90
|j|☆Jausave7
|t:|1760822867
|gametype|singles
|player|p1|dia90|265|1569
|player|p2|Jausave7|102|1589
|gen|9
|tier|[Gen 9] OU
|rated|
|rule|HP Percentage Mod: HP is shown in percentages
|rule|Endless Battle Clause: Forcing endless battles is banned
|rule|Species Clause: Limit one of each Pokémon
|rule|OHKO Clause: OHKO moves are banned
|rule|Evasion Items Clause: Evasion items are banned
|rule|Evasion Moves Clause: Evasion moves are banned
|rule|Evasion Abilities Clause: Evasion abilities are banned
|rule|Sleep Moves Clause: Sleep-inducing moves are banned
|clearpoke
|poke|p1|Samurott-Hisui, F|
|poke|p1|Rillaboom, F|
|poke|p1|Gholdengo|
|poke|p1|Emboar, M|
|poke|p1|Dondozo, M|
|poke|p1|Iron Treads|
|poke|p2|Scizor, F|
|poke|p2|Alomomola, F|
|poke|p2|Ceruledge, F|
|poke|p2|Great Tusk|
|poke|p2|Zapdos|
|poke|p2|Hatterene, F|
|teampreview
|
|t:|1760822883
|teamsize|p1|6
|teamsize|p2|6
|start
|switch|p1a: Rillaboom|Rillaboom, F|100/100
|switch|p2a: Scizor|Scizor, F|100/100
|-fieldstart|move: Grassy Terrain|[from] ability: Grassy Surge|[of] p1a: Rillaboom
|turn|1
|
|t:|1760822893
|move|p1a: Rillaboom|U-turn|p2a: Scizor
|-resisted|p2a: Scizor
|-damage|p2a: Scizor|87/100
|
|t:|1760822896
|switch|p1a: Emboar|Emboar, M|100/100|[from] U-turn
|move|p2a: Scizor|U-turn|p1a: Emboar
|-resisted|p1a: Emboar
|-damage|p1a: Emboar|85/100
|
|t:|1760822908
|switch|p2a: Zapdos|Zapdos|100/100|[from] U-turn
|
|-heal|p1a: Emboar|91/100|[from] Grassy Terrain
|upkeep
|turn|2
|
|t:|1760822923
|switch|p1a: Iron Treads|Iron Treads|100/100
|move|p2a: Zapdos|Volt Switch|p1a: Iron Treads
|-immune|p1a: Iron Treads
|
|upkeep
|turn|3
|
|t:|1760822930
|move|p1a: Iron Treads|Knock Off|p2a: Zapdos
|-damage|p2a: Zapdos|81/100
|-enditem|p2a: Zapdos|Leftovers|[from] move: Knock Off|[of] p1a: Iron Treads
|move|p2a: Zapdos|Heat Wave|p1a: Iron Treads
|-supereffective|p1a: Iron Treads
|-damage|p1a: Iron Treads|66/100
|
|-heal|p1a: Iron Treads|72/100|[from] Grassy Terrain
|upkeep
|turn|4
|
|t:|1760822944
|-end|p1a: Iron Treads|Quark Drive|[silent]
|switch|p1a: Samurott|Samurott-Hisui, F|100/100
|switch|p2a: Hatterene|Hatterene, F|100/100
|
|upkeep
|turn|5
|
|t:|1760822951
|switch|p2a: Alomomola|Alomomola, F|100/100
|move|p1a: Samurott|Ceaseless Edge|p2a: Alomomola|[miss]
|-miss|p1a: Samurott|p2a: Alomomola
|
|upkeep
|turn|6
|
|t:|1760822956
|move|p1a: Samurott|Ceaseless Edge|p2a: Alomomola
|-damage|p2a: Alomomola|65/100
|-damage|p1a: Samurott|84/100|[from] item: Rocky Helmet|[of] p2a: Alomomola
|-sidestart|p2: Jausave7|Spikes
|move|p2a: Alomomola|Flip Turn|p1a: Samurott
|-resisted|p1a: Samurott
|-damage|p1a: Samurott|75/100
|
|t:|1760822966
|switch|p2a: Zapdos|Zapdos|81/100|[from] Flip Turn
|
|-heal|p1a: Samurott|81/100|[from] Grassy Terrain
|upkeep
|turn|7
|
|t:|1760822972
|move|p2a: Zapdos|Hurricane|p1a: Samurott|[miss]
|-miss|p2a: Zapdos|p1a: Samurott
|move|p1a: Samurott|Ceaseless Edge|p2a: Zapdos
|-damage|p2a: Zapdos|27/100
|-sidestart|p2: Jausave7|Spikes
|
|-heal|p1a: Samurott|88/100|[from] Grassy Terrain
|upkeep
|turn|8
|
|t:|1760822981
|move|p2a: Zapdos|Roost|p2a: Zapdos
|-heal|p2a: Zapdos|77/100
|-singleturn|p2a: Zapdos|move: Roost
|move|p1a: Samurott|Ceaseless Edge|p2a: Zapdos
|-damage|p2a: Zapdos|21/100
|-sidestart|p2: Jausave7|Spikes
|
|-heal|p2a: Zapdos|27/100|[from] Grassy Terrain
|-heal|p1a: Samurott|94/100|[from] Grassy Terrain
|-fieldend|move: Grassy Terrain
|upkeep
|turn|9
|
|t:|1760822989
|move|p2a: Zapdos|Volt Switch|p1a: Samurott
|-supereffective|p1a: Samurott
|-damage|p1a: Samurott|19/100
|
|t:|1760822994
|switch|p2a: Alomomola|Alomomola, F|98/100|[from] Volt Switch
|-damage|p2a: Alomomola|73/100|[from] Spikes
|move|p1a: Samurott|Ceaseless Edge|p2a: Alomomola|[miss]
|-miss|p1a: Samurott|p2a: Alomomola
|
|upkeep
|turn|10
|
|t:|1760823000
|move|p1a: Samurott|Ceaseless Edge|p2a: Alomomola
|-damage|p2a: Alomomola|33/100
|-damage|p1a: Samurott|2/100|[from] item: Rocky Helmet|[of] p2a: Alomomola
|move|p2a: Alomomola|Wish|p2a: Alomomola
|
|upkeep
|turn|11
|
|t:|1760823010
|switch|p2a: Great Tusk|Great Tusk|100/100
|move|p1a: Samurott|Ceaseless Edge|p2a: Great Tusk
|-resisted|p2a: Great Tusk
|-damage|p2a: Great Tusk|76/100
|
|-heal|p2a: Great Tusk|100/100|[from] move: Wish|[wisher] Alomomola
|upkeep
|turn|12
|
|t:|1760823018
|switch|p1a: Gholdengo|Gholdengo|100/100
|move|p2a: Great Tusk|Rapid Spin|p1a: Gholdengo
|-immune|p1a: Gholdengo
|
|upkeep
|turn|13
|
|t:|1760823026
|-end|p2a: Great Tusk|Protosynthesis|[silent]
|switch|p2a: Zapdos|Zapdos|27/100
|move|p1a: Gholdengo|Make It Rain|p2a: Zapdos
|-resisted|p2a: Zapdos
|-damage|p2a: Zapdos|3/100
|-unboost|p1a: Gholdengo|spa|1
|
|upkeep
|turn|14
|
|t:|1760823067
|switch|p2a: Great Tusk|Great Tusk|100/100
|move|p1a: Gholdengo|Hex|p2a: Great Tusk
|-damage|p2a: Great Tusk|74/100
|
|upkeep
|turn|15
|
|t:|1760823082
|-terastallize|p1a: Gholdengo|Water
|move|p2a: Great Tusk|Stealth Rock|p1a: Gholdengo
|-sidestart|p1: dia90|move: Stealth Rock
|move|p1a: Gholdengo|Make It Rain|p2a: Great Tusk
|-damage|p2a: Great Tusk|23/100
|-unboost|p1a: Gholdengo|spa|1
|
|upkeep
|turn|16
|
|t:|1760823089
|move|p2a: Great Tusk|Rapid Spin|p1a: Gholdengo
|-damage|p1a: Gholdengo|88/100
|-boost|p2a: Great Tusk|spe|1
|-sideend|p2: Jausave7|Spikes|[from] move: Rapid Spin|[of] p2a: Great Tusk
|move|p1a: Gholdengo|Thunder Wave|p2a: Great Tusk
|-immune|p2a: Great Tusk
|
|-heal|p1a: Gholdengo|94/100|[from] item: Leftovers
|upkeep
|turn|17
|-message|dia90 forfeited.
|
|win|Jausave7
|raw|dia90's rating: 1569 &rarr; <strong>1550</strong><br />(-19 for losing)
|raw|Jausave7's rating: 1589 &rarr; <strong>1608</strong><br />(+19 for winning)
|l|☆dia90
|player|p1|
|l|☆Jausave7
|player|p2|
