|j|☆HZBKAI4
|j|☆Nevitchen
|t:|1760887887
|gametype|singles
|player|p1|HZBKAI4|169|1048
|player|p2|Nevitchen|102|1094
|gen|9
|tier|[Gen 9] OU
|rated|
|rule|HP Percentage Mod: HP is shown in percentages
|rule|Endless Battle Clause: Forcing endless battles is banned
|rule|Species Clause: Limit one of each Pokémon
|rule|OHKO Clause: OHKO moves are banned
|rule|Evasion Items Clause: Evasion items are banned
|rule|Evasion Moves Clause: Evasion moves are banned
|rule|Evasion Abilities Clause: Evasion abilities are banned
|rule|Sleep Moves Clause: Sleep-inducing moves are banned
|clearpoke
|poke|p1|Ninetales, F|
|poke|p1|Raging Bolt|
|poke|p1|Hatterene, F|
|poke|p1|Walking Wake|
|poke|p1|Great Tusk|
|poke|p1|Scizor, F|
|poke|p2|Dragonite, F|
|poke|p2|Zamazenta-*|
|poke|p2|Landorus-Therian, M|
|poke|p2|Gholdengo|
|poke|p2|Darkrai|
|poke|p2|Primarina, M|
|teampreview
|j| DarkOkto
|
|t:|1760887923
|teamsize|p1|6
|teamsize|p2|6
|start
|switch|p1a: Ninetales|Ninetales, F, shiny|100/100
|switch|p2a: Eine wolke|Landorus-Therian, M|100/100
|-weather|SunnyDay|[from] ability: Drought|[of] p1a: Ninetales
|-ability|p2a: Eine wolke|Intimidate|boost
|-unboost|p1a: Ninetales|atk|1
|turn|1
|
|t:|1760887945
|move|p1a: Ninetales|Will-O-Wisp|p2a: Eine wolke|[miss]
|-miss|p1a: Ninetales|p2a: Eine wolke
|move|p2a: Eine wolke|Earthquake|p1a: Ninetales
|-supereffective|p1a: Ninetales
|-damage|p1a: Ninetales|0 fnt
|faint|p1a: Ninetales
|
|-weather|SunnyDay|[upkeep]
|upkeep
|
|t:|1760887945
|switch|p1a: Great Tusk|Great Tusk, shiny|100/100
|-activate|p1a: Great Tusk|ability: Protosynthesis
|-start|p1a: Great Tusk|protosynthesisatk
|turn|2
|
|t:|1760887967
|move|p1a: Great Tusk|Ice Spinner|p2a: Eine wolke
|-supereffective|p2a: Eine wolke
|-crit|p2a: Eine wolke
|-damage|p2a: Eine wolke|0 fnt
|-damage|p1a: Great Tusk|84/100|[from] item: Rocky Helmet|[of] p2a: Eine wolke
|faint|p2a: Eine wolke
|
|-weather|SunnyDay|[upkeep]
|upkeep
|
|t:|1760887978
|switch|p2a: Wau wau|Zamazenta|100/100
|-ability|p2a: Wau wau|Dauntless Shield|boost
|-boost|p2a: Wau wau|def|1
|turn|3
|
|t:|1760887985
|move|p2a: Wau wau|Body Press|p1a: Great Tusk
|-damage|p1a: Great Tusk|41/100
|-damage|p2a: Wau wau|84/100|[from] item: Rocky Helmet|[of] p1a: Great Tusk
|move|p1a: Great Tusk|Headlong Rush|p2a: Wau wau
|-damage|p2a: Wau wau|45/100
|-unboost|p1a: Great Tusk|def|1
|-unboost|p1a: Great Tusk|spd|1
|
|-weather|SunnyDay|[upkeep]
|-heal|p2a: Wau wau|51/100|[from] item: Leftovers
|upkeep
|turn|4
|
|t:|1760887992
|move|p2a: Wau wau|Body Press|p1a: Great Tusk
|-damage|p1a: Great Tusk|0 fnt
|-damage|p2a: Wau wau|35/100|[from] item: Rocky Helmet|[of] p1a: Great Tusk
|faint|p1a: Great Tusk
|-end|p1a: Great Tusk|Protosynthesis|[silent]
|
|-weather|SunnyDay|[upkeep]
|-heal|p2a: Wau wau|41/100|[from] item: Leftovers
|upkeep
|
|t:|1760887992
|switch|p1a: Hatterene|Hatterene, F|100/100
|turn|5
|
|t:|1760888026
|switch|p2a: Mirko|Gholdengo|100/100
|move|p1a: Hatterene|Psyshock|p2a: Mirko
|-resisted|p2a: Mirko
|-damage|p2a: Mirko|82/100
|
|-weather|SunnyDay|[upkeep]
|upkeep
|turn|6
|
|t:|1760888056
|move|p2a: Mirko|Make It Rain|p1a: Hatterene
|-supereffective|p1a: Hatterene
|-damage|p1a: Hatterene|0 fnt
|-unboost|p2a: Mirko|spa|1
|faint|p1a: Hatterene
|
|-weather|SunnyDay|[upkeep]
|upkeep
|
|t:|1760888056
|switch|p1a: Walking Wake|Walking Wake|100/100
|-activate|p1a: Walking Wake|ability: Protosynthesis
|-start|p1a: Walking Wake|protosynthesisspe
|turn|7
|
|t:|1760888105
|switch|p2a: Edgy guy|Darkrai|100/100
|move|p1a: Walking Wake|Flamethrower|p2a: Edgy guy
|-damage|p2a: Edgy guy|10/100
|
|-weather|SunnyDay|[upkeep]
|upkeep
|turn|8
|
|t:|1760888129
|move|p1a: Walking Wake|Flamethrower|p2a: Edgy guy
|-damage|p2a: Edgy guy|0 fnt
|faint|p2a: Edgy guy
|
|-weather|none
|-end|p1a: Walking Wake|Protosynthesis
|upkeep
|
|t:|1760888181
|switch|p2a: Lass mich carryn|Dragonite, F|100/100
|turn|9
|
|t:|1760888191
|-end|p1a: Walking Wake|Protosynthesis|[silent]
|switch|p1a: Raging Bolt|Raging Bolt|100/100
|-enditem|p1a: Raging Bolt|Booster Energy
|-activate|p1a: Raging Bolt|ability: Protosynthesis|[fromitem]
|-start|p1a: Raging Bolt|protosynthesisspa
|-terastallize|p2a: Lass mich carryn|Flying
|move|p2a: Lass mich carryn|Dragon Dance|p2a: Lass mich carryn
|-boost|p2a: Lass mich carryn|atk|1
|-boost|p2a: Lass mich carryn|spe|1
|
|upkeep
|turn|10
|
|t:|1760888222
|move|p2a: Lass mich carryn|Earthquake|p1a: Raging Bolt
|-supereffective|p1a: Raging Bolt
|-damage|p1a: Raging Bolt|0 fnt
|faint|p1a: Raging Bolt
|-end|p1a: Raging Bolt|Protosynthesis|[silent]
|
|upkeep
|
|t:|1760888222
|switch|p1a: Walking Wake|Walking Wake|100/100
|turn|11
|
|t:|1760888232
|move|p2a: Lass mich carryn|Tera Blast|p1a: Walking Wake|[anim] Tera Blast Flying
|-damage|p1a: Walking Wake|14/100
|move|p1a: Walking Wake|Draco Meteor|p2a: Lass mich carryn
|-damage|p2a: Lass mich carryn|48/100
|-unboost|p1a: Walking Wake|spa|2
|
|upkeep
|turn|12
|
|t:|1760888255
|move|p2a: Lass mich carryn|Tera Blast|p1a: Walking Wake|[anim] Tera Blast Flying
|-damage|p1a: Walking Wake|0 fnt
|faint|p1a: Walking Wake
|-end|p1a: Walking Wake|Protosynthesis|[silent]
|
|upkeep
|
|t:|1760888255
|switch|p1a: Scizor|Scizor, F|100/100
|turn|13
|
|t:|1760888271
|move|p2a: Lass mich carryn|Tera Blast|p1a: Scizor|[anim] Tera Blast Flying
|-damage|p1a: Scizor|7/100
|move|p1a: Scizor|U-turn|p2a: Lass mich carryn
|-resisted|p2a: Lass mich carryn
|-crit|p2a: Lass mich carryn
|-damage|p2a: Lass mich carryn|0 fnt
|faint|p2a: Lass mich carryn
|
|upkeep
|
|t:|1760888283
|switch|p2a: Wau wau|Zamazenta|41/100
|turn|14
|
|t:|1760888285
|move|p2a: Wau wau|Body Press|p1a: Scizor
|-damage|p1a: Scizor|0 fnt
|faint|p1a: Scizor
|
|win|Nevitchen
|raw|HZBKAI4's rating: 1048 &rarr; <strong>1033</strong><br />(-15 for losing)
|raw|Nevitchen's rating: 1094 &rarr; <strong>1116</strong><br />(+22 for winning)
|n|☆HZBKAI4|hzbkai4
