|j|☆bobbydeoliscool
|j|☆AStupidAsian
|t:|1760851427
|gametype|singles
|player|p1|bobbydeoliscool|101|1489
|player|p2|AStupidAsian|sordward|1481
|gen|9
|tier|[Gen 9] OU
|rated|
|rule|HP Percentage Mod: HP is shown in percentages
|rule|Endless Battle Clause: Forcing endless battles is banned
|rule|Species Clause: Limit one of each Pokémon
|rule|OHKO Clause: OHKO moves are banned
|rule|Evasion Items Clause: Evasion items are banned
|rule|Evasion Moves Clause: Evasion moves are banned
|rule|Evasion Abilities Clause: Evasion abilities are banned
|rule|Sleep Moves Clause: Sleep-inducing moves are banned
|clearpoke
|poke|p1|Moltres|
|poke|p1|Zamazenta-*|
|poke|p1|Darkrai|
|poke|p1|Hydrapple, M|
|poke|p1|Ting-Lu|
|poke|p1|Tinkaton, F|
|poke|p2|Great Tusk|
|poke|p2|Dragonite, M|
|poke|p2|Kingambit, M|
|poke|p2|Primarina, M|
|poke|p2|Iron Treads|
|poke|p2|Latios, M|
|teampreview
|inactive|Battle timer is ON: inactive players will automatically lose when time's up. (requested by bobbydeoliscool)
|
|t:|1760851439
|teamsize|p1|6
|teamsize|p2|6
|start
|switch|p1a: Tinkaton|Tinkaton, F|100/100
|switch|p2a: Iron Treads|Iron Treads|100/100
|-ability|p1a: Tinkaton|Mold Breaker
|-enditem|p2a: Iron Treads|Booster Energy
|-activate|p2a: Iron Treads|ability: Quark Drive|[fromitem]
|-start|p2a: Iron Treads|quarkdrivespe
|turn|1
|
|t:|1760851446
|switch|p1a: Moltres|Moltres|100/100
|move|p2a: Iron Treads|Earthquake|p1a: Moltres
|-immune|p1a: Moltres
|
|upkeep
|turn|2
|
|t:|1760851449
|move|p2a: Iron Treads|Stealth Rock|p1a: Moltres
|-sidestart|p1: bobbydeoliscool|move: Stealth Rock
|move|p1a: Moltres|Flamethrower|p2a: Iron Treads
|-supereffective|p2a: Iron Treads
|-damage|p2a: Iron Treads|1/100
|
|upkeep
|turn|3
|
|t:|1760851454
|move|p2a: Iron Treads|Knock Off|p1a: Moltres
|-damage|p1a: Moltres|78/100
|-status|p2a: Iron Treads|brn|[from] ability: Flame Body|[of] p1a: Moltres
|-enditem|p1a: Moltres|Heavy-Duty Boots|[from] move: Knock Off|[of] p2a: Iron Treads
|move|p1a: Moltres|U-turn|p2a: Iron Treads
|-resisted|p2a: Iron Treads
|-damage|p2a: Iron Treads|0 fnt
|faint|p2a: Iron Treads
|-end|p2a: Iron Treads|Quark Drive|[silent]
|
|t:|1760851457
|switch|p1a: Tinkaton|Tinkaton, F|100/100|[from] U-turn
|-ability|p1a: Tinkaton|Mold Breaker
|
|upkeep
|
|t:|1760851462
|switch|p2a: Great Tusk|Great Tusk|100/100
|-enditem|p2a: Great Tusk|Booster Energy
|-activate|p2a: Great Tusk|ability: Protosynthesis|[fromitem]
|-start|p2a: Great Tusk|protosynthesisspe
|turn|4
|
|t:|1760851465
|switch|p1a: Moltres|Moltres|78/100
|-damage|p1a: Moltres|28/100|[from] Stealth Rock
|move|p2a: Great Tusk|Headlong Rush|p1a: Moltres
|-immune|p1a: Moltres
|
|upkeep
|turn|5
|
|t:|1760851468
|move|p2a: Great Tusk|Ice Spinner|p1a: Moltres
|-damage|p1a: Moltres|13/100
|move|p1a: Moltres|Roost|p1a: Moltres
|-heal|p1a: Moltres|63/100
|-singleturn|p1a: Moltres|move: Roost
|
|upkeep
|turn|6
|
|t:|1760851470
|-terastallize|p2a: Great Tusk|Fire
|move|p2a: Great Tusk|Bulk Up|p2a: Great Tusk
|-boost|p2a: Great Tusk|atk|1
|-boost|p2a: Great Tusk|def|1
|move|p1a: Moltres|Roost|p1a: Moltres
|-heal|p1a: Moltres|100/100
|-singleturn|p1a: Moltres|move: Roost
|
|upkeep
|turn|7
|
|t:|1760851474
|move|p2a: Great Tusk|Bulk Up|p2a: Great Tusk
|-boost|p2a: Great Tusk|atk|1
|-boost|p2a: Great Tusk|def|1
|move|p1a: Moltres|Roar|p2a: Great Tusk
|-end|p2a: Great Tusk|Protosynthesis|[silent]
|drag|p2a: DONT TAP THE GLASS|Primarina, M|100/100
|
|upkeep
|turn|8
|
|t:|1760851477
|move|p1a: Moltres|U-turn|p2a: DONT TAP THE GLASS
|-resisted|p2a: DONT TAP THE GLASS
|-damage|p2a: DONT TAP THE GLASS|90/100
|
|t:|1760851481
|switch|p1a: Tinkaton|Tinkaton, F|100/100|[from] U-turn
|-ability|p1a: Tinkaton|Mold Breaker
|move|p2a: DONT TAP THE GLASS|Surf|p1a: Tinkaton
|-damage|p1a: Tinkaton|55/100
|
|upkeep
|turn|9
|
|t:|1760851489
|switch|p2a: Great Tusk|Great Tusk, tera:Fire|100/100
|move|p1a: Tinkaton|Gigaton Hammer|p2a: Great Tusk
|-resisted|p2a: Great Tusk
|-damage|p2a: Great Tusk|86/100
|
|upkeep
|turn|10
|
|t:|1760851491
|switch|p1a: Moltres|Moltres|100/100
|-damage|p1a: Moltres|51/100|[from] Stealth Rock
|move|p2a: Great Tusk|Bulk Up|p2a: Great Tusk
|-boost|p2a: Great Tusk|atk|1
|-boost|p2a: Great Tusk|def|1
|
|upkeep
|turn|11
|
|t:|1760851494
|move|p2a: Great Tusk|Ice Spinner|p1a: Moltres
|-damage|p1a: Moltres|27/100
|move|p1a: Moltres|Roost|p1a: Moltres
|-heal|p1a: Moltres|77/100
|-singleturn|p1a: Moltres|move: Roost
|
|upkeep
|turn|12
|
|t:|1760851496
|move|p2a: Great Tusk|Bulk Up|p2a: Great Tusk
|-boost|p2a: Great Tusk|atk|1
|-boost|p2a: Great Tusk|def|1
|move|p1a: Moltres|Roost|p1a: Moltres
|-heal|p1a: Moltres|100/100
|-singleturn|p1a: Moltres|move: Roost
|
|upkeep
|turn|13
|
|t:|1760851499
|move|p2a: Great Tusk|Ice Spinner|p1a: Moltres
|-damage|p1a: Moltres|71/100
|move|p1a: Moltres|Roar|p2a: Great Tusk
|-end|p2a: Great Tusk|Protosynthesis|[silent]
|drag|p2a: 2016 lebron|Kingambit, M|100/100
|-activate|p2a: 2016 lebron|ability: Supreme Overlord
|-start|p2a: 2016 lebron|fallen1|[silent]
|
|upkeep
|turn|14
|
|t:|1760851503
|-end|p2a: 2016 lebron|fallen1|[silent]
|switch|p2a: DONT TAP THE GLASS|Primarina, M|90/100
|move|p1a: Moltres|Flamethrower|p2a: DONT TAP THE GLASS
|-resisted|p2a: DONT TAP THE GLASS
|-damage|p2a: DONT TAP THE GLASS|79/100
|
|upkeep
|turn|15
|
|t:|1760851506
|move|p1a: Moltres|U-turn|p2a: DONT TAP THE GLASS
|-resisted|p2a: DONT TAP THE GLASS
|-damage|p2a: DONT TAP THE GLASS|68/100
|
|t:|1760851513
|switch|p1a: Darkrai|Darkrai, shiny|100/100|[from] U-turn
|-damage|p1a: Darkrai|88/100|[from] Stealth Rock
|move|p2a: DONT TAP THE GLASS|Flip Turn|p1a: Darkrai
|-damage|p1a: Darkrai|67/100
|
|t:|1760851520
|switch|p2a: 2016 lebron|Kingambit, M|100/100|[from] Flip Turn
|-activate|p2a: 2016 lebron|ability: Supreme Overlord
|-start|p2a: 2016 lebron|fallen1|[silent]
|
|upkeep
|turn|16
|
|t:|1760851533
|switch|p1a: Ting-Lu|Ting-Lu|100/100
|-damage|p1a: Ting-Lu|94/100|[from] Stealth Rock
|-ability|p1a: Ting-Lu|Vessel of Ruin
|move|p2a: 2016 lebron|Kowtow Cleave|p1a: Ting-Lu
|-resisted|p1a: Ting-Lu
|-damage|p1a: Ting-Lu|80/100
|
|-heal|p1a: Ting-Lu|86/100|[from] item: Leftovers
|upkeep
|turn|17
|
|t:|1760851543
|-end|p2a: 2016 lebron|fallen1|[silent]
|switch|p2a: DONT TAP THE GLASS|Primarina, M|68/100
|move|p1a: Ting-Lu|Ruination|p2a: DONT TAP THE GLASS
|-damage|p2a: DONT TAP THE GLASS|34/100
|
|-heal|p1a: Ting-Lu|92/100|[from] item: Leftovers
|upkeep
|turn|18
|
|t:|1760851549
|move|p2a: DONT TAP THE GLASS|Surf|p1a: Ting-Lu
|-supereffective|p1a: Ting-Lu
|-damage|p1a: Ting-Lu|49/100
|move|p1a: Ting-Lu|Earthquake|p2a: DONT TAP THE GLASS
|-damage|p2a: DONT TAP THE GLASS|0 fnt
|faint|p2a: DONT TAP THE GLASS
|
|-heal|p1a: Ting-Lu|55/100|[from] item: Leftovers
|upkeep
|
|t:|1760851554
|switch|p2a: Imagine Dragon|Dragonite, M|100/100
|turn|19
|
|t:|1760851557
|move|p2a: Imagine Dragon|Encore|p1a: Ting-Lu
|-start|p1a: Ting-Lu|Encore
|move|p1a: Ting-Lu|Earthquake|p2a: Imagine Dragon
|-immune|p2a: Imagine Dragon
|
|-heal|p1a: Ting-Lu|61/100|[from] item: Leftovers
|upkeep
|turn|20
|
|t:|1760851561
|switch|p1a: Tinkaton|Tinkaton, F|55/100
|-ability|p1a: Tinkaton|Mold Breaker
|move|p2a: Imagine Dragon|Dragon Dance|p2a: Imagine Dragon
|-boost|p2a: Imagine Dragon|atk|1
|-boost|p2a: Imagine Dragon|spe|1
|
|upkeep
|turn|21
|
|t:|1760851563
|move|p2a: Imagine Dragon|Fire Punch|p1a: Tinkaton
|-supereffective|p1a: Tinkaton
|-damage|p1a: Tinkaton|0 fnt
|faint|p1a: Tinkaton
|
|upkeep
|
|t:|1760851571
|switch|p1a: Hydrapple|Hydrapple, M|100/100
|turn|22
|
|t:|1760851578
|move|p2a: Imagine Dragon|Scale Shot|p1a: Hydrapple|[miss]
|-miss|p2a: Imagine Dragon|p1a: Hydrapple
|move|p1a: Hydrapple|Fickle Beam|p2a: Imagine Dragon|[anim] Fickle Beam All Out
|-activate|p1a: Hydrapple|move: Fickle Beam
|-supereffective|p2a: Imagine Dragon
|-damage|p2a: Imagine Dragon|32/100
|
|upkeep
|turn|23
|c|☆AStupidAsian|bruh
|
|t:|1760851589
|-terastallize|p1a: Hydrapple|Poison
|move|p2a: Imagine Dragon|Scale Shot|p1a: Hydrapple
|-damage|p1a: Hydrapple|87/100
|-damage|p1a: Hydrapple|74/100
|-damage|p1a: Hydrapple|61/100
|-damage|p1a: Hydrapple|47/100
|-crit|p1a: Hydrapple
|-damage|p1a: Hydrapple|27/100
|-hitcount|p1a: Hydrapple|5
|-unboost|p2a: Imagine Dragon|def|1
|-boost|p2a: Imagine Dragon|spe|1
|move|p1a: Hydrapple|Fickle Beam|p2a: Imagine Dragon|[anim] Fickle Beam All Out
|-activate|p1a: Hydrapple|move: Fickle Beam
|-supereffective|p2a: Imagine Dragon
|-damage|p2a: Imagine Dragon|0 fnt
|faint|p2a: Imagine Dragon
|
|upkeep
|
|t:|1760851599
|switch|p2a: Great Tusk|Great Tusk, tera:Fire|86/100
|turn|24
|
|t:|1760851603
|switch|p1a: Moltres|Moltres|71/100
|-damage|p1a: Moltres|21/100|[from] Stealth Rock
|move|p2a: Great Tusk|Bulk Up|p2a: Great Tusk
|-boost|p2a: Great Tusk|atk|1
|-boost|p2a: Great Tusk|def|1
|
|upkeep
|turn|25
|
|t:|1760851605
|move|p2a: Great Tusk|Ice Spinner|p1a: Moltres
|-damage|p1a: Moltres|0 fnt
|faint|p1a: Moltres
|
|upkeep
|
|t:|1760851611
|switch|p1a: Darkrai|Darkrai, shiny|67/100
|-damage|p1a: Darkrai|55/100|[from] Stealth Rock
|turn|26
|
|t:|1760851614
|move|p1a: Darkrai|Dark Pulse|p2a: Great Tusk
|-damage|p2a: Great Tusk|29/100
|move|p2a: Great Tusk|Headlong Rush|p1a: Darkrai
|-damage|p1a: Darkrai|0 fnt
|-unboost|p2a: Great Tusk|def|1
|-unboost|p2a: Great Tusk|spd|1
|faint|p1a: Darkrai
|
|upkeep
|
|t:|1760851619
|switch|p1a: Zamazenta|Zamazenta|100/100
|-ability|p1a: Zamazenta|Dauntless Shield|boost
|-boost|p1a: Zamazenta|def|1
|turn|27
|
|t:|1760851623
|-end|p2a: Great Tusk|Protosynthesis|[silent]
|switch|p2a: Latios|Latios, M|100/100
|move|p1a: Zamazenta|Close Combat|p2a: Latios
|-resisted|p2a: Latios
|-damage|p2a: Latios|59/100
|-unboost|p1a: Zamazenta|def|1
|-unboost|p1a: Zamazenta|spd|1
|
|upkeep
|turn|28
|
|t:|1760851626
|switch|p1a: Ting-Lu|Ting-Lu|61/100
|-damage|p1a: Ting-Lu|55/100|[from] Stealth Rock
|-ability|p1a: Ting-Lu|Vessel of Ruin
|move|p2a: Latios|Psychic Noise|p1a: Ting-Lu
|-immune|p1a: Ting-Lu
|
|-heal|p1a: Ting-Lu|61/100|[from] item: Leftovers
|upkeep
|turn|29
|
|t:|1760851632
|move|p2a: Latios|Calm Mind|p2a: Latios
|-boost|p2a: Latios|spa|1
|-boost|p2a: Latios|spd|1
|move|p1a: Ting-Lu|Spikes|p2a: Latios
|-sidestart|p2: AStupidAsian|Spikes
|
|-heal|p1a: Ting-Lu|67/100|[from] item: Leftovers
|upkeep
|turn|30
|
|t:|1760851637
|move|p2a: Latios|Aura Sphere|p1a: Ting-Lu
|-supereffective|p1a: Ting-Lu
|-damage|p1a: Ting-Lu|18/100
|-damage|p2a: Latios|49/100|[from] item: Life Orb
|move|p1a: Ting-Lu|Whirlwind|p2a: Latios
|drag|p2a: Great Tusk|Great Tusk, tera:Fire|29/100
|-damage|p2a: Great Tusk|16/100|[from] Spikes
|
|-heal|p1a: Ting-Lu|24/100|[from] item: Leftovers
|upkeep
|turn|31
|
|t:|1760851642
|move|p2a: Great Tusk|Ice Spinner|p1a: Ting-Lu
|-supereffective|p1a: Ting-Lu
|-damage|p1a: Ting-Lu|1/100
|move|p1a: Ting-Lu|Earthquake|p2a: Great Tusk
|-supereffective|p2a: Great Tusk
|-damage|p2a: Great Tusk|0 fnt
|faint|p2a: Great Tusk
|-end|p2a: Great Tusk|Protosynthesis|[silent]
|
|-heal|p1a: Ting-Lu|7/100|[from] item: Leftovers
|upkeep
|
|t:|1760851645
|switch|p2a: Latios|Latios, M|49/100
|turn|32
|
|t:|1760851648
|move|p2a: Latios|Recover|p2a: Latios
|-heal|p2a: Latios|99/100
|move|p1a: Ting-Lu|Spikes|p2a: Latios
|-sidestart|p2: AStupidAsian|Spikes
|
|-heal|p1a: Ting-Lu|13/100|[from] item: Leftovers
|upkeep
|turn|33
|
|t:|1760851655
|move|p2a: Latios|Aura Sphere|p1a: Ting-Lu
|-supereffective|p1a: Ting-Lu
|-damage|p1a: Ting-Lu|0 fnt
|faint|p1a: Ting-Lu
|-damage|p2a: Latios|89/100|[from] item: Life Orb
|
|upkeep
|
|t:|1760851660
|switch|p1a: Hydrapple|Hydrapple, M, tera:Poison|60/100
|turn|34
|
|t:|1760851662
|move|p2a: Latios|Psychic Noise|p1a: Hydrapple
|-supereffective|p1a: Hydrapple
|-damage|p1a: Hydrapple|0 fnt
|faint|p1a: Hydrapple
|-damage|p2a: Latios|79/100|[from] item: Life Orb
|
|upkeep
|
|t:|1760851665
|switch|p1a: Zamazenta|Zamazenta|100/100
|turn|35
|
|t:|1760851668
|move|p1a: Zamazenta|Crunch|p2a: Latios
|-supereffective|p2a: Latios
|-damage|p2a: Latios|8/100
|move|p2a: Latios|Psychic Noise|p1a: Zamazenta
|-supereffective|p1a: Zamazenta
|-crit|p1a: Zamazenta
|-damage|p1a: Zamazenta|0 fnt
|faint|p1a: Zamazenta
|-damage|p2a: Latios|0 fnt|[from] item: Life Orb
|faint|p2a: Latios
|
|win|AStupidAsian
|raw|bobbydeoliscool's rating: 1489 &rarr; <strong>1469</strong><br />(-20 for losing)
|raw|AStupidAsian's rating: 1481 &rarr; <strong>1501</strong><br />(+20 for winning)
|c|☆AStupidAsian|ur shit
|c|☆AStupidAsian|sorry
|c|☆AStupidAsian|that was mean
|l|☆bobbydeoliscool
|player|p1|
