|j|☆kate10956
|j|☆Nigthamarish
|t:|1760830698
|gametype|singles
|player|p1|kate10956|misty|1198
|player|p2|Nigthamarish|170|1196
|gen|9
|tier|[Gen 9] OU
|rated|
|rule|HP Percentage Mod: HP is shown in percentages
|rule|Endless Battle Clause: Forcing endless battles is banned
|rule|Species Clause: Limit one of each Pokémon
|rule|OHKO Clause: OHKO moves are banned
|rule|Evasion Items Clause: Evasion items are banned
|rule|Evasion Moves Clause: Evasion moves are banned
|rule|Evasion Abilities Clause: Evasion abilities are banned
|rule|Sleep Moves Clause: Sleep-inducing moves are banned
|clearpoke
|poke|p1|Pelipper, M|
|poke|p1|Kilowattrel, F|
|poke|p1|Dragapult, F|
|poke|p1|Amoonguss, F|
|poke|p1|Floatzel, M|
|poke|p1|Drednaw, M|
|poke|p2|Heatran, M|
|poke|p2|Great Tusk|
|poke|p2|Gholdengo|
|poke|p2|Darkrai|
|poke|p2|Scizor, M|
|poke|p2|Kommo-o, M|
|teampreview
|c|☆Nigthamarish|GLhf
|
|t:|1760830733
|teamsize|p1|6
|teamsize|p2|6
|start
|switch|p1a: Gulliver|Pelipper, M|100/100
|switch|p2a: Mitochondria|Scizor, M|100/100
|-weather|RainDance|[from] ability: Drizzle|[of] p1a: Gulliver
|turn|1
|
|t:|1760830750
|move|p2a: Mitochondria|Knock Off|p1a: Gulliver
|-damage|p1a: Gulliver|67/100
|-enditem|p1a: Gulliver|Damp Rock|[from] move: Knock Off|[of] p2a: Mitochondria
|-damage|p2a: Mitochondria|91/100|[from] item: Life Orb
|move|p1a: Gulliver|U-turn|p2a: Mitochondria
|-resisted|p2a: Mitochondria
|-damage|p2a: Mitochondria|86/100
|
|t:|1760830758
|switch|p1a: Drednaw|Drednaw, M|100/100|[from] U-turn
|
|-weather|RainDance|[upkeep]
|upkeep
|turn|2
|
|t:|1760830763
|move|p1a: Drednaw|Swords Dance|p1a: Drednaw
|-boost|p1a: Drednaw|atk|2
|move|p2a: Mitochondria|U-turn|p1a: Drednaw
|-damage|p1a: Drednaw|46/100
|-damage|p2a: Mitochondria|76/100|[from] item: Life Orb
|
|t:|1760830770
|switch|p2a: BlueRai|Darkrai|100/100|[from] U-turn
|
|-weather|RainDance|[upkeep]
|upkeep
|turn|3
|
|t:|1760830776
|move|p2a: BlueRai|Dark Pulse|p1a: Drednaw
|-damage|p1a: Drednaw|0 fnt
|faint|p1a: Drednaw
|
|-weather|RainDance|[upkeep]
|upkeep
|
|t:|1760830783
|switch|p1a: Ripple|Floatzel, M|100/100
|turn|4
|
|t:|1760830803
|switch|p2a: Tev|Great Tusk|100/100
|move|p1a: Ripple|Wave Crash|p2a: Tev
|-supereffective|p2a: Tev
|-damage|p2a: Tev|0 fnt
|faint|p2a: Tev
|-end|p2a: Tev|Protosynthesis|[silent]
|-damage|p1a: Ripple|61/100|[from] Recoil
|
|-weather|RainDance|[upkeep]
|upkeep
|
|t:|1760830810
|switch|p2a: slasher|Kommo-o, M|100/100
|turn|5
|
|t:|1760830860
|switch|p1a: Amanita|Amoonguss, F|100/100
|move|p2a: slasher|Clanging Scales|p1a: Amanita
|-damage|p1a: Amanita|52/100
|-enditem|p1a: Amanita|Eject Button
|-unboost|p2a: slasher|def|1
|
|t:|1760830868
|switch|p1a: Ripple|Floatzel, M|61/100
|
|-weather|RainDance|[upkeep]
|upkeep
|turn|6
|
|t:|1760830885
|switch|p2a: Jug|Heatran, M|100/100
|move|p1a: Ripple|Flip Turn|p2a: Jug
|-supereffective|p2a: Jug
|-damage|p2a: Jug|0 fnt
|faint|p2a: Jug
|
|t:|1760830889
|switch|p1a: Joule|Kilowattrel, F|100/100|[from] Flip Turn
|
|-weather|RainDance|[upkeep]
|upkeep
|
|t:|1760830898
|switch|p2a: BlueRai|Darkrai|100/100
|turn|7
|
|t:|1760830905
|-terastallize|p2a: BlueRai|Dark
|move|p2a: BlueRai|Dark Pulse|p1a: Joule
|-damage|p1a: Joule|0 fnt
|faint|p1a: Joule
|
|-weather|RainDance|[upkeep]
|upkeep
|
|t:|1760830910
|switch|p1a: Ripple|Floatzel, M|61/100
|turn|8
|
|t:|1760830918
|switch|p2a: Mitochondria|Scizor, M|76/100
|move|p1a: Ripple|Flip Turn|p2a: Mitochondria
|-damage|p2a: Mitochondria|10/100
|
|t:|1760830923
|switch|p1a: Spectra|Dragapult, F, shiny|100/100|[from] Flip Turn
|
|-weather|none
|upkeep
|turn|9
|
|t:|1760830927
|move|p1a: Spectra|U-turn|p2a: Mitochondria
|-resisted|p2a: Mitochondria
|-damage|p2a: Mitochondria|2/100
|
|t:|1760830929
|switch|p1a: Gulliver|Pelipper, M|67/100|[from] U-turn
|-weather|RainDance|[from] ability: Drizzle|[of] p1a: Gulliver
|move|p2a: Mitochondria|Knock Off|p1a: Gulliver
|-damage|p1a: Gulliver|44/100
|-damage|p2a: Mitochondria|0 fnt|[from] item: Life Orb
|faint|p2a: Mitochondria
|
|-weather|RainDance|[upkeep]
|upkeep
|
|t:|1760830937
|switch|p2a: slasher|Kommo-o, M|100/100
|turn|10
|
|t:|1760830945
|move|p2a: slasher|Clanging Scales|p1a: Gulliver
|-damage|p1a: Gulliver|0 fnt
|faint|p1a: Gulliver
|-unboost|p2a: slasher|def|1
|
|-weather|RainDance|[upkeep]
|upkeep
|
|t:|1760830951
|switch|p1a: Spectra|Dragapult, F, shiny|100/100
|turn|11
|
|t:|1760830965
|move|p1a: Spectra|Draco Meteor|p2a: slasher
|-supereffective|p2a: slasher
|-crit|p2a: slasher
|-damage|p2a: slasher|0 fnt
|-unboost|p1a: Spectra|spa|2
|faint|p2a: slasher
|
|-weather|RainDance|[upkeep]
|upkeep
|
|t:|1760830971
|switch|p2a: Gholdeezer|Gholdengo|100/100
|turn|12
|
|t:|1760830976
|switch|p1a: Amanita|Amoonguss, F|86/100
|move|p2a: Gholdeezer|Shadow Ball|p1a: Amanita
|-crit|p1a: Amanita
|-damage|p1a: Amanita|28/100
|
|-weather|RainDance|[upkeep]
|upkeep
|turn|13
|
|t:|1760830982
|move|p2a: Gholdeezer|Shadow Ball|p1a: Amanita
|-damage|p1a: Amanita|0 fnt
|faint|p1a: Amanita
|
|-weather|none
|upkeep
|
|t:|1760830988
|switch|p1a: Ripple|Floatzel, M|61/100
|turn|14
|
|t:|1760830996
|move|p2a: Gholdeezer|Shadow Ball|p1a: Ripple
|-damage|p1a: Ripple|0 fnt
|faint|p1a: Ripple
|
|upkeep
|
|t:|1760831000
|switch|p1a: Spectra|Dragapult, F, shiny|100/100
|turn|15
|
|t:|1760831008
|-terastallize|p1a: Spectra|Electric
|move|p2a: Gholdeezer|Shadow Ball|p1a: Spectra
|-damage|p1a: Spectra|45/100
|move|p1a: Spectra|Thunder|p2a: Gholdeezer|[miss]
|-miss|p1a: Spectra|p2a: Gholdeezer
|
|upkeep
|turn|16
|-message|kate10956 forfeited.
|
|win|Nigthamarish
|raw|kate10956's rating: 1198 &rarr; <strong>1173</strong><br />(-25 for losing)
|raw|Nigthamarish's rating: 1196 &rarr; <strong>1221</strong><br />(+25 for winning)
|l|☆kate10956
|player|p1|
|c|☆Nigthamarish|GG
