|j|☆bronzong72
|j|☆RATTATAAA MASTER
|t:|1760846463
|gametype|singles
|player|p1|bronzong72|falkner|1238
|player|p2|RATTATAAA MASTER|lance|1217
|gen|9
|tier|[Gen 9] OU
|rated|
|rule|HP Percentage Mod: HP is shown in percentages
|rule|Endless Battle Clause: Forcing endless battles is banned
|rule|Species Clause: Limit one of each Pokémon
|rule|OHKO Clause: OHKO moves are banned
|rule|Evasion Items Clause: Evasion items are banned
|rule|Evasion Moves Clause: Evasion moves are banned
|rule|Evasion Abilities Clause: Evasion abilities are banned
|rule|Sleep Moves Clause: Sleep-inducing moves are banned
|clearpoke
|poke|p1|Primarina, F|
|poke|p1|Gholdengo|
|poke|p1|Muk-Alola, M|
|poke|p1|Great Tusk|
|poke|p1|Rillaboom, F|
|poke|p1|Zapdos|
|poke|p2|Entei|
|poke|p2|Torkoal, M|
|poke|p2|Walking Wake|
|poke|p2|Great Tusk|
|poke|p2|Gholdengo|
|poke|p2|Venusaur, F|
|teampreview
|inactive|Battle timer is ON: inactive players will automatically lose when time's up. (requested by RATTATAAA MASTER)
|inactive|bronzong72 also wants the timer to be on.
|
|t:|1760846477
|teamsize|p1|6
|teamsize|p2|6
|start
|switch|p1a: Great Tusk|Great Tusk|100/100
|switch|p2a: Walking Wake|Walking Wake|100/100
|turn|1
|
|t:|1760846483
|-end|p1a: Great Tusk|Protosynthesis|[silent]
|switch|p1a: Primarina|Primarina, F|100/100
|move|p2a: Walking Wake|Hydro Steam|p1a: Primarina
|-resisted|p1a: Primarina
|-damage|p1a: Primarina|83/100
|-damage|p2a: Walking Wake|91/100|[from] item: Life Orb
|
|upkeep
|turn|2
|
|t:|1760846489
|move|p2a: Walking Wake|Flip Turn|p1a: Primarina
|-resisted|p1a: Primarina
|-damage|p1a: Primarina|69/100
|-damage|p2a: Walking Wake|81/100|[from] item: Life Orb
|
|t:|1760846491
|-end|p2a: Walking Wake|Protosynthesis|[silent]
|switch|p2a: Torkoal|Torkoal, M|100/100|[from] Flip Turn
|-weather|SunnyDay|[from] ability: Drought|[of] p2a: Torkoal
|move|p1a: Primarina|Flip Turn|p2a: Torkoal
|-supereffective|p2a: Torkoal
|-damage|p2a: Torkoal|93/100
|
|t:|1760846519
|switch|p1a: Muk|Muk-Alola, M|100/100|[from] Flip Turn
|
|-weather|SunnyDay|[upkeep]
|upkeep
|turn|3
|
|t:|1760846524
|move|p1a: Muk|Knock Off|p2a: Torkoal
|-damage|p2a: Torkoal|73/100
|-enditem|p2a: Torkoal|Heat Rock|[from] move: Knock Off|[of] p1a: Muk
|move|p2a: Torkoal|Stealth Rock|p1a: Muk
|-sidestart|p1: bronzong72|move: Stealth Rock
|
|-weather|SunnyDay|[upkeep]
|upkeep
|turn|4
|
|t:|1760846529
|move|p1a: Muk|Knock Off|p2a: Torkoal
|-damage|p2a: Torkoal|59/100
|-status|p2a: Torkoal|psn|[from] ability: Poison Touch|[of] p1a: Muk
|move|p2a: Torkoal|Scorching Sands|p1a: Muk
|-supereffective|p1a: Muk
|-damage|p1a: Muk|85/100
|
|-weather|SunnyDay|[upkeep]
|-heal|p1a: Muk|91/100|[from] item: Leftovers
|-damage|p2a: Torkoal|46/100 psn|[from] psn
|upkeep
|turn|5
|
|t:|1760846543
|move|p1a: Muk|Poison Jab|p2a: Torkoal
|-damage|p2a: Torkoal|30/100 psn
|move|p2a: Torkoal|Lava Plume|p1a: Muk
|-damage|p1a: Muk|68/100
|-status|p1a: Muk|brn
|
|-weather|SunnyDay|[upkeep]
|-heal|p1a: Muk|74/100 brn|[from] item: Leftovers
|-damage|p2a: Torkoal|18/100 psn|[from] psn
|-damage|p1a: Muk|68/100 brn|[from] brn
|upkeep
|turn|6
|
|t:|1760846562
|switch|p2a: Great Tusk|Great Tusk|100/100
|-activate|p2a: Great Tusk|ability: Protosynthesis
|-start|p2a: Great Tusk|protosynthesisdef
|move|p1a: Muk|Knock Off|p2a: Great Tusk
|-resisted|p2a: Great Tusk
|-damage|p2a: Great Tusk|97/100
|-status|p2a: Great Tusk|psn|[from] ability: Poison Touch|[of] p1a: Muk
|-enditem|p2a: Great Tusk|Leftovers|[from] move: Knock Off|[of] p1a: Muk
|
|-weather|SunnyDay|[upkeep]
|-heal|p1a: Muk|74/100 brn|[from] item: Leftovers
|-damage|p2a: Great Tusk|85/100 psn|[from] psn
|-damage|p1a: Muk|68/100 brn|[from] brn
|upkeep
|turn|7
|
|t:|1760846574
|switch|p1a: Rillaboom|Rillaboom, F|100/100
|-damage|p1a: Rillaboom|88/100|[from] Stealth Rock
|-fieldstart|move: Grassy Terrain|[from] ability: Grassy Surge|[of] p1a: Rillaboom
|move|p2a: Great Tusk|Ice Spinner|p1a: Rillaboom
|-supereffective|p1a: Rillaboom
|-damage|p1a: Rillaboom|40/100
|-fieldend|move: Grassy Terrain
|
|-weather|SunnyDay|[upkeep]
|-damage|p2a: Great Tusk|73/100 psn|[from] psn
|upkeep
|turn|8
|
|t:|1760846604
|move|p1a: Rillaboom|Wood Hammer|p2a: Great Tusk
|-supereffective|p2a: Great Tusk
|-damage|p2a: Great Tusk|8/100 psn
|-damage|p1a: Rillaboom|13/100|[from] Recoil
|-damage|p1a: Rillaboom|3/100|[from] item: Life Orb
|move|p2a: Great Tusk|Ice Spinner|p1a: Rillaboom
|-supereffective|p1a: Rillaboom
|-damage|p1a: Rillaboom|0 fnt
|faint|p1a: Rillaboom
|
|-weather|SunnyDay|[upkeep]
|-damage|p2a: Great Tusk|0 fnt|[from] psn
|faint|p2a: Great Tusk
|-end|p2a: Great Tusk|Protosynthesis|[silent]
|upkeep
|inactive|RATTATAAA MASTER has 120 seconds left.
|
|t:|1760846616
|switch|p1a: Great Tusk|Great Tusk|100/100
|switch|p2a: Walking Wake|Walking Wake|81/100
|-damage|p1a: Great Tusk|98/100|[from] Stealth Rock
|-activate|p2a: Walking Wake|ability: Protosynthesis
|-start|p2a: Walking Wake|protosynthesisspa
|-activate|p1a: Great Tusk|ability: Protosynthesis
|-start|p1a: Great Tusk|protosynthesisspe
|turn|9
|inactive|bronzong72 has 120 seconds left.
|
|t:|1760846631
|-terastallize|p1a: Great Tusk|Water
|move|p1a: Great Tusk|Rapid Spin|p2a: Walking Wake
|-damage|p2a: Walking Wake|64/100
|-boost|p1a: Great Tusk|spe|1
|-sideend|p1: bronzong72|Stealth Rock|[from] move: Rapid Spin|[of] p1a: Great Tusk
|move|p2a: Walking Wake|Hydro Steam|p1a: Great Tusk
|-resisted|p1a: Great Tusk
|-damage|p1a: Great Tusk|33/100
|-damage|p2a: Walking Wake|54/100|[from] item: Life Orb
|
|-weather|none
|-end|p1a: Great Tusk|Protosynthesis
|-end|p2a: Walking Wake|Protosynthesis
|upkeep
|turn|10
|
|t:|1760846642
|-end|p2a: Walking Wake|Protosynthesis|[silent]
|switch|p2a: Torkoal|Torkoal, M|18/100 psn
|-weather|SunnyDay|[from] ability: Drought|[of] p2a: Torkoal
|-activate|p1a: Great Tusk|ability: Protosynthesis
|-start|p1a: Great Tusk|protosynthesisspe
|move|p1a: Great Tusk|Stealth Rock|p2a: Torkoal
|-sidestart|p2: RATTATAAA MASTER|move: Stealth Rock
|
|-weather|SunnyDay|[upkeep]
|-damage|p2a: Torkoal|6/100 psn|[from] psn
|upkeep
|turn|11
|
|t:|1760846651
|move|p1a: Great Tusk|Rapid Spin|p2a: Torkoal
|-damage|p2a: Torkoal|0 fnt
|-boost|p1a: Great Tusk|spe|1
|faint|p2a: Torkoal
|
|-weather|SunnyDay|[upkeep]
|upkeep
|
|t:|1760846655
|switch|p2a: Gholdengo|Gholdengo|100/100
|-damage|p2a: Gholdengo|94/100|[from] Stealth Rock
|-item|p2a: Gholdengo|Air Balloon
|turn|12
|
|t:|1760846673
|move|p1a: Great Tusk|Ice Spinner|p2a: Gholdengo
|-resisted|p2a: Gholdengo
|-damage|p2a: Gholdengo|82/100
|-enditem|p2a: Gholdengo|Air Balloon
|move|p2a: Gholdengo|Thunderbolt|p1a: Great Tusk
|-supereffective|p1a: Great Tusk
|-damage|p1a: Great Tusk|0 fnt
|faint|p1a: Great Tusk
|-end|p1a: Great Tusk|Protosynthesis|[silent]
|
|-weather|SunnyDay|[upkeep]
|upkeep
|
|t:|1760846689
|switch|p1a: Gholdengo|Gholdengo|100/100
|turn|13
|
|t:|1760846695
|move|p1a: Gholdengo|Shadow Ball|p2a: Gholdengo
|-supereffective|p2a: Gholdengo
|-crit|p2a: Gholdengo
|-damage|p2a: Gholdengo|0 fnt
|faint|p2a: Gholdengo
|
|-weather|SunnyDay|[upkeep]
|upkeep
|
|t:|1760846698
|switch|p2a: Venusaur|Venusaur, F|100/100
|-damage|p2a: Venusaur|88/100|[from] Stealth Rock
|turn|14
|
|t:|1760846703
|move|p2a: Venusaur|Weather Ball|p1a: Gholdengo
|-supereffective|p1a: Gholdengo
|-damage|p1a: Gholdengo|0 fnt
|faint|p1a: Gholdengo
|-damage|p2a: Venusaur|78/100|[from] item: Life Orb
|
|-weather|none
|upkeep
|
|t:|1760846713
|switch|p1a: Zapdos|Zapdos|100/100
|turn|15
|
|t:|1760846717
|move|p2a: Venusaur|Sludge Bomb|p1a: Zapdos
|-damage|p1a: Zapdos|46/100
|-status|p1a: Zapdos|psn
|-damage|p2a: Venusaur|68/100|[from] item: Life Orb
|move|p1a: Zapdos|Heat Wave|p2a: Venusaur
|-supereffective|p2a: Venusaur
|-damage|p2a: Venusaur|12/100
|
|-damage|p1a: Zapdos|34/100 psn|[from] psn
|upkeep
|turn|16
|
|t:|1760846727
|move|p2a: Venusaur|Sludge Bomb|p1a: Zapdos
|-damage|p1a: Zapdos|0 fnt
|faint|p1a: Zapdos
|-damage|p2a: Venusaur|2/100|[from] item: Life Orb
|
|upkeep
|-message|bronzong72 forfeited.
|
|win|RATTATAAA MASTER
|raw|bronzong72's rating: 1238 &rarr; <strong>1211</strong><br />(-27 for losing)
|raw|RATTATAAA MASTER's rating: 1217 &rarr; <strong>1244</strong><br />(+27 for winning)
|l|☆bronzong72
|player|p1|
|l|☆RATTATAAA MASTER
|player|p2|
