|badge|p2|bronze|gen9ou|100-7
|uhtml|medal-msg|<div class="broadcast-blue">Curious what those medals under the avatar are? PS now has Ladder Seasons! For more information, check out the <a href="https://www.smogon.com/forums/threads/3740067/">thread on Smogon.</a></div>
|j|☆cutesteduck1
|j|☆eros maniac
|t:|1760805349
|gametype|singles
|player|p1|cutesteduck1|dawn-gen4pt|1621
|player|p2|eros maniac|hilbert-wonderlauncher|1814
|gen|9
|tier|[Gen 9] OU
|rated|
|rule|HP Percentage Mod: HP is shown in percentages
|rule|Endless Battle Clause: Forcing endless battles is banned
|rule|Species Clause: Limit one of each Pokémon
|rule|OHKO Clause: OHKO moves are banned
|rule|Evasion Items Clause: Evasion items are banned
|rule|Evasion Moves Clause: Evasion moves are banned
|rule|Evasion Abilities Clause: Evasion abilities are banned
|rule|Sleep Moves Clause: Sleep-inducing moves are banned
|clearpoke
|poke|p1|Ogerpon, F|
|poke|p1|Raging Bolt|
|poke|p1|Slowking-Galar, F|
|poke|p1|Corviknight, M|
|poke|p1|Ting-Lu|
|poke|p1|Volcanion|
|poke|p2|Frosmoth, F|
|poke|p2|Maushold-Four|
|poke|p2|Krookodile, M|
|poke|p2|Sinistcha|
|poke|p2|Alomomola, F|
|poke|p2|Weezing-Galar, M|
|teampreview
|inactive|Battle timer is ON: inactive players will automatically lose when time's up. (requested by cutesteduck1)
|
|t:|1760805369
|teamsize|p1|6
|teamsize|p2|6
|start
|switch|p1a: Ogerpon|Ogerpon, F|100/100
|switch|p2a: Alomomola|Alomomola, F, shiny|100/100
|turn|1
|
|t:|1760805376
|switch|p2a: Weezing|Weezing-Galar, M|100/100
|-ability|p2a: Weezing|Neutralizing Gas
|move|p1a: Ogerpon|Knock Off|p2a: Weezing
|-resisted|p2a: Weezing
|-damage|p2a: Weezing|85/100
|-enditem|p2a: Weezing|Shuca Berry|[from] move: Knock Off|[of] p1a: Ogerpon
|
|upkeep
|turn|2
|
|t:|1760805386
|switch|p1a: Slowking|Slowking-Galar, F|100/100
|move|p2a: Weezing|Strange Steam|p1a: Slowking
|-resisted|p1a: Slowking
|-damage|p1a: Slowking|93/100
|-start|p1a: Slowking|confusion
|
|upkeep
|turn|3
|
|t:|1760805390
|-end|p2a: Weezing|ability: Neutralizing Gas
|switch|p2a: Krookodile|Krookodile, M|100/100
|-ability|p2a: Krookodile|Intimidate|boost
|-unboost|p1a: Slowking|atk|1
|-activate|p1a: Slowking|confusion
|-damage|p1a: Slowking|90/100|[from] confusion
|
|upkeep
|turn|4
|
|t:|1760805394
|switch|p1a: Corviknight|Corviknight, M|100/100
|-ability|p1a: Corviknight|Pressure
|move|p2a: Krookodile|Knock Off|p1a: Corviknight
|-damage|p1a: Corviknight|55/100
|-damage|p2a: Krookodile|84/100|[from] item: Rocky Helmet|[of] p1a: Corviknight
|-enditem|p1a: Corviknight|Rocky Helmet|[from] move: Knock Off|[of] p2a: Krookodile
|
|upkeep
|turn|5
|
|t:|1760805399
|switch|p2a: Alomomola|Alomomola, F, shiny|100/100
|move|p1a: Corviknight|Roost|p1a: Corviknight
|-heal|p1a: Corviknight|100/100
|-singleturn|p1a: Corviknight|move: Roost
|
|upkeep
|turn|6
|
|t:|1760805402
|switch|p1a: Volcanion|Volcanion|100/100
|move|p2a: Alomomola|Flip Turn|p1a: Volcanion
|-immune|p1a: Volcanion|[from] ability: Water Absorb
|
|upkeep
|turn|7
|
|t:|1760805406
|move|p1a: Volcanion|Will-O-Wisp|p2a: Alomomola
|-status|p2a: Alomomola|brn
|move|p2a: Alomomola|Mirror Coat||[still]
|-fail|p2a: Alomomola
|
|-damage|p2a: Alomomola|94/100 brn|[from] brn
|upkeep
|turn|8
|
|t:|1760805412
|move|p1a: Volcanion|Sludge Bomb|p2a: Alomomola
|-damage|p2a: Alomomola|66/100 brn
|move|p2a: Alomomola|Wish|p2a: Alomomola
|
|-damage|p2a: Alomomola|60/100 brn|[from] brn
|upkeep
|turn|9
|
|t:|1760805424
|move|p1a: Volcanion|Sludge Bomb|p2a: Alomomola
|-damage|p2a: Alomomola|31/100 brn
|move|p2a: Alomomola|Mirror Coat|p1a: Volcanion
|-damage|p1a: Volcanion|15/100
|
|-heal|p2a: Alomomola|81/100 brn|[from] move: Wish|[wisher] Alomomola
|-damage|p2a: Alomomola|74/100 brn|[from] brn
|upkeep
|turn|10
|
|t:|1760805432
|move|p1a: Volcanion|Will-O-Wisp|p2a: Alomomola|[miss]
|-miss|p1a: Volcanion|p2a: Alomomola
|move|p2a: Alomomola|Mirror Coat||[still]
|-fail|p2a: Alomomola
|
|-damage|p2a: Alomomola|68/100 brn|[from] brn
|upkeep
|turn|11
|
|t:|1760805441
|move|p1a: Volcanion|Will-O-Wisp|p2a: Alomomola
|-fail|p2a: Alomomola|brn
|move|p2a: Alomomola|Mirror Coat||[still]
|-fail|p2a: Alomomola
|
|-damage|p2a: Alomomola|62/100 brn|[from] brn
|upkeep
|turn|12
|
|t:|1760805448
|move|p1a: Volcanion|Will-O-Wisp|p2a: Alomomola
|-fail|p2a: Alomomola|brn
|move|p2a: Alomomola|Wish|p2a: Alomomola
|
|-damage|p2a: Alomomola|56/100 brn|[from] brn
|upkeep
|turn|13
|
|t:|1760805454
|move|p1a: Volcanion|Sludge Bomb|p2a: Alomomola
|-damage|p2a: Alomomola|26/100 brn
|move|p2a: Alomomola|Mirror Coat|p1a: Volcanion
|-damage|p1a: Volcanion|0 fnt
|faint|p1a: Volcanion
|
|-heal|p2a: Alomomola|76/100 brn|[from] move: Wish|[wisher] Alomomola
|-damage|p2a: Alomomola|70/100 brn|[from] brn
|upkeep
|
|t:|1760805458
|switch|p1a: Ogerpon|Ogerpon, F|100/100
|turn|14
|
|t:|1760805463
|switch|p2a: Weezing|Weezing-Galar, M|85/100
|-ability|p2a: Weezing|Neutralizing Gas
|move|p1a: Ogerpon|U-turn|p2a: Weezing
|-resisted|p2a: Weezing
|-damage|p2a: Weezing|80/100
|
|t:|1760805465
|switch|p1a: Ting-Lu|Ting-Lu|100/100|[from] U-turn
|
|upkeep
|turn|15
|
|t:|1760805469
|move|p2a: Weezing|Toxic|p1a: Ting-Lu
|-status|p1a: Ting-Lu|tox
|move|p1a: Ting-Lu|Stealth Rock|p2a: Weezing
|-sidestart|p2: eros maniac|move: Stealth Rock
|
|-damage|p1a: Ting-Lu|94/100 tox|[from] psn
|upkeep
|turn|16
|
|t:|1760805474
|move|p2a: Weezing|Defog|p1a: Ting-Lu
|-unboost|p1a: Ting-Lu|evasion|1
|-sideend|p2: eros maniac|Stealth Rock|[from] move: Defog|[of] p2a: Weezing
|move|p1a: Ting-Lu|Earthquake|p2a: Weezing
|-supereffective|p2a: Weezing
|-damage|p2a: Weezing|32/100
|
|-heal|p1a: Ting-Lu|100/100 tox|[from] item: Leftovers
|-damage|p1a: Ting-Lu|88/100 tox|[from] psn
|upkeep
|turn|17
|
|t:|1760805478
|move|p2a: Weezing|Pain Split|p1a: Ting-Lu
|-sethp|p1a: Ting-Lu|55/100 tox|[from] move: Pain Split|[silent]
|-sethp|p2a: Weezing|84/100|[from] move: Pain Split
|move|p1a: Ting-Lu|Earthquake|p2a: Weezing
|-supereffective|p2a: Weezing
|-damage|p2a: Weezing|37/100
|
|-heal|p1a: Ting-Lu|61/100 tox|[from] item: Leftovers
|-damage|p1a: Ting-Lu|42/100 tox|[from] psn
|upkeep
|turn|18
|
|t:|1760805485
|move|p2a: Weezing|Strange Steam|p1a: Ting-Lu
|-supereffective|p1a: Ting-Lu
|-damage|p1a: Ting-Lu|13/100 tox
|move|p1a: Ting-Lu|Earthquake|p2a: Weezing
|-supereffective|p2a: Weezing
|-damage|p2a: Weezing|0 fnt
|faint|p2a: Weezing
|-end|p2a: Weezing|ability: Neutralizing Gas
|-ability|p1a: Ting-Lu|Vessel of Ruin
|
|-heal|p1a: Ting-Lu|19/100 tox|[from] item: Leftovers
|-damage|p1a: Ting-Lu|0 fnt|[from] psn
|faint|p1a: Ting-Lu
|upkeep
|
|t:|1760805492
|switch|p2a: Sinistcha|Sinistcha, shiny|100/100
|switch|p1a: Ogerpon|Ogerpon, F|100/100
|turn|19
|
|t:|1760805496
|move|p1a: Ogerpon|U-turn|p2a: Sinistcha
|-crit|p2a: Sinistcha
|-damage|p2a: Sinistcha|66/100
|
|t:|1760805498
|switch|p1a: Slowking|Slowking-Galar, F|100/100|[from] U-turn
|move|p2a: Sinistcha|Shadow Ball|p1a: Slowking
|-supereffective|p1a: Slowking
|-damage|p1a: Slowking|60/100
|-unboost|p1a: Slowking|spd|1
|
|upkeep
|turn|20
|
|t:|1760805503
|move|p2a: Sinistcha|Shadow Ball|p1a: Slowking
|-supereffective|p1a: Slowking
|-crit|p1a: Slowking
|-damage|p1a: Slowking|0 fnt
|faint|p1a: Slowking
|
|upkeep
|-message|cutesteduck1 forfeited.
|
|win|eros maniac
|raw|cutesteduck1's rating: 1621 &rarr; <strong>1611</strong><br />(-10 for losing)
|raw|eros maniac's rating: 1814 &rarr; <strong>1824</strong><br />(+10 for winning)
|l|☆cutesteduck1
|player|p1|
|l|☆eros maniac
|player|p2|
