|j|☆YJIOG
|j|☆berryjuicejoy
|t:|1760828905
|gametype|singles
|player|p1|YJIOG|scientist-gen4dp|1421
|player|p2|berryjuicejoy|karen-gen2|1357
|gen|9
|tier|[Gen 9] OU
|rated|
|rule|HP Percentage Mod: HP is shown in percentages
|rule|Endless Battle Clause: Forcing endless battles is banned
|rule|Species Clause: Limit one of each Pokémon
|rule|OHKO Clause: OHKO moves are banned
|rule|Evasion Items Clause: Evasion items are banned
|rule|Evasion Moves Clause: Evasion moves are banned
|rule|Evasion Abilities Clause: Evasion abilities are banned
|rule|Sleep Moves Clause: Sleep-inducing moves are banned
|clearpoke
|poke|p1|Electivire, M|
|poke|p1|Alomomola, M|
|poke|p1|Dragapult, F|
|poke|p1|Hydrapple, F|
|poke|p1|Great Tusk|
|poke|p1|Goodra-Hisui, M|
|poke|p2|Darkrai|
|poke|p2|Kyurem|
|poke|p2|Enamorus-Therian, F|
|poke|p2|Pecharunt|
|poke|p2|Cinderace, M|
|poke|p2|Tentacruel, M|
|teampreview
|inactive|Battle timer is ON: inactive players will automatically lose when time's up. (requested by YJIOG)
|inactive|berryjuicejoy has 120 seconds left.
|
|t:|1760828964
|teamsize|p1|6
|teamsize|p2|6
|start
|switch|p1a: Dragapult|Dragapult, F|100/100
|switch|p2a: Kyurem|Kyurem|100/100
|-ability|p2a: Kyurem|Pressure
|turn|1
|
|t:|1760828971
|move|p2a: Kyurem|Freeze-Dry|p1a: Dragapult
|-supereffective|p1a: Dragapult
|-damage|p1a: Dragapult|0 fnt
|faint|p1a: Dragapult
|
|upkeep
|
|t:|1760828978
|switch|p1a: Goodra|Goodra-Hisui, M|100/100
|turn|2
|
|t:|1760828987
|switch|p2a: Cinderace|Cinderace, M|100/100
|move|p1a: Goodra|Knock Off|p2a: Cinderace
|-damage|p2a: Cinderace|65/100
|-enditem|p2a: Cinderace|Heavy-Duty Boots|[from] move: Knock Off|[of] p1a: Goodra
|
|upkeep
|turn|3
|
|t:|1760828994
|switch|p1a: Alomomola|Alomomola, M|100/100
|move|p2a: Cinderace|U-turn|p1a: Alomomola
|-start|p2a: Cinderace|typechange|Bug|[from] ability: Libero
|-damage|p1a: Alomomola|83/100
|
|t:|1760829013
|switch|p2a: Kyurem|Kyurem|100/100|[from] U-turn
|-ability|p2a: Kyurem|Pressure
|
|upkeep
|turn|4
|
|t:|1760829020
|switch|p1a: Goodra|Goodra-Hisui, M|100/100
|move|p2a: Kyurem|Freeze-Dry|p1a: Goodra
|-damage|p1a: Goodra|87/100
|
|upkeep
|turn|5
|
|t:|1760829027
|switch|p2a: Tentacruel|Tentacruel, M|100/100
|move|p1a: Goodra|Knock Off|p2a: Tentacruel
|-damage|p2a: Tentacruel|60/100
|-enditem|p2a: Tentacruel|Assault Vest|[from] move: Knock Off|[of] p1a: Goodra
|
|upkeep
|turn|6
|
|t:|1760829036
|move|p1a: Goodra|Earthquake|p2a: Tentacruel
|-supereffective|p2a: Tentacruel
|-crit|p2a: Tentacruel
|-damage|p2a: Tentacruel|0 fnt
|faint|p2a: Tentacruel
|
|upkeep
|
|t:|1760829040
|switch|p2a: Enamorus|Enamorus-Therian, F|100/100
|turn|7
|
|t:|1760829045
|-terastallize|p2a: Enamorus|Ground
|move|p1a: Goodra|Flash Cannon|p2a: Enamorus
|-damage|p2a: Enamorus|79/100
|move|p2a: Enamorus|Earth Power|p1a: Goodra
|-supereffective|p1a: Goodra
|-damage|p1a: Goodra|49/100
|
|upkeep
|turn|8
|
|t:|1760829070
|switch|p1a: Electivire|Electivire, M|100/100
|move|p2a: Enamorus|Earth Power|p1a: Electivire
|-supereffective|p1a: Electivire
|-damage|p1a: Electivire|0 fnt
|faint|p1a: Electivire
|
|upkeep
|
|t:|1760829078
|switch|p1a: Hydrapple|Hydrapple, F|100/100
|turn|9
|
|t:|1760829083
|switch|p2a: Cinderace|Cinderace, M|65/100
|-terastallize|p1a: Hydrapple|Poison
|move|p1a: Hydrapple|Nasty Plot|p1a: Hydrapple
|-boost|p1a: Hydrapple|spa|2
|
|upkeep
|turn|10
|
|t:|1760829091
|move|p2a: Cinderace|Pyro Ball|p1a: Hydrapple
|-damage|p1a: Hydrapple|66/100
|-status|p1a: Hydrapple|brn
|move|p1a: Hydrapple|Fickle Beam|p2a: Cinderace
|-damage|p2a: Cinderace|0 fnt
|faint|p2a: Cinderace
|
|-damage|p1a: Hydrapple|60/100 brn|[from] brn
|upkeep
|
|t:|1760829103
|switch|p2a: Darkrai|Darkrai|100/100
|turn|11
|
|t:|1760829111
|move|p2a: Darkrai|Dark Pulse|p1a: Hydrapple
|-damage|p1a: Hydrapple|9/100 brn
|-damage|p2a: Darkrai|91/100|[from] item: Life Orb
|move|p1a: Hydrapple|Giga Drain|p2a: Darkrai
|-damage|p2a: Darkrai|13/100
|-heal|p1a: Hydrapple|36/100 brn|[from] drain|[of] p2a: Darkrai
|
|-damage|p1a: Hydrapple|29/100 brn|[from] brn
|upkeep
|turn|12
|
|t:|1760829125
|switch|p1a: Goodra|Goodra-Hisui, M|49/100
|move|p2a: Darkrai|Dark Pulse|p1a: Goodra
|-damage|p1a: Goodra|28/100
|-damage|p2a: Darkrai|3/100|[from] item: Life Orb
|
|upkeep
|turn|13
|
|t:|1760829148
|switch|p1a: Alomomola|Alomomola, M|100/100
|move|p2a: Darkrai|Dark Pulse|p1a: Alomomola
|-damage|p1a: Alomomola|39/100
|-damage|p2a: Darkrai|0 fnt|[from] item: Life Orb
|faint|p2a: Darkrai
|
|upkeep
|
|t:|1760829155
|switch|p2a: Kyurem|Kyurem|100/100
|-ability|p2a: Kyurem|Pressure
|turn|14
|
|t:|1760829160
|switch|p1a: Goodra|Goodra-Hisui, M|28/100
|move|p2a: Kyurem|Freeze-Dry|p1a: Goodra
|-damage|p1a: Goodra|16/100
|
|upkeep
|turn|15
|
|t:|1760829171
|switch|p2a: Enamorus|Enamorus-Therian, F, tera:Ground|79/100
|move|p1a: Goodra|Draco Meteor|p2a: Enamorus
|-damage|p2a: Enamorus|47/100
|-unboost|p1a: Goodra|spa|2
|
|upkeep
|turn|16
|
|t:|1760829183
|switch|p1a: Great Tusk|Great Tusk|100/100
|move|p2a: Enamorus|Earth Power|p1a: Great Tusk
|-damage|p1a: Great Tusk|13/100
|
|upkeep
|turn|17
|
|t:|1760829190
|move|p1a: Great Tusk|Ice Spinner|p2a: Enamorus
|-supereffective|p2a: Enamorus
|-damage|p2a: Enamorus|0 fnt
|faint|p2a: Enamorus
|
|upkeep
|
|t:|1760829193
|switch|p2a: Kyurem|Kyurem|100/100
|-ability|p2a: Kyurem|Pressure
|turn|18
|
|t:|1760829203
|move|p2a: Kyurem|Ice Beam|p1a: Great Tusk
|-supereffective|p1a: Great Tusk
|-damage|p1a: Great Tusk|0 fnt
|faint|p1a: Great Tusk
|-end|p1a: Great Tusk|Protosynthesis|[silent]
|
|upkeep
|
|t:|1760829209
|switch|p1a: Alomomola|Alomomola, M|72/100
|turn|19
|
|t:|1760829212
|switch|p2a: Pecharunt|Pecharunt|100/100
|move|p1a: Alomomola|Wish|p1a: Alomomola
|
|upkeep
|turn|20
|-activate|p2a: Pecharunt|item: Quick Claw
|
|t:|1760829219
|switch|p1a: Goodra|Goodra-Hisui, M|16/100
|move|p2a: Pecharunt|Parting Shot|p1a: Goodra
|-unboost|p1a: Goodra|atk|1
|-unboost|p1a: Goodra|spa|1
|
|t:|1760829222
|switch|p2a: Kyurem|Kyurem|100/100|[from] Parting Shot
|-ability|p2a: Kyurem|Pressure
|
|-heal|p1a: Goodra|89/100|[from] move: Wish|[wisher] Alomomola
|upkeep
|turn|21
|
|t:|1760829233
|move|p2a: Kyurem|Ice Beam|p1a: Goodra
|-damage|p1a: Goodra|71/100
|move|p1a: Goodra|Flash Cannon|p2a: Kyurem
|-supereffective|p2a: Kyurem
|-damage|p2a: Kyurem|61/100
|
|upkeep
|turn|22
|
|t:|1760829240
|move|p2a: Kyurem|Ice Beam|p1a: Goodra
|-damage|p1a: Goodra|52/100
|move|p1a: Goodra|Draco Meteor|p2a: Kyurem
|-supereffective|p2a: Kyurem
|-damage|p2a: Kyurem|4/100
|-unboost|p1a: Goodra|spa|2
|
|upkeep
|turn|23
|
|t:|1760829248
|move|p2a: Kyurem|Ice Beam|p1a: Goodra
|-damage|p1a: Goodra|36/100
|move|p1a: Goodra|Knock Off|p2a: Kyurem
|-damage|p2a: Kyurem|0 fnt
|-enditem|p2a: Kyurem|Choice Scarf|[from] move: Knock Off|[of] p1a: Goodra
|faint|p2a: Kyurem
|
|upkeep
|
|t:|1760829255
|switch|p2a: Pecharunt|Pecharunt|100/100
|turn|24
|
|t:|1760829261
|switch|p1a: Alomomola|Alomomola, M|100/100
|move|p2a: Pecharunt|Shadow Ball|p1a: Alomomola
|-damage|p1a: Alomomola|59/100
|
|upkeep
|turn|25
|-activate|p2a: Pecharunt|item: Quick Claw
|
|t:|1760829268
|move|p2a: Pecharunt|Malignant Chain|p1a: Alomomola
|-damage|p1a: Alomomola|9/100
|-status|p1a: Alomomola|tox
|-start|p1a: Alomomola|confusion|[from] ability: Poison Puppeteer|[of] p2a: Pecharunt
|-activate|p1a: Alomomola|confusion
|-damage|p1a: Alomomola|5/100 tox|[from] confusion
|
|-damage|p1a: Alomomola|0 fnt|[from] psn
|faint|p1a: Alomomola
|upkeep
|
|t:|1760829282
|switch|p1a: Hydrapple|Hydrapple, F, tera:Poison|63/100 brn
|turn|26
|
|t:|1760829288
|move|p2a: Pecharunt|Shadow Ball|p1a: Hydrapple
|-damage|p1a: Hydrapple|28/100 brn
|move|p1a: Hydrapple|Earth Power|p2a: Pecharunt
|-supereffective|p2a: Pecharunt
|-damage|p2a: Pecharunt|38/100
|
|-damage|p1a: Hydrapple|22/100 brn|[from] brn
|upkeep
|turn|27
|-activate|p2a: Pecharunt|item: Quick Claw
|
|t:|1760829297
|move|p2a: Pecharunt|Shadow Ball|p1a: Hydrapple
|-damage|p1a: Hydrapple|0 fnt
|faint|p1a: Hydrapple
|
|upkeep
|
|t:|1760829304
|switch|p1a: Goodra|Goodra-Hisui, M|36/100
|turn|28
|
|t:|1760829307
|move|p2a: Pecharunt|Shadow Ball|p1a: Goodra
|-damage|p1a: Goodra|25/100
|move|p1a: Goodra|Flash Cannon|p2a: Pecharunt
|-damage|p2a: Pecharunt|0 fnt
|faint|p2a: Pecharunt
|
|win|YJIOG
|raw|YJIOG's rating: 1421 &rarr; <strong>1437</strong><br />(+16 for winning)
|raw|berryjuicejoy's rating: 1357 &rarr; <strong>1341</strong><br />(-16 for losing)
|l|☆berryjuicejoy
|player|p2|
