|j|☆untitledkamii
|j|☆jarrodbennett
|t:|1760733554
|gametype|singles
|player|p1|untitledkamii|unknownf|1559
|player|p2|jarrodbennett|1|1564
|gen|9
|tier|[Gen 9] OU
|rated|
|rule|HP Percentage Mod: HP is shown in percentages
|rule|Endless Battle Clause: Forcing endless battles is banned
|rule|Species Clause: Limit one of each Pokémon
|rule|OHKO Clause: OHKO moves are banned
|rule|Evasion Items Clause: Evasion items are banned
|rule|Evasion Moves Clause: Evasion moves are banned
|rule|Evasion Abilities Clause: Evasion abilities are banned
|rule|Sleep Moves Clause: Sleep-inducing moves are banned
|clearpoke
|poke|p1|Iron Treads|
|poke|p1|Kingambit, M|
|poke|p1|Ceruledge, F|
|poke|p1|Ninetales-Alola, M|
|poke|p1|Kyurem|
|poke|p1|Hatterene, F|
|poke|p2|Ribombee, F|
|poke|p2|Cinderace, F|
|poke|p2|Serperior, F|
|poke|p2|Hitmonlee, M|
|poke|p2|Empoleon, F|
|poke|p2|Kingambit, F|
|teampreview
|inactive|Battle timer is ON: inactive players will automatically lose when time's up. (requested by untitledkamii)
|
|t:|1760733565
|teamsize|p1|6
|teamsize|p2|6
|start
|switch|p1a: Ninetales|Ninetales-Alola, M|100/100
|switch|p2a: Ya Like Jazz?|Ribombee, F|100/100
|-weather|Snowscape|[from] ability: Snow Warning|[of] p1a: Ninetales
|turn|1
|
|t:|1760733573
|move|p2a: Ya Like Jazz?|Sticky Web|p1a: Ninetales
|-sidestart|p1: untitledkamii|move: Sticky Web
|move|p1a: Ninetales|Aurora Veil|p1a: Ninetales
|-sidestart|p1: untitledkamii|move: Aurora Veil
|
|-weather|Snowscape|[upkeep]
|upkeep
|turn|2
|
|t:|1760733584
|switch|p2a: What's Up Doc?|Cinderace, F|100/100
|move|p1a: Ninetales|Encore||[still]
|-fail|p1a: Ninetales
|
|-weather|Snowscape|[upkeep]
|upkeep
|turn|3
|
|t:|1760733594
|switch|p1a: Hatterene|Hatterene, F|100/100
|-activate|p1a: Hatterene|move: Sticky Web
|-unboost|p1a: Hatterene|spe|1
|move|p2a: What's Up Doc?|Pyro Ball|p1a: Hatterene
|-damage|p1a: Hatterene|75/100
|
|-weather|Snowscape|[upkeep]
|-heal|p1a: Hatterene|81/100|[from] item: Leftovers
|upkeep
|turn|4
|
|t:|1760733604
|move|p2a: What's Up Doc?|Court Change|p2a: What's Up Doc?
|-start|p2a: What's Up Doc?|typechange|Normal|[from] ability: Libero
|-swapsideconditions
|-activate|p2a: What's Up Doc?|move: Court Change
|move|p1a: Hatterene|Calm Mind|p1a: Hatterene
|-boost|p1a: Hatterene|spa|1
|-boost|p1a: Hatterene|spd|1
|
|-weather|Snowscape|[upkeep]
|-heal|p1a: Hatterene|87/100|[from] item: Leftovers
|upkeep
|turn|5
|
|t:|1760733613
|switch|p2a: Taking a Dump|Kingambit, F|100/100
|-activate|p2a: Taking a Dump|move: Sticky Web
|-unboost|p2a: Taking a Dump|spe|1
|-ability|p2a: Taking a Dump|Defiant|boost
|-boost|p2a: Taking a Dump|atk|2
|move|p1a: Hatterene|Calm Mind|p1a: Hatterene
|-boost|p1a: Hatterene|spa|1
|-boost|p1a: Hatterene|spd|1
|
|-weather|none
|-heal|p1a: Hatterene|93/100|[from] item: Leftovers
|upkeep
|turn|6
|
|t:|1760733636
|-terastallize|p1a: Hatterene|Water
|move|p2a: Taking a Dump|Iron Head|p1a: Hatterene
|-resisted|p1a: Hatterene
|-damage|p1a: Hatterene|57/100
|move|p1a: Hatterene|Mystical Fire|p2a: Taking a Dump
|-supereffective|p2a: Taking a Dump
|-damage|p2a: Taking a Dump|61/100
|-unboost|p2a: Taking a Dump|spa|1
|-ability|p2a: Taking a Dump|Defiant|boost
|-boost|p2a: Taking a Dump|atk|2
|
|-heal|p1a: Hatterene|63/100|[from] item: Leftovers
|upkeep
|turn|7
|
|t:|1760733649
|switch|p1a: Kingambit|Kingambit, M|100/100
|-item|p1a: Kingambit|Air Balloon
|move|p2a: Taking a Dump|Kowtow Cleave|p1a: Kingambit
|-resisted|p1a: Kingambit
|-damage|p1a: Kingambit|35/100
|-enditem|p1a: Kingambit|Air Balloon
|
|upkeep
|turn|8
|
|t:|1760733658
|move|p1a: Kingambit|Sucker Punch|p2a: Taking a Dump
|-resisted|p2a: Taking a Dump
|-damage|p2a: Taking a Dump|53/100
|move|p2a: Taking a Dump|Sucker Punch||[still]
|-fail|p2a: Taking a Dump
|
|-sideend|p2: jarrodbennett|move: Aurora Veil
|upkeep
|turn|9
|
|t:|1760733666
|move|p2a: Taking a Dump|Sucker Punch|p1a: Kingambit
|-resisted|p1a: Kingambit
|-damage|p1a: Kingambit|0 fnt
|faint|p1a: Kingambit
|-end|p1a: Kingambit|fallenundefined|[silent]
|
|upkeep
|
|t:|1760733673
|switch|p1a: Ninetales|Ninetales-Alola, M|100/100
|-weather|Snowscape|[from] ability: Snow Warning|[of] p1a: Ninetales
|turn|10
|
|t:|1760733678
|move|p1a: Ninetales|Encore|p2a: Taking a Dump
|-start|p2a: Taking a Dump|Encore
|move|p2a: Taking a Dump|Sucker Punch||[still]
|-fail|p2a: Taking a Dump
|
|-weather|Snowscape|[upkeep]
|upkeep
|turn|11
|
|t:|1760733687
|switch|p2a: Ya Like Jazz?|Ribombee, F|100/100
|-activate|p2a: Ya Like Jazz?|move: Sticky Web
|-unboost|p2a: Ya Like Jazz?|spe|1
|move|p1a: Ninetales|Aurora Veil|p1a: Ninetales
|-sidestart|p1: untitledkamii|move: Aurora Veil
|
|-weather|Snowscape|[upkeep]
|upkeep
|turn|12
|
|t:|1760733697
|switch|p1a: Hatterene|Hatterene, F, tera:Water|63/100
|move|p2a: Ya Like Jazz?|Sticky Web|p1a: Hatterene
|move|p1a: Hatterene|Sticky Web||[from] ability: Magic Bounce|[still]
|-fail|p1a: Hatterene
|
|-weather|Snowscape|[upkeep]
|-heal|p1a: Hatterene|69/100|[from] item: Leftovers
|upkeep
|turn|13
|
|t:|1760733708
|move|p2a: Ya Like Jazz?|Moonblast|p1a: Hatterene
|-damage|p1a: Hatterene|47/100
|-unboost|p1a: Hatterene|spa|1
|move|p1a: Hatterene|Mystical Fire|p2a: Ya Like Jazz?
|-supereffective|p2a: Ya Like Jazz?
|-damage|p2a: Ya Like Jazz?|45/100
|
|-weather|Snowscape|[upkeep]
|-heal|p1a: Hatterene|53/100|[from] item: Leftovers
|upkeep
|turn|14
|
|t:|1760733719
|move|p2a: Ya Like Jazz?|Struggle Bug|p1a: Hatterene
|-damage|p1a: Hatterene|42/100
|-unboost|p1a: Hatterene|spa|1
|move|p1a: Hatterene|Draining Kiss|p2a: Ya Like Jazz?
|-damage|p2a: Ya Like Jazz?|25/100
|-heal|p1a: Hatterene|54/100|[from] drain|[of] p2a: Ya Like Jazz?
|
|-weather|none
|-heal|p1a: Hatterene|60/100|[from] item: Leftovers
|upkeep
|turn|15
|
|t:|1760733729
|move|p2a: Ya Like Jazz?|Moonblast|p1a: Hatterene
|-damage|p1a: Hatterene|39/100
|move|p1a: Hatterene|Mystical Fire|p2a: Ya Like Jazz?
|-supereffective|p2a: Ya Like Jazz?
|-damage|p2a: Ya Like Jazz?|0 fnt
|faint|p2a: Ya Like Jazz?
|
|-heal|p1a: Hatterene|45/100|[from] item: Leftovers
|upkeep
|
|t:|1760733740
|switch|p2a: Slytherin|Serperior, F|100/100
|-activate|p2a: Slytherin|move: Sticky Web
|-boost|p2a: Slytherin|spe|1
|turn|16
|
|t:|1760733751
|switch|p1a: Ceruledge|Ceruledge, F|100/100
|move|p2a: Slytherin|Leaf Storm|p1a: Ceruledge
|-resisted|p1a: Ceruledge
|-damage|p1a: Ceruledge|88/100
|-boost|p2a: Slytherin|spa|2
|
|upkeep
|turn|17
|
|t:|1760733769
|move|p2a: Slytherin|Leaf Storm|p1a: Ceruledge
|-resisted|p1a: Ceruledge
|-damage|p1a: Ceruledge|63/100
|-boost|p2a: Slytherin|spa|2
|move|p1a: Ceruledge|Bitter Blade|p2a: Slytherin
|-supereffective|p2a: Slytherin
|-damage|p2a: Slytherin|0 fnt
|-heal|p1a: Ceruledge|100/100|[from] drain|[of] p2a: Slytherin
|faint|p2a: Slytherin
|
|upkeep
|
|t:|1760733782
|switch|p2a: Big Z|Empoleon, F|100/100
|-activate|p2a: Big Z|move: Sticky Web
|-unboost|p2a: Big Z|spe|1
|-ability|p2a: Big Z|Competitive|boost
|-boost|p2a: Big Z|spa|2
|turn|18
|
|t:|1760733792
|move|p1a: Ceruledge|Swords Dance|p1a: Ceruledge
|-boost|p1a: Ceruledge|atk|2
|move|p2a: Big Z|Surf|p1a: Ceruledge
|-supereffective|p1a: Ceruledge
|-enditem|p1a: Ceruledge|Focus Sash
|-damage|p1a: Ceruledge|1/100
|
|-sideend|p1: untitledkamii|move: Aurora Veil
|upkeep
|turn|19
|
|t:|1760733805
|switch|p2a: What's Up Doc?|Cinderace, F|100/100
|move|p1a: Ceruledge|Poltergeist|p2a: What's Up Doc?
|-activate|p2a: What's Up Doc?|move: Poltergeist|Heavy-Duty Boots
|-damage|p2a: What's Up Doc?|0 fnt
|faint|p2a: What's Up Doc?
|
|upkeep
|
|t:|1760733815
|switch|p2a: Kickin' Nugget|Hitmonlee, M|100/100
|-activate|p2a: Kickin' Nugget|move: Sticky Web
|-unboost|p2a: Kickin' Nugget|spe|1
|-enditem|p2a: Kickin' Nugget|White Herb
|-clearnegativeboost|p2a: Kickin' Nugget|[silent]
|turn|20
|
|t:|1760733820
|move|p1a: Ceruledge|Shadow Sneak|p2a: Kickin' Nugget
|-crit|p2a: Kickin' Nugget
|-damage|p2a: Kickin' Nugget|0 fnt
|faint|p2a: Kickin' Nugget
|
|upkeep
|
|t:|1760733825
|switch|p2a: Taking a Dump|Kingambit, F|53/100
|-activate|p2a: Taking a Dump|move: Sticky Web
|-unboost|p2a: Taking a Dump|spe|1
|-ability|p2a: Taking a Dump|Defiant|boost
|-boost|p2a: Taking a Dump|atk|2
|turn|21
|
|t:|1760733832
|move|p1a: Ceruledge|Shadow Sneak|p2a: Taking a Dump
|-resisted|p2a: Taking a Dump
|-damage|p2a: Taking a Dump|37/100
|move|p2a: Taking a Dump|Kowtow Cleave|p1a: Ceruledge
|-supereffective|p1a: Ceruledge
|-damage|p1a: Ceruledge|0 fnt
|faint|p1a: Ceruledge
|
|upkeep
|
|t:|1760733840
|switch|p1a: Ninetales|Ninetales-Alola, M|100/100
|-weather|Snowscape|[from] ability: Snow Warning|[of] p1a: Ninetales
|turn|22
|
|t:|1760733845
|move|p1a: Ninetales|Encore|p2a: Taking a Dump
|-start|p2a: Taking a Dump|Encore
|move|p2a: Taking a Dump|Kowtow Cleave|p1a: Ninetales
|-resisted|p1a: Ninetales
|-damage|p1a: Ninetales|59/100
|
|-weather|Snowscape|[upkeep]
|upkeep
|turn|23
|
|t:|1760733853
|move|p1a: Ninetales|Aurora Veil|p1a: Ninetales
|-sidestart|p1: untitledkamii|move: Aurora Veil
|move|p2a: Taking a Dump|Kowtow Cleave|p1a: Ninetales
|-resisted|p1a: Ninetales
|-damage|p1a: Ninetales|37/100
|
|-weather|Snowscape|[upkeep]
|upkeep
|turn|24
|
|t:|1760733860
|move|p1a: Ninetales|Moonblast|p2a: Taking a Dump
|-damage|p2a: Taking a Dump|9/100
|move|p2a: Taking a Dump|Kowtow Cleave|p1a: Ninetales
|-resisted|p1a: Ninetales
|-damage|p1a: Ninetales|18/100
|
|-weather|Snowscape|[upkeep]
|-end|p2a: Taking a Dump|Encore
|upkeep
|turn|25
|
|t:|1760733871
|move|p1a: Ninetales|Moonblast|p2a: Taking a Dump
|-damage|p2a: Taking a Dump|0 fnt
|faint|p2a: Taking a Dump
|
|-weather|Snowscape|[upkeep]
|upkeep
|
|t:|1760733877
|switch|p2a: Big Z|Empoleon, F|100/100
|-activate|p2a: Big Z|move: Sticky Web
|-unboost|p2a: Big Z|spe|1
|-ability|p2a: Big Z|Competitive|boost
|-boost|p2a: Big Z|spa|2
|turn|26
|
|t:|1760733884
|move|p1a: Ninetales|Freeze-Dry|p2a: Big Z
|-damage|p2a: Big Z|88/100
|move|p2a: Big Z|Surf|p1a: Ninetales
|-damage|p1a: Ninetales|0 fnt
|faint|p1a: Ninetales
|
|-weather|none
|upkeep
|
|t:|1760733887
|switch|p1a: Iron Treads|Iron Treads|100/100
|-enditem|p1a: Iron Treads|Booster Energy
|-activate|p1a: Iron Treads|ability: Quark Drive|[fromitem]
|-start|p1a: Iron Treads|quarkdriveatk
|turn|27
|
|t:|1760733897
|-terastallize|p2a: Big Z|Ground
|move|p1a: Iron Treads|Earthquake|p2a: Big Z
|-damage|p2a: Big Z|22/100
|move|p2a: Big Z|Surf|p1a: Iron Treads
|-supereffective|p1a: Iron Treads
|-damage|p1a: Iron Treads|0 fnt
|faint|p1a: Iron Treads
|-end|p1a: Iron Treads|Quark Drive|[silent]
|
|upkeep
|
|t:|1760733901
|switch|p1a: Kyurem|Kyurem|100/100
|-ability|p1a: Kyurem|Pressure
|turn|28
|
|t:|1760733910
|move|p2a: Big Z|Vacuum Wave|p1a: Kyurem
|-supereffective|p1a: Kyurem
|-damage|p1a: Kyurem|75/100
|move|p1a: Kyurem|Icicle Spear|p2a: Big Z
|-supereffective|p2a: Big Z
|-damage|p2a: Big Z|0 fnt
|faint|p2a: Big Z
|-hitcount|p2: Big Z|1
|
|win|untitledkamii
|raw|untitledkamii's rating: 1559 &rarr; <strong>1579</strong><br />(+20 for winning)
|raw|jarrodbennett's rating: 1564 &rarr; <strong>1544</strong><br />(-20 for losing)
|l|☆untitledkamii
|player|p1|
|l|☆jarrodbennett
|player|p2|
