|j|☆ES2.2
|j|‽Don Ramon Nonato
|t:|1760825337
|gametype|singles
|player|p1|ES2.2|skierf|1390
|player|p2|Don Ramon Nonato|wattson|1442
|gen|9
|tier|[Gen 9] OU
|rated|
|rule|HP Percentage Mod: HP is shown in percentages
|rule|Endless Battle Clause: Forcing endless battles is banned
|rule|Species Clause: Limit one of each Pokémon
|rule|OHKO Clause: OHKO moves are banned
|rule|Evasion Items Clause: Evasion items are banned
|rule|Evasion Moves Clause: Evasion moves are banned
|rule|Evasion Abilities Clause: Evasion abilities are banned
|rule|Sleep Moves Clause: Sleep-inducing moves are banned
|clearpoke
|poke|p1|Hatterene, F|
|poke|p1|Great Tusk|
|poke|p1|Heatran, M|
|poke|p1|Tornadus-Therian, M|
|poke|p1|Zamazenta-*|
|poke|p1|Kyurem|
|poke|p2|Keldeo-Resolute|
|poke|p2|Dragapult, F|
|poke|p2|Slowking-Galar, M|
|poke|p2|Kingambit, M|
|poke|p2|Zapdos|
|poke|p2|Great Tusk|
|teampreview
|
|t:|1760825353
|teamsize|p1|6
|teamsize|p2|6
|start
|switch|p1a: Tornadus|Tornadus-Therian, M, shiny|100/100
|switch|p2a: Zapdos|Zapdos|100/100
|turn|1
|
|t:|1760825365
|switch|p1a: Kyurem|Kyurem, shiny|100/100
|-ability|p1a: Kyurem|Pressure
|move|p2a: Zapdos|Discharge|p1a: Kyurem
|-resisted|p1a: Kyurem
|-damage|p1a: Kyurem|92/100
|
|upkeep
|turn|2
|
|t:|1760825375
|switch|p2a: Slowking|Slowking-Galar, M|100/100
|move|p1a: Kyurem|Earth Power|p2a: Slowking
|-supereffective|p2a: Slowking
|-damage|p2a: Slowking|63/100
|
|-heal|p2a: Slowking|70/100|[from] item: Black Sludge
|upkeep
|turn|3
|
|t:|1760825394
|move|p1a: Kyurem|Earth Power|p2a: Slowking
|-supereffective|p2a: Slowking
|-damage|p2a: Slowking|29/100
|move|p2a: Slowking|Trick|p1a: Kyurem
|-activate|p2a: Slowking|move: Trick|[of] p1a: Kyurem
|-item|p1a: Kyurem|Black Sludge|[from] move: Trick
|-item|p2a: Slowking|Assault Vest|[from] move: Trick
|
|-damage|p1a: Kyurem|79/100|[from] item: Black Sludge
|upkeep
|turn|4
|
|t:|1760825417
|switch|p1a: Heatran|Heatran, M, shiny|100/100
|switch|p2a: Keldeo|Keldeo-Resolute|100/100
|
|upkeep
|turn|5
|
|t:|1760825426
|switch|p1a: Tornadus|Tornadus-Therian, M, shiny|100/100
|move|p2a: Keldeo|Substitute|p2a: Keldeo
|-start|p2a: Keldeo|Substitute
|-damage|p2a: Keldeo|76/100
|
|-heal|p2a: Keldeo|82/100|[from] item: Leftovers
|upkeep
|turn|6
|
|t:|1760825431
|move|p1a: Tornadus|Bleakwind Storm|p2a: Keldeo
|-supereffective|p2a: Keldeo
|-end|p2a: Keldeo|Substitute
|move|p2a: Keldeo|Surf|p1a: Tornadus
|-damage|p1a: Tornadus|72/100
|
|-heal|p2a: Keldeo|88/100|[from] item: Leftovers
|upkeep
|turn|7
|
|t:|1760825439
|switch|p1a: Hatterene|Hatterene, F, shiny|100/100
|switch|p2a: Slowking|Slowking-Galar, M|62/100
|
|upkeep
|turn|8
|
|t:|1760825446
|switch|p1a: Heatran|Heatran, M, shiny|100/100
|move|p2a: Slowking|Sludge Bomb|p1a: Heatran
|-immune|p1a: Heatran
|
|upkeep
|turn|9
|
|t:|1760825455
|switch|p2a: Keldeo|Keldeo-Resolute|88/100
|move|p1a: Heatran|Stealth Rock|p2a: Keldeo
|-sidestart|p2: Don Ramon Nonato|move: Stealth Rock
|
|-heal|p2a: Keldeo|94/100|[from] item: Leftovers
|upkeep
|turn|10
|
|t:|1760825465
|switch|p2a: Zapdos|Zapdos|100/100
|switch|p1a: Hatterene|Hatterene, F, shiny|100/100
|
|upkeep
|turn|11
|
|t:|1760825469
|move|p2a: Zapdos|Discharge|p1a: Hatterene
|-damage|p1a: Hatterene|65/100
|move|p1a: Hatterene|Psychic Noise|p2a: Zapdos
|-damage|p2a: Zapdos|65/100
|-start|p2a: Zapdos|move: Heal Block
|
|upkeep
|turn|12
|
|t:|1760825478
|move|p2a: Zapdos|Discharge|p1a: Hatterene
|-damage|p1a: Hatterene|31/100
|move|p1a: Hatterene|Pain Split|p2a: Zapdos
|-sethp|p2a: Zapdos|45/100|[from] move: Pain Split|[silent]
|-sethp|p1a: Hatterene|55/100|[from] move: Pain Split
|
|-end|p2a: Zapdos|move: Heal Block
|upkeep
|turn|13
|
|t:|1760825486
|move|p2a: Zapdos|Discharge|p1a: Hatterene
|-crit|p1a: Hatterene
|-damage|p1a: Hatterene|0 fnt
|faint|p1a: Hatterene
|
|upkeep
|
|t:|1760825490
|switch|p1a: Kyurem|Kyurem, shiny|79/100
|-ability|p1a: Kyurem|Pressure
|turn|14
|
|t:|1760825504
|switch|p2a: Slowking|Slowking-Galar, M|95/100
|-damage|p2a: Slowking|83/100|[from] Stealth Rock
|move|p1a: Kyurem|Earth Power|p2a: Slowking
|-supereffective|p2a: Slowking
|-damage|p2a: Slowking|54/100
|
|-damage|p1a: Kyurem|67/100|[from] item: Black Sludge
|upkeep
|turn|15
|
|t:|1760825515
|switch|p1a: Tornadus|Tornadus-Therian, M, shiny|100/100
|switch|p2a: Keldeo|Keldeo-Resolute|94/100
|-damage|p2a: Keldeo|88/100|[from] Stealth Rock
|
|-heal|p2a: Keldeo|94/100|[from] item: Leftovers
|upkeep
|turn|16
|
|t:|1760825521
|switch|p2a: Slowking|Slowking-Galar, M|87/100
|-damage|p2a: Slowking|75/100|[from] Stealth Rock
|move|p1a: Tornadus|Knock Off|p2a: Slowking
|-supereffective|p2a: Slowking
|-damage|p2a: Slowking|31/100
|-enditem|p2a: Slowking|Assault Vest|[from] move: Knock Off|[of] p1a: Tornadus
|
|upkeep
|turn|17
|
|t:|1760825530
|move|p1a: Tornadus|Bleakwind Storm|p2a: Slowking
|-damage|p2a: Slowking|7/100
|-prepare|p2a: Slowking|Chilly Reception|[premajor]
|move|p2a: Slowking|Chilly Reception|p2a: Slowking
|-weather|Snowscape
|
|t:|1760825553
|switch|p2a: Zapdos|Zapdos|45/100|[from] Chilly Reception
|
|-weather|Snowscape|[upkeep]
|upkeep
|turn|18
|
|t:|1760825560
|move|p1a: Tornadus|Knock Off|p2a: Zapdos
|-damage|p2a: Zapdos|31/100
|-enditem|p2a: Zapdos|Heavy-Duty Boots|[from] move: Knock Off|[of] p1a: Tornadus
|move|p2a: Zapdos|Roost|p2a: Zapdos
|-heal|p2a: Zapdos|81/100
|-singleturn|p2a: Zapdos|move: Roost
|
|-weather|Snowscape|[upkeep]
|upkeep
|turn|19
|
|t:|1760825569
|switch|p1a: Kyurem|Kyurem, shiny|67/100
|-ability|p1a: Kyurem|Pressure
|move|p2a: Zapdos|Discharge|p1a: Kyurem
|-resisted|p1a: Kyurem
|-damage|p1a: Kyurem|54/100
|
|-weather|Snowscape|[upkeep]
|-damage|p1a: Kyurem|42/100|[from] item: Black Sludge
|upkeep
|turn|20
|
|t:|1760825575
|move|p1a: Kyurem|Ice Beam|p2a: Zapdos
|-supereffective|p2a: Zapdos
|-damage|p2a: Zapdos|0 fnt
|faint|p2a: Zapdos
|
|-weather|Snowscape|[upkeep]
|-damage|p1a: Kyurem|29/100|[from] item: Black Sludge
|upkeep
|
|t:|1760825583
|switch|p2a: Keldeo|Keldeo-Resolute|94/100
|-damage|p2a: Keldeo|88/100|[from] Stealth Rock
|turn|21
|
|t:|1760825590
|move|p2a: Keldeo|Substitute|p2a: Keldeo
|-start|p2a: Keldeo|Substitute
|-damage|p2a: Keldeo|63/100
|move|p1a: Kyurem|Freeze-Dry|p2a: Keldeo
|-supereffective|p2a: Keldeo
|-end|p2a: Keldeo|Substitute
|
|-weather|none
|-heal|p2a: Keldeo|69/100|[from] item: Leftovers
|-damage|p1a: Kyurem|17/100|[from] item: Black Sludge
|upkeep
|turn|22
|
|t:|1760825594
|move|p2a: Keldeo|Surf|p1a: Kyurem
|-resisted|p1a: Kyurem
|-damage|p1a: Kyurem|1/100
|move|p1a: Kyurem|Freeze-Dry|p2a: Keldeo
|-supereffective|p2a: Keldeo
|-damage|p2a: Keldeo|0 fnt
|faint|p2a: Keldeo
|
|-damage|p1a: Kyurem|0 fnt|[from] item: Black Sludge
|faint|p1a: Kyurem
|upkeep
|
|t:|1760825606
|switch|p2a: Dragapult|Dragapult, F|100/100
|switch|p1a: Tornadus|Tornadus-Therian, M, shiny|100/100
|-damage|p2a: Dragapult|88/100|[from] Stealth Rock
|turn|23
|
|t:|1760825610
|move|p2a: Dragapult|Dragon Darts|p1a: Tornadus
|-damage|p1a: Tornadus|62/100
|-anim|p2a: Dragapult|Dragon Darts|p1a: Tornadus
|-damage|p1a: Tornadus|21/100
|move|p1a: Tornadus|Knock Off|p2a: Dragapult
|-supereffective|p2a: Dragapult
|-damage|p2a: Dragapult|30/100
|-enditem|p2a: Dragapult|Choice Band|[from] move: Knock Off|[of] p1a: Tornadus
|
|upkeep
|turn|24
|
|t:|1760825621
|switch|p1a: Heatran|Heatran, M, shiny|100/100
|move|p2a: Dragapult|Dragon Darts|p1a: Heatran
|-resisted|p1a: Heatran
|-damage|p1a: Heatran|92/100
|-anim|p2a: Dragapult|Dragon Darts|p1a: Heatran
|-resisted|p1a: Heatran
|-damage|p1a: Heatran|83/100
|
|-heal|p1a: Heatran|90/100|[from] item: Leftovers
|upkeep
|turn|25
|
|t:|1760825626
|move|p2a: Dragapult|U-turn|p1a: Heatran
|-resisted|p1a: Heatran
|-damage|p1a: Heatran|86/100
|
|t:|1760825628
|switch|p2a: Slowking|Slowking-Galar, M|40/100|[from] U-turn
|-damage|p2a: Slowking|28/100|[from] Stealth Rock
|move|p1a: Heatran|Will-O-Wisp|p2a: Slowking
|-status|p2a: Slowking|brn
|
|-heal|p1a: Heatran|92/100|[from] item: Leftovers
|-damage|p2a: Slowking|22/100 brn|[from] brn
|upkeep
|turn|26
|
|t:|1760825635
|switch|p2a: Dragapult|Dragapult, F|30/100
|-damage|p2a: Dragapult|17/100|[from] Stealth Rock
|move|p1a: Heatran|Earth Power|p2a: Dragapult
|-damage|p2a: Dragapult|0 fnt
|faint|p2a: Dragapult
|
|-heal|p1a: Heatran|99/100|[from] item: Leftovers
|upkeep
|
|t:|1760825689
|switch|p2a: Great Tusk|Great Tusk|100/100
|-damage|p2a: Great Tusk|98/100|[from] Stealth Rock
|-enditem|p2a: Great Tusk|Booster Energy
|-activate|p2a: Great Tusk|ability: Protosynthesis|[fromitem]
|-start|p2a: Great Tusk|protosynthesisatk
|turn|27
|
|t:|1760825696
|-terastallize|p1a: Heatran|Grass
|move|p2a: Great Tusk|Rapid Spin|p1a: Heatran
|-damage|p1a: Heatran|84/100
|-boost|p2a: Great Tusk|spe|1
|-sideend|p2: Don Ramon Nonato|Stealth Rock|[from] move: Rapid Spin|[of] p2a: Great Tusk
|move|p1a: Heatran|Will-O-Wisp|p2a: Great Tusk
|-status|p2a: Great Tusk|brn
|
|-heal|p1a: Heatran|91/100|[from] item: Leftovers
|-damage|p2a: Great Tusk|91/100 brn|[from] brn
|upkeep
|turn|28
|
|t:|1760825706
|move|p2a: Great Tusk|Stealth Rock|p1a: Heatran
|-sidestart|p1: ES2.2|move: Stealth Rock
|move|p1a: Heatran|Magma Storm|p2a: Great Tusk
|-damage|p2a: Great Tusk|26/100 brn
|-activate|p2a: Great Tusk|move: Magma Storm|[of] p1a: Heatran
|
|-heal|p1a: Heatran|97/100|[from] item: Leftovers
|-damage|p2a: Great Tusk|20/100 brn|[from] brn
|-damage|p2a: Great Tusk|7/100 brn|[from] move: Magma Storm|[partiallytrapped]
|upkeep
|turn|29
|
|t:|1760825711
|move|p2a: Great Tusk|Ice Spinner|p1a: Heatran
|-supereffective|p1a: Heatran
|-damage|p1a: Heatran|74/100
|move|p1a: Heatran|Stealth Rock|p2a: Great Tusk
|-sidestart|p2: Don Ramon Nonato|move: Stealth Rock
|
|-heal|p1a: Heatran|80/100|[from] item: Leftovers
|-damage|p2a: Great Tusk|1/100 brn|[from] brn
|-damage|p2a: Great Tusk|0 fnt|[from] move: Magma Storm|[partiallytrapped]
|faint|p2a: Great Tusk
|-end|p2a: Great Tusk|Protosynthesis|[silent]
|upkeep
|
|t:|1760825722
|switch|p2a: Slowking|Slowking-Galar, M|55/100 brn
|-damage|p2a: Slowking|43/100 brn|[from] Stealth Rock
|turn|30
|-message|Don Ramon Nonato forfeited.
|
|win|ES2.2
|raw|ES2.2's rating: 1390 &rarr; <strong>1413</strong><br />(+23 for winning)
|raw|Don Ramon Nonato's rating: 1442 &rarr; <strong>1419</strong><br />(-23 for losing)
|l|‽Don Ramon Nonato
|player|p2|
|l|☆ES2.2
|player|p1|
|j|☆ES2.2
|player|p1|ES2.2|skierf|
