|j|☆Allheckers
|j|☆bukeezy2
|t:|1760777875
|gametype|singles
|player|p1|Allheckers|sabrina|1281
|player|p2|bukeezy2|rood|1302
|gen|9
|tier|[Gen 9] OU
|rated|
|rule|HP Percentage Mod: HP is shown in percentages
|rule|Endless Battle Clause: Forcing endless battles is banned
|rule|Species Clause: Limit one of each Pokémon
|rule|OHKO Clause: OHKO moves are banned
|rule|Evasion Items Clause: Evasion items are banned
|rule|Evasion Moves Clause: Evasion moves are banned
|rule|Evasion Abilities Clause: Evasion abilities are banned
|rule|Sleep Moves Clause: Sleep-inducing moves are banned
|clearpoke
|poke|p1|Keldeo-Resolute|
|poke|p1|Masquerain, F|
|poke|p1|Sableye, M|
|poke|p1|Glimmora, M|
|poke|p1|Whimsicott, M|
|poke|p1|Polteageist-Antique|
|poke|p2|Raging Bolt|
|poke|p2|Kingambit, M|
|poke|p2|Iron Valiant|
|poke|p2|Ting-Lu|
|poke|p2|Volcanion|
|poke|p2|Corviknight, F|
|teampreview
|l|☆bukeezy2
|player|p2|
|j|☆bukeezy2
|player|p2|bukeezy2|rood|
|
|t:|1760778061
|teamsize|p1|6
|teamsize|p2|6
|start
|switch|p1a: Masquerain|Masquerain, F|100/100
|switch|p2a: Ting-Lu|Ting-Lu|100/100
|-ability|p1a: Masquerain|Intimidate|boost
|-unboost|p2a: Ting-Lu|atk|1
|-ability|p2a: Ting-Lu|Vessel of Ruin
|turn|1
|inactive|Battle timer is ON: inactive players will automatically lose when time's up. (requested by bukeezy2)
|inactive|Allheckers has 120 seconds left.
|inactive|Allheckers has 90 seconds left.
|inactive|Allheckers has 60 seconds left.
|
|t:|1760778186
|move|p1a: Masquerain|Quiver Dance|p1a: Masquerain
|-boost|p1a: Masquerain|spa|1
|-boost|p1a: Masquerain|spd|1
|-boost|p1a: Masquerain|spe|1
|move|p2a: Ting-Lu|Stealth Rock|p1a: Masquerain
|-sidestart|p1: Allheckers|move: Stealth Rock
|
|upkeep
|turn|2
|
|t:|1760778194
|move|p1a: Masquerain|Quiver Dance|p1a: Masquerain
|-boost|p1a: Masquerain|spa|1
|-boost|p1a: Masquerain|spd|1
|-boost|p1a: Masquerain|spe|1
|move|p2a: Ting-Lu|Ruination|p1a: Masquerain
|-damage|p1a: Masquerain|51/100
|
|-heal|p1a: Masquerain|57/100|[from] item: Leftovers
|upkeep
|turn|3
|
|t:|1760778198
|move|p1a: Masquerain|Quiver Dance|p1a: Masquerain
|-boost|p1a: Masquerain|spa|1
|-boost|p1a: Masquerain|spd|1
|-boost|p1a: Masquerain|spe|1
|move|p2a: Ting-Lu|Whirlwind|p1a: Masquerain
|drag|p1a: Whimsicott|Whimsicott, M|100/100
|-damage|p1a: Whimsicott|88/100|[from] Stealth Rock
|
|-heal|p1a: Whimsicott|94/100|[from] item: Leftovers
|upkeep
|turn|4
|inactive|Allheckers has 120 seconds left.
|
|t:|1760778205
|move|p1a: Whimsicott|Moonblast|p2a: Ting-Lu
|-supereffective|p2a: Ting-Lu
|-damage|p2a: Ting-Lu|72/100
|-enditem|p2a: Ting-Lu|Red Card|[of] p1a: Whimsicott
|drag|p1a: Masquerain|Masquerain, F|57/100
|-damage|p1a: Masquerain|7/100|[from] Stealth Rock
|-ability|p1a: Masquerain|Intimidate|boost
|-unboost|p2a: Ting-Lu|atk|1
|move|p2a: Ting-Lu|Ruination|p1a: Masquerain
|-damage|p1a: Masquerain|4/100
|
|-heal|p1a: Masquerain|10/100|[from] item: Leftovers
|upkeep
|turn|5
|
|t:|1760778214
|move|p1a: Masquerain|Sticky Web|p2a: Ting-Lu
|-sidestart|p2: bukeezy2|move: Sticky Web
|move|p2a: Ting-Lu|Whirlwind|p1a: Masquerain
|drag|p1a: Sableye|Sableye, M|100/100
|-damage|p1a: Sableye|88/100|[from] Stealth Rock
|
|-heal|p1a: Sableye|94/100|[from] item: Leftovers
|upkeep
|turn|6
|
|t:|1760778221
|move|p1a: Sableye|Will-O-Wisp|p2a: Ting-Lu
|-hint|Since gen 7, Dark is immune to Prankster moves.
|-immune|p2a: Ting-Lu
|move|p2a: Ting-Lu|Whirlwind|p1a: Sableye
|drag|p1a: Polteageist|Polteageist-Antique|100/100
|-damage|p1a: Polteageist|88/100|[from] Stealth Rock
|
|upkeep
|turn|7
|
|t:|1760778228
|move|p1a: Polteageist|Shell Smash|p1a: Polteageist
|-unboost|p1a: Polteageist|def|1
|-unboost|p1a: Polteageist|spd|1
|-boost|p1a: Polteageist|atk|2
|-boost|p1a: Polteageist|spa|2
|-boost|p1a: Polteageist|spe|2
|move|p2a: Ting-Lu|Whirlwind|p1a: Polteageist
|drag|p1a: Glimmora|Glimmora, M, shiny|100/100
|-damage|p1a: Glimmora|88/100|[from] Stealth Rock
|
|upkeep
|turn|8
|
|t:|1760778232
|switch|p2a: Kingambit|Kingambit, M|100/100
|-activate|p2a: Kingambit|move: Sticky Web
|-unboost|p2a: Kingambit|spe|1
|move|p1a: Glimmora|Dazzling Gleam|p2a: Kingambit
|-damage|p2a: Kingambit|71/100
|
|-heal|p2a: Kingambit|77/100|[from] item: Leftovers
|upkeep
|turn|9
|
|t:|1760778238
|-terastallize|p1a: Glimmora|Fairy
|move|p1a: Glimmora|Earth Power|p2a: Kingambit
|-supereffective|p2a: Kingambit
|-damage|p2a: Kingambit|0 fnt
|faint|p2a: Kingambit
|-end|p2a: Kingambit|fallenundefined|[silent]
|
|upkeep
|
|t:|1760778256
|switch|p2a: Raging Bolt|Raging Bolt|100/100
|-activate|p2a: Raging Bolt|move: Sticky Web
|-unboost|p2a: Raging Bolt|spe|1
|-enditem|p2a: Raging Bolt|Booster Energy
|-activate|p2a: Raging Bolt|ability: Protosynthesis|[fromitem]
|-start|p2a: Raging Bolt|protosynthesisspa
|turn|10
|
|t:|1760778263
|move|p2a: Raging Bolt|Thunderclap|p1a: Glimmora
|-damage|p1a: Glimmora|11/100
|move|p1a: Glimmora|Dazzling Gleam|p2a: Raging Bolt
|-supereffective|p2a: Raging Bolt
|-damage|p2a: Raging Bolt|0 fnt
|faint|p2a: Raging Bolt
|-end|p2a: Raging Bolt|Protosynthesis|[silent]
|
|upkeep
|
|t:|1760778270
|switch|p2a: Iron Valiant|Iron Valiant|100/100
|-activate|p2a: Iron Valiant|move: Sticky Web
|-unboost|p2a: Iron Valiant|spe|1
|-enditem|p2a: Iron Valiant|Booster Energy
|-activate|p2a: Iron Valiant|ability: Quark Drive|[fromitem]
|-start|p2a: Iron Valiant|quarkdrivespa
|turn|11
|
|t:|1760778273
|move|p1a: Glimmora|Sludge Wave|p2a: Iron Valiant
|-supereffective|p2a: Iron Valiant
|-damage|p2a: Iron Valiant|0 fnt
|faint|p2a: Iron Valiant
|-end|p2a: Iron Valiant|Quark Drive|[silent]
|
|upkeep
|-message|bukeezy2 forfeited.
|
|win|Allheckers
|raw|Allheckers's rating: 1260 &rarr; <strong>1288</strong><br />(+28 for winning)
|raw|bukeezy2's rating: 1302 &rarr; <strong>1280</strong><br />(-22 for losing)
|l|☆bukeezy2
|player|p2|
|l|☆Allheckers
|player|p1|
