|j|☆yesterdaymister
|j|☆galoop
|t:|1760755580
|gametype|singles
|player|p1|yesterdaymister|striker|1760
|player|p2|galoop|101|1639
|gen|9
|tier|[Gen 9] OU
|rated|
|rule|HP Percentage Mod: HP is shown in percentages
|rule|Endless Battle Clause: Forcing endless battles is banned
|rule|Species Clause: Limit one of each Pokémon
|rule|OHKO Clause: OHKO moves are banned
|rule|Evasion Items Clause: Evasion items are banned
|rule|Evasion Moves Clause: Evasion moves are banned
|rule|Evasion Abilities Clause: Evasion abilities are banned
|rule|Sleep Moves Clause: Sleep-inducing moves are banned
|clearpoke
|poke|p1|Ninetales, F|
|poke|p1|Ceruledge, M|
|poke|p1|Venusaur, F|
|poke|p1|Hatterene, F|
|poke|p1|Great Tusk|
|poke|p1|Walking Wake|
|poke|p2|Tyranitar, F|
|poke|p2|Excadrill, F|
|poke|p2|Gholdengo|
|poke|p2|Iron Valiant|
|poke|p2|Garchomp, M|
|poke|p2|Primarina, F|
|teampreview
|inactive|Battle timer is ON: inactive players will automatically lose when time's up. (requested by yesterdaymister)
|
|t:|1760755591
|teamsize|p1|6
|teamsize|p2|6
|start
|switch|p1a: chama|Walking Wake|100/100
|switch|p2a: Primarina|Primarina, F|100/100
|turn|1
|
|t:|1760755607
|-end|p1a: chama|Protosynthesis|[silent]
|switch|p1a: maccabi|Hatterene, F|100/100
|move|p2a: Primarina|Psychic Noise|p1a: maccabi
|-resisted|p1a: maccabi
|-damage|p1a: maccabi|87/100
|-start|p1a: maccabi|move: Heal Block
|-enditem|p1a: maccabi|Eject Button
|j| Jerrox12
|
|t:|1760755632
|switch|p1a: arda guler|Ninetales, F|100/100
|-weather|SunnyDay|[from] ability: Drought|[of] p1a: arda guler
|
|-weather|SunnyDay|[upkeep]
|upkeep
|turn|2
|
|t:|1760755645
|switch|p2a: Tyranitar|Tyranitar, F|100/100
|-weather|Sandstorm|[from] ability: Sand Stream|[of] p2a: Tyranitar
|move|p1a: arda guler|Encore||[still]
|-fail|p1a: arda guler
|
|-weather|Sandstorm|[upkeep]
|-damage|p1a: arda guler|94/100|[from] Sandstorm
|upkeep
|turn|3
|
|t:|1760755654
|switch|p1a: maccabi|Hatterene, F|87/100
|move|p2a: Tyranitar|Knock Off|p1a: maccabi
|-damage|p1a: maccabi|40/100
|
|-weather|Sandstorm|[upkeep]
|-damage|p1a: maccabi|34/100|[from] Sandstorm
|upkeep
|turn|4
|j| woairibi
|
|t:|1760755664
|move|p2a: Tyranitar|Knock Off|p1a: maccabi
|-damage|p1a: maccabi|0 fnt
|faint|p1a: maccabi
|
|-weather|Sandstorm|[upkeep]
|upkeep
|j| king of spycrabs
|
|t:|1760755674
|switch|p1a: lebron|Ceruledge, M|100/100
|turn|5
|
|t:|1760755679
|-terastallize|p1a: lebron|Fairy
|move|p1a: lebron|Swords Dance|p1a: lebron
|-boost|p1a: lebron|atk|2
|move|p2a: Tyranitar|Knock Off|p1a: lebron
|-resisted|p1a: lebron
|-damage|p1a: lebron|44/100
|-ability|p1a: lebron|Weak Armor|boost
|-unboost|p1a: lebron|def|1
|-boost|p1a: lebron|spe|2
|-enditem|p1a: lebron|Focus Sash|[from] move: Knock Off|[of] p2a: Tyranitar
|
|-weather|Sandstorm|[upkeep]
|-damage|p1a: lebron|38/100|[from] Sandstorm
|upkeep
|turn|6
|
|t:|1760755690
|switch|p2a: Garchomp|Garchomp, M|100/100
|move|p1a: lebron|Tera Blast|p2a: Garchomp|[anim] Tera Blast Fairy
|-supereffective|p2a: Garchomp
|-damage|p2a: Garchomp|0 fnt
|faint|p2a: Garchomp
|
|-weather|none
|upkeep
|
|t:|1760755704
|switch|p2a: Gholdengo|Gholdengo|100/100
|-item|p2a: Gholdengo|Air Balloon
|turn|7
|
|t:|1760755708
|-terastallize|p2a: Gholdengo|Fairy
|move|p1a: lebron|Poltergeist|p2a: Gholdengo
|-activate|p2a: Gholdengo|move: Poltergeist|Air Balloon
|-damage|p2a: Gholdengo|26/100
|-enditem|p2a: Gholdengo|Air Balloon
|move|p2a: Gholdengo|Make It Rain|p1a: lebron
|-supereffective|p1a: lebron
|-damage|p1a: lebron|0 fnt
|-unboost|p2a: Gholdengo|spa|1
|faint|p1a: lebron
|
|upkeep
|j| swampertsfists
|
|t:|1760755724
|switch|p1a: chama|Walking Wake|100/100
|turn|8
|
|t:|1760755730
|switch|p2a: Primarina|Primarina, F|100/100
|move|p1a: chama|Hydro Steam|p2a: Primarina
|-resisted|p2a: Primarina
|-damage|p2a: Primarina|79/100
|
|upkeep
|turn|9
|
|t:|1760755743
|-end|p1a: chama|Protosynthesis|[silent]
|switch|p1a: arda guler|Ninetales, F|94/100
|-weather|SunnyDay|[from] ability: Drought|[of] p1a: arda guler
|move|p2a: Primarina|Flip Turn|p1a: arda guler
|-supereffective|p1a: arda guler
|-damage|p1a: arda guler|76/100
|
|t:|1760755750
|switch|p2a: Tyranitar|Tyranitar, F|100/100|[from] Flip Turn
|-weather|Sandstorm|[from] ability: Sand Stream|[of] p2a: Tyranitar
|
|-weather|Sandstorm|[upkeep]
|-damage|p1a: arda guler|70/100|[from] Sandstorm
|upkeep
|turn|10
|
|t:|1760755754
|switch|p1a: mignolet|Great Tusk|100/100
|move|p2a: Tyranitar|Ice Punch|p1a: mignolet
|-supereffective|p1a: mignolet
|-damage|p1a: mignolet|46/100
|-damage|p2a: Tyranitar|84/100|[from] item: Rocky Helmet|[of] p1a: mignolet
|
|-weather|Sandstorm|[upkeep]
|upkeep
|turn|11
|
|t:|1760755766
|switch|p2a: Gholdengo|Gholdengo, tera:Fairy|26/100
|move|p1a: mignolet|Headlong Rush|p2a: Gholdengo
|-crit|p2a: Gholdengo
|-damage|p2a: Gholdengo|0 fnt
|-unboost|p1a: mignolet|def|1
|-unboost|p1a: mignolet|spd|1
|faint|p2a: Gholdengo
|
|-weather|Sandstorm|[upkeep]
|upkeep
|
|t:|1760755771
|switch|p2a: Excadrill|Excadrill, F|100/100
|turn|12
|
|t:|1760755784
|-end|p1a: mignolet|Protosynthesis|[silent]
|switch|p1a: arda guler|Ninetales, F|70/100
|-weather|SunnyDay|[from] ability: Drought|[of] p1a: arda guler
|move|p2a: Excadrill|Earthquake|p1a: arda guler
|-supereffective|p1a: arda guler
|-damage|p1a: arda guler|0 fnt
|faint|p1a: arda guler
|
|-weather|SunnyDay|[upkeep]
|upkeep
|j| old man sleet
|
|t:|1760755809
|switch|p1a: hans vanaken|Venusaur, F|100/100
|turn|13
|
|t:|1760755813
|switch|p2a: Tyranitar|Tyranitar, F|84/100
|-weather|Sandstorm|[from] ability: Sand Stream|[of] p2a: Tyranitar
|move|p1a: hans vanaken|Growth|p1a: hans vanaken
|-boost|p1a: hans vanaken|atk|1
|-boost|p1a: hans vanaken|spa|1
|
|-weather|Sandstorm|[upkeep]
|-damage|p1a: hans vanaken|95/100|[from] Sandstorm
|upkeep
|turn|14
|
|t:|1760755828
|move|p1a: hans vanaken|Giga Drain|p2a: Tyranitar
|-supereffective|p2a: Tyranitar
|-damage|p2a: Tyranitar|0 fnt
|-heal|p1a: hans vanaken|100/100|[from] drain|[of] p2a: Tyranitar
|faint|p2a: Tyranitar
|-damage|p1a: hans vanaken|91/100|[from] item: Life Orb
|
|-weather|Sandstorm|[upkeep]
|-damage|p1a: hans vanaken|85/100|[from] Sandstorm
|upkeep
|
|t:|1760755831
|switch|p2a: Iron Valiant|Iron Valiant|100/100
|-enditem|p2a: Iron Valiant|Booster Energy
|-activate|p2a: Iron Valiant|ability: Quark Drive|[fromitem]
|-start|p2a: Iron Valiant|quarkdrivespe
|turn|15
|
|t:|1760755837
|move|p2a: Iron Valiant|Destiny Bond|p2a: Iron Valiant
|-singlemove|p2a: Iron Valiant|Destiny Bond
|move|p1a: hans vanaken|Giga Drain|p2a: Iron Valiant
|-damage|p2a: Iron Valiant|0 fnt
|-heal|p1a: hans vanaken|100/100|[from] drain|[of] p2a: Iron Valiant
|faint|p2a: Iron Valiant
|-activate|p2a: Iron Valiant|move: Destiny Bond
|-end|p2a: Iron Valiant|Quark Drive|[silent]
|faint|p1a: hans vanaken
|
|-weather|Sandstorm|[upkeep]
|upkeep
|
|t:|1760755846
|switch|p2a: Excadrill|Excadrill, F|100/100
|switch|p1a: chama|Walking Wake|100/100
|turn|16
|
|t:|1760755856
|switch|p2a: Primarina|Primarina, F|79/100
|move|p1a: chama|Hydro Steam|p2a: Primarina
|-resisted|p2a: Primarina
|-damage|p2a: Primarina|58/100
|
|-weather|Sandstorm|[upkeep]
|-damage|p1a: chama|94/100|[from] Sandstorm
|-damage|p2a: Primarina|52/100|[from] Sandstorm
|upkeep
|turn|17
|
|t:|1760755870
|move|p1a: chama|Hydro Steam|p2a: Primarina
|-resisted|p2a: Primarina
|-damage|p2a: Primarina|33/100
|move|p2a: Primarina|Moonblast|p1a: chama
|-supereffective|p1a: chama
|-damage|p1a: chama|0 fnt
|faint|p1a: chama
|-end|p1a: chama|Protosynthesis|[silent]
|
|-weather|none
|upkeep
|
|t:|1760755874
|switch|p1a: mignolet|Great Tusk|46/100
|turn|18
|
|t:|1760755879
|move|p1a: mignolet|Headlong Rush|p2a: Primarina
|-crit|p2a: Primarina
|-damage|p2a: Primarina|0 fnt
|-unboost|p1a: mignolet|def|1
|-unboost|p1a: mignolet|spd|1
|faint|p2a: Primarina
|
|upkeep
|
|t:|1760755881
|switch|p2a: Excadrill|Excadrill, F|100/100
|turn|19
|
|t:|1760755884
|move|p1a: mignolet|Headlong Rush|p2a: Excadrill
|-supereffective|p2a: Excadrill
|-damage|p2a: Excadrill|0 fnt
|-unboost|p1a: mignolet|def|1
|-unboost|p1a: mignolet|spd|1
|faint|p2a: Excadrill
|
|win|yesterdaymister
|raw|yesterdaymister's rating: 1760 &rarr; <strong>1773</strong><br />(+13 for winning)
|raw|galoop's rating: 1639 &rarr; <strong>1626</strong><br />(-13 for losing)
|c|☆galoop|gg
|c|☆yesterdaymister|gg
|l|☆galoop
|player|p2|
|l| old man sleet
|l| Jerrox12
|l| king of spycrabs
|l|☆yesterdaymister
|player|p1|
|l| woairibi
