|j|‽kgbagent01
|j|☆dolphin21
|t:|1760760751
|gametype|singles
|player|p1|kgbagent01|265|1141
|player|p2|dolphin21|169|1103
|gen|9
|tier|[Gen 9] OU
|rated|
|rule|HP Percentage Mod: HP is shown in percentages
|rule|Endless Battle Clause: Forcing endless battles is banned
|rule|Species Clause: Limit one of each Pokémon
|rule|OHKO Clause: OHKO moves are banned
|rule|Evasion Items Clause: Evasion items are banned
|rule|Evasion Moves Clause: Evasion moves are banned
|rule|Evasion Abilities Clause: Evasion abilities are banned
|rule|Sleep Moves Clause: Sleep-inducing moves are banned
|clearpoke
|poke|p1|Incineroar, F|
|poke|p1|Lucario, F|
|poke|p1|Tyranitar, F|
|poke|p1|Gliscor, M|
|poke|p1|Garchomp, F|
|poke|p1|Blastoise, M|
|poke|p2|Garchomp, M|
|poke|p2|Metagross|
|poke|p2|Blaziken, F|
|poke|p2|Sylveon, F|
|poke|p2|Greninja-*, M|
|poke|p2|Iron Hands|
|teampreview
|inactive|Battle timer is ON: inactive players will automatically lose when time's up. (requested by kgbagent01)
|
|t:|1760760768
|teamsize|p1|6
|teamsize|p2|6
|start
|switch|p1a: Gliscor|Gliscor, M|100/100
|switch|p2a: Greninja|Greninja, M|100/100
|turn|1
|
|t:|1760760774
|-terastallize|p1a: Gliscor|Water
|move|p2a: Greninja|Ice Beam|p1a: Gliscor
|-start|p2a: Greninja|typechange|Ice|[from] ability: Protean
|-resisted|p1a: Gliscor
|-damage|p1a: Gliscor|76/100
|move|p1a: Gliscor|Toxic|p2a: Greninja
|-status|p2a: Greninja|tox
|
|-damage|p2a: Greninja|95/100 tox|[from] psn
|-status|p1a: Gliscor|tox|[from] item: Toxic Orb
|upkeep
|turn|2
|
|t:|1760760791
|move|p2a: Greninja|Dark Pulse|p1a: Gliscor
|-damage|p1a: Gliscor|48/100 tox
|move|p1a: Gliscor|Earthquake|p2a: Greninja
|-damage|p2a: Greninja|42/100 tox
|
|-damage|p2a: Greninja|30/100 tox|[from] psn
|-heal|p1a: Gliscor|60/100 tox|[from] ability: Poison Heal
|upkeep
|turn|3
|
|t:|1760760798
|switch|p2a: Iron Hands|Iron Hands|100/100
|-enditem|p2a: Iron Hands|Booster Energy
|-activate|p2a: Iron Hands|ability: Quark Drive|[fromitem]
|-start|p2a: Iron Hands|quarkdriveatk
|move|p1a: Gliscor|Protect||[still]
|-fail|p1a: Gliscor
|
|-heal|p1a: Gliscor|73/100 tox|[from] ability: Poison Heal
|upkeep
|turn|4
|
|t:|1760760806
|switch|p1a: Garchomp|Garchomp, F|100/100
|move|p2a: Iron Hands|Supercell Slam|p1a: Garchomp
|-immune|p1a: Garchomp
|-damage|p2a: Iron Hands|51/100|[from] supercellslam
|
|upkeep
|turn|5
|
|t:|1760760812
|move|p1a: Garchomp|Swords Dance|p1a: Garchomp
|-boost|p1a: Garchomp|atk|2
|move|p2a: Iron Hands|Ice Punch|p1a: Garchomp
|-supereffective|p1a: Garchomp
|-damage|p1a: Garchomp|0 fnt
|-damage|p2a: Iron Hands|38/100|[from] ability: Rough Skin|[of] p1a: Garchomp
|faint|p1a: Garchomp
|
|upkeep
|
|t:|1760760820
|switch|p1a: Incineroar|Incineroar, F|100/100
|-ability|p1a: Incineroar|Intimidate|boost
|-unboost|p2a: Iron Hands|atk|1
|turn|6
|
|t:|1760760827
|move|p1a: Incineroar|Fake Out|p2a: Iron Hands
|-damage|p2a: Iron Hands|31/100
|cant|p2a: Iron Hands|flinch
|
|upkeep
|turn|7
|
|t:|1760760842
|switch|p1a: Gliscor|Gliscor, M, tera:Water|73/100 tox
|move|p2a: Iron Hands|Close Combat|p1a: Gliscor
|-damage|p1a: Gliscor|35/100 tox
|-unboost|p2a: Iron Hands|def|1
|-unboost|p2a: Iron Hands|spd|1
|
|-heal|p1a: Gliscor|48/100 tox|[from] ability: Poison Heal
|upkeep
|turn|8
|
|t:|1760760849
|move|p1a: Gliscor|Earthquake|p2a: Iron Hands
|-supereffective|p2a: Iron Hands
|-damage|p2a: Iron Hands|0 fnt
|faint|p2a: Iron Hands
|-end|p2a: Iron Hands|Quark Drive|[silent]
|
|-heal|p1a: Gliscor|60/100 tox|[from] ability: Poison Heal
|upkeep
|
|t:|1760760871
|switch|p2a: Sylveon|Sylveon, F|100/100
|turn|9
|
|t:|1760760875
|move|p1a: Gliscor|Toxic|p2a: Sylveon
|-status|p2a: Sylveon|tox
|move|p2a: Sylveon|Calm Mind|p2a: Sylveon
|-boost|p2a: Sylveon|spa|1
|-boost|p2a: Sylveon|spd|1
|
|-heal|p1a: Gliscor|73/100 tox|[from] ability: Poison Heal
|-damage|p2a: Sylveon|94/100 tox|[from] psn
|upkeep
|turn|10
|
|t:|1760760882
|move|p1a: Gliscor|Earthquake|p2a: Sylveon
|-damage|p2a: Sylveon|53/100 tox
|move|p2a: Sylveon|Hyper Voice|p1a: Gliscor
|-damage|p1a: Gliscor|0 fnt
|faint|p1a: Gliscor
|
|-damage|p2a: Sylveon|40/100 tox|[from] psn
|upkeep
|
|t:|1760760889
|switch|p1a: Lucario|Lucario, F|100/100
|turn|11
|
|t:|1760760897
|move|p1a: Lucario|Nasty Plot|p1a: Lucario
|-boost|p1a: Lucario|spa|2
|move|p2a: Sylveon|Hyper Voice|p1a: Lucario
|-damage|p1a: Lucario|0 fnt
|faint|p1a: Lucario
|
|-damage|p2a: Sylveon|22/100 tox|[from] psn
|upkeep
|
|t:|1760760908
|switch|p1a: Tyranitar|Tyranitar, F|100/100
|-weather|Sandstorm|[from] ability: Sand Stream|[of] p1a: Tyranitar
|turn|12
|
|t:|1760760912
|move|p1a: Tyranitar|Dragon Dance|p1a: Tyranitar
|-boost|p1a: Tyranitar|atk|1
|-boost|p1a: Tyranitar|spe|1
|move|p2a: Sylveon|Hyper Voice|p1a: Tyranitar
|-supereffective|p1a: Tyranitar
|-crit|p1a: Tyranitar
|-damage|p1a: Tyranitar|0 fnt
|faint|p1a: Tyranitar
|
|-weather|Sandstorm|[upkeep]
|-damage|p2a: Sylveon|16/100 tox|[from] Sandstorm
|-damage|p2a: Sylveon|0 fnt|[from] psn
|faint|p2a: Sylveon
|upkeep
|
|t:|1760760934
|switch|p1a: Incineroar|Incineroar, F|100/100
|switch|p2a: Garchomp|Garchomp, M|100/100
|-ability|p1a: Incineroar|Intimidate|boost
|-unboost|p2a: Garchomp|atk|1
|turn|13
|
|t:|1760760940
|move|p2a: Garchomp|Swords Dance|p2a: Garchomp
|-boost|p2a: Garchomp|atk|2
|move|p1a: Incineroar|Parting Shot|p2a: Garchomp
|-unboost|p2a: Garchomp|atk|1
|-unboost|p2a: Garchomp|spa|1
|
|t:|1760760942
|switch|p1a: Blastoise|Blastoise, M|100/100|[from] Parting Shot
|
|-weather|Sandstorm|[upkeep]
|-damage|p1a: Blastoise|94/100|[from] Sandstorm
|upkeep
|turn|14
|
|t:|1760760969
|move|p2a: Garchomp|Swords Dance|p2a: Garchomp
|-boost|p2a: Garchomp|atk|2
|move|p1a: Blastoise|Shell Smash|p1a: Blastoise
|-unboost|p1a: Blastoise|def|1
|-unboost|p1a: Blastoise|spd|1
|-boost|p1a: Blastoise|atk|2
|-boost|p1a: Blastoise|spa|2
|-boost|p1a: Blastoise|spe|2
|-enditem|p1a: Blastoise|White Herb
|-clearnegativeboost|p1a: Blastoise|[silent]
|
|-weather|Sandstorm|[upkeep]
|-damage|p1a: Blastoise|88/100|[from] Sandstorm
|upkeep
|turn|15
|
|t:|1760760981
|move|p1a: Blastoise|Ice Beam|p2a: Garchomp
|-supereffective|p2a: Garchomp
|-enditem|p2a: Garchomp|Focus Sash
|-damage|p2a: Garchomp|1/100
|move|p2a: Garchomp|Dragon Claw|p1a: Blastoise
|-damage|p1a: Blastoise|0 fnt
|faint|p1a: Blastoise
|
|-weather|Sandstorm|[upkeep]
|upkeep
|-message|kgbagent01 forfeited.
|
|win|dolphin21
|raw|kgbagent01's rating: 1141 &rarr; <strong>1113</strong><br />(-28 for losing)
|raw|dolphin21's rating: 1103 &rarr; <strong>1131</strong><br />(+28 for winning)
|l|‽kgbagent01
|player|p1|
|j|‽kgbagent01
|player|p1|kgbagent01|265|
|l|☆dolphin21
|player|p2|
|l|‽kgbagent01
|player|p1|
