|j|☆yourmum1999
|j|☆drew1750
|t:|1760727770
|gametype|singles
|player|p1|yourmum1999|102|1260
|player|p2|drew1750|2|1224
|gen|9
|tier|[Gen 9] OU
|rated|
|rule|HP Percentage Mod: HP is shown in percentages
|rule|Endless Battle Clause: Forcing endless battles is banned
|rule|Species Clause: Limit one of each Pokémon
|rule|OHKO Clause: OHKO moves are banned
|rule|Evasion Items Clause: Evasion items are banned
|rule|Evasion Moves Clause: Evasion moves are banned
|rule|Evasion Abilities Clause: Evasion abilities are banned
|rule|Sleep Moves Clause: Sleep-inducing moves are banned
|clearpoke
|poke|p1|Kingambit, F|
|poke|p1|Cinderace, F|
|poke|p1|Landorus-Therian, M|
|poke|p1|Iron Valiant|
|poke|p1|Kyurem|
|poke|p1|Slowking-Galar, M|
|poke|p2|Pecharunt|
|poke|p2|Appletun, M|
|poke|p2|Kommo-o, M|
|poke|p2|Moltres-Galar|
|poke|p2|Kleavor, F|
|poke|p2|Dondozo, M|
|teampreview
|inactive|Battle timer is ON: inactive players will automatically lose when time's up. (requested by drew1750)
|
|t:|1760727773
|teamsize|p1|6
|teamsize|p2|6
|start
|switch|p1a: Homelandor|Landorus-Therian, M, shiny|100/100
|switch|p2a: Kleavor|Kleavor, F|100/100
|-ability|p1a: Homelandor|Intimidate|boost
|-unboost|p2a: Kleavor|atk|1
|turn|1
|
|t:|1760727780
|move|p2a: Kleavor|Stone Axe|p1a: Homelandor
|-damage|p1a: Homelandor|65/100
|-damage|p2a: Kleavor|84/100|[from] item: Rocky Helmet|[of] p1a: Homelandor
|-sidestart|p1: yourmum1999|move: Stealth Rock
|move|p1a: Homelandor|Stealth Rock|p2a: Kleavor
|-sidestart|p2: drew1750|move: Stealth Rock
|
|upkeep
|turn|2
|inactive|drew1750 has 120 seconds left.
|
|t:|1760727833
|move|p2a: Kleavor|Stone Axe|p1a: Homelandor
|-damage|p1a: Homelandor|33/100
|-damage|p2a: Kleavor|67/100|[from] item: Rocky Helmet|[of] p1a: Homelandor
|move|p1a: Homelandor|U-turn|p2a: Kleavor
|-damage|p2a: Kleavor|40/100
|
|t:|1760727859
|switch|p1a: Kristine|Cinderace, F, shiny|100/100|[from] U-turn
|
|upkeep
|turn|3
|
|t:|1760727876
|move|p2a: Kleavor|Stone Axe|p1a: Kristine
|-supereffective|p1a: Kristine
|-damage|p1a: Kristine|10/100
|move|p1a: Kristine|Pyro Ball|p2a: Kleavor
|-damage|p2a: Kleavor|0 fnt
|faint|p2a: Kleavor
|
|upkeep
|
|t:|1760727881
|switch|p2a: Dondozo|Dondozo, M|100/100
|-damage|p2a: Dondozo|88/100|[from] Stealth Rock
|turn|4
|
|t:|1760727890
|move|p1a: Kristine|Will-O-Wisp|p2a: Dondozo
|-status|p2a: Dondozo|brn
|move|p2a: Dondozo|Liquidation|p1a: Kristine
|-supereffective|p1a: Kristine
|-damage|p1a: Kristine|0 fnt
|faint|p1a: Kristine
|
|-heal|p2a: Dondozo|94/100 brn|[from] item: Leftovers
|-damage|p2a: Dondozo|88/100 brn|[from] brn
|upkeep
|
|t:|1760727907
|switch|p1a: Chillionaire|Slowking-Galar, M, shiny|100/100
|turn|5
|inactive|drew1750 has 120 seconds left.
|
|t:|1760727914
|move|p2a: Dondozo|Curse|p2a: Dondozo
|-unboost|p2a: Dondozo|spe|1
|-boost|p2a: Dondozo|atk|1
|-boost|p2a: Dondozo|def|1
|move|p1a: Chillionaire|Psychic Noise|p2a: Dondozo
|-damage|p2a: Dondozo|66/100 brn
|-start|p2a: Dondozo|move: Heal Block
|
|-damage|p2a: Dondozo|60/100 brn|[from] brn
|upkeep
|turn|6
|
|t:|1760727926
|switch|p2a: Pecharunt|Pecharunt|100/100
|-damage|p2a: Pecharunt|88/100|[from] Stealth Rock
|move|p1a: Chillionaire|Psychic Noise|p2a: Pecharunt
|-supereffective|p2a: Pecharunt
|-damage|p2a: Pecharunt|42/100
|-start|p2a: Pecharunt|move: Heal Block
|
|upkeep
|turn|7
|inactive|drew1750 has 120 seconds left.
|inactive|drew1750 has 90 seconds left.
|
|t:|1760727984
|move|p2a: Pecharunt|Protect|p2a: Pecharunt
|-singleturn|p2a: Pecharunt|Protect
|move|p1a: Chillionaire|Psychic Noise|p2a: Pecharunt
|-activate|p2a: Pecharunt|move: Protect
|
|-end|p2a: Pecharunt|move: Heal Block
|upkeep
|turn|8
|
|t:|1760727992
|move|p2a: Pecharunt|Parting Shot|p1a: Chillionaire
|-unboost|p1a: Chillionaire|atk|1
|-unboost|p1a: Chillionaire|spa|1
|inactive|drew1750 has 90 seconds left.
|inactive|drew1750 has 60 seconds left.
|inactive|drew1750 has 30 seconds left.
|
|t:|1760728065
|switch|p2a: Appletun|Appletun, M|100/100|[from] Parting Shot
|-damage|p2a: Appletun|88/100|[from] Stealth Rock
|move|p1a: Chillionaire|Psychic Noise|p2a: Appletun
|-damage|p2a: Appletun|76/100
|-start|p2a: Appletun|move: Heal Block
|
|upkeep
|turn|9
|
|t:|1760728081
|move|p2a: Appletun|Leech Seed|p1a: Chillionaire
|-start|p1a: Chillionaire|move: Leech Seed
|-prepare|p1a: Chillionaire|Chilly Reception|[premajor]
|move|p1a: Chillionaire|Chilly Reception|p1a: Chillionaire
|-weather|Snowscape
|
|t:|1760728086
|switch|p1a: Mr. Freeze|Kyurem, shiny|100/100|[from] Chilly Reception
|-damage|p1a: Mr. Freeze|76/100|[from] Stealth Rock
|-ability|p1a: Mr. Freeze|Pressure
|
|-weather|Snowscape|[upkeep]
|-heal|p1a: Mr. Freeze|82/100|[from] item: Leftovers
|-end|p2a: Appletun|move: Heal Block
|upkeep
|turn|10
|inactive|drew1750 has 30 seconds left.
|
|t:|1760728114
|move|p1a: Mr. Freeze|Substitute|p1a: Mr. Freeze
|-start|p1a: Mr. Freeze|Substitute
|-damage|p1a: Mr. Freeze|57/100
|move|p2a: Appletun|Dragon Pulse|p1a: Mr. Freeze
|-supereffective|p1a: Mr. Freeze
|-end|p1a: Mr. Freeze|Substitute
|
|-weather|Snowscape|[upkeep]
|-heal|p1a: Mr. Freeze|63/100|[from] item: Leftovers
|-heal|p2a: Appletun|83/100|[from] item: Leftovers
|upkeep
|turn|11
|
|t:|1760728127
|move|p1a: Mr. Freeze|Freeze-Dry|p2a: Appletun
|-supereffective|p2a: Appletun
|-damage|p2a: Appletun|37/100
|move|p2a: Appletun|Dragon Pulse|p1a: Mr. Freeze
|-supereffective|p1a: Mr. Freeze
|-damage|p1a: Mr. Freeze|13/100
|
|-weather|Snowscape|[upkeep]
|-heal|p1a: Mr. Freeze|19/100|[from] item: Leftovers
|-heal|p2a: Appletun|43/100|[from] item: Leftovers
|upkeep
|turn|12
|inactive|drew1750 has 30 seconds left.
|
|t:|1760728149
|move|p1a: Mr. Freeze|Freeze-Dry|p2a: Appletun
|-supereffective|p2a: Appletun
|-damage|p2a: Appletun|0 fnt
|faint|p2a: Appletun
|
|-weather|Snowscape|[upkeep]
|-heal|p1a: Mr. Freeze|25/100|[from] item: Leftovers
|upkeep
|inactive|drew1750 has 30 seconds left this turn.
|
|t:|1760728158
|switch|p2a: Moltres|Moltres-Galar|100/100
|turn|13
|
|t:|1760728166
|-terastallize|p2a: Moltres|Dark
|move|p1a: Mr. Freeze|Freeze-Dry|p2a: Moltres
|-damage|p2a: Moltres|75/100
|move|p2a: Moltres|Agility|p2a: Moltres
|-boost|p2a: Moltres|spe|2
|
|-weather|none
|-heal|p1a: Mr. Freeze|31/100|[from] item: Leftovers
|upkeep
|turn|14
|inactive|drew1750 has 30 seconds left.
|inactive|drew1750 has 20 seconds left.
|inactive|drew1750 has 15 seconds left.
|inactive|drew1750 has 10 seconds left.
|inactive|drew1750 has 5 seconds left.
|-message|drew1750 lost due to inactivity.
|
|win|yourmum1999
|raw|yourmum1999's rating: 1260 &rarr; <strong>1282</strong><br />(+22 for winning)
|raw|drew1750's rating: 1224 &rarr; <strong>1202</strong><br />(-22 for losing)
|l|☆yourmum1999
|player|p1|
