|j|☆huangge
|j|☆WeRrsome
|t:|1760847783
|gametype|singles
|player|p1|huangge|camper|1321
|player|p2|WeRrsome|265|1368
|gen|9
|tier|[Gen 9] OU
|rated|
|rule|HP Percentage Mod: HP is shown in percentages
|rule|Endless Battle Clause: Forcing endless battles is banned
|rule|Species Clause: Limit one of each Pokémon
|rule|OHKO Clause: OHKO moves are banned
|rule|Evasion Items Clause: Evasion items are banned
|rule|Evasion Moves Clause: Evasion moves are banned
|rule|Evasion Abilities Clause: Evasion abilities are banned
|rule|Sleep Moves Clause: Sleep-inducing moves are banned
|clearpoke
|poke|p1|Iron Hands|
|poke|p1|Raging Bolt|
|poke|p1|Slowking-Galar, M|
|poke|p1|Kyurem|
|poke|p1|Cinderace, F|
|poke|p1|Iron Valiant|
|poke|p2|Ogerpon, F|
|poke|p2|Araquanid, F|
|poke|p2|Magnezone|
|poke|p2|Iron Treads|
|poke|p2|Dragonite, M|
|poke|p2|Pecharunt|
|teampreview
|inactive|Battle timer is ON: inactive players will automatically lose when time's up. (requested by WeRrsome)
|
|t:|1760847790
|teamsize|p1|6
|teamsize|p2|6
|start
|switch|p1a: Kyurem|Kyurem|100/100
|switch|p2a: Ogerpon|Ogerpon, F|100/100
|-ability|p1a: Kyurem|Pressure
|turn|1
|
|t:|1760847802
|-terastallize|p2a: Ogerpon|Grass
|detailschange|p2a: Ogerpon|Ogerpon-Teal-Tera, F, tera:Grass
|-ability|p2a: Ogerpon|Embody Aspect (Teal)|boost
|-boost|p2a: Ogerpon|spe|1
|move|p2a: Ogerpon|U-turn|p1a: Kyurem
|-damage|p1a: Kyurem|78/100
|
|t:|1760847809
|switch|p2a: Iron Treads|Iron Treads|100/100|[from] U-turn
|move|p1a: Kyurem|Freeze-Dry|p2a: Iron Treads
|-damage|p2a: Iron Treads|82/100
|
|-heal|p1a: Kyurem|84/100|[from] item: Leftovers
|upkeep
|turn|2
|
|t:|1760847823
|move|p1a: Kyurem|Protect|p1a: Kyurem
|-singleturn|p1a: Kyurem|Protect
|move|p2a: Iron Treads|Knock Off|p1a: Kyurem
|-activate|p1a: Kyurem|move: Protect
|
|-heal|p1a: Kyurem|90/100|[from] item: Leftovers
|upkeep
|turn|3
|
|t:|1760847836
|-terastallize|p1a: Kyurem|Ground
|move|p1a: Kyurem|Earth Power|p2a: Iron Treads
|-supereffective|p2a: Iron Treads
|-damage|p2a: Iron Treads|30/100
|move|p2a: Iron Treads|Knock Off|p1a: Kyurem
|-damage|p1a: Kyurem|65/100
|-enditem|p1a: Kyurem|Leftovers|[from] move: Knock Off|[of] p2a: Iron Treads
|
|upkeep
|turn|4
|
|t:|1760847859
|-end|p2a: Iron Treads|Quark Drive|[silent]
|switch|p2a: Araquanid|Araquanid, F|100/100
|move|p1a: Kyurem|Freeze-Dry|p2a: Araquanid
|-supereffective|p2a: Araquanid
|-damage|p2a: Araquanid|42/100
|
|upkeep
|turn|5
|
|t:|1760847867
|move|p1a: Kyurem|Freeze-Dry|p2a: Araquanid
|-supereffective|p2a: Araquanid
|-damage|p2a: Araquanid|0 fnt
|faint|p2a: Araquanid
|
|upkeep
|
|t:|1760847871
|switch|p2a: Ogerpon|Ogerpon-Teal-Tera, F, tera:Grass|100/100
|-ability|p2a: Ogerpon|Embody Aspect (Teal)|boost
|-boost|p2a: Ogerpon|spe|1
|turn|6
|
|t:|1760847879
|switch|p1a: Iron Hands|Iron Hands|100/100
|-enditem|p1a: Iron Hands|Booster Energy
|-activate|p1a: Iron Hands|ability: Quark Drive|[fromitem]
|-start|p1a: Iron Hands|quarkdrivedef
|move|p2a: Ogerpon|Ivy Cudgel|p1a: Iron Hands
|-damage|p1a: Iron Hands|74/100
|
|upkeep
|turn|7
|
|t:|1760847890
|move|p2a: Ogerpon|U-turn|p1a: Iron Hands
|-resisted|p1a: Iron Hands
|-damage|p1a: Iron Hands|70/100
|
|t:|1760847893
|switch|p2a: Dragonite|Dragonite, M|100/100|[from] U-turn
|move|p1a: Iron Hands|Drain Punch|p2a: Dragonite
|-resisted|p2a: Dragonite
|-damage|p2a: Dragonite|94/100
|-heal|p1a: Iron Hands|73/100|[from] drain|[of] p2a: Dragonite
|-damage|p1a: Iron Hands|56/100|[from] item: Rocky Helmet|[of] p2a: Dragonite
|
|upkeep
|turn|8
|
|t:|1760847908
|switch|p2a: Pecharunt|Pecharunt|100/100
|move|p1a: Iron Hands|Drain Punch|p2a: Pecharunt
|-immune|p2a: Pecharunt
|
|upkeep
|turn|9
|
|t:|1760847924
|-end|p1a: Iron Hands|Quark Drive|[silent]
|switch|p1a: Raging Bolt|Raging Bolt|100/100
|move|p2a: Pecharunt|Parting Shot|p1a: Raging Bolt
|-unboost|p1a: Raging Bolt|atk|1
|-unboost|p1a: Raging Bolt|spa|1
|
|t:|1760847929
|switch|p2a: Iron Treads|Iron Treads|30/100|[from] Parting Shot
|
|upkeep
|turn|10
|
|t:|1760847951
|-end|p1a: Raging Bolt|Protosynthesis|[silent]
|switch|p1a: Kyurem|Kyurem, tera:Ground|65/100
|-ability|p1a: Kyurem|Pressure
|move|p2a: Iron Treads|Earthquake|p1a: Kyurem
|-damage|p1a: Kyurem|31/100
|
|upkeep
|turn|11
|
|t:|1760847965
|move|p1a: Kyurem|Earth Power|p2a: Iron Treads
|-supereffective|p2a: Iron Treads
|-damage|p2a: Iron Treads|0 fnt
|faint|p2a: Iron Treads
|-end|p2a: Iron Treads|Quark Drive|[silent]
|
|upkeep
|
|t:|1760847968
|switch|p2a: Ogerpon|Ogerpon-Teal-Tera, F, tera:Grass|100/100
|-ability|p2a: Ogerpon|Embody Aspect (Teal)|boost
|-boost|p2a: Ogerpon|spe|1
|turn|12
|
|t:|1760847976
|switch|p1a: Iron Hands|Iron Hands|56/100
|move|p2a: Ogerpon|Ivy Cudgel|p1a: Iron Hands
|-damage|p1a: Iron Hands|24/100
|
|upkeep
|turn|13
|
|t:|1760847983
|move|p1a: Iron Hands|Fake Out|p2a: Ogerpon
|-damage|p2a: Ogerpon|82/100
|cant|p2a: Ogerpon|flinch
|
|upkeep
|turn|14
|
|t:|1760847996
|move|p2a: Ogerpon|Ivy Cudgel|p1a: Iron Hands
|-crit|p1a: Iron Hands
|-damage|p1a: Iron Hands|0 fnt
|faint|p1a: Iron Hands
|-end|p1a: Iron Hands|Quark Drive|[silent]
|
|upkeep
|inactive|huangge has 120 seconds left.
|
|t:|1760848026
|switch|p1a: Cinderace|Cinderace, F|100/100
|turn|15
|
|t:|1760848042
|move|p2a: Ogerpon|U-turn|p1a: Cinderace
|-resisted|p1a: Cinderace
|-damage|p1a: Cinderace|88/100
|
|t:|1760848046
|switch|p2a: Pecharunt|Pecharunt|100/100|[from] U-turn
|move|p1a: Cinderace|Pyro Ball|p2a: Pecharunt|[miss]
|-miss|p1a: Cinderace|p2a: Pecharunt
|
|upkeep
|turn|16
|
|t:|1760848058
|move|p1a: Cinderace|U-turn|p2a: Pecharunt
|-resisted|p2a: Pecharunt
|-damage|p2a: Pecharunt|98/100
|
|t:|1760848062
|switch|p1a: Slowking|Slowking-Galar, M|100/100|[from] U-turn
|move|p2a: Pecharunt|Malignant Chain|p1a: Slowking
|-resisted|p1a: Slowking
|-damage|p1a: Slowking|91/100
|
|-heal|p2a: Pecharunt|100/100|[from] item: Leftovers
|upkeep
|turn|17
|
|t:|1760848073
|move|p2a: Pecharunt|Shadow Ball|p1a: Slowking
|-supereffective|p1a: Slowking
|-damage|p1a: Slowking|61/100
|move|p1a: Slowking|Thunder Wave|p2a: Pecharunt
|-status|p2a: Pecharunt|par
|
|upkeep
|turn|18
|
|t:|1760848082
|move|p2a: Pecharunt|Parting Shot|p1a: Slowking
|-unboost|p1a: Slowking|atk|1
|-unboost|p1a: Slowking|spa|1
|
|t:|1760848085
|switch|p2a: Magnezone|Magnezone|100/100|[from] Parting Shot
|-prepare|p1a: Slowking|Chilly Reception|[premajor]
|move|p1a: Slowking|Chilly Reception|p1a: Slowking
|-weather|Snowscape
|
|t:|1760848105
|switch|p1a: Cinderace|Cinderace, F|88/100|[from] Chilly Reception
|
|-weather|Snowscape|[upkeep]
|upkeep
|turn|19
|
|t:|1760848113
|switch|p2a: Pecharunt|Pecharunt|100/100 par
|move|p1a: Cinderace|Pyro Ball|p2a: Pecharunt
|-damage|p2a: Pecharunt|77/100 par
|
|-weather|Snowscape|[upkeep]
|-heal|p2a: Pecharunt|83/100 par|[from] item: Leftovers
|upkeep
|turn|20
|
|t:|1760848123
|move|p1a: Cinderace|U-turn|p2a: Pecharunt
|-resisted|p2a: Pecharunt
|-damage|p2a: Pecharunt|80/100 par
|
|t:|1760848134
|switch|p1a: Slowking|Slowking-Galar, M|94/100|[from] U-turn
|move|p2a: Pecharunt|Parting Shot|p1a: Slowking
|-unboost|p1a: Slowking|atk|1
|-unboost|p1a: Slowking|spa|1
|
|t:|1760848142
|switch|p2a: Magnezone|Magnezone|100/100|[from] Parting Shot
|
|-weather|Snowscape|[upkeep]
|upkeep
|turn|21
|
|t:|1760848154
|switch|p1a: Raging Bolt|Raging Bolt|100/100
|move|p2a: Magnezone|Flash Cannon|p1a: Raging Bolt
|-resisted|p1a: Raging Bolt
|-damage|p1a: Raging Bolt|80/100
|
|-weather|Snowscape|[upkeep]
|upkeep
|turn|22
|
|t:|1760848168
|move|p1a: Raging Bolt|Draco Meteor|p2a: Magnezone
|-resisted|p2a: Magnezone
|-damage|p2a: Magnezone|64/100
|-unboost|p1a: Raging Bolt|spa|2
|move|p2a: Magnezone|Flash Cannon|p1a: Raging Bolt
|-resisted|p1a: Raging Bolt
|-damage|p1a: Raging Bolt|61/100
|
|-weather|none
|upkeep
|turn|23
|
|t:|1760848179
|move|p1a: Raging Bolt|Draco Meteor|p2a: Magnezone
|-resisted|p2a: Magnezone
|-damage|p2a: Magnezone|45/100
|-unboost|p1a: Raging Bolt|spa|2
|move|p2a: Magnezone|Flash Cannon|p1a: Raging Bolt
|-resisted|p1a: Raging Bolt
|-damage|p1a: Raging Bolt|42/100
|-unboost|p1a: Raging Bolt|spd|1
|
|upkeep
|turn|24
|
|t:|1760848192
|move|p1a: Raging Bolt|Draco Meteor|p2a: Magnezone
|-resisted|p2a: Magnezone
|-damage|p2a: Magnezone|33/100
|-unboost|p1a: Raging Bolt|spa|2
|move|p2a: Magnezone|Flash Cannon|p1a: Raging Bolt
|-resisted|p1a: Raging Bolt
|-damage|p1a: Raging Bolt|9/100
|
|upkeep
|turn|25
|
|t:|1760848214
|move|p1a: Raging Bolt|Volt Switch|p2a: Magnezone
|-resisted|p2a: Magnezone
|-damage|p2a: Magnezone|27/100
|
|t:|1760848217
|-end|p1a: Raging Bolt|Protosynthesis|[silent]
|switch|p1a: Cinderace|Cinderace, F|88/100|[from] Volt Switch
|move|p2a: Magnezone|Flash Cannon|p1a: Cinderace
|-resisted|p1a: Cinderace
|-damage|p1a: Cinderace|30/100
|
|upkeep
|turn|26
|
|t:|1760848227
|switch|p2a: Pecharunt|Pecharunt|80/100 par
|move|p1a: Cinderace|Will-O-Wisp||[still]
|-fail|p1a: Cinderace
|
|-heal|p2a: Pecharunt|87/100 par|[from] item: Leftovers
|upkeep
|turn|27
|
|t:|1760848245
|move|p1a: Cinderace|U-turn|p2a: Pecharunt
|-resisted|p2a: Pecharunt
|-damage|p2a: Pecharunt|85/100 par
|
|t:|1760848250
|switch|p1a: Slowking|Slowking-Galar, M|100/100|[from] U-turn
|move|p2a: Pecharunt|Shadow Ball|p1a: Slowking
|-supereffective|p1a: Slowking
|-damage|p1a: Slowking|71/100
|
|-heal|p2a: Pecharunt|91/100 par|[from] item: Leftovers
|upkeep
|turn|28
|
|t:|1760848262
|move|p2a: Pecharunt|Shadow Ball|p1a: Slowking
|-supereffective|p1a: Slowking
|-damage|p1a: Slowking|42/100
|move|p1a: Slowking|Psychic Noise|p2a: Pecharunt
|-supereffective|p2a: Pecharunt
|-damage|p2a: Pecharunt|30/100 par
|-start|p2a: Pecharunt|move: Heal Block
|
|upkeep
|turn|29
|
|t:|1760848272
|cant|p2a: Pecharunt|par
|-prepare|p1a: Slowking|Chilly Reception|[premajor]
|move|p1a: Slowking|Chilly Reception|p1a: Slowking
|-weather|Snowscape
|
|t:|1760848279
|switch|p1a: Iron Valiant|Iron Valiant|100/100|[from] Chilly Reception
|-enditem|p1a: Iron Valiant|Booster Energy
|-activate|p1a: Iron Valiant|ability: Quark Drive|[fromitem]
|-start|p1a: Iron Valiant|quarkdrivespe
|
|-weather|Snowscape|[upkeep]
|-end|p2a: Pecharunt|move: Heal Block
|upkeep
|turn|30
|
|t:|1760848291
|move|p1a: Iron Valiant|Calm Mind|p1a: Iron Valiant
|-boost|p1a: Iron Valiant|spa|1
|-boost|p1a: Iron Valiant|spd|1
|move|p2a: Pecharunt|Malignant Chain|p1a: Iron Valiant
|-supereffective|p1a: Iron Valiant
|-damage|p1a: Iron Valiant|25/100
|
|-weather|Snowscape|[upkeep]
|-heal|p2a: Pecharunt|36/100 par|[from] item: Leftovers
|upkeep
|turn|31
|
|t:|1760848301
|move|p1a: Iron Valiant|Shadow Ball|p2a: Pecharunt
|-supereffective|p2a: Pecharunt
|-damage|p2a: Pecharunt|0 fnt
|faint|p2a: Pecharunt
|
|-weather|Snowscape|[upkeep]
|upkeep
|
|t:|1760848307
|switch|p2a: Ogerpon|Ogerpon-Teal-Tera, F, tera:Grass|82/100
|-ability|p2a: Ogerpon|Embody Aspect (Teal)|boost
|-boost|p2a: Ogerpon|spe|1
|turn|32
|
|t:|1760848318
|move|p1a: Iron Valiant|Moonblast|p2a: Ogerpon
|-damage|p2a: Ogerpon|6/100
|-unboost|p2a: Ogerpon|spa|1
|move|p2a: Ogerpon|Ivy Cudgel|p1a: Iron Valiant
|-damage|p1a: Iron Valiant|0 fnt
|faint|p1a: Iron Valiant
|-end|p1a: Iron Valiant|Quark Drive|[silent]
|
|-weather|Snowscape|[upkeep]
|upkeep
|
|t:|1760848330
|switch|p1a: Raging Bolt|Raging Bolt|9/100
|turn|33
|
|t:|1760848336
|switch|p2a: Magnezone|Magnezone|27/100
|move|p1a: Raging Bolt|Thunderclap||[still]
|-fail|p1a: Raging Bolt
|
|-weather|none
|upkeep
|turn|34
|
|t:|1760848346
|-end|p1a: Raging Bolt|Protosynthesis|[silent]
|switch|p1a: Slowking|Slowking-Galar, M|75/100
|move|p2a: Magnezone|Volt Switch|p1a: Slowking
|-damage|p1a: Slowking|27/100
|
|t:|1760848348
|switch|p2a: Ogerpon|Ogerpon-Teal-Tera, F, tera:Grass|6/100|[from] Volt Switch
|-ability|p2a: Ogerpon|Embody Aspect (Teal)|boost
|-boost|p2a: Ogerpon|spe|1
|
|upkeep
|turn|35
|
|t:|1760848357
|move|p2a: Ogerpon|Knock Off|p1a: Slowking
|-supereffective|p1a: Slowking
|-damage|p1a: Slowking|0 fnt
|-enditem|p1a: Slowking|Heavy-Duty Boots|[from] move: Knock Off|[of] p2a: Ogerpon
|faint|p1a: Slowking
|
|upkeep
|
|t:|1760848369
|switch|p1a: Raging Bolt|Raging Bolt|9/100
|turn|36
|
|t:|1760848373
|move|p2a: Ogerpon|U-turn|p1a: Raging Bolt
|-damage|p1a: Raging Bolt|0 fnt
|faint|p1a: Raging Bolt
|-end|p1a: Raging Bolt|Protosynthesis|[silent]
|
|t:|1760848381
|switch|p2a: Magnezone|Magnezone|27/100|[from] U-turn
|
|upkeep
|
|t:|1760848389
|switch|p1a: Cinderace|Cinderace, F|30/100
|turn|37
|
|t:|1760848393
|move|p1a: Cinderace|Pyro Ball|p2a: Magnezone
|-supereffective|p2a: Magnezone
|-damage|p2a: Magnezone|0 fnt
|faint|p2a: Magnezone
|
|upkeep
|
|t:|1760848400
|switch|p2a: Dragonite|Dragonite, M|94/100
|turn|38
|
|t:|1760848416
|move|p1a: Cinderace|Will-O-Wisp|p2a: Dragonite
|-status|p2a: Dragonite|brn
|move|p2a: Dragonite|Dragon Tail|p1a: Cinderace
|-damage|p1a: Cinderace|15/100
|drag|p1a: Kyurem|Kyurem, tera:Ground|31/100
|-ability|p1a: Kyurem|Pressure
|
|-damage|p2a: Dragonite|88/100 brn|[from] brn
|upkeep
|turn|39
|inactive|huangge has 120 seconds left.
|
|t:|1760848447
|move|p1a: Kyurem|Freeze-Dry|p2a: Dragonite
|-supereffective|p2a: Dragonite
|-damage|p2a: Dragonite|0 fnt
|faint|p2a: Dragonite
|
|upkeep
|
|t:|1760848450
|switch|p2a: Ogerpon|Ogerpon-Teal-Tera, F, tera:Grass|6/100
|-ability|p2a: Ogerpon|Embody Aspect (Teal)|boost
|-boost|p2a: Ogerpon|spe|1
|turn|40
|inactive|huangge has 120 seconds left.
|
|t:|1760848460
|move|p1a: Kyurem|Protect|p1a: Kyurem
|-singleturn|p1a: Kyurem|Protect
|move|p2a: Ogerpon|Ivy Cudgel|p1a: Kyurem
|-activate|p1a: Kyurem|move: Protect
|
|upkeep
|turn|41
|
|t:|1760848467
|move|p2a: Ogerpon|Ivy Cudgel|p1a: Kyurem
|-supereffective|p1a: Kyurem
|-damage|p1a: Kyurem|0 fnt
|faint|p1a: Kyurem
|
|upkeep
|
|t:|1760848472
|switch|p1a: Cinderace|Cinderace, F|15/100
|turn|42
|
|t:|1760848478
|move|p2a: Ogerpon|Knock Off|p1a: Cinderace
|-damage|p1a: Cinderace|0 fnt
|-enditem|p1a: Cinderace|Heavy-Duty Boots|[from] move: Knock Off|[of] p2a: Ogerpon
|faint|p1a: Cinderace
|
|win|WeRrsome
|raw|huangge's rating: 1321 &rarr; <strong>1304</strong><br />(-17 for losing)
|raw|WeRrsome's rating: 1368 &rarr; <strong>1385</strong><br />(+17 for winning)
|l|☆huangge
|player|p1|
|l|☆WeRrsome
|player|p2|
