|j|☆aslowpoem
|j|☆A Welcome Guest
|t:|1760806976
|gametype|singles
|player|p1|aslowpoem|plumeria|1713
|player|p2|A Welcome Guest|n|1825
|gen|9
|tier|[Gen 9] OU
|rated|
|rule|HP Percentage Mod: HP is shown in percentages
|rule|Endless Battle Clause: Forcing endless battles is banned
|rule|Species Clause: Limit one of each Pokémon
|rule|OHKO Clause: OHKO moves are banned
|rule|Evasion Items Clause: Evasion items are banned
|rule|Evasion Moves Clause: Evasion moves are banned
|rule|Evasion Abilities Clause: Evasion abilities are banned
|rule|Sleep Moves Clause: Sleep-inducing moves are banned
|clearpoke
|poke|p1|Clodsire, F|
|poke|p1|Dondozo, F|
|poke|p1|Gliscor, F|
|poke|p1|Alomomola, L99, F|
|poke|p1|Corviknight, M|
|poke|p1|Pecharunt|
|poke|p2|Weavile, F|
|poke|p2|Hatterene, F|
|poke|p2|Iron Treads|
|poke|p2|Ting-Lu|
|poke|p2|Dragonite, M|
|poke|p2|Keldeo-Resolute|
|teampreview
|inactive|Battle timer is ON: inactive players will automatically lose when time's up. (requested by aslowpoem)
|c|☆A Welcome Guest|hf
|
|t:|1760807001
|teamsize|p1|6
|teamsize|p2|6
|start
|switch|p1a: Tagore|Alomomola, L99, F, shiny|100/100
|switch|p2a: Keldeo|Keldeo-Resolute|100/100
|turn|1
|c|☆aslowpoem|U2
|
|t:|1760807005
|move|p2a: Keldeo|Secret Sword|p1a: Tagore
|-crit|p1a: Tagore
|-damage|p1a: Tagore|18/100
|move|p1a: Tagore|Scald|p2a: Keldeo
|-resisted|p2a: Keldeo
|-damage|p2a: Keldeo|93/100
|
|upkeep
|turn|2
|
|t:|1760807022
|switch|p2a: Weavile|Weavile, F|100/100
|-ability|p2a: Weavile|Pressure
|switch|p1a: Bashō|Gliscor, F|100/100
|
|-status|p1a: Bashō|tox|[from] item: Toxic Orb
|upkeep
|turn|3
|
|t:|1760807043
|move|p1a: Bashō|Protect|p1a: Bashō
|-singleturn|p1a: Bashō|Protect
|move|p2a: Weavile|Knock Off|p1a: Bashō
|-activate|p1a: Bashō|move: Protect
|
|upkeep
|turn|4
|inactive|aslowpoem has 120 seconds left.
|
|t:|1760807067
|switch|p1a: Keats|Pecharunt|100/100
|move|p2a: Weavile|Triple Axel|p1a: Keats
|-damage|p1a: Keats|94/100
|-damage|p1a: Keats|82/100
|-damage|p1a: Keats|63/100
|-hitcount|p1a: Keats|3
|-damage|p2a: Weavile|91/100|[from] item: Life Orb
|
|upkeep
|turn|5
|j| Disscratch
|inactive|aslowpoem has 120 seconds left.
|
|t:|1760807089
|-terastallize|p1a: Keats|Grass
|move|p2a: Weavile|Knock Off|p1a: Keats
|-damage|p1a: Keats|34/100
|-enditem|p1a: Keats|Heavy-Duty Boots|[from] move: Knock Off|[of] p2a: Weavile
|-damage|p2a: Weavile|81/100|[from] item: Life Orb
|move|p1a: Keats|Toxic|p2a: Weavile
|-status|p2a: Weavile|tox
|-start|p2a: Weavile|confusion|[from] ability: Poison Puppeteer|[of] p1a: Keats
|
|-damage|p2a: Weavile|75/100 tox|[from] psn
|upkeep
|turn|6
|
|t:|1760807101
|switch|p2a: Iron Treads|Iron Treads|100/100
|move|p1a: Keats|Recover|p1a: Keats
|-heal|p1a: Keats|84/100
|
|upkeep
|turn|7
|inactive|aslowpoem has 120 seconds left.
|
|t:|1760807108
|move|p2a: Iron Treads|Stealth Rock|p1a: Keats
|-sidestart|p1: aslowpoem|move: Stealth Rock
|move|p1a: Keats|Mean Look|p2a: Iron Treads
|-activate|p2a: Iron Treads|trapped
|
|upkeep
|turn|8
|
|t:|1760807112
|move|p2a: Iron Treads|Ice Spinner|p1a: Keats
|-supereffective|p1a: Keats
|-damage|p1a: Keats|62/100
|move|p1a: Keats|Recover|p1a: Keats
|-heal|p1a: Keats|100/100
|
|upkeep
|turn|9
|
|t:|1760807116
|move|p2a: Iron Treads|Ice Spinner|p1a: Keats
|-supereffective|p1a: Keats
|-damage|p1a: Keats|78/100
|move|p1a: Keats|Spite|p2a: Iron Treads
|-activate|p2a: Iron Treads|move: Spite|Ice Spinner|4
|
|upkeep
|turn|10
|
|t:|1760807119
|move|p2a: Iron Treads|Ice Spinner|p1a: Keats
|-supereffective|p1a: Keats
|-damage|p1a: Keats|56/100
|move|p1a: Keats|Spite|p2a: Iron Treads
|-activate|p2a: Iron Treads|move: Spite|Ice Spinner|4
|
|upkeep
|turn|11
|
|t:|1760807122
|move|p2a: Iron Treads|Rapid Spin|p1a: Keats
|-damage|p1a: Keats|48/100
|-boost|p2a: Iron Treads|spe|1
|move|p1a: Keats|Recover|p1a: Keats
|-heal|p1a: Keats|98/100
|
|upkeep
|turn|12
|
|t:|1760807125
|move|p2a: Iron Treads|Rapid Spin|p1a: Keats
|-crit|p1a: Keats
|-damage|p1a: Keats|87/100
|-boost|p2a: Iron Treads|spe|1
|move|p1a: Keats|Spite|p2a: Iron Treads
|-activate|p2a: Iron Treads|move: Spite|Rapid Spin|4
|
|upkeep
|turn|13
|
|t:|1760807127
|move|p2a: Iron Treads|Rapid Spin|p1a: Keats
|-damage|p1a: Keats|79/100
|-boost|p2a: Iron Treads|spe|1
|move|p1a: Keats|Spite|p2a: Iron Treads
|-activate|p2a: Iron Treads|move: Spite|Rapid Spin|4
|
|upkeep
|turn|14
|
|t:|1760807130
|move|p2a: Iron Treads|Rapid Spin|p1a: Keats
|-damage|p1a: Keats|72/100
|-boost|p2a: Iron Treads|spe|1
|move|p1a: Keats|Spite|p2a: Iron Treads
|-activate|p2a: Iron Treads|move: Spite|Rapid Spin|4
|
|upkeep
|turn|15
|
|t:|1760807132
|move|p2a: Iron Treads|Rapid Spin|p1a: Keats
|-damage|p1a: Keats|65/100
|-boost|p2a: Iron Treads|spe|1
|move|p1a: Keats|Recover|p1a: Keats
|-heal|p1a: Keats|100/100
|
|upkeep
|turn|16
|
|t:|1760807133
|move|p2a: Iron Treads|Rapid Spin|p1a: Keats
|-damage|p1a: Keats|93/100
|-boost|p2a: Iron Treads|spe|1
|move|p1a: Keats|Spite|p2a: Iron Treads
|-activate|p2a: Iron Treads|move: Spite|Rapid Spin|4
|
|upkeep
|turn|17
|
|t:|1760807139
|move|p2a: Iron Treads|Rapid Spin|p1a: Keats
|-damage|p1a: Keats|85/100
|move|p1a: Keats|Spite|p2a: Iron Treads
|-activate|p2a: Iron Treads|move: Spite|Rapid Spin|4
|
|upkeep
|turn|18
|
|t:|1760807142
|move|p2a: Iron Treads|Rapid Spin|p1a: Keats
|-damage|p1a: Keats|78/100
|move|p1a: Keats|Spite|p2a: Iron Treads
|-activate|p2a: Iron Treads|move: Spite|Rapid Spin|4
|
|upkeep
|turn|19
|
|t:|1760807145
|move|p2a: Iron Treads|Ice Spinner|p1a: Keats
|-supereffective|p1a: Keats
|-damage|p1a: Keats|53/100
|move|p1a: Keats|Spite|p2a: Iron Treads
|-activate|p2a: Iron Treads|move: Spite|Ice Spinner|4
|
|upkeep
|turn|20
|
|t:|1760807149
|move|p2a: Iron Treads|Rapid Spin|p1a: Keats
|-damage|p1a: Keats|46/100
|move|p1a: Keats|Recover|p1a: Keats
|-heal|p1a: Keats|96/100
|
|upkeep
|turn|21
|
|t:|1760807151
|move|p2a: Iron Treads|Rapid Spin|p1a: Keats
|-damage|p1a: Keats|89/100
|move|p1a: Keats|Spite|p2a: Iron Treads
|-activate|p2a: Iron Treads|move: Spite|Rapid Spin|4
|
|upkeep
|turn|22
|j| St.Peewee
|
|t:|1760807153
|move|p2a: Iron Treads|Rapid Spin|p1a: Keats
|-damage|p1a: Keats|82/100
|move|p1a: Keats|Spite|p2a: Iron Treads
|-activate|p2a: Iron Treads|move: Spite|Rapid Spin|4
|
|upkeep
|turn|23
|
|t:|1760807155
|move|p2a: Iron Treads|Rapid Spin|p1a: Keats
|-damage|p1a: Keats|74/100
|move|p1a: Keats|Spite|p2a: Iron Treads
|-activate|p2a: Iron Treads|move: Spite|Rapid Spin|4
|
|upkeep
|turn|24
|l| St.Peewee
|
|t:|1760807157
|move|p2a: Iron Treads|Rapid Spin|p1a: Keats
|-damage|p1a: Keats|67/100
|move|p1a: Keats|Spite|p2a: Iron Treads
|-activate|p2a: Iron Treads|move: Spite|Rapid Spin|4
|
|upkeep
|turn|25
|
|t:|1760807162
|move|p2a: Iron Treads|Rapid Spin|p1a: Keats
|-damage|p1a: Keats|59/100
|move|p1a: Keats|Recover|p1a: Keats
|-heal|p1a: Keats|100/100
|
|upkeep
|turn|26
|
|t:|1760807169
|move|p2a: Iron Treads|Earthquake|p1a: Keats
|-resisted|p1a: Keats
|-damage|p1a: Keats|90/100
|move|p1a: Keats|Spite|p2a: Iron Treads
|-activate|p2a: Iron Treads|move: Spite|Earthquake|4
|
|upkeep
|turn|27
|
|t:|1760807194
|switch|p1a: Baudelaire|Corviknight, M, shiny|100/100
|-damage|p1a: Baudelaire|88/100|[from] Stealth Rock
|-ability|p1a: Baudelaire|Pressure
|move|p2a: Iron Treads|Earthquake|p1a: Baudelaire
|-immune|p1a: Baudelaire
|
|-heal|p1a: Baudelaire|94/100|[from] item: Leftovers
|upkeep
|turn|28
|
|t:|1760807203
|-end|p2a: Iron Treads|Quark Drive|[silent]
|switch|p2a: Ting-Lu|Ting-Lu|100/100
|-ability|p2a: Ting-Lu|Vessel of Ruin
|switch|p1a: Bashō|Gliscor, F|100/100 tox
|-damage|p1a: Bashō|88/100 tox|[from] Stealth Rock
|
|-heal|p1a: Bashō|100/100 tox|[from] ability: Poison Heal
|upkeep
|turn|29
|
|t:|1760807207
|switch|p2a: Iron Treads|Iron Treads|100/100
|move|p1a: Bashō|Knock Off|p2a: Iron Treads
|-damage|p2a: Iron Treads|84/100
|-enditem|p2a: Iron Treads|Eject Button|[from] move: Knock Off|[of] p1a: Bashō
|
|upkeep
|turn|30
|
|t:|1760807212
|switch|p1a: Tagore|Alomomola, L99, F, shiny|51/100
|move|p2a: Iron Treads|Ice Spinner|p1a: Tagore
|-resisted|p1a: Tagore
|-damage|p1a: Tagore|40/100
|
|upkeep
|turn|31
|
|t:|1760807217
|switch|p1a: Baudelaire|Corviknight, M, shiny|94/100
|-damage|p1a: Baudelaire|82/100|[from] Stealth Rock
|-ability|p1a: Baudelaire|Pressure
|move|p2a: Iron Treads|Earthquake|p1a: Baudelaire
|-immune|p1a: Baudelaire
|
|-heal|p1a: Baudelaire|88/100|[from] item: Leftovers
|upkeep
|turn|32
|
|t:|1760807224
|-end|p2a: Iron Treads|Quark Drive|[silent]
|switch|p2a: Hatterene|Hatterene, F|100/100
|switch|p1a: Bashō|Gliscor, F|100/100 tox
|-damage|p1a: Bashō|88/100 tox|[from] Stealth Rock
|
|-heal|p1a: Bashō|100/100 tox|[from] ability: Poison Heal
|upkeep
|turn|33
|
|t:|1760807226
|move|p1a: Bashō|Knock Off|p2a: Hatterene
|-damage|p2a: Hatterene|80/100
|-enditem|p2a: Hatterene|Custap Berry|[from] move: Knock Off|[of] p1a: Bashō
|move|p2a: Hatterene|Dazzling Gleam|p1a: Bashō
|-damage|p1a: Bashō|55/100 tox
|
|-heal|p1a: Bashō|68/100 tox|[from] ability: Poison Heal
|upkeep
|turn|34
|
|t:|1760807230
|move|p1a: Bashō|Protect|p1a: Bashō
|-singleturn|p1a: Bashō|Protect
|move|p2a: Hatterene|Psychic Noise|p1a: Bashō
|-activate|p1a: Bashō|move: Protect
|
|-heal|p1a: Bashō|80/100 tox|[from] ability: Poison Heal
|upkeep
|turn|35
|
|t:|1760807233
|switch|p1a: Tagore|Alomomola, L99, F, shiny|74/100
|move|p2a: Hatterene|Psychic Noise|p1a: Tagore
|-damage|p1a: Tagore|50/100
|-start|p1a: Tagore|move: Heal Block
|
|upkeep
|turn|36
|
|t:|1760807239
|move|p1a: Tagore|Flip Turn|p2a: Hatterene
|-damage|p2a: Hatterene|64/100
|
|t:|1760807244
|switch|p1a: Baudelaire|Corviknight, M, shiny|88/100|[from] Flip Turn
|-damage|p1a: Baudelaire|76/100|[from] Stealth Rock
|-ability|p1a: Baudelaire|Pressure
|move|p2a: Hatterene|Dazzling Gleam|p1a: Baudelaire
|-resisted|p1a: Baudelaire
|-damage|p1a: Baudelaire|61/100
|
|-heal|p1a: Baudelaire|67/100|[from] item: Leftovers
|upkeep
|turn|37
|
|t:|1760807249
|move|p1a: Baudelaire|Substitute|p1a: Baudelaire
|-start|p1a: Baudelaire|Substitute
|-damage|p1a: Baudelaire|42/100
|move|p2a: Hatterene|Psychic Noise|p1a: Baudelaire
|-resisted|p1a: Baudelaire
|-damage|p1a: Baudelaire|29/100
|-start|p1a: Baudelaire|move: Heal Block
|
|upkeep
|turn|38
|
|t:|1760807255
|switch|p2a: Ting-Lu|Ting-Lu|100/100
|-ability|p2a: Ting-Lu|Vessel of Ruin
|move|p1a: Baudelaire|Protect||[still]
|-fail|p1a: Baudelaire
|
|-end|p1a: Baudelaire|move: Heal Block
|upkeep
|turn|39
|
|t:|1760807260
|move|p1a: Baudelaire|Roost|p1a: Baudelaire
|-heal|p1a: Baudelaire|79/100
|-singleturn|p1a: Baudelaire|move: Roost
|move|p2a: Ting-Lu|Spikes|p1a: Baudelaire
|-sidestart|p1: aslowpoem|Spikes
|
|-heal|p1a: Baudelaire|85/100|[from] item: Leftovers
|upkeep
|turn|40
|
|t:|1760807267
|switch|p1a: Bashō|Gliscor, F|80/100 tox
|-damage|p1a: Bashō|68/100 tox|[from] Stealth Rock
|move|p2a: Ting-Lu|Whirlwind|p1a: Bashō
|drag|p1a: Rimbaud|Clodsire, F|100/100
|
|upkeep
|turn|41
|
|t:|1760807276
|switch|p2a: Iron Treads|Iron Treads|84/100
|move|p1a: Rimbaud|Toxic|p2a: Iron Treads
|-immune|p2a: Iron Treads
|
|upkeep
|turn|42
|
|t:|1760807287
|-end|p2a: Iron Treads|Quark Drive|[silent]
|switch|p2a: Keldeo|Keldeo-Resolute|93/100
|switch|p1a: Baudelaire|Corviknight, M, shiny|85/100
|-damage|p1a: Baudelaire|73/100|[from] Stealth Rock
|-ability|p1a: Baudelaire|Pressure
|
|-heal|p1a: Baudelaire|79/100|[from] item: Leftovers
|upkeep
|turn|43
|
|t:|1760807289
|move|p1a: Baudelaire|Protect|p1a: Baudelaire
|-singleturn|p1a: Baudelaire|Protect
|move|p2a: Keldeo|Surf|p1a: Baudelaire
|-activate|p1a: Baudelaire|move: Protect
|
|-heal|p1a: Baudelaire|85/100|[from] item: Leftovers
|upkeep
|turn|44
|
|t:|1760807295
|switch|p1a: Tagore|Alomomola, L99, F, shiny|83/100
|-terastallize|p2a: Keldeo|Water
|move|p2a: Keldeo|Surf|p1a: Tagore
|-resisted|p1a: Tagore
|-damage|p1a: Tagore|47/100
|
|upkeep
|turn|45
|
|t:|1760807300
|move|p2a: Keldeo|Surf|p1a: Tagore
|-resisted|p1a: Tagore
|-damage|p1a: Tagore|14/100
|move|p1a: Tagore|Wish|p1a: Tagore
|
|upkeep
|turn|46
|
|t:|1760807305
|switch|p2a: Weavile|Weavile, F|75/100 tox
|-ability|p2a: Weavile|Pressure
|move|p1a: Tagore|Protect||[still]
|-fail|p1a: Tagore
|
|-heal|p1a: Tagore|64/100|[from] move: Wish|[wisher] Tagore
|-damage|p2a: Weavile|68/100 tox|[from] psn
|upkeep
|turn|47
|
|t:|1760807313
|move|p1a: Tagore|Protect|p1a: Tagore
|-singleturn|p1a: Tagore|Protect
|move|p2a: Weavile|Knock Off|p1a: Tagore
|-activate|p1a: Tagore|move: Protect
|
|-damage|p2a: Weavile|56/100 tox|[from] psn
|upkeep
|turn|48
|
|t:|1760807315
|switch|p1a: Keats|Pecharunt, tera:Grass|90/100
|-damage|p1a: Keats|78/100|[from] Stealth Rock
|-damage|p1a: Keats|66/100|[from] Spikes
|move|p2a: Weavile|Knock Off|p1a: Keats
|-damage|p1a: Keats|46/100
|-damage|p2a: Weavile|46/100 tox|[from] item: Life Orb
|
|-damage|p2a: Weavile|28/100 tox|[from] psn
|upkeep
|turn|49
|
|t:|1760807323
|move|p2a: Weavile|Knock Off|p1a: Keats
|-damage|p1a: Keats|28/100
|-damage|p2a: Weavile|18/100 tox|[from] item: Life Orb
|move|p1a: Keats|Recover|p1a: Keats
|-heal|p1a: Keats|78/100
|
|-damage|p2a: Weavile|0 fnt|[from] psn
|faint|p2a: Weavile
|upkeep
|
|t:|1760807333
|switch|p2a: Hatterene|Hatterene, F|64/100
|turn|50
|
|t:|1760807337
|switch|p1a: Tagore|Alomomola, L99, F, shiny|98/100
|move|p2a: Hatterene|Nuzzle|p1a: Tagore
|-supereffective|p1a: Tagore
|-damage|p1a: Tagore|92/100
|-status|p1a: Tagore|par
|
|upkeep
|turn|51
|
|t:|1760807345
|switch|p2a: Ting-Lu|Ting-Lu|100/100
|-ability|p2a: Ting-Lu|Vessel of Ruin
|cant|p1a: Tagore|par
|
|upkeep
|turn|52
|
|t:|1760807349
|switch|p1a: Bashō|Gliscor, F|68/100 tox
|-damage|p1a: Bashō|55/100 tox|[from] Stealth Rock
|move|p2a: Ting-Lu|Spikes|p1a: Bashō
|-sidestart|p1: aslowpoem|Spikes
|
|-heal|p1a: Bashō|68/100 tox|[from] ability: Poison Heal
|upkeep
|turn|53
|
|t:|1760807356
|switch|p2a: Hatterene|Hatterene, F|64/100
|move|p1a: Bashō|Knock Off|p2a: Hatterene
|-damage|p2a: Hatterene|52/100
|
|-heal|p1a: Bashō|80/100 tox|[from] ability: Poison Heal
|upkeep
|turn|54
|
|t:|1760807360
|move|p1a: Bashō|Protect|p1a: Bashō
|-singleturn|p1a: Bashō|Protect
|move|p2a: Hatterene|Psychic Noise|p1a: Bashō
|-activate|p1a: Bashō|move: Protect
|
|-heal|p1a: Bashō|93/100 tox|[from] ability: Poison Heal
|upkeep
|turn|55
|
|t:|1760807363
|switch|p1a: Tagore|Alomomola, L99, F, shiny|100/100 par
|move|p2a: Hatterene|Psychic Noise|p1a: Tagore
|-damage|p1a: Tagore|76/100 par
|-start|p1a: Tagore|move: Heal Block
|
|upkeep
|turn|56
|
|t:|1760807371
|switch|p2a: Ting-Lu|Ting-Lu|100/100
|-ability|p2a: Ting-Lu|Vessel of Ruin
|move|p1a: Tagore|Flip Turn|p2a: Ting-Lu
|-supereffective|p2a: Ting-Lu
|-damage|p2a: Ting-Lu|84/100
|-damage|p1a: Tagore|60/100 par|[from] item: Rocky Helmet|[of] p2a: Ting-Lu
|
|t:|1760807375
|switch|p1a: Bashō|Gliscor, F|93/100 tox|[from] Flip Turn
|-damage|p1a: Bashō|80/100 tox|[from] Stealth Rock
|
|-heal|p1a: Bashō|93/100 tox|[from] ability: Poison Heal
|upkeep
|turn|57
|
|t:|1760807377
|switch|p2a: Iron Treads|Iron Treads|84/100
|move|p1a: Bashō|Knock Off|p2a: Iron Treads
|-damage|p2a: Iron Treads|72/100
|
|-heal|p1a: Bashō|100/100 tox|[from] ability: Poison Heal
|upkeep
|turn|58
|
|t:|1760807381
|switch|p1a: Tagore|Alomomola, L99, F, shiny|93/100 par
|move|p2a: Iron Treads|Stealth Rock||[still]
|-fail|p2a: Iron Treads
|
|upkeep
|turn|59
|
|t:|1760807385
|move|p2a: Iron Treads|Earthquake|p1a: Tagore
|-damage|p1a: Tagore|55/100 par
|move|p1a: Tagore|Flip Turn|p2a: Iron Treads
|-supereffective|p2a: Iron Treads
|-damage|p2a: Iron Treads|47/100
|
|t:|1760807389
|switch|p1a: Baudelaire|Corviknight, M, shiny|85/100|[from] Flip Turn
|-damage|p1a: Baudelaire|73/100|[from] Stealth Rock
|-ability|p1a: Baudelaire|Pressure
|
|-heal|p1a: Baudelaire|79/100|[from] item: Leftovers
|upkeep
|turn|60
|
|t:|1760807392
|-end|p2a: Iron Treads|Quark Drive|[silent]
|switch|p2a: Keldeo|Keldeo-Resolute, tera:Water|93/100
|switch|p1a: Tagore|Alomomola, L99, F, shiny|89/100 par
|
|upkeep
|turn|61
|
|t:|1760807395
|move|p1a: Tagore|Protect|p1a: Tagore
|-singleturn|p1a: Tagore|Protect
|move|p2a: Keldeo|Secret Sword|p1a: Tagore
|-activate|p1a: Tagore|move: Protect
|
|upkeep
|turn|62
|
|t:|1760807399
|switch|p1a: Bashō|Gliscor, F|100/100 tox
|-damage|p1a: Bashō|88/100 tox|[from] Stealth Rock
|move|p2a: Keldeo|Secret Sword|p1a: Bashō
|-resisted|p1a: Bashō
|-damage|p1a: Bashō|67/100 tox
|
|-heal|p1a: Bashō|80/100 tox|[from] ability: Poison Heal
|upkeep
|turn|63
|
|t:|1760807403
|switch|p2a: Iron Treads|Iron Treads|47/100
|move|p1a: Bashō|Knock Off|p2a: Iron Treads
|-damage|p2a: Iron Treads|34/100
|
|-heal|p1a: Bashō|92/100 tox|[from] ability: Poison Heal
|upkeep
|turn|64
|
|t:|1760807409
|-end|p2a: Iron Treads|Quark Drive|[silent]
|switch|p2a: Keldeo|Keldeo-Resolute, tera:Water|93/100
|switch|p1a: Tagore|Alomomola, L99, F, shiny|100/100 par
|
|upkeep
|turn|65
|
|t:|1760807411
|cant|p1a: Tagore|par
|move|p2a: Keldeo|Secret Sword|p1a: Tagore
|-damage|p1a: Tagore|50/100 par
|
|upkeep
|turn|66
|
|t:|1760807441
|switch|p2a: Hatterene|Hatterene, F|52/100
|switch|p1a: Bashō|Gliscor, F|92/100 tox
|-damage|p1a: Bashō|80/100 tox|[from] Stealth Rock
|
|-heal|p1a: Bashō|92/100 tox|[from] ability: Poison Heal
|upkeep
|turn|67
|
|t:|1760807447
|switch|p1a: Tagore|Alomomola, L99, F, shiny|83/100 par
|move|p2a: Hatterene|Psychic Noise|p1a: Tagore
|-damage|p1a: Tagore|58/100 par
|-start|p1a: Tagore|move: Heal Block
|
|upkeep
|turn|68
|
|t:|1760807452
|move|p2a: Hatterene|Dazzling Gleam|p1a: Tagore
|-damage|p1a: Tagore|32/100 par
|move|p1a: Tagore|Flip Turn|p2a: Hatterene
|-damage|p2a: Hatterene|36/100
|
|t:|1760807456
|switch|p1a: Baudelaire|Corviknight, M, shiny|79/100|[from] Flip Turn
|-damage|p1a: Baudelaire|66/100|[from] Stealth Rock
|-ability|p1a: Baudelaire|Pressure
|
|-heal|p1a: Baudelaire|72/100|[from] item: Leftovers
|upkeep
|turn|69
|
|t:|1760807460
|switch|p2a: Keldeo|Keldeo-Resolute, tera:Water|93/100
|move|p1a: Baudelaire|Substitute|p1a: Baudelaire
|-start|p1a: Baudelaire|Substitute
|-damage|p1a: Baudelaire|48/100
|
|-heal|p1a: Baudelaire|54/100|[from] item: Leftovers
|upkeep
|turn|70
|
|t:|1760807462
|move|p1a: Baudelaire|Protect|p1a: Baudelaire
|-singleturn|p1a: Baudelaire|Protect
|move|p2a: Keldeo|Surf|p1a: Baudelaire
|-activate|p1a: Baudelaire|move: Protect
|
|-heal|p1a: Baudelaire|60/100|[from] item: Leftovers
|upkeep
|turn|71
|
|t:|1760807466
|move|p2a: Keldeo|Surf|p1a: Baudelaire
|-end|p1a: Baudelaire|Substitute
|move|p1a: Baudelaire|Roost|p1a: Baudelaire
|-heal|p1a: Baudelaire|100/100
|-singleturn|p1a: Baudelaire|move: Roost
|
|upkeep
|turn|72
|
|t:|1760807471
|move|p1a: Baudelaire|Protect|p1a: Baudelaire
|-singleturn|p1a: Baudelaire|Protect
|move|p2a: Keldeo|Surf|p1a: Baudelaire
|-activate|p1a: Baudelaire|move: Protect
|
|upkeep
|turn|73
|
|t:|1760807478
|switch|p1a: Tagore|Alomomola, L99, F, shiny|65/100 par
|move|p2a: Keldeo|Surf|p1a: Tagore
|-resisted|p1a: Tagore
|-damage|p1a: Tagore|30/100 par
|
|upkeep
|turn|74
|
|t:|1760807499
|switch|p1a: Keats|Pecharunt, tera:Grass|78/100
|-damage|p1a: Keats|65/100|[from] Stealth Rock
|-damage|p1a: Keats|49/100|[from] Spikes
|move|p2a: Keldeo|Surf|p1a: Keats
|-resisted|p1a: Keats
|-damage|p1a: Keats|4/100
|
|upkeep
|turn|75
|
|t:|1760807504
|move|p2a: Keldeo|Surf|p1a: Keats
|-resisted|p1a: Keats
|-damage|p1a: Keats|0 fnt
|faint|p1a: Keats
|
|upkeep
|
|t:|1760807505
|switch|p1a: Tagore|Alomomola, L99, F, shiny|64/100 par
|turn|76
|
|t:|1760807518
|move|p2a: Keldeo|Surf|p1a: Tagore
|-resisted|p1a: Tagore
|-damage|p1a: Tagore|29/100 par
|move|p1a: Tagore|Wish|p1a: Tagore
|
|upkeep
|turn|77
|
|t:|1760807521
|move|p1a: Tagore|Protect|p1a: Tagore
|-singleturn|p1a: Tagore|Protect
|move|p2a: Keldeo|Surf|p1a: Tagore
|-activate|p1a: Tagore|move: Protect
|
|-heal|p1a: Tagore|79/100 par|[from] move: Wish|[wisher] Tagore
|upkeep
|turn|78
|
|t:|1760807524
|move|p2a: Keldeo|Surf|p1a: Tagore
|-resisted|p1a: Tagore
|-crit|p1a: Tagore
|-damage|p1a: Tagore|24/100 par
|move|p1a: Tagore|Wish|p1a: Tagore
|
|upkeep
|turn|79
|
|t:|1760807526
|move|p1a: Tagore|Protect|p1a: Tagore
|-singleturn|p1a: Tagore|Protect
|move|p2a: Keldeo|Surf|p1a: Tagore
|-activate|p1a: Tagore|move: Protect
|
|-heal|p1a: Tagore|74/100 par|[from] move: Wish|[wisher] Tagore
|upkeep
|turn|80
|
|t:|1760807538
|switch|p2a: Dragonite|Dragonite, M|100/100
|move|p1a: Tagore|Wish|p1a: Tagore
|
|upkeep
|turn|81
|
|t:|1760807540
|move|p1a: Tagore|Scald|p2a: Dragonite
|-resisted|p2a: Dragonite
|-damage|p2a: Dragonite|98/100
|move|p2a: Dragonite|Dragon Tail|p1a: Tagore
|-damage|p1a: Tagore|47/100 par
|drag|p1a: Whitman|Dondozo, F|100/100
|
|upkeep
|turn|82
|
|t:|1760807558
|switch|p1a: Bashō|Gliscor, F|92/100 tox
|-damage|p1a: Bashō|80/100 tox|[from] Stealth Rock
|move|p2a: Dragonite|Hurricane|p1a: Bashō|[miss]
|-miss|p2a: Dragonite|p1a: Bashō
|
|-heal|p1a: Bashō|92/100 tox|[from] ability: Poison Heal
|upkeep
|turn|83
|
|t:|1760807563
|switch|p2a: Iron Treads|Iron Treads|34/100
|move|p1a: Bashō|Toxic|p2a: Iron Treads
|-immune|p2a: Iron Treads
|
|-heal|p1a: Bashō|100/100 tox|[from] ability: Poison Heal
|upkeep
|turn|84
|
|t:|1760807571
|switch|p1a: Tagore|Alomomola, L99, F, shiny|81/100 par
|move|p2a: Iron Treads|Ice Spinner|p1a: Tagore
|-resisted|p1a: Tagore
|-damage|p1a: Tagore|70/100 par
|
|upkeep
|turn|85
|
|t:|1760807580
|switch|p1a: Baudelaire|Corviknight, M, shiny|100/100
|-damage|p1a: Baudelaire|88/100|[from] Stealth Rock
|-ability|p1a: Baudelaire|Pressure
|move|p2a: Iron Treads|Earthquake|p1a: Baudelaire
|-immune|p1a: Baudelaire
|
|-heal|p1a: Baudelaire|94/100|[from] item: Leftovers
|upkeep
|turn|86
|
|t:|1760807600
|-end|p2a: Iron Treads|Quark Drive|[silent]
|switch|p2a: Ting-Lu|Ting-Lu|84/100
|-ability|p2a: Ting-Lu|Vessel of Ruin
|switch|p1a: Tagore|Alomomola, L99, F, shiny|100/100 par
|
|upkeep
|turn|87
|
|t:|1760807603
|move|p2a: Ting-Lu|Ruination|p1a: Tagore
|-damage|p1a: Tagore|50/100 par
|cant|p1a: Tagore|par
|
|upkeep
|turn|88
|inactive|A Welcome Guest has 120 seconds left.
|
|t:|1760807659
|switch|p1a: Bashō|Gliscor, F|100/100 tox
|-damage|p1a: Bashō|88/100 tox|[from] Stealth Rock
|move|p2a: Ting-Lu|Earthquake|p1a: Bashō
|-immune|p1a: Bashō
|
|-heal|p1a: Bashō|100/100 tox|[from] ability: Poison Heal
|upkeep
|turn|89
|
|t:|1760807664
|switch|p2a: Iron Treads|Iron Treads|34/100
|move|p1a: Bashō|Knock Off|p2a: Iron Treads
|-crit|p2a: Iron Treads
|-damage|p2a: Iron Treads|14/100
|
|upkeep
|turn|90
|
|t:|1760807670
|-end|p2a: Iron Treads|Quark Drive|[silent]
|switch|p2a: Hatterene|Hatterene, F|36/100
|switch|p1a: Baudelaire|Corviknight, M, shiny|94/100
|-damage|p1a: Baudelaire|82/100|[from] Stealth Rock
|-ability|p1a: Baudelaire|Pressure
|
|-heal|p1a: Baudelaire|88/100|[from] item: Leftovers
|upkeep
|turn|91
|
|t:|1760807673
|move|p1a: Baudelaire|Substitute|p1a: Baudelaire
|-start|p1a: Baudelaire|Substitute
|-damage|p1a: Baudelaire|63/100
|move|p2a: Hatterene|Healing Wish|p2a: Hatterene
|faint|p2a: Hatterene
|
|-heal|p1a: Baudelaire|69/100|[from] item: Leftovers
|upkeep
|
|t:|1760807676
|switch|p2a: Iron Treads|Iron Treads|14/100
|-heal|p2a: Iron Treads|100/100|[from] move: Healing Wish
|turn|92
|
|t:|1760807678
|-end|p2a: Iron Treads|Quark Drive|[silent]
|switch|p2a: Ting-Lu|Ting-Lu|84/100
|-ability|p2a: Ting-Lu|Vessel of Ruin
|move|p1a: Baudelaire|Roost|p1a: Baudelaire
|-heal|p1a: Baudelaire|100/100
|-singleturn|p1a: Baudelaire|move: Roost
|
|upkeep
|turn|93
|
|t:|1760807686
|switch|p1a: Bashō|Gliscor, F|100/100 tox
|-damage|p1a: Bashō|88/100 tox|[from] Stealth Rock
|move|p2a: Ting-Lu|Whirlwind|p1a: Bashō
|drag|p1a: Baudelaire|Corviknight, M, shiny|100/100
|-damage|p1a: Baudelaire|88/100|[from] Stealth Rock
|-ability|p1a: Baudelaire|Pressure
|
|-heal|p1a: Baudelaire|94/100|[from] item: Leftovers
|upkeep
|turn|94
|
|t:|1760807692
|switch|p1a: Bashō|Gliscor, F|88/100 tox
|-damage|p1a: Bashō|75/100 tox|[from] Stealth Rock
|move|p2a: Ting-Lu|Ruination|p1a: Bashō
|-damage|p1a: Bashō|38/100 tox
|
|-heal|p1a: Bashō|50/100 tox|[from] ability: Poison Heal
|upkeep
|turn|95
|
|t:|1760807695
|switch|p2a: Iron Treads|Iron Treads|100/100
|move|p1a: Bashō|Spikes|p2a: Iron Treads
|-sidestart|p2: A Welcome Guest|Spikes
|
|-heal|p1a: Bashō|63/100 tox|[from] ability: Poison Heal
|upkeep
|turn|96
|
|t:|1760807699
|move|p1a: Bashō|Protect|p1a: Bashō
|-singleturn|p1a: Bashō|Protect
|move|p2a: Iron Treads|Rapid Spin|p1a: Bashō
|-activate|p1a: Bashō|move: Protect
|
|-heal|p1a: Bashō|75/100 tox|[from] ability: Poison Heal
|upkeep
|turn|97
|
|t:|1760807703
|move|p2a: Iron Treads|Rapid Spin|p1a: Bashō
|-damage|p1a: Bashō|66/100 tox
|-boost|p2a: Iron Treads|spe|1
|-sideend|p2: A Welcome Guest|Spikes|[from] move: Rapid Spin|[of] p2a: Iron Treads
|move|p1a: Bashō|Spikes|p2a: Iron Treads
|-sidestart|p2: A Welcome Guest|Spikes
|
|-heal|p1a: Bashō|78/100 tox|[from] ability: Poison Heal
|upkeep
|turn|98
|
|t:|1760807707
|move|p1a: Bashō|Protect|p1a: Bashō
|-singleturn|p1a: Bashō|Protect
|move|p2a: Iron Treads|Stealth Rock||[still]
|-fail|p2a: Iron Treads
|
|-heal|p1a: Bashō|91/100 tox|[from] ability: Poison Heal
|upkeep
|turn|99
|
|t:|1760807715
|move|p2a: Iron Treads|Ice Spinner|p1a: Bashō
|-supereffective|p1a: Bashō
|-damage|p1a: Bashō|28/100 tox
|move|p1a: Bashō|Spikes|p2a: Iron Treads
|-sidestart|p2: A Welcome Guest|Spikes
|
|-heal|p1a: Bashō|41/100 tox|[from] ability: Poison Heal
|upkeep
|turn|100
|
|t:|1760807719
|move|p1a: Bashō|Protect|p1a: Bashō
|-singleturn|p1a: Bashō|Protect
|move|p2a: Iron Treads|Stealth Rock||[still]
|-fail|p2a: Iron Treads
|
|-heal|p1a: Bashō|53/100 tox|[from] ability: Poison Heal
|upkeep
|turn|101
|
|t:|1760807721
|switch|p1a: Baudelaire|Corviknight, M, shiny|94/100
|-damage|p1a: Baudelaire|82/100|[from] Stealth Rock
|-ability|p1a: Baudelaire|Pressure
|move|p2a: Iron Treads|Ice Spinner|p1a: Baudelaire
|-damage|p1a: Baudelaire|62/100
|
|-heal|p1a: Baudelaire|68/100|[from] item: Leftovers
|upkeep
|turn|102
|
|t:|1760807726
|move|p2a: Iron Treads|Rapid Spin|p1a: Baudelaire
|-resisted|p1a: Baudelaire
|-damage|p1a: Baudelaire|61/100
|-boost|p2a: Iron Treads|spe|1
|-sideend|p2: A Welcome Guest|Spikes|[from] move: Rapid Spin|[of] p2a: Iron Treads
|move|p1a: Baudelaire|Spite|p2a: Iron Treads
|-activate|p2a: Iron Treads|move: Spite|Rapid Spin|4
|
|-heal|p1a: Baudelaire|67/100|[from] item: Leftovers
|upkeep
|turn|103
|
|t:|1760807730
|-end|p2a: Iron Treads|Quark Drive|[silent]
|switch|p2a: Keldeo|Keldeo-Resolute, tera:Water|93/100
|move|p1a: Baudelaire|Roost|p1a: Baudelaire
|-heal|p1a: Baudelaire|100/100
|-singleturn|p1a: Baudelaire|move: Roost
|
|upkeep
|turn|104
|
|t:|1760807734
|switch|p2a: Ting-Lu|Ting-Lu|84/100
|-ability|p2a: Ting-Lu|Vessel of Ruin
|move|p1a: Baudelaire|Protect||[still]
|-fail|p1a: Baudelaire
|
|upkeep
|turn|105
|
|t:|1760807738
|switch|p1a: Bashō|Gliscor, F|53/100 tox
|-damage|p1a: Bashō|41/100 tox|[from] Stealth Rock
|move|p2a: Ting-Lu|Whirlwind|p1a: Bashō
|drag|p1a: Rimbaud|Clodsire, F|100/100
|
|upkeep
|turn|106
|
|t:|1760807745
|switch|p2a: Iron Treads|Iron Treads|100/100
|switch|p1a: Tagore|Alomomola, L99, F, shiny|84/100 par
|
|upkeep
|turn|107
|
|t:|1760807756
|-end|p2a: Iron Treads|Quark Drive|[silent]
|switch|p2a: Ting-Lu|Ting-Lu|84/100
|-ability|p2a: Ting-Lu|Vessel of Ruin
|move|p1a: Tagore|Wish|p1a: Tagore
|
|upkeep
|turn|108
|
|t:|1760807758
|move|p2a: Ting-Lu|Ruination|p1a: Tagore
|-damage|p1a: Tagore|42/100 par
|move|p1a: Tagore|Flip Turn|p2a: Ting-Lu
|-supereffective|p2a: Ting-Lu
|-damage|p2a: Ting-Lu|67/100
|-damage|p1a: Tagore|25/100 par|[from] item: Rocky Helmet|[of] p2a: Ting-Lu
|
|t:|1760807762
|switch|p1a: Bashō|Gliscor, F|41/100 tox|[from] Flip Turn
|-damage|p1a: Bashō|28/100 tox|[from] Stealth Rock
|
|-heal|p1a: Bashō|100/100 tox|[from] move: Wish|[wisher] Tagore
|upkeep
|turn|109
|
|t:|1760807764
|switch|p2a: Iron Treads|Iron Treads|100/100
|move|p1a: Bashō|Spikes|p2a: Iron Treads
|-sidestart|p2: A Welcome Guest|Spikes
|
|upkeep
|turn|110
|
|t:|1760807767
|switch|p1a: Baudelaire|Corviknight, M, shiny|100/100
|-damage|p1a: Baudelaire|88/100|[from] Stealth Rock
|-ability|p1a: Baudelaire|Pressure
|move|p2a: Iron Treads|Stealth Rock||[still]
|-fail|p2a: Iron Treads
|
|-heal|p1a: Baudelaire|94/100|[from] item: Leftovers
|upkeep
|turn|111
|
|t:|1760807774
|-end|p2a: Iron Treads|Quark Drive|[silent]
|switch|p2a: Dragonite|Dragonite, M|98/100
|move|p1a: Baudelaire|Spite||[still]
|-fail|p1a: Baudelaire
|
|-heal|p1a: Baudelaire|99/100|[from] item: Leftovers
|upkeep
|turn|112
|
|t:|1760807777
|switch|p1a: Tagore|Alomomola, L99, F, shiny|59/100 par
|move|p2a: Dragonite|Dragon Tail|p1a: Tagore
|-damage|p1a: Tagore|29/100 par
|drag|p1a: Rimbaud|Clodsire, F|100/100
|
|upkeep
|turn|113
|
|t:|1760807787
|move|p2a: Dragonite|Earthquake|p1a: Rimbaud
|-supereffective|p1a: Rimbaud
|-damage|p1a: Rimbaud|22/100
|move|p1a: Rimbaud|Toxic|p2a: Dragonite
|-status|p2a: Dragonite|tox
|
|-damage|p2a: Dragonite|92/100 tox|[from] psn
|upkeep
|turn|114
|
|t:|1760807792
|switch|p1a: Baudelaire|Corviknight, M, shiny|99/100
|-damage|p1a: Baudelaire|88/100|[from] Stealth Rock
|-ability|p1a: Baudelaire|Pressure
|move|p2a: Dragonite|Dragon Tail|p1a: Baudelaire
|-resisted|p1a: Baudelaire
|-damage|p1a: Baudelaire|74/100
|drag|p1a: Bashō|Gliscor, F|100/100 tox
|-damage|p1a: Bashō|88/100 tox|[from] Stealth Rock
|
|-heal|p1a: Bashō|100/100 tox|[from] ability: Poison Heal
|-damage|p2a: Dragonite|80/100 tox|[from] psn
|upkeep
|turn|115
|
|t:|1760807803
|move|p1a: Bashō|Protect|p1a: Bashō
|-singleturn|p1a: Bashō|Protect
|move|p2a: Dragonite|Hurricane|p1a: Bashō
|-activate|p1a: Bashō|move: Protect
|
|-damage|p2a: Dragonite|62/100 tox|[from] psn
|upkeep
|turn|116
|
|t:|1760807806
|switch|p1a: Baudelaire|Corviknight, M, shiny|74/100
|-damage|p1a: Baudelaire|62/100|[from] Stealth Rock
|-ability|p1a: Baudelaire|Pressure
|move|p2a: Dragonite|Hurricane|p1a: Baudelaire|[miss]
|-miss|p2a: Dragonite|p1a: Baudelaire
|
|-heal|p1a: Baudelaire|68/100|[from] item: Leftovers
|-damage|p2a: Dragonite|37/100 tox|[from] psn
|upkeep
|turn|117
|
|t:|1760807811
|move|p1a: Baudelaire|Roost|p1a: Baudelaire
|-heal|p1a: Baudelaire|100/100
|-singleturn|p1a: Baudelaire|move: Roost
|move|p2a: Dragonite|Dragon Tail|p1a: Baudelaire
|-resisted|p1a: Baudelaire
|-damage|p1a: Baudelaire|86/100
|drag|p1a: Bashō|Gliscor, F|100/100 tox
|-damage|p1a: Bashō|88/100 tox|[from] Stealth Rock
|
|-heal|p1a: Bashō|100/100 tox|[from] ability: Poison Heal
|-damage|p2a: Dragonite|6/100 tox|[from] psn
|upkeep
|turn|118
|
|t:|1760807814
|move|p1a: Bashō|Protect|p1a: Bashō
|-singleturn|p1a: Bashō|Protect
|move|p2a: Dragonite|Extreme Speed|p1a: Bashō
|-activate|p1a: Bashō|move: Protect
|
|-damage|p2a: Dragonite|0 fnt|[from] psn
|faint|p2a: Dragonite
|upkeep
|
|t:|1760807815
|switch|p2a: Keldeo|Keldeo-Resolute, tera:Water|93/100
|-damage|p2a: Keldeo|81/100|[from] Spikes
|turn|119
|
|t:|1760807818
|switch|p1a: Rimbaud|Clodsire, F|22/100
|move|p2a: Keldeo|Surf|p1a: Rimbaud
|-supereffective|p1a: Rimbaud
|-damage|p1a: Rimbaud|0 fnt
|faint|p1a: Rimbaud
|
|upkeep
|
|t:|1760807823
|switch|p1a: Baudelaire|Corviknight, M, shiny|86/100
|-damage|p1a: Baudelaire|74/100|[from] Stealth Rock
|-ability|p1a: Baudelaire|Pressure
|turn|120
|
|t:|1760807826
|move|p1a: Baudelaire|Protect|p1a: Baudelaire
|-singleturn|p1a: Baudelaire|Protect
|move|p2a: Keldeo|Surf|p1a: Baudelaire
|-activate|p1a: Baudelaire|move: Protect
|
|-heal|p1a: Baudelaire|80/100|[from] item: Leftovers
|upkeep
|turn|121
|
|t:|1760807829
|switch|p1a: Tagore|Alomomola, L99, F, shiny|62/100 par
|move|p2a: Keldeo|Surf|p1a: Tagore
|-resisted|p1a: Tagore
|-damage|p1a: Tagore|25/100 par
|
|upkeep
|turn|122
|
|t:|1760807840
|switch|p1a: Whitman|Dondozo, F|100/100
|move|p2a: Keldeo|Surf|p1a: Whitman
|-resisted|p1a: Whitman
|-damage|p1a: Whitman|57/100
|
|upkeep
|turn|123
|
|t:|1760807854
|switch|p2a: Ting-Lu|Ting-Lu|67/100
|-damage|p2a: Ting-Lu|54/100|[from] Spikes
|-ability|p2a: Ting-Lu|Vessel of Ruin
|move|p1a: Whitman|Rest|p1a: Whitman
|-status|p1a: Whitman|slp|[from] move: Rest
|-heal|p1a: Whitman|100/100 slp|[silent]
|
|upkeep
|turn|124
|-message|A Welcome Guest forfeited.
|
|win|aslowpoem
|raw|aslowpoem's rating: 1713 &rarr; <strong>1739</strong><br />(+26 for winning)
|raw|A Welcome Guest's rating: 1825 &rarr; <strong>1799</strong><br />(-26 for losing)
|l|☆A Welcome Guest
|player|p2|
|l|☆aslowpoem
|player|p1|
|l| Disscratch
