|j|☆Magolor16
|j|☆skmtmzaka
|t:|1760852491
|gametype|singles
|player|p1|Magolor16|1|1277
|player|p2|skmtmzaka|scientist-gen4|1300
|gen|9
|tier|[Gen 9] OU
|rated|
|rule|HP Percentage Mod: HP is shown in percentages
|rule|Endless Battle Clause: Forcing endless battles is banned
|rule|Species Clause: Limit one of each Pokémon
|rule|OHKO Clause: OHKO moves are banned
|rule|Evasion Items Clause: Evasion items are banned
|rule|Evasion Moves Clause: Evasion moves are banned
|rule|Evasion Abilities Clause: Evasion abilities are banned
|rule|Sleep Moves Clause: Sleep-inducing moves are banned
|clearpoke
|poke|p1|Luxray, M|
|poke|p1|Hawlucha, M|
|poke|p1|Iron Moth|
|poke|p1|Rillaboom, M|
|poke|p1|Iron Treads|
|poke|p1|Serperior, F|
|poke|p2|Gliscor, F|
|poke|p2|Blissey, F|
|poke|p2|Corviknight, M|
|poke|p2|Toxapex, M|
|poke|p2|Clodsire, F|
|poke|p2|Dondozo, F|
|teampreview
|inactive|Battle timer is ON: inactive players will automatically lose when time's up. (requested by skmtmzaka)
|j| Jinghan Yu
|l| Jinghan Yu
|l|☆skmtmzaka
|inactive|skmtmzaka disconnected and has a minute to reconnect!
|player|p2|
|j| Jinghan Yu
|j|☆skmtmzaka
|inactive|skmtmzaka reconnected and has 140 seconds left.
|player|p2|skmtmzaka|scientist-gen4|
|l| Jinghan Yu
|
|t:|1760852506
|teamsize|p1|6
|teamsize|p2|6
|start
|switch|p1a: Tronphan|Iron Treads|100/100
|switch|p2a: Gliscor|Gliscor, F|100/100
|turn|1
|
|t:|1760852513
|move|p2a: Gliscor|Protect|p2a: Gliscor
|-singleturn|p2a: Gliscor|Protect
|move|p1a: Tronphan|Stealth Rock|p2a: Gliscor
|-sidestart|p2: skmtmzaka|move: Stealth Rock
|
|-status|p2a: Gliscor|tox|[from] item: Toxic Orb
|upkeep
|turn|2
|
|t:|1760852522
|-end|p1a: Tronphan|Quark Drive|[silent]
|switch|p1a: Nagini|Serperior, F, shiny|100/100
|switch|p2a: Toxapex|Toxapex, M|100/100
|-damage|p2a: Toxapex|88/100|[from] Stealth Rock
|
|upkeep
|turn|3
|
|t:|1760852529
|switch|p2a: Blissey|Blissey, F|100/100
|-damage|p2a: Blissey|88/100|[from] Stealth Rock
|move|p1a: Nagini|Substitute|p1a: Nagini
|-start|p1a: Nagini|Substitute
|-damage|p1a: Nagini|76/100
|
|-heal|p1a: Nagini|82/100|[from] item: Leftovers
|upkeep
|turn|4
|
|t:|1760852540
|move|p1a: Nagini|Glare|p2a: Blissey
|-status|p2a: Blissey|par
|move|p2a: Blissey|Seismic Toss|p1a: Nagini
|-end|p1a: Nagini|Substitute
|
|-heal|p1a: Nagini|88/100|[from] item: Leftovers
|upkeep
|turn|5
|
|t:|1760852550
|switch|p1a: Simba|Luxray, M|100/100
|cant|p2a: Blissey|par
|
|-status|p1a: Simba|brn|[from] item: Flame Orb
|upkeep
|turn|6
|
|t:|1760852558
|-curestatus|p2a: Blissey|par|[from] ability: Natural Cure
|switch|p2a: Toxapex|Toxapex, M|100/100
|-damage|p2a: Toxapex|88/100|[from] Stealth Rock
|move|p1a: Simba|Trailblaze|p2a: Toxapex
|-damage|p2a: Toxapex|70/100
|-boost|p1a: Simba|spe|1
|-damage|p1a: Simba|84/100 brn|[from] item: Rocky Helmet|[of] p2a: Toxapex
|
|-damage|p1a: Simba|78/100 brn|[from] brn
|upkeep
|turn|7
|
|t:|1760852576
|switch|p2a: Clodsire|Clodsire, F|100/100
|move|p1a: Simba|Ice Fang|p2a: Clodsire
|-supereffective|p2a: Clodsire
|-damage|p2a: Clodsire|34/100
|
|-damage|p1a: Simba|72/100 brn|[from] brn
|upkeep
|turn|8
|
|t:|1760852587
|switch|p2a: Dondozo|Dondozo, F|100/100
|-damage|p2a: Dondozo|88/100|[from] Stealth Rock
|move|p1a: Simba|Supercell Slam|p2a: Dondozo
|-supereffective|p2a: Dondozo
|-damage|p2a: Dondozo|20/100
|
|-heal|p2a: Dondozo|26/100|[from] item: Leftovers
|-damage|p1a: Simba|66/100 brn|[from] brn
|upkeep
|turn|9
|-message|skmtmzaka forfeited.
|
|win|Magolor16
|raw|Magolor16's rating: 1277 &rarr; <strong>1304</strong><br />(+27 for winning)
|raw|skmtmzaka's rating: 1300 &rarr; <strong>1273</strong><br />(-27 for losing)
|l|☆skmtmzaka
|player|p2|
|c|☆Magolor16|gg
|l|☆Magolor16
|player|p1|
