|j|☆Scoobenvonduben
|j|☆chopianist16
|t:|1760821468
|gametype|singles
|player|p1|Scoobenvonduben|brawly|1420
|player|p2|chopianist16|palmer|1425
|gen|9
|tier|[Gen 9] OU
|rated|
|rule|HP Percentage Mod: HP is shown in percentages
|rule|Endless Battle Clause: Forcing endless battles is banned
|rule|Species Clause: Limit one of each Pokémon
|rule|OHKO Clause: OHKO moves are banned
|rule|Evasion Items Clause: Evasion items are banned
|rule|Evasion Moves Clause: Evasion moves are banned
|rule|Evasion Abilities Clause: Evasion abilities are banned
|rule|Sleep Moves Clause: Sleep-inducing moves are banned
|clearpoke
|poke|p1|Blissey, F|
|poke|p1|Skeledirge, F|
|poke|p1|Gliscor, M|
|poke|p1|Gyarados, M|
|poke|p1|Corviknight, F|
|poke|p1|Grafaiai, M|
|poke|p2|Zamazenta-*|
|poke|p2|Pecharunt|
|poke|p2|Zapdos|
|poke|p2|Deoxys-Speed|
|poke|p2|Iron Treads|
|poke|p2|Darkrai|
|teampreview
|
|t:|1760821475
|teamsize|p1|6
|teamsize|p2|6
|start
|switch|p1a: Gliscor|Gliscor, M, shiny|100/100
|switch|p2a: Zapdos|Zapdos|100/100
|turn|1
|
|t:|1760821498
|switch|p2a: Darkrai|Darkrai|100/100
|move|p1a: Gliscor|Protect||[still]
|-fail|p1a: Gliscor
|
|-status|p1a: Gliscor|tox|[from] item: Toxic Orb
|upkeep
|turn|2
|
|t:|1760821514
|move|p1a: Gliscor|Protect|p1a: Gliscor
|-singleturn|p1a: Gliscor|Protect
|move|p2a: Darkrai|Trick|p1a: Gliscor
|-activate|p1a: Gliscor|move: Protect
|
|upkeep
|turn|3
|
|t:|1760821538
|switch|p2a: Deoxys|Deoxys-Speed|100/100
|-ability|p2a: Deoxys|Pressure
|move|p1a: Gliscor|Spikes|p2a: Deoxys
|-sidestart|p2: chopianist16|Spikes
|
|upkeep
|turn|4
|
|t:|1760821546
|move|p1a: Gliscor|Protect|p1a: Gliscor
|-singleturn|p1a: Gliscor|Protect
|move|p2a: Deoxys|Stealth Rock|p1a: Gliscor
|-sidestart|p1: Scoobenvonduben|move: Stealth Rock
|
|upkeep
|turn|5
|
|t:|1760821552
|move|p2a: Deoxys|Psychic Noise|p1a: Gliscor
|-damage|p1a: Gliscor|78/100 tox
|-start|p1a: Gliscor|move: Heal Block
|move|p1a: Gliscor|Toxic|p2a: Deoxys|[miss]
|-miss|p1a: Gliscor|p2a: Deoxys
|
|upkeep
|turn|6
|
|t:|1760821570
|move|p2a: Deoxys|Taunt|p1a: Gliscor
|-start|p1a: Gliscor|move: Taunt
|cant|p1a: Gliscor|move: Taunt|Toxic
|
|-end|p1a: Gliscor|move: Heal Block
|upkeep
|turn|7
|
|t:|1760821577
|move|p2a: Deoxys|Psychic Noise|p1a: Gliscor
|-damage|p1a: Gliscor|57/100 tox
|-start|p1a: Gliscor|move: Heal Block
|move|p1a: Gliscor|Earthquake|p2a: Deoxys
|-damage|p2a: Deoxys|71/100
|
|upkeep
|turn|8
|
|t:|1760821594
|switch|p1a: Blissey|Blissey, F|100/100
|-damage|p1a: Blissey|88/100|[from] Stealth Rock
|move|p2a: Deoxys|Psychic Noise|p1a: Blissey
|-damage|p1a: Blissey|78/100
|-start|p1a: Blissey|move: Heal Block
|
|upkeep
|turn|9
|
|t:|1760821605
|move|p2a: Deoxys|Knock Off|p1a: Blissey
|-damage|p1a: Blissey|60/100
|-enditem|p1a: Blissey|Leftovers|[from] move: Knock Off|[of] p2a: Deoxys
|move|p1a: Blissey|Seismic Toss|p2a: Deoxys
|-damage|p2a: Deoxys|38/100
|
|-end|p1a: Blissey|move: Heal Block
|upkeep
|turn|10
|inactive|Battle timer is ON: inactive players will automatically lose when time's up. (requested by Scoobenvonduben)
|
|t:|1760821665
|switch|p2a: Iron Treads|Iron Treads|100/100
|-damage|p2a: Iron Treads|88/100|[from] Spikes
|move|p1a: Blissey|Seismic Toss|p2a: Iron Treads
|-damage|p2a: Iron Treads|62/100
|
|upkeep
|turn|11
|
|t:|1760821681
|move|p2a: Iron Treads|Earthquake|p1a: Blissey
|-damage|p1a: Blissey|29/100
|move|p1a: Blissey|Soft-Boiled|p1a: Blissey
|-heal|p1a: Blissey|79/100
|
|upkeep
|turn|12
|inactive|Scoobenvonduben has 120 seconds left.
|
|t:|1760821717
|move|p2a: Iron Treads|Rapid Spin|p1a: Blissey
|-damage|p1a: Blissey|69/100
|-boost|p2a: Iron Treads|spe|1
|-sideend|p2: chopianist16|Spikes|[from] move: Rapid Spin|[of] p2a: Iron Treads
|move|p1a: Blissey|Soft-Boiled|p1a: Blissey
|-heal|p1a: Blissey|100/100
|
|upkeep
|turn|13
|inactive|Scoobenvonduben has 120 seconds left.
|
|t:|1760821728
|-end|p2a: Iron Treads|Quark Drive|[silent]
|switch|p2a: Pecharunt|Pecharunt|100/100
|move|p1a: Blissey|Seismic Toss|p2a: Pecharunt
|-immune|p2a: Pecharunt
|
|upkeep
|turn|14
|inactive|Scoobenvonduben has 120 seconds left.
|
|t:|1760821749
|move|p2a: Pecharunt|Hex|p1a: Blissey
|-immune|p1a: Blissey
|move|p1a: Blissey|Stealth Rock|p2a: Pecharunt
|-sidestart|p2: chopianist16|move: Stealth Rock
|
|upkeep
|turn|15
|
|t:|1760821754
|move|p2a: Pecharunt|Malignant Chain|p1a: Blissey
|-damage|p1a: Blissey|90/100
|-status|p1a: Blissey|tox
|-start|p1a: Blissey|confusion|[from] ability: Poison Puppeteer|[of] p2a: Pecharunt
|-activate|p1a: Blissey|confusion
|-damage|p1a: Blissey|89/100 tox|[from] confusion
|
|-damage|p1a: Blissey|83/100 tox|[from] psn
|upkeep
|turn|16
|
|t:|1760821766
|-curestatus|p1a: Blissey|tox|[from] ability: Natural Cure
|switch|p1a: Gliscor|Gliscor, M, shiny|57/100 tox
|-damage|p1a: Gliscor|45/100 tox|[from] Stealth Rock
|move|p2a: Pecharunt|Parting Shot|p1a: Gliscor
|-unboost|p1a: Gliscor|atk|1
|-unboost|p1a: Gliscor|spa|1
|inactive|chopianist16 has 120 seconds left.
|
|t:|1760821804
|switch|p2a: Iron Treads|Iron Treads|62/100|[from] Parting Shot
|-damage|p2a: Iron Treads|59/100|[from] Stealth Rock
|
|-heal|p1a: Gliscor|57/100 tox|[from] ability: Poison Heal
|upkeep
|turn|17
|
|t:|1760821821
|move|p1a: Gliscor|Protect|p1a: Gliscor
|-singleturn|p1a: Gliscor|Protect
|move|p2a: Iron Treads|Knock Off|p1a: Gliscor
|-activate|p1a: Gliscor|move: Protect
|
|-heal|p1a: Gliscor|70/100 tox|[from] ability: Poison Heal
|upkeep
|turn|18
|
|t:|1760821826
|move|p2a: Iron Treads|Ice Spinner|p1a: Gliscor
|-supereffective|p1a: Gliscor
|-damage|p1a: Gliscor|10/100 tox
|move|p1a: Gliscor|Earthquake|p2a: Iron Treads
|-supereffective|p2a: Iron Treads
|-damage|p2a: Iron Treads|29/100
|
|-heal|p1a: Gliscor|22/100 tox|[from] ability: Poison Heal
|upkeep
|turn|19
|inactive|chopianist16 has 120 seconds left.
|
|t:|1760821832
|move|p1a: Gliscor|Protect|p1a: Gliscor
|-singleturn|p1a: Gliscor|Protect
|move|p2a: Iron Treads|Rapid Spin|p1a: Gliscor
|-activate|p1a: Gliscor|move: Protect
|
|-heal|p1a: Gliscor|35/100 tox|[from] ability: Poison Heal
|upkeep
|turn|20
|
|t:|1760821846
|switch|p1a: Corviknight|Corviknight, F|100/100
|-damage|p1a: Corviknight|88/100|[from] Stealth Rock
|move|p2a: Iron Treads|Ice Spinner|p1a: Corviknight
|-damage|p1a: Corviknight|72/100
|
|-heal|p1a: Corviknight|79/100|[from] item: Leftovers
|upkeep
|turn|21
|
|t:|1760821854
|move|p2a: Iron Treads|Knock Off|p1a: Corviknight
|-damage|p1a: Corviknight|57/100
|-enditem|p1a: Corviknight|Leftovers|[from] move: Knock Off|[of] p2a: Iron Treads
|move|p1a: Corviknight|Iron Defense|p1a: Corviknight
|-boost|p1a: Corviknight|def|2
|
|upkeep
|turn|22
|
|t:|1760821870
|-end|p2a: Iron Treads|Quark Drive|[silent]
|switch|p2a: Zapdos|Zapdos|100/100
|move|p1a: Corviknight|Body Press|p2a: Zapdos
|-resisted|p2a: Zapdos
|-damage|p2a: Zapdos|87/100
|
|upkeep
|turn|23
|
|t:|1760821881
|switch|p1a: Blissey|Blissey, F|83/100
|-damage|p1a: Blissey|70/100|[from] Stealth Rock
|move|p2a: Zapdos|Hurricane|p1a: Blissey
|-damage|p1a: Blissey|52/100
|-start|p1a: Blissey|confusion
|
|upkeep
|turn|24
|
|t:|1760821889
|move|p2a: Zapdos|Thunder Wave|p1a: Blissey
|-status|p1a: Blissey|par
|-activate|p1a: Blissey|confusion
|-damage|p1a: Blissey|52/100 par|[from] confusion
|
|upkeep
|turn|25
|
|t:|1760821898
|move|p2a: Zapdos|Volt Switch|p1a: Blissey
|-damage|p1a: Blissey|41/100 par
|
|t:|1760821899
|switch|p2a: Iron Treads|Iron Treads|29/100|[from] Volt Switch
|-damage|p2a: Iron Treads|27/100|[from] Stealth Rock
|-activate|p1a: Blissey|confusion
|-damage|p1a: Blissey|41/100 par|[from] confusion
|
|upkeep
|turn|26
|
|t:|1760821907
|move|p2a: Iron Treads|Rapid Spin|p1a: Blissey
|-damage|p1a: Blissey|30/100 par
|-boost|p2a: Iron Treads|spe|1
|-sideend|p2: chopianist16|Stealth Rock|[from] move: Rapid Spin|[of] p2a: Iron Treads
|-end|p1a: Blissey|confusion
|move|p1a: Blissey|Soft-Boiled|p1a: Blissey
|-heal|p1a: Blissey|80/100 par
|
|upkeep
|turn|27
|
|t:|1760821913
|move|p2a: Iron Treads|Earthquake|p1a: Blissey
|-damage|p1a: Blissey|48/100 par
|cant|p1a: Blissey|par
|
|upkeep
|turn|28
|
|t:|1760821917
|move|p2a: Iron Treads|Earthquake|p1a: Blissey
|-damage|p1a: Blissey|15/100 par
|cant|p1a: Blissey|par
|
|upkeep
|turn|29
|
|t:|1760821937
|-curestatus|p1a: Blissey|par|[from] ability: Natural Cure
|switch|p1a: Corviknight|Corviknight, F|57/100
|-damage|p1a: Corviknight|45/100|[from] Stealth Rock
|move|p2a: Iron Treads|Earthquake|p1a: Corviknight
|-immune|p1a: Corviknight
|
|upkeep
|turn|30
|
|t:|1760821950
|-end|p2a: Iron Treads|Quark Drive|[silent]
|switch|p2a: Zapdos|Zapdos|87/100
|move|p1a: Corviknight|Roost|p1a: Corviknight
|-heal|p1a: Corviknight|95/100
|-singleturn|p1a: Corviknight|move: Roost
|
|upkeep
|turn|31
|
|t:|1760821955
|switch|p1a: Gliscor|Gliscor, M, shiny|35/100 tox
|-damage|p1a: Gliscor|22/100 tox|[from] Stealth Rock
|move|p2a: Zapdos|Thunder Wave|p1a: Gliscor
|-immune|p1a: Gliscor
|
|-heal|p1a: Gliscor|35/100 tox|[from] ability: Poison Heal
|upkeep
|turn|32
|
|t:|1760821963
|switch|p2a: Deoxys|Deoxys-Speed|38/100
|-ability|p2a: Deoxys|Pressure
|move|p1a: Gliscor|Protect||[still]
|-fail|p1a: Gliscor
|
|-heal|p1a: Gliscor|47/100 tox|[from] ability: Poison Heal
|upkeep
|turn|33
|
|t:|1760821972
|move|p1a: Gliscor|Protect|p1a: Gliscor
|-singleturn|p1a: Gliscor|Protect
|move|p2a: Deoxys|Psychic Noise|p1a: Gliscor
|-activate|p1a: Gliscor|move: Protect
|
|-heal|p1a: Gliscor|60/100 tox|[from] ability: Poison Heal
|upkeep
|turn|34
|
|t:|1760821992
|move|p2a: Deoxys|Taunt|p1a: Gliscor
|-start|p1a: Gliscor|move: Taunt
|move|p1a: Gliscor|Earthquake|p2a: Deoxys
|-damage|p2a: Deoxys|5/100
|
|-heal|p1a: Gliscor|72/100 tox|[from] ability: Poison Heal
|upkeep
|turn|35
|
|t:|1760822002
|switch|p1a: Corviknight|Corviknight, F|95/100
|-damage|p1a: Corviknight|82/100|[from] Stealth Rock
|move|p2a: Deoxys|Psychic Noise|p1a: Corviknight
|-resisted|p1a: Corviknight
|-damage|p1a: Corviknight|74/100
|-start|p1a: Corviknight|move: Heal Block
|
|upkeep
|turn|36
|
|t:|1760822029
|switch|p2a: Zapdos|Zapdos|87/100
|move|p1a: Corviknight|Body Press|p2a: Zapdos
|-resisted|p2a: Zapdos
|-damage|p2a: Zapdos|80/100
|-status|p1a: Corviknight|par|[from] ability: Static|[of] p2a: Zapdos
|
|-end|p1a: Corviknight|move: Heal Block
|upkeep
|turn|37
|
|t:|1760822051
|move|p2a: Zapdos|Hurricane|p1a: Corviknight
|-resisted|p1a: Corviknight
|-damage|p1a: Corviknight|58/100 par
|move|p1a: Corviknight|Roost|p1a: Corviknight
|-heal|p1a: Corviknight|100/100 par
|-singleturn|p1a: Corviknight|move: Roost
|
|upkeep
|turn|38
|
|t:|1760822056
|switch|p1a: Grafaiai|Grafaiai, M|100/100
|-damage|p1a: Grafaiai|88/100|[from] Stealth Rock
|move|p2a: Zapdos|Volt Switch|p1a: Grafaiai
|-damage|p1a: Grafaiai|61/100
|
|t:|1760822067
|switch|p2a: Deoxys|Deoxys-Speed|5/100|[from] Volt Switch
|-ability|p2a: Deoxys|Pressure
|
|-heal|p1a: Grafaiai|67/100|[from] item: Leftovers
|upkeep
|turn|39
|
|t:|1760822080
|-terastallize|p1a: Grafaiai|Dark
|move|p2a: Deoxys|Knock Off|p1a: Grafaiai
|-resisted|p1a: Grafaiai
|-damage|p1a: Grafaiai|52/100
|-enditem|p1a: Grafaiai|Leftovers|[from] move: Knock Off|[of] p2a: Deoxys
|move|p1a: Grafaiai|Knock Off|p2a: Deoxys
|-supereffective|p2a: Deoxys
|-enditem|p2a: Deoxys|Colbur Berry|[eat]
|-enditem|p2a: Deoxys|Colbur Berry|[weaken]
|-damage|p2a: Deoxys|0 fnt
|faint|p2a: Deoxys
|
|upkeep
|inactive|chopianist16 has 120 seconds left.
|
|t:|1760822134
|switch|p2a: Zapdos|Zapdos|80/100
|turn|40
|
|t:|1760822137
|move|p1a: Grafaiai|Protect|p1a: Grafaiai
|-singleturn|p1a: Grafaiai|Protect
|move|p2a: Zapdos|Thunder Wave|p1a: Grafaiai
|-activate|p1a: Grafaiai|move: Protect
|
|upkeep
|turn|41
|
|t:|1760822143
|move|p1a: Grafaiai|Encore|p2a: Zapdos
|-start|p2a: Zapdos|Encore
|move|p2a: Zapdos|Thunder Wave|p1a: Grafaiai
|-status|p1a: Grafaiai|par
|
|upkeep
|turn|42
|inactive|chopianist16 has 120 seconds left.
|inactive|chopianist16 has 90 seconds left.
|
|t:|1760822184
|switch|p2a: Darkrai|Darkrai|100/100
|switch|p1a: Blissey|Blissey, F|15/100
|-damage|p1a: Blissey|2/100|[from] Stealth Rock
|
|upkeep
|turn|43
|inactive|chopianist16 has 90 seconds left.
|
|t:|1760822195
|move|p2a: Darkrai|Dark Pulse|p1a: Blissey
|-damage|p1a: Blissey|0 fnt
|faint|p1a: Blissey
|
|upkeep
|
|t:|1760822200
|switch|p1a: Corviknight|Corviknight, F|100/100 par
|-damage|p1a: Corviknight|88/100 par|[from] Stealth Rock
|turn|44
|
|t:|1760822214
|switch|p2a: Zapdos|Zapdos|80/100
|move|p1a: Corviknight|Body Press|p2a: Zapdos
|-resisted|p2a: Zapdos
|-damage|p2a: Zapdos|73/100
|
|upkeep
|turn|45
|
|t:|1760822222
|switch|p1a: Gliscor|Gliscor, M, shiny|72/100 tox
|-damage|p1a: Gliscor|60/100 tox|[from] Stealth Rock
|move|p2a: Zapdos|Volt Switch|p1a: Gliscor
|-immune|p1a: Gliscor
|
|-heal|p1a: Gliscor|72/100 tox|[from] ability: Poison Heal
|upkeep
|turn|46
|
|t:|1760822242
|switch|p2a: Darkrai|Darkrai|100/100
|move|p1a: Gliscor|Toxic|p2a: Darkrai
|-status|p2a: Darkrai|tox
|
|-damage|p2a: Darkrai|94/100 tox|[from] psn
|-heal|p1a: Gliscor|85/100 tox|[from] ability: Poison Heal
|upkeep
|turn|47
|inactive|chopianist16 has 90 seconds left.
|
|t:|1760822258
|switch|p2a: Iron Treads|Iron Treads|27/100
|move|p1a: Gliscor|Earthquake|p2a: Iron Treads
|-supereffective|p2a: Iron Treads
|-crit|p2a: Iron Treads
|-damage|p2a: Iron Treads|0 fnt
|faint|p2a: Iron Treads
|-end|p2a: Iron Treads|Quark Drive|[silent]
|
|-heal|p1a: Gliscor|97/100 tox|[from] ability: Poison Heal
|upkeep
|inactive|chopianist16 has 90 seconds left.
|
|t:|1760822267
|switch|p2a: Pecharunt|Pecharunt|100/100
|turn|48
|
|t:|1760822273
|move|p1a: Gliscor|Protect|p1a: Gliscor
|-singleturn|p1a: Gliscor|Protect
|move|p2a: Pecharunt|Parting Shot|p1a: Gliscor
|-activate|p1a: Gliscor|move: Protect
|
|-heal|p1a: Gliscor|100/100 tox|[from] ability: Poison Heal
|upkeep
|turn|49
|
|t:|1760822278
|move|p2a: Pecharunt|Hex|p1a: Gliscor
|-damage|p1a: Gliscor|66/100 tox
|move|p1a: Gliscor|Spikes|p2a: Pecharunt
|-sidestart|p2: chopianist16|Spikes
|
|-heal|p1a: Gliscor|79/100 tox|[from] ability: Poison Heal
|upkeep
|turn|50
|
|t:|1760822296
|switch|p2a: Darkrai|Darkrai|94/100 tox
|-damage|p2a: Darkrai|82/100 tox|[from] Spikes
|move|p1a: Gliscor|Protect||[still]
|-fail|p1a: Gliscor
|
|-damage|p2a: Darkrai|76/100 tox|[from] psn
|-heal|p1a: Gliscor|91/100 tox|[from] ability: Poison Heal
|upkeep
|turn|51
|
|t:|1760822304
|move|p2a: Darkrai|Ice Beam|p1a: Gliscor
|-supereffective|p1a: Gliscor
|-crit|p1a: Gliscor
|-damage|p1a: Gliscor|0 fnt
|faint|p1a: Gliscor
|
|-damage|p2a: Darkrai|64/100 tox|[from] psn
|upkeep
|
|t:|1760822308
|switch|p1a: Gyarados|Gyarados, M, shiny|100/100
|-ability|p1a: Gyarados|Intimidate|boost
|-unboost|p2a: Darkrai|atk|1
|turn|52
|
|t:|1760822313
|switch|p2a: Zapdos|Zapdos|73/100
|move|p1a: Gyarados|Dragon Dance|p1a: Gyarados
|-boost|p1a: Gyarados|atk|1
|-boost|p1a: Gyarados|spe|1
|
|upkeep
|turn|53
|
|t:|1760822324
|move|p1a: Gyarados|Ice Fang|p2a: Zapdos
|-supereffective|p2a: Zapdos
|-damage|p2a: Zapdos|24/100
|-status|p1a: Gyarados|par|[from] ability: Static|[of] p2a: Zapdos
|move|p2a: Zapdos|Thunder Wave|p1a: Gyarados|[miss]
|-miss|p2a: Zapdos|p1a: Gyarados
|
|upkeep
|turn|54
|
|t:|1760822331
|move|p2a: Zapdos|Roost|p2a: Zapdos
|-heal|p2a: Zapdos|74/100
|-singleturn|p2a: Zapdos|move: Roost
|cant|p1a: Gyarados|par
|
|upkeep
|turn|55
|
|t:|1760822335
|move|p2a: Zapdos|Volt Switch|p1a: Gyarados
|-supereffective|p1a: Gyarados
|-damage|p1a: Gyarados|0 fnt
|faint|p1a: Gyarados
|
|t:|1760822359
|switch|p2a: Pecharunt|Pecharunt|100/100|[from] Volt Switch
|
|upkeep
|
|t:|1760822369
|switch|p1a: Skeledirge|Skeledirge, F|100/100
|-damage|p1a: Skeledirge|76/100|[from] Stealth Rock
|turn|56
|
|t:|1760822377
|move|p2a: Pecharunt|Parting Shot|p1a: Skeledirge
|-unboost|p1a: Skeledirge|atk|1
|-unboost|p1a: Skeledirge|spa|1
|
|t:|1760822385
|switch|p2a: Darkrai|Darkrai|64/100 tox|[from] Parting Shot
|-damage|p2a: Darkrai|51/100 tox|[from] Spikes
|move|p1a: Skeledirge|Torch Song|p2a: Darkrai
|-damage|p2a: Darkrai|24/100 tox
|-boost|p1a: Skeledirge|spa|1
|
|-heal|p1a: Skeledirge|82/100|[from] item: Leftovers
|-damage|p2a: Darkrai|18/100 tox|[from] psn
|upkeep
|turn|57
|
|t:|1760822391
|switch|p1a: Grafaiai|Grafaiai, M, tera:Dark|52/100 par
|-damage|p1a: Grafaiai|39/100 par|[from] Stealth Rock
|move|p2a: Darkrai|Dark Pulse|p1a: Grafaiai
|-resisted|p1a: Grafaiai
|-damage|p1a: Grafaiai|18/100 par
|
|-damage|p2a: Darkrai|6/100 tox|[from] psn
|upkeep
|turn|58
|
|t:|1760822414
|move|p1a: Grafaiai|Protect|p1a: Grafaiai
|-singleturn|p1a: Grafaiai|Protect
|move|p2a: Darkrai|Dark Pulse|p1a: Grafaiai
|-activate|p1a: Grafaiai|move: Protect
|
|-damage|p2a: Darkrai|0 fnt|[from] psn
|faint|p2a: Darkrai
|upkeep
|
|t:|1760822427
|switch|p2a: Pecharunt|Pecharunt|100/100
|turn|59
|
|t:|1760822444
|-terastallize|p2a: Pecharunt|Dark
|move|p2a: Pecharunt|Hex|p1a: Grafaiai
|-resisted|p1a: Grafaiai
|-damage|p1a: Grafaiai|1/100 par
|cant|p1a: Grafaiai|par
|
|upkeep
|turn|60
|
|t:|1760822454
|move|p2a: Pecharunt|Malignant Chain|p1a: Grafaiai
|-damage|p1a: Grafaiai|0 fnt
|faint|p1a: Grafaiai
|
|upkeep
|
|t:|1760822468
|switch|p1a: Skeledirge|Skeledirge, F|82/100
|-damage|p1a: Skeledirge|57/100|[from] Stealth Rock
|turn|61
|
|t:|1760822478
|move|p2a: Pecharunt|Malignant Chain|p1a: Skeledirge
|-resisted|p1a: Skeledirge
|-damage|p1a: Skeledirge|45/100
|-status|p1a: Skeledirge|tox
|-start|p1a: Skeledirge|confusion|[from] ability: Poison Puppeteer|[of] p2a: Pecharunt
|-activate|p1a: Skeledirge|confusion
|-damage|p1a: Skeledirge|40/100 tox|[from] confusion
|
|-heal|p1a: Skeledirge|46/100 tox|[from] item: Leftovers
|-damage|p1a: Skeledirge|40/100 tox|[from] psn
|upkeep
|turn|62
|-message|Scoobenvonduben forfeited.
|
|win|chopianist16
|raw|Scoobenvonduben's rating: 1420 &rarr; <strong>1400</strong><br />(-20 for losing)
|raw|chopianist16's rating: 1425 &rarr; <strong>1445</strong><br />(+20 for winning)
|l|☆Scoobenvonduben
|player|p1|
|c|☆chopianist16|gg
|l|☆chopianist16
|player|p2|
