|j|☆Sakuya2024
|j|☆Batzeus99
|t:|1760728660
|gametype|singles
|player|p1|Sakuya2024|102|1189
|player|p2|Batzeus99|lass|1218
|gen|9
|tier|[Gen 9] OU
|rated|
|rule|HP Percentage Mod: HP is shown in percentages
|rule|Endless Battle Clause: Forcing endless battles is banned
|rule|Species Clause: Limit one of each Pokémon
|rule|OHKO Clause: OHKO moves are banned
|rule|Evasion Items Clause: Evasion items are banned
|rule|Evasion Moves Clause: Evasion moves are banned
|rule|Evasion Abilities Clause: Evasion abilities are banned
|rule|Sleep Moves Clause: Sleep-inducing moves are banned
|clearpoke
|poke|p1|Landorus-Therian, M|
|poke|p1|Samurott-Hisui, M|
|poke|p1|Pecharunt|
|poke|p1|Scizor, F|
|poke|p1|Latios, M|
|poke|p1|Zamazenta-*|
|poke|p2|Gyarados, M|
|poke|p2|Scizor, M|
|poke|p2|Gardevoir, F|
|poke|p2|Chandelure, M|
|poke|p2|Toxtricity, M|
|poke|p2|Kommo-o, M|
|teampreview
|
|t:|1760728688
|teamsize|p1|6
|teamsize|p2|6
|start
|switch|p1a: Pecharunt|Pecharunt|100/100
|switch|p2a: Kommo-o|Kommo-o, M|100/100
|turn|1
|
|t:|1760728696
|move|p1a: Pecharunt|Malignant Chain|p2a: Kommo-o
|-damage|p2a: Kommo-o|73/100
|-status|p2a: Kommo-o|tox
|-start|p2a: Kommo-o|confusion|[from] ability: Poison Puppeteer|[of] p1a: Pecharunt
|-activate|p2a: Kommo-o|confusion
|-damage|p2a: Kommo-o|66/100 tox|[from] confusion
|
|-heal|p2a: Kommo-o|73/100 tox|[from] item: Leftovers
|-damage|p2a: Kommo-o|66/100 tox|[from] psn
|upkeep
|turn|2
|
|t:|1760728711
|move|p1a: Pecharunt|Parting Shot|p2a: Kommo-o
|-unboost|p2a: Kommo-o|atk|1
|-unboost|p2a: Kommo-o|spa|1
|
|t:|1760728716
|switch|p1a: Latios|Latios, M|100/100|[from] Parting Shot
|-activate|p2a: Kommo-o|confusion
|move|p2a: Kommo-o|Stealth Rock|p1a: Latios
|-sidestart|p1: Sakuya2024|move: Stealth Rock
|
|-heal|p2a: Kommo-o|73/100 tox|[from] item: Leftovers
|-damage|p2a: Kommo-o|60/100 tox|[from] psn
|upkeep
|turn|3
|
|t:|1760728725
|move|p1a: Latios|Calm Mind|p1a: Latios
|-boost|p1a: Latios|spa|1
|-boost|p1a: Latios|spd|1
|-activate|p2a: Kommo-o|confusion
|move|p2a: Kommo-o|Dragon Tail|p1a: Latios
|-supereffective|p1a: Latios
|-damage|p1a: Latios|58/100
|drag|p1a: Samurott|Samurott-Hisui, M|100/100
|-damage|p1a: Samurott|88/100|[from] Stealth Rock
|
|-heal|p2a: Kommo-o|66/100 tox|[from] item: Leftovers
|-damage|p2a: Kommo-o|48/100 tox|[from] psn
|upkeep
|turn|4
|
|t:|1760728738
|move|p1a: Samurott|Knock Off|p2a: Kommo-o
|-resisted|p2a: Kommo-o
|-damage|p2a: Kommo-o|32/100 tox
|-enditem|p2a: Kommo-o|Leftovers|[from] move: Knock Off|[of] p1a: Samurott
|-activate|p2a: Kommo-o|confusion
|move|p2a: Kommo-o|Body Press|p1a: Samurott
|-supereffective|p1a: Samurott
|-damage|p1a: Samurott|0 fnt
|faint|p1a: Samurott
|
|-damage|p2a: Kommo-o|7/100 tox|[from] psn
|upkeep
|
|t:|1760728747
|switch|p1a: Landorus|Landorus-Therian, M|100/100
|-ability|p1a: Landorus|Intimidate|boost
|-unboost|p2a: Kommo-o|atk|1
|turn|5
|
|t:|1760728754
|move|p1a: Landorus|Stealth Rock|p2a: Kommo-o
|-sidestart|p2: Batzeus99|move: Stealth Rock
|-end|p2a: Kommo-o|confusion
|move|p2a: Kommo-o|Dragon Tail|p1a: Landorus
|-damage|p1a: Landorus|89/100
|drag|p1a: Scizor|Scizor, F|100/100
|
|-damage|p2a: Kommo-o|0 fnt|[from] psn
|faint|p2a: Kommo-o
|upkeep
|
|t:|1760728768
|switch|p2a: Chandelure|Chandelure, M|100/100
|turn|6
|
|t:|1760728782
|switch|p1a: Zamazenta|Zamazenta|100/100
|-damage|p1a: Zamazenta|94/100|[from] Stealth Rock
|-ability|p1a: Zamazenta|Dauntless Shield|boost
|-boost|p1a: Zamazenta|def|1
|move|p2a: Chandelure|Calm Mind|p2a: Chandelure
|-boost|p2a: Chandelure|spa|1
|-boost|p2a: Chandelure|spd|1
|
|-heal|p1a: Zamazenta|100/100|[from] item: Leftovers
|upkeep
|turn|7
|
|t:|1760728794
|-terastallize|p1a: Zamazenta|Fire
|-terastallize|p2a: Chandelure|Grass
|move|p1a: Zamazenta|Crunch|p2a: Chandelure
|-damage|p2a: Chandelure|73/100
|-unboost|p2a: Chandelure|def|1
|move|p2a: Chandelure|Fire Blast|p1a: Zamazenta
|-resisted|p1a: Zamazenta
|-damage|p1a: Zamazenta|57/100
|
|-heal|p1a: Zamazenta|63/100|[from] item: Leftovers
|upkeep
|turn|8
|
|t:|1760728808
|move|p2a: Chandelure|Shadow Ball|p1a: Zamazenta
|-damage|p1a: Zamazenta|0 fnt
|faint|p1a: Zamazenta
|
|upkeep
|
|t:|1760728823
|switch|p1a: Pecharunt|Pecharunt|100/100
|turn|9
|
|t:|1760728828
|move|p1a: Pecharunt|Malignant Chain|p2a: Chandelure
|-supereffective|p2a: Chandelure
|-damage|p2a: Chandelure|11/100
|move|p2a: Chandelure|Shadow Ball|p1a: Pecharunt
|-supereffective|p1a: Pecharunt
|-damage|p1a: Pecharunt|0 fnt
|faint|p1a: Pecharunt
|
|upkeep
|
|t:|1760728836
|switch|p1a: Scizor|Scizor, F|100/100
|turn|10
|
|t:|1760728839
|move|p1a: Scizor|Bullet Punch|p2a: Chandelure
|-damage|p2a: Chandelure|0 fnt
|faint|p2a: Chandelure
|
|upkeep
|
|t:|1760728845
|switch|p2a: Gyarados|Gyarados, M|100/100
|-damage|p2a: Gyarados|75/100|[from] Stealth Rock
|turn|11
|
|t:|1760728850
|move|p2a: Gyarados|Dragon Dance|p2a: Gyarados
|-boost|p2a: Gyarados|atk|1
|-boost|p2a: Gyarados|spe|1
|move|p1a: Scizor|Swords Dance|p1a: Scizor
|-boost|p1a: Scizor|atk|2
|
|upkeep
|turn|12
|
|t:|1760728861
|move|p2a: Gyarados|Waterfall|p1a: Scizor
|-damage|p1a: Scizor|25/100
|cant|p1a: Scizor|flinch
|
|upkeep
|turn|13
|
|t:|1760728867
|move|p1a: Scizor|Bullet Punch|p2a: Gyarados
|-resisted|p2a: Gyarados
|-damage|p2a: Gyarados|36/100
|move|p2a: Gyarados|Waterfall|p1a: Scizor
|-damage|p1a: Scizor|0 fnt
|faint|p1a: Scizor
|-ability|p2a: Gyarados|Moxie|boost
|-boost|p2a: Gyarados|atk|1
|
|upkeep
|
|t:|1760728886
|switch|p1a: Latios|Latios, M|58/100
|-damage|p1a: Latios|46/100|[from] Stealth Rock
|turn|14
|
|t:|1760728892
|move|p2a: Gyarados|Ice Fang|p1a: Latios|[miss]
|-miss|p2a: Gyarados|p1a: Latios
|move|p1a: Latios|Draco Meteor|p2a: Gyarados
|-damage|p2a: Gyarados|0 fnt
|-unboost|p1a: Latios|spa|2
|faint|p2a: Gyarados
|
|upkeep
|
|t:|1760728901
|switch|p2a: Gardevoir|Gardevoir, F|100/100
|-damage|p2a: Gardevoir|88/100|[from] Stealth Rock
|-ability|p2a: Gardevoir|Levitate|Trace|[from] ability: Trace|[of] p1a: Latios
|turn|15
|
|t:|1760728910
|switch|p1a: Landorus|Landorus-Therian, M|89/100
|-ability|p1a: Landorus|Intimidate|boost
|-unboost|p2a: Gardevoir|atk|1
|move|p2a: Gardevoir|Moonblast|p1a: Landorus
|-damage|p1a: Landorus|38/100
|
|upkeep
|turn|16
|
|t:|1760728920
|move|p2a: Gardevoir|Moonblast|p1a: Landorus
|-damage|p1a: Landorus|0 fnt
|faint|p1a: Landorus
|
|upkeep
|
|t:|1760728924
|switch|p1a: Latios|Latios, M|46/100
|-damage|p1a: Latios|33/100|[from] Stealth Rock
|turn|17
|
|t:|1760728928
|move|p2a: Gardevoir|Moonblast|p1a: Latios
|-supereffective|p1a: Latios
|-damage|p1a: Latios|0 fnt
|faint|p1a: Latios
|
|win|Batzeus99
|raw|Sakuya2024's rating: 1189 &rarr; <strong>1166</strong><br />(-23 for losing)
|raw|Batzeus99's rating: 1218 &rarr; <strong>1241</strong><br />(+23 for winning)
|l|☆Sakuya2024
|player|p1|
