|j|☆ayushjunan
|j|☆MrRandomHuman
|t:|1760764578
|gametype|singles
|player|p1|ayushjunan|swimmerf-gen4|1000
|player|p2|MrRandomHuman|gambler|1000
|gen|9
|tier|[Gen 9] OU
|rated|
|rule|HP Percentage Mod: HP is shown in percentages
|rule|Endless Battle Clause: Forcing endless battles is banned
|rule|Species Clause: Limit one of each Pokémon
|rule|OHKO Clause: OHKO moves are banned
|rule|Evasion Items Clause: Evasion items are banned
|rule|Evasion Moves Clause: Evasion moves are banned
|rule|Evasion Abilities Clause: Evasion abilities are banned
|rule|Sleep Moves Clause: Sleep-inducing moves are banned
|clearpoke
|poke|p1|Dragonite, F|
|poke|p1|Primarina, M|
|poke|p1|Kilowattrel, M|
|poke|p1|Walking Wake|
|poke|p1|Landorus-Therian, M|
|poke|p1|Iron Valiant|
|poke|p2|Metagross|
|poke|p2|Ceruledge, M|
|poke|p2|Latias, F|
|poke|p2|Maushold-Four|
|poke|p2|Gliscor, M|
|poke|p2|Hatterene, F|
|teampreview
|
|t:|1760764594
|teamsize|p1|6
|teamsize|p2|6
|start
|switch|p1a: Iron Valiant|Iron Valiant|100/100
|switch|p2a: Gliscor|Gliscor, M|100/100
|turn|1
|c|☆MrRandomHuman|Stealth rock?
|
|t:|1760764618
|-end|p1a: Iron Valiant|Quark Drive|[silent]
|switch|p1a: Kilowattrel|Kilowattrel, M|100/100
|move|p2a: Gliscor|Stealth Rock|p1a: Kilowattrel
|-sidestart|p1: ayushjunan|move: Stealth Rock
|
|-status|p2a: Gliscor|tox|[from] item: Toxic Orb
|upkeep
|turn|2
|
|t:|1760764630
|move|p1a: Kilowattrel|Hurricane|p2a: Gliscor
|-damage|p2a: Gliscor|22/100 tox
|move|p2a: Gliscor|Spikes|p1a: Kilowattrel
|-sidestart|p1: ayushjunan|Spikes
|
|-heal|p2a: Gliscor|34/100 tox|[from] ability: Poison Heal
|upkeep
|turn|3
|
|t:|1760764640
|switch|p2a: Metagross|Metagross, shiny|100/100
|move|p1a: Kilowattrel|Tailwind|p1a: Kilowattrel
|-sidestart|p1: ayushjunan|move: Tailwind
|
|upkeep
|turn|4
|
|t:|1760764652
|move|p1a: Kilowattrel|Volt Switch|p2a: Metagross
|-damage|p2a: Metagross|66/100
|
|t:|1760764663
|switch|p1a: Dragonite|Dragonite, F|100/100|[from] Volt Switch
|-damage|p1a: Dragonite|76/100|[from] Stealth Rock
|move|p2a: Metagross|Knock Off|p1a: Dragonite
|-damage|p1a: Dragonite|37/100
|-enditem|p1a: Dragonite|Leftovers|[from] move: Knock Off|[of] p2a: Metagross
|
|-heal|p2a: Metagross|72/100|[from] item: Leftovers
|upkeep
|turn|5
|
|t:|1760764674
|move|p1a: Dragonite|Earthquake|p2a: Metagross
|-supereffective|p2a: Metagross
|-damage|p2a: Metagross|19/100
|move|p2a: Metagross|Psychic|p1a: Dragonite
|-damage|p1a: Dragonite|6/100
|-unboost|p1a: Dragonite|spd|1
|
|-heal|p2a: Metagross|25/100|[from] item: Leftovers
|upkeep
|turn|6
|
|t:|1760764694
|switch|p2a: Latias|Latias, F|100/100
|move|p1a: Dragonite|Earthquake|p2a: Latias
|-immune|p2a: Latias|[from] ability: Levitate
|
|-sideend|p1: ayushjunan|move: Tailwind
|upkeep
|turn|7
|
|t:|1760764703
|move|p1a: Dragonite|Extreme Speed|p2a: Latias
|-damage|p2a: Latias|69/100
|move|p2a: Latias|Ice Beam|p1a: Dragonite
|-supereffective|p1a: Dragonite
|-damage|p1a: Dragonite|0 fnt
|faint|p1a: Dragonite
|
|upkeep
|
|t:|1760764724
|switch|p1a: Kilowattrel|Kilowattrel, M|100/100
|-damage|p1a: Kilowattrel|76/100|[from] Stealth Rock
|turn|8
|
|t:|1760764732
|move|p1a: Kilowattrel|Tailwind|p1a: Kilowattrel
|-sidestart|p1: ayushjunan|move: Tailwind
|move|p2a: Latias|Draining Kiss|p1a: Kilowattrel
|-damage|p1a: Kilowattrel|48/100
|-heal|p2a: Latias|87/100|[from] drain|[of] p1a: Kilowattrel
|
|-heal|p1a: Kilowattrel|54/100|[from] item: Leftovers
|upkeep
|turn|9
|
|t:|1760764741
|move|p1a: Kilowattrel|Hurricane|p2a: Latias|[miss]
|-miss|p1a: Kilowattrel|p2a: Latias
|move|p2a: Latias|Ice Beam|p1a: Kilowattrel
|-supereffective|p1a: Kilowattrel
|-damage|p1a: Kilowattrel|0 fnt
|faint|p1a: Kilowattrel
|
|upkeep
|
|t:|1760764748
|switch|p1a: Primarina|Primarina, M|100/100
|-damage|p1a: Primarina|88/100|[from] Stealth Rock
|-damage|p1a: Primarina|76/100|[from] Spikes
|turn|10
|
|t:|1760764761
|switch|p2a: Hatterene|Hatterene, F|100/100
|move|p1a: Primarina|Moonblast|p2a: Hatterene
|-damage|p2a: Hatterene|46/100
|
|-heal|p1a: Primarina|82/100|[from] item: Leftovers
|upkeep
|turn|11
|
|t:|1760764773
|move|p1a: Primarina|Moonblast|p2a: Hatterene
|-damage|p2a: Hatterene|0 fnt
|faint|p2a: Hatterene
|
|-heal|p1a: Primarina|88/100|[from] item: Leftovers
|-sideend|p1: ayushjunan|move: Tailwind
|upkeep
|
|t:|1760764777
|switch|p2a: Gliscor|Gliscor, M|34/100 tox
|turn|12
|
|t:|1760764786
|-terastallize|p2a: Gliscor|Ground
|move|p2a: Gliscor|Tailwind|p2a: Gliscor
|-sidestart|p2: MrRandomHuman|move: Tailwind
|move|p1a: Primarina|Hydro Pump|p2a: Gliscor
|-supereffective|p2a: Gliscor
|-damage|p2a: Gliscor|0 fnt
|faint|p2a: Gliscor
|
|-heal|p1a: Primarina|94/100|[from] item: Leftovers
|upkeep
|
|t:|1760764796
|switch|p2a: Metagross|Metagross, shiny|25/100
|turn|13
|
|t:|1760764809
|switch|p1a: Landorus|Landorus-Therian, M|100/100
|-damage|p1a: Landorus|88/100|[from] Stealth Rock
|-ability|p1a: Landorus|Intimidate|boost
|-fail|p2a: Metagross|unboost|[from] ability: Clear Body|[of] p2a: Metagross
|move|p2a: Metagross|Flash Cannon|p1a: Landorus
|-damage|p1a: Landorus|54/100
|-unboost|p1a: Landorus|spd|1
|
|-heal|p2a: Metagross|31/100|[from] item: Leftovers
|-heal|p1a: Landorus|60/100|[from] item: Leftovers
|upkeep
|turn|14
|
|t:|1760764823
|move|p2a: Metagross|Knock Off|p1a: Landorus
|-damage|p1a: Landorus|30/100
|-enditem|p1a: Landorus|Leftovers|[from] move: Knock Off|[of] p2a: Metagross
|move|p1a: Landorus|Earthquake|p2a: Metagross
|-supereffective|p2a: Metagross
|-damage|p2a: Metagross|0 fnt
|faint|p2a: Metagross
|
|upkeep
|
|t:|1760764830
|switch|p2a: Erebus|Ceruledge, M|100/100
|turn|15
|
|t:|1760764834
|move|p2a: Erebus|Shadow Claw|p1a: Landorus
|-damage|p1a: Landorus|1/100
|move|p1a: Landorus|U-turn|p2a: Erebus
|-resisted|p2a: Erebus
|-damage|p2a: Erebus|92/100
|-ability|p2a: Erebus|Weak Armor|boost
|-unboost|p2a: Erebus|def|1
|-boost|p2a: Erebus|spe|2
|
|t:|1760764846
|switch|p1a: Primarina|Primarina, M|94/100|[from] U-turn
|-damage|p1a: Primarina|82/100|[from] Stealth Rock
|-damage|p1a: Primarina|69/100|[from] Spikes
|
|-heal|p1a: Primarina|75/100|[from] item: Leftovers
|-sideend|p2: MrRandomHuman|move: Tailwind
|upkeep
|turn|16
|
|t:|1760764863
|switch|p2a: Latias|Latias, F|87/100
|move|p1a: Primarina|Hydro Pump|p2a: Latias
|-resisted|p2a: Latias
|-damage|p2a: Latias|65/100
|
|-heal|p1a: Primarina|81/100|[from] item: Leftovers
|upkeep
|turn|17
|
|t:|1760764871
|move|p2a: Latias|Ice Beam|p1a: Primarina
|-resisted|p1a: Primarina
|-damage|p1a: Primarina|70/100
|move|p1a: Primarina|Shadow Ball|p2a: Latias
|-supereffective|p2a: Latias
|-crit|p2a: Latias
|-damage|p2a: Latias|0 fnt
|faint|p2a: Latias
|
|-heal|p1a: Primarina|76/100|[from] item: Leftovers
|upkeep
|
|t:|1760764879
|switch|p2a: Maushold|Maushold-Four|100/100
|turn|18
|
|t:|1760764887
|move|p2a: Maushold|Low Kick|p1a: Primarina
|-resisted|p1a: Primarina
|-damage|p1a: Primarina|62/100
|move|p1a: Primarina|Hydro Pump|p2a: Maushold
|-damage|p2a: Maushold|32/100
|
|-heal|p1a: Primarina|68/100|[from] item: Leftovers
|upkeep
|turn|19
|
|t:|1760764896
|move|p2a: Maushold|Population Bomb|p1a: Primarina
|-damage|p1a: Primarina|54/100
|-damage|p1a: Primarina|38/100
|-damage|p1a: Primarina|23/100
|-damage|p1a: Primarina|7/100
|-damage|p1a: Primarina|0 fnt
|faint|p1a: Primarina
|-hitcount|p1: Primarina|5
|
|upkeep
|
|t:|1760764906
|switch|p1a: Iron Valiant|Iron Valiant|100/100
|-damage|p1a: Iron Valiant|94/100|[from] Stealth Rock
|-damage|p1a: Iron Valiant|82/100|[from] Spikes
|turn|20
|
|t:|1760764925
|move|p1a: Iron Valiant|Spirit Break|p2a: Maushold
|-damage|p2a: Maushold|0 fnt
|faint|p2a: Maushold
|
|-heal|p1a: Iron Valiant|88/100|[from] item: Leftovers
|upkeep
|
|t:|1760764928
|switch|p2a: Erebus|Ceruledge, M|92/100
|turn|21
|
|t:|1760764943
|-terastallize|p1a: Iron Valiant|Fairy
|move|p1a: Iron Valiant|Poison Jab|p2a: Erebus
|-resisted|p2a: Erebus
|-damage|p2a: Erebus|75/100
|-ability|p2a: Erebus|Weak Armor|boost
|-unboost|p2a: Erebus|def|1
|-boost|p2a: Erebus|spe|2
|move|p2a: Erebus|Swords Dance|p2a: Erebus
|-boost|p2a: Erebus|atk|2
|
|-heal|p1a: Iron Valiant|94/100|[from] item: Leftovers
|upkeep
|turn|22
|
|t:|1760764954
|move|p2a: Erebus|Close Combat|p1a: Iron Valiant
|-resisted|p1a: Iron Valiant
|-damage|p1a: Iron Valiant|45/100
|-unboost|p2a: Erebus|def|1
|-unboost|p2a: Erebus|spd|1
|move|p1a: Iron Valiant|Poison Jab|p2a: Erebus
|-resisted|p2a: Erebus
|-damage|p2a: Erebus|41/100
|-ability|p2a: Erebus|Weak Armor|boost
|-unboost|p2a: Erebus|def|1
|-boost|p2a: Erebus|spe|2
|
|-heal|p1a: Iron Valiant|52/100|[from] item: Leftovers
|upkeep
|turn|23
|
|t:|1760764968
|move|p2a: Erebus|Bitter Blade|p1a: Iron Valiant
|-damage|p1a: Iron Valiant|0 fnt
|-heal|p2a: Erebus|65/100|[from] drain|[of] p1a: Iron Valiant
|faint|p1a: Iron Valiant
|-end|p1a: Iron Valiant|Quark Drive|[silent]
|
|upkeep
|
|t:|1760764974
|switch|p1a: Walking Wake|Walking Wake|100/100
|-damage|p1a: Walking Wake|88/100|[from] Stealth Rock
|-damage|p1a: Walking Wake|76/100|[from] Spikes
|turn|24
|
|t:|1760764984
|move|p2a: Erebus|Close Combat|p1a: Walking Wake
|-damage|p1a: Walking Wake|0 fnt
|-unboost|p2a: Erebus|def|1
|-unboost|p2a: Erebus|spd|1
|faint|p1a: Walking Wake
|-end|p1a: Walking Wake|Protosynthesis|[silent]
|
|upkeep
|
|t:|1760764990
|switch|p1a: Landorus|Landorus-Therian, M|1/100
|-damage|p1a: Landorus|0 fnt|[from] Stealth Rock
|faint|p1a: Landorus
|
|win|MrRandomHuman
|raw|ayushjunan's rating: 1000 &rarr; <strong>1000</strong><br />(+0 for losing)
|raw|MrRandomHuman's rating: 1000 &rarr; <strong>1040</strong><br />(+40 for winning)
|c|☆MrRandomHuman|THE CLUTCH
|l|☆ayushjunan
|player|p1|
