|j|‽theonlydork
|j|☆brilliance12345678
|t:|1760745682
|gametype|singles
|player|p1|theonlydork|266|1845
|player|p2|brilliance12345678|lady-gen4|1818
|gen|9
|tier|[Gen 9] OU
|rated|
|rule|HP Percentage Mod: HP is shown in percentages
|rule|Endless Battle Clause: Forcing endless battles is banned
|rule|Species Clause: Limit one of each Pokémon
|rule|OHKO Clause: OHKO moves are banned
|rule|Evasion Items Clause: Evasion items are banned
|rule|Evasion Moves Clause: Evasion moves are banned
|rule|Evasion Abilities Clause: Evasion abilities are banned
|rule|Sleep Moves Clause: Sleep-inducing moves are banned
|clearpoke
|poke|p1|Zamazenta-*|
|poke|p1|Ting-Lu|
|poke|p1|Glimmora, F|
|poke|p1|Gholdengo|
|poke|p1|Ogerpon-Wellspring, F|
|poke|p1|Dragonite, F|
|poke|p2|Darkrai|
|poke|p2|Dragonite, M|
|poke|p2|Iron Treads|
|poke|p2|Ceruledge, M|
|poke|p2|Iron Valiant|
|poke|p2|Kingambit, F|
|teampreview
|inactive|Battle timer is ON: inactive players will automatically lose when time's up. (requested by brilliance12345678)
|j| Champion reko
|c|☆brilliance12345678|glhf
|
|t:|1760745697
|teamsize|p1|6
|teamsize|p2|6
|start
|switch|p1a: Ogerpon|Ogerpon-Wellspring, F|100/100
|switch|p2a: phys darkray|Darkrai|100/100
|turn|1
|
|t:|1760745702
|switch|p1a: Ting-Lu|Ting-Lu|100/100
|-ability|p1a: Ting-Lu|Vessel of Ruin
|move|p2a: phys darkray|Nasty Plot|p2a: phys darkray
|-boost|p2a: phys darkray|spa|2
|
|upkeep
|turn|2
|
|t:|1760745707
|move|p2a: phys darkray|Ice Beam|p1a: Ting-Lu
|-supereffective|p1a: Ting-Lu
|-damage|p1a: Ting-Lu|36/100
|move|p1a: Ting-Lu|Earthquake|p2a: phys darkray
|-damage|p2a: phys darkray|36/100
|
|-heal|p1a: Ting-Lu|42/100|[from] item: Leftovers
|upkeep
|turn|3
|
|t:|1760745713
|move|p2a: phys darkray|Ice Beam|p1a: Ting-Lu
|-supereffective|p1a: Ting-Lu
|-damage|p1a: Ting-Lu|0 fnt
|faint|p1a: Ting-Lu
|
|upkeep
|
|t:|1760745720
|switch|p1a: Zamazenta|Zamazenta|100/100
|-ability|p1a: Zamazenta|Dauntless Shield|boost
|-boost|p1a: Zamazenta|def|1
|turn|4
|
|t:|1760745724
|move|p1a: Zamazenta|Body Press|p2a: phys darkray
|-supereffective|p2a: phys darkray
|-damage|p2a: phys darkray|0 fnt
|faint|p2a: phys darkray
|
|upkeep
|
|t:|1760745728
|switch|p2a: Iron Valiant|Iron Valiant|100/100
|-enditem|p2a: Iron Valiant|Booster Energy
|-activate|p2a: Iron Valiant|ability: Quark Drive|[fromitem]
|-start|p2a: Iron Valiant|quarkdrivespe
|turn|5
|
|t:|1760745731
|switch|p1a: Gholdengo|Gholdengo|100/100
|move|p2a: Iron Valiant|Moonblast|p1a: Gholdengo
|-resisted|p1a: Gholdengo
|-damage|p1a: Gholdengo|72/100
|
|upkeep
|turn|6
|
|t:|1760745744
|move|p2a: Iron Valiant|Close Combat|p1a: Gholdengo
|-immune|p1a: Gholdengo
|move|p1a: Gholdengo|Make It Rain|p2a: Iron Valiant
|-supereffective|p2a: Iron Valiant
|-damage|p2a: Iron Valiant|0 fnt
|-unboost|p1a: Gholdengo|spa|1
|faint|p2a: Iron Valiant
|-end|p2a: Iron Valiant|Quark Drive|[silent]
|
|upkeep
|
|t:|1760745756
|switch|p2a: better than crown|Iron Treads|100/100
|-enditem|p2a: better than crown|Booster Energy
|-activate|p2a: better than crown|ability: Quark Drive|[fromitem]
|-start|p2a: better than crown|quarkdriveatk
|turn|7
|
|t:|1760745765
|switch|p1a: Ogerpon|Ogerpon-Wellspring, F|100/100
|move|p2a: better than crown|Earthquake|p1a: Ogerpon
|-resisted|p1a: Ogerpon
|-damage|p1a: Ogerpon|53/100
|
|upkeep
|turn|8
|
|t:|1760745771
|move|p1a: Ogerpon|Ivy Cudgel|p2a: better than crown|[anim] Ivy Cudgel Water
|-supereffective|p2a: better than crown
|-damage|p2a: better than crown|0 fnt
|faint|p2a: better than crown
|-end|p2a: better than crown|Quark Drive|[silent]
|
|upkeep
|
|t:|1760745777
|switch|p2a: D1 goat|Ceruledge, M|100/100
|turn|9
|
|t:|1760745783
|move|p1a: Ogerpon|Ivy Cudgel|p2a: D1 goat|[anim] Ivy Cudgel Water
|-supereffective|p2a: D1 goat
|-enditem|p2a: D1 goat|Focus Sash
|-damage|p2a: D1 goat|1/100
|-ability|p2a: D1 goat|Weak Armor|boost
|-unboost|p2a: D1 goat|def|1
|-boost|p2a: D1 goat|spe|2
|move|p2a: D1 goat|Swords Dance|p2a: D1 goat
|-boost|p2a: D1 goat|atk|2
|
|upkeep
|turn|10
|
|t:|1760745789
|switch|p1a: Glimmora|Glimmora, F|100/100
|move|p2a: D1 goat|Bitter Blade|p1a: Glimmora
|-resisted|p1a: Glimmora
|-damage|p1a: Glimmora|68/100
|-heal|p2a: D1 goat|21/100|[from] drain|[of] p1a: Glimmora
|-activate|p1a: Glimmora|ability: Toxic Debris
|-sidestart|p2: brilliance12345678|move: Toxic Spikes
|-enditem|p1a: Glimmora|Red Card|[of] p2a: D1 goat
|drag|p2a: Very mad|Dragonite, M|100/100
|
|upkeep
|turn|11
|
|t:|1760745798
|move|p2a: Very mad|Dragon Dance|p2a: Very mad
|-boost|p2a: Very mad|atk|1
|-boost|p2a: Very mad|spe|1
|move|p1a: Glimmora|Mortal Spin|p2a: Very mad
|-damage|p2a: Very mad|98/100
|-status|p2a: Very mad|psn
|
|-damage|p2a: Very mad|85/100 psn|[from] psn
|upkeep
|turn|12
|
|t:|1760745806
|-terastallize|p1a: Glimmora|Ghost
|move|p2a: Very mad|Earthquake|p1a: Glimmora
|-damage|p1a: Glimmora|23/100
|-activate|p1a: Glimmora|ability: Toxic Debris
|-sidestart|p2: brilliance12345678|move: Toxic Spikes
|move|p1a: Glimmora|Power Gem|p2a: Very mad
|-supereffective|p2a: Very mad
|-damage|p2a: Very mad|14/100 psn
|
|-damage|p2a: Very mad|2/100 psn|[from] psn
|upkeep
|turn|13
|
|t:|1760745815
|move|p2a: Very mad|Earthquake|p1a: Glimmora
|-damage|p1a: Glimmora|0 fnt
|faint|p1a: Glimmora
|
|-damage|p2a: Very mad|0 fnt|[from] psn
|faint|p2a: Very mad
|upkeep
|
|t:|1760745820
|switch|p2a: D1 goat|Ceruledge, M|21/100
|switch|p1a: Zamazenta|Zamazenta|100/100
|-status|p2a: D1 goat|tox
|turn|14
|l| Champion reko
|
|t:|1760745828
|move|p1a: Zamazenta|Crunch|p2a: D1 goat
|-supereffective|p2a: D1 goat
|-damage|p2a: D1 goat|0 fnt
|faint|p2a: D1 goat
|
|upkeep
|
|t:|1760745831
|switch|p2a: take a guess|Kingambit, F|100/100
|-activate|p2a: take a guess|ability: Supreme Overlord
|-start|p2a: take a guess|fallen5|[silent]
|turn|15
|
|t:|1760745837
|switch|p1a: Gholdengo|Gholdengo|72/100
|-terastallize|p2a: take a guess|Ghost
|move|p2a: take a guess|Swords Dance|p2a: take a guess
|-boost|p2a: take a guess|atk|2
|
|upkeep
|turn|16
|
|t:|1760745842
|move|p2a: take a guess|Sucker Punch||[still]
|-fail|p2a: take a guess
|move|p1a: Gholdengo|Trick|p2a: take a guess
|-activate|p1a: Gholdengo|move: Trick|[of] p2a: take a guess
|-item|p2a: take a guess|Choice Scarf|[from] move: Trick
|-item|p1a: Gholdengo|Leftovers|[from] move: Trick
|
|-heal|p1a: Gholdengo|78/100|[from] item: Leftovers
|upkeep
|turn|17
|
|t:|1760745851
|move|p2a: take a guess|Iron Head|p1a: Gholdengo
|-resisted|p1a: Gholdengo
|-damage|p1a: Gholdengo|0 fnt
|faint|p1a: Gholdengo
|
|upkeep
|
|t:|1760745858
|switch|p1a: Zamazenta|Zamazenta|100/100
|turn|18
|
|t:|1760745862
|move|p1a: Zamazenta|Iron Defense|p1a: Zamazenta
|-boost|p1a: Zamazenta|def|2
|move|p2a: take a guess|Iron Head|p1a: Zamazenta
|-damage|p1a: Zamazenta|51/100
|
|-heal|p1a: Zamazenta|58/100|[from] item: Leftovers
|upkeep
|turn|19
|
|t:|1760745868
|move|p1a: Zamazenta|Crunch|p2a: take a guess
|-supereffective|p2a: take a guess
|-damage|p2a: take a guess|62/100
|-unboost|p2a: take a guess|def|1
|move|p2a: take a guess|Iron Head|p1a: Zamazenta
|-damage|p1a: Zamazenta|4/100
|
|-heal|p1a: Zamazenta|10/100|[from] item: Leftovers
|upkeep
|turn|20
|
|t:|1760745875
|move|p1a: Zamazenta|Crunch|p2a: take a guess
|-supereffective|p2a: take a guess
|-crit|p2a: take a guess
|-damage|p2a: take a guess|0 fnt
|faint|p2a: take a guess
|-end|p2a: take a guess|fallen5|[silent]
|
|win|theonlydork
|raw|theonlydork's rating: 1845 &rarr; <strong>1863</strong><br />(+18 for winning)
|raw|brilliance12345678's rating: 1818 &rarr; <strong>1800</strong><br />(-18 for losing)
|l|‽theonlydork
|player|p1|
|l|☆brilliance12345678
|player|p2|
