|j|☆hifbi66
|j|☆levi6969
|t:|1760751942
|gametype|singles
|player|p1|hifbi66|cyclist|1367
|player|p2|levi6969|102|1296
|gen|9
|tier|[Gen 9] OU
|rated|
|rule|HP Percentage Mod: HP is shown in percentages
|rule|Endless Battle Clause: Forcing endless battles is banned
|rule|Species Clause: Limit one of each Pokémon
|rule|OHKO Clause: OHKO moves are banned
|rule|Evasion Items Clause: Evasion items are banned
|rule|Evasion Moves Clause: Evasion moves are banned
|rule|Evasion Abilities Clause: Evasion abilities are banned
|rule|Sleep Moves Clause: Sleep-inducing moves are banned
|clearpoke
|poke|p1|Arcanine-Hisui, F|
|poke|p1|Rillaboom, F|
|poke|p1|Kingambit, F|
|poke|p1|Great Tusk|
|poke|p1|Zapdos|
|poke|p1|Iron Boulder|
|poke|p2|Avalugg-Hisui, F|
|poke|p2|Sandy Shocks|
|poke|p2|Samurott-Hisui, M|
|poke|p2|Iron Crown|
|poke|p2|Enamorus, F|
|poke|p2|Amoonguss, F|
|teampreview
|inactive|Battle timer is ON: inactive players will automatically lose when time's up. (requested by hifbi66)
|
|t:|1760751951
|teamsize|p1|6
|teamsize|p2|6
|start
|switch|p1a: Kaya|Arcanine-Hisui, F|100/100
|switch|p2a: Avalugg|Avalugg-Hisui, F, shiny|100/100
|turn|1
|
|t:|1760751957
|move|p1a: Kaya|Close Combat|p2a: Avalugg
|-supereffective|p2a: Avalugg
|-ability|p2a: Avalugg|Sturdy
|-damage|p2a: Avalugg|1/100
|-unboost|p1a: Kaya|def|1
|-unboost|p1a: Kaya|spd|1
|move|p2a: Avalugg|Earthquake|p1a: Kaya
|-supereffective|p1a: Kaya
|-damage|p1a: Kaya|0 fnt
|faint|p1a: Kaya
|
|upkeep
|
|t:|1760751970
|switch|p1a: Hasan|Zapdos|100/100
|turn|2
|
|t:|1760751974
|switch|p2a: Sandy Shocks|Sandy Shocks, shiny|100/100
|move|p1a: Hasan|Volt Switch|p2a: Sandy Shocks
|-immune|p2a: Sandy Shocks
|
|upkeep
|turn|3
|
|t:|1760751983
|switch|p1a: Rillaboom|Rillaboom, F|100/100
|-fieldstart|move: Grassy Terrain|[from] ability: Grassy Surge|[of] p1a: Rillaboom
|move|p2a: Sandy Shocks|Earth Power|p1a: Rillaboom
|-resisted|p1a: Rillaboom
|-damage|p1a: Rillaboom|77/100
|
|-heal|p1a: Rillaboom|83/100|[from] Grassy Terrain
|upkeep
|turn|4
|
|t:|1760751993
|-end|p2a: Sandy Shocks|Protosynthesis|[silent]
|switch|p2a: Amoonguss|Amoonguss, F|100/100
|move|p1a: Rillaboom|Knock Off|p2a: Amoonguss
|-damage|p2a: Amoonguss|65/100
|-damage|p1a: Rillaboom|66/100|[from] item: Rocky Helmet|[of] p2a: Amoonguss
|-enditem|p2a: Amoonguss|Rocky Helmet|[from] move: Knock Off|[of] p1a: Rillaboom
|
|-heal|p1a: Rillaboom|73/100|[from] Grassy Terrain
|-heal|p2a: Amoonguss|71/100|[from] Grassy Terrain
|upkeep
|turn|5
|
|t:|1760752000
|switch|p1a: Hasan|Zapdos|100/100
|move|p2a: Amoonguss|Toxic|p1a: Hasan
|-status|p1a: Hasan|tox
|
|-heal|p2a: Amoonguss|77/100|[from] Grassy Terrain
|-damage|p1a: Hasan|94/100 tox|[from] psn
|upkeep
|turn|6
|
|t:|1760752006
|switch|p2a: Sandy Shocks|Sandy Shocks, shiny|100/100
|move|p1a: Hasan|Hurricane|p2a: Sandy Shocks
|-resisted|p2a: Sandy Shocks
|-damage|p2a: Sandy Shocks|84/100
|-start|p2a: Sandy Shocks|confusion
|
|-heal|p2a: Sandy Shocks|90/100|[from] Grassy Terrain
|-damage|p1a: Hasan|82/100 tox|[from] psn
|upkeep
|turn|7
|
|t:|1760752012
|switch|p1a: Rillaboom|Rillaboom, F|73/100
|-activate|p2a: Sandy Shocks|confusion
|move|p2a: Sandy Shocks|Discharge|p1a: Rillaboom
|-resisted|p1a: Rillaboom
|-damage|p1a: Rillaboom|52/100
|
|-heal|p2a: Sandy Shocks|96/100|[from] Grassy Terrain
|-heal|p1a: Rillaboom|59/100|[from] Grassy Terrain
|-fieldend|move: Grassy Terrain
|upkeep
|turn|8
|
|t:|1760752025
|-end|p2a: Sandy Shocks|Protosynthesis|[silent]
|switch|p2a: Amoonguss|Amoonguss, F|100/100
|move|p1a: Rillaboom|U-turn|p2a: Amoonguss
|-damage|p2a: Amoonguss|71/100
|
|t:|1760752028
|switch|p1a: Hasan|Zapdos|82/100 tox|[from] U-turn
|
|-damage|p1a: Hasan|76/100 tox|[from] psn
|upkeep
|turn|9
|
|t:|1760752032
|switch|p2a: Sandy Shocks|Sandy Shocks, shiny|96/100
|move|p1a: Hasan|Hurricane|p2a: Sandy Shocks|[miss]
|-miss|p1a: Hasan|p2a: Sandy Shocks
|
|-damage|p1a: Hasan|64/100 tox|[from] psn
|upkeep
|turn|10
|
|t:|1760752036
|switch|p1a: Rillaboom|Rillaboom, F|59/100
|-fieldstart|move: Grassy Terrain|[from] ability: Grassy Surge|[of] p1a: Rillaboom
|move|p2a: Sandy Shocks|Discharge|p1a: Rillaboom
|-resisted|p1a: Rillaboom
|-damage|p1a: Rillaboom|36/100
|
|-heal|p2a: Sandy Shocks|100/100|[from] Grassy Terrain
|-heal|p1a: Rillaboom|42/100|[from] Grassy Terrain
|upkeep
|turn|11
|
|t:|1760752051
|-end|p2a: Sandy Shocks|Protosynthesis|[silent]
|switch|p2a: Amoonguss|Amoonguss, F|100/100
|move|p1a: Rillaboom|Grassy Glide|p2a: Amoonguss
|-resisted|p2a: Amoonguss
|-damage|p2a: Amoonguss|89/100
|
|-heal|p1a: Rillaboom|48/100|[from] Grassy Terrain
|-heal|p2a: Amoonguss|95/100|[from] Grassy Terrain
|upkeep
|turn|12
|
|t:|1760752057
|switch|p1a: Kingambit|Kingambit, F|100/100
|-activate|p1a: Kingambit|ability: Supreme Overlord
|-start|p1a: Kingambit|fallen1|[silent]
|move|p2a: Amoonguss|Clear Smog|p1a: Kingambit
|-immune|p1a: Kingambit
|
|-heal|p2a: Amoonguss|100/100|[from] Grassy Terrain
|upkeep
|turn|13
|
|t:|1760752069
|move|p1a: Kingambit|Iron Head|p2a: Amoonguss
|-damage|p2a: Amoonguss|66/100
|move|p2a: Amoonguss|Foul Play|p1a: Kingambit
|-resisted|p1a: Kingambit
|-crit|p1a: Kingambit
|-damage|p1a: Kingambit|78/100
|
|-heal|p1a: Kingambit|84/100|[from] Grassy Terrain
|-heal|p1a: Kingambit|90/100|[from] item: Leftovers
|-heal|p2a: Amoonguss|72/100|[from] Grassy Terrain
|upkeep
|turn|14
|
|t:|1760752077
|switch|p2a: Sandy Shocks|Sandy Shocks, shiny|100/100
|move|p1a: Kingambit|Iron Head|p2a: Sandy Shocks
|-resisted|p2a: Sandy Shocks
|-damage|p2a: Sandy Shocks|77/100
|
|-heal|p2a: Sandy Shocks|83/100|[from] Grassy Terrain
|-heal|p1a: Kingambit|96/100|[from] Grassy Terrain
|-heal|p1a: Kingambit|100/100|[from] item: Leftovers
|-fieldend|move: Grassy Terrain
|upkeep
|turn|15
|
|t:|1760752083
|-end|p1a: Kingambit|fallen1|[silent]
|switch|p1a: Rillaboom|Rillaboom, F|48/100
|-fieldstart|move: Grassy Terrain|[from] ability: Grassy Surge|[of] p1a: Rillaboom
|move|p2a: Sandy Shocks|Discharge|p1a: Rillaboom
|-resisted|p1a: Rillaboom
|-damage|p1a: Rillaboom|27/100
|
|-heal|p2a: Sandy Shocks|89/100|[from] Grassy Terrain
|-heal|p1a: Rillaboom|33/100|[from] Grassy Terrain
|upkeep
|turn|16
|
|t:|1760752089
|-end|p2a: Sandy Shocks|Protosynthesis|[silent]
|switch|p2a: Amoonguss|Amoonguss, F|100/100
|move|p1a: Rillaboom|Grassy Glide|p2a: Amoonguss
|-resisted|p2a: Amoonguss
|-damage|p2a: Amoonguss|91/100
|
|-heal|p1a: Rillaboom|40/100|[from] Grassy Terrain
|-heal|p2a: Amoonguss|97/100|[from] Grassy Terrain
|upkeep
|turn|17
|
|t:|1760752095
|switch|p1a: Hasan|Zapdos|64/100 tox
|move|p2a: Amoonguss|Foul Play|p1a: Hasan
|-damage|p1a: Hasan|52/100 tox
|-status|p2a: Amoonguss|par|[from] ability: Static|[of] p1a: Hasan
|
|-heal|p2a: Amoonguss|100/100 par|[from] Grassy Terrain
|-damage|p1a: Hasan|46/100 tox|[from] psn
|upkeep
|turn|18
|
|t:|1760752102
|switch|p2a: Sandy Shocks|Sandy Shocks, shiny|89/100
|move|p1a: Hasan|Hurricane|p2a: Sandy Shocks
|-resisted|p2a: Sandy Shocks
|-damage|p2a: Sandy Shocks|72/100
|-start|p2a: Sandy Shocks|confusion
|
|-heal|p2a: Sandy Shocks|78/100|[from] Grassy Terrain
|-damage|p1a: Hasan|34/100 tox|[from] psn
|upkeep
|turn|19
|
|t:|1760752119
|switch|p1a: Rillaboom|Rillaboom, F|40/100
|-activate|p2a: Sandy Shocks|confusion
|-damage|p2a: Sandy Shocks|73/100|[from] confusion
|
|-heal|p2a: Sandy Shocks|79/100|[from] Grassy Terrain
|-heal|p1a: Rillaboom|46/100|[from] Grassy Terrain
|-fieldend|move: Grassy Terrain
|upkeep
|turn|20
|
|t:|1760752126
|-end|p2a: Sandy Shocks|Protosynthesis|[silent]
|switch|p2a: Amoonguss|Amoonguss, F|100/100 par
|switch|p1a: CHAMA|Iron Boulder|100/100
|-enditem|p1a: CHAMA|Booster Energy
|-activate|p1a: CHAMA|ability: Quark Drive|[fromitem]
|-start|p1a: CHAMA|quarkdrivespe
|
|upkeep
|turn|21
|
|t:|1760752129
|move|p1a: CHAMA|Swords Dance|p1a: CHAMA
|-boost|p1a: CHAMA|atk|2
|move|p2a: Amoonguss|Giga Drain|p1a: CHAMA
|-supereffective|p1a: CHAMA
|-damage|p1a: CHAMA|53/100
|
|upkeep
|turn|22
|
|t:|1760752134
|move|p1a: CHAMA|Zen Headbutt|p2a: Amoonguss
|-supereffective|p2a: Amoonguss
|-damage|p2a: Amoonguss|0 fnt
|faint|p2a: Amoonguss
|
|upkeep
|
|t:|1760752148
|switch|p2a: Iron Crown|Iron Crown|100/100
|turn|23
|
|t:|1760752161
|-end|p1a: CHAMA|Quark Drive|[silent]
|switch|p1a: Hasan|Zapdos|34/100 tox
|-terastallize|p2a: Iron Crown|Steel
|move|p2a: Iron Crown|Tachyon Cutter|p1a: Hasan
|-resisted|p1a: Hasan
|-damage|p1a: Hasan|9/100 tox
|-resisted|p1a: Hasan
|-damage|p1a: Hasan|0 fnt
|faint|p1a: Hasan
|-hitcount|p1: Hasan|2
|
|upkeep
|
|t:|1760752163
|switch|p1a: Justin Long|Great Tusk|100/100
|turn|24
|
|t:|1760752166
|move|p2a: Iron Crown|Tachyon Cutter|p1a: Justin Long
|-crit|p1a: Justin Long
|-damage|p1a: Justin Long|5/100
|-damage|p1a: Justin Long|0 fnt
|faint|p1a: Justin Long
|-end|p1a: Justin Long|Protosynthesis|[silent]
|-hitcount|p1: Justin Long|2
|
|upkeep
|
|t:|1760752170
|switch|p1a: CHAMA|Iron Boulder|53/100
|turn|25
|
|t:|1760752175
|-end|p2a: Iron Crown|Quark Drive|[silent]
|switch|p2a: Avalugg|Avalugg-Hisui, F, shiny|1/100
|move|p1a: CHAMA|Close Combat|p2a: Avalugg
|-supereffective|p2a: Avalugg
|-damage|p2a: Avalugg|0 fnt
|-unboost|p1a: CHAMA|def|1
|-unboost|p1a: CHAMA|spd|1
|faint|p2a: Avalugg
|
|upkeep
|
|t:|1760752184
|switch|p2a: Samurott|Samurott-Hisui, M|100/100
|turn|26
|
|t:|1760752191
|-end|p1a: CHAMA|Quark Drive|[silent]
|switch|p1a: Kingambit|Kingambit, F|100/100
|-activate|p1a: Kingambit|ability: Supreme Overlord
|-start|p1a: Kingambit|fallen3|[silent]
|move|p2a: Samurott|Knock Off|p1a: Kingambit
|-resisted|p1a: Kingambit
|-damage|p1a: Kingambit|84/100
|-enditem|p1a: Kingambit|Leftovers|[from] move: Knock Off|[of] p2a: Samurott
|
|upkeep
|turn|27
|
|t:|1760752197
|switch|p2a: Sandy Shocks|Sandy Shocks, shiny|79/100
|move|p1a: Kingambit|Low Kick|p2a: Sandy Shocks
|-damage|p2a: Sandy Shocks|42/100
|
|upkeep
|turn|28
|
|t:|1760752205
|-terastallize|p1a: Kingambit|Ghost
|move|p2a: Sandy Shocks|Discharge|p1a: Kingambit
|-damage|p1a: Kingambit|46/100
|move|p1a: Kingambit|Kowtow Cleave|p2a: Sandy Shocks
|-damage|p2a: Sandy Shocks|0 fnt
|faint|p2a: Sandy Shocks
|-end|p2a: Sandy Shocks|Protosynthesis|[silent]
|
|upkeep
|
|t:|1760752218
|switch|p2a: Samurott|Samurott-Hisui, M|100/100
|turn|29
|
|t:|1760752223
|move|p2a: Samurott|Ceaseless Edge|p1a: Kingambit
|-supereffective|p1a: Kingambit
|-crit|p1a: Kingambit
|-damage|p1a: Kingambit|0 fnt
|-sidestart|p1: hifbi66|Spikes
|faint|p1a: Kingambit
|-end|p1a: Kingambit|fallen3|[silent]
|
|upkeep
|
|t:|1760752227
|switch|p1a: Rillaboom|Rillaboom, F|46/100
|-damage|p1a: Rillaboom|33/100|[from] Spikes
|-fieldstart|move: Grassy Terrain|[from] ability: Grassy Surge|[of] p1a: Rillaboom
|turn|30
|
|t:|1760752234
|switch|p2a: Iron Crown|Iron Crown, tera:Steel|100/100
|move|p1a: Rillaboom|Grassy Glide|p2a: Iron Crown
|-resisted|p2a: Iron Crown
|-damage|p2a: Iron Crown|66/100
|
|-heal|p2a: Iron Crown|72/100|[from] Grassy Terrain
|-heal|p1a: Rillaboom|40/100|[from] Grassy Terrain
|upkeep
|turn|31
|
|t:|1760752238
|switch|p1a: CHAMA|Iron Boulder|53/100
|-damage|p1a: CHAMA|41/100|[from] Spikes
|move|p2a: Iron Crown|Tachyon Cutter|p1a: CHAMA
|-supereffective|p1a: CHAMA
|-damage|p1a: CHAMA|0 fnt
|faint|p1a: CHAMA
|-end|p1a: CHAMA|Quark Drive|[silent]
|-hitcount|p1: CHAMA|1
|
|-heal|p2a: Iron Crown|78/100|[from] Grassy Terrain
|upkeep
|
|t:|1760752242
|switch|p1a: Rillaboom|Rillaboom, F|40/100
|-damage|p1a: Rillaboom|27/100|[from] Spikes
|turn|32
|
|t:|1760752247
|move|p2a: Iron Crown|Tachyon Cutter|p1a: Rillaboom
|-damage|p1a: Rillaboom|0 fnt
|faint|p1a: Rillaboom
|-hitcount|p1: Rillaboom|1
|
|win|levi6969
|raw|hifbi66's rating: 1367 &rarr; <strong>1343</strong><br />(-24 for losing)
|raw|levi6969's rating: 1296 &rarr; <strong>1326</strong><br />(+30 for winning)
|l|☆hifbi66
|player|p1|
|l|☆levi6969
|player|p2|
