|j|☆miffyc
|j|☆Slendy3214
|t:|1760761214
|gametype|singles
|player|p1|miffyc|preschooler|1343
|player|p2|Slendy3214|pokemaniac|1356
|gen|9
|tier|[Gen 9] OU
|rated|
|rule|HP Percentage Mod: HP is shown in percentages
|rule|Endless Battle Clause: Forcing endless battles is banned
|rule|Species Clause: Limit one of each Pokémon
|rule|OHKO Clause: OHKO moves are banned
|rule|Evasion Items Clause: Evasion items are banned
|rule|Evasion Moves Clause: Evasion moves are banned
|rule|Evasion Abilities Clause: Evasion abilities are banned
|rule|Sleep Moves Clause: Sleep-inducing moves are banned
|clearpoke
|poke|p1|Latios, M|
|poke|p1|Alomomola, F|
|poke|p1|Moltres|
|poke|p1|Scizor, M|
|poke|p1|Great Tusk|
|poke|p1|Landorus-Therian, M|
|poke|p2|Skeledirge, F|
|poke|p2|Ursaluna, F|
|poke|p2|Kilowattrel, F|
|poke|p2|Zamazenta-*|
|poke|p2|Samurott-Hisui, F|
|poke|p2|Goodra-Hisui, M|
|teampreview
|inactive|Battle timer is ON: inactive players will automatically lose when time's up. (requested by miffyc)
|inactive|Slendy3214 has 120 seconds left.
|
|t:|1760761245
|teamsize|p1|6
|teamsize|p2|6
|start
|switch|p1a: Scizor|Scizor, M|100/100
|switch|p2a: Ursaluna|Ursaluna, F, shiny|100/100
|turn|1
|
|t:|1760761250
|move|p2a: Ursaluna|Protect|p2a: Ursaluna
|-singleturn|p2a: Ursaluna|Protect
|move|p1a: Scizor|Knock Off|p2a: Ursaluna
|-activate|p2a: Ursaluna|move: Protect
|
|-status|p2a: Ursaluna|brn|[from] item: Flame Orb
|upkeep
|turn|2
|
|t:|1760761269
|switch|p1a: Latios|Latios, M|100/100
|move|p2a: Ursaluna|Facade|p1a: Latios
|-damage|p1a: Latios|0 fnt
|faint|p1a: Latios
|
|-damage|p2a: Ursaluna|94/100 brn|[from] brn
|upkeep
|
|t:|1760761278
|switch|p1a: Scizor|Scizor, M|100/100
|turn|3
|
|t:|1760761285
|move|p1a: Scizor|Dual Wingbeat|p2a: Ursaluna
|-damage|p2a: Ursaluna|67/100 brn
|-damage|p2a: Ursaluna|43/100 brn
|-hitcount|p2a: Ursaluna|2
|move|p2a: Ursaluna|Facade|p1a: Scizor
|-resisted|p1a: Scizor
|-damage|p1a: Scizor|36/100
|
|-damage|p2a: Ursaluna|37/100 brn|[from] brn
|upkeep
|turn|4
|
|t:|1760761293
|move|p1a: Scizor|Dual Wingbeat|p2a: Ursaluna
|-damage|p2a: Ursaluna|11/100 brn
|-damage|p2a: Ursaluna|0 fnt
|faint|p2a: Ursaluna
|-hitcount|p2: Ursaluna|2
|
|upkeep
|
|t:|1760761304
|switch|p2a: Kilowattrel|Kilowattrel, F|100/100
|turn|5
|
|t:|1760761311
|switch|p1a: Landorus|Landorus-Therian, M|100/100
|-ability|p1a: Landorus|Intimidate|boost
|-unboost|p2a: Kilowattrel|atk|1
|move|p2a: Kilowattrel|Tailwind|p2a: Kilowattrel
|-sidestart|p2: Slendy3214|move: Tailwind
|-start|p2a: Kilowattrel|Charge|Tailwind|[from] ability: Wind Power
|
|upkeep
|turn|6
|
|t:|1760761322
|move|p2a: Kilowattrel|Air Slash|p1a: Landorus|[miss]
|-miss|p2a: Kilowattrel|p1a: Landorus
|move|p1a: Landorus|Stone Edge|p2a: Kilowattrel
|-supereffective|p2a: Kilowattrel
|-crit|p2a: Kilowattrel
|-damage|p2a: Kilowattrel|0 fnt
|faint|p2a: Kilowattrel
|
|upkeep
|inactive|Slendy3214 has 120 seconds left.
|
|t:|1760761373
|switch|p2a: Samurott|Samurott-Hisui, F|100/100
|turn|7
|
|t:|1760761378
|switch|p1a: Scizor|Scizor, M|36/100
|-terastallize|p2a: Samurott|Water
|move|p2a: Samurott|Razor Shell|p1a: Scizor
|-damage|p1a: Scizor|0 fnt
|faint|p1a: Scizor
|
|upkeep
|
|t:|1760761403
|switch|p1a: Alomomola|Alomomola, F|100/100
|turn|8
|
|t:|1760761409
|move|p2a: Samurott|Ceaseless Edge|p1a: Alomomola
|-damage|p1a: Alomomola|65/100
|-sidestart|p1: miffyc|Spikes
|move|p1a: Alomomola|Body Slam|p2a: Samurott
|-damage|p2a: Samurott|81/100
|
|-sideend|p2: Slendy3214|move: Tailwind
|upkeep
|turn|9
|inactive|Slendy3214 has 120 seconds left.
|
|t:|1760761414
|move|p2a: Samurott|Ceaseless Edge|p1a: Alomomola
|-damage|p1a: Alomomola|30/100
|-sidestart|p1: miffyc|Spikes
|move|p1a: Alomomola|Flip Turn|p2a: Samurott
|-resisted|p2a: Samurott
|-damage|p2a: Samurott|71/100
|
|t:|1760761418
|switch|p1a: Landorus|Landorus-Therian, M|100/100|[from] Flip Turn
|-ability|p1a: Landorus|Intimidate|boost
|-unboost|p2a: Samurott|atk|1
|
|upkeep
|turn|10
|
|t:|1760761428
|-terastallize|p1a: Landorus|Flying
|move|p1a: Landorus|Tera Blast|p2a: Samurott|[anim] Tera Blast Flying
|-damage|p2a: Samurott|0 fnt
|faint|p2a: Samurott
|
|upkeep
|inactive|Slendy3214 has 120 seconds left.
|
|t:|1760761444
|switch|p2a: Goodra|Goodra-Hisui, M|100/100
|turn|11
|inactive|Slendy3214 has 120 seconds left.
|
|t:|1760761469
|switch|p1a: Moltres|Moltres|100/100
|move|p2a: Goodra|Thunderbolt|p1a: Moltres
|-supereffective|p1a: Moltres
|-damage|p1a: Moltres|38/100
|
|upkeep
|turn|12
|
|t:|1760761476
|move|p1a: Moltres|Roost|p1a: Moltres
|-heal|p1a: Moltres|88/100
|-singleturn|p1a: Moltres|move: Roost
|move|p2a: Goodra|Surf|p1a: Moltres
|-supereffective|p1a: Moltres
|-damage|p1a: Moltres|28/100
|
|upkeep
|turn|13
|
|t:|1760761483
|switch|p1a: Alomomola|Alomomola, F|63/100
|-damage|p1a: Alomomola|46/100|[from] Spikes
|move|p2a: Goodra|Surf|p1a: Alomomola
|-resisted|p1a: Alomomola
|-damage|p1a: Alomomola|39/100
|
|upkeep
|turn|14
|
|t:|1760761491
|move|p2a: Goodra|Dragon Pulse|p1a: Alomomola
|-damage|p1a: Alomomola|20/100
|move|p1a: Alomomola|Flip Turn|p2a: Goodra
|-resisted|p2a: Goodra
|-damage|p2a: Goodra|94/100
|
|t:|1760761494
|switch|p1a: Landorus|Landorus-Therian, M, tera:Flying|100/100|[from] Flip Turn
|-ability|p1a: Landorus|Intimidate|boost
|-unboost|p2a: Goodra|atk|1
|
|upkeep
|turn|15
|
|t:|1760761498
|move|p1a: Landorus|Earthquake|p2a: Goodra
|-supereffective|p2a: Goodra
|-damage|p2a: Goodra|0 fnt
|faint|p2a: Goodra
|
|upkeep
|
|t:|1760761505
|switch|p2a: Skeledirge|Skeledirge, F, shiny|100/100
|turn|16
|
|t:|1760761507
|move|p1a: Landorus|Earthquake|p2a: Skeledirge
|-supereffective|p2a: Skeledirge
|-damage|p2a: Skeledirge|11/100
|move|p2a: Skeledirge|Will-O-Wisp|p1a: Landorus|[miss]
|-miss|p2a: Skeledirge|p1a: Landorus
|
|upkeep
|turn|17
|
|t:|1760761513
|move|p1a: Landorus|Earthquake|p2a: Skeledirge
|-supereffective|p2a: Skeledirge
|-damage|p2a: Skeledirge|0 fnt
|faint|p2a: Skeledirge
|
|upkeep
|
|t:|1760761514
|switch|p2a: Zamazenta|Zamazenta, shiny|100/100
|-ability|p2a: Zamazenta|Dauntless Shield|boost
|-boost|p2a: Zamazenta|def|1
|turn|18
|
|t:|1760761517
|switch|p1a: Moltres|Moltres|28/100
|move|p2a: Zamazenta|Body Press|p1a: Moltres
|-resisted|p1a: Moltres
|-damage|p1a: Moltres|10/100
|
|upkeep
|turn|19
|
|t:|1760761521
|move|p2a: Zamazenta|Iron Defense|p2a: Zamazenta
|-boost|p2a: Zamazenta|def|2
|move|p1a: Moltres|Flamethrower|p2a: Zamazenta
|-damage|p2a: Zamazenta|73/100
|
|-heal|p2a: Zamazenta|79/100|[from] item: Leftovers
|upkeep
|turn|20
|
|t:|1760761524
|move|p2a: Zamazenta|Iron Defense|p2a: Zamazenta
|-boost|p2a: Zamazenta|def|2
|move|p1a: Moltres|Will-O-Wisp|p2a: Zamazenta
|-status|p2a: Zamazenta|brn
|
|-heal|p2a: Zamazenta|85/100 brn|[from] item: Leftovers
|-damage|p2a: Zamazenta|79/100 brn|[from] brn
|upkeep
|turn|21
|
|t:|1760761527
|move|p2a: Zamazenta|Body Press|p1a: Moltres
|-resisted|p1a: Moltres
|-damage|p1a: Moltres|0 fnt
|faint|p1a: Moltres
|
|-heal|p2a: Zamazenta|85/100 brn|[from] item: Leftovers
|-damage|p2a: Zamazenta|79/100 brn|[from] brn
|upkeep
|
|t:|1760761530
|switch|p1a: Great Tusk|Great Tusk|100/100
|turn|22
|
|t:|1760761533
|move|p2a: Zamazenta|Body Press|p1a: Great Tusk
|-damage|p1a: Great Tusk|62/100
|move|p1a: Great Tusk|Rapid Spin|p2a: Zamazenta
|-damage|p2a: Zamazenta|76/100 brn
|-boost|p1a: Great Tusk|spe|1
|-sideend|p1: miffyc|Spikes|[from] move: Rapid Spin|[of] p1a: Great Tusk
|
|-heal|p2a: Zamazenta|82/100 brn|[from] item: Leftovers
|-damage|p2a: Zamazenta|76/100 brn|[from] brn
|upkeep
|turn|23
|
|t:|1760761544
|move|p1a: Great Tusk|Ice Spinner|p2a: Zamazenta
|-damage|p2a: Zamazenta|71/100 brn
|move|p2a: Zamazenta|Body Press|p1a: Great Tusk
|-damage|p1a: Great Tusk|27/100
|
|-heal|p2a: Zamazenta|77/100 brn|[from] item: Leftovers
|-damage|p2a: Zamazenta|71/100 brn|[from] brn
|upkeep
|turn|24
|
|t:|1760761548
|move|p1a: Great Tusk|Headlong Rush|p2a: Zamazenta
|-damage|p2a: Zamazenta|61/100 brn
|-unboost|p1a: Great Tusk|def|1
|-unboost|p1a: Great Tusk|spd|1
|move|p2a: Zamazenta|Iron Defense|p2a: Zamazenta
|-boost|p2a: Zamazenta|def|1
|
|-heal|p2a: Zamazenta|67/100 brn|[from] item: Leftovers
|-damage|p2a: Zamazenta|61/100 brn|[from] brn
|upkeep
|turn|25
|
|t:|1760761551
|move|p1a: Great Tusk|Headlong Rush|p2a: Zamazenta
|-damage|p2a: Zamazenta|50/100 brn
|-unboost|p1a: Great Tusk|def|1
|-unboost|p1a: Great Tusk|spd|1
|move|p2a: Zamazenta|Body Press|p1a: Great Tusk
|-damage|p1a: Great Tusk|0 fnt
|faint|p1a: Great Tusk
|-end|p1a: Great Tusk|Protosynthesis|[silent]
|
|-heal|p2a: Zamazenta|56/100 brn|[from] item: Leftovers
|-damage|p2a: Zamazenta|50/100 brn|[from] brn
|upkeep
|
|t:|1760761554
|switch|p1a: Landorus|Landorus-Therian, M, tera:Flying|100/100
|-ability|p1a: Landorus|Intimidate|boost
|-unboost|p2a: Zamazenta|atk|1
|turn|26
|
|t:|1760761559
|move|p1a: Landorus|Tera Blast|p2a: Zamazenta|[anim] Tera Blast Flying
|-supereffective|p2a: Zamazenta
|-damage|p2a: Zamazenta|26/100 brn
|move|p2a: Zamazenta|Body Press|p1a: Landorus
|-resisted|p1a: Landorus
|-damage|p1a: Landorus|59/100
|
|-heal|p2a: Zamazenta|32/100 brn|[from] item: Leftovers
|-damage|p2a: Zamazenta|26/100 brn|[from] brn
|upkeep
|turn|27
|
|t:|1760761569
|move|p1a: Landorus|Tera Blast|p2a: Zamazenta|[anim] Tera Blast Flying
|-supereffective|p2a: Zamazenta
|-damage|p2a: Zamazenta|3/100 brn
|move|p2a: Zamazenta|Body Press|p1a: Landorus
|-resisted|p1a: Landorus
|-damage|p1a: Landorus|22/100
|
|-heal|p2a: Zamazenta|9/100 brn|[from] item: Leftovers
|-damage|p2a: Zamazenta|3/100 brn|[from] brn
|upkeep
|turn|28
|
|t:|1760761591
|move|p1a: Landorus|Tera Blast|p2a: Zamazenta|[anim] Tera Blast Flying
|-supereffective|p2a: Zamazenta
|-damage|p2a: Zamazenta|0 fnt
|faint|p2a: Zamazenta
|
|win|miffyc
|raw|miffyc's rating: 1343 &rarr; <strong>1364</strong><br />(+21 for winning)
|raw|Slendy3214's rating: 1356 &rarr; <strong>1335</strong><br />(-21 for losing)
|l|☆Slendy3214
|player|p2|
|l|☆miffyc
|player|p1|
