|j|☆Jakedagreat94
|j|☆Esteh Ole
|t:|1760818870
|gametype|singles
|player|p1|Jakedagreat94|265|1251
|player|p2|Esteh Ole|palmer|1236
|gen|9
|tier|[Gen 9] OU
|rated|
|rule|HP Percentage Mod: HP is shown in percentages
|rule|Endless Battle Clause: Forcing endless battles is banned
|rule|Species Clause: Limit one of each Pokémon
|rule|OHKO Clause: OHKO moves are banned
|rule|Evasion Items Clause: Evasion items are banned
|rule|Evasion Moves Clause: Evasion moves are banned
|rule|Evasion Abilities Clause: Evasion abilities are banned
|rule|Sleep Moves Clause: Sleep-inducing moves are banned
|clearpoke
|poke|p1|Dragonite, F|
|poke|p1|Zamazenta-*|
|poke|p1|Landorus-Therian, M|
|poke|p1|Gholdengo|
|poke|p1|Darkrai|
|poke|p1|Hatterene, F|
|poke|p2|Alomomola, F|
|poke|p2|Sinistcha|
|poke|p2|Slowking-Galar, M|
|poke|p2|Grimmsnarl, M|
|poke|p2|Cinderace, F|
|poke|p2|Inteleon, F|
|teampreview
|inactive|Battle timer is ON: inactive players will automatically lose when time's up. (requested by Esteh Ole)
|
|t:|1760818878
|teamsize|p1|6
|teamsize|p2|6
|start
|switch|p1a: Gholdengo|Gholdengo|100/100
|switch|p2a: Grimmsnarl|Grimmsnarl, M|100/100
|turn|1
|
|t:|1760818887
|move|p2a: Grimmsnarl|Parting Shot|p1a: Gholdengo
|-immune|p1a: Gholdengo|[from] ability: Good as Gold
|move|p1a: Gholdengo|Make It Rain|p2a: Grimmsnarl
|-supereffective|p2a: Grimmsnarl
|-damage|p2a: Grimmsnarl|0 fnt
|-unboost|p1a: Gholdengo|spa|1
|faint|p2a: Grimmsnarl
|
|upkeep
|
|t:|1760818905
|switch|p2a: Cinderace|Cinderace, F|100/100
|turn|2
|
|t:|1760818909
|switch|p1a: Landorus|Landorus-Therian, M|100/100
|-ability|p1a: Landorus|Intimidate|boost
|-unboost|p2a: Cinderace|atk|1
|move|p2a: Cinderace|Will-O-Wisp|p1a: Landorus
|-status|p1a: Landorus|brn
|
|-damage|p1a: Landorus|94/100 brn|[from] brn
|upkeep
|turn|3
|
|t:|1760818919
|switch|p2a: Alomomola|Alomomola, F|100/100
|move|p1a: Landorus|Stealth Rock|p2a: Alomomola
|-sidestart|p2: Esteh Ole|move: Stealth Rock
|
|-damage|p1a: Landorus|88/100 brn|[from] brn
|upkeep
|turn|4
|
|t:|1760818927
|move|p1a: Landorus|Taunt|p2a: Alomomola
|-start|p2a: Alomomola|move: Taunt
|move|p2a: Alomomola|Flip Turn|p1a: Landorus
|-supereffective|p1a: Landorus
|-damage|p1a: Landorus|57/100 brn
|-damage|p2a: Alomomola|84/100|[from] item: Rocky Helmet|[of] p1a: Landorus
|
|t:|1760818938
|switch|p2a: Sinistcha|Sinistcha|100/100|[from] Flip Turn
|-damage|p2a: Sinistcha|88/100|[from] Stealth Rock
|
|-damage|p1a: Landorus|51/100 brn|[from] brn
|upkeep
|turn|5
|
|t:|1760818945
|move|p1a: Landorus|U-turn|p2a: Sinistcha
|-damage|p2a: Sinistcha|80/100
|
|t:|1760818955
|switch|p1a: Hatterene|Hatterene, F|100/100|[from] U-turn
|move|p2a: Sinistcha|Calm Mind|p2a: Sinistcha
|-boost|p2a: Sinistcha|spa|1
|-boost|p2a: Sinistcha|spd|1
|
|upkeep
|turn|6
|
|t:|1760818963
|move|p2a: Sinistcha|Shadow Ball|p1a: Hatterene
|-supereffective|p1a: Hatterene
|-damage|p1a: Hatterene|36/100
|move|p1a: Hatterene|Mystical Fire|p2a: Sinistcha
|-supereffective|p2a: Sinistcha
|-damage|p2a: Sinistcha|58/100
|-unboost|p2a: Sinistcha|spa|1
|
|upkeep
|turn|7
|
|t:|1760818972
|move|p2a: Sinistcha|Shadow Ball|p1a: Hatterene
|-supereffective|p1a: Hatterene
|-damage|p1a: Hatterene|0 fnt
|faint|p1a: Hatterene
|
|upkeep
|
|t:|1760818977
|switch|p1a: Darkrai|Darkrai|100/100
|turn|8
|
|t:|1760818983
|-terastallize|p2a: Sinistcha|Poison
|move|p1a: Darkrai|Dark Pulse|p2a: Sinistcha
|-damage|p2a: Sinistcha|28/100
|move|p2a: Sinistcha|Strength Sap|p1a: Darkrai
|-unboost|p1a: Darkrai|atk|1
|-heal|p2a: Sinistcha|76/100
|
|upkeep
|turn|9
|
|t:|1760818998
|move|p1a: Darkrai|Dark Pulse|p2a: Sinistcha
|-damage|p2a: Sinistcha|46/100
|cant|p2a: Sinistcha|flinch
|
|upkeep
|turn|10
|
|t:|1760819007
|move|p1a: Darkrai|Dark Pulse|p2a: Sinistcha
|-damage|p2a: Sinistcha|16/100
|move|p2a: Sinistcha|Matcha Gotcha|p1a: Darkrai
|-damage|p1a: Darkrai|62/100
|-heal|p2a: Sinistcha|34/100|[from] drain|[of] p1a: Darkrai
|
|upkeep
|turn|11
|
|t:|1760819021
|move|p1a: Darkrai|Dark Pulse|p2a: Sinistcha
|-damage|p2a: Sinistcha|0 fnt
|faint|p2a: Sinistcha
|
|upkeep
|
|t:|1760819030
|switch|p2a: Cinderace|Cinderace, F|100/100
|turn|12
|
|t:|1760819033
|switch|p1a: Gholdengo|Gholdengo|100/100
|move|p2a: Cinderace|Court Change|p2a: Cinderace
|-start|p2a: Cinderace|typechange|Normal|[from] ability: Libero
|-swapsideconditions
|-activate|p2a: Cinderace|move: Court Change
|
|upkeep
|turn|13
|
|t:|1760819042
|switch|p1a: Landorus|Landorus-Therian, M|51/100 brn
|-damage|p1a: Landorus|38/100 brn|[from] Stealth Rock
|-ability|p1a: Landorus|Intimidate|boost
|-unboost|p2a: Cinderace|atk|1
|move|p2a: Cinderace|Pyro Ball|p1a: Landorus
|-damage|p1a: Landorus|16/100 brn
|
|-damage|p1a: Landorus|10/100 brn|[from] brn
|upkeep
|turn|14
|
|t:|1760819052
|move|p2a: Cinderace|Pyro Ball|p1a: Landorus|[miss]
|-miss|p2a: Cinderace|p1a: Landorus
|move|p1a: Landorus|Stealth Rock|p2a: Cinderace
|-sidestart|p2: Esteh Ole|move: Stealth Rock
|
|-damage|p1a: Landorus|4/100 brn|[from] brn
|upkeep
|turn|15
|
|t:|1760819059
|move|p2a: Cinderace|Pyro Ball|p1a: Landorus
|-damage|p1a: Landorus|0 fnt
|faint|p1a: Landorus
|
|upkeep
|
|t:|1760819064
|switch|p1a: Zamazenta|Zamazenta|100/100
|-damage|p1a: Zamazenta|94/100|[from] Stealth Rock
|-ability|p1a: Zamazenta|Dauntless Shield|boost
|-boost|p1a: Zamazenta|def|1
|turn|16
|
|t:|1760819070
|switch|p2a: Slowking|Slowking-Galar, M|100/100
|move|p1a: Zamazenta|Body Press|p2a: Slowking
|-resisted|p2a: Slowking
|-damage|p2a: Slowking|85/100
|
|-heal|p1a: Zamazenta|100/100|[from] item: Leftovers
|upkeep
|turn|17
|
|t:|1760819083
|switch|p1a: Darkrai|Darkrai|62/100
|-prepare|p2a: Slowking|Chilly Reception|[premajor]
|move|p2a: Slowking|Chilly Reception|p2a: Slowking
|-weather|Snowscape
|
|t:|1760819092
|switch|p2a: Cinderace|Cinderace, F|100/100|[from] Chilly Reception
|
|-weather|Snowscape|[upkeep]
|upkeep
|turn|18
|
|t:|1760819098
|move|p1a: Darkrai|Dark Pulse|p2a: Cinderace
|-damage|p2a: Cinderace|44/100
|move|p2a: Cinderace|U-turn|p1a: Darkrai
|-start|p2a: Cinderace|typechange|Bug|[from] ability: Libero
|-supereffective|p1a: Darkrai
|-damage|p1a: Darkrai|0 fnt
|faint|p1a: Darkrai
|
|t:|1760819111
|switch|p2a: Inteleon|Inteleon, F|100/100|[from] U-turn
|-damage|p2a: Inteleon|88/100|[from] Stealth Rock
|
|-weather|Snowscape|[upkeep]
|-heal|p2a: Inteleon|94/100|[from] item: Leftovers
|upkeep
|
|t:|1760819115
|switch|p1a: Gholdengo|Gholdengo|100/100
|-damage|p1a: Gholdengo|94/100|[from] Stealth Rock
|turn|19
|
|t:|1760819126
|move|p2a: Inteleon|Snipe Shot|p1a: Gholdengo
|-damage|p1a: Gholdengo|49/100
|move|p1a: Gholdengo|Thunderbolt|p2a: Inteleon
|-supereffective|p2a: Inteleon
|-damage|p2a: Inteleon|0 fnt
|faint|p2a: Inteleon
|
|-weather|Snowscape|[upkeep]
|upkeep
|
|t:|1760819135
|switch|p2a: Cinderace|Cinderace, F|44/100
|turn|20
|
|t:|1760819141
|switch|p1a: Zamazenta|Zamazenta|100/100
|-damage|p1a: Zamazenta|94/100|[from] Stealth Rock
|move|p2a: Cinderace|Will-O-Wisp|p1a: Zamazenta
|-status|p1a: Zamazenta|brn
|
|-weather|Snowscape|[upkeep]
|-heal|p1a: Zamazenta|100/100 brn|[from] item: Leftovers
|-damage|p1a: Zamazenta|94/100 brn|[from] brn
|upkeep
|turn|21
|
|t:|1760819152
|switch|p2a: Slowking|Slowking-Galar, M|100/100
|move|p1a: Zamazenta|Crunch|p2a: Slowking
|-supereffective|p2a: Slowking
|-damage|p2a: Slowking|80/100
|-unboost|p2a: Slowking|def|1
|
|-weather|none
|-heal|p1a: Zamazenta|100/100 brn|[from] item: Leftovers
|-damage|p1a: Zamazenta|94/100 brn|[from] brn
|upkeep
|turn|22
|
|t:|1760819164
|move|p1a: Zamazenta|Crunch|p2a: Slowking
|-supereffective|p2a: Slowking
|-damage|p2a: Slowking|49/100
|-unboost|p2a: Slowking|def|1
|-prepare|p2a: Slowking|Chilly Reception|[premajor]
|move|p2a: Slowking|Chilly Reception|p2a: Slowking
|-weather|Snowscape
|
|t:|1760819172
|switch|p2a: Alomomola|Alomomola, F|100/100|[from] Chilly Reception
|-damage|p2a: Alomomola|88/100|[from] Stealth Rock
|
|-weather|Snowscape|[upkeep]
|-heal|p1a: Zamazenta|100/100 brn|[from] item: Leftovers
|-damage|p1a: Zamazenta|94/100 brn|[from] brn
|upkeep
|turn|23
|
|t:|1760819182
|move|p2a: Alomomola|Wish|p2a: Alomomola
|move|p1a: Zamazenta|Roar|p2a: Alomomola
|drag|p2a: Slowking|Slowking-Galar, M|82/100
|
|-weather|Snowscape|[upkeep]
|-heal|p1a: Zamazenta|100/100 brn|[from] item: Leftovers
|-damage|p1a: Zamazenta|94/100 brn|[from] brn
|upkeep
|turn|24
|
|t:|1760819192
|move|p1a: Zamazenta|Crunch|p2a: Slowking
|-supereffective|p2a: Slowking
|-damage|p2a: Slowking|59/100
|move|p2a: Slowking|Psychic Noise|p1a: Zamazenta
|-supereffective|p1a: Zamazenta
|-damage|p1a: Zamazenta|37/100 brn
|-start|p1a: Zamazenta|move: Heal Block
|
|-weather|Snowscape|[upkeep]
|-heal|p2a: Slowking|100/100|[from] move: Wish|[wisher] Alomomola
|-damage|p1a: Zamazenta|31/100 brn|[from] brn
|upkeep
|turn|25
|
|t:|1760819205
|move|p1a: Zamazenta|Crunch|p2a: Slowking
|-supereffective|p2a: Slowking
|-damage|p2a: Slowking|78/100
|move|p2a: Slowking|Psychic Noise|p1a: Zamazenta
|-supereffective|p1a: Zamazenta
|-damage|p1a: Zamazenta|0 fnt
|faint|p1a: Zamazenta
|
|-weather|Snowscape|[upkeep]
|upkeep
|
|t:|1760819209
|switch|p1a: Dragonite|Dragonite, F|100/100
|-damage|p1a: Dragonite|76/100|[from] Stealth Rock
|turn|26
|
|t:|1760819219
|switch|p2a: Alomomola|Alomomola, F|100/100
|-damage|p2a: Alomomola|88/100|[from] Stealth Rock
|-terastallize|p1a: Dragonite|Flying
|move|p1a: Dragonite|Dragon Dance|p1a: Dragonite
|-boost|p1a: Dragonite|atk|1
|-boost|p1a: Dragonite|spe|1
|
|-weather|none
|upkeep
|turn|27
|
|t:|1760819230
|move|p1a: Dragonite|Tera Blast|p2a: Alomomola|[anim] Tera Blast Flying
|-damage|p2a: Alomomola|39/100
|move|p2a: Alomomola|Tickle|p1a: Dragonite
|-unboost|p1a: Dragonite|atk|1
|-unboost|p1a: Dragonite|def|1
|
|upkeep
|turn|28
|
|t:|1760819245
|move|p1a: Dragonite|Tera Blast|p2a: Alomomola|[anim] Tera Blast Flying
|-damage|p2a: Alomomola|6/100
|move|p2a: Alomomola|Wish|p2a: Alomomola
|
|upkeep
|turn|29
|
|t:|1760819251
|move|p2a: Alomomola|Protect|p2a: Alomomola
|-singleturn|p2a: Alomomola|Protect
|move|p1a: Dragonite|Tera Blast|p2a: Alomomola|[anim] Tera Blast Flying
|-activate|p2a: Alomomola|move: Protect
|
|-heal|p2a: Alomomola|56/100|[from] move: Wish|[wisher] Alomomola
|upkeep
|turn|30
|
|t:|1760819260
|move|p1a: Dragonite|Tera Blast|p2a: Alomomola|[anim] Tera Blast Flying
|-damage|p2a: Alomomola|26/100
|move|p2a: Alomomola|Tickle|p1a: Dragonite
|-unboost|p1a: Dragonite|atk|1
|-unboost|p1a: Dragonite|def|1
|
|upkeep
|turn|31
|
|t:|1760819280
|switch|p1a: Gholdengo|Gholdengo|49/100
|-damage|p1a: Gholdengo|43/100|[from] Stealth Rock
|switch|p2a: Slowking|Slowking-Galar, M|100/100
|
|upkeep
|turn|32
|inactive|Jakedagreat94 has 120 seconds left.
|inactive|Jakedagreat94 has 90 seconds left.
|inactive|Jakedagreat94 has 60 seconds left.
|inactive|Jakedagreat94 has 30 seconds left.
|inactive|Jakedagreat94 has 20 seconds left.
|inactive|Jakedagreat94 has 15 seconds left.
|inactive|Jakedagreat94 has 10 seconds left.
|inactive|Jakedagreat94 has 5 seconds left.
|c|☆Esteh Ole|Go
|c|☆Esteh Ole|co
|-message|Jakedagreat94 lost due to inactivity.
|
|win|Esteh Ole
|raw|Jakedagreat94's rating: 1251 &rarr; <strong>1225</strong><br />(-26 for losing)
|raw|Esteh Ole's rating: 1236 &rarr; <strong>1262</strong><br />(+26 for winning)
|l|☆Esteh Ole
|player|p2|
