|j|☆azad555
|j|☆pokemon306
|t:|1760767064
|gametype|singles
|player|p1|azad555|170|1437
|player|p2|pokemon306|acetrainerf|1424
|gen|9
|tier|[Gen 9] OU
|rated|
|rule|HP Percentage Mod: HP is shown in percentages
|rule|Endless Battle Clause: Forcing endless battles is banned
|rule|Species Clause: Limit one of each Pokémon
|rule|OHKO Clause: OHKO moves are banned
|rule|Evasion Items Clause: Evasion items are banned
|rule|Evasion Moves Clause: Evasion moves are banned
|rule|Evasion Abilities Clause: Evasion abilities are banned
|rule|Sleep Moves Clause: Sleep-inducing moves are banned
|clearpoke
|poke|p1|Cinderace, M|
|poke|p1|Serperior, M|
|poke|p1|Kingambit, M|
|poke|p1|Malamar, M|
|poke|p1|Vikavolt, M|
|poke|p1|Milotic, F|
|poke|p2|Tornadus-Therian, M|
|poke|p2|Zamazenta-*|
|poke|p2|Gholdengo|
|poke|p2|Ting-Lu|
|poke|p2|Iron Treads|
|poke|p2|Raging Bolt|
|teampreview
|
|t:|1760767072
|teamsize|p1|6
|teamsize|p2|6
|start
|switch|p1a: Cummer|Vikavolt, M|100/100
|switch|p2a: Ting-Lu|Ting-Lu|100/100
|-ability|p2a: Ting-Lu|Vessel of Ruin
|turn|1
|
|t:|1760767080
|move|p2a: Ting-Lu|Stealth Rock|p1a: Cummer
|-sidestart|p1: azad555|move: Stealth Rock
|move|p1a: Cummer|Sticky Web|p2a: Ting-Lu
|-sidestart|p2: pokemon306|move: Sticky Web
|
|upkeep
|turn|2
|inactive|Battle timer is ON: inactive players will automatically lose when time's up. (requested by azad555)
|
|t:|1760767098
|switch|p2a: Iron Treads|Iron Treads|100/100
|-activate|p2a: Iron Treads|move: Sticky Web
|-unboost|p2a: Iron Treads|spe|1
|-enditem|p2a: Iron Treads|Booster Energy
|-activate|p2a: Iron Treads|ability: Quark Drive|[fromitem]
|-start|p2a: Iron Treads|quarkdriveatk
|move|p1a: Cummer|Bug Buzz|p2a: Iron Treads
|-resisted|p2a: Iron Treads
|-damage|p2a: Iron Treads|71/100
|
|upkeep
|turn|3
|
|t:|1760767115
|-terastallize|p1a: Cummer|Ghost
|move|p2a: Iron Treads|Rapid Spin|p1a: Cummer
|-immune|p1a: Cummer
|move|p1a: Cummer|Energy Ball|p2a: Iron Treads
|-damage|p2a: Iron Treads|31/100
|
|upkeep
|turn|4
|
|t:|1760767135
|move|p2a: Iron Treads|Stone Edge|p1a: Cummer
|-damage|p1a: Cummer|70/100
|move|p1a: Cummer|Energy Ball|p2a: Iron Treads
|-crit|p2a: Iron Treads
|-damage|p2a: Iron Treads|0 fnt
|faint|p2a: Iron Treads
|-end|p2a: Iron Treads|Quark Drive|[silent]
|
|upkeep
|inactive|pokemon306 has 120 seconds left.
|
|t:|1760767154
|switch|p2a: Raging Bolt|Raging Bolt|100/100
|-activate|p2a: Raging Bolt|move: Sticky Web
|-unboost|p2a: Raging Bolt|spe|1
|-enditem|p2a: Raging Bolt|Booster Energy
|-activate|p2a: Raging Bolt|ability: Protosynthesis|[fromitem]
|-start|p2a: Raging Bolt|protosynthesisspa
|turn|5
|inactive|pokemon306 has 120 seconds left.
|
|t:|1760767164
|move|p2a: Raging Bolt|Calm Mind|p2a: Raging Bolt
|-boost|p2a: Raging Bolt|spa|1
|-boost|p2a: Raging Bolt|spd|1
|move|p1a: Cummer|Volt Switch|p2a: Raging Bolt
|-resisted|p2a: Raging Bolt
|-damage|p2a: Raging Bolt|95/100
|
|t:|1760767170
|switch|p1a: Surprisedmf|Cinderace, M|100/100|[from] Volt Switch
|
|upkeep
|turn|6
|inactive|pokemon306 has 120 seconds left.
|
|t:|1760767186
|move|p1a: Surprisedmf|Court Change|p1a: Surprisedmf
|-start|p1a: Surprisedmf|typechange|Normal|[from] ability: Libero
|-swapsideconditions
|-activate|p1a: Surprisedmf|move: Court Change
|move|p2a: Raging Bolt|Thunderbolt|p1a: Surprisedmf
|-damage|p1a: Surprisedmf|0 fnt
|faint|p1a: Surprisedmf
|
|upkeep
|
|t:|1760767201
|switch|p1a: Don't kick|Kingambit, M|100/100
|-activate|p1a: Don't kick|move: Sticky Web
|-unboost|p1a: Don't kick|spe|1
|-ability|p1a: Don't kick|Defiant|boost
|-boost|p1a: Don't kick|atk|2
|turn|7
|inactive|pokemon306 has 120 seconds left.
|
|t:|1760767222
|-terastallize|p2a: Raging Bolt|Fairy
|move|p2a: Raging Bolt|Thunderbolt|p1a: Don't kick
|-damage|p1a: Don't kick|0 fnt
|faint|p1a: Don't kick
|
|upkeep
|
|t:|1760767236
|switch|p1a: Reverse snake|Serperior, M, shiny|100/100
|-activate|p1a: Reverse snake|move: Sticky Web
|-boost|p1a: Reverse snake|spe|1
|turn|8
|
|t:|1760767242
|move|p1a: Reverse snake|Leaf Storm|p2a: Raging Bolt
|-damage|p2a: Raging Bolt|66/100
|-boost|p1a: Reverse snake|spa|2
|move|p2a: Raging Bolt|Dragon Pulse|p1a: Reverse snake
|-damage|p1a: Reverse snake|22/100
|
|upkeep
|turn|9
|
|t:|1760767251
|move|p1a: Reverse snake|Leaf Storm|p2a: Raging Bolt
|-damage|p2a: Raging Bolt|10/100
|-boost|p1a: Reverse snake|spa|2
|move|p2a: Raging Bolt|Dragon Pulse|p1a: Reverse snake
|-damage|p1a: Reverse snake|0 fnt
|faint|p1a: Reverse snake
|
|upkeep
|
|t:|1760767256
|switch|p1a: Supervillain|Malamar, M, shiny|100/100
|-activate|p1a: Supervillain|move: Sticky Web
|-boost|p1a: Supervillain|spe|1
|turn|10
|
|t:|1760767271
|move|p2a: Raging Bolt|Thunderclap|p1a: Supervillain
|-damage|p1a: Supervillain|29/100
|move|p1a: Supervillain|Superpower|p2a: Raging Bolt
|-resisted|p2a: Raging Bolt
|-damage|p2a: Raging Bolt|0 fnt
|-boost|p1a: Supervillain|atk|1
|-boost|p1a: Supervillain|def|1
|faint|p2a: Raging Bolt
|-end|p2a: Raging Bolt|Protosynthesis|[silent]
|
|upkeep
|
|t:|1760767282
|switch|p2a: Ting-Lu|Ting-Lu|100/100
|-damage|p2a: Ting-Lu|94/100|[from] Stealth Rock
|-ability|p2a: Ting-Lu|Vessel of Ruin
|turn|11
|
|t:|1760767291
|move|p1a: Supervillain|Superpower|p2a: Ting-Lu
|-supereffective|p2a: Ting-Lu
|-damage|p2a: Ting-Lu|39/100
|-boost|p1a: Supervillain|atk|1
|-boost|p1a: Supervillain|def|1
|-enditem|p2a: Ting-Lu|Weakness Policy
|-boost|p2a: Ting-Lu|atk|2|[from] item: Weakness Policy
|-boost|p2a: Ting-Lu|spa|2|[from] item: Weakness Policy
|move|p2a: Ting-Lu|Payback|p1a: Supervillain
|-damage|p1a: Supervillain|0 fnt
|faint|p1a: Supervillain
|
|upkeep
|
|t:|1760767303
|switch|p1a: Cummer|Vikavolt, M, tera:Ghost|70/100
|turn|12
|
|t:|1760767316
|move|p2a: Ting-Lu|Payback|p1a: Cummer
|-supereffective|p1a: Cummer
|-damage|p1a: Cummer|0 fnt
|faint|p1a: Cummer
|
|upkeep
|
|t:|1760767319
|switch|p1a: Baddie|Milotic, F, shiny|100/100
|-activate|p1a: Baddie|move: Sticky Web
|-unboost|p1a: Baddie|spe|1
|-ability|p1a: Baddie|Competitive|boost
|-boost|p1a: Baddie|spa|2
|turn|13
|
|t:|1760767328
|move|p1a: Baddie|Coil|p1a: Baddie
|-boost|p1a: Baddie|atk|1
|-boost|p1a: Baddie|def|1
|-boost|p1a: Baddie|accuracy|1
|move|p2a: Ting-Lu|Payback|p1a: Baddie
|-damage|p1a: Baddie|36/100
|
|upkeep
|turn|14
|
|t:|1760767335
|move|p1a: Baddie|Hydro Pump|p2a: Ting-Lu
|-supereffective|p2a: Ting-Lu
|-damage|p2a: Ting-Lu|0 fnt
|faint|p2a: Ting-Lu
|
|upkeep
|
|t:|1760767356
|switch|p2a: Zamazenta|Zamazenta|100/100
|-damage|p2a: Zamazenta|94/100|[from] Stealth Rock
|-ability|p2a: Zamazenta|Dauntless Shield|boost
|-boost|p2a: Zamazenta|def|1
|turn|15
|
|t:|1760767369
|move|p2a: Zamazenta|Body Press|p1a: Baddie
|-damage|p1a: Baddie|0 fnt
|faint|p1a: Baddie
|
|win|pokemon306
|raw|azad555's rating: 1437 &rarr; <strong>1416</strong><br />(-21 for losing)
|raw|pokemon306's rating: 1424 &rarr; <strong>1445</strong><br />(+21 for winning)
|l|☆azad555
|player|p1|
