|j|☆zangodse
|j|☆zebramessiah
|t:|1760761380
|gametype|singles
|player|p1|zangodse|brock|1073
|player|p2|zebramessiah|dancer|1070
|gen|9
|tier|[Gen 9] OU
|rated|
|rule|HP Percentage Mod: HP is shown in percentages
|rule|Endless Battle Clause: Forcing endless battles is banned
|rule|Species Clause: Limit one of each Pokémon
|rule|OHKO Clause: OHKO moves are banned
|rule|Evasion Items Clause: Evasion items are banned
|rule|Evasion Moves Clause: Evasion moves are banned
|rule|Evasion Abilities Clause: Evasion abilities are banned
|rule|Sleep Moves Clause: Sleep-inducing moves are banned
|clearpoke
|poke|p1|Comfey, M|
|poke|p1|Cinderace, F|
|poke|p1|Araquanid, M|
|poke|p1|Darkrai|
|poke|p1|Smeargle, F|
|poke|p1|Pecharunt|
|poke|p2|Reuniclus, M|
|poke|p2|Regidrago|
|poke|p2|Milotic, F|
|poke|p2|Lycanroc-Dusk, M|
|poke|p2|Pyroar, M|
|poke|p2|Conkeldurr, F|
|teampreview
|inactive|Battle timer is ON: inactive players will automatically lose when time's up. (requested by zangodse)
|
|t:|1760761393
|teamsize|p1|6
|teamsize|p2|6
|start
|switch|p1a: Araquanid|Araquanid, M|100/100
|switch|p2a: Lycanroc|Lycanroc-Dusk, M|100/100
|turn|1
|
|t:|1760761400
|move|p2a: Lycanroc|Stealth Rock|p1a: Araquanid
|-sidestart|p1: zangodse|move: Stealth Rock
|move|p1a: Araquanid|Sticky Web|p2a: Lycanroc
|-sidestart|p2: zebramessiah|move: Sticky Web
|
|upkeep
|turn|2
|
|t:|1760761411
|move|p2a: Lycanroc|Accelerock|p1a: Araquanid
|-supereffective|p1a: Araquanid
|-damage|p1a: Araquanid|47/100
|move|p1a: Araquanid|Hydro Pump|p2a: Lycanroc
|-supereffective|p2a: Lycanroc
|-enditem|p2a: Lycanroc|Focus Sash
|-damage|p2a: Lycanroc|1/100
|
|-heal|p1a: Araquanid|53/100|[from] item: Leftovers
|upkeep
|turn|3
|
|t:|1760761425
|move|p2a: Lycanroc|Accelerock|p1a: Araquanid
|-supereffective|p1a: Araquanid
|-damage|p1a: Araquanid|0 fnt
|faint|p1a: Araquanid
|
|upkeep
|
|t:|1760761441
|switch|p1a: Comfey|Comfey, M|100/100
|-damage|p1a: Comfey|88/100|[from] Stealth Rock
|turn|4
|
|t:|1760761445
|move|p1a: Comfey|Giga Drain|p2a: Lycanroc
|-supereffective|p2a: Lycanroc
|-damage|p2a: Lycanroc|0 fnt
|-heal|p1a: Comfey|89/100|[from] drain|[of] p2a: Lycanroc
|faint|p2a: Lycanroc
|
|-heal|p1a: Comfey|95/100|[from] item: Leftovers
|upkeep
|
|t:|1760761467
|switch|p2a: Reuniclus|Reuniclus, M|100/100
|-activate|p2a: Reuniclus|move: Sticky Web
|-unboost|p2a: Reuniclus|spe|1
|turn|5
|
|t:|1760761476
|move|p1a: Comfey|Calm Mind|p1a: Comfey
|-boost|p1a: Comfey|spa|1
|-boost|p1a: Comfey|spd|1
|move|p2a: Reuniclus|Substitute|p2a: Reuniclus
|-start|p2a: Reuniclus|Substitute
|-damage|p2a: Reuniclus|76/100
|
|-heal|p1a: Comfey|100/100|[from] item: Leftovers
|upkeep
|turn|6
|
|t:|1760761489
|move|p1a: Comfey|Calm Mind|p1a: Comfey
|-boost|p1a: Comfey|spa|1
|-boost|p1a: Comfey|spd|1
|move|p2a: Reuniclus|Future Sight|p1a: Comfey
|-start|p2a: Reuniclus|move: Future Sight
|
|upkeep
|turn|7
|
|t:|1760761501
|move|p1a: Comfey|Alluring Voice|p2a: Reuniclus
|-damage|p2a: Reuniclus|18/100
|move|p2a: Reuniclus|Tera Blast|p1a: Comfey
|-damage|p1a: Comfey|85/100
|
|-heal|p1a: Comfey|91/100|[from] item: Leftovers
|upkeep
|turn|8
|
|t:|1760761514
|move|p1a: Comfey|Alluring Voice|p2a: Reuniclus
|-damage|p2a: Reuniclus|0 fnt
|faint|p2a: Reuniclus
|
|-end|p1a: Comfey|move: Future Sight
|-damage|p1a: Comfey|57/100
|-heal|p1a: Comfey|63/100|[from] item: Leftovers
|upkeep
|
|t:|1760761523
|switch|p2a: Regidrago|Regidrago|100/100
|-activate|p2a: Regidrago|move: Sticky Web
|-unboost|p2a: Regidrago|spe|1
|turn|9
|
|t:|1760761531
|-terastallize|p2a: Regidrago|Steel
|move|p1a: Comfey|Alluring Voice|p2a: Regidrago
|-resisted|p2a: Regidrago
|-crit|p2a: Regidrago
|-damage|p2a: Regidrago|47/100
|move|p2a: Regidrago|Tera Blast|p1a: Comfey|[anim] Tera Blast Steel
|-supereffective|p1a: Comfey
|-damage|p1a: Comfey|17/100
|
|-heal|p1a: Comfey|23/100|[from] item: Leftovers
|upkeep
|turn|10
|
|t:|1760761552
|move|p1a: Comfey|Giga Drain|p2a: Regidrago
|-resisted|p2a: Regidrago
|-damage|p2a: Regidrago|27/100
|-heal|p1a: Comfey|45/100|[from] drain|[of] p2a: Regidrago
|move|p2a: Regidrago|Tera Blast|p1a: Comfey|[anim] Tera Blast Steel
|-supereffective|p1a: Comfey
|-damage|p1a: Comfey|0 fnt
|faint|p1a: Comfey
|
|upkeep
|
|t:|1760761562
|switch|p1a: Cinderace|Cinderace, F|100/100
|-damage|p1a: Cinderace|76/100|[from] Stealth Rock
|turn|11
|
|t:|1760761571
|switch|p2a: Milotic|Milotic, F|100/100
|-activate|p2a: Milotic|move: Sticky Web
|-unboost|p2a: Milotic|spe|1
|move|p1a: Cinderace|Pyro Ball|p2a: Milotic
|-resisted|p2a: Milotic
|-damage|p2a: Milotic|61/100
|
|-status|p2a: Milotic|brn|[from] item: Flame Orb
|upkeep
|turn|12
|
|t:|1760761582
|switch|p1a: Pecharunt|Pecharunt|100/100
|-damage|p1a: Pecharunt|88/100|[from] Stealth Rock
|move|p2a: Milotic|Recover|p2a: Milotic
|-heal|p2a: Milotic|100/100 brn
|
|-heal|p1a: Pecharunt|94/100|[from] item: Black Sludge
|-damage|p2a: Milotic|94/100 brn|[from] brn
|upkeep
|turn|13
|inactive|zebramessiah has 120 seconds left.
|
|t:|1760761617
|move|p1a: Pecharunt|Nasty Plot|p1a: Pecharunt
|-boost|p1a: Pecharunt|spa|2
|move|p2a: Milotic|Ice Beam|p1a: Pecharunt
|-damage|p1a: Pecharunt|67/100
|
|-heal|p1a: Pecharunt|73/100|[from] item: Black Sludge
|-damage|p2a: Milotic|88/100 brn|[from] brn
|upkeep
|turn|14
|
|t:|1760761626
|move|p1a: Pecharunt|Malignant Chain|p2a: Milotic
|-damage|p2a: Milotic|38/100 brn
|move|p2a: Milotic|Flip Turn|p1a: Pecharunt
|-damage|p1a: Pecharunt|69/100
|
|t:|1760761633
|switch|p2a: Pyroar|Pyroar, M|100/100|[from] Flip Turn
|
|-heal|p1a: Pecharunt|75/100|[from] item: Black Sludge
|upkeep
|turn|15
|
|t:|1760761640
|move|p2a: Pyroar|Dark Pulse|p1a: Pecharunt
|-supereffective|p1a: Pecharunt
|-damage|p1a: Pecharunt|21/100
|move|p1a: Pecharunt|Malignant Chain|p2a: Pyroar
|-damage|p2a: Pyroar|0 fnt
|faint|p2a: Pyroar
|
|-heal|p1a: Pecharunt|27/100|[from] item: Black Sludge
|upkeep
|inactive|zebramessiah has 120 seconds left.
|
|t:|1760761667
|switch|p2a: Conkeldurr|Conkeldurr, F|100/100
|-activate|p2a: Conkeldurr|move: Sticky Web
|-unboost|p2a: Conkeldurr|spe|1
|turn|16
|
|t:|1760761680
|move|p1a: Pecharunt|Recover|p1a: Pecharunt
|-heal|p1a: Pecharunt|77/100
|move|p2a: Conkeldurr|Dynamic Punch|p1a: Pecharunt
|-immune|p1a: Pecharunt
|
|-heal|p1a: Pecharunt|83/100|[from] item: Black Sludge
|upkeep
|turn|17
|
|t:|1760761693
|move|p1a: Pecharunt|Malignant Chain|p2a: Conkeldurr
|-damage|p2a: Conkeldurr|0 fnt
|faint|p2a: Conkeldurr
|
|-heal|p1a: Pecharunt|89/100|[from] item: Black Sludge
|upkeep
|
|t:|1760761713
|switch|p2a: Regidrago|Regidrago, tera:Steel|27/100
|-activate|p2a: Regidrago|move: Sticky Web
|-unboost|p2a: Regidrago|spe|1
|turn|18
|
|t:|1760761719
|move|p1a: Pecharunt|Shadow Ball|p2a: Regidrago
|-damage|p2a: Regidrago|0 fnt
|faint|p2a: Regidrago
|
|-heal|p1a: Pecharunt|95/100|[from] item: Black Sludge
|upkeep
|-message|zebramessiah forfeited.
|
|win|zangodse
|raw|zangodse's rating: 1073 &rarr; <strong>1102</strong><br />(+29 for winning)
|raw|zebramessiah's rating: 1070 &rarr; <strong>1050</strong><br />(-20 for losing)
|l|☆zebramessiah
|player|p2|
|l|☆zangodse
|player|p1|
