|j|☆thevoard3333
|j|☆basedraybans
|t:|1760829195
|gametype|singles
|player|p1|thevoard3333|266|1357
|player|p2|basedraybans|101|1386
|gen|9
|tier|[Gen 9] OU
|rated|
|rule|HP Percentage Mod: HP is shown in percentages
|rule|Endless Battle Clause: Forcing endless battles is banned
|rule|Species Clause: Limit one of each Pokémon
|rule|OHKO Clause: OHKO moves are banned
|rule|Evasion Items Clause: Evasion items are banned
|rule|Evasion Moves Clause: Evasion moves are banned
|rule|Evasion Abilities Clause: Evasion abilities are banned
|rule|Sleep Moves Clause: Sleep-inducing moves are banned
|clearpoke
|poke|p1|Greninja-*, M|
|poke|p1|Blaziken, F|
|poke|p1|Clodsire, F|
|poke|p1|Registeel|
|poke|p1|Tsareena, F|
|poke|p1|Mimikyu, M|
|poke|p2|Bronzong|
|poke|p2|Dragapult, F|
|poke|p2|Ting-Lu|
|poke|p2|Toxapex, F|
|poke|p2|Mandibuzz, F|
|poke|p2|Infernape, M|
|teampreview
|inactive|Battle timer is ON: inactive players will automatically lose when time's up. (requested by basedraybans)
|
|t:|1760829220
|teamsize|p1|6
|teamsize|p2|6
|start
|switch|p1a: Blaziken|Blaziken, F|100/100
|switch|p2a: Infernape|Infernape, M|100/100
|turn|1
|
|t:|1760829227
|switch|p2a: Toxapex|Toxapex, F|100/100
|move|p1a: Blaziken|Protect||[still]
|-fail|p1a: Blaziken
|
|-ability|p1a: Blaziken|Speed Boost|boost
|-boost|p1a: Blaziken|spe|1
|upkeep
|turn|2
|
|t:|1760829257
|switch|p1a: Registeel|Registeel|100/100
|move|p2a: Toxapex|Toxic Spikes|p1a: Registeel
|-sidestart|p1: thevoard3333|move: Toxic Spikes
|
|upkeep
|turn|3
|
|t:|1760829273
|switch|p2a: Mandibuzz|Mandibuzz, F|100/100
|move|p1a: Registeel|Iron Defense|p1a: Registeel
|-boost|p1a: Registeel|def|2
|
|upkeep
|turn|4
|
|t:|1760829283
|move|p2a: Mandibuzz|U-turn|p1a: Registeel
|-resisted|p1a: Registeel
|-damage|p1a: Registeel|99/100
|
|t:|1760829285
|switch|p2a: Toxapex|Toxapex, F|100/100|[from] U-turn
|move|p1a: Registeel|Body Press|p2a: Toxapex
|-resisted|p2a: Toxapex
|-damage|p2a: Toxapex|80/100
|-damage|p1a: Registeel|82/100|[from] item: Rocky Helmet|[of] p2a: Toxapex
|
|-heal|p1a: Registeel|88/100|[from] item: Leftovers
|upkeep
|turn|5
|
|t:|1760829292
|move|p1a: Registeel|Iron Defense|p1a: Registeel
|-boost|p1a: Registeel|def|2
|move|p2a: Toxapex|Haze|p2a: Toxapex
|-clearallboost
|
|-heal|p1a: Registeel|94/100|[from] item: Leftovers
|upkeep
|turn|6
|
|t:|1760829307
|switch|p2a: Ting-Lu|Ting-Lu|100/100
|-ability|p2a: Ting-Lu|Vessel of Ruin
|move|p1a: Registeel|Stealth Rock|p2a: Ting-Lu
|-sidestart|p2: basedraybans|move: Stealth Rock
|
|-heal|p1a: Registeel|100/100|[from] item: Leftovers
|upkeep
|turn|7
|
|t:|1760829314
|move|p1a: Registeel|Body Press|p2a: Ting-Lu
|-supereffective|p2a: Ting-Lu
|-damage|p2a: Ting-Lu|68/100
|-enditem|p2a: Ting-Lu|Weakness Policy
|-boost|p2a: Ting-Lu|atk|2|[from] item: Weakness Policy
|-boost|p2a: Ting-Lu|spa|2|[from] item: Weakness Policy
|move|p2a: Ting-Lu|Spikes|p1a: Registeel
|-sidestart|p1: thevoard3333|Spikes
|
|upkeep
|turn|8
|
|t:|1760829325
|switch|p1a: Clodsire|Clodsire, F|100/100
|-sideend|p1: thevoard3333|move: Toxic Spikes|[of] p1a: Clodsire
|move|p2a: Ting-Lu|Earthquake|p1a: Clodsire
|-supereffective|p1a: Clodsire
|-damage|p1a: Clodsire|37/100
|
|upkeep
|turn|9
|
|t:|1760829330
|move|p2a: Ting-Lu|Earthquake|p1a: Clodsire
|-supereffective|p1a: Clodsire
|-damage|p1a: Clodsire|0 fnt
|faint|p1a: Clodsire
|
|upkeep
|
|t:|1760829335
|switch|p1a: Blaziken|Blaziken, F|100/100
|-damage|p1a: Blaziken|88/100|[from] Spikes
|turn|10
|
|t:|1760829342
|switch|p2a: Toxapex|Toxapex, F|100/100
|-damage|p2a: Toxapex|88/100|[from] Stealth Rock
|move|p1a: Blaziken|Swords Dance|p1a: Blaziken
|-boost|p1a: Blaziken|atk|2
|
|-ability|p1a: Blaziken|Speed Boost|boost
|-boost|p1a: Blaziken|spe|1
|upkeep
|turn|11
|
|t:|1760829346
|-terastallize|p1a: Blaziken|Fighting
|move|p1a: Blaziken|Close Combat|p2a: Toxapex
|-resisted|p2a: Toxapex
|-damage|p2a: Toxapex|17/100
|-unboost|p1a: Blaziken|def|1
|-unboost|p1a: Blaziken|spd|1
|-damage|p1a: Blaziken|72/100|[from] item: Rocky Helmet|[of] p2a: Toxapex
|-damage|p1a: Blaziken|62/100|[from] item: Life Orb
|move|p2a: Toxapex|Haze|p2a: Toxapex
|-clearallboost
|
|-ability|p1a: Blaziken|Speed Boost|boost
|-boost|p1a: Blaziken|spe|1
|upkeep
|turn|12
|
|t:|1760829370
|switch|p2a: Dragapult|Dragapult, F|100/100
|-damage|p2a: Dragapult|88/100|[from] Stealth Rock
|move|p1a: Blaziken|Flare Blitz|p2a: Dragapult
|-resisted|p2a: Dragapult
|-damage|p2a: Dragapult|28/100
|-damage|p1a: Blaziken|41/100|[from] Recoil
|-damage|p1a: Blaziken|31/100|[from] item: Life Orb
|
|-ability|p1a: Blaziken|Speed Boost|boost
|-boost|p1a: Blaziken|spe|1
|upkeep
|turn|13
|
|t:|1760829381
|move|p2a: Dragapult|Sucker Punch|p1a: Blaziken
|-resisted|p1a: Blaziken
|-damage|p1a: Blaziken|6/100
|move|p1a: Blaziken|Flare Blitz|p2a: Dragapult
|-resisted|p2a: Dragapult
|-damage|p2a: Dragapult|0 fnt
|faint|p2a: Dragapult
|-damage|p1a: Blaziken|0 fnt|[from] Recoil
|faint|p1a: Blaziken
|
|upkeep
|
|t:|1760829387
|switch|p2a: Toxapex|Toxapex, F|50/100
|switch|p1a: Greninja|Greninja, M|100/100
|-damage|p1a: Greninja|88/100|[from] Spikes
|-damage|p2a: Toxapex|38/100|[from] Stealth Rock
|turn|14
|
|t:|1760829397
|move|p1a: Greninja|Dark Pulse|p2a: Toxapex
|-damage|p2a: Toxapex|0 fnt
|faint|p2a: Toxapex
|-ability|p1a: Greninja|Battle Bond|boost
|-boost|p1a: Greninja|atk|1
|-boost|p1a: Greninja|spa|1
|-boost|p1a: Greninja|spe|1
|-activate|p1a: Greninja|ability: Battle Bond
|-damage|p1a: Greninja|78/100|[from] item: Life Orb
|
|upkeep
|
|t:|1760829408
|switch|p2a: Bronzong|Bronzong|100/100
|-damage|p2a: Bronzong|94/100|[from] Stealth Rock
|turn|15
|
|t:|1760829413
|-terastallize|p2a: Bronzong|Water
|move|p1a: Greninja|Dark Pulse|p2a: Bronzong
|-damage|p2a: Bronzong|50/100
|-damage|p1a: Greninja|69/100|[from] item: Life Orb
|move|p2a: Bronzong|Body Press|p1a: Greninja
|-supereffective|p1a: Greninja
|-damage|p1a: Greninja|0 fnt
|faint|p1a: Greninja
|
|-heal|p2a: Bronzong|56/100|[from] item: Leftovers
|upkeep
|
|t:|1760829423
|switch|p1a: Tsareena|Tsareena, F|100/100
|turn|16
|
|t:|1760829435
|switch|p2a: Mandibuzz|Mandibuzz, F|100/100
|move|p1a: Tsareena|Rapid Spin|p2a: Mandibuzz
|-damage|p2a: Mandibuzz|92/100
|-boost|p1a: Tsareena|spe|1
|-sideend|p1: thevoard3333|Spikes|[from] move: Rapid Spin|[of] p1a: Tsareena
|
|upkeep
|turn|17
|l|☆basedraybans
|inactive|basedraybans disconnected and has a minute to reconnect!
|player|p2|
|j|☆basedraybans
|inactive|basedraybans reconnected and has 140 seconds left.
|player|p2|basedraybans|101|
|
|t:|1760829453
|switch|p1a: Registeel|Registeel|100/100
|move|p2a: Mandibuzz|U-turn|p1a: Registeel
|-resisted|p1a: Registeel
|-damage|p1a: Registeel|97/100
|
|t:|1760829458
|switch|p2a: Infernape|Infernape, M|100/100|[from] U-turn
|-damage|p2a: Infernape|88/100|[from] Stealth Rock
|
|-heal|p1a: Registeel|100/100|[from] item: Leftovers
|upkeep
|turn|18
|
|t:|1760829462
|move|p2a: Infernape|Knock Off|p1a: Registeel
|-damage|p1a: Registeel|81/100
|-enditem|p1a: Registeel|Leftovers|[from] move: Knock Off|[of] p2a: Infernape
|-damage|p2a: Infernape|78/100|[from] item: Life Orb
|move|p1a: Registeel|Body Press|p2a: Infernape
|-damage|p2a: Infernape|28/100
|
|upkeep
|turn|19
|l|☆basedraybans
|inactive|basedraybans disconnected and has a minute to reconnect!
|player|p2|
|j|☆basedraybans
|inactive|basedraybans reconnected and has 120 seconds left.
|player|p2|basedraybans|101|
|l|☆basedraybans
|inactive|basedraybans disconnected and has a minute to reconnect!
|player|p2|
|inactive|basedraybans has 30 seconds to reconnect!
|j|☆basedraybans
|inactive|basedraybans reconnected and has 85 seconds left.
|player|p2|basedraybans|101|
|
|t:|1760829537
|move|p2a: Infernape|Fire Punch|p1a: Registeel
|-supereffective|p1a: Registeel
|-damage|p1a: Registeel|25/100
|-damage|p2a: Infernape|18/100|[from] item: Life Orb
|move|p1a: Registeel|Body Press|p2a: Infernape
|-damage|p2a: Infernape|0 fnt
|faint|p2a: Infernape
|
|upkeep
|
|t:|1760829549
|switch|p2a: Mandibuzz|Mandibuzz, F|92/100
|turn|20
|
|t:|1760829554
|move|p2a: Mandibuzz|Defog|p1a: Registeel
|-fail|p1a: Registeel|unboost|[from] ability: Clear Body|[of] p1a: Registeel
|-sideend|p2: basedraybans|Stealth Rock|[from] move: Defog|[of] p2a: Mandibuzz
|move|p1a: Registeel|Heavy Slam|p2a: Mandibuzz
|-damage|p2a: Mandibuzz|74/100
|
|upkeep
|turn|21
|inactive|basedraybans has 90 seconds left.
|
|t:|1760829561
|move|p2a: Mandibuzz|Foul Play|p1a: Registeel
|-damage|p1a: Registeel|9/100
|move|p1a: Registeel|Iron Defense|p1a: Registeel
|-boost|p1a: Registeel|def|2
|
|upkeep
|turn|22
|
|t:|1760829565
|move|p2a: Mandibuzz|Foul Play|p1a: Registeel
|-damage|p1a: Registeel|2/100
|move|p1a: Registeel|Body Press|p2a: Mandibuzz
|-damage|p2a: Mandibuzz|37/100
|
|upkeep
|turn|23
|
|t:|1760829571
|move|p2a: Mandibuzz|Foul Play|p1a: Registeel
|-damage|p1a: Registeel|0 fnt
|faint|p1a: Registeel
|
|upkeep
|
|t:|1760829574
|switch|p1a: Tsareena|Tsareena, F|100/100
|turn|24
|
|t:|1760829578
|move|p2a: Mandibuzz|Roost|p2a: Mandibuzz
|-heal|p2a: Mandibuzz|87/100
|-singleturn|p2a: Mandibuzz|move: Roost
|move|p1a: Tsareena|Power Whip|p2a: Mandibuzz
|-damage|p2a: Mandibuzz|57/100
|
|upkeep
|turn|25
|
|t:|1760829589
|move|p2a: Mandibuzz|Foul Play|p1a: Tsareena
|-damage|p1a: Tsareena|71/100
|move|p1a: Tsareena|Knock Off|p2a: Mandibuzz
|-resisted|p2a: Mandibuzz
|-damage|p2a: Mandibuzz|51/100
|-enditem|p2a: Mandibuzz|Heavy-Duty Boots|[from] move: Knock Off|[of] p1a: Tsareena
|
|upkeep
|turn|26
|
|t:|1760829597
|switch|p1a: Mimikyu|Mimikyu, M|100/100
|move|p2a: Mandibuzz|Roost|p2a: Mandibuzz
|-heal|p2a: Mandibuzz|100/100
|-singleturn|p2a: Mandibuzz|move: Roost
|
|upkeep
|turn|27
|
|t:|1760829618
|move|p1a: Mimikyu|Swords Dance|p1a: Mimikyu
|-boost|p1a: Mimikyu|atk|2
|move|p2a: Mandibuzz|U-turn|p1a: Mimikyu
|-activate|p1a: Mimikyu|ability: Disguise
|-damage|p1a: Mimikyu|100/100
|detailschange|p1a: Mimikyu|Mimikyu-Busted, M
|-damage|p1a: Mimikyu|88/100|[from] pokemon: Mimikyu-Busted
|-enditem|p1a: Mimikyu|Red Card|[of] p2a: Mandibuzz
|drag|p2a: Ting-Lu|Ting-Lu|68/100
|-ability|p2a: Ting-Lu|Vessel of Ruin
|
|upkeep
|turn|28
|
|t:|1760829630
|move|p1a: Mimikyu|Play Rough|p2a: Ting-Lu
|-supereffective|p2a: Ting-Lu
|-damage|p2a: Ting-Lu|11/100
|move|p2a: Ting-Lu|Payback|p1a: Mimikyu
|-damage|p1a: Mimikyu|45/100
|
|upkeep
|turn|29
|
|t:|1760829640
|move|p1a: Mimikyu|Play Rough|p2a: Ting-Lu
|-supereffective|p2a: Ting-Lu
|-damage|p2a: Ting-Lu|0 fnt
|faint|p2a: Ting-Lu
|
|upkeep
|
|t:|1760829643
|switch|p2a: Mandibuzz|Mandibuzz, F|100/100
|turn|30
|
|t:|1760829645
|move|p1a: Mimikyu|Play Rough|p2a: Mandibuzz|[miss]
|-miss|p1a: Mimikyu|p2a: Mandibuzz
|move|p2a: Mandibuzz|Foul Play|p1a: Mimikyu
|-damage|p1a: Mimikyu|0 fnt
|faint|p1a: Mimikyu
|
|upkeep
|-message|thevoard3333 forfeited.
|
|win|basedraybans
|raw|thevoard3333's rating: 1357 &rarr; <strong>1339</strong><br />(-18 for losing)
|raw|basedraybans's rating: 1386 &rarr; <strong>1404</strong><br />(+18 for winning)
|l|☆thevoard3333
|player|p1|
|l|☆basedraybans
|player|p2|
