|j|☆XXS07z
|j|☆Swagg2340
|t:|1760763163
|gametype|singles
|player|p1|XXS07z|hilda|1202
|player|p2|Swagg2340|1|1188
|gen|9
|tier|[Gen 9] OU
|rated|
|rule|HP Percentage Mod: HP is shown in percentages
|rule|Endless Battle Clause: Forcing endless battles is banned
|rule|Species Clause: Limit one of each Pokémon
|rule|OHKO Clause: OHKO moves are banned
|rule|Evasion Items Clause: Evasion items are banned
|rule|Evasion Moves Clause: Evasion moves are banned
|rule|Evasion Abilities Clause: Evasion abilities are banned
|rule|Sleep Moves Clause: Sleep-inducing moves are banned
|clearpoke
|poke|p1|Dragonite, F|
|poke|p1|Gliscor, F|
|poke|p1|Clefable, F|
|poke|p1|Corviknight, F|
|poke|p1|Ting-Lu|
|poke|p1|Lokix, M|
|poke|p2|Walking Wake|
|poke|p2|Slowking-Galar, F|
|poke|p2|Torkoal, M|
|poke|p2|Great Tusk|
|poke|p2|Alomomola, M|
|poke|p2|Regidrago|
|teampreview
|
|t:|1760763173
|teamsize|p1|6
|teamsize|p2|6
|start
|switch|p1a: Ting-Lu|Ting-Lu|100/100
|switch|p2a: Regidrago|Regidrago|100/100
|-ability|p1a: Ting-Lu|Vessel of Ruin
|turn|1
|
|t:|1760763182
|switch|p2a: Torkoal|Torkoal, M|100/100
|-weather|SunnyDay|[from] ability: Drought|[of] p2a: Torkoal
|move|p1a: Ting-Lu|Stealth Rock|p2a: Torkoal
|-sidestart|p2: Swagg2340|move: Stealth Rock
|
|-weather|SunnyDay|[upkeep]
|upkeep
|turn|2
|
|t:|1760763195
|move|p1a: Ting-Lu|Spikes|p2a: Torkoal
|-sidestart|p2: Swagg2340|Spikes
|move|p2a: Torkoal|Rapid Spin|p1a: Ting-Lu
|-damage|p1a: Ting-Lu|96/100
|-boost|p2a: Torkoal|spe|1
|-sideend|p2: Swagg2340|Spikes|[from] move: Rapid Spin|[of] p2a: Torkoal
|-sideend|p2: Swagg2340|Stealth Rock|[from] move: Rapid Spin|[of] p2a: Torkoal
|
|-weather|SunnyDay|[upkeep]
|-heal|p1a: Ting-Lu|100/100|[from] item: Leftovers
|upkeep
|turn|3
|
|t:|1760763210
|switch|p2a: Walking Wake|Walking Wake|100/100
|-activate|p2a: Walking Wake|ability: Protosynthesis
|-start|p2a: Walking Wake|protosynthesisspa
|move|p1a: Ting-Lu|Earthquake|p2a: Walking Wake
|-damage|p2a: Walking Wake|59/100
|
|-weather|SunnyDay|[upkeep]
|upkeep
|turn|4
|
|t:|1760763218
|switch|p1a: Corviknight|Corviknight, F|100/100
|-ability|p1a: Corviknight|Pressure
|move|p2a: Walking Wake|Hydro Steam|p1a: Corviknight
|-damage|p1a: Corviknight|0 fnt
|faint|p1a: Corviknight
|
|-weather|SunnyDay|[upkeep]
|upkeep
|
|t:|1760763228
|switch|p1a: Clefable|Clefable, F|100/100
|turn|5
|
|t:|1760763232
|move|p2a: Walking Wake|Hydro Steam|p1a: Clefable
|-damage|p1a: Clefable|0 fnt
|faint|p1a: Clefable
|
|-weather|SunnyDay|[upkeep]
|upkeep
|
|t:|1760763238
|switch|p1a: Lokix|Lokix, M|100/100
|turn|6
|
|t:|1760763242
|move|p1a: Lokix|First Impression|p2a: Walking Wake
|-damage|p2a: Walking Wake|8/100
|move|p2a: Walking Wake|Hydro Steam|p1a: Lokix
|-crit|p1a: Lokix
|-damage|p1a: Lokix|0 fnt
|faint|p1a: Lokix
|
|-weather|SunnyDay|[upkeep]
|upkeep
|
|t:|1760763246
|switch|p1a: Dragonite|Dragonite, F|100/100
|turn|7
|
|t:|1760763255
|-end|p2a: Walking Wake|Protosynthesis|[silent]
|switch|p2a: Alomomola|Alomomola, M|100/100
|move|p1a: Dragonite|Extreme Speed|p2a: Alomomola
|-damage|p2a: Alomomola|86/100
|-damage|p1a: Dragonite|84/100|[from] item: Rocky Helmet|[of] p2a: Alomomola
|
|-weather|SunnyDay|[upkeep]
|upkeep
|turn|8
|
|t:|1760763263
|switch|p1a: Ting-Lu|Ting-Lu|100/100
|-ability|p1a: Ting-Lu|Vessel of Ruin
|move|p2a: Alomomola|Icy Wind|p1a: Ting-Lu
|-supereffective|p1a: Ting-Lu
|-damage|p1a: Ting-Lu|95/100
|-unboost|p1a: Ting-Lu|spe|1
|
|-weather|none
|-heal|p1a: Ting-Lu|100/100|[from] item: Leftovers
|upkeep
|turn|9
|
|t:|1760763274
|move|p2a: Alomomola|Wish|p2a: Alomomola
|move|p1a: Ting-Lu|Spikes|p2a: Alomomola
|-sidestart|p2: Swagg2340|Spikes
|
|upkeep
|turn|10
|
|t:|1760763293
|move|p2a: Alomomola|Flip Turn|p1a: Ting-Lu
|-supereffective|p1a: Ting-Lu
|-crit|p1a: Ting-Lu
|-damage|p1a: Ting-Lu|75/100
|
|t:|1760763297
|switch|p2a: Walking Wake|Walking Wake|8/100|[from] Flip Turn
|-damage|p2a: Walking Wake|0 fnt|[from] Spikes
|faint|p2a: Walking Wake
|-end|p2a: Walking Wake|Protosynthesis|[silent]
|move|p1a: Ting-Lu|Stealth Rock|p2: Walking Wake
|-sidestart|p2: Swagg2340|move: Stealth Rock
|
|-heal|p1a: Ting-Lu|81/100|[from] item: Leftovers
|upkeep
|
|t:|1760763306
|switch|p2a: Torkoal|Torkoal, M|100/100
|-damage|p2a: Torkoal|88/100|[from] Spikes
|-damage|p2a: Torkoal|63/100|[from] Stealth Rock
|-weather|SunnyDay|[from] ability: Drought|[of] p2a: Torkoal
|turn|11
|
|t:|1760763313
|move|p1a: Ting-Lu|Earthquake|p2a: Torkoal
|-supereffective|p2a: Torkoal
|-damage|p2a: Torkoal|7/100
|move|p2a: Torkoal|Rapid Spin|p1a: Ting-Lu
|-damage|p1a: Ting-Lu|76/100
|-boost|p2a: Torkoal|spe|1
|-sideend|p2: Swagg2340|Spikes|[from] move: Rapid Spin|[of] p2a: Torkoal
|-sideend|p2: Swagg2340|Stealth Rock|[from] move: Rapid Spin|[of] p2a: Torkoal
|
|-weather|SunnyDay|[upkeep]
|-heal|p1a: Ting-Lu|82/100|[from] item: Leftovers
|upkeep
|turn|12
|
|t:|1760763334
|switch|p2a: Regidrago|Regidrago|100/100
|move|p1a: Ting-Lu|Spikes|p2a: Regidrago
|-sidestart|p2: Swagg2340|Spikes
|
|-weather|SunnyDay|[upkeep]
|-heal|p1a: Ting-Lu|88/100|[from] item: Leftovers
|upkeep
|turn|13
|
|t:|1760763341
|move|p2a: Regidrago|Dragon Energy|p1a: Ting-Lu
|-damage|p1a: Ting-Lu|49/100
|move|p1a: Ting-Lu|Stealth Rock|p2a: Regidrago
|-sidestart|p2: Swagg2340|move: Stealth Rock
|
|-weather|SunnyDay|[upkeep]
|-heal|p1a: Ting-Lu|55/100|[from] item: Leftovers
|upkeep
|turn|14
|
|t:|1760763347
|move|p2a: Regidrago|Dragon Energy|p1a: Ting-Lu
|-damage|p1a: Ting-Lu|14/100
|move|p1a: Ting-Lu|Spikes|p2a: Regidrago
|-sidestart|p2: Swagg2340|Spikes
|
|-weather|SunnyDay|[upkeep]
|-heal|p1a: Ting-Lu|20/100|[from] item: Leftovers
|upkeep
|turn|15
|
|t:|1760763353
|move|p2a: Regidrago|Dragon Energy|p1a: Ting-Lu
|-damage|p1a: Ting-Lu|0 fnt
|faint|p1a: Ting-Lu
|
|-weather|SunnyDay|[upkeep]
|upkeep
|
|t:|1760763356
|switch|p1a: Dragonite|Dragonite, F|84/100
|turn|16
|
|t:|1760763367
|-terastallize|p2a: Regidrago|Steel
|-terastallize|p1a: Dragonite|Normal
|move|p1a: Dragonite|Extreme Speed|p2a: Regidrago
|-resisted|p2a: Regidrago
|-damage|p2a: Regidrago|77/100
|move|p2a: Regidrago|Dragon Energy|p1a: Dragonite
|-damage|p1a: Dragonite|13/100
|
|-weather|SunnyDay|[upkeep]
|upkeep
|turn|17
|
|t:|1760763376
|move|p2a: Regidrago|Dragon Energy|p1a: Dragonite
|-damage|p1a: Dragonite|0 fnt
|faint|p1a: Dragonite
|
|-weather|SunnyDay|[upkeep]
|upkeep
|
|t:|1760763378
|switch|p1a: Gliscor|Gliscor, F|100/100
|turn|18
|
|t:|1760763382
|move|p1a: Gliscor|Protect|p1a: Gliscor
|-singleturn|p1a: Gliscor|Protect
|move|p2a: Regidrago|Dragon Energy|p1a: Gliscor
|-activate|p1a: Gliscor|move: Protect
|
|-weather|none
|-status|p1a: Gliscor|tox|[from] item: Toxic Orb
|upkeep
|turn|19
|
|t:|1760763389
|move|p2a: Regidrago|Dragon Energy|p1a: Gliscor
|-damage|p1a: Gliscor|30/100 tox
|move|p1a: Gliscor|Knock Off|p2a: Regidrago
|-damage|p2a: Regidrago|52/100
|-enditem|p2a: Regidrago|Choice Scarf|[from] move: Knock Off|[of] p1a: Gliscor
|
|-heal|p1a: Gliscor|42/100 tox|[from] ability: Poison Heal
|upkeep
|turn|20
|
|t:|1760763399
|switch|p2a: Slowking|Slowking-Galar, F|100/100
|-damage|p2a: Slowking|84/100|[from] Spikes
|-damage|p2a: Slowking|72/100|[from] Stealth Rock
|move|p1a: Gliscor|Protect||[still]
|-fail|p1a: Gliscor
|
|-heal|p1a: Gliscor|55/100 tox|[from] ability: Poison Heal
|upkeep
|turn|21
|
|t:|1760763408
|move|p1a: Gliscor|Knock Off|p2a: Slowking
|-supereffective|p2a: Slowking
|-crit|p2a: Slowking
|-damage|p2a: Slowking|1/100
|-enditem|p2a: Slowking|Zoom Lens|[from] move: Knock Off|[of] p1a: Gliscor
|move|p2a: Slowking|Future Sight|p1a: Gliscor
|-start|p2a: Slowking|move: Future Sight
|
|-heal|p1a: Gliscor|67/100 tox|[from] ability: Poison Heal
|upkeep
|turn|22
|
|t:|1760763416
|move|p1a: Gliscor|Knock Off|p2a: Slowking
|-supereffective|p2a: Slowking
|-damage|p2a: Slowking|0 fnt
|faint|p2a: Slowking
|
|-heal|p1a: Gliscor|80/100 tox|[from] ability: Poison Heal
|upkeep
|
|t:|1760763427
|switch|p2a: Great Tusk|Great Tusk|100/100
|-damage|p2a: Great Tusk|84/100|[from] Spikes
|-damage|p2a: Great Tusk|81/100|[from] Stealth Rock
|turn|23
|
|t:|1760763432
|move|p1a: Gliscor|Protect|p1a: Gliscor
|-singleturn|p1a: Gliscor|Protect
|move|p2a: Great Tusk|Ice Spinner|p1a: Gliscor
|-activate|p1a: Gliscor|move: Protect
|
|-end|p1a: Gliscor|move: Future Sight
|-damage|p1a: Gliscor|37/100 tox
|-heal|p1a: Gliscor|49/100 tox|[from] ability: Poison Heal
|upkeep
|turn|24
|
|t:|1760763441
|move|p2a: Great Tusk|Ice Spinner|p1a: Gliscor
|-supereffective|p1a: Gliscor
|-damage|p1a: Gliscor|0 fnt
|faint|p1a: Gliscor
|
|win|Swagg2340
|raw|XXS07z's rating: 1202 &rarr; <strong>1176</strong><br />(-26 for losing)
|raw|Swagg2340's rating: 1188 &rarr; <strong>1214</strong><br />(+26 for winning)
|l|☆XXS07z
|player|p1|
|l|☆Swagg2340
|player|p2|
