|j|☆zjy20140321
|j|☆YhwhReigns
|t:|1760841485
|gametype|singles
|player|p1|zjy20140321|steven|1000
|player|p2|YhwhReigns|169|1000
|gen|9
|tier|[Gen 9] OU
|rated|
|rule|HP Percentage Mod: HP is shown in percentages
|rule|Endless Battle Clause: Forcing endless battles is banned
|rule|Species Clause: Limit one of each Pokémon
|rule|OHKO Clause: OHKO moves are banned
|rule|Evasion Items Clause: Evasion items are banned
|rule|Evasion Moves Clause: Evasion moves are banned
|rule|Evasion Abilities Clause: Evasion abilities are banned
|rule|Sleep Moves Clause: Sleep-inducing moves are banned
|clearpoke
|poke|p1|Iron Treads|
|poke|p1|Garchomp, F|
|poke|p1|Pelipper, M|
|poke|p1|Serperior, F|
|poke|p1|Alomomola, M|
|poke|p1|Zamazenta-*|
|poke|p2|Corviknight, M|
|poke|p2|Slowking-Galar, M|
|poke|p2|Gliscor, M|
|poke|p2|Primarina, F|
|poke|p2|Rillaboom, M|
|poke|p2|Dragapult, F|
|teampreview
|
|t:|1760841501
|teamsize|p1|6
|teamsize|p2|6
|start
|switch|p1a: Garchomp|Garchomp, F|100/100
|switch|p2a: Rillaboom|Rillaboom, M|100/100
|-fieldstart|move: Grassy Terrain|[from] ability: Grassy Surge|[of] p2a: Rillaboom
|turn|1
|l|☆zjy20140321
|player|p1|
|inactive|Battle timer is ON: inactive players will automatically lose when time's up. (requested by YhwhReigns)
|j|☆zjy20140321
|inactive|zjy20140321 reconnected and has 125 seconds left.
|player|p1|zjy20140321|steven|
|inactive|zjy20140321 has 120 seconds left.
|
|t:|1760841590
|move|p2a: Rillaboom|Fake Out|p1a: Garchomp
|-damage|p1a: Garchomp|92/100
|-damage|p2a: Rillaboom|88/100|[from] ability: Rough Skin|[of] p1a: Garchomp
|-damage|p2a: Rillaboom|72/100|[from] item: Rocky Helmet|[of] p1a: Garchomp
|cant|p1a: Garchomp|flinch
|
|-heal|p1a: Garchomp|99/100|[from] Grassy Terrain
|-heal|p2a: Rillaboom|78/100|[from] Grassy Terrain
|-heal|p2a: Rillaboom|84/100|[from] item: Leftovers
|upkeep
|turn|2
|
|t:|1760841602
|move|p1a: Garchomp|Stealth Rock|p2a: Rillaboom
|-sidestart|p2: YhwhReigns|move: Stealth Rock
|move|p2a: Rillaboom|Leech Seed|p1a: Garchomp
|-start|p1a: Garchomp|move: Leech Seed
|
|-heal|p1a: Garchomp|100/100|[from] Grassy Terrain
|-heal|p2a: Rillaboom|90/100|[from] Grassy Terrain
|-heal|p2a: Rillaboom|96/100|[from] item: Leftovers
|-damage|p1a: Garchomp|88/100|[from] Leech Seed|[of] p2a: Rillaboom
|-heal|p2a: Rillaboom|100/100|[silent]
|upkeep
|turn|3
|
|t:|1760841618
|move|p1a: Garchomp|Spikes|p2a: Rillaboom
|-sidestart|p2: YhwhReigns|Spikes
|move|p2a: Rillaboom|Drum Beating|p1a: Garchomp
|-damage|p1a: Garchomp|57/100
|-unboost|p1a: Garchomp|spe|1
|
|-heal|p1a: Garchomp|63/100|[from] Grassy Terrain
|-damage|p1a: Garchomp|51/100|[from] Leech Seed|[of] p2a: Rillaboom
|upkeep
|turn|4
|
|t:|1760841636
|move|p2a: Rillaboom|Drum Beating|p1a: Garchomp
|-damage|p1a: Garchomp|20/100
|-unboost|p1a: Garchomp|spe|1
|move|p1a: Garchomp|Stealth Rock||[still]
|-fail|p1a: Garchomp
|
|-heal|p1a: Garchomp|26/100|[from] Grassy Terrain
|-damage|p1a: Garchomp|14/100|[from] Leech Seed|[of] p2a: Rillaboom
|upkeep
|turn|5
|
|t:|1760841650
|move|p2a: Rillaboom|Drum Beating|p1a: Garchomp
|-damage|p1a: Garchomp|0 fnt
|faint|p1a: Garchomp
|
|-fieldend|move: Grassy Terrain
|upkeep
|
|t:|1760841659
|switch|p1a: Serperior|Serperior, F|100/100
|turn|6
|
|t:|1760841679
|switch|p2a: Corviknight|Corviknight, M|100/100
|-damage|p2a: Corviknight|88/100|[from] Stealth Rock
|-terastallize|p1a: Serperior|Steel
|move|p1a: Serperior|Leaf Storm|p2a: Corviknight
|-resisted|p2a: Corviknight
|-damage|p2a: Corviknight|77/100
|-boost|p1a: Serperior|spa|2
|
|upkeep
|turn|7
|
|t:|1760841690
|move|p1a: Serperior|Leaf Storm|p2a: Corviknight
|-resisted|p2a: Corviknight
|-damage|p2a: Corviknight|57/100
|-boost|p1a: Serperior|spa|2
|move|p2a: Corviknight|Tailwind|p2a: Corviknight
|-sidestart|p2: YhwhReigns|move: Tailwind
|
|upkeep
|turn|8
|
|t:|1760841700
|move|p1a: Serperior|Leaf Storm|p2a: Corviknight
|-resisted|p2a: Corviknight
|-damage|p2a: Corviknight|25/100
|-boost|p1a: Serperior|spa|2
|move|p2a: Corviknight|Roost|p2a: Corviknight
|-heal|p2a: Corviknight|75/100
|-singleturn|p2a: Corviknight|move: Roost
|
|upkeep
|turn|9
|
|t:|1760841709
|move|p1a: Serperior|Leaf Storm|p2a: Corviknight|[miss]
|-miss|p1a: Serperior|p2a: Corviknight
|move|p2a: Corviknight|U-turn|p1a: Serperior
|-resisted|p1a: Serperior
|-damage|p1a: Serperior|92/100
|
|t:|1760841731
|switch|p2a: Slowking|Slowking-Galar, M, shiny|100/100|[from] U-turn
|-damage|p2a: Slowking|88/100|[from] Stealth Rock
|-damage|p2a: Slowking|76/100|[from] Spikes
|
|-heal|p1a: Serperior|98/100|[from] item: Leftovers
|-heal|p2a: Slowking|82/100|[from] item: Black Sludge
|upkeep
|turn|10
|
|t:|1760841741
|move|p1a: Serperior|Leaf Storm|p2a: Slowking
|-resisted|p2a: Slowking
|-damage|p2a: Slowking|19/100
|move|p2a: Slowking|Thunder Wave|p1a: Serperior
|-status|p1a: Serperior|par
|
|-heal|p2a: Slowking|25/100|[from] item: Black Sludge
|-heal|p1a: Serperior|100/100 par|[from] item: Leftovers
|-sideend|p2: YhwhReigns|move: Tailwind
|upkeep
|turn|11
|
|t:|1760841758
|move|p1a: Serperior|Leaf Storm|p2a: Slowking
|-resisted|p2a: Slowking
|-damage|p2a: Slowking|0 fnt
|faint|p2a: Slowking
|
|upkeep
|
|t:|1760841770
|switch|p2a: Gliscor|Gliscor, M, shiny|100/100
|-damage|p2a: Gliscor|88/100|[from] Stealth Rock
|turn|12
|inactive|YhwhReigns has 120 seconds left.
|
|t:|1760841797
|move|p2a: Gliscor|Earthquake|p1a: Serperior
|-supereffective|p1a: Serperior
|-damage|p1a: Serperior|10/100 par
|move|p1a: Serperior|Leaf Storm|p2a: Gliscor
|-damage|p2a: Gliscor|0 fnt
|faint|p2a: Gliscor
|
|-heal|p1a: Serperior|16/100 par|[from] item: Leftovers
|upkeep
|
|t:|1760841807
|switch|p2a: Rillaboom|Rillaboom, M|100/100
|-damage|p2a: Rillaboom|88/100|[from] Stealth Rock
|-damage|p2a: Rillaboom|76/100|[from] Spikes
|-fieldstart|move: Grassy Terrain|[from] ability: Grassy Surge|[of] p2a: Rillaboom
|turn|13
|
|t:|1760841823
|move|p2a: Rillaboom|Drain Punch|p1a: Serperior
|-supereffective|p1a: Serperior
|-damage|p1a: Serperior|0 fnt
|-heal|p2a: Rillaboom|82/100|[from] drain|[of] p1a: Serperior
|faint|p1a: Serperior
|
|-heal|p2a: Rillaboom|88/100|[from] Grassy Terrain
|-heal|p2a: Rillaboom|94/100|[from] item: Leftovers
|upkeep
|
|t:|1760841837
|switch|p1a: Zamazenta|Zamazenta|100/100
|-ability|p1a: Zamazenta|Dauntless Shield|boost
|-boost|p1a: Zamazenta|def|1
|turn|14
|
|t:|1760841849
|move|p1a: Zamazenta|Ice Fang|p2a: Rillaboom
|-supereffective|p2a: Rillaboom
|-damage|p2a: Rillaboom|32/100
|move|p2a: Rillaboom|Leech Seed|p1a: Zamazenta
|-start|p1a: Zamazenta|move: Leech Seed
|
|-heal|p2a: Rillaboom|38/100|[from] Grassy Terrain
|-heal|p2a: Rillaboom|44/100|[from] item: Leftovers
|-damage|p1a: Zamazenta|88/100|[from] Leech Seed|[of] p2a: Rillaboom
|-heal|p2a: Rillaboom|54/100|[silent]
|upkeep
|turn|15
|inactive|YhwhReigns has 120 seconds left.
|
|t:|1760841874
|move|p1a: Zamazenta|Ice Fang|p2a: Rillaboom
|-supereffective|p2a: Rillaboom
|-damage|p2a: Rillaboom|0 fnt
|faint|p2a: Rillaboom
|
|-heal|p1a: Zamazenta|94/100|[from] Grassy Terrain
|upkeep
|inactive|YhwhReigns has 120 seconds left.
|
|t:|1760841881
|switch|p2a: Dragapult|Dragapult, F|100/100
|-damage|p2a: Dragapult|88/100|[from] Stealth Rock
|-damage|p2a: Dragapult|76/100|[from] Spikes
|turn|16
|
|t:|1760841893
|switch|p1a: Pelipper|Pelipper, M|100/100
|-weather|RainDance|[from] ability: Drizzle|[of] p1a: Pelipper
|move|p2a: Dragapult|Psychic Fangs|p1a: Pelipper
|-damage|p1a: Pelipper|61/100
|
|-weather|RainDance|[upkeep]
|-heal|p2a: Dragapult|82/100|[from] Grassy Terrain
|upkeep
|turn|17
|
|t:|1760841914
|move|p2a: Dragapult|Dragon Dance|p2a: Dragapult
|-boost|p2a: Dragapult|atk|1
|-boost|p2a: Dragapult|spe|1
|move|p1a: Pelipper|Hurricane|p2a: Dragapult
|-damage|p2a: Dragapult|0 fnt
|faint|p2a: Dragapult
|
|-weather|RainDance|[upkeep]
|-fieldend|move: Grassy Terrain
|upkeep
|
|t:|1760841923
|switch|p2a: Primarina|Primarina, F|100/100
|-damage|p2a: Primarina|88/100|[from] Stealth Rock
|-damage|p2a: Primarina|76/100|[from] Spikes
|turn|18
|
|t:|1760841937
|move|p1a: Pelipper|Hurricane|p2a: Primarina
|-damage|p2a: Primarina|16/100
|-start|p2a: Primarina|confusion
|-activate|p2a: Primarina|confusion
|move|p2a: Primarina|Ice Beam|p1a: Pelipper
|-damage|p1a: Pelipper|0 fnt
|faint|p1a: Pelipper
|-damage|p2a: Primarina|6/100|[from] item: Life Orb
|
|-weather|RainDance|[upkeep]
|upkeep
|
|t:|1760841949
|switch|p1a: Alomomola|Alomomola, M|100/100
|turn|19
|
|t:|1760841963
|move|p1a: Alomomola|Aqua Jet|p2a: Primarina
|-resisted|p2a: Primarina
|-damage|p2a: Primarina|0 fnt
|faint|p2a: Primarina
|
|-weather|RainDance|[upkeep]
|upkeep
|
|t:|1760841977
|switch|p2a: Corviknight|Corviknight, M|75/100
|-damage|p2a: Corviknight|63/100|[from] Stealth Rock
|turn|20
|
|t:|1760841982
|move|p1a: Alomomola|Aqua Jet|p2a: Corviknight
|-damage|p2a: Corviknight|39/100
|-damage|p1a: Alomomola|84/100|[from] item: Rocky Helmet|[of] p2a: Corviknight
|move|p2a: Corviknight|Roost|p2a: Corviknight
|-heal|p2a: Corviknight|89/100
|-singleturn|p2a: Corviknight|move: Roost
|
|-weather|none
|upkeep
|turn|21
|
|t:|1760841995
|move|p1a: Alomomola|Aqua Jet|p2a: Corviknight
|-damage|p2a: Corviknight|73/100
|-damage|p1a: Alomomola|67/100|[from] item: Rocky Helmet|[of] p2a: Corviknight
|move|p2a: Corviknight|Tailwind|p2a: Corviknight
|-sidestart|p2: YhwhReigns|move: Tailwind
|
|upkeep
|turn|22
|inactive|zjy20140321 has 120 seconds left.
|
|t:|1760842043
|move|p1a: Alomomola|Aqua Jet|p2a: Corviknight
|-damage|p2a: Corviknight|56/100
|-damage|p1a: Alomomola|51/100|[from] item: Rocky Helmet|[of] p2a: Corviknight
|move|p2a: Corviknight|U-turn|p1a: Alomomola
|-damage|p1a: Alomomola|40/100
|
|upkeep
|turn|23
|inactive|zjy20140321 has 90 seconds left.
|
|t:|1760842069
|switch|p1a: Iron Treads|Iron Treads|100/100
|move|p2a: Corviknight|U-turn|p1a: Iron Treads
|-resisted|p1a: Iron Treads
|-damage|p1a: Iron Treads|94/100
|
|upkeep
|turn|24
|
|t:|1760842077
|move|p2a: Corviknight|Roost|p2a: Corviknight
|-heal|p2a: Corviknight|100/100
|-singleturn|p2a: Corviknight|move: Roost
|move|p1a: Iron Treads|Volt Switch|p2a: Corviknight
|-damage|p2a: Corviknight|89/100
|inactive|zjy20140321 has 90 seconds left.
|
|t:|1760842106
|-end|p1a: Iron Treads|Quark Drive|[silent]
|switch|p1a: Alomomola|Alomomola, M|74/100|[from] Volt Switch
|
|-sideend|p2: YhwhReigns|move: Tailwind
|upkeep
|turn|25
|
|t:|1760842117
|move|p2a: Corviknight|U-turn|p1a: Alomomola
|-damage|p1a: Alomomola|63/100
|move|p1a: Alomomola|Liquidation|p2a: Corviknight
|-damage|p2a: Corviknight|54/100
|-ability|p2a: Corviknight|Mirror Armor
|-unboost|p1a: Alomomola|def|1
|-damage|p1a: Alomomola|46/100|[from] item: Rocky Helmet|[of] p2a: Corviknight
|
|upkeep
|turn|26
|inactive|YhwhReigns has 120 seconds left.
|
|t:|1760842152
|switch|p1a: Iron Treads|Iron Treads|94/100
|move|p2a: Corviknight|U-turn|p1a: Iron Treads
|-resisted|p1a: Iron Treads
|-damage|p1a: Iron Treads|88/100
|
|upkeep
|turn|27
|-message|YhwhReigns forfeited.
|
|win|zjy20140321
|raw|zjy20140321's rating: 1000 &rarr; <strong>1040</strong><br />(+40 for winning)
|raw|YhwhReigns's rating: 1000 &rarr; <strong>1000</strong><br />(+0 for losing)
|l|☆YhwhReigns
|player|p2|
|c|☆zjy20140321|thanks
