|j|☆ace trumpets
|j|☆Reginald Chaos
|t:|1760855165
|gametype|singles
|player|p1|ace trumpets|youngster-gen4dp|1461
|player|p2|Reginald Chaos|266|1467
|gen|9
|tier|[Gen 9] OU
|rated|
|rule|HP Percentage Mod: HP is shown in percentages
|rule|Endless Battle Clause: Forcing endless battles is banned
|rule|Species Clause: Limit one of each Pokémon
|rule|OHKO Clause: OHKO moves are banned
|rule|Evasion Items Clause: Evasion items are banned
|rule|Evasion Moves Clause: Evasion moves are banned
|rule|Evasion Abilities Clause: Evasion abilities are banned
|rule|Sleep Moves Clause: Sleep-inducing moves are banned
|clearpoke
|poke|p1|Landorus-Therian, M|
|poke|p1|Pecharunt|
|poke|p1|Ogerpon-Wellspring, F|
|poke|p1|Kingambit, F|
|poke|p1|Zamazenta-*|
|poke|p1|Blaziken, F|
|poke|p2|Araquanid, F|
|poke|p2|Gholdengo|
|poke|p2|Iron Moth|
|poke|p2|Iron Valiant|
|poke|p2|Raging Bolt|
|poke|p2|Kingambit, F|
|teampreview
|inactive|Battle timer is ON: inactive players will automatically lose when time's up. (requested by Reginald Chaos)
|
|t:|1760855190
|teamsize|p1|6
|teamsize|p2|6
|start
|switch|p1a: Ogerpon|Ogerpon-Wellspring, F|100/100
|switch|p2a: Araquanid|Araquanid, F|100/100
|turn|1
|
|t:|1760855193
|move|p1a: Ogerpon|Taunt|p2a: Araquanid
|-start|p2a: Araquanid|move: Taunt
|move|p2a: Araquanid|Lunge|p1a: Ogerpon
|-supereffective|p1a: Ogerpon
|-damage|p1a: Ogerpon|50/100
|-unboost|p1a: Ogerpon|atk|1
|
|upkeep
|turn|2
|
|t:|1760855197
|move|p1a: Ogerpon|U-turn|p2a: Araquanid
|-damage|p2a: Araquanid|84/100
|
|t:|1760855203
|switch|p1a: Pecharunt|Pecharunt|100/100|[from] U-turn
|move|p2a: Araquanid|Lunge|p1a: Pecharunt
|-resisted|p1a: Pecharunt
|-damage|p1a: Pecharunt|97/100
|-unboost|p1a: Pecharunt|atk|1
|
|upkeep
|turn|3
|
|t:|1760855205
|move|p1a: Pecharunt|Shadow Ball|p2a: Araquanid
|-damage|p2a: Araquanid|68/100
|move|p2a: Araquanid|Surf|p1a: Pecharunt
|-damage|p1a: Pecharunt|62/100
|
|-end|p2a: Araquanid|move: Taunt
|upkeep
|turn|4
|
|t:|1760855212
|move|p1a: Pecharunt|Shadow Ball|p2a: Araquanid
|-damage|p2a: Araquanid|53/100
|move|p2a: Araquanid|Sticky Web|p1a: Pecharunt
|-sidestart|p1: ace trumpets|move: Sticky Web
|
|upkeep
|turn|5
|
|t:|1760855219
|switch|p2a: Iron Moth|Iron Moth|100/100
|-enditem|p2a: Iron Moth|Booster Energy
|-activate|p2a: Iron Moth|ability: Quark Drive|[fromitem]
|-start|p2a: Iron Moth|quarkdrivespa
|move|p1a: Pecharunt|Recover|p1a: Pecharunt
|-heal|p1a: Pecharunt|100/100
|
|upkeep
|turn|6
|
|t:|1760855225
|move|p2a: Iron Moth|Fiery Dance|p1a: Pecharunt
|-damage|p1a: Pecharunt|43/100
|move|p1a: Pecharunt|Parting Shot|p2a: Iron Moth
|-unboost|p2a: Iron Moth|atk|1
|-unboost|p2a: Iron Moth|spa|1
|
|t:|1760855234
|switch|p1a: Zamazenta|Zamazenta|100/100|[from] Parting Shot
|-activate|p1a: Zamazenta|move: Sticky Web
|-unboost|p1a: Zamazenta|spe|1
|-ability|p1a: Zamazenta|Dauntless Shield|boost
|-boost|p1a: Zamazenta|def|1
|
|upkeep
|turn|7
|
|t:|1760855237
|move|p2a: Iron Moth|Fiery Dance|p1a: Zamazenta
|-damage|p1a: Zamazenta|79/100
|move|p1a: Zamazenta|Stone Edge|p2a: Iron Moth
|-supereffective|p2a: Iron Moth
|-damage|p2a: Iron Moth|0 fnt
|faint|p2a: Iron Moth
|-end|p2a: Iron Moth|Quark Drive|[silent]
|
|upkeep
|
|t:|1760855244
|switch|p2a: Iron Valiant|Iron Valiant|100/100
|-enditem|p2a: Iron Valiant|Booster Energy
|-activate|p2a: Iron Valiant|ability: Quark Drive|[fromitem]
|-start|p2a: Iron Valiant|quarkdrivespa
|turn|8
|
|t:|1760855248
|-terastallize|p1a: Zamazenta|Fairy
|move|p2a: Iron Valiant|Moonblast|p1a: Zamazenta
|-damage|p1a: Zamazenta|40/100
|move|p1a: Zamazenta|Heavy Slam|p2a: Iron Valiant
|-supereffective|p2a: Iron Valiant
|-damage|p2a: Iron Valiant|2/100
|
|upkeep
|turn|9
|
|t:|1760855274
|-end|p2a: Iron Valiant|Quark Drive|[silent]
|switch|p2a: Araquanid|Araquanid, F|53/100
|switch|p1a: Ogerpon|Ogerpon-Wellspring, F|50/100
|-activate|p1a: Ogerpon|move: Sticky Web
|-unboost|p1a: Ogerpon|spe|1
|
|upkeep
|turn|10
|
|t:|1760855281
|move|p1a: Ogerpon|Ivy Cudgel|p2a: Araquanid|[anim] Ivy Cudgel Water
|-resisted|p2a: Araquanid
|-damage|p2a: Araquanid|24/100
|move|p2a: Araquanid|Lunge|p1a: Ogerpon
|-supereffective|p1a: Ogerpon
|-damage|p1a: Ogerpon|0 fnt
|faint|p1a: Ogerpon
|
|upkeep
|inactive|ace trumpets has 120 seconds left.
|
|t:|1760855301
|switch|p1a: Landorus|Landorus-Therian, M|100/100
|-ability|p1a: Landorus|Intimidate|boost
|-unboost|p2a: Araquanid|atk|1
|turn|11
|-enditem|p2a: Araquanid|Custap Berry|[eat]
|-activate|p2a: Araquanid|item: Custap Berry|[consumed]
|
|t:|1760855311
|switch|p1a: Pecharunt|Pecharunt|43/100
|move|p2a: Araquanid|Surf|p1a: Pecharunt
|-damage|p1a: Pecharunt|6/100
|
|upkeep
|turn|12
|
|t:|1760855314
|move|p1a: Pecharunt|Recover|p1a: Pecharunt
|-heal|p1a: Pecharunt|56/100
|move|p2a: Araquanid|Surf|p1a: Pecharunt
|-damage|p1a: Pecharunt|20/100
|
|upkeep
|turn|13
|
|t:|1760855318
|move|p1a: Pecharunt|Recover|p1a: Pecharunt
|-heal|p1a: Pecharunt|70/100
|move|p2a: Araquanid|Surf|p1a: Pecharunt
|-damage|p1a: Pecharunt|32/100
|
|upkeep
|turn|14
|
|t:|1760855320
|move|p1a: Pecharunt|Recover|p1a: Pecharunt
|-heal|p1a: Pecharunt|83/100
|move|p2a: Araquanid|Surf|p1a: Pecharunt
|-damage|p1a: Pecharunt|46/100
|
|upkeep
|turn|15
|
|t:|1760855322
|move|p1a: Pecharunt|Recover|p1a: Pecharunt
|-heal|p1a: Pecharunt|96/100
|move|p2a: Araquanid|Surf|p1a: Pecharunt
|-damage|p1a: Pecharunt|62/100
|
|upkeep
|turn|16
|
|t:|1760855327
|move|p1a: Pecharunt|Toxic|p2a: Araquanid
|-status|p2a: Araquanid|tox
|-start|p2a: Araquanid|confusion|[from] ability: Poison Puppeteer|[of] p1a: Pecharunt
|-activate|p2a: Araquanid|confusion
|move|p2a: Araquanid|Surf|p1a: Pecharunt
|-damage|p1a: Pecharunt|24/100
|
|-damage|p2a: Araquanid|18/100 tox|[from] psn
|upkeep
|turn|17
|
|t:|1760855329
|move|p1a: Pecharunt|Recover|p1a: Pecharunt
|-heal|p1a: Pecharunt|74/100
|-activate|p2a: Araquanid|confusion
|-damage|p2a: Araquanid|13/100 tox|[from] confusion
|
|-damage|p2a: Araquanid|1/100 tox|[from] psn
|upkeep
|turn|18
|
|t:|1760855332
|move|p1a: Pecharunt|Recover|p1a: Pecharunt
|-heal|p1a: Pecharunt|100/100
|-end|p2a: Araquanid|confusion
|move|p2a: Araquanid|Surf|p1a: Pecharunt
|-damage|p1a: Pecharunt|65/100
|
|-damage|p2a: Araquanid|0 fnt|[from] psn
|faint|p2a: Araquanid
|upkeep
|
|t:|1760855336
|switch|p2a: Gholdengo|Gholdengo|100/100
|-item|p2a: Gholdengo|Air Balloon
|turn|19
|
|t:|1760855339
|move|p1a: Pecharunt|Shadow Ball|p2a: Gholdengo
|-supereffective|p2a: Gholdengo
|-damage|p2a: Gholdengo|45/100
|-enditem|p2a: Gholdengo|Air Balloon
|move|p2a: Gholdengo|Shadow Ball|p1a: Pecharunt
|-supereffective|p1a: Pecharunt
|-damage|p1a: Pecharunt|0 fnt
|faint|p1a: Pecharunt
|
|upkeep
|
|t:|1760855350
|switch|p1a: Kingambit|Kingambit, F|100/100
|-activate|p1a: Kingambit|move: Sticky Web
|-unboost|p1a: Kingambit|spe|1
|-activate|p1a: Kingambit|ability: Supreme Overlord
|-start|p1a: Kingambit|fallen2|[silent]
|turn|20
|
|t:|1760855355
|move|p1a: Kingambit|Sucker Punch||[still]
|-fail|p1a: Kingambit
|move|p2a: Gholdengo|Nasty Plot|p2a: Gholdengo
|-boost|p2a: Gholdengo|spa|2
|
|upkeep
|turn|21
|
|t:|1760855358
|move|p2a: Gholdengo|Nasty Plot|p2a: Gholdengo
|-boost|p2a: Gholdengo|spa|2
|move|p1a: Kingambit|Kowtow Cleave|p2a: Gholdengo
|-supereffective|p2a: Gholdengo
|-damage|p2a: Gholdengo|0 fnt
|faint|p2a: Gholdengo
|
|upkeep
|
|t:|1760855360
|switch|p2a: Iron Valiant|Iron Valiant|2/100
|turn|22
|
|t:|1760855371
|-end|p1a: Kingambit|fallen2|[silent]
|switch|p1a: Zamazenta|Zamazenta, tera:Fairy|40/100
|-activate|p1a: Zamazenta|move: Sticky Web
|-unboost|p1a: Zamazenta|spe|1
|move|p2a: Iron Valiant|Vacuum Wave|p1a: Zamazenta
|-resisted|p1a: Zamazenta
|-damage|p1a: Zamazenta|33/100
|
|upkeep
|turn|23
|
|t:|1760855383
|move|p2a: Iron Valiant|Moonblast|p1a: Zamazenta
|-damage|p1a: Zamazenta|2/100
|-unboost|p1a: Zamazenta|spa|1
|move|p1a: Zamazenta|Close Combat|p2a: Iron Valiant
|-resisted|p2a: Iron Valiant
|-damage|p2a: Iron Valiant|0 fnt
|-unboost|p1a: Zamazenta|def|1
|-unboost|p1a: Zamazenta|spd|1
|faint|p2a: Iron Valiant
|-end|p2a: Iron Valiant|Quark Drive|[silent]
|
|upkeep
|
|t:|1760855396
|switch|p2a: Kingambit|Kingambit, F|100/100
|-activate|p2a: Kingambit|ability: Supreme Overlord
|-start|p2a: Kingambit|fallen4|[silent]
|-item|p2a: Kingambit|Air Balloon
|turn|24
|
|t:|1760855403
|switch|p1a: Blaziken|Blaziken, F|100/100
|-activate|p1a: Blaziken|move: Sticky Web
|-unboost|p1a: Blaziken|spe|1
|move|p2a: Kingambit|Sucker Punch||[still]
|-fail|p2a: Kingambit
|
|upkeep
|turn|25
|
|t:|1760855407
|move|p2a: Kingambit|Swords Dance|p2a: Kingambit
|-boost|p2a: Kingambit|atk|2
|move|p1a: Blaziken|Overheat|p2a: Kingambit
|-supereffective|p2a: Kingambit
|-damage|p2a: Kingambit|0 fnt
|-unboost|p1a: Blaziken|spa|2
|-enditem|p2a: Kingambit|Air Balloon
|faint|p2a: Kingambit
|-end|p2a: Kingambit|fallen4|[silent]
|
|-ability|p1a: Blaziken|Speed Boost|boost
|-boost|p1a: Blaziken|spe|1
|upkeep
|-message|Reginald Chaos forfeited.
|
|win|ace trumpets
|raw|ace trumpets's rating: 1461 &rarr; <strong>1481</strong><br />(+20 for winning)
|raw|Reginald Chaos's rating: 1467 &rarr; <strong>1447</strong><br />(-20 for losing)
|l|☆Reginald Chaos
|player|p2|
|l|☆ace trumpets
|player|p1|
