|j|☆xiguatiaomatong
|j|☆KingSeok
|t:|1760792663
|gametype|singles
|player|p1|xiguatiaomatong|sailor|1309
|player|p2|KingSeok|acetrainer-gen4dp|1359
|gen|9
|tier|[Gen 9] OU
|rated|
|rule|HP Percentage Mod: HP is shown in percentages
|rule|Endless Battle Clause: Forcing endless battles is banned
|rule|Species Clause: Limit one of each Pokémon
|rule|OHKO Clause: OHKO moves are banned
|rule|Evasion Items Clause: Evasion items are banned
|rule|Evasion Moves Clause: Evasion moves are banned
|rule|Evasion Abilities Clause: Evasion abilities are banned
|rule|Sleep Moves Clause: Sleep-inducing moves are banned
|clearpoke
|poke|p1|Kingdra, M|
|poke|p1|Goodra-Hisui, M|
|poke|p1|Gholdengo|
|poke|p1|Pelipper, F|
|poke|p1|Basculegion, M|
|poke|p1|Great Tusk|
|poke|p2|Zapdos|
|poke|p2|Zamazenta-*|
|poke|p2|Gholdengo|
|poke|p2|Umbreon, M|
|poke|p2|Iron Valiant|
|poke|p2|Dondozo, M|
|teampreview
|inactive|Battle timer is ON: inactive players will automatically lose when time's up. (requested by xiguatiaomatong)
|
|t:|1760792676
|teamsize|p1|6
|teamsize|p2|6
|start
|switch|p1a: Goodra|Goodra-Hisui, M|100/100
|switch|p2a: Umbreon|Umbreon, M|100/100
|turn|1
|
|t:|1760792684
|move|p2a: Umbreon|Light Screen|p2a: Umbreon
|-sidestart|p2: KingSeok|move: Light Screen
|move|p1a: Goodra|Draco Meteor|p2a: Umbreon|[miss]
|-miss|p1a: Goodra|p2a: Umbreon
|
|upkeep
|turn|2
|
|t:|1760792701
|move|p2a: Umbreon|Thunder Wave|p1a: Goodra|[miss]
|-miss|p2a: Umbreon|p1a: Goodra
|move|p1a: Goodra|Draco Meteor|p2a: Umbreon
|-damage|p2a: Umbreon|69/100
|-unboost|p1a: Goodra|spa|2
|
|upkeep
|turn|3
|
|t:|1760792709
|switch|p1a: Gholdengo|Gholdengo|100/100
|move|p2a: Umbreon|Thunder Wave|p1a: Gholdengo
|-immune|p1a: Gholdengo|[from] ability: Good as Gold
|
|upkeep
|turn|4
|
|t:|1760792722
|move|p1a: Gholdengo|Trick|p2a: Umbreon
|-activate|p1a: Gholdengo|move: Trick|[of] p2a: Umbreon
|-item|p2a: Umbreon|Choice Scarf|[from] move: Trick
|-item|p1a: Gholdengo|Light Clay|[from] move: Trick
|move|p2a: Umbreon|Foul Play|p1a: Gholdengo
|-supereffective|p1a: Gholdengo
|-damage|p1a: Gholdengo|64/100
|
|upkeep
|turn|5
|
|t:|1760792733
|move|p1a: Gholdengo|Thunder Wave|p2a: Umbreon
|-status|p2a: Umbreon|par
|-activate|p2a: Umbreon|ability: Synchronize
|-status|p1a: Gholdengo|par
|move|p2a: Umbreon|Foul Play|p1a: Gholdengo
|-supereffective|p1a: Gholdengo
|-damage|p1a: Gholdengo|29/100 par
|
|upkeep
|turn|6
|
|t:|1760792746
|switch|p2a: Zamazenta|Zamazenta|100/100
|-ability|p2a: Zamazenta|Dauntless Shield|boost
|-boost|p2a: Zamazenta|def|1
|cant|p1a: Gholdengo|par
|
|upkeep
|turn|7
|
|t:|1760792759
|move|p2a: Zamazenta|Substitute|p2a: Zamazenta
|-start|p2a: Zamazenta|Substitute
|-damage|p2a: Zamazenta|76/100
|cant|p1a: Gholdengo|par
|
|-heal|p2a: Zamazenta|82/100|[from] item: Leftovers
|upkeep
|turn|8
|
|t:|1760792766
|move|p2a: Zamazenta|Crunch|p1a: Gholdengo
|-supereffective|p1a: Gholdengo
|-damage|p1a: Gholdengo|0 fnt
|faint|p1a: Gholdengo
|
|-heal|p2a: Zamazenta|88/100|[from] item: Leftovers
|-sideend|p2: KingSeok|move: Light Screen
|upkeep
|
|t:|1760792771
|switch|p1a: Pelipper|Pelipper, F|100/100
|-weather|RainDance|[from] ability: Drizzle|[of] p1a: Pelipper
|turn|9
|
|t:|1760792787
|move|p2a: Zamazenta|Iron Defense|p2a: Zamazenta
|-boost|p2a: Zamazenta|def|2
|move|p1a: Pelipper|Hurricane|p2a: Zamazenta
|-supereffective|p2a: Zamazenta
|-end|p2a: Zamazenta|Substitute
|
|-weather|RainDance|[upkeep]
|-heal|p2a: Zamazenta|94/100|[from] item: Leftovers
|upkeep
|turn|10
|
|t:|1760792796
|-terastallize|p2a: Zamazenta|Fairy
|move|p2a: Zamazenta|Body Press|p1a: Pelipper
|-resisted|p1a: Pelipper
|-damage|p1a: Pelipper|51/100
|move|p1a: Pelipper|Hurricane|p2a: Zamazenta
|-damage|p2a: Zamazenta|53/100
|
|-weather|RainDance|[upkeep]
|-heal|p2a: Zamazenta|59/100|[from] item: Leftovers
|upkeep
|turn|11
|
|t:|1760792809
|move|p2a: Zamazenta|Body Press|p1a: Pelipper
|-resisted|p1a: Pelipper
|-damage|p1a: Pelipper|0 fnt
|faint|p1a: Pelipper
|
|-weather|RainDance|[upkeep]
|-heal|p2a: Zamazenta|66/100|[from] item: Leftovers
|upkeep
|
|t:|1760792812
|switch|p1a: Basculegion|Basculegion, M|100/100
|turn|12
|
|t:|1760792821
|-terastallize|p1a: Basculegion|Water
|move|p1a: Basculegion|Wave Crash|p2a: Zamazenta
|-damage|p2a: Zamazenta|18/100
|-damage|p1a: Basculegion|87/100|[from] Recoil
|move|p2a: Zamazenta|Crunch|p1a: Basculegion
|-damage|p1a: Basculegion|62/100
|-unboost|p1a: Basculegion|def|1
|
|-weather|RainDance|[upkeep]
|-heal|p2a: Zamazenta|24/100|[from] item: Leftovers
|upkeep
|turn|13
|
|t:|1760792832
|move|p1a: Basculegion|Wave Crash|p2a: Zamazenta
|-damage|p2a: Zamazenta|0 fnt
|faint|p2a: Zamazenta
|-damage|p1a: Basculegion|55/100|[from] Recoil
|
|-weather|RainDance|[upkeep]
|upkeep
|
|t:|1760792839
|switch|p2a: Dondozo|Dondozo, M|100/100
|turn|14
|
|t:|1760792847
|switch|p1a: Goodra|Goodra-Hisui, M|100/100
|move|p2a: Dondozo|Wave Crash|p1a: Goodra
|-resisted|p1a: Goodra
|-damage|p1a: Goodra|60/100
|-ability|p1a: Goodra|Gooey
|-unboost|p2a: Dondozo|spe|1
|-damage|p2a: Dondozo|90/100|[from] Recoil
|
|-weather|RainDance|[upkeep]
|upkeep
|turn|15
|
|t:|1760792854
|move|p1a: Goodra|Thunder|p2a: Dondozo
|-supereffective|p2a: Dondozo
|-damage|p2a: Dondozo|35/100
|-status|p2a: Dondozo|par
|move|p2a: Dondozo|Wave Crash|p1a: Goodra
|-resisted|p1a: Goodra
|-damage|p1a: Goodra|18/100
|-ability|p1a: Goodra|Gooey
|-unboost|p2a: Dondozo|spe|1
|-damage|p2a: Dondozo|23/100 par|[from] Recoil
|
|-weather|RainDance|[upkeep]
|upkeep
|turn|16
|
|t:|1760792860
|move|p1a: Goodra|Thunder|p2a: Dondozo
|-supereffective|p2a: Dondozo
|-damage|p2a: Dondozo|0 fnt
|faint|p2a: Dondozo
|
|-weather|none
|upkeep
|
|t:|1760792865
|switch|p2a: Umbreon|Umbreon, M|69/100 par
|turn|17
|
|t:|1760792873
|move|p1a: Goodra|Thunder|p2a: Umbreon|[miss]
|-miss|p1a: Goodra|p2a: Umbreon
|move|p2a: Umbreon|Reflect|p2a: Umbreon
|-sidestart|p2: KingSeok|Reflect
|
|upkeep
|turn|18
|
|t:|1760792884
|switch|p2a: Gholdengo|Gholdengo|100/100
|move|p1a: Goodra|Thunder|p2a: Gholdengo
|-damage|p2a: Gholdengo|36/100
|-status|p2a: Gholdengo|par
|
|upkeep
|turn|19
|
|t:|1760792890
|move|p1a: Goodra|Thunder|p2a: Gholdengo
|-damage|p2a: Gholdengo|0 fnt
|faint|p2a: Gholdengo
|
|upkeep
|
|t:|1760792894
|switch|p2a: Zapdos|Zapdos|100/100
|turn|20
|
|t:|1760792899
|move|p2a: Zapdos|Heat Wave|p1a: Goodra|[miss]
|-miss|p2a: Zapdos|p1a: Goodra
|move|p1a: Goodra|Thunder|p2a: Zapdos
|-damage|p2a: Zapdos|35/100
|
|-heal|p2a: Zapdos|41/100|[from] item: Leftovers
|upkeep
|turn|21
|c|☆xiguatiaomatong|。。。
|
|t:|1760792908
|move|p2a: Zapdos|Heat Wave|p1a: Goodra|[miss]
|-miss|p2a: Zapdos|p1a: Goodra
|move|p1a: Goodra|Thunder|p2a: Zapdos
|-damage|p2a: Zapdos|0 fnt
|faint|p2a: Zapdos
|
|-sideend|p2: KingSeok|Reflect
|upkeep
|c|☆xiguatiaomatong|。。。。
|
|t:|1760792918
|switch|p2a: Umbreon|Umbreon, M|69/100 par
|turn|22
|c|☆xiguatiaomatong|😂
|c|☆xiguatiaomatong|amz
|
|t:|1760792928
|move|p1a: Goodra|Thunder|p2a: Umbreon
|-damage|p2a: Umbreon|33/100 par
|move|p2a: Umbreon|Reflect|p2a: Umbreon
|-sidestart|p2: KingSeok|Reflect
|
|upkeep
|turn|23
|
|t:|1760792933
|move|p1a: Goodra|Thunder|p2a: Umbreon
|-damage|p2a: Umbreon|0 fnt
|faint|p2a: Umbreon
|
|upkeep
|
|t:|1760792937
|switch|p2a: Iron Valiant|Iron Valiant|100/100
|-enditem|p2a: Iron Valiant|Booster Energy
|-activate|p2a: Iron Valiant|ability: Quark Drive|[fromitem]
|-start|p2a: Iron Valiant|quarkdrivespe
|turn|24
|
|t:|1760792941
|move|p2a: Iron Valiant|Swords Dance|p2a: Iron Valiant
|-boost|p2a: Iron Valiant|atk|2
|move|p1a: Goodra|Thunder|p2a: Iron Valiant
|-damage|p2a: Iron Valiant|0 fnt
|faint|p2a: Iron Valiant
|-end|p2a: Iron Valiant|Quark Drive|[silent]
|
|win|xiguatiaomatong
|raw|xiguatiaomatong's rating: 1309 &rarr; <strong>1332</strong><br />(+23 for winning)
|raw|KingSeok's rating: 1359 &rarr; <strong>1336</strong><br />(-23 for losing)
|l|☆KingSeok
|player|p2|
|l|☆xiguatiaomatong
|player|p1|
