|j|☆xXb1llyXx
|j|☆Magguss
|t:|1760739997
|gametype|singles
|player|p1|xXb1llyXx|mom-unova|1779
|player|p2|Magguss|265|1755
|gen|9
|tier|[Gen 9] OU
|rated|
|rule|HP Percentage Mod: HP is shown in percentages
|rule|Endless Battle Clause: Forcing endless battles is banned
|rule|Species Clause: Limit one of each Pokémon
|rule|OHKO Clause: OHKO moves are banned
|rule|Evasion Items Clause: Evasion items are banned
|rule|Evasion Moves Clause: Evasion moves are banned
|rule|Evasion Abilities Clause: Evasion abilities are banned
|rule|Sleep Moves Clause: Sleep-inducing moves are banned
|clearpoke
|poke|p1|Raging Bolt|
|poke|p1|Zamazenta-*|
|poke|p1|Ting-Lu|
|poke|p1|Tornadus-Therian, M|
|poke|p1|Gholdengo|
|poke|p1|Iron Treads|
|poke|p2|Zamazenta-*|
|poke|p2|Ursaluna, M|
|poke|p2|Sinistcha|
|poke|p2|Raging Bolt|
|poke|p2|Cinderace, M|
|poke|p2|Azumarill, F|
|teampreview
|j| just-jaype
|inactive|Battle timer is ON: inactive players will automatically lose when time's up. (requested by Magguss)
|
|t:|1760740017
|teamsize|p1|6
|teamsize|p2|6
|start
|switch|p1a: Ting-Lu|Ting-Lu|100/100
|switch|p2a: Azumarill|Azumarill, F, shiny|100/100
|-ability|p1a: Ting-Lu|Vessel of Ruin
|turn|1
|
|t:|1760740021
|move|p2a: Azumarill|Knock Off|p1a: Ting-Lu
|-resisted|p1a: Ting-Lu
|-damage|p1a: Ting-Lu|89/100
|-enditem|p1a: Ting-Lu|Weakness Policy|[from] move: Knock Off|[of] p2a: Azumarill
|move|p1a: Ting-Lu|Earthquake|p2a: Azumarill
|-damage|p2a: Azumarill|48/100
|
|upkeep
|turn|2
|
|t:|1760740030
|move|p2a: Azumarill|Play Rough|p1a: Ting-Lu
|-supereffective|p1a: Ting-Lu
|-damage|p1a: Ting-Lu|28/100
|-unboost|p1a: Ting-Lu|atk|1
|move|p1a: Ting-Lu|Earthquake|p2a: Azumarill
|-damage|p2a: Azumarill|17/100
|
|upkeep
|turn|3
|j| gronwar
|
|t:|1760740046
|move|p2a: Azumarill|Liquidation|p1a: Ting-Lu
|-supereffective|p1a: Ting-Lu
|-damage|p1a: Ting-Lu|0 fnt
|faint|p1a: Ting-Lu
|
|upkeep
|j| Capitaine Tenace
|
|t:|1760740064
|switch|p1a: Tornadus|Tornadus-Therian, M|100/100
|turn|4
|
|t:|1760740070
|switch|p2a: Sinistcha|Sinistcha|100/100
|move|p1a: Tornadus|Bleakwind Storm|p2a: Sinistcha|[miss]
|-miss|p1a: Tornadus|p2a: Sinistcha
|
|upkeep
|turn|5
|
|t:|1760740076
|switch|p2a: Azumarill|Azumarill, F, shiny|17/100
|move|p1a: Tornadus|Bleakwind Storm|p2a: Azumarill
|-damage|p2a: Azumarill|0 fnt
|faint|p2a: Azumarill
|-damage|p1a: Tornadus|91/100|[from] item: Life Orb
|
|upkeep
|
|t:|1760740085
|switch|p2a: Ursaluna|Ursaluna, M, shiny|100/100
|turn|6
|
|t:|1760740092
|switch|p1a: Gholdengo|Gholdengo|100/100
|-item|p1a: Gholdengo|Air Balloon
|move|p2a: Ursaluna|Swords Dance|p2a: Ursaluna
|-boost|p2a: Ursaluna|atk|2
|
|-status|p2a: Ursaluna|brn|[from] item: Flame Orb
|upkeep
|turn|7
|
|t:|1760740099
|move|p1a: Gholdengo|Make It Rain|p2a: Ursaluna
|-damage|p2a: Ursaluna|43/100 brn
|-unboost|p1a: Gholdengo|spa|1
|move|p2a: Ursaluna|Fire Punch|p1a: Gholdengo
|-supereffective|p1a: Gholdengo
|-damage|p1a: Gholdengo|0 fnt
|-enditem|p1a: Gholdengo|Air Balloon
|faint|p1a: Gholdengo
|
|-damage|p2a: Ursaluna|37/100 brn|[from] brn
|upkeep
|l| just-jaype
|
|t:|1760740114
|switch|p1a: Iron Treads|Iron Treads|100/100
|-enditem|p1a: Iron Treads|Booster Energy
|-activate|p1a: Iron Treads|ability: Quark Drive|[fromitem]
|-start|p1a: Iron Treads|quarkdrivespe
|turn|8
|
|t:|1760740118
|move|p1a: Iron Treads|Ice Spinner|p2a: Ursaluna
|-supereffective|p2a: Ursaluna
|-crit|p2a: Ursaluna
|-damage|p2a: Ursaluna|0 fnt
|faint|p2a: Ursaluna
|
|upkeep
|
|t:|1760740121
|switch|p2a: Sinistcha|Sinistcha|100/100
|turn|9
|c| Capitaine Tenace|gl billy
|c|☆xXb1llyXx|thx man
|
|t:|1760740128
|move|p1a: Iron Treads|Knock Off|p2a: Sinistcha
|-supereffective|p2a: Sinistcha
|-damage|p2a: Sinistcha|52/100
|-enditem|p2a: Sinistcha|Leftovers|[from] move: Knock Off|[of] p1a: Iron Treads
|move|p2a: Sinistcha|Calm Mind|p2a: Sinistcha
|-boost|p2a: Sinistcha|spa|1
|-boost|p2a: Sinistcha|spd|1
|
|upkeep
|turn|10
|
|t:|1760740135
|move|p1a: Iron Treads|Ice Spinner|p2a: Sinistcha
|-supereffective|p2a: Sinistcha
|-damage|p2a: Sinistcha|16/100
|move|p2a: Sinistcha|Strength Sap|p1a: Iron Treads
|-unboost|p1a: Iron Treads|atk|1
|-heal|p2a: Sinistcha|100/100
|
|upkeep
|turn|11
|
|t:|1760740144
|-end|p1a: Iron Treads|Quark Drive|[silent]
|switch|p1a: Tornadus|Tornadus-Therian, M|100/100
|move|p2a: Sinistcha|Calm Mind|p2a: Sinistcha
|-boost|p2a: Sinistcha|spa|1
|-boost|p2a: Sinistcha|spd|1
|
|upkeep
|turn|12
|
|t:|1760740160
|move|p1a: Tornadus|Bleakwind Storm|p2a: Sinistcha
|-supereffective|p2a: Sinistcha
|-damage|p2a: Sinistcha|27/100
|-unboost|p2a: Sinistcha|spe|1
|-damage|p1a: Tornadus|91/100|[from] item: Life Orb
|move|p2a: Sinistcha|Shadow Ball|p1a: Tornadus
|-damage|p1a: Tornadus|12/100
|
|upkeep
|turn|13
|
|t:|1760740174
|move|p1a: Tornadus|Dark Pulse|p2a: Sinistcha
|-supereffective|p2a: Sinistcha
|-damage|p2a: Sinistcha|0 fnt
|faint|p2a: Sinistcha
|-damage|p1a: Tornadus|2/100|[from] item: Life Orb
|
|upkeep
|
|t:|1760740176
|switch|p2a: Cinderace|Cinderace, M|100/100
|turn|14
|
|t:|1760740184
|move|p2a: Cinderace|Sucker Punch|p1a: Tornadus
|-start|p2a: Cinderace|typechange|Dark|[from] ability: Libero
|-damage|p1a: Tornadus|0 fnt
|faint|p1a: Tornadus
|
|upkeep
|
|t:|1760740190
|switch|p1a: Raging Bolt|Raging Bolt|100/100
|-enditem|p1a: Raging Bolt|Booster Energy
|-activate|p1a: Raging Bolt|ability: Protosynthesis|[fromitem]
|-start|p1a: Raging Bolt|protosynthesisspa
|turn|15
|
|t:|1760740193
|move|p2a: Cinderace|High Jump Kick|p1a: Raging Bolt
|-damage|p1a: Raging Bolt|69/100
|move|p1a: Raging Bolt|Calm Mind|p1a: Raging Bolt
|-boost|p1a: Raging Bolt|spa|1
|-boost|p1a: Raging Bolt|spd|1
|
|upkeep
|turn|16
|
|t:|1760740198
|move|p1a: Raging Bolt|Thunderclap|p2a: Cinderace
|-damage|p2a: Cinderace|0 fnt
|faint|p2a: Cinderace
|
|upkeep
|
|t:|1760740200
|switch|p2a: Raging Bolt|Raging Bolt|100/100
|-enditem|p2a: Raging Bolt|Booster Energy
|-activate|p2a: Raging Bolt|ability: Protosynthesis|[fromitem]
|-start|p2a: Raging Bolt|protosynthesisspa
|turn|17
|
|t:|1760740204
|-end|p2a: Raging Bolt|Protosynthesis|[silent]
|switch|p2a: Zamazenta|Zamazenta, shiny|100/100
|-ability|p2a: Zamazenta|Dauntless Shield|boost
|-boost|p2a: Zamazenta|def|1
|-terastallize|p1a: Raging Bolt|Fairy
|move|p1a: Raging Bolt|Dragon Pulse|p2a: Zamazenta
|-damage|p2a: Zamazenta|26/100
|
|-heal|p2a: Zamazenta|32/100|[from] item: Leftovers
|upkeep
|turn|18
|
|t:|1760740214
|move|p1a: Raging Bolt|Dragon Pulse|p2a: Zamazenta
|-damage|p2a: Zamazenta|0 fnt
|faint|p2a: Zamazenta
|
|upkeep
|-message|Magguss forfeited.
|
|win|xXb1llyXx
|raw|xXb1llyXx's rating: 1779 &rarr; <strong>1798</strong><br />(+19 for winning)
|raw|Magguss's rating: 1755 &rarr; <strong>1736</strong><br />(-19 for losing)
|l|☆Magguss
|player|p2|
|c|☆xXb1llyXx|gg
