|j|☆Johnny tots
|j|☆stariaki
|t:|1760827455
|gametype|singles
|player|p1|Johnny tots|101|1713
|player|p2|stariaki|101|1728
|gen|9
|tier|[Gen 9] OU
|rated|
|rule|HP Percentage Mod: HP is shown in percentages
|rule|Endless Battle Clause: Forcing endless battles is banned
|rule|Species Clause: Limit one of each Pokémon
|rule|OHKO Clause: OHKO moves are banned
|rule|Evasion Items Clause: Evasion items are banned
|rule|Evasion Moves Clause: Evasion moves are banned
|rule|Evasion Abilities Clause: Evasion abilities are banned
|rule|Sleep Moves Clause: Sleep-inducing moves are banned
|clearpoke
|poke|p1|Rillaboom, M|
|poke|p1|Klefki, F|
|poke|p1|Manaphy|
|poke|p1|Ogerpon-Wellspring, F|
|poke|p1|Maushold-Four|
|poke|p1|Clefable, M|
|poke|p2|Polteageist|
|poke|p2|Scizor, M|
|poke|p2|Dragonite, M|
|poke|p2|Great Tusk|
|poke|p2|Cinderace, M|
|poke|p2|Alomomola, F|
|teampreview
|inactive|Battle timer is ON: inactive players will automatically lose when time's up. (requested by Johnny tots)
|
|t:|1760827468
|teamsize|p1|6
|teamsize|p2|6
|start
|switch|p1a: Klefki|Klefki, F|100/100
|switch|p2a: Cinderace|Cinderace, M|100/100
|turn|1
|l|☆Johnny tots
|inactive|Johnny tots disconnected and has a minute to reconnect!
|player|p1|
|j|☆Johnny tots
|inactive|Johnny tots reconnected and has 140 seconds left.
|player|p1|Johnny tots|101|
|
|t:|1760827482
|move|p1a: Klefki|Reflect|p1a: Klefki
|-sidestart|p1: Johnny tots|Reflect
|move|p2a: Cinderace|Pyro Ball|p1a: Klefki
|-supereffective|p1a: Klefki
|-damage|p1a: Klefki|54/100
|
|upkeep
|turn|2
|
|t:|1760827487
|move|p1a: Klefki|Thunder Wave|p2a: Cinderace
|-status|p2a: Cinderace|par
|move|p2a: Cinderace|Pyro Ball|p1a: Klefki
|-supereffective|p1a: Klefki
|-damage|p1a: Klefki|7/100
|
|upkeep
|turn|3
|
|t:|1760827494
|switch|p1a: Manaphy|Manaphy|100/100
|cant|p2a: Cinderace|par
|
|upkeep
|turn|4
|
|t:|1760827495
|move|p1a: Manaphy|Scald|p2a: Cinderace
|-supereffective|p2a: Cinderace
|-damage|p2a: Cinderace|0 fnt
|faint|p2a: Cinderace
|
|upkeep
|
|t:|1760827502
|switch|p2a: Polteageist|Polteageist|100/100
|turn|5
|
|t:|1760827506
|move|p1a: Manaphy|Scald|p2a: Polteageist
|-damage|p2a: Polteageist|54/100
|move|p2a: Polteageist|Shell Smash|p2a: Polteageist
|-unboost|p2a: Polteageist|def|1
|-unboost|p2a: Polteageist|spd|1
|-boost|p2a: Polteageist|atk|2
|-boost|p2a: Polteageist|spa|2
|-boost|p2a: Polteageist|spe|2
|
|upkeep
|turn|6
|
|t:|1760827529
|switch|p1a: Clefable|Clefable, M|100/100
|move|p2a: Polteageist|Stored Power|p1a: Clefable
|-crit|p1a: Clefable
|-damage|p1a: Clefable|0 fnt
|faint|p1a: Clefable
|
|upkeep
|
|t:|1760827532
|switch|p1a: Rillaboom|Rillaboom, M|100/100
|-fieldstart|move: Grassy Terrain|[from] ability: Grassy Surge|[of] p1a: Rillaboom
|turn|7
|
|t:|1760827539
|switch|p2a: Dragonite|Dragonite, M|100/100
|move|p1a: Rillaboom|Grassy Glide|p2a: Dragonite
|-resisted|p2a: Dragonite
|-damage|p2a: Dragonite|96/100
|
|-heal|p2a: Dragonite|100/100|[from] item: Leftovers
|upkeep
|turn|8
|
|t:|1760827551
|switch|p1a: Klefki|Klefki, F|7/100
|move|p2a: Dragonite|Ice Spinner|p1a: Klefki
|-resisted|p1a: Klefki
|-damage|p1a: Klefki|2/100
|-fieldend|move: Grassy Terrain
|
|-sideend|p1: Johnny tots|Reflect
|upkeep
|turn|9
|
|t:|1760827561
|move|p1a: Klefki|Reflect|p1a: Klefki
|-sidestart|p1: Johnny tots|Reflect
|move|p2a: Dragonite|Earthquake|p1a: Klefki
|-supereffective|p1a: Klefki
|-damage|p1a: Klefki|0 fnt
|faint|p1a: Klefki
|
|upkeep
|
|t:|1760827568
|switch|p1a: Maushold|Maushold-Four|100/100
|turn|10
|
|t:|1760827582
|move|p1a: Maushold|Tidy Up|p1a: Maushold
|-boost|p1a: Maushold|atk|1
|-boost|p1a: Maushold|spe|1
|move|p2a: Dragonite|Earthquake|p1a: Maushold
|-crit|p1a: Maushold
|-damage|p1a: Maushold|32/100
|
|upkeep
|turn|11
|l|☆Johnny tots
|inactive|Johnny tots disconnected and has a minute to reconnect!
|player|p1|
|j|☆Johnny tots
|inactive|Johnny tots reconnected and has 145 seconds left.
|player|p1|Johnny tots|101|
|
|t:|1760827596
|switch|p2a: Alomomola|Alomomola, F|100/100
|move|p1a: Maushold|Population Bomb|p2a: Alomomola
|-damage|p2a: Alomomola|91/100
|-damage|p1a: Maushold|16/100|[from] item: Rocky Helmet|[of] p2a: Alomomola
|-damage|p2a: Alomomola|82/100
|-damage|p1a: Maushold|0 fnt|[from] item: Rocky Helmet|[of] p2a: Alomomola
|faint|p1a: Maushold
|-hitcount|p2a: Alomomola|2
|
|upkeep
|
|t:|1760827601
|switch|p1a: Manaphy|Manaphy|100/100
|turn|12
|
|t:|1760827608
|move|p1a: Manaphy|Take Heart|p1a: Manaphy
|-boost|p1a: Manaphy|spa|1
|-boost|p1a: Manaphy|spd|1
|move|p2a: Alomomola|Wish|p2a: Alomomola
|
|upkeep
|turn|13
|
|t:|1760827614
|move|p1a: Manaphy|Acid Armor|p1a: Manaphy
|-boost|p1a: Manaphy|def|2
|move|p2a: Alomomola|Flip Turn|p1a: Manaphy
|-resisted|p1a: Manaphy
|-damage|p1a: Manaphy|99/100
|
|t:|1760827617
|switch|p2a: Polteageist|Polteageist|54/100|[from] Flip Turn
|
|-heal|p2a: Polteageist|100/100|[from] move: Wish|[wisher] Alomomola
|-heal|p1a: Manaphy|100/100|[from] item: Leftovers
|upkeep
|turn|14
|
|t:|1760827621
|move|p1a: Manaphy|Scald|p2a: Polteageist
|-damage|p2a: Polteageist|37/100
|move|p2a: Polteageist|Shell Smash|p2a: Polteageist
|-unboost|p2a: Polteageist|def|1
|-unboost|p2a: Polteageist|spd|1
|-boost|p2a: Polteageist|atk|2
|-boost|p2a: Polteageist|spa|2
|-boost|p2a: Polteageist|spe|2
|
|upkeep
|turn|15
|
|t:|1760827625
|move|p2a: Polteageist|Stored Power|p1a: Manaphy
|-damage|p1a: Manaphy|37/100
|move|p1a: Manaphy|Scald|p2a: Polteageist
|-damage|p2a: Polteageist|0 fnt
|faint|p2a: Polteageist
|
|-heal|p1a: Manaphy|43/100|[from] item: Leftovers
|upkeep
|
|t:|1760827640
|switch|p2a: Scizor|Scizor, M|100/100
|turn|16
|
|t:|1760827644
|move|p1a: Manaphy|Scald|p2a: Scizor
|-crit|p2a: Scizor
|-damage|p2a: Scizor|9/100
|-status|p2a: Scizor|brn
|move|p2a: Scizor|U-turn|p1a: Manaphy
|-damage|p1a: Manaphy|36/100
|
|t:|1760827650
|switch|p2a: Great Tusk|Great Tusk|100/100|[from] U-turn
|
|-heal|p1a: Manaphy|42/100|[from] item: Leftovers
|-sideend|p1: Johnny tots|Reflect
|upkeep
|turn|17
|
|t:|1760827657
|-terastallize|p2a: Great Tusk|Ghost
|move|p1a: Manaphy|Scald|p2a: Great Tusk
|-damage|p2a: Great Tusk|51/100
|move|p2a: Great Tusk|Earthquake|p1a: Manaphy
|-damage|p1a: Manaphy|17/100
|
|-heal|p1a: Manaphy|23/100|[from] item: Leftovers
|upkeep
|turn|18
|
|t:|1760827666
|move|p1a: Manaphy|Acid Armor|p1a: Manaphy
|-boost|p1a: Manaphy|def|2
|move|p2a: Great Tusk|Earthquake|p1a: Manaphy
|-damage|p1a: Manaphy|5/100
|
|-heal|p1a: Manaphy|11/100|[from] item: Leftovers
|upkeep
|turn|19
|
|t:|1760827669
|move|p1a: Manaphy|Stored Power|p2a: Great Tusk
|-damage|p2a: Great Tusk|0 fnt
|faint|p2a: Great Tusk
|-end|p2a: Great Tusk|Protosynthesis|[silent]
|
|-heal|p1a: Manaphy|18/100|[from] item: Leftovers
|upkeep
|
|t:|1760827672
|switch|p2a: Dragonite|Dragonite, M|100/100
|turn|20
|
|t:|1760827675
|move|p1a: Manaphy|Stored Power|p2a: Dragonite
|-damage|p2a: Dragonite|71/100
|move|p2a: Dragonite|Dragon Dance|p2a: Dragonite
|-boost|p2a: Dragonite|atk|1
|-boost|p2a: Dragonite|spe|1
|
|-heal|p2a: Dragonite|77/100|[from] item: Leftovers
|-heal|p1a: Manaphy|24/100|[from] item: Leftovers
|upkeep
|turn|21
|
|t:|1760827678
|move|p2a: Dragonite|Earthquake|p1a: Manaphy
|-damage|p1a: Manaphy|9/100
|move|p1a: Manaphy|Stored Power|p2a: Dragonite
|-damage|p2a: Dragonite|18/100
|
|-heal|p2a: Dragonite|24/100|[from] item: Leftovers
|-heal|p1a: Manaphy|15/100|[from] item: Leftovers
|upkeep
|turn|22
|
|t:|1760827686
|-terastallize|p1a: Manaphy|Grass
|move|p2a: Dragonite|Earthquake|p1a: Manaphy
|-resisted|p1a: Manaphy
|-damage|p1a: Manaphy|8/100
|move|p1a: Manaphy|Stored Power|p2a: Dragonite
|-damage|p2a: Dragonite|0 fnt
|faint|p2a: Dragonite
|
|-heal|p1a: Manaphy|14/100|[from] item: Leftovers
|upkeep
|
|t:|1760827691
|switch|p2a: Scizor|Scizor, M|9/100 brn
|turn|23
|
|t:|1760827693
|move|p2a: Scizor|Bullet Punch|p1a: Manaphy
|-damage|p1a: Manaphy|6/100
|move|p1a: Manaphy|Scald|p2a: Scizor
|-damage|p2a: Scizor|0 fnt
|faint|p2a: Scizor
|
|-heal|p1a: Manaphy|12/100|[from] item: Leftovers
|upkeep
|l|☆stariaki
|inactive|stariaki disconnected and has a minute to reconnect!
|player|p2|
|j|☆stariaki
|inactive|stariaki reconnected and has 115 seconds left.
|player|p2|stariaki|101|
|-message|stariaki forfeited.
|
|win|Johnny tots
|raw|Johnny tots's rating: 1713 &rarr; <strong>1734</strong><br />(+21 for winning)
|raw|stariaki's rating: 1728 &rarr; <strong>1707</strong><br />(-21 for losing)
|l|☆stariaki
|player|p2|
|l|☆Johnny tots
|player|p1|
