|j|☆J_B_84824
|j|☆Hebigami666
|t:|1760878958
|gametype|singles
|player|p1|J_B_84824|170|
|player|p2|Hebigami666|guitarist-gen4|
|gen|9
|tier|[Gen 9] OU
|rule|HP Percentage Mod: HP is shown in percentages
|rule|Endless Battle Clause: Forcing endless battles is banned
|rule|Species Clause: Limit one of each Pokémon
|rule|OHKO Clause: OHKO moves are banned
|rule|Evasion Items Clause: Evasion items are banned
|rule|Evasion Moves Clause: Evasion moves are banned
|rule|Evasion Abilities Clause: Evasion abilities are banned
|rule|Sleep Moves Clause: Sleep-inducing moves are banned
|clearpoke
|poke|p1|Glimmora, F|
|poke|p1|Garganacl, M|
|poke|p1|Iron Valiant|
|poke|p1|Great Tusk|
|poke|p1|Iron Boulder|
|poke|p1|Hatterene, F|
|poke|p2|Glimmora, M|
|poke|p2|Gholdengo|
|poke|p2|Iron Moth|
|poke|p2|Fezandipiti, M|
|poke|p2|Sinistcha|
|poke|p2|Okidogi, M|
|teampreview
|c|☆J_B_84824|Gl hf :)
|c|☆Hebigami666|hello there
|c|☆Hebigami666|u2
|inactive|Battle timer is ON: inactive players will automatically lose when time's up. (requested by J_B_84824)
|
|t:|1760878977
|teamsize|p1|6
|teamsize|p2|6
|start
|switch|p1a: Glimmora|Glimmora, F|100/100
|switch|p2a: Hanami|Glimmora, M|100/100
|turn|1
|
|t:|1760878989
|move|p1a: Glimmora|Earth Power|p2a: Hanami
|-supereffective|p2a: Hanami
|-enditem|p2a: Hanami|Focus Sash
|-damage|p2a: Hanami|1/100
|move|p2a: Hanami|Earth Power|p1a: Glimmora
|-supereffective|p1a: Glimmora
|-enditem|p1a: Glimmora|Focus Sash
|-damage|p1a: Glimmora|1/100
|
|upkeep
|turn|2
|c|☆Hebigami666|well
|
|t:|1760879012
|switch|p2a: Crabs|Gholdengo|100/100
|-item|p2a: Crabs|Air Balloon
|move|p1a: Glimmora|Sludge Wave|p2a: Crabs
|-immune|p2a: Crabs
|
|upkeep
|turn|3
|c|☆J_B_84824|Awkward XD
|
|t:|1760879022
|switch|p1a: Great Tusk|Great Tusk|100/100
|move|p2a: Crabs|Shadow Ball|p1a: Great Tusk
|-damage|p1a: Great Tusk|45/100
|-unboost|p1a: Great Tusk|spd|1
|
|upkeep
|turn|4
|
|t:|1760879034
|move|p1a: Great Tusk|Knock Off|p2a: Crabs
|-supereffective|p2a: Crabs
|-damage|p2a: Crabs|42/100
|-enditem|p2a: Crabs|Air Balloon
|-damage|p1a: Great Tusk|35/100|[from] item: Life Orb
|move|p2a: Crabs|Shadow Ball|p1a: Great Tusk
|-damage|p1a: Great Tusk|0 fnt
|faint|p1a: Great Tusk
|-end|p1a: Great Tusk|Protosynthesis|[silent]
|
|upkeep
|
|t:|1760879052
|switch|p1a: Iron Valiant|Iron Valiant|100/100
|-enditem|p1a: Iron Valiant|Booster Energy
|-activate|p1a: Iron Valiant|ability: Quark Drive|[fromitem]
|-start|p1a: Iron Valiant|quarkdrivespe
|turn|5
|
|t:|1760879066
|move|p1a: Iron Valiant|Knock Off|p2a: Crabs
|-supereffective|p2a: Crabs
|-damage|p2a: Crabs|12/100
|move|p2a: Crabs|Make It Rain|p1a: Iron Valiant
|-supereffective|p1a: Iron Valiant
|-damage|p1a: Iron Valiant|0 fnt
|-unboost|p2a: Crabs|spa|1
|faint|p1a: Iron Valiant
|-end|p1a: Iron Valiant|Quark Drive|[silent]
|
|upkeep
|c|☆J_B_84824|That damn thing refuses to die huh
|inactive|J_B_84824 has 270 seconds left.
|
|t:|1760879087
|switch|p1a: Iron Boulder|Iron Boulder|100/100
|turn|6
|c|☆Hebigami666|and I´m glad about it
|
|t:|1760879103
|switch|p2a: Flamingo|Fezandipiti, M|100/100
|-item|p2a: Flamingo|Air Balloon
|move|p1a: Iron Boulder|Earthquake|p2a: Flamingo
|-immune|p2a: Flamingo
|
|upkeep
|turn|7
|inactive|Hebigami666 has 270 seconds left.
|c|☆J_B_84824|I for one am not XD
|
|t:|1760879142
|-end|p1a: Iron Boulder|Quark Drive|[silent]
|switch|p1a: Glimmora|Glimmora, F|1/100
|-terastallize|p2a: Flamingo|Ground
|move|p2a: Flamingo|Tera Blast|p1a: Glimmora|[anim] Tera Blast Ground
|-supereffective|p1a: Glimmora
|-damage|p1a: Glimmora|0 fnt
|faint|p1a: Glimmora
|
|upkeep
|
|t:|1760879153
|switch|p1a: Hatterene|Hatterene, F|100/100
|turn|8
|inactive|Hebigami666 has 270 seconds left.
|
|t:|1760879168
|switch|p2a: Bitter Times|Sinistcha|100/100
|-terastallize|p1a: Hatterene|Psychic
|move|p1a: Hatterene|Calm Mind|p1a: Hatterene
|-boost|p1a: Hatterene|spa|1
|-boost|p1a: Hatterene|spd|1
|
|upkeep
|turn|9
|inactive|Hebigami666 has 270 seconds left.
|
|t:|1760879182
|move|p2a: Bitter Times|Calm Mind|p2a: Bitter Times
|-boost|p2a: Bitter Times|spa|1
|-boost|p2a: Bitter Times|spd|1
|move|p1a: Hatterene|Draining Kiss|p2a: Bitter Times
|-damage|p2a: Bitter Times|65/100
|
|-heal|p2a: Bitter Times|71/100|[from] item: Leftovers
|upkeep
|turn|10
|inactive|Hebigami666 has 270 seconds left.
|
|t:|1760879192
|move|p2a: Bitter Times|Shadow Ball|p1a: Hatterene
|-supereffective|p1a: Hatterene
|-damage|p1a: Hatterene|34/100
|move|p1a: Hatterene|Mystical Fire|p2a: Bitter Times
|-supereffective|p2a: Bitter Times
|-damage|p2a: Bitter Times|35/100
|-unboost|p2a: Bitter Times|spa|1
|
|-heal|p2a: Bitter Times|42/100|[from] item: Leftovers
|-heal|p1a: Hatterene|40/100|[from] item: Leftovers
|upkeep
|turn|11
|
|t:|1760879202
|move|p2a: Bitter Times|Shadow Ball|p1a: Hatterene
|-supereffective|p1a: Hatterene
|-damage|p1a: Hatterene|0 fnt
|faint|p1a: Hatterene
|
|-heal|p2a: Bitter Times|48/100|[from] item: Leftovers
|upkeep
|
|t:|1760879210
|switch|p1a: Iron Boulder|Iron Boulder|100/100
|turn|12
|
|t:|1760879215
|move|p1a: Iron Boulder|Mighty Cleave|p2a: Bitter Times
|-damage|p2a: Bitter Times|0 fnt
|faint|p2a: Bitter Times
|
|upkeep
|
|t:|1760879219
|switch|p2a: Flamingo|Fezandipiti, M, tera:Ground|100/100
|-item|p2a: Flamingo|Air Balloon
|turn|13
|
|t:|1760879225
|move|p1a: Iron Boulder|Mighty Cleave|p2a: Flamingo
|-resisted|p2a: Flamingo
|-damage|p2a: Flamingo|54/100
|-enditem|p2a: Flamingo|Air Balloon
|move|p2a: Flamingo|Tera Blast|p1a: Iron Boulder|[anim] Tera Blast Ground
|-supereffective|p1a: Iron Boulder
|-damage|p1a: Iron Boulder|43/100
|
|upkeep
|turn|14
|
|t:|1760879250
|-end|p1a: Iron Boulder|Quark Drive|[silent]
|switch|p1a: Garganacl|Garganacl, M|100/100
|move|p2a: Flamingo|Tera Blast|p1a: Garganacl|[anim] Tera Blast Ground
|-supereffective|p1a: Garganacl
|-damage|p1a: Garganacl|51/100
|
|-heal|p1a: Garganacl|58/100|[from] item: Leftovers
|upkeep
|turn|15
|
|t:|1760879263
|move|p2a: Flamingo|Tera Blast|p1a: Garganacl|[anim] Tera Blast Ground
|-supereffective|p1a: Garganacl
|-damage|p1a: Garganacl|8/100
|move|p1a: Garganacl|Body Press|p2a: Flamingo
|-damage|p2a: Flamingo|13/100
|
|-heal|p1a: Garganacl|14/100|[from] item: Leftovers
|upkeep
|turn|16
|
|t:|1760879272
|move|p2a: Flamingo|Tera Blast|p1a: Garganacl|[anim] Tera Blast Ground
|-supereffective|p1a: Garganacl
|-damage|p1a: Garganacl|0 fnt
|faint|p1a: Garganacl
|
|upkeep
|
|t:|1760879277
|switch|p1a: Iron Boulder|Iron Boulder|43/100
|turn|17
|
|t:|1760879284
|move|p1a: Iron Boulder|Zen Headbutt|p2a: Flamingo
|-damage|p2a: Flamingo|0 fnt
|faint|p2a: Flamingo
|
|upkeep
|
|t:|1760879295
|switch|p2a: Woofs|Okidogi, M|100/100
|turn|18
|
|t:|1760879302
|move|p1a: Iron Boulder|Zen Headbutt|p2a: Woofs
|-supereffective|p2a: Woofs
|-damage|p2a: Woofs|0 fnt
|faint|p2a: Woofs
|
|upkeep
|c|☆Hebigami666|weeeell
|c|☆Hebigami666|I dont like this situation
|inactive|Hebigami666 has 270 seconds left.
|
|t:|1760879338
|switch|p2a: Hanami|Glimmora, M|1/100
|turn|19
|c|☆J_B_84824|Im lowkey tense af rn XD
|inactive|Hebigami666 has 270 seconds left.
|
|t:|1760879347
|move|p1a: Iron Boulder|Zen Headbutt|p2a: Hanami
|-supereffective|p2a: Hanami
|-crit|p2a: Hanami
|-damage|p2a: Hanami|0 fnt
|-activate|p2a: Hanami|ability: Toxic Debris
|-sidestart|p1: J_B_84824|move: Toxic Spikes
|faint|p2a: Hanami
|
|upkeep
|inactive|Hebigami666 has 270 seconds left.
|
|t:|1760879368
|switch|p2a: Crabs|Gholdengo|12/100
|turn|20
|
|t:|1760879373
|move|p1a: Iron Boulder|Zen Headbutt|p2a: Crabs
|-resisted|p2a: Crabs
|-crit|p2a: Crabs
|-damage|p2a: Crabs|0 fnt
|faint|p2a: Crabs
|
|upkeep
|c|☆Hebigami666|shit
|c|☆Hebigami666|I think thats gg
|
|t:|1760879384
|switch|p2a: Solar Panel|Iron Moth|100/100
|-enditem|p2a: Solar Panel|Booster Energy
|-activate|p2a: Solar Panel|ability: Quark Drive|[fromitem]
|-start|p2a: Solar Panel|quarkdrivespe
|turn|21
|c|☆J_B_84824|My poor heart can’t handle this stress XD
|c|☆Hebigami666|oh wait, Im speed
|c|☆J_B_84824|Ye u win
|c|☆Hebigami666|this might save me
|
|t:|1760879407
|move|p2a: Solar Panel|Energy Ball|p1a: Iron Boulder
|-supereffective|p1a: Iron Boulder
|-damage|p1a: Iron Boulder|0 fnt
|faint|p1a: Iron Boulder
|-end|p1a: Iron Boulder|Quark Drive|[silent]
|
|win|Hebigami666
|c|☆J_B_84824|Ggs
|c|☆Hebigami666|I thought I made is sp. attack
|l|☆J_B_84824
|player|p1|
|c|☆Hebigami666|nice XD
|c|☆Hebigami666|ggs
