|j|☆usucklatias
|j|☆ajdoom777
|t:|1760746862
|gametype|singles
|player|p1|usucklatias|brycenman|1086
|player|p2|ajdoom777|cynthia-gen4|1097
|gen|9
|tier|[Gen 9] OU
|rated|
|rule|HP Percentage Mod: HP is shown in percentages
|rule|Endless Battle Clause: Forcing endless battles is banned
|rule|Species Clause: Limit one of each Pokémon
|rule|OHKO Clause: OHKO moves are banned
|rule|Evasion Items Clause: Evasion items are banned
|rule|Evasion Moves Clause: Evasion moves are banned
|rule|Evasion Abilities Clause: Evasion abilities are banned
|rule|Sleep Moves Clause: Sleep-inducing moves are banned
|clearpoke
|poke|p1|Hoopa-Unbound|
|poke|p1|Hydrapple, F|
|poke|p1|Gliscor, F|
|poke|p1|Cinderace, M|
|poke|p1|Alomomola, F|
|poke|p1|Gholdengo|
|poke|p2|Rillaboom, F|
|poke|p2|Breloom, M|
|poke|p2|Florges-Blue, F|
|poke|p2|Ceruledge, M|
|poke|p2|Clawitzer, F|
|poke|p2|Umbreon, M|
|teampreview
|inactive|Battle timer is ON: inactive players will automatically lose when time's up. (requested by ajdoom777)
|inactive|usucklatias has 120 seconds left.
|
|t:|1760746912
|teamsize|p1|6
|teamsize|p2|6
|start
|switch|p1a: Alomomola|Alomomola, F|100/100
|switch|p2a: THE BLADE|Ceruledge, M|100/100
|turn|1
|
|t:|1760746939
|switch|p2a: big monkey|Rillaboom, F, shiny|100/100
|-fieldstart|move: Grassy Terrain|[from] ability: Grassy Surge|[of] p2a: big monkey
|move|p1a: Alomomola|Flip Turn|p2a: big monkey
|-resisted|p2a: big monkey
|-damage|p2a: big monkey|92/100
|
|t:|1760746946
|switch|p1a: Hydrapple|Hydrapple, F, shiny|100/100|[from] Flip Turn
|
|-heal|p2a: big monkey|98/100|[from] Grassy Terrain
|upkeep
|turn|2
|
|t:|1760746973
|move|p2a: big monkey|Swords Dance|p2a: big monkey
|-boost|p2a: big monkey|atk|2
|move|p1a: Hydrapple|Nasty Plot|p1a: Hydrapple
|-boost|p1a: Hydrapple|spa|2
|
|-heal|p2a: big monkey|100/100|[from] Grassy Terrain
|upkeep
|turn|3
|
|t:|1760746988
|move|p2a: big monkey|Drum Beating|p1a: Hydrapple
|-resisted|p1a: Hydrapple
|-damage|p1a: Hydrapple|76/100
|-unboost|p1a: Hydrapple|spe|1
|move|p1a: Hydrapple|Fickle Beam|p2a: big monkey|[anim] Fickle Beam All Out
|-activate|p1a: Hydrapple|move: Fickle Beam
|-damage|p2a: big monkey|0 fnt
|faint|p2a: big monkey
|
|-heal|p1a: Hydrapple|82/100|[from] Grassy Terrain
|upkeep
|
|t:|1760747002
|switch|p2a: MEG!!|Breloom, M, shiny|100/100
|turn|4
|
|t:|1760747012
|move|p2a: MEG!!|Fling|p1a: Hydrapple
|-damage|p1a: Hydrapple|75/100
|-status|p1a: Hydrapple|tox
|-enditem|p2a: MEG!!|Toxic Orb|[from] move: Fling
|move|p1a: Hydrapple|Fickle Beam|p2a: MEG!!
|-damage|p2a: MEG!!|0 fnt
|faint|p2a: MEG!!
|
|-heal|p1a: Hydrapple|81/100 tox|[from] Grassy Terrain
|-damage|p1a: Hydrapple|75/100 tox|[from] psn
|upkeep
|inactive|ajdoom777 has 120 seconds left.
|
|t:|1760747027
|switch|p2a: THE BLADE|Ceruledge, M|100/100
|turn|5
|
|t:|1760747038
|move|p2a: THE BLADE|Bitter Blade|p1a: Hydrapple
|-damage|p1a: Hydrapple|39/100 tox
|-damage|p2a: THE BLADE|84/100|[from] item: Rocky Helmet|[of] p1a: Hydrapple
|move|p1a: Hydrapple|Fickle Beam|p2a: THE BLADE
|-damage|p2a: THE BLADE|0 fnt
|faint|p2a: THE BLADE
|
|-heal|p1a: Hydrapple|45/100 tox|[from] Grassy Terrain
|-damage|p1a: Hydrapple|33/100 tox|[from] psn
|-fieldend|move: Grassy Terrain
|upkeep
|inactive|ajdoom777 has 120 seconds left.
|
|t:|1760747056
|switch|p2a: GUN|Clawitzer, F|100/100
|turn|6
|
|t:|1760747061
|move|p2a: GUN|Dragon Pulse|p1a: Hydrapple
|-supereffective|p1a: Hydrapple
|-damage|p1a: Hydrapple|0 fnt
|faint|p1a: Hydrapple
|
|upkeep
|
|t:|1760747069
|switch|p1a: Hoopa|Hoopa-Unbound|100/100
|turn|7
|
|t:|1760747073
|move|p1a: Hoopa|Knock Off|p2a: GUN
|-damage|p2a: GUN|27/100
|-enditem|p2a: GUN|Choice Specs|[from] move: Knock Off|[of] p1a: Hoopa
|move|p2a: GUN|Dragon Pulse|p1a: Hoopa
|-damage|p1a: Hoopa|57/100
|
|upkeep
|turn|8
|
|t:|1760747085
|move|p1a: Hoopa|Knock Off|p2a: GUN
|-damage|p2a: GUN|0 fnt
|faint|p2a: GUN
|
|upkeep
|
|t:|1760747089
|switch|p2a: Rainbow Kitty|Florges-Blue, F, shiny|100/100
|turn|9
|
|t:|1760747095
|move|p1a: Hoopa|Knock Off|p2a: Rainbow Kitty
|-resisted|p2a: Rainbow Kitty
|-damage|p2a: Rainbow Kitty|61/100
|-damage|p1a: Hoopa|40/100|[from] item: Rocky Helmet|[of] p2a: Rainbow Kitty
|-enditem|p2a: Rainbow Kitty|Rocky Helmet|[from] move: Knock Off|[of] p1a: Hoopa
|move|p2a: Rainbow Kitty|Moonblast|p1a: Hoopa
|-supereffective|p1a: Hoopa
|-damage|p1a: Hoopa|0 fnt
|faint|p1a: Hoopa
|
|upkeep
|
|t:|1760747105
|switch|p1a: Gholdengo|Gholdengo|100/100
|-item|p1a: Gholdengo|Air Balloon
|turn|10
|
|t:|1760747115
|move|p1a: Gholdengo|Make It Rain|p2a: Rainbow Kitty
|-supereffective|p2a: Rainbow Kitty
|-damage|p2a: Rainbow Kitty|0 fnt
|-unboost|p1a: Gholdengo|spa|1
|faint|p2a: Rainbow Kitty
|
|upkeep
|
|t:|1760747121
|switch|p2a: THE MOOOON!!|Umbreon, M, shiny|100/100
|turn|11
|
|t:|1760747126
|switch|p1a: Alomomola|Alomomola, F|100/100
|move|p2a: THE MOOOON!!|Dark Pulse|p1a: Alomomola
|-damage|p1a: Alomomola|91/100
|
|upkeep
|turn|12
|
|t:|1760747134
|move|p2a: THE MOOOON!!|Toxic|p1a: Alomomola
|-status|p1a: Alomomola|tox
|move|p1a: Alomomola|Body Slam|p2a: THE MOOOON!!
|-damage|p2a: THE MOOOON!!|90/100
|
|-heal|p2a: THE MOOOON!!|96/100|[from] item: Leftovers
|-damage|p1a: Alomomola|85/100 tox|[from] psn
|upkeep
|turn|13
|
|t:|1760747145
|move|p2a: THE MOOOON!!|Wish|p2a: THE MOOOON!!
|move|p1a: Alomomola|Mirror Coat||[still]
|-fail|p1a: Alomomola
|
|-heal|p2a: THE MOOOON!!|100/100|[from] item: Leftovers
|-damage|p1a: Alomomola|72/100 tox|[from] psn
|upkeep
|turn|14
|
|t:|1760747153
|move|p2a: THE MOOOON!!|Dark Pulse|p1a: Alomomola
|-damage|p1a: Alomomola|64/100 tox
|move|p1a: Alomomola|Scald|p2a: THE MOOOON!!
|-damage|p2a: THE MOOOON!!|92/100
|-status|p2a: THE MOOOON!!|brn
|
|-heal|p2a: THE MOOOON!!|100/100 brn|[from] move: Wish|[wisher] THE MOOOON!!
|-damage|p1a: Alomomola|45/100 tox|[from] psn
|-damage|p2a: THE MOOOON!!|94/100 brn|[from] brn
|upkeep
|turn|15
|
|t:|1760747168
|move|p2a: THE MOOOON!!|Protect|p2a: THE MOOOON!!
|-singleturn|p2a: THE MOOOON!!|Protect
|move|p1a: Alomomola|Body Slam|p2a: THE MOOOON!!
|-activate|p2a: THE MOOOON!!|move: Protect
|
|-heal|p2a: THE MOOOON!!|100/100 brn|[from] item: Leftovers
|-damage|p1a: Alomomola|21/100 tox|[from] psn
|-damage|p2a: THE MOOOON!!|94/100 brn|[from] brn
|upkeep
|turn|16
|
|t:|1760747181
|move|p2a: THE MOOOON!!|Wish|p2a: THE MOOOON!!
|move|p1a: Alomomola|Flip Turn|p2a: THE MOOOON!!
|-damage|p2a: THE MOOOON!!|83/100 brn
|
|t:|1760747186
|switch|p1a: Gliscor|Gliscor, F|100/100|[from] Flip Turn
|
|-heal|p2a: THE MOOOON!!|89/100 brn|[from] item: Leftovers
|-damage|p2a: THE MOOOON!!|83/100 brn|[from] brn
|-status|p1a: Gliscor|tox|[from] item: Toxic Orb
|upkeep
|turn|17
|
|t:|1760747195
|move|p1a: Gliscor|Earthquake|p2a: THE MOOOON!!
|-damage|p2a: THE MOOOON!!|61/100 brn
|move|p2a: THE MOOOON!!|Dark Pulse|p1a: Gliscor
|-damage|p1a: Gliscor|85/100 tox
|
|-heal|p2a: THE MOOOON!!|100/100 brn|[from] move: Wish|[wisher] THE MOOOON!!
|-heal|p1a: Gliscor|98/100 tox|[from] ability: Poison Heal
|-damage|p2a: THE MOOOON!!|94/100 brn|[from] brn
|upkeep
|turn|18
|
|t:|1760747207
|move|p1a: Gliscor|Earthquake|p2a: THE MOOOON!!
|-damage|p2a: THE MOOOON!!|74/100 brn
|move|p2a: THE MOOOON!!|Dark Pulse|p1a: Gliscor
|-damage|p1a: Gliscor|79/100 tox
|
|-heal|p2a: THE MOOOON!!|80/100 brn|[from] item: Leftovers
|-heal|p1a: Gliscor|92/100 tox|[from] ability: Poison Heal
|-damage|p2a: THE MOOOON!!|74/100 brn|[from] brn
|upkeep
|turn|19
|-message|ajdoom777 forfeited.
|
|win|usucklatias
|raw|usucklatias's rating: 1086 &rarr; <strong>1114</strong><br />(+28 for winning)
|raw|ajdoom777's rating: 1097 &rarr; <strong>1072</strong><br />(-25 for losing)
|l|☆ajdoom777
|player|p2|
|l|☆usucklatias
|player|p1|
