|j|☆HikerBruh
|j|☆Annoxia
|t:|1760821526
|gametype|singles
|player|p1|HikerBruh|hiker-gen4|1187
|player|p2|Annoxia|caitlin|1205
|gen|9
|tier|[Gen 9] OU
|rated|
|rule|HP Percentage Mod: HP is shown in percentages
|rule|Endless Battle Clause: Forcing endless battles is banned
|rule|Species Clause: Limit one of each Pokémon
|rule|OHKO Clause: OHKO moves are banned
|rule|Evasion Items Clause: Evasion items are banned
|rule|Evasion Moves Clause: Evasion moves are banned
|rule|Evasion Abilities Clause: Evasion abilities are banned
|rule|Sleep Moves Clause: Sleep-inducing moves are banned
|clearpoke
|poke|p1|Alomomola, M|
|poke|p1|Weezing-Galar, M|
|poke|p1|Slowking-Galar, F|
|poke|p1|Iron Hands|
|poke|p1|Iron Boulder|
|poke|p1|Kyurem|
|poke|p2|Ogerpon-Wellspring, F|
|poke|p2|Raging Bolt|
|poke|p2|Great Tusk|
|poke|p2|Gholdengo|
|poke|p2|Primarina, M|
|poke|p2|Kingambit, M|
|teampreview
|inactive|Battle timer is ON: inactive players will automatically lose when time's up. (requested by Annoxia)
|
|t:|1760821583
|teamsize|p1|6
|teamsize|p2|6
|start
|switch|p1a: Iron Hands|Iron Hands|100/100
|switch|p2a: Ogerpon|Ogerpon-Wellspring, F|100/100
|turn|1
|
|t:|1760821597
|move|p1a: Iron Hands|Fake Out|p2a: Ogerpon
|-damage|p2a: Ogerpon|69/100
|cant|p2a: Ogerpon|flinch
|
|upkeep
|turn|2
|
|t:|1760821602
|-end|p1a: Iron Hands|Quark Drive|[silent]
|switch|p1a: Weezing|Weezing-Galar, M|100/100
|move|p2a: Ogerpon|Power Whip|p1a: Weezing
|-resisted|p1a: Weezing
|-damage|p1a: Weezing|76/100
|
|-heal|p1a: Weezing|82/100|[from] item: Leftovers
|upkeep
|turn|3
|
|t:|1760821609
|move|p2a: Ogerpon|U-turn|p1a: Weezing
|-resisted|p1a: Weezing
|-damage|p1a: Weezing|77/100
|
|t:|1760821611
|switch|p2a: Gholdengo|Gholdengo|100/100|[from] U-turn
|move|p1a: Weezing|Toxic|p2a: Gholdengo
|-immune|p2a: Gholdengo|[from] ability: Good as Gold
|
|-heal|p1a: Weezing|83/100|[from] item: Leftovers
|upkeep
|turn|4
|
|t:|1760821630
|switch|p1a: Alomomola|Alomomola, M|100/100
|move|p2a: Gholdengo|Shadow Ball|p1a: Alomomola
|-damage|p1a: Alomomola|45/100
|
|-heal|p1a: Alomomola|51/100|[from] item: Leftovers
|upkeep
|turn|5
|
|t:|1760821637
|move|p1a: Alomomola|Protect|p1a: Alomomola
|-singleturn|p1a: Alomomola|Protect
|move|p2a: Gholdengo|Shadow Ball|p1a: Alomomola
|-activate|p1a: Alomomola|move: Protect
|
|-heal|p1a: Alomomola|57/100|[from] item: Leftovers
|upkeep
|turn|6
|
|t:|1760821644
|switch|p1a: Iron Hands|Iron Hands|100/100
|move|p2a: Gholdengo|Shadow Ball|p1a: Iron Hands
|-crit|p1a: Iron Hands
|-damage|p1a: Iron Hands|37/100
|
|upkeep
|turn|7
|
|t:|1760821661
|-terastallize|p1a: Iron Hands|Normal
|move|p2a: Gholdengo|Shadow Ball|p1a: Iron Hands
|-immune|p1a: Iron Hands
|move|p1a: Iron Hands|Earthquake|p2a: Gholdengo
|-supereffective|p2a: Gholdengo
|-damage|p2a: Gholdengo|0 fnt
|faint|p2a: Gholdengo
|
|upkeep
|
|t:|1760821671
|switch|p2a: Ogerpon|Ogerpon-Wellspring, F|69/100
|turn|8
|
|t:|1760821675
|-end|p1a: Iron Hands|Quark Drive|[silent]
|switch|p1a: Alomomola|Alomomola, M|90/100
|move|p2a: Ogerpon|Ivy Cudgel|p1a: Alomomola|[anim] Ivy Cudgel Water
|-resisted|p1a: Alomomola
|-damage|p1a: Alomomola|75/100
|
|-heal|p1a: Alomomola|81/100|[from] item: Leftovers
|upkeep
|turn|9
|
|t:|1760821689
|switch|p1a: Weezing|Weezing-Galar, M|83/100
|move|p2a: Ogerpon|Swords Dance|p2a: Ogerpon
|-boost|p2a: Ogerpon|atk|2
|
|-heal|p1a: Weezing|89/100|[from] item: Leftovers
|upkeep
|turn|10
|
|t:|1760821695
|-terastallize|p2a: Ogerpon|Water
|detailschange|p2a: Ogerpon|Ogerpon-Wellspring-Tera, F, tera:Water
|-ability|p2a: Ogerpon|Embody Aspect (Wellspring)|boost
|-boost|p2a: Ogerpon|spd|1
|move|p2a: Ogerpon|Ivy Cudgel|p1a: Weezing|[anim] Ivy Cudgel Water
|-damage|p1a: Weezing|0 fnt
|faint|p1a: Weezing
|
|upkeep
|
|t:|1760821704
|switch|p1a: Iron Hands|Iron Hands, tera:Normal|37/100
|turn|11
|
|t:|1760821709
|move|p1a: Iron Hands|Fake Out|p2a: Ogerpon
|-damage|p2a: Ogerpon|17/100
|cant|p2a: Ogerpon|flinch
|
|upkeep
|turn|12
|
|t:|1760821716
|-end|p1a: Iron Hands|Quark Drive|[silent]
|switch|p1a: Alomomola|Alomomola, M|100/100
|move|p2a: Ogerpon|Ivy Cudgel|p1a: Alomomola|[anim] Ivy Cudgel Water
|-resisted|p1a: Alomomola
|-damage|p1a: Alomomola|61/100
|
|-heal|p1a: Alomomola|67/100|[from] item: Leftovers
|upkeep
|turn|13
|
|t:|1760821724
|move|p1a: Alomomola|Protect|p1a: Alomomola
|-singleturn|p1a: Alomomola|Protect
|move|p2a: Ogerpon|Power Whip|p1a: Alomomola
|-activate|p1a: Alomomola|move: Protect
|
|-heal|p1a: Alomomola|74/100|[from] item: Leftovers
|upkeep
|turn|14
|
|t:|1760821734
|switch|p1a: Slowking|Slowking-Galar, F|100/100
|move|p2a: Ogerpon|Power Whip|p1a: Slowking
|-resisted|p1a: Slowking
|-damage|p1a: Slowking|22/100
|
|-heal|p1a: Slowking|28/100|[from] item: Black Sludge
|upkeep
|turn|15
|
|t:|1760821749
|switch|p1a: Alomomola|Alomomola, M|100/100
|move|p2a: Ogerpon|Ivy Cudgel|p1a: Alomomola|[anim] Ivy Cudgel Water
|-resisted|p1a: Alomomola
|-damage|p1a: Alomomola|59/100
|
|-heal|p1a: Alomomola|65/100|[from] item: Leftovers
|upkeep
|turn|16
|
|t:|1760821758
|move|p1a: Alomomola|Protect|p1a: Alomomola
|-singleturn|p1a: Alomomola|Protect
|move|p2a: Ogerpon|Power Whip|p1a: Alomomola
|-activate|p1a: Alomomola|move: Protect
|
|-heal|p1a: Alomomola|71/100|[from] item: Leftovers
|upkeep
|turn|17
|
|t:|1760821775
|switch|p1a: Kyurem|Kyurem|100/100
|-ability|p1a: Kyurem|Pressure
|move|p2a: Ogerpon|Swords Dance|p2a: Ogerpon
|-boost|p2a: Ogerpon|atk|2
|
|upkeep
|turn|18
|
|t:|1760821784
|move|p1a: Kyurem|Freeze-Dry|p2a: Ogerpon
|-supereffective|p2a: Ogerpon
|-damage|p2a: Ogerpon|0 fnt
|faint|p2a: Ogerpon
|detailschange|p2: Ogerpon|Ogerpon-Wellspring, F|[silent]
|
|upkeep
|
|t:|1760821787
|switch|p2a: Kingambit|Kingambit, M|100/100
|-activate|p2a: Kingambit|ability: Supreme Overlord
|-start|p2a: Kingambit|fallen2|[silent]
|-item|p2a: Kingambit|Air Balloon
|turn|19
|
|t:|1760821796
|switch|p1a: Alomomola|Alomomola, M|100/100
|move|p2a: Kingambit|Iron Head|p1a: Alomomola
|-resisted|p1a: Alomomola
|-damage|p1a: Alomomola|86/100
|
|-heal|p1a: Alomomola|92/100|[from] item: Leftovers
|upkeep
|turn|20
|
|t:|1760821803
|-end|p2a: Kingambit|fallen2|[silent]
|switch|p2a: Primarina|Primarina, M|100/100
|move|p1a: Alomomola|Wish|p1a: Alomomola
|
|-heal|p1a: Alomomola|99/100|[from] item: Leftovers
|upkeep
|turn|21
|
|t:|1760821809
|move|p1a: Alomomola|Flip Turn|p2a: Primarina
|-resisted|p2a: Primarina
|-damage|p2a: Primarina|91/100
|
|t:|1760821813
|switch|p1a: Slowking|Slowking-Galar, F|62/100|[from] Flip Turn
|move|p2a: Primarina|Calm Mind|p2a: Primarina
|-boost|p2a: Primarina|spa|1
|-boost|p2a: Primarina|spd|1
|
|-heal|p1a: Slowking|100/100|[from] move: Wish|[wisher] Alomomola
|-heal|p2a: Primarina|97/100|[from] item: Leftovers
|upkeep
|turn|22
|
|t:|1760821824
|move|p2a: Primarina|Hyper Voice|p1a: Slowking
|-damage|p1a: Slowking|52/100
|move|p1a: Slowking|Toxic|p2a: Primarina
|-status|p2a: Primarina|tox
|
|-heal|p2a: Primarina|100/100 tox|[from] item: Leftovers
|-heal|p1a: Slowking|58/100|[from] item: Black Sludge
|-damage|p2a: Primarina|94/100 tox|[from] psn
|upkeep
|turn|23
|
|t:|1760821834
|move|p2a: Primarina|Flip Turn|p1a: Slowking
|-damage|p1a: Slowking|44/100
|
|t:|1760821839
|switch|p2a: Kingambit|Kingambit, M|100/100|[from] Flip Turn
|-activate|p2a: Kingambit|ability: Supreme Overlord
|-start|p2a: Kingambit|fallen2|[silent]
|-item|p2a: Kingambit|Air Balloon
|move|p1a: Slowking|Slack Off|p1a: Slowking
|-heal|p1a: Slowking|94/100
|
|-heal|p1a: Slowking|99/100|[from] item: Black Sludge
|upkeep
|turn|24
|
|t:|1760821849
|move|p2a: Kingambit|Kowtow Cleave|p1a: Slowking
|-supereffective|p1a: Slowking
|-damage|p1a: Slowking|0 fnt
|faint|p1a: Slowking
|
|upkeep
|
|t:|1760821854
|switch|p1a: Iron Hands|Iron Hands, tera:Normal|37/100
|turn|25
|
|t:|1760821859
|-end|p2a: Kingambit|fallen2|[silent]
|switch|p2a: Primarina|Primarina, M|94/100 tox
|move|p1a: Iron Hands|Brick Break|p2a: Primarina
|-resisted|p2a: Primarina
|-damage|p2a: Primarina|55/100 tox
|
|-heal|p2a: Primarina|61/100 tox|[from] item: Leftovers
|-damage|p2a: Primarina|55/100 tox|[from] psn
|upkeep
|turn|26
|
|t:|1760821868
|-end|p1a: Iron Hands|Quark Drive|[silent]
|switch|p1a: Alomomola|Alomomola, M|100/100
|move|p2a: Primarina|Moonblast|p1a: Alomomola
|-damage|p1a: Alomomola|40/100
|
|-heal|p1a: Alomomola|46/100|[from] item: Leftovers
|-heal|p2a: Primarina|61/100 tox|[from] item: Leftovers
|-damage|p2a: Primarina|49/100 tox|[from] psn
|upkeep
|turn|27
|
|t:|1760821878
|move|p1a: Alomomola|Flip Turn|p2a: Primarina
|-resisted|p2a: Primarina
|-damage|p2a: Primarina|39/100 tox
|
|t:|1760821882
|switch|p1a: Iron Boulder|Iron Boulder|100/100|[from] Flip Turn
|move|p2a: Primarina|Moonblast|p1a: Iron Boulder
|-damage|p1a: Iron Boulder|50/100
|
|-heal|p2a: Primarina|45/100 tox|[from] item: Leftovers
|-damage|p2a: Primarina|27/100 tox|[from] psn
|upkeep
|turn|28
|
|t:|1760821893
|move|p1a: Iron Boulder|Earthquake|p2a: Primarina
|-damage|p2a: Primarina|0 fnt
|faint|p2a: Primarina
|
|upkeep
|
|t:|1760821899
|switch|p2a: Great Tusk|Great Tusk|100/100
|turn|29
|
|t:|1760821906
|-end|p1a: Iron Boulder|Quark Drive|[silent]
|switch|p1a: Alomomola|Alomomola, M|79/100
|move|p2a: Great Tusk|Rapid Spin|p1a: Alomomola
|-damage|p1a: Alomomola|68/100
|-boost|p2a: Great Tusk|spe|1
|
|-heal|p1a: Alomomola|75/100|[from] item: Leftovers
|upkeep
|turn|30
|
|t:|1760821916
|move|p2a: Great Tusk|Stealth Rock|p1a: Alomomola
|-sidestart|p1: HikerBruh|move: Stealth Rock
|move|p1a: Alomomola|Wish|p1a: Alomomola
|
|-heal|p1a: Alomomola|81/100|[from] item: Leftovers
|upkeep
|turn|31
|
|t:|1760821923
|move|p2a: Great Tusk|Knock Off|p1a: Alomomola
|-damage|p1a: Alomomola|62/100
|-enditem|p1a: Alomomola|Leftovers|[from] move: Knock Off|[of] p2a: Great Tusk
|move|p1a: Alomomola|Flip Turn|p2a: Great Tusk
|-supereffective|p2a: Great Tusk
|-damage|p2a: Great Tusk|75/100
|
|t:|1760821929
|switch|p1a: Iron Hands|Iron Hands, tera:Normal|37/100|[from] Flip Turn
|-damage|p1a: Iron Hands|25/100|[from] Stealth Rock
|
|-heal|p1a: Iron Hands|77/100|[from] move: Wish|[wisher] Alomomola
|-heal|p2a: Great Tusk|81/100|[from] item: Leftovers
|upkeep
|turn|32
|
|t:|1760821936
|move|p1a: Iron Hands|Fake Out|p2a: Great Tusk
|-damage|p2a: Great Tusk|53/100
|cant|p2a: Great Tusk|flinch
|
|-heal|p2a: Great Tusk|59/100|[from] item: Leftovers
|upkeep
|turn|33
|
|t:|1760821942
|-end|p1a: Iron Hands|Quark Drive|[silent]
|switch|p1a: Alomomola|Alomomola, M|95/100
|-damage|p1a: Alomomola|83/100|[from] Stealth Rock
|move|p2a: Great Tusk|Earthquake|p1a: Alomomola
|-damage|p1a: Alomomola|54/100
|
|-heal|p2a: Great Tusk|65/100|[from] item: Leftovers
|upkeep
|turn|34
|
|t:|1760821949
|-end|p2a: Great Tusk|Protosynthesis|[silent]
|switch|p2a: Raging Bolt|Raging Bolt|100/100
|move|p1a: Alomomola|Wish|p1a: Alomomola
|
|upkeep
|turn|35
|
|t:|1760821955
|move|p1a: Alomomola|Protect|p1a: Alomomola
|-singleturn|p1a: Alomomola|Protect
|move|p2a: Raging Bolt|Volt Switch|p1a: Alomomola
|-activate|p1a: Alomomola|move: Protect
|
|-heal|p1a: Alomomola|100/100|[from] move: Wish|[wisher] Alomomola
|upkeep
|turn|36
|
|t:|1760821966
|switch|p1a: Kyurem|Kyurem|100/100
|-damage|p1a: Kyurem|76/100|[from] Stealth Rock
|-ability|p1a: Kyurem|Pressure
|move|p2a: Raging Bolt|Thunderclap||[still]
|-fail|p2a: Raging Bolt
|
|upkeep
|turn|37
|
|t:|1760821978
|-end|p2a: Raging Bolt|Protosynthesis|[silent]
|switch|p2a: Kingambit|Kingambit, M|100/100
|-activate|p2a: Kingambit|ability: Supreme Overlord
|-start|p2a: Kingambit|fallen3|[silent]
|-item|p2a: Kingambit|Air Balloon
|move|p1a: Kyurem|Ice Beam|p2a: Kingambit
|-resisted|p2a: Kingambit
|-damage|p2a: Kingambit|77/100
|-enditem|p2a: Kingambit|Air Balloon
|
|upkeep
|turn|38
|
|t:|1760821987
|switch|p1a: Alomomola|Alomomola, M|100/100
|-damage|p1a: Alomomola|88/100|[from] Stealth Rock
|move|p2a: Kingambit|Swords Dance|p2a: Kingambit
|-boost|p2a: Kingambit|atk|2
|
|upkeep
|turn|39
|
|t:|1760821996
|move|p1a: Alomomola|Wish|p1a: Alomomola
|move|p2a: Kingambit|Kowtow Cleave|p1a: Alomomola
|-damage|p1a: Alomomola|18/100
|
|upkeep
|turn|40
|
|t:|1760822002
|move|p1a: Alomomola|Flip Turn|p2a: Kingambit
|-damage|p2a: Kingambit|66/100
|
|t:|1760822005
|switch|p1a: Iron Hands|Iron Hands, tera:Normal|77/100|[from] Flip Turn
|-damage|p1a: Iron Hands|65/100|[from] Stealth Rock
|move|p2a: Kingambit|Kowtow Cleave|p1a: Iron Hands
|-damage|p1a: Iron Hands|0 fnt
|faint|p1a: Iron Hands
|-end|p1a: Iron Hands|Quark Drive|[silent]
|
|upkeep
|
|t:|1760822018
|switch|p1a: Alomomola|Alomomola, M|52/100
|-damage|p1a: Alomomola|39/100|[from] Stealth Rock
|turn|41
|
|t:|1760822022
|move|p1a: Alomomola|Wish|p1a: Alomomola
|move|p2a: Kingambit|Kowtow Cleave|p1a: Alomomola
|-damage|p1a: Alomomola|0 fnt
|faint|p1a: Alomomola
|
|upkeep
|
|t:|1760822027
|switch|p1a: Kyurem|Kyurem|76/100
|-damage|p1a: Kyurem|51/100|[from] Stealth Rock
|-ability|p1a: Kyurem|Pressure
|turn|42
|
|t:|1760822032
|move|p2a: Kingambit|Sucker Punch|p1a: Kyurem
|-damage|p1a: Kyurem|0 fnt
|faint|p1a: Kyurem
|
|upkeep
|-message|HikerBruh forfeited.
|
|win|Annoxia
|raw|HikerBruh's rating: 1187 &rarr; <strong>1163</strong><br />(-24 for losing)
|raw|Annoxia's rating: 1205 &rarr; <strong>1229</strong><br />(+24 for winning)
|l|☆HikerBruh
|player|p1|
