|j|☆RATTATAAA MASTER
|j|☆wsnid
|t:|1760847028
|gametype|singles
|player|p1|RATTATAAA MASTER|lance|1297
|player|p2|wsnid|volkner|1322
|gen|9
|tier|[Gen 9] OU
|rated|
|rule|HP Percentage Mod: HP is shown in percentages
|rule|Endless Battle Clause: Forcing endless battles is banned
|rule|Species Clause: Limit one of each Pokémon
|rule|OHKO Clause: OHKO moves are banned
|rule|Evasion Items Clause: Evasion items are banned
|rule|Evasion Moves Clause: Evasion moves are banned
|rule|Evasion Abilities Clause: Evasion abilities are banned
|rule|Sleep Moves Clause: Sleep-inducing moves are banned
|clearpoke
|poke|p1|Entei|
|poke|p1|Torkoal, M|
|poke|p1|Walking Wake|
|poke|p1|Great Tusk|
|poke|p1|Gholdengo|
|poke|p1|Venusaur, M|
|poke|p2|Pelipper, M|
|poke|p2|Greninja-*, M|
|poke|p2|Iron Treads|
|poke|p2|Azumarill, F|
|poke|p2|Zapdos|
|poke|p2|Barraskewda, F|
|teampreview
|inactive|Battle timer is ON: inactive players will automatically lose when time's up. (requested by RATTATAAA MASTER)
|inactive|wsnid also wants the timer to be on.
|
|t:|1760847038
|teamsize|p1|6
|teamsize|p2|6
|start
|switch|p1a: Walking Wake|Walking Wake|100/100
|switch|p2a: Barraskewda|Barraskewda, F|100/100
|turn|1
|
|t:|1760847042
|move|p2a: Barraskewda|Flip Turn|p1a: Walking Wake
|-resisted|p1a: Walking Wake
|-damage|p1a: Walking Wake|87/100
|
|t:|1760847046
|switch|p2a: Azumarill|Azumarill, F|100/100|[from] Flip Turn
|move|p1a: Walking Wake|Flip Turn|p2a: Azumarill
|-resisted|p2a: Azumarill
|-damage|p2a: Azumarill|89/100
|-damage|p1a: Walking Wake|77/100|[from] item: Life Orb
|
|t:|1760847058
|-end|p1a: Walking Wake|Protosynthesis|[silent]
|switch|p1a: Venusaur|Venusaur, M|100/100|[from] Flip Turn
|
|upkeep
|turn|2
|
|t:|1760847066
|switch|p2a: Iron Treads|Iron Treads|100/100
|-enditem|p2a: Iron Treads|Booster Energy
|-activate|p2a: Iron Treads|ability: Quark Drive|[fromitem]
|-start|p2a: Iron Treads|quarkdrivespe
|move|p1a: Venusaur|Sludge Bomb|p2a: Iron Treads
|-immune|p2a: Iron Treads
|
|upkeep
|turn|3
|
|t:|1760847076
|switch|p1a: Great Tusk|Great Tusk|100/100
|move|p2a: Iron Treads|Stealth Rock|p1a: Great Tusk
|-sidestart|p1: RATTATAAA MASTER|move: Stealth Rock
|
|upkeep
|turn|4
|
|t:|1760847082
|move|p2a: Iron Treads|Earthquake|p1a: Great Tusk
|-damage|p1a: Great Tusk|76/100
|move|p1a: Great Tusk|Rapid Spin|p2a: Iron Treads
|-resisted|p2a: Iron Treads
|-damage|p2a: Iron Treads|94/100
|-boost|p1a: Great Tusk|spe|1
|-sideend|p1: RATTATAAA MASTER|Stealth Rock|[from] move: Rapid Spin|[of] p1a: Great Tusk
|
|-heal|p1a: Great Tusk|82/100|[from] item: Leftovers
|upkeep
|turn|5
|
|t:|1760847095
|-end|p2a: Iron Treads|Quark Drive|[silent]
|switch|p2a: Zapdos|Zapdos|100/100
|move|p1a: Great Tusk|Ice Spinner|p2a: Zapdos
|-supereffective|p2a: Zapdos
|-damage|p2a: Zapdos|46/100
|-damage|p1a: Great Tusk|66/100|[from] item: Rocky Helmet|[of] p2a: Zapdos
|-status|p1a: Great Tusk|par|[from] ability: Static|[of] p2a: Zapdos
|
|-heal|p1a: Great Tusk|72/100 par|[from] item: Leftovers
|upkeep
|turn|6
|
|t:|1760847114
|move|p2a: Zapdos|Roost|p2a: Zapdos
|-heal|p2a: Zapdos|96/100
|-singleturn|p2a: Zapdos|move: Roost
|move|p1a: Great Tusk|Ice Spinner|p2a: Zapdos
|-damage|p2a: Zapdos|68/100
|-damage|p1a: Great Tusk|55/100 par|[from] item: Rocky Helmet|[of] p2a: Zapdos
|
|-heal|p1a: Great Tusk|62/100 par|[from] item: Leftovers
|upkeep
|turn|7
|
|t:|1760847122
|move|p2a: Zapdos|Roost|p2a: Zapdos
|-heal|p2a: Zapdos|100/100
|-singleturn|p2a: Zapdos|move: Roost
|move|p1a: Great Tusk|Headlong Rush|p2a: Zapdos
|-supereffective|p2a: Zapdos
|-damage|p2a: Zapdos|0 fnt
|-unboost|p1a: Great Tusk|def|1
|-unboost|p1a: Great Tusk|spd|1
|-damage|p1a: Great Tusk|45/100 par|[from] item: Rocky Helmet|[of] p2a: Zapdos
|faint|p2a: Zapdos
|
|-heal|p1a: Great Tusk|51/100 par|[from] item: Leftovers
|upkeep
|
|t:|1760847136
|switch|p2a: Barraskewda|Barraskewda, F|100/100
|turn|8
|
|t:|1760847139
|move|p2a: Barraskewda|Flip Turn|p1a: Great Tusk
|-supereffective|p1a: Great Tusk
|-damage|p1a: Great Tusk|0 fnt
|faint|p1a: Great Tusk
|-end|p1a: Great Tusk|Protosynthesis|[silent]
|
|t:|1760847143
|switch|p2a: Iron Treads|Iron Treads|94/100|[from] Flip Turn
|
|upkeep
|
|t:|1760847152
|switch|p1a: Walking Wake|Walking Wake|77/100
|turn|9
|
|t:|1760847160
|move|p1a: Walking Wake|Flip Turn|p2a: Iron Treads
|-supereffective|p2a: Iron Treads
|-damage|p2a: Iron Treads|55/100
|-damage|p1a: Walking Wake|67/100|[from] item: Life Orb
|
|t:|1760847165
|-end|p1a: Walking Wake|Protosynthesis|[silent]
|switch|p1a: Gholdengo|Gholdengo|100/100|[from] Flip Turn
|-item|p1a: Gholdengo|Air Balloon
|move|p2a: Iron Treads|Stealth Rock|p1a: Gholdengo
|-sidestart|p1: RATTATAAA MASTER|move: Stealth Rock
|
|upkeep
|turn|10
|
|t:|1760847173
|move|p2a: Iron Treads|Iron Head|p1a: Gholdengo
|-resisted|p1a: Gholdengo
|-damage|p1a: Gholdengo|78/100
|-enditem|p1a: Gholdengo|Air Balloon
|cant|p1a: Gholdengo|flinch
|
|upkeep
|turn|11
|
|t:|1760847195
|move|p2a: Iron Treads|Earthquake|p1a: Gholdengo
|-supereffective|p1a: Gholdengo
|-damage|p1a: Gholdengo|0 fnt
|faint|p1a: Gholdengo
|
|upkeep
|
|t:|1760847197
|switch|p1a: Walking Wake|Walking Wake|67/100
|-damage|p1a: Walking Wake|55/100|[from] Stealth Rock
|turn|12
|
|t:|1760847202
|-end|p2a: Iron Treads|Quark Drive|[silent]
|switch|p2a: Pelipper|Pelipper, M|100/100
|-weather|RainDance|[from] ability: Drizzle|[of] p2a: Pelipper
|move|p1a: Walking Wake|Hydro Steam|p2a: Pelipper
|-resisted|p2a: Pelipper
|-damage|p2a: Pelipper|65/100
|-damage|p1a: Walking Wake|45/100|[from] item: Life Orb
|
|-weather|RainDance|[upkeep]
|upkeep
|turn|13
|
|t:|1760847211
|move|p1a: Walking Wake|Draco Meteor|p2a: Pelipper
|-damage|p2a: Pelipper|0 fnt
|-unboost|p1a: Walking Wake|spa|2
|faint|p2a: Pelipper
|-damage|p1a: Walking Wake|36/100|[from] item: Life Orb
|
|-weather|RainDance|[upkeep]
|upkeep
|
|t:|1760847215
|switch|p2a: Barraskewda|Barraskewda, F|100/100
|turn|14
|
|t:|1760847219
|-end|p1a: Walking Wake|Protosynthesis|[silent]
|switch|p1a: Torkoal|Torkoal, M|100/100
|-damage|p1a: Torkoal|76/100|[from] Stealth Rock
|-weather|SunnyDay|[from] ability: Drought|[of] p1a: Torkoal
|move|p2a: Barraskewda|Flip Turn|p1a: Torkoal
|-supereffective|p1a: Torkoal
|-damage|p1a: Torkoal|47/100
|
|t:|1760847227
|switch|p2a: Iron Treads|Iron Treads|55/100|[from] Flip Turn
|
|-weather|SunnyDay|[upkeep]
|upkeep
|turn|15
|
|t:|1760847234
|switch|p1a: Entei|Entei|100/100
|-damage|p1a: Entei|76/100|[from] Stealth Rock
|-ability|p1a: Entei|Pressure
|move|p2a: Iron Treads|Earthquake|p1a: Entei
|-supereffective|p1a: Entei
|-damage|p1a: Entei|0 fnt
|faint|p1a: Entei
|
|-weather|SunnyDay|[upkeep]
|upkeep
|
|t:|1760847236
|switch|p1a: Venusaur|Venusaur, M|100/100
|-damage|p1a: Venusaur|88/100|[from] Stealth Rock
|turn|16
|
|t:|1760847244
|-terastallize|p1a: Venusaur|Grass
|move|p1a: Venusaur|Solar Beam||[still]
|-prepare|p1a: Venusaur|Solar Beam
|-anim|p1a: Venusaur|Solar Beam|p2a: Iron Treads
|-damage|p2a: Iron Treads|0 fnt
|faint|p2a: Iron Treads
|-end|p2a: Iron Treads|Quark Drive|[silent]
|-damage|p1a: Venusaur|78/100|[from] item: Life Orb
|
|-weather|SunnyDay|[upkeep]
|upkeep
|
|t:|1760847254
|switch|p2a: Barraskewda|Barraskewda, F|100/100
|turn|17
|
|t:|1760847258
|move|p1a: Venusaur|Solar Beam||[still]
|-prepare|p1a: Venusaur|Solar Beam
|-anim|p1a: Venusaur|Solar Beam|p2a: Barraskewda
|-supereffective|p2a: Barraskewda
|-damage|p2a: Barraskewda|0 fnt
|faint|p2a: Barraskewda
|-damage|p1a: Venusaur|68/100|[from] item: Life Orb
|
|-weather|SunnyDay|[upkeep]
|upkeep
|
|t:|1760847262
|switch|p2a: Azumarill|Azumarill, F|89/100
|turn|18
|
|t:|1760847266
|move|p2a: Azumarill|Aqua Jet|p1a: Venusaur
|-resisted|p1a: Venusaur
|-damage|p1a: Venusaur|56/100
|move|p1a: Venusaur|Solar Beam||[still]
|-prepare|p1a: Venusaur|Solar Beam
|-anim|p1a: Venusaur|Solar Beam|p2a: Azumarill
|-supereffective|p2a: Azumarill
|-damage|p2a: Azumarill|0 fnt
|faint|p2a: Azumarill
|-damage|p1a: Venusaur|46/100|[from] item: Life Orb
|
|-weather|SunnyDay|[upkeep]
|upkeep
|
|t:|1760847270
|switch|p2a: Greninja|Greninja, M|100/100
|turn|19
|
|t:|1760847275
|-terastallize|p2a: Greninja|Ghost
|move|p1a: Venusaur|Solar Beam||[still]
|-prepare|p1a: Venusaur|Solar Beam
|-anim|p1a: Venusaur|Solar Beam|p2a: Greninja
|-damage|p2a: Greninja|0 fnt
|faint|p2a: Greninja
|-damage|p1a: Venusaur|36/100|[from] item: Life Orb
|
|win|RATTATAAA MASTER
|raw|RATTATAAA MASTER's rating: 1297 &rarr; <strong>1324</strong><br />(+27 for winning)
|raw|wsnid's rating: 1322 &rarr; <strong>1301</strong><br />(-21 for losing)
|l|☆wsnid
|player|p2|
|l|☆RATTATAAA MASTER
|player|p1|
