|j|☆hyperchoice
|j|☆skiing in sudan
|t:|1760735325
|gametype|singles
|player|p1|hyperchoice|101|1649
|player|p2|skiing in sudan|iris-gen5bw2|1611
|gen|9
|tier|[Gen 9] OU
|rated|
|rule|HP Percentage Mod: HP is shown in percentages
|rule|Endless Battle Clause: Forcing endless battles is banned
|rule|Species Clause: Limit one of each Pokémon
|rule|OHKO Clause: OHKO moves are banned
|rule|Evasion Items Clause: Evasion items are banned
|rule|Evasion Moves Clause: Evasion moves are banned
|rule|Evasion Abilities Clause: Evasion abilities are banned
|rule|Sleep Moves Clause: Sleep-inducing moves are banned
|clearpoke
|poke|p1|Tyranitar, M|
|poke|p1|Excadrill, F|
|poke|p1|Kingambit, M|
|poke|p1|Garchomp, M|
|poke|p1|Pecharunt|
|poke|p1|Rotom-Wash|
|poke|p2|Ninetales-Alola, M|
|poke|p2|Hoopa-Unbound|
|poke|p2|Primarina, M|
|poke|p2|Ceruledge, M|
|poke|p2|Zamazenta-*|
|poke|p2|Iron Treads|
|teampreview
|c|☆skiing in sudan|hf
|
|t:|1760735346
|teamsize|p1|6
|teamsize|p2|6
|start
|switch|p1a: Pecharunt|Pecharunt|100/100
|switch|p2a: Hoopa|Hoopa-Unbound|100/100
|-item|p1a: Pecharunt|Air Balloon
|turn|1
|c|☆hyperchoice|U2
|
|t:|1760735355
|move|p2a: Hoopa|Dark Pulse|p1a: Pecharunt
|-supereffective|p1a: Pecharunt
|-damage|p1a: Pecharunt|0 fnt
|-enditem|p1a: Pecharunt|Air Balloon
|faint|p1a: Pecharunt
|
|upkeep
|
|t:|1760735358
|switch|p1a: Tyranitar|Tyranitar, M|100/100
|-weather|Sandstorm|[from] ability: Sand Stream|[of] p1a: Tyranitar
|turn|2
|
|t:|1760735361
|move|p2a: Hoopa|Focus Blast|p1a: Tyranitar
|-supereffective|p1a: Tyranitar
|-damage|p1a: Tyranitar|14/100
|move|p1a: Tyranitar|Knock Off|p2a: Hoopa
|-damage|p2a: Hoopa|45/100
|-enditem|p2a: Hoopa|Blunder Policy|[from] move: Knock Off|[of] p1a: Tyranitar
|
|-weather|Sandstorm|[upkeep]
|-damage|p2a: Hoopa|39/100|[from] Sandstorm
|upkeep
|turn|3
|
|t:|1760735368
|move|p2a: Hoopa|Dark Pulse|p1a: Tyranitar
|-resisted|p1a: Tyranitar
|-damage|p1a: Tyranitar|4/100
|-item|p2a: Hoopa|Smooth Rock|[from] ability: Magician|[of] p1a: Tyranitar
|move|p1a: Tyranitar|Thunder Wave|p2a: Hoopa
|-status|p2a: Hoopa|par
|
|-weather|Sandstorm|[upkeep]
|-damage|p2a: Hoopa|33/100 par|[from] Sandstorm
|upkeep
|turn|4
|
|t:|1760735374
|move|p1a: Tyranitar|Knock Off|p2a: Hoopa
|-damage|p2a: Hoopa|0 fnt
|-enditem|p2a: Hoopa|Smooth Rock|[from] move: Knock Off|[of] p1a: Tyranitar
|faint|p2a: Hoopa
|
|-weather|Sandstorm|[upkeep]
|upkeep
|
|t:|1760735386
|switch|p2a: Iron Treads|Iron Treads|100/100
|-enditem|p2a: Iron Treads|Booster Energy
|-activate|p2a: Iron Treads|ability: Quark Drive|[fromitem]
|-start|p2a: Iron Treads|quarkdrivespe
|turn|5
|
|t:|1760735390
|switch|p1a: Rotom|Rotom-Wash|100/100
|move|p2a: Iron Treads|Earth Power|p1a: Rotom
|-immune|p1a: Rotom|[from] ability: Levitate
|
|-weather|Sandstorm|[upkeep]
|-damage|p1a: Rotom|94/100|[from] Sandstorm
|-heal|p1a: Rotom|100/100|[from] item: Leftovers
|upkeep
|turn|6
|
|t:|1760735394
|move|p2a: Iron Treads|Stealth Rock|p1a: Rotom
|-sidestart|p1: hyperchoice|move: Stealth Rock
|move|p1a: Rotom|Volt Switch|p2a: Iron Treads
|-immune|p2a: Iron Treads
|
|-weather|Sandstorm|[upkeep]
|-damage|p1a: Rotom|94/100|[from] Sandstorm
|-heal|p1a: Rotom|100/100|[from] item: Leftovers
|upkeep
|turn|7
|
|t:|1760735399
|-end|p2a: Iron Treads|Quark Drive|[silent]
|switch|p2a: Primarina|Primarina, M|100/100
|move|p1a: Rotom|Will-O-Wisp|p2a: Primarina
|-status|p2a: Primarina|brn
|
|-weather|Sandstorm|[upkeep]
|-damage|p1a: Rotom|94/100|[from] Sandstorm
|-damage|p2a: Primarina|94/100 brn|[from] Sandstorm
|-heal|p1a: Rotom|100/100|[from] item: Leftovers
|-heal|p2a: Primarina|100/100 brn|[from] item: Leftovers
|-damage|p2a: Primarina|94/100 brn|[from] brn
|upkeep
|turn|8
|
|t:|1760735408
|switch|p2a: Ninetales|Ninetales-Alola, M|100/100
|-weather|Snowscape|[from] ability: Snow Warning|[of] p2a: Ninetales
|move|p1a: Rotom|Volt Switch|p2a: Ninetales
|-damage|p2a: Ninetales|76/100
|
|t:|1760735413
|switch|p1a: Excadrill|Excadrill, F|100/100|[from] Volt Switch
|-damage|p1a: Excadrill|97/100|[from] Stealth Rock
|-item|p1a: Excadrill|Air Balloon
|
|-weather|Snowscape|[upkeep]
|upkeep
|turn|9
|
|t:|1760735416
|switch|p2a: Ceruledge|Ceruledge, M|100/100
|-item|p2a: Ceruledge|Air Balloon
|move|p1a: Excadrill|Rapid Spin|p2a: Ceruledge
|-immune|p2a: Ceruledge
|
|-weather|Snowscape|[upkeep]
|upkeep
|turn|10
|
|t:|1760735426
|switch|p1a: Rotom|Rotom-Wash|100/100
|-damage|p1a: Rotom|88/100|[from] Stealth Rock
|move|p2a: Ceruledge|Swords Dance|p2a: Ceruledge
|-boost|p2a: Ceruledge|atk|2
|
|-weather|Snowscape|[upkeep]
|-heal|p1a: Rotom|94/100|[from] item: Leftovers
|upkeep
|turn|11
|
|t:|1760735438
|move|p2a: Ceruledge|Poltergeist|p1a: Rotom
|-activate|p1a: Rotom|move: Poltergeist|Leftovers
|-damage|p1a: Rotom|3/100
|move|p1a: Rotom|Hydro Pump|p2a: Ceruledge
|-supereffective|p2a: Ceruledge
|-damage|p2a: Ceruledge|6/100
|-enditem|p2a: Ceruledge|Air Balloon
|
|-weather|Snowscape|[upkeep]
|-heal|p1a: Rotom|9/100|[from] item: Leftovers
|upkeep
|turn|12
|
|t:|1760735443
|switch|p1a: Garchomp|Garchomp, M|100/100
|-damage|p1a: Garchomp|94/100|[from] Stealth Rock
|move|p2a: Ceruledge|Bitter Blade|p1a: Garchomp
|-resisted|p1a: Garchomp
|-damage|p1a: Garchomp|46/100
|-heal|p2a: Ceruledge|35/100|[from] drain|[of] p1a: Garchomp
|-damage|p2a: Ceruledge|23/100|[from] ability: Rough Skin|[of] p1a: Garchomp
|
|-weather|none
|upkeep
|turn|13
|
|t:|1760735453
|switch|p2a: Ninetales|Ninetales-Alola, M|76/100
|-weather|Snowscape|[from] ability: Snow Warning|[of] p2a: Ninetales
|move|p1a: Garchomp|Scale Shot|p2a: Ninetales
|-immune|p2a: Ninetales
|
|-weather|Snowscape|[upkeep]
|upkeep
|turn|14
|
|t:|1760735457
|move|p2a: Ninetales|Aurora Veil|p2a: Ninetales
|-sidestart|p2: skiing in sudan|move: Aurora Veil
|move|p1a: Garchomp|Earthquake|p2a: Ninetales
|-damage|p2a: Ninetales|57/100
|
|-weather|Snowscape|[upkeep]
|upkeep
|turn|15
|
|t:|1760735465
|switch|p1a: Rotom|Rotom-Wash|9/100
|-damage|p1a: Rotom|0 fnt|[from] Stealth Rock
|faint|p1a: Rotom
|move|p2a: Ninetales|Freeze-Dry|p1: Rotom|[notarget]
|-fail|p2a: Ninetales
|
|-weather|Snowscape|[upkeep]
|upkeep
|
|t:|1760735467
|switch|p1a: Excadrill|Excadrill, F|97/100
|-damage|p1a: Excadrill|94/100|[from] Stealth Rock
|-item|p1a: Excadrill|Air Balloon
|turn|16
|
|t:|1760735473
|switch|p2a: Ceruledge|Ceruledge, M|23/100
|move|p1a: Excadrill|Rapid Spin|p2a: Ceruledge
|-immune|p2a: Ceruledge
|
|-weather|Snowscape|[upkeep]
|upkeep
|turn|17
|
|t:|1760735476
|move|p2a: Ceruledge|Bitter Blade|p1a: Excadrill
|-supereffective|p1a: Excadrill
|-damage|p1a: Excadrill|0 fnt
|-heal|p2a: Ceruledge|81/100|[from] drain|[of] p1a: Excadrill
|-enditem|p1a: Excadrill|Air Balloon
|faint|p1a: Excadrill
|
|-weather|none
|upkeep
|-message|hyperchoice forfeited.
|
|win|skiing in sudan
|raw|hyperchoice's rating: 1649 &rarr; <strong>1627</strong><br />(-22 for losing)
|raw|skiing in sudan's rating: 1611 &rarr; <strong>1633</strong><br />(+22 for winning)
|l|☆hyperchoice
|player|p1|
|l|☆skiing in sudan
|player|p2|
