|j|☆creasproxd
|j|‽ultraultrasun
|t:|1760760967
|gametype|singles
|player|p1|creasproxd|clerk|1087
|player|p2|ultraultrasun|pilot|1107
|gen|9
|tier|[Gen 9] OU
|rated|
|rule|HP Percentage Mod: HP is shown in percentages
|rule|Endless Battle Clause: Forcing endless battles is banned
|rule|Species Clause: Limit one of each Pokémon
|rule|OHKO Clause: OHKO moves are banned
|rule|Evasion Items Clause: Evasion items are banned
|rule|Evasion Moves Clause: Evasion moves are banned
|rule|Evasion Abilities Clause: Evasion abilities are banned
|rule|Sleep Moves Clause: Sleep-inducing moves are banned
|clearpoke
|poke|p1|Kingambit, F|
|poke|p1|Cinderace, F|
|poke|p1|Landorus-Therian, M|
|poke|p1|Iron Valiant|
|poke|p1|Kyurem|
|poke|p1|Slowking-Galar, M|
|poke|p2|Iron Valiant|
|poke|p2|Keldeo|
|poke|p2|Kingambit, M|
|poke|p2|Great Tusk|
|poke|p2|Scizor, F|
|poke|p2|Hitmontop, M|
|teampreview
|inactive|Battle timer is ON: inactive players will automatically lose when time's up. (requested by ultraultrasun)
|
|t:|1760760995
|teamsize|p1|6
|teamsize|p2|6
|start
|switch|p1a: Homelandor|Landorus-Therian, M, shiny|100/100
|switch|p2a: Hitmontop|Hitmontop, M|100/100
|-ability|p1a: Homelandor|Intimidate|boost
|-unboost|p2a: Hitmontop|atk|1
|-ability|p2a: Hitmontop|Intimidate|boost
|-unboost|p1a: Homelandor|atk|1
|turn|1
|
|t:|1760761003
|move|p2a: Hitmontop|Fake Out|p1a: Homelandor
|-damage|p1a: Homelandor|93/100
|-damage|p2a: Hitmontop|84/100|[from] item: Rocky Helmet|[of] p1a: Homelandor
|cant|p1a: Homelandor|flinch
|
|upkeep
|turn|2
|
|t:|1760761012
|move|p1a: Homelandor|Stealth Rock|p2a: Hitmontop
|-sidestart|p2: ultraultrasun|move: Stealth Rock
|move|p2a: Hitmontop|Ice Spinner|p1a: Homelandor
|-supereffective|p1a: Homelandor
|-damage|p1a: Homelandor|26/100
|-damage|p2a: Hitmontop|67/100|[from] item: Rocky Helmet|[of] p1a: Homelandor
|
|upkeep
|turn|3
|
|t:|1760761025
|switch|p1a: Chillionaire|Slowking-Galar, M, shiny|100/100
|move|p2a: Hitmontop|Rapid Spin|p1a: Chillionaire
|-damage|p1a: Chillionaire|89/100
|-boost|p2a: Hitmontop|spe|1
|-sideend|p2: ultraultrasun|Stealth Rock|[from] move: Rapid Spin|[of] p2a: Hitmontop
|
|upkeep
|turn|4
|inactive|ultraultrasun has 120 seconds left.
|
|t:|1760761074
|switch|p2a: Scizor|Scizor, F|100/100
|move|p1a: Chillionaire|Psychic Noise|p2a: Scizor
|-resisted|p2a: Scizor
|-damage|p2a: Scizor|84/100
|-start|p2a: Scizor|move: Heal Block
|
|upkeep
|turn|5
|
|t:|1760761087
|switch|p1a: Homelandor|Landorus-Therian, M, shiny|26/100
|-ability|p1a: Homelandor|Intimidate|boost
|-unboost|p2a: Scizor|atk|1
|move|p2a: Scizor|Knock Off|p1a: Homelandor
|-damage|p1a: Homelandor|0 fnt
|-damage|p2a: Scizor|68/100|[from] item: Rocky Helmet|[of] p1a: Homelandor
|-enditem|p1a: Homelandor|Rocky Helmet|[from] move: Knock Off|[of] p2a: Scizor
|faint|p1a: Homelandor
|
|-end|p2a: Scizor|move: Heal Block
|upkeep
|
|t:|1760761104
|switch|p1a: Kristine|Cinderace, F, shiny|100/100
|turn|6
|
|t:|1760761115
|switch|p2a: Hitmontop|Hitmontop, M|67/100
|-ability|p2a: Hitmontop|Intimidate|boost
|-unboost|p1a: Kristine|atk|1
|move|p1a: Kristine|Will-O-Wisp|p2a: Hitmontop
|-status|p2a: Hitmontop|brn
|
|-damage|p2a: Hitmontop|61/100 brn|[from] brn
|upkeep
|turn|7
|
|t:|1760761127
|switch|p1a: Daenerys|Kingambit, F|100/100
|-activate|p1a: Daenerys|ability: Supreme Overlord
|-start|p1a: Daenerys|fallen1|[silent]
|move|p2a: Hitmontop|Fake Out|p1a: Daenerys
|-resisted|p1a: Daenerys
|-damage|p1a: Daenerys|98/100
|
|-heal|p1a: Daenerys|100/100|[from] item: Leftovers
|-damage|p2a: Hitmontop|55/100 brn|[from] brn
|upkeep
|turn|8
|
|t:|1760761156
|switch|p2a: Kingambit|Kingambit, M|100/100
|-end|p1a: Daenerys|fallen1|[silent]
|switch|p1a: Chillionaire|Slowking-Galar, M, shiny|100/100
|
|upkeep
|turn|9
|inactive|creasproxd has 120 seconds left.
|
|t:|1760761203
|switch|p1a: Kristine|Cinderace, F, shiny|100/100
|move|p2a: Kingambit|Swords Dance|p2a: Kingambit
|-boost|p2a: Kingambit|atk|2
|
|upkeep
|turn|10
|inactive|ultraultrasun has 90 seconds left.
|inactive|creasproxd has 90 seconds left.
|
|t:|1760761236
|-end|p2a: Kingambit|fallenundefined|[silent]
|switch|p2a: Keldeo|Keldeo|100/100
|move|p1a: Kristine|U-turn|p2a: Keldeo
|-resisted|p2a: Keldeo
|-damage|p2a: Keldeo|90/100
|inactive|creasproxd has 90 seconds left.
|
|t:|1760761257
|switch|p1a: WALL-Y|Iron Valiant|100/100|[from] U-turn
|-enditem|p1a: WALL-Y|Booster Energy
|-activate|p1a: WALL-Y|ability: Quark Drive|[fromitem]
|-start|p1a: WALL-Y|quarkdrivespe
|
|upkeep
|turn|11
|
|t:|1760761276
|switch|p2a: Hitmontop|Hitmontop, M|55/100 brn
|-ability|p2a: Hitmontop|Intimidate|boost
|-unboost|p1a: WALL-Y|atk|1
|move|p1a: WALL-Y|Moonblast|p2a: Hitmontop
|-supereffective|p2a: Hitmontop
|-damage|p2a: Hitmontop|0 fnt
|faint|p2a: Hitmontop
|
|upkeep
|
|t:|1760761287
|switch|p2a: Scizor|Scizor, F|68/100
|turn|12
|inactive|creasproxd has 90 seconds left.
|inactive|creasproxd has 60 seconds left.
|inactive|creasproxd has 30 seconds left.
|inactive|creasproxd has 20 seconds left.
|inactive|creasproxd has 15 seconds left.
|inactive|creasproxd has 10 seconds left.
|inactive|creasproxd has 5 seconds left.
|-message|creasproxd lost due to inactivity.
|
|win|ultraultrasun
|raw|creasproxd's rating: 1087 &rarr; <strong>1065</strong><br />(-22 for losing)
|raw|ultraultrasun's rating: 1107 &rarr; <strong>1131</strong><br />(+24 for winning)
|l|‽ultraultrasun
|player|p2|
