|j|☆orion212114
|j|☆Cyan27
|t:|1760884781
|gametype|singles
|player|p1|orion212114|bugcatcher-gen4dp|1138
|player|p2|Cyan27|acetrainersnowf|1113
|gen|9
|tier|[Gen 9] OU
|rated|
|rule|HP Percentage Mod: HP is shown in percentages
|rule|Endless Battle Clause: Forcing endless battles is banned
|rule|Species Clause: Limit one of each Pokémon
|rule|OHKO Clause: OHKO moves are banned
|rule|Evasion Items Clause: Evasion items are banned
|rule|Evasion Moves Clause: Evasion moves are banned
|rule|Evasion Abilities Clause: Evasion abilities are banned
|rule|Sleep Moves Clause: Sleep-inducing moves are banned
|clearpoke
|poke|p1|Garchomp, M|
|poke|p1|Gyarados, M|
|poke|p1|Ceruledge, M|
|poke|p1|Metagross|
|poke|p1|Darkrai|
|poke|p1|Meowscarada, F|
|poke|p2|Slowking-Galar, M|
|poke|p2|Landorus-Therian, M|
|poke|p2|Ninetales-Alola, F|
|poke|p2|Piloswine, F|
|poke|p2|Regice|
|poke|p2|Moltres|
|teampreview
|inactive|Battle timer is ON: inactive players will automatically lose when time's up. (requested by Cyan27)
|inactive|orion212114 also wants the timer to be on.
|
|t:|1760884796
|teamsize|p1|6
|teamsize|p2|6
|start
|switch|p1a: Darkrai|Darkrai|100/100
|switch|p2a: Landorus|Landorus-Therian, M|100/100
|-ability|p2a: Landorus|Intimidate|boost
|-unboost|p1a: Darkrai|atk|1
|turn|1
|
|t:|1760884802
|switch|p2a: Ninetales-Viola|Ninetales-Alola, F|100/100
|-weather|Snowscape|[from] ability: Snow Warning|[of] p2a: Ninetales-Viola
|move|p1a: Darkrai|Ice Beam|p2a: Ninetales-Viola
|-resisted|p2a: Ninetales-Viola
|-damage|p2a: Ninetales-Viola|85/100
|
|-weather|Snowscape|[upkeep]
|upkeep
|turn|2
|
|t:|1760884811
|-terastallize|p1a: Darkrai|Poison
|move|p1a: Darkrai|Sludge Bomb|p2a: Ninetales-Viola
|-supereffective|p2a: Ninetales-Viola
|-damage|p2a: Ninetales-Viola|0 fnt
|faint|p2a: Ninetales-Viola
|
|-weather|Snowscape|[upkeep]
|upkeep
|
|t:|1760884833
|switch|p2a: Moltres|Moltres, shiny|100/100
|turn|3
|
|t:|1760884844
|switch|p1a: Gyarados|Gyarados, M|100/100
|-ability|p1a: Gyarados|Intimidate|boost
|-unboost|p2a: Moltres|atk|1
|move|p2a: Moltres|Scorching Sands|p1a: Gyarados
|-immune|p1a: Gyarados
|
|-weather|Snowscape|[upkeep]
|upkeep
|turn|4
|
|t:|1760884855
|switch|p2a: Regice|Regice, shiny|100/100
|move|p1a: Gyarados|Waterfall|p2a: Regice
|-damage|p2a: Regice|75/100
|
|-weather|Snowscape|[upkeep]
|-heal|p2a: Regice|81/100|[from] ability: Ice Body
|-heal|p2a: Regice|87/100|[from] item: Leftovers
|upkeep
|turn|5
|inactive|orion212114 has 120 seconds left.
|
|t:|1760884886
|move|p1a: Gyarados|Earthquake|p2a: Regice
|-damage|p2a: Regice|64/100
|move|p2a: Regice|Thunderbolt|p1a: Gyarados
|-supereffective|p1a: Gyarados
|-enditem|p1a: Gyarados|Focus Sash
|-damage|p1a: Gyarados|1/100
|
|-weather|none
|-heal|p2a: Regice|70/100|[from] item: Leftovers
|upkeep
|turn|6
|
|t:|1760884899
|move|p1a: Gyarados|Waterfall|p2a: Regice
|-damage|p2a: Regice|32/100
|move|p2a: Regice|Ice Beam|p1a: Gyarados
|-damage|p1a: Gyarados|0 fnt
|faint|p1a: Gyarados
|
|-heal|p2a: Regice|38/100|[from] item: Leftovers
|upkeep
|
|t:|1760884906
|switch|p1a: Ceruledge|Ceruledge, M|100/100
|turn|7
|
|t:|1760884929
|switch|p2a: Landorus|Landorus-Therian, M|100/100
|-ability|p2a: Landorus|Intimidate|boost
|-unboost|p1a: Ceruledge|atk|1
|move|p1a: Ceruledge|Bitter Blade|p2a: Landorus
|-damage|p2a: Landorus|65/100
|
|upkeep
|turn|8
|
|t:|1760884938
|move|p2a: Landorus|Stealth Rock|p1a: Ceruledge
|-sidestart|p1: orion212114|move: Stealth Rock
|move|p1a: Ceruledge|Bitter Blade|p2a: Landorus
|-damage|p2a: Landorus|29/100
|-enditem|p2a: Landorus|Sitrus Berry|[eat]
|-heal|p2a: Landorus|53/100|[from] item: Sitrus Berry
|
|upkeep
|turn|9
|
|t:|1760884944
|move|p2a: Landorus|Earthquake|p1a: Ceruledge
|-supereffective|p1a: Ceruledge
|-enditem|p1a: Ceruledge|Focus Sash
|-damage|p1a: Ceruledge|1/100
|move|p1a: Ceruledge|Bitter Blade|p2a: Landorus
|-damage|p2a: Landorus|17/100
|-heal|p1a: Ceruledge|21/100|[from] drain|[of] p2a: Landorus
|
|upkeep
|turn|10
|
|t:|1760884952
|move|p2a: Landorus|Earthquake|p1a: Ceruledge
|-supereffective|p1a: Ceruledge
|-damage|p1a: Ceruledge|0 fnt
|faint|p1a: Ceruledge
|
|upkeep
|
|t:|1760884954
|switch|p1a: Darkrai|Darkrai, tera:Poison|100/100
|-damage|p1a: Darkrai|88/100|[from] Stealth Rock
|turn|11
|
|t:|1760884968
|switch|p2a: Moltres|Moltres, shiny|100/100
|move|p1a: Darkrai|Ice Beam|p2a: Moltres
|-damage|p2a: Moltres|61/100
|
|upkeep
|turn|12
|
|t:|1760884974
|move|p2a: Moltres|Overheat|p1a: Darkrai
|-damage|p1a: Darkrai|0 fnt
|-unboost|p2a: Moltres|spa|2
|faint|p1a: Darkrai
|
|upkeep
|
|t:|1760884980
|switch|p1a: Meowscarada|Meowscarada, F|100/100
|-damage|p1a: Meowscarada|88/100|[from] Stealth Rock
|turn|13
|
|t:|1760884986
|switch|p2a: Landorus|Landorus-Therian, M|17/100
|-ability|p2a: Landorus|Intimidate|boost
|-unboost|p1a: Meowscarada|atk|1
|move|p1a: Meowscarada|Triple Axel|p2a: Landorus
|-start|p1a: Meowscarada|typechange|Ice|[from] ability: Protean
|-supereffective|p2a: Landorus
|-damage|p2a: Landorus|0 fnt
|faint|p2a: Landorus
|-hitcount|p2: Landorus|1
|
|upkeep
|
|t:|1760885000
|switch|p2a: Piloswine|Piloswine, F|100/100
|turn|14
|
|t:|1760885012
|move|p1a: Meowscarada|Flower Trick|p2a: Piloswine
|-supereffective|p2a: Piloswine
|-crit|p2a: Piloswine
|-damage|p2a: Piloswine|53/100
|move|p2a: Piloswine|Earthquake|p1a: Meowscarada
|-damage|p1a: Meowscarada|11/100
|
|upkeep
|turn|15
|
|t:|1760885021
|move|p2a: Piloswine|Ice Shard|p1a: Meowscarada
|-resisted|p1a: Meowscarada
|-damage|p1a: Meowscarada|0 fnt
|faint|p1a: Meowscarada
|
|upkeep
|
|t:|1760885038
|switch|p1a: Metagross|Metagross|100/100
|-damage|p1a: Metagross|94/100|[from] Stealth Rock
|turn|16
|
|t:|1760885048
|switch|p2a: Slowking|Slowking-Galar, M, shiny|100/100
|move|p1a: Metagross|Iron Head|p2a: Slowking
|-damage|p2a: Slowking|58/100
|
|upkeep
|turn|17
|
|t:|1760885066
|move|p1a: Metagross|Earthquake|p2a: Slowking
|-supereffective|p2a: Slowking
|-damage|p2a: Slowking|0 fnt
|faint|p2a: Slowking
|
|upkeep
|
|t:|1760885087
|switch|p2a: Regice|Regice, shiny|38/100
|turn|18
|
|t:|1760885095
|-terastallize|p2a: Regice|Fire
|move|p1a: Metagross|Iron Head|p2a: Regice
|-resisted|p2a: Regice
|-damage|p2a: Regice|16/100
|move|p2a: Regice|Tera Blast|p1a: Metagross|[anim] Tera Blast Fire
|-supereffective|p1a: Metagross
|-damage|p1a: Metagross|40/100
|
|-heal|p2a: Regice|22/100|[from] item: Leftovers
|upkeep
|turn|19
|
|t:|1760885107
|move|p1a: Metagross|Iron Head|p2a: Regice
|-resisted|p2a: Regice
|-damage|p2a: Regice|2/100
|move|p2a: Regice|Tera Blast|p1a: Metagross|[anim] Tera Blast Fire
|-supereffective|p1a: Metagross
|-damage|p1a: Metagross|0 fnt
|faint|p1a: Metagross
|
|-heal|p2a: Regice|8/100|[from] item: Leftovers
|upkeep
|
|t:|1760885115
|switch|p1a: Garchomp|Garchomp, M|100/100
|-damage|p1a: Garchomp|94/100|[from] Stealth Rock
|turn|20
|
|t:|1760885120
|move|p1a: Garchomp|Iron Head|p2a: Regice
|-resisted|p2a: Regice
|-damage|p2a: Regice|0 fnt
|faint|p2a: Regice
|
|upkeep
|
|t:|1760885122
|switch|p2a: Moltres|Moltres, shiny|61/100
|turn|21
|
|t:|1760885129
|move|p2a: Moltres|Air Slash|p1a: Garchomp
|-damage|p1a: Garchomp|60/100
|move|p1a: Garchomp|Dragon Claw|p2a: Moltres
|-crit|p2a: Moltres
|-damage|p2a: Moltres|0 fnt
|faint|p2a: Moltres
|
|upkeep
|
|t:|1760885142
|switch|p2a: Piloswine|Piloswine, F|53/100
|turn|22
|
|t:|1760885146
|move|p2a: Piloswine|Ice Shard|p1a: Garchomp
|-supereffective|p1a: Garchomp
|-damage|p1a: Garchomp|3/100
|move|p1a: Garchomp|Iron Head|p2a: Piloswine
|-supereffective|p2a: Piloswine
|-damage|p2a: Piloswine|17/100
|
|upkeep
|turn|23
|
|t:|1760885153
|move|p2a: Piloswine|Ice Shard|p1a: Garchomp
|-supereffective|p1a: Garchomp
|-damage|p1a: Garchomp|0 fnt
|faint|p1a: Garchomp
|
|win|Cyan27
|raw|orion212114's rating: 1138 &rarr; <strong>1111</strong><br />(-27 for losing)
|raw|Cyan27's rating: 1113 &rarr; <strong>1140</strong><br />(+27 for winning)
|l|☆orion212114
|player|p1|
|l|☆Cyan27
|player|p2|
