|j|☆slyddvicious
|j|☆nubemastah69
|t:|1760848659
|gametype|singles
|player|p1|slyddvicious|worker|1186
|player|p2|nubemastah69|blue|1203
|gen|9
|tier|[Gen 9] OU
|rated|
|rule|HP Percentage Mod: HP is shown in percentages
|rule|Endless Battle Clause: Forcing endless battles is banned
|rule|Species Clause: Limit one of each Pokémon
|rule|OHKO Clause: OHKO moves are banned
|rule|Evasion Items Clause: Evasion items are banned
|rule|Evasion Moves Clause: Evasion moves are banned
|rule|Evasion Abilities Clause: Evasion abilities are banned
|rule|Sleep Moves Clause: Sleep-inducing moves are banned
|clearpoke
|poke|p1|Lokix, F|
|poke|p1|Primarina, M|
|poke|p1|Kyurem|
|poke|p1|Weezing-Galar, M|
|poke|p1|Iron Treads|
|poke|p1|Blaziken, F|
|poke|p2|Cloyster, F|
|poke|p2|Quaquaval, M|
|poke|p2|Raging Bolt|
|poke|p2|Slowking-Galar, F|
|poke|p2|Corviknight, M|
|poke|p2|Pecharunt|
|teampreview
|inactive|Battle timer is ON: inactive players will automatically lose when time's up. (requested by slyddvicious)
|
|t:|1760848676
|teamsize|p1|6
|teamsize|p2|6
|start
|switch|p1a: Kyurem|Kyurem|100/100
|switch|p2a: Quaquaval|Quaquaval, M, shiny|100/100
|-ability|p1a: Kyurem|Pressure
|turn|1
|
|t:|1760848684
|switch|p2a: Slowking|Slowking-Galar, F, shiny|100/100
|move|p1a: Kyurem|Protect||[still]
|-fail|p1a: Kyurem
|
|upkeep
|turn|2
|
|t:|1760848699
|move|p1a: Kyurem|Protect|p1a: Kyurem
|-singleturn|p1a: Kyurem|Protect
|move|p2a: Slowking|Future Sight|p1a: Kyurem
|-start|p2a: Slowking|move: Future Sight
|
|upkeep
|turn|3
|
|t:|1760848705
|switch|p1a: Lokix|Lokix, F|100/100
|move|p2a: Slowking|Sludge Bomb|p1a: Lokix
|-damage|p1a: Lokix|30/100
|-status|p1a: Lokix|psn
|
|-damage|p1a: Lokix|18/100 psn|[from] psn
|upkeep
|turn|4
|
|t:|1760848718
|switch|p2a: Corviknight|Corviknight, M, shiny|100/100
|move|p1a: Lokix|Knock Off|p2a: Corviknight
|-damage|p2a: Corviknight|60/100
|-damage|p1a: Lokix|1/100 psn|[from] item: Rocky Helmet|[of] p2a: Corviknight
|-enditem|p2a: Corviknight|Rocky Helmet|[from] move: Knock Off|[of] p1a: Lokix
|
|-end|p1a: Lokix|move: Future Sight
|-immune|p1a: Lokix
|-damage|p1a: Lokix|0 fnt|[from] psn
|faint|p1a: Lokix
|upkeep
|
|t:|1760848733
|switch|p1a: Primarina|Primarina, M|100/100
|turn|5
|
|t:|1760848739
|switch|p2a: Slowking|Slowking-Galar, F, shiny|100/100
|move|p1a: Primarina|Surf|p2a: Slowking
|-damage|p2a: Slowking|73/100
|-enditem|p2a: Slowking|Red Card|[of] p1a: Primarina
|drag|p1a: Blaziken|Blaziken, F|100/100
|
|upkeep
|turn|6
|
|t:|1760848751
|move|p1a: Blaziken|Protect|p1a: Blaziken
|-singleturn|p1a: Blaziken|Protect
|-prepare|p2a: Slowking|Chilly Reception|[premajor]
|move|p2a: Slowking|Chilly Reception|p2a: Slowking
|-weather|Snowscape
|
|t:|1760848761
|switch|p2a: Quaquaval|Quaquaval, M, shiny|100/100|[from] Chilly Reception
|
|-weather|Snowscape|[upkeep]
|-ability|p1a: Blaziken|Speed Boost|boost
|-boost|p1a: Blaziken|spe|1
|upkeep
|turn|7
|
|t:|1760848768
|-terastallize|p1a: Blaziken|Fighting
|move|p1a: Blaziken|Close Combat|p2a: Quaquaval
|-damage|p2a: Quaquaval|0 fnt
|-unboost|p1a: Blaziken|def|1
|-unboost|p1a: Blaziken|spd|1
|faint|p2a: Quaquaval
|-damage|p1a: Blaziken|91/100|[from] item: Life Orb
|
|-weather|Snowscape|[upkeep]
|-ability|p1a: Blaziken|Speed Boost|boost
|-boost|p1a: Blaziken|spe|1
|upkeep
|
|t:|1760848775
|switch|p2a: Cloyster|Cloyster, F, shiny|100/100
|turn|8
|
|t:|1760848783
|-terastallize|p2a: Cloyster|Ground
|move|p1a: Blaziken|Close Combat|p2a: Cloyster
|-damage|p2a: Cloyster|12/100
|-unboost|p1a: Blaziken|def|1
|-unboost|p1a: Blaziken|spd|1
|-damage|p1a: Blaziken|81/100|[from] item: Life Orb
|move|p2a: Cloyster|Shell Smash|p2a: Cloyster
|-unboost|p2a: Cloyster|def|1
|-unboost|p2a: Cloyster|spd|1
|-boost|p2a: Cloyster|atk|2
|-boost|p2a: Cloyster|spa|2
|-boost|p2a: Cloyster|spe|2
|-enditem|p2a: Cloyster|White Herb
|-clearnegativeboost|p2a: Cloyster|[silent]
|
|-weather|Snowscape|[upkeep]
|-ability|p1a: Blaziken|Speed Boost|boost
|-boost|p1a: Blaziken|spe|1
|upkeep
|turn|9
|inactive|nubemastah69 has 120 seconds left.
|
|t:|1760848832
|move|p1a: Blaziken|Close Combat|p2a: Cloyster
|-damage|p2a: Cloyster|0 fnt
|-unboost|p1a: Blaziken|def|1
|-unboost|p1a: Blaziken|spd|1
|faint|p2a: Cloyster
|-damage|p1a: Blaziken|71/100|[from] item: Life Orb
|
|-weather|Snowscape|[upkeep]
|-ability|p1a: Blaziken|Speed Boost|boost
|-boost|p1a: Blaziken|spe|1
|upkeep
|-message|nubemastah69 forfeited.
|
|win|slyddvicious
|raw|slyddvicious's rating: 1186 &rarr; <strong>1212</strong><br />(+26 for winning)
|raw|nubemastah69's rating: 1203 &rarr; <strong>1177</strong><br />(-26 for losing)
|l|☆nubemastah69
|player|p2|
|l|☆slyddvicious
|player|p1|
