|j|‽bigz42069
|j|☆alejogroot1534
|t:|1760761950
|gametype|singles
|player|p1|bigz42069|265|1490
|player|p2|alejogroot1534|steven|1473
|gen|9
|tier|[Gen 9] OU
|rated|
|rule|HP Percentage Mod: HP is shown in percentages
|rule|Endless Battle Clause: Forcing endless battles is banned
|rule|Species Clause: Limit one of each Pokémon
|rule|OHKO Clause: OHKO moves are banned
|rule|Evasion Items Clause: Evasion items are banned
|rule|Evasion Moves Clause: Evasion moves are banned
|rule|Evasion Abilities Clause: Evasion abilities are banned
|rule|Sleep Moves Clause: Sleep-inducing moves are banned
|clearpoke
|poke|p1|Latias, F|
|poke|p1|Enamorus, F|
|poke|p1|Slowking-Galar, M|
|poke|p1|Ursaluna, M|
|poke|p1|Dragonite, F|
|poke|p1|Goodra-Hisui, M|
|poke|p2|Greninja-*, M|
|poke|p2|Zapdos|
|poke|p2|Great Tusk|
|poke|p2|Slowking-Galar, F|
|poke|p2|Meowscarada, M|
|poke|p2|Iron Valiant|
|teampreview
|inactive|Battle timer is ON: inactive players will automatically lose when time's up. (requested by alejogroot1534)
|
|t:|1760761978
|teamsize|p1|6
|teamsize|p2|6
|start
|switch|p1a: Enamorus|Enamorus, F|100/100
|switch|p2a: Meowscarada|Meowscarada, M, shiny|100/100
|turn|1
|
|t:|1760761988
|switch|p2a: Slowking|Slowking-Galar, F, shiny|100/100
|move|p1a: Enamorus|Moonblast|p2a: Slowking
|-resisted|p2a: Slowking
|-damage|p2a: Slowking|87/100
|
|upkeep
|turn|2
|
|t:|1760761997
|switch|p1a: Ursaluna|Ursaluna, M|100/100
|move|p2a: Slowking|Future Sight|p1a: Ursaluna
|-start|p2a: Slowking|move: Future Sight
|
|-status|p1a: Ursaluna|brn|[from] item: Flame Orb
|upkeep
|turn|3
|
|t:|1760762005
|switch|p2a: Zapdos|Zapdos, shiny|100/100
|move|p1a: Ursaluna|Facade|p2a: Zapdos
|-damage|p2a: Zapdos|6/100
|
|-damage|p1a: Ursaluna|94/100 brn|[from] brn
|upkeep
|turn|4
|
|t:|1760762017
|move|p2a: Zapdos|Hurricane|p1a: Ursaluna|[miss]
|-miss|p2a: Zapdos|p1a: Ursaluna
|move|p1a: Ursaluna|Drain Punch|p2a: Zapdos
|-resisted|p2a: Zapdos
|-damage|p2a: Zapdos|0 fnt
|-heal|p1a: Ursaluna|97/100 brn|[from] drain|[of] p2a: Zapdos
|faint|p2a: Zapdos
|
|-end|p1a: Ursaluna|move: Future Sight
|-damage|p1a: Ursaluna|56/100 brn
|-damage|p1a: Ursaluna|50/100 brn|[from] brn
|upkeep
|
|t:|1760762021
|switch|p2a: Greninja|Greninja, M|100/100
|turn|5
|
|t:|1760762027
|switch|p1a: Goodra|Goodra-Hisui, M|100/100
|move|p2a: Greninja|Ice Beam|p1a: Goodra
|-damage|p1a: Goodra|80/100
|-status|p1a: Goodra|frz
|-damage|p2a: Greninja|91/100|[from] item: Life Orb
|
|-heal|p1a: Goodra|86/100 frz|[from] item: Leftovers
|upkeep
|turn|6
|
|t:|1760762038
|switch|p1a: Slowking|Slowking-Galar, M|100/100
|move|p2a: Greninja|Dark Pulse|p1a: Slowking
|-supereffective|p1a: Slowking
|-damage|p1a: Slowking|50/100
|-damage|p2a: Greninja|81/100|[from] item: Life Orb
|
|upkeep
|turn|7
|
|t:|1760762046
|switch|p1a: Goodra|Goodra-Hisui, M|86/100 frz
|move|p2a: Greninja|Dark Pulse|p1a: Goodra
|-damage|p1a: Goodra|56/100 frz
|-damage|p2a: Greninja|71/100|[from] item: Life Orb
|
|-heal|p1a: Goodra|62/100 frz|[from] item: Leftovers
|upkeep
|turn|8
|
|t:|1760762054
|move|p2a: Greninja|Dark Pulse|p1a: Goodra
|-damage|p1a: Goodra|33/100 frz
|-damage|p2a: Greninja|61/100|[from] item: Life Orb
|cant|p1a: Goodra|frz
|
|-heal|p1a: Goodra|40/100 frz|[from] item: Leftovers
|upkeep
|turn|9
|
|t:|1760762064
|move|p2a: Greninja|Dark Pulse|p1a: Goodra
|-damage|p1a: Goodra|10/100 frz
|-damage|p2a: Greninja|51/100|[from] item: Life Orb
|cant|p1a: Goodra|frz
|
|-heal|p1a: Goodra|16/100 frz|[from] item: Leftovers
|upkeep
|turn|10
|
|t:|1760762072
|switch|p1a: Dragonite|Dragonite, F|100/100
|move|p2a: Greninja|Dark Pulse|p1a: Dragonite
|-damage|p1a: Dragonite|78/100
|-damage|p2a: Greninja|42/100|[from] item: Life Orb
|
|upkeep
|turn|11
|
|t:|1760762084
|move|p1a: Dragonite|Extreme Speed|p2a: Greninja
|-damage|p2a: Greninja|0 fnt
|faint|p2a: Greninja
|
|upkeep
|
|t:|1760762089
|switch|p2a: Meowscarada|Meowscarada, M, shiny|100/100
|turn|12
|
|t:|1760762096
|switch|p1a: Goodra|Goodra-Hisui, M|16/100 frz
|move|p2a: Meowscarada|Knock Off|p1a: Goodra
|-start|p2a: Meowscarada|typechange|Dark|[from] ability: Protean
|-damage|p1a: Goodra|0 fnt
|-enditem|p1a: Goodra|Leftovers|[from] move: Knock Off|[of] p2a: Meowscarada
|faint|p1a: Goodra
|
|upkeep
|
|t:|1760762126
|switch|p1a: Ursaluna|Ursaluna, M|50/100 brn
|turn|13
|
|t:|1760762135
|-terastallize|p2a: Meowscarada|Dark
|-terastallize|p1a: Ursaluna|Ghost
|move|p2a: Meowscarada|Knock Off|p1a: Ursaluna
|-supereffective|p1a: Ursaluna
|-damage|p1a: Ursaluna|0 fnt
|-enditem|p1a: Ursaluna|Flame Orb|[from] move: Knock Off|[of] p2a: Meowscarada
|faint|p1a: Ursaluna
|
|upkeep
|
|t:|1760762145
|switch|p1a: Enamorus|Enamorus, F|100/100
|turn|14
|c|☆alejogroot1534|Thank you
|
|t:|1760762153
|switch|p2a: Slowking|Slowking-Galar, F, shiny|100/100
|move|p1a: Enamorus|Earth Power|p2a: Slowking
|-supereffective|p2a: Slowking
|-damage|p2a: Slowking|64/100
|
|upkeep
|turn|15
|
|t:|1760762160
|switch|p1a: Latias|Latias, F|100/100
|-prepare|p2a: Slowking|Chilly Reception|[premajor]
|move|p2a: Slowking|Chilly Reception|p2a: Slowking
|-weather|Snowscape
|
|t:|1760762163
|switch|p2a: Meowscarada|Meowscarada, M, shiny, tera:Dark|100/100|[from] Chilly Reception
|
|-weather|Snowscape|[upkeep]
|upkeep
|turn|16
|
|t:|1760762173
|switch|p1a: Enamorus|Enamorus, F|100/100
|move|p2a: Meowscarada|Triple Axel|p1a: Enamorus
|-supereffective|p1a: Enamorus
|-damage|p1a: Enamorus|72/100
|-supereffective|p1a: Enamorus
|-damage|p1a: Enamorus|10/100
|-supereffective|p1a: Enamorus
|-damage|p1a: Enamorus|0 fnt
|faint|p1a: Enamorus
|-hitcount|p1: Enamorus|3
|
|-weather|Snowscape|[upkeep]
|upkeep
|
|t:|1760762188
|switch|p1a: Slowking|Slowking-Galar, M|83/100
|turn|17
|
|t:|1760762193
|switch|p2a: Slowking|Slowking-Galar, F, shiny|97/100
|move|p1a: Slowking|Trick Room|p1a: Slowking
|-fieldstart|move: Trick Room|[of] p1a: Slowking
|
|-weather|Snowscape|[upkeep]
|upkeep
|turn|18
|
|t:|1760762199
|switch|p1a: Latias|Latias, F|100/100
|move|p2a: Slowking|Future Sight|p1a: Latias
|-start|p2a: Slowking|move: Future Sight
|
|-weather|Snowscape|[upkeep]
|upkeep
|turn|19
|
|t:|1760762203
|move|p2a: Slowking|Thunder Wave|p1a: Latias
|-status|p1a: Latias|par
|move|p1a: Latias|Reflect|p1a: Latias
|-sidestart|p1: bigz42069|Reflect
|
|-weather|none
|upkeep
|turn|20
|
|t:|1760762210
|move|p2a: Slowking|Sludge Bomb|p1a: Latias
|-damage|p1a: Latias|74/100 par
|move|p1a: Latias|Light Screen|p1a: Latias
|-sidestart|p1: bigz42069|move: Light Screen
|
|-end|p1a: Latias|move: Future Sight
|-resisted|p1a: Latias
|-crit|p1a: Latias
|-damage|p1a: Latias|49/100 par
|upkeep
|turn|21
|
|t:|1760762220
|move|p2a: Slowking|Future Sight|p1a: Latias
|-start|p2a: Slowking|move: Future Sight
|move|p1a: Latias|Healing Wish|p1a: Latias
|faint|p1a: Latias
|
|-fieldend|move: Trick Room
|upkeep
|
|t:|1760762225
|switch|p1a: Dragonite|Dragonite, F|78/100
|-heal|p1a: Dragonite|100/100|[from] move: Healing Wish
|turn|22
|
|t:|1760762228
|move|p1a: Dragonite|Dragon Dance|p1a: Dragonite
|-boost|p1a: Dragonite|atk|1
|-boost|p1a: Dragonite|spe|1
|move|p2a: Slowking|Thunder Wave|p1a: Dragonite
|-status|p1a: Dragonite|par
|
|upkeep
|turn|23
|
|t:|1760762239
|cant|p1a: Dragonite|par
|-prepare|p2a: Slowking|Chilly Reception|[premajor]
|move|p2a: Slowking|Chilly Reception|p2a: Slowking
|-weather|Snowscape
|
|t:|1760762244
|switch|p2a: Iron Valiant|Iron Valiant, shiny|100/100|[from] Chilly Reception
|-enditem|p2a: Iron Valiant|Booster Energy
|-activate|p2a: Iron Valiant|ability: Quark Drive|[fromitem]
|-start|p2a: Iron Valiant|quarkdrivespe
|
|-weather|Snowscape|[upkeep]
|-end|p1a: Dragonite|move: Future Sight
|-damage|p1a: Dragonite|91/100 par
|upkeep
|turn|24
|
|t:|1760762248
|move|p2a: Iron Valiant|Moonblast|p1a: Dragonite
|-supereffective|p1a: Dragonite
|-damage|p1a: Dragonite|53/100 par
|cant|p1a: Dragonite|par
|
|-weather|Snowscape|[upkeep]
|upkeep
|turn|25
|
|t:|1760762254
|move|p2a: Iron Valiant|Moonblast|p1a: Dragonite
|-supereffective|p1a: Dragonite
|-damage|p1a: Dragonite|12/100 par
|move|p1a: Dragonite|Dragon Dance|p1a: Dragonite
|-boost|p1a: Dragonite|atk|1
|-boost|p1a: Dragonite|spe|1
|
|-weather|Snowscape|[upkeep]
|upkeep
|turn|26
|
|t:|1760762259
|-end|p2a: Iron Valiant|Quark Drive|[silent]
|switch|p2a: Great Tusk|Great Tusk, shiny|100/100
|move|p1a: Dragonite|Extreme Speed|p2a: Great Tusk
|-damage|p2a: Great Tusk|60/100
|-damage|p1a: Dragonite|0 fnt|[from] item: Rocky Helmet|[of] p2a: Great Tusk
|faint|p1a: Dragonite
|
|-weather|Snowscape|[upkeep]
|-sideend|p1: bigz42069|Reflect
|upkeep
|-message|bigz42069 forfeited.
|
|win|alejogroot1534
|raw|bigz42069's rating: 1490 &rarr; <strong>1469</strong><br />(-21 for losing)
|raw|alejogroot1534's rating: 1473 &rarr; <strong>1494</strong><br />(+21 for winning)
|l|‽bigz42069
|player|p1|
|l|☆alejogroot1534
|player|p2|
