|j|☆jxrx
|j|☆Aceitope
|t:|1760719196
|gametype|singles
|player|p1|jxrx|norman|1373
|player|p2|Aceitope|caitlin-masters|1345
|gen|9
|tier|[Gen 9] OU
|rated|
|rule|HP Percentage Mod: HP is shown in percentages
|rule|Endless Battle Clause: Forcing endless battles is banned
|rule|Species Clause: Limit one of each Pokémon
|rule|OHKO Clause: OHKO moves are banned
|rule|Evasion Items Clause: Evasion items are banned
|rule|Evasion Moves Clause: Evasion moves are banned
|rule|Evasion Abilities Clause: Evasion abilities are banned
|rule|Sleep Moves Clause: Sleep-inducing moves are banned
|clearpoke
|poke|p1|Dragapult, M|
|poke|p1|Houndoom, F|
|poke|p1|Vileplume, M|
|poke|p1|Gyarados, M|
|poke|p1|Pachirisu, M|
|poke|p1|Great Tusk|
|poke|p2|Mamoswine, M|
|poke|p2|Iron Valiant|
|poke|p2|Glimmora, F|
|poke|p2|Hatterene, F|
|poke|p2|Heatran, F|
|poke|p2|Zamazenta-*|
|teampreview
|inactive|Battle timer is ON: inactive players will automatically lose when time's up. (requested by jxrx)
|
|t:|1760719235
|teamsize|p1|6
|teamsize|p2|6
|start
|switch|p1a: Pachirisu|Pachirisu, M|100/100
|switch|p2a: Iron Valiant|Iron Valiant|100/100
|turn|1
|
|t:|1760719252
|-end|p2a: Iron Valiant|Quark Drive|[silent]
|switch|p2a: Glimmora|Glimmora, F|100/100
|move|p1a: Pachirisu|Nuzzle|p2a: Glimmora
|-damage|p2a: Glimmora|96/100
|-status|p2a: Glimmora|par
|-activate|p2a: Glimmora|ability: Toxic Debris
|-sidestart|p1: jxrx|move: Toxic Spikes
|
|upkeep
|turn|2
|
|t:|1760719272
|switch|p2a: Mamoswine|Mamoswine, M|100/100
|move|p1a: Pachirisu|U-turn|p2a: Mamoswine
|-damage|p2a: Mamoswine|90/100
|
|t:|1760719286
|switch|p1a: Gyarados|Gyarados, M|100/100|[from] U-turn
|
|upkeep
|turn|3
|
|t:|1760719296
|switch|p2a: Zamazenta|Zamazenta|100/100
|-ability|p2a: Zamazenta|Dauntless Shield|boost
|-boost|p2a: Zamazenta|def|1
|move|p1a: Gyarados|Waterfall|p2a: Zamazenta
|-damage|p2a: Zamazenta|74/100
|
|-heal|p2a: Zamazenta|80/100|[from] item: Leftovers
|upkeep
|turn|4
|
|t:|1760719307
|switch|p1a: Vileplume|Vileplume, M|100/100
|-sideend|p1: jxrx|move: Toxic Spikes|[of] p1a: Vileplume
|move|p2a: Zamazenta|Crunch|p1a: Vileplume
|-damage|p1a: Vileplume|79/100
|-damage|p2a: Zamazenta|63/100|[from] item: Rocky Helmet|[of] p1a: Vileplume
|-status|p2a: Zamazenta|slp|[from] ability: Effect Spore|[of] p1a: Vileplume
|
|-heal|p2a: Zamazenta|69/100 slp|[from] item: Leftovers
|upkeep
|turn|5
|
|t:|1760719320
|cant|p2a: Zamazenta|slp
|move|p1a: Vileplume|Leech Seed|p2a: Zamazenta
|-start|p2a: Zamazenta|move: Leech Seed
|
|-heal|p2a: Zamazenta|76/100 slp|[from] item: Leftovers
|-damage|p2a: Zamazenta|63/100 slp|[from] Leech Seed|[of] p1a: Vileplume
|-heal|p1a: Vileplume|91/100|[silent]
|upkeep
|turn|6
|
|t:|1760719330
|switch|p2a: Hatterene|Hatterene, F|100/100
|switch|p1a: Gyarados|Gyarados, M|100/100
|
|upkeep
|turn|7
|
|t:|1760719336
|switch|p1a: Pachirisu|Pachirisu, M|100/100
|move|p2a: Hatterene|Nuzzle|p1a: Pachirisu
|-immune|p1a: Pachirisu|[from] ability: Volt Absorb
|
|upkeep
|turn|8
|
|t:|1760719341
|move|p1a: Pachirisu|Super Fang|p2a: Hatterene
|-damage|p2a: Hatterene|50/100
|-damage|p1a: Pachirisu|84/100|[from] item: Rocky Helmet|[of] p2a: Hatterene
|move|p2a: Hatterene|Psychic Noise|p1a: Pachirisu
|-damage|p1a: Pachirisu|67/100
|-start|p1a: Pachirisu|move: Heal Block
|
|upkeep
|turn|9
|
|t:|1760719347
|move|p1a: Pachirisu|Nuzzle|p2a: Hatterene
|-damage|p2a: Hatterene|47/100
|-status|p2a: Hatterene|par
|-damage|p1a: Pachirisu|50/100|[from] item: Rocky Helmet|[of] p2a: Hatterene
|cant|p2a: Hatterene|par
|
|-end|p1a: Pachirisu|move: Heal Block
|upkeep
|turn|10
|
|t:|1760719353
|move|p1a: Pachirisu|U-turn|p2a: Hatterene
|-damage|p2a: Hatterene|40/100 par
|-damage|p1a: Pachirisu|34/100|[from] item: Rocky Helmet|[of] p2a: Hatterene
|
|t:|1760719356
|switch|p1a: Houndoom|Houndoom, F|100/100|[from] U-turn
|cant|p2a: Hatterene|par
|
|upkeep
|turn|11
|
|t:|1760719362
|switch|p2a: Heatran|Heatran, F|100/100
|move|p1a: Houndoom|Dark Pulse|p2a: Heatran
|-damage|p2a: Heatran|67/100
|
|upkeep
|turn|12
|
|t:|1760719382
|switch|p1a: Gyarados|Gyarados, M|100/100
|move|p2a: Heatran|Taunt|p1a: Gyarados
|-start|p1a: Gyarados|move: Taunt
|
|upkeep
|turn|13
|
|t:|1760719388
|switch|p2a: Zamazenta|Zamazenta|63/100 slp
|move|p1a: Gyarados|Waterfall|p2a: Zamazenta
|-damage|p2a: Zamazenta|22/100 slp
|
|-heal|p2a: Zamazenta|28/100 slp|[from] item: Leftovers
|upkeep
|turn|14
|
|t:|1760719395
|-curestatus|p2a: Zamazenta|slp|[msg]
|move|p2a: Zamazenta|Iron Defense|p2a: Zamazenta
|-boost|p2a: Zamazenta|def|2
|move|p1a: Gyarados|Waterfall|p2a: Zamazenta
|-damage|p2a: Zamazenta|6/100
|
|-heal|p2a: Zamazenta|12/100|[from] item: Leftovers
|-end|p1a: Gyarados|move: Taunt
|upkeep
|turn|15
|
|t:|1760719411
|switch|p2a: Hatterene|Hatterene, F|40/100 par
|switch|p1a: Vileplume|Vileplume, M|91/100
|
|upkeep
|turn|16
|
|t:|1760719420
|move|p1a: Vileplume|Sludge Wave|p2a: Hatterene
|-supereffective|p2a: Hatterene
|-damage|p2a: Hatterene|0 fnt
|faint|p2a: Hatterene
|
|upkeep
|
|t:|1760719422
|switch|p2a: Heatran|Heatran, F|67/100
|turn|17
|
|t:|1760719430
|switch|p1a: Houndoom|Houndoom, F|100/100
|move|p2a: Heatran|Stealth Rock|p1a: Houndoom
|-sidestart|p1: jxrx|move: Stealth Rock
|
|upkeep
|turn|18
|
|t:|1760719439
|switch|p2a: Iron Valiant|Iron Valiant|100/100
|move|p1a: Houndoom|Dark Pulse|p2a: Iron Valiant
|-resisted|p2a: Iron Valiant
|-damage|p2a: Iron Valiant|81/100
|
|upkeep
|turn|19
|
|t:|1760719447
|move|p2a: Iron Valiant|Trick|p1a: Houndoom
|-activate|p2a: Iron Valiant|move: Trick|[of] p1a: Houndoom
|-item|p1a: Houndoom|Choice Scarf|[from] move: Trick
|-item|p2a: Iron Valiant|Focus Sash|[from] move: Trick
|move|p1a: Houndoom|Flamethrower|p2a: Iron Valiant
|-damage|p2a: Iron Valiant|0 fnt
|faint|p2a: Iron Valiant
|-end|p2a: Iron Valiant|Quark Drive|[silent]
|
|upkeep
|
|t:|1760719463
|switch|p2a: Heatran|Heatran, F|67/100
|turn|20
|
|t:|1760719468
|switch|p1a: Pachirisu|Pachirisu, M|34/100
|-damage|p1a: Pachirisu|21/100|[from] Stealth Rock
|move|p2a: Heatran|Magma Storm|p1a: Pachirisu|[miss]
|-miss|p2a: Heatran|p1a: Pachirisu
|
|upkeep
|turn|21
|
|t:|1760719476
|switch|p2a: Glimmora|Glimmora, F|96/100 par
|move|p1a: Pachirisu|Super Fang|p2a: Glimmora
|-damage|p2a: Glimmora|48/100 par
|-activate|p2a: Glimmora|ability: Toxic Debris
|-sidestart|p1: jxrx|move: Toxic Spikes
|
|upkeep
|turn|22
|
|t:|1760719485
|move|p1a: Pachirisu|Endeavor|p2a: Glimmora
|-damage|p2a: Glimmora|22/100 par
|-activate|p2a: Glimmora|ability: Toxic Debris
|-sidestart|p1: jxrx|move: Toxic Spikes
|move|p2a: Glimmora|Sludge Wave|p1a: Pachirisu
|-damage|p1a: Pachirisu|0 fnt
|faint|p1a: Pachirisu
|
|upkeep
|
|t:|1760719491
|switch|p1a: Gyarados|Gyarados, M|100/100
|-damage|p1a: Gyarados|76/100|[from] Stealth Rock
|turn|23
|
|t:|1760719498
|move|p1a: Gyarados|Dragon Dance|p1a: Gyarados
|-boost|p1a: Gyarados|atk|1
|-boost|p1a: Gyarados|spe|1
|move|p2a: Glimmora|Power Gem|p1a: Gyarados
|-supereffective|p1a: Gyarados
|-damage|p1a: Gyarados|0 fnt
|faint|p1a: Gyarados
|
|upkeep
|
|t:|1760719511
|switch|p1a: Great Tusk|Great Tusk|100/100
|turn|24
|
|t:|1760719524
|move|p1a: Great Tusk|Rapid Spin|p2a: Glimmora
|-resisted|p2a: Glimmora
|-damage|p2a: Glimmora|14/100 par
|-boost|p1a: Great Tusk|spe|1
|-sideend|p1: jxrx|Toxic Spikes|[from] move: Rapid Spin|[of] p1a: Great Tusk
|-sideend|p1: jxrx|Stealth Rock|[from] move: Rapid Spin|[of] p1a: Great Tusk
|move|p2a: Glimmora|Mortal Spin|p1a: Great Tusk
|-resisted|p1a: Great Tusk
|-damage|p1a: Great Tusk|99/100
|-status|p1a: Great Tusk|psn
|
|-damage|p1a: Great Tusk|87/100 psn|[from] psn
|upkeep
|turn|25
|
|t:|1760719533
|move|p1a: Great Tusk|Body Press|p2a: Glimmora
|-damage|p2a: Glimmora|0 fnt
|-activate|p2a: Glimmora|ability: Toxic Debris
|-sidestart|p1: jxrx|move: Toxic Spikes
|faint|p2a: Glimmora
|
|-damage|p1a: Great Tusk|74/100 psn|[from] psn
|upkeep
|
|t:|1760719562
|switch|p2a: Mamoswine|Mamoswine, M|90/100
|turn|26
|
|t:|1760719585
|move|p1a: Great Tusk|Body Press|p2a: Mamoswine
|-supereffective|p2a: Mamoswine
|-damage|p2a: Mamoswine|0 fnt
|faint|p2a: Mamoswine
|
|-damage|p1a: Great Tusk|62/100 psn|[from] psn
|upkeep
|-message|Aceitope forfeited.
|
|win|jxrx
|raw|jxrx's rating: 1373 &rarr; <strong>1391</strong><br />(+18 for winning)
|raw|Aceitope's rating: 1345 &rarr; <strong>1327</strong><br />(-18 for losing)
|l|☆Aceitope
|player|p2|
|l|☆jxrx
|player|p1|
