|j|☆carbonlifeformmeme
|j|☆monkeling
|t:|1760848806
|gametype|singles
|player|p1|carbonlifeformmeme|266|1450
|player|p2|monkeling|ash|1473
|gen|9
|tier|[Gen 9] OU
|rated|
|rule|HP Percentage Mod: HP is shown in percentages
|rule|Endless Battle Clause: Forcing endless battles is banned
|rule|Species Clause: Limit one of each Pokémon
|rule|OHKO Clause: OHKO moves are banned
|rule|Evasion Items Clause: Evasion items are banned
|rule|Evasion Moves Clause: Evasion moves are banned
|rule|Evasion Abilities Clause: Evasion abilities are banned
|rule|Sleep Moves Clause: Sleep-inducing moves are banned
|clearpoke
|poke|p1|Iron Hands|
|poke|p1|Alomomola, F|
|poke|p1|Hatterene, F|
|poke|p1|Cinderace, M|
|poke|p1|Deoxys-Speed|
|poke|p1|Dragonite, M|
|poke|p2|Ting-Lu|
|poke|p2|Dondozo, M|
|poke|p2|Corviknight, M|
|poke|p2|Great Tusk|
|poke|p2|Dragonite, M|
|poke|p2|Slowking-Galar, F|
|teampreview
|inactive|Battle timer is ON: inactive players will automatically lose when time's up. (requested by monkeling)
|
|t:|1760848823
|teamsize|p1|6
|teamsize|p2|6
|start
|switch|p1a: Hatterene|Hatterene, F|100/100
|switch|p2a: Ting-Lu|Ting-Lu|100/100
|-ability|p2a: Ting-Lu|Vessel of Ruin
|turn|1
|c|☆carbonlifeformmeme|glhf
|
|t:|1760848838
|move|p1a: Hatterene|Draining Kiss|p2a: Ting-Lu
|-supereffective|p2a: Ting-Lu
|-damage|p2a: Ting-Lu|80/100
|move|p2a: Ting-Lu|Ruination|p1a: Hatterene|[miss]
|-miss|p2a: Ting-Lu|p1a: Hatterene
|
|upkeep
|turn|2
|
|t:|1760848854
|switch|p1a: Iron Hands|Iron Hands|100/100
|switch|p2a: Corviknight|Corviknight, M|100/100
|-ability|p2a: Corviknight|Pressure
|
|upkeep
|turn|3
|
|t:|1760848864
|switch|p2a: Great Tusk|Great Tusk|100/100
|move|p1a: Iron Hands|Swords Dance|p1a: Iron Hands
|-boost|p1a: Iron Hands|atk|2
|
|upkeep
|turn|4
|
|t:|1760848869
|move|p2a: Great Tusk|Earthquake|p1a: Iron Hands
|-supereffective|p1a: Iron Hands
|-enditem|p1a: Iron Hands|Shuca Berry|[eat]
|-enditem|p1a: Iron Hands|Shuca Berry|[weaken]
|-damage|p1a: Iron Hands|74/100
|move|p1a: Iron Hands|Ice Punch|p2a: Great Tusk
|-supereffective|p2a: Great Tusk
|-damage|p2a: Great Tusk|51/100
|
|upkeep
|turn|5
|
|t:|1760848880
|-end|p1a: Iron Hands|Quark Drive|[silent]
|switch|p1a: Alomomola|Alomomola, F|100/100
|move|p2a: Great Tusk|Earthquake|p1a: Alomomola
|-crit|p1a: Alomomola
|-damage|p1a: Alomomola|63/100
|
|upkeep
|turn|6
|
|t:|1760848886
|move|p2a: Great Tusk|Stealth Rock|p1a: Alomomola
|-sidestart|p1: carbonlifeformmeme|move: Stealth Rock
|move|p1a: Alomomola|Flip Turn|p2a: Great Tusk
|-supereffective|p2a: Great Tusk
|-damage|p2a: Great Tusk|36/100
|
|t:|1760848890
|switch|p1a: Hatterene|Hatterene, F|100/100|[from] Flip Turn
|-damage|p1a: Hatterene|88/100|[from] Stealth Rock
|
|-heal|p1a: Hatterene|94/100|[from] item: Leftovers
|upkeep
|turn|7
|
|t:|1760848897
|-end|p2a: Great Tusk|Protosynthesis|[silent]
|switch|p2a: Corviknight|Corviknight, M|100/100
|-ability|p2a: Corviknight|Pressure
|move|p1a: Hatterene|Psychic Noise|p2a: Corviknight
|-resisted|p2a: Corviknight
|-damage|p2a: Corviknight|84/100
|-start|p2a: Corviknight|move: Heal Block
|
|-heal|p1a: Hatterene|99/100|[from] item: Leftovers
|upkeep
|turn|8
|
|t:|1760848908
|switch|p2a: Ting-Lu|Ting-Lu|80/100
|-ability|p2a: Ting-Lu|Vessel of Ruin
|switch|p1a: Alomomola|Alomomola, F|96/100
|-damage|p1a: Alomomola|83/100|[from] Stealth Rock
|
|upkeep
|turn|9
|
|t:|1760848918
|move|p2a: Ting-Lu|Ruination|p1a: Alomomola
|-damage|p1a: Alomomola|42/100
|move|p1a: Alomomola|Wish|p1a: Alomomola
|
|upkeep
|turn|10
|
|t:|1760848925
|move|p2a: Ting-Lu|Earthquake|p1a: Alomomola
|-damage|p1a: Alomomola|19/100
|move|p1a: Alomomola|Flip Turn|p2a: Ting-Lu
|-supereffective|p2a: Ting-Lu
|-damage|p2a: Ting-Lu|62/100
|
|t:|1760848931
|switch|p1a: Iron Hands|Iron Hands|74/100|[from] Flip Turn
|-damage|p1a: Iron Hands|67/100|[from] Stealth Rock
|
|-heal|p1a: Iron Hands|100/100|[from] move: Wish|[wisher] Alomomola
|upkeep
|turn|11
|
|t:|1760848942
|move|p1a: Iron Hands|Drain Punch|p2a: Ting-Lu
|-supereffective|p2a: Ting-Lu
|-damage|p2a: Ting-Lu|15/100
|move|p2a: Ting-Lu|Earthquake|p1a: Iron Hands
|-supereffective|p1a: Iron Hands
|-damage|p1a: Iron Hands|52/100
|
|upkeep
|turn|12
|
|t:|1760848950
|switch|p2a: Great Tusk|Great Tusk|36/100
|move|p1a: Iron Hands|Drain Punch|p2a: Great Tusk
|-damage|p2a: Great Tusk|17/100
|-heal|p1a: Iron Hands|61/100|[from] drain|[of] p2a: Great Tusk
|
|upkeep
|turn|13
|
|t:|1760848962
|-end|p1a: Iron Hands|Quark Drive|[silent]
|switch|p1a: Hatterene|Hatterene, F|99/100
|-damage|p1a: Hatterene|88/100|[from] Stealth Rock
|move|p2a: Great Tusk|Earthquake|p1a: Hatterene
|-damage|p1a: Hatterene|47/100
|
|-heal|p1a: Hatterene|53/100|[from] item: Leftovers
|upkeep
|turn|14
|
|t:|1760848981
|-end|p2a: Great Tusk|Protosynthesis|[silent]
|switch|p2a: Corviknight|Corviknight, M|84/100
|-ability|p2a: Corviknight|Pressure
|move|p1a: Hatterene|Psychic Noise|p2a: Corviknight
|-resisted|p2a: Corviknight
|-damage|p2a: Corviknight|67/100
|-start|p2a: Corviknight|move: Heal Block
|
|-heal|p1a: Hatterene|59/100|[from] item: Leftovers
|upkeep
|turn|15
|
|t:|1760848991
|switch|p1a: Alomomola|Alomomola, F|52/100
|-damage|p1a: Alomomola|40/100|[from] Stealth Rock
|move|p2a: Corviknight|Brave Bird|p1a: Alomomola
|-damage|p1a: Alomomola|18/100
|-damage|p2a: Corviknight|50/100|[from] item: Rocky Helmet|[of] p1a: Alomomola
|-damage|p2a: Corviknight|41/100|[from] Recoil
|
|-end|p2a: Corviknight|move: Heal Block
|upkeep
|turn|16
|
|t:|1760849007
|move|p1a: Alomomola|Endure|p1a: Alomomola
|-singleturn|p1a: Alomomola|move: Endure
|move|p2a: Corviknight|Brave Bird|p1a: Alomomola
|-crit|p1a: Alomomola
|-activate|p1a: Alomomola|move: Endure
|-damage|p1a: Alomomola|1/100
|-damage|p2a: Corviknight|24/100|[from] item: Rocky Helmet|[of] p1a: Alomomola
|-damage|p2a: Corviknight|17/100|[from] Recoil
|
|-heal|p2a: Corviknight|23/100|[from] item: Leftovers
|upkeep
|turn|17
|
|t:|1760849018
|switch|p1a: Cinderace|Cinderace, M|100/100
|move|p2a: Corviknight|Brave Bird|p1a: Cinderace
|-damage|p1a: Cinderace|57/100
|-damage|p2a: Corviknight|10/100|[from] Recoil
|
|-heal|p2a: Corviknight|16/100|[from] item: Leftovers
|upkeep
|turn|18
|
|t:|1760849031
|move|p1a: Cinderace|Court Change|p1a: Cinderace
|-start|p1a: Cinderace|typechange|Normal|[from] ability: Libero
|-swapsideconditions
|-activate|p1a: Cinderace|move: Court Change
|move|p2a: Corviknight|Roost|p2a: Corviknight
|-heal|p2a: Corviknight|66/100
|-singleturn|p2a: Corviknight|move: Roost
|
|-heal|p2a: Corviknight|72/100|[from] item: Leftovers
|upkeep
|turn|19
|
|t:|1760849049
|switch|p2a: Dondozo|Dondozo, M|100/100
|move|p1a: Cinderace|U-turn|p2a: Dondozo
|-damage|p2a: Dondozo|93/100
|
|t:|1760849055
|switch|p1a: Alomomola|Alomomola, F|34/100|[from] U-turn
|
|upkeep
|turn|20
|
|t:|1760849083
|switch|p2a: Dragonite|Dragonite, M|100/100
|move|p1a: Alomomola|Flip Turn|p2a: Dragonite
|-resisted|p2a: Dragonite
|-damage|p2a: Dragonite|97/100
|
|t:|1760849094
|switch|p1a: Deoxys|Deoxys-Speed|100/100|[from] Flip Turn
|-ability|p1a: Deoxys|Pressure
|
|upkeep
|turn|21
|
|t:|1760849104
|move|p1a: Deoxys|Ice Beam|p2a: Dragonite
|-supereffective|p2a: Dragonite
|-damage|p2a: Dragonite|5/100
|-damage|p1a: Deoxys|91/100|[from] item: Life Orb
|move|p2a: Dragonite|Dragon Dance|p2a: Dragonite
|-boost|p2a: Dragonite|atk|1
|-boost|p2a: Dragonite|spe|1
|
|upkeep
|turn|22
|
|t:|1760849116
|switch|p2a: Slowking|Slowking-Galar, F|100/100
|move|p1a: Deoxys|Ice Beam|p2a: Slowking
|-damage|p2a: Slowking|83/100
|-damage|p1a: Deoxys|81/100|[from] item: Life Orb
|
|upkeep
|turn|23
|
|t:|1760849124
|switch|p1a: Alomomola|Alomomola, F|67/100
|move|p2a: Slowking|Sludge Wave|p1a: Alomomola
|-damage|p1a: Alomomola|31/100
|-status|p1a: Alomomola|psn
|
|-damage|p1a: Alomomola|19/100 psn|[from] psn
|upkeep
|turn|24
|
|t:|1760849133
|move|p1a: Alomomola|Flip Turn|p2a: Slowking
|-crit|p2a: Slowking
|-damage|p2a: Slowking|59/100
|
|t:|1760849137
|switch|p1a: Cinderace|Cinderace, M|57/100|[from] Flip Turn
|move|p2a: Slowking|Future Sight|p1a: Cinderace
|-start|p2a: Slowking|move: Future Sight
|
|upkeep
|turn|25
|
|t:|1760849144
|switch|p2a: Dondozo|Dondozo, M|93/100
|move|p1a: Cinderace|U-turn|p2a: Dondozo
|-start|p1a: Cinderace|typechange|Bug|[from] ability: Libero
|-damage|p2a: Dondozo|81/100
|
|t:|1760849150
|switch|p1a: Deoxys|Deoxys-Speed|81/100|[from] U-turn
|-ability|p1a: Deoxys|Pressure
|
|upkeep
|turn|26
|
|t:|1760849158
|switch|p2a: Slowking|Slowking-Galar, F|92/100
|move|p1a: Deoxys|Psycho Boost|p2a: Slowking
|-damage|p2a: Slowking|48/100
|-unboost|p1a: Deoxys|spa|2
|-damage|p1a: Deoxys|71/100|[from] item: Life Orb
|
|-end|p1a: Deoxys|move: Future Sight
|-resisted|p1a: Deoxys
|-damage|p1a: Deoxys|42/100
|upkeep
|turn|27
|
|t:|1760849172
|switch|p1a: Cinderace|Cinderace, M|57/100
|-prepare|p2a: Slowking|Chilly Reception|[premajor]
|move|p2a: Slowking|Chilly Reception|p2a: Slowking
|-weather|Snowscape
|
|t:|1760849181
|switch|p2a: Dondozo|Dondozo, M|81/100|[from] Chilly Reception
|
|-weather|Snowscape|[upkeep]
|upkeep
|turn|28
|
|t:|1760849188
|move|p1a: Cinderace|U-turn|p2a: Dondozo
|-start|p1a: Cinderace|typechange|Bug|[from] ability: Libero
|-damage|p2a: Dondozo|68/100
|
|t:|1760849192
|switch|p1a: Alomomola|Alomomola, F|52/100 psn|[from] U-turn
|move|p2a: Dondozo|Waterfall|p1a: Alomomola
|-resisted|p1a: Alomomola
|-damage|p1a: Alomomola|44/100 psn
|-damage|p2a: Dondozo|52/100|[from] item: Rocky Helmet|[of] p1a: Alomomola
|
|-weather|Snowscape|[upkeep]
|-damage|p1a: Alomomola|31/100 psn|[from] psn
|upkeep
|turn|29
|
|t:|1760849201
|move|p1a: Alomomola|Flip Turn|p2a: Dondozo
|-resisted|p2a: Dondozo
|-damage|p2a: Dondozo|48/100
|
|t:|1760849205
|switch|p1a: Hatterene|Hatterene, F|59/100|[from] Flip Turn
|move|p2a: Dondozo|Rest|p2a: Dondozo
|-status|p2a: Dondozo|slp|[from] move: Rest
|-heal|p2a: Dondozo|100/100 slp|[silent]
|
|-weather|Snowscape|[upkeep]
|-heal|p1a: Hatterene|65/100|[from] item: Leftovers
|upkeep
|turn|30
|
|t:|1760849219
|switch|p2a: Slowking|Slowking-Galar, F|81/100
|move|p1a: Hatterene|Psychic Noise|p2a: Slowking
|-damage|p2a: Slowking|62/100
|-start|p2a: Slowking|move: Heal Block
|
|-weather|Snowscape|[upkeep]
|-heal|p1a: Hatterene|71/100|[from] item: Leftovers
|upkeep
|turn|31
|
|t:|1760849234
|switch|p1a: Dragonite|Dragonite, M|100/100
|move|p2a: Slowking|Sludge Wave|p1a: Dragonite
|-damage|p1a: Dragonite|82/100
|
|-weather|none
|-end|p2a: Slowking|move: Heal Block
|upkeep
|turn|32
|
|t:|1760849245
|switch|p2a: Corviknight|Corviknight, M|72/100
|-damage|p2a: Corviknight|60/100|[from] Stealth Rock
|-ability|p2a: Corviknight|Pressure
|-terastallize|p1a: Dragonite|Flying
|move|p1a: Dragonite|Tera Blast|p2a: Corviknight|[anim] Tera Blast Flying
|-resisted|p2a: Corviknight
|-damage|p2a: Corviknight|34/100
|
|-heal|p2a: Corviknight|40/100|[from] item: Leftovers
|upkeep
|turn|33
|
|t:|1760849262
|switch|p1a: Cinderace|Cinderace, M|57/100
|move|p2a: Corviknight|Roost|p2a: Corviknight
|-heal|p2a: Corviknight|90/100
|-singleturn|p2a: Corviknight|move: Roost
|
|-heal|p2a: Corviknight|96/100|[from] item: Leftovers
|upkeep
|turn|34
|
|t:|1760849271
|switch|p2a: Dondozo|Dondozo, M|100/100 slp
|move|p1a: Cinderace|U-turn|p2a: Dondozo
|-start|p1a: Cinderace|typechange|Bug|[from] ability: Libero
|-damage|p2a: Dondozo|89/100 slp
|
|t:|1760849277
|switch|p1a: Alomomola|Alomomola, F|64/100 psn|[from] U-turn
|
|-damage|p1a: Alomomola|52/100 psn|[from] psn
|upkeep
|turn|35
|
|t:|1760849287
|switch|p2a: Slowking|Slowking-Galar, F|96/100
|move|p1a: Alomomola|Wish|p1a: Alomomola
|
|-damage|p1a: Alomomola|40/100 psn|[from] psn
|upkeep
|turn|36
|
|t:|1760849307
|switch|p1a: Cinderace|Cinderace, M|57/100
|move|p2a: Slowking|Toxic|p1a: Cinderace
|-status|p1a: Cinderace|tox
|
|-heal|p1a: Cinderace|100/100 tox|[from] move: Wish|[wisher] Alomomola
|-damage|p1a: Cinderace|94/100 tox|[from] psn
|upkeep
|turn|37
|
|t:|1760849325
|move|p1a: Cinderace|U-turn|p2a: Slowking
|-start|p1a: Cinderace|typechange|Bug|[from] ability: Libero
|-damage|p2a: Slowking|65/100
|
|t:|1760849331
|switch|p1a: Iron Hands|Iron Hands|61/100|[from] U-turn
|-prepare|p2a: Slowking|Chilly Reception|[premajor]
|move|p2a: Slowking|Chilly Reception|p2a: Slowking
|-weather|Snowscape
|
|t:|1760849338
|switch|p2a: Great Tusk|Great Tusk|17/100|[from] Chilly Reception
|
|-weather|Snowscape|[upkeep]
|upkeep
|turn|38
|
|t:|1760849351
|-end|p1a: Iron Hands|Quark Drive|[silent]
|switch|p1a: Hatterene|Hatterene, F|71/100
|move|p2a: Great Tusk|Earthquake|p1a: Hatterene
|-damage|p1a: Hatterene|32/100
|
|-weather|Snowscape|[upkeep]
|-heal|p1a: Hatterene|38/100|[from] item: Leftovers
|upkeep
|turn|39
|
|t:|1760849361
|move|p2a: Great Tusk|Earthquake|p1a: Hatterene
|-damage|p1a: Hatterene|0 fnt
|faint|p1a: Hatterene
|
|-weather|Snowscape|[upkeep]
|upkeep
|
|t:|1760849373
|switch|p1a: Cinderace|Cinderace, M|94/100 tox
|turn|40
|
|t:|1760849378
|-end|p2a: Great Tusk|Protosynthesis|[silent]
|switch|p2a: Dondozo|Dondozo, M|89/100 slp
|move|p1a: Cinderace|Pyro Ball|p2a: Dondozo|[miss]
|-miss|p1a: Cinderace|p2a: Dondozo
|
|-weather|Snowscape|[upkeep]
|-damage|p1a: Cinderace|88/100 tox|[from] psn
|upkeep
|turn|41
|
|t:|1760849385
|move|p1a: Cinderace|U-turn|p2a: Dondozo
|-start|p1a: Cinderace|typechange|Bug|[from] ability: Libero
|-damage|p2a: Dondozo|76/100 slp
|
|t:|1760849389
|switch|p1a: Alomomola|Alomomola, F|73/100 psn|[from] U-turn
|cant|p2a: Dondozo|slp
|
|-weather|none
|-damage|p1a: Alomomola|60/100 psn|[from] psn
|upkeep
|turn|42
|
|t:|1760849396
|move|p1a: Alomomola|Wish|p1a: Alomomola
|cant|p2a: Dondozo|slp
|
|-damage|p1a: Alomomola|48/100 psn|[from] psn
|upkeep
|turn|43
|
|t:|1760849402
|move|p1a: Alomomola|Flip Turn|p2a: Dondozo
|-resisted|p2a: Dondozo
|-damage|p2a: Dondozo|73/100 slp
|
|t:|1760849405
|switch|p1a: Iron Hands|Iron Hands|61/100|[from] Flip Turn
|-curestatus|p2a: Dondozo|slp|[msg]
|move|p2a: Dondozo|Curse|p2a: Dondozo
|-unboost|p2a: Dondozo|spe|1
|-boost|p2a: Dondozo|atk|1
|-boost|p2a: Dondozo|def|1
|
|-heal|p1a: Iron Hands|100/100|[from] move: Wish|[wisher] Alomomola
|upkeep
|turn|44
|
|t:|1760849416
|move|p1a: Iron Hands|Drain Punch|p2a: Dondozo
|-damage|p2a: Dondozo|61/100
|move|p2a: Dondozo|Curse|p2a: Dondozo
|-unboost|p2a: Dondozo|spe|1
|-boost|p2a: Dondozo|atk|1
|-boost|p2a: Dondozo|def|1
|
|upkeep
|turn|45
|
|t:|1760849423
|-end|p1a: Iron Hands|Quark Drive|[silent]
|switch|p1a: Alomomola|Alomomola, F|81/100 psn
|move|p2a: Dondozo|Curse|p2a: Dondozo
|-unboost|p2a: Dondozo|spe|1
|-boost|p2a: Dondozo|atk|1
|-boost|p2a: Dondozo|def|1
|
|-damage|p1a: Alomomola|69/100 psn|[from] psn
|upkeep
|turn|46
|
|t:|1760849444
|move|p1a: Alomomola|Wish|p1a: Alomomola
|move|p2a: Dondozo|Rest|p2a: Dondozo
|-status|p2a: Dondozo|slp|[from] move: Rest
|-heal|p2a: Dondozo|100/100 slp|[silent]
|
|-damage|p1a: Alomomola|56/100 psn|[from] psn
|upkeep
|turn|47
|
|t:|1760849450
|move|p1a: Alomomola|Flip Turn|p2a: Dondozo
|-resisted|p2a: Dondozo
|-damage|p2a: Dondozo|99/100 slp
|
|t:|1760849454
|switch|p1a: Deoxys|Deoxys-Speed|42/100|[from] Flip Turn
|-ability|p1a: Deoxys|Pressure
|cant|p2a: Dondozo|slp
|
|-heal|p1a: Deoxys|100/100|[from] move: Wish|[wisher] Alomomola
|upkeep
|turn|48
|
|t:|1760849464
|move|p1a: Deoxys|Nasty Plot|p1a: Deoxys
|-boost|p1a: Deoxys|spa|2
|cant|p2a: Dondozo|slp
|
|upkeep
|turn|49
|
|t:|1760849470
|move|p1a: Deoxys|Psycho Boost|p2a: Dondozo
|-damage|p2a: Dondozo|20/100 slp
|-unboost|p1a: Deoxys|spa|2
|-damage|p1a: Deoxys|91/100|[from] item: Life Orb
|-curestatus|p2a: Dondozo|slp|[msg]
|move|p2a: Dondozo|Waterfall|p1a: Deoxys
|-damage|p1a: Deoxys|0 fnt
|faint|p1a: Deoxys
|
|upkeep
|
|t:|1760849480
|switch|p1a: Dragonite|Dragonite, M, tera:Flying|82/100
|turn|50
|
|t:|1760849484
|move|p1a: Dragonite|Tera Blast|p2a: Dondozo|[anim] Tera Blast Flying
|-damage|p2a: Dondozo|5/100
|move|p2a: Dondozo|Rest|p2a: Dondozo
|-status|p2a: Dondozo|slp|[from] move: Rest
|-heal|p2a: Dondozo|100/100 slp|[silent]
|
|upkeep
|turn|51
|c|☆carbonlifeformmeme|ggs
|-message|carbonlifeformmeme forfeited.
|
|win|monkeling
|raw|carbonlifeformmeme's rating: 1450 &rarr; <strong>1431</strong><br />(-19 for losing)
|raw|monkeling's rating: 1473 &rarr; <strong>1492</strong><br />(+19 for winning)
|l|☆carbonlifeformmeme
|player|p1|
|l|☆monkeling
|player|p2|
