|j|☆ANNIMI
|j|☆lalololole
|t:|1760766291
|gametype|singles
|player|p1|ANNIMI|rosa|1070
|player|p2|lalololole|unknownf|1138
|gen|9
|tier|[Gen 9] OU
|rated|
|rule|HP Percentage Mod: HP is shown in percentages
|rule|Endless Battle Clause: Forcing endless battles is banned
|rule|Species Clause: Limit one of each Pokémon
|rule|OHKO Clause: OHKO moves are banned
|rule|Evasion Items Clause: Evasion items are banned
|rule|Evasion Moves Clause: Evasion moves are banned
|rule|Evasion Abilities Clause: Evasion abilities are banned
|rule|Sleep Moves Clause: Sleep-inducing moves are banned
|clearpoke
|poke|p1|Tyranitar, M|
|poke|p1|Metagross|
|poke|p1|Ursaluna, F|
|poke|p1|Reuniclus, M|
|poke|p1|Bronzong|
|poke|p1|Conkeldurr, F|
|poke|p2|Clefable, M|
|poke|p2|Garchomp, F|
|poke|p2|Ceruledge, M|
|poke|p2|Empoleon, F|
|poke|p2|Froslass, F|
|poke|p2|Fezandipiti, M|
|teampreview
|inactive|Battle timer is ON: inactive players will automatically lose when time's up. (requested by lalololole)
|
|t:|1760766368
|teamsize|p1|6
|teamsize|p2|6
|start
|switch|p1a: Tyranitar|Tyranitar, M|100/100
|switch|p2a: Empoleon|Empoleon, F|100/100
|-weather|Sandstorm|[from] ability: Sand Stream|[of] p1a: Tyranitar
|-item|p2a: Empoleon|Air Balloon
|turn|1
|
|t:|1760766383
|switch|p1a: Metagross|Metagross|100/100
|move|p2a: Empoleon|Surf|p1a: Metagross
|-damage|p1a: Metagross|54/100
|
|-weather|Sandstorm|[upkeep]
|upkeep
|turn|2
|
|t:|1760766406
|move|p1a: Metagross|Stealth Rock|p2a: Empoleon
|-sidestart|p2: lalololole|move: Stealth Rock
|move|p2a: Empoleon|Surf|p1a: Metagross
|-damage|p1a: Metagross|7/100
|
|-weather|Sandstorm|[upkeep]
|upkeep
|turn|3
|-enditem|p1a: Metagross|Custap Berry|[eat]
|-activate|p1a: Metagross|item: Custap Berry|[consumed]
|
|t:|1760766414
|move|p1a: Metagross|Explosion|p2a: Empoleon
|-resisted|p2a: Empoleon
|-damage|p2a: Empoleon|53/100
|-enditem|p2a: Empoleon|Air Balloon
|faint|p1a: Metagross
|move|p2a: Empoleon|Surf|p1: Metagross|[notarget]
|-fail|p2a: Empoleon
|
|-weather|Sandstorm|[upkeep]
|upkeep
|
|t:|1760766427
|switch|p1a: Bronzong|Bronzong|100/100
|turn|4
|
|t:|1760766431
|move|p2a: Empoleon|Surf|p1a: Bronzong
|-damage|p1a: Bronzong|61/100
|move|p1a: Bronzong|Trick Room|p1a: Bronzong
|-fieldstart|move: Trick Room|[of] p1a: Bronzong
|
|-weather|Sandstorm|[upkeep]
|upkeep
|turn|5
|
|t:|1760766438
|move|p1a: Bronzong|Body Press|p2a: Empoleon
|-supereffective|p2a: Empoleon
|-damage|p2a: Empoleon|0 fnt
|faint|p2a: Empoleon
|
|-weather|Sandstorm|[upkeep]
|upkeep
|
|t:|1760766454
|switch|p2a: Ceruledge|Ceruledge, M|100/100
|turn|6
|
|t:|1760766461
|move|p1a: Bronzong|Weather Ball|p2a: Ceruledge
|-supereffective|p2a: Ceruledge
|-damage|p2a: Ceruledge|59/100
|move|p2a: Ceruledge|Swords Dance|p2a: Ceruledge
|-boost|p2a: Ceruledge|atk|2
|
|-weather|Sandstorm|[upkeep]
|-damage|p2a: Ceruledge|53/100|[from] Sandstorm
|upkeep
|turn|7
|
|t:|1760766471
|move|p2a: Ceruledge|Shadow Sneak|p1a: Bronzong
|-supereffective|p1a: Bronzong
|-damage|p1a: Bronzong|0 fnt
|-damage|p2a: Ceruledge|37/100|[from] item: Rocky Helmet|[of] p1a: Bronzong
|faint|p1a: Bronzong
|
|-weather|Sandstorm|[upkeep]
|-damage|p2a: Ceruledge|30/100|[from] Sandstorm
|upkeep
|
|t:|1760766480
|switch|p1a: Tyranitar|Tyranitar, M|100/100
|turn|8
|
|t:|1760766484
|move|p2a: Ceruledge|Bitter Blade|p1a: Tyranitar
|-resisted|p1a: Tyranitar
|-damage|p1a: Tyranitar|67/100
|-heal|p2a: Ceruledge|52/100|[from] drain|[of] p1a: Tyranitar
|move|p1a: Tyranitar|Dragon Tail|p2a: Ceruledge
|-damage|p2a: Ceruledge|26/100
|-ability|p2a: Ceruledge|Weak Armor|boost
|-unboost|p2a: Ceruledge|def|1
|-boost|p2a: Ceruledge|spe|2
|drag|p2a: Fezandipiti|Fezandipiti, M|100/100
|-damage|p2a: Fezandipiti|88/100|[from] Stealth Rock
|
|-weather|none
|-fieldend|move: Trick Room
|upkeep
|turn|9
|
|t:|1760766508
|switch|p1a: Ursaluna|Ursaluna, F|100/100
|-terastallize|p2a: Fezandipiti|Normal
|move|p2a: Fezandipiti|Swords Dance|p2a: Fezandipiti
|-boost|p2a: Fezandipiti|atk|2
|
|-status|p1a: Ursaluna|brn|[from] item: Flame Orb
|upkeep
|turn|10
|
|t:|1760766519
|move|p2a: Fezandipiti|Tail Slap|p1a: Ursaluna
|-damage|p1a: Ursaluna|85/100 brn
|-damage|p1a: Ursaluna|70/100 brn
|-damage|p1a: Ursaluna|56/100 brn
|-damage|p1a: Ursaluna|42/100 brn
|-damage|p1a: Ursaluna|26/100 brn
|-hitcount|p1a: Ursaluna|5
|move|p1a: Ursaluna|Close Combat|p2a: Fezandipiti
|-supereffective|p2a: Fezandipiti
|-damage|p2a: Fezandipiti|0 fnt
|-unboost|p1a: Ursaluna|def|1
|-unboost|p1a: Ursaluna|spd|1
|faint|p2a: Fezandipiti
|
|-damage|p1a: Ursaluna|20/100 brn|[from] brn
|upkeep
|
|t:|1760766532
|switch|p2a: Froslass|Froslass, F|100/100
|-damage|p2a: Froslass|76/100|[from] Stealth Rock
|turn|11
|
|t:|1760766540
|switch|p1a: Tyranitar|Tyranitar, M|67/100
|-weather|Sandstorm|[from] ability: Sand Stream|[of] p1a: Tyranitar
|move|p2a: Froslass|Frost Breath|p1a: Tyranitar
|-crit|p1a: Tyranitar
|-damage|p1a: Tyranitar|50/100
|
|-weather|Sandstorm|[upkeep]
|-damage|p2a: Froslass|70/100|[from] Sandstorm
|upkeep
|turn|12
|
|t:|1760766553
|move|p2a: Froslass|Destiny Bond|p2a: Froslass
|-singlemove|p2a: Froslass|Destiny Bond
|move|p1a: Tyranitar|Dragon Tail|p2a: Froslass
|-damage|p2a: Froslass|40/100
|drag|p2a: Ceruledge|Ceruledge, M|26/100
|
|-weather|Sandstorm|[upkeep]
|-damage|p2a: Ceruledge|20/100|[from] Sandstorm
|upkeep
|turn|13
|
|t:|1760766565
|move|p2a: Ceruledge|Bitter Blade|p1a: Tyranitar
|-resisted|p1a: Tyranitar
|-damage|p1a: Tyranitar|34/100
|-heal|p2a: Ceruledge|30/100|[from] drain|[of] p1a: Tyranitar
|move|p1a: Tyranitar|Crunch|p2a: Ceruledge
|-supereffective|p2a: Ceruledge
|-damage|p2a: Ceruledge|0 fnt
|faint|p2a: Ceruledge
|
|-weather|Sandstorm|[upkeep]
|upkeep
|
|t:|1760766574
|switch|p2a: Froslass|Froslass, F|40/100
|-damage|p2a: Froslass|15/100|[from] Stealth Rock
|turn|14
|
|t:|1760766580
|switch|p1a: Reuniclus|Reuniclus, M|100/100
|move|p2a: Froslass|Destiny Bond|p2a: Froslass
|-singlemove|p2a: Froslass|Destiny Bond
|
|-weather|Sandstorm|[upkeep]
|-damage|p2a: Froslass|9/100|[from] Sandstorm
|upkeep
|turn|15
|
|t:|1760766589
|move|p2a: Froslass|Hex|p1a: Reuniclus
|-supereffective|p1a: Reuniclus
|-damage|p1a: Reuniclus|50/100
|move|p1a: Reuniclus|Trick Room|p1a: Reuniclus
|-fieldstart|move: Trick Room|[of] p1a: Reuniclus
|
|-weather|Sandstorm|[upkeep]
|-damage|p2a: Froslass|3/100|[from] Sandstorm
|upkeep
|turn|16
|
|t:|1760766597
|move|p1a: Reuniclus|Shadow Ball|p2a: Froslass
|-supereffective|p2a: Froslass
|-damage|p2a: Froslass|0 fnt
|-start|p1a: Reuniclus|Disable|Shadow Ball|[from] ability: Cursed Body|[of] p2a: Froslass
|faint|p2a: Froslass
|-damage|p1a: Reuniclus|40/100|[from] item: Life Orb
|
|-weather|Sandstorm|[upkeep]
|upkeep
|
|t:|1760766608
|switch|p2a: Clefable|Clefable, M|100/100
|-damage|p2a: Clefable|88/100|[from] Stealth Rock
|turn|17
|
|t:|1760766613
|-terastallize|p1a: Reuniclus|Psychic
|move|p1a: Reuniclus|Psychic|p2a: Clefable
|-damage|p2a: Clefable|11/100
|-damage|p1a: Reuniclus|31/100|[from] item: Life Orb
|move|p2a: Clefable|Calm Mind|p2a: Clefable
|-boost|p2a: Clefable|spa|1
|-boost|p2a: Clefable|spd|1
|
|-weather|Sandstorm|[upkeep]
|-damage|p2a: Clefable|5/100|[from] Sandstorm
|-heal|p2a: Clefable|11/100|[from] item: Leftovers
|upkeep
|turn|18
|
|t:|1760766626
|move|p1a: Reuniclus|Psychic|p2a: Clefable
|-damage|p2a: Clefable|0 fnt
|faint|p2a: Clefable
|-damage|p1a: Reuniclus|21/100|[from] item: Life Orb
|
|-weather|none
|upkeep
|
|t:|1760766630
|switch|p2a: Garchomp|Garchomp, F|100/100
|-damage|p2a: Garchomp|94/100|[from] Stealth Rock
|turn|19
|
|t:|1760766637
|move|p1a: Reuniclus|Psychic|p2a: Garchomp
|-damage|p2a: Garchomp|35/100
|-damage|p1a: Reuniclus|11/100|[from] item: Life Orb
|move|p2a: Garchomp|Earthquake|p1a: Reuniclus
|-damage|p1a: Reuniclus|0 fnt
|faint|p1a: Reuniclus
|
|-fieldend|move: Trick Room
|upkeep
|
|t:|1760766647
|switch|p1a: Conkeldurr|Conkeldurr, F|100/100
|turn|20
|
|t:|1760766662
|move|p2a: Garchomp|Earthquake|p1a: Conkeldurr
|-damage|p1a: Conkeldurr|49/100
|move|p1a: Conkeldurr|Ice Punch|p2a: Garchomp
|-supereffective|p2a: Garchomp
|-damage|p2a: Garchomp|0 fnt
|-damage|p1a: Conkeldurr|37/100|[from] ability: Rough Skin|[of] p2a: Garchomp
|faint|p2a: Garchomp
|
|win|ANNIMI
|raw|ANNIMI's rating: 1070 &rarr; <strong>1105</strong><br />(+35 for winning)
|raw|lalololole's rating: 1138 &rarr; <strong>1108</strong><br />(-30 for losing)
|l|☆lalololole
|player|p2|
|l|☆ANNIMI
|player|p1|
