|j|☆Testubasinger
|j|☆golden guard 70
|t:|1760846784
|gametype|singles
|player|p1|Testubasinger|1|1417
|player|p2|golden guard 70|1|1395
|gen|9
|tier|[Gen 9] OU
|rated|
|rule|HP Percentage Mod: HP is shown in percentages
|rule|Endless Battle Clause: Forcing endless battles is banned
|rule|Species Clause: Limit one of each Pokémon
|rule|OHKO Clause: OHKO moves are banned
|rule|Evasion Items Clause: Evasion items are banned
|rule|Evasion Moves Clause: Evasion moves are banned
|rule|Evasion Abilities Clause: Evasion abilities are banned
|rule|Sleep Moves Clause: Sleep-inducing moves are banned
|clearpoke
|poke|p1|Kingambit, M|
|poke|p1|Corviknight, F|
|poke|p1|Araquanid, F|
|poke|p1|Polteageist|
|poke|p1|Iron Moth|
|poke|p1|Great Tusk|
|poke|p2|Zamazenta-*|
|poke|p2|Tornadus-Therian, M|
|poke|p2|Iron Treads|
|poke|p2|Iron Valiant|
|poke|p2|Ogerpon-Wellspring, F|
|poke|p2|Heatran, F|
|teampreview
|inactive|Battle timer is ON: inactive players will automatically lose when time's up. (requested by golden guard 70)
|
|t:|1760846794
|teamsize|p1|6
|teamsize|p2|6
|start
|switch|p1a: Araquanid|Araquanid, F|100/100
|switch|p2a: Tornadus|Tornadus-Therian, M|100/100
|turn|1
|
|t:|1760846798
|move|p2a: Tornadus|Bleakwind Storm|p1a: Araquanid
|-supereffective|p1a: Araquanid
|-damage|p1a: Araquanid|39/100
|-unboost|p1a: Araquanid|spe|1
|move|p1a: Araquanid|Sticky Web|p2a: Tornadus
|-sidestart|p2: golden guard 70|move: Sticky Web
|
|upkeep
|turn|2
|
|t:|1760846806
|switch|p1a: Corviknight|Corviknight, F|100/100
|-ability|p1a: Corviknight|Pressure
|move|p2a: Tornadus|Bleakwind Storm|p1a: Corviknight
|-resisted|p1a: Corviknight
|-damage|p1a: Corviknight|83/100
|
|-heal|p1a: Corviknight|89/100|[from] item: Leftovers
|upkeep
|turn|3
|
|t:|1760846812
|move|p2a: Tornadus|Heat Wave|p1a: Corviknight
|-supereffective|p1a: Corviknight
|-damage|p1a: Corviknight|42/100
|move|p1a: Corviknight|Brave Bird|p2a: Tornadus
|-damage|p2a: Tornadus|57/100
|-damage|p1a: Corviknight|30/100|[from] Recoil
|
|-heal|p1a: Corviknight|36/100|[from] item: Leftovers
|upkeep
|turn|4
|
|t:|1760846816
|move|p2a: Tornadus|Heat Wave|p1a: Corviknight
|-supereffective|p1a: Corviknight
|-damage|p1a: Corviknight|0 fnt
|faint|p1a: Corviknight
|
|upkeep
|
|t:|1760846818
|switch|p1a: Iron Moth|Iron Moth|100/100
|-enditem|p1a: Iron Moth|Booster Energy
|-activate|p1a: Iron Moth|ability: Quark Drive|[fromitem]
|-start|p1a: Iron Moth|quarkdrivespa
|turn|5
|
|t:|1760846823
|move|p2a: Tornadus|Bleakwind Storm|p1a: Iron Moth|[miss]
|-miss|p2a: Tornadus|p1a: Iron Moth
|move|p1a: Iron Moth|Fiery Dance|p2a: Tornadus
|-damage|p2a: Tornadus|20/100
|
|upkeep
|turn|6
|
|t:|1760846826
|move|p2a: Tornadus|U-turn|p1a: Iron Moth
|-resisted|p1a: Iron Moth
|-damage|p1a: Iron Moth|95/100
|
|t:|1760846828
|switch|p2a: Heatran|Heatran, F|100/100|[from] U-turn
|move|p1a: Iron Moth|Fiery Dance|p2a: Heatran
|-start|p2a: Heatran|ability: Flash Fire
|
|upkeep
|turn|7
|
|t:|1760846839
|-end|p1a: Iron Moth|Quark Drive|[silent]
|switch|p1a: Great Tusk|Great Tusk|100/100
|move|p2a: Heatran|Earth Power|p1a: Great Tusk
|-damage|p1a: Great Tusk|77/100
|
|upkeep
|turn|8
|
|t:|1760846846
|-end|p2a: Heatran|ability: Flash Fire|[silent]
|switch|p2a: Tornadus|Tornadus-Therian, M|53/100
|-end|p1a: Great Tusk|Protosynthesis|[silent]
|switch|p1a: Araquanid|Araquanid, F|39/100
|
|upkeep
|turn|9
|
|t:|1760846853
|move|p1a: Araquanid|Endure|p1a: Araquanid
|-singleturn|p1a: Araquanid|move: Endure
|move|p2a: Tornadus|Bleakwind Storm|p1a: Araquanid
|-supereffective|p1a: Araquanid
|-activate|p1a: Araquanid|move: Endure
|-damage|p1a: Araquanid|1/100
|
|upkeep
|turn|10
|-enditem|p1a: Araquanid|Custap Berry|[eat]
|-activate|p1a: Araquanid|item: Custap Berry|[consumed]
|
|t:|1760846859
|move|p1a: Araquanid|Surf|p2a: Tornadus
|-damage|p2a: Tornadus|15/100
|move|p2a: Tornadus|U-turn|p1a: Araquanid
|-damage|p1a: Araquanid|0 fnt
|faint|p1a: Araquanid
|
|t:|1760846869
|switch|p2a: Heatran|Heatran, F|100/100|[from] U-turn
|
|upkeep
|
|t:|1760846874
|switch|p1a: Great Tusk|Great Tusk|77/100
|turn|11
|
|t:|1760846881
|-terastallize|p2a: Heatran|Grass
|move|p2a: Heatran|Magma Storm|p1a: Great Tusk
|-damage|p1a: Great Tusk|32/100
|-activate|p1a: Great Tusk|move: Magma Storm|[of] p2a: Heatran
|move|p1a: Great Tusk|Headlong Rush|p2a: Heatran
|-resisted|p2a: Heatran
|-damage|p2a: Heatran|76/100
|-unboost|p1a: Great Tusk|def|1
|-unboost|p1a: Great Tusk|spd|1
|
|-damage|p1a: Great Tusk|20/100|[from] move: Magma Storm|[partiallytrapped]
|upkeep
|turn|12
|
|t:|1760846890
|move|p2a: Heatran|Earth Power|p1a: Great Tusk
|-crit|p1a: Great Tusk
|-damage|p1a: Great Tusk|0 fnt
|faint|p1a: Great Tusk
|-end|p1a: Great Tusk|Protosynthesis|[silent]
|
|upkeep
|
|t:|1760846896
|switch|p1a: Iron Moth|Iron Moth|95/100
|turn|13
|
|t:|1760846910
|move|p1a: Iron Moth|Sludge Wave|p2a: Heatran
|-supereffective|p2a: Heatran
|-damage|p2a: Heatran|0 fnt
|faint|p2a: Heatran
|
|upkeep
|inactive|golden guard 70 has 120 seconds left.
|
|t:|1760846937
|switch|p2a: Tornadus|Tornadus-Therian, M|49/100
|turn|14
|
|t:|1760846941
|switch|p2a: Iron Treads|Iron Treads|100/100
|-activate|p2a: Iron Treads|move: Sticky Web
|-unboost|p2a: Iron Treads|spe|1
|move|p1a: Iron Moth|Fiery Dance|p2a: Iron Treads
|-supereffective|p2a: Iron Treads
|-damage|p2a: Iron Treads|0 fnt
|faint|p2a: Iron Treads
|-end|p2a: Iron Treads|Quark Drive|[silent]
|
|upkeep
|
|t:|1760846944
|switch|p2a: Tornadus|Tornadus-Therian, M|82/100
|turn|15
|
|t:|1760846950
|move|p2a: Tornadus|Bleakwind Storm|p1a: Iron Moth
|-crit|p1a: Iron Moth
|-damage|p1a: Iron Moth|33/100
|move|p1a: Iron Moth|Fiery Dance|p2a: Tornadus
|-damage|p2a: Tornadus|51/100
|
|upkeep
|turn|16
|
|t:|1760846954
|-end|p1a: Iron Moth|Quark Drive|[silent]
|switch|p1a: Kingambit|Kingambit, M|100/100
|-activate|p1a: Kingambit|ability: Supreme Overlord
|-start|p1a: Kingambit|fallen3|[silent]
|move|p2a: Tornadus|Bleakwind Storm|p1a: Kingambit|[miss]
|-miss|p2a: Tornadus|p1a: Kingambit
|
|upkeep
|turn|17
|
|t:|1760846964
|switch|p2a: Zamazenta|Zamazenta|100/100
|-activate|p2a: Zamazenta|move: Sticky Web
|-unboost|p2a: Zamazenta|spe|1
|-ability|p2a: Zamazenta|Dauntless Shield|boost
|-boost|p2a: Zamazenta|def|1
|move|p1a: Kingambit|Iron Head|p2a: Zamazenta
|-damage|p2a: Zamazenta|67/100
|
|-heal|p2a: Zamazenta|73/100|[from] item: Leftovers
|upkeep
|turn|18
|
|t:|1760846971
|-end|p1a: Kingambit|fallen3|[silent]
|switch|p1a: Iron Moth|Iron Moth|33/100
|move|p2a: Zamazenta|Body Press|p1a: Iron Moth
|-resisted|p1a: Iron Moth
|-damage|p1a: Iron Moth|0 fnt
|faint|p1a: Iron Moth
|-end|p1a: Iron Moth|Quark Drive|[silent]
|
|-heal|p2a: Zamazenta|79/100|[from] item: Leftovers
|upkeep
|
|t:|1760846974
|switch|p1a: Polteageist|Polteageist|100/100
|turn|19
|
|t:|1760846978
|move|p2a: Zamazenta|Crunch|p1a: Polteageist
|-supereffective|p1a: Polteageist
|-damage|p1a: Polteageist|50/100
|move|p1a: Polteageist|Shell Smash|p1a: Polteageist
|-unboost|p1a: Polteageist|def|1
|-unboost|p1a: Polteageist|spd|1
|-boost|p1a: Polteageist|atk|2
|-boost|p1a: Polteageist|spa|2
|-boost|p1a: Polteageist|spe|2
|-enditem|p1a: Polteageist|White Herb
|-clearnegativeboost|p1a: Polteageist|[silent]
|
|-heal|p2a: Zamazenta|85/100|[from] item: Leftovers
|upkeep
|turn|20
|
|t:|1760846985
|move|p1a: Polteageist|Strength Sap|p2a: Zamazenta
|-unboost|p2a: Zamazenta|atk|1
|-heal|p1a: Polteageist|100/100
|move|p2a: Zamazenta|Crunch|p1a: Polteageist
|-supereffective|p1a: Polteageist
|-damage|p1a: Polteageist|63/100
|
|-heal|p2a: Zamazenta|92/100|[from] item: Leftovers
|upkeep
|turn|21
|
|t:|1760846992
|move|p1a: Polteageist|Strength Sap|p2a: Zamazenta
|-unboost|p2a: Zamazenta|atk|1
|-heal|p1a: Polteageist|100/100
|move|p2a: Zamazenta|Crunch|p1a: Polteageist
|-supereffective|p1a: Polteageist
|-damage|p1a: Polteageist|75/100
|
|-heal|p2a: Zamazenta|98/100|[from] item: Leftovers
|upkeep
|turn|22
|
|t:|1760846996
|move|p1a: Polteageist|Shell Smash|p1a: Polteageist
|-unboost|p1a: Polteageist|def|1
|-unboost|p1a: Polteageist|spd|1
|-boost|p1a: Polteageist|atk|2
|-boost|p1a: Polteageist|spa|2
|-boost|p1a: Polteageist|spe|2
|move|p2a: Zamazenta|Crunch|p1a: Polteageist
|-supereffective|p1a: Polteageist
|-damage|p1a: Polteageist|38/100
|
|-heal|p2a: Zamazenta|100/100|[from] item: Leftovers
|upkeep
|turn|23
|
|t:|1760847004
|move|p1a: Polteageist|Stored Power|p2a: Zamazenta
|-supereffective|p2a: Zamazenta
|-damage|p2a: Zamazenta|0 fnt
|faint|p2a: Zamazenta
|
|upkeep
|c|☆golden guard 70|Why the hell it has Strength Sap?
|
|t:|1760847026
|switch|p2a: Tornadus|Tornadus-Therian, M|84/100
|turn|24
|
|t:|1760847040
|move|p1a: Polteageist|Stored Power|p2a: Tornadus
|-damage|p2a: Tornadus|0 fnt
|faint|p2a: Tornadus
|
|upkeep
|-message|golden guard 70 forfeited.
|
|win|Testubasinger
|raw|Testubasinger's rating: 1417 &rarr; <strong>1436</strong><br />(+19 for winning)
|raw|golden guard 70's rating: 1395 &rarr; <strong>1376</strong><br />(-19 for losing)
|l|☆Testubasinger
|player|p1|
