|j|☆Petermannbuga
|j|☆turquoiselink
|t:|1760742329
|gametype|singles
|player|p1|Petermannbuga|ghetsis-gen5bw|1546
|player|p2|turquoiselink|102|1520
|gen|9
|tier|[Gen 9] OU
|rated|
|rule|HP Percentage Mod: HP is shown in percentages
|rule|Endless Battle Clause: Forcing endless battles is banned
|rule|Species Clause: Limit one of each Pokémon
|rule|OHKO Clause: OHKO moves are banned
|rule|Evasion Items Clause: Evasion items are banned
|rule|Evasion Moves Clause: Evasion moves are banned
|rule|Evasion Abilities Clause: Evasion abilities are banned
|rule|Sleep Moves Clause: Sleep-inducing moves are banned
|clearpoke
|poke|p1|Dragapult, F|
|poke|p1|Garganacl, M|
|poke|p1|Clefable, F|
|poke|p1|Gholdengo|
|poke|p1|Great Tusk|
|poke|p1|Iron Valiant|
|poke|p2|Moltres|
|poke|p2|Garchomp, F|
|poke|p2|Glimmora, F|
|poke|p2|Bellibolt, F|
|poke|p2|Darkrai|
|poke|p2|Ogerpon-Wellspring, F|
|teampreview
|inactive|Battle timer is ON: inactive players will automatically lose when time's up. (requested by Petermannbuga)
|
|t:|1760742349
|teamsize|p1|6
|teamsize|p2|6
|start
|switch|p1a: Olavo of Oak|Gholdengo|100/100
|switch|p2a: Glimmora|Glimmora, F|100/100
|turn|1
|
|t:|1760742364
|switch|p2a: Ogerpon|Ogerpon-Wellspring, F|100/100
|move|p1a: Olavo of Oak|Make It Rain|p2a: Ogerpon
|-resisted|p2a: Ogerpon
|-damage|p2a: Ogerpon|60/100
|-unboost|p1a: Olavo of Oak|spa|1
|
|upkeep
|turn|2
|
|t:|1760742381
|switch|p1a: Tania secretária|Clefable, F, shiny|100/100
|move|p2a: Ogerpon|Play Rough|p1a: Tania secretária
|-damage|p1a: Tania secretária|75/100
|-damage|p2a: Ogerpon|43/100|[from] item: Rocky Helmet|[of] p1a: Tania secretária
|
|upkeep
|turn|3
|
|t:|1760742395
|switch|p2a: Bellibolt|Bellibolt, F|100/100
|move|p1a: Tania secretária|Moonblast|p2a: Bellibolt
|-damage|p2a: Bellibolt|78/100
|-start|p2a: Bellibolt|Charge|Moonblast|[from] ability: Electromorphosis
|
|-heal|p2a: Bellibolt|84/100|[from] item: Leftovers
|upkeep
|turn|4
|
|t:|1760742412
|switch|p1a: Khal Droggo|Great Tusk|100/100
|move|p2a: Bellibolt|Discharge|p1a: Khal Droggo
|-immune|p1a: Khal Droggo
|-end|p2a: Bellibolt|Charge|[silent]
|
|-heal|p2a: Bellibolt|91/100|[from] item: Leftovers
|upkeep
|turn|5
|
|t:|1760742422
|switch|p2a: Moltres|Moltres|100/100
|move|p1a: Khal Droggo|Headlong Rush|p2a: Moltres
|-immune|p2a: Moltres
|
|upkeep
|turn|6
|
|t:|1760742433
|-end|p1a: Khal Droggo|Protosynthesis|[silent]
|switch|p1a: Zé Garimpeiro|Garganacl, M|100/100
|move|p2a: Moltres|U-turn|p1a: Zé Garimpeiro
|-damage|p1a: Zé Garimpeiro|90/100
|
|t:|1760742445
|switch|p2a: Ogerpon|Ogerpon-Wellspring, F|43/100|[from] U-turn
|
|-heal|p1a: Zé Garimpeiro|96/100|[from] item: Leftovers
|upkeep
|turn|7
|
|t:|1760742457
|-terastallize|p1a: Zé Garimpeiro|Flying
|move|p2a: Ogerpon|Horn Leech|p1a: Zé Garimpeiro
|-resisted|p1a: Zé Garimpeiro
|-damage|p1a: Zé Garimpeiro|82/100
|-heal|p2a: Ogerpon|53/100|[from] drain|[of] p1a: Zé Garimpeiro
|move|p1a: Zé Garimpeiro|Salt Cure|p2a: Ogerpon
|-damage|p2a: Ogerpon|36/100
|-start|p2a: Ogerpon|Salt Cure
|
|-heal|p1a: Zé Garimpeiro|89/100|[from] item: Leftovers
|-damage|p2a: Ogerpon|11/100|[from] Salt Cure
|upkeep
|turn|8
|
|t:|1760742472
|switch|p2a: Garchomp|Garchomp, F|100/100
|switch|p1a: Tania secretária|Clefable, F, shiny|75/100
|
|upkeep
|turn|9
|
|t:|1760742480
|switch|p2a: Bellibolt|Bellibolt, F|91/100
|move|p1a: Tania secretária|Moonblast|p2a: Bellibolt
|-damage|p2a: Bellibolt|71/100
|-start|p2a: Bellibolt|Charge|Moonblast|[from] ability: Electromorphosis
|
|-heal|p2a: Bellibolt|77/100|[from] item: Leftovers
|upkeep
|turn|10
|
|t:|1760742492
|switch|p1a: Zé Garimpeiro|Garganacl, M, tera:Flying|89/100
|move|p2a: Bellibolt|Soak|p1a: Zé Garimpeiro
|-fail|p1a: Zé Garimpeiro
|
|-heal|p2a: Bellibolt|83/100|[from] item: Leftovers
|-heal|p1a: Zé Garimpeiro|95/100|[from] item: Leftovers
|upkeep
|turn|11
|
|t:|1760742501
|switch|p1a: Khal Droggo|Great Tusk|100/100
|move|p2a: Bellibolt|Discharge|p1a: Khal Droggo
|-immune|p1a: Khal Droggo
|-end|p2a: Bellibolt|Charge|[silent]
|
|-heal|p2a: Bellibolt|90/100|[from] item: Leftovers
|upkeep
|turn|12
|
|t:|1760742510
|-end|p1a: Khal Droggo|Protosynthesis|[silent]
|switch|p1a: Zé Garimpeiro|Garganacl, M, tera:Flying|95/100
|switch|p2a: Moltres|Moltres|100/100
|
|-heal|p1a: Zé Garimpeiro|100/100|[from] item: Leftovers
|upkeep
|turn|13
|
|t:|1760742520
|move|p2a: Moltres|U-turn|p1a: Zé Garimpeiro
|-resisted|p1a: Zé Garimpeiro
|-damage|p1a: Zé Garimpeiro|95/100
|
|t:|1760742524
|switch|p2a: Glimmora|Glimmora, F|100/100|[from] U-turn
|move|p1a: Zé Garimpeiro|Stealth Rock|p2a: Glimmora
|-sidestart|p2: turquoiselink|move: Stealth Rock
|
|-heal|p1a: Zé Garimpeiro|100/100|[from] item: Leftovers
|upkeep
|turn|14
|
|t:|1760742537
|switch|p1a: Olavo of Oak|Gholdengo|100/100
|move|p2a: Glimmora|Mortal Spin|p1a: Olavo of Oak
|-immune|p1a: Olavo of Oak
|
|upkeep
|turn|15
|
|t:|1760742544
|switch|p2a: Bellibolt|Bellibolt, F|90/100
|-damage|p2a: Bellibolt|77/100|[from] Stealth Rock
|move|p1a: Olavo of Oak|Make It Rain|p2a: Bellibolt
|-resisted|p2a: Bellibolt
|-crit|p2a: Bellibolt
|-damage|p2a: Bellibolt|45/100
|-unboost|p1a: Olavo of Oak|spa|1
|-start|p2a: Bellibolt|Charge|Make It Rain|[from] ability: Electromorphosis
|
|-heal|p2a: Bellibolt|51/100|[from] item: Leftovers
|upkeep
|turn|16
|
|t:|1760742562
|switch|p1a: Silly Edna|Dragapult, F|100/100
|move|p2a: Bellibolt|Slack Off|p2a: Bellibolt
|-heal|p2a: Bellibolt|100/100
|
|upkeep
|turn|17
|
|t:|1760742568
|move|p1a: Silly Edna|Dragon Darts|p2a: Bellibolt
|-damage|p2a: Bellibolt|66/100
|-start|p2a: Bellibolt|Charge|Dragon Darts|[from] ability: Electromorphosis
|-anim|p1a: Silly Edna|Dragon Darts|p2a: Bellibolt
|-damage|p2a: Bellibolt|34/100
|-start|p2a: Bellibolt|Charge|Dragon Darts|[from] ability: Electromorphosis
|move|p2a: Bellibolt|Toxic|p1a: Silly Edna
|-status|p1a: Silly Edna|tox
|
|-heal|p2a: Bellibolt|40/100|[from] item: Leftovers
|-damage|p1a: Silly Edna|95/100 tox|[from] psn
|upkeep
|turn|18
|
|t:|1760742583
|switch|p2a: Glimmora|Glimmora, F|100/100
|-damage|p2a: Glimmora|88/100|[from] Stealth Rock
|move|p1a: Silly Edna|Dragon Darts|p2a: Glimmora
|-damage|p2a: Glimmora|48/100
|-activate|p2a: Glimmora|ability: Toxic Debris
|-sidestart|p1: Petermannbuga|move: Toxic Spikes
|-anim|p1a: Silly Edna|Dragon Darts|p2a: Glimmora
|-damage|p2a: Glimmora|12/100
|-activate|p2a: Glimmora|ability: Toxic Debris
|-sidestart|p1: Petermannbuga|move: Toxic Spikes
|-enditem|p2a: Glimmora|Red Card|[of] p1a: Silly Edna
|drag|p1a: Zé Garimpeiro|Garganacl, M, tera:Flying|100/100
|
|upkeep
|turn|19
|
|t:|1760742597
|move|p2a: Glimmora|Power Gem|p1a: Zé Garimpeiro
|-supereffective|p1a: Zé Garimpeiro
|-damage|p1a: Zé Garimpeiro|41/100
|move|p1a: Zé Garimpeiro|Salt Cure|p2a: Glimmora
|-damage|p2a: Glimmora|0 fnt
|faint|p2a: Glimmora
|
|-heal|p1a: Zé Garimpeiro|47/100|[from] item: Leftovers
|upkeep
|
|t:|1760742621
|switch|p2a: Darkrai|Darkrai|100/100
|-damage|p2a: Darkrai|88/100|[from] Stealth Rock
|turn|20
|
|t:|1760742648
|move|p2a: Darkrai|Ice Beam|p1a: Zé Garimpeiro
|-supereffective|p1a: Zé Garimpeiro
|-damage|p1a: Zé Garimpeiro|0 fnt
|faint|p1a: Zé Garimpeiro
|-damage|p2a: Darkrai|78/100|[from] item: Life Orb
|
|upkeep
|
|t:|1760742655
|switch|p1a: Olavo of Oak|Gholdengo|100/100
|turn|21
|
|t:|1760742666
|switch|p2a: Ogerpon|Ogerpon-Wellspring, F|11/100
|-damage|p2a: Ogerpon|0 fnt|[from] Stealth Rock
|faint|p2a: Ogerpon
|move|p1a: Olavo of Oak|Dazzling Gleam|p2: Ogerpon|[notarget]
|-fail|p1a: Olavo of Oak
|
|upkeep
|j| Nikator98
|l| Nikator98
|
|t:|1760742681
|switch|p2a: Bellibolt|Bellibolt, F|40/100
|-damage|p2a: Bellibolt|28/100|[from] Stealth Rock
|turn|22
|j| Nikator98
|
|t:|1760742687
|move|p1a: Olavo of Oak|Dazzling Gleam|p2a: Bellibolt
|-damage|p2a: Bellibolt|7/100
|-start|p2a: Bellibolt|Charge|Dazzling Gleam|[from] ability: Electromorphosis
|move|p2a: Bellibolt|Slack Off|p2a: Bellibolt
|-heal|p2a: Bellibolt|57/100
|
|-heal|p2a: Bellibolt|64/100|[from] item: Leftovers
|upkeep
|turn|23
|
|t:|1760742697
|switch|p1a: Khal Droggo|Great Tusk|100/100
|move|p2a: Bellibolt|Slack Off|p2a: Bellibolt
|-heal|p2a: Bellibolt|100/100
|
|upkeep
|turn|24
|l| Nikator98
|
|t:|1760742703
|switch|p2a: Moltres|Moltres|100/100
|move|p1a: Khal Droggo|Rapid Spin|p2a: Moltres
|-damage|p2a: Moltres|88/100
|-boost|p1a: Khal Droggo|spe|1
|-sideend|p1: Petermannbuga|Toxic Spikes|[from] move: Rapid Spin|[of] p1a: Khal Droggo
|
|upkeep
|turn|25
|
|t:|1760742716
|-end|p1a: Khal Droggo|Protosynthesis|[silent]
|switch|p1a: Silly Edna|Dragapult, F|95/100 tox
|move|p2a: Moltres|Flamethrower|p1a: Silly Edna
|-resisted|p1a: Silly Edna
|-damage|p1a: Silly Edna|67/100 tox
|
|-damage|p1a: Silly Edna|61/100 tox|[from] psn
|upkeep
|turn|26
|
|t:|1760742725
|move|p1a: Silly Edna|Dragon Darts|p2a: Moltres
|-damage|p2a: Moltres|63/100
|-anim|p1a: Silly Edna|Dragon Darts|p2a: Moltres
|-damage|p2a: Moltres|35/100
|move|p2a: Moltres|Roost|p2a: Moltres
|-heal|p2a: Moltres|85/100
|-singleturn|p2a: Moltres|move: Roost
|
|-damage|p1a: Silly Edna|49/100 tox|[from] psn
|upkeep
|turn|27
|
|t:|1760742737
|switch|p1a: Olavo of Oak|Gholdengo|100/100
|move|p2a: Moltres|Roost|p2a: Moltres
|-heal|p2a: Moltres|100/100
|-singleturn|p2a: Moltres|move: Roost
|
|upkeep
|turn|28
|
|t:|1760742744
|move|p1a: Olavo of Oak|Trick|p2a: Moltres
|-activate|p1a: Olavo of Oak|move: Trick|[of] p2a: Moltres
|-item|p2a: Moltres|Choice Scarf|[from] move: Trick
|-item|p1a: Olavo of Oak|Heavy-Duty Boots|[from] move: Trick
|move|p2a: Moltres|Flamethrower|p1a: Olavo of Oak
|-supereffective|p1a: Olavo of Oak
|-crit|p1a: Olavo of Oak
|-damage|p1a: Olavo of Oak|0 fnt
|faint|p1a: Olavo of Oak
|
|upkeep
|
|t:|1760742753
|switch|p1a: Silly Edna|Dragapult, F|49/100 tox
|turn|29
|
|t:|1760742760
|move|p1a: Silly Edna|Dragon Darts|p2a: Moltres
|-damage|p2a: Moltres|76/100
|-anim|p1a: Silly Edna|Dragon Darts|p2a: Moltres
|-crit|p2a: Moltres
|-damage|p2a: Moltres|40/100
|move|p2a: Moltres|Flamethrower|p1a: Silly Edna
|-resisted|p1a: Silly Edna
|-damage|p1a: Silly Edna|26/100 tox
|
|-damage|p1a: Silly Edna|20/100 tox|[from] psn
|upkeep
|turn|30
|
|t:|1760742778
|switch|p1a: Laleska Drag Queen|Iron Valiant, shiny|100/100
|-enditem|p1a: Laleska Drag Queen|Booster Energy
|-activate|p1a: Laleska Drag Queen|ability: Quark Drive|[fromitem]
|-start|p1a: Laleska Drag Queen|quarkdrivespe
|move|p2a: Moltres|Flamethrower|p1a: Laleska Drag Queen
|-damage|p1a: Laleska Drag Queen|38/100
|
|upkeep
|turn|31
|
|t:|1760742787
|move|p1a: Laleska Drag Queen|Calm Mind|p1a: Laleska Drag Queen
|-boost|p1a: Laleska Drag Queen|spa|1
|-boost|p1a: Laleska Drag Queen|spd|1
|move|p2a: Moltres|Flamethrower|p1a: Laleska Drag Queen
|-damage|p1a: Laleska Drag Queen|0 fnt
|faint|p1a: Laleska Drag Queen
|-end|p1a: Laleska Drag Queen|Quark Drive|[silent]
|
|upkeep
|
|t:|1760742798
|switch|p1a: Silly Edna|Dragapult, F|20/100 tox
|turn|32
|
|t:|1760742806
|move|p1a: Silly Edna|Dragon Darts|p2a: Moltres
|-damage|p2a: Moltres|17/100
|-anim|p1a: Silly Edna|Dragon Darts|p2a: Moltres
|-damage|p2a: Moltres|0 fnt
|faint|p2a: Moltres
|
|-damage|p1a: Silly Edna|14/100 tox|[from] psn
|upkeep
|
|t:|1760742821
|switch|p2a: Bellibolt|Bellibolt, F|100/100
|-damage|p2a: Bellibolt|88/100|[from] Stealth Rock
|turn|33
|
|t:|1760742825
|switch|p1a: Khal Droggo|Great Tusk|100/100
|move|p2a: Bellibolt|Slack Off|p2a: Bellibolt
|-heal|p2a: Bellibolt|100/100
|
|upkeep
|turn|34
|
|t:|1760742832
|switch|p2a: Garchomp|Garchomp, F|100/100
|-damage|p2a: Garchomp|94/100|[from] Stealth Rock
|move|p1a: Khal Droggo|Bulk Up|p1a: Khal Droggo
|-boost|p1a: Khal Droggo|atk|1
|-boost|p1a: Khal Droggo|def|1
|
|upkeep
|turn|35
|
|t:|1760742843
|move|p1a: Khal Droggo|Rapid Spin|p2a: Garchomp
|-damage|p2a: Garchomp|79/100
|-boost|p1a: Khal Droggo|spe|1
|-damage|p1a: Khal Droggo|88/100|[from] ability: Rough Skin|[of] p2a: Garchomp
|-damage|p1a: Khal Droggo|71/100|[from] item: Rocky Helmet|[of] p2a: Garchomp
|move|p2a: Garchomp|Dragon Tail|p1a: Khal Droggo
|-damage|p1a: Khal Droggo|59/100
|-end|p1a: Khal Droggo|Protosynthesis|[silent]
|drag|p1a: Tania secretária|Clefable, F, shiny|75/100
|
|upkeep
|turn|36
|
|t:|1760742855
|switch|p2a: Bellibolt|Bellibolt, F|100/100
|-damage|p2a: Bellibolt|88/100|[from] Stealth Rock
|move|p1a: Tania secretária|Moonblast|p2a: Bellibolt
|-damage|p2a: Bellibolt|67/100
|-start|p2a: Bellibolt|Charge|Moonblast|[from] ability: Electromorphosis
|
|-heal|p2a: Bellibolt|73/100|[from] item: Leftovers
|upkeep
|turn|37
|
|t:|1760742866
|switch|p1a: Khal Droggo|Great Tusk|59/100
|move|p2a: Bellibolt|Toxic|p1a: Khal Droggo
|-status|p1a: Khal Droggo|tox
|
|-heal|p2a: Bellibolt|79/100|[from] item: Leftovers
|-damage|p1a: Khal Droggo|52/100 tox|[from] psn
|upkeep
|turn|38
|
|t:|1760742877
|switch|p2a: Garchomp|Garchomp, F|79/100
|-damage|p2a: Garchomp|73/100|[from] Stealth Rock
|move|p1a: Khal Droggo|Rapid Spin|p2a: Garchomp
|-damage|p2a: Garchomp|62/100
|-boost|p1a: Khal Droggo|spe|1
|-damage|p1a: Khal Droggo|40/100 tox|[from] ability: Rough Skin|[of] p2a: Garchomp
|-damage|p1a: Khal Droggo|23/100 tox|[from] item: Rocky Helmet|[of] p2a: Garchomp
|
|-damage|p1a: Khal Droggo|11/100 tox|[from] psn
|upkeep
|turn|39
|
|t:|1760742892
|-end|p1a: Khal Droggo|Protosynthesis|[silent]
|switch|p1a: Tania secretária|Clefable, F, shiny|75/100
|move|p2a: Garchomp|Spikes|p1a: Tania secretária
|-sidestart|p1: Petermannbuga|Spikes
|
|upkeep
|turn|40
|
|t:|1760742904
|switch|p2a: Bellibolt|Bellibolt, F|79/100
|-damage|p2a: Bellibolt|67/100|[from] Stealth Rock
|move|p1a: Tania secretária|Moonblast|p2a: Bellibolt
|-damage|p2a: Bellibolt|48/100
|-start|p2a: Bellibolt|Charge|Moonblast|[from] ability: Electromorphosis
|
|-heal|p2a: Bellibolt|54/100|[from] item: Leftovers
|upkeep
|turn|41
|
|t:|1760742916
|move|p1a: Tania secretária|Cosmic Power|p1a: Tania secretária
|-boost|p1a: Tania secretária|def|1
|-boost|p1a: Tania secretária|spd|1
|move|p2a: Bellibolt|Slack Off|p2a: Bellibolt
|-heal|p2a: Bellibolt|100/100
|
|upkeep
|turn|42
|
|t:|1760742929
|switch|p1a: Khal Droggo|Great Tusk|11/100 tox
|move|p2a: Bellibolt|Soak|p1a: Khal Droggo
|-start|p1a: Khal Droggo|typechange|Water
|
|-damage|p1a: Khal Droggo|5/100 tox|[from] psn
|upkeep
|turn|43
|
|t:|1760742941
|switch|p2a: Garchomp|Garchomp, F|62/100
|-damage|p2a: Garchomp|56/100|[from] Stealth Rock
|move|p1a: Khal Droggo|Headlong Rush|p2a: Garchomp
|-damage|p2a: Garchomp|32/100
|-unboost|p1a: Khal Droggo|def|1
|-unboost|p1a: Khal Droggo|spd|1
|-damage|p1a: Khal Droggo|0 fnt|[from] ability: Rough Skin|[of] p2a: Garchomp
|faint|p1a: Khal Droggo
|-end|p1a: Khal Droggo|Protosynthesis|[silent]
|
|upkeep
|
|t:|1760742956
|switch|p1a: Silly Edna|Dragapult, F|14/100 tox
|-damage|p1a: Silly Edna|1/100 tox|[from] Spikes
|turn|44
|
|t:|1760742962
|move|p1a: Silly Edna|Dragon Darts|p2a: Garchomp
|-supereffective|p2a: Garchomp
|-damage|p2a: Garchomp|0 fnt
|faint|p2a: Garchomp
|
|-damage|p1a: Silly Edna|0 fnt|[from] psn
|faint|p1a: Silly Edna
|upkeep
|
|t:|1760742970
|switch|p1a: Tania secretária|Clefable, F, shiny|75/100
|switch|p2a: Darkrai|Darkrai|78/100
|-damage|p2a: Darkrai|66/100|[from] Stealth Rock
|-damage|p1a: Tania secretária|62/100|[from] Spikes
|turn|45
|
|t:|1760742979
|-terastallize|p2a: Darkrai|Poison
|move|p2a: Darkrai|Sludge Bomb|p1a: Tania secretária
|-supereffective|p1a: Tania secretária
|-damage|p1a: Tania secretária|0 fnt
|faint|p1a: Tania secretária
|-damage|p2a: Darkrai|56/100|[from] item: Life Orb
|
|win|turquoiselink
|raw|Petermannbuga's rating: 1546 &rarr; <strong>1525</strong><br />(-21 for losing)
|raw|turquoiselink's rating: 1520 &rarr; <strong>1541</strong><br />(+21 for winning)
|l|☆Petermannbuga
|player|p1|
|l|☆turquoiselink
|player|p2|
