|j|☆Drudger
|j|☆tony93420
|t:|1760760443
|gametype|singles
|player|p1|Drudger|brawly|1380
|player|p2|tony93420|hugh|1368
|gen|9
|tier|[Gen 9] OU
|rated|
|rule|HP Percentage Mod: HP is shown in percentages
|rule|Endless Battle Clause: Forcing endless battles is banned
|rule|Species Clause: Limit one of each Pokémon
|rule|OHKO Clause: OHKO moves are banned
|rule|Evasion Items Clause: Evasion items are banned
|rule|Evasion Moves Clause: Evasion moves are banned
|rule|Evasion Abilities Clause: Evasion abilities are banned
|rule|Sleep Moves Clause: Sleep-inducing moves are banned
|clearpoke
|poke|p1|Blaziken, F|
|poke|p1|Corviknight, M|
|poke|p1|Enamorus, F|
|poke|p1|Landorus-Therian, M|
|poke|p1|Ogerpon-Wellspring, F|
|poke|p1|Kyurem|
|poke|p2|Gliscor, M|
|poke|p2|Cinderace, M|
|poke|p2|Moltres|
|poke|p2|Dragonite, M|
|poke|p2|Ogerpon-Cornerstone, F|
|poke|p2|Heatran, F|
|teampreview
|inactive|Battle timer is ON: inactive players will automatically lose when time's up. (requested by tony93420)
|
|t:|1760760457
|teamsize|p1|6
|teamsize|p2|6
|start
|switch|p1a: Ogerpon|Ogerpon-Wellspring, F|100/100
|switch|p2a: Ogerpon|Ogerpon-Cornerstone, F|100/100
|turn|1
|inactive|Drudger has 120 seconds left.
|
|t:|1760760488
|move|p1a: Ogerpon|Ivy Cudgel|p2a: Ogerpon|[anim] Ivy Cudgel Water
|-damage|p2a: Ogerpon|22/100
|move|p2a: Ogerpon|Ivy Cudgel|p1a: Ogerpon|[anim] Ivy Cudgel Rock
|-damage|p1a: Ogerpon|29/100
|
|upkeep
|turn|2
|inactive|Drudger has 120 seconds left.
|
|t:|1760760505
|move|p2a: Ogerpon|Spiky Shield|p2a: Ogerpon
|-singleturn|p2a: Ogerpon|move: Protect
|move|p1a: Ogerpon|U-turn|p2a: Ogerpon
|-activate|p2a: Ogerpon|move: Protect
|-damage|p1a: Ogerpon|17/100|[from] Spiky Shield|[of] p2a: Ogerpon
|
|upkeep
|turn|3
|inactive|Drudger has 120 seconds left.
|
|t:|1760760513
|move|p2a: Ogerpon|Ivy Cudgel|p1a: Ogerpon|[anim] Ivy Cudgel Rock
|-damage|p1a: Ogerpon|0 fnt
|faint|p1a: Ogerpon
|
|upkeep
|inactive|Drudger has 120 seconds left.
|
|t:|1760760532
|switch|p1a: Landorus|Landorus-Therian, M|100/100
|-ability|p1a: Landorus|Intimidate|boost
|-unboost|p2a: Ogerpon|atk|1
|turn|4
|
|t:|1760760537
|switch|p2a: Moltres|Moltres|100/100
|move|p1a: Landorus|Stealth Rock|p2a: Moltres
|-sidestart|p2: tony93420|move: Stealth Rock
|
|upkeep
|turn|5
|inactive|Drudger has 120 seconds left.
|
|t:|1760760551
|switch|p1a: Blaziken|Blaziken, F|100/100
|move|p2a: Moltres|Flamethrower|p1a: Blaziken
|-resisted|p1a: Blaziken
|-damage|p1a: Blaziken|73/100
|
|upkeep
|turn|6
|
|t:|1760760560
|move|p1a: Blaziken|Swords Dance|p1a: Blaziken
|-boost|p1a: Blaziken|atk|2
|move|p2a: Moltres|Scorching Sands|p1a: Blaziken
|-supereffective|p1a: Blaziken
|-damage|p1a: Blaziken|13/100
|
|-ability|p1a: Blaziken|Speed Boost|boost
|-boost|p1a: Blaziken|spe|1
|upkeep
|turn|7
|
|t:|1760760570
|move|p1a: Blaziken|Close Combat|p2a: Moltres
|-resisted|p2a: Moltres
|-damage|p2a: Moltres|29/100
|-unboost|p1a: Blaziken|def|1
|-unboost|p1a: Blaziken|spd|1
|-damage|p1a: Blaziken|0 fnt|[from] item: Rocky Helmet|[of] p2a: Moltres
|faint|p1a: Blaziken
|move|p2a: Moltres|Roost|p2a: Moltres
|-heal|p2a: Moltres|79/100
|-singleturn|p2a: Moltres|move: Roost
|
|upkeep
|
|t:|1760760581
|switch|p1a: Kyurem|Kyurem|100/100
|-ability|p1a: Kyurem|Pressure
|turn|8
|
|t:|1760760589
|-terastallize|p1a: Kyurem|Fire
|move|p1a: Kyurem|Dragon Dance|p1a: Kyurem
|-boost|p1a: Kyurem|atk|1
|-boost|p1a: Kyurem|spe|1
|move|p2a: Moltres|Flamethrower|p1a: Kyurem
|-resisted|p1a: Kyurem
|-damage|p1a: Kyurem|83/100
|
|upkeep
|turn|9
|
|t:|1760760601
|move|p1a: Kyurem|Icicle Spear|p2a: Moltres
|-damage|p2a: Moltres|62/100
|-damage|p2a: Moltres|44/100
|-damage|p2a: Moltres|27/100
|-damage|p2a: Moltres|10/100
|-damage|p2a: Moltres|0 fnt
|faint|p2a: Moltres
|-hitcount|p2: Moltres|5
|
|upkeep
|
|t:|1760760609
|switch|p2a: Cinderace|Cinderace, M, shiny|100/100
|turn|10
|
|t:|1760760612
|move|p2a: Cinderace|Sucker Punch|p1a: Kyurem
|-start|p2a: Cinderace|typechange|Dark|[from] ability: Libero
|-damage|p1a: Kyurem|53/100
|move|p1a: Kyurem|Scale Shot|p2a: Cinderace
|-damage|p2a: Cinderace|71/100
|-damage|p2a: Cinderace|43/100
|-crit|p2a: Cinderace
|-damage|p2a: Cinderace|0 fnt
|faint|p2a: Cinderace
|-hitcount|p2: Cinderace|3
|-unboost|p1a: Kyurem|def|1
|-boost|p1a: Kyurem|spe|1
|
|upkeep
|
|t:|1760760621
|switch|p2a: Dragonite|Dragonite, M|100/100
|-damage|p2a: Dragonite|75/100|[from] Stealth Rock
|turn|11
|
|t:|1760760632
|-terastallize|p2a: Dragonite|Fairy
|move|p1a: Kyurem|Icicle Spear|p2a: Dragonite
|-crit|p2a: Dragonite
|-damage|p2a: Dragonite|45/100
|-damage|p2a: Dragonite|22/100
|-damage|p2a: Dragonite|0 fnt
|faint|p2a: Dragonite
|-hitcount|p2: Dragonite|3
|
|upkeep
|-message|tony93420 forfeited.
|
|win|Drudger
|raw|Drudger's rating: 1380 &rarr; <strong>1399</strong><br />(+19 for winning)
|raw|tony93420's rating: 1368 &rarr; <strong>1349</strong><br />(-19 for losing)
|l|☆tony93420
|player|p2|
|l|☆Drudger
|player|p1|
