|j|☆bruhdder
|j|☆nube4real
|t:|1760846591
|gametype|singles
|player|p1|bruhdder|fisherman-gen4|1131
|player|p2|nube4real|red|1194
|gen|9
|tier|[Gen 9] OU
|rated|
|rule|HP Percentage Mod: HP is shown in percentages
|rule|Endless Battle Clause: Forcing endless battles is banned
|rule|Species Clause: Limit one of each Pokémon
|rule|OHKO Clause: OHKO moves are banned
|rule|Evasion Items Clause: Evasion items are banned
|rule|Evasion Moves Clause: Evasion moves are banned
|rule|Evasion Abilities Clause: Evasion abilities are banned
|rule|Sleep Moves Clause: Sleep-inducing moves are banned
|clearpoke
|poke|p1|Raging Bolt|
|poke|p1|Arcanine-Hisui, M|
|poke|p1|Skarmory, F|
|poke|p1|Rotom-Wash|
|poke|p1|Garganacl, F|
|poke|p1|Mew|
|poke|p2|Zamazenta-*|
|poke|p2|Pelipper, F|
|poke|p2|Overqwil, M|
|poke|p2|Alomomola, F|
|poke|p2|Glimmora, F|
|poke|p2|Dragonite, F|
|teampreview
|inactive|Battle timer is ON: inactive players will automatically lose when time's up. (requested by bruhdder)
|
|t:|1760846599
|teamsize|p1|6
|teamsize|p2|6
|start
|switch|p1a: Rotom|Rotom-Wash|100/100
|switch|p2a: Glimmora|Glimmora, F|100/100
|turn|1
|
|t:|1760846607
|move|p2a: Glimmora|Stealth Rock|p1a: Rotom
|-sidestart|p1: bruhdder|move: Stealth Rock
|move|p1a: Rotom|Hydro Pump|p2a: Glimmora
|-supereffective|p2a: Glimmora
|-enditem|p2a: Glimmora|Focus Sash
|-damage|p2a: Glimmora|1/100
|
|upkeep
|turn|2
|
|t:|1760846615
|move|p2a: Glimmora|Spiky Shield|p2a: Glimmora
|-singleturn|p2a: Glimmora|move: Protect
|move|p1a: Rotom|Thunderbolt|p2a: Glimmora
|-activate|p2a: Glimmora|move: Protect
|
|upkeep
|turn|3
|
|t:|1760846623
|move|p2a: Glimmora|Mortal Spin|p1a: Rotom
|-damage|p1a: Rotom|92/100
|-status|p1a: Rotom|psn
|move|p1a: Rotom|Thunderbolt|p2a: Glimmora
|-damage|p2a: Glimmora|0 fnt
|faint|p2a: Glimmora
|
|-heal|p1a: Rotom|98/100 psn|[from] item: Leftovers
|-damage|p1a: Rotom|86/100 psn|[from] psn
|upkeep
|
|t:|1760846648
|switch|p2a: Dragonite|Dragonite, F|100/100
|turn|4
|
|t:|1760846651
|move|p2a: Dragonite|Dragon Dance|p2a: Dragonite
|-boost|p2a: Dragonite|atk|1
|-boost|p2a: Dragonite|spe|1
|move|p1a: Rotom|Will-O-Wisp|p2a: Dragonite
|-status|p2a: Dragonite|brn
|-enditem|p2a: Dragonite|Lum Berry|[eat]
|-curestatus|p2a: Dragonite|brn|[msg]
|
|-heal|p1a: Rotom|92/100 psn|[from] item: Leftovers
|-damage|p1a: Rotom|79/100 psn|[from] psn
|upkeep
|turn|5
|
|t:|1760846658
|move|p2a: Dragonite|Dragon Dance|p2a: Dragonite
|-boost|p2a: Dragonite|atk|1
|-boost|p2a: Dragonite|spe|1
|move|p1a: Rotom|Will-O-Wisp|p2a: Dragonite
|-status|p2a: Dragonite|brn
|
|-heal|p1a: Rotom|86/100 psn|[from] item: Leftovers
|-damage|p1a: Rotom|73/100 psn|[from] psn
|-damage|p2a: Dragonite|94/100 brn|[from] brn
|upkeep
|turn|6
|
|t:|1760846666
|move|p2a: Dragonite|Dragon Dance|p2a: Dragonite
|-boost|p2a: Dragonite|atk|1
|-boost|p2a: Dragonite|spe|1
|move|p1a: Rotom|Thunderbolt|p2a: Dragonite
|-damage|p2a: Dragonite|53/100 brn
|
|-heal|p1a: Rotom|79/100 psn|[from] item: Leftovers
|-damage|p1a: Rotom|67/100 psn|[from] psn
|-damage|p2a: Dragonite|47/100 brn|[from] brn
|upkeep
|turn|7
|
|t:|1760846684
|-terastallize|p2a: Dragonite|Normal
|move|p2a: Dragonite|Extreme Speed|p1a: Rotom
|-damage|p1a: Rotom|0 fnt
|faint|p1a: Rotom
|
|-damage|p2a: Dragonite|41/100 brn|[from] brn
|upkeep
|
|t:|1760846689
|switch|p1a: Garganacl|Garganacl, F|100/100
|-damage|p1a: Garganacl|88/100|[from] Stealth Rock
|turn|8
|
|t:|1760846718
|switch|p2a: Pelipper|Pelipper, F|100/100
|-weather|RainDance|[from] ability: Drizzle|[of] p2a: Pelipper
|move|p1a: Garganacl|Salt Cure|p2a: Pelipper
|-supereffective|p2a: Pelipper
|-damage|p2a: Pelipper|72/100
|-start|p2a: Pelipper|Salt Cure
|
|-weather|RainDance|[upkeep]
|-heal|p1a: Garganacl|94/100|[from] item: Leftovers
|-damage|p2a: Pelipper|47/100|[from] Salt Cure
|upkeep
|turn|9
|
|t:|1760846735
|move|p1a: Garganacl|Protect|p1a: Garganacl
|-singleturn|p1a: Garganacl|Protect
|move|p2a: Pelipper|Chilling Water|p1a: Garganacl
|-activate|p1a: Garganacl|move: Protect
|
|-weather|RainDance|[upkeep]
|-heal|p1a: Garganacl|100/100|[from] item: Leftovers
|-damage|p2a: Pelipper|22/100|[from] Salt Cure
|upkeep
|turn|10
|
|t:|1760846757
|switch|p1a: Mew|Mew|100/100
|-damage|p1a: Mew|88/100|[from] Stealth Rock
|move|p2a: Pelipper|Tailwind|p2a: Pelipper
|-sidestart|p2: nube4real|move: Tailwind
|
|-weather|RainDance|[upkeep]
|-damage|p2a: Pelipper|0 fnt|[from] Salt Cure
|faint|p2a: Pelipper
|upkeep
|
|t:|1760846769
|switch|p2a: Overqwil|Overqwil, M|100/100
|turn|11
|
|t:|1760846778
|move|p2a: Overqwil|Crunch|p1a: Mew
|-supereffective|p1a: Mew
|-damage|p1a: Mew|4/100
|move|p1a: Mew|Earth Power|p2a: Overqwil
|-supereffective|p2a: Overqwil
|-damage|p2a: Overqwil|43/100
|
|-weather|RainDance|[upkeep]
|upkeep
|turn|12
|
|t:|1760846792
|move|p2a: Overqwil|Waterfall|p1a: Mew
|-damage|p1a: Mew|0 fnt
|faint|p1a: Mew
|
|-weather|RainDance|[upkeep]
|upkeep
|
|t:|1760846797
|switch|p1a: Skarmory|Skarmory, F|100/100
|-damage|p1a: Skarmory|88/100|[from] Stealth Rock
|turn|13
|
|t:|1760846807
|move|p2a: Overqwil|Waterfall|p1a: Skarmory
|-damage|p1a: Skarmory|55/100
|-damage|p2a: Overqwil|27/100|[from] item: Rocky Helmet|[of] p1a: Skarmory
|move|p1a: Skarmory|Body Press|p2a: Overqwil
|-damage|p2a: Overqwil|0 fnt
|-damage|p1a: Skarmory|39/100|[from] item: Rocky Helmet|[of] p2a: Overqwil
|faint|p2a: Overqwil
|
|-weather|RainDance|[upkeep]
|-sideend|p2: nube4real|move: Tailwind
|upkeep
|inactive|nube4real has 120 seconds left.
|
|t:|1760846836
|switch|p2a: Zamazenta|Zamazenta|100/100
|-ability|p2a: Zamazenta|Dauntless Shield|boost
|-boost|p2a: Zamazenta|def|1
|turn|14
|
|t:|1760846857
|move|p2a: Zamazenta|Ice Fang|p1a: Skarmory
|-damage|p1a: Skarmory|21/100
|-status|p1a: Skarmory|frz
|-damage|p2a: Zamazenta|84/100|[from] item: Rocky Helmet|[of] p1a: Skarmory
|cant|p1a: Skarmory|frz
|
|-weather|RainDance|[upkeep]
|upkeep
|turn|15
|
|t:|1760846866
|move|p2a: Zamazenta|Iron Defense|p2a: Zamazenta
|-boost|p2a: Zamazenta|def|2
|cant|p1a: Skarmory|frz
|
|-weather|none
|upkeep
|turn|16
|
|t:|1760846873
|move|p2a: Zamazenta|Iron Defense|p2a: Zamazenta
|-boost|p2a: Zamazenta|def|2
|cant|p1a: Skarmory|frz
|
|upkeep
|turn|17
|
|t:|1760846878
|move|p2a: Zamazenta|Iron Defense|p2a: Zamazenta
|-boost|p2a: Zamazenta|def|1
|cant|p1a: Skarmory|frz
|
|upkeep
|turn|18
|
|t:|1760846885
|move|p2a: Zamazenta|Body Press|p1a: Skarmory
|-damage|p1a: Skarmory|0 fnt
|-damage|p2a: Zamazenta|68/100|[from] item: Rocky Helmet|[of] p1a: Skarmory
|faint|p1a: Skarmory
|
|upkeep
|
|t:|1760846897
|switch|p1a: Raging Bolt|Raging Bolt|100/100
|-damage|p1a: Raging Bolt|88/100|[from] Stealth Rock
|turn|19
|
|t:|1760846903
|move|p1a: Raging Bolt|Thunderclap|p2a: Zamazenta
|-crit|p2a: Zamazenta
|-damage|p2a: Zamazenta|21/100
|-enditem|p2a: Zamazenta|Red Card|[of] p1a: Raging Bolt
|-end|p1a: Raging Bolt|Protosynthesis|[silent]
|drag|p1a: Arcanine|Arcanine-Hisui, M|100/100
|move|p2a: Zamazenta|Ice Fang|p1a: Arcanine
|-resisted|p1a: Arcanine
|-damage|p1a: Arcanine|87/100
|
|upkeep
|turn|20
|
|t:|1760846913
|move|p2a: Zamazenta|Body Press|p1a: Arcanine
|-supereffective|p1a: Arcanine
|-damage|p1a: Arcanine|0 fnt
|faint|p1a: Arcanine
|
|upkeep
|
|t:|1760846916
|switch|p1a: Raging Bolt|Raging Bolt|88/100
|-damage|p1a: Raging Bolt|76/100|[from] Stealth Rock
|turn|21
|
|t:|1760846925
|switch|p2a: Alomomola|Alomomola, F|100/100
|move|p1a: Raging Bolt|Thunderclap||[still]
|-fail|p1a: Raging Bolt
|
|-heal|p1a: Raging Bolt|82/100|[from] item: Leftovers
|upkeep
|turn|22
|
|t:|1760846930
|move|p1a: Raging Bolt|Calm Mind|p1a: Raging Bolt
|-boost|p1a: Raging Bolt|spa|1
|-boost|p1a: Raging Bolt|spd|1
|move|p2a: Alomomola|Wish|p2a: Alomomola
|
|-heal|p1a: Raging Bolt|88/100|[from] item: Leftovers
|upkeep
|turn|23
|
|t:|1760846943
|move|p1a: Raging Bolt|Draco Meteor|p2a: Alomomola
|-enditem|p2a: Alomomola|Focus Sash
|-damage|p2a: Alomomola|1/100
|-unboost|p1a: Raging Bolt|spa|2
|move|p2a: Alomomola|Mirror Coat|p1a: Raging Bolt
|-damage|p1a: Raging Bolt|0 fnt
|faint|p1a: Raging Bolt
|-end|p1a: Raging Bolt|Protosynthesis|[silent]
|
|-heal|p2a: Alomomola|51/100|[from] move: Wish|[wisher] Alomomola
|upkeep
|
|t:|1760846948
|switch|p1a: Garganacl|Garganacl, F|100/100
|-damage|p1a: Garganacl|88/100|[from] Stealth Rock
|turn|24
|
|t:|1760846959
|-terastallize|p1a: Garganacl|Ghost
|move|p2a: Alomomola|Wish|p2a: Alomomola
|move|p1a: Garganacl|Salt Cure|p2a: Alomomola
|-damage|p2a: Alomomola|43/100
|-start|p2a: Alomomola|Salt Cure
|
|-heal|p1a: Garganacl|94/100|[from] item: Leftovers
|-damage|p2a: Alomomola|18/100|[from] Salt Cure
|upkeep
|turn|25
|
|t:|1760846966
|move|p2a: Alomomola|Flip Turn|p1a: Garganacl
|-damage|p1a: Garganacl|87/100
|
|t:|1760846975
|switch|p2a: Zamazenta|Zamazenta|21/100|[from] Flip Turn
|move|p1a: Garganacl|Salt Cure|p2a: Zamazenta
|-resisted|p2a: Zamazenta
|-damage|p2a: Zamazenta|15/100
|-start|p2a: Zamazenta|Salt Cure
|
|-heal|p2a: Zamazenta|84/100|[from] move: Wish|[wisher] Alomomola
|-heal|p1a: Garganacl|93/100|[from] item: Leftovers
|-damage|p2a: Zamazenta|72/100|[from] Salt Cure
|upkeep
|turn|26
|
|t:|1760846988
|move|p1a: Garganacl|Protect|p1a: Garganacl
|-singleturn|p1a: Garganacl|Protect
|move|p2a: Zamazenta|Psychic Fangs|p1a: Garganacl
|-activate|p1a: Garganacl|move: Protect
|
|-heal|p1a: Garganacl|99/100|[from] item: Leftovers
|-damage|p2a: Zamazenta|60/100|[from] Salt Cure
|upkeep
|turn|27
|
|t:|1760846997
|move|p2a: Zamazenta|Psychic Fangs|p1a: Garganacl
|-damage|p1a: Garganacl|84/100
|move|p1a: Garganacl|Salt Cure|p2a: Zamazenta
|-resisted|p2a: Zamazenta
|-damage|p2a: Zamazenta|54/100
|
|-heal|p1a: Garganacl|90/100|[from] item: Leftovers
|-damage|p2a: Zamazenta|42/100|[from] Salt Cure
|upkeep
|turn|28
|
|t:|1760847003
|move|p2a: Zamazenta|Psychic Fangs|p1a: Garganacl
|-damage|p1a: Garganacl|74/100
|move|p1a: Garganacl|Salt Cure|p2a: Zamazenta
|-resisted|p2a: Zamazenta
|-damage|p2a: Zamazenta|37/100
|
|-heal|p1a: Garganacl|80/100|[from] item: Leftovers
|-damage|p2a: Zamazenta|24/100|[from] Salt Cure
|upkeep
|turn|29
|
|t:|1760847020
|switch|p2a: Alomomola|Alomomola, F|51/100
|move|p1a: Garganacl|Salt Cure|p2a: Alomomola
|-damage|p2a: Alomomola|44/100
|-start|p2a: Alomomola|Salt Cure
|
|-heal|p1a: Garganacl|86/100|[from] item: Leftovers
|-damage|p2a: Alomomola|19/100|[from] Salt Cure
|upkeep
|turn|30
|
|t:|1760847035
|move|p2a: Alomomola|Wish|p2a: Alomomola
|move|p1a: Garganacl|Salt Cure|p2a: Alomomola
|-damage|p2a: Alomomola|11/100
|
|-heal|p1a: Garganacl|92/100|[from] item: Leftovers
|-damage|p2a: Alomomola|0 fnt|[from] Salt Cure
|faint|p2a: Alomomola
|upkeep
|
|t:|1760847045
|switch|p2a: Zamazenta|Zamazenta|24/100
|turn|31
|
|t:|1760847059
|move|p2a: Zamazenta|Ice Fang|p1a: Garganacl
|-damage|p1a: Garganacl|80/100
|move|p1a: Garganacl|Salt Cure|p2a: Zamazenta
|-resisted|p2a: Zamazenta
|-damage|p2a: Zamazenta|19/100
|-start|p2a: Zamazenta|Salt Cure
|
|-heal|p2a: Zamazenta|88/100|[from] move: Wish|[wisher] Alomomola
|-heal|p1a: Garganacl|87/100|[from] item: Leftovers
|-damage|p2a: Zamazenta|76/100|[from] Salt Cure
|upkeep
|turn|32
|
|t:|1760847076
|move|p2a: Zamazenta|Psychic Fangs|p1a: Garganacl
|-damage|p1a: Garganacl|71/100
|move|p1a: Garganacl|Salt Cure|p2a: Zamazenta
|-resisted|p2a: Zamazenta
|-damage|p2a: Zamazenta|71/100
|
|-heal|p1a: Garganacl|77/100|[from] item: Leftovers
|-damage|p2a: Zamazenta|58/100|[from] Salt Cure
|upkeep
|turn|33
|
|t:|1760847080
|move|p2a: Zamazenta|Psychic Fangs|p1a: Garganacl
|-damage|p1a: Garganacl|60/100
|move|p1a: Garganacl|Salt Cure|p2a: Zamazenta
|-resisted|p2a: Zamazenta
|-damage|p2a: Zamazenta|53/100
|
|-heal|p1a: Garganacl|66/100|[from] item: Leftovers
|-damage|p2a: Zamazenta|41/100|[from] Salt Cure
|upkeep
|turn|34
|inactive|bruhdder has 120 seconds left.
|inactive|bruhdder has 90 seconds left.
|inactive|bruhdder has 60 seconds left.
|inactive|bruhdder has 30 seconds left.
|inactive|bruhdder has 20 seconds left.
|inactive|bruhdder has 15 seconds left.
|inactive|bruhdder has 10 seconds left.
|inactive|bruhdder has 5 seconds left.
|-message|bruhdder lost due to inactivity.
|
|win|nube4real
|raw|bruhdder's rating: 1131 &rarr; <strong>1110</strong><br />(-21 for losing)
|raw|nube4real's rating: 1194 &rarr; <strong>1215</strong><br />(+21 for winning)
|c|☆nube4real|Yay
|c|☆nube4real|I thought I was gonna lose
|l|☆nube4real
|player|p2|
