|j|☆HZBKAI7
|j|☆mankindes
|t:|1760847044
|gametype|singles
|player|p1|HZBKAI7|2|1186
|player|p2|mankindes|steven|1219
|gen|9
|tier|[Gen 9] OU
|rated|
|rule|HP Percentage Mod: HP is shown in percentages
|rule|Endless Battle Clause: Forcing endless battles is banned
|rule|Species Clause: Limit one of each Pokémon
|rule|OHKO Clause: OHKO moves are banned
|rule|Evasion Items Clause: Evasion items are banned
|rule|Evasion Moves Clause: Evasion moves are banned
|rule|Evasion Abilities Clause: Evasion abilities are banned
|rule|Sleep Moves Clause: Sleep-inducing moves are banned
|clearpoke
|poke|p1|Kingambit, F|
|poke|p1|Iron Treads|
|poke|p1|Necrozma|
|poke|p1|Pecharunt|
|poke|p1|Enamorus, F|
|poke|p1|Samurott-Hisui, F|
|poke|p2|Dragonite, M|
|poke|p2|Dondozo, F|
|poke|p2|Iron Moth|
|poke|p2|Kingambit, F|
|poke|p2|Gliscor, F|
|poke|p2|Raging Bolt|
|teampreview
|
|t:|1760847052
|teamsize|p1|6
|teamsize|p2|6
|start
|switch|p1a: Samurott|Samurott-Hisui, F, shiny|100/100
|switch|p2a: 蟹子莱莱|Gliscor, F|100/100
|turn|1
|
|t:|1760847061
|move|p2a: 蟹子莱莱|Protect|p2a: 蟹子莱莱
|-singleturn|p2a: 蟹子莱莱|Protect
|move|p1a: Samurott|Razor Shell|p2a: 蟹子莱莱
|-activate|p2a: 蟹子莱莱|move: Protect
|
|-status|p2a: 蟹子莱莱|tox|[from] item: Toxic Orb
|upkeep
|turn|2
|
|t:|1760847068
|move|p1a: Samurott|Razor Shell|p2a: 蟹子莱莱
|-supereffective|p2a: 蟹子莱莱
|-crit|p2a: 蟹子莱莱
|-damage|p2a: 蟹子莱莱|0 fnt
|faint|p2a: 蟹子莱莱
|
|upkeep
|
|t:|1760847074
|switch|p2a: 长颈鹿|Raging Bolt|100/100
|turn|3
|
|t:|1760847078
|move|p1a: Samurott|Razor Shell|p2a: 长颈鹿
|-resisted|p2a: 长颈鹿
|-crit|p2a: 长颈鹿
|-damage|p2a: 长颈鹿|50/100
|move|p2a: 长颈鹿|Thunder|p1a: Samurott
|-supereffective|p1a: Samurott
|-damage|p1a: Samurott|0 fnt
|faint|p1a: Samurott
|
|upkeep
|
|t:|1760847079
|switch|p1a: Iron Treads|Iron Treads|100/100
|turn|4
|
|t:|1760847091
|-end|p2a: 长颈鹿|Protosynthesis|[silent]
|switch|p2a: sai|Dondozo, F|100/100
|move|p1a: Iron Treads|Earthquake|p2a: sai
|-damage|p2a: sai|80/100
|
|-heal|p2a: sai|86/100|[from] item: Leftovers
|upkeep
|turn|5
|
|t:|1760847108
|move|p1a: Iron Treads|Volt Switch|p2a: sai
|-supereffective|p2a: sai
|-damage|p2a: sai|67/100
|
|t:|1760847110
|-end|p1a: Iron Treads|Quark Drive|[silent]
|switch|p1a: Necrozma|Necrozma, shiny|100/100|[from] Volt Switch
|move|p2a: sai|Waterfall|p1a: Necrozma
|-damage|p1a: Necrozma|76/100
|
|-heal|p2a: sai|73/100|[from] item: Leftovers
|upkeep
|turn|6
|
|t:|1760847116
|move|p2a: sai|Protect|p2a: sai
|-singleturn|p2a: sai|Protect
|move|p1a: Necrozma|Photon Geyser|p2a: sai
|-activate|p2a: sai|move: Protect
|
|-heal|p2a: sai|79/100|[from] item: Leftovers
|upkeep
|turn|7
|
|t:|1760847128
|switch|p2a: 大将|Kingambit, F|100/100
|-activate|p2a: 大将|ability: Supreme Overlord
|-start|p2a: 大将|fallen1|[silent]
|move|p1a: Necrozma|Photon Geyser|p2a: 大将
|-immune|p2a: 大将
|
|upkeep
|turn|8
|
|t:|1760847139
|move|p1a: Necrozma|Earth Power|p2a: 大将
|-supereffective|p2a: 大将
|-damage|p2a: 大将|34/100
|move|p2a: 大将|Kowtow Cleave|p1a: Necrozma
|-supereffective|p1a: Necrozma
|-enditem|p1a: Necrozma|Colbur Berry|[eat]
|-enditem|p1a: Necrozma|Colbur Berry|[weaken]
|-damage|p1a: Necrozma|29/100
|-damage|p2a: 大将|24/100|[from] item: Life Orb
|
|upkeep
|turn|9
|
|t:|1760847149
|move|p2a: 大将|Sucker Punch|p1a: Necrozma
|-supereffective|p1a: Necrozma
|-damage|p1a: Necrozma|0 fnt
|faint|p1a: Necrozma
|-damage|p2a: 大将|14/100|[from] item: Life Orb
|
|upkeep
|
|t:|1760847149
|switch|p1a: Iron Treads|Iron Treads|100/100
|turn|10
|
|t:|1760847161
|-end|p2a: 大将|fallen1|[silent]
|switch|p2a: sai|Dondozo, F|79/100
|move|p1a: Iron Treads|Earthquake|p2a: sai
|-damage|p2a: sai|58/100
|
|-heal|p2a: sai|64/100|[from] item: Leftovers
|upkeep
|turn|11
|
|t:|1760847169
|move|p1a: Iron Treads|Volt Switch|p2a: sai
|-supereffective|p2a: sai
|-crit|p2a: sai
|-damage|p2a: sai|30/100
|
|t:|1760847169
|-end|p1a: Iron Treads|Quark Drive|[silent]
|switch|p1a: Pecharunt|Pecharunt|100/100|[from] Volt Switch
|-item|p1a: Pecharunt|Air Balloon
|move|p2a: sai|Waterfall|p1a: Pecharunt
|-damage|p1a: Pecharunt|83/100
|-enditem|p1a: Pecharunt|Air Balloon
|
|-heal|p2a: sai|36/100|[from] item: Leftovers
|upkeep
|turn|12
|
|t:|1760847173
|move|p2a: sai|Protect|p2a: sai
|-singleturn|p2a: sai|Protect
|move|p1a: Pecharunt|Malignant Chain|p2a: sai
|-activate|p2a: sai|move: Protect
|
|-heal|p2a: sai|43/100|[from] item: Leftovers
|upkeep
|turn|13
|
|t:|1760847185
|switch|p2a: 大将|Kingambit, F|14/100
|-activate|p2a: 大将|ability: Supreme Overlord
|-start|p2a: 大将|fallen1|[silent]
|move|p1a: Pecharunt|Malignant Chain|p2a: 大将
|-immune|p2a: 大将
|
|upkeep
|turn|14
|
|t:|1760847194
|move|p1a: Pecharunt|Shadow Ball|p2a: 大将
|-resisted|p2a: 大将
|-damage|p2a: 大将|0 fnt
|faint|p2a: 大将
|-end|p2a: 大将|fallen1|[silent]
|
|upkeep
|
|t:|1760847204
|switch|p2a: 花火|Iron Moth|100/100
|turn|15
|
|t:|1760847209
|move|p2a: 花火|Fiery Dance|p1a: Pecharunt
|-damage|p1a: Pecharunt|35/100
|move|p1a: Pecharunt|Shadow Ball|p2a: 花火
|-damage|p2a: 花火|70/100
|
|upkeep
|turn|16
|
|t:|1760847216
|move|p2a: 花火|Fiery Dance|p1a: Pecharunt
|-damage|p1a: Pecharunt|0 fnt
|-boost|p2a: 花火|spa|1
|faint|p1a: Pecharunt
|
|upkeep
|
|t:|1760847217
|switch|p1a: Iron Treads|Iron Treads|100/100
|turn|17
|
|t:|1760847230
|-terastallize|p2a: 花火|Grass
|-terastallize|p1a: Iron Treads|Ghost
|move|p2a: 花火|Fiery Dance|p1a: Iron Treads
|-damage|p1a: Iron Treads|42/100
|move|p1a: Iron Treads|Earthquake|p2a: 花火
|-resisted|p2a: 花火
|-damage|p2a: 花火|28/100
|
|upkeep
|turn|18
|
|t:|1760847240
|move|p2a: 花火|Fiery Dance|p1a: Iron Treads
|-damage|p1a: Iron Treads|0 fnt
|-boost|p2a: 花火|spa|1
|faint|p1a: Iron Treads
|-end|p1a: Iron Treads|Quark Drive|[silent]
|
|upkeep
|
|t:|1760847247
|switch|p1a: Enamorus|Enamorus, F, shiny|100/100
|turn|19
|
|t:|1760847253
|move|p1a: Enamorus|Mystical Fire|p2a: 花火
|-supereffective|p2a: 花火
|-damage|p2a: 花火|0 fnt
|faint|p2a: 花火
|-end|p2a: 花火|Quark Drive|[silent]
|
|upkeep
|
|t:|1760847260
|switch|p2a: 长颈鹿|Raging Bolt|50/100
|turn|20
|
|t:|1760847265
|switch|p1a: Kingambit|Kingambit, F, shiny|100/100
|-activate|p1a: Kingambit|ability: Supreme Overlord
|-start|p1a: Kingambit|fallen4|[silent]
|move|p2a: 长颈鹿|Thunderclap||[still]
|-fail|p2a: 长颈鹿
|
|upkeep
|turn|21
|
|t:|1760847271
|move|p2a: 长颈鹿|Thunderclap|p1a: Kingambit
|-damage|p1a: Kingambit|37/100
|move|p1a: Kingambit|Kowtow Cleave|p2a: 长颈鹿
|-damage|p2a: 长颈鹿|0 fnt
|faint|p2a: 长颈鹿
|-end|p2a: 长颈鹿|Protosynthesis|[silent]
|
|upkeep
|
|t:|1760847279
|switch|p2a: sai|Dondozo, F|43/100
|turn|22
|
|t:|1760847282
|move|p2a: sai|Protect|p2a: sai
|-singleturn|p2a: sai|Protect
|move|p1a: Kingambit|Kowtow Cleave|p2a: sai
|-activate|p2a: sai|move: Protect
|
|-heal|p2a: sai|49/100|[from] item: Leftovers
|upkeep
|turn|23
|
|t:|1760847290
|move|p1a: Kingambit|Kowtow Cleave|p2a: sai
|-damage|p2a: sai|15/100
|move|p2a: sai|Earthquake|p1a: Kingambit
|-supereffective|p1a: Kingambit
|-damage|p1a: Kingambit|4/100
|
|-heal|p2a: sai|21/100|[from] item: Leftovers
|upkeep
|turn|24
|
|t:|1760847299
|move|p2a: sai|Protect|p2a: sai
|-singleturn|p2a: sai|Protect
|move|p1a: Kingambit|Kowtow Cleave|p2a: sai
|-activate|p2a: sai|move: Protect
|
|-heal|p2a: sai|27/100|[from] item: Leftovers
|upkeep
|turn|25
|
|t:|1760847310
|move|p1a: Kingambit|Kowtow Cleave|p2a: sai
|-damage|p2a: sai|0 fnt
|faint|p2a: sai
|
|upkeep
|
|t:|1760847315
|switch|p2a: 肥大|Dragonite, M, shiny|100/100
|turn|26
|
|t:|1760847321
|move|p2a: 肥大|Extreme Speed|p1a: Kingambit
|-resisted|p1a: Kingambit
|-damage|p1a: Kingambit|0 fnt
|faint|p1a: Kingambit
|-end|p1a: Kingambit|fallen4|[silent]
|
|upkeep
|
|t:|1760847321
|switch|p1a: Enamorus|Enamorus, F, shiny|100/100
|turn|27
|
|t:|1760847336
|move|p2a: 肥大|Extreme Speed|p1a: Enamorus
|-crit|p1a: Enamorus
|-damage|p1a: Enamorus|25/100
|move|p1a: Enamorus|Moonblast|p2a: 肥大
|-supereffective|p2a: 肥大
|-damage|p2a: 肥大|48/100
|
|upkeep
|turn|28
|
|t:|1760847344
|move|p2a: 肥大|Extreme Speed|p1a: Enamorus
|-damage|p1a: Enamorus|0 fnt
|faint|p1a: Enamorus
|
|win|mankindes
|raw|HZBKAI7's rating: 1186 &rarr; <strong>1163</strong><br />(-23 for losing)
|raw|mankindes's rating: 1219 &rarr; <strong>1242</strong><br />(+23 for winning)
|l|☆HZBKAI7
|player|p1|
|l|☆mankindes
|player|p2|
