|j|☆karakel
|j|☆t1nkt0n
|t:|1760769729
|gametype|singles
|player|p1|karakel|cowgirl|1534
|player|p2|t1nkt0n|shadowtriad|1514
|gen|9
|tier|[Gen 9] OU
|rated|
|rule|HP Percentage Mod: HP is shown in percentages
|rule|Endless Battle Clause: Forcing endless battles is banned
|rule|Species Clause: Limit one of each Pokémon
|rule|OHKO Clause: OHKO moves are banned
|rule|Evasion Items Clause: Evasion items are banned
|rule|Evasion Moves Clause: Evasion moves are banned
|rule|Evasion Abilities Clause: Evasion abilities are banned
|rule|Sleep Moves Clause: Sleep-inducing moves are banned
|clearpoke
|poke|p1|Lilligant-Hisui, F|
|poke|p1|Ninetales, M|
|poke|p1|Great Tusk|
|poke|p1|Walking Wake|
|poke|p1|Cresselia, F|
|poke|p1|Cinderace, F|
|poke|p2|Iron Valiant|
|poke|p2|Great Tusk|
|poke|p2|Dragonite, M|
|poke|p2|Deoxys-Speed|
|poke|p2|Glimmora, M|
|poke|p2|Kingambit, F|
|teampreview
|j| ogkbee
|inactive|Battle timer is ON: inactive players will automatically lose when time's up. (requested by karakel)
|
|t:|1760769746
|teamsize|p1|6
|teamsize|p2|6
|start
|switch|p1a: Ninetales|Ninetales, M|100/100
|switch|p2a: Glimmora|Glimmora, M|100/100
|-weather|SunnyDay|[from] ability: Drought|[of] p1a: Ninetales
|turn|1
|
|t:|1760769764
|switch|p1a: Great Tusk|Great Tusk|100/100
|-activate|p1a: Great Tusk|ability: Protosynthesis
|-start|p1a: Great Tusk|protosynthesisspe
|move|p2a: Glimmora|Meteor Beam||[still]
|-prepare|p2a: Glimmora|Meteor Beam
|-boost|p2a: Glimmora|spa|1
|-enditem|p2a: Glimmora|Power Herb
|-anim|p2a: Glimmora|Meteor Beam|p1a: Great Tusk
|-resisted|p1a: Great Tusk
|-damage|p1a: Great Tusk|68/100
|
|-weather|SunnyDay|[upkeep]
|upkeep
|turn|2
|
|t:|1760769789
|switch|p2a: Deoxys|Deoxys-Speed|100/100
|-ability|p2a: Deoxys|Pressure
|move|p1a: Great Tusk|Headlong Rush|p2a: Deoxys
|-damage|p2a: Deoxys|35/100
|-unboost|p1a: Great Tusk|def|1
|-unboost|p1a: Great Tusk|spd|1
|-enditem|p1a: Great Tusk|Eject Pack
|
|t:|1760769799
|-end|p1a: Great Tusk|Protosynthesis|[silent]
|switch|p1a: Cinderace|Cinderace, F|100/100
|
|-weather|SunnyDay|[upkeep]
|upkeep
|turn|3
|
|t:|1760769806
|switch|p2a: Glimmora|Glimmora, M|100/100
|move|p1a: Cinderace|U-turn|p2a: Glimmora
|-start|p1a: Cinderace|typechange|Bug|[from] ability: Libero
|-resisted|p2a: Glimmora
|-damage|p2a: Glimmora|78/100
|-activate|p2a: Glimmora|ability: Toxic Debris
|-sidestart|p1: karakel|move: Toxic Spikes
|
|t:|1760769813
|switch|p1a: Great Tusk|Great Tusk|68/100|[from] U-turn
|-status|p1a: Great Tusk|psn
|-activate|p1a: Great Tusk|ability: Protosynthesis
|-start|p1a: Great Tusk|protosynthesisspe
|
|-weather|SunnyDay|[upkeep]
|-damage|p1a: Great Tusk|56/100 psn|[from] psn
|upkeep
|turn|4
|
|t:|1760769828
|-terastallize|p2a: Glimmora|Ghost
|move|p1a: Great Tusk|Headlong Rush|p2a: Glimmora
|-damage|p2a: Glimmora|12/100
|-unboost|p1a: Great Tusk|def|1
|-unboost|p1a: Great Tusk|spd|1
|-activate|p2a: Glimmora|ability: Toxic Debris
|-sidestart|p1: karakel|move: Toxic Spikes
|move|p2a: Glimmora|Stealth Rock|p1a: Great Tusk
|-sidestart|p1: karakel|move: Stealth Rock
|
|-weather|SunnyDay|[upkeep]
|-damage|p1a: Great Tusk|44/100 psn|[from] psn
|upkeep
|turn|5
|
|t:|1760769846
|move|p1a: Great Tusk|Ice Spinner|p2a: Glimmora
|-damage|p2a: Glimmora|0 fnt
|faint|p2a: Glimmora
|
|-weather|SunnyDay|[upkeep]
|-damage|p1a: Great Tusk|31/100 psn|[from] psn
|upkeep
|
|t:|1760769847
|switch|p2a: Dragonite|Dragonite, M, shiny|100/100
|turn|6
|
|t:|1760769852
|switch|p2a: Kingambit|Kingambit, F|100/100
|-activate|p2a: Kingambit|ability: Supreme Overlord
|-start|p2a: Kingambit|fallen1|[silent]
|move|p1a: Great Tusk|Ice Spinner|p2a: Kingambit
|-resisted|p2a: Kingambit
|-damage|p2a: Kingambit|91/100
|
|-weather|SunnyDay|[upkeep]
|-damage|p1a: Great Tusk|19/100 psn|[from] psn
|upkeep
|turn|7
|
|t:|1760769860
|move|p2a: Kingambit|Sucker Punch|p1a: Great Tusk
|-resisted|p1a: Great Tusk
|-damage|p1a: Great Tusk|0 fnt
|faint|p1a: Great Tusk
|-end|p1a: Great Tusk|Protosynthesis|[silent]
|
|-weather|SunnyDay|[upkeep]
|upkeep
|
|t:|1760769863
|switch|p1a: Cinderace|Cinderace, F|100/100
|-status|p1a: Cinderace|tox
|-damage|p1a: Cinderace|76/100 tox|[from] Stealth Rock
|turn|8
|
|t:|1760769872
|-end|p2a: Kingambit|fallen1|[silent]
|switch|p2a: Dragonite|Dragonite, M, shiny|100/100
|move|p1a: Cinderace|Court Change|p1a: Cinderace
|-start|p1a: Cinderace|typechange|Normal|[from] ability: Libero
|-swapsideconditions
|-activate|p1a: Cinderace|move: Court Change
|
|-weather|none
|-damage|p1a: Cinderace|70/100 tox|[from] psn
|upkeep
|turn|9
|
|t:|1760769875
|switch|p1a: Ninetales|Ninetales, M|100/100
|-weather|SunnyDay|[from] ability: Drought|[of] p1a: Ninetales
|move|p2a: Dragonite|Dragon Dance|p2a: Dragonite
|-boost|p2a: Dragonite|atk|1
|-boost|p2a: Dragonite|spe|1
|
|-weather|SunnyDay|[upkeep]
|upkeep
|turn|10
|
|t:|1760769880
|move|p2a: Dragonite|Earthquake|p1a: Ninetales
|-supereffective|p1a: Ninetales
|-damage|p1a: Ninetales|0 fnt
|faint|p1a: Ninetales
|
|-weather|SunnyDay|[upkeep]
|upkeep
|
|t:|1760769884
|switch|p1a: Walking Wake|Walking Wake|100/100
|-activate|p1a: Walking Wake|ability: Protosynthesis
|-start|p1a: Walking Wake|protosynthesisspa
|turn|11
|
|t:|1760769889
|move|p2a: Dragonite|Substitute|p2a: Dragonite
|-start|p2a: Dragonite|Substitute
|-damage|p2a: Dragonite|76/100
|move|p1a: Walking Wake|Draco Meteor|p2a: Dragonite
|-supereffective|p2a: Dragonite
|-end|p2a: Dragonite|Substitute
|-unboost|p1a: Walking Wake|spa|2
|
|-weather|SunnyDay|[upkeep]
|-heal|p2a: Dragonite|82/100|[from] item: Leftovers
|upkeep
|turn|12
|
|t:|1760769900
|move|p2a: Dragonite|Dragon Dance|p2a: Dragonite
|-boost|p2a: Dragonite|atk|1
|-boost|p2a: Dragonite|spe|1
|move|p1a: Walking Wake|Draco Meteor|p2a: Dragonite
|-supereffective|p2a: Dragonite
|-damage|p2a: Dragonite|0 fnt
|-unboost|p1a: Walking Wake|spa|2
|faint|p2a: Dragonite
|
|-weather|SunnyDay|[upkeep]
|upkeep
|
|t:|1760769903
|switch|p2a: Kingambit|Kingambit, F|91/100
|-damage|p2a: Kingambit|85/100|[from] Stealth Rock
|-activate|p2a: Kingambit|ability: Supreme Overlord
|-start|p2a: Kingambit|fallen2|[silent]
|turn|13
|
|t:|1760769910
|-end|p1a: Walking Wake|Protosynthesis|[silent]
|switch|p1a: Cinderace|Cinderace, F|70/100 tox
|move|p2a: Kingambit|Swords Dance|p2a: Kingambit
|-boost|p2a: Kingambit|atk|2
|
|-weather|SunnyDay|[upkeep]
|-damage|p1a: Cinderace|64/100 tox|[from] psn
|upkeep
|turn|14
|
|t:|1760769913
|move|p2a: Kingambit|Sucker Punch|p1a: Cinderace
|-damage|p1a: Cinderace|0 fnt
|faint|p1a: Cinderace
|
|-weather|SunnyDay|[upkeep]
|upkeep
|
|t:|1760769916
|switch|p1a: Lilligant|Lilligant-Hisui, F|100/100
|turn|15
|
|t:|1760769938
|move|p2a: Kingambit|Sucker Punch|p1a: Lilligant
|-resisted|p1a: Lilligant
|-damage|p1a: Lilligant|36/100
|move|p1a: Lilligant|Close Combat|p2a: Kingambit
|-supereffective|p2a: Kingambit
|-damage|p2a: Kingambit|0 fnt
|-unboost|p1a: Lilligant|def|1
|-unboost|p1a: Lilligant|spd|1
|faint|p2a: Kingambit
|-end|p2a: Kingambit|fallen2|[silent]
|
|-weather|SunnyDay|[upkeep]
|-heal|p1a: Lilligant|42/100|[from] item: Leftovers
|upkeep
|
|t:|1760769945
|switch|p2a: Great Tusk|Great Tusk, shiny|100/100
|-status|p2a: Great Tusk|tox
|-damage|p2a: Great Tusk|98/100 tox|[from] Stealth Rock
|-activate|p2a: Great Tusk|ability: Protosynthesis
|-start|p2a: Great Tusk|protosynthesisspe
|turn|16
|
|t:|1760769949
|move|p1a: Lilligant|Solar Blade||[still]
|-prepare|p1a: Lilligant|Solar Blade
|-anim|p1a: Lilligant|Solar Blade|p2a: Great Tusk
|-supereffective|p2a: Great Tusk
|-damage|p2a: Great Tusk|19/100 tox
|move|p2a: Great Tusk|Headlong Rush|p1a: Lilligant
|-resisted|p1a: Lilligant
|-damage|p1a: Lilligant|0 fnt
|-unboost|p2a: Great Tusk|def|1
|-unboost|p2a: Great Tusk|spd|1
|faint|p1a: Lilligant
|
|-weather|none
|-end|p2a: Great Tusk|Protosynthesis
|-damage|p2a: Great Tusk|12/100 tox|[from] psn
|upkeep
|-enditem|p2a: Great Tusk|Booster Energy
|-activate|p2a: Great Tusk|ability: Protosynthesis|[fromitem]
|-start|p2a: Great Tusk|protosynthesisspe
|
|t:|1760769960
|switch|p1a: Cresselia|Cresselia, F|100/100
|turn|17
|
|t:|1760769969
|move|p2a: Great Tusk|Head Smash|p1a: Cresselia
|-damage|p1a: Cresselia|75/100
|-damage|p2a: Great Tusk|0 fnt|[from] Recoil
|-enditem|p1a: Cresselia|Eject Button
|faint|p2a: Great Tusk
|-end|p2a: Great Tusk|Protosynthesis|[silent]
|
|t:|1760769974
|switch|p1a: Walking Wake|Walking Wake|100/100
|
|upkeep
|
|t:|1760769977
|switch|p2a: Iron Valiant|Iron Valiant|100/100
|-status|p2a: Iron Valiant|tox
|-damage|p2a: Iron Valiant|94/100 tox|[from] Stealth Rock
|-enditem|p2a: Iron Valiant|Booster Energy
|-activate|p2a: Iron Valiant|ability: Quark Drive|[fromitem]
|-start|p2a: Iron Valiant|quarkdrivespe
|turn|18
|
|t:|1760769982
|-end|p1a: Walking Wake|Protosynthesis|[silent]
|switch|p1a: Cresselia|Cresselia, F|75/100
|move|p2a: Iron Valiant|Moonblast|p1a: Cresselia
|-damage|p1a: Cresselia|48/100
|
|-damage|p2a: Iron Valiant|88/100 tox|[from] psn
|upkeep
|turn|19
|
|t:|1760769987
|move|p2a: Iron Valiant|Taunt|p1a: Cresselia
|-start|p1a: Cresselia|move: Taunt
|cant|p1a: Cresselia|move: Taunt|Thunder Wave
|
|-damage|p2a: Iron Valiant|76/100 tox|[from] psn
|upkeep
|turn|20
|
|t:|1760769996
|move|p2a: Iron Valiant|Knock Off|p1a: Cresselia
|-supereffective|p1a: Cresselia
|-damage|p1a: Cresselia|24/100
|move|p1a: Cresselia|Ice Beam|p2a: Iron Valiant
|-damage|p2a: Iron Valiant|41/100 tox
|
|-damage|p2a: Iron Valiant|22/100 tox|[from] psn
|upkeep
|turn|21
|
|t:|1760770003
|move|p2a: Iron Valiant|Moonblast|p1a: Cresselia
|-damage|p1a: Cresselia|0 fnt
|faint|p1a: Cresselia
|
|-damage|p2a: Iron Valiant|0 fnt|[from] psn
|faint|p2a: Iron Valiant
|-end|p2a: Iron Valiant|Quark Drive|[silent]
|upkeep
|
|t:|1760770007
|switch|p2a: Deoxys|Deoxys-Speed|35/100
|switch|p1a: Walking Wake|Walking Wake|100/100
|-status|p2a: Deoxys|tox
|-damage|p2a: Deoxys|23/100 tox|[from] Stealth Rock
|-ability|p2a: Deoxys|Pressure
|turn|22
|
|t:|1760770011
|move|p2a: Deoxys|Psycho Boost|p1a: Walking Wake
|-damage|p1a: Walking Wake|44/100
|-unboost|p2a: Deoxys|spa|2
|move|p1a: Walking Wake|Hydro Steam|p2a: Deoxys
|-damage|p2a: Deoxys|0 fnt
|faint|p2a: Deoxys
|
|win|karakel
|raw|karakel's rating: 1534 &rarr; <strong>1553</strong><br />(+19 for winning)
|raw|t1nkt0n's rating: 1514 &rarr; <strong>1495</strong><br />(-19 for losing)
|l|☆t1nkt0n
|player|p2|
|l|☆karakel
|player|p1|
|l| ogkbee
