|j|☆pikachu soup
|j|☆DNU_ambassadors
|t:|1760726164
|gametype|singles
|player|p1|pikachu soup|170|1706
|player|p2|DNU_ambassadors|unknown|1693
|gen|9
|tier|[Gen 9] OU
|rated|
|rule|HP Percentage Mod: HP is shown in percentages
|rule|Endless Battle Clause: Forcing endless battles is banned
|rule|Species Clause: Limit one of each Pokémon
|rule|OHKO Clause: OHKO moves are banned
|rule|Evasion Items Clause: Evasion items are banned
|rule|Evasion Moves Clause: Evasion moves are banned
|rule|Evasion Abilities Clause: Evasion abilities are banned
|rule|Sleep Moves Clause: Sleep-inducing moves are banned
|clearpoke
|poke|p1|Scizor, M|
|poke|p1|Gliscor, M|
|poke|p1|Sinistcha|
|poke|p1|Great Tusk|
|poke|p1|Tornadus-Therian, M|
|poke|p1|Kingambit, F|
|poke|p2|Alomomola, F|
|poke|p2|Clefable, F|
|poke|p2|Cinderace, M|
|poke|p2|Goodra-Hisui, F|
|poke|p2|Ursaluna, F|
|poke|p2|Zapdos|
|teampreview
|inactive|Battle timer is ON: inactive players will automatically lose when time's up. (requested by DNU_ambassadors)
|inactive|DNU_ambassadors has 120 seconds left.
|
|t:|1760726195
|teamsize|p1|6
|teamsize|p2|6
|start
|switch|p1a: Gliscor|Gliscor, M|100/100
|switch|p2a: Clefable|Clefable, F|100/100
|turn|1
|
|t:|1760726204
|move|p1a: Gliscor|Spikes|p2a: Clefable
|-sidestart|p2: DNU_ambassadors|Spikes
|move|p2a: Clefable|Stealth Rock|p1a: Gliscor
|-sidestart|p1: pikachu soup|move: Stealth Rock
|
|-status|p1a: Gliscor|tox|[from] item: Toxic Orb
|upkeep
|turn|2
|
|t:|1760726210
|move|p1a: Gliscor|Spikes|p2a: Clefable
|-sidestart|p2: DNU_ambassadors|Spikes
|move|p2a: Clefable|Wish|p2a: Clefable
|
|upkeep
|turn|3
|
|t:|1760726219
|switch|p2a: Zapdos|Zapdos|100/100
|move|p1a: Gliscor|U-turn|p2a: Zapdos
|-resisted|p2a: Zapdos
|-damage|p2a: Zapdos|95/100
|inactive|pikachu soup has 120 seconds left.
|
|t:|1760726268
|switch|p1a: Tornadus|Tornadus-Therian, M|100/100|[from] U-turn
|-damage|p1a: Tornadus|76/100|[from] Stealth Rock
|
|-heal|p2a: Zapdos|100/100|[from] move: Wish|[wisher] Clefable
|upkeep
|turn|4
|
|t:|1760726273
|move|p1a: Tornadus|Knock Off|p2a: Zapdos
|-damage|p2a: Zapdos|86/100
|-status|p1a: Tornadus|par|[from] ability: Static|[of] p2a: Zapdos
|-enditem|p2a: Zapdos|Heavy-Duty Boots|[from] move: Knock Off|[of] p1a: Tornadus
|move|p2a: Zapdos|Thunder Wave|p1a: Tornadus
|-fail|p1a: Tornadus|par
|
|upkeep
|turn|5
|
|t:|1760726279
|move|p2a: Zapdos|Hurricane|p1a: Tornadus
|-damage|p1a: Tornadus|46/100 par
|move|p1a: Tornadus|U-turn|p2a: Zapdos
|-resisted|p2a: Zapdos
|-damage|p2a: Zapdos|82/100
|inactive|pikachu soup has 120 seconds left.
|
|t:|1760726290
|switch|p1a: Gliscor|Gliscor, M|100/100 tox|[from] U-turn
|-damage|p1a: Gliscor|88/100 tox|[from] Stealth Rock
|
|-heal|p1a: Gliscor|100/100 tox|[from] ability: Poison Heal
|upkeep
|turn|6
|
|t:|1760726307
|switch|p2a: Ursaluna|Ursaluna, F|100/100
|-damage|p2a: Ursaluna|84/100|[from] Spikes
|move|p1a: Gliscor|Toxic|p2a: Ursaluna
|-status|p2a: Ursaluna|tox
|
|-damage|p2a: Ursaluna|78/100 tox|[from] psn
|upkeep
|turn|7
|
|t:|1760726316
|move|p1a: Gliscor|Spikes|p2a: Ursaluna
|-sidestart|p2: DNU_ambassadors|Spikes
|move|p2a: Ursaluna|Swords Dance|p2a: Ursaluna
|-boost|p2a: Ursaluna|atk|2
|
|-damage|p2a: Ursaluna|65/100 tox|[from] psn
|upkeep
|turn|8
|
|t:|1760726327
|move|p1a: Gliscor|Protect|p1a: Gliscor
|-singleturn|p1a: Gliscor|Protect
|move|p2a: Ursaluna|Facade|p1a: Gliscor
|-activate|p1a: Gliscor|move: Protect
|
|-damage|p2a: Ursaluna|46/100 tox|[from] psn
|upkeep
|turn|9
|
|t:|1760726330
|switch|p1a: Sinistcha|Sinistcha|100/100
|move|p2a: Ursaluna|Fire Punch|p1a: Sinistcha
|-supereffective|p1a: Sinistcha
|-crit|p1a: Sinistcha
|-damage|p1a: Sinistcha|0 fnt
|faint|p1a: Sinistcha
|
|-damage|p2a: Ursaluna|21/100 tox|[from] psn
|upkeep
|
|t:|1760726333
|switch|p1a: Gliscor|Gliscor, M|100/100 tox
|-damage|p1a: Gliscor|88/100 tox|[from] Stealth Rock
|turn|10
|
|t:|1760726339
|switch|p2a: Clefable|Clefable, F|100/100
|move|p1a: Gliscor|Protect||[still]
|-fail|p1a: Gliscor
|
|-heal|p1a: Gliscor|100/100 tox|[from] ability: Poison Heal
|upkeep
|turn|11
|
|t:|1760726346
|move|p1a: Gliscor|U-turn|p2a: Clefable
|-resisted|p2a: Clefable
|-damage|p2a: Clefable|95/100
|
|t:|1760726349
|switch|p1a: Scizor|Scizor, M|100/100|[from] U-turn
|-damage|p1a: Scizor|88/100|[from] Stealth Rock
|move|p2a: Clefable|Wish|p2a: Clefable
|
|-heal|p2a: Clefable|100/100|[from] item: Leftovers
|upkeep
|turn|12
|
|t:|1760726368
|switch|p2a: Zapdos|Zapdos|82/100
|move|p1a: Scizor|U-turn|p2a: Zapdos
|-resisted|p2a: Zapdos
|-damage|p2a: Zapdos|60/100
|
|t:|1760726375
|switch|p1a: Gliscor|Gliscor, M|100/100 tox|[from] U-turn
|-damage|p1a: Gliscor|88/100 tox|[from] Stealth Rock
|
|-heal|p2a: Zapdos|100/100|[from] move: Wish|[wisher] Clefable
|-heal|p1a: Gliscor|100/100 tox|[from] ability: Poison Heal
|upkeep
|turn|13
|
|t:|1760726380
|switch|p2a: Clefable|Clefable, F|100/100
|move|p1a: Gliscor|U-turn|p2a: Clefable
|-resisted|p2a: Clefable
|-damage|p2a: Clefable|95/100
|
|t:|1760726385
|switch|p1a: Scizor|Scizor, M|88/100|[from] U-turn
|-damage|p1a: Scizor|76/100|[from] Stealth Rock
|
|-heal|p2a: Clefable|100/100|[from] item: Leftovers
|upkeep
|turn|14
|
|t:|1760726392
|switch|p2a: Zapdos|Zapdos|100/100
|move|p1a: Scizor|U-turn|p2a: Zapdos
|-resisted|p2a: Zapdos
|-damage|p2a: Zapdos|79/100
|
|t:|1760726395
|switch|p1a: Great Tusk|Great Tusk|100/100|[from] U-turn
|
|upkeep
|turn|15
|
|t:|1760726401
|move|p1a: Great Tusk|Stealth Rock|p2a: Zapdos
|-sidestart|p2: DNU_ambassadors|move: Stealth Rock
|move|p2a: Zapdos|Hurricane|p1a: Great Tusk
|-supereffective|p1a: Great Tusk
|-damage|p1a: Great Tusk|0 fnt
|faint|p1a: Great Tusk
|-end|p1a: Great Tusk|Protosynthesis|[silent]
|
|upkeep
|
|t:|1760726409
|switch|p1a: Tornadus|Tornadus-Therian, M|79/100 par
|-damage|p1a: Tornadus|54/100 par|[from] Stealth Rock
|turn|16
|
|t:|1760726411
|move|p2a: Zapdos|Volt Switch|p1a: Tornadus
|-supereffective|p1a: Tornadus
|-damage|p1a: Tornadus|12/100 par
|
|t:|1760726419
|switch|p2a: Cinderace|Cinderace, M|100/100|[from] Volt Switch
|move|p1a: Tornadus|Bleakwind Storm|p2a: Cinderace
|-damage|p2a: Cinderace|50/100
|-unboost|p2a: Cinderace|spe|1
|
|upkeep
|turn|17
|
|t:|1760726427
|move|p2a: Cinderace|U-turn|p1a: Tornadus
|-start|p2a: Cinderace|typechange|Bug|[from] ability: Libero
|-resisted|p1a: Tornadus
|-damage|p1a: Tornadus|0 fnt
|faint|p1a: Tornadus
|
|t:|1760726435
|switch|p2a: Ursaluna|Ursaluna, F|21/100 tox|[from] U-turn
|-damage|p2a: Ursaluna|0 fnt|[from] Spikes
|faint|p2a: Ursaluna
|
|upkeep
|
|t:|1760726445
|switch|p1a: Scizor|Scizor, M|76/100
|switch|p2a: Cinderace|Cinderace, M|50/100
|-damage|p1a: Scizor|64/100|[from] Stealth Rock
|turn|18
|
|t:|1760726450
|-terastallize|p1a: Scizor|Steel
|move|p1a: Scizor|Bullet Punch|p2a: Cinderace
|-resisted|p2a: Cinderace
|-damage|p2a: Cinderace|3/100
|move|p2a: Cinderace|Court Change|p2a: Cinderace
|-start|p2a: Cinderace|typechange|Normal|[from] ability: Libero
|-swapsideconditions
|-activate|p2a: Cinderace|move: Court Change
|
|upkeep
|turn|19
|
|t:|1760726457
|move|p2a: Cinderace|Sucker Punch|p1a: Scizor
|-damage|p1a: Scizor|40/100
|move|p1a: Scizor|Bullet Punch|p2a: Cinderace
|-damage|p2a: Cinderace|0 fnt
|faint|p2a: Cinderace
|
|upkeep
|j| Capitaine Tenace
|
|t:|1760726473
|switch|p2a: Zapdos|Zapdos|79/100
|-damage|p2a: Zapdos|55/100|[from] Stealth Rock
|turn|20
|
|t:|1760726485
|move|p1a: Scizor|Bullet Punch|p2a: Zapdos
|-resisted|p2a: Zapdos
|-damage|p2a: Zapdos|28/100
|move|p2a: Zapdos|Roost|p2a: Zapdos
|-heal|p2a: Zapdos|78/100
|-singleturn|p2a: Zapdos|move: Roost
|
|upkeep
|turn|21
|
|t:|1760726491
|switch|p1a: Gliscor|Gliscor, M|100/100 tox
|-damage|p1a: Gliscor|88/100 tox|[from] Stealth Rock
|move|p2a: Zapdos|Hurricane|p1a: Gliscor|[miss]
|-miss|p2a: Zapdos|p1a: Gliscor
|
|-heal|p1a: Gliscor|100/100 tox|[from] ability: Poison Heal
|upkeep
|turn|22
|
|t:|1760726498
|switch|p2a: Clefable|Clefable, F|100/100
|move|p1a: Gliscor|Spikes|p2a: Clefable
|-sidestart|p2: DNU_ambassadors|Spikes
|
|upkeep
|turn|23
|
|t:|1760726502
|move|p1a: Gliscor|Spikes|p2a: Clefable
|-sidestart|p2: DNU_ambassadors|Spikes
|move|p2a: Clefable|Wish|p2a: Clefable
|
|upkeep
|turn|24
|
|t:|1760726511
|switch|p2a: Goodra|Goodra-Hisui, F|100/100
|-damage|p2a: Goodra|94/100|[from] Stealth Rock
|-damage|p2a: Goodra|78/100|[from] Spikes
|move|p1a: Gliscor|U-turn|p2a: Goodra
|-resisted|p2a: Goodra
|-damage|p2a: Goodra|71/100
|
|t:|1760726518
|switch|p1a: Scizor|Scizor, M, tera:Steel|40/100|[from] U-turn
|-damage|p1a: Scizor|16/100|[from] Spikes
|-damage|p1a: Scizor|10/100|[from] Stealth Rock
|
|-heal|p2a: Goodra|100/100|[from] move: Wish|[wisher] Clefable
|upkeep
|turn|25
|
|t:|1760726527
|switch|p2a: Alomomola|Alomomola, F|100/100
|move|p1a: Scizor|Close Combat|p2a: Alomomola
|-crit|p2a: Alomomola
|-damage|p2a: Alomomola|39/100
|-unboost|p1a: Scizor|def|1
|-unboost|p1a: Scizor|spd|1
|
|upkeep
|turn|26
|
|t:|1760726547
|move|p1a: Scizor|Close Combat|p2a: Alomomola
|-damage|p2a: Alomomola|0 fnt
|-unboost|p1a: Scizor|def|1
|-unboost|p1a: Scizor|spd|1
|faint|p2a: Alomomola
|
|upkeep
|
|t:|1760726549
|switch|p2a: Clefable|Clefable, F|100/100
|turn|27
|
|t:|1760726553
|move|p1a: Scizor|Close Combat|p2a: Clefable
|-resisted|p2a: Clefable
|-damage|p2a: Clefable|74/100
|-unboost|p1a: Scizor|def|1
|-unboost|p1a: Scizor|spd|1
|move|p2a: Clefable|Moonblast|p1a: Scizor
|-resisted|p1a: Scizor
|-damage|p1a: Scizor|0 fnt
|faint|p1a: Scizor
|
|-heal|p2a: Clefable|80/100|[from] item: Leftovers
|upkeep
|
|t:|1760726571
|switch|p1a: Kingambit|Kingambit, F|100/100
|-damage|p1a: Kingambit|75/100|[from] Spikes
|-damage|p1a: Kingambit|69/100|[from] Stealth Rock
|-activate|p1a: Kingambit|ability: Supreme Overlord
|-start|p1a: Kingambit|fallen4|[silent]
|turn|28
|
|t:|1760726586
|-terastallize|p2a: Clefable|Water
|move|p2a: Clefable|Moonblast|p1a: Kingambit
|-damage|p1a: Kingambit|37/100
|-unboost|p1a: Kingambit|spa|1
|move|p1a: Kingambit|Swords Dance|p1a: Kingambit
|-boost|p1a: Kingambit|atk|2
|
|-heal|p2a: Clefable|86/100|[from] item: Leftovers
|-heal|p1a: Kingambit|44/100|[from] item: Leftovers
|upkeep
|turn|29
|
|t:|1760726595
|move|p2a: Clefable|Protect|p2a: Clefable
|-singleturn|p2a: Clefable|Protect
|move|p1a: Kingambit|Sucker Punch||[still]
|-fail|p1a: Kingambit
|
|-heal|p2a: Clefable|92/100|[from] item: Leftovers
|-heal|p1a: Kingambit|50/100|[from] item: Leftovers
|upkeep
|turn|30
|
|t:|1760726598
|move|p1a: Kingambit|Sucker Punch|p2a: Clefable
|-damage|p2a: Clefable|1/100
|move|p2a: Clefable|Moonblast|p1a: Kingambit
|-damage|p1a: Kingambit|19/100
|
|-heal|p2a: Clefable|7/100|[from] item: Leftovers
|-heal|p1a: Kingambit|25/100|[from] item: Leftovers
|upkeep
|turn|31
|
|t:|1760726602
|move|p1a: Kingambit|Sucker Punch|p2a: Clefable
|-damage|p2a: Clefable|0 fnt
|faint|p2a: Clefable
|
|-heal|p1a: Kingambit|32/100|[from] item: Leftovers
|upkeep
|
|t:|1760726605
|switch|p2a: Goodra|Goodra-Hisui, F|100/100
|-damage|p2a: Goodra|94/100|[from] Stealth Rock
|-damage|p2a: Goodra|78/100|[from] Spikes
|turn|32
|
|t:|1760726617
|switch|p2a: Zapdos|Zapdos|78/100
|-damage|p2a: Zapdos|53/100|[from] Stealth Rock
|move|p1a: Kingambit|Kowtow Cleave|p2a: Zapdos
|-damage|p2a: Zapdos|0 fnt
|faint|p2a: Zapdos
|
|-heal|p1a: Kingambit|38/100|[from] item: Leftovers
|upkeep
|
|t:|1760726621
|switch|p2a: Goodra|Goodra-Hisui, F|78/100
|-damage|p2a: Goodra|72/100|[from] Stealth Rock
|-damage|p2a: Goodra|55/100|[from] Spikes
|turn|33
|
|t:|1760726629
|move|p2a: Goodra|Flamethrower|p1a: Kingambit
|-supereffective|p1a: Kingambit
|-damage|p1a: Kingambit|0 fnt
|faint|p1a: Kingambit
|-end|p1a: Kingambit|fallen4|[silent]
|
|upkeep
|
|t:|1760726633
|switch|p1a: Gliscor|Gliscor, M|100/100 tox
|-damage|p1a: Gliscor|88/100 tox|[from] Stealth Rock
|turn|34
|
|t:|1760726639
|move|p1a: Gliscor|U-turn|p2a: Goodra
|-resisted|p2a: Goodra
|-damage|p2a: Goodra|48/100
|move|p2a: Goodra|Flash Cannon|p1a: Gliscor
|-damage|p1a: Gliscor|40/100 tox
|
|-heal|p1a: Gliscor|53/100 tox|[from] ability: Poison Heal
|upkeep
|turn|35
|
|t:|1760726647
|move|p1a: Gliscor|Protect|p1a: Gliscor
|-singleturn|p1a: Gliscor|Protect
|move|p2a: Goodra|Flash Cannon|p1a: Gliscor
|-activate|p1a: Gliscor|move: Protect
|
|-heal|p1a: Gliscor|65/100 tox|[from] ability: Poison Heal
|upkeep
|turn|36
|
|t:|1760726652
|move|p1a: Gliscor|U-turn|p2a: Goodra
|-resisted|p2a: Goodra
|-damage|p2a: Goodra|41/100
|move|p2a: Goodra|Flash Cannon|p1a: Gliscor
|-damage|p1a: Gliscor|12/100 tox
|
|-heal|p1a: Gliscor|25/100 tox|[from] ability: Poison Heal
|upkeep
|turn|37
|
|t:|1760726655
|move|p1a: Gliscor|Protect|p1a: Gliscor
|-singleturn|p1a: Gliscor|Protect
|move|p2a: Goodra|Flash Cannon|p1a: Gliscor
|-activate|p1a: Gliscor|move: Protect
|
|-heal|p1a: Gliscor|37/100 tox|[from] ability: Poison Heal
|upkeep
|turn|38
|
|t:|1760726666
|move|p1a: Gliscor|Protect||[still]
|-fail|p1a: Gliscor
|move|p2a: Goodra|Flash Cannon|p1a: Gliscor
|-damage|p1a: Gliscor|0 fnt
|faint|p1a: Gliscor
|
|win|DNU_ambassadors
|raw|pikachu soup's rating: 1706 &rarr; <strong>1685</strong><br />(-21 for losing)
|raw|DNU_ambassadors's rating: 1693 &rarr; <strong>1714</strong><br />(+21 for winning)
|c|☆pikachu soup|gg
|c|☆DNU_ambassadors|gg
|l|☆pikachu soup
|player|p1|
|l|☆DNU_ambassadors
|player|p2|
