|j|☆Kikoobuster
|j|☆Princessjosie1001!
|t:|1760886013
|gametype|singles
|player|p1|Kikoobuster|170|1361
|player|p2|Princessjosie1001!|nurse|1336
|gen|9
|tier|[Gen 9] OU
|rated|
|rule|HP Percentage Mod: HP is shown in percentages
|rule|Endless Battle Clause: Forcing endless battles is banned
|rule|Species Clause: Limit one of each Pokémon
|rule|OHKO Clause: OHKO moves are banned
|rule|Evasion Items Clause: Evasion items are banned
|rule|Evasion Moves Clause: Evasion moves are banned
|rule|Evasion Abilities Clause: Evasion abilities are banned
|rule|Sleep Moves Clause: Sleep-inducing moves are banned
|clearpoke
|poke|p1|Ting-Lu|
|poke|p1|Jolteon, M|
|poke|p1|Slowking-Galar, M|
|poke|p1|Clefable, F|
|poke|p1|Iron Valiant|
|poke|p1|Corviknight, M|
|poke|p2|Yanmega, F|
|poke|p2|Cloyster, M|
|poke|p2|Salazzle, F|
|poke|p2|Espeon, M|
|poke|p2|Jirachi|
|poke|p2|Maushold-Four|
|teampreview
|
|t:|1760886017
|teamsize|p1|6
|teamsize|p2|6
|start
|switch|p1a: Ting-Lu|Ting-Lu|100/100
|switch|p2a: Jirachi|Jirachi|100/100
|-ability|p1a: Ting-Lu|Vessel of Ruin
|turn|1
|
|t:|1760886024
|move|p2a: Jirachi|U-turn|p1a: Ting-Lu
|-supereffective|p1a: Ting-Lu
|-damage|p1a: Ting-Lu|76/100
|
|t:|1760886027
|switch|p2a: No hazard allowed|Espeon, M|100/100|[from] U-turn
|move|p1a: Ting-Lu|Stealth Rock|p2a: No hazard allowed
|move|p2a: No hazard allowed|Stealth Rock|p1a: Ting-Lu|[from] ability: Magic Bounce
|-sidestart|p1: Kikoobuster|move: Stealth Rock
|
|-heal|p1a: Ting-Lu|82/100|[from] item: Leftovers
|upkeep
|turn|2
|
|t:|1760886035
|move|p2a: No hazard allowed|Trick|p1a: Ting-Lu
|-activate|p2a: No hazard allowed|move: Trick|[of] p1a: Ting-Lu
|-item|p1a: Ting-Lu|Choice Scarf|[from] move: Trick
|-item|p2a: No hazard allowed|Leftovers|[from] move: Trick
|move|p1a: Ting-Lu|Earthquake|p2a: No hazard allowed
|-damage|p2a: No hazard allowed|30/100
|
|-heal|p2a: No hazard allowed|36/100|[from] item: Leftovers
|upkeep
|turn|3
|
|t:|1760886043
|move|p2a: No hazard allowed|Shadow Ball|p1a: Ting-Lu
|-resisted|p1a: Ting-Lu
|-damage|p1a: Ting-Lu|76/100
|move|p1a: Ting-Lu|Earthquake|p2a: No hazard allowed
|-damage|p2a: No hazard allowed|0 fnt
|faint|p2a: No hazard allowed
|
|upkeep
|
|t:|1760886052
|switch|p2a: Jirachi|Jirachi|100/100
|turn|4
|
|t:|1760886055
|move|p2a: Jirachi|U-turn|p1a: Ting-Lu
|-supereffective|p1a: Ting-Lu
|-damage|p1a: Ting-Lu|52/100
|
|t:|1760886058
|switch|p2a: Yanmega|Yanmega, F|100/100|[from] U-turn
|move|p1a: Ting-Lu|Earthquake|p2a: Yanmega
|-immune|p2a: Yanmega
|
|upkeep
|turn|5
|
|t:|1760886066
|switch|p2a: Salazzle|Salazzle, F|100/100
|switch|p1a: Corviknight|Corviknight, M|100/100
|-damage|p1a: Corviknight|88/100|[from] Stealth Rock
|-ability|p1a: Corviknight|Pressure
|
|upkeep
|turn|6
|
|t:|1760886075
|switch|p1a: Ting-Lu|Ting-Lu|52/100
|-damage|p1a: Ting-Lu|46/100|[from] Stealth Rock
|-ability|p1a: Ting-Lu|Vessel of Ruin
|move|p2a: Salazzle|Toxic|p1a: Ting-Lu
|-status|p1a: Ting-Lu|tox
|
|-damage|p1a: Ting-Lu|39/100 tox|[from] psn
|upkeep
|turn|7
|inactive|Battle timer is ON: inactive players will automatically lose when time's up. (requested by Kikoobuster)
|
|t:|1760886084
|switch|p2a: Cloyster|Cloyster, M|100/100
|move|p1a: Ting-Lu|Stealth Rock|p2a: Cloyster
|-sidestart|p2: Princessjosie1001!|move: Stealth Rock
|
|-damage|p1a: Ting-Lu|27/100 tox|[from] psn
|upkeep
|turn|8
|
|t:|1760886090
|switch|p1a: Corviknight|Corviknight, M|88/100
|-damage|p1a: Corviknight|76/100|[from] Stealth Rock
|-ability|p1a: Corviknight|Pressure
|move|p2a: Cloyster|Shell Smash|p2a: Cloyster
|-unboost|p2a: Cloyster|def|1
|-unboost|p2a: Cloyster|spd|1
|-boost|p2a: Cloyster|atk|2
|-boost|p2a: Cloyster|spa|2
|-boost|p2a: Cloyster|spe|2
|
|upkeep
|turn|9
|
|t:|1760886103
|move|p2a: Cloyster|Shell Smash|p2a: Cloyster
|-unboost|p2a: Cloyster|def|1
|-unboost|p2a: Cloyster|spd|1
|-boost|p2a: Cloyster|atk|2
|-boost|p2a: Cloyster|spa|2
|-boost|p2a: Cloyster|spe|2
|move|p1a: Corviknight|Body Press|p2a: Cloyster
|-supereffective|p2a: Cloyster
|-damage|p2a: Cloyster|18/100
|
|upkeep
|turn|10
|
|t:|1760886111
|move|p2a: Cloyster|Icicle Spear|p1a: Corviknight
|-damage|p1a: Corviknight|56/100
|-damage|p1a: Corviknight|34/100
|-damage|p1a: Corviknight|14/100
|-damage|p1a: Corviknight|0 fnt
|faint|p1a: Corviknight
|-hitcount|p1: Corviknight|4
|
|upkeep
|
|t:|1760886119
|switch|p1a: Iron Valiant|Iron Valiant|100/100
|-damage|p1a: Iron Valiant|94/100|[from] Stealth Rock
|-enditem|p1a: Iron Valiant|Booster Energy
|-activate|p1a: Iron Valiant|ability: Quark Drive|[fromitem]
|-start|p1a: Iron Valiant|quarkdrivespe
|turn|11
|
|t:|1760886125
|-terastallize|p2a: Cloyster|Ice
|move|p2a: Cloyster|Ice Shard|p1a: Iron Valiant
|-damage|p1a: Iron Valiant|0 fnt
|faint|p1a: Iron Valiant
|-end|p1a: Iron Valiant|Quark Drive|[silent]
|
|upkeep
|
|t:|1760886134
|switch|p1a: Clefable|Clefable, F|100/100
|turn|12
|
|t:|1760886137
|move|p2a: Cloyster|Icicle Spear|p1a: Clefable
|-damage|p1a: Clefable|66/100
|-damage|p1a: Clefable|28/100
|-damage|p1a: Clefable|0 fnt
|faint|p1a: Clefable
|-hitcount|p1: Clefable|3
|
|upkeep
|-message|Kikoobuster forfeited.
|
|win|Princessjosie1001!
|raw|Kikoobuster's rating: 1361 &rarr; <strong>1340</strong><br />(-21 for losing)
|raw|Princessjosie1001!'s rating: 1336 &rarr; <strong>1357</strong><br />(+21 for winning)
|l|☆Kikoobuster
|player|p1|
|l|☆Princessjosie1001!
|player|p2|
