|j|☆Dorflord
|j|‽RadiantSol
|t:|1760765826
|gametype|singles
|player|p1|Dorflord|dancer-gen7|1265
|player|p2|RadiantSol|flint|1280
|gen|9
|tier|[Gen 9] OU
|rated|
|rule|HP Percentage Mod: HP is shown in percentages
|rule|Endless Battle Clause: Forcing endless battles is banned
|rule|Species Clause: Limit one of each Pokémon
|rule|OHKO Clause: OHKO moves are banned
|rule|Evasion Items Clause: Evasion items are banned
|rule|Evasion Moves Clause: Evasion moves are banned
|rule|Evasion Abilities Clause: Evasion abilities are banned
|rule|Sleep Moves Clause: Sleep-inducing moves are banned
|clearpoke
|poke|p1|Raging Bolt|
|poke|p1|Torkoal, M|
|poke|p1|Walking Wake|
|poke|p1|Slowking-Galar, F|
|poke|p1|Great Tusk|
|poke|p1|Moltres|
|poke|p2|Ninetales, F|
|poke|p2|Garchomp, F|
|poke|p2|Gengar, F|
|poke|p2|Leafeon, F|
|poke|p2|Espeon, F|
|poke|p2|Quaquaval, F|
|teampreview
|
|t:|1760765835
|teamsize|p1|6
|teamsize|p2|6
|start
|switch|p1a: Torkoal|Torkoal, M|100/100
|switch|p2a: Garchomp|Garchomp, F|100/100
|-weather|SunnyDay|[from] ability: Drought|[of] p1a: Torkoal
|turn|1
|
|t:|1760765842
|move|p2a: Garchomp|Stealth Rock|p1a: Torkoal
|-sidestart|p1: Dorflord|move: Stealth Rock
|move|p1a: Torkoal|Stealth Rock|p2a: Garchomp
|-sidestart|p2: RadiantSol|move: Stealth Rock
|
|-weather|SunnyDay|[upkeep]
|upkeep
|turn|2
|
|t:|1760765846
|switch|p1a: Moltres|Moltres|100/100
|move|p2a: Garchomp|Dragon Tail|p1a: Moltres
|-damage|p1a: Moltres|77/100
|drag|p1a: Great Tusk|Great Tusk|100/100
|-damage|p1a: Great Tusk|98/100|[from] Stealth Rock
|-activate|p1a: Great Tusk|ability: Protosynthesis
|-start|p1a: Great Tusk|protosynthesisatk
|
|-weather|SunnyDay|[upkeep]
|upkeep
|turn|3
|
|t:|1760765855
|move|p2a: Garchomp|Protect|p2a: Garchomp
|-singleturn|p2a: Garchomp|Protect
|move|p1a: Great Tusk|Ice Spinner|p2a: Garchomp
|-activate|p2a: Garchomp|move: Protect
|
|-weather|SunnyDay|[upkeep]
|upkeep
|turn|4
|
|t:|1760765885
|-end|p1a: Great Tusk|Protosynthesis|[silent]
|switch|p1a: Moltres|Moltres|77/100
|-terastallize|p2a: Garchomp|Fairy
|move|p2a: Garchomp|Dragon Tail|p1a: Moltres
|-damage|p1a: Moltres|53/100
|drag|p1a: Walking Wake|Walking Wake|100/100
|-damage|p1a: Walking Wake|88/100|[from] Stealth Rock
|-activate|p1a: Walking Wake|ability: Protosynthesis
|-start|p1a: Walking Wake|protosynthesisspe
|
|-weather|SunnyDay|[upkeep]
|upkeep
|turn|5
|
|t:|1760765896
|move|p1a: Walking Wake|Hydro Steam|p2a: Garchomp
|-damage|p2a: Garchomp|22/100
|-damage|p1a: Walking Wake|78/100|[from] item: Life Orb
|move|p2a: Garchomp|Dragon Tail|p1a: Walking Wake
|-supereffective|p1a: Walking Wake
|-damage|p1a: Walking Wake|22/100
|-end|p1a: Walking Wake|Protosynthesis|[silent]
|drag|p1a: Moltres|Moltres|53/100
|
|-weather|SunnyDay|[upkeep]
|upkeep
|turn|6
|
|t:|1760765907
|move|p1a: Moltres|Fire Blast|p2a: Garchomp
|-damage|p2a: Garchomp|0 fnt
|faint|p2a: Garchomp
|
|-weather|SunnyDay|[upkeep]
|upkeep
|inactive|Battle timer is ON: inactive players will automatically lose when time's up. (requested by Dorflord)
|
|t:|1760765955
|switch|p2a: Quaquaval|Quaquaval, F|100/100
|-damage|p2a: Quaquaval|94/100|[from] Stealth Rock
|turn|7
|
|t:|1760765964
|move|p2a: Quaquaval|Rapid Spin|p1a: Moltres
|-damage|p1a: Moltres|35/100
|-boost|p2a: Quaquaval|spe|1
|-sideend|p2: RadiantSol|Stealth Rock|[from] move: Rapid Spin|[of] p2a: Quaquaval
|move|p1a: Moltres|Air Slash|p2a: Quaquaval
|-supereffective|p2a: Quaquaval
|-damage|p2a: Quaquaval|17/100
|
|-weather|SunnyDay|[upkeep]
|upkeep
|turn|8
|
|t:|1760765971
|move|p2a: Quaquaval|Aqua Step|p1a: Moltres
|-supereffective|p1a: Moltres
|-damage|p1a: Moltres|0 fnt
|-boost|p2a: Quaquaval|spe|1
|-status|p2a: Quaquaval|brn|[from] ability: Flame Body|[of] p1a: Moltres
|faint|p1a: Moltres
|-ability|p2a: Quaquaval|Moxie|boost
|-boost|p2a: Quaquaval|atk|1
|
|-weather|none
|-damage|p2a: Quaquaval|10/100 brn|[from] brn
|upkeep
|
|t:|1760765978
|switch|p1a: Torkoal|Torkoal, M|100/100
|-damage|p1a: Torkoal|76/100|[from] Stealth Rock
|-weather|SunnyDay|[from] ability: Drought|[of] p1a: Torkoal
|turn|9
|
|t:|1760765989
|move|p2a: Quaquaval|Aqua Step|p1a: Torkoal
|-supereffective|p1a: Torkoal
|-damage|p1a: Torkoal|57/100
|-boost|p2a: Quaquaval|spe|1
|move|p1a: Torkoal|Rapid Spin|p2a: Quaquaval
|-damage|p2a: Quaquaval|0 fnt
|-boost|p1a: Torkoal|spe|1
|-sideend|p1: Dorflord|Stealth Rock|[from] move: Rapid Spin|[of] p1a: Torkoal
|faint|p2a: Quaquaval
|
|-weather|SunnyDay|[upkeep]
|upkeep
|inactive|RadiantSol has 120 seconds left.
|
|t:|1760766015
|switch|p2a: Espeon|Espeon, F|100/100
|turn|10
|
|t:|1760766021
|switch|p1a: Slowking|Slowking-Galar, F|100/100
|move|p2a: Espeon|Psychic|p1a: Slowking
|-damage|p1a: Slowking|75/100
|
|-weather|SunnyDay|[upkeep]
|upkeep
|turn|11
|
|t:|1760766027
|move|p2a: Espeon|Psychic Terrain|p2a: Espeon
|-fieldstart|move: Psychic Terrain
|move|p1a: Slowking|Sludge Bomb|p2a: Espeon
|-damage|p2a: Espeon|41/100
|
|-weather|SunnyDay|[upkeep]
|upkeep
|turn|12
|
|t:|1760766032
|move|p2a: Espeon|Psychic|p1a: Slowking
|-damage|p1a: Slowking|40/100
|move|p1a: Slowking|Sludge Bomb|p2a: Espeon
|-damage|p2a: Espeon|0 fnt
|faint|p2a: Espeon
|
|-weather|SunnyDay|[upkeep]
|upkeep
|
|t:|1760766043
|switch|p2a: Leafeon|Leafeon, F|100/100
|turn|13
|
|t:|1760766051
|move|p2a: Leafeon|Knock Off|p1a: Slowking
|-supereffective|p1a: Slowking
|-damage|p1a: Slowking|0 fnt
|-enditem|p1a: Slowking|Assault Vest|[from] move: Knock Off|[of] p2a: Leafeon
|faint|p1a: Slowking
|-damage|p2a: Leafeon|91/100|[from] item: Life Orb
|
|-weather|SunnyDay|[upkeep]
|upkeep
|
|t:|1760766056
|switch|p1a: Walking Wake|Walking Wake|22/100
|-activate|p1a: Walking Wake|ability: Protosynthesis
|-start|p1a: Walking Wake|protosynthesisspe
|turn|14
|
|t:|1760766067
|move|p2a: Leafeon|Knock Off|p1a: Walking Wake
|-damage|p1a: Walking Wake|0 fnt
|-enditem|p1a: Walking Wake|Life Orb|[from] move: Knock Off|[of] p2a: Leafeon
|faint|p1a: Walking Wake
|-end|p1a: Walking Wake|Protosynthesis|[silent]
|-damage|p2a: Leafeon|81/100|[from] item: Life Orb
|
|-weather|SunnyDay|[upkeep]
|upkeep
|
|t:|1760766082
|switch|p1a: Great Tusk|Great Tusk|98/100
|-activate|p1a: Great Tusk|ability: Protosynthesis
|-start|p1a: Great Tusk|protosynthesisatk
|turn|15
|
|t:|1760766091
|move|p2a: Leafeon|Solar Blade||[still]
|-prepare|p2a: Leafeon|Solar Blade
|-anim|p2a: Leafeon|Solar Blade|p1a: Great Tusk
|-supereffective|p1a: Great Tusk
|-damage|p1a: Great Tusk|0 fnt
|faint|p1a: Great Tusk
|-end|p1a: Great Tusk|Protosynthesis|[silent]
|-damage|p2a: Leafeon|71/100|[from] item: Life Orb
|
|-weather|SunnyDay|[upkeep]
|-fieldend|move: Psychic Terrain
|upkeep
|
|t:|1760766103
|switch|p1a: Raging Bolt|Raging Bolt|100/100
|-activate|p1a: Raging Bolt|ability: Protosynthesis
|-start|p1a: Raging Bolt|protosynthesisspa
|turn|16
|
|t:|1760766106
|move|p2a: Leafeon|Knock Off|p1a: Raging Bolt
|-damage|p1a: Raging Bolt|64/100
|-enditem|p1a: Raging Bolt|Choice Specs|[from] move: Knock Off|[of] p2a: Leafeon
|-damage|p2a: Leafeon|61/100|[from] item: Life Orb
|move|p1a: Raging Bolt|Weather Ball|p2a: Leafeon
|-supereffective|p2a: Leafeon
|-damage|p2a: Leafeon|0 fnt
|faint|p2a: Leafeon
|
|-weather|none
|-end|p1a: Raging Bolt|Protosynthesis
|upkeep
|
|t:|1760766122
|switch|p2a: Gengar|Gengar, F|100/100
|turn|17
|
|t:|1760766127
|move|p2a: Gengar|Sludge Bomb|p1a: Raging Bolt
|-damage|p1a: Raging Bolt|24/100
|move|p1a: Raging Bolt|Draco Meteor|p2a: Gengar
|-damage|p2a: Gengar|0 fnt
|-unboost|p1a: Raging Bolt|spa|2
|faint|p2a: Gengar
|
|upkeep
|
|t:|1760766132
|switch|p2a: Ninetales|Ninetales, F|100/100
|-weather|SunnyDay|[from] ability: Drought|[of] p2a: Ninetales
|-activate|p1a: Raging Bolt|ability: Protosynthesis
|-start|p1a: Raging Bolt|protosynthesisdef
|turn|18
|
|t:|1760766146
|-end|p1a: Raging Bolt|Protosynthesis|[silent]
|switch|p1a: Torkoal|Torkoal, M|57/100
|move|p2a: Ninetales|Flamethrower|p1a: Torkoal
|-resisted|p1a: Torkoal
|-damage|p1a: Torkoal|33/100
|
|-weather|SunnyDay|[upkeep]
|upkeep
|turn|19
|
|t:|1760766152
|move|p2a: Ninetales|Dark Pulse|p1a: Torkoal
|-damage|p1a: Torkoal|12/100
|move|p1a: Torkoal|Body Press|p2a: Ninetales
|-damage|p2a: Ninetales|67/100
|
|-weather|SunnyDay|[upkeep]
|upkeep
|turn|20
|
|t:|1760766158
|move|p2a: Ninetales|Dark Pulse|p1a: Torkoal
|-damage|p1a: Torkoal|0 fnt
|faint|p1a: Torkoal
|
|-weather|SunnyDay|[upkeep]
|upkeep
|
|t:|1760766160
|switch|p1a: Raging Bolt|Raging Bolt|24/100
|-activate|p1a: Raging Bolt|ability: Protosynthesis
|-start|p1a: Raging Bolt|protosynthesisspa
|turn|21
|
|t:|1760766175
|move|p1a: Raging Bolt|Thunderclap|p2a: Ninetales
|-damage|p2a: Ninetales|10/100
|move|p2a: Ninetales|Flamethrower|p1a: Raging Bolt
|-resisted|p1a: Raging Bolt
|-damage|p1a: Raging Bolt|9/100
|-status|p1a: Raging Bolt|brn
|
|-weather|SunnyDay|[upkeep]
|-damage|p1a: Raging Bolt|2/100 brn|[from] brn
|upkeep
|turn|22
|
|t:|1760766184
|move|p1a: Raging Bolt|Thunderclap||[still]
|-fail|p1a: Raging Bolt
|move|p2a: Ninetales|Pain Split|p1a: Raging Bolt
|-sethp|p1a: Raging Bolt|4/100 brn|[from] move: Pain Split|[silent]
|-sethp|p2a: Ninetales|7/100|[from] move: Pain Split
|
|-weather|SunnyDay|[upkeep]
|-damage|p1a: Raging Bolt|0 fnt|[from] brn
|faint|p1a: Raging Bolt
|-end|p1a: Raging Bolt|Protosynthesis|[silent]
|
|win|RadiantSol
|raw|Dorflord's rating: 1265 &rarr; <strong>1241</strong><br />(-24 for losing)
|raw|RadiantSol's rating: 1280 &rarr; <strong>1304</strong><br />(+24 for winning)
|l|☆Dorflord
|player|p1|
|l|‽RadiantSol
|player|p2|
