|j|☆Dark_Havocll
|j|☆BigFrogStatus
|t:|1760741716
|gametype|singles
|player|p1|Dark_Havocll|hiker-gen4|1405
|player|p2|BigFrogStatus|mina-lgpe|1417
|gen|9
|tier|[Gen 9] OU
|rated|
|rule|HP Percentage Mod: HP is shown in percentages
|rule|Endless Battle Clause: Forcing endless battles is banned
|rule|Species Clause: Limit one of each Pokémon
|rule|OHKO Clause: OHKO moves are banned
|rule|Evasion Items Clause: Evasion items are banned
|rule|Evasion Moves Clause: Evasion moves are banned
|rule|Evasion Abilities Clause: Evasion abilities are banned
|rule|Sleep Moves Clause: Sleep-inducing moves are banned
|clearpoke
|poke|p1|Dragonite, M|
|poke|p1|Greninja-*, M|
|poke|p1|Great Tusk|
|poke|p1|Kingambit, F|
|poke|p1|Pecharunt|
|poke|p1|Regice|
|poke|p2|Hatterene, F|
|poke|p2|Tornadus-Therian, M|
|poke|p2|Great Tusk|
|poke|p2|Goodra-Hisui, M|
|poke|p2|Alomomola, M|
|poke|p2|Ogerpon-Wellspring, F|
|teampreview
|inactive|Battle timer is ON: inactive players will automatically lose when time's up. (requested by BigFrogStatus)
|
|t:|1760741738
|teamsize|p1|6
|teamsize|p2|6
|start
|switch|p1a: Greninja|Greninja, M|100/100
|switch|p2a: Ogerpon|Ogerpon-Wellspring, F|100/100
|turn|1
|
|t:|1760741742
|move|p1a: Greninja|Gunk Shot|p2a: Ogerpon
|-start|p1a: Greninja|typechange|Poison|[from] ability: Protean
|-supereffective|p2a: Ogerpon
|-damage|p2a: Ogerpon|0 fnt
|faint|p2a: Ogerpon
|
|upkeep
|
|t:|1760741748
|switch|p2a: Goodra|Goodra-Hisui, M|100/100
|turn|2
|
|t:|1760741753
|move|p1a: Greninja|Low Kick|p2a: Goodra
|-supereffective|p2a: Goodra
|-damage|p2a: Goodra|52/100
|move|p2a: Goodra|Ice Beam|p1a: Greninja
|-damage|p1a: Greninja|60/100
|
|upkeep
|turn|3
|
|t:|1760741758
|switch|p2a: Alomomola|Alomomola, M|100/100
|move|p1a: Greninja|Low Kick|p2a: Alomomola
|-damage|p2a: Alomomola|93/100
|-damage|p1a: Greninja|44/100|[from] item: Rocky Helmet|[of] p2a: Alomomola
|
|upkeep
|turn|4
|
|t:|1760741774
|switch|p1a: Kingambit|Kingambit, F|100/100
|move|p2a: Alomomola|Wish|p2a: Alomomola
|
|upkeep
|turn|5
|
|t:|1760741776
|move|p1a: Kingambit|Stealth Rock|p2a: Alomomola
|-sidestart|p2: BigFrogStatus|move: Stealth Rock
|move|p2a: Alomomola|Flip Turn|p1a: Kingambit
|-damage|p1a: Kingambit|92/100
|
|t:|1760741778
|switch|p2a: Goodra|Goodra-Hisui, M|52/100|[from] Flip Turn
|-damage|p2a: Goodra|46/100|[from] Stealth Rock
|
|-heal|p2a: Goodra|100/100|[from] move: Wish|[wisher] Alomomola
|-heal|p1a: Kingambit|98/100|[from] item: Leftovers
|upkeep
|turn|6
|
|t:|1760741781
|switch|p2a: Great Tusk|Great Tusk|100/100
|-damage|p2a: Great Tusk|98/100|[from] Stealth Rock
|move|p1a: Kingambit|Thunder Wave|p2a: Great Tusk
|-immune|p2a: Great Tusk
|
|-heal|p1a: Kingambit|100/100|[from] item: Leftovers
|upkeep
|turn|7
|
|t:|1760741784
|-end|p1a: Kingambit|fallenundefined|[silent]
|switch|p1a: Pecharunt|Pecharunt|100/100
|move|p2a: Great Tusk|Stealth Rock|p1a: Pecharunt
|-sidestart|p1: Dark_Havocll|move: Stealth Rock
|
|upkeep
|turn|8
|
|t:|1760741788
|move|p1a: Pecharunt|Parting Shot|p2a: Great Tusk
|-unboost|p2a: Great Tusk|atk|1
|-unboost|p2a: Great Tusk|spa|1
|
|t:|1760741793
|switch|p1a: Greninja|Greninja, M|44/100|[from] Parting Shot
|-damage|p1a: Greninja|31/100|[from] Stealth Rock
|move|p2a: Great Tusk|Headlong Rush|p1a: Greninja
|-damage|p1a: Greninja|0 fnt
|-unboost|p2a: Great Tusk|def|1
|-unboost|p2a: Great Tusk|spd|1
|faint|p1a: Greninja
|
|upkeep
|
|t:|1760741799
|switch|p1a: Great Tusk|Great Tusk|100/100
|-damage|p1a: Great Tusk|98/100|[from] Stealth Rock
|turn|9
|
|t:|1760741807
|-end|p2a: Great Tusk|Protosynthesis|[silent]
|switch|p2a: Alomomola|Alomomola, M|100/100
|-damage|p2a: Alomomola|88/100|[from] Stealth Rock
|move|p1a: Great Tusk|Rapid Spin|p2a: Alomomola
|-damage|p2a: Alomomola|81/100
|-boost|p1a: Great Tusk|spe|1
|-damage|p1a: Great Tusk|81/100|[from] item: Rocky Helmet|[of] p2a: Alomomola
|-sideend|p1: Dark_Havocll|Stealth Rock|[from] move: Rapid Spin|[of] p1a: Great Tusk
|
|-heal|p1a: Great Tusk|87/100|[from] item: Leftovers
|upkeep
|turn|10
|
|t:|1760741813
|move|p1a: Great Tusk|Knock Off|p2a: Alomomola
|-damage|p2a: Alomomola|66/100
|-damage|p1a: Great Tusk|71/100|[from] item: Rocky Helmet|[of] p2a: Alomomola
|-enditem|p2a: Alomomola|Rocky Helmet|[from] move: Knock Off|[of] p1a: Great Tusk
|move|p2a: Alomomola|Tickle|p1a: Great Tusk
|-unboost|p1a: Great Tusk|atk|1
|-unboost|p1a: Great Tusk|def|1
|
|-heal|p1a: Great Tusk|77/100|[from] item: Leftovers
|upkeep
|turn|11
|
|t:|1760741824
|-end|p1a: Great Tusk|Protosynthesis|[silent]
|switch|p1a: Pecharunt|Pecharunt|100/100
|move|p2a: Alomomola|Flip Turn|p1a: Pecharunt
|-damage|p1a: Pecharunt|92/100
|
|t:|1760741834
|switch|p2a: Tornadus|Tornadus-Therian, M|100/100|[from] Flip Turn
|-damage|p2a: Tornadus|76/100|[from] Stealth Rock
|
|upkeep
|turn|12
|
|t:|1760741837
|-terastallize|p2a: Tornadus|Dark
|move|p2a: Tornadus|Dark Pulse|p1a: Pecharunt
|-supereffective|p1a: Pecharunt
|-damage|p1a: Pecharunt|19/100
|move|p1a: Pecharunt|Parting Shot|p2a: Tornadus
|-unboost|p2a: Tornadus|atk|1
|-unboost|p2a: Tornadus|spa|1
|
|t:|1760741844
|switch|p1a: Regice|Regice|100/100|[from] Parting Shot
|
|upkeep
|turn|13
|
|t:|1760741847
|move|p2a: Tornadus|U-turn|p1a: Regice
|-damage|p1a: Regice|92/100
|
|t:|1760741850
|switch|p2a: Goodra|Goodra-Hisui, M|100/100|[from] U-turn
|-damage|p2a: Goodra|94/100|[from] Stealth Rock
|move|p1a: Regice|Ice Beam|p2a: Goodra
|-damage|p2a: Goodra|81/100
|
|upkeep
|turn|14
|
|t:|1760741855
|move|p2a: Goodra|Earthquake|p1a: Regice
|-damage|p1a: Regice|70/100
|move|p1a: Regice|Thunder Wave|p2a: Goodra|[miss]
|-miss|p1a: Regice|p2a: Goodra
|
|upkeep
|turn|15
|
|t:|1760741858
|move|p2a: Goodra|Earthquake|p1a: Regice
|-damage|p1a: Regice|47/100
|move|p1a: Regice|Icy Wind|p2a: Goodra
|-damage|p2a: Goodra|72/100
|-unboost|p2a: Goodra|spe|1
|
|upkeep
|turn|16
|
|t:|1760741866
|switch|p2a: Hatterene|Hatterene, F|100/100
|-damage|p2a: Hatterene|88/100|[from] Stealth Rock
|move|p1a: Regice|Ice Beam|p2a: Hatterene
|-damage|p2a: Hatterene|69/100
|
|upkeep
|turn|17
|
|t:|1760741877
|move|p1a: Regice|Ice Beam|p2a: Hatterene
|-damage|p2a: Hatterene|48/100
|move|p2a: Hatterene|Nuzzle|p1a: Regice
|-damage|p1a: Regice|44/100
|-status|p1a: Regice|par
|
|upkeep
|turn|18
|
|t:|1760741906
|move|p2a: Hatterene|Draining Kiss|p1a: Regice
|-damage|p1a: Regice|32/100 par
|-heal|p2a: Hatterene|58/100|[from] drain|[of] p1a: Regice
|move|p1a: Regice|Icy Wind|p2a: Hatterene
|-damage|p2a: Hatterene|47/100
|-unboost|p2a: Hatterene|spe|1
|
|upkeep
|turn|19
|
|t:|1760741912
|move|p1a: Regice|Ice Beam|p2a: Hatterene
|-damage|p2a: Hatterene|28/100
|move|p2a: Hatterene|Psychic Noise|p1a: Regice
|-damage|p1a: Regice|15/100 par
|-start|p1a: Regice|move: Heal Block
|
|upkeep
|turn|20
|
|t:|1760741921
|move|p1a: Regice|Ice Beam|p2a: Hatterene
|-damage|p2a: Hatterene|8/100
|move|p2a: Hatterene|Psychic Noise|p1a: Regice
|-damage|p1a: Regice|0 fnt
|faint|p1a: Regice
|
|upkeep
|
|t:|1760741930
|switch|p1a: Great Tusk|Great Tusk|77/100
|turn|21
|
|t:|1760741954
|move|p1a: Great Tusk|Rapid Spin|p2a: Hatterene
|-damage|p2a: Hatterene|0 fnt
|-boost|p1a: Great Tusk|spe|1
|faint|p2a: Hatterene
|
|-heal|p1a: Great Tusk|83/100|[from] item: Leftovers
|upkeep
|
|t:|1760741956
|switch|p2a: Great Tusk|Great Tusk|98/100
|-damage|p2a: Great Tusk|95/100|[from] Stealth Rock
|turn|22
|
|t:|1760741959
|move|p1a: Great Tusk|Bulk Up|p1a: Great Tusk
|-boost|p1a: Great Tusk|atk|1
|-boost|p1a: Great Tusk|def|1
|move|p2a: Great Tusk|Close Combat|p1a: Great Tusk
|-damage|p1a: Great Tusk|59/100
|-unboost|p2a: Great Tusk|def|1
|-unboost|p2a: Great Tusk|spd|1
|
|-heal|p1a: Great Tusk|66/100|[from] item: Leftovers
|upkeep
|turn|23
|
|t:|1760741962
|-end|p2a: Great Tusk|Protosynthesis|[silent]
|switch|p2a: Alomomola|Alomomola, M|99/100
|-damage|p2a: Alomomola|87/100|[from] Stealth Rock
|move|p1a: Great Tusk|Bulk Up|p1a: Great Tusk
|-boost|p1a: Great Tusk|atk|1
|-boost|p1a: Great Tusk|def|1
|
|-heal|p1a: Great Tusk|72/100|[from] item: Leftovers
|upkeep
|turn|24
|
|t:|1760741966
|move|p1a: Great Tusk|Headlong Rush|p2a: Alomomola
|-damage|p2a: Alomomola|35/100
|-unboost|p1a: Great Tusk|def|1
|-unboost|p1a: Great Tusk|spd|1
|move|p2a: Alomomola|Tickle|p1a: Great Tusk
|-unboost|p1a: Great Tusk|atk|1
|-unboost|p1a: Great Tusk|def|1
|
|-heal|p1a: Great Tusk|78/100|[from] item: Leftovers
|upkeep
|turn|25
|
|t:|1760741974
|switch|p2a: Great Tusk|Great Tusk|95/100
|-damage|p2a: Great Tusk|92/100|[from] Stealth Rock
|move|p1a: Great Tusk|Bulk Up|p1a: Great Tusk
|-boost|p1a: Great Tusk|atk|1
|-boost|p1a: Great Tusk|def|1
|
|-heal|p1a: Great Tusk|84/100|[from] item: Leftovers
|upkeep
|turn|26
|
|t:|1760741979
|move|p1a: Great Tusk|Bulk Up|p1a: Great Tusk
|-boost|p1a: Great Tusk|atk|1
|-boost|p1a: Great Tusk|def|1
|move|p2a: Great Tusk|Headlong Rush|p1a: Great Tusk
|-damage|p1a: Great Tusk|68/100
|-unboost|p2a: Great Tusk|def|1
|-unboost|p2a: Great Tusk|spd|1
|
|-heal|p1a: Great Tusk|74/100|[from] item: Leftovers
|upkeep
|turn|27
|
|t:|1760741984
|-end|p2a: Great Tusk|Protosynthesis|[silent]
|switch|p2a: Tornadus|Tornadus-Therian, M, tera:Dark|100/100
|-damage|p2a: Tornadus|88/100|[from] Stealth Rock
|move|p1a: Great Tusk|Knock Off|p2a: Tornadus
|-resisted|p2a: Tornadus
|-damage|p2a: Tornadus|43/100
|-enditem|p2a: Tornadus|Assault Vest|[from] move: Knock Off|[of] p1a: Great Tusk
|
|-heal|p1a: Great Tusk|80/100|[from] item: Leftovers
|upkeep
|turn|28
|
|t:|1760741989
|move|p1a: Great Tusk|Headlong Rush|p2a: Tornadus
|-damage|p2a: Tornadus|0 fnt
|-unboost|p1a: Great Tusk|def|1
|-unboost|p1a: Great Tusk|spd|1
|faint|p2a: Tornadus
|
|-heal|p1a: Great Tusk|86/100|[from] item: Leftovers
|upkeep
|-message|BigFrogStatus forfeited.
|
|win|Dark_Havocll
|raw|Dark_Havocll's rating: 1405 &rarr; <strong>1426</strong><br />(+21 for winning)
|raw|BigFrogStatus's rating: 1417 &rarr; <strong>1396</strong><br />(-21 for losing)
|l|☆BigFrogStatus
|player|p2|
|l|☆Dark_Havocll
|player|p1|
