|j|☆sminey
|j|☆m709lkjo
|t:|1760759784
|gametype|singles
|player|p1|sminey|palmer|1473
|player|p2|m709lkjo|101|1511
|gen|9
|tier|[Gen 9] OU
|rated|
|rule|HP Percentage Mod: HP is shown in percentages
|rule|Endless Battle Clause: Forcing endless battles is banned
|rule|Species Clause: Limit one of each Pokémon
|rule|OHKO Clause: OHKO moves are banned
|rule|Evasion Items Clause: Evasion items are banned
|rule|Evasion Moves Clause: Evasion moves are banned
|rule|Evasion Abilities Clause: Evasion abilities are banned
|rule|Sleep Moves Clause: Sleep-inducing moves are banned
|clearpoke
|poke|p1|Cinderace, M|
|poke|p1|Zapdos|
|poke|p1|Latios, M|
|poke|p1|Weavile, M|
|poke|p1|Clefable, M|
|poke|p1|Slowking-Galar, F|
|poke|p2|Garchomp, F|
|poke|p2|Drifblim, M|
|poke|p2|Zoroark-Hisui, M|
|poke|p2|Blaziken, M|
|poke|p2|Garganacl, F|
|poke|p2|Alomomola, M|
|teampreview
|c|☆m709lkjo|gl hf
|c|☆sminey|hf
|inactive|Battle timer is ON: inactive players will automatically lose when time's up. (requested by sminey)
|
|t:|1760759806
|teamsize|p1|6
|teamsize|p2|6
|start
|switch|p1a: Clefable|Clefable, M|100/100
|switch|p2a: Garganacl|Garganacl, F|100/100
|turn|1
|
|t:|1760759824
|switch|p2a: Garchomp|Garchomp, F|100/100
|move|p1a: Clefable|Knock Off|p2a: Garchomp
|-damage|p2a: Garchomp|86/100
|-damage|p1a: Clefable|88/100|[from] ability: Rough Skin|[of] p2a: Garchomp
|-enditem|p2a: Garchomp|Loaded Dice|[from] move: Knock Off|[of] p1a: Clefable
|
|upkeep
|turn|2
|
|t:|1760759847
|move|p2a: Garchomp|Swords Dance|p2a: Garchomp
|-boost|p2a: Garchomp|atk|2
|move|p1a: Clefable|Moonblast|p2a: Garchomp
|-supereffective|p2a: Garchomp
|-damage|p2a: Garchomp|12/100
|-unboost|p2a: Garchomp|spa|1
|
|upkeep
|turn|3
|
|t:|1760759855
|move|p2a: Garchomp|Iron Head|p1a: Clefable
|-supereffective|p1a: Clefable
|-damage|p1a: Clefable|43/100
|move|p1a: Clefable|Moonblast|p2a: Garchomp
|-supereffective|p2a: Garchomp
|-damage|p2a: Garchomp|0 fnt
|faint|p2a: Garchomp
|
|upkeep
|
|t:|1760759868
|switch|p2a: Blaziken|Blaziken, M|100/100
|turn|4
|
|t:|1760759874
|switch|p1a: Latios|Latios, M|100/100
|move|p2a: Blaziken|Shadow Ball|p1a: Latios
|-supereffective|p1a: Latios
|-damage|p1a: Latios|0 fnt
|faint|p1a: Latios
|
|upkeep
|inactive|sminey has 120 seconds left.
|
|t:|1760759914
|switch|p1a: Weavile|Weavile, M|100/100
|-ability|p1a: Weavile|Pressure
|turn|5
|inactive|sminey has 120 seconds left.
|
|t:|1760759919
|switch|p2a: Alomomola|Alomomola, M|100/100
|move|p1a: Weavile|Knock Off|p2a: Alomomola
|-damage|p2a: Alomomola|69/100
|-enditem|p2a: Alomomola|Assault Vest|[from] move: Knock Off|[of] p1a: Weavile
|
|upkeep
|turn|6
|
|t:|1760759923
|move|p1a: Weavile|Swords Dance|p1a: Weavile
|-boost|p1a: Weavile|atk|2
|move|p2a: Alomomola|Flip Turn|p1a: Weavile
|-damage|p1a: Weavile|70/100
|
|t:|1760759929
|switch|p2a: Blaziken|Blaziken, M|100/100|[from] Flip Turn
|
|upkeep
|turn|7
|
|t:|1760759933
|switch|p1a: Zapdos|Zapdos|100/100
|move|p2a: Blaziken|Protect||[still]
|-fail|p2a: Blaziken
|
|-ability|p2a: Blaziken|Speed Boost|boost
|-boost|p2a: Blaziken|spe|1
|upkeep
|turn|8
|
|t:|1760759940
|switch|p2a: Garganacl|Garganacl, F|100/100
|move|p1a: Zapdos|Hurricane|p2a: Garganacl
|-resisted|p2a: Garganacl
|-damage|p2a: Garganacl|84/100
|
|-heal|p2a: Garganacl|91/100|[from] item: Leftovers
|upkeep
|turn|9
|
|t:|1760759947
|move|p1a: Zapdos|Volt Switch|p2a: Garganacl
|-damage|p2a: Garganacl|72/100
|
|t:|1760759948
|switch|p1a: Clefable|Clefable, M|43/100|[from] Volt Switch
|move|p2a: Garganacl|Salt Cure|p1a: Clefable
|-crit|p1a: Clefable
|-damage|p1a: Clefable|27/100
|-start|p1a: Clefable|Salt Cure
|
|-heal|p2a: Garganacl|78/100|[from] item: Leftovers
|-damage|p1a: Clefable|15/100|[from] Salt Cure
|upkeep
|turn|10
|
|t:|1760759958
|move|p1a: Clefable|Moonlight|p1a: Clefable
|-heal|p1a: Clefable|65/100
|move|p2a: Garganacl|Salt Cure|p1a: Clefable
|-damage|p1a: Clefable|54/100
|
|-heal|p2a: Garganacl|84/100|[from] item: Leftovers
|-damage|p1a: Clefable|42/100|[from] Salt Cure
|upkeep
|turn|11
|
|t:|1760759968
|switch|p2a: Alomomola|Alomomola, M|100/100
|move|p1a: Clefable|Moonlight|p1a: Clefable
|-heal|p1a: Clefable|92/100
|
|-damage|p1a: Clefable|79/100|[from] Salt Cure
|upkeep
|turn|12
|
|t:|1760759976
|switch|p1a: Zapdos|Zapdos|100/100
|move|p2a: Alomomola|Scald|p1a: Zapdos
|-damage|p1a: Zapdos|88/100
|
|upkeep
|turn|13
|
|t:|1760759983
|move|p1a: Zapdos|Thunder Wave|p2a: Alomomola
|-status|p2a: Alomomola|par
|cant|p2a: Alomomola|par
|
|upkeep
|turn|14
|
|t:|1760759993
|switch|p1a: Clefable|Clefable, M|79/100
|move|p2a: Alomomola|Flip Turn|p1a: Clefable
|-damage|p1a: Clefable|67/100
|
|t:|1760759998
|switch|p2a: Garganacl|Garganacl, F|84/100|[from] Flip Turn
|
|-heal|p2a: Garganacl|91/100|[from] item: Leftovers
|upkeep
|turn|15
|
|t:|1760760002
|switch|p2a: Alomomola|Alomomola, M|100/100 par
|move|p1a: Clefable|Knock Off|p2a: Alomomola
|-damage|p2a: Alomomola|94/100 par
|
|upkeep
|turn|16
|
|t:|1760760012
|move|p1a: Clefable|Calm Mind|p1a: Clefable
|-boost|p1a: Clefable|spa|1
|-boost|p1a: Clefable|spd|1
|move|p2a: Alomomola|Flip Turn|p1a: Clefable
|-damage|p1a: Clefable|54/100
|
|t:|1760760015
|switch|p2a: Garganacl|Garganacl, F|100/100|[from] Flip Turn
|
|upkeep
|turn|17
|
|t:|1760760022
|move|p2a: Garganacl|Trick|p1a: Clefable
|-activate|p2a: Garganacl|move: Trick|[of] p1a: Clefable
|-item|p1a: Clefable|Choice Scarf|[from] move: Trick
|-item|p2a: Garganacl|Heavy-Duty Boots|[from] move: Trick
|move|p1a: Clefable|Knock Off|p2a: Garganacl
|-supereffective|p2a: Garganacl
|-damage|p2a: Garganacl|40/100
|replace|p2a: Zoroark|Zoroark-Hisui, M
|-end|p2a: Zoroark|Illusion
|-enditem|p2a: Zoroark|Heavy-Duty Boots|[from] move: Knock Off|[of] p1a: Clefable
|
|upkeep
|turn|18
|
|t:|1760760030
|switch|p2a: Alomomola|Alomomola, M|100/100 par
|move|p1a: Clefable|Knock Off|p2a: Alomomola
|-damage|p2a: Alomomola|95/100 par
|
|upkeep
|turn|19
|
|t:|1760760035
|switch|p1a: Zapdos|Zapdos|88/100
|move|p2a: Alomomola|Flip Turn|p1a: Zapdos
|-damage|p1a: Zapdos|75/100
|
|t:|1760760039
|switch|p2a: Garganacl|Garganacl, F|91/100|[from] Flip Turn
|
|-heal|p2a: Garganacl|97/100|[from] item: Leftovers
|upkeep
|turn|20
|
|t:|1760760045
|move|p1a: Zapdos|Volt Switch|p2a: Garganacl
|-damage|p2a: Garganacl|77/100
|
|t:|1760760047
|switch|p1a: Clefable|Clefable, M|54/100|[from] Volt Switch
|move|p2a: Garganacl|Salt Cure|p1a: Clefable
|-damage|p1a: Clefable|43/100
|-start|p1a: Clefable|Salt Cure
|
|-heal|p2a: Garganacl|83/100|[from] item: Leftovers
|-damage|p1a: Clefable|30/100|[from] Salt Cure
|upkeep
|turn|21
|
|t:|1760760058
|switch|p2a: Alomomola|Alomomola, M|100/100 par
|move|p1a: Clefable|Moonblast|p2a: Alomomola
|-damage|p2a: Alomomola|70/100 par
|
|-damage|p1a: Clefable|18/100|[from] Salt Cure
|upkeep
|turn|22
|
|t:|1760760063
|switch|p1a: Zapdos|Zapdos|75/100
|move|p2a: Alomomola|Flip Turn|p1a: Zapdos
|-damage|p1a: Zapdos|64/100
|
|t:|1760760067
|switch|p2a: Garganacl|Garganacl, F|83/100|[from] Flip Turn
|
|-heal|p2a: Garganacl|89/100|[from] item: Leftovers
|upkeep
|turn|23
|
|t:|1760760074
|move|p1a: Zapdos|Volt Switch|p2a: Garganacl
|-damage|p2a: Garganacl|69/100
|
|t:|1760760076
|switch|p1a: Slowking|Slowking-Galar, F|100/100|[from] Volt Switch
|move|p2a: Garganacl|Salt Cure|p1a: Slowking
|-damage|p1a: Slowking|85/100
|-start|p1a: Slowking|Salt Cure
|
|-heal|p2a: Garganacl|75/100|[from] item: Leftovers
|-damage|p1a: Slowking|73/100|[from] Salt Cure
|upkeep
|turn|24
|
|t:|1760760081
|move|p1a: Slowking|Psyshock|p2a: Garganacl
|-damage|p2a: Garganacl|56/100
|move|p2a: Garganacl|Stealth Rock|p1a: Slowking
|-sidestart|p1: sminey|move: Stealth Rock
|
|-heal|p2a: Garganacl|62/100|[from] item: Leftovers
|-damage|p1a: Slowking|60/100|[from] Salt Cure
|upkeep
|turn|25
|
|t:|1760760087
|switch|p1a: Cinderace|Cinderace, M|100/100
|move|p2a: Garganacl|Salt Cure|p1a: Cinderace
|-supereffective|p1a: Cinderace
|-damage|p1a: Cinderace|64/100
|-start|p1a: Cinderace|Salt Cure
|
|-heal|p2a: Garganacl|68/100|[from] item: Leftovers
|-damage|p1a: Cinderace|52/100|[from] Salt Cure
|upkeep
|turn|26
|
|t:|1760760096
|move|p1a: Cinderace|Court Change|p1a: Cinderace
|-start|p1a: Cinderace|typechange|Normal|[from] ability: Libero
|-swapsideconditions
|-activate|p1a: Cinderace|move: Court Change
|move|p2a: Garganacl|Stealth Rock|p1a: Cinderace
|-sidestart|p1: sminey|move: Stealth Rock
|
|-heal|p2a: Garganacl|74/100|[from] item: Leftovers
|-damage|p1a: Cinderace|40/100|[from] Salt Cure
|upkeep
|turn|27
|
|t:|1760760106
|switch|p2a: Drifblim|Drifblim, M|100/100
|move|p1a: Cinderace|U-turn|p2a: Drifblim
|-resisted|p2a: Drifblim
|-damage|p2a: Drifblim|96/100
|
|t:|1760760113
|switch|p1a: Weavile|Weavile, M|70/100|[from] U-turn
|-ability|p1a: Weavile|Pressure
|
|upkeep
|turn|28
|
|t:|1760760126
|switch|p2a: Alomomola|Alomomola, M|100/100 par
|-damage|p2a: Alomomola|88/100 par|[from] Stealth Rock
|move|p1a: Weavile|Swords Dance|p1a: Weavile
|-boost|p1a: Weavile|atk|2
|
|upkeep
|turn|29
|
|t:|1760760134
|move|p1a: Weavile|Swords Dance|p1a: Weavile
|-boost|p1a: Weavile|atk|2
|move|p2a: Alomomola|Flip Turn|p1a: Weavile
|-damage|p1a: Weavile|42/100
|
|t:|1760760141
|switch|p2a: Blaziken|Blaziken, M|100/100|[from] Flip Turn
|-damage|p2a: Blaziken|88/100|[from] Stealth Rock
|
|upkeep
|turn|30
|
|t:|1760760145
|move|p2a: Blaziken|Protect|p2a: Blaziken
|-singleturn|p2a: Blaziken|Protect
|move|p1a: Weavile|Swords Dance|p1a: Weavile
|-boost|p1a: Weavile|atk|2
|
|-ability|p2a: Blaziken|Speed Boost|boost
|-boost|p2a: Blaziken|spe|1
|upkeep
|turn|31
|
|t:|1760760165
|-terastallize|p1a: Weavile|Ice
|move|p1a: Weavile|Ice Shard|p2a: Blaziken
|-resisted|p2a: Blaziken
|-damage|p2a: Blaziken|9/100
|move|p2a: Blaziken|Close Combat|p1a: Weavile
|-supereffective|p1a: Weavile
|-damage|p1a: Weavile|0 fnt
|-unboost|p2a: Blaziken|def|1
|-unboost|p2a: Blaziken|spd|1
|faint|p1a: Weavile
|-damage|p2a: Blaziken|0 fnt|[from] item: Life Orb
|faint|p2a: Blaziken
|
|upkeep
|
|t:|1760760181
|switch|p1a: Zapdos|Zapdos|64/100
|switch|p2a: Drifblim|Drifblim, M|40/100
|-damage|p2a: Drifblim|28/100|[from] Stealth Rock
|turn|32
|
|t:|1760760199
|move|p2a: Drifblim|Trick|p1a: Zapdos
|-activate|p2a: Drifblim|move: Trick|[of] p1a: Zapdos
|-enditem|p1a: Zapdos|Heavy-Duty Boots|[silent]|[from] move: Trick
|-item|p2a: Drifblim|Heavy-Duty Boots|[from] move: Trick
|move|p1a: Zapdos|Volt Switch|p2a: Drifblim
|-damage|p2a: Drifblim|0 fnt
|replace|p2a: Zoroark|Zoroark-Hisui, M
|-end|p2a: Zoroark|Illusion
|faint|p2a: Zoroark
|inactive|sminey has 120 seconds left.
|
|t:|1760760217
|switch|p1a: Clefable|Clefable, M|18/100|[from] Volt Switch
|-damage|p1a: Clefable|6/100|[from] Stealth Rock
|
|upkeep
|
|t:|1760760225
|switch|p2a: Alomomola|Alomomola, M|100/100 par
|-damage|p2a: Alomomola|88/100 par|[from] Stealth Rock
|turn|33
|
|t:|1760760227
|move|p2a: Alomomola|Aqua Jet|p1a: Clefable
|-crit|p1a: Clefable
|-damage|p1a: Clefable|0 fnt
|faint|p1a: Clefable
|
|upkeep
|
|t:|1760760233
|switch|p1a: Slowking|Slowking-Galar, F|94/100
|-damage|p1a: Slowking|81/100|[from] Stealth Rock
|turn|34
|
|t:|1760760241
|move|p1a: Slowking|Psyshock|p2a: Alomomola
|-damage|p2a: Alomomola|70/100 par
|move|p2a: Alomomola|Flip Turn|p1a: Slowking
|-damage|p1a: Slowking|65/100
|
|t:|1760760245
|switch|p2a: Garganacl|Garganacl, F|74/100|[from] Flip Turn
|-damage|p2a: Garganacl|62/100|[from] Stealth Rock
|
|-heal|p2a: Garganacl|68/100|[from] item: Leftovers
|upkeep
|turn|35
|
|t:|1760760250
|move|p1a: Slowking|Psyshock|p2a: Garganacl
|-crit|p2a: Garganacl
|-damage|p2a: Garganacl|36/100
|move|p2a: Garganacl|Salt Cure|p1a: Slowking
|-damage|p1a: Slowking|51/100
|-start|p1a: Slowking|Salt Cure
|
|-heal|p2a: Garganacl|42/100|[from] item: Leftovers
|-damage|p1a: Slowking|39/100|[from] Salt Cure
|upkeep
|turn|36
|
|t:|1760760257
|move|p1a: Slowking|Psyshock|p2a: Garganacl
|-crit|p2a: Garganacl
|-damage|p2a: Garganacl|10/100
|move|p2a: Garganacl|Recover|p2a: Garganacl
|-heal|p2a: Garganacl|60/100
|
|-heal|p2a: Garganacl|66/100|[from] item: Leftovers
|-damage|p1a: Slowking|26/100|[from] Salt Cure
|upkeep
|turn|37
|
|t:|1760760264
|switch|p1a: Cinderace|Cinderace, M|40/100
|move|p2a: Garganacl|Salt Cure|p1a: Cinderace
|-supereffective|p1a: Cinderace
|-damage|p1a: Cinderace|2/100
|-start|p1a: Cinderace|Salt Cure
|
|-heal|p2a: Garganacl|73/100|[from] item: Leftovers
|-damage|p1a: Cinderace|0 fnt|[from] Salt Cure
|faint|p1a: Cinderace
|upkeep
|-message|sminey forfeited.
|
|win|m709lkjo
|raw|sminey's rating: 1473 &rarr; <strong>1455</strong><br />(-18 for losing)
|raw|m709lkjo's rating: 1511 &rarr; <strong>1529</strong><br />(+18 for winning)
|l|☆sminey
|player|p1|
|c|☆m709lkjo|gg
|l|☆m709lkjo
|player|p2|
