|j|☆AlexCHZ
|j|☆switch626
|t:|1760837313
|gametype|singles
|player|p1|AlexCHZ|hilbert-wonderlauncher|1184
|player|p2|switch626|giovanni|1160
|gen|9
|tier|[Gen 9] OU
|rated|
|rule|HP Percentage Mod: HP is shown in percentages
|rule|Endless Battle Clause: Forcing endless battles is banned
|rule|Species Clause: Limit one of each Pokémon
|rule|OHKO Clause: OHKO moves are banned
|rule|Evasion Items Clause: Evasion items are banned
|rule|Evasion Moves Clause: Evasion moves are banned
|rule|Evasion Abilities Clause: Evasion abilities are banned
|rule|Sleep Moves Clause: Sleep-inducing moves are banned
|clearpoke
|poke|p1|Pincurchin, F|
|poke|p1|Hawlucha, F|
|poke|p1|Iron Moth|
|poke|p1|Moltres-Galar|
|poke|p1|Arboliva, F|
|poke|p1|Mienshao, F|
|poke|p2|Ceruledge, F|
|poke|p2|Clodsire, M|
|poke|p2|Garganacl, M|
|poke|p2|Iron Valiant|
|poke|p2|Ogerpon-Wellspring, F|
|poke|p2|Gliscor, M|
|teampreview
|inactive|Battle timer is ON: inactive players will automatically lose when time's up. (requested by switch626)
|
|t:|1760837325
|teamsize|p1|6
|teamsize|p2|6
|start
|switch|p1a: Mienshao|Mienshao, F|100/100
|switch|p2a: Plush|Clodsire, M, shiny|100/100
|turn|1
|
|t:|1760837334
|move|p1a: Mienshao|Fake Out|p2a: Plush
|-damage|p2a: Plush|85/100
|-damage|p1a: Mienshao|91/100|[from] item: Life Orb
|cant|p2a: Plush|flinch
|
|upkeep
|turn|2
|
|t:|1760837345
|move|p1a: Mienshao|Ice Spinner|p2a: Plush
|-supereffective|p2a: Plush
|-damage|p2a: Plush|24/100
|-enditem|p2a: Plush|Weakness Policy
|-boost|p2a: Plush|atk|2|[from] item: Weakness Policy
|-boost|p2a: Plush|spa|2|[from] item: Weakness Policy
|-damage|p1a: Mienshao|81/100|[from] item: Life Orb
|move|p2a: Plush|Curse|p2a: Plush
|-unboost|p2a: Plush|spe|1
|-boost|p2a: Plush|atk|1
|-boost|p2a: Plush|def|1
|
|upkeep
|turn|3
|
|t:|1760837356
|-terastallize|p2a: Plush|Steel
|move|p1a: Mienshao|Ice Spinner|p2a: Plush
|-resisted|p2a: Plush
|-damage|p2a: Plush|14/100
|-damage|p1a: Mienshao|71/100|[from] item: Life Orb
|move|p2a: Plush|Earthquake|p1a: Mienshao
|-damage|p1a: Mienshao|0 fnt
|faint|p1a: Mienshao
|
|upkeep
|
|t:|1760837369
|switch|p1a: Pincurchin|Pincurchin, F|100/100
|-fieldstart|move: Electric Terrain|[from] ability: Electric Surge|[of] p1a: Pincurchin
|turn|4
|
|t:|1760837375
|move|p1a: Pincurchin|Liquidation|p2a: Plush
|-heal|p2a: Plush|39/100|[from] ability: Water Absorb|[of] p1a: Pincurchin
|move|p2a: Plush|Earthquake|p1a: Pincurchin
|-supereffective|p1a: Pincurchin
|-damage|p1a: Pincurchin|0 fnt
|faint|p1a: Pincurchin
|
|upkeep
|
|t:|1760837385
|switch|p1a: Hawlucha|Hawlucha, F|100/100
|-enditem|p1a: Hawlucha|Electric Seed
|-boost|p1a: Hawlucha|def|1|[from] item: Electric Seed
|turn|5
|
|t:|1760837390
|move|p1a: Hawlucha|Encore|p2a: Plush
|-start|p2a: Plush|Encore
|move|p2a: Plush|Earthquake|p1a: Hawlucha
|-immune|p1a: Hawlucha
|
|upkeep
|turn|6
|
|t:|1760837396
|move|p1a: Hawlucha|Swords Dance|p1a: Hawlucha
|-boost|p1a: Hawlucha|atk|2
|move|p2a: Plush|Earthquake|p1a: Hawlucha
|-immune|p1a: Hawlucha
|
|upkeep
|turn|7
|
|t:|1760837403
|move|p1a: Hawlucha|Swords Dance|p1a: Hawlucha
|-boost|p1a: Hawlucha|atk|2
|move|p2a: Plush|Earthquake|p1a: Hawlucha
|-immune|p1a: Hawlucha
|
|-end|p2a: Plush|Encore
|upkeep
|turn|8
|
|t:|1760837412
|move|p1a: Hawlucha|Close Combat|p2a: Plush
|-supereffective|p2a: Plush
|-damage|p2a: Plush|0 fnt
|-unboost|p1a: Hawlucha|def|1
|-unboost|p1a: Hawlucha|spd|1
|faint|p2a: Plush
|
|upkeep
|
|t:|1760837415
|switch|p2a: Rengoku|Ceruledge, F|100/100
|turn|9
|
|t:|1760837422
|move|p1a: Hawlucha|Acrobatics|p2a: Rengoku
|-damage|p2a: Rengoku|0 fnt
|faint|p2a: Rengoku
|
|upkeep
|
|t:|1760837431
|switch|p2a: Igris|Iron Valiant, shiny|100/100
|-activate|p2a: Igris|ability: Quark Drive
|-start|p2a: Igris|quarkdrivespe
|turn|10
|
|t:|1760837437
|move|p1a: Hawlucha|Acrobatics|p2a: Igris
|-supereffective|p2a: Igris
|-damage|p2a: Igris|0 fnt
|faint|p2a: Igris
|-end|p2a: Igris|Quark Drive|[silent]
|
|upkeep
|
|t:|1760837440
|switch|p2a: Do the flop|Garganacl, M, shiny|100/100
|turn|11
|
|t:|1760837450
|move|p1a: Hawlucha|Close Combat|p2a: Do the flop
|-supereffective|p2a: Do the flop
|-damage|p2a: Do the flop|0 fnt
|-unboost|p1a: Hawlucha|def|1
|-unboost|p1a: Hawlucha|spd|1
|faint|p2a: Do the flop
|
|-fieldend|move: Electric Terrain
|upkeep
|
|t:|1760837453
|switch|p2a: Cave|Ogerpon-Wellspring, F|100/100
|turn|12
|
|t:|1760837460
|move|p1a: Hawlucha|Acrobatics|p2a: Cave
|-supereffective|p2a: Cave
|-damage|p2a: Cave|0 fnt
|faint|p2a: Cave
|
|upkeep
|
|t:|1760837462
|switch|p2a: Bat|Gliscor, M, shiny|100/100
|turn|13
|
|t:|1760837470
|-terastallize|p1a: Hawlucha|Flying
|move|p2a: Bat|Protect|p2a: Bat
|-singleturn|p2a: Bat|Protect
|move|p1a: Hawlucha|Acrobatics|p2a: Bat
|-activate|p2a: Bat|move: Protect
|
|-status|p2a: Bat|tox|[from] item: Toxic Orb
|upkeep
|turn|14
|
|t:|1760837479
|move|p1a: Hawlucha|Acrobatics|p2a: Bat
|-damage|p2a: Bat|0 fnt
|faint|p2a: Bat
|
|win|AlexCHZ
|raw|AlexCHZ's rating: 1184 &rarr; <strong>1207</strong><br />(+23 for winning)
|raw|switch626's rating: 1160 &rarr; <strong>1137</strong><br />(-23 for losing)
|l|☆switch626
|player|p2|
