|j|☆Mr_Stonks0406
|j|☆skakounrain
|t:|1760761722
|gametype|singles
|player|p1|Mr_Stonks0406|rocketgrunt|1217
|player|p2|skakounrain|dragontamer|1244
|gen|9
|tier|[Gen 9] OU
|rated|
|rule|HP Percentage Mod: HP is shown in percentages
|rule|Endless Battle Clause: Forcing endless battles is banned
|rule|Species Clause: Limit one of each Pokémon
|rule|OHKO Clause: OHKO moves are banned
|rule|Evasion Items Clause: Evasion items are banned
|rule|Evasion Moves Clause: Evasion moves are banned
|rule|Evasion Abilities Clause: Evasion abilities are banned
|rule|Sleep Moves Clause: Sleep-inducing moves are banned
|clearpoke
|poke|p1|Quagsire, F|
|poke|p1|Blissey, F|
|poke|p1|Toxapex, F|
|poke|p1|Sinistcha|
|poke|p1|Gliscor, F|
|poke|p1|Corviknight, M|
|poke|p2|Blissey, F|
|poke|p2|Dragonite, M|
|poke|p2|Dragapult, F|
|poke|p2|Corviknight, F|
|poke|p2|Garchomp, M|
|poke|p2|Pecharunt|
|teampreview
|inactive|Battle timer is ON: inactive players will automatically lose when time's up. (requested by Mr_Stonks0406)
|
|t:|1760761733
|teamsize|p1|6
|teamsize|p2|6
|start
|switch|p1a: Prickly|Toxapex, F|100/100
|switch|p2a: Garchomp|Garchomp, M|100/100
|turn|1
|
|t:|1760761745
|move|p2a: Garchomp|Swords Dance|p2a: Garchomp
|-boost|p2a: Garchomp|atk|2
|move|p1a: Prickly|Toxic|p2a: Garchomp
|-status|p2a: Garchomp|tox
|
|-damage|p2a: Garchomp|94/100 tox|[from] psn
|upkeep
|turn|2
|
|t:|1760761753
|move|p1a: Prickly|Baneful Bunker|p1a: Prickly
|-singleturn|p1a: Prickly|move: Protect
|move|p2a: Garchomp|Scale Shot|p1a: Prickly
|-activate|p1a: Prickly|move: Protect
|
|-damage|p2a: Garchomp|82/100 tox|[from] psn
|upkeep
|turn|3
|
|t:|1760761762
|switch|p1a: Raven|Corviknight, M, shiny|100/100
|-ability|p1a: Raven|Pressure
|move|p2a: Garchomp|Earthquake|p1a: Raven
|-immune|p1a: Raven
|
|-damage|p2a: Garchomp|64/100 tox|[from] psn
|upkeep
|turn|4
|
|t:|1760761791
|move|p2a: Garchomp|Stone Edge|p1a: Raven
|-crit|p1a: Raven
|-damage|p1a: Raven|24/100
|move|p1a: Raven|Roost|p1a: Raven
|-heal|p1a: Raven|74/100
|-singleturn|p1a: Raven|move: Roost
|
|-damage|p2a: Garchomp|39/100 tox|[from] psn
|upkeep
|turn|5
|
|t:|1760761801
|switch|p2a: Dragapult|Dragapult, F|100/100
|move|p1a: Raven|Roost|p1a: Raven
|-heal|p1a: Raven|100/100
|-singleturn|p1a: Raven|move: Roost
|
|upkeep
|turn|6
|inactive|Mr_Stonks0406 has 120 seconds left.
|
|t:|1760761829
|switch|p1a: Lobster|Gliscor, F|100/100
|move|p2a: Dragapult|Flamethrower|p1a: Lobster
|-damage|p1a: Lobster|67/100
|
|-status|p1a: Lobster|tox|[from] item: Toxic Orb
|upkeep
|turn|7
|inactive|Mr_Stonks0406 has 120 seconds left.
|
|t:|1760761840
|switch|p2a: Dragonite|Dragonite, M|100/100
|move|p1a: Lobster|Protect||[still]
|-fail|p1a: Lobster
|
|-heal|p1a: Lobster|79/100 tox|[from] ability: Poison Heal
|upkeep
|turn|8
|inactive|Mr_Stonks0406 has 120 seconds left.
|
|t:|1760761856
|switch|p1a: Matcha|Sinistcha|100/100
|move|p2a: Dragonite|Ice Spinner|p1a: Matcha
|-supereffective|p1a: Matcha
|-crit|p1a: Matcha
|-damage|p1a: Matcha|0 fnt
|faint|p1a: Matcha
|
|upkeep
|
|t:|1760761873
|switch|p1a: Greninga|Quagsire, F|100/100
|turn|9
|
|t:|1760761879
|switch|p2a: Garchomp|Garchomp, M|39/100 tox
|move|p1a: Greninga|Toxic|p2a: Garchomp
|-fail|p2a: Garchomp|tox
|
|-damage|p2a: Garchomp|33/100 tox|[from] psn
|upkeep
|turn|10
|
|t:|1760761888
|switch|p2a: Dragapult|Dragapult, F|100/100
|move|p1a: Greninga|Earthquake|p2a: Dragapult
|-damage|p2a: Dragapult|59/100
|
|upkeep
|turn|11
|inactive|Mr_Stonks0406 has 120 seconds left.
|
|t:|1760761895
|move|p2a: Dragapult|Draco Meteor|p1a: Greninga
|-damage|p1a: Greninga|6/100
|-unboost|p2a: Dragapult|spa|2
|move|p1a: Greninga|Stealth Rock|p2a: Dragapult
|-sidestart|p2: skakounrain|move: Stealth Rock
|
|upkeep
|turn|12
|
|t:|1760761903
|move|p2a: Dragapult|Draco Meteor|p1a: Greninga
|-damage|p1a: Greninga|0 fnt
|-unboost|p2a: Dragapult|spa|2
|faint|p1a: Greninga
|
|upkeep
|inactive|Mr_Stonks0406 has 120 seconds left.
|
|t:|1760761914
|switch|p1a: Lobster|Gliscor, F|79/100 tox
|turn|13
|-message|Mr_Stonks0406 forfeited.
|
|win|skakounrain
|raw|Mr_Stonks0406's rating: 1217 &rarr; <strong>1194</strong><br />(-23 for losing)
|raw|skakounrain's rating: 1244 &rarr; <strong>1267</strong><br />(+23 for winning)
|l|☆Mr_Stonks0406
|player|p1|
|c|☆skakounrain|ez
|l|☆skakounrain
|player|p2|
