|j|☆kinsword
|j|☆yeshirong
|t:|1760805427
|gametype|singles
|player|p1|kinsword|265|1537
|player|p2|yeshirong|idol|1504
|gen|9
|tier|[Gen 9] OU
|rated|
|rule|HP Percentage Mod: HP is shown in percentages
|rule|Endless Battle Clause: Forcing endless battles is banned
|rule|Species Clause: Limit one of each Pokémon
|rule|OHKO Clause: OHKO moves are banned
|rule|Evasion Items Clause: Evasion items are banned
|rule|Evasion Moves Clause: Evasion moves are banned
|rule|Evasion Abilities Clause: Evasion abilities are banned
|rule|Sleep Moves Clause: Sleep-inducing moves are banned
|clearpoke
|poke|p1|Charizard, F|
|poke|p1|Ursaluna, F|
|poke|p1|Azumarill, M|
|poke|p1|Corviknight, F|
|poke|p1|Fezandipiti, M|
|poke|p1|Meowscarada, F|
|poke|p2|Indeedee, M|
|poke|p2|Gholdengo|
|poke|p2|Hoopa-Unbound|
|poke|p2|Alomomola, M|
|poke|p2|Cinderace, M|
|poke|p2|Meowscarada, M|
|teampreview
|inactive|Battle timer is ON: inactive players will automatically lose when time's up. (requested by yeshirong)
|
|t:|1760805441
|teamsize|p1|6
|teamsize|p2|6
|start
|switch|p1a: Charizard|Charizard, F|100/100
|switch|p2a: Meowscarada|Meowscarada, M|100/100
|turn|1
|
|t:|1760805453
|move|p2a: Meowscarada|U-turn|p1a: Charizard
|-start|p2a: Meowscarada|typechange|Bug|[from] ability: Protean
|-resisted|p1a: Charizard
|-damage|p1a: Charizard|88/100
|
|t:|1760805456
|switch|p2a: Alomomola|Alomomola, M|100/100|[from] U-turn
|move|p1a: Charizard|Hurricane|p2a: Alomomola
|-damage|p2a: Alomomola|64/100
|
|upkeep
|turn|2
|
|t:|1760805470
|switch|p1a: Corviknight|Corviknight, F|100/100
|move|p2a: Alomomola|Flip Turn|p1a: Corviknight
|-damage|p1a: Corviknight|90/100
|-damage|p2a: Alomomola|47/100|[from] item: Rocky Helmet|[of] p1a: Corviknight
|
|t:|1760805498
|switch|p2a: Indeedee|Indeedee, M|100/100|[from] Flip Turn
|-fieldstart|move: Psychic Terrain|[from] ability: Psychic Surge|[of] p2a: Indeedee
|
|upkeep
|turn|3
|
|t:|1760805504
|switch|p2a: Alomomola|Alomomola, M|81/100
|move|p1a: Corviknight|U-turn|p2a: Alomomola
|-damage|p2a: Alomomola|70/100
|
|t:|1760805512
|switch|p1a: Azumarill|Azumarill, M|100/100|[from] U-turn
|
|upkeep
|turn|4
|
|t:|1760805522
|move|p1a: Azumarill|Knock Off|p2a: Alomomola
|-damage|p2a: Alomomola|41/100
|-enditem|p2a: Alomomola|Assault Vest|[from] move: Knock Off|[of] p1a: Azumarill
|move|p2a: Alomomola|Flip Turn|p1a: Azumarill
|-resisted|p1a: Azumarill
|-damage|p1a: Azumarill|93/100
|
|t:|1760805525
|switch|p2a: Hoopa|Hoopa-Unbound|100/100|[from] Flip Turn
|
|upkeep
|turn|5
|
|t:|1760805536
|move|p2a: Hoopa|Expanding Force|p1a: Azumarill
|-damage|p1a: Azumarill|19/100
|-damage|p2a: Hoopa|91/100|[from] item: Life Orb
|move|p1a: Azumarill|Play Rough|p2a: Hoopa
|-supereffective|p2a: Hoopa
|-damage|p2a: Hoopa|0 fnt
|faint|p2a: Hoopa
|
|upkeep
|
|t:|1760805548
|switch|p2a: Indeedee|Indeedee, M|100/100
|turn|6
|
|t:|1760805554
|switch|p1a: Meowscarada|Meowscarada, F|100/100
|move|p2a: Indeedee|Tera Blast|p1a: Meowscarada
|-damage|p1a: Meowscarada|44/100
|
|upkeep
|turn|7
|
|t:|1760805567
|switch|p2a: Alomomola|Alomomola, M|74/100
|move|p1a: Meowscarada|Knock Off|p2a: Alomomola
|-start|p1a: Meowscarada|typechange|Dark|[from] ability: Protean
|-damage|p2a: Alomomola|50/100
|
|upkeep
|turn|8
|
|t:|1760805578
|switch|p1a: Corviknight|Corviknight, F|90/100
|move|p2a: Alomomola|Flip Turn|p1a: Corviknight
|-damage|p1a: Corviknight|80/100
|-damage|p2a: Alomomola|34/100|[from] item: Rocky Helmet|[of] p1a: Corviknight
|inactive|yeshirong has 120 seconds left.
|
|t:|1760805636
|switch|p2a: Cinderace|Cinderace, M|100/100|[from] Flip Turn
|
|upkeep
|turn|9
|
|t:|1760805642
|switch|p1a: Charizard|Charizard, F|88/100
|move|p2a: Cinderace|Pyro Ball|p1a: Charizard
|-resisted|p1a: Charizard
|-damage|p1a: Charizard|55/100
|
|-fieldend|move: Psychic Terrain
|upkeep
|turn|10
|
|t:|1760805654
|move|p2a: Cinderace|U-turn|p1a: Charizard
|-resisted|p1a: Charizard
|-damage|p1a: Charizard|49/100
|
|t:|1760805658
|switch|p2a: Alomomola|Alomomola, M|67/100|[from] U-turn
|move|p1a: Charizard|Hurricane|p2a: Alomomola
|-damage|p2a: Alomomola|14/100
|
|upkeep
|turn|11
|
|t:|1760805668
|switch|p2a: Gholdengo|Gholdengo|100/100
|-item|p2a: Gholdengo|Air Balloon
|move|p1a: Charizard|Hurricane|p2a: Gholdengo|[miss]
|-miss|p1a: Charizard|p2a: Gholdengo
|
|upkeep
|turn|12
|
|t:|1760805678
|switch|p1a: Azumarill|Azumarill, M|19/100
|move|p2a: Gholdengo|Nasty Plot|p2a: Gholdengo
|-boost|p2a: Gholdengo|spa|2
|
|upkeep
|turn|13
|
|t:|1760805694
|move|p1a: Azumarill|Aqua Jet|p2a: Gholdengo
|-crit|p2a: Gholdengo
|-damage|p2a: Gholdengo|74/100
|-enditem|p2a: Gholdengo|Air Balloon
|move|p2a: Gholdengo|Make It Rain|p1a: Azumarill
|-damage|p1a: Azumarill|0 fnt
|-unboost|p2a: Gholdengo|spa|1
|faint|p1a: Azumarill
|
|upkeep
|
|t:|1760805705
|switch|p1a: Charizard|Charizard, F|49/100
|turn|14
|
|t:|1760805712
|switch|p2a: Cinderace|Cinderace, M|100/100
|move|p1a: Charizard|Overheat|p2a: Cinderace
|-resisted|p2a: Cinderace
|-damage|p2a: Cinderace|49/100
|-unboost|p1a: Charizard|spa|2
|
|upkeep
|turn|15
|
|t:|1760805724
|switch|p1a: Corviknight|Corviknight, F|80/100
|move|p2a: Cinderace|Pyro Ball|p1a: Corviknight|[miss]
|-miss|p2a: Cinderace|p1a: Corviknight
|
|upkeep
|turn|16
|
|t:|1760805739
|move|p2a: Cinderace|Pyro Ball|p1a: Corviknight
|-supereffective|p1a: Corviknight
|-damage|p1a: Corviknight|21/100
|move|p1a: Corviknight|Body Press|p2a: Cinderace
|-damage|p2a: Cinderace|18/100
|
|upkeep
|turn|17
|
|t:|1760805746
|move|p2a: Cinderace|Pyro Ball|p1a: Corviknight
|-supereffective|p1a: Corviknight
|-damage|p1a: Corviknight|0 fnt
|faint|p1a: Corviknight
|
|upkeep
|
|t:|1760805752
|switch|p1a: Meowscarada|Meowscarada, F|44/100
|turn|18
|
|t:|1760805758
|switch|p2a: Indeedee|Indeedee, M|100/100
|-fieldstart|move: Psychic Terrain|[from] ability: Psychic Surge|[of] p2a: Indeedee
|move|p1a: Meowscarada|Flower Trick|p2a: Indeedee
|-start|p1a: Meowscarada|typechange|Grass|[from] ability: Protean
|-crit|p2a: Indeedee
|-damage|p2a: Indeedee|0 fnt
|faint|p2a: Indeedee
|
|upkeep
|
|t:|1760805760
|switch|p2a: Meowscarada|Meowscarada, M|100/100
|turn|19
|
|t:|1760805772
|switch|p1a: Fezandipiti|Fezandipiti, M|100/100
|move|p2a: Meowscarada|Triple Axel|p1a: Fezandipiti
|-start|p2a: Meowscarada|typechange|Ice|[from] ability: Protean
|-damage|p1a: Fezandipiti|89/100
|-damage|p1a: Fezandipiti|68/100
|-crit|p1a: Fezandipiti
|-damage|p1a: Fezandipiti|24/100
|-hitcount|p1a: Fezandipiti|3
|
|-heal|p1a: Fezandipiti|30/100|[from] item: Leftovers
|upkeep
|turn|20
|
|t:|1760805789
|move|p2a: Meowscarada|Triple Axel|p1a: Fezandipiti
|-damage|p1a: Fezandipiti|21/100
|-damage|p1a: Fezandipiti|2/100
|-damage|p1a: Fezandipiti|0 fnt
|faint|p1a: Fezandipiti
|-hitcount|p1: Fezandipiti|3
|
|upkeep
|
|t:|1760805797
|switch|p1a: Meowscarada|Meowscarada, F|44/100
|turn|21
|
|t:|1760805809
|-terastallize|p1a: Meowscarada|Steel
|move|p2a: Meowscarada|Triple Axel|p1a: Meowscarada
|-resisted|p1a: Meowscarada
|-damage|p1a: Meowscarada|36/100
|-resisted|p1a: Meowscarada
|-damage|p1a: Meowscarada|22/100
|-resisted|p1a: Meowscarada
|-damage|p1a: Meowscarada|0 fnt
|faint|p1a: Meowscarada
|-hitcount|p1: Meowscarada|3
|
|upkeep
|
|t:|1760805822
|switch|p1a: Charizard|Charizard, F|49/100
|turn|22
|
|t:|1760805828
|move|p2a: Meowscarada|Triple Axel|p1a: Charizard
|-crit|p1a: Charizard
|-damage|p1a: Charizard|31/100
|-damage|p1a: Charizard|3/100
|-damage|p1a: Charizard|0 fnt
|faint|p1a: Charizard
|-hitcount|p1: Charizard|3
|
|upkeep
|-message|kinsword forfeited.
|
|win|yeshirong
|raw|kinsword's rating: 1537 &rarr; <strong>1515</strong><br />(-22 for losing)
|raw|yeshirong's rating: 1504 &rarr; <strong>1526</strong><br />(+22 for winning)
|l|☆kinsword
|player|p1|
|l|☆yeshirong
|player|p2|
