|j|☆Toffus
|j|☆david2811
|t:|1760762752
|gametype|singles
|player|p1|Toffus|169|1066
|player|p2|david2811|hilbert-wonderlauncher|1103
|gen|9
|tier|[Gen 9] OU
|rated|
|rule|HP Percentage Mod: HP is shown in percentages
|rule|Endless Battle Clause: Forcing endless battles is banned
|rule|Species Clause: Limit one of each Pokémon
|rule|OHKO Clause: OHKO moves are banned
|rule|Evasion Items Clause: Evasion items are banned
|rule|Evasion Moves Clause: Evasion moves are banned
|rule|Evasion Abilities Clause: Evasion abilities are banned
|rule|Sleep Moves Clause: Sleep-inducing moves are banned
|clearpoke
|poke|p1|Kingambit, M|
|poke|p1|Glimmora, M|
|poke|p1|Ting-Lu|
|poke|p1|Iron Valiant|
|poke|p1|Gliscor, F|
|poke|p1|Toxapex, M|
|poke|p2|Salamence, F|
|poke|p2|Dragapult, M|
|poke|p2|Dragonite, M|
|poke|p2|Garchomp, M|
|poke|p2|Hydreigon, M|
|poke|p2|Tyranitar, M|
|teampreview
|inactive|Battle timer is ON: inactive players will automatically lose when time's up. (requested by Toffus)
|
|t:|1760762757
|teamsize|p1|6
|teamsize|p2|6
|start
|switch|p1a: Glimmora|Glimmora, M|100/100
|switch|p2a: Tyranitar|Tyranitar, M|100/100
|-weather|Sandstorm|[from] ability: Sand Stream|[of] p2a: Tyranitar
|turn|1
|
|t:|1760762768
|move|p1a: Glimmora|Stealth Rock|p2a: Tyranitar
|-sidestart|p2: david2811|move: Stealth Rock
|move|p2a: Tyranitar|Earthquake|p1a: Glimmora
|-supereffective|p1a: Glimmora
|-enditem|p1a: Glimmora|Focus Sash
|-damage|p1a: Glimmora|1/100
|-activate|p1a: Glimmora|ability: Toxic Debris
|-sidestart|p2: david2811|move: Toxic Spikes
|
|-weather|Sandstorm|[upkeep]
|upkeep
|turn|2
|
|t:|1760762783
|move|p1a: Glimmora|Earth Power|p2a: Tyranitar
|-supereffective|p2a: Tyranitar
|-damage|p2a: Tyranitar|73/100
|move|p2a: Tyranitar|Avalanche|p1a: Glimmora
|-damage|p1a: Glimmora|0 fnt
|-activate|p1a: Glimmora|ability: Toxic Debris
|-sidestart|p2: david2811|move: Toxic Spikes
|faint|p1a: Glimmora
|
|-weather|Sandstorm|[upkeep]
|upkeep
|
|t:|1760762796
|switch|p1a: Ting-Lu|Ting-Lu|100/100
|-ability|p1a: Ting-Lu|Vessel of Ruin
|turn|3
|
|t:|1760762809
|move|p1a: Ting-Lu|Spikes|p2a: Tyranitar
|-sidestart|p2: david2811|Spikes
|move|p2a: Tyranitar|Avalanche|p1a: Ting-Lu
|-supereffective|p1a: Ting-Lu
|-damage|p1a: Ting-Lu|79/100
|
|-weather|Sandstorm|[upkeep]
|-heal|p1a: Ting-Lu|85/100|[from] item: Leftovers
|upkeep
|turn|4
|
|t:|1760762819
|move|p2a: Tyranitar|Earthquake|p1a: Ting-Lu
|-damage|p1a: Ting-Lu|65/100
|move|p1a: Ting-Lu|Spikes|p2a: Tyranitar
|-sidestart|p2: david2811|Spikes
|
|-weather|Sandstorm|[upkeep]
|-heal|p1a: Ting-Lu|72/100|[from] item: Leftovers
|upkeep
|turn|5
|
|t:|1760762828
|move|p2a: Tyranitar|Body Press|p1a: Ting-Lu
|-supereffective|p1a: Ting-Lu
|-damage|p1a: Ting-Lu|49/100
|move|p1a: Ting-Lu|Whirlwind|p2a: Tyranitar
|drag|p2a: Garchomp|Garchomp, M|100/100
|-damage|p2a: Garchomp|94/100|[from] Stealth Rock
|-status|p2a: Garchomp|tox
|-damage|p2a: Garchomp|78/100 tox|[from] Spikes
|
|-weather|none
|-heal|p1a: Ting-Lu|55/100|[from] item: Leftovers
|-damage|p2a: Garchomp|72/100 tox|[from] psn
|upkeep
|turn|6
|
|t:|1760762855
|move|p2a: Garchomp|Poison Jab|p1a: Ting-Lu
|-resisted|p1a: Ting-Lu
|-damage|p1a: Ting-Lu|48/100
|move|p1a: Ting-Lu|Whirlwind|p2a: Garchomp
|drag|p2a: Dragapult|Dragapult, M|100/100
|-damage|p2a: Dragapult|88/100|[from] Stealth Rock
|-status|p2a: Dragapult|tox
|-damage|p2a: Dragapult|72/100 tox|[from] Spikes
|
|-heal|p1a: Ting-Lu|54/100|[from] item: Leftovers
|-damage|p2a: Dragapult|66/100 tox|[from] psn
|upkeep
|turn|7
|inactive|david2811 has 120 seconds left.
|
|t:|1760762881
|move|p2a: Dragapult|U-turn|p1a: Ting-Lu
|-supereffective|p1a: Ting-Lu
|-damage|p1a: Ting-Lu|11/100
|
|t:|1760762894
|switch|p2a: Tyranitar|Tyranitar, M|73/100|[from] U-turn
|-damage|p2a: Tyranitar|61/100|[from] Stealth Rock
|-status|p2a: Tyranitar|tox
|-damage|p2a: Tyranitar|44/100 tox|[from] Spikes
|-weather|Sandstorm|[from] ability: Sand Stream|[of] p2a: Tyranitar
|move|p1a: Ting-Lu|Ruination|p2a: Tyranitar
|-damage|p2a: Tyranitar|22/100 tox
|
|-weather|Sandstorm|[upkeep]
|-heal|p1a: Ting-Lu|17/100|[from] item: Leftovers
|-damage|p2a: Tyranitar|16/100 tox|[from] psn
|upkeep
|turn|8
|
|t:|1760762911
|move|p1a: Ting-Lu|Protect|p1a: Ting-Lu
|-singleturn|p1a: Ting-Lu|Protect
|move|p2a: Tyranitar|Avalanche|p1a: Ting-Lu
|-activate|p1a: Ting-Lu|move: Protect
|
|-weather|Sandstorm|[upkeep]
|-heal|p1a: Ting-Lu|23/100|[from] item: Leftovers
|-damage|p2a: Tyranitar|4/100 tox|[from] psn
|upkeep
|turn|9
|
|t:|1760762924
|-terastallize|p1a: Ting-Lu|Steel
|move|p2a: Tyranitar|Body Press|p1a: Ting-Lu
|-supereffective|p1a: Ting-Lu
|-damage|p1a: Ting-Lu|0 fnt
|faint|p1a: Ting-Lu
|
|-weather|Sandstorm|[upkeep]
|-damage|p2a: Tyranitar|0 fnt|[from] psn
|faint|p2a: Tyranitar
|upkeep
|
|t:|1760762938
|switch|p2a: Garchomp|Garchomp, M|72/100 tox
|switch|p1a: Toxapex|Toxapex, M|100/100
|-damage|p2a: Garchomp|65/100 tox|[from] Stealth Rock
|-damage|p2a: Garchomp|49/100 tox|[from] Spikes
|turn|10
|
|t:|1760762953
|move|p1a: Toxapex|Baneful Bunker|p1a: Toxapex
|-singleturn|p1a: Toxapex|move: Protect
|move|p2a: Garchomp|Dragon Claw|p1a: Toxapex
|-activate|p1a: Toxapex|move: Protect
|
|-weather|Sandstorm|[upkeep]
|-damage|p1a: Toxapex|94/100|[from] Sandstorm
|-heal|p1a: Toxapex|100/100|[from] item: Black Sludge
|-damage|p2a: Garchomp|43/100 tox|[from] psn
|upkeep
|turn|11
|
|t:|1760762970
|switch|p1a: Gliscor|Gliscor, F|100/100
|move|p2a: Garchomp|Dragon Claw|p1a: Gliscor
|-damage|p1a: Gliscor|68/100
|
|-weather|none
|-damage|p2a: Garchomp|30/100 tox|[from] psn
|-status|p1a: Gliscor|tox|[from] item: Toxic Orb
|upkeep
|turn|12
|inactive|Toffus has 120 seconds left.
|
|t:|1760762987
|move|p1a: Gliscor|Earthquake|p2a: Garchomp
|-damage|p2a: Garchomp|2/100 tox
|move|p2a: Garchomp|Dragon Claw|p1a: Gliscor
|-damage|p1a: Gliscor|33/100 tox
|
|-heal|p1a: Gliscor|45/100 tox|[from] ability: Poison Heal
|-damage|p2a: Garchomp|0 fnt|[from] psn
|faint|p2a: Garchomp
|upkeep
|
|t:|1760762999
|switch|p2a: Dragapult|Dragapult, M|66/100 tox
|-damage|p2a: Dragapult|53/100 tox|[from] Stealth Rock
|-damage|p2a: Dragapult|37/100 tox|[from] Spikes
|turn|13
|
|t:|1760763009
|move|p2a: Dragapult|Dragon Darts|p1a: Gliscor
|-damage|p1a: Gliscor|14/100 tox
|-anim|p2a: Dragapult|Dragon Darts|p1a: Gliscor
|-damage|p1a: Gliscor|0 fnt
|faint|p1a: Gliscor
|
|-damage|p2a: Dragapult|31/100 tox|[from] psn
|upkeep
|
|t:|1760763021
|switch|p1a: Toxapex|Toxapex, M|100/100
|turn|14
|
|t:|1760763027
|move|p1a: Toxapex|Baneful Bunker|p1a: Toxapex
|-singleturn|p1a: Toxapex|move: Protect
|move|p2a: Dragapult|Dragon Darts|p1a: Toxapex
|-activate|p1a: Toxapex|move: Protect
|
|-damage|p2a: Dragapult|19/100 tox|[from] psn
|upkeep
|turn|15
|
|t:|1760763039
|move|p1a: Toxapex|Baneful Bunker||[still]
|-fail|p1a: Toxapex
|move|p2a: Dragapult|Dragon Darts|p1a: Toxapex
|-damage|p1a: Toxapex|78/100
|-anim|p2a: Dragapult|Dragon Darts|p1a: Toxapex
|-damage|p1a: Toxapex|55/100
|
|-heal|p1a: Toxapex|61/100|[from] item: Black Sludge
|-damage|p2a: Dragapult|1/100 tox|[from] psn
|upkeep
|turn|16
|
|t:|1760763050
|move|p2a: Dragapult|Dragon Darts|p1a: Toxapex
|-damage|p1a: Toxapex|35/100
|-anim|p2a: Dragapult|Dragon Darts|p1a: Toxapex
|-damage|p1a: Toxapex|13/100
|move|p1a: Toxapex|Recover|p1a: Toxapex
|-heal|p1a: Toxapex|63/100
|
|-heal|p1a: Toxapex|69/100|[from] item: Black Sludge
|-damage|p2a: Dragapult|0 fnt|[from] psn
|faint|p2a: Dragapult
|upkeep
|
|t:|1760763069
|switch|p2a: Hydreigon|Hydreigon, M|100/100
|-damage|p2a: Hydreigon|88/100|[from] Stealth Rock
|turn|17
|
|t:|1760763088
|move|p2a: Hydreigon|Earth Power|p1a: Toxapex
|-supereffective|p1a: Toxapex
|-damage|p1a: Toxapex|18/100
|move|p1a: Toxapex|Toxic|p2a: Hydreigon
|-status|p2a: Hydreigon|tox
|
|-heal|p1a: Toxapex|24/100|[from] item: Black Sludge
|-damage|p2a: Hydreigon|82/100 tox|[from] psn
|upkeep
|turn|18
|
|t:|1760763099
|move|p1a: Toxapex|Baneful Bunker|p1a: Toxapex
|-singleturn|p1a: Toxapex|move: Protect
|move|p2a: Hydreigon|Earth Power|p1a: Toxapex
|-activate|p1a: Toxapex|move: Protect
|
|-heal|p1a: Toxapex|30/100|[from] item: Black Sludge
|-damage|p2a: Hydreigon|70/100 tox|[from] psn
|upkeep
|turn|19
|
|t:|1760763112
|switch|p1a: Iron Valiant|Iron Valiant|100/100
|move|p2a: Hydreigon|Earth Power|p1a: Iron Valiant
|-damage|p1a: Iron Valiant|39/100
|
|-heal|p1a: Iron Valiant|45/100|[from] item: Leftovers
|-damage|p2a: Hydreigon|51/100 tox|[from] psn
|upkeep
|turn|20
|
|t:|1760763123
|move|p2a: Hydreigon|Earth Power|p1a: Iron Valiant
|-crit|p1a: Iron Valiant
|-damage|p1a: Iron Valiant|0 fnt
|faint|p1a: Iron Valiant
|-end|p1a: Iron Valiant|Quark Drive|[silent]
|
|-damage|p2a: Hydreigon|27/100 tox|[from] psn
|upkeep
|
|t:|1760763132
|switch|p1a: Toxapex|Toxapex, M|63/100
|turn|21
|
|t:|1760763137
|move|p1a: Toxapex|Baneful Bunker|p1a: Toxapex
|-singleturn|p1a: Toxapex|move: Protect
|move|p2a: Hydreigon|Earth Power|p1a: Toxapex
|-activate|p1a: Toxapex|move: Protect
|
|-heal|p1a: Toxapex|70/100|[from] item: Black Sludge
|-damage|p2a: Hydreigon|0 fnt|[from] psn
|faint|p2a: Hydreigon
|upkeep
|
|t:|1760763157
|switch|p2a: Salamence|Salamence, F|100/100
|-damage|p2a: Salamence|76/100|[from] Stealth Rock
|turn|22
|
|t:|1760763166
|move|p2a: Salamence|Earthquake|p1a: Toxapex
|-supereffective|p1a: Toxapex
|-damage|p1a: Toxapex|19/100
|move|p1a: Toxapex|Toxic|p2a: Salamence
|-status|p2a: Salamence|tox
|
|-heal|p1a: Toxapex|25/100|[from] item: Black Sludge
|-damage|p2a: Salamence|70/100 tox|[from] psn
|upkeep
|turn|23
|
|t:|1760763181
|-terastallize|p2a: Salamence|Fighting
|move|p2a: Salamence|Earthquake|p1a: Toxapex
|-supereffective|p1a: Toxapex
|-damage|p1a: Toxapex|0 fnt
|faint|p1a: Toxapex
|-ability|p2a: Salamence|Moxie|boost
|-boost|p2a: Salamence|atk|1
|
|-damage|p2a: Salamence|58/100 tox|[from] psn
|upkeep
|
|t:|1760763191
|switch|p1a: Kingambit|Kingambit, M|100/100
|-activate|p1a: Kingambit|ability: Supreme Overlord
|-start|p1a: Kingambit|fallen5|[silent]
|turn|24
|
|t:|1760763197
|move|p1a: Kingambit|Sucker Punch|p2a: Salamence
|-resisted|p2a: Salamence
|-damage|p2a: Salamence|22/100 tox
|move|p2a: Salamence|Earthquake|p1a: Kingambit
|-supereffective|p1a: Kingambit
|-damage|p1a: Kingambit|8/100
|
|-heal|p1a: Kingambit|14/100|[from] item: Leftovers
|-damage|p2a: Salamence|4/100 tox|[from] psn
|upkeep
|turn|25
|
|t:|1760763210
|move|p1a: Kingambit|Sucker Punch|p2a: Salamence
|-resisted|p2a: Salamence
|-damage|p2a: Salamence|0 fnt
|faint|p2a: Salamence
|
|-heal|p1a: Kingambit|20/100|[from] item: Leftovers
|upkeep
|
|t:|1760763218
|switch|p2a: Dragonite|Dragonite, M|100/100
|-damage|p2a: Dragonite|76/100|[from] Stealth Rock
|turn|26
|
|t:|1760763229
|move|p1a: Kingambit|Sucker Punch|p2a: Dragonite
|-damage|p2a: Dragonite|9/100
|-enditem|p2a: Dragonite|Aguav Berry|[eat]
|-heal|p2a: Dragonite|43/100|[from] item: Aguav Berry
|move|p2a: Dragonite|Brick Break|p1a: Kingambit
|-supereffective|p1a: Kingambit
|-damage|p1a: Kingambit|0 fnt
|faint|p1a: Kingambit
|-end|p1a: Kingambit|fallen5|[silent]
|
|win|david2811
|raw|Toffus's rating: 1066 &rarr; <strong>1048</strong><br />(-18 for losing)
|raw|david2811's rating: 1103 &rarr; <strong>1125</strong><br />(+22 for winning)
|c|☆david2811|Gg
|c|☆david2811|Xd
|l|☆david2811
|player|p2|
