|j|☆Sarim_malik_
|j|☆sebastian.gough
|t:|1760873041
|gametype|singles
|player|p1|Sarim_malik_|red|1163
|player|p2|sebastian.gough|alder|1148
|gen|9
|tier|[Gen 9] OU
|rated|
|rule|HP Percentage Mod: HP is shown in percentages
|rule|Endless Battle Clause: Forcing endless battles is banned
|rule|Species Clause: Limit one of each Pokémon
|rule|OHKO Clause: OHKO moves are banned
|rule|Evasion Items Clause: Evasion items are banned
|rule|Evasion Moves Clause: Evasion moves are banned
|rule|Evasion Abilities Clause: Evasion abilities are banned
|rule|Sleep Moves Clause: Sleep-inducing moves are banned
|clearpoke
|poke|p1|Jolteon, M|
|poke|p1|Rillaboom, M|
|poke|p1|Charizard, M|
|poke|p1|Quaquaval, M|
|poke|p1|Krookodile, M|
|poke|p1|Dragapult, M|
|poke|p2|Sylveon, M|
|poke|p2|Vaporeon, F|
|poke|p2|Jolteon, F|
|poke|p2|Leafeon, F|
|poke|p2|Flareon, M|
|poke|p2|Umbreon, M|
|teampreview
|inactive|Battle timer is ON: inactive players will automatically lose when time's up. (requested by Sarim_malik_)
|
|t:|1760873057
|teamsize|p1|6
|teamsize|p2|6
|start
|switch|p1a: Krok|Krookodile, M|100/100
|switch|p2a: Vaporeon|Vaporeon, F|100/100
|turn|1
|
|t:|1760873062
|move|p1a: Krok|Knock Off|p2a: Vaporeon
|-damage|p2a: Vaporeon|45/100
|-enditem|p2a: Vaporeon|Leftovers|[from] move: Knock Off|[of] p1a: Krok
|move|p2a: Vaporeon|Substitute|p2a: Vaporeon
|-start|p2a: Vaporeon|Substitute
|-damage|p2a: Vaporeon|20/100
|
|upkeep
|turn|2
|
|t:|1760873072
|switch|p1a: Draco|Dragapult, M|100/100
|move|p2a: Vaporeon|Scald|p1a: Draco
|-resisted|p1a: Draco
|-damage|p1a: Draco|71/100
|
|upkeep
|turn|3
|
|t:|1760873079
|move|p1a: Draco|Shadow Ball|p2a: Vaporeon
|-damage|p2a: Vaporeon|0 fnt
|faint|p2a: Vaporeon
|
|upkeep
|
|t:|1760873095
|switch|p2a: Jolteon|Jolteon, F|100/100
|turn|4
|
|t:|1760873101
|switch|p1a: Krok|Krookodile, M|100/100
|-terastallize|p2a: Jolteon|Fairy
|move|p2a: Jolteon|Alluring Voice|p1a: Krok
|-supereffective|p1a: Krok
|-damage|p1a: Krok|0 fnt
|faint|p1a: Krok
|
|upkeep
|
|t:|1760873110
|switch|p1a: Monke|Rillaboom, M|100/100
|-fieldstart|move: Grassy Terrain|[from] ability: Grassy Surge|[of] p1a: Monke
|turn|5
|
|t:|1760873122
|-terastallize|p1a: Monke|Grass
|move|p1a: Monke|Grassy Glide|p2a: Jolteon
|-damage|p2a: Jolteon|0 fnt
|faint|p2a: Jolteon
|
|upkeep
|
|t:|1760873139
|switch|p2a: Flareon|Flareon, M|100/100
|turn|6
|
|t:|1760873143
|switch|p1a: Ignell|Charizard, M|100/100
|move|p2a: Flareon|Protect||[still]
|-fail|p2a: Flareon
|
|-status|p2a: Flareon|tox|[from] item: Toxic Orb
|upkeep
|turn|7
|
|t:|1760873155
|move|p1a: Ignell|Hurricane|p2a: Flareon
|-damage|p2a: Flareon|11/100 tox
|-start|p2a: Flareon|confusion
|-damage|p1a: Ignell|91/100|[from] item: Life Orb
|-activate|p2a: Flareon|confusion
|move|p2a: Flareon|Facade|p1a: Ignell
|-damage|p1a: Ignell|0 fnt
|faint|p1a: Ignell
|
|-heal|p2a: Flareon|17/100 tox|[from] Grassy Terrain
|-damage|p2a: Flareon|11/100 tox|[from] psn
|upkeep
|
|t:|1760873171
|switch|p1a: Monke|Rillaboom, M, tera:Grass|100/100
|turn|8
|
|t:|1760873175
|move|p1a: Monke|Grassy Glide|p2a: Flareon
|-resisted|p2a: Flareon
|-damage|p2a: Flareon|0 fnt
|faint|p2a: Flareon
|
|upkeep
|
|t:|1760873178
|switch|p2a: Umbreon|Umbreon, M|100/100
|turn|9
|
|t:|1760873184
|switch|p1a: Donaldo|Quaquaval, M|100/100
|move|p2a: Umbreon|Foul Play|p1a: Donaldo
|-resisted|p1a: Donaldo
|-damage|p1a: Donaldo|66/100
|
|-heal|p1a: Donaldo|72/100|[from] Grassy Terrain
|-heal|p1a: Donaldo|78/100|[from] item: Leftovers
|-fieldend|move: Grassy Terrain
|upkeep
|turn|10
|
|t:|1760873189
|move|p1a: Donaldo|Close Combat|p2a: Umbreon
|-supereffective|p2a: Umbreon
|-damage|p2a: Umbreon|0 fnt
|-unboost|p1a: Donaldo|def|1
|-unboost|p1a: Donaldo|spd|1
|faint|p2a: Umbreon
|-ability|p1a: Donaldo|Moxie|boost
|-boost|p1a: Donaldo|atk|1
|
|-heal|p1a: Donaldo|84/100|[from] item: Leftovers
|upkeep
|
|t:|1760873193
|switch|p2a: Sylveon|Sylveon, M|100/100
|turn|11
|
|t:|1760873196
|move|p1a: Donaldo|Wave Crash|p2a: Sylveon
|-damage|p2a: Sylveon|13/100
|-damage|p1a: Donaldo|47/100|[from] Recoil
|move|p2a: Sylveon|Hyper Voice|p1a: Donaldo
|-supereffective|p1a: Donaldo
|-damage|p1a: Donaldo|0 fnt
|faint|p1a: Donaldo
|
|-heal|p2a: Sylveon|19/100|[from] item: Leftovers
|upkeep
|
|t:|1760873201
|switch|p1a: Draco|Dragapult, M|71/100
|turn|12
|
|t:|1760873206
|move|p1a: Draco|Flamethrower|p2a: Sylveon
|-damage|p2a: Sylveon|0 fnt
|faint|p2a: Sylveon
|
|upkeep
|
|t:|1760873212
|switch|p2a: Leafeon|Leafeon, F|100/100
|turn|13
|
|t:|1760873216
|move|p1a: Draco|Flamethrower|p2a: Leafeon
|-supereffective|p2a: Leafeon
|-damage|p2a: Leafeon|0 fnt
|faint|p2a: Leafeon
|
|win|Sarim_malik_
|raw|Sarim_malik_'s rating: 1163 &rarr; <strong>1187</strong><br />(+24 for winning)
|raw|sebastian.gough's rating: 1148 &rarr; <strong>1124</strong><br />(-24 for losing)
|l|☆sebastian.gough
|player|p2|
|l|☆Sarim_malik_
|player|p1|
