|j|☆Kianchimchar
|j|☆AlmightyHD
|t:|1760821364
|gametype|singles
|player|p1|Kianchimchar|266|1487
|player|p2|AlmightyHD|acetrainerf-gen4dp|1485
|gen|9
|tier|[Gen 9] OU
|rated|
|rule|HP Percentage Mod: HP is shown in percentages
|rule|Endless Battle Clause: Forcing endless battles is banned
|rule|Species Clause: Limit one of each Pokémon
|rule|OHKO Clause: OHKO moves are banned
|rule|Evasion Items Clause: Evasion items are banned
|rule|Evasion Moves Clause: Evasion moves are banned
|rule|Evasion Abilities Clause: Evasion abilities are banned
|rule|Sleep Moves Clause: Sleep-inducing moves are banned
|clearpoke
|poke|p1|Dragonite, M|
|poke|p1|Deoxys-Speed|
|poke|p1|Scizor, F|
|poke|p1|Kyurem|
|poke|p1|Zoroark-Hisui, F|
|poke|p1|Zapdos|
|poke|p2|Dragonite, F|
|poke|p2|Tyranitar, F|
|poke|p2|Excadrill, F|
|poke|p2|Ogerpon-Wellspring, F|
|poke|p2|Moltres|
|poke|p2|Uxie|
|teampreview
|inactive|Battle timer is ON: inactive players will automatically lose when time's up. (requested by Kianchimchar)
|
|t:|1760821382
|teamsize|p1|6
|teamsize|p2|6
|start
|switch|p1a: Scizor|Scizor, F, shiny|100/100
|switch|p2a: Ogerpon|Ogerpon-Wellspring, F|100/100
|turn|1
|
|t:|1760821388
|move|p2a: Ogerpon|Knock Off|p1a: Scizor
|-supereffective|p1a: Scizor
|-enditem|p1a: Scizor|Focus Sash
|-damage|p1a: Scizor|1/100
|replace|p1a: Zoroark|Zoroark-Hisui, F
|-end|p1a: Zoroark|Illusion
|move|p1a: Zoroark|Hyper Voice|p2a: Ogerpon
|-damage|p2a: Ogerpon|49/100
|
|upkeep
|turn|2
|
|t:|1760821395
|move|p1a: Zoroark|Hyper Voice|p2a: Ogerpon
|-damage|p2a: Ogerpon|0 fnt
|faint|p2a: Ogerpon
|
|upkeep
|
|t:|1760821398
|switch|p2a: Tyranitar|Tyranitar, F, shiny|100/100
|-weather|Sandstorm|[from] ability: Sand Stream|[of] p2a: Tyranitar
|turn|3
|
|t:|1760821408
|switch|p2a: Dragonite|Dragonite, F|100/100
|move|p1a: Zoroark|Shadow Ball|p2a: Dragonite
|-damage|p2a: Dragonite|79/100
|
|-weather|Sandstorm|[upkeep]
|-damage|p1a: Zoroark|0 fnt|[from] Sandstorm
|-damage|p2a: Dragonite|73/100|[from] Sandstorm
|faint|p1a: Zoroark
|upkeep
|
|t:|1760821411
|switch|p1a: Deoxys|Deoxys-Speed, shiny|100/100
|-ability|p1a: Deoxys|Pressure
|turn|4
|
|t:|1760821421
|switch|p2a: Uxie|Uxie, shiny|100/100
|move|p1a: Deoxys|Thunder Wave|p2a: Uxie
|-status|p2a: Uxie|par
|
|-weather|Sandstorm|[upkeep]
|-damage|p1a: Deoxys|94/100|[from] Sandstorm
|-damage|p2a: Uxie|94/100 par|[from] Sandstorm
|upkeep
|turn|5
|
|t:|1760821428
|move|p1a: Deoxys|Knock Off|p2a: Uxie
|-supereffective|p2a: Uxie
|-damage|p2a: Uxie|72/100 par
|-damage|p1a: Deoxys|78/100|[from] item: Rocky Helmet|[of] p2a: Uxie
|-enditem|p2a: Uxie|Rocky Helmet|[from] move: Knock Off|[of] p1a: Deoxys
|move|p2a: Uxie|Stealth Rock|p1a: Deoxys
|-sidestart|p1: Kianchimchar|move: Stealth Rock
|
|-weather|Sandstorm|[upkeep]
|-damage|p1a: Deoxys|72/100|[from] Sandstorm
|-damage|p2a: Uxie|65/100 par|[from] Sandstorm
|upkeep
|turn|6
|
|t:|1760821430
|move|p1a: Deoxys|Stealth Rock|p2a: Uxie
|-sidestart|p2: AlmightyHD|move: Stealth Rock
|move|p2a: Uxie|Knock Off|p1a: Deoxys
|-supereffective|p1a: Deoxys
|-damage|p1a: Deoxys|33/100
|-damage|p2a: Uxie|49/100 par|[from] item: Rocky Helmet|[of] p1a: Deoxys
|-enditem|p1a: Deoxys|Rocky Helmet|[from] move: Knock Off|[of] p2a: Uxie
|
|-weather|Sandstorm|[upkeep]
|-damage|p1a: Deoxys|27/100|[from] Sandstorm
|-damage|p2a: Uxie|43/100 par|[from] Sandstorm
|upkeep
|turn|7
|
|t:|1760821433
|move|p1a: Deoxys|Ice Beam|p2a: Uxie
|-damage|p2a: Uxie|24/100 par
|move|p2a: Uxie|Knock Off|p1a: Deoxys
|-supereffective|p1a: Deoxys
|-damage|p1a: Deoxys|2/100
|
|-weather|none
|upkeep
|turn|8
|
|t:|1760821444
|move|p1a: Deoxys|Knock Off|p2a: Uxie
|-supereffective|p2a: Uxie
|-damage|p2a: Uxie|9/100 par
|cant|p2a: Uxie|par
|
|upkeep
|turn|9
|
|t:|1760821448
|switch|p2a: Tyranitar|Tyranitar, F, shiny|100/100
|-damage|p2a: Tyranitar|88/100|[from] Stealth Rock
|-weather|Sandstorm|[from] ability: Sand Stream|[of] p2a: Tyranitar
|move|p1a: Deoxys|Ice Beam|p2a: Tyranitar
|-damage|p2a: Tyranitar|71/100
|
|-weather|Sandstorm|[upkeep]
|-damage|p1a: Deoxys|0 fnt|[from] Sandstorm
|faint|p1a: Deoxys
|upkeep
|
|t:|1760821451
|switch|p1a: Scizor|Scizor, F, shiny|100/100
|-damage|p1a: Scizor|88/100|[from] Stealth Rock
|turn|10
|
|t:|1760821454
|switch|p2a: Moltres|Moltres|100/100
|move|p1a: Scizor|Defog|p2a: Moltres
|-unboost|p2a: Moltres|evasion|1
|-sideend|p2: AlmightyHD|Stealth Rock|[from] move: Defog|[of] p1a: Scizor
|-sideend|p1: Kianchimchar|Stealth Rock|[from] move: Defog|[of] p1a: Scizor
|
|-weather|Sandstorm|[upkeep]
|-damage|p2a: Moltres|94/100|[from] Sandstorm
|upkeep
|turn|11
|
|t:|1760821458
|move|p2a: Moltres|U-turn|p1a: Scizor
|-resisted|p1a: Scizor
|-damage|p1a: Scizor|81/100
|-damage|p2a: Moltres|78/100|[from] item: Rocky Helmet|[of] p1a: Scizor
|
|t:|1760821460
|switch|p2a: Uxie|Uxie, shiny|9/100 par|[from] U-turn
|move|p1a: Scizor|Knock Off|p2a: Uxie
|-supereffective|p2a: Uxie
|-damage|p2a: Uxie|0 fnt
|faint|p2a: Uxie
|
|-weather|Sandstorm|[upkeep]
|upkeep
|
|t:|1760821465
|switch|p2a: Moltres|Moltres|78/100
|turn|12
|
|t:|1760821484
|move|p2a: Moltres|Flamethrower|p1a: Scizor
|-supereffective|p1a: Scizor
|-damage|p1a: Scizor|0 fnt
|faint|p1a: Scizor
|
|-weather|Sandstorm|[upkeep]
|-damage|p2a: Moltres|72/100|[from] Sandstorm
|upkeep
|
|t:|1760821489
|switch|p1a: one man army|Dragonite, M, shiny|100/100
|turn|13
|
|t:|1760821491
|move|p1a: one man army|Dragon Dance|p1a: one man army
|-boost|p1a: one man army|atk|1
|-boost|p1a: one man army|spe|1
|move|p2a: Moltres|Roar|p1a: one man army
|drag|p1a: Zapdos|Zapdos|100/100
|
|-weather|none
|upkeep
|turn|14
|
|t:|1760821498
|switch|p2a: Dragonite|Dragonite, F|73/100
|move|p1a: Zapdos|Thunder Wave|p2a: Dragonite
|-status|p2a: Dragonite|par
|
|upkeep
|turn|15
|
|t:|1760821502
|move|p1a: Zapdos|Volt Switch|p2a: Dragonite
|-damage|p2a: Dragonite|41/100 par
|
|t:|1760821504
|switch|p1a: one man army|Dragonite, M, shiny|100/100|[from] Volt Switch
|cant|p2a: Dragonite|par
|
|upkeep
|turn|16
|
|t:|1760821513
|switch|p2a: Moltres|Moltres|72/100
|move|p1a: one man army|Dragon Dance|p1a: one man army
|-boost|p1a: one man army|atk|1
|-boost|p1a: one man army|spe|1
|
|upkeep
|turn|17
|
|t:|1760821521
|move|p1a: one man army|Low Kick|p2a: Moltres
|-resisted|p2a: Moltres
|-damage|p2a: Moltres|56/100
|move|p2a: Moltres|Roar|p1a: one man army
|drag|p1a: Zapdos|Zapdos|100/100
|
|upkeep
|turn|18
|
|t:|1760821531
|switch|p1a: Kyurem|Kyurem|100/100
|-ability|p1a: Kyurem|Pressure
|switch|p2a: Excadrill|Excadrill, F|100/100
|-item|p2a: Excadrill|Air Balloon
|
|upkeep
|turn|19
|
|t:|1760821541
|switch|p2a: Tyranitar|Tyranitar, F, shiny|71/100
|-weather|Sandstorm|[from] ability: Sand Stream|[of] p2a: Tyranitar
|move|p1a: Kyurem|Ice Beam|p2a: Tyranitar
|-damage|p2a: Tyranitar|38/100
|
|-weather|Sandstorm|[upkeep]
|-damage|p1a: Kyurem|94/100|[from] Sandstorm
|upkeep
|turn|20
|
|t:|1760821559
|move|p1a: Kyurem|Ice Beam|p2a: Tyranitar
|-damage|p2a: Tyranitar|8/100
|move|p2a: Tyranitar|Knock Off|p1a: Kyurem
|-damage|p1a: Kyurem|20/100
|-enditem|p1a: Kyurem|Focus Sash|[from] move: Knock Off|[of] p2a: Tyranitar
|
|-weather|Sandstorm|[upkeep]
|-damage|p1a: Kyurem|14/100|[from] Sandstorm
|upkeep
|turn|21
|l|☆Kianchimchar
|inactive|Kianchimchar disconnected and has a minute to reconnect!
|player|p1|
|j|☆Kianchimchar
|inactive|Kianchimchar reconnected.
|player|p1|Kianchimchar|266|
|
|t:|1760821583
|switch|p2a: Excadrill|Excadrill, F|100/100
|-item|p2a: Excadrill|Air Balloon
|move|p1a: Kyurem|Ice Beam|p2a: Excadrill
|-damage|p2a: Excadrill|40/100
|-enditem|p2a: Excadrill|Air Balloon
|
|-weather|Sandstorm|[upkeep]
|-damage|p1a: Kyurem|8/100|[from] Sandstorm
|upkeep
|turn|22
|
|t:|1760821592
|move|p2a: Excadrill|Iron Head|p1a: Kyurem
|-supereffective|p1a: Kyurem
|-damage|p1a: Kyurem|0 fnt
|faint|p1a: Kyurem
|
|-weather|Sandstorm|[upkeep]
|upkeep
|
|t:|1760821596
|switch|p1a: Zapdos|Zapdos|100/100
|turn|23
|
|t:|1760821611
|move|p2a: Excadrill|Rock Slide|p1a: Zapdos
|-supereffective|p1a: Zapdos
|-damage|p1a: Zapdos|60/100
|cant|p1a: Zapdos|flinch
|
|-weather|none
|upkeep
|turn|24
|
|t:|1760821619
|move|p2a: Excadrill|Rock Slide|p1a: Zapdos
|-supereffective|p1a: Zapdos
|-damage|p1a: Zapdos|23/100
|cant|p1a: Zapdos|flinch
|
|upkeep
|turn|25
|
|t:|1760821630
|switch|p2a: Tyranitar|Tyranitar, F, shiny|8/100
|-weather|Sandstorm|[from] ability: Sand Stream|[of] p2a: Tyranitar
|move|p1a: Zapdos|Roost|p1a: Zapdos
|-heal|p1a: Zapdos|73/100
|-singleturn|p1a: Zapdos|move: Roost
|
|-weather|Sandstorm|[upkeep]
|-damage|p1a: Zapdos|67/100|[from] Sandstorm
|upkeep
|turn|26
|
|t:|1760821641
|move|p1a: Zapdos|Brave Bird|p2a: Tyranitar
|-resisted|p2a: Tyranitar
|-damage|p2a: Tyranitar|0 fnt
|faint|p2a: Tyranitar
|-damage|p1a: Zapdos|65/100|[from] Recoil
|
|-weather|Sandstorm|[upkeep]
|-damage|p1a: Zapdos|59/100|[from] Sandstorm
|upkeep
|
|t:|1760821649
|switch|p2a: Dragonite|Dragonite, F|41/100 par
|turn|27
|
|t:|1760821661
|move|p1a: Zapdos|Volt Switch|p2a: Dragonite
|-damage|p2a: Dragonite|12/100 par
|
|t:|1760821663
|switch|p1a: one man army|Dragonite, M, shiny|100/100|[from] Volt Switch
|move|p2a: Dragonite|Ice Spinner|p1a: one man army
|-supereffective|p1a: one man army
|-damage|p1a: one man army|0 fnt
|faint|p1a: one man army
|
|-weather|Sandstorm|[upkeep]
|-damage|p2a: Dragonite|6/100 par|[from] Sandstorm
|upkeep
|
|t:|1760821667
|switch|p1a: Zapdos|Zapdos|59/100
|turn|28
|
|t:|1760821673
|move|p1a: Zapdos|Roost|p1a: Zapdos
|-heal|p1a: Zapdos|100/100
|-singleturn|p1a: Zapdos|move: Roost
|move|p2a: Dragonite|Ice Spinner|p1a: Zapdos
|-damage|p1a: Zapdos|66/100
|
|-weather|Sandstorm|[upkeep]
|-damage|p1a: Zapdos|60/100|[from] Sandstorm
|-damage|p2a: Dragonite|0 fnt|[from] Sandstorm
|faint|p2a: Dragonite
|upkeep
|
|t:|1760821681
|switch|p2a: Excadrill|Excadrill, F|40/100
|turn|29
|
|t:|1760821685
|move|p2a: Excadrill|Rock Slide|p1a: Zapdos
|-supereffective|p1a: Zapdos
|-damage|p1a: Zapdos|22/100
|move|p1a: Zapdos|Roost|p1a: Zapdos
|-heal|p1a: Zapdos|72/100
|-singleturn|p1a: Zapdos|move: Roost
|
|-weather|none
|upkeep
|turn|30
|
|t:|1760821688
|move|p2a: Excadrill|Rock Slide|p1a: Zapdos
|-supereffective|p1a: Zapdos
|-damage|p1a: Zapdos|34/100
|cant|p1a: Zapdos|flinch
|
|upkeep
|turn|31
|
|t:|1760821691
|move|p2a: Excadrill|Rock Slide|p1a: Zapdos
|-supereffective|p1a: Zapdos
|-damage|p1a: Zapdos|0 fnt
|faint|p1a: Zapdos
|
|win|AlmightyHD
|raw|Kianchimchar's rating: 1487 &rarr; <strong>1467</strong><br />(-20 for losing)
|raw|AlmightyHD's rating: 1485 &rarr; <strong>1505</strong><br />(+20 for winning)
|l|☆AlmightyHD
|player|p2|
|l|☆Kianchimchar
|player|p1|
