|j|☆Asrzzz
|j|☆Perola Pe
|t:|1760756047
|gametype|singles
|player|p1|Asrzzz|alder|1311
|player|p2|Perola Pe|wallace|1323
|gen|9
|tier|[Gen 9] OU
|rated|
|rule|HP Percentage Mod: HP is shown in percentages
|rule|Endless Battle Clause: Forcing endless battles is banned
|rule|Species Clause: Limit one of each Pokémon
|rule|OHKO Clause: OHKO moves are banned
|rule|Evasion Items Clause: Evasion items are banned
|rule|Evasion Moves Clause: Evasion moves are banned
|rule|Evasion Abilities Clause: Evasion abilities are banned
|rule|Sleep Moves Clause: Sleep-inducing moves are banned
|clearpoke
|poke|p1|Ninetales-Alola, F|
|poke|p1|Kyurem|
|poke|p1|Iron Crown|
|poke|p1|Ceruledge, M|
|poke|p1|Primarina, F|
|poke|p1|Great Tusk|
|poke|p2|Raging Bolt|
|poke|p2|Zapdos-Galar|
|poke|p2|Enamorus, F|
|poke|p2|Kyurem|
|poke|p2|Primarina, M|
|poke|p2|Cinderace, M|
|teampreview
|inactive|Battle timer is ON: inactive players will automatically lose when time's up. (requested by Perola Pe)
|
|t:|1760756061
|teamsize|p1|6
|teamsize|p2|6
|start
|switch|p1a: Ceruledge|Ceruledge, M|100/100
|switch|p2a: Primarina|Primarina, M|100/100
|turn|1
|
|t:|1760756080
|switch|p1a: Ninetales|Ninetales-Alola, F|100/100
|-weather|Snowscape|[from] ability: Snow Warning|[of] p1a: Ninetales
|move|p2a: Primarina|Sparkling Aria|p1a: Ninetales
|-damage|p1a: Ninetales|18/100
|
|-weather|Snowscape|[upkeep]
|upkeep
|turn|2
|
|t:|1760756095
|move|p1a: Ninetales|Aurora Veil|p1a: Ninetales
|-sidestart|p1: Asrzzz|move: Aurora Veil
|move|p2a: Primarina|Sparkling Aria|p1a: Ninetales
|-crit|p1a: Ninetales
|-damage|p1a: Ninetales|0 fnt
|faint|p1a: Ninetales
|
|-weather|Snowscape|[upkeep]
|upkeep
|
|t:|1760756117
|switch|p1a: Iron Crown|Iron Crown|100/100
|turn|3
|
|t:|1760756133
|switch|p2a: Cinderace|Cinderace, M|100/100
|move|p1a: Iron Crown|Calm Mind|p1a: Iron Crown
|-boost|p1a: Iron Crown|spa|1
|-boost|p1a: Iron Crown|spd|1
|
|-weather|Snowscape|[upkeep]
|upkeep
|turn|4
|inactive|Asrzzz has 120 seconds left.
|
|t:|1760756158
|-terastallize|p1a: Iron Crown|Water
|move|p2a: Cinderace|Court Change|p2a: Cinderace
|-start|p2a: Cinderace|typechange|Normal|[from] ability: Libero
|-swapsideconditions
|-activate|p2a: Cinderace|move: Court Change
|move|p1a: Iron Crown|Agility|p1a: Iron Crown
|-boost|p1a: Iron Crown|spe|2
|
|-weather|Snowscape|[upkeep]
|upkeep
|turn|5
|inactive|Asrzzz has 120 seconds left.
|
|t:|1760756170
|move|p1a: Iron Crown|Calm Mind|p1a: Iron Crown
|-boost|p1a: Iron Crown|spa|1
|-boost|p1a: Iron Crown|spd|1
|move|p2a: Cinderace|U-turn|p1a: Iron Crown
|-damage|p1a: Iron Crown|78/100
|
|t:|1760756196
|switch|p2a: Raging Bolt|Raging Bolt|100/100|[from] U-turn
|
|-weather|none
|upkeep
|turn|6
|inactive|Asrzzz has 120 seconds left.
|
|t:|1760756208
|move|p1a: Iron Crown|Calm Mind|p1a: Iron Crown
|-boost|p1a: Iron Crown|spa|1
|-boost|p1a: Iron Crown|spd|1
|move|p2a: Raging Bolt|Thunderbolt|p1a: Iron Crown
|-supereffective|p1a: Iron Crown
|-damage|p1a: Iron Crown|37/100
|-enditem|p1a: Iron Crown|Weakness Policy
|-boost|p1a: Iron Crown|atk|2|[from] item: Weakness Policy
|-boost|p1a: Iron Crown|spa|2|[from] item: Weakness Policy
|
|upkeep
|turn|7
|
|t:|1760756219
|move|p1a: Iron Crown|Stored Power|p2a: Raging Bolt
|-damage|p2a: Raging Bolt|0 fnt
|faint|p2a: Raging Bolt
|-end|p2a: Raging Bolt|Protosynthesis|[silent]
|
|upkeep
|inactive|Perola Pe has 120 seconds left.
|
|t:|1760756249
|switch|p2a: Primarina|Primarina, M|100/100
|turn|8
|
|t:|1760756254
|move|p1a: Iron Crown|Tachyon Cutter|p2a: Primarina
|-damage|p2a: Primarina|57/100
|-damage|p2a: Primarina|16/100
|-hitcount|p2a: Primarina|2
|move|p2a: Primarina|Moonblast|p1a: Iron Crown
|-damage|p1a: Iron Crown|2/100
|
|upkeep
|turn|9
|inactive|Perola Pe has 120 seconds left.
|
|t:|1760756266
|move|p1a: Iron Crown|Stored Power|p2a: Primarina
|-damage|p2a: Primarina|0 fnt
|faint|p2a: Primarina
|
|-sideend|p2: Perola Pe|move: Aurora Veil
|upkeep
|
|t:|1760756268
|switch|p2a: Cinderace|Cinderace, M|100/100
|turn|10
|
|t:|1760756276
|move|p1a: Iron Crown|Stored Power|p2a: Cinderace
|-damage|p2a: Cinderace|0 fnt
|faint|p2a: Cinderace
|
|upkeep
|-message|Perola Pe forfeited.
|
|win|Asrzzz
|raw|Asrzzz's rating: 1311 &rarr; <strong>1332</strong><br />(+21 for winning)
|raw|Perola Pe's rating: 1323 &rarr; <strong>1302</strong><br />(-21 for losing)
|l|☆Perola Pe
|player|p2|
