|j|☆crockcorak
|j|☆Howsthatforaname
|t:|1760878076
|gametype|singles
|player|p1|crockcorak|1|1400
|player|p2|Howsthatforaname|wattson|1360
|gen|9
|tier|[Gen 9] OU
|rated|
|rule|HP Percentage Mod: HP is shown in percentages
|rule|Endless Battle Clause: Forcing endless battles is banned
|rule|Species Clause: Limit one of each Pokémon
|rule|OHKO Clause: OHKO moves are banned
|rule|Evasion Items Clause: Evasion items are banned
|rule|Evasion Moves Clause: Evasion moves are banned
|rule|Evasion Abilities Clause: Evasion abilities are banned
|rule|Sleep Moves Clause: Sleep-inducing moves are banned
|clearpoke
|poke|p1|Ceruledge, F|
|poke|p1|Hydrapple, F|
|poke|p1|Hatterene, F|
|poke|p1|Samurott-Hisui, M|
|poke|p1|Landorus-Therian, M|
|poke|p1|Moltres|
|poke|p2|Dragonite, M|
|poke|p2|Jolteon, M|
|poke|p2|Meganium, M|
|poke|p2|Scizor, M|
|poke|p2|Milotic, F|
|poke|p2|Garchomp, M|
|teampreview
|inactive|Battle timer is ON: inactive players will automatically lose when time's up. (requested by crockcorak)
|
|t:|1760878102
|teamsize|p1|6
|teamsize|p2|6
|start
|switch|p1a: Hatterene|Hatterene, F|100/100
|switch|p2a: Garchomp|Garchomp, M|100/100
|turn|1
|
|t:|1760878114
|switch|p2a: Scizor|Scizor, M|100/100
|move|p1a: Hatterene|Draining Kiss|p2a: Scizor
|-resisted|p2a: Scizor
|-damage|p2a: Scizor|88/100
|
|-heal|p2a: Scizor|95/100|[from] item: Leftovers
|upkeep
|turn|2
|
|t:|1760878122
|switch|p1a: Moltres|Moltres|100/100
|move|p2a: Scizor|U-turn|p1a: Moltres
|-resisted|p1a: Moltres
|-damage|p1a: Moltres|93/100
|-status|p2a: Scizor|brn|[from] ability: Flame Body|[of] p1a: Moltres
|
|t:|1760878145
|switch|p2a: Garchomp|Garchomp, M|100/100|[from] U-turn
|
|upkeep
|turn|3
|
|t:|1760878152
|move|p2a: Garchomp|Stone Edge|p1a: Moltres
|-supereffective|p1a: Moltres
|-damage|p1a: Moltres|0 fnt
|faint|p1a: Moltres
|
|upkeep
|
|t:|1760878155
|switch|p1a: Hatterene|Hatterene, F|100/100
|turn|4
|
|t:|1760878158
|switch|p2a: Scizor|Scizor, M|95/100 brn
|move|p1a: Hatterene|Calm Mind|p1a: Hatterene
|-boost|p1a: Hatterene|spa|1
|-boost|p1a: Hatterene|spd|1
|
|-heal|p2a: Scizor|100/100 brn|[from] item: Leftovers
|-damage|p2a: Scizor|94/100 brn|[from] brn
|upkeep
|turn|5
|
|t:|1760878166
|move|p2a: Scizor|Bullet Punch|p1a: Hatterene
|-supereffective|p1a: Hatterene
|-damage|p1a: Hatterene|75/100
|move|p1a: Hatterene|Calm Mind|p1a: Hatterene
|-boost|p1a: Hatterene|spa|1
|-boost|p1a: Hatterene|spd|1
|
|-heal|p2a: Scizor|100/100 brn|[from] item: Leftovers
|-heal|p1a: Hatterene|81/100|[from] item: Leftovers
|-damage|p2a: Scizor|94/100 brn|[from] brn
|upkeep
|turn|6
|
|t:|1760878175
|move|p2a: Scizor|Bullet Punch|p1a: Hatterene
|-supereffective|p1a: Hatterene
|-damage|p1a: Hatterene|52/100
|move|p1a: Hatterene|Calm Mind|p1a: Hatterene
|-boost|p1a: Hatterene|spa|1
|-boost|p1a: Hatterene|spd|1
|
|-heal|p2a: Scizor|100/100 brn|[from] item: Leftovers
|-heal|p1a: Hatterene|58/100|[from] item: Leftovers
|-damage|p2a: Scizor|94/100 brn|[from] brn
|upkeep
|turn|7
|
|t:|1760878183
|move|p2a: Scizor|Bullet Punch|p1a: Hatterene
|-supereffective|p1a: Hatterene
|-damage|p1a: Hatterene|30/100
|move|p1a: Hatterene|Draining Kiss|p2a: Scizor
|-resisted|p2a: Scizor
|-damage|p2a: Scizor|64/100 brn
|-heal|p1a: Hatterene|52/100|[from] drain|[of] p2a: Scizor
|
|-heal|p2a: Scizor|70/100 brn|[from] item: Leftovers
|-heal|p1a: Hatterene|58/100|[from] item: Leftovers
|-damage|p2a: Scizor|64/100 brn|[from] brn
|upkeep
|turn|8
|
|t:|1760878192
|move|p2a: Scizor|Bullet Punch|p1a: Hatterene
|-supereffective|p1a: Hatterene
|-damage|p1a: Hatterene|33/100
|move|p1a: Hatterene|Draining Kiss|p2a: Scizor
|-resisted|p2a: Scizor
|-damage|p2a: Scizor|32/100 brn
|-heal|p1a: Hatterene|57/100|[from] drain|[of] p2a: Scizor
|
|-heal|p2a: Scizor|38/100 brn|[from] item: Leftovers
|-heal|p1a: Hatterene|63/100|[from] item: Leftovers
|-damage|p2a: Scizor|32/100 brn|[from] brn
|upkeep
|turn|9
|
|t:|1760878202
|move|p2a: Scizor|Bullet Punch|p1a: Hatterene
|-supereffective|p1a: Hatterene
|-damage|p1a: Hatterene|35/100
|move|p1a: Hatterene|Draining Kiss|p2a: Scizor
|-resisted|p2a: Scizor
|-damage|p2a: Scizor|0 fnt
|-heal|p1a: Hatterene|59/100|[from] drain|[of] p2a: Scizor
|faint|p2a: Scizor
|
|-heal|p1a: Hatterene|65/100|[from] item: Leftovers
|upkeep
|
|t:|1760878218
|switch|p2a: Garchomp|Garchomp, M|100/100
|turn|10
|
|t:|1760878222
|-terastallize|p2a: Garchomp|Steel
|move|p2a: Garchomp|Earthquake|p1a: Hatterene
|-damage|p1a: Hatterene|23/100
|move|p1a: Hatterene|Draining Kiss|p2a: Garchomp
|-resisted|p2a: Garchomp
|-damage|p2a: Garchomp|70/100
|-heal|p1a: Hatterene|49/100|[from] drain|[of] p2a: Garchomp
|-damage|p1a: Hatterene|36/100|[from] ability: Rough Skin|[of] p2a: Garchomp
|
|-heal|p1a: Hatterene|42/100|[from] item: Leftovers
|upkeep
|turn|11
|
|t:|1760878233
|move|p2a: Garchomp|Earthquake|p1a: Hatterene
|-damage|p1a: Hatterene|2/100
|move|p1a: Hatterene|Draining Kiss|p2a: Garchomp
|-resisted|p2a: Garchomp
|-damage|p2a: Garchomp|39/100
|-heal|p1a: Hatterene|28/100|[from] drain|[of] p2a: Garchomp
|-damage|p1a: Hatterene|16/100|[from] ability: Rough Skin|[of] p2a: Garchomp
|
|-heal|p1a: Hatterene|22/100|[from] item: Leftovers
|upkeep
|turn|12
|
|t:|1760878244
|move|p2a: Garchomp|Earthquake|p1a: Hatterene
|-damage|p1a: Hatterene|0 fnt
|faint|p1a: Hatterene
|
|upkeep
|
|t:|1760878246
|switch|p1a: Landorus|Landorus-Therian, M|100/100
|-ability|p1a: Landorus|Intimidate|boost
|-unboost|p2a: Garchomp|atk|1
|turn|13
|
|t:|1760878264
|move|p1a: Landorus|Earthquake|p2a: Garchomp
|-supereffective|p2a: Garchomp
|-damage|p2a: Garchomp|0 fnt
|faint|p2a: Garchomp
|
|upkeep
|
|t:|1760878269
|switch|p2a: Dragonite|Dragonite, M|100/100
|turn|14
|
|t:|1760878272
|switch|p1a: Hydrapple|Hydrapple, F|100/100
|move|p2a: Dragonite|Dragon Dance|p2a: Dragonite
|-boost|p2a: Dragonite|atk|1
|-boost|p2a: Dragonite|spe|1
|
|upkeep
|turn|15
|
|t:|1760878279
|move|p2a: Dragonite|Dragon Dance|p2a: Dragonite
|-boost|p2a: Dragonite|atk|1
|-boost|p2a: Dragonite|spe|1
|move|p1a: Hydrapple|Draco Meteor|p2a: Dragonite
|-supereffective|p2a: Dragonite
|-damage|p2a: Dragonite|26/100
|-unboost|p1a: Hydrapple|spa|2
|
|upkeep
|turn|16
|
|t:|1760878288
|switch|p1a: Landorus|Landorus-Therian, M|100/100
|-ability|p1a: Landorus|Intimidate|boost
|-unboost|p2a: Dragonite|atk|1
|move|p2a: Dragonite|Dragon Claw|p1a: Landorus
|-damage|p1a: Landorus|22/100
|
|upkeep
|turn|17
|
|t:|1760878296
|move|p2a: Dragonite|Extreme Speed|p1a: Landorus
|-damage|p1a: Landorus|0 fnt
|faint|p1a: Landorus
|
|upkeep
|
|t:|1760878301
|switch|p1a: Samurott|Samurott-Hisui, M, shiny|100/100
|turn|18
|
|t:|1760878311
|move|p2a: Dragonite|Extreme Speed|p1a: Samurott
|-damage|p1a: Samurott|42/100
|move|p1a: Samurott|Ceaseless Edge|p2a: Dragonite
|-damage|p2a: Dragonite|0 fnt
|-sidestart|p2: Howsthatforaname|Spikes
|faint|p2a: Dragonite
|
|upkeep
|
|t:|1760878320
|switch|p2a: Jolteon|Jolteon, M|100/100
|-damage|p2a: Jolteon|88/100|[from] Spikes
|turn|19
|
|t:|1760878323
|switch|p1a: Hydrapple|Hydrapple, F|100/100
|move|p2a: Jolteon|Thunderbolt|p1a: Hydrapple
|-resisted|p1a: Hydrapple
|-damage|p1a: Hydrapple|93/100
|
|upkeep
|turn|20
|
|t:|1760878330
|move|p2a: Jolteon|Calm Mind|p2a: Jolteon
|-boost|p2a: Jolteon|spa|1
|-boost|p2a: Jolteon|spd|1
|move|p1a: Hydrapple|Earth Power|p2a: Jolteon
|-supereffective|p2a: Jolteon
|-damage|p2a: Jolteon|27/100
|
|upkeep
|turn|21
|
|t:|1760878336
|move|p2a: Jolteon|Alluring Voice|p1a: Hydrapple
|-supereffective|p1a: Hydrapple
|-damage|p1a: Hydrapple|45/100
|move|p1a: Hydrapple|Fickle Beam|p2a: Jolteon|[anim] Fickle Beam All Out
|-activate|p1a: Hydrapple|move: Fickle Beam
|-damage|p2a: Jolteon|0 fnt
|faint|p2a: Jolteon
|
|upkeep
|
|t:|1760878342
|switch|p2a: Milotic|Milotic, F|100/100
|-damage|p2a: Milotic|88/100|[from] Spikes
|turn|22
|
|t:|1760878347
|switch|p1a: Samurott|Samurott-Hisui, M, shiny|42/100
|move|p2a: Milotic|Ice Beam|p1a: Samurott
|-resisted|p1a: Samurott
|-damage|p1a: Samurott|26/100
|
|upkeep
|turn|23
|
|t:|1760878353
|move|p1a: Samurott|Ceaseless Edge|p2a: Milotic
|-damage|p2a: Milotic|54/100
|-damage|p1a: Samurott|10/100|[from] item: Rocky Helmet|[of] p2a: Milotic
|-sidestart|p2: Howsthatforaname|Spikes
|move|p2a: Milotic|Recover|p2a: Milotic
|-heal|p2a: Milotic|100/100
|
|upkeep
|turn|24
|
|t:|1760878361
|move|p1a: Samurott|Ceaseless Edge|p2a: Milotic
|-damage|p2a: Milotic|67/100
|-damage|p1a: Samurott|0 fnt|[from] item: Rocky Helmet|[of] p2a: Milotic
|faint|p1a: Samurott
|move|p2a: Milotic|Recover|p2a: Milotic
|-heal|p2a: Milotic|100/100
|
|upkeep
|
|t:|1760878364
|switch|p1a: Hydrapple|Hydrapple, F|79/100
|turn|25
|
|t:|1760878375
|move|p2a: Milotic|Flip Turn|p1a: Hydrapple
|-resisted|p1a: Hydrapple
|-damage|p1a: Hydrapple|76/100
|
|t:|1760878378
|switch|p2a: Meganium|Meganium, M|100/100|[from] Flip Turn
|-damage|p2a: Meganium|84/100|[from] Spikes
|move|p1a: Hydrapple|Energy Ball|p2a: Meganium
|-resisted|p2a: Meganium
|-damage|p2a: Meganium|69/100
|
|upkeep
|turn|26
|
|t:|1760878388
|move|p2a: Meganium|Knock Off|p1a: Hydrapple
|-damage|p1a: Hydrapple|62/100
|-enditem|p1a: Hydrapple|Assault Vest|[from] move: Knock Off|[of] p2a: Meganium
|move|p1a: Hydrapple|Fickle Beam|p2a: Meganium|[anim] Fickle Beam All Out
|-activate|p1a: Hydrapple|move: Fickle Beam
|-damage|p2a: Meganium|19/100
|
|upkeep
|turn|27
|
|t:|1760878400
|move|p2a: Meganium|Body Press|p1a: Hydrapple
|-damage|p1a: Hydrapple|44/100
|move|p1a: Hydrapple|Fickle Beam|p2a: Meganium
|-damage|p2a: Meganium|0 fnt
|faint|p2a: Meganium
|
|upkeep
|
|t:|1760878405
|switch|p2a: Milotic|Milotic, F|100/100
|-damage|p2a: Milotic|84/100|[from] Spikes
|turn|28
|
|t:|1760878409
|move|p2a: Milotic|Ice Beam|p1a: Hydrapple
|-supereffective|p1a: Hydrapple
|-damage|p1a: Hydrapple|0 fnt
|faint|p1a: Hydrapple
|
|upkeep
|
|t:|1760878411
|switch|p1a: Ceruledge|Ceruledge, F|100/100
|turn|29
|
|t:|1760878416
|-terastallize|p1a: Ceruledge|Bug
|move|p1a: Ceruledge|Swords Dance|p1a: Ceruledge
|-boost|p1a: Ceruledge|atk|2
|move|p2a: Milotic|Scald|p1a: Ceruledge
|-damage|p1a: Ceruledge|69/100
|
|upkeep
|turn|30
|
|t:|1760878423
|move|p1a: Ceruledge|Poltergeist|p2a: Milotic
|-activate|p2a: Milotic|move: Poltergeist|Rocky Helmet
|-damage|p2a: Milotic|0 fnt
|faint|p2a: Milotic
|
|win|crockcorak
|raw|crockcorak's rating: 1400 &rarr; <strong>1418</strong><br />(+18 for winning)
|raw|Howsthatforaname's rating: 1360 &rarr; <strong>1342</strong><br />(-18 for losing)
|l|☆Howsthatforaname
|player|p2|
|l|☆crockcorak
|player|p1|
