|j|☆Slendy3214
|j|☆Pikka888
|t:|1760766750
|gametype|singles
|player|p1|Slendy3214|pokemaniac|1400
|player|p2|Pikka888|1|1333
|gen|9
|tier|[Gen 9] OU
|rated|
|rule|HP Percentage Mod: HP is shown in percentages
|rule|Endless Battle Clause: Forcing endless battles is banned
|rule|Species Clause: Limit one of each Pokémon
|rule|OHKO Clause: OHKO moves are banned
|rule|Evasion Items Clause: Evasion items are banned
|rule|Evasion Moves Clause: Evasion moves are banned
|rule|Evasion Abilities Clause: Evasion abilities are banned
|rule|Sleep Moves Clause: Sleep-inducing moves are banned
|clearpoke
|poke|p1|Skeledirge, F|
|poke|p1|Ursaluna, F|
|poke|p1|Cyclizar, F|
|poke|p1|Zamazenta-*|
|poke|p1|Samurott-Hisui, F|
|poke|p1|Goodra-Hisui, M|
|poke|p2|Gyarados, M|
|poke|p2|Skarmory, F|
|poke|p2|Gholdengo|
|poke|p2|Great Tusk|
|poke|p2|Iron Boulder|
|poke|p2|Iron Valiant|
|teampreview
|
|t:|1760766771
|teamsize|p1|6
|teamsize|p2|6
|start
|switch|p1a: Ursaluna|Ursaluna, F, shiny|100/100
|switch|p2a: Skarmory|Skarmory, F|100/100
|turn|1
|
|t:|1760766798
|switch|p1a: Goodra|Goodra-Hisui, M|100/100
|move|p2a: Skarmory|Stealth Rock|p1a: Goodra
|-sidestart|p1: Slendy3214|move: Stealth Rock
|
|upkeep
|turn|2
|
|t:|1760766812
|switch|p2a: Gholdengo|Gholdengo|100/100
|move|p1a: Goodra|Surf|p2a: Gholdengo
|-damage|p2a: Gholdengo|67/100
|
|upkeep
|turn|3
|
|t:|1760766823
|move|p2a: Gholdengo|Trick|p1a: Goodra
|-activate|p2a: Gholdengo|move: Trick|[of] p1a: Goodra
|-item|p1a: Goodra|Choice Scarf|[from] move: Trick
|-item|p2a: Gholdengo|Assault Vest|[from] move: Trick
|move|p1a: Goodra|Thunderbolt|p2a: Gholdengo
|-damage|p2a: Gholdengo|47/100
|
|upkeep
|turn|4
|
|t:|1760766835
|switch|p2a: Great Tusk|Great Tusk|100/100
|move|p1a: Goodra|Thunderbolt|p2a: Great Tusk
|-immune|p2a: Great Tusk
|
|upkeep
|turn|5
|
|t:|1760766849
|switch|p1a: Zamazenta|Zamazenta, shiny|100/100
|-damage|p1a: Zamazenta|94/100|[from] Stealth Rock
|-ability|p1a: Zamazenta|Dauntless Shield|boost
|-boost|p1a: Zamazenta|def|1
|move|p2a: Great Tusk|Rapid Spin|p1a: Zamazenta
|-damage|p1a: Zamazenta|85/100
|-boost|p2a: Great Tusk|spe|1
|
|-heal|p1a: Zamazenta|91/100|[from] item: Leftovers
|upkeep
|turn|6
|
|t:|1760766858
|-end|p2a: Great Tusk|Protosynthesis|[silent]
|switch|p2a: Skarmory|Skarmory, F|100/100
|move|p1a: Zamazenta|Crunch|p2a: Skarmory
|-damage|p2a: Skarmory|81/100
|
|-heal|p1a: Zamazenta|98/100|[from] item: Leftovers
|upkeep
|turn|7
|
|t:|1760766883
|move|p1a: Zamazenta|Body Press|p2a: Skarmory
|-damage|p2a: Skarmory|31/100
|move|p2a: Skarmory|Spikes|p1a: Zamazenta
|-sidestart|p1: Slendy3214|Spikes
|
|-heal|p1a: Zamazenta|100/100|[from] item: Leftovers
|upkeep
|turn|8
|
|t:|1760766890
|move|p1a: Zamazenta|Crunch|p2a: Skarmory
|-damage|p2a: Skarmory|10/100
|-unboost|p2a: Skarmory|def|1
|move|p2a: Skarmory|Brave Bird|p1a: Zamazenta
|-supereffective|p1a: Zamazenta
|-damage|p1a: Zamazenta|54/100
|-damage|p2a: Skarmory|0 fnt|[from] Recoil
|faint|p2a: Skarmory
|
|-heal|p1a: Zamazenta|60/100|[from] item: Leftovers
|upkeep
|
|t:|1760766900
|switch|p2a: Iron Valiant|Iron Valiant, shiny|100/100
|-enditem|p2a: Iron Valiant|Booster Energy
|-activate|p2a: Iron Valiant|ability: Quark Drive|[fromitem]
|-start|p2a: Iron Valiant|quarkdrivespe
|turn|9
|
|t:|1760766907
|switch|p1a: Skeledirge|Skeledirge, F, shiny|100/100
|move|p2a: Iron Valiant|Destiny Bond|p2a: Iron Valiant
|-singlemove|p2a: Iron Valiant|Destiny Bond
|
|upkeep
|turn|10
|
|t:|1760766915
|move|p2a: Iron Valiant|Knock Off|p1a: Skeledirge
|-supereffective|p1a: Skeledirge
|-damage|p1a: Skeledirge|54/100
|-enditem|p1a: Skeledirge|Heavy-Duty Boots|[from] move: Knock Off|[of] p2a: Iron Valiant
|move|p1a: Skeledirge|Will-O-Wisp|p2a: Iron Valiant
|-status|p2a: Iron Valiant|brn
|
|-damage|p2a: Iron Valiant|94/100 brn|[from] brn
|upkeep
|turn|11
|
|t:|1760766923
|-end|p2a: Iron Valiant|Quark Drive|[silent]
|switch|p2a: Gholdengo|Gholdengo|47/100
|move|p1a: Skeledirge|Slack Off|p1a: Skeledirge
|-heal|p1a: Skeledirge|100/100
|
|upkeep
|turn|12
|
|t:|1760766929
|move|p2a: Gholdengo|Shadow Ball|p1a: Skeledirge
|-supereffective|p1a: Skeledirge
|-damage|p1a: Skeledirge|43/100
|move|p1a: Skeledirge|Torch Song|p2a: Gholdengo
|-supereffective|p2a: Gholdengo
|-damage|p2a: Gholdengo|1/100
|-boost|p1a: Skeledirge|spa|1
|
|upkeep
|turn|13
|
|t:|1760766937
|switch|p1a: Cyclizar|Cyclizar, F|100/100
|move|p2a: Gholdengo|Shadow Ball|p1a: Cyclizar
|-immune|p1a: Cyclizar
|
|upkeep
|turn|14
|
|t:|1760766943
|move|p1a: Cyclizar|Rapid Spin|p2a: Gholdengo
|-immune|p2a: Gholdengo
|move|p2a: Gholdengo|Focus Blast|p1a: Cyclizar
|-supereffective|p1a: Cyclizar
|-damage|p1a: Cyclizar|0 fnt
|faint|p1a: Cyclizar
|
|upkeep
|
|t:|1760766954
|switch|p1a: Samurott|Samurott-Hisui, F|100/100
|turn|15
|c|☆Pikka888|Errrr
|
|t:|1760766960
|move|p1a: Samurott|Razor Shell|p2a: Gholdengo
|-damage|p2a: Gholdengo|0 fnt
|faint|p2a: Gholdengo
|
|upkeep
|
|t:|1760766967
|switch|p2a: Iron Valiant|Iron Valiant, shiny|94/100 brn
|turn|16
|
|t:|1760766973
|switch|p1a: Skeledirge|Skeledirge, F, shiny|43/100
|-damage|p1a: Skeledirge|18/100|[from] Stealth Rock
|-damage|p1a: Skeledirge|6/100|[from] Spikes
|move|p2a: Iron Valiant|Knock Off|p1a: Skeledirge
|-supereffective|p1a: Skeledirge
|-damage|p1a: Skeledirge|0 fnt
|faint|p1a: Skeledirge
|
|-damage|p2a: Iron Valiant|88/100 brn|[from] brn
|upkeep
|
|t:|1760766982
|switch|p1a: Samurott|Samurott-Hisui, F|100/100
|turn|17
|
|t:|1760766998
|move|p2a: Iron Valiant|Moonblast|p1a: Samurott
|-supereffective|p1a: Samurott
|-damage|p1a: Samurott|0 fnt
|faint|p1a: Samurott
|
|-damage|p2a: Iron Valiant|82/100 brn|[from] brn
|upkeep
|
|t:|1760767020
|switch|p1a: Zamazenta|Zamazenta, shiny|60/100
|-damage|p1a: Zamazenta|54/100|[from] Stealth Rock
|-damage|p1a: Zamazenta|42/100|[from] Spikes
|turn|18
|
|t:|1760767038
|-terastallize|p1a: Zamazenta|Steel
|move|p1a: Zamazenta|Body Press|p2a: Iron Valiant
|-resisted|p2a: Iron Valiant
|-damage|p2a: Iron Valiant|61/100 brn
|move|p2a: Iron Valiant|Knock Off|p1a: Zamazenta
|-damage|p1a: Zamazenta|32/100
|-enditem|p1a: Zamazenta|Leftovers|[from] move: Knock Off|[of] p2a: Iron Valiant
|
|-damage|p2a: Iron Valiant|55/100 brn|[from] brn
|upkeep
|turn|19
|
|t:|1760767045
|move|p1a: Zamazenta|Body Press|p2a: Iron Valiant
|-resisted|p2a: Iron Valiant
|-damage|p2a: Iron Valiant|33/100 brn
|move|p2a: Iron Valiant|Close Combat|p1a: Zamazenta
|-supereffective|p1a: Zamazenta
|-damage|p1a: Zamazenta|0 fnt
|-unboost|p2a: Iron Valiant|def|1
|-unboost|p2a: Iron Valiant|spd|1
|faint|p1a: Zamazenta
|
|-damage|p2a: Iron Valiant|27/100 brn|[from] brn
|upkeep
|
|t:|1760767060
|switch|p1a: Ursaluna|Ursaluna, F, shiny|100/100
|-damage|p1a: Ursaluna|94/100|[from] Stealth Rock
|-damage|p1a: Ursaluna|82/100|[from] Spikes
|turn|20
|
|t:|1760767065
|move|p1a: Ursaluna|Protect|p1a: Ursaluna
|-singleturn|p1a: Ursaluna|Protect
|move|p2a: Iron Valiant|Destiny Bond|p2a: Iron Valiant
|-singlemove|p2a: Iron Valiant|Destiny Bond
|
|-damage|p2a: Iron Valiant|21/100 brn|[from] brn
|-status|p1a: Ursaluna|brn|[from] item: Flame Orb
|upkeep
|turn|21
|
|t:|1760767079
|-end|p2a: Iron Valiant|Quark Drive|[silent]
|switch|p2a: Great Tusk|Great Tusk|100/100
|switch|p1a: Goodra|Goodra-Hisui, M|100/100
|-damage|p1a: Goodra|94/100|[from] Stealth Rock
|-damage|p1a: Goodra|82/100|[from] Spikes
|
|upkeep
|turn|22
|
|t:|1760767086
|move|p2a: Great Tusk|Earthquake|p1a: Goodra
|-supereffective|p1a: Goodra
|-damage|p1a: Goodra|0 fnt
|faint|p1a: Goodra
|
|upkeep
|
|t:|1760767088
|switch|p1a: Ursaluna|Ursaluna, F, shiny|82/100 brn
|-damage|p1a: Ursaluna|75/100 brn|[from] Stealth Rock
|-damage|p1a: Ursaluna|63/100 brn|[from] Spikes
|turn|23
|
|t:|1760767092
|move|p2a: Great Tusk|Ice Spinner|p1a: Ursaluna
|-supereffective|p1a: Ursaluna
|-crit|p1a: Ursaluna
|-damage|p1a: Ursaluna|0 fnt
|faint|p1a: Ursaluna
|
|win|Pikka888
|raw|Slendy3214's rating: 1400 &rarr; <strong>1376</strong><br />(-24 for losing)
|raw|Pikka888's rating: 1333 &rarr; <strong>1357</strong><br />(+24 for winning)
|l|☆Slendy3214
|player|p1|
|l|☆Pikka888
|player|p2|
