|j|☆jkb195
|j|☆holdenck
|t:|1760854116
|gametype|singles
|player|p1|jkb195|102|1119
|player|p2|holdenck|volkner|1169
|gen|9
|tier|[Gen 9] OU
|rated|
|rule|HP Percentage Mod: HP is shown in percentages
|rule|Endless Battle Clause: Forcing endless battles is banned
|rule|Species Clause: Limit one of each Pokémon
|rule|OHKO Clause: OHKO moves are banned
|rule|Evasion Items Clause: Evasion items are banned
|rule|Evasion Moves Clause: Evasion moves are banned
|rule|Evasion Abilities Clause: Evasion abilities are banned
|rule|Sleep Moves Clause: Sleep-inducing moves are banned
|clearpoke
|poke|p1|Torkoal, F|
|poke|p1|Walking Wake|
|poke|p1|Hatterene, F|
|poke|p1|Great Tusk|
|poke|p1|Corviknight, M|
|poke|p1|Lokix, M|
|poke|p2|Ceruledge, F|
|poke|p2|Gliscor, M|
|poke|p2|Serperior, F|
|poke|p2|Milotic, M|
|poke|p2|Toxapex, F|
|poke|p2|Corviknight, M|
|teampreview
|inactive|Battle timer is ON: inactive players will automatically lose when time's up. (requested by holdenck)
|
|t:|1760854132
|teamsize|p1|6
|teamsize|p2|6
|start
|switch|p1a: Torkoal|Torkoal, F|100/100
|switch|p2a: Toxapex|Toxapex, F|100/100
|-weather|SunnyDay|[from] ability: Drought|[of] p1a: Torkoal
|turn|1
|
|t:|1760854142
|switch|p1a: Hatterene|Hatterene, F|100/100
|move|p2a: Toxapex|Toxic|p1a: Hatterene
|move|p1a: Hatterene|Toxic|p2a: Toxapex|[from] ability: Magic Bounce|[miss]
|-miss|p1a: Hatterene|p2a: Toxapex
|
|-weather|SunnyDay|[upkeep]
|upkeep
|turn|2
|
|t:|1760854154
|switch|p2a: Gliscor|Gliscor, M|100/100
|move|p1a: Hatterene|Nuzzle|p2a: Gliscor
|-immune|p2a: Gliscor
|
|-weather|SunnyDay|[upkeep]
|-status|p2a: Gliscor|tox|[from] item: Toxic Orb
|upkeep
|turn|3
|
|t:|1760854163
|move|p2a: Gliscor|Earthquake|p1a: Hatterene
|-damage|p1a: Hatterene|71/100
|-enditem|p1a: Hatterene|Eject Button
|
|t:|1760854167
|switch|p1a: Walking Wake|Walking Wake|100/100
|-activate|p1a: Walking Wake|ability: Protosynthesis
|-start|p1a: Walking Wake|protosynthesisspe
|
|-weather|SunnyDay|[upkeep]
|upkeep
|turn|4
|
|t:|1760854179
|switch|p2a: Serperior|Serperior, F|100/100
|move|p1a: Walking Wake|Hydro Steam|p2a: Serperior
|-resisted|p2a: Serperior
|-damage|p2a: Serperior|48/100
|
|-weather|SunnyDay|[upkeep]
|-heal|p2a: Serperior|54/100|[from] item: Leftovers
|upkeep
|turn|5
|
|t:|1760854191
|move|p1a: Walking Wake|Hydro Steam|p2a: Serperior
|-resisted|p2a: Serperior
|-damage|p2a: Serperior|0 fnt
|faint|p2a: Serperior
|
|-weather|SunnyDay|[upkeep]
|upkeep
|
|t:|1760854199
|switch|p2a: Toxapex|Toxapex, F|100/100
|turn|6
|
|t:|1760854204
|-end|p1a: Walking Wake|Protosynthesis|[silent]
|switch|p1a: Corviknight|Corviknight, M|100/100
|-ability|p1a: Corviknight|Pressure
|move|p2a: Toxapex|Toxic|p1a: Corviknight
|-immune|p1a: Corviknight
|
|-weather|SunnyDay|[upkeep]
|upkeep
|turn|7
|
|t:|1760854214
|switch|p2a: Ceruledge|Ceruledge, F|100/100
|move|p1a: Corviknight|Iron Defense|p1a: Corviknight
|-boost|p1a: Corviknight|def|2
|
|-weather|SunnyDay|[upkeep]
|upkeep
|turn|8
|
|t:|1760854222
|move|p2a: Ceruledge|Bitter Blade|p1a: Corviknight
|-supereffective|p1a: Corviknight
|-damage|p1a: Corviknight|58/100
|move|p1a: Corviknight|U-turn|p2a: Ceruledge
|-resisted|p2a: Ceruledge
|-damage|p2a: Ceruledge|95/100
|-ability|p2a: Ceruledge|Weak Armor|boost
|-unboost|p2a: Ceruledge|def|1
|-boost|p2a: Ceruledge|spe|2
|
|t:|1760854232
|switch|p1a: Lokix|Lokix, M|100/100|[from] U-turn
|
|-weather|none
|upkeep
|turn|9
|
|t:|1760854241
|-terastallize|p1a: Lokix|Bug
|move|p1a: Lokix|First Impression|p2a: Ceruledge
|-resisted|p2a: Ceruledge
|-damage|p2a: Ceruledge|6/100
|-ability|p2a: Ceruledge|Weak Armor|boost
|-unboost|p2a: Ceruledge|def|1
|-boost|p2a: Ceruledge|spe|2
|move|p2a: Ceruledge|Bitter Blade|p1a: Lokix
|-supereffective|p1a: Lokix
|-damage|p1a: Lokix|0 fnt
|-heal|p2a: Ceruledge|54/100|[from] drain|[of] p1a: Lokix
|faint|p1a: Lokix
|
|upkeep
|
|t:|1760854256
|switch|p1a: Torkoal|Torkoal, F|100/100
|-weather|SunnyDay|[from] ability: Drought|[of] p1a: Torkoal
|turn|10
|
|t:|1760854264
|move|p2a: Ceruledge|Destiny Bond|p2a: Ceruledge
|-singlemove|p2a: Ceruledge|Destiny Bond
|move|p1a: Torkoal|Stealth Rock|p2a: Ceruledge
|-sidestart|p2: holdenck|move: Stealth Rock
|
|-weather|SunnyDay|[upkeep]
|upkeep
|turn|11
|
|t:|1760854280
|move|p2a: Ceruledge|Close Combat|p1a: Torkoal
|-crit|p1a: Torkoal
|-damage|p1a: Torkoal|62/100
|-unboost|p2a: Ceruledge|def|1
|-unboost|p2a: Ceruledge|spd|1
|move|p1a: Torkoal|Sludge Bomb|p2a: Ceruledge
|-resisted|p2a: Ceruledge
|-damage|p2a: Ceruledge|38/100
|
|-weather|SunnyDay|[upkeep]
|upkeep
|turn|12
|
|t:|1760854296
|move|p2a: Ceruledge|Bitter Blade|p1a: Torkoal
|-resisted|p1a: Torkoal
|-damage|p1a: Torkoal|42/100
|-heal|p2a: Ceruledge|50/100|[from] drain|[of] p1a: Torkoal
|move|p1a: Torkoal|Lava Plume|p2a: Ceruledge
|-resisted|p2a: Ceruledge
|-damage|p2a: Ceruledge|17/100
|
|-weather|SunnyDay|[upkeep]
|upkeep
|turn|13
|
|t:|1760854308
|move|p2a: Ceruledge|Destiny Bond|p2a: Ceruledge
|-singlemove|p2a: Ceruledge|Destiny Bond
|move|p1a: Torkoal|Lava Plume|p2a: Ceruledge
|-resisted|p2a: Ceruledge
|-damage|p2a: Ceruledge|0 fnt
|faint|p2a: Ceruledge
|-activate|p2a: Ceruledge|move: Destiny Bond
|faint|p1a: Torkoal
|
|-weather|SunnyDay|[upkeep]
|upkeep
|
|t:|1760854322
|switch|p2a: Corviknight|Corviknight, M|100/100
|switch|p1a: Great Tusk|Great Tusk|100/100
|-damage|p2a: Corviknight|88/100|[from] Stealth Rock
|-activate|p1a: Great Tusk|ability: Protosynthesis
|-start|p1a: Great Tusk|protosynthesisatk
|turn|14
|
|t:|1760854331
|move|p1a: Great Tusk|Bulk Up|p1a: Great Tusk
|-boost|p1a: Great Tusk|atk|1
|-boost|p1a: Great Tusk|def|1
|move|p2a: Corviknight|Defog|p1a: Great Tusk
|-unboost|p1a: Great Tusk|evasion|1
|-sideend|p2: holdenck|Stealth Rock|[from] move: Defog|[of] p2a: Corviknight
|
|-weather|SunnyDay|[upkeep]
|-heal|p2a: Corviknight|94/100|[from] item: Leftovers
|upkeep
|turn|15
|
|t:|1760854342
|switch|p2a: Toxapex|Toxapex, F|100/100
|move|p1a: Great Tusk|Bulk Up|p1a: Great Tusk
|-boost|p1a: Great Tusk|atk|1
|-boost|p1a: Great Tusk|def|1
|
|-weather|SunnyDay|[upkeep]
|upkeep
|turn|16
|
|t:|1760854350
|move|p1a: Great Tusk|Headlong Rush|p2a: Toxapex
|-supereffective|p2a: Toxapex
|-damage|p2a: Toxapex|0 fnt
|-unboost|p1a: Great Tusk|def|1
|-unboost|p1a: Great Tusk|spd|1
|faint|p2a: Toxapex
|
|-weather|SunnyDay|[upkeep]
|upkeep
|
|t:|1760854355
|switch|p2a: Milotic|Milotic, M|100/100
|turn|17
|
|t:|1760854367
|move|p1a: Great Tusk|Headlong Rush|p2a: Milotic
|-damage|p2a: Milotic|0 fnt
|-unboost|p1a: Great Tusk|def|1
|-unboost|p1a: Great Tusk|spd|1
|faint|p2a: Milotic
|
|-weather|none
|-end|p1a: Great Tusk|Protosynthesis
|upkeep
|l|☆holdenck
|inactive|holdenck disconnected and has a minute to reconnect!
|player|p2|
|inactive|holdenck has 30 seconds to reconnect!
|inactive|holdenck has 20 seconds to reconnect!
|inactive|holdenck has 15 seconds to reconnect!
|inactive|holdenck has 10 seconds to reconnect!
|inactive|holdenck has 5 seconds to reconnect!
|-message|holdenck lost due to inactivity.
|
|win|jkb195
|raw|jkb195's rating: 1119 &rarr; <strong>1148</strong><br />(+29 for winning)
|raw|holdenck's rating: 1169 &rarr; <strong>1140</strong><br />(-29 for losing)
|l|☆jkb195
|player|p1|
