|j|☆Mrmonkey101
|j|☆Darkarrow
|t:|1760736420
|gametype|singles
|player|p1|Mrmonkey101|2|1490
|player|p2|Darkarrow|266|1516
|gen|9
|tier|[Gen 9] OU
|rated|
|rule|HP Percentage Mod: HP is shown in percentages
|rule|Endless Battle Clause: Forcing endless battles is banned
|rule|Species Clause: Limit one of each Pokémon
|rule|OHKO Clause: OHKO moves are banned
|rule|Evasion Items Clause: Evasion items are banned
|rule|Evasion Moves Clause: Evasion moves are banned
|rule|Evasion Abilities Clause: Evasion abilities are banned
|rule|Sleep Moves Clause: Sleep-inducing moves are banned
|clearpoke
|poke|p1|Slowking-Galar, M|
|poke|p1|Great Tusk|
|poke|p1|Alomomola, F|
|poke|p1|Gholdengo|
|poke|p1|Whimsicott, M|
|poke|p1|Kyurem|
|poke|p2|Zamazenta-*|
|poke|p2|Ninetales-Alola, F|
|poke|p2|Darkrai|
|poke|p2|Ceruledge, M|
|poke|p2|Gliscor, M|
|poke|p2|Hatterene, F|
|teampreview
|inactive|Battle timer is ON: inactive players will automatically lose when time's up. (requested by Mrmonkey101)
|inactive|Darkarrow has 120 seconds left.
|inactive|Darkarrow has 90 seconds left.
|
|t:|1760736539
|teamsize|p1|6
|teamsize|p2|6
|start
|switch|p1a: Gholdengo|Gholdengo|100/100
|switch|p2a: Ninetales|Ninetales-Alola, F|100/100
|-weather|Snowscape|[from] ability: Snow Warning|[of] p2a: Ninetales
|turn|1
|
|t:|1760736562
|switch|p2a: Darkrai|Darkrai|100/100
|move|p1a: Gholdengo|Make It Rain|p2a: Darkrai
|-damage|p2a: Darkrai|16/100
|-unboost|p1a: Gholdengo|spa|1
|
|-weather|Snowscape|[upkeep]
|-heal|p2a: Darkrai|22/100|[from] item: Leftovers
|upkeep
|turn|2
|
|t:|1760736571
|move|p1a: Gholdengo|Make It Rain|p2a: Darkrai
|-damage|p2a: Darkrai|0 fnt
|-unboost|p1a: Gholdengo|spa|1
|faint|p2a: Darkrai
|
|-weather|Snowscape|[upkeep]
|upkeep
|
|t:|1760736578
|switch|p2a: Ceruledge|Ceruledge, M|100/100
|turn|3
|
|t:|1760736590
|switch|p1a: Great Tusk|Great Tusk|100/100
|move|p2a: Ceruledge|Bulk Up|p2a: Ceruledge
|-boost|p2a: Ceruledge|atk|1
|-boost|p2a: Ceruledge|def|1
|
|-weather|Snowscape|[upkeep]
|upkeep
|turn|4
|
|t:|1760736597
|-terastallize|p2a: Ceruledge|Bug
|move|p1a: Great Tusk|Headlong Rush|p2a: Ceruledge
|-resisted|p2a: Ceruledge
|-damage|p2a: Ceruledge|78/100
|-unboost|p1a: Great Tusk|def|1
|-unboost|p1a: Great Tusk|spd|1
|move|p2a: Ceruledge|Bulk Up|p2a: Ceruledge
|-boost|p2a: Ceruledge|atk|1
|-boost|p2a: Ceruledge|def|1
|
|-weather|Snowscape|[upkeep]
|upkeep
|turn|5
|
|t:|1760736604
|-end|p1a: Great Tusk|Protosynthesis|[silent]
|switch|p1a: Alomomola|Alomomola, F|100/100
|move|p2a: Ceruledge|Bulk Up|p2a: Ceruledge
|-boost|p2a: Ceruledge|atk|1
|-boost|p2a: Ceruledge|def|1
|
|-weather|none
|upkeep
|turn|6
|
|t:|1760736609
|move|p2a: Ceruledge|Bulk Up|p2a: Ceruledge
|-boost|p2a: Ceruledge|atk|1
|-boost|p2a: Ceruledge|def|1
|move|p1a: Alomomola|Tickle|p2a: Ceruledge
|-unboost|p2a: Ceruledge|atk|1
|-unboost|p2a: Ceruledge|def|1
|
|upkeep
|turn|7
|
|t:|1760736617
|move|p2a: Ceruledge|Taunt|p1a: Alomomola
|-start|p1a: Alomomola|move: Taunt
|cant|p1a: Alomomola|move: Taunt|Tickle
|
|upkeep
|turn|8
|
|t:|1760736622
|move|p2a: Ceruledge|Bulk Up|p2a: Ceruledge
|-boost|p2a: Ceruledge|atk|1
|-boost|p2a: Ceruledge|def|1
|move|p1a: Alomomola|Flip Turn|p2a: Ceruledge
|-damage|p2a: Ceruledge|72/100
|
|t:|1760736624
|switch|p1a: Whimsicott|Whimsicott, M|100/100|[from] Flip Turn
|
|upkeep
|turn|9
|
|t:|1760736627
|move|p1a: Whimsicott|Encore|p2a: Ceruledge
|-start|p2a: Ceruledge|Encore
|move|p2a: Ceruledge|Bulk Up|p2a: Ceruledge
|-boost|p2a: Ceruledge|atk|1
|-boost|p2a: Ceruledge|def|1
|
|upkeep
|turn|10
|
|t:|1760736629
|move|p1a: Whimsicott|Moonblast|p2a: Ceruledge
|-damage|p2a: Ceruledge|53/100
|move|p2a: Ceruledge|Bulk Up|p2a: Ceruledge
|-boost|p2a: Ceruledge|atk|1
|-boost|p2a: Ceruledge|def|1
|
|upkeep
|turn|11
|
|t:|1760736636
|switch|p2a: Ninetales|Ninetales-Alola, F|100/100
|-weather|Snowscape|[from] ability: Snow Warning|[of] p2a: Ninetales
|move|p1a: Whimsicott|Charm|p2a: Ninetales
|-unboost|p2a: Ninetales|atk|2
|
|-weather|Snowscape|[upkeep]
|upkeep
|turn|12
|
|t:|1760736648
|switch|p1a: Gholdengo|Gholdengo|100/100
|move|p2a: Ninetales|Aurora Veil|p2a: Ninetales
|-sidestart|p2: Darkarrow|move: Aurora Veil
|
|-weather|Snowscape|[upkeep]
|upkeep
|turn|13
|
|t:|1760736654
|switch|p2a: Gliscor|Gliscor, M|100/100
|move|p1a: Gholdengo|Trick|p2a: Gliscor
|-activate|p1a: Gholdengo|move: Trick|[of] p2a: Gliscor
|-item|p2a: Gliscor|Choice Scarf|[from] move: Trick
|-item|p1a: Gholdengo|Toxic Orb|[from] move: Trick
|
|-weather|Snowscape|[upkeep]
|upkeep
|turn|14
|
|t:|1760736674
|switch|p2a: Ceruledge|Ceruledge, M, tera:Bug|53/100
|switch|p1a: Alomomola|Alomomola, F|100/100
|
|-weather|Snowscape|[upkeep]
|upkeep
|turn|15
|
|t:|1760736679
|move|p2a: Ceruledge|Bitter Blade|p1a: Alomomola
|-resisted|p1a: Alomomola
|-damage|p1a: Alomomola|91/100
|-heal|p2a: Ceruledge|60/100|[from] drain|[of] p1a: Alomomola
|move|p1a: Alomomola|Flip Turn|p2a: Ceruledge
|-damage|p2a: Ceruledge|51/100
|
|t:|1760736689
|switch|p1a: Great Tusk|Great Tusk|100/100|[from] Flip Turn
|
|-weather|none
|upkeep
|turn|16
|
|t:|1760736693
|-end|p1a: Great Tusk|Protosynthesis|[silent]
|switch|p1a: Alomomola|Alomomola, F|100/100
|move|p2a: Ceruledge|Bulk Up|p2a: Ceruledge
|-boost|p2a: Ceruledge|atk|1
|-boost|p2a: Ceruledge|def|1
|
|upkeep
|turn|17
|
|t:|1760736699
|move|p2a: Ceruledge|Bitter Blade|p1a: Alomomola
|-resisted|p1a: Alomomola
|-damage|p1a: Alomomola|85/100
|-heal|p2a: Ceruledge|63/100|[from] drain|[of] p1a: Alomomola
|move|p1a: Alomomola|Flip Turn|p2a: Ceruledge
|-damage|p2a: Ceruledge|57/100
|
|t:|1760736704
|switch|p1a: Great Tusk|Great Tusk|100/100|[from] Flip Turn
|
|upkeep
|turn|18
|
|t:|1760736709
|-end|p1a: Great Tusk|Protosynthesis|[silent]
|switch|p1a: Alomomola|Alomomola, F|100/100
|move|p2a: Ceruledge|Bitter Blade|p1a: Alomomola
|-resisted|p1a: Alomomola
|-damage|p1a: Alomomola|86/100
|-heal|p2a: Ceruledge|68/100|[from] drain|[of] p1a: Alomomola
|
|upkeep
|turn|19
|
|t:|1760736712
|move|p2a: Ceruledge|Bitter Blade|p1a: Alomomola
|-resisted|p1a: Alomomola
|-damage|p1a: Alomomola|70/100
|-heal|p2a: Ceruledge|80/100|[from] drain|[of] p1a: Alomomola
|move|p1a: Alomomola|Tickle|p2a: Ceruledge
|-unboost|p2a: Ceruledge|atk|1
|-unboost|p2a: Ceruledge|def|1
|
|-sideend|p2: Darkarrow|move: Aurora Veil
|upkeep
|turn|20
|
|t:|1760736719
|move|p2a: Ceruledge|Bulk Up|p2a: Ceruledge
|-boost|p2a: Ceruledge|atk|1
|-boost|p2a: Ceruledge|def|1
|move|p1a: Alomomola|Flip Turn|p2a: Ceruledge
|-damage|p2a: Ceruledge|67/100
|
|t:|1760736722
|switch|p1a: Whimsicott|Whimsicott, M|100/100|[from] Flip Turn
|
|upkeep
|turn|21
|
|t:|1760736724
|switch|p2a: Ninetales|Ninetales-Alola, F|100/100
|-weather|Snowscape|[from] ability: Snow Warning|[of] p2a: Ninetales
|move|p1a: Whimsicott|Encore||[still]
|-fail|p1a: Whimsicott
|
|-weather|Snowscape|[upkeep]
|upkeep
|turn|22
|
|t:|1760736728
|move|p2a: Ninetales|Aurora Veil|p2a: Ninetales
|-sidestart|p2: Darkarrow|move: Aurora Veil
|move|p1a: Whimsicott|U-turn|p2a: Ninetales
|-resisted|p2a: Ninetales
|-damage|p2a: Ninetales|98/100
|
|t:|1760736730
|switch|p1a: Gholdengo|Gholdengo|100/100|[from] U-turn
|
|-weather|Snowscape|[upkeep]
|upkeep
|turn|23
|
|t:|1760736734
|switch|p2a: Gliscor|Gliscor, M|100/100
|move|p1a: Gholdengo|Make It Rain|p2a: Gliscor
|-damage|p2a: Gliscor|66/100
|-unboost|p1a: Gholdengo|spa|1
|
|-weather|Snowscape|[upkeep]
|upkeep
|turn|24
|
|t:|1760736747
|switch|p1a: Alomomola|Alomomola, F|100/100
|move|p2a: Gliscor|Earthquake|p1a: Alomomola
|-crit|p1a: Alomomola
|-damage|p1a: Alomomola|73/100
|
|-weather|Snowscape|[upkeep]
|upkeep
|turn|25
|
|t:|1760736749
|move|p2a: Gliscor|Earthquake|p1a: Alomomola
|-damage|p1a: Alomomola|55/100
|move|p1a: Alomomola|Flip Turn|p2a: Gliscor
|-supereffective|p2a: Gliscor
|-damage|p2a: Gliscor|52/100
|
|t:|1760736754
|switch|p1a: Kyurem|Kyurem|100/100|[from] Flip Turn
|-ability|p1a: Kyurem|Pressure
|
|-weather|none
|upkeep
|turn|26
|
|t:|1760736757
|switch|p2a: Hatterene|Hatterene, F|100/100
|move|p1a: Kyurem|Dragon Dance|p1a: Kyurem
|-boost|p1a: Kyurem|atk|1
|-boost|p1a: Kyurem|spe|1
|
|upkeep
|turn|27
|
|t:|1760736762
|move|p1a: Kyurem|Icicle Spear|p2a: Hatterene
|-damage|p2a: Hatterene|92/100
|-damage|p2a: Hatterene|83/100
|-damage|p2a: Hatterene|74/100
|-damage|p2a: Hatterene|65/100
|-damage|p2a: Hatterene|57/100
|-hitcount|p2a: Hatterene|5
|move|p2a: Hatterene|Draining Kiss|p1a: Kyurem
|-supereffective|p1a: Kyurem
|-damage|p1a: Kyurem|53/100
|-heal|p2a: Hatterene|100/100|[from] drain|[of] p1a: Kyurem
|
|upkeep
|turn|28
|
|t:|1760736768
|switch|p1a: Slowking|Slowking-Galar, M|100/100
|move|p2a: Hatterene|Calm Mind|p2a: Hatterene
|-boost|p2a: Hatterene|spa|1
|-boost|p2a: Hatterene|spd|1
|
|upkeep
|turn|29
|
|t:|1760736776
|move|p2a: Hatterene|Mystical Fire|p1a: Slowking
|-damage|p1a: Slowking|86/100
|-unboost|p1a: Slowking|spa|1
|move|p1a: Slowking|Sludge Bomb|p2a: Hatterene
|-supereffective|p2a: Hatterene
|-damage|p2a: Hatterene|86/100
|
|-heal|p2a: Hatterene|92/100|[from] item: Leftovers
|-sideend|p2: Darkarrow|move: Aurora Veil
|upkeep
|turn|30
|
|t:|1760736782
|switch|p1a: Gholdengo|Gholdengo|100/100
|move|p2a: Hatterene|Psyshock|p1a: Gholdengo
|-resisted|p1a: Gholdengo
|-damage|p1a: Gholdengo|73/100
|
|-heal|p2a: Hatterene|98/100|[from] item: Leftovers
|upkeep
|turn|31
|
|t:|1760736788
|switch|p2a: Gliscor|Gliscor, M|52/100
|move|p1a: Gholdengo|Shadow Ball|p2a: Gliscor
|-damage|p2a: Gliscor|3/100
|
|upkeep
|turn|32
|
|t:|1760736791
|switch|p1a: Alomomola|Alomomola, F|88/100
|move|p2a: Gliscor|Earthquake|p1a: Alomomola
|-damage|p1a: Alomomola|70/100
|
|upkeep
|turn|33
|
|t:|1760736793
|move|p2a: Gliscor|Earthquake|p1a: Alomomola
|-damage|p1a: Alomomola|52/100
|move|p1a: Alomomola|Wish|p1a: Alomomola
|
|upkeep
|turn|34
|
|t:|1760736795
|move|p2a: Gliscor|Earthquake|p1a: Alomomola
|-damage|p1a: Alomomola|33/100
|move|p1a: Alomomola|Flip Turn|p2a: Gliscor
|-supereffective|p2a: Gliscor
|-damage|p2a: Gliscor|0 fnt
|faint|p2a: Gliscor
|
|t:|1760736805
|switch|p1a: Kyurem|Kyurem|53/100|[from] Flip Turn
|-ability|p1a: Kyurem|Pressure
|
|-heal|p1a: Kyurem|100/100|[from] move: Wish|[wisher] Alomomola
|upkeep
|
|t:|1760736812
|switch|p2a: Ninetales|Ninetales-Alola, F|98/100
|-weather|Snowscape|[from] ability: Snow Warning|[of] p2a: Ninetales
|turn|35
|
|t:|1760736818
|switch|p1a: Alomomola|Alomomola, F|66/100
|move|p2a: Ninetales|Aurora Veil|p2a: Ninetales
|-sidestart|p2: Darkarrow|move: Aurora Veil
|
|-weather|Snowscape|[upkeep]
|upkeep
|turn|36
|
|t:|1760736821
|switch|p1a: Slowking|Slowking-Galar, M|100/100
|move|p2a: Ninetales|Freeze-Dry|p1a: Slowking
|-damage|p1a: Slowking|91/100
|
|-weather|Snowscape|[upkeep]
|upkeep
|turn|37
|
|t:|1760736829
|move|p1a: Slowking|Future Sight|p2a: Ninetales
|-start|p1a: Slowking|move: Future Sight
|move|p2a: Ninetales|Roar|p1a: Slowking
|drag|p1a: Kyurem|Kyurem|100/100
|-ability|p1a: Kyurem|Pressure
|
|-weather|Snowscape|[upkeep]
|upkeep
|turn|38
|
|t:|1760736834
|switch|p2a: Hatterene|Hatterene, F|98/100
|switch|p1a: Slowking|Slowking-Galar, M|100/100
|
|-weather|Snowscape|[upkeep]
|-heal|p2a: Hatterene|100/100|[from] item: Leftovers
|upkeep
|turn|39
|
|t:|1760736839
|switch|p1a: Gholdengo|Gholdengo|73/100
|move|p2a: Hatterene|Calm Mind|p2a: Hatterene
|-boost|p2a: Hatterene|spa|1
|-boost|p2a: Hatterene|spd|1
|
|-weather|none
|-end|p2a: Hatterene|move: Future Sight
|-resisted|p2a: Hatterene
|-damage|p2a: Hatterene|92/100
|-heal|p2a: Hatterene|98/100|[from] item: Leftovers
|upkeep
|turn|40
|
|t:|1760736843
|move|p1a: Gholdengo|Shadow Ball|p2a: Hatterene
|-supereffective|p2a: Hatterene
|-damage|p2a: Hatterene|71/100
|move|p2a: Hatterene|Mystical Fire|p1a: Gholdengo
|-supereffective|p1a: Gholdengo
|-damage|p1a: Gholdengo|0 fnt
|faint|p1a: Gholdengo
|
|-heal|p2a: Hatterene|77/100|[from] item: Leftovers
|upkeep
|
|t:|1760736854
|switch|p1a: Slowking|Slowking-Galar, M|100/100
|turn|41
|
|t:|1760736856
|move|p2a: Hatterene|Calm Mind|p2a: Hatterene
|-boost|p2a: Hatterene|spa|1
|-boost|p2a: Hatterene|spd|1
|move|p1a: Slowking|Sludge Bomb|p2a: Hatterene
|-supereffective|p2a: Hatterene
|-damage|p2a: Hatterene|61/100
|
|-heal|p2a: Hatterene|67/100|[from] item: Leftovers
|upkeep
|turn|42
|
|t:|1760736858
|move|p2a: Hatterene|Psyshock|p1a: Slowking
|-damage|p1a: Slowking|39/100
|move|p1a: Slowking|Sludge Bomb|p2a: Hatterene
|-supereffective|p2a: Hatterene
|-damage|p2a: Hatterene|51/100
|-status|p2a: Hatterene|psn
|
|-heal|p2a: Hatterene|57/100 psn|[from] item: Leftovers
|-damage|p2a: Hatterene|44/100 psn|[from] psn
|-sideend|p2: Darkarrow|move: Aurora Veil
|upkeep
|turn|43
|
|t:|1760736864
|move|p2a: Hatterene|Draining Kiss|p1a: Slowking
|-resisted|p1a: Slowking
|-damage|p1a: Slowking|29/100
|-heal|p2a: Hatterene|54/100 psn|[from] drain|[of] p1a: Slowking
|move|p1a: Slowking|Sludge Bomb|p2a: Hatterene
|-supereffective|p2a: Hatterene
|-damage|p2a: Hatterene|20/100 psn
|
|-heal|p2a: Hatterene|26/100 psn|[from] item: Leftovers
|-damage|p2a: Hatterene|14/100 psn|[from] psn
|upkeep
|turn|44
|
|t:|1760736867
|move|p2a: Hatterene|Psyshock|p1a: Slowking
|-damage|p1a: Slowking|0 fnt
|faint|p1a: Slowking
|
|-heal|p2a: Hatterene|20/100 psn|[from] item: Leftovers
|-damage|p2a: Hatterene|8/100 psn|[from] psn
|upkeep
|
|t:|1760736871
|switch|p1a: Great Tusk|Great Tusk|100/100
|turn|45
|
|t:|1760736876
|move|p1a: Great Tusk|Rapid Spin|p2a: Hatterene
|-damage|p2a: Hatterene|0 fnt
|-boost|p1a: Great Tusk|spe|1
|faint|p2a: Hatterene
|
|upkeep
|
|t:|1760736878
|switch|p2a: Ninetales|Ninetales-Alola, F|98/100
|-weather|Snowscape|[from] ability: Snow Warning|[of] p2a: Ninetales
|turn|46
|
|t:|1760736883
|move|p1a: Great Tusk|Close Combat|p2a: Ninetales
|-damage|p2a: Ninetales|43/100
|-unboost|p1a: Great Tusk|def|1
|-unboost|p1a: Great Tusk|spd|1
|move|p2a: Ninetales|Aurora Veil|p2a: Ninetales
|-sidestart|p2: Darkarrow|move: Aurora Veil
|
|-weather|Snowscape|[upkeep]
|upkeep
|turn|47
|
|t:|1760736890
|-end|p1a: Great Tusk|Protosynthesis|[silent]
|switch|p1a: Kyurem|Kyurem|100/100
|-ability|p1a: Kyurem|Pressure
|move|p2a: Ninetales|Roar|p1a: Kyurem
|drag|p1a: Alomomola|Alomomola, F|99/100
|
|-weather|Snowscape|[upkeep]
|upkeep
|turn|48
|
|t:|1760736894
|switch|p2a: Ceruledge|Ceruledge, M, tera:Bug|67/100
|move|p1a: Alomomola|Protect||[still]
|-fail|p1a: Alomomola
|
|-weather|Snowscape|[upkeep]
|upkeep
|turn|49
|
|t:|1760736904
|move|p2a: Ceruledge|Bitter Blade|p1a: Alomomola
|-resisted|p1a: Alomomola
|-damage|p1a: Alomomola|90/100
|-heal|p2a: Ceruledge|74/100|[from] drain|[of] p1a: Alomomola
|move|p1a: Alomomola|Tickle|p2a: Ceruledge
|-unboost|p2a: Ceruledge|atk|1
|-unboost|p2a: Ceruledge|def|1
|
|-weather|Snowscape|[upkeep]
|upkeep
|turn|50
|
|t:|1760736909
|move|p2a: Ceruledge|Bulk Up|p2a: Ceruledge
|-boost|p2a: Ceruledge|atk|1
|-boost|p2a: Ceruledge|def|1
|move|p1a: Alomomola|Flip Turn|p2a: Ceruledge
|-damage|p2a: Ceruledge|66/100
|
|t:|1760736911
|switch|p1a: Whimsicott|Whimsicott, M|100/100|[from] Flip Turn
|
|-weather|none
|upkeep
|turn|51
|
|t:|1760736914
|switch|p2a: Ninetales|Ninetales-Alola, F|43/100
|-weather|Snowscape|[from] ability: Snow Warning|[of] p2a: Ninetales
|move|p1a: Whimsicott|Encore||[still]
|-fail|p1a: Whimsicott
|
|-weather|Snowscape|[upkeep]
|upkeep
|turn|52
|
|t:|1760736918
|switch|p2a: Ceruledge|Ceruledge, M, tera:Bug|66/100
|switch|p1a: Kyurem|Kyurem|100/100
|-ability|p1a: Kyurem|Pressure
|
|-weather|Snowscape|[upkeep]
|upkeep
|turn|53
|
|t:|1760736922
|move|p1a: Kyurem|Dragon Dance|p1a: Kyurem
|-boost|p1a: Kyurem|atk|1
|-boost|p1a: Kyurem|spe|1
|move|p2a: Ceruledge|Bulk Up|p2a: Ceruledge
|-boost|p2a: Ceruledge|atk|1
|-boost|p2a: Ceruledge|def|1
|
|-weather|Snowscape|[upkeep]
|-sideend|p2: Darkarrow|move: Aurora Veil
|upkeep
|turn|54
|
|t:|1760736926
|move|p1a: Kyurem|Icicle Spear|p2a: Ceruledge
|-damage|p2a: Ceruledge|50/100
|-damage|p2a: Ceruledge|33/100
|-damage|p2a: Ceruledge|17/100
|-damage|p2a: Ceruledge|1/100
|-damage|p2a: Ceruledge|0 fnt
|faint|p2a: Ceruledge
|-hitcount|p2: Ceruledge|5
|
|-weather|Snowscape|[upkeep]
|upkeep
|
|t:|1760736933
|switch|p2a: Zamazenta|Zamazenta|100/100
|-ability|p2a: Zamazenta|Dauntless Shield|boost
|-boost|p2a: Zamazenta|def|1
|turn|55
|
|t:|1760736957
|switch|p1a: Whimsicott|Whimsicott, M|100/100
|move|p2a: Zamazenta|Iron Defense|p2a: Zamazenta
|-boost|p2a: Zamazenta|def|2
|
|-weather|none
|upkeep
|turn|56
|
|t:|1760736961
|switch|p2a: Ninetales|Ninetales-Alola, F|43/100
|-weather|Snowscape|[from] ability: Snow Warning|[of] p2a: Ninetales
|move|p1a: Whimsicott|Encore||[still]
|-fail|p1a: Whimsicott
|
|-weather|Snowscape|[upkeep]
|upkeep
|turn|57
|
|t:|1760736966
|switch|p1a: Kyurem|Kyurem|100/100
|-ability|p1a: Kyurem|Pressure
|move|p2a: Ninetales|Aurora Veil|p2a: Ninetales
|-sidestart|p2: Darkarrow|move: Aurora Veil
|
|-weather|Snowscape|[upkeep]
|upkeep
|turn|58
|
|t:|1760736971
|move|p1a: Kyurem|Icicle Spear|p2a: Ninetales
|-resisted|p2a: Ninetales
|-damage|p2a: Ninetales|40/100
|-resisted|p2a: Ninetales
|-damage|p2a: Ninetales|37/100
|-resisted|p2a: Ninetales
|-crit|p2a: Ninetales
|-damage|p2a: Ninetales|28/100
|-resisted|p2a: Ninetales
|-crit|p2a: Ninetales
|-damage|p2a: Ninetales|19/100
|-resisted|p2a: Ninetales
|-damage|p2a: Ninetales|17/100
|-hitcount|p2a: Ninetales|5
|move|p2a: Ninetales|Roar|p1a: Kyurem
|drag|p1a: Alomomola|Alomomola, F|100/100
|
|-weather|Snowscape|[upkeep]
|upkeep
|turn|59
|
|t:|1760736975
|move|p1a: Alomomola|Protect|p1a: Alomomola
|-singleturn|p1a: Alomomola|Protect
|move|p2a: Ninetales|Freeze-Dry|p1a: Alomomola
|-activate|p1a: Alomomola|move: Protect
|
|-weather|Snowscape|[upkeep]
|upkeep
|turn|60
|
|t:|1760736980
|switch|p2a: Zamazenta|Zamazenta|100/100
|switch|p1a: Kyurem|Kyurem|100/100
|-ability|p1a: Kyurem|Pressure
|
|-weather|none
|upkeep
|turn|61
|
|t:|1760736982
|switch|p1a: Whimsicott|Whimsicott, M|100/100
|move|p2a: Zamazenta|Body Press|p1a: Whimsicott
|-resisted|p1a: Whimsicott
|-damage|p1a: Whimsicott|87/100
|
|-heal|p1a: Whimsicott|93/100|[from] item: Leftovers
|upkeep
|turn|62
|-message|Darkarrow forfeited.
|
|win|Mrmonkey101
|raw|Mrmonkey101's rating: 1490 &rarr; <strong>1511</strong><br />(+21 for winning)
|raw|Darkarrow's rating: 1516 &rarr; <strong>1495</strong><br />(-21 for losing)
|l|☆Darkarrow
|player|p2|
