|j|☆ajonymousnon
|j|☆karakel
|t:|1760824905
|gametype|singles
|player|p1|ajonymousnon|1|1602
|player|p2|karakel|cowgirl|1590
|gen|9
|tier|[Gen 9] OU
|rated|
|rule|HP Percentage Mod: HP is shown in percentages
|rule|Endless Battle Clause: Forcing endless battles is banned
|rule|Species Clause: Limit one of each Pokémon
|rule|OHKO Clause: OHKO moves are banned
|rule|Evasion Items Clause: Evasion items are banned
|rule|Evasion Moves Clause: Evasion moves are banned
|rule|Evasion Abilities Clause: Evasion abilities are banned
|rule|Sleep Moves Clause: Sleep-inducing moves are banned
|clearpoke
|poke|p1|Great Tusk|
|poke|p1|Ogerpon-Cornerstone, F|
|poke|p1|Rillaboom, M|
|poke|p1|Tyranitar, M|
|poke|p1|Corviknight, M|
|poke|p1|Dragapult, F|
|poke|p2|Lilligant-Hisui, F|
|poke|p2|Ninetales, F|
|poke|p2|Great Tusk|
|poke|p2|Walking Wake|
|poke|p2|Cresselia, F|
|poke|p2|Cinderace, M|
|teampreview
|inactive|Battle timer is ON: inactive players will automatically lose when time's up. (requested by ajonymousnon)
|inactive|karakel has 120 seconds left.
|c|☆karakel|bro this matchup sucks for me
|c|☆karakel|spare me
|
|t:|1760824954
|teamsize|p1|6
|teamsize|p2|6
|start
|switch|p1a: Dragapult|Dragapult, F|100/100
|switch|p2a: Walking Wake|Walking Wake|100/100
|turn|1
|
|t:|1760824975
|switch|p1a: Corviknight|Corviknight, M|100/100
|-ability|p1a: Corviknight|Pressure
|-terastallize|p2a: Walking Wake|Water
|move|p2a: Walking Wake|Dragon Pulse|p1a: Corviknight
|-resisted|p1a: Corviknight
|-damage|p1a: Corviknight|67/100
|
|upkeep
|turn|2
|
|t:|1760824982
|-end|p2a: Walking Wake|Protosynthesis|[silent]
|switch|p2a: Ninetales|Ninetales, F|100/100
|-weather|SunnyDay|[from] ability: Drought|[of] p2a: Ninetales
|move|p1a: Corviknight|U-turn|p2a: Ninetales
|-resisted|p2a: Ninetales
|-damage|p2a: Ninetales|92/100
|inactive|ajonymousnon has 120 seconds left.
|
|t:|1760825011
|switch|p1a: Tyranitar|Tyranitar, M|100/100|[from] U-turn
|-weather|Sandstorm|[from] ability: Sand Stream|[of] p1a: Tyranitar
|
|-weather|Sandstorm|[upkeep]
|-damage|p2a: Ninetales|86/100|[from] Sandstorm
|upkeep
|turn|3
|
|t:|1760825014
|switch|p2a: Great Tusk|Great Tusk|100/100
|move|p1a: Tyranitar|Stealth Rock|p2a: Great Tusk
|-sidestart|p2: karakel|move: Stealth Rock
|
|-weather|Sandstorm|[upkeep]
|upkeep
|turn|4
|
|t:|1760825020
|-end|p2a: Great Tusk|Protosynthesis|[silent]
|switch|p2a: Ninetales|Ninetales, F|86/100
|-damage|p2a: Ninetales|61/100|[from] Stealth Rock
|-weather|SunnyDay|[from] ability: Drought|[of] p2a: Ninetales
|switch|p1a: Corviknight|Corviknight, M|67/100
|-ability|p1a: Corviknight|Pressure
|
|-weather|SunnyDay|[upkeep]
|upkeep
|turn|5
|inactive|ajonymousnon has 120 seconds left.
|
|t:|1760825054
|switch|p2a: Cresselia|Cresselia, F|100/100
|-damage|p2a: Cresselia|88/100|[from] Stealth Rock
|switch|p1a: Tyranitar|Tyranitar, M|100/100
|-weather|Sandstorm|[from] ability: Sand Stream|[of] p1a: Tyranitar
|
|-weather|Sandstorm|[upkeep]
|-damage|p2a: Cresselia|82/100|[from] Sandstorm
|upkeep
|turn|6
|
|t:|1760825063
|switch|p2a: Ninetales|Ninetales, F|61/100
|-damage|p2a: Ninetales|36/100|[from] Stealth Rock
|-weather|SunnyDay|[from] ability: Drought|[of] p2a: Ninetales
|move|p1a: Tyranitar|Knock Off|p2a: Ninetales
|-damage|p2a: Ninetales|0 fnt
|-enditem|p2a: Ninetales|Heat Rock|[from] move: Knock Off|[of] p1a: Tyranitar
|faint|p2a: Ninetales
|
|-weather|SunnyDay|[upkeep]
|upkeep
|
|t:|1760825066
|switch|p2a: Walking Wake|Walking Wake, tera:Water|100/100
|-damage|p2a: Walking Wake|88/100|[from] Stealth Rock
|-activate|p2a: Walking Wake|ability: Protosynthesis
|-start|p2a: Walking Wake|protosynthesisspa
|turn|7
|
|t:|1760825087
|switch|p1a: Rillaboom|Rillaboom, M|100/100
|-fieldstart|move: Grassy Terrain|[from] ability: Grassy Surge|[of] p1a: Rillaboom
|move|p2a: Walking Wake|Hydro Steam|p1a: Rillaboom
|-resisted|p1a: Rillaboom
|-damage|p1a: Rillaboom|0 fnt
|faint|p1a: Rillaboom
|
|-weather|SunnyDay|[upkeep]
|-heal|p2a: Walking Wake|94/100|[from] Grassy Terrain
|upkeep
|
|t:|1760825089
|switch|p1a: Tyranitar|Tyranitar, M|100/100
|-weather|Sandstorm|[from] ability: Sand Stream|[of] p1a: Tyranitar
|-end|p2a: Walking Wake|Protosynthesis
|turn|8
|
|t:|1760825102
|switch|p1a: Dragapult|Dragapult, F|100/100
|move|p2a: Walking Wake|Hydro Steam|p1a: Dragapult
|-resisted|p1a: Dragapult
|-damage|p1a: Dragapult|41/100
|
|-weather|Sandstorm|[upkeep]
|-damage|p1a: Dragapult|34/100|[from] Sandstorm
|-damage|p2a: Walking Wake|88/100|[from] Sandstorm
|-heal|p1a: Dragapult|41/100|[from] Grassy Terrain
|-heal|p1a: Dragapult|47/100|[from] item: Leftovers
|-heal|p2a: Walking Wake|94/100|[from] Grassy Terrain
|upkeep
|turn|9
|
|t:|1760825105
|move|p1a: Dragapult|Dragon Darts|p2a: Walking Wake
|-damage|p2a: Walking Wake|73/100
|-anim|p1a: Dragapult|Dragon Darts|p2a: Walking Wake
|-damage|p2a: Walking Wake|49/100
|move|p2a: Walking Wake|Hydro Steam|p1a: Dragapult
|-resisted|p1a: Dragapult
|-damage|p1a: Dragapult|0 fnt
|faint|p1a: Dragapult
|
|-weather|Sandstorm|[upkeep]
|-damage|p2a: Walking Wake|43/100|[from] Sandstorm
|-heal|p2a: Walking Wake|49/100|[from] Grassy Terrain
|upkeep
|
|t:|1760825107
|switch|p1a: Ogerpon|Ogerpon-Cornerstone, F|100/100
|turn|10
|
|t:|1760825110
|move|p1a: Ogerpon|Horn Leech|p2a: Walking Wake
|-supereffective|p2a: Walking Wake
|-crit|p2a: Walking Wake
|-damage|p2a: Walking Wake|0 fnt
|faint|p2a: Walking Wake
|-end|p2a: Walking Wake|Protosynthesis|[silent]
|
|-weather|Sandstorm|[upkeep]
|upkeep
|
|t:|1760825113
|switch|p2a: Lilligant|Lilligant-Hisui, F|100/100
|-damage|p2a: Lilligant|94/100|[from] Stealth Rock
|turn|11
|
|t:|1760825116
|switch|p1a: Corviknight|Corviknight, M|67/100
|-ability|p1a: Corviknight|Pressure
|move|p2a: Lilligant|Victory Dance|p2a: Lilligant
|-boost|p2a: Lilligant|atk|1
|-boost|p2a: Lilligant|def|1
|-boost|p2a: Lilligant|spe|1
|
|-weather|Sandstorm|[upkeep]
|-damage|p2a: Lilligant|88/100|[from] Sandstorm
|-heal|p2a: Lilligant|94/100|[from] Grassy Terrain
|-heal|p2a: Lilligant|100/100|[from] item: Leftovers
|-fieldend|move: Grassy Terrain
|upkeep
|turn|12
|
|t:|1760825120
|move|p2a: Lilligant|Close Combat|p1a: Corviknight
|-damage|p1a: Corviknight|15/100
|-unboost|p2a: Lilligant|def|1
|-unboost|p2a: Lilligant|spd|1
|-damage|p2a: Lilligant|84/100|[from] item: Rocky Helmet|[of] p1a: Corviknight
|move|p1a: Corviknight|Brave Bird|p2a: Lilligant
|-supereffective|p2a: Lilligant
|-crit|p2a: Lilligant
|-damage|p2a: Lilligant|0 fnt
|faint|p2a: Lilligant
|-damage|p1a: Corviknight|0 fnt|[from] Recoil
|faint|p1a: Corviknight
|
|-weather|none
|upkeep
|
|t:|1760825128
|switch|p2a: Cinderace|Cinderace, M|100/100
|switch|p1a: Great Tusk|Great Tusk|100/100
|-damage|p2a: Cinderace|76/100|[from] Stealth Rock
|turn|13
|
|t:|1760825131
|move|p2a: Cinderace|U-turn|p1a: Great Tusk
|-start|p2a: Cinderace|typechange|Bug|[from] ability: Libero
|-resisted|p1a: Great Tusk
|-damage|p1a: Great Tusk|88/100
|
|t:|1760825134
|switch|p2a: Cresselia|Cresselia, F|82/100|[from] U-turn
|-damage|p2a: Cresselia|70/100|[from] Stealth Rock
|move|p1a: Great Tusk|Rapid Spin|p2a: Cresselia
|-damage|p2a: Cresselia|59/100
|-boost|p1a: Great Tusk|spe|1
|-enditem|p2a: Cresselia|Eject Button
|
|t:|1760825137
|switch|p2a: Great Tusk|Great Tusk|100/100
|-damage|p2a: Great Tusk|98/100|[from] Stealth Rock
|
|upkeep
|turn|14
|inactive|ajonymousnon has 120 seconds left.
|inactive|ajonymousnon has 90 seconds left.
|
|t:|1760825202
|move|p1a: Great Tusk|Ice Spinner|p2a: Great Tusk
|-supereffective|p2a: Great Tusk
|-damage|p2a: Great Tusk|64/100
|move|p2a: Great Tusk|Rapid Spin|p1a: Great Tusk
|-damage|p1a: Great Tusk|79/100
|-boost|p2a: Great Tusk|spe|1
|-sideend|p2: karakel|Stealth Rock|[from] move: Rapid Spin|[of] p2a: Great Tusk
|
|upkeep
|turn|15
|
|t:|1760825206
|-end|p2a: Great Tusk|Protosynthesis|[silent]
|switch|p2a: Cresselia|Cresselia, F|59/100
|move|p1a: Great Tusk|Ice Spinner|p2a: Cresselia
|-damage|p2a: Cresselia|42/100
|
|upkeep
|turn|16
|
|t:|1760825214
|-end|p1a: Great Tusk|Protosynthesis|[silent]
|switch|p1a: Tyranitar|Tyranitar, M|100/100
|-weather|Sandstorm|[from] ability: Sand Stream|[of] p1a: Tyranitar
|move|p2a: Cresselia|Moonlight|p2a: Cresselia
|-heal|p2a: Cresselia|67/100
|
|-weather|Sandstorm|[upkeep]
|-damage|p2a: Cresselia|61/100|[from] Sandstorm
|upkeep
|turn|17
|inactive|ajonymousnon has 90 seconds left.
|
|t:|1760825246
|switch|p2a: Great Tusk|Great Tusk|64/100
|move|p1a: Tyranitar|Stealth Rock|p2a: Great Tusk
|-sidestart|p2: karakel|move: Stealth Rock
|
|-weather|Sandstorm|[upkeep]
|upkeep
|turn|18
|inactive|ajonymousnon has 90 seconds left.
|
|t:|1760825261
|switch|p1a: Great Tusk|Great Tusk|79/100
|move|p2a: Great Tusk|Rapid Spin|p1a: Great Tusk
|-damage|p1a: Great Tusk|68/100
|-boost|p2a: Great Tusk|spe|1
|-sideend|p2: karakel|Stealth Rock|[from] move: Rapid Spin|[of] p2a: Great Tusk
|
|-weather|Sandstorm|[upkeep]
|upkeep
|turn|19
|inactive|ajonymousnon has 90 seconds left.
|
|t:|1760825281
|move|p2a: Great Tusk|Close Combat|p1a: Great Tusk
|-damage|p1a: Great Tusk|36/100
|-unboost|p2a: Great Tusk|def|1
|-unboost|p2a: Great Tusk|spd|1
|-enditem|p2a: Great Tusk|Eject Pack
|
|t:|1760825284
|-end|p2a: Great Tusk|Protosynthesis|[silent]
|switch|p2a: Cresselia|Cresselia, F|61/100
|move|p1a: Great Tusk|Ice Spinner|p2a: Cresselia
|-damage|p2a: Cresselia|46/100
|
|-weather|Sandstorm|[upkeep]
|-damage|p2a: Cresselia|40/100|[from] Sandstorm
|upkeep
|turn|20
|inactive|ajonymousnon has 90 seconds left.
|
|t:|1760825290
|-end|p1a: Great Tusk|Protosynthesis|[silent]
|switch|p1a: Ogerpon|Ogerpon-Cornerstone, F|100/100
|move|p2a: Cresselia|Lunar Dance|p2a: Cresselia
|faint|p2a: Cresselia
|
|-weather|none
|upkeep
|
|t:|1760825294
|switch|p2a: Cinderace|Cinderace, M|76/100
|-heal|p2a: Cinderace|100/100|[from] move: Lunar Dance
|turn|21
|inactive|ajonymousnon has 90 seconds left.
|inactive|ajonymousnon has 60 seconds left.
|
|t:|1760825340
|move|p2a: Cinderace|Low Kick|p1a: Ogerpon
|-start|p2a: Cinderace|typechange|Fighting|[from] ability: Libero
|-supereffective|p1a: Ogerpon
|-damage|p1a: Ogerpon|25/100
|move|p1a: Ogerpon|Horn Leech|p2a: Cinderace
|-damage|p2a: Cinderace|42/100
|-heal|p1a: Ogerpon|54/100|[from] drain|[of] p2a: Cinderace
|
|upkeep
|turn|22
|
|t:|1760825349
|switch|p1a: Great Tusk|Great Tusk|36/100
|move|p2a: Cinderace|Low Kick|p1a: Great Tusk
|-damage|p1a: Great Tusk|0 fnt
|faint|p1a: Great Tusk
|-end|p1a: Great Tusk|Protosynthesis|[silent]
|
|upkeep
|
|t:|1760825351
|switch|p1a: Tyranitar|Tyranitar, M|100/100
|-weather|Sandstorm|[from] ability: Sand Stream|[of] p1a: Tyranitar
|turn|23
|
|t:|1760825357
|-terastallize|p1a: Tyranitar|Ghost
|move|p2a: Cinderace|Low Kick|p1a: Tyranitar
|-immune|p1a: Tyranitar
|move|p1a: Tyranitar|Stealth Rock|p2a: Cinderace
|-sidestart|p2: karakel|move: Stealth Rock
|
|-weather|Sandstorm|[upkeep]
|-damage|p2a: Cinderace|36/100|[from] Sandstorm
|-damage|p1a: Tyranitar|94/100|[from] Sandstorm
|-heal|p1a: Tyranitar|100/100|[from] item: Leftovers
|upkeep
|turn|24
|
|t:|1760825362
|switch|p2a: Great Tusk|Great Tusk|64/100
|-damage|p2a: Great Tusk|61/100|[from] Stealth Rock
|move|p1a: Tyranitar|Knock Off|p2a: Great Tusk
|-resisted|p2a: Great Tusk
|-damage|p2a: Great Tusk|52/100
|
|-weather|Sandstorm|[upkeep]
|-damage|p1a: Tyranitar|94/100|[from] Sandstorm
|-heal|p1a: Tyranitar|100/100|[from] item: Leftovers
|upkeep
|turn|25
|
|t:|1760825367
|move|p2a: Great Tusk|Headlong Rush|p1a: Tyranitar
|-damage|p1a: Tyranitar|63/100
|-unboost|p2a: Great Tusk|def|1
|-unboost|p2a: Great Tusk|spd|1
|move|p1a: Tyranitar|Knock Off|p2a: Great Tusk
|-resisted|p2a: Great Tusk
|-damage|p2a: Great Tusk|39/100
|
|-weather|Sandstorm|[upkeep]
|-damage|p1a: Tyranitar|57/100|[from] Sandstorm
|-heal|p1a: Tyranitar|63/100|[from] item: Leftovers
|upkeep
|turn|26
|
|t:|1760825377
|move|p2a: Great Tusk|Headlong Rush|p1a: Tyranitar
|-damage|p1a: Tyranitar|24/100
|-unboost|p2a: Great Tusk|def|1
|-unboost|p2a: Great Tusk|spd|1
|move|p1a: Tyranitar|Roar|p2a: Great Tusk
|-end|p2a: Great Tusk|Protosynthesis|[silent]
|drag|p2a: Cinderace|Cinderace, M|36/100
|-damage|p2a: Cinderace|11/100|[from] Stealth Rock
|
|-weather|Sandstorm|[upkeep]
|-damage|p2a: Cinderace|5/100|[from] Sandstorm
|-damage|p1a: Tyranitar|18/100|[from] Sandstorm
|-heal|p1a: Tyranitar|24/100|[from] item: Leftovers
|upkeep
|turn|27
|
|t:|1760825382
|move|p2a: Cinderace|Pyro Ball|p1a: Tyranitar
|-damage|p1a: Tyranitar|0 fnt
|faint|p1a: Tyranitar
|
|-weather|none
|upkeep
|
|t:|1760825384
|switch|p1a: Ogerpon|Ogerpon-Cornerstone, F|54/100
|turn|28
|
|t:|1760825386
|move|p2a: Cinderace|Pyro Ball|p1a: Ogerpon
|-damage|p1a: Ogerpon|0 fnt
|faint|p1a: Ogerpon
|
|win|karakel
|raw|ajonymousnon's rating: 1630 &rarr; <strong>1608</strong><br />(-22 for losing)
|raw|karakel's rating: 1590 &rarr; <strong>1612</strong><br />(+22 for winning)
|c|☆karakel|gg
|c|☆ajonymousnon|gg
|l|☆ajonymousnon
|player|p1|
