|j|☆Arcadia Dominus
|j|☆qaqkiller
|t:|1760791502
|gametype|singles
|player|p1|Arcadia Dominus|red-masters2|1456
|player|p2|qaqkiller|maid|1547
|gen|9
|tier|[Gen 9] OU
|rated|
|rule|HP Percentage Mod: HP is shown in percentages
|rule|Endless Battle Clause: Forcing endless battles is banned
|rule|Species Clause: Limit one of each Pokémon
|rule|OHKO Clause: OHKO moves are banned
|rule|Evasion Items Clause: Evasion items are banned
|rule|Evasion Moves Clause: Evasion moves are banned
|rule|Evasion Abilities Clause: Evasion abilities are banned
|rule|Sleep Moves Clause: Sleep-inducing moves are banned
|clearpoke
|poke|p1|Iron Hands|
|poke|p1|Garchomp, M|
|poke|p1|Kingambit, F|
|poke|p1|Iron Treads|
|poke|p1|Sinistcha|
|poke|p1|Enamorus, F|
|poke|p2|Dragapult, M|
|poke|p2|Serperior, M|
|poke|p2|Ribombee, M|
|poke|p2|Cinderace, M|
|poke|p2|Raging Bolt|
|poke|p2|Kingambit, M|
|teampreview
|inactive|Battle timer is ON: inactive players will automatically lose when time's up. (requested by Arcadia Dominus)
|
|t:|1760791520
|teamsize|p1|6
|teamsize|p2|6
|start
|switch|p1a: Iron Hands|Iron Hands|100/100
|switch|p2a: Ribombee|Ribombee, M, shiny|100/100
|turn|1
|
|t:|1760791528
|move|p2a: Ribombee|Moonblast|p1a: Iron Hands
|-supereffective|p1a: Iron Hands
|-damage|p1a: Iron Hands|62/100
|move|p1a: Iron Hands|Heavy Slam|p2a: Ribombee
|-supereffective|p2a: Ribombee
|-enditem|p2a: Ribombee|Focus Sash
|-damage|p2a: Ribombee|1/100
|
|upkeep
|turn|2
|
|t:|1760791536
|move|p2a: Ribombee|Sticky Web|p1a: Iron Hands
|-sidestart|p1: Arcadia Dominus|move: Sticky Web
|move|p1a: Iron Hands|Volt Switch|p2a: Ribombee
|-damage|p2a: Ribombee|0 fnt
|faint|p2a: Ribombee
|
|t:|1760791541
|-end|p1a: Iron Hands|Quark Drive|[silent]
|switch|p1a: Iron Treads|Iron Treads|100/100|[from] Volt Switch
|-activate|p1a: Iron Treads|move: Sticky Web
|-fail|p1a: Iron Treads|unboost|[from] item: Clear Amulet|[of] p1a: Iron Treads
|
|upkeep
|
|t:|1760791551
|switch|p2a: Dragapult|Dragapult, M, shiny|100/100
|turn|3
|
|t:|1760791561
|-terastallize|p2a: Dragapult|Ghost
|move|p2a: Dragapult|Tera Blast|p1a: Iron Treads|[anim] Tera Blast Ghost
|-damage|p1a: Iron Treads|58/100
|move|p1a: Iron Treads|Ice Spinner|p2a: Dragapult
|-damage|p2a: Dragapult|75/100
|
|upkeep
|turn|4
|
|t:|1760791569
|-end|p1a: Iron Treads|Quark Drive|[silent]
|switch|p1a: Kingambit|Kingambit, F|100/100
|-activate|p1a: Kingambit|move: Sticky Web
|-unboost|p1a: Kingambit|spe|1
|move|p2a: Dragapult|Tera Blast|p1a: Kingambit|[anim] Tera Blast Ghost
|-resisted|p1a: Kingambit
|-damage|p1a: Kingambit|82/100
|
|-heal|p1a: Kingambit|89/100|[from] item: Leftovers
|upkeep
|turn|5
|
|t:|1760791576
|switch|p2a: Kingambit|Kingambit, M|100/100
|move|p1a: Kingambit|Swords Dance|p1a: Kingambit
|-boost|p1a: Kingambit|atk|2
|
|-heal|p1a: Kingambit|95/100|[from] item: Leftovers
|upkeep
|turn|6
|
|t:|1760791581
|-terastallize|p1a: Kingambit|Fairy
|move|p2a: Kingambit|Low Kick|p1a: Kingambit
|-resisted|p1a: Kingambit
|-damage|p1a: Kingambit|80/100
|move|p1a: Kingambit|Tera Blast|p2a: Kingambit|[anim] Tera Blast Fairy
|-damage|p2a: Kingambit|16/100
|
|-heal|p1a: Kingambit|86/100|[from] item: Leftovers
|upkeep
|turn|7
|
|t:|1760791591
|move|p1a: Kingambit|Sucker Punch|p2a: Kingambit
|-resisted|p2a: Kingambit
|-damage|p2a: Kingambit|0 fnt
|faint|p2a: Kingambit
|
|-heal|p1a: Kingambit|92/100|[from] item: Leftovers
|upkeep
|
|t:|1760791610
|switch|p2a: Serperior|Serperior, M, shiny|100/100
|turn|8
|
|t:|1760791619
|move|p2a: Serperior|Glare|p1a: Kingambit
|-status|p1a: Kingambit|par
|move|p1a: Kingambit|Kowtow Cleave|p2a: Serperior
|-damage|p2a: Serperior|0 fnt
|faint|p2a: Serperior
|
|-heal|p1a: Kingambit|99/100 par|[from] item: Leftovers
|upkeep
|-message|qaqkiller forfeited.
|
|win|Arcadia Dominus
|raw|Arcadia Dominus's rating: 1456 &rarr; <strong>1481</strong><br />(+25 for winning)
|raw|qaqkiller's rating: 1547 &rarr; <strong>1522</strong><br />(-25 for losing)
|l|☆qaqkiller
|player|p2|
