|j|☆BorderofSeal
|j|☆yeshirong
|t:|1760867591
|gametype|singles
|player|p1|BorderofSeal|1|1448
|player|p2|yeshirong|idol|1462
|gen|9
|tier|[Gen 9] OU
|rated|
|rule|HP Percentage Mod: HP is shown in percentages
|rule|Endless Battle Clause: Forcing endless battles is banned
|rule|Species Clause: Limit one of each Pokémon
|rule|OHKO Clause: OHKO moves are banned
|rule|Evasion Items Clause: Evasion items are banned
|rule|Evasion Moves Clause: Evasion moves are banned
|rule|Evasion Abilities Clause: Evasion abilities are banned
|rule|Sleep Moves Clause: Sleep-inducing moves are banned
|clearpoke
|poke|p1|Weavile, M|
|poke|p1|Dragapult, F|
|poke|p1|Great Tusk|
|poke|p1|Slowking-Galar, F|
|poke|p1|Samurott-Hisui, M|
|poke|p1|Scizor, F|
|poke|p2|Indeedee, M|
|poke|p2|Gholdengo|
|poke|p2|Hoopa-Unbound|
|poke|p2|Alomomola, F|
|poke|p2|Cinderace, M|
|poke|p2|Ribombee, F|
|teampreview
|inactive|Battle timer is ON: inactive players will automatically lose when time's up. (requested by BorderofSeal)
|inactive|yeshirong also wants the timer to be on.
|
|t:|1760867604
|teamsize|p1|6
|teamsize|p2|6
|start
|switch|p1a: Weavile|Weavile, M|100/100
|switch|p2a: Ribombee|Ribombee, F|100/100
|-ability|p1a: Weavile|Pressure
|turn|1
|
|t:|1760867608
|move|p2a: Ribombee|Moonblast|p1a: Weavile
|-supereffective|p1a: Weavile
|-damage|p1a: Weavile|0 fnt
|faint|p1a: Weavile
|
|upkeep
|
|t:|1760867616
|switch|p1a: Slowking|Slowking-Galar, F|100/100
|turn|2
|
|t:|1760867620
|switch|p2a: Alomomola|Alomomola, F|100/100
|move|p1a: Slowking|Thunder Wave|p2a: Alomomola
|-status|p2a: Alomomola|par
|
|upkeep
|turn|3
|
|t:|1760867623
|move|p1a: Slowking|Future Sight|p2a: Alomomola
|-start|p1a: Slowking|move: Future Sight
|move|p2a: Alomomola|Flip Turn|p1a: Slowking
|-damage|p1a: Slowking|87/100
|
|t:|1760867626
|switch|p2a: Hoopa|Hoopa-Unbound|100/100|[from] Flip Turn
|
|upkeep
|turn|4
|
|t:|1760867628
|switch|p1a: Samurott|Samurott-Hisui, M|100/100
|move|p2a: Hoopa|Hyperspace Fury|p1a: Samurott
|-resisted|p1a: Samurott
|-damage|p1a: Samurott|52/100
|-unboost|p2a: Hoopa|def|1
|-damage|p2a: Hoopa|91/100|[from] item: Life Orb
|
|upkeep
|turn|5
|
|t:|1760867645
|switch|p2a: Alomomola|Alomomola, F|100/100 par
|move|p1a: Samurott|Ceaseless Edge|p2a: Alomomola
|-damage|p2a: Alomomola|64/100 par
|-sidestart|p2: yeshirong|Spikes
|
|-end|p2a: Alomomola|move: Future Sight
|-damage|p2a: Alomomola|40/100 par
|upkeep
|turn|6
|
|t:|1760867650
|move|p1a: Samurott|Knock Off|p2a: Alomomola
|-damage|p2a: Alomomola|8/100 par
|-enditem|p2a: Alomomola|Assault Vest|[from] move: Knock Off|[of] p1a: Samurott
|move|p2a: Alomomola|Flip Turn|p1a: Samurott
|-resisted|p1a: Samurott
|-damage|p1a: Samurott|41/100
|
|t:|1760867659
|switch|p2a: Cinderace|Cinderace, M|100/100|[from] Flip Turn
|
|upkeep
|turn|7
|
|t:|1760867664
|move|p2a: Cinderace|U-turn|p1a: Samurott
|-supereffective|p1a: Samurott
|-damage|p1a: Samurott|0 fnt
|faint|p1a: Samurott
|
|t:|1760867669
|switch|p2a: Ribombee|Ribombee, F|100/100|[from] U-turn
|-damage|p2a: Ribombee|88/100|[from] Spikes
|
|upkeep
|
|t:|1760867672
|switch|p1a: Scizor|Scizor, F|100/100
|turn|8
|
|t:|1760867677
|move|p1a: Scizor|Bullet Punch|p2a: Ribombee
|-supereffective|p2a: Ribombee
|-damage|p2a: Ribombee|0 fnt
|faint|p2a: Ribombee
|
|upkeep
|
|t:|1760867681
|switch|p2a: Cinderace|Cinderace, M|100/100
|turn|9
|
|t:|1760867684
|switch|p1a: Great Tusk|Great Tusk|100/100
|-enditem|p1a: Great Tusk|Booster Energy
|-activate|p1a: Great Tusk|ability: Protosynthesis|[fromitem]
|-start|p1a: Great Tusk|protosynthesisatk
|move|p2a: Cinderace|Court Change|p2a: Cinderace
|-swapsideconditions
|-activate|p2a: Cinderace|move: Court Change
|
|upkeep
|turn|10
|
|t:|1760867688
|move|p2a: Cinderace|Will-O-Wisp|p1a: Great Tusk
|-status|p1a: Great Tusk|brn
|move|p1a: Great Tusk|Rapid Spin|p2a: Cinderace
|-damage|p2a: Cinderace|87/100
|-boost|p1a: Great Tusk|spe|1
|-sideend|p1: BorderofSeal|Spikes|[from] move: Rapid Spin|[of] p1a: Great Tusk
|
|-damage|p1a: Great Tusk|94/100 brn|[from] brn
|upkeep
|turn|11
|
|t:|1760867698
|move|p1a: Great Tusk|Headlong Rush|p2a: Cinderace
|-supereffective|p2a: Cinderace
|-damage|p2a: Cinderace|0 fnt
|-unboost|p1a: Great Tusk|def|1
|-unboost|p1a: Great Tusk|spd|1
|faint|p2a: Cinderace
|
|-damage|p1a: Great Tusk|88/100 brn|[from] brn
|upkeep
|
|t:|1760867703
|switch|p2a: Gholdengo|Gholdengo|100/100
|-item|p2a: Gholdengo|Air Balloon
|turn|12
|
|t:|1760867707
|move|p1a: Great Tusk|Stealth Rock|p2a: Gholdengo
|-sidestart|p2: yeshirong|move: Stealth Rock
|move|p2a: Gholdengo|Nasty Plot|p2a: Gholdengo
|-boost|p2a: Gholdengo|spa|2
|
|-damage|p1a: Great Tusk|82/100 brn|[from] brn
|upkeep
|turn|13
|
|t:|1760867711
|move|p1a: Great Tusk|Ice Spinner|p2a: Gholdengo
|-resisted|p2a: Gholdengo
|-damage|p2a: Gholdengo|94/100
|-enditem|p2a: Gholdengo|Air Balloon
|move|p2a: Gholdengo|Substitute|p2a: Gholdengo
|-start|p2a: Gholdengo|Substitute
|-damage|p2a: Gholdengo|69/100
|
|-damage|p1a: Great Tusk|76/100 brn|[from] brn
|upkeep
|turn|14
|
|t:|1760867714
|-terastallize|p2a: Gholdengo|Flying
|move|p1a: Great Tusk|Headlong Rush|p2a: Gholdengo
|-immune|p2a: Gholdengo
|move|p2a: Gholdengo|Make It Rain|p1a: Great Tusk
|-damage|p1a: Great Tusk|0 fnt
|-unboost|p2a: Gholdengo|spa|1
|faint|p1a: Great Tusk
|-end|p1a: Great Tusk|Protosynthesis|[silent]
|
|upkeep
|
|t:|1760867722
|switch|p1a: Slowking|Slowking-Galar, F|100/100
|turn|15
|
|t:|1760867725
|move|p2a: Gholdengo|Nasty Plot|p2a: Gholdengo
|-boost|p2a: Gholdengo|spa|2
|move|p1a: Slowking|Sludge Bomb|p2a: Gholdengo
|-end|p2a: Gholdengo|Substitute
|
|upkeep
|turn|16
|
|t:|1760867731
|move|p2a: Gholdengo|Make It Rain|p1a: Slowking
|-damage|p1a: Slowking|0 fnt
|-unboost|p2a: Gholdengo|spa|1
|faint|p1a: Slowking
|
|upkeep
|
|t:|1760867739
|switch|p1a: Scizor|Scizor, F|100/100
|turn|17
|
|t:|1760867747
|move|p1a: Scizor|Bullet Punch|p2a: Gholdengo
|-crit|p2a: Gholdengo
|-damage|p2a: Gholdengo|37/100
|move|p2a: Gholdengo|Make It Rain|p1a: Scizor
|-resisted|p1a: Scizor
|-damage|p1a: Scizor|26/100
|-unboost|p2a: Gholdengo|spa|1
|
|upkeep
|turn|18
|
|t:|1760867752
|move|p1a: Scizor|Bullet Punch|p2a: Gholdengo
|-damage|p2a: Gholdengo|16/100
|move|p2a: Gholdengo|Recover|p2a: Gholdengo
|-heal|p2a: Gholdengo|66/100
|
|upkeep
|turn|19
|
|t:|1760867756
|move|p1a: Scizor|Bullet Punch|p2a: Gholdengo
|-damage|p2a: Gholdengo|44/100
|move|p2a: Gholdengo|Recover|p2a: Gholdengo
|-heal|p2a: Gholdengo|94/100
|
|upkeep
|turn|20
|
|t:|1760867760
|move|p1a: Scizor|Bullet Punch|p2a: Gholdengo
|-damage|p2a: Gholdengo|74/100
|move|p2a: Gholdengo|Recover|p2a: Gholdengo
|-heal|p2a: Gholdengo|100/100
|
|upkeep
|turn|21
|
|t:|1760867763
|move|p1a: Scizor|Bullet Punch|p2a: Gholdengo
|-damage|p2a: Gholdengo|78/100
|move|p2a: Gholdengo|Substitute|p2a: Gholdengo
|-start|p2a: Gholdengo|Substitute
|-damage|p2a: Gholdengo|53/100
|
|upkeep
|turn|22
|
|t:|1760867766
|move|p1a: Scizor|Bullet Punch|p2a: Gholdengo
|-activate|p2a: Gholdengo|move: Substitute|[damage]
|move|p2a: Gholdengo|Make It Rain|p1a: Scizor
|-resisted|p1a: Scizor
|-damage|p1a: Scizor|0 fnt
|-unboost|p2a: Gholdengo|spa|1
|faint|p1a: Scizor
|
|upkeep
|
|t:|1760867769
|switch|p1a: Dragapult|Dragapult, F|100/100
|turn|23
|
|t:|1760867774
|move|p1a: Dragapult|Dragon Darts|p2a: Gholdengo
|-damage|p2a: Gholdengo|36/100
|-anim|p1a: Dragapult|Dragon Darts|p2a: Gholdengo
|-damage|p2a: Gholdengo|19/100
|move|p2a: Gholdengo|Make It Rain|p1a: Dragapult
|-damage|p1a: Dragapult|30/100
|-unboost|p2a: Gholdengo|spa|1
|
|-heal|p1a: Dragapult|36/100|[from] item: Leftovers
|upkeep
|turn|24
|
|t:|1760867785
|move|p1a: Dragapult|Dragon Darts|p2a: Gholdengo
|-damage|p2a: Gholdengo|3/100
|-anim|p1a: Dragapult|Dragon Darts|p2a: Gholdengo
|-damage|p2a: Gholdengo|0 fnt
|faint|p2a: Gholdengo
|
|-heal|p1a: Dragapult|42/100|[from] item: Leftovers
|upkeep
|
|t:|1760867789
|switch|p2a: Alomomola|Alomomola, F|42/100 par
|-damage|p2a: Alomomola|29/100 par|[from] Stealth Rock
|turn|25
|
|t:|1760867796
|switch|p2a: Hoopa|Hoopa-Unbound|91/100
|-damage|p2a: Hoopa|78/100|[from] Stealth Rock
|move|p1a: Dragapult|Hex|p2a: Hoopa
|-damage|p2a: Hoopa|57/100
|
|-heal|p1a: Dragapult|48/100|[from] item: Leftovers
|upkeep
|turn|26
|
|t:|1760867800
|move|p1a: Dragapult|U-turn|p2a: Hoopa
|-supereffective|p2a: Hoopa
|-damage|p2a: Hoopa|0 fnt
|faint|p2a: Hoopa
|
|-heal|p1a: Dragapult|54/100|[from] item: Leftovers
|upkeep
|
|t:|1760867804
|switch|p2a: Indeedee|Indeedee, M|100/100
|-damage|p2a: Indeedee|88/100|[from] Stealth Rock
|-fieldstart|move: Psychic Terrain|[from] ability: Psychic Surge|[of] p2a: Indeedee
|turn|27
|
|t:|1760867808
|move|p1a: Dragapult|Dragon Darts|p2a: Indeedee
|-damage|p2a: Indeedee|35/100
|-anim|p1a: Dragapult|Dragon Darts|p2a: Indeedee
|-damage|p2a: Indeedee|0 fnt
|faint|p2a: Indeedee
|
|-heal|p1a: Dragapult|60/100|[from] item: Leftovers
|upkeep
|
|t:|1760867810
|switch|p2a: Alomomola|Alomomola, F|63/100 par
|-damage|p2a: Alomomola|50/100 par|[from] Stealth Rock
|turn|28
|
|t:|1760867814
|move|p1a: Dragapult|Hex|p2a: Alomomola
|-crit|p2a: Alomomola
|-damage|p2a: Alomomola|2/100 par
|move|p2a: Alomomola|Mirror Coat|p1a: Dragapult
|-damage|p1a: Dragapult|0 fnt
|faint|p1a: Dragapult
|
|win|yeshirong
|raw|BorderofSeal's rating: 1448 &rarr; <strong>1429</strong><br />(-19 for losing)
|raw|yeshirong's rating: 1462 &rarr; <strong>1481</strong><br />(+19 for winning)
|l|☆BorderofSeal
|player|p1|
|l|☆yeshirong
|player|p2|
