|j|☆saintqirex
|j|‽Uchiwahero
|t:|1760878232
|gametype|singles
|player|p1|saintqirex|170|1533
|player|p2|Uchiwahero|paxton|1605
|gen|9
|tier|[Gen 9] OU
|rated|
|rule|HP Percentage Mod: HP is shown in percentages
|rule|Endless Battle Clause: Forcing endless battles is banned
|rule|Species Clause: Limit one of each Pokémon
|rule|OHKO Clause: OHKO moves are banned
|rule|Evasion Items Clause: Evasion items are banned
|rule|Evasion Moves Clause: Evasion moves are banned
|rule|Evasion Abilities Clause: Evasion abilities are banned
|rule|Sleep Moves Clause: Sleep-inducing moves are banned
|clearpoke
|poke|p1|Meowscarada, M|
|poke|p1|Slowking-Galar, F|
|poke|p1|Zamazenta-*|
|poke|p1|Corviknight, F|
|poke|p1|Kyurem|
|poke|p1|Conkeldurr, F|
|poke|p2|Ninetales-Alola, F|
|poke|p2|Garchomp, M|
|poke|p2|Dragonite, F|
|poke|p2|Gholdengo|
|poke|p2|Darkrai|
|poke|p2|Zamazenta-*|
|teampreview
|inactive|Battle timer is ON: inactive players will automatically lose when time's up. (requested by Uchiwahero)
|
|t:|1760878252
|teamsize|p1|6
|teamsize|p2|6
|start
|switch|p1a: Meowscarada|Meowscarada, M|100/100
|switch|p2a: Ninetales|Ninetales-Alola, F|100/100
|-weather|Snowscape|[from] ability: Snow Warning|[of] p2a: Ninetales
|turn|1
|
|t:|1760878258
|switch|p2a: Garchomp|Garchomp, M|100/100
|move|p1a: Meowscarada|Flower Trick|p2a: Garchomp
|-start|p1a: Meowscarada|typechange|Grass|[from] ability: Protean
|-crit|p2a: Garchomp
|-damage|p2a: Garchomp|53/100
|
|-weather|Snowscape|[upkeep]
|upkeep
|turn|2
|
|t:|1760878266
|move|p1a: Meowscarada|Flower Trick|p2a: Garchomp
|-crit|p2a: Garchomp
|-damage|p2a: Garchomp|8/100
|move|p2a: Garchomp|Stealth Rock|p1a: Meowscarada
|-sidestart|p1: saintqirex|move: Stealth Rock
|
|-weather|Snowscape|[upkeep]
|upkeep
|turn|3
|j| Dionysos
|
|t:|1760878275
|switch|p1a: Corviknight|Corviknight, F|100/100
|-damage|p1a: Corviknight|88/100|[from] Stealth Rock
|move|p2a: Garchomp|Spikes|p1a: Corviknight
|-sidestart|p1: saintqirex|Spikes
|
|-weather|Snowscape|[upkeep]
|upkeep
|turn|4
|l| Dionysos
|
|t:|1760878283
|switch|p2a: Gholdengo|Gholdengo|100/100
|-item|p2a: Gholdengo|Air Balloon
|move|p1a: Corviknight|U-turn|p2a: Gholdengo
|-resisted|p2a: Gholdengo
|-damage|p2a: Gholdengo|98/100
|-enditem|p2a: Gholdengo|Air Balloon
|
|t:|1760878286
|switch|p1a: Conkeldurr|Conkeldurr, F|100/100|[from] U-turn
|-damage|p1a: Conkeldurr|94/100|[from] Stealth Rock
|-damage|p1a: Conkeldurr|82/100|[from] Spikes
|
|-weather|Snowscape|[upkeep]
|-status|p1a: Conkeldurr|brn|[from] item: Flame Orb
|upkeep
|turn|5
|inactive|Uchiwahero has 120 seconds left.
|
|t:|1760878316
|switch|p2a: Garchomp|Garchomp, M|8/100
|move|p1a: Conkeldurr|Knock Off|p2a: Garchomp
|-damage|p2a: Garchomp|0 fnt
|-damage|p1a: Conkeldurr|70/100 brn|[from] ability: Rough Skin|[of] p2a: Garchomp
|-damage|p1a: Conkeldurr|53/100 brn|[from] item: Rocky Helmet|[of] p2a: Garchomp
|-enditem|p2a: Garchomp|Rocky Helmet|[from] move: Knock Off|[of] p1a: Conkeldurr
|faint|p2a: Garchomp
|
|-weather|none
|-damage|p1a: Conkeldurr|47/100 brn|[from] brn
|upkeep
|inactive|Uchiwahero has 120 seconds left.
|
|t:|1760878325
|switch|p2a: Ninetales|Ninetales-Alola, F|100/100
|-weather|Snowscape|[from] ability: Snow Warning|[of] p2a: Ninetales
|turn|6
|
|t:|1760878330
|-terastallize|p1a: Conkeldurr|Normal
|move|p2a: Ninetales|Aurora Veil|p2a: Ninetales
|-sidestart|p2: Uchiwahero|move: Aurora Veil
|move|p1a: Conkeldurr|Drain Punch|p2a: Ninetales
|-damage|p2a: Ninetales|74/100
|-heal|p1a: Conkeldurr|58/100 brn|[from] drain|[of] p2a: Ninetales
|
|-weather|Snowscape|[upkeep]
|-damage|p1a: Conkeldurr|52/100 brn|[from] brn
|upkeep
|turn|7
|inactive|Uchiwahero has 120 seconds left.
|inactive|Uchiwahero has 90 seconds left.
|
|t:|1760878391
|switch|p2a: Zamazenta|Zamazenta|100/100
|-ability|p2a: Zamazenta|Dauntless Shield|boost
|-boost|p2a: Zamazenta|def|1
|move|p1a: Conkeldurr|Drain Punch|p2a: Zamazenta
|-crit|p2a: Zamazenta
|-damage|p2a: Zamazenta|22/100
|-heal|p1a: Conkeldurr|89/100 brn|[from] drain|[of] p2a: Zamazenta
|
|-weather|Snowscape|[upkeep]
|-heal|p2a: Zamazenta|28/100|[from] item: Leftovers
|-damage|p1a: Conkeldurr|83/100 brn|[from] brn
|upkeep
|turn|8
|
|t:|1760878401
|switch|p1a: Corviknight|Corviknight, F|88/100
|-damage|p1a: Corviknight|76/100|[from] Stealth Rock
|move|p2a: Zamazenta|Body Press|p1a: Corviknight
|-damage|p1a: Corviknight|43/100
|-damage|p2a: Zamazenta|11/100|[from] item: Rocky Helmet|[of] p1a: Corviknight
|
|-weather|Snowscape|[upkeep]
|-heal|p2a: Zamazenta|18/100|[from] item: Leftovers
|upkeep
|turn|9
|inactive|Uchiwahero has 90 seconds left.
|
|t:|1760878406
|switch|p2a: Gholdengo|Gholdengo|98/100
|move|p1a: Corviknight|Roost|p1a: Corviknight
|-heal|p1a: Corviknight|93/100
|-singleturn|p1a: Corviknight|move: Roost
|
|-weather|Snowscape|[upkeep]
|upkeep
|turn|10
|
|t:|1760878412
|switch|p1a: Conkeldurr|Conkeldurr, F, tera:Normal|83/100 brn
|-damage|p1a: Conkeldurr|71/100 brn|[from] Stealth Rock
|-damage|p1a: Conkeldurr|59/100 brn|[from] Spikes
|move|p2a: Gholdengo|Nasty Plot|p2a: Gholdengo
|-boost|p2a: Gholdengo|spa|2
|
|-weather|none
|-damage|p1a: Conkeldurr|53/100 brn|[from] brn
|upkeep
|turn|11
|
|t:|1760878423
|move|p2a: Gholdengo|Make It Rain|p1a: Conkeldurr
|-damage|p1a: Conkeldurr|0 fnt
|-unboost|p2a: Gholdengo|spa|1
|faint|p1a: Conkeldurr
|
|upkeep
|
|t:|1760878430
|switch|p1a: Meowscarada|Meowscarada, M|100/100
|-damage|p1a: Meowscarada|88/100|[from] Stealth Rock
|-damage|p1a: Meowscarada|76/100|[from] Spikes
|turn|12
|
|t:|1760878436
|move|p1a: Meowscarada|Knock Off|p2a: Gholdengo
|-start|p1a: Meowscarada|typechange|Dark|[from] ability: Protean
|-supereffective|p2a: Gholdengo
|-damage|p2a: Gholdengo|58/100
|move|p2a: Gholdengo|Make It Rain|p1a: Meowscarada
|-damage|p1a: Meowscarada|0 fnt
|-unboost|p2a: Gholdengo|spa|1
|faint|p1a: Meowscarada
|
|upkeep
|-message|saintqirex forfeited.
|
|win|Uchiwahero
|raw|saintqirex's rating: 1533 &rarr; <strong>1517</strong><br />(-16 for losing)
|raw|Uchiwahero's rating: 1605 &rarr; <strong>1621</strong><br />(+16 for winning)
|l|☆saintqirex
|player|p1|
|l|‽Uchiwahero
|player|p2|
