|j|☆ThatBrownBoy
|j|☆taerola
|t:|1760732239
|gametype|singles
|player|p1|ThatBrownBoy|2|1388
|player|p2|taerola|102|1294
|gen|9
|tier|[Gen 9] OU
|rated|
|rule|HP Percentage Mod: HP is shown in percentages
|rule|Endless Battle Clause: Forcing endless battles is banned
|rule|Species Clause: Limit one of each Pokémon
|rule|OHKO Clause: OHKO moves are banned
|rule|Evasion Items Clause: Evasion items are banned
|rule|Evasion Moves Clause: Evasion moves are banned
|rule|Evasion Abilities Clause: Evasion abilities are banned
|rule|Sleep Moves Clause: Sleep-inducing moves are banned
|clearpoke
|poke|p1|Ambipom, F|
|poke|p1|Grimmsnarl, M|
|poke|p1|Ursaluna, F|
|poke|p1|Dragonite, M|
|poke|p1|Zoroark-Hisui, M|
|poke|p1|Corviknight, M|
|poke|p2|Iron Moth|
|poke|p2|Azelf|
|poke|p2|Dragapult, F|
|poke|p2|Iron Treads|
|poke|p2|Primeape, M|
|poke|p2|Rillaboom, M|
|teampreview
|inactive|Battle timer is ON: inactive players will automatically lose when time's up. (requested by ThatBrownBoy)
|
|t:|1760732258
|teamsize|p1|6
|teamsize|p2|6
|start
|switch|p1a: Ursaluna|Ursaluna, F, shiny|100/100
|switch|p2a: Dragapult|Dragapult, F|100/100
|turn|1
|
|t:|1760732273
|switch|p1a: Grimmsnarl|Grimmsnarl, M, shiny|100/100
|move|p2a: Dragapult|U-turn|p1a: Grimmsnarl
|-damage|p1a: Grimmsnarl|53/100
|
|t:|1760732287
|switch|p2a: Azelf|Azelf|100/100|[from] U-turn
|
|upkeep
|turn|2
|
|t:|1760732292
|move|p1a: Grimmsnarl|Fake Out|p2a: Azelf
|-damage|p2a: Azelf|82/100
|cant|p2a: Azelf|flinch
|
|upkeep
|turn|3
|
|t:|1760732295
|move|p1a: Grimmsnarl|Parting Shot|p2a: Azelf
|-unboost|p2a: Azelf|atk|1
|-unboost|p2a: Azelf|spa|1
|
|t:|1760732299
|switch|p1a: Corviknight|Corviknight, M|100/100|[from] Parting Shot
|-ability|p1a: Corviknight|Pressure
|move|p2a: Azelf|Stealth Rock|p1a: Corviknight
|-sidestart|p1: ThatBrownBoy|move: Stealth Rock
|
|upkeep
|turn|4
|
|t:|1760732307
|move|p2a: Azelf|Light Screen|p2a: Azelf
|-sidestart|p2: taerola|move: Light Screen
|move|p1a: Corviknight|Defog|p2a: Azelf
|-unboost|p2a: Azelf|evasion|1
|-sideend|p2: taerola|move: Light Screen
|-sideend|p1: ThatBrownBoy|Stealth Rock|[from] move: Defog|[of] p1a: Corviknight
|
|upkeep
|turn|5
|
|t:|1760732315
|move|p2a: Azelf|Stealth Rock|p1a: Corviknight
|-sidestart|p1: ThatBrownBoy|move: Stealth Rock
|move|p1a: Corviknight|U-turn|p2a: Azelf
|-supereffective|p2a: Azelf
|-crit|p2a: Azelf
|-damage|p2a: Azelf|23/100
|
|t:|1760732321
|switch|p1a: Ursaluna|Ursaluna, F, shiny|100/100|[from] U-turn
|-damage|p1a: Ursaluna|94/100|[from] Stealth Rock
|
|-status|p1a: Ursaluna|brn|[from] item: Flame Orb
|upkeep
|turn|6
|
|t:|1760732329
|switch|p1a: Corviknight|Corviknight, M|100/100
|-damage|p1a: Corviknight|88/100|[from] Stealth Rock
|-ability|p1a: Corviknight|Pressure
|move|p2a: Azelf|Reflect|p2a: Azelf
|-sidestart|p2: taerola|Reflect
|
|upkeep
|turn|7
|
|t:|1760732354
|move|p2a: Azelf|Explosion|p1a: Corviknight
|-resisted|p1a: Corviknight
|-damage|p1a: Corviknight|75/100
|faint|p2a: Azelf
|move|p1a: Corviknight|Defog|p2: Azelf|[notarget]
|-fail|p1a: Corviknight
|
|upkeep
|
|t:|1760732360
|switch|p2a: Iron Moth|Iron Moth|100/100
|-enditem|p2a: Iron Moth|Booster Energy
|-activate|p2a: Iron Moth|ability: Quark Drive|[fromitem]
|-start|p2a: Iron Moth|quarkdrivespe
|turn|8
|
|t:|1760732371
|switch|p1a: Ambipom|Ambipom, F, shiny|100/100
|-damage|p1a: Ambipom|88/100|[from] Stealth Rock
|move|p2a: Iron Moth|Fiery Dance|p1a: Ambipom
|-damage|p1a: Ambipom|22/100
|-boost|p2a: Iron Moth|spa|1
|
|upkeep
|turn|9
|
|t:|1760732378
|move|p1a: Ambipom|Fake Out|p2a: Iron Moth
|-damage|p2a: Iron Moth|76/100
|cant|p2a: Iron Moth|flinch
|
|upkeep
|turn|10
|
|t:|1760732382
|move|p2a: Iron Moth|Fiery Dance|p1a: Ambipom
|-damage|p1a: Ambipom|0 fnt
|faint|p1a: Ambipom
|
|upkeep
|
|t:|1760732386
|switch|p1a: Dragonite|Dragonite, M, shiny|100/100
|turn|11
|
|t:|1760732391
|move|p2a: Iron Moth|Dazzling Gleam|p1a: Dragonite
|-supereffective|p1a: Dragonite
|-damage|p1a: Dragonite|56/100
|move|p1a: Dragonite|Earthquake|p2a: Iron Moth
|-supereffective|p2a: Iron Moth
|-damage|p2a: Iron Moth|0 fnt
|faint|p2a: Iron Moth
|-end|p2a: Iron Moth|Quark Drive|[silent]
|
|upkeep
|
|t:|1760732400
|switch|p2a: Primeape|Primeape, M|100/100
|turn|12
|
|t:|1760732408
|switch|p1a: Corviknight|Corviknight, M|75/100
|-damage|p1a: Corviknight|63/100|[from] Stealth Rock
|-ability|p1a: Corviknight|Pressure
|move|p2a: Primeape|Bulk Up|p2a: Primeape
|-boost|p2a: Primeape|atk|1
|-boost|p2a: Primeape|def|1
|
|upkeep
|turn|13
|
|t:|1760732418
|move|p2a: Primeape|Drain Punch|p1a: Corviknight
|-damage|p1a: Corviknight|39/100
|-damage|p2a: Primeape|84/100|[from] item: Rocky Helmet|[of] p1a: Corviknight
|move|p1a: Corviknight|Defog|p2a: Primeape
|-unboost|p2a: Primeape|evasion|1
|-ability|p2a: Primeape|Defiant|boost
|-boost|p2a: Primeape|atk|2
|-sideend|p2: taerola|Reflect
|-sideend|p1: ThatBrownBoy|Stealth Rock|[from] move: Defog|[of] p1a: Corviknight
|
|upkeep
|turn|14
|
|t:|1760732426
|move|p2a: Primeape|Drain Punch|p1a: Corviknight
|-damage|p1a: Corviknight|0 fnt
|-heal|p2a: Primeape|100/100|[from] drain|[of] p1a: Corviknight
|-damage|p2a: Primeape|84/100|[from] item: Rocky Helmet|[of] p1a: Corviknight
|faint|p1a: Corviknight
|
|upkeep
|
|t:|1760732430
|switch|p1a: Dragonite|Dragonite, M, shiny|100/100
|turn|15
|
|t:|1760732454
|switch|p2a: Rillaboom|Rillaboom, M|100/100
|-fieldstart|move: Grassy Terrain|[from] ability: Grassy Surge|[of] p2a: Rillaboom
|move|p1a: Dragonite|Nasty Plot|p1a: Dragonite
|-boost|p1a: Dragonite|spa|2
|
|upkeep
|turn|16
|
|t:|1760732471
|move|p2a: Rillaboom|Grassy Glide|p1a: Dragonite
|-enditem|p1a: Dragonite|Focus Sash
|-damage|p1a: Dragonite|1/100
|replace|p1a: Zoroark|Zoroark-Hisui, M, shiny
|-end|p1a: Zoroark|Illusion
|-damage|p2a: Rillaboom|91/100|[from] item: Life Orb
|move|p1a: Zoroark|Flamethrower|p2a: Rillaboom
|-supereffective|p2a: Rillaboom
|-damage|p2a: Rillaboom|0 fnt
|faint|p2a: Rillaboom
|
|-heal|p1a: Zoroark|7/100|[from] Grassy Terrain
|upkeep
|
|t:|1760732479
|switch|p2a: Dragapult|Dragapult, F|100/100
|turn|17
|
|t:|1760732487
|switch|p1a: Dragonite|Dragonite, M, shiny|56/100
|move|p2a: Dragapult|U-turn|p1a: Dragonite
|-resisted|p1a: Dragonite
|-damage|p1a: Dragonite|36/100
|
|t:|1760732494
|switch|p2a: Iron Treads|Iron Treads|100/100|[from] U-turn
|-item|p2a: Iron Treads|Air Balloon
|
|upkeep
|turn|18
|
|t:|1760732505
|move|p1a: Dragonite|Extreme Speed|p2a: Iron Treads
|-resisted|p2a: Iron Treads
|-damage|p2a: Iron Treads|87/100
|-enditem|p2a: Iron Treads|Air Balloon
|move|p2a: Iron Treads|Rapid Spin|p1a: Dragonite
|-damage|p1a: Dragonite|19/100
|-boost|p2a: Iron Treads|spe|1
|
|-heal|p2a: Iron Treads|94/100|[from] Grassy Terrain
|upkeep
|turn|19
|
|t:|1760732512
|move|p2a: Iron Treads|Ice Spinner|p1a: Dragonite
|-supereffective|p1a: Dragonite
|-damage|p1a: Dragonite|0 fnt
|-fieldend|move: Grassy Terrain
|faint|p1a: Dragonite
|
|upkeep
|
|t:|1760732515
|switch|p1a: Ursaluna|Ursaluna, F, shiny|94/100 brn
|turn|20
|
|t:|1760732526
|move|p2a: Iron Treads|Ice Spinner|p1a: Ursaluna
|-supereffective|p1a: Ursaluna
|-damage|p1a: Ursaluna|56/100 brn
|move|p1a: Ursaluna|Headlong Rush|p2a: Iron Treads
|-supereffective|p2a: Iron Treads
|-damage|p2a: Iron Treads|0 fnt
|-unboost|p1a: Ursaluna|def|1
|-unboost|p1a: Ursaluna|spd|1
|faint|p2a: Iron Treads
|-end|p2a: Iron Treads|Quark Drive|[silent]
|
|-damage|p1a: Ursaluna|50/100 brn|[from] brn
|upkeep
|
|t:|1760732546
|switch|p2a: Dragapult|Dragapult, F|100/100
|turn|21
|
|t:|1760732560
|switch|p1a: Grimmsnarl|Grimmsnarl, M, shiny|53/100
|move|p2a: Dragapult|U-turn|p1a: Grimmsnarl
|-damage|p1a: Grimmsnarl|7/100
|
|t:|1760732565
|switch|p2a: Primeape|Primeape, M|84/100|[from] U-turn
|
|upkeep
|turn|22
|
|t:|1760732573
|switch|p2a: Dragapult|Dragapult, F|100/100
|move|p1a: Grimmsnarl|Fake Out|p2a: Dragapult
|-immune|p2a: Dragapult
|
|upkeep
|turn|23
|
|t:|1760732582
|move|p1a: Grimmsnarl|Thunder Wave|p2a: Dragapult
|-status|p2a: Dragapult|par
|cant|p2a: Dragapult|par
|
|upkeep
|turn|24
|
|t:|1760732588
|cant|p2a: Dragapult|par
|move|p1a: Grimmsnarl|Drain Punch|p2a: Dragapult
|-immune|p2a: Dragapult
|
|upkeep
|turn|25
|
|t:|1760732591
|move|p1a: Grimmsnarl|Parting Shot|p2a: Dragapult
|-fail|p2a: Dragapult|unboost|[from] ability: Clear Body|[of] p2a: Dragapult
|move|p2a: Dragapult|U-turn|p1a: Grimmsnarl
|-crit|p1a: Grimmsnarl
|-damage|p1a: Grimmsnarl|0 fnt
|faint|p1a: Grimmsnarl
|
|t:|1760732597
|switch|p2a: Primeape|Primeape, M|84/100|[from] U-turn
|
|upkeep
|
|t:|1760732600
|switch|p1a: Ursaluna|Ursaluna, F, shiny|7/100
|turn|26
|
|t:|1760732607
|move|p1a: Ursaluna|Shadow Ball|p2a: Primeape
|-damage|p2a: Primeape|45/100
|move|p2a: Primeape|Rage Fist|p1a: Ursaluna
|-immune|p1a: Ursaluna
|
|upkeep
|turn|27
|
|t:|1760732614
|move|p1a: Ursaluna|Shadow Ball|p2a: Primeape
|-damage|p2a: Primeape|6/100
|move|p2a: Primeape|Encore|p1a: Ursaluna
|-start|p1a: Ursaluna|Encore
|
|upkeep
|turn|28
|
|t:|1760732618
|move|p1a: Ursaluna|Shadow Ball|p2a: Primeape
|-damage|p2a: Primeape|0 fnt
|faint|p2a: Primeape
|
|upkeep
|
|t:|1760732620
|switch|p2a: Dragapult|Dragapult, F|100/100 par
|turn|29
|
|t:|1760732622
|move|p1a: Ursaluna|Shadow Ball|p2a: Dragapult
|-supereffective|p2a: Dragapult
|-damage|p2a: Dragapult|0 fnt
|faint|p2a: Dragapult
|
|win|ThatBrownBoy
|raw|ThatBrownBoy's rating: 1388 &rarr; <strong>1403</strong><br />(+15 for winning)
|raw|taerola's rating: 1294 &rarr; <strong>1276</strong><br />(-18 for losing)
|l|☆taerola
|player|p2|
