|j|☆RobustLoki
|j|☆suhayb1910
|t:|1760772558
|gametype|singles
|player|p1|RobustLoki|scientist|1614
|player|p2|suhayb1910|volo|1772
|gen|9
|tier|[Gen 9] OU
|rated|
|rule|HP Percentage Mod: HP is shown in percentages
|rule|Endless Battle Clause: Forcing endless battles is banned
|rule|Species Clause: Limit one of each Pokémon
|rule|OHKO Clause: OHKO moves are banned
|rule|Evasion Items Clause: Evasion items are banned
|rule|Evasion Moves Clause: Evasion moves are banned
|rule|Evasion Abilities Clause: Evasion abilities are banned
|rule|Sleep Moves Clause: Sleep-inducing moves are banned
|clearpoke
|poke|p1|Pelipper, M|
|poke|p1|Barraskewda, M|
|poke|p1|Goodra-Hisui, M|
|poke|p1|Volcanion|
|poke|p1|Thundurus-Therian, M|
|poke|p1|Greninja-*, M|
|poke|p2|Gholdengo|
|poke|p2|Hydrapple, F|
|poke|p2|Samurott-Hisui, M|
|poke|p2|Great Tusk|
|poke|p2|Latios, M|
|poke|p2|Tinkaton, F|
|teampreview
|l|☆suhayb1910
|player|p2|
|j|☆suhayb1910
|player|p2|suhayb1910|volo|
|inactive|Battle timer is ON: inactive players will automatically lose when time's up. (requested by suhayb1910)
|
|t:|1760772589
|teamsize|p1|6
|teamsize|p2|6
|start
|switch|p1a: Barraskewda|Barraskewda, M, shiny|100/100
|switch|p2a: Gholdengo|Gholdengo|100/100
|turn|1
|
|t:|1760772595
|move|p1a: Barraskewda|Flip Turn|p2a: Gholdengo
|-damage|p2a: Gholdengo|48/100
|
|t:|1760772598
|switch|p1a: Goodra|Goodra-Hisui, M|100/100|[from] Flip Turn
|move|p2a: Gholdengo|Recover|p2a: Gholdengo
|-heal|p2a: Gholdengo|98/100
|
|upkeep
|turn|2
|
|t:|1760772604
|switch|p2a: Samurott|Samurott-Hisui, M|100/100
|move|p1a: Goodra|Earthquake|p2a: Samurott
|-damage|p2a: Samurott|52/100
|
|upkeep
|turn|3
|
|t:|1760772612
|move|p2a: Samurott|Ceaseless Edge|p1a: Goodra
|-damage|p1a: Goodra|58/100
|-sidestart|p1: RobustLoki|Spikes
|move|p1a: Goodra|Earthquake|p2a: Samurott
|-damage|p2a: Samurott|4/100
|
|upkeep
|turn|4
|
|t:|1760772618
|switch|p1a: Pelipper|Pelipper, M, shiny|100/100
|-weather|RainDance|[from] ability: Drizzle|[of] p1a: Pelipper
|move|p2a: Samurott|Knock Off|p1a: Pelipper
|-damage|p1a: Pelipper|67/100
|-enditem|p1a: Pelipper|Damp Rock|[from] move: Knock Off|[of] p2a: Samurott
|
|-weather|RainDance|[upkeep]
|upkeep
|turn|5
|
|t:|1760772621
|move|p2a: Samurott|Ceaseless Edge|p1a: Pelipper
|-damage|p1a: Pelipper|37/100
|-sidestart|p1: RobustLoki|Spikes
|move|p1a: Pelipper|U-turn|p2a: Samurott
|-supereffective|p2a: Samurott
|-damage|p2a: Samurott|0 fnt
|faint|p2a: Samurott
|
|t:|1760772627
|switch|p1a: Greninja|Greninja, M|100/100|[from] U-turn
|-damage|p1a: Greninja|84/100|[from] Spikes
|
|-weather|RainDance|[upkeep]
|upkeep
|
|t:|1760772634
|switch|p2a: Latios|Latios, M|100/100
|turn|6
|
|t:|1760772640
|move|p2a: Latios|Aura Sphere|p1a: Greninja
|-supereffective|p1a: Greninja
|-damage|p1a: Greninja|0 fnt
|faint|p1a: Greninja
|
|-weather|RainDance|[upkeep]
|upkeep
|
|t:|1760772645
|switch|p1a: Thundurus|Thundurus-Therian, M|100/100
|turn|7
|
|t:|1760772649
|switch|p2a: Tinkaton|Tinkaton, F|100/100
|-ability|p2a: Tinkaton|Mold Breaker
|-item|p2a: Tinkaton|Air Balloon
|move|p1a: Thundurus|Agility|p1a: Thundurus
|-boost|p1a: Thundurus|spe|2
|
|-weather|RainDance|[upkeep]
|upkeep
|turn|8
|
|t:|1760772652
|move|p1a: Thundurus|Thunder|p2a: Tinkaton
|-damage|p2a: Tinkaton|45/100
|-enditem|p2a: Tinkaton|Air Balloon
|move|p2a: Tinkaton|Encore|p1a: Thundurus
|-start|p1a: Thundurus|Encore
|
|-weather|RainDance|[upkeep]
|upkeep
|turn|9
|
|t:|1760772657
|switch|p1a: Barraskewda|Barraskewda, M, shiny|100/100
|-damage|p1a: Barraskewda|84/100|[from] Spikes
|switch|p2a: Great Tusk|Great Tusk|100/100
|
|-weather|RainDance|[upkeep]
|upkeep
|turn|10
|
|t:|1760772663
|-end|p2a: Great Tusk|Protosynthesis|[silent]
|switch|p2a: Hydrapple|Hydrapple, F|100/100
|move|p1a: Barraskewda|Flip Turn|p2a: Hydrapple
|-resisted|p2a: Hydrapple
|-damage|p2a: Hydrapple|90/100
|-damage|p1a: Barraskewda|68/100|[from] item: Rocky Helmet|[of] p2a: Hydrapple
|
|t:|1760772670
|switch|p1a: Volcanion|Volcanion|100/100|[from] Flip Turn
|-damage|p1a: Volcanion|84/100|[from] Spikes
|
|-weather|RainDance|[upkeep]
|upkeep
|turn|11
|
|t:|1760772674
|move|p1a: Volcanion|Weather Ball|p2a: Hydrapple
|-resisted|p2a: Hydrapple
|-damage|p2a: Hydrapple|58/100
|move|p2a: Hydrapple|Giga Drain|p1a: Volcanion
|-damage|p1a: Volcanion|53/100
|-heal|p2a: Hydrapple|72/100|[from] drain|[of] p1a: Volcanion
|
|-weather|none
|upkeep
|turn|12
|
|t:|1760772681
|switch|p1a: Pelipper|Pelipper, M, shiny|37/100
|-weather|RainDance|[from] ability: Drizzle|[of] p1a: Pelipper
|switch|p2a: Latios|Latios, M|100/100
|
|-weather|RainDance|[upkeep]
|upkeep
|turn|13
|
|t:|1760772687
|switch|p1a: Goodra|Goodra-Hisui, M|58/100
|-damage|p1a: Goodra|42/100|[from] Spikes
|move|p2a: Latios|Luster Purge|p1a: Goodra
|-resisted|p1a: Goodra
|-damage|p1a: Goodra|25/100
|-unboost|p1a: Goodra|spd|1
|
|-weather|RainDance|[upkeep]
|upkeep
|turn|14
|
|t:|1760772694
|move|p2a: Latios|Luster Purge|p1a: Goodra
|-resisted|p1a: Goodra
|-damage|p1a: Goodra|0 fnt
|faint|p1a: Goodra
|
|-weather|RainDance|[upkeep]
|upkeep
|
|t:|1760772698
|switch|p1a: Barraskewda|Barraskewda, M, shiny|68/100
|-damage|p1a: Barraskewda|51/100|[from] Spikes
|turn|15
|
|t:|1760772703
|switch|p2a: Hydrapple|Hydrapple, F|100/100
|move|p1a: Barraskewda|Flip Turn|p2a: Hydrapple
|-resisted|p2a: Hydrapple
|-damage|p2a: Hydrapple|90/100
|-damage|p1a: Barraskewda|35/100|[from] item: Rocky Helmet|[of] p2a: Hydrapple
|
|t:|1760772706
|switch|p1a: Volcanion|Volcanion|53/100|[from] Flip Turn
|-damage|p1a: Volcanion|37/100|[from] Spikes
|
|-weather|RainDance|[upkeep]
|upkeep
|turn|16
|
|t:|1760772710
|move|p1a: Volcanion|Sludge Bomb|p2a: Hydrapple
|-supereffective|p2a: Hydrapple
|-damage|p2a: Hydrapple|0 fnt
|faint|p2a: Hydrapple
|
|-weather|none
|upkeep
|
|t:|1760772713
|switch|p2a: Tinkaton|Tinkaton, F|45/100
|-ability|p2a: Tinkaton|Mold Breaker
|turn|17
|
|t:|1760772717
|switch|p1a: Pelipper|Pelipper, M, shiny|37/100
|-weather|RainDance|[from] ability: Drizzle|[of] p1a: Pelipper
|move|p2a: Tinkaton|Stealth Rock|p1a: Pelipper
|-sidestart|p1: RobustLoki|move: Stealth Rock
|
|-weather|RainDance|[upkeep]
|upkeep
|turn|18
|
|t:|1760772721
|move|p2a: Tinkaton|Thunder Wave|p1a: Pelipper|[miss]
|-miss|p2a: Tinkaton|p1a: Pelipper
|move|p1a: Pelipper|Hydro Pump|p2a: Tinkaton|[miss]
|-miss|p1a: Pelipper|p2a: Tinkaton
|
|-weather|RainDance|[upkeep]
|upkeep
|turn|19
|
|t:|1760772724
|move|p2a: Tinkaton|Encore|p1a: Pelipper
|-start|p1a: Pelipper|Encore
|move|p1a: Pelipper|Hydro Pump|p2a: Tinkaton|[miss]
|-miss|p1a: Pelipper|p2a: Tinkaton
|
|-weather|RainDance|[upkeep]
|upkeep
|turn|20
|
|t:|1760772728
|switch|p2a: Latios|Latios, M|100/100
|move|p1a: Pelipper|Hydro Pump|p2a: Latios
|-resisted|p2a: Latios
|-damage|p2a: Latios|70/100
|
|-weather|RainDance|[upkeep]
|upkeep
|turn|21
|
|t:|1760772733
|switch|p1a: Volcanion|Volcanion|37/100
|-damage|p1a: Volcanion|20/100|[from] Spikes
|-damage|p1a: Volcanion|0 fnt|[from] Stealth Rock
|faint|p1a: Volcanion
|move|p2a: Latios|Luster Purge|p1: Volcanion|[notarget]
|-fail|p2a: Latios
|
|-weather|none
|upkeep
|
|t:|1760772736
|switch|p1a: Pelipper|Pelipper, M, shiny|37/100
|-damage|p1a: Pelipper|12/100|[from] Stealth Rock
|-weather|RainDance|[from] ability: Drizzle|[of] p1a: Pelipper
|turn|22
|
|t:|1760772739
|move|p2a: Latios|Luster Purge|p1a: Pelipper
|-damage|p1a: Pelipper|0 fnt
|faint|p1a: Pelipper
|
|-weather|RainDance|[upkeep]
|upkeep
|
|t:|1760772741
|switch|p1a: Barraskewda|Barraskewda, M, shiny|35/100
|-damage|p1a: Barraskewda|19/100|[from] Spikes
|-damage|p1a: Barraskewda|7/100|[from] Stealth Rock
|turn|23
|
|t:|1760772750
|switch|p2a: Tinkaton|Tinkaton, F|45/100
|-ability|p2a: Tinkaton|Mold Breaker
|-terastallize|p1a: Barraskewda|Water
|move|p1a: Barraskewda|Liquidation|p2a: Tinkaton
|-damage|p2a: Tinkaton|0 fnt
|faint|p2a: Tinkaton
|
|-weather|RainDance|[upkeep]
|upkeep
|c|☆RobustLoki|please dont be helmet tusk
|inactive|suhayb1910 has 120 seconds left.
|inactive|suhayb1910 has 90 seconds left.
|
|t:|1760772811
|switch|p2a: Great Tusk|Great Tusk|100/100
|turn|24
|
|t:|1760772815
|-terastallize|p2a: Great Tusk|Steel
|move|p1a: Barraskewda|Liquidation|p2a: Great Tusk
|-damage|p2a: Great Tusk|1/100
|move|p2a: Great Tusk|Rapid Spin|p1a: Barraskewda
|-damage|p1a: Barraskewda|0 fnt
|-boost|p2a: Great Tusk|spe|1
|faint|p1a: Barraskewda
|
|-weather|RainDance|[upkeep]
|upkeep
|c|☆RobustLoki|damn
|
|t:|1760772820
|switch|p1a: Thundurus|Thundurus-Therian, M|100/100
|turn|25
|c|☆suhayb1910|had to go for the roll
|
|t:|1760772834
|move|p2a: Great Tusk|Ice Spinner|p1a: Thundurus
|-supereffective|p1a: Thundurus
|-damage|p1a: Thundurus|12/100
|move|p1a: Thundurus|Agility|p1a: Thundurus
|-boost|p1a: Thundurus|spe|2
|
|-weather|RainDance|[upkeep]
|upkeep
|turn|26
|c|☆RobustLoki|true that
|
|t:|1760772840
|move|p1a: Thundurus|Thunder|p2a: Great Tusk
|-damage|p2a: Great Tusk|0 fnt
|faint|p2a: Great Tusk
|-end|p2a: Great Tusk|Protosynthesis|[silent]
|
|-weather|none
|upkeep
|
|t:|1760772843
|switch|p2a: Gholdengo|Gholdengo|98/100
|turn|27
|c|☆RobustLoki|gotta go for the para
|
|t:|1760772847
|move|p1a: Thundurus|Thunder|p2a: Gholdengo|[miss]
|-miss|p1a: Thundurus|p2a: Gholdengo
|move|p2a: Gholdengo|Make It Rain|p1a: Thundurus
|-resisted|p1a: Thundurus
|-damage|p1a: Thundurus|0 fnt
|-unboost|p2a: Gholdengo|spa|1
|faint|p1a: Thundurus
|
|win|suhayb1910
|raw|RobustLoki's rating: 1614 &rarr; <strong>1603</strong><br />(-11 for losing)
|raw|suhayb1910's rating: 1772 &rarr; <strong>1783</strong><br />(+11 for winning)
|c|☆suhayb1910|gg
|c|☆RobustLoki|nvm gg
|c|☆suhayb1910|wp
|l|☆RobustLoki
|player|p1|
|l|☆suhayb1910
|player|p2|
