|j|☆clauzkops13
|j|☆Fozu
|t:|1760847129
|gametype|singles
|player|p1|clauzkops13|102|1288
|player|p2|Fozu|guitarist-gen4|1274
|gen|9
|tier|[Gen 9] OU
|rated|
|rule|HP Percentage Mod: HP is shown in percentages
|rule|Endless Battle Clause: Forcing endless battles is banned
|rule|Species Clause: Limit one of each Pokémon
|rule|OHKO Clause: OHKO moves are banned
|rule|Evasion Items Clause: Evasion items are banned
|rule|Evasion Moves Clause: Evasion moves are banned
|rule|Evasion Abilities Clause: Evasion abilities are banned
|rule|Sleep Moves Clause: Sleep-inducing moves are banned
|clearpoke
|poke|p1|Fezandipiti, M|
|poke|p1|Great Tusk|
|poke|p1|Corviknight, M|
|poke|p1|Heatran, M|
|poke|p1|Dragapult, M|
|poke|p1|Kingambit, M|
|poke|p2|Dragonite, F|
|poke|p2|Zamazenta-*|
|poke|p2|Landorus-Therian, M|
|poke|p2|Gholdengo|
|poke|p2|Darkrai|
|poke|p2|Hatterene, F|
|teampreview
|inactive|Battle timer is ON: inactive players will automatically lose when time's up. (requested by Fozu)
|
|t:|1760847148
|teamsize|p1|6
|teamsize|p2|6
|start
|switch|p1a: Fezandipiti|Fezandipiti, M|100/100
|switch|p2a: Landorus|Landorus-Therian, M|100/100
|-ability|p2a: Landorus|Intimidate|boost
|-unboost|p1a: Fezandipiti|atk|1
|turn|1
|
|t:|1760847155
|move|p1a: Fezandipiti|Taunt|p2a: Landorus
|-start|p2a: Landorus|move: Taunt
|cant|p2a: Landorus|move: Taunt|Stealth Rock
|
|upkeep
|turn|2
|
|t:|1760847160
|move|p1a: Fezandipiti|U-turn|p2a: Landorus
|-resisted|p2a: Landorus
|-damage|p2a: Landorus|96/100
|-damage|p1a: Fezandipiti|84/100|[from] item: Rocky Helmet|[of] p2a: Landorus
|
|t:|1760847163
|switch|p1a: Corviknight|Corviknight, M|100/100|[from] U-turn
|-ability|p1a: Corviknight|Pressure
|move|p2a: Landorus|U-turn|p1a: Corviknight
|-resisted|p1a: Corviknight
|-damage|p1a: Corviknight|97/100
|-damage|p2a: Landorus|80/100|[from] item: Rocky Helmet|[of] p1a: Corviknight
|
|t:|1760847174
|switch|p2a: Gholdengo|Gholdengo|100/100|[from] U-turn
|
|upkeep
|turn|3
|
|t:|1760847181
|move|p2a: Gholdengo|Nasty Plot|p2a: Gholdengo
|-boost|p2a: Gholdengo|spa|2
|move|p1a: Corviknight|U-turn|p2a: Gholdengo
|-resisted|p2a: Gholdengo
|-damage|p2a: Gholdengo|97/100
|
|t:|1760847189
|switch|p1a: Dragapult|Dragapult, M|100/100|[from] U-turn
|
|upkeep
|turn|4
|
|t:|1760847197
|-terastallize|p2a: Gholdengo|Steel
|move|p1a: Dragapult|Shadow Ball|p2a: Gholdengo
|-damage|p2a: Gholdengo|40/100
|move|p2a: Gholdengo|Make It Rain|p1a: Dragapult
|-damage|p1a: Dragapult|0 fnt
|-unboost|p2a: Gholdengo|spa|1
|faint|p1a: Dragapult
|
|upkeep
|
|t:|1760847204
|switch|p1a: Heatran|Heatran, M|100/100
|turn|5
|
|t:|1760847208
|move|p2a: Gholdengo|Make It Rain|p1a: Heatran
|-resisted|p1a: Heatran
|-damage|p1a: Heatran|75/100
|-unboost|p2a: Gholdengo|spa|1
|move|p1a: Heatran|Magma Storm|p2a: Gholdengo
|-supereffective|p2a: Gholdengo
|-damage|p2a: Gholdengo|0 fnt
|faint|p2a: Gholdengo
|
|-heal|p1a: Heatran|81/100|[from] item: Leftovers
|upkeep
|l|☆Fozu
|inactive|Fozu disconnected and has a minute to reconnect!
|player|p2|
|inactive|Fozu has 30 seconds to reconnect!
|inactive|Fozu has 20 seconds to reconnect!
|inactive|Fozu has 15 seconds to reconnect!
|inactive|Fozu has 10 seconds to reconnect!
|inactive|Fozu has 5 seconds to reconnect!
|-message|Fozu lost due to inactivity.
|
|win|clauzkops13
|raw|clauzkops13's rating: 1288 &rarr; <strong>1312</strong><br />(+24 for winning)
|raw|Fozu's rating: 1274 &rarr; <strong>1250</strong><br />(-24 for losing)
|l|☆clauzkops13
|player|p1|
