|j|☆m355y
|j|☆Seraphyde
|t:|1760828481
|gametype|singles
|player|p1|m355y|169|1505
|player|p2|Seraphyde|riley|1476
|gen|9
|tier|[Gen 9] OU
|rated|
|rule|HP Percentage Mod: HP is shown in percentages
|rule|Endless Battle Clause: Forcing endless battles is banned
|rule|Species Clause: Limit one of each Pokémon
|rule|OHKO Clause: OHKO moves are banned
|rule|Evasion Items Clause: Evasion items are banned
|rule|Evasion Moves Clause: Evasion moves are banned
|rule|Evasion Abilities Clause: Evasion abilities are banned
|rule|Sleep Moves Clause: Sleep-inducing moves are banned
|clearpoke
|poke|p1|Okidogi, M|
|poke|p1|Kingambit, F|
|poke|p1|Dragapult, F|
|poke|p1|Gholdengo|
|poke|p1|Gliscor, M|
|poke|p1|Quaquaval, M|
|poke|p2|Landorus-Therian, M|
|poke|p2|Samurott-Hisui, M|
|poke|p2|Weavile, M|
|poke|p2|Darkrai|
|poke|p2|Pecharunt|
|poke|p2|Iron Moth|
|teampreview
|c|☆m355y|glhf
|
|t:|1760828508
|teamsize|p1|6
|teamsize|p2|6
|start
|switch|p1a: Okidogi|Okidogi, M|100/100
|switch|p2a: Landorus|Landorus-Therian, M, shiny|100/100
|-ability|p2a: Landorus|Intimidate|boost
|-unboost|p1a: Okidogi|atk|1
|turn|1
|
|t:|1760828526
|move|p2a: Landorus|U-turn|p1a: Okidogi
|-resisted|p1a: Okidogi
|-damage|p1a: Okidogi|96/100
|
|t:|1760828546
|switch|p2a: Iron Moth|Iron Moth|100/100|[from] U-turn
|-enditem|p2a: Iron Moth|Booster Energy
|-activate|p2a: Iron Moth|ability: Quark Drive|[fromitem]
|-start|p2a: Iron Moth|quarkdrivespe
|move|p1a: Okidogi|Ice Punch|p2a: Iron Moth
|-resisted|p2a: Iron Moth
|-damage|p2a: Iron Moth|91/100
|
|-heal|p1a: Okidogi|100/100|[from] item: Leftovers
|upkeep
|turn|2
|inactive|Battle timer is ON: inactive players will automatically lose when time's up. (requested by m355y)
|
|t:|1760828577
|switch|p1a: Gliscor|Gliscor, M|100/100
|move|p2a: Iron Moth|Fiery Dance|p1a: Gliscor
|-damage|p1a: Gliscor|64/100
|
|-status|p1a: Gliscor|tox|[from] item: Toxic Orb
|upkeep
|turn|3
|
|t:|1760828593
|move|p2a: Iron Moth|Fiery Dance|p1a: Gliscor
|-damage|p1a: Gliscor|26/100 tox
|move|p1a: Gliscor|Earthquake|p2a: Iron Moth
|-supereffective|p2a: Iron Moth
|-damage|p2a: Iron Moth|0 fnt
|faint|p2a: Iron Moth
|-end|p2a: Iron Moth|Quark Drive|[silent]
|
|-heal|p1a: Gliscor|38/100 tox|[from] ability: Poison Heal
|upkeep
|
|t:|1760828603
|switch|p2a: Weavile|Weavile, M|100/100
|-ability|p2a: Weavile|Pressure
|turn|4
|
|t:|1760828621
|switch|p1a: Quaquaval|Quaquaval, M|100/100
|move|p2a: Weavile|Knock Off|p1a: Quaquaval
|-resisted|p1a: Quaquaval
|-damage|p1a: Quaquaval|73/100
|-enditem|p1a: Quaquaval|Heavy-Duty Boots|[from] move: Knock Off|[of] p2a: Weavile
|
|upkeep
|turn|5
|
|t:|1760828644
|switch|p2a: Pecharunt|Pecharunt|100/100
|switch|p1a: Okidogi|Okidogi, M|100/100
|
|upkeep
|turn|6
|
|t:|1760828651
|move|p2a: Pecharunt|Parting Shot|p1a: Okidogi
|-unboost|p1a: Okidogi|atk|1
|-unboost|p1a: Okidogi|spa|1
|
|t:|1760828655
|switch|p2a: Landorus|Landorus-Therian, M, shiny|100/100|[from] Parting Shot
|-ability|p2a: Landorus|Intimidate|boost
|-unboost|p1a: Okidogi|atk|1
|move|p1a: Okidogi|Bulk Up|p1a: Okidogi
|-boost|p1a: Okidogi|atk|1
|-boost|p1a: Okidogi|def|1
|
|upkeep
|turn|7
|inactive|m355y has 120 seconds left.
|
|t:|1760828691
|move|p2a: Landorus|Earthquake|p1a: Okidogi
|-supereffective|p1a: Okidogi
|-damage|p1a: Okidogi|48/100
|move|p1a: Okidogi|Knock Off|p2a: Landorus
|-damage|p2a: Landorus|78/100
|-damage|p1a: Okidogi|32/100|[from] item: Rocky Helmet|[of] p2a: Landorus
|-enditem|p2a: Landorus|Rocky Helmet|[from] move: Knock Off|[of] p1a: Okidogi
|
|-heal|p1a: Okidogi|38/100|[from] item: Leftovers
|upkeep
|turn|8
|
|t:|1760828709
|switch|p1a: Gliscor|Gliscor, M|38/100 tox
|move|p2a: Landorus|Stone Edge|p1a: Gliscor
|-crit|p1a: Gliscor
|-damage|p1a: Gliscor|0 fnt
|faint|p1a: Gliscor
|
|upkeep
|inactive|m355y has 90 seconds left.
|
|t:|1760828733
|switch|p1a: Dragapult|Dragapult, F|100/100
|turn|9
|
|t:|1760828737
|move|p1a: Dragapult|Will-O-Wisp|p2a: Landorus
|-status|p2a: Landorus|brn
|move|p2a: Landorus|Earthquake|p1a: Dragapult
|-damage|p1a: Dragapult|63/100
|
|-damage|p2a: Landorus|72/100 brn|[from] brn
|upkeep
|turn|10
|
|t:|1760828749
|move|p1a: Dragapult|U-turn|p2a: Landorus
|-resisted|p2a: Landorus
|-damage|p2a: Landorus|61/100 brn
|
|t:|1760828757
|switch|p1a: Gholdengo|Gholdengo|100/100|[from] U-turn
|-item|p1a: Gholdengo|Air Balloon
|move|p2a: Landorus|Stealth Rock|p1a: Gholdengo
|-sidestart|p1: m355y|move: Stealth Rock
|
|-damage|p2a: Landorus|54/100 brn|[from] brn
|upkeep
|turn|11
|inactive|m355y has 90 seconds left.
|
|t:|1760828781
|switch|p1a: Dragapult|Dragapult, F|63/100
|move|p2a: Landorus|U-turn|p1a: Dragapult
|-resisted|p1a: Dragapult
|-damage|p1a: Dragapult|53/100
|
|t:|1760828787
|switch|p2a: Weavile|Weavile, M|100/100|[from] U-turn
|-ability|p2a: Weavile|Pressure
|
|upkeep
|turn|12
|inactive|m355y has 90 seconds left.
|
|t:|1760828820
|switch|p1a: Kingambit|Kingambit, F|100/100
|-damage|p1a: Kingambit|94/100|[from] Stealth Rock
|-activate|p1a: Kingambit|ability: Supreme Overlord
|-start|p1a: Kingambit|fallen1|[silent]
|move|p2a: Weavile|Ice Shard|p1a: Kingambit
|-resisted|p1a: Kingambit
|-damage|p1a: Kingambit|87/100
|
|-heal|p1a: Kingambit|94/100|[from] item: Leftovers
|upkeep
|turn|13
|
|t:|1760828836
|move|p2a: Weavile|Low Kick|p1a: Kingambit
|-supereffective|p1a: Kingambit
|-damage|p1a: Kingambit|1/100
|move|p1a: Kingambit|Swords Dance|p1a: Kingambit
|-boost|p1a: Kingambit|atk|2
|
|-heal|p1a: Kingambit|8/100|[from] item: Leftovers
|upkeep
|turn|14
|inactive|m355y has 60 seconds left.
|inactive|m355y has 30 seconds left.
|inactive|m355y has 20 seconds left.
|
|t:|1760828899
|-end|p1a: Kingambit|fallen1|[silent]
|switch|p1a: Quaquaval|Quaquaval, M|73/100
|-damage|p1a: Quaquaval|67/100|[from] Stealth Rock
|move|p2a: Weavile|Ice Shard|p1a: Quaquaval
|-resisted|p1a: Quaquaval
|-damage|p1a: Quaquaval|55/100
|
|upkeep
|turn|15
|inactive|m355y has 30 seconds left this turn.
|inactive|m355y has 20 seconds left.
|
|t:|1760828912
|switch|p2a: Pecharunt|Pecharunt|100/100
|move|p1a: Quaquaval|Roost|p1a: Quaquaval
|-heal|p1a: Quaquaval|100/100
|-singleturn|p1a: Quaquaval|move: Roost
|
|upkeep
|turn|16
|inactive|m355y has 30 seconds left this turn.
|inactive|m355y has 20 seconds left.
|inactive|m355y has 15 seconds left.
|
|t:|1760828929
|move|p2a: Pecharunt|Malignant Chain|p1a: Quaquaval
|-damage|p1a: Quaquaval|63/100
|-status|p1a: Quaquaval|tox
|-start|p1a: Quaquaval|confusion|[from] ability: Poison Puppeteer|[of] p2a: Pecharunt
|-activate|p1a: Quaquaval|confusion
|-damage|p1a: Quaquaval|49/100 tox|[from] confusion
|
|-damage|p1a: Quaquaval|43/100 tox|[from] psn
|upkeep
|turn|17
|inactive|m355y has 25 seconds left this turn.
|inactive|m355y has 20 seconds left.
|
|t:|1760828956
|move|p2a: Pecharunt|Parting Shot|p1a: Quaquaval
|-unboost|p1a: Quaquaval|atk|1
|-unboost|p1a: Quaquaval|spa|1
|
|t:|1760828958
|switch|p2a: Landorus|Landorus-Therian, M, shiny|54/100 brn|[from] Parting Shot
|-ability|p2a: Landorus|Intimidate|boost
|-unboost|p1a: Quaquaval|atk|1
|-activate|p1a: Quaquaval|confusion
|move|p1a: Quaquaval|Rapid Spin|p2a: Landorus
|-damage|p2a: Landorus|45/100 brn
|-boost|p1a: Quaquaval|spe|1
|-sideend|p1: m355y|Stealth Rock|[from] move: Rapid Spin|[of] p1a: Quaquaval
|
|-damage|p1a: Quaquaval|31/100 tox|[from] psn
|-damage|p2a: Landorus|39/100 brn|[from] brn
|upkeep
|turn|18
|inactive|m355y has 30 seconds left.
|inactive|m355y has 20 seconds left.
|
|t:|1760828977
|-end|p1a: Quaquaval|confusion
|move|p1a: Quaquaval|Aqua Step|p2a: Landorus
|-supereffective|p2a: Landorus
|-crit|p2a: Landorus
|-damage|p2a: Landorus|0 fnt
|-boost|p1a: Quaquaval|spe|1
|faint|p2a: Landorus
|-ability|p1a: Quaquaval|Moxie|boost
|-boost|p1a: Quaquaval|atk|1
|
|-damage|p1a: Quaquaval|13/100 tox|[from] psn
|upkeep
|
|t:|1760828989
|switch|p2a: Weavile|Weavile, M|100/100
|-ability|p2a: Weavile|Pressure
|turn|19
|inactive|m355y has 30 seconds left.
|inactive|m355y has 20 seconds left.
|
|t:|1760829007
|move|p2a: Weavile|Ice Shard|p1a: Quaquaval
|-resisted|p1a: Quaquaval
|-damage|p1a: Quaquaval|1/100 tox
|move|p1a: Quaquaval|Close Combat|p2a: Weavile
|-supereffective|p2a: Weavile
|-damage|p2a: Weavile|0 fnt
|-unboost|p1a: Quaquaval|def|1
|-unboost|p1a: Quaquaval|spd|1
|faint|p2a: Weavile
|-ability|p1a: Quaquaval|Moxie|boost
|-boost|p1a: Quaquaval|atk|1
|
|-damage|p1a: Quaquaval|0 fnt|[from] psn
|faint|p1a: Quaquaval
|upkeep
|inactive|m355y has 25 seconds left this turn.
|inactive|m355y has 20 seconds left.
|inactive|m355y has 15 seconds left.
|
|t:|1760829025
|switch|p2a: Darkrai|Darkrai|100/100
|switch|p1a: Okidogi|Okidogi, M|38/100
|turn|20
|inactive|m355y has 25 seconds left this turn.
|inactive|m355y has 20 seconds left.
|
|t:|1760829034
|switch|p2a: Pecharunt|Pecharunt|100/100
|move|p1a: Okidogi|Knock Off|p2a: Pecharunt
|-supereffective|p2a: Pecharunt
|-damage|p2a: Pecharunt|66/100
|-enditem|p2a: Pecharunt|Leftovers|[from] move: Knock Off|[of] p1a: Okidogi
|
|-heal|p1a: Okidogi|44/100|[from] item: Leftovers
|upkeep
|turn|21
|inactive|m355y has 30 seconds left this turn.
|
|t:|1760829043
|move|p2a: Pecharunt|Hex|p1a: Okidogi
|-damage|p1a: Okidogi|27/100
|move|p1a: Okidogi|Bulk Up|p1a: Okidogi
|-boost|p1a: Okidogi|atk|1
|-boost|p1a: Okidogi|def|1
|
|-heal|p1a: Okidogi|33/100|[from] item: Leftovers
|upkeep
|turn|22
|inactive|m355y has 30 seconds left.
|inactive|m355y has 20 seconds left.
|
|t:|1760829061
|move|p2a: Pecharunt|Hex|p1a: Okidogi
|-damage|p1a: Okidogi|14/100
|move|p1a: Okidogi|Knock Off|p2a: Pecharunt
|-supereffective|p2a: Pecharunt
|-damage|p2a: Pecharunt|36/100
|
|-heal|p1a: Okidogi|20/100|[from] item: Leftovers
|upkeep
|turn|23
|inactive|m355y has 30 seconds left this turn.
|inactive|m355y has 20 seconds left.
|inactive|m355y has 15 seconds left.
|
|t:|1760829079
|switch|p1a: Gholdengo|Gholdengo|100/100
|-item|p1a: Gholdengo|Air Balloon
|move|p2a: Pecharunt|Recover|p2a: Pecharunt
|-heal|p2a: Pecharunt|86/100
|
|upkeep
|turn|24
|inactive|m355y has 25 seconds left this turn.
|inactive|m355y has 20 seconds left.
|inactive|m355y has 15 seconds left.
|inactive|m355y has 10 seconds left.
|
|t:|1760829099
|switch|p2a: Samurott|Samurott-Hisui, M, shiny|100/100
|-terastallize|p1a: Gholdengo|Flying
|move|p1a: Gholdengo|Nasty Plot|p1a: Gholdengo
|-boost|p1a: Gholdengo|spa|2
|
|upkeep
|turn|25
|inactive|m355y has 20 seconds left this turn.
|inactive|m355y has 15 seconds left.
|
|t:|1760829108
|move|p2a: Samurott|Razor Shell|p1a: Gholdengo
|-damage|p1a: Gholdengo|58/100
|-unboost|p1a: Gholdengo|def|1
|-enditem|p1a: Gholdengo|Air Balloon
|move|p1a: Gholdengo|Shadow Ball|p2a: Samurott
|-resisted|p2a: Samurott
|-damage|p2a: Samurott|37/100
|
|upkeep
|turn|26
|inactive|m355y has 25 seconds left this turn.
|inactive|m355y has 20 seconds left.
|inactive|m355y has 15 seconds left.
|
|t:|1760829119
|switch|p1a: Okidogi|Okidogi, M|20/100
|move|p2a: Samurott|Razor Shell|p1a: Okidogi
|-damage|p1a: Okidogi|0 fnt
|faint|p1a: Okidogi
|
|upkeep
|inactive|m355y has 20 seconds left this turn.
|inactive|m355y has 15 seconds left.
|
|t:|1760829128
|switch|p1a: Dragapult|Dragapult, F|53/100
|turn|27
|inactive|m355y has 25 seconds left this turn.
|inactive|m355y has 20 seconds left.
|
|t:|1760829134
|move|p2a: Samurott|Sucker Punch||[still]
|-fail|p2a: Samurott
|move|p1a: Dragapult|Will-O-Wisp|p2a: Samurott
|-status|p2a: Samurott|brn
|
|-damage|p2a: Samurott|30/100 brn|[from] brn
|upkeep
|turn|28
|inactive|m355y has 30 seconds left this turn.
|
|t:|1760829140
|move|p2a: Samurott|Sucker Punch|p1a: Dragapult
|-supereffective|p1a: Dragapult
|-damage|p1a: Dragapult|11/100
|move|p1a: Dragapult|U-turn|p2a: Samurott
|-supereffective|p2a: Samurott
|-damage|p2a: Samurott|0 fnt
|faint|p2a: Samurott
|inactive|m355y has 30 seconds left.
|
|t:|1760829152
|switch|p1a: Kingambit|Kingambit, F|8/100|[from] U-turn
|-activate|p1a: Kingambit|ability: Supreme Overlord
|-start|p1a: Kingambit|fallen3|[silent]
|
|-heal|p1a: Kingambit|14/100|[from] item: Leftovers
|upkeep
|
|t:|1760829158
|switch|p2a: Darkrai|Darkrai|100/100
|turn|29
|
|t:|1760829162
|move|p2a: Darkrai|Dark Pulse|p1a: Kingambit
|-resisted|p1a: Kingambit
|-damage|p1a: Kingambit|0 fnt
|faint|p1a: Kingambit
|-end|p1a: Kingambit|fallen3|[silent]
|
|upkeep
|
|t:|1760829170
|switch|p1a: Gholdengo|Gholdengo, tera:Flying|58/100
|turn|30
|
|t:|1760829176
|move|p2a: Darkrai|Ice Beam|p1a: Gholdengo
|-supereffective|p1a: Gholdengo
|-damage|p1a: Gholdengo|0 fnt
|faint|p1a: Gholdengo
|
|upkeep
|c|☆m355y|gg
|-message|m355y forfeited.
|
|win|Seraphyde
|raw|m355y's rating: 1505 &rarr; <strong>1483</strong><br />(-22 for losing)
|raw|Seraphyde's rating: 1476 &rarr; <strong>1498</strong><br />(+22 for winning)
|l|☆m355y
|player|p1|
|c|☆Seraphyde|gg
