|j|☆hamoodhabibihamood
|j|☆Havestol
|t:|1760728721
|gametype|singles
|player|p1|hamoodhabibihamood|rocketgrunt|1446
|player|p2|Havestol|mars|1553
|gen|9
|tier|[Gen 9] OU
|rated|
|rule|HP Percentage Mod: HP is shown in percentages
|rule|Endless Battle Clause: Forcing endless battles is banned
|rule|Species Clause: Limit one of each Pokémon
|rule|OHKO Clause: OHKO moves are banned
|rule|Evasion Items Clause: Evasion items are banned
|rule|Evasion Moves Clause: Evasion moves are banned
|rule|Evasion Abilities Clause: Evasion abilities are banned
|rule|Sleep Moves Clause: Sleep-inducing moves are banned
|clearpoke
|poke|p1|Quaquaval, F|
|poke|p1|Pelipper, M|
|poke|p1|Walking Wake|
|poke|p1|Corviknight, F|
|poke|p1|Raging Bolt|
|poke|p1|Scizor, F|
|poke|p2|Talonflame, F|
|poke|p2|Alomomola, M|
|poke|p2|Weezing-Galar, M|
|poke|p2|Iron Treads|
|poke|p2|Meowscarada, M|
|poke|p2|Slowking, F|
|teampreview
|inactive|Battle timer is ON: inactive players will automatically lose when time's up. (requested by hamoodhabibihamood)
|
|t:|1760728734
|teamsize|p1|6
|teamsize|p2|6
|start
|switch|p1a: Pelipper|Pelipper, M|100/100
|switch|p2a: Meowscarada|Meowscarada, M|100/100
|-weather|RainDance|[from] ability: Drizzle|[of] p1a: Pelipper
|turn|1
|
|t:|1760728739
|switch|p1a: Corviknight|Corviknight, F|100/100
|-ability|p1a: Corviknight|Pressure
|move|p2a: Meowscarada|Knock Off|p1a: Corviknight
|-start|p2a: Meowscarada|typechange|Dark|[from] ability: Protean
|-crit|p1a: Corviknight
|-damage|p1a: Corviknight|45/100
|-damage|p2a: Meowscarada|84/100|[from] item: Rocky Helmet|[of] p1a: Corviknight
|-enditem|p1a: Corviknight|Rocky Helmet|[from] move: Knock Off|[of] p2a: Meowscarada
|
|-weather|RainDance|[upkeep]
|upkeep
|turn|2
|
|t:|1760728751
|switch|p2a: Weezing|Weezing-Galar, M|100/100
|-ability|p2a: Weezing|Neutralizing Gas
|move|p1a: Corviknight|Roost|p1a: Corviknight
|-heal|p1a: Corviknight|95/100
|-singleturn|p1a: Corviknight|move: Roost
|
|-weather|RainDance|[upkeep]
|upkeep
|turn|3
|
|t:|1760728755
|move|p1a: Corviknight|U-turn|p2a: Weezing
|-resisted|p2a: Weezing
|-damage|p2a: Weezing|98/100
|
|t:|1760728758
|switch|p1a: Walking Wake|Walking Wake|100/100|[from] U-turn
|move|p2a: Weezing|Will-O-Wisp|p1a: Walking Wake
|-status|p1a: Walking Wake|brn
|
|-weather|RainDance|[upkeep]
|-damage|p1a: Walking Wake|94/100 brn|[from] brn
|upkeep
|turn|4
|
|t:|1760728769
|-end|p2a: Weezing|ability: Neutralizing Gas
|switch|p2a: Slowking|Slowking, F|100/100
|move|p1a: Walking Wake|Draco Meteor|p2a: Slowking
|-damage|p2a: Slowking|44/100
|-unboost|p1a: Walking Wake|spa|2
|
|-weather|RainDance|[upkeep]
|-damage|p1a: Walking Wake|88/100 brn|[from] brn
|upkeep
|turn|5
|
|t:|1760728778
|-end|p1a: Walking Wake|Protosynthesis|[silent]
|switch|p1a: Corviknight|Corviknight, F|95/100
|-ability|p1a: Corviknight|Pressure
|-prepare|p2a: Slowking|Chilly Reception|[premajor]
|move|p2a: Slowking|Chilly Reception|p2a: Slowking
|-weather|Snowscape
|
|t:|1760728785
|switch|p2a: Talonflame|Talonflame, F|100/100|[from] Chilly Reception
|
|-weather|Snowscape|[upkeep]
|upkeep
|turn|6
|
|t:|1760728794
|switch|p1a: Pelipper|Pelipper, M|100/100
|-weather|RainDance|[from] ability: Drizzle|[of] p1a: Pelipper
|move|p2a: Talonflame|Flare Blitz|p1a: Pelipper
|-resisted|p1a: Pelipper
|-damage|p1a: Pelipper|87/100
|-damage|p2a: Talonflame|95/100|[from] Recoil
|
|-weather|RainDance|[upkeep]
|upkeep
|turn|7
|
|t:|1760728803
|switch|p2a: Slowking|Slowking, F|77/100
|move|p1a: Pelipper|U-turn|p2a: Slowking
|-supereffective|p2a: Slowking
|-damage|p2a: Slowking|60/100
|
|t:|1760728806
|switch|p1a: Raging Bolt|Raging Bolt|100/100|[from] U-turn
|
|-weather|RainDance|[upkeep]
|upkeep
|turn|8
|
|t:|1760728825
|-end|p1a: Raging Bolt|Protosynthesis|[silent]
|switch|p1a: Quaquaval|Quaquaval, F|100/100
|switch|p2a: Weezing|Weezing-Galar, M|98/100
|-ability|p2a: Weezing|Neutralizing Gas
|
|-weather|RainDance|[upkeep]
|upkeep
|turn|9
|
|t:|1760728828
|-terastallize|p1a: Quaquaval|Water
|move|p1a: Quaquaval|Aqua Step|p2a: Weezing
|-crit|p2a: Weezing
|-damage|p2a: Weezing|0 fnt
|-boost|p1a: Quaquaval|spe|1
|faint|p2a: Weezing
|-end|p2a: Weezing|ability: Neutralizing Gas
|-ability|p1a: Quaquaval|Moxie|boost
|-boost|p1a: Quaquaval|atk|1
|
|-weather|RainDance|[upkeep]
|upkeep
|
|t:|1760728841
|switch|p2a: Alomomola|Alomomola, M|100/100
|turn|10
|
|t:|1760728843
|move|p1a: Quaquaval|Aqua Step|p2a: Alomomola
|-resisted|p2a: Alomomola
|-damage|p2a: Alomomola|48/100
|-boost|p1a: Quaquaval|spe|1
|move|p2a: Alomomola|Wish|p2a: Alomomola
|
|-weather|RainDance|[upkeep]
|upkeep
|turn|11
|
|t:|1760728846
|move|p2a: Alomomola|Protect|p2a: Alomomola
|-singleturn|p2a: Alomomola|Protect
|move|p1a: Quaquaval|Aqua Step|p2a: Alomomola
|-activate|p2a: Alomomola|move: Protect
|
|-weather|RainDance|[upkeep]
|-heal|p2a: Alomomola|98/100|[from] move: Wish|[wisher] Alomomola
|upkeep
|turn|12
|
|t:|1760728848
|move|p1a: Quaquaval|Aqua Step|p2a: Alomomola
|-resisted|p2a: Alomomola
|-damage|p2a: Alomomola|45/100
|-boost|p1a: Quaquaval|spe|1
|move|p2a: Alomomola|Wish|p2a: Alomomola
|
|-weather|RainDance|[upkeep]
|upkeep
|turn|13
|
|t:|1760728855
|switch|p1a: Raging Bolt|Raging Bolt|100/100
|move|p2a: Alomomola|Protect||[still]
|-fail|p2a: Alomomola
|
|-weather|none
|-heal|p2a: Alomomola|95/100|[from] move: Wish|[wisher] Alomomola
|upkeep
|turn|14
|
|t:|1760728860
|-end|p1a: Raging Bolt|Protosynthesis|[silent]
|switch|p1a: Pelipper|Pelipper, M|87/100
|-weather|RainDance|[from] ability: Drizzle|[of] p1a: Pelipper
|switch|p2a: Iron Treads|Iron Treads|100/100
|
|-weather|RainDance|[upkeep]
|upkeep
|turn|15
|
|t:|1760728864
|move|p2a: Iron Treads|Stealth Rock|p1a: Pelipper
|-sidestart|p1: hamoodhabibihamood|move: Stealth Rock
|move|p1a: Pelipper|Hydro Pump|p2a: Iron Treads
|-supereffective|p2a: Iron Treads
|-damage|p2a: Iron Treads|8/100
|
|-weather|RainDance|[upkeep]
|-heal|p2a: Iron Treads|14/100|[from] item: Leftovers
|upkeep
|turn|16
|
|t:|1760728870
|-end|p2a: Iron Treads|Quark Drive|[silent]
|switch|p2a: Slowking|Slowking, F|93/100
|switch|p1a: Corviknight|Corviknight, F|95/100
|-damage|p1a: Corviknight|82/100|[from] Stealth Rock
|-ability|p1a: Corviknight|Pressure
|
|-weather|RainDance|[upkeep]
|upkeep
|turn|17
|
|t:|1760728874
|move|p1a: Corviknight|Defog|p2a: Slowking
|-unboost|p2a: Slowking|evasion|1
|-sideend|p1: hamoodhabibihamood|Stealth Rock|[from] move: Defog|[of] p1a: Corviknight
|move|p2a: Slowking|Scald|p1a: Corviknight
|-damage|p1a: Corviknight|45/100
|
|-weather|RainDance|[upkeep]
|upkeep
|turn|18
|
|t:|1760728877
|move|p1a: Corviknight|Roost|p1a: Corviknight
|-heal|p1a: Corviknight|95/100
|-singleturn|p1a: Corviknight|move: Roost
|move|p2a: Slowking|Scald|p1a: Corviknight
|-damage|p1a: Corviknight|53/100
|-status|p1a: Corviknight|brn
|
|-weather|RainDance|[upkeep]
|-damage|p1a: Corviknight|47/100 brn|[from] brn
|upkeep
|turn|19
|
|t:|1760728879
|move|p1a: Corviknight|Roost|p1a: Corviknight
|-heal|p1a: Corviknight|97/100 brn
|-singleturn|p1a: Corviknight|move: Roost
|move|p2a: Slowking|Psychic Noise|p1a: Corviknight
|-resisted|p1a: Corviknight
|-damage|p1a: Corviknight|85/100 brn
|-start|p1a: Corviknight|move: Heal Block
|
|-weather|RainDance|[upkeep]
|-damage|p1a: Corviknight|79/100 brn|[from] brn
|upkeep
|turn|20
|
|t:|1760728887
|switch|p1a: Raging Bolt|Raging Bolt|100/100
|move|p2a: Slowking|Thunder Wave|p1a: Raging Bolt
|-immune|p1a: Raging Bolt
|
|-weather|RainDance|[upkeep]
|upkeep
|turn|21
|
|t:|1760728895
|switch|p2a: Iron Treads|Iron Treads|14/100
|move|p1a: Raging Bolt|Draco Meteor|p2a: Iron Treads|[miss]
|-miss|p1a: Raging Bolt|p2a: Iron Treads
|
|-weather|none
|-heal|p2a: Iron Treads|20/100|[from] item: Leftovers
|upkeep
|turn|22
|
|t:|1760728906
|-end|p1a: Raging Bolt|Protosynthesis|[silent]
|switch|p1a: Pelipper|Pelipper, M|87/100
|-weather|RainDance|[from] ability: Drizzle|[of] p1a: Pelipper
|move|p2a: Iron Treads|Stealth Rock|p1a: Pelipper
|-sidestart|p1: hamoodhabibihamood|move: Stealth Rock
|
|-weather|RainDance|[upkeep]
|-heal|p2a: Iron Treads|26/100|[from] item: Leftovers
|upkeep
|turn|23
|
|t:|1760728912
|move|p2a: Iron Treads|Knock Off|p1a: Pelipper
|-damage|p1a: Pelipper|68/100
|-enditem|p1a: Pelipper|Damp Rock|[from] move: Knock Off|[of] p2a: Iron Treads
|move|p1a: Pelipper|U-turn|p2a: Iron Treads
|-resisted|p2a: Iron Treads
|-damage|p2a: Iron Treads|23/100
|
|t:|1760728914
|switch|p1a: Corviknight|Corviknight, F|79/100 brn|[from] U-turn
|-damage|p1a: Corviknight|66/100 brn|[from] Stealth Rock
|-ability|p1a: Corviknight|Pressure
|
|-weather|RainDance|[upkeep]
|-heal|p2a: Iron Treads|29/100|[from] item: Leftovers
|-damage|p1a: Corviknight|60/100 brn|[from] brn
|upkeep
|turn|24
|
|t:|1760728923
|-end|p2a: Iron Treads|Quark Drive|[silent]
|switch|p2a: Alomomola|Alomomola, M|100/100
|move|p1a: Corviknight|Body Press|p2a: Alomomola
|-crit|p2a: Alomomola
|-damage|p2a: Alomomola|90/100
|
|-weather|RainDance|[upkeep]
|-damage|p1a: Corviknight|54/100 brn|[from] brn
|upkeep
|turn|25
|
|t:|1760728931
|move|p1a: Corviknight|Defog|p2a: Alomomola
|-unboost|p2a: Alomomola|evasion|1
|-sideend|p1: hamoodhabibihamood|Stealth Rock|[from] move: Defog|[of] p1a: Corviknight
|move|p2a: Alomomola|Flip Turn|p1a: Corviknight
|-damage|p1a: Corviknight|40/100 brn
|
|t:|1760728938
|switch|p2a: Meowscarada|Meowscarada, M|84/100|[from] Flip Turn
|
|-weather|RainDance|[upkeep]
|-damage|p1a: Corviknight|34/100 brn|[from] brn
|upkeep
|turn|26
|
|t:|1760728941
|move|p2a: Meowscarada|Triple Axel|p1a: Corviknight
|-start|p2a: Meowscarada|typechange|Ice|[from] ability: Protean
|-damage|p1a: Corviknight|25/100 brn
|-damage|p1a: Corviknight|8/100 brn
|-damage|p1a: Corviknight|0 fnt
|faint|p1a: Corviknight
|-hitcount|p1: Corviknight|3
|
|-weather|RainDance|[upkeep]
|upkeep
|
|t:|1760728947
|switch|p1a: Walking Wake|Walking Wake|88/100 brn
|turn|27
|
|t:|1760728953
|move|p2a: Meowscarada|Triple Axel|p1a: Walking Wake|[miss]
|-miss|p2a: Meowscarada|p1a: Walking Wake
|move|p1a: Walking Wake|Draco Meteor|p2a: Meowscarada
|-damage|p2a: Meowscarada|0 fnt
|-unboost|p1a: Walking Wake|spa|2
|faint|p2a: Meowscarada
|
|-weather|RainDance|[upkeep]
|-damage|p1a: Walking Wake|82/100 brn|[from] brn
|upkeep
|c|☆Havestol|ffs
|c|☆Havestol|im banded
|c|☆Havestol|shit game
|c|☆hamoodhabibihamood|thats tuff
|c|☆hamoodhabibihamood|just be better gng ur team is bootie
|inactive|Havestol has 120 seconds left.
|c|☆Havestol|your plays are worse go scizor dipshit
|c|☆Havestol|GG!
|
|t:|1760729004
|switch|p2a: Talonflame|Talonflame, F|95/100
|turn|28
|
|t:|1760729008
|-end|p1a: Walking Wake|Protosynthesis|[silent]
|switch|p1a: Pelipper|Pelipper, M|68/100
|-terastallize|p2a: Talonflame|Flying
|move|p2a: Talonflame|Brave Bird|p1a: Pelipper
|-damage|p1a: Pelipper|0 fnt
|faint|p1a: Pelipper
|-damage|p2a: Talonflame|71/100|[from] Recoil
|
|-weather|RainDance|[upkeep]
|upkeep
|
|t:|1760729012
|switch|p1a: Quaquaval|Quaquaval, F, tera:Water|100/100
|turn|29
|
|t:|1760729016
|switch|p2a: Alomomola|Alomomola, M|100/100
|move|p1a: Quaquaval|Aqua Jet|p2a: Alomomola
|-resisted|p2a: Alomomola
|-damage|p2a: Alomomola|83/100
|
|-weather|none
|upkeep
|turn|30
|c|☆hamoodhabibihamood|im saving him
|
|t:|1760729024
|switch|p1a: Raging Bolt|Raging Bolt|100/100
|move|p2a: Alomomola|Wish|p2a: Alomomola
|
|upkeep
|turn|31
|
|t:|1760729035
|move|p1a: Raging Bolt|Draco Meteor|p2a: Alomomola
|-damage|p2a: Alomomola|0 fnt
|-unboost|p1a: Raging Bolt|spa|2
|faint|p2a: Alomomola
|
|upkeep
|
|t:|1760729040
|switch|p2a: Iron Treads|Iron Treads|29/100
|turn|32
|c|☆hamoodhabibihamood|cookies
|
|t:|1760729044
|-end|p1a: Raging Bolt|Protosynthesis|[silent]
|switch|p1a: Walking Wake|Walking Wake|82/100 brn
|move|p2a: Iron Treads|Earthquake|p1a: Walking Wake
|-crit|p1a: Walking Wake
|-damage|p1a: Walking Wake|23/100 brn
|
|-heal|p2a: Iron Treads|35/100|[from] item: Leftovers
|-damage|p1a: Walking Wake|16/100 brn|[from] brn
|upkeep
|turn|33
|
|t:|1760729052
|-end|p2a: Iron Treads|Quark Drive|[silent]
|switch|p2a: Slowking|Slowking, F|100/100
|move|p1a: Walking Wake|Hydro Pump|p2a: Slowking
|-resisted|p2a: Slowking
|-damage|p2a: Slowking|74/100
|
|-damage|p1a: Walking Wake|10/100 brn|[from] brn
|upkeep
|turn|34
|
|t:|1760729060
|move|p1a: Walking Wake|Hydro Pump|p2a: Slowking
|-resisted|p2a: Slowking
|-damage|p2a: Slowking|51/100
|-prepare|p2a: Slowking|Chilly Reception|[premajor]
|move|p2a: Slowking|Chilly Reception|p2a: Slowking
|-weather|Snowscape
|
|t:|1760729066
|switch|p2a: Talonflame|Talonflame, F, tera:Flying|71/100|[from] Chilly Reception
|
|-weather|Snowscape|[upkeep]
|-damage|p1a: Walking Wake|4/100 brn|[from] brn
|upkeep
|turn|35
|
|t:|1760729070
|move|p2a: Talonflame|U-turn|p1a: Walking Wake
|-damage|p1a: Walking Wake|0 fnt
|faint|p1a: Walking Wake
|-end|p1a: Walking Wake|Protosynthesis|[silent]
|
|t:|1760729075
|switch|p2a: Iron Treads|Iron Treads|35/100|[from] U-turn
|
|-weather|Snowscape|[upkeep]
|-heal|p2a: Iron Treads|41/100|[from] item: Leftovers
|upkeep
|
|t:|1760729077
|switch|p1a: Quaquaval|Quaquaval, F, tera:Water|100/100
|turn|36
|
|t:|1760729082
|-end|p2a: Iron Treads|Quark Drive|[silent]
|switch|p2a: Slowking|Slowking, F|84/100
|move|p1a: Quaquaval|U-turn|p2a: Slowking
|-supereffective|p2a: Slowking
|-damage|p2a: Slowking|2/100
|
|t:|1760729090
|switch|p1a: Raging Bolt|Raging Bolt|100/100|[from] U-turn
|
|-weather|Snowscape|[upkeep]
|upkeep
|turn|37
|c|☆Havestol|see you lost if i hit
|
|t:|1760729102
|move|p1a: Raging Bolt|Draco Meteor|p2a: Slowking
|-crit|p2a: Slowking
|-damage|p2a: Slowking|0 fnt
|-unboost|p1a: Raging Bolt|spa|2
|faint|p2a: Slowking
|
|-weather|Snowscape|[upkeep]
|upkeep
|
|t:|1760729104
|switch|p2a: Iron Treads|Iron Treads|41/100
|turn|38
|
|t:|1760729106
|-end|p1a: Raging Bolt|Protosynthesis|[silent]
|switch|p1a: Quaquaval|Quaquaval, F, tera:Water|100/100
|move|p2a: Iron Treads|Earthquake|p1a: Quaquaval
|-damage|p1a: Quaquaval|53/100
|
|-weather|none
|-heal|p2a: Iron Treads|47/100|[from] item: Leftovers
|upkeep
|turn|39
|c|☆hamoodhabibihamood|nope
|c|☆Havestol|def did
|c|☆Havestol|wake dead
|c|☆hamoodhabibihamood|u lost 5v6 gng
|c|☆Havestol|no rain
|c|☆hamoodhabibihamood|i didnt use scizor once LMAO
|inactive|Havestol has 120 seconds left.
|c|☆Havestol|youre a brainlet
|c|☆Havestol|i heal talon it kills sciz
|inactive|Havestol has 90 seconds left.
|c|☆Havestol|my team might be ass but youre def worse
|c|☆hamoodhabibihamood|believe it or not one SD on that sciz and talon is gettin OHKOd
|c|☆Havestol|get off the game
|c|☆Havestol|im not letting it sd dip shit
|-message|Havestol forfeited.
|
|win|hamoodhabibihamood
