|j|☆ineverhaxed
|j|☆Chris6497
|t:|1760796666
|gametype|singles
|player|p1|ineverhaxed|101|1405
|player|p2|Chris6497|koga|1417
|gen|9
|tier|[Gen 9] OU
|rated|
|rule|HP Percentage Mod: HP is shown in percentages
|rule|Endless Battle Clause: Forcing endless battles is banned
|rule|Species Clause: Limit one of each Pokémon
|rule|OHKO Clause: OHKO moves are banned
|rule|Evasion Items Clause: Evasion items are banned
|rule|Evasion Moves Clause: Evasion moves are banned
|rule|Evasion Abilities Clause: Evasion abilities are banned
|rule|Sleep Moves Clause: Sleep-inducing moves are banned
|clearpoke
|poke|p1|Illumise, F|
|poke|p1|Cloyster, M|
|poke|p1|Blissey, F|
|poke|p1|Darkrai|
|poke|p1|Cinderace, F|
|poke|p1|Lokix, F|
|poke|p2|Ogerpon-Wellspring, F|
|poke|p2|Gholdengo|
|poke|p2|Moltres|
|poke|p2|Dragonite, M|
|poke|p2|Great Tusk|
|poke|p2|Slowking-Galar, F|
|teampreview
|inactive|Battle timer is ON: inactive players will automatically lose when time's up. (requested by Chris6497)
|
|t:|1760796679
|teamsize|p1|6
|teamsize|p2|6
|start
|switch|p1a: Darkrai|Darkrai|100/100
|switch|p2a: Moltres|Moltres|100/100
|turn|1
|inactive|Chris6497 has 120 seconds left.
|
|t:|1760796714
|move|p1a: Darkrai|Trick|p2a: Moltres
|-activate|p1a: Darkrai|move: Trick|[of] p2a: Moltres
|-item|p2a: Moltres|Choice Scarf|[from] move: Trick
|-item|p1a: Darkrai|Heavy-Duty Boots|[from] move: Trick
|move|p2a: Moltres|U-turn|p1a: Darkrai
|-supereffective|p1a: Darkrai
|-damage|p1a: Darkrai|64/100
|
|t:|1760796716
|switch|p2a: Ogerpon|Ogerpon-Wellspring, F|100/100|[from] U-turn
|
|upkeep
|turn|2
|
|t:|1760796725
|move|p1a: Darkrai|Dark Pulse|p2a: Ogerpon
|-damage|p2a: Ogerpon|49/100
|move|p2a: Ogerpon|Trailblaze|p1a: Darkrai
|-damage|p1a: Darkrai|27/100
|-boost|p2a: Ogerpon|spe|1
|
|upkeep
|turn|3
|
|t:|1760796731
|move|p2a: Ogerpon|Synthesis|p2a: Ogerpon
|-heal|p2a: Ogerpon|99/100
|move|p1a: Darkrai|Dark Pulse|p2a: Ogerpon
|-damage|p2a: Ogerpon|48/100
|
|upkeep
|turn|4
|
|t:|1760796734
|move|p2a: Ogerpon|Ivy Cudgel|p1a: Darkrai|[anim] Ivy Cudgel Water
|-crit|p1a: Darkrai
|-damage|p1a: Darkrai|0 fnt
|faint|p1a: Darkrai
|
|upkeep
|
|t:|1760796737
|switch|p1a: Lokix|Lokix, F|100/100
|turn|5
|
|t:|1760796741
|switch|p2a: Moltres|Moltres|100/100
|move|p1a: Lokix|U-turn|p2a: Moltres
|-resisted|p2a: Moltres
|-damage|p2a: Moltres|88/100
|
|t:|1760796744
|switch|p1a: Cinderace|Cinderace, F|100/100|[from] U-turn
|
|upkeep
|turn|6
|
|t:|1760796748
|move|p1a: Cinderace|Will-O-Wisp|p2a: Moltres
|-immune|p2a: Moltres
|move|p2a: Moltres|U-turn|p1a: Cinderace
|-resisted|p1a: Cinderace
|-crit|p1a: Cinderace
|-damage|p1a: Cinderace|88/100
|-enditem|p1a: Cinderace|Red Card|[of] p2a: Moltres
|drag|p2a: Slowking|Slowking-Galar, F|100/100
|
|upkeep
|turn|7
|
|t:|1760796753
|switch|p2a: Moltres|Moltres|88/100
|move|p1a: Cinderace|Acrobatics|p2a: Moltres
|-start|p1a: Cinderace|typechange|Flying|[from] ability: Libero
|-damage|p2a: Moltres|51/100
|
|upkeep
|turn|8
|
|t:|1760796756
|move|p1a: Cinderace|Acrobatics|p2a: Moltres
|-damage|p2a: Moltres|17/100
|-status|p1a: Cinderace|brn|[from] ability: Flame Body|[of] p2a: Moltres
|move|p2a: Moltres|U-turn|p1a: Cinderace
|-resisted|p1a: Cinderace
|-damage|p1a: Cinderace|80/100 brn
|
|t:|1760796765
|switch|p2a: Slowking|Slowking-Galar, F|100/100|[from] U-turn
|
|-damage|p1a: Cinderace|74/100 brn|[from] brn
|upkeep
|turn|9
|
|t:|1760796769
|move|p1a: Cinderace|Will-O-Wisp|p2a: Slowking
|-status|p2a: Slowking|brn
|-prepare|p2a: Slowking|Chilly Reception|[premajor]
|move|p2a: Slowking|Chilly Reception|p2a: Slowking
|-weather|Snowscape
|
|t:|1760796771
|switch|p2a: Moltres|Moltres|17/100|[from] Chilly Reception
|
|-weather|Snowscape|[upkeep]
|-damage|p1a: Cinderace|68/100 brn|[from] brn
|upkeep
|turn|10
|
|t:|1760796778
|switch|p1a: Cloyster|Cloyster, M|100/100
|move|p2a: Moltres|Roost|p2a: Moltres
|-heal|p2a: Moltres|67/100
|-singleturn|p2a: Moltres|move: Roost
|
|-weather|Snowscape|[upkeep]
|upkeep
|turn|11
|
|t:|1760796781
|switch|p2a: Gholdengo|Gholdengo|100/100
|move|p1a: Cloyster|Shell Smash|p1a: Cloyster
|-unboost|p1a: Cloyster|def|1
|-unboost|p1a: Cloyster|spd|1
|-boost|p1a: Cloyster|atk|2
|-boost|p1a: Cloyster|spa|2
|-boost|p1a: Cloyster|spe|2
|
|-weather|Snowscape|[upkeep]
|upkeep
|turn|12
|
|t:|1760796784
|-terastallize|p1a: Cloyster|Ghost
|move|p1a: Cloyster|Tera Blast|p2a: Gholdengo|[anim] Tera Blast Ghost
|-supereffective|p2a: Gholdengo
|-damage|p2a: Gholdengo|0 fnt
|faint|p2a: Gholdengo
|
|-weather|Snowscape|[upkeep]
|upkeep
|
|t:|1760796786
|switch|p2a: Slowking|Slowking-Galar, F|100/100 brn
|turn|13
|
|t:|1760796796
|-terastallize|p2a: Slowking|Water
|move|p1a: Cloyster|Icicle Spear|p2a: Slowking
|-resisted|p2a: Slowking
|-damage|p2a: Slowking|92/100 brn
|-resisted|p2a: Slowking
|-damage|p2a: Slowking|83/100 brn
|-resisted|p2a: Slowking
|-damage|p2a: Slowking|75/100 brn
|-resisted|p2a: Slowking
|-damage|p2a: Slowking|67/100 brn
|-resisted|p2a: Slowking
|-damage|p2a: Slowking|58/100 brn
|-hitcount|p2a: Slowking|5
|move|p2a: Slowking|Ice Beam|p1a: Cloyster
|-damage|p1a: Cloyster|13/100
|
|-weather|none
|-damage|p2a: Slowking|52/100 brn|[from] brn
|upkeep
|turn|14
|
|t:|1760796804
|switch|p2a: Moltres|Moltres|67/100
|move|p1a: Cloyster|Tera Blast|p2a: Moltres|[anim] Tera Blast Ghost
|-damage|p2a: Moltres|14/100
|
|upkeep
|turn|15
|
|t:|1760796811
|move|p1a: Cloyster|Tera Blast|p2a: Moltres|[anim] Tera Blast Ghost
|-damage|p2a: Moltres|0 fnt
|faint|p2a: Moltres
|
|upkeep
|
|t:|1760796813
|switch|p2a: Slowking|Slowking-Galar, F, tera:Water|86/100 brn
|turn|16
|
|t:|1760796819
|move|p1a: Cloyster|Tera Blast|p2a: Slowking|[anim] Tera Blast Ghost
|-damage|p2a: Slowking|34/100 brn
|move|p2a: Slowking|Sludge Bomb|p1a: Cloyster
|-resisted|p1a: Cloyster
|-damage|p1a: Cloyster|0 fnt
|faint|p1a: Cloyster
|
|-damage|p2a: Slowking|28/100 brn|[from] brn
|upkeep
|
|t:|1760796825
|switch|p1a: Lokix|Lokix, F|100/100
|turn|17
|
|t:|1760796829
|switch|p2a: Great Tusk|Great Tusk|100/100
|move|p1a: Lokix|U-turn|p2a: Great Tusk
|-resisted|p2a: Great Tusk
|-damage|p2a: Great Tusk|76/100
|
|t:|1760796834
|switch|p1a: Blissey|Blissey, F|100/100|[from] U-turn
|
|upkeep
|turn|18
|
|t:|1760796838
|move|p2a: Great Tusk|Stealth Rock|p1a: Blissey
|-sidestart|p1: ineverhaxed|move: Stealth Rock
|move|p1a: Blissey|Ice Beam|p2a: Great Tusk
|-supereffective|p2a: Great Tusk
|-damage|p2a: Great Tusk|12/100
|
|upkeep
|turn|19
|
|t:|1760796842
|move|p2a: Great Tusk|Close Combat|p1a: Blissey
|-supereffective|p1a: Blissey
|-damage|p1a: Blissey|0 fnt
|-unboost|p2a: Great Tusk|def|1
|-unboost|p2a: Great Tusk|spd|1
|faint|p1a: Blissey
|
|upkeep
|
|t:|1760796846
|switch|p1a: Cinderace|Cinderace, F|68/100 brn
|-damage|p1a: Cinderace|43/100 brn|[from] Stealth Rock
|turn|20
|
|t:|1760796848
|move|p1a: Cinderace|Court Change|p1a: Cinderace
|-start|p1a: Cinderace|typechange|Normal|[from] ability: Libero
|-swapsideconditions
|-activate|p1a: Cinderace|move: Court Change
|move|p2a: Great Tusk|Rapid Spin|p1a: Cinderace
|-damage|p1a: Cinderace|20/100 brn
|-boost|p2a: Great Tusk|spe|1
|-sideend|p2: Chris6497|Stealth Rock|[from] move: Rapid Spin|[of] p2a: Great Tusk
|
|-damage|p1a: Cinderace|14/100 brn|[from] brn
|upkeep
|turn|21
|
|t:|1760796854
|move|p1a: Cinderace|Sucker Punch||[still]
|-fail|p1a: Cinderace
|move|p2a: Great Tusk|Stealth Rock|p1a: Cinderace
|-sidestart|p1: ineverhaxed|move: Stealth Rock
|
|-damage|p1a: Cinderace|8/100 brn|[from] brn
|upkeep
|turn|22
|
|t:|1760796857
|move|p2a: Great Tusk|Close Combat|p1a: Cinderace
|-supereffective|p1a: Cinderace
|-damage|p1a: Cinderace|0 fnt
|-unboost|p2a: Great Tusk|def|1
|-unboost|p2a: Great Tusk|spd|1
|faint|p1a: Cinderace
|
|upkeep
|-message|ineverhaxed forfeited.
|
|win|Chris6497
|raw|ineverhaxed's rating: 1405 &rarr; <strong>1386</strong><br />(-19 for losing)
|raw|Chris6497's rating: 1417 &rarr; <strong>1436</strong><br />(+19 for winning)
|l|☆ineverhaxed
|player|p1|
