|j|☆Dio Made In Heaven
|j|☆capitolg
|t:|1760862025
|gametype|singles
|player|p1|Dio Made In Heaven|169|1150
|player|p2|capitolg|bellelba|1159
|gen|9
|tier|[Gen 9] OU
|rated|
|rule|HP Percentage Mod: HP is shown in percentages
|rule|Endless Battle Clause: Forcing endless battles is banned
|rule|Species Clause: Limit one of each Pokémon
|rule|OHKO Clause: OHKO moves are banned
|rule|Evasion Items Clause: Evasion items are banned
|rule|Evasion Moves Clause: Evasion moves are banned
|rule|Evasion Abilities Clause: Evasion abilities are banned
|rule|Sleep Moves Clause: Sleep-inducing moves are banned
|clearpoke
|poke|p1|Blaziken, F|
|poke|p1|Great Tusk|
|poke|p1|Whimsicott, M|
|poke|p1|Alomomola, F|
|poke|p1|Pecharunt|
|poke|p1|Scizor, M|
|poke|p2|Vikavolt, F|
|poke|p2|Gothitelle, M|
|poke|p2|Smeargle, M|
|poke|p2|Empoleon, F|
|poke|p2|Passimian, M|
|poke|p2|Dusknoir, M|
|teampreview
|inactive|Battle timer is ON: inactive players will automatically lose when time's up. (requested by Dio Made In Heaven)
|
|t:|1760862079
|teamsize|p1|6
|teamsize|p2|6
|start
|switch|p1a: Blaziken|Blaziken, F, shiny|100/100
|switch|p2a: Vikavolt|Vikavolt, F|100/100
|turn|1
|
|t:|1760862088
|move|p1a: Blaziken|Focus Energy|p1a: Blaziken
|-start|p1a: Blaziken|move: Focus Energy
|move|p2a: Vikavolt|Sticky Web|p1a: Blaziken
|-sidestart|p1: Dio Made In Heaven|move: Sticky Web
|
|-ability|p1a: Blaziken|Speed Boost|boost
|-boost|p1a: Blaziken|spe|1
|upkeep
|turn|2
|
|t:|1760862091
|move|p1a: Blaziken|Overheat|p2a: Vikavolt
|-supereffective|p2a: Vikavolt
|-crit|p2a: Vikavolt
|-enditem|p2a: Vikavolt|Focus Sash
|-damage|p2a: Vikavolt|1/100
|-unboost|p1a: Blaziken|spa|2
|move|p2a: Vikavolt|Discharge|p1a: Blaziken
|-damage|p1a: Blaziken|30/100
|-status|p1a: Blaziken|par
|
|-ability|p1a: Blaziken|Speed Boost|boost
|-boost|p1a: Blaziken|spe|1
|upkeep
|turn|3
|
|t:|1760862096
|move|p1a: Blaziken|Tera Blast|p2a: Vikavolt
|-crit|p2a: Vikavolt
|-damage|p2a: Vikavolt|0 fnt
|faint|p2a: Vikavolt
|
|-ability|p1a: Blaziken|Speed Boost|boost
|-boost|p1a: Blaziken|spe|1
|upkeep
|
|t:|1760862098
|switch|p2a: Smeargle|Smeargle, M|100/100
|turn|4
|
|t:|1760862101
|move|p1a: Blaziken|Aura Sphere|p2a: Smeargle
|-supereffective|p2a: Smeargle
|-crit|p2a: Smeargle
|-enditem|p2a: Smeargle|Focus Sash
|-damage|p2a: Smeargle|1/100
|move|p2a: Smeargle|Trick Room|p2a: Smeargle
|-fieldstart|move: Trick Room|[of] p2a: Smeargle
|
|-ability|p1a: Blaziken|Speed Boost|boost
|-boost|p1a: Blaziken|spe|1
|upkeep
|turn|5
|
|t:|1760862105
|switch|p1a: Whimsicott|Whimsicott, M|100/100
|-activate|p1a: Whimsicott|move: Sticky Web
|-unboost|p1a: Whimsicott|spe|1
|move|p2a: Smeargle|Court Change|p2a: Smeargle
|-swapsideconditions
|-activate|p2a: Smeargle|move: Court Change
|
|upkeep
|turn|6
|
|t:|1760862109
|move|p1a: Whimsicott|Encore|p2a: Smeargle
|-start|p2a: Smeargle|Encore
|move|p2a: Smeargle|Court Change|p2a: Smeargle
|-swapsideconditions
|-activate|p2a: Smeargle|move: Court Change
|
|upkeep
|turn|7
|
|t:|1760862116
|move|p1a: Whimsicott|Light Screen|p1a: Whimsicott
|-sidestart|p1: Dio Made In Heaven|move: Light Screen
|move|p2a: Smeargle|Court Change|p2a: Smeargle
|-swapsideconditions
|-activate|p2a: Smeargle|move: Court Change
|
|upkeep
|turn|8
|
|t:|1760862121
|switch|p2a: Dusknoir|Dusknoir, M|100/100
|-activate|p2a: Dusknoir|move: Sticky Web
|-unboost|p2a: Dusknoir|spe|1
|-ability|p2a: Dusknoir|Pressure
|move|p1a: Whimsicott|Encore||[still]
|-fail|p1a: Whimsicott
|
|-fieldend|move: Trick Room
|upkeep
|turn|9
|
|t:|1760862130
|move|p1a: Whimsicott|Memento|p2a: Dusknoir
|-unboost|p2a: Dusknoir|atk|2
|-unboost|p2a: Dusknoir|spa|2
|faint|p1a: Whimsicott
|move|p2a: Dusknoir|Poltergeist|p1: Whimsicott|[notarget]
|-fail|p2a: Dusknoir
|
|upkeep
|
|t:|1760862139
|switch|p1a: Scizor|Scizor, M|100/100
|turn|10
|
|t:|1760862141
|switch|p2a: Smeargle|Smeargle, M|1/100
|-activate|p2a: Smeargle|move: Sticky Web
|-unboost|p2a: Smeargle|spe|1
|move|p1a: Scizor|Swords Dance|p1a: Scizor
|-boost|p1a: Scizor|atk|2
|
|upkeep
|turn|11
|
|t:|1760862147
|move|p2a: Smeargle|Burning Bulwark|p2a: Smeargle
|-singleturn|p2a: Smeargle|move: Protect
|move|p1a: Scizor|Bullet Punch|p2a: Smeargle
|-activate|p2a: Smeargle|move: Protect
|-status|p1a: Scizor|brn
|
|-damage|p1a: Scizor|94/100 brn|[from] brn
|-sideend|p2: capitolg|move: Light Screen
|upkeep
|turn|12
|
|t:|1760862175
|move|p1a: Scizor|U-turn|p2a: Smeargle
|-damage|p2a: Smeargle|0 fnt
|faint|p2a: Smeargle
|-damage|p1a: Scizor|84/100 brn|[from] item: Life Orb
|
|t:|1760862179
|switch|p1a: Blaziken|Blaziken, F, shiny|30/100 par|[from] U-turn
|
|upkeep
|
|t:|1760862181
|switch|p2a: Dusknoir|Dusknoir, M|100/100
|-activate|p2a: Dusknoir|move: Sticky Web
|-unboost|p2a: Dusknoir|spe|1
|-ability|p2a: Dusknoir|Pressure
|turn|13
|
|t:|1760862183
|move|p1a: Blaziken|Overheat|p2a: Dusknoir
|-damage|p2a: Dusknoir|42/100
|-unboost|p1a: Blaziken|spa|2
|move|p2a: Dusknoir|Trick Room|p2a: Dusknoir
|-fieldstart|move: Trick Room|[of] p2a: Dusknoir
|
|-ability|p1a: Blaziken|Speed Boost|boost
|-boost|p1a: Blaziken|spe|1
|upkeep
|turn|14
|
|t:|1760862191
|switch|p1a: Alomomola|Alomomola, F|100/100
|move|p2a: Dusknoir|Poltergeist|p1a: Alomomola
|-activate|p1a: Alomomola|move: Poltergeist|Rocky Helmet
|-damage|p1a: Alomomola|72/100
|
|upkeep
|turn|15
|
|t:|1760862198
|move|p2a: Dusknoir|Poltergeist|p1a: Alomomola
|-activate|p1a: Alomomola|move: Poltergeist|Rocky Helmet
|-damage|p1a: Alomomola|45/100
|move|p1a: Alomomola|Wish|p1a: Alomomola
|
|upkeep
|turn|16
|
|t:|1760862203
|move|p1a: Alomomola|Protect|p1a: Alomomola
|-singleturn|p1a: Alomomola|Protect
|move|p2a: Dusknoir|Poltergeist|p1a: Alomomola
|-activate|p1a: Alomomola|move: Protect
|
|-heal|p1a: Alomomola|95/100|[from] move: Wish|[wisher] Alomomola
|upkeep
|turn|17
|
|t:|1760862206
|move|p2a: Dusknoir|Poltergeist|p1a: Alomomola|[miss]
|-miss|p2a: Dusknoir|p1a: Alomomola
|move|p1a: Alomomola|Wish|p1a: Alomomola
|
|-fieldend|move: Trick Room
|upkeep
|turn|18
|
|t:|1760862210
|move|p1a: Alomomola|Scald|p2a: Dusknoir
|-damage|p2a: Dusknoir|30/100
|-status|p2a: Dusknoir|brn
|move|p2a: Dusknoir|Poltergeist|p1a: Alomomola
|-activate|p1a: Alomomola|move: Poltergeist|Rocky Helmet
|-crit|p1a: Alomomola
|-damage|p1a: Alomomola|76/100
|
|-heal|p1a: Alomomola|100/100|[from] move: Wish|[wisher] Alomomola
|-damage|p2a: Dusknoir|24/100 brn|[from] brn
|upkeep
|turn|19
|
|t:|1760862214
|move|p1a: Alomomola|Wish|p1a: Alomomola
|move|p2a: Dusknoir|Trick Room|p2a: Dusknoir
|-fieldstart|move: Trick Room|[of] p2a: Dusknoir
|
|-damage|p2a: Dusknoir|18/100 brn|[from] brn
|upkeep
|turn|20
|
|t:|1760862219
|move|p2a: Dusknoir|Poltergeist|p1a: Alomomola
|-activate|p1a: Alomomola|move: Poltergeist|Rocky Helmet
|-damage|p1a: Alomomola|88/100
|move|p1a: Alomomola|Flip Turn|p2a: Dusknoir
|-damage|p2a: Dusknoir|5/100 brn
|
|t:|1760862226
|switch|p1a: Blaziken|Blaziken, F, shiny|30/100 par|[from] Flip Turn
|
|-heal|p1a: Blaziken|100/100 par|[from] move: Wish|[wisher] Alomomola
|-damage|p2a: Dusknoir|0 fnt|[from] brn
|faint|p2a: Dusknoir
|upkeep
|
|t:|1760862230
|switch|p2a: Empoleon|Empoleon, F|100/100
|-activate|p2a: Empoleon|move: Sticky Web
|-unboost|p2a: Empoleon|spe|1
|-ability|p2a: Empoleon|Competitive|boost
|-boost|p2a: Empoleon|spa|2
|turn|21
|
|t:|1760862238
|switch|p1a: Alomomola|Alomomola, F|100/100
|move|p2a: Empoleon|Surf|p1a: Alomomola
|-resisted|p1a: Alomomola
|-damage|p1a: Alomomola|43/100
|
|upkeep
|turn|22
|
|t:|1760862241
|move|p1a: Alomomola|Protect|p1a: Alomomola
|-singleturn|p1a: Alomomola|Protect
|move|p2a: Empoleon|Grass Knot|p1a: Alomomola
|-activate|p1a: Alomomola|move: Protect
|
|upkeep
|turn|23
|
|t:|1760862256
|switch|p1a: Scizor|Scizor, M|84/100 brn
|move|p2a: Empoleon|Grass Knot|p1a: Scizor
|-resisted|p1a: Scizor
|-damage|p1a: Scizor|65/100 brn
|
|-damage|p1a: Scizor|59/100 brn|[from] brn
|-fieldend|move: Trick Room
|upkeep
|turn|24
|
|t:|1760862265
|move|p1a: Scizor|Bullet Punch|p2a: Empoleon
|-resisted|p2a: Empoleon
|-damage|p2a: Empoleon|94/100
|-damage|p1a: Scizor|49/100 brn|[from] item: Life Orb
|move|p2a: Empoleon|Surf|p1a: Scizor
|-damage|p1a: Scizor|0 fnt
|faint|p1a: Scizor
|
|upkeep
|
|t:|1760862271
|switch|p1a: Great Tusk|Great Tusk|100/100
|turn|25
|
|t:|1760862278
|switch|p2a: Passimian|Passimian, M|100/100
|-activate|p2a: Passimian|move: Sticky Web
|-unboost|p2a: Passimian|spe|1
|-ability|p2a: Passimian|Defiant|boost
|-boost|p2a: Passimian|atk|2
|move|p1a: Great Tusk|Close Combat|p2a: Passimian
|-damage|p2a: Passimian|44/100
|-unboost|p1a: Great Tusk|def|1
|-unboost|p1a: Great Tusk|spd|1
|
|upkeep
|turn|26
|
|t:|1760862282
|move|p2a: Passimian|Quick Attack|p1a: Great Tusk
|-damage|p1a: Great Tusk|67/100
|move|p1a: Great Tusk|Close Combat|p2a: Passimian
|-damage|p2a: Passimian|0 fnt
|-unboost|p1a: Great Tusk|def|1
|-unboost|p1a: Great Tusk|spd|1
|faint|p2a: Passimian
|
|upkeep
|
|t:|1760862298
|switch|p2a: Gothitelle|Gothitelle, M|100/100
|-activate|p2a: Gothitelle|move: Sticky Web
|-unboost|p2a: Gothitelle|spe|1
|-ability|p2a: Gothitelle|Competitive|boost
|-boost|p2a: Gothitelle|spa|2
|turn|27
|
|t:|1760862302
|move|p1a: Great Tusk|Knock Off|p2a: Gothitelle
|-supereffective|p2a: Gothitelle
|-crit|p2a: Gothitelle
|-damage|p2a: Gothitelle|0 fnt
|-enditem|p2a: Gothitelle|Leftovers|[from] move: Knock Off|[of] p1a: Great Tusk
|faint|p2a: Gothitelle
|
|upkeep
|inactive|capitolg has 120 seconds left.
|c|☆Dio Made In Heaven|Trick Room sucks in singles
|inactive|capitolg has 90 seconds left.
|inactive|capitolg has 60 seconds left.
|l|☆Dio Made In Heaven
|inactive|Dio Made In Heaven disconnected and has a minute to reconnect!
|player|p1|
|inactive|capitolg has 30 seconds left.
|inactive|capitolg has 20 seconds left.
|inactive|capitolg has 15 seconds left.
|inactive|capitolg has 10 seconds left.
|inactive|capitolg has 5 seconds left.
|-message|capitolg lost due to inactivity.
|
|win|Dio Made In Heaven
|raw|Dio Made In Heaven's rating: 1150 &rarr; <strong>1176</strong><br />(+26 for winning)
|raw|capitolg's rating: 1159 &rarr; <strong>1133</strong><br />(-26 for losing)
