|j|☆asceno_23
|j|☆glormbus' revenge
|t:|1760828298
|gametype|singles
|player|p1|asceno_23|265|1000
|player|p2|glormbus' revenge|lady-gen4|1000
|gen|9
|tier|[Gen 9] OU
|rated|
|rule|HP Percentage Mod: HP is shown in percentages
|rule|Endless Battle Clause: Forcing endless battles is banned
|rule|Species Clause: Limit one of each Pokémon
|rule|OHKO Clause: OHKO moves are banned
|rule|Evasion Items Clause: Evasion items are banned
|rule|Evasion Moves Clause: Evasion moves are banned
|rule|Evasion Abilities Clause: Evasion abilities are banned
|rule|Sleep Moves Clause: Sleep-inducing moves are banned
|clearpoke
|poke|p1|Iron Valiant|
|poke|p1|Gholdengo|
|poke|p1|Rotom-Wash|
|poke|p1|Ting-Lu|
|poke|p1|Great Tusk|
|poke|p1|Corviknight, M|
|poke|p2|Samurott-Hisui, F|
|poke|p2|Ninetales-Alola, F|
|poke|p2|Dragonite, F|
|poke|p2|Great Tusk|
|poke|p2|Gholdengo|
|poke|p2|Iron Valiant|
|teampreview
|
|t:|1760828317
|teamsize|p1|6
|teamsize|p2|6
|start
|switch|p1a: Ting-Lu|Ting-Lu|100/100
|switch|p2a: Samurott|Samurott-Hisui, F, shiny|100/100
|-ability|p1a: Ting-Lu|Vessel of Ruin
|turn|1
|
|t:|1760828331
|move|p2a: Samurott|Ceaseless Edge|p1a: Ting-Lu
|-resisted|p1a: Ting-Lu
|-damage|p1a: Ting-Lu|89/100
|-sidestart|p1: asceno_23|Spikes
|move|p1a: Ting-Lu|Stealth Rock|p2a: Samurott
|-sidestart|p2: glormbus' revenge|move: Stealth Rock
|
|-heal|p1a: Ting-Lu|95/100|[from] item: Leftovers
|upkeep
|turn|2
|
|t:|1760828339
|switch|p2a: Great Tusk|Great Tusk|100/100
|switch|p1a: Rotom|Rotom-Wash|100/100
|
|upkeep
|turn|3
|
|t:|1760828354
|-end|p2a: Great Tusk|Protosynthesis|[silent]
|switch|p2a: Ninetales|Ninetales-Alola, F|100/100
|-damage|p2a: Ninetales|76/100|[from] Stealth Rock
|-weather|Snowscape|[from] ability: Snow Warning|[of] p2a: Ninetales
|move|p1a: Rotom|Hydro Pump|p2a: Ninetales
|-damage|p2a: Ninetales|23/100
|
|-weather|Snowscape|[upkeep]
|upkeep
|turn|4
|
|t:|1760828365
|move|p2a: Ninetales|Aurora Veil|p2a: Ninetales
|-sidestart|p2: glormbus' revenge|move: Aurora Veil
|move|p1a: Rotom|Volt Switch|p2a: Ninetales
|-damage|p2a: Ninetales|8/100
|
|t:|1760828373
|switch|p1a: Corviknight|Corviknight, M|100/100|[from] Volt Switch
|
|-weather|Snowscape|[upkeep]
|upkeep
|turn|5
|
|t:|1760828382
|move|p2a: Ninetales|Freeze-Dry|p1a: Corviknight
|-damage|p1a: Corviknight|76/100
|move|p1a: Corviknight|Iron Defense|p1a: Corviknight
|-boost|p1a: Corviknight|def|2
|
|-weather|Snowscape|[upkeep]
|upkeep
|turn|6
|
|t:|1760828388
|move|p2a: Ninetales|Encore|p1a: Corviknight
|-start|p1a: Corviknight|Encore
|move|p1a: Corviknight|Iron Defense|p1a: Corviknight
|-boost|p1a: Corviknight|def|2
|
|-weather|Snowscape|[upkeep]
|upkeep
|turn|7
|
|t:|1760828398
|switch|p2a: Gholdengo|Gholdengo, shiny|100/100
|-damage|p2a: Gholdengo|94/100|[from] Stealth Rock
|-item|p2a: Gholdengo|Air Balloon
|switch|p1a: Iron Valiant|Iron Valiant|100/100
|-damage|p1a: Iron Valiant|88/100|[from] Spikes
|-enditem|p1a: Iron Valiant|Booster Energy
|-activate|p1a: Iron Valiant|ability: Quark Drive|[fromitem]
|-start|p1a: Iron Valiant|quarkdrivespe
|
|-weather|none
|upkeep
|turn|8
|
|t:|1760828418
|move|p1a: Iron Valiant|Close Combat|p2a: Gholdengo
|-immune|p2a: Gholdengo
|move|p2a: Gholdengo|Nasty Plot|p2a: Gholdengo
|-boost|p2a: Gholdengo|spa|2
|
|upkeep
|turn|9
|
|t:|1760828427
|move|p1a: Iron Valiant|Knock Off|p2a: Gholdengo
|-supereffective|p2a: Gholdengo
|-damage|p2a: Gholdengo|64/100
|-enditem|p2a: Gholdengo|Air Balloon
|move|p2a: Gholdengo|Shadow Ball|p1a: Iron Valiant
|-damage|p1a: Iron Valiant|0 fnt
|faint|p1a: Iron Valiant
|-end|p1a: Iron Valiant|Quark Drive|[silent]
|
|upkeep
|
|t:|1760828440
|switch|p1a: Great Tusk|Great Tusk|100/100
|-damage|p1a: Great Tusk|88/100|[from] Spikes
|-enditem|p1a: Great Tusk|Booster Energy
|-activate|p1a: Great Tusk|ability: Protosynthesis|[fromitem]
|-start|p1a: Great Tusk|protosynthesisatk
|turn|10
|
|t:|1760828455
|-terastallize|p2a: Gholdengo|Fairy
|move|p1a: Great Tusk|Close Combat|p2a: Gholdengo
|-resisted|p2a: Gholdengo
|-damage|p2a: Gholdengo|44/100
|-unboost|p1a: Great Tusk|def|1
|-unboost|p1a: Great Tusk|spd|1
|move|p2a: Gholdengo|Shadow Ball|p1a: Great Tusk
|-damage|p1a: Great Tusk|0 fnt
|faint|p1a: Great Tusk
|-end|p1a: Great Tusk|Protosynthesis|[silent]
|
|upkeep
|
|t:|1760828461
|switch|p1a: Corviknight|Corviknight, M|76/100
|turn|11
|
|t:|1760828465
|move|p2a: Gholdengo|Shadow Ball|p1a: Corviknight
|-damage|p1a: Corviknight|0 fnt
|faint|p1a: Corviknight
|
|-sideend|p2: glormbus' revenge|move: Aurora Veil
|upkeep
|
|t:|1760828469
|switch|p1a: Gholdengo|Gholdengo|100/100
|-damage|p1a: Gholdengo|88/100|[from] Spikes
|turn|12
|-message|asceno_23 forfeited.
|
|win|glormbus' revenge
|raw|asceno_23's rating: 1000 &rarr; <strong>1000</strong><br />(+0 for losing)
|raw|glormbus&apos; revenge's rating: 1000 &rarr; <strong>1040</strong><br />(+40 for winning)
|l|☆asceno_23
|player|p1|
|j| SpellcasterMax
|l| SpellcasterMax
|j| IceTemples
