|j|☆vghhjg
|j|☆Joao V9898
|t:|1760815391
|gametype|singles
|player|p1|vghhjg|1|1697
|player|p2|Joao V9898|n|1687
|gen|9
|tier|[Gen 9] OU
|rated|
|rule|HP Percentage Mod: HP is shown in percentages
|rule|Endless Battle Clause: Forcing endless battles is banned
|rule|Species Clause: Limit one of each Pokémon
|rule|OHKO Clause: OHKO moves are banned
|rule|Evasion Items Clause: Evasion items are banned
|rule|Evasion Moves Clause: Evasion moves are banned
|rule|Evasion Abilities Clause: Evasion abilities are banned
|rule|Sleep Moves Clause: Sleep-inducing moves are banned
|clearpoke
|poke|p1|Ribombee, M|
|poke|p1|Gholdengo|
|poke|p1|Dragonite, F|
|poke|p1|Great Tusk|
|poke|p1|Kingambit, F|
|poke|p1|Comfey, M|
|poke|p2|Indeedee, M|
|poke|p2|Hatterene, F|
|poke|p2|Polteageist-Antique|
|poke|p2|Iron Crown|
|poke|p2|Iron Treads|
|poke|p2|Hawlucha, M|
|teampreview
|inactive|Battle timer is ON: inactive players will automatically lose when time's up. (requested by Joao V9898)
|
|t:|1760815398
|teamsize|p1|6
|teamsize|p2|6
|start
|switch|p1a: Ribombee|Ribombee, M|100/100
|switch|p2a: Iron Treads|Iron Treads|100/100
|-enditem|p2a: Iron Treads|Booster Energy
|-activate|p2a: Iron Treads|ability: Quark Drive|[fromitem]
|-start|p2a: Iron Treads|quarkdrivespe
|turn|1
|c|☆vghhjg|gl hf
|
|t:|1760815404
|move|p2a: Iron Treads|Stealth Rock|p1a: Ribombee
|-sidestart|p1: vghhjg|move: Stealth Rock
|move|p1a: Ribombee|Stun Spore|p2a: Iron Treads
|-status|p2a: Iron Treads|par
|
|upkeep
|turn|2
|
|t:|1760815409
|move|p1a: Ribombee|Sticky Web|p2a: Iron Treads
|-sidestart|p2: Joao V9898|move: Sticky Web
|move|p2a: Iron Treads|Rapid Spin|p1a: Ribombee
|-damage|p1a: Ribombee|76/100
|-boost|p2a: Iron Treads|spe|1
|-sideend|p2: Joao V9898|Sticky Web|[from] move: Rapid Spin|[of] p2a: Iron Treads
|
|upkeep
|turn|3
|
|t:|1760815413
|move|p2a: Iron Treads|Rapid Spin|p1a: Ribombee
|-damage|p1a: Ribombee|50/100
|-boost|p2a: Iron Treads|spe|1
|move|p1a: Ribombee|Skill Swap||[still]
|-fail|p1a: Ribombee
|
|upkeep
|turn|4
|
|t:|1760815423
|switch|p1a: Great Tusk|Great Tusk|100/100
|move|p2a: Iron Treads|Knock Off|p1a: Great Tusk
|-resisted|p1a: Great Tusk
|-damage|p1a: Great Tusk|89/100
|-enditem|p1a: Great Tusk|Heavy-Duty Boots|[from] move: Knock Off|[of] p2a: Iron Treads
|
|upkeep
|turn|5
|
|t:|1760815429
|-end|p2a: Iron Treads|Quark Drive|[silent]
|switch|p2a: Polteageist|Polteageist-Antique|100/100
|move|p1a: Great Tusk|Stealth Rock|p2a: Polteageist
|-sidestart|p2: Joao V9898|move: Stealth Rock
|
|upkeep
|turn|6
|
|t:|1760815435
|move|p1a: Great Tusk|Knock Off|p2a: Polteageist
|-supereffective|p2a: Polteageist
|-enditem|p2a: Polteageist|Focus Sash
|-damage|p2a: Polteageist|1/100
|-ability|p2a: Polteageist|Weak Armor|boost
|-unboost|p2a: Polteageist|def|1
|-boost|p2a: Polteageist|spe|2
|move|p2a: Polteageist|Shell Smash|p2a: Polteageist
|-unboost|p2a: Polteageist|def|1
|-unboost|p2a: Polteageist|spd|1
|-boost|p2a: Polteageist|atk|2
|-boost|p2a: Polteageist|spa|2
|-boost|p2a: Polteageist|spe|2
|
|upkeep
|turn|7
|
|t:|1760815441
|move|p2a: Polteageist|Shadow Ball|p1a: Great Tusk
|-damage|p1a: Great Tusk|0 fnt
|faint|p1a: Great Tusk
|-end|p1a: Great Tusk|Protosynthesis|[silent]
|
|upkeep
|
|t:|1760815444
|switch|p1a: Comfey|Comfey, M|100/100
|-damage|p1a: Comfey|88/100|[from] Stealth Rock
|turn|8
|
|t:|1760815451
|switch|p2a: Indeedee|Indeedee, M|100/100
|-damage|p2a: Indeedee|88/100|[from] Stealth Rock
|-fieldstart|move: Psychic Terrain|[from] ability: Psychic Surge|[of] p2a: Indeedee
|move|p1a: Comfey|Draining Kiss|p2a: Indeedee
|-activate|p2a: Indeedee|move: Psychic Terrain
|
|upkeep
|turn|9
|
|t:|1760815467
|switch|p2a: Hawlucha|Hawlucha, M|100/100
|-damage|p2a: Hawlucha|88/100|[from] Stealth Rock
|-enditem|p2a: Hawlucha|Psychic Seed
|-boost|p2a: Hawlucha|spd|1|[from] item: Psychic Seed
|switch|p1a: Ribombee|Ribombee, M|50/100
|-damage|p1a: Ribombee|25/100|[from] Stealth Rock
|
|upkeep
|turn|10
|
|t:|1760815474
|move|p2a: Hawlucha|Acrobatics|p1a: Ribombee
|-supereffective|p1a: Ribombee
|-damage|p1a: Ribombee|0 fnt
|faint|p1a: Ribombee
|
|upkeep
|
|t:|1760815480
|switch|p1a: Gholdengo|Gholdengo|100/100
|-damage|p1a: Gholdengo|94/100|[from] Stealth Rock
|-item|p1a: Gholdengo|Air Balloon
|turn|11
|
|t:|1760815482
|-terastallize|p2a: Hawlucha|Steel
|move|p2a: Hawlucha|Swords Dance|p2a: Hawlucha
|-boost|p2a: Hawlucha|atk|2
|move|p1a: Gholdengo|Dazzling Gleam|p2a: Hawlucha
|-resisted|p2a: Hawlucha
|-damage|p2a: Hawlucha|74/100
|
|upkeep
|turn|12
|
|t:|1760815487
|move|p2a: Hawlucha|Swords Dance|p2a: Hawlucha
|-boost|p2a: Hawlucha|atk|2
|move|p1a: Gholdengo|Shadow Ball|p2a: Hawlucha
|-damage|p2a: Hawlucha|30/100
|
|upkeep
|turn|13
|
|t:|1760815490
|move|p2a: Hawlucha|Acrobatics|p1a: Gholdengo
|-resisted|p1a: Gholdengo
|-crit|p1a: Gholdengo
|-damage|p1a: Gholdengo|0 fnt
|-enditem|p1a: Gholdengo|Air Balloon
|faint|p1a: Gholdengo
|
|upkeep
|-message|vghhjg forfeited.
|
|win|Joao V9898
|raw|vghhjg's rating: 1697 &rarr; <strong>1676</strong><br />(-21 for losing)
|raw|Joao V9898's rating: 1687 &rarr; <strong>1708</strong><br />(+21 for winning)
|l|☆vghhjg
|player|p1|
|l|☆Joao V9898
|player|p2|
