|j|☆Exatamer
|j|☆ethanwayneooo
|t:|1760848863
|gametype|singles
|player|p1|Exatamer|170|1099
|player|p2|ethanwayneooo|1|1093
|gen|9
|tier|[Gen 9] OU
|rated|
|rule|HP Percentage Mod: HP is shown in percentages
|rule|Endless Battle Clause: Forcing endless battles is banned
|rule|Species Clause: Limit one of each Pokémon
|rule|OHKO Clause: OHKO moves are banned
|rule|Evasion Items Clause: Evasion items are banned
|rule|Evasion Moves Clause: Evasion moves are banned
|rule|Evasion Abilities Clause: Evasion abilities are banned
|rule|Sleep Moves Clause: Sleep-inducing moves are banned
|clearpoke
|poke|p1|Ninetales-Alola, F|
|poke|p1|Sandslash-Alola, M|
|poke|p1|Slowking-Galar, F|
|poke|p1|Froslass, F|
|poke|p1|Hatterene, F|
|poke|p1|Cetitan, F|
|poke|p2|Gliscor, M|
|poke|p2|Cloyster, M|
|poke|p2|Lokix, F|
|poke|p2|Arcanine, F|
|poke|p2|Corviknight, F|
|poke|p2|Hydrapple, M|
|teampreview
|
|t:|1760848886
|teamsize|p1|6
|teamsize|p2|6
|start
|switch|p1a: Cetitan|Cetitan, F|100/100
|switch|p2a: Arcanine|Arcanine, F|100/100
|turn|1
|
|t:|1760848895
|move|p2a: Arcanine|Flare Blitz|p1a: Cetitan
|-supereffective|p1a: Cetitan
|-damage|p1a: Cetitan|0 fnt
|faint|p1a: Cetitan
|-damage|p2a: Arcanine|48/100|[from] Recoil
|
|upkeep
|
|t:|1760848905
|switch|p1a: Slowking|Slowking-Galar, F|100/100
|turn|2
|
|t:|1760848918
|switch|p2a: Lokix|Lokix, F|100/100
|-prepare|p1a: Slowking|Chilly Reception|[premajor]
|move|p1a: Slowking|Chilly Reception|p1a: Slowking
|-weather|Snowscape
|
|t:|1760848946
|switch|p1a: Sandslash|Sandslash-Alola, M|100/100|[from] Chilly Reception
|
|-weather|Snowscape|[upkeep]
|upkeep
|turn|3
|
|t:|1760848965
|move|p1a: Sandslash|Knock Off|p2a: Lokix
|-resisted|p2a: Lokix
|-damage|p2a: Lokix|76/100
|-enditem|p2a: Lokix|Life Orb|[from] move: Knock Off|[of] p1a: Sandslash
|move|p2a: Lokix|Axe Kick|p1a: Sandslash
|-supereffective|p1a: Sandslash
|-damage|p1a: Sandslash|28/100
|
|-weather|Snowscape|[upkeep]
|upkeep
|turn|4
|
|t:|1760848976
|move|p1a: Sandslash|Iron Head|p2a: Lokix
|-damage|p2a: Lokix|20/100
|move|p2a: Lokix|Axe Kick|p1a: Sandslash
|-supereffective|p1a: Sandslash
|-damage|p1a: Sandslash|0 fnt
|faint|p1a: Sandslash
|
|-weather|Snowscape|[upkeep]
|upkeep
|
|t:|1760848984
|switch|p1a: Ninetales|Ninetales-Alola, F, shiny|100/100
|turn|5
|
|t:|1760848994
|switch|p2a: Cloyster|Cloyster, M|100/100
|move|p1a: Ninetales|Dazzling Gleam|p2a: Cloyster
|-damage|p2a: Cloyster|38/100
|
|-weather|Snowscape|[upkeep]
|upkeep
|turn|6
|
|t:|1760849004
|move|p1a: Ninetales|Dazzling Gleam|p2a: Cloyster
|-damage|p2a: Cloyster|0 fnt
|faint|p2a: Cloyster
|
|-weather|none
|upkeep
|inactive|Battle timer is ON: inactive players will automatically lose when time's up. (requested by Exatamer)
|inactive|ethanwayneooo has 120 seconds left.
|inactive|ethanwayneooo has 90 seconds left.
|inactive|ethanwayneooo has 60 seconds left.
|
|t:|1760849143
|switch|p2a: Lokix|Lokix, F|20/100
|turn|7
|
|t:|1760849147
|move|p2a: Lokix|First Impression|p1a: Ninetales
|-resisted|p1a: Ninetales
|-damage|p1a: Ninetales|37/100
|move|p1a: Ninetales|Dazzling Gleam|p2a: Lokix
|-supereffective|p2a: Lokix
|-damage|p2a: Lokix|0 fnt
|faint|p2a: Lokix
|
|upkeep
|
|t:|1760849161
|switch|p2a: Arcanine|Arcanine, F|48/100
|turn|8
|
|t:|1760849167
|switch|p1a: Slowking|Slowking-Galar, F|100/100
|move|p2a: Arcanine|Flare Blitz|p1a: Slowking
|-damage|p1a: Slowking|43/100
|-damage|p2a: Arcanine|26/100|[from] Recoil
|
|-heal|p1a: Slowking|49/100|[from] item: Black Sludge
|upkeep
|turn|9
|inactive|ethanwayneooo has 120 seconds left.
|
|t:|1760849178
|move|p2a: Arcanine|Flare Blitz|p1a: Slowking
|-damage|p1a: Slowking|0 fnt
|faint|p1a: Slowking
|-damage|p2a: Arcanine|7/100|[from] Recoil
|
|upkeep
|
|t:|1760849187
|switch|p1a: Froslass|Froslass, F|100/100
|turn|10
|
|t:|1760849196
|move|p1a: Froslass|Thunderbolt|p2a: Arcanine
|-damage|p2a: Arcanine|0 fnt
|faint|p2a: Arcanine
|
|upkeep
|
|t:|1760849204
|switch|p2a: Corviknight|Corviknight, F|100/100
|turn|11
|
|t:|1760849208
|switch|p2a: Gliscor|Gliscor, M|100/100
|move|p1a: Froslass|Thunderbolt|p2a: Gliscor
|-immune|p2a: Gliscor
|
|-status|p2a: Gliscor|tox|[from] item: Toxic Orb
|upkeep
|turn|12
|
|t:|1760849221
|move|p1a: Froslass|Blizzard|p2a: Gliscor
|-supereffective|p2a: Gliscor
|-damage|p2a: Gliscor|0 fnt
|faint|p2a: Gliscor
|
|upkeep
|
|t:|1760849226
|switch|p2a: Corviknight|Corviknight, F|100/100
|turn|13
|
|t:|1760849230
|move|p1a: Froslass|Tera Blast|p2a: Corviknight
|-resisted|p2a: Corviknight
|-damage|p2a: Corviknight|90/100
|move|p2a: Corviknight|Flash Cannon|p1a: Froslass
|-supereffective|p1a: Froslass
|-damage|p1a: Froslass|58/100
|
|upkeep
|turn|14
|
|t:|1760849238
|-terastallize|p1a: Froslass|Water
|move|p1a: Froslass|Thunderbolt|p2a: Corviknight
|-supereffective|p2a: Corviknight
|-damage|p2a: Corviknight|43/100
|move|p2a: Corviknight|Nasty Plot|p2a: Corviknight
|-boost|p2a: Corviknight|spa|2
|
|upkeep
|turn|15
|inactive|ethanwayneooo has 120 seconds left.
|inactive|ethanwayneooo has 90 seconds left.
|inactive|ethanwayneooo has 60 seconds left.
|inactive|ethanwayneooo has 30 seconds left.
|inactive|ethanwayneooo has 20 seconds left.
|inactive|ethanwayneooo has 15 seconds left.
|inactive|ethanwayneooo has 10 seconds left.
|inactive|ethanwayneooo has 5 seconds left.
|-message|ethanwayneooo lost due to inactivity.
|
|win|Exatamer
|raw|Exatamer's rating: 1099 &rarr; <strong>1124</strong><br />(+25 for winning)
|raw|ethanwayneooo's rating: 1093 &rarr; <strong>1069</strong><br />(-24 for losing)
|l|☆Exatamer
|player|p1|
|l|☆ethanwayneooo
|player|p2|
