|j|☆pokemon69ap2
|j|☆LastGREATEST
|t:|1760861665
|gametype|singles
|player|p1|pokemon69ap2|may-masters|1381
|player|p2|LastGREATEST|blue-gen7|1364
|gen|9
|tier|[Gen 9] OU
|rated|
|rule|HP Percentage Mod: HP is shown in percentages
|rule|Endless Battle Clause: Forcing endless battles is banned
|rule|Species Clause: Limit one of each Pokémon
|rule|OHKO Clause: OHKO moves are banned
|rule|Evasion Items Clause: Evasion items are banned
|rule|Evasion Moves Clause: Evasion moves are banned
|rule|Evasion Abilities Clause: Evasion abilities are banned
|rule|Sleep Moves Clause: Sleep-inducing moves are banned
|clearpoke
|poke|p1|Blaziken, F|
|poke|p1|Kingambit, M|
|poke|p1|Great Tusk|
|poke|p1|Slowking-Galar, F|
|poke|p1|Zapdos|
|poke|p1|Dragonite, M|
|poke|p2|Slowking-Galar, M|
|poke|p2|Kingambit, M|
|poke|p2|Mimikyu, F|
|poke|p2|Ursaluna, M|
|poke|p2|Azumarill, M|
|poke|p2|Rabsca, F|
|teampreview
|inactive|Battle timer is ON: inactive players will automatically lose when time's up. (requested by pokemon69ap2)
|
|t:|1760861680
|teamsize|p1|6
|teamsize|p2|6
|start
|switch|p1a: Slowking|Slowking-Galar, F|100/100
|switch|p2a: PIKABLUU|Azumarill, M|100/100
|turn|1
|
|t:|1760861684
|move|p2a: PIKABLUU|Knock Off|p1a: Slowking
|-supereffective|p1a: Slowking
|-damage|p1a: Slowking|20/100
|-enditem|p1a: Slowking|Assault Vest|[from] move: Knock Off|[of] p2a: PIKABLUU
|move|p1a: Slowking|Sludge Bomb|p2a: PIKABLUU
|-supereffective|p2a: PIKABLUU
|-damage|p2a: PIKABLUU|53/100
|
|upkeep
|turn|2
|
|t:|1760861693
|switch|p1a: Zapdos|Zapdos|100/100
|move|p2a: PIKABLUU|Liquidation|p1a: Zapdos
|-crit|p1a: Zapdos
|-damage|p1a: Zapdos|32/100
|-unboost|p1a: Zapdos|def|1
|-status|p2a: PIKABLUU|par|[from] ability: Static|[of] p1a: Zapdos
|
|upkeep
|turn|3
|inactive|pokemon69ap2 has 120 seconds left.
|
|t:|1760861728
|switch|p2a: COCAINE|Ursaluna, M|100/100
|move|p1a: Zapdos|Volt Switch|p2a: COCAINE
|-immune|p2a: COCAINE
|
|-status|p2a: COCAINE|brn|[from] item: Flame Orb
|upkeep
|turn|4
|
|t:|1760861738
|move|p1a: Zapdos|Hurricane|p2a: COCAINE
|-damage|p2a: COCAINE|63/100 brn
|move|p2a: COCAINE|Facade|p1a: Zapdos
|-damage|p1a: Zapdos|0 fnt
|faint|p1a: Zapdos
|
|-damage|p2a: COCAINE|57/100 brn|[from] brn
|upkeep
|inactive|pokemon69ap2 has 120 seconds left.
|
|t:|1760861758
|switch|p1a: Blaziken|Blaziken, F|100/100
|turn|5
|
|t:|1760861765
|move|p1a: Blaziken|Flare Blitz|p2a: COCAINE
|-damage|p2a: COCAINE|0 fnt
|faint|p2a: COCAINE
|-damage|p1a: Blaziken|72/100|[from] Recoil
|-damage|p1a: Blaziken|62/100|[from] item: Life Orb
|
|-ability|p1a: Blaziken|Speed Boost|boost
|-boost|p1a: Blaziken|spe|1
|upkeep
|
|t:|1760861770
|switch|p2a: PIKABLUU|Azumarill, M|53/100 par
|turn|6
|
|t:|1760861781
|switch|p1a: Slowking|Slowking-Galar, F|54/100
|move|p2a: PIKABLUU|Play Rough|p1a: Slowking
|-resisted|p1a: Slowking
|-damage|p1a: Slowking|23/100
|
|upkeep
|turn|7
|
|t:|1760861798
|switch|p2a: CHECKMATE|Kingambit, M, shiny|100/100
|-activate|p2a: CHECKMATE|ability: Supreme Overlord
|-start|p2a: CHECKMATE|fallen1|[silent]
|move|p1a: Slowking|Sludge Bomb|p2a: CHECKMATE
|-immune|p2a: CHECKMATE
|
|upkeep
|turn|8
|c|☆pokemon69ap2|i remember naming my gambit the same on a different team
|
|t:|1760861827
|-end|p2a: CHECKMATE|fallen1|[silent]
|switch|p2a: PIKABLUU|Azumarill, M|53/100 par
|switch|p1a: Great Tusk|Great Tusk|100/100
|
|upkeep
|turn|9
|
|t:|1760861836
|-end|p1a: Great Tusk|Protosynthesis|[silent]
|switch|p1a: Slowking|Slowking-Galar, F|56/100
|cant|p2a: PIKABLUU|par
|
|upkeep
|turn|10
|
|t:|1760861841
|move|p1a: Slowking|Future Sight|p2a: PIKABLUU
|-start|p1a: Slowking|move: Future Sight
|move|p2a: PIKABLUU|Liquidation|p1a: Slowking
|-damage|p1a: Slowking|0 fnt
|faint|p1a: Slowking
|
|upkeep
|
|t:|1760861845
|switch|p1a: Kingambit|Kingambit, M|100/100
|-activate|p1a: Kingambit|ability: Supreme Overlord
|-start|p1a: Kingambit|fallen2|[silent]
|turn|11
|c|☆LastGREATEST|wow
|
|t:|1760861854
|move|p1a: Kingambit|Swords Dance|p1a: Kingambit
|-boost|p1a: Kingambit|atk|2
|move|p2a: PIKABLUU|Play Rough|p1a: Kingambit
|-damage|p1a: Kingambit|61/100
|
|-heal|p1a: Kingambit|67/100|[from] item: Leftovers
|upkeep
|turn|12
|
|t:|1760861864
|move|p1a: Kingambit|Iron Head|p2a: PIKABLUU
|-damage|p2a: PIKABLUU|0 fnt
|faint|p2a: PIKABLUU
|
|-hint|Future Sight did not hit because the target is fainted.
|-heal|p1a: Kingambit|74/100|[from] item: Leftovers
|upkeep
|
|t:|1760861882
|switch|p2a: DARTH SLO|Slowking-Galar, M|100/100
|turn|13
|
|t:|1760861887
|-terastallize|p2a: DARTH SLO|Water
|move|p1a: Kingambit|Kowtow Cleave|p2a: DARTH SLO
|-damage|p2a: DARTH SLO|0 fnt
|faint|p2a: DARTH SLO
|
|-heal|p1a: Kingambit|80/100|[from] item: Leftovers
|upkeep
|
|t:|1760861892
|switch|p2a: PIKABOO|Mimikyu, F|100/100
|turn|14
|c|☆pokemon69ap2|dang
|c|☆pokemon69ap2|!dt slowking-galar
|c| pokemon69ap2|/raw <div class="message"><ul class="utilichart"><li class="result"><span class="col numcol">OU</span> <span class="col iconcol"><psicon pokemon="slowkinggalar"/></span> <span class="col pokemonnamecol" style="white-space:nowrap"><a href="https://dex.pokemonshowdown.com/pokemon/slowkinggalar" target="_blank">Slowking-Galar</a></span> <span class="col typecol"><img src="https://play.pokemonshowdown.com/sprites/types/Poison.png" alt="Poison" height="14" width="32"><img src="https://play.pokemonshowdown.com/sprites/types/Psychic.png" alt="Psychic" height="14" width="32"></span> <span style="float:left;min-height:26px"><span class="col twoabilitycol">Curious Medicine<br />Own Tempo</span><span class="col abilitycol"><em>Regenerator</em></span></span><span style="float:left;min-height:26px"><span class="col statcol"><em>HP</em><br />95</span> <span class="col statcol"><em>Atk</em><br />65</span> <span class="col statcol"><em>Def</em><br />80</span> <span class="col statcol"><em>SpA</em><br />110</span> <span class="col statcol"><em>SpD</em><br />110</span> <span class="col statcol"><em>Spe</em><br />30</span> <span class="col bstcol"><em>BST<br />490</em></span> </span></li><li style="clear:both"></li></ul></div>
|c| pokemon69ap2|/raw <font size="1"><font color="#686868">Dex#:</font> 199&nbsp;|&ThickSpace;<font color="#686868">Gen:</font> 8&nbsp;|&ThickSpace;<font color="#686868">Height:</font> 1.8 m&nbsp;|&ThickSpace;<font color="#686868">Weight:</font> 79.5 kg <em>(80 BP)</em>&nbsp;|&ThickSpace;<font color="#686868">Dex Colour:</font> Pink&nbsp;|&ThickSpace;<font color="#686868">Egg Group(s):</font> Monster, Water 1&nbsp;|&ThickSpace;<font color="#686868">Pre-Evolution:</font> Slowpoke-Galar&nbsp;|&ThickSpace;<font color="#686868">Does Not Evolve</font></font>

|
|t:|1760861912
|-terastallize|p1a: Kingambit|Flying
|move|p1a: Kingambit|Iron Head|p2a: PIKABOO
|-activate|p2a: PIKABOO|ability: Disguise
|-damage|p2a: PIKABOO|100/100
|detailschange|p2a: PIKABOO|Mimikyu-Busted, F
|-damage|p2a: PIKABOO|88/100|[from] pokemon: Mimikyu-Busted
|cant|p2a: PIKABOO|flinch
|
|-heal|p1a: Kingambit|86/100|[from] item: Leftovers
|upkeep
|turn|15
|
|t:|1760861921
|move|p2a: PIKABOO|Destiny Bond|p2a: PIKABOO
|-singlemove|p2a: PIKABOO|Destiny Bond
|move|p1a: Kingambit|Iron Head|p2a: PIKABOO
|-supereffective|p2a: PIKABOO
|-damage|p2a: PIKABOO|0 fnt
|faint|p2a: PIKABOO
|-activate|p2a: PIKABOO|move: Destiny Bond
|faint|p1a: Kingambit
|-end|p1a: Kingambit|fallen2|[silent]
|
|upkeep
|
|t:|1760861927
|switch|p2a: SMART A$$|Rabsca, F, shiny|100/100
|switch|p1a: Blaziken|Blaziken, F|62/100
|turn|16
|
|t:|1760861940
|move|p1a: Blaziken|Flare Blitz|p2a: SMART A$$
|-supereffective|p2a: SMART A$$
|-damage|p2a: SMART A$$|0 fnt
|faint|p2a: SMART A$$
|-damage|p1a: Blaziken|23/100|[from] Recoil
|-damage|p1a: Blaziken|13/100|[from] item: Life Orb
|
|-ability|p1a: Blaziken|Speed Boost|boost
|-boost|p1a: Blaziken|spe|1
|upkeep
|
|t:|1760861942
|switch|p2a: CHECKMATE|Kingambit, M, shiny|100/100
|-activate|p2a: CHECKMATE|ability: Supreme Overlord
|-start|p2a: CHECKMATE|fallen5|[silent]
|turn|17
|
|t:|1760861951
|move|p1a: Blaziken|Flare Blitz|p2a: CHECKMATE
|-supereffective|p2a: CHECKMATE
|-damage|p2a: CHECKMATE|0 fnt
|faint|p2a: CHECKMATE
|-end|p2a: CHECKMATE|fallen5|[silent]
|-damage|p1a: Blaziken|0 fnt|[from] Recoil
|faint|p1a: Blaziken
|
|win|pokemon69ap2
|raw|pokemon69ap2's rating: 1362 &rarr; <strong>1382</strong><br />(+20 for winning)
|raw|LastGREATEST's rating: 1364 &rarr; <strong>1344</strong><br />(-20 for losing)
|c|☆pokemon69ap2|gg
|c|☆LastGREATEST|gg
|l|☆LastGREATEST
|player|p2|
|l|☆pokemon69ap2
|player|p1|
