|j|☆Megumin's Husband
|j|☆how play pkm
|t:|1760771173
|gametype|singles
|player|p1|Megumin's Husband|alder|1650
|player|p2|how play pkm|#bltxiipangoros|1675
|gen|9
|tier|[Gen 9] OU
|rated|
|rule|HP Percentage Mod: HP is shown in percentages
|rule|Endless Battle Clause: Forcing endless battles is banned
|rule|Species Clause: Limit one of each Pokémon
|rule|OHKO Clause: OHKO moves are banned
|rule|Evasion Items Clause: Evasion items are banned
|rule|Evasion Moves Clause: Evasion moves are banned
|rule|Evasion Abilities Clause: Evasion abilities are banned
|rule|Sleep Moves Clause: Sleep-inducing moves are banned
|clearpoke
|poke|p1|Pecharunt|
|poke|p1|Primarina, F|
|poke|p1|Heatran, F|
|poke|p1|Great Tusk|
|poke|p1|Weavile, F|
|poke|p1|Ogerpon, F|
|poke|p2|Azumarill, M|
|poke|p2|Kingambit, F|
|poke|p2|Weezing-Galar, M|
|poke|p2|Ting-Lu|
|poke|p2|Garganacl, M|
|poke|p2|Okidogi, M|
|teampreview
|inactive|Battle timer is ON: inactive players will automatically lose when time's up. (requested by how play pkm)
|
|t:|1760771186
|teamsize|p1|6
|teamsize|p2|6
|start
|switch|p1a: Yamawaro|Ogerpon, F|100/100
|switch|p2a: Okidogi|Okidogi, M|100/100
|turn|1
|
|t:|1760771194
|move|p1a: Yamawaro|U-turn|p2a: Okidogi
|-resisted|p2a: Okidogi
|-damage|p2a: Okidogi|94/100
|
|t:|1760771197
|switch|p1a: Pecharunt|Pecharunt|100/100|[from] U-turn
|move|p2a: Okidogi|Ice Punch|p1a: Pecharunt
|-damage|p1a: Pecharunt|91/100
|-damage|p2a: Okidogi|77/100|[from] item: Rocky Helmet|[of] p1a: Pecharunt
|
|-heal|p2a: Okidogi|83/100|[from] item: Leftovers
|upkeep
|turn|2
|
|t:|1760771202
|move|p1a: Pecharunt|Parting Shot|p2a: Okidogi
|-unboost|p2a: Okidogi|atk|1
|-unboost|p2a: Okidogi|spa|1
|
|t:|1760771206
|switch|p1a: Nacho|Great Tusk|100/100|[from] Parting Shot
|move|p2a: Okidogi|Bulk Up|p2a: Okidogi
|-boost|p2a: Okidogi|atk|1
|-boost|p2a: Okidogi|def|1
|
|-heal|p2a: Okidogi|89/100|[from] item: Leftovers
|upkeep
|turn|3
|
|t:|1760771220
|switch|p2a: Weezing|Weezing-Galar, M|100/100
|move|p1a: Nacho|Knock Off|p2a: Weezing
|-resisted|p2a: Weezing
|-damage|p2a: Weezing|90/100
|-damage|p1a: Nacho|84/100|[from] item: Rocky Helmet|[of] p2a: Weezing
|-enditem|p2a: Weezing|Rocky Helmet|[from] move: Knock Off|[of] p1a: Nacho
|
|upkeep
|turn|4
|
|t:|1760771226
|-end|p1a: Nacho|Protosynthesis|[silent]
|switch|p1a: Pecharunt|Pecharunt|91/100
|switch|p2a: Azumarill|Azumarill, M|100/100
|
|upkeep
|turn|5
|
|t:|1760771231
|switch|p2a: Okidogi|Okidogi, M|89/100
|move|p1a: Pecharunt|Malignant Chain|p2a: Okidogi
|-resisted|p2a: Okidogi
|-damage|p2a: Okidogi|77/100
|
|-heal|p2a: Okidogi|83/100|[from] item: Leftovers
|upkeep
|turn|6
|
|t:|1760771234
|move|p1a: Pecharunt|Parting Shot|p2a: Okidogi
|-unboost|p2a: Okidogi|atk|1
|-unboost|p2a: Okidogi|spa|1
|
|t:|1760771237
|switch|p1a: Nacho|Great Tusk|84/100|[from] Parting Shot
|move|p2a: Okidogi|Bulk Up|p2a: Okidogi
|-boost|p2a: Okidogi|atk|1
|-boost|p2a: Okidogi|def|1
|
|-heal|p2a: Okidogi|89/100|[from] item: Leftovers
|upkeep
|turn|7
|
|t:|1760771255
|-end|p1a: Nacho|Protosynthesis|[silent]
|switch|p1a: Pecharunt|Pecharunt|91/100
|move|p2a: Okidogi|Bulk Up|p2a: Okidogi
|-boost|p2a: Okidogi|atk|1
|-boost|p2a: Okidogi|def|1
|
|-heal|p2a: Okidogi|95/100|[from] item: Leftovers
|upkeep
|turn|8
|
|t:|1760771275
|move|p1a: Pecharunt|Shadow Ball|p2a: Okidogi
|-damage|p2a: Okidogi|79/100
|move|p2a: Okidogi|Bulk Up|p2a: Okidogi
|-boost|p2a: Okidogi|atk|1
|-boost|p2a: Okidogi|def|1
|
|-heal|p2a: Okidogi|85/100|[from] item: Leftovers
|upkeep
|turn|9
|
|t:|1760771282
|move|p1a: Pecharunt|Shadow Ball|p2a: Okidogi
|-damage|p2a: Okidogi|67/100
|-unboost|p2a: Okidogi|spd|1
|move|p2a: Okidogi|Bulk Up|p2a: Okidogi
|-boost|p2a: Okidogi|atk|1
|-boost|p2a: Okidogi|def|1
|
|-heal|p2a: Okidogi|73/100|[from] item: Leftovers
|upkeep
|turn|10
|
|t:|1760771286
|move|p1a: Pecharunt|Shadow Ball|p2a: Okidogi
|-damage|p2a: Okidogi|48/100
|move|p2a: Okidogi|Thunder Punch|p1a: Pecharunt
|-damage|p1a: Pecharunt|68/100
|-damage|p2a: Okidogi|31/100|[from] item: Rocky Helmet|[of] p1a: Pecharunt
|
|-heal|p2a: Okidogi|37/100|[from] item: Leftovers
|upkeep
|turn|11
|
|t:|1760771293
|switch|p2a: Kingambit|Kingambit, F|100/100
|move|p1a: Pecharunt|Shadow Ball|p2a: Kingambit
|-resisted|p2a: Kingambit
|-crit|p2a: Kingambit
|-damage|p2a: Kingambit|83/100
|
|-heal|p2a: Kingambit|90/100|[from] item: Leftovers
|upkeep
|turn|12
|
|t:|1760771297
|move|p1a: Pecharunt|Parting Shot|p2a: Kingambit
|-unboost|p2a: Kingambit|atk|1
|-unboost|p2a: Kingambit|spa|1
|
|t:|1760771299
|switch|p1a: Dolores|Heatran, F, shiny|100/100|[from] Parting Shot
|-item|p1a: Dolores|Air Balloon
|move|p2a: Kingambit|Kowtow Cleave|p1a: Dolores
|-damage|p1a: Dolores|71/100
|-enditem|p1a: Dolores|Air Balloon
|
|-heal|p2a: Kingambit|96/100|[from] item: Leftovers
|upkeep
|turn|13
|
|t:|1760771302
|-end|p2a: Kingambit|fallenundefined|[silent]
|switch|p2a: Azumarill|Azumarill, M|100/100
|move|p1a: Dolores|Stealth Rock|p2a: Azumarill
|-sidestart|p2: how play pkm|move: Stealth Rock
|
|upkeep
|turn|14
|
|t:|1760771307
|switch|p1a: Pecharunt|Pecharunt|68/100
|move|p2a: Azumarill|Knock Off|p1a: Pecharunt
|-supereffective|p1a: Pecharunt
|-damage|p1a: Pecharunt|32/100
|-damage|p2a: Azumarill|84/100|[from] item: Rocky Helmet|[of] p1a: Pecharunt
|-enditem|p1a: Pecharunt|Rocky Helmet|[from] move: Knock Off|[of] p2a: Azumarill
|
|upkeep
|turn|15
|j| wgw2333
|
|t:|1760771311
|switch|p2a: Kingambit|Kingambit, F|96/100
|-damage|p2a: Kingambit|90/100|[from] Stealth Rock
|move|p1a: Pecharunt|Recover|p1a: Pecharunt
|-heal|p1a: Pecharunt|82/100
|
|-heal|p2a: Kingambit|96/100|[from] item: Leftovers
|upkeep
|turn|16
|
|t:|1760771317
|move|p1a: Pecharunt|Parting Shot|p2a: Kingambit
|-unboost|p2a: Kingambit|atk|1
|-unboost|p2a: Kingambit|spa|1
|
|t:|1760771319
|switch|p1a: Dolores|Heatran, F, shiny|71/100|[from] Parting Shot
|move|p2a: Kingambit|Swords Dance|p2a: Kingambit
|-boost|p2a: Kingambit|atk|2
|
|-heal|p2a: Kingambit|100/100|[from] item: Leftovers
|upkeep
|turn|17
|j| mcribs
|
|t:|1760771323
|move|p2a: Kingambit|Sucker Punch|p1a: Dolores
|-damage|p1a: Dolores|18/100
|move|p1a: Dolores|Lava Plume|p2a: Kingambit
|-supereffective|p2a: Kingambit
|-damage|p2a: Kingambit|33/100
|-status|p2a: Kingambit|brn
|
|-heal|p2a: Kingambit|39/100 brn|[from] item: Leftovers
|-damage|p2a: Kingambit|33/100 brn|[from] brn
|upkeep
|turn|18
|j| iamfrhaan007
|
|t:|1760771334
|switch|p1a: Nacho|Great Tusk|84/100
|move|p2a: Kingambit|Kowtow Cleave|p1a: Nacho
|-resisted|p1a: Nacho
|-damage|p1a: Nacho|70/100
|
|-heal|p2a: Kingambit|39/100 brn|[from] item: Leftovers
|-damage|p2a: Kingambit|33/100 brn|[from] brn
|upkeep
|turn|19
|
|t:|1760771340
|move|p1a: Nacho|Knock Off|p2a: Kingambit
|-resisted|p2a: Kingambit
|-damage|p2a: Kingambit|20/100 brn
|-enditem|p2a: Kingambit|Leftovers|[from] move: Knock Off|[of] p1a: Nacho
|move|p2a: Kingambit|Iron Head|p1a: Nacho
|-damage|p1a: Nacho|44/100
|
|-damage|p2a: Kingambit|14/100 brn|[from] brn
|upkeep
|turn|20
|l| iamfrhaan007
|
|t:|1760771347
|-end|p2a: Kingambit|fallenundefined|[silent]
|switch|p2a: Weezing|Weezing-Galar, M|90/100
|-damage|p2a: Weezing|77/100|[from] Stealth Rock
|move|p1a: Nacho|Rapid Spin|p2a: Weezing
|-damage|p2a: Weezing|66/100
|-boost|p1a: Nacho|spe|1
|
|upkeep
|turn|21
|
|t:|1760771352
|move|p1a: Nacho|Ice Spinner|p2a: Weezing
|-damage|p2a: Weezing|48/100
|move|p2a: Weezing|Defog|p1a: Nacho
|-unboost|p1a: Nacho|evasion|1
|-sideend|p2: how play pkm|Stealth Rock|[from] move: Defog|[of] p2a: Weezing
|
|upkeep
|turn|22
|
|t:|1760771357
|-end|p1a: Nacho|Protosynthesis|[silent]
|switch|p1a: Dolores|Heatran, F, shiny|18/100
|move|p2a: Weezing|Pain Split|p1a: Dolores
|-sethp|p1a: Dolores|30/100|[from] move: Pain Split|[silent]
|-sethp|p2a: Weezing|34/100|[from] move: Pain Split
|
|upkeep
|turn|23
|
|t:|1760771362
|switch|p2a: Kingambit|Kingambit, F|14/100 brn
|move|p1a: Dolores|Stealth Rock|p2a: Kingambit
|-sidestart|p2: how play pkm|move: Stealth Rock
|
|-damage|p2a: Kingambit|7/100 brn|[from] brn
|upkeep
|turn|24
|
|t:|1760771368
|move|p1a: Dolores|Stealth Rock||[still]
|-fail|p1a: Dolores
|move|p2a: Kingambit|Kowtow Cleave|p1a: Dolores
|-damage|p1a: Dolores|7/100
|
|-damage|p2a: Kingambit|1/100 brn|[from] brn
|upkeep
|turn|25
|
|t:|1760771371
|move|p1a: Dolores|Lava Plume|p2a: Kingambit
|-supereffective|p2a: Kingambit
|-damage|p2a: Kingambit|0 fnt
|faint|p2a: Kingambit
|-end|p2a: Kingambit|fallenundefined|[silent]
|
|upkeep
|
|t:|1760771379
|switch|p2a: Garganacl|Garganacl, M|100/100
|-damage|p2a: Garganacl|88/100|[from] Stealth Rock
|turn|26
|
|t:|1760771384
|move|p1a: Dolores|Earth Power|p2a: Garganacl
|-supereffective|p2a: Garganacl
|-damage|p2a: Garganacl|53/100
|move|p2a: Garganacl|Salt Cure|p1a: Dolores
|-damage|p1a: Dolores|0 fnt
|faint|p1a: Dolores
|
|-heal|p2a: Garganacl|59/100|[from] item: Leftovers
|upkeep
|
|t:|1760771391
|switch|p1a: Yamawaro|Ogerpon, F|100/100
|turn|27
|
|t:|1760771410
|switch|p2a: Okidogi|Okidogi, M|37/100
|-damage|p2a: Okidogi|31/100|[from] Stealth Rock
|move|p1a: Yamawaro|Ivy Cudgel|p2a: Okidogi
|-resisted|p2a: Okidogi
|-damage|p2a: Okidogi|0 fnt
|faint|p2a: Okidogi
|
|upkeep
|
|t:|1760771418
|switch|p2a: Weezing|Weezing-Galar, M|34/100
|-damage|p2a: Weezing|22/100|[from] Stealth Rock
|turn|28
|
|t:|1760771421
|-terastallize|p1a: Yamawaro|Grass
|detailschange|p1a: Yamawaro|Ogerpon-Teal-Tera, F, tera:Grass
|-ability|p1a: Yamawaro|Embody Aspect (Teal)|boost
|-boost|p1a: Yamawaro|spe|1
|move|p1a: Yamawaro|Ivy Cudgel|p2a: Weezing
|-resisted|p2a: Weezing
|-damage|p2a: Weezing|0 fnt
|faint|p2a: Weezing
|
|upkeep
|
|t:|1760771434
|switch|p2a: Azumarill|Azumarill, M|84/100
|-damage|p2a: Azumarill|72/100|[from] Stealth Rock
|turn|29
|
|t:|1760771436
|-terastallize|p2a: Azumarill|Fire
|move|p1a: Yamawaro|Ivy Cudgel|p2a: Azumarill
|-resisted|p2a: Azumarill
|-damage|p2a: Azumarill|24/100
|move|p2a: Azumarill|Play Rough|p1a: Yamawaro|[miss]
|-miss|p2a: Azumarill|p1a: Yamawaro
|
|upkeep
|turn|30
|
|t:|1760771443
|move|p1a: Yamawaro|Ivy Cudgel|p2a: Azumarill
|-resisted|p2a: Azumarill
|-damage|p2a: Azumarill|0 fnt
|faint|p2a: Azumarill
|
|upkeep
|-message|how play pkm forfeited.
|
|win|Megumin's Husband
|raw|Megumin&apos;s Husband's rating: 1650 &rarr; <strong>1671</strong><br />(+21 for winning)
|raw|how play pkm's rating: 1675 &rarr; <strong>1654</strong><br />(-21 for losing)
|l|☆how play pkm
|player|p2|
|j| iamfrhaan007
|l|☆Megumin's Husband
|player|p1|
|l| iamfrhaan007
|l| wgw2333
