|j|☆michaelgoalise
|j|☆Pipich
|t:|1760762374
|gametype|singles
|player|p1|michaelgoalise|2|1528
|player|p2|Pipich|266|1588
|gen|9
|tier|[Gen 9] OU
|rated|
|rule|HP Percentage Mod: HP is shown in percentages
|rule|Endless Battle Clause: Forcing endless battles is banned
|rule|Species Clause: Limit one of each Pokémon
|rule|OHKO Clause: OHKO moves are banned
|rule|Evasion Items Clause: Evasion items are banned
|rule|Evasion Moves Clause: Evasion moves are banned
|rule|Evasion Abilities Clause: Evasion abilities are banned
|rule|Sleep Moves Clause: Sleep-inducing moves are banned
|clearpoke
|poke|p1|Tyranitar, F|
|poke|p1|Excadrill, F|
|poke|p1|Iron Valiant|
|poke|p1|Palossand, F|
|poke|p1|Corviknight, F|
|poke|p1|Ogerpon-Wellspring, F|
|poke|p2|Walking Wake|
|poke|p2|Ninetales, F|
|poke|p2|Iron Valiant|
|poke|p2|Rillaboom, F|
|poke|p2|Great Tusk|
|poke|p2|Infernape, F|
|teampreview
|inactive|Battle timer is ON: inactive players will automatically lose when time's up. (requested by michaelgoalise)
|inactive|michaelgoalise has 120 seconds left.
|inactive|michaelgoalise has 90 seconds left.
|
|t:|1760762452
|teamsize|p1|6
|teamsize|p2|6
|start
|switch|p1a: Ogerpon|Ogerpon-Wellspring, F|100/100
|switch|p2a: Infernape|Infernape, F|100/100
|turn|1
|
|t:|1760762472
|switch|p2a: Rillaboom|Rillaboom, F|100/100
|-fieldstart|move: Grassy Terrain|[from] ability: Grassy Surge|[of] p2a: Rillaboom
|move|p1a: Ogerpon|Ivy Cudgel|p2a: Rillaboom|[anim] Ivy Cudgel Water
|-resisted|p2a: Rillaboom
|-crit|p2a: Rillaboom
|-damage|p2a: Rillaboom|63/100
|
|-heal|p2a: Rillaboom|69/100|[from] Grassy Terrain
|upkeep
|turn|2
|
|t:|1760762484
|switch|p1a: Corviknight|Corviknight, F|100/100
|-ability|p1a: Corviknight|Pressure
|move|p2a: Rillaboom|U-turn|p1a: Corviknight
|-resisted|p1a: Corviknight
|-damage|p1a: Corviknight|95/100
|-damage|p2a: Rillaboom|52/100|[from] item: Rocky Helmet|[of] p1a: Corviknight
|
|t:|1760762493
|switch|p2a: Infernape|Infernape, F|100/100|[from] U-turn
|
|upkeep
|turn|3
|
|t:|1760762502
|switch|p1a: Palossand|Palossand, F|100/100
|move|p2a: Infernape|Flare Blitz|p1a: Palossand
|-damage|p1a: Palossand|54/100
|-damage|p2a: Infernape|84/100|[from] item: Rocky Helmet|[of] p1a: Palossand
|-damage|p2a: Infernape|65/100|[from] Recoil
|
|-heal|p2a: Infernape|71/100|[from] Grassy Terrain
|-heal|p1a: Palossand|60/100|[from] Grassy Terrain
|upkeep
|turn|4
|inactive|michaelgoalise has 120 seconds left.
|inactive|Pipich has 120 seconds left.
|
|t:|1760762535
|switch|p2a: Rillaboom|Rillaboom, F|52/100
|move|p1a: Palossand|Stealth Rock|p2a: Rillaboom
|-sidestart|p2: Pipich|move: Stealth Rock
|
|-heal|p2a: Rillaboom|58/100|[from] Grassy Terrain
|-heal|p1a: Palossand|66/100|[from] Grassy Terrain
|upkeep
|turn|5
|
|t:|1760762544
|switch|p2a: Ninetales|Ninetales, F|100/100
|-damage|p2a: Ninetales|76/100|[from] Stealth Rock
|-weather|SunnyDay|[from] ability: Drought|[of] p2a: Ninetales
|switch|p1a: Corviknight|Corviknight, F|95/100
|-ability|p1a: Corviknight|Pressure
|
|-weather|SunnyDay|[upkeep]
|-heal|p2a: Ninetales|82/100|[from] Grassy Terrain
|-fieldend|move: Grassy Terrain
|upkeep
|turn|6
|inactive|Pipich has 120 seconds left.
|
|t:|1760762562
|switch|p1a: Tyranitar|Tyranitar, F|100/100
|-weather|Sandstorm|[from] ability: Sand Stream|[of] p1a: Tyranitar
|move|p2a: Ninetales|Flamethrower|p1a: Tyranitar
|-resisted|p1a: Tyranitar
|-damage|p1a: Tyranitar|95/100
|
|-weather|Sandstorm|[upkeep]
|-damage|p2a: Ninetales|76/100|[from] Sandstorm
|-heal|p1a: Tyranitar|100/100|[from] item: Leftovers
|upkeep
|turn|7
|inactive|Pipich has 120 seconds left.
|
|t:|1760762575
|move|p2a: Ninetales|Will-O-Wisp|p1a: Tyranitar
|-status|p1a: Tyranitar|brn
|move|p1a: Tyranitar|Knock Off|p2a: Ninetales
|-damage|p2a: Ninetales|50/100
|-enditem|p2a: Ninetales|Heat Rock|[from] move: Knock Off|[of] p1a: Tyranitar
|
|-weather|Sandstorm|[upkeep]
|-damage|p2a: Ninetales|44/100|[from] Sandstorm
|-damage|p1a: Tyranitar|94/100 brn|[from] brn
|upkeep
|turn|8
|inactive|Pipich has 120 seconds left.
|inactive|michaelgoalise has 120 seconds left.
|
|t:|1760762605
|switch|p2a: Great Tusk|Great Tusk|100/100
|-damage|p2a: Great Tusk|98/100|[from] Stealth Rock
|move|p1a: Tyranitar|Knock Off|p2a: Great Tusk
|-resisted|p2a: Great Tusk
|-damage|p2a: Great Tusk|90/100
|-damage|p1a: Tyranitar|78/100 brn|[from] item: Rocky Helmet|[of] p2a: Great Tusk
|-enditem|p2a: Great Tusk|Rocky Helmet|[from] move: Knock Off|[of] p1a: Tyranitar
|
|-weather|Sandstorm|[upkeep]
|-heal|p1a: Tyranitar|84/100 brn|[from] item: Leftovers
|-damage|p1a: Tyranitar|78/100 brn|[from] brn
|upkeep
|turn|9
|inactive|michaelgoalise has 120 seconds left.
|inactive|Pipich has 120 seconds left.
|
|t:|1760762621
|switch|p1a: Corviknight|Corviknight, F|95/100
|-ability|p1a: Corviknight|Pressure
|move|p2a: Great Tusk|Stealth Rock|p1a: Corviknight
|-sidestart|p1: michaelgoalise|move: Stealth Rock
|
|-weather|Sandstorm|[upkeep]
|upkeep
|turn|10
|inactive|michaelgoalise has 120 seconds left.
|inactive|Pipich has 120 seconds left.
|
|t:|1760762631
|switch|p1a: Palossand|Palossand, F|66/100
|-damage|p1a: Palossand|60/100|[from] Stealth Rock
|move|p2a: Great Tusk|Rapid Spin|p1a: Palossand
|-immune|p1a: Palossand
|
|-weather|none
|upkeep
|turn|11
|inactive|Pipich has 120 seconds left.
|
|t:|1760762639
|move|p2a: Great Tusk|Ice Spinner|p1a: Palossand
|-supereffective|p1a: Palossand
|-damage|p1a: Palossand|29/100
|-damage|p2a: Great Tusk|74/100|[from] item: Rocky Helmet|[of] p1a: Palossand
|move|p1a: Palossand|Shore Up|p1a: Palossand
|-heal|p1a: Palossand|79/100
|
|upkeep
|turn|12
|
|t:|1760762653
|-end|p2a: Great Tusk|Protosynthesis|[silent]
|switch|p2a: Rillaboom|Rillaboom, F|58/100
|-damage|p2a: Rillaboom|46/100|[from] Stealth Rock
|-fieldstart|move: Grassy Terrain|[from] ability: Grassy Surge|[of] p2a: Rillaboom
|move|p1a: Palossand|Scorching Sands|p2a: Rillaboom
|-resisted|p2a: Rillaboom
|-damage|p2a: Rillaboom|33/100
|
|-heal|p2a: Rillaboom|39/100|[from] Grassy Terrain
|-heal|p1a: Palossand|85/100|[from] Grassy Terrain
|upkeep
|turn|13
|
|t:|1760762666
|switch|p2a: Walking Wake|Walking Wake|100/100
|-damage|p2a: Walking Wake|88/100|[from] Stealth Rock
|switch|p1a: Corviknight|Corviknight, F|95/100
|-damage|p1a: Corviknight|83/100|[from] Stealth Rock
|-ability|p1a: Corviknight|Pressure
|
|-heal|p2a: Walking Wake|94/100|[from] Grassy Terrain
|upkeep
|turn|14
|
|t:|1760762677
|switch|p1a: Tyranitar|Tyranitar, F|78/100 brn
|-damage|p1a: Tyranitar|65/100 brn|[from] Stealth Rock
|-weather|Sandstorm|[from] ability: Sand Stream|[of] p1a: Tyranitar
|move|p2a: Walking Wake|Flamethrower|p1a: Tyranitar
|-resisted|p1a: Tyranitar
|-damage|p1a: Tyranitar|59/100 brn
|
|-weather|Sandstorm|[upkeep]
|-damage|p2a: Walking Wake|88/100|[from] Sandstorm
|-heal|p2a: Walking Wake|94/100|[from] Grassy Terrain
|-heal|p1a: Tyranitar|65/100 brn|[from] Grassy Terrain
|-heal|p1a: Tyranitar|71/100 brn|[from] item: Leftovers
|-damage|p1a: Tyranitar|65/100 brn|[from] brn
|upkeep
|turn|15
|inactive|Pipich has 120 seconds left.
|
|t:|1760762693
|-terastallize|p2a: Walking Wake|Water
|move|p2a: Walking Wake|Hydro Steam|p1a: Tyranitar
|-supereffective|p1a: Tyranitar
|-damage|p1a: Tyranitar|3/100 brn
|move|p1a: Tyranitar|Ice Beam|p2a: Walking Wake
|-resisted|p2a: Walking Wake
|-damage|p2a: Walking Wake|83/100
|
|-weather|Sandstorm|[upkeep]
|-damage|p2a: Walking Wake|77/100|[from] Sandstorm
|-heal|p2a: Walking Wake|83/100|[from] Grassy Terrain
|-heal|p1a: Tyranitar|10/100 brn|[from] Grassy Terrain
|-heal|p1a: Tyranitar|16/100 brn|[from] item: Leftovers
|-damage|p1a: Tyranitar|10/100 brn|[from] brn
|upkeep
|turn|16
|inactive|Pipich has 120 seconds left.
|
|t:|1760762709
|move|p2a: Walking Wake|Dragon Pulse|p1a: Tyranitar
|-damage|p1a: Tyranitar|0 fnt
|faint|p1a: Tyranitar
|
|-weather|Sandstorm|[upkeep]
|-damage|p2a: Walking Wake|77/100|[from] Sandstorm
|-heal|p2a: Walking Wake|83/100|[from] Grassy Terrain
|-fieldend|move: Grassy Terrain
|upkeep
|
|t:|1760762717
|switch|p1a: Ogerpon|Ogerpon-Wellspring, F|100/100
|-damage|p1a: Ogerpon|88/100|[from] Stealth Rock
|turn|17
|inactive|Pipich has 120 seconds left.
|
|t:|1760762736
|-end|p2a: Walking Wake|Protosynthesis|[silent]
|switch|p2a: Ninetales|Ninetales, F|44/100
|-damage|p2a: Ninetales|19/100|[from] Stealth Rock
|-weather|SunnyDay|[from] ability: Drought|[of] p2a: Ninetales
|move|p1a: Ogerpon|Horn Leech|p2a: Ninetales
|-resisted|p2a: Ninetales
|-damage|p2a: Ninetales|0 fnt
|-heal|p1a: Ogerpon|99/100|[from] drain|[of] p2a: Ninetales
|faint|p2a: Ninetales
|
|-weather|SunnyDay|[upkeep]
|upkeep
|
|t:|1760762754
|switch|p2a: Rillaboom|Rillaboom, F|39/100
|-damage|p2a: Rillaboom|26/100|[from] Stealth Rock
|-fieldstart|move: Grassy Terrain|[from] ability: Grassy Surge|[of] p2a: Rillaboom
|turn|18
|
|t:|1760762771
|switch|p1a: Corviknight|Corviknight, F|83/100
|-damage|p1a: Corviknight|70/100|[from] Stealth Rock
|-ability|p1a: Corviknight|Pressure
|switch|p2a: Infernape|Infernape, F|71/100
|-damage|p2a: Infernape|59/100|[from] Stealth Rock
|
|-weather|SunnyDay|[upkeep]
|-heal|p2a: Infernape|65/100|[from] Grassy Terrain
|upkeep
|turn|19
|
|t:|1760762783
|switch|p1a: Excadrill|Excadrill, F|100/100
|-damage|p1a: Excadrill|97/100|[from] Stealth Rock
|move|p2a: Infernape|Flare Blitz|p1a: Excadrill
|-supereffective|p1a: Excadrill
|-damage|p1a: Excadrill|0 fnt
|faint|p1a: Excadrill
|-damage|p2a: Infernape|25/100|[from] Recoil
|
|-weather|SunnyDay|[upkeep]
|-heal|p2a: Infernape|31/100|[from] Grassy Terrain
|upkeep
|inactive|michaelgoalise has 120 seconds left.
|
|t:|1760762812
|switch|p1a: Ogerpon|Ogerpon-Wellspring, F|99/100
|-damage|p1a: Ogerpon|87/100|[from] Stealth Rock
|turn|20
|
|t:|1760762817
|move|p1a: Ogerpon|Ivy Cudgel|p2a: Infernape|[anim] Ivy Cudgel Water
|-supereffective|p2a: Infernape
|-damage|p2a: Infernape|0 fnt
|faint|p2a: Infernape
|
|-weather|SunnyDay|[upkeep]
|-heal|p1a: Ogerpon|93/100|[from] Grassy Terrain
|upkeep
|inactive|Pipich has 120 seconds left.
|
|t:|1760762835
|switch|p2a: Walking Wake|Walking Wake, tera:Water|83/100
|-damage|p2a: Walking Wake|70/100|[from] Stealth Rock
|-activate|p2a: Walking Wake|ability: Protosynthesis
|-start|p2a: Walking Wake|protosynthesisspe
|turn|21
|inactive|Pipich has 120 seconds left.
|
|t:|1760762847
|-end|p2a: Walking Wake|Protosynthesis|[silent]
|switch|p2a: Rillaboom|Rillaboom, F|26/100
|-damage|p2a: Rillaboom|14/100|[from] Stealth Rock
|move|p1a: Ogerpon|Horn Leech|p2a: Rillaboom
|-resisted|p2a: Rillaboom
|-damage|p2a: Rillaboom|0 fnt
|-heal|p1a: Ogerpon|100/100|[from] drain|[of] p2a: Rillaboom
|faint|p2a: Rillaboom
|
|-weather|none
|upkeep
|
|t:|1760762859
|switch|p2a: Iron Valiant|Iron Valiant|100/100
|-damage|p2a: Iron Valiant|94/100|[from] Stealth Rock
|turn|22
|
|t:|1760762893
|switch|p1a: Corviknight|Corviknight, F|70/100
|-damage|p1a: Corviknight|58/100|[from] Stealth Rock
|-ability|p1a: Corviknight|Pressure
|move|p2a: Iron Valiant|Close Combat|p1a: Corviknight
|-damage|p1a: Corviknight|10/100
|-unboost|p2a: Iron Valiant|def|1
|-unboost|p2a: Iron Valiant|spd|1
|-damage|p2a: Iron Valiant|78/100|[from] item: Rocky Helmet|[of] p1a: Corviknight
|-damage|p2a: Iron Valiant|68/100|[from] item: Life Orb
|
|-heal|p2a: Iron Valiant|74/100|[from] Grassy Terrain
|-fieldend|move: Grassy Terrain
|upkeep
|turn|23
|inactive|michaelgoalise has 120 seconds left.
|
|t:|1760762910
|move|p2a: Iron Valiant|Knock Off|p1a: Corviknight
|-damage|p1a: Corviknight|0 fnt
|-damage|p2a: Iron Valiant|58/100|[from] item: Rocky Helmet|[of] p1a: Corviknight
|-enditem|p1a: Corviknight|Rocky Helmet|[from] move: Knock Off|[of] p2a: Iron Valiant
|faint|p1a: Corviknight
|-damage|p2a: Iron Valiant|48/100|[from] item: Life Orb
|
|upkeep
|inactive|michaelgoalise has 120 seconds left.
|
|t:|1760762916
|switch|p1a: Iron Valiant|Iron Valiant|100/100
|-damage|p1a: Iron Valiant|94/100|[from] Stealth Rock
|-enditem|p1a: Iron Valiant|Booster Energy
|-activate|p1a: Iron Valiant|ability: Quark Drive|[fromitem]
|-start|p1a: Iron Valiant|quarkdrivespe
|turn|24
|
|t:|1760762931
|-end|p2a: Iron Valiant|Quark Drive|[silent]
|switch|p2a: Great Tusk|Great Tusk|74/100
|-damage|p2a: Great Tusk|71/100|[from] Stealth Rock
|move|p1a: Iron Valiant|Moonblast|p2a: Great Tusk
|-supereffective|p2a: Great Tusk
|-damage|p2a: Great Tusk|0 fnt
|faint|p2a: Great Tusk
|-end|p2a: Great Tusk|Protosynthesis|[silent]
|
|upkeep
|
|t:|1760762942
|switch|p2a: Walking Wake|Walking Wake, tera:Water|70/100
|-damage|p2a: Walking Wake|58/100|[from] Stealth Rock
|turn|25
|c|☆Pipich|Gg i made a mistake
|j| wgw2333
|inactive|michaelgoalise has 120 seconds left.
|
|t:|1760762972
|move|p1a: Iron Valiant|Thunderbolt|p2a: Walking Wake
|-supereffective|p2a: Walking Wake
|-damage|p2a: Walking Wake|0 fnt
|faint|p2a: Walking Wake
|-end|p2a: Walking Wake|Protosynthesis|[silent]
|
|upkeep
|-message|Pipich forfeited.
|
|win|michaelgoalise
|raw|michaelgoalise's rating: 1528 &rarr; <strong>1551</strong><br />(+23 for winning)
|raw|Pipich's rating: 1588 &rarr; <strong>1565</strong><br />(-23 for losing)
|l|☆Pipich
|player|p2|
|l|☆michaelgoalise
|player|p1|
|l| wgw2333
