|j|☆sminey
|j|☆ykykp
|t:|1760762787
|gametype|singles
|player|p1|sminey|palmer|1465
|player|p2|ykykp|170|1560
|gen|9
|tier|[Gen 9] OU
|rated|
|rule|HP Percentage Mod: HP is shown in percentages
|rule|Endless Battle Clause: Forcing endless battles is banned
|rule|Species Clause: Limit one of each Pokémon
|rule|OHKO Clause: OHKO moves are banned
|rule|Evasion Items Clause: Evasion items are banned
|rule|Evasion Moves Clause: Evasion moves are banned
|rule|Evasion Abilities Clause: Evasion abilities are banned
|rule|Sleep Moves Clause: Sleep-inducing moves are banned
|clearpoke
|poke|p1|Cinderace, F|
|poke|p1|Zapdos|
|poke|p1|Latios, M|
|poke|p1|Weavile, F|
|poke|p1|Clefable, F|
|poke|p1|Slowking-Galar, M|
|poke|p2|Barraskewda, M|
|poke|p2|Pelipper, F|
|poke|p2|Tornadus-Therian, M|
|poke|p2|Decidueye-Hisui, F|
|poke|p2|Iron Treads|
|poke|p2|Iron Hands|
|teampreview
|inactive|Battle timer is ON: inactive players will automatically lose when time's up. (requested by ykykp)
|
|t:|1760762794
|teamsize|p1|6
|teamsize|p2|6
|start
|switch|p1a: Zapdos|Zapdos|100/100
|switch|p2a: Iron Hands|Iron Hands|100/100
|turn|1
|
|t:|1760762798
|move|p1a: Zapdos|Hurricane|p2a: Iron Hands
|-damage|p2a: Iron Hands|76/100
|-start|p2a: Iron Hands|confusion
|-activate|p2a: Iron Hands|confusion
|move|p2a: Iron Hands|Ice Punch|p1a: Zapdos
|-supereffective|p1a: Zapdos
|-damage|p1a: Zapdos|56/100
|
|upkeep
|turn|2
|
|t:|1760762814
|move|p1a: Zapdos|Roost|p1a: Zapdos
|-heal|p1a: Zapdos|100/100
|-singleturn|p1a: Zapdos|move: Roost
|-end|p2a: Iron Hands|confusion
|move|p2a: Iron Hands|Supercell Slam|p1a: Zapdos
|-resisted|p1a: Zapdos
|-damage|p1a: Zapdos|78/100
|
|upkeep
|turn|3
|
|t:|1760762825
|move|p1a: Zapdos|Volt Switch|p2a: Iron Hands
|-resisted|p2a: Iron Hands
|-damage|p2a: Iron Hands|69/100
|
|t:|1760762827
|switch|p1a: Clefable|Clefable, F|100/100|[from] Volt Switch
|move|p2a: Iron Hands|Supercell Slam|p1a: Clefable
|-damage|p1a: Clefable|58/100
|
|upkeep
|turn|4
|
|t:|1760762831
|move|p1a: Clefable|Moonblast|p2a: Iron Hands
|-supereffective|p2a: Iron Hands
|-damage|p2a: Iron Hands|35/100
|move|p2a: Iron Hands|Heavy Slam|p1a: Clefable
|-supereffective|p1a: Clefable
|-damage|p1a: Clefable|0 fnt
|faint|p1a: Clefable
|
|upkeep
|
|t:|1760762854
|switch|p1a: Latios|Latios, M|100/100
|turn|5
|
|t:|1760762868
|-end|p2a: Iron Hands|Quark Drive|[silent]
|switch|p2a: Pelipper|Pelipper, F|100/100
|-weather|RainDance|[from] ability: Drizzle|[of] p2a: Pelipper
|move|p1a: Latios|Luster Purge|p2a: Pelipper
|-damage|p2a: Pelipper|44/100
|
|-weather|RainDance|[upkeep]
|upkeep
|turn|6
|
|t:|1760762877
|switch|p2a: Iron Treads|Iron Treads|100/100
|move|p1a: Latios|Luster Purge|p2a: Iron Treads
|-resisted|p2a: Iron Treads
|-damage|p2a: Iron Treads|79/100
|-unboost|p2a: Iron Treads|spd|1
|
|-weather|RainDance|[upkeep]
|-heal|p2a: Iron Treads|85/100|[from] item: Leftovers
|upkeep
|turn|7
|
|t:|1760762886
|switch|p1a: Zapdos|Zapdos|78/100
|move|p2a: Iron Treads|Knock Off|p1a: Zapdos
|-damage|p1a: Zapdos|61/100
|-status|p2a: Iron Treads|par|[from] ability: Static|[of] p1a: Zapdos
|-enditem|p1a: Zapdos|Heavy-Duty Boots|[from] move: Knock Off|[of] p2a: Iron Treads
|
|-weather|RainDance|[upkeep]
|-heal|p2a: Iron Treads|91/100 par|[from] item: Leftovers
|upkeep
|turn|8
|
|t:|1760762895
|switch|p1a: Latios|Latios, M|100/100
|move|p2a: Iron Treads|Stealth Rock|p1a: Latios
|-sidestart|p1: sminey|move: Stealth Rock
|
|-weather|RainDance|[upkeep]
|-heal|p2a: Iron Treads|97/100 par|[from] item: Leftovers
|upkeep
|turn|9
|
|t:|1760762903
|move|p1a: Latios|Flip Turn|p2a: Iron Treads
|-supereffective|p2a: Iron Treads
|-damage|p2a: Iron Treads|70/100 par
|
|t:|1760762906
|switch|p1a: Zapdos|Zapdos|61/100|[from] Flip Turn
|-damage|p1a: Zapdos|36/100|[from] Stealth Rock
|cant|p2a: Iron Treads|par
|
|-weather|RainDance|[upkeep]
|-heal|p2a: Iron Treads|76/100 par|[from] item: Leftovers
|upkeep
|turn|10
|
|t:|1760762917
|-end|p2a: Iron Treads|Quark Drive|[silent]
|switch|p2a: Iron Hands|Iron Hands|35/100
|move|p1a: Zapdos|Roost|p1a: Zapdos
|-heal|p1a: Zapdos|86/100
|-singleturn|p1a: Zapdos|move: Roost
|
|-weather|RainDance|[upkeep]
|upkeep
|turn|11
|
|t:|1760762925
|move|p1a: Zapdos|Hurricane|p2a: Iron Hands
|-damage|p2a: Iron Hands|12/100
|move|p2a: Iron Hands|Ice Punch|p1a: Zapdos
|-supereffective|p1a: Zapdos
|-damage|p1a: Zapdos|38/100
|
|-weather|RainDance|[upkeep]
|upkeep
|turn|12
|
|t:|1760762932
|move|p1a: Zapdos|Roost|p1a: Zapdos
|-heal|p1a: Zapdos|88/100
|-singleturn|p1a: Zapdos|move: Roost
|move|p2a: Iron Hands|Close Combat|p1a: Zapdos
|-damage|p1a: Zapdos|33/100
|-unboost|p2a: Iron Hands|def|1
|-unboost|p2a: Iron Hands|spd|1
|
|-weather|none
|upkeep
|turn|13
|
|t:|1760762940
|move|p1a: Zapdos|Volt Switch|p2a: Iron Hands
|-resisted|p2a: Iron Hands
|-damage|p2a: Iron Hands|1/100
|
|t:|1760762947
|switch|p1a: Latios|Latios, M|100/100|[from] Volt Switch
|-damage|p1a: Latios|88/100|[from] Stealth Rock
|move|p2a: Iron Hands|Ice Punch|p1a: Latios
|-supereffective|p1a: Latios
|-damage|p1a: Latios|10/100
|
|upkeep
|turn|14
|
|t:|1760762952
|move|p1a: Latios|Flip Turn|p2a: Iron Hands
|-damage|p2a: Iron Hands|0 fnt
|faint|p2a: Iron Hands
|-end|p2a: Iron Hands|Quark Drive|[silent]
|
|t:|1760762956
|switch|p1a: Zapdos|Zapdos|33/100|[from] Flip Turn
|-damage|p1a: Zapdos|8/100|[from] Stealth Rock
|
|upkeep
|
|t:|1760762963
|switch|p2a: Barraskewda|Barraskewda, M|100/100
|turn|15
|
|t:|1760762970
|move|p2a: Barraskewda|Flip Turn|p1a: Zapdos
|-damage|p1a: Zapdos|0 fnt
|faint|p1a: Zapdos
|-damage|p2a: Barraskewda|91/100|[from] item: Life Orb
|
|t:|1760762972
|switch|p2a: Pelipper|Pelipper, F|44/100|[from] Flip Turn
|-weather|RainDance|[from] ability: Drizzle|[of] p2a: Pelipper
|
|-weather|RainDance|[upkeep]
|upkeep
|
|t:|1760762980
|switch|p1a: Cinderace|Cinderace, F|100/100
|turn|16
|
|t:|1760762992
|switch|p2a: Barraskewda|Barraskewda, M|91/100
|move|p1a: Cinderace|Court Change|p1a: Cinderace
|-start|p1a: Cinderace|typechange|Normal|[from] ability: Libero
|-swapsideconditions
|-activate|p1a: Cinderace|move: Court Change
|
|-weather|RainDance|[upkeep]
|upkeep
|turn|17
|
|t:|1760763003
|move|p1a: Cinderace|Sucker Punch|p2a: Barraskewda
|-damage|p2a: Barraskewda|50/100
|move|p2a: Barraskewda|Liquidation|p1a: Cinderace
|-damage|p1a: Cinderace|0 fnt
|faint|p1a: Cinderace
|-damage|p2a: Barraskewda|40/100|[from] item: Life Orb
|
|-weather|RainDance|[upkeep]
|upkeep
|
|t:|1760763014
|switch|p1a: Slowking|Slowking-Galar, M|100/100
|turn|18
|
|t:|1760763026
|move|p2a: Barraskewda|Liquidation|p1a: Slowking
|-damage|p1a: Slowking|6/100
|-damage|p2a: Barraskewda|30/100|[from] item: Life Orb
|move|p1a: Slowking|Psyshock|p2a: Barraskewda
|-damage|p2a: Barraskewda|0 fnt
|faint|p2a: Barraskewda
|
|-weather|RainDance|[upkeep]
|upkeep
|
|t:|1760763036
|switch|p2a: Tornadus|Tornadus-Therian, M|100/100
|-damage|p2a: Tornadus|75/100|[from] Stealth Rock
|turn|19
|
|t:|1760763043
|move|p2a: Tornadus|Hurricane|p1a: Slowking
|-damage|p1a: Slowking|0 fnt
|faint|p1a: Slowking
|
|-weather|RainDance|[upkeep]
|upkeep
|
|t:|1760763068
|switch|p1a: Weavile|Weavile, F|100/100
|-ability|p1a: Weavile|Pressure
|turn|20
|
|t:|1760763076
|switch|p2a: Decidueye|Decidueye-Hisui, F|100/100
|-damage|p2a: Decidueye|94/100|[from] Stealth Rock
|move|p1a: Weavile|Triple Axel|p2a: Decidueye
|-supereffective|p2a: Decidueye
|-damage|p2a: Decidueye|78/100
|-damage|p1a: Weavile|84/100|[from] item: Rocky Helmet|[of] p2a: Decidueye
|-supereffective|p2a: Decidueye
|-damage|p2a: Decidueye|48/100
|-damage|p1a: Weavile|68/100|[from] item: Rocky Helmet|[of] p2a: Decidueye
|-supereffective|p2a: Decidueye
|-damage|p2a: Decidueye|1/100
|-damage|p1a: Weavile|51/100|[from] item: Rocky Helmet|[of] p2a: Decidueye
|-hitcount|p2a: Decidueye|3
|
|-weather|RainDance|[upkeep]
|upkeep
|turn|21
|
|t:|1760763089
|move|p1a: Weavile|Ice Shard|p2a: Decidueye
|-supereffective|p2a: Decidueye
|-damage|p2a: Decidueye|0 fnt
|faint|p2a: Decidueye
|
|-weather|RainDance|[upkeep]
|upkeep
|
|t:|1760763092
|switch|p2a: Iron Treads|Iron Treads|76/100 par
|-damage|p2a: Iron Treads|73/100 par|[from] Stealth Rock
|turn|22
|
|t:|1760763109
|-terastallize|p1a: Weavile|Ice
|move|p1a: Weavile|Triple Axel|p2a: Iron Treads
|-damage|p2a: Iron Treads|62/100 par
|-damage|p2a: Iron Treads|43/100 par
|-damage|p2a: Iron Treads|15/100 par
|-hitcount|p2a: Iron Treads|3
|cant|p2a: Iron Treads|par
|
|-weather|none
|-heal|p2a: Iron Treads|21/100 par|[from] item: Leftovers
|upkeep
|turn|23
|
|t:|1760763123
|move|p1a: Weavile|Knock Off|p2a: Iron Treads
|-damage|p2a: Iron Treads|0 fnt
|-enditem|p2a: Iron Treads|Leftovers|[from] move: Knock Off|[of] p1a: Weavile
|faint|p2a: Iron Treads
|-end|p2a: Iron Treads|Quark Drive|[silent]
|
|upkeep
|
|t:|1760763126
|switch|p2a: Pelipper|Pelipper, F|44/100
|-damage|p2a: Pelipper|20/100|[from] Stealth Rock
|-weather|RainDance|[from] ability: Drizzle|[of] p2a: Pelipper
|turn|24
|
|t:|1760763129
|move|p1a: Weavile|Knock Off|p2a: Pelipper
|-damage|p2a: Pelipper|0 fnt
|-enditem|p2a: Pelipper|Damp Rock|[from] move: Knock Off|[of] p1a: Weavile
|faint|p2a: Pelipper
|
|-weather|RainDance|[upkeep]
|upkeep
|
|t:|1760763133
|switch|p2a: Tornadus|Tornadus-Therian, M|100/100
|-damage|p2a: Tornadus|75/100|[from] Stealth Rock
|turn|25
|
|t:|1760763146
|move|p1a: Weavile|Ice Shard|p2a: Tornadus
|-supereffective|p2a: Tornadus
|-damage|p2a: Tornadus|2/100
|move|p2a: Tornadus|Weather Ball|p1a: Weavile
|-damage|p1a: Weavile|0 fnt
|faint|p1a: Weavile
|
|-weather|RainDance|[upkeep]
|upkeep
|
|t:|1760763154
|switch|p1a: Latios|Latios, M|10/100
|turn|26
|
|t:|1760763156
|move|p1a: Latios|Flip Turn|p2a: Tornadus
|-damage|p2a: Tornadus|0 fnt
|faint|p2a: Tornadus
|
|win|sminey
|raw|sminey's rating: 1465 &rarr; <strong>1490</strong><br />(+25 for winning)
|raw|ykykp's rating: 1560 &rarr; <strong>1535</strong><br />(-25 for losing)
|l|☆ykykp
|player|p2|
|c|☆sminey|gg
|l|☆sminey
|player|p1|
