|j|☆jduz
|j|☆fatbozo440
|t:|1760768096
|gametype|singles
|player|p1|jduz|dawn|1301
|player|p2|fatbozo440|170|1227
|gen|9
|tier|[Gen 9] OU
|rated|
|rule|HP Percentage Mod: HP is shown in percentages
|rule|Endless Battle Clause: Forcing endless battles is banned
|rule|Species Clause: Limit one of each Pokémon
|rule|OHKO Clause: OHKO moves are banned
|rule|Evasion Items Clause: Evasion items are banned
|rule|Evasion Moves Clause: Evasion moves are banned
|rule|Evasion Abilities Clause: Evasion abilities are banned
|rule|Sleep Moves Clause: Sleep-inducing moves are banned
|clearpoke
|poke|p1|Slowking-Galar, M|
|poke|p1|Gholdengo|
|poke|p1|Rotom-Heat|
|poke|p1|Corviknight, M|
|poke|p1|Meowscarada, F|
|poke|p1|Great Tusk|
|poke|p2|Moltres|
|poke|p2|Weezing-Galar, M|
|poke|p2|Ting-Lu|
|poke|p2|Alomomola, M|
|poke|p2|Pecharunt|
|poke|p2|Dondozo, M|
|teampreview
|inactive|Battle timer is ON: inactive players will automatically lose when time's up. (requested by jduz)
|inactive|fatbozo440 also wants the timer to be on.
|
|t:|1760768120
|teamsize|p1|6
|teamsize|p2|6
|start
|switch|p1a: Meowscarada|Meowscarada, F|100/100
|switch|p2a: Moltres|Moltres|100/100
|turn|1
|
|t:|1760768126
|switch|p1a: Slowking|Slowking-Galar, M|100/100
|move|p2a: Moltres|Will-O-Wisp|p1a: Slowking
|-status|p1a: Slowking|brn
|
|-damage|p1a: Slowking|94/100 brn|[from] brn
|upkeep
|turn|2
|
|t:|1760768135
|move|p2a: Moltres|Overheat|p1a: Slowking|[miss]
|-miss|p2a: Moltres|p1a: Slowking
|move|p1a: Slowking|Trick|p2a: Moltres
|-activate|p1a: Slowking|move: Trick|[of] p2a: Moltres
|-item|p2a: Moltres|Black Sludge|[from] move: Trick
|-item|p1a: Slowking|Heavy-Duty Boots|[from] move: Trick
|
|-damage|p2a: Moltres|88/100|[from] item: Black Sludge
|-damage|p1a: Slowking|88/100 brn|[from] brn
|upkeep
|turn|3
|
|t:|1760768142
|move|p2a: Moltres|Overheat|p1a: Slowking|[miss]
|-miss|p2a: Moltres|p1a: Slowking
|move|p1a: Slowking|Toxic|p2a: Moltres
|-status|p2a: Moltres|tox
|
|-damage|p2a: Moltres|76/100 tox|[from] item: Black Sludge
|-damage|p2a: Moltres|70/100 tox|[from] psn
|-damage|p1a: Slowking|82/100 brn|[from] brn
|upkeep
|turn|4
|
|t:|1760768147
|move|p2a: Moltres|Overheat|p1a: Slowking
|-damage|p1a: Slowking|43/100 brn
|-unboost|p2a: Moltres|spa|2
|-prepare|p1a: Slowking|Chilly Reception|[premajor]
|move|p1a: Slowking|Chilly Reception|p1a: Slowking
|-weather|Snowscape
|
|t:|1760768155
|switch|p1a: Rotom|Rotom-Heat|100/100|[from] Chilly Reception
|
|-weather|Snowscape|[upkeep]
|-damage|p2a: Moltres|58/100 tox|[from] item: Black Sludge
|-damage|p2a: Moltres|46/100 tox|[from] psn
|upkeep
|turn|5
|
|t:|1760768162
|switch|p1a: Slowking|Slowking-Galar, M|76/100 brn
|switch|p2a: Ting-Lu|Ting-Lu|100/100
|-ability|p2a: Ting-Lu|Vessel of Ruin
|
|-weather|Snowscape|[upkeep]
|-damage|p1a: Slowking|70/100 brn|[from] brn
|upkeep
|turn|6
|
|t:|1760768170
|move|p2a: Ting-Lu|Earthquake|p1a: Slowking
|-supereffective|p1a: Slowking
|-damage|p1a: Slowking|11/100 brn
|move|p1a: Slowking|Toxic|p2a: Ting-Lu
|-status|p2a: Ting-Lu|tox
|
|-weather|Snowscape|[upkeep]
|-damage|p2a: Ting-Lu|94/100 tox|[from] psn
|-damage|p1a: Slowking|5/100 brn|[from] brn
|upkeep
|turn|7
|
|t:|1760768184
|switch|p1a: Corviknight|Corviknight, M|100/100
|-ability|p1a: Corviknight|Pressure
|move|p2a: Ting-Lu|Throat Chop|p1a: Corviknight
|-damage|p1a: Corviknight|83/100
|-start|p1a: Corviknight|Throat Chop|[silent]
|
|-weather|Snowscape|[upkeep]
|-heal|p1a: Corviknight|89/100|[from] item: Leftovers
|-damage|p2a: Ting-Lu|82/100 tox|[from] psn
|upkeep
|turn|8
|
|t:|1760768197
|switch|p2a: Alomomola|Alomomola, M|100/100
|move|p1a: Corviknight|U-turn|p2a: Alomomola
|-damage|p2a: Alomomola|92/100
|-damage|p1a: Corviknight|73/100|[from] item: Rocky Helmet|[of] p2a: Alomomola
|
|t:|1760768204
|switch|p1a: Meowscarada|Meowscarada, F|100/100|[from] U-turn
|
|-weather|none
|upkeep
|turn|9
|inactive|fatbozo440 has 120 seconds left.
|
|t:|1760768257
|switch|p2a: Pecharunt|Pecharunt|100/100
|move|p1a: Meowscarada|Trick|p2a: Pecharunt
|-start|p1a: Meowscarada|typechange|Psychic|[from] ability: Protean
|-activate|p1a: Meowscarada|move: Trick|[of] p2a: Pecharunt
|-item|p2a: Pecharunt|Choice Band|[from] move: Trick
|-item|p1a: Meowscarada|Leftovers|[from] move: Trick
|
|upkeep
|turn|10
|
|t:|1760768267
|switch|p1a: Corviknight|Corviknight, M|73/100
|-ability|p1a: Corviknight|Pressure
|move|p2a: Pecharunt|Parting Shot|p1a: Corviknight
|-unboost|p1a: Corviknight|atk|1
|-unboost|p1a: Corviknight|spa|1
|
|t:|1760768280
|switch|p2a: Alomomola|Alomomola, M|100/100|[from] Parting Shot
|
|-heal|p1a: Corviknight|79/100|[from] item: Leftovers
|upkeep
|turn|11
|
|t:|1760768284
|move|p1a: Corviknight|U-turn|p2a: Alomomola
|-damage|p2a: Alomomola|95/100
|-damage|p1a: Corviknight|62/100|[from] item: Rocky Helmet|[of] p2a: Alomomola
|
|t:|1760768288
|switch|p1a: Slowking|Slowking-Galar, M|38/100 brn|[from] U-turn
|move|p2a: Alomomola|Wish|p2a: Alomomola
|
|-damage|p1a: Slowking|32/100 brn|[from] brn
|upkeep
|turn|12
|
|t:|1760768295
|move|p2a: Alomomola|Whirlpool|p1a: Slowking
|-damage|p1a: Slowking|28/100 brn
|-activate|p1a: Slowking|move: Whirlpool|[of] p2a: Alomomola
|move|p1a: Slowking|Future Sight|p2a: Alomomola
|-start|p1a: Slowking|move: Future Sight
|
|-heal|p2a: Alomomola|100/100|[from] move: Wish|[wisher] Alomomola
|-damage|p1a: Slowking|22/100 brn|[from] brn
|-damage|p1a: Slowking|10/100 brn|[from] move: Whirlpool|[partiallytrapped]
|upkeep
|turn|13
|inactive|fatbozo440 has 120 seconds left.
|
|t:|1760768300
|move|p2a: Alomomola|Flip Turn|p1a: Slowking
|-damage|p1a: Slowking|0 fnt
|faint|p1a: Slowking
|inactive|fatbozo440 has 120 seconds left.
|
|t:|1760768309
|switch|p2a: Pecharunt|Pecharunt|100/100|[from] Flip Turn
|
|upkeep
|
|t:|1760768317
|switch|p1a: Great Tusk|Great Tusk|100/100
|turn|14
|
|t:|1760768326
|-end|p1a: Great Tusk|Protosynthesis|[silent]
|switch|p1a: Corviknight|Corviknight, M|62/100
|-ability|p1a: Corviknight|Pressure
|switch|p2a: Moltres|Moltres|46/100 tox
|
|-end|p2a: Moltres|move: Future Sight
|-damage|p2a: Moltres|15/100 tox
|-damage|p2a: Moltres|3/100 tox|[from] item: Black Sludge
|-heal|p1a: Corviknight|69/100|[from] item: Leftovers
|-damage|p2a: Moltres|0 fnt|[from] psn
|faint|p2a: Moltres
|upkeep
|
|t:|1760768339
|switch|p2a: Alomomola|Alomomola, M|100/100
|turn|15
|
|t:|1760768343
|move|p1a: Corviknight|Roost|p1a: Corviknight
|-heal|p1a: Corviknight|100/100
|-singleturn|p1a: Corviknight|move: Roost
|move|p2a: Alomomola|Whirlpool|p1a: Corviknight|[miss]
|-miss|p2a: Alomomola|p1a: Corviknight
|
|upkeep
|turn|16
|
|t:|1760768353
|move|p1a: Corviknight|U-turn|p2a: Alomomola
|-damage|p2a: Alomomola|93/100
|-damage|p1a: Corviknight|84/100|[from] item: Rocky Helmet|[of] p2a: Alomomola
|
|t:|1760768357
|switch|p1a: Gholdengo|Gholdengo|100/100|[from] U-turn
|move|p2a: Alomomola|Whirlpool|p1a: Gholdengo
|-damage|p1a: Gholdengo|94/100
|-activate|p1a: Gholdengo|move: Whirlpool|[of] p2a: Alomomola
|
|-heal|p1a: Gholdengo|99/100|[from] item: Leftovers
|-damage|p1a: Gholdengo|87/100|[from] move: Whirlpool|[partiallytrapped]
|upkeep
|turn|17
|
|t:|1760768377
|move|p1a: Gholdengo|Thunder Wave|p2a: Alomomola
|-status|p2a: Alomomola|par
|move|p2a: Alomomola|Wish|p2a: Alomomola
|
|-heal|p1a: Gholdengo|94/100|[from] item: Leftovers
|-damage|p1a: Gholdengo|81/100|[from] move: Whirlpool|[partiallytrapped]
|upkeep
|turn|18
|
|t:|1760768386
|move|p1a: Gholdengo|Hex|p2a: Alomomola
|-damage|p2a: Alomomola|7/100 par
|move|p2a: Alomomola|Flip Turn|p1a: Gholdengo
|-damage|p1a: Gholdengo|63/100
|
|t:|1760768391
|switch|p2a: Ting-Lu|Ting-Lu|82/100 tox|[from] Flip Turn
|-ability|p2a: Ting-Lu|Vessel of Ruin
|
|-heal|p2a: Ting-Lu|100/100 tox|[from] move: Wish|[wisher] Alomomola
|-heal|p1a: Gholdengo|69/100|[from] item: Leftovers
|-damage|p2a: Ting-Lu|94/100 tox|[from] psn
|-end|p1a: Gholdengo|Whirlpool|[partiallytrapped]|[silent]
|upkeep
|turn|19
|
|t:|1760768398
|switch|p1a: Corviknight|Corviknight, M|84/100
|-ability|p1a: Corviknight|Pressure
|move|p2a: Ting-Lu|Throat Chop|p1a: Corviknight
|-damage|p1a: Corviknight|67/100
|-start|p1a: Corviknight|Throat Chop|[silent]
|
|-heal|p1a: Corviknight|73/100|[from] item: Leftovers
|-damage|p2a: Ting-Lu|82/100 tox|[from] psn
|upkeep
|turn|20
|
|t:|1760768416
|switch|p2a: Dondozo|Dondozo, M|100/100
|move|p1a: Corviknight|U-turn|p2a: Dondozo
|-damage|p2a: Dondozo|94/100
|
|t:|1760768421
|switch|p1a: Rotom|Rotom-Heat|100/100|[from] U-turn
|
|-heal|p2a: Dondozo|99/100|[from] item: Leftovers
|upkeep
|turn|21
|
|t:|1760768427
|switch|p2a: Ting-Lu|Ting-Lu|82/100 tox
|-ability|p2a: Ting-Lu|Vessel of Ruin
|move|p1a: Rotom|Volt Switch|p2a: Ting-Lu
|-immune|p2a: Ting-Lu
|
|-damage|p2a: Ting-Lu|76/100 tox|[from] psn
|upkeep
|turn|22
|
|t:|1760768438
|switch|p1a: Corviknight|Corviknight, M|73/100
|-ability|p1a: Corviknight|Pressure
|switch|p2a: Dondozo|Dondozo, M|99/100
|
|-heal|p1a: Corviknight|80/100|[from] item: Leftovers
|-heal|p2a: Dondozo|100/100|[from] item: Leftovers
|upkeep
|turn|23
|
|t:|1760768442
|move|p1a: Corviknight|U-turn|p2a: Dondozo
|-damage|p2a: Dondozo|94/100
|
|t:|1760768445
|switch|p1a: Gholdengo|Gholdengo|69/100|[from] U-turn
|move|p2a: Dondozo|Curse|p2a: Dondozo
|-unboost|p2a: Dondozo|spe|1
|-boost|p2a: Dondozo|atk|1
|-boost|p2a: Dondozo|def|1
|
|-heal|p1a: Gholdengo|75/100|[from] item: Leftovers
|-heal|p2a: Dondozo|99/100|[from] item: Leftovers
|upkeep
|turn|24
|
|t:|1760768449
|move|p1a: Gholdengo|Thunder Wave|p2a: Dondozo
|-status|p2a: Dondozo|par
|move|p2a: Dondozo|Liquidation|p1a: Gholdengo
|-damage|p1a: Gholdengo|20/100
|
|-heal|p1a: Gholdengo|27/100|[from] item: Leftovers
|-heal|p2a: Dondozo|100/100 par|[from] item: Leftovers
|upkeep
|turn|25
|
|t:|1760768458
|move|p1a: Gholdengo|Recover|p1a: Gholdengo
|-heal|p1a: Gholdengo|77/100
|move|p2a: Dondozo|Liquidation|p1a: Gholdengo
|-damage|p1a: Gholdengo|26/100
|
|-heal|p1a: Gholdengo|32/100|[from] item: Leftovers
|upkeep
|turn|26
|
|t:|1760768464
|move|p1a: Gholdengo|Recover|p1a: Gholdengo
|-heal|p1a: Gholdengo|82/100
|move|p2a: Dondozo|Curse|p2a: Dondozo
|-unboost|p2a: Dondozo|spe|1
|-boost|p2a: Dondozo|atk|1
|-boost|p2a: Dondozo|def|1
|
|-heal|p1a: Gholdengo|88/100|[from] item: Leftovers
|upkeep
|turn|27
|
|t:|1760768470
|-terastallize|p2a: Dondozo|Water
|move|p1a: Gholdengo|Hex|p2a: Dondozo
|-crit|p2a: Dondozo
|-damage|p2a: Dondozo|0 fnt
|faint|p2a: Dondozo
|
|-heal|p1a: Gholdengo|94/100|[from] item: Leftovers
|upkeep
|
|t:|1760768489
|switch|p2a: Pecharunt|Pecharunt|100/100
|turn|28
|
|t:|1760768500
|move|p1a: Gholdengo|Thunder Wave|p2a: Pecharunt
|-status|p2a: Pecharunt|par
|cant|p2a: Pecharunt|par
|
|-heal|p1a: Gholdengo|99/100|[from] item: Leftovers
|upkeep
|turn|29
|-message|fatbozo440 forfeited.
|
|win|jduz
|raw|jduz's rating: 1301 &rarr; <strong>1317</strong><br />(+16 for winning)
|raw|fatbozo440's rating: 1227 &rarr; <strong>1207</strong><br />(-20 for losing)
|l|☆fatbozo440
|player|p2|
|l|☆jduz
|player|p1|
