|j|☆V4-l4ck1n
|j|☆mightynoctowl
|t:|1760796922
|gametype|singles
|player|p1|V4-l4ck1n|265|1338
|player|p2|mightynoctowl|170|1257
|gen|9
|tier|[Gen 9] OU
|rated|
|rule|HP Percentage Mod: HP is shown in percentages
|rule|Endless Battle Clause: Forcing endless battles is banned
|rule|Species Clause: Limit one of each Pokémon
|rule|OHKO Clause: OHKO moves are banned
|rule|Evasion Items Clause: Evasion items are banned
|rule|Evasion Moves Clause: Evasion moves are banned
|rule|Evasion Abilities Clause: Evasion abilities are banned
|rule|Sleep Moves Clause: Sleep-inducing moves are banned
|clearpoke
|poke|p1|Garchomp, M|
|poke|p1|Ribombee, F|
|poke|p1|Great Tusk|
|poke|p1|Heatran, F|
|poke|p1|Cacturne, M|
|poke|p1|Gengar, F|
|poke|p2|Moltres|
|poke|p2|Chansey, F|
|poke|p2|Clefable, F|
|poke|p2|Hitmonlee, M|
|poke|p2|Sandslash, F|
|poke|p2|Vileplume, F|
|teampreview
|inactive|Battle timer is ON: inactive players will automatically lose when time's up. (requested by mightynoctowl)
|
|t:|1760796931
|teamsize|p1|6
|teamsize|p2|6
|start
|switch|p1a: Ribombee|Ribombee, F|100/100
|switch|p2a: Sandslash|Sandslash, F|100/100
|turn|1
|
|t:|1760796941
|switch|p2a: Moltres|Moltres|100/100
|move|p1a: Ribombee|Sticky Web|p2a: Moltres
|-sidestart|p2: mightynoctowl|move: Sticky Web
|
|upkeep
|turn|2
|
|t:|1760796949
|move|p1a: Ribombee|Psychic Noise|p2a: Moltres
|-damage|p2a: Moltres|77/100
|-start|p2a: Moltres|move: Heal Block
|move|p2a: Moltres|U-turn|p1a: Ribombee
|-resisted|p1a: Ribombee
|-damage|p1a: Ribombee|86/100
|
|t:|1760796956
|switch|p2a: Vileplume|Vileplume, F|100/100|[from] U-turn
|-activate|p2a: Vileplume|move: Sticky Web
|-unboost|p2a: Vileplume|spe|1
|
|upkeep
|turn|3
|
|t:|1760796967
|switch|p1a: Heatran|Heatran, F|100/100
|move|p2a: Vileplume|Leech Seed|p1a: Heatran
|-start|p1a: Heatran|move: Leech Seed
|
|-damage|p1a: Heatran|88/100|[from] Leech Seed|[of] p2a: Vileplume
|upkeep
|turn|4
|
|t:|1760796980
|switch|p1a: Cacturne|Cacturne, M, shiny|100/100
|switch|p2a: Chansey|Chansey, F|100/100
|-activate|p2a: Chansey|move: Sticky Web
|-unboost|p2a: Chansey|spe|1
|
|upkeep
|turn|5
|
|t:|1760796990
|switch|p2a: Vileplume|Vileplume, F|100/100
|-activate|p2a: Vileplume|move: Sticky Web
|-unboost|p2a: Vileplume|spe|1
|move|p1a: Cacturne|Knock Off|p2a: Vileplume
|-damage|p2a: Vileplume|53/100
|-enditem|p2a: Vileplume|Leftovers|[from] move: Knock Off|[of] p1a: Cacturne
|
|upkeep
|turn|6
|
|t:|1760797001
|move|p1a: Cacturne|Spikes|p2a: Vileplume
|-sidestart|p2: mightynoctowl|Spikes
|move|p2a: Vileplume|Giga Drain|p1a: Cacturne
|-resisted|p1a: Cacturne
|-damage|p1a: Cacturne|81/100
|-heal|p2a: Vileplume|62/100|[from] drain|[of] p1a: Cacturne
|
|upkeep
|turn|7
|
|t:|1760797006
|move|p1a: Cacturne|Spikes|p2a: Vileplume
|-sidestart|p2: mightynoctowl|Spikes
|move|p2a: Vileplume|Sludge Bomb|p1a: Cacturne
|-supereffective|p1a: Cacturne
|-damage|p1a: Cacturne|0 fnt
|faint|p1a: Cacturne
|
|upkeep
|
|t:|1760797017
|switch|p1a: Heatran|Heatran, F|88/100
|turn|8
|
|t:|1760797023
|switch|p2a: Chansey|Chansey, F|100/100
|-activate|p2a: Chansey|move: Sticky Web
|-unboost|p2a: Chansey|spe|1
|-damage|p2a: Chansey|84/100|[from] Spikes
|move|p1a: Heatran|Magma Storm|p2a: Chansey
|-damage|p2a: Chansey|71/100
|-activate|p2a: Chansey|move: Magma Storm|[of] p1a: Heatran
|
|-heal|p1a: Heatran|94/100|[from] item: Leftovers
|-damage|p2a: Chansey|59/100|[from] move: Magma Storm|[partiallytrapped]
|upkeep
|turn|9
|
|t:|1760797038
|switch|p1a: Ribombee|Ribombee, F|86/100
|move|p2a: Chansey|Stealth Rock|p1a: Ribombee
|-sidestart|p1: V4-l4ck1n|move: Stealth Rock
|
|-end|p2a: Chansey|Magma Storm|[partiallytrapped]|[silent]
|upkeep
|turn|10
|
|t:|1760797043
|move|p1a: Ribombee|Psychic Noise|p2a: Chansey
|-damage|p2a: Chansey|52/100
|-start|p2a: Chansey|move: Heal Block
|move|p2a: Chansey|Thunder Wave|p1a: Ribombee
|-status|p1a: Ribombee|par
|
|upkeep
|turn|11
|
|t:|1760797064
|switch|p1a: Garchomp|Garchomp, M|100/100
|-damage|p1a: Garchomp|94/100|[from] Stealth Rock
|switch|p2a: Moltres|Moltres|77/100
|
|upkeep
|turn|12
|
|t:|1760797074
|-terastallize|p1a: Garchomp|Fire
|move|p1a: Garchomp|Swords Dance|p1a: Garchomp
|-boost|p1a: Garchomp|atk|2
|move|p2a: Moltres|U-turn|p1a: Garchomp
|-resisted|p1a: Garchomp
|-damage|p1a: Garchomp|87/100
|-damage|p2a: Moltres|65/100|[from] ability: Rough Skin|[of] p1a: Garchomp
|
|t:|1760797079
|switch|p2a: Sandslash|Sandslash, F|100/100|[from] U-turn
|-activate|p2a: Sandslash|move: Sticky Web
|-unboost|p2a: Sandslash|spe|1
|-damage|p2a: Sandslash|84/100|[from] Spikes
|
|-heal|p2a: Sandslash|90/100|[from] item: Leftovers
|upkeep
|turn|13
|
|t:|1760797086
|move|p1a: Garchomp|Scale Shot|p2a: Sandslash
|-damage|p2a: Sandslash|71/100
|-damage|p2a: Sandslash|54/100
|-damage|p2a: Sandslash|37/100
|-damage|p2a: Sandslash|19/100
|-hitcount|p2a: Sandslash|4
|-unboost|p1a: Garchomp|def|1
|-boost|p1a: Garchomp|spe|1
|move|p2a: Sandslash|Earthquake|p1a: Garchomp
|-supereffective|p1a: Garchomp
|-damage|p1a: Garchomp|0 fnt
|faint|p1a: Garchomp
|
|-heal|p2a: Sandslash|25/100|[from] item: Leftovers
|upkeep
|
|t:|1760797099
|switch|p1a: Gengar|Gengar, F|100/100
|-damage|p1a: Gengar|88/100|[from] Stealth Rock
|turn|14
|
|t:|1760797106
|switch|p2a: Chansey|Chansey, F|52/100
|-activate|p2a: Chansey|move: Sticky Web
|-unboost|p2a: Chansey|spe|1
|-damage|p2a: Chansey|35/100|[from] Spikes
|move|p1a: Gengar|Focus Blast|p2a: Chansey
|-supereffective|p2a: Chansey
|-damage|p2a: Chansey|2/100
|-damage|p1a: Gengar|78/100|[from] item: Life Orb
|
|upkeep
|turn|15
|
|t:|1760797111
|move|p1a: Gengar|Icy Wind|p2a: Chansey
|-damage|p2a: Chansey|0 fnt
|faint|p2a: Chansey
|-damage|p1a: Gengar|68/100|[from] item: Life Orb
|
|upkeep
|
|t:|1760797120
|switch|p2a: Hitmonlee|Hitmonlee, M|100/100
|-activate|p2a: Hitmonlee|move: Sticky Web
|-unboost|p2a: Hitmonlee|spe|1
|-damage|p2a: Hitmonlee|84/100|[from] Spikes
|turn|16
|
|t:|1760797129
|move|p2a: Hitmonlee|Sucker Punch|p1a: Gengar
|-supereffective|p1a: Gengar
|-damage|p1a: Gengar|0 fnt
|faint|p1a: Gengar
|-damage|p2a: Hitmonlee|74/100|[from] item: Life Orb
|
|upkeep
|
|t:|1760797136
|switch|p1a: Great Tusk|Great Tusk|100/100
|turn|17
|
|t:|1760797145
|-end|p1a: Great Tusk|Protosynthesis|[silent]
|switch|p1a: Heatran|Heatran, F|94/100
|-damage|p1a: Heatran|82/100|[from] Stealth Rock
|move|p2a: Hitmonlee|High Jump Kick|p1a: Heatran
|-supereffective|p1a: Heatran
|-damage|p1a: Heatran|0 fnt
|faint|p1a: Heatran
|-damage|p2a: Hitmonlee|64/100|[from] item: Life Orb
|
|upkeep
|
|t:|1760797153
|switch|p1a: Ribombee|Ribombee, F|86/100 par
|-damage|p1a: Ribombee|61/100 par|[from] Stealth Rock
|turn|18
|
|t:|1760797157
|move|p2a: Hitmonlee|Double-Edge|p1a: Ribombee
|-damage|p1a: Ribombee|0 fnt
|faint|p1a: Ribombee
|-damage|p2a: Hitmonlee|42/100|[from] Recoil
|-damage|p2a: Hitmonlee|32/100|[from] item: Life Orb
|
|upkeep
|
|t:|1760797159
|switch|p1a: Great Tusk|Great Tusk|100/100
|turn|19
|
|t:|1760797163
|move|p1a: Great Tusk|Ice Spinner|p2a: Hitmonlee
|-damage|p2a: Hitmonlee|0 fnt
|faint|p2a: Hitmonlee
|
|upkeep
|
|t:|1760797166
|switch|p2a: Moltres|Moltres|65/100
|turn|20
|
|t:|1760797170
|move|p1a: Great Tusk|Ice Spinner|p2a: Moltres
|-damage|p2a: Moltres|45/100
|-status|p1a: Great Tusk|brn|[from] ability: Flame Body|[of] p2a: Moltres
|move|p2a: Moltres|Flamethrower|p1a: Great Tusk
|-damage|p1a: Great Tusk|42/100 brn
|
|-damage|p1a: Great Tusk|36/100 brn|[from] brn
|upkeep
|turn|21
|c|☆mightynoctowl|gg
|-message|V4-l4ck1n forfeited.
|
|win|mightynoctowl
|raw|V4-l4ck1n's rating: 1338 &rarr; <strong>1313</strong><br />(-25 for losing)
|raw|mightynoctowl's rating: 1257 &rarr; <strong>1288</strong><br />(+31 for winning)
|l|☆V4-l4ck1n
|player|p1|
|l|☆mightynoctowl
|player|p2|
