|j|☆Sneasel Squad 彡
|j|☆BLASfemia8145
|t:|1760734376
|gametype|singles
|player|p1|Sneasel Squad 彡|silver|1244
|player|p2|BLASfemia8145|gambler|1243
|gen|9
|tier|[Gen 9] OU
|rated|
|rule|HP Percentage Mod: HP is shown in percentages
|rule|Endless Battle Clause: Forcing endless battles is banned
|rule|Species Clause: Limit one of each Pokémon
|rule|OHKO Clause: OHKO moves are banned
|rule|Evasion Items Clause: Evasion items are banned
|rule|Evasion Moves Clause: Evasion moves are banned
|rule|Evasion Abilities Clause: Evasion abilities are banned
|rule|Sleep Moves Clause: Sleep-inducing moves are banned
|clearpoke
|poke|p1|Sneasel-Hisui, M|
|poke|p1|Great Tusk|
|poke|p1|Gholdengo|
|poke|p1|Dragapult, M|
|poke|p1|Kingambit, M|
|poke|p1|Primarina, F|
|poke|p2|Frosmoth, F|
|poke|p2|Lokix, F|
|poke|p2|Slither Wing|
|poke|p2|Scizor, F|
|poke|p2|Yanmega, F|
|poke|p2|Kleavor, M|
|teampreview
|inactive|Battle timer is ON: inactive players will automatically lose when time's up. (requested by BLASfemia8145)
|inactive|Sneasel Squad 彡 also wants the timer to be on.
|
|t:|1760734400
|teamsize|p1|6
|teamsize|p2|6
|start
|switch|p1a: Primarina|Primarina, F|100/100
|switch|p2a: Yanmega|Yanmega, F|100/100
|turn|1
|
|t:|1760734417
|move|p2a: Yanmega|Giga Drain|p1a: Primarina
|-supereffective|p1a: Primarina
|-damage|p1a: Primarina|45/100
|move|p1a: Primarina|Ice Beam|p2a: Yanmega
|-supereffective|p2a: Yanmega
|-damage|p2a: Yanmega|3/100
|
|upkeep
|turn|2
|
|t:|1760734434
|switch|p1a: Dragapult|Dragapult, M, shiny|100/100
|move|p2a: Yanmega|Giga Drain|p1a: Dragapult
|-resisted|p1a: Dragapult
|-damage|p1a: Dragapult|50/100
|-heal|p2a: Yanmega|28/100|[from] drain|[of] p1a: Dragapult
|
|upkeep
|turn|3
|
|t:|1760734440
|move|p1a: Dragapult|Dragon Darts|p2a: Yanmega
|-damage|p2a: Yanmega|0 fnt
|faint|p2a: Yanmega
|
|upkeep
|
|t:|1760734469
|switch|p2a: Lokix|Lokix, F|100/100
|turn|4
|
|t:|1760734477
|switch|p1a: Primarina|Primarina, F|45/100
|move|p2a: Lokix|First Impression|p1a: Primarina
|-resisted|p1a: Primarina
|-damage|p1a: Primarina|0 fnt
|faint|p1a: Primarina
|
|upkeep
|
|t:|1760734488
|switch|p1a: The Burdened One|Sneasel-Hisui, M, shiny|100/100
|turn|5
|
|t:|1760734495
|switch|p2a: Kleavor|Kleavor, M|100/100
|move|p1a: The Burdened One|Swords Dance|p1a: The Burdened One
|-boost|p1a: The Burdened One|atk|2
|
|upkeep
|turn|6
|
|t:|1760734505
|move|p1a: The Burdened One|Close Combat|p2a: Kleavor
|-enditem|p2a: Kleavor|Focus Sash
|-damage|p2a: Kleavor|1/100
|-unboost|p1a: The Burdened One|def|1
|-unboost|p1a: The Burdened One|spd|1
|move|p2a: Kleavor|Stone Axe|p1a: The Burdened One
|-resisted|p1a: The Burdened One
|-damage|p1a: The Burdened One|43/100
|-sidestart|p1: Sneasel Squad 彡|move: Stealth Rock
|
|upkeep
|turn|7
|
|t:|1760734520
|move|p1a: The Burdened One|Tera Blast|p2a: Kleavor
|-resisted|p2a: Kleavor
|-damage|p2a: Kleavor|0 fnt
|faint|p2a: Kleavor
|
|upkeep
|
|t:|1760734535
|switch|p2a: Lokix|Lokix, F|100/100
|turn|8
|
|t:|1760734549
|move|p2a: Lokix|First Impression|p1a: The Burdened One
|-resisted|p1a: The Burdened One
|-damage|p1a: The Burdened One|0 fnt
|faint|p1a: The Burdened One
|
|upkeep
|
|t:|1760734553
|switch|p1a: Great Tusk|Great Tusk|100/100
|-damage|p1a: Great Tusk|98/100|[from] Stealth Rock
|turn|9
|
|t:|1760734574
|switch|p2a: Scizor|Scizor, F|100/100
|move|p1a: Great Tusk|Stealth Rock|p2a: Scizor
|-sidestart|p2: BLASfemia8145|move: Stealth Rock
|
|upkeep
|turn|10
|
|t:|1760734580
|move|p1a: Great Tusk|Rapid Spin|p2a: Scizor
|-resisted|p2a: Scizor
|-damage|p2a: Scizor|91/100
|-boost|p1a: Great Tusk|spe|1
|-sideend|p1: Sneasel Squad 彡|Stealth Rock|[from] move: Rapid Spin|[of] p1a: Great Tusk
|move|p2a: Scizor|Close Combat|p1a: Great Tusk
|-damage|p1a: Great Tusk|48/100
|-unboost|p2a: Scizor|def|1
|-unboost|p2a: Scizor|spd|1
|-damage|p2a: Scizor|75/100|[from] item: Rocky Helmet|[of] p1a: Great Tusk
|
|upkeep
|turn|11
|
|t:|1760734590
|move|p1a: Great Tusk|Headlong Rush|p2a: Scizor
|-damage|p2a: Scizor|0 fnt
|-unboost|p1a: Great Tusk|def|1
|-unboost|p1a: Great Tusk|spd|1
|faint|p2a: Scizor
|
|upkeep
|
|t:|1760734595
|switch|p2a: Lokix|Lokix, F|100/100
|-damage|p2a: Lokix|76/100|[from] Stealth Rock
|turn|12
|
|t:|1760734603
|move|p2a: Lokix|First Impression|p1a: Great Tusk
|-resisted|p1a: Great Tusk
|-damage|p1a: Great Tusk|0 fnt
|-damage|p2a: Lokix|59/100|[from] item: Rocky Helmet|[of] p1a: Great Tusk
|faint|p1a: Great Tusk
|-end|p1a: Great Tusk|Protosynthesis|[silent]
|
|upkeep
|
|t:|1760734608
|switch|p1a: Kingambit|Kingambit, M|100/100
|-activate|p1a: Kingambit|ability: Supreme Overlord
|-start|p1a: Kingambit|fallen3|[silent]
|turn|13
|
|t:|1760734617
|switch|p2a: Slither Wing|Slither Wing|100/100
|-damage|p2a: Slither Wing|88/100|[from] Stealth Rock
|move|p1a: Kingambit|Swords Dance|p1a: Kingambit
|-boost|p1a: Kingambit|atk|2
|
|upkeep
|turn|14
|
|t:|1760734628
|-terastallize|p1a: Kingambit|Fighting
|move|p2a: Slither Wing|Close Combat|p1a: Kingambit
|-damage|p1a: Kingambit|43/100
|-unboost|p2a: Slither Wing|def|1
|-unboost|p2a: Slither Wing|spd|1
|move|p1a: Kingambit|Swords Dance|p1a: Kingambit
|-boost|p1a: Kingambit|atk|2
|
|-heal|p1a: Kingambit|49/100|[from] item: Leftovers
|upkeep
|turn|15
|
|t:|1760734646
|-end|p2a: Slither Wing|Protosynthesis|[silent]
|switch|p2a: Lokix|Lokix, F|59/100
|-damage|p2a: Lokix|34/100|[from] Stealth Rock
|move|p1a: Kingambit|Sucker Punch||[still]
|-fail|p1a: Kingambit
|
|-heal|p1a: Kingambit|56/100|[from] item: Leftovers
|upkeep
|turn|16
|
|t:|1760734655
|move|p2a: Lokix|First Impression|p1a: Kingambit
|-resisted|p1a: Kingambit
|-damage|p1a: Kingambit|2/100
|move|p1a: Kingambit|Low Kick|p2a: Lokix
|-damage|p2a: Lokix|0 fnt
|faint|p2a: Lokix
|
|-heal|p1a: Kingambit|8/100|[from] item: Leftovers
|upkeep
|
|t:|1760734660
|switch|p2a: Slither Wing|Slither Wing|88/100
|-damage|p2a: Slither Wing|76/100|[from] Stealth Rock
|turn|17
|
|t:|1760734664
|move|p2a: Slither Wing|First Impression|p1a: Kingambit
|-resisted|p1a: Kingambit
|-damage|p1a: Kingambit|0 fnt
|faint|p1a: Kingambit
|-end|p1a: Kingambit|fallen3|[silent]
|
|upkeep
|
|t:|1760734667
|switch|p1a: Dragapult|Dragapult, M, shiny|50/100
|turn|18
|
|t:|1760734676
|-terastallize|p2a: Slither Wing|Steel
|move|p1a: Dragapult|Dragon Darts|p2a: Slither Wing
|-resisted|p2a: Slither Wing
|-damage|p2a: Slither Wing|50/100
|-anim|p1a: Dragapult|Dragon Darts|p2a: Slither Wing
|-resisted|p2a: Slither Wing
|-damage|p2a: Slither Wing|26/100
|move|p2a: Slither Wing|Flare Blitz|p1a: Dragapult
|-resisted|p1a: Dragapult
|-damage|p1a: Dragapult|17/100
|-damage|p2a: Slither Wing|15/100|[from] Recoil
|
|upkeep
|turn|19
|c|☆Sneasel Squad 彡|I'm sorry but WHY DOES SLITHER HAVE FIRST IMP
|
|t:|1760734688
|move|p1a: Dragapult|Dragon Darts|p2a: Slither Wing
|-resisted|p2a: Slither Wing
|-damage|p2a: Slither Wing|0 fnt
|faint|p2a: Slither Wing
|-end|p2a: Slither Wing|Protosynthesis|[silent]
|
|upkeep
|c|☆Sneasel Squad 彡|ITS THIS SLOW DINOSAUR THING
|inactive|BLASfemia8145 has 120 seconds left.
|c|☆BLASfemia8145|IKR, but it comes in handy
|
|t:|1760734726
|switch|p2a: Frosmoth|Frosmoth, F|100/100
|turn|20
|c|☆BLASfemia8145|It's his last struggle maybe
|
|t:|1760734736
|move|p1a: Dragapult|Dragon Darts|p2a: Frosmoth
|-damage|p2a: Frosmoth|40/100
|-anim|p1a: Dragapult|Dragon Darts|p2a: Frosmoth
|-damage|p2a: Frosmoth|0 fnt
|faint|p2a: Frosmoth
|
|win|Sneasel Squad 彡
|raw|Sneasel Squad 彡's rating: 1244 &rarr; <strong>1269</strong><br />(+25 for winning)
|raw|BLASfemia8145's rating: 1243 &rarr; <strong>1218</strong><br />(-25 for losing)
|c|☆BLASfemia8145|gg
|c|☆Sneasel Squad 彡|ggwp
|l|☆BLASfemia8145
|player|p2|
|c|☆Sneasel Squad 彡|on road to 1300
|l|☆Sneasel Squad 彡
|player|p1|
