|j|☆Pkcoach
|j|☆sp240sx
|t:|1760772013
|gametype|singles
|player|p1|Pkcoach|mira|1102
|player|p2|sp240sx|blackbelt-gen4dp|1152
|gen|9
|tier|[Gen 9] OU
|rated|
|rule|HP Percentage Mod: HP is shown in percentages
|rule|Endless Battle Clause: Forcing endless battles is banned
|rule|Species Clause: Limit one of each Pokémon
|rule|OHKO Clause: OHKO moves are banned
|rule|Evasion Items Clause: Evasion items are banned
|rule|Evasion Moves Clause: Evasion moves are banned
|rule|Evasion Abilities Clause: Evasion abilities are banned
|rule|Sleep Moves Clause: Sleep-inducing moves are banned
|clearpoke
|poke|p1|Conkeldurr, M|
|poke|p1|Goodra, M|
|poke|p1|Gholdengo|
|poke|p1|Ting-Lu|
|poke|p1|Slowking-Galar, M|
|poke|p1|Great Tusk|
|poke|p2|Okidogi, M|
|poke|p2|Ceruledge, M|
|poke|p2|Hatterene, F|
|poke|p2|Arcanine-Hisui, F|
|poke|p2|Corviknight, M|
|poke|p2|Darkrai|
|teampreview
|inactive|Battle timer is ON: inactive players will automatically lose when time's up. (requested by Pkcoach)
|
|t:|1760772023
|teamsize|p1|6
|teamsize|p2|6
|start
|switch|p1a: Ting-Lu|Ting-Lu|100/100
|switch|p2a: Corviknight|Corviknight, M|100/100
|-ability|p1a: Ting-Lu|Vessel of Ruin
|turn|1
|
|t:|1760772033
|move|p2a: Corviknight|Brave Bird|p1a: Ting-Lu
|-damage|p1a: Ting-Lu|85/100
|-damage|p2a: Corviknight|92/100|[from] Recoil
|move|p1a: Ting-Lu|Spikes|p2a: Corviknight
|-sidestart|p2: sp240sx|Spikes
|
|-heal|p1a: Ting-Lu|91/100|[from] item: Leftovers
|upkeep
|turn|2
|
|t:|1760772048
|move|p2a: Corviknight|Defog|p1a: Ting-Lu
|-unboost|p1a: Ting-Lu|evasion|1
|-sideend|p2: sp240sx|Spikes|[from] move: Defog|[of] p2a: Corviknight
|move|p1a: Ting-Lu|Spikes|p2a: Corviknight
|-sidestart|p2: sp240sx|Spikes
|
|-heal|p1a: Ting-Lu|97/100|[from] item: Leftovers
|upkeep
|turn|3
|
|t:|1760772057
|move|p2a: Corviknight|Defog|p1a: Ting-Lu
|-unboost|p1a: Ting-Lu|evasion|1
|-sideend|p2: sp240sx|Spikes|[from] move: Defog|[of] p2a: Corviknight
|move|p1a: Ting-Lu|Whirlwind|p2a: Corviknight
|drag|p2a: Darkrai|Darkrai|100/100
|
|-heal|p1a: Ting-Lu|100/100|[from] item: Leftovers
|upkeep
|turn|4
|
|t:|1760772071
|switch|p1a: SúperAlbañil|Conkeldurr, M, shiny|100/100
|move|p2a: Darkrai|Calm Mind|p2a: Darkrai
|-boost|p2a: Darkrai|spa|1
|-boost|p2a: Darkrai|spd|1
|
|upkeep
|turn|5
|
|t:|1760772092
|switch|p2a: Hatterene|Hatterene, F|100/100
|move|p1a: SúperAlbañil|Drain Punch|p2a: Hatterene
|-resisted|p2a: Hatterene
|-damage|p2a: Hatterene|89/100
|
|-heal|p2a: Hatterene|95/100|[from] item: Leftovers
|upkeep
|turn|6
|
|t:|1760772109
|switch|p1a: PALPATINE|Slowking-Galar, M, shiny|100/100
|move|p2a: Hatterene|Calm Mind|p2a: Hatterene
|-boost|p2a: Hatterene|spa|1
|-boost|p2a: Hatterene|spd|1
|
|-heal|p2a: Hatterene|100/100|[from] item: Leftovers
|upkeep
|turn|7
|
|t:|1760772123
|-terastallize|p2a: Hatterene|Psychic
|move|p1a: PALPATINE|Future Sight|p2a: Hatterene
|-start|p1a: PALPATINE|move: Future Sight
|move|p2a: Hatterene|Psychic Noise|p1a: PALPATINE
|-damage|p1a: PALPATINE|52/100
|-start|p1a: PALPATINE|move: Heal Block
|
|upkeep
|turn|8
|
|t:|1760772133
|move|p1a: PALPATINE|Acid Spray|p2a: Hatterene
|-damage|p2a: Hatterene|87/100
|-unboost|p2a: Hatterene|spd|2
|move|p2a: Hatterene|Psychic Noise|p1a: PALPATINE
|-damage|p1a: PALPATINE|6/100
|
|-heal|p2a: Hatterene|93/100|[from] item: Leftovers
|-end|p1a: PALPATINE|move: Heal Block
|upkeep
|turn|9
|
|t:|1760772152
|switch|p1a: Oscar|Gholdengo|100/100
|move|p2a: Hatterene|Draining Kiss|p1a: Oscar
|-resisted|p1a: Oscar
|-damage|p1a: Oscar|74/100
|-heal|p2a: Hatterene|100/100|[from] drain|[of] p1a: Oscar
|
|-end|p2a: Hatterene|move: Future Sight
|-resisted|p2a: Hatterene
|-damage|p2a: Hatterene|56/100
|-heal|p2a: Hatterene|62/100|[from] item: Leftovers
|upkeep
|turn|10
|inactive|sp240sx has 120 seconds left.
|
|t:|1760772171
|switch|p2a: Darkrai|Darkrai|100/100
|move|p1a: Oscar|Shadow Ball|p2a: Darkrai
|-resisted|p2a: Darkrai
|-damage|p2a: Darkrai|73/100
|
|-heal|p2a: Darkrai|79/100|[from] item: Leftovers
|upkeep
|turn|11
|inactive|sp240sx has 120 seconds left.
|
|t:|1760772184
|switch|p1a: SúperAlbañil|Conkeldurr, M, shiny|100/100
|move|p2a: Darkrai|Dark Pulse|p1a: SúperAlbañil
|-resisted|p1a: SúperAlbañil
|-damage|p1a: SúperAlbañil|76/100
|
|-heal|p2a: Darkrai|85/100|[from] item: Leftovers
|-heal|p1a: SúperAlbañil|82/100|[from] item: Leftovers
|upkeep
|turn|12
|inactive|sp240sx has 120 seconds left.
|
|t:|1760772197
|switch|p2a: Hatterene|Hatterene, F, tera:Psychic|62/100
|move|p1a: SúperAlbañil|Drain Punch|p2a: Hatterene
|-resisted|p2a: Hatterene
|-damage|p2a: Hatterene|40/100
|-heal|p1a: SúperAlbañil|90/100|[from] drain|[of] p2a: Hatterene
|
|-heal|p1a: SúperAlbañil|96/100|[from] item: Leftovers
|-heal|p2a: Hatterene|46/100|[from] item: Leftovers
|upkeep
|turn|13
|inactive|sp240sx has 120 seconds left.
|
|t:|1760772214
|switch|p1a: Mano Pajas|Goodra, M|100/100
|move|p2a: Hatterene|Psychic Noise|p1a: Mano Pajas
|-damage|p1a: Mano Pajas|71/100
|-start|p1a: Mano Pajas|move: Heal Block
|
|-heal|p2a: Hatterene|52/100|[from] item: Leftovers
|upkeep
|turn|14
|inactive|sp240sx has 120 seconds left.
|
|t:|1760772225
|move|p1a: Mano Pajas|Knock Off|p2a: Hatterene
|-supereffective|p2a: Hatterene
|-damage|p2a: Hatterene|5/100
|-enditem|p2a: Hatterene|Leftovers|[from] move: Knock Off|[of] p1a: Mano Pajas
|move|p2a: Hatterene|Draining Kiss|p1a: Mano Pajas
|-supereffective|p1a: Mano Pajas
|-damage|p1a: Mano Pajas|41/100
|-heal|p2a: Hatterene|32/100|[from] drain|[of] p1a: Mano Pajas
|
|-end|p1a: Mano Pajas|move: Heal Block
|upkeep
|turn|15
|inactive|sp240sx has 120 seconds left.
|
|t:|1760772238
|move|p2a: Hatterene|Protect|p2a: Hatterene
|-singleturn|p2a: Hatterene|Protect
|move|p1a: Mano Pajas|Knock Off|p2a: Hatterene
|-activate|p2a: Hatterene|move: Protect
|
|-heal|p1a: Mano Pajas|47/100|[from] item: Leftovers
|upkeep
|turn|16
|inactive|sp240sx has 120 seconds left.
|
|t:|1760772268
|switch|p2a: Corviknight|Corviknight, M|92/100
|move|p1a: Mano Pajas|Knock Off|p2a: Corviknight
|-damage|p2a: Corviknight|75/100
|-damage|p1a: Mano Pajas|31/100|[from] item: Rocky Helmet|[of] p2a: Corviknight
|-enditem|p2a: Corviknight|Rocky Helmet|[from] move: Knock Off|[of] p1a: Mano Pajas
|
|-heal|p1a: Mano Pajas|37/100|[from] item: Leftovers
|upkeep
|turn|17
|
|t:|1760772285
|move|p1a: Mano Pajas|Rest|p1a: Mano Pajas
|-status|p1a: Mano Pajas|slp|[from] move: Rest
|-heal|p1a: Mano Pajas|100/100 slp|[silent]
|move|p2a: Corviknight|Brave Bird|p1a: Mano Pajas
|-damage|p1a: Mano Pajas|57/100 slp
|-damage|p2a: Corviknight|59/100|[from] Recoil
|
|-heal|p1a: Mano Pajas|64/100 slp|[from] item: Leftovers
|upkeep
|turn|18
|
|t:|1760772311
|switch|p1a: Ting-Lu|Ting-Lu|100/100
|-ability|p1a: Ting-Lu|Vessel of Ruin
|switch|p2a: Darkrai|Darkrai|85/100
|
|-heal|p2a: Darkrai|91/100|[from] item: Leftovers
|upkeep
|turn|19
|
|t:|1760772322
|switch|p1a: SúperAlbañil|Conkeldurr, M, shiny|96/100
|move|p2a: Darkrai|Ice Beam|p1a: SúperAlbañil
|-damage|p1a: SúperAlbañil|56/100
|
|-heal|p2a: Darkrai|97/100|[from] item: Leftovers
|-heal|p1a: SúperAlbañil|62/100|[from] item: Leftovers
|upkeep
|turn|20
|
|t:|1760772339
|switch|p2a: Okidogi|Okidogi, M|100/100
|move|p1a: SúperAlbañil|Drain Punch|p2a: Okidogi
|-resisted|p2a: Okidogi
|-damage|p2a: Okidogi|85/100
|-heal|p1a: SúperAlbañil|70/100|[from] drain|[of] p2a: Okidogi
|
|-heal|p2a: Okidogi|91/100|[from] item: Leftovers
|-heal|p1a: SúperAlbañil|76/100|[from] item: Leftovers
|upkeep
|turn|21
|
|t:|1760772353
|switch|p1a: Jordi ENP|Great Tusk|100/100
|move|p2a: Okidogi|Knock Off|p1a: Jordi ENP
|-resisted|p1a: Jordi ENP
|-damage|p1a: Jordi ENP|92/100
|-enditem|p1a: Jordi ENP|Leftovers|[from] move: Knock Off|[of] p2a: Okidogi
|
|-heal|p2a: Okidogi|97/100|[from] item: Leftovers
|upkeep
|turn|22
|
|t:|1760772366
|switch|p2a: Corviknight|Corviknight, M|59/100
|move|p1a: Jordi ENP|Stealth Rock|p2a: Corviknight
|-sidestart|p2: sp240sx|move: Stealth Rock
|
|upkeep
|turn|23
|
|t:|1760772373
|-end|p1a: Jordi ENP|Protosynthesis|[silent]
|switch|p1a: Oscar|Gholdengo|74/100
|move|p2a: Corviknight|Defog|p1a: Oscar
|-immune|p1a: Oscar|[from] ability: Good as Gold
|
|upkeep
|turn|24
|
|t:|1760772385
|move|p1a: Oscar|Shadow Ball|p2a: Corviknight
|-damage|p2a: Corviknight|24/100
|move|p2a: Corviknight|Roost|p2a: Corviknight
|-heal|p2a: Corviknight|74/100
|-singleturn|p2a: Corviknight|move: Roost
|
|upkeep
|turn|25
|inactive|sp240sx has 90 seconds left.
|
|t:|1760772412
|switch|p2a: Darkrai|Darkrai|97/100
|-damage|p2a: Darkrai|84/100|[from] Stealth Rock
|move|p1a: Oscar|Shadow Ball|p2a: Darkrai
|-resisted|p2a: Darkrai
|-damage|p2a: Darkrai|59/100
|
|-heal|p2a: Darkrai|65/100|[from] item: Leftovers
|upkeep
|turn|26
|inactive|sp240sx has 90 seconds left.
|
|t:|1760772431
|switch|p1a: SúperAlbañil|Conkeldurr, M, shiny|76/100
|move|p2a: Darkrai|Calm Mind|p2a: Darkrai
|-boost|p2a: Darkrai|spa|1
|-boost|p2a: Darkrai|spd|1
|
|-heal|p2a: Darkrai|71/100|[from] item: Leftovers
|-heal|p1a: SúperAlbañil|82/100|[from] item: Leftovers
|upkeep
|turn|27
|
|t:|1760772444
|move|p2a: Darkrai|Sludge Bomb|p1a: SúperAlbañil
|-damage|p1a: SúperAlbañil|24/100
|move|p1a: SúperAlbañil|Drain Punch|p2a: Darkrai
|-supereffective|p2a: Darkrai
|-damage|p2a: Darkrai|0 fnt
|-heal|p1a: SúperAlbañil|48/100|[from] drain|[of] p2a: Darkrai
|faint|p2a: Darkrai
|
|-heal|p1a: SúperAlbañil|54/100|[from] item: Leftovers
|upkeep
|
|t:|1760772463
|switch|p2a: Okidogi|Okidogi, M|97/100
|-damage|p2a: Okidogi|91/100|[from] Stealth Rock
|turn|28
|
|t:|1760772472
|switch|p1a: Jordi ENP|Great Tusk|92/100
|move|p2a: Okidogi|Poison Jab|p1a: Jordi ENP
|-resisted|p1a: Jordi ENP
|-damage|p1a: Jordi ENP|82/100
|-status|p1a: Jordi ENP|tox|[from] ability: Toxic Chain|[of] p2a: Okidogi
|
|-heal|p2a: Okidogi|97/100|[from] item: Leftovers
|-damage|p1a: Jordi ENP|76/100 tox|[from] psn
|upkeep
|turn|29
|
|t:|1760772486
|switch|p2a: Corviknight|Corviknight, M|74/100
|-damage|p2a: Corviknight|62/100|[from] Stealth Rock
|move|p1a: Jordi ENP|Earthquake|p2a: Corviknight
|-immune|p2a: Corviknight
|
|-damage|p1a: Jordi ENP|63/100 tox|[from] psn
|upkeep
|turn|30
|
|t:|1760772497
|-end|p1a: Jordi ENP|Protosynthesis|[silent]
|switch|p1a: Oscar|Gholdengo|74/100
|move|p2a: Corviknight|Brave Bird|p1a: Oscar
|-resisted|p1a: Oscar
|-damage|p1a: Oscar|54/100
|-damage|p2a: Corviknight|55/100|[from] Recoil
|
|upkeep
|turn|31
|
|t:|1760772506
|move|p1a: Oscar|Shadow Ball|p2a: Corviknight
|-damage|p2a: Corviknight|18/100
|move|p2a: Corviknight|Iron Head|p1a: Oscar
|-resisted|p1a: Oscar
|-damage|p1a: Oscar|39/100
|
|upkeep
|turn|32
|inactive|sp240sx has 90 seconds left.
|
|t:|1760772521
|switch|p2a: Arcanine|Arcanine-Hisui, F|100/100
|-damage|p2a: Arcanine|76/100|[from] Stealth Rock
|move|p1a: Oscar|Shadow Ball|p2a: Arcanine
|-damage|p2a: Arcanine|27/100
|
|-heal|p2a: Arcanine|33/100|[from] item: Leftovers
|upkeep
|turn|33
|inactive|sp240sx has 90 seconds left.
|
|t:|1760772533
|move|p1a: Oscar|Shadow Ball|p2a: Arcanine
|-damage|p2a: Arcanine|0 fnt
|faint|p2a: Arcanine
|
|upkeep
|
|t:|1760772543
|switch|p2a: Okidogi|Okidogi, M|97/100
|-damage|p2a: Okidogi|91/100|[from] Stealth Rock
|turn|34
|
|t:|1760772550
|switch|p1a: Ting-Lu|Ting-Lu|100/100
|-ability|p1a: Ting-Lu|Vessel of Ruin
|move|p2a: Okidogi|Knock Off|p1a: Ting-Lu
|-resisted|p1a: Ting-Lu
|-damage|p1a: Ting-Lu|93/100
|-enditem|p1a: Ting-Lu|Leftovers|[from] move: Knock Off|[of] p2a: Okidogi
|
|-heal|p2a: Okidogi|97/100|[from] item: Leftovers
|upkeep
|turn|35
|inactive|sp240sx has 90 seconds left.
|
|t:|1760772568
|-terastallize|p1a: Ting-Lu|Ghost
|move|p2a: Okidogi|Bulk Up|p2a: Okidogi
|-boost|p2a: Okidogi|atk|1
|-boost|p2a: Okidogi|def|1
|move|p1a: Ting-Lu|Whirlwind|p2a: Okidogi
|drag|p2a: Corviknight|Corviknight, M|18/100
|-damage|p2a: Corviknight|6/100|[from] Stealth Rock
|
|upkeep
|turn|36
|inactive|sp240sx has 90 seconds left.
|
|t:|1760772579
|move|p2a: Corviknight|Roost|p2a: Corviknight
|-heal|p2a: Corviknight|56/100
|-singleturn|p2a: Corviknight|move: Roost
|move|p1a: Ting-Lu|Whirlwind|p2a: Corviknight
|drag|p2a: Okidogi|Okidogi, M|97/100
|-damage|p2a: Okidogi|91/100|[from] Stealth Rock
|
|-heal|p2a: Okidogi|97/100|[from] item: Leftovers
|upkeep
|turn|37
|inactive|sp240sx has 90 seconds left.
|
|t:|1760772595
|move|p2a: Okidogi|Poison Jab|p1a: Ting-Lu
|-resisted|p1a: Ting-Lu
|-damage|p1a: Ting-Lu|84/100
|move|p1a: Ting-Lu|Spikes|p2a: Okidogi
|-sidestart|p2: sp240sx|Spikes
|
|-heal|p2a: Okidogi|100/100|[from] item: Leftovers
|upkeep
|turn|38
|inactive|sp240sx has 90 seconds left.
|
|t:|1760772605
|move|p2a: Okidogi|Poison Jab|p1a: Ting-Lu
|-resisted|p1a: Ting-Lu
|-damage|p1a: Ting-Lu|74/100
|-status|p1a: Ting-Lu|psn
|move|p1a: Ting-Lu|Whirlwind|p2a: Okidogi
|drag|p2a: Ceruledge|Ceruledge, M|100/100
|-damage|p2a: Ceruledge|76/100|[from] Stealth Rock
|-damage|p2a: Ceruledge|63/100|[from] Spikes
|
|-heal|p2a: Ceruledge|70/100|[from] item: Leftovers
|-damage|p1a: Ting-Lu|62/100 psn|[from] psn
|upkeep
|turn|39
|inactive|sp240sx has 90 seconds left.
|
|t:|1760772624
|move|p2a: Ceruledge|Bitter Blade|p1a: Ting-Lu
|-damage|p1a: Ting-Lu|43/100 psn
|-heal|p2a: Ceruledge|86/100|[from] drain|[of] p1a: Ting-Lu
|move|p1a: Ting-Lu|Whirlwind|p2a: Ceruledge
|drag|p2a: Okidogi|Okidogi, M|100/100
|-damage|p2a: Okidogi|94/100|[from] Stealth Rock
|-damage|p2a: Okidogi|82/100|[from] Spikes
|
|-heal|p2a: Okidogi|88/100|[from] item: Leftovers
|-damage|p1a: Ting-Lu|30/100 psn|[from] psn
|upkeep
|turn|40
|inactive|sp240sx has 90 seconds left.
|
|t:|1760772639
|move|p2a: Okidogi|Drain Punch|p1a: Ting-Lu
|-immune|p1a: Ting-Lu
|move|p1a: Ting-Lu|Rest|p1a: Ting-Lu
|-status|p1a: Ting-Lu|slp|[from] move: Rest
|-heal|p1a: Ting-Lu|100/100 slp|[silent]
|
|-heal|p2a: Okidogi|94/100|[from] item: Leftovers
|upkeep
|turn|41
|inactive|sp240sx has 90 seconds left.
|
|t:|1760772651
|move|p2a: Okidogi|Drain Punch|p1a: Ting-Lu
|-immune|p1a: Ting-Lu
|cant|p1a: Ting-Lu|slp
|move|p1a: Ting-Lu|Sleep Talk|p1a: Ting-Lu
|move|p1a: Ting-Lu|Spikes|p2a: Okidogi|[from] move: Sleep Talk
|-sidestart|p2: sp240sx|Spikes
|
|-heal|p2a: Okidogi|99/100|[from] item: Leftovers
|upkeep
|turn|42
|inactive|sp240sx has 90 seconds left.
|
|t:|1760772662
|switch|p2a: Corviknight|Corviknight, M|56/100
|-damage|p2a: Corviknight|43/100|[from] Stealth Rock
|cant|p1a: Ting-Lu|slp
|move|p1a: Ting-Lu|Sleep Talk|p1a: Ting-Lu
|move|p1a: Ting-Lu|Rest||[from] move: Sleep Talk|[still]
|-fail|p1a: Ting-Lu
|
|upkeep
|turn|43
|inactive|sp240sx has 90 seconds left.
|
|t:|1760772673
|switch|p1a: Oscar|Gholdengo|39/100
|move|p2a: Corviknight|Defog|p1a: Oscar
|-immune|p1a: Oscar|[from] ability: Good as Gold
|
|upkeep
|turn|44
|inactive|sp240sx has 90 seconds left.
|
|t:|1760772686
|move|p1a: Oscar|Shadow Ball|p2a: Corviknight
|-damage|p2a: Corviknight|8/100
|move|p2a: Corviknight|Roost|p2a: Corviknight
|-heal|p2a: Corviknight|58/100
|-singleturn|p2a: Corviknight|move: Roost
|
|upkeep
|turn|45
|inactive|sp240sx has 90 seconds left.
|
|t:|1760772694
|move|p1a: Oscar|Shadow Ball|p2a: Corviknight
|-damage|p2a: Corviknight|26/100
|move|p2a: Corviknight|Roost|p2a: Corviknight
|-heal|p2a: Corviknight|76/100
|-singleturn|p2a: Corviknight|move: Roost
|
|upkeep
|turn|46
|inactive|sp240sx has 90 seconds left.
|
|t:|1760772704
|move|p1a: Oscar|Shadow Ball|p2a: Corviknight
|-damage|p2a: Corviknight|41/100
|move|p2a: Corviknight|Brave Bird|p1a: Oscar
|-resisted|p1a: Oscar
|-damage|p1a: Oscar|18/100
|-damage|p2a: Corviknight|35/100|[from] Recoil
|
|upkeep
|turn|47
|inactive|sp240sx has 90 seconds left.
|
|t:|1760772726
|switch|p2a: Hatterene|Hatterene, F, tera:Psychic|32/100
|-damage|p2a: Hatterene|19/100|[from] Stealth Rock
|-damage|p2a: Hatterene|3/100|[from] Spikes
|move|p1a: Oscar|Shadow Ball|p2a: Hatterene
|-supereffective|p2a: Hatterene
|-damage|p2a: Hatterene|0 fnt
|faint|p2a: Hatterene
|
|upkeep
|
|t:|1760772737
|switch|p2a: Okidogi|Okidogi, M|99/100
|-damage|p2a: Okidogi|94/100|[from] Stealth Rock
|-damage|p2a: Okidogi|78/100|[from] Spikes
|turn|48
|
|t:|1760772746
|switch|p1a: Jordi ENP|Great Tusk|63/100 tox
|move|p2a: Okidogi|Drain Punch|p1a: Jordi ENP
|-damage|p1a: Jordi ENP|42/100 tox
|-heal|p2a: Okidogi|90/100|[from] drain|[of] p1a: Jordi ENP
|
|-heal|p2a: Okidogi|96/100|[from] item: Leftovers
|-damage|p1a: Jordi ENP|36/100 tox|[from] psn
|upkeep
|turn|49
|inactive|sp240sx has 60 seconds left.
|
|t:|1760772785
|move|p1a: Jordi ENP|Earthquake|p2a: Okidogi
|-supereffective|p2a: Okidogi
|-damage|p2a: Okidogi|20/100
|move|p2a: Okidogi|Poison Jab|p1a: Jordi ENP
|-resisted|p1a: Jordi ENP
|-damage|p1a: Jordi ENP|24/100 tox
|
|-heal|p2a: Okidogi|26/100|[from] item: Leftovers
|-damage|p1a: Jordi ENP|12/100 tox|[from] psn
|upkeep
|turn|50
|inactive|sp240sx has 60 seconds left.
|
|t:|1760772795
|switch|p2a: Corviknight|Corviknight, M|35/100
|-damage|p2a: Corviknight|23/100|[from] Stealth Rock
|move|p1a: Jordi ENP|Earthquake|p2a: Corviknight
|-immune|p2a: Corviknight
|
|-damage|p1a: Jordi ENP|0 fnt|[from] psn
|faint|p1a: Jordi ENP
|-end|p1a: Jordi ENP|Protosynthesis|[silent]
|upkeep
|
|t:|1760772808
|switch|p1a: Oscar|Gholdengo|18/100
|turn|51
|inactive|sp240sx has 60 seconds left.
|
|t:|1760772820
|switch|p2a: Ceruledge|Ceruledge, M|86/100
|-damage|p2a: Ceruledge|62/100|[from] Stealth Rock
|-damage|p2a: Ceruledge|45/100|[from] Spikes
|move|p1a: Oscar|Shadow Ball|p2a: Ceruledge
|-supereffective|p2a: Ceruledge
|-damage|p2a: Ceruledge|0 fnt
|faint|p2a: Ceruledge
|
|upkeep
|inactive|sp240sx has 60 seconds left.
|
|t:|1760772830
|switch|p2a: Okidogi|Okidogi, M|26/100
|-damage|p2a: Okidogi|20/100|[from] Stealth Rock
|-damage|p2a: Okidogi|3/100|[from] Spikes
|turn|52
|inactive|sp240sx has 60 seconds left.
|
|t:|1760772839
|move|p1a: Oscar|Shadow Ball|p2a: Okidogi
|-damage|p2a: Okidogi|0 fnt
|faint|p2a: Okidogi
|
|upkeep
|inactive|sp240sx has 60 seconds left.
|
|t:|1760772845
|switch|p2a: Corviknight|Corviknight, M|23/100
|-damage|p2a: Corviknight|10/100|[from] Stealth Rock
|turn|53
|
|t:|1760772851
|move|p1a: Oscar|Shadow Ball|p2a: Corviknight
|-damage|p2a: Corviknight|0 fnt
|faint|p2a: Corviknight
|
|win|Pkcoach
|raw|Pkcoach's rating: 1102 &rarr; <strong>1131</strong><br />(+29 for winning)
|raw|sp240sx's rating: 1152 &rarr; <strong>1123</strong><br />(-29 for losing)
|l|☆sp240sx
|player|p2|
|l|☆Pkcoach
|player|p1|
