|j|☆owl_with_scarf
|j|☆barrman1313
|t:|1760834543
|gametype|singles
|player|p1|owl_with_scarf|#owlwithscarf|1521
|player|p2|barrman1313|janitor|1543
|gen|9
|tier|[Gen 9] OU
|rated|
|rule|HP Percentage Mod: HP is shown in percentages
|rule|Endless Battle Clause: Forcing endless battles is banned
|rule|Species Clause: Limit one of each Pokémon
|rule|OHKO Clause: OHKO moves are banned
|rule|Evasion Items Clause: Evasion items are banned
|rule|Evasion Moves Clause: Evasion moves are banned
|rule|Evasion Abilities Clause: Evasion abilities are banned
|rule|Sleep Moves Clause: Sleep-inducing moves are banned
|clearpoke
|poke|p1|Torkoal, M|
|poke|p1|Iron Moth|
|poke|p1|Cinderace, F|
|poke|p1|Walking Wake|
|poke|p1|Mandibuzz, F|
|poke|p1|Zamazenta-*|
|poke|p2|Diancie|
|poke|p2|Kyurem|
|poke|p2|Necrozma|
|poke|p2|Hatterene, F|
|poke|p2|Iron Hands|
|poke|p2|Landorus-Therian, M|
|teampreview
|inactive|Battle timer is ON: inactive players will automatically lose when time's up. (requested by owl_with_scarf)
|inactive|barrman1313 has 120 seconds left.
|
|t:|1760834576
|teamsize|p1|6
|teamsize|p2|6
|start
|switch|p1a: Walking Wake|Walking Wake|100/100
|switch|p2a: Landorus|Landorus-Therian, M|100/100
|-ability|p2a: Landorus|Intimidate|boost
|-unboost|p1a: Walking Wake|atk|1
|turn|1
|
|t:|1760834599
|switch|p2a: Necrozma|Necrozma|100/100
|move|p1a: Walking Wake|Hydro Steam|p2a: Necrozma
|-damage|p2a: Necrozma|65/100
|
|upkeep
|turn|2
|
|t:|1760834607
|move|p1a: Walking Wake|Flip Turn|p2a: Necrozma
|-damage|p2a: Necrozma|56/100
|
|t:|1760834609
|-end|p1a: Walking Wake|Protosynthesis|[silent]
|switch|p1a: Zamazenta|Zamazenta|100/100|[from] Flip Turn
|-ability|p1a: Zamazenta|Dauntless Shield|boost
|-boost|p1a: Zamazenta|def|1
|move|p2a: Necrozma|Trick Room|p2a: Necrozma
|-fieldstart|move: Trick Room|[of] p2a: Necrozma
|
|upkeep
|turn|3
|
|t:|1760834615
|move|p2a: Necrozma|Photon Geyser|p1a: Zamazenta
|-supereffective|p1a: Zamazenta
|-damage|p1a: Zamazenta|19/100
|move|p1a: Zamazenta|Snarl|p2a: Necrozma
|-supereffective|p2a: Necrozma
|-damage|p2a: Necrozma|44/100
|-unboost|p2a: Necrozma|spa|1
|
|-heal|p1a: Zamazenta|26/100|[from] item: Leftovers
|upkeep
|turn|4
|
|t:|1760834624
|move|p2a: Necrozma|Photon Geyser|p1a: Zamazenta
|-supereffective|p1a: Zamazenta
|-damage|p1a: Zamazenta|0 fnt
|faint|p1a: Zamazenta
|
|upkeep
|
|t:|1760834626
|switch|p1a: Mandibuzz|Mandibuzz, F|100/100
|turn|5
|l|☆owl_with_scarf
|inactive|owl_with_scarf disconnected and has a minute to reconnect!
|player|p1|
|
|t:|1760834638
|move|p2a: Necrozma|Meteor Beam||[still]
|-prepare|p2a: Necrozma|Meteor Beam
|-boost|p2a: Necrozma|spa|1
|-enditem|p2a: Necrozma|Power Herb
|-anim|p2a: Necrozma|Meteor Beam|p1a: Mandibuzz
|-supereffective|p1a: Mandibuzz
|-damage|p1a: Mandibuzz|29/100
|move|p1a: Mandibuzz|Foul Play|p2a: Necrozma
|-supereffective|p2a: Necrozma
|-damage|p2a: Necrozma|3/100
|
|upkeep
|turn|6
|j|☆owl_with_scarf
|inactive|owl_with_scarf reconnected and has 140 seconds left.
|player|p1|owl_with_scarf|#owlwithscarf|
|
|t:|1760834658
|move|p2a: Necrozma|Heat Wave|p1a: Mandibuzz
|-damage|p1a: Mandibuzz|0 fnt
|faint|p1a: Mandibuzz
|
|-fieldend|move: Trick Room
|upkeep
|
|t:|1760834661
|switch|p1a: Iron Moth|Iron Moth|100/100
|turn|7
|
|t:|1760834664
|move|p1a: Iron Moth|Fiery Dance|p2a: Necrozma
|-damage|p2a: Necrozma|0 fnt
|-boost|p1a: Iron Moth|spa|1
|faint|p2a: Necrozma
|
|upkeep
|l|☆owl_with_scarf
|inactive|owl_with_scarf disconnected and has a minute to reconnect!
|player|p1|
|
|t:|1760834684
|switch|p2a: Iron Hands|Iron Hands|100/100
|-enditem|p2a: Iron Hands|Booster Energy
|-activate|p2a: Iron Hands|ability: Quark Drive|[fromitem]
|-start|p2a: Iron Hands|quarkdriveatk
|turn|8
|j|☆owl_with_scarf
|inactive|owl_with_scarf reconnected and has 145 seconds left.
|player|p1|owl_with_scarf|#owlwithscarf|
|
|t:|1760834692
|move|p1a: Iron Moth|Fiery Dance|p2a: Iron Hands
|-damage|p2a: Iron Hands|5/100
|move|p2a: Iron Hands|Thunder Punch|p1a: Iron Moth
|-damage|p1a: Iron Moth|0 fnt
|faint|p1a: Iron Moth
|-end|p1a: Iron Moth|Quark Drive|[silent]
|
|upkeep
|-message|owl_with_scarf forfeited.
|
|win|barrman1313
|raw|owl_with_scarf's rating: 1521 &rarr; <strong>1502</strong><br />(-19 for losing)
|raw|barrman1313's rating: 1543 &rarr; <strong>1562</strong><br />(+19 for winning)
|l|☆owl_with_scarf
|player|p1|
|l|☆barrman1313
|player|p2|
