|j|☆Bobby_83
|j|☆Crumbly Joe
|t:|1760782575
|gametype|singles
|player|p1|Bobby_83|169|1072
|player|p2|Crumbly Joe|hiker-gen4|1094
|gen|9
|tier|[Gen 9] OU
|rated|
|rule|HP Percentage Mod: HP is shown in percentages
|rule|Endless Battle Clause: Forcing endless battles is banned
|rule|Species Clause: Limit one of each Pokémon
|rule|OHKO Clause: OHKO moves are banned
|rule|Evasion Items Clause: Evasion items are banned
|rule|Evasion Moves Clause: Evasion moves are banned
|rule|Evasion Abilities Clause: Evasion abilities are banned
|rule|Sleep Moves Clause: Sleep-inducing moves are banned
|clearpoke
|poke|p1|Pelipper, F|
|poke|p1|Forretress, F|
|poke|p1|Thundurus-Therian, M|
|poke|p1|Clodsire, F|
|poke|p1|Azumarill, M|
|poke|p1|Talonflame, M|
|poke|p2|Clefable, M|
|poke|p2|Deoxys-Defense|
|poke|p2|Chimecho, M|
|poke|p2|Minior|
|poke|p2|Rabsca, F|
|poke|p2|Clodsire, M|
|teampreview
|
|t:|1760782580
|teamsize|p1|6
|teamsize|p2|6
|start
|switch|p1a: Pelipper|Pelipper, F, shiny|100/100
|switch|p2a: Chimecho|Chimecho, M|100/100
|-weather|RainDance|[from] ability: Drizzle|[of] p1a: Pelipper
|turn|1
|
|t:|1760782592
|switch|p2a: Rabsca|Rabsca, F|100/100
|move|p1a: Pelipper|U-turn|p2a: Rabsca
|-supereffective|p2a: Rabsca
|-damage|p2a: Rabsca|84/100
|
|t:|1760782616
|switch|p1a: Azumarill|Azumarill, M|100/100|[from] U-turn
|
|-weather|RainDance|[upkeep]
|-heal|p2a: Rabsca|90/100|[from] item: Leftovers
|upkeep
|turn|2
|
|t:|1760782625
|switch|p2a: Clefable|Clefable, M|100/100
|-terastallize|p1a: Azumarill|Steel
|move|p1a: Azumarill|Belly Drum|p1a: Azumarill
|-damage|p1a: Azumarill|50/100
|-setboost|p1a: Azumarill|atk|6|[from] move: Belly Drum
|-enditem|p1a: Azumarill|Sitrus Berry|[eat]
|-heal|p1a: Azumarill|75/100|[from] item: Sitrus Berry
|
|-weather|RainDance|[upkeep]
|upkeep
|turn|3
|
|t:|1760782639
|move|p1a: Azumarill|Aqua Jet|p2a: Clefable
|-damage|p2a: Clefable|63/100
|move|p2a: Clefable|Cosmic Power|p2a: Clefable
|-boost|p2a: Clefable|def|1
|-boost|p2a: Clefable|spd|1
|
|-weather|RainDance|[upkeep]
|upkeep
|turn|4
|
|t:|1760782646
|move|p1a: Azumarill|Aqua Jet|p2a: Clefable
|-damage|p2a: Clefable|42/100
|move|p2a: Clefable|Cosmic Power|p2a: Clefable
|-boost|p2a: Clefable|def|1
|-boost|p2a: Clefable|spd|1
|
|-weather|RainDance|[upkeep]
|upkeep
|turn|5
|
|t:|1760782656
|move|p2a: Clefable|Rest|p2a: Clefable
|-status|p2a: Clefable|slp|[from] move: Rest
|-heal|p2a: Clefable|100/100 slp|[silent]
|move|p1a: Azumarill|Encore|p2a: Clefable
|-start|p2a: Clefable|Encore
|
|-weather|RainDance|[upkeep]
|upkeep
|turn|6
|
|t:|1760782672
|switch|p1a: Clodsire|Clodsire, F, shiny|100/100
|cant|p2a: Clefable|slp
|
|-weather|RainDance|[upkeep]
|upkeep
|turn|7
|
|t:|1760782680
|switch|p2a: Minior|Minior|100/100
|-formechange|p2a: Minior|Minior-Meteor||[from] ability: Shields Down
|move|p1a: Clodsire|Haze|p1a: Clodsire
|-clearallboost
|
|-weather|RainDance|[upkeep]
|upkeep
|turn|8
|
|t:|1760782705
|switch|p2a: Clodsire|Clodsire, M|100/100
|move|p1a: Clodsire|Toxic|p2a: Clodsire
|-immune|p2a: Clodsire
|
|-weather|none
|upkeep
|turn|9
|
|t:|1760782718
|move|p1a: Clodsire|Spikes|p2a: Clodsire
|-sidestart|p2: Crumbly Joe|Spikes
|move|p2a: Clodsire|Curse|p2a: Clodsire
|-unboost|p2a: Clodsire|spe|1
|-boost|p2a: Clodsire|atk|1
|-boost|p2a: Clodsire|def|1
|
|upkeep
|turn|10
|
|t:|1760782726
|move|p1a: Clodsire|Spikes|p2a: Clodsire
|-sidestart|p2: Crumbly Joe|Spikes
|move|p2a: Clodsire|Amnesia|p2a: Clodsire
|-boost|p2a: Clodsire|spd|2
|
|upkeep
|turn|11
|
|t:|1760782734
|move|p1a: Clodsire|Haze|p1a: Clodsire
|-clearallboost
|move|p2a: Clodsire|Curse|p2a: Clodsire
|-unboost|p2a: Clodsire|spe|1
|-boost|p2a: Clodsire|atk|1
|-boost|p2a: Clodsire|def|1
|
|upkeep
|turn|12
|-message|Crumbly Joe forfeited.
|
|win|Bobby_83
|raw|Bobby_83's rating: 1072 &rarr; <strong>1103</strong><br />(+31 for winning)
|raw|Crumbly Joe's rating: 1094 &rarr; <strong>1068</strong><br />(-26 for losing)
|l|☆Crumbly Joe
|player|p2|
|l|☆Bobby_83
|player|p1|
