|j|☆excelio21
|j|☆MrKickflip
|t:|1760891506
|gametype|singles
|player|p1|excelio21|riley|1437
|player|p2|MrKickflip|skier|1452
|gen|9
|tier|[Gen 9] OU
|rated|
|rule|HP Percentage Mod: HP is shown in percentages
|rule|Endless Battle Clause: Forcing endless battles is banned
|rule|Species Clause: Limit one of each Pokémon
|rule|OHKO Clause: OHKO moves are banned
|rule|Evasion Items Clause: Evasion items are banned
|rule|Evasion Moves Clause: Evasion moves are banned
|rule|Evasion Abilities Clause: Evasion abilities are banned
|rule|Sleep Moves Clause: Sleep-inducing moves are banned
|clearpoke
|poke|p1|Grimmsnarl, M|
|poke|p1|Tinkaton, F|
|poke|p1|Zapdos|
|poke|p1|Salamence, F|
|poke|p1|Latios, M|
|poke|p1|Great Tusk|
|poke|p2|Iron Moth|
|poke|p2|Iron Treads|
|poke|p2|Rillaboom, M|
|poke|p2|Iron Hands|
|poke|p2|Tornadus-Therian, M|
|poke|p2|Walking Wake|
|teampreview
|inactive|Battle timer is ON: inactive players will automatically lose when time's up. (requested by excelio21)
|
|t:|1760891535
|teamsize|p1|6
|teamsize|p2|6
|start
|switch|p1a: Grimmsnarl|Grimmsnarl, M|100/100
|switch|p2a: Bright Light|Iron Moth|100/100
|turn|1
|
|t:|1760891563
|move|p1a: Grimmsnarl|Sucker Punch|p2a: Bright Light
|-damage|p2a: Bright Light|0 fnt
|faint|p2a: Bright Light
|-end|p2a: Bright Light|Quark Drive|[silent]
|
|upkeep
|
|t:|1760891580
|switch|p2a: Punching U-Bag|Iron Hands|100/100
|turn|2
|
|t:|1760891586
|switch|p1a: Latios|Latios, M|100/100
|move|p2a: Punching U-Bag|Ice Punch|p1a: Latios
|-supereffective|p1a: Latios
|-damage|p1a: Latios|13/100
|
|upkeep
|turn|3
|
|t:|1760891594
|-end|p2a: Punching U-Bag|Quark Drive|[silent]
|switch|p2a: Illegal|Tornadus-Therian, M|100/100
|move|p1a: Latios|Trick|p2a: Illegal
|-activate|p1a: Latios|move: Trick|[of] p2a: Illegal
|-item|p2a: Illegal|Choice Scarf|[from] move: Trick
|-item|p1a: Latios|Assault Vest|[from] move: Trick
|
|upkeep
|turn|4
|
|t:|1760891604
|switch|p1a: Zapdos|Zapdos|100/100
|move|p2a: Illegal|U-turn|p1a: Zapdos
|-resisted|p1a: Zapdos
|-damage|p1a: Zapdos|92/100
|-status|p2a: Illegal|par|[from] ability: Static|[of] p1a: Zapdos
|
|t:|1760891611
|switch|p2a: Punching U-Bag|Iron Hands|100/100|[from] U-turn
|
|upkeep
|turn|5
|
|t:|1760891617
|move|p1a: Zapdos|Volt Switch|p2a: Punching U-Bag
|-resisted|p2a: Punching U-Bag
|-damage|p2a: Punching U-Bag|84/100
|
|t:|1760891628
|switch|p1a: Great Tusk|Great Tusk|100/100|[from] Volt Switch
|move|p2a: Punching U-Bag|Ice Punch|p1a: Great Tusk
|-supereffective|p1a: Great Tusk
|-damage|p1a: Great Tusk|58/100
|
|upkeep
|turn|6
|
|t:|1760891638
|-end|p2a: Punching U-Bag|Quark Drive|[silent]
|switch|p2a: Illegal|Tornadus-Therian, M|100/100 par
|move|p1a: Great Tusk|Ice Spinner|p2a: Illegal
|-supereffective|p2a: Illegal
|-damage|p2a: Illegal|0 fnt
|faint|p2a: Illegal
|-damage|p1a: Great Tusk|48/100|[from] item: Life Orb
|
|upkeep
|
|t:|1760891645
|switch|p2a: WhenWakeWalked|Walking Wake|100/100
|turn|7
|
|t:|1760891656
|-end|p1a: Great Tusk|Protosynthesis|[silent]
|switch|p1a: Latios|Latios, M|13/100
|move|p2a: WhenWakeWalked|Flip Turn|p1a: Latios
|-resisted|p1a: Latios
|-damage|p1a: Latios|2/100
|
|t:|1760891666
|-end|p2a: WhenWakeWalked|Protosynthesis|[silent]
|switch|p2a: Growrilla|Rillaboom, M|100/100|[from] Flip Turn
|-fieldstart|move: Grassy Terrain|[from] ability: Grassy Surge|[of] p2a: Growrilla
|
|upkeep
|turn|8
|
|t:|1760891680
|switch|p1a: Zapdos|Zapdos|92/100
|move|p2a: Growrilla|Grassy Glide|p1a: Zapdos
|-resisted|p1a: Zapdos
|-damage|p1a: Zapdos|57/100
|
|upkeep
|turn|9
|
|t:|1760891690
|switch|p2a: Punching U-Bag|Iron Hands|84/100
|move|p1a: Zapdos|Hurricane|p2a: Punching U-Bag
|-damage|p2a: Punching U-Bag|27/100
|-start|p2a: Punching U-Bag|confusion
|
|-heal|p2a: Punching U-Bag|34/100|[from] Grassy Terrain
|upkeep
|turn|10
|
|t:|1760891697
|-end|p2a: Punching U-Bag|Quark Drive|[silent]
|switch|p2a: Nameless Loser|Iron Treads|100/100
|move|p1a: Zapdos|Hurricane|p2a: Nameless Loser
|-resisted|p2a: Nameless Loser
|-damage|p2a: Nameless Loser|35/100
|
|-heal|p2a: Nameless Loser|41/100|[from] Grassy Terrain
|upkeep
|turn|11
|
|t:|1760891705
|move|p2a: Nameless Loser|Ice Spinner|p1a: Zapdos
|-supereffective|p1a: Zapdos
|-damage|p1a: Zapdos|0 fnt
|-fieldend|move: Grassy Terrain
|faint|p1a: Zapdos
|
|upkeep
|
|t:|1760891710
|switch|p1a: Salamence|Salamence, F|100/100
|turn|12
|
|t:|1760891721
|switch|p1a: Grimmsnarl|Grimmsnarl, M|100/100
|move|p2a: Nameless Loser|Ice Spinner|p1a: Grimmsnarl
|-damage|p1a: Grimmsnarl|68/100
|
|upkeep
|turn|13
|
|t:|1760891735
|-end|p2a: Nameless Loser|Quark Drive|[silent]
|switch|p2a: Punching U-Bag|Iron Hands|34/100
|move|p1a: Grimmsnarl|Crunch|p2a: Punching U-Bag
|-resisted|p2a: Punching U-Bag
|-damage|p2a: Punching U-Bag|13/100
|
|upkeep
|turn|14
|
|t:|1760891747
|switch|p1a: Latios|Latios, M|2/100
|move|p2a: Punching U-Bag|Ice Punch|p1a: Latios
|-supereffective|p1a: Latios
|-crit|p1a: Latios
|-damage|p1a: Latios|0 fnt
|faint|p1a: Latios
|
|upkeep
|
|t:|1760891754
|switch|p1a: Salamence|Salamence, F|100/100
|turn|15
|
|t:|1760891760
|move|p1a: Salamence|Dual Wingbeat|p2a: Punching U-Bag
|-damage|p2a: Punching U-Bag|0 fnt
|faint|p2a: Punching U-Bag
|-end|p2a: Punching U-Bag|Quark Drive|[silent]
|-ability|p1a: Salamence|Moxie|boost
|-boost|p1a: Salamence|atk|1
|-hitcount|p2: Punching U-Bag|1
|
|upkeep
|
|t:|1760891765
|switch|p2a: WhenWakeWalked|Walking Wake|100/100
|turn|16
|
|t:|1760891777
|switch|p1a: Tinkaton|Tinkaton, F|100/100
|-ability|p1a: Tinkaton|Mold Breaker
|-item|p1a: Tinkaton|Air Balloon
|move|p2a: WhenWakeWalked|Draco Meteor|p1a: Tinkaton
|-immune|p1a: Tinkaton
|
|upkeep
|turn|17
|
|t:|1760891786
|-end|p2a: WhenWakeWalked|Protosynthesis|[silent]
|switch|p2a: Nameless Loser|Iron Treads|41/100
|move|p1a: Tinkaton|Thunder Wave|p2a: Nameless Loser
|-immune|p2a: Nameless Loser
|
|upkeep
|turn|18
|
|t:|1760891802
|switch|p1a: Grimmsnarl|Grimmsnarl, M|68/100
|move|p2a: Nameless Loser|Ice Spinner|p1a: Grimmsnarl
|-damage|p1a: Grimmsnarl|38/100
|
|upkeep
|turn|19
|
|t:|1760891812
|-end|p2a: Nameless Loser|Quark Drive|[silent]
|switch|p2a: WhenWakeWalked|Walking Wake|100/100
|move|p1a: Grimmsnarl|Crunch|p2a: WhenWakeWalked
|-damage|p2a: WhenWakeWalked|33/100
|
|upkeep
|turn|20
|
|t:|1760891827
|switch|p1a: Great Tusk|Great Tusk|48/100
|move|p2a: WhenWakeWalked|Surf|p1a: Great Tusk
|-supereffective|p1a: Great Tusk
|-damage|p1a: Great Tusk|0 fnt
|faint|p1a: Great Tusk
|-end|p1a: Great Tusk|Protosynthesis|[silent]
|
|upkeep
|
|t:|1760891833
|switch|p1a: Salamence|Salamence, F|100/100
|turn|21
|
|t:|1760891842
|-end|p2a: WhenWakeWalked|Protosynthesis|[silent]
|switch|p2a: Growrilla|Rillaboom, M|100/100
|-fieldstart|move: Grassy Terrain|[from] ability: Grassy Surge|[of] p2a: Growrilla
|move|p1a: Salamence|Dual Wingbeat|p2a: Growrilla
|-supereffective|p2a: Growrilla
|-damage|p2a: Growrilla|44/100
|-supereffective|p2a: Growrilla
|-damage|p2a: Growrilla|0 fnt
|faint|p2a: Growrilla
|-ability|p1a: Salamence|Moxie|boost
|-boost|p1a: Salamence|atk|1
|-hitcount|p2: Growrilla|2
|
|upkeep
|
|t:|1760891844
|switch|p2a: WhenWakeWalked|Walking Wake|33/100
|turn|22
|inactive|excelio21 has 120 seconds left.
|
|t:|1760891879
|move|p2a: WhenWakeWalked|Flip Turn|p1a: Salamence
|-resisted|p1a: Salamence
|-crit|p1a: Salamence
|-damage|p1a: Salamence|85/100
|
|t:|1760891881
|-end|p2a: WhenWakeWalked|Protosynthesis|[silent]
|switch|p2a: Nameless Loser|Iron Treads|41/100|[from] Flip Turn
|move|p1a: Salamence|Dual Wingbeat|p2a: Nameless Loser
|-resisted|p2a: Nameless Loser
|-damage|p2a: Nameless Loser|25/100
|-resisted|p2a: Nameless Loser
|-damage|p2a: Nameless Loser|8/100
|-hitcount|p2a: Nameless Loser|2
|
|-heal|p2a: Nameless Loser|15/100|[from] Grassy Terrain
|-heal|p1a: Salamence|91/100|[from] item: Leftovers
|upkeep
|turn|23
|inactive|excelio21 has 120 seconds left.
|
|t:|1760891893
|-terastallize|p1a: Salamence|Water
|move|p2a: Nameless Loser|Ice Spinner|p1a: Salamence
|-resisted|p1a: Salamence
|-damage|p1a: Salamence|77/100
|-fieldend|move: Grassy Terrain
|move|p1a: Salamence|Dragon Dance|p1a: Salamence
|-boost|p1a: Salamence|atk|1
|-boost|p1a: Salamence|spe|1
|
|-heal|p1a: Salamence|83/100|[from] item: Leftovers
|upkeep
|turn|24
|-message|MrKickflip forfeited.
|
|win|excelio21
|raw|excelio21's rating: 1437 &rarr; <strong>1458</strong><br />(+21 for winning)
|raw|MrKickflip's rating: 1452 &rarr; <strong>1431</strong><br />(-21 for losing)
|l|☆MrKickflip
|player|p2|
