|j|☆FZPIR
|j|☆HZBKAI4
|t:|1760767817
|gametype|singles
|player|p1|FZPIR|102|1121
|player|p2|HZBKAI4|1|1097
|gen|9
|tier|[Gen 9] OU
|rated|
|rule|HP Percentage Mod: HP is shown in percentages
|rule|Endless Battle Clause: Forcing endless battles is banned
|rule|Species Clause: Limit one of each Pokémon
|rule|OHKO Clause: OHKO moves are banned
|rule|Evasion Items Clause: Evasion items are banned
|rule|Evasion Moves Clause: Evasion moves are banned
|rule|Evasion Abilities Clause: Evasion abilities are banned
|rule|Sleep Moves Clause: Sleep-inducing moves are banned
|clearpoke
|poke|p1|Kleavor, M|
|poke|p1|Brambleghast, M|
|poke|p1|Mamoswine, F|
|poke|p1|Alomomola, M|
|poke|p1|Lokix, M|
|poke|p1|Corviknight, F|
|poke|p2|Dragapult, M|
|poke|p2|Enamorus, F|
|poke|p2|Glimmora, M|
|poke|p2|Kingambit, F|
|poke|p2|Blaziken, F|
|poke|p2|Clefable, M|
|teampreview
|
|t:|1760767825
|teamsize|p1|6
|teamsize|p2|6
|start
|switch|p1a: Kleavor|Kleavor, M|100/100
|switch|p2a: Glimmora|Glimmora, M|100/100
|turn|1
|
|t:|1760767838
|move|p2a: Glimmora|Meteor Beam||[still]
|-prepare|p2a: Glimmora|Meteor Beam
|-boost|p2a: Glimmora|spa|1
|-enditem|p2a: Glimmora|Power Herb
|-anim|p2a: Glimmora|Meteor Beam|p1a: Kleavor
|-supereffective|p1a: Kleavor
|-enditem|p1a: Kleavor|Focus Sash
|-damage|p1a: Kleavor|1/100
|move|p1a: Kleavor|Stone Axe|p2a: Glimmora
|-damage|p2a: Glimmora|38/100
|-activate|p2a: Glimmora|ability: Toxic Debris
|-sidestart|p1: FZPIR|move: Toxic Spikes
|-sidestart|p2: HZBKAI4|move: Stealth Rock
|
|upkeep
|turn|2
|
|t:|1760767856
|switch|p1a: Corviknight|Corviknight, F|100/100
|move|p2a: Glimmora|Meteor Beam||[still]
|-prepare|p2a: Glimmora|Meteor Beam
|-boost|p2a: Glimmora|spa|1
|
|upkeep
|turn|3
|
|t:|1760767866
|move|p2a: Glimmora|Meteor Beam|p1a: Corviknight|[from] lockedmove
|-damage|p1a: Corviknight|0 fnt
|faint|p1a: Corviknight
|
|upkeep
|
|t:|1760767872
|switch|p1a: Kleavor|Kleavor, M|1/100
|-status|p1a: Kleavor|psn
|turn|4
|
|t:|1760767875
|move|p2a: Glimmora|Meteor Beam||[still]
|-prepare|p2a: Glimmora|Meteor Beam
|-boost|p2a: Glimmora|spa|1
|move|p1a: Kleavor|Stone Axe|p2a: Glimmora
|-damage|p2a: Glimmora|0 fnt
|-activate|p2a: Glimmora|ability: Toxic Debris
|-sidestart|p1: FZPIR|move: Toxic Spikes
|faint|p2a: Glimmora
|
|-damage|p1a: Kleavor|0 fnt|[from] psn
|faint|p1a: Kleavor
|upkeep
|
|t:|1760767884
|switch|p2a: Kingambit|Kingambit, F|100/100
|switch|p1a: Brambleghast|Brambleghast, M|100/100
|-status|p1a: Brambleghast|tox
|-damage|p2a: Kingambit|94/100|[from] Stealth Rock
|-activate|p2a: Kingambit|ability: Supreme Overlord
|-start|p2a: Kingambit|fallen1|[silent]
|turn|5
|
|t:|1760767894
|move|p1a: Brambleghast|Rapid Spin|p2a: Kingambit
|-resisted|p2a: Kingambit
|-damage|p2a: Kingambit|85/100
|-boost|p1a: Brambleghast|spe|1
|-sideend|p1: FZPIR|Toxic Spikes|[from] move: Rapid Spin|[of] p1a: Brambleghast
|-damage|p1a: Brambleghast|91/100 tox|[from] item: Life Orb
|move|p2a: Kingambit|Kowtow Cleave|p1a: Brambleghast
|-supereffective|p1a: Brambleghast
|-damage|p1a: Brambleghast|0 fnt
|faint|p1a: Brambleghast
|
|-heal|p2a: Kingambit|91/100|[from] item: Leftovers
|upkeep
|
|t:|1760767908
|switch|p1a: Mamoswine|Mamoswine, F|100/100
|turn|6
|
|t:|1760767913
|move|p1a: Mamoswine|Earthquake|p2a: Kingambit
|-supereffective|p2a: Kingambit
|-damage|p2a: Kingambit|0 fnt
|faint|p2a: Kingambit
|-end|p2a: Kingambit|fallen1|[silent]
|
|upkeep
|
|t:|1760767915
|switch|p2a: Blaziken|Blaziken, F|100/100
|-damage|p2a: Blaziken|88/100|[from] Stealth Rock
|turn|7
|
|t:|1760767923
|switch|p1a: Alomomola|Alomomola, M|100/100
|move|p2a: Blaziken|Close Combat|p1a: Alomomola
|-damage|p1a: Alomomola|57/100
|-unboost|p2a: Blaziken|def|1
|-unboost|p2a: Blaziken|spd|1
|-damage|p2a: Blaziken|72/100|[from] item: Rocky Helmet|[of] p1a: Alomomola
|-damage|p2a: Blaziken|62/100|[from] item: Life Orb
|
|-ability|p2a: Blaziken|Speed Boost|boost
|-boost|p2a: Blaziken|spe|1
|upkeep
|turn|8
|
|t:|1760767933
|move|p2a: Blaziken|Close Combat|p1a: Alomomola
|-crit|p1a: Alomomola
|-damage|p1a: Alomomola|0 fnt
|-unboost|p2a: Blaziken|def|1
|-unboost|p2a: Blaziken|spd|1
|-damage|p2a: Blaziken|45/100|[from] item: Rocky Helmet|[of] p1a: Alomomola
|faint|p1a: Alomomola
|-damage|p2a: Blaziken|35/100|[from] item: Life Orb
|
|-ability|p2a: Blaziken|Speed Boost|boost
|-boost|p2a: Blaziken|spe|1
|upkeep
|
|t:|1760767944
|switch|p1a: Lokix|Lokix, M|100/100
|turn|9
|
|t:|1760767947
|-terastallize|p2a: Blaziken|Fighting
|move|p1a: Lokix|First Impression|p2a: Blaziken
|-resisted|p2a: Blaziken
|-damage|p2a: Blaziken|0 fnt
|faint|p2a: Blaziken
|
|upkeep
|
|t:|1760767947
|switch|p2a: Clefable|Clefable, M|100/100
|turn|10
|
|t:|1760767951
|switch|p1a: Mamoswine|Mamoswine, F|100/100
|move|p2a: Clefable|Moonblast|p1a: Mamoswine
|-damage|p1a: Mamoswine|56/100
|-unboost|p1a: Mamoswine|spa|1
|
|upkeep
|turn|11
|
|t:|1760767972
|move|p1a: Mamoswine|Icicle Crash|p2a: Clefable
|-damage|p2a: Clefable|65/100
|move|p2a: Clefable|Moonblast|p1a: Mamoswine
|-damage|p1a: Mamoswine|9/100
|-unboost|p1a: Mamoswine|spa|1
|
|-heal|p2a: Clefable|71/100|[from] item: Leftovers
|upkeep
|turn|12
|-message|FZPIR forfeited.
|
|win|HZBKAI4
|raw|FZPIR's rating: 1121 &rarr; <strong>1094</strong><br />(-27 for losing)
|raw|HZBKAI4's rating: 1097 &rarr; <strong>1124</strong><br />(+27 for winning)
|l|☆HZBKAI4
|player|p2|
|l|☆FZPIR
|player|p1|
