|j|☆TyroneTheCreator18
|j|☆Team BBIO 38
|t:|1760889470
|gametype|singles
|player|p1|TyroneTheCreator18|harlequin|1442
|player|p2|Team BBIO 38|dragontamer|1424
|gen|9
|tier|[Gen 9] OU
|rated|
|rule|HP Percentage Mod: HP is shown in percentages
|rule|Endless Battle Clause: Forcing endless battles is banned
|rule|Species Clause: Limit one of each Pokémon
|rule|OHKO Clause: OHKO moves are banned
|rule|Evasion Items Clause: Evasion items are banned
|rule|Evasion Moves Clause: Evasion moves are banned
|rule|Evasion Abilities Clause: Evasion abilities are banned
|rule|Sleep Moves Clause: Sleep-inducing moves are banned
|clearpoke
|poke|p1|Weezing-Galar, M|
|poke|p1|Rillaboom, F|
|poke|p1|Clefable, F|
|poke|p1|Ogerpon-Wellspring, F|
|poke|p1|Zapdos|
|poke|p1|Hawlucha, M|
|poke|p2|Dusclops, M|
|poke|p2|Blissey, F|
|poke|p2|Flamigo, M|
|poke|p2|Darkrai|
|poke|p2|Tinkaton, F|
|poke|p2|Vaporeon, M|
|teampreview
|inactive|Battle timer is ON: inactive players will automatically lose when time's up. (requested by Team BBIO 38)
|
|t:|1760889481
|teamsize|p1|6
|teamsize|p2|6
|start
|switch|p1a: Rillaboom|Rillaboom, F|100/100
|switch|p2a: Darkrai|Darkrai|100/100
|-fieldstart|move: Grassy Terrain|[from] ability: Grassy Surge|[of] p1a: Rillaboom
|turn|1
|
|t:|1760889487
|move|p2a: Darkrai|Ice Beam|p1a: Rillaboom
|-supereffective|p1a: Rillaboom
|-damage|p1a: Rillaboom|0 fnt
|faint|p1a: Rillaboom
|
|upkeep
|
|t:|1760889494
|switch|p1a: Clefable|Clefable, F|100/100
|-enditem|p1a: Clefable|Grassy Seed
|-boost|p1a: Clefable|def|1|[from] item: Grassy Seed
|turn|2
|
|t:|1760889504
|switch|p2a: Tinkaton|Tinkaton, F|100/100
|-ability|p2a: Tinkaton|Mold Breaker
|move|p1a: Clefable|Calm Mind|p1a: Clefable
|-boost|p1a: Clefable|spa|1
|-boost|p1a: Clefable|spd|1
|
|upkeep
|turn|3
|
|t:|1760889510
|move|p2a: Tinkaton|Encore|p1a: Clefable
|-start|p1a: Clefable|Encore
|move|p1a: Clefable|Calm Mind|p1a: Clefable
|-boost|p1a: Clefable|spa|1
|-boost|p1a: Clefable|spd|1
|
|upkeep
|turn|4
|
|t:|1760889517
|-terastallize|p1a: Clefable|Poison
|move|p2a: Tinkaton|Gigaton Hammer|p1a: Clefable
|-damage|p1a: Clefable|55/100
|move|p1a: Clefable|Calm Mind|p1a: Clefable
|-boost|p1a: Clefable|spa|1
|-boost|p1a: Clefable|spd|1
|
|-heal|p1a: Clefable|61/100|[from] Grassy Terrain
|upkeep
|turn|5
|
|t:|1760889526
|move|p2a: Tinkaton|Knock Off|p1a: Clefable
|-damage|p1a: Clefable|49/100
|move|p1a: Clefable|Calm Mind|p1a: Clefable
|-boost|p1a: Clefable|spa|1
|-boost|p1a: Clefable|spd|1
|
|-heal|p1a: Clefable|55/100|[from] Grassy Terrain
|-end|p1a: Clefable|Encore
|upkeep
|turn|6
|
|t:|1760889533
|move|p2a: Tinkaton|Encore|p1a: Clefable
|-start|p1a: Clefable|Encore
|move|p1a: Clefable|Calm Mind|p1a: Clefable
|-boost|p1a: Clefable|spa|1
|-boost|p1a: Clefable|spd|1
|
|-heal|p1a: Clefable|61/100|[from] Grassy Terrain
|upkeep
|turn|7
|
|t:|1760889542
|switch|p1a: Ogerpon|Ogerpon-Wellspring, F|100/100
|move|p2a: Tinkaton|Gigaton Hammer|p1a: Ogerpon
|-resisted|p1a: Ogerpon
|-damage|p1a: Ogerpon|66/100
|
|-heal|p1a: Ogerpon|72/100|[from] Grassy Terrain
|upkeep
|turn|8
|
|t:|1760889559
|switch|p2a: Dusclops|Dusclops, M|100/100
|-item|p1a: Ogerpon|Wellspring Mask|[from] ability: Frisk|[of] p2a: Dusclops
|move|p1a: Ogerpon|Swords Dance|p1a: Ogerpon
|-boost|p1a: Ogerpon|atk|2
|
|-heal|p1a: Ogerpon|78/100|[from] Grassy Terrain
|-fieldend|move: Grassy Terrain
|upkeep
|turn|9
|
|t:|1760889567
|switch|p2a: Vaporeon|Vaporeon, M|100/100
|move|p1a: Ogerpon|Power Whip|p2a: Vaporeon
|-supereffective|p2a: Vaporeon
|-damage|p2a: Vaporeon|0 fnt
|faint|p2a: Vaporeon
|
|upkeep
|
|t:|1760889576
|switch|p2a: Darkrai|Darkrai|100/100
|turn|10
|l|☆TyroneTheCreator18
|inactive|TyroneTheCreator18 disconnected and has a minute to reconnect!
|player|p1|
|j|☆TyroneTheCreator18
|inactive|TyroneTheCreator18 reconnected and has 120 seconds left.
|player|p1|TyroneTheCreator18|harlequin|
|
|t:|1760889609
|move|p2a: Darkrai|Thunder|p1a: Ogerpon|[miss]
|-miss|p2a: Darkrai|p1a: Ogerpon
|move|p1a: Ogerpon|Ivy Cudgel|p2a: Darkrai|[anim] Ivy Cudgel Water
|-damage|p2a: Darkrai|0 fnt
|faint|p2a: Darkrai
|
|upkeep
|
|t:|1760889618
|switch|p2a: Flamigo|Flamigo, M|100/100
|turn|11
|
|t:|1760889621
|move|p2a: Flamigo|Brave Bird|p1a: Ogerpon
|-supereffective|p1a: Ogerpon
|-damage|p1a: Ogerpon|0 fnt
|faint|p1a: Ogerpon
|-damage|p2a: Flamigo|76/100|[from] Recoil
|
|upkeep
|
|t:|1760889629
|switch|p1a: Zapdos|Zapdos|100/100
|turn|12
|
|t:|1760889633
|switch|p2a: Blissey|Blissey, F|100/100
|move|p1a: Zapdos|Thunder Wave|p2a: Blissey
|-status|p2a: Blissey|par
|
|upkeep
|turn|13
|
|t:|1760889640
|move|p1a: Zapdos|Volt Switch|p2a: Blissey
|-damage|p2a: Blissey|89/100 par
|
|t:|1760889641
|switch|p1a: Hawlucha|Hawlucha, M|100/100|[from] Volt Switch
|move|p2a: Blissey|Seismic Toss|p1a: Hawlucha
|-damage|p1a: Hawlucha|69/100
|
|-heal|p2a: Blissey|95/100 par|[from] item: Leftovers
|upkeep
|turn|14
|
|t:|1760889650
|-curestatus|p2a: Blissey|par|[from] ability: Natural Cure
|switch|p2a: Dusclops|Dusclops, M|100/100
|-item|p1a: Hawlucha|Grassy Seed|[from] ability: Frisk|[of] p2a: Dusclops
|move|p1a: Hawlucha|Swords Dance|p1a: Hawlucha
|-boost|p1a: Hawlucha|atk|2
|
|upkeep
|turn|15
|
|t:|1760889657
|move|p1a: Hawlucha|Acrobatics|p2a: Dusclops
|-damage|p2a: Dusclops|77/100
|move|p2a: Dusclops|Will-O-Wisp|p1a: Hawlucha
|-status|p1a: Hawlucha|brn
|
|-damage|p1a: Hawlucha|63/100 brn|[from] brn
|upkeep
|turn|16
|
|t:|1760889665
|move|p1a: Hawlucha|Encore|p2a: Dusclops
|-start|p2a: Dusclops|Encore
|move|p2a: Dusclops|Will-O-Wisp|p1a: Hawlucha
|-fail|p1a: Hawlucha|brn
|
|-damage|p1a: Hawlucha|57/100 brn|[from] brn
|upkeep
|turn|17
|
|t:|1760889672
|switch|p2a: Tinkaton|Tinkaton, F|100/100
|-ability|p2a: Tinkaton|Mold Breaker
|move|p1a: Hawlucha|Swords Dance|p1a: Hawlucha
|-boost|p1a: Hawlucha|atk|2
|
|-damage|p1a: Hawlucha|51/100 brn|[from] brn
|upkeep
|turn|18
|
|t:|1760889680
|switch|p2a: Dusclops|Dusclops, M|77/100
|-item|p1a: Hawlucha|Grassy Seed|[from] ability: Frisk|[of] p2a: Dusclops
|move|p1a: Hawlucha|Close Combat|p2a: Dusclops
|-immune|p2a: Dusclops
|
|-damage|p1a: Hawlucha|45/100 brn|[from] brn
|upkeep
|turn|19
|
|t:|1760889688
|move|p1a: Hawlucha|Acrobatics|p2a: Dusclops
|-damage|p2a: Dusclops|61/100
|move|p2a: Dusclops|Night Shade|p1a: Hawlucha
|-damage|p1a: Hawlucha|13/100 brn
|
|-damage|p1a: Hawlucha|7/100 brn|[from] brn
|upkeep
|turn|20
|
|t:|1760889696
|move|p1a: Hawlucha|Acrobatics|p2a: Dusclops
|-damage|p2a: Dusclops|44/100
|move|p2a: Dusclops|Night Shade|p1a: Hawlucha
|-damage|p1a: Hawlucha|0 fnt
|faint|p1a: Hawlucha
|
|upkeep
|
|t:|1760889702
|switch|p1a: Weezing|Weezing-Galar, M|100/100
|-ability|p1a: Weezing|Neutralizing Gas
|turn|21
|
|t:|1760889706
|move|p1a: Weezing|Sludge Bomb|p2a: Dusclops
|-resisted|p2a: Dusclops
|-damage|p2a: Dusclops|36/100
|move|p2a: Dusclops|Pain Split|p1a: Weezing
|-sethp|p1a: Weezing|65/100|[from] move: Pain Split|[silent]
|-sethp|p2a: Dusclops|77/100|[from] move: Pain Split
|
|upkeep
|turn|22
|
|t:|1760889713
|switch|p2a: Tinkaton|Tinkaton, F|100/100
|move|p1a: Weezing|Will-O-Wisp|p2a: Tinkaton|[miss]
|-miss|p1a: Weezing|p2a: Tinkaton
|
|upkeep
|turn|23
|
|t:|1760889718
|move|p2a: Tinkaton|Gigaton Hammer|p1a: Weezing
|-supereffective|p1a: Weezing
|-damage|p1a: Weezing|0 fnt
|faint|p1a: Weezing
|-end|p1a: Weezing|ability: Neutralizing Gas
|-ability|p2a: Tinkaton|Mold Breaker
|
|upkeep
|
|t:|1760889724
|switch|p1a: Zapdos|Zapdos|100/100
|turn|24
|
|t:|1760889731
|switch|p2a: Blissey|Blissey, F|95/100
|move|p1a: Zapdos|Thunder Wave|p2a: Blissey|[miss]
|-miss|p1a: Zapdos|p2a: Blissey
|
|-heal|p2a: Blissey|100/100|[from] item: Leftovers
|upkeep
|turn|25
|
|t:|1760889739
|move|p1a: Zapdos|Volt Switch|p2a: Blissey
|-damage|p2a: Blissey|89/100
|
|t:|1760889740
|switch|p1a: Clefable|Clefable, F, tera:Poison|61/100|[from] Volt Switch
|move|p2a: Blissey|Seismic Toss|p1a: Clefable
|-damage|p1a: Clefable|36/100
|
|-heal|p2a: Blissey|95/100|[from] item: Leftovers
|upkeep
|turn|26
|
|t:|1760889749
|switch|p2a: Tinkaton|Tinkaton, F|100/100
|-ability|p2a: Tinkaton|Mold Breaker
|move|p1a: Clefable|Moonlight|p1a: Clefable
|-heal|p1a: Clefable|86/100
|
|upkeep
|turn|27
|
|t:|1760889756
|move|p2a: Tinkaton|Encore|p1a: Clefable
|-start|p1a: Clefable|Encore
|move|p1a: Clefable|Moonlight|p1a: Clefable
|-heal|p1a: Clefable|100/100
|
|upkeep
|turn|28
|
|t:|1760889761
|switch|p1a: Zapdos|Zapdos|100/100
|move|p2a: Tinkaton|Stealth Rock|p1a: Zapdos
|-sidestart|p1: TyroneTheCreator18|move: Stealth Rock
|
|upkeep
|turn|29
|
|t:|1760889766
|move|p2a: Tinkaton|Knock Off|p1a: Zapdos
|-damage|p1a: Zapdos|84/100
|-status|p2a: Tinkaton|par|[from] ability: Static|[of] p1a: Zapdos
|-enditem|p1a: Zapdos|Heavy-Duty Boots|[from] move: Knock Off|[of] p2a: Tinkaton
|move|p1a: Zapdos|Thunder Wave|p2a: Tinkaton
|-fail|p2a: Tinkaton|par
|
|upkeep
|turn|30
|
|t:|1760889774
|switch|p2a: Blissey|Blissey, F|95/100
|move|p1a: Zapdos|Hurricane|p2a: Blissey
|-damage|p2a: Blissey|78/100
|-start|p2a: Blissey|confusion
|
|-heal|p2a: Blissey|84/100|[from] item: Leftovers
|upkeep
|turn|31
|
|t:|1760889782
|move|p1a: Zapdos|Volt Switch|p2a: Blissey
|-damage|p2a: Blissey|74/100
|
|t:|1760889784
|switch|p1a: Clefable|Clefable, F, tera:Poison|100/100|[from] Volt Switch
|-damage|p1a: Clefable|88/100|[from] Stealth Rock
|-activate|p2a: Blissey|confusion
|-damage|p2a: Blissey|73/100|[from] confusion
|
|-heal|p2a: Blissey|79/100|[from] item: Leftovers
|upkeep
|turn|32
|
|t:|1760889792
|move|p1a: Clefable|Calm Mind|p1a: Clefable
|-boost|p1a: Clefable|spa|1
|-boost|p1a: Clefable|spd|1
|-activate|p2a: Blissey|confusion
|-damage|p2a: Blissey|78/100|[from] confusion
|
|-heal|p2a: Blissey|84/100|[from] item: Leftovers
|upkeep
|turn|33
|l|☆TyroneTheCreator18
|inactive|TyroneTheCreator18 disconnected and has a minute to reconnect!
|player|p1|
|j|☆TyroneTheCreator18
|inactive|TyroneTheCreator18 reconnected and has 110 seconds left.
|player|p1|TyroneTheCreator18|harlequin|
|
|t:|1760889839
|switch|p2a: Dusclops|Dusclops, M|77/100
|move|p1a: Clefable|Calm Mind|p1a: Clefable
|-boost|p1a: Clefable|spa|1
|-boost|p1a: Clefable|spd|1
|
|upkeep
|turn|34
|
|t:|1760889845
|move|p1a: Clefable|Calm Mind|p1a: Clefable
|-boost|p1a: Clefable|spa|1
|-boost|p1a: Clefable|spd|1
|move|p2a: Dusclops|Haze|p2a: Dusclops
|-clearallboost
|
|upkeep
|turn|35
|l|☆TyroneTheCreator18
|inactive|TyroneTheCreator18 disconnected and has a minute to reconnect!
|player|p1|
|j|☆TyroneTheCreator18
|inactive|TyroneTheCreator18 reconnected and has 110 seconds left.
|player|p1|TyroneTheCreator18|harlequin|
|
|t:|1760889867
|switch|p2a: Blissey|Blissey, F|84/100
|move|p1a: Clefable|Moonblast|p2a: Blissey
|-damage|p2a: Blissey|69/100
|-unboost|p2a: Blissey|spa|1
|
|-heal|p2a: Blissey|76/100|[from] item: Leftovers
|upkeep
|turn|36
|
|t:|1760889878
|move|p1a: Clefable|Calm Mind|p1a: Clefable
|-boost|p1a: Clefable|spa|1
|-boost|p1a: Clefable|spd|1
|move|p2a: Blissey|Thunder Wave|p1a: Clefable
|-status|p1a: Clefable|par
|
|-heal|p2a: Blissey|82/100|[from] item: Leftovers
|upkeep
|turn|37
|inactive|TyroneTheCreator18 has 120 seconds left.
|
|t:|1760889885
|move|p2a: Blissey|Heal Bell|p2a: Blissey
|-activate|p2a: Blissey|move: Heal Bell
|-curestatus|p2: Tinkaton|par|[msg]
|move|p1a: Clefable|Moonblast|p2a: Blissey
|-damage|p2a: Blissey|58/100
|
|-heal|p2a: Blissey|64/100|[from] item: Leftovers
|upkeep
|turn|38
|
|t:|1760889892
|move|p2a: Blissey|Seismic Toss|p1a: Clefable
|-damage|p1a: Clefable|63/100 par
|move|p1a: Clefable|Moonblast|p2a: Blissey
|-damage|p2a: Blissey|38/100
|
|-heal|p2a: Blissey|45/100|[from] item: Leftovers
|upkeep
|turn|39
|
|t:|1760889899
|move|p2a: Blissey|Soft-Boiled|p2a: Blissey
|-heal|p2a: Blissey|95/100
|move|p1a: Clefable|Moonlight|p1a: Clefable
|-heal|p1a: Clefable|100/100 par
|
|-heal|p2a: Blissey|100/100|[from] item: Leftovers
|upkeep
|turn|40
|
|t:|1760889907
|switch|p2a: Tinkaton|Tinkaton, F|100/100
|-ability|p2a: Tinkaton|Mold Breaker
|move|p1a: Clefable|Calm Mind|p1a: Clefable
|-boost|p1a: Clefable|spa|1
|-boost|p1a: Clefable|spd|1
|
|upkeep
|turn|41
|
|t:|1760889914
|switch|p1a: Zapdos|Zapdos|84/100
|-damage|p1a: Zapdos|59/100|[from] Stealth Rock
|move|p2a: Tinkaton|Encore||[still]
|-fail|p2a: Tinkaton
|
|upkeep
|turn|42
|
|t:|1760889919
|move|p2a: Tinkaton|Gigaton Hammer|p1a: Zapdos
|-resisted|p1a: Zapdos
|-damage|p1a: Zapdos|38/100
|move|p1a: Zapdos|Roost|p1a: Zapdos
|-heal|p1a: Zapdos|88/100
|-singleturn|p1a: Zapdos|move: Roost
|
|upkeep
|turn|43
|
|t:|1760889926
|move|p2a: Tinkaton|Encore|p1a: Zapdos
|-start|p1a: Zapdos|Encore
|move|p1a: Zapdos|Roost|p1a: Zapdos
|-heal|p1a: Zapdos|100/100
|-singleturn|p1a: Zapdos|move: Roost
|
|upkeep
|turn|44
|-message|TyroneTheCreator18 forfeited.
|
|win|Team BBIO 38
|raw|TyroneTheCreator18's rating: 1442 &rarr; <strong>1421</strong><br />(-21 for losing)
|raw|Team BBIO 38's rating: 1424 &rarr; <strong>1445</strong><br />(+21 for winning)
|l|☆TyroneTheCreator18
|player|p1|
|l|☆Team BBIO 38
|player|p2|
