|j|☆yoda6547
|j|☆arcanonino
|t:|1760813261
|gametype|singles
|player|p1|yoda6547|hilda-wonderlauncher|1122
|player|p2|arcanonino|102|1094
|gen|9
|tier|[Gen 9] OU
|rated|
|rule|HP Percentage Mod: HP is shown in percentages
|rule|Endless Battle Clause: Forcing endless battles is banned
|rule|Species Clause: Limit one of each Pokémon
|rule|OHKO Clause: OHKO moves are banned
|rule|Evasion Items Clause: Evasion items are banned
|rule|Evasion Moves Clause: Evasion moves are banned
|rule|Evasion Abilities Clause: Evasion abilities are banned
|rule|Sleep Moves Clause: Sleep-inducing moves are banned
|clearpoke
|poke|p1|Great Tusk|
|poke|p1|Heatran, M|
|poke|p1|Weavile, M|
|poke|p1|Primarina, M|
|poke|p1|Ogerpon, F|
|poke|p1|Pecharunt|
|poke|p2|Gengar, F|
|poke|p2|Weavile, M|
|poke|p2|Gliscor, M|
|poke|p2|Rotom-Wash|
|poke|p2|Breloom, M|
|poke|p2|Talonflame, M|
|teampreview
|
|t:|1760813265
|teamsize|p1|6
|teamsize|p2|6
|start
|switch|p1a: jonathan|Heatran, M, shiny|100/100
|switch|p2a: Rotom|Rotom-Wash|100/100
|-item|p1a: jonathan|Air Balloon
|turn|1
|inactive|Battle timer is ON: inactive players will automatically lose when time's up. (requested by arcanonino)
|
|t:|1760813273
|move|p1a: jonathan|Stealth Rock|p2a: Rotom
|-sidestart|p2: arcanonino|move: Stealth Rock
|move|p2a: Rotom|Hydro Pump|p1a: jonathan|[miss]
|-miss|p2a: Rotom|p1a: jonathan
|
|upkeep
|turn|2
|
|t:|1760813289
|move|p1a: jonathan|Magma Storm|p2a: Rotom
|-resisted|p2a: Rotom
|-crit|p2a: Rotom
|-damage|p2a: Rotom|71/100
|-activate|p2a: Rotom|move: Magma Storm|[of] p1a: jonathan
|move|p2a: Rotom|Hydro Pump|p1a: jonathan
|-supereffective|p1a: jonathan
|-damage|p1a: jonathan|26/100
|-enditem|p1a: jonathan|Air Balloon
|
|-heal|p2a: Rotom|77/100|[from] item: Leftovers
|-damage|p2a: Rotom|65/100|[from] move: Magma Storm|[partiallytrapped]
|upkeep
|turn|3
|inactive|yoda6547 has 120 seconds left.
|
|t:|1760813321
|move|p1a: jonathan|Magma Storm|p2a: Rotom
|-resisted|p2a: Rotom
|-damage|p2a: Rotom|43/100
|move|p2a: Rotom|Volt Switch|p1a: jonathan
|-damage|p1a: jonathan|0 fnt
|faint|p1a: jonathan
|
|t:|1760813329
|switch|p2a: Talonflame|Talonflame, M|100/100|[from] Volt Switch
|
|upkeep
|inactive|yoda6547 has 120 seconds left.
|
|t:|1760813347
|switch|p1a: Primarina|Primarina, M, shiny|100/100
|turn|4
|
|t:|1760813353
|move|p2a: Talonflame|Defog|p1a: Primarina
|-unboost|p1a: Primarina|evasion|1
|-sideend|p2: arcanonino|Stealth Rock|[from] move: Defog|[of] p2a: Talonflame
|move|p1a: Primarina|Psychic Noise|p2a: Talonflame
|-supereffective|p2a: Talonflame
|-damage|p2a: Talonflame|0 fnt
|faint|p2a: Talonflame
|
|upkeep
|
|t:|1760813356
|switch|p2a: Rotom|Rotom-Wash|43/100
|turn|5
|inactive|yoda6547 has 120 seconds left.
|
|t:|1760813369
|move|p2a: Rotom|Pain Split|p1a: Primarina
|-sethp|p1a: Primarina|68/100|[from] move: Pain Split|[silent]
|-sethp|p2a: Rotom|81/100|[from] move: Pain Split
|move|p1a: Primarina|Moonblast|p2a: Rotom
|-damage|p2a: Rotom|40/100
|
|-heal|p2a: Rotom|46/100|[from] item: Leftovers
|upkeep
|turn|6
|
|t:|1760813377
|move|p2a: Rotom|Volt Switch|p1a: Primarina
|-supereffective|p1a: Primarina
|-damage|p1a: Primarina|42/100
|
|t:|1760813381
|switch|p2a: Breloom|Breloom, M|100/100|[from] Volt Switch
|move|p1a: Primarina|Moonblast|p2a: Breloom
|-supereffective|p2a: Breloom
|-damage|p2a: Breloom|0 fnt
|faint|p2a: Breloom
|
|upkeep
|-message|arcanonino forfeited.
|
|win|yoda6547
|raw|yoda6547's rating: 1122 &rarr; <strong>1145</strong><br />(+23 for winning)
|raw|arcanonino's rating: 1094 &rarr; <strong>1072</strong><br />(-22 for losing)
|l|☆arcanonino
|player|p2|
