|j|☆Crsiu
|j|☆Mr Tpen
|t:|1760812949
|gametype|singles
|player|p1|Crsiu|n|1652
|player|p2|Mr Tpen|1|1650
|gen|9
|tier|[Gen 9] OU
|rated|
|rule|HP Percentage Mod: HP is shown in percentages
|rule|Endless Battle Clause: Forcing endless battles is banned
|rule|Species Clause: Limit one of each Pokémon
|rule|OHKO Clause: OHKO moves are banned
|rule|Evasion Items Clause: Evasion items are banned
|rule|Evasion Moves Clause: Evasion moves are banned
|rule|Evasion Abilities Clause: Evasion abilities are banned
|rule|Sleep Moves Clause: Sleep-inducing moves are banned
|clearpoke
|poke|p1|Blaziken, F|
|poke|p1|Indeedee, M|
|poke|p1|Ninetales-Alola, F|
|poke|p1|Iron Treads|
|poke|p1|Raging Bolt|
|poke|p1|Ursaluna, F|
|poke|p2|Enamorus, F|
|poke|p2|Kyurem|
|poke|p2|Landorus-Therian, M|
|poke|p2|Kingambit, F|
|poke|p2|Ogerpon-Wellspring, F|
|poke|p2|Glimmora, F|
|teampreview
|
|t:|1760812955
|teamsize|p1|6
|teamsize|p2|6
|start
|switch|p1a: Iron Treads|Iron Treads, shiny|100/100
|switch|p2a: Ogerpon|Ogerpon-Wellspring, F|100/100
|turn|1
|
|t:|1760812965
|-end|p1a: Iron Treads|Quark Drive|[silent]
|switch|p1a: Raging Bolt|Raging Bolt|100/100
|move|p2a: Ogerpon|Ivy Cudgel|p1a: Raging Bolt|[anim] Ivy Cudgel Water
|-resisted|p1a: Raging Bolt
|-damage|p1a: Raging Bolt|75/100
|
|upkeep
|turn|2
|
|t:|1760812969
|move|p2a: Ogerpon|Knock Off|p1a: Raging Bolt
|-damage|p1a: Raging Bolt|43/100
|-enditem|p1a: Raging Bolt|Choice Specs|[from] move: Knock Off|[of] p2a: Ogerpon
|move|p1a: Raging Bolt|Volt Switch|p2a: Ogerpon
|-damage|p2a: Ogerpon|56/100
|
|t:|1760812978
|-end|p1a: Raging Bolt|Protosynthesis|[silent]
|switch|p1a: Indeedee|Indeedee, M, shiny|100/100|[from] Volt Switch
|-fieldstart|move: Psychic Terrain|[from] ability: Psychic Surge|[of] p1a: Indeedee
|
|upkeep
|turn|3
|
|t:|1760812982
|move|p1a: Indeedee|Expanding Force|p2a: Ogerpon
|-damage|p2a: Ogerpon|0 fnt
|faint|p2a: Ogerpon
|
|upkeep
|
|t:|1760812984
|switch|p2a: Kingambit|Kingambit, F|100/100
|-activate|p2a: Kingambit|ability: Supreme Overlord
|-start|p2a: Kingambit|fallen1|[silent]
|-item|p2a: Kingambit|Air Balloon
|turn|4
|
|t:|1760812991
|switch|p1a: Iron Treads|Iron Treads, shiny|100/100
|move|p2a: Kingambit|Low Kick|p1a: Iron Treads
|-supereffective|p1a: Iron Treads
|-damage|p1a: Iron Treads|9/100
|
|upkeep
|turn|5
|
|t:|1760812997
|move|p1a: Iron Treads|Endeavor|p2a: Kingambit
|-damage|p2a: Kingambit|9/100
|-enditem|p2a: Kingambit|Air Balloon
|move|p2a: Kingambit|Low Kick|p1a: Iron Treads
|-supereffective|p1a: Iron Treads
|-damage|p1a: Iron Treads|0 fnt
|faint|p1a: Iron Treads
|-end|p1a: Iron Treads|Quark Drive|[silent]
|
|upkeep
|
|t:|1760813006
|switch|p1a: Raging Bolt|Raging Bolt|43/100
|turn|6
|
|t:|1760813010
|move|p2a: Kingambit|Low Kick|p1a: Raging Bolt
|-damage|p1a: Raging Bolt|4/100
|move|p1a: Raging Bolt|Volt Switch|p2a: Kingambit
|-damage|p2a: Kingambit|0 fnt
|faint|p2a: Kingambit
|-end|p2a: Kingambit|fallen1|[silent]
|
|t:|1760813017
|-end|p1a: Raging Bolt|Protosynthesis|[silent]
|switch|p1a: Indeedee|Indeedee, M, shiny|100/100|[from] Volt Switch
|
|-fieldend|move: Psychic Terrain
|upkeep
|
|t:|1760813021
|switch|p2a: Kyurem|Kyurem|100/100
|-ability|p2a: Kyurem|Pressure
|turn|7
|
|t:|1760813028
|switch|p1a: Ninetales|Ninetales-Alola, F, shiny|100/100
|-weather|Snowscape|[from] ability: Snow Warning|[of] p1a: Ninetales
|move|p2a: Kyurem|Ice Beam|p1a: Ninetales
|-resisted|p1a: Ninetales
|-damage|p1a: Ninetales|75/100
|
|-weather|Snowscape|[upkeep]
|upkeep
|turn|8
|
|t:|1760813033
|move|p2a: Kyurem|Ice Beam|p1a: Ninetales
|-resisted|p1a: Ninetales
|-damage|p1a: Ninetales|50/100
|move|p1a: Ninetales|Roar|p2a: Kyurem
|drag|p2a: Glimmora|Glimmora, F|100/100
|
|-weather|Snowscape|[upkeep]
|upkeep
|turn|9
|
|t:|1760813040
|switch|p1a: Indeedee|Indeedee, M, shiny|100/100
|-fieldstart|move: Psychic Terrain|[from] ability: Psychic Surge|[of] p1a: Indeedee
|move|p2a: Glimmora|Power Gem|p1a: Indeedee
|-damage|p1a: Indeedee|54/100
|
|-weather|Snowscape|[upkeep]
|upkeep
|turn|10
|
|t:|1760813045
|switch|p2a: Enamorus|Enamorus, F|100/100
|-terastallize|p1a: Indeedee|Psychic
|move|p1a: Indeedee|Expanding Force|p2a: Enamorus
|-damage|p2a: Enamorus|0 fnt
|faint|p2a: Enamorus
|
|-weather|Snowscape|[upkeep]
|upkeep
|
|t:|1760813048
|switch|p2a: Kyurem|Kyurem|100/100
|-ability|p2a: Kyurem|Pressure
|turn|11
|
|t:|1760813051
|switch|p1a: Raging Bolt|Raging Bolt|4/100
|move|p2a: Kyurem|Ice Beam|p1a: Raging Bolt
|-supereffective|p1a: Raging Bolt
|-damage|p1a: Raging Bolt|0 fnt
|faint|p1a: Raging Bolt
|-end|p1a: Raging Bolt|Protosynthesis|[silent]
|
|-weather|none
|upkeep
|
|t:|1760813055
|switch|p1a: Blaziken|Blaziken, F, shiny|100/100
|turn|12
|
|t:|1760813060
|switch|p2a: Landorus|Landorus-Therian, M|100/100
|-ability|p2a: Landorus|Intimidate|boost
|-unboost|p1a: Blaziken|atk|1
|move|p1a: Blaziken|Swords Dance|p1a: Blaziken
|-boost|p1a: Blaziken|atk|2
|
|-ability|p1a: Blaziken|Speed Boost|boost
|-boost|p1a: Blaziken|spe|1
|upkeep
|turn|13
|
|t:|1760813066
|move|p1a: Blaziken|Swords Dance|p1a: Blaziken
|-boost|p1a: Blaziken|atk|2
|move|p2a: Landorus|Earthquake|p1a: Blaziken
|-supereffective|p1a: Blaziken
|-enditem|p1a: Blaziken|Focus Sash
|-damage|p1a: Blaziken|1/100
|
|-fieldend|move: Psychic Terrain
|-ability|p1a: Blaziken|Speed Boost|boost
|-boost|p1a: Blaziken|spe|1
|upkeep
|turn|14
|
|t:|1760813068
|switch|p2a: Glimmora|Glimmora, F|100/100
|move|p1a: Blaziken|Reversal|p2a: Glimmora
|-damage|p2a: Glimmora|0 fnt
|-activate|p2a: Glimmora|ability: Toxic Debris
|-sidestart|p1: Crsiu|move: Toxic Spikes
|faint|p2a: Glimmora
|
|-ability|p1a: Blaziken|Speed Boost|boost
|-boost|p1a: Blaziken|spe|1
|upkeep
|
|t:|1760813073
|switch|p2a: Landorus|Landorus-Therian, M|100/100
|-ability|p2a: Landorus|Intimidate|boost
|-unboost|p1a: Blaziken|atk|1
|turn|15
|
|t:|1760813077
|-terastallize|p2a: Landorus|Ghost
|move|p1a: Blaziken|Reversal|p2a: Landorus
|-immune|p2a: Landorus
|move|p2a: Landorus|Earthquake|p1a: Blaziken
|-supereffective|p1a: Blaziken
|-damage|p1a: Blaziken|0 fnt
|faint|p1a: Blaziken
|
|upkeep
|
|t:|1760813089
|switch|p1a: Ninetales|Ninetales-Alola, F, shiny|50/100
|-status|p1a: Ninetales|psn
|-weather|Snowscape|[from] ability: Snow Warning|[of] p1a: Ninetales
|turn|16
|
|t:|1760813091
|move|p1a: Ninetales|Aurora Veil|p1a: Ninetales
|-sidestart|p1: Crsiu|move: Aurora Veil
|move|p2a: Landorus|Earthquake|p1a: Ninetales
|-damage|p1a: Ninetales|30/100 psn
|
|-weather|Snowscape|[upkeep]
|-damage|p1a: Ninetales|18/100 psn|[from] psn
|upkeep
|turn|17
|
|t:|1760813097
|move|p1a: Ninetales|Freeze-Dry|p2a: Landorus
|-damage|p2a: Landorus|78/100
|move|p2a: Landorus|Earthquake|p1a: Ninetales
|-damage|p1a: Ninetales|0 fnt
|faint|p1a: Ninetales
|
|-weather|Snowscape|[upkeep]
|upkeep
|
|t:|1760813100
|switch|p1a: Indeedee|Indeedee, M, shiny, tera:Psychic|54/100
|-status|p1a: Indeedee|psn
|-fieldstart|move: Psychic Terrain|[from] ability: Psychic Surge|[of] p1a: Indeedee
|turn|18
|
|t:|1760813102
|move|p1a: Indeedee|Expanding Force|p2a: Landorus
|-damage|p2a: Landorus|0 fnt
|faint|p2a: Landorus
|
|-weather|Snowscape|[upkeep]
|-damage|p1a: Indeedee|42/100 psn|[from] psn
|upkeep
|
|t:|1760813104
|switch|p2a: Kyurem|Kyurem|100/100
|-ability|p2a: Kyurem|Pressure
|turn|19
|
|t:|1760813106
|move|p1a: Indeedee|Expanding Force|p2a: Kyurem
|-damage|p2a: Kyurem|5/100
|move|p2a: Kyurem|Ice Beam|p1a: Indeedee
|-damage|p1a: Indeedee|5/100 psn
|
|-weather|Snowscape|[upkeep]
|-damage|p1a: Indeedee|0 fnt|[from] psn
|faint|p1a: Indeedee
|upkeep
|
|t:|1760813108
|switch|p1a: Ursaluna|Ursaluna, F, shiny|100/100
|-status|p1a: Ursaluna|psn
|turn|20
|
|t:|1760813110
|move|p2a: Kyurem|Ice Beam|p1a: Ursaluna
|-supereffective|p1a: Ursaluna
|-damage|p1a: Ursaluna|56/100 psn
|move|p1a: Ursaluna|Facade|p2a: Kyurem
|-damage|p2a: Kyurem|0 fnt
|faint|p2a: Kyurem
|
|win|Crsiu
|raw|Crsiu's rating: 1631 &rarr; <strong>1652</strong><br />(+21 for winning)
|raw|Mr Tpen's rating: 1650 &rarr; <strong>1629</strong><br />(-21 for losing)
|l|☆Mr Tpen
|player|p2|
|l|☆Crsiu
|player|p1|
