|j|☆guyhukjil
|j|☆58077803aco
|t:|1760861276
|gametype|singles
|player|p1|guyhukjil|gardenia|1105
|player|p2|58077803aco|n|1146
|gen|9
|tier|[Gen 9] OU
|rated|
|rule|HP Percentage Mod: HP is shown in percentages
|rule|Endless Battle Clause: Forcing endless battles is banned
|rule|Species Clause: Limit one of each Pokémon
|rule|OHKO Clause: OHKO moves are banned
|rule|Evasion Items Clause: Evasion items are banned
|rule|Evasion Moves Clause: Evasion moves are banned
|rule|Evasion Abilities Clause: Evasion abilities are banned
|rule|Sleep Moves Clause: Sleep-inducing moves are banned
|clearpoke
|poke|p1|Torkoal, F|
|poke|p1|Hatterene, F|
|poke|p1|Raging Bolt|
|poke|p1|Slither Wing|
|poke|p1|Venusaur, M|
|poke|p1|Walking Wake|
|poke|p2|Typhlosion, M|
|poke|p2|Scizor, M|
|poke|p2|Ampharos, F|
|poke|p2|Tyranitar, F|
|poke|p2|Azumarill, F|
|poke|p2|Espeon, F|
|teampreview
|
|t:|1760861292
|teamsize|p1|6
|teamsize|p2|6
|start
|switch|p1a: Slither Wing|Slither Wing|100/100
|switch|p2a: Azumarill|Azumarill, F|100/100
|turn|1
|
|t:|1760861300
|move|p1a: Slither Wing|U-turn|p2a: Azumarill
|-resisted|p2a: Azumarill
|-damage|p2a: Azumarill|79/100
|
|t:|1760861302
|-end|p1a: Slither Wing|Protosynthesis|[silent]
|switch|p1a: Venusaur|Venusaur, M|100/100|[from] U-turn
|move|p2a: Azumarill|Play Rough|p1a: Venusaur
|-resisted|p1a: Venusaur
|-damage|p1a: Venusaur|64/100
|
|upkeep
|turn|2
|
|t:|1760861315
|switch|p1a: Torkoal|Torkoal, F|100/100
|-weather|SunnyDay|[from] ability: Drought|[of] p1a: Torkoal
|move|p2a: Azumarill|Belly Drum|p2a: Azumarill
|-damage|p2a: Azumarill|29/100
|-setboost|p2a: Azumarill|atk|6|[from] move: Belly Drum
|-enditem|p2a: Azumarill|Sitrus Berry|[eat]
|-heal|p2a: Azumarill|54/100|[from] item: Sitrus Berry
|
|-weather|SunnyDay|[upkeep]
|upkeep
|turn|3
|
|t:|1760861327
|switch|p1a: Hatterene|Hatterene, F|100/100
|-item|p1a: Hatterene|Air Balloon
|move|p2a: Azumarill|Aqua Jet|p1a: Hatterene
|-damage|p1a: Hatterene|57/100
|-enditem|p1a: Hatterene|Air Balloon
|
|-weather|SunnyDay|[upkeep]
|upkeep
|turn|4
|
|t:|1760861337
|move|p2a: Azumarill|Play Rough|p1a: Hatterene
|-damage|p1a: Hatterene|0 fnt
|faint|p1a: Hatterene
|
|-weather|SunnyDay|[upkeep]
|upkeep
|
|t:|1760861342
|switch|p1a: Venusaur|Venusaur, M|64/100
|turn|5
|
|t:|1760861349
|move|p1a: Venusaur|Giga Drain|p2a: Azumarill
|-supereffective|p2a: Azumarill
|-damage|p2a: Azumarill|0 fnt
|-heal|p1a: Venusaur|99/100|[from] drain|[of] p2a: Azumarill
|faint|p2a: Azumarill
|-damage|p1a: Venusaur|90/100|[from] item: Life Orb
|
|-weather|SunnyDay|[upkeep]
|upkeep
|
|t:|1760861358
|switch|p2a: Typhlosion|Typhlosion, M|100/100
|turn|6
|
|t:|1760861367
|move|p1a: Venusaur|Earthquake|p2a: Typhlosion
|-supereffective|p2a: Typhlosion
|-damage|p2a: Typhlosion|25/100
|-damage|p1a: Venusaur|80/100|[from] item: Life Orb
|move|p2a: Typhlosion|Eruption|p1a: Venusaur
|-supereffective|p1a: Venusaur
|-damage|p1a: Venusaur|9/100
|
|-weather|SunnyDay|[upkeep]
|upkeep
|turn|7
|
|t:|1760861381
|move|p1a: Venusaur|Weather Ball|p2a: Typhlosion
|-start|p2a: Typhlosion|ability: Flash Fire
|move|p2a: Typhlosion|Eruption|p1a: Venusaur
|-supereffective|p1a: Venusaur
|-damage|p1a: Venusaur|0 fnt
|faint|p1a: Venusaur
|
|-weather|SunnyDay|[upkeep]
|upkeep
|
|t:|1760861385
|switch|p1a: Walking Wake|Walking Wake|100/100
|-activate|p1a: Walking Wake|ability: Protosynthesis
|-start|p1a: Walking Wake|protosynthesisspe
|turn|8
|
|t:|1760861397
|move|p1a: Walking Wake|Hydro Steam|p2a: Typhlosion
|-supereffective|p2a: Typhlosion
|-damage|p2a: Typhlosion|0 fnt
|faint|p2a: Typhlosion
|
|-weather|SunnyDay|[upkeep]
|upkeep
|
|t:|1760861406
|switch|p2a: Ampharos|Ampharos, F|100/100
|turn|9
|
|t:|1760861417
|move|p1a: Walking Wake|Hydro Steam|p2a: Ampharos
|-damage|p2a: Ampharos|36/100
|move|p2a: Ampharos|Dragon Pulse|p1a: Walking Wake
|-supereffective|p1a: Walking Wake
|-damage|p1a: Walking Wake|37/100
|
|-weather|none
|-end|p1a: Walking Wake|Protosynthesis
|-heal|p2a: Ampharos|42/100|[from] item: Leftovers
|upkeep
|turn|10
|
|t:|1760861427
|move|p1a: Walking Wake|Draco Meteor|p2a: Ampharos
|-damage|p2a: Ampharos|0 fnt
|-unboost|p1a: Walking Wake|spa|2
|faint|p2a: Ampharos
|
|upkeep
|
|t:|1760861434
|switch|p2a: Scizor|Scizor, M|100/100
|turn|11
|
|t:|1760861438
|-end|p1a: Walking Wake|Protosynthesis|[silent]
|switch|p1a: Torkoal|Torkoal, F|100/100
|-weather|SunnyDay|[from] ability: Drought|[of] p1a: Torkoal
|move|p2a: Scizor|Swords Dance|p2a: Scizor
|-boost|p2a: Scizor|atk|2
|
|-weather|SunnyDay|[upkeep]
|upkeep
|turn|12
|
|t:|1760861448
|-terastallize|p2a: Scizor|Bug
|move|p2a: Scizor|Dual Wingbeat|p1a: Torkoal
|-damage|p1a: Torkoal|63/100
|-damage|p1a: Torkoal|27/100
|-hitcount|p1a: Torkoal|2
|move|p1a: Torkoal|Overheat|p2a: Scizor
|-supereffective|p2a: Scizor
|-damage|p2a: Scizor|0 fnt
|-unboost|p1a: Torkoal|spa|2
|faint|p2a: Scizor
|
|-weather|SunnyDay|[upkeep]
|upkeep
|-message|58077803aco forfeited.
|
|win|guyhukjil
|raw|guyhukjil's rating: 1105 &rarr; <strong>1133</strong><br />(+28 for winning)
|raw|58077803aco's rating: 1146 &rarr; <strong>1118</strong><br />(-28 for losing)
|l|☆58077803aco
|player|p2|
|l|☆guyhukjil
|player|p1|
