|j|☆HZBKAI7
|j|☆Battousai9419
|t:|1760755306
|gametype|singles
|player|p1|HZBKAI7|2|1064
|player|p2|Battousai9419|sage|1063
|gen|9
|tier|[Gen 9] OU
|rated|
|rule|HP Percentage Mod: HP is shown in percentages
|rule|Endless Battle Clause: Forcing endless battles is banned
|rule|Species Clause: Limit one of each Pokémon
|rule|OHKO Clause: OHKO moves are banned
|rule|Evasion Items Clause: Evasion items are banned
|rule|Evasion Moves Clause: Evasion moves are banned
|rule|Evasion Abilities Clause: Evasion abilities are banned
|rule|Sleep Moves Clause: Sleep-inducing moves are banned
|clearpoke
|poke|p1|Diancie|
|poke|p1|Rillaboom, F|
|poke|p1|Necrozma|
|poke|p1|Corviknight, F|
|poke|p1|Ogerpon-Wellspring, F|
|poke|p1|Iron Hands|
|poke|p2|Lumineon, F|
|poke|p2|Rhydon, M|
|poke|p2|Altaria, F|
|poke|p2|Charizard, F|
|poke|p2|Gholdengo|
|poke|p2|Slowbro-Galar, M|
|teampreview
|inactive|Battle timer is ON: inactive players will automatically lose when time's up. (requested by Battousai9419)
|
|t:|1760755332
|teamsize|p1|6
|teamsize|p2|6
|start
|switch|p1a: Ogerpon|Ogerpon-Wellspring, F|100/100
|switch|p2a: Charizard|Charizard, F|100/100
|turn|1
|
|t:|1760755342
|switch|p2a: Altaria|Altaria, F|100/100
|move|p1a: Ogerpon|Knock Off|p2a: Altaria
|-damage|p2a: Altaria|62/100
|-damage|p1a: Ogerpon|84/100|[from] item: Rocky Helmet|[of] p2a: Altaria
|-enditem|p2a: Altaria|Rocky Helmet|[from] move: Knock Off|[of] p1a: Ogerpon
|
|upkeep
|turn|2
|
|t:|1760755352
|move|p1a: Ogerpon|Knock Off|p2a: Altaria
|-damage|p2a: Altaria|35/100
|move|p2a: Altaria|Roost|p2a: Altaria
|-heal|p2a: Altaria|85/100
|-singleturn|p2a: Altaria|move: Roost
|
|upkeep
|turn|3
|
|t:|1760755360
|move|p1a: Ogerpon|Knock Off|p2a: Altaria
|-damage|p2a: Altaria|56/100
|move|p2a: Altaria|Dragon Breath|p1a: Ogerpon
|-damage|p1a: Ogerpon|64/100
|
|upkeep
|turn|4
|
|t:|1760755367
|move|p1a: Ogerpon|Knock Off|p2a: Altaria
|-damage|p2a: Altaria|27/100
|move|p2a: Altaria|Dragon Breath|p1a: Ogerpon
|-damage|p1a: Ogerpon|47/100
|
|upkeep
|turn|5
|
|t:|1760755373
|move|p1a: Ogerpon|Knock Off|p2a: Altaria
|-damage|p2a: Altaria|0 fnt
|faint|p2a: Altaria
|
|upkeep
|
|t:|1760755385
|switch|p2a: Charizard|Charizard, F|100/100
|turn|6
|
|t:|1760755391
|move|p1a: Ogerpon|Knock Off|p2a: Charizard
|-damage|p2a: Charizard|44/100
|-enditem|p2a: Charizard|Heavy-Duty Boots|[from] move: Knock Off|[of] p1a: Ogerpon
|move|p2a: Charizard|Hurricane|p1a: Ogerpon
|-supereffective|p1a: Ogerpon
|-damage|p1a: Ogerpon|0 fnt
|faint|p1a: Ogerpon
|
|upkeep
|
|t:|1760755391
|switch|p1a: Diancie|Diancie|100/100
|turn|7
|
|t:|1760755410
|switch|p2a: Gholdengo|Gholdengo|100/100
|move|p1a: Diancie|Ancient Power|p2a: Gholdengo
|-resisted|p2a: Gholdengo
|-damage|p2a: Gholdengo|87/100
|
|upkeep
|turn|8
|
|t:|1760755419
|move|p2a: Gholdengo|Shadow Ball|p1a: Diancie
|-damage|p1a: Diancie|57/100
|move|p1a: Diancie|Ancient Power|p2a: Gholdengo
|-resisted|p2a: Gholdengo
|-damage|p2a: Gholdengo|72/100
|
|upkeep
|turn|9
|
|t:|1760755426
|move|p2a: Gholdengo|Make It Rain|p1a: Diancie
|-supereffective|p1a: Diancie
|-damage|p1a: Diancie|0 fnt
|-unboost|p2a: Gholdengo|spa|1
|faint|p1a: Diancie
|-enditem|p2a: Gholdengo|Eject Pack
|
|t:|1760755436
|switch|p2a: Rhydon|Rhydon, M|100/100
|
|upkeep
|
|t:|1760755436
|switch|p1a: Rillaboom|Rillaboom, F|100/100
|-fieldstart|move: Grassy Terrain|[from] ability: Grassy Surge|[of] p1a: Rillaboom
|turn|10
|
|t:|1760755447
|move|p1a: Rillaboom|Grassy Glide|p2a: Rhydon
|-supereffective|p2a: Rhydon
|-damage|p2a: Rhydon|24/100
|move|p2a: Rhydon|Avalanche|p1a: Rillaboom
|-supereffective|p1a: Rillaboom
|-damage|p1a: Rillaboom|10/100
|
|-heal|p1a: Rillaboom|16/100|[from] Grassy Terrain
|-heal|p2a: Rhydon|31/100|[from] Grassy Terrain
|upkeep
|turn|11
|
|t:|1760755465
|-terastallize|p1a: Rillaboom|Grass
|move|p1a: Rillaboom|Grassy Glide|p2a: Rhydon
|-supereffective|p2a: Rhydon
|-damage|p2a: Rhydon|0 fnt
|faint|p2a: Rhydon
|
|-heal|p1a: Rillaboom|22/100|[from] Grassy Terrain
|upkeep
|
|t:|1760755475
|switch|p2a: Charizard|Charizard, F|44/100
|turn|12
|
|t:|1760755479
|move|p2a: Charizard|Ancient Power|p1a: Rillaboom
|-damage|p1a: Rillaboom|0 fnt
|faint|p1a: Rillaboom
|
|upkeep
|
|t:|1760755480
|switch|p1a: Iron Hands|Iron Hands|100/100
|-enditem|p1a: Iron Hands|Booster Energy
|-activate|p1a: Iron Hands|ability: Quark Drive|[fromitem]
|-start|p1a: Iron Hands|quarkdriveatk
|turn|13
|
|t:|1760755495
|switch|p2a: Gholdengo|Gholdengo|72/100
|move|p1a: Iron Hands|Thunder Punch|p2a: Gholdengo
|-damage|p2a: Gholdengo|14/100
|
|-heal|p2a: Gholdengo|20/100|[from] Grassy Terrain
|upkeep
|turn|14
|
|t:|1760755507
|move|p2a: Gholdengo|Dazzling Gleam|p1a: Iron Hands
|-supereffective|p1a: Iron Hands
|-damage|p1a: Iron Hands|48/100
|move|p1a: Iron Hands|Thunder Punch|p2a: Gholdengo
|-damage|p2a: Gholdengo|0 fnt
|faint|p2a: Gholdengo
|
|-heal|p1a: Iron Hands|54/100|[from] Grassy Terrain
|upkeep
|
|t:|1760755519
|switch|p2a: Slowbro|Slowbro-Galar, M|100/100
|turn|15
|
|t:|1760755525
|move|p1a: Iron Hands|Thunder Punch|p2a: Slowbro
|-damage|p2a: Slowbro|42/100
|move|p2a: Slowbro|Psychic|p1a: Iron Hands
|-supereffective|p1a: Iron Hands
|-damage|p1a: Iron Hands|0 fnt
|faint|p1a: Iron Hands
|-end|p1a: Iron Hands|Quark Drive|[silent]
|-damage|p2a: Slowbro|32/100|[from] item: Life Orb
|
|-heal|p2a: Slowbro|38/100|[from] Grassy Terrain
|upkeep
|
|t:|1760755526
|switch|p1a: Necrozma|Necrozma|100/100
|turn|16
|
|t:|1760755541
|switch|p2a: Lumineon|Lumineon, F|100/100
|move|p1a: Necrozma|Earth Power|p2a: Lumineon
|-crit|p2a: Lumineon
|-damage|p2a: Lumineon|39/100
|
|-heal|p2a: Lumineon|46/100|[from] Grassy Terrain
|-heal|p2a: Lumineon|52/100|[from] item: Leftovers
|upkeep
|turn|17
|
|t:|1760755552
|move|p2a: Lumineon|Protect|p2a: Lumineon
|-singleturn|p2a: Lumineon|Protect
|move|p1a: Necrozma|Expanding Force|p2a: Lumineon
|-activate|p2a: Lumineon|move: Protect
|
|-heal|p2a: Lumineon|58/100|[from] Grassy Terrain
|-heal|p2a: Lumineon|64/100|[from] item: Leftovers
|-fieldend|move: Grassy Terrain
|upkeep
|turn|18
|
|t:|1760755563
|move|p2a: Lumineon|Whirlpool|p1a: Necrozma
|-damage|p1a: Necrozma|91/100
|-activate|p1a: Necrozma|move: Whirlpool|[of] p2a: Lumineon
|move|p1a: Necrozma|Expanding Force|p2a: Lumineon
|-damage|p2a: Lumineon|14/100
|
|-heal|p2a: Lumineon|20/100|[from] item: Leftovers
|-heal|p1a: Necrozma|97/100|[from] item: Leftovers
|-damage|p1a: Necrozma|85/100|[from] move: Whirlpool|[partiallytrapped]
|upkeep
|turn|19
|
|t:|1760755574
|move|p2a: Lumineon|Protect|p2a: Lumineon
|-singleturn|p2a: Lumineon|Protect
|move|p1a: Necrozma|Expanding Force|p2a: Lumineon
|-activate|p2a: Lumineon|move: Protect
|
|-heal|p2a: Lumineon|26/100|[from] item: Leftovers
|-heal|p1a: Necrozma|91/100|[from] item: Leftovers
|-damage|p1a: Necrozma|79/100|[from] move: Whirlpool|[partiallytrapped]
|upkeep
|turn|20
|
|t:|1760755585
|move|p2a: Lumineon|Chilling Water|p1a: Necrozma
|-damage|p1a: Necrozma|66/100
|-unboost|p1a: Necrozma|atk|1
|move|p1a: Necrozma|Expanding Force|p2a: Lumineon
|-damage|p2a: Lumineon|0 fnt
|faint|p2a: Lumineon
|
|-heal|p1a: Necrozma|72/100|[from] item: Leftovers
|-end|p1a: Necrozma|Whirlpool|[partiallytrapped]|[silent]
|upkeep
|
|t:|1760755601
|switch|p2a: Slowbro|Slowbro-Galar, M|71/100
|turn|21
|
|t:|1760755607
|move|p1a: Necrozma|Earth Power|p2a: Slowbro
|-supereffective|p2a: Slowbro
|-damage|p2a: Slowbro|0 fnt
|faint|p2a: Slowbro
|
|-heal|p1a: Necrozma|78/100|[from] item: Leftovers
|upkeep
|
|t:|1760755615
|switch|p2a: Charizard|Charizard, F|44/100
|turn|22
|
|t:|1760755626
|move|p2a: Charizard|Fire Blast|p1a: Necrozma
|-damage|p1a: Necrozma|24/100
|-status|p1a: Necrozma|brn
|move|p1a: Necrozma|Expanding Force|p2a: Charizard
|-damage|p2a: Charizard|0 fnt
|faint|p2a: Charizard
|
|win|HZBKAI7
|raw|HZBKAI7's rating: 1064 &rarr; <strong>1094</strong><br />(+30 for winning)
|raw|Battousai9419's rating: 1063 &rarr; <strong>1044</strong><br />(-19 for losing)
|l|☆HZBKAI7
|player|p1|
|l|☆Battousai9419
|player|p2|
