|j|☆Quackstorm
|j|☆adrianan
|t:|1760813831
|gametype|singles
|player|p1|Quackstorm|burglar-gen2|1482
|player|p2|adrianan|red|1460
|gen|9
|tier|[Gen 9] OU
|rated|
|rule|HP Percentage Mod: HP is shown in percentages
|rule|Endless Battle Clause: Forcing endless battles is banned
|rule|Species Clause: Limit one of each Pokémon
|rule|OHKO Clause: OHKO moves are banned
|rule|Evasion Items Clause: Evasion items are banned
|rule|Evasion Moves Clause: Evasion moves are banned
|rule|Evasion Abilities Clause: Evasion abilities are banned
|rule|Sleep Moves Clause: Sleep-inducing moves are banned
|clearpoke
|poke|p1|Pelipper, F|
|poke|p1|Hatterene, F|
|poke|p1|Iron Treads|
|poke|p1|Toxicroak, F|
|poke|p1|Barraskewda, F|
|poke|p1|Zapdos|
|poke|p2|Hariyama, M|
|poke|p2|Azumarill, M|
|poke|p2|Goodra-Hisui, M|
|poke|p2|Glimmora, M|
|poke|p2|Garchomp, M|
|poke|p2|Noivern, F|
|teampreview
|inactive|Battle timer is ON: inactive players will automatically lose when time's up. (requested by adrianan)
|
|t:|1760813880
|teamsize|p1|6
|teamsize|p2|6
|start
|switch|p1a: Iron Treads|Iron Treads|100/100
|switch|p2a: Noivern|Noivern, F|100/100
|turn|1
|
|t:|1760813885
|-end|p1a: Iron Treads|Quark Drive|[silent]
|switch|p1a: Pelipper|Pelipper, F|100/100
|-weather|RainDance|[from] ability: Drizzle|[of] p1a: Pelipper
|move|p2a: Noivern|Heat Wave|p1a: Pelipper
|-resisted|p1a: Pelipper
|-damage|p1a: Pelipper|91/100
|
|-weather|RainDance|[upkeep]
|upkeep
|turn|2
|inactive|adrianan has 120 seconds left.
|
|t:|1760813919
|switch|p2a: Garchomp|Garchomp, M|100/100
|switch|p1a: Iron Treads|Iron Treads|100/100
|
|-weather|RainDance|[upkeep]
|upkeep
|turn|3
|inactive|adrianan has 120 seconds left.
|
|t:|1760813939
|-end|p1a: Iron Treads|Quark Drive|[silent]
|switch|p1a: Hatterene|Hatterene, F|100/100
|move|p2a: Garchomp|Earthquake|p1a: Hatterene
|-damage|p1a: Hatterene|60/100
|-enditem|p1a: Hatterene|Eject Button
|
|t:|1760813945
|switch|p1a: Zapdos|Zapdos|100/100
|
|-weather|RainDance|[upkeep]
|upkeep
|turn|4
|inactive|adrianan has 120 seconds left.
|
|t:|1760813963
|switch|p2a: Goodra|Goodra-Hisui, M|100/100
|-terastallize|p1a: Zapdos|Flying
|move|p1a: Zapdos|Hurricane|p2a: Goodra
|-resisted|p2a: Goodra
|-damage|p2a: Goodra|76/100
|
|-weather|RainDance|[upkeep]
|upkeep
|turn|5
|
|t:|1760813970
|switch|p1a: Iron Treads|Iron Treads|100/100
|move|p2a: Goodra|Dragon Pulse|p1a: Iron Treads
|-resisted|p1a: Iron Treads
|-damage|p1a: Iron Treads|87/100
|
|-weather|RainDance|[upkeep]
|-heal|p1a: Iron Treads|93/100|[from] item: Leftovers
|upkeep
|turn|6
|
|t:|1760813979
|switch|p2a: Garchomp|Garchomp, M|100/100
|move|p1a: Iron Treads|Stealth Rock|p2a: Garchomp
|-sidestart|p2: adrianan|move: Stealth Rock
|
|-weather|RainDance|[upkeep]
|-heal|p1a: Iron Treads|99/100|[from] item: Leftovers
|upkeep
|turn|7
|
|t:|1760813989
|-end|p1a: Iron Treads|Quark Drive|[silent]
|switch|p1a: Pelipper|Pelipper, F|91/100
|move|p2a: Garchomp|Stealth Rock|p1a: Pelipper
|-sidestart|p1: Quackstorm|move: Stealth Rock
|
|-weather|RainDance|[upkeep]
|upkeep
|turn|8
|
|t:|1760814005
|switch|p2a: Goodra|Goodra-Hisui, M|76/100
|-damage|p2a: Goodra|70/100|[from] Stealth Rock
|move|p1a: Pelipper|U-turn|p2a: Goodra
|-resisted|p2a: Goodra
|-damage|p2a: Goodra|66/100
|
|t:|1760814018
|switch|p1a: Toxicroak|Toxicroak, F|100/100|[from] U-turn
|-damage|p1a: Toxicroak|94/100|[from] Stealth Rock
|
|-weather|none
|upkeep
|turn|9
|
|t:|1760814026
|switch|p2a: Garchomp|Garchomp, M|100/100
|-damage|p2a: Garchomp|94/100|[from] Stealth Rock
|move|p1a: Toxicroak|Knock Off|p2a: Garchomp
|-damage|p2a: Garchomp|80/100
|-damage|p1a: Toxicroak|82/100|[from] ability: Rough Skin|[of] p2a: Garchomp
|-damage|p1a: Toxicroak|65/100|[from] item: Rocky Helmet|[of] p2a: Garchomp
|-enditem|p2a: Garchomp|Rocky Helmet|[from] move: Knock Off|[of] p1a: Toxicroak
|
|upkeep
|turn|10
|
|t:|1760814037
|switch|p1a: Hatterene|Hatterene, F|60/100
|-damage|p1a: Hatterene|48/100|[from] Stealth Rock
|move|p2a: Garchomp|Spikes|p1a: Hatterene
|move|p1a: Hatterene|Spikes|p2a: Garchomp|[from] ability: Magic Bounce
|-sidestart|p2: adrianan|Spikes
|
|upkeep
|turn|11
|
|t:|1760814056
|switch|p2a: Goodra|Goodra-Hisui, M|66/100
|-damage|p2a: Goodra|60/100|[from] Stealth Rock
|-damage|p2a: Goodra|48/100|[from] Spikes
|move|p1a: Hatterene|Draining Kiss|p2a: Goodra
|-damage|p2a: Goodra|38/100
|-heal|p1a: Hatterene|57/100|[from] drain|[of] p2a: Goodra
|
|upkeep
|turn|12
|
|t:|1760814065
|switch|p1a: Iron Treads|Iron Treads|99/100
|-damage|p1a: Iron Treads|96/100|[from] Stealth Rock
|move|p2a: Goodra|Flash Cannon|p1a: Iron Treads
|-resisted|p1a: Iron Treads
|-damage|p1a: Iron Treads|85/100
|
|-heal|p1a: Iron Treads|91/100|[from] item: Leftovers
|upkeep
|turn|13
|
|t:|1760814094
|move|p1a: Iron Treads|Rapid Spin|p2a: Goodra
|-resisted|p2a: Goodra
|-damage|p2a: Goodra|33/100
|-boost|p1a: Iron Treads|spe|1
|-sideend|p1: Quackstorm|Stealth Rock|[from] move: Rapid Spin|[of] p1a: Iron Treads
|move|p2a: Goodra|Flamethrower|p1a: Iron Treads
|-supereffective|p1a: Iron Treads
|-damage|p1a: Iron Treads|54/100
|
|-heal|p1a: Iron Treads|60/100|[from] item: Leftovers
|upkeep
|turn|14
|inactive|adrianan has 120 seconds left.
|
|t:|1760814110
|move|p1a: Iron Treads|Earthquake|p2a: Goodra
|-supereffective|p2a: Goodra
|-damage|p2a: Goodra|0 fnt
|faint|p2a: Goodra
|
|-heal|p1a: Iron Treads|66/100|[from] item: Leftovers
|upkeep
|
|t:|1760814113
|switch|p2a: Hariyama|Hariyama, M|100/100
|-damage|p2a: Hariyama|94/100|[from] Stealth Rock
|-damage|p2a: Hariyama|82/100|[from] Spikes
|turn|15
|inactive|adrianan has 120 seconds left.
|
|t:|1760814136
|move|p1a: Iron Treads|Volt Switch|p2a: Hariyama
|-damage|p2a: Hariyama|69/100
|inactive|Quackstorm has 120 seconds left.
|
|t:|1760814168
|-end|p1a: Iron Treads|Quark Drive|[silent]
|switch|p1a: Toxicroak|Toxicroak, F|65/100|[from] Volt Switch
|move|p2a: Hariyama|Knock Off|p1a: Toxicroak
|-resisted|p1a: Toxicroak
|-damage|p1a: Toxicroak|50/100
|-damage|p2a: Hariyama|53/100|[from] item: Rocky Helmet|[of] p1a: Toxicroak
|-enditem|p1a: Toxicroak|Rocky Helmet|[from] move: Knock Off|[of] p2a: Hariyama
|
|-status|p2a: Hariyama|brn|[from] item: Flame Orb
|upkeep
|turn|16
|inactive|adrianan has 120 seconds left.
|
|t:|1760814191
|switch|p2a: Garchomp|Garchomp, M|80/100
|-damage|p2a: Garchomp|74/100|[from] Stealth Rock
|-damage|p2a: Garchomp|61/100|[from] Spikes
|move|p1a: Toxicroak|Encore||[still]
|-fail|p1a: Toxicroak
|
|upkeep
|turn|17
|
|t:|1760814197
|switch|p1a: Hatterene|Hatterene, F|57/100
|move|p2a: Garchomp|Earthquake|p1a: Hatterene
|-damage|p1a: Hatterene|19/100
|
|upkeep
|turn|18
|inactive|Quackstorm has 120 seconds left.
|inactive|adrianan has 120 seconds left.
|
|t:|1760814209
|move|p2a: Garchomp|Earthquake|p1a: Hatterene
|-damage|p1a: Hatterene|0 fnt
|faint|p1a: Hatterene
|
|upkeep
|
|t:|1760814211
|switch|p1a: Zapdos|Zapdos, tera:Flying|100/100
|turn|19
|inactive|adrianan has 120 seconds left.
|
|t:|1760814228
|move|p1a: Zapdos|Hurricane|p2a: Garchomp|[miss]
|-miss|p1a: Zapdos|p2a: Garchomp
|move|p2a: Garchomp|Stealth Rock|p1a: Zapdos
|-sidestart|p1: Quackstorm|move: Stealth Rock
|
|upkeep
|turn|20
|
|t:|1760814235
|move|p1a: Zapdos|Hurricane|p2a: Garchomp|[miss]
|-miss|p1a: Zapdos|p2a: Garchomp
|move|p2a: Garchomp|Spikes|p1a: Zapdos
|-sidestart|p1: Quackstorm|Spikes
|
|upkeep
|turn|21
|
|t:|1760814247
|move|p1a: Zapdos|Hurricane|p2a: Garchomp
|-damage|p2a: Garchomp|0 fnt
|faint|p2a: Garchomp
|
|upkeep
|c|☆Quackstorm|...
|inactive|adrianan has 120 seconds left.
|
|t:|1760814257
|switch|p2a: Noivern|Noivern, F|100/100
|-damage|p2a: Noivern|75/100|[from] Stealth Rock
|turn|22
|
|t:|1760814269
|switch|p1a: Pelipper|Pelipper, F|91/100
|-damage|p1a: Pelipper|66/100|[from] Stealth Rock
|-weather|RainDance|[from] ability: Drizzle|[of] p1a: Pelipper
|-terastallize|p2a: Noivern|Normal
|move|p2a: Noivern|Boomburst|p1a: Pelipper
|-damage|p1a: Pelipper|0 fnt
|faint|p1a: Pelipper
|
|-weather|RainDance|[upkeep]
|upkeep
|
|t:|1760814272
|switch|p1a: Iron Treads|Iron Treads|66/100
|-damage|p1a: Iron Treads|63/100|[from] Stealth Rock
|-damage|p1a: Iron Treads|51/100|[from] Spikes
|turn|23
|
|t:|1760814278
|move|p2a: Noivern|Boomburst|p1a: Iron Treads
|-resisted|p1a: Iron Treads
|-damage|p1a: Iron Treads|15/100
|move|p1a: Iron Treads|Rapid Spin|p2a: Noivern
|-damage|p2a: Noivern|61/100
|-boost|p1a: Iron Treads|spe|1
|-sideend|p1: Quackstorm|Spikes|[from] move: Rapid Spin|[of] p1a: Iron Treads
|-sideend|p1: Quackstorm|Stealth Rock|[from] move: Rapid Spin|[of] p1a: Iron Treads
|
|-weather|RainDance|[upkeep]
|-heal|p1a: Iron Treads|21/100|[from] item: Leftovers
|upkeep
|turn|24
|
|t:|1760814307
|switch|p2a: Hariyama|Hariyama, M|53/100 brn
|-damage|p2a: Hariyama|47/100 brn|[from] Stealth Rock
|-damage|p2a: Hariyama|34/100 brn|[from] Spikes
|move|p1a: Iron Treads|Earthquake|p2a: Hariyama
|-damage|p2a: Hariyama|0 fnt
|faint|p2a: Hariyama
|
|-weather|RainDance|[upkeep]
|-heal|p1a: Iron Treads|27/100|[from] item: Leftovers
|upkeep
|
|t:|1760814313
|switch|p2a: Azumarill|Azumarill, M|100/100
|-damage|p2a: Azumarill|88/100|[from] Stealth Rock
|-damage|p2a: Azumarill|76/100|[from] Spikes
|turn|25
|inactive|adrianan has 120 seconds left.
|
|t:|1760814336
|-end|p1a: Iron Treads|Quark Drive|[silent]
|switch|p1a: Toxicroak|Toxicroak, F|50/100
|move|p2a: Azumarill|Play Rough|p1a: Toxicroak
|-damage|p1a: Toxicroak|0 fnt
|faint|p1a: Toxicroak
|
|-weather|RainDance|[upkeep]
|upkeep
|
|t:|1760814341
|switch|p1a: Zapdos|Zapdos, tera:Flying|100/100
|turn|26
|inactive|adrianan has 120 seconds left.
|
|t:|1760814358
|switch|p2a: Glimmora|Glimmora, M|100/100
|-damage|p2a: Glimmora|88/100|[from] Stealth Rock
|-damage|p2a: Glimmora|76/100|[from] Spikes
|move|p1a: Zapdos|Thunder|p2a: Glimmora
|-damage|p2a: Glimmora|0 fnt
|faint|p2a: Glimmora
|
|-weather|RainDance|[upkeep]
|upkeep
|
|t:|1760814373
|switch|p2a: Noivern|Noivern, F, tera:Normal|61/100
|-damage|p2a: Noivern|49/100|[from] Stealth Rock
|-damage|p2a: Noivern|36/100|[from] Spikes
|turn|27
|
|t:|1760814380
|switch|p1a: Iron Treads|Iron Treads|27/100
|move|p2a: Noivern|Boomburst|p1a: Iron Treads
|-resisted|p1a: Iron Treads
|-damage|p1a: Iron Treads|0 fnt
|faint|p1a: Iron Treads
|-end|p1a: Iron Treads|Quark Drive|[silent]
|
|-weather|RainDance|[upkeep]
|upkeep
|
|t:|1760814382
|switch|p1a: Barraskewda|Barraskewda, F|100/100
|turn|28
|inactive|adrianan has 120 seconds left.
|inactive|adrianan has 90 seconds left.
|
|t:|1760814423
|switch|p2a: Azumarill|Azumarill, M|76/100
|-damage|p2a: Azumarill|63/100|[from] Stealth Rock
|-damage|p2a: Azumarill|51/100|[from] Spikes
|move|p1a: Barraskewda|Flip Turn|p2a: Azumarill
|-resisted|p2a: Azumarill
|-damage|p2a: Azumarill|13/100
|
|t:|1760814431
|switch|p1a: Zapdos|Zapdos, tera:Flying|100/100|[from] Flip Turn
|
|-weather|RainDance|[upkeep]
|upkeep
|turn|29
|
|t:|1760814437
|move|p2a: Azumarill|Aqua Jet|p1a: Zapdos
|-damage|p1a: Zapdos|29/100
|move|p1a: Zapdos|Volt Switch|p2a: Azumarill
|-supereffective|p2a: Azumarill
|-damage|p2a: Azumarill|0 fnt
|faint|p2a: Azumarill
|
|t:|1760814440
|switch|p1a: Barraskewda|Barraskewda, F|100/100|[from] Volt Switch
|
|-weather|none
|upkeep
|
|t:|1760814442
|switch|p2a: Noivern|Noivern, F, tera:Normal|36/100
|-damage|p2a: Noivern|24/100|[from] Stealth Rock
|-damage|p2a: Noivern|11/100|[from] Spikes
|turn|30
|
|t:|1760814461
|move|p1a: Barraskewda|Aqua Jet|p2a: Noivern
|-damage|p2a: Noivern|0 fnt
|faint|p2a: Noivern
|
|win|Quackstorm
|raw|Quackstorm's rating: 1482 &rarr; <strong>1501</strong><br />(+19 for winning)
|raw|adrianan's rating: 1460 &rarr; <strong>1441</strong><br />(-19 for losing)
|l|☆adrianan
|player|p2|
|l|☆Quackstorm
|player|p1|
