|j|‽Slashutu
|j|☆superstar
|t:|1760738701
|gametype|singles
|player|p1|Slashutu|170|1517
|player|p2|superstar|2|1527
|gen|9
|tier|[Gen 9] OU
|rated|
|rule|HP Percentage Mod: HP is shown in percentages
|rule|Endless Battle Clause: Forcing endless battles is banned
|rule|Species Clause: Limit one of each Pokémon
|rule|OHKO Clause: OHKO moves are banned
|rule|Evasion Items Clause: Evasion items are banned
|rule|Evasion Moves Clause: Evasion moves are banned
|rule|Evasion Abilities Clause: Evasion abilities are banned
|rule|Sleep Moves Clause: Sleep-inducing moves are banned
|clearpoke
|poke|p1|Pelipper, F|
|poke|p1|Hatterene, F|
|poke|p1|Iron Treads|
|poke|p1|Toxicroak, F|
|poke|p1|Barraskewda, F|
|poke|p1|Zapdos|
|poke|p2|Ribombee, F|
|poke|p2|Manaphy|
|poke|p2|Raging Bolt|
|poke|p2|Pecharunt|
|poke|p2|Enamorus, F|
|poke|p2|Great Tusk|
|teampreview
|
|t:|1760738729
|teamsize|p1|6
|teamsize|p2|6
|start
|switch|p1a: Pelipper|Pelipper, F|100/100
|switch|p2a: Bee Movie|Ribombee, F|100/100
|-weather|RainDance|[from] ability: Drizzle|[of] p1a: Pelipper
|turn|1
|
|t:|1760738735
|move|p2a: Bee Movie|Moonblast|p1a: Pelipper
|-damage|p1a: Pelipper|69/100
|move|p1a: Pelipper|Hurricane|p2a: Bee Movie
|-supereffective|p2a: Bee Movie
|-enditem|p2a: Bee Movie|Focus Sash
|-damage|p2a: Bee Movie|1/100
|
|-weather|RainDance|[upkeep]
|upkeep
|turn|2
|
|t:|1760738740
|switch|p1a: Hatterene|Hatterene, F|100/100
|move|p2a: Bee Movie|Skill Swap|p1a: Hatterene
|-activate|p2a: Bee Movie|move: Skill Swap|Magic Bounce|Shield Dust|[of] p1a: Hatterene
|
|-weather|RainDance|[upkeep]
|upkeep
|turn|3
|
|t:|1760738750
|move|p2a: Bee Movie|Sticky Web|p1a: Hatterene
|-sidestart|p1: Slashutu|move: Sticky Web
|move|p1a: Hatterene|Psychic Noise|p2a: Bee Movie
|-damage|p2a: Bee Movie|0 fnt
|faint|p2a: Bee Movie
|
|-weather|RainDance|[upkeep]
|upkeep
|
|t:|1760738767
|switch|p2a: Glow Up|Manaphy|100/100
|turn|4
|j| donotperceiveme
|
|t:|1760738779
|switch|p1a: Zapdos|Zapdos|100/100
|move|p2a: Glow Up|Substitute|p2a: Glow Up
|-start|p2a: Glow Up|Substitute
|-damage|p2a: Glow Up|76/100
|
|-weather|RainDance|[upkeep]
|-heal|p2a: Glow Up|82/100|[from] item: Leftovers
|upkeep
|turn|5
|l| donotperceiveme
|
|t:|1760738789
|move|p1a: Zapdos|Thunder|p2a: Glow Up
|-supereffective|p2a: Glow Up
|-crit|p2a: Glow Up
|-end|p2a: Glow Up|Substitute
|move|p2a: Glow Up|Surf|p1a: Zapdos
|-crit|p1a: Zapdos
|-damage|p1a: Zapdos|0 fnt
|faint|p1a: Zapdos
|
|-weather|RainDance|[upkeep]
|-heal|p2a: Glow Up|88/100|[from] item: Leftovers
|upkeep
|
|t:|1760738795
|switch|p1a: Toxicroak|Toxicroak, F|100/100
|-activate|p1a: Toxicroak|move: Sticky Web
|-unboost|p1a: Toxicroak|spe|1
|turn|6
|
|t:|1760738802
|switch|p2a: Right round|Great Tusk|100/100
|-enditem|p2a: Right round|Booster Energy
|-activate|p2a: Right round|ability: Protosynthesis|[fromitem]
|-start|p2a: Right round|protosynthesisatk
|move|p1a: Toxicroak|Encore||[still]
|-fail|p1a: Toxicroak
|
|-weather|RainDance|[upkeep]
|upkeep
|turn|7
|
|t:|1760738812
|switch|p1a: Hatterene|Hatterene, F|100/100
|-activate|p1a: Hatterene|move: Sticky Web
|-unboost|p1a: Hatterene|spe|1
|move|p2a: Right round|Close Combat|p1a: Hatterene
|-resisted|p1a: Hatterene
|-damage|p1a: Hatterene|81/100
|-unboost|p2a: Right round|def|1
|-unboost|p2a: Right round|spd|1
|-enditem|p1a: Hatterene|Eject Button
|
|t:|1760738820
|switch|p1a: Barraskewda|Barraskewda, F|100/100
|-activate|p1a: Barraskewda|move: Sticky Web
|-unboost|p1a: Barraskewda|spe|1
|
|-weather|RainDance|[upkeep]
|upkeep
|turn|8
|
|t:|1760738824
|-end|p2a: Right round|Protosynthesis|[silent]
|switch|p2a: Glow Up|Manaphy|88/100
|-terastallize|p1a: Barraskewda|Water
|move|p1a: Barraskewda|Liquidation|p2a: Glow Up
|-resisted|p2a: Glow Up
|-damage|p2a: Glow Up|18/100
|
|-weather|none
|-heal|p2a: Glow Up|24/100|[from] item: Leftovers
|upkeep
|turn|9
|
|t:|1760738831
|switch|p2a: Littlefoot|Raging Bolt|100/100
|-enditem|p2a: Littlefoot|Booster Energy
|-activate|p2a: Littlefoot|ability: Protosynthesis|[fromitem]
|-start|p2a: Littlefoot|protosynthesisspa
|move|p1a: Barraskewda|Liquidation|p2a: Littlefoot
|-resisted|p2a: Littlefoot
|-damage|p2a: Littlefoot|59/100
|
|upkeep
|turn|10
|
|t:|1760738840
|-end|p2a: Littlefoot|Protosynthesis|[silent]
|switch|p2a: Right round|Great Tusk|100/100
|switch|p1a: Iron Treads|Iron Treads|100/100
|-activate|p1a: Iron Treads|move: Sticky Web
|-unboost|p1a: Iron Treads|spe|1
|
|upkeep
|turn|11
|
|t:|1760738846
|-end|p1a: Iron Treads|Quark Drive|[silent]
|switch|p1a: Pelipper|Pelipper, F|69/100
|-weather|RainDance|[from] ability: Drizzle|[of] p1a: Pelipper
|move|p2a: Right round|Close Combat|p1a: Pelipper
|-resisted|p1a: Pelipper
|-damage|p1a: Pelipper|34/100
|-unboost|p2a: Right round|def|1
|-unboost|p2a: Right round|spd|1
|
|-weather|RainDance|[upkeep]
|upkeep
|turn|12
|
|t:|1760738861
|switch|p1a: Hatterene|Hatterene, F|81/100
|-activate|p1a: Hatterene|move: Sticky Web
|-unboost|p1a: Hatterene|spe|1
|move|p2a: Right round|Close Combat|p1a: Hatterene
|-resisted|p1a: Hatterene
|-damage|p1a: Hatterene|64/100
|-unboost|p2a: Right round|def|1
|-unboost|p2a: Right round|spd|1
|
|-weather|RainDance|[upkeep]
|upkeep
|turn|13
|
|t:|1760738869
|-end|p2a: Right round|Protosynthesis|[silent]
|switch|p2a: Glow Up|Manaphy|24/100
|move|p1a: Hatterene|Psychic Noise|p2a: Glow Up
|-damage|p2a: Glow Up|0 fnt
|faint|p2a: Glow Up
|
|-weather|RainDance|[upkeep]
|upkeep
|
|t:|1760738872
|switch|p2a: Playboi|Enamorus, F|100/100
|turn|14
|
|t:|1760738887
|move|p2a: Playboi|Calm Mind|p2a: Playboi
|-boost|p2a: Playboi|spa|1
|-boost|p2a: Playboi|spd|1
|move|p1a: Hatterene|Nuzzle|p2a: Playboi
|-supereffective|p2a: Playboi
|-damage|p2a: Playboi|89/100
|-status|p2a: Playboi|par
|
|-weather|RainDance|[upkeep]
|-heal|p2a: Playboi|95/100 par|[from] item: Leftovers
|upkeep
|turn|15
|
|t:|1760738891
|switch|p1a: Iron Treads|Iron Treads|100/100
|-activate|p1a: Iron Treads|move: Sticky Web
|-unboost|p1a: Iron Treads|spe|1
|cant|p2a: Playboi|par
|
|-weather|RainDance|[upkeep]
|-heal|p2a: Playboi|100/100 par|[from] item: Leftovers
|upkeep
|turn|16
|
|t:|1760738898
|switch|p2a: double D|Pecharunt|100/100
|move|p1a: Iron Treads|Volt Switch|p2a: double D
|-damage|p2a: double D|90/100
|
|t:|1760738904
|-end|p1a: Iron Treads|Quark Drive|[silent]
|switch|p1a: Barraskewda|Barraskewda, F, tera:Water|100/100|[from] Volt Switch
|-activate|p1a: Barraskewda|move: Sticky Web
|-unboost|p1a: Barraskewda|spe|1
|
|-weather|RainDance|[upkeep]
|upkeep
|turn|17
|
|t:|1760738908
|move|p1a: Barraskewda|Liquidation|p2a: double D
|-damage|p2a: double D|11/100
|move|p2a: double D|Malignant Chain|p1a: Barraskewda
|-damage|p1a: Barraskewda|32/100
|
|-weather|RainDance|[upkeep]
|upkeep
|turn|18
|
|t:|1760738914
|move|p1a: Barraskewda|Liquidation|p2a: double D
|-damage|p2a: double D|0 fnt
|faint|p2a: double D
|
|-weather|none
|upkeep
|
|t:|1760738917
|switch|p2a: Littlefoot|Raging Bolt|59/100
|turn|19
|
|t:|1760738920
|-end|p2a: Littlefoot|Protosynthesis|[silent]
|switch|p2a: Right round|Great Tusk|100/100
|switch|p1a: Iron Treads|Iron Treads|100/100
|-activate|p1a: Iron Treads|move: Sticky Web
|-unboost|p1a: Iron Treads|spe|1
|
|upkeep
|turn|20
|
|t:|1760738925
|-end|p1a: Iron Treads|Quark Drive|[silent]
|switch|p1a: Pelipper|Pelipper, F|34/100
|-weather|RainDance|[from] ability: Drizzle|[of] p1a: Pelipper
|move|p2a: Right round|Headlong Rush|p1a: Pelipper
|-immune|p1a: Pelipper
|
|-weather|RainDance|[upkeep]
|upkeep
|turn|21
|
|t:|1760738935
|move|p2a: Right round|Close Combat|p1a: Pelipper
|-resisted|p1a: Pelipper
|-damage|p1a: Pelipper|0 fnt
|-unboost|p2a: Right round|def|1
|-unboost|p2a: Right round|spd|1
|faint|p1a: Pelipper
|
|-weather|RainDance|[upkeep]
|upkeep
|
|t:|1760738939
|switch|p1a: Barraskewda|Barraskewda, F, tera:Water|32/100
|-activate|p1a: Barraskewda|move: Sticky Web
|-unboost|p1a: Barraskewda|spe|1
|turn|22
|
|t:|1760738946
|-end|p2a: Right round|Protosynthesis|[silent]
|switch|p2a: Playboi|Enamorus, F|100/100 par
|move|p1a: Barraskewda|Liquidation|p2a: Playboi
|-damage|p2a: Playboi|0 fnt
|faint|p2a: Playboi
|
|-weather|RainDance|[upkeep]
|upkeep
|
|t:|1760738948
|switch|p2a: Littlefoot|Raging Bolt|59/100
|turn|23
|
|t:|1760738958
|switch|p1a: Iron Treads|Iron Treads|100/100
|-activate|p1a: Iron Treads|move: Sticky Web
|-unboost|p1a: Iron Treads|spe|1
|-end|p2a: Littlefoot|Protosynthesis|[silent]
|switch|p2a: Right round|Great Tusk|100/100
|
|-weather|RainDance|[upkeep]
|upkeep
|turn|24
|
|t:|1760738983
|move|p2a: Right round|Rapid Spin|p1a: Iron Treads
|-resisted|p1a: Iron Treads
|-crit|p1a: Iron Treads
|-damage|p1a: Iron Treads|89/100
|-boost|p2a: Right round|spe|1
|move|p1a: Iron Treads|Rapid Spin|p2a: Right round
|-damage|p2a: Right round|91/100
|-boost|p1a: Iron Treads|spe|1
|-sideend|p1: Slashutu|Sticky Web|[from] move: Rapid Spin|[of] p1a: Iron Treads
|
|-weather|RainDance|[upkeep]
|-heal|p1a: Iron Treads|95/100|[from] item: Leftovers
|upkeep
|turn|25
|
|t:|1760739013
|-end|p1a: Iron Treads|Quark Drive|[silent]
|switch|p1a: Hatterene|Hatterene, F|64/100
|move|p2a: Right round|Rapid Spin|p1a: Hatterene
|-damage|p1a: Hatterene|47/100
|-boost|p2a: Right round|spe|1
|
|-weather|RainDance|[upkeep]
|upkeep
|turn|26
|
|t:|1760739017
|move|p2a: Right round|Headlong Rush|p1a: Hatterene
|-damage|p1a: Hatterene|0 fnt
|-unboost|p2a: Right round|def|1
|-unboost|p2a: Right round|spd|1
|faint|p1a: Hatterene
|
|-weather|RainDance|[upkeep]
|upkeep
|
|t:|1760739020
|switch|p1a: Barraskewda|Barraskewda, F, tera:Water|32/100
|turn|27
|
|t:|1760739026
|move|p1a: Barraskewda|Liquidation|p2a: Right round
|-supereffective|p2a: Right round
|-damage|p2a: Right round|0 fnt
|faint|p2a: Right round
|-end|p2a: Right round|Protosynthesis|[silent]
|
|-weather|none
|upkeep
|
|t:|1760739028
|switch|p2a: Littlefoot|Raging Bolt|59/100
|turn|28
|
|t:|1760739032
|move|p1a: Barraskewda|Liquidation|p2a: Littlefoot
|-resisted|p2a: Littlefoot
|-damage|p2a: Littlefoot|11/100
|move|p2a: Littlefoot|Calm Mind|p2a: Littlefoot
|-boost|p2a: Littlefoot|spa|1
|-boost|p2a: Littlefoot|spd|1
|
|upkeep
|turn|29
|
|t:|1760739035
|switch|p1a: Iron Treads|Iron Treads|95/100
|move|p2a: Littlefoot|Thunderclap||[still]
|-fail|p2a: Littlefoot
|
|-heal|p1a: Iron Treads|100/100|[from] item: Leftovers
|upkeep
|turn|30
|
|t:|1760739040
|move|p1a: Iron Treads|Earthquake|p2a: Littlefoot
|-supereffective|p2a: Littlefoot
|-damage|p2a: Littlefoot|0 fnt
|faint|p2a: Littlefoot
|-end|p2a: Littlefoot|Protosynthesis|[silent]
|
|win|Slashutu
|raw|Slashutu's rating: 1517 &rarr; <strong>1538</strong><br />(+21 for winning)
|raw|superstar's rating: 1527 &rarr; <strong>1506</strong><br />(-21 for losing)
|l|☆superstar
|player|p2|
|l|‽Slashutu
|player|p1|
