|j|☆ykykp
|j|☆aretse
|t:|1760795130
|gametype|singles
|player|p1|ykykp|101|1505
|player|p2|aretse|170|1487
|gen|9
|tier|[Gen 9] OU
|rated|
|rule|HP Percentage Mod: HP is shown in percentages
|rule|Endless Battle Clause: Forcing endless battles is banned
|rule|Species Clause: Limit one of each Pokémon
|rule|OHKO Clause: OHKO moves are banned
|rule|Evasion Items Clause: Evasion items are banned
|rule|Evasion Moves Clause: Evasion moves are banned
|rule|Evasion Abilities Clause: Evasion abilities are banned
|rule|Sleep Moves Clause: Sleep-inducing moves are banned
|clearpoke
|poke|p1|Barraskewda, F|
|poke|p1|Pelipper, M|
|poke|p1|Tornadus-Therian, M|
|poke|p1|Decidueye-Hisui, F|
|poke|p1|Iron Treads|
|poke|p1|Raging Bolt|
|poke|p2|Clodsire, F|
|poke|p2|Gliscor, M|
|poke|p2|Alomomola, M|
|poke|p2|Dondozo, F|
|poke|p2|Amoonguss, F|
|poke|p2|Bronzong|
|teampreview
|inactive|Battle timer is ON: inactive players will automatically lose when time's up. (requested by aretse)
|
|t:|1760795157
|teamsize|p1|6
|teamsize|p2|6
|start
|switch|p1a: Pelipper|Pelipper, M|100/100
|switch|p2a: Gliscor|Gliscor, M|100/100
|-weather|RainDance|[from] ability: Drizzle|[of] p1a: Pelipper
|turn|1
|
|t:|1760795168
|switch|p1a: Raging Bolt|Raging Bolt|100/100
|move|p2a: Gliscor|Protect||[still]
|-fail|p2a: Gliscor
|
|-weather|RainDance|[upkeep]
|-status|p2a: Gliscor|tox|[from] item: Toxic Orb
|upkeep
|turn|2
|
|t:|1760795175
|switch|p2a: Bronzong|Bronzong|100/100
|move|p1a: Raging Bolt|Calm Mind|p1a: Raging Bolt
|-boost|p1a: Raging Bolt|spa|1
|-boost|p1a: Raging Bolt|spd|1
|
|-weather|RainDance|[upkeep]
|upkeep
|turn|3
|
|t:|1760795182
|move|p1a: Raging Bolt|Calm Mind|p1a: Raging Bolt
|-boost|p1a: Raging Bolt|spa|1
|-boost|p1a: Raging Bolt|spd|1
|move|p2a: Bronzong|Night Shade|p1a: Raging Bolt
|-damage|p1a: Raging Bolt|78/100
|
|-weather|RainDance|[upkeep]
|-heal|p1a: Raging Bolt|84/100|[from] item: Leftovers
|upkeep
|turn|4
|
|t:|1760795189
|move|p2a: Bronzong|Protect|p2a: Bronzong
|-singleturn|p2a: Bronzong|Protect
|move|p1a: Raging Bolt|Calm Mind|p1a: Raging Bolt
|-boost|p1a: Raging Bolt|spa|1
|-boost|p1a: Raging Bolt|spd|1
|
|-weather|RainDance|[upkeep]
|-heal|p1a: Raging Bolt|90/100|[from] item: Leftovers
|upkeep
|turn|5
|
|t:|1760795193
|switch|p2a: Dondozo|Dondozo, F|100/100
|move|p1a: Raging Bolt|Thunderbolt|p2a: Dondozo
|-supereffective|p2a: Dondozo
|-damage|p2a: Dondozo|5/100
|-status|p2a: Dondozo|par
|
|-weather|RainDance|[upkeep]
|-heal|p1a: Raging Bolt|96/100|[from] item: Leftovers
|upkeep
|turn|6
|
|t:|1760795198
|switch|p2a: Clodsire|Clodsire, F|100/100
|move|p1a: Raging Bolt|Thunderbolt|p2a: Clodsire
|-immune|p2a: Clodsire
|
|-weather|RainDance|[upkeep]
|-heal|p1a: Raging Bolt|100/100|[from] item: Leftovers
|upkeep
|turn|7
|
|t:|1760795207
|move|p1a: Raging Bolt|Weather Ball|p2a: Clodsire
|-supereffective|p2a: Clodsire
|-damage|p2a: Clodsire|40/100
|move|p2a: Clodsire|Recover|p2a: Clodsire
|-heal|p2a: Clodsire|90/100
|
|-weather|RainDance|[upkeep]
|upkeep
|turn|8
|
|t:|1760795212
|move|p1a: Raging Bolt|Weather Ball|p2a: Clodsire
|-supereffective|p2a: Clodsire
|-damage|p2a: Clodsire|31/100
|move|p2a: Clodsire|Amnesia|p2a: Clodsire
|-boost|p2a: Clodsire|spd|2
|
|-weather|none
|upkeep
|turn|9
|
|t:|1760795218
|-end|p1a: Raging Bolt|Protosynthesis|[silent]
|switch|p1a: Barraskewda|Barraskewda, F|100/100
|move|p2a: Clodsire|Recover|p2a: Clodsire
|-heal|p2a: Clodsire|81/100
|
|upkeep
|turn|10
|
|t:|1760795220
|switch|p2a: Alomomola|Alomomola, M|100/100
|move|p1a: Barraskewda|Flip Turn|p2a: Alomomola
|-resisted|p2a: Alomomola
|-damage|p2a: Alomomola|87/100
|-damage|p1a: Barraskewda|91/100|[from] item: Life Orb
|
|t:|1760795228
|switch|p1a: Raging Bolt|Raging Bolt|100/100|[from] Flip Turn
|
|upkeep
|turn|11
|
|t:|1760795236
|move|p1a: Raging Bolt|Calm Mind|p1a: Raging Bolt
|-boost|p1a: Raging Bolt|spa|1
|-boost|p1a: Raging Bolt|spd|1
|move|p2a: Alomomola|Wish|p2a: Alomomola
|
|upkeep
|turn|12
|
|t:|1760795242
|switch|p2a: Clodsire|Clodsire, F|81/100
|move|p1a: Raging Bolt|Thunderbolt|p2a: Clodsire
|-immune|p2a: Clodsire
|
|-heal|p2a: Clodsire|100/100|[from] move: Wish|[wisher] Alomomola
|upkeep
|turn|13
|
|t:|1760795250
|-end|p1a: Raging Bolt|Protosynthesis|[silent]
|switch|p1a: Iron Treads|Iron Treads|100/100
|move|p2a: Clodsire|Poison Jab|p1a: Iron Treads
|-immune|p1a: Iron Treads
|
|upkeep
|turn|14
|
|t:|1760795253
|switch|p2a: Gliscor|Gliscor, M|100/100 tox
|move|p1a: Iron Treads|Knock Off|p2a: Gliscor
|-damage|p2a: Gliscor|86/100 tox
|-enditem|p2a: Gliscor|Toxic Orb|[from] move: Knock Off|[of] p1a: Iron Treads
|
|-heal|p2a: Gliscor|98/100 tox|[from] ability: Poison Heal
|upkeep
|turn|15
|
|t:|1760795257
|move|p1a: Iron Treads|Stealth Rock|p2a: Gliscor
|-sidestart|p2: aretse|move: Stealth Rock
|move|p2a: Gliscor|Toxic|p1a: Iron Treads
|-immune|p1a: Iron Treads
|
|-heal|p2a: Gliscor|100/100 tox|[from] ability: Poison Heal
|upkeep
|turn|16
|
|t:|1760795261
|-end|p1a: Iron Treads|Quark Drive|[silent]
|switch|p1a: Pelipper|Pelipper, M|100/100
|-weather|RainDance|[from] ability: Drizzle|[of] p1a: Pelipper
|move|p2a: Gliscor|Knock Off|p1a: Pelipper
|-damage|p1a: Pelipper|81/100
|-enditem|p1a: Pelipper|Damp Rock|[from] move: Knock Off|[of] p2a: Gliscor
|
|-weather|RainDance|[upkeep]
|upkeep
|turn|17
|
|t:|1760795272
|switch|p1a: Raging Bolt|Raging Bolt|100/100
|move|p2a: Gliscor|Protect||[still]
|-fail|p2a: Gliscor
|
|-weather|RainDance|[upkeep]
|upkeep
|turn|18
|
|t:|1760795278
|move|p2a: Gliscor|Protect|p2a: Gliscor
|-singleturn|p2a: Gliscor|Protect
|move|p1a: Raging Bolt|Weather Ball|p2a: Gliscor
|-activate|p2a: Gliscor|move: Protect
|
|-weather|RainDance|[upkeep]
|upkeep
|turn|19
|
|t:|1760795286
|switch|p2a: Bronzong|Bronzong|100/100
|-damage|p2a: Bronzong|94/100|[from] Stealth Rock
|move|p1a: Raging Bolt|Calm Mind|p1a: Raging Bolt
|-boost|p1a: Raging Bolt|spa|1
|-boost|p1a: Raging Bolt|spd|1
|
|-weather|RainDance|[upkeep]
|-heal|p2a: Bronzong|100/100|[from] item: Leftovers
|upkeep
|turn|20
|
|t:|1760795293
|move|p1a: Raging Bolt|Thunderbolt|p2a: Bronzong
|-damage|p2a: Bronzong|52/100
|move|p2a: Bronzong|Stealth Rock|p1a: Raging Bolt
|-sidestart|p1: ykykp|move: Stealth Rock
|
|-weather|RainDance|[upkeep]
|-heal|p2a: Bronzong|58/100|[from] item: Leftovers
|upkeep
|turn|21
|
|t:|1760795301
|move|p2a: Bronzong|Protect|p2a: Bronzong
|-singleturn|p2a: Bronzong|Protect
|move|p1a: Raging Bolt|Calm Mind|p1a: Raging Bolt
|-boost|p1a: Raging Bolt|spa|1
|-boost|p1a: Raging Bolt|spd|1
|
|-weather|RainDance|[upkeep]
|-heal|p2a: Bronzong|64/100|[from] item: Leftovers
|upkeep
|turn|22
|
|t:|1760795306
|switch|p2a: Clodsire|Clodsire, F|100/100
|move|p1a: Raging Bolt|Weather Ball|p2a: Clodsire
|-supereffective|p2a: Clodsire
|-damage|p2a: Clodsire|37/100
|
|-weather|RainDance|[upkeep]
|upkeep
|turn|23
|
|t:|1760795316
|switch|p2a: Alomomola|Alomomola, M|100/100
|move|p1a: Raging Bolt|Weather Ball|p2a: Alomomola
|-resisted|p2a: Alomomola
|-damage|p2a: Alomomola|44/100
|
|-weather|none
|upkeep
|turn|24
|
|t:|1760795320
|switch|p2a: Clodsire|Clodsire, F|37/100
|move|p1a: Raging Bolt|Thunderbolt|p2a: Clodsire
|-immune|p2a: Clodsire
|
|upkeep
|turn|25
|
|t:|1760795325
|move|p1a: Raging Bolt|Dragon Pulse|p2a: Clodsire
|-damage|p2a: Clodsire|8/100
|move|p2a: Clodsire|Recover|p2a: Clodsire
|-heal|p2a: Clodsire|58/100
|
|upkeep
|turn|26
|
|t:|1760795334
|-end|p1a: Raging Bolt|Protosynthesis|[silent]
|switch|p1a: Iron Treads|Iron Treads|100/100
|-damage|p1a: Iron Treads|98/100|[from] Stealth Rock
|move|p2a: Clodsire|Recover|p2a: Clodsire
|-heal|p2a: Clodsire|100/100
|
|-heal|p1a: Iron Treads|100/100|[from] item: Leftovers
|upkeep
|turn|27
|
|t:|1760795337
|switch|p2a: Gliscor|Gliscor, M|100/100 tox
|-damage|p2a: Gliscor|88/100 tox|[from] Stealth Rock
|move|p1a: Iron Treads|Rapid Spin|p2a: Gliscor
|-damage|p2a: Gliscor|81/100 tox
|-boost|p1a: Iron Treads|spe|1
|-sideend|p1: ykykp|Stealth Rock|[from] move: Rapid Spin|[of] p1a: Iron Treads
|
|-heal|p2a: Gliscor|93/100 tox|[from] ability: Poison Heal
|upkeep
|turn|28
|
|t:|1760795341
|-end|p1a: Iron Treads|Quark Drive|[silent]
|switch|p1a: Pelipper|Pelipper, M|81/100
|-weather|RainDance|[from] ability: Drizzle|[of] p1a: Pelipper
|move|p2a: Gliscor|Toxic|p1a: Pelipper
|-status|p1a: Pelipper|tox
|
|-weather|RainDance|[upkeep]
|-heal|p2a: Gliscor|100/100 tox|[from] ability: Poison Heal
|-damage|p1a: Pelipper|74/100 tox|[from] psn
|upkeep
|turn|29
|
|t:|1760795344
|switch|p1a: Raging Bolt|Raging Bolt|100/100
|move|p2a: Gliscor|Protect||[still]
|-fail|p2a: Gliscor
|
|-weather|RainDance|[upkeep]
|upkeep
|turn|30
|
|t:|1760795348
|move|p2a: Gliscor|Protect|p2a: Gliscor
|-singleturn|p2a: Gliscor|Protect
|move|p1a: Raging Bolt|Calm Mind|p1a: Raging Bolt
|-boost|p1a: Raging Bolt|spa|1
|-boost|p1a: Raging Bolt|spd|1
|
|-weather|RainDance|[upkeep]
|upkeep
|turn|31
|
|t:|1760795353
|switch|p2a: Amoonguss|Amoonguss, F|100/100
|move|p1a: Raging Bolt|Weather Ball|p2a: Amoonguss
|-resisted|p2a: Amoonguss
|-damage|p2a: Amoonguss|58/100
|
|-weather|RainDance|[upkeep]
|upkeep
|turn|32
|
|t:|1760795359
|switch|p2a: Bronzong|Bronzong|64/100
|-damage|p2a: Bronzong|58/100|[from] Stealth Rock
|move|p1a: Raging Bolt|Dragon Pulse|p2a: Bronzong
|-resisted|p2a: Bronzong
|-damage|p2a: Bronzong|35/100
|
|-weather|none
|-heal|p2a: Bronzong|41/100|[from] item: Leftovers
|upkeep
|turn|33
|
|t:|1760795363
|move|p1a: Raging Bolt|Thunderbolt|p2a: Bronzong
|-damage|p2a: Bronzong|0 fnt
|faint|p2a: Bronzong
|
|upkeep
|-message|aretse forfeited.
|
|win|ykykp
|raw|ykykp's rating: 1505 &rarr; <strong>1524</strong><br />(+19 for winning)
|raw|aretse's rating: 1487 &rarr; <strong>1468</strong><br />(-19 for losing)
|l|☆aretse
|player|p2|
|l|☆ykykp
|player|p1|
