|j|☆steveurkle
|j|☆roommate108
|t:|1760769032
|gametype|singles
|player|p1|steveurkle|2|1640
|player|p2|roommate108|169|1669
|gen|9
|tier|[Gen 9] OU
|rated|
|rule|HP Percentage Mod: HP is shown in percentages
|rule|Endless Battle Clause: Forcing endless battles is banned
|rule|Species Clause: Limit one of each Pokémon
|rule|OHKO Clause: OHKO moves are banned
|rule|Evasion Items Clause: Evasion items are banned
|rule|Evasion Moves Clause: Evasion moves are banned
|rule|Evasion Abilities Clause: Evasion abilities are banned
|rule|Sleep Moves Clause: Sleep-inducing moves are banned
|clearpoke
|poke|p1|Excadrill, M|
|poke|p1|Dragapult, F|
|poke|p1|Ogerpon-Wellspring, F|
|poke|p1|Slowking, M|
|poke|p1|Kyurem|
|poke|p1|Weezing-Galar, M|
|poke|p2|Charizard, M|
|poke|p2|Torkoal, F|
|poke|p2|Walking Wake|
|poke|p2|Raging Bolt|
|poke|p2|Hatterene, F|
|poke|p2|Leavanny, M|
|teampreview
|inactive|Battle timer is ON: inactive players will automatically lose when time's up. (requested by roommate108)
|
|t:|1760769041
|teamsize|p1|6
|teamsize|p2|6
|start
|switch|p1a: Weezing|Weezing-Galar, M|100/100
|switch|p2a: Torkoal|Torkoal, F|100/100
|-ability|p1a: Weezing|Neutralizing Gas
|turn|1
|
|t:|1760769049
|move|p1a: Weezing|Sludge Bomb|p2a: Torkoal
|-damage|p2a: Torkoal|66/100
|-status|p2a: Torkoal|psn
|move|p2a: Torkoal|Will-O-Wisp|p1a: Weezing
|-status|p1a: Weezing|brn
|
|-damage|p2a: Torkoal|53/100 psn|[from] psn
|-damage|p1a: Weezing|95/100 brn|[from] brn
|upkeep
|turn|2
|
|t:|1760769061
|switch|p2a: Hatterene|Hatterene, F|100/100
|move|p1a: Weezing|Sludge Bomb|p2a: Hatterene
|-supereffective|p2a: Hatterene
|-damage|p2a: Hatterene|39/100
|-status|p2a: Hatterene|psn
|-enditem|p2a: Hatterene|Eject Button
|j| wgw2333
|
|t:|1760769063
|switch|p2a: Raging Bolt|Raging Bolt|100/100
|
|-damage|p1a: Weezing|89/100 brn|[from] brn
|upkeep
|turn|3
|j| universe mon
|
|t:|1760769073
|-end|p1a: Weezing|ability: Neutralizing Gas
|switch|p1a: Excadrill|Excadrill, M|100/100
|-ability|p1a: Excadrill|Mold Breaker
|move|p2a: Raging Bolt|Draco Meteor|p1a: Excadrill
|-resisted|p1a: Excadrill
|-damage|p1a: Excadrill|34/100
|-unboost|p2a: Raging Bolt|spa|2
|-damage|p2a: Raging Bolt|91/100|[from] item: Life Orb
|
|upkeep
|turn|4
|
|t:|1760769086
|move|p1a: Excadrill|Rapid Spin|p2a: Raging Bolt
|-damage|p2a: Raging Bolt|71/100
|-boost|p1a: Excadrill|spe|1
|move|p2a: Raging Bolt|Draco Meteor|p1a: Excadrill|[miss]
|-miss|p2a: Raging Bolt|p1a: Excadrill
|
|upkeep
|turn|5
|c| universe mon|oof
|
|t:|1760769099
|-end|p2a: Raging Bolt|Protosynthesis|[silent]
|switch|p2a: Torkoal|Torkoal, F|53/100 psn
|-weather|SunnyDay|[from] ability: Drought|[of] p2a: Torkoal
|move|p1a: Excadrill|Earthquake|p2a: Torkoal
|-supereffective|p2a: Torkoal
|-damage|p2a: Torkoal|0 fnt
|faint|p2a: Torkoal
|
|-weather|SunnyDay|[upkeep]
|upkeep
|
|t:|1760769103
|switch|p2a: Leavanny|Leavanny, M|100/100
|turn|6
|
|t:|1760769114
|move|p2a: Leavanny|Leaf Blade|p1a: Excadrill
|-damage|p1a: Excadrill|0 fnt
|faint|p1a: Excadrill
|
|-weather|SunnyDay|[upkeep]
|upkeep
|c| universe mon|leavanny the goat
|
|t:|1760769132
|switch|p1a: Weezing|Weezing-Galar, M|89/100 brn
|-ability|p1a: Weezing|Neutralizing Gas
|turn|7
|
|t:|1760769138
|switch|p2a: Charizard|Charizard, M|100/100
|move|p1a: Weezing|Sludge Bomb|p2a: Charizard
|-damage|p2a: Charizard|64/100
|
|-weather|SunnyDay|[upkeep]
|-damage|p1a: Weezing|83/100 brn|[from] brn
|upkeep
|turn|8
|c| universe mon|damn she has 2 4x weakness
|
|t:|1760769146
|move|p2a: Charizard|Weather Ball|p1a: Weezing
|-damage|p1a: Weezing|0 fnt
|faint|p1a: Weezing
|-end|p1a: Weezing|ability: Neutralizing Gas
|
|-weather|SunnyDay|[upkeep]
|-damage|p2a: Charizard|51/100|[from] ability: Solar Power|[of] p2a: Charizard
|upkeep
|j| PXT Alpha
|
|t:|1760769156
|switch|p1a: Slowking|Slowking, M|100/100
|turn|9
|c| universe mon|i respect mega houndoom with solar power
|
|t:|1760769168
|move|p2a: Charizard|Weather Ball|p1a: Slowking
|-resisted|p1a: Slowking
|-damage|p1a: Slowking|50/100
|-prepare|p1a: Slowking|Chilly Reception|[premajor]
|move|p1a: Slowking|Chilly Reception|p1a: Slowking
|-weather|Snowscape
|
|t:|1760769176
|switch|p1a: Ogerpon|Ogerpon-Wellspring, F|100/100|[from] Chilly Reception
|
|-weather|Snowscape|[upkeep]
|upkeep
|turn|10
|
|t:|1760769189
|move|p1a: Ogerpon|Swords Dance|p1a: Ogerpon
|-boost|p1a: Ogerpon|atk|2
|move|p2a: Charizard|Weather Ball|p1a: Ogerpon
|-damage|p1a: Ogerpon|51/100
|
|-weather|Snowscape|[upkeep]
|upkeep
|turn|11
|
|t:|1760769202
|move|p1a: Ogerpon|Ivy Cudgel|p2a: Charizard|[anim] Ivy Cudgel Water
|-supereffective|p2a: Charizard
|-damage|p2a: Charizard|0 fnt
|faint|p2a: Charizard
|
|-weather|Snowscape|[upkeep]
|upkeep
|
|t:|1760769209
|switch|p2a: Walking Wake|Walking Wake|100/100
|turn|12
|
|t:|1760769213
|move|p1a: Ogerpon|Play Rough|p2a: Walking Wake|[miss]
|-miss|p1a: Ogerpon|p2a: Walking Wake
|move|p2a: Walking Wake|Draco Meteor|p1a: Ogerpon
|-damage|p1a: Ogerpon|0 fnt
|-unboost|p2a: Walking Wake|spa|2
|faint|p1a: Ogerpon
|
|-weather|Snowscape|[upkeep]
|upkeep
|c| universe mon|lmao
|
|t:|1760769230
|switch|p1a: Dragapult|Dragapult, F|100/100
|turn|13
|
|t:|1760769233
|-end|p2a: Walking Wake|Protosynthesis|[silent]
|switch|p2a: Hatterene|Hatterene, F|39/100 psn
|move|p1a: Dragapult|U-turn|p2a: Hatterene
|-damage|p2a: Hatterene|11/100 psn
|
|t:|1760769240
|switch|p1a: Kyurem|Kyurem|100/100|[from] U-turn
|-ability|p1a: Kyurem|Pressure
|
|-weather|none
|-damage|p2a: Hatterene|0 fnt|[from] psn
|faint|p2a: Hatterene
|upkeep
|
|t:|1760769245
|switch|p2a: Walking Wake|Walking Wake|100/100
|turn|14
|
|t:|1760769252
|switch|p1a: Slowking|Slowking, M|83/100
|move|p2a: Walking Wake|Draco Meteor|p1a: Slowking
|-damage|p1a: Slowking|27/100
|-unboost|p2a: Walking Wake|spa|2
|
|upkeep
|turn|15
|
|t:|1760769259
|move|p2a: Walking Wake|Draco Meteor|p1a: Slowking
|-damage|p1a: Slowking|0 fnt
|-unboost|p2a: Walking Wake|spa|2
|faint|p1a: Slowking
|
|upkeep
|
|t:|1760769266
|switch|p1a: Dragapult|Dragapult, F|100/100
|turn|16
|
|t:|1760769275
|-end|p2a: Walking Wake|Protosynthesis|[silent]
|switch|p2a: Raging Bolt|Raging Bolt|71/100
|move|p1a: Dragapult|Dragon Darts|p2a: Raging Bolt
|-supereffective|p2a: Raging Bolt
|-damage|p2a: Raging Bolt|0 fnt
|faint|p2a: Raging Bolt
|-end|p2a: Raging Bolt|Protosynthesis|[silent]
|
|upkeep
|c| universe mon|ouch
|
|t:|1760769283
|switch|p2a: Leavanny|Leavanny, M|100/100
|turn|17
|c| universe mon|gg
|c| universe mon|banded darts hits hard
|
|t:|1760769309
|move|p1a: Dragapult|Dragon Darts|p2a: Leavanny
|-damage|p2a: Leavanny|48/100
|-anim|p1a: Dragapult|Dragon Darts|p2a: Leavanny
|-damage|p2a: Leavanny|0 fnt
|faint|p2a: Leavanny
|
|upkeep
|
|t:|1760769312
|switch|p2a: Walking Wake|Walking Wake|100/100
|turn|18
|
|t:|1760769318
|-terastallize|p2a: Walking Wake|Water
|move|p1a: Dragapult|Dragon Darts|p2a: Walking Wake
|-damage|p2a: Walking Wake|58/100
|-anim|p1a: Dragapult|Dragon Darts|p2a: Walking Wake
|-damage|p2a: Walking Wake|16/100
|move|p2a: Walking Wake|Draco Meteor|p1a: Dragapult
|-supereffective|p1a: Dragapult
|-damage|p1a: Dragapult|0 fnt
|-unboost|p2a: Walking Wake|spa|2
|faint|p1a: Dragapult
|
|upkeep
|c| universe mon|oh
|l| PXT Alpha
|
|t:|1760769335
|switch|p1a: Kyurem|Kyurem|100/100
|-ability|p1a: Kyurem|Pressure
|turn|19
|
|t:|1760769340
|-terastallize|p1a: Kyurem|Ghost
|move|p2a: Walking Wake|Draco Meteor|p1a: Kyurem
|-damage|p1a: Kyurem|60/100
|-unboost|p2a: Walking Wake|spa|2
|move|p1a: Kyurem|Earth Power|p2a: Walking Wake
|-damage|p2a: Walking Wake|0 fnt
|faint|p2a: Walking Wake
|-end|p2a: Walking Wake|Protosynthesis|[silent]
|
|win|steveurkle
|raw|steveurkle's rating: 1640 &rarr; <strong>1662</strong><br />(+22 for winning)
|raw|roommate108's rating: 1669 &rarr; <strong>1647</strong><br />(-22 for losing)
|l|☆steveurkle
|player|p1|
|l|☆roommate108
|player|p2|
|c| universe mon|goated
|l| universe mon
