|j|☆Megumin's Husband
|j|☆Obito 2001
|t:|1760822828
|gametype|singles
|player|p1|Megumin's Husband|alder|1731
|player|p2|Obito 2001|blue-gen3two|1740
|gen|9
|tier|[Gen 9] OU
|rated|
|rule|HP Percentage Mod: HP is shown in percentages
|rule|Endless Battle Clause: Forcing endless battles is banned
|rule|Species Clause: Limit one of each Pokémon
|rule|OHKO Clause: OHKO moves are banned
|rule|Evasion Items Clause: Evasion items are banned
|rule|Evasion Moves Clause: Evasion moves are banned
|rule|Evasion Abilities Clause: Evasion abilities are banned
|rule|Sleep Moves Clause: Sleep-inducing moves are banned
|clearpoke
|poke|p1|Pecharunt|
|poke|p1|Primarina, F|
|poke|p1|Heatran, F|
|poke|p1|Great Tusk|
|poke|p1|Weavile, F|
|poke|p1|Ogerpon, F|
|poke|p2|Maushold-Four|
|poke|p2|Comfey, F|
|poke|p2|Grimmsnarl, M|
|poke|p2|Iron Crown|
|poke|p2|Ogerpon-Wellspring, F|
|poke|p2|Great Tusk|
|teampreview
|inactive|Battle timer is ON: inactive players will automatically lose when time's up. (requested by Obito 2001)
|
|t:|1760822841
|teamsize|p1|6
|teamsize|p2|6
|start
|switch|p1a: Yamawaro|Ogerpon, F|100/100
|switch|p2a: Screen Goblin|Grimmsnarl, M|100/100
|turn|1
|
|t:|1760822845
|switch|p1a: Froag|Pecharunt|100/100
|move|p2a: Screen Goblin|Reflect|p2a: Screen Goblin
|-sidestart|p2: Obito 2001|Reflect
|
|upkeep
|turn|2
|
|t:|1760822849
|move|p2a: Screen Goblin|Light Screen|p2a: Screen Goblin
|-sidestart|p2: Obito 2001|move: Light Screen
|move|p1a: Froag|Malignant Chain|p2a: Screen Goblin
|-supereffective|p2a: Screen Goblin
|-damage|p2a: Screen Goblin|68/100
|
|upkeep
|turn|3
|
|t:|1760822857
|move|p2a: Screen Goblin|Parting Shot|p1a: Froag
|-unboost|p1a: Froag|atk|1
|-unboost|p1a: Froag|spa|1
|
|t:|1760822859
|switch|p2a: Zanpakuto🗡️|Iron Crown|100/100|[from] Parting Shot
|move|p1a: Froag|Parting Shot|p2a: Zanpakuto🗡️
|-unboost|p2a: Zanpakuto🗡️|atk|1
|-unboost|p2a: Zanpakuto🗡️|spa|1
|
|t:|1760822863
|switch|p1a: Dolores|Heatran, F, shiny|100/100|[from] Parting Shot
|-item|p1a: Dolores|Air Balloon
|
|upkeep
|turn|4
|
|t:|1760822879
|move|p2a: Zanpakuto🗡️|Volt Switch|p1a: Dolores
|-damage|p1a: Dolores|85/100
|-enditem|p1a: Dolores|Air Balloon
|
|t:|1760822883
|-end|p2a: Zanpakuto🗡️|Quark Drive|[silent]
|switch|p2a: Mega Donphan|Great Tusk|100/100|[from] Volt Switch
|move|p1a: Dolores|Stealth Rock|p2a: Mega Donphan
|-sidestart|p2: Obito 2001|move: Stealth Rock
|
|upkeep
|turn|5
|
|t:|1760822902
|switch|p1a: Froag|Pecharunt|100/100
|move|p2a: Mega Donphan|Headlong Rush|p1a: Froag
|-supereffective|p1a: Froag
|-damage|p1a: Froag|45/100
|-unboost|p2a: Mega Donphan|def|1
|-unboost|p2a: Mega Donphan|spd|1
|-damage|p2a: Mega Donphan|84/100|[from] item: Rocky Helmet|[of] p1a: Froag
|
|upkeep
|turn|6
|
|t:|1760822908
|-terastallize|p1a: Froag|Ghost
|move|p2a: Mega Donphan|Rapid Spin|p1a: Froag
|-immune|p1a: Froag
|move|p1a: Froag|Recover|p1a: Froag
|-heal|p1a: Froag|95/100
|
|upkeep
|turn|7
|
|t:|1760822912
|-end|p2a: Mega Donphan|Protosynthesis|[silent]
|switch|p2a: Zanpakuto🗡️|Iron Crown|100/100
|-damage|p2a: Zanpakuto🗡️|94/100|[from] Stealth Rock
|move|p1a: Froag|Malignant Chain|p2a: Zanpakuto🗡️
|-immune|p2a: Zanpakuto🗡️
|
|upkeep
|turn|8
|
|t:|1760822920
|switch|p1a: Dolores|Heatran, F, shiny|85/100
|move|p2a: Zanpakuto🗡️|Volt Switch|p1a: Dolores
|-damage|p1a: Dolores|62/100
|
|t:|1760822928
|-end|p2a: Zanpakuto🗡️|Quark Drive|[silent]
|switch|p2a: 🎭|Ogerpon-Wellspring, F|100/100|[from] Volt Switch
|-damage|p2a: 🎭|88/100|[from] Stealth Rock
|
|-sideend|p2: Obito 2001|Reflect
|upkeep
|turn|9
|
|t:|1760822934
|switch|p1a: Yamawaro|Ogerpon, F|100/100
|move|p2a: 🎭|Swords Dance|p2a: 🎭
|-boost|p2a: 🎭|atk|2
|
|-sideend|p2: Obito 2001|move: Light Screen
|upkeep
|turn|10
|inactive|Obito 2001 has 120 seconds left.
|
|t:|1760822965
|switch|p2a: Gang bang|Maushold-Four|100/100
|-damage|p2a: Gang bang|88/100|[from] Stealth Rock
|move|p1a: Yamawaro|Ivy Cudgel|p2a: Gang bang
|-damage|p2a: Gang bang|0 fnt
|faint|p2a: Gang bang
|
|upkeep
|
|t:|1760822969
|switch|p2a: Screen Goblin|Grimmsnarl, M|68/100
|-damage|p2a: Screen Goblin|56/100|[from] Stealth Rock
|turn|11
|
|t:|1760822973
|move|p2a: Screen Goblin|Reflect|p2a: Screen Goblin
|-sidestart|p2: Obito 2001|Reflect
|move|p1a: Yamawaro|Ivy Cudgel|p2a: Screen Goblin
|-damage|p2a: Screen Goblin|25/100
|
|upkeep
|turn|12
|
|t:|1760822978
|switch|p1a: Froag|Pecharunt, tera:Ghost|95/100
|switch|p2a: Zanpakuto🗡️|Iron Crown|94/100
|-damage|p2a: Zanpakuto🗡️|88/100|[from] Stealth Rock
|
|upkeep
|turn|13
|
|t:|1760822989
|switch|p1a: Nacho|Great Tusk|100/100
|move|p2a: Zanpakuto🗡️|Tachyon Cutter|p1a: Nacho
|-damage|p1a: Nacho|48/100
|-damage|p1a: Nacho|0 fnt
|faint|p1a: Nacho
|-end|p1a: Nacho|Protosynthesis|[silent]
|-hitcount|p1: Nacho|2
|
|upkeep
|
|t:|1760822995
|switch|p1a: Dolores|Heatran, F, shiny|62/100
|turn|14
|
|t:|1760822998
|-end|p2a: Zanpakuto🗡️|Quark Drive|[silent]
|switch|p2a: Mega Donphan|Great Tusk|84/100
|move|p1a: Dolores|Lava Plume|p2a: Mega Donphan
|-damage|p2a: Mega Donphan|30/100
|-status|p2a: Mega Donphan|brn
|
|-damage|p2a: Mega Donphan|24/100 brn|[from] brn
|upkeep
|turn|15
|
|t:|1760823001
|switch|p1a: Froag|Pecharunt, tera:Ghost|95/100
|move|p2a: Mega Donphan|Stealth Rock|p1a: Froag
|-sidestart|p1: Megumin's Husband|move: Stealth Rock
|
|-damage|p2a: Mega Donphan|17/100 brn|[from] brn
|upkeep
|turn|16
|
|t:|1760823012
|move|p2a: Mega Donphan|Headlong Rush|p1a: Froag
|-damage|p1a: Froag|79/100
|-unboost|p2a: Mega Donphan|def|1
|-unboost|p2a: Mega Donphan|spd|1
|-damage|p2a: Mega Donphan|1/100 brn|[from] item: Rocky Helmet|[of] p1a: Froag
|move|p1a: Froag|Recover|p1a: Froag
|-heal|p1a: Froag|100/100
|
|-damage|p2a: Mega Donphan|0 fnt|[from] brn
|faint|p2a: Mega Donphan
|-end|p2a: Mega Donphan|Protosynthesis|[silent]
|upkeep
|
|t:|1760823014
|switch|p2a: Zanpakuto🗡️|Iron Crown|88/100
|-damage|p2a: Zanpakuto🗡️|82/100|[from] Stealth Rock
|turn|17
|
|t:|1760823024
|move|p2a: Zanpakuto🗡️|Tachyon Cutter|p1a: Froag
|-damage|p1a: Froag|61/100
|-damage|p1a: Froag|27/100
|-hitcount|p1a: Froag|2
|move|p1a: Froag|Recover|p1a: Froag
|-heal|p1a: Froag|77/100
|
|upkeep
|turn|18
|
|t:|1760823029
|-end|p2a: Zanpakuto🗡️|Quark Drive|[silent]
|switch|p2a: 🎭|Ogerpon-Wellspring, F|88/100
|-damage|p2a: 🎭|76/100|[from] Stealth Rock
|switch|p1a: Dolores|Heatran, F, shiny|62/100
|-damage|p1a: Dolores|50/100|[from] Stealth Rock
|
|-sideend|p2: Obito 2001|Reflect
|upkeep
|turn|19
|
|t:|1760823035
|move|p2a: 🎭|Ivy Cudgel|p1a: Dolores|[anim] Ivy Cudgel Water
|-supereffective|p1a: Dolores
|-damage|p1a: Dolores|0 fnt
|faint|p1a: Dolores
|
|upkeep
|
|t:|1760823038
|switch|p1a: Yamawaro|Ogerpon, F|100/100
|-damage|p1a: Yamawaro|88/100|[from] Stealth Rock
|turn|20
|
|t:|1760823046
|move|p1a: Yamawaro|Spikes|p2a: 🎭
|-sidestart|p2: Obito 2001|Spikes
|move|p2a: 🎭|Trailblaze|p1a: Yamawaro
|-resisted|p1a: Yamawaro
|-damage|p1a: Yamawaro|67/100
|-boost|p2a: 🎭|spe|1
|
|upkeep
|turn|21
|
|t:|1760823053
|move|p2a: 🎭|Play Rough|p1a: Yamawaro
|-damage|p1a: Yamawaro|15/100
|move|p1a: Yamawaro|Spikes|p2a: 🎭
|-sidestart|p2: Obito 2001|Spikes
|
|upkeep
|turn|22
|
|t:|1760823058
|move|p2a: 🎭|Trailblaze|p1a: Yamawaro
|-resisted|p1a: Yamawaro
|-damage|p1a: Yamawaro|0 fnt
|-boost|p2a: 🎭|spe|1
|faint|p1a: Yamawaro
|
|upkeep
|
|t:|1760823061
|switch|p1a: Froag|Pecharunt, tera:Ghost|77/100
|-damage|p1a: Froag|64/100|[from] Stealth Rock
|turn|23
|
|t:|1760823077
|-terastallize|p2a: 🎭|Water
|detailschange|p2a: 🎭|Ogerpon-Wellspring-Tera, F, tera:Water
|-ability|p2a: 🎭|Embody Aspect (Wellspring)|boost
|-boost|p2a: 🎭|spd|1
|move|p2a: 🎭|Swords Dance|p2a: 🎭
|-boost|p2a: 🎭|atk|2
|move|p1a: Froag|Malignant Chain|p2a: 🎭
|-damage|p2a: 🎭|51/100
|-status|p2a: 🎭|tox
|-start|p2a: 🎭|confusion|[from] ability: Poison Puppeteer|[of] p1a: Froag
|
|-damage|p2a: 🎭|45/100 tox|[from] psn
|upkeep
|turn|24
|
|t:|1760823083
|-activate|p2a: 🎭|confusion
|-damage|p2a: 🎭|6/100 tox|[from] confusion
|move|p1a: Froag|Recover|p1a: Froag
|-heal|p1a: Froag|100/100
|
|-damage|p2a: 🎭|0 fnt|[from] psn
|faint|p2a: 🎭
|detailschange|p2: 🎭|Ogerpon-Wellspring, F|[silent]
|upkeep
|
|t:|1760823097
|switch|p2a: Huh-Yunjin💋|Comfey, F|100/100
|-damage|p2a: Huh-Yunjin💋|88/100|[from] Stealth Rock
|-damage|p2a: Huh-Yunjin💋|71/100|[from] Spikes
|turn|25
|
|t:|1760823100
|move|p2a: Huh-Yunjin💋|Calm Mind|p2a: Huh-Yunjin💋
|-boost|p2a: Huh-Yunjin💋|spa|1
|-boost|p2a: Huh-Yunjin💋|spd|1
|move|p1a: Froag|Malignant Chain|p2a: Huh-Yunjin💋
|-supereffective|p2a: Huh-Yunjin💋
|-damage|p2a: Huh-Yunjin💋|28/100
|
|upkeep
|turn|26
|
|t:|1760823106
|move|p2a: Huh-Yunjin💋|Draining Kiss|p1a: Froag
|-damage|p1a: Froag|68/100
|-heal|p2a: Huh-Yunjin💋|58/100|[from] drain|[of] p1a: Froag
|-damage|p2a: Huh-Yunjin💋|41/100|[from] item: Rocky Helmet|[of] p1a: Froag
|move|p1a: Froag|Malignant Chain|p2a: Huh-Yunjin💋
|-supereffective|p2a: Huh-Yunjin💋
|-damage|p2a: Huh-Yunjin💋|1/100
|
|upkeep
|turn|27
|
|t:|1760823112
|move|p2a: Huh-Yunjin💋|Giga Drain|p1a: Froag
|-damage|p1a: Froag|38/100
|-heal|p2a: Huh-Yunjin💋|20/100|[from] drain|[of] p1a: Froag
|move|p1a: Froag|Malignant Chain|p2a: Huh-Yunjin💋
|-supereffective|p2a: Huh-Yunjin💋
|-damage|p2a: Huh-Yunjin💋|0 fnt
|faint|p2a: Huh-Yunjin💋
|
|upkeep
|-message|Obito 2001 forfeited.
|
|win|Megumin's Husband
|raw|Megumin&apos;s Husband's rating: 1731 &rarr; <strong>1752</strong><br />(+21 for winning)
|raw|Obito 2001's rating: 1740 &rarr; <strong>1719</strong><br />(-21 for losing)
|l|☆Obito 2001
|player|p2|
|l|☆Megumin's Husband
|player|p1|
