|j|☆TrentMercer
|j|☆untitledkamii
|t:|1760728972
|gametype|singles
|player|p1|TrentMercer|n|1624
|player|p2|untitledkamii|unknownf|1613
|gen|9
|tier|[Gen 9] OU
|rated|
|rule|HP Percentage Mod: HP is shown in percentages
|rule|Endless Battle Clause: Forcing endless battles is banned
|rule|Species Clause: Limit one of each Pokémon
|rule|OHKO Clause: OHKO moves are banned
|rule|Evasion Items Clause: Evasion items are banned
|rule|Evasion Moves Clause: Evasion moves are banned
|rule|Evasion Abilities Clause: Evasion abilities are banned
|rule|Sleep Moves Clause: Sleep-inducing moves are banned
|clearpoke
|poke|p1|Great Tusk|
|poke|p1|Slowking-Galar, F|
|poke|p1|Zapdos|
|poke|p1|Crawdaunt, M|
|poke|p1|Chandelure, F|
|poke|p1|Scizor, M|
|poke|p2|Necrozma|
|poke|p2|Kingambit, F|
|poke|p2|Samurott-Hisui, F|
|poke|p2|Iron Treads|
|poke|p2|Pecharunt|
|poke|p2|Enamorus, F|
|teampreview
|inactive|Battle timer is ON: inactive players will automatically lose when time's up. (requested by untitledkamii)
|
|t:|1760729013
|teamsize|p1|6
|teamsize|p2|6
|start
|switch|p1a: Zapdos|Zapdos|100/100
|switch|p2a: Enamorus|Enamorus, F, shiny|100/100
|turn|1
|j| Kyurem
|
|t:|1760729030
|switch|p2a: Iron Treads|Iron Treads|100/100
|move|p1a: Zapdos|Hurricane|p2a: Iron Treads
|-resisted|p2a: Iron Treads
|-damage|p2a: Iron Treads|78/100
|
|upkeep
|turn|2
|
|t:|1760729037
|switch|p1a: Great Tusk|Great Tusk|100/100
|-enditem|p1a: Great Tusk|Booster Energy
|-activate|p1a: Great Tusk|ability: Protosynthesis|[fromitem]
|-start|p1a: Great Tusk|protosynthesisatk
|move|p2a: Iron Treads|Ice Spinner|p1a: Great Tusk
|-supereffective|p1a: Great Tusk
|-damage|p1a: Great Tusk|65/100
|
|upkeep
|turn|3
|
|t:|1760729064
|-end|p2a: Iron Treads|Quark Drive|[silent]
|switch|p2a: Pecharunt|Pecharunt|100/100
|-item|p2a: Pecharunt|Air Balloon
|move|p1a: Great Tusk|Rapid Spin|p2a: Pecharunt
|-immune|p2a: Pecharunt
|
|upkeep
|turn|4
|inactive|untitledkamii has 120 seconds left.
|
|t:|1760729105
|-end|p1a: Great Tusk|Protosynthesis|[silent]
|switch|p1a: Slowking|Slowking-Galar, F|100/100
|move|p2a: Pecharunt|Shadow Ball|p1a: Slowking
|-supereffective|p1a: Slowking
|-damage|p1a: Slowking|73/100
|
|upkeep
|turn|5
|inactive|untitledkamii has 90 seconds left.
|
|t:|1760729136
|switch|p2a: Iron Treads|Iron Treads|78/100
|move|p1a: Slowking|Psyshock|p2a: Iron Treads
|-resisted|p2a: Iron Treads
|-damage|p2a: Iron Treads|61/100
|
|upkeep
|turn|6
|
|t:|1760729152
|switch|p1a: Zapdos|Zapdos|100/100
|move|p2a: Iron Treads|Earthquake|p1a: Zapdos
|-immune|p1a: Zapdos
|
|upkeep
|turn|7
|
|t:|1760729159
|move|p2a: Iron Treads|Ice Spinner|p1a: Zapdos
|-supereffective|p1a: Zapdos
|-damage|p1a: Zapdos|63/100
|-status|p2a: Iron Treads|par|[from] ability: Static|[of] p1a: Zapdos
|move|p1a: Zapdos|Hurricane|p2a: Iron Treads|[miss]
|-miss|p1a: Zapdos|p2a: Iron Treads
|
|upkeep
|turn|8
|
|t:|1760729166
|move|p1a: Zapdos|Roost|p1a: Zapdos
|-heal|p1a: Zapdos|100/100
|-singleturn|p1a: Zapdos|move: Roost
|move|p2a: Iron Treads|Volt Switch|p1a: Zapdos
|-resisted|p1a: Zapdos
|-damage|p1a: Zapdos|95/100
|
|t:|1760729173
|-end|p2a: Iron Treads|Quark Drive|[silent]
|switch|p2a: dead on arrival|Necrozma, shiny|100/100|[from] Volt Switch
|
|upkeep
|turn|9
|
|t:|1760729178
|switch|p1a: Slowking|Slowking-Galar, F|100/100
|move|p2a: dead on arrival|Photon Geyser|p1a: Slowking
|-damage|p1a: Slowking|73/100
|
|upkeep
|turn|10
|
|t:|1760729188
|move|p1a: Slowking|Sludge Bomb|p2a: dead on arrival
|-damage|p2a: dead on arrival|58/100
|-status|p2a: dead on arrival|psn
|move|p2a: dead on arrival|Trick Room|p2a: dead on arrival
|-fieldstart|move: Trick Room|[of] p2a: dead on arrival
|
|-damage|p2a: dead on arrival|45/100 psn|[from] psn
|upkeep
|turn|11
|
|t:|1760729195
|move|p1a: Slowking|Sludge Bomb|p2a: dead on arrival
|-damage|p2a: dead on arrival|5/100 psn
|move|p2a: dead on arrival|Earth Power|p1a: Slowking
|-supereffective|p1a: Slowking
|-damage|p1a: Slowking|37/100
|
|-damage|p2a: dead on arrival|0 fnt|[from] psn
|faint|p2a: dead on arrival
|upkeep
|inactive|untitledkamii has 120 seconds left.
|
|t:|1760729206
|switch|p2a: Iron Treads|Iron Treads|61/100 par
|turn|12
|
|t:|1760729211
|switch|p1a: Zapdos|Zapdos|95/100
|move|p2a: Iron Treads|Volt Switch|p1a: Zapdos
|-damage|p1a: Zapdos|85/100
|
|t:|1760729220
|-end|p2a: Iron Treads|Quark Drive|[silent]
|switch|p2a: Kingambit|Kingambit, F, shiny|100/100|[from] Volt Switch
|-activate|p2a: Kingambit|ability: Supreme Overlord
|-start|p2a: Kingambit|fallen1|[silent]
|
|upkeep
|turn|13
|inactive|untitledkamii has 120 seconds left.
|
|t:|1760729243
|move|p2a: Kingambit|Kowtow Cleave|p1a: Zapdos
|-damage|p1a: Zapdos|41/100
|move|p1a: Zapdos|Thunder Wave|p2a: Kingambit
|-status|p2a: Kingambit|par
|
|upkeep
|turn|14
|inactive|untitledkamii has 120 seconds left.
|
|t:|1760729253
|switch|p1a: Great Tusk|Great Tusk|65/100
|move|p2a: Kingambit|Kowtow Cleave|p1a: Great Tusk
|-resisted|p1a: Great Tusk
|-damage|p1a: Great Tusk|40/100
|
|-fieldend|move: Trick Room
|upkeep
|turn|15
|inactive|untitledkamii has 120 seconds left.
|
|t:|1760729272
|-end|p2a: Kingambit|fallen1|[silent]
|switch|p2a: Enamorus|Enamorus, F, shiny|100/100
|move|p1a: Great Tusk|Stealth Rock|p2a: Enamorus
|-sidestart|p2: untitledkamii|move: Stealth Rock
|
|upkeep
|turn|16
|
|t:|1760729279
|-end|p1a: Great Tusk|Protosynthesis|[silent]
|switch|p1a: Zapdos|Zapdos|41/100
|move|p2a: Enamorus|Earth Power|p1a: Zapdos
|-immune|p1a: Zapdos
|
|upkeep
|turn|17
|
|t:|1760729286
|switch|p2a: Iron Treads|Iron Treads|61/100 par
|-damage|p2a: Iron Treads|58/100 par|[from] Stealth Rock
|move|p1a: Zapdos|Roost|p1a: Zapdos
|-heal|p1a: Zapdos|91/100
|-singleturn|p1a: Zapdos|move: Roost
|
|upkeep
|turn|18
|
|t:|1760729292
|switch|p1a: Great Tusk|Great Tusk|40/100
|move|p2a: Iron Treads|Volt Switch|p1a: Great Tusk
|-immune|p1a: Great Tusk
|
|upkeep
|turn|19
|
|t:|1760729298
|move|p1a: Great Tusk|Rapid Spin|p2a: Iron Treads
|-resisted|p2a: Iron Treads
|-damage|p2a: Iron Treads|50/100 par
|-boost|p1a: Great Tusk|spe|1
|move|p2a: Iron Treads|Rapid Spin|p1a: Great Tusk
|-damage|p1a: Great Tusk|29/100
|-boost|p2a: Iron Treads|spe|1
|-sideend|p2: untitledkamii|Stealth Rock|[from] move: Rapid Spin|[of] p2a: Iron Treads
|
|upkeep
|turn|20
|
|t:|1760729305
|-end|p2a: Iron Treads|Quark Drive|[silent]
|switch|p2a: Pecharunt|Pecharunt|100/100
|-item|p2a: Pecharunt|Air Balloon
|move|p1a: Great Tusk|Stealth Rock|p2a: Pecharunt
|-sidestart|p2: untitledkamii|move: Stealth Rock
|
|upkeep
|turn|21
|
|t:|1760729311
|move|p1a: Great Tusk|Ice Spinner|p2a: Pecharunt
|-damage|p2a: Pecharunt|82/100
|-enditem|p2a: Pecharunt|Air Balloon
|move|p2a: Pecharunt|Shadow Ball|p1a: Great Tusk
|-damage|p1a: Great Tusk|0 fnt
|faint|p1a: Great Tusk
|-end|p1a: Great Tusk|Protosynthesis|[silent]
|
|upkeep
|
|t:|1760729320
|switch|p1a: Crawdaunt|Crawdaunt, M|100/100
|turn|22
|
|t:|1760729330
|move|p2a: Pecharunt|Malignant Chain|p1a: Crawdaunt
|-damage|p1a: Crawdaunt|35/100
|move|p1a: Crawdaunt|Knock Off|p2a: Pecharunt
|-supereffective|p2a: Pecharunt
|-damage|p2a: Pecharunt|0 fnt
|faint|p2a: Pecharunt
|
|upkeep
|
|t:|1760729334
|switch|p2a: Samurott|Samurott-Hisui, F, shiny|100/100
|-damage|p2a: Samurott|88/100|[from] Stealth Rock
|turn|23
|
|t:|1760729348
|switch|p1a: Zapdos|Zapdos|91/100
|move|p2a: Samurott|Knock Off|p1a: Zapdos
|-damage|p1a: Zapdos|40/100
|-status|p2a: Samurott|par|[from] ability: Static|[of] p1a: Zapdos
|-enditem|p1a: Zapdos|Heavy-Duty Boots|[from] move: Knock Off|[of] p2a: Samurott
|
|upkeep
|turn|24
|
|t:|1760729361
|switch|p2a: Iron Treads|Iron Treads|50/100 par
|-damage|p2a: Iron Treads|47/100 par|[from] Stealth Rock
|move|p1a: Zapdos|Hurricane|p2a: Iron Treads
|-resisted|p2a: Iron Treads
|-damage|p2a: Iron Treads|25/100 par
|-start|p2a: Iron Treads|confusion
|
|upkeep
|turn|25
|inactive|TrentMercer has 120 seconds left.
|
|t:|1760729391
|move|p1a: Zapdos|Roost|p1a: Zapdos
|-heal|p1a: Zapdos|91/100
|-singleturn|p1a: Zapdos|move: Roost
|-activate|p2a: Iron Treads|confusion
|move|p2a: Iron Treads|Earthquake|p1a: Zapdos
|-supereffective|p1a: Zapdos
|-damage|p1a: Zapdos|25/100
|
|upkeep
|turn|26
|
|t:|1760729404
|move|p1a: Zapdos|Roost|p1a: Zapdos
|-heal|p1a: Zapdos|75/100
|-singleturn|p1a: Zapdos|move: Roost
|-activate|p2a: Iron Treads|confusion
|move|p2a: Iron Treads|Earthquake|p1a: Zapdos
|-supereffective|p1a: Zapdos
|-damage|p1a: Zapdos|6/100
|
|upkeep
|turn|27
|
|t:|1760729411
|move|p1a: Zapdos|Roost|p1a: Zapdos
|-heal|p1a: Zapdos|56/100
|-singleturn|p1a: Zapdos|move: Roost
|-activate|p2a: Iron Treads|confusion
|-damage|p2a: Iron Treads|12/100 par|[from] confusion
|
|upkeep
|turn|28
|
|t:|1760729417
|move|p1a: Zapdos|Hurricane|p2a: Iron Treads
|-resisted|p2a: Iron Treads
|-damage|p2a: Iron Treads|0 fnt
|faint|p2a: Iron Treads
|-end|p2a: Iron Treads|Quark Drive|[silent]
|
|upkeep
|
|t:|1760729421
|switch|p2a: Enamorus|Enamorus, F, shiny|100/100
|-damage|p2a: Enamorus|76/100|[from] Stealth Rock
|turn|29
|
|t:|1760729432
|switch|p1a: Slowking|Slowking-Galar, F|70/100
|move|p2a: Enamorus|Moonblast|p1a: Slowking
|-resisted|p1a: Slowking
|-damage|p1a: Slowking|57/100
|-unboost|p1a: Slowking|spa|1
|
|upkeep
|turn|30
|
|t:|1760729439
|switch|p2a: Samurott|Samurott-Hisui, F, shiny|88/100 par
|-damage|p2a: Samurott|76/100 par|[from] Stealth Rock
|move|p1a: Slowking|Flamethrower|p2a: Samurott
|-resisted|p2a: Samurott
|-damage|p2a: Samurott|61/100 par
|
|upkeep
|turn|31
|
|t:|1760729446
|switch|p1a: Zapdos|Zapdos|56/100
|move|p2a: Samurott|Ceaseless Edge|p1a: Zapdos
|-damage|p1a: Zapdos|8/100
|-sidestart|p1: TrentMercer|Spikes
|
|upkeep
|turn|32
|
|t:|1760729452
|move|p1a: Zapdos|Roost|p1a: Zapdos
|-heal|p1a: Zapdos|58/100
|-singleturn|p1a: Zapdos|move: Roost
|move|p2a: Samurott|Ceaseless Edge|p1a: Zapdos
|-damage|p1a: Zapdos|5/100
|-sidestart|p1: TrentMercer|Spikes
|
|upkeep
|turn|33
|
|t:|1760729458
|move|p1a: Zapdos|Volt Switch|p2a: Samurott
|-supereffective|p2a: Samurott
|-damage|p2a: Samurott|0 fnt
|faint|p2a: Samurott
|
|t:|1760729464
|switch|p1a: Scizor|Scizor, M|100/100|[from] Volt Switch
|-damage|p1a: Scizor|84/100|[from] Spikes
|
|upkeep
|
|t:|1760729466
|switch|p2a: Kingambit|Kingambit, F, shiny|100/100 par
|-damage|p2a: Kingambit|94/100 par|[from] Stealth Rock
|-activate|p2a: Kingambit|ability: Supreme Overlord
|-start|p2a: Kingambit|fallen4|[silent]
|turn|34
|
|t:|1760729472
|move|p1a: Scizor|Close Combat|p2a: Kingambit
|-supereffective|p2a: Kingambit
|-crit|p2a: Kingambit
|-damage|p2a: Kingambit|0 fnt
|-unboost|p1a: Scizor|def|1
|-unboost|p1a: Scizor|spd|1
|faint|p2a: Kingambit
|-end|p2a: Kingambit|fallen4|[silent]
|-damage|p1a: Scizor|74/100|[from] item: Life Orb
|
|upkeep
|
|t:|1760729474
|switch|p2a: Enamorus|Enamorus, F, shiny|76/100
|-damage|p2a: Enamorus|51/100|[from] Stealth Rock
|turn|35
|-message|untitledkamii forfeited.
|
|win|TrentMercer
|raw|TrentMercer's rating: 1624 &rarr; <strong>1643</strong><br />(+19 for winning)
|raw|untitledkamii's rating: 1613 &rarr; <strong>1594</strong><br />(-19 for losing)
|l|☆untitledkamii
|player|p2|
|l|☆TrentMercer
|player|p1|
|l| Kyurem
