|j|☆psygoat12
|j|☆SweetPoison12
|t:|1760852021
|gametype|singles
|player|p1|psygoat12|chuck|1107
|player|p2|SweetPoison12|miku-ghost|1154
|gen|9
|tier|[Gen 9] OU
|rated|
|rule|HP Percentage Mod: HP is shown in percentages
|rule|Endless Battle Clause: Forcing endless battles is banned
|rule|Species Clause: Limit one of each Pokémon
|rule|OHKO Clause: OHKO moves are banned
|rule|Evasion Items Clause: Evasion items are banned
|rule|Evasion Moves Clause: Evasion moves are banned
|rule|Evasion Abilities Clause: Evasion abilities are banned
|rule|Sleep Moves Clause: Sleep-inducing moves are banned
|clearpoke
|poke|p1|Pelipper, M|
|poke|p1|Great Tusk|
|poke|p1|Scizor, M|
|poke|p1|Toxicroak, M|
|poke|p1|Raging Bolt|
|poke|p1|Basculegion-F, F|
|poke|p2|Meowscarada, M|
|poke|p2|Gliscor, M|
|poke|p2|Dragapult, M|
|poke|p2|Darkrai|
|poke|p2|Zamazenta-*|
|poke|p2|Tentacruel, F|
|teampreview
|
|t:|1760852031
|teamsize|p1|6
|teamsize|p2|6
|start
|switch|p1a: Toxicroak|Toxicroak, M|100/100
|switch|p2a: Meowscarada|Meowscarada, M|100/100
|turn|1
|
|t:|1760852041
|move|p2a: Meowscarada|U-turn|p1a: Toxicroak
|-start|p2a: Meowscarada|typechange|Bug|[from] ability: Protean
|-resisted|p1a: Toxicroak
|-damage|p1a: Toxicroak|90/100
|-damage|p2a: Meowscarada|84/100|[from] item: Rocky Helmet|[of] p1a: Toxicroak
|
|t:|1760852043
|switch|p2a: Gliscor|Gliscor, M|100/100|[from] U-turn
|move|p1a: Toxicroak|Toxic|p2a: Gliscor
|-status|p2a: Gliscor|tox
|
|upkeep
|turn|2
|
|t:|1760852053
|switch|p1a: Pelipper|Pelipper, M|100/100
|-weather|RainDance|[from] ability: Drizzle|[of] p1a: Pelipper
|move|p2a: Gliscor|Stealth Rock|p1a: Pelipper
|-sidestart|p1: psygoat12|move: Stealth Rock
|
|-weather|RainDance|[upkeep]
|upkeep
|turn|3
|
|t:|1760852065
|move|p2a: Gliscor|Toxic|p1a: Pelipper
|-status|p1a: Pelipper|tox
|move|p1a: Pelipper|Surf|p2a: Gliscor
|-supereffective|p2a: Gliscor
|-damage|p2a: Gliscor|0 fnt
|faint|p2a: Gliscor
|
|-weather|RainDance|[upkeep]
|-damage|p1a: Pelipper|94/100 tox|[from] psn
|upkeep
|
|t:|1760852068
|switch|p2a: Meowscarada|Meowscarada, M|84/100
|turn|4
|
|t:|1760852070
|move|p2a: Meowscarada|Knock Off|p1a: Pelipper
|-start|p2a: Meowscarada|typechange|Dark|[from] ability: Protean
|-damage|p1a: Pelipper|46/100 tox
|-enditem|p1a: Pelipper|Damp Rock|[from] move: Knock Off|[of] p2a: Meowscarada
|move|p1a: Pelipper|U-turn|p2a: Meowscarada
|-supereffective|p2a: Meowscarada
|-damage|p2a: Meowscarada|56/100
|
|t:|1760852084
|switch|p1a: Basculegion|Basculegion-F, F|100/100|[from] U-turn
|-damage|p1a: Basculegion|88/100|[from] Stealth Rock
|
|-weather|RainDance|[upkeep]
|upkeep
|turn|5
|
|t:|1760852091
|switch|p2a: Tentacruel|Tentacruel, F|100/100
|move|p1a: Basculegion|Surf|p2a: Tentacruel
|-resisted|p2a: Tentacruel
|-damage|p2a: Tentacruel|61/100
|-damage|p1a: Basculegion|78/100|[from] item: Life Orb
|
|-weather|RainDance|[upkeep]
|-heal|p2a: Tentacruel|67/100|[from] item: Leftovers
|upkeep
|turn|6
|
|t:|1760852100
|switch|p1a: Great Tusk|Great Tusk|100/100
|-damage|p1a: Great Tusk|98/100|[from] Stealth Rock
|move|p2a: Tentacruel|Hydro Pump|p1a: Great Tusk
|-supereffective|p1a: Great Tusk
|-damage|p1a: Great Tusk|0 fnt
|faint|p1a: Great Tusk
|-end|p1a: Great Tusk|Protosynthesis|[silent]
|
|-weather|RainDance|[upkeep]
|-heal|p2a: Tentacruel|73/100|[from] item: Leftovers
|upkeep
|
|t:|1760852109
|switch|p1a: Raging Bolt|Raging Bolt|100/100
|-damage|p1a: Raging Bolt|88/100|[from] Stealth Rock
|turn|7
|
|t:|1760852113
|switch|p2a: Meowscarada|Meowscarada, M|56/100
|move|p1a: Raging Bolt|Thunder|p2a: Meowscarada
|-resisted|p2a: Meowscarada
|-damage|p2a: Meowscarada|8/100
|
|-weather|RainDance|[upkeep]
|upkeep
|turn|8
|
|t:|1760852117
|move|p1a: Raging Bolt|Thunderclap|p2a: Meowscarada
|-resisted|p2a: Meowscarada
|-damage|p2a: Meowscarada|0 fnt
|faint|p2a: Meowscarada
|
|-weather|RainDance|[upkeep]
|upkeep
|
|t:|1760852125
|switch|p2a: Dragapult|Dragapult, M|100/100
|turn|9
|
|t:|1760852134
|-terastallize|p1a: Raging Bolt|Ghost
|move|p2a: Dragapult|Draco Meteor|p1a: Raging Bolt
|-damage|p1a: Raging Bolt|37/100
|-unboost|p2a: Dragapult|spa|2
|move|p1a: Raging Bolt|Draco Meteor|p2a: Dragapult
|-supereffective|p2a: Dragapult
|-damage|p2a: Dragapult|0 fnt
|-unboost|p1a: Raging Bolt|spa|2
|faint|p2a: Dragapult
|
|-weather|none
|upkeep
|
|t:|1760852140
|switch|p2a: Tentacruel|Tentacruel, F|73/100
|turn|10
|
|t:|1760852144
|move|p2a: Tentacruel|Hydro Pump|p1a: Raging Bolt|[miss]
|-miss|p2a: Tentacruel|p1a: Raging Bolt
|move|p1a: Raging Bolt|Thunder|p2a: Tentacruel
|-supereffective|p2a: Tentacruel
|-damage|p2a: Tentacruel|10/100
|
|-heal|p2a: Tentacruel|16/100|[from] item: Leftovers
|upkeep
|turn|11
|
|t:|1760852151
|move|p1a: Raging Bolt|Thunderclap|p2a: Tentacruel
|-supereffective|p2a: Tentacruel
|-damage|p2a: Tentacruel|0 fnt
|faint|p2a: Tentacruel
|
|upkeep
|
|t:|1760852154
|switch|p2a: Darkrai|Darkrai|100/100
|turn|12
|
|t:|1760852168
|-end|p1a: Raging Bolt|Protosynthesis|[silent]
|switch|p1a: Pelipper|Pelipper, M|46/100 tox
|-damage|p1a: Pelipper|21/100 tox|[from] Stealth Rock
|-weather|RainDance|[from] ability: Drizzle|[of] p1a: Pelipper
|move|p2a: Darkrai|Dark Pulse|p1a: Pelipper
|-damage|p1a: Pelipper|0 fnt
|faint|p1a: Pelipper
|
|-weather|RainDance|[upkeep]
|upkeep
|
|t:|1760852175
|switch|p1a: Basculegion|Basculegion-F, F|78/100
|-damage|p1a: Basculegion|66/100|[from] Stealth Rock
|turn|13
|
|t:|1760852178
|move|p1a: Basculegion|Surf|p2a: Darkrai
|-enditem|p2a: Darkrai|Focus Sash
|-damage|p2a: Darkrai|1/100
|-damage|p1a: Basculegion|56/100|[from] item: Life Orb
|move|p2a: Darkrai|Dark Pulse|p1a: Basculegion
|-supereffective|p1a: Basculegion
|-damage|p1a: Basculegion|0 fnt
|faint|p1a: Basculegion
|
|-weather|RainDance|[upkeep]
|upkeep
|
|t:|1760852186
|switch|p1a: Scizor|Scizor, M|100/100
|turn|14
|
|t:|1760852189
|move|p1a: Scizor|Bullet Punch|p2a: Darkrai
|-damage|p2a: Darkrai|0 fnt
|faint|p2a: Darkrai
|
|-weather|RainDance|[upkeep]
|upkeep
|
|t:|1760852191
|switch|p2a: Zamazenta|Zamazenta|100/100
|-ability|p2a: Zamazenta|Dauntless Shield|boost
|-boost|p2a: Zamazenta|def|1
|turn|15
|
|t:|1760852202
|move|p2a: Zamazenta|Iron Defense|p2a: Zamazenta
|-boost|p2a: Zamazenta|def|2
|move|p1a: Scizor|U-turn|p2a: Zamazenta
|-resisted|p2a: Zamazenta
|-damage|p2a: Zamazenta|94/100
|
|t:|1760852206
|switch|p1a: Toxicroak|Toxicroak, M|90/100|[from] U-turn
|-damage|p1a: Toxicroak|83/100|[from] Stealth Rock
|
|-weather|RainDance|[upkeep]
|-heal|p1a: Toxicroak|96/100|[from] ability: Dry Skin
|-heal|p2a: Zamazenta|100/100|[from] item: Leftovers
|upkeep
|turn|16
|
|t:|1760852210
|-terastallize|p2a: Zamazenta|Fighting
|move|p2a: Zamazenta|Psychic Fangs|p1a: Toxicroak
|-supereffective|p1a: Toxicroak
|-damage|p1a: Toxicroak|0 fnt
|-damage|p2a: Zamazenta|84/100|[from] item: Rocky Helmet|[of] p1a: Toxicroak
|faint|p1a: Toxicroak
|
|-weather|none
|-heal|p2a: Zamazenta|90/100|[from] item: Leftovers
|upkeep
|inactive|Battle timer is ON: inactive players will automatically lose when time's up. (requested by SweetPoison12)
|
|t:|1760852235
|switch|p1a: Raging Bolt|Raging Bolt, tera:Ghost|37/100
|-damage|p1a: Raging Bolt|25/100|[from] Stealth Rock
|turn|17
|
|t:|1760852240
|move|p2a: Zamazenta|Iron Head|p1a: Raging Bolt
|-damage|p1a: Raging Bolt|3/100
|cant|p1a: Raging Bolt|flinch
|
|-heal|p2a: Zamazenta|96/100|[from] item: Leftovers
|upkeep
|turn|18
|
|t:|1760852245
|move|p2a: Zamazenta|Iron Head|p1a: Raging Bolt
|-crit|p1a: Raging Bolt
|-damage|p1a: Raging Bolt|0 fnt
|faint|p1a: Raging Bolt
|-end|p1a: Raging Bolt|Protosynthesis|[silent]
|
|-heal|p2a: Zamazenta|100/100|[from] item: Leftovers
|upkeep
|
|t:|1760852247
|switch|p1a: Scizor|Scizor, M|100/100
|turn|19
|c|☆SweetPoison12|GG
|c|☆SweetPoison12|Izi
|c|☆SweetPoison12|Like your mom
|
|t:|1760852270
|move|p2a: Zamazenta|Body Press|p1a: Scizor
|-damage|p1a: Scizor|6/100
|move|p1a: Scizor|Swords Dance|p1a: Scizor
|-boost|p1a: Scizor|atk|2
|
|upkeep
|turn|20
|
|t:|1760852275
|move|p2a: Zamazenta|Body Press|p1a: Scizor
|-damage|p1a: Scizor|0 fnt
|faint|p1a: Scizor
|
|win|SweetPoison12
|raw|psygoat12's rating: 1107 &rarr; <strong>1085</strong><br />(-22 for losing)
|raw|SweetPoison12's rating: 1154 &rarr; <strong>1176</strong><br />(+22 for winning)
|l|☆SweetPoison12
|player|p2|
