|j|☆azaradim
|j|☆Agent Dave
|t:|1760840266
|gametype|singles
|player|p1|azaradim|steven|1159
|player|p2|Agent Dave|hugh|1115
|gen|9
|tier|[Gen 9] OU
|rated|
|rule|HP Percentage Mod: HP is shown in percentages
|rule|Endless Battle Clause: Forcing endless battles is banned
|rule|Species Clause: Limit one of each Pokémon
|rule|OHKO Clause: OHKO moves are banned
|rule|Evasion Items Clause: Evasion items are banned
|rule|Evasion Moves Clause: Evasion moves are banned
|rule|Evasion Abilities Clause: Evasion abilities are banned
|rule|Sleep Moves Clause: Sleep-inducing moves are banned
|clearpoke
|poke|p1|Falinks|
|poke|p1|Feraligatr, F|
|poke|p1|Garchomp, M|
|poke|p1|Excadrill, F|
|poke|p1|Froslass, F|
|poke|p1|Eelektross, F|
|poke|p2|Slaking, M|
|poke|p2|Kingambit, F|
|poke|p2|Gholdengo|
|poke|p2|Regirock|
|poke|p2|Sinistcha-Masterpiece|
|poke|p2|Raging Bolt|
|teampreview
|inactive|Battle timer is ON: inactive players will automatically lose when time's up. (requested by Agent Dave)
|
|t:|1760840277
|teamsize|p1|6
|teamsize|p2|6
|start
|switch|p1a: Eelektross|Eelektross, F|100/100
|switch|p2a: Regirock|Regirock, shiny|100/100
|turn|1
|
|t:|1760840296
|move|p1a: Eelektross|Volt Switch|p2a: Regirock
|-damage|p2a: Regirock|38/100
|
|t:|1760840312
|switch|p1a: Falinks|Falinks|100/100|[from] Volt Switch
|move|p2a: Regirock|Iron Defense|p2a: Regirock
|-boost|p2a: Regirock|def|2
|
|-heal|p2a: Regirock|44/100|[from] item: Leftovers
|upkeep
|turn|2
|
|t:|1760840322
|move|p1a: Falinks|Close Combat|p2a: Regirock
|-supereffective|p2a: Regirock
|-damage|p2a: Regirock|4/100
|-unboost|p1a: Falinks|def|1
|-unboost|p1a: Falinks|spd|1
|move|p2a: Regirock|Iron Defense|p2a: Regirock
|-boost|p2a: Regirock|def|2
|
|-heal|p2a: Regirock|10/100|[from] item: Leftovers
|upkeep
|turn|3
|
|t:|1760840333
|move|p1a: Falinks|Close Combat|p2a: Regirock
|-supereffective|p2a: Regirock
|-damage|p2a: Regirock|0 fnt
|-unboost|p1a: Falinks|def|1
|-unboost|p1a: Falinks|spd|1
|faint|p2a: Regirock
|
|upkeep
|
|t:|1760840353
|switch|p2a: Sinistcha|Sinistcha-Masterpiece, shiny|100/100
|turn|4
|
|t:|1760840378
|switch|p1a: Feraligatr|Feraligatr, F|100/100
|move|p2a: Sinistcha|Strength Sap|p1a: Feraligatr
|-unboost|p1a: Feraligatr|atk|1
|
|upkeep
|turn|5
|inactive|Agent Dave has 120 seconds left.
|
|t:|1760840399
|move|p1a: Feraligatr|Crunch|p2a: Sinistcha
|-supereffective|p2a: Sinistcha
|-damage|p2a: Sinistcha|49/100
|move|p2a: Sinistcha|Matcha Gotcha|p1a: Feraligatr|[miss]
|-miss|p2a: Sinistcha|p1a: Feraligatr
|
|-heal|p2a: Sinistcha|55/100|[from] item: Leftovers
|upkeep
|turn|6
|inactive|Agent Dave has 120 seconds left.
|
|t:|1760840410
|move|p1a: Feraligatr|Crunch|p2a: Sinistcha
|-supereffective|p2a: Sinistcha
|-damage|p2a: Sinistcha|4/100
|move|p2a: Sinistcha|Strength Sap|p1a: Feraligatr
|-unboost|p1a: Feraligatr|atk|1
|-heal|p2a: Sinistcha|64/100
|
|-heal|p2a: Sinistcha|70/100|[from] item: Leftovers
|upkeep
|turn|7
|
|t:|1760840419
|switch|p1a: Eelektross|Eelektross, F|100/100
|move|p2a: Sinistcha|Matcha Gotcha|p1a: Eelektross|[miss]
|-miss|p2a: Sinistcha|p1a: Eelektross
|
|-heal|p2a: Sinistcha|76/100|[from] item: Leftovers
|upkeep
|turn|8
|
|t:|1760840431
|move|p2a: Sinistcha|Calm Mind|p2a: Sinistcha
|-boost|p2a: Sinistcha|spa|1
|-boost|p2a: Sinistcha|spd|1
|move|p1a: Eelektross|Flamethrower|p2a: Sinistcha
|-supereffective|p2a: Sinistcha
|-damage|p2a: Sinistcha|40/100
|
|-heal|p2a: Sinistcha|46/100|[from] item: Leftovers
|upkeep
|turn|9
|
|t:|1760840442
|switch|p1a: Feraligatr|Feraligatr, F|100/100
|move|p2a: Sinistcha|Strength Sap|p1a: Feraligatr
|-unboost|p1a: Feraligatr|atk|1
|-heal|p2a: Sinistcha|100/100
|
|upkeep
|turn|10
|
|t:|1760840451
|move|p1a: Feraligatr|Dragon Dance|p1a: Feraligatr
|-boost|p1a: Feraligatr|atk|1
|-boost|p1a: Feraligatr|spe|1
|move|p2a: Sinistcha|Matcha Gotcha|p1a: Feraligatr
|-supereffective|p1a: Feraligatr
|-damage|p1a: Feraligatr|0 fnt
|faint|p1a: Feraligatr
|
|upkeep
|
|t:|1760840457
|switch|p1a: Froslass|Froslass, F|100/100
|turn|11
|
|t:|1760840472
|move|p1a: Froslass|Taunt|p2a: Sinistcha
|-start|p2a: Sinistcha|move: Taunt
|move|p2a: Sinistcha|Shadow Ball|p1a: Froslass
|-supereffective|p1a: Froslass
|-damage|p1a: Froslass|0 fnt
|faint|p1a: Froslass
|
|upkeep
|
|t:|1760840481
|switch|p1a: Garchomp|Garchomp, M|100/100
|turn|12
|
|t:|1760840487
|move|p2a: Sinistcha|Matcha Gotcha|p1a: Garchomp
|-damage|p1a: Garchomp|36/100
|move|p1a: Garchomp|Dragon Tail|p2a: Sinistcha
|-damage|p2a: Sinistcha|78/100
|drag|p2a: Kingambit|Kingambit, F, shiny|100/100
|-activate|p2a: Kingambit|ability: Supreme Overlord
|-start|p2a: Kingambit|fallen1|[silent]
|
|upkeep
|turn|13
|
|t:|1760840501
|-end|p2a: Kingambit|fallen1|[silent]
|switch|p2a: Slaking|Slaking, M, shiny|100/100
|move|p1a: Garchomp|Earthquake|p2a: Slaking
|-crit|p2a: Slaking
|-damage|p2a: Slaking|50/100
|
|upkeep
|turn|14
|
|t:|1760840520
|move|p2a: Slaking|Drain Punch|p1a: Garchomp
|-damage|p1a: Garchomp|8/100
|-heal|p2a: Slaking|64/100|[from] drain|[of] p1a: Garchomp
|-damage|p2a: Slaking|51/100|[from] ability: Rough Skin|[of] p1a: Garchomp
|-damage|p2a: Slaking|35/100|[from] item: Rocky Helmet|[of] p1a: Garchomp
|move|p1a: Garchomp|Earthquake|p2a: Slaking
|-damage|p2a: Slaking|0 fnt
|faint|p2a: Slaking
|
|upkeep
|
|t:|1760840531
|switch|p2a: Kingambit|Kingambit, F, shiny|100/100
|-activate|p2a: Kingambit|ability: Supreme Overlord
|-start|p2a: Kingambit|fallen2|[silent]
|turn|15
|
|t:|1760840537
|move|p2a: Kingambit|Sucker Punch||[still]
|-fail|p2a: Kingambit
|move|p1a: Garchomp|Stealth Rock|p2a: Kingambit
|-sidestart|p2: Agent Dave|move: Stealth Rock
|
|upkeep
|turn|16
|
|t:|1760840543
|move|p1a: Garchomp|Spikes|p2a: Kingambit
|-sidestart|p2: Agent Dave|Spikes
|move|p2a: Kingambit|Swords Dance|p2a: Kingambit
|-boost|p2a: Kingambit|atk|2
|
|upkeep
|turn|17
|
|t:|1760840548
|move|p2a: Kingambit|Sucker Punch|p1a: Garchomp
|-damage|p1a: Garchomp|0 fnt
|-damage|p2a: Kingambit|88/100|[from] ability: Rough Skin|[of] p1a: Garchomp
|-damage|p2a: Kingambit|72/100|[from] item: Rocky Helmet|[of] p1a: Garchomp
|faint|p1a: Garchomp
|
|upkeep
|
|t:|1760840558
|switch|p1a: Falinks|Falinks|100/100
|turn|18
|
|t:|1760840566
|move|p1a: Falinks|First Impression|p2a: Kingambit
|-damage|p2a: Kingambit|40/100
|move|p2a: Kingambit|Sucker Punch||[still]
|-fail|p2a: Kingambit
|
|upkeep
|turn|19
|
|t:|1760840576
|switch|p1a: Eelektross|Eelektross, F|100/100
|move|p2a: Kingambit|Sucker Punch||[still]
|-fail|p2a: Kingambit
|
|upkeep
|turn|20
|
|t:|1760840586
|move|p2a: Kingambit|Sucker Punch|p1a: Eelektross
|-damage|p1a: Eelektross|0 fnt
|faint|p1a: Eelektross
|
|upkeep
|
|t:|1760840590
|switch|p1a: Falinks|Falinks|100/100
|turn|21
|
|t:|1760840594
|move|p1a: Falinks|Close Combat|p2a: Kingambit
|-supereffective|p2a: Kingambit
|-damage|p2a: Kingambit|0 fnt
|-unboost|p1a: Falinks|def|1
|-unboost|p1a: Falinks|spd|1
|faint|p2a: Kingambit
|-end|p2a: Kingambit|fallen2|[silent]
|
|upkeep
|
|t:|1760840602
|switch|p2a: Sinistcha|Sinistcha-Masterpiece, shiny|78/100
|-damage|p2a: Sinistcha|65/100|[from] Stealth Rock
|-damage|p2a: Sinistcha|53/100|[from] Spikes
|turn|22
|
|t:|1760840607
|switch|p1a: Excadrill|Excadrill, F|100/100
|-item|p1a: Excadrill|Air Balloon
|move|p2a: Sinistcha|Strength Sap|p1a: Excadrill
|-unboost|p1a: Excadrill|atk|1
|-heal|p2a: Sinistcha|100/100
|
|upkeep
|turn|23
|
|t:|1760840621
|move|p1a: Excadrill|Swords Dance|p1a: Excadrill
|-boost|p1a: Excadrill|atk|2
|move|p2a: Sinistcha|Calm Mind|p2a: Sinistcha
|-boost|p2a: Sinistcha|spa|1
|-boost|p2a: Sinistcha|spd|1
|
|upkeep
|turn|24
|
|t:|1760840628
|move|p1a: Excadrill|Iron Head|p2a: Sinistcha
|-damage|p2a: Sinistcha|37/100
|move|p2a: Sinistcha|Matcha Gotcha|p1a: Excadrill
|-damage|p1a: Excadrill|13/100
|-heal|p2a: Sinistcha|83/100|[from] drain|[of] p1a: Excadrill
|-enditem|p1a: Excadrill|Air Balloon
|
|-heal|p2a: Sinistcha|89/100|[from] item: Leftovers
|upkeep
|turn|25
|
|t:|1760840638
|move|p1a: Excadrill|Iron Head|p2a: Sinistcha
|-damage|p2a: Sinistcha|27/100
|move|p2a: Sinistcha|Shadow Ball|p1a: Excadrill
|-damage|p1a: Excadrill|0 fnt
|faint|p1a: Excadrill
|
|-heal|p2a: Sinistcha|33/100|[from] item: Leftovers
|upkeep
|
|t:|1760840644
|switch|p1a: Falinks|Falinks|100/100
|turn|26
|
|t:|1760840651
|move|p1a: Falinks|Knock Off|p2a: Sinistcha
|-supereffective|p2a: Sinistcha
|-damage|p2a: Sinistcha|0 fnt
|-enditem|p2a: Sinistcha|Leftovers|[from] move: Knock Off|[of] p1a: Falinks
|faint|p2a: Sinistcha
|
|upkeep
|
|t:|1760840659
|switch|p2a: Raging Bolt|Raging Bolt|100/100
|-damage|p2a: Raging Bolt|88/100|[from] Stealth Rock
|-damage|p2a: Raging Bolt|76/100|[from] Spikes
|-enditem|p2a: Raging Bolt|Booster Energy
|-activate|p2a: Raging Bolt|ability: Protosynthesis|[fromitem]
|-start|p2a: Raging Bolt|protosynthesisspa
|turn|27
|
|t:|1760840668
|move|p2a: Raging Bolt|Thunderclap|p1a: Falinks
|-damage|p1a: Falinks|0 fnt
|faint|p1a: Falinks
|
|win|Agent Dave
|raw|azaradim's rating: 1159 &rarr; <strong>1131</strong><br />(-28 for losing)
|raw|Agent Dave's rating: 1115 &rarr; <strong>1143</strong><br />(+28 for winning)
|l|☆azaradim
|player|p1|
|c|☆Agent Dave|gg
|l|☆Agent Dave
|player|p2|
