|j|☆NoNSket
|j|☆XXWQWE
|t:|1760850976
|gametype|singles
|player|p1|NoNSket|265|1135
|player|p2|XXWQWE|169|1094
|gen|9
|tier|[Gen 9] OU
|rated|
|rule|HP Percentage Mod: HP is shown in percentages
|rule|Endless Battle Clause: Forcing endless battles is banned
|rule|Species Clause: Limit one of each Pokémon
|rule|OHKO Clause: OHKO moves are banned
|rule|Evasion Items Clause: Evasion items are banned
|rule|Evasion Moves Clause: Evasion moves are banned
|rule|Evasion Abilities Clause: Evasion abilities are banned
|rule|Sleep Moves Clause: Sleep-inducing moves are banned
|clearpoke
|poke|p1|Mimikyu, M|
|poke|p1|Venusaur, F|
|poke|p1|Skarmory, F|
|poke|p1|Electrode|
|poke|p1|Gyarados, M|
|poke|p1|Dugtrio, F|
|poke|p2|Scizor, F|
|poke|p2|Pelipper, M|
|poke|p2|Excadrill, M|
|poke|p2|Crawdaunt, M|
|poke|p2|Ludicolo, M|
|poke|p2|Kingdra, M|
|teampreview
|
|t:|1760850984
|teamsize|p1|6
|teamsize|p2|6
|start
|switch|p1a: Skarmory|Skarmory, F|100/100
|switch|p2a: Excadrill|Excadrill, M|100/100
|-ability|p2a: Excadrill|Mold Breaker
|turn|1
|
|t:|1760850994
|move|p2a: Excadrill|Stealth Rock|p1a: Skarmory
|-sidestart|p1: NoNSket|move: Stealth Rock
|move|p1a: Skarmory|Stealth Rock|p2a: Excadrill
|-sidestart|p2: XXWQWE|move: Stealth Rock
|
|upkeep
|turn|2
|
|t:|1760851001
|move|p2a: Excadrill|Rock Slide|p1a: Skarmory
|-damage|p1a: Skarmory|80/100
|cant|p1a: Skarmory|flinch
|
|upkeep
|turn|3
|
|t:|1760851008
|move|p2a: Excadrill|Rapid Spin|p1a: Skarmory
|-resisted|p1a: Skarmory
|-crit|p1a: Skarmory
|-damage|p1a: Skarmory|69/100
|-boost|p2a: Excadrill|spe|1
|-damage|p2a: Excadrill|84/100|[from] item: Rocky Helmet|[of] p1a: Skarmory
|-sideend|p2: XXWQWE|Stealth Rock|[from] move: Rapid Spin|[of] p2a: Excadrill
|move|p1a: Skarmory|Iron Defense|p1a: Skarmory
|-boost|p1a: Skarmory|def|2
|
|upkeep
|turn|4
|
|t:|1760851019
|move|p2a: Excadrill|Rock Slide|p1a: Skarmory
|-damage|p1a: Skarmory|59/100
|move|p1a: Skarmory|Iron Defense|p1a: Skarmory
|-boost|p1a: Skarmory|def|2
|
|upkeep
|turn|5
|
|t:|1760851028
|move|p2a: Excadrill|Rock Slide|p1a: Skarmory
|-damage|p1a: Skarmory|52/100
|move|p1a: Skarmory|Iron Defense|p1a: Skarmory
|-boost|p1a: Skarmory|def|2
|
|upkeep
|turn|6
|
|t:|1760851036
|move|p2a: Excadrill|Rock Slide|p1a: Skarmory
|-damage|p1a: Skarmory|47/100
|move|p1a: Skarmory|Roost|p1a: Skarmory
|-heal|p1a: Skarmory|97/100
|-singleturn|p1a: Skarmory|move: Roost
|
|upkeep
|turn|7
|
|t:|1760851045
|move|p2a: Excadrill|Earthquake|p1a: Skarmory
|-immune|p1a: Skarmory
|move|p1a: Skarmory|Body Press|p2a: Excadrill
|-supereffective|p2a: Excadrill
|-crit|p2a: Excadrill
|-damage|p2a: Excadrill|0 fnt
|faint|p2a: Excadrill
|
|upkeep
|
|t:|1760851059
|switch|p2a: Pelipper|Pelipper, M|100/100
|-weather|RainDance|[from] ability: Drizzle|[of] p2a: Pelipper
|turn|8
|
|t:|1760851065
|move|p1a: Skarmory|Body Press|p2a: Pelipper
|-resisted|p2a: Pelipper
|-damage|p2a: Pelipper|58/100
|move|p2a: Pelipper|Surf|p1a: Skarmory
|-damage|p1a: Skarmory|55/100
|
|-weather|RainDance|[upkeep]
|upkeep
|turn|9
|
|t:|1760851075
|move|p1a: Skarmory|Body Press|p2a: Pelipper
|-resisted|p2a: Pelipper
|-damage|p2a: Pelipper|18/100
|move|p2a: Pelipper|U-turn|p1a: Skarmory
|-resisted|p1a: Skarmory
|-damage|p1a: Skarmory|54/100
|-damage|p2a: Pelipper|1/100|[from] item: Rocky Helmet|[of] p1a: Skarmory
|
|t:|1760851084
|switch|p2a: Kingdra|Kingdra, M|100/100|[from] U-turn
|
|-weather|RainDance|[upkeep]
|upkeep
|turn|10
|
|t:|1760851097
|move|p2a: Kingdra|Hydro Pump|p1a: Skarmory
|-damage|p1a: Skarmory|0 fnt
|faint|p1a: Skarmory
|
|-weather|RainDance|[upkeep]
|upkeep
|
|t:|1760851105
|switch|p1a: Venusaur|Venusaur, F|100/100
|-damage|p1a: Venusaur|88/100|[from] Stealth Rock
|turn|11
|
|t:|1760851114
|switch|p2a: Scizor|Scizor, F|100/100
|move|p1a: Venusaur|Leech Seed|p2a: Scizor
|-start|p2a: Scizor|move: Leech Seed
|
|-weather|RainDance|[upkeep]
|-heal|p1a: Venusaur|94/100|[from] item: Leftovers
|-damage|p2a: Scizor|88/100|[from] Leech Seed|[of] p1a: Venusaur
|-heal|p1a: Venusaur|100/100|[silent]
|upkeep
|turn|12
|
|t:|1760851125
|move|p2a: Scizor|Bullet Punch|p1a: Venusaur
|-damage|p1a: Venusaur|40/100
|move|p1a: Venusaur|Giga Drain|p2a: Scizor
|-resisted|p2a: Scizor
|-damage|p2a: Scizor|78/100
|-heal|p1a: Venusaur|45/100|[from] drain|[of] p2a: Scizor
|
|-weather|RainDance|[upkeep]
|-heal|p1a: Venusaur|51/100|[from] item: Leftovers
|-damage|p2a: Scizor|65/100|[from] Leech Seed|[of] p1a: Venusaur
|-heal|p1a: Venusaur|62/100|[silent]
|upkeep
|turn|13
|
|t:|1760851140
|-terastallize|p1a: Venusaur|Dragon
|move|p2a: Scizor|Bullet Punch|p1a: Venusaur
|-damage|p1a: Venusaur|7/100
|move|p1a: Venusaur|Giga Drain|p2a: Scizor
|-resisted|p2a: Scizor
|-damage|p2a: Scizor|49/100
|-heal|p1a: Venusaur|14/100|[from] drain|[of] p2a: Scizor
|
|-weather|RainDance|[upkeep]
|-heal|p1a: Venusaur|20/100|[from] item: Leftovers
|-damage|p2a: Scizor|37/100|[from] Leech Seed|[of] p1a: Venusaur
|-heal|p1a: Venusaur|32/100|[silent]
|upkeep
|turn|14
|
|t:|1760851153
|move|p2a: Scizor|Bullet Punch|p1a: Venusaur
|-damage|p1a: Venusaur|0 fnt
|faint|p1a: Venusaur
|
|-weather|RainDance|[upkeep]
|upkeep
|
|t:|1760851158
|switch|p1a: Mimikyu|Mimikyu, M|100/100
|-damage|p1a: Mimikyu|88/100|[from] Stealth Rock
|turn|15
|
|t:|1760851163
|move|p2a: Scizor|Bullet Punch|p1a: Mimikyu
|-activate|p1a: Mimikyu|ability: Disguise
|-damage|p1a: Mimikyu|88/100
|detailschange|p1a: Mimikyu|Mimikyu-Busted, M
|-damage|p1a: Mimikyu|76/100|[from] pokemon: Mimikyu-Busted
|move|p1a: Mimikyu|Bulk Up|p1a: Mimikyu
|-boost|p1a: Mimikyu|atk|1
|-boost|p1a: Mimikyu|def|1
|
|-weather|none
|-heal|p1a: Mimikyu|82/100|[from] item: Leftovers
|-damage|p2a: Scizor|25/100|[from] Leech Seed|[of] p1a: Mimikyu
|-heal|p1a: Mimikyu|98/100|[silent]
|upkeep
|turn|16
|
|t:|1760851177
|move|p2a: Scizor|Bullet Punch|p1a: Mimikyu
|-supereffective|p1a: Mimikyu
|-damage|p1a: Mimikyu|0 fnt
|faint|p1a: Mimikyu
|
|upkeep
|
|t:|1760851179
|switch|p1a: Dugtrio|Dugtrio, F|100/100
|-damage|p1a: Dugtrio|94/100|[from] Stealth Rock
|turn|17
|
|t:|1760851191
|switch|p2a: Kingdra|Kingdra, M|100/100
|move|p1a: Dugtrio|Earthquake|p2a: Kingdra
|-damage|p2a: Kingdra|49/100
|
|-heal|p1a: Dugtrio|100/100|[from] item: Leftovers
|upkeep
|turn|18
|
|t:|1760851201
|move|p1a: Dugtrio|Body Slam|p2a: Kingdra
|-damage|p2a: Kingdra|21/100
|-status|p2a: Kingdra|par
|move|p2a: Kingdra|Hydro Pump|p1a: Dugtrio
|-supereffective|p1a: Dugtrio
|-damage|p1a: Dugtrio|0 fnt
|faint|p1a: Dugtrio
|
|upkeep
|
|t:|1760851205
|switch|p1a: Gyarados|Gyarados, M|100/100
|-damage|p1a: Gyarados|76/100|[from] Stealth Rock
|-ability|p1a: Gyarados|Intimidate|boost
|-unboost|p2a: Kingdra|atk|1
|turn|19
|
|t:|1760851217
|move|p1a: Gyarados|Dragon Dance|p1a: Gyarados
|-boost|p1a: Gyarados|atk|1
|-boost|p1a: Gyarados|spe|1
|move|p2a: Kingdra|Hydro Pump|p1a: Gyarados
|-resisted|p1a: Gyarados
|-damage|p1a: Gyarados|34/100
|
|-heal|p1a: Gyarados|40/100|[from] item: Leftovers
|upkeep
|turn|20
|
|t:|1760851227
|move|p1a: Gyarados|Dragon Dance|p1a: Gyarados
|-boost|p1a: Gyarados|atk|1
|-boost|p1a: Gyarados|spe|1
|move|p2a: Kingdra|Hydro Pump|p1a: Gyarados
|-resisted|p1a: Gyarados
|-damage|p1a: Gyarados|3/100
|
|-heal|p1a: Gyarados|9/100|[from] item: Leftovers
|upkeep
|turn|21
|
|t:|1760851239
|move|p1a: Gyarados|Body Slam|p2a: Kingdra
|-damage|p2a: Kingdra|0 fnt
|faint|p2a: Kingdra
|
|-heal|p1a: Gyarados|15/100|[from] item: Leftovers
|upkeep
|
|t:|1760851247
|switch|p2a: Ludicolo|Ludicolo, M|100/100
|turn|22
|
|t:|1760851254
|move|p1a: Gyarados|Ice Fang|p2a: Ludicolo
|-damage|p2a: Ludicolo|30/100
|cant|p2a: Ludicolo|flinch
|
|-heal|p1a: Gyarados|21/100|[from] item: Leftovers
|upkeep
|turn|23
|
|t:|1760851264
|move|p1a: Gyarados|Body Slam|p2a: Ludicolo
|-damage|p2a: Ludicolo|0 fnt
|faint|p2a: Ludicolo
|
|-heal|p1a: Gyarados|27/100|[from] item: Leftovers
|upkeep
|
|t:|1760851273
|switch|p2a: Crawdaunt|Crawdaunt, M|100/100
|turn|24
|
|t:|1760851281
|move|p1a: Gyarados|Body Slam|p2a: Crawdaunt
|-damage|p2a: Crawdaunt|15/100
|move|p2a: Crawdaunt|Crunch|p1a: Gyarados
|-damage|p1a: Gyarados|0 fnt
|faint|p1a: Gyarados
|-damage|p2a: Crawdaunt|5/100|[from] item: Life Orb
|
|upkeep
|
|t:|1760851284
|switch|p1a: Electrode|Electrode|100/100
|-damage|p1a: Electrode|88/100|[from] Stealth Rock
|turn|25
|
|t:|1760851297
|move|p1a: Electrode|Volt Switch|p2a: Crawdaunt
|-supereffective|p2a: Crawdaunt
|-damage|p2a: Crawdaunt|0 fnt
|faint|p2a: Crawdaunt
|
|upkeep
|
|t:|1760851305
|switch|p2a: Scizor|Scizor, F|25/100
|turn|26
|
|t:|1760851311
|move|p1a: Electrode|Volt Switch|p2a: Scizor
|-crit|p2a: Scizor
|-damage|p2a: Scizor|0 fnt
|faint|p2a: Scizor
|
|upkeep
|
|t:|1760851317
|switch|p2a: Pelipper|Pelipper, M|1/100
|-weather|RainDance|[from] ability: Drizzle|[of] p2a: Pelipper
|turn|27
|
|t:|1760851323
|move|p1a: Electrode|Volt Switch|p2a: Pelipper
|-supereffective|p2a: Pelipper
|-damage|p2a: Pelipper|0 fnt
|faint|p2a: Pelipper
|
|win|NoNSket
|raw|NoNSket's rating: 1135 &rarr; <strong>1157</strong><br />(+22 for winning)
|raw|XXWQWE's rating: 1094 &rarr; <strong>1073</strong><br />(-21 for losing)
|l|☆XXWQWE
|player|p2|
|l|☆NoNSket
|player|p1|
