|j|☆xpoke94
|j|☆luca1996
|t:|1760737807
|gametype|singles
|player|p1|xpoke94|2|1409
|player|p2|luca1996|boarder|1381
|gen|9
|tier|[Gen 9] OU
|rated|
|rule|HP Percentage Mod: HP is shown in percentages
|rule|Endless Battle Clause: Forcing endless battles is banned
|rule|Species Clause: Limit one of each Pokémon
|rule|OHKO Clause: OHKO moves are banned
|rule|Evasion Items Clause: Evasion items are banned
|rule|Evasion Moves Clause: Evasion moves are banned
|rule|Evasion Abilities Clause: Evasion abilities are banned
|rule|Sleep Moves Clause: Sleep-inducing moves are banned
|clearpoke
|poke|p1|Alomomola, M|
|poke|p1|Mandibuzz, F|
|poke|p1|Ting-Lu|
|poke|p1|Skeledirge, M|
|poke|p1|Gholdengo|
|poke|p1|Dragonite, F|
|poke|p2|Gurdurr, M|
|poke|p2|Araquanid, F|
|poke|p2|Moltres-Galar|
|poke|p2|Entei|
|poke|p2|Great Tusk|
|poke|p2|Primarina, M|
|teampreview
|inactive|Battle timer is ON: inactive players will automatically lose when time's up. (requested by xpoke94)
|
|t:|1760737812
|teamsize|p1|6
|teamsize|p2|6
|start
|switch|p1a: Gholdengo|Gholdengo|100/100
|switch|p2a: Primarina|Primarina, M|100/100
|turn|1
|
|t:|1760737815
|move|p1a: Gholdengo|Trick|p2a: Primarina
|-activate|p1a: Gholdengo|move: Trick|[of] p2a: Primarina
|-item|p2a: Primarina|Choice Specs|[from] move: Trick
|-item|p1a: Gholdengo|Assault Vest|[from] move: Trick
|move|p2a: Primarina|Surf|p1a: Gholdengo
|-damage|p1a: Gholdengo|42/100
|
|upkeep
|turn|2
|
|t:|1760737822
|move|p1a: Gholdengo|Thunderbolt|p2a: Primarina
|-supereffective|p2a: Primarina
|-damage|p2a: Primarina|43/100
|move|p2a: Primarina|Surf|p1a: Gholdengo
|-damage|p1a: Gholdengo|0 fnt
|faint|p1a: Gholdengo
|
|upkeep
|
|t:|1760737828
|switch|p1a: Dragonite|Dragonite, F|100/100
|turn|3
|
|t:|1760737834
|switch|p2a: Araquanid|Araquanid, F|100/100
|move|p1a: Dragonite|Dragon Dance|p1a: Dragonite
|-boost|p1a: Dragonite|atk|1
|-boost|p1a: Dragonite|spe|1
|
|upkeep
|turn|4
|
|t:|1760737839
|move|p1a: Dragonite|Dragon Claw|p2a: Araquanid
|-damage|p2a: Araquanid|27/100
|move|p2a: Araquanid|Icy Wind|p1a: Dragonite
|-supereffective|p1a: Dragonite
|-damage|p1a: Dragonite|84/100
|-unboost|p1a: Dragonite|spe|1
|
|upkeep
|turn|5
|
|t:|1760737845
|move|p1a: Dragonite|Dragon Claw|p2a: Araquanid
|-damage|p2a: Araquanid|0 fnt
|faint|p2a: Araquanid
|
|upkeep
|
|t:|1760737851
|switch|p2a: Great Tusk|Great Tusk|100/100
|turn|6
|
|t:|1760737855
|-terastallize|p1a: Dragonite|Water
|move|p1a: Dragonite|Dragon Dance|p1a: Dragonite
|-boost|p1a: Dragonite|atk|1
|-boost|p1a: Dragonite|spe|1
|move|p2a: Great Tusk|Ice Spinner|p1a: Dragonite
|-resisted|p1a: Dragonite
|-damage|p1a: Dragonite|67/100
|
|upkeep
|turn|7
|
|t:|1760737860
|move|p1a: Dragonite|Waterfall|p2a: Great Tusk
|-supereffective|p2a: Great Tusk
|-damage|p2a: Great Tusk|0 fnt
|faint|p2a: Great Tusk
|-end|p2a: Great Tusk|Protosynthesis|[silent]
|
|upkeep
|
|t:|1760737865
|switch|p2a: Gurdurr|Gurdurr, M|100/100
|turn|8
|
|t:|1760737868
|move|p1a: Dragonite|Waterfall|p2a: Gurdurr
|-damage|p2a: Gurdurr|33/100
|move|p2a: Gurdurr|Drain Punch|p1a: Dragonite
|-damage|p1a: Dragonite|22/100
|-heal|p2a: Gurdurr|53/100|[from] drain|[of] p1a: Dragonite
|
|upkeep
|turn|9
|
|t:|1760737875
|move|p1a: Dragonite|Extreme Speed|p2a: Gurdurr
|-damage|p2a: Gurdurr|11/100
|move|p2a: Gurdurr|Mach Punch|p1a: Dragonite
|-damage|p1a: Dragonite|0 fnt
|faint|p1a: Dragonite
|
|upkeep
|
|t:|1760737883
|switch|p1a: Skeledirge|Skeledirge, M|100/100
|turn|10
|
|t:|1760737885
|move|p1a: Skeledirge|Torch Song|p2a: Gurdurr
|-damage|p2a: Gurdurr|0 fnt
|-boost|p1a: Skeledirge|spa|1
|faint|p2a: Gurdurr
|
|upkeep
|
|t:|1760737888
|switch|p2a: Primarina|Primarina, M|43/100
|turn|11
|
|t:|1760737901
|move|p1a: Skeledirge|Earth Power|p2a: Primarina
|-damage|p2a: Primarina|6/100
|move|p2a: Primarina|Surf|p1a: Skeledirge
|-supereffective|p1a: Skeledirge
|-damage|p1a: Skeledirge|0 fnt
|faint|p1a: Skeledirge
|
|upkeep
|
|t:|1760737910
|switch|p1a: Alomomola|Alomomola, M|100/100
|turn|12
|
|t:|1760737912
|move|p1a: Alomomola|Flip Turn|p2a: Primarina
|-resisted|p2a: Primarina
|-damage|p2a: Primarina|0 fnt
|faint|p2a: Primarina
|
|t:|1760737915
|switch|p1a: Mandibuzz|Mandibuzz, F|100/100|[from] Flip Turn
|
|upkeep
|
|t:|1760737927
|switch|p2a: Moltres|Moltres-Galar|100/100
|turn|13
|
|t:|1760737930
|move|p2a: Moltres|Air Slash|p1a: Mandibuzz
|-damage|p1a: Mandibuzz|80/100
|move|p1a: Mandibuzz|Toxic|p2a: Moltres
|-status|p2a: Moltres|tox
|
|-damage|p2a: Moltres|94/100 tox|[from] psn
|upkeep
|turn|14
|
|t:|1760737935
|switch|p2a: Entei|Entei|100/100
|switch|p1a: Ting-Lu|Ting-Lu|100/100
|-ability|p1a: Ting-Lu|Vessel of Ruin
|
|upkeep
|turn|15
|
|t:|1760737940
|-terastallize|p2a: Entei|Normal
|move|p2a: Entei|Swagger|p1a: Ting-Lu
|-boost|p1a: Ting-Lu|atk|2
|-start|p1a: Ting-Lu|confusion
|-enditem|p2a: Entei|Mirror Herb
|-boost|p2a: Entei|atk|2|[from] item: Mirror Herb
|-activate|p1a: Ting-Lu|confusion
|move|p1a: Ting-Lu|Stealth Rock|p2a: Entei
|-sidestart|p2: luca1996|move: Stealth Rock
|
|upkeep
|turn|16
|
|t:|1760737946
|switch|p1a: Alomomola|Alomomola, M|100/100
|move|p2a: Entei|Sacred Fire|p1a: Alomomola
|-resisted|p1a: Alomomola
|-damage|p1a: Alomomola|76/100
|
|upkeep
|turn|17
|
|t:|1760737953
|move|p2a: Entei|Extreme Speed|p1a: Alomomola
|-damage|p1a: Alomomola|38/100
|-damage|p2a: Entei|84/100|[from] item: Rocky Helmet|[of] p1a: Alomomola
|move|p1a: Alomomola|Wish|p1a: Alomomola
|
|upkeep
|turn|18
|
|t:|1760737956
|move|p1a: Alomomola|Protect|p1a: Alomomola
|-singleturn|p1a: Alomomola|Protect
|move|p2a: Entei|Extreme Speed|p1a: Alomomola
|-activate|p1a: Alomomola|move: Protect
|
|-heal|p1a: Alomomola|88/100|[from] move: Wish|[wisher] Alomomola
|upkeep
|turn|19
|
|t:|1760737959
|move|p2a: Entei|Sacred Fire|p1a: Alomomola
|-resisted|p1a: Alomomola
|-damage|p1a: Alomomola|62/100
|move|p1a: Alomomola|Scald|p2a: Entei
|-damage|p2a: Entei|69/100
|
|upkeep
|turn|20
|
|t:|1760737962
|move|p2a: Entei|Extreme Speed|p1a: Alomomola
|-damage|p1a: Alomomola|21/100
|-damage|p2a: Entei|52/100|[from] item: Rocky Helmet|[of] p1a: Alomomola
|move|p1a: Alomomola|Wish|p1a: Alomomola
|
|upkeep
|turn|21
|
|t:|1760737968
|move|p1a: Alomomola|Protect|p1a: Alomomola
|-singleturn|p1a: Alomomola|Protect
|move|p2a: Entei|Stomping Tantrum|p1a: Alomomola
|-activate|p1a: Alomomola|move: Protect
|
|-heal|p1a: Alomomola|71/100|[from] move: Wish|[wisher] Alomomola
|upkeep
|turn|22
|
|t:|1760737971
|move|p2a: Entei|Extreme Speed|p1a: Alomomola
|-damage|p1a: Alomomola|27/100
|-damage|p2a: Entei|36/100|[from] item: Rocky Helmet|[of] p1a: Alomomola
|move|p1a: Alomomola|Scald|p2a: Entei
|-damage|p2a: Entei|21/100
|-status|p2a: Entei|brn
|
|-damage|p2a: Entei|15/100 brn|[from] brn
|upkeep
|turn|23
|
|t:|1760737975
|move|p2a: Entei|Swagger|p1a: Alomomola
|-boost|p1a: Alomomola|atk|2
|-start|p1a: Alomomola|confusion
|-activate|p1a: Alomomola|confusion
|move|p1a: Alomomola|Wish|p1a: Alomomola
|
|-damage|p2a: Entei|9/100 brn|[from] brn
|upkeep
|turn|24
|
|t:|1760737978
|switch|p1a: Ting-Lu|Ting-Lu|100/100
|-ability|p1a: Ting-Lu|Vessel of Ruin
|move|p2a: Entei|Extreme Speed|p1a: Ting-Lu
|-damage|p1a: Ting-Lu|75/100
|
|-heal|p1a: Ting-Lu|100/100|[from] move: Wish|[wisher] Alomomola
|-damage|p2a: Entei|2/100 brn|[from] brn
|upkeep
|turn|25
|
|t:|1760737981
|switch|p1a: Alomomola|Alomomola, M|60/100
|move|p2a: Entei|Extreme Speed|p1a: Alomomola
|-damage|p1a: Alomomola|42/100
|-damage|p2a: Entei|0 fnt|[from] item: Rocky Helmet|[of] p1a: Alomomola
|faint|p2a: Entei
|
|upkeep
|l|☆luca1996
|inactive|luca1996 disconnected and has a minute to reconnect!
|player|p2|
|inactive|luca1996 has 30 seconds to reconnect!
|inactive|luca1996 has 20 seconds to reconnect!
|inactive|luca1996 has 15 seconds to reconnect!
|inactive|luca1996 has 10 seconds to reconnect!
|inactive|luca1996 has 5 seconds to reconnect!
|-message|luca1996 lost due to inactivity.
|
|win|xpoke94
|raw|xpoke94's rating: 1409 &rarr; <strong>1427</strong><br />(+18 for winning)
|raw|luca1996's rating: 1381 &rarr; <strong>1363</strong><br />(-18 for losing)
|l|☆xpoke94
|player|p1|
