|j|☆jump133
|j|☆It's classified
|t:|1760851914
|gametype|singles
|player|p1|jump133|dawn-gen4pt|1373
|player|p2|It's classified|argenta|1368
|gen|9
|tier|[Gen 9] OU
|rated|
|rule|HP Percentage Mod: HP is shown in percentages
|rule|Endless Battle Clause: Forcing endless battles is banned
|rule|Species Clause: Limit one of each Pokémon
|rule|OHKO Clause: OHKO moves are banned
|rule|Evasion Items Clause: Evasion items are banned
|rule|Evasion Moves Clause: Evasion moves are banned
|rule|Evasion Abilities Clause: Evasion abilities are banned
|rule|Sleep Moves Clause: Sleep-inducing moves are banned
|clearpoke
|poke|p1|Ogerpon-Wellspring, F|
|poke|p1|Garganacl, F|
|poke|p1|Zamazenta-*|
|poke|p1|Slowking-Galar, M|
|poke|p1|Kyurem|
|poke|p1|Raging Bolt|
|poke|p2|Deoxys-Speed|
|poke|p2|Dragonite, M|
|poke|p2|Iron Treads|
|poke|p2|Moltres|
|poke|p2|Iron Valiant|
|poke|p2|Ogerpon-Wellspring, F|
|teampreview
|inactive|Battle timer is ON: inactive players will automatically lose when time's up. (requested by It's classified)
|inactive|jump133 has 120 seconds left.
|inactive|It's classified has 120 seconds left.
|
|t:|1760851949
|teamsize|p1|6
|teamsize|p2|6
|start
|switch|p1a: Garganacl|Garganacl, F|100/100
|switch|p2a: Ogerpon|Ogerpon-Wellspring, F|100/100
|turn|1
|
|t:|1760851957
|move|p2a: Ogerpon|Knock Off|p1a: Garganacl
|-damage|p1a: Garganacl|76/100
|-enditem|p1a: Garganacl|Leftovers|[from] move: Knock Off|[of] p2a: Ogerpon
|move|p1a: Garganacl|Salt Cure|p2a: Ogerpon
|-damage|p2a: Ogerpon|83/100
|-start|p2a: Ogerpon|Salt Cure
|
|-damage|p2a: Ogerpon|58/100|[from] Salt Cure
|upkeep
|turn|2
|
|t:|1760851971
|switch|p2a: Iron Treads|Iron Treads|100/100
|move|p1a: Garganacl|Recover|p1a: Garganacl
|-heal|p1a: Garganacl|100/100
|
|upkeep
|turn|3
|
|t:|1760852000
|switch|p1a: Zamazenta|Zamazenta|100/100
|-ability|p1a: Zamazenta|Dauntless Shield|boost
|-boost|p1a: Zamazenta|def|1
|move|p2a: Iron Treads|Stealth Rock|p1a: Zamazenta
|-sidestart|p1: jump133|move: Stealth Rock
|
|upkeep
|turn|4
|
|t:|1760852007
|-end|p2a: Iron Treads|Quark Drive|[silent]
|switch|p2a: Moltres|Moltres|100/100
|move|p1a: Zamazenta|Iron Defense|p1a: Zamazenta
|-boost|p1a: Zamazenta|def|2
|
|upkeep
|turn|5
|
|t:|1760852013
|move|p1a: Zamazenta|Substitute|p1a: Zamazenta
|-start|p1a: Zamazenta|Substitute
|-damage|p1a: Zamazenta|75/100
|move|p2a: Moltres|Roar|p1a: Zamazenta
|drag|p1a: Garganacl|Garganacl, F|100/100
|-damage|p1a: Garganacl|88/100|[from] Stealth Rock
|
|upkeep
|turn|6
|
|t:|1760852028
|-terastallize|p2a: Moltres|Fairy
|move|p2a: Moltres|U-turn|p1a: Garganacl
|-damage|p1a: Garganacl|78/100
|
|t:|1760852034
|switch|p2a: Deoxys|Deoxys-Speed|100/100|[from] U-turn
|-ability|p2a: Deoxys|Pressure
|move|p1a: Garganacl|Stealth Rock|p2a: Deoxys
|-sidestart|p2: It's classified|move: Stealth Rock
|
|upkeep
|turn|7
|
|t:|1760852043
|move|p2a: Deoxys|Superpower|p1a: Garganacl
|-supereffective|p1a: Garganacl
|-crit|p1a: Garganacl
|-damage|p1a: Garganacl|17/100
|-unboost|p2a: Deoxys|atk|1
|-unboost|p2a: Deoxys|def|1
|move|p1a: Garganacl|Salt Cure|p2a: Deoxys
|-crit|p2a: Deoxys
|-damage|p2a: Deoxys|53/100
|-start|p2a: Deoxys|Salt Cure
|
|-damage|p2a: Deoxys|40/100|[from] Salt Cure
|upkeep
|turn|8
|
|t:|1760852056
|move|p1a: Garganacl|Protect|p1a: Garganacl
|-singleturn|p1a: Garganacl|Protect
|move|p2a: Deoxys|Psycho Boost|p1a: Garganacl
|-activate|p1a: Garganacl|move: Protect
|
|-damage|p2a: Deoxys|28/100|[from] Salt Cure
|upkeep
|turn|9
|
|t:|1760852065
|move|p2a: Deoxys|Psycho Boost|p1a: Garganacl
|-damage|p1a: Garganacl|0 fnt
|-unboost|p2a: Deoxys|spa|2
|faint|p1a: Garganacl
|
|-damage|p2a: Deoxys|15/100|[from] Salt Cure
|upkeep
|
|t:|1760852077
|switch|p1a: Raging Bolt|Raging Bolt|100/100
|-damage|p1a: Raging Bolt|88/100|[from] Stealth Rock
|-enditem|p1a: Raging Bolt|Booster Energy
|-activate|p1a: Raging Bolt|ability: Protosynthesis|[fromitem]
|-start|p1a: Raging Bolt|protosynthesisspa
|turn|10
|
|t:|1760852081
|switch|p2a: Iron Treads|Iron Treads|100/100
|-damage|p2a: Iron Treads|98/100|[from] Stealth Rock
|move|p1a: Raging Bolt|Thunderclap||[still]
|-fail|p1a: Raging Bolt
|
|-heal|p2a: Iron Treads|100/100|[from] item: Leftovers
|upkeep
|turn|11
|
|t:|1760852091
|-end|p1a: Raging Bolt|Protosynthesis|[silent]
|switch|p1a: Zamazenta|Zamazenta|75/100
|-damage|p1a: Zamazenta|69/100|[from] Stealth Rock
|move|p2a: Iron Treads|Rapid Spin|p1a: Zamazenta
|-crit|p1a: Zamazenta
|-damage|p1a: Zamazenta|55/100
|-boost|p2a: Iron Treads|spe|1
|-sideend|p2: It's classified|Stealth Rock|[from] move: Rapid Spin|[of] p2a: Iron Treads
|
|-heal|p1a: Zamazenta|62/100|[from] item: Leftovers
|upkeep
|turn|12
|
|t:|1760852096
|-end|p2a: Iron Treads|Quark Drive|[silent]
|switch|p2a: Moltres|Moltres, tera:Fairy|100/100
|move|p1a: Zamazenta|Iron Defense|p1a: Zamazenta
|-boost|p1a: Zamazenta|def|2
|
|-heal|p1a: Zamazenta|68/100|[from] item: Leftovers
|upkeep
|turn|13
|
|t:|1760852101
|move|p1a: Zamazenta|Body Press|p2a: Moltres
|-resisted|p2a: Moltres
|-damage|p2a: Moltres|78/100
|move|p2a: Moltres|Flamethrower|p1a: Zamazenta
|-damage|p1a: Zamazenta|40/100
|
|-heal|p1a: Zamazenta|47/100|[from] item: Leftovers
|upkeep
|turn|14
|
|t:|1760852112
|move|p1a: Zamazenta|Iron Defense|p1a: Zamazenta
|-boost|p1a: Zamazenta|def|2
|move|p2a: Moltres|U-turn|p1a: Zamazenta
|-resisted|p1a: Zamazenta
|-damage|p1a: Zamazenta|45/100
|
|t:|1760852113
|switch|p2a: Deoxys|Deoxys-Speed|15/100|[from] U-turn
|-ability|p2a: Deoxys|Pressure
|
|-heal|p1a: Zamazenta|51/100|[from] item: Leftovers
|upkeep
|turn|15
|
|t:|1760852117
|move|p2a: Deoxys|Psycho Boost|p1a: Zamazenta
|-supereffective|p1a: Zamazenta
|-damage|p1a: Zamazenta|0 fnt
|-unboost|p2a: Deoxys|spa|2
|faint|p1a: Zamazenta
|
|upkeep
|
|t:|1760852129
|switch|p1a: Slowking|Slowking-Galar, M|100/100
|turn|16
|
|t:|1760852133
|move|p2a: Deoxys|Knock Off|p1a: Slowking
|-supereffective|p1a: Slowking
|-damage|p1a: Slowking|52/100
|-enditem|p1a: Slowking|Heavy-Duty Boots|[from] move: Knock Off|[of] p2a: Deoxys
|move|p1a: Slowking|Thunder Wave|p2a: Deoxys
|-status|p2a: Deoxys|par
|
|upkeep
|turn|17
|
|t:|1760852146
|cant|p2a: Deoxys|par
|move|p1a: Slowking|Sludge Bomb|p2a: Deoxys
|-damage|p2a: Deoxys|0 fnt
|faint|p2a: Deoxys
|
|upkeep
|
|t:|1760852150
|switch|p2a: Iron Treads|Iron Treads|100/100
|turn|18
|inactive|jump133 has 120 seconds left.
|
|t:|1760852189
|move|p2a: Iron Treads|Earthquake|p1a: Slowking
|-supereffective|p1a: Slowking
|-damage|p1a: Slowking|0 fnt
|faint|p1a: Slowking
|
|upkeep
|inactive|jump133 has 120 seconds left.
|
|t:|1760852206
|switch|p1a: Kyurem|Kyurem|100/100
|-damage|p1a: Kyurem|76/100|[from] Stealth Rock
|-ability|p1a: Kyurem|Pressure
|turn|19
|
|t:|1760852220
|-end|p2a: Iron Treads|Quark Drive|[silent]
|switch|p2a: Ogerpon|Ogerpon-Wellspring, F|58/100
|move|p1a: Kyurem|Freeze-Dry|p2a: Ogerpon
|-supereffective|p2a: Ogerpon
|-damage|p2a: Ogerpon|0 fnt
|faint|p2a: Ogerpon
|
|upkeep
|
|t:|1760852234
|switch|p2a: Iron Treads|Iron Treads|100/100
|turn|20
|
|t:|1760852237
|move|p1a: Kyurem|Freeze-Dry|p2a: Iron Treads
|-damage|p2a: Iron Treads|56/100
|move|p2a: Iron Treads|Earthquake|p1a: Kyurem
|-damage|p1a: Kyurem|39/100
|
|-heal|p2a: Iron Treads|62/100|[from] item: Leftovers
|upkeep
|turn|21
|
|t:|1760852240
|-terastallize|p1a: Kyurem|Ice
|move|p1a: Kyurem|Freeze-Dry|p2a: Iron Treads
|-damage|p2a: Iron Treads|6/100
|move|p2a: Iron Treads|Earthquake|p1a: Kyurem
|-crit|p1a: Kyurem
|-damage|p1a: Kyurem|0 fnt
|faint|p1a: Kyurem
|
|-heal|p2a: Iron Treads|12/100|[from] item: Leftovers
|upkeep
|
|t:|1760852247
|switch|p1a: Ogerpon|Ogerpon-Wellspring, F|100/100
|-damage|p1a: Ogerpon|88/100|[from] Stealth Rock
|turn|22
|
|t:|1760852251
|move|p1a: Ogerpon|Swords Dance|p1a: Ogerpon
|-boost|p1a: Ogerpon|atk|2
|move|p2a: Iron Treads|Earthquake|p1a: Ogerpon
|-resisted|p1a: Ogerpon
|-damage|p1a: Ogerpon|62/100
|
|-heal|p2a: Iron Treads|18/100|[from] item: Leftovers
|upkeep
|turn|23
|
|t:|1760852256
|move|p1a: Ogerpon|Trailblaze|p2a: Iron Treads
|-damage|p2a: Iron Treads|0 fnt
|-boost|p1a: Ogerpon|spe|1
|faint|p2a: Iron Treads
|-end|p2a: Iron Treads|Quark Drive|[silent]
|
|upkeep
|
|t:|1760852258
|switch|p2a: Dragonite|Dragonite, M|100/100
|turn|24
|
|t:|1760852262
|move|p2a: Dragonite|Extreme Speed|p1a: Ogerpon
|-damage|p1a: Ogerpon|18/100
|move|p1a: Ogerpon|Ivy Cudgel|p2a: Dragonite|[anim] Ivy Cudgel Water
|-resisted|p2a: Dragonite
|-damage|p2a: Dragonite|66/100
|
|upkeep
|turn|25
|
|t:|1760852267
|move|p2a: Dragonite|Extreme Speed|p1a: Ogerpon
|-damage|p1a: Ogerpon|0 fnt
|faint|p1a: Ogerpon
|
|upkeep
|
|t:|1760852269
|switch|p1a: Raging Bolt|Raging Bolt|88/100
|-damage|p1a: Raging Bolt|76/100|[from] Stealth Rock
|turn|26
|
|t:|1760852275
|move|p2a: Dragonite|Earthquake|p1a: Raging Bolt
|-supereffective|p1a: Raging Bolt
|-damage|p1a: Raging Bolt|2/100
|move|p1a: Raging Bolt|Thunderbolt|p2a: Dragonite
|-damage|p2a: Dragonite|10/100
|
|upkeep
|turn|27
|
|t:|1760852277
|move|p2a: Dragonite|Extreme Speed|p1a: Raging Bolt
|-damage|p1a: Raging Bolt|0 fnt
|faint|p1a: Raging Bolt
|-end|p1a: Raging Bolt|Protosynthesis|[silent]
|
|win|It's classified
|raw|jump133's rating: 1373 &rarr; <strong>1353</strong><br />(-20 for losing)
|raw|It&apos;s classified's rating: 1368 &rarr; <strong>1388</strong><br />(+20 for winning)
|l|☆jump133
|player|p1|
