|j|☆WeR#4Hay!
|j|☆a19a19
|t:|1760807811
|gametype|singles
|player|p1|WeR#4Hay!|170|1524
|player|p2|a19a19|red|1570
|gen|9
|tier|[Gen 9] OU
|rated|
|rule|HP Percentage Mod: HP is shown in percentages
|rule|Endless Battle Clause: Forcing endless battles is banned
|rule|Species Clause: Limit one of each Pokémon
|rule|OHKO Clause: OHKO moves are banned
|rule|Evasion Items Clause: Evasion items are banned
|rule|Evasion Moves Clause: Evasion moves are banned
|rule|Evasion Abilities Clause: Evasion abilities are banned
|rule|Sleep Moves Clause: Sleep-inducing moves are banned
|clearpoke
|poke|p1|Lycanroc-Dusk, F|
|poke|p1|Volcanion|
|poke|p1|Corviknight, F|
|poke|p1|Great Tusk|
|poke|p1|Slowking-Galar, F|
|poke|p1|Darkrai|
|poke|p2|Raging Bolt|
|poke|p2|Iron Treads|
|poke|p2|Ting-Lu|
|poke|p2|Gholdengo|
|poke|p2|Zamazenta-*|
|poke|p2|Tornadus-Therian, M|
|teampreview
|inactive|Battle timer is ON: inactive players will automatically lose when time's up. (requested by a19a19)
|
|t:|1760807823
|teamsize|p1|6
|teamsize|p2|6
|start
|switch|p1a: Kagami Hiiragi|Volcanion|100/100
|switch|p2a: Tornadus|Tornadus-Therian, M|100/100
|turn|1
|
|t:|1760807836
|switch|p2a: Raging Bolt|Raging Bolt|100/100
|-enditem|p2a: Raging Bolt|Booster Energy
|-activate|p2a: Raging Bolt|ability: Protosynthesis|[fromitem]
|-start|p2a: Raging Bolt|protosynthesisspa
|move|p1a: Kagami Hiiragi|Steam Eruption|p2a: Raging Bolt
|-resisted|p2a: Raging Bolt
|-damage|p2a: Raging Bolt|76/100
|
|upkeep
|turn|2
|
|t:|1760807845
|switch|p1a: Konata Izumi|Slowking-Galar, F|100/100
|move|p2a: Raging Bolt|Calm Mind|p2a: Raging Bolt
|-boost|p2a: Raging Bolt|spa|1
|-boost|p2a: Raging Bolt|spd|1
|
|upkeep
|turn|3
|
|t:|1760807852
|move|p2a: Raging Bolt|Dragon Pulse|p1a: Konata Izumi
|-damage|p1a: Konata Izumi|45/100
|move|p1a: Konata Izumi|Sludge Bomb|p2a: Raging Bolt
|-damage|p2a: Raging Bolt|59/100
|
|upkeep
|turn|4
|
|t:|1760807863
|switch|p1a: Miyuki Takara|Corviknight, F|100/100
|-ability|p1a: Miyuki Takara|Pressure
|move|p2a: Raging Bolt|Thunderbolt|p1a: Miyuki Takara
|-supereffective|p1a: Miyuki Takara
|-damage|p1a: Miyuki Takara|0 fnt
|faint|p1a: Miyuki Takara
|
|upkeep
|
|t:|1760807865
|switch|p1a: Minoru Shiraishi|Great Tusk|100/100
|turn|5
|
|t:|1760807875
|-terastallize|p2a: Raging Bolt|Fairy
|move|p1a: Minoru Shiraishi|Headlong Rush|p2a: Raging Bolt
|-damage|p2a: Raging Bolt|9/100
|-unboost|p1a: Minoru Shiraishi|def|1
|-unboost|p1a: Minoru Shiraishi|spd|1
|move|p2a: Raging Bolt|Dragon Pulse|p1a: Minoru Shiraishi
|-damage|p1a: Minoru Shiraishi|0 fnt
|faint|p1a: Minoru Shiraishi
|-end|p1a: Minoru Shiraishi|Protosynthesis|[silent]
|
|upkeep
|
|t:|1760807887
|switch|p1a: Akira Kogami|Lycanroc-Dusk, F|100/100
|turn|6
|
|t:|1760807895
|-end|p2a: Raging Bolt|Protosynthesis|[silent]
|switch|p2a: Ting-Lu|Ting-Lu|100/100
|-ability|p2a: Ting-Lu|Vessel of Ruin
|move|p1a: Akira Kogami|Accelerock|p2a: Ting-Lu
|-resisted|p2a: Ting-Lu
|-damage|p2a: Ting-Lu|90/100
|
|upkeep
|turn|7
|
|t:|1760807903
|switch|p1a: Kagami Hiiragi|Volcanion|100/100
|move|p2a: Ting-Lu|Earthquake|p1a: Kagami Hiiragi
|-supereffective|p1a: Kagami Hiiragi
|-damage|p1a: Kagami Hiiragi|26/100
|
|upkeep
|turn|8
|
|t:|1760807919
|switch|p2a: Zamazenta|Zamazenta|100/100
|-ability|p2a: Zamazenta|Dauntless Shield|boost
|-boost|p2a: Zamazenta|def|1
|move|p1a: Kagami Hiiragi|Steam Eruption|p2a: Zamazenta
|-damage|p2a: Zamazenta|43/100
|-status|p2a: Zamazenta|brn
|
|-heal|p2a: Zamazenta|49/100 brn|[from] item: Leftovers
|-damage|p2a: Zamazenta|43/100 brn|[from] brn
|upkeep
|turn|9
|
|t:|1760807932
|switch|p1a: Konata Izumi|Slowking-Galar, F|79/100
|move|p2a: Zamazenta|Crunch|p1a: Konata Izumi
|-supereffective|p1a: Konata Izumi
|-crit|p1a: Konata Izumi
|-damage|p1a: Konata Izumi|55/100
|
|-heal|p2a: Zamazenta|49/100 brn|[from] item: Leftovers
|-damage|p2a: Zamazenta|43/100 brn|[from] brn
|upkeep
|turn|10
|
|t:|1760807942
|switch|p1a: Kagami Hiiragi|Volcanion|26/100
|move|p2a: Zamazenta|Iron Defense|p2a: Zamazenta
|-boost|p2a: Zamazenta|def|2
|
|-heal|p2a: Zamazenta|49/100 brn|[from] item: Leftovers
|-damage|p2a: Zamazenta|43/100 brn|[from] brn
|upkeep
|turn|11
|
|t:|1760807951
|switch|p1a: Konata Izumi|Slowking-Galar, F|88/100
|move|p2a: Zamazenta|Body Press|p1a: Konata Izumi
|-resisted|p1a: Konata Izumi
|-damage|p1a: Konata Izumi|79/100
|
|-heal|p2a: Zamazenta|49/100 brn|[from] item: Leftovers
|-damage|p2a: Zamazenta|43/100 brn|[from] brn
|upkeep
|turn|12
|
|t:|1760807961
|switch|p2a: Iron Treads|Iron Treads|100/100
|-enditem|p2a: Iron Treads|Booster Energy
|-activate|p2a: Iron Treads|ability: Quark Drive|[fromitem]
|-start|p2a: Iron Treads|quarkdrivespe
|move|p1a: Konata Izumi|Psychic Noise|p2a: Iron Treads
|-resisted|p2a: Iron Treads
|-damage|p2a: Iron Treads|83/100
|-start|p2a: Iron Treads|move: Heal Block
|
|upkeep
|turn|13
|
|t:|1760807972
|move|p2a: Iron Treads|Earthquake|p1a: Konata Izumi
|-supereffective|p1a: Konata Izumi
|-damage|p1a: Konata Izumi|16/100
|move|p1a: Konata Izumi|Flamethrower|p2a: Iron Treads
|-supereffective|p2a: Iron Treads
|-damage|p2a: Iron Treads|19/100
|
|-end|p2a: Iron Treads|move: Heal Block
|upkeep
|turn|14
|
|t:|1760807981
|switch|p1a: Tsukasa Hiiragi|Darkrai|100/100
|move|p2a: Iron Treads|Earthquake|p1a: Tsukasa Hiiragi
|-crit|p1a: Tsukasa Hiiragi
|-damage|p1a: Tsukasa Hiiragi|14/100
|
|upkeep
|turn|15
|
|t:|1760807988
|move|p1a: Tsukasa Hiiragi|Dark Pulse|p2a: Iron Treads
|-damage|p2a: Iron Treads|0 fnt
|faint|p2a: Iron Treads
|-end|p2a: Iron Treads|Quark Drive|[silent]
|
|upkeep
|
|t:|1760807994
|switch|p2a: Ting-Lu|Ting-Lu|90/100
|-ability|p2a: Ting-Lu|Vessel of Ruin
|turn|16
|
|t:|1760808000
|move|p1a: Tsukasa Hiiragi|Dark Pulse|p2a: Ting-Lu
|-resisted|p2a: Ting-Lu
|-damage|p2a: Ting-Lu|77/100
|cant|p2a: Ting-Lu|flinch
|
|upkeep
|turn|17
|
|t:|1760808006
|move|p1a: Tsukasa Hiiragi|Dark Pulse|p2a: Ting-Lu
|-resisted|p2a: Ting-Lu
|-damage|p2a: Ting-Lu|67/100
|move|p2a: Ting-Lu|Earthquake|p1a: Tsukasa Hiiragi
|-damage|p1a: Tsukasa Hiiragi|0 fnt
|faint|p1a: Tsukasa Hiiragi
|
|upkeep
|
|t:|1760808009
|switch|p1a: Kagami Hiiragi|Volcanion|26/100
|turn|18
|
|t:|1760808027
|move|p1a: Kagami Hiiragi|Steam Eruption|p2a: Ting-Lu
|-supereffective|p2a: Ting-Lu
|-damage|p2a: Ting-Lu|0 fnt
|faint|p2a: Ting-Lu
|
|upkeep
|
|t:|1760808033
|switch|p2a: Tornadus|Tornadus-Therian, M|100/100
|turn|19
|
|t:|1760808045
|move|p2a: Tornadus|Dark Pulse|p1a: Kagami Hiiragi
|-damage|p1a: Kagami Hiiragi|0 fnt
|faint|p1a: Kagami Hiiragi
|-damage|p2a: Tornadus|91/100|[from] item: Life Orb
|
|upkeep
|
|t:|1760808048
|switch|p1a: Akira Kogami|Lycanroc-Dusk, F|100/100
|turn|20
|inactive|WeR#4Hay! has 120 seconds left.
|
|t:|1760808080
|switch|p2a: Raging Bolt|Raging Bolt, tera:Fairy|9/100
|-terastallize|p1a: Akira Kogami|Rock
|move|p1a: Akira Kogami|Accelerock|p2a: Raging Bolt
|-damage|p2a: Raging Bolt|0 fnt
|faint|p2a: Raging Bolt
|-end|p2a: Raging Bolt|Protosynthesis|[silent]
|
|upkeep
|
|t:|1760808089
|switch|p2a: Gholdengo|Gholdengo|100/100
|-item|p2a: Gholdengo|Air Balloon
|turn|21
|
|t:|1760808098
|switch|p1a: Konata Izumi|Slowking-Galar, F|49/100
|move|p2a: Gholdengo|Make It Rain|p1a: Konata Izumi
|-damage|p1a: Konata Izumi|17/100
|-unboost|p2a: Gholdengo|spa|1
|
|upkeep
|turn|22
|
|t:|1760808110
|move|p2a: Gholdengo|Make It Rain|p1a: Konata Izumi
|-damage|p1a: Konata Izumi|0 fnt
|-unboost|p2a: Gholdengo|spa|1
|faint|p1a: Konata Izumi
|
|upkeep
|
|t:|1760808111
|switch|p1a: Akira Kogami|Lycanroc-Dusk, F, tera:Rock|100/100
|turn|23
|
|t:|1760808123
|switch|p2a: Tornadus|Tornadus-Therian, M|100/100
|move|p1a: Akira Kogami|Crunch|p2a: Tornadus
|-damage|p2a: Tornadus|20/100
|
|upkeep
|turn|24
|
|t:|1760808130
|move|p2a: Tornadus|Dark Pulse|p1a: Akira Kogami
|-damage|p1a: Akira Kogami|44/100
|-damage|p2a: Tornadus|10/100|[from] item: Life Orb
|move|p1a: Akira Kogami|Crunch|p2a: Tornadus
|-damage|p2a: Tornadus|0 fnt
|faint|p2a: Tornadus
|
|upkeep
|
|t:|1760808139
|switch|p2a: Zamazenta|Zamazenta|43/100 brn
|turn|25
|
|t:|1760808145
|move|p2a: Zamazenta|Iron Defense|p2a: Zamazenta
|-boost|p2a: Zamazenta|def|2
|move|p1a: Akira Kogami|Crunch|p2a: Zamazenta
|-resisted|p2a: Zamazenta
|-damage|p2a: Zamazenta|32/100 brn
|
|-heal|p2a: Zamazenta|38/100 brn|[from] item: Leftovers
|-damage|p2a: Zamazenta|32/100 brn|[from] brn
|upkeep
|turn|26
|c|☆WeR#4Hay!|gg
|
|t:|1760808155
|move|p2a: Zamazenta|Body Press|p1a: Akira Kogami
|-supereffective|p1a: Akira Kogami
|-damage|p1a: Akira Kogami|0 fnt
|faint|p1a: Akira Kogami
|
|win|a19a19
|raw|WeR#4Hay!'s rating: 1524 &rarr; <strong>1507</strong><br />(-17 for losing)
|raw|a19a19's rating: 1570 &rarr; <strong>1587</strong><br />(+17 for winning)
|l|☆a19a19
|player|p2|
