|j|☆Legionarwar
|j|☆Charthraxis27
|t:|1760856555
|gametype|singles
|player|p1|Legionarwar|marlon|1125
|player|p2|Charthraxis27|lucas|1144
|gen|9
|tier|[Gen 9] OU
|rated|
|rule|HP Percentage Mod: HP is shown in percentages
|rule|Endless Battle Clause: Forcing endless battles is banned
|rule|Species Clause: Limit one of each Pokémon
|rule|OHKO Clause: OHKO moves are banned
|rule|Evasion Items Clause: Evasion items are banned
|rule|Evasion Moves Clause: Evasion moves are banned
|rule|Evasion Abilities Clause: Evasion abilities are banned
|rule|Sleep Moves Clause: Sleep-inducing moves are banned
|clearpoke
|poke|p1|Iron Treads|
|poke|p1|Lilligant-Hisui, F|
|poke|p1|Galvantula, M|
|poke|p1|Cinderace, F|
|poke|p1|Inteleon, M|
|poke|p1|Kilowattrel, M|
|poke|p2|Zoroark-Hisui, F|
|poke|p2|Ursaluna, F|
|poke|p2|Galvantula, M|
|poke|p2|Corviknight, F|
|poke|p2|Incineroar, M|
|poke|p2|Gyarados, F|
|teampreview
|inactive|Battle timer is ON: inactive players will automatically lose when time's up. (requested by Legionarwar)
|
|t:|1760856567
|teamsize|p1|6
|teamsize|p2|6
|start
|switch|p1a: Iron Treads|Iron Treads|100/100
|switch|p2a: Galvantula|Galvantula, M|100/100
|-enditem|p1a: Iron Treads|Booster Energy
|-activate|p1a: Iron Treads|ability: Quark Drive|[fromitem]
|-start|p1a: Iron Treads|quarkdriveatk
|turn|1
|
|t:|1760856597
|move|p2a: Galvantula|Energy Ball|p1a: Iron Treads
|-crit|p1a: Iron Treads
|-damage|p1a: Iron Treads|47/100
|move|p1a: Iron Treads|Rapid Spin|p2a: Galvantula
|-damage|p2a: Galvantula|57/100
|-boost|p1a: Iron Treads|spe|1
|
|upkeep
|turn|2
|inactive|Charthraxis27 has 120 seconds left.
|
|t:|1760856614
|move|p1a: Iron Treads|Earthquake|p2a: Galvantula
|-crit|p2a: Galvantula
|-damage|p2a: Galvantula|0 fnt
|faint|p2a: Galvantula
|
|upkeep
|inactive|Charthraxis27 has 120 seconds left.
|
|t:|1760856623
|switch|p2a: Gyarados|Gyarados, F|100/100
|turn|3
|
|t:|1760856638
|move|p1a: Iron Treads|Ice Spinner|p2a: Gyarados
|-damage|p2a: Gyarados|22/100
|replace|p2a: Zoroark|Zoroark-Hisui, F
|-end|p2a: Zoroark|Illusion
|move|p2a: Zoroark|Nasty Plot|p2a: Zoroark
|-boost|p2a: Zoroark|spa|2
|
|upkeep
|turn|4
|
|t:|1760856650
|move|p1a: Iron Treads|Iron Head|p2a: Zoroark
|-damage|p2a: Zoroark|0 fnt
|faint|p2a: Zoroark
|
|upkeep
|
|t:|1760856656
|switch|p2a: Incineroar|Incineroar, M|100/100
|-ability|p2a: Incineroar|Intimidate|boost
|-unboost|p1a: Iron Treads|atk|1
|turn|5
|
|t:|1760856665
|move|p1a: Iron Treads|Earthquake|p2a: Incineroar
|-supereffective|p2a: Incineroar
|-damage|p2a: Incineroar|35/100
|-enditem|p2a: Incineroar|Sitrus Berry|[eat]
|-heal|p2a: Incineroar|59/100|[from] item: Sitrus Berry
|move|p2a: Incineroar|Flare Blitz|p1a: Iron Treads
|-supereffective|p1a: Iron Treads
|-damage|p1a: Iron Treads|0 fnt
|faint|p1a: Iron Treads
|-end|p1a: Iron Treads|Quark Drive|[silent]
|-damage|p2a: Incineroar|47/100|[from] Recoil
|
|upkeep
|
|t:|1760856691
|switch|p1a: Galvantula|Galvantula, M|100/100
|turn|6
|
|t:|1760856701
|move|p1a: Galvantula|Thunder|p2a: Incineroar
|-damage|p2a: Incineroar|2/100
|move|p2a: Incineroar|Flare Blitz|p1a: Galvantula
|-supereffective|p1a: Galvantula
|-enditem|p1a: Galvantula|Focus Sash
|-damage|p1a: Galvantula|1/100
|-damage|p2a: Incineroar|0 fnt|[from] Recoil
|faint|p2a: Incineroar
|
|upkeep
|
|t:|1760856712
|switch|p2a: Gyarados|Gyarados, F|100/100
|turn|7
|
|t:|1760856720
|move|p1a: Galvantula|Thunder|p2a: Gyarados
|-supereffective|p2a: Gyarados
|-damage|p2a: Gyarados|0 fnt
|faint|p2a: Gyarados
|
|upkeep
|
|t:|1760856725
|switch|p2a: Corviknight|Corviknight, F|100/100
|turn|8
|
|t:|1760856730
|move|p1a: Galvantula|Thunder|p2a: Corviknight
|-supereffective|p2a: Corviknight
|-damage|p2a: Corviknight|7/100
|move|p2a: Corviknight|U-turn|p1a: Galvantula
|-damage|p1a: Galvantula|0 fnt
|faint|p1a: Galvantula
|
|t:|1760856737
|switch|p2a: Ursaluna|Ursaluna, F|100/100|[from] U-turn
|
|-status|p2a: Ursaluna|brn|[from] item: Flame Orb
|upkeep
|
|t:|1760856751
|switch|p1a: Cinderace|Cinderace, F|100/100
|turn|9
|
|t:|1760856754
|-terastallize|p1a: Cinderace|Fire
|move|p1a: Cinderace|Pyro Ball|p2a: Ursaluna|[miss]
|-miss|p1a: Cinderace|p2a: Ursaluna
|move|p2a: Ursaluna|Swords Dance|p2a: Ursaluna
|-boost|p2a: Ursaluna|atk|2
|
|-damage|p2a: Ursaluna|94/100 brn|[from] brn
|upkeep
|turn|10
|
|t:|1760856764
|move|p1a: Cinderace|Pyro Ball|p2a: Ursaluna
|-damage|p2a: Ursaluna|21/100 brn
|-damage|p1a: Cinderace|91/100|[from] item: Life Orb
|move|p2a: Ursaluna|Facade|p1a: Cinderace
|-damage|p1a: Cinderace|0 fnt
|faint|p1a: Cinderace
|
|-damage|p2a: Ursaluna|15/100 brn|[from] brn
|upkeep
|
|t:|1760856766
|switch|p1a: Inteleon|Inteleon, M|100/100
|turn|11
|
|t:|1760856774
|move|p1a: Inteleon|Ice Beam|p2a: Ursaluna
|-supereffective|p2a: Ursaluna
|-damage|p2a: Ursaluna|0 fnt
|faint|p2a: Ursaluna
|
|upkeep
|
|t:|1760856779
|switch|p2a: Corviknight|Corviknight, F|7/100
|turn|12
|
|t:|1760856783
|move|p1a: Inteleon|Ice Beam|p2a: Corviknight
|-damage|p2a: Corviknight|0 fnt
|faint|p2a: Corviknight
|
|win|Legionarwar
|raw|Legionarwar's rating: 1125 &rarr; <strong>1151</strong><br />(+26 for winning)
|raw|Charthraxis27's rating: 1144 &rarr; <strong>1118</strong><br />(-26 for losing)
|l|☆Legionarwar
|player|p1|
|l|☆Charthraxis27
|player|p2|
