|j|☆Gruntman200
|j|☆Liffehh
|t:|1760746316
|gametype|singles
|player|p1|Gruntman200|miku-ghost|1189
|player|p2|Liffehh|dawn|1213
|gen|9
|tier|[Gen 9] OU
|rated|
|rule|HP Percentage Mod: HP is shown in percentages
|rule|Endless Battle Clause: Forcing endless battles is banned
|rule|Species Clause: Limit one of each Pokémon
|rule|OHKO Clause: OHKO moves are banned
|rule|Evasion Items Clause: Evasion items are banned
|rule|Evasion Moves Clause: Evasion moves are banned
|rule|Evasion Abilities Clause: Evasion abilities are banned
|rule|Sleep Moves Clause: Sleep-inducing moves are banned
|clearpoke
|poke|p1|Ceruledge, F|
|poke|p1|Dragapult, F|
|poke|p1|Gholdengo|
|poke|p1|Darkrai|
|poke|p1|Meloetta|
|poke|p1|Polteageist|
|poke|p2|Blissey, F|
|poke|p2|Klawf, F|
|poke|p2|Corviknight, F|
|poke|p2|Toxapex, F|
|poke|p2|Dondozo, F|
|poke|p2|Gliscor, F|
|teampreview
|
|t:|1760746331
|teamsize|p1|6
|teamsize|p2|6
|start
|switch|p1a: Meloetta|Meloetta|100/100
|switch|p2a: Klawf|Klawf, F|100/100
|turn|1
|
|t:|1760746336
|move|p1a: Meloetta|Relic Song|p2a: Klawf
|-resisted|p2a: Klawf
|-crit|p2a: Klawf
|-damage|p2a: Klawf|62/100
|-formechange|p1a: Meloetta|Meloetta-Pirouette|[msg]
|move|p2a: Klawf|Knock Off|p1a: Meloetta
|-resisted|p1a: Meloetta
|-damage|p1a: Meloetta|88/100
|-enditem|p1a: Meloetta|Wide Lens|[from] move: Knock Off|[of] p2a: Klawf
|
|upkeep
|turn|2
|
|t:|1760746357
|switch|p2a: Toxapex|Toxapex, F|100/100
|move|p1a: Meloetta|Zen Headbutt|p2a: Toxapex
|-supereffective|p2a: Toxapex
|-damage|p2a: Toxapex|70/100
|
|upkeep
|turn|3
|
|t:|1760746362
|move|p1a: Meloetta|Zen Headbutt|p2a: Toxapex
|-supereffective|p2a: Toxapex
|-damage|p2a: Toxapex|35/100
|move|p2a: Toxapex|Toxic|p1a: Meloetta
|-status|p1a: Meloetta|tox
|
|-damage|p1a: Meloetta|81/100 tox|[from] psn
|upkeep
|turn|4
|
|t:|1760746368
|switch|p2a: Corviknight|Corviknight, F|100/100
|-ability|p2a: Corviknight|Pressure
|move|p1a: Meloetta|Triple Axel|p2a: Corviknight
|-crit|p2a: Corviknight
|-damage|p2a: Corviknight|94/100
|-damage|p1a: Meloetta|65/100 tox|[from] item: Rocky Helmet|[of] p2a: Corviknight
|-damage|p2a: Corviknight|85/100
|-damage|p1a: Meloetta|49/100 tox|[from] item: Rocky Helmet|[of] p2a: Corviknight
|-damage|p2a: Corviknight|72/100
|-damage|p1a: Meloetta|32/100 tox|[from] item: Rocky Helmet|[of] p2a: Corviknight
|-hitcount|p2a: Corviknight|3
|
|-damage|p1a: Meloetta|20/100 tox|[from] psn
|upkeep
|turn|5
|
|t:|1760746383
|move|p1a: Meloetta|Close Combat|p2a: Corviknight
|-damage|p2a: Corviknight|29/100
|-unboost|p1a: Meloetta|def|1
|-unboost|p1a: Meloetta|spd|1
|-damage|p1a: Meloetta|3/100 tox|[from] item: Rocky Helmet|[of] p2a: Corviknight
|move|p2a: Corviknight|Roost|p2a: Corviknight
|-heal|p2a: Corviknight|79/100
|-singleturn|p2a: Corviknight|move: Roost
|
|-damage|p1a: Meloetta|0 fnt|[from] psn
|faint|p1a: Meloetta
|upkeep
|
|t:|1760746390
|switch|p1a: Polteageist|Polteageist|100/100
|turn|6
|
|t:|1760746398
|move|p1a: Polteageist|Shell Smash|p1a: Polteageist
|-unboost|p1a: Polteageist|def|1
|-unboost|p1a: Polteageist|spd|1
|-boost|p1a: Polteageist|atk|2
|-boost|p1a: Polteageist|spa|2
|-boost|p1a: Polteageist|spe|2
|-enditem|p1a: Polteageist|White Herb
|-clearnegativeboost|p1a: Polteageist|[silent]
|move|p2a: Corviknight|Brave Bird|p1a: Polteageist
|-damage|p1a: Polteageist|58/100
|-start|p2a: Corviknight|Disable|Brave Bird|[from] ability: Cursed Body|[of] p1a: Polteageist
|-damage|p2a: Corviknight|68/100|[from] Recoil
|
|upkeep
|turn|7
|
|t:|1760746409
|switch|p2a: Dondozo|Dondozo, F|100/100
|move|p1a: Polteageist|Shell Smash|p1a: Polteageist
|-unboost|p1a: Polteageist|def|1
|-unboost|p1a: Polteageist|spd|1
|-boost|p1a: Polteageist|atk|2
|-boost|p1a: Polteageist|spa|2
|-boost|p1a: Polteageist|spe|2
|
|upkeep
|turn|8
|
|t:|1760746417
|move|p1a: Polteageist|Strength Sap|p2a: Dondozo
|-unboost|p2a: Dondozo|atk|1
|-heal|p1a: Polteageist|100/100
|move|p2a: Dondozo|Avalanche|p1a: Polteageist
|-damage|p1a: Polteageist|89/100
|-start|p2a: Dondozo|Disable|Avalanche|[from] ability: Cursed Body|[of] p1a: Polteageist
|
|upkeep
|turn|9
|
|t:|1760746427
|switch|p2a: Blissey|Blissey, F, shiny|100/100
|move|p1a: Polteageist|Shell Smash|p1a: Polteageist
|-unboost|p1a: Polteageist|def|1
|-unboost|p1a: Polteageist|spd|1
|-boost|p1a: Polteageist|atk|2
|-boost|p1a: Polteageist|spa|2
|-boost|p1a: Polteageist|spe|2
|
|upkeep
|turn|10
|
|t:|1760746431
|move|p1a: Polteageist|Stored Power|p2a: Blissey
|-damage|p2a: Blissey|0 fnt
|faint|p2a: Blissey
|
|upkeep
|
|t:|1760746435
|switch|p2a: Dondozo|Dondozo, F|100/100
|turn|11
|
|t:|1760746437
|move|p1a: Polteageist|Strength Sap|p2a: Dondozo
|-unboost|p2a: Dondozo|atk|1
|-heal|p1a: Polteageist|100/100
|move|p2a: Dondozo|Avalanche|p1a: Polteageist
|-damage|p1a: Polteageist|90/100
|
|upkeep
|turn|12
|
|t:|1760746450
|switch|p2a: Toxapex|Toxapex, F|69/100
|move|p1a: Polteageist|Strength Sap|p2a: Toxapex
|-unboost|p2a: Toxapex|atk|1
|-heal|p1a: Polteageist|100/100
|
|upkeep
|turn|13
|
|t:|1760746458
|switch|p2a: Dondozo|Dondozo, F|100/100
|move|p1a: Polteageist|Stored Power|p2a: Dondozo
|-damage|p2a: Dondozo|0 fnt
|faint|p2a: Dondozo
|
|upkeep
|
|t:|1760746465
|switch|p2a: Gliscor|Gliscor, F, shiny|100/100
|turn|14
|-message|Liffehh forfeited.
|
|win|Gruntman200
|raw|Gruntman200's rating: 1189 &rarr; <strong>1216</strong><br />(+27 for winning)
|raw|Liffehh's rating: 1213 &rarr; <strong>1186</strong><br />(-27 for losing)
|l|☆Liffehh
|player|p2|
|l|☆Gruntman200
|player|p1|
