|j|☆Sebee
|j|☆Jinx Havoc
|t:|1760747616
|gametype|singles
|player|p1|Sebee|101|1250
|player|p2|Jinx Havoc|rocketgruntf|1299
|gen|9
|tier|[Gen 9] OU
|rated|
|rule|HP Percentage Mod: HP is shown in percentages
|rule|Endless Battle Clause: Forcing endless battles is banned
|rule|Species Clause: Limit one of each Pokémon
|rule|OHKO Clause: OHKO moves are banned
|rule|Evasion Items Clause: Evasion items are banned
|rule|Evasion Moves Clause: Evasion moves are banned
|rule|Evasion Abilities Clause: Evasion abilities are banned
|rule|Sleep Moves Clause: Sleep-inducing moves are banned
|clearpoke
|poke|p1|Torkoal, F|
|poke|p1|Hatterene, F|
|poke|p1|Raging Bolt|
|poke|p1|Slither Wing|
|poke|p1|Venusaur, F|
|poke|p1|Walking Wake|
|poke|p2|Weezing, F|
|poke|p2|Poliwrath, F|
|poke|p2|Gengar, F|
|poke|p2|Scyther, F|
|poke|p2|Dugtrio, F|
|poke|p2|Blastoise, F|
|teampreview
|c|☆Sebee|🔥🔥🔥🔥 team
|
|t:|1760747650
|teamsize|p1|6
|teamsize|p2|6
|start
|switch|p1a: Torkoal|Torkoal, F|100/100
|switch|p2a: Peach|Gengar, F|100/100
|-weather|SunnyDay|[from] ability: Drought|[of] p1a: Torkoal
|turn|1
|c|☆Jinx Havoc|Thanks! <3
|
|t:|1760747668
|-terastallize|p2a: Peach|Ghost
|move|p2a: Peach|Shadow Ball|p1a: Torkoal
|-damage|p1a: Torkoal|0 fnt
|faint|p1a: Torkoal
|
|-weather|SunnyDay|[upkeep]
|upkeep
|
|t:|1760747678
|switch|p1a: Walking Wake|Walking Wake|100/100
|-activate|p1a: Walking Wake|ability: Protosynthesis
|-start|p1a: Walking Wake|protosynthesisspe
|turn|2
|
|t:|1760747686
|switch|p2a: Bounce|Poliwrath, F|100/100
|move|p1a: Walking Wake|Draco Meteor|p2a: Bounce
|-damage|p2a: Bounce|62/100
|-unboost|p1a: Walking Wake|spa|2
|
|-weather|SunnyDay|[upkeep]
|upkeep
|turn|3
|
|t:|1760747698
|-end|p1a: Walking Wake|Protosynthesis|[silent]
|switch|p1a: Venusaur|Venusaur, F|100/100
|move|p2a: Bounce|Knock Off|p1a: Venusaur
|-damage|p1a: Venusaur|61/100
|-enditem|p1a: Venusaur|Life Orb|[from] move: Knock Off|[of] p2a: Bounce
|
|-weather|SunnyDay|[upkeep]
|upkeep
|turn|4
|
|t:|1760747714
|switch|p2a: Sugar Crash|Scyther, F|100/100
|move|p1a: Venusaur|Growth|p1a: Venusaur
|-boost|p1a: Venusaur|atk|2
|-boost|p1a: Venusaur|spa|2
|
|-weather|SunnyDay|[upkeep]
|upkeep
|turn|5
|
|t:|1760747733
|move|p1a: Venusaur|Weather Ball|p2a: Sugar Crash
|-supereffective|p2a: Sugar Crash
|-damage|p2a: Sugar Crash|0 fnt
|faint|p2a: Sugar Crash
|
|-weather|SunnyDay|[upkeep]
|upkeep
|
|t:|1760747736
|switch|p2a: Vibe Check|Dugtrio, F|100/100
|turn|6
|
|t:|1760747739
|move|p1a: Venusaur|Giga Drain|p2a: Vibe Check
|-supereffective|p2a: Vibe Check
|-enditem|p2a: Vibe Check|Focus Sash
|-damage|p2a: Vibe Check|1/100
|-heal|p1a: Venusaur|96/100|[from] drain|[of] p2a: Vibe Check
|move|p2a: Vibe Check|Earthquake|p1a: Venusaur
|-damage|p1a: Venusaur|39/100
|
|-weather|SunnyDay|[upkeep]
|upkeep
|turn|7
|
|t:|1760747744
|move|p2a: Vibe Check|Sucker Punch|p1a: Venusaur
|-damage|p1a: Venusaur|11/100
|move|p1a: Venusaur|Giga Drain|p2a: Vibe Check
|-supereffective|p2a: Vibe Check
|-damage|p2a: Vibe Check|0 fnt
|-heal|p1a: Venusaur|11/100|[from] drain|[of] p2a: Vibe Check
|faint|p2a: Vibe Check
|
|-weather|SunnyDay|[upkeep]
|upkeep
|
|t:|1760747752
|switch|p2a: Soma|Weezing, F|100/100
|turn|8
|
|t:|1760747758
|switch|p2a: Squirts|Blastoise, F|100/100
|move|p1a: Venusaur|Weather Ball|p2a: Squirts
|-resisted|p2a: Squirts
|-damage|p2a: Squirts|75/100
|
|-weather|none
|upkeep
|turn|9
|
|t:|1760747768
|switch|p2a: Soma|Weezing, F|100/100
|move|p1a: Venusaur|Giga Drain|p2a: Soma
|-resisted|p2a: Soma
|-damage|p2a: Soma|54/100
|-heal|p1a: Venusaur|35/100|[from] drain|[of] p2a: Soma
|
|-heal|p2a: Soma|60/100|[from] item: Black Sludge
|upkeep
|turn|10
|
|t:|1760747774
|move|p1a: Venusaur|Giga Drain|p2a: Soma
|-resisted|p2a: Soma
|-damage|p2a: Soma|12/100
|-heal|p1a: Venusaur|59/100|[from] drain|[of] p2a: Soma
|move|p2a: Soma|Haze|p2a: Soma
|-clearallboost
|
|-heal|p2a: Soma|19/100|[from] item: Black Sludge
|upkeep
|turn|11
|
|t:|1760747777
|move|p1a: Venusaur|Giga Drain|p2a: Soma
|-resisted|p2a: Soma
|-damage|p2a: Soma|0 fnt
|-heal|p1a: Venusaur|69/100|[from] drain|[of] p2a: Soma
|faint|p2a: Soma
|
|upkeep
|
|t:|1760747779
|switch|p2a: Peach|Gengar, F, tera:Ghost|100/100
|turn|12
|
|t:|1760747782
|move|p2a: Peach|Shadow Ball|p1a: Venusaur
|-damage|p1a: Venusaur|0 fnt
|faint|p1a: Venusaur
|
|upkeep
|
|t:|1760747795
|switch|p1a: Slither Wing|Slither Wing|100/100
|turn|13
|
|t:|1760747807
|switch|p2a: Bounce|Poliwrath, F|62/100
|move|p1a: Slither Wing|Earthquake|p2a: Bounce
|-damage|p2a: Bounce|16/100
|
|upkeep
|turn|14
|
|t:|1760747813
|move|p1a: Slither Wing|U-turn|p2a: Bounce
|-resisted|p2a: Bounce
|-damage|p2a: Bounce|0 fnt
|faint|p2a: Bounce
|
|t:|1760747815
|-end|p1a: Slither Wing|Protosynthesis|[silent]
|switch|p1a: Hatterene|Hatterene, F|100/100|[from] U-turn
|
|upkeep
|
|t:|1760747818
|switch|p2a: Peach|Gengar, F, tera:Ghost|100/100
|turn|15
|
|t:|1760747826
|move|p2a: Peach|Shadow Ball|p1a: Hatterene
|-supereffective|p1a: Hatterene
|-damage|p1a: Hatterene|0 fnt
|faint|p1a: Hatterene
|
|upkeep
|
|t:|1760747829
|switch|p1a: Slither Wing|Slither Wing|100/100
|turn|16
|
|t:|1760747831
|move|p2a: Peach|Shadow Ball|p1a: Slither Wing
|-crit|p1a: Slither Wing
|-damage|p1a: Slither Wing|17/100
|-unboost|p1a: Slither Wing|spd|1
|move|p1a: Slither Wing|Earthquake|p2a: Peach
|-damage|p2a: Peach|18/100
|
|upkeep
|turn|17
|
|t:|1760747837
|-end|p1a: Slither Wing|Protosynthesis|[silent]
|switch|p1a: Raging Bolt|Raging Bolt|100/100
|move|p2a: Peach|Shadow Ball|p1a: Raging Bolt
|-damage|p1a: Raging Bolt|17/100
|
|upkeep
|turn|18
|
|t:|1760747841
|switch|p2a: Squirts|Blastoise, F|75/100
|move|p1a: Raging Bolt|Thunderclap||[still]
|-fail|p1a: Raging Bolt
|
|upkeep
|turn|19
|
|t:|1760747846
|move|p1a: Raging Bolt|Dragon Pulse|p2a: Squirts
|-damage|p2a: Squirts|34/100
|-damage|p1a: Raging Bolt|7/100|[from] item: Life Orb
|move|p2a: Squirts|Ice Beam|p1a: Raging Bolt
|-supereffective|p1a: Raging Bolt
|-damage|p1a: Raging Bolt|0 fnt
|faint|p1a: Raging Bolt
|-end|p1a: Raging Bolt|Protosynthesis|[silent]
|
|upkeep
|
|t:|1760747850
|switch|p1a: Slither Wing|Slither Wing|17/100
|turn|20
|
|t:|1760747853
|move|p1a: Slither Wing|First Impression|p2a: Squirts
|-damage|p2a: Squirts|0 fnt
|faint|p2a: Squirts
|
|upkeep
|
|t:|1760747855
|switch|p2a: Peach|Gengar, F, tera:Ghost|18/100
|turn|21
|
|t:|1760747857
|-end|p1a: Slither Wing|Protosynthesis|[silent]
|switch|p1a: Walking Wake|Walking Wake|100/100
|move|p2a: Peach|Shadow Ball|p1a: Walking Wake
|-crit|p1a: Walking Wake
|-damage|p1a: Walking Wake|0 fnt
|faint|p1a: Walking Wake
|-end|p1a: Walking Wake|Protosynthesis|[silent]
|
|upkeep
|
|t:|1760747858
|switch|p1a: Slither Wing|Slither Wing|17/100
|turn|22
|
|t:|1760747860
|move|p1a: Slither Wing|First Impression|p2a: Peach
|-resisted|p2a: Peach
|-damage|p2a: Peach|0 fnt
|faint|p2a: Peach
|
|win|Sebee
|raw|Sebee's rating: 1250 &rarr; <strong>1279</strong><br />(+29 for winning)
|raw|Jinx Havoc's rating: 1299 &rarr; <strong>1270</strong><br />(-29 for losing)
|c|☆Jinx Havoc|ggs
|c|☆Sebee|gg bro love ur team
|c|☆Jinx Havoc|thx thx
|l|☆Sebee
|player|p1|
|l|☆Jinx Havoc
|player|p2|
