|j|☆Raijin Zerachu
|j|☆yoyolord
|t:|1760740447
|gametype|singles
|player|p1|Raijin Zerachu|volkner|1517
|player|p2|yoyolord|169|1532
|gen|9
|tier|[Gen 9] OU
|rated|
|rule|HP Percentage Mod: HP is shown in percentages
|rule|Endless Battle Clause: Forcing endless battles is banned
|rule|Species Clause: Limit one of each Pokémon
|rule|OHKO Clause: OHKO moves are banned
|rule|Evasion Items Clause: Evasion items are banned
|rule|Evasion Moves Clause: Evasion moves are banned
|rule|Evasion Abilities Clause: Evasion abilities are banned
|rule|Sleep Moves Clause: Sleep-inducing moves are banned
|clearpoke
|poke|p1|Kilowattrel, M|
|poke|p1|Glimmora, F|
|poke|p1|Tinkaton, F|
|poke|p1|Meowscarada, F|
|poke|p1|Skeledirge, M|
|poke|p1|Quaquaval, M|
|poke|p2|Great Tusk|
|poke|p2|Heatran, M|
|poke|p2|Weavile, M|
|poke|p2|Primarina, M|
|poke|p2|Ogerpon, F|
|poke|p2|Pecharunt|
|teampreview
|inactive|Battle timer is ON: inactive players will automatically lose when time's up. (requested by Raijin Zerachu)
|
|t:|1760740459
|teamsize|p1|6
|teamsize|p2|6
|start
|switch|p1a: Selena Kyle|Meowscarada, F|100/100
|switch|p2a: Bandit|Weavile, M, shiny|100/100
|-ability|p2a: Bandit|Pressure
|turn|1
|
|t:|1760740472
|switch|p1a: Duck Season|Quaquaval, M|100/100
|switch|p2a: Overseer|Pecharunt|100/100
|
|upkeep
|turn|2
|
|t:|1760740479
|switch|p1a: Amy Rose|Tinkaton, F|100/100
|-ability|p1a: Amy Rose|Mold Breaker
|-item|p1a: Amy Rose|Air Balloon
|move|p2a: Overseer|Parting Shot|p1a: Amy Rose
|-unboost|p1a: Amy Rose|atk|1
|-unboost|p1a: Amy Rose|spa|1
|
|t:|1760740486
|switch|p2a: Chaos|Heatran, M, shiny|100/100|[from] Parting Shot
|-item|p2a: Chaos|Air Balloon
|
|upkeep
|turn|3
|
|t:|1760740496
|move|p2a: Chaos|Magma Storm|p1a: Amy Rose
|-supereffective|p1a: Amy Rose
|-damage|p1a: Amy Rose|40/100
|-activate|p1a: Amy Rose|move: Magma Storm|[of] p2a: Chaos
|-enditem|p1a: Amy Rose|Air Balloon
|move|p1a: Amy Rose|Thunder Wave|p2a: Chaos
|-status|p2a: Chaos|par
|
|-damage|p1a: Amy Rose|27/100|[from] move: Magma Storm|[partiallytrapped]
|upkeep
|turn|4
|
|t:|1760740504
|move|p1a: Amy Rose|Stealth Rock|p2a: Chaos
|-sidestart|p2: yoyolord|move: Stealth Rock
|move|p2a: Chaos|Stealth Rock|p1a: Amy Rose
|-sidestart|p1: Raijin Zerachu|move: Stealth Rock
|
|-damage|p1a: Amy Rose|15/100|[from] move: Magma Storm|[partiallytrapped]
|upkeep
|turn|5
|
|t:|1760740511
|move|p1a: Amy Rose|Encore|p2a: Chaos
|-start|p2a: Chaos|Encore
|move|p2a: Chaos|Stealth Rock||[still]
|-fail|p2a: Chaos
|
|-damage|p1a: Amy Rose|3/100|[from] move: Magma Storm|[partiallytrapped]
|upkeep
|turn|6
|
|t:|1760740519
|move|p1a: Amy Rose|Thunder Wave|p2a: Chaos
|-fail|p2a: Chaos|par
|cant|p2a: Chaos|par
|
|-damage|p1a: Amy Rose|0 fnt|[from] move: Magma Storm|[partiallytrapped]
|faint|p1a: Amy Rose
|upkeep
|
|t:|1760740534
|switch|p1a: Tox Rox|Glimmora, F|100/100
|-damage|p1a: Tox Rox|88/100|[from] Stealth Rock
|turn|7
|
|t:|1760740543
|switch|p2a: Behemoth|Great Tusk, shiny|100/100
|move|p1a: Tox Rox|Rock Polish|p1a: Tox Rox
|-boost|p1a: Tox Rox|spe|2
|
|upkeep
|turn|8
|
|t:|1760740563
|move|p1a: Tox Rox|Dazzling Gleam|p2a: Behemoth
|-supereffective|p2a: Behemoth
|-damage|p2a: Behemoth|0 fnt
|faint|p2a: Behemoth
|-end|p2a: Behemoth|Protosynthesis|[silent]
|
|upkeep
|
|t:|1760740565
|switch|p2a: Chaos|Heatran, M, shiny|100/100 par
|-damage|p2a: Chaos|88/100 par|[from] Stealth Rock
|-item|p2a: Chaos|Air Balloon
|turn|9
|
|t:|1760740582
|move|p1a: Tox Rox|Power Gem|p2a: Chaos
|-damage|p2a: Chaos|44/100 par
|-enditem|p2a: Chaos|Air Balloon
|cant|p2a: Chaos|par
|
|upkeep
|turn|10
|
|t:|1760740587
|move|p1a: Tox Rox|Earth Power|p2a: Chaos
|-supereffective|p2a: Chaos
|-damage|p2a: Chaos|0 fnt
|faint|p2a: Chaos
|
|upkeep
|
|t:|1760740590
|switch|p2a: Celestine|Primarina, M, shiny|100/100
|-damage|p2a: Celestine|88/100|[from] Stealth Rock
|turn|11
|
|t:|1760740605
|move|p1a: Tox Rox|Power Gem|p2a: Celestine
|-damage|p2a: Celestine|66/100
|move|p2a: Celestine|Psychic Noise|p1a: Tox Rox
|-supereffective|p1a: Tox Rox
|-damage|p1a: Tox Rox|0 fnt
|faint|p1a: Tox Rox
|
|upkeep
|
|t:|1760740618
|switch|p1a: Selena Kyle|Meowscarada, F|100/100
|-damage|p1a: Selena Kyle|88/100|[from] Stealth Rock
|turn|12
|
|t:|1760740630
|switch|p2a: Overseer|Pecharunt|100/100
|-damage|p2a: Overseer|88/100|[from] Stealth Rock
|move|p1a: Selena Kyle|Knock Off|p2a: Overseer
|-start|p1a: Selena Kyle|typechange|Dark|[from] ability: Protean
|-supereffective|p2a: Overseer
|-damage|p2a: Overseer|42/100
|-damage|p1a: Selena Kyle|72/100|[from] item: Rocky Helmet|[of] p2a: Overseer
|-enditem|p2a: Overseer|Rocky Helmet|[from] move: Knock Off|[of] p1a: Selena Kyle
|
|upkeep
|turn|13
|
|t:|1760740641
|move|p1a: Selena Kyle|Knock Off|p2a: Overseer
|-supereffective|p2a: Overseer
|-damage|p2a: Overseer|13/100
|move|p2a: Overseer|Recover|p2a: Overseer
|-heal|p2a: Overseer|63/100
|
|upkeep
|turn|14
|
|t:|1760740647
|switch|p1a: Crikey|Skeledirge, M|100/100
|move|p2a: Overseer|Recover|p2a: Overseer
|-heal|p2a: Overseer|100/100
|
|upkeep
|turn|15
|
|t:|1760740657
|switch|p1a: Selena Kyle|Meowscarada, F|72/100
|-damage|p1a: Selena Kyle|60/100|[from] Stealth Rock
|move|p2a: Overseer|Parting Shot|p1a: Selena Kyle
|-unboost|p1a: Selena Kyle|atk|1
|-unboost|p1a: Selena Kyle|spa|1
|j| Nikator98
|
|t:|1760740664
|switch|p2a: Anonymous|Ogerpon, F|100/100|[from] Parting Shot
|-damage|p2a: Anonymous|88/100|[from] Stealth Rock
|
|upkeep
|turn|16
|l| Nikator98
|
|t:|1760740670
|-terastallize|p2a: Anonymous|Grass
|detailschange|p2a: Anonymous|Ogerpon-Teal-Tera, F, tera:Grass
|-ability|p2a: Anonymous|Embody Aspect (Teal)|boost
|-boost|p2a: Anonymous|spe|1
|move|p1a: Selena Kyle|U-turn|p2a: Anonymous
|-start|p1a: Selena Kyle|typechange|Bug|[from] ability: Protean
|-supereffective|p2a: Anonymous
|-damage|p2a: Anonymous|36/100
|
|t:|1760740679
|switch|p1a: Crikey|Skeledirge, M|100/100|[from] U-turn
|move|p2a: Anonymous|U-turn|p1a: Crikey
|-resisted|p1a: Crikey
|-damage|p1a: Crikey|95/100
|
|t:|1760740685
|switch|p2a: Celestine|Primarina, M, shiny|66/100|[from] U-turn
|-damage|p2a: Celestine|53/100|[from] Stealth Rock
|
|upkeep
|turn|17
|
|t:|1760740710
|move|p1a: Crikey|Will-O-Wisp|p2a: Celestine
|-status|p2a: Celestine|brn
|move|p2a: Celestine|Psychic Noise|p1a: Crikey
|-supereffective|p1a: Crikey
|-damage|p1a: Crikey|16/100
|-start|p1a: Crikey|move: Heal Block
|
|-damage|p2a: Celestine|47/100 brn|[from] brn
|upkeep
|turn|18
|
|t:|1760740718
|move|p1a: Crikey|Hex|p2a: Celestine
|-damage|p2a: Celestine|21/100 brn
|move|p2a: Celestine|Moonblast|p1a: Crikey
|-resisted|p1a: Crikey
|-damage|p1a: Crikey|0 fnt
|faint|p1a: Crikey
|
|-damage|p2a: Celestine|15/100 brn|[from] brn
|upkeep
|
|t:|1760740731
|switch|p1a: Duck Season|Quaquaval, M|100/100
|turn|19
|
|t:|1760740735
|move|p1a: Duck Season|Rapid Spin|p2a: Celestine
|-damage|p2a: Celestine|0 fnt
|-boost|p1a: Duck Season|spe|1
|-sideend|p1: Raijin Zerachu|Stealth Rock|[from] move: Rapid Spin|[of] p1a: Duck Season
|faint|p2a: Celestine
|-ability|p1a: Duck Season|Moxie|boost
|-boost|p1a: Duck Season|atk|1
|
|upkeep
|
|t:|1760740739
|switch|p2a: Anonymous|Ogerpon-Teal-Tera, F, tera:Grass|36/100
|-damage|p2a: Anonymous|23/100|[from] Stealth Rock
|-ability|p2a: Anonymous|Embody Aspect (Teal)|boost
|-boost|p2a: Anonymous|spe|1
|turn|20
|
|t:|1760740760
|-terastallize|p1a: Duck Season|Fighting
|move|p2a: Anonymous|Ivy Cudgel|p1a: Duck Season
|-damage|p1a: Duck Season|0 fnt
|faint|p1a: Duck Season
|
|upkeep
|
|t:|1760740767
|switch|p1a: Selena Kyle|Meowscarada, F|60/100
|turn|21
|
|t:|1760740776
|switch|p2a: Overseer|Pecharunt|100/100
|-damage|p2a: Overseer|88/100|[from] Stealth Rock
|move|p1a: Selena Kyle|U-turn|p2a: Overseer
|-start|p1a: Selena Kyle|typechange|Bug|[from] ability: Protean
|-resisted|p2a: Overseer
|-damage|p2a: Overseer|84/100
|
|t:|1760740783
|switch|p1a: Zipdeus|Kilowattrel, M|100/100|[from] U-turn
|
|upkeep
|turn|22
|inactive|yoyolord has 120 seconds left.
|
|t:|1760740836
|switch|p2a: Anonymous|Ogerpon-Teal-Tera, F, tera:Grass|23/100
|-damage|p2a: Anonymous|11/100|[from] Stealth Rock
|-ability|p2a: Anonymous|Embody Aspect (Teal)|boost
|-boost|p2a: Anonymous|spe|1
|move|p1a: Zipdeus|Discharge|p2a: Anonymous
|-resisted|p2a: Anonymous
|-damage|p2a: Anonymous|0 fnt
|faint|p2a: Anonymous
|detailschange|p2: Anonymous|Ogerpon, F|[silent]
|
|upkeep
|
|t:|1760740837
|switch|p2a: Bandit|Weavile, M, shiny|100/100
|-damage|p2a: Bandit|76/100|[from] Stealth Rock
|-ability|p2a: Bandit|Pressure
|turn|23
|
|t:|1760740850
|move|p2a: Bandit|Knock Off|p1a: Zipdeus
|-enditem|p1a: Zipdeus|Focus Sash
|-damage|p1a: Zipdeus|1/100
|move|p1a: Zipdeus|Discharge|p2a: Bandit
|-damage|p2a: Bandit|28/100
|-status|p2a: Bandit|par
|
|upkeep
|turn|24
|
|t:|1760740865
|move|p1a: Zipdeus|Discharge|p2a: Bandit
|-damage|p2a: Bandit|0 fnt
|faint|p2a: Bandit
|
|upkeep
|
|t:|1760740867
|switch|p2a: Overseer|Pecharunt|84/100
|-damage|p2a: Overseer|72/100|[from] Stealth Rock
|turn|25
|
|t:|1760740881
|switch|p1a: Selena Kyle|Meowscarada, F|60/100
|move|p2a: Overseer|Recover|p2a: Overseer
|-heal|p2a: Overseer|100/100
|
|upkeep
|turn|26
|
|t:|1760740886
|move|p1a: Selena Kyle|Trick|p2a: Overseer
|-start|p1a: Selena Kyle|typechange|Psychic|[from] ability: Protean
|-activate|p1a: Selena Kyle|move: Trick|[of] p2a: Overseer
|-item|p2a: Overseer|Choice Scarf|[from] move: Trick
|-enditem|p1a: Selena Kyle|Choice Scarf|[silent]|[from] move: Trick
|move|p2a: Overseer|Malignant Chain|p1a: Selena Kyle
|-damage|p1a: Selena Kyle|9/100
|
|upkeep
|turn|27
|
|t:|1760740902
|move|p1a: Selena Kyle|Flower Trick|p2a: Overseer
|-resisted|p2a: Overseer
|-crit|p2a: Overseer
|-damage|p2a: Overseer|93/100
|move|p2a: Overseer|Malignant Chain|p1a: Selena Kyle
|-damage|p1a: Selena Kyle|0 fnt
|faint|p1a: Selena Kyle
|
|upkeep
|
|t:|1760740909
|switch|p1a: Zipdeus|Kilowattrel, M|1/100
|turn|28
|
|t:|1760740918
|move|p1a: Zipdeus|Air Slash|p2a: Overseer
|-damage|p2a: Overseer|62/100
|move|p2a: Overseer|Malignant Chain|p1a: Zipdeus
|-damage|p1a: Zipdeus|0 fnt
|faint|p1a: Zipdeus
|
|win|yoyolord
|raw|Raijin Zerachu's rating: 1517 &rarr; <strong>1498</strong><br />(-19 for losing)
|raw|yoyolord's rating: 1532 &rarr; <strong>1551</strong><br />(+19 for winning)
|c|☆Raijin Zerachu|gg
|l|☆Raijin Zerachu
|player|p1|
|j| Nikator98
|l| Nikator98
