|j|☆MooFarmer
|j|☆Lolproplayer
|t:|1760795045
|gametype|singles
|player|p1|MooFarmer|1|1725
|player|p2|Lolproplayer|266|1735
|gen|9
|tier|[Gen 9] OU
|rated|
|rule|HP Percentage Mod: HP is shown in percentages
|rule|Endless Battle Clause: Forcing endless battles is banned
|rule|Species Clause: Limit one of each Pokémon
|rule|OHKO Clause: OHKO moves are banned
|rule|Evasion Items Clause: Evasion items are banned
|rule|Evasion Moves Clause: Evasion moves are banned
|rule|Evasion Abilities Clause: Evasion abilities are banned
|rule|Sleep Moves Clause: Sleep-inducing moves are banned
|clearpoke
|poke|p1|Kyurem|
|poke|p1|Corviknight, M|
|poke|p1|Ting-Lu|
|poke|p1|Dondozo, F|
|poke|p1|Slowking-Galar, L99, F|
|poke|p1|Cinderace, F|
|poke|p2|Ursaluna, M|
|poke|p2|Cresselia, F|
|poke|p2|Iron Hands|
|poke|p2|Volcanion|
|poke|p2|Hatterene, F|
|poke|p2|Porygon2|
|teampreview
|inactive|Battle timer is ON: inactive players will automatically lose when time's up. (requested by Lolproplayer)
|inactive|MooFarmer has 120 seconds left.
|
|t:|1760795092
|teamsize|p1|6
|teamsize|p2|6
|start
|switch|p1a: Dondozo|Dondozo, F|100/100
|switch|p2a: Volcanion|Volcanion|100/100
|turn|1
|inactive|MooFarmer also wants the timer to be on.
|inactive|MooFarmer has 120 seconds left.
|
|t:|1760795139
|-terastallize|p2a: Volcanion|Water
|move|p2a: Volcanion|Steam Eruption|p1a: Dondozo
|-resisted|p1a: Dondozo
|-damage|p1a: Dondozo|44/100
|move|p1a: Dondozo|Body Press|p2a: Volcanion
|-damage|p2a: Volcanion|79/100
|
|-heal|p1a: Dondozo|50/100|[from] item: Leftovers
|upkeep
|turn|2
|inactive|MooFarmer has 90 seconds left.
|
|t:|1760795185
|move|p2a: Volcanion|Steam Eruption|p1a: Dondozo
|-resisted|p1a: Dondozo
|-damage|p1a: Dondozo|0 fnt
|faint|p1a: Dondozo
|
|upkeep
|inactive|MooFarmer has 60 seconds left.
|inactive|MooFarmer has 30 seconds left.
|
|t:|1760795232
|switch|p1a: Kyurem|Kyurem|100/100
|-ability|p1a: Kyurem|Pressure
|turn|3
|
|t:|1760795249
|switch|p2a: Porygon2|Porygon2|100/100
|-ability|p2a: Porygon2|Download|boost
|-boost|p2a: Porygon2|spa|1
|move|p1a: Kyurem|Freeze-Dry|p2a: Porygon2
|-damage|p2a: Porygon2|79/100
|
|upkeep
|turn|4
|
|t:|1760795260
|move|p1a: Kyurem|Protect|p1a: Kyurem
|-singleturn|p1a: Kyurem|Protect
|move|p2a: Porygon2|Tera Blast|p1a: Kyurem
|-activate|p1a: Kyurem|move: Protect
|
|upkeep
|turn|5
|
|t:|1760795268
|move|p1a: Kyurem|Freeze-Dry|p2a: Porygon2
|-damage|p2a: Porygon2|55/100
|move|p2a: Porygon2|Tera Blast|p1a: Kyurem
|-damage|p1a: Kyurem|44/100
|
|-heal|p1a: Kyurem|50/100|[from] item: Leftovers
|upkeep
|turn|6
|
|t:|1760795278
|move|p1a: Kyurem|Protect|p1a: Kyurem
|-singleturn|p1a: Kyurem|Protect
|move|p2a: Porygon2|Trick Room|p2a: Porygon2
|-fieldstart|move: Trick Room|[of] p2a: Porygon2
|
|-heal|p1a: Kyurem|56/100|[from] item: Leftovers
|upkeep
|turn|7
|
|t:|1760795291
|switch|p2a: Ursaluna|Ursaluna, M|100/100
|switch|p1a: Slowking|Slowking-Galar, L99, F|100/100
|
|-status|p2a: Ursaluna|brn|[from] item: Flame Orb
|upkeep
|turn|8
|
|t:|1760795299
|-prepare|p1a: Slowking|Chilly Reception|[premajor]
|move|p1a: Slowking|Chilly Reception|p1a: Slowking
|-weather|Snowscape
|
|t:|1760795307
|switch|p1a: Corviknight|Corviknight, M|100/100|[from] Chilly Reception
|-ability|p1a: Corviknight|Pressure
|move|p2a: Ursaluna|Swords Dance|p2a: Ursaluna
|-boost|p2a: Ursaluna|atk|2
|
|-weather|Snowscape|[upkeep]
|-damage|p2a: Ursaluna|94/100 brn|[from] brn
|upkeep
|turn|9
|inactive|MooFarmer has 60 seconds left.
|
|t:|1760795318
|move|p2a: Ursaluna|Facade|p1a: Corviknight
|-resisted|p1a: Corviknight
|-damage|p1a: Corviknight|19/100
|-damage|p2a: Ursaluna|78/100 brn|[from] item: Rocky Helmet|[of] p1a: Corviknight
|move|p1a: Corviknight|Brave Bird|p2a: Ursaluna
|-damage|p2a: Ursaluna|50/100 brn
|-damage|p1a: Corviknight|8/100|[from] Recoil
|
|-weather|Snowscape|[upkeep]
|-damage|p2a: Ursaluna|44/100 brn|[from] brn
|upkeep
|turn|10
|inactive|MooFarmer has 60 seconds left.
|
|t:|1760795329
|move|p2a: Ursaluna|Facade|p1a: Corviknight
|-resisted|p1a: Corviknight
|-damage|p1a: Corviknight|0 fnt
|-damage|p2a: Ursaluna|27/100 brn|[from] item: Rocky Helmet|[of] p1a: Corviknight
|faint|p1a: Corviknight
|
|-weather|Snowscape|[upkeep]
|-damage|p2a: Ursaluna|21/100 brn|[from] brn
|-fieldend|move: Trick Room
|upkeep
|inactive|MooFarmer has 60 seconds left.
|
|t:|1760795338
|switch|p1a: Kyurem|Kyurem|56/100
|-ability|p1a: Kyurem|Pressure
|turn|11
|
|t:|1760795347
|switch|p2a: Hatterene|Hatterene, F|100/100
|move|p1a: Kyurem|Freeze-Dry|p2a: Hatterene
|-damage|p2a: Hatterene|67/100
|
|-weather|Snowscape|[upkeep]
|-heal|p1a: Kyurem|62/100|[from] item: Leftovers
|upkeep
|turn|12
|
|t:|1760795357
|-terastallize|p1a: Kyurem|Ground
|move|p1a: Kyurem|Earth Power|p2a: Hatterene
|-damage|p2a: Hatterene|27/100
|move|p2a: Hatterene|Trick Room|p2a: Hatterene
|-fieldstart|move: Trick Room|[of] p2a: Hatterene
|
|-weather|none
|-heal|p1a: Kyurem|69/100|[from] item: Leftovers
|upkeep
|turn|13
|
|t:|1760795371
|move|p1a: Kyurem|Protect|p1a: Kyurem
|-singleturn|p1a: Kyurem|Protect
|move|p2a: Hatterene|Healing Wish|p2a: Hatterene
|faint|p2a: Hatterene
|
|-heal|p1a: Kyurem|75/100|[from] item: Leftovers
|upkeep
|
|t:|1760795384
|switch|p2a: Volcanion|Volcanion, tera:Water|79/100
|-heal|p2a: Volcanion|100/100|[from] move: Healing Wish
|turn|14
|
|t:|1760795392
|switch|p1a: Slowking|Slowking-Galar, L99, F|100/100
|move|p2a: Volcanion|Steam Eruption|p1a: Slowking
|-damage|p1a: Slowking|23/100
|-status|p1a: Slowking|brn
|
|-damage|p1a: Slowking|17/100 brn|[from] brn
|upkeep
|turn|15
|
|t:|1760795402
|move|p1a: Slowking|Sludge Bomb|p2a: Volcanion
|-damage|p2a: Volcanion|66/100
|move|p2a: Volcanion|Steam Eruption|p1a: Slowking
|-damage|p1a: Slowking|0 fnt
|faint|p1a: Slowking
|
|upkeep
|inactive|MooFarmer has 60 seconds left.
|
|t:|1760795448
|switch|p1a: Kyurem|Kyurem, tera:Ground|75/100
|-ability|p1a: Kyurem|Pressure
|turn|16
|inactive|MooFarmer has 30 seconds left.
|inactive|MooFarmer has 20 seconds left.
|inactive|Lolproplayer has 120 seconds left.
|inactive|MooFarmer has 15 seconds left.
|inactive|MooFarmer has 10 seconds left.
|
|t:|1760795506
|switch|p2a: Cresselia|Cresselia, F|100/100
|move|p1a: Kyurem|Protect||[still]
|-fail|p1a: Kyurem
|
|-heal|p1a: Kyurem|81/100|[from] item: Leftovers
|-fieldend|move: Trick Room
|upkeep
|turn|17
|inactive|MooFarmer has 20 seconds left this turn.
|inactive|MooFarmer has 15 seconds left.
|
|t:|1760795514
|move|p1a: Kyurem|Protect|p1a: Kyurem
|-singleturn|p1a: Kyurem|Protect
|move|p2a: Cresselia|Trick Room|p2a: Cresselia
|-fieldstart|move: Trick Room|[of] p2a: Cresselia
|
|-heal|p1a: Kyurem|87/100|[from] item: Leftovers
|upkeep
|turn|18
|inactive|MooFarmer has 25 seconds left this turn.
|inactive|MooFarmer has 20 seconds left.
|
|t:|1760795529
|switch|p2a: Porygon2|Porygon2|55/100
|-ability|p2a: Porygon2|Download|boost
|-boost|p2a: Porygon2|spa|1
|move|p1a: Kyurem|Substitute|p1a: Kyurem
|-start|p1a: Kyurem|Substitute
|-damage|p1a: Kyurem|62/100
|
|-heal|p1a: Kyurem|68/100|[from] item: Leftovers
|upkeep
|turn|19
|inactive|MooFarmer has 30 seconds left this turn.
|
|t:|1760795538
|move|p1a: Kyurem|Protect|p1a: Kyurem
|-singleturn|p1a: Kyurem|Protect
|move|p2a: Porygon2|Ice Beam|p1a: Kyurem
|-activate|p1a: Kyurem|move: Protect
|
|-heal|p1a: Kyurem|75/100|[from] item: Leftovers
|upkeep
|turn|20
|inactive|MooFarmer has 30 seconds left.
|inactive|Lolproplayer has 120 seconds left.
|
|t:|1760795547
|move|p2a: Porygon2|Ice Beam|p1a: Kyurem
|-supereffective|p1a: Kyurem
|-end|p1a: Kyurem|Substitute
|move|p1a: Kyurem|Earth Power|p2a: Porygon2
|-damage|p2a: Porygon2|25/100
|
|-heal|p1a: Kyurem|81/100|[from] item: Leftovers
|upkeep
|turn|21
|inactive|Lolproplayer has 120 seconds left.
|
|t:|1760795558
|switch|p2a: Cresselia|Cresselia, F|100/100
|move|p1a: Kyurem|Freeze-Dry|p2a: Cresselia
|-damage|p2a: Cresselia|81/100
|
|-heal|p1a: Kyurem|87/100|[from] item: Leftovers
|-fieldend|move: Trick Room
|upkeep
|turn|22
|
|t:|1760795567
|move|p1a: Kyurem|Substitute|p1a: Kyurem
|-start|p1a: Kyurem|Substitute
|-damage|p1a: Kyurem|62/100
|move|p2a: Cresselia|Trick Room|p2a: Cresselia
|-fieldstart|move: Trick Room|[of] p2a: Cresselia
|
|-heal|p1a: Kyurem|68/100|[from] item: Leftovers
|upkeep
|turn|23
|
|t:|1760795575
|move|p2a: Cresselia|Lunar Dance|p2a: Cresselia
|faint|p2a: Cresselia
|move|p1a: Kyurem|Freeze-Dry|p2: Cresselia|[notarget]
|-fail|p1a: Kyurem
|
|-heal|p1a: Kyurem|74/100|[from] item: Leftovers
|upkeep
|
|t:|1760795583
|switch|p2a: Porygon2|Porygon2|25/100
|-heal|p2a: Porygon2|100/100|[from] move: Lunar Dance
|-ability|p2a: Porygon2|Download|boost
|-boost|p2a: Porygon2|spa|1
|turn|24
|
|t:|1760795591
|move|p1a: Kyurem|Protect|p1a: Kyurem
|-singleturn|p1a: Kyurem|Protect
|move|p2a: Porygon2|Ice Beam|p1a: Kyurem
|-activate|p1a: Kyurem|move: Protect
|
|-heal|p1a: Kyurem|80/100|[from] item: Leftovers
|upkeep
|turn|25
|inactive|MooFarmer has 60 seconds left.
|
|t:|1760795600
|move|p2a: Porygon2|Ice Beam|p1a: Kyurem
|-supereffective|p1a: Kyurem
|-end|p1a: Kyurem|Substitute
|move|p1a: Kyurem|Earth Power|p2a: Porygon2
|-damage|p2a: Porygon2|69/100
|
|-heal|p1a: Kyurem|87/100|[from] item: Leftovers
|upkeep
|turn|26
|
|t:|1760795609
|move|p1a: Kyurem|Protect|p1a: Kyurem
|-singleturn|p1a: Kyurem|Protect
|move|p2a: Porygon2|Ice Beam|p1a: Kyurem
|-activate|p1a: Kyurem|move: Protect
|
|-heal|p1a: Kyurem|93/100|[from] item: Leftovers
|-fieldend|move: Trick Room
|upkeep
|turn|27
|
|t:|1760795618
|move|p1a: Kyurem|Substitute|p1a: Kyurem
|-start|p1a: Kyurem|Substitute
|-damage|p1a: Kyurem|68/100
|move|p2a: Porygon2|Ice Beam|p1a: Kyurem
|-supereffective|p1a: Kyurem
|-end|p1a: Kyurem|Substitute
|
|-heal|p1a: Kyurem|74/100|[from] item: Leftovers
|upkeep
|turn|28
|
|t:|1760795626
|move|p1a: Kyurem|Protect|p1a: Kyurem
|-singleturn|p1a: Kyurem|Protect
|move|p2a: Porygon2|Ice Beam|p1a: Kyurem
|-activate|p1a: Kyurem|move: Protect
|
|-heal|p1a: Kyurem|80/100|[from] item: Leftovers
|upkeep
|turn|29
|
|t:|1760795635
|move|p1a: Kyurem|Substitute|p1a: Kyurem
|-start|p1a: Kyurem|Substitute
|-damage|p1a: Kyurem|55/100
|move|p2a: Porygon2|Ice Beam|p1a: Kyurem
|-supereffective|p1a: Kyurem
|-end|p1a: Kyurem|Substitute
|
|-heal|p1a: Kyurem|61/100|[from] item: Leftovers
|upkeep
|turn|30
|
|t:|1760795643
|move|p1a: Kyurem|Protect|p1a: Kyurem
|-singleturn|p1a: Kyurem|Protect
|move|p2a: Porygon2|Trick Room|p2a: Porygon2
|-fieldstart|move: Trick Room|[of] p2a: Porygon2
|
|-heal|p1a: Kyurem|68/100|[from] item: Leftovers
|upkeep
|turn|31
|j| IM AT MY LIMIT
|inactive|MooFarmer has 90 seconds left.
|
|t:|1760795670
|switch|p1a: Ting-Lu|Ting-Lu|100/100
|-ability|p1a: Ting-Lu|Vessel of Ruin
|move|p2a: Porygon2|Ice Beam|p1a: Ting-Lu
|-supereffective|p1a: Ting-Lu
|-damage|p1a: Ting-Lu|63/100
|
|-heal|p1a: Ting-Lu|69/100|[from] item: Leftovers
|upkeep
|turn|32
|
|t:|1760795681
|move|p2a: Porygon2|Ice Beam|p1a: Ting-Lu
|-supereffective|p1a: Ting-Lu
|-damage|p1a: Ting-Lu|34/100
|move|p1a: Ting-Lu|Earthquake|p2a: Porygon2
|-damage|p2a: Porygon2|46/100
|
|-heal|p1a: Ting-Lu|40/100|[from] item: Leftovers
|upkeep
|turn|33
|
|t:|1760795693
|move|p2a: Porygon2|Tera Blast|p1a: Ting-Lu
|-damage|p1a: Ting-Lu|16/100
|move|p1a: Ting-Lu|Earthquake|p2a: Porygon2
|-damage|p2a: Porygon2|22/100
|
|-heal|p1a: Ting-Lu|22/100|[from] item: Leftovers
|upkeep
|turn|34
|j| wyjmjl
|
|t:|1760795704
|move|p2a: Porygon2|Tera Blast|p1a: Ting-Lu
|-damage|p1a: Ting-Lu|0 fnt
|faint|p1a: Ting-Lu
|
|-fieldend|move: Trick Room
|upkeep
|
|t:|1760795712
|switch|p1a: Kyurem|Kyurem, tera:Ground|68/100
|-ability|p1a: Kyurem|Pressure
|turn|35
|
|t:|1760795721
|move|p1a: Kyurem|Earth Power|p2a: Porygon2
|-crit|p2a: Porygon2
|-damage|p2a: Porygon2|0 fnt
|faint|p2a: Porygon2
|
|-heal|p1a: Kyurem|74/100|[from] item: Leftovers
|upkeep
|l| IM AT MY LIMIT
|
|t:|1760795733
|switch|p2a: Iron Hands|Iron Hands|100/100
|-enditem|p2a: Iron Hands|Booster Energy
|-activate|p2a: Iron Hands|ability: Quark Drive|[fromitem]
|-start|p2a: Iron Hands|quarkdriveatk
|turn|36
|inactive|MooFarmer has 120 seconds left.
|inactive|MooFarmer has 90 seconds left.
|
|t:|1760795777
|move|p1a: Kyurem|Protect|p1a: Kyurem
|-singleturn|p1a: Kyurem|Protect
|move|p2a: Iron Hands|Ice Punch|p1a: Kyurem
|-activate|p1a: Kyurem|move: Protect
|
|-heal|p1a: Kyurem|80/100|[from] item: Leftovers
|upkeep
|turn|37
|inactive|MooFarmer has 90 seconds left.
|inactive|MooFarmer has 60 seconds left.
|
|t:|1760795820
|move|p1a: Kyurem|Earth Power|p2a: Iron Hands
|-supereffective|p2a: Iron Hands
|-damage|p2a: Iron Hands|16/100
|move|p2a: Iron Hands|Ice Punch|p1a: Kyurem
|-supereffective|p1a: Kyurem
|-damage|p1a: Kyurem|9/100
|
|-heal|p1a: Kyurem|15/100|[from] item: Leftovers
|upkeep
|turn|38
|inactive|MooFarmer has 60 seconds left.
|inactive|MooFarmer has 30 seconds left.
|
|t:|1760795861
|move|p1a: Kyurem|Freeze-Dry|p2a: Iron Hands
|-damage|p2a: Iron Hands|0 fnt
|faint|p2a: Iron Hands
|-end|p2a: Iron Hands|Quark Drive|[silent]
|
|-heal|p1a: Kyurem|22/100|[from] item: Leftovers
|upkeep
|
|t:|1760795868
|switch|p2a: Ursaluna|Ursaluna, M|21/100 brn
|turn|39
|-message|Lolproplayer forfeited.
|
|win|MooFarmer
|raw|MooFarmer's rating: 1725 &rarr; <strong>1746</strong><br />(+21 for winning)
|raw|Lolproplayer's rating: 1735 &rarr; <strong>1714</strong><br />(-21 for losing)
|l|☆Lolproplayer
|player|p2|
|l|☆MooFarmer
|player|p1|
|l| wyjmjl
