|j|☆vghhjg
|j|☆TotallySkilled
|t:|1760809887
|gametype|singles
|player|p1|vghhjg|1|1647
|player|p2|TotallySkilled|guzma|1642
|gen|9
|tier|[Gen 9] OU
|rated|
|rule|HP Percentage Mod: HP is shown in percentages
|rule|Endless Battle Clause: Forcing endless battles is banned
|rule|Species Clause: Limit one of each Pokémon
|rule|OHKO Clause: OHKO moves are banned
|rule|Evasion Items Clause: Evasion items are banned
|rule|Evasion Moves Clause: Evasion moves are banned
|rule|Evasion Abilities Clause: Evasion abilities are banned
|rule|Sleep Moves Clause: Sleep-inducing moves are banned
|clearpoke
|poke|p1|Ribombee, F|
|poke|p1|Gholdengo|
|poke|p1|Dragonite, F|
|poke|p1|Great Tusk|
|poke|p1|Kingambit, F|
|poke|p1|Dragapult, M|
|poke|p2|Moltres-Galar|
|poke|p2|Araquanid, M|
|poke|p2|Garchomp, M|
|poke|p2|Great Tusk|
|poke|p2|Sinistcha|
|poke|p2|Gholdengo|
|teampreview
|
|t:|1760809894
|teamsize|p1|6
|teamsize|p2|6
|start
|switch|p1a: Ribombee|Ribombee, F|100/100
|switch|p2a: Araquanid|Araquanid, M|100/100
|turn|1
|
|t:|1760809900
|move|p1a: Ribombee|Sticky Web|p2a: Araquanid
|-sidestart|p2: TotallySkilled|move: Sticky Web
|move|p2a: Araquanid|Surf|p1a: Ribombee
|-damage|p1a: Ribombee|29/100
|
|upkeep
|turn|2
|
|t:|1760809904
|move|p1a: Ribombee|Stun Spore|p2a: Araquanid
|-status|p2a: Araquanid|par
|move|p2a: Araquanid|Sticky Web|p1a: Ribombee
|-sidestart|p1: vghhjg|move: Sticky Web
|
|upkeep
|turn|3
|
|t:|1760809909
|move|p1a: Ribombee|Skill Swap|p2a: Araquanid
|-activate|p1a: Ribombee|move: Skill Swap|Water Bubble|Shield Dust|[of] p2a: Araquanid
|move|p2a: Araquanid|Surf|p1a: Ribombee
|-damage|p1a: Ribombee|0 fnt
|faint|p1a: Ribombee
|
|upkeep
|
|t:|1760809914
|switch|p1a: Great Tusk|Great Tusk|100/100
|turn|4
|
|t:|1760809919
|switch|p2a: Sinistcha|Sinistcha|100/100
|move|p1a: Great Tusk|Knock Off|p2a: Sinistcha
|-supereffective|p2a: Sinistcha
|-damage|p2a: Sinistcha|53/100
|-enditem|p2a: Sinistcha|Heavy-Duty Boots|[from] move: Knock Off|[of] p1a: Great Tusk
|
|upkeep
|turn|5
|
|t:|1760809924
|-end|p1a: Great Tusk|Protosynthesis|[silent]
|switch|p1a: Gholdengo|Gholdengo|100/100
|-item|p1a: Gholdengo|Air Balloon
|move|p2a: Sinistcha|Strength Sap|p1a: Gholdengo
|-immune|p1a: Gholdengo|[from] ability: Good as Gold
|
|upkeep
|turn|6
|
|t:|1760809928
|switch|p2a: Araquanid|Araquanid, M|100/100 par
|-activate|p2a: Araquanid|move: Sticky Web
|-unboost|p2a: Araquanid|spe|1
|move|p1a: Gholdengo|Shadow Ball|p2a: Araquanid
|-damage|p2a: Araquanid|64/100 par
|
|upkeep
|turn|7
|
|t:|1760809942
|switch|p1a: Dragapult|Dragapult, M|100/100
|-activate|p1a: Dragapult|move: Sticky Web
|-fail|p1a: Dragapult|unboost|[from] ability: Clear Body|[of] p1a: Dragapult
|move|p2a: Araquanid|Surf|p1a: Dragapult
|-resisted|p1a: Dragapult
|-damage|p1a: Dragapult|63/100
|
|upkeep
|turn|8
|
|t:|1760809949
|move|p1a: Dragapult|Dragon Dance|p1a: Dragapult
|-boost|p1a: Dragapult|atk|1
|-boost|p1a: Dragapult|spe|1
|move|p2a: Araquanid|Surf|p1a: Dragapult
|-resisted|p1a: Dragapult
|-damage|p1a: Dragapult|29/100
|
|upkeep
|turn|9
|
|t:|1760809961
|move|p2a: Araquanid|Endure|p2a: Araquanid
|-singleturn|p2a: Araquanid|move: Endure
|move|p1a: Dragapult|Dragon Darts|p2a: Araquanid
|-damage|p2a: Araquanid|25/100 par
|-anim|p1a: Dragapult|Dragon Darts|p2a: Araquanid
|-activate|p2a: Araquanid|move: Endure
|-damage|p2a: Araquanid|1/100 par
|
|upkeep
|turn|10
|-enditem|p2a: Araquanid|Custap Berry|[eat]
|-activate|p2a: Araquanid|item: Custap Berry|[consumed]
|
|t:|1760809972
|cant|p2a: Araquanid|par
|move|p1a: Dragapult|Reflect|p1a: Dragapult
|-sidestart|p1: vghhjg|Reflect
|
|upkeep
|turn|11
|
|t:|1760809978
|move|p1a: Dragapult|Dragon Darts|p2a: Araquanid
|-damage|p2a: Araquanid|0 fnt
|faint|p2a: Araquanid
|
|upkeep
|
|t:|1760809981
|switch|p2a: Moltres|Moltres-Galar|100/100
|turn|12
|
|t:|1760809986
|move|p1a: Dragapult|Dragon Darts|p2a: Moltres
|-damage|p2a: Moltres|52/100
|-anim|p1a: Dragapult|Dragon Darts|p2a: Moltres
|-damage|p2a: Moltres|8/100
|-ability|p2a: Moltres|Berserk|boost
|-boost|p2a: Moltres|spa|1
|move|p2a: Moltres|Fiery Wrath|p1a: Dragapult
|-supereffective|p1a: Dragapult
|-damage|p1a: Dragapult|0 fnt
|faint|p1a: Dragapult
|
|-heal|p2a: Moltres|14/100|[from] item: Leftovers
|upkeep
|
|t:|1760809998
|switch|p1a: Dragonite|Dragonite, F|100/100
|turn|13
|
|t:|1760810002
|switch|p2a: Great Tusk|Great Tusk|100/100
|-activate|p2a: Great Tusk|move: Sticky Web
|-unboost|p2a: Great Tusk|spe|1
|-enditem|p2a: Great Tusk|Booster Energy
|-activate|p2a: Great Tusk|ability: Protosynthesis|[fromitem]
|-start|p2a: Great Tusk|protosynthesisatk
|move|p1a: Dragonite|Dragon Dance|p1a: Dragonite
|-boost|p1a: Dragonite|atk|1
|-boost|p1a: Dragonite|spe|1
|
|upkeep
|turn|14
|
|t:|1760810006
|-terastallize|p1a: Dragonite|Flying
|move|p1a: Dragonite|Tera Blast|p2a: Great Tusk|[anim] Tera Blast Flying
|-supereffective|p2a: Great Tusk
|-damage|p2a: Great Tusk|0 fnt
|faint|p2a: Great Tusk
|-end|p2a: Great Tusk|Protosynthesis|[silent]
|
|-sideend|p1: vghhjg|Reflect
|upkeep
|
|t:|1760810011
|switch|p2a: Sinistcha|Sinistcha|53/100
|-activate|p2a: Sinistcha|move: Sticky Web
|-unboost|p2a: Sinistcha|spe|1
|turn|15
|
|t:|1760810014
|-terastallize|p2a: Sinistcha|Poison
|move|p1a: Dragonite|Tera Blast|p2a: Sinistcha|[anim] Tera Blast Flying
|-damage|p2a: Sinistcha|0 fnt
|faint|p2a: Sinistcha
|
|upkeep
|
|t:|1760810019
|switch|p2a: Garchomp|Garchomp, M|100/100
|-activate|p2a: Garchomp|move: Sticky Web
|-unboost|p2a: Garchomp|spe|1
|turn|16
|-message|TotallySkilled forfeited.
|
|win|vghhjg
|raw|vghhjg's rating: 1647 &rarr; <strong>1667</strong><br />(+20 for winning)
|raw|TotallySkilled's rating: 1642 &rarr; <strong>1622</strong><br />(-20 for losing)
|l|☆TotallySkilled
|player|p2|
|l|☆vghhjg
|player|p1|
