|j|☆NoCatNoCradle
|j|☆meowstiicc
|t:|1760743851
|gametype|singles
|player|p1|NoCatNoCradle|unknownf|1174
|player|p2|meowstiicc|winona|1211
|gen|9
|tier|[Gen 9] OU
|rated|
|rule|HP Percentage Mod: HP is shown in percentages
|rule|Endless Battle Clause: Forcing endless battles is banned
|rule|Species Clause: Limit one of each Pokémon
|rule|OHKO Clause: OHKO moves are banned
|rule|Evasion Items Clause: Evasion items are banned
|rule|Evasion Moves Clause: Evasion moves are banned
|rule|Evasion Abilities Clause: Evasion abilities are banned
|rule|Sleep Moves Clause: Sleep-inducing moves are banned
|clearpoke
|poke|p1|Dondozo, F|
|poke|p1|Iron Moth|
|poke|p1|Gastrodon, M|
|poke|p1|Corviknight, F|
|poke|p1|Heatran, F|
|poke|p1|Rotom-Wash|
|poke|p2|Mamoswine, M|
|poke|p2|Quaquaval, M|
|poke|p2|Heatran, F|
|poke|p2|Ogerpon-Wellspring, F|
|poke|p2|Gliscor, M|
|poke|p2|Tornadus-Therian, M|
|teampreview
|
|t:|1760743863
|teamsize|p1|6
|teamsize|p2|6
|start
|switch|p1a: wash ur clothes|Rotom-Wash, shiny|100/100
|switch|p2a: Tornadus|Tornadus-Therian, M|100/100
|turn|1
|
|t:|1760743874
|move|p2a: Tornadus|U-turn|p1a: wash ur clothes
|-damage|p1a: wash ur clothes|80/100
|
|t:|1760743884
|switch|p2a: Gliscor|Gliscor, M|100/100|[from] U-turn
|move|p1a: wash ur clothes|Discharge|p2a: Gliscor
|-immune|p2a: Gliscor
|
|-status|p2a: Gliscor|tox|[from] item: Toxic Orb
|upkeep
|turn|2
|
|t:|1760743902
|move|p2a: Gliscor|Stealth Rock|p1a: wash ur clothes
|-sidestart|p1: NoCatNoCradle|move: Stealth Rock
|move|p1a: wash ur clothes|Hydro Pump|p2a: Gliscor
|-supereffective|p2a: Gliscor
|-crit|p2a: Gliscor
|-damage|p2a: Gliscor|0 fnt
|faint|p2a: Gliscor
|
|upkeep
|
|t:|1760743909
|switch|p2a: Ogerpon|Ogerpon-Wellspring, F|100/100
|turn|3
|
|t:|1760743919
|move|p2a: Ogerpon|Knock Off|p1a: wash ur clothes
|-damage|p1a: wash ur clothes|28/100
|-enditem|p1a: wash ur clothes|Assault Vest|[from] move: Knock Off|[of] p2a: Ogerpon
|move|p1a: wash ur clothes|Discharge|p2a: Ogerpon
|-damage|p2a: Ogerpon|59/100
|-status|p2a: Ogerpon|par
|
|upkeep
|turn|4
|
|t:|1760743928
|move|p1a: wash ur clothes|Hex|p2a: Ogerpon
|-damage|p2a: Ogerpon|15/100 par
|move|p2a: Ogerpon|U-turn|p1a: wash ur clothes
|-damage|p1a: wash ur clothes|0 fnt
|faint|p1a: wash ur clothes
|
|t:|1760743935
|switch|p2a: Mamoswine|Mamoswine, M|100/100|[from] U-turn
|
|upkeep
|
|t:|1760743940
|switch|p1a: Tesla CyberCluck™️|Corviknight, F, shiny|100/100
|-damage|p1a: Tesla CyberCluck™️|88/100|[from] Stealth Rock
|turn|5
|
|t:|1760743954
|move|p2a: Mamoswine|Knock Off|p1a: Tesla CyberCluck™️
|-damage|p1a: Tesla CyberCluck™️|63/100
|-damage|p2a: Mamoswine|84/100|[from] item: Rocky Helmet|[of] p1a: Tesla CyberCluck™️
|-enditem|p1a: Tesla CyberCluck™️|Rocky Helmet|[from] move: Knock Off|[of] p2a: Mamoswine
|move|p1a: Tesla CyberCluck™️|Defog|p2a: Mamoswine
|-unboost|p2a: Mamoswine|evasion|1
|-sideend|p1: NoCatNoCradle|Stealth Rock|[from] move: Defog|[of] p1a: Tesla CyberCluck™️
|
|upkeep
|turn|6
|
|t:|1760743963
|move|p2a: Mamoswine|Icicle Crash|p1a: Tesla CyberCluck™️
|-damage|p1a: Tesla CyberCluck™️|29/100
|cant|p1a: Tesla CyberCluck™️|flinch
|
|upkeep
|turn|7
|
|t:|1760743971
|switch|p1a: grump face|Heatran, F, shiny|100/100
|move|p2a: Mamoswine|Icicle Crash|p1a: grump face
|-resisted|p1a: grump face
|-damage|p1a: grump face|88/100
|
|upkeep
|turn|8
|
|t:|1760743982
|move|p2a: Mamoswine|Knock Off|p1a: grump face
|-damage|p1a: grump face|53/100
|-enditem|p1a: grump face|Assault Vest|[from] move: Knock Off|[of] p2a: Mamoswine
|move|p1a: grump face|Scorching Sands|p2a: Mamoswine
|-damage|p2a: Mamoswine|48/100
|-status|p2a: Mamoswine|brn
|
|-damage|p2a: Mamoswine|42/100 brn|[from] brn
|upkeep
|turn|9
|
|t:|1760743999
|move|p2a: Mamoswine|Earthquake|p1a: grump face
|-supereffective|p1a: grump face
|-crit|p1a: grump face
|-damage|p1a: grump face|0 fnt
|faint|p1a: grump face
|
|-damage|p2a: Mamoswine|36/100 brn|[from] brn
|upkeep
|
|t:|1760744008
|switch|p1a: smol moth|Iron Moth|100/100
|-enditem|p1a: smol moth|Booster Energy
|-activate|p1a: smol moth|ability: Quark Drive|[fromitem]
|-start|p1a: smol moth|quarkdrivespe
|turn|10
|
|t:|1760744016
|switch|p2a: Heatran|Heatran, F|100/100
|-item|p2a: Heatran|Air Balloon
|move|p1a: smol moth|Fiery Dance|p2a: Heatran
|-start|p2a: Heatran|ability: Flash Fire
|
|upkeep
|turn|11
|
|t:|1760744029
|-end|p1a: smol moth|Quark Drive|[silent]
|switch|p1a: phishing|Dondozo, F|100/100
|move|p2a: Heatran|Stealth Rock|p1a: phishing
|-sidestart|p1: NoCatNoCradle|move: Stealth Rock
|
|upkeep
|turn|12
|
|t:|1760744037
|move|p2a: Heatran|Magma Storm|p1a: phishing
|-resisted|p1a: phishing
|-damage|p1a: phishing|85/100
|-activate|p1a: phishing|move: Magma Storm|[of] p2a: Heatran
|move|p1a: phishing|Waterfall|p2a: Heatran
|-supereffective|p2a: Heatran
|-damage|p2a: Heatran|60/100
|-enditem|p2a: Heatran|Air Balloon
|
|-damage|p1a: phishing|73/100|[from] move: Magma Storm|[partiallytrapped]
|upkeep
|turn|13
|
|t:|1760744050
|move|p2a: Heatran|Will-O-Wisp|p1a: phishing
|-status|p1a: phishing|brn
|move|p1a: phishing|Waterfall|p2a: Heatran
|-supereffective|p2a: Heatran
|-crit|p2a: Heatran
|-damage|p2a: Heatran|30/100
|
|-damage|p1a: phishing|66/100 brn|[from] brn
|-damage|p1a: phishing|54/100 brn|[from] move: Magma Storm|[partiallytrapped]
|upkeep
|turn|14
|
|t:|1760744060
|move|p2a: Heatran|Magma Storm|p1a: phishing
|-resisted|p1a: phishing
|-damage|p1a: phishing|39/100 brn
|move|p1a: phishing|Avalanche|p2a: Heatran
|-resisted|p2a: Heatran
|-damage|p2a: Heatran|28/100
|
|-damage|p1a: phishing|33/100 brn|[from] brn
|-damage|p1a: phishing|21/100 brn|[from] move: Magma Storm|[partiallytrapped]
|upkeep
|turn|15
|
|t:|1760744070
|move|p2a: Heatran|Earth Power|p1a: phishing
|-damage|p1a: phishing|9/100 brn
|move|p1a: phishing|Waterfall|p2a: Heatran
|-supereffective|p2a: Heatran
|-damage|p2a: Heatran|7/100
|
|-damage|p1a: phishing|3/100 brn|[from] brn
|-damage|p1a: phishing|0 fnt|[from] move: Magma Storm|[partiallytrapped]
|faint|p1a: phishing
|upkeep
|c|☆NoCatNoCradle|damn that misclick hurt
|
|t:|1760744090
|switch|p1a: slime shady|Gastrodon, M|100/100
|-damage|p1a: slime shady|94/100|[from] Stealth Rock
|turn|16
|c|☆meowstiicc|avalanche ?? I guessed lol I was a bit confused
|
|t:|1760744098
|move|p2a: Heatran|Earth Power|p1a: slime shady
|-damage|p1a: slime shady|80/100
|move|p1a: slime shady|Waterfall|p2a: Heatran
|-supereffective|p2a: Heatran
|-crit|p2a: Heatran
|-damage|p2a: Heatran|0 fnt
|faint|p2a: Heatran
|
|upkeep
|
|t:|1760744114
|switch|p2a: Ogerpon|Ogerpon-Wellspring, F|15/100 par
|turn|17
|
|t:|1760744120
|cant|p2a: Ogerpon|par
|move|p1a: slime shady|Body Slam|p2a: Ogerpon
|-damage|p2a: Ogerpon|0 fnt
|faint|p2a: Ogerpon
|
|upkeep
|
|t:|1760744128
|switch|p2a: Tornadus|Tornadus-Therian, M|100/100
|turn|18
|
|t:|1760744132
|move|p2a: Tornadus|Air Slash|p1a: slime shady
|-damage|p1a: slime shady|63/100
|move|p1a: slime shady|Body Slam|p2a: Tornadus
|-damage|p2a: Tornadus|68/100
|-status|p2a: Tornadus|par
|
|upkeep
|turn|19
|
|t:|1760744139
|move|p2a: Tornadus|U-turn|p1a: slime shady
|-damage|p1a: slime shady|44/100
|
|t:|1760744143
|switch|p2a: Mamoswine|Mamoswine, M|36/100 brn|[from] U-turn
|move|p1a: slime shady|Waterfall|p2a: Mamoswine
|-supereffective|p2a: Mamoswine
|-damage|p2a: Mamoswine|0 fnt
|faint|p2a: Mamoswine
|
|upkeep
|
|t:|1760744151
|switch|p2a: Quaquaval|Quaquaval, M|100/100
|turn|20
|
|t:|1760744163
|move|p2a: Quaquaval|Ice Spinner|p1a: slime shady
|-damage|p1a: slime shady|8/100
|move|p1a: slime shady|Body Slam|p2a: Quaquaval
|-damage|p2a: Quaquaval|69/100
|
|upkeep
|turn|21
|
|t:|1760744171
|move|p2a: Quaquaval|Rapid Spin|p1a: slime shady
|-damage|p1a: slime shady|0 fnt
|-boost|p2a: Quaquaval|spe|1
|faint|p1a: slime shady
|-ability|p2a: Quaquaval|Moxie|boost
|-boost|p2a: Quaquaval|atk|1
|
|upkeep
|
|t:|1760744187
|switch|p1a: Tesla CyberCluck™️|Corviknight, F, shiny|29/100
|-damage|p1a: Tesla CyberCluck™️|16/100|[from] Stealth Rock
|turn|22
|
|t:|1760744195
|move|p2a: Quaquaval|Aqua Step|p1a: Tesla CyberCluck™️
|-damage|p1a: Tesla CyberCluck™️|0 fnt
|-boost|p2a: Quaquaval|spe|1
|faint|p1a: Tesla CyberCluck™️
|-ability|p2a: Quaquaval|Moxie|boost
|-boost|p2a: Quaquaval|atk|1
|
|upkeep
|
|t:|1760744200
|switch|p1a: smol moth|Iron Moth|100/100
|-damage|p1a: smol moth|76/100|[from] Stealth Rock
|turn|23
|
|t:|1760744207
|move|p2a: Quaquaval|Aqua Step|p1a: smol moth
|-supereffective|p1a: smol moth
|-damage|p1a: smol moth|0 fnt
|-boost|p2a: Quaquaval|spe|1
|faint|p1a: smol moth
|-end|p1a: smol moth|Quark Drive|[silent]
|
|win|meowstiicc
|raw|NoCatNoCradle's rating: 1174 &rarr; <strong>1152</strong><br />(-22 for losing)
|raw|meowstiicc's rating: 1211 &rarr; <strong>1233</strong><br />(+22 for winning)
|c|☆meowstiicc|gg
|l|☆NoCatNoCradle
|player|p1|
