|j|☆tusk act 984
|j|☆g3thyp
|t:|1760846588
|gametype|singles
|player|p1|tusk act 984|ghetsis-gen5bw|1419
|player|p2|g3thyp|backersf|1479
|gen|9
|tier|[Gen 9] OU
|rated|
|rule|HP Percentage Mod: HP is shown in percentages
|rule|Endless Battle Clause: Forcing endless battles is banned
|rule|Species Clause: Limit one of each Pokémon
|rule|OHKO Clause: OHKO moves are banned
|rule|Evasion Items Clause: Evasion items are banned
|rule|Evasion Moves Clause: Evasion moves are banned
|rule|Evasion Abilities Clause: Evasion abilities are banned
|rule|Sleep Moves Clause: Sleep-inducing moves are banned
|clearpoke
|poke|p1|Zamazenta-*|
|poke|p1|Dragapult, F|
|poke|p1|Zapdos|
|poke|p1|Slowking-Galar, M|
|poke|p1|Iron Treads|
|poke|p1|Meowscarada, M|
|poke|p2|Tyranitar, F|
|poke|p2|Deoxys-Speed|
|poke|p2|Pecharunt|
|poke|p2|Rotom-Wash|
|poke|p2|Hatterene, F|
|poke|p2|Landorus-Therian, M|
|teampreview
|inactive|Battle timer is ON: inactive players will automatically lose when time's up. (requested by g3thyp)
|inactive|tusk act 984 has 120 seconds left.
|c|☆tusk act 984|gl hf
|c|☆g3thyp|gl
|
|t:|1760846641
|teamsize|p1|6
|teamsize|p2|6
|start
|switch|p1a: Slowking|Slowking-Galar, M|100/100
|switch|p2a: Deoxys|Deoxys-Speed|100/100
|-ability|p2a: Deoxys|Pressure
|turn|1
|
|t:|1760846646
|move|p2a: Deoxys|Knock Off|p1a: Slowking
|-supereffective|p1a: Slowking
|-damage|p1a: Slowking|43/100
|-enditem|p1a: Slowking|Assault Vest|[from] move: Knock Off|[of] p2a: Deoxys
|move|p1a: Slowking|Sludge Bomb|p2a: Deoxys
|-damage|p2a: Deoxys|39/100
|
|upkeep
|turn|2
|
|t:|1760846653
|switch|p1a: Zapdos|Zapdos|100/100
|move|p2a: Deoxys|Knock Off|p1a: Zapdos
|-damage|p1a: Zapdos|82/100
|-enditem|p1a: Zapdos|Heavy-Duty Boots|[from] move: Knock Off|[of] p2a: Deoxys
|
|upkeep
|turn|3
|
|t:|1760846659
|switch|p2a: Tyranitar|Tyranitar, F|100/100
|-weather|Sandstorm|[from] ability: Sand Stream|[of] p2a: Tyranitar
|move|p1a: Zapdos|U-turn|p2a: Tyranitar
|-supereffective|p2a: Tyranitar
|-damage|p2a: Tyranitar|80/100
|
|t:|1760846667
|switch|p1a: Meowscarada|Meowscarada, M|100/100|[from] U-turn
|
|-weather|Sandstorm|[upkeep]
|-damage|p1a: Meowscarada|94/100|[from] Sandstorm
|-heal|p2a: Tyranitar|86/100|[from] item: Leftovers
|upkeep
|turn|4
|
|t:|1760846675
|switch|p2a: Pecharunt|Pecharunt|100/100
|move|p1a: Meowscarada|U-turn|p2a: Pecharunt
|-start|p1a: Meowscarada|typechange|Bug|[from] ability: Protean
|-resisted|p2a: Pecharunt
|-damage|p2a: Pecharunt|96/100
|-damage|p1a: Meowscarada|78/100|[from] item: Rocky Helmet|[of] p2a: Pecharunt
|
|t:|1760846682
|switch|p1a: Slowking|Slowking-Galar, M|76/100|[from] U-turn
|
|-weather|Sandstorm|[upkeep]
|-damage|p2a: Pecharunt|90/100|[from] Sandstorm
|-damage|p1a: Slowking|70/100|[from] Sandstorm
|upkeep
|turn|5
|
|t:|1760846690
|move|p2a: Pecharunt|Hex|p1a: Slowking
|-supereffective|p1a: Slowking
|-damage|p1a: Slowking|44/100
|move|p1a: Slowking|Psychic Noise|p2a: Pecharunt
|-supereffective|p2a: Pecharunt
|-damage|p2a: Pecharunt|35/100
|-start|p2a: Pecharunt|move: Heal Block
|
|-weather|Sandstorm|[upkeep]
|-damage|p2a: Pecharunt|29/100|[from] Sandstorm
|-damage|p1a: Slowking|38/100|[from] Sandstorm
|upkeep
|turn|6
|
|t:|1760846709
|move|p2a: Pecharunt|Parting Shot|p1a: Slowking
|-unboost|p1a: Slowking|atk|1
|-unboost|p1a: Slowking|spa|1
|
|t:|1760846712
|switch|p2a: Landorus|Landorus-Therian, M|100/100|[from] Parting Shot
|-ability|p2a: Landorus|Intimidate|boost
|-unboost|p1a: Slowking|atk|1
|move|p1a: Slowking|Focus Blast|p2a: Landorus|[miss]
|-miss|p1a: Slowking|p2a: Landorus
|
|-weather|Sandstorm|[upkeep]
|-damage|p1a: Slowking|32/100|[from] Sandstorm
|upkeep
|turn|7
|
|t:|1760846718
|switch|p1a: Zapdos|Zapdos|82/100
|move|p2a: Landorus|Stone Edge|p1a: Zapdos
|-supereffective|p1a: Zapdos
|-damage|p1a: Zapdos|30/100
|
|-weather|none
|upkeep
|turn|8
|
|t:|1760846727
|move|p2a: Landorus|Stone Edge|p1a: Zapdos
|-supereffective|p1a: Zapdos
|-damage|p1a: Zapdos|0 fnt
|faint|p1a: Zapdos
|
|upkeep
|
|t:|1760846731
|switch|p1a: Meowscarada|Meowscarada, M|78/100
|turn|9
|
|t:|1760846734
|switch|p2a: Rotom|Rotom-Wash|100/100
|move|p1a: Meowscarada|Triple Axel|p2a: Rotom
|-start|p1a: Meowscarada|typechange|Ice|[from] ability: Protean
|-resisted|p2a: Rotom
|-damage|p2a: Rotom|97/100
|-resisted|p2a: Rotom
|-damage|p2a: Rotom|88/100
|-resisted|p2a: Rotom
|-damage|p2a: Rotom|76/100
|-hitcount|p2a: Rotom|3
|
|-heal|p2a: Rotom|82/100|[from] item: Leftovers
|upkeep
|turn|10
|
|t:|1760846742
|switch|p1a: Slowking|Slowking-Galar, M|65/100
|move|p2a: Rotom|Will-O-Wisp|p1a: Slowking|[miss]
|-miss|p2a: Rotom|p1a: Slowking
|
|-heal|p2a: Rotom|88/100|[from] item: Leftovers
|upkeep
|turn|11
|
|t:|1760846751
|move|p2a: Rotom|Volt Switch|p1a: Slowking
|-damage|p1a: Slowking|51/100
|
|t:|1760846753
|switch|p2a: Tyranitar|Tyranitar, F|86/100|[from] Volt Switch
|-weather|Sandstorm|[from] ability: Sand Stream|[of] p2a: Tyranitar
|move|p1a: Slowking|Sludge Bomb|p2a: Tyranitar
|-resisted|p2a: Tyranitar
|-damage|p2a: Tyranitar|80/100
|
|-weather|Sandstorm|[upkeep]
|-damage|p1a: Slowking|45/100|[from] Sandstorm
|-heal|p2a: Tyranitar|86/100|[from] item: Leftovers
|upkeep
|turn|12
|
|t:|1760846759
|switch|p1a: Iron Treads|Iron Treads|100/100
|move|p2a: Tyranitar|Thunder Wave|p1a: Iron Treads
|-immune|p1a: Iron Treads
|
|-weather|Sandstorm|[upkeep]
|-heal|p2a: Tyranitar|93/100|[from] item: Leftovers
|upkeep
|turn|13
|
|t:|1760846767
|move|p1a: Iron Treads|Stealth Rock|p2a: Tyranitar
|-sidestart|p2: g3thyp|move: Stealth Rock
|move|p2a: Tyranitar|Knock Off|p1a: Iron Treads
|-damage|p1a: Iron Treads|62/100
|-enditem|p1a: Iron Treads|Heavy-Duty Boots|[from] move: Knock Off|[of] p2a: Tyranitar
|
|-weather|Sandstorm|[upkeep]
|-heal|p2a: Tyranitar|99/100|[from] item: Leftovers
|upkeep
|turn|14
|
|t:|1760846772
|switch|p2a: Landorus|Landorus-Therian, M|100/100
|-damage|p2a: Landorus|88/100|[from] Stealth Rock
|-ability|p2a: Landorus|Intimidate|boost
|-unboost|p1a: Iron Treads|atk|1
|move|p1a: Iron Treads|Rapid Spin|p2a: Landorus
|-damage|p2a: Landorus|74/100
|-boost|p1a: Iron Treads|spe|1
|
|-weather|Sandstorm|[upkeep]
|upkeep
|turn|15
|
|t:|1760846777
|-end|p1a: Iron Treads|Quark Drive|[silent]
|switch|p1a: Dragapult|Dragapult, F|100/100
|move|p2a: Landorus|Earthquake|p1a: Dragapult
|-damage|p1a: Dragapult|30/100
|
|-weather|none
|upkeep
|turn|16
|
|t:|1760846783
|move|p2a: Landorus|Earthquake|p1a: Dragapult
|-damage|p1a: Dragapult|0 fnt
|faint|p1a: Dragapult
|
|upkeep
|
|t:|1760846792
|switch|p1a: Meowscarada|Meowscarada, M|78/100
|turn|17
|
|t:|1760846795
|switch|p2a: Pecharunt|Pecharunt|29/100
|-damage|p2a: Pecharunt|17/100|[from] Stealth Rock
|move|p1a: Meowscarada|U-turn|p2a: Pecharunt
|-start|p1a: Meowscarada|typechange|Bug|[from] ability: Protean
|-resisted|p2a: Pecharunt
|-damage|p2a: Pecharunt|12/100
|-damage|p1a: Meowscarada|62/100|[from] item: Rocky Helmet|[of] p2a: Pecharunt
|
|t:|1760846802
|switch|p1a: Iron Treads|Iron Treads|62/100|[from] U-turn
|
|upkeep
|turn|18
|
|t:|1760846806
|move|p1a: Iron Treads|Iron Head|p2a: Pecharunt
|-damage|p2a: Pecharunt|0 fnt
|-damage|p1a: Iron Treads|46/100|[from] item: Rocky Helmet|[of] p2a: Pecharunt
|faint|p2a: Pecharunt
|
|upkeep
|
|t:|1760846811
|switch|p2a: Deoxys|Deoxys-Speed|39/100
|-ability|p2a: Deoxys|Pressure
|turn|19
|
|t:|1760846819
|move|p2a: Deoxys|Knock Off|p1a: Iron Treads
|-damage|p1a: Iron Treads|28/100
|move|p1a: Iron Treads|Iron Head|p2a: Deoxys
|-damage|p2a: Deoxys|0 fnt
|faint|p2a: Deoxys
|
|upkeep
|
|t:|1760846823
|switch|p2a: Landorus|Landorus-Therian, M|74/100
|-damage|p2a: Landorus|61/100|[from] Stealth Rock
|-ability|p2a: Landorus|Intimidate|boost
|-unboost|p1a: Iron Treads|atk|1
|turn|20
|
|t:|1760846827
|move|p2a: Landorus|Earthquake|p1a: Iron Treads
|-supereffective|p1a: Iron Treads
|-damage|p1a: Iron Treads|0 fnt
|faint|p1a: Iron Treads
|-end|p1a: Iron Treads|Quark Drive|[silent]
|
|upkeep
|
|t:|1760846834
|switch|p1a: Zamazenta|Zamazenta|100/100
|-ability|p1a: Zamazenta|Dauntless Shield|boost
|-boost|p1a: Zamazenta|def|1
|turn|21
|
|t:|1760846837
|switch|p2a: Hatterene|Hatterene, F|100/100
|-damage|p2a: Hatterene|88/100|[from] Stealth Rock
|move|p1a: Zamazenta|Iron Defense|p1a: Zamazenta
|-boost|p1a: Zamazenta|def|2
|
|upkeep
|turn|22
|
|t:|1760846843
|-terastallize|p1a: Zamazenta|Fire
|move|p1a: Zamazenta|Heavy Slam|p2a: Hatterene
|-supereffective|p2a: Hatterene
|-damage|p2a: Hatterene|0 fnt
|faint|p2a: Hatterene
|
|upkeep
|
|t:|1760846848
|switch|p2a: Rotom|Rotom-Wash|88/100
|-damage|p2a: Rotom|76/100|[from] Stealth Rock
|turn|23
|
|t:|1760846854
|move|p1a: Zamazenta|Body Press|p2a: Rotom
|-damage|p2a: Rotom|16/100
|move|p2a: Rotom|Hydro Pump|p1a: Zamazenta
|-supereffective|p1a: Zamazenta
|-damage|p1a: Zamazenta|20/100
|
|-heal|p1a: Zamazenta|27/100|[from] item: Leftovers
|-heal|p2a: Rotom|23/100|[from] item: Leftovers
|upkeep
|turn|24
|
|t:|1760846860
|move|p1a: Zamazenta|Body Press|p2a: Rotom
|-damage|p2a: Rotom|0 fnt
|faint|p2a: Rotom
|
|-heal|p1a: Zamazenta|33/100|[from] item: Leftovers
|upkeep
|
|t:|1760846862
|switch|p2a: Landorus|Landorus-Therian, M|61/100
|-damage|p2a: Landorus|49/100|[from] Stealth Rock
|-ability|p2a: Landorus|Intimidate|boost
|-unboost|p1a: Zamazenta|atk|1
|turn|25
|
|t:|1760846867
|switch|p1a: Slowking|Slowking-Galar, M|78/100
|move|p2a: Landorus|Earthquake|p1a: Slowking
|-supereffective|p1a: Slowking
|-damage|p1a: Slowking|0 fnt
|faint|p1a: Slowking
|
|upkeep
|
|t:|1760846872
|switch|p1a: Meowscarada|Meowscarada, M|62/100
|turn|26
|
|t:|1760846897
|switch|p2a: Tyranitar|Tyranitar, F|99/100
|-damage|p2a: Tyranitar|86/100|[from] Stealth Rock
|-weather|Sandstorm|[from] ability: Sand Stream|[of] p2a: Tyranitar
|move|p1a: Meowscarada|Flower Trick|p2a: Tyranitar
|-start|p1a: Meowscarada|typechange|Grass|[from] ability: Protean
|-supereffective|p2a: Tyranitar
|-crit|p2a: Tyranitar
|-damage|p2a: Tyranitar|3/100
|
|-weather|Sandstorm|[upkeep]
|-damage|p1a: Meowscarada|55/100|[from] Sandstorm
|-heal|p2a: Tyranitar|9/100|[from] item: Leftovers
|upkeep
|turn|27
|
|t:|1760846910
|move|p1a: Meowscarada|Flower Trick|p2a: Tyranitar
|-supereffective|p2a: Tyranitar
|-crit|p2a: Tyranitar
|-damage|p2a: Tyranitar|0 fnt
|faint|p2a: Tyranitar
|
|-weather|Sandstorm|[upkeep]
|-damage|p1a: Meowscarada|49/100|[from] Sandstorm
|upkeep
|
|t:|1760846912
|switch|p2a: Landorus|Landorus-Therian, M|49/100
|-damage|p2a: Landorus|36/100|[from] Stealth Rock
|-ability|p2a: Landorus|Intimidate|boost
|-unboost|p1a: Meowscarada|atk|1
|turn|28
|
|t:|1760846934
|move|p1a: Meowscarada|Flower Trick|p2a: Landorus
|-crit|p2a: Landorus
|-damage|p2a: Landorus|0 fnt
|faint|p2a: Landorus
|
|win|tusk act 984
|raw|tusk act 984's rating: 1419 &rarr; <strong>1442</strong><br />(+23 for winning)
|raw|g3thyp's rating: 1479 &rarr; <strong>1456</strong><br />(-23 for losing)
|c|☆tusk act 984|gg wp
|c|☆g3thyp|gg
|l|☆tusk act 984
|player|p1|
|l|☆g3thyp
|player|p2|
