|j|☆darealjay
|j|☆sus skibidi
|t:|1760761064
|gametype|singles
|player|p1|darealjay|265|1387
|player|p2|sus skibidi|miku-ice|1471
|gen|9
|tier|[Gen 9] OU
|rated|
|rule|HP Percentage Mod: HP is shown in percentages
|rule|Endless Battle Clause: Forcing endless battles is banned
|rule|Species Clause: Limit one of each Pokémon
|rule|OHKO Clause: OHKO moves are banned
|rule|Evasion Items Clause: Evasion items are banned
|rule|Evasion Moves Clause: Evasion moves are banned
|rule|Evasion Abilities Clause: Evasion abilities are banned
|rule|Sleep Moves Clause: Sleep-inducing moves are banned
|clearpoke
|poke|p1|Ninetales-Alola, F|
|poke|p1|Garganacl, F|
|poke|p1|Cinderace, M|
|poke|p1|Corviknight, F|
|poke|p1|Kommo-o, F|
|poke|p1|Raging Bolt|
|poke|p2|Heatran, F|
|poke|p2|Ogerpon-Wellspring, F|
|poke|p2|Dragonite, F|
|poke|p2|Hatterene, F|
|poke|p2|Garganacl, M|
|poke|p2|Great Tusk|
|teampreview
|inactive|Battle timer is ON: inactive players will automatically lose when time's up. (requested by sus skibidi)
|
|t:|1760761074
|teamsize|p1|6
|teamsize|p2|6
|start
|switch|p1a: Cinderace|Cinderace, M|100/100
|switch|p2a: Guanciale|Garganacl, M, shiny|100/100
|turn|1
|
|t:|1760761077
|move|p1a: Cinderace|U-turn|p2a: Guanciale
|-start|p1a: Cinderace|typechange|Bug|[from] ability: Libero
|-damage|p2a: Guanciale|80/100
|
|t:|1760761079
|switch|p1a: Garganacl|Garganacl, F|100/100|[from] U-turn
|move|p2a: Guanciale|Salt Cure|p1a: Garganacl
|-damage|p1a: Garganacl|91/100
|-start|p1a: Garganacl|Salt Cure
|
|-heal|p2a: Guanciale|86/100|[from] item: Leftovers
|-heal|p1a: Garganacl|98/100|[from] item: Leftovers
|-damage|p1a: Garganacl|85/100|[from] Salt Cure
|upkeep
|turn|2
|
|t:|1760761104
|move|p2a: Guanciale|Curse|p2a: Guanciale
|-unboost|p2a: Guanciale|spe|1
|-boost|p2a: Guanciale|atk|1
|-boost|p2a: Guanciale|def|1
|move|p1a: Garganacl|Salt Cure|p2a: Guanciale
|-damage|p2a: Guanciale|80/100
|-start|p2a: Guanciale|Salt Cure
|
|-heal|p1a: Garganacl|91/100|[from] item: Leftovers
|-heal|p2a: Guanciale|86/100|[from] item: Leftovers
|-damage|p1a: Garganacl|79/100|[from] Salt Cure
|-damage|p2a: Guanciale|74/100|[from] Salt Cure
|upkeep
|turn|3
|
|t:|1760761107
|switch|p1a: Ninetales|Ninetales-Alola, F|100/100
|-weather|Snowscape|[from] ability: Snow Warning|[of] p1a: Ninetales
|move|p2a: Guanciale|Salt Cure|p1a: Ninetales
|-supereffective|p1a: Ninetales
|-damage|p1a: Ninetales|61/100
|-start|p1a: Ninetales|Salt Cure
|
|-weather|Snowscape|[upkeep]
|-heal|p2a: Guanciale|80/100|[from] item: Leftovers
|-damage|p1a: Ninetales|49/100|[from] Salt Cure
|-damage|p2a: Guanciale|67/100|[from] Salt Cure
|upkeep
|turn|4
|
|t:|1760761114
|move|p1a: Ninetales|Aurora Veil|p1a: Ninetales
|-sidestart|p1: darealjay|move: Aurora Veil
|move|p2a: Guanciale|Salt Cure|p1a: Ninetales
|-supereffective|p1a: Ninetales
|-damage|p1a: Ninetales|26/100
|
|-weather|Snowscape|[upkeep]
|-heal|p2a: Guanciale|74/100|[from] item: Leftovers
|-damage|p1a: Ninetales|14/100|[from] Salt Cure
|-damage|p2a: Guanciale|61/100|[from] Salt Cure
|upkeep
|turn|5
|inactive|sus skibidi has 120 seconds left.
|
|t:|1760761154
|move|p1a: Ninetales|Moonblast|p2a: Guanciale
|-damage|p2a: Guanciale|35/100
|move|p2a: Guanciale|Salt Cure|p1a: Ninetales
|-supereffective|p1a: Ninetales
|-damage|p1a: Ninetales|0 fnt
|faint|p1a: Ninetales
|
|-weather|Snowscape|[upkeep]
|-heal|p2a: Guanciale|41/100|[from] item: Leftovers
|-damage|p2a: Guanciale|29/100|[from] Salt Cure
|upkeep
|
|t:|1760761157
|switch|p1a: Kommo-o|Kommo-o, F|100/100
|turn|6
|
|t:|1760761162
|move|p1a: Kommo-o|Substitute|p1a: Kommo-o
|-start|p1a: Kommo-o|Substitute
|-damage|p1a: Kommo-o|75/100
|move|p2a: Guanciale|Salt Cure|p1a: Kommo-o
|-resisted|p1a: Kommo-o
|-activate|p1a: Kommo-o|move: Substitute|[damage]
|
|-weather|Snowscape|[upkeep]
|-heal|p2a: Guanciale|35/100|[from] item: Leftovers
|-damage|p2a: Guanciale|23/100|[from] Salt Cure
|upkeep
|turn|7
|
|t:|1760761168
|switch|p2a: Forever More Quoth|Hatterene, F|100/100
|move|p1a: Kommo-o|Belly Drum|p1a: Kommo-o
|-damage|p1a: Kommo-o|25/100
|-setboost|p1a: Kommo-o|atk|6|[from] move: Belly Drum
|-enditem|p1a: Kommo-o|Salac Berry|[eat]
|-boost|p1a: Kommo-o|spe|1|[from] item: Salac Berry
|
|-weather|none
|upkeep
|turn|8
|
|t:|1760761173
|-terastallize|p1a: Kommo-o|Steel
|move|p1a: Kommo-o|Ice Punch|p2a: Forever More Quoth
|-damage|p2a: Forever More Quoth|24/100
|-damage|p1a: Kommo-o|9/100|[from] item: Rocky Helmet|[of] p2a: Forever More Quoth
|move|p2a: Forever More Quoth|Dazzling Gleam|p1a: Kommo-o
|-resisted|p1a: Kommo-o
|-activate|p1a: Kommo-o|move: Substitute|[damage]
|
|upkeep
|turn|9
|
|t:|1760761183
|move|p1a: Kommo-o|Drain Punch|p2a: Forever More Quoth
|-resisted|p2a: Forever More Quoth
|-damage|p2a: Forever More Quoth|0 fnt
|-heal|p1a: Kommo-o|20/100|[from] drain|[of] p2a: Forever More Quoth
|-damage|p1a: Kommo-o|4/100|[from] item: Rocky Helmet|[of] p2a: Forever More Quoth
|faint|p2a: Forever More Quoth
|
|upkeep
|
|t:|1760761201
|switch|p2a: Good Night gngy|Dragonite, F|100/100
|turn|10
|
|t:|1760761207
|move|p1a: Kommo-o|Ice Punch|p2a: Good Night gngy
|-supereffective|p2a: Good Night gngy
|-damage|p2a: Good Night gngy|0 fnt
|faint|p2a: Good Night gngy
|
|upkeep
|-message|sus skibidi forfeited.
|
|win|darealjay
|raw|darealjay's rating: 1387 &rarr; <strong>1412</strong><br />(+25 for winning)
|raw|sus skibidi's rating: 1471 &rarr; <strong>1446</strong><br />(-25 for losing)
|l|☆sus skibidi
|player|p2|
|l|☆darealjay
|player|p1|
