|j|☆rewrite_361
|j|☆ProboZap
|t:|1760764364
|gametype|singles
|player|p1|rewrite_361|101|1151
|player|p2|ProboZap|thorton|1203
|gen|9
|tier|[Gen 9] OU
|rated|
|rule|HP Percentage Mod: HP is shown in percentages
|rule|Endless Battle Clause: Forcing endless battles is banned
|rule|Species Clause: Limit one of each Pokémon
|rule|OHKO Clause: OHKO moves are banned
|rule|Evasion Items Clause: Evasion items are banned
|rule|Evasion Moves Clause: Evasion moves are banned
|rule|Evasion Abilities Clause: Evasion abilities are banned
|rule|Sleep Moves Clause: Sleep-inducing moves are banned
|clearpoke
|poke|p1|Okidogi, M|
|poke|p1|Moltres|
|poke|p1|Samurott-Hisui, M|
|poke|p1|Iron Treads|
|poke|p1|Slowking-Galar, F|
|poke|p1|Iron Valiant|
|poke|p2|Scovillain, M|
|poke|p2|Walking Wake|
|poke|p2|Empoleon, F|
|poke|p2|Torkoal, F|
|poke|p2|Hydreigon, F|
|poke|p2|Qwilfish-Hisui, M|
|teampreview
|
|t:|1760764417
|teamsize|p1|6
|teamsize|p2|6
|start
|switch|p1a: Okidogi|Okidogi, M|100/100
|switch|p2a: Empoleon|Empoleon, F|100/100
|turn|1
|
|t:|1760764467
|switch|p2a: Qwilfish|Qwilfish-Hisui, M|100/100
|-ability|p2a: Qwilfish|Intimidate|boost
|-unboost|p1a: Okidogi|atk|1
|move|p1a: Okidogi|Drain Punch|p2a: Qwilfish
|-damage|p2a: Qwilfish|87/100
|
|upkeep
|turn|2
|
|t:|1760764473
|move|p2a: Qwilfish|Toxic Spikes|p1a: Okidogi
|-sidestart|p1: rewrite_361|move: Toxic Spikes
|move|p1a: Okidogi|Knock Off|p2a: Qwilfish
|-resisted|p2a: Qwilfish
|-damage|p2a: Qwilfish|81/100
|-enditem|p2a: Qwilfish|Eviolite|[from] move: Knock Off|[of] p1a: Okidogi
|
|upkeep
|turn|3
|
|t:|1760764503
|switch|p1a: Slowking|Slowking-Galar, F|100/100
|-sideend|p1: rewrite_361|move: Toxic Spikes|[of] p1a: Slowking
|move|p2a: Qwilfish|Pain Split|p1a: Slowking
|-sethp|p1a: Slowking|85/100|[from] move: Pain Split|[silent]
|-sethp|p2a: Qwilfish|98/100|[from] move: Pain Split
|
|upkeep
|turn|4
|
|t:|1760764521
|switch|p2a: Empoleon|Empoleon, F|100/100
|-prepare|p1a: Slowking|Chilly Reception|[premajor]
|move|p1a: Slowking|Chilly Reception|p1a: Slowking
|-weather|Snowscape
|
|t:|1760764561
|switch|p1a: Moltres|Moltres|100/100|[from] Chilly Reception
|
|-weather|Snowscape|[upkeep]
|upkeep
|turn|5
|
|t:|1760764564
|move|p1a: Moltres|Flamethrower|p2a: Empoleon
|-damage|p2a: Empoleon|70/100
|move|p2a: Empoleon|Stealth Rock|p1a: Moltres
|-sidestart|p1: rewrite_361|move: Stealth Rock
|
|-weather|Snowscape|[upkeep]
|-heal|p2a: Empoleon|77/100|[from] item: Leftovers
|upkeep
|turn|6
|
|t:|1760764569
|move|p1a: Moltres|Will-O-Wisp|p2a: Empoleon
|-status|p2a: Empoleon|brn
|move|p2a: Empoleon|Ice Beam|p1a: Moltres
|-damage|p1a: Moltres|82/100
|
|-weather|Snowscape|[upkeep]
|-heal|p2a: Empoleon|83/100 brn|[from] item: Leftovers
|-damage|p2a: Empoleon|77/100 brn|[from] brn
|upkeep
|turn|7
|
|t:|1760764607
|switch|p1a: Slowking|Slowking-Galar, F|100/100
|move|p2a: Empoleon|Flip Turn|p1a: Slowking
|-damage|p1a: Slowking|92/100
|-message|rewrite_361 forfeited.
|
|win|ProboZap
|raw|rewrite_361's rating: 1151 &rarr; <strong>1130</strong><br />(-21 for losing)
|raw|ProboZap's rating: 1203 &rarr; <strong>1224</strong><br />(+21 for winning)
|l|☆rewrite_361
|player|p1|
|l|☆ProboZap
|player|p2|
