|j|☆Ancient Silly
|j|☆terapagosb
|t:|1760881505
|gametype|singles
|player|p1|Ancient Silly|rocketgruntf|1441
|player|p2|terapagosb|2|1412
|gen|9
|tier|[Gen 9] OU
|rated|
|rule|HP Percentage Mod: HP is shown in percentages
|rule|Endless Battle Clause: Forcing endless battles is banned
|rule|Species Clause: Limit one of each Pokémon
|rule|OHKO Clause: OHKO moves are banned
|rule|Evasion Items Clause: Evasion items are banned
|rule|Evasion Moves Clause: Evasion moves are banned
|rule|Evasion Abilities Clause: Evasion abilities are banned
|rule|Sleep Moves Clause: Sleep-inducing moves are banned
|clearpoke
|poke|p1|Gholdengo|
|poke|p1|Iron Valiant|
|poke|p1|Ribombee, M|
|poke|p1|Great Tusk|
|poke|p1|Haxorus, F|
|poke|p1|Kleavor, F|
|poke|p2|Kingdra, F|
|poke|p2|Pelipper, M|
|poke|p2|Araquanid, M|
|poke|p2|Primarina, F|
|poke|p2|Ogerpon-Wellspring, F|
|poke|p2|Feraligatr, F|
|teampreview
|inactive|Battle timer is ON: inactive players will automatically lose when time's up. (requested by Ancient Silly)
|
|t:|1760881531
|teamsize|p1|6
|teamsize|p2|6
|start
|switch|p1a: Ribombee|Ribombee, M|100/100
|switch|p2a: Feraligatr|Feraligatr, F|100/100
|turn|1
|c|☆Ancient Silly|Blue
|
|t:|1760881551
|move|p1a: Ribombee|Skill Swap|p2a: Feraligatr
|-activate|p1a: Ribombee|move: Skill Swap|Sheer Force|Shield Dust|[of] p2a: Feraligatr
|move|p2a: Feraligatr|Dragon Dance|p2a: Feraligatr
|-boost|p2a: Feraligatr|atk|1
|-boost|p2a: Feraligatr|spe|1
|
|upkeep
|turn|2
|
|t:|1760881558
|move|p2a: Feraligatr|Dragon Dance|p2a: Feraligatr
|-boost|p2a: Feraligatr|atk|1
|-boost|p2a: Feraligatr|spe|1
|move|p1a: Ribombee|Sticky Web|p2a: Feraligatr
|-sidestart|p2: terapagosb|move: Sticky Web
|
|upkeep
|turn|3
|
|t:|1760881563
|move|p2a: Feraligatr|Waterfall|p1a: Ribombee
|-enditem|p1a: Ribombee|Focus Sash
|-damage|p1a: Ribombee|1/100
|-damage|p2a: Feraligatr|91/100|[from] item: Life Orb
|move|p1a: Ribombee|Moonblast|p2a: Feraligatr
|-damage|p2a: Feraligatr|12/100
|
|upkeep
|turn|4
|
|t:|1760881572
|move|p2a: Feraligatr|Waterfall|p1a: Ribombee
|-damage|p1a: Ribombee|0 fnt
|faint|p1a: Ribombee
|-damage|p2a: Feraligatr|2/100|[from] item: Life Orb
|
|upkeep
|
|t:|1760881576
|switch|p1a: Iron Valiant|Iron Valiant|100/100
|-enditem|p1a: Iron Valiant|Booster Energy
|-activate|p1a: Iron Valiant|ability: Quark Drive|[fromitem]
|-start|p1a: Iron Valiant|quarkdrivespa
|turn|5
|
|t:|1760881581
|move|p1a: Iron Valiant|Vacuum Wave|p2a: Feraligatr
|-damage|p2a: Feraligatr|0 fnt
|faint|p2a: Feraligatr
|
|upkeep
|
|t:|1760881587
|switch|p2a: Primarina|Primarina, F|100/100
|-activate|p2a: Primarina|move: Sticky Web
|-unboost|p2a: Primarina|spe|1
|turn|6
|inactive|Ancient Silly has 120 seconds left.
|
|t:|1760881628
|move|p1a: Iron Valiant|Calm Mind|p1a: Iron Valiant
|-boost|p1a: Iron Valiant|spa|1
|-boost|p1a: Iron Valiant|spd|1
|move|p2a: Primarina|Draining Kiss|p1a: Iron Valiant
|-supereffective|p1a: Iron Valiant
|-damage|p1a: Iron Valiant|32/100
|
|upkeep
|turn|7
|
|t:|1760881637
|move|p1a: Iron Valiant|Thunderbolt|p2a: Primarina
|-supereffective|p2a: Primarina
|-damage|p2a: Primarina|29/100
|move|p2a: Primarina|Draining Kiss|p1a: Iron Valiant
|-supereffective|p1a: Iron Valiant
|-damage|p1a: Iron Valiant|0 fnt
|-heal|p2a: Primarina|47/100|[from] drain|[of] p1a: Iron Valiant
|faint|p1a: Iron Valiant
|-end|p1a: Iron Valiant|Quark Drive|[silent]
|
|upkeep
|inactive|Ancient Silly has 120 seconds left.
|
|t:|1760881646
|switch|p1a: Gholdengo|Gholdengo|100/100
|-item|p1a: Gholdengo|Air Balloon
|turn|8
|
|t:|1760881651
|move|p1a: Gholdengo|Shadow Ball|p2a: Primarina
|-damage|p2a: Primarina|21/100
|move|p2a: Primarina|Psychic Noise|p1a: Gholdengo
|-damage|p1a: Gholdengo|54/100
|-start|p1a: Gholdengo|move: Heal Block
|-enditem|p1a: Gholdengo|Air Balloon
|
|upkeep
|turn|9
|
|t:|1760881663
|move|p1a: Gholdengo|Shadow Ball|p2a: Primarina
|-damage|p2a: Primarina|0 fnt
|faint|p2a: Primarina
|
|-end|p1a: Gholdengo|move: Heal Block
|upkeep
|
|t:|1760881670
|switch|p2a: Araquanid|Araquanid, M|100/100
|-activate|p2a: Araquanid|move: Sticky Web
|-unboost|p2a: Araquanid|spe|1
|turn|10
|inactive|Ancient Silly has 120 seconds left.
|
|t:|1760881709
|switch|p1a: Haxorus|Haxorus, F|100/100
|-ability|p1a: Haxorus|Mold Breaker
|move|p2a: Araquanid|Liquidation|p1a: Haxorus
|-resisted|p1a: Haxorus
|-damage|p1a: Haxorus|63/100
|-unboost|p1a: Haxorus|def|1
|
|upkeep
|turn|11
|inactive|Ancient Silly has 120 seconds left.
|
|t:|1760881729
|move|p1a: Haxorus|Dragon Dance|p1a: Haxorus
|-boost|p1a: Haxorus|atk|1
|-boost|p1a: Haxorus|spe|1
|move|p2a: Araquanid|Leech Life|p1a: Haxorus
|-damage|p1a: Haxorus|3/100
|
|upkeep
|turn|12
|
|t:|1760881736
|move|p1a: Haxorus|Outrage|p2a: Araquanid
|-damage|p2a: Araquanid|0 fnt
|faint|p2a: Araquanid
|
|upkeep
|
|t:|1760881742
|switch|p2a: Pelipper|Pelipper, M|100/100
|-weather|RainDance|[from] ability: Drizzle|[of] p2a: Pelipper
|turn|13
|
|t:|1760881754
|move|p1a: Haxorus|Outrage|p2a: Pelipper|[from] lockedmove
|-damage|p2a: Pelipper|9/100
|move|p2a: Pelipper|U-turn|p1a: Haxorus
|-damage|p1a: Haxorus|0 fnt
|faint|p1a: Haxorus
|
|t:|1760881761
|switch|p2a: Kingdra|Kingdra, F|100/100|[from] U-turn
|-activate|p2a: Kingdra|move: Sticky Web
|-unboost|p2a: Kingdra|spe|1
|
|-weather|RainDance|[upkeep]
|upkeep
|inactive|Ancient Silly has 120 seconds left.
|
|t:|1760881794
|switch|p1a: Gholdengo|Gholdengo|54/100
|turn|14
|
|t:|1760881800
|-terastallize|p2a: Kingdra|Water
|move|p2a: Kingdra|Surf|p1a: Gholdengo
|-damage|p1a: Gholdengo|0 fnt
|faint|p1a: Gholdengo
|
|-weather|RainDance|[upkeep]
|upkeep
|inactive|Ancient Silly has 120 seconds left.
|inactive|Ancient Silly has 90 seconds left.
|
|t:|1760881835
|switch|p1a: Kleavor|Kleavor, F|100/100
|turn|15
|
|t:|1760881846
|-terastallize|p1a: Kleavor|Fighting
|move|p2a: Kingdra|Surf|p1a: Kleavor
|-crit|p1a: Kleavor
|-damage|p1a: Kleavor|0 fnt
|faint|p1a: Kleavor
|
|-weather|RainDance|[upkeep]
|upkeep
|-message|Ancient Silly forfeited.
|
|win|terapagosb
|raw|Ancient Silly's rating: 1441 &rarr; <strong>1419</strong><br />(-22 for losing)
|raw|terapagosb's rating: 1412 &rarr; <strong>1434</strong><br />(+22 for winning)
|l|☆Ancient Silly
|player|p1|
|l|☆terapagosb
|player|p2|
