|j|☆OP Earthquakes
|j|☆pcklee
|t:|1760764030
|gametype|singles
|player|p1|OP Earthquakes|giovanni-masters|1494
|player|p2|pcklee|101|1602
|gen|9
|tier|[Gen 9] OU
|rated|
|rule|HP Percentage Mod: HP is shown in percentages
|rule|Endless Battle Clause: Forcing endless battles is banned
|rule|Species Clause: Limit one of each Pokémon
|rule|OHKO Clause: OHKO moves are banned
|rule|Evasion Items Clause: Evasion items are banned
|rule|Evasion Moves Clause: Evasion moves are banned
|rule|Evasion Abilities Clause: Evasion abilities are banned
|rule|Sleep Moves Clause: Sleep-inducing moves are banned
|clearpoke
|poke|p1|Excadrill, M|
|poke|p1|Hawlucha, M|
|poke|p1|Kyurem|
|poke|p1|Tyranitar, F|
|poke|p1|Pawmot, M|
|poke|p1|Thundurus-Therian, M|
|poke|p2|Darkrai|
|poke|p2|Rillaboom, F|
|poke|p2|Zamazenta-*|
|poke|p2|Gholdengo|
|poke|p2|Great Tusk|
|poke|p2|Raging Bolt|
|teampreview
|inactive|Battle timer is ON: inactive players will automatically lose when time's up. (requested by OP Earthquakes)
|c|☆OP Earthquakes|GLHF!
|
|t:|1760764046
|teamsize|p1|6
|teamsize|p2|6
|start
|switch|p1a: Frieza|Kyurem, shiny|100/100
|switch|p2a: Rillaboom|Rillaboom, F|100/100
|-ability|p1a: Frieza|Pressure
|-fieldstart|move: Grassy Terrain|[from] ability: Grassy Surge|[of] p2a: Rillaboom
|turn|1
|
|t:|1760764057
|switch|p2a: Gholdengo|Gholdengo|100/100
|move|p1a: Frieza|Freeze-Dry|p2a: Gholdengo
|-resisted|p2a: Gholdengo
|-damage|p2a: Gholdengo|78/100
|
|-heal|p2a: Gholdengo|84/100|[from] Grassy Terrain
|upkeep
|turn|2
|
|t:|1760764077
|move|p2a: Gholdengo|Make It Rain|p1a: Frieza
|-supereffective|p1a: Frieza
|-damage|p1a: Frieza|0 fnt
|-unboost|p2a: Gholdengo|spa|1
|faint|p1a: Frieza
|
|-heal|p2a: Gholdengo|90/100|[from] Grassy Terrain
|upkeep
|
|t:|1760764083
|switch|p1a: Porunga|Pawmot, M|100/100
|turn|3
|inactive|pcklee has 120 seconds left.
|
|t:|1760764109
|switch|p2a: Great Tusk|Great Tusk|100/100
|move|p1a: Porunga|Revival Blessing|p1a: Porunga
|-enditem|p1a: Porunga|Leppa Berry|[eat]
|-activate|p1a: Porunga|item: Leppa Berry|Revival Blessing|[consumed]
|
|t:|1760764114
|-heal|p1: Frieza|50/100|[from] move: Revival Blessing
|
|upkeep
|turn|4
|
|t:|1760764126
|switch|p1a: Thundurus|Thundurus-Therian, M|100/100
|move|p2a: Great Tusk|Stealth Rock|p1a: Thundurus
|-sidestart|p1: OP Earthquakes|move: Stealth Rock
|
|upkeep
|turn|5
|inactive|pcklee has 120 seconds left.
|
|t:|1760764147
|-end|p2a: Great Tusk|Protosynthesis|[silent]
|switch|p2a: Gholdengo|Gholdengo|90/100
|-terastallize|p1a: Thundurus|Flying
|move|p1a: Thundurus|Tera Blast|p2a: Gholdengo|[anim] Tera Blast Flying
|-resisted|p2a: Gholdengo
|-damage|p2a: Gholdengo|49/100
|
|-heal|p2a: Gholdengo|55/100|[from] Grassy Terrain
|-fieldend|move: Grassy Terrain
|upkeep
|turn|6
|
|t:|1760764157
|switch|p1a: OP|Excadrill, M|100/100
|-damage|p1a: OP|97/100|[from] Stealth Rock
|move|p2a: Gholdengo|Make It Rain|p1a: OP
|-resisted|p1a: OP
|-damage|p1a: OP|55/100
|-unboost|p2a: Gholdengo|spa|1
|
|upkeep
|turn|7
|inactive|pcklee has 120 seconds left.
|
|t:|1760764181
|switch|p2a: Rillaboom|Rillaboom, F|100/100
|-fieldstart|move: Grassy Terrain|[from] ability: Grassy Surge|[of] p2a: Rillaboom
|move|p1a: OP|Iron Head|p2a: Rillaboom
|-damage|p2a: Rillaboom|30/100
|
|-heal|p1a: OP|61/100|[from] Grassy Terrain
|-heal|p2a: Rillaboom|37/100|[from] Grassy Terrain
|upkeep
|turn|8
|inactive|pcklee has 120 seconds left.
|
|t:|1760764192
|switch|p1a: Itachi|Hawlucha, M, shiny|100/100
|-damage|p1a: Itachi|88/100|[from] Stealth Rock
|-ability|p1a: Itachi|Mold Breaker
|move|p2a: Rillaboom|Wood Hammer|p1a: Itachi
|-resisted|p1a: Itachi
|-damage|p1a: Itachi|24/100
|-damage|p2a: Rillaboom|19/100|[from] Recoil
|-enditem|p1a: Itachi|Red Card|[of] p2a: Rillaboom
|drag|p2a: Zamazenta|Zamazenta, shiny|100/100
|-ability|p2a: Zamazenta|Dauntless Shield|boost
|-boost|p2a: Zamazenta|def|1
|
|upkeep
|turn|9
|inactive|pcklee has 120 seconds left.
|
|t:|1760764222
|move|p2a: Zamazenta|Heavy Slam|p1a: Itachi
|-damage|p1a: Itachi|0 fnt
|faint|p1a: Itachi
|
|upkeep
|
|t:|1760764231
|switch|p1a: Thundurus|Thundurus-Therian, M, tera:Flying|100/100
|-damage|p1a: Thundurus|76/100|[from] Stealth Rock
|turn|10
|inactive|pcklee has 90 seconds left.
|
|t:|1760764260
|-terastallize|p2a: Zamazenta|Steel
|move|p1a: Thundurus|Volt Switch|p2a: Zamazenta
|-damage|p2a: Zamazenta|59/100
|
|t:|1760764269
|switch|p1a: Shukaku|Tyranitar, F, shiny|100/100|[from] Volt Switch
|-damage|p1a: Shukaku|88/100|[from] Stealth Rock
|-weather|Sandstorm|[from] ability: Sand Stream|[of] p1a: Shukaku
|move|p2a: Zamazenta|Stone Edge|p1a: Shukaku|[miss]
|-miss|p2a: Zamazenta|p1a: Shukaku
|
|-weather|Sandstorm|[upkeep]
|-heal|p2a: Zamazenta|65/100|[from] Grassy Terrain
|-heal|p1a: Shukaku|94/100|[from] Grassy Terrain
|upkeep
|turn|11
|
|t:|1760764286
|switch|p1a: Frieza|Kyurem, shiny|50/100
|-damage|p1a: Frieza|25/100|[from] Stealth Rock
|-ability|p1a: Frieza|Pressure
|move|p2a: Zamazenta|Close Combat|p1a: Frieza
|-supereffective|p1a: Frieza
|-damage|p1a: Frieza|0 fnt
|-unboost|p2a: Zamazenta|def|1
|-unboost|p2a: Zamazenta|spd|1
|faint|p1a: Frieza
|
|-weather|Sandstorm|[upkeep]
|-heal|p2a: Zamazenta|71/100|[from] Grassy Terrain
|-fieldend|move: Grassy Terrain
|upkeep
|
|t:|1760764293
|switch|p1a: OP|Excadrill, M|61/100
|-damage|p1a: OP|58/100|[from] Stealth Rock
|turn|12
|inactive|pcklee has 90 seconds left.
|
|t:|1760764313
|move|p1a: OP|Earthquake|p2a: Zamazenta
|-supereffective|p2a: Zamazenta
|-damage|p2a: Zamazenta|0 fnt
|faint|p2a: Zamazenta
|
|-weather|Sandstorm|[upkeep]
|upkeep
|inactive|pcklee has 90 seconds left.
|
|t:|1760764328
|switch|p2a: Great Tusk|Great Tusk|100/100
|turn|13
|
|t:|1760764350
|move|p1a: OP|Earthquake|p2a: Great Tusk
|-damage|p2a: Great Tusk|50/100
|move|p2a: Great Tusk|Ice Spinner|p1a: OP
|-damage|p1a: OP|24/100
|
|-weather|Sandstorm|[upkeep]
|upkeep
|turn|14
|
|t:|1760764356
|move|p1a: OP|Earthquake|p2a: Great Tusk
|-damage|p2a: Great Tusk|0 fnt
|faint|p2a: Great Tusk
|-end|p2a: Great Tusk|Protosynthesis|[silent]
|
|-weather|Sandstorm|[upkeep]
|upkeep
|
|t:|1760764361
|switch|p2a: Rillaboom|Rillaboom, F|19/100
|-fieldstart|move: Grassy Terrain|[from] ability: Grassy Surge|[of] p2a: Rillaboom
|turn|15
|
|t:|1760764391
|move|p2a: Rillaboom|Grassy Glide|p1a: OP
|-damage|p1a: OP|0 fnt
|faint|p1a: OP
|
|-weather|Sandstorm|[upkeep]
|-damage|p2a: Rillaboom|13/100|[from] Sandstorm
|-heal|p2a: Rillaboom|19/100|[from] Grassy Terrain
|upkeep
|
|t:|1760764394
|switch|p1a: Porunga|Pawmot, M|100/100
|-damage|p1a: Porunga|95/100|[from] Stealth Rock
|turn|16
|
|t:|1760764405
|move|p2a: Rillaboom|Grassy Glide|p1a: Porunga
|-damage|p1a: Porunga|39/100
|move|p1a: Porunga|Revival Blessing|p1a: Porunga
|
|t:|1760764414
|-heal|p1: Itachi|50/100|[from] move: Revival Blessing
|
|-weather|Sandstorm|[upkeep]
|-damage|p1a: Porunga|33/100|[from] Sandstorm
|-damage|p2a: Rillaboom|13/100|[from] Sandstorm
|-heal|p1a: Porunga|39/100|[from] Grassy Terrain
|-heal|p2a: Rillaboom|19/100|[from] Grassy Terrain
|upkeep
|turn|17
|inactive|OP Earthquakes has 120 seconds left.
|
|t:|1760764457
|move|p1a: Porunga|Rest|p1a: Porunga
|-status|p1a: Porunga|slp|[from] move: Rest
|-heal|p1a: Porunga|100/100 slp|[silent]
|move|p2a: Rillaboom|Wood Hammer|p1a: Porunga
|-damage|p1a: Porunga|0 fnt
|faint|p1a: Porunga
|-damage|p2a: Rillaboom|0 fnt|[from] Recoil
|faint|p2a: Rillaboom
|
|-weather|none
|upkeep
|inactive|pcklee has 90 seconds left.
|inactive|OP Earthquakes has 90 seconds left.
|c|☆OP Earthquakes|GLHF!
|inactive|pcklee has 60 seconds left.
|inactive|OP Earthquakes has 60 seconds left.
|
|t:|1760764523
|switch|p1a: Itachi|Hawlucha, M, shiny|50/100
|switch|p2a: Gholdengo|Gholdengo|55/100
|-damage|p1a: Itachi|38/100|[from] Stealth Rock
|-ability|p1a: Itachi|Mold Breaker
|turn|18
|inactive|pcklee has 60 seconds left.
|
|t:|1760764558
|move|p2a: Gholdengo|Shadow Ball|p1a: Itachi
|-damage|p1a: Itachi|0 fnt
|faint|p1a: Itachi
|
|-heal|p2a: Gholdengo|61/100|[from] Grassy Terrain
|upkeep
|
|t:|1760764570
|switch|p1a: Shukaku|Tyranitar, F, shiny|94/100
|-damage|p1a: Shukaku|82/100|[from] Stealth Rock
|-weather|Sandstorm|[from] ability: Sand Stream|[of] p1a: Shukaku
|turn|19
|
|t:|1760764577
|switch|p2a: Darkrai|Darkrai|100/100
|move|p1a: Shukaku|Stealth Rock|p2a: Darkrai
|-sidestart|p2: pcklee|move: Stealth Rock
|
|-weather|Sandstorm|[upkeep]
|-damage|p2a: Darkrai|94/100|[from] Sandstorm
|-heal|p2a: Darkrai|100/100|[from] Grassy Terrain
|-heal|p1a: Shukaku|88/100|[from] Grassy Terrain
|-fieldend|move: Grassy Terrain
|upkeep
|turn|20
|
|t:|1760764592
|move|p2a: Darkrai|Ice Beam|p1a: Shukaku
|-damage|p1a: Shukaku|67/100
|move|p1a: Shukaku|Thunder Wave|p2a: Darkrai
|-status|p2a: Darkrai|par
|
|-weather|Sandstorm|[upkeep]
|-damage|p2a: Darkrai|94/100 par|[from] Sandstorm
|upkeep
|turn|21
|
|t:|1760764599
|move|p2a: Darkrai|Ice Beam|p1a: Shukaku
|-damage|p1a: Shukaku|48/100
|move|p1a: Shukaku|Roar|p2a: Darkrai
|drag|p2a: Raging Bolt|Raging Bolt|100/100
|-damage|p2a: Raging Bolt|88/100|[from] Stealth Rock
|-enditem|p2a: Raging Bolt|Booster Energy
|-activate|p2a: Raging Bolt|ability: Protosynthesis|[fromitem]
|-start|p2a: Raging Bolt|protosynthesisspa
|
|-weather|Sandstorm|[upkeep]
|-damage|p2a: Raging Bolt|82/100|[from] Sandstorm
|upkeep
|turn|22
|
|t:|1760764617
|switch|p1a: Thundurus|Thundurus-Therian, M, tera:Flying|76/100
|-damage|p1a: Thundurus|51/100|[from] Stealth Rock
|move|p2a: Raging Bolt|Thunderbolt|p1a: Thundurus
|-heal|p1a: Thundurus|76/100|[from] ability: Volt Absorb|[of] p2a: Raging Bolt
|
|-weather|Sandstorm|[upkeep]
|-damage|p1a: Thundurus|70/100|[from] Sandstorm
|-damage|p2a: Raging Bolt|76/100|[from] Sandstorm
|upkeep
|turn|23
|inactive|OP Earthquakes has 60 seconds left.
|
|t:|1760764645
|move|p1a: Thundurus|Volt Switch|p2a: Raging Bolt
|-resisted|p2a: Raging Bolt
|-damage|p2a: Raging Bolt|65/100
|
|t:|1760764649
|switch|p1a: Shukaku|Tyranitar, F, shiny|48/100|[from] Volt Switch
|-damage|p1a: Shukaku|35/100|[from] Stealth Rock
|move|p2a: Raging Bolt|Dragon Pulse|p1a: Shukaku
|-damage|p1a: Shukaku|0 fnt
|faint|p1a: Shukaku
|
|-weather|Sandstorm|[upkeep]
|-damage|p2a: Raging Bolt|59/100|[from] Sandstorm
|upkeep
|inactive|OP Earthquakes has 60 seconds left.
|
|t:|1760764661
|switch|p1a: Thundurus|Thundurus-Therian, M, tera:Flying|70/100
|-damage|p1a: Thundurus|45/100|[from] Stealth Rock
|turn|24
|inactive|OP Earthquakes has 60 seconds left.
|
|t:|1760764671
|move|p1a: Thundurus|Dark Pulse|p2a: Raging Bolt
|-damage|p2a: Raging Bolt|25/100
|move|p2a: Raging Bolt|Dragon Pulse|p1a: Thundurus
|-damage|p1a: Thundurus|0 fnt
|faint|p1a: Thundurus
|
|win|pcklee
|raw|OP Earthquakes's rating: 1494 &rarr; <strong>1480</strong><br />(-14 for losing)
|raw|pcklee's rating: 1602 &rarr; <strong>1616</strong><br />(+14 for winning)
|l|☆OP Earthquakes
|player|p1|
|c|☆pcklee|gg
|l|☆pcklee
|player|p2|
