|j|☆Brimbordur
|j|☆shawnydiesel
|t:|1760835247
|gametype|singles
|player|p1|Brimbordur|depotagent|1464
|player|p2|shawnydiesel|hoopster|1405
|gen|9
|tier|[Gen 9] OU
|rated|
|rule|HP Percentage Mod: HP is shown in percentages
|rule|Endless Battle Clause: Forcing endless battles is banned
|rule|Species Clause: Limit one of each Pokémon
|rule|OHKO Clause: OHKO moves are banned
|rule|Evasion Items Clause: Evasion items are banned
|rule|Evasion Moves Clause: Evasion moves are banned
|rule|Evasion Abilities Clause: Evasion abilities are banned
|rule|Sleep Moves Clause: Sleep-inducing moves are banned
|clearpoke
|poke|p1|Clefable, M|
|poke|p1|Moltres|
|poke|p1|Gliscor, F|
|poke|p1|Corviknight, M|
|poke|p1|Gholdengo|
|poke|p1|Gastrodon-East, F|
|poke|p2|Great Tusk|
|poke|p2|Kingambit, M|
|poke|p2|Raging Bolt|
|poke|p2|Walking Wake|
|poke|p2|Ninetales, F|
|poke|p2|Ceruledge, M|
|teampreview
|inactive|Battle timer is ON: inactive players will automatically lose when time's up. (requested by shawnydiesel)
|
|t:|1760835258
|teamsize|p1|6
|teamsize|p2|6
|start
|switch|p1a: Gliscor|Gliscor, F|100/100
|switch|p2a: Ninetales|Ninetales, F|100/100
|-weather|SunnyDay|[from] ability: Drought|[of] p2a: Ninetales
|turn|1
|
|t:|1760835264
|switch|p2a: Walking Wake|Walking Wake|100/100
|-activate|p2a: Walking Wake|ability: Protosynthesis
|-start|p2a: Walking Wake|protosynthesisspe
|move|p1a: Gliscor|Protect||[still]
|-fail|p1a: Gliscor
|
|-weather|SunnyDay|[upkeep]
|-status|p1a: Gliscor|tox|[from] item: Toxic Orb
|upkeep
|turn|2
|
|t:|1760835272
|move|p1a: Gliscor|Protect|p1a: Gliscor
|-singleturn|p1a: Gliscor|Protect
|move|p2a: Walking Wake|Hydro Steam|p1a: Gliscor
|-activate|p1a: Gliscor|move: Protect
|
|-weather|SunnyDay|[upkeep]
|upkeep
|turn|3
|
|t:|1760835276
|switch|p1a: Gastrodon|Gastrodon-East, F|100/100
|move|p2a: Walking Wake|Hydro Steam|p1a: Gastrodon
|-ability|p1a: Gastrodon|Storm Drain|boost
|-boost|p1a: Gastrodon|spa|1
|
|-weather|SunnyDay|[upkeep]
|upkeep
|turn|4
|
|t:|1760835293
|move|p2a: Walking Wake|Draco Meteor|p1a: Gastrodon
|-damage|p1a: Gastrodon|54/100
|-unboost|p2a: Walking Wake|spa|2
|move|p1a: Gastrodon|Stealth Rock|p2a: Walking Wake
|-sidestart|p2: shawnydiesel|move: Stealth Rock
|
|-weather|SunnyDay|[upkeep]
|upkeep
|turn|5
|
|t:|1760835308
|-end|p2a: Walking Wake|Protosynthesis|[silent]
|switch|p2a: Raging Bolt|Raging Bolt|100/100
|-damage|p2a: Raging Bolt|88/100|[from] Stealth Rock
|-activate|p2a: Raging Bolt|ability: Protosynthesis
|-start|p2a: Raging Bolt|protosynthesisspa
|move|p1a: Gastrodon|Recover|p1a: Gastrodon
|-heal|p1a: Gastrodon|100/100
|
|-weather|SunnyDay|[upkeep]
|upkeep
|turn|6
|
|t:|1760835328
|switch|p1a: Corviknight|Corviknight, M|100/100
|-ability|p1a: Corviknight|Pressure
|move|p2a: Raging Bolt|Solar Beam||[still]
|-prepare|p2a: Raging Bolt|Solar Beam
|-anim|p2a: Raging Bolt|Solar Beam|p1a: Corviknight
|-resisted|p1a: Corviknight
|-damage|p1a: Corviknight|82/100
|-damage|p2a: Raging Bolt|78/100|[from] item: Life Orb
|
|-weather|SunnyDay|[upkeep]
|upkeep
|turn|7
|
|t:|1760835336
|switch|p1a: Gastrodon|Gastrodon-East, F|100/100
|move|p2a: Raging Bolt|Weather Ball|p1a: Gastrodon
|-resisted|p1a: Gastrodon
|-damage|p1a: Gastrodon|66/100
|-damage|p2a: Raging Bolt|68/100|[from] item: Life Orb
|
|-weather|SunnyDay|[upkeep]
|upkeep
|turn|8
|
|t:|1760835344
|switch|p1a: Clefable|Clefable, M|100/100
|move|p2a: Raging Bolt|Solar Beam||[still]
|-prepare|p2a: Raging Bolt|Solar Beam
|-anim|p2a: Raging Bolt|Solar Beam|p1a: Clefable
|-damage|p1a: Clefable|30/100
|-damage|p2a: Raging Bolt|58/100|[from] item: Life Orb
|
|-weather|none
|-end|p2a: Raging Bolt|Protosynthesis
|upkeep
|turn|9
|
|t:|1760835360
|switch|p1a: Gastrodon|Gastrodon-East, F|66/100
|move|p2a: Raging Bolt|Thunderclap||[still]
|-fail|p2a: Raging Bolt
|
|upkeep
|turn|10
|
|t:|1760835385
|-end|p2a: Raging Bolt|Protosynthesis|[silent]
|switch|p2a: Great Tusk|Great Tusk|100/100
|-damage|p2a: Great Tusk|98/100|[from] Stealth Rock
|move|p1a: Gastrodon|Sludge Bomb|p2a: Great Tusk
|-resisted|p2a: Great Tusk
|-damage|p2a: Great Tusk|88/100
|
|upkeep
|turn|11
|
|t:|1760835393
|move|p2a: Great Tusk|Rapid Spin|p1a: Gastrodon
|-damage|p1a: Gastrodon|46/100
|-boost|p2a: Great Tusk|spe|1
|-sideend|p2: shawnydiesel|Stealth Rock|[from] move: Rapid Spin|[of] p2a: Great Tusk
|move|p1a: Gastrodon|Recover|p1a: Gastrodon
|-heal|p1a: Gastrodon|96/100
|
|upkeep
|turn|12
|
|t:|1760835404
|switch|p1a: Moltres|Moltres|100/100
|move|p2a: Great Tusk|Ice Spinner|p1a: Moltres
|-damage|p1a: Moltres|80/100
|
|upkeep
|turn|13
|
|t:|1760835413
|-end|p2a: Great Tusk|Protosynthesis|[silent]
|switch|p2a: Ninetales|Ninetales, F|100/100
|-weather|SunnyDay|[from] ability: Drought|[of] p2a: Ninetales
|move|p1a: Moltres|U-turn|p2a: Ninetales
|-resisted|p2a: Ninetales
|-damage|p2a: Ninetales|89/100
|
|t:|1760835418
|switch|p1a: Gliscor|Gliscor, F|100/100 tox|[from] U-turn
|
|-weather|SunnyDay|[upkeep]
|upkeep
|turn|14
|
|t:|1760835426
|switch|p2a: Walking Wake|Walking Wake|100/100
|-activate|p2a: Walking Wake|ability: Protosynthesis
|-start|p2a: Walking Wake|protosynthesisspe
|move|p1a: Gliscor|Toxic|p2a: Walking Wake|[miss]
|-miss|p1a: Gliscor|p2a: Walking Wake
|
|-weather|SunnyDay|[upkeep]
|upkeep
|turn|15
|
|t:|1760835444
|move|p1a: Gliscor|Protect|p1a: Gliscor
|-singleturn|p1a: Gliscor|Protect
|move|p2a: Walking Wake|Weather Ball|p1a: Gliscor
|-activate|p1a: Gliscor|move: Protect
|
|-weather|SunnyDay|[upkeep]
|upkeep
|turn|16
|
|t:|1760835450
|switch|p1a: Gastrodon|Gastrodon-East, F|96/100
|move|p2a: Walking Wake|Weather Ball|p1a: Gastrodon
|-resisted|p1a: Gastrodon
|-damage|p1a: Gastrodon|78/100
|
|-weather|SunnyDay|[upkeep]
|upkeep
|turn|17
|
|t:|1760835459
|move|p2a: Walking Wake|Hydro Steam|p1a: Gastrodon
|-ability|p1a: Gastrodon|Storm Drain|boost
|-boost|p1a: Gastrodon|spa|1
|move|p1a: Gastrodon|Sludge Bomb|p2a: Walking Wake
|-damage|p2a: Walking Wake|66/100
|
|-weather|SunnyDay|[upkeep]
|upkeep
|turn|18
|
|t:|1760835465
|move|p2a: Walking Wake|Draco Meteor|p1a: Gastrodon
|-damage|p1a: Gastrodon|27/100
|-unboost|p2a: Walking Wake|spa|2
|move|p1a: Gastrodon|Recover|p1a: Gastrodon
|-heal|p1a: Gastrodon|77/100
|
|-weather|SunnyDay|[upkeep]
|upkeep
|turn|19
|
|t:|1760835475
|-end|p2a: Walking Wake|Protosynthesis|[silent]
|switch|p2a: Raging Bolt|Raging Bolt|58/100
|-activate|p2a: Raging Bolt|ability: Protosynthesis
|-start|p2a: Raging Bolt|protosynthesisspa
|move|p1a: Gastrodon|Stealth Rock|p2a: Raging Bolt
|-sidestart|p2: shawnydiesel|move: Stealth Rock
|
|-weather|SunnyDay|[upkeep]
|upkeep
|turn|20
|
|t:|1760835488
|switch|p1a: Gliscor|Gliscor, F|100/100 tox
|move|p2a: Raging Bolt|Solar Beam||[still]
|-prepare|p2a: Raging Bolt|Solar Beam
|-anim|p2a: Raging Bolt|Solar Beam|p1a: Gliscor
|-damage|p1a: Gliscor|29/100 tox
|-damage|p2a: Raging Bolt|48/100|[from] item: Life Orb
|
|-weather|none
|-end|p2a: Raging Bolt|Protosynthesis
|-heal|p1a: Gliscor|42/100 tox|[from] ability: Poison Heal
|upkeep
|turn|21
|
|t:|1760835495
|move|p1a: Gliscor|Protect|p1a: Gliscor
|-singleturn|p1a: Gliscor|Protect
|move|p2a: Raging Bolt|Dragon Pulse|p1a: Gliscor
|-activate|p1a: Gliscor|move: Protect
|
|-heal|p1a: Gliscor|54/100 tox|[from] ability: Poison Heal
|upkeep
|turn|22
|
|t:|1760835502
|switch|p1a: Gastrodon|Gastrodon-East, F|77/100
|move|p2a: Raging Bolt|Dragon Pulse|p1a: Gastrodon
|-damage|p1a: Gastrodon|32/100
|-damage|p2a: Raging Bolt|38/100|[from] item: Life Orb
|
|upkeep
|turn|23
|
|t:|1760835509
|switch|p1a: Clefable|Clefable, M|30/100
|move|p2a: Raging Bolt|Solar Beam||[still]
|-prepare|p2a: Raging Bolt|Solar Beam
|
|upkeep
|turn|24
|
|t:|1760835516
|move|p2a: Raging Bolt|Solar Beam|p1a: Clefable|[from] lockedmove
|-damage|p1a: Clefable|0 fnt
|faint|p1a: Clefable
|-damage|p2a: Raging Bolt|28/100|[from] item: Life Orb
|
|upkeep
|
|t:|1760835520
|switch|p1a: Gholdengo|Gholdengo|100/100
|turn|25
|
|t:|1760835532
|-end|p2a: Raging Bolt|Protosynthesis|[silent]
|switch|p2a: Kingambit|Kingambit, M|100/100
|-damage|p2a: Kingambit|94/100|[from] Stealth Rock
|-item|p2a: Kingambit|Air Balloon
|move|p1a: Gholdengo|Focus Blast|p2a: Kingambit
|-supereffective|p2a: Kingambit
|-damage|p2a: Kingambit|0 fnt
|-enditem|p2a: Kingambit|Air Balloon
|faint|p2a: Kingambit
|-end|p2a: Kingambit|fallenundefined|[silent]
|
|upkeep
|-message|shawnydiesel forfeited.
|
|win|Brimbordur
|raw|Brimbordur's rating: 1464 &rarr; <strong>1481</strong><br />(+17 for winning)
|raw|shawnydiesel's rating: 1405 &rarr; <strong>1388</strong><br />(-17 for losing)
|l|☆shawnydiesel
|player|p2|
|l|☆Brimbordur
|player|p1|
