|j|☆yonderfarer
|j|☆nube4real
|t:|1760848056
|gametype|singles
|player|p1|yonderfarer|blue|1176
|player|p2|nube4real|red|1215
|gen|9
|tier|[Gen 9] OU
|rated|
|rule|HP Percentage Mod: HP is shown in percentages
|rule|Endless Battle Clause: Forcing endless battles is banned
|rule|Species Clause: Limit one of each Pokémon
|rule|OHKO Clause: OHKO moves are banned
|rule|Evasion Items Clause: Evasion items are banned
|rule|Evasion Moves Clause: Evasion moves are banned
|rule|Evasion Abilities Clause: Evasion abilities are banned
|rule|Sleep Moves Clause: Sleep-inducing moves are banned
|clearpoke
|poke|p1|Hatterene, F|
|poke|p1|Iron Crown|
|poke|p1|Darkrai|
|poke|p1|Golurk|
|poke|p1|Quaquaval, M|
|poke|p1|Raging Bolt|
|poke|p2|Zamazenta-*|
|poke|p2|Pelipper, M|
|poke|p2|Overqwil, M|
|poke|p2|Alomomola, F|
|poke|p2|Glimmora, F|
|poke|p2|Dragonite, M|
|teampreview
|inactive|Battle timer is ON: inactive players will automatically lose when time's up. (requested by nube4real)
|
|t:|1760848093
|teamsize|p1|6
|teamsize|p2|6
|start
|switch|p1a: Raging Bolt|Raging Bolt|100/100
|switch|p2a: Glimmora|Glimmora, F|100/100
|turn|1
|
|t:|1760848103
|move|p2a: Glimmora|Stealth Rock|p1a: Raging Bolt
|-sidestart|p1: yonderfarer|move: Stealth Rock
|move|p1a: Raging Bolt|Volt Switch|p2a: Glimmora
|-damage|p2a: Glimmora|25/100
|
|t:|1760848107
|-end|p1a: Raging Bolt|Protosynthesis|[silent]
|switch|p1a: Quaquaval|Quaquaval, M|100/100|[from] Volt Switch
|-damage|p1a: Quaquaval|94/100|[from] Stealth Rock
|
|upkeep
|turn|2
|
|t:|1760848118
|-terastallize|p1a: Quaquaval|Water
|move|p2a: Glimmora|Spiky Shield|p2a: Glimmora
|-singleturn|p2a: Glimmora|move: Protect
|move|p1a: Quaquaval|Aqua Step|p2a: Glimmora
|-activate|p2a: Glimmora|move: Protect
|-damage|p1a: Quaquaval|82/100|[from] Spiky Shield|[of] p2a: Glimmora
|
|upkeep
|turn|3
|
|t:|1760848128
|move|p2a: Glimmora|Mortal Spin|p1a: Quaquaval
|-damage|p1a: Quaquaval|74/100
|-status|p1a: Quaquaval|psn
|move|p1a: Quaquaval|Aqua Step|p2a: Glimmora
|-supereffective|p2a: Glimmora
|-damage|p2a: Glimmora|0 fnt
|-boost|p1a: Quaquaval|spe|1
|-activate|p2a: Glimmora|ability: Toxic Debris
|-sidestart|p1: yonderfarer|move: Toxic Spikes
|faint|p2a: Glimmora
|-ability|p1a: Quaquaval|Moxie|boost
|-boost|p1a: Quaquaval|atk|1
|
|-damage|p1a: Quaquaval|62/100 psn|[from] psn
|upkeep
|
|t:|1760848141
|switch|p2a: Zamazenta|Zamazenta|100/100
|-ability|p2a: Zamazenta|Dauntless Shield|boost
|-boost|p2a: Zamazenta|def|1
|turn|4
|
|t:|1760848150
|move|p1a: Quaquaval|Aqua Step|p2a: Zamazenta
|-damage|p2a: Zamazenta|37/100
|-boost|p1a: Quaquaval|spe|1
|-enditem|p2a: Zamazenta|Red Card|[of] p1a: Quaquaval
|drag|p1a: Raging Bolt|Raging Bolt|100/100
|-damage|p1a: Raging Bolt|88/100|[from] Stealth Rock
|-status|p1a: Raging Bolt|psn
|move|p2a: Zamazenta|Iron Defense|p2a: Zamazenta
|-boost|p2a: Zamazenta|def|2
|
|-damage|p1a: Raging Bolt|76/100 psn|[from] psn
|upkeep
|turn|5
|
|t:|1760848167
|move|p1a: Raging Bolt|Thunderclap|p2a: Zamazenta
|-damage|p2a: Zamazenta|0 fnt
|faint|p2a: Zamazenta
|
|-damage|p1a: Raging Bolt|63/100 psn|[from] psn
|upkeep
|
|t:|1760848173
|switch|p2a: Dragonite|Dragonite, M|100/100
|turn|6
|
|t:|1760848199
|-end|p1a: Raging Bolt|Protosynthesis|[silent]
|switch|p1a: Golurk|Golurk|100/100
|-damage|p1a: Golurk|94/100|[from] Stealth Rock
|-status|p1a: Golurk|psn
|move|p2a: Dragonite|Dragon Dance|p2a: Dragonite
|-boost|p2a: Dragonite|atk|1
|-boost|p2a: Dragonite|spe|1
|
|-damage|p1a: Golurk|82/100 psn|[from] psn
|upkeep
|turn|7
|
|t:|1760848215
|move|p2a: Dragonite|Outrage|p1a: Golurk
|-damage|p1a: Golurk|0 fnt
|faint|p1a: Golurk
|
|upkeep
|
|t:|1760848223
|switch|p1a: Hatterene|Hatterene, F|100/100
|-damage|p1a: Hatterene|88/100|[from] Stealth Rock
|-status|p1a: Hatterene|psn
|turn|8
|
|t:|1760848229
|move|p2a: Dragonite|Outrage|p1a: Hatterene|[from] lockedmove
|-immune|p1a: Hatterene
|-start|p2a: Dragonite|confusion|[fatigue]
|-enditem|p2a: Dragonite|Lum Berry|[eat]
|-end|p2a: Dragonite|confusion
|move|p1a: Hatterene|Draining Kiss|p2a: Dragonite
|-supereffective|p2a: Dragonite
|-damage|p2a: Dragonite|69/100
|-heal|p1a: Hatterene|100/100 psn|[from] drain|[of] p2a: Dragonite
|
|-damage|p1a: Hatterene|88/100 psn|[from] psn
|upkeep
|turn|9
|
|t:|1760848241
|-terastallize|p2a: Dragonite|Normal
|move|p2a: Dragonite|Dragon Dance|p2a: Dragonite
|-boost|p2a: Dragonite|atk|1
|-boost|p2a: Dragonite|spe|1
|move|p1a: Hatterene|Draining Kiss|p2a: Dragonite
|-damage|p2a: Dragonite|40/100
|-heal|p1a: Hatterene|100/100 psn|[from] drain|[of] p2a: Dragonite
|
|-damage|p1a: Hatterene|88/100 psn|[from] psn
|upkeep
|turn|10
|
|t:|1760848257
|move|p2a: Dragonite|Extreme Speed|p1a: Hatterene
|-damage|p1a: Hatterene|0 fnt
|faint|p1a: Hatterene
|
|upkeep
|
|t:|1760848267
|switch|p1a: Iron Crown|Iron Crown|100/100
|-damage|p1a: Iron Crown|94/100|[from] Stealth Rock
|-enditem|p1a: Iron Crown|Booster Energy
|-activate|p1a: Iron Crown|ability: Quark Drive|[fromitem]
|-start|p1a: Iron Crown|quarkdrivespa
|turn|11
|
|t:|1760848276
|move|p2a: Dragonite|Fire Punch|p1a: Iron Crown
|-supereffective|p1a: Iron Crown
|-damage|p1a: Iron Crown|0 fnt
|faint|p1a: Iron Crown
|-end|p1a: Iron Crown|Quark Drive|[silent]
|
|upkeep
|
|t:|1760848283
|switch|p1a: Raging Bolt|Raging Bolt|63/100 psn
|-damage|p1a: Raging Bolt|51/100 psn|[from] Stealth Rock
|turn|12
|
|t:|1760848301
|move|p2a: Dragonite|Extreme Speed|p1a: Raging Bolt
|-damage|p1a: Raging Bolt|0 fnt
|faint|p1a: Raging Bolt
|-end|p1a: Raging Bolt|Protosynthesis|[silent]
|
|upkeep
|-message|yonderfarer forfeited.
|
|win|nube4real
|raw|yonderfarer's rating: 1176 &rarr; <strong>1154</strong><br />(-22 for losing)
|raw|nube4real's rating: 1215 &rarr; <strong>1237</strong><br />(+22 for winning)
|l|☆yonderfarer
|player|p1|
|l|☆nube4real
|player|p2|
|j|☆nube4real
|player|p2|nube4real|red|
|l|☆nube4real
|player|p2|
