|j|☆Chillmaxxer
|j|☆teatrero mugroso
|t:|1760751491
|gametype|singles
|player|p1|Chillmaxxer|scientist-gen4|1304
|player|p2|teatrero mugroso|blue|1348
|gen|9
|tier|[Gen 9] OU
|rated|
|rule|HP Percentage Mod: HP is shown in percentages
|rule|Endless Battle Clause: Forcing endless battles is banned
|rule|Species Clause: Limit one of each Pokémon
|rule|OHKO Clause: OHKO moves are banned
|rule|Evasion Items Clause: Evasion items are banned
|rule|Evasion Moves Clause: Evasion moves are banned
|rule|Evasion Abilities Clause: Evasion abilities are banned
|rule|Sleep Moves Clause: Sleep-inducing moves are banned
|clearpoke
|poke|p1|Kingdra, M|
|poke|p1|Pelipper, F|
|poke|p1|Basculegion, M|
|poke|p1|Iron Treads|
|poke|p1|Thundurus-Therian, M|
|poke|p1|Slowking, M|
|poke|p2|Clefable, M|
|poke|p2|Blastoise, M|
|poke|p2|Gengar, M|
|poke|p2|Magneton|
|poke|p2|Dragonite, F|
|poke|p2|Moltres|
|teampreview
|inactive|Battle timer is ON: inactive players will automatically lose when time's up. (requested by teatrero mugroso)
|
|t:|1760751516
|teamsize|p1|6
|teamsize|p2|6
|start
|switch|p1a: Pelipper|Pelipper, F|100/100
|switch|p2a: Gengar|Gengar, M|100/100
|-weather|RainDance|[from] ability: Drizzle|[of] p1a: Pelipper
|turn|1
|
|t:|1760751523
|switch|p1a: Iron Treads|Iron Treads|100/100
|move|p2a: Gengar|Sludge Wave|p1a: Iron Treads
|-immune|p1a: Iron Treads
|
|-weather|RainDance|[upkeep]
|upkeep
|turn|2
|
|t:|1760751529
|move|p2a: Gengar|Focus Blast|p1a: Iron Treads
|-supereffective|p1a: Iron Treads
|-damage|p1a: Iron Treads|39/100
|move|p1a: Iron Treads|Volt Switch|p2a: Gengar
|-crit|p2a: Gengar
|-damage|p2a: Gengar|75/100
|
|t:|1760751540
|-end|p1a: Iron Treads|Quark Drive|[silent]
|switch|p1a: Kingdra|Kingdra, M|100/100|[from] Volt Switch
|
|-weather|RainDance|[upkeep]
|upkeep
|turn|3
|
|t:|1760751550
|switch|p2a: Moltres|Moltres|100/100
|move|p1a: Kingdra|Weather Ball|p2a: Moltres
|-supereffective|p2a: Moltres
|-damage|p2a: Moltres|0 fnt
|faint|p2a: Moltres
|
|-weather|RainDance|[upkeep]
|upkeep
|
|t:|1760751559
|switch|p2a: Clefable|Clefable, M|100/100
|turn|4
|
|t:|1760751568
|-terastallize|p1a: Kingdra|Water
|move|p1a: Kingdra|Focus Energy|p1a: Kingdra
|-start|p1a: Kingdra|move: Focus Energy
|move|p2a: Clefable|Stealth Rock|p1a: Kingdra
|-sidestart|p1: Chillmaxxer|move: Stealth Rock
|
|-weather|RainDance|[upkeep]
|upkeep
|turn|5
|
|t:|1760751575
|move|p1a: Kingdra|Weather Ball|p2a: Clefable
|-crit|p2a: Clefable
|-damage|p2a: Clefable|18/100
|move|p2a: Clefable|Thunder Wave|p1a: Kingdra
|-status|p1a: Kingdra|par
|
|-weather|RainDance|[upkeep]
|-heal|p2a: Clefable|24/100|[from] item: Leftovers
|upkeep
|turn|6
|
|t:|1760751584
|move|p1a: Kingdra|Weather Ball|p2a: Clefable
|-crit|p2a: Clefable
|-damage|p2a: Clefable|0 fnt
|faint|p2a: Clefable
|
|-weather|RainDance|[upkeep]
|upkeep
|
|t:|1760751595
|switch|p2a: Dragonite|Dragonite, F|100/100
|turn|7
|
|t:|1760751607
|move|p2a: Dragonite|Extreme Speed|p1a: Kingdra
|-damage|p1a: Kingdra|47/100 par
|move|p1a: Kingdra|Draco Meteor|p2a: Dragonite
|-supereffective|p2a: Dragonite
|-crit|p2a: Dragonite
|-damage|p2a: Dragonite|21/100
|-unboost|p1a: Kingdra|spa|2
|
|-weather|RainDance|[upkeep]
|upkeep
|turn|8
|
|t:|1760751615
|switch|p1a: Basculegion|Basculegion, M|100/100
|-damage|p1a: Basculegion|88/100|[from] Stealth Rock
|move|p2a: Dragonite|Extreme Speed|p1a: Basculegion
|-immune|p1a: Basculegion
|
|-weather|none
|upkeep
|turn|9
|
|t:|1760751624
|switch|p2a: Blastoise|Blastoise, M|100/100
|move|p1a: Basculegion|Flip Turn|p2a: Blastoise
|-resisted|p2a: Blastoise
|-damage|p2a: Blastoise|86/100
|
|t:|1760751631
|switch|p1a: Thundurus|Thundurus-Therian, M|100/100|[from] Flip Turn
|
|-heal|p2a: Blastoise|92/100|[from] item: Leftovers
|upkeep
|turn|10
|
|t:|1760751637
|move|p1a: Thundurus|Thunder|p2a: Blastoise
|-supereffective|p2a: Blastoise
|-damage|p2a: Blastoise|0 fnt
|faint|p2a: Blastoise
|
|upkeep
|
|t:|1760751645
|switch|p2a: Gengar|Gengar, M|75/100
|turn|11
|
|t:|1760751657
|switch|p1a: Pelipper|Pelipper, F|100/100
|-damage|p1a: Pelipper|75/100|[from] Stealth Rock
|-weather|RainDance|[from] ability: Drizzle|[of] p1a: Pelipper
|move|p2a: Gengar|Shadow Ball|p1a: Pelipper
|-damage|p1a: Pelipper|21/100
|-unboost|p1a: Pelipper|spd|1
|
|-weather|RainDance|[upkeep]
|upkeep
|turn|12
|
|t:|1760751670
|switch|p1a: Iron Treads|Iron Treads|39/100
|-damage|p1a: Iron Treads|36/100|[from] Stealth Rock
|move|p2a: Gengar|Shadow Ball|p1a: Iron Treads
|-damage|p1a: Iron Treads|0 fnt
|faint|p1a: Iron Treads
|-end|p1a: Iron Treads|Quark Drive|[silent]
|
|-weather|RainDance|[upkeep]
|upkeep
|
|t:|1760751679
|switch|p1a: Basculegion|Basculegion, M|88/100
|-damage|p1a: Basculegion|76/100|[from] Stealth Rock
|turn|13
|
|t:|1760751695
|switch|p2a: Magneton|Magneton|100/100
|move|p1a: Basculegion|Wave Crash|p2a: Magneton
|-damage|p2a: Magneton|0 fnt
|faint|p2a: Magneton
|-damage|p1a: Basculegion|55/100|[from] Recoil
|
|-weather|RainDance|[upkeep]
|upkeep
|
|t:|1760751707
|switch|p2a: Dragonite|Dragonite, F|21/100
|turn|14
|
|t:|1760751713
|-terastallize|p2a: Dragonite|Normal
|move|p1a: Basculegion|Wave Crash|p2a: Dragonite
|-damage|p2a: Dragonite|0 fnt
|faint|p2a: Dragonite
|-damage|p1a: Basculegion|49/100|[from] Recoil
|
|-weather|RainDance|[upkeep]
|upkeep
|-message|teatrero mugroso forfeited.
|
|win|Chillmaxxer
|raw|Chillmaxxer's rating: 1304 &rarr; <strong>1327</strong><br />(+23 for winning)
|raw|teatrero mugroso's rating: 1348 &rarr; <strong>1325</strong><br />(-23 for losing)
|l|☆teatrero mugroso
|player|p2|
|l|☆Chillmaxxer
|player|p1|
