|j|☆sb117(纯路人)
|j|☆Abstrct84
|t:|1760852049
|gametype|singles
|player|p1|sb117(纯路人)|acetrainerf|1345
|player|p2|Abstrct84|parasollady-gen4|1343
|gen|9
|tier|[Gen 9] OU
|rated|
|rule|HP Percentage Mod: HP is shown in percentages
|rule|Endless Battle Clause: Forcing endless battles is banned
|rule|Species Clause: Limit one of each Pokémon
|rule|OHKO Clause: OHKO moves are banned
|rule|Evasion Items Clause: Evasion items are banned
|rule|Evasion Moves Clause: Evasion moves are banned
|rule|Evasion Abilities Clause: Evasion abilities are banned
|rule|Sleep Moves Clause: Sleep-inducing moves are banned
|clearpoke
|poke|p1|Heatran, M|
|poke|p1|Great Tusk|
|poke|p1|Muk-Alola, M|
|poke|p1|Sinistcha-Masterpiece|
|poke|p1|Garganacl, M|
|poke|p1|Alomomola, F|
|poke|p2|Gholdengo|
|poke|p2|Garganacl, F|
|poke|p2|Great Tusk|
|poke|p2|Meowscarada, F|
|poke|p2|Maushold|
|poke|p2|Toxapex, M|
|teampreview
|inactive|Battle timer is ON: inactive players will automatically lose when time's up. (requested by sb117(纯路人))
|
|t:|1760852059
|teamsize|p1|6
|teamsize|p2|6
|start
|switch|p1a: Sinistcha|Sinistcha-Masterpiece, shiny|100/100
|switch|p2a: :3|Meowscarada, F|100/100
|turn|1
|
|t:|1760852074
|switch|p1a: Heatran|Heatran, M, shiny|100/100
|move|p2a: :3|Knock Off|p1a: Heatran
|-start|p2a: :3|typechange|Dark|[from] ability: Protean
|-damage|p1a: Heatran|71/100
|-enditem|p1a: Heatran|Leftovers|[from] move: Knock Off|[of] p2a: :3
|
|upkeep
|turn|2
|
|t:|1760852083
|move|p2a: :3|U-turn|p1a: Heatran
|-resisted|p1a: Heatran
|-damage|p1a: Heatran|67/100
|
|t:|1760852089
|switch|p2a: Gholdengo|Gholdengo|100/100|[from] U-turn
|move|p1a: Heatran|Stealth Rock|p2a: Gholdengo
|-sidestart|p2: Abstrct84|move: Stealth Rock
|
|upkeep
|turn|3
|
|t:|1760852102
|switch|p1a: Alomomola|Alomomola, F, shiny|100/100
|move|p2a: Gholdengo|Shadow Ball|p1a: Alomomola
|-damage|p1a: Alomomola|68/100
|
|upkeep
|turn|4
|
|t:|1760852105
|move|p2a: Gholdengo|Shadow Ball|p1a: Alomomola
|-damage|p1a: Alomomola|37/100
|move|p1a: Alomomola|Flip Turn|p2a: Gholdengo
|-damage|p2a: Gholdengo|82/100
|
|t:|1760852110
|switch|p1a: Heatran|Heatran, M, shiny|67/100|[from] Flip Turn
|
|upkeep
|turn|5
|
|t:|1760852117
|switch|p2a: Toxapex|Toxapex, M|100/100
|move|p1a: Heatran|Magma Storm|p2a: Toxapex
|-resisted|p2a: Toxapex
|-damage|p2a: Toxapex|88/100
|-activate|p2a: Toxapex|move: Magma Storm|[of] p1a: Heatran
|
|-damage|p2a: Toxapex|75/100|[from] move: Magma Storm|[partiallytrapped]
|upkeep
|turn|6
|
|t:|1760852122
|move|p1a: Heatran|Substitute|p1a: Heatran
|-start|p1a: Heatran|Substitute
|-damage|p1a: Heatran|42/100
|move|p2a: Toxapex|Infestation|p1a: Heatran
|-resisted|p1a: Heatran
|-activate|p1a: Heatran|move: Substitute|[damage]
|
|-damage|p2a: Toxapex|63/100|[from] move: Magma Storm|[partiallytrapped]
|upkeep
|turn|7
|
|t:|1760852133
|move|p1a: Heatran|Protect|p1a: Heatran
|-singleturn|p1a: Heatran|Protect
|move|p2a: Toxapex|Recover|p2a: Toxapex
|-heal|p2a: Toxapex|100/100
|
|-damage|p2a: Toxapex|88/100|[from] move: Magma Storm|[partiallytrapped]
|upkeep
|turn|8
|
|t:|1760852139
|move|p1a: Heatran|Magma Storm|p2a: Toxapex
|-resisted|p2a: Toxapex
|-damage|p2a: Toxapex|75/100
|move|p2a: Toxapex|Infestation|p1a: Heatran
|-resisted|p1a: Heatran
|-activate|p1a: Heatran|move: Substitute|[damage]
|
|-damage|p2a: Toxapex|63/100|[from] move: Magma Storm|[partiallytrapped]
|upkeep
|turn|9
|
|t:|1760852148
|move|p1a: Heatran|Protect|p1a: Heatran
|-singleturn|p1a: Heatran|Protect
|move|p2a: Toxapex|Recover|p2a: Toxapex
|-heal|p2a: Toxapex|100/100
|
|-damage|p2a: Toxapex|88/100|[from] move: Magma Storm|[partiallytrapped]
|upkeep
|turn|10
|
|t:|1760852151
|move|p1a: Heatran|Stealth Rock||[still]
|-fail|p1a: Heatran
|move|p2a: Toxapex|Infestation|p1a: Heatran
|-resisted|p1a: Heatran
|-activate|p1a: Heatran|move: Substitute|[damage]
|
|-end|p2a: Toxapex|Magma Storm|[partiallytrapped]
|upkeep
|turn|11
|
|t:|1760852158
|switch|p2a: Garganacl|Garganacl, F|100/100
|-damage|p2a: Garganacl|88/100|[from] Stealth Rock
|move|p1a: Heatran|Protect||[still]
|-fail|p1a: Heatran
|
|-heal|p2a: Garganacl|94/100|[from] item: Leftovers
|upkeep
|turn|12
|
|t:|1760852162
|move|p1a: Heatran|Magma Storm|p2a: Garganacl
|-resisted|p2a: Garganacl
|-damage|p2a: Garganacl|81/100
|-activate|p2a: Garganacl|move: Magma Storm|[of] p1a: Heatran
|move|p2a: Garganacl|Salt Cure|p1a: Heatran
|-activate|p1a: Heatran|move: Substitute|[damage]
|
|-heal|p2a: Garganacl|87/100|[from] item: Leftovers
|-damage|p2a: Garganacl|75/100|[from] move: Magma Storm|[partiallytrapped]
|upkeep
|turn|13
|
|t:|1760852167
|move|p1a: Heatran|Protect|p1a: Heatran
|-singleturn|p1a: Heatran|Protect
|move|p2a: Garganacl|Salt Cure|p1a: Heatran
|-activate|p1a: Heatran|move: Protect
|
|-heal|p2a: Garganacl|81/100|[from] item: Leftovers
|-damage|p2a: Garganacl|69/100|[from] move: Magma Storm|[partiallytrapped]
|upkeep
|turn|14
|
|t:|1760852170
|move|p1a: Heatran|Stealth Rock||[still]
|-fail|p1a: Heatran
|move|p2a: Garganacl|Salt Cure|p1a: Heatran
|-activate|p1a: Heatran|move: Substitute|[damage]
|
|-heal|p2a: Garganacl|75/100|[from] item: Leftovers
|-damage|p2a: Garganacl|62/100|[from] move: Magma Storm|[partiallytrapped]
|upkeep
|turn|15
|
|t:|1760852176
|move|p1a: Heatran|Protect|p1a: Heatran
|-singleturn|p1a: Heatran|Protect
|move|p2a: Garganacl|Salt Cure|p1a: Heatran
|-activate|p1a: Heatran|move: Protect
|
|-heal|p2a: Garganacl|69/100|[from] item: Leftovers
|-damage|p2a: Garganacl|56/100|[from] move: Magma Storm|[partiallytrapped]
|upkeep
|turn|16
|
|t:|1760852182
|move|p1a: Heatran|Stealth Rock||[still]
|-fail|p1a: Heatran
|move|p2a: Garganacl|Salt Cure|p1a: Heatran
|-end|p1a: Heatran|Substitute
|
|-heal|p2a: Garganacl|62/100|[from] item: Leftovers
|-damage|p2a: Garganacl|50/100|[from] move: Magma Storm|[partiallytrapped]
|upkeep
|turn|17
|
|t:|1760852187
|move|p1a: Heatran|Substitute|p1a: Heatran
|-start|p1a: Heatran|Substitute
|-damage|p1a: Heatran|17/100
|move|p2a: Garganacl|Salt Cure|p1a: Heatran
|-activate|p1a: Heatran|move: Substitute|[damage]
|
|-heal|p2a: Garganacl|56/100|[from] item: Leftovers
|-end|p2a: Garganacl|Magma Storm|[partiallytrapped]
|upkeep
|turn|18
|
|t:|1760852193
|move|p1a: Heatran|Magma Storm|p2a: Garganacl
|-resisted|p2a: Garganacl
|-damage|p2a: Garganacl|41/100
|-activate|p2a: Garganacl|move: Magma Storm|[of] p1a: Heatran
|move|p2a: Garganacl|Salt Cure|p1a: Heatran
|-activate|p1a: Heatran|move: Substitute|[damage]
|
|-heal|p2a: Garganacl|48/100|[from] item: Leftovers
|-damage|p2a: Garganacl|35/100|[from] move: Magma Storm|[partiallytrapped]
|upkeep
|turn|19
|
|t:|1760852200
|switch|p1a: Sinistcha|Sinistcha-Masterpiece, shiny|100/100
|move|p2a: Garganacl|Recover|p2a: Garganacl
|-heal|p2a: Garganacl|85/100
|
|-heal|p2a: Garganacl|91/100|[from] item: Leftovers
|-end|p2a: Garganacl|Magma Storm|[partiallytrapped]|[silent]
|upkeep
|turn|20
|
|t:|1760852212
|move|p1a: Sinistcha|Shadow Ball|p2a: Garganacl
|-damage|p2a: Garganacl|76/100
|move|p2a: Garganacl|Stealth Rock|p1a: Sinistcha
|-sidestart|p1: sb117(纯路人)|move: Stealth Rock
|
|-heal|p2a: Garganacl|82/100|[from] item: Leftovers
|upkeep
|turn|21
|
|t:|1760852218
|switch|p2a: Toxapex|Toxapex, M|100/100
|move|p1a: Sinistcha|Matcha Gotcha|p2a: Toxapex
|-damage|p2a: Toxapex|76/100
|
|upkeep
|turn|22
|
|t:|1760852224
|move|p1a: Sinistcha|Matcha Gotcha|p2a: Toxapex
|-damage|p2a: Toxapex|51/100
|move|p2a: Toxapex|Toxic|p1a: Sinistcha
|-status|p1a: Sinistcha|tox
|
|-damage|p1a: Sinistcha|94/100 tox|[from] psn
|upkeep
|turn|23
|
|t:|1760852230
|switch|p1a: Great Tusk|Great Tusk, shiny|100/100
|move|p2a: Toxapex|Infestation|p1a: Great Tusk
|-resisted|p1a: Great Tusk
|-damage|p1a: Great Tusk|98/100
|-activate|p1a: Great Tusk|move: Infestation|[of] p2a: Toxapex
|
|-damage|p1a: Great Tusk|86/100|[from] move: Infestation|[partiallytrapped]
|upkeep
|turn|24
|
|t:|1760852237
|switch|p2a: :3|Meowscarada, F|100/100
|move|p1a: Great Tusk|Headlong Rush|p2a: :3
|-resisted|p2a: :3
|-damage|p2a: :3|49/100
|-unboost|p1a: Great Tusk|def|1
|-unboost|p1a: Great Tusk|spd|1
|
|-end|p1a: Great Tusk|Infestation|[partiallytrapped]|[silent]
|upkeep
|turn|25
|
|t:|1760852246
|-end|p1a: Great Tusk|Protosynthesis|[silent]
|switch|p1a: Heatran|Heatran, M, shiny|17/100
|-damage|p1a: Heatran|5/100|[from] Stealth Rock
|move|p2a: :3|Flower Trick|p1a: Heatran
|-start|p2a: :3|typechange|Grass|[from] ability: Protean
|-resisted|p1a: Heatran
|-crit|p1a: Heatran
|-damage|p1a: Heatran|0 fnt
|faint|p1a: Heatran
|
|upkeep
|
|t:|1760852262
|switch|p1a: Muk|Muk-Alola, M, shiny|100/100
|-damage|p1a: Muk|88/100|[from] Stealth Rock
|turn|26
|
|t:|1760852267
|move|p2a: :3|U-turn|p1a: Muk
|-damage|p1a: Muk|66/100
|
|t:|1760852275
|switch|p2a: Garganacl|Garganacl, F|82/100|[from] U-turn
|-damage|p2a: Garganacl|70/100|[from] Stealth Rock
|move|p1a: Muk|Drain Punch|p2a: Garganacl
|-supereffective|p2a: Garganacl
|-damage|p2a: Garganacl|36/100
|-heal|p1a: Muk|83/100|[from] drain|[of] p2a: Garganacl
|
|-heal|p2a: Garganacl|43/100|[from] item: Leftovers
|upkeep
|turn|27
|
|t:|1760852284
|-singleturn|p1a: Muk|move: Focus Punch
|move|p2a: Garganacl|Recover|p2a: Garganacl
|-heal|p2a: Garganacl|93/100
|move|p1a: Muk|Focus Punch|p2a: Garganacl
|-supereffective|p2a: Garganacl
|-crit|p2a: Garganacl
|-damage|p2a: Garganacl|0 fnt
|faint|p2a: Garganacl
|
|upkeep
|c|☆Abstrct84|what
|
|t:|1760852301
|switch|p2a: Two Gay Rats|Maushold|100/100
|-damage|p2a: Two Gay Rats|88/100|[from] Stealth Rock
|turn|28
|c|☆sb117(纯路人)|💀
|
|t:|1760852311
|switch|p1a: Sinistcha|Sinistcha-Masterpiece, shiny|94/100 tox
|-terastallize|p2a: Two Gay Rats|Ghost
|move|p2a: Two Gay Rats|Encore||[still]
|-fail|p2a: Two Gay Rats
|
|-damage|p1a: Sinistcha|88/100 tox|[from] psn
|upkeep
|turn|29
|
|t:|1760852321
|move|p2a: Two Gay Rats|Tidy Up|p2a: Two Gay Rats
|-sideend|p2: Abstrct84|Stealth Rock
|-sideend|p1: sb117(纯路人)|Stealth Rock
|-activate|p2a: Two Gay Rats|move: Tidy Up
|-boost|p2a: Two Gay Rats|atk|1
|-boost|p2a: Two Gay Rats|spe|1
|move|p1a: Sinistcha|Strength Sap|p2a: Two Gay Rats
|-unboost|p2a: Two Gay Rats|atk|1
|-heal|p1a: Sinistcha|100/100 tox
|
|-damage|p1a: Sinistcha|88/100 tox|[from] psn
|upkeep
|turn|30
|
|t:|1760852335
|move|p2a: Two Gay Rats|Bite|p1a: Sinistcha
|-supereffective|p1a: Sinistcha
|-damage|p1a: Sinistcha|51/100 tox
|move|p1a: Sinistcha|Matcha Gotcha|p2a: Two Gay Rats
|-damage|p2a: Two Gay Rats|29/100
|-heal|p1a: Sinistcha|79/100 tox|[from] drain|[of] p2a: Two Gay Rats
|
|-damage|p1a: Sinistcha|61/100 tox|[from] psn
|upkeep
|turn|31
|
|t:|1760852347
|move|p2a: Two Gay Rats|Bite|p1a: Sinistcha
|-supereffective|p1a: Sinistcha
|-damage|p1a: Sinistcha|22/100 tox
|move|p1a: Sinistcha|Strength Sap|p2a: Two Gay Rats
|-unboost|p2a: Two Gay Rats|atk|1
|-heal|p1a: Sinistcha|100/100 tox
|
|-damage|p1a: Sinistcha|76/100 tox|[from] psn
|upkeep
|turn|32
|
|t:|1760852356
|switch|p1a: Muk|Muk-Alola, M, shiny|83/100
|move|p2a: Two Gay Rats|Encore||[still]
|-fail|p2a: Two Gay Rats
|
|upkeep
|turn|33
|
|t:|1760852368
|move|p1a: Muk|Shadow Sneak|p2a: Two Gay Rats
|-supereffective|p2a: Two Gay Rats
|-crit|p2a: Two Gay Rats
|-damage|p2a: Two Gay Rats|0 fnt
|faint|p2a: Two Gay Rats
|
|upkeep
|
|t:|1760852371
|switch|p2a: :3|Meowscarada, F|49/100
|turn|34
|
|t:|1760852378
|move|p2a: :3|Triple Axel|p1a: Muk
|-start|p2a: :3|typechange|Ice|[from] ability: Protean
|-damage|p1a: Muk|72/100
|-damage|p1a: Muk|51/100
|-damage|p1a: Muk|21/100
|-hitcount|p1a: Muk|3
|move|p1a: Muk|Drain Punch|p2a: :3
|-supereffective|p2a: :3
|-damage|p2a: :3|0 fnt
|-heal|p1a: Muk|39/100|[from] drain|[of] p2a: :3
|faint|p2a: :3
|
|upkeep
|c|☆Abstrct84|what niche does alolan muk fill?
|
|t:|1760852399
|switch|p2a: Gholdengo|Gholdengo|82/100
|turn|35
|
|t:|1760852404
|move|p2a: Gholdengo|Make It Rain|p1a: Muk
|-damage|p1a: Muk|2/100
|-unboost|p2a: Gholdengo|spa|1
|move|p1a: Muk|Knock Off|p2a: Gholdengo
|-supereffective|p2a: Gholdengo
|-damage|p2a: Gholdengo|0 fnt
|-enditem|p2a: Gholdengo|Choice Scarf|[from] move: Knock Off|[of] p1a: Muk
|faint|p2a: Gholdengo
|
|upkeep
|c|☆Abstrct84|curious
|
|t:|1760852413
|switch|p2a: 37.23% Usage|Great Tusk|100/100
|-enditem|p2a: 37.23% Usage|Booster Energy
|-activate|p2a: 37.23% Usage|ability: Protosynthesis|[fromitem]
|-start|p2a: 37.23% Usage|protosynthesisspe
|turn|36
|
|t:|1760852418
|move|p1a: Muk|Shadow Sneak|p2a: 37.23% Usage
|-damage|p2a: 37.23% Usage|91/100
|-status|p2a: 37.23% Usage|psn|[from] ability: Poison Touch|[of] p1a: Muk
|move|p2a: 37.23% Usage|Bulk Up|p2a: 37.23% Usage
|-boost|p2a: 37.23% Usage|atk|1
|-boost|p2a: 37.23% Usage|def|1
|
|-damage|p2a: 37.23% Usage|79/100 psn|[from] psn
|upkeep
|turn|37
|
|t:|1760852425
|move|p1a: Muk|Shadow Sneak|p2a: 37.23% Usage
|-crit|p2a: 37.23% Usage
|-damage|p2a: 37.23% Usage|67/100 psn
|move|p2a: 37.23% Usage|Ice Spinner|p1a: Muk
|-damage|p1a: Muk|0 fnt
|faint|p1a: Muk
|
|-damage|p2a: 37.23% Usage|55/100 psn|[from] psn
|upkeep
|
|t:|1760852429
|switch|p1a: Alomomola|Alomomola, F, shiny|70/100
|turn|38
|
|t:|1760852433
|move|p2a: 37.23% Usage|Close Combat|p1a: Alomomola
|-damage|p1a: Alomomola|7/100
|-unboost|p2a: 37.23% Usage|def|1
|-unboost|p2a: 37.23% Usage|spd|1
|move|p1a: Alomomola|Flip Turn|p2a: 37.23% Usage
|-supereffective|p2a: 37.23% Usage
|-damage|p2a: 37.23% Usage|35/100 psn
|
|t:|1760852438
|switch|p1a: Sinistcha|Sinistcha-Masterpiece, shiny|76/100 tox|[from] Flip Turn
|
|-damage|p2a: 37.23% Usage|22/100 psn|[from] psn
|-damage|p1a: Sinistcha|70/100 tox|[from] psn
|upkeep
|turn|39
|
|t:|1760852442
|move|p2a: 37.23% Usage|Ice Spinner|p1a: Sinistcha
|-supereffective|p1a: Sinistcha
|-crit|p1a: Sinistcha
|-damage|p1a: Sinistcha|0 fnt
|faint|p1a: Sinistcha
|
|-damage|p2a: 37.23% Usage|10/100 psn|[from] psn
|upkeep
|
|t:|1760852450
|switch|p1a: Garganacl|Garganacl, M, shiny|100/100
|turn|40
|
|t:|1760852454
|move|p1a: Garganacl|Protect|p1a: Garganacl
|-singleturn|p1a: Garganacl|Protect
|move|p2a: 37.23% Usage|Close Combat|p1a: Garganacl
|-activate|p1a: Garganacl|move: Protect
|
|-damage|p2a: 37.23% Usage|0 fnt|[from] psn
|faint|p2a: 37.23% Usage
|-end|p2a: 37.23% Usage|Protosynthesis|[silent]
|upkeep
|
|t:|1760852456
|switch|p2a: Toxapex|Toxapex, M|84/100
|turn|41
|c|☆Abstrct84|gg
|c|☆sb117(纯路人)|gg
|
|t:|1760852474
|move|p1a: Garganacl|Substitute|p1a: Garganacl
|-start|p1a: Garganacl|Substitute
|-damage|p1a: Garganacl|75/100
|move|p2a: Toxapex|Infestation|p1a: Garganacl
|-activate|p1a: Garganacl|move: Substitute|[damage]
|
|-heal|p1a: Garganacl|82/100|[from] item: Leftovers
|upkeep
|turn|42
|
|t:|1760852477
|move|p2a: Toxapex|Infestation|p1a: Garganacl
|-activate|p1a: Garganacl|move: Substitute|[damage]
|move|p1a: Garganacl|Salt Cure|p2a: Toxapex
|-damage|p2a: Toxapex|73/100
|-start|p2a: Toxapex|Salt Cure
|
|-heal|p1a: Garganacl|88/100|[from] item: Leftovers
|-damage|p2a: Toxapex|48/100|[from] Salt Cure
|upkeep
|turn|43
|-message|Abstrct84 forfeited.
|
|win|sb117(纯路人)
|raw|sb117(纯路人)'s rating: 1345 &rarr; <strong>1365</strong><br />(+20 for winning)
|raw|Abstrct84's rating: 1343 &rarr; <strong>1323</strong><br />(-20 for losing)
|l|☆Abstrct84
|player|p2|
|l|☆sb117(纯路人)
|player|p1|
