|j|☆wsnid
|j|☆zatrox11
|t:|1760847287
|gametype|singles
|player|p1|wsnid|volkner|1301
|player|p2|zatrox11|265|1363
|gen|9
|tier|[Gen 9] OU
|rated|
|rule|HP Percentage Mod: HP is shown in percentages
|rule|Endless Battle Clause: Forcing endless battles is banned
|rule|Species Clause: Limit one of each Pokémon
|rule|OHKO Clause: OHKO moves are banned
|rule|Evasion Items Clause: Evasion items are banned
|rule|Evasion Moves Clause: Evasion moves are banned
|rule|Evasion Abilities Clause: Evasion abilities are banned
|rule|Sleep Moves Clause: Sleep-inducing moves are banned
|clearpoke
|poke|p1|Pelipper, M|
|poke|p1|Greninja-*, M|
|poke|p1|Iron Treads|
|poke|p1|Azumarill, M|
|poke|p1|Zapdos|
|poke|p1|Barraskewda, M|
|poke|p2|Heatran, M|
|poke|p2|Pecharunt|
|poke|p2|Quaquaval, M|
|poke|p2|Regice|
|poke|p2|Enamorus, F|
|poke|p2|Dragapult, M|
|teampreview
|inactive|Battle timer is ON: inactive players will automatically lose when time's up. (requested by wsnid)
|
|t:|1760847294
|teamsize|p1|6
|teamsize|p2|6
|start
|switch|p1a: Iron Treads|Iron Treads|100/100
|switch|p2a: Regice|Regice|100/100
|-enditem|p1a: Iron Treads|Booster Energy
|-activate|p1a: Iron Treads|ability: Quark Drive|[fromitem]
|-start|p1a: Iron Treads|quarkdrivespe
|turn|1
|
|t:|1760847300
|move|p1a: Iron Treads|Iron Head|p2a: Regice
|-supereffective|p2a: Regice
|-damage|p2a: Regice|31/100
|move|p2a: Regice|Focus Blast|p1a: Iron Treads
|-supereffective|p1a: Iron Treads
|-damage|p1a: Iron Treads|21/100
|
|upkeep
|turn|2
|
|t:|1760847308
|switch|p2a: Quaquaval|Quaquaval, M|100/100
|move|p1a: Iron Treads|Stealth Rock|p2a: Quaquaval
|-sidestart|p2: zatrox11|move: Stealth Rock
|
|upkeep
|turn|3
|
|t:|1760847313
|move|p1a: Iron Treads|Earthquake|p2a: Quaquaval
|-damage|p2a: Quaquaval|44/100
|move|p2a: Quaquaval|Aqua Step|p1a: Iron Treads
|-supereffective|p1a: Iron Treads
|-damage|p1a: Iron Treads|0 fnt
|-boost|p2a: Quaquaval|spe|1
|faint|p1a: Iron Treads
|-end|p1a: Iron Treads|Quark Drive|[silent]
|-ability|p2a: Quaquaval|Moxie|boost
|-boost|p2a: Quaquaval|atk|1
|
|upkeep
|
|t:|1760847337
|switch|p1a: Pelipper|Pelipper, M|100/100
|-weather|RainDance|[from] ability: Drizzle|[of] p1a: Pelipper
|turn|4
|
|t:|1760847360
|move|p2a: Quaquaval|Knock Off|p1a: Pelipper
|-damage|p1a: Pelipper|43/100
|-enditem|p1a: Pelipper|Damp Rock|[from] move: Knock Off|[of] p2a: Quaquaval
|move|p1a: Pelipper|U-turn|p2a: Quaquaval
|-resisted|p2a: Quaquaval
|-damage|p2a: Quaquaval|37/100
|
|t:|1760847364
|switch|p1a: Barraskewda|Barraskewda, M|100/100|[from] U-turn
|
|-weather|RainDance|[upkeep]
|upkeep
|turn|5
|
|t:|1760847370
|switch|p2a: Pecharunt|Pecharunt|100/100
|move|p1a: Barraskewda|Flip Turn|p2a: Pecharunt
|-damage|p2a: Pecharunt|66/100
|
|t:|1760847381
|switch|p1a: Azumarill|Azumarill, M|100/100|[from] Flip Turn
|
|-weather|RainDance|[upkeep]
|upkeep
|turn|6
|
|t:|1760847385
|move|p2a: Pecharunt|Parting Shot|p1a: Azumarill
|-unboost|p1a: Azumarill|atk|1
|-unboost|p1a: Azumarill|spa|1
|
|t:|1760847395
|switch|p2a: Regice|Regice|31/100|[from] Parting Shot
|-damage|p2a: Regice|6/100|[from] Stealth Rock
|move|p1a: Azumarill|Liquidation|p2a: Regice
|-damage|p2a: Regice|0 fnt
|faint|p2a: Regice
|
|-weather|RainDance|[upkeep]
|upkeep
|
|t:|1760847408
|switch|p2a: Pecharunt|Pecharunt|66/100
|turn|7
|
|t:|1760847419
|move|p2a: Pecharunt|Malignant Chain|p1a: Azumarill
|-supereffective|p1a: Azumarill
|-damage|p1a: Azumarill|26/100
|-status|p1a: Azumarill|tox
|-start|p1a: Azumarill|confusion|[from] ability: Poison Puppeteer|[of] p2a: Pecharunt
|-activate|p1a: Azumarill|confusion
|move|p1a: Azumarill|Liquidation|p2a: Pecharunt
|-damage|p2a: Pecharunt|28/100
|
|-weather|RainDance|[upkeep]
|-damage|p1a: Azumarill|20/100 tox|[from] psn
|upkeep
|turn|8
|
|t:|1760847428
|switch|p1a: Zapdos|Zapdos|100/100
|move|p2a: Pecharunt|Recover|p2a: Pecharunt
|-heal|p2a: Pecharunt|78/100
|
|-weather|RainDance|[upkeep]
|upkeep
|turn|9
|
|t:|1760847441
|move|p1a: Zapdos|Hurricane|p2a: Pecharunt
|-damage|p2a: Pecharunt|22/100
|move|p2a: Pecharunt|Parting Shot|p1a: Zapdos
|-unboost|p1a: Zapdos|atk|1
|-unboost|p1a: Zapdos|spa|1
|
|t:|1760847445
|switch|p2a: Heatran|Heatran, M|100/100|[from] Parting Shot
|-damage|p2a: Heatran|88/100|[from] Stealth Rock
|
|-weather|RainDance|[upkeep]
|-heal|p2a: Heatran|94/100|[from] item: Leftovers
|upkeep
|turn|10
|
|t:|1760847450
|move|p1a: Zapdos|Thunderbolt|p2a: Heatran
|-damage|p2a: Heatran|75/100
|move|p2a: Heatran|Magma Storm|p1a: Zapdos
|-damage|p1a: Zapdos|74/100
|-activate|p1a: Zapdos|move: Magma Storm|[of] p2a: Heatran
|
|-weather|RainDance|[upkeep]
|-heal|p2a: Heatran|81/100|[from] item: Leftovers
|-damage|p1a: Zapdos|62/100|[from] move: Magma Storm|[partiallytrapped]
|upkeep
|turn|11
|
|t:|1760847457
|move|p1a: Zapdos|Thunderbolt|p2a: Heatran
|-crit|p2a: Heatran
|-damage|p2a: Heatran|41/100
|move|p2a: Heatran|Stealth Rock|p1a: Zapdos
|-sidestart|p1: wsnid|move: Stealth Rock
|
|-weather|none
|-heal|p2a: Heatran|48/100|[from] item: Leftovers
|-damage|p1a: Zapdos|49/100|[from] move: Magma Storm|[partiallytrapped]
|upkeep
|turn|12
|
|t:|1760847462
|move|p1a: Zapdos|Thunderbolt|p2a: Heatran
|-damage|p2a: Heatran|30/100
|move|p2a: Heatran|Taunt|p1a: Zapdos
|-start|p1a: Zapdos|move: Taunt
|
|-heal|p2a: Heatran|36/100|[from] item: Leftovers
|-damage|p1a: Zapdos|37/100|[from] move: Magma Storm|[partiallytrapped]
|upkeep
|turn|13
|
|t:|1760847473
|move|p1a: Zapdos|Thunderbolt|p2a: Heatran
|-damage|p2a: Heatran|15/100
|-status|p2a: Heatran|par
|move|p2a: Heatran|Magma Storm|p1a: Zapdos
|-damage|p1a: Zapdos|0 fnt
|faint|p1a: Zapdos
|
|-heal|p2a: Heatran|21/100 par|[from] item: Leftovers
|upkeep
|
|t:|1760847482
|switch|p1a: Greninja|Greninja, M|100/100
|-damage|p1a: Greninja|88/100|[from] Stealth Rock
|turn|14
|
|t:|1760847494
|move|p1a: Greninja|Surf|p2a: Heatran
|-supereffective|p2a: Heatran
|-damage|p2a: Heatran|0 fnt
|faint|p2a: Heatran
|-ability|p1a: Greninja|Battle Bond|boost
|-boost|p1a: Greninja|atk|1
|-boost|p1a: Greninja|spa|1
|-boost|p1a: Greninja|spe|1
|-activate|p1a: Greninja|ability: Battle Bond
|-damage|p1a: Greninja|78/100|[from] item: Life Orb
|
|upkeep
|inactive|zatrox11 has 120 seconds left.
|
|t:|1760847533
|switch|p2a: Enamorus|Enamorus, F|100/100
|-damage|p2a: Enamorus|76/100|[from] Stealth Rock
|turn|15
|
|t:|1760847538
|move|p1a: Greninja|Surf|p2a: Enamorus
|-damage|p2a: Enamorus|0 fnt
|faint|p2a: Enamorus
|-damage|p1a: Greninja|69/100|[from] item: Life Orb
|
|upkeep
|inactive|zatrox11 has 120 seconds left.
|
|t:|1760847549
|switch|p2a: Dragapult|Dragapult, M|100/100
|turn|16
|inactive|zatrox11 has 120 seconds left.
|
|t:|1760847556
|-terastallize|p2a: Dragapult|Fairy
|move|p1a: Greninja|Dark Pulse|p2a: Dragapult
|-resisted|p2a: Dragapult
|-damage|p2a: Dragapult|46/100
|-damage|p1a: Greninja|59/100|[from] item: Life Orb
|move|p2a: Dragapult|Dragon Darts|p1a: Greninja
|-damage|p1a: Greninja|25/100
|-anim|p2a: Dragapult|Dragon Darts|p1a: Greninja
|-damage|p1a: Greninja|0 fnt
|faint|p1a: Greninja
|
|upkeep
|
|t:|1760847562
|switch|p1a: Pelipper|Pelipper, M|43/100
|-damage|p1a: Pelipper|18/100|[from] Stealth Rock
|-weather|RainDance|[from] ability: Drizzle|[of] p1a: Pelipper
|turn|17
|
|t:|1760847571
|move|p2a: Dragapult|U-turn|p1a: Pelipper
|-resisted|p1a: Pelipper
|-damage|p1a: Pelipper|8/100
|
|t:|1760847573
|switch|p2a: Quaquaval|Quaquaval, M|37/100|[from] U-turn
|-damage|p2a: Quaquaval|31/100|[from] Stealth Rock
|move|p1a: Pelipper|U-turn|p2a: Quaquaval
|-resisted|p2a: Quaquaval
|-damage|p2a: Quaquaval|25/100
|
|t:|1760847578
|switch|p1a: Barraskewda|Barraskewda, M|100/100|[from] U-turn
|-damage|p1a: Barraskewda|88/100|[from] Stealth Rock
|
|-weather|RainDance|[upkeep]
|upkeep
|turn|18
|
|t:|1760847585
|move|p1a: Barraskewda|Flip Turn|p2a: Quaquaval
|-resisted|p2a: Quaquaval
|-crit|p2a: Quaquaval
|-damage|p2a: Quaquaval|0 fnt
|faint|p2a: Quaquaval
|
|t:|1760847588
|switch|p1a: Pelipper|Pelipper, M|8/100|[from] Flip Turn
|-damage|p1a: Pelipper|0 fnt|[from] Stealth Rock
|faint|p1a: Pelipper
|
|-weather|RainDance|[upkeep]
|upkeep
|
|t:|1760847591
|switch|p2a: Pecharunt|Pecharunt|22/100
|switch|p1a: Barraskewda|Barraskewda, M|88/100
|-damage|p1a: Barraskewda|76/100|[from] Stealth Rock
|turn|19
|
|t:|1760847595
|move|p1a: Barraskewda|Flip Turn|p2a: Pecharunt
|-damage|p2a: Pecharunt|0 fnt
|faint|p2a: Pecharunt
|
|t:|1760847598
|switch|p1a: Azumarill|Azumarill, M|20/100 tox|[from] Flip Turn
|-damage|p1a: Azumarill|7/100 tox|[from] Stealth Rock
|
|-weather|RainDance|[upkeep]
|-damage|p1a: Azumarill|1/100 tox|[from] psn
|upkeep
|
|t:|1760847602
|switch|p2a: Dragapult|Dragapult, M, tera:Fairy|46/100
|turn|20
|
|t:|1760847607
|move|p1a: Azumarill|Aqua Jet|p2a: Dragapult
|-damage|p2a: Dragapult|0 fnt
|faint|p2a: Dragapult
|
|win|wsnid
|raw|wsnid's rating: 1301 &rarr; <strong>1325</strong><br />(+24 for winning)
|raw|zatrox11's rating: 1363 &rarr; <strong>1339</strong><br />(-24 for losing)
|l|☆wsnid
|player|p1|
|l|☆zatrox11
|player|p2|
