|j|☆Godislaw
|j|☆tounix
|t:|1760722523
|gametype|singles
|player|p1|Godislaw|2|1341
|player|p2|tounix|hilda|1334
|gen|9
|tier|[Gen 9] OU
|rated|
|rule|HP Percentage Mod: HP is shown in percentages
|rule|Endless Battle Clause: Forcing endless battles is banned
|rule|Species Clause: Limit one of each Pokémon
|rule|OHKO Clause: OHKO moves are banned
|rule|Evasion Items Clause: Evasion items are banned
|rule|Evasion Moves Clause: Evasion moves are banned
|rule|Evasion Abilities Clause: Evasion abilities are banned
|rule|Sleep Moves Clause: Sleep-inducing moves are banned
|clearpoke
|poke|p1|Darkrai|
|poke|p1|Galvantula, F|
|poke|p1|Garchomp, M|
|poke|p1|Dusclops, M|
|poke|p1|Skeledirge, F|
|poke|p1|Ogerpon-Wellspring, F|
|poke|p2|Comfey, F|
|poke|p2|Kyurem|
|poke|p2|Ceruledge, F|
|poke|p2|Darkrai|
|poke|p2|Kommo-o, F|
|poke|p2|Iron Treads|
|teampreview
|inactive|Battle timer is ON: inactive players will automatically lose when time's up. (requested by tounix)
|
|t:|1760722528
|teamsize|p1|6
|teamsize|p2|6
|start
|switch|p1a: Galvantula|Galvantula, F, shiny|100/100
|switch|p2a: Rainbow|Comfey, F|100/100
|turn|1
|
|t:|1760722541
|move|p1a: Galvantula|Sticky Web|p2a: Rainbow
|-sidestart|p2: tounix|move: Sticky Web
|move|p2a: Rainbow|Calm Mind|p2a: Rainbow
|-boost|p2a: Rainbow|spa|1
|-boost|p2a: Rainbow|spd|1
|
|upkeep
|turn|2
|
|t:|1760722546
|move|p1a: Galvantula|Thunder Wave|p2a: Rainbow
|-status|p2a: Rainbow|par
|move|p2a: Rainbow|Calm Mind|p2a: Rainbow
|-boost|p2a: Rainbow|spa|1
|-boost|p2a: Rainbow|spd|1
|
|upkeep
|turn|3
|
|t:|1760722553
|switch|p1a: Skeledirge|Skeledirge, F, shiny|100/100
|move|p2a: Rainbow|Calm Mind|p2a: Rainbow
|-boost|p2a: Rainbow|spa|1
|-boost|p2a: Rainbow|spd|1
|
|upkeep
|turn|4
|
|t:|1760722569
|cant|p2a: Rainbow|par
|move|p1a: Skeledirge|Shadow Ball|p2a: Rainbow
|-damage|p2a: Rainbow|70/100 par
|
|-heal|p2a: Rainbow|76/100 par|[from] item: Leftovers
|upkeep
|turn|5
|
|t:|1760722587
|move|p2a: Rainbow|Draining Kiss|p1a: Skeledirge
|-resisted|p1a: Skeledirge
|-damage|p1a: Skeledirge|90/100
|-heal|p2a: Rainbow|86/100 par|[from] drain|[of] p1a: Skeledirge
|move|p1a: Skeledirge|Torch Song|p2a: Rainbow
|-damage|p2a: Rainbow|57/100 par
|-boost|p1a: Skeledirge|spa|1
|
|-heal|p2a: Rainbow|63/100 par|[from] item: Leftovers
|upkeep
|turn|6
|inactive|tounix has 120 seconds left.
|
|t:|1760722619
|cant|p2a: Rainbow|par
|move|p1a: Skeledirge|Shadow Ball|p2a: Rainbow
|-damage|p2a: Rainbow|13/100 par
|
|-heal|p2a: Rainbow|19/100 par|[from] item: Leftovers
|upkeep
|turn|7
|
|t:|1760722627
|move|p2a: Rainbow|Draining Kiss|p1a: Skeledirge
|-resisted|p1a: Skeledirge
|-damage|p1a: Skeledirge|79/100
|-heal|p2a: Rainbow|30/100 par|[from] drain|[of] p1a: Skeledirge
|move|p1a: Skeledirge|Torch Song|p2a: Rainbow
|-damage|p2a: Rainbow|0 fnt
|-boost|p1a: Skeledirge|spa|1
|faint|p2a: Rainbow
|
|upkeep
|inactive|tounix has 120 seconds left.
|
|t:|1760722638
|switch|p2a: So cool|Ceruledge, F|100/100
|-activate|p2a: So cool|move: Sticky Web
|-unboost|p2a: So cool|spe|1
|turn|8
|
|t:|1760722646
|-terastallize|p2a: So cool|Fire
|move|p2a: So cool|Poltergeist|p1a: Skeledirge
|-activate|p1a: Skeledirge|move: Poltergeist|Weakness Policy
|-supereffective|p1a: Skeledirge
|-damage|p1a: Skeledirge|9/100
|-enditem|p1a: Skeledirge|Weakness Policy
|-boost|p1a: Skeledirge|atk|2|[from] item: Weakness Policy
|-boost|p1a: Skeledirge|spa|2|[from] item: Weakness Policy
|move|p1a: Skeledirge|Shadow Ball|p2a: So cool
|-damage|p2a: So cool|3/100
|
|upkeep
|turn|9
|
|t:|1760722662
|move|p2a: So cool|Shadow Sneak|p1a: Skeledirge
|-supereffective|p1a: Skeledirge
|-damage|p1a: Skeledirge|0 fnt
|faint|p1a: Skeledirge
|
|upkeep
|
|t:|1760722668
|switch|p1a: Garchomp|Garchomp, M|100/100
|turn|10
|
|t:|1760722687
|move|p2a: So cool|Shadow Sneak|p1a: Garchomp
|-damage|p1a: Garchomp|80/100
|-damage|p2a: So cool|0 fnt|[from] ability: Rough Skin|[of] p1a: Garchomp
|faint|p2a: So cool
|move|p1a: Garchomp|Swords Dance|p1a: Garchomp
|-boost|p1a: Garchomp|atk|2
|
|upkeep
|
|t:|1760722696
|switch|p2a: they see me rollin|Iron Treads|100/100
|-activate|p2a: they see me rollin|move: Sticky Web
|-unboost|p2a: they see me rollin|spe|1
|turn|11
|
|t:|1760722705
|move|p1a: Garchomp|Earthquake|p2a: they see me rollin
|-supereffective|p2a: they see me rollin
|-damage|p2a: they see me rollin|0 fnt
|faint|p2a: they see me rollin
|-end|p2a: they see me rollin|Quark Drive|[silent]
|
|upkeep
|-message|tounix forfeited.
|
|win|Godislaw
|raw|Godislaw's rating: 1341 &rarr; <strong>1361</strong><br />(+20 for winning)
|raw|tounix's rating: 1334 &rarr; <strong>1314</strong><br />(-20 for losing)
|l|☆tounix
|player|p2|
|l|☆Godislaw
|player|p1|
