|j|☆Green Arcanines
|j|☆Dansiger
|t:|1760766034
|gametype|singles
|player|p1|Green Arcanines|1|1117
|player|p2|Dansiger|palmer|1083
|gen|9
|tier|[Gen 9] OU
|rated|
|rule|HP Percentage Mod: HP is shown in percentages
|rule|Endless Battle Clause: Forcing endless battles is banned
|rule|Species Clause: Limit one of each Pokémon
|rule|OHKO Clause: OHKO moves are banned
|rule|Evasion Items Clause: Evasion items are banned
|rule|Evasion Moves Clause: Evasion moves are banned
|rule|Evasion Abilities Clause: Evasion abilities are banned
|rule|Sleep Moves Clause: Sleep-inducing moves are banned
|clearpoke
|poke|p1|Forretress, M|
|poke|p1|Krookodile, F|
|poke|p1|Scrafty, M|
|poke|p1|Latios, M|
|poke|p1|Tentacruel, F|
|poke|p1|Heatran, F|
|poke|p2|Arcanine, M|
|poke|p2|Blastoise, F|
|poke|p2|Raichu, M|
|poke|p2|Vileplume, M|
|poke|p2|Heracross, M|
|poke|p2|Umbreon, F|
|teampreview
|
|t:|1760766040
|teamsize|p1|6
|teamsize|p2|6
|start
|switch|p1a: Teddy|Forretress, M, shiny|100/100
|switch|p2a: Heracross|Heracross, M|100/100
|turn|1
|
|t:|1760766048
|move|p2a: Heracross|Swords Dance|p2a: Heracross
|-boost|p2a: Heracross|atk|2
|move|p1a: Teddy|Stealth Rock|p2a: Heracross
|-sidestart|p2: Dansiger|move: Stealth Rock
|
|upkeep
|turn|2
|
|t:|1760766058
|move|p2a: Heracross|Earthquake|p1a: Teddy
|-damage|p1a: Teddy|49/100
|-enditem|p1a: Teddy|Red Card|[of] p2a: Heracross
|drag|p2a: Arcanine|Arcanine, M|100/100
|-damage|p2a: Arcanine|76/100|[from] Stealth Rock
|-ability|p2a: Arcanine|Intimidate|boost
|-unboost|p1a: Teddy|atk|1
|move|p1a: Teddy|Spikes|p2a: Arcanine
|-sidestart|p2: Dansiger|Spikes
|
|upkeep
|turn|3
|
|t:|1760766068
|move|p2a: Arcanine|Flare Blitz|p1a: Teddy
|-supereffective|p1a: Teddy
|-damage|p1a: Teddy|0 fnt
|faint|p1a: Teddy
|-damage|p2a: Arcanine|58/100|[from] Recoil
|
|upkeep
|
|t:|1760766076
|switch|p1a: Chena|Krookodile, F|100/100
|turn|4
|
|t:|1760766082
|-terastallize|p2a: Arcanine|Flying
|move|p2a: Arcanine|Solar Beam||[still]
|-prepare|p2a: Arcanine|Solar Beam
|-enditem|p2a: Arcanine|Power Herb
|-anim|p2a: Arcanine|Solar Beam|p1a: Chena
|-supereffective|p1a: Chena
|-damage|p1a: Chena|18/100
|move|p1a: Chena|Earthquake|p2a: Arcanine
|-immune|p2a: Arcanine
|
|upkeep
|turn|5
|
|t:|1760766093
|move|p2a: Arcanine|Extreme Speed|p1a: Chena
|-damage|p1a: Chena|0 fnt
|faint|p1a: Chena
|
|upkeep
|
|t:|1760766098
|switch|p1a: Penta|Heatran, F|100/100
|turn|6
|
|t:|1760766103
|move|p2a: Arcanine|Scorching Sands|p1a: Penta
|-supereffective|p1a: Penta
|-damage|p1a: Penta|60/100
|move|p1a: Penta|Magma Storm|p2a: Arcanine
|-damage|p2a: Arcanine|0 fnt
|faint|p2a: Arcanine
|
|upkeep
|
|t:|1760766119
|switch|p2a: Blastoise|Blastoise, F|100/100
|-damage|p2a: Blastoise|88/100|[from] Stealth Rock
|-damage|p2a: Blastoise|76/100|[from] Spikes
|turn|7
|
|t:|1760766125
|-terastallize|p1a: Penta|Grass
|move|p2a: Blastoise|Shell Smash|p2a: Blastoise
|-unboost|p2a: Blastoise|def|1
|-unboost|p2a: Blastoise|spd|1
|-boost|p2a: Blastoise|atk|2
|-boost|p2a: Blastoise|spa|2
|-boost|p2a: Blastoise|spe|2
|-enditem|p2a: Blastoise|White Herb
|-clearnegativeboost|p2a: Blastoise|[silent]
|move|p1a: Penta|Tera Blast|p2a: Blastoise|[anim] Tera Blast Grass
|-supereffective|p2a: Blastoise
|-damage|p2a: Blastoise|0 fnt
|faint|p2a: Blastoise
|
|upkeep
|
|t:|1760766148
|switch|p2a: Vileplume|Vileplume, M|100/100
|-damage|p2a: Vileplume|88/100|[from] Stealth Rock
|-damage|p2a: Vileplume|76/100|[from] Spikes
|turn|8
|
|t:|1760766155
|move|p1a: Penta|Magma Storm|p2a: Vileplume
|-supereffective|p2a: Vileplume
|-damage|p2a: Vileplume|0 fnt
|faint|p2a: Vileplume
|
|upkeep
|
|t:|1760766166
|switch|p2a: Heracross|Heracross, M|100/100
|-damage|p2a: Heracross|88/100|[from] Stealth Rock
|-damage|p2a: Heracross|76/100|[from] Spikes
|turn|9
|
|t:|1760766177
|move|p2a: Heracross|Vacuum Wave|p1a: Penta
|-damage|p1a: Penta|56/100
|move|p1a: Penta|Magma Storm|p2a: Heracross
|-supereffective|p2a: Heracross
|-crit|p2a: Heracross
|-damage|p2a: Heracross|0 fnt
|faint|p2a: Heracross
|
|upkeep
|
|t:|1760766185
|switch|p2a: Raichu|Raichu, M|100/100
|-damage|p2a: Raichu|88/100|[from] Stealth Rock
|-damage|p2a: Raichu|76/100|[from] Spikes
|turn|10
|
|t:|1760766194
|move|p2a: Raichu|Knock Off|p1a: Penta
|-damage|p1a: Penta|40/100
|-enditem|p1a: Penta|Assault Vest|[from] move: Knock Off|[of] p2a: Raichu
|move|p1a: Penta|Earth Power|p2a: Raichu
|-supereffective|p2a: Raichu
|-damage|p2a: Raichu|7/100
|
|upkeep
|turn|11
|l|☆Green Arcanines
|player|p1|
|inactive|Battle timer is ON: inactive players will automatically lose when time's up. (requested by Dansiger)
|inactive|Green Arcanines has 30 seconds to reconnect!
|inactive|Green Arcanines has 20 seconds to reconnect!
|inactive|Green Arcanines has 15 seconds to reconnect!
|inactive|Green Arcanines has 10 seconds to reconnect!
|inactive|Green Arcanines has 5 seconds to reconnect!
|-message|Green Arcanines lost due to inactivity.
|
|win|Dansiger
|raw|Green Arcanines's rating: 1117 &rarr; <strong>1090</strong><br />(-27 for losing)
|raw|Dansiger's rating: 1083 &rarr; <strong>1113</strong><br />(+30 for winning)
|l|☆Dansiger
|player|p2|
