|j|☆Dablio07BR
|j|☆Moonflowerx3
|t:|1760765083
|gametype|singles
|player|p1|Dablio07BR|hilbert|1088
|player|p2|Moonflowerx3|cynthia-gen4|1093
|gen|9
|tier|[Gen 9] OU
|rated|
|rule|HP Percentage Mod: HP is shown in percentages
|rule|Endless Battle Clause: Forcing endless battles is banned
|rule|Species Clause: Limit one of each Pokémon
|rule|OHKO Clause: OHKO moves are banned
|rule|Evasion Items Clause: Evasion items are banned
|rule|Evasion Moves Clause: Evasion moves are banned
|rule|Evasion Abilities Clause: Evasion abilities are banned
|rule|Sleep Moves Clause: Sleep-inducing moves are banned
|clearpoke
|poke|p1|Galvantula, M|
|poke|p1|Espeon, F|
|poke|p1|Chandelure, M|
|poke|p1|Excadrill, M|
|poke|p1|Scrafty, M|
|poke|p1|Feraligatr, M|
|poke|p2|Slither Wing|
|poke|p2|Torkoal, F|
|poke|p2|Garganacl, M|
|poke|p2|Gliscor, F|
|poke|p2|Walking Wake|
|poke|p2|Hatterene, F|
|teampreview
|
|t:|1760765100
|teamsize|p1|6
|teamsize|p2|6
|start
|switch|p1a: Tarântulo|Galvantula, M|100/100
|switch|p2a: Drac|Gliscor, F|100/100
|turn|1
|
|t:|1760765111
|move|p1a: Tarântulo|Sticky Web|p2a: Drac
|-sidestart|p2: Moonflowerx3|move: Sticky Web
|move|p2a: Drac|Spikes|p1a: Tarântulo
|-sidestart|p1: Dablio07BR|Spikes
|
|-status|p2a: Drac|tox|[from] item: Toxic Orb
|upkeep
|turn|2
|
|t:|1760765118
|move|p1a: Tarântulo|Energy Ball|p2a: Drac
|-damage|p2a: Drac|69/100 tox
|move|p2a: Drac|Spikes|p1a: Tarântulo
|-sidestart|p1: Dablio07BR|Spikes
|
|-heal|p2a: Drac|82/100 tox|[from] ability: Poison Heal
|upkeep
|turn|3
|
|t:|1760765129
|move|p1a: Tarântulo|Energy Ball|p2a: Drac
|-damage|p2a: Drac|47/100 tox
|move|p2a: Drac|Spikes|p1a: Tarântulo
|-sidestart|p1: Dablio07BR|Spikes
|
|-heal|p2a: Drac|60/100 tox|[from] ability: Poison Heal
|upkeep
|turn|4
|
|t:|1760765140
|move|p1a: Tarântulo|Energy Ball|p2a: Drac
|-damage|p2a: Drac|28/100 tox
|move|p2a: Drac|Knock Off|p1a: Tarântulo
|-damage|p1a: Tarântulo|42/100
|-enditem|p1a: Tarântulo|Focus Sash|[from] move: Knock Off|[of] p2a: Drac
|
|-heal|p2a: Drac|40/100 tox|[from] ability: Poison Heal
|upkeep
|turn|5
|
|t:|1760765155
|switch|p2a: Oof|Torkoal, F|100/100
|-activate|p2a: Oof|move: Sticky Web
|-unboost|p2a: Oof|spe|1
|-weather|SunnyDay|[from] ability: Drought|[of] p2a: Oof
|move|p1a: Tarântulo|Energy Ball|p2a: Oof
|-resisted|p2a: Oof
|-damage|p2a: Oof|90/100
|
|-weather|SunnyDay|[upkeep]
|upkeep
|turn|6
|
|t:|1760765167
|switch|p1a: Phantom|Chandelure, M|100/100
|-item|p1a: Phantom|Air Balloon
|move|p2a: Oof|Stealth Rock|p1a: Phantom
|-sidestart|p1: Dablio07BR|move: Stealth Rock
|
|-weather|SunnyDay|[upkeep]
|upkeep
|turn|7
|
|t:|1760765176
|move|p1a: Phantom|Substitute|p1a: Phantom
|-start|p1a: Phantom|Substitute
|-damage|p1a: Phantom|76/100
|move|p2a: Oof|Rapid Spin|p1a: Phantom
|-immune|p1a: Phantom
|
|-weather|SunnyDay|[upkeep]
|upkeep
|turn|8
|
|t:|1760765196
|switch|p2a: Hydrodon|Walking Wake|100/100
|-activate|p2a: Hydrodon|move: Sticky Web
|-unboost|p2a: Hydrodon|spe|1
|-activate|p2a: Hydrodon|ability: Protosynthesis
|-start|p2a: Hydrodon|protosynthesisspa
|move|p1a: Phantom|Shadow Ball|p2a: Hydrodon
|-damage|p2a: Hydrodon|44/100
|
|-weather|SunnyDay|[upkeep]
|upkeep
|turn|9
|
|t:|1760765217
|move|p1a: Phantom|Shadow Ball|p2a: Hydrodon
|-damage|p2a: Hydrodon|0 fnt
|faint|p2a: Hydrodon
|-end|p2a: Hydrodon|Protosynthesis|[silent]
|
|-weather|SunnyDay|[upkeep]
|upkeep
|
|t:|1760765225
|switch|p2a: Drac|Gliscor, F|40/100 tox
|turn|10
|
|t:|1760765233
|-terastallize|p2a: Drac|Normal
|move|p1a: Phantom|Shadow Ball|p2a: Drac
|-immune|p2a: Drac
|move|p2a: Drac|Earthquake|p1a: Phantom
|-immune|p1a: Phantom
|
|-weather|SunnyDay|[upkeep]
|-heal|p2a: Drac|52/100 tox|[from] ability: Poison Heal
|upkeep
|turn|11
|
|t:|1760765245
|move|p1a: Phantom|Flamethrower|p2a: Drac
|-damage|p2a: Drac|0 fnt
|faint|p2a: Drac
|
|-weather|SunnyDay|[upkeep]
|upkeep
|
|t:|1760765249
|switch|p2a: Brassy|Slither Wing, shiny|100/100
|-activate|p2a: Brassy|ability: Protosynthesis
|-start|p2a: Brassy|protosynthesisatk
|turn|12
|
|t:|1760765259
|-end|p2a: Brassy|Protosynthesis|[silent]
|switch|p2a: Nalite|Garganacl, M, shiny|100/100
|-activate|p2a: Nalite|move: Sticky Web
|-unboost|p2a: Nalite|spe|1
|move|p1a: Phantom|Flamethrower|p2a: Nalite
|-resisted|p2a: Nalite
|-damage|p2a: Nalite|72/100
|
|-weather|none
|-heal|p2a: Nalite|78/100|[from] item: Leftovers
|upkeep
|turn|13
|
|t:|1760765270
|move|p1a: Phantom|Shadow Ball|p2a: Nalite
|-damage|p2a: Nalite|61/100
|move|p2a: Nalite|Salt Cure|p1a: Phantom
|-supereffective|p1a: Phantom
|-end|p1a: Phantom|Substitute
|-enditem|p1a: Phantom|Air Balloon
|
|-heal|p2a: Nalite|68/100|[from] item: Leftovers
|upkeep
|turn|14
|
|t:|1760765282
|move|p1a: Phantom|Shadow Ball|p2a: Nalite
|-damage|p2a: Nalite|52/100
|move|p2a: Nalite|Salt Cure|p1a: Phantom
|-supereffective|p1a: Phantom
|-damage|p1a: Phantom|37/100
|-start|p1a: Phantom|Salt Cure
|
|-heal|p2a: Nalite|58/100|[from] item: Leftovers
|-damage|p1a: Phantom|25/100|[from] Salt Cure
|upkeep
|turn|15
|
|t:|1760765299
|move|p1a: Phantom|Shadow Ball|p2a: Nalite
|-damage|p2a: Nalite|42/100
|move|p2a: Nalite|Salt Cure|p1a: Phantom
|-supereffective|p1a: Phantom
|-damage|p1a: Phantom|0 fnt
|faint|p1a: Phantom
|
|-heal|p2a: Nalite|48/100|[from] item: Leftovers
|upkeep
|
|t:|1760765310
|switch|p1a: Excalibur|Excadrill, M|100/100
|-damage|p1a: Excalibur|76/100|[from] Spikes
|-damage|p1a: Excalibur|73/100|[from] Stealth Rock
|-ability|p1a: Excalibur|Mold Breaker
|turn|16
|
|t:|1760765320
|move|p1a: Excalibur|Rapid Spin|p2a: Nalite
|-resisted|p2a: Nalite
|-damage|p2a: Nalite|43/100
|-boost|p1a: Excalibur|spe|1
|-sideend|p1: Dablio07BR|Spikes|[from] move: Rapid Spin|[of] p1a: Excalibur
|-sideend|p1: Dablio07BR|Stealth Rock|[from] move: Rapid Spin|[of] p1a: Excalibur
|move|p2a: Nalite|Body Press|p1a: Excalibur
|-supereffective|p1a: Excalibur
|-damage|p1a: Excalibur|0 fnt
|faint|p1a: Excalibur
|
|-heal|p2a: Nalite|49/100|[from] item: Leftovers
|upkeep
|
|t:|1760765340
|switch|p1a: Krock|Feraligatr, M|100/100
|turn|17
|
|t:|1760765346
|move|p1a: Krock|Dragon Dance|p1a: Krock
|-boost|p1a: Krock|atk|1
|-boost|p1a: Krock|spe|1
|move|p2a: Nalite|Salt Cure|p1a: Krock
|-damage|p1a: Krock|84/100
|-start|p1a: Krock|Salt Cure
|
|-heal|p2a: Nalite|55/100|[from] item: Leftovers
|-damage|p1a: Krock|59/100|[from] Salt Cure
|upkeep
|turn|18
|
|t:|1760765357
|move|p1a: Krock|Liquidation|p2a: Nalite
|-supereffective|p2a: Nalite
|-damage|p2a: Nalite|0 fnt
|faint|p2a: Nalite
|
|-damage|p1a: Krock|35/100|[from] Salt Cure
|upkeep
|
|t:|1760765366
|switch|p2a: Brassy|Slither Wing, shiny|100/100
|turn|19
|
|t:|1760765370
|move|p1a: Krock|Liquidation|p2a: Brassy
|-damage|p2a: Brassy|0 fnt
|faint|p2a: Brassy
|-end|p2a: Brassy|Protosynthesis|[silent]
|
|-damage|p1a: Krock|10/100|[from] Salt Cure
|upkeep
|
|t:|1760765382
|switch|p2a: Oof|Torkoal, F|90/100
|-activate|p2a: Oof|move: Sticky Web
|-unboost|p2a: Oof|spe|1
|-weather|SunnyDay|[from] ability: Drought|[of] p2a: Oof
|turn|20
|
|t:|1760765388
|move|p1a: Krock|Liquidation|p2a: Oof
|-supereffective|p2a: Oof
|-damage|p2a: Oof|16/100
|move|p2a: Oof|Rapid Spin|p1a: Krock
|-damage|p1a: Krock|0 fnt
|-boost|p2a: Oof|spe|1
|-sideend|p2: Moonflowerx3|Sticky Web|[from] move: Rapid Spin|[of] p2a: Oof
|faint|p1a: Krock
|
|-weather|SunnyDay|[upkeep]
|upkeep
|
|t:|1760765412
|switch|p1a: Drip|Scrafty, M|100/100
|turn|21
|
|t:|1760765421
|move|p1a: Drip|Knock Off|p2a: Oof
|-damage|p2a: Oof|0 fnt
|-enditem|p2a: Oof|Heat Rock|[from] move: Knock Off|[of] p1a: Drip
|faint|p2a: Oof
|-ability|p1a: Drip|Moxie|boost
|-boost|p1a: Drip|atk|1
|
|-weather|SunnyDay|[upkeep]
|upkeep
|
|t:|1760765424
|switch|p2a: Celeste|Hatterene, F, shiny|100/100
|turn|22
|
|t:|1760765438
|-terastallize|p1a: Drip|Poison
|move|p1a: Drip|Poison Jab|p2a: Celeste
|-supereffective|p2a: Celeste
|-damage|p2a: Celeste|15/100
|-status|p2a: Celeste|psn
|move|p2a: Celeste|Draining Kiss|p1a: Drip
|-resisted|p1a: Drip
|-damage|p1a: Drip|88/100
|-heal|p2a: Celeste|25/100 psn|[from] drain|[of] p1a: Drip
|
|-weather|SunnyDay|[upkeep]
|-heal|p1a: Drip|94/100|[from] item: Leftovers
|-heal|p2a: Celeste|31/100 psn|[from] item: Leftovers
|-damage|p2a: Celeste|19/100 psn|[from] psn
|upkeep
|turn|23
|-message|Moonflowerx3 forfeited.
|
|win|Dablio07BR
|raw|Dablio07BR's rating: 1088 &rarr; <strong>1115</strong><br />(+27 for winning)
|raw|Moonflowerx3's rating: 1093 &rarr; <strong>1069</strong><br />(-24 for losing)
|l|☆Moonflowerx3
|player|p2|
|l|☆Dablio07BR
|player|p1|
