|inactive|Battle timer is ON: inactive players will automatically lose when time's up.
|t:|1760816183
|gametype|singles
|player|p1|TDNT|#ptplvjirachis|
|player|p2|Kebab mlml|#splxivraiders|
|gen|9
|tier|[Gen 9] OU
|rule|HP Percentage Mod: HP is shown in percentages
|rule|Endless Battle Clause: Forcing endless battles is banned
|rule|Species Clause: Limit one of each Pokémon
|rule|OHKO Clause: OHKO moves are banned
|rule|Evasion Items Clause: Evasion items are banned
|rule|Evasion Moves Clause: Evasion moves are banned
|rule|Evasion Abilities Clause: Evasion abilities are banned
|rule|Sleep Moves Clause: Sleep-inducing moves are banned
|clearpoke
|poke|p1|Iron Hands|
|poke|p1|Deoxys-Speed|
|poke|p1|Dragonite, M|
|poke|p1|Gholdengo|
|poke|p1|Ting-Lu|
|poke|p1|Cinderace, M|
|poke|p2|Zamazenta-*|
|poke|p2|Kyurem|
|poke|p2|Iron Treads|
|poke|p2|Tornadus-Therian, M|
|poke|p2|Pecharunt|
|poke|p2|Ting-Lu|
|teampreview
|c|☆Kebab mlml|hf
|c|☆TDNT|hf
|inactive|TDNT has 270 seconds left.
|inactive|TDNT has 240 seconds left.
|
|t:|1760816252
|teamsize|p1|6
|teamsize|p2|6
|start
|switch|p1a: Iron Hands|Iron Hands|100/100
|switch|p2a: Tornadus|Tornadus-Therian, M|100/100
|-enditem|p1a: Iron Hands|Booster Energy
|-activate|p1a: Iron Hands|ability: Quark Drive|[fromitem]
|-start|p1a: Iron Hands|quarkdriveatk
|turn|1
|rated|Smogon Champions League
|inactive|Kebab mlml disconnected and has 300 seconds to reconnect!
|player|p2|
|inactive|Kebab mlml reconnected and has 290 seconds left.
|player|p2|Kebab mlml|#splxivraiders|
|
|t:|1760816292
|switch|p2a: Pecharunt|Pecharunt|100/100
|move|p1a: Iron Hands|Swords Dance|p1a: Iron Hands
|-boost|p1a: Iron Hands|atk|2
|
|upkeep
|turn|2
|
|t:|1760816302
|move|p2a: Pecharunt|Malignant Chain|p1a: Iron Hands
|-damage|p1a: Iron Hands|74/100
|move|p1a: Iron Hands|Thunder Punch|p2a: Pecharunt
|-damage|p2a: Pecharunt|44/100
|
|upkeep
|turn|3
|
|t:|1760816311
|move|p2a: Pecharunt|Malignant Chain|p1a: Iron Hands
|-damage|p1a: Iron Hands|44/100
|-status|p1a: Iron Hands|tox
|-start|p1a: Iron Hands|confusion|[from] ability: Poison Puppeteer|[of] p2a: Pecharunt
|-activate|p1a: Iron Hands|confusion
|move|p1a: Iron Hands|Swords Dance|p1a: Iron Hands
|-boost|p1a: Iron Hands|atk|2
|
|-damage|p1a: Iron Hands|38/100 tox|[from] psn
|upkeep
|turn|4
|
|t:|1760816323
|move|p2a: Pecharunt|Recover|p2a: Pecharunt
|-heal|p2a: Pecharunt|94/100
|-activate|p1a: Iron Hands|confusion
|-damage|p1a: Iron Hands|8/100 tox|[from] confusion
|
|-damage|p1a: Iron Hands|0 fnt|[from] psn
|faint|p1a: Iron Hands
|-end|p1a: Iron Hands|Quark Drive|[silent]
|upkeep
|
|t:|1760816326
|switch|p1a: Ting-Lu|Ting-Lu|100/100
|-ability|p1a: Ting-Lu|Vessel of Ruin
|turn|5
|
|t:|1760816332
|move|p2a: Pecharunt|Malignant Chain|p1a: Ting-Lu
|-resisted|p1a: Ting-Lu
|-damage|p1a: Ting-Lu|92/100
|move|p1a: Ting-Lu|Stealth Rock|p2a: Pecharunt
|-sidestart|p2: Kebab mlml|move: Stealth Rock
|
|upkeep
|turn|6
|
|t:|1760816348
|switch|p1a: Gholdengo|Gholdengo|100/100
|-item|p1a: Gholdengo|Air Balloon
|move|p2a: Pecharunt|Malignant Chain|p1a: Gholdengo
|-immune|p1a: Gholdengo
|
|upkeep
|turn|7
|
|t:|1760816359
|switch|p2a: Ting-Lu|Ting-Lu|100/100
|-damage|p2a: Ting-Lu|94/100|[from] Stealth Rock
|-ability|p2a: Ting-Lu|Vessel of Ruin
|switch|p1a: Cinderace|Cinderace, M|100/100
|
|-heal|p2a: Ting-Lu|100/100|[from] item: Leftovers
|upkeep
|turn|8
|
|t:|1760816377
|switch|p2a: Pecharunt|Pecharunt|94/100
|-damage|p2a: Pecharunt|82/100|[from] Stealth Rock
|move|p1a: Cinderace|Will-O-Wisp|p2a: Pecharunt
|-status|p2a: Pecharunt|brn
|
|-damage|p2a: Pecharunt|76/100 brn|[from] brn
|upkeep
|turn|9
|
|t:|1760816382
|move|p1a: Cinderace|U-turn|p2a: Pecharunt
|-resisted|p2a: Pecharunt
|-damage|p2a: Pecharunt|74/100 brn
|
|t:|1760816384
|switch|p1a: Gholdengo|Gholdengo|100/100|[from] U-turn
|-item|p1a: Gholdengo|Air Balloon
|move|p2a: Pecharunt|Recover|p2a: Pecharunt
|-heal|p2a: Pecharunt|100/100 brn
|
|-damage|p2a: Pecharunt|94/100 brn|[from] brn
|upkeep
|turn|10
|
|t:|1760816390
|switch|p2a: Ting-Lu|Ting-Lu|100/100
|-damage|p2a: Ting-Lu|94/100|[from] Stealth Rock
|-ability|p2a: Ting-Lu|Vessel of Ruin
|switch|p1a: Cinderace|Cinderace, M|100/100
|
|-heal|p2a: Ting-Lu|100/100|[from] item: Leftovers
|upkeep
|turn|11
|
|t:|1760816396
|switch|p2a: Pecharunt|Pecharunt|94/100 brn
|-damage|p2a: Pecharunt|82/100 brn|[from] Stealth Rock
|move|p1a: Cinderace|Will-O-Wisp|p2a: Pecharunt|[miss]
|-miss|p1a: Cinderace|p2a: Pecharunt
|
|-damage|p2a: Pecharunt|76/100 brn|[from] brn
|upkeep
|turn|12
|
|t:|1760816404
|move|p1a: Cinderace|U-turn|p2a: Pecharunt
|-resisted|p2a: Pecharunt
|-damage|p2a: Pecharunt|73/100 brn
|
|t:|1760816406
|switch|p1a: Gholdengo|Gholdengo|100/100|[from] U-turn
|-item|p1a: Gholdengo|Air Balloon
|move|p2a: Pecharunt|Shadow Ball|p1a: Gholdengo
|-supereffective|p1a: Gholdengo
|-damage|p1a: Gholdengo|49/100
|-enditem|p1a: Gholdengo|Air Balloon
|
|-damage|p2a: Pecharunt|67/100 brn|[from] brn
|upkeep
|turn|13
|
|t:|1760816414
|move|p2a: Pecharunt|Shadow Ball|p1a: Gholdengo
|-supereffective|p1a: Gholdengo
|-damage|p1a: Gholdengo|1/100
|-unboost|p1a: Gholdengo|spd|1
|move|p1a: Gholdengo|Recover|p1a: Gholdengo
|-heal|p1a: Gholdengo|51/100
|
|-damage|p2a: Pecharunt|61/100 brn|[from] brn
|upkeep
|turn|14
|
|t:|1760816426
|switch|p1a: Ting-Lu|Ting-Lu|92/100
|-ability|p1a: Ting-Lu|Vessel of Ruin
|move|p2a: Pecharunt|Recover|p2a: Pecharunt
|-heal|p2a: Pecharunt|100/100 brn
|
|-damage|p2a: Pecharunt|94/100 brn|[from] brn
|upkeep
|turn|15
|
|t:|1760816435
|move|p2a: Pecharunt|Malignant Chain|p1a: Ting-Lu
|-resisted|p1a: Ting-Lu
|-damage|p1a: Ting-Lu|82/100
|-status|p1a: Ting-Lu|tox
|-start|p1a: Ting-Lu|confusion|[from] ability: Poison Puppeteer|[of] p2a: Pecharunt
|-activate|p1a: Ting-Lu|confusion
|-damage|p1a: Ting-Lu|76/100 tox|[from] confusion
|
|-damage|p1a: Ting-Lu|70/100 tox|[from] psn
|-damage|p2a: Pecharunt|88/100 brn|[from] brn
|upkeep
|turn|16
|
|t:|1760816443
|switch|p2a: Tornadus|Tornadus-Therian, M|100/100
|-activate|p1a: Ting-Lu|confusion
|move|p1a: Ting-Lu|Ruination|p2a: Tornadus
|-damage|p2a: Tornadus|50/100
|
|-damage|p1a: Ting-Lu|57/100 tox|[from] psn
|upkeep
|turn|17
|
|t:|1760816465
|switch|p1a: Cinderace|Cinderace, M|100/100
|move|p2a: Tornadus|Knock Off|p1a: Cinderace
|-damage|p1a: Cinderace|76/100
|-enditem|p1a: Cinderace|Heavy-Duty Boots|[from] move: Knock Off|[of] p2a: Tornadus
|
|upkeep
|turn|18
|
|t:|1760816489
|switch|p2a: Pecharunt|Pecharunt|88/100 brn
|-damage|p2a: Pecharunt|76/100 brn|[from] Stealth Rock
|move|p1a: Cinderace|Pyro Ball|p2a: Pecharunt
|-damage|p2a: Pecharunt|50/100 brn
|
|-damage|p2a: Pecharunt|44/100 brn|[from] brn
|upkeep
|turn|19
|
|t:|1760816497
|move|p1a: Cinderace|U-turn|p2a: Pecharunt
|-resisted|p2a: Pecharunt
|-damage|p2a: Pecharunt|42/100 brn
|
|t:|1760816499
|switch|p1a: Gholdengo|Gholdengo|51/100|[from] U-turn
|move|p2a: Pecharunt|Recover|p2a: Pecharunt
|-heal|p2a: Pecharunt|92/100 brn
|
|-damage|p2a: Pecharunt|85/100 brn|[from] brn
|upkeep
|turn|20
|
|t:|1760816512
|switch|p2a: Iron Treads|Iron Treads|100/100
|-damage|p2a: Iron Treads|97/100|[from] Stealth Rock
|move|p1a: Gholdengo|Recover|p1a: Gholdengo
|-heal|p1a: Gholdengo|100/100
|
|-heal|p2a: Iron Treads|100/100|[from] item: Leftovers
|upkeep
|turn|21
|
|t:|1760816520
|switch|p1a: Ting-Lu|Ting-Lu|57/100 tox
|-ability|p1a: Ting-Lu|Vessel of Ruin
|move|p2a: Iron Treads|Rapid Spin|p1a: Ting-Lu
|-damage|p1a: Ting-Lu|49/100 tox
|-boost|p2a: Iron Treads|spe|1
|-damage|p2a: Iron Treads|84/100|[from] item: Rocky Helmet|[of] p1a: Ting-Lu
|-sideend|p2: Kebab mlml|Stealth Rock|[from] move: Rapid Spin|[of] p2a: Iron Treads
|
|-heal|p2a: Iron Treads|90/100|[from] item: Leftovers
|-damage|p1a: Ting-Lu|43/100 tox|[from] psn
|upkeep
|turn|22
|
|t:|1760816531
|move|p2a: Iron Treads|Earthquake|p1a: Ting-Lu
|-damage|p1a: Ting-Lu|18/100 tox
|move|p1a: Ting-Lu|Earthquake|p2a: Iron Treads
|-supereffective|p2a: Iron Treads
|-damage|p2a: Iron Treads|31/100
|
|-heal|p2a: Iron Treads|37/100|[from] item: Leftovers
|-damage|p1a: Ting-Lu|5/100 tox|[from] psn
|upkeep
|turn|23
|inactive|Kebab mlml has 270 seconds left.
|
|t:|1760816564
|move|p2a: Iron Treads|Earthquake|p1a: Ting-Lu
|-damage|p1a: Ting-Lu|0 fnt
|faint|p1a: Ting-Lu
|
|-heal|p2a: Iron Treads|43/100|[from] item: Leftovers
|upkeep
|
|t:|1760816566
|switch|p1a: Dragonite|Dragonite, M|100/100
|turn|24
|
|t:|1760816571
|move|p2a: Iron Treads|Ice Spinner|p1a: Dragonite
|-supereffective|p1a: Dragonite
|-damage|p1a: Dragonite|52/100
|move|p1a: Dragonite|Earthquake|p2a: Iron Treads
|-supereffective|p2a: Iron Treads
|-damage|p2a: Iron Treads|0 fnt
|faint|p2a: Iron Treads
|-end|p2a: Iron Treads|Quark Drive|[silent]
|
|upkeep
|
|t:|1760816576
|switch|p2a: Kyurem|Kyurem|100/100
|-ability|p2a: Kyurem|Pressure
|turn|25
|
|t:|1760816596
|switch|p1a: Gholdengo|Gholdengo|100/100
|move|p2a: Kyurem|Earth Power|p1a: Gholdengo
|-supereffective|p1a: Gholdengo
|-damage|p1a: Gholdengo|42/100
|
|upkeep
|turn|26
|inactive|TDNT has 270 seconds left.
|
|t:|1760816643
|switch|p1a: Dragonite|Dragonite, M|52/100
|move|p2a: Kyurem|Earth Power|p1a: Dragonite
|-immune|p1a: Dragonite
|
|upkeep
|turn|27
|inactive|TDNT has 240 seconds left.
|
|t:|1760816687
|-terastallize|p2a: Kyurem|Fairy
|move|p1a: Dragonite|Extreme Speed|p2a: Kyurem
|-damage|p2a: Kyurem|79/100
|move|p2a: Kyurem|Ice Beam|p1a: Dragonite
|-supereffective|p1a: Dragonite
|-damage|p1a: Dragonite|0 fnt
|faint|p1a: Dragonite
|
|upkeep
|
|t:|1760816710
|switch|p1a: Deoxys|Deoxys-Speed|100/100
|-ability|p1a: Deoxys|Pressure
|turn|28
|
|t:|1760816715
|switch|p1a: Gholdengo|Gholdengo|42/100
|move|p2a: Kyurem|Ice Beam|p1a: Gholdengo
|-resisted|p1a: Gholdengo
|-damage|p1a: Gholdengo|19/100
|
|upkeep
|turn|29
|
|t:|1760816719
|move|p2a: Kyurem|Ice Beam|p1a: Gholdengo
|-resisted|p1a: Gholdengo
|-damage|p1a: Gholdengo|0 fnt
|faint|p1a: Gholdengo
|
|upkeep
|
|t:|1760816720
|switch|p1a: Cinderace|Cinderace, M|76/100
|turn|30
|
|t:|1760816726
|move|p1a: Cinderace|Pyro Ball|p2a: Kyurem
|-damage|p2a: Kyurem|41/100
|move|p2a: Kyurem|Earth Power|p1a: Cinderace
|-supereffective|p1a: Cinderace
|-damage|p1a: Cinderace|0 fnt
|faint|p1a: Cinderace
|
|upkeep
|
|t:|1760816731
|switch|p1a: Deoxys|Deoxys-Speed|100/100
|-ability|p1a: Deoxys|Pressure
|turn|31
|inactive|TDNT has 240 seconds left.
|
|t:|1760816769
|move|p1a: Deoxys|Nasty Plot|p1a: Deoxys
|-boost|p1a: Deoxys|spa|2
|move|p2a: Kyurem|Ice Beam|p1a: Deoxys
|-damage|p1a: Deoxys|25/100
|
|upkeep
|turn|32
|inactive|TDNT has 240 seconds left.
|
|t:|1760816782
|move|p1a: Deoxys|Psycho Boost|p2a: Kyurem
|-damage|p2a: Kyurem|0 fnt
|-unboost|p1a: Deoxys|spa|2
|faint|p2a: Kyurem
|-damage|p1a: Deoxys|15/100|[from] item: Life Orb
|
|upkeep
|
|t:|1760816788
|switch|p2a: Ting-Lu|Ting-Lu|100/100
|-ability|p2a: Ting-Lu|Vessel of Ruin
|turn|33
|
|t:|1760816794
|move|p1a: Deoxys|Recover|p1a: Deoxys
|-heal|p1a: Deoxys|65/100
|move|p2a: Ting-Lu|Earthquake|p1a: Deoxys
|-damage|p1a: Deoxys|8/100
|
|upkeep
|turn|34
|
|t:|1760816797
|-terastallize|p1a: Deoxys|Fighting
|move|p1a: Deoxys|Focus Blast|p2a: Ting-Lu
|-supereffective|p2a: Ting-Lu
|-damage|p2a: Ting-Lu|30/100
|-damage|p1a: Deoxys|0 fnt|[from] item: Life Orb
|faint|p1a: Deoxys
|
|win|Kebab mlml
|c|☆Kebab mlml|gg
|c|☆TDNT|gg
