|j|‽TetsuNakano98
|j|☆wooperhehe
|t:|1760723685
|gametype|singles
|player|p1|TetsuNakano98|101|1146
|player|p2|wooperhehe|colress|1161
|gen|9
|tier|[Gen 9] OU
|rated|
|rule|HP Percentage Mod: HP is shown in percentages
|rule|Endless Battle Clause: Forcing endless battles is banned
|rule|Species Clause: Limit one of each Pokémon
|rule|OHKO Clause: OHKO moves are banned
|rule|Evasion Items Clause: Evasion items are banned
|rule|Evasion Moves Clause: Evasion moves are banned
|rule|Evasion Abilities Clause: Evasion abilities are banned
|rule|Sleep Moves Clause: Sleep-inducing moves are banned
|clearpoke
|poke|p1|Gholdengo|
|poke|p1|Masquerain, F|
|poke|p1|Wo-Chien|
|poke|p1|Gliscor, M|
|poke|p1|Clodsire, M|
|poke|p1|Heatran, M|
|poke|p2|Clodsire, F|
|poke|p2|Barraskewda, F|
|poke|p2|Pelipper, F|
|poke|p2|Iron Moth|
|poke|p2|Kleavor, F|
|poke|p2|Sceptile, M|
|teampreview
|inactive|Battle timer is ON: inactive players will automatically lose when time's up. (requested by wooperhehe)
|
|t:|1760723696
|teamsize|p1|6
|teamsize|p2|6
|start
|switch|p1a: Masquerain|Masquerain, F|100/100
|switch|p2a: Kleavor|Kleavor, F|100/100
|-ability|p1a: Masquerain|Intimidate|boost
|-unboost|p2a: Kleavor|atk|1
|turn|1
|
|t:|1760723706
|move|p2a: Kleavor|Stone Axe|p1a: Masquerain
|-supereffective|p1a: Masquerain
|-enditem|p1a: Masquerain|Focus Sash
|-damage|p1a: Masquerain|1/100
|-sidestart|p1: TetsuNakano98|move: Stealth Rock
|move|p1a: Masquerain|Sticky Web|p2a: Kleavor
|-sidestart|p2: wooperhehe|move: Sticky Web
|
|upkeep
|turn|2
|
|t:|1760723727
|switch|p1a: Gliscor|Gliscor, M|100/100
|-damage|p1a: Gliscor|88/100|[from] Stealth Rock
|move|p2a: Kleavor|Stone Axe|p1a: Gliscor
|-damage|p1a: Gliscor|62/100
|
|-status|p1a: Gliscor|tox|[from] item: Toxic Orb
|upkeep
|turn|3
|
|t:|1760723737
|switch|p2a: Pelipper|Pelipper, F|100/100
|-weather|RainDance|[from] ability: Drizzle|[of] p2a: Pelipper
|move|p1a: Gliscor|Knock Off|p2a: Pelipper
|-damage|p2a: Pelipper|79/100
|-enditem|p2a: Pelipper|Eject Button|[from] move: Knock Off|[of] p1a: Gliscor
|
|-weather|RainDance|[upkeep]
|-heal|p1a: Gliscor|75/100 tox|[from] ability: Poison Heal
|upkeep
|turn|4
|
|t:|1760723750
|switch|p1a: Clodsire|Clodsire, M, shiny|100/100
|-damage|p1a: Clodsire|94/100|[from] Stealth Rock
|move|p2a: Pelipper|Muddy Water|p1a: Clodsire
|-heal|p1a: Clodsire|100/100|[from] ability: Water Absorb|[of] p2a: Pelipper
|
|-weather|RainDance|[upkeep]
|upkeep
|turn|5
|
|t:|1760723761
|move|p2a: Pelipper|Knock Off|p1a: Clodsire
|-damage|p1a: Clodsire|89/100
|-enditem|p1a: Clodsire|Black Sludge|[from] move: Knock Off|[of] p2a: Pelipper
|move|p1a: Clodsire|Toxic Spikes|p2a: Pelipper
|-sidestart|p2: wooperhehe|move: Toxic Spikes
|
|-weather|RainDance|[upkeep]
|upkeep
|turn|6
|
|t:|1760723769
|move|p2a: Pelipper|U-turn|p1a: Clodsire
|-resisted|p1a: Clodsire
|-damage|p1a: Clodsire|84/100
|
|t:|1760723771
|switch|p2a: Clodsire|Clodsire, F|100/100|[from] U-turn
|-activate|p2a: Clodsire|move: Sticky Web
|-unboost|p2a: Clodsire|spe|1
|-sideend|p2: wooperhehe|move: Toxic Spikes|[of] p2a: Clodsire
|move|p1a: Clodsire|Stealth Rock|p2a: Clodsire
|-sidestart|p2: wooperhehe|move: Stealth Rock
|
|-weather|RainDance|[upkeep]
|upkeep
|turn|7
|
|t:|1760723781
|move|p1a: Clodsire|Toxic Spikes|p2a: Clodsire
|-sidestart|p2: wooperhehe|move: Toxic Spikes
|move|p2a: Clodsire|Earthquake|p1a: Clodsire
|-supereffective|p1a: Clodsire
|-damage|p1a: Clodsire|9/100
|
|-weather|none
|upkeep
|turn|8
|
|t:|1760723790
|switch|p1a: Gliscor|Gliscor, M|75/100 tox
|-damage|p1a: Gliscor|62/100 tox|[from] Stealth Rock
|move|p2a: Clodsire|Earthquake|p1a: Gliscor
|-immune|p1a: Gliscor
|
|-heal|p1a: Gliscor|75/100 tox|[from] ability: Poison Heal
|upkeep
|turn|9
|
|t:|1760723800
|switch|p2a: Iron Moth|Iron Moth|100/100
|-activate|p2a: Iron Moth|move: Sticky Web
|-unboost|p2a: Iron Moth|spe|1
|-damage|p2a: Iron Moth|76/100|[from] Stealth Rock
|-sideend|p2: wooperhehe|move: Toxic Spikes|[of] p2a: Iron Moth
|-enditem|p2a: Iron Moth|Booster Energy
|-activate|p2a: Iron Moth|ability: Quark Drive|[fromitem]
|-start|p2a: Iron Moth|quarkdrivespa
|move|p1a: Gliscor|Knock Off|p2a: Iron Moth
|-damage|p2a: Iron Moth|50/100
|
|-heal|p1a: Gliscor|87/100 tox|[from] ability: Poison Heal
|upkeep
|turn|10
|
|t:|1760723815
|move|p1a: Gliscor|Earthquake|p2a: Iron Moth
|-supereffective|p2a: Iron Moth
|-damage|p2a: Iron Moth|0 fnt
|faint|p2a: Iron Moth
|-end|p2a: Iron Moth|Quark Drive|[silent]
|
|-heal|p1a: Gliscor|99/100 tox|[from] ability: Poison Heal
|upkeep
|
|t:|1760723823
|switch|p2a: Pelipper|Pelipper, F|79/100
|-damage|p2a: Pelipper|55/100|[from] Stealth Rock
|-weather|RainDance|[from] ability: Drizzle|[of] p2a: Pelipper
|turn|11
|
|t:|1760723830
|switch|p1a: Clodsire|Clodsire, M, shiny|9/100
|-damage|p1a: Clodsire|3/100|[from] Stealth Rock
|move|p2a: Pelipper|U-turn|p1a: Clodsire
|-resisted|p1a: Clodsire
|-damage|p1a: Clodsire|0 fnt
|faint|p1a: Clodsire
|
|t:|1760723835
|switch|p2a: Barraskewda|Barraskewda, F|100/100|[from] U-turn
|-activate|p2a: Barraskewda|move: Sticky Web
|-unboost|p2a: Barraskewda|spe|1
|-damage|p2a: Barraskewda|88/100|[from] Stealth Rock
|
|-weather|RainDance|[upkeep]
|upkeep
|
|t:|1760723846
|switch|p1a: Gholdengo|Gholdengo, shiny|100/100
|-damage|p1a: Gholdengo|94/100|[from] Stealth Rock
|turn|12
|
|t:|1760723851
|move|p2a: Barraskewda|Liquidation|p1a: Gholdengo
|-damage|p1a: Gholdengo|0 fnt
|faint|p1a: Gholdengo
|-damage|p2a: Barraskewda|78/100|[from] item: Life Orb
|
|-weather|RainDance|[upkeep]
|upkeep
|
|t:|1760723861
|switch|p1a: Wo-Chien|Wo-Chien|100/100
|-damage|p1a: Wo-Chien|88/100|[from] Stealth Rock
|-ability|p1a: Wo-Chien|Tablets of Ruin
|turn|13
|
|t:|1760723866
|switch|p2a: Clodsire|Clodsire, F|100/100
|-activate|p2a: Clodsire|move: Sticky Web
|-unboost|p2a: Clodsire|spe|1
|-damage|p2a: Clodsire|94/100|[from] Stealth Rock
|move|p1a: Wo-Chien|Leech Seed|p2a: Clodsire
|-start|p2a: Clodsire|move: Leech Seed
|
|-weather|RainDance|[upkeep]
|-heal|p1a: Wo-Chien|94/100|[from] item: Leftovers
|-heal|p2a: Clodsire|100/100|[from] item: Black Sludge
|-damage|p2a: Clodsire|88/100|[from] Leech Seed|[of] p1a: Wo-Chien
|-heal|p1a: Wo-Chien|100/100|[silent]
|upkeep
|turn|14
|
|t:|1760723879
|move|p1a: Wo-Chien|Substitute|p1a: Wo-Chien
|-start|p1a: Wo-Chien|Substitute
|-damage|p1a: Wo-Chien|75/100
|move|p2a: Clodsire|Megahorn|p1a: Wo-Chien
|-supereffective|p1a: Wo-Chien
|-end|p1a: Wo-Chien|Substitute
|
|-weather|RainDance|[upkeep]
|-heal|p1a: Wo-Chien|82/100|[from] item: Leftovers
|-heal|p2a: Clodsire|94/100|[from] item: Black Sludge
|-damage|p2a: Clodsire|82/100|[from] Leech Seed|[of] p1a: Wo-Chien
|-heal|p1a: Wo-Chien|99/100|[silent]
|upkeep
|turn|15
|
|t:|1760723891
|switch|p2a: Sceptile|Sceptile, M|100/100
|-activate|p2a: Sceptile|move: Sticky Web
|-unboost|p2a: Sceptile|spe|1
|-damage|p2a: Sceptile|88/100|[from] Stealth Rock
|move|p1a: Wo-Chien|Protect||[still]
|-fail|p1a: Wo-Chien
|
|-weather|none
|-heal|p1a: Wo-Chien|100/100|[from] item: Leftovers
|upkeep
|turn|16
|
|t:|1760723902
|move|p1a: Wo-Chien|Substitute|p1a: Wo-Chien
|-start|p1a: Wo-Chien|Substitute
|-damage|p1a: Wo-Chien|75/100
|move|p2a: Sceptile|X-Scissor|p1a: Wo-Chien
|-supereffective|p1a: Wo-Chien
|-end|p1a: Wo-Chien|Substitute
|
|-heal|p1a: Wo-Chien|82/100|[from] item: Leftovers
|upkeep
|turn|17
|
|t:|1760723913
|switch|p1a: Heatran|Heatran, M|100/100
|-damage|p1a: Heatran|88/100|[from] Stealth Rock
|-item|p1a: Heatran|Air Balloon
|move|p2a: Sceptile|X-Scissor|p1a: Heatran
|-resisted|p1a: Heatran
|-damage|p1a: Heatran|83/100
|-enditem|p1a: Heatran|Air Balloon
|
|upkeep
|turn|18
|
|t:|1760723925
|move|p1a: Heatran|Lava Plume|p2a: Sceptile
|-supereffective|p2a: Sceptile
|-damage|p2a: Sceptile|0 fnt
|faint|p2a: Sceptile
|
|upkeep
|
|t:|1760723929
|switch|p2a: Clodsire|Clodsire, F|82/100
|-activate|p2a: Clodsire|move: Sticky Web
|-unboost|p2a: Clodsire|spe|1
|-damage|p2a: Clodsire|75/100|[from] Stealth Rock
|turn|19
|
|t:|1760723938
|switch|p1a: Gliscor|Gliscor, M|99/100 tox
|-damage|p1a: Gliscor|87/100 tox|[from] Stealth Rock
|switch|p2a: Pelipper|Pelipper, F|55/100
|-damage|p2a: Pelipper|30/100|[from] Stealth Rock
|-weather|RainDance|[from] ability: Drizzle|[of] p2a: Pelipper
|
|-weather|RainDance|[upkeep]
|-heal|p1a: Gliscor|99/100 tox|[from] ability: Poison Heal
|upkeep
|turn|20
|
|t:|1760723953
|move|p1a: Gliscor|Knock Off|p2a: Pelipper
|-damage|p2a: Pelipper|15/100
|move|p2a: Pelipper|Hurricane|p1a: Gliscor
|-damage|p1a: Gliscor|27/100 tox
|
|-weather|RainDance|[upkeep]
|-heal|p1a: Gliscor|39/100 tox|[from] ability: Poison Heal
|upkeep
|turn|21
|
|t:|1760723963
|move|p1a: Gliscor|Knock Off|p2a: Pelipper
|-damage|p2a: Pelipper|0 fnt
|faint|p2a: Pelipper
|
|-weather|RainDance|[upkeep]
|-heal|p1a: Gliscor|52/100 tox|[from] ability: Poison Heal
|upkeep
|
|t:|1760723967
|switch|p2a: Barraskewda|Barraskewda, F|78/100
|-activate|p2a: Barraskewda|move: Sticky Web
|-unboost|p2a: Barraskewda|spe|1
|-damage|p2a: Barraskewda|66/100|[from] Stealth Rock
|turn|22
|
|t:|1760723977
|move|p2a: Barraskewda|Liquidation|p1a: Gliscor
|-supereffective|p1a: Gliscor
|-damage|p1a: Gliscor|0 fnt
|faint|p1a: Gliscor
|-damage|p2a: Barraskewda|56/100|[from] item: Life Orb
|
|-weather|RainDance|[upkeep]
|upkeep
|
|t:|1760723987
|switch|p1a: Wo-Chien|Wo-Chien|82/100
|-damage|p1a: Wo-Chien|69/100|[from] Stealth Rock
|-ability|p1a: Wo-Chien|Tablets of Ruin
|turn|23
|
|t:|1760723995
|move|p2a: Barraskewda|Poison Jab|p1a: Wo-Chien
|-supereffective|p1a: Wo-Chien
|-damage|p1a: Wo-Chien|8/100
|-damage|p2a: Barraskewda|47/100|[from] item: Life Orb
|move|p1a: Wo-Chien|Leech Seed|p2a: Barraskewda
|-start|p2a: Barraskewda|move: Leech Seed
|
|-weather|none
|-heal|p1a: Wo-Chien|14/100|[from] item: Leftovers
|-damage|p2a: Barraskewda|34/100|[from] Leech Seed|[of] p1a: Wo-Chien
|-heal|p1a: Wo-Chien|25/100|[silent]
|upkeep
|turn|24
|
|t:|1760724008
|switch|p2a: Kleavor|Kleavor, F|100/100
|-activate|p2a: Kleavor|move: Sticky Web
|-unboost|p2a: Kleavor|spe|1
|-damage|p2a: Kleavor|76/100|[from] Stealth Rock
|move|p1a: Wo-Chien|Protect||[still]
|-fail|p1a: Wo-Chien
|
|-heal|p1a: Wo-Chien|31/100|[from] item: Leftovers
|upkeep
|turn|25
|
|t:|1760724019
|switch|p1a: Heatran|Heatran, M|83/100
|-damage|p1a: Heatran|70/100|[from] Stealth Rock
|move|p2a: Kleavor|Close Combat|p1a: Heatran
|-supereffective|p1a: Heatran
|-damage|p1a: Heatran|0 fnt
|-unboost|p2a: Kleavor|def|1
|-unboost|p2a: Kleavor|spd|1
|faint|p1a: Heatran
|
|upkeep
|
|t:|1760724030
|switch|p1a: Wo-Chien|Wo-Chien|31/100
|-damage|p1a: Wo-Chien|18/100|[from] Stealth Rock
|-ability|p1a: Wo-Chien|Tablets of Ruin
|turn|26
|
|t:|1760724036
|move|p2a: Kleavor|Close Combat|p1a: Wo-Chien
|-supereffective|p1a: Wo-Chien
|-damage|p1a: Wo-Chien|0 fnt
|-unboost|p2a: Kleavor|def|1
|-unboost|p2a: Kleavor|spd|1
|faint|p1a: Wo-Chien
|
|upkeep
|
|t:|1760724044
|switch|p1a: Masquerain|Masquerain, F|1/100
|-damage|p1a: Masquerain|0 fnt|[from] Stealth Rock
|faint|p1a: Masquerain
|
|win|wooperhehe
|raw|TetsuNakano98's rating: 1146 &rarr; <strong>1122</strong><br />(-24 for losing)
|raw|wooperhehe's rating: 1161 &rarr; <strong>1185</strong><br />(+24 for winning)
|l|☆wooperhehe
|player|p2|
|l|‽TetsuNakano98
|player|p1|
