|j|☆Jinghan Yu
|j|☆bmove
|t:|1760847264
|gametype|singles
|player|p1|Jinghan Yu|nate|1146
|player|p2|bmove|2|1161
|gen|9
|tier|[Gen 9] OU
|rated|
|rule|HP Percentage Mod: HP is shown in percentages
|rule|Endless Battle Clause: Forcing endless battles is banned
|rule|Species Clause: Limit one of each Pokémon
|rule|OHKO Clause: OHKO moves are banned
|rule|Evasion Items Clause: Evasion items are banned
|rule|Evasion Moves Clause: Evasion moves are banned
|rule|Evasion Abilities Clause: Evasion abilities are banned
|rule|Sleep Moves Clause: Sleep-inducing moves are banned
|clearpoke
|poke|p1|Blastoise, M|
|poke|p1|Tyranitar, M|
|poke|p1|Dragonite, M|
|poke|p1|Heracross, M|
|poke|p1|Emboar, M|
|poke|p1|Excadrill, M|
|poke|p2|Clefable, M|
|poke|p2|Alomomola, M|
|poke|p2|Slowking-Galar, F|
|poke|p2|Dragapult, M|
|poke|p2|Kingambit, F|
|poke|p2|Landorus-Therian, M|
|teampreview
|
|t:|1760847295
|teamsize|p1|6
|teamsize|p2|6
|start
|switch|p1a: Cheney|Blastoise, M|100/100
|switch|p2a: Alomomola|Alomomola, M|100/100
|turn|1
|
|t:|1760847303
|move|p1a: Cheney|Shell Smash|p1a: Cheney
|-unboost|p1a: Cheney|def|1
|-unboost|p1a: Cheney|spd|1
|-boost|p1a: Cheney|atk|2
|-boost|p1a: Cheney|spa|2
|-boost|p1a: Cheney|spe|2
|-enditem|p1a: Cheney|White Herb
|-clearnegativeboost|p1a: Cheney|[silent]
|move|p2a: Alomomola|Tickle|p1a: Cheney
|-unboost|p1a: Cheney|atk|1
|-unboost|p1a: Cheney|def|1
|
|upkeep
|turn|2
|
|t:|1760847313
|move|p1a: Cheney|Shell Smash|p1a: Cheney
|-unboost|p1a: Cheney|def|1
|-unboost|p1a: Cheney|spd|1
|-boost|p1a: Cheney|atk|2
|-boost|p1a: Cheney|spa|2
|-boost|p1a: Cheney|spe|2
|move|p2a: Alomomola|Mirror Coat||[still]
|-fail|p2a: Alomomola
|
|upkeep
|turn|3
|
|t:|1760847321
|move|p1a: Cheney|Shell Smash|p1a: Cheney
|-unboost|p1a: Cheney|def|1
|-unboost|p1a: Cheney|spd|1
|-boost|p1a: Cheney|atk|2
|-boost|p1a: Cheney|spa|2
|-boost|p1a: Cheney|spe|2
|move|p2a: Alomomola|Flip Turn|p1a: Cheney
|-resisted|p1a: Cheney
|-damage|p1a: Cheney|79/100
|
|t:|1760847325
|switch|p2a: Kingambit|Kingambit, F|100/100|[from] Flip Turn
|-item|p2a: Kingambit|Air Balloon
|
|upkeep
|turn|4
|
|t:|1760847331
|move|p2a: Kingambit|Sucker Punch||[still]
|-fail|p2a: Kingambit
|move|p1a: Cheney|Shell Smash|p1a: Cheney
|-unboost|p1a: Cheney|def|1
|-unboost|p1a: Cheney|spd|1
|-boost|p1a: Cheney|atk|1
|-boost|p1a: Cheney|spa|0
|-boost|p1a: Cheney|spe|0
|
|upkeep
|turn|5
|inactive|Battle timer is ON: inactive players will automatically lose when time's up. (requested by Jinghan Yu)
|
|t:|1760847346
|move|p2a: Kingambit|Sucker Punch||[still]
|-fail|p2a: Kingambit
|move|p1a: Cheney|Shell Smash|p1a: Cheney
|-unboost|p1a: Cheney|def|1
|-unboost|p1a: Cheney|spd|1
|-boost|p1a: Cheney|atk|0
|-boost|p1a: Cheney|spa|0
|-boost|p1a: Cheney|spe|0
|
|upkeep
|turn|6
|
|t:|1760847362
|move|p2a: Kingambit|Sucker Punch|p1a: Cheney
|-damage|p1a: Cheney|0 fnt
|faint|p1a: Cheney
|
|upkeep
|
|t:|1760847366
|switch|p1a: Timothy|Tyranitar, M|100/100
|-weather|Sandstorm|[from] ability: Sand Stream|[of] p1a: Timothy
|turn|7
|
|t:|1760847373
|-end|p2a: Kingambit|fallenundefined|[silent]
|switch|p2a: Alomomola|Alomomola, M|100/100
|move|p1a: Timothy|Thunder Wave|p2a: Alomomola
|-status|p2a: Alomomola|par
|
|-weather|Sandstorm|[upkeep]
|-damage|p2a: Alomomola|94/100 par|[from] Sandstorm
|upkeep
|turn|8
|
|t:|1760847379
|switch|p1a: Donovan|Dragonite, M, shiny|100/100
|move|p2a: Alomomola|Flip Turn|p1a: Donovan
|-resisted|p1a: Donovan
|-damage|p1a: Donovan|96/100
|
|t:|1760847386
|switch|p2a: Dragapult|Dragapult, M|100/100|[from] Flip Turn
|
|-weather|Sandstorm|[upkeep]
|-damage|p2a: Dragapult|94/100|[from] Sandstorm
|-damage|p1a: Donovan|90/100|[from] Sandstorm
|upkeep
|turn|9
|
|t:|1760847393
|switch|p1a: Timothy|Tyranitar, M|100/100
|move|p2a: Dragapult|Draco Meteor|p1a: Timothy|[miss]
|-miss|p2a: Dragapult|p1a: Timothy
|
|-weather|Sandstorm|[upkeep]
|-damage|p2a: Dragapult|88/100|[from] Sandstorm
|upkeep
|turn|10
|
|t:|1760847418
|switch|p2a: Alomomola|Alomomola, M|100/100 par
|move|p1a: Timothy|Thunder Wave|p2a: Alomomola
|-fail|p2a: Alomomola|par
|
|-weather|Sandstorm|[upkeep]
|-damage|p2a: Alomomola|94/100 par|[from] Sandstorm
|upkeep
|turn|11
|
|t:|1760847429
|move|p1a: Timothy|Earthquake|p2a: Alomomola
|-damage|p2a: Alomomola|74/100 par
|move|p2a: Alomomola|Scald|p1a: Timothy
|-supereffective|p1a: Timothy
|-damage|p1a: Timothy|83/100
|
|-weather|Sandstorm|[upkeep]
|-damage|p2a: Alomomola|67/100 par|[from] Sandstorm
|upkeep
|turn|12
|
|t:|1760847435
|move|p2a: Alomomola|Scald|p1a: Timothy
|-supereffective|p1a: Timothy
|-damage|p1a: Timothy|66/100
|move|p1a: Timothy|Dragon Tail|p2a: Alomomola
|-damage|p2a: Alomomola|56/100 par
|drag|p2a: Clefable|Clefable, M|100/100
|
|-weather|Sandstorm|[upkeep]
|upkeep
|turn|13
|
|t:|1760847448
|switch|p1a: Emmett|Excadrill, M|100/100
|-item|p1a: Emmett|Air Balloon
|move|p2a: Clefable|Knock Off|p1a: Emmett
|-damage|p1a: Emmett|78/100
|-enditem|p1a: Emmett|Air Balloon
|
|-weather|Sandstorm|[upkeep]
|upkeep
|turn|14
|
|t:|1760847457
|switch|p2a: Alomomola|Alomomola, M|89/100 par
|move|p1a: Emmett|Rapid Spin|p2a: Alomomola
|-damage|p2a: Alomomola|80/100 par
|-boost|p1a: Emmett|spe|1
|
|-weather|none
|upkeep
|turn|15
|
|t:|1760847465
|move|p1a: Emmett|Swords Dance|p1a: Emmett
|-boost|p1a: Emmett|atk|2
|cant|p2a: Alomomola|par
|
|upkeep
|turn|16
|
|t:|1760847471
|move|p1a: Emmett|Earthquake|p2a: Alomomola
|-damage|p2a: Alomomola|18/100 par
|move|p2a: Alomomola|Scald|p1a: Emmett
|-supereffective|p1a: Emmett
|-damage|p1a: Emmett|41/100
|
|upkeep
|turn|17
|
|t:|1760847478
|switch|p2a: Landorus|Landorus-Therian, M|100/100
|-ability|p2a: Landorus|Intimidate|boost
|-unboost|p1a: Emmett|atk|1
|move|p1a: Emmett|Swords Dance|p1a: Emmett
|-boost|p1a: Emmett|atk|2
|
|upkeep
|turn|18
|
|t:|1760847485
|move|p1a: Emmett|Rock Slide|p2a: Landorus|[miss]
|-miss|p1a: Emmett|p2a: Landorus
|move|p2a: Landorus|Earthquake|p1a: Emmett
|-supereffective|p1a: Emmett
|-damage|p1a: Emmett|0 fnt
|faint|p1a: Emmett
|
|upkeep
|
|t:|1760847488
|switch|p1a: Constant|Heracross, M|100/100
|turn|19
|
|t:|1760847496
|move|p2a: Landorus|U-turn|p1a: Constant
|-resisted|p1a: Constant
|-damage|p1a: Constant|80/100
|
|t:|1760847502
|switch|p2a: Alomomola|Alomomola, M|51/100 par|[from] U-turn
|move|p1a: Constant|Swords Dance|p1a: Constant
|-boost|p1a: Constant|atk|2
|
|-status|p1a: Constant|brn|[from] item: Flame Orb
|upkeep
|turn|20
|
|t:|1760847508
|move|p1a: Constant|Trailblaze|p2a: Alomomola
|-supereffective|p2a: Alomomola
|-damage|p2a: Alomomola|0 fnt
|-boost|p1a: Constant|spe|1
|faint|p2a: Alomomola
|
|-damage|p1a: Constant|74/100 brn|[from] brn
|upkeep
|
|t:|1760847524
|switch|p2a: Landorus|Landorus-Therian, M|100/100
|-ability|p2a: Landorus|Intimidate|boost
|-unboost|p1a: Constant|atk|1
|turn|21
|
|t:|1760847535
|move|p1a: Constant|Swords Dance|p1a: Constant
|-boost|p1a: Constant|atk|2
|move|p2a: Landorus|Taunt|p1a: Constant
|-start|p1a: Constant|move: Taunt
|
|-damage|p1a: Constant|68/100 brn|[from] brn
|upkeep
|turn|22
|
|t:|1760847541
|move|p1a: Constant|Shadow Claw|p2a: Landorus
|-damage|p2a: Landorus|0 fnt
|faint|p2a: Landorus
|
|-damage|p1a: Constant|62/100 brn|[from] brn
|upkeep
|
|t:|1760847550
|switch|p2a: Dragapult|Dragapult, M|88/100
|turn|23
|
|t:|1760847556
|-terastallize|p2a: Dragapult|Steel
|move|p1a: Constant|Shadow Claw|p2a: Dragapult
|-damage|p2a: Dragapult|0 fnt
|faint|p2a: Dragapult
|
|-damage|p1a: Constant|56/100 brn|[from] brn
|upkeep
|
|t:|1760847563
|switch|p2a: Kingambit|Kingambit, F|100/100
|-activate|p2a: Kingambit|ability: Supreme Overlord
|-start|p2a: Kingambit|fallen3|[silent]
|-item|p2a: Kingambit|Air Balloon
|turn|24
|
|t:|1760847574
|move|p2a: Kingambit|Sucker Punch|p1a: Constant
|-resisted|p1a: Constant
|-damage|p1a: Constant|21/100 brn
|move|p1a: Constant|Close Combat|p2a: Kingambit
|-supereffective|p2a: Kingambit
|-damage|p2a: Kingambit|0 fnt
|-unboost|p1a: Constant|def|1
|-unboost|p1a: Constant|spd|1
|-enditem|p2a: Kingambit|Air Balloon
|faint|p2a: Kingambit
|-end|p2a: Kingambit|fallen3|[silent]
|
|-damage|p1a: Constant|15/100 brn|[from] brn
|-end|p1a: Constant|move: Taunt
|upkeep
|-message|bmove forfeited.
|
|win|Jinghan Yu
|raw|Jinghan Yu's rating: 1146 &rarr; <strong>1172</strong><br />(+26 for winning)
|raw|bmove's rating: 1161 &rarr; <strong>1135</strong><br />(-26 for losing)
|l|☆bmove
|player|p2|
|l|☆Jinghan Yu
|player|p1|
