|j|☆jtchad
|j|☆karane yui
|t:|1760850789
|gametype|singles
|player|p1|jtchad|ethan|1079
|player|p2|karane yui|flannery|1120
|gen|9
|tier|[Gen 9] OU
|rated|
|rule|HP Percentage Mod: HP is shown in percentages
|rule|Endless Battle Clause: Forcing endless battles is banned
|rule|Species Clause: Limit one of each Pokémon
|rule|OHKO Clause: OHKO moves are banned
|rule|Evasion Items Clause: Evasion items are banned
|rule|Evasion Moves Clause: Evasion moves are banned
|rule|Evasion Abilities Clause: Evasion abilities are banned
|rule|Sleep Moves Clause: Sleep-inducing moves are banned
|clearpoke
|poke|p1|Polteageist|
|poke|p1|Whimsicott, F|
|poke|p1|Lokix, M|
|poke|p1|Serperior, M|
|poke|p1|Slowking-Galar, F|
|poke|p1|Weavile, F|
|poke|p2|Ninetales, M|
|poke|p2|Heatran, F|
|poke|p2|Lilligant-Hisui, F|
|poke|p2|Ogerpon-Wellspring, F|
|poke|p2|Great Tusk|
|poke|p2|Dragapult, M|
|teampreview
|inactive|Battle timer is ON: inactive players will automatically lose when time's up. (requested by karane yui)
|inactive|jtchad also wants the timer to be on.
|
|t:|1760850808
|teamsize|p1|6
|teamsize|p2|6
|start
|switch|p1a: Serperior|Serperior, M, shiny|100/100
|switch|p2a: Dragapult|Dragapult, M|100/100
|turn|1
|
|t:|1760850816
|move|p2a: Dragapult|Flamethrower|p1a: Serperior
|-supereffective|p1a: Serperior
|-damage|p1a: Serperior|10/100
|move|p1a: Serperior|Leaf Storm|p2a: Dragapult
|-resisted|p2a: Dragapult
|-damage|p2a: Dragapult|63/100
|-boost|p1a: Serperior|spa|2
|
|upkeep
|turn|2
|
|t:|1760850832
|switch|p1a: Slowking|Slowking-Galar, F|100/100
|move|p2a: Dragapult|Flamethrower|p1a: Slowking
|-damage|p1a: Slowking|69/100
|
|-heal|p1a: Slowking|75/100|[from] item: Leftovers
|upkeep
|turn|3
|
|t:|1760850855
|switch|p2a: Heatran|Heatran, F|100/100
|-item|p2a: Heatran|Air Balloon
|move|p1a: Slowking|Sludge Wave|p2a: Heatran
|-immune|p2a: Heatran
|
|-heal|p1a: Slowking|81/100|[from] item: Leftovers
|upkeep
|turn|4
|
|t:|1760850870
|switch|p1a: Whimsicott|Whimsicott, F, shiny|100/100
|move|p2a: Heatran|Magma Storm|p1a: Whimsicott
|-supereffective|p1a: Whimsicott
|-damage|p1a: Whimsicott|0 fnt
|faint|p1a: Whimsicott
|
|upkeep
|inactive|jtchad has 120 seconds left.
|
|t:|1760850886
|switch|p1a: Slowking|Slowking-Galar, F|100/100
|turn|5
|
|t:|1760850893
|move|p2a: Heatran|Magma Storm|p1a: Slowking|[miss]
|-miss|p2a: Heatran|p1a: Slowking
|move|p1a: Slowking|Surf|p2a: Heatran
|-supereffective|p2a: Heatran
|-damage|p2a: Heatran|47/100
|-enditem|p2a: Heatran|Air Balloon
|
|upkeep
|turn|6
|
|t:|1760850911
|switch|p1a: Weavile|Weavile, F|100/100
|-ability|p1a: Weavile|Pressure
|move|p2a: Heatran|Earth Power|p1a: Weavile
|-damage|p1a: Weavile|57/100
|-unboost|p1a: Weavile|spd|1
|
|upkeep
|turn|7
|
|t:|1760850921
|move|p2a: Heatran|Protect|p2a: Heatran
|-singleturn|p2a: Heatran|Protect
|move|p1a: Weavile|Fake Out|p2a: Heatran
|-activate|p2a: Heatran|move: Protect
|
|upkeep
|turn|8
|
|t:|1760850931
|switch|p1a: Slowking|Slowking-Galar, F|100/100
|move|p2a: Heatran|Magma Storm|p1a: Slowking
|-damage|p1a: Slowking|59/100
|-activate|p1a: Slowking|move: Magma Storm|[of] p2a: Heatran
|
|-heal|p1a: Slowking|65/100|[from] item: Leftovers
|-damage|p1a: Slowking|53/100|[from] move: Magma Storm|[partiallytrapped]
|upkeep
|turn|9
|
|t:|1760850948
|move|p2a: Heatran|Protect|p2a: Heatran
|-singleturn|p2a: Heatran|Protect
|move|p1a: Slowking|Surf|p2a: Heatran
|-activate|p2a: Heatran|move: Protect
|
|-heal|p1a: Slowking|59/100|[from] item: Leftovers
|-damage|p1a: Slowking|46/100|[from] move: Magma Storm|[partiallytrapped]
|upkeep
|turn|10
|
|t:|1760850958
|move|p2a: Heatran|Earth Power|p1a: Slowking
|-supereffective|p1a: Slowking
|-damage|p1a: Slowking|0 fnt
|faint|p1a: Slowking
|
|upkeep
|
|t:|1760850969
|switch|p1a: Polteageist|Polteageist, shiny|100/100
|turn|11
|
|t:|1760850983
|move|p1a: Polteageist|Shell Smash|p1a: Polteageist
|-unboost|p1a: Polteageist|def|1
|-unboost|p1a: Polteageist|spd|1
|-boost|p1a: Polteageist|atk|2
|-boost|p1a: Polteageist|spa|2
|-boost|p1a: Polteageist|spe|2
|-enditem|p1a: Polteageist|White Herb
|-clearnegativeboost|p1a: Polteageist|[silent]
|move|p2a: Heatran|Magma Storm|p1a: Polteageist|[miss]
|-miss|p2a: Heatran|p1a: Polteageist
|
|upkeep
|turn|12
|
|t:|1760850998
|move|p1a: Polteageist|Shadow Ball|p2a: Heatran
|-damage|p2a: Heatran|0 fnt
|faint|p2a: Heatran
|
|upkeep
|
|t:|1760851017
|switch|p2a: Ninetales|Ninetales, M|100/100
|-weather|SunnyDay|[from] ability: Drought|[of] p2a: Ninetales
|turn|13
|
|t:|1760851031
|move|p1a: Polteageist|Shadow Ball|p2a: Ninetales
|-damage|p2a: Ninetales|2/100
|move|p2a: Ninetales|Weather Ball|p1a: Polteageist
|-damage|p1a: Polteageist|47/100
|
|-weather|SunnyDay|[upkeep]
|upkeep
|turn|14
|
|t:|1760851040
|move|p1a: Polteageist|Stored Power|p2a: Ninetales
|-damage|p2a: Ninetales|0 fnt
|faint|p2a: Ninetales
|
|-weather|SunnyDay|[upkeep]
|upkeep
|
|t:|1760851044
|switch|p2a: Lilligant|Lilligant-Hisui, F|100/100
|turn|15
|
|t:|1760851053
|move|p2a: Lilligant|Solar Blade||[still]
|-prepare|p2a: Lilligant|Solar Blade
|-anim|p2a: Lilligant|Solar Blade|p1a: Polteageist
|-damage|p1a: Polteageist|0 fnt
|faint|p1a: Polteageist
|-damage|p2a: Lilligant|91/100|[from] item: Life Orb
|
|-weather|SunnyDay|[upkeep]
|upkeep
|
|t:|1760851065
|switch|p1a: Weavile|Weavile, F|57/100
|-ability|p1a: Weavile|Pressure
|turn|16
|
|t:|1760851085
|move|p1a: Weavile|Fake Out|p2a: Lilligant
|-damage|p2a: Lilligant|65/100
|-damage|p1a: Weavile|47/100|[from] item: Life Orb
|cant|p2a: Lilligant|flinch
|
|-weather|SunnyDay|[upkeep]
|upkeep
|turn|17
|
|t:|1760851094
|switch|p1a: Lokix|Lokix, M|100/100
|move|p2a: Lilligant|Axe Kick|p1a: Lokix
|-damage|p1a: Lokix|0 fnt
|faint|p1a: Lokix
|-damage|p2a: Lilligant|55/100|[from] item: Life Orb
|
|-weather|SunnyDay|[upkeep]
|upkeep
|-message|jtchad forfeited.
|
|win|karane yui
|raw|jtchad's rating: 1079 &rarr; <strong>1060</strong><br />(-19 for losing)
|raw|karane yui's rating: 1120 &rarr; <strong>1142</strong><br />(+22 for winning)
|l|☆jtchad
|player|p1|
|l|☆karane yui
|player|p2|
