|j|☆a lil sweeper
|j|☆martin mad
|t:|1760823421
|gametype|singles
|player|p1|a lil sweeper|janitor|1437
|player|p2|martin mad|steven|1466
|gen|9
|tier|[Gen 9] OU
|rated|
|rule|HP Percentage Mod: HP is shown in percentages
|rule|Endless Battle Clause: Forcing endless battles is banned
|rule|Species Clause: Limit one of each Pokémon
|rule|OHKO Clause: OHKO moves are banned
|rule|Evasion Items Clause: Evasion items are banned
|rule|Evasion Moves Clause: Evasion moves are banned
|rule|Evasion Abilities Clause: Evasion abilities are banned
|rule|Sleep Moves Clause: Sleep-inducing moves are banned
|clearpoke
|poke|p1|Grimmsnarl, M|
|poke|p1|Alcremie-Rainbow-Swirl, F|
|poke|p1|Pecharunt|
|poke|p1|Kyurem|
|poke|p1|Iron Valiant|
|poke|p1|Heatran, M|
|poke|p2|Great Tusk|
|poke|p2|Ogerpon-Wellspring, F|
|poke|p2|Zapdos|
|poke|p2|Slowking-Galar, F|
|poke|p2|Dragapult, F|
|poke|p2|Deoxys-Speed|
|teampreview
|inactive|Battle timer is ON: inactive players will automatically lose when time's up. (requested by a lil sweeper)
|inactive|martin mad has 120 seconds left.
|
|t:|1760823470
|teamsize|p1|6
|teamsize|p2|6
|start
|switch|p1a: Grimmsnarl|Grimmsnarl, M|100/100
|switch|p2a: Great Tusk|Great Tusk|100/100
|turn|1
|
|t:|1760823480
|move|p1a: Grimmsnarl|Reflect|p1a: Grimmsnarl
|-sidestart|p1: a lil sweeper|Reflect
|move|p2a: Great Tusk|Stealth Rock|p1a: Grimmsnarl
|-sidestart|p1: a lil sweeper|move: Stealth Rock
|
|upkeep
|turn|2
|
|t:|1760823498
|-end|p2a: Great Tusk|Protosynthesis|[silent]
|switch|p2a: Slowking|Slowking-Galar, F|100/100
|move|p1a: Grimmsnarl|Light Screen|p1a: Grimmsnarl
|-sidestart|p1: a lil sweeper|move: Light Screen
|
|upkeep
|turn|3
|
|t:|1760823506
|move|p1a: Grimmsnarl|Parting Shot|p2a: Slowking
|-unboost|p2a: Slowking|atk|1
|-unboost|p2a: Slowking|spa|1
|
|t:|1760823513
|switch|p1a: Heatran|Heatran, M|100/100|[from] Parting Shot
|-damage|p1a: Heatran|88/100|[from] Stealth Rock
|move|p2a: Slowking|Thunder Wave|p1a: Heatran
|-status|p1a: Heatran|par
|
|-heal|p1a: Heatran|94/100 par|[from] item: Leftovers
|upkeep
|turn|4
|
|t:|1760823520
|switch|p1a: Alcremie|Alcremie-Rainbow-Swirl, F|100/100
|-damage|p1a: Alcremie|88/100|[from] Stealth Rock
|-prepare|p2a: Slowking|Chilly Reception|[premajor]
|move|p2a: Slowking|Chilly Reception|p2a: Slowking
|-weather|Snowscape
|
|t:|1760823530
|switch|p2a: Ogerpon|Ogerpon-Wellspring, F|100/100|[from] Chilly Reception
|
|-weather|Snowscape|[upkeep]
|-heal|p1a: Alcremie|94/100|[from] item: Leftovers
|upkeep
|turn|5
|
|t:|1760823534
|move|p2a: Ogerpon|Spikes|p1a: Alcremie
|-sidestart|p1: a lil sweeper|Spikes
|move|p1a: Alcremie|Acid Armor|p1a: Alcremie
|-boost|p1a: Alcremie|def|2
|
|-weather|Snowscape|[upkeep]
|-heal|p1a: Alcremie|99/100|[from] item: Leftovers
|upkeep
|turn|6
|
|t:|1760823538
|move|p2a: Ogerpon|Knock Off|p1a: Alcremie
|-resisted|p1a: Alcremie
|-damage|p1a: Alcremie|94/100
|-enditem|p1a: Alcremie|Leftovers|[from] move: Knock Off|[of] p2a: Ogerpon
|move|p1a: Alcremie|Acid Armor|p1a: Alcremie
|-boost|p1a: Alcremie|def|2
|
|-weather|Snowscape|[upkeep]
|upkeep
|turn|7
|
|t:|1760823549
|move|p2a: Ogerpon|U-turn|p1a: Alcremie
|-resisted|p1a: Alcremie
|-damage|p1a: Alcremie|91/100
|
|t:|1760823551
|switch|p2a: Slowking|Slowking-Galar, F|100/100|[from] U-turn
|move|p1a: Alcremie|Calm Mind|p1a: Alcremie
|-boost|p1a: Alcremie|spa|1
|-boost|p1a: Alcremie|spd|1
|
|-weather|Snowscape|[upkeep]
|upkeep
|turn|8
|
|t:|1760823555
|-terastallize|p1a: Alcremie|Poison
|move|p1a: Alcremie|Calm Mind|p1a: Alcremie
|-boost|p1a: Alcremie|spa|1
|-boost|p1a: Alcremie|spd|1
|move|p2a: Slowking|Sludge Bomb|p1a: Alcremie
|-resisted|p1a: Alcremie
|-damage|p1a: Alcremie|88/100
|
|-weather|none
|-sideend|p1: a lil sweeper|Reflect
|upkeep
|turn|9
|
|t:|1760823566
|move|p1a: Alcremie|Calm Mind|p1a: Alcremie
|-boost|p1a: Alcremie|spa|1
|-boost|p1a: Alcremie|spd|1
|move|p2a: Slowking|Future Sight|p1a: Alcremie
|-start|p2a: Slowking|move: Future Sight
|
|-sideend|p1: a lil sweeper|move: Light Screen
|upkeep
|turn|10
|
|t:|1760823573
|move|p1a: Alcremie|Calm Mind|p1a: Alcremie
|-boost|p1a: Alcremie|spa|1
|-boost|p1a: Alcremie|spd|1
|-prepare|p2a: Slowking|Chilly Reception|[premajor]
|move|p2a: Slowking|Chilly Reception|p2a: Slowking
|-weather|Snowscape
|
|t:|1760823575
|switch|p2a: Deoxys|Deoxys-Speed|100/100|[from] Chilly Reception
|-ability|p2a: Deoxys|Pressure
|
|-weather|Snowscape|[upkeep]
|upkeep
|turn|11
|
|t:|1760823578
|move|p2a: Deoxys|Psycho Boost|p1a: Alcremie
|-supereffective|p1a: Alcremie
|-damage|p1a: Alcremie|62/100
|-unboost|p2a: Deoxys|spa|2
|move|p1a: Alcremie|Alluring Voice|p2a: Deoxys
|-crit|p2a: Deoxys
|-damage|p2a: Deoxys|0 fnt
|faint|p2a: Deoxys
|
|-weather|Snowscape|[upkeep]
|-end|p1a: Alcremie|move: Future Sight
|-supereffective|p1a: Alcremie
|-damage|p1a: Alcremie|43/100
|upkeep
|
|t:|1760823587
|switch|p2a: Great Tusk|Great Tusk|100/100
|turn|12
|
|t:|1760823593
|-terastallize|p2a: Great Tusk|Steel
|move|p2a: Great Tusk|Headlong Rush|p1a: Alcremie
|-supereffective|p1a: Alcremie
|-damage|p1a: Alcremie|0 fnt
|-unboost|p2a: Great Tusk|def|1
|-unboost|p2a: Great Tusk|spd|1
|faint|p1a: Alcremie
|
|-weather|Snowscape|[upkeep]
|upkeep
|
|t:|1760823606
|switch|p1a: Iron Valiant|Iron Valiant|100/100
|-damage|p1a: Iron Valiant|94/100|[from] Stealth Rock
|-damage|p1a: Iron Valiant|82/100|[from] Spikes
|-enditem|p1a: Iron Valiant|Booster Energy
|-activate|p1a: Iron Valiant|ability: Quark Drive|[fromitem]
|-start|p1a: Iron Valiant|quarkdrivespe
|turn|13
|
|t:|1760823610
|-end|p2a: Great Tusk|Protosynthesis|[silent]
|switch|p2a: Slowking|Slowking-Galar, F|100/100
|move|p1a: Iron Valiant|Moonblast|p2a: Slowking
|-resisted|p2a: Slowking
|-damage|p2a: Slowking|87/100
|
|-weather|Snowscape|[upkeep]
|upkeep
|turn|14
|
|t:|1760823618
|-end|p1a: Iron Valiant|Quark Drive|[silent]
|switch|p1a: Heatran|Heatran, M|94/100 par
|-damage|p1a: Heatran|82/100 par|[from] Stealth Rock
|-damage|p1a: Heatran|69/100 par|[from] Spikes
|move|p2a: Slowking|Sludge Bomb|p1a: Heatran
|-immune|p1a: Heatran
|
|-weather|none
|-heal|p1a: Heatran|76/100 par|[from] item: Leftovers
|upkeep
|turn|15
|
|t:|1760823622
|cant|p1a: Heatran|par
|-prepare|p2a: Slowking|Chilly Reception|[premajor]
|move|p2a: Slowking|Chilly Reception|p2a: Slowking
|-weather|Snowscape
|
|t:|1760823627
|switch|p2a: Great Tusk|Great Tusk, tera:Steel|100/100|[from] Chilly Reception
|
|-weather|Snowscape|[upkeep]
|-heal|p1a: Heatran|82/100 par|[from] item: Leftovers
|upkeep
|turn|16
|
|t:|1760823632
|move|p2a: Great Tusk|Headlong Rush|p1a: Heatran
|-supereffective|p1a: Heatran
|-damage|p1a: Heatran|0 fnt
|-unboost|p2a: Great Tusk|def|1
|-unboost|p2a: Great Tusk|spd|1
|faint|p1a: Heatran
|
|-weather|Snowscape|[upkeep]
|upkeep
|
|t:|1760823637
|switch|p1a: Iron Valiant|Iron Valiant|82/100
|-damage|p1a: Iron Valiant|76/100|[from] Stealth Rock
|-damage|p1a: Iron Valiant|63/100|[from] Spikes
|turn|17
|
|t:|1760823650
|-end|p2a: Great Tusk|Protosynthesis|[silent]
|switch|p2a: Slowking|Slowking-Galar, F|100/100
|move|p1a: Iron Valiant|Shadow Ball|p2a: Slowking
|-supereffective|p2a: Slowking
|-damage|p2a: Slowking|68/100
|
|-weather|Snowscape|[upkeep]
|upkeep
|turn|18
|
|t:|1760823657
|move|p1a: Iron Valiant|Shadow Ball|p2a: Slowking
|-supereffective|p2a: Slowking
|-damage|p2a: Slowking|37/100
|move|p2a: Slowking|Sludge Bomb|p1a: Iron Valiant
|-supereffective|p1a: Iron Valiant
|-damage|p1a: Iron Valiant|0 fnt
|faint|p1a: Iron Valiant
|-end|p1a: Iron Valiant|Quark Drive|[silent]
|
|-weather|Snowscape|[upkeep]
|upkeep
|
|t:|1760823664
|switch|p1a: Kyurem|Kyurem|100/100
|-damage|p1a: Kyurem|76/100|[from] Stealth Rock
|-damage|p1a: Kyurem|63/100|[from] Spikes
|-ability|p1a: Kyurem|Pressure
|turn|19
|
|t:|1760823669
|move|p1a: Kyurem|Earth Power|p2a: Slowking
|-supereffective|p2a: Slowking
|-damage|p2a: Slowking|0 fnt
|faint|p2a: Slowking
|
|-weather|none
|upkeep
|
|t:|1760823682
|switch|p2a: Great Tusk|Great Tusk, tera:Steel|100/100
|turn|20
|
|t:|1760823686
|move|p1a: Kyurem|Earth Power|p2a: Great Tusk
|-supereffective|p2a: Great Tusk
|-damage|p2a: Great Tusk|0 fnt
|faint|p2a: Great Tusk
|-end|p2a: Great Tusk|Protosynthesis|[silent]
|
|upkeep
|
|t:|1760823691
|switch|p2a: Dragapult|Dragapult, F|100/100
|turn|21
|
|t:|1760823699
|switch|p1a: Grimmsnarl|Grimmsnarl, M|100/100
|-damage|p1a: Grimmsnarl|88/100|[from] Stealth Rock
|-damage|p1a: Grimmsnarl|76/100|[from] Spikes
|move|p2a: Dragapult|Shadow Ball|p1a: Grimmsnarl
|-resisted|p1a: Grimmsnarl
|-damage|p1a: Grimmsnarl|58/100
|-unboost|p1a: Grimmsnarl|spd|1
|
|upkeep
|turn|22
|
|t:|1760823707
|switch|p2a: Zapdos|Zapdos|100/100
|move|p1a: Grimmsnarl|Light Screen|p1a: Grimmsnarl
|-sidestart|p1: a lil sweeper|move: Light Screen
|
|upkeep
|turn|23
|
|t:|1760823716
|move|p1a: Grimmsnarl|Parting Shot|p2a: Zapdos
|-unboost|p2a: Zapdos|atk|1
|-unboost|p2a: Zapdos|spa|1
|
|t:|1760823720
|switch|p1a: Kyurem|Kyurem|63/100|[from] Parting Shot
|-damage|p1a: Kyurem|39/100|[from] Stealth Rock
|-damage|p1a: Kyurem|26/100|[from] Spikes
|-ability|p1a: Kyurem|Pressure
|move|p2a: Zapdos|Hurricane|p1a: Kyurem
|-damage|p1a: Kyurem|11/100
|
|upkeep
|turn|24
|
|t:|1760823729
|move|p1a: Kyurem|Freeze-Dry|p2a: Zapdos
|-supereffective|p2a: Zapdos
|-damage|p2a: Zapdos|0 fnt
|faint|p2a: Zapdos
|
|upkeep
|
|t:|1760823738
|switch|p2a: Ogerpon|Ogerpon-Wellspring, F|100/100
|turn|25
|
|t:|1760823740
|move|p2a: Ogerpon|Knock Off|p1a: Kyurem
|-crit|p1a: Kyurem
|-damage|p1a: Kyurem|0 fnt
|-enditem|p1a: Kyurem|Choice Specs|[from] move: Knock Off|[of] p2a: Ogerpon
|faint|p1a: Kyurem
|
|upkeep
|
|t:|1760823743
|switch|p1a: Pecharunt|Pecharunt|100/100
|turn|26
|
|t:|1760823748
|move|p2a: Ogerpon|U-turn|p1a: Pecharunt
|-resisted|p1a: Pecharunt
|-damage|p1a: Pecharunt|98/100
|
|t:|1760823749
|switch|p2a: Dragapult|Dragapult, F|100/100|[from] U-turn
|move|p1a: Pecharunt|Foul Play|p2a: Dragapult
|-supereffective|p2a: Dragapult
|-damage|p2a: Dragapult|38/100
|
|upkeep
|turn|27
|
|t:|1760823755
|move|p2a: Dragapult|Shadow Ball|p1a: Pecharunt
|-supereffective|p1a: Pecharunt
|-damage|p1a: Pecharunt|0 fnt
|faint|p1a: Pecharunt
|
|upkeep
|
|t:|1760823758
|switch|p1a: Grimmsnarl|Grimmsnarl, M|58/100
|-damage|p1a: Grimmsnarl|45/100|[from] Stealth Rock
|-damage|p1a: Grimmsnarl|33/100|[from] Spikes
|turn|28
|
|t:|1760823762
|move|p2a: Dragapult|Shadow Ball|p1a: Grimmsnarl
|-resisted|p1a: Grimmsnarl
|-damage|p1a: Grimmsnarl|14/100
|move|p1a: Grimmsnarl|Spirit Break|p2a: Dragapult
|-supereffective|p2a: Dragapult
|-damage|p2a: Dragapult|0 fnt
|faint|p2a: Dragapult
|
|upkeep
|
|t:|1760823763
|switch|p2a: Ogerpon|Ogerpon-Wellspring, F|100/100
|turn|29
|
|t:|1760823766
|move|p1a: Grimmsnarl|Reflect|p1a: Grimmsnarl
|-sidestart|p1: a lil sweeper|Reflect
|move|p2a: Ogerpon|Ivy Cudgel|p1a: Grimmsnarl|[anim] Ivy Cudgel Water
|-crit|p1a: Grimmsnarl
|-damage|p1a: Grimmsnarl|0 fnt
|faint|p1a: Grimmsnarl
|
|win|martin mad
|raw|a lil sweeper's rating: 1437 &rarr; <strong>1419</strong><br />(-18 for losing)
|raw|martin mad's rating: 1466 &rarr; <strong>1484</strong><br />(+18 for winning)
|l|☆a lil sweeper
|player|p1|
|l|☆martin mad
|player|p2|
