|badge|p1|bronze|gen9ou|100-7
|uhtml|medal-msg|<div class="broadcast-blue">Curious what those medals under the avatar are? PS now has Ladder Seasons! For more information, check out the <a href="https://www.smogon.com/forums/threads/3740067/">thread on Smogon.</a></div>
|badge|p2|bronze|gen9ou|100-7
|uhtml|medal-msg|<div class="broadcast-blue">Curious what those medals under the avatar are? PS now has Ladder Seasons! For more information, check out the <a href="https://www.smogon.com/forums/threads/3740067/">thread on Smogon.</a></div>
|j|☆ajonymousnon
|j|☆xdye
|t:|1760819640
|gametype|singles
|player|p1|ajonymousnon|1|1827
|player|p2|xdye|iris-gen5bw2|1857
|gen|9
|tier|[Gen 9] OU
|rated|
|rule|HP Percentage Mod: HP is shown in percentages
|rule|Endless Battle Clause: Forcing endless battles is banned
|rule|Species Clause: Limit one of each Pokémon
|rule|OHKO Clause: OHKO moves are banned
|rule|Evasion Items Clause: Evasion items are banned
|rule|Evasion Moves Clause: Evasion moves are banned
|rule|Evasion Abilities Clause: Evasion abilities are banned
|rule|Sleep Moves Clause: Sleep-inducing moves are banned
|clearpoke
|poke|p1|Great Tusk|
|poke|p1|Ogerpon-Cornerstone, F|
|poke|p1|Rillaboom, M|
|poke|p1|Tyranitar, M|
|poke|p1|Corviknight, F|
|poke|p1|Dragapult, M|
|poke|p2|Blissey, F|
|poke|p2|Gliscor, M|
|poke|p2|Mandibuzz, F|
|poke|p2|Pecharunt|
|poke|p2|Talonflame, M|
|poke|p2|Toxapex, M|
|teampreview
|c|☆xdye|hf
|c|☆ajonymousnon|you too!
|
|t:|1760819657
|teamsize|p1|6
|teamsize|p2|6
|start
|switch|p1a: Tyranitar|Tyranitar, M|100/100
|switch|p2a: Gliscor|Gliscor, M|100/100
|-weather|Sandstorm|[from] ability: Sand Stream|[of] p1a: Tyranitar
|turn|1
|
|t:|1760819660
|move|p2a: Gliscor|Protect|p2a: Gliscor
|-singleturn|p2a: Gliscor|Protect
|move|p1a: Tyranitar|Roar|p2a: Gliscor
|drag|p2a: Mandibuzz|Mandibuzz, F|100/100
|
|-weather|Sandstorm|[upkeep]
|-damage|p2a: Mandibuzz|94/100|[from] Sandstorm
|upkeep
|turn|2
|j| NeoHeart108
|
|t:|1760819667
|switch|p2a: Toxapex|Toxapex, M|100/100
|move|p1a: Tyranitar|Stealth Rock|p2a: Toxapex
|-sidestart|p2: xdye|move: Stealth Rock
|
|-weather|Sandstorm|[upkeep]
|-damage|p2a: Toxapex|95/100|[from] Sandstorm
|upkeep
|turn|3
|
|t:|1760819676
|move|p1a: Tyranitar|Knock Off|p2a: Toxapex
|-damage|p2a: Toxapex|60/100
|-enditem|p2a: Toxapex|Heavy-Duty Boots|[from] move: Knock Off|[of] p1a: Tyranitar
|move|p2a: Toxapex|Toxic|p1a: Tyranitar
|-status|p1a: Tyranitar|tox
|
|-weather|Sandstorm|[upkeep]
|-damage|p2a: Toxapex|54/100|[from] Sandstorm
|-damage|p1a: Tyranitar|94/100 tox|[from] psn
|upkeep
|turn|4
|
|t:|1760819686
|switch|p1a: Dragapult|Dragapult, M|100/100
|move|p2a: Toxapex|Recover|p2a: Toxapex
|-heal|p2a: Toxapex|100/100
|
|-weather|Sandstorm|[upkeep]
|-damage|p1a: Dragapult|94/100|[from] Sandstorm
|-damage|p2a: Toxapex|95/100|[from] Sandstorm
|-heal|p1a: Dragapult|100/100|[from] item: Leftovers
|upkeep
|turn|5
|
|t:|1760819690
|move|p1a: Dragapult|Substitute|p1a: Dragapult
|-start|p1a: Dragapult|Substitute
|-damage|p1a: Dragapult|76/100
|move|p2a: Toxapex|Toxic||[still]
|-fail|p2a: Toxapex
|
|-weather|none
|-heal|p1a: Dragapult|82/100|[from] item: Leftovers
|upkeep
|turn|6
|
|t:|1760819701
|move|p1a: Dragapult|Will-O-Wisp|p2a: Toxapex
|-status|p2a: Toxapex|brn
|move|p2a: Toxapex|Haze|p2a: Toxapex
|-clearallboost
|
|-heal|p1a: Dragapult|88/100|[from] item: Leftovers
|-damage|p2a: Toxapex|89/100 brn|[from] brn
|upkeep
|turn|7
|inactive|Battle timer is ON: inactive players will automatically lose when time's up. (requested by ajonymousnon)
|
|t:|1760819719
|switch|p2a: Gliscor|Gliscor, M|100/100
|-damage|p2a: Gliscor|88/100|[from] Stealth Rock
|move|p1a: Dragapult|Will-O-Wisp|p2a: Gliscor
|-status|p2a: Gliscor|brn
|
|-heal|p1a: Dragapult|94/100|[from] item: Leftovers
|-damage|p2a: Gliscor|82/100 brn|[from] brn
|upkeep
|turn|8
|
|t:|1760819723
|move|p1a: Dragapult|Hex|p2a: Gliscor
|-damage|p2a: Gliscor|30/100 brn
|move|p2a: Gliscor|Knock Off|p1a: Dragapult
|-supereffective|p1a: Dragapult
|-end|p1a: Dragapult|Substitute
|
|-heal|p1a: Dragapult|100/100|[from] item: Leftovers
|-damage|p2a: Gliscor|24/100 brn|[from] brn
|upkeep
|turn|9
|
|t:|1760819736
|switch|p1a: Ogerpon|Ogerpon-Cornerstone, F|100/100
|move|p2a: Gliscor|Spikes|p1a: Ogerpon
|-sidestart|p1: ajonymousnon|Spikes
|
|-damage|p2a: Gliscor|18/100 brn|[from] brn
|upkeep
|turn|10
|
|t:|1760819744
|switch|p2a: Pecharunt|Pecharunt|100/100
|move|p1a: Ogerpon|Swords Dance|p1a: Ogerpon
|-boost|p1a: Ogerpon|atk|2
|
|upkeep
|turn|11
|
|t:|1760819751
|move|p1a: Ogerpon|Ivy Cudgel|p2a: Pecharunt|[anim] Ivy Cudgel Rock
|-damage|p2a: Pecharunt|43/100
|move|p2a: Pecharunt|Malignant Chain|p1a: Ogerpon
|-damage|p1a: Ogerpon|67/100
|
|upkeep
|turn|12
|
|t:|1760819760
|switch|p2a: Gliscor|Gliscor, M|18/100 brn
|-damage|p2a: Gliscor|5/100 brn|[from] Stealth Rock
|move|p1a: Ogerpon|Ivy Cudgel|p2a: Gliscor|[anim] Ivy Cudgel Rock
|-damage|p2a: Gliscor|0 fnt
|faint|p2a: Gliscor
|
|upkeep
|
|t:|1760819763
|switch|p2a: Mandibuzz|Mandibuzz, F|94/100
|turn|13
|
|t:|1760819770
|switch|p1a: Corviknight|Corviknight, F|100/100
|-ability|p1a: Corviknight|Pressure
|-terastallize|p2a: Mandibuzz|Grass
|move|p2a: Mandibuzz|Foul Play|p1a: Corviknight
|-damage|p1a: Corviknight|82/100
|-damage|p2a: Mandibuzz|78/100|[from] item: Rocky Helmet|[of] p1a: Corviknight
|
|upkeep
|turn|14
|
|t:|1760819779
|switch|p2a: Talonflame|Talonflame, M|100/100
|move|p1a: Corviknight|U-turn|p2a: Talonflame
|-resisted|p2a: Talonflame
|-damage|p2a: Talonflame|97/100
|-status|p1a: Corviknight|brn|[from] ability: Flame Body|[of] p2a: Talonflame
|
|t:|1760819785
|switch|p1a: Dragapult|Dragapult, M|100/100|[from] U-turn
|-damage|p1a: Dragapult|88/100|[from] Spikes
|
|-heal|p1a: Dragapult|94/100|[from] item: Leftovers
|upkeep
|turn|15
|j| FaronAan
|
|t:|1760819802
|move|p1a: Dragapult|Dragon Darts|p2a: Talonflame
|-damage|p2a: Talonflame|79/100
|-anim|p1a: Dragapult|Dragon Darts|p2a: Talonflame
|-damage|p2a: Talonflame|60/100
|move|p2a: Talonflame|Will-O-Wisp|p1a: Dragapult
|-status|p1a: Dragapult|brn
|
|-heal|p1a: Dragapult|100/100 brn|[from] item: Leftovers
|-damage|p1a: Dragapult|94/100 brn|[from] brn
|upkeep
|turn|16
|
|t:|1760819805
|move|p1a: Dragapult|Hex|p2a: Talonflame
|-damage|p2a: Talonflame|25/100
|move|p2a: Talonflame|Roost|p2a: Talonflame
|-heal|p2a: Talonflame|75/100
|-singleturn|p2a: Talonflame|move: Roost
|
|-heal|p1a: Dragapult|100/100 brn|[from] item: Leftovers
|-damage|p1a: Dragapult|94/100 brn|[from] brn
|upkeep
|turn|17
|
|t:|1760819817
|switch|p1a: Rillaboom|Rillaboom, M|100/100
|-damage|p1a: Rillaboom|88/100|[from] Spikes
|-fieldstart|move: Grassy Terrain|[from] ability: Grassy Surge|[of] p1a: Rillaboom
|switch|p2a: Blissey|Blissey, F|100/100
|
|-heal|p1a: Rillaboom|94/100|[from] Grassy Terrain
|upkeep
|turn|18
|
|t:|1760819826
|switch|p2a: Mandibuzz|Mandibuzz, F, tera:Grass|78/100
|move|p1a: Rillaboom|Knock Off|p2a: Mandibuzz
|-damage|p2a: Mandibuzz|47/100
|-enditem|p2a: Mandibuzz|Heavy-Duty Boots|[from] move: Knock Off|[of] p1a: Rillaboom
|
|-heal|p1a: Rillaboom|100/100|[from] Grassy Terrain
|-heal|p2a: Mandibuzz|53/100|[from] Grassy Terrain
|upkeep
|turn|19
|
|t:|1760819829
|switch|p1a: Great Tusk|Great Tusk|100/100
|-damage|p1a: Great Tusk|88/100|[from] Spikes
|move|p2a: Mandibuzz|Roost|p2a: Mandibuzz
|-heal|p2a: Mandibuzz|100/100
|
|-heal|p1a: Great Tusk|94/100|[from] Grassy Terrain
|upkeep
|turn|20
|
|t:|1760819836
|move|p1a: Great Tusk|Rapid Spin|p2a: Mandibuzz
|-damage|p2a: Mandibuzz|91/100
|-boost|p1a: Great Tusk|spe|1
|-sideend|p1: ajonymousnon|Spikes|[from] move: Rapid Spin|[of] p1a: Great Tusk
|move|p2a: Mandibuzz|Toxic|p1a: Great Tusk
|-status|p1a: Great Tusk|tox
|
|-heal|p1a: Great Tusk|100/100 tox|[from] Grassy Terrain
|-heal|p2a: Mandibuzz|97/100|[from] Grassy Terrain
|-damage|p1a: Great Tusk|94/100 tox|[from] psn
|upkeep
|turn|21
|
|t:|1760819851
|-end|p1a: Great Tusk|Protosynthesis|[silent]
|switch|p1a: Dragapult|Dragapult, M|94/100 brn
|move|p2a: Mandibuzz|Iron Defense|p2a: Mandibuzz
|-boost|p2a: Mandibuzz|def|2
|
|-heal|p1a: Dragapult|100/100 brn|[from] Grassy Terrain
|-heal|p2a: Mandibuzz|100/100|[from] Grassy Terrain
|-damage|p1a: Dragapult|94/100 brn|[from] brn
|-fieldend|move: Grassy Terrain
|upkeep
|turn|22
|
|t:|1760819856
|move|p1a: Dragapult|Will-O-Wisp|p2a: Mandibuzz
|-status|p2a: Mandibuzz|brn
|move|p2a: Mandibuzz|Foul Play|p1a: Dragapult
|-supereffective|p1a: Dragapult
|-damage|p1a: Dragapult|35/100 brn
|
|-heal|p1a: Dragapult|42/100 brn|[from] item: Leftovers
|-damage|p1a: Dragapult|35/100 brn|[from] brn
|-damage|p2a: Mandibuzz|94/100 brn|[from] brn
|upkeep
|turn|23
|
|t:|1760819872
|move|p1a: Dragapult|Hex|p2a: Mandibuzz
|-damage|p2a: Mandibuzz|48/100 brn
|move|p2a: Mandibuzz|Foul Play|p1a: Dragapult
|-supereffective|p1a: Dragapult
|-damage|p1a: Dragapult|0 fnt
|faint|p1a: Dragapult
|
|-damage|p2a: Mandibuzz|42/100 brn|[from] brn
|upkeep
|
|t:|1760819888
|switch|p1a: Tyranitar|Tyranitar, M|94/100 tox
|-weather|Sandstorm|[from] ability: Sand Stream|[of] p1a: Tyranitar
|turn|24
|
|t:|1760819892
|move|p2a: Mandibuzz|Roost|p2a: Mandibuzz
|-heal|p2a: Mandibuzz|92/100 brn
|move|p1a: Tyranitar|Roar|p2a: Mandibuzz
|drag|p2a: Pecharunt|Pecharunt|43/100
|
|-weather|Sandstorm|[upkeep]
|-damage|p2a: Pecharunt|37/100|[from] Sandstorm
|-heal|p1a: Tyranitar|100/100 tox|[from] item: Leftovers
|-damage|p1a: Tyranitar|94/100 tox|[from] psn
|upkeep
|turn|25
|
|t:|1760819908
|move|p2a: Pecharunt|Parting Shot|p1a: Tyranitar
|-unboost|p1a: Tyranitar|atk|1
|-unboost|p1a: Tyranitar|spa|1
|
|t:|1760819911
|switch|p2a: Toxapex|Toxapex, M|100/100 brn|[from] Parting Shot
|-damage|p2a: Toxapex|88/100 brn|[from] Stealth Rock
|move|p1a: Tyranitar|Knock Off|p2a: Toxapex
|-damage|p2a: Toxapex|73/100 brn
|
|-weather|Sandstorm|[upkeep]
|-damage|p2a: Toxapex|67/100 brn|[from] Sandstorm
|-heal|p1a: Tyranitar|100/100 tox|[from] item: Leftovers
|-damage|p1a: Tyranitar|88/100 tox|[from] psn
|-damage|p2a: Toxapex|62/100 brn|[from] brn
|upkeep
|turn|26
|
|t:|1760819916
|switch|p1a: Great Tusk|Great Tusk|94/100 tox
|move|p2a: Toxapex|Infestation|p1a: Great Tusk
|-resisted|p1a: Great Tusk
|-damage|p1a: Great Tusk|94/100 tox
|-activate|p1a: Great Tusk|move: Infestation|[of] p2a: Toxapex
|
|-weather|Sandstorm|[upkeep]
|-damage|p2a: Toxapex|56/100 brn|[from] Sandstorm
|-damage|p1a: Great Tusk|87/100 tox|[from] psn
|-damage|p2a: Toxapex|50/100 brn|[from] brn
|-damage|p1a: Great Tusk|75/100 tox|[from] move: Infestation|[partiallytrapped]
|upkeep
|turn|27
|
|t:|1760819920
|switch|p2a: Talonflame|Talonflame, M|75/100
|move|p1a: Great Tusk|Headlong Rush|p2a: Talonflame
|-immune|p2a: Talonflame
|
|-weather|Sandstorm|[upkeep]
|-damage|p2a: Talonflame|69/100|[from] Sandstorm
|-damage|p1a: Great Tusk|62/100 tox|[from] psn
|-end|p1a: Great Tusk|Infestation|[partiallytrapped]|[silent]
|upkeep
|turn|28
|
|t:|1760819945
|-end|p1a: Great Tusk|Protosynthesis|[silent]
|switch|p1a: Rillaboom|Rillaboom, M|100/100
|-fieldstart|move: Grassy Terrain|[from] ability: Grassy Surge|[of] p1a: Rillaboom
|move|p2a: Talonflame|Roost|p2a: Talonflame
|-heal|p2a: Talonflame|100/100
|-singleturn|p2a: Talonflame|move: Roost
|
|-weather|none
|upkeep
|turn|29
|
|t:|1760819948
|switch|p2a: Mandibuzz|Mandibuzz, F, tera:Grass|92/100 brn
|-damage|p2a: Mandibuzz|80/100 brn|[from] Stealth Rock
|move|p1a: Rillaboom|Knock Off|p2a: Mandibuzz
|-damage|p2a: Mandibuzz|58/100 brn
|
|-heal|p2a: Mandibuzz|64/100 brn|[from] Grassy Terrain
|-damage|p2a: Mandibuzz|58/100 brn|[from] brn
|upkeep
|turn|30
|
|t:|1760819960
|switch|p1a: Tyranitar|Tyranitar, M|88/100 tox
|-weather|Sandstorm|[from] ability: Sand Stream|[of] p1a: Tyranitar
|move|p2a: Mandibuzz|Roost|p2a: Mandibuzz
|-heal|p2a: Mandibuzz|100/100 brn
|
|-weather|Sandstorm|[upkeep]
|-damage|p2a: Mandibuzz|94/100 brn|[from] Sandstorm
|-heal|p2a: Mandibuzz|100/100 brn|[from] Grassy Terrain
|-heal|p1a: Tyranitar|94/100 tox|[from] Grassy Terrain
|-heal|p1a: Tyranitar|100/100 tox|[from] item: Leftovers
|-damage|p1a: Tyranitar|94/100 tox|[from] psn
|-damage|p2a: Mandibuzz|94/100 brn|[from] brn
|upkeep
|turn|31
|
|t:|1760819963
|switch|p2a: Toxapex|Toxapex, M|83/100 brn
|-damage|p2a: Toxapex|71/100 brn|[from] Stealth Rock
|move|p1a: Tyranitar|Roar|p2a: Toxapex
|drag|p2a: Mandibuzz|Mandibuzz, F, tera:Grass|94/100 brn
|-damage|p2a: Mandibuzz|82/100 brn|[from] Stealth Rock
|
|-weather|Sandstorm|[upkeep]
|-damage|p2a: Mandibuzz|76/100 brn|[from] Sandstorm
|-heal|p2a: Mandibuzz|82/100 brn|[from] Grassy Terrain
|-heal|p1a: Tyranitar|100/100 tox|[from] Grassy Terrain
|-damage|p1a: Tyranitar|88/100 tox|[from] psn
|-damage|p2a: Mandibuzz|76/100 brn|[from] brn
|upkeep
|turn|32
|
|t:|1760819971
|switch|p1a: Rillaboom|Rillaboom, M|100/100
|move|p2a: Mandibuzz|Roost|p2a: Mandibuzz
|-heal|p2a: Mandibuzz|100/100 brn
|
|-weather|Sandstorm|[upkeep]
|-damage|p1a: Rillaboom|94/100|[from] Sandstorm
|-damage|p2a: Mandibuzz|94/100 brn|[from] Sandstorm
|-heal|p1a: Rillaboom|100/100|[from] Grassy Terrain
|-heal|p2a: Mandibuzz|100/100 brn|[from] Grassy Terrain
|-damage|p2a: Mandibuzz|94/100 brn|[from] brn
|-fieldend|move: Grassy Terrain
|upkeep
|turn|33
|
|t:|1760819974
|move|p1a: Rillaboom|U-turn|p2a: Mandibuzz
|-supereffective|p2a: Mandibuzz
|-crit|p2a: Mandibuzz
|-damage|p2a: Mandibuzz|32/100 brn
|
|t:|1760819976
|switch|p1a: Ogerpon|Ogerpon-Cornerstone, F|67/100|[from] U-turn
|move|p2a: Mandibuzz|Toxic|p1a: Ogerpon
|-status|p1a: Ogerpon|tox
|
|-weather|Sandstorm|[upkeep]
|-damage|p2a: Mandibuzz|26/100 brn|[from] Sandstorm
|-damage|p1a: Ogerpon|61/100 tox|[from] psn
|-damage|p2a: Mandibuzz|20/100 brn|[from] brn
|upkeep
|turn|34
|
|t:|1760819986
|-terastallize|p1a: Ogerpon|Rock
|detailschange|p1a: Ogerpon|Ogerpon-Cornerstone-Tera, F, tera:Rock
|-ability|p1a: Ogerpon|Embody Aspect (Cornerstone)|boost
|-boost|p1a: Ogerpon|def|1
|move|p1a: Ogerpon|Ivy Cudgel|p2a: Mandibuzz|[anim] Ivy Cudgel Rock
|-damage|p2a: Mandibuzz|0 fnt
|faint|p2a: Mandibuzz
|
|-weather|none
|-damage|p1a: Ogerpon|48/100 tox|[from] psn
|upkeep
|
|t:|1760819991
|switch|p2a: Toxapex|Toxapex, M|100/100 brn
|-damage|p2a: Toxapex|88/100 brn|[from] Stealth Rock
|turn|35
|
|t:|1760820008
|move|p1a: Ogerpon|Ivy Cudgel|p2a: Toxapex|[anim] Ivy Cudgel Rock
|-damage|p2a: Toxapex|25/100 brn
|move|p2a: Toxapex|Haze|p2a: Toxapex
|-clearallboost
|
|-damage|p1a: Ogerpon|29/100 tox|[from] psn
|-damage|p2a: Toxapex|19/100 brn|[from] brn
|upkeep
|turn|36
|
|t:|1760820021
|switch|p2a: Pecharunt|Pecharunt|37/100
|move|p1a: Ogerpon|Ivy Cudgel|p2a: Pecharunt|[anim] Ivy Cudgel Rock
|-crit|p2a: Pecharunt
|-damage|p2a: Pecharunt|0 fnt
|faint|p2a: Pecharunt
|
|-damage|p1a: Ogerpon|4/100 tox|[from] psn
|upkeep
|
|t:|1760820027
|switch|p2a: Blissey|Blissey, F|100/100
|turn|37
|
|t:|1760820031
|switch|p1a: Rillaboom|Rillaboom, M|100/100
|-fieldstart|move: Grassy Terrain|[from] ability: Grassy Surge|[of] p1a: Rillaboom
|move|p2a: Blissey|Stealth Rock|p1a: Rillaboom
|-sidestart|p1: ajonymousnon|move: Stealth Rock
|
|upkeep
|turn|38
|
|t:|1760820035
|switch|p2a: Toxapex|Toxapex, M|52/100 brn
|-damage|p2a: Toxapex|40/100 brn|[from] Stealth Rock
|move|p1a: Rillaboom|U-turn|p2a: Toxapex
|-resisted|p2a: Toxapex
|-damage|p2a: Toxapex|25/100 brn
|
|t:|1760820038
|switch|p1a: Great Tusk|Great Tusk|62/100 tox|[from] U-turn
|-damage|p1a: Great Tusk|59/100 tox|[from] Stealth Rock
|
|-heal|p1a: Great Tusk|66/100 tox|[from] Grassy Terrain
|-heal|p2a: Toxapex|31/100 brn|[from] Grassy Terrain
|-damage|p1a: Great Tusk|59/100 tox|[from] psn
|-damage|p2a: Toxapex|25/100 brn|[from] brn
|upkeep
|turn|39
|
|t:|1760820044
|switch|p2a: Talonflame|Talonflame, M|100/100
|move|p1a: Great Tusk|Rapid Spin|p2a: Talonflame
|-damage|p2a: Talonflame|86/100
|-boost|p1a: Great Tusk|spe|1
|-sideend|p1: ajonymousnon|Stealth Rock|[from] move: Rapid Spin|[of] p1a: Great Tusk
|
|-heal|p1a: Great Tusk|66/100 tox|[from] Grassy Terrain
|-damage|p1a: Great Tusk|53/100 tox|[from] psn
|upkeep
|turn|40
|
|t:|1760820049
|-end|p1a: Great Tusk|Protosynthesis|[silent]
|switch|p1a: Tyranitar|Tyranitar, M|88/100 tox
|-weather|Sandstorm|[from] ability: Sand Stream|[of] p1a: Tyranitar
|move|p2a: Talonflame|Defog|p1a: Tyranitar
|-unboost|p1a: Tyranitar|evasion|1
|-sideend|p2: xdye|Stealth Rock|[from] move: Defog|[of] p2a: Talonflame
|-fieldend|move: Grassy Terrain
|
|-weather|Sandstorm|[upkeep]
|-damage|p2a: Talonflame|80/100|[from] Sandstorm
|-heal|p1a: Tyranitar|94/100 tox|[from] item: Leftovers
|-damage|p1a: Tyranitar|88/100 tox|[from] psn
|upkeep
|turn|41
|
|t:|1760820052
|switch|p2a: Toxapex|Toxapex, M|58/100 brn
|move|p1a: Tyranitar|Stone Edge|p2a: Toxapex
|-damage|p2a: Toxapex|26/100 brn
|
|-weather|Sandstorm|[upkeep]
|-damage|p2a: Toxapex|20/100 brn|[from] Sandstorm
|-heal|p1a: Tyranitar|94/100 tox|[from] item: Leftovers
|-damage|p1a: Tyranitar|82/100 tox|[from] psn
|-damage|p2a: Toxapex|14/100 brn|[from] brn
|upkeep
|turn|42
|
|t:|1760820060
|switch|p2a: Blissey|Blissey, F|100/100
|move|p1a: Tyranitar|Stone Edge|p2a: Blissey
|-damage|p2a: Blissey|52/100
|
|-weather|Sandstorm|[upkeep]
|-damage|p2a: Blissey|46/100|[from] Sandstorm
|-heal|p1a: Tyranitar|88/100 tox|[from] item: Leftovers
|-damage|p1a: Tyranitar|69/100 tox|[from] psn
|upkeep
|turn|43
|
|t:|1760820066
|move|p1a: Tyranitar|Stone Edge|p2a: Blissey|[miss]
|-miss|p1a: Tyranitar|p2a: Blissey
|move|p2a: Blissey|Soft-Boiled|p2a: Blissey
|-heal|p2a: Blissey|96/100
|
|-weather|Sandstorm|[upkeep]
|-damage|p2a: Blissey|89/100|[from] Sandstorm
|-heal|p1a: Tyranitar|76/100 tox|[from] item: Leftovers
|-damage|p1a: Tyranitar|51/100 tox|[from] psn
|upkeep
|turn|44
|
|t:|1760820072
|switch|p1a: Rillaboom|Rillaboom, M|100/100
|-fieldstart|move: Grassy Terrain|[from] ability: Grassy Surge|[of] p1a: Rillaboom
|move|p2a: Blissey|Soft-Boiled|p2a: Blissey
|-heal|p2a: Blissey|100/100
|
|-weather|none
|upkeep
|turn|45
|
|t:|1760820083
|switch|p2a: Talonflame|Talonflame, M|80/100
|move|p1a: Rillaboom|Knock Off|p2a: Talonflame
|-damage|p2a: Talonflame|33/100
|-enditem|p2a: Talonflame|Heavy-Duty Boots|[from] move: Knock Off|[of] p1a: Rillaboom
|
|upkeep
|turn|46
|
|t:|1760820087
|switch|p1a: Tyranitar|Tyranitar, M|51/100 tox
|-weather|Sandstorm|[from] ability: Sand Stream|[of] p1a: Tyranitar
|move|p2a: Talonflame|Roost|p2a: Talonflame
|-heal|p2a: Talonflame|83/100
|-singleturn|p2a: Talonflame|move: Roost
|
|-weather|Sandstorm|[upkeep]
|-damage|p2a: Talonflame|77/100|[from] Sandstorm
|-heal|p2a: Talonflame|83/100|[from] Grassy Terrain
|-heal|p1a: Tyranitar|57/100 tox|[from] Grassy Terrain
|-heal|p1a: Tyranitar|63/100 tox|[from] item: Leftovers
|-damage|p1a: Tyranitar|57/100 tox|[from] psn
|upkeep
|turn|47
|
|t:|1760820092
|move|p2a: Talonflame|Flamethrower|p1a: Tyranitar
|-resisted|p1a: Tyranitar
|-damage|p1a: Tyranitar|52/100 tox
|move|p1a: Tyranitar|Stealth Rock|p2a: Talonflame
|-sidestart|p2: xdye|move: Stealth Rock
|
|-weather|Sandstorm|[upkeep]
|-damage|p2a: Talonflame|77/100|[from] Sandstorm
|-heal|p1a: Tyranitar|58/100 tox|[from] Grassy Terrain
|-heal|p1a: Tyranitar|64/100 tox|[from] item: Leftovers
|-damage|p1a: Tyranitar|52/100 tox|[from] psn
|upkeep
|turn|48
|
|t:|1760820101
|move|p2a: Talonflame|Roost|p2a: Talonflame
|-heal|p2a: Talonflame|100/100
|-singleturn|p2a: Talonflame|move: Roost
|move|p1a: Tyranitar|Stone Edge|p2a: Talonflame|[miss]
|-miss|p1a: Tyranitar|p2a: Talonflame
|
|-weather|Sandstorm|[upkeep]
|-damage|p2a: Talonflame|94/100|[from] Sandstorm
|-heal|p2a: Talonflame|100/100|[from] Grassy Terrain
|-heal|p1a: Tyranitar|58/100 tox|[from] Grassy Terrain
|-heal|p1a: Tyranitar|64/100 tox|[from] item: Leftovers
|-damage|p1a: Tyranitar|45/100 tox|[from] psn
|-fieldend|move: Grassy Terrain
|upkeep
|turn|49
|
|t:|1760820110
|switch|p2a: Blissey|Blissey, F|100/100
|move|p1a: Tyranitar|Stone Edge|p2a: Blissey
|-damage|p2a: Blissey|55/100
|
|-weather|Sandstorm|[upkeep]
|-damage|p2a: Blissey|49/100|[from] Sandstorm
|-heal|p1a: Tyranitar|52/100 tox|[from] item: Leftovers
|-damage|p1a: Tyranitar|27/100 tox|[from] psn
|upkeep
|turn|50
|
|t:|1760820118
|move|p1a: Tyranitar|Stone Edge|p2a: Blissey
|-damage|p2a: Blissey|0 fnt
|faint|p2a: Blissey
|
|-weather|none
|-heal|p1a: Tyranitar|33/100 tox|[from] item: Leftovers
|-damage|p1a: Tyranitar|2/100 tox|[from] psn
|upkeep
|j| Pokemon-Lover834
|
|t:|1760820128
|switch|p2a: Talonflame|Talonflame, M|100/100
|-damage|p2a: Talonflame|50/100|[from] Stealth Rock
|turn|51
|
|t:|1760820135
|move|p2a: Talonflame|Flamethrower|p1a: Tyranitar
|-resisted|p1a: Tyranitar
|-damage|p1a: Tyranitar|0 fnt
|faint|p1a: Tyranitar
|
|upkeep
|
|t:|1760820159
|switch|p1a: Great Tusk|Great Tusk|53/100 tox
|turn|52
|
|t:|1760820162
|move|p2a: Talonflame|Roost|p2a: Talonflame
|-heal|p2a: Talonflame|100/100
|-singleturn|p2a: Talonflame|move: Roost
|move|p1a: Great Tusk|Ice Spinner|p2a: Talonflame
|-resisted|p2a: Talonflame
|-damage|p2a: Talonflame|90/100
|
|-damage|p1a: Great Tusk|47/100 tox|[from] psn
|upkeep
|turn|53
|
|t:|1760820170
|move|p2a: Talonflame|Defog|p1a: Great Tusk
|-unboost|p1a: Great Tusk|evasion|1
|-sideend|p2: xdye|Stealth Rock|[from] move: Defog|[of] p2a: Talonflame
|move|p1a: Great Tusk|Rapid Spin|p2a: Talonflame
|-damage|p2a: Talonflame|74/100
|-boost|p1a: Great Tusk|spe|1
|
|-damage|p1a: Great Tusk|34/100 tox|[from] psn
|upkeep
|turn|54
|
|t:|1760820175
|move|p1a: Great Tusk|Rapid Spin|p2a: Talonflame
|-damage|p2a: Talonflame|60/100
|-boost|p1a: Great Tusk|spe|1
|move|p2a: Talonflame|Roost|p2a: Talonflame
|-heal|p2a: Talonflame|100/100
|-singleturn|p2a: Talonflame|move: Roost
|
|-damage|p1a: Great Tusk|16/100 tox|[from] psn
|upkeep
|turn|55
|
|t:|1760820185
|move|p1a: Great Tusk|Ice Spinner|p2a: Talonflame
|-damage|p2a: Talonflame|79/100
|move|p2a: Talonflame|Flamethrower|p1a: Great Tusk
|-damage|p1a: Great Tusk|0 fnt
|faint|p1a: Great Tusk
|-end|p1a: Great Tusk|Protosynthesis|[silent]
|
|upkeep
|
|t:|1760820189
|switch|p1a: Rillaboom|Rillaboom, M|100/100
|-fieldstart|move: Grassy Terrain|[from] ability: Grassy Surge|[of] p1a: Rillaboom
|turn|56
|
|t:|1760820193
|move|p2a: Talonflame|Flamethrower|p1a: Rillaboom
|-supereffective|p1a: Rillaboom
|-damage|p1a: Rillaboom|35/100
|move|p1a: Rillaboom|Wood Hammer|p2a: Talonflame
|-resisted|p2a: Talonflame
|-damage|p2a: Talonflame|52/100
|-damage|p1a: Rillaboom|26/100|[from] Recoil
|
|-heal|p1a: Rillaboom|32/100|[from] Grassy Terrain
|upkeep
|turn|57
|
|t:|1760820206
|move|p2a: Talonflame|Roost|p2a: Talonflame
|-heal|p2a: Talonflame|100/100
|-singleturn|p2a: Talonflame|move: Roost
|move|p1a: Rillaboom|Wood Hammer|p2a: Talonflame
|-resisted|p2a: Talonflame
|-damage|p2a: Talonflame|43/100
|-damage|p1a: Rillaboom|13/100|[from] Recoil
|
|-heal|p2a: Talonflame|49/100|[from] Grassy Terrain
|-heal|p1a: Rillaboom|19/100|[from] Grassy Terrain
|upkeep
|turn|58
|
|t:|1760820221
|move|p2a: Talonflame|Roost|p2a: Talonflame
|-heal|p2a: Talonflame|99/100
|-singleturn|p2a: Talonflame|move: Roost
|move|p1a: Rillaboom|Wood Hammer|p2a: Talonflame
|-resisted|p2a: Talonflame
|-damage|p2a: Talonflame|42/100
|-status|p1a: Rillaboom|brn|[from] ability: Flame Body|[of] p2a: Talonflame
|-damage|p1a: Rillaboom|1/100 brn|[from] Recoil
|
|-heal|p2a: Talonflame|48/100|[from] Grassy Terrain
|-heal|p1a: Rillaboom|7/100 brn|[from] Grassy Terrain
|-damage|p1a: Rillaboom|1/100 brn|[from] brn
|upkeep
|turn|59
|
|t:|1760820230
|switch|p2a: Toxapex|Toxapex, M|47/100 brn
|switch|p1a: Corviknight|Corviknight, F|82/100 brn
|-ability|p1a: Corviknight|Pressure
|
|-heal|p2a: Toxapex|53/100 brn|[from] Grassy Terrain
|-damage|p1a: Corviknight|76/100 brn|[from] brn
|-damage|p2a: Toxapex|47/100 brn|[from] brn
|upkeep
|turn|60
|
|t:|1760820234
|move|p1a: Corviknight|Brave Bird|p2a: Toxapex
|-damage|p2a: Toxapex|33/100 brn
|-damage|p1a: Corviknight|73/100 brn|[from] Recoil
|move|p2a: Toxapex|Recover|p2a: Toxapex
|-heal|p2a: Toxapex|83/100 brn
|
|-heal|p2a: Toxapex|89/100 brn|[from] Grassy Terrain
|-damage|p1a: Corviknight|67/100 brn|[from] brn
|-damage|p2a: Toxapex|83/100 brn|[from] brn
|-fieldend|move: Grassy Terrain
|upkeep
|turn|61
|l| NeoHeart108
|
|t:|1760820248
|switch|p2a: Talonflame|Talonflame, M|48/100
|move|p1a: Corviknight|Brave Bird|p2a: Talonflame
|-damage|p2a: Talonflame|32/100
|-damage|p1a: Corviknight|62/100 brn|[from] Recoil
|
|-damage|p1a: Corviknight|56/100 brn|[from] brn
|upkeep
|turn|62
|
|t:|1760820252
|move|p2a: Talonflame|Flamethrower|p1a: Corviknight
|-supereffective|p1a: Corviknight
|-damage|p1a: Corviknight|9/100 brn
|move|p1a: Corviknight|Roost|p1a: Corviknight
|-heal|p1a: Corviknight|59/100 brn
|-singleturn|p1a: Corviknight|move: Roost
|
|-damage|p1a: Corviknight|53/100 brn|[from] brn
|upkeep
|turn|63
|
|t:|1760820255
|move|p2a: Talonflame|Flamethrower|p1a: Corviknight
|-supereffective|p1a: Corviknight
|-damage|p1a: Corviknight|8/100 brn
|move|p1a: Corviknight|Roost|p1a: Corviknight
|-heal|p1a: Corviknight|58/100 brn
|-singleturn|p1a: Corviknight|move: Roost
|
|-damage|p1a: Corviknight|52/100 brn|[from] brn
|upkeep
|turn|64
|
|t:|1760820263
|move|p2a: Talonflame|Flamethrower|p1a: Corviknight
|-supereffective|p1a: Corviknight
|-damage|p1a: Corviknight|7/100 brn
|move|p1a: Corviknight|Roost|p1a: Corviknight
|-heal|p1a: Corviknight|57/100 brn
|-singleturn|p1a: Corviknight|move: Roost
|
|-damage|p1a: Corviknight|51/100 brn|[from] brn
|upkeep
|turn|65
|
|t:|1760820266
|move|p2a: Talonflame|Flamethrower|p1a: Corviknight
|-supereffective|p1a: Corviknight
|-damage|p1a: Corviknight|7/100 brn
|move|p1a: Corviknight|Roost|p1a: Corviknight
|-heal|p1a: Corviknight|57/100 brn
|-singleturn|p1a: Corviknight|move: Roost
|
|-damage|p1a: Corviknight|51/100 brn|[from] brn
|upkeep
|turn|66
|
|t:|1760820274
|move|p2a: Talonflame|Flamethrower|p1a: Corviknight
|-supereffective|p1a: Corviknight
|-damage|p1a: Corviknight|2/100 brn
|move|p1a: Corviknight|Brave Bird|p2a: Talonflame
|-damage|p2a: Talonflame|16/100
|-damage|p1a: Corviknight|0 fnt|[from] Recoil
|faint|p1a: Corviknight
|
|upkeep
|
|t:|1760820277
|switch|p1a: Rillaboom|Rillaboom, M|1/100 brn
|-fieldstart|move: Grassy Terrain|[from] ability: Grassy Surge|[of] p1a: Rillaboom
|turn|67
|c|☆ajonymousnon|gg
|
|t:|1760820283
|move|p2a: Talonflame|Flamethrower|p1a: Rillaboom
|-supereffective|p1a: Rillaboom
|-damage|p1a: Rillaboom|0 fnt
|faint|p1a: Rillaboom
|
|upkeep
|
|t:|1760820285
|switch|p1a: Ogerpon|Ogerpon-Cornerstone-Tera, F, tera:Rock|4/100 tox
|-ability|p1a: Ogerpon|Embody Aspect (Cornerstone)|boost
|-boost|p1a: Ogerpon|def|1
|turn|68
|c|☆xdye|gg
|
|t:|1760820289
|move|p1a: Ogerpon|Ivy Cudgel|p2a: Talonflame|[anim] Ivy Cudgel Rock
|-supereffective|p2a: Talonflame
|-damage|p2a: Talonflame|0 fnt
|faint|p2a: Talonflame
|
|-heal|p1a: Ogerpon|11/100 tox|[from] Grassy Terrain
|-damage|p1a: Ogerpon|4/100 tox|[from] psn
|upkeep
|
|t:|1760820291
|switch|p2a: Toxapex|Toxapex, M|100/100 brn
|turn|69
|c|☆ajonymousnon|I was faster this whole time...
|c|☆xdye|faster than whom?
|c|☆ajonymousnon|Talonflame
|c|☆xdye|oh yea
|inactive|ajonymousnon has 120 seconds left.
|c|☆xdye|talon doesn't go max speed on stall
|c|☆ajonymousnon|lol I wish I knew that earlier haha
|
|t:|1760820336
|move|p1a: Ogerpon|Ivy Cudgel|p2a: Toxapex|[anim] Ivy Cudgel Rock
|-damage|p2a: Toxapex|38/100 brn
|move|p2a: Toxapex|Infestation|p1a: Ogerpon
|-damage|p1a: Ogerpon|1/100 tox
|-activate|p1a: Ogerpon|move: Infestation|[of] p2a: Toxapex
|
|-heal|p1a: Ogerpon|7/100 tox|[from] Grassy Terrain
|-heal|p2a: Toxapex|44/100 brn|[from] Grassy Terrain
|-damage|p1a: Ogerpon|0 fnt|[from] psn
|faint|p1a: Ogerpon
|detailschange|p1: Ogerpon|Ogerpon-Cornerstone, F|[silent]
|
|win|xdye
|raw|ajonymousnon's rating: 1827 &rarr; <strong>1809</strong><br />(-18 for losing)
|raw|xdye's rating: 1857 &rarr; <strong>1875</strong><br />(+18 for winning)
|c|☆ajonymousnon|gg
|l| FaronAan
|c|☆xdye|more like 311 or 301 usually, u need the bulk
|c|☆xdye|gg
|l|☆ajonymousnon
|player|p1|
|l|☆xdye
|player|p2|
|l| Pokemon-Lover834
