|j|☆Lotadfan22
|j|☆Flapy106
|t:|1760795944
|gametype|singles
|player|p1|Lotadfan22|blaine|1216
|player|p2|Flapy106|101|1245
|gen|9
|tier|[Gen 9] OU
|rated|
|rule|HP Percentage Mod: HP is shown in percentages
|rule|Endless Battle Clause: Forcing endless battles is banned
|rule|Species Clause: Limit one of each Pokémon
|rule|OHKO Clause: OHKO moves are banned
|rule|Evasion Items Clause: Evasion items are banned
|rule|Evasion Moves Clause: Evasion moves are banned
|rule|Evasion Abilities Clause: Evasion abilities are banned
|rule|Sleep Moves Clause: Sleep-inducing moves are banned
|clearpoke
|poke|p1|Zapdos|
|poke|p1|Arcanine-Hisui, F|
|poke|p1|Slowking-Galar, F|
|poke|p1|Ogerpon-Wellspring, F|
|poke|p1|Corviknight, M|
|poke|p1|Darkrai|
|poke|p2|Indeedee, M|
|poke|p2|Metagross|
|poke|p2|Darkrai|
|poke|p2|Iron Boulder|
|poke|p2|Dragapult, M|
|poke|p2|Hoopa-Unbound|
|teampreview
|
|t:|1760795964
|teamsize|p1|6
|teamsize|p2|6
|start
|switch|p1a: Darkrai|Darkrai|100/100
|switch|p2a: Indeedee|Indeedee, M|100/100
|-fieldstart|move: Psychic Terrain|[from] ability: Psychic Surge|[of] p2a: Indeedee
|turn|1
|
|t:|1760795972
|switch|p2a: Darkrai|Darkrai|100/100
|move|p1a: Darkrai|Dark Pulse|p2a: Darkrai
|-resisted|p2a: Darkrai
|-damage|p2a: Darkrai|75/100
|
|-heal|p2a: Darkrai|81/100|[from] item: Leftovers
|upkeep
|turn|2
|
|t:|1760795992
|switch|p1a: Zapdos|Zapdos|100/100
|move|p2a: Darkrai|Focus Blast|p1a: Zapdos
|-resisted|p1a: Zapdos
|-damage|p1a: Zapdos|84/100
|
|-heal|p2a: Darkrai|87/100|[from] item: Leftovers
|upkeep
|turn|3
|
|t:|1760796000
|move|p2a: Darkrai|Calm Mind|p2a: Darkrai
|-boost|p2a: Darkrai|spa|1
|-boost|p2a: Darkrai|spd|1
|move|p1a: Zapdos|Thunder Wave|p2a: Darkrai
|-status|p2a: Darkrai|par
|
|-heal|p2a: Darkrai|94/100 par|[from] item: Leftovers
|upkeep
|turn|4
|
|t:|1760796009
|move|p1a: Zapdos|Volt Switch|p2a: Darkrai
|-damage|p2a: Darkrai|74/100 par
|
|t:|1760796016
|switch|p1a: Darkrai|Darkrai|100/100|[from] Volt Switch
|move|p2a: Darkrai|Dark Pulse|p1a: Darkrai
|-resisted|p1a: Darkrai
|-damage|p1a: Darkrai|62/100
|
|-heal|p2a: Darkrai|80/100 par|[from] item: Leftovers
|upkeep
|turn|5
|
|t:|1760796026
|move|p1a: Darkrai|Trick|p2a: Darkrai
|-activate|p1a: Darkrai|move: Trick|[of] p2a: Darkrai
|-item|p2a: Darkrai|Choice Scarf|[from] move: Trick
|-item|p1a: Darkrai|Leftovers|[from] move: Trick
|cant|p2a: Darkrai|par
|
|-heal|p1a: Darkrai|68/100|[from] item: Leftovers
|upkeep
|turn|6
|
|t:|1760796033
|switch|p1a: Slowking|Slowking-Galar, F|100/100
|move|p2a: Darkrai|Dark Pulse|p1a: Slowking
|-supereffective|p1a: Slowking
|-damage|p1a: Slowking|33/100
|
|upkeep
|turn|7
|
|t:|1760796049
|switch|p1a: Corviknight|Corviknight, M|100/100
|-ability|p1a: Corviknight|Pressure
|move|p2a: Darkrai|Dark Pulse|p1a: Corviknight
|-damage|p1a: Corviknight|63/100
|
|upkeep
|turn|8
|
|t:|1760796058
|move|p2a: Darkrai|Dark Pulse|p1a: Corviknight
|-damage|p1a: Corviknight|28/100
|move|p1a: Corviknight|Roost|p1a: Corviknight
|-heal|p1a: Corviknight|78/100
|-singleturn|p1a: Corviknight|move: Roost
|
|-fieldend|move: Psychic Terrain
|upkeep
|turn|9
|
|t:|1760796072
|cant|p2a: Darkrai|par
|move|p1a: Corviknight|Roost|p1a: Corviknight
|-heal|p1a: Corviknight|100/100
|-singleturn|p1a: Corviknight|move: Roost
|
|upkeep
|turn|10
|
|t:|1760796078
|cant|p2a: Darkrai|par
|move|p1a: Corviknight|Brave Bird|p2a: Darkrai
|-damage|p2a: Darkrai|37/100 par
|-damage|p1a: Corviknight|88/100|[from] Recoil
|
|upkeep
|turn|11
|
|t:|1760796084
|move|p2a: Darkrai|Dark Pulse|p1a: Corviknight
|-damage|p1a: Corviknight|54/100
|move|p1a: Corviknight|Brave Bird|p2a: Darkrai
|-damage|p2a: Darkrai|0 fnt
|faint|p2a: Darkrai
|-damage|p1a: Corviknight|44/100|[from] Recoil
|
|upkeep
|
|t:|1760796094
|switch|p2a: Indeedee|Indeedee, M|100/100
|-fieldstart|move: Psychic Terrain|[from] ability: Psychic Surge|[of] p2a: Indeedee
|turn|12
|
|t:|1760796100
|switch|p2a: Metagross|Metagross|100/100
|move|p1a: Corviknight|Roost|p1a: Corviknight
|-heal|p1a: Corviknight|94/100
|-singleturn|p1a: Corviknight|move: Roost
|
|upkeep
|turn|13
|
|t:|1760796110
|move|p2a: Metagross|Agility|p2a: Metagross
|-boost|p2a: Metagross|spe|2
|move|p1a: Corviknight|Bulk Up|p1a: Corviknight
|-boost|p1a: Corviknight|atk|1
|-boost|p1a: Corviknight|def|1
|
|upkeep
|turn|14
|
|t:|1760796118
|move|p2a: Metagross|Meteor Mash|p1a: Corviknight
|-resisted|p1a: Corviknight
|-damage|p1a: Corviknight|82/100
|-damage|p2a: Metagross|84/100|[from] item: Rocky Helmet|[of] p1a: Corviknight
|move|p1a: Corviknight|Bulk Up|p1a: Corviknight
|-boost|p1a: Corviknight|atk|1
|-boost|p1a: Corviknight|def|1
|
|upkeep
|turn|15
|
|t:|1760796129
|switch|p2a: Hoopa|Hoopa-Unbound|100/100
|move|p1a: Corviknight|Bulk Up|p1a: Corviknight
|-boost|p1a: Corviknight|atk|1
|-boost|p1a: Corviknight|def|1
|
|upkeep
|turn|16
|
|t:|1760796142
|move|p2a: Hoopa|Dark Pulse|p1a: Corviknight
|-damage|p1a: Corviknight|48/100
|move|p1a: Corviknight|Roost|p1a: Corviknight
|-heal|p1a: Corviknight|98/100
|-singleturn|p1a: Corviknight|move: Roost
|
|upkeep
|turn|17
|
|t:|1760796156
|move|p2a: Hoopa|Dark Pulse|p1a: Corviknight
|-damage|p1a: Corviknight|66/100
|cant|p1a: Corviknight|flinch
|
|upkeep
|turn|18
|
|t:|1760796161
|move|p2a: Hoopa|Dark Pulse|p1a: Corviknight
|-damage|p1a: Corviknight|33/100
|move|p1a: Corviknight|Roost|p1a: Corviknight
|-heal|p1a: Corviknight|83/100
|-singleturn|p1a: Corviknight|move: Roost
|
|upkeep
|turn|19
|
|t:|1760796167
|move|p2a: Hoopa|Dark Pulse|p1a: Corviknight
|-damage|p1a: Corviknight|50/100
|move|p1a: Corviknight|Bulk Up|p1a: Corviknight
|-boost|p1a: Corviknight|atk|1
|-boost|p1a: Corviknight|def|1
|
|-fieldend|move: Psychic Terrain
|upkeep
|turn|20
|
|t:|1760796174
|move|p2a: Hoopa|Dark Pulse|p1a: Corviknight
|-damage|p1a: Corviknight|17/100
|move|p1a: Corviknight|Roost|p1a: Corviknight
|-heal|p1a: Corviknight|67/100
|-singleturn|p1a: Corviknight|move: Roost
|
|upkeep
|turn|21
|
|t:|1760796181
|move|p2a: Hoopa|Dark Pulse|p1a: Corviknight
|-damage|p1a: Corviknight|32/100
|cant|p1a: Corviknight|flinch
|
|upkeep
|turn|22
|
|t:|1760796185
|move|p2a: Hoopa|Dark Pulse|p1a: Corviknight
|-damage|p1a: Corviknight|0 fnt
|faint|p1a: Corviknight
|
|upkeep
|
|t:|1760796191
|switch|p1a: Darkrai|Darkrai|68/100
|turn|23
|
|t:|1760796203
|switch|p2a: Metagross|Metagross|84/100
|move|p1a: Darkrai|Dark Pulse|p2a: Metagross
|-supereffective|p2a: Metagross
|-damage|p2a: Metagross|0 fnt
|faint|p2a: Metagross
|
|-heal|p1a: Darkrai|74/100|[from] item: Leftovers
|upkeep
|
|t:|1760796221
|switch|p2a: Hoopa|Hoopa-Unbound|100/100
|turn|24
|
|t:|1760796234
|switch|p2a: Indeedee|Indeedee, M|100/100
|-fieldstart|move: Psychic Terrain|[from] ability: Psychic Surge|[of] p2a: Indeedee
|switch|p1a: Zapdos|Zapdos|84/100
|
|upkeep
|turn|25
|
|t:|1760796248
|move|p2a: Indeedee|Psyshock|p1a: Zapdos
|-damage|p1a: Zapdos|52/100
|move|p1a: Zapdos|Volt Switch|p2a: Indeedee
|-damage|p2a: Indeedee|62/100
|
|t:|1760796254
|switch|p1a: Darkrai|Darkrai|74/100|[from] Volt Switch
|
|-heal|p1a: Darkrai|80/100|[from] item: Leftovers
|upkeep
|turn|26
|
|t:|1760796269
|move|p1a: Darkrai|Dark Pulse|p2a: Indeedee
|-supereffective|p2a: Indeedee
|-damage|p2a: Indeedee|0 fnt
|faint|p2a: Indeedee
|
|-heal|p1a: Darkrai|86/100|[from] item: Leftovers
|upkeep
|
|t:|1760796275
|switch|p2a: Iron Boulder|Iron Boulder|100/100
|-enditem|p2a: Iron Boulder|Booster Energy
|-activate|p2a: Iron Boulder|ability: Quark Drive|[fromitem]
|-start|p2a: Iron Boulder|quarkdrivespe
|turn|27
|
|t:|1760796288
|-terastallize|p2a: Iron Boulder|Ground
|-terastallize|p1a: Darkrai|Poison
|move|p2a: Iron Boulder|Swords Dance|p2a: Iron Boulder
|-boost|p2a: Iron Boulder|atk|2
|move|p1a: Darkrai|Dark Pulse|p2a: Iron Boulder
|-crit|p2a: Iron Boulder
|-damage|p2a: Iron Boulder|39/100
|
|-heal|p1a: Darkrai|92/100|[from] item: Leftovers
|upkeep
|turn|28
|
|t:|1760796301
|move|p2a: Iron Boulder|Zen Headbutt|p1a: Darkrai|[miss]
|-miss|p2a: Iron Boulder|p1a: Darkrai
|move|p1a: Darkrai|Ice Beam|p2a: Iron Boulder
|-supereffective|p2a: Iron Boulder
|-damage|p2a: Iron Boulder|0 fnt
|faint|p2a: Iron Boulder
|-end|p2a: Iron Boulder|Quark Drive|[silent]
|
|-heal|p1a: Darkrai|98/100|[from] item: Leftovers
|upkeep
|-message|Flapy106 forfeited.
|
|win|Lotadfan22
|raw|Lotadfan22's rating: 1216 &rarr; <strong>1243</strong><br />(+27 for winning)
|raw|Flapy106's rating: 1245 &rarr; <strong>1218</strong><br />(-27 for losing)
|l|☆Flapy106
|player|p2|
