|j|☆monohue
|j|☆Damage-Advantage
|t:|1760819455
|gametype|singles
|player|p1|monohue|red|1473
|player|p2|Damage-Advantage|guitarist|1403
|gen|9
|tier|[Gen 9] OU
|rated|
|rule|HP Percentage Mod: HP is shown in percentages
|rule|Endless Battle Clause: Forcing endless battles is banned
|rule|Species Clause: Limit one of each Pokémon
|rule|OHKO Clause: OHKO moves are banned
|rule|Evasion Items Clause: Evasion items are banned
|rule|Evasion Moves Clause: Evasion moves are banned
|rule|Evasion Abilities Clause: Evasion abilities are banned
|rule|Sleep Moves Clause: Sleep-inducing moves are banned
|clearpoke
|poke|p1|Pawmot, M|
|poke|p1|Ting-Lu|
|poke|p1|Sinistcha|
|poke|p1|Scizor, M|
|poke|p1|Dragapult, F|
|poke|p1|Ninetales-Alola, M|
|poke|p2|Magneton|
|poke|p2|Meowscarada, F|
|poke|p2|Great Tusk|
|poke|p2|Hatterene, F|
|poke|p2|Heatran, M|
|poke|p2|Tornadus-Therian, M|
|teampreview
|c|☆Damage-Advantage|hf
|c|☆monohue|u 2
|inactive|Battle timer is ON: inactive players will automatically lose when time's up. (requested by Damage-Advantage)
|
|t:|1760819472
|teamsize|p1|6
|teamsize|p2|6
|start
|switch|p1a: Mounty Ranger|Scizor, M|100/100
|switch|p2a: Magneton|Magneton|100/100
|turn|1
|
|t:|1760819479
|move|p2a: Magneton|Volt Switch|p1a: Mounty Ranger
|-damage|p1a: Mounty Ranger|56/100
|
|t:|1760819483
|switch|p2a: Hatterene|Hatterene, F|100/100|[from] Volt Switch
|move|p1a: Mounty Ranger|Knock Off|p2a: Hatterene
|-damage|p2a: Hatterene|73/100
|-damage|p1a: Mounty Ranger|39/100|[from] item: Rocky Helmet|[of] p2a: Hatterene
|-enditem|p2a: Hatterene|Rocky Helmet|[from] move: Knock Off|[of] p1a: Mounty Ranger
|
|upkeep
|turn|2
|j| Pokemon-Lover834
|l| Pokemon-Lover834
|
|t:|1760819491
|move|p1a: Mounty Ranger|Bullet Punch|p2a: Hatterene
|-supereffective|p2a: Hatterene
|-damage|p2a: Hatterene|12/100
|move|p2a: Hatterene|Draining Kiss|p1a: Mounty Ranger
|-resisted|p1a: Mounty Ranger
|-damage|p1a: Mounty Ranger|27/100
|-heal|p2a: Hatterene|22/100|[from] drain|[of] p1a: Mounty Ranger
|
|upkeep
|turn|3
|
|t:|1760819500
|switch|p2a: Great Tusk|Great Tusk|100/100
|move|p1a: Mounty Ranger|Bullet Punch|p2a: Great Tusk
|-damage|p2a: Great Tusk|83/100
|
|-heal|p2a: Great Tusk|89/100|[from] item: Leftovers
|upkeep
|turn|4
|
|t:|1760819507
|switch|p1a: Terry Fox (goat)|Ninetales-Alola, M|100/100
|-weather|Snowscape|[from] ability: Snow Warning|[of] p1a: Terry Fox (goat)
|move|p2a: Great Tusk|Stealth Rock|p1a: Terry Fox (goat)
|-sidestart|p1: monohue|move: Stealth Rock
|
|-weather|Snowscape|[upkeep]
|-heal|p2a: Great Tusk|96/100|[from] item: Leftovers
|upkeep
|turn|5
|
|t:|1760819511
|-end|p2a: Great Tusk|Protosynthesis|[silent]
|switch|p2a: Hatterene|Hatterene, F|22/100
|move|p1a: Terry Fox (goat)|Aurora Veil|p1a: Terry Fox (goat)
|-sidestart|p1: monohue|move: Aurora Veil
|
|-weather|Snowscape|[upkeep]
|upkeep
|turn|6
|
|t:|1760819515
|move|p1a: Terry Fox (goat)|Freeze-Dry|p2a: Hatterene
|-damage|p2a: Hatterene|0 fnt
|faint|p2a: Hatterene
|
|-weather|Snowscape|[upkeep]
|upkeep
|
|t:|1760819519
|switch|p2a: Heatran|Heatran, M|100/100
|-item|p2a: Heatran|Air Balloon
|turn|7
|
|t:|1760819523
|switch|p1a: Moose (sorry)|Ting-Lu|100/100
|-damage|p1a: Moose (sorry)|94/100|[from] Stealth Rock
|-ability|p1a: Moose (sorry)|Vessel of Ruin
|move|p2a: Heatran|Magma Storm|p1a: Moose (sorry)
|-damage|p1a: Moose (sorry)|86/100
|-activate|p1a: Moose (sorry)|move: Magma Storm|[of] p2a: Heatran
|
|-weather|Snowscape|[upkeep]
|-heal|p1a: Moose (sorry)|92/100|[from] item: Leftovers
|-damage|p1a: Moose (sorry)|79/100|[from] move: Magma Storm|[partiallytrapped]
|upkeep
|turn|8
|
|t:|1760819533
|move|p2a: Heatran|Scorching Sands|p1a: Moose (sorry)
|-damage|p1a: Moose (sorry)|75/100
|move|p1a: Moose (sorry)|Ruination|p2a: Heatran
|-damage|p2a: Heatran|50/100
|-enditem|p2a: Heatran|Air Balloon
|
|-weather|none
|-heal|p1a: Moose (sorry)|81/100|[from] item: Leftovers
|-damage|p1a: Moose (sorry)|69/100|[from] move: Magma Storm|[partiallytrapped]
|upkeep
|turn|9
|
|t:|1760819539
|switch|p2a: Tornadus|Tornadus-Therian, M|100/100
|move|p1a: Moose (sorry)|Spikes|p2a: Tornadus
|-sidestart|p2: Damage-Advantage|Spikes
|
|-heal|p1a: Moose (sorry)|75/100|[from] item: Leftovers
|-end|p1a: Moose (sorry)|Magma Storm|[partiallytrapped]|[silent]
|upkeep
|turn|10
|
|t:|1760819546
|move|p2a: Tornadus|Knock Off|p1a: Moose (sorry)
|-resisted|p1a: Moose (sorry)
|-damage|p1a: Moose (sorry)|72/100
|-enditem|p1a: Moose (sorry)|Leftovers|[from] move: Knock Off|[of] p2a: Tornadus
|move|p1a: Moose (sorry)|Spikes|p2a: Tornadus
|-sidestart|p2: Damage-Advantage|Spikes
|
|upkeep
|turn|11
|
|t:|1760819552
|move|p2a: Tornadus|Sludge Bomb|p1a: Moose (sorry)
|-resisted|p1a: Moose (sorry)
|-damage|p1a: Moose (sorry)|69/100
|-status|p1a: Moose (sorry)|psn
|move|p1a: Moose (sorry)|Ruination|p2a: Tornadus
|-damage|p2a: Tornadus|50/100
|
|-damage|p1a: Moose (sorry)|57/100 psn|[from] psn
|upkeep
|turn|12
|
|t:|1760819557
|switch|p1a: Mounty Ranger|Scizor, M|27/100
|-damage|p1a: Mounty Ranger|15/100|[from] Stealth Rock
|move|p2a: Tornadus|U-turn|p1a: Mounty Ranger
|-resisted|p1a: Mounty Ranger
|-damage|p1a: Mounty Ranger|11/100
|
|t:|1760819559
|switch|p2a: Heatran|Heatran, M|50/100|[from] U-turn
|-damage|p2a: Heatran|34/100|[from] Spikes
|
|-sideend|p1: monohue|move: Aurora Veil
|upkeep
|turn|13
|
|t:|1760819569
|move|p2a: Heatran|Magma Storm|p1a: Mounty Ranger
|-supereffective|p1a: Mounty Ranger
|-damage|p1a: Mounty Ranger|0 fnt
|faint|p1a: Mounty Ranger
|
|upkeep
|
|t:|1760819578
|switch|p1a: Moose (sorry)|Ting-Lu|57/100 psn
|-damage|p1a: Moose (sorry)|51/100 psn|[from] Stealth Rock
|-ability|p1a: Moose (sorry)|Vessel of Ruin
|turn|14
|
|t:|1760819581
|move|p2a: Heatran|Taunt|p1a: Moose (sorry)
|-start|p1a: Moose (sorry)|move: Taunt
|move|p1a: Moose (sorry)|Earthquake|p2a: Heatran
|-supereffective|p2a: Heatran
|-damage|p2a: Heatran|0 fnt
|faint|p2a: Heatran
|
|-damage|p1a: Moose (sorry)|38/100 psn|[from] psn
|upkeep
|
|t:|1760819588
|switch|p2a: Great Tusk|Great Tusk|96/100
|-damage|p2a: Great Tusk|79/100|[from] Spikes
|turn|15
|
|t:|1760819592
|switch|p1a: Tim Hortons ehh|Sinistcha|100/100
|-damage|p1a: Tim Hortons ehh|88/100|[from] Stealth Rock
|move|p2a: Great Tusk|Ice Spinner|p1a: Tim Hortons ehh
|-supereffective|p1a: Tim Hortons ehh
|-damage|p1a: Tim Hortons ehh|47/100
|
|-heal|p2a: Great Tusk|85/100|[from] item: Leftovers
|-heal|p1a: Tim Hortons ehh|53/100|[from] item: Leftovers
|upkeep
|turn|16
|
|t:|1760819601
|-end|p2a: Great Tusk|Protosynthesis|[silent]
|switch|p2a: Tornadus|Tornadus-Therian, M|84/100
|move|p1a: Tim Hortons ehh|Strength Sap|p2a: Tornadus
|-unboost|p2a: Tornadus|atk|1
|-heal|p1a: Tim Hortons ehh|100/100
|
|upkeep
|turn|17
|
|t:|1760819606
|switch|p1a: Moose (sorry)|Ting-Lu|38/100 psn
|-damage|p1a: Moose (sorry)|32/100 psn|[from] Stealth Rock
|-ability|p1a: Moose (sorry)|Vessel of Ruin
|move|p2a: Tornadus|Knock Off|p1a: Moose (sorry)
|-resisted|p1a: Moose (sorry)
|-damage|p1a: Moose (sorry)|29/100 psn
|
|-damage|p1a: Moose (sorry)|17/100 psn|[from] psn
|upkeep
|turn|18
|
|t:|1760819615
|move|p2a: Tornadus|U-turn|p1a: Moose (sorry)
|-supereffective|p1a: Moose (sorry)
|-damage|p1a: Moose (sorry)|5/100 psn
|
|t:|1760819619
|switch|p2a: Meowscarada|Meowscarada, F|100/100|[from] U-turn
|-damage|p2a: Meowscarada|84/100|[from] Spikes
|move|p1a: Moose (sorry)|Ruination|p2a: Meowscarada
|-damage|p2a: Meowscarada|42/100
|
|-damage|p1a: Moose (sorry)|0 fnt|[from] psn
|faint|p1a: Moose (sorry)
|upkeep
|
|t:|1760819631
|switch|p1a: Terry Fox (goat)|Ninetales-Alola, M|100/100
|-damage|p1a: Terry Fox (goat)|76/100|[from] Stealth Rock
|-weather|Snowscape|[from] ability: Snow Warning|[of] p1a: Terry Fox (goat)
|turn|19
|
|t:|1760819638
|move|p2a: Meowscarada|Knock Off|p1a: Terry Fox (goat)
|-start|p2a: Meowscarada|typechange|Dark|[from] ability: Protean
|-resisted|p1a: Terry Fox (goat)
|-damage|p1a: Terry Fox (goat)|58/100
|-enditem|p1a: Terry Fox (goat)|Light Clay|[from] move: Knock Off|[of] p2a: Meowscarada
|move|p1a: Terry Fox (goat)|Aurora Veil|p1a: Terry Fox (goat)
|-sidestart|p1: monohue|move: Aurora Veil
|
|-weather|Snowscape|[upkeep]
|upkeep
|turn|20
|
|t:|1760819645
|switch|p2a: Magneton|Magneton|100/100
|-damage|p2a: Magneton|84/100|[from] Spikes
|move|p1a: Terry Fox (goat)|Freeze-Dry|p2a: Magneton
|-resisted|p2a: Magneton
|-damage|p2a: Magneton|63/100
|-status|p2a: Magneton|frz
|
|-weather|Snowscape|[upkeep]
|upkeep
|turn|21
|
|t:|1760819654
|cant|p2a: Magneton|frz
|move|p1a: Terry Fox (goat)|Freeze-Dry|p2a: Magneton
|-resisted|p2a: Magneton
|-damage|p2a: Magneton|42/100 frz
|
|-weather|Snowscape|[upkeep]
|upkeep
|turn|22
|
|t:|1760819660
|switch|p1a: Maple Beaver eh|Pawmot, M|100/100
|-damage|p1a: Maple Beaver eh|94/100|[from] Stealth Rock
|cant|p2a: Magneton|frz
|
|-weather|Snowscape|[upkeep]
|upkeep
|turn|23
|
|t:|1760819672
|switch|p2a: Great Tusk|Great Tusk|85/100
|-damage|p2a: Great Tusk|69/100|[from] Spikes
|move|p1a: Maple Beaver eh|Mach Punch|p2a: Great Tusk
|-damage|p2a: Great Tusk|56/100
|
|-weather|none
|-heal|p2a: Great Tusk|62/100|[from] item: Leftovers
|-sideend|p1: monohue|move: Aurora Veil
|upkeep
|turn|24
|
|t:|1760819681
|switch|p1a: Tim Hortons ehh|Sinistcha|100/100
|-damage|p1a: Tim Hortons ehh|88/100|[from] Stealth Rock
|move|p2a: Great Tusk|Ice Spinner|p1a: Tim Hortons ehh
|-supereffective|p1a: Tim Hortons ehh
|-damage|p1a: Tim Hortons ehh|48/100
|
|-heal|p2a: Great Tusk|69/100|[from] item: Leftovers
|-heal|p1a: Tim Hortons ehh|55/100|[from] item: Leftovers
|upkeep
|turn|25
|
|t:|1760819689
|move|p2a: Great Tusk|Ice Spinner|p1a: Tim Hortons ehh
|-supereffective|p1a: Tim Hortons ehh
|-damage|p1a: Tim Hortons ehh|13/100
|move|p1a: Tim Hortons ehh|Strength Sap|p2a: Great Tusk
|-unboost|p2a: Great Tusk|atk|1
|-heal|p1a: Tim Hortons ehh|100/100
|
|-heal|p2a: Great Tusk|75/100|[from] item: Leftovers
|upkeep
|turn|26
|
|t:|1760819694
|-end|p2a: Great Tusk|Protosynthesis|[silent]
|switch|p2a: Magneton|Magneton|42/100 frz
|-damage|p2a: Magneton|25/100 frz|[from] Spikes
|move|p1a: Tim Hortons ehh|Matcha Gotcha|p2a: Magneton
|-resisted|p2a: Magneton
|-crit|p2a: Magneton
|-damage|p2a: Magneton|0 fnt
|faint|p2a: Magneton
|
|upkeep
|
|t:|1760819702
|switch|p2a: Tornadus|Tornadus-Therian, M|100/100
|turn|27
|
|t:|1760819718
|move|p2a: Tornadus|Sludge Bomb|p1a: Tim Hortons ehh
|-damage|p1a: Tim Hortons ehh|74/100
|move|p1a: Tim Hortons ehh|Shadow Ball|p2a: Tornadus
|-damage|p2a: Tornadus|75/100
|
|-heal|p1a: Tim Hortons ehh|80/100|[from] item: Leftovers
|upkeep
|turn|28
|
|t:|1760819727
|move|p2a: Tornadus|Knock Off|p1a: Tim Hortons ehh
|-supereffective|p1a: Tim Hortons ehh
|-damage|p1a: Tim Hortons ehh|42/100
|-enditem|p1a: Tim Hortons ehh|Leftovers|[from] move: Knock Off|[of] p2a: Tornadus
|move|p1a: Tim Hortons ehh|Strength Sap|p2a: Tornadus
|-unboost|p2a: Tornadus|atk|1
|-heal|p1a: Tim Hortons ehh|100/100
|
|upkeep
|turn|29
|
|t:|1760819735
|move|p2a: Tornadus|Bleakwind Storm|p1a: Tim Hortons ehh|[miss]
|-miss|p2a: Tornadus|p1a: Tim Hortons ehh
|move|p1a: Tim Hortons ehh|Calm Mind|p1a: Tim Hortons ehh
|-boost|p1a: Tim Hortons ehh|spa|1
|-boost|p1a: Tim Hortons ehh|spd|1
|
|upkeep
|turn|30
|
|t:|1760819738
|move|p2a: Tornadus|Bleakwind Storm|p1a: Tim Hortons ehh
|-supereffective|p1a: Tim Hortons ehh
|-damage|p1a: Tim Hortons ehh|38/100
|-unboost|p1a: Tim Hortons ehh|spe|1
|move|p1a: Tim Hortons ehh|Shadow Ball|p2a: Tornadus
|-damage|p2a: Tornadus|39/100
|
|upkeep
|turn|31
|
|t:|1760819748
|move|p2a: Tornadus|Bleakwind Storm|p1a: Tim Hortons ehh
|-supereffective|p1a: Tim Hortons ehh
|-damage|p1a: Tim Hortons ehh|0 fnt
|faint|p1a: Tim Hortons ehh
|
|upkeep
|
|t:|1760819765
|switch|p1a: Terry Fox (goat)|Ninetales-Alola, M|58/100
|-damage|p1a: Terry Fox (goat)|33/100|[from] Stealth Rock
|-weather|Snowscape|[from] ability: Snow Warning|[of] p1a: Terry Fox (goat)
|turn|32
|
|t:|1760819768
|move|p2a: Tornadus|Sludge Bomb|p1a: Terry Fox (goat)
|-supereffective|p1a: Terry Fox (goat)
|-damage|p1a: Terry Fox (goat)|0 fnt
|faint|p1a: Terry Fox (goat)
|
|-weather|Snowscape|[upkeep]
|upkeep
|
|t:|1760819770
|switch|p1a: DrizzyDrake Fam|Dragapult, F|100/100
|-damage|p1a: DrizzyDrake Fam|88/100|[from] Stealth Rock
|turn|33
|
|t:|1760819776
|switch|p2a: Great Tusk|Great Tusk|75/100
|-damage|p2a: Great Tusk|58/100|[from] Spikes
|move|p1a: DrizzyDrake Fam|Dragon Darts|p2a: Great Tusk
|-damage|p2a: Great Tusk|48/100
|-anim|p1a: DrizzyDrake Fam|Dragon Darts|p2a: Great Tusk
|-damage|p2a: Great Tusk|37/100
|
|-weather|Snowscape|[upkeep]
|-heal|p2a: Great Tusk|43/100|[from] item: Leftovers
|upkeep
|turn|34
|
|t:|1760819788
|move|p1a: DrizzyDrake Fam|Draco Meteor|p2a: Great Tusk|[miss]
|-miss|p1a: DrizzyDrake Fam|p2a: Great Tusk
|move|p2a: Great Tusk|Ice Spinner|p1a: DrizzyDrake Fam
|-supereffective|p1a: DrizzyDrake Fam
|-damage|p1a: DrizzyDrake Fam|35/100
|-enditem|p1a: DrizzyDrake Fam|Weakness Policy
|-boost|p1a: DrizzyDrake Fam|atk|2|[from] item: Weakness Policy
|-boost|p1a: DrizzyDrake Fam|spa|2|[from] item: Weakness Policy
|
|-weather|Snowscape|[upkeep]
|-heal|p2a: Great Tusk|49/100|[from] item: Leftovers
|upkeep
|turn|35
|
|t:|1760819801
|move|p1a: DrizzyDrake Fam|Draco Meteor|p2a: Great Tusk
|-damage|p2a: Great Tusk|0 fnt
|-unboost|p1a: DrizzyDrake Fam|spa|2
|faint|p2a: Great Tusk
|-end|p2a: Great Tusk|Protosynthesis|[silent]
|
|-weather|Snowscape|[upkeep]
|upkeep
|
|t:|1760819803
|switch|p2a: Meowscarada|Meowscarada, F|42/100
|-damage|p2a: Meowscarada|26/100|[from] Spikes
|turn|36
|
|t:|1760819808
|-terastallize|p2a: Meowscarada|Grass
|move|p2a: Meowscarada|Flower Trick|p1a: DrizzyDrake Fam
|-resisted|p1a: DrizzyDrake Fam
|-crit|p1a: DrizzyDrake Fam
|-damage|p1a: DrizzyDrake Fam|0 fnt
|faint|p1a: DrizzyDrake Fam
|
|-weather|none
|upkeep
|
|t:|1760819812
|switch|p1a: Maple Beaver eh|Pawmot, M|94/100
|-damage|p1a: Maple Beaver eh|88/100|[from] Stealth Rock
|turn|37
|
|t:|1760819815
|move|p1a: Maple Beaver eh|Mach Punch|p2a: Meowscarada
|-damage|p2a: Meowscarada|0 fnt
|faint|p2a: Meowscarada
|
|upkeep
|
|t:|1760819817
|switch|p2a: Tornadus|Tornadus-Therian, M|73/100
|turn|38
|
|t:|1760819822
|-terastallize|p1a: Maple Beaver eh|Electric
|move|p2a: Tornadus|Bleakwind Storm|p1a: Maple Beaver eh
|-resisted|p1a: Maple Beaver eh
|-damage|p1a: Maple Beaver eh|56/100
|move|p1a: Maple Beaver eh|Thunder Punch|p2a: Tornadus
|-supereffective|p2a: Tornadus
|-damage|p2a: Tornadus|0 fnt
|faint|p2a: Tornadus
|
|win|monohue
|raw|monohue's rating: 1473 &rarr; <strong>1489</strong><br />(+16 for winning)
|raw|Damage-Advantage's rating: 1403 &rarr; <strong>1387</strong><br />(-16 for losing)
|l|☆Damage-Advantage
|player|p2|
|l|☆monohue
|player|p1|
