|j|☆Big Stepas
|j|☆Abra123kadabra
|t:|1760849194
|gametype|singles
|player|p1|Big Stepas|drayden|1153
|player|p2|Abra123kadabra|170|1092
|gen|9
|tier|[Gen 9] OU
|rated|
|rule|HP Percentage Mod: HP is shown in percentages
|rule|Endless Battle Clause: Forcing endless battles is banned
|rule|Species Clause: Limit one of each Pokémon
|rule|OHKO Clause: OHKO moves are banned
|rule|Evasion Items Clause: Evasion items are banned
|rule|Evasion Moves Clause: Evasion moves are banned
|rule|Evasion Abilities Clause: Evasion abilities are banned
|rule|Sleep Moves Clause: Sleep-inducing moves are banned
|clearpoke
|poke|p1|Iron Valiant|
|poke|p1|Great Tusk|
|poke|p1|Slowking-Galar, F|
|poke|p1|Dragapult, M|
|poke|p1|Kingambit, M|
|poke|p1|Hatterene, F|
|poke|p2|Mimikyu, M|
|poke|p2|Primeape, M|
|poke|p2|Blaziken, M|
|poke|p2|Porygon2|
|poke|p2|Torkoal, M|
|poke|p2|Exeggutor, M|
|teampreview
|
|t:|1760849204
|teamsize|p1|6
|teamsize|p2|6
|start
|switch|p1a: Great Tusk|Great Tusk|100/100
|switch|p2a: Mimikyu|Mimikyu, M|100/100
|turn|1
|
|t:|1760849209
|move|p2a: Mimikyu|Swords Dance|p2a: Mimikyu
|-boost|p2a: Mimikyu|atk|2
|move|p1a: Great Tusk|Ice Spinner|p2a: Mimikyu
|-activate|p2a: Mimikyu|ability: Disguise
|-damage|p2a: Mimikyu|100/100
|detailschange|p2a: Mimikyu|Mimikyu-Busted, M
|-damage|p2a: Mimikyu|88/100|[from] pokemon: Mimikyu-Busted
|-enditem|p2a: Mimikyu|Red Card|[of] p1a: Great Tusk
|-end|p1a: Great Tusk|Protosynthesis|[silent]
|drag|p1a: Iron Valiant|Iron Valiant|100/100
|-enditem|p1a: Iron Valiant|Booster Energy
|-activate|p1a: Iron Valiant|ability: Quark Drive|[fromitem]
|-start|p1a: Iron Valiant|quarkdrivespe
|
|upkeep
|turn|2
|
|t:|1760849229
|move|p1a: Iron Valiant|Shadow Ball|p2a: Mimikyu
|-supereffective|p2a: Mimikyu
|-damage|p2a: Mimikyu|24/100
|move|p2a: Mimikyu|Play Rough|p1a: Iron Valiant
|-supereffective|p1a: Iron Valiant
|-damage|p1a: Iron Valiant|0 fnt
|faint|p1a: Iron Valiant
|-end|p1a: Iron Valiant|Quark Drive|[silent]
|
|upkeep
|
|t:|1760849246
|switch|p1a: Great Tusk|Great Tusk|100/100
|turn|3
|
|t:|1760849250
|move|p2a: Mimikyu|Play Rough|p1a: Great Tusk
|-supereffective|p1a: Great Tusk
|-damage|p1a: Great Tusk|24/100
|move|p1a: Great Tusk|Ice Spinner|p2a: Mimikyu
|-damage|p2a: Mimikyu|0 fnt
|faint|p2a: Mimikyu
|
|-heal|p1a: Great Tusk|30/100|[from] item: Leftovers
|upkeep
|
|t:|1760849261
|switch|p2a: Torkoal|Torkoal, M|100/100
|-weather|SunnyDay|[from] ability: Drought|[of] p2a: Torkoal
|-activate|p1a: Great Tusk|ability: Protosynthesis
|-start|p1a: Great Tusk|protosynthesisdef
|turn|4
|
|t:|1760849276
|switch|p2a: Exeggutor|Exeggutor, M|100/100
|move|p1a: Great Tusk|Close Combat|p2a: Exeggutor
|-resisted|p2a: Exeggutor
|-damage|p2a: Exeggutor|71/100
|-unboost|p1a: Great Tusk|def|1
|-unboost|p1a: Great Tusk|spd|1
|
|-weather|SunnyDay|[upkeep]
|-heal|p1a: Great Tusk|36/100|[from] item: Leftovers
|upkeep
|turn|5
|
|t:|1760849286
|-end|p1a: Great Tusk|Protosynthesis|[silent]
|switch|p1a: Slowking|Slowking-Galar, F|100/100
|move|p2a: Exeggutor|Growth|p2a: Exeggutor
|-boost|p2a: Exeggutor|atk|2
|-boost|p2a: Exeggutor|spa|2
|
|-weather|SunnyDay|[upkeep]
|upkeep
|turn|6
|
|t:|1760849294
|move|p2a: Exeggutor|Psychic|p1a: Slowking
|-damage|p1a: Slowking|31/100
|-damage|p2a: Exeggutor|61/100|[from] item: Life Orb
|move|p1a: Slowking|Flamethrower|p2a: Exeggutor
|-supereffective|p2a: Exeggutor
|-crit|p2a: Exeggutor
|-damage|p2a: Exeggutor|0 fnt
|faint|p2a: Exeggutor
|
|-weather|SunnyDay|[upkeep]
|upkeep
|
|t:|1760849306
|switch|p2a: Blaziken|Blaziken, M|100/100
|turn|7
|
|t:|1760849311
|switch|p1a: Great Tusk|Great Tusk|36/100
|-activate|p1a: Great Tusk|ability: Protosynthesis
|-start|p1a: Great Tusk|protosynthesisdef
|move|p2a: Blaziken|Focus Energy|p2a: Blaziken
|-start|p2a: Blaziken|move: Focus Energy
|
|-weather|SunnyDay|[upkeep]
|-heal|p1a: Great Tusk|43/100|[from] item: Leftovers
|-ability|p2a: Blaziken|Speed Boost|boost
|-boost|p2a: Blaziken|spe|1
|upkeep
|turn|8
|
|t:|1760849324
|move|p2a: Blaziken|Overheat|p1a: Great Tusk
|-crit|p1a: Great Tusk
|-damage|p1a: Great Tusk|0 fnt
|-unboost|p2a: Blaziken|spa|2
|faint|p1a: Great Tusk
|-end|p1a: Great Tusk|Protosynthesis|[silent]
|
|-weather|SunnyDay|[upkeep]
|-ability|p2a: Blaziken|Speed Boost|boost
|-boost|p2a: Blaziken|spe|1
|upkeep
|
|t:|1760849334
|switch|p1a: Slowking|Slowking-Galar, F|64/100
|turn|9
|
|t:|1760849339
|-terastallize|p2a: Blaziken|Fire
|-terastallize|p1a: Slowking|Water
|move|p2a: Blaziken|Overheat|p1a: Slowking
|-resisted|p1a: Slowking
|-crit|p1a: Slowking
|-damage|p1a: Slowking|15/100
|-unboost|p2a: Blaziken|spa|2
|move|p1a: Slowking|Psyshock|p2a: Blaziken
|-damage|p2a: Blaziken|37/100
|
|-weather|SunnyDay|[upkeep]
|-ability|p2a: Blaziken|Speed Boost|boost
|-boost|p2a: Blaziken|spe|1
|upkeep
|turn|10
|
|t:|1760849356
|switch|p1a: Kingambit|Kingambit, M|100/100
|-activate|p1a: Kingambit|ability: Supreme Overlord
|-start|p1a: Kingambit|fallen2|[silent]
|-item|p1a: Kingambit|Air Balloon
|move|p2a: Blaziken|Overheat|p1a: Kingambit
|-supereffective|p1a: Kingambit
|-crit|p1a: Kingambit
|-damage|p1a: Kingambit|0 fnt
|-unboost|p2a: Blaziken|spa|2
|-enditem|p1a: Kingambit|Air Balloon
|faint|p1a: Kingambit
|-end|p1a: Kingambit|fallen2|[silent]
|
|-weather|SunnyDay|[upkeep]
|-ability|p2a: Blaziken|Speed Boost|boost
|-boost|p2a: Blaziken|spe|1
|upkeep
|
|t:|1760849364
|switch|p1a: Slowking|Slowking-Galar, F, tera:Water|48/100
|turn|11
|l|☆Big Stepas
|player|p1|
|inactive|Battle timer is ON: inactive players will automatically lose when time's up. (requested by Abra123kadabra)
|inactive|Big Stepas has 30 seconds to reconnect!
|inactive|Big Stepas has 20 seconds to reconnect!
|inactive|Big Stepas has 15 seconds to reconnect!
|inactive|Big Stepas has 10 seconds to reconnect!
|inactive|Big Stepas has 5 seconds to reconnect!
|-message|Big Stepas lost due to inactivity.
|
|win|Abra123kadabra
|raw|Big Stepas's rating: 1153 &rarr; <strong>1124</strong><br />(-29 for losing)
|raw|Abra123kadabra's rating: 1092 &rarr; <strong>1123</strong><br />(+31 for winning)
|l|☆Abra123kadabra
|player|p2|
