|j|☆deep value
|j|☆rmcarmicheal
|t:|1760825351
|gametype|singles
|player|p1|deep value|yellow|1497
|player|p2|rmcarmicheal|265|1557
|gen|9
|tier|[Gen 9] OU
|rated|
|rule|HP Percentage Mod: HP is shown in percentages
|rule|Endless Battle Clause: Forcing endless battles is banned
|rule|Species Clause: Limit one of each Pokémon
|rule|OHKO Clause: OHKO moves are banned
|rule|Evasion Items Clause: Evasion items are banned
|rule|Evasion Moves Clause: Evasion moves are banned
|rule|Evasion Abilities Clause: Evasion abilities are banned
|rule|Sleep Moves Clause: Sleep-inducing moves are banned
|clearpoke
|poke|p1|Hydrapple, F|
|poke|p1|Zamazenta-*|
|poke|p1|Darkrai|
|poke|p1|Ting-Lu|
|poke|p1|Tinkaton, F|
|poke|p1|Moltres|
|poke|p2|Ditto|
|poke|p2|Gliscor, M|
|poke|p2|Blissey, F|
|poke|p2|Toxapex, F|
|poke|p2|Cinderace, M|
|poke|p2|Gholdengo|
|teampreview
|inactive|Battle timer is ON: inactive players will automatically lose when time's up. (requested by rmcarmicheal)
|
|t:|1760825368
|teamsize|p1|6
|teamsize|p2|6
|start
|switch|p1a: Darkrai|Darkrai, shiny|100/100
|switch|p2a: Cinderace|Cinderace, M|100/100
|turn|1
|
|t:|1760825376
|switch|p1a: Moltres|Moltres|100/100
|move|p2a: Cinderace|High Jump Kick|p1a: Moltres
|-start|p2a: Cinderace|typechange|Fighting|[from] ability: Libero
|-resisted|p1a: Moltres
|-damage|p1a: Moltres|80/100
|-status|p2a: Cinderace|brn|[from] ability: Flame Body|[of] p1a: Moltres
|
|-damage|p2a: Cinderace|95/100 brn|[from] brn
|upkeep
|turn|2
|
|t:|1760825386
|switch|p2a: Gliscor|Gliscor, M|100/100
|move|p1a: Moltres|U-turn|p2a: Gliscor
|-resisted|p2a: Gliscor
|-damage|p2a: Gliscor|96/100
|
|t:|1760825396
|switch|p1a: Darkrai|Darkrai, shiny|100/100|[from] U-turn
|
|-status|p2a: Gliscor|tox|[from] item: Toxic Orb
|upkeep
|turn|3
|
|t:|1760825401
|move|p2a: Gliscor|Protect|p2a: Gliscor
|-singleturn|p2a: Gliscor|Protect
|move|p1a: Darkrai|Ice Beam|p2a: Gliscor
|-activate|p2a: Gliscor|move: Protect
|
|-heal|p2a: Gliscor|100/100 tox|[from] ability: Poison Heal
|upkeep
|turn|4
|
|t:|1760825405
|switch|p2a: Blissey|Blissey, F|100/100
|move|p1a: Darkrai|Knock Off|p2a: Blissey
|-damage|p2a: Blissey|78/100
|-enditem|p2a: Blissey|Leftovers|[from] move: Knock Off|[of] p1a: Darkrai
|
|upkeep
|turn|5
|
|t:|1760825412
|switch|p1a: Tinkaton|Tinkaton, F|100/100
|-ability|p1a: Tinkaton|Mold Breaker
|-item|p1a: Tinkaton|Air Balloon
|move|p2a: Blissey|Seismic Toss|p1a: Tinkaton
|-damage|p1a: Tinkaton|74/100
|-enditem|p1a: Tinkaton|Air Balloon
|
|upkeep
|turn|6
|
|t:|1760825420
|move|p1a: Tinkaton|Stealth Rock|p2a: Blissey
|-sidestart|p2: rmcarmicheal|move: Stealth Rock
|move|p2a: Blissey|Thunder Wave|p1a: Tinkaton
|-status|p1a: Tinkaton|par
|
|upkeep
|turn|7
|
|t:|1760825422
|move|p1a: Tinkaton|Encore|p2a: Blissey
|-start|p2a: Blissey|Encore
|move|p2a: Blissey|Thunder Wave|p1a: Tinkaton|[miss]
|-miss|p2a: Blissey|p1a: Tinkaton
|
|upkeep
|turn|8
|
|t:|1760825424
|switch|p1a: Ting-Lu|Ting-Lu|100/100
|-ability|p1a: Ting-Lu|Vessel of Ruin
|switch|p2a: Gliscor|Gliscor, M|100/100 tox
|-damage|p2a: Gliscor|88/100 tox|[from] Stealth Rock
|
|-heal|p2a: Gliscor|100/100 tox|[from] ability: Poison Heal
|upkeep
|turn|9
|
|t:|1760825430
|switch|p1a: Tinkaton|Tinkaton, F|74/100 par
|-ability|p1a: Tinkaton|Mold Breaker
|move|p2a: Gliscor|Toxic||[still]
|-fail|p2a: Gliscor
|
|upkeep
|turn|10
|
|t:|1760825434
|switch|p1a: Moltres|Moltres|80/100
|move|p2a: Gliscor|Earthquake|p1a: Moltres
|-immune|p1a: Moltres
|
|upkeep
|turn|11
|
|t:|1760825439
|switch|p1a: Tinkaton|Tinkaton, F|74/100 par
|-ability|p1a: Tinkaton|Mold Breaker
|move|p2a: Gliscor|Toxic||[still]
|-fail|p2a: Gliscor
|
|upkeep
|turn|12
|
|t:|1760825442
|move|p2a: Gliscor|Substitute|p2a: Gliscor
|-start|p2a: Gliscor|Substitute
|-damage|p2a: Gliscor|76/100 tox
|move|p1a: Tinkaton|Gigaton Hammer|p2a: Gliscor
|-end|p2a: Gliscor|Substitute
|
|-heal|p2a: Gliscor|88/100 tox|[from] ability: Poison Heal
|upkeep
|turn|13
|
|t:|1760825447
|switch|p1a: Darkrai|Darkrai, shiny|100/100
|move|p2a: Gliscor|Toxic|p1a: Darkrai
|-status|p1a: Darkrai|tox
|
|-damage|p1a: Darkrai|94/100 tox|[from] psn
|-heal|p2a: Gliscor|100/100 tox|[from] ability: Poison Heal
|upkeep
|turn|14
|
|t:|1760825450
|move|p2a: Gliscor|Protect|p2a: Gliscor
|-singleturn|p2a: Gliscor|Protect
|move|p1a: Darkrai|Ice Beam|p2a: Gliscor
|-activate|p2a: Gliscor|move: Protect
|
|-damage|p1a: Darkrai|82/100 tox|[from] psn
|upkeep
|turn|15
|
|t:|1760825455
|switch|p2a: Cinderace|Cinderace, M|95/100 brn
|move|p1a: Darkrai|Ice Beam|p2a: Cinderace
|-resisted|p2a: Cinderace
|-damage|p2a: Cinderace|72/100 brn
|
|-damage|p1a: Darkrai|64/100 tox|[from] psn
|-damage|p2a: Cinderace|66/100 brn|[from] brn
|upkeep
|turn|16
|
|t:|1760825459
|switch|p2a: Blissey|Blissey, F|78/100
|-damage|p2a: Blissey|65/100|[from] Stealth Rock
|move|p1a: Darkrai|Dark Pulse|p2a: Blissey
|-damage|p2a: Blissey|50/100
|
|-damage|p1a: Darkrai|40/100 tox|[from] psn
|upkeep
|turn|17
|
|t:|1760825462
|switch|p1a: Zamazenta|Zamazenta|100/100
|-ability|p1a: Zamazenta|Dauntless Shield|boost
|-boost|p1a: Zamazenta|def|1
|move|p2a: Blissey|Soft-Boiled|p2a: Blissey
|-heal|p2a: Blissey|99/100
|
|upkeep
|turn|18
|
|t:|1760825469
|switch|p2a: Toxapex|Toxapex, F|100/100
|-damage|p2a: Toxapex|88/100|[from] Stealth Rock
|move|p1a: Zamazenta|Close Combat|p2a: Toxapex
|-resisted|p2a: Toxapex
|-damage|p2a: Toxapex|70/100
|-unboost|p1a: Zamazenta|def|1
|-unboost|p1a: Zamazenta|spd|1
|-damage|p1a: Zamazenta|84/100|[from] item: Rocky Helmet|[of] p2a: Toxapex
|
|upkeep
|turn|19
|
|t:|1760825475
|switch|p1a: Tinkaton|Tinkaton, F|74/100 par
|-ability|p1a: Tinkaton|Mold Breaker
|move|p2a: Toxapex|Infestation|p1a: Tinkaton
|-resisted|p1a: Tinkaton
|-damage|p1a: Tinkaton|73/100 par
|-activate|p1a: Tinkaton|move: Infestation|[of] p2a: Toxapex
|
|-damage|p1a: Tinkaton|61/100 par|[from] move: Infestation|[partiallytrapped]
|upkeep
|turn|20
|
|t:|1760825479
|switch|p2a: Gliscor|Gliscor, M|100/100 tox
|-damage|p2a: Gliscor|88/100 tox|[from] Stealth Rock
|move|p1a: Tinkaton|Thunder Wave|p2a: Gliscor
|-immune|p2a: Gliscor
|
|-heal|p2a: Gliscor|100/100 tox|[from] ability: Poison Heal
|-end|p1a: Tinkaton|Infestation|[partiallytrapped]|[silent]
|upkeep
|turn|21
|
|t:|1760825486
|switch|p1a: Hydrapple|Hydrapple, F|100/100
|move|p2a: Gliscor|Earthquake|p1a: Hydrapple
|-resisted|p1a: Hydrapple
|-damage|p1a: Hydrapple|91/100
|
|upkeep
|turn|22
|
|t:|1760825489
|-terastallize|p1a: Hydrapple|Poison
|move|p2a: Gliscor|Toxic|p1a: Hydrapple|[miss]
|-miss|p2a: Gliscor|p1a: Hydrapple
|move|p1a: Hydrapple|Nasty Plot|p1a: Hydrapple
|-boost|p1a: Hydrapple|spa|2
|
|upkeep
|turn|23
|
|t:|1760825494
|switch|p2a: Blissey|Blissey, F|99/100
|-damage|p2a: Blissey|87/100|[from] Stealth Rock
|move|p1a: Hydrapple|Nasty Plot|p1a: Hydrapple
|-boost|p1a: Hydrapple|spa|2
|
|upkeep
|turn|24
|
|t:|1760825497
|move|p2a: Blissey|Thunder Wave|p1a: Hydrapple
|-status|p1a: Hydrapple|par
|move|p1a: Hydrapple|Fickle Beam|p2a: Blissey|[anim] Fickle Beam All Out
|-activate|p1a: Hydrapple|move: Fickle Beam
|-damage|p2a: Blissey|17/100
|
|upkeep
|turn|25
|
|t:|1760825502
|move|p2a: Blissey|Soft-Boiled|p2a: Blissey
|-heal|p2a: Blissey|67/100
|move|p1a: Hydrapple|Fickle Beam|p2a: Blissey
|-damage|p2a: Blissey|27/100
|
|upkeep
|turn|26
|
|t:|1760825505
|move|p2a: Blissey|Soft-Boiled|p2a: Blissey
|-heal|p2a: Blissey|77/100
|move|p1a: Hydrapple|Fickle Beam|p2a: Blissey
|-damage|p2a: Blissey|41/100
|
|upkeep
|turn|27
|
|t:|1760825509
|switch|p1a: Zamazenta|Zamazenta|84/100
|move|p2a: Blissey|Soft-Boiled|p2a: Blissey
|-heal|p2a: Blissey|91/100
|
|upkeep
|turn|28
|
|t:|1760825511
|switch|p1a: Hydrapple|Hydrapple, F, tera:Poison|100/100 par
|switch|p2a: Toxapex|Toxapex, F|100/100
|-damage|p2a: Toxapex|88/100|[from] Stealth Rock
|
|upkeep
|turn|29
|
|t:|1760825516
|switch|p2a: Gholdengo|Gholdengo|100/100
|-damage|p2a: Gholdengo|94/100|[from] Stealth Rock
|cant|p1a: Hydrapple|par
|
|upkeep
|turn|30
|
|t:|1760825521
|switch|p1a: Ting-Lu|Ting-Lu|100/100
|-ability|p1a: Ting-Lu|Vessel of Ruin
|move|p2a: Gholdengo|Trick|p1a: Ting-Lu
|-activate|p2a: Gholdengo|move: Trick|[of] p1a: Ting-Lu
|-item|p1a: Ting-Lu|Choice Scarf|[from] move: Trick
|-item|p2a: Gholdengo|Leftovers|[from] move: Trick
|
|-heal|p2a: Gholdengo|100/100|[from] item: Leftovers
|upkeep
|turn|31
|
|t:|1760825529
|switch|p2a: Gliscor|Gliscor, M|100/100 tox
|-damage|p2a: Gliscor|88/100 tox|[from] Stealth Rock
|move|p1a: Ting-Lu|Ruination|p2a: Gliscor
|-damage|p2a: Gliscor|44/100 tox
|
|-heal|p2a: Gliscor|57/100 tox|[from] ability: Poison Heal
|upkeep
|turn|32
|
|t:|1760825536
|switch|p2a: Cinderace|Cinderace, M|66/100 brn
|switch|p1a: Hydrapple|Hydrapple, F, tera:Poison|100/100 par
|
|-damage|p2a: Cinderace|60/100 brn|[from] brn
|upkeep
|turn|33
|
|t:|1760825540
|move|p2a: Cinderace|Court Change|p2a: Cinderace
|-start|p2a: Cinderace|typechange|Normal|[from] ability: Libero
|-swapsideconditions
|-activate|p2a: Cinderace|move: Court Change
|move|p1a: Hydrapple|Earth Power|p2a: Cinderace
|-damage|p2a: Cinderace|21/100 brn
|
|-damage|p2a: Cinderace|15/100 brn|[from] brn
|upkeep
|turn|34
|
|t:|1760825548
|switch|p2a: Gliscor|Gliscor, M|57/100 tox
|move|p1a: Hydrapple|Nasty Plot|p1a: Hydrapple
|-boost|p1a: Hydrapple|spa|2
|
|-heal|p2a: Gliscor|69/100 tox|[from] ability: Poison Heal
|upkeep
|turn|35
|
|t:|1760825552
|move|p2a: Gliscor|Substitute|p2a: Gliscor
|-start|p2a: Gliscor|Substitute
|-damage|p2a: Gliscor|44/100 tox
|move|p1a: Hydrapple|Nasty Plot|p1a: Hydrapple
|-boost|p1a: Hydrapple|spa|2
|
|-heal|p2a: Gliscor|57/100 tox|[from] ability: Poison Heal
|upkeep
|turn|36
|
|t:|1760825555
|move|p2a: Gliscor|Earthquake|p1a: Hydrapple
|-supereffective|p1a: Hydrapple
|-damage|p1a: Hydrapple|59/100 par
|move|p1a: Hydrapple|Giga Drain|p2a: Gliscor
|-end|p2a: Gliscor|Substitute
|-heal|p1a: Hydrapple|70/100 par|[from] drain|[of] p2a: Gliscor
|
|-heal|p2a: Gliscor|69/100 tox|[from] ability: Poison Heal
|upkeep
|turn|37
|
|t:|1760825559
|switch|p2a: Blissey|Blissey, F|91/100
|move|p1a: Hydrapple|Giga Drain|p2a: Blissey
|-damage|p2a: Blissey|53/100
|-heal|p1a: Hydrapple|100/100 par|[from] drain|[of] p2a: Blissey
|
|upkeep
|turn|38
|
|t:|1760825562
|move|p2a: Blissey|Soft-Boiled|p2a: Blissey
|-heal|p2a: Blissey|100/100
|move|p1a: Hydrapple|Nasty Plot|p1a: Hydrapple
|-boost|p1a: Hydrapple|spa|2
|
|upkeep
|turn|39
|
|t:|1760825565
|switch|p2a: Cinderace|Cinderace, M|15/100 brn
|move|p1a: Hydrapple|Earth Power|p2a: Cinderace
|-supereffective|p2a: Cinderace
|-damage|p2a: Cinderace|0 fnt
|faint|p2a: Cinderace
|
|upkeep
|
|t:|1760825567
|switch|p2a: Ditto|Ditto|100/100
|-transform|p2a: Ditto|p1a: Hydrapple|[from] ability: Imposter
|turn|40
|
|t:|1760825575
|switch|p1a: Moltres|Moltres|80/100
|move|p2a: Ditto|Fickle Beam|p1a: Moltres
|-damage|p1a: Moltres|0 fnt
|faint|p1a: Moltres
|
|upkeep
|
|t:|1760825578
|switch|p1a: Tinkaton|Tinkaton, F|61/100 par
|-damage|p1a: Tinkaton|55/100 par|[from] Stealth Rock
|-ability|p1a: Tinkaton|Mold Breaker
|turn|41
|
|t:|1760825582
|switch|p2a: Gliscor|Gliscor, M|69/100 tox
|move|p1a: Tinkaton|Stealth Rock|p2a: Gliscor
|-sidestart|p2: rmcarmicheal|move: Stealth Rock
|
|-heal|p2a: Gliscor|82/100 tox|[from] ability: Poison Heal
|upkeep
|turn|42
|
|t:|1760825586
|move|p2a: Gliscor|Earthquake|p1a: Tinkaton
|-supereffective|p1a: Tinkaton
|-damage|p1a: Tinkaton|0 fnt
|faint|p1a: Tinkaton
|
|-heal|p2a: Gliscor|94/100 tox|[from] ability: Poison Heal
|upkeep
|
|t:|1760825591
|switch|p1a: Zamazenta|Zamazenta|84/100
|turn|43
|
|t:|1760825593
|move|p1a: Zamazenta|Ice Fang|p2a: Gliscor
|-supereffective|p2a: Gliscor
|-damage|p2a: Gliscor|26/100 tox
|move|p2a: Gliscor|Toxic|p1a: Zamazenta
|-status|p1a: Zamazenta|tox
|
|-damage|p1a: Zamazenta|78/100 tox|[from] psn
|-heal|p2a: Gliscor|39/100 tox|[from] ability: Poison Heal
|upkeep
|turn|44
|-message|deep value forfeited.
|
|win|rmcarmicheal
|raw|deep value's rating: 1479 &rarr; <strong>1463</strong><br />(-16 for losing)
|raw|rmcarmicheal's rating: 1557 &rarr; <strong>1573</strong><br />(+16 for winning)
|l|☆deep value
|player|p1|
|l|☆rmcarmicheal
|player|p2|
