|j|☆AdventYasha
|j|☆berioost
|t:|1760792018
|gametype|singles
|player|p1|AdventYasha|gentleman|1067
|player|p2|berioost|hugh|1054
|gen|9
|tier|[Gen 9] OU
|rated|
|rule|HP Percentage Mod: HP is shown in percentages
|rule|Endless Battle Clause: Forcing endless battles is banned
|rule|Species Clause: Limit one of each Pokémon
|rule|OHKO Clause: OHKO moves are banned
|rule|Evasion Items Clause: Evasion items are banned
|rule|Evasion Moves Clause: Evasion moves are banned
|rule|Evasion Abilities Clause: Evasion abilities are banned
|rule|Sleep Moves Clause: Sleep-inducing moves are banned
|clearpoke
|poke|p1|Toxtricity-Low-Key, M|
|poke|p1|Zoroark-Hisui, F|
|poke|p1|Lycanroc-Midnight, F|
|poke|p1|Dragalge, F|
|poke|p1|Corviknight, M|
|poke|p1|Ceruledge, M|
|poke|p2|Blaziken, M|
|poke|p2|Greninja-*, M|
|poke|p2|Flygon, M|
|poke|p2|Jolteon, F|
|poke|p2|Ceruledge, M|
|poke|p2|Scizor, M|
|teampreview
|inactive|Battle timer is ON: inactive players will automatically lose when time's up. (requested by AdventYasha)
|
|t:|1760792039
|teamsize|p1|6
|teamsize|p2|6
|start
|switch|p1a: Toxtricity|Toxtricity-Low-Key, M|100/100
|switch|p2a: Greninja|Greninja, M|100/100
|turn|1
|
|t:|1760792052
|-terastallize|p2a: Greninja|Ghost
|move|p2a: Greninja|Dark Pulse|p1a: Toxtricity
|-damage|p1a: Toxtricity|37/100
|move|p1a: Toxtricity|Toxic Spikes|p2a: Greninja
|-sidestart|p2: berioost|move: Toxic Spikes
|
|upkeep
|turn|2
|
|t:|1760792093
|switch|p1a: Corviknight|Corviknight, M|100/100
|move|p2a: Greninja|Water Shuriken|p1a: Corviknight
|-damage|p1a: Corviknight|94/100
|-damage|p1a: Corviknight|86/100
|-crit|p1a: Corviknight
|-damage|p1a: Corviknight|75/100
|-damage|p1a: Corviknight|67/100
|-damage|p1a: Corviknight|60/100
|-hitcount|p1a: Corviknight|5
|
|-heal|p1a: Corviknight|66/100|[from] item: Leftovers
|upkeep
|turn|3
|inactive|AdventYasha has 120 seconds left.
|
|t:|1760792121
|switch|p2a: Jolteon|Jolteon, F|100/100
|-status|p2a: Jolteon|psn
|switch|p1a: Dragalge|Dragalge, F, shiny|100/100
|
|-damage|p2a: Jolteon|88/100 psn|[from] psn
|upkeep
|turn|4
|
|t:|1760792134
|move|p2a: Jolteon|Thunder Wave|p1a: Dragalge
|-status|p1a: Dragalge|par
|cant|p1a: Dragalge|par
|
|-damage|p2a: Jolteon|76/100 psn|[from] psn
|upkeep
|turn|5
|
|t:|1760792145
|move|p2a: Jolteon|Shadow Ball|p1a: Dragalge
|-damage|p1a: Dragalge|78/100 par
|move|p1a: Dragalge|Venoshock|p2a: Jolteon
|-damage|p2a: Jolteon|0 fnt
|faint|p2a: Jolteon
|
|-heal|p1a: Dragalge|84/100 par|[from] item: Black Sludge
|upkeep
|inactive|berioost has 120 seconds left.
|
|t:|1760792178
|switch|p2a: Greninja|Greninja, M, tera:Ghost|100/100
|-status|p2a: Greninja|psn
|turn|6
|
|t:|1760792183
|move|p2a: Greninja|Ice Beam|p1a: Dragalge
|-supereffective|p1a: Dragalge
|-damage|p1a: Dragalge|29/100 par
|cant|p1a: Dragalge|par
|
|-heal|p1a: Dragalge|35/100 par|[from] item: Black Sludge
|-damage|p2a: Greninja|88/100 psn|[from] psn
|upkeep
|turn|7
|
|t:|1760792193
|move|p1a: Dragalge|Protect|p1a: Dragalge
|-singleturn|p1a: Dragalge|Protect
|move|p2a: Greninja|Ice Beam|p1a: Dragalge
|-activate|p1a: Dragalge|move: Protect
|
|-heal|p1a: Dragalge|41/100 par|[from] item: Black Sludge
|-damage|p2a: Greninja|76/100 psn|[from] psn
|upkeep
|turn|8
|inactive|berioost has 120 seconds left.
|
|t:|1760792204
|switch|p1a: Corviknight|Corviknight, M|66/100
|move|p2a: Greninja|Ice Beam|p1a: Corviknight
|-damage|p1a: Corviknight|38/100
|
|-heal|p1a: Corviknight|44/100|[from] item: Leftovers
|-damage|p2a: Greninja|64/100 psn|[from] psn
|upkeep
|turn|9
|inactive|berioost has 120 seconds left.
|
|t:|1760792216
|switch|p2a: Ceruledge|Ceruledge, M|100/100
|-status|p2a: Ceruledge|psn
|move|p1a: Corviknight|Iron Head|p2a: Ceruledge
|-resisted|p2a: Ceruledge
|-damage|p2a: Ceruledge|87/100 psn
|-ability|p2a: Ceruledge|Weak Armor|boost
|-unboost|p2a: Ceruledge|def|1
|-boost|p2a: Ceruledge|spe|2
|
|-heal|p1a: Corviknight|50/100|[from] item: Leftovers
|-damage|p2a: Ceruledge|75/100 psn|[from] psn
|upkeep
|turn|10
|inactive|berioost has 120 seconds left.
|
|t:|1760792240
|switch|p1a: Lycanroc|Lycanroc-Midnight, F, shiny|100/100
|move|p2a: Ceruledge|Will-O-Wisp|p1a: Lycanroc
|-status|p1a: Lycanroc|brn
|
|-damage|p2a: Ceruledge|63/100 psn|[from] psn
|-damage|p1a: Lycanroc|94/100 brn|[from] brn
|upkeep
|turn|11
|inactive|berioost has 120 seconds left.
|inactive|AdventYasha has 120 seconds left.
|
|t:|1760792275
|switch|p2a: Scizor|Scizor, M|100/100
|move|p1a: Lycanroc|Counter||[still]
|-fail|p1a: Lycanroc
|
|-damage|p1a: Lycanroc|88/100 brn|[from] brn
|upkeep
|turn|12
|inactive|berioost has 120 seconds left.
|
|t:|1760792294
|switch|p1a: Toxtricity|Toxtricity-Low-Key, M|100/100
|move|p2a: Scizor|Swords Dance|p2a: Scizor
|-boost|p2a: Scizor|atk|2
|
|upkeep
|turn|13
|inactive|berioost has 120 seconds left.
|
|t:|1760792309
|move|p1a: Toxtricity|Nasty Plot|p1a: Toxtricity
|-boost|p1a: Toxtricity|spa|2
|move|p2a: Scizor|Lunge|p1a: Toxtricity
|-resisted|p1a: Toxtricity
|-damage|p1a: Toxtricity|31/100
|-unboost|p1a: Toxtricity|atk|1
|replace|p1a: Zoroark|Zoroark-Hisui, F, shiny
|-end|p1a: Zoroark|Illusion
|
|upkeep
|turn|14
|inactive|berioost has 120 seconds left.
|
|t:|1760792324
|move|p2a: Scizor|Bullet Punch|p1a: Zoroark
|-damage|p1a: Zoroark|0 fnt
|faint|p1a: Zoroark
|
|upkeep
|
|t:|1760792332
|switch|p1a: Ceruledge|Ceruledge, M, shiny|100/100
|turn|15
|inactive|berioost has 120 seconds left.
|
|t:|1760792361
|switch|p2a: Greninja|Greninja, M, tera:Ghost|64/100 psn
|move|p1a: Ceruledge|Swords Dance|p1a: Ceruledge
|-boost|p1a: Ceruledge|atk|2
|
|-damage|p2a: Greninja|51/100 psn|[from] psn
|upkeep
|turn|16
|
|t:|1760792370
|move|p1a: Ceruledge|Shadow Sneak|p2a: Greninja
|-supereffective|p2a: Greninja
|-damage|p2a: Greninja|0 fnt
|faint|p2a: Greninja
|
|upkeep
|
|t:|1760792379
|switch|p2a: Flygon|Flygon, M|100/100
|turn|17
|inactive|berioost has 120 seconds left.
|
|t:|1760792386
|move|p2a: Flygon|Dragon Dance|p2a: Flygon
|-boost|p2a: Flygon|atk|1
|-boost|p2a: Flygon|spe|1
|move|p1a: Ceruledge|Close Combat|p2a: Flygon
|-damage|p2a: Flygon|1/100
|-unboost|p1a: Ceruledge|def|1
|-unboost|p1a: Ceruledge|spd|1
|
|upkeep
|turn|18
|inactive|berioost has 120 seconds left.
|
|t:|1760792405
|switch|p2a: Scizor|Scizor, M|100/100
|move|p1a: Ceruledge|Shadow Sneak|p2a: Scizor
|-damage|p2a: Scizor|54/100
|
|upkeep
|turn|19
|inactive|berioost has 120 seconds left.
|
|t:|1760792415
|move|p2a: Scizor|Bullet Punch|p1a: Ceruledge
|-resisted|p1a: Ceruledge
|-crit|p1a: Ceruledge
|-damage|p1a: Ceruledge|58/100
|-ability|p1a: Ceruledge|Weak Armor|boost
|-unboost|p1a: Ceruledge|def|1
|-boost|p1a: Ceruledge|spe|2
|move|p1a: Ceruledge|Bitter Blade|p2a: Scizor
|-supereffective|p2a: Scizor
|-enditem|p2a: Scizor|Occa Berry|[eat]
|-enditem|p2a: Scizor|Occa Berry|[weaken]
|-damage|p2a: Scizor|0 fnt
|-heal|p1a: Ceruledge|84/100|[from] drain|[of] p2a: Scizor
|faint|p2a: Scizor
|
|-heal|p1a: Ceruledge|90/100|[from] item: Leftovers
|upkeep
|inactive|berioost has 120 seconds left.
|
|t:|1760792429
|switch|p2a: Ceruledge|Ceruledge, M|63/100 psn
|turn|20
|
|t:|1760792436
|move|p1a: Ceruledge|Shadow Sneak|p2a: Ceruledge
|-supereffective|p2a: Ceruledge
|-damage|p2a: Ceruledge|0 fnt
|faint|p2a: Ceruledge
|
|-heal|p1a: Ceruledge|96/100|[from] item: Leftovers
|upkeep
|
|t:|1760792442
|switch|p2a: Blaziken|Blaziken, M|100/100
|-status|p2a: Blaziken|psn
|turn|21
|
|t:|1760792458
|move|p2a: Blaziken|Protect|p2a: Blaziken
|-singleturn|p2a: Blaziken|Protect
|move|p1a: Ceruledge|Swords Dance|p1a: Ceruledge
|-boost|p1a: Ceruledge|atk|2
|
|-heal|p1a: Ceruledge|100/100|[from] item: Leftovers
|-damage|p2a: Blaziken|88/100 psn|[from] psn
|-ability|p2a: Blaziken|Speed Boost|boost
|-boost|p2a: Blaziken|spe|1
|upkeep
|turn|22
|
|t:|1760792473
|move|p1a: Ceruledge|Close Combat|p2a: Blaziken
|-damage|p2a: Blaziken|0 fnt
|-unboost|p1a: Ceruledge|def|1
|-unboost|p1a: Ceruledge|spd|1
|faint|p2a: Blaziken
|
|upkeep
|-message|berioost forfeited.
|
|win|AdventYasha
|raw|AdventYasha's rating: 1067 &rarr; <strong>1096</strong><br />(+29 for winning)
|raw|berioost's rating: 1054 &rarr; <strong>1037</strong><br />(-17 for losing)
|l|☆berioost
|player|p2|
|l|☆AdventYasha
|player|p1|
