|j|☆tbndepzai
|j|☆vryfast
|t:|1760782021
|gametype|singles
|player|p1|tbndepzai|102|1145
|player|p2|vryfast|169|1118
|gen|9
|tier|[Gen 9] OU
|rated|
|rule|HP Percentage Mod: HP is shown in percentages
|rule|Endless Battle Clause: Forcing endless battles is banned
|rule|Species Clause: Limit one of each Pokémon
|rule|OHKO Clause: OHKO moves are banned
|rule|Evasion Items Clause: Evasion items are banned
|rule|Evasion Moves Clause: Evasion moves are banned
|rule|Evasion Abilities Clause: Evasion abilities are banned
|rule|Sleep Moves Clause: Sleep-inducing moves are banned
|clearpoke
|poke|p1|Darkrai|
|poke|p1|Salazzle, F|
|poke|p1|Araquanid, M|
|poke|p1|Pineco, L1, F|
|poke|p1|Dragapult, F|
|poke|p1|Jolteon, M|
|poke|p2|Ivysaur, M|
|poke|p2|Ninetales, F|
|poke|p2|Walking Wake|
|poke|p2|Sandy Shocks|
|poke|p2|Deoxys-Defense|
|poke|p2|Wartortle, F|
|teampreview
|
|t:|1760782048
|teamsize|p1|6
|teamsize|p2|6
|start
|switch|p1a: Araquanid|Araquanid, M|100/100
|switch|p2a: Deoxys|Deoxys-Defense|100/100
|-ability|p2a: Deoxys|Pressure
|turn|1
|inactive|Battle timer is ON: inactive players will automatically lose when time's up. (requested by vryfast)
|
|t:|1760782064
|move|p2a: Deoxys|Stealth Rock|p1a: Araquanid
|-sidestart|p1: tbndepzai|move: Stealth Rock
|move|p1a: Araquanid|Sticky Web|p2a: Deoxys
|-sidestart|p2: vryfast|move: Sticky Web
|
|upkeep
|turn|2
|
|t:|1760782071
|move|p2a: Deoxys|Spikes|p1a: Araquanid
|-sidestart|p1: tbndepzai|Spikes
|move|p1a: Araquanid|Leech Life|p2a: Deoxys
|-supereffective|p2a: Deoxys
|-damage|p2a: Deoxys|56/100
|
|upkeep
|turn|3
|
|t:|1760782087
|move|p2a: Deoxys|Spikes|p1a: Araquanid
|-sidestart|p1: tbndepzai|Spikes
|move|p1a: Araquanid|Leech Life|p2a: Deoxys
|-supereffective|p2a: Deoxys
|-damage|p2a: Deoxys|19/100
|
|upkeep
|turn|4
|
|t:|1760782094
|move|p2a: Deoxys|Spikes|p1a: Araquanid
|-sidestart|p1: tbndepzai|Spikes
|move|p1a: Araquanid|Liquidation|p2a: Deoxys
|-damage|p2a: Deoxys|0 fnt
|faint|p2a: Deoxys
|
|upkeep
|
|t:|1760782111
|switch|p2a: Sandy Shocks|Sandy Shocks|100/100
|-activate|p2a: Sandy Shocks|move: Sticky Web
|-unboost|p2a: Sandy Shocks|spe|1
|turn|5
|
|t:|1760782122
|move|p2a: Sandy Shocks|Earthquake|p1a: Araquanid
|-resisted|p1a: Araquanid
|-damage|p1a: Araquanid|81/100
|-damage|p2a: Sandy Shocks|91/100|[from] item: Life Orb
|move|p1a: Araquanid|Liquidation|p2a: Sandy Shocks
|-supereffective|p2a: Sandy Shocks
|-damage|p2a: Sandy Shocks|0 fnt
|faint|p2a: Sandy Shocks
|-end|p2a: Sandy Shocks|Protosynthesis|[silent]
|
|upkeep
|
|t:|1760782134
|switch|p2a: Wartortle|Wartortle, F|100/100
|-activate|p2a: Wartortle|move: Sticky Web
|-unboost|p2a: Wartortle|spe|1
|turn|6
|
|t:|1760782143
|move|p1a: Araquanid|Poison Jab|p2a: Wartortle
|-damage|p2a: Wartortle|86/100
|move|p2a: Wartortle|Rapid Spin|p1a: Araquanid
|-damage|p1a: Araquanid|73/100
|-boost|p2a: Wartortle|spe|1
|-sideend|p2: vryfast|Sticky Web|[from] move: Rapid Spin|[of] p2a: Wartortle
|
|upkeep
|turn|7
|
|t:|1760782167
|switch|p2a: Ninetales|Ninetales, F|100/100
|-weather|SunnyDay|[from] ability: Drought|[of] p2a: Ninetales
|move|p1a: Araquanid|Leech Life|p2a: Ninetales
|-resisted|p2a: Ninetales
|-damage|p2a: Ninetales|81/100
|-heal|p1a: Araquanid|83/100|[from] drain|[of] p2a: Ninetales
|
|-weather|SunnyDay|[upkeep]
|upkeep
|turn|8
|
|t:|1760782186
|move|p2a: Ninetales|Memento|p1a: Araquanid
|-unboost|p1a: Araquanid|atk|2
|-unboost|p1a: Araquanid|spa|2
|faint|p2a: Ninetales
|move|p1a: Araquanid|Sticky Web|p2: Ninetales
|-sidestart|p2: vryfast|move: Sticky Web
|
|-weather|SunnyDay|[upkeep]
|upkeep
|
|t:|1760782194
|switch|p2a: Walking Wake|Walking Wake|100/100
|-activate|p2a: Walking Wake|move: Sticky Web
|-unboost|p2a: Walking Wake|spe|1
|-activate|p2a: Walking Wake|ability: Protosynthesis
|-start|p2a: Walking Wake|protosynthesisspa
|turn|9
|
|t:|1760782206
|switch|p1a: Salazzle|Salazzle, F|100/100
|-damage|p1a: Salazzle|76/100|[from] Stealth Rock
|-damage|p1a: Salazzle|51/100|[from] Spikes
|move|p2a: Walking Wake|Noble Roar|p1a: Salazzle
|-unboost|p1a: Salazzle|atk|1
|-unboost|p1a: Salazzle|spa|1
|-enditem|p2a: Walking Wake|Throat Spray
|-boost|p2a: Walking Wake|spa|1|[from] item: Throat Spray
|
|-weather|SunnyDay|[upkeep]
|-heal|p1a: Salazzle|57/100|[from] item: Leftovers
|upkeep
|turn|10
|
|t:|1760782223
|move|p1a: Salazzle|Toxic|p2a: Walking Wake
|-status|p2a: Walking Wake|tox
|move|p2a: Walking Wake|Hydro Steam|p1a: Salazzle
|-supereffective|p1a: Salazzle
|-damage|p1a: Salazzle|0 fnt
|faint|p1a: Salazzle
|
|-weather|SunnyDay|[upkeep]
|-damage|p2a: Walking Wake|94/100 tox|[from] psn
|upkeep
|
|t:|1760782231
|switch|p1a: Pineco|Pineco, L1, F|100/100
|turn|11
|
|t:|1760782236
|move|p2a: Walking Wake|Flamethrower|p1a: Pineco
|-supereffective|p1a: Pineco
|-ability|p1a: Pineco|Sturdy
|-damage|p1a: Pineco|9/100
|move|p1a: Pineco|Pain Split|p2a: Walking Wake
|-sethp|p2a: Walking Wake|48/100 tox|[from] move: Pain Split|[silent]
|-sethp|p1a: Pineco|100/100|[from] move: Pain Split
|
|-weather|SunnyDay|[upkeep]
|-damage|p2a: Walking Wake|35/100 tox|[from] psn
|upkeep
|turn|12
|
|t:|1760782246
|-terastallize|p2a: Walking Wake|Water
|move|p2a: Walking Wake|Hydro Steam|p1a: Pineco
|-ability|p1a: Pineco|Sturdy
|-damage|p1a: Pineco|9/100
|move|p1a: Pineco|Pain Split|p2a: Walking Wake
|-sethp|p2a: Walking Wake|18/100 tox|[from] move: Pain Split|[silent]
|-sethp|p1a: Pineco|100/100|[from] move: Pain Split
|
|-weather|SunnyDay|[upkeep]
|-damage|p2a: Walking Wake|0 fnt|[from] psn
|faint|p2a: Walking Wake
|-end|p2a: Walking Wake|Protosynthesis|[silent]
|upkeep
|
|t:|1760782257
|switch|p2a: Wartortle|Wartortle, F|86/100
|-activate|p2a: Wartortle|move: Sticky Web
|-unboost|p2a: Wartortle|spe|1
|turn|13
|
|t:|1760782265
|move|p2a: Wartortle|Rapid Spin|p1a: Pineco
|-ability|p1a: Pineco|Sturdy
|-damage|p1a: Pineco|9/100
|-boost|p2a: Wartortle|spe|1
|-sideend|p2: vryfast|Sticky Web|[from] move: Rapid Spin|[of] p2a: Wartortle
|move|p1a: Pineco|Pain Split|p2a: Wartortle
|-sethp|p2a: Wartortle|43/100|[from] move: Pain Split|[silent]
|-sethp|p1a: Pineco|100/100|[from] move: Pain Split
|
|-weather|SunnyDay|[upkeep]
|upkeep
|turn|14
|
|t:|1760782278
|switch|p1a: Dragapult|Dragapult, F|100/100
|move|p2a: Wartortle|Rapid Spin|p1a: Dragapult
|-immune|p1a: Dragapult
|
|-weather|none
|upkeep
|turn|15
|-message|vryfast forfeited.
|
|win|tbndepzai
|raw|tbndepzai's rating: 1145 &rarr; <strong>1168</strong><br />(+23 for winning)
|raw|vryfast's rating: 1118 &rarr; <strong>1095</strong><br />(-23 for losing)
|l|☆vryfast
|player|p2|
|l|☆tbndepzai
|player|p1|
