|j|☆lchhhhh
|j|☆Lottidotti20
|t:|1760865701
|gametype|singles
|player|p1|lchhhhh|volkner|1209
|player|p2|Lottidotti20|101|1241
|gen|9
|tier|[Gen 9] OU
|rated|
|rule|HP Percentage Mod: HP is shown in percentages
|rule|Endless Battle Clause: Forcing endless battles is banned
|rule|Species Clause: Limit one of each Pokémon
|rule|OHKO Clause: OHKO moves are banned
|rule|Evasion Items Clause: Evasion items are banned
|rule|Evasion Moves Clause: Evasion moves are banned
|rule|Evasion Abilities Clause: Evasion abilities are banned
|rule|Sleep Moves Clause: Sleep-inducing moves are banned
|clearpoke
|poke|p1|Alomomola, M|
|poke|p1|Landorus-Therian, M|
|poke|p1|Weavile, F|
|poke|p1|Corviknight, M|
|poke|p1|Dragapult, F|
|poke|p1|Clodsire, M|
|poke|p2|Kilowattrel, M|
|poke|p2|Pelipper, F|
|poke|p2|Walking Wake|
|poke|p2|Primarina, M|
|poke|p2|Basculegion, M|
|poke|p2|Iron Treads|
|teampreview
|
|t:|1760865713
|teamsize|p1|6
|teamsize|p2|6
|start
|switch|p1a: Dragapult|Dragapult, F|100/100
|switch|p2a: Pelipper|Pelipper, F|100/100
|-weather|RainDance|[from] ability: Drizzle|[of] p2a: Pelipper
|turn|1
|
|t:|1760865718
|switch|p2a: Iron Treads|Iron Treads|100/100
|move|p1a: Dragapult|Thunderbolt|p2a: Iron Treads
|-immune|p2a: Iron Treads
|
|-weather|RainDance|[upkeep]
|upkeep
|turn|2
|
|t:|1760865726
|switch|p1a: Corviknight|Corviknight, M|100/100
|move|p2a: Iron Treads|Knock Off|p1a: Corviknight
|-damage|p1a: Corviknight|80/100
|-damage|p2a: Iron Treads|84/100|[from] item: Rocky Helmet|[of] p1a: Corviknight
|-enditem|p1a: Corviknight|Rocky Helmet|[from] move: Knock Off|[of] p2a: Iron Treads
|
|-weather|RainDance|[upkeep]
|-heal|p2a: Iron Treads|90/100|[from] item: Leftovers
|upkeep
|turn|3
|
|t:|1760865731
|move|p2a: Iron Treads|Stealth Rock|p1a: Corviknight
|-sidestart|p1: lchhhhh|move: Stealth Rock
|move|p1a: Corviknight|Body Press|p2a: Iron Treads
|-supereffective|p2a: Iron Treads
|-damage|p2a: Iron Treads|50/100
|
|-weather|RainDance|[upkeep]
|-heal|p2a: Iron Treads|56/100|[from] item: Leftovers
|upkeep
|turn|4
|
|t:|1760865737
|-end|p2a: Iron Treads|Quark Drive|[silent]
|switch|p2a: Kilowattrel|Kilowattrel, M|100/100
|move|p1a: Corviknight|Defog|p2a: Kilowattrel
|-unboost|p2a: Kilowattrel|evasion|1
|-ability|p2a: Kilowattrel|Competitive|boost
|-boost|p2a: Kilowattrel|spa|2
|-sideend|p1: lchhhhh|Stealth Rock|[from] move: Defog|[of] p1a: Corviknight
|
|-weather|RainDance|[upkeep]
|upkeep
|turn|5
|
|t:|1760865750
|switch|p1a: Clodsire|Clodsire, M|100/100
|move|p2a: Kilowattrel|Weather Ball|p1a: Clodsire
|-immune|p1a: Clodsire|[from] ability: Water Absorb
|
|-weather|RainDance|[upkeep]
|upkeep
|turn|6
|
|t:|1760865759
|move|p2a: Kilowattrel|Hurricane|p1a: Clodsire
|-damage|p1a: Clodsire|38/100
|-damage|p2a: Kilowattrel|91/100|[from] item: Life Orb
|move|p1a: Clodsire|Toxic|p2a: Kilowattrel
|-status|p2a: Kilowattrel|tox
|
|-weather|RainDance|[upkeep]
|-heal|p1a: Clodsire|44/100|[from] item: Black Sludge
|-damage|p2a: Kilowattrel|84/100 tox|[from] psn
|upkeep
|turn|7
|
|t:|1760865768
|switch|p1a: Corviknight|Corviknight, M|80/100
|move|p2a: Kilowattrel|Hurricane|p1a: Corviknight
|-resisted|p1a: Corviknight
|-damage|p1a: Corviknight|30/100
|-damage|p2a: Kilowattrel|75/100 tox|[from] item: Life Orb
|
|-weather|RainDance|[upkeep]
|-damage|p2a: Kilowattrel|62/100 tox|[from] psn
|upkeep
|turn|8
|
|t:|1760865807
|switch|p1a: Clodsire|Clodsire, M|44/100
|move|p2a: Kilowattrel|Hurricane|p1a: Clodsire
|-damage|p1a: Clodsire|0 fnt
|faint|p1a: Clodsire
|-damage|p2a: Kilowattrel|52/100 tox|[from] item: Life Orb
|
|-weather|none
|-damage|p2a: Kilowattrel|34/100 tox|[from] psn
|upkeep
|
|t:|1760865815
|switch|p1a: Weavile|Weavile, F|100/100
|turn|9
|
|t:|1760865820
|switch|p2a: Pelipper|Pelipper, F|100/100
|-weather|RainDance|[from] ability: Drizzle|[of] p2a: Pelipper
|move|p1a: Weavile|Swords Dance|p1a: Weavile
|-boost|p1a: Weavile|atk|2
|
|-weather|RainDance|[upkeep]
|upkeep
|turn|10
|
|t:|1760865825
|move|p1a: Weavile|Knock Off|p2a: Pelipper
|-damage|p2a: Pelipper|28/100
|-enditem|p2a: Pelipper|Damp Rock|[from] move: Knock Off|[of] p1a: Weavile
|move|p2a: Pelipper|U-turn|p1a: Weavile
|-supereffective|p1a: Weavile
|-damage|p1a: Weavile|72/100
|
|t:|1760865829
|switch|p2a: Basculegion|Basculegion, M|100/100|[from] U-turn
|
|-weather|RainDance|[upkeep]
|upkeep
|turn|11
|
|t:|1760865836
|switch|p1a: Alomomola|Alomomola, M|100/100
|move|p2a: Basculegion|Flip Turn|p1a: Alomomola
|-resisted|p1a: Alomomola
|-damage|p1a: Alomomola|78/100
|
|t:|1760865839
|switch|p2a: Kilowattrel|Kilowattrel, M|34/100 tox|[from] Flip Turn
|
|-weather|RainDance|[upkeep]
|-heal|p1a: Alomomola|85/100|[from] item: Leftovers
|-damage|p2a: Kilowattrel|28/100 tox|[from] psn
|upkeep
|turn|12
|
|t:|1760865843
|move|p2a: Kilowattrel|Roost|p2a: Kilowattrel
|-heal|p2a: Kilowattrel|78/100 tox
|-singleturn|p2a: Kilowattrel|move: Roost
|move|p1a: Alomomola|Mirror Coat||[still]
|-fail|p1a: Alomomola
|
|-weather|RainDance|[upkeep]
|-heal|p1a: Alomomola|91/100|[from] item: Leftovers
|-damage|p2a: Kilowattrel|66/100 tox|[from] psn
|upkeep
|turn|13
|
|t:|1760865849
|move|p2a: Kilowattrel|Thunder|p1a: Alomomola
|-supereffective|p1a: Alomomola
|-crit|p1a: Alomomola
|-damage|p1a: Alomomola|0 fnt
|faint|p1a: Alomomola
|-damage|p2a: Kilowattrel|56/100 tox|[from] item: Life Orb
|
|-weather|RainDance|[upkeep]
|-damage|p2a: Kilowattrel|38/100 tox|[from] psn
|upkeep
|-message|lchhhhh forfeited.
|
|win|Lottidotti20
|raw|lchhhhh's rating: 1209 &rarr; <strong>1186</strong><br />(-23 for losing)
|raw|Lottidotti20's rating: 1241 &rarr; <strong>1264</strong><br />(+23 for winning)
|l|☆Lottidotti20
|player|p2|
|j|☆Lottidotti20
|player|p2|Lottidotti20|101|
|l|☆Lottidotti20
|player|p2|
|l|☆lchhhhh
|player|p1|
