|j|☆ChessDennis
|j|☆asphyxiuh
|t:|1760815156
|gametype|singles
|player|p1|ChessDennis|265|1330
|player|p2|asphyxiuh|n-masters|1368
|gen|9
|tier|[Gen 9] OU
|rated|
|rule|HP Percentage Mod: HP is shown in percentages
|rule|Endless Battle Clause: Forcing endless battles is banned
|rule|Species Clause: Limit one of each Pokémon
|rule|OHKO Clause: OHKO moves are banned
|rule|Evasion Items Clause: Evasion items are banned
|rule|Evasion Moves Clause: Evasion moves are banned
|rule|Evasion Abilities Clause: Evasion abilities are banned
|rule|Sleep Moves Clause: Sleep-inducing moves are banned
|clearpoke
|poke|p1|Garchomp, M|
|poke|p1|Walking Wake|
|poke|p1|Thundurus-Therian, M|
|poke|p1|Gholdengo|
|poke|p1|Clefable, M|
|poke|p1|Cinderace, F|
|poke|p2|Bellibolt, F|
|poke|p2|Rillaboom, M|
|poke|p2|Alomomola, M|
|poke|p2|Tinkaton, F|
|poke|p2|Great Tusk|
|poke|p2|Dragapult, M|
|teampreview
|inactive|Battle timer is ON: inactive players will automatically lose when time's up. (requested by asphyxiuh)
|
|t:|1760815181
|teamsize|p1|6
|teamsize|p2|6
|start
|switch|p1a: Thundurus|Thundurus-Therian, M|100/100
|switch|p2a: ASAC TANK SCHRADER|Great Tusk|100/100
|turn|1
|
|t:|1760815193
|-end|p2a: ASAC TANK SCHRADER|Protosynthesis|[silent]
|switch|p2a: METRO BOOMER|Rillaboom, M|100/100
|-fieldstart|move: Grassy Terrain|[from] ability: Grassy Surge|[of] p2a: METRO BOOMER
|-terastallize|p1a: Thundurus|Fairy
|move|p1a: Thundurus|Tera Blast|p2a: METRO BOOMER|[anim] Tera Blast Fairy
|-damage|p2a: METRO BOOMER|45/100
|
|-heal|p2a: METRO BOOMER|51/100|[from] Grassy Terrain
|upkeep
|turn|2
|
|t:|1760815205
|switch|p1a: Garchomp|Garchomp, M|100/100
|move|p2a: METRO BOOMER|Grassy Glide|p1a: Garchomp
|-damage|p1a: Garchomp|54/100
|-damage|p2a: METRO BOOMER|38/100|[from] ability: Rough Skin|[of] p1a: Garchomp
|-damage|p2a: METRO BOOMER|22/100|[from] item: Rocky Helmet|[of] p1a: Garchomp
|
|-heal|p1a: Garchomp|60/100|[from] Grassy Terrain
|-heal|p2a: METRO BOOMER|28/100|[from] Grassy Terrain
|upkeep
|turn|3
|
|t:|1760815225
|switch|p2a: SHAMONEAMOLA|Alomomola, M|100/100
|move|p1a: Garchomp|Stealth Rock|p2a: SHAMONEAMOLA
|-sidestart|p2: asphyxiuh|move: Stealth Rock
|
|-heal|p1a: Garchomp|66/100|[from] Grassy Terrain
|upkeep
|turn|4
|
|t:|1760815235
|move|p1a: Garchomp|Spikes|p2a: SHAMONEAMOLA
|-sidestart|p2: asphyxiuh|Spikes
|move|p2a: SHAMONEAMOLA|Wish|p2a: SHAMONEAMOLA
|
|-heal|p1a: Garchomp|72/100|[from] Grassy Terrain
|upkeep
|turn|5
|
|t:|1760815238
|move|p1a: Garchomp|Spikes|p2a: SHAMONEAMOLA
|-sidestart|p2: asphyxiuh|Spikes
|move|p2a: SHAMONEAMOLA|Flip Turn|p1a: Garchomp
|-damage|p1a: Garchomp|59/100
|-damage|p2a: SHAMONEAMOLA|88/100|[from] ability: Rough Skin|[of] p1a: Garchomp
|-damage|p2a: SHAMONEAMOLA|72/100|[from] item: Rocky Helmet|[of] p1a: Garchomp
|
|t:|1760815244
|switch|p2a: METRO BOOMER|Rillaboom, M|28/100|[from] Flip Turn
|-damage|p2a: METRO BOOMER|15/100|[from] Stealth Rock
|-damage|p2a: METRO BOOMER|0 fnt|[from] Spikes
|faint|p2a: METRO BOOMER
|
|-heal|p1a: Garchomp|65/100|[from] Grassy Terrain
|-fieldend|move: Grassy Terrain
|upkeep
|
|t:|1760815259
|switch|p2a: ASAC TANK SCHRADER|Great Tusk|100/100
|turn|6
|
|t:|1760815265
|move|p2a: ASAC TANK SCHRADER|Headlong Rush|p1a: Garchomp
|-damage|p1a: Garchomp|9/100
|-unboost|p2a: ASAC TANK SCHRADER|def|1
|-unboost|p2a: ASAC TANK SCHRADER|spd|1
|-damage|p2a: ASAC TANK SCHRADER|88/100|[from] ability: Rough Skin|[of] p1a: Garchomp
|-damage|p2a: ASAC TANK SCHRADER|72/100|[from] item: Rocky Helmet|[of] p1a: Garchomp
|move|p1a: Garchomp|Draco Meteor|p2a: ASAC TANK SCHRADER
|-crit|p2a: ASAC TANK SCHRADER
|-damage|p2a: ASAC TANK SCHRADER|0 fnt
|-unboost|p1a: Garchomp|spa|2
|faint|p2a: ASAC TANK SCHRADER
|-end|p2a: ASAC TANK SCHRADER|Protosynthesis|[silent]
|
|upkeep
|inactive|asphyxiuh has 120 seconds left.
|
|t:|1760815297
|switch|p2a: Hasan's dog|Bellibolt, F|100/100
|turn|7
|
|t:|1760815300
|move|p1a: Garchomp|Spikes|p2a: Hasan's dog
|-sidestart|p2: asphyxiuh|Spikes
|move|p2a: Hasan's dog|Soak|p1a: Garchomp
|-start|p1a: Garchomp|typechange|Water
|
|upkeep
|turn|8
|
|t:|1760815305
|move|p1a: Garchomp|Earthquake|p2a: Hasan's dog
|-supereffective|p2a: Hasan's dog
|-damage|p2a: Hasan's dog|50/100
|-start|p2a: Hasan's dog|Charge|Earthquake|[from] ability: Electromorphosis
|move|p2a: Hasan's dog|Discharge|p1a: Garchomp
|-supereffective|p1a: Garchomp
|-damage|p1a: Garchomp|0 fnt
|faint|p1a: Garchomp
|-end|p2a: Hasan's dog|Charge|[silent]
|
|upkeep
|
|t:|1760815309
|switch|p1a: Cinderace|Cinderace, F|100/100
|turn|9
|
|t:|1760815316
|move|p1a: Cinderace|Sunny Day|p1a: Cinderace
|-weather|SunnyDay
|move|p2a: Hasan's dog|Slack Off|p2a: Hasan's dog
|-heal|p2a: Hasan's dog|99/100
|
|-weather|SunnyDay|[upkeep]
|upkeep
|turn|10
|
|t:|1760815320
|move|p1a: Cinderace|Pyro Ball|p2a: Hasan's dog
|-damage|p2a: Hasan's dog|27/100
|-start|p2a: Hasan's dog|Charge|Pyro Ball|[from] ability: Electromorphosis
|move|p2a: Hasan's dog|Soak|p1a: Cinderace
|-start|p1a: Cinderace|typechange|Water
|
|-weather|SunnyDay|[upkeep]
|upkeep
|turn|11
|
|t:|1760815337
|switch|p2a: SHAMONEAMOLA|Alomomola, M|100/100
|move|p1a: Cinderace|Pyro Ball|p2a: SHAMONEAMOLA
|-resisted|p2a: SHAMONEAMOLA
|-damage|p2a: SHAMONEAMOLA|82/100
|
|-weather|SunnyDay|[upkeep]
|upkeep
|turn|12
|
|t:|1760815347
|switch|p1a: Walking Wake|Walking Wake|100/100
|-activate|p1a: Walking Wake|ability: Protosynthesis
|-start|p1a: Walking Wake|protosynthesisspe
|move|p2a: SHAMONEAMOLA|Tickle|p1a: Walking Wake
|-unboost|p1a: Walking Wake|atk|1
|-unboost|p1a: Walking Wake|def|1
|
|-weather|SunnyDay|[upkeep]
|upkeep
|turn|13
|
|t:|1760815354
|move|p1a: Walking Wake|Knock Off|p2a: SHAMONEAMOLA
|-crit|p2a: SHAMONEAMOLA
|-damage|p2a: SHAMONEAMOLA|68/100
|-enditem|p2a: SHAMONEAMOLA|Heavy-Duty Boots|[from] move: Knock Off|[of] p1a: Walking Wake
|move|p2a: SHAMONEAMOLA|Flip Turn|p1a: Walking Wake
|-resisted|p1a: Walking Wake
|-damage|p1a: Walking Wake|97/100
|
|t:|1760815363
|switch|p2a: RAGNAROK|Tinkaton, F|100/100|[from] Flip Turn
|-damage|p2a: RAGNAROK|94/100|[from] Stealth Rock
|-item|p2a: RAGNAROK|Air Balloon
|
|-weather|none
|-end|p1a: Walking Wake|Protosynthesis
|upkeep
|turn|14
|
|t:|1760815366
|move|p1a: Walking Wake|Hydro Steam|p2a: RAGNAROK
|-damage|p2a: RAGNAROK|60/100
|-enditem|p2a: RAGNAROK|Air Balloon
|move|p2a: RAGNAROK|Thunder Wave|p1a: Walking Wake
|-status|p1a: Walking Wake|par
|
|upkeep
|turn|15
|
|t:|1760815387
|switch|p2a: SHAMONEAMOLA|Alomomola, M|100/100
|-damage|p2a: SHAMONEAMOLA|88/100|[from] Stealth Rock
|-damage|p2a: SHAMONEAMOLA|63/100|[from] Spikes
|move|p1a: Walking Wake|Sunny Day|p1a: Walking Wake
|-weather|SunnyDay
|-activate|p1a: Walking Wake|ability: Protosynthesis
|-start|p1a: Walking Wake|protosynthesisspe
|
|-weather|SunnyDay|[upkeep]
|upkeep
|turn|16
|
|t:|1760815404
|cant|p1a: Walking Wake|par
|move|p2a: SHAMONEAMOLA|Wish|p2a: SHAMONEAMOLA
|
|-weather|SunnyDay|[upkeep]
|upkeep
|turn|17
|
|t:|1760815412
|move|p2a: SHAMONEAMOLA|Protect|p2a: SHAMONEAMOLA
|-singleturn|p2a: SHAMONEAMOLA|Protect
|cant|p1a: Walking Wake|par
|
|-weather|SunnyDay|[upkeep]
|-heal|p2a: SHAMONEAMOLA|100/100|[from] move: Wish|[wisher] SHAMONEAMOLA
|upkeep
|turn|18
|
|t:|1760815418
|move|p1a: Walking Wake|Hydro Steam|p2a: SHAMONEAMOLA
|-resisted|p2a: SHAMONEAMOLA
|-damage|p2a: SHAMONEAMOLA|66/100
|move|p2a: SHAMONEAMOLA|Wish|p2a: SHAMONEAMOLA
|
|-weather|SunnyDay|[upkeep]
|upkeep
|turn|19
|
|t:|1760815423
|move|p1a: Walking Wake|Hydro Steam|p2a: SHAMONEAMOLA
|-resisted|p2a: SHAMONEAMOLA
|-damage|p2a: SHAMONEAMOLA|34/100
|move|p2a: SHAMONEAMOLA|Flip Turn|p1a: Walking Wake
|-resisted|p1a: Walking Wake
|-damage|p1a: Walking Wake|94/100 par
|
|t:|1760815429
|switch|p2a: Hasan's dog|Bellibolt, F|27/100|[from] Flip Turn
|
|-weather|none
|-end|p1a: Walking Wake|Protosynthesis
|-heal|p2a: Hasan's dog|83/100|[from] move: Wish|[wisher] SHAMONEAMOLA
|upkeep
|turn|20
|
|t:|1760815439
|cant|p1a: Walking Wake|par
|move|p2a: Hasan's dog|Discharge|p1a: Walking Wake
|-damage|p1a: Walking Wake|62/100 par
|
|upkeep
|turn|21
|
|t:|1760815446
|cant|p1a: Walking Wake|par
|move|p2a: Hasan's dog|Discharge|p1a: Walking Wake
|-damage|p1a: Walking Wake|29/100 par
|
|upkeep
|turn|22
|
|t:|1760815456
|move|p1a: Walking Wake|Knock Off|p2a: Hasan's dog
|-damage|p2a: Hasan's dog|74/100
|-start|p2a: Hasan's dog|Charge|Knock Off|[from] ability: Electromorphosis
|-enditem|p2a: Hasan's dog|Heavy-Duty Boots|[from] move: Knock Off|[of] p1a: Walking Wake
|move|p2a: Hasan's dog|Discharge|p1a: Walking Wake
|-damage|p1a: Walking Wake|0 fnt
|faint|p1a: Walking Wake
|-end|p1a: Walking Wake|Protosynthesis|[silent]
|-end|p2a: Hasan's dog|Charge|[silent]
|
|upkeep
|
|t:|1760815473
|switch|p1a: Cinderace|Cinderace, F|100/100
|turn|23
|
|t:|1760815481
|move|p1a: Cinderace|Sunny Day|p1a: Cinderace
|-weather|SunnyDay
|move|p2a: Hasan's dog|Discharge|p1a: Cinderace
|-damage|p1a: Cinderace|61/100
|-status|p1a: Cinderace|par
|
|-weather|SunnyDay|[upkeep]
|upkeep
|turn|24
|
|t:|1760815492
|move|p1a: Cinderace|Pyro Ball|p2a: Hasan's dog
|-damage|p2a: Hasan's dog|3/100
|-start|p2a: Hasan's dog|Charge|Pyro Ball|[from] ability: Electromorphosis
|move|p2a: Hasan's dog|Discharge|p1a: Cinderace
|-damage|p1a: Cinderace|0 fnt
|faint|p1a: Cinderace
|-end|p2a: Hasan's dog|Charge|[silent]
|
|-weather|SunnyDay|[upkeep]
|upkeep
|
|t:|1760815496
|switch|p1a: Thundurus|Thundurus-Therian, M, tera:Fairy|100/100
|turn|25
|
|t:|1760815506
|switch|p2a: RAGNAROK|Tinkaton, F|60/100
|-damage|p2a: RAGNAROK|54/100|[from] Stealth Rock
|-damage|p2a: RAGNAROK|29/100|[from] Spikes
|move|p1a: Thundurus|Volt Switch|p2a: RAGNAROK
|-damage|p2a: RAGNAROK|3/100
|
|t:|1760815509
|switch|p1a: Gholdengo|Gholdengo|100/100|[from] Volt Switch
|
|-weather|SunnyDay|[upkeep]
|upkeep
|turn|26
|
|t:|1760815518
|move|p1a: Gholdengo|Shadow Ball|p2a: RAGNAROK
|-damage|p2a: RAGNAROK|0 fnt
|faint|p2a: RAGNAROK
|
|-weather|SunnyDay|[upkeep]
|upkeep
|
|t:|1760815521
|switch|p2a: NIGHTWING|Dragapult, M|100/100
|-damage|p2a: NIGHTWING|88/100|[from] Stealth Rock
|-damage|p2a: NIGHTWING|63/100|[from] Spikes
|turn|27
|
|t:|1760815533
|move|p2a: NIGHTWING|Shadow Ball|p1a: Gholdengo
|-supereffective|p1a: Gholdengo
|-damage|p1a: Gholdengo|0 fnt
|faint|p1a: Gholdengo
|
|-weather|none
|upkeep
|
|t:|1760815535
|switch|p1a: Clefable|Clefable, M|100/100
|turn|28
|
|t:|1760815551
|move|p2a: NIGHTWING|Shadow Ball|p1a: Clefable
|-damage|p1a: Clefable|54/100
|-unboost|p1a: Clefable|spd|1
|move|p1a: Clefable|Moonblast|p2a: NIGHTWING
|-supereffective|p2a: NIGHTWING
|-damage|p2a: NIGHTWING|0 fnt
|faint|p2a: NIGHTWING
|
|upkeep
|
|t:|1760815560
|switch|p2a: SHAMONEAMOLA|Alomomola, M|67/100
|-damage|p2a: SHAMONEAMOLA|55/100|[from] Stealth Rock
|-damage|p2a: SHAMONEAMOLA|30/100|[from] Spikes
|turn|29
|
|t:|1760815567
|move|p1a: Clefable|Moonblast|p2a: SHAMONEAMOLA
|-damage|p2a: SHAMONEAMOLA|0 fnt
|faint|p2a: SHAMONEAMOLA
|
|upkeep
|
|t:|1760815569
|switch|p2a: Hasan's dog|Bellibolt, F|3/100
|-damage|p2a: Hasan's dog|0 fnt|[from] Stealth Rock
|faint|p2a: Hasan's dog
|
|win|ChessDennis
|raw|ChessDennis's rating: 1330 &rarr; <strong>1352</strong><br />(+22 for winning)
|raw|asphyxiuh's rating: 1368 &rarr; <strong>1346</strong><br />(-22 for losing)
|l|☆asphyxiuh
|player|p2|
|l|☆ChessDennis
|player|p1|
