|j|☆Bap1223
|j|☆iano12987
|t:|1760819528
|gametype|singles
|player|p1|Bap1223|gambler|
|player|p2|iano12987|lucas|
|gen|9
|tier|[Gen 9] OU
|rule|HP Percentage Mod: HP is shown in percentages
|rule|Endless Battle Clause: Forcing endless battles is banned
|rule|Species Clause: Limit one of each Pokémon
|rule|OHKO Clause: OHKO moves are banned
|rule|Evasion Items Clause: Evasion items are banned
|rule|Evasion Moves Clause: Evasion moves are banned
|rule|Evasion Abilities Clause: Evasion abilities are banned
|rule|Sleep Moves Clause: Sleep-inducing moves are banned
|clearpoke
|poke|p1|Heatran, F|
|poke|p1|Garganacl, M|
|poke|p1|Decidueye-Hisui, F|
|poke|p1|Ting-Lu|
|poke|p1|Dragonite, M|
|poke|p1|Dragalge, M|
|poke|p2|Glimmora, M|
|poke|p2|Quaquaval, F|
|poke|p2|Azumarill, M|
|poke|p2|Greninja-*, M|
|poke|p2|Dondozo, M|
|poke|p2|Walking Wake|
|teampreview
|j| lethsov
|j| maneki uwu
|c| maneki uwu|bap je t'aime
|c|☆Bap1223|GL HF
|c|☆Bap1223|wow
|
|t:|1760819576
|teamsize|p1|6
|teamsize|p2|6
|start
|switch|p1a: Brun bien coulant|Heatran, F|100/100
|switch|p2a: Fion|Glimmora, M|100/100
|turn|1
|c| maneki uwu|>_<
|
|t:|1760819628
|move|p2a: Fion|Stealth Rock|p1a: Brun bien coulant
|-sidestart|p1: Bap1223|move: Stealth Rock
|move|p1a: Brun bien coulant|Magma Storm|p2a: Fion
|-resisted|p2a: Fion
|-damage|p2a: Fion|79/100
|-activate|p2a: Fion|move: Magma Storm|[of] p1a: Brun bien coulant
|
|-damage|p2a: Fion|67/100|[from] move: Magma Storm|[partiallytrapped]
|upkeep
|turn|2
|c| maneki uwu|en tout cas les noms son liés
|
|t:|1760819636
|move|p2a: Fion|Earth Power|p1a: Brun bien coulant
|-supereffective|p1a: Brun bien coulant
|-damage|p1a: Brun bien coulant|36/100
|move|p1a: Brun bien coulant|Earth Power|p2a: Fion
|-supereffective|p2a: Fion
|-damage|p2a: Fion|0 fnt
|faint|p2a: Fion
|
|-heal|p1a: Brun bien coulant|42/100|[from] item: Leftovers
|upkeep
|
|t:|1760819658
|switch|p2a: Crazy Frog|Greninja, M|100/100
|turn|3
|c| maneki uwu|bap si tu gagne encore je te demande en mariage
|
|t:|1760819683
|switch|p1a: Brun bien visqueux|Dragalge, M|100/100
|-damage|p1a: Brun bien visqueux|88/100|[from] Stealth Rock
|move|p2a: Crazy Frog|Surf|p1a: Brun bien visqueux
|-start|p2a: Crazy Frog|typechange|Water|[from] ability: Protean
|-resisted|p1a: Brun bien visqueux
|-damage|p1a: Brun bien visqueux|62/100
|
|-heal|p1a: Brun bien visqueux|68/100|[from] item: Leftovers
|upkeep
|turn|4
|c|☆Bap1223|wow carrement
|c| maneki uwu|bah oui pourquoi
|
|t:|1760819703
|switch|p2a: Suicoune|Walking Wake|100/100
|-enditem|p2a: Suicoune|Booster Energy
|-activate|p2a: Suicoune|ability: Protosynthesis|[fromitem]
|-start|p2a: Suicoune|protosynthesisspa
|move|p1a: Brun bien visqueux|Draco Meteor|p2a: Suicoune
|-supereffective|p2a: Suicoune
|-damage|p2a: Suicoune|0 fnt
|-unboost|p1a: Brun bien visqueux|spa|2
|faint|p2a: Suicoune
|-end|p2a: Suicoune|Protosynthesis|[silent]
|
|-heal|p1a: Brun bien visqueux|74/100|[from] item: Leftovers
|upkeep
|c| maneki uwu|allerrrr
|
|t:|1760819716
|switch|p2a: Swip|Azumarill, M|100/100
|turn|5
|c|☆Bap1223|je me focus alors
|
|t:|1760819725
|switch|p1a: Brun bien coulant|Heatran, F|42/100
|-damage|p1a: Brun bien coulant|30/100|[from] Stealth Rock
|move|p2a: Swip|Play Rough|p1a: Brun bien coulant
|-resisted|p1a: Brun bien coulant
|-damage|p1a: Brun bien coulant|19/100
|
|-heal|p1a: Brun bien coulant|25/100|[from] item: Leftovers
|upkeep
|turn|6
|c| maneki uwu|^^
|c|☆Bap1223|ya une demande en mariage
|
|t:|1760819737
|move|p1a: Brun bien coulant|Will-O-Wisp|p2a: Swip
|-status|p2a: Swip|brn
|move|p2a: Swip|Liquidation|p1a: Brun bien coulant
|-supereffective|p1a: Brun bien coulant
|-damage|p1a: Brun bien coulant|0 fnt
|faint|p1a: Brun bien coulant
|
|-damage|p2a: Swip|94/100 brn|[from] brn
|upkeep
|
|t:|1760819747
|switch|p1a: Brun papierQ|Decidueye-Hisui, F|100/100
|-damage|p1a: Brun papierQ|95/100|[from] Stealth Rock
|turn|7
|c|☆Bap1223|En vrai sympa la mono eau
|c| maneki uwu|y'a pas de rain c'est marrant
|
|t:|1760819798
|move|p1a: Brun papierQ|Leaf Blade|p2a: Swip
|-supereffective|p2a: Swip
|-damage|p2a: Swip|0 fnt
|faint|p2a: Swip
|
|upkeep
|
|t:|1760819804
|switch|p2a: Crazy Frog|Greninja, M|100/100
|turn|8
|
|t:|1760819810
|move|p1a: Brun papierQ|Leaf Blade|p2a: Crazy Frog
|-supereffective|p2a: Crazy Frog
|-damage|p2a: Crazy Frog|0 fnt
|faint|p2a: Crazy Frog
|
|upkeep
|
|t:|1760819816
|switch|p2a: Wailord BIS|Dondozo, M|100/100
|turn|9
|c| maneki uwu|omg bap..
|
|t:|1760819827
|switch|p1a: Brun bien visqueux|Dragalge, M|74/100
|-damage|p1a: Brun bien visqueux|62/100|[from] Stealth Rock
|move|p2a: Wailord BIS|Avalanche|p1a: Brun bien visqueux
|-supereffective|p1a: Brun bien visqueux
|-damage|p1a: Brun bien visqueux|39/100
|
|-heal|p1a: Brun bien visqueux|45/100|[from] item: Leftovers
|upkeep
|turn|10
|
|t:|1760819836
|move|p1a: Brun bien visqueux|Sludge Bomb|p2a: Wailord BIS
|-damage|p2a: Wailord BIS|64/100
|-status|p2a: Wailord BIS|psn
|move|p2a: Wailord BIS|Avalanche|p1a: Brun bien visqueux
|-supereffective|p1a: Brun bien visqueux
|-damage|p1a: Brun bien visqueux|0 fnt
|faint|p1a: Brun bien visqueux
|
|-heal|p2a: Wailord BIS|71/100 psn|[from] item: Leftovers
|-damage|p2a: Wailord BIS|58/100 psn|[from] psn
|upkeep
|
|t:|1760819842
|switch|p1a: Brun bien dur|Garganacl, M|100/100
|-damage|p1a: Brun bien dur|88/100|[from] Stealth Rock
|turn|11
|
|t:|1760819849
|move|p2a: Wailord BIS|Rest|p2a: Wailord BIS
|-status|p2a: Wailord BIS|slp|[from] move: Rest
|-heal|p2a: Wailord BIS|100/100 slp|[silent]
|move|p1a: Brun bien dur|Salt Cure|p2a: Wailord BIS
|-damage|p2a: Wailord BIS|94/100 slp
|-start|p2a: Wailord BIS|Salt Cure
|
|-heal|p2a: Wailord BIS|99/100 slp|[from] item: Leftovers
|-heal|p1a: Brun bien dur|94/100|[from] item: Leftovers
|-damage|p2a: Wailord BIS|75/100 slp|[from] Salt Cure
|upkeep
|turn|12
|
|t:|1760819863
|cant|p2a: Wailord BIS|slp
|move|p2a: Wailord BIS|Sleep Talk|p2a: Wailord BIS
|move|p2a: Wailord BIS|Avalanche|p1a: Brun bien dur|[from] move: Sleep Talk
|-damage|p1a: Brun bien dur|85/100
|move|p1a: Brun bien dur|Salt Cure|p2a: Wailord BIS
|-damage|p2a: Wailord BIS|69/100 slp
|
|-heal|p2a: Wailord BIS|75/100 slp|[from] item: Leftovers
|-heal|p1a: Brun bien dur|92/100|[from] item: Leftovers
|-damage|p2a: Wailord BIS|50/100 slp|[from] Salt Cure
|upkeep
|turn|13
|
|t:|1760819878
|cant|p2a: Wailord BIS|slp
|move|p2a: Wailord BIS|Sleep Talk|p2a: Wailord BIS
|move|p2a: Wailord BIS|Avalanche|p1a: Brun bien dur|[from] move: Sleep Talk
|-damage|p1a: Brun bien dur|83/100
|move|p1a: Brun bien dur|Salt Cure|p2a: Wailord BIS
|-damage|p2a: Wailord BIS|44/100 slp
|
|-heal|p2a: Wailord BIS|50/100 slp|[from] item: Leftovers
|-heal|p1a: Brun bien dur|89/100|[from] item: Leftovers
|-damage|p2a: Wailord BIS|25/100 slp|[from] Salt Cure
|upkeep
|turn|14
|
|t:|1760819889
|switch|p1a: Brun papierQ|Decidueye-Hisui, F|95/100
|-damage|p1a: Brun papierQ|89/100|[from] Stealth Rock
|-curestatus|p2a: Wailord BIS|slp|[msg]
|move|p2a: Wailord BIS|Rest|p2a: Wailord BIS
|-status|p2a: Wailord BIS|slp|[from] move: Rest
|-heal|p2a: Wailord BIS|100/100 slp|[silent]
|
|-damage|p2a: Wailord BIS|75/100 slp|[from] Salt Cure
|upkeep
|turn|15
|
|t:|1760819910
|move|p1a: Brun papierQ|Leaf Blade|p2a: Wailord BIS
|-supereffective|p2a: Wailord BIS
|-damage|p2a: Wailord BIS|39/100 slp
|cant|p2a: Wailord BIS|slp
|move|p2a: Wailord BIS|Sleep Talk|p2a: Wailord BIS
|move|p2a: Wailord BIS|Waterfall|p1a: Brun papierQ|[from] move: Sleep Talk
|-resisted|p1a: Brun papierQ
|-damage|p1a: Brun papierQ|70/100
|
|-heal|p2a: Wailord BIS|46/100 slp|[from] item: Leftovers
|-damage|p2a: Wailord BIS|21/100 slp|[from] Salt Cure
|upkeep
|turn|16
|
|t:|1760819924
|move|p1a: Brun papierQ|Leaf Blade|p2a: Wailord BIS
|-supereffective|p2a: Wailord BIS
|-crit|p2a: Wailord BIS
|-damage|p2a: Wailord BIS|0 fnt
|faint|p2a: Wailord BIS
|
|upkeep
|
|t:|1760819930
|switch|p2a: Canar WC|Quaquaval, F|100/100
|turn|17
|
|t:|1760819944
|-terastallize|p2a: Canar WC|Water
|move|p1a: Brun papierQ|Leaf Blade|p2a: Canar WC
|-supereffective|p2a: Canar WC
|-damage|p2a: Canar WC|0 fnt
|faint|p2a: Canar WC
|
|win|Bap1223
|c|☆Bap1223|GG !
|l|☆Bap1223
|player|p1|
