|j|☆receptus
|j|☆ghidorahstan69
|t:|1760718809
|gametype|singles
|player|p1|receptus|yellow|1532
|player|p2|ghidorahstan69|ingo|1455
|gen|9
|tier|[Gen 9] OU
|rated|
|rule|HP Percentage Mod: HP is shown in percentages
|rule|Endless Battle Clause: Forcing endless battles is banned
|rule|Species Clause: Limit one of each Pokémon
|rule|OHKO Clause: OHKO moves are banned
|rule|Evasion Items Clause: Evasion items are banned
|rule|Evasion Moves Clause: Evasion moves are banned
|rule|Evasion Abilities Clause: Evasion abilities are banned
|rule|Sleep Moves Clause: Sleep-inducing moves are banned
|clearpoke
|poke|p1|Kyurem|
|poke|p1|Alomomola, F|
|poke|p1|Goodra-Hisui, F|
|poke|p1|Cinderace, F|
|poke|p1|Dragapult, F|
|poke|p1|Landorus-Therian, M|
|poke|p2|Gholdengo|
|poke|p2|Scizor, F|
|poke|p2|Kyurem|
|poke|p2|Landorus-Therian, M|
|poke|p2|Heatran, F|
|poke|p2|Kingambit, F|
|teampreview
|inactive|Battle timer is ON: inactive players will automatically lose when time's up. (requested by ghidorahstan69)
|inactive|receptus has 120 seconds left.
|
|t:|1760718841
|teamsize|p1|6
|teamsize|p2|6
|start
|switch|p1a: Dragapult|Dragapult, F|100/100
|switch|p2a: Kyurem|Kyurem|100/100
|-ability|p2a: Kyurem|Pressure
|turn|1
|
|t:|1760718849
|move|p2a: Kyurem|Draco Meteor|p1a: Dragapult
|-supereffective|p1a: Dragapult
|-damage|p1a: Dragapult|0 fnt
|-unboost|p2a: Kyurem|spa|2
|faint|p1a: Dragapult
|
|upkeep
|
|t:|1760718865
|switch|p1a: Alomomola|Alomomola, F|100/100
|turn|2
|
|t:|1760718870
|switch|p2a: Scizor|Scizor, F|100/100
|move|p1a: Alomomola|Flip Turn|p2a: Scizor
|-damage|p2a: Scizor|84/100
|
|t:|1760718887
|switch|p1a: Cinderace|Cinderace, F|100/100|[from] Flip Turn
|
|upkeep
|turn|3
|
|t:|1760718892
|switch|p2a: Heatran|Heatran, F|100/100
|move|p1a: Cinderace|U-turn|p2a: Heatran
|-start|p1a: Cinderace|typechange|Bug|[from] ability: Libero
|-resisted|p2a: Heatran
|-damage|p2a: Heatran|94/100
|
|t:|1760718895
|switch|p1a: Landorus|Landorus-Therian, M|100/100|[from] U-turn
|-ability|p1a: Landorus|Intimidate|boost
|-unboost|p2a: Heatran|atk|1
|
|upkeep
|turn|4
|
|t:|1760718899
|switch|p2a: Landorus|Landorus-Therian, M|100/100
|-ability|p2a: Landorus|Intimidate|boost
|-unboost|p1a: Landorus|atk|1
|move|p1a: Landorus|Earthquake|p2a: Landorus
|-immune|p2a: Landorus
|
|upkeep
|turn|5
|
|t:|1760718901
|switch|p1a: Alomomola|Alomomola, F|100/100
|move|p2a: Landorus|Taunt|p1a: Alomomola
|-start|p1a: Alomomola|move: Taunt
|
|upkeep
|turn|6
|
|t:|1760718903
|move|p2a: Landorus|Stealth Rock|p1a: Alomomola
|-sidestart|p1: receptus|move: Stealth Rock
|move|p1a: Alomomola|Flip Turn|p2a: Landorus
|-supereffective|p2a: Landorus
|-crit|p2a: Landorus
|-damage|p2a: Landorus|42/100
|-damage|p1a: Alomomola|84/100|[from] item: Rocky Helmet|[of] p2a: Landorus
|
|t:|1760718907
|switch|p1a: Kyurem|Kyurem|100/100|[from] Flip Turn
|-damage|p1a: Kyurem|75/100|[from] Stealth Rock
|-ability|p1a: Kyurem|Pressure
|
|-heal|p1a: Kyurem|82/100|[from] item: Leftovers
|upkeep
|turn|7
|
|t:|1760718912
|move|p1a: Kyurem|Substitute|p1a: Kyurem
|-start|p1a: Kyurem|Substitute
|-damage|p1a: Kyurem|57/100
|move|p2a: Landorus|Stone Edge|p1a: Kyurem|[miss]
|-miss|p2a: Landorus|p1a: Kyurem
|
|-heal|p1a: Kyurem|63/100|[from] item: Leftovers
|upkeep
|turn|8
|
|t:|1760718915
|move|p1a: Kyurem|Protect|p1a: Kyurem
|-singleturn|p1a: Kyurem|Protect
|move|p2a: Landorus|U-turn|p1a: Kyurem
|-activate|p1a: Kyurem|move: Protect
|
|-heal|p1a: Kyurem|69/100|[from] item: Leftovers
|upkeep
|turn|9
|
|t:|1760718917
|move|p1a: Kyurem|Icicle Spear|p2a: Landorus
|-supereffective|p2a: Landorus
|-damage|p2a: Landorus|0 fnt
|faint|p2a: Landorus
|-hitcount|p2: Landorus|1
|
|-heal|p1a: Kyurem|75/100|[from] item: Leftovers
|upkeep
|
|t:|1760718919
|switch|p2a: Scizor|Scizor, F|84/100
|turn|10
|
|t:|1760718931
|move|p1a: Kyurem|Protect|p1a: Kyurem
|-singleturn|p1a: Kyurem|Protect
|move|p2a: Scizor|Bullet Punch|p1a: Kyurem
|-activate|p1a: Kyurem|move: Protect
|
|-heal|p1a: Kyurem|81/100|[from] item: Leftovers
|upkeep
|turn|11
|
|t:|1760718934
|switch|p1a: Alomomola|Alomomola, F|100/100
|move|p2a: Scizor|Close Combat|p1a: Alomomola
|-damage|p1a: Alomomola|76/100
|-unboost|p2a: Scizor|def|1
|-unboost|p2a: Scizor|spd|1
|
|upkeep
|turn|12
|
|t:|1760718938
|move|p2a: Scizor|U-turn|p1a: Alomomola
|-damage|p1a: Alomomola|55/100
|
|t:|1760718941
|switch|p2a: Heatran|Heatran, F|94/100|[from] U-turn
|move|p1a: Alomomola|Flip Turn|p2a: Heatran
|-supereffective|p2a: Heatran
|-damage|p2a: Heatran|67/100
|inactive|receptus has 120 seconds left.
|
|t:|1760718986
|switch|p1a: Cinderace|Cinderace, F|100/100|[from] Flip Turn
|
|upkeep
|turn|13
|
|t:|1760718992
|-terastallize|p2a: Heatran|Grass
|move|p1a: Cinderace|Court Change|p1a: Cinderace
|-start|p1a: Cinderace|typechange|Normal|[from] ability: Libero
|-swapsideconditions
|-activate|p1a: Cinderace|move: Court Change
|move|p2a: Heatran|Earth Power|p1a: Cinderace
|-damage|p1a: Cinderace|47/100
|
|upkeep
|turn|14
|
|t:|1760719006
|move|p1a: Cinderace|U-turn|p2a: Heatran
|-supereffective|p2a: Heatran
|-damage|p2a: Heatran|30/100
|
|t:|1760719011
|switch|p1a: Alomomola|Alomomola, F|88/100|[from] U-turn
|move|p2a: Heatran|Earth Power|p1a: Alomomola
|-damage|p1a: Alomomola|50/100
|
|upkeep
|turn|15
|
|t:|1760719014
|move|p2a: Heatran|Tera Blast|p1a: Alomomola|[anim] Tera Blast Grass
|-supereffective|p1a: Alomomola
|-damage|p1a: Alomomola|0 fnt
|faint|p1a: Alomomola
|
|upkeep
|
|t:|1760719017
|switch|p1a: Cinderace|Cinderace, F|47/100
|turn|16
|
|t:|1760719021
|switch|p2a: Scizor|Scizor, F|84/100
|move|p1a: Cinderace|U-turn|p2a: Scizor
|-start|p1a: Cinderace|typechange|Bug|[from] ability: Libero
|-resisted|p2a: Scizor
|-damage|p2a: Scizor|69/100
|inactive|receptus has 120 seconds left.
|
|t:|1760719055
|switch|p1a: Landorus|Landorus-Therian, M|100/100|[from] U-turn
|-ability|p1a: Landorus|Intimidate|boost
|-unboost|p2a: Scizor|atk|1
|
|upkeep
|turn|17
|
|t:|1760719064
|move|p1a: Landorus|Earthquake|p2a: Scizor
|-damage|p2a: Scizor|17/100
|move|p2a: Scizor|Defog|p1a: Landorus
|-unboost|p1a: Landorus|evasion|1
|-sideend|p2: ghidorahstan69|Stealth Rock|[from] move: Defog|[of] p2a: Scizor
|
|upkeep
|turn|18
|
|t:|1760719067
|move|p1a: Landorus|Earthquake|p2a: Scizor
|-damage|p2a: Scizor|0 fnt
|faint|p2a: Scizor
|
|upkeep
|
|t:|1760719070
|switch|p2a: Kyurem|Kyurem|100/100
|-ability|p2a: Kyurem|Pressure
|turn|19
|
|t:|1760719092
|switch|p1a: Cinderace|Cinderace, F|47/100
|move|p2a: Kyurem|Freeze-Dry|p1a: Cinderace
|-resisted|p1a: Cinderace
|-damage|p1a: Cinderace|20/100
|
|upkeep
|turn|20
|
|t:|1760719119
|move|p1a: Cinderace|Sucker Punch|p2a: Kyurem
|-start|p1a: Cinderace|typechange|Dark|[from] ability: Libero
|-damage|p2a: Kyurem|71/100
|move|p2a: Kyurem|Freeze-Dry|p1a: Cinderace
|-damage|p1a: Cinderace|0 fnt
|faint|p1a: Cinderace
|
|upkeep
|inactive|receptus has 120 seconds left.
|
|t:|1760719147
|switch|p1a: Goodra|Goodra-Hisui, F|100/100
|turn|21
|inactive|receptus has 120 seconds left.
|
|t:|1760719153
|switch|p2a: Gholdengo|Gholdengo|100/100
|-item|p2a: Gholdengo|Air Balloon
|move|p1a: Goodra|Knock Off|p2a: Gholdengo
|-supereffective|p2a: Gholdengo
|-damage|p2a: Gholdengo|61/100
|-enditem|p2a: Gholdengo|Air Balloon
|
|upkeep
|turn|22
|
|t:|1760719158
|move|p2a: Gholdengo|Nasty Plot|p2a: Gholdengo
|-boost|p2a: Gholdengo|spa|2
|move|p1a: Goodra|Flamethrower|p2a: Gholdengo
|-supereffective|p2a: Gholdengo
|-damage|p2a: Gholdengo|5/100
|
|upkeep
|turn|23
|
|t:|1760719161
|move|p2a: Gholdengo|Shadow Ball|p1a: Goodra
|-damage|p1a: Goodra|62/100
|move|p1a: Goodra|Flamethrower|p2a: Gholdengo
|-supereffective|p2a: Gholdengo
|-damage|p2a: Gholdengo|0 fnt
|faint|p2a: Gholdengo
|
|upkeep
|
|t:|1760719165
|switch|p2a: Kyurem|Kyurem|71/100
|-ability|p2a: Kyurem|Pressure
|turn|24
|
|t:|1760719191
|move|p2a: Kyurem|Draco Meteor|p1a: Goodra
|-damage|p1a: Goodra|32/100
|-unboost|p2a: Kyurem|spa|2
|move|p1a: Goodra|Knock Off|p2a: Kyurem
|-damage|p2a: Kyurem|50/100
|-enditem|p2a: Kyurem|Choice Scarf|[from] move: Knock Off|[of] p1a: Goodra
|
|upkeep
|turn|25
|
|t:|1760719209
|move|p2a: Kyurem|Earth Power|p1a: Goodra
|-supereffective|p1a: Goodra
|-damage|p1a: Goodra|17/100
|move|p1a: Goodra|Dragon Tail|p2a: Kyurem
|-supereffective|p2a: Kyurem
|-damage|p2a: Kyurem|12/100
|drag|p2a: Kingambit|Kingambit, F|100/100
|-activate|p2a: Kingambit|ability: Supreme Overlord
|-start|p2a: Kingambit|fallen3|[silent]
|
|upkeep
|turn|26
|
|t:|1760719217
|move|p1a: Goodra|Flamethrower|p2a: Kingambit
|-supereffective|p2a: Kingambit
|-damage|p2a: Kingambit|45/100
|move|p2a: Kingambit|Kowtow Cleave|p1a: Goodra
|-damage|p1a: Goodra|0 fnt
|faint|p1a: Goodra
|
|upkeep
|
|t:|1760719224
|switch|p1a: Landorus|Landorus-Therian, M|100/100
|-ability|p1a: Landorus|Intimidate|boost
|-unboost|p2a: Kingambit|atk|1
|turn|27
|
|t:|1760719230
|-end|p2a: Kingambit|fallen3|[silent]
|switch|p2a: Heatran|Heatran, F, tera:Grass|30/100
|-terastallize|p1a: Landorus|Ground
|move|p1a: Landorus|Earthquake|p2a: Heatran
|-resisted|p2a: Heatran
|-damage|p2a: Heatran|1/100
|
|upkeep
|turn|28
|
|t:|1760719236
|move|p1a: Landorus|Earthquake|p2a: Heatran
|-resisted|p2a: Heatran
|-damage|p2a: Heatran|0 fnt
|faint|p2a: Heatran
|
|upkeep
|
|t:|1760719237
|switch|p2a: Kyurem|Kyurem|12/100
|-ability|p2a: Kyurem|Pressure
|turn|29
|
|t:|1760719240
|move|p1a: Landorus|Earthquake|p2a: Kyurem
|-damage|p2a: Kyurem|0 fnt
|faint|p2a: Kyurem
|
|upkeep
|
|t:|1760719242
|switch|p2a: Kingambit|Kingambit, F|45/100
|-activate|p2a: Kingambit|ability: Supreme Overlord
|-start|p2a: Kingambit|fallen5|[silent]
|turn|30
|
|t:|1760719256
|move|p2a: Kingambit|Sucker Punch|p1a: Landorus
|-damage|p1a: Landorus|31/100
|move|p1a: Landorus|Earthquake|p2a: Kingambit
|-supereffective|p2a: Kingambit
|-damage|p2a: Kingambit|0 fnt
|faint|p2a: Kingambit
|-end|p2a: Kingambit|fallen5|[silent]
|
|win|receptus
|raw|receptus's rating: 1532 &rarr; <strong>1548</strong><br />(+16 for winning)
|raw|ghidorahstan69's rating: 1455 &rarr; <strong>1439</strong><br />(-16 for losing)
