|j|☆whitexicanp4
|j|☆hisohisokurione
|t:|1760852560
|gametype|singles
|player|p1|whitexicanp4|skier|1058
|player|p2|hisohisokurione|unknown|1076
|gen|9
|tier|[Gen 9] OU
|rated|
|rule|HP Percentage Mod: HP is shown in percentages
|rule|Endless Battle Clause: Forcing endless battles is banned
|rule|Species Clause: Limit one of each Pokémon
|rule|OHKO Clause: OHKO moves are banned
|rule|Evasion Items Clause: Evasion items are banned
|rule|Evasion Moves Clause: Evasion moves are banned
|rule|Evasion Abilities Clause: Evasion abilities are banned
|rule|Sleep Moves Clause: Sleep-inducing moves are banned
|clearpoke
|poke|p1|Chandelure, M|
|poke|p1|Dachsbun, M|
|poke|p1|Tsareena, F|
|poke|p1|Gallade, M|
|poke|p1|Flamigo, F|
|poke|p1|Lapras, F|
|poke|p2|Garganacl, M|
|poke|p2|Glimmora, M|
|poke|p2|Dragonite, M|
|poke|p2|Torkoal, M|
|poke|p2|Forretress, M|
|poke|p2|Sunkern, M|
|teampreview
|
|t:|1760852575
|teamsize|p1|6
|teamsize|p2|6
|start
|switch|p1a: Flamigo|Flamigo, F|100/100
|switch|p2a: Glimmora|Glimmora, M|100/100
|-item|p2a: Glimmora|Air Balloon
|turn|1
|
|t:|1760852585
|move|p2a: Glimmora|Stealth Rock|p1a: Flamigo
|-sidestart|p1: whitexicanp4|move: Stealth Rock
|move|p1a: Flamigo|Chilling Water|p2a: Glimmora
|-supereffective|p2a: Glimmora
|-crit|p2a: Glimmora
|-damage|p2a: Glimmora|63/100
|-unboost|p2a: Glimmora|atk|1
|-enditem|p2a: Glimmora|Air Balloon
|
|upkeep
|turn|2
|
|t:|1760852611
|move|p2a: Glimmora|Explosion|p1a: Flamigo
|-damage|p1a: Flamigo|56/100
|faint|p2a: Glimmora
|move|p1a: Flamigo|Bulk Up|p1a: Flamigo
|-boost|p1a: Flamigo|atk|1
|-boost|p1a: Flamigo|def|1
|
|upkeep
|inactive|Battle timer is ON: inactive players will automatically lose when time's up. (requested by whitexicanp4)
|
|t:|1760852618
|switch|p2a: Torkoal|Torkoal, M|100/100
|-weather|SunnyDay|[from] ability: Drought|[of] p2a: Torkoal
|-item|p2a: Torkoal|Air Balloon
|turn|3
|
|t:|1760852626
|move|p1a: Flamigo|Detect|p1a: Flamigo
|-singleturn|p1a: Flamigo|Protect
|move|p2a: Torkoal|Clear Smog|p1a: Flamigo
|-activate|p1a: Flamigo|move: Protect
|
|-weather|SunnyDay|[upkeep]
|upkeep
|turn|4
|
|t:|1760852653
|move|p1a: Flamigo|Acrobatics|p2a: Torkoal
|-damage|p2a: Torkoal|44/100
|-enditem|p2a: Torkoal|Air Balloon
|move|p2a: Torkoal|Clear Smog|p1a: Flamigo
|-damage|p1a: Flamigo|37/100
|-clearboost|p1a: Flamigo
|
|-weather|SunnyDay|[upkeep]
|upkeep
|turn|5
|inactive|hisohisokurione has 120 seconds left.
|
|t:|1760852675
|move|p1a: Flamigo|Detect|p1a: Flamigo
|-singleturn|p1a: Flamigo|Protect
|move|p2a: Torkoal|Eruption|p1a: Flamigo
|-activate|p1a: Flamigo|move: Protect
|
|-weather|SunnyDay|[upkeep]
|upkeep
|turn|6
|inactive|hisohisokurione has 120 seconds left.
|
|t:|1760852682
|move|p1a: Flamigo|Chilling Water|p2a: Torkoal
|-supereffective|p2a: Torkoal
|-damage|p2a: Torkoal|33/100
|-unboost|p2a: Torkoal|atk|1
|move|p2a: Torkoal|Eruption|p1a: Flamigo
|-damage|p1a: Flamigo|0 fnt
|faint|p1a: Flamigo
|
|-weather|SunnyDay|[upkeep]
|upkeep
|
|t:|1760852693
|switch|p1a: Gallade|Gallade, M|100/100
|-damage|p1a: Gallade|94/100|[from] Stealth Rock
|turn|7
|inactive|hisohisokurione has 120 seconds left.
|
|t:|1760852726
|move|p1a: Gallade|Drain Punch|p2a: Torkoal
|-damage|p2a: Torkoal|6/100
|-heal|p1a: Gallade|100/100|[from] drain|[of] p2a: Torkoal
|move|p2a: Torkoal|Eruption|p1a: Gallade
|-damage|p1a: Gallade|95/100
|
|-weather|none
|upkeep
|turn|8
|
|t:|1760852745
|switch|p2a: Forretress|Forretress, M|100/100
|move|p1a: Gallade|Shadow Sneak|p2a: Forretress
|-damage|p2a: Forretress|90/100
|-damage|p1a: Gallade|78/100|[from] item: Rocky Helmet|[of] p2a: Forretress
|
|upkeep
|turn|9
|
|t:|1760852755
|move|p1a: Gallade|Drain Punch|p2a: Forretress
|-damage|p2a: Forretress|63/100
|-heal|p1a: Gallade|96/100|[from] drain|[of] p2a: Forretress
|-damage|p1a: Gallade|79/100|[from] item: Rocky Helmet|[of] p2a: Forretress
|move|p2a: Forretress|Gyro Ball|p1a: Gallade
|-damage|p1a: Gallade|35/100
|
|upkeep
|turn|10
|
|t:|1760852766
|move|p1a: Gallade|Drain Punch|p2a: Forretress
|-damage|p2a: Forretress|37/100
|-heal|p1a: Gallade|51/100|[from] drain|[of] p2a: Forretress
|-damage|p1a: Gallade|35/100|[from] item: Rocky Helmet|[of] p2a: Forretress
|move|p2a: Forretress|Gyro Ball|p1a: Gallade
|-damage|p1a: Gallade|0 fnt
|faint|p1a: Gallade
|
|upkeep
|
|t:|1760852775
|switch|p1a: Chandelure|Chandelure, M|100/100
|-damage|p1a: Chandelure|76/100|[from] Stealth Rock
|turn|11
|
|t:|1760852791
|switch|p2a: Garganacl|Garganacl, M|100/100
|move|p1a: Chandelure|Heat Wave|p2a: Garganacl
|-resisted|p2a: Garganacl
|-damage|p2a: Garganacl|79/100
|
|-heal|p2a: Garganacl|85/100|[from] item: Leftovers
|upkeep
|turn|12
|
|t:|1760852807
|-terastallize|p1a: Chandelure|Ghost
|move|p1a: Chandelure|Calm Mind|p1a: Chandelure
|-boost|p1a: Chandelure|spa|1
|-boost|p1a: Chandelure|spd|1
|move|p2a: Garganacl|Salt Cure|p1a: Chandelure
|-damage|p1a: Chandelure|56/100
|-start|p1a: Chandelure|Salt Cure
|
|-heal|p2a: Garganacl|92/100|[from] item: Leftovers
|-damage|p1a: Chandelure|44/100|[from] Salt Cure
|upkeep
|turn|13
|
|t:|1760852817
|move|p1a: Chandelure|Energy Ball|p2a: Garganacl
|-supereffective|p2a: Garganacl
|-damage|p2a: Garganacl|28/100
|move|p2a: Garganacl|Iron Defense|p2a: Garganacl
|-boost|p2a: Garganacl|def|2
|
|-heal|p2a: Garganacl|34/100|[from] item: Leftovers
|-damage|p1a: Chandelure|32/100|[from] Salt Cure
|upkeep
|turn|14
|inactive|hisohisokurione has 90 seconds left.
|
|t:|1760852847
|switch|p2a: Dragonite|Dragonite, M|100/100
|move|p1a: Chandelure|Energy Ball|p2a: Dragonite
|-resisted|p2a: Dragonite
|-damage|p2a: Dragonite|95/100
|
|-damage|p1a: Chandelure|19/100|[from] Salt Cure
|upkeep
|turn|15
|
|t:|1760852855
|move|p2a: Dragonite|Extreme Speed|p1a: Chandelure
|-immune|p1a: Chandelure
|move|p1a: Chandelure|Shadow Ball|p2a: Dragonite
|-damage|p2a: Dragonite|13/100
|
|-damage|p1a: Chandelure|7/100|[from] Salt Cure
|upkeep
|turn|16
|
|t:|1760852869
|move|p1a: Chandelure|Shadow Ball|p2a: Dragonite
|-damage|p2a: Dragonite|0 fnt
|faint|p2a: Dragonite
|
|-damage|p1a: Chandelure|0 fnt|[from] Salt Cure
|faint|p1a: Chandelure
|upkeep
|inactive|hisohisokurione has 90 seconds left.
|
|t:|1760852883
|switch|p1a: Tsareena|Tsareena, F|100/100
|switch|p2a: Torkoal|Torkoal, M|6/100
|-damage|p1a: Tsareena|88/100|[from] Stealth Rock
|-weather|SunnyDay|[from] ability: Drought|[of] p2a: Torkoal
|turn|17
|inactive|hisohisokurione has 90 seconds left.
|
|t:|1760852898
|move|p1a: Tsareena|Acrobatics|p2a: Torkoal
|-damage|p2a: Torkoal|0 fnt
|faint|p2a: Torkoal
|
|-weather|SunnyDay|[upkeep]
|upkeep
|
|t:|1760852903
|switch|p2a: Sunkern|Sunkern, M|100/100
|turn|18
|
|t:|1760852908
|move|p2a: Sunkern|Leech Seed|p1a: Tsareena
|-immune|p1a: Tsareena
|move|p1a: Tsareena|Acrobatics|p2a: Sunkern
|-supereffective|p2a: Sunkern
|-enditem|p2a: Sunkern|Focus Sash
|-damage|p2a: Sunkern|1/100
|
|-weather|SunnyDay|[upkeep]
|upkeep
|turn|19
|
|t:|1760852918
|move|p2a: Sunkern|Endeavor|p1a: Tsareena
|-damage|p1a: Tsareena|1/100
|move|p1a: Tsareena|Triple Axel|p2a: Sunkern
|-supereffective|p2a: Sunkern
|-damage|p2a: Sunkern|0 fnt
|faint|p2a: Sunkern
|-hitcount|p2: Sunkern|1
|
|-weather|SunnyDay|[upkeep]
|upkeep
|
|t:|1760852927
|switch|p2a: Forretress|Forretress, M|37/100
|turn|20
|
|t:|1760852935
|move|p1a: Tsareena|Acrobatics|p2a: Forretress
|-damage|p2a: Forretress|11/100
|-damage|p1a: Tsareena|0 fnt|[from] item: Rocky Helmet|[of] p2a: Forretress
|faint|p1a: Tsareena
|move|p2a: Forretress|Body Press|p1: Tsareena|[notarget]
|-fail|p2a: Forretress
|
|-weather|SunnyDay|[upkeep]
|upkeep
|
|t:|1760852947
|switch|p1a: Dachsbun|Dachsbun, M|100/100
|-damage|p1a: Dachsbun|88/100|[from] Stealth Rock
|turn|21
|
|t:|1760852958
|-terastallize|p2a: Forretress|Normal
|move|p1a: Dachsbun|Body Press|p2a: Forretress
|-supereffective|p2a: Forretress
|-damage|p2a: Forretress|0 fnt
|-damage|p1a: Dachsbun|71/100|[from] item: Rocky Helmet|[of] p2a: Forretress
|faint|p2a: Forretress
|
|-weather|none
|-heal|p1a: Dachsbun|78/100|[from] item: Leftovers
|upkeep
|
|t:|1760852967
|switch|p2a: Garganacl|Garganacl, M|34/100
|turn|22
|
|t:|1760852976
|move|p1a: Dachsbun|Body Press|p2a: Garganacl
|-supereffective|p2a: Garganacl
|-damage|p2a: Garganacl|2/100
|move|p2a: Garganacl|Recover|p2a: Garganacl
|-heal|p2a: Garganacl|52/100
|
|-heal|p1a: Dachsbun|84/100|[from] item: Leftovers
|-heal|p2a: Garganacl|58/100|[from] item: Leftovers
|upkeep
|turn|23
|inactive|hisohisokurione has 120 seconds left.
|
|t:|1760852987
|move|p1a: Dachsbun|Play Rough|p2a: Garganacl
|-damage|p2a: Garganacl|36/100
|move|p2a: Garganacl|Recover|p2a: Garganacl
|-heal|p2a: Garganacl|86/100
|
|-heal|p1a: Dachsbun|90/100|[from] item: Leftovers
|-heal|p2a: Garganacl|93/100|[from] item: Leftovers
|upkeep
|turn|24
|inactive|hisohisokurione has 120 seconds left.
|
|t:|1760852995
|move|p1a: Dachsbun|Play Rough|p2a: Garganacl
|-damage|p2a: Garganacl|72/100
|move|p2a: Garganacl|Salt Cure|p1a: Dachsbun
|-damage|p1a: Dachsbun|75/100
|-start|p1a: Dachsbun|Salt Cure
|
|-heal|p1a: Dachsbun|82/100|[from] item: Leftovers
|-heal|p2a: Garganacl|78/100|[from] item: Leftovers
|-damage|p1a: Dachsbun|69/100|[from] Salt Cure
|upkeep
|turn|25
|
|t:|1760853004
|move|p1a: Dachsbun|Crunch|p2a: Garganacl
|-damage|p2a: Garganacl|66/100
|move|p2a: Garganacl|Iron Defense|p2a: Garganacl
|-boost|p2a: Garganacl|def|2
|
|-heal|p1a: Dachsbun|75/100|[from] item: Leftovers
|-heal|p2a: Garganacl|72/100|[from] item: Leftovers
|-damage|p1a: Dachsbun|63/100|[from] Salt Cure
|upkeep
|turn|26
|
|t:|1760853012
|move|p1a: Dachsbun|Body Press|p2a: Garganacl
|-supereffective|p2a: Garganacl
|-damage|p2a: Garganacl|56/100
|move|p2a: Garganacl|Iron Defense|p2a: Garganacl
|-boost|p2a: Garganacl|def|2
|
|-heal|p1a: Dachsbun|69/100|[from] item: Leftovers
|-heal|p2a: Garganacl|63/100|[from] item: Leftovers
|-damage|p1a: Dachsbun|57/100|[from] Salt Cure
|upkeep
|turn|27
|
|t:|1760853021
|move|p1a: Dachsbun|Body Press|p2a: Garganacl
|-supereffective|p2a: Garganacl
|-damage|p2a: Garganacl|51/100
|move|p2a: Garganacl|Recover|p2a: Garganacl
|-heal|p2a: Garganacl|100/100
|
|-heal|p1a: Dachsbun|63/100|[from] item: Leftovers
|-damage|p1a: Dachsbun|50/100|[from] Salt Cure
|upkeep
|turn|28
|
|t:|1760853030
|move|p1a: Dachsbun|Endeavor|p2a: Garganacl
|-damage|p2a: Garganacl|34/100
|move|p2a: Garganacl|Iron Defense|p2a: Garganacl
|-boost|p2a: Garganacl|def|2
|
|-heal|p1a: Dachsbun|57/100|[from] item: Leftovers
|-heal|p2a: Garganacl|40/100|[from] item: Leftovers
|-damage|p1a: Dachsbun|44/100|[from] Salt Cure
|upkeep
|turn|29
|
|t:|1760853049
|move|p1a: Dachsbun|Crunch|p2a: Garganacl
|-damage|p2a: Garganacl|37/100
|move|p2a: Garganacl|Recover|p2a: Garganacl
|-heal|p2a: Garganacl|87/100
|
|-heal|p1a: Dachsbun|50/100|[from] item: Leftovers
|-heal|p2a: Garganacl|93/100|[from] item: Leftovers
|-damage|p1a: Dachsbun|38/100|[from] Salt Cure
|upkeep
|turn|30
|
|t:|1760853068
|move|p1a: Dachsbun|Endeavor|p2a: Garganacl
|-damage|p2a: Garganacl|26/100
|move|p2a: Garganacl|Salt Cure|p1a: Dachsbun
|-damage|p1a: Dachsbun|25/100
|
|-heal|p1a: Dachsbun|31/100|[from] item: Leftovers
|-heal|p2a: Garganacl|32/100|[from] item: Leftovers
|-damage|p1a: Dachsbun|19/100|[from] Salt Cure
|upkeep
|turn|31
|
|t:|1760853079
|move|p1a: Dachsbun|Endeavor|p2a: Garganacl
|-damage|p2a: Garganacl|13/100
|move|p2a: Garganacl|Salt Cure|p1a: Dachsbun
|-damage|p1a: Dachsbun|4/100
|
|-heal|p1a: Dachsbun|10/100|[from] item: Leftovers
|-heal|p2a: Garganacl|19/100|[from] item: Leftovers
|-damage|p1a: Dachsbun|0 fnt|[from] Salt Cure
|faint|p1a: Dachsbun
|upkeep
|
|t:|1760853087
|switch|p1a: Lapras|Lapras, F|100/100
|-damage|p1a: Lapras|76/100|[from] Stealth Rock
|turn|32
|
|t:|1760853093
|move|p1a: Lapras|Sparkling Aria|p2a: Garganacl
|-supereffective|p2a: Garganacl
|-damage|p2a: Garganacl|0 fnt
|faint|p2a: Garganacl
|
|win|whitexicanp4
|raw|whitexicanp4's rating: 1058 &rarr; <strong>1091</strong><br />(+33 for winning)
|raw|hisohisokurione's rating: 1076 &rarr; <strong>1053</strong><br />(-23 for losing)
|l|☆whitexicanp4
|player|p1|
|l|☆hisohisokurione
|player|p2|
