|j|☆Captain VS
|j|☆YumeKasumi76
|t:|1760724949
|gametype|singles
|player|p1|Captain VS|ninjaboy|1263
|player|p2|YumeKasumi76|101|1269
|gen|9
|tier|[Gen 9] OU
|rated|
|rule|HP Percentage Mod: HP is shown in percentages
|rule|Endless Battle Clause: Forcing endless battles is banned
|rule|Species Clause: Limit one of each Pokémon
|rule|OHKO Clause: OHKO moves are banned
|rule|Evasion Items Clause: Evasion items are banned
|rule|Evasion Moves Clause: Evasion moves are banned
|rule|Evasion Abilities Clause: Evasion abilities are banned
|rule|Sleep Moves Clause: Sleep-inducing moves are banned
|clearpoke
|poke|p1|Weezing-Galar, F|
|poke|p1|Clefable, M|
|poke|p1|Corviknight, F|
|poke|p1|Garganacl, F|
|poke|p1|Ting-Lu|
|poke|p1|Toxapex, F|
|poke|p2|Heracross, M|
|poke|p2|Latias, F|
|poke|p2|Honchkrow, M|
|poke|p2|Heatran, M|
|poke|p2|Brambleghast, M|
|poke|p2|Suicune|
|teampreview
|
|t:|1760724954
|teamsize|p1|6
|teamsize|p2|6
|start
|switch|p1a: Ting-Lu|Ting-Lu|100/100
|switch|p2a: SogiitaGunha|Heracross, M|100/100
|-ability|p1a: Ting-Lu|Vessel of Ruin
|turn|1
|inactive|Battle timer is ON: inactive players will automatically lose when time's up. (requested by YumeKasumi76)
|
|t:|1760724961
|move|p2a: SogiitaGunha|Knock Off|p1a: Ting-Lu
|-resisted|p1a: Ting-Lu
|-damage|p1a: Ting-Lu|87/100
|-enditem|p1a: Ting-Lu|Leftovers|[from] move: Knock Off|[of] p2a: SogiitaGunha
|move|p1a: Ting-Lu|Heavy Slam|p2a: SogiitaGunha
|-damage|p2a: SogiitaGunha|46/100
|
|upkeep
|turn|2
|
|t:|1760724970
|switch|p1a: Toxapex|Toxapex, F|100/100
|move|p2a: SogiitaGunha|Knock Off|p1a: Toxapex
|-damage|p1a: Toxapex|65/100
|-enditem|p1a: Toxapex|Heavy-Duty Boots|[from] move: Knock Off|[of] p2a: SogiitaGunha
|
|upkeep
|turn|3
|
|t:|1760724977
|switch|p2a: MapoTofu|Heatran, M|100/100
|move|p1a: Toxapex|Toxic|p2a: MapoTofu
|-immune|p2a: MapoTofu
|
|upkeep
|turn|4
|
|t:|1760724981
|move|p2a: MapoTofu|Magma Storm|p1a: Toxapex
|-resisted|p1a: Toxapex
|-damage|p1a: Toxapex|47/100
|-activate|p1a: Toxapex|move: Magma Storm|[of] p2a: MapoTofu
|move|p1a: Toxapex|Surf|p2a: MapoTofu
|-supereffective|p2a: MapoTofu
|-damage|p2a: MapoTofu|73/100
|
|-heal|p2a: MapoTofu|79/100|[from] item: Leftovers
|-damage|p1a: Toxapex|34/100|[from] move: Magma Storm|[partiallytrapped]
|upkeep
|turn|5
|
|t:|1760724985
|move|p2a: MapoTofu|Taunt|p1a: Toxapex
|-start|p1a: Toxapex|move: Taunt
|cant|p1a: Toxapex|move: Taunt|Recover
|
|-heal|p2a: MapoTofu|85/100|[from] item: Leftovers
|-damage|p1a: Toxapex|22/100|[from] move: Magma Storm|[partiallytrapped]
|upkeep
|turn|6
|
|t:|1760724988
|move|p2a: MapoTofu|Stealth Rock|p1a: Toxapex
|-sidestart|p1: Captain VS|move: Stealth Rock
|move|p1a: Toxapex|Surf|p2a: MapoTofu
|-supereffective|p2a: MapoTofu
|-damage|p2a: MapoTofu|58/100
|
|-heal|p2a: MapoTofu|64/100|[from] item: Leftovers
|-damage|p1a: Toxapex|10/100|[from] move: Magma Storm|[partiallytrapped]
|upkeep
|turn|7
|
|t:|1760724992
|move|p2a: MapoTofu|Earth Power|p1a: Toxapex
|-supereffective|p1a: Toxapex
|-damage|p1a: Toxapex|0 fnt
|faint|p1a: Toxapex
|
|-heal|p2a: MapoTofu|70/100|[from] item: Leftovers
|upkeep
|
|t:|1760724997
|switch|p1a: Ting-Lu|Ting-Lu|87/100
|-damage|p1a: Ting-Lu|81/100|[from] Stealth Rock
|-ability|p1a: Ting-Lu|Vessel of Ruin
|turn|8
|
|t:|1760725003
|switch|p2a: Shinetori|Honchkrow, M|100/100
|move|p1a: Ting-Lu|Spikes|p2a: Shinetori
|-sidestart|p2: YumeKasumi76|Spikes
|
|upkeep
|turn|9
|
|t:|1760725007
|move|p2a: Shinetori|Brave Bird|p1a: Ting-Lu
|-damage|p1a: Ting-Lu|36/100
|-damage|p2a: Shinetori|81/100|[from] Recoil
|-damage|p2a: Shinetori|71/100|[from] item: Life Orb
|move|p1a: Ting-Lu|Body Press|p2a: Shinetori
|-damage|p2a: Shinetori|28/100
|
|upkeep
|turn|10
|
|t:|1760725017
|switch|p1a: Corviknight|Corviknight, F|100/100
|-damage|p1a: Corviknight|88/100|[from] Stealth Rock
|-ability|p1a: Corviknight|Pressure
|move|p2a: Shinetori|Heat Wave|p1a: Corviknight
|-supereffective|p1a: Corviknight
|-damage|p1a: Corviknight|15/100
|-status|p1a: Corviknight|brn
|-damage|p2a: Shinetori|18/100|[from] item: Life Orb
|
|-damage|p1a: Corviknight|9/100 brn|[from] brn
|upkeep
|turn|11
|
|t:|1760725026
|move|p2a: Shinetori|Tailwind|p2a: Shinetori
|-sidestart|p2: YumeKasumi76|move: Tailwind
|move|p1a: Corviknight|Brave Bird|p2a: Shinetori
|-damage|p2a: Shinetori|0 fnt
|faint|p2a: Shinetori
|-damage|p1a: Corviknight|3/100 brn|[from] Recoil
|
|-damage|p1a: Corviknight|0 fnt|[from] brn
|faint|p1a: Corviknight
|upkeep
|
|t:|1760725033
|switch|p2a: BigKusa|Brambleghast, M|100/100
|switch|p1a: Weezing|Weezing-Galar, F|100/100
|-ability|p1a: Weezing|Neutralizing Gas
|-damage|p1a: Weezing|88/100|[from] Stealth Rock
|turn|12
|
|t:|1760725038
|-terastallize|p2a: BigKusa|Fire
|move|p2a: BigKusa|Rapid Spin|p1a: Weezing
|-damage|p1a: Weezing|75/100
|-boost|p2a: BigKusa|spe|1
|-sideend|p2: YumeKasumi76|Spikes|[from] move: Rapid Spin|[of] p2a: BigKusa
|move|p1a: Weezing|Sludge Bomb|p2a: BigKusa
|-damage|p2a: BigKusa|32/100
|
|-heal|p1a: Weezing|81/100|[from] item: Leftovers
|upkeep
|turn|13
|
|t:|1760725046
|move|p2a: BigKusa|Poltergeist|p1a: Weezing
|-activate|p1a: Weezing|move: Poltergeist|Leftovers
|-damage|p1a: Weezing|35/100
|move|p1a: Weezing|Dazzling Gleam|p2a: BigKusa
|-resisted|p2a: BigKusa
|-damage|p2a: BigKusa|2/100
|
|-heal|p1a: Weezing|41/100|[from] item: Leftovers
|upkeep
|turn|14
|
|t:|1760725053
|move|p2a: BigKusa|Poltergeist|p1a: Weezing
|-activate|p1a: Weezing|move: Poltergeist|Leftovers
|-crit|p1a: Weezing
|-damage|p1a: Weezing|0 fnt
|faint|p1a: Weezing
|-end|p1a: Weezing|ability: Neutralizing Gas
|-ability|p2a: BigKusa|Wind Rider|boost
|-boost|p2a: BigKusa|atk|1
|
|-sideend|p2: YumeKasumi76|move: Tailwind
|upkeep
|
|t:|1760725072
|switch|p1a: Clefable|Clefable, M|100/100
|-damage|p1a: Clefable|88/100|[from] Stealth Rock
|turn|15
|
|t:|1760725076
|move|p2a: BigKusa|Power Whip|p1a: Clefable
|-damage|p1a: Clefable|28/100
|move|p1a: Clefable|Calm Mind|p1a: Clefable
|-boost|p1a: Clefable|spa|1
|-boost|p1a: Clefable|spd|1
|
|-heal|p1a: Clefable|34/100|[from] item: Leftovers
|upkeep
|turn|16
|-message|Captain VS forfeited.
|
|win|YumeKasumi76
|raw|Captain VS's rating: 1263 &rarr; <strong>1238</strong><br />(-25 for losing)
|raw|YumeKasumi76's rating: 1269 &rarr; <strong>1294</strong><br />(+25 for winning)
|l|☆Captain VS
|player|p1|
