|j|☆mrtable00
|j|☆mrcookie8
|t:|1760812608
|gametype|singles
|player|p1|mrtable00|pokemaniac|
|player|p2|mrcookie8|twins-gen4dp|
|gen|9
|tier|[Gen 9] OU
|rule|HP Percentage Mod: HP is shown in percentages
|rule|Endless Battle Clause: Forcing endless battles is banned
|rule|Species Clause: Limit one of each Pokémon
|rule|OHKO Clause: OHKO moves are banned
|rule|Evasion Items Clause: Evasion items are banned
|rule|Evasion Moves Clause: Evasion moves are banned
|rule|Evasion Abilities Clause: Evasion abilities are banned
|rule|Sleep Moves Clause: Sleep-inducing moves are banned
|clearpoke
|poke|p1|Cyclizar, M|
|poke|p1|Bastiodon, F|
|poke|p1|Milotic, F|
|poke|p1|Komala, F|
|poke|p1|Serperior, M|
|poke|p1|Diancie|
|poke|p2|Vivillon-Fancy, F|
|poke|p2|Emboar, M|
|poke|p2|Mew|
|poke|p2|Mandibuzz, F|
|poke|p2|Kommo-o, F|
|poke|p2|Ribombee, M|
|teampreview
|
|t:|1760812621
|teamsize|p1|6
|teamsize|p2|6
|start
|switch|p1a: Diancie|Diancie|100/100
|switch|p2a: Vivillon|Vivillon-Fancy, F|100/100
|turn|1
|
|t:|1760812644
|move|p2a: Vivillon|Light Screen|p2a: Vivillon
|-sidestart|p2: mrcookie8|move: Light Screen
|move|p1a: Diancie|Rock Polish|p1a: Diancie
|-boost|p1a: Diancie|spe|2
|
|upkeep
|turn|2
|
|t:|1760812649
|move|p1a: Diancie|Meteor Beam||[still]
|-prepare|p1a: Diancie|Meteor Beam
|-boost|p1a: Diancie|spa|1
|-enditem|p1a: Diancie|Power Herb
|-anim|p1a: Diancie|Meteor Beam|p2a: Vivillon|[miss]
|-miss|p1a: Diancie|p2a: Vivillon
|move|p2a: Vivillon|Tailwind|p2a: Vivillon
|-sidestart|p2: mrcookie8|move: Tailwind
|
|upkeep
|turn|3
|
|t:|1760812661
|move|p2a: Vivillon|Bug Buzz|p1a: Diancie
|-resisted|p1a: Diancie
|-damage|p1a: Diancie|86/100
|move|p1a: Diancie|Meteor Beam||[still]
|-prepare|p1a: Diancie|Meteor Beam
|-boost|p1a: Diancie|spa|1
|
|upkeep
|turn|4
|
|t:|1760812675
|switch|p2a: Mandibuzz|Mandibuzz, F|100/100
|move|p1a: Diancie|Meteor Beam|p2a: Mandibuzz|[from] lockedmove
|-supereffective|p2a: Mandibuzz
|-damage|p2a: Mandibuzz|13/100
|
|upkeep
|turn|5
|
|t:|1760812681
|move|p1a: Diancie|Moonblast|p2a: Mandibuzz
|-supereffective|p2a: Mandibuzz
|-damage|p2a: Mandibuzz|0 fnt
|faint|p2a: Mandibuzz
|
|-sideend|p2: mrcookie8|move: Light Screen
|-sideend|p2: mrcookie8|move: Tailwind
|upkeep
|
|t:|1760812685
|switch|p2a: Kommo-o|Kommo-o, F|100/100
|turn|6
|
|t:|1760812694
|-terastallize|p2a: Kommo-o|Steel
|move|p1a: Diancie|Moonblast|p2a: Kommo-o
|-resisted|p2a: Kommo-o
|-damage|p2a: Kommo-o|57/100
|move|p2a: Kommo-o|Clangorous Soul|p2a: Kommo-o
|-boost|p2a: Kommo-o|atk|1
|-boost|p2a: Kommo-o|def|1
|-boost|p2a: Kommo-o|spa|1
|-boost|p2a: Kommo-o|spd|1
|-boost|p2a: Kommo-o|spe|1
|-damage|p2a: Kommo-o|24/100
|
|upkeep
|turn|7
|
|t:|1760812705
|move|p1a: Diancie|Earth Power|p2a: Kommo-o
|-supereffective|p2a: Kommo-o
|-damage|p2a: Kommo-o|0 fnt
|faint|p2a: Kommo-o
|
|upkeep
|
|t:|1760812709
|switch|p2a: Ribombee|Ribombee, M|100/100
|turn|8
|c|☆mrcookie8|Dang gg
|-message|mrcookie8 forfeited.
|
|win|mrtable00
|l|☆mrcookie8
|player|p2|
|c|☆mrtable00|yay
