|j|☆yixing_onestar
|j|☆janky rabbit
|t:|1760854329
|gametype|singles
|player|p1|yixing_onestar|swimmerf-gen4|1313
|player|p2|janky rabbit|miku-ghost|1272
|gen|9
|tier|[Gen 9] OU
|rated|
|rule|HP Percentage Mod: HP is shown in percentages
|rule|Endless Battle Clause: Forcing endless battles is banned
|rule|Species Clause: Limit one of each Pokémon
|rule|OHKO Clause: OHKO moves are banned
|rule|Evasion Items Clause: Evasion items are banned
|rule|Evasion Moves Clause: Evasion moves are banned
|rule|Evasion Abilities Clause: Evasion abilities are banned
|rule|Sleep Moves Clause: Sleep-inducing moves are banned
|clearpoke
|poke|p1|Slowking-Galar, F|
|poke|p1|Cetitan, F|
|poke|p1|Kyurem|
|poke|p1|Sandslash-Alola, F|
|poke|p1|Chandelure, M|
|poke|p1|Meowscarada, M|
|poke|p2|Ninetales, F|
|poke|p2|Ceruledge, M|
|poke|p2|Comfey, F|
|poke|p2|Whimsicott, M|
|poke|p2|Walking Wake|
|poke|p2|Great Tusk|
|teampreview
|
|t:|1760854335
|teamsize|p1|6
|teamsize|p2|6
|start
|switch|p1a: Slowking|Slowking-Galar, F|100/100
|switch|p2a: Walking Wake|Walking Wake|100/100
|turn|1
|
|t:|1760854344
|move|p2a: Walking Wake|Knock Off|p1a: Slowking
|-supereffective|p1a: Slowking
|-damage|p1a: Slowking|76/100
|-enditem|p1a: Slowking|Icy Rock|[from] move: Knock Off|[of] p2a: Walking Wake
|move|p1a: Slowking|Future Sight|p2a: Walking Wake
|-start|p1a: Slowking|move: Future Sight
|
|upkeep
|turn|2
|
|t:|1760854355
|move|p2a: Walking Wake|Hydro Steam|p1a: Slowking
|-damage|p1a: Slowking|50/100
|-prepare|p1a: Slowking|Chilly Reception|[premajor]
|move|p1a: Slowking|Chilly Reception|p1a: Slowking
|-weather|Snowscape
|
|t:|1760854363
|switch|p1a: Cetitan|Cetitan, F, shiny|100/100|[from] Chilly Reception
|
|-weather|Snowscape|[upkeep]
|upkeep
|turn|3
|
|t:|1760854372
|move|p1a: Cetitan|Earthquake|p2a: Walking Wake
|-damage|p2a: Walking Wake|68/100
|move|p2a: Walking Wake|Knock Off|p1a: Cetitan
|-damage|p1a: Cetitan|89/100
|-enditem|p1a: Cetitan|Sitrus Berry|[from] move: Knock Off|[of] p2a: Walking Wake
|
|-weather|Snowscape|[upkeep]
|-end|p2a: Walking Wake|move: Future Sight
|-damage|p2a: Walking Wake|35/100
|upkeep
|turn|4
|
|t:|1760854389
|-end|p2a: Walking Wake|Protosynthesis|[silent]
|switch|p2a: Ninetales|Ninetales, F, shiny|100/100
|-weather|SunnyDay|[from] ability: Drought|[of] p2a: Ninetales
|move|p1a: Cetitan|Earthquake|p2a: Ninetales
|-supereffective|p2a: Ninetales
|-crit|p2a: Ninetales
|-damage|p2a: Ninetales|0 fnt
|faint|p2a: Ninetales
|
|-weather|SunnyDay|[upkeep]
|upkeep
|
|t:|1760854392
|switch|p2a: Comfey|Comfey, F, shiny|100/100
|turn|5
|
|t:|1760854407
|switch|p1a: Slowking|Slowking-Galar, F|83/100
|move|p2a: Comfey|Growth|p2a: Comfey
|-boost|p2a: Comfey|atk|2
|-boost|p2a: Comfey|spa|2
|
|-weather|SunnyDay|[upkeep]
|upkeep
|turn|6
|
|t:|1760854417
|move|p2a: Comfey|Stored Power|p1a: Slowking
|-damage|p1a: Slowking|39/100
|-prepare|p1a: Slowking|Chilly Reception|[premajor]
|move|p1a: Slowking|Chilly Reception|p1a: Slowking
|-weather|Snowscape
|
|t:|1760854426
|switch|p1a: Sandslash|Sandslash-Alola, F, shiny|100/100|[from] Chilly Reception
|
|-weather|Snowscape|[upkeep]
|upkeep
|turn|7
|
|t:|1760854434
|-terastallize|p2a: Comfey|Water
|move|p1a: Sandslash|Iron Head|p2a: Comfey
|-resisted|p2a: Comfey
|-damage|p2a: Comfey|79/100
|move|p2a: Comfey|Stored Power|p1a: Sandslash
|-resisted|p1a: Sandslash
|-damage|p1a: Sandslash|56/100
|
|-weather|Snowscape|[upkeep]
|-heal|p2a: Comfey|85/100|[from] item: Leftovers
|upkeep
|turn|8
|
|t:|1760854449
|move|p2a: Comfey|Draining Kiss|p1a: Sandslash
|-resisted|p1a: Sandslash
|-damage|p1a: Sandslash|24/100
|-heal|p2a: Comfey|100/100|[from] drain|[of] p1a: Sandslash
|move|p1a: Sandslash|Stealth Rock|p2a: Comfey
|-sidestart|p2: janky rabbit|move: Stealth Rock
|
|-weather|Snowscape|[upkeep]
|upkeep
|turn|9
|
|t:|1760854458
|move|p1a: Sandslash|Triple Axel|p2a: Comfey
|-resisted|p2a: Comfey
|-damage|p2a: Comfey|95/100
|-hitcount|p2a: Comfey|1
|move|p2a: Comfey|Growth|p2a: Comfey
|-boost|p2a: Comfey|atk|1
|-boost|p2a: Comfey|spa|1
|
|-weather|Snowscape|[upkeep]
|-heal|p2a: Comfey|100/100|[from] item: Leftovers
|upkeep
|turn|10
|
|t:|1760854468
|move|p1a: Sandslash|Triple Axel|p2a: Comfey
|-resisted|p2a: Comfey
|-damage|p2a: Comfey|95/100
|-resisted|p2a: Comfey
|-damage|p2a: Comfey|82/100
|-resisted|p2a: Comfey
|-damage|p2a: Comfey|63/100
|-hitcount|p2a: Comfey|3
|move|p2a: Comfey|Growth|p2a: Comfey
|-boost|p2a: Comfey|atk|1
|-boost|p2a: Comfey|spa|1
|
|-weather|none
|-heal|p2a: Comfey|70/100|[from] item: Leftovers
|upkeep
|turn|11
|
|t:|1760854481
|move|p2a: Comfey|Growth|p2a: Comfey
|-boost|p2a: Comfey|atk|1
|-boost|p2a: Comfey|spa|1
|move|p1a: Sandslash|Triple Axel|p2a: Comfey
|-resisted|p2a: Comfey
|-damage|p2a: Comfey|63/100
|-resisted|p2a: Comfey
|-damage|p2a: Comfey|51/100
|-resisted|p2a: Comfey
|-damage|p2a: Comfey|33/100
|-hitcount|p2a: Comfey|3
|
|-heal|p2a: Comfey|39/100|[from] item: Leftovers
|upkeep
|turn|12
|
|t:|1760854493
|move|p2a: Comfey|Synthesis|p2a: Comfey
|-heal|p2a: Comfey|89/100
|move|p1a: Sandslash|Triple Axel|p2a: Comfey
|-resisted|p2a: Comfey
|-damage|p2a: Comfey|83/100
|-resisted|p2a: Comfey
|-damage|p2a: Comfey|71/100
|-resisted|p2a: Comfey
|-damage|p2a: Comfey|53/100
|-hitcount|p2a: Comfey|3
|
|-heal|p2a: Comfey|59/100|[from] item: Leftovers
|upkeep
|turn|13
|
|t:|1760854505
|move|p2a: Comfey|Draining Kiss|p1a: Sandslash
|-resisted|p1a: Sandslash
|-damage|p1a: Sandslash|0 fnt
|-heal|p2a: Comfey|76/100|[from] drain|[of] p1a: Sandslash
|faint|p1a: Sandslash
|
|-heal|p2a: Comfey|82/100|[from] item: Leftovers
|upkeep
|
|t:|1760854514
|switch|p1a: Meowscarada|Meowscarada, M, shiny|100/100
|turn|14
|
|t:|1760854517
|move|p2a: Comfey|Draining Kiss|p1a: Meowscarada
|-supereffective|p1a: Meowscarada
|-damage|p1a: Meowscarada|0 fnt
|-heal|p2a: Comfey|100/100|[from] drain|[of] p1a: Meowscarada
|faint|p1a: Meowscarada
|
|upkeep
|
|t:|1760854527
|switch|p1a: Chandelure|Chandelure, M|100/100
|turn|15
|
|t:|1760854531
|-terastallize|p1a: Chandelure|Grass
|move|p1a: Chandelure|Energy Ball|p2a: Comfey
|-supereffective|p2a: Comfey
|-damage|p2a: Comfey|2/100
|move|p2a: Comfey|Stored Power|p1a: Chandelure
|-damage|p1a: Chandelure|0 fnt
|faint|p1a: Chandelure
|
|-heal|p2a: Comfey|8/100|[from] item: Leftovers
|upkeep
|
|t:|1760854547
|switch|p1a: Slowking|Slowking-Galar, F|72/100
|turn|16
|
|t:|1760854554
|move|p2a: Comfey|Stored Power|p1a: Slowking
|-damage|p1a: Slowking|0 fnt
|faint|p1a: Slowking
|
|-heal|p2a: Comfey|15/100|[from] item: Leftovers
|upkeep
|-message|yixing_onestar forfeited.
|
|win|janky rabbit
|raw|yixing_onestar's rating: 1313 &rarr; <strong>1291</strong><br />(-22 for losing)
|raw|janky rabbit's rating: 1272 &rarr; <strong>1300</strong><br />(+28 for winning)
|l|☆yixing_onestar
|player|p1|
|l|☆janky rabbit
|player|p2|
